|j|☆bleepbopboop
|j|☆14#coder9
|html|bleepbopboop14#coder9    
|uhtml|bestof|Game 2 of a best-of-3
|t:|1756757719
|gametype|doubles
|player|p1|bleepbopboop|ethan|1105
|player|p2|14#coder9|unknown|1130
|gen|9
|tier|[Gen 9] VGC 2025 Reg H (Bo3)
|rated|
|rule|Species Clause: Limit one of each Pokémon
|rule|Item Clause: Limit 1 of each item
|clearpoke
|poke|p1|Excadrill, L50, F|
|poke|p1|Tyranitar, L50, F|
|poke|p1|Sneasler, L50, M|
|poke|p1|Indeedee, L50, M|
|poke|p1|Corviknight, L50, M|
|poke|p1|Annihilape, L50, F|
|poke|p2|Kingambit, L50, F|
|poke|p2|Electabuzz, L50, M|
|poke|p2|Dragapult, L50, M|
|poke|p2|Volcarona, L50, M|
|poke|p2|Rillaboom, L50, F|
|poke|p2|Ninetales-Alola, L50, M|
|teampreview|4
|showteam|p1|Excadrill||FocusSash|SandRush|IronHead,Earthquake,HighHorsepower,Protect|||F|||50|,,,,,Stellar]Tyranitar||AssaultVest|SandStream|RockSlide,KnockOff,TeraBlast,LowKick|||F|||50|,,,,,Flying]Sneasler||PsychicSeed|Unburden|DireClaw,CloseCombat,ThroatChop,Protect|||M|||50|,,,,,Dark]Indeedee||ChoiceScarf|PsychicSurge|ExpandingForce,TeraBlast,Trick,Protect|||M|||50|,,,,,Psychic]Corviknight||Leftovers|MirrorArmor|BraveBird,BulkUp,Roost,Tailwind|||M|||50|,,,,,Dragon]Annihilape||SafetyGoggles|Defiant|RageFist,CloseCombat,FinalGambit,Taunt|||F|||50|,,,,,Water
|showteam|p2|Kingambit||BlackGlasses|Defiant|Protect,KowtowCleave,SuckerPunch,SwordsDance|||F|||50|,,,,,Dark]Electabuzz||Eviolite|VitalSpirit|Protect,Thunderbolt,HelpingHand,FollowMe|||M|||50|,,,,,Ghost]Dragapult||ChoiceSpecs|ClearBody|DracoMeteor,ShadowBall,FireBlast,Uturn|||M|||50|,,,,,Steel]Volcarona||CovertCloak|FlameBody|Protect,HeatWave,GigaDrain,QuiverDance|||M|||50|,,,,,Fairy]Rillaboom||AssaultVest|GrassySurge|WoodHammer,GrassyGlide,Uturn,FakeOut|||F|||50|,,,,,Fire]Ninetales-Alola||LightClay|SnowWarning|FreezeDry,Moonblast,AuroraVeil,Protect|||M|||50|,,,,,Fire
|inactive|Battle timer is ON: inactive players will automatically lose when time's up. (requested by bleepbopboop)
|inactive|14#coder9 has 60 seconds left.
|
|t:|1756757775
|teamsize|p1|4
|teamsize|p2|4
|start
|switch|p1a: Tyranitar|Tyranitar, L50, F|100/100
|switch|p1b: Excadrill|Excadrill, L50, F|100/100
|switch|p2a: Volcarona|Volcarona, L50, M, shiny|100/100
|switch|p2b: Rillaboom|Rillaboom, L50, F|100/100
|-fieldstart|move: Grassy Terrain|[from] ability: Grassy Surge|[of] p2b: Rillaboom
|-weather|Sandstorm|[from] ability: Sand Stream|[of] p1a: Tyranitar
|turn|1
|inactive|bleepbopboop has 30 seconds left.
|inactive|14#coder9 has 30 seconds left.
|
|t:|1756757810
|-terastallize|p1a: Tyranitar|Flying
|move|p2b: Rillaboom|Fake Out|p1a: Tyranitar
|-damage|p1a: Tyranitar|89/100
|move|p1b: Excadrill|Earthquake|p2b: Rillaboom|[spread] p2a,p2b
|-immune|p1a: Tyranitar
|-resisted|p2b: Rillaboom
|-damage|p2a: Volcarona|75/100
|-damage|p2b: Rillaboom|91/100
|move|p2a: Volcarona|Heat Wave|p1b: Excadrill|[spread] p1a,p1b
|-supereffective|p1b: Excadrill
|-damage|p1a: Tyranitar|67/100
|-enditem|p1b: Excadrill|Focus Sash
|-damage|p1b: Excadrill|1/100
|cant|p1a: Tyranitar|flinch
|
|-weather|Sandstorm|[upkeep]
|-damage|p2a: Volcarona|69/100|[from] Sandstorm
|-damage|p2b: Rillaboom|86/100|[from] Sandstorm
|-damage|p1a: Tyranitar|61/100|[from] Sandstorm
|-heal|p1b: Excadrill|7/100|[from] Grassy Terrain
|-heal|p2a: Volcarona|75/100|[from] Grassy Terrain
|-heal|p2b: Rillaboom|91/100|[from] Grassy Terrain
|upkeep
|turn|2
|inactive|bleepbopboop has 30 seconds left.
|inactive|14#coder9 has 30 seconds left.
|inactive|bleepbopboop has 20 seconds left.
|inactive|14#coder9 has 20 seconds left.
|inactive|14#coder9 has 15 seconds left.
|inactive|14#coder9 has 10 seconds left.
|
|t:|1756757858
|move|p2a: Volcarona|Protect|p2a: Volcarona
|-singleturn|p2a: Volcarona|Protect
|move|p1b: Excadrill|Earthquake|p2a: Volcarona|[spread] p2b
|-activate|p2a: Volcarona|move: Protect
|-immune|p1a: Tyranitar
|-resisted|p2b: Rillaboom
|-damage|p2b: Rillaboom|82/100
|move|p2b: Rillaboom|U-turn|p1b: Excadrill
|-resisted|p1b: Excadrill
|-damage|p1b: Excadrill|0 fnt
|faint|p1b: Excadrill
|
|t:|1756757868
|switch|p2b: Ninetales|Ninetales-Alola, L50, M|100/100|[from] U-turn
|-weather|Snowscape|[from] ability: Snow Warning|[of] p2b: Ninetales
|move|p1a: Tyranitar|Rock Slide|p2a: Volcarona|[spread] p2b
|-activate|p2a: Volcarona|move: Protect
|-supereffective|p2b: Ninetales
|-damage|p2b: Ninetales|46/100
|
|-weather|Snowscape|[upkeep]
|-heal|p2b: Ninetales|51/100|[from] Grassy Terrain
|-heal|p2a: Volcarona|82/100|[from] Grassy Terrain
|upkeep
|
|t:|1756757887
|switch|p1b: Annihilape|Annihilape, L50, F|100/100
|turn|3
|
|t:|1756757908
|move|p2b: Ninetales|Moonblast|p1b: Annihilape
|-supereffective|p1b: Annihilape
|-damage|p1b: Annihilape|42/100
|move|p1b: Annihilape|Rage Fist|p2a: Volcarona
|-damage|p2a: Volcarona|33/100
|-status|p1b: Annihilape|brn|[from] ability: Flame Body|[of] p2a: Volcarona
|move|p2a: Volcarona|Heat Wave|p1b: Annihilape|[spread] p1a,p1b
|-crit|p1b: Annihilape
|-damage|p1a: Tyranitar|38/100
|-damage|p1b: Annihilape|0 fnt
|faint|p1b: Annihilape
|move|p1a: Tyranitar|Rock Slide|p2b: Ninetales|[spread] p2a,p2b
|-supereffective|p2a: Volcarona
|-crit|p2a: Volcarona
|-supereffective|p2b: Ninetales
|-damage|p2a: Volcarona|0 fnt
|-damage|p2b: Ninetales|0 fnt
|faint|p2a: Volcarona
|faint|p2b: Ninetales
|
|-weather|Snowscape|[upkeep]
|upkeep
|
|t:|1756757926
|switch|p2b: Kingambit|Kingambit, L50, F|100/100
|switch|p1b: Corviknight|Corviknight, L50, M|100/100
|switch|p2a: Rillaboom|Rillaboom, L50, F|82/100
|turn|4
|
|t:|1756757951
|-terastallize|p2a: Rillaboom|Fire
|move|p2b: Kingambit|Sucker Punch|p1a: Tyranitar
|-damage|p1a: Tyranitar|0 fnt
|faint|p1a: Tyranitar
|move|p2a: Rillaboom|Wood Hammer|p1b: Corviknight
|-resisted|p1b: Corviknight
|-damage|p1b: Corviknight|83/100
|-damage|p2a: Rillaboom|76/100|[from] Recoil
|move|p1b: Corviknight|Brave Bird|p2a: Rillaboom
|-damage|p2a: Rillaboom|31/100
|-damage|p1b: Corviknight|68/100|[from] Recoil
|
|-weather|Snowscape|[upkeep]
|-heal|p2a: Rillaboom|37/100|[from] Grassy Terrain
|-heal|p1b: Corviknight|74/100|[from] item: Leftovers
|upkeep
|turn|5
|
|t:|1756757972
|move|p2a: Rillaboom|Wood Hammer|p1b: Corviknight
|-resisted|p1b: Corviknight
|-damage|p1b: Corviknight|56/100
|-damage|p2a: Rillaboom|31/100|[from] Recoil
|move|p1b: Corviknight|Brave Bird|p2a: Rillaboom
|-damage|p2a: Rillaboom|0 fnt
|faint|p2a: Rillaboom
|-damage|p1b: Corviknight|46/100|[from] Recoil
|move|p2b: Kingambit|Swords Dance|p2b: Kingambit
|-boost|p2b: Kingambit|atk|2
|
|-weather|Snowscape|[upkeep]
|-heal|p1b: Corviknight|52/100|[from] item: Leftovers
|-fieldend|move: Grassy Terrain
|upkeep
|turn|6
|
|t:|1756757987
|move|p2b: Kingambit|Sucker Punch||[still]
|-fail|p2b: Kingambit
|move|p1b: Corviknight|Roost|p1b: Corviknight
|-heal|p1b: Corviknight|100/100
|-singleturn|p1b: Corviknight|move: Roost
|
|-weather|none
|upkeep
|turn|7
|
|t:|1756757997
|move|p1b: Corviknight|Bulk Up|p1b: Corviknight
|-boost|p1b: Corviknight|atk|1
|-boost|p1b: Corviknight|def|1
|move|p2b: Kingambit|Kowtow Cleave|p1b: Corviknight
|-damage|p1b: Corviknight|35/100
|
|-heal|p1b: Corviknight|40/100|[from] item: Leftovers
|upkeep
|turn|8
|
|t:|1756758007
|move|p1b: Corviknight|Brave Bird|p2b: Kingambit
|-resisted|p2b: Kingambit
|-damage|p2b: Kingambit|74/100
|-damage|p1b: Corviknight|32/100|[from] Recoil
|move|p2b: Kingambit|Kowtow Cleave|p1b: Corviknight
|-damage|p1b: Corviknight|0 fnt
|faint|p1b: Corviknight
|
|win|14#coder9
|inactive|bleepbopboop has 30 seconds to confirm battle start!
|inactive|14#coder9 has 30 seconds to confirm battle start!
|l|☆bleepbopboop
|player|p1|
||bleepbopboop is ready for game 3.
|inactive|14#coder9 has 20 seconds to confirm battle start!
||14#coder9 is ready for game 3.
|uhtml|next|Next: Game 3 of 3
