|j|☆mikelpoyarzabal
|j|☆Refanner
|html|mikelpoyarzabalRefanner    
|uhtml|bestof|Game 2 of a best-of-3
|t:|1783354444
|gametype|doubles
|player|p1|mikelpoyarzabal|arven-s|1184
|player|p2|Refanner|169|1131
|gen|9
|tier|[Gen 9 Champions] VGC 2026 Reg M-B (Bo3)
|rated|
|rule|Species Clause: Limit one of each Pokémon
|rule|Item Clause: Limit 1 of each item
|clearpoke
|poke|p1|Incineroar, L50, F|
|poke|p1|Sinistcha, L50|
|poke|p1|Sneasler, L50, M|
|poke|p1|Blastoise, L50, F|
|poke|p1|Delphox, L50, F|
|poke|p1|Kingambit, L50, M|
|poke|p2|Grimmsnarl, L50, M|
|poke|p2|Venusaur, L50, F|
|poke|p2|Pelipper, L50, M|
|poke|p2|Archaludon, L50, F|
|poke|p2|Swampert, L50, M|
|poke|p2|Hydreigon, L50, F|
|teampreview|4
|showteam|p1|Incineroar||SitrusBerry|Intimidate|FakeOut,FlareBlitz,DarkestLariat,PartingShot|Impish||F|||50|]Sinistcha||OccaBerry|Hospitality|MatchaGotcha,TrickRoom,RagePowder,Protect|Bold|||||50|]Sneasler||FocusSash|PoisonTouch|FakeOut,CloseCombat,PoisonJab,RockTomb|Jolly||M|||50|]Blastoise||Blastoisinite|Torrent|WaterSpout,DarkPulse,ShellSmash,Protect|Modest||F|||50|]Delphox||Delphoxite|Blaze|HeatWave,Psychic,NastyPlot,Protect|Timid||F|||50|]Kingambit||LifeOrb|Defiant|SwordsDance,Protect,KowtowCleave,SuckerPunch|Adamant||M|||50|
|showteam|p2|Grimmsnarl||LightClay|Prankster|FoulPlay,Reflect,PartingShot,LightScreen|Careful||M|||50|]Venusaur||Venusaurite|Overgrow|EarthPower,GigaDrain,SludgeBomb,Protect|Modest||F|||50|]Pelipper||SitrusBerry|Drizzle|Hurricane,WeatherBall,WideGuard,Tailwind|Calm||M|||50|]Archaludon||Leftovers|Stamina|DragonPulse,ElectroShot,FlashCannon,Protect|Modest||F|||50|]Swampert||Swampertite|Torrent|WaveCrash,Earthquake,Protect,IcePunch|Adamant||M|||50|]Hydreigon||ChoiceScarf|Levitate|DracoMeteor,Snarl,DarkPulse,Uturn|Timid||F|||50|
|inactive|Battle timer is ON: inactive players will automatically lose when time's up. (requested by mikelpoyarzabal)
|inactive|Refanner has 60 seconds left.
|inactive|Refanner has 30 seconds left.
|inactive|Refanner has 20 seconds left.
|
|t:|1783354516
|teamsize|p1|4
|teamsize|p2|4
|start
|switch|p1a: Sneasler|Sneasler, L50, M|100/100
|switch|p1b: Blastoise|Blastoise, L50, F|100/100
|switch|p2a: Pelipper|Pelipper, L50, M|100/100
|switch|p2b: Hydreigon|Hydreigon, L50, F|100/100
|-weather|RainDance|[from] ability: Drizzle|[of] p2a: Pelipper
|turn|1
|
|t:|1783354538
|switch|p1b: Kingambit|Kingambit, L50, M|100/100
|move|p2b: Hydreigon|U-turn|p1a: Sneasler
|-resisted|p1a: Sneasler|2
|-damage|p1a: Sneasler|93/100
|
|t:|1783354550
|switch|p2b: Swampert|Swampert, L50, M|100/100|[from] U-turn
|move|p1a: Sneasler|Close Combat|p2b: Swampert
|-damage|p2b: Swampert|27/100
|-unboost|p1a: Sneasler|def|1
|-unboost|p1a: Sneasler|spd|1
|move|p2a: Pelipper|Tailwind|p2a: Pelipper
|-sidestart|p2: Refanner|move: Tailwind
|
|-weather|RainDance|[upkeep]
|upkeep
|turn|2
|
|t:|1783354570
|switch|p2b: Archaludon|Archaludon, L50, F|100/100
|switch|p1a: Blastoise|Blastoise, L50, F|100/100
|move|p1b: Kingambit|Sucker Punch||[still]
|-fail|p1b: Kingambit
|move|p2a: Pelipper|Hurricane|p1a: Blastoise
|-damage|p1a: Blastoise|57/100
|
|-weather|RainDance|[upkeep]
|upkeep
|turn|3
|
|t:|1783354587
|move|p1a: Blastoise|Protect|p1a: Blastoise
|-singleturn|p1a: Blastoise|Protect
|move|p2b: Archaludon|Electro Shot||[still]
|-prepare|p2b: Archaludon|Electro Shot
|-boost|p2b: Archaludon|spa|1
|-anim|p2b: Archaludon|Electro Shot|p1b: Kingambit
|-damage|p1b: Kingambit|40/100
|move|p2a: Pelipper|Weather Ball|p1b: Kingambit
|-damage|p1b: Kingambit|0 fnt
|faint|p1b: Kingambit
|
|-weather|RainDance|[upkeep]
|upkeep
|
|t:|1783354593
|switch|p1b: Sinistcha|Sinistcha, L50|100/100
|-heal|p1a: Blastoise|81/100|[from] ability: Hospitality|[of] p1b: Sinistcha
|turn|4
|
|t:|1783354604
|move|p1b: Sinistcha|Rage Powder|p1b: Sinistcha
|-singleturn|p1b: Sinistcha|move: Rage Powder
|move|p2b: Archaludon|Electro Shot||[still]
|-prepare|p2b: Archaludon|Electro Shot
|-boost|p2b: Archaludon|spa|1
|-anim|p2b: Archaludon|Electro Shot|p1b: Sinistcha
|-resisted|p1b: Sinistcha|1
|-damage|p1b: Sinistcha|63/100
|move|p2a: Pelipper|Hurricane|p1b: Sinistcha
|-supereffective|p1b: Sinistcha|1
|-damage|p1b: Sinistcha|1/100
|move|p1a: Blastoise|Shell Smash|p1a: Blastoise
|-unboost|p1a: Blastoise|def|1
|-unboost|p1a: Blastoise|spd|1
|-boost|p1a: Blastoise|atk|2
|-boost|p1a: Blastoise|spa|2
|-boost|p1a: Blastoise|spe|2
|
|-weather|RainDance|[upkeep]
|-sideend|p2: Refanner|move: Tailwind
|upkeep
|turn|5
|inactive|Refanner has 30 seconds left.
|
|t:|1783354631
|detailschange|p1a: Blastoise|Blastoise-Mega, L50, F
|-mega|p1a: Blastoise|Blastoise|Blastoisinite
|move|p2a: Pelipper|Wide Guard|p2a: Pelipper
|-singleturn|p2a: Pelipper|Wide Guard
|move|p1b: Sinistcha|Rage Powder|p1b: Sinistcha
|-singleturn|p1b: Sinistcha|move: Rage Powder
|move|p1a: Blastoise|Dark Pulse|p2a: Pelipper
|-damage|p2a: Pelipper|0 fnt
|faint|p2a: Pelipper
|move|p2b: Archaludon|Dragon Pulse|p1b: Sinistcha
|-damage|p1b: Sinistcha|0 fnt
|faint|p1b: Sinistcha
|
|-weather|none
|upkeep
|
|t:|1783354645
|switch|p1b: Sneasler|Sneasler, L50, M|93/100
|switch|p2a: Hydreigon|Hydreigon, L50, F|100/100
|turn|6
|
|t:|1783354660
|switch|p2a: Swampert|Swampert, L50, M|27/100
|move|p2b: Archaludon|Protect|p2b: Archaludon
|-singleturn|p2b: Archaludon|Protect
|move|p1b: Sneasler|Fake Out|p2a: Swampert
|-damage|p2a: Swampert|12/100
|-status|p2a: Swampert|psn|[from] ability: Poison Touch|[of] p1b: Sneasler
|move|p1a: Blastoise|Dark Pulse|p2b: Archaludon
|-activate|p2b: Archaludon|move: Protect
|
|-damage|p2a: Swampert|0 fnt|[from] psn
|faint|p2a: Swampert
|upkeep
|
|t:|1783354672
|switch|p2a: Hydreigon|Hydreigon, L50, F|100/100
|turn|7
|inactive|Refanner has 30 seconds left.
|
|t:|1783354700
|move|p1a: Blastoise|Protect|p1a: Blastoise
|-singleturn|p1a: Blastoise|Protect
|move|p2a: Hydreigon|Draco Meteor|p1b: Sneasler
|-damage|p1b: Sneasler|0 fnt
|-unboost|p2a: Hydreigon|spa|2
|faint|p1b: Sneasler
|move|p2b: Archaludon|Dragon Pulse|p1a: Blastoise
|-activate|p1a: Blastoise|move: Protect
|
|upkeep
|turn|8
|
|t:|1783354711
|move|p1a: Blastoise|Dark Pulse|p2b: Archaludon
|-damage|p2b: Archaludon|10/100
|-ability|p2b: Archaludon|Stamina|boost
|-boost|p2b: Archaludon|def|1
|move|p2a: Hydreigon|Draco Meteor|p1a: Blastoise
|-damage|p1a: Blastoise|29/100
|-unboost|p2a: Hydreigon|spa|2
|cant|p2b: Archaludon|flinch
|
|-heal|p2b: Archaludon|16/100|[from] item: Leftovers
|upkeep
|turn|9
|
|t:|1783354724
|move|p2b: Archaludon|Protect|p2b: Archaludon
|-singleturn|p2b: Archaludon|Protect
|move|p1a: Blastoise|Dark Pulse|p2a: Hydreigon
|-resisted|p2a: Hydreigon|1
|-damage|p2a: Hydreigon|46/100
|move|p2a: Hydreigon|Draco Meteor|p1a: Blastoise|[miss]
|-miss|p2a: Hydreigon|p1a: Blastoise
|
|-heal|p2b: Archaludon|22/100|[from] item: Leftovers
|upkeep
|turn|10
|
|t:|1783354736
|move|p1a: Blastoise|Dark Pulse|p2b: Archaludon
|-crit|p2b: Archaludon
|-damage|p2b: Archaludon|0 fnt
|faint|p2b: Archaludon
|move|p2a: Hydreigon|Draco Meteor|p1a: Blastoise
|-damage|p1a: Blastoise|0 fnt
|-unboost|p2a: Hydreigon|spa|2
|faint|p1a: Blastoise
|
|win|Refanner
|raw|mikelpoyarzabal's rating: 1184 → 1155(-29 for losing)
|raw|Refanner's rating: 1131 → 1160(+29 for winning)
|l|☆mikelpoyarzabal
|player|p1|
