|j|☆palermo2222
|j|☆elpibevgc
|html|palermo2222elpibevgc    
|uhtml|bestof|Game 1 of a best-of-3
|t:|1785451193
|gametype|doubles
|player|p1|palermo2222|1|1051
|player|p2|elpibevgc|lucas|1000
|gen|9
|tier|[Gen 9 Champions] VGC 2026 Reg M-B (Bo3)
|rated|
|rule|Species Clause: Limit one of each Pokémon
|rule|Item Clause: Limit 1 of each item
|clearpoke
|poke|p1|Pelipper, L50, F|
|poke|p1|Archaludon, L50, M|
|poke|p1|Swampert, L50, M|
|poke|p1|Raichu, L50, M|
|poke|p1|Sneasler, L50, F|
|poke|p1|Sinistcha, L50|
|poke|p2|Gholdengo, L50|
|poke|p2|Milotic, L50, M|
|poke|p2|Tsareena, L50, F, shiny|
|poke|p2|Garchomp, L50, M|
|poke|p2|Talonflame, L50, F, shiny|
|poke|p2|Raichu, L50, M|
|teampreview|4
|showteam|p1|Pelipper||SitrusBerry|Drizzle|WeatherBall,Hurricane,Tailwind,WideGuard|Bold||F|||50|]Archaludon||Leftovers|Stamina|ElectroShot,DragonPulse,FlashCannon,Protect|Modest||M|||50|]Swampert||Swampertite|Torrent|WaveCrash,Earthquake,IcePunch,Protect|Adamant||M|||50|]Raichu||RaichuniteY|LightningRod|ZapCannon,FocusBlast,FakeOut,Protect|Timid||M|||50|]Sneasler||FocusSash|Unburden|CloseCombat,DireClaw,Protect,FakeOut|Adamant||F|||50|]Sinistcha||KasibBerry|Hospitality|MatchaGotcha,LifeDew,RagePowder,Protect|Bold|||||50|
|showteam|p2|Gholdengo||ChoiceScarf|GoodasGold|MakeItRain,PowerGem,ShadowBall,Trick|Timid|||||50|]Milotic||Leftovers|Competitive|Recover,IcyWind,Scald,Haze|Calm||M|||50|]Tsareena||WideLens|QueenlyMajesty|Protect,TripleAxel,PowerWhip,Taunt|Adamant||F|||50|]Garchomp||LifeOrb|RoughSkin|DragonClaw,RockSlide,StompingTantrum,Protect|Adamant||M|||50|]Talonflame||FocusSash|GaleWings|Tailwind,DualWingbeat,Overheat,Protect|Hasty||F|||50|]Raichu||RaichuniteY|LightningRod|FakeOut,Protect,ZapCannon,FocusBlast|Timid||M|||50|
|
|t:|1785451238
|teamsize|p1|4
|teamsize|p2|4
|start
|switch|p1a: Pelipper|Pelipper, L50, F|100/100
|switch|p1b: Swampert|Swampert, L50, M|100/100
|switch|p2a: Gholdengo|Gholdengo, L50|100/100
|switch|p2b: Raichu|Raichu, L50, M|100/100
|-weather|RainDance|[from] ability: Drizzle|[of] p1a: Pelipper
|turn|1
|
|t:|1785451268
|switch|p2a: Tsareena|Tsareena, L50, F, shiny|100/100
|detailschange|p2b: Raichu|Raichu-Mega-Y, L50, M
|-mega|p2b: Raichu|Raichu|Raichunite Y
|detailschange|p1b: Swampert|Swampert-Mega, L50, M
|-mega|p1b: Swampert|Swampert|Swampertite
|move|p2b: Raichu|Fake Out|p1b: Swampert
|-damage|p1b: Swampert|91/100
|cant|p1b: Swampert|flinch
|move|p1a: Pelipper|Tailwind|p1a: Pelipper
|-sidestart|p1: palermo2222|move: Tailwind
|
|-weather|RainDance|[upkeep]
|upkeep
|turn|2
|
|t:|1785451294
|switch|p2b: Milotic|Milotic, L50, M|100/100
|move|p2a: Tsareena|Protect|p2a: Tsareena
|-singleturn|p2a: Tsareena|Protect
|move|p1b: Swampert|Earthquake|p2a: Tsareena|[spread] p2b
|-activate|p2a: Tsareena|move: Protect
|-immune|p1a: Pelipper
|-crit|p2b: Milotic
|-damage|p2b: Milotic|25/100
|move|p1a: Pelipper|Hurricane|p2a: Tsareena
|-activate|p2a: Tsareena|move: Protect
|
|-weather|RainDance|[upkeep]
|-heal|p2b: Milotic|31/100|[from] item: Leftovers
|upkeep
|turn|3
|
|t:|1785451320
|move|p1b: Swampert|Earthquake|p2b: Milotic|[spread] p2a,p2b
|-immune|p1a: Pelipper
|-resisted|p2a: Tsareena|1
|-damage|p2a: Tsareena|69/100
|-damage|p2b: Milotic|0 fnt
|faint|p2b: Milotic
|move|p1a: Pelipper|Hurricane|p2a: Tsareena
|-supereffective|p2a: Tsareena|1
|-damage|p2a: Tsareena|0 fnt
|faint|p2a: Tsareena
|
|-weather|RainDance|[upkeep]
|upkeep
|
|t:|1785451330
|switch|p2a: Gholdengo|Gholdengo, L50|100/100
|switch|p2b: Raichu|Raichu-Mega-Y, L50, M|100/100
|turn|4
|
|t:|1785451365
|move|p2b: Raichu|Fake Out|p1b: Swampert
|-damage|p1b: Swampert|83/100
|cant|p1b: Swampert|flinch
|move|p2a: Gholdengo|Trick|p1a: Pelipper
|-activate|p2a: Gholdengo|move: Trick|[of] p1a: Pelipper
|-item|p1a: Pelipper|Choice Scarf|[from] move: Trick
|-item|p2a: Gholdengo|Sitrus Berry|[from] move: Trick
|move|p1a: Pelipper|Weather Ball|p2a: Gholdengo
|-damage|p2a: Gholdengo|46/100
|-enditem|p2a: Gholdengo|Sitrus Berry|[eat]
|-heal|p2a: Gholdengo|71/100|[from] item: Sitrus Berry
|
|-weather|RainDance|[upkeep]
|-sideend|p1: palermo2222|move: Tailwind
|upkeep
|turn|5
|
|t:|1785451403
|move|p1b: Swampert|Earthquake|p2b: Raichu|[spread] p2a,p2b
|-immune|p1a: Pelipper
|-supereffective|p2a: Gholdengo|1
|-supereffective|p2b: Raichu|1
|-crit|p2b: Raichu
|-damage|p2a: Gholdengo|0 fnt
|-damage|p2b: Raichu|0 fnt
|faint|p2a: Gholdengo
|faint|p2b: Raichu
|
|win|palermo2222
||palermo2222 is ready for game 2.
|inactive|elpibevgc has 30 seconds to confirm battle start!
