|j|☆sol n luna
|j|☆mysteriousmothman
|html|sol n lunamysteriousmothman    
|uhtml|bestof|Game 1 of a best-of-3
|t:|1756420026
|gametype|doubles
|player|p1|sol n luna|caitlin|1248
|player|p2|mysteriousmothman|skier|1207
|gen|9
|tier|[Gen 9] VGC 2025 Reg H (Bo3)
|rated|
|rule|Species Clause: Limit one of each Pokémon
|rule|Item Clause: Limit 1 of each item
|clearpoke
|poke|p1|Kingambit, L50, F|
|poke|p1|Rillaboom, L50, F|
|poke|p1|Electabuzz, L50, M|
|poke|p1|Volcarona, L50, M|
|poke|p1|Sneasler, L50, F|
|poke|p1|Dragonite, L50, M|
|poke|p2|Porygon2, L50|
|poke|p2|Hydreigon, L50, M|
|poke|p2|Incineroar, L50, M|
|poke|p2|Garchomp, L50, M|
|poke|p2|Amoonguss, L50, M|
|poke|p2|Gholdengo, L50|
|teampreview|4
|showteam|p1|Kingambit||BlackGlasses|Defiant|Protect,KowtowCleave,SuckerPunch,SwordsDance|||F|||50|,,,,,Dark]Rillaboom||AssaultVest|GrassySurge|WoodHammer,GrassyGlide,Uturn,FakeOut|||F|||50|,,,,,Fire]Electabuzz||Eviolite|VitalSpirit|Protect,Thunderbolt,HelpingHand,FollowMe|||M|||50|,,,,,Ghost]Volcarona||CovertCloak|FlameBody|Protect,HeatWave,TeraBlast,QuiverDance|||M|||50|,,,,,Fairy]Sneasler||FocusSash|Unburden|CloseCombat,DireClaw,Coaching,FakeOut|||F|||50|,,,,,Stellar]Dragonite||LoadedDice|Multiscale|ScaleShot,Haze,ExtremeSpeed,Protect|||M|||50|,,,,,Fairy
|showteam|p2|Porygon2||Eviolite|Download|TeraBlast,IceBeam,TrickRoom,Recover||||||50|,,,,,Fighting]Hydreigon||SafetyGoggles|Levitate|Snarl,DracoMeteor,Tailwind,Protect|||M|||50|,,,,,Ghost]Incineroar||SitrusBerry|Intimidate|FlareBlitz,KnockOff,PartingShot,FakeOut|||M|||50|,,,,,Grass]Garchomp||LoadedDice|RoughSkin|ScaleShot,Earthquake,StompingTantrum,Protect|||M|||50|,,,,,Fire]Amoonguss||CovertCloak|Regenerator|PollenPuff,Spore,RagePowder,Protect|||M|||50|,,,,,Fire]Gholdengo||MetalCoat|GoodasGold|MakeItRain,ShadowBall,NastyPlot,Protect||||||50|,,,,,Flying
|inactive|Battle timer is ON: inactive players will automatically lose when time's up. (requested by sol n luna)
|inactive|sol n luna has 60 seconds left.
|inactive|mysteriousmothman has 60 seconds left.
|
|t:|1756420074
|teamsize|p1|4
|teamsize|p2|4
|start
|switch|p1a: Volcarona|Volcarona, L50, M|100/100
|switch|p1b: Rillaboom|Rillaboom, L50, F|100/100
|switch|p2a: Hydreigon|Hydreigon, L50, M, shiny|100/100
|switch|p2b: Porygon2|Porygon2, L50, shiny|100/100
|-fieldstart|move: Grassy Terrain|[from] ability: Grassy Surge|[of] p1b: Rillaboom
|-ability|p2b: Porygon2|Download|boost
|-boost|p2b: Porygon2|atk|1
|turn|1
|inactive|sol n luna has 30 seconds left.
|inactive|mysteriousmothman has 30 seconds left.
|inactive|sol n luna has 20 seconds left.
|inactive|sol n luna has 15 seconds left.
|inactive|sol n luna has 10 seconds left.
|
|t:|1756420120
|switch|p2b: Garchomp|Garchomp, L50, M, shiny|100/100
|-terastallize|p1a: Volcarona|Fairy
|move|p1b: Rillaboom|Fake Out|p2b: Garchomp
|-damage|p2b: Garchomp|86/100
|-damage|p1b: Rillaboom|88/100|[from] ability: Rough Skin|[of] p2b: Garchomp
|move|p2a: Hydreigon|Tailwind|p2a: Hydreigon
|-sidestart|p2: mysteriousmothman|move: Tailwind
|move|p1a: Volcarona|Tera Blast|p2a: Hydreigon|[anim] Tera Blast Fairy
|-supereffective|p2a: Hydreigon
|-damage|p2a: Hydreigon|0 fnt
|faint|p2a: Hydreigon
|
|-heal|p2b: Garchomp|92/100|[from] Grassy Terrain
|-heal|p1b: Rillaboom|94/100|[from] Grassy Terrain
|upkeep
|
|t:|1756420135
|switch|p2a: Gholdengo|Gholdengo, L50, shiny|100/100
|turn|2
|inactive|sol n luna has 30 seconds left.
|
|t:|1756420160
|-terastallize|p2b: Garchomp|Fire
|move|p1a: Volcarona|Protect|p1a: Volcarona
|-singleturn|p1a: Volcarona|Protect
|move|p2b: Garchomp|Scale Shot|p1b: Rillaboom
|-damage|p1b: Rillaboom|81/100
|-damage|p1b: Rillaboom|68/100
|-damage|p1b: Rillaboom|54/100
|-crit|p1b: Rillaboom
|-damage|p1b: Rillaboom|33/100
|-damage|p1b: Rillaboom|20/100
|-hitcount|p1b: Rillaboom|5
|-unboost|p2b: Garchomp|def|1
|-boost|p2b: Garchomp|spe|1
|move|p2a: Gholdengo|Nasty Plot|p2a: Gholdengo
|-boost|p2a: Gholdengo|spa|2
|move|p1b: Rillaboom|U-turn|p2a: Gholdengo
|-resisted|p2a: Gholdengo
|-damage|p2a: Gholdengo|95/100
|
|t:|1756420179
|switch|p1b: Kingambit|Kingambit, L50, F|100/100|[from] U-turn
|
|-heal|p2b: Garchomp|98/100|[from] Grassy Terrain
|-heal|p2a: Gholdengo|100/100|[from] Grassy Terrain
|upkeep
|turn|3
|inactive|sol n luna has 30 seconds left.
|
|t:|1756420208
|move|p1b: Kingambit|Protect|p1b: Kingambit
|-singleturn|p1b: Kingambit|Protect
|move|p2b: Garchomp|Stomping Tantrum|p1b: Kingambit
|-activate|p1b: Kingambit|move: Protect
|move|p2a: Gholdengo|Make It Rain|p1a: Volcarona|[spread] p1a
|-activate|p1b: Kingambit|move: Protect
|-supereffective|p1a: Volcarona
|-damage|p1a: Volcarona|0 fnt
|-unboost|p2a: Gholdengo|spa|1
|faint|p1a: Volcarona
|
|-heal|p2b: Garchomp|100/100|[from] Grassy Terrain
|upkeep
|
|t:|1756420230
|switch|p1a: Electabuzz|Electabuzz, L50, M|100/100
|turn|4
|inactive|mysteriousmothman has 30 seconds left.
|inactive|sol n luna has 30 seconds left.
|
|t:|1756420265
|move|p1a: Electabuzz|Helping Hand|p1b: Kingambit
|-singleturn|p1b: Kingambit|Helping Hand|[of] p1a: Electabuzz
|move|p2a: Gholdengo|Protect|p2a: Gholdengo
|-singleturn|p2a: Gholdengo|Protect
|move|p1b: Kingambit|Sucker Punch||[still]
|-fail|p1b: Kingambit
|move|p2b: Garchomp|Stomping Tantrum|p1a: Electabuzz
|-supereffective|p1a: Electabuzz
|-damage|p1a: Electabuzz|28/100
|
|-heal|p1a: Electabuzz|34/100|[from] Grassy Terrain
|-sideend|p2: mysteriousmothman|move: Tailwind
|upkeep
|turn|5
|inactive|sol n luna has 30 seconds left.
|
|t:|1756420298
|switch|p2a: Porygon2|Porygon2, L50, shiny|100/100
|-ability|p2a: Porygon2|Download|boost
|-boost|p2a: Porygon2|spa|1
|move|p1a: Electabuzz|Protect|p1a: Electabuzz
|-singleturn|p1a: Electabuzz|Protect
|move|p2b: Garchomp|Stomping Tantrum|p1b: Kingambit
|-supereffective|p1b: Kingambit
|-damage|p1b: Kingambit|42/100
|move|p1b: Kingambit|Swords Dance|p1b: Kingambit
|-boost|p1b: Kingambit|atk|2
|
|-heal|p1a: Electabuzz|40/100|[from] Grassy Terrain
|-heal|p1b: Kingambit|47/100|[from] Grassy Terrain
|-fieldend|move: Grassy Terrain
|upkeep
|turn|6
|inactive|mysteriousmothman has 30 seconds left.
|
|t:|1756420329
|move|p1a: Electabuzz|Follow Me|p1a: Electabuzz
|-singleturn|p1a: Electabuzz|move: Follow Me
|move|p2b: Garchomp|Stomping Tantrum|p1a: Electabuzz
|-supereffective|p1a: Electabuzz
|-damage|p1a: Electabuzz|0 fnt
|faint|p1a: Electabuzz
|move|p2a: Porygon2|Tera Blast|p1b: Kingambit
|-resisted|p1b: Kingambit
|-damage|p1b: Kingambit|20/100
|move|p1b: Kingambit|Kowtow Cleave|p2b: Garchomp
|-damage|p2b: Garchomp|0 fnt
|-damage|p1b: Kingambit|8/100|[from] ability: Rough Skin|[of] p2b: Garchomp
|faint|p2b: Garchomp
|
|upkeep
|
|t:|1756420342
|switch|p2b: Gholdengo|Gholdengo, L50, shiny|100/100
|switch|p1a: Rillaboom|Rillaboom, L50, F|20/100
|-fieldstart|move: Grassy Terrain|[from] ability: Grassy Surge|[of] p1a: Rillaboom
|turn|7
|
|t:|1756420366
|move|p1a: Rillaboom|Fake Out|p2a: Porygon2
|-damage|p2a: Porygon2|92/100
|move|p2b: Gholdengo|Nasty Plot|p2b: Gholdengo
|-boost|p2b: Gholdengo|spa|2
|cant|p2a: Porygon2|flinch
|move|p1b: Kingambit|Kowtow Cleave|p2a: Porygon2
|-damage|p2a: Porygon2|13/100
|
|-heal|p1a: Rillaboom|26/100|[from] Grassy Terrain
|-heal|p2a: Porygon2|19/100|[from] Grassy Terrain
|-heal|p1b: Kingambit|14/100|[from] Grassy Terrain
|upkeep
|turn|8
|
|t:|1756420380
|move|p1a: Rillaboom|Grassy Glide|p2a: Porygon2
|-damage|p2a: Porygon2|0 fnt
|faint|p2a: Porygon2
|move|p1b: Kingambit|Sucker Punch|p2b: Gholdengo
|-supereffective|p2b: Gholdengo
|-damage|p2b: Gholdengo|0 fnt
|faint|p2b: Gholdengo
|
|win|sol n luna
||mysteriousmothman is ready for game 2.
||sol n luna is ready for game 2.
|uhtml|next|Next: Game 2 of 3
|l|☆mysteriousmothman
|player|p2|
