|j|☆jowemama
|j|☆Julio Potencia
|html|jowemamaJulio Potencia    
|uhtml|bestof|Game 2 of a best-of-3
|t:|1756564703
|gametype|doubles
|player|p1|jowemama|scientistf|1097
|player|p2|Julio Potencia|biker-gen4|1132
|gen|9
|tier|[Gen 9] VGC 2025 Reg H (Bo3)
|rated|
|rule|Species Clause: Limit one of each Pokémon
|rule|Item Clause: Limit 1 of each item
|clearpoke
|poke|p1|Pelipper, L50, F|
|poke|p1|Archaludon, L50, M|
|poke|p1|Dragonite, L50, F|
|poke|p1|Incineroar, L50, F|
|poke|p1|Ursaluna, L50, M|
|poke|p1|Sinistcha, L50|
|poke|p2|Typhlosion-Hisui, L50, F|
|poke|p2|Dragapult, L50, F|
|poke|p2|Lilligant-Hisui, L50, F|
|poke|p2|Whimsicott, L50, M|
|poke|p2|Torkoal, L50, M|
|poke|p2|Electabuzz, L50, F|
|teampreview|4
|showteam|p1|Pelipper||FocusSash|Drizzle|WeatherBall,Hurricane,Tailwind,Protect|||F|||50|,,,,,Ghost]Archaludon||AssaultVest|Stamina|FlashCannon,ElectroShot,BodyPress,Snarl|||M|||50|,,,,,Bug]Dragonite||LoadedDice|Multiscale|ScaleShot,Tailwind,Haze,Protect|||F|||50|,,,,,Fairy]Incineroar||SafetyGoggles|Intimidate|KnockOff,WillOWisp,PartingShot,FakeOut|||F|||50|,,,,,Bug]Ursaluna||FlameOrb|Guts|Facade,HeadlongRush,Earthquake,Protect|||M|||50|,,,,,Ghost]Sinistcha||SitrusBerry|Hospitality|MatchaGotcha,LifeDew,RagePowder,TrickRoom||||||50|,,,,,Dark
|showteam|p2|Typhlosion-Hisui||ChoiceSpecs|Frisk|FocusBlast,ShadowBall,HeatWave,Eruption|||F|||50|,,,,,Fire]Dragapult||ChoiceBand|ClearBody|DragonDarts,PhantomForce,Uturn,SuckerPunch|||F|||50|,,,,,Dragon]Lilligant-Hisui||FocusSash|Chlorophyll|LeafBlade,SleepPowder,AfterYou,CloseCombat|||F|||50|,,,,,Ghost]Whimsicott||CovertCloak|Prankster|Moonblast,Tailwind,SunnyDay,TrickRoom|||M|||50|,,,,,Dark]Torkoal||LifeOrb|Drought|Overheat,Eruption,WeatherBall,Protect|||M|||50|,,,,,Fire]Electabuzz||Eviolite|Static|FollowMe,VoltSwitch,Taunt,Feint|||F|||50|,,,,,Ghost
|inactive|Battle timer is ON: inactive players will automatically lose when time's up. (requested by jowemama)
|inactive|jowemama has 60 seconds left.
|
|t:|1756564744
|teamsize|p1|4
|teamsize|p2|4
|start
|switch|p1a: Incineroar|Incineroar, L50, F|100/100
|switch|p1b: Dragonite|Dragonite, L50, F|100/100
|switch|p2a: Whimsicott|Whimsicott, L50, M|100/100
|switch|p2b: Typhlosion|Typhlosion-Hisui, L50, F|100/100
|-item|p1a: Incineroar|Safety Goggles|[from] ability: Frisk|[of] p2b: Typhlosion
|-item|p1b: Dragonite|Loaded Dice|[from] ability: Frisk|[of] p2b: Typhlosion
|-ability|p1a: Incineroar|Intimidate|boost
|-unboost|p2a: Whimsicott|atk|1
|-unboost|p2b: Typhlosion|atk|1
|turn|1
|inactive|jowemama has 30 seconds left.
|
|t:|1756564771
|move|p1b: Dragonite|Protect|p1b: Dragonite
|-singleturn|p1b: Dragonite|Protect
|move|p2a: Whimsicott|Sunny Day|p2a: Whimsicott
|-weather|SunnyDay
|move|p2b: Typhlosion|Eruption|p1b: Dragonite|[spread] p1a
|-activate|p1b: Dragonite|move: Protect
|-resisted|p1a: Incineroar
|-damage|p1a: Incineroar|35/100
|move|p1a: Incineroar|Knock Off|p2b: Typhlosion
|-supereffective|p2b: Typhlosion
|-damage|p2b: Typhlosion|0 fnt
|-enditem|p2b: Typhlosion|Choice Specs|[from] move: Knock Off|[of] p1a: Incineroar
|faint|p2b: Typhlosion
|
|-weather|SunnyDay|[upkeep]
|upkeep
|
|t:|1756564789
|switch|p2b: Dragapult|Dragapult, L50, F|100/100
|turn|2
|
|t:|1756564806
|switch|p1a: Ursaluna|Ursaluna, L50, M|100/100
|move|p2b: Dragapult|U-turn|p1b: Dragonite
|-resisted|p1b: Dragonite
|-damage|p1b: Dragonite|90/100
|
|t:|1756564811
|switch|p2b: Torkoal|Torkoal, L50, M|100/100|[from] U-turn
|move|p2a: Whimsicott|Moonblast|p1a: Ursaluna
|-damage|p1a: Ursaluna|74/100
|move|p1b: Dragonite|Scale Shot|p2b: Torkoal|[miss]
|-miss|p1b: Dragonite|p2b: Torkoal
|
|-weather|SunnyDay|[upkeep]
|-status|p1a: Ursaluna|brn|[from] item: Flame Orb
|upkeep
|turn|3
|
|t:|1756564828
|move|p2a: Whimsicott|Tailwind|p2a: Whimsicott
|-sidestart|p2: Julio Potencia|move: Tailwind
|move|p1b: Dragonite|Tailwind|p1b: Dragonite
|-sidestart|p1: jowemama|move: Tailwind
|move|p1a: Ursaluna|Earthquake|p2b: Torkoal|[spread] p2a,p2b
|-immune|p1b: Dragonite
|-resisted|p2a: Whimsicott
|-supereffective|p2b: Torkoal
|-damage|p2a: Whimsicott|55/100
|-damage|p2b: Torkoal|1/100
|move|p2b: Torkoal|Overheat|p1a: Ursaluna
|-damage|p1a: Ursaluna|0 fnt
|-unboost|p2b: Torkoal|spa|2
|faint|p1a: Ursaluna
|-damage|p2b: Torkoal|0 fnt|[from] item: Life Orb
|faint|p2b: Torkoal
|
|-weather|SunnyDay|[upkeep]
|upkeep
|inactive|jowemama has 30 seconds left.
|
|t:|1756564856
|switch|p1a: Pelipper|Pelipper, L50, F|100/100
|switch|p2b: Dragapult|Dragapult, L50, F|100/100
|-weather|RainDance|[from] ability: Drizzle|[of] p1a: Pelipper
|turn|4
|
|t:|1756564879
|-terastallize|p1b: Dragonite|Fairy
|move|p2b: Dragapult|Dragon Darts|p1a: Pelipper
|-damage|p1a: Pelipper|48/100
|-anim|p2b: Dragapult|Dragon Darts|p1a: Pelipper
|-damage|p1a: Pelipper|0 fnt
|faint|p1a: Pelipper
|move|p2a: Whimsicott|Moonblast|p1b: Dragonite
|-damage|p1b: Dragonite|59/100
|-unboost|p1b: Dragonite|spa|1
|move|p1b: Dragonite|Scale Shot|p2b: Dragapult
|-supereffective|p2b: Dragapult
|-damage|p2b: Dragapult|56/100
|-supereffective|p2b: Dragapult
|-damage|p2b: Dragapult|16/100
|-supereffective|p2b: Dragapult
|-damage|p2b: Dragapult|0 fnt
|faint|p2b: Dragapult
|-hitcount|p2: Dragapult|3
|-unboost|p1b: Dragonite|def|1
|-boost|p1b: Dragonite|spe|1
|
|-weather|RainDance|[upkeep]
|upkeep
|
|t:|1756564884
|switch|p1a: Incineroar|Incineroar, L50, F|35/100
|-ability|p1a: Incineroar|Intimidate|boost
|-unboost|p2a: Whimsicott|atk|1
|turn|5
|
|t:|1756564904
|move|p1b: Dragonite|Scale Shot|p2a: Whimsicott
|-immune|p2a: Whimsicott
|move|p2a: Whimsicott|Moonblast|p1a: Incineroar
|-damage|p1a: Incineroar|6/100
|move|p1a: Incineroar|Knock Off|p2a: Whimsicott
|-resisted|p2a: Whimsicott
|-damage|p2a: Whimsicott|30/100
|-enditem|p2a: Whimsicott|Covert Cloak|[from] move: Knock Off|[of] p1a: Incineroar
|
|-weather|RainDance|[upkeep]
|upkeep
|turn|6
|
|t:|1756564913
|move|p1b: Dragonite|Scale Shot|p2a: Whimsicott
|-immune|p2a: Whimsicott
|move|p2a: Whimsicott|Moonblast|p1a: Incineroar
|-damage|p1a: Incineroar|0 fnt
|faint|p1a: Incineroar
|
|-weather|RainDance|[upkeep]
|-sideend|p1: jowemama|move: Tailwind
|-sideend|p2: Julio Potencia|move: Tailwind
|upkeep
|turn|7
|-message|jowemama forfeited.
|
|win|Julio Potencia
|raw|jowemama's rating: 1097 → 1075(-22 for losing)
|raw|Julio Potencia's rating: 1132 → 1154(+22 for winning)
|l|☆Julio Potencia
|player|p2|
