|j|☆the flow boii
|j|☆TheGayOne420
|html|the flow boiiTheGayOne420    
|uhtml|bestof|Game 3 of a best-of-3
|t:|1785899153
|gametype|doubles
|player|p1|the flow boii|1|1000
|player|p2|TheGayOne420|266|1041
|gen|9
|tier|[Gen 9 Champions] VGC 2026 Reg M-B (Bo3)
|rated|
|rule|Species Clause: Limit one of each Pokémon
|rule|Item Clause: Limit 1 of each item
|clearpoke
|poke|p1|Meowstic, L50, M|
|poke|p1|Kingambit, L50, F|
|poke|p1|Gardevoir, L50, F|
|poke|p1|Torkoal, L50, M|
|poke|p1|Sinistcha, L50|
|poke|p1|Ariados, L50, F, shiny|
|poke|p2|Eelektross, L50, F|
|poke|p2|Sinistcha, L50|
|poke|p2|Staraptor, L50, F|
|poke|p2|Talonflame, L50, F|
|poke|p2|Incineroar, L50, M|
|poke|p2|Garchomp, L50, F|
|teampreview|4
|showteam|p1|Meowstic||FocusSash|Prankster|FakeOut,PsychicTerrain,LightScreen,Reflect|Careful||M|||50|]Kingambit||BlackGlasses|Defiant|SuckerPunch,KowtowCleave,IronHead,Protect|Brave||F|||50|]Gardevoir||Gardevoirite|Trace|HyperVoice,ExpandingForce,TrickRoom,Protect|Serious||F|||50|]Torkoal||Charcoal|Drought|Eruption,HeatWave,WeatherBall,Protect|Serious||M|||50|]Sinistcha||SitrusBerry|Hospitality|MatchaGotcha,RagePowder,LifeDew,TrickRoom|Serious|||||50|]Ariados||MuscleBand|Insomnia|RagePowder,Megahorn,StringShot,Protect|Serious||F|||50|
|showteam|p2|Eelektross||LifeOrb|Levitate|Thunderbolt,Flamethrower,Protect,GigaDrain|Modest||F|||50|]Sinistcha||OccaBerry|Hospitality|ShadowBall,MatchaGotcha,LifeDew,RagePowder|Modest|||||50|]Staraptor||Staraptite|Intimidate|CloseCombat,Roost,Protect,BraveBird|Jolly||F|||50|]Talonflame||FocusSash|GaleWings|DualWingbeat,FeatherDance,Protect,Tailwind|Adamant||F|||50|]Incineroar||SitrusBerry|Intimidate|FakeOut,FlareBlitz,PartingShot,DarkestLariat|Adamant||M|||50|]Garchomp||WideLens|SandVeil|RockSlide,DragonRush,Protect,Earthquake|Jolly||F|||50|
|inactive|Battle timer is ON: inactive players will automatically lose when time's up. (requested by the flow boii)
|inactive|TheGayOne420 has 60 seconds left.
|
|t:|1785899203
|teamsize|p1|4
|teamsize|p2|4
|start
|switch|p1a: Meowstic|Meowstic, L50, M|100/100
|switch|p1b: Gardevoir|Gardevoir, L50, F|100/100
|switch|p2a: Sinistcha|Sinistcha, L50|100/100
|switch|p2b: Talonflame|Talonflame, L50, F|100/100
|-ability|p1b: Gardevoir|Gale Wings|Trace|[from] ability: Trace|[of] p2b: Talonflame
|turn|1
|inactive|TheGayOne420 has 30 seconds left.
|
|t:|1785899229
|move|p2b: Talonflame|Protect|p2b: Talonflame
|-singleturn|p2b: Talonflame|Protect
|move|p1b: Gardevoir|Protect|p1b: Gardevoir
|-singleturn|p1b: Gardevoir|Protect
|move|p1a: Meowstic|Reflect|p1a: Meowstic
|-sidestart|p1: the flow boii|Reflect
|move|p2a: Sinistcha|Shadow Ball|p1a: Meowstic
|-supereffective|p1a: Meowstic|1
|-damage|p1a: Meowstic|23/100
|
|upkeep
|turn|2
|inactive|the flow boii has 30 seconds left.
|
|t:|1785899257
|detailschange|p1b: Gardevoir|Gardevoir-Mega, L50, F
|-mega|p1b: Gardevoir|Gardevoir|Gardevoirite
|move|p2b: Talonflame|Tailwind|p2b: Talonflame
|-sidestart|p2: TheGayOne420|move: Tailwind
|move|p1a: Meowstic|Psychic Terrain|p1a: Meowstic
|-fieldstart|move: Psychic Terrain
|move|p2a: Sinistcha|Shadow Ball|p1b: Gardevoir
|-supereffective|p1b: Gardevoir|1
|-damage|p1b: Gardevoir|27/100
|move|p1b: Gardevoir|Expanding Force|p2a: Sinistcha|[spread] p2a,p2b
|-damage|p2a: Sinistcha|26/100
|-enditem|p2b: Talonflame|Focus Sash
|-damage|p2b: Talonflame|1/100
|
|upkeep
|turn|3
|
|t:|1785899278
|move|p1b: Gardevoir|Protect|p1b: Gardevoir
|-singleturn|p1b: Gardevoir|Protect
|move|p1a: Meowstic|Light Screen|p1a: Meowstic
|-sidestart|p1: the flow boii|move: Light Screen
|move|p2b: Talonflame|Dual Wingbeat|p1b: Gardevoir
|-activate|p1b: Gardevoir|move: Protect
|move|p2a: Sinistcha|Matcha Gotcha|p1b: Gardevoir|[spread] p1a
|-activate|p1b: Gardevoir|move: Protect
|-damage|p1a: Meowstic|5/100
|-heal|p2a: Sinistcha|36/100|[from] drain|[of] p1a: Meowstic
|
|upkeep
|turn|4
|
|t:|1785899302
|move|p1a: Meowstic|Light Screen||[still]
|-fail|p1a: Meowstic
|move|p2b: Talonflame|Dual Wingbeat|p1b: Gardevoir
|-damage|p1b: Gardevoir|8/100
|-damage|p1b: Gardevoir|0 fnt
|faint|p1b: Gardevoir
|-hitcount|p1: Gardevoir|2
|move|p2a: Sinistcha|Matcha Gotcha|p1a: Meowstic
|-damage|p1a: Meowstic|0 fnt
|-heal|p2a: Sinistcha|40/100|[from] drain|[of] p1a: Meowstic
|faint|p1a: Meowstic
|
|upkeep
|
|t:|1785899316
|switch|p1b: Kingambit|Kingambit, L50, F|100/100
|switch|p1a: Sinistcha|Sinistcha, L50|100/100
|turn|5
|
|t:|1785899340
|move|p2b: Talonflame|Protect|p2b: Talonflame
|-singleturn|p2b: Talonflame|Protect
|move|p2a: Sinistcha|Life Dew|p2a: Sinistcha|[spread] p2a,p2b
|-heal|p2a: Sinistcha|65/100
|-heal|p2b: Talonflame|25/100
|move|p1b: Kingambit|Kowtow Cleave|p2a: Sinistcha
|-supereffective|p2a: Sinistcha|1
|-damage|p2a: Sinistcha|0 fnt
|faint|p2a: Sinistcha
|move|p1a: Sinistcha|Matcha Gotcha|p2b: Talonflame
|-activate|p2b: Talonflame|move: Protect
|
|-sideend|p1: the flow boii|Reflect
|-sideend|p2: TheGayOne420|move: Tailwind
|upkeep
|
|t:|1785899357
|switch|p2a: Staraptor|Staraptor, L50, F|100/100
|-ability|p2a: Staraptor|Intimidate|boost
|-unboost|p1a: Sinistcha|atk|1
|-unboost|p1b: Kingambit|atk|1
|-ability|p1b: Kingambit|Defiant|boost
|-boost|p1b: Kingambit|atk|2
|turn|6
|inactive|the flow boii has 30 seconds left.
|inactive|TheGayOne420 has 30 seconds left.
|inactive|TheGayOne420 has 20 seconds left.
|inactive|TheGayOne420 has 15 seconds left.
|inactive|TheGayOne420 has 10 seconds left.
|
|t:|1785899406
|detailschange|p2a: Staraptor|Staraptor-Mega, L50, F
|-mega|p2a: Staraptor|Staraptor|Staraptite
|move|p2b: Talonflame|Dual Wingbeat|p1a: Sinistcha
|-supereffective|p1a: Sinistcha|1
|-damage|p1a: Sinistcha|65/100
|-supereffective|p1a: Sinistcha|1
|-damage|p1a: Sinistcha|32/100
|-enditem|p1a: Sinistcha|Sitrus Berry|[eat]
|-heal|p1a: Sinistcha|57/100|[from] item: Sitrus Berry
|-hitcount|p1a: Sinistcha|2
|move|p2a: Staraptor|Close Combat|p1b: Kingambit
|-supereffective|p1b: Kingambit|2
|-damage|p1b: Kingambit|0 fnt
|-boost|p2a: Staraptor|def|1
|-boost|p2a: Staraptor|spd|1
|faint|p1b: Kingambit
|move|p1a: Sinistcha|Matcha Gotcha|p2b: Talonflame|[spread] p2a,p2b
|-resisted|p2a: Staraptor|1
|-resisted|p2b: Talonflame|2
|-damage|p2a: Staraptor|87/100
|-heal|p1a: Sinistcha|64/100|[from] drain|[of] p2a: Staraptor
|-damage|p2b: Talonflame|15/100
|-heal|p1a: Sinistcha|68/100|[from] drain|[of] p2b: Talonflame
|
|-fieldend|move: Psychic Terrain
|upkeep
|turn|7
|inactive|the flow boii has 30 seconds left.
|inactive|TheGayOne420 has 30 seconds left.
|inactive|TheGayOne420 has 20 seconds left.
|
|t:|1785899442
|move|p2b: Talonflame|Tailwind|p2b: Talonflame
|-sidestart|p2: TheGayOne420|move: Tailwind
|move|p2a: Staraptor|Brave Bird|p1a: Sinistcha
|-supereffective|p1a: Sinistcha|1
|-damage|p1a: Sinistcha|0 fnt
|faint|p1a: Sinistcha
|-damage|p2a: Staraptor|64/100|[from] Recoil
|
|win|TheGayOne420
|raw|the flow boii's rating: 1000 → 1000(+0 for losing)
|raw|TheGayOne420's rating: 1041 → 1071(+30 for winning)
|l|☆the flow boii
|player|p1|
|c|☆TheGayOne420|ggs!
