|j|☆Cyclondo3
|j|☆kommoneitor
|html|Cyclondo3kommoneitor    
|uhtml|bestof|Game 2 of a best-of-3
|t:|1757785428
|gametype|doubles
|player|p1|Cyclondo3|hilbert|1055
|player|p2|kommoneitor|266|1120
|gen|9
|tier|[Gen 9] VGC 2025 Reg H (Bo3)
|rated|
|rule|Species Clause: Limit one of each Pokémon
|rule|Item Clause: Limit 1 of each item
|clearpoke
|poke|p1|Sableye, L50, M|
|poke|p1|Vivillon, L50, F|
|poke|p1|Rillaboom, L50, M|
|poke|p1|Jolteon, L50, M|
|poke|p1|Sneasler, L50, F|
|poke|p1|Pelipper, L50, M|
|poke|p2|Electabuzz, L50, F|
|poke|p2|Kingambit, L50, F|
|poke|p2|Basculegion, L50, M|
|poke|p2|Ninetales-Alola, L50, F|
|poke|p2|Rillaboom, L50, F|
|poke|p2|Kommo-o, L50, M|
|teampreview|4
|showteam|p1|Sableye||SafetyGoggles|Prankster|Protect,Gravity,Disable,Encore|||M|||50|,,,,,Dark]Vivillon||FocusSash|CompoundEyes|Protect,SleepPowder,StruggleBug,Hurricane|||F|||50|,,,,,Grass]Rillaboom||AssaultVest|GrassySurge|Uturn,FakeOut,KnockOff,GrassyGlide|||M|||50|,,,,,Fire]Jolteon||LifeOrb|QuickFeet|Protect,VoltSwitch,Thunderbolt,TeraBlast|||M|||50|,,,,,Ice]Sneasler||ChestoBerry|Unburden|Protect,FakeOut,CloseCombat,DireClaw|||F|||50|,,,,,Dark]Pelipper||CovertCloak|Drizzle|WideGuard,Tailwind,Hurricane,WeatherBall|||M|||50|,,,,,Water
|showteam|p2|Electabuzz||Eviolite|VitalSpirit|Protect,Electroweb,Taunt,FollowMe|||F|||50|,,,,,Ghost]Kingambit||AssaultVest|Defiant|KowtowCleave,IronHead,SuckerPunch,LowKick|||F|||50|,,,,,Fire]Basculegion||ChoiceScarf|Adaptability|WaveCrash,LastRespects,AquaJet,FlipTurn|||M|||50|,,,,,Water]Ninetales-Alola||FocusSash|SnowWarning|Protect,Blizzard,AuroraVeil,Encore|||F|||50|,,,,,Ice]Rillaboom||MiracleSeed|GrassySurge|Protect,WoodHammer,GrassyGlide,FakeOut|||F|||50|,,,,,Grass]Kommo-o||ThroatSpray|Soundproof|Protect,ClangingScales,Flamethrower,ClangorousSoul|||M|||50|,,,,,Fire
|inactive|Battle timer is ON: inactive players will automatically lose when time's up. (requested by Cyclondo3)
|c|☆Cyclondo3|Glhf
|inactive|Cyclondo3 has 60 seconds left.
|
|t:|1757785464
|teamsize|p1|4
|teamsize|p2|4
|start
|switch|p1a: Sneasler|Sneasler, L50, F|100/100
|switch|p1b: Pelipper|Pelipper, L50, M|100/100
|switch|p2a: Kommo-o|Kommo-o, L50, M|100/100
|switch|p2b: Ninetales|Ninetales-Alola, L50, F|100/100
|-weather|Snowscape|[from] ability: Snow Warning|[of] p2b: Ninetales
|-weather|RainDance|[from] ability: Drizzle|[of] p1b: Pelipper
|turn|1
|
|t:|1757785489
|switch|p2b: Rillaboom|Rillaboom, L50, F|100/100
|-fieldstart|move: Grassy Terrain|[from] ability: Grassy Surge|[of] p2b: Rillaboom
|move|p1a: Sneasler|Fake Out|p2a: Kommo-o
|-damage|p2a: Kommo-o|86/100
|cant|p2a: Kommo-o|flinch
|move|p1b: Pelipper|Tailwind|p1b: Pelipper
|-sidestart|p1: Cyclondo3|move: Tailwind
|
|-weather|RainDance|[upkeep]
|-heal|p2a: Kommo-o|92/100|[from] Grassy Terrain
|upkeep
|turn|2
|inactive|kommoneitor has 30 seconds left.
|
|t:|1757785516
|switch|p1b: Rillaboom|Rillaboom, L50, M|100/100
|-terastallize|p2b: Rillaboom|Grass
|move|p1a: Sneasler|Protect|p1a: Sneasler
|-singleturn|p1a: Sneasler|Protect
|move|p2a: Kommo-o|Clangorous Soul|p2a: Kommo-o
|-boost|p2a: Kommo-o|atk|1
|-boost|p2a: Kommo-o|def|1
|-boost|p2a: Kommo-o|spa|1
|-boost|p2a: Kommo-o|spd|1
|-boost|p2a: Kommo-o|spe|1
|-damage|p2a: Kommo-o|59/100
|-enditem|p2a: Kommo-o|Throat Spray
|-boost|p2a: Kommo-o|spa|1|[from] item: Throat Spray
|move|p2b: Rillaboom|Wood Hammer|p1b: Rillaboom
|-resisted|p1b: Rillaboom
|-damage|p1b: Rillaboom|30/100
|-damage|p2b: Rillaboom|75/100|[from] Recoil
|
|-weather|RainDance|[upkeep]
|-heal|p1b: Rillaboom|36/100|[from] Grassy Terrain
|-heal|p2a: Kommo-o|65/100|[from] Grassy Terrain
|-heal|p2b: Rillaboom|82/100|[from] Grassy Terrain
|upkeep
|turn|3
|inactive|Cyclondo3 has 30 seconds left.
|inactive|kommoneitor has 30 seconds left.
|inactive|kommoneitor has 20 seconds left.
|inactive|kommoneitor has 15 seconds left.
|
|t:|1757785559
|switch|p2b: Basculegion|Basculegion, L50, M|100/100
|move|p2a: Kommo-o|Protect|p2a: Kommo-o
|-singleturn|p2a: Kommo-o|Protect
|move|p1b: Rillaboom|Fake Out|p2a: Kommo-o
|-activate|p2a: Kommo-o|move: Protect
|move|p1a: Sneasler|Dire Claw|p2b: Basculegion
|-resisted|p2b: Basculegion
|-damage|p2b: Basculegion|73/100
|
|-weather|RainDance|[upkeep]
|-heal|p1b: Rillaboom|42/100|[from] Grassy Terrain
|-heal|p2a: Kommo-o|71/100|[from] Grassy Terrain
|-heal|p2b: Basculegion|79/100|[from] Grassy Terrain
|upkeep
|turn|4
|
|t:|1757785578
|move|p1b: Rillaboom|Grassy Glide|p2b: Basculegion
|-supereffective|p2b: Basculegion
|-damage|p2b: Basculegion|0 fnt
|faint|p2b: Basculegion
|move|p1a: Sneasler|Close Combat|p2a: Kommo-o
|-damage|p2a: Kommo-o|23/100
|-unboost|p1a: Sneasler|def|1
|-unboost|p1a: Sneasler|spd|1
|move|p2a: Kommo-o|Clanging Scales|p1a: Sneasler|[spread] p1a,p1b
|-damage|p1a: Sneasler|0 fnt
|-damage|p1b: Rillaboom|0 fnt
|faint|p1a: Sneasler
|faint|p1b: Rillaboom
|-unboost|p2a: Kommo-o|def|1
|
|-weather|RainDance|[upkeep]
|-heal|p2a: Kommo-o|29/100|[from] Grassy Terrain
|-sideend|p1: Cyclondo3|move: Tailwind
|upkeep
|
|t:|1757785599
|switch|p1a: Jolteon|Jolteon, L50, M|100/100
|switch|p2b: Rillaboom|Rillaboom, L50, F, tera:Grass|82/100
|switch|p1b: Pelipper|Pelipper, L50, M|100/100
|turn|5
|
|t:|1757785615
|move|p2a: Kommo-o|Protect|p2a: Kommo-o
|-singleturn|p2a: Kommo-o|Protect
|move|p1a: Jolteon|Protect|p1a: Jolteon
|-singleturn|p1a: Jolteon|Protect
|move|p2b: Rillaboom|Wood Hammer|p1b: Pelipper
|-damage|p1b: Pelipper|0 fnt
|faint|p1b: Pelipper
|-damage|p2b: Rillaboom|53/100|[from] Recoil
|
|-weather|none
|-heal|p2a: Kommo-o|35/100|[from] Grassy Terrain
|-heal|p2b: Rillaboom|59/100|[from] Grassy Terrain
|-fieldend|move: Grassy Terrain
|upkeep
|turn|6
|
|t:|1757785634
|-terastallize|p1a: Jolteon|Ice
|move|p2a: Kommo-o|Flamethrower|p1a: Jolteon
|-supereffective|p1a: Jolteon
|-damage|p1a: Jolteon|0 fnt
|faint|p1a: Jolteon
|
|win|kommoneitor
||Cyclondo3 is ready for game 3.
|inactive|kommoneitor has 30 seconds to confirm battle start!
||kommoneitor is ready for game 3.
|uhtml|next|Next: Game 3 of 3
