|j|☆lettitripppp
|j|☆MsLn
|html|lettitrippppMsLn    
|uhtml|bestof|Game 1 of a best-of-3
|t:|1783911989
|gametype|doubles
|player|p1|lettitripppp|lucas|1298
|player|p2|MsLn|depotagent|1184
|gen|9
|tier|[Gen 9 Champions] VGC 2026 Reg M-B (Bo3)
|rated|
|rule|Species Clause: Limit one of each Pokémon
|rule|Item Clause: Limit 1 of each item
|clearpoke
|poke|p1|Charizard, L50, M|
|poke|p1|Floette-Eternal, L50, F|
|poke|p1|Basculegion, L50, M|
|poke|p1|Whimsicott, L50, M, shiny|
|poke|p1|Garchomp, L50, F, shiny|
|poke|p1|Kingambit, L50, M, shiny|
|poke|p2|Charizard, L50, M|
|poke|p2|Oranguru, L50, M|
|poke|p2|Torkoal, L50, M|
|poke|p2|Pelipper, L50, M|
|poke|p2|Mawile, L50, F|
|poke|p2|Sinistcha-Masterpiece, L50|
|teampreview|4
|showteam|p1|Charizard||CharizarditeY|Blaze|WeatherBall,SolarBeam,HeatWave,Protect|Modest||M|||50|]Floette-Eternal||Floettite|FlowerVeil|DazzlingGleam,LightofRuin,Moonblast,Protect|Modest||F|||50|]Basculegion||MysticWater|Adaptability|LastRespects,WaveCrash,AquaJet,Protect|Adamant||M|||50|]Whimsicott||FocusSash|Prankster|Moonblast,Tailwind,Encore,Protect|Timid||M|||50|]Garchomp||LifeOrb|RoughSkin|DragonClaw,Earthquake,RockSlide,Protect|Jolly||F|||50|]Kingambit||ChopleBerry|Defiant|KowtowCleave,SuckerPunch,IronHead,LowKick|Adamant||M|||50|
|showteam|p2|Charizard||CharizarditeY|SolarPower|SolarBeam,WeatherBall,HeatWave,Protect|Modest||M|||50|]Oranguru||MentalHerb|InnerFocus|TrickRoom,AfterYou,Instruct,PsychicNoise|Sassy||M|||50|]Torkoal||Charcoal|Drought|Eruption,EarthPower,AncientPower,GyroBall|Quiet||M|||50|]Pelipper||FocusSash|Drizzle|Uturn,WeatherBall,Hurricane,WideGuard|Timid||M|||50|]Mawile||Mawilite|HyperCutter|IronHead,PlayRough,SwordsDance,SuckerPunch|Adamant||F|||50|]Sinistcha-Masterpiece||Leftovers|Hospitality|TrickRoom,MatchaGotcha,Protect,RagePowder|Relaxed|||||50|
|inactive|Battle timer is ON: inactive players will automatically lose when time's up. (requested by MsLn)
|inactive|lettitripppp also wants the timer to be on.
|inactive|lettitripppp has 60 seconds left.
|
|t:|1783912025
|teamsize|p1|4
|teamsize|p2|4
|start
|switch|p1a: GHOSTWAVE|Basculegion, L50, M|100/100
|switch|p1b: LETS GO GO|Whimsicott, L50, M, shiny|100/100
|switch|p2a: Charizard|Charizard, L50, M|100/100
|switch|p2b: Oranguru|Oranguru, L50, M|100/100
|turn|1
|inactive|MsLn has 30 seconds left.
|
|t:|1783912058
|move|p2a: Charizard|Protect|p2a: Charizard
|-singleturn|p2a: Charizard|Protect
|move|p1b: LETS GO GO|Tailwind|p1b: LETS GO GO
|-sidestart|p1: lettitripppp|move: Tailwind
|move|p1a: GHOSTWAVE|Wave Crash|p2a: Charizard
|-activate|p2a: Charizard|move: Protect
|move|p2b: Oranguru|Trick Room|p2b: Oranguru
|-fieldstart|move: Trick Room|[of] p2b: Oranguru
|
|upkeep
|turn|2
|
|t:|1783912074
|detailschange|p2a: Charizard|Charizard-Mega-Y, L50, M
|-mega|p2a: Charizard|Charizard|Charizardite Y
|-weather|SunnyDay|[from] ability: Drought|[of] p2a: Charizard
|move|p1b: LETS GO GO|Encore|p2a: Charizard
|-start|p2a: Charizard|Encore
|move|p2a: Charizard|Protect|p2a: Charizard
|-singleturn|p2a: Charizard|Protect
|move|p2b: Oranguru|After You||[still]
|-fail|p2b: Oranguru
|move|p1a: GHOSTWAVE|Wave Crash|p2b: Oranguru
|-damage|p2b: Oranguru|61/100
|-damage|p1a: GHOSTWAVE|87/100|[from] Recoil
|
|-weather|SunnyDay|[upkeep]
|upkeep
|turn|3
|
|t:|1783912089
|switch|p2a: Torkoal|Torkoal, L50, M|100/100
|move|p2b: Oranguru|Psychic Noise|p1a: GHOSTWAVE
|-damage|p1a: GHOSTWAVE|60/100
|-start|p1a: GHOSTWAVE|move: Heal Block
|move|p1a: GHOSTWAVE|Wave Crash|p2b: Oranguru
|-damage|p2b: Oranguru|25/100
|-damage|p1a: GHOSTWAVE|49/100|[from] Recoil
|move|p1b: LETS GO GO|Moonblast|p2b: Oranguru
|-damage|p2b: Oranguru|4/100
|
|-weather|SunnyDay|[upkeep]
|upkeep
|turn|4
|inactive|MsLn has 30 seconds left.
|
|t:|1783912115
|move|p1b: LETS GO GO|Protect|p1b: LETS GO GO
|-singleturn|p1b: LETS GO GO|Protect
|move|p1a: GHOSTWAVE|Aqua Jet|p2b: Oranguru
|-damage|p2b: Oranguru|0 fnt
|faint|p2b: Oranguru
|move|p2a: Torkoal|Eruption|p1a: GHOSTWAVE|[spread] p1a
|-activate|p1b: LETS GO GO|move: Protect
|-resisted|p1a: GHOSTWAVE|1
|-damage|p1a: GHOSTWAVE|1/100
|
|-weather|SunnyDay|[upkeep]
|-end|p1a: GHOSTWAVE|move: Heal Block
|-sideend|p1: lettitripppp|move: Tailwind
|upkeep
|
|t:|1783912137
|switch|p2b: Pelipper|Pelipper, L50, M|100/100
|-weather|RainDance|[from] ability: Drizzle|[of] p2b: Pelipper
|turn|5
|
|t:|1783912145
|move|p1a: GHOSTWAVE|Protect|p1a: GHOSTWAVE
|-singleturn|p1a: GHOSTWAVE|Protect
|move|p1b: LETS GO GO|Tailwind|p1b: LETS GO GO
|-sidestart|p1: lettitripppp|move: Tailwind
|move|p2a: Torkoal|Eruption|p1b: LETS GO GO|[spread] p1b
|-activate|p1a: GHOSTWAVE|move: Protect
|-supereffective|p1b: LETS GO GO|1
|-damage|p1b: LETS GO GO|12/100
|move|p2b: Pelipper|Hurricane|p1b: LETS GO GO
|-supereffective|p1b: LETS GO GO|1
|-damage|p1b: LETS GO GO|0 fnt
|faint|p1b: LETS GO GO
|
|-weather|RainDance|[upkeep]
|-fieldend|move: Trick Room
|upkeep
|
|t:|1783912157
|switch|p1b: CRUSH SHARK|Garchomp, L50, F, shiny|100/100
|turn|6
|
|t:|1783912178
|switch|p2a: Charizard|Charizard-Mega-Y, L50, M|100/100
|-weather|SunnyDay|[from] ability: Drought|[of] p2a: Charizard
|move|p2b: Pelipper|Wide Guard|p2b: Pelipper
|-singleturn|p2b: Pelipper|Wide Guard
|move|p1b: CRUSH SHARK|Dragon Claw|p2b: Pelipper
|-damage|p2b: Pelipper|33/100
|-damage|p1b: CRUSH SHARK|90/100|[from] item: Life Orb
|move|p1a: GHOSTWAVE|Last Respects|p2b: Pelipper
|-damage|p2b: Pelipper|0 fnt
|faint|p2b: Pelipper
|
|-weather|SunnyDay|[upkeep]
|upkeep
|
|t:|1783912188
|switch|p2b: Torkoal|Torkoal, L50, M|100/100
|turn|7
|
|t:|1783912205
|move|p1b: CRUSH SHARK|Rock Slide|p2b: Torkoal|[spread] p2a
|-miss|p1b: CRUSH SHARK|p2b: Torkoal
|-supereffective|p2a: Charizard|2
|-damage|p2a: Charizard|0 fnt
|faint|p2a: Charizard
|-damage|p1b: CRUSH SHARK|80/100|[from] item: Life Orb
|move|p1a: GHOSTWAVE|Wave Crash|p2b: Torkoal
|-supereffective|p2b: Torkoal|1
|-damage|p2b: Torkoal|32/100
|-damage|p1a: GHOSTWAVE|0 fnt|[from] Recoil
|faint|p1a: GHOSTWAVE
|move|p2b: Torkoal|Earth Power|p1b: CRUSH SHARK
|-damage|p1b: CRUSH SHARK|51/100
|
|-weather|SunnyDay|[upkeep]
|upkeep
|-message|MsLn forfeited.
|
|win|lettitripppp
|l|☆MsLn
|player|p2|
||MsLn is ready for game 2.
