|j|☆devil may larp
|j|☆decidueyepuppygirl
|html|devil may larpdecidueyepuppygirl    
|uhtml|bestof|Game 3 of a best-of-3
|t:|1782756117
|gametype|doubles
|player|p1|devil may larp|roxie|1238
|player|p2|decidueyepuppygirl|miku-fairy|1200
|gen|9
|tier|[Gen 9 Champions] VGC 2026 Reg M-B (Bo3)
|rated|
|rule|Species Clause: Limit one of each Pokémon
|rule|Item Clause: Limit 1 of each item
|clearpoke
|poke|p1|Charizard, L50, M|
|poke|p1|Farigiraf, L50, F, shiny|
|poke|p1|Sylveon, L50, M, shiny|
|poke|p1|Venusaur, L50, F|
|poke|p1|Kingambit, L50, F|
|poke|p1|Aerodactyl, L50, F|
|poke|p2|Lycanroc-Dusk, L50, M, shiny|
|poke|p2|Froslass, L50, F, shiny|
|poke|p2|Scovillain, L50, F|
|poke|p2|Basculegion, L50, M|
|poke|p2|Kingambit, L50, F|
|poke|p2|Sneasler, L50, F, shiny|
|teampreview|4
|showteam|p1|Charizard||CharizarditeY|Blaze|HeatWave,SolarBeam,Protect,WeatherBall|Modest||M|||50|]Farigiraf||ColburBerry|ArmorTail|Psychic,HelpingHand,Protect,TrickRoom|Sassy||F|||50|]Sylveon||FairyFeather|Pixilate|HyperBeam,HyperVoice,QuickAttack,Protect|Modest||M|||50|]Venusaur||LifeOrb|Chlorophyll|EnergyBall,SludgeBomb,EarthPower,Protect|Serious||F|||50|]Kingambit||BlackGlasses|Defiant|KowtowCleave,SuckerPunch,LowKick,Protect|Adamant||F|||50|]Aerodactyl||FocusSash|Unnerve|Tailwind,RockSlide,WideGuard,Protect|Jolly||F|||50|
|showteam|p2|Lycanroc-Dusk||FocusSash|ToughClaws|RockSlide,CloseCombat,Accelerock,Protect|Adamant||M|||50|]Froslass||Froslassite|CursedBody|Blizzard,ShadowBall,AuroraVeil,Protect|Modest||F|||50|]Scovillain||Scovillainite|Moody|Overheat,GigaDrain,RagePowder,Protect|Bold||F|||50|]Basculegion||SitrusBerry|Adaptability|WaveCrash,LastRespects,AquaJet,Protect|Adamant||M|||50|]Kingambit||BlackGlasses|Defiant|KowtowCleave,SuckerPunch,SwordsDance,Protect|Adamant||F|||50|]Sneasler||WhiteHerb|Unburden|CloseCombat,DireClaw,FakeOut,Protect|Adamant||F|||50|
|inactive|Battle timer is ON: inactive players will automatically lose when time's up. (requested by devil may larp)
|inactive|decidueyepuppygirl also wants the timer to be on.
|inactive|devil may larp has 60 seconds left.
|
|t:|1782756153
|teamsize|p1|4
|teamsize|p2|4
|start
|switch|p1a: Big Y|Charizard, L50, M|100/100
|switch|p1b: Venusaur|Venusaur, L50, F|100/100
|switch|p2a: Nine Inch Nails|Sneasler, L50, F, shiny|100/100
|switch|p2b: Queen's Gambit|Kingambit, L50, F|100/100
|turn|1
|
|t:|1782756177
|switch|p1b: Ouroboros|Farigiraf, L50, F, shiny|100/100
|detailschange|p1a: Big Y|Charizard-Mega-Y, L50, M
|-mega|p1a: Big Y|Charizard|Charizardite Y
|-weather|SunnyDay|[from] ability: Drought|[of] p1a: Big Y
|move|p2a: Nine Inch Nails|Fake Out||[still]
|cant|p1b: Ouroboros|ability: Armor Tail|Fake Out|[of] p2a: Nine Inch Nails
|move|p1a: Big Y|Heat Wave|p2b: Queen's Gambit|[spread] p2a,p2b
|-supereffective|p2b: Queen's Gambit|1
|-damage|p2a: Nine Inch Nails|6/100
|-damage|p2b: Queen's Gambit|0 fnt
|faint|p2b: Queen's Gambit
|
|-weather|SunnyDay|[upkeep]
|upkeep
|
|t:|1782756180
|switch|p2b: Uh-Dam|Lycanroc-Dusk, L50, M, shiny|100/100
|turn|2
|
|t:|1782756196
|move|p1a: Big Y|Protect|p1a: Big Y
|-singleturn|p1a: Big Y|Protect
|move|p2b: Uh-Dam|Rock Slide|p1a: Big Y|[spread] p1b
|-activate|p1a: Big Y|move: Protect
|-damage|p1b: Ouroboros|70/100
|move|p2a: Nine Inch Nails|Close Combat|p1b: Ouroboros
|-damage|p1b: Ouroboros|24/100
|-unboost|p2a: Nine Inch Nails|def|1
|-unboost|p2a: Nine Inch Nails|spd|1
|-enditem|p2a: Nine Inch Nails|White Herb
|-clearnegativeboost|p2a: Nine Inch Nails|[silent]
|move|p1b: Ouroboros|Trick Room|p1b: Ouroboros
|-fieldstart|move: Trick Room|[of] p1b: Ouroboros
|
|-weather|SunnyDay|[upkeep]
|upkeep
|turn|3
|
|t:|1782756205
|move|p2a: Nine Inch Nails|Protect|p2a: Nine Inch Nails
|-singleturn|p2a: Nine Inch Nails|Protect
|move|p1b: Ouroboros|Psychic|p2b: Uh-Dam
|-damage|p2b: Uh-Dam|44/100
|move|p1a: Big Y|Heat Wave|p2a: Nine Inch Nails|[spread] 
|-activate|p2a: Nine Inch Nails|move: Protect
|-miss|p1a: Big Y|p2b: Uh-Dam
|move|p2b: Uh-Dam|Rock Slide|p1a: Big Y|[spread] p1a,p1b
|-supereffective|p1a: Big Y|2
|-damage|p1a: Big Y|0 fnt
|-damage|p1b: Ouroboros|0 fnt
|faint|p1a: Big Y
|faint|p1b: Ouroboros
|
|-weather|SunnyDay|[upkeep]
|upkeep
|
|t:|1782756210
|switch|p1b: Kingambit|Kingambit, L50, F|100/100
|switch|p1a: Venusaur|Venusaur, L50, F|100/100
|turn|4
|
|t:|1782756219
|switch|p2a: Mwah<3|Froslass, L50, F, shiny|100/100
|move|p1b: Kingambit|Protect|p1b: Kingambit
|-singleturn|p1b: Kingambit|Protect
|move|p2b: Uh-Dam|Close Combat|p1b: Kingambit
|-activate|p1b: Kingambit|move: Protect
|move|p1a: Venusaur|Energy Ball|p2b: Uh-Dam
|-supereffective|p2b: Uh-Dam|1
|-damage|p2b: Uh-Dam|0 fnt
|faint|p2b: Uh-Dam
|-damage|p1a: Venusaur|90/100|[from] item: Life Orb
|
|-weather|SunnyDay|[upkeep]
|upkeep
|
|t:|1782756223
|switch|p2b: Nine Inch Nails|Sneasler, L50, F, shiny|6/100
|turn|5
|
|t:|1782756235
|detailschange|p2a: Mwah<3|Froslass-Mega, L50, F, shiny
|-mega|p2a: Mwah<3|Froslass|Froslassite
|-weather|Snowscape|[from] ability: Snow Warning|[of] p2a: Mwah<3
|move|p1a: Venusaur|Protect|p1a: Venusaur
|-singleturn|p1a: Venusaur|Protect
|move|p2b: Nine Inch Nails|Fake Out|p1b: Kingambit
|-resisted|p1b: Kingambit|1
|-damage|p1b: Kingambit|95/100
|cant|p1b: Kingambit|flinch
|move|p2a: Mwah<3|Aurora Veil|p2a: Mwah<3
|-sidestart|p2: decidueyepuppygirl|move: Aurora Veil
|
|-weather|Snowscape|[upkeep]
|upkeep
|turn|6
|
|t:|1782756247
|move|p2b: Nine Inch Nails|Protect|p2b: Nine Inch Nails
|-singleturn|p2b: Nine Inch Nails|Protect
|move|p2a: Mwah<3|Protect|p2a: Mwah<3
|-singleturn|p2a: Mwah<3|Protect
|move|p1b: Kingambit|Kowtow Cleave|p2a: Mwah<3
|-activate|p2a: Mwah<3|move: Protect
|move|p1a: Venusaur|Sludge Bomb|p2a: Mwah<3
|-activate|p2a: Mwah<3|move: Protect
|
|-weather|Snowscape|[upkeep]
|-fieldend|move: Trick Room
|upkeep
|turn|7
|
|t:|1782756255
|move|p1a: Venusaur|Protect|p1a: Venusaur
|-singleturn|p1a: Venusaur|Protect
|move|p1b: Kingambit|Sucker Punch|p2b: Nine Inch Nails
|-resisted|p2b: Nine Inch Nails|1
|-damage|p2b: Nine Inch Nails|0 fnt
|faint|p2b: Nine Inch Nails
|move|p2a: Mwah<3|Blizzard|p1a: Venusaur|[spread] p1b
|-activate|p1a: Venusaur|move: Protect
|-resisted|p1b: Kingambit|1
|-damage|p1b: Kingambit|71/100
|
|-weather|Snowscape|[upkeep]
|upkeep
|turn|8
|
|t:|1782756266
|move|p2a: Mwah<3|Blizzard|p1b: Kingambit|[spread] p1a,p1b
|-supereffective|p1a: Venusaur|1
|-resisted|p1b: Kingambit|1
|-damage|p1a: Venusaur|0 fnt
|-damage|p1b: Kingambit|51/100
|faint|p1a: Venusaur
|move|p1b: Kingambit|Kowtow Cleave|p2a: Mwah<3
|-supereffective|p2a: Mwah<3|1
|-damage|p2a: Mwah<3|23/100
|
|-weather|Snowscape|[upkeep]
|upkeep
|turn|9
|
|t:|1782756270
|move|p2a: Mwah<3|Blizzard|p1b: Kingambit
|-resisted|p1b: Kingambit|1
|-damage|p1b: Kingambit|21/100
|move|p1b: Kingambit|Kowtow Cleave|p2a: Mwah<3
|-supereffective|p2a: Mwah<3|1
|-damage|p2a: Mwah<3|0 fnt
|faint|p2a: Mwah<3
|
|win|devil may larp
|raw|devil may larp's rating: 1238 → 1260(+22 for winning)
|raw|decidueyepuppygirl's rating: 1200 → 1178(-22 for losing)
