|j|☆palle synchro
|j|☆TR Setter
|html|palle synchroTR Setter    
|uhtml|bestof|Game 3 of a best-of-3
|t:|1756844466
|gametype|doubles
|player|p1|palle synchro|volkner|
|player|p2|TR Setter|zinzolin|
|gen|9
|tier|[Gen 9] VGC 2025 Reg H (Bo3)
|rule|Species Clause: Limit one of each Pokémon
|rule|Item Clause: Limit 1 of each item
|clearpoke
|poke|p1|Gholdengo, L50|
|poke|p1|Sneasler, L50, M|
|poke|p1|Rillaboom, L50, F|
|poke|p1|Dragonite, L50, M|
|poke|p1|Electabuzz, L50, F|
|poke|p1|Arcanine-Hisui, L50, M|
|poke|p2|Indeedee-F, L50, F|
|poke|p2|Hatterene, L50, F|
|poke|p2|Gallade, L50, M|
|poke|p2|Annihilape, L50, M|
|poke|p2|Torkoal, L50, M|
|poke|p2|Kingambit, L50, M|
|teampreview|4
|showteam|p1|Gholdengo||GrassySeed|GoodasGold|NastyPlot,MakeItRain,ShadowBall,Protect||||||50|,,,,,Water]Sneasler||WhiteHerb|Unburden|CloseCombat,DireClaw,Coaching,Protect|||M|||50|,,,,,Ghost]Rillaboom||AssaultVest|GrassySurge|FakeOut,GrassyGlide,DrumBeating,HighHorsepower|||F|||50|,,,,,Fire]Dragonite||LoadedDice|Multiscale|ScaleShot,StompingTantrum,Haze,Protect|||M|||50|,,,,,Ground]Electabuzz||Eviolite|VitalSpirit|Electroweb,Taunt,FollowMe,Protect|||F|||50|,,,,,Ghost]Arcanine-Hisui||ClearAmulet|Intimidate|RockSlide,FlareBlitz,ExtremeSpeed,Protect|||M|||50|,,,,,Water
|showteam|p2|Indeedee-F||PsychicSeed|PsychicSurge|HelpingHand,Psychic,TrickRoom,FollowMe|||F|||50|,,,,,Grass]Hatterene||LifeOrb|MagicBounce|ExpandingForce,DazzlingGleam,TrickRoom,Protect|||F|||50|,,,,,Fire]Gallade||ClearAmulet|Sharpness|PsychoCut,SacredSword,WideGuard,TrickRoom|||M|||50|,,,,,Steel]Annihilape||ChoiceScarf|Defiant|FinalGambit,CloseCombat,RageFist,Uturn|||M|||50|,,,,,Grass]Torkoal||Charcoal|Drought|Eruption,WeatherBall,Protect,EarthPower|||M|||50|,,,,,Fire]Kingambit||SafetyGoggles|Defiant|SuckerPunch,KowtowCleave,LowKick,Protect|||M|||50|,,,,,Dark
|
|t:|1756844537
|teamsize|p1|4
|teamsize|p2|4
|start
|switch|p1a: Gholdengo|Gholdengo, L50|100/100
|switch|p1b: Electabuzz|Electabuzz, L50, F|100/100
|switch|p2a: Kingambit|Kingambit, L50, M|100/100
|switch|p2b: Indeedee|Indeedee-F, L50, F|100/100
|-fieldstart|move: Psychic Terrain|[from] ability: Psychic Surge|[of] p2b: Indeedee
|-enditem|p2b: Indeedee|Psychic Seed
|-boost|p2b: Indeedee|spd|1|[from] item: Psychic Seed
|turn|1
|
|t:|1756844585
|switch|p2a: Hatterene|Hatterene, L50, F|100/100
|-terastallize|p1a: Gholdengo|Water
|move|p1b: Electabuzz|Taunt|p2b: Indeedee
|-start|p2b: Indeedee|move: Taunt
|move|p1a: Gholdengo|Nasty Plot|p1a: Gholdengo
|-boost|p1a: Gholdengo|spa|2
|cant|p2b: Indeedee|move: Taunt|Trick Room
|
|upkeep
|turn|2
|
|t:|1756844639
|-terastallize|p2a: Hatterene|Fire
|move|p1b: Electabuzz|Electroweb|p2a: Hatterene|[spread] p2a,p2b
|-damage|p2a: Hatterene|87/100
|-damage|p2b: Indeedee|92/100
|-unboost|p2a: Hatterene|spe|1
|-unboost|p2b: Indeedee|spe|1
|move|p1a: Gholdengo|Make It Rain|p2a: Hatterene|[spread] p2a,p2b
|-resisted|p2a: Hatterene
|-damage|p2a: Hatterene|39/100
|-damage|p2b: Indeedee|41/100
|-unboost|p1a: Gholdengo|spa|1
|move|p2b: Indeedee|Psychic|p1a: Gholdengo
|-damage|p1a: Gholdengo|58/100
|move|p2a: Hatterene|Expanding Force|p1a: Gholdengo|[spread] p1a,p1b
|-damage|p1a: Gholdengo|0 fnt
|-damage|p1b: Electabuzz|25/100
|faint|p1a: Gholdengo
|-damage|p2a: Hatterene|29/100|[from] item: Life Orb
|
|upkeep
|
|t:|1756844662
|switch|p1a: Arcanine|Arcanine-Hisui, L50, M|100/100
|-ability|p1a: Arcanine|Intimidate|boost
|-unboost|p2a: Hatterene|atk|1
|-unboost|p2b: Indeedee|atk|1
|turn|3
|
|t:|1756844680
|switch|p2b: Kingambit|Kingambit, L50, M|100/100
|move|p2a: Hatterene|Protect|p2a: Hatterene
|-singleturn|p2a: Hatterene|Protect
|move|p1b: Electabuzz|Follow Me|p1b: Electabuzz
|-singleturn|p1b: Electabuzz|move: Follow Me
|move|p1a: Arcanine|Flare Blitz|p2a: Hatterene
|-activate|p2a: Hatterene|move: Protect
|
|upkeep
|turn|4
|
|t:|1756844702
|move|p2b: Kingambit|Protect|p2b: Kingambit
|-singleturn|p2b: Kingambit|Protect
|move|p1b: Electabuzz|Follow Me|p1b: Electabuzz
|-singleturn|p1b: Electabuzz|move: Follow Me
|move|p1a: Arcanine|Rock Slide|p2a: Hatterene|[spread] p2a
|-activate|p2b: Kingambit|move: Protect
|-supereffective|p2a: Hatterene
|-damage|p2a: Hatterene|0 fnt
|faint|p2a: Hatterene
|
|upkeep
|
|t:|1756844709
|switch|p2a: Indeedee|Indeedee-F, L50, F|41/100
|turn|5
|
|t:|1756844731
|move|p1a: Arcanine|Protect|p1a: Arcanine
|-singleturn|p1a: Arcanine|Protect
|move|p2a: Indeedee|Follow Me|p2a: Indeedee
|-singleturn|p2a: Indeedee|move: Follow Me
|move|p1b: Electabuzz|Taunt|p2a: Indeedee
|-start|p2a: Indeedee|move: Taunt
|move|p2b: Kingambit|Low Kick|p1a: Arcanine
|-activate|p1a: Arcanine|move: Protect
|
|-fieldend|move: Psychic Terrain
|upkeep
|turn|6
|
|t:|1756844754
|move|p2b: Kingambit|Protect|p2b: Kingambit
|-singleturn|p2b: Kingambit|Protect
|move|p1b: Electabuzz|Electroweb|p2b: Kingambit|[spread] p2a
|-activate|p2b: Kingambit|move: Protect
|-crit|p2a: Indeedee
|-damage|p2a: Indeedee|20/100
|-unboost|p2a: Indeedee|spe|1
|move|p1a: Arcanine|Flare Blitz|p2b: Kingambit
|-activate|p2b: Kingambit|move: Protect
|move|p2a: Indeedee|Psychic|p1b: Electabuzz
|-damage|p1b: Electabuzz|2/100
|
|upkeep
|turn|7
|
|t:|1756844782
|switch|p2b: Torkoal|Torkoal, L50, M|100/100
|-weather|SunnyDay|[from] ability: Drought|[of] p2b: Torkoal
|move|p1b: Electabuzz|Electroweb|p2a: Indeedee|[spread] p2a,p2b
|-damage|p2a: Indeedee|8/100
|-damage|p2b: Torkoal|81/100
|-unboost|p2a: Indeedee|spe|1
|-unboost|p2b: Torkoal|spe|1
|move|p1a: Arcanine|Flare Blitz|p2b: Torkoal
|-resisted|p2b: Torkoal
|-damage|p2b: Torkoal|46/100
|-damage|p1a: Arcanine|88/100|[from] Recoil
|move|p2a: Indeedee|Psychic|p1b: Electabuzz
|-damage|p1b: Electabuzz|0 fnt
|faint|p1b: Electabuzz
|
|-weather|SunnyDay|[upkeep]
|upkeep
|
|t:|1756844793
|switch|p1b: Rillaboom|Rillaboom, L50, F|100/100
|-fieldstart|move: Grassy Terrain|[from] ability: Grassy Surge|[of] p1b: Rillaboom
|turn|8
|
|t:|1756844800
|move|p2b: Torkoal|Protect|p2b: Torkoal
|-singleturn|p2b: Torkoal|Protect
|move|p1a: Arcanine|Rock Slide|p2b: Torkoal|[spread] p2a
|-activate|p2b: Torkoal|move: Protect
|-crit|p2a: Indeedee
|-damage|p2a: Indeedee|0 fnt
|faint|p2a: Indeedee
|move|p1b: Rillaboom|High Horsepower|p2b: Torkoal
|-activate|p2b: Torkoal|move: Protect
|
|-weather|SunnyDay|[upkeep]
|-heal|p1a: Arcanine|94/100|[from] Grassy Terrain
|-heal|p2b: Torkoal|52/100|[from] Grassy Terrain
|upkeep
|
|t:|1756844804
|switch|p2a: Kingambit|Kingambit, L50, M|100/100
|turn|9
|
|t:|1756844823
|move|p2a: Kingambit|Sucker Punch|p1a: Arcanine
|-damage|p1a: Arcanine|43/100
|move|p1a: Arcanine|Rock Slide|p2b: Torkoal|[spread] p2b
|-miss|p1a: Arcanine|p2a: Kingambit
|-supereffective|p2b: Torkoal
|-damage|p2b: Torkoal|10/100
|move|p1b: Rillaboom|High Horsepower|p2b: Torkoal
|-supereffective|p2b: Torkoal
|-damage|p2b: Torkoal|0 fnt
|faint|p2b: Torkoal
|
|-weather|SunnyDay|[upkeep]
|-heal|p1a: Arcanine|48/100|[from] Grassy Terrain
|upkeep
|turn|10
|
|t:|1756844835
|move|p1a: Arcanine|Flare Blitz|p2a: Kingambit
|-supereffective|p2a: Kingambit
|-damage|p2a: Kingambit|0 fnt
|faint|p2a: Kingambit
|-damage|p1a: Arcanine|9/100|[from] Recoil
|
|win|palle synchro
