|j|☆flubberbut
|j|☆jacre22
|html|flubberbutjacre22    
|uhtml|bestof|Game 2 of a best-of-3
|t:|1756070854
|gametype|doubles
|player|p1|flubberbut|benga|1195
|player|p2|jacre22|iris-gen5bw2|1305
|gen|9
|tier|[Gen 9] VGC 2025 Reg H (Bo3)
|rated|
|rule|Species Clause: Limit one of each Pokémon
|rule|Item Clause: Limit 1 of each item
|clearpoke
|poke|p1|Ninetales-Alola, L50, F|
|poke|p1|Rillaboom, L50, F|
|poke|p1|Sneasler, L50, M|
|poke|p1|Dondozo, L50, F|
|poke|p1|Tatsugiri, L50, M|
|poke|p1|Drifblim, L50, M|
|poke|p2|Whimsicott, L50, F|
|poke|p2|Garchomp, L50, M|
|poke|p2|Gholdengo, L50|
|poke|p2|Incineroar, L50, F|
|poke|p2|Sneasler, L50, F|
|poke|p2|Dragonite, L50, F|
|teampreview|4
|showteam|p1|Ninetales-Alola||ChoiceSpecs|SnowWarning|FreezeDry,Blizzard,Moonblast,TeraBlast|||F|||50|,,,,,Ghost]Rillaboom||AssaultVest|GrassySurge|FakeOut,WoodHammer,GrassyGlide,HighHorsepower|||F|||50|,,,,,Fire]Sneasler||ClearAmulet|PoisonTouch|CloseCombat,DireClaw,ThroatChop,Protect|||M|||50|,,,,,Dark]Dondozo||CovertCloak|Unaware|OrderUp,WaveCrash,Earthquake,Protect|||F|||50|,,,,,Dragon]Tatsugiri||ChoiceScarf|Commander|MuddyWater,IcyWind,DracoMeteor,HydroPump|||M|||50|,,,,,Ghost]Drifblim||GrassySeed|Unburden|Acrobatics,ClearSmog,Tailwind,WillOWisp|||M|||50|,,,,,Flying
|showteam|p2|Whimsicott||FocusSash|Prankster|Moonblast,Tailwind,Encore,Protect|||F|||50|,,,,,Ghost]Garchomp||LifeOrb|RoughSkin|Earthquake,DragonClaw,StompingTantrum,Protect|||M|||50|,,,,,Ground]Gholdengo||ChoiceSpecs|GoodasGold|MakeItRain,ShadowBall,Trick,PowerGem||||||50|,,,,,Steel]Incineroar||AssaultVest|Intimidate|FakeOut,FlareBlitz,KnockOff,Uturn|||F|||50|,,,,,Grass]Sneasler||WhiteHerb|Unburden|FakeOut,DireClaw,CloseCombat,Protect|||F|||50|,,,,,Stellar]Dragonite||ChoiceBand|InnerFocus|ExtremeSpeed,Outrage,IceSpinner,StompingTantrum|||F|||50|,,,,,Normal
|
|t:|1756070880
|teamsize|p1|4
|teamsize|p2|4
|start
|switch|p1a: Dondozo|Dondozo, L50, F|100/100
|switch|p1b: Ninetales|Ninetales-Alola, L50, F|100/100
|switch|p2a: Whimsicott|Whimsicott, L50, F|100/100
|switch|p2b: Gholdengo|Gholdengo, L50|100/100
|-weather|Snowscape|[from] ability: Snow Warning|[of] p1b: Ninetales
|turn|1
|
|t:|1756070914
|move|p2a: Whimsicott|Tailwind|p2a: Whimsicott
|-sidestart|p2: jacre22|move: Tailwind
|move|p2b: Gholdengo|Make It Rain|p1a: Dondozo|[spread] p1a,p1b
|-resisted|p1a: Dondozo
|-supereffective|p1b: Ninetales
|-damage|p1a: Dondozo|61/100
|-damage|p1b: Ninetales|0 fnt
|-unboost|p2b: Gholdengo|spa|1
|faint|p1b: Ninetales
|move|p1a: Dondozo|Wave Crash|p2a: Whimsicott
|-resisted|p2a: Whimsicott
|-damage|p2a: Whimsicott|56/100
|-damage|p1a: Dondozo|52/100|[from] Recoil
|
|-weather|Snowscape|[upkeep]
|upkeep
|
|t:|1756070920
|switch|p1b: Tatsugiri|Tatsugiri, L50, M|100/100
|-activate|p1b: Tatsugiri|ability: Commander|[of] p1a: Dondozo
|-boost|p1a: Dondozo|atk|2
|-boost|p1a: Dondozo|spa|2
|-boost|p1a: Dondozo|spe|2
|-boost|p1a: Dondozo|def|2
|-boost|p1a: Dondozo|spd|2
|turn|2
|
|t:|1756070946
|move|p2a: Whimsicott|Moonblast|p1a: Dondozo
|-damage|p1a: Dondozo|33/100
|move|p2b: Gholdengo|Make It Rain|p1b: Tatsugiri|[spread] p1a
|-miss|p2b: Gholdengo|p1b: Tatsugiri
|-resisted|p1a: Dondozo
|-damage|p1a: Dondozo|13/100
|-unboost|p2b: Gholdengo|spa|1
|move|p1a: Dondozo|Earthquake|p2b: Gholdengo|[spread] p2a,p2b
|-miss|p1a: Dondozo|p1b: Tatsugiri
|-resisted|p2a: Whimsicott
|-supereffective|p2b: Gholdengo
|-damage|p2a: Whimsicott|20/100
|-damage|p2b: Gholdengo|3/100
|
|-weather|Snowscape|[upkeep]
|upkeep
|turn|3
|
|t:|1756070970
|switch|p2b: Dragonite|Dragonite, L50, F|100/100
|move|p2a: Whimsicott|Moonblast|p1a: Dondozo
|-damage|p1a: Dondozo|0 fnt
|faint|p1a: Dondozo
|
|-weather|Snowscape|[upkeep]
|upkeep
|
|t:|1756070973
|switch|p1a: Sneasler|Sneasler, L50, M|100/100
|turn|4
|
|t:|1756070993
|-terastallize|p1b: Tatsugiri|Ghost
|-terastallize|p2b: Dragonite|Normal
|move|p1a: Sneasler|Protect|p1a: Sneasler
|-singleturn|p1a: Sneasler|Protect
|move|p2b: Dragonite|Extreme Speed|p1a: Sneasler
|-activate|p1a: Sneasler|move: Protect
|move|p2a: Whimsicott|Moonblast|p1b: Tatsugiri
|-damage|p1b: Tatsugiri|54/100
|move|p1b: Tatsugiri|Icy Wind|p2a: Whimsicott|[spread] p2a,p2b
|-supereffective|p2a: Whimsicott
|-damage|p2a: Whimsicott|0 fnt
|-damage|p2b: Dragonite|87/100
|-unboost|p2b: Dragonite|spe|1
|faint|p2a: Whimsicott
|
|-weather|Snowscape|[upkeep]
|-sideend|p2: jacre22|move: Tailwind
|upkeep
|
|t:|1756071009
|switch|p2a: Sneasler|Sneasler, L50, F|100/100
|turn|5
|
|t:|1756071021
|move|p2b: Dragonite|Extreme Speed|p1a: Sneasler
|-damage|p1a: Sneasler|0 fnt
|faint|p1a: Sneasler
|move|p1b: Tatsugiri|Icy Wind|p2b: Dragonite|[spread] p2a,p2b
|-damage|p2a: Sneasler|81/100
|-damage|p2b: Dragonite|75/100
|-unboost|p2a: Sneasler|spe|1
|-unboost|p2b: Dragonite|spe|1
|-enditem|p2a: Sneasler|White Herb
|-clearnegativeboost|p2a: Sneasler|[silent]
|move|p2a: Sneasler|Dire Claw|p1b: Tatsugiri
|-resisted|p1b: Tatsugiri
|-damage|p1b: Tatsugiri|17/100
|
|-weather|none
|upkeep
|turn|6
|-message|flubberbut forfeited.
|
|win|jacre22
|raw|flubberbut's rating: 1195 → 1178(-17 for losing)
|raw|jacre22's rating: 1305 → 1319(+14 for winning)
|l|☆flubberbut
|player|p1|
|c|☆jacre22|ggs
