|j|☆N4nD1tt0
|j|☆pedriesta
|html|N4nD1tt0pedriesta    
|uhtml|bestof|Game 1 of a best-of-3
|t:|1783538350
|gametype|doubles
|player|p1|N4nD1tt0|pokefan-gen4|
|player|p2|pedriesta|266|
|gen|9
|tier|[Gen 9 Champions] VGC 2026 Reg M-B (Bo3)
|rule|Species Clause: Limit one of each Pokémon
|rule|Item Clause: Limit 1 of each item
|clearpoke
|poke|p1|Kingambit, L50, M|
|poke|p1|Sylveon, L50, M|
|poke|p1|Garchomp, L50, M|
|poke|p1|Aerodactyl, L50, F|
|poke|p1|Farigiraf, L50, M|
|poke|p1|Charizard, L50, M|
|poke|p2|Sneasler, L50, F|
|poke|p2|Kingambit, L50, F|
|poke|p2|Incineroar, L50, M|
|poke|p2|Delphox, L50, M|
|poke|p2|Sinistcha, L50|
|poke|p2|Floette-Eternal, L50, F|
|teampreview|4
|showteam|p1|Kingambit||FocusSash|Defiant|IronHead,SuckerPunch,KowtowCleave,LowKick|Adamant||M|||50|]Sylveon||FairyFeather|Pixilate|Detect,HyperVoice,HyperBeam,QuickAttack|Modest||M|||50|]Garchomp||LifeOrb|RoughSkin|Protect,DragonClaw,Earthquake,StompingTantrum|Jolly||M|||50|]Aerodactyl||Aerodactylite|RockHead|IceFang,RockSlide,Tailwind,DualWingbeat|Jolly||F|||50|]Farigiraf||SitrusBerry|ArmorTail|TrickRoom,Psychic,Thunderbolt,Roar|Bold||M|||50|]Charizard||CharizarditeY|SolarPower|HeatWave,SolarBeam,WeatherBall,Protect|Modest||M|||50|
|showteam|p2|Sneasler||FocusSash|PoisonTouch|DireClaw,CloseCombat,FakeOut,QuickGuard|Jolly||F|||50|]Kingambit||BlackGlasses|Defiant|KowtowCleave,SuckerPunch,SwordsDance,Protect|Adamant||F|||50|]Incineroar||SitrusBerry|Intimidate|FlareBlitz,HelpingHand,PartingShot,FakeOut|Careful||M|||50|]Delphox||Delphoxite|Blaze|HeatWave,Psyshock,NastyPlot,Protect|Timid||M|||50|]Sinistcha||KasibBerry|Hospitality|MatchaGotcha,RagePowder,TrickRoom,Protect|Bold|||||50|]Floette-Eternal||Floettite|FlowerVeil|Moonblast,DrainingKiss,CalmMind,Protect|Timid||F|||50|
|inactive|Battle timer is ON: inactive players will automatically lose when time's up. (requested by pedriesta)
|inactive|N4nD1tt0 also wants the timer to be on.
|inactive|pedriesta has 60 seconds left.
|inactive|pedriesta has 30 seconds left.
|inactive|pedriesta has 20 seconds left.
|inactive|pedriesta has 15 seconds left.
|inactive|pedriesta has 10 seconds left.
|
|t:|1783538431
|teamsize|p1|4
|teamsize|p2|4
|start
|switch|p1a: Farigiraf|Farigiraf, L50, M|100/100
|switch|p1b: Charizard|Charizard, L50, M|100/100
|switch|p2a: Incineroar|Incineroar, L50, M|100/100
|switch|p2b: Floette|Floette-Eternal, L50, F|100/100
|-ability|p2a: Incineroar|Intimidate|boost
|-unboost|p1a: Farigiraf|atk|1
|-unboost|p1b: Charizard|atk|1
|turn|1
|
|t:|1783538453
|detailschange|p2b: Floette|Floette-Mega, L50, F
|-mega|p2b: Floette|Floette|Floettite
|-ability|p2b: Floette|Fairy Aura
|detailschange|p1b: Charizard|Charizard-Mega-Y, L50, M
|-mega|p1b: Charizard|Charizard|Charizardite Y
|-weather|SunnyDay|[from] ability: Drought|[of] p1b: Charizard
|move|p2b: Floette|Calm Mind|p2b: Floette
|-boost|p2b: Floette|spa|1
|-boost|p2b: Floette|spd|1
|move|p1b: Charizard|Heat Wave|p2a: Incineroar|[spread] p2b
|-miss|p1b: Charizard|p2a: Incineroar
|-damage|p2b: Floette|68/100
|move|p2a: Incineroar|Parting Shot|p1b: Charizard
|-unboost|p1b: Charizard|atk|1
|-unboost|p1b: Charizard|spa|1
|
|t:|1783538467
|switch|p2a: Kingambit|Kingambit, L50, F|100/100|[from] Parting Shot
|move|p1a: Farigiraf|Roar|p2b: Floette
|drag|p2b: Sneasler|Sneasler, L50, F|100/100
|
|-weather|SunnyDay|[upkeep]
|upkeep
|turn|2
|inactive|pedriesta has 30 seconds left.
|
|t:|1783538498
|move|p2b: Sneasler|Dire Claw|p1b: Charizard
|-damage|p1b: Charizard|57/100
|move|p1b: Charizard|Heat Wave|p2a: Kingambit|[spread] p2b
|-miss|p1b: Charizard|p2a: Kingambit
|-damage|p2b: Sneasler|40/100
|move|p1a: Farigiraf|Psychic|p2b: Sneasler
|-supereffective|p2b: Sneasler|2
|-damage|p2b: Sneasler|0 fnt
|faint|p2b: Sneasler
|move|p2a: Kingambit|Kowtow Cleave|p1b: Charizard
|-damage|p1b: Charizard|9/100
|
|-weather|SunnyDay|[upkeep]
|upkeep
|
|t:|1783538517
|switch|p2b: Floette|Floette-Mega, L50, F|68/100
|-ability|p2b: Floette|Fairy Aura
|turn|3
|
|t:|1783538533
|move|p2b: Floette|Draining Kiss|p1b: Charizard
|-resisted|p1b: Charizard|1
|-damage|p1b: Charizard|0 fnt
|-heal|p2b: Floette|76/100|[from] drain|[of] p1b: Charizard
|faint|p1b: Charizard
|move|p2a: Kingambit|Swords Dance|p2a: Kingambit
|-boost|p2a: Kingambit|atk|2
|move|p1a: Farigiraf|Trick Room|p1a: Farigiraf
|-fieldstart|move: Trick Room|[of] p1a: Farigiraf
|
|-weather|SunnyDay|[upkeep]
|upkeep
|
|t:|1783538545
|switch|p1b: Sylveon|Sylveon, L50, M|100/100
|turn|4
|
|t:|1783538571
|move|p2a: Kingambit|Protect|p2a: Kingambit
|-singleturn|p2a: Kingambit|Protect
|move|p1b: Sylveon|Hyper Voice|p2a: Kingambit|[spread] p2b
|-activate|p2a: Kingambit|move: Protect
|-damage|p2b: Floette|28/100
|move|p2b: Floette|Moonblast|p1b: Sylveon
|-damage|p1b: Sylveon|50/100g
|move|p1a: Farigiraf|Roar|p2a: Kingambit
|drag|p2a: Incineroar|Incineroar, L50, M|100/100
|-ability|p2a: Incineroar|Intimidate|boost
|-unboost|p1a: Farigiraf|atk|1
|-unboost|p1b: Sylveon|atk|1
|
|-weather|SunnyDay|[upkeep]
|upkeep
|turn|5
|
|t:|1783538594
|switch|p1b: Kingambit|Kingambit, L50, M|100/100
|move|p2b: Floette|Protect|p2b: Floette
|-singleturn|p2b: Floette|Protect
|move|p1a: Farigiraf|Thunderbolt|p2b: Floette
|-activate|p2b: Floette|move: Protect
|move|p2a: Incineroar|Flare Blitz|p1b: Kingambit
|-supereffective|p1b: Kingambit|1
|-enditem|p1b: Kingambit|Focus Sash
|-damage|p1b: Kingambit|1/100
|-damage|p2a: Incineroar|71/100|[from] Recoil
|
|-weather|none
|upkeep
|turn|6
|
|t:|1783538619
|move|p1a: Farigiraf|Thunderbolt|p2a: Incineroar
|-damage|p2a: Incineroar|51/100
|move|p1b: Kingambit|Low Kick|p2a: Incineroar
|-supereffective|p2a: Incineroar|1
|-damage|p2a: Incineroar|0 fnt
|faint|p2a: Incineroar
|move|p2b: Floette|Draining Kiss|p1b: Kingambit
|-damage|p1b: Kingambit|0 fnt
|-heal|p2b: Floette|29/100|[from] drain|[of] p1b: Kingambit
|faint|p1b: Kingambit
|
|upkeep
|
|t:|1783538625
|switch|p1b: Sylveon|Sylveon, L50, M|50/100g
|switch|p2a: Kingambit|Kingambit, L50, F|100/100
|turn|7
|
|t:|1783538646
|move|p2b: Floette|Protect|p2b: Floette
|-singleturn|p2b: Floette|Protect
|move|p2a: Kingambit|Kowtow Cleave|p1a: Farigiraf
|-supereffective|p1a: Farigiraf|1
|-damage|p1a: Farigiraf|14/100
|-enditem|p1a: Farigiraf|Sitrus Berry|[eat]
|-heal|p1a: Farigiraf|39/100|[from] item: Sitrus Berry
|move|p1a: Farigiraf|Thunderbolt|p2b: Floette
|-activate|p2b: Floette|move: Protect
|move|p1b: Sylveon|Hyper Beam|p2a: Kingambit
|-damage|p2a: Kingambit|0 fnt
|-mustrecharge|p1b: Sylveon
|faint|p2a: Kingambit
|
|-fieldend|move: Trick Room
|upkeep
|turn|8
|inactive|pedriesta has 30 seconds left.
|inactive|pedriesta has 20 seconds left.
|
|t:|1783538682
|move|p2b: Floette|Draining Kiss|p1a: Farigiraf
|-damage|p1a: Farigiraf|5/100
|-heal|p2b: Floette|64/100|[from] drain|[of] p1a: Farigiraf
|cant|p1b: Sylveon|recharge
|move|p1a: Farigiraf|Thunderbolt|p2b: Floette
|-damage|p2b: Floette|47/100
|
|upkeep
|turn|9
|
|t:|1783538698
|move|p2b: Floette|Moonblast|p1b: Sylveon
|-damage|p1b: Sylveon|0 fnt
|faint|p1b: Sylveon
|move|p1a: Farigiraf|Trick Room|p1a: Farigiraf
|-fieldstart|move: Trick Room|[of] p1a: Farigiraf
|
|upkeep
|turn|10
|
|t:|1783538712
|move|p2b: Floette|Protect|p2b: Floette
|-singleturn|p2b: Floette|Protect
|move|p1a: Farigiraf|Psychic|p2b: Floette
|-activate|p2b: Floette|move: Protect
|
|upkeep
|turn|11
|
|t:|1783538718
|move|p1a: Farigiraf|Psychic|p2b: Floette
|-damage|p2b: Floette|19/100
|move|p2b: Floette|Draining Kiss|p1a: Farigiraf
|-damage|p1a: Farigiraf|0 fnt
|-heal|p2b: Floette|25/100|[from] drain|[of] p1a: Farigiraf
|faint|p1a: Farigiraf
|
|win|pedriesta
||N4nD1tt0 is ready for game 2.
|inactive|pedriesta has 30 seconds to confirm battle start!
||pedriesta is ready for game 2.
|uhtml|next|Next: Game 2 of 3
|l|☆N4nD1tt0
|player|p1|
