|j|☆ScaleMiss
|j|☆arkjsmith
|html|ScaleMissarkjsmith    
|uhtml|bestof|Game 1 of a best-of-3
|t:|1756578155
|gametype|doubles
|player|p1|ScaleMiss|harmony|1257
|player|p2|arkjsmith|roxie|1170
|gen|9
|tier|[Gen 9] VGC 2025 Reg H (Bo3)
|rated|
|rule|Species Clause: Limit one of each Pokémon
|rule|Item Clause: Limit 1 of each item
|clearpoke
|poke|p1|Volcarona, L50, M|
|poke|p1|Rillaboom, L50, F|
|poke|p1|Gholdengo, L50|
|poke|p1|Sneasler, L50, M|
|poke|p1|Arcanine-Hisui, L50, M|
|poke|p1|Sinistcha-Masterpiece, L50|
|poke|p2|Dragonite, L50, M|
|poke|p2|Gholdengo, L50|
|poke|p2|Ursaluna-Bloodmoon, L50, M|
|poke|p2|Annihilape, L50, F|
|poke|p2|Ninetales-Alola, L50, M|
|poke|p2|Rillaboom, L50, M|
|teampreview|4
|showteam|p1|Volcarona||CovertCloak|FlameBody|QuiverDance,HeatWave,TeraBlast,Protect|||M|||50|,,,,,Fairy]Rillaboom||AssaultVest|GrassySurge|Uturn,WoodHammer,GrassyGlide,FakeOut|||F|||50|,,,,,Fire]Gholdengo||MetalCoat|GoodasGold|MakeItRain,ShadowBall,NastyPlot,Protect||||||50|,,,,,Dragon]Sneasler||FocusSash|Unburden|DireClaw,CloseCombat,FakeOut,Protect|||M|||50|,,,,,Stellar]Arcanine-Hisui||ClearAmulet|Intimidate|RockSlide,FlareBlitz,ExtremeSpeed,Protect|||M|||50|,,,,,Water]Sinistcha-Masterpiece||RockyHelmet|Hospitality|MatchaGotcha,RagePowder,TrickRoom,Imprison||||||50|,,,,,Dark
|showteam|p2|Dragonite||LoadedDice|Multiscale|ScaleShot,ExtremeSpeed,Tailwind,Protect|||M|||50|,,,,,Fairy]Gholdengo||GrassySeed|GoodasGold|NastyPlot,MakeItRain,ShadowBall,Protect||||||50|,,,,,Dragon]Ursaluna-Bloodmoon||AssaultVest|MindsEye|BloodMoon,HyperVoice,EarthPower,VacuumWave|||M|||50|,,,,,Water]Annihilape||LifeOrb|Defiant|CloseCombat,RageFist,FinalGambit,Protect|||F|||50|,,,,,Fire]Ninetales-Alola||LightClay|SnowWarning|IcicleSpear,Blizzard,IcyWind,AuroraVeil|||M|||50|,,,,,Ghost]Rillaboom||MiracleSeed|GrassySurge|WoodHammer,GrassyGlide,Protect,FakeOut|||M|||50|,,,,,Grass
|inactive|Battle timer is ON: inactive players will automatically lose when time's up. (requested by arkjsmith)
|inactive|ScaleMiss also wants the timer to be on.
|
|t:|1756578182
|teamsize|p1|4
|teamsize|p2|4
|start
|switch|p1a: Sinistcha|Sinistcha-Masterpiece, L50|100/100
|switch|p1b: Volcarona|Volcarona, L50, M, shiny|100/100
|switch|p2a: Ninetales|Ninetales-Alola, L50, M|100/100
|switch|p2b: Annihilape|Annihilape, L50, F, shiny|100/100
|-weather|Snowscape|[from] ability: Snow Warning|[of] p2a: Ninetales
|turn|1
|inactive|arkjsmith has 30 seconds left.
|inactive|arkjsmith has 20 seconds left.
|
|t:|1756578220
|-terastallize|p2b: Annihilape|Fire
|-terastallize|p1a: Sinistcha|Dark
|move|p1a: Sinistcha|Rage Powder|p1a: Sinistcha
|-singleturn|p1a: Sinistcha|move: Rage Powder
|move|p2a: Ninetales|Aurora Veil|p2a: Ninetales
|-sidestart|p2: arkjsmith|move: Aurora Veil
|move|p2b: Annihilape|Rage Fist|p1a: Sinistcha
|-resisted|p1a: Sinistcha
|-crit|p1a: Sinistcha
|-damage|p1a: Sinistcha|83/100
|-damage|p2b: Annihilape|84/100|[from] item: Rocky Helmet|[of] p1a: Sinistcha
|-damage|p2b: Annihilape|75/100|[from] item: Life Orb
|move|p1b: Volcarona|Quiver Dance|p1b: Volcarona
|-boost|p1b: Volcarona|spa|1
|-boost|p1b: Volcarona|spd|1
|-boost|p1b: Volcarona|spe|1
|
|-weather|Snowscape|[upkeep]
|upkeep
|turn|2
|inactive|arkjsmith has 30 seconds left.
|
|t:|1756578246
|move|p1a: Sinistcha|Rage Powder|p1a: Sinistcha
|-singleturn|p1a: Sinistcha|move: Rage Powder
|move|p1b: Volcarona|Quiver Dance|p1b: Volcarona
|-boost|p1b: Volcarona|spa|1
|-boost|p1b: Volcarona|spd|1
|-boost|p1b: Volcarona|spe|1
|move|p2a: Ninetales|Icy Wind|p1a: Sinistcha|[spread] p1a,p1b
|-resisted|p1b: Volcarona
|-damage|p1a: Sinistcha|71/100
|-damage|p1b: Volcarona|97/100
|-unboost|p1a: Sinistcha|spe|1
|move|p2b: Annihilape|Close Combat|p1a: Sinistcha
|-supereffective|p1a: Sinistcha
|-damage|p1a: Sinistcha|0 fnt
|-unboost|p2b: Annihilape|def|1
|-unboost|p2b: Annihilape|spd|1
|-damage|p2b: Annihilape|58/100|[from] item: Rocky Helmet|[of] p1a: Sinistcha
|faint|p1a: Sinistcha
|-damage|p2b: Annihilape|49/100|[from] item: Life Orb
|
|-weather|Snowscape|[upkeep]
|upkeep
|
|t:|1756578261
|switch|p1a: Sneasler|Sneasler, L50, M|100/100
|turn|3
|
|t:|1756578270
|move|p2b: Annihilape|Protect|p2b: Annihilape
|-singleturn|p2b: Annihilape|Protect
|move|p1b: Volcarona|Heat Wave|p2b: Annihilape|[spread] p2a
|-activate|p2b: Annihilape|move: Protect
|-supereffective|p2a: Ninetales
|-crit|p2a: Ninetales
|-damage|p2a: Ninetales|0 fnt
|faint|p2a: Ninetales
|move|p1a: Sneasler|Close Combat|p2b: Annihilape
|-activate|p2b: Annihilape|move: Protect
|
|-weather|Snowscape|[upkeep]
|upkeep
|
|t:|1756578277
|switch|p2a: Dragonite|Dragonite, L50, M, shiny|100/100
|turn|4
|
|t:|1756578300
|switch|p2b: Gholdengo|Gholdengo, L50|100/100
|move|p1b: Volcarona|Heat Wave|p2a: Dragonite|[spread] p2a
|-miss|p1b: Volcarona|p2b: Gholdengo
|-resisted|p2a: Dragonite
|-damage|p2a: Dragonite|88/100
|move|p1a: Sneasler|Close Combat|p2b: Gholdengo
|-immune|p2b: Gholdengo
|move|p2a: Dragonite|Tailwind|p2a: Dragonite
|-sidestart|p2: arkjsmith|move: Tailwind
|
|-weather|Snowscape|[upkeep]
|upkeep
|turn|5
|inactive|arkjsmith has 30 seconds left.
|
|t:|1756578328
|switch|p1a: Arcanine|Arcanine-Hisui, L50, M|100/100
|-ability|p1a: Arcanine|Intimidate|boost
|-unboost|p2a: Dragonite|atk|1
|-unboost|p2b: Gholdengo|atk|1
|move|p1b: Volcarona|Heat Wave|p2a: Dragonite|[spread] p2a,p2b
|-resisted|p2a: Dragonite
|-supereffective|p2b: Gholdengo
|-damage|p2a: Dragonite|61/100
|-damage|p2b: Gholdengo|0 fnt
|faint|p2b: Gholdengo
|move|p2a: Dragonite|Scale Shot|p1b: Volcarona
|-crit|p1b: Volcarona
|-damage|p1b: Volcarona|71/100
|-damage|p1b: Volcarona|58/100
|-damage|p1b: Volcarona|47/100
|-damage|p1b: Volcarona|34/100
|-damage|p1b: Volcarona|23/100
|-hitcount|p1b: Volcarona|5
|-unboost|p2a: Dragonite|def|1
|-boost|p2a: Dragonite|spe|1
|
|-weather|none
|upkeep
|
|t:|1756578335
|switch|p2b: Annihilape|Annihilape, L50, F, shiny, tera:Fire|49/100
|turn|6
|
|t:|1756578355
|move|p1b: Volcarona|Protect|p1b: Volcarona
|-singleturn|p1b: Volcarona|Protect
|move|p2a: Dragonite|Scale Shot|p1b: Volcarona
|-activate|p1b: Volcarona|move: Protect
|move|p2b: Annihilape|Close Combat|p1a: Arcanine
|-supereffective|p1a: Arcanine
|-crit|p1a: Arcanine
|-damage|p1a: Arcanine|0 fnt
|-unboost|p2b: Annihilape|def|1
|-unboost|p2b: Annihilape|spd|1
|faint|p1a: Arcanine
|-damage|p2b: Annihilape|39/100|[from] item: Life Orb
|
|upkeep
|
|t:|1756578363
|switch|p1a: Sneasler|Sneasler, L50, M|100/100
|turn|7
|inactive|ScaleMiss has 30 seconds left.
|
|t:|1756578391
|move|p1b: Volcarona|Protect||[still]
|-fail|p1b: Volcarona
|move|p1a: Sneasler|Fake Out|p2a: Dragonite
|-damage|p2a: Dragonite|45/100
|cant|p2a: Dragonite|flinch
|move|p2b: Annihilape|Rage Fist|p1b: Volcarona
|-damage|p1b: Volcarona|0 fnt
|faint|p1b: Volcarona
|-damage|p2b: Annihilape|30/100|[from] item: Life Orb
|
|-sideend|p2: arkjsmith|move: Tailwind
|upkeep
|turn|8
|
|t:|1756578405
|move|p2a: Dragonite|Scale Shot|p1a: Sneasler
|-damage|p1a: Sneasler|84/100
|-damage|p1a: Sneasler|68/100
|-damage|p1a: Sneasler|51/100
|-damage|p1a: Sneasler|34/100
|-damage|p1a: Sneasler|17/100
|-hitcount|p1a: Sneasler|5
|-unboost|p2a: Dragonite|def|1
|-boost|p2a: Dragonite|spe|1
|move|p1a: Sneasler|Dire Claw|p2b: Annihilape
|-damage|p2b: Annihilape|0 fnt
|faint|p2b: Annihilape
|
|-sideend|p2: arkjsmith|move: Aurora Veil
|upkeep
|turn|9
|
|t:|1756578412
|move|p1a: Sneasler|Protect|p1a: Sneasler
|-singleturn|p1a: Sneasler|Protect
|move|p2a: Dragonite|Extreme Speed|p1a: Sneasler
|-activate|p1a: Sneasler|move: Protect
|
|upkeep
|turn|10
|
|t:|1756578418
|move|p1a: Sneasler|Protect|p1a: Sneasler
|-singleturn|p1a: Sneasler|Protect
|move|p2a: Dragonite|Extreme Speed|p1a: Sneasler
|-activate|p1a: Sneasler|move: Protect
|
|upkeep
|turn|11
|
|t:|1756578422
|move|p1a: Sneasler|Protect||[still]
|-fail|p1a: Sneasler
|move|p2a: Dragonite|Extreme Speed|p1a: Sneasler
|-damage|p1a: Sneasler|0 fnt
|faint|p1a: Sneasler
|
|win|arkjsmith
||ScaleMiss is ready for game 2.
||arkjsmith is ready for game 2.
|uhtml|next|Next: Game 2 of 3
|l|☆ScaleMiss
|player|p1|
