|j|☆Luk29powapowa
|j|☆frostdragon750
|html|Luk29powapowafrostdragon750    
|uhtml|bestof|Game 1 of a best-of-3
|t:|1783814118
|gametype|doubles
|player|p1|Luk29powapowa|169|1000
|player|p2|frostdragon750|169|1009
|gen|9
|tier|[Gen 9 Champions] VGC 2026 Reg M-B (Bo3)
|rated|
|rule|Species Clause: Limit one of each Pokémon
|rule|Item Clause: Limit 1 of each item
|clearpoke
|poke|p1|Venusaur, L50, M|
|poke|p1|Archaludon, L50, M|
|poke|p1|Swampert, L50, F|
|poke|p1|Grimmsnarl, L50, M|
|poke|p1|Sneasler, L50, M|
|poke|p1|Pelipper, L50, F|
|poke|p2|Sceptile, L50, F, shiny|
|poke|p2|Rotom-Heat, L50, shiny|
|poke|p2|Basculegion, L50, M, shiny|
|poke|p2|Aerodactyl, L50, F, shiny|
|poke|p2|Garchomp, L50, M, shiny|
|poke|p2|Floette-Eternal, L50, F|
|teampreview|4
|showteam|p1|Venusaur||Venusaurite|Chlorophyll|LeechSeed,EnergyBall,Protect,SludgeBomb|Modest||M|||50|]Archaludon||Leftovers|Stamina|FlashCannon,ElectroShot,DragonPulse,Protect|Modest||M|||50|]Swampert||Swampertite|Torrent|HighHorsepower,FlipTurn,Protect,WaveCrash|Adamant||F|||50|]Grimmsnarl||LightClay|Prankster|Reflect,LightScreen,PartingShot,SpiritBreak|Careful||M|||50|]Sneasler||WhiteHerb|PoisonTouch|CloseCombat,FakeOut,Protect,DireClaw|Adamant||M|||50|]Pelipper||LifeOrb|Drizzle|WeatherBall,Hurricane,Tailwind,Protect|Modest||F|||50|
|showteam|p2|Sceptile||Sceptilite|Overgrow|Detect,EnergyBall,EarthPower,DragonPulse|Timid||F|||50|]Rotom-Heat||ChoiceScarf|Levitate|Discharge,Overheat,Thunderbolt,VoltSwitch|Timid|||||50|]Basculegion||SitrusBerry|Adaptability|WaveCrash,LastRespects,AquaJet,Protect|Adamant||M|||50|]Aerodactyl||FocusSash|Unnerve|RockSlide,DualWingbeat,Tailwind,WideGuard|Jolly||F|||50|]Garchomp||LifeOrb|RoughSkin|DragonClaw,Earthquake,RockSlide,Protect|Jolly||M|||50|]Floette-Eternal||Floettite|FlowerVeil|Moonblast,DazzlingGleam,LightofRuin,Protect|Timid||F|||50|
|inactive|Battle timer is ON: inactive players will automatically lose when time's up. (requested by Luk29powapowa)
|inactive|Luk29powapowa has 60 seconds left.
|
|t:|1783814178
|teamsize|p1|4
|teamsize|p2|4
|start
|switch|p1a: Grimmsnarl|Grimmsnarl, L50, M|100/100
|switch|p1b: Archaludon|Archaludon, L50, M|100/100
|switch|p2a: Aerodactyl|Aerodactyl, L50, F, shiny|100/100
|switch|p2b: Garchomp|Garchomp, L50, M, shiny|100/100
|-ability|p2a: Aerodactyl|Unnerve
|turn|1
|inactive|Luk29powapowa has 30 seconds left.
|
|t:|1783814207
|move|p1b: Archaludon|Protect|p1b: Archaludon
|-singleturn|p1b: Archaludon|Protect
|move|p1a: Grimmsnarl|Reflect|p1a: Grimmsnarl
|-sidestart|p1: Luk29powapowa|Reflect
|move|p2a: Aerodactyl|Tailwind|p2a: Aerodactyl
|-sidestart|p2: frostdragon750|move: Tailwind
|move|p2b: Garchomp|Earthquake|p1a: Grimmsnarl|[spread] p1a
|-activate|p1b: Archaludon|move: Protect
|-immune|p2a: Aerodactyl
|-damage|p1a: Grimmsnarl|65/100
|-damage|p2b: Garchomp|90/100|[from] item: Life Orb
|
|upkeep
|turn|2
|inactive|Luk29powapowa has 30 seconds left.
|
|t:|1783814234
|move|p1a: Grimmsnarl|Parting Shot|p2b: Garchomp
|-unboost|p2b: Garchomp|atk|1
|-unboost|p2b: Garchomp|spa|1
|
|t:|1783814238
|switch|p1a: Pelipper|Pelipper, L50, F|100/100|[from] Parting Shot
|-weather|RainDance|[from] ability: Drizzle|[of] p1a: Pelipper
|move|p2a: Aerodactyl|Rock Slide|p1b: Archaludon|[spread] p1a,p1b
|-supereffective|p1a: Pelipper|1
|-resisted|p1b: Archaludon|1
|-damage|p1a: Pelipper|50/100g
|-damage|p1b: Archaludon|93/100
|-ability|p1b: Archaludon|Stamina|boost
|-boost|p1b: Archaludon|def|1
|move|p2b: Garchomp|Earthquake|p1a: Pelipper|[spread] p1b
|-immune|p2a: Aerodactyl
|-immune|p1a: Pelipper
|-supereffective|p1b: Archaludon|1
|-damage|p1b: Archaludon|70/100
|-ability|p1b: Archaludon|Stamina|boost
|-boost|p1b: Archaludon|def|1
|-damage|p2b: Garchomp|80/100|[from] item: Life Orb
|cant|p1b: Archaludon|flinch
|
|-weather|RainDance|[upkeep]
|-heal|p1b: Archaludon|76/100|[from] item: Leftovers
|upkeep
|turn|3
|inactive|Luk29powapowa has 30 seconds left.
|inactive|frostdragon750 has 30 seconds left.
|
|t:|1783814266
|move|p2a: Aerodactyl|Rock Slide|p1b: Archaludon|[spread] p1a
|-miss|p2a: Aerodactyl|p1b: Archaludon
|-supereffective|p1a: Pelipper|1
|-damage|p1a: Pelipper|3/100
|move|p2b: Garchomp|Dragon Claw|p1b: Archaludon
|-damage|p1b: Archaludon|66/100
|-ability|p1b: Archaludon|Stamina|boost
|-boost|p1b: Archaludon|def|1
|-damage|p2b: Garchomp|70/100|[from] item: Life Orb
|move|p1a: Pelipper|Tailwind|p1a: Pelipper
|-sidestart|p1: Luk29powapowa|move: Tailwind
|move|p1b: Archaludon|Electro Shot||[still]
|-prepare|p1b: Archaludon|Electro Shot
|-boost|p1b: Archaludon|spa|1
|-anim|p1b: Archaludon|Electro Shot|p2a: Aerodactyl
|-supereffective|p2a: Aerodactyl|1
|-enditem|p2a: Aerodactyl|Focus Sash
|-damage|p2a: Aerodactyl|1/100
|
|-weather|RainDance|[upkeep]
|-heal|p1b: Archaludon|72/100|[from] item: Leftovers
|upkeep
|turn|4
|inactive|Luk29powapowa has 30 seconds left.
|
|t:|1783814297
|switch|p2b: Sceptile|Sceptile, L50, F, shiny|100/100
|switch|p1a: Grimmsnarl|Grimmsnarl, L50, M|65/100
|move|p2a: Aerodactyl|Rock Slide|p1a: Grimmsnarl|[spread] p1b
|-miss|p2a: Aerodactyl|p1a: Grimmsnarl
|-resisted|p1b: Archaludon|1
|-damage|p1b: Archaludon|70/100
|-ability|p1b: Archaludon|Stamina|boost
|-boost|p1b: Archaludon|def|1
|move|p1b: Archaludon|Dragon Pulse|p2b: Sceptile
|-damage|p2b: Sceptile|11/100
|
|-weather|RainDance|[upkeep]
|-heal|p1b: Archaludon|76/100|[from] item: Leftovers
|-sideend|p2: frostdragon750|move: Tailwind
|upkeep
|turn|5
|inactive|Luk29powapowa has 30 seconds left.
|inactive|Luk29powapowa has 20 seconds left.
|inactive|Luk29powapowa has 15 seconds left.
|inactive|Luk29powapowa has 10 seconds left.
|
|t:|1783814345
|switch|p2a: Rotom|Rotom-Heat, L50, shiny|100/100
|detailschange|p2b: Sceptile|Sceptile-Mega, L50, F, shiny
|-mega|p2b: Sceptile|Sceptile|Sceptilite
|move|p2b: Sceptile|Detect|p2b: Sceptile
|-singleturn|p2b: Sceptile|Protect
|move|p1a: Grimmsnarl|Parting Shot|p2a: Rotom
|-unboost|p2a: Rotom|atk|1
|-unboost|p2a: Rotom|spa|1
|
|t:|1783814356
|switch|p1a: Swampert|Swampert, L50, F|100/100|[from] Parting Shot
|move|p1b: Archaludon|Electro Shot||[still]
|-prepare|p1b: Archaludon|Electro Shot
|-boost|p1b: Archaludon|spa|1
|-anim|p1b: Archaludon|Electro Shot|p2b: Sceptile
|-activate|p2b: Sceptile|move: Protect
|
|-weather|RainDance|[upkeep]
|-heal|p1b: Archaludon|82/100|[from] item: Leftovers
|upkeep
|turn|6
|inactive|Luk29powapowa has 30 seconds left.
|
|t:|1783814381
|detailschange|p1a: Swampert|Swampert-Mega, L50, F
|-mega|p1a: Swampert|Swampert|Swampertite
|move|p1a: Swampert|Flip Turn|p2b: Sceptile
|-resisted|p2b: Sceptile|2
|-damage|p2b: Sceptile|0 fnt
|faint|p2b: Sceptile
|
|t:|1783814388
|switch|p1a: Grimmsnarl|Grimmsnarl, L50, M|65/100|[from] Flip Turn
|move|p2a: Rotom|Discharge|p1a: Grimmsnarl|[spread] p1a,p1b
|-resisted|p1b: Archaludon|1
|-damage|p1a: Grimmsnarl|50/100y
|-damage|p1b: Archaludon|73/100
|-ability|p1b: Archaludon|Stamina|boost
|-boost|p1b: Archaludon|def|1
|move|p1b: Archaludon|Electro Shot||[still]
|-prepare|p1b: Archaludon|Electro Shot
|-boost|p1b: Archaludon|spa|1
|-anim|p1b: Archaludon|Electro Shot|p2a: Rotom
|-resisted|p2a: Rotom|1
|-damage|p2a: Rotom|29/100
|
|-weather|none
|-heal|p1b: Archaludon|79/100|[from] item: Leftovers
|-sideend|p1: Luk29powapowa|move: Tailwind
|upkeep
|c|☆frostdragon750|Yep cheater
|-message|frostdragon750 forfeited.
|raw|Luk29powapowa's rating: 1000 → 1041(+41 for winning)
|raw|frostdragon750's rating: 1009 → 1000(-9 for losing)
|
|win|Luk29powapowa
|l|☆frostdragon750
|player|p2|
|l|☆Luk29powapowa
|player|p1|
