|j|☆Clementine1997
|j|☆enrique132132
|html|Clementine1997enrique132132    
|uhtml|bestof|Game 1 of a best-of-3
|t:|1756176910
|gametype|doubles
|player|p1|Clementine1997|clair|1108
|player|p2|enrique132132|170|1142
|gen|9
|tier|[Gen 9] VGC 2025 Reg H (Bo3)
|rated|
|rule|Species Clause: Limit one of each Pokémon
|rule|Item Clause: Limit 1 of each item
|clearpoke
|poke|p1|Whimsicott, L50, F|
|poke|p1|Ursaluna-Bloodmoon, L50, M|
|poke|p1|Incineroar, L50, M|
|poke|p1|Rillaboom, L50, F|
|poke|p1|Kingambit, L50, F|
|poke|p1|Primarina, L50, M|
|poke|p2|Indeedee, L50, M|
|poke|p2|Sneasler, L50, F|
|poke|p2|Talonflame, L50, M|
|poke|p2|Ursaluna-Bloodmoon, L50, M|
|poke|p2|Electabuzz, L50, M|
|poke|p2|Incineroar, L50, F|
|teampreview|4
|showteam|p1|Whimsicott||FocusSash|Prankster|Moonblast,Encore,Tailwind,Taunt|||F|||50|,,,,,Fire]Ursaluna-Bloodmoon||LifeOrb|MindsEye|BloodMoon,EarthPower,Moonblast,Protect|||M|||50|,,,,,Ghost]Incineroar||SitrusBerry|Intimidate|KnockOff,PartingShot,FlareBlitz,FakeOut|||M|||50|,,,,,Grass]Rillaboom||AssaultVest|GrassySurge|GrassyGlide,HighHorsepower,FakeOut,Uturn|||F|||50|,,,,,Fire]Kingambit||SafetyGoggles|Defiant|SuckerPunch,IronHead,SwordsDance,Protect|||F|||50|,,,,,Flying]Primarina||ThroatSpray|LiquidVoice|HyperVoice,Moonblast,Haze,Protect|||M|||50|,,,,,Fire
|showteam|p2|Indeedee||FocusSash|PsychicSurge|ExpandingForce,HelpingHand,TrickRoom,Protect|||M|||50|,,,,,Psychic]Sneasler||PsychicSeed|Unburden|CloseCombat,DireClaw,ThroatChop,Protect|||F|||50|,,,,,Dark]Talonflame||CovertCloak|GaleWings|FlareBlitz,DualWingbeat,WillOWisp,Tailwind|||M|||50|,,,,,Fairy]Ursaluna-Bloodmoon||LifeOrb|MindsEye|BloodMoon,HyperVoice,EarthPower,Protect|||M|||50|,,,,,Normal]Electabuzz||Eviolite|VitalSpirit|Electroweb,FollowMe,Taunt,Protect|||M|||50|,,,,,Dragon]Incineroar||SafetyGoggles|Intimidate|FlareBlitz,KnockOff,PartingShot,FakeOut|||F|||50|,,,,,Ghost
|inactive|Battle timer is ON: inactive players will automatically lose when time's up. (requested by Clementine1997)
|inactive|Clementine1997 has 60 seconds left.
|inactive|enrique132132 has 60 seconds left.
|
|t:|1756176976
|teamsize|p1|4
|teamsize|p2|4
|start
|switch|p1a: Incineroar|Incineroar, L50, M, shiny|100/100
|switch|p1b: Primarina|Primarina, L50, M, shiny|100/100
|switch|p2a: Indeedee|Indeedee, L50, M|100/100
|switch|p2b: Sneasler|Sneasler, L50, F|100/100
|-fieldstart|move: Psychic Terrain|[from] ability: Psychic Surge|[of] p2a: Indeedee
|-enditem|p2b: Sneasler|Psychic Seed
|-boost|p2b: Sneasler|spd|1|[from] item: Psychic Seed
|-ability|p1a: Incineroar|Intimidate|boost
|-unboost|p2a: Indeedee|atk|1
|-unboost|p2b: Sneasler|atk|1
|turn|1
|
|t:|1756176997
|switch|p1b: Rillaboom|Rillaboom, L50, F, shiny|100/100
|-fieldstart|move: Grassy Terrain|[from] ability: Grassy Surge|[of] p1b: Rillaboom
|move|p2b: Sneasler|Dire Claw|p1b: Rillaboom
|-supereffective|p1b: Rillaboom
|-damage|p1b: Rillaboom|42/100
|move|p2a: Indeedee|Expanding Force|p1a: Incineroar
|-immune|p1a: Incineroar
|move|p1a: Incineroar|Knock Off|p2a: Indeedee
|-supereffective|p2a: Indeedee
|-enditem|p2a: Indeedee|Focus Sash
|-damage|p2a: Indeedee|1/100
|
|-heal|p2a: Indeedee|7/100|[from] Grassy Terrain
|-heal|p1b: Rillaboom|47/100|[from] Grassy Terrain
|upkeep
|turn|2
|
|t:|1756177019
|switch|p2a: Talonflame|Talonflame, L50, M|100/100
|move|p2b: Sneasler|Protect|p2b: Sneasler
|-singleturn|p2b: Sneasler|Protect
|move|p1b: Rillaboom|Fake Out|p2b: Sneasler
|-activate|p2b: Sneasler|move: Protect
|move|p1a: Incineroar|Parting Shot|p2a: Talonflame
|-unboost|p2a: Talonflame|atk|1
|-unboost|p2a: Talonflame|spa|1
|
|t:|1756177025
|switch|p1a: Primarina|Primarina, L50, M, shiny|100/100|[from] Parting Shot
|
|-heal|p1b: Rillaboom|53/100|[from] Grassy Terrain
|upkeep
|turn|3
|
|t:|1756177042
|switch|p1b: Incineroar|Incineroar, L50, M, shiny|100/100
|-ability|p1b: Incineroar|Intimidate|boost
|-unboost|p2a: Talonflame|atk|1
|-unboost|p2b: Sneasler|atk|1
|-terastallize|p1a: Primarina|Fire
|move|p2a: Talonflame|Tailwind|p2a: Talonflame
|-sidestart|p2: enrique132132|move: Tailwind
|move|p2b: Sneasler|Dire Claw|p1a: Primarina
|-damage|p1a: Primarina|77/100
|move|p1a: Primarina|Hyper Voice|p2b: Sneasler|[spread] p2a,p2b
|-supereffective|p2a: Talonflame
|-damage|p2a: Talonflame|0 fnt
|-damage|p2b: Sneasler|72/100
|faint|p2a: Talonflame
|-enditem|p1a: Primarina|Throat Spray
|-boost|p1a: Primarina|spa|1|[from] item: Throat Spray
|
|-heal|p2b: Sneasler|77/100|[from] Grassy Terrain
|-heal|p1a: Primarina|83/100|[from] Grassy Terrain
|upkeep
|
|t:|1756177061
|switch|p2a: Ursaluna|Ursaluna-Bloodmoon, L50, M|100/100
|turn|4
|
|t:|1756177086
|-terastallize|p2a: Ursaluna|Normal
|move|p1a: Primarina|Protect|p1a: Primarina
|-singleturn|p1a: Primarina|Protect
|move|p2b: Sneasler|Close Combat|p1b: Incineroar
|-supereffective|p1b: Incineroar
|-damage|p1b: Incineroar|32/100
|-unboost|p2b: Sneasler|def|1
|-unboost|p2b: Sneasler|spd|1
|-enditem|p1b: Incineroar|Sitrus Berry|[eat]
|-heal|p1b: Incineroar|57/100|[from] item: Sitrus Berry
|move|p2a: Ursaluna|Blood Moon|p1a: Primarina
|-activate|p1a: Primarina|move: Protect
|move|p1b: Incineroar|Parting Shot|p2a: Ursaluna
|-unboost|p2a: Ursaluna|atk|1
|-unboost|p2a: Ursaluna|spa|1
|
|t:|1756177101
|switch|p1b: Whimsicott|Whimsicott, L50, F, shiny|100/100|[from] Parting Shot
|
|-heal|p2b: Sneasler|83/100|[from] Grassy Terrain
|-heal|p1a: Primarina|89/100|[from] Grassy Terrain
|upkeep
|turn|5
|
|t:|1756177113
|move|p1b: Whimsicott|Tailwind|p1b: Whimsicott
|-sidestart|p1: Clementine1997|move: Tailwind
|move|p2b: Sneasler|Dire Claw|p1b: Whimsicott
|-supereffective|p1b: Whimsicott
|-damage|p1b: Whimsicott|21/100
|move|p2a: Ursaluna|Earth Power|p1a: Primarina
|-supereffective|p1a: Primarina
|-damage|p1a: Primarina|8/100
|-damage|p2a: Ursaluna|91/100|[from] item: Life Orb
|move|p1a: Primarina|Hyper Voice|p2b: Sneasler|[spread] p2a,p2b
|-crit|p2a: Ursaluna
|-damage|p2a: Ursaluna|0 fnt
|-damage|p2b: Sneasler|19/100
|faint|p2a: Ursaluna
|
|-heal|p2b: Sneasler|25/100|[from] Grassy Terrain
|-heal|p1b: Whimsicott|27/100|[from] Grassy Terrain
|-heal|p1a: Primarina|14/100|[from] Grassy Terrain
|-fieldend|move: Grassy Terrain
|upkeep
|
|t:|1756177125
|switch|p2a: Indeedee|Indeedee, L50, M|7/100
|-fieldstart|move: Psychic Terrain|[from] ability: Psychic Surge|[of] p2a: Indeedee
|turn|6
|
|t:|1756177132
|switch|p1b: Rillaboom|Rillaboom, L50, F, shiny|53/100
|-fieldstart|move: Grassy Terrain|[from] ability: Grassy Surge|[of] p1b: Rillaboom
|move|p1a: Primarina|Protect|p1a: Primarina
|-singleturn|p1a: Primarina|Protect
|move|p2b: Sneasler|Dire Claw|p1b: Rillaboom
|-supereffective|p1b: Rillaboom
|-damage|p1b: Rillaboom|15/100
|-status|p1b: Rillaboom|par
|move|p2a: Indeedee|Expanding Force|p1a: Primarina
|-activate|p1a: Primarina|move: Protect
|
|-heal|p2b: Sneasler|31/100|[from] Grassy Terrain
|-heal|p2a: Indeedee|13/100|[from] Grassy Terrain
|-heal|p1a: Primarina|20/100|[from] Grassy Terrain
|-heal|p1b: Rillaboom|21/100 par|[from] Grassy Terrain
|-sideend|p2: enrique132132|move: Tailwind
|upkeep
|turn|7
|inactive|enrique132132 has 30 seconds left.
|
|t:|1756177159
|move|p2a: Indeedee|Protect|p2a: Indeedee
|-singleturn|p2a: Indeedee|Protect
|move|p1b: Rillaboom|Fake Out|p2b: Sneasler
|-damage|p2b: Sneasler|0 fnt
|faint|p2b: Sneasler
|move|p1a: Primarina|Hyper Voice|p2a: Indeedee
|-activate|p2a: Indeedee|move: Protect
|
|-heal|p1a: Primarina|25/100|[from] Grassy Terrain
|-heal|p2a: Indeedee|19/100|[from] Grassy Terrain
|-heal|p1b: Rillaboom|27/100 par|[from] Grassy Terrain
|upkeep
|turn|8
|
|t:|1756177168
|move|p1a: Primarina|Hyper Voice|p2a: Indeedee
|-damage|p2a: Indeedee|0 fnt
|faint|p2a: Indeedee
|
|win|Clementine1997
||Clementine1997 is ready for game 2.
||enrique132132 is ready for game 2.
|uhtml|next|Next: Game 2 of 3
|l|☆Clementine1997
|player|p1|
