|j|☆LyricSum
|j|☆LynxVGC
|html|LyricSumLynxVGC    
|uhtml|bestof|Game 1 of a best-of-3
|t:|1784279029
|gametype|doubles
|player|p1|LyricSum|plasmagrunt-gen5bw|1160
|player|p2|LynxVGC|larry|1271
|gen|9
|tier|[Gen 9 Champions] VGC 2026 Reg M-B (Bo3)
|rated|
|rule|Species Clause: Limit one of each Pokémon
|rule|Item Clause: Limit 1 of each item
|clearpoke
|poke|p1|Skarmory, L50, F|
|poke|p1|Annihilape, L50, F|
|poke|p1|Maushold-Four, L50|
|poke|p1|Politoed, L50, F|
|poke|p1|Incineroar, L50, F|
|poke|p1|Gengar, L50, F|
|poke|p2|Basculegion, L50, M|
|poke|p2|Kingambit, L50, M|
|poke|p2|Maushold, L50|
|poke|p2|Gardevoir, L50, F|
|poke|p2|Talonflame, L50, F|
|poke|p2|Garchomp, L50, M|
|teampreview|4
|showteam|p1|Skarmory||Skarmorite|Sturdy|Tailwind,BraveBird,IronHead,RockTomb|Adamant||F|||50|]Annihilape||Leftovers|Defiant|BulkUp,DrainPunch,RageFist,Protect|Jolly||F|||50|]Maushold-Four||WideLens|Technician|PopulationBomb,BeatUp,FollowMe,Protect|Jolly|||||50|]Politoed||DampRock|Drizzle|WeatherBall,IceBeam,PerishSong,Protect|Modest||F|||50|]Incineroar||SitrusBerry|Intimidate|FakeOut,FlareBlitz,ThroatChop,PartingShot|Impish||F|||50|]Gengar||Gengarite|CursedBody|SludgeBomb,ShadowBall,PerishSong,Protect|Timid||F|||50|
|showteam|p2|Basculegion||ChoiceScarf|Adaptability|FlipTurn,AquaJet,WaveCrash,LastRespects|Jolly||M|||50|]Kingambit||BlackGlasses|Defiant|KowtowCleave,Protect,SuckerPunch,IronHead|Adamant||M|||50|]Maushold||FocusSash|FriendGuard|SuperFang,FollowMe,Taunt,Protect|Timid|||||50|]Gardevoir||Gardevoirite|Telepathy|HyperVoice,Psyshock,VacuumWave,Protect|Modest||F|||50|]Talonflame||SharpBeak|GaleWings|BraveBird,Tailwind,QuickGuard,FlareBlitz|Jolly||F|||50|]Garchomp||LifeOrb|RoughSkin|DragonClaw,Earthquake,RockTomb,Protect|Jolly||M|||50|
|inactive|Battle timer is ON: inactive players will automatically lose when time's up. (requested by LyricSum)
|inactive|LynxVGC has 60 seconds left.
|
|t:|1784279076
|teamsize|p1|4
|teamsize|p2|4
|start
|switch|p1a: Annihilape|Annihilape, L50, F|100/100
|switch|p1b: Maushold|Maushold-Four, L50|100/100
|switch|p2a: Talonflame|Talonflame, L50, F|100/100
|switch|p2b: Garchomp|Garchomp, L50, M|100/100
|turn|1
|
|t:|1784279094
|move|p1b: Maushold|Follow Me|p1b: Maushold
|-singleturn|p1b: Maushold|move: Follow Me
|move|p2a: Talonflame|Brave Bird|p1b: Maushold
|-damage|p1b: Maushold|18/100
|-damage|p2a: Talonflame|74/100|[from] Recoil
|move|p2b: Garchomp|Earthquake|p1a: Annihilape|[spread] p1a,p1b
|-immune|p2a: Talonflame
|-crit|p1b: Maushold
|-damage|p1a: Annihilape|45/100
|-damage|p1b: Maushold|0 fnt
|faint|p1b: Maushold
|-damage|p2b: Garchomp|90/100|[from] item: Life Orb
|move|p1a: Annihilape|Bulk Up|p1a: Annihilape
|-boost|p1a: Annihilape|atk|1
|-boost|p1a: Annihilape|def|1
|
|-heal|p1a: Annihilape|51/100|[from] item: Leftovers
|upkeep
|
|t:|1784279103
|switch|p1b: Incineroar|Incineroar, L50, F|100/100
|-ability|p1b: Incineroar|Intimidate|boost
|-unboost|p2a: Talonflame|atk|1
|-unboost|p2b: Garchomp|atk|1
|turn|2
|inactive|LynxVGC has 30 seconds left.
|inactive|LyricSum has 30 seconds left.
|inactive|LynxVGC has 20 seconds left.
|inactive|LynxVGC has 15 seconds left.
|
|t:|1784279145
|move|p2a: Talonflame|Quick Guard|p2a: Talonflame
|-singleturn|p2a: Talonflame|Quick Guard
|move|p2b: Garchomp|Earthquake|p1b: Incineroar|[spread] p1a,p1b
|-immune|p2a: Talonflame
|-supereffective|p1b: Incineroar|1
|-damage|p1a: Annihilape|26/100
|-damage|p1b: Incineroar|52/100
|-damage|p2b: Garchomp|80/100|[from] item: Life Orb
|move|p1a: Annihilape|Drain Punch|p2b: Garchomp
|-damage|p2b: Garchomp|29/100
|-heal|p1a: Annihilape|51/100|[from] drain|[of] p2b: Garchomp
|-damage|p1a: Annihilape|38/100|[from] ability: Rough Skin|[of] p2b: Garchomp
|move|p1b: Incineroar|Parting Shot|p2b: Garchomp
|-unboost|p2b: Garchomp|atk|1
|-unboost|p2b: Garchomp|spa|1
|
|t:|1784279161
|switch|p1b: Skarmory|Skarmory, L50, F|100/100|[from] Parting Shot
|
|-heal|p1a: Annihilape|44/100|[from] item: Leftovers
|upkeep
|turn|3
|
|t:|1784279184
|switch|p2a: Kingambit|Kingambit, L50, M|100/100
|detailschange|p1b: Skarmory|Skarmory-Mega, L50, F
|-mega|p1b: Skarmory|Skarmory|Skarmorite
|move|p1a: Annihilape|Protect|p1a: Annihilape
|-singleturn|p1a: Annihilape|Protect
|move|p2b: Garchomp|Rock Tomb|p1b: Skarmory
|-crit|p1b: Skarmory
|-damage|p1b: Skarmory|52/100
|-unboost|p1b: Skarmory|spe|1
|-damage|p2b: Garchomp|19/100|[from] item: Life Orb
|move|p1b: Skarmory|Rock Tomb|p2a: Kingambit
|-resisted|p2a: Kingambit|1
|-damage|p2a: Kingambit|91/100
|-unboost|p2a: Kingambit|spe|1
|-ability|p2a: Kingambit|Defiant|boost
|-boost|p2a: Kingambit|atk|2
|
|-heal|p1a: Annihilape|50/100g|[from] item: Leftovers
|upkeep
|turn|4
|inactive|LynxVGC has 30 seconds left.
|inactive|LynxVGC has 20 seconds left.
|
|t:|1784279220
|switch|p2b: Talonflame|Talonflame, L50, F|74/100
|move|p2a: Kingambit|Sucker Punch|p1a: Annihilape
|-damage|p1a: Annihilape|0 fnt
|faint|p1a: Annihilape
|move|p1b: Skarmory|Tailwind|p1b: Skarmory
|-sidestart|p1: LyricSum|move: Tailwind
|
|upkeep
|
|t:|1784279226
|switch|p1a: Incineroar|Incineroar, L50, F|52/100
|-ability|p1a: Incineroar|Intimidate|boost
|-unboost|p2a: Kingambit|atk|1
|-ability|p2a: Kingambit|Defiant|boost
|-boost|p2a: Kingambit|atk|2
|-unboost|p2b: Talonflame|atk|1
|turn|5
|
|t:|1784279237
|move|p2a: Kingambit|Protect|p2a: Kingambit
|-singleturn|p2a: Kingambit|Protect
|move|p1a: Incineroar|Fake Out|p2a: Kingambit
|-activate|p2a: Kingambit|move: Protect
|move|p1b: Skarmory|Rock Tomb|p2b: Talonflame
|-supereffective|p2b: Talonflame|2
|-damage|p2b: Talonflame|0 fnt
|faint|p2b: Talonflame
|
|upkeep
|
|t:|1784279247
|switch|p2b: Garchomp|Garchomp, L50, M|19/100
|turn|6
|-message|LyricSum forfeited.
|
|win|LynxVGC
|l|☆LyricSum
|player|p1|
||LynxVGC is ready for game 2.
||LyricSum is ready for game 2.
|uhtml|next|Next: Game 2 of 3
