|j|☆kuoli00021
|j|☆fly butterfly fly
|html|kuoli00021fly butterfly fly    
|uhtml|bestof|Game 1 of a best-of-3
|t:|1785598729
|gametype|doubles
|player|p1|kuoli00021|170|1118
|player|p2|fly butterfly fly|265|1198
|gen|9
|tier|[Gen 9 Champions] VGC 2026 Reg M-B (Bo3)
|rated|
|rule|Species Clause: Limit one of each Pokémon
|rule|Item Clause: Limit 1 of each item
|clearpoke
|poke|p1|Raichu, L50, M|
|poke|p1|Milotic, L50, F|
|poke|p1|Ceruledge, L50, F|
|poke|p1|Incineroar, L50, M|
|poke|p1|Gengar, L50, F|
|poke|p1|Ninetales-Alola, L50, M|
|poke|p2|Kangaskhan, L50, F|
|poke|p2|Farigiraf, L50, F|
|poke|p2|Torkoal, L50, F|
|poke|p2|Venusaur, L50, M|
|poke|p2|Kommo-o, L50, M|
|poke|p2|Pyroar, L50, F|
|teampreview|4
|showteam|p1|Raichu||RaichuniteY|LightningRod|ZapCannon,FocusBlast,FakeOut,Protect|Timid||M|||50|]Milotic||Leftovers|Competitive|MuddyWater,Hypnosis,Coil,Recover|Calm||F|||50|]Ceruledge||ColburBerry|FlashFire|BitterBlade,ShadowSneak,BulkUp,Protect|Adamant||F|||50|]Incineroar||SitrusBerry|Intimidate|FlareBlitz,FakeOut,PartingShot,Protect|Sassy||M|||50|]Gengar||Gengarite|CursedBody|ShadowBall,PerishSong,Disable,Protect|Modest||F|||50|]Ninetales-Alola||NeverMeltIce|SnowWarning|Blizzard,FreezeDry,Encore,Protect|Timid||M|||50|
|showteam|p2|Kangaskhan||SilkScarf|Scrappy|FakeOut,LastResort|Adamant||F|||50|]Farigiraf||ColburBerry|ArmorTail|Psychic,Thunderbolt,HelpingHand,TrickRoom|Bold||F|||50|]Torkoal||Charcoal|Drought|Eruption,WeatherBall,HelpingHand,Protect|Quiet||F|||50|]Venusaur||LifeOrb|Chlorophyll|SolarBeam,SludgeBomb,EarthPower,Protect|Modest||M|||50|]Kommo-o||HabanBerry|Overcoat|ClangingScales,AuraSphere,ClangorousSoul,Protect|Modest||M|||50|]Pyroar||Pyroarite|Unnerve|HeatWave,Overheat,ScorchingSands,Protect|Timid||F|||50|
|inactive|Battle timer is ON: inactive players will automatically lose when time's up. (requested by kuoli00021)
|inactive|kuoli00021 has 60 seconds left.
|inactive|fly butterfly fly has 60 seconds left.
|inactive|kuoli00021 has 30 seconds left.
|inactive|fly butterfly fly has 30 seconds left.
|
|t:|1785598795
|teamsize|p1|4
|teamsize|p2|4
|start
|switch|p1a: Gengar|Gengar, L50, F|100/100
|switch|p1b: Incineroar|Incineroar, L50, M|100/100
|switch|p2a: Kangaskhan|Kangaskhan, L50, F|100/100
|switch|p2b: Farigiraf|Farigiraf, L50, F|100/100
|-ability|p1b: Incineroar|Intimidate|boost
|-fail|p2a: Kangaskhan|unboost|Attack|[from] ability: Scrappy|[of] p2a: Kangaskhan
|-unboost|p2b: Farigiraf|atk|1
|turn|1
|
|t:|1785598813
|move|p1a: Gengar|Protect|p1a: Gengar
|-singleturn|p1a: Gengar|Protect
|move|p2a: Kangaskhan|Fake Out|p1a: Gengar
|-activate|p1a: Gengar|move: Protect
|move|p1b: Incineroar|Parting Shot|p2a: Kangaskhan
|-unboost|p2a: Kangaskhan|atk|1
|-unboost|p2a: Kangaskhan|spa|1
|
|t:|1785598824
|switch|p1b: Ceruledge|Ceruledge, L50, F|100/100|[from] Parting Shot
|move|p2b: Farigiraf|Trick Room|p2b: Farigiraf
|-fieldstart|move: Trick Room|[of] p2b: Farigiraf
|
|upkeep
|turn|2
|inactive|fly butterfly fly has 30 seconds left.
|inactive|fly butterfly fly has 20 seconds left.
|
|t:|1785598860
|switch|p1a: Incineroar|Incineroar, L50, M|100/100
|-ability|p1a: Incineroar|Intimidate|boost
|-fail|p2a: Kangaskhan|unboost|Attack|[from] ability: Scrappy|[of] p2a: Kangaskhan
|-unboost|p2b: Farigiraf|atk|1
|move|p2b: Farigiraf|Helping Hand|p2a: Kangaskhan
|-singleturn|p2a: Kangaskhan|Helping Hand|[of] p2b: Farigiraf
|move|p1b: Ceruledge|Bulk Up|p1b: Ceruledge
|-boost|p1b: Ceruledge|atk|1
|-boost|p1b: Ceruledge|def|1
|move|p2a: Kangaskhan|Last Resort|p1a: Incineroar
|-damage|p1a: Incineroar|33/100
|-enditem|p1a: Incineroar|Sitrus Berry|[eat]
|-heal|p1a: Incineroar|57/100|[from] item: Sitrus Berry
|
|upkeep
|turn|3
|inactive|fly butterfly fly has 30 seconds left.
|inactive|fly butterfly fly has 20 seconds left.
|inactive|fly butterfly fly has 15 seconds left.
|
|t:|1785598902
|move|p2b: Farigiraf|Helping Hand|p2a: Kangaskhan
|-singleturn|p2a: Kangaskhan|Helping Hand|[of] p2b: Farigiraf
|move|p1a: Incineroar|Parting Shot|p2a: Kangaskhan
|-unboost|p2a: Kangaskhan|atk|1
|-unboost|p2a: Kangaskhan|spa|1
|
|t:|1785598911
|switch|p1a: Milotic|Milotic, L50, F|100/100|[from] Parting Shot
|move|p1b: Ceruledge|Bulk Up|p1b: Ceruledge
|-boost|p1b: Ceruledge|atk|1
|-boost|p1b: Ceruledge|def|1
|move|p2a: Kangaskhan|Last Resort|p1a: Milotic
|-damage|p1a: Milotic|50/100g
|
|-heal|p1a: Milotic|56/100|[from] item: Leftovers
|upkeep
|turn|4
|
|t:|1785598928
|move|p2b: Farigiraf|Thunderbolt|p1a: Milotic
|-supereffective|p1a: Milotic|1
|-damage|p1a: Milotic|24/100
|move|p1b: Ceruledge|Bulk Up|p1b: Ceruledge
|-boost|p1b: Ceruledge|atk|1
|-boost|p1b: Ceruledge|def|1
|move|p1a: Milotic|Recover|p1a: Milotic
|-heal|p1a: Milotic|74/100
|move|p2a: Kangaskhan|Last Resort|p1a: Milotic
|-damage|p1a: Milotic|45/100
|
|-heal|p1a: Milotic|50/100g|[from] item: Leftovers
|upkeep
|turn|5
|inactive|fly butterfly fly has 30 seconds left.
|inactive|fly butterfly fly has 20 seconds left.
|inactive|fly butterfly fly has 15 seconds left.
|inactive|fly butterfly fly has 10 seconds left.
|inactive|fly butterfly fly has 5 seconds left.
|
|t:|1785598979
|switch|p2a: Torkoal|Torkoal, L50, F|100/100
|-weather|SunnyDay|[from] ability: Drought|[of] p2a: Torkoal
|move|p2b: Farigiraf|Thunderbolt|p1a: Milotic
|-supereffective|p1a: Milotic|1
|-damage|p1a: Milotic|17/100
|move|p1b: Ceruledge|Bitter Blade|p2b: Farigiraf
|-crit|p2b: Farigiraf
|-damage|p2b: Farigiraf|0 fnt
|faint|p2b: Farigiraf
|move|p1a: Milotic|Recover|p1a: Milotic
|-heal|p1a: Milotic|67/100
|
|-weather|SunnyDay|[upkeep]
|-heal|p1a: Milotic|73/100|[from] item: Leftovers
|-fieldend|move: Trick Room
|upkeep
|
|t:|1785598983
|switch|p2b: Venusaur|Venusaur, L50, M|100/100
|turn|6
|
|t:|1785599004
|switch|p1a: Incineroar|Incineroar, L50, M|57/100
|-ability|p1a: Incineroar|Intimidate|boost
|-unboost|p2a: Torkoal|atk|1
|-unboost|p2b: Venusaur|atk|1
|move|p2a: Torkoal|Helping Hand|p2b: Venusaur
|-singleturn|p2b: Venusaur|Helping Hand|[of] p2a: Torkoal
|move|p1b: Ceruledge|Protect|p1b: Ceruledge
|-singleturn|p1b: Ceruledge|Protect
|move|p2b: Venusaur|Earth Power|p1b: Ceruledge
|-activate|p1b: Ceruledge|move: Protect
|
|-weather|SunnyDay|[upkeep]
|upkeep
|turn|7
|inactive|kuoli00021 has 30 seconds left.
|inactive|fly butterfly fly has 30 seconds left.
|inactive|fly butterfly fly has 20 seconds left.
|
|t:|1785599040
|switch|p2b: Kangaskhan|Kangaskhan, L50, F|100/100
|move|p2a: Torkoal|Protect|p2a: Torkoal
|-singleturn|p2a: Torkoal|Protect
|move|p1a: Incineroar|Fake Out|p2a: Torkoal
|-activate|p2a: Torkoal|move: Protect
|move|p1b: Ceruledge|Bitter Blade|p2b: Kangaskhan
|-damage|p2b: Kangaskhan|0 fnt
|faint|p2b: Kangaskhan
|
|-weather|SunnyDay|[upkeep]
|upkeep
|
|t:|1785599046
|switch|p2b: Venusaur|Venusaur, L50, M|100/100
|turn|8
|inactive|kuoli00021 has 30 seconds left.
|
|t:|1785599078
|move|p2b: Venusaur|Earth Power|p1a: Incineroar
|-supereffective|p1a: Incineroar|1
|-damage|p1a: Incineroar|1/100
|-damage|p2b: Venusaur|90/100|[from] item: Life Orb
|move|p1b: Ceruledge|Bitter Blade|p2b: Venusaur
|-supereffective|p2b: Venusaur|1
|-damage|p2b: Venusaur|0 fnt
|faint|p2b: Venusaur
|move|p1a: Incineroar|Flare Blitz|p2a: Torkoal
|-resisted|p2a: Torkoal|1
|-damage|p2a: Torkoal|72/100
|-damage|p1a: Incineroar|0 fnt|[from] Recoil
|faint|p1a: Incineroar
|move|p2a: Torkoal|Weather Ball|p1b: Ceruledge
|-start|p1b: Ceruledge|ability: Flash Fire
|
|-weather|SunnyDay|[upkeep]
|upkeep
|
|t:|1785599086
|switch|p1a: Gengar|Gengar, L50, F|100/100
|turn|9
|-message|fly butterfly fly forfeited.
|
|win|kuoli00021
