|j|☆seantg
|j|☆HenriqueZVGC
|html|seantgHenriqueZVGC    
|uhtml|bestof|Game 3 of a best-of-3
|t:|1784682169
|gametype|doubles
|player|p1|seantg|morty|1100
|player|p2|HenriqueZVGC|steven|1147
|gen|9
|tier|[Gen 9 Champions] VGC 2026 Reg M-B (Bo3)
|rated|
|rule|Species Clause: Limit one of each Pokémon
|rule|Item Clause: Limit 1 of each item
|clearpoke
|poke|p1|Pelipper, L50, F|
|poke|p1|Archaludon, L50, M|
|poke|p1|Basculegion, L50, M|
|poke|p1|Charizard, L50, F|
|poke|p1|Sneasler, L50, M|
|poke|p1|Staraptor, L50, M|
|poke|p2|Tyranitar, L50, M|
|poke|p2|Excadrill, L50, M|
|poke|p2|Milotic, L50, F|
|poke|p2|Sinistcha, L50|
|poke|p2|Staraptor, L50, F|
|poke|p2|Gholdengo, L50|
|teampreview|4
|showteam|p1|Pelipper||WiseGlasses|Drizzle|Hurricane,WeatherBall,Tailwind,Protect|Timid||F|||50|]Archaludon||SitrusBerry|Stamina|ElectroShot,DracoMeteor,FlashCannon,Protect|Modest||M|||50|]Basculegion||FocusSash|SwiftSwim|LastRespects,Crunch,Waterfall,IceFang|Adamant||M|||50|]Charizard||CharizarditeY|Blaze|AncientPower,SolarBeam,WeatherBall,Protect|Timid||F|||50|]Sneasler||WhiteHerb|Unburden|FakeOut,CloseCombat,BrickBreak,GunkShot|Jolly||M|||50|]Staraptor||Staraptite|Intimidate|Protect,BrickBreak,CloseCombat,Uturn|Jolly||M|||50|
|showteam|p2|Tyranitar||Tyranitarite|SandStream|KnockOff,RockSlide,HighHorsepower,Protect|Jolly||M|||50|]Excadrill||FocusSash|SandRush|HighHorsepower,IronHead,RockSlide,Protect|Adamant||M|||50|]Milotic||SitrusBerry|Competitive|Scald,IcyWind,Haze,Protect|Calm||F|||50|]Sinistcha||ColburBerry|Hospitality|MatchaGotcha,ShadowBall,Protect,RagePowder|Bold|||||50|]Staraptor||Staraptite|Intimidate|CloseCombat,BraveBird,Tailwind,Protect|Jolly||F|||50|]Gholdengo||LifeOrb|GoodasGold|MakeItRain,ShadowBall,NastyPlot,Protect|Modest|||||50|
|inactive|Battle timer is ON: inactive players will automatically lose when time's up. (requested by HenriqueZVGC)
|inactive|seantg also wants the timer to be on.
|
|t:|1784682186
|teamsize|p1|4
|teamsize|p2|4
|start
|switch|p1a: Sneasler|Sneasler, L50, M|100/100
|switch|p1b: Archaludon|Archaludon, L50, M|100/100
|switch|p2a: Tyranitar|Tyranitar, L50, M|100/100
|switch|p2b: Excadrill|Excadrill, L50, M|100/100
|-weather|Sandstorm|[from] ability: Sand Stream|[of] p2a: Tyranitar
|turn|1
|inactive|HenriqueZVGC has 30 seconds left.
|
|t:|1784682218
|move|p2a: Tyranitar|Protect|p2a: Tyranitar
|-singleturn|p2a: Tyranitar|Protect
|move|p1a: Sneasler|Fake Out|p2b: Excadrill
|-resisted|p2b: Excadrill|1
|-damage|p2b: Excadrill|91/100
|cant|p2b: Excadrill|flinch
|move|p1b: Archaludon|Electro Shot||[still]
|-prepare|p1b: Archaludon|Electro Shot
|-boost|p1b: Archaludon|spa|1
|
|-weather|Sandstorm|[upkeep]
|-damage|p1a: Sneasler|94/100|[from] Sandstorm
|upkeep
|turn|2
|
|t:|1784682241
|switch|p1a: Pelipper|Pelipper, L50, F|100/100
|-weather|RainDance|[from] ability: Drizzle|[of] p1a: Pelipper
|move|p2b: Excadrill|High Horsepower|p1b: Archaludon
|-supereffective|p1b: Archaludon|1
|-damage|p1b: Archaludon|9/100
|-ability|p1b: Archaludon|Stamina|boost
|-boost|p1b: Archaludon|def|1
|-enditem|p1b: Archaludon|Sitrus Berry|[eat]
|-heal|p1b: Archaludon|34/100|[from] item: Sitrus Berry
|move|p2a: Tyranitar|Knock Off|p1b: Archaludon
|-damage|p1b: Archaludon|16/100
|-ability|p1b: Archaludon|Stamina|boost
|-boost|p1b: Archaludon|def|1
|move|p1b: Archaludon|Electro Shot|p2a: Tyranitar|[from] lockedmove
|-damage|p2a: Tyranitar|36/100
|
|-weather|RainDance|[upkeep]
|upkeep
|turn|3
|inactive|HenriqueZVGC has 30 seconds left.
|
|t:|1784682267
|detailschange|p2a: Tyranitar|Tyranitar-Mega, L50, M
|-mega|p2a: Tyranitar|Tyranitar|Tyranitarite
|-weather|Sandstorm|[from] ability: Sand Stream|[of] p2a: Tyranitar
|move|p2a: Tyranitar|Protect|p2a: Tyranitar
|-singleturn|p2a: Tyranitar|Protect
|move|p1b: Archaludon|Protect|p1b: Archaludon
|-singleturn|p1b: Archaludon|Protect
|move|p2b: Excadrill|Rock Slide|p1a: Pelipper|[spread] p1a
|-activate|p1b: Archaludon|move: Protect
|-supereffective|p1a: Pelipper|1
|-damage|p1a: Pelipper|42/100
|cant|p1a: Pelipper|flinch
|
|-weather|Sandstorm|[upkeep]
|-damage|p1a: Pelipper|36/100|[from] Sandstorm
|upkeep
|turn|4
|inactive|HenriqueZVGC has 30 seconds left.
|inactive|seantg has 30 seconds left.
|
|t:|1784682299
|switch|p2a: Gholdengo|Gholdengo, L50|100/100
|move|p2b: Excadrill|High Horsepower|p1b: Archaludon
|-supereffective|p1b: Archaludon|1
|-damage|p1b: Archaludon|0 fnt
|faint|p1b: Archaludon
|move|p1a: Pelipper|Tailwind|p1a: Pelipper
|-sidestart|p1: seantg|move: Tailwind
|
|-weather|Sandstorm|[upkeep]
|-damage|p1a: Pelipper|30/100|[from] Sandstorm
|upkeep
|
|t:|1784682309
|switch|p1b: Sneasler|Sneasler, L50, M|94/100
|turn|5
|
|t:|1784682320
|switch|p1a: Basculegion|Basculegion, L50, M|100/100
|move|p2b: Excadrill|Protect|p2b: Excadrill
|-singleturn|p2b: Excadrill|Protect
|move|p2a: Gholdengo|Protect|p2a: Gholdengo
|-singleturn|p2a: Gholdengo|Protect
|move|p1b: Sneasler|Fake Out|p2b: Excadrill
|-activate|p2b: Excadrill|move: Protect
|
|-weather|Sandstorm|[upkeep]
|-damage|p1b: Sneasler|88/100|[from] Sandstorm
|-damage|p1a: Basculegion|93/100|[from] Sandstorm
|upkeep
|turn|6
|inactive|HenriqueZVGC has 30 seconds left.
|inactive|HenriqueZVGC has 20 seconds left.
|
|t:|1784682359
|switch|p1b: Pelipper|Pelipper, L50, F|30/100
|-weather|RainDance|[from] ability: Drizzle|[of] p1b: Pelipper
|move|p1a: Basculegion|Last Respects|p2a: Gholdengo
|-supereffective|p2a: Gholdengo|1
|-damage|p2a: Gholdengo|11/100
|move|p2b: Excadrill|Rock Slide|p1a: Basculegion|[spread] p1a,p1b
|-supereffective|p1b: Pelipper|1
|-damage|p1a: Basculegion|63/100
|-damage|p1b: Pelipper|0 fnt
|faint|p1b: Pelipper
|move|p2a: Gholdengo|Shadow Ball|p1a: Basculegion
|-supereffective|p1a: Basculegion|1
|-damage|p1a: Basculegion|0 fnt
|faint|p1a: Basculegion
|-damage|p2a: Gholdengo|1/100|[from] item: Life Orb
|
|-weather|RainDance|[upkeep]
|upkeep
|-message|seantg forfeited.
|
|win|HenriqueZVGC
|raw|seantg's rating: 1100 → 1078(-22 for losing)
|raw|HenriqueZVGC's rating: 1147 → 1169(+22 for winning)
