|j|☆Gholden Go Getters
|j|☆EmCouch
|html|Gholden Go GettersEmCouch    
|uhtml|bestof|Game 2 of a best-of-3
|t:|1757178844
|gametype|doubles
|player|p1|Gholden Go Getters|emmet|
|player|p2|EmCouch|265|
|gen|9
|tier|[Gen 9] VGC 2025 Reg H (Bo3)
|rule|Species Clause: Limit one of each Pokémon
|rule|Item Clause: Limit 1 of each item
|clearpoke
|poke|p1|Gholdengo, L50|
|poke|p1|Talonflame, L50, M|
|poke|p1|Garchomp, L50, M|
|poke|p1|Vivillon, L50, M|
|poke|p1|Maushold-Four, L50|
|poke|p1|Tauros-Paldea-Blaze, L50, M|
|poke|p2|Incineroar, L50, M|
|poke|p2|Excadrill, L50, M|
|poke|p2|Archaludon, L50, M|
|poke|p2|Murkrow, L50, M|
|poke|p2|Greninja-*, L50, F|
|poke|p2|Glimmora, L50, M|
|teampreview|4
|showteam|p1|Gholdengo||ChoiceScarf|GoodasGold|MakeItRain,ShadowBall,Thunderbolt,Trick||||||50|,,,,,Steel]Talonflame||SharpBeak|GaleWings|DualWingbeat,Tailwind,WillOWisp,Protect|||M|||50|,,,,,Ghost]Garchomp||ClearAmulet|RoughSkin|DragonClaw,StompingTantrum,SwordsDance,Protect|||M|||50|,,,,,Steel]Vivillon||FocusSash|CompoundEyes|SleepPowder,RagePowder,Hurricane,Protect|||M|||50|,,,,,Ghost]Maushold-Four||WideLens|Technician|PopulationBomb,FollowMe,Taunt,Protect||||||50|,,,,,Grass]Tauros-Paldea-Blaze||SitrusBerry|Intimidate|RagingBull,Protect,CloseCombat,WillOWisp|||M|||50|,,,,,Dragon
|showteam|p2|Incineroar||RockyHelmet|Blaze|FlareBlitz,FakeOut,KnockOff,FireBlast|||M|||50|,,,,,Fire]Excadrill||ChoiceSpecs|SandRush|DrillRun,Earthquake,HoneClaws,RapidSpin|||M|||50|,,,,,Ground]Archaludon||PowerHerb|Stamina|ElectroShot,FlashCannon,BodyPress,IronDefense|||M|||50|,,,,,Water]Murkrow||FocusSash|Insomnia|Tailwind,DoubleEdge,RainDance,DrillPeck|||M|||50|,,,,,Dark]Greninja||EjectPack|Torrent|Counter,Blizzard,Extrasensory,Haze|||F|||50|,,,,,Water]Glimmora||SitrusBerry|ToxicDebris|PowerGem,EarthPower,SpikyShield,MeteorBeam|||M|||50|,,,,,Rock
|
|t:|1757178866
|teamsize|p1|4
|teamsize|p2|4
|start
|switch|p1a: Maushold|Maushold-Four, L50|100/100
|switch|p1b: Garchomp|Garchomp, L50, M|100/100
|switch|p2a: Incineroar|Incineroar, L50, M|100/100
|switch|p2b: Glimmora|Glimmora, L50, M|100/100
|turn|1
|
|t:|1757178888
|-terastallize|p2b: Glimmora|Rock
|move|p1a: Maushold|Protect|p1a: Maushold
|-singleturn|p1a: Maushold|Protect
|move|p1b: Garchomp|Protect|p1b: Garchomp
|-singleturn|p1b: Garchomp|Protect
|move|p2b: Glimmora|Meteor Beam||[still]
|-prepare|p2b: Glimmora|Meteor Beam
|-boost|p2b: Glimmora|spa|1
|move|p2a: Incineroar|Flare Blitz|p1b: Garchomp
|-activate|p1b: Garchomp|move: Protect
|
|upkeep
|turn|2
|
|t:|1757178908
|move|p1a: Maushold|Population Bomb|p2a: Incineroar
|-damage|p2a: Incineroar|90/100
|-damage|p1a: Maushold|84/100|[from] item: Rocky Helmet|[of] p2a: Incineroar
|-damage|p2a: Incineroar|79/100
|-damage|p1a: Maushold|67/100|[from] item: Rocky Helmet|[of] p2a: Incineroar
|-damage|p2a: Incineroar|68/100
|-damage|p1a: Maushold|50/100|[from] item: Rocky Helmet|[of] p2a: Incineroar
|-damage|p2a: Incineroar|56/100
|-damage|p1a: Maushold|34/100|[from] item: Rocky Helmet|[of] p2a: Incineroar
|-damage|p2a: Incineroar|45/100
|-damage|p1a: Maushold|17/100|[from] item: Rocky Helmet|[of] p2a: Incineroar
|-damage|p2a: Incineroar|33/100
|-damage|p1a: Maushold|0 fnt|[from] item: Rocky Helmet|[of] p2a: Incineroar
|faint|p1a: Maushold
|-hitcount|p2a: Incineroar|6
|move|p1b: Garchomp|Stomping Tantrum|p2b: Glimmora
|-supereffective|p2b: Glimmora
|-crit|p2b: Glimmora
|-damage|p2b: Glimmora|0 fnt
|-activate|p2b: Glimmora|ability: Toxic Debris
|-sidestart|p1: Gholden Go Getters|move: Toxic Spikes
|faint|p2b: Glimmora
|move|p2a: Incineroar|Flare Blitz|p1b: Garchomp
|-resisted|p1b: Garchomp
|-damage|p1b: Garchomp|50/100
|-damage|p2a: Incineroar|20/100|[from] ability: Rough Skin|[of] p1b: Garchomp
|-damage|p2a: Incineroar|5/100|[from] Recoil
|
|upkeep
|
|t:|1757178950
|switch|p1a: Gholdengo|Gholdengo, L50|100/100
|switch|p2b: Murkrow|Murkrow, L50, M|100/100
|turn|3
|
|t:|1757178959
|move|p1a: Gholdengo|Thunderbolt|p2b: Murkrow
|-supereffective|p2b: Murkrow
|-enditem|p2b: Murkrow|Focus Sash
|-damage|p2b: Murkrow|1/100
|move|p1b: Garchomp|Dragon Claw|p2a: Incineroar
|-damage|p2a: Incineroar|0 fnt
|-damage|p1b: Garchomp|33/100|[from] item: Rocky Helmet|[of] p2a: Incineroar
|faint|p2a: Incineroar
|move|p2b: Murkrow|Rain Dance|p2b: Murkrow
|-weather|RainDance
|
|-weather|RainDance|[upkeep]
|upkeep
|
|t:|1757178970
|switch|p2a: Archaludon|Archaludon, L50, M|100/100
|turn|4
|
|t:|1757178990
|move|p1a: Gholdengo|Thunderbolt|p2b: Murkrow
|-supereffective|p2b: Murkrow
|-damage|p2b: Murkrow|0 fnt
|faint|p2b: Murkrow
|move|p1b: Garchomp|Stomping Tantrum|p2a: Archaludon
|-supereffective|p2a: Archaludon
|-damage|p2a: Archaludon|43/100
|-ability|p2a: Archaludon|Stamina|boost
|-boost|p2a: Archaludon|def|1
|move|p2a: Archaludon|Iron Defense|p2a: Archaludon
|-boost|p2a: Archaludon|def|2
|
|-weather|RainDance|[upkeep]
|upkeep
|turn|5
|
|t:|1757179003
|switch|p1a: Tauros|Tauros-Paldea-Blaze, L50, M|100/100
|-status|p1a: Tauros|psn
|-ability|p1a: Tauros|Intimidate|boost
|-unboost|p2a: Archaludon|atk|1
|move|p1b: Garchomp|Protect|p1b: Garchomp
|-singleturn|p1b: Garchomp|Protect
|move|p2a: Archaludon|Body Press|p1b: Garchomp
|-activate|p1b: Garchomp|move: Protect
|
|-weather|RainDance|[upkeep]
|-damage|p1a: Tauros|88/100 psn|[from] psn
|upkeep
|turn|6
|
|t:|1757179024
|move|p1b: Garchomp|Protect|p1b: Garchomp
|-singleturn|p1b: Garchomp|Protect
|move|p1a: Tauros|Will-O-Wisp|p2a: Archaludon
|-status|p2a: Archaludon|brn
|move|p2a: Archaludon|Body Press|p1b: Garchomp
|-activate|p1b: Garchomp|move: Protect
|
|-weather|RainDance|[upkeep]
|-damage|p1a: Tauros|76/100 psn|[from] psn
|-damage|p2a: Archaludon|37/100 brn|[from] brn
|upkeep
|turn|7
|
|t:|1757179041
|switch|p1a: Gholdengo|Gholdengo, L50|100/100
|move|p1b: Garchomp|Protect||[still]
|-fail|p1b: Garchomp
|move|p2a: Archaludon|Body Press|p1b: Garchomp
|-damage|p1b: Garchomp|7/100
|-damage|p2a: Archaludon|24/100 brn|[from] ability: Rough Skin|[of] p1b: Garchomp
|
|-weather|none
|-damage|p2a: Archaludon|18/100 brn|[from] brn
|upkeep
|turn|8
|
|t:|1757179054
|move|p1a: Gholdengo|Shadow Ball|p2a: Archaludon
|-damage|p2a: Archaludon|0 fnt
|faint|p2a: Archaludon
|
|win|Gholden Go Getters
|l|☆EmCouch
|player|p2|
