|j|☆MrTedno
|j|☆sbhaga34
|html|MrTednosbhaga34    
|uhtml|bestof|Game 2 of a best-of-3
|t:|1782423291
|gametype|doubles
|player|p1|MrTedno|101|1148
|player|p2|sbhaga34|hugh|1232
|gen|9
|tier|[Gen 9 Champions] VGC 2026 Reg M-B (Bo3)
|rated|
|rule|Species Clause: Limit one of each Pokémon
|rule|Item Clause: Limit 1 of each item
|clearpoke
|poke|p1|Clefable, L50, M|
|poke|p1|Corviknight, L50, M|
|poke|p1|Garchomp, L50, M|
|poke|p1|Froslass, L50, F|
|poke|p1|Glimmora, L50, M|
|poke|p1|Rotom-Wash, L50|
|poke|p2|Excadrill, L50, M|
|poke|p2|Tyranitar, L50, M|
|poke|p2|Staraptor, L50, M|
|poke|p2|Rotom-Wash, L50|
|poke|p2|Sinistcha, L50|
|poke|p2|Incineroar, L50, F|
|teampreview|4
|showteam|p1|Clefable||BabiriBerry|Unaware|FollowMe,LifeDew,Moonblast,Protect|Bold||M|||50|]Corviknight||OccaBerry|MirrorArmor|BraveBird,BulkUp,Tailwind,Roost|Adamant||M|||50|]Garchomp||LifeOrb|RoughSkin|Earthquake,StompingTantrum,DragonClaw,Protect|Jolly||M|||50|]Froslass||Froslassite|CursedBody|Blizzard,ShadowBall,AuroraVeil,Protect|Modest||F|||50|]Glimmora||Glimmoranite|ToxicDebris|PowerGem,SludgeBomb,EarthPower,SpikyShield|Timid||M|||50|]Rotom-Wash||SitrusBerry|Levitate|Thunderbolt,HydroPump,WillOWisp,Protect|Modest|||||50|
|showteam|p2|Excadrill||FocusSash|SandRush|Earthquake,IronHead,SwordsDance,Protect|Adamant||M|||50|]Tyranitar||Tyranitarite|SandStream|RockSlide,KnockOff,LowKick,Protect|Adamant||M|||50|]Staraptor||Staraptite|Intimidate|CloseCombat,BraveBird,Tailwind,Protect|Jolly||M|||50|]Rotom-Wash||ChoiceScarf|Levitate|VoltSwitch,Thunderbolt,Electroweb,HydroPump|Timid|||||50|]Sinistcha||SitrusBerry|Hospitality|MatchaGotcha,TrickRoom,RagePowder,StrengthSap|Calm|||||50|]Incineroar||Charcoal|Intimidate|FakeOut,FlareBlitz,ThroatChop,PartingShot|Impish||F|||50|
|inactive|Battle timer is ON: inactive players will automatically lose when time's up. (requested by sbhaga34)
|inactive|MrTedno has 60 seconds left.
|
|t:|1782423389
|teamsize|p1|4
|teamsize|p2|4
|start
|switch|p1a: Macduff|Garchomp, L50, M|100/100
|switch|p1b: Malcolm|Rotom-Wash, L50|100/100
|switch|p2a: Tyranitar|Tyranitar, L50, M|100/100
|switch|p2b: Sinistcha|Sinistcha, L50|100/100
|-weather|Sandstorm|[from] ability: Sand Stream|[of] p2a: Tyranitar
|turn|1
|inactive|MrTedno has 30 seconds left.
|
|t:|1782423419
|move|p2a: Tyranitar|Protect|p2a: Tyranitar
|-singleturn|p2a: Tyranitar|Protect
|move|p1a: Macduff|Earthquake|p2b: Sinistcha|[spread] p2b
|-activate|p2a: Tyranitar|move: Protect
|-immune|p1b: Malcolm|[from] ability: Levitate
|-resisted|p2b: Sinistcha|1
|-damage|p2b: Sinistcha|75/100
|-damage|p1a: Macduff|90/100|[from] item: Life Orb
|move|p1b: Malcolm|Thunderbolt|p2a: Tyranitar
|-activate|p2a: Tyranitar|move: Protect
|move|p2b: Sinistcha|Trick Room|p2b: Sinistcha
|-fieldstart|move: Trick Room|[of] p2b: Sinistcha
|
|-weather|Sandstorm|[upkeep]
|-damage|p2b: Sinistcha|69/100|[from] Sandstorm
|-damage|p1b: Malcolm|94/100|[from] Sandstorm
|upkeep
|turn|2
|
|t:|1782423433
|detailschange|p2a: Tyranitar|Tyranitar-Mega, L50, M
|-mega|p2a: Tyranitar|Tyranitar|Tyranitarite
|move|p1a: Macduff|Protect|p1a: Macduff
|-singleturn|p1a: Macduff|Protect
|move|p2b: Sinistcha|Matcha Gotcha|p1a: Macduff|[spread] p1b
|-activate|p1a: Macduff|move: Protect
|-supereffective|p1b: Malcolm|1
|-damage|p1b: Malcolm|43/100
|-heal|p2b: Sinistcha|92/100|[from] drain|[of] p1b: Malcolm
|-enditem|p1b: Malcolm|Sitrus Berry|[eat]
|-heal|p1b: Malcolm|68/100|[from] item: Sitrus Berry
|move|p1b: Malcolm|Will-O-Wisp|p2a: Tyranitar
|-status|p2a: Tyranitar|brn
|move|p2a: Tyranitar|Knock Off|p1a: Macduff
|-activate|p1a: Macduff|move: Protect
|
|-weather|Sandstorm|[upkeep]
|-damage|p2b: Sinistcha|85/100|[from] Sandstorm
|-damage|p1b: Malcolm|62/100|[from] Sandstorm
|-damage|p2a: Tyranitar|94/100 brn|[from] brn
|upkeep
|turn|3
|inactive|MrTedno has 30 seconds left.
|inactive|MrTedno has 20 seconds left.
|
|t:|1782423469
|switch|p1b: Banquo|Corviknight, L50, M|100/100
|move|p2b: Sinistcha|Matcha Gotcha|p1a: Macduff|[spread] p1a,p1b
|-resisted|p1b: Banquo|2
|-crit|p1b: Banquo
|-damage|p1a: Macduff|61/100
|-heal|p2b: Sinistcha|100/100|[from] drain|[of] p1a: Macduff
|-damage|p1b: Banquo|91/100
|move|p2a: Tyranitar|Knock Off|p1a: Macduff
|-damage|p1a: Macduff|29/100
|-damage|p2a: Tyranitar|82/100 brn|[from] ability: Rough Skin|[of] p1a: Macduff
|-enditem|p1a: Macduff|Life Orb|[from] move: Knock Off|[of] p2a: Tyranitar
|move|p1a: Macduff|Dragon Claw|p2b: Sinistcha
|-damage|p2b: Sinistcha|60/100
|
|-weather|Sandstorm|[upkeep]
|-damage|p2b: Sinistcha|54/100|[from] Sandstorm
|-damage|p2a: Tyranitar|76/100 brn|[from] brn
|upkeep
|turn|4
|inactive|MrTedno has 30 seconds left.
|
|t:|1782423499
|switch|p2b: Rotom|Rotom-Wash, L50|100/100
|switch|p1a: Fleance|Clefable, L50, M|100/100
|move|p1b: Banquo|Bulk Up|p1b: Banquo
|-boost|p1b: Banquo|atk|1
|-boost|p1b: Banquo|def|1
|move|p2a: Tyranitar|Knock Off|p1a: Fleance
|-resisted|p1a: Fleance|1
|-damage|p1a: Fleance|89/100
|-enditem|p1a: Fleance|Babiri Berry|[from] move: Knock Off|[of] p2a: Tyranitar
|
|-weather|Sandstorm|[upkeep]
|-damage|p1a: Fleance|83/100|[from] Sandstorm
|-damage|p2b: Rotom|94/100|[from] Sandstorm
|-damage|p2a: Tyranitar|70/100 brn|[from] brn
|upkeep
|turn|5
|inactive|sbhaga34 has 30 seconds left.
|
|t:|1782423526
|move|p1a: Fleance|Follow Me|p1a: Fleance
|-singleturn|p1a: Fleance|move: Follow Me
|move|p1b: Banquo|Bulk Up|p1b: Banquo
|-boost|p1b: Banquo|atk|1
|-boost|p1b: Banquo|def|1
|move|p2a: Tyranitar|Rock Slide|p1a: Fleance|[spread] p1a,p1b
|-damage|p1a: Fleance|69/100
|-damage|p1b: Banquo|84/100
|move|p2b: Rotom|Volt Switch|p1a: Fleance
|-damage|p1a: Fleance|44/100
|
|t:|1782423536
|switch|p2b: Excadrill|Excadrill, L50, M|100/100|[from] Volt Switch
|
|-weather|none
|-damage|p2a: Tyranitar|64/100 brn|[from] brn
|-fieldend|move: Trick Room
|upkeep
|turn|6
|inactive|MrTedno has 30 seconds left.
|inactive|MrTedno has 20 seconds left.
|inactive|MrTedno has 15 seconds left.
|inactive|MrTedno has 10 seconds left.
|
|t:|1782423582
|switch|p2a: Rotom|Rotom-Wash, L50|94/100
|move|p1a: Fleance|Protect|p1a: Fleance
|-singleturn|p1a: Fleance|Protect
|move|p2b: Excadrill|Iron Head|p1a: Fleance
|-activate|p1a: Fleance|move: Protect
|move|p1b: Banquo|Tailwind|p1b: Banquo
|-sidestart|p1: MrTedno|move: Tailwind
|
|upkeep
|turn|7
|inactive|MrTedno has 30 seconds left.
|inactive|MrTedno has 20 seconds left.
|inactive|MrTedno has 15 seconds left.
|inactive|MrTedno has 10 seconds left.
|inactive|MrTedno has 5 seconds left.
|
|t:|1782423632
|move|p1b: Banquo|Brave Bird|p2a: Rotom
|-resisted|p2a: Rotom|1
|-damage|p2a: Rotom|47/100
|-damage|p1b: Banquo|73/100|[from] Recoil
|move|p2a: Rotom|Thunderbolt|p1b: Banquo
|-supereffective|p1b: Banquo|1
|-damage|p1b: Banquo|1/100
|move|p1a: Fleance|Moonblast|p2a: Rotom
|-damage|p2a: Rotom|16/100
|move|p2b: Excadrill|Swords Dance|p2b: Excadrill
|-boost|p2b: Excadrill|atk|2
|
|upkeep
|turn|8
|
|t:|1782423648
|move|p1a: Fleance|Follow Me|p1a: Fleance
|-singleturn|p1a: Fleance|move: Follow Me
|move|p1b: Banquo|Roost|p1b: Banquo
|-heal|p1b: Banquo|52/100
|-singleturn|p1b: Banquo|move: Roost
|move|p2a: Rotom|Thunderbolt|p1a: Fleance
|-crit|p1a: Fleance
|-damage|p1a: Fleance|0 fnt
|faint|p1a: Fleance
|move|p2b: Excadrill|Earthquake|p1b: Banquo|[spread] p1b
|-immune|p2a: Rotom|[from] ability: Levitate
|-supereffective|p1b: Banquo|1
|-damage|p1b: Banquo|0 fnt
|faint|p1b: Banquo
|
|upkeep
|-message|MrTedno forfeited.
|raw|MrTedno's rating: 1148 → 1129(-19 for losing)
|raw|sbhaga34's rating: 1232 → 1251(+19 for winning)
|
|win|sbhaga34
