|j|☆PenguimSAL
|j|☆dguerrera8
|html|PenguimSALdguerrera8    
|uhtml|bestof|Game 1 of a best-of-3
|t:|1783738720
|gametype|doubles
|player|p1|PenguimSAL|hugh|1180
|player|p2|dguerrera8|266|1104
|gen|9
|tier|[Gen 9 Champions] VGC 2026 Reg M-B (Bo3)
|rated|
|rule|Species Clause: Limit one of each Pokémon
|rule|Item Clause: Limit 1 of each item
|clearpoke
|poke|p1|Sneasler, L50, F|
|poke|p1|Blastoise, L50, F|
|poke|p1|Kingambit, L50, F|
|poke|p1|Incineroar, L50, F|
|poke|p1|Delphox, L50, M|
|poke|p1|Sinistcha, L50|
|poke|p2|Delphox, L50, F, shiny|
|poke|p2|Tinkaton, L50, F, shiny|
|poke|p2|Tsareena, L50, F, shiny|
|poke|p2|Ninetales-Alola, L50, F, shiny|
|poke|p2|Heliolisk, L50, M, shiny|
|poke|p2|Garchomp, L50, M, shiny|
|teampreview|4
|showteam|p1|Sneasler||FocusSash|PoisonTouch|DireClaw,CloseCombat,FakeOut,QuickGuard|Jolly||F|||50|]Blastoise||Blastoisinite|RainDish|DarkPulse,WaterSpout,ShellSmash,Protect|Modest||F|||50|]Kingambit||BlackGlasses|Defiant|KowtowCleave,SuckerPunch,SwordsDance,Protect|Adamant||F|||50|]Incineroar||SitrusBerry|Intimidate|FlareBlitz,HelpingHand,PartingShot,FakeOut|Careful||F|||50|]Delphox||Delphoxite|Blaze|HeatWave,NastyPlot,Psyshock,Protect|Modest||M|||50|]Sinistcha||KasibBerry|Hospitality|MatchaGotcha,RagePowder,TrickRoom,LifeDew|Bold|||||50|
|showteam|p2|Delphox||Delphoxite|Magician|HeatWave,Psychic,Protect,GrassKnot|Timid||F|||50|]Tinkaton||OccaBerry|MoldBreaker|PlayRough,GigatonHammer,Protect,FakeOut|Jolly||F|||50|]Tsareena||FocusSash|QueenlyMajesty|TropKick,TripleAxel,Protect,LowKick|Adamant||F|||50|]Ninetales-Alola||LightClay|SnowWarning|Blizzard,Moonblast,Protect,AuroraVeil|Timid||F|||50|]Heliolisk||LifeOrb|DrySkin|Thunderbolt,GrassKnot,Protect,AllySwitch|Timid||M|||50|]Garchomp||ChoiceScarf|RoughSkin|DragonClaw,Earthquake,RockSlide,PoisonJab|Jolly||M|||50|
|inactive|Battle timer is ON: inactive players will automatically lose when time's up. (requested by dguerrera8)
|inactive|PenguimSAL has 60 seconds left.
|
|t:|1783738774
|teamsize|p1|4
|teamsize|p2|4
|start
|switch|p1a: Delphox|Delphox, L50, M|100/100
|switch|p1b: Incineroar|Incineroar, L50, F|100/100
|switch|p2a: Delphox|Delphox, L50, F, shiny|100/100
|switch|p2b: Garchomp|Garchomp, L50, M, shiny|100/100
|-ability|p1b: Incineroar|Intimidate|boost
|-unboost|p2a: Delphox|atk|1
|-unboost|p2b: Garchomp|atk|1
|turn|1
|inactive|dguerrera8 has 30 seconds left.
|
|t:|1783738806
|switch|p2a: Tsareena|Tsareena, L50, F, shiny|100/100
|detailschange|p1a: Delphox|Delphox-Mega, L50, M
|-mega|p1a: Delphox|Delphox|Delphoxite
|move|p1b: Incineroar|Fake Out||[still]
|cant|p2a: Tsareena|ability: Queenly Majesty|Fake Out|[of] p1b: Incineroar
|move|p2b: Garchomp|Rock Slide|p1b: Incineroar|[spread] p1a
|-miss|p2b: Garchomp|p1b: Incineroar
|-supereffective|p1a: Delphox|1
|-damage|p1a: Delphox|68/100
|move|p1a: Delphox|Nasty Plot|p1a: Delphox
|-boost|p1a: Delphox|spa|2
|
|upkeep
|turn|2
|
|t:|1783738823
|move|p2b: Garchomp|Rock Slide|p1a: Delphox|[spread] p1a,p1b
|-supereffective|p1a: Delphox|1
|-supereffective|p1b: Incineroar|1
|-damage|p1a: Delphox|39/100
|-damage|p1b: Incineroar|73/100
|cant|p1a: Delphox|flinch
|move|p1b: Incineroar|Flare Blitz|p2a: Tsareena
|-supereffective|p2a: Tsareena|1
|-damage|p2a: Tsareena|1/100
|-damage|p1b: Incineroar|44/100|[from] Recoil
|-enditem|p1b: Incineroar|Sitrus Berry|[eat]
|-heal|p1b: Incineroar|69/100|[from] item: Sitrus Berry
|move|p2a: Tsareena|Low Kick|p1b: Incineroar
|-supereffective|p1b: Incineroar|1
|-damage|p1b: Incineroar|10/100
|
|upkeep
|turn|3
|
|t:|1783738849
|switch|p1b: Sinistcha|Sinistcha, L50|100/100
|-heal|p1a: Delphox|64/100|[from] ability: Hospitality|[of] p1b: Sinistcha
|move|p1a: Delphox|Protect|p1a: Delphox
|-singleturn|p1a: Delphox|Protect
|move|p2b: Garchomp|Rock Slide|p1a: Delphox|[spread] p1b
|-activate|p1a: Delphox|move: Protect
|-damage|p1b: Sinistcha|89/100
|move|p2a: Tsareena|Low Kick|p1b: Sinistcha
|-immune|p1b: Sinistcha
|
|upkeep
|turn|4
|
|t:|1783738859
|move|p2b: Garchomp|Rock Slide|p1a: Delphox|[spread] p1a,p1b
|-supereffective|p1a: Delphox|1
|-damage|p1a: Delphox|33/100
|-damage|p1b: Sinistcha|76/100
|move|p1a: Delphox|Heat Wave|p2a: Tsareena|[spread] p2b
|-miss|p1a: Delphox|p2a: Tsareena
|-resisted|p2b: Garchomp|1
|-damage|p2b: Garchomp|59/100
|move|p2a: Tsareena|Triple Axel|p1b: Sinistcha
|-supereffective|p1b: Sinistcha|1
|-damage|p1b: Sinistcha|64/100
|-supereffective|p1b: Sinistcha|1
|-damage|p1b: Sinistcha|39/100
|-supereffective|p1b: Sinistcha|1
|-damage|p1b: Sinistcha|1/100
|-hitcount|p1b: Sinistcha|3
|move|p1b: Sinistcha|Life Dew|p1b: Sinistcha|[spread] p1a,p1b
|-heal|p1a: Delphox|58/100
|-heal|p1b: Sinistcha|25/100
|
|upkeep
|turn|5
|
|t:|1783738877
|switch|p1b: Incineroar|Incineroar, L50, F|10/100
|-ability|p1b: Incineroar|Intimidate|boost
|-unboost|p2a: Tsareena|atk|1
|-unboost|p2b: Garchomp|atk|1
|move|p2b: Garchomp|Rock Slide|p1a: Delphox|[spread] 
|-miss|p2b: Garchomp|p1a: Delphox
|-miss|p2b: Garchomp|p1b: Incineroar
|move|p1a: Delphox|Psyshock|p2b: Garchomp
|-damage|p2b: Garchomp|0 fnt
|faint|p2b: Garchomp
|move|p2a: Tsareena|Triple Axel|p1b: Incineroar
|-resisted|p1b: Incineroar|1
|-damage|p1b: Incineroar|8/100
|-resisted|p1b: Incineroar|1
|-damage|p1b: Incineroar|3/100
|-hitcount|p1b: Incineroar|2
|
|upkeep
|
|t:|1783738882
|switch|p2b: Delphox|Delphox, L50, F, shiny|100/100
|turn|6
|
|t:|1783738898
|detailschange|p2b: Delphox|Delphox-Mega, L50, F, shiny
|-mega|p2b: Delphox|Delphox|Delphoxite
|move|p1b: Incineroar|Fake Out||[still]
|cant|p2a: Tsareena|ability: Queenly Majesty|Fake Out|[of] p1b: Incineroar
|move|p2b: Delphox|Heat Wave|p1a: Delphox|[spread] p1a,p1b
|-resisted|p1a: Delphox|1
|-resisted|p1b: Incineroar|1
|-damage|p1a: Delphox|41/100
|-damage|p1b: Incineroar|0 fnt
|faint|p1b: Incineroar
|move|p1a: Delphox|Heat Wave|p2a: Tsareena|[spread] p2a,p2b
|-supereffective|p2a: Tsareena|1
|-resisted|p2b: Delphox|1
|-damage|p2a: Tsareena|0 fnt
|-damage|p2b: Delphox|58/100
|faint|p2a: Tsareena
|
|upkeep
|
|t:|1783738911
|switch|p1b: Sinistcha|Sinistcha, L50|25/100
|switch|p2a: Heliolisk|Heliolisk, L50, M, shiny|100/100
|-heal|p1a: Delphox|65/100|[from] ability: Hospitality|[of] p1b: Sinistcha
|turn|7
|
|t:|1783738936
|move|p2a: Heliolisk|Protect|p2a: Heliolisk
|-singleturn|p2a: Heliolisk|Protect
|move|p2b: Delphox|Heat Wave|p1b: Sinistcha|[spread] p1a,p1b
|-resisted|p1a: Delphox|1
|-supereffective|p1b: Sinistcha|1
|-damage|p1a: Delphox|47/100
|-damage|p1b: Sinistcha|0 fnt
|faint|p1b: Sinistcha
|move|p1a: Delphox|Heat Wave|p2b: Delphox|[spread] p2b
|-activate|p2a: Heliolisk|move: Protect
|-resisted|p2b: Delphox|1
|-damage|p2b: Delphox|21/100
|
|upkeep
|
|t:|1783738945
|switch|p1b: Kingambit|Kingambit, L50, F|100/100
|turn|8
|
|t:|1783738953
|move|p2a: Heliolisk|Ally Switch|p2a: Heliolisk
|swap|p2a: Heliolisk|1|[from] move: Ally Switch
|move|p1b: Kingambit|Sucker Punch||[still]
|-fail|p1b: Kingambit
|move|p2a: Delphox|Heat Wave|p1a: Delphox|[spread] p1a,p1b
|-resisted|p1a: Delphox|1
|-crit|p1a: Delphox
|-supereffective|p1b: Kingambit|1
|-damage|p1a: Delphox|19/100
|-damage|p1b: Kingambit|29/100
|move|p1a: Delphox|Psyshock|p2a: Delphox
|-resisted|p2a: Delphox|1
|-damage|p2a: Delphox|0 fnt
|faint|p2a: Delphox
|
|upkeep
|turn|9
|
|t:|1783738968
|move|p1b: Kingambit|Sucker Punch|p2b: Heliolisk
|-damage|p2b: Heliolisk|11/100
|move|p1a: Delphox|Psyshock|p2b: Heliolisk
|-damage|p2b: Heliolisk|0 fnt
|faint|p2b: Heliolisk
|
|win|PenguimSAL
||dguerrera8 is ready for game 2.
||PenguimSAL is ready for game 2.
|uhtml|next|Next: Game 2 of 3
