|j|☆enyelvgc
|j|☆pressinblades
|html|enyelvgcpressinblades    
|uhtml|bestof|Game 3 of a best-of-3
|t:|1783743657
|gametype|doubles
|player|p1|enyelvgc|102|1233
|player|p2|pressinblades|steven|1137
|gen|9
|tier|[Gen 9 Champions] VGC 2026 Reg M-B (Bo3)
|rated|
|rule|Species Clause: Limit one of each Pokémon
|rule|Item Clause: Limit 1 of each item
|clearpoke
|poke|p1|Whimsicott, L50, F, shiny|
|poke|p1|Charizard, L50, M, shiny|
|poke|p1|Garchomp, L50, M|
|poke|p1|Kingambit, L50, M, shiny|
|poke|p1|Sylveon, L50, F, shiny|
|poke|p1|Basculegion, L50, M, shiny|
|poke|p2|Talonflame, L50, M|
|poke|p2|Garchomp, L50, F, shiny|
|poke|p2|Maushold, L50|
|poke|p2|Gardevoir, L50, M, shiny|
|poke|p2|Hydreigon, L50, M, shiny|
|poke|p2|Metagross, L50, shiny|
|teampreview|4
|showteam|p1|Whimsicott||FocusSash|Prankster|Tailwind,Moonblast,HelpingHand,Protect|Timid||F|||50|]Charizard||CharizarditeY|Blaze|HeatWave,SolarBeam,Protect,WeatherBall|Timid||M|||50|]Garchomp||LifeOrb|RoughSkin|DragonClaw,Protect,Earthquake,RockSlide|Jolly||M|||50|]Kingambit||ChopleBerry|Defiant|KowtowCleave,SuckerPunch,IronHead,LowKick|Adamant||M|||50|]Sylveon||FairyFeather|Pixilate|HyperVoice,QuickAttack,HyperBeam,Protect|Modest||F|||50|]Basculegion||MysticWater|Adaptability|LastRespects,Protect,WaveCrash,AquaJet|Adamant||M|||50|
|showteam|p2|Talonflame||SharpBeak|GaleWings|Protect,Tailwind,DualWingbeat,QuickGuard|Jolly||M|||50|]Garchomp||LifeOrb|RoughSkin|Protect,RockSlide,Earthquake,DragonClaw|Adamant||F|||50|]Maushold||FocusSash|FriendGuard|Protect,SuperFang,FollowMe,Encore|Timid|||||50|]Gardevoir||Gardevoirite|Telepathy|Protect,TrickRoom,HyperVoice,Psyshock|Modest||M|||50|]Hydreigon||ExpertBelt|Levitate|Protect,DracoMeteor,DarkPulse,EarthPower|Modest||M|||50|]Metagross||ColburBerry|ClearBody|Protect,BulletPunch,PsychicFangs,HammerArm|Adamant|||||50|
|inactive|Battle timer is ON: inactive players will automatically lose when time's up. (requested by pressinblades)
|
|t:|1783743719
|teamsize|p1|4
|teamsize|p2|4
|start
|switch|p1a: Garchomp|Garchomp, L50, M|100/100
|switch|p1b: Kingambit|Kingambit, L50, M, shiny|100/100
|switch|p2a: Maushold|Maushold, L50|100/100
|switch|p2b: Gardevoir|Gardevoir, L50, M, shiny|100/100
|turn|1
|inactive|enyelvgc has 30 seconds left.
|inactive|pressinblades has 30 seconds left.
|inactive|pressinblades has 20 seconds left.
|inactive|pressinblades has 15 seconds left.
|inactive|pressinblades has 10 seconds left.
|inactive|pressinblades has 5 seconds left.
|
|t:|1783743774
|detailschange|p2b: Gardevoir|Gardevoir-Mega, L50, M, shiny
|-mega|p2b: Gardevoir|Gardevoir|Gardevoirite
|move|p2a: Maushold|Follow Me|p2a: Maushold
|-singleturn|p2a: Maushold|move: Follow Me
|move|p1a: Garchomp|Dragon Claw|p2a: Maushold
|-damage|p2a: Maushold|44/100
|-damage|p1a: Garchomp|90/100|[from] item: Life Orb
|move|p2b: Gardevoir|Hyper Voice|p1a: Garchomp|[spread] p1a,p1b
|-supereffective|p1a: Garchomp|1
|-damage|p1a: Garchomp|0 fnt
|-damage|p1b: Kingambit|53/100
|faint|p1a: Garchomp
|move|p1b: Kingambit|Kowtow Cleave|p2a: Maushold
|-damage|p2a: Maushold|0 fnt
|faint|p2a: Maushold
|
|upkeep
|inactive|enyelvgc has 30 seconds left.
|
|t:|1783743799
|switch|p1a: Sylveon|Sylveon, L50, F, shiny|100/100
|switch|p2a: Garchomp|Garchomp, L50, F, shiny|100/100
|turn|2
|inactive|pressinblades has 30 seconds left.
|inactive|pressinblades has 20 seconds left.
|inactive|pressinblades has 15 seconds left.
|
|t:|1783743842
|move|p2a: Garchomp|Protect|p2a: Garchomp
|-singleturn|p2a: Garchomp|Protect
|move|p1a: Sylveon|Protect|p1a: Sylveon
|-singleturn|p1a: Sylveon|Protect
|move|p2b: Gardevoir|Hyper Voice|p1a: Sylveon|[spread] p1b
|-activate|p1a: Sylveon|move: Protect
|-damage|p1b: Kingambit|10/100
|move|p1b: Kingambit|Kowtow Cleave|p2a: Garchomp
|-activate|p2a: Garchomp|move: Protect
|
|upkeep
|turn|3
|
|t:|1783743864
|move|p1a: Sylveon|Quick Attack|p2a: Garchomp
|-supereffective|p2a: Garchomp|1
|-damage|p2a: Garchomp|76/100
|-damage|p1a: Sylveon|87/100|[from] ability: Rough Skin|[of] p2a: Garchomp
|move|p1b: Kingambit|Sucker Punch|p2a: Garchomp
|-damage|p2a: Garchomp|40/100
|-damage|p1b: Kingambit|0 fnt|[from] ability: Rough Skin|[of] p2a: Garchomp
|faint|p1b: Kingambit
|move|p2a: Garchomp|Earthquake|p1a: Sylveon|[spread] p2b,p1a
|-damage|p2b: Gardevoir|27/100
|-damage|p1a: Sylveon|28/100
|-damage|p2a: Garchomp|30/100|[from] item: Life Orb
|move|p2b: Gardevoir|Hyper Voice|p1a: Sylveon
|-damage|p1a: Sylveon|0 fnt
|faint|p1a: Sylveon
|
|upkeep
|
|t:|1783743873
|switch|p1b: Charizard|Charizard, L50, M, shiny|100/100
|turn|4
|
|t:|1783743890
|switch|p2b: Talonflame|Talonflame, L50, M|100/100
|detailschange|p1b: Charizard|Charizard-Mega-Y, L50, M, shiny
|-mega|p1b: Charizard|Charizard|Charizardite Y
|-weather|SunnyDay|[from] ability: Drought|[of] p1b: Charizard
|move|p2a: Garchomp|Protect|p2a: Garchomp
|-singleturn|p2a: Garchomp|Protect
|move|p1b: Charizard|Heat Wave|p2a: Garchomp|[spread] p2b
|-activate|p2a: Garchomp|move: Protect
|-resisted|p2b: Talonflame|1
|-damage|p2b: Talonflame|54/100
|
|-weather|SunnyDay|[upkeep]
|upkeep
|turn|5
|
|t:|1783743907
|move|p2b: Talonflame|Tailwind|p2b: Talonflame
|-sidestart|p2: pressinblades|move: Tailwind
|move|p2a: Garchomp|Rock Slide|p1b: Charizard
|-supereffective|p1b: Charizard|2
|-damage|p1b: Charizard|0 fnt
|faint|p1b: Charizard
|-damage|p2a: Garchomp|20/100y|[from] item: Life Orb
|
|win|pressinblades
|raw|enyelvgc's rating: 1233 → 1201(-32 for losing)
|raw|pressinblades's rating: 1137 → 1169(+32 for winning)
|l|☆enyelvgc
|player|p1|
