|j|☆Zacharykeith
|j|☆BBnoCrit$
|html|ZacharykeithBBnoCrit$    
|uhtml|bestof|Game 1 of a best-of-3
|t:|1756332622
|gametype|doubles
|player|p1|Zacharykeith|fisherman-gen4|1120
|player|p2|BBnoCrit$|burglar|1093
|gen|9
|tier|[Gen 9] VGC 2025 Reg H (Bo3)
|rated|
|rule|Species Clause: Limit one of each Pokémon
|rule|Item Clause: Limit 1 of each item
|clearpoke
|poke|p1|Rillaboom, L50, F|
|poke|p1|Chandelure, L50, F|
|poke|p1|Electabuzz, L50, F|
|poke|p1|Kingambit, L50, M|
|poke|p1|Primarina, L50, F|
|poke|p1|Dragapult, L50, F|
|poke|p2|Arcanine, L50, F|
|poke|p2|Annihilape, L50, M|
|poke|p2|Smeargle, L50, M|
|poke|p2|Ursaluna-Bloodmoon, L50, M|
|poke|p2|Mandibuzz, L50, F|
|poke|p2|Kingambit, L50, M|
|teampreview|4
|showteam|p1|Rillaboom||AssaultVest|GrassySurge|FakeOut,GrassyGlide,WoodHammer,HighHorsepower|||F|||50|,,,,,Fire]Chandelure||FocusSash|FlashFire|HeatWave,ShadowBall,TrickRoom,Protect|||F|||50|,,,,,Grass]Electabuzz||Eviolite|VitalSpirit|VoltSwitch,Electroweb,FollowMe,Taunt|||F|||50|,,,,,Ghost]Kingambit||BlackGlasses|Defiant|SuckerPunch,KowtowCleave,SwordsDance,Protect|||M|||50|,,,,,Dark]Primarina||ThroatSpray|LiquidVoice|HyperVoice,Moonblast,Haze,Protect|||F|||50|,,,,,Steel]Dragapult||ChoiceBand|ClearBody|DragonDarts,PhantomForce,Uturn,Outrage|||F|||50|,,,,,Dragon
|showteam|p2|Arcanine||SitrusBerry|Intimidate|FlareBlitz,HelpingHand,ExtremeSpeed,Protect|||F|||50|,,,,,Grass]Annihilape||Leftovers|Defiant|RageFist,DrainPunch,BulkUp,Protect|||M|||50|,,,,,Water]Smeargle||FocusSash|Moody|Spore,FollowMe,FakeOut,SpikyShield|||M|||50|,,,,,Ghost]Ursaluna-Bloodmoon||LifeOrb|MindsEye|HyperVoice,EarthPower,BloodMoon,Protect|||M|||50|,,,,,Normal]Mandibuzz||RockyHelmet|Overcoat|Snarl,Tailwind,Taunt,Roost|||F|||50|,,,,,Dragon]Kingambit||AssaultVest|Defiant|KowtowCleave,IronHead,LowKick,SuckerPunch|||M|||50|,,,,,Poison
|inactive|Battle timer is ON: inactive players will automatically lose when time's up. (requested by Zacharykeith)
|
|t:|1756332671
|teamsize|p1|4
|teamsize|p2|4
|start
|switch|p1a: Rillaboom|Rillaboom, L50, F|100/100
|switch|p1b: Primarina|Primarina, L50, F|100/100
|switch|p2a: Kingambit|Kingambit, L50, M|100/100
|switch|p2b: Smeargle|Smeargle, L50, M|100/100
|-fieldstart|move: Grassy Terrain|[from] ability: Grassy Surge|[of] p1a: Rillaboom
|turn|1
|inactive|Zacharykeith has 30 seconds left.
|inactive|BBnoCrit$ has 30 seconds left.
|
|t:|1756332699
|-terastallize|p1b: Primarina|Steel
|move|p2b: Smeargle|Fake Out|p1b: Primarina
|-resisted|p1b: Primarina
|-damage|p1b: Primarina|98/100
|move|p1a: Rillaboom|Grassy Glide|p2b: Smeargle
|-damage|p2b: Smeargle|9/100
|cant|p1b: Primarina|flinch
|move|p2a: Kingambit|Kowtow Cleave|p1a: Rillaboom
|-damage|p1a: Rillaboom|57/100
|
|-heal|p2b: Smeargle|15/100|[from] Grassy Terrain
|-heal|p1a: Rillaboom|63/100|[from] Grassy Terrain
|-heal|p1b: Primarina|100/100|[from] Grassy Terrain
|-ability|p2b: Smeargle|Moody|boost
|-boost|p2b: Smeargle|spe|2
|-unboost|p2b: Smeargle|spa|1
|upkeep
|turn|2
|
|t:|1756332723
|move|p2b: Smeargle|Spiky Shield|p2b: Smeargle
|-singleturn|p2b: Smeargle|move: Protect
|move|p1a: Rillaboom|Grassy Glide|p2b: Smeargle
|-activate|p2b: Smeargle|move: Protect
|-damage|p1a: Rillaboom|51/100|[from] Spiky Shield|[of] p2b: Smeargle
|move|p1b: Primarina|Hyper Voice|p2b: Smeargle|[spread] p2a
|-activate|p2b: Smeargle|move: Protect
|-damage|p2a: Kingambit|79/100
|-enditem|p1b: Primarina|Throat Spray
|-boost|p1b: Primarina|spa|1|[from] item: Throat Spray
|move|p2a: Kingambit|Low Kick|p1b: Primarina
|-supereffective|p1b: Primarina
|-damage|p1b: Primarina|49/100
|
|-heal|p2b: Smeargle|21/100|[from] Grassy Terrain
|-heal|p1a: Rillaboom|57/100|[from] Grassy Terrain
|-heal|p1b: Primarina|55/100|[from] Grassy Terrain
|-heal|p2a: Kingambit|85/100|[from] Grassy Terrain
|-ability|p2b: Smeargle|Moody|boost
|-boost|p2b: Smeargle|spd|2
|-unboost|p2b: Smeargle|def|1
|upkeep
|turn|3
|inactive|BBnoCrit$ has 30 seconds left.
|
|t:|1756332753
|move|p2b: Smeargle|Spiky Shield||[still]
|-fail|p2b: Smeargle
|move|p1a: Rillaboom|Grassy Glide|p2b: Smeargle
|-damage|p2b: Smeargle|0 fnt
|faint|p2b: Smeargle
|move|p1b: Primarina|Moonblast|p2a: Kingambit
|-damage|p2a: Kingambit|39/100
|move|p2a: Kingambit|Low Kick|p1b: Primarina
|-supereffective|p1b: Primarina
|-damage|p1b: Primarina|6/100
|
|-heal|p1a: Rillaboom|62/100|[from] Grassy Terrain
|-heal|p1b: Primarina|12/100|[from] Grassy Terrain
|-heal|p2a: Kingambit|45/100|[from] Grassy Terrain
|upkeep
|
|t:|1756332773
|switch|p2b: Annihilape|Annihilape, L50, M|100/100
|turn|4
|
|t:|1756332791
|move|p1b: Primarina|Protect|p1b: Primarina
|-singleturn|p1b: Primarina|Protect
|move|p2a: Kingambit|Sucker Punch||[still]
|-fail|p2a: Kingambit
|move|p2b: Annihilape|Bulk Up|p2b: Annihilape
|-boost|p2b: Annihilape|atk|1
|-boost|p2b: Annihilape|def|1
|move|p1a: Rillaboom|High Horsepower|p2a: Kingambit|[miss]
|-miss|p1a: Rillaboom|p2a: Kingambit
|
|-heal|p1a: Rillaboom|68/100|[from] Grassy Terrain
|-heal|p1b: Primarina|18/100|[from] Grassy Terrain
|-heal|p2a: Kingambit|51/100|[from] Grassy Terrain
|upkeep
|turn|5
|
|t:|1756332812
|switch|p1b: Electabuzz|Electabuzz, L50, F|100/100
|move|p2a: Kingambit|Sucker Punch|p1a: Rillaboom
|-damage|p1a: Rillaboom|26/100
|move|p2b: Annihilape|Rage Fist|p1b: Electabuzz
|-damage|p1b: Electabuzz|74/100
|move|p1a: Rillaboom|High Horsepower|p2a: Kingambit
|-supereffective|p2a: Kingambit
|-damage|p2a: Kingambit|6/100
|
|-heal|p1b: Electabuzz|80/100|[from] Grassy Terrain
|-heal|p1a: Rillaboom|32/100|[from] Grassy Terrain
|-heal|p2a: Kingambit|12/100|[from] Grassy Terrain
|-fieldend|move: Grassy Terrain
|upkeep
|turn|6
|inactive|BBnoCrit$ has 30 seconds left.
|
|t:|1756332838
|move|p1b: Electabuzz|Volt Switch|p2a: Kingambit
|-damage|p2a: Kingambit|0 fnt
|faint|p2a: Kingambit
|
|t:|1756332844
|switch|p1b: Primarina|Primarina, L50, F, tera:Steel|18/100|[from] Volt Switch
|move|p2b: Annihilape|Drain Punch|p1a: Rillaboom
|-damage|p1a: Rillaboom|0 fnt
|faint|p1a: Rillaboom
|
|upkeep
|
|t:|1756332850
|switch|p1a: Electabuzz|Electabuzz, L50, F|80/100
|switch|p2a: Ursaluna|Ursaluna-Bloodmoon, L50, M|100/100
|turn|7
|inactive|Zacharykeith has 30 seconds left.
|
|t:|1756332879
|-terastallize|p2a: Ursaluna|Normal
|move|p1a: Electabuzz|Follow Me|p1a: Electabuzz
|-singleturn|p1a: Electabuzz|move: Follow Me
|move|p2b: Annihilape|Drain Punch|p1a: Electabuzz
|-damage|p1a: Electabuzz|40/100
|move|p2a: Ursaluna|Hyper Voice|p1a: Electabuzz|[spread] p1a,p1b
|-resisted|p1b: Primarina
|-damage|p1a: Electabuzz|0 fnt
|-damage|p1b: Primarina|0 fnt
|faint|p1a: Electabuzz
|faint|p1b: Primarina
|-damage|p2a: Ursaluna|91/100|[from] item: Life Orb
|
|upkeep
|
|t:|1756332891
|switch|p1b: Chandelure|Chandelure, L50, F|100/100
|turn|8
|
|t:|1756332907
|move|p2b: Annihilape|Protect|p2b: Annihilape
|-singleturn|p2b: Annihilape|Protect
|move|p1b: Chandelure|Shadow Ball|p2b: Annihilape
|-activate|p2b: Annihilape|move: Protect
|move|p2a: Ursaluna|Earth Power|p1b: Chandelure
|-supereffective|p1b: Chandelure
|-enditem|p1b: Chandelure|Focus Sash
|-damage|p1b: Chandelure|1/100
|-damage|p2a: Ursaluna|81/100|[from] item: Life Orb
|
|upkeep
|turn|9
|-message|Zacharykeith forfeited.
|
|win|BBnoCrit$
