|j|☆bdude
|j|☆battle sim trainer
|html|bdudebattle sim trainer    
|uhtml|bestof|Game 1 of a best-of-3
|t:|1783705568
|gametype|doubles
|player|p1|bdude|ghetsis-gen5bw|1259
|player|p2|battle sim trainer|turo|1142
|gen|9
|tier|[Gen 9 Champions] VGC 2026 Reg M-B (Bo3)
|rated|
|rule|Species Clause: Limit one of each Pokémon
|rule|Item Clause: Limit 1 of each item
|clearpoke
|poke|p1|Sinistcha, L50|
|poke|p1|Incineroar, L50, M|
|poke|p1|Milotic, L50, M|
|poke|p1|Raichu, L50, F|
|poke|p1|Ceruledge, L50, F|
|poke|p1|Floette-Eternal, L50, F|
|poke|p2|Swampert, L50, F|
|poke|p2|Pelipper, L50, M|
|poke|p2|Archaludon, L50, M|
|poke|p2|Grimmsnarl, L50, M|
|poke|p2|Sinistcha, L50|
|poke|p2|Gallade, L50, M|
|teampreview|4
|showteam|p1|Sinistcha||KasibBerry|Hospitality|MatchaGotcha,LifeDew,RagePowder,Protect|Relaxed|||||50|]Incineroar||SitrusBerry|Intimidate|FlareBlitz,ThroatChop,FakeOut,PartingShot|Impish||M|||50|]Milotic||Leftovers|Competitive|MuddyWater,Coil,Hypnosis,Protect|Calm||M|||50|]Raichu||RaichuniteY|LightningRod|ZapCannon,FocusBlast,Protect,FakeOut|Timid||F|||50|]Ceruledge||ColburBerry|FlashFire|BitterBlade,ShadowSneak,BulkUp,Protect|Adamant||F|||50|]Floette-Eternal||Floettite|FlowerVeil|DrainingKiss,CalmMind,DazzlingGleam,Protect|Timid||F|||50|
|showteam|p2|Swampert||Swampertite|Damp|WaveCrash,Earthquake,IcePunch,Protect|Adamant||F|||50|]Pelipper||SitrusBerry|Drizzle|Hurricane,WeatherBall,Tailwind,Protect|Modest||M|||50|]Archaludon||Leftovers|Stamina|ElectroShot,DragonPulse,FlashCannon,Protect|Modest||M|||50|]Grimmsnarl||LightClay|Prankster|SpiritBreak,Reflect,LightScreen,PartingShot|Careful||M|||50|]Sinistcha||CobaBerry|Hospitality|LifeDew,MatchaGotcha,TrickRoom,RagePowder|Bold|||||50|]Gallade||Galladite|Sharpness|SwordsDance,PsychoCut,CloseCombat,HealPulse|Jolly||M|||50|
|inactive|Battle timer is ON: inactive players will automatically lose when time's up. (requested by bdude)
|inactive|bdude has 60 seconds left.
|inactive|battle sim trainer has 60 seconds left.
|inactive|bdude has 30 seconds left.
|inactive|battle sim trainer has 30 seconds left.
|inactive|bdude has 20 seconds left.
|inactive|bdude has 15 seconds left.
|inactive|bdude has 10 seconds left.
|inactive|bdude has 5 seconds left.
|
|t:|1783705657
|teamsize|p1|4
|teamsize|p2|4
|start
|switch|p1a: Raichu|Raichu, L50, F|100/100
|switch|p1b: Milotic|Milotic, L50, M|100/100
|switch|p2a: Grimmsnarl|Grimmsnarl, L50, M|100/100
|switch|p2b: Swampert|Swampert, L50, F|100/100
|turn|1
|
|t:|1783705676
|detailschange|p1a: Raichu|Raichu-Mega-Y, L50, F
|-mega|p1a: Raichu|Raichu|Raichunite Y
|detailschange|p2b: Swampert|Swampert-Mega, L50, F
|-mega|p2b: Swampert|Swampert|Swampertite
|move|p1a: Raichu|Fake Out|p2b: Swampert
|-damage|p2b: Swampert|92/100
|move|p2a: Grimmsnarl|Light Screen|p2a: Grimmsnarl
|-sidestart|p2: battle sim trainer|move: Light Screen
|cant|p2b: Swampert|flinch
|move|p1b: Milotic|Coil|p1b: Milotic
|-boost|p1b: Milotic|atk|1
|-boost|p1b: Milotic|def|1
|-boost|p1b: Milotic|accuracy|1
|
|upkeep
|turn|2
|
|t:|1783705693
|switch|p2a: Pelipper|Pelipper, L50, M|100/100
|-weather|RainDance|[from] ability: Drizzle|[of] p2a: Pelipper
|move|p1a: Raichu|Protect|p1a: Raichu
|-singleturn|p1a: Raichu|Protect
|move|p2b: Swampert|Earthquake|p1b: Milotic|[spread] p1b
|-activate|p1a: Raichu|move: Protect
|-immune|p2a: Pelipper
|-damage|p1b: Milotic|68/100
|move|p1b: Milotic|Coil|p1b: Milotic
|-boost|p1b: Milotic|atk|1
|-boost|p1b: Milotic|def|1
|-boost|p1b: Milotic|accuracy|1
|
|-weather|RainDance|[upkeep]
|-heal|p1b: Milotic|74/100|[from] item: Leftovers
|upkeep
|turn|3
|
|t:|1783705718
|switch|p1a: Sinistcha|Sinistcha, L50|100/100
|-heal|p1b: Milotic|99/100|[from] ability: Hospitality|[of] p1a: Sinistcha
|move|p2b: Swampert|Earthquake|p1a: Sinistcha|[spread] p1a,p1b
|-immune|p2a: Pelipper
|-resisted|p1a: Sinistcha|1
|-damage|p1a: Sinistcha|79/100
|-damage|p1b: Milotic|77/100
|move|p1b: Milotic|Hypnosis|p2b: Swampert
|-status|p2b: Swampert|slp|[from] move: Hypnosis
|move|p2a: Pelipper|Hurricane|p1a: Sinistcha
|-supereffective|p1a: Sinistcha|1
|-damage|p1a: Sinistcha|4/100
|-start|p1a: Sinistcha|confusion
|
|-weather|RainDance|[upkeep]
|-heal|p1b: Milotic|83/100|[from] item: Leftovers
|upkeep
|turn|4
|c|☆bdude|how am i playing against a bot
|inactive|bdude has 30 seconds left.
|inactive|battle sim trainer has 30 seconds left.
|c|☆battle sim trainer|bruh
|c|☆battle sim trainer|i covered switch lol
|inactive|battle sim trainer has 20 seconds left.
|c|☆bdude|nice
|inactive|battle sim trainer has 15 seconds left.
|
|t:|1783705758
|switch|p1a: Raichu|Raichu-Mega-Y, L50, F|100/100
|cant|p2b: Swampert|slp
|move|p1b: Milotic|Muddy Water|p2a: Pelipper|[spread] p2a,p2b
|-resisted|p2a: Pelipper|1
|-damage|p2a: Pelipper|88/100
|-damage|p2b: Swampert|70/100 slp
|move|p2a: Pelipper|Hurricane|p1a: Raichu
|-resisted|p1a: Raichu|1
|-damage|p1a: Raichu|70/100
|
|-weather|RainDance|[upkeep]
|-heal|p1b: Milotic|89/100|[from] item: Leftovers
|upkeep
|turn|5
|
|t:|1783705781
|move|p2a: Pelipper|Protect|p2a: Pelipper
|-singleturn|p2a: Pelipper|Protect
|move|p1a: Raichu|Fake Out|p2a: Pelipper
|-activate|p2a: Pelipper|move: Protect
|cant|p2b: Swampert|slp
|move|p1b: Milotic|Muddy Water|p2b: Swampert|[spread] p2b
|-activate|p2a: Pelipper|move: Protect
|-damage|p2b: Swampert|50/100g slp
|
|-weather|RainDance|[upkeep]
|-heal|p1b: Milotic|95/100|[from] item: Leftovers
|upkeep
|turn|6
|
|t:|1783705802
|move|p1a: Raichu|Protect|p1a: Raichu
|-singleturn|p1a: Raichu|Protect
|-curestatus|p2b: Swampert|slp|[msg]
|move|p2b: Swampert|Earthquake|p1a: Raichu|[spread] p1b
|-activate|p1a: Raichu|move: Protect
|-immune|p2a: Pelipper
|-damage|p1b: Milotic|69/100
|move|p1b: Milotic|Muddy Water|p2b: Swampert|[spread] p2a,p2b
|-resisted|p2a: Pelipper|1
|-crit|p2a: Pelipper
|-damage|p2a: Pelipper|60/100
|-damage|p2b: Swampert|29/100
|-unboost|p2b: Swampert|accuracy|1
|move|p2a: Pelipper|Tailwind|p2a: Pelipper
|-sidestart|p2: battle sim trainer|move: Tailwind
|
|-weather|none
|-heal|p1b: Milotic|75/100|[from] item: Leftovers
|upkeep
|turn|7
|
|t:|1783705824
|switch|p1a: Sinistcha|Sinistcha, L50|4/100
|-heal|p1b: Milotic|100/100|[from] ability: Hospitality|[of] p1a: Sinistcha
|switch|p2a: Grimmsnarl|Grimmsnarl, L50, M|100/100
|move|p2b: Swampert|Earthquake|p1b: Milotic|[spread] p2a,p1a
|-miss|p2b: Swampert|p1b: Milotic
|-resisted|p1a: Sinistcha|1
|-damage|p2a: Grimmsnarl|54/100
|-damage|p1a: Sinistcha|0 fnt
|faint|p1a: Sinistcha
|move|p1b: Milotic|Muddy Water|p2b: Swampert|[spread] p2a,p2b
|-damage|p2a: Grimmsnarl|41/100
|-damage|p2b: Swampert|14/100
|-unboost|p2a: Grimmsnarl|accuracy|1
|
|upkeep
|
|t:|1783705849
|switch|p1a: Ceruledge|Ceruledge, L50, F|100/100
|turn|8
|
|t:|1783705857
|switch|p2b: Archaludon|Archaludon, L50, M|100/100
|move|p2a: Grimmsnarl|Reflect|p2a: Grimmsnarl
|-sidestart|p2: battle sim trainer|Reflect
|move|p1a: Ceruledge|Shadow Sneak|p2b: Archaludon
|-damage|p2b: Archaludon|88/100
|-ability|p2b: Archaludon|Stamina|boost
|-boost|p2b: Archaludon|def|1
|move|p1b: Milotic|Hypnosis|p2a: Grimmsnarl
|-status|p2a: Grimmsnarl|slp|[from] move: Hypnosis
|
|-heal|p2b: Archaludon|94/100|[from] item: Leftovers
|-sideend|p2: battle sim trainer|move: Light Screen
|upkeep
|turn|9
|inactive|bdude has 30 seconds left.
|
|t:|1783705886
|switch|p2a: Pelipper|Pelipper, L50, M|60/100
|-weather|RainDance|[from] ability: Drizzle|[of] p2a: Pelipper
|switch|p1a: Raichu|Raichu-Mega-Y, L50, F|70/100
|move|p2b: Archaludon|Electro Shot||[still]
|-prepare|p2b: Archaludon|Electro Shot
|-boost|p2b: Archaludon|spa|1
|-anim|p2b: Archaludon|Electro Shot|p1a: Raichu
|-resisted|p1a: Raichu|1
|-damage|p1a: Raichu|20/100y
|move|p1b: Milotic|Hypnosis|p2b: Archaludon
|-status|p2b: Archaludon|slp|[from] move: Hypnosis
|
|-weather|RainDance|[upkeep]
|-heal|p2b: Archaludon|100/100 slp|[from] item: Leftovers
|-sideend|p2: battle sim trainer|move: Tailwind
|upkeep
|turn|10
|inactive|battle sim trainer has 30 seconds left.
|
|t:|1783705915
|switch|p2b: Grimmsnarl|Grimmsnarl, L50, M|41/100 slp
|move|p1a: Raichu|Focus Blast|p2b: Grimmsnarl
|-damage|p2b: Grimmsnarl|0 fnt
|faint|p2b: Grimmsnarl
|move|p1b: Milotic|Muddy Water|p2a: Pelipper
|-resisted|p2a: Pelipper|1
|-damage|p2a: Pelipper|35/100
|-enditem|p2a: Pelipper|Sitrus Berry|[eat]
|-heal|p2a: Pelipper|60/100|[from] item: Sitrus Berry
|move|p2a: Pelipper|Weather Ball|p1a: Raichu
|-damage|p1a: Raichu|0 fnt
|faint|p1a: Raichu
|
|-weather|RainDance|[upkeep]
|upkeep
|
|t:|1783705931
|switch|p1a: Ceruledge|Ceruledge, L50, F|100/100
|switch|p2b: Swampert|Swampert-Mega, L50, F|14/100
|turn|11
|
|t:|1783705944
|move|p2b: Swampert|Protect|p2b: Swampert
|-singleturn|p2b: Swampert|Protect
|move|p1a: Ceruledge|Protect|p1a: Ceruledge
|-singleturn|p1a: Ceruledge|Protect
|move|p1b: Milotic|Muddy Water|p2a: Pelipper|[spread] p2a
|-activate|p2b: Swampert|move: Protect
|-resisted|p2a: Pelipper|1
|-damage|p2a: Pelipper|40/100
|move|p2a: Pelipper|Tailwind|p2a: Pelipper
|-sidestart|p2: battle sim trainer|move: Tailwind
|
|-weather|RainDance|[upkeep]
|upkeep
|turn|12
|
|t:|1783705959
|move|p1a: Ceruledge|Shadow Sneak|p2b: Swampert
|-damage|p2b: Swampert|2/100
|move|p2b: Swampert|Wave Crash|p1a: Ceruledge
|-supereffective|p1a: Ceruledge|1
|-damage|p1a: Ceruledge|0 fnt
|faint|p1a: Ceruledge
|-damage|p2b: Swampert|0 fnt|[from] Recoil
|faint|p2b: Swampert
|move|p2a: Pelipper|Weather Ball|p1b: Milotic
|-resisted|p1b: Milotic|1
|-damage|p1b: Milotic|85/100
|move|p1b: Milotic|Muddy Water|p2a: Pelipper
|-resisted|p2a: Pelipper|1
|-damage|p2a: Pelipper|15/100
|-unboost|p2a: Pelipper|accuracy|1
|
|-weather|RainDance|[upkeep]
|-heal|p1b: Milotic|91/100|[from] item: Leftovers
|upkeep
|
|t:|1783705970
|switch|p2b: Archaludon|Archaludon, L50, M|100/100 slp
|turn|13
|
|t:|1783705976
|cant|p2b: Archaludon|slp
|move|p2a: Pelipper|Hurricane|p1b: Milotic
|-damage|p1b: Milotic|66/100
|-start|p1b: Milotic|confusion
|-activate|p1b: Milotic|confusion
|move|p1b: Milotic|Muddy Water|p2b: Archaludon|[spread] p2a,p2b
|-resisted|p2a: Pelipper|1
|-resisted|p2b: Archaludon|1
|-damage|p2a: Pelipper|0 fnt
|-damage|p2b: Archaludon|81/100 slp
|-unboost|p2b: Archaludon|accuracy|1
|-ability|p2b: Archaludon|Stamina|boost
|-boost|p2b: Archaludon|def|1
|faint|p2a: Pelipper
|
|-weather|none
|-heal|p2b: Archaludon|87/100 slp|[from] item: Leftovers
|-heal|p1b: Milotic|72/100|[from] item: Leftovers
|upkeep
|turn|14
|
|t:|1783705987
|cant|p2b: Archaludon|slp
|-activate|p1b: Milotic|confusion
|-damage|p1b: Milotic|66/100|[from] confusion
|
|-heal|p2b: Archaludon|93/100 slp|[from] item: Leftovers
|-heal|p1b: Milotic|72/100|[from] item: Leftovers
|-sideend|p2: battle sim trainer|move: Tailwind
|upkeep
|turn|15
|
|t:|1783705993
|-curestatus|p2b: Archaludon|slp|[msg]
|move|p2b: Archaludon|Electro Shot||[still]
|-prepare|p2b: Archaludon|Electro Shot
|-boost|p2b: Archaludon|spa|1
|-activate|p1b: Milotic|confusion
|-damage|p1b: Milotic|65/100|[from] confusion
|
|-heal|p2b: Archaludon|100/100|[from] item: Leftovers
|-heal|p1b: Milotic|71/100|[from] item: Leftovers
|-sideend|p2: battle sim trainer|Reflect
|upkeep
|turn|16
|c|☆battle sim trainer|well
|c|☆battle sim trainer|this is fun
|
|t:|1783706008
|-activate|p1b: Milotic|confusion
|move|p1b: Milotic|Protect|p1b: Milotic
|-singleturn|p1b: Milotic|Protect
|move|p2b: Archaludon|Electro Shot|p1b: Milotic|[from] lockedmove
|-activate|p1b: Milotic|move: Protect
|
|-heal|p1b: Milotic|77/100|[from] item: Leftovers
|upkeep
|turn|17
|
|t:|1783706016
|move|p2b: Archaludon|Dragon Pulse|p1b: Milotic
|-damage|p1b: Milotic|44/100
|-end|p1b: Milotic|confusion
|move|p1b: Milotic|Hypnosis|p2b: Archaludon
|-status|p2b: Archaludon|slp|[from] move: Hypnosis
|
|-heal|p1b: Milotic|50/100y|[from] item: Leftovers
|upkeep
|turn|18
|
|t:|1783706021
|cant|p2b: Archaludon|slp
|move|p1b: Milotic|Muddy Water|p2b: Archaludon
|-resisted|p2b: Archaludon|1
|-damage|p2b: Archaludon|83/100 slp
|-unboost|p2b: Archaludon|accuracy|1
|-ability|p2b: Archaludon|Stamina|boost
|-boost|p2b: Archaludon|def|1
|
|-heal|p2b: Archaludon|89/100 slp|[from] item: Leftovers
|-heal|p1b: Milotic|55/100|[from] item: Leftovers
|upkeep
|turn|19
|c|☆battle sim trainer|F
|
|t:|1783706033
|-curestatus|p2b: Archaludon|slp|[msg]
|move|p2b: Archaludon|Dragon Pulse|p1b: Milotic
|-damage|p1b: Milotic|24/100
|move|p1b: Milotic|Muddy Water|p2b: Archaludon
|-resisted|p2b: Archaludon|1
|-damage|p2b: Archaludon|75/100
|-ability|p2b: Archaludon|Stamina|boost
|-boost|p2b: Archaludon|def|1
|
|-heal|p2b: Archaludon|81/100|[from] item: Leftovers
|-heal|p1b: Milotic|30/100|[from] item: Leftovers
|upkeep
|turn|20
|c|☆bdude|surley you start missing
|
|t:|1783706045
|move|p2b: Archaludon|Dragon Pulse|p1b: Milotic
|-damage|p1b: Milotic|0 fnt
|faint|p1b: Milotic
|
|win|battle sim trainer
