|j|☆Gayangos
|j|☆BVSelf
|html|GayangosBVSelf    
|uhtml|bestof|Game 2 of a best-of-3
|t:|1783240770
|gametype|doubles
|player|p1|Gayangos|101|1365
|player|p2|BVSelf|juan|1337
|gen|9
|tier|[Gen 9 Champions] VGC 2026 Reg M-B (Bo3)
|rated|
|rule|Species Clause: Limit one of each Pokémon
|rule|Item Clause: Limit 1 of each item
|clearpoke
|poke|p1|Floette-Eternal, L50, F|
|poke|p1|Incineroar, L50, F|
|poke|p1|Sinistcha, L50|
|poke|p1|Milotic, L50, M|
|poke|p1|Ceruledge, L50, M|
|poke|p1|Hydreigon, L50, M|
|poke|p2|Torkoal, L50, F|
|poke|p2|Venusaur, L50, M|
|poke|p2|Farigiraf, L50, M|
|poke|p2|Scrafty, L50, F|
|poke|p2|Mamoswine, L50, M|
|poke|p2|Pyroar, L50, M|
|teampreview|4
|showteam|p1|Floette-Eternal||Floettite|FlowerVeil|DrainingKiss,DazzlingGleam,CalmMind,Protect|Timid||F|||50|]Incineroar||SitrusBerry|Intimidate|FakeOut,FlareBlitz,ThroatChop,PartingShot|Impish||F|||50|]Sinistcha||KasibBerry|Hospitality|MatchaGotcha,RagePowder,LifeDew,Protect|Relaxed|||||50|]Milotic||Leftovers|Competitive|MuddyWater,Coil,Hypnosis,Protect|Calm||M|||50|]Ceruledge||ColburBerry|FlashFire|BitterBlade,ShadowSneak,BulkUp,Protect|Adamant||M|||50|]Hydreigon||ChoiceScarf|Levitate|DracoMeteor,DarkPulse,EarthPower,Snarl|Modest||M|||50|
|showteam|p2|Torkoal||HeatRock|Drought|Eruption,WeatherBall,HelpingHand,Protect|Quiet||F|||50|]Venusaur||LifeOrb|Chlorophyll|EnergyBall,SludgeBomb,EarthPower,Protect|Modest||M|||50|]Farigiraf||SitrusBerry|ArmorTail|Psychic,Thunderbolt,TrickRoom,Protect|Quiet||M|||50|]Scrafty||Scraftinite|Intimidate|KnockOff,DrainPunch,IcePunch,FakeOut|Adamant||F|||50|]Mamoswine||FocusSash|Oblivious|HighHorsepower,RockSlide,IceShard,Protect|Adamant||M|||50|]Pyroar||Pyroarite|Unnerve|HeatWave,Overheat,Yawn,Protect|Timid||M|||50|
|inactive|Battle timer is ON: inactive players will automatically lose when time's up. (requested by Gayangos)
|inactive|BVSelf has 60 seconds left.
|
|t:|1783240822
|teamsize|p1|4
|teamsize|p2|4
|start
|switch|p1a: Ceruledge|Ceruledge, L50, M|100/100
|switch|p1b: Floette|Floette-Eternal, L50, F|100/100
|switch|p2a: Venusaur|Venusaur, L50, M|100/100
|switch|p2b: Torkoal|Torkoal, L50, F|100/100
|-weather|SunnyDay|[from] ability: Drought|[of] p2b: Torkoal
|turn|1
|
|t:|1783240853
|switch|p1b: Hydreigon|Hydreigon, L50, M|100/100
|move|p2b: Torkoal|Helping Hand|p2a: Venusaur
|-singleturn|p2a: Venusaur|Helping Hand|[of] p2b: Torkoal
|move|p2a: Venusaur|Earth Power|p1a: Ceruledge
|-supereffective|p1a: Ceruledge|1
|-damage|p1a: Ceruledge|0 fnt
|faint|p1a: Ceruledge
|-damage|p2a: Venusaur|90/100|[from] item: Life Orb
|
|-weather|SunnyDay|[upkeep]
|upkeep
|
|t:|1783240865
|switch|p1a: Incineroar|Incineroar, L50, F|100/100
|-ability|p1a: Incineroar|Intimidate|boost
|-unboost|p2a: Venusaur|atk|1
|-unboost|p2b: Torkoal|atk|1
|turn|2
|
|t:|1783240873
|switch|p1a: Floette|Floette-Eternal, L50, F|100/100
|switch|p2b: Scrafty|Scrafty, L50, F|100/100
|-ability|p2b: Scrafty|Intimidate|boost
|-unboost|p1a: Floette|atk|1
|-unboost|p1b: Hydreigon|atk|1
|move|p2a: Venusaur|Protect|p2a: Venusaur
|-singleturn|p2a: Venusaur|Protect
|move|p1b: Hydreigon|Snarl|p2a: Venusaur|[spread] p2b
|-activate|p2a: Venusaur|move: Protect
|-resisted|p2b: Scrafty|2
|-damage|p2b: Scrafty|95/100
|-unboost|p2b: Scrafty|spa|1
|
|-weather|SunnyDay|[upkeep]
|upkeep
|turn|3
|inactive|BVSelf has 30 seconds left.
|
|t:|1783240902
|detailschange|p1a: Floette|Floette-Mega, L50, F
|-mega|p1a: Floette|Floette|Floettite
|-ability|p1a: Floette|Fairy Aura
|move|p2b: Scrafty|Fake Out|p1a: Floette
|-damage|p1a: Floette|86/100
|move|p2a: Venusaur|Sludge Bomb|p1a: Floette
|-supereffective|p1a: Floette|1
|-damage|p1a: Floette|0 fnt
|faint|p1a: Floette
|-damage|p2a: Venusaur|80/100|[from] item: Life Orb
|move|p1b: Hydreigon|Snarl|p2b: Scrafty|[spread] p2a,p2b
|-resisted|p2b: Scrafty|2
|-damage|p2a: Venusaur|54/100
|-damage|p2b: Scrafty|90/100
|-unboost|p2a: Venusaur|spa|1
|-unboost|p2b: Scrafty|spa|1
|
|-weather|SunnyDay|[upkeep]
|upkeep
|
|t:|1783240917
|switch|p1a: Incineroar|Incineroar, L50, F|100/100
|-ability|p1a: Incineroar|Intimidate|boost
|-unboost|p2a: Venusaur|atk|1
|-unboost|p2b: Scrafty|atk|1
|turn|4
|inactive|BVSelf has 30 seconds left.
|inactive|BVSelf has 20 seconds left.
|inactive|BVSelf has 15 seconds left.
|inactive|BVSelf has 10 seconds left.
|inactive|BVSelf has 5 seconds left.
|
|t:|1783240970
|switch|p2b: Torkoal|Torkoal, L50, F|100/100
|move|p2a: Venusaur|Sludge Bomb|p1b: Hydreigon
|-damage|p1b: Hydreigon|57/100
|-damage|p2a: Venusaur|44/100|[from] item: Life Orb
|move|p1b: Hydreigon|Snarl|p2a: Venusaur|[spread] p2a,p2b
|-damage|p2a: Venusaur|19/100
|-damage|p2b: Torkoal|72/100
|-unboost|p2a: Venusaur|spa|1
|-unboost|p2b: Torkoal|spa|1
|move|p1a: Incineroar|Flare Blitz|p2b: Torkoal
|-resisted|p2b: Torkoal|1
|-damage|p2b: Torkoal|45/100
|-damage|p1a: Incineroar|92/100|[from] Recoil
|
|-weather|SunnyDay|[upkeep]
|upkeep
|turn|5
|
|t:|1783240993
|move|p2b: Torkoal|Helping Hand|p2a: Venusaur
|-singleturn|p2a: Venusaur|Helping Hand|[of] p2b: Torkoal
|move|p2a: Venusaur|Sludge Bomb|p1b: Hydreigon
|-damage|p1b: Hydreigon|11/100
|-damage|p2a: Venusaur|9/100|[from] item: Life Orb
|move|p1b: Hydreigon|Snarl|p2a: Venusaur|[spread] p2a,p2b
|-damage|p2a: Venusaur|0 fnt
|-damage|p2b: Torkoal|18/100
|-unboost|p2b: Torkoal|spa|1
|faint|p2a: Venusaur
|move|p1a: Incineroar|Flare Blitz|p2b: Torkoal
|-resisted|p2b: Torkoal|1
|-damage|p2b: Torkoal|0 fnt
|faint|p2b: Torkoal
|-damage|p1a: Incineroar|86/100|[from] Recoil
|
|-weather|SunnyDay|[upkeep]
|upkeep
|
|t:|1783241002
|switch|p2a: Mamoswine|Mamoswine, L50, M|100/100
|switch|p2b: Scrafty|Scrafty, L50, F|90/100
|-ability|p2b: Scrafty|Intimidate|boost
|-unboost|p1a: Incineroar|atk|1
|-unboost|p1b: Hydreigon|atk|1
|turn|6
|
|t:|1783241008
|move|p2b: Scrafty|Fake Out|p1a: Incineroar
|-damage|p1a: Incineroar|78/100
|move|p2a: Mamoswine|Ice Shard|p1b: Hydreigon
|-supereffective|p1b: Hydreigon|1
|-damage|p1b: Hydreigon|0 fnt
|faint|p1b: Hydreigon
|cant|p1a: Incineroar|flinch
|
|-weather|SunnyDay|[upkeep]
|upkeep
|turn|7
|
|t:|1783241015
|detailschange|p2b: Scrafty|Scrafty-Mega, L50, F
|-mega|p2b: Scrafty|Scrafty|Scraftinite
|-ability|p2b: Scrafty|Intimidate|boost
|-unboost|p1a: Incineroar|atk|1
|move|p2a: Mamoswine|High Horsepower|p1a: Incineroar
|-supereffective|p1a: Incineroar|1
|-damage|p1a: Incineroar|0 fnt
|faint|p1a: Incineroar
|
|win|BVSelf
||Gayangos is ready for game 3.
||BVSelf is ready for game 3.
|uhtml|next|Next: Game 3 of 3
