|j|☆Roncolaenjoyer
|j|☆ronzthebonz
|html|Roncolaenjoyerronzthebonz    
|uhtml|bestof|Game 1 of a best-of-3
|t:|1783893202
|gametype|doubles
|player|p1|Roncolaenjoyer|nate|1507
|player|p2|ronzthebonz|170|1438
|gen|9
|tier|[Gen 9 Champions] VGC 2026 Reg M-B (Bo3)
|rated|
|rule|Species Clause: Limit one of each Pokémon
|rule|Item Clause: Limit 1 of each item
|clearpoke
|poke|p1|Charizard, L50, M|
|poke|p1|Sylveon, L50, F|
|poke|p1|Farigiraf, L50, M|
|poke|p1|Aerodactyl, L50, M|
|poke|p1|Kingambit, L50, F|
|poke|p1|Garchomp, L50, F|
|poke|p2|Charizard, L50, M|
|poke|p2|Venusaur, L50, M|
|poke|p2|Annihilape, L50, M|
|poke|p2|Garchomp, L50, M|
|poke|p2|Incineroar, L50, M|
|poke|p2|Toxapex, L50, M|
|teampreview|4
|showteam|p1|Charizard||CharizarditeY|SolarPower|Protect,WeatherBall,SolarBeam,HeatWave|Modest||M|||50|]Sylveon||FairyFeather|Pixilate|Detect,HyperVoice,QuickAttack,HyperBeam|Modest||F|||50|]Farigiraf||SitrusBerry|ArmorTail|Thunderbolt,TwinBeam,Roar,TrickRoom|Bold||M|||50|]Aerodactyl||Aerodactylite|Unnerve|RockSlide,DualWingbeat,IceFang,Tailwind|Jolly||M|||50|]Kingambit||FocusSash|Defiant|KowtowCleave,SuckerPunch,IronHead,LowKick|Adamant||F|||50|]Garchomp||LifeOrb|RoughSkin|Earthquake,StompingTantrum,DragonClaw,Protect|Jolly||F|||50|
|showteam|p2|Charizard||CharizarditeY|Blaze|HeatWave,WeatherBall,HelpingHand,Protect|Modest||M|||50|]Venusaur||LifeOrb|Chlorophyll|LeafStorm,SludgeBomb,EarthPower,Protect|Modest||M|||50|]Annihilape||FocusSash|Defiant|CloseCombat,PhantomForce,RockTomb,Protect|Jolly||M|||50|]Garchomp||ChoiceScarf|RoughSkin|DragonClaw,Earthquake,RockSlide,StompingTantrum|Adamant||M|||50|]Incineroar||SitrusBerry|Intimidate|FlareBlitz,ThroatChop,PartingShot,FakeOut|Impish||M|||50|]Toxapex||Leftovers|Regenerator|Toxic,Infestation,WideGuard,BanefulBunker|Bold||M|||50|
|inactive|Battle timer is ON: inactive players will automatically lose when time's up. (requested by Roncolaenjoyer)
|inactive|Roncolaenjoyer has 60 seconds left.
|inactive|ronzthebonz has 60 seconds left.
|inactive|Roncolaenjoyer has 30 seconds left.
|inactive|Roncolaenjoyer has 20 seconds left.
|inactive|Roncolaenjoyer has 15 seconds left.
|
|t:|1783893279
|teamsize|p1|4
|teamsize|p2|4
|start
|switch|p1a: Aerodactyl|Aerodactyl, L50, M|100/100
|switch|p1b: Farigiraf|Farigiraf, L50, M|100/100
|switch|p2a: Toxapex|Toxapex, L50, M|100/100
|switch|p2b: Charizard|Charizard, L50, M|100/100
|-ability|p1a: Aerodactyl|Unnerve
|turn|1
|inactive|ronzthebonz has 30 seconds left.
|
|t:|1783893306
|switch|p2b: Incineroar|Incineroar, L50, M|100/100
|-ability|p2b: Incineroar|Intimidate|boost
|-unboost|p1a: Aerodactyl|atk|1
|-unboost|p1b: Farigiraf|atk|1
|detailschange|p1a: Aerodactyl|Aerodactyl-Mega, L50, M
|-mega|p1a: Aerodactyl|Aerodactyl|Aerodactylite
|move|p2a: Toxapex|Baneful Bunker|p2a: Toxapex
|-singleturn|p2a: Toxapex|move: Protect
|move|p1a: Aerodactyl|Dual Wingbeat|p2a: Toxapex
|-activate|p2a: Toxapex|move: Protect
|-status|p1a: Aerodactyl|psn
|move|p1b: Farigiraf|Twin Beam|p2a: Toxapex
|-activate|p2a: Toxapex|move: Protect
|
|-damage|p1a: Aerodactyl|87/100 psn|[from] psn
|upkeep
|turn|2
|
|t:|1783893327
|switch|p1a: Garchomp|Garchomp, L50, F|100/100
|move|p2a: Toxapex|Wide Guard|p2a: Toxapex
|-singleturn|p2a: Toxapex|Wide Guard
|move|p2b: Incineroar|Parting Shot|p1b: Farigiraf
|-unboost|p1b: Farigiraf|atk|1
|-unboost|p1b: Farigiraf|spa|1
|
|t:|1783893345
|switch|p2b: Garchomp|Garchomp, L50, M|100/100|[from] Parting Shot
|move|p1b: Farigiraf|Twin Beam|p2a: Toxapex
|-supereffective|p2a: Toxapex|1
|-damage|p2a: Toxapex|84/100
|-supereffective|p2a: Toxapex|1
|-damage|p2a: Toxapex|69/100
|-hitcount|p2a: Toxapex|2
|
|-heal|p2a: Toxapex|75/100|[from] item: Leftovers
|upkeep
|turn|3
|inactive|Roncolaenjoyer has 30 seconds left.
|inactive|ronzthebonz has 30 seconds left.
|inactive|Roncolaenjoyer has 20 seconds left.
|inactive|Roncolaenjoyer has 15 seconds left.
|inactive|ronzthebonz has 20 seconds left.
|inactive|Roncolaenjoyer has 10 seconds left.
|inactive|ronzthebonz has 15 seconds left.
|inactive|ronzthebonz has 10 seconds left.
|inactive|ronzthebonz has 5 seconds left.
|
|t:|1783893404
|-heal|p2a: Toxapex|100/100|[from] ability: Regenerator|[silent]
|switch|p2a: Incineroar|Incineroar, L50, M|100/100
|-ability|p2a: Incineroar|Intimidate|boost
|-unboost|p1a: Garchomp|atk|1
|-unboost|p1b: Farigiraf|atk|1
|move|p2b: Garchomp|Dragon Claw|p1a: Garchomp
|-supereffective|p1a: Garchomp|1
|-damage|p1a: Garchomp|5/100
|-damage|p2b: Garchomp|87/100|[from] ability: Rough Skin|[of] p1a: Garchomp
|move|p1a: Garchomp|Dragon Claw|p2b: Garchomp
|-supereffective|p2b: Garchomp|1
|-damage|p2b: Garchomp|26/100
|-damage|p1a: Garchomp|0 fnt|[from] ability: Rough Skin|[of] p2b: Garchomp
|faint|p1a: Garchomp
|move|p1b: Farigiraf|Twin Beam|p2b: Garchomp
|-damage|p2b: Garchomp|15/100
|-damage|p2b: Garchomp|3/100
|-hitcount|p2b: Garchomp|2
|
|upkeep
|
|t:|1783893424
|switch|p1a: Sylveon|Sylveon, L50, F|100/100
|turn|4
|
|t:|1783893438
|switch|p1b: Aerodactyl|Aerodactyl-Mega, L50, M|87/100 psn
|move|p2b: Garchomp|Dragon Claw|p1b: Aerodactyl
|-damage|p1b: Aerodactyl|38/100 psn
|move|p1a: Sylveon|Hyper Voice|p2b: Garchomp|[spread] p2a,p2b
|-supereffective|p2b: Garchomp|1
|-damage|p2a: Incineroar|60/100
|-damage|p2b: Garchomp|0 fnt
|faint|p2b: Garchomp
|move|p2a: Incineroar|Parting Shot|p1a: Sylveon
|-unboost|p1a: Sylveon|atk|1
|-unboost|p1a: Sylveon|spa|1
|
|t:|1783893453
|switch|p2a: Toxapex|Toxapex, L50, M|100/100|[from] Parting Shot
|
|-damage|p1b: Aerodactyl|26/100 psn|[from] psn
|upkeep
|
|t:|1783893473
|switch|p2b: Charizard|Charizard, L50, M|100/100
|turn|5
|
|t:|1783893485
|switch|p1a: Farigiraf|Farigiraf, L50, M|100/100
|detailschange|p2b: Charizard|Charizard-Mega-Y, L50, M
|-mega|p2b: Charizard|Charizard|Charizardite Y
|-weather|SunnyDay|[from] ability: Drought|[of] p2b: Charizard
|move|p2a: Toxapex|Wide Guard|p2a: Toxapex
|-singleturn|p2a: Toxapex|Wide Guard
|move|p1b: Aerodactyl|Dual Wingbeat|p2b: Charizard
|-damage|p2b: Charizard|76/100
|-damage|p2b: Charizard|51/100
|-hitcount|p2b: Charizard|2
|move|p2b: Charizard|Heat Wave|p1b: Aerodactyl|[spread] p1a,p1b
|-resisted|p1b: Aerodactyl|1
|-damage|p1a: Farigiraf|40/100
|-damage|p1b: Aerodactyl|0 fnt
|-enditem|p1a: Farigiraf|Sitrus Berry|[eat]
|-heal|p1a: Farigiraf|65/100|[from] item: Sitrus Berry
|faint|p1b: Aerodactyl
|
|-weather|SunnyDay|[upkeep]
|upkeep
|
|t:|1783893502
|switch|p1b: Sylveon|Sylveon, L50, F|100/100
|turn|6
|
|t:|1783893525
|move|p2b: Charizard|Weather Ball|p1a: Farigiraf
|-damage|p1a: Farigiraf|0 fnt
|faint|p1a: Farigiraf
|move|p1b: Sylveon|Hyper Voice|p2b: Charizard|[spread] p2a,p2b
|-resisted|p2a: Toxapex|1
|-resisted|p2b: Charizard|1
|-damage|p2a: Toxapex|80/100
|-damage|p2b: Charizard|29/100
|move|p2a: Toxapex|Toxic|p1b: Sylveon
|-status|p1b: Sylveon|tox
|
|-weather|SunnyDay|[upkeep]
|-heal|p2a: Toxapex|86/100|[from] item: Leftovers
|-damage|p1b: Sylveon|94/100 tox|[from] psn
|upkeep
|turn|7
|-message|Roncolaenjoyer forfeited.
|
|win|ronzthebonz
