|j|‽josejose2611
|j|☆elpibevgc
|html|josejose2611elpibevgc    
|uhtml|bestof|Game 1 of a best-of-3
|t:|1785614458
|gametype|doubles
|player|p1|josejose2611|roxie|1035
|player|p2|elpibevgc|lucas|1080
|gen|9
|tier|[Gen 9 Champions] VGC 2026 Reg M-B (Bo3)
|rated|
|rule|Species Clause: Limit one of each Pokémon
|rule|Item Clause: Limit 1 of each item
|clearpoke
|poke|p1|Audino, L50, F, shiny|
|poke|p1|Sinistcha-Masterpiece, L50|
|poke|p1|Hatterene, L50, F|
|poke|p1|Corviknight, L50, F|
|poke|p1|Sandaconda, L50, F|
|poke|p1|Tyranitar, L50, M|
|poke|p2|Gengar, L50, F|
|poke|p2|Incineroar, L50, F|
|poke|p2|Politoed, L50, M|
|poke|p2|Archaludon, L50, M|
|poke|p2|Vivillon-Jungle, L50, F|
|poke|p2|Swampert, L50, F|
|teampreview|4
|showteam|p1|Audino||Audinite|Healer|SimpleBeam,CalmMind,DrainingKiss,Wish|Bold||F|||50|]Sinistcha-Masterpiece||SitrusBerry|Hospitality|CalmMind,MatchaGotcha,TrickRoom,Scald|Modest|||||50|]Hatterene||Leftovers|MagicBounce|TrickRoom,HelpingHand,Psychic,MysticalFire|Quiet||F|||50|]Corviknight||WacanBerry|MirrorArmor|BulkUp,BodyPress,Roost,IronHead|Sassy||F|||50|]Sandaconda||QuickClaw|SandSpit|BodyPress,Coil,DrillRun,RockSlide|Brave||F|||50|]Tyranitar||ChopleBerry|SandStream|DragonDance,ThunderPunch,KnockOff,RockSlide|Adamant||M|||50|
|showteam|p2|Gengar||Gengarite|CursedBody|ShadowBall,PerishSong,SludgeBomb,Protect|Modest||F|||50|]Incineroar||PasshoBerry|Intimidate|ThroatChop,PartingShot,FakeOut,Protect|Impish||F|||50|]Politoed||SitrusBerry|Drizzle|WeatherBall,PerishSong,Encore,Protect|Calm||M|||50|]Archaludon||Leftovers|Stamina|DragonPulse,FlashCannon,ElectroShot,Protect|Bold||M|||50|]Vivillon-Jungle||FocusSash|CompoundEyes|Hurricane,SleepPowder,RagePowder,Protect|Timid||F|||50|]Swampert||Swampertite|Torrent|WaveCrash,Earthquake,IcePunch,Protect|Adamant||F|||50|
|inactive|Battle timer is ON: inactive players will automatically lose when time's up. (requested by josejose2611)
|inactive|josejose2611 has 60 seconds left.
|inactive|elpibevgc has 60 seconds left.
|
|t:|1785614504
|teamsize|p1|4
|teamsize|p2|4
|start
|switch|p1a: Audino|Audino, L50, F, shiny|100/100
|switch|p1b: Hatterene|Hatterene, L50, F|100/100
|switch|p2a: Vivillon|Vivillon-Jungle, L50, F|100/100
|switch|p2b: Swampert|Swampert, L50, F|100/100
|turn|1
|inactive|elpibevgc has 30 seconds left.
|l|‽josejose2611
|inactive|josejose2611 disconnected and has a minute to reconnect!
|player|p1|
|
|t:|1785614535
|detailschange|p2b: Swampert|Swampert-Mega, L50, F
|-mega|p2b: Swampert|Swampert|Swampertite
|detailschange|p1a: Audino|Audino-Mega, L50, F, shiny
|-mega|p1a: Audino|Audino|Audinite
|move|p2a: Vivillon|Sleep Powder|p1a: Audino
|-status|p1a: Audino|slp|[from] move: Sleep Powder
|move|p2b: Swampert|Earthquake|p1a: Audino|[spread] p1a,p1b
|-immune|p2a: Vivillon
|-damage|p1a: Audino|72/100 slp
|-damage|p1b: Hatterene|41/100
|cant|p1a: Audino|slp
|move|p1b: Hatterene|Trick Room|p1b: Hatterene
|-fieldstart|move: Trick Room|[of] p1b: Hatterene
|
|-heal|p1b: Hatterene|47/100|[from] item: Leftovers
|upkeep
|turn|2
|j|‽josejose2611
|inactive|josejose2611 reconnected and has 55 seconds left.
|player|p1|josejose2611|roxie|
|n|‽josejose2611|josejose2611
|inactive|josejose2611 has 30 seconds left.
|inactive|elpibevgc has 30 seconds left.
|
|t:|1785614563
|switch|p1b: Sinistcha|Sinistcha-Masterpiece, L50|100/100
|-heal|p1a: Audino|97/100 slp|[from] ability: Hospitality|[of] p1b: Sinistcha
|move|p2a: Vivillon|Rage Powder|p2a: Vivillon
|-singleturn|p2a: Vivillon|move: Rage Powder
|cant|p1a: Audino|slp
|move|p2b: Swampert|Earthquake|p1b: Sinistcha|[spread] p1a,p1b
|-immune|p2a: Vivillon
|-resisted|p1b: Sinistcha|1
|-damage|p1a: Audino|72/100 slp
|-damage|p1b: Sinistcha|79/100
|
|upkeep
|turn|3
|
|t:|1785614583
|switch|p2b: Archaludon|Archaludon, L50, M|100/100
|-curestatus|p1a: Audino|slp|[msg]
|move|p1a: Audino|Calm Mind|p1a: Audino
|-boost|p1a: Audino|spa|1
|-boost|p1a: Audino|spd|1
|move|p1b: Sinistcha|Matcha Gotcha|p2a: Vivillon|[spread] p2a,p2b
|-resisted|p2a: Vivillon|2
|-resisted|p2b: Archaludon|2
|-damage|p2a: Vivillon|85/100
|-heal|p1b: Sinistcha|86/100|[from] drain|[of] p2a: Vivillon
|-damage|p2b: Archaludon|92/100
|-heal|p1b: Sinistcha|90/100|[from] drain|[of] p2b: Archaludon
|-ability|p2b: Archaludon|Stamina|boost
|-boost|p2b: Archaludon|def|1
|move|p2a: Vivillon|Hurricane|p1b: Sinistcha
|-supereffective|p1b: Sinistcha|1
|-damage|p1b: Sinistcha|0 fnt
|faint|p1b: Sinistcha
|
|-heal|p2b: Archaludon|98/100|[from] item: Leftovers
|upkeep
|
|t:|1785614608
|switch|p1b: Hatterene|Hatterene, L50, F|47/100
|turn|4
|inactive|elpibevgc has 30 seconds left.
|
|t:|1785614634
|move|p2a: Vivillon|Rage Powder|p2a: Vivillon
|-singleturn|p2a: Vivillon|move: Rage Powder
|move|p1b: Hatterene|Mystical Fire|p2a: Vivillon
|-supereffective|p2a: Vivillon|1
|-damage|p2a: Vivillon|0 fnt
|faint|p2a: Vivillon
|move|p1a: Audino|Simple Beam|p1b: Hatterene
|move|p1b: Hatterene|Simple Beam|p1a: Audino|[from] ability: Magic Bounce
|-ability|p1a: Audino|Simple|Healer|[from] move: Simple Beam
|move|p2b: Archaludon|Flash Cannon|p1a: Audino
|-supereffective|p1a: Audino|1
|-damage|p1a: Audino|38/100
|
|-heal|p1b: Hatterene|53/100|[from] item: Leftovers
|-heal|p2b: Archaludon|100/100|[from] item: Leftovers
|upkeep
|
|t:|1785614656
|switch|p2a: Swampert|Swampert-Mega, L50, F|100/100
|turn|5
|
|t:|1785614668
|move|p2b: Archaludon|Protect|p2b: Archaludon
|-singleturn|p2b: Archaludon|Protect
|move|p2a: Swampert|Protect|p2a: Swampert
|-singleturn|p2a: Swampert|Protect
|move|p1b: Hatterene|Mystical Fire|p2b: Archaludon
|-activate|p2b: Archaludon|move: Protect
|move|p1a: Audino|Draining Kiss|p2a: Swampert
|-activate|p2a: Swampert|move: Protect
|
|-heal|p1b: Hatterene|59/100|[from] item: Leftovers
|-fieldend|move: Trick Room
|upkeep
|turn|6
|-message|josejose2611 forfeited.
|
|win|elpibevgc
|l|‽josejose2611
|player|p1|
