|j|☆septicjewel67
|j|☆xatudrip
|html|septicjewel67xatudrip    
|uhtml|bestof|Game 1 of a best-of-3
|t:|1784064977
|gametype|doubles
|player|p1|septicjewel67|266|
|player|p2|xatudrip|kris-gen2|
|gen|9
|tier|[Gen 9 Champions] VGC 2026 Reg M-B (Bo3)
|rule|Species Clause: Limit one of each Pokémon
|rule|Item Clause: Limit 1 of each item
|clearpoke
|poke|p1|Crabominable, L50, M|
|poke|p1|Farigiraf, L50, M|
|poke|p1|Diggersby, L50, F|
|poke|p1|Meowstic, L50, M|
|poke|p1|Torkoal, L50, M|
|poke|p1|Sinistcha, L50|
|poke|p2|Sneasler, L50, F|
|poke|p2|Archaludon, L50, M|
|poke|p2|Pelipper, L50, F|
|poke|p2|Gardevoir, L50, M|
|poke|p2|Ariados, L50, M|
|poke|p2|Watchog, L50, F|
|teampreview|4
|showteam|p1|Crabominable||Crabominite|IronFist|Protect,IcePunch,DrainPunch,MachPunch|Adamant||M|||50|]Farigiraf||MentalHerb|ArmorTail|Psychic,FoulPlay,TrickRoom,HelpingHand|Sassy||M|||50|]Diggersby||SilkScarf|HugePower|HighHorsepower,QuickAttack,BodySlam,Protect|Brave||F|||50|]Meowstic||FocusSash|Prankster|LightScreen,FakeOut,Imprison,Psychic|Calm||M|||50|]Torkoal||Charcoal|Drought|Eruption,Flamethrower,EarthPower,Protect|Quiet||M|||50|]Sinistcha||SitrusBerry|Hospitality|MatchaGotcha,TrickRoom,RagePowder,ShadowBall|Quiet|||||50|
|showteam|p2|Sneasler||WhiteHerb|Unburden|CloseCombat,DireClaw,Protect,FakeOut|Adamant||F|||50|]Archaludon||Leftovers|Stamina|ElectroShot,FlashCannon,DracoMeteor,Protect|Timid||M|||50|]Pelipper||WacanBerry|Drizzle|Tailwind,Hurricane,WeatherBall,Protect|Bold||F|||50|]Gardevoir||Gardevoirite|Trace|HyperVoice,Moonblast,Psychic,Protect|Timid||M|||50|]Ariados||FocusSash|Swarm|FirstImpression,StringShot,KnockOff,AcidSpray|Brave||M|||50|]Watchog||ChoiceScarf|Analytic|Hypnosis,SuperFang,Bite,RainDance|Jolly||F|||50|
|j| Autin Mago
|
|t:|1784065042
|teamsize|p1|4
|teamsize|p2|4
|start
|switch|p1a: Farigiraf|Farigiraf, L50, M|100/100
|switch|p1b: Torkoal|Torkoal, L50, M|100/100
|switch|p2a: Watchog|Watchog, L50, F|100/100
|switch|p2b: Ariados|Ariados, L50, M|100/100
|-weather|SunnyDay|[from] ability: Drought|[of] p1b: Torkoal
|turn|1
|
|t:|1784065063
|move|p1b: Torkoal|Protect|p1b: Torkoal
|-singleturn|p1b: Torkoal|Protect
|move|p2a: Watchog|Hypnosis|p1b: Torkoal
|-activate|p1b: Torkoal|move: Protect
|move|p2b: Ariados|Knock Off|p1a: Farigiraf
|-supereffective|p1a: Farigiraf|1
|-damage|p1a: Farigiraf|44/100
|-enditem|p1a: Farigiraf|Mental Herb|[from] move: Knock Off|[of] p2b: Ariados
|move|p1a: Farigiraf|Trick Room|p1a: Farigiraf
|-fieldstart|move: Trick Room|[of] p1a: Farigiraf
|
|-weather|SunnyDay|[upkeep]
|upkeep
|turn|2
|
|t:|1784065080
|move|p1b: Torkoal|Eruption|p2b: Ariados|[spread] p2a,p2b
|-supereffective|p2b: Ariados|1
|-damage|p2a: Watchog|0 fnt
|-enditem|p2b: Ariados|Focus Sash
|-damage|p2b: Ariados|1/100
|faint|p2a: Watchog
|move|p2b: Ariados|Knock Off|p1b: Torkoal
|-damage|p1b: Torkoal|75/100
|-enditem|p1b: Torkoal|Charcoal|[from] move: Knock Off|[of] p2b: Ariados
|move|p1a: Farigiraf|Psychic|p2b: Ariados
|-supereffective|p2b: Ariados|1
|-damage|p2b: Ariados|0 fnt
|faint|p2b: Ariados
|
|-weather|SunnyDay|[upkeep]
|upkeep
|
|t:|1784065092
|switch|p2b: Pelipper|Pelipper, L50, F|100/100
|switch|p2a: Gardevoir|Gardevoir, L50, M|100/100
|-weather|RainDance|[from] ability: Drizzle|[of] p2b: Pelipper
|-ability|p2a: Gardevoir|Armor Tail|Trace|[from] ability: Trace|[of] p1a: Farigiraf
|turn|3
|
|t:|1784065122
|switch|p1b: Sinistcha|Sinistcha, L50|100/100
|-heal|p1a: Farigiraf|69/100|[from] ability: Hospitality|[of] p1b: Sinistcha
|detailschange|p2a: Gardevoir|Gardevoir-Mega, L50, M
|-mega|p2a: Gardevoir|Gardevoir|Gardevoirite
|move|p1a: Farigiraf|Psychic|p2b: Pelipper
|-damage|p2b: Pelipper|47/100
|move|p2b: Pelipper|Hurricane|p1b: Sinistcha
|-supereffective|p1b: Sinistcha|1
|-damage|p1b: Sinistcha|15/100
|-start|p1b: Sinistcha|confusion
|-enditem|p1b: Sinistcha|Sitrus Berry|[eat]
|-heal|p1b: Sinistcha|40/100|[from] item: Sitrus Berry
|move|p2a: Gardevoir|Hyper Voice|p1a: Farigiraf|[spread] p1a,p1b
|-crit|p1b: Sinistcha
|-damage|p1a: Farigiraf|26/100
|-damage|p1b: Sinistcha|0 fnt
|faint|p1b: Sinistcha
|
|-weather|RainDance|[upkeep]
|upkeep
|
|t:|1784065137
|switch|p1b: Torkoal|Torkoal, L50, M|75/100
|-weather|SunnyDay|[from] ability: Drought|[of] p1b: Torkoal
|turn|4
|
|t:|1784065160
|move|p1a: Farigiraf|Helping Hand|p1b: Torkoal
|-singleturn|p1b: Torkoal|Helping Hand|[of] p1a: Farigiraf
|move|p2a: Gardevoir|Protect|p2a: Gardevoir
|-singleturn|p2a: Gardevoir|Protect
|move|p1b: Torkoal|Eruption|p2b: Pelipper|[spread] p2b
|-activate|p2a: Gardevoir|move: Protect
|-resisted|p2b: Pelipper|1
|-damage|p2b: Pelipper|0 fnt
|faint|p2b: Pelipper
|
|-weather|SunnyDay|[upkeep]
|upkeep
|turn|5
|
|t:|1784065180
|move|p1b: Torkoal|Eruption|p2a: Gardevoir
|-damage|p2a: Gardevoir|28/100
|move|p1a: Farigiraf|Foul Play|p2a: Gardevoir
|-damage|p2a: Gardevoir|0 fnt
|faint|p2a: Gardevoir
|
|win|septicjewel67
||septicjewel67 is ready for game 2.
||xatudrip is ready for game 2.
|uhtml|next|Next: Game 2 of 3
