|j|☆cookingorcooked2
|j|☆yutaliban
|html|cookingorcooked2yutaliban    
|uhtml|bestof|Game 3 of a best-of-3
|t:|1782311509
|gametype|doubles
|player|p1|cookingorcooked2|102|1261
|player|p2|yutaliban|102|1162
|gen|9
|tier|[Gen 9 Champions] VGC 2026 Reg M-B (Bo3)
|rated|
|rule|Species Clause: Limit one of each Pokémon
|rule|Item Clause: Limit 1 of each item
|clearpoke
|poke|p1|Gholdengo, L50|
|poke|p1|Rotom-Wash, L50|
|poke|p1|Ninetales-Alola, L50, M|
|poke|p1|Dragonite, L50, M|
|poke|p1|Garchomp, L50, F|
|poke|p1|Incineroar, L50, M|
|poke|p2|Aerodactyl, L50, M|
|poke|p2|Gholdengo, L50|
|poke|p2|Maushold, L50|
|poke|p2|Garchomp, L50, M|
|poke|p2|Kingambit, L50, F|
|poke|p2|Floette-Eternal, L50, F|
|teampreview|4
|showteam|p1|Gholdengo||LifeOrb|GoodasGold|MakeItRain,ShadowBall,NastyPlot,Protect|Timid|||||50|]Rotom-Wash||ChoiceScarf|Levitate|HydroPump,Thunderbolt,VoltSwitch,Electroweb|Timid|||||50|]Ninetales-Alola||FocusSash|SnowWarning|FreezeDry,Blizzard,Encore,Protect|Timid||M|||50|]Dragonite||Dragoninite|InnerFocus|DragonPulse,HeatWave,Tailwind,Protect|Modest||M|||50|]Garchomp||RoseliBerry|RoughSkin|Earthquake,DragonClaw,RockSlide,Protect|Jolly||F|||50|]Incineroar||SitrusBerry|Intimidate|ThroatChop,FlareBlitz,PartingShot,FakeOut|Careful||M|||50|
|showteam|p2|Aerodactyl||Aerodactylite|RockHead|DualWingbeat,RockSlide,IceFang,Tailwind|Adamant||M|||50|]Gholdengo||LifeOrb|GoodasGold|ShadowBall,MakeItRain,NastyPlot,Protect|Modest|||||50|]Maushold||FocusSash|FriendGuard|FollowMe,SuperFang,Taunt,Protect|Jolly|||||50|]Garchomp||SitrusBerry|SandVeil|RockSlide,DragonClaw,Earthquake,Protect|Adamant||M|||50|]Kingambit||BlackGlasses|Defiant|KowtowCleave,LowKick,SuckerPunch,Protect|Adamant||F|||50|]Floette-Eternal||Floettite|FlowerVeil|EnergyBall,Moonblast,DazzlingGleam,Protect|Modest||F|||50|
|
|t:|1782311567
|teamsize|p1|4
|teamsize|p2|4
|start
|switch|p1a: Dragonite|Dragonite, L50, M|100/100
|switch|p1b: Gholdengo|Gholdengo, L50|100/100
|switch|p2a: Floette|Floette-Eternal, L50, F|100/100
|switch|p2b: Aerodactyl|Aerodactyl, L50, M|100/100
|turn|1
|
|t:|1782311591
|switch|p2a: Kingambit|Kingambit, L50, F|100/100
|detailschange|p1a: Dragonite|Dragonite-Mega, L50, M
|-mega|p1a: Dragonite|Dragonite|Dragoninite
|move|p2b: Aerodactyl|Tailwind|p2b: Aerodactyl
|-sidestart|p2: yutaliban|move: Tailwind
|move|p1b: Gholdengo|Make It Rain|p2b: Aerodactyl|[spread] p2a,p2b
|-resisted|p2a: Kingambit|1
|-supereffective|p2b: Aerodactyl|1
|-damage|p2a: Kingambit|70/100
|-damage|p2b: Aerodactyl|0 fnt
|-unboost|p1b: Gholdengo|spa|2
|faint|p2b: Aerodactyl
|-damage|p1b: Gholdengo|90/100|[from] item: Life Orb
|move|p1a: Dragonite|Tailwind|p1a: Dragonite
|-sidestart|p1: cookingorcooked2|move: Tailwind
|
|upkeep
|
|t:|1782311626
|switch|p2b: Floette|Floette-Eternal, L50, F|100/100
|turn|2
|
|t:|1782311659
|detailschange|p2b: Floette|Floette-Mega, L50, F
|-mega|p2b: Floette|Floette|Floettite
|-ability|p2b: Floette|Fairy Aura
|move|p1a: Dragonite|Protect|p1a: Dragonite
|-singleturn|p1a: Dragonite|Protect
|move|p2a: Kingambit|Sucker Punch||[still]
|-fail|p2a: Kingambit
|move|p2b: Floette|Dazzling Gleam|p1b: Gholdengo|[spread] p1b
|-activate|p1a: Dragonite|move: Protect
|-resisted|p1b: Gholdengo|1
|-damage|p1b: Gholdengo|59/100
|move|p1b: Gholdengo|Nasty Plot|p1b: Gholdengo
|-boost|p1b: Gholdengo|spa|2
|
|upkeep
|turn|3
|
|t:|1782311699
|move|p2a: Kingambit|Sucker Punch|p1a: Dragonite
|-damage|p1a: Dragonite|81/100
|move|p2b: Floette|Dazzling Gleam|p1a: Dragonite|[spread] p1a,p1b
|-supereffective|p1a: Dragonite|1
|-resisted|p1b: Gholdengo|1
|-damage|p1a: Dragonite|9/100
|-damage|p1b: Gholdengo|29/100
|move|p1b: Gholdengo|Make It Rain|p2a: Kingambit|[spread] p2a,p2b
|-resisted|p2a: Kingambit|1
|-supereffective|p2b: Floette|1
|-damage|p2a: Kingambit|38/100
|-damage|p2b: Floette|1/100
|-unboost|p1b: Gholdengo|spa|2
|-damage|p1b: Gholdengo|20/100y|[from] item: Life Orb
|move|p1a: Dragonite|Heat Wave|p2b: Floette|[spread] p2a,p2b
|-supereffective|p2a: Kingambit|1
|-damage|p2a: Kingambit|0 fnt
|-damage|p2b: Floette|0 fnt
|faint|p2a: Kingambit
|faint|p2b: Floette
|
|upkeep
|
|t:|1782311719
|switch|p2a: Gholdengo|Gholdengo, L50|100/100
|turn|4
|
|t:|1782311730
|move|p1b: Gholdengo|Shadow Ball|p2a: Gholdengo
|-supereffective|p2a: Gholdengo|1
|-damage|p2a: Gholdengo|39/100
|-damage|p1b: Gholdengo|10/100|[from] item: Life Orb
|move|p2a: Gholdengo|Make It Rain|p1b: Gholdengo|[spread] p1a,p1b
|-resisted|p1b: Gholdengo|1
|-damage|p1a: Dragonite|0 fnt
|-damage|p1b: Gholdengo|0 fnt
|-unboost|p2a: Gholdengo|spa|2
|faint|p1a: Dragonite
|faint|p1b: Gholdengo
|-damage|p2a: Gholdengo|29/100|[from] item: Life Orb
|
|-sideend|p1: cookingorcooked2|move: Tailwind
|-sideend|p2: yutaliban|move: Tailwind
|upkeep
|
|t:|1782311733
|switch|p1b: Incineroar|Incineroar, L50, M|100/100
|switch|p1a: Garchomp|Garchomp, L50, F|100/100
|-ability|p1b: Incineroar|Intimidate|boost
|-unboost|p2a: Gholdengo|atk|1
|turn|5
|-message|yutaliban forfeited.
|
|win|cookingorcooked2
|raw|cookingorcooked2's rating: 1261 → 1279(+18 for winning)
|raw|yutaliban's rating: 1162 → 1144(-18 for losing)
|l|☆cookingorcooked2
|player|p1|
