|j|☆xxx520
|j|☆Chelicerate1
|html|xxx520Chelicerate1    
|uhtml|bestof|Game 2 of a best-of-3
|t:|1785081106
|gametype|doubles
|player|p1|xxx520|1|1167
|player|p2|Chelicerate1|ethan|1355
|gen|9
|tier|[Gen 9 Champions] VGC 2026 Reg M-B (Bo3)
|rated|
|rule|Species Clause: Limit one of each Pokémon
|rule|Item Clause: Limit 1 of each item
|clearpoke
|poke|p1|Pelipper, L50, M|
|poke|p1|Archaludon, L50, F|
|poke|p1|Incineroar, L50, M|
|poke|p1|Swampert, L50, F|
|poke|p1|Basculegion, L50, M|
|poke|p1|Sinistcha, L50|
|poke|p2|Grimmsnarl, L50, M|
|poke|p2|Basculegion, L50, M|
|poke|p2|Charizard, L50, F|
|poke|p2|Pelipper, L50, M|
|poke|p2|Venusaur, L50, M|
|poke|p2|Archaludon, L50, M|
|teampreview|4
|showteam|p1|Pelipper||FocusSash|Drizzle|RainDance,Hurricane,WideGuard,WeatherBall|Timid||M|||50|]Archaludon||Leftovers|Stamina|ElectroShot,DragonPulse,Protect,Snarl|Calm||F|||50|]Incineroar||SitrusBerry|Intimidate|FakeOut,HelpingHand,PartingShot,Crunch|Careful||M|||50|]Swampert||Swampertite|Damp|WaveCrash,HighHorsepower,IcePunch,Protect|Jolly||F|||50|]Basculegion||ColburBerry|SwiftSwim|AquaJet,WaveCrash,LastRespects,Protect|Adamant||M|||50|]Sinistcha||SpellTag|Hospitality|LifeDew,RagePowder,MatchaGotcha,Protect|Bold|||||50|
|showteam|p2|Grimmsnarl||LightClay|Prankster|SpiritBreak,PartingShot,Reflect,LightScreen|Sassy||M|||50|]Basculegion||ChoiceScarf|Adaptability|LastRespects,WaveCrash,AquaJet,FlipTurn|Jolly||M|||50|]Charizard||CharizarditeY|Blaze|Protect,HeatWave,WeatherBall,SolarBeam|Modest||F|||50|]Pelipper||SitrusBerry|Drizzle|Hurricane,WeatherBall,Tailwind,WideGuard|Modest||M|||50|]Venusaur||FocusSash|Chlorophyll|SludgeBomb,SleepPowder,EarthPower,Protect|Modest||M|||50|]Archaludon||Leftovers|Stamina|ElectroShot,DragonPulse,FlashCannon,Protect|Calm||M|||50|
|inactive|Battle timer is ON: inactive players will automatically lose when time's up. (requested by Chelicerate1)
|
|t:|1785081129
|teamsize|p1|4
|teamsize|p2|4
|start
|switch|p1a: Swampert|Swampert, L50, F|100/100
|switch|p1b: Incineroar|Incineroar, L50, M|100/100
|switch|p2a: Charizard|Charizard, L50, F|100/100
|switch|p2b: Grimmsnarl|Grimmsnarl, L50, M|100/100
|-ability|p1b: Incineroar|Intimidate|boost
|-unboost|p2a: Charizard|atk|1
|-unboost|p2b: Grimmsnarl|atk|1
|turn|1
|inactive|xxx520 has 30 seconds left.
|
|t:|1785081158
|detailschange|p1a: Swampert|Swampert-Mega, L50, F
|-mega|p1a: Swampert|Swampert|Swampertite
|move|p1b: Incineroar|Helping Hand|p1a: Swampert
|-singleturn|p1a: Swampert|Helping Hand|[of] p1b: Incineroar
|move|p2a: Charizard|Protect|p2a: Charizard
|-singleturn|p2a: Charizard|Protect
|move|p2b: Grimmsnarl|Reflect|p2b: Grimmsnarl
|-sidestart|p2: Chelicerate1|Reflect
|move|p1a: Swampert|Wave Crash|p2b: Grimmsnarl
|-crit|p2b: Grimmsnarl
|-damage|p2b: Grimmsnarl|0 fnt
|faint|p2b: Grimmsnarl
|-damage|p1a: Swampert|66/100|[from] Recoil
|
|upkeep
|
|t:|1785081171
|switch|p2b: Archaludon|Archaludon, L50, M|100/100
|turn|2
|inactive|Chelicerate1 has 30 seconds left.
|
|t:|1785081205
|switch|p2a: Pelipper|Pelipper, L50, M|100/100
|-weather|RainDance|[from] ability: Drizzle|[of] p2a: Pelipper
|move|p1a: Swampert|Protect|p1a: Swampert
|-singleturn|p1a: Swampert|Protect
|move|p2b: Archaludon|Electro Shot||[still]
|-prepare|p2b: Archaludon|Electro Shot
|-boost|p2b: Archaludon|spa|1
|-anim|p2b: Archaludon|Electro Shot|p1b: Incineroar
|-damage|p1b: Incineroar|62/100
|move|p1b: Incineroar|Parting Shot|p2a: Pelipper
|-unboost|p2a: Pelipper|atk|1
|-unboost|p2a: Pelipper|spa|1
|
|t:|1785081225
|switch|p1b: Basculegion|Basculegion, L50, M|100/100|[from] Parting Shot
|
|-weather|RainDance|[upkeep]
|upkeep
|turn|3
|inactive|xxx520 has 30 seconds left.
|
|t:|1785081251
|move|p1b: Basculegion|Protect|p1b: Basculegion
|-singleturn|p1b: Basculegion|Protect
|move|p1a: Swampert|High Horsepower|p2b: Archaludon
|-supereffective|p2b: Archaludon|1
|-damage|p2b: Archaludon|45/100
|-ability|p2b: Archaludon|Stamina|boost
|-boost|p2b: Archaludon|def|1
|move|p2b: Archaludon|Dragon Pulse|p1a: Swampert
|-damage|p1a: Swampert|20/100y
|move|p2a: Pelipper|Weather Ball|p1a: Swampert
|-damage|p1a: Swampert|0 fnt
|faint|p1a: Swampert
|
|-weather|RainDance|[upkeep]
|-heal|p2b: Archaludon|51/100|[from] item: Leftovers
|upkeep
|inactive|xxx520 has 30 seconds left.
|
|t:|1785081282
|switch|p1a: Pelipper|Pelipper, L50, M|100/100
|turn|4
|inactive|Chelicerate1 has 30 seconds left.
|
|t:|1785081308
|move|p1b: Basculegion|Last Respects|p2b: Archaludon
|-damage|p2b: Archaludon|36/100
|-ability|p2b: Archaludon|Stamina|boost
|-boost|p2b: Archaludon|def|1
|move|p2b: Archaludon|Electro Shot||[still]
|-prepare|p2b: Archaludon|Electro Shot
|-boost|p2b: Archaludon|spa|1
|-anim|p2b: Archaludon|Electro Shot|p1b: Basculegion
|-supereffective|p1b: Basculegion|1
|-damage|p1b: Basculegion|0 fnt
|faint|p1b: Basculegion
|move|p2a: Pelipper|Tailwind|p2a: Pelipper
|-sidestart|p2: Chelicerate1|move: Tailwind
|move|p1a: Pelipper|Hurricane|p2b: Archaludon
|-resisted|p2b: Archaludon|1
|-damage|p2b: Archaludon|13/100
|-ability|p2b: Archaludon|Stamina|boost
|-boost|p2b: Archaludon|def|1
|
|-weather|RainDance|[upkeep]
|-heal|p2b: Archaludon|19/100|[from] item: Leftovers
|upkeep
|inactive|xxx520 has 30 seconds left.
|
|t:|1785081337
|switch|p1b: Incineroar|Incineroar, L50, M|62/100
|-ability|p1b: Incineroar|Intimidate|boost
|-unboost|p2a: Pelipper|atk|1
|-unboost|p2b: Archaludon|atk|1
|turn|5
|
|t:|1785081352
|move|p2b: Archaludon|Protect|p2b: Archaludon
|-singleturn|p2b: Archaludon|Protect
|move|p1b: Incineroar|Fake Out|p2b: Archaludon
|-activate|p2b: Archaludon|move: Protect
|move|p2a: Pelipper|Weather Ball|p1b: Incineroar
|-supereffective|p1b: Incineroar|1
|-crit|p1b: Incineroar
|-damage|p1b: Incineroar|0 fnt
|faint|p1b: Incineroar
|move|p1a: Pelipper|Hurricane|p2b: Archaludon
|-activate|p2b: Archaludon|move: Protect
|
|-weather|RainDance|[upkeep]
|-heal|p2b: Archaludon|25/100|[from] item: Leftovers
|upkeep
|turn|6
|
|t:|1785081370
|move|p2b: Archaludon|Electro Shot||[still]
|-prepare|p2b: Archaludon|Electro Shot
|-boost|p2b: Archaludon|spa|1
|-anim|p2b: Archaludon|Electro Shot|p1a: Pelipper
|-supereffective|p1a: Pelipper|2
|-enditem|p1a: Pelipper|Focus Sash
|-damage|p1a: Pelipper|1/100
|move|p2a: Pelipper|Hurricane|p1a: Pelipper
|-damage|p1a: Pelipper|0 fnt
|faint|p1a: Pelipper
|
|win|Chelicerate1
|raw|xxx520's rating: 1167 → 1154(-13 for losing)
|raw|Chelicerate1's rating: 1355 → 1365(+10 for winning)
