|j|☆phfg
|j|☆HowIsZacLee
|html|phfgHowIsZacLee    
|uhtml|bestof|Game 1 of a best-of-3
|t:|1756963336
|gametype|doubles
|player|p1|phfg|hilbert-wonderlauncher|1227
|player|p2|HowIsZacLee|gentleman-gen4dp|1107
|gen|9
|tier|[Gen 9] VGC 2025 Reg H (Bo3)
|rated|
|rule|Species Clause: Limit one of each Pokémon
|rule|Item Clause: Limit 1 of each item
|clearpoke
|poke|p1|Porygon2, L50|
|poke|p1|Incineroar, L50, F|
|poke|p1|Ursaluna-Bloodmoon, L50, M|
|poke|p1|Whimsicott, L50, F|
|poke|p1|Amoonguss, L50, M|
|poke|p1|Annihilape, L50, M|
|poke|p2|Dragonite, L50, M|
|poke|p2|Gholdengo, L50|
|poke|p2|Sneasler, L50, M|
|poke|p2|Garchomp, L50, M|
|poke|p2|Ninetales-Alola, L50, M|
|poke|p2|Arcanine-Hisui, L50, F|
|teampreview|4
|showteam|p1|Porygon2||Eviolite|Download|TeraBlast,IceBeam,Recover,TrickRoom||||||50|,,,,,Fighting]Incineroar||AssaultVest|Intimidate|FlareBlitz,KnockOff,FakeOut,Uturn|||F|||50|,,,,,Grass]Ursaluna-Bloodmoon||LifeOrb|MindsEye|BloodMoon,HyperVoice,EarthPower,Protect|||M|||50|,,,,,Normal]Whimsicott||CovertCloak|Prankster|Moonblast,Tailwind,Encore,BeatUp|||F|||50|,,,,,Water]Amoonguss||MentalHerb|Regenerator|Spore,RagePowder,PollenPuff,Protect|||M|||50|,,,,,Fairy]Annihilape||SafetyGoggles|Defiant|BulkUp,DrainPunch,RageFist,Protect|||M|||50|,,,,,Water
|showteam|p2|Dragonite||LoadedDice|Multiscale|ScaleShot,Tailwind,Haze,Protect|||M|||50|,,,,,Fairy]Gholdengo||LifeOrb|GoodasGold|MakeItRain,ShadowBall,NastyPlot,Protect||||||50|,,,,,Water]Sneasler||FocusSash|Unburden|CloseCombat,DireClaw,FakeOut,Coaching|||M|||50|,,,,,Stellar]Garchomp||ClearAmulet|RoughSkin|Earthquake,StompingTantrum,DragonClaw,Protect|||M|||50|,,,,,Steel]Ninetales-Alola||ChoiceSpecs|SnowWarning|Blizzard,IcyWind,Moonblast,FreezeDry|||M|||50|,,,,,Ghost]Arcanine-Hisui||MirrorHerb|Intimidate|RockSlide,FlareBlitz,ExtremeSpeed,Protect|||F|||50|,,,,,Ghost
|inactive|Battle timer is ON: inactive players will automatically lose when time's up. (requested by HowIsZacLee)
|c|☆HowIsZacLee|Glhf
|j| pokemonkorea co kr
|inactive|HowIsZacLee has 60 seconds left.
|inactive|phfg has 60 seconds left.
|inactive|HowIsZacLee has 30 seconds left.
|inactive|HowIsZacLee has 20 seconds left.
|inactive|HowIsZacLee has 15 seconds left.
|inactive|HowIsZacLee has 10 seconds left.
|
|t:|1756963437
|teamsize|p1|4
|teamsize|p2|4
|start
|switch|p1a: Annihilape|Annihilape, L50, M|100/100
|switch|p1b: Amoonguss|Amoonguss, L50, M|100/100
|switch|p2a: scale shot misses|Dragonite, L50, M, shiny|100/100
|switch|p2b: icetile|Ninetales-Alola, L50, M|100/100
|-weather|Snowscape|[from] ability: Snow Warning|[of] p2b: icetile
|turn|1
|inactive|phfg has 30 seconds left.
|
|t:|1756963471
|switch|p2a: faketile|Sneasler, L50, M, shiny|100/100
|move|p1a: Annihilape|Protect|p1a: Annihilape
|-singleturn|p1a: Annihilape|Protect
|move|p1b: Amoonguss|Protect|p1b: Amoonguss
|-singleturn|p1b: Amoonguss|Protect
|move|p2b: icetile|Blizzard|p1b: Amoonguss|[spread] 
|-activate|p1a: Annihilape|move: Protect
|-activate|p1b: Amoonguss|move: Protect
|
|-weather|Snowscape|[upkeep]
|upkeep
|turn|2
|inactive|phfg has 30 seconds left.
|inactive|HowIsZacLee has 30 seconds left.
|
|t:|1756963501
|-terastallize|p1a: Annihilape|Water
|move|p2a: faketile|Fake Out|p1b: Amoonguss
|-damage|p1b: Amoonguss|89/100
|cant|p1b: Amoonguss|flinch
|move|p2b: icetile|Blizzard|p1b: Amoonguss|[spread] p1a,p1b
|-resisted|p1a: Annihilape
|-supereffective|p1b: Amoonguss
|-damage|p1a: Annihilape|83/100
|-damage|p1b: Amoonguss|10/100
|move|p1a: Annihilape|Bulk Up|p1a: Annihilape
|-boost|p1a: Annihilape|atk|1
|-boost|p1a: Annihilape|def|1
|
|-weather|Snowscape|[upkeep]
|upkeep
|turn|3
|
|t:|1756963520
|move|p1b: Amoonguss|Rage Powder|p1b: Amoonguss
|-singleturn|p1b: Amoonguss|move: Rage Powder
|move|p2a: faketile|Dire Claw|p1b: Amoonguss
|-damage|p1b: Amoonguss|0 fnt
|faint|p1b: Amoonguss
|move|p2b: icetile|Blizzard|p1a: Annihilape
|-resisted|p1a: Annihilape
|-damage|p1a: Annihilape|59/100
|move|p1a: Annihilape|Drain Punch|p2a: faketile
|-resisted|p2a: faketile
|-damage|p2a: faketile|66/100
|-heal|p1a: Annihilape|73/100|[from] drain|[of] p2a: faketile
|
|-weather|Snowscape|[upkeep]
|upkeep
|j| borschtboy70
|l| borschtboy70
|
|t:|1756963537
|switch|p1b: Porygon2|Porygon2, L50|100/100
|-ability|p1b: Porygon2|Download|boost
|-boost|p1b: Porygon2|atk|1
|turn|4
|inactive|phfg has 30 seconds left.
|
|t:|1756963563
|-terastallize|p2a: faketile|Stellar
|move|p2a: faketile|Close Combat|p1b: Porygon2
|-supereffective|p1b: Porygon2
|-damage|p1b: Porygon2|0 fnt
|-unboost|p2a: faketile|def|1
|-unboost|p2a: faketile|spd|1
|faint|p1b: Porygon2
|move|p2b: icetile|Blizzard|p1a: Annihilape
|-resisted|p1a: Annihilape
|-damage|p1a: Annihilape|46/100
|move|p1a: Annihilape|Rage Fist|p2a: faketile
|-damage|p2a: faketile|0 fnt
|faint|p2a: faketile
|
|-weather|Snowscape|[upkeep]
|upkeep
|
|t:|1756963570
|switch|p2a: scale shot misses|Dragonite, L50, M, shiny|100/100
|switch|p1b: Ursaluna|Ursaluna-Bloodmoon, L50, M|100/100
|turn|5
|
|t:|1756963587
|switch|p2b: sharktile|Garchomp, L50, M|100/100
|move|p1b: Ursaluna|Protect|p1b: Ursaluna
|-singleturn|p1b: Ursaluna|Protect
|move|p1a: Annihilape|Rage Fist|p2b: sharktile
|-damage|p2b: sharktile|0 fnt
|-damage|p1a: Annihilape|33/100|[from] ability: Rough Skin|[of] p2b: sharktile
|faint|p2b: sharktile
|move|p2a: scale shot misses|Scale Shot|p1a: Annihilape
|-damage|p1a: Annihilape|22/100
|-crit|p1a: Annihilape
|-damage|p1a: Annihilape|0 fnt
|faint|p1a: Annihilape
|-hitcount|p1: Annihilape|2
|-unboost|p2a: scale shot misses|def|1
|-boost|p2a: scale shot misses|spe|1
|
|-weather|none
|upkeep
|
|t:|1756963596
|switch|p2b: icetile|Ninetales-Alola, L50, M|100/100
|-weather|Snowscape|[from] ability: Snow Warning|[of] p2b: icetile
|turn|6
|
|t:|1756963605
|move|p2a: scale shot misses|Scale Shot|p1b: Ursaluna
|-damage|p1b: Ursaluna|90/100
|-damage|p1b: Ursaluna|79/100
|-damage|p1b: Ursaluna|68/100
|-damage|p1b: Ursaluna|55/100
|-damage|p1b: Ursaluna|44/100
|-hitcount|p1b: Ursaluna|5
|-unboost|p2a: scale shot misses|def|1
|-boost|p2a: scale shot misses|spe|1
|move|p2b: icetile|Blizzard|p1b: Ursaluna
|-supereffective|p1b: Ursaluna
|-damage|p1b: Ursaluna|0 fnt
|faint|p1b: Ursaluna
|
|win|HowIsZacLee
||phfg is ready for game 2.
||HowIsZacLee is ready for game 2.
|uhtml|next|Next: Game 2 of 3
|l| pokemonkorea co kr
|l|☆phfg
|player|p1|
