|j|☆memeberserk
|j|☆KodeBeast0526
|html|memeberserkKodeBeast0526    
|uhtml|bestof|Game 2 of a best-of-3
|t:|1785103560
|gametype|doubles
|player|p1|memeberserk|lance|1181
|player|p2|KodeBeast0526|sailor|1234
|gen|9
|tier|[Gen 9 Champions] VGC 2026 Reg M-B (Bo3)
|rated|
|rule|Species Clause: Limit one of each Pokémon
|rule|Item Clause: Limit 1 of each item
|clearpoke
|poke|p1|Raichu, L50, M|
|poke|p1|Corviknight, L50, F|
|poke|p1|Sylveon, L50, M|
|poke|p1|Basculegion, L50, M|
|poke|p1|Mamoswine, L50, F|
|poke|p1|Tyranitar, L50, F|
|poke|p2|Aerodactyl, L50, M, shiny|
|poke|p2|Kingambit, L50, M, shiny|
|poke|p2|Sylveon, L50, M, shiny|
|poke|p2|Garchomp, L50, M, shiny|
|poke|p2|Charizard, L50, M, shiny|
|poke|p2|Farigiraf, L50, M, shiny|
|teampreview|4
|showteam|p1|Raichu||RaichuniteY|LightningRod|ZapCannon,FocusBlast,FakeOut,Protect|Timid||M|||50|]Corviknight||Leftovers|Unnerve|BraveBird,IronHead,Tailwind,Protect|Careful||F|||50|]Sylveon||FairyFeather|Pixilate|HyperVoice,QuickAttack,Protect,Yawn|Modest||M|||50|]Basculegion||MysticWater|SwiftSwim|WaveCrash,LastRespects,AquaJet,Protect|Adamant||M|||50|]Mamoswine||LifeOrb|Oblivious|HighHorsepower,IceShard,IcicleCrash,Protect|Adamant||F|||50|]Tyranitar||FocusSash|SandStream|RockSlide,KnockOff,Superpower,Protect|Adamant||F|||50|
|showteam|p2|Aerodactyl||Aerodactylite|Unnerve|RockSlide,IceFang,Tailwind,WideGuard|Jolly||M|||50|]Kingambit||FocusSash|Defiant|KowtowCleave,SuckerPunch,IronHead,LowKick|Adamant||M|||50|]Sylveon||FairyFeather|Pixilate|Detect,HyperVoice,HyperBeam,QuickAttack|Modest||M|||50|]Garchomp||LifeOrb|RoughSkin|Earthquake,DragonClaw,StompingTantrum,Protect|Jolly||M|||50|]Charizard||CharizarditeY|Blaze|Protect,HeatWave,SolarBeam,WeatherBall|Modest||M|||50|]Farigiraf||SitrusBerry|ArmorTail|Thunderbolt,PsychicNoise,TrickRoom,HelpingHand|Bold||M|||50|
|inactive|Battle timer is ON: inactive players will automatically lose when time's up. (requested by memeberserk)
|inactive|KodeBeast0526 has 60 seconds left.
|
|t:|1785103610
|teamsize|p1|4
|teamsize|p2|4
|start
|switch|p1a: Corviknight|Corviknight, L50, F|100/100
|switch|p1b: Sylveon|Sylveon, L50, M|100/100
|switch|p2a: Farigiraf|Farigiraf, L50, M, shiny|100/100
|switch|p2b: Charizard|Charizard, L50, M, shiny|100/100
|-ability|p1a: Corviknight|Unnerve
|turn|1
|
|t:|1785103622
|detailschange|p2b: Charizard|Charizard-Mega-Y, L50, M, shiny
|-mega|p2b: Charizard|Charizard|Charizardite Y
|-weather|SunnyDay|[from] ability: Drought|[of] p2b: Charizard
|move|p1a: Corviknight|Protect|p1a: Corviknight
|-singleturn|p1a: Corviknight|Protect
|move|p2b: Charizard|Heat Wave|p1b: Sylveon|[spread] p1b
|-activate|p1a: Corviknight|move: Protect
|-damage|p1b: Sylveon|53/100
|move|p1b: Sylveon|Yawn|p2b: Charizard
|-start|p2b: Charizard|move: Yawn|[of] p1b: Sylveon
|move|p2a: Farigiraf|Trick Room|p2a: Farigiraf
|-fieldstart|move: Trick Room|[of] p2a: Farigiraf
|
|-weather|SunnyDay|[upkeep]
|upkeep
|turn|2
|
|t:|1785103637
|switch|p1a: Tyranitar|Tyranitar, L50, F|100/100
|-weather|Sandstorm|[from] ability: Sand Stream|[of] p1a: Tyranitar
|move|p2a: Farigiraf|Thunderbolt|p1a: Tyranitar
|-damage|p1a: Tyranitar|85/100
|move|p1b: Sylveon|Hyper Voice|p2a: Farigiraf|[spread] p2a,p2b
|-resisted|p2b: Charizard|1
|-damage|p2a: Farigiraf|56/100
|-damage|p2b: Charizard|81/100
|move|p2b: Charizard|Heat Wave|p1b: Sylveon|[spread] p1a,p1b
|-resisted|p1a: Tyranitar|1
|-damage|p1a: Tyranitar|70/100
|-damage|p1b: Sylveon|19/100
|-status|p1b: Sylveon|brn
|
|-weather|Sandstorm|[upkeep]
|-damage|p2a: Farigiraf|50/100g|[from] Sandstorm
|-damage|p1b: Sylveon|13/100 brn|[from] Sandstorm
|-damage|p2b: Charizard|75/100|[from] Sandstorm
|-damage|p1b: Sylveon|7/100 brn|[from] brn
|-end|p2b: Charizard|move: Yawn|[silent]
|-status|p2b: Charizard|slp
|upkeep
|turn|3
|
|t:|1785103660
|switch|p2b: Sylveon|Sylveon, L50, M, shiny|100/100
|move|p2a: Farigiraf|Thunderbolt|p1b: Sylveon
|-damage|p1b: Sylveon|0 fnt
|faint|p1b: Sylveon
|move|p1a: Tyranitar|Knock Off|p2a: Farigiraf
|-supereffective|p2a: Farigiraf|1
|-damage|p2a: Farigiraf|0 fnt
|-enditem|p2a: Farigiraf|Sitrus Berry|[from] move: Knock Off|[of] p1a: Tyranitar
|faint|p2a: Farigiraf
|
|-weather|Sandstorm|[upkeep]
|-damage|p2b: Sylveon|94/100|[from] Sandstorm
|upkeep
|
|t:|1785103684
|switch|p2a: Charizard|Charizard-Mega-Y, L50, M, shiny|75/100 slp
|switch|p1b: Mamoswine|Mamoswine, L50, F|100/100
|-weather|SunnyDay|[from] ability: Drought|[of] p2a: Charizard
|turn|4
|
|t:|1785103694
|switch|p1a: Corviknight|Corviknight, L50, F|100/100
|-ability|p1a: Corviknight|Unnerve
|move|p2b: Sylveon|Hyper Voice|p1a: Corviknight|[spread] p1a,p1b
|-resisted|p1a: Corviknight|1
|-damage|p1a: Corviknight|82/100
|-damage|p1b: Mamoswine|40/100
|move|p1b: Mamoswine|High Horsepower|p2b: Sylveon|[miss]
|-miss|p1b: Mamoswine|p2b: Sylveon
|cant|p2a: Charizard|slp
|
|-weather|SunnyDay|[upkeep]
|-heal|p1a: Corviknight|88/100|[from] item: Leftovers
|upkeep
|turn|5
|
|t:|1785103718
|move|p2b: Sylveon|Detect|p2b: Sylveon
|-singleturn|p2b: Sylveon|Protect
|move|p1b: Mamoswine|Protect|p1b: Mamoswine
|-singleturn|p1b: Mamoswine|Protect
|move|p1a: Corviknight|Tailwind|p1a: Corviknight
|-sidestart|p1: memeberserk|move: Tailwind
|cant|p2a: Charizard|slp
|
|-weather|SunnyDay|[upkeep]
|-heal|p1a: Corviknight|94/100|[from] item: Leftovers
|-fieldend|move: Trick Room
|upkeep
|turn|6
|
|t:|1785103731
|switch|p1a: Tyranitar|Tyranitar, L50, F|70/100
|-weather|Sandstorm|[from] ability: Sand Stream|[of] p1a: Tyranitar
|move|p1b: Mamoswine|High Horsepower|p2b: Sylveon
|-damage|p2b: Sylveon|4/100
|-damage|p1b: Mamoswine|31/100|[from] item: Life Orb
|-curestatus|p2a: Charizard|slp|[msg]
|move|p2a: Charizard|Heat Wave|p1a: Tyranitar|[spread] p1b
|-miss|p2a: Charizard|p1a: Tyranitar
|-supereffective|p1b: Mamoswine|1
|-damage|p1b: Mamoswine|0 fnt
|faint|p1b: Mamoswine
|move|p2b: Sylveon|Hyper Voice|p1a: Tyranitar
|-supereffective|p1a: Tyranitar|1
|-damage|p1a: Tyranitar|0 fnt
|faint|p1a: Tyranitar
|
|-weather|Sandstorm|[upkeep]
|-damage|p2a: Charizard|68/100|[from] Sandstorm
|-damage|p2b: Sylveon|0 fnt|[from] Sandstorm
|faint|p2b: Sylveon
|upkeep
|
|t:|1785103753
|switch|p1b: Corviknight|Corviknight, L50, F|94/100
|switch|p2b: Kingambit|Kingambit, L50, M, shiny|100/100
|-ability|p1b: Corviknight|Unnerve
|turn|7
|-message|memeberserk forfeited.
|
|win|KodeBeast0526
|l|☆memeberserk
|player|p1|
