|j|☆la cabra1
|j|☆Snowball_seer
|html|la cabra1Snowball_seer    
|uhtml|bestof|Game 2 of a best-of-3
|t:|1782209920
|gametype|doubles
|player|p1|la cabra1|volkner|1289
|player|p2|Snowball_seer|allister-masters|1200
|gen|9
|tier|[Gen 9 Champions] VGC 2026 Reg M-B (Bo3)
|rated|
|rule|Species Clause: Limit one of each Pokémon
|rule|Item Clause: Limit 1 of each item
|clearpoke
|poke|p1|Aerodactyl, L50, F|
|poke|p1|Garchomp, L50, F|
|poke|p1|Kingambit, L50, M|
|poke|p1|Charizard, L50, F|
|poke|p1|Sylveon, L50, M|
|poke|p1|Farigiraf, L50, M|
|poke|p2|Froslass, L50, F, shiny|
|poke|p2|Sneasler, L50, M, shiny|
|poke|p2|Kingambit, L50, F, shiny|
|poke|p2|Garchomp, L50, F|
|poke|p2|Talonflame, L50, M|
|poke|p2|Rotom-Wash, L50|
|teampreview|4
|showteam|p1|Aerodactyl||Aerodactylite|Unnerve|IceFang,RockSlide,Tailwind,DualWingbeat|Jolly||F|||50|]Garchomp||LifeOrb|RoughSkin|DragonClaw,StompingTantrum,Earthquake,Protect|Jolly||F|||50|]Kingambit||FocusSash|Defiant|SuckerPunch,KowtowCleave,IronHead,LowKick|Adamant||M|||50|]Charizard||CharizarditeY|Blaze|Protect,WeatherBall,HeatWave,SolarBeam|Modest||F|||50|]Sylveon||FairyFeather|Pixilate|Protect,HyperVoice,HyperBeam,QuickAttack|Modest||M|||50|]Farigiraf||SitrusBerry|ArmorTail|TrickRoom,Thunderbolt,Roar,GrassKnot|Bold||M|||50|
|showteam|p2|Froslass||Froslassite|CursedBody|Protect,Blizzard,ShadowBall,AuroraVeil|Modest||F|||50|]Sneasler||WhiteHerb|Unburden|Protect,CloseCombat,DireClaw,FakeOut|Adamant||M|||50|]Kingambit||ChopleBerry|Defiant|Protect,KowtowCleave,SuckerPunch,LowKick|Adamant||F|||50|]Garchomp||LifeOrb|RoughSkin|Protect,DragonClaw,Earthquake,RockSlide|Jolly||F|||50|]Talonflame||SharpBeak|GaleWings|Protect,FlareBlitz,BraveBird,Tailwind|Jolly||M|||50|]Rotom-Wash||SitrusBerry|Levitate|Thunderbolt,VoltSwitch,HydroPump,WillOWisp|Modest|||||50|
|inactive|Battle timer is ON: inactive players will automatically lose when time's up. (requested by Snowball_seer)
|inactive|Snowball_seer has 60 seconds left.
|
|t:|1782209975
|teamsize|p1|4
|teamsize|p2|4
|start
|switch|p1a: Aerodactyl|Aerodactyl, L50, F|100/100
|switch|p1b: Kingambit|Kingambit, L50, M|100/100
|switch|p2a: Froslass|Froslass, L50, F, shiny|100/100
|switch|p2b: Sneasler|Sneasler, L50, M, shiny|100/100
|-ability|p1a: Aerodactyl|Unnerve
|turn|1
|inactive|la cabra1 has 30 seconds left.
|inactive|la cabra1 has 20 seconds left.
|
|t:|1782210010
|detailschange|p2a: Froslass|Froslass-Mega, L50, F, shiny
|-mega|p2a: Froslass|Froslass|Froslassite
|-weather|Snowscape|[from] ability: Snow Warning|[of] p2a: Froslass
|move|p2b: Sneasler|Fake Out|p1b: Kingambit
|-resisted|p1b: Kingambit|1
|-damage|p1b: Kingambit|93/100
|move|p1a: Aerodactyl|Tailwind|p1a: Aerodactyl
|-sidestart|p1: la cabra1|move: Tailwind
|cant|p1b: Kingambit|flinch
|move|p2a: Froslass|Aurora Veil|p2a: Froslass
|-sidestart|p2: Snowball_seer|move: Aurora Veil
|
|-weather|Snowscape|[upkeep]
|upkeep
|turn|2
|inactive|la cabra1 has 30 seconds left.
|inactive|Snowball_seer has 30 seconds left.
|
|t:|1782210041
|switch|p2a: Kingambit|Kingambit, L50, F, shiny|100/100
|move|p1a: Aerodactyl|Dual Wingbeat|p2b: Sneasler
|-supereffective|p2b: Sneasler|1
|-damage|p2b: Sneasler|69/100
|-supereffective|p2b: Sneasler|1
|-damage|p2b: Sneasler|39/100
|-hitcount|p2b: Sneasler|2
|move|p1b: Kingambit|Iron Head|p2b: Sneasler
|-damage|p2b: Sneasler|0 fnt
|faint|p2b: Sneasler
|
|-weather|Snowscape|[upkeep]
|upkeep
|
|t:|1782210052
|switch|p2b: Garchomp|Garchomp, L50, F|100/100
|turn|3
|inactive|la cabra1 has 30 seconds left.
|
|t:|1782210087
|move|p2b: Garchomp|Protect|p2b: Garchomp
|-singleturn|p2b: Garchomp|Protect
|move|p1a: Aerodactyl|Rock Slide|p2b: Garchomp|[spread] 
|-activate|p2b: Garchomp|move: Protect
|-miss|p1a: Aerodactyl|p2a: Kingambit
|move|p1b: Kingambit|Kowtow Cleave|p2b: Garchomp
|-activate|p2b: Garchomp|move: Protect
|move|p2a: Kingambit|Kowtow Cleave|p1a: Aerodactyl
|-damage|p1a: Aerodactyl|28/100
|
|-weather|Snowscape|[upkeep]
|upkeep
|turn|4
|
|t:|1782210100
|move|p2a: Kingambit|Sucker Punch|p1a: Aerodactyl
|-damage|p1a: Aerodactyl|0 fnt
|faint|p1a: Aerodactyl
|move|p1b: Kingambit|Low Kick|p2a: Kingambit
|-supereffective|p2a: Kingambit|2
|-enditem|p2a: Kingambit|Chople Berry|[eat]
|-enditem|p2a: Kingambit|Chople Berry|[weaken]
|-damage|p2a: Kingambit|61/100
|move|p2b: Garchomp|Earthquake|p1b: Kingambit|[spread] p2a,p1b
|-supereffective|p2a: Kingambit|1
|-supereffective|p1b: Kingambit|1
|-damage|p2a: Kingambit|11/100
|-damage|p1b: Kingambit|0 fnt
|faint|p1b: Kingambit
|-damage|p2b: Garchomp|90/100|[from] item: Life Orb
|
|-weather|Snowscape|[upkeep]
|-sideend|p1: la cabra1|move: Tailwind
|upkeep
|
|t:|1782210113
|switch|p1a: Farigiraf|Farigiraf, L50, M|100/100
|switch|p1b: Charizard|Charizard, L50, F|100/100
|turn|5
|inactive|la cabra1 has 30 seconds left.
|
|t:|1782210143
|move|p2b: Garchomp|Protect|p2b: Garchomp
|-singleturn|p2b: Garchomp|Protect
|move|p1b: Charizard|Protect|p1b: Charizard
|-singleturn|p1b: Charizard|Protect
|move|p2a: Kingambit|Protect|p2a: Kingambit
|-singleturn|p2a: Kingambit|Protect
|move|p1a: Farigiraf|Trick Room|p1a: Farigiraf
|-fieldstart|move: Trick Room|[of] p1a: Farigiraf
|
|-weather|none
|-sideend|p2: Snowball_seer|move: Aurora Veil
|upkeep
|turn|6
|inactive|la cabra1 has 30 seconds left.
|inactive|la cabra1 has 20 seconds left.
|inactive|la cabra1 has 15 seconds left.
|
|t:|1782210184
|detailschange|p1b: Charizard|Charizard-Mega-Y, L50, F
|-mega|p1b: Charizard|Charizard|Charizardite Y
|-weather|SunnyDay|[from] ability: Drought|[of] p1b: Charizard
|move|p2a: Kingambit|Kowtow Cleave|p1a: Farigiraf
|-supereffective|p1a: Farigiraf|1
|-damage|p1a: Farigiraf|18/100
|-enditem|p1a: Farigiraf|Sitrus Berry|[eat]
|-heal|p1a: Farigiraf|43/100|[from] item: Sitrus Berry
|move|p1a: Farigiraf|Grass Knot|p2b: Garchomp
|-damage|p2b: Garchomp|66/100
|-damage|p1a: Farigiraf|30/100|[from] ability: Rough Skin|[of] p2b: Garchomp
|move|p1b: Charizard|Weather Ball|p2b: Garchomp
|-resisted|p2b: Garchomp|1
|-damage|p2b: Garchomp|16/100
|move|p2b: Garchomp|Rock Slide|p1a: Farigiraf|[spread] p1a,p1b
|-supereffective|p1b: Charizard|2
|-damage|p1a: Farigiraf|12/100
|-damage|p1b: Charizard|4/100
|-damage|p2b: Garchomp|7/100|[from] item: Life Orb
|
|-weather|SunnyDay|[upkeep]
|upkeep
|turn|7
|
|t:|1782210205
|move|p1b: Charizard|Protect|p1b: Charizard
|-singleturn|p1b: Charizard|Protect
|move|p2a: Kingambit|Kowtow Cleave|p1b: Charizard
|-activate|p1b: Charizard|move: Protect
|move|p1a: Farigiraf|Thunderbolt|p2a: Kingambit
|-damage|p2a: Kingambit|0 fnt
|faint|p2a: Kingambit
|move|p2b: Garchomp|Dragon Claw|p1a: Farigiraf
|-damage|p1a: Farigiraf|0 fnt
|faint|p1a: Farigiraf
|-damage|p2b: Garchomp|0 fnt|[from] item: Life Orb
|faint|p2b: Garchomp
|
|-weather|SunnyDay|[upkeep]
|upkeep
|
|t:|1782210215
|switch|p2b: Froslass|Froslass-Mega, L50, F, shiny|100/100
|-weather|Snowscape|[from] ability: Snow Warning|[of] p2b: Froslass
|turn|8
|
|t:|1782210225
|move|p2b: Froslass|Protect|p2b: Froslass
|-singleturn|p2b: Froslass|Protect
|move|p1b: Charizard|Heat Wave|p2b: Froslass
|-activate|p2b: Froslass|move: Protect
|
|-weather|Snowscape|[upkeep]
|upkeep
|turn|9
|
|t:|1782210249
|move|p2b: Froslass|Protect|p2b: Froslass
|-singleturn|p2b: Froslass|Protect
|move|p1b: Charizard|Heat Wave|p2b: Froslass
|-activate|p2b: Froslass|move: Protect
|
|-weather|Snowscape|[upkeep]
|-fieldend|move: Trick Room
|upkeep
|turn|10
|c|☆la cabra1|ok
|inactive|la cabra1 has 30 seconds left.
|inactive|la cabra1 has 20 seconds left.
|inactive|la cabra1 has 15 seconds left.
|inactive|la cabra1 has 10 seconds left.
|inactive|la cabra1 has 5 seconds left.
|
|t:|1782210304
|move|p1b: Charizard|Protect|p1b: Charizard
|-singleturn|p1b: Charizard|Protect
|move|p2b: Froslass|Blizzard|p1b: Charizard
|-activate|p1b: Charizard|move: Protect
|
|-weather|Snowscape|[upkeep]
|upkeep
|turn|11
|inactive|la cabra1 has 30 seconds left.
|inactive|la cabra1 has 20 seconds left.
|inactive|la cabra1 has 15 seconds left.
|inactive|la cabra1 has 10 seconds left.
|inactive|la cabra1 has 5 seconds left.
|
|t:|1782210359
|move|p1b: Charizard|Protect|p1b: Charizard
|-singleturn|p1b: Charizard|Protect
|move|p2b: Froslass|Blizzard|p1b: Charizard
|-activate|p1b: Charizard|move: Protect
|
|-weather|Snowscape|[upkeep]
|upkeep
|turn|12
|inactive|la cabra1 has 30 seconds left.
|inactive|la cabra1 has 20 seconds left.
|inactive|la cabra1 has 15 seconds left.
|inactive|la cabra1 has 10 seconds left.
|inactive|la cabra1 has 5 seconds left.
|
|t:|1782210413
|move|p1b: Charizard|Protect||[still]
|-fail|p1b: Charizard
|move|p2b: Froslass|Blizzard|p1b: Charizard
|-damage|p1b: Charizard|0 fnt
|faint|p1b: Charizard
|
|win|Snowball_seer
|raw|la cabra1's rating: 1289 → 1258(-31 for losing)
|raw|Snowball_seer's rating: 1200 → 1231(+31 for winning)
