|j|☆Dns889
|j|☆yowbles
|html|Dns889yowbles    
|uhtml|bestof|Game 2 of a best-of-3
|t:|1782377512
|gametype|doubles
|player|p1|Dns889|265|1012
|player|p2|yowbles|mela|1000
|gen|9
|tier|[Gen 9 Champions] VGC 2026 Reg M-B (Bo3)
|rated|
|rule|Species Clause: Limit one of each Pokémon
|rule|Item Clause: Limit 1 of each item
|clearpoke
|poke|p1|Zoroark-Hisui, L50, F, shiny|
|poke|p1|Dragonite, L50, M|
|poke|p1|Incineroar, L50, F, shiny|
|poke|p1|Archaludon, L50, M|
|poke|p1|Basculegion, L50, M|
|poke|p1|Maushold, L50|
|poke|p2|Tyranitar, L50, F|
|poke|p2|Excadrill, L50, M|
|poke|p2|Floette-Eternal, L50, F|
|poke|p2|Corviknight, L50, M|
|poke|p2|Houndstone, L50, M|
|poke|p2|Hydreigon, L50, F|
|teampreview|4
|showteam|p1|Zoroark-Hisui||FocusSash|Illusion|IcyWind,BitterMalice,Protect,KnockOff|Timid||F|||50|]Dragonite||Dragoninite|Multiscale|Tailwind,DragonClaw,RockSlide,IceSpinner|Impish||M|||50|]Incineroar||SitrusBerry|Intimidate|FakeOut,PartingShot,FlareBlitz,ThroatChop|Impish||F|||50|]Archaludon||Leftovers|Stamina|Protect,Thunderbolt,AuraSphere,FlashCannon|Calm||M|||50|]Basculegion||ChoiceScarf|Adaptability|AquaJet,LastRespects,PsychicFangs,WaveCrash|Jolly||M|||50|]Maushold||MentalHerb|FriendGuard|FollowMe,Protect,Taunt,PopulationBomb|Jolly|||||50|
|showteam|p2|Tyranitar||Tyranitarite|SandStream|KnockOff,RockSlide,Protect,LowKick|Adamant||F|||50|]Excadrill||FocusSash|SandRush|Earthquake,IronHead,Protect,RockSlide|Adamant||M|||50|]Floette-Eternal||Floettite|FlowerVeil|Protect,LightofRuin,Moonblast,DazzlingGleam|Modest||F|||50|]Corviknight||Leftovers|MirrorArmor|BraveBird,Roost,Tailwind,Protect|Careful||M|||50|]Houndstone||SitrusBerry|SandRush|Protect,BodyPress,WillOWisp,LastRespects|Adamant||M|||50|]Hydreigon||ChoiceScarf|Levitate|DarkPulse,Snarl,HeatWave,DracoMeteor|Modest||F|||50|
|
|t:|1782377547
|teamsize|p1|4
|teamsize|p2|4
|start
|switch|p1a: Maushold|Maushold, L50|100/100
|switch|p1b: Archaludon|Archaludon, L50, M|100/100
|switch|p2a: Calloused|Tyranitar, L50, F|100/100
|switch|p2b: Death Throes|Houndstone, L50, M|100/100
|-weather|Sandstorm|[from] ability: Sand Stream|[of] p2a: Calloused
|turn|1
|
|t:|1782377588
|detailschange|p2a: Calloused|Tyranitar-Mega, L50, F
|-mega|p2a: Calloused|Tyranitar|Tyranitarite
|move|p2a: Calloused|Protect|p2a: Calloused
|-singleturn|p2a: Calloused|Protect
|move|p2b: Death Throes|Body Press|p1a: Maushold
|-supereffective|p1a: Maushold|1
|-damage|p1a: Maushold|40/100
|move|p1a: Maushold|Population Bomb|p1b: Archaludon
|-resisted|p1b: Archaludon|1
|-damage|p1b: Archaludon|98/100
|-ability|p1b: Archaludon|Stamina|boost
|-boost|p1b: Archaludon|def|1
|-resisted|p1b: Archaludon|1
|-damage|p1b: Archaludon|97/100
|-ability|p1b: Archaludon|Stamina|boost
|-boost|p1b: Archaludon|def|1
|-resisted|p1b: Archaludon|1
|-damage|p1b: Archaludon|96/100
|-ability|p1b: Archaludon|Stamina|boost
|-boost|p1b: Archaludon|def|1
|-resisted|p1b: Archaludon|1
|-damage|p1b: Archaludon|96/100
|-ability|p1b: Archaludon|Stamina|boost
|-boost|p1b: Archaludon|def|1
|-resisted|p1b: Archaludon|1
|-damage|p1b: Archaludon|95/100
|-ability|p1b: Archaludon|Stamina|boost
|-boost|p1b: Archaludon|def|1
|-resisted|p1b: Archaludon|1
|-damage|p1b: Archaludon|95/100
|-ability|p1b: Archaludon|Stamina|boost
|-boost|p1b: Archaludon|def|1
|-resisted|p1b: Archaludon|1
|-damage|p1b: Archaludon|94/100
|-resisted|p1b: Archaludon|1
|-damage|p1b: Archaludon|94/100
|-resisted|p1b: Archaludon|1
|-damage|p1b: Archaludon|93/100
|-resisted|p1b: Archaludon|1
|-damage|p1b: Archaludon|93/100
|-hitcount|p1b: Archaludon|10
|move|p1b: Archaludon|Aura Sphere|p2a: Calloused
|-activate|p2a: Calloused|move: Protect
|
|-weather|Sandstorm|[upkeep]
|-damage|p1a: Maushold|34/100|[from] Sandstorm
|-heal|p1b: Archaludon|99/100|[from] item: Leftovers
|upkeep
|turn|2
|
|t:|1782377636
|move|p1a: Maushold|Follow Me|p1a: Maushold
|-singleturn|p1a: Maushold|move: Follow Me
|move|p2b: Death Throes|Will-O-Wisp|p1a: Maushold
|-status|p1a: Maushold|brn
|move|p1b: Archaludon|Aura Sphere|p2a: Calloused
|-supereffective|p2a: Calloused|2
|-damage|p2a: Calloused|53/100
|move|p2a: Calloused|Knock Off|p1a: Maushold
|-damage|p1a: Maushold|0 fnt
|-enditem|p1a: Maushold|Mental Herb|[from] move: Knock Off|[of] p2a: Calloused
|faint|p1a: Maushold
|
|-weather|Sandstorm|[upkeep]
|-heal|p1b: Archaludon|100/100|[from] item: Leftovers
|upkeep
|
|t:|1782377653
|switch|p1a: Basculegion|Basculegion, L50, M|100/100
|turn|3
|
|t:|1782377661
|move|p1b: Archaludon|Protect|p1b: Archaludon
|-singleturn|p1b: Archaludon|Protect
|move|p2a: Calloused|Protect|p2a: Calloused
|-singleturn|p2a: Calloused|Protect
|move|p1a: Basculegion|Wave Crash|p2b: Death Throes
|-damage|p2b: Death Throes|45/100
|-enditem|p2b: Death Throes|Sitrus Berry|[eat]
|-heal|p2b: Death Throes|69/100|[from] item: Sitrus Berry
|-damage|p1a: Basculegion|83/100|[from] Recoil
|move|p2b: Death Throes|Will-O-Wisp|p1a: Basculegion
|-status|p1a: Basculegion|brn
|
|-weather|Sandstorm|[upkeep]
|-damage|p1a: Basculegion|77/100 brn|[from] Sandstorm
|-damage|p1a: Basculegion|71/100 brn|[from] brn
|upkeep
|turn|4
|
|t:|1782377684
|switch|p2a: Bloodhail|Corviknight, L50, M|100/100
|move|p1a: Basculegion|Wave Crash|p2a: Bloodhail
|-damage|p2a: Bloodhail|69/100
|-damage|p1a: Basculegion|60/100 brn|[from] Recoil
|move|p2b: Death Throes|Will-O-Wisp|p1b: Archaludon
|-status|p1b: Archaludon|brn
|move|p1b: Archaludon|Aura Sphere|p2a: Bloodhail
|-damage|p2a: Bloodhail|53/100
|
|-weather|Sandstorm|[upkeep]
|-damage|p1a: Basculegion|54/100 brn|[from] Sandstorm
|-heal|p2a: Bloodhail|59/100|[from] item: Leftovers
|-damage|p1a: Basculegion|48/100 brn|[from] brn
|-damage|p1b: Archaludon|93/100 brn|[from] brn
|upkeep
|turn|5
|
|t:|1782377723
|switch|p1a: Dragonite|Dragonite, L50, M|100/100
|move|p2b: Death Throes|Body Press|p1b: Archaludon
|-supereffective|p1b: Archaludon|1
|-damage|p1b: Archaludon|84/100 brn
|move|p1b: Archaludon|Thunderbolt|p2a: Bloodhail
|-supereffective|p2a: Bloodhail|1
|-damage|p2a: Bloodhail|22/100
|move|p2a: Bloodhail|Roost|p2a: Bloodhail
|-heal|p2a: Bloodhail|73/100
|-singleturn|p2a: Bloodhail|move: Roost
|
|-weather|none
|-heal|p1b: Archaludon|90/100 brn|[from] item: Leftovers
|-heal|p2a: Bloodhail|79/100|[from] item: Leftovers
|-damage|p1b: Archaludon|84/100 brn|[from] brn
|upkeep
|turn|6
|
|t:|1782377747
|switch|p2a: Calloused|Tyranitar-Mega, L50, F|53/100
|-weather|Sandstorm|[from] ability: Sand Stream|[of] p2a: Calloused
|move|p2b: Death Throes|Will-O-Wisp|p1a: Dragonite
|-status|p1a: Dragonite|brn
|move|p1b: Archaludon|Thunderbolt|p2b: Death Throes
|-damage|p2b: Death Throes|45/100
|move|p1a: Dragonite|Tailwind|p1a: Dragonite
|-sidestart|p1: Dns889|move: Tailwind
|
|-weather|Sandstorm|[upkeep]
|-damage|p1a: Dragonite|93/100 brn|[from] Sandstorm
|-heal|p1b: Archaludon|90/100 brn|[from] item: Leftovers
|-damage|p1b: Archaludon|84/100 brn|[from] brn
|-damage|p1a: Dragonite|87/100 brn|[from] brn
|upkeep
|turn|7
|
|t:|1782377776
|detailschange|p1a: Dragonite|Dragonite-Mega, L50, M
|-mega|p1a: Dragonite|Dragonite|Dragoninite
|move|p1a: Dragonite|Dragon Claw|p2b: Death Throes
|-damage|p2b: Death Throes|30/100
|move|p1b: Archaludon|Aura Sphere|p2a: Calloused
|-supereffective|p2a: Calloused|2
|-damage|p2a: Calloused|1/100
|move|p2b: Death Throes|Body Press|p1b: Archaludon
|-supereffective|p1b: Archaludon|1
|-damage|p1b: Archaludon|75/100 brn
|move|p2a: Calloused|Rock Slide|p1b: Archaludon|[spread] p1a,p1b
|-supereffective|p1a: Dragonite|1
|-crit|p1a: Dragonite
|-resisted|p1b: Archaludon|1
|-damage|p1a: Dragonite|4/100 brn
|-damage|p1b: Archaludon|72/100 brn
|
|-weather|Sandstorm|[upkeep]
|-damage|p1a: Dragonite|0 fnt|[from] Sandstorm
|faint|p1a: Dragonite
|-heal|p1b: Archaludon|78/100 brn|[from] item: Leftovers
|-damage|p1b: Archaludon|72/100 brn|[from] brn
|upkeep
|
|t:|1782377788
|switch|p1a: Basculegion|Basculegion, L50, M|48/100 brn
|turn|8
|
|t:|1782377819
|move|p1a: Basculegion|Last Respects|p2b: Death Throes
|-supereffective|p2b: Death Throes|1
|-crit|p2b: Death Throes
|-damage|p2b: Death Throes|0 fnt
|faint|p2b: Death Throes
|move|p1b: Archaludon|Aura Sphere|p2a: Calloused
|-supereffective|p2a: Calloused|2
|-damage|p2a: Calloused|0 fnt
|faint|p2a: Calloused
|
|-weather|Sandstorm|[upkeep]
|-damage|p1a: Basculegion|42/100 brn|[from] Sandstorm
|-heal|p1b: Archaludon|78/100 brn|[from] item: Leftovers
|-damage|p1a: Basculegion|36/100 brn|[from] brn
|-damage|p1b: Archaludon|72/100 brn|[from] brn
|upkeep
|
|t:|1782377827
|switch|p2a: Bloodhail|Corviknight, L50, M|79/100
|switch|p2b: Starshine|Excadrill, L50, M|100/100
|turn|9
|
|t:|1782377846
|move|p2b: Starshine|Protect|p2b: Starshine
|-singleturn|p2b: Starshine|Protect
|move|p1b: Archaludon|Protect|p1b: Archaludon
|-singleturn|p1b: Archaludon|Protect
|move|p1a: Basculegion|Last Respects|p2b: Starshine
|-activate|p2b: Starshine|move: Protect
|move|p2a: Bloodhail|Brave Bird|p1a: Basculegion
|-damage|p1a: Basculegion|0 fnt
|faint|p1a: Basculegion
|-damage|p2a: Bloodhail|67/100|[from] Recoil
|
|-weather|Sandstorm|[upkeep]
|-heal|p1b: Archaludon|78/100 brn|[from] item: Leftovers
|-heal|p2a: Bloodhail|73/100|[from] item: Leftovers
|-damage|p1b: Archaludon|72/100 brn|[from] brn
|-sideend|p1: Dns889|move: Tailwind
|upkeep
|turn|10
|
|t:|1782377865
|move|p2b: Starshine|Earthquake|p1b: Archaludon|[spread] p1b
|-immune|p2a: Bloodhail
|-supereffective|p1b: Archaludon|1
|-damage|p1b: Archaludon|56/100 brn
|move|p1b: Archaludon|Thunderbolt|p2a: Bloodhail
|-supereffective|p2a: Bloodhail|1
|-damage|p2a: Bloodhail|33/100
|move|p2a: Bloodhail|Roost|p2a: Bloodhail
|-heal|p2a: Bloodhail|83/100
|-singleturn|p2a: Bloodhail|move: Roost
|
|-weather|none
|-heal|p1b: Archaludon|62/100 brn|[from] item: Leftovers
|-heal|p2a: Bloodhail|89/100|[from] item: Leftovers
|-damage|p1b: Archaludon|56/100 brn|[from] brn
|upkeep
|turn|11
|
|t:|1782377879
|move|p2b: Starshine|Earthquake|p1b: Archaludon|[spread] p1b
|-immune|p2a: Bloodhail
|-supereffective|p1b: Archaludon|1
|-damage|p1b: Archaludon|41/100 brn
|move|p1b: Archaludon|Aura Sphere|p2b: Starshine
|-supereffective|p2b: Starshine|1
|-damage|p2b: Starshine|35/100
|move|p2a: Bloodhail|Roost|p2a: Bloodhail
|-heal|p2a: Bloodhail|100/100
|-singleturn|p2a: Bloodhail|move: Roost
|
|-heal|p1b: Archaludon|47/100 brn|[from] item: Leftovers
|-damage|p1b: Archaludon|41/100 brn|[from] brn
|upkeep
|turn|12
|
|t:|1782377889
|move|p2b: Starshine|Protect|p2b: Starshine
|-singleturn|p2b: Starshine|Protect
|move|p1b: Archaludon|Aura Sphere|p2b: Starshine
|-activate|p2b: Starshine|move: Protect
|move|p2a: Bloodhail|Brave Bird|p1b: Archaludon
|-resisted|p1b: Archaludon|1
|-damage|p1b: Archaludon|37/100 brn
|-damage|p2a: Bloodhail|99/100|[from] Recoil
|
|-heal|p1b: Archaludon|43/100 brn|[from] item: Leftovers
|-heal|p2a: Bloodhail|100/100|[from] item: Leftovers
|-damage|p1b: Archaludon|37/100 brn|[from] brn
|upkeep
|turn|13
|
|t:|1782377896
|move|p2b: Starshine|Earthquake|p1b: Archaludon|[spread] p1b
|-immune|p2a: Bloodhail
|-supereffective|p1b: Archaludon|1
|-damage|p1b: Archaludon|19/100 brn
|move|p1b: Archaludon|Aura Sphere|p2b: Starshine
|-supereffective|p2b: Starshine|1
|-damage|p2b: Starshine|0 fnt
|faint|p2b: Starshine
|move|p2a: Bloodhail|Brave Bird|p1b: Archaludon
|-resisted|p1b: Archaludon|1
|-damage|p1b: Archaludon|15/100 brn
|-damage|p2a: Bloodhail|99/100|[from] Recoil
|
|-heal|p1b: Archaludon|21/100 brn|[from] item: Leftovers
|-heal|p2a: Bloodhail|100/100|[from] item: Leftovers
|-damage|p1b: Archaludon|15/100 brn|[from] brn
|upkeep
|turn|14
|
|t:|1782377906
|move|p2a: Bloodhail|Protect|p2a: Bloodhail
|-singleturn|p2a: Bloodhail|Protect
|move|p1b: Archaludon|Thunderbolt|p2a: Bloodhail
|-activate|p2a: Bloodhail|move: Protect
|
|-heal|p1b: Archaludon|21/100 brn|[from] item: Leftovers
|-damage|p1b: Archaludon|15/100 brn|[from] brn
|upkeep
|turn|15
|
|t:|1782377914
|move|p1b: Archaludon|Thunderbolt|p2a: Bloodhail
|-supereffective|p2a: Bloodhail|1
|-damage|p2a: Bloodhail|60/100
|move|p2a: Bloodhail|Brave Bird|p1b: Archaludon
|-resisted|p1b: Archaludon|1
|-damage|p1b: Archaludon|11/100 brn
|-damage|p2a: Bloodhail|58/100|[from] Recoil
|
|-heal|p1b: Archaludon|17/100 brn|[from] item: Leftovers
|-heal|p2a: Bloodhail|64/100|[from] item: Leftovers
|-damage|p1b: Archaludon|11/100 brn|[from] brn
|upkeep
|turn|16
|
|t:|1782377924
|move|p2a: Bloodhail|Protect|p2a: Bloodhail
|-singleturn|p2a: Bloodhail|Protect
|move|p1b: Archaludon|Thunderbolt|p2a: Bloodhail
|-activate|p2a: Bloodhail|move: Protect
|
|-heal|p1b: Archaludon|17/100 brn|[from] item: Leftovers
|-heal|p2a: Bloodhail|70/100|[from] item: Leftovers
|-damage|p1b: Archaludon|11/100 brn|[from] brn
|upkeep
|turn|17
|
|t:|1782377928
|move|p1b: Archaludon|Thunderbolt|p2a: Bloodhail
|-supereffective|p2a: Bloodhail|1
|-damage|p2a: Bloodhail|29/100
|move|p2a: Bloodhail|Roost|p2a: Bloodhail
|-heal|p2a: Bloodhail|79/100
|-singleturn|p2a: Bloodhail|move: Roost
|
|-heal|p1b: Archaludon|17/100 brn|[from] item: Leftovers
|-heal|p2a: Bloodhail|85/100|[from] item: Leftovers
|-damage|p1b: Archaludon|11/100 brn|[from] brn
|upkeep
|turn|18
|
|t:|1782377940
|move|p1b: Archaludon|Protect|p1b: Archaludon
|-singleturn|p1b: Archaludon|Protect
|move|p2a: Bloodhail|Brave Bird|p1b: Archaludon
|-activate|p1b: Archaludon|move: Protect
|
|-heal|p1b: Archaludon|17/100 brn|[from] item: Leftovers
|-heal|p2a: Bloodhail|91/100|[from] item: Leftovers
|-damage|p1b: Archaludon|11/100 brn|[from] brn
|upkeep
|turn|19
|
|t:|1782377960
|move|p1b: Archaludon|Aura Sphere|p2a: Bloodhail
|-damage|p2a: Bloodhail|74/100
|move|p2a: Bloodhail|Brave Bird|p1b: Archaludon
|-resisted|p1b: Archaludon|1
|-damage|p1b: Archaludon|8/100 brn
|-damage|p2a: Bloodhail|73/100|[from] Recoil
|
|-heal|p1b: Archaludon|14/100 brn|[from] item: Leftovers
|-heal|p2a: Bloodhail|79/100|[from] item: Leftovers
|-damage|p1b: Archaludon|8/100 brn|[from] brn
|upkeep
|turn|20
|
|t:|1782377969
|move|p2a: Bloodhail|Protect|p2a: Bloodhail
|-singleturn|p2a: Bloodhail|Protect
|move|p1b: Archaludon|Thunderbolt|p2a: Bloodhail
|-activate|p2a: Bloodhail|move: Protect
|
|-heal|p1b: Archaludon|14/100 brn|[from] item: Leftovers
|-heal|p2a: Bloodhail|84/100|[from] item: Leftovers
|-damage|p1b: Archaludon|8/100 brn|[from] brn
|upkeep
|turn|21
|
|t:|1782377976
|move|p1b: Archaludon|Thunderbolt|p2a: Bloodhail
|-supereffective|p2a: Bloodhail|1
|-damage|p2a: Bloodhail|47/100
|move|p2a: Bloodhail|Brave Bird|p1b: Archaludon
|-resisted|p1b: Archaludon|1
|-damage|p1b: Archaludon|4/100 brn
|-damage|p2a: Bloodhail|46/100|[from] Recoil
|
|-heal|p1b: Archaludon|10/100 brn|[from] item: Leftovers
|-heal|p2a: Bloodhail|52/100|[from] item: Leftovers
|-damage|p1b: Archaludon|4/100 brn|[from] brn
|upkeep
|turn|22
|
|t:|1782378009
|move|p2a: Bloodhail|Protect|p2a: Bloodhail
|-singleturn|p2a: Bloodhail|Protect
|move|p1b: Archaludon|Flash Cannon|p2a: Bloodhail
|-activate|p2a: Bloodhail|move: Protect
|
|-heal|p1b: Archaludon|10/100 brn|[from] item: Leftovers
|-heal|p2a: Bloodhail|58/100|[from] item: Leftovers
|-damage|p1b: Archaludon|4/100 brn|[from] brn
|upkeep
|turn|23
|
|t:|1782378013
|move|p1b: Archaludon|Protect|p1b: Archaludon
|-singleturn|p1b: Archaludon|Protect
|move|p2a: Bloodhail|Brave Bird|p1b: Archaludon
|-activate|p1b: Archaludon|move: Protect
|
|-heal|p1b: Archaludon|10/100 brn|[from] item: Leftovers
|-heal|p2a: Bloodhail|64/100|[from] item: Leftovers
|-damage|p1b: Archaludon|4/100 brn|[from] brn
|upkeep
|turn|24
|
|t:|1782378017
|move|p1b: Archaludon|Thunderbolt|p2a: Bloodhail
|-supereffective|p2a: Bloodhail|1
|-damage|p2a: Bloodhail|29/100
|move|p2a: Bloodhail|Brave Bird|p1b: Archaludon
|-resisted|p1b: Archaludon|1
|-damage|p1b: Archaludon|1/100 brn
|-damage|p2a: Bloodhail|28/100|[from] Recoil
|
|-heal|p1b: Archaludon|7/100 brn|[from] item: Leftovers
|-heal|p2a: Bloodhail|34/100|[from] item: Leftovers
|-damage|p1b: Archaludon|1/100 brn|[from] brn
|upkeep
|turn|25
|
|t:|1782378023
|move|p1b: Archaludon|Protect|p1b: Archaludon
|-singleturn|p1b: Archaludon|Protect
|move|p2a: Bloodhail|Protect||[still]
|-fail|p2a: Bloodhail
|
|-heal|p1b: Archaludon|7/100 brn|[from] item: Leftovers
|-heal|p2a: Bloodhail|40/100|[from] item: Leftovers
|-damage|p1b: Archaludon|1/100 brn|[from] brn
|upkeep
|turn|26
|
|t:|1782378031
|move|p1b: Archaludon|Protect||[still]
|-fail|p1b: Archaludon
|move|p2a: Bloodhail|Brave Bird|p1b: Archaludon
|-resisted|p1b: Archaludon|1
|-damage|p1b: Archaludon|0 fnt
|faint|p1b: Archaludon
|-damage|p2a: Bloodhail|39/100|[from] Recoil
|
|win|yowbles
|raw|Dns889's rating: 1012 → 1000(-12 for losing)
|raw|yowbles's rating: 1000 → 1041(+41 for winning)
|l|☆Dns889
|player|p1|
