|j|☆tipolucha
|j|☆testdigi
|html|tipoluchatestdigi    
|uhtml|bestof|Game 1 of a best-of-3
|t:|1785170506
|gametype|doubles
|player|p1|tipolucha|2|1093
|player|p2|testdigi|169|1191
|gen|9
|tier|[Gen 9 Champions] VGC 2026 Reg M-B (Bo3)
|rated|
|rule|Species Clause: Limit one of each Pokémon
|rule|Item Clause: Limit 1 of each item
|clearpoke
|poke|p1|Whimsicott, L50, M|
|poke|p1|Delphox, L50, M|
|poke|p1|Milotic, L50, M|
|poke|p1|Tsareena, L50, F|
|poke|p1|Scizor, L50, M|
|poke|p1|Sneasler, L50, M|
|poke|p2|Raichu, L50, M|
|poke|p2|Toxapex, L50, F|
|poke|p2|Mamoswine, L50, F|
|poke|p2|Sylveon, L50, M|
|poke|p2|Corviknight, L50, F|
|poke|p2|Basculegion, L50, M|
|teampreview|4
|showteam|p1|Whimsicott||FocusSash|Prankster|Tailwind,Moonblast,Encore,Protect|Timid||M|||50|]Delphox||Delphoxite|Blaze|HeatWave,Psychic,ShadowBall,Protect|Timid||M|||50|]Milotic||MysticWater|Competitive|IceBeam,Scald,IcyWind,Protect|Modest||M|||50|]Tsareena||LifeOrb|QueenlyMajesty|LowKick,KnockOff,TropKick,Protect|Adamant||F|||50|]Scizor||Scizorite|Technician|BugBite,BulletPunch,Assurance,Protect|Adamant||M|||50|]Sneasler||WhiteHerb|Unburden|CloseCombat,DireClaw,RockSlide,Protect|Adamant||M|||50|
|showteam|p2|Raichu||RaichuniteY|LightningRod|ZapCannon,FocusBlast,FakeOut,Protect|Timid||M|||50|]Toxapex||Leftovers|Regenerator|Infestation,Toxic,WideGuard,BanefulBunker|Relaxed||F|||50|]Mamoswine||LifeOrb|Oblivious|StompingTantrum,IceShard,RockSlide,Protect|Adamant||F|||50|]Sylveon||FairyFeather|Pixilate|HyperVoice,QuickAttack,Yawn,Detect|Modest||M|||50|]Corviknight||OccaBerry|MirrorArmor|IronHead,BraveBird,Tailwind,Protect|Adamant||F|||50|]Basculegion||FocusSash|Adaptability|LastRespects,Liquidation,AquaJet,Protect|Jolly||M|||50|
|
|t:|1785170562
|teamsize|p1|4
|teamsize|p2|4
|start
|switch|p1a: Tsareena|Tsareena, L50, F|100/100
|switch|p1b: Sneasler|Sneasler, L50, M|100/100
|switch|p2a: Corviknight|Corviknight, L50, F|100/100
|switch|p2b: Basculegion|Basculegion, L50, M|100/100
|turn|1
|
|t:|1785170582
|move|p2b: Basculegion|Protect|p2b: Basculegion
|-singleturn|p2b: Basculegion|Protect
|move|p2a: Corviknight|Protect|p2a: Corviknight
|-singleturn|p2a: Corviknight|Protect
|move|p1b: Sneasler|Close Combat|p2a: Corviknight
|-activate|p2a: Corviknight|move: Protect
|move|p1a: Tsareena|Trop Kick|p2b: Basculegion
|-activate|p2b: Basculegion|move: Protect
|
|upkeep
|turn|2
|
|t:|1785170608
|switch|p2b: Raichu|Raichu, L50, M|100/100
|move|p1b: Sneasler|Close Combat|p2a: Corviknight
|-damage|p2a: Corviknight|39/100
|-unboost|p1b: Sneasler|def|1
|-unboost|p1b: Sneasler|spd|1
|-enditem|p1b: Sneasler|White Herb
|-clearnegativeboost|p1b: Sneasler|[silent]
|move|p2a: Corviknight|Tailwind|p2a: Corviknight
|-sidestart|p2: testdigi|move: Tailwind
|move|p1a: Tsareena|Trop Kick|p2b: Raichu
|-damage|p2b: Raichu|3/100
|-unboost|p2b: Raichu|atk|1
|-damage|p1a: Tsareena|90/100|[from] item: Life Orb
|
|upkeep
|turn|3
|
|t:|1785170632
|switch|p1a: Whimsicott|Whimsicott, L50, M|100/100
|detailschange|p2b: Raichu|Raichu-Mega-Y, L50, M
|-mega|p2b: Raichu|Raichu|Raichunite Y
|move|p1b: Sneasler|Protect|p1b: Sneasler
|-singleturn|p1b: Sneasler|Protect
|move|p2b: Raichu|Zap Cannon|p1b: Sneasler
|-activate|p1b: Sneasler|move: Protect
|move|p2a: Corviknight|Brave Bird|p1a: Whimsicott
|-supereffective|p1a: Whimsicott|1
|-enditem|p1a: Whimsicott|Focus Sash
|-damage|p1a: Whimsicott|1/100
|-damage|p2a: Corviknight|18/100|[from] Recoil
|
|upkeep
|turn|4
|inactive|Battle timer is ON: inactive players will automatically lose when time's up. (requested by tipolucha)
|
|t:|1785170649
|move|p1a: Whimsicott|Tailwind|p1a: Whimsicott
|-sidestart|p1: tipolucha|move: Tailwind
|move|p1b: Sneasler|Rock Slide|p2a: Corviknight|[spread] p2a,p2b
|-crit|p2b: Raichu
|-damage|p2a: Corviknight|1/100
|-damage|p2b: Raichu|0 fnt
|faint|p2b: Raichu
|move|p2a: Corviknight|Iron Head|p1a: Whimsicott
|-supereffective|p1a: Whimsicott|1
|-damage|p1a: Whimsicott|0 fnt
|faint|p1a: Whimsicott
|
|upkeep
|
|t:|1785170660
|switch|p2b: Mamoswine|Mamoswine, L50, F|100/100
|switch|p1a: Tsareena|Tsareena, L50, F|90/100
|turn|5
|
|t:|1785170674
|move|p1b: Sneasler|Close Combat|p2b: Mamoswine
|-supereffective|p2b: Mamoswine|1
|-damage|p2b: Mamoswine|0 fnt
|-unboost|p1b: Sneasler|def|1
|-unboost|p1b: Sneasler|spd|1
|faint|p2b: Mamoswine
|move|p2a: Corviknight|Brave Bird|p1a: Tsareena
|-supereffective|p1a: Tsareena|1
|-damage|p1a: Tsareena|0 fnt
|faint|p1a: Tsareena
|-damage|p2a: Corviknight|0 fnt|[from] Recoil
|faint|p2a: Corviknight
|
|-sideend|p2: testdigi|move: Tailwind
|upkeep
|
|t:|1785170682
|switch|p2b: Basculegion|Basculegion, L50, M|100/100
|switch|p1a: Delphox|Delphox, L50, M|100/100
|turn|6
|inactive|testdigi has 30 seconds left.
|
|t:|1785170707
|detailschange|p1a: Delphox|Delphox-Mega, L50, M
|-mega|p1a: Delphox|Delphox|Delphoxite
|move|p1b: Sneasler|Rock Slide|p2b: Basculegion
|-damage|p2b: Basculegion|65/100
|move|p1a: Delphox|Shadow Ball|p2b: Basculegion
|-supereffective|p2b: Basculegion|1
|-damage|p2b: Basculegion|0 fnt
|faint|p2b: Basculegion
|
|win|tipolucha
