|j|Ōśåuscorp
|j|Ōśåexessvgc
|html|uscorpexessvgc    
|uhtml|bestof|Game 1 of a best-of-3
|t:|1783944763
|gametype|doubles
|player|p1|uscorp|1|
|player|p2|exessvgc|lucas|
|gen|9
|tier|[Gen 9 Champions] VGC 2026 Reg M-B (Bo3)
|rule|Species Clause: Limit one of each Pok├®mon
|rule|Item Clause: Limit 1 of each item
|clearpoke
|poke|p1|Swampert, L50, M|
|poke|p1|Venusaur, L50, M|
|poke|p1|Pelipper, L50, F|
|poke|p1|Grimmsnarl, L50, M|
|poke|p1|Archaludon, L50, M|
|poke|p1|Gholdengo, L50|
|poke|p2|Archaludon, L50, M|
|poke|p2|Meganium, L50, M|
|poke|p2|Pelipper, L50, M|
|poke|p2|Basculegion, L50, M|
|poke|p2|Swampert, L50, M|
|poke|p2|Sableye, L50, F|
|teampreview|4
|showteam|p1|Swampert||Swampertite|Torrent|WaveCrash,FlipTurn,HighHorsepower,Protect|Adamant||M|||50|]Venusaur||Venusaurite|Chlorophyll|GigaDrain,SludgeBomb,EarthPower,Protect|Modest||M|||50|]Pelipper||FocusSash|Drizzle|Tailwind,WeatherBall,Hurricane,Protect|Timid||F|||50|]Grimmsnarl||LightClay|Prankster|Reflect,LightScreen,PartingShot,SpiritBreak|Careful||M|||50|]Archaludon||Leftovers|Stamina|ElectroShot,DragonPulse,FlashCannon,Protect|Calm||M|||50|]Gholdengo||ChoiceScarf|GoodasGold|Trick,MakeItRain,ShadowBall,PowerGem|Timid|||||50|
|showteam|p2|Archaludon||Leftovers|Stamina|AuraSphere,ElectroShot,DragonPulse,Protect|Calm||M|||50|]Meganium||Meganiumite|Overgrow|WeatherBall,SolarBeam,DazzlingGleam,Protect|Modest||M|||50|]Pelipper||FocusSash|Drizzle|WeatherBall,Tailwind,Protect,Hurricane|Modest||M|||50|]Basculegion||MysticWater|SwiftSwim|WaveCrash,AquaJet,LastRespects,FlipTurn|Adamant||M|||50|]Swampert||Swampertite|Torrent|HighHorsepower,WaveCrash,IcePunch,Protect|Adamant||M|||50|]Sableye||RoseliBerry|Prankster|WillOWisp,Reflect,LightScreen,Disable|Calm||F|||50|
|l|Ōśåexessvgc
|player|p2|
|j|Ōśåexessvgc
|player|p2|exessvgc|lucas|
|l|Ōśåexessvgc
|player|p2|
|j|Ōśåexessvgc
|player|p2|exessvgc|lucas|
|l|Ōśåexessvgc
|player|p2|
|j|Ōśåexessvgc
|player|p2|exessvgc|lucas|
|l|Ōśåexessvgc
|player|p2|
|j|Ōśåexessvgc
|player|p2|exessvgc|lucas|
|
|t:|1783944866
|teamsize|p1|4
|teamsize|p2|4
|start
|switch|p1a: Sesso guy|Grimmsnarl, L50, M|100/100
|switch|p1b: Alastor|Venusaur, L50, M|100/100
|switch|p2a: Meganium|Meganium, L50, M|100/100
|switch|p2b: Sableye|Sableye, L50, F|100/100
|turn|1
|l|Ōśåexessvgc
|player|p2|
|j|Ōśåexessvgc
|player|p2|exessvgc|lucas|
|
|t:|1783944914
|detailschange|p1b: Alastor|Venusaur-Mega, L50, M
|-mega|p1b: Alastor|Venusaur|Venusaurite
|detailschange|p2a: Meganium|Meganium-Mega, L50, M
|-mega|p2a: Meganium|Meganium|Meganiumite
|move|p1a: Sesso guy|Light Screen|p1a: Sesso guy
|-sidestart|p1: uscorp|move: Light Screen
|move|p2b: Sableye|Light Screen|p2b: Sableye
|-sidestart|p2: exessvgc|move: Light Screen
|move|p1b: Alastor|Sludge Bomb|p2a: Meganium
|-supereffective|p2a: Meganium|2
|-damage|p2a: Meganium|0 fnt
|faint|p2a: Meganium
|
|upkeep
|l|Ōśåexessvgc
|player|p2|
|j|Ōśåexessvgc
|player|p2|exessvgc|lucas|
|
|t:|1783944950
|switch|p2a: Archaludon|Archaludon, L50, M|100/100
|turn|2
|
|t:|1783944966
|move|p2a: Archaludon|Protect|p2a: Archaludon
|-singleturn|p2a: Archaludon|Protect
|move|p1a: Sesso guy|Parting Shot|p2a: Archaludon
|-activate|p2a: Archaludon|move: Protect
|move|p2b: Sableye|Will-O-Wisp|p1b: Alastor
|-status|p1b: Alastor|brn
|move|p1b: Alastor|Earth Power|p2a: Archaludon
|-activate|p2a: Archaludon|move: Protect
|
|-damage|p1b: Alastor|94/100 brn|[from] brn
|upkeep
|turn|3
|l|Ōśåexessvgc
|player|p2|
|j|Ōśåexessvgc
|player|p2|exessvgc|lucas|
|
|t:|1783944996
|move|p1a: Sesso guy|Parting Shot|p2a: Archaludon
|-unboost|p2a: Archaludon|atk|1
|-unboost|p2a: Archaludon|spa|1
|
|t:|1783945000
|switch|p1a: Astrid|Archaludon, L50, M|100/100|[from] Parting Shot
|move|p2b: Sableye|Disable|p1b: Alastor
|-start|p1b: Alastor|Disable|Earth Power
|move|p1b: Alastor|Giga Drain|p2b: Sableye
|-damage|p2b: Sableye|71/100
|-heal|p1b: Alastor|100/100 brn|[from] drain|[of] p2b: Sableye
|move|p2a: Archaludon|Electro Shot||[still]
|-prepare|p2a: Archaludon|Electro Shot
|-boost|p2a: Archaludon|spa|1
|
|-damage|p1b: Alastor|94/100 brn|[from] brn
|upkeep
|turn|4
|
|t:|1783945030
|move|p2b: Sableye|Will-O-Wisp|p1a: Astrid
|-status|p1a: Astrid|brn
|move|p1b: Alastor|Sludge Bomb|p2b: Sableye
|-resisted|p2b: Sableye|1
|-crit|p2b: Sableye
|-damage|p2b: Sableye|29/100
|-status|p2b: Sableye|psn
|move|p1a: Astrid|Dragon Pulse|p2a: Archaludon
|-damage|p2a: Archaludon|79/100
|-ability|p2a: Archaludon|Stamina|boost
|-boost|p2a: Archaludon|def|1
|move|p2a: Archaludon|Electro Shot|p1a: Astrid|[from] lockedmove
|-resisted|p1a: Astrid|1
|-damage|p1a: Astrid|89/100 brn
|-ability|p1a: Astrid|Stamina|boost
|-boost|p1a: Astrid|def|1
|
|-heal|p1a: Astrid|95/100 brn|[from] item: Leftovers
|-heal|p2a: Archaludon|85/100|[from] item: Leftovers
|-damage|p2b: Sableye|17/100 psn|[from] psn
|-damage|p1b: Alastor|88/100 brn|[from] brn
|-damage|p1a: Astrid|89/100 brn|[from] brn
|upkeep
|turn|5
|l|Ōśåexessvgc
|player|p2|
|j|Ōśåexessvgc
|player|p2|exessvgc|lucas|
|
|t:|1783945062
|switch|p1b: Sesso guy|Grimmsnarl, L50, M|100/100
|switch|p2b: Basculegion|Basculegion, L50, M|100/100
|move|p1a: Astrid|Electro Shot||[still]
|-prepare|p1a: Astrid|Electro Shot
|-boost|p1a: Astrid|spa|1
|move|p2a: Archaludon|Aura Sphere|p1a: Astrid
|-supereffective|p1a: Astrid|1
|-damage|p1a: Astrid|61/100 brn
|-ability|p1a: Astrid|Stamina|boost
|-boost|p1a: Astrid|def|1
|
|-heal|p1a: Astrid|67/100 brn|[from] item: Leftovers
|-heal|p2a: Archaludon|91/100|[from] item: Leftovers
|-damage|p1a: Astrid|61/100 brn|[from] brn
|-sideend|p2: exessvgc|move: Light Screen
|upkeep
|turn|6
|l|Ōśåexessvgc
|player|p2|
|j|Ōśåexessvgc
|player|p2|exessvgc|lucas|
|
|t:|1783945120
|move|p1a: Astrid|Electro Shot|p2b: Basculegion|[from] lockedmove
|-supereffective|p2b: Basculegion|1
|-damage|p2b: Basculegion|0 fnt
|faint|p2b: Basculegion
|move|p2a: Archaludon|Aura Sphere|p1a: Astrid
|-supereffective|p1a: Astrid|1
|-damage|p1a: Astrid|32/100 brn
|-ability|p1a: Astrid|Stamina|boost
|-boost|p1a: Astrid|def|1
|move|p1b: Sesso guy|Spirit Break|p2a: Archaludon
|-damage|p2a: Archaludon|76/100
|-unboost|p2a: Archaludon|spa|1
|-ability|p2a: Archaludon|Stamina|boost
|-boost|p2a: Archaludon|def|1
|
|-heal|p1a: Astrid|39/100 brn|[from] item: Leftovers
|-heal|p2a: Archaludon|82/100|[from] item: Leftovers
|-damage|p1a: Astrid|32/100 brn|[from] brn
|upkeep
|
|t:|1783945142
|switch|p2b: Sableye|Sableye, L50, F|17/100 psn
|turn|7
|l|Ōśåexessvgc
|player|p2|
|j|Ōśåexessvgc
|player|p2|exessvgc|lucas|
|
|t:|1783945184
|move|p2b: Sableye|Light Screen|p2b: Sableye
|-sidestart|p2: exessvgc|move: Light Screen
|move|p1a: Astrid|Dragon Pulse|p2b: Sableye
|-damage|p2b: Sableye|0 fnt
|faint|p2b: Sableye
|move|p2a: Archaludon|Aura Sphere|p1a: Astrid
|-supereffective|p1a: Astrid|1
|-damage|p1a: Astrid|15/100 brn
|-ability|p1a: Astrid|Stamina|boost
|-boost|p1a: Astrid|def|1
|move|p1b: Sesso guy|Spirit Break|p2a: Archaludon
|-damage|p2a: Archaludon|72/100
|-unboost|p2a: Archaludon|spa|1
|-ability|p2a: Archaludon|Stamina|boost
|-boost|p2a: Archaludon|def|1
|
|-heal|p1a: Astrid|21/100 brn|[from] item: Leftovers
|-heal|p2a: Archaludon|78/100|[from] item: Leftovers
|-damage|p1a: Astrid|15/100 brn|[from] brn
|upkeep
|turn|8
|
|t:|1783945212
|move|p1a: Astrid|Protect|p1a: Astrid
|-singleturn|p1a: Astrid|Protect
|move|p2a: Archaludon|Dragon Pulse|p1b: Sesso guy
|-immune|p1b: Sesso guy
|move|p1b: Sesso guy|Spirit Break|p2a: Archaludon
|-damage|p2a: Archaludon|69/100
|-unboost|p2a: Archaludon|spa|1
|-ability|p2a: Archaludon|Stamina|boost
|-boost|p2a: Archaludon|def|1
|
|-heal|p1a: Astrid|21/100 brn|[from] item: Leftovers
|-heal|p2a: Archaludon|75/100|[from] item: Leftovers
|-damage|p1a: Astrid|15/100 brn|[from] brn
|-sideend|p1: uscorp|move: Light Screen
|upkeep
|turn|9
|
|t:|1783945228
|switch|p1b: Pappagallo|Pelipper, L50, F|100/100
|-weather|RainDance|[from] ability: Drizzle|[of] p1b: Pappagallo
|move|p1a: Astrid|Electro Shot||[still]
|-prepare|p1a: Astrid|Electro Shot
|-boost|p1a: Astrid|spa|1
|-anim|p1a: Astrid|Electro Shot|p2a: Archaludon
|-resisted|p2a: Archaludon|1
|-damage|p2a: Archaludon|53/100
|-ability|p2a: Archaludon|Stamina|boost
|-boost|p2a: Archaludon|def|1
|move|p2a: Archaludon|Dragon Pulse|p1a: Astrid
|-damage|p1a: Astrid|1/100 brn
|-ability|p1a: Astrid|Stamina|boost
|-boost|p1a: Astrid|def|1
|
|-weather|RainDance|[upkeep]
|-heal|p1a: Astrid|7/100 brn|[from] item: Leftovers
|-heal|p2a: Archaludon|59/100|[from] item: Leftovers
|-damage|p1a: Astrid|1/100 brn|[from] brn
|upkeep
|turn|10
|l|Ōśåexessvgc
|player|p2|
|j|Ōśåexessvgc
|player|p2|exessvgc|lucas|
|
|t:|1783945256
|switch|p1a: Alastor|Venusaur-Mega, L50, M|88/100 brn
|move|p1b: Pappagallo|Hurricane|p2a: Archaludon
|-resisted|p2a: Archaludon|1
|-damage|p2a: Archaludon|45/100
|-ability|p2a: Archaludon|Stamina|boost
|-boost|p2a: Archaludon|def|1
|move|p2a: Archaludon|Electro Shot||[still]
|-prepare|p2a: Archaludon|Electro Shot
|-boost|p2a: Archaludon|spa|1
|-anim|p2a: Archaludon|Electro Shot|p1b: Pappagallo
|-supereffective|p1b: Pappagallo|2
|-enditem|p1b: Pappagallo|Focus Sash
|-damage|p1b: Pappagallo|1/100
|
|-weather|RainDance|[upkeep]
|-heal|p2a: Archaludon|51/100|[from] item: Leftovers
|-damage|p1a: Alastor|82/100 brn|[from] brn
|upkeep
|turn|11
|l|Ōśåexessvgc
|player|p2|
|j|Ōśåexessvgc
|player|p2|exessvgc|lucas|
|
|t:|1783945290
|move|p1b: Pappagallo|Hurricane|p2a: Archaludon
|-resisted|p2a: Archaludon|1
|-damage|p2a: Archaludon|38/100
|-start|p2a: Archaludon|confusion
|move|p1a: Alastor|Earth Power|p2a: Archaludon
|-supereffective|p2a: Archaludon|1
|-damage|p2a: Archaludon|0 fnt
|faint|p2a: Archaludon
|
|win|uscorp
|inactive|uscorp has 30 seconds to confirm battle start!
|inactive|exessvgc has 30 seconds to confirm battle start!
||exessvgc is ready for game 2.
|inactive|uscorp has 20 seconds to confirm battle start!
||uscorp is ready for game 2.
|uhtml|next|Next: Game 2 of 3
|l|Ōśåexessvgc
|player|p2|
