|j|☆Jasondddd
|j|☆Fraudapagos
|html|JasonddddFraudapagos    
|uhtml|bestof|Game 2 of a best-of-3
|t:|1754428050
|gametype|doubles
|player|p1|Jasondddd|102|1251
|player|p2|Fraudapagos|harmony|1256
|gen|9
|tier|[Gen 9] VGC 2025 Reg H (Bo3)
|rated|
|rule|Species Clause: Limit one of each Pokémon
|rule|Item Clause: Limit 1 of each item
|clearpoke
|poke|p1|Volcarona, L50, M|
|poke|p1|Electabuzz, L50, M|
|poke|p1|Kingambit, L50, M|
|poke|p1|Sneasler, L50, M|
|poke|p1|Rillaboom, L50, F|
|poke|p1|Basculegion, L50, M|
|poke|p2|Incineroar, L50, M|
|poke|p2|Amoonguss, L50, M|
|poke|p2|Annihilape, L50, M|
|poke|p2|Ninetales-Alola, L50, F|
|poke|p2|Rillaboom, L50, M|
|poke|p2|Glimmora, L50, F|
|teampreview|4
|showteam|p1|Volcarona||CovertCloak|FlameBody|Protect,QuiverDance,HeatWave,TeraBlast|||M|||50|,,,,,Fairy]Electabuzz||Eviolite|VitalSpirit|Protect,Thunderbolt,Taunt,FollowMe|||M|||50|,,,,,Dragon]Kingambit||SafetyGoggles|Defiant|Protect,SwordsDance,SuckerPunch,KowtowCleave|||M|||50|,,,,,Dark]Sneasler||FocusSash|Unburden|FakeOut,DireClaw,Protect,CloseCombat|||M|||50|,,,,,Ghost]Rillaboom||AssaultVest|GrassySurge|FakeOut,GrassyGlide,WoodHammer,Uturn|||F|||50|,,,,,Fire]Basculegion||ChoiceScarf|Adaptability|FlipTurn,AquaJet,LastRespects,WaveCrash|||M|||50|,,,,,Water
|showteam|p2|Incineroar||AssaultVest|Intimidate|FakeOut,KnockOff,FlareBlitz,Uturn|||M|||50|,,,,,Ghost]Amoonguss||RockyHelmet|Regenerator|PollenPuff,ClearSmog,RagePowder,Spore|||M|||50|,,,,,Fairy]Annihilape||Leftovers|Defiant|RageFist,DrainPunch,BulkUp,Protect|||M|||50|,,,,,Fire]Ninetales-Alola||CovertCloak|SnowWarning|Blizzard,Encore,Moonblast,AuroraVeil|||F|||50|,,,,,Fire]Rillaboom||MiracleSeed|GrassySurge|Uturn,WoodHammer,GrassyGlide,FakeOut|||M|||50|,,,,,Fire]Glimmora||PowerHerb|ToxicDebris|MeteorBeam,EarthPower,SludgeBomb,SpikyShield|||F|||50|,,,,,Grass
|inactive|Battle timer is ON: inactive players will automatically lose when time's up. (requested by Fraudapagos)
|inactive|Jasondddd has 60 seconds left.
|
|t:|1754428085
|teamsize|p1|4
|teamsize|p2|4
|start
|switch|p1a: Basculegion|Basculegion, L50, M|100/100
|switch|p1b: Electabuzz|Electabuzz, L50, M|100/100
|switch|p2a: Annihilape|Annihilape, L50, M|100/100
|switch|p2b: Glimmora|Glimmora, L50, F|100/100
|turn|1
|
|t:|1754428108
|-terastallize|p2b: Glimmora|Grass
|move|p1a: Basculegion|Wave Crash|p2b: Glimmora
|-resisted|p2b: Glimmora
|-damage|p2b: Glimmora|47/100
|-activate|p2b: Glimmora|ability: Toxic Debris
|-sidestart|p1: Jasondddd|move: Toxic Spikes
|-damage|p1a: Basculegion|86/100|[from] Recoil
|move|p2b: Glimmora|Meteor Beam||[still]
|-prepare|p2b: Glimmora|Meteor Beam
|-boost|p2b: Glimmora|spa|1
|-enditem|p2b: Glimmora|Power Herb
|-anim|p2b: Glimmora|Meteor Beam|p1a: Basculegion|[miss]
|-miss|p2b: Glimmora|p1a: Basculegion
|move|p1b: Electabuzz|Taunt|p2a: Annihilape
|-start|p2a: Annihilape|move: Taunt
|move|p2a: Annihilape|Rage Fist|p1a: Basculegion
|-supereffective|p1a: Basculegion
|-damage|p1a: Basculegion|28/100
|
|upkeep
|turn|2
|inactive|Jasondddd has 30 seconds left.
|inactive|Fraudapagos has 30 seconds left.
|inactive|Jasondddd has 20 seconds left.
|
|t:|1754428145
|switch|p1a: Volcarona|Volcarona, L50, M|100/100
|-status|p1a: Volcarona|psn
|switch|p2a: Incineroar|Incineroar, L50, M, shiny|100/100
|-ability|p2a: Incineroar|Intimidate|boost
|-unboost|p1a: Volcarona|atk|1
|-unboost|p1b: Electabuzz|atk|1
|move|p1b: Electabuzz|Protect|p1b: Electabuzz
|-singleturn|p1b: Electabuzz|Protect
|move|p2b: Glimmora|Earth Power|p1a: Volcarona
|-damage|p1a: Volcarona|52/100 psn
|
|-damage|p1a: Volcarona|40/100 psn|[from] psn
|upkeep
|turn|3
|inactive|Jasondddd has 30 seconds left.
|
|t:|1754428180
|-terastallize|p1b: Electabuzz|Dragon
|move|p1a: Volcarona|Protect|p1a: Volcarona
|-singleturn|p1a: Volcarona|Protect
|move|p2a: Incineroar|Fake Out|p1b: Electabuzz
|-damage|p1b: Electabuzz|92/100
|move|p2b: Glimmora|Sludge Bomb|p1a: Volcarona
|-activate|p1a: Volcarona|move: Protect
|cant|p1b: Electabuzz|flinch
|
|-damage|p1a: Volcarona|28/100 psn|[from] psn
|upkeep
|turn|4
|
|t:|1754428200
|move|p1b: Electabuzz|Follow Me|p1b: Electabuzz
|-singleturn|p1b: Electabuzz|move: Follow Me
|move|p2b: Glimmora|Sludge Bomb|p1b: Electabuzz
|-damage|p1b: Electabuzz|35/100
|move|p1a: Volcarona|Quiver Dance|p1a: Volcarona
|-boost|p1a: Volcarona|spa|1
|-boost|p1a: Volcarona|spd|1
|-boost|p1a: Volcarona|spe|1
|move|p2a: Incineroar|U-turn|p1b: Electabuzz
|-damage|p1b: Electabuzz|20/100
|
|t:|1754428208
|switch|p2a: Rillaboom|Rillaboom, L50, M, shiny|100/100|[from] U-turn
|-fieldstart|move: Grassy Terrain|[from] ability: Grassy Surge|[of] p2a: Rillaboom
|
|-heal|p1a: Volcarona|34/100 psn|[from] Grassy Terrain
|-heal|p2b: Glimmora|53/100|[from] Grassy Terrain
|-heal|p1b: Electabuzz|26/100|[from] Grassy Terrain
|-damage|p1a: Volcarona|22/100 psn|[from] psn
|upkeep
|turn|5
|
|t:|1754428227
|switch|p1b: Kingambit|Kingambit, L50, M|100/100
|switch|p2a: Incineroar|Incineroar, L50, M, shiny|100/100
|-ability|p2a: Incineroar|Intimidate|boost
|-unboost|p1a: Volcarona|atk|1
|-unboost|p1b: Kingambit|atk|1
|-ability|p1b: Kingambit|Defiant|boost
|-boost|p1b: Kingambit|atk|2
|move|p2b: Glimmora|Spiky Shield|p2b: Glimmora
|-singleturn|p2b: Glimmora|move: Protect
|move|p1a: Volcarona|Heat Wave|p2a: Incineroar|[spread] p2a
|-activate|p2b: Glimmora|move: Protect
|-resisted|p2a: Incineroar
|-damage|p2a: Incineroar|85/100
|
|-heal|p1a: Volcarona|28/100 psn|[from] Grassy Terrain
|-heal|p2b: Glimmora|58/100|[from] Grassy Terrain
|-heal|p2a: Incineroar|91/100|[from] Grassy Terrain
|-damage|p1a: Volcarona|16/100 psn|[from] psn
|upkeep
|turn|6
|
|t:|1754428247
|move|p2a: Incineroar|Fake Out|p1a: Volcarona
|-damage|p1a: Volcarona|2/100 psn
|move|p1a: Volcarona|Heat Wave|p2a: Incineroar|[spread] p2b
|-miss|p1a: Volcarona|p2a: Incineroar
|-supereffective|p2b: Glimmora
|-damage|p2b: Glimmora|0 fnt
|faint|p2b: Glimmora
|move|p1b: Kingambit|Swords Dance|p1b: Kingambit
|-boost|p1b: Kingambit|atk|2
|
|-heal|p1a: Volcarona|8/100 psn|[from] Grassy Terrain
|-heal|p2a: Incineroar|97/100|[from] Grassy Terrain
|-damage|p1a: Volcarona|0 fnt|[from] psn
|faint|p1a: Volcarona
|upkeep
|
|t:|1754428262
|switch|p2b: Annihilape|Annihilape, L50, M|100/100
|switch|p1a: Basculegion|Basculegion, L50, M|28/100
|-status|p1a: Basculegion|psn
|turn|7
|inactive|Jasondddd has 30 seconds left.
|
|t:|1754428295
|move|p1a: Basculegion|Flip Turn|p2a: Incineroar
|-supereffective|p2a: Incineroar
|-damage|p2a: Incineroar|29/100
|
|t:|1754428299
|switch|p1a: Electabuzz|Electabuzz, L50, M, tera:Dragon|26/100|[from] Flip Turn
|-status|p1a: Electabuzz|psn
|move|p2b: Annihilape|Drain Punch|p1b: Kingambit
|-supereffective|p1b: Kingambit
|-damage|p1b: Kingambit|0 fnt
|faint|p1b: Kingambit
|move|p2a: Incineroar|Flare Blitz|p1a: Electabuzz
|-resisted|p1a: Electabuzz
|-damage|p1a: Electabuzz|7/100 psn
|-damage|p2a: Incineroar|24/100|[from] Recoil
|
|-heal|p1a: Electabuzz|14/100 psn|[from] Grassy Terrain
|-heal|p2a: Incineroar|30/100|[from] Grassy Terrain
|-damage|p1a: Electabuzz|1/100 psn|[from] psn
|upkeep
|
|t:|1754428317
|switch|p1b: Basculegion|Basculegion, L50, M|28/100 psn
|turn|8
|
|t:|1754428323
|move|p2b: Annihilape|Protect|p2b: Annihilape
|-singleturn|p2b: Annihilape|Protect
|move|p1b: Basculegion|Wave Crash|p2a: Incineroar
|-supereffective|p2a: Incineroar
|-damage|p2a: Incineroar|0 fnt
|faint|p2a: Incineroar
|-damage|p1b: Basculegion|18/100 psn|[from] Recoil
|move|p1a: Electabuzz|Thunderbolt|p2b: Annihilape
|-activate|p2b: Annihilape|move: Protect
|
|-heal|p1b: Basculegion|24/100 psn|[from] Grassy Terrain
|-heal|p1a: Electabuzz|7/100 psn|[from] Grassy Terrain
|-damage|p1b: Basculegion|12/100 psn|[from] psn
|-damage|p1a: Electabuzz|0 fnt|[from] psn
|faint|p1a: Electabuzz
|-fieldend|move: Grassy Terrain
|upkeep
|
|t:|1754428327
|switch|p2a: Rillaboom|Rillaboom, L50, M, shiny|100/100
|-fieldstart|move: Grassy Terrain|[from] ability: Grassy Surge|[of] p2a: Rillaboom
|turn|9
|c|☆Jasondddd|Gg
|c|☆Fraudapagos|ggwp
|c|☆Jasondddd|Always right about my king gambit LoL
|inactive|Jasondddd has 30 seconds left.
|
|t:|1754428353
|move|p2a: Rillaboom|Grassy Glide|p1b: Basculegion
|-supereffective|p1b: Basculegion
|-crit|p1b: Basculegion
|-damage|p1b: Basculegion|0 fnt
|faint|p1b: Basculegion
|
|win|Fraudapagos
|raw|Jasondddd's rating: 1251 → 1226(-25 for losing)
|raw|Fraudapagos's rating: 1256 → 1281(+25 for winning)
|c|☆Fraudapagos|had to risk it there
