|j|☆rojas32
|j|☆mikelpoyarzabal
|html|rojas32mikelpoyarzabal    
|uhtml|bestof|Game 3 of a best-of-3
|t:|1785173508
|gametype|doubles
|player|p1|rojas32|1|1455
|player|p2|mikelpoyarzabal|arven-s|1381
|gen|9
|tier|[Gen 9 Champions] VGC 2026 Reg M-B (Bo3)
|rated|
|rule|Species Clause: Limit one of each Pokémon
|rule|Item Clause: Limit 1 of each item
|clearpoke
|poke|p1|Charizard, L50, M|
|poke|p1|Aerodactyl, L50, M|
|poke|p1|Sylveon, L50, F|
|poke|p1|Kingambit, L50, M|
|poke|p1|Farigiraf, L50, F|
|poke|p1|Garchomp, L50, M|
|poke|p2|Tyranitar, L50, F|
|poke|p2|Excadrill, L50, M|
|poke|p2|Gholdengo, L50|
|poke|p2|Milotic, L50, F|
|poke|p2|Sinistcha, L50|
|poke|p2|Staraptor, L50, M|
|teampreview|4
|showteam|p1|Charizard||CharizarditeY|Blaze|WeatherBall,HeatWave,SolarBeam,Protect|Modest||M|||50|]Aerodactyl||Aerodactylite|Unnerve|RockSlide,DualWingbeat,IceFang,Tailwind|Jolly||M|||50|]Sylveon||FairyFeather|Pixilate|Detect,QuickAttack,HyperBeam,HyperVoice|Modest||F|||50|]Kingambit||FocusSash|Defiant|IronHead,LowKick,KowtowCleave,SuckerPunch|Adamant||M|||50|]Farigiraf||SitrusBerry|ArmorTail|PsychicFangs,Thunderbolt,SunnyDay,TrickRoom|Relaxed||F|||50|]Garchomp||LifeOrb|RoughSkin|Protect,DragonClaw,StompingTantrum,Earthquake|Jolly||M|||50|
|showteam|p2|Tyranitar||Tyranitarite|SandStream|RockSlide,KnockOff,LowKick,Protect|Jolly||F|||50|]Excadrill||FocusSash|SandRush|HighHorsepower,IronHead,RockSlide,Protect|Adamant||M|||50|]Gholdengo||LifeOrb|GoodasGold|ShadowBall,MakeItRain,NastyPlot,Protect|Modest|||||50|]Milotic||SitrusBerry|Competitive|Scald,IceBeam,IcyWind,Protect|Calm||F|||50|]Sinistcha||ColburBerry|Hospitality|MatchaGotcha,ShadowBall,RagePowder,Protect|Bold|||||50|]Staraptor||Staraptite|Intimidate|BraveBird,CloseCombat,Tailwind,Protect|Jolly||M|||50|
|inactive|Battle timer is ON: inactive players will automatically lose when time's up. (requested by mikelpoyarzabal)
|inactive|rojas32 has 60 seconds left.
|inactive|mikelpoyarzabal has 60 seconds left.
|
|t:|1785173546
|teamsize|p1|4
|teamsize|p2|4
|start
|switch|p1a: Charizard|Charizard, L50, M|100/100
|switch|p1b: Kingambit|Kingambit, L50, M|100/100
|switch|p2a: Milotic|Milotic, L50, F|100/100
|switch|p2b: Gholdengo|Gholdengo, L50|100/100
|turn|1
|
|t:|1785173568
|detailschange|p1a: Charizard|Charizard-Mega-Y, L50, M
|-mega|p1a: Charizard|Charizard|Charizardite Y
|-weather|SunnyDay|[from] ability: Drought|[of] p1a: Charizard
|move|p2b: Gholdengo|Shadow Ball|p1a: Charizard
|-damage|p1a: Charizard|54/100
|-damage|p2b: Gholdengo|90/100|[from] item: Life Orb
|move|p1a: Charizard|Solar Beam||[still]
|-prepare|p1a: Charizard|Solar Beam
|-anim|p1a: Charizard|Solar Beam|p2a: Milotic
|-supereffective|p2a: Milotic|1
|-damage|p2a: Milotic|41/100
|-enditem|p2a: Milotic|Sitrus Berry|[eat]
|-heal|p2a: Milotic|66/100|[from] item: Sitrus Berry
|move|p2a: Milotic|Scald|p1b: Kingambit
|-damage|p1b: Kingambit|82/100
|move|p1b: Kingambit|Kowtow Cleave|p2a: Milotic
|-damage|p2a: Milotic|21/100
|
|-weather|SunnyDay|[upkeep]
|upkeep
|turn|2
|inactive|mikelpoyarzabal has 30 seconds left.
|
|t:|1785173595
|switch|p1a: Garchomp|Garchomp, L50, M|100/100
|switch|p2a: Tyranitar|Tyranitar, L50, F|100/100
|-weather|Sandstorm|[from] ability: Sand Stream|[of] p2a: Tyranitar
|move|p2b: Gholdengo|Protect|p2b: Gholdengo
|-singleturn|p2b: Gholdengo|Protect
|move|p1b: Kingambit|Low Kick|p2b: Gholdengo
|-activate|p2b: Gholdengo|move: Protect
|
|-weather|Sandstorm|[upkeep]
|upkeep
|turn|3
|inactive|rojas32 has 30 seconds left.
|
|t:|1785173628
|switch|p2b: Staraptor|Staraptor, L50, M|100/100
|-ability|p2b: Staraptor|Intimidate|boost
|-unboost|p1a: Garchomp|atk|1
|-unboost|p1b: Kingambit|atk|1
|-ability|p1b: Kingambit|Defiant|boost
|-boost|p1b: Kingambit|atk|2
|switch|p1b: Charizard|Charizard-Mega-Y, L50, M|54/100
|-weather|SunnyDay|[from] ability: Drought|[of] p1b: Charizard
|move|p1a: Garchomp|Earthquake|p2a: Tyranitar|[spread] p2a
|-immune|p1b: Charizard
|-immune|p2b: Staraptor
|-supereffective|p2a: Tyranitar|1
|-damage|p2a: Tyranitar|36/100
|-damage|p1a: Garchomp|90/100|[from] item: Life Orb
|move|p2a: Tyranitar|Low Kick|p1b: Charizard
|-resisted|p1b: Charizard|1
|-damage|p1b: Charizard|38/100
|
|-weather|SunnyDay|[upkeep]
|upkeep
|turn|4
|inactive|rojas32 has 30 seconds left.
|inactive|rojas32 has 20 seconds left.
|
|t:|1785173667
|switch|p1b: Sylveon|Sylveon, L50, F|100/100
|detailschange|p2b: Staraptor|Staraptor-Mega, L50, M
|-mega|p2b: Staraptor|Staraptor|Staraptite
|move|p2b: Staraptor|Tailwind|p2b: Staraptor
|-sidestart|p2: mikelpoyarzabal|move: Tailwind
|move|p2a: Tyranitar|Knock Off|p1a: Garchomp
|-damage|p1a: Garchomp|41/100
|-damage|p2a: Tyranitar|23/100|[from] ability: Rough Skin|[of] p1a: Garchomp
|-enditem|p1a: Garchomp|Life Orb|[from] move: Knock Off|[of] p2a: Tyranitar
|move|p1a: Garchomp|Stomping Tantrum|p2a: Tyranitar
|-supereffective|p2a: Tyranitar|1
|-damage|p2a: Tyranitar|0 fnt
|faint|p2a: Tyranitar
|
|-weather|SunnyDay|[upkeep]
|upkeep
|
|t:|1785173679
|switch|p2a: Gholdengo|Gholdengo, L50|90/100
|turn|5
|
|t:|1785173702
|move|p2b: Staraptor|Close Combat|p1a: Garchomp
|-damage|p1a: Garchomp|0 fnt
|-boost|p2b: Staraptor|def|1
|-boost|p2b: Staraptor|spd|1
|-damage|p2b: Staraptor|87/100|[from] ability: Rough Skin|[of] p1a: Garchomp
|faint|p1a: Garchomp
|move|p2a: Gholdengo|Nasty Plot|p2a: Gholdengo
|-boost|p2a: Gholdengo|spa|2
|move|p1b: Sylveon|Hyper Voice|p2a: Gholdengo|[spread] p2a,p2b
|-resisted|p2a: Gholdengo|1
|-supereffective|p2b: Staraptor|1
|-damage|p2a: Gholdengo|65/100
|-damage|p2b: Staraptor|15/100
|
|-weather|SunnyDay|[upkeep]
|upkeep
|
|t:|1785173716
|switch|p1a: Kingambit|Kingambit, L50, M|82/100
|turn|6
|
|t:|1785173738
|move|p1b: Sylveon|Quick Attack|p2b: Staraptor
|-supereffective|p2b: Staraptor|1
|-damage|p2b: Staraptor|0 fnt
|faint|p2b: Staraptor
|move|p2a: Gholdengo|Make It Rain|p1a: Kingambit|[spread] p1a,p1b
|-resisted|p1a: Kingambit|1
|-supereffective|p1b: Sylveon|1
|-damage|p1a: Kingambit|5/100
|-damage|p1b: Sylveon|0 fnt
|-unboost|p2a: Gholdengo|spa|2
|faint|p1b: Sylveon
|-damage|p2a: Gholdengo|55/100|[from] item: Life Orb
|move|p1a: Kingambit|Kowtow Cleave|p2a: Gholdengo
|-supereffective|p2a: Gholdengo|1
|-damage|p2a: Gholdengo|0 fnt
|faint|p2a: Gholdengo
|
|-weather|SunnyDay|[upkeep]
|upkeep
|-message|mikelpoyarzabal forfeited.
|
|win|rojas32
|raw|rojas32's rating: 1455 → 1471(+16 for winning)
|raw|mikelpoyarzabal's rating: 1381 → 1365(-16 for losing)
