|j|☆T-Soro
|j|☆Refanner
|html|T-SoroRefanner    
|uhtml|bestof|Game 1 of a best-of-3
|t:|1756199884
|gametype|doubles
|player|p1|T-Soro|buck|1086
|player|p2|Refanner|1|1030
|gen|9
|tier|[Gen 9] VGC 2025 Reg H (Bo3)
|rated|
|rule|Species Clause: Limit one of each Pokémon
|rule|Item Clause: Limit 1 of each item
|clearpoke
|poke|p1|Primarina, L50, F|
|poke|p1|Garchomp, L50, F|
|poke|p1|Gholdengo, L50|
|poke|p1|Talonflame, L50, M|
|poke|p1|Tyranitar, L50, M|
|poke|p1|Amoonguss, L50, F|
|poke|p2|Ursaluna-Bloodmoon, L50, M|
|poke|p2|Amoonguss, L50, M|
|poke|p2|Farigiraf, L50, F|
|poke|p2|Dragapult, L50, F|
|poke|p2|Incineroar, L50, F|
|poke|p2|Talonflame, L50, F|
|teampreview|4
|showteam|p1|Primarina||ThroatSpray|LiquidVoice|HyperVoice,Moonblast,Protect,Haze|||F|||50|,,,,,Steel]Garchomp||LifeOrb|RoughSkin|Earthquake,RockSlide,DragonClaw,Protect|||F|||50|,,,,,Fire]Gholdengo||Leftovers|GoodasGold|MakeItRain,ShadowBall,NastyPlot,Protect||||||50|,,,,,Flying]Talonflame||CovertCloak|GaleWings|BraveBird,Tailwind,WillOWisp,Taunt|||M|||50|,,,,,Flying]Tyranitar||AssaultVest|SandStream|RockSlide,KnockOff,LowKick,IcePunch|||M|||50|,,,,,Flying]Amoonguss||SitrusBerry|Regenerator|Spore,RagePowder,PollenPuff,Protect|||F|||50|,,,,,Water
|showteam|p2|Ursaluna-Bloodmoon||AssaultVest|MindsEye|EarthPower,HyperVoice,VacuumWave,BloodMoon|||M|||50|,,,,,Dragon]Amoonguss||SitrusBerry|Regenerator|PollenPuff,RagePowder,Protect,Spore|||M|||50|,,,,,Water]Farigiraf||ThroatSpray|ArmorTail|HyperVoice,Psychic,TrickRoom,Protect|||F|||50|,,,,,Fairy]Dragapult||ChoiceBand|ClearBody|DragonDarts,PhantomForce,Uturn,SuckerPunch|||F|||50|,,,,,Dragon]Incineroar||SafetyGoggles|Intimidate|KnockOff,FakeOut,PartingShot,WillOWisp|||F|||50|,,,,,Ghost]Talonflame||CovertCloak|GaleWings|DualWingbeat,FlareBlitz,Tailwind,Taunt|||F|||50|,,,,,Flying
|
|t:|1756199920
|teamsize|p1|4
|teamsize|p2|4
|start
|switch|p1a: Talonflame|Talonflame, L50, M|100/100
|switch|p1b: Tyranitar|Tyranitar, L50, M|100/100
|switch|p2a: Incineroar|Incineroar, L50, F|100/100
|switch|p2b: Farigiraf|Farigiraf, L50, F|100/100
|-ability|p2a: Incineroar|Intimidate|boost
|-unboost|p1a: Talonflame|atk|1
|-unboost|p1b: Tyranitar|atk|1
|-weather|Sandstorm|[from] ability: Sand Stream|[of] p1b: Tyranitar
|turn|1
|
|t:|1756199932
|move|p2a: Incineroar|Fake Out|p1b: Tyranitar
|-resisted|p1b: Tyranitar
|-damage|p1b: Tyranitar|96/100
|move|p1a: Talonflame|Taunt|p2b: Farigiraf
|-start|p2b: Farigiraf|move: Taunt
|cant|p1b: Tyranitar|flinch
|cant|p2b: Farigiraf|move: Taunt|Trick Room
|
|-weather|Sandstorm|[upkeep]
|-damage|p1a: Talonflame|94/100|[from] Sandstorm
|-damage|p2b: Farigiraf|94/100|[from] Sandstorm
|upkeep
|turn|2
|
|t:|1756199956
|move|p1a: Talonflame|Tailwind|p1a: Talonflame
|-sidestart|p1: T-Soro|move: Tailwind
|move|p1b: Tyranitar|Knock Off|p2b: Farigiraf
|-supereffective|p2b: Farigiraf
|-damage|p2b: Farigiraf|37/100
|-enditem|p2b: Farigiraf|Throat Spray|[from] move: Knock Off|[of] p1b: Tyranitar
|move|p2a: Incineroar|Will-O-Wisp|p1b: Tyranitar
|-status|p1b: Tyranitar|brn
|move|p2b: Farigiraf|Hyper Voice|p1a: Talonflame|[spread] p1a,p1b
|-resisted|p1b: Tyranitar
|-damage|p1a: Talonflame|52/100
|-damage|p1b: Tyranitar|92/100 brn
|
|-weather|Sandstorm|[upkeep]
|-damage|p1a: Talonflame|46/100|[from] Sandstorm
|-damage|p2b: Farigiraf|31/100|[from] Sandstorm
|-damage|p1b: Tyranitar|86/100 brn|[from] brn
|upkeep
|turn|3
|
|t:|1756199986
|switch|p1a: Primarina|Primarina, L50, F|100/100
|move|p1b: Tyranitar|Rock Slide|p2a: Incineroar|[spread] p2a
|-miss|p1b: Tyranitar|p2b: Farigiraf
|-supereffective|p2a: Incineroar
|-damage|p2a: Incineroar|87/100
|move|p2a: Incineroar|Parting Shot|p1b: Tyranitar
|-unboost|p1b: Tyranitar|atk|1
|-unboost|p1b: Tyranitar|spa|1
|
|t:|1756199997
|switch|p2a: Ursaluna|Ursaluna-Bloodmoon, L50, M|100/100|[from] Parting Shot
|move|p2b: Farigiraf|Hyper Voice|p1b: Tyranitar|[spread] p1a,p1b
|-resisted|p1b: Tyranitar
|-damage|p1a: Primarina|75/100
|-damage|p1b: Tyranitar|81/100 brn
|
|-weather|Sandstorm|[upkeep]
|-damage|p1a: Primarina|69/100|[from] Sandstorm
|-damage|p2b: Farigiraf|24/100|[from] Sandstorm
|-damage|p1b: Tyranitar|75/100 brn|[from] brn
|-end|p2b: Farigiraf|move: Taunt
|upkeep
|turn|4
|
|t:|1756200020
|-terastallize|p1a: Primarina|Steel
|move|p1b: Tyranitar|Low Kick|p2a: Ursaluna
|-supereffective|p2a: Ursaluna
|-damage|p2a: Ursaluna|86/100
|move|p1a: Primarina|Hyper Voice|p2b: Farigiraf|[spread] p2a,p2b
|-supereffective|p2a: Ursaluna
|-damage|p2a: Ursaluna|41/100
|-damage|p2b: Farigiraf|0 fnt
|faint|p2b: Farigiraf
|-enditem|p1a: Primarina|Throat Spray
|-boost|p1a: Primarina|spa|1|[from] item: Throat Spray
|move|p2a: Ursaluna|Blood Moon|p1a: Primarina
|-resisted|p1a: Primarina
|-damage|p1a: Primarina|34/100
|
|-weather|Sandstorm|[upkeep]
|-damage|p1b: Tyranitar|70/100 brn|[from] brn
|upkeep
|
|t:|1756200027
|switch|p2b: Amoonguss|Amoonguss, L50, M|100/100
|turn|5
|
|t:|1756200076
|switch|p1b: Talonflame|Talonflame, L50, M|46/100
|-terastallize|p2a: Ursaluna|Dragon
|move|p1a: Primarina|Hyper Voice|p2b: Amoonguss|[spread] p2a,p2b
|-resisted|p2a: Ursaluna
|-resisted|p2b: Amoonguss
|-damage|p2a: Ursaluna|24/100
|-damage|p2b: Amoonguss|81/100
|move|p2a: Ursaluna|Earth Power|p1a: Primarina
|-supereffective|p1a: Primarina
|-damage|p1a: Primarina|0 fnt
|faint|p1a: Primarina
|move|p2b: Amoonguss|Pollen Puff|p2a: Ursaluna
|-heal|p2a: Ursaluna|74/100
|
|-weather|none
|-sideend|p1: T-Soro|move: Tailwind
|upkeep
|
|t:|1756200087
|switch|p1a: Gholdengo|Gholdengo, L50|100/100
|turn|6
|
|t:|1756200114
|move|p2b: Amoonguss|Rage Powder|p2b: Amoonguss
|-singleturn|p2b: Amoonguss|move: Rage Powder
|move|p1b: Talonflame|Brave Bird|p2b: Amoonguss
|-supereffective|p2b: Amoonguss
|-damage|p2b: Amoonguss|15/100
|-enditem|p2b: Amoonguss|Sitrus Berry|[eat]
|-heal|p2b: Amoonguss|40/100|[from] item: Sitrus Berry
|-damage|p1b: Talonflame|19/100|[from] Recoil
|move|p1a: Gholdengo|Make It Rain|p2a: Ursaluna|[spread] p2a,p2b
|-damage|p2a: Ursaluna|34/100
|-damage|p2b: Amoonguss|0 fnt
|-unboost|p1a: Gholdengo|spa|1
|faint|p2b: Amoonguss
|move|p2a: Ursaluna|Earth Power|p1a: Gholdengo
|-supereffective|p1a: Gholdengo
|-damage|p1a: Gholdengo|0 fnt
|faint|p1a: Gholdengo
|
|upkeep
|
|t:|1756200128
|switch|p1a: Tyranitar|Tyranitar, L50, M|70/100 brn
|switch|p2b: Incineroar|Incineroar, L50, F|87/100
|-ability|p2b: Incineroar|Intimidate|boost
|-unboost|p1a: Tyranitar|atk|1
|-unboost|p1b: Talonflame|atk|1
|-weather|Sandstorm|[from] ability: Sand Stream|[of] p1a: Tyranitar
|turn|7
|
|t:|1756200149
|move|p2b: Incineroar|Fake Out|p1a: Tyranitar
|-resisted|p1a: Tyranitar
|-damage|p1a: Tyranitar|66/100 brn
|move|p1b: Talonflame|Brave Bird|p2a: Ursaluna
|-damage|p2a: Ursaluna|14/100
|-damage|p1b: Talonflame|12/100|[from] Recoil
|cant|p1a: Tyranitar|flinch
|move|p2a: Ursaluna|Hyper Voice|p1a: Tyranitar|[spread] p1a,p1b
|-resisted|p1a: Tyranitar
|-crit|p1b: Talonflame
|-damage|p1a: Tyranitar|60/100 brn
|-damage|p1b: Talonflame|0 fnt
|faint|p1b: Talonflame
|
|-weather|Sandstorm|[upkeep]
|-damage|p2a: Ursaluna|8/100|[from] Sandstorm
|-damage|p1a: Tyranitar|54/100 brn|[from] brn
|upkeep
|turn|8
|
|t:|1756200169
|move|p2a: Ursaluna|Vacuum Wave|p1a: Tyranitar
|-supereffective|p1a: Tyranitar
|-damage|p1a: Tyranitar|35/100 brn
|move|p2b: Incineroar|Knock Off|p1a: Tyranitar
|-resisted|p1a: Tyranitar
|-damage|p1a: Tyranitar|20/100 brn
|-enditem|p1a: Tyranitar|Assault Vest|[from] move: Knock Off|[of] p2b: Incineroar
|move|p1a: Tyranitar|Ice Punch|p2a: Ursaluna
|-supereffective|p2a: Ursaluna
|-damage|p2a: Ursaluna|0 fnt
|faint|p2a: Ursaluna
|
|-weather|Sandstorm|[upkeep]
|-damage|p1a: Tyranitar|14/100 brn|[from] brn
|upkeep
|turn|9
|
|t:|1756200182
|move|p2b: Incineroar|Knock Off|p1a: Tyranitar
|-resisted|p1a: Tyranitar
|-damage|p1a: Tyranitar|4/100 brn
|move|p1a: Tyranitar|Rock Slide|p2b: Incineroar
|-supereffective|p2b: Incineroar
|-damage|p2b: Incineroar|68/100
|
|-weather|Sandstorm|[upkeep]
|-damage|p1a: Tyranitar|0 fnt|[from] brn
|faint|p1a: Tyranitar
|
|win|Refanner
||Refanner is ready for game 2.
||T-Soro is ready for game 2.
|uhtml|next|Next: Game 2 of 3
|l|☆T-Soro
|player|p1|
