|j|☆puli95
|j|☆Chandeliere
|html|puli95Chandeliere    
|uhtml|bestof|Game 2 of a best-of-3
|t:|1756690096
|gametype|doubles
|player|p1|puli95|170|1111
|player|p2|Chandeliere|ethan|1231
|gen|9
|tier|[Gen 9] VGC 2025 Reg H (Bo3)
|rated|
|rule|Species Clause: Limit one of each Pokémon
|rule|Item Clause: Limit 1 of each item
|clearpoke
|poke|p1|Drifblim, L50, F|
|poke|p1|Sneasler, L50, F|
|poke|p1|Incineroar, L50, M|
|poke|p1|Dragonite, L50, M|
|poke|p1|Serperior, L50, F|
|poke|p1|Smeargle, L50, F|
|poke|p2|Ninetales-Alola, L50, F|
|poke|p2|Gholdengo, L50|
|poke|p2|Garchomp, L50, M|
|poke|p2|Incineroar, L50, F|
|poke|p2|Sneasler, L50, F|
|poke|p2|Corviknight, L50, F|
|teampreview|4
|showteam|p1|Drifblim||FlameOrb|FlareBoost|ShadowBall,AirSlash,Trick,Protect|||F|||50|,,,,,Ghost]Sneasler||WhiteHerb|Unburden|CloseCombat,DireClaw,ThroatChop,Protect|||F|||50|,,,,,Dark]Incineroar||SafetyGoggles|Intimidate|KnockOff,FlareBlitz,FakeOut,PartingShot|||M|||50|,,,,,Bug]Dragonite||LoadedDice|InnerFocus|ScaleShot,ExtremeSpeed,Haze,Protect|||M|||50|,,,,,Normal]Serperior||AssaultVest|Contrary|LeafStorm,DragonPulse,TeraBlast,GrassKnot|||F|||50|,,,,,Fire]Smeargle||FocusSash|Moody|FakeOut,FollowMe,Spore,SpikyShield|||F|||50|,,,,,Dark
|showteam|p2|Ninetales-Alola||LightClay|SnowWarning|AuroraVeil,Blizzard,FreezeDry,Protect|||F|||50|,,,,,Ghost]Gholdengo||LifeOrb|GoodasGold|MakeItRain,ShadowBall,NastyPlot,Protect||||||50|,,,,,Water]Garchomp||ClearAmulet|RoughSkin|Earthquake,StompingTantrum,DragonClaw,Protect|||M|||50|,,,,,Ground]Incineroar||SafetyGoggles|Intimidate|FakeOut,KnockOff,FlareBlitz,PartingShot|||F|||50|,,,,,Ghost]Sneasler||WhiteHerb|Unburden|Coaching,CloseCombat,DireClaw,Protect|||F|||50|,,,,,Ghost]Corviknight||SitrusBerry|MirrorArmor|BodyPress,BraveBird,Tailwind,Protect|||F|||50|,,,,,Fire
|inactive|Battle timer is ON: inactive players will automatically lose when time's up. (requested by Chandeliere)
|
|t:|1756690116
|teamsize|p1|4
|teamsize|p2|4
|start
|switch|p1a: Sneasler|Sneasler, L50, F|100/100
|switch|p1b: Incineroar|Incineroar, L50, M|100/100
|switch|p2a: Sneasler|Sneasler, L50, F|100/100
|switch|p2b: Garchomp|Garchomp, L50, M|100/100
|-ability|p1b: Incineroar|Intimidate|boost
|-unboost|p2a: Sneasler|atk|1
|-fail|p2b: Garchomp|unboost|[from] item: Clear Amulet|[of] p2b: Garchomp
|-enditem|p2a: Sneasler|White Herb
|-clearnegativeboost|p2a: Sneasler|[silent]
|turn|1
|inactive|puli95 has 30 seconds left.
|
|t:|1756690149
|-terastallize|p1b: Incineroar|Bug
|move|p2b: Garchomp|Protect|p2b: Garchomp
|-singleturn|p2b: Garchomp|Protect
|move|p2a: Sneasler|Coaching|p2b: Garchomp
|-boost|p2b: Garchomp|atk|1
|-boost|p2b: Garchomp|def|1
|move|p1a: Sneasler|Dire Claw|p2b: Garchomp
|-activate|p2b: Garchomp|move: Protect
|move|p1b: Incineroar|Parting Shot|p2a: Sneasler
|-unboost|p2a: Sneasler|atk|1
|-unboost|p2a: Sneasler|spa|1
|
|t:|1756690167
|switch|p1b: Smeargle|Smeargle, L50, F|100/100|[from] Parting Shot
|
|-ability|p1b: Smeargle|Moody|boost
|-boost|p1b: Smeargle|spd|2
|-unboost|p1b: Smeargle|spa|1
|upkeep
|turn|2
|
|t:|1756690183
|move|p2a: Sneasler|Coaching|p2b: Garchomp
|-boost|p2b: Garchomp|atk|1
|-boost|p2b: Garchomp|def|1
|move|p1a: Sneasler|Dire Claw|p2b: Garchomp
|-resisted|p2b: Garchomp
|-damage|p2b: Garchomp|89/100
|-damage|p1a: Sneasler|88/100|[from] ability: Rough Skin|[of] p2b: Garchomp
|move|p2b: Garchomp|Stomping Tantrum|p1a: Sneasler
|-supereffective|p1a: Sneasler
|-damage|p1a: Sneasler|0 fnt
|faint|p1a: Sneasler
|move|p1b: Smeargle|Spore|p2b: Garchomp
|-status|p2b: Garchomp|slp|[from] move: Spore
|
|-ability|p1b: Smeargle|Moody|boost
|-boost|p1b: Smeargle|spd|2
|-unboost|p1b: Smeargle|def|1
|upkeep
|
|t:|1756690202
|switch|p1a: Dragonite|Dragonite, L50, M|100/100
|turn|3
|inactive|Chandeliere has 30 seconds left.
|
|t:|1756690231
|switch|p2a: Gholdengo|Gholdengo, L50|100/100
|switch|p1b: Incineroar|Incineroar, L50, M, tera:Bug|100/100
|-ability|p1b: Incineroar|Intimidate|boost
|-unboost|p2a: Gholdengo|atk|1
|-fail|p2b: Garchomp|unboost|[from] item: Clear Amulet|[of] p2b: Garchomp
|cant|p2b: Garchomp|slp
|move|p1a: Dragonite|Scale Shot|p2b: Garchomp
|-supereffective|p2b: Garchomp
|-damage|p2b: Garchomp|72/100 slp
|-supereffective|p2b: Garchomp
|-damage|p2b: Garchomp|58/100 slp
|-supereffective|p2b: Garchomp
|-damage|p2b: Garchomp|42/100 slp
|-supereffective|p2b: Garchomp
|-damage|p2b: Garchomp|25/100 slp
|-hitcount|p2b: Garchomp|4
|-unboost|p1a: Dragonite|def|1
|-boost|p1a: Dragonite|spe|1
|
|upkeep
|turn|4
|inactive|Chandeliere has 30 seconds left.
|
|t:|1756690268
|switch|p2a: Incineroar|Incineroar, L50, F|100/100
|-ability|p2a: Incineroar|Intimidate|boost
|-fail|p1a: Dragonite|unboost|Attack|[from] ability: Inner Focus|[of] p1a: Dragonite
|-unboost|p1b: Incineroar|atk|1
|-curestatus|p2b: Garchomp|slp|[msg]
|move|p2b: Garchomp|Protect|p2b: Garchomp
|-singleturn|p2b: Garchomp|Protect
|move|p1a: Dragonite|Scale Shot|p2b: Garchomp
|-activate|p2b: Garchomp|move: Protect
|move|p1b: Incineroar|Knock Off|p2a: Incineroar
|-resisted|p2a: Incineroar
|-damage|p2a: Incineroar|90/100
|-enditem|p2a: Incineroar|Safety Goggles|[from] move: Knock Off|[of] p1b: Incineroar
|
|upkeep
|turn|5
|inactive|puli95 has 30 seconds left.
|inactive|Chandeliere has 30 seconds left.
|inactive|puli95 has 20 seconds left.
|inactive|Chandeliere has 20 seconds left.
|inactive|puli95 has 15 seconds left.
|inactive|Chandeliere has 15 seconds left.
|inactive|puli95 has 10 seconds left.
|inactive|puli95 has 5 seconds left.
|
|t:|1756690323
|move|p2b: Garchomp|Protect||[still]
|-fail|p2b: Garchomp
|move|p1a: Dragonite|Extreme Speed|p2b: Garchomp
|-damage|p2b: Garchomp|10/100
|-damage|p1a: Dragonite|88/100|[from] ability: Rough Skin|[of] p2b: Garchomp
|move|p2a: Incineroar|Knock Off|p1a: Dragonite
|-damage|p1a: Dragonite|34/100
|-enditem|p1a: Dragonite|Loaded Dice|[from] move: Knock Off|[of] p2a: Incineroar
|move|p1b: Incineroar|Parting Shot|p2a: Incineroar
|-unboost|p2a: Incineroar|atk|1
|-unboost|p2a: Incineroar|spa|1
|
|t:|1756690334
|switch|p1b: Smeargle|Smeargle, L50, F|100/100|[from] Parting Shot
|
|-ability|p1b: Smeargle|Moody|boost
|-boost|p1b: Smeargle|atk|2
|-unboost|p1b: Smeargle|spd|1
|upkeep
|turn|6
|
|t:|1756690347
|move|p2b: Garchomp|Protect|p2b: Garchomp
|-singleturn|p2b: Garchomp|Protect
|move|p1b: Smeargle|Fake Out|p2a: Incineroar
|-damage|p2a: Incineroar|83/100
|move|p1a: Dragonite|Extreme Speed|p2b: Garchomp
|-activate|p2b: Garchomp|move: Protect
|cant|p2a: Incineroar|flinch
|
|-ability|p1b: Smeargle|Moody|boost
|-boost|p1b: Smeargle|def|2
|-unboost|p1b: Smeargle|spd|1
|upkeep
|turn|7
|
|t:|1756690369
|switch|p2b: Gholdengo|Gholdengo, L50|100/100
|move|p1a: Dragonite|Extreme Speed|p2b: Gholdengo
|-immune|p2b: Gholdengo
|move|p1b: Smeargle|Spore|p2a: Incineroar
|-status|p2a: Incineroar|slp|[from] move: Spore
|cant|p2a: Incineroar|slp
|
|-ability|p1b: Smeargle|Moody|boost
|-boost|p1b: Smeargle|atk|2
|-unboost|p1b: Smeargle|spd|1
|upkeep
|turn|8
|inactive|puli95 has 30 seconds left.
|inactive|Chandeliere has 30 seconds left.
|
|t:|1756690398
|switch|p1a: Incineroar|Incineroar, L50, M, tera:Bug|100/100
|-ability|p1a: Incineroar|Intimidate|boost
|-unboost|p2a: Incineroar|atk|1
|-unboost|p2b: Gholdengo|atk|1
|move|p1b: Smeargle|Spiky Shield|p1b: Smeargle
|-singleturn|p1b: Smeargle|move: Protect
|move|p2b: Gholdengo|Make It Rain|p1b: Smeargle|[spread] p1a
|-activate|p1b: Smeargle|move: Protect
|-damage|p1a: Incineroar|51/100
|-unboost|p2b: Gholdengo|spa|1
|-damage|p2b: Gholdengo|91/100|[from] item: Life Orb
|cant|p2a: Incineroar|slp
|
|-ability|p1b: Smeargle|Moody|boost
|-boost|p1b: Smeargle|spe|2
|-unboost|p1b: Smeargle|def|1
|upkeep
|turn|9
|inactive|puli95 has 30 seconds left.
|
|t:|1756690426
|switch|p2b: Sneasler|Sneasler, L50, F|100/100
|move|p1b: Smeargle|Follow Me|p1b: Smeargle
|-singleturn|p1b: Smeargle|move: Follow Me
|move|p1a: Incineroar|Flare Blitz|p2b: Sneasler
|-damage|p2b: Sneasler|31/100
|-damage|p1a: Incineroar|33/100|[from] Recoil
|cant|p2a: Incineroar|slp
|
|-ability|p1b: Smeargle|Moody|boost
|-boost|p1b: Smeargle|spe|2
|-unboost|p1b: Smeargle|spd|1
|upkeep
|turn|10
|
|t:|1756690444
|switch|p1a: Dragonite|Dragonite, L50, M|34/100
|move|p1b: Smeargle|Follow Me|p1b: Smeargle
|-singleturn|p1b: Smeargle|move: Follow Me
|move|p2b: Sneasler|Close Combat|p1b: Smeargle
|-supereffective|p1b: Smeargle
|-enditem|p1b: Smeargle|Focus Sash
|-damage|p1b: Smeargle|1/100
|-unboost|p2b: Sneasler|def|1
|-unboost|p2b: Sneasler|spd|1
|-curestatus|p2a: Incineroar|slp|[msg]
|move|p2a: Incineroar|Flare Blitz|p1b: Smeargle
|-damage|p1b: Smeargle|0 fnt
|faint|p1b: Smeargle
|-damage|p2a: Incineroar|82/100|[from] Recoil
|
|upkeep
|
|t:|1756690459
|switch|p1b: Incineroar|Incineroar, L50, M, tera:Bug|33/100
|-ability|p1b: Incineroar|Intimidate|boost
|-unboost|p2a: Incineroar|atk|1
|-unboost|p2b: Sneasler|atk|1
|turn|11
|l|☆puli95
|inactive|puli95 disconnected and has a minute to reconnect!
|player|p1|
|inactive|puli95 has 30 seconds left.
|inactive|puli95 has 20 seconds left.
|inactive|puli95 has 15 seconds left.
|inactive|puli95 has 10 seconds left.
|inactive|puli95 has 5 seconds left.
|-message|puli95 lost due to inactivity.
|
|win|Chandeliere
|raw|puli95's rating: 1111 → 1094(-17 for losing)
|raw|Chandeliere's rating: 1231 → 1248(+17 for winning)
