|j|☆IngeVGC
|j|☆Capravolante97
|html|IngeVGCCapravolante97    
|uhtml|bestof|Game 1 of a best-of-3
|t:|1756330095
|gametype|doubles
|player|p1|IngeVGC|fisherman-gen4|1405
|player|p2|Capravolante97|fantina|1464
|gen|9
|tier|[Gen 9] VGC 2025 Reg H (Bo3)
|rated|
|rule|Species Clause: Limit one of each Pokémon
|rule|Item Clause: Limit 1 of each item
|clearpoke
|poke|p1|Kingambit, L50, F|
|poke|p1|Rillaboom, L50, M|
|poke|p1|Electabuzz, L50, M|
|poke|p1|Volcarona, L50, F|
|poke|p1|Sneasler, L50, F|
|poke|p1|Dragonite, L50, F|
|poke|p2|Whimsicott, L50, M|
|poke|p2|Meowscarada, L50, M|
|poke|p2|Indeedee, L50, M|
|poke|p2|Sneasler, L50, M|
|poke|p2|Ursaluna-Bloodmoon, L50, M|
|poke|p2|Archaludon, L50, M|
|teampreview|4
|showteam|p1|Kingambit||BlackGlasses|Defiant|Protect,KowtowCleave,SuckerPunch,SwordsDance|||F|||50|,,,,,Dark]Rillaboom||AssaultVest|GrassySurge|WoodHammer,GrassyGlide,HighHorsepower,FakeOut|||M|||50|,,,,,Fire]Electabuzz||Eviolite|VitalSpirit|Protect,Thunderbolt,HelpingHand,FollowMe|||M|||50|,,,,,Ghost]Volcarona||CovertCloak|FlameBody|Protect,HeatWave,TeraBlast,QuiverDance|||F|||50|,,,,,Fairy]Sneasler||FocusSash|Unburden|CloseCombat,DireClaw,Coaching,FakeOut|||F|||50|,,,,,Stellar]Dragonite||LoadedDice|Multiscale|ScaleShot,Haze,ExtremeSpeed,Protect|||F|||50|,,,,,Fairy
|showteam|p2|Whimsicott||CovertCloak|Prankster|Moonblast,Taunt,Tailwind,FakeTears|||M|||50|,,,,,Water]Meowscarada||ChoiceBand|Protean|FlowerTrick,TripleAxel,Uturn,KnockOff|||M|||50|,,,,,Ghost]Indeedee||FocusSash|PsychicSurge|ExpandingForce,TeraBlast,Imprison,TrickRoom|||M|||50|,,,,,Psychic]Sneasler||PsychicSeed|Unburden|CloseCombat,DireClaw,ThroatChop,Protect|||M|||50|,,,,,Dark]Ursaluna-Bloodmoon||LifeOrb|MindsEye|HyperVoice,BloodMoon,EarthPower,Protect|||M|||50|,,,,,Normal]Archaludon||PowerHerb|Stalwart|ElectroShot,DragonPulse,Thunderbolt,Protect|||M|||50|,,,,,Electric
|inactive|Battle timer is ON: inactive players will automatically lose when time's up. (requested by Capravolante97)
|inactive|IngeVGC has 60 seconds left.
|
|t:|1756330129
|teamsize|p1|4
|teamsize|p2|4
|start
|switch|p1a: Volcarona|Volcarona, L50, F|100/100
|switch|p1b: Snarf|Electabuzz, L50, M|100/100
|switch|p2a: Meowscarada|Meowscarada, L50, M|100/100
|switch|p2b: Archaludon|Archaludon, L50, M|100/100
|turn|1
|inactive|IngeVGC has 30 seconds left.
|inactive|Capravolante97 has 30 seconds left.
|inactive|Capravolante97 has 20 seconds left.
|
|t:|1756330165
|-terastallize|p2b: Archaludon|Electric
|move|p1b: Snarf|Helping Hand|p1a: Volcarona
|-singleturn|p1a: Volcarona|Helping Hand|[of] p1b: Snarf
|move|p2a: Meowscarada|Knock Off|p1b: Snarf
|-start|p2a: Meowscarada|typechange|Dark|[from] ability: Protean
|-damage|p1b: Snarf|52/100
|-enditem|p1b: Snarf|Eviolite|[from] move: Knock Off|[of] p2a: Meowscarada
|move|p2b: Archaludon|Electro Shot||[still]
|-prepare|p2b: Archaludon|Electro Shot
|-boost|p2b: Archaludon|spa|1
|-enditem|p2b: Archaludon|Power Herb
|-anim|p2b: Archaludon|Electro Shot|p1a: Volcarona
|-damage|p1a: Volcarona|9/100
|move|p1a: Volcarona|Heat Wave|p2b: Archaludon|[spread] p2a,p2b
|-damage|p2a: Meowscarada|18/100
|-damage|p2b: Archaludon|15/100
|
|upkeep
|turn|2
|inactive|Capravolante97 has 30 seconds left.
|
|t:|1756330191
|move|p1a: Volcarona|Protect|p1a: Volcarona
|-singleturn|p1a: Volcarona|Protect
|move|p2a: Meowscarada|Knock Off|p1a: Volcarona
|-activate|p1a: Volcarona|move: Protect
|move|p1b: Snarf|Thunderbolt|p2b: Archaludon
|-resisted|p2b: Archaludon
|-damage|p2b: Archaludon|0 fnt
|faint|p2b: Archaludon
|
|upkeep
|
|t:|1756330208
|switch|p2b: Indeedee|Indeedee, L50, M|100/100
|-fieldstart|move: Psychic Terrain|[from] ability: Psychic Surge|[of] p2b: Indeedee
|turn|3
|
|t:|1756330217
|switch|p2a: Sneasler|Sneasler, L50, M|100/100
|-enditem|p2a: Sneasler|Psychic Seed
|-boost|p2a: Sneasler|spd|1|[from] item: Psychic Seed
|switch|p1a: Kerchak|Rillaboom, L50, M|100/100
|-fieldstart|move: Grassy Terrain|[from] ability: Grassy Surge|[of] p1a: Kerchak
|move|p2b: Indeedee|Expanding Force|p1a: Kerchak
|-damage|p1a: Kerchak|75/100
|move|p1b: Snarf|Thunderbolt|p2a: Sneasler
|-damage|p2a: Sneasler|71/100
|
|-heal|p2a: Sneasler|77/100|[from] Grassy Terrain
|-heal|p1b: Snarf|58/100|[from] Grassy Terrain
|-heal|p1a: Kerchak|81/100|[from] Grassy Terrain
|upkeep
|turn|4
|inactive|IngeVGC has 30 seconds left.
|
|t:|1756330246
|move|p1b: Snarf|Follow Me|p1b: Snarf
|-singleturn|p1b: Snarf|move: Follow Me
|move|p2a: Sneasler|Dire Claw|p1b: Snarf
|-damage|p1b: Snarf|8/100
|move|p2b: Indeedee|Expanding Force|p1b: Snarf
|-damage|p1b: Snarf|0 fnt
|faint|p1b: Snarf
|move|p1a: Kerchak|High Horsepower|p2a: Sneasler
|-supereffective|p2a: Sneasler
|-damage|p2a: Sneasler|0 fnt
|faint|p2a: Sneasler
|
|-heal|p1a: Kerchak|87/100|[from] Grassy Terrain
|upkeep
|
|t:|1756330257
|switch|p2a: Meowscarada|Meowscarada, L50, M|18/100
|switch|p1b: Nobunaga|Kingambit, L50, F, shiny|100/100
|turn|5
|
|t:|1756330270
|move|p1b: Nobunaga|Sucker Punch|p2a: Meowscarada
|-resisted|p2a: Meowscarada
|-damage|p2a: Meowscarada|0 fnt
|faint|p2a: Meowscarada
|move|p2b: Indeedee|Tera Blast|p1b: Nobunaga
|-resisted|p1b: Nobunaga
|-damage|p1b: Nobunaga|82/100
|move|p1a: Kerchak|Wood Hammer|p2b: Indeedee
|-enditem|p2b: Indeedee|Focus Sash
|-damage|p2b: Indeedee|1/100
|-damage|p1a: Kerchak|65/100|[from] Recoil
|
|-heal|p2b: Indeedee|7/100|[from] Grassy Terrain
|-heal|p1a: Kerchak|71/100|[from] Grassy Terrain
|-heal|p1b: Nobunaga|87/100|[from] Grassy Terrain
|upkeep
|turn|6
|-message|Capravolante97 forfeited.
|
|win|IngeVGC
|l|☆Capravolante97
|player|p2|
||Capravolante97 is ready for game 2.
||IngeVGC is ready for game 2.
|uhtml|next|Next: Game 2 of 3
