|j|☆CrawlingKingSnake
|j|☆Darius Milkmaker
|html|CrawlingKingSnakeDarius Milkmaker    
|uhtml|bestof|Game 1 of a best-of-3
|t:|1785125571
|gametype|doubles
|player|p1|CrawlingKingSnake|kamado-armor|1182
|player|p2|Darius Milkmaker|170|1201
|gen|9
|tier|[Gen 9 Champions] VGC 2026 Reg M-B (Bo3)
|rated|
|rule|Species Clause: Limit one of each Pokémon
|rule|Item Clause: Limit 1 of each item
|clearpoke
|poke|p1|Floette-Eternal, L50, F|
|poke|p1|Palafin, L50, F, shiny|
|poke|p1|Incineroar, L50, F|
|poke|p1|Toxapex, L50, F|
|poke|p1|Delphox, L50, F|
|poke|p1|Kingambit, L50, M|
|poke|p2|Charizard, L50, M|
|poke|p2|Glimmora, L50, M|
|poke|p2|Whimsicott, L50, F|
|poke|p2|Kingambit, L50, M|
|poke|p2|Kommo-o, L50, M|
|poke|p2|Ninetales-Alola, L50, F|
|teampreview|4
|showteam|p1|Floette-Eternal||Floettite|FlowerVeil|DazzlingGleam,DrainingKiss,CalmMind,Protect|Modest||F|||50|]Palafin||LifeOrb|ZerotoHero|WaveCrash,JetPunch,CloseCombat,Protect|Adamant||F|||50|]Incineroar||SitrusBerry|Intimidate|FlareBlitz,FakeOut,DarkestLariat,PartingShot|Careful||F|||50|]Toxapex||Leftovers|Regenerator|Infestation,Toxic,WideGuard,BanefulBunker|Bold||F|||50|]Delphox||Delphoxite|Blaze|HeatWave,Psychic,NastyPlot,Protect|Timid||F|||50|]Kingambit||FocusSash|Defiant|KowtowCleave,SuckerPunch,IronHead,LowKick|Adamant||M|||50|
|showteam|p2|Charizard||CharizarditeY|Blaze|HeatWave,WeatherBall,SolarBeam,Protect|Modest||M|||50|]Glimmora||Glimmoranite|ToxicDebris|PowerGem,SludgeBomb,EarthPower,SpikyShield|Modest||M|||50|]Whimsicott||FocusSash|Prankster|Moonblast,Encore,Tailwind,Protect|Timid||F|||50|]Kingambit||BlackGlasses|Defiant|KowtowCleave,SuckerPunch,IronHead,Protect|Adamant||M|||50|]Kommo-o||LifeOrb|Soundproof|ClangingScales,AuraSphere,VacuumWave,Protect|Modest||M|||50|]Ninetales-Alola||NeverMeltIce|SnowWarning|Blizzard,FreezeDry,HelpingHand,Protect|Timid||F|||50|
|inactive|Battle timer is ON: inactive players will automatically lose when time's up. (requested by CrawlingKingSnake)
|inactive|CrawlingKingSnake has 60 seconds left.
|inactive|CrawlingKingSnake has 30 seconds left.
|inactive|CrawlingKingSnake has 20 seconds left.
|
|t:|1785125645
|teamsize|p1|4
|teamsize|p2|4
|start
|switch|p1a: Delphox|Delphox, L50, F|100/100
|switch|p1b: Palafin|Palafin, L50, F, shiny|100/100
|switch|p2a: Whimsicott|Whimsicott, L50, F|100/100
|switch|p2b: Kingambit|Kingambit, L50, M|100/100
|turn|1
|
|t:|1785125670
|detailschange|p1a: Delphox|Delphox-Mega, L50, F
|-mega|p1a: Delphox|Delphox|Delphoxite
|move|p1a: Delphox|Protect|p1a: Delphox
|-singleturn|p1a: Delphox|Protect
|move|p2a: Whimsicott|Tailwind|p2a: Whimsicott
|-sidestart|p2: Darius Milkmaker|move: Tailwind
|move|p2b: Kingambit|Kowtow Cleave|p1a: Delphox
|-activate|p1a: Delphox|move: Protect
|move|p1b: Palafin|Close Combat|p2b: Kingambit
|-supereffective|p2b: Kingambit|2
|-damage|p2b: Kingambit|0 fnt
|-unboost|p1b: Palafin|def|1
|-unboost|p1b: Palafin|spd|1
|faint|p2b: Kingambit
|-damage|p1b: Palafin|90/100|[from] item: Life Orb
|
|upkeep
|
|t:|1785125675
|switch|p2b: Ninetales|Ninetales-Alola, L50, F|100/100
|-weather|Snowscape|[from] ability: Snow Warning|[of] p2b: Ninetales
|turn|2
|
|t:|1785125684
|switch|p1a: Incineroar|Incineroar, L50, F|100/100
|-ability|p1a: Incineroar|Intimidate|boost
|-unboost|p2a: Whimsicott|atk|1
|-unboost|p2b: Ninetales|atk|1
|detailschange|p1b: Palafin|Palafin-Hero, L50, F, shiny
|switch|p1b: Kingambit|Kingambit, L50, M|100/100
|move|p2a: Whimsicott|Encore|p1a: Incineroar
|-hint|Since gen 7, Dark is immune to Prankster moves.
|-immune|p1a: Incineroar
|move|p2b: Ninetales|Freeze-Dry|p1b: Kingambit
|-resisted|p1b: Kingambit|1
|-damage|p1b: Kingambit|82/100
|
|-weather|Snowscape|[upkeep]
|upkeep
|turn|3
|
|t:|1785125697
|switch|p2a: Glimmora|Glimmora, L50, M|100/100
|move|p2b: Ninetales|Protect|p2b: Ninetales
|-singleturn|p2b: Ninetales|Protect
|move|p1a: Incineroar|Flare Blitz|p2a: Glimmora
|-resisted|p2a: Glimmora|1
|-damage|p2a: Glimmora|71/100
|-activate|p2a: Glimmora|ability: Toxic Debris
|-sidestart|p1: CrawlingKingSnake|move: Toxic Spikes
|-damage|p1a: Incineroar|92/100|[from] Recoil
|move|p1b: Kingambit|Iron Head|p2b: Ninetales
|-activate|p2b: Ninetales|move: Protect
|
|-weather|Snowscape|[upkeep]
|upkeep
|turn|4
|inactive|CrawlingKingSnake has 30 seconds left.
|
|t:|1785125725
|detailschange|p2a: Glimmora|Glimmora-Mega, L50, M
|-mega|p2a: Glimmora|Glimmora|Glimmoranite
|move|p2b: Ninetales|Helping Hand|p2a: Glimmora
|-singleturn|p2a: Glimmora|Helping Hand|[of] p2b: Ninetales
|move|p2a: Glimmora|Earth Power|p1b: Kingambit
|-supereffective|p1b: Kingambit|1
|-damage|p1b: Kingambit|0 fnt
|faint|p1b: Kingambit
|move|p1a: Incineroar|Flare Blitz|p2b: Ninetales
|-supereffective|p2b: Ninetales|1
|-damage|p2b: Ninetales|3/100
|-damage|p1a: Incineroar|68/100|[from] Recoil
|
|-weather|Snowscape|[upkeep]
|-sideend|p2: Darius Milkmaker|move: Tailwind
|upkeep
|
|t:|1785125731
|switch|p1b: Palafin|Palafin-Hero, L50, F, shiny|90/100
|-status|p1b: Palafin|psn
|-activate|p1b: Palafin|ability: Zero to Hero
|turn|5
|
|t:|1785125738
|move|p2a: Glimmora|Spiky Shield|p2a: Glimmora
|-singleturn|p2a: Glimmora|move: Protect
|move|p1b: Palafin|Jet Punch|p2a: Glimmora
|-activate|p2a: Glimmora|move: Protect
|-damage|p1b: Palafin|77/100 psn|[from] Spiky Shield|[of] p2a: Glimmora
|move|p2b: Ninetales|Freeze-Dry|p1b: Palafin
|-supereffective|p1b: Palafin|1
|-damage|p1b: Palafin|10/100 psn
|move|p1a: Incineroar|Flare Blitz|p2b: Ninetales
|-supereffective|p2b: Ninetales|1
|-damage|p2b: Ninetales|0 fnt
|faint|p2b: Ninetales
|-damage|p1a: Incineroar|67/100|[from] Recoil
|
|-weather|Snowscape|[upkeep]
|-damage|p1b: Palafin|0 fnt|[from] psn
|faint|p1b: Palafin
|upkeep
|
|t:|1785125747
|switch|p2b: Whimsicott|Whimsicott, L50, F|100/100
|switch|p1b: Delphox|Delphox-Mega, L50, F|100/100
|turn|6
|inactive|CrawlingKingSnake has 30 seconds left.
|inactive|CrawlingKingSnake has 20 seconds left.
|inactive|CrawlingKingSnake has 15 seconds left.
|inactive|CrawlingKingSnake has 10 seconds left.
|
|t:|1785125795
|move|p2b: Whimsicott|Tailwind|p2b: Whimsicott
|-sidestart|p2: Darius Milkmaker|move: Tailwind
|move|p2a: Glimmora|Power Gem|p1b: Delphox
|-supereffective|p1b: Delphox|1
|-damage|p1b: Delphox|0 fnt
|faint|p1b: Delphox
|move|p1a: Incineroar|Darkest Lariat|p2a: Glimmora
|-damage|p2a: Glimmora|38/100
|
|-weather|none
|upkeep
|turn|7
|
|t:|1785125807
|move|p2b: Whimsicott|Moonblast|p1a: Incineroar
|-damage|p1a: Incineroar|40/100
|-enditem|p1a: Incineroar|Sitrus Berry|[eat]
|-heal|p1a: Incineroar|65/100|[from] item: Sitrus Berry
|move|p2a: Glimmora|Power Gem|p1a: Incineroar
|-supereffective|p1a: Incineroar|1
|-damage|p1a: Incineroar|0 fnt
|faint|p1a: Incineroar
|
|win|Darius Milkmaker
||Darius Milkmaker is ready for game 2.
||CrawlingKingSnake is ready for game 2.
|uhtml|next|Next: Game 2 of 3
|l|☆Darius Milkmaker
|player|p2|
