|j|☆dambro222
|j|☆Brutalandathebozz
|html|dambro222Brutalandathebozz    
|uhtml|bestof|Game 1 of a best-of-3
|t:|1756993426
|gametype|doubles
|player|p1|dambro222|ethan|1150
|player|p2|Brutalandathebozz|170|1231
|gen|9
|tier|[Gen 9] VGC 2025 Reg H (Bo3)
|rated|
|rule|Species Clause: Limit one of each Pokémon
|rule|Item Clause: Limit 1 of each item
|clearpoke
|poke|p1|Dragonite, L50, M|
|poke|p1|Volcarona, L50, F|
|poke|p1|Sneasler, L50, M|
|poke|p1|Rillaboom, L50, M|
|poke|p1|Electabuzz, L50, M|
|poke|p1|Kingambit, L50, M|
|poke|p2|Sneasler, L50, F|
|poke|p2|Electabuzz, L50, M|
|poke|p2|Rillaboom, L50, M|
|poke|p2|Primarina, L50, F|
|poke|p2|Kingambit, L50, M|
|poke|p2|Volcarona, L50, M|
|teampreview|4
|showteam|p1|Dragonite||LoadedDice|Multiscale|ScaleShot,ExtremeSpeed,Haze,Protect|||M|||50|,,,,,Fairy]Volcarona||CovertCloak|FlameBody|HeatWave,TeraBlast,QuiverDance,Protect|||F|||50|,,,,,Fairy]Sneasler||FocusSash|Unburden|CloseCombat,DireClaw,RockSlide,Protect|||M|||50|,,,,,Stellar]Rillaboom||AssaultVest|GrassySurge|WoodHammer,GrassyGlide,HighHorsepower,FakeOut|||M|||50|,,,,,Water]Electabuzz||Eviolite|VitalSpirit|Electroweb,FollowMe,Taunt,Protect|||M|||50|,,,,,Ghost]Kingambit||BlackGlasses|Defiant|KowtowCleave,SuckerPunch,SwordsDance,Protect|||M|||50|,,,,,Dark
|showteam|p2|Sneasler||FocusSash|PoisonTouch|FakeOut,CloseCombat,DireClaw,Protect|||F|||50|,,,,,Ghost]Electabuzz||Eviolite|VitalSpirit|Protect,HelpingHand,FollowMe,Electroweb|||M|||50|,,,,,Ghost]Rillaboom||AssaultVest|GrassySurge|WoodHammer,GrassyGlide,FakeOut,HighHorsepower|||M|||50|,,,,,Fire]Primarina||SitrusBerry|LiquidVoice|HyperVoice,Moonblast,Protect,Haze|||F|||50|,,,,,Poison]Kingambit||BlackGlasses|Defiant|KowtowCleave,SuckerPunch,Protect,SwordsDance|||M|||50|,,,,,Dark]Volcarona||CovertCloak|FlameBody|HeatWave,TeraBlast,QuiverDance,Protect|||M|||50|,,,,,Fairy
|inactive|Battle timer is ON: inactive players will automatically lose when time's up. (requested by dambro222)
|inactive|dambro222 has 60 seconds left.
|inactive|Brutalandathebozz has 60 seconds left.
|
|t:|1756993464
|teamsize|p1|4
|teamsize|p2|4
|start
|switch|p1a: Electabuzz|Electabuzz, L50, M|100/100
|switch|p1b: Volcarona|Volcarona, L50, F|100/100
|switch|p2a: Volcarona|Volcarona, L50, M, shiny|100/100
|switch|p2b: Sneasler|Sneasler, L50, F|100/100
|turn|1
|inactive|dambro222 has 30 seconds left.
|
|t:|1756993493
|move|p2b: Sneasler|Fake Out|p1a: Electabuzz
|-damage|p1a: Electabuzz|90/100
|-status|p1a: Electabuzz|psn|[from] ability: Poison Touch|[of] p2b: Sneasler
|move|p1b: Volcarona|Quiver Dance|p1b: Volcarona
|-boost|p1b: Volcarona|spa|1
|-boost|p1b: Volcarona|spd|1
|-boost|p1b: Volcarona|spe|1
|move|p2a: Volcarona|Quiver Dance|p2a: Volcarona
|-boost|p2a: Volcarona|spa|1
|-boost|p2a: Volcarona|spd|1
|-boost|p2a: Volcarona|spe|1
|cant|p1a: Electabuzz|flinch
|
|-damage|p1a: Electabuzz|78/100 psn|[from] psn
|upkeep
|turn|2
|
|t:|1756993510
|move|p1b: Volcarona|Quiver Dance|p1b: Volcarona
|-boost|p1b: Volcarona|spa|1
|-boost|p1b: Volcarona|spd|1
|-boost|p1b: Volcarona|spe|1
|move|p2a: Volcarona|Quiver Dance|p2a: Volcarona
|-boost|p2a: Volcarona|spa|1
|-boost|p2a: Volcarona|spd|1
|-boost|p2a: Volcarona|spe|1
|move|p2b: Sneasler|Dire Claw|p1b: Volcarona
|-damage|p1b: Volcarona|41/100
|move|p1a: Electabuzz|Electroweb|p2b: Sneasler|[spread] p2a,p2b
|-damage|p2a: Volcarona|94/100
|-damage|p2b: Sneasler|80/100
|-unboost|p2b: Sneasler|spe|1
|
|-damage|p1a: Electabuzz|65/100 psn|[from] psn
|upkeep
|turn|3
|inactive|dambro222 has 30 seconds left.
|inactive|dambro222 has 20 seconds left.
|inactive|dambro222 has 15 seconds left.
|
|t:|1756993553
|switch|p1a: Sneasler|Sneasler, L50, M|100/100
|switch|p2b: Electabuzz|Electabuzz, L50, M|100/100
|move|p1b: Volcarona|Protect|p1b: Volcarona
|-singleturn|p1b: Volcarona|Protect
|move|p2a: Volcarona|Heat Wave|p1a: Sneasler|[spread] p1a
|-activate|p1b: Volcarona|move: Protect
|-damage|p1a: Sneasler|9/100
|
|upkeep
|turn|4
|
|t:|1756993571
|move|p2b: Electabuzz|Helping Hand|p2a: Volcarona
|-singleturn|p2a: Volcarona|Helping Hand|[of] p2b: Electabuzz
|move|p1a: Sneasler|Protect|p1a: Sneasler
|-singleturn|p1a: Sneasler|Protect
|move|p1b: Volcarona|Heat Wave|p2a: Volcarona|[spread] p2a,p2b
|-damage|p2a: Volcarona|62/100
|-damage|p2b: Electabuzz|41/100
|move|p2a: Volcarona|Heat Wave|p1b: Volcarona|[spread] 
|-activate|p1a: Sneasler|move: Protect
|-miss|p2a: Volcarona|p1b: Volcarona
|
|upkeep
|turn|5
|inactive|dambro222 has 30 seconds left.
|
|t:|1756993598
|switch|p1a: Electabuzz|Electabuzz, L50, M|65/100 psn
|move|p2b: Electabuzz|Helping Hand|p2a: Volcarona
|-singleturn|p2a: Volcarona|Helping Hand|[of] p2b: Electabuzz
|move|p1b: Volcarona|Heat Wave|p2a: Volcarona|[spread] p2a,p2b
|-damage|p2a: Volcarona|32/100
|-damage|p2b: Electabuzz|0 fnt
|faint|p2b: Electabuzz
|move|p2a: Volcarona|Heat Wave|p1b: Volcarona|[spread] p1a,p1b
|-damage|p1a: Electabuzz|0 fnt
|-damage|p1b: Volcarona|0 fnt
|faint|p1a: Electabuzz
|faint|p1b: Volcarona
|
|upkeep
|
|t:|1756993608
|switch|p1b: Rillaboom|Rillaboom, L50, M|100/100
|switch|p2b: Sneasler|Sneasler, L50, F|80/100
|switch|p1a: Sneasler|Sneasler, L50, M|9/100
|-fieldstart|move: Grassy Terrain|[from] ability: Grassy Surge|[of] p1b: Rillaboom
|turn|6
|
|t:|1756993627
|-terastallize|p1b: Rillaboom|Water
|move|p1a: Sneasler|Protect|p1a: Sneasler
|-singleturn|p1a: Sneasler|Protect
|move|p2b: Sneasler|Fake Out|p1b: Rillaboom
|-damage|p1b: Rillaboom|87/100
|-status|p1b: Rillaboom|psn|[from] ability: Poison Touch|[of] p2b: Sneasler
|move|p2a: Volcarona|Tera Blast|p1a: Sneasler
|-activate|p1a: Sneasler|move: Protect
|cant|p1b: Rillaboom|flinch
|
|-heal|p2a: Volcarona|39/100|[from] Grassy Terrain
|-heal|p1a: Sneasler|15/100|[from] Grassy Terrain
|-heal|p2b: Sneasler|86/100|[from] Grassy Terrain
|-heal|p1b: Rillaboom|94/100 psn|[from] Grassy Terrain
|-damage|p1b: Rillaboom|81/100 psn|[from] psn
|upkeep
|turn|7
|
|t:|1756993642
|move|p1a: Sneasler|Protect||[still]
|-fail|p1a: Sneasler
|move|p2a: Volcarona|Tera Blast|p1a: Sneasler
|-damage|p1a: Sneasler|0 fnt
|faint|p1a: Sneasler
|move|p2b: Sneasler|Close Combat|p1b: Rillaboom
|-damage|p1b: Rillaboom|15/100 psn
|-unboost|p2b: Sneasler|def|1
|-unboost|p2b: Sneasler|spd|1
|move|p1b: Rillaboom|High Horsepower|p2a: Volcarona
|-damage|p2a: Volcarona|0 fnt
|faint|p2a: Volcarona
|
|-heal|p2b: Sneasler|92/100|[from] Grassy Terrain
|-heal|p1b: Rillaboom|21/100 psn|[from] Grassy Terrain
|-damage|p1b: Rillaboom|9/100 psn|[from] psn
|upkeep
|
|t:|1756993645
|switch|p2a: Primarina|Primarina, L50, F|100/100
|turn|8
|
|t:|1756993662
|move|p2a: Primarina|Protect|p2a: Primarina
|-singleturn|p2a: Primarina|Protect
|move|p1b: Rillaboom|Grassy Glide|p2b: Sneasler
|-resisted|p2b: Sneasler
|-damage|p2b: Sneasler|46/100
|move|p2b: Sneasler|Dire Claw|p1b: Rillaboom
|-damage|p1b: Rillaboom|0 fnt
|faint|p1b: Rillaboom
|
|win|Brutalandathebozz
||dambro222 is ready for game 2.
||Brutalandathebozz is ready for game 2.
|uhtml|next|Next: Game 2 of 3
