|j|☆Oriozz
|j|☆SlimSanity
|html|OriozzSlimSanity    
|uhtml|bestof|Game 1 of a best-of-3
|t:|1783576522
|gametype|doubles
|player|p1|Oriozz|169|1118
|player|p2|SlimSanity|101|1072
|gen|9
|tier|[Gen 9 Champions] VGC 2026 Reg M-B (Bo3)
|rated|
|rule|Species Clause: Limit one of each Pokémon
|rule|Item Clause: Limit 1 of each item
|clearpoke
|poke|p1|Kingambit, L50, F|
|poke|p1|Floette-Eternal, L50, F|
|poke|p1|Sneasler, L50, F|
|poke|p1|Incineroar, L50, F|
|poke|p1|Garchomp, L50, F|
|poke|p1|Sinistcha, L50|
|poke|p2|Primarina, L50, M|
|poke|p2|Chesnaught, L50, M|
|poke|p2|Reuniclus, L50, F, shiny|
|poke|p2|Pelipper, L50, F|
|poke|p2|Sinistcha-Masterpiece, L50|
|poke|p2|Scizor, L50, F|
|teampreview|4
|showteam|p1|Kingambit||ChopleBerry|Defiant|KowtowCleave,Protect,SuckerPunch,IronHead|Adamant||F|||50|]Floette-Eternal||Floettite|FlowerVeil|DazzlingGleam,DrainingKiss,Protect,CalmMind|Bold||F|||50|]Sneasler||FocusSash|Unburden|FakeOut,DireClaw,CloseCombat,Coaching|Jolly||F|||50|]Incineroar||Leftovers|Intimidate|FakeOut,FlareBlitz,PartingShot,HelpingHand|Careful||F|||50|]Garchomp||Garchompite|RoughSkin|Earthquake,StompingTantrum,RockSlide,Protect|Adamant||F|||50|]Sinistcha||SitrusBerry|Hospitality|Protect,MatchaGotcha,TrickRoom,RagePowder|Bold|||||50|
|showteam|p2|Primarina||LifeOrb|LiquidVoice|HyperVoice,DrainingKiss,IceBeam,Protect|Quiet||M|||50|]Chesnaught||Chesnaughtite|Bulletproof|BellyDrum,DrainPunch,SeedBomb,KnockOff|Brave||M|||50|]Reuniclus||Leftovers|Regenerator|TrickRoom,Psychic,ShadowBall,Protect|Quiet||F|||50|]Pelipper||SitrusBerry|Drizzle|Hurricane,MuddyWater,WideGuard,HelpingHand|Quiet||F|||50|]Sinistcha-Masterpiece||FocusSash|Hospitality|MatchaGotcha,TrickRoom,RagePowder,Protect|Relaxed|||||50|]Scizor||Scizorite|Technician|BulletPunch,DualWingbeat,BugBite,Protect|Brave||F|||50|
|inactive|Battle timer is ON: inactive players will automatically lose when time's up. (requested by Oriozz)
|inactive|Oriozz has 60 seconds left.
|
|t:|1783576579
|teamsize|p1|4
|teamsize|p2|4
|start
|switch|p1a: Incineroar|Incineroar, L50, F|100/100
|switch|p1b: Floette|Floette-Eternal, L50, F|100/100
|switch|p2a: Reuniclus|Reuniclus, L50, F, shiny|100/100
|switch|p2b: Primarina|Primarina, L50, M|100/100
|-ability|p1a: Incineroar|Intimidate|boost
|-unboost|p2a: Reuniclus|atk|1
|-unboost|p2b: Primarina|atk|1
|turn|1
|
|t:|1783576601
|detailschange|p1b: Floette|Floette-Mega, L50, F
|-mega|p1b: Floette|Floette|Floettite
|-ability|p1b: Floette|Fairy Aura
|move|p1a: Incineroar|Fake Out|p2a: Reuniclus
|-damage|p2a: Reuniclus|88/100
|move|p1b: Floette|Calm Mind|p1b: Floette
|-boost|p1b: Floette|spa|1
|-boost|p1b: Floette|spd|1
|move|p2b: Primarina|Hyper Voice|p1b: Floette|[spread] p1a,p1b
|-supereffective|p1a: Incineroar|1
|-damage|p1a: Incineroar|30/100
|-damage|p1b: Floette|74/100
|-damage|p2b: Primarina|90/100|[from] item: Life Orb
|cant|p2a: Reuniclus|flinch
|
|-heal|p1a: Incineroar|36/100|[from] item: Leftovers
|-heal|p2a: Reuniclus|94/100|[from] item: Leftovers
|upkeep
|turn|2
|inactive|Oriozz has 30 seconds left.
|
|t:|1783576634
|move|p1a: Incineroar|Helping Hand|p1b: Floette
|-singleturn|p1b: Floette|Helping Hand|[of] p1a: Incineroar
|move|p1b: Floette|Draining Kiss|p2b: Primarina
|-damage|p2b: Primarina|26/100
|-heal|p1b: Floette|100/100|[from] drain|[of] p2b: Primarina
|move|p2b: Primarina|Hyper Voice|p1a: Incineroar|[spread] p1a,p1b
|-supereffective|p1a: Incineroar|1
|-damage|p1a: Incineroar|0 fnt
|-damage|p1b: Floette|72/100
|faint|p1a: Incineroar
|-damage|p2b: Primarina|16/100|[from] item: Life Orb
|move|p2a: Reuniclus|Trick Room|p2a: Reuniclus
|-fieldstart|move: Trick Room|[of] p2a: Reuniclus
|
|-heal|p2a: Reuniclus|100/100|[from] item: Leftovers
|upkeep
|inactive|Oriozz has 30 seconds left.
|
|t:|1783576661
|switch|p1a: Sneasler|Sneasler, L50, F|100/100
|turn|3
|
|t:|1783576667
|switch|p2b: Scizor|Scizor, L50, F|100/100
|move|p1a: Sneasler|Fake Out|p2a: Reuniclus
|-damage|p2a: Reuniclus|84/100
|cant|p2a: Reuniclus|flinch
|move|p1b: Floette|Calm Mind|p1b: Floette
|-boost|p1b: Floette|spa|1
|-boost|p1b: Floette|spd|1
|
|-heal|p2a: Reuniclus|90/100|[from] item: Leftovers
|upkeep
|turn|4
|
|t:|1783576690
|switch|p1a: Sinistcha|Sinistcha, L50|100/100
|-heal|p1b: Floette|97/100|[from] ability: Hospitality|[of] p1a: Sinistcha
|detailschange|p2b: Scizor|Scizor-Mega, L50, F
|-mega|p2b: Scizor|Scizor|Scizorite
|move|p2b: Scizor|Bullet Punch|p1b: Floette
|-supereffective|p1b: Floette|1
|-damage|p1b: Floette|16/100
|move|p2a: Reuniclus|Psychic|p1a: Sinistcha
|-damage|p1a: Sinistcha|54/100
|move|p1b: Floette|Draining Kiss|p2a: Reuniclus
|-damage|p2a: Reuniclus|28/100
|-heal|p1b: Floette|80/100|[from] drain|[of] p2a: Reuniclus
|
|-heal|p2a: Reuniclus|34/100|[from] item: Leftovers
|upkeep
|turn|5
|inactive|Oriozz has 30 seconds left.
|
|t:|1783576717
|switch|p1a: Sneasler|Sneasler, L50, F|100/100
|move|p1b: Floette|Protect|p1b: Floette
|-singleturn|p1b: Floette|Protect
|move|p2b: Scizor|Bullet Punch|p1b: Floette
|-activate|p1b: Floette|move: Protect
|move|p2a: Reuniclus|Shadow Ball|p1a: Sneasler
|-damage|p1a: Sneasler|63/100
|
|-heal|p2a: Reuniclus|40/100|[from] item: Leftovers
|upkeep
|turn|6
|
|t:|1783576737
|-heal|p2a: Reuniclus|73/100|[from] ability: Regenerator|[silent]
|switch|p2a: Pelipper|Pelipper, L50, F|100/100
|-weather|RainDance|[from] ability: Drizzle|[of] p2a: Pelipper
|move|p1a: Sneasler|Fake Out|p2b: Scizor
|-resisted|p2b: Scizor|1
|-damage|p2b: Scizor|94/100
|cant|p2b: Scizor|flinch
|move|p1b: Floette|Dazzling Gleam|p2b: Scizor|[spread] p2a,p2b
|-resisted|p2b: Scizor|1
|-damage|p2a: Pelipper|0 fnt
|-damage|p2b: Scizor|48/100
|faint|p2a: Pelipper
|
|-weather|RainDance|[upkeep]
|-fieldend|move: Trick Room
|upkeep
|
|t:|1783576745
|switch|p2a: Reuniclus|Reuniclus, L50, F, shiny|73/100
|turn|7
|inactive|SlimSanity has 30 seconds left.
|
|t:|1783576778
|switch|p1a: Sinistcha|Sinistcha, L50|54/100
|-heal|p1b: Floette|100/100|[from] ability: Hospitality|[of] p1a: Sinistcha
|move|p2b: Scizor|Bullet Punch|p1b: Floette
|-supereffective|p1b: Floette|1
|-damage|p1b: Floette|19/100
|move|p1b: Floette|Dazzling Gleam|p2b: Scizor|[spread] p2a,p2b
|-resisted|p2b: Scizor|1
|-damage|p2a: Reuniclus|0 fnt
|-damage|p2b: Scizor|6/100
|faint|p2a: Reuniclus
|
|-weather|RainDance|[upkeep]
|upkeep
|
|t:|1783576787
|switch|p2a: Primarina|Primarina, L50, M|16/100
|turn|8
|
|t:|1783576797
|move|p2a: Primarina|Protect|p2a: Primarina
|-singleturn|p2a: Primarina|Protect
|move|p1a: Sinistcha|Rage Powder|p1a: Sinistcha
|-singleturn|p1a: Sinistcha|move: Rage Powder
|move|p1b: Floette|Dazzling Gleam|p2b: Scizor|[spread] p2b
|-activate|p2a: Primarina|move: Protect
|-resisted|p2b: Scizor|1
|-crit|p2b: Scizor
|-damage|p2b: Scizor|0 fnt
|faint|p2b: Scizor
|
|-weather|RainDance|[upkeep]
|upkeep
|turn|9
|
|t:|1783576808
|move|p1b: Floette|Dazzling Gleam|p2a: Primarina
|-damage|p2a: Primarina|0 fnt
|faint|p2a: Primarina
|
|win|Oriozz
||SlimSanity is ready for game 2.
||Oriozz is ready for game 2.
|uhtml|next|Next: Game 2 of 3
|l|☆SlimSanity
|player|p2|
