|j|☆Pre-Burnt Tower
|j|☆blobbolb
|html|Pre-Burnt Towerblobbolb    
|uhtml|bestof|Game 1 of a best-of-3
|t:|1757819799
|gametype|doubles
|player|p1|Pre-Burnt Tower|170|1111
|player|p2|blobbolb|pokekid|1095
|gen|9
|tier|[Gen 9] VGC 2025 Reg H (Bo3)
|rated|
|rule|Species Clause: Limit one of each Pokémon
|rule|Item Clause: Limit 1 of each item
|clearpoke
|poke|p1|Talonflame, L50, M|
|poke|p1|Krookodile, L50, F|
|poke|p1|Primarina, L50, F|
|poke|p1|Raichu, L50, F|
|poke|p1|Gholdengo, L50|
|poke|p1|Amoonguss, L50, F|
|poke|p2|Archaludon, L50, F|
|poke|p2|Basculegion, L50, M|
|poke|p2|Pelipper, L50, F|
|poke|p2|Incineroar, L50, M|
|poke|p2|Ludicolo, L50, F|
|poke|p2|Pikachu, L50, M|
|teampreview|4
|showteam|p1|Talonflame||CovertCloak|GaleWings|DualWingbeat,Tailwind,WillOWisp,FlareBlitz|||M|||50|,,,,,Fairy]Krookodile||LifeOrb|Intimidate|Earthquake,HighHorsepower,KnockOff,Protect|||F|||50|,,,,,Ghost]Primarina||ThroatSpray|LiquidVoice|HyperVoice,Moonblast,PerishSong,Protect|||F|||50|,,,,,Water]Raichu||AssaultVest|LightningRod|FakeOut,Nuzzle,Thunderbolt,Endeavor|||F|||50|,,,,,Flying]Gholdengo||MetalCoat|GoodasGold|MakeItRain,ShadowBall,NastyPlot,Protect||||||50|,,,,,Water]Amoonguss||RockyHelmet|Regenerator|RagePowder,Spore,PollenPuff,Protect|||F|||50|,,,,,Water
|showteam|p2|Archaludon||SafetyGoggles|Stamina|DracoMeteor,ElectroShot,FlashCannon,Protect|||F|||50|,,,,,Ghost]Basculegion||LifeOrb|SwiftSwim|FlipTurn,WaveCrash,Protect,LastRespects|||M|||50|,,,,,Water]Pelipper||FocusSash|Drizzle|Hurricane,WideGuard,Protect,Tailwind|||F|||50|,,,,,Ground]Incineroar||CovertCloak|Intimidate|FakeOut,FlareBlitz,PartingShot,WillOWisp|||M|||50|,,,,,Water]Ludicolo||ChoiceSpecs|SwiftSwim|EnergyBall,IceBeam,WeatherBall,TeraBlast|||F|||50|,,,,,Electric]Pikachu||LightBall|LightningRod|VoltSwitch,Discharge,NastyPlot,Protect|||M|||50|,,,,,Electric
|
|t:|1757819854
|teamsize|p1|4
|teamsize|p2|4
|start
|switch|p1a: Talonflame|Talonflame, L50, M|100/100
|switch|p1b: Primarina|Primarina, L50, F|100/100
|switch|p2a: Pelipper|Pelipper, L50, F|100/100
|switch|p2b: Incineroar|Incineroar, L50, M|100/100
|-weather|RainDance|[from] ability: Drizzle|[of] p2a: Pelipper
|-ability|p2b: Incineroar|Intimidate|boost
|-unboost|p1a: Talonflame|atk|1
|-unboost|p1b: Primarina|atk|1
|turn|1
|inactive|Battle timer is ON: inactive players will automatically lose when time's up. (requested by blobbolb)
|
|t:|1757819888
|move|p2b: Incineroar|Fake Out|p1b: Primarina
|-damage|p1b: Primarina|81/100
|move|p1a: Talonflame|Tailwind|p1a: Talonflame
|-sidestart|p1: Pre-Burnt Tower|move: Tailwind
|cant|p1b: Primarina|flinch
|move|p2a: Pelipper|Tailwind|p2a: Pelipper
|-sidestart|p2: blobbolb|move: Tailwind
|
|-weather|RainDance|[upkeep]
|upkeep
|turn|2
|inactive|blobbolb has 30 seconds left.
|inactive|blobbolb has 20 seconds left.
|
|t:|1757819924
|switch|p2b: Archaludon|Archaludon, L50, F|100/100
|move|p1a: Talonflame|Dual Wingbeat|p2a: Pelipper
|-damage|p2a: Pelipper|87/100
|-damage|p2a: Pelipper|74/100
|-hitcount|p2a: Pelipper|2
|move|p2a: Pelipper|Hurricane|p1b: Primarina
|-damage|p1b: Primarina|36/100
|move|p1b: Primarina|Hyper Voice|p2a: Pelipper|[spread] p2a,p2b
|-resisted|p2a: Pelipper
|-resisted|p2b: Archaludon
|-damage|p2a: Pelipper|28/100
|-damage|p2b: Archaludon|73/100
|-ability|p2b: Archaludon|Stamina|boost
|-boost|p2b: Archaludon|def|1
|-enditem|p1b: Primarina|Throat Spray
|-boost|p1b: Primarina|spa|1|[from] item: Throat Spray
|
|-weather|RainDance|[upkeep]
|upkeep
|turn|3
|inactive|Pre-Burnt Tower has 30 seconds left.
|
|t:|1757819952
|switch|p1a: Raichu|Raichu, L50, F|100/100
|move|p1b: Primarina|Protect|p1b: Primarina
|-singleturn|p1b: Primarina|Protect
|move|p2a: Pelipper|Wide Guard|p2a: Pelipper
|-singleturn|p2a: Pelipper|Wide Guard
|move|p2b: Archaludon|Electro Shot||[still]
|-activate|p1a: Raichu|ability: Lightning Rod
|-prepare|p2b: Archaludon|Electro Shot
|-boost|p2b: Archaludon|spa|1
|-anim|p2b: Archaludon|Electro Shot|p1a: Raichu
|-ability|p1a: Raichu|Lightning Rod|boost
|-boost|p1a: Raichu|spa|1
|
|-weather|RainDance|[upkeep]
|upkeep
|turn|4
|inactive|Pre-Burnt Tower has 30 seconds left.
|inactive|Pre-Burnt Tower has 20 seconds left.
|
|t:|1757819992
|-terastallize|p1b: Primarina|Water
|move|p2a: Pelipper|Protect||[still]
|-fail|p2a: Pelipper
|move|p2b: Archaludon|Protect|p2b: Archaludon
|-singleturn|p2b: Archaludon|Protect
|move|p1a: Raichu|Fake Out|p2a: Pelipper
|-damage|p2a: Pelipper|17/100
|move|p1b: Primarina|Moonblast|p2b: Archaludon
|-activate|p2b: Archaludon|move: Protect
|
|-weather|RainDance|[upkeep]
|-sideend|p1: Pre-Burnt Tower|move: Tailwind
|-sideend|p2: blobbolb|move: Tailwind
|upkeep
|turn|5
|inactive|Pre-Burnt Tower has 30 seconds left.
|inactive|blobbolb has 30 seconds left.
|inactive|Pre-Burnt Tower has 20 seconds left.
|inactive|blobbolb has 20 seconds left.
|inactive|Pre-Burnt Tower has 15 seconds left.
|inactive|blobbolb has 15 seconds left.
|inactive|Pre-Burnt Tower has 10 seconds left.
|inactive|blobbolb has 10 seconds left.
|
|t:|1757820041
|move|p1b: Primarina|Protect|p1b: Primarina
|-singleturn|p1b: Primarina|Protect
|move|p1a: Raichu|Nuzzle|p2a: Pelipper
|-supereffective|p2a: Pelipper
|-damage|p2a: Pelipper|0 fnt
|faint|p2a: Pelipper
|move|p2b: Archaludon|Flash Cannon|p1b: Primarina
|-activate|p1b: Primarina|move: Protect
|
|-weather|none
|upkeep
|
|t:|1757820047
|switch|p2a: Incineroar|Incineroar, L50, M|100/100
|-ability|p2a: Incineroar|Intimidate|boost
|-unboost|p1a: Raichu|atk|1
|-unboost|p1b: Primarina|atk|1
|turn|6
|
|t:|1757820062
|move|p2a: Incineroar|Fake Out|p1a: Raichu
|-damage|p1a: Raichu|80/100
|cant|p1a: Raichu|flinch
|move|p1b: Primarina|Moonblast|p2b: Archaludon
|-damage|p2b: Archaludon|0 fnt
|faint|p2b: Archaludon
|
|upkeep
|
|t:|1757820069
|switch|p2b: Pikachu|Pikachu, L50, M|100/100
|turn|7
|
|t:|1757820080
|move|p1a: Raichu|Thunderbolt|p2b: Pikachu
|-activate|p2b: Pikachu|ability: Lightning Rod
|-ability|p2b: Pikachu|Lightning Rod|boost
|-boost|p2b: Pikachu|spa|1
|move|p2b: Pikachu|Nasty Plot|p2b: Pikachu
|-boost|p2b: Pikachu|spa|2
|move|p1b: Primarina|Hyper Voice|p2b: Pikachu|[spread] p2a,p2b
|-supereffective|p2a: Incineroar
|-damage|p2a: Incineroar|0 fnt
|-damage|p2b: Pikachu|0 fnt
|faint|p2a: Incineroar
|faint|p2b: Pikachu
|
|win|Pre-Burnt Tower
|l|☆blobbolb
|player|p2|
|inactive|Pre-Burnt Tower has 30 seconds to confirm battle start!
|inactive|blobbolb has 30 seconds to confirm battle start!
||blobbolb is ready for game 2.
||Pre-Burnt Tower is ready for game 2.
|uhtml|next|Next: Game 2 of 3
