|j|☆Fr3gsy
|j|☆Thenestball
|html|Fr3gsyThenestball    
|uhtml|bestof|Game 2 of a best-of-3
|t:|1756424712
|gametype|doubles
|player|p1|Fr3gsy|giovanni|1068
|player|p2|Thenestball|hiker-gen4|1053
|gen|9
|tier|[Gen 9] VGC 2025 Reg H (Bo3)
|rated|
|rule|Species Clause: Limit one of each Pokémon
|rule|Item Clause: Limit 1 of each item
|clearpoke
|poke|p1|Ninetales-Alola, L50, F|
|poke|p1|Porygon2, L50|
|poke|p1|Baxcalibur, L50, M|
|poke|p1|Ursaluna-Bloodmoon, L50, M|
|poke|p1|Incineroar, L50, F|
|poke|p1|Amoonguss, L50, F|
|poke|p2|Weezing, L50, F|
|poke|p2|Smeargle, L50, F|
|poke|p2|Garchomp, L50, M|
|poke|p2|Dragonite, L50, F|
|poke|p2|Sylveon, L50, F|
|poke|p2|Incineroar, L50, M|
|teampreview|4
|showteam|p1|Ninetales-Alola||LightClay|SnowWarning|AuroraVeil,Blizzard,DazzlingGleam,Protect|||F|||50|,,,,,Steel]Porygon2||Eviolite|Download|Blizzard,TeraBlast,TrickRoom,Recover||||||50|,,,,,Fighting]Baxcalibur||ClearAmulet|ThermalExchange|Protect,SwordsDance,GlaiveRush,IcicleCrash|||M|||50|,,,,,Water]Ursaluna-Bloodmoon||LifeOrb|MindsEye|BloodMoon,HyperVoice,EarthPower,Protect|||M|||50|,,,,,Ground]Incineroar||SafetyGoggles|Intimidate|FakeOut,PartingShot,FlareBlitz,KnockOff|||F|||50|,,,,,Ghost]Amoonguss||SitrusBerry|EffectSpore|Spore,ClearSmog,RagePowder,PollenPuff|||F|||50|,,,,,Water
|showteam|p2|Weezing||SitrusBerry|NeutralizingGas|SludgeBomb,WillOWisp,Haze,Protect|||F|||50|,,,,,Grass]Smeargle||FocusSash|Moody|Spore,FollowMe,Decorate,FakeOut|||F|||50|,,,,,Ghost]Garchomp||LifeOrb|RoughSkin|Earthquake,RockSlide,StompingTantrum,Protect|||M|||50|,,,,,Ground]Dragonite||LoadedDice|Multiscale|ScaleShot,Tailwind,TeraBlast,Protect|||F|||50|,,,,,Fairy]Sylveon||PixiePlate|Pixilate|HyperVoice,TeraBlast,CalmMind,Protect|||F|||50|,,,,,Water]Incineroar||AbilityShield|Intimidate|FakeOut,FlareBlitz,KnockOff,PartingShot|||M|||50|,,,,,Grass
|inactive|Battle timer is ON: inactive players will automatically lose when time's up. (requested by Thenestball)
|
|t:|1756424725
|teamsize|p1|4
|teamsize|p2|4
|start
|switch|p1a: Baxcalibur|Baxcalibur, L50, M, shiny|100/100
|switch|p1b: Porygon2|Porygon2, L50, shiny|100/100
|switch|p2a: Incineroar|Incineroar, L50, M|100/100
|switch|p2b: Weezing|Weezing, L50, F, shiny|100/100
|-ability|p2b: Weezing|Neutralizing Gas
|-block|p2a: Incineroar|item: Ability Shield
|-ability|p2a: Incineroar|Intimidate|boost
|-fail|p1a: Baxcalibur|unboost|[from] item: Clear Amulet|[of] p1a: Baxcalibur
|-unboost|p1b: Porygon2|atk|1
|turn|1
|
|t:|1756424748
|move|p1a: Baxcalibur|Protect|p1a: Baxcalibur
|-singleturn|p1a: Baxcalibur|Protect
|move|p2a: Incineroar|Fake Out|p1b: Porygon2
|-damage|p1b: Porygon2|94/100
|move|p2b: Weezing|Will-O-Wisp|p1a: Baxcalibur
|-activate|p1a: Baxcalibur|move: Protect
|cant|p1b: Porygon2|flinch
|
|upkeep
|turn|2
|
|t:|1756424768
|switch|p1a: Incineroar|Incineroar, L50, F, shiny|100/100
|move|p2b: Weezing|Will-O-Wisp|p1a: Incineroar
|-immune|p1a: Incineroar
|move|p2a: Incineroar|Knock Off|p1b: Porygon2
|-damage|p1b: Porygon2|71/100
|-enditem|p1b: Porygon2|Eviolite|[from] move: Knock Off|[of] p2a: Incineroar
|move|p1b: Porygon2|Trick Room|p1b: Porygon2
|-fieldstart|move: Trick Room|[of] p1b: Porygon2
|
|upkeep
|turn|3
|
|t:|1756424790
|move|p1a: Incineroar|Fake Out|p2a: Incineroar
|-damage|p2a: Incineroar|93/100
|move|p1b: Porygon2|Tera Blast|p2b: Weezing
|-damage|p2b: Weezing|67/100
|cant|p2a: Incineroar|flinch
|move|p2b: Weezing|Sludge Bomb|p1b: Porygon2
|-damage|p1b: Porygon2|50/100
|
|upkeep
|turn|4
|
|t:|1756424807
|move|p1a: Incineroar|Knock Off|p2b: Weezing
|-damage|p2b: Weezing|34/100
|-enditem|p2b: Weezing|Sitrus Berry|[from] move: Knock Off|[of] p1a: Incineroar
|move|p1b: Porygon2|Recover|p1b: Porygon2
|-heal|p1b: Porygon2|100/100
|move|p2a: Incineroar|Flare Blitz|p1b: Porygon2
|-damage|p1b: Porygon2|60/100
|-damage|p2a: Incineroar|80/100|[from] Recoil
|move|p2b: Weezing|Sludge Bomb|p1b: Porygon2
|-damage|p1b: Porygon2|36/100
|
|upkeep
|turn|5
|
|t:|1756424825
|move|p2b: Weezing|Protect|p2b: Weezing
|-singleturn|p2b: Weezing|Protect
|move|p1a: Incineroar|Knock Off|p2a: Incineroar
|-resisted|p2a: Incineroar
|-damage|p2a: Incineroar|65/100
|-enditem|p2a: Incineroar|Ability Shield|[from] move: Knock Off|[of] p1a: Incineroar
|move|p1b: Porygon2|Recover|p1b: Porygon2
|-heal|p1b: Porygon2|86/100
|move|p2a: Incineroar|Flare Blitz|p1b: Porygon2
|-damage|p1b: Porygon2|46/100
|-status|p1b: Porygon2|brn
|-damage|p2a: Incineroar|52/100|[from] Recoil
|
|-damage|p1b: Porygon2|40/100 brn|[from] brn
|upkeep
|turn|6
|
|t:|1756424848
|move|p1a: Incineroar|Flare Blitz|p2b: Weezing
|-damage|p2b: Weezing|0 fnt
|faint|p2b: Weezing
|-end|p2b: Weezing|ability: Neutralizing Gas
|-ability|p1a: Incineroar|Intimidate|boost
|-unboost|p2a: Incineroar|atk|1
|-ability|p1b: Porygon2|Download|boost
|-boost|p1b: Porygon2|spa|1
|-ability|p2a: Incineroar|Intimidate|boost
|-unboost|p1a: Incineroar|atk|1
|-unboost|p1b: Porygon2|atk|1
|-damage|p1a: Incineroar|91/100|[from] Recoil
|move|p1b: Porygon2|Recover|p1b: Porygon2
|-heal|p1b: Porygon2|90/100 brn
|move|p2a: Incineroar|Flare Blitz|p1b: Porygon2
|-damage|p1b: Porygon2|60/100 brn
|-damage|p2a: Incineroar|42/100|[from] Recoil
|
|-damage|p1b: Porygon2|54/100 brn|[from] brn
|-fieldend|move: Trick Room
|upkeep
|
|t:|1756424865
|switch|p2b: Sylveon|Sylveon, L50, F, shiny|100/100
|turn|7
|
|t:|1756424875
|move|p2a: Incineroar|Flare Blitz|p1b: Porygon2
|-damage|p1b: Porygon2|24/100 brn
|-damage|p2a: Incineroar|33/100|[from] Recoil
|move|p2b: Sylveon|Hyper Voice|p1a: Incineroar|[spread] p1a,p1b
|-damage|p1a: Incineroar|54/100
|-damage|p1b: Porygon2|0 fnt
|faint|p1b: Porygon2
|move|p1a: Incineroar|Parting Shot|p2b: Sylveon
|-unboost|p2b: Sylveon|atk|1
|-unboost|p2b: Sylveon|spa|1
|
|t:|1756424889
|switch|p1a: Baxcalibur|Baxcalibur, L50, M, shiny|100/100|[from] Parting Shot
|
|upkeep
|
|t:|1756424895
|switch|p1b: Incineroar|Incineroar, L50, F, shiny|54/100
|-ability|p1b: Incineroar|Intimidate|boost
|-unboost|p2a: Incineroar|atk|1
|-unboost|p2b: Sylveon|atk|1
|turn|8
|
|t:|1756424914
|-terastallize|p1a: Baxcalibur|Water
|move|p2b: Sylveon|Protect|p2b: Sylveon
|-singleturn|p2b: Sylveon|Protect
|move|p1b: Incineroar|Fake Out|p2b: Sylveon
|-activate|p2b: Sylveon|move: Protect
|move|p1a: Baxcalibur|Swords Dance|p1a: Baxcalibur
|-boost|p1a: Baxcalibur|atk|2
|move|p2a: Incineroar|Parting Shot|p1b: Incineroar
|-unboost|p1b: Incineroar|atk|1
|-unboost|p1b: Incineroar|spa|1
|
|t:|1756424934
|switch|p2a: Garchomp|Garchomp, L50, M, shiny|100/100|[from] Parting Shot
|
|upkeep
|turn|9
|
|t:|1756424947
|move|p2a: Garchomp|Rock Slide|p1b: Incineroar|[spread] p1a,p1b
|-supereffective|p1b: Incineroar
|-damage|p1a: Baxcalibur|74/100
|-damage|p1b: Incineroar|13/100
|-damage|p2a: Garchomp|91/100|[from] item: Life Orb
|move|p1a: Baxcalibur|Glaive Rush|p2a: Garchomp
|-supereffective|p2a: Garchomp
|-damage|p2a: Garchomp|0 fnt
|-singlemove|p1a: Baxcalibur|Glaive Rush|[silent]
|-damage|p1a: Baxcalibur|62/100|[from] ability: Rough Skin|[of] p2a: Garchomp
|faint|p2a: Garchomp
|move|p2b: Sylveon|Hyper Voice|p1a: Baxcalibur|[spread] p1a,p1b
|-crit|p1a: Baxcalibur
|-damage|p1a: Baxcalibur|0 fnt
|-damage|p1b: Incineroar|0 fnt
|faint|p1a: Baxcalibur
|faint|p1b: Incineroar
|
|upkeep
|
|t:|1756424965
|switch|p2a: Incineroar|Incineroar, L50, M|33/100
|switch|p1a: Ursaluna|Ursaluna-Bloodmoon, L50, M|100/100
|-ability|p2a: Incineroar|Intimidate|boost
|-unboost|p1a: Ursaluna|atk|1
|turn|10
|
|t:|1756424973
|move|p1a: Ursaluna|Protect|p1a: Ursaluna
|-singleturn|p1a: Ursaluna|Protect
|move|p2a: Incineroar|Fake Out|p1a: Ursaluna
|-activate|p1a: Ursaluna|move: Protect
|move|p2b: Sylveon|Calm Mind|p2b: Sylveon
|-boost|p2b: Sylveon|spa|1
|-boost|p2b: Sylveon|spd|1
|
|upkeep
|turn|11
|
|t:|1756424986
|-terastallize|p2b: Sylveon|Water
|move|p2a: Incineroar|Knock Off|p1a: Ursaluna
|-damage|p1a: Ursaluna|73/100
|-enditem|p1a: Ursaluna|Life Orb|[from] move: Knock Off|[of] p2a: Incineroar
|move|p2b: Sylveon|Tera Blast|p1a: Ursaluna|[anim] Tera Blast Water
|-supereffective|p1a: Ursaluna
|-damage|p1a: Ursaluna|0 fnt
|faint|p1a: Ursaluna
|
|win|Thenestball
|raw|Fr3gsy's rating: 1068 → 1047(-21 for losing)
|raw|Thenestball's rating: 1053 → 1086(+33 for winning)
