|j|☆babayaga27
|j|☆shasaora
|html|babayaga27shasaora    
|uhtml|bestof|Game 1 of a best-of-3
|t:|1783983948
|gametype|doubles
|player|p1|babayaga27|1|
|player|p2|shasaora|1|
|gen|9
|tier|[Gen 9 Champions] VGC 2026 Reg M-B (Bo3)
|rule|Species Clause: Limit one of each Pokémon
|rule|Item Clause: Limit 1 of each item
|clearpoke
|poke|p1|Delphox, L50, M, shiny|
|poke|p1|Tsareena, L50, F, shiny|
|poke|p1|Kangaskhan, L50, F|
|poke|p1|Ninetales-Alola, L50, F, shiny|
|poke|p1|Greninja, L50, M, shiny|
|poke|p1|Whimsicott, L50, F, shiny|
|poke|p2|Sceptile, L50, M|
|poke|p2|Bellibolt, L50, M|
|poke|p2|Meowscarada, L50, F|
|poke|p2|Sneasler, L50, M|
|poke|p2|Ditto, L50|
|poke|p2|Grimmsnarl, L50, M|
|teampreview|4
|showteam|p1|Delphox||Delphoxite|Blaze|Psychic,CalmMind,HeatWave,Protect|Timid||M|||50|]Tsareena||KebiaBerry|QueenlyMajesty|TropKick,Protect,TripleAxel,Trailblaze|Adamant||F|||50|]Kangaskhan||SilkScarf|InnerFocus|FakeOut,LastResort|Adamant||F|||50|]Ninetales-Alola||ChoiceScarf|SnowWarning|Blizzard,Moonblast,FreezeDry,IceBeam|Modest||F|||50|]Greninja||LifeOrb|Protean|Protect,Blizzard,DarkPulse,IcyWind|Timid||M|||50|]Whimsicott||FocusSash|Prankster|Tailwind,Moonblast,Taunt,Encore|Modest||F|||50|
|showteam|p2|Sceptile||Sceptilite|Overgrow|Detect,EarthPower,DragonPulse,LeafStorm|Modest||M|||50|]Bellibolt||Leftovers|Electromorphosis|Protect,ParabolicCharge,Soak,Electroweb|Bold||M|||50|]Meowscarada||LifeOrb|Protean|TripleAxel,FlowerTrick,SuckerPunch,KnockOff|Jolly||F|||50|]Sneasler||KingsRock|Unburden|FakeOut,CloseCombat,DireClaw,Fling|Jolly||M|||50|]Ditto||ChoiceScarf|Imposter|Transform|Calm|||||50|]Grimmsnarl||LightClay|Prankster|SpiritBreak,LightScreen,PartingShot,FakeOut|Careful||M|||50|
|j| Aynvl1
|l| Aynvl1
|j| Aynvl1
|
|t:|1783984158
|teamsize|p1|4
|teamsize|p2|4
|start
|switch|p1a: Whims|Whimsicott, L50, F, shiny|100/100
|switch|p1b: Magician|Delphox, L50, M, shiny|100/100
|switch|p2a: Pagal|Grimmsnarl, L50, M|100/100
|switch|p2b: Ambiguous|Meowscarada, L50, F|100/100
|turn|1
|
|t:|1783984203
|detailschange|p1b: Magician|Delphox-Mega, L50, M, shiny
|-mega|p1b: Magician|Delphox|Delphoxite
|move|p1b: Magician|Protect|p1b: Magician
|-singleturn|p1b: Magician|Protect
|move|p2a: Pagal|Fake Out|p1a: Whims
|-damage|p1a: Whims|84/100
|cant|p1a: Whims|flinch
|move|p2b: Ambiguous|Triple Axel|p1a: Whims
|-start|p2b: Ambiguous|typechange|Ice|[from] ability: Protean
|-supereffective|p1a: Whims|1
|-damage|p1a: Whims|48/100
|-supereffective|p1a: Whims|1
|-damage|p1a: Whims|0 fnt
|faint|p1a: Whims
|-hitcount|p1: Whims|2
|-damage|p2b: Ambiguous|90/100|[from] item: Life Orb
|
|upkeep
|
|t:|1783984236
|switch|p1a: Kurama|Ninetales-Alola, L50, F, shiny|100/100
|-weather|Snowscape|[from] ability: Snow Warning|[of] p1a: Kurama
|turn|2
|
|t:|1783984272
|switch|p1a: Tsareena|Tsareena, L50, F, shiny|100/100
|move|p2a: Pagal|Light Screen|p2a: Pagal
|-sidestart|p2: shasaora|move: Light Screen
|move|p1b: Magician|Heat Wave|p2b: Ambiguous|[spread] p2a,p2b
|-supereffective|p2b: Ambiguous|1
|-damage|p2a: Pagal|79/100
|-damage|p2b: Ambiguous|8/100
|move|p2b: Ambiguous|Knock Off|p1b: Magician
|-supereffective|p1b: Magician|1
|-damage|p1b: Magician|21/100
|-damage|p2b: Ambiguous|0 fnt|[from] item: Life Orb
|faint|p2b: Ambiguous
|
|-weather|Snowscape|[upkeep]
|upkeep
|
|t:|1783984308
|switch|p2b: Choji San|Bellibolt, L50, M|100/100
|turn|3
|
|t:|1783984324
|move|p2a: Pagal|Parting Shot||[still]
|cant|p1a: Tsareena|ability: Queenly Majesty|Parting Shot|[of] p2a: Pagal
|move|p1b: Magician|Heat Wave|p2b: Choji San|[spread] p2a,p2b
|-damage|p2a: Pagal|58/100
|-damage|p2b: Choji San|80/100
|-start|p2b: Choji San|Charge|Heat Wave|[from] ability: Electromorphosis
|move|p1a: Tsareena|Trailblaze|p2a: Pagal
|-damage|p2a: Pagal|24/100
|-boost|p1a: Tsareena|spe|1
|move|p2b: Choji San|Electroweb|p1a: Tsareena|[spread] p1a,p1b
|-resisted|p1a: Tsareena|1
|-damage|p1a: Tsareena|82/100
|-damage|p1b: Magician|0 fnt
|-unboost|p1a: Tsareena|spe|1
|faint|p1b: Magician
|-end|p2b: Choji San|Charge|[silent]
|
|-weather|Snowscape|[upkeep]
|-heal|p2b: Choji San|86/100|[from] item: Leftovers
|upkeep
|
|t:|1783984340
|switch|p1b: Kurama|Ninetales-Alola, L50, F, shiny|100/100
|turn|4
|
|t:|1783984365
|move|p1b: Kurama|Blizzard|p2b: Choji San|[spread] p2a,p2b
|-damage|p2a: Pagal|7/100
|-damage|p2b: Choji San|69/100
|-start|p2b: Choji San|Charge|Blizzard|[from] ability: Electromorphosis
|move|p1a: Tsareena|Trop Kick|p2b: Choji San
|-damage|p2b: Choji San|31/100
|-unboost|p2b: Choji San|atk|1
|-start|p2b: Choji San|Charge|Trop Kick|[from] ability: Electromorphosis
|move|p2a: Pagal|Spirit Break|p1b: Kurama
|-damage|p1b: Kurama|71/100
|-unboost|p1b: Kurama|spa|1
|move|p2b: Choji San|Parabolic Charge|p1a: Tsareena|[spread] p2a,p1a,p1b
|-resisted|p1a: Tsareena|1
|-damage|p2a: Pagal|0 fnt
|-heal|p2b: Choji San|35/100|[from] drain|[of] p2a: Pagal
|-damage|p1a: Tsareena|60/100
|-heal|p2b: Choji San|42/100|[from] drain|[of] p1a: Tsareena
|-damage|p1b: Kurama|31/100
|-heal|p2b: Choji San|57/100|[from] drain|[of] p1b: Kurama
|faint|p2a: Pagal
|-end|p2b: Choji San|Charge|[silent]
|
|-weather|Snowscape|[upkeep]
|-heal|p2b: Choji San|63/100|[from] item: Leftovers
|upkeep
|
|t:|1783984388
|switch|p2a: Guardian|Sceptile, L50, M|100/100
|turn|5
|
|t:|1783984433
|detailschange|p2a: Guardian|Sceptile-Mega, L50, M
|-mega|p2a: Guardian|Sceptile|Sceptilite
|move|p1b: Kurama|Blizzard|p2b: Choji San|[spread] p2a,p2b
|-supereffective|p2a: Guardian|2
|-damage|p2a: Guardian|16/100
|-damage|p2b: Choji San|51/100
|-start|p2b: Choji San|Charge|Blizzard|[from] ability: Electromorphosis
|move|p2a: Guardian|Leaf Storm|p1b: Kurama
|-damage|p1b: Kurama|0 fnt
|-unboost|p2a: Guardian|spa|2
|faint|p1b: Kurama
|move|p1a: Tsareena|Trailblaze|p2b: Choji San
|-damage|p2b: Choji San|31/100
|-boost|p1a: Tsareena|spe|1
|-start|p2b: Choji San|Charge|Trailblaze|[from] ability: Electromorphosis
|move|p2b: Choji San|Parabolic Charge|p1a: Tsareena|[spread] p1a
|-ability|p2a: Guardian|Lightning Rod|boost
|-boost|p2a: Guardian|spa|1
|-resisted|p1a: Tsareena|1
|-damage|p1a: Tsareena|41/100
|-heal|p2b: Choji San|37/100|[from] drain|[of] p1a: Tsareena
|-end|p2b: Choji San|Charge|[silent]
|
|-weather|Snowscape|[upkeep]
|-heal|p2b: Choji San|43/100|[from] item: Leftovers
|upkeep
|turn|6
|
|t:|1783984463
|move|p2a: Guardian|Dragon Pulse|p1a: Tsareena
|-damage|p1a: Tsareena|1/100
|move|p1a: Tsareena|Triple Axel|p2a: Guardian
|-supereffective|p2a: Guardian|2
|-damage|p2a: Guardian|0 fnt
|faint|p2a: Guardian
|-hitcount|p2: Guardian|1
|move|p2b: Choji San|Parabolic Charge|p1a: Tsareena
|-resisted|p1a: Tsareena|1
|-damage|p1a: Tsareena|0 fnt
|-heal|p2b: Choji San|44/100|[from] drain|[of] p1a: Tsareena
|faint|p1a: Tsareena
|
|win|shasaora
||babayaga27 is ready for game 2.
|inactive|shasaora has 30 seconds to confirm battle start!
|l| Aynvl1
|l|☆shasaora
|player|p2|
|l|☆babayaga27
|player|p1|
|inactive|shasaora has 20 seconds to confirm battle start!
|j| Aynvl1
|l| Aynvl1
|j| Aynvl1
|l| Aynvl1
|j|☆babayaga27
|player|p1|babayaga27|1|
