|j|☆kuoli00021
|j|☆benlulu
|html|kuoli00021benlulu    
|uhtml|bestof|Game 3 of a best-of-3
|t:|1785170357
|gametype|doubles
|player|p1|kuoli00021|170|
|player|p2|benlulu|dawn-gen4pt|
|gen|9
|tier|[Gen 9 Champions] VGC 2026 Reg M-B (Bo3)
|rule|Species Clause: Limit one of each Pokémon
|rule|Item Clause: Limit 1 of each item
|clearpoke
|poke|p1|Talonflame, L50, F|
|poke|p1|Raichu, L50, F|
|poke|p1|Metagross, L50|
|poke|p1|Sinistcha, L50|
|poke|p1|Garchomp, L50, F|
|poke|p1|Kingambit, L50, F|
|poke|p2|Raichu, L50, M|
|poke|p2|Basculegion, L50, M|
|poke|p2|Ninetales-Alola, L50, M|
|poke|p2|Garchomp, L50, M|
|poke|p2|Tsareena, L50, F|
|poke|p2|Talonflame, L50, M|
|teampreview|4
|showteam|p1|Talonflame|||GaleWings|Acrobatics,Taunt,Tailwind,Protect|Jolly||F|||50|]Raichu||RaichuniteY|LightningRod|ZapCannon,FocusBlast,FakeOut,Protect|Timid||F|||50|]Metagross||Metagrossite|ClearBody|IronHead,PsychicFangs,IcePunch,Protect|Jolly|||||50|]Sinistcha||KasibBerry|Hospitality|MatchaGotcha,TrickRoom,RagePowder,Protect|Calm|||||50|]Garchomp||LifeOrb|RoughSkin|RockSlide,DragonClaw,StompingTantrum,Protect|Jolly||F|||50|]Kingambit||FocusSash|Defiant|KowtowCleave,SuckerPunch,IronHead,LowKick|Adamant||F|||50|
|showteam|p2|Raichu||RaichuniteY|Static|ZapCannon,FocusBlast,FakeOut,Protect|Timid||M|||50|]Basculegion||ChoiceScarf|Adaptability|WaveCrash,LastRespects,Soak,FlipTurn|Jolly||M|||50|]Ninetales-Alola||FocusSash|SnowWarning|Blizzard,FreezeDry,Encore,Protect|Timid||M|||50|]Garchomp||LifeOrb|RoughSkin|Earthquake,DragonClaw,RockSlide,Protect|Jolly||M|||50|]Tsareena||WideLens|QueenlyMajesty|PowerWhip,HighJumpKick,TripleAxel,Taunt|Adamant||F|||50|]Talonflame||ExpertBelt|GaleWings|DualWingbeat,FlareBlitz,Tailwind,Protect|Jolly||M|||50|
|j| E10 parcticeteam
|l| E10 parcticeteam
|j| E10 parcticeteam
|j| aim1995
|
|t:|1785170454
|teamsize|p1|4
|teamsize|p2|4
|start
|switch|p1a: Talonflame|Talonflame, L50, F|100/100
|switch|p1b: Metagross|Metagross, L50|100/100
|switch|p2a: Garchomp|Garchomp, L50, M|100/100
|switch|p2b: Talonflame|Talonflame, L50, M|100/100
|turn|1
|
|t:|1785170514
|detailschange|p1b: Metagross|Metagross-Mega, L50
|-mega|p1b: Metagross|Metagross|Metagrossite
|move|p2a: Garchomp|Protect|p2a: Garchomp
|-singleturn|p2a: Garchomp|Protect
|move|p1a: Talonflame|Acrobatics|p2b: Talonflame
|-damage|p2b: Talonflame|33/100
|move|p2b: Talonflame|Flare Blitz|p1b: Metagross
|-supereffective|p1b: Metagross|1
|-damage|p1b: Metagross|8/100
|-damage|p2b: Talonflame|2/100|[from] Recoil
|move|p1b: Metagross|Psychic Fangs|p2b: Talonflame
|-damage|p2b: Talonflame|0 fnt
|faint|p2b: Talonflame
|
|upkeep
|
|t:|1785170527
|switch|p2b: Raichu|Raichu, L50, M|100/100
|turn|2
|
|t:|1785170596
|detailschange|p2b: Raichu|Raichu-Mega-Y, L50, M
|-mega|p2b: Raichu|Raichu|Raichunite Y
|move|p1a: Talonflame|Protect|p1a: Talonflame
|-singleturn|p1a: Talonflame|Protect
|move|p1b: Metagross|Protect|p1b: Metagross
|-singleturn|p1b: Metagross|Protect
|move|p2b: Raichu|Zap Cannon|p1a: Talonflame
|-activate|p1a: Talonflame|move: Protect
|move|p2a: Garchomp|Rock Slide|p1a: Talonflame|[spread] 
|-activate|p1a: Talonflame|move: Protect
|-activate|p1b: Metagross|move: Protect
|
|upkeep
|turn|3
|
|t:|1785170627
|switch|p1b: Garchomp|Garchomp, L50, F|100/100
|move|p2b: Raichu|Protect|p2b: Raichu
|-singleturn|p2b: Raichu|Protect
|move|p1a: Talonflame|Tailwind|p1a: Talonflame
|-sidestart|p1: kuoli00021|move: Tailwind
|move|p2a: Garchomp|Rock Slide|p1b: Garchomp|[spread] p1a,p1b
|-supereffective|p1a: Talonflame|2
|-resisted|p1b: Garchomp|1
|-damage|p1a: Talonflame|0 fnt
|-damage|p1b: Garchomp|88/100
|faint|p1a: Talonflame
|-damage|p2a: Garchomp|90/100|[from] item: Life Orb
|
|upkeep
|
|t:|1785170638
|switch|p1a: Metagross|Metagross-Mega, L50|8/100
|turn|4
|
|t:|1785170681
|switch|p2b: Tsareena|Tsareena, L50, F|100/100
|move|p1a: Metagross|Ice Punch|p2a: Garchomp
|-supereffective|p2a: Garchomp|2
|-damage|p2a: Garchomp|0 fnt
|-damage|p1a: Metagross|0 fnt|[from] ability: Rough Skin|[of] p2a: Garchomp
|faint|p2a: Garchomp
|faint|p1a: Metagross
|move|p1b: Garchomp|Stomping Tantrum|p2b: Tsareena
|-resisted|p2b: Tsareena|1
|-damage|p2b: Tsareena|74/100
|-damage|p1b: Garchomp|78/100|[from] item: Life Orb
|
|upkeep
|
|t:|1785170693
|switch|p1a: Kingambit|Kingambit, L50, F|100/100
|switch|p2a: Raichu|Raichu-Mega-Y, L50, M|100/100
|turn|5
|
|t:|1785170751
|move|p2a: Raichu|Fake Out|p1b: Garchomp
|-damage|p1b: Garchomp|68/100
|-damage|p2a: Raichu|87/100|[from] ability: Rough Skin|[of] p1b: Garchomp
|cant|p1b: Garchomp|flinch
|move|p1a: Kingambit|Kowtow Cleave|p2b: Tsareena
|-damage|p2b: Tsareena|21/100
|move|p2b: Tsareena|High Jump Kick|p1a: Kingambit
|-supereffective|p1a: Kingambit|2
|-enditem|p1a: Kingambit|Focus Sash
|-damage|p1a: Kingambit|1/100
|
|upkeep
|turn|6
|
|t:|1785170802
|move|p2a: Raichu|Protect|p2a: Raichu
|-singleturn|p2a: Raichu|Protect
|move|p1b: Garchomp|Stomping Tantrum|p2a: Raichu
|-activate|p2a: Raichu|move: Protect
|move|p1a: Kingambit|Kowtow Cleave|p2b: Tsareena
|-damage|p2b: Tsareena|0 fnt
|faint|p2b: Tsareena
|
|-sideend|p1: kuoli00021|move: Tailwind
|upkeep
|turn|7
|
|t:|1785170827
|move|p1a: Kingambit|Sucker Punch|p2a: Raichu
|-damage|p2a: Raichu|24/100
|move|p2a: Raichu|Focus Blast|p1a: Kingambit
|-supereffective|p1a: Kingambit|2
|-damage|p1a: Kingambit|0 fnt
|faint|p1a: Kingambit
|move|p1b: Garchomp|Stomping Tantrum|p2a: Raichu
|-supereffective|p2a: Raichu|1
|-damage|p2a: Raichu|0 fnt
|faint|p2a: Raichu
|-damage|p1b: Garchomp|58/100|[from] item: Life Orb
|
|win|kuoli00021
|c|☆kuoli00021|GG
|l| E10 parcticeteam
