|j|☆duvansans48
|j|☆madaranxyz
|html|duvansans48madaranxyz    
|uhtml|bestof|Game 1 of a best-of-3
|t:|1784595083
|gametype|doubles
|player|p1|duvansans48|benga|
|player|p2|madaranxyz|iris-gen5bw2|
|gen|9
|tier|[Gen 9 Champions] VGC 2026 Reg M-B (Bo3)
|rule|Species Clause: Limit one of each Pokémon
|rule|Item Clause: Limit 1 of each item
|clearpoke
|poke|p1|Charizard, L50, M|
|poke|p1|Incineroar, L50, M|
|poke|p1|Whimsicott, L50, F|
|poke|p1|Oranguru, L50, M|
|poke|p1|Garchomp, L50, M, shiny|
|poke|p1|Annihilape, L50, M|
|poke|p2|Milotic, L50, F, shiny|
|poke|p2|Pelipper, L50, M|
|poke|p2|Archaludon, L50, F|
|poke|p2|Incineroar, L50, M|
|poke|p2|Sinistcha, L50|
|poke|p2|Garchomp, L50, F|
|teampreview|4
|showteam|p1|Charizard||CharizarditeY|SolarPower|HeatWave,SolarBeam,Protect,AirSlash|Modest||M|||50|]Incineroar||SitrusBerry|Intimidate|FakeOut,FlareBlitz,PartingShot,Taunt|Adamant||M|||50|]Whimsicott||FocusSash|Prankster|Tailwind,Encore,Protect,Moonblast|Timid||F|||50|]Oranguru||MentalHerb|Telepathy|TrickRoom,Yawn,Protect,Instruct|Sassy||M|||50|]Garchomp||Garchompite|RoughSkin|Earthquake,DragonClaw,Protect,RockSlide|Adamant||M|||50|]Annihilape||Leftovers|Defiant|RageFist,DrainPunch,Protect,BulkUp|Adamant||M|||50|
|showteam|p2|Milotic||Leftovers|Competitive|Scald,IcyWind,Recover,Protect|Modest||F|||50|]Pelipper||FocusSash|Drizzle|Hurricane,Tailwind,Surf,Protect|Modest||M|||50|]Archaludon||WhiteHerb|Stamina|ElectroShot,FlashCannon,DracoMeteor,Protect|Modest||F|||50|]Incineroar||SitrusBerry|Intimidate|FakeOut,FlareBlitz,DarkPulse,PartingShot|Adamant||M|||50|]Sinistcha||OccaBerry|Hospitality|MatchaGotcha,ShadowBall,RagePowder,Protect|Bold|||||50|]Garchomp||LifeOrb|RoughSkin|Earthquake,DragonClaw,IronHead,Protect|Jolly||F|||50|
|
|t:|1784595147
|teamsize|p1|4
|teamsize|p2|4
|start
|switch|p1a: Charizard|Charizard, L50, M|100/100
|switch|p1b: Incineroar|Incineroar, L50, M|100/100
|switch|p2a: Milotic|Milotic, L50, F, shiny|100/100
|switch|p2b: Archaludon|Archaludon, L50, F|100/100
|-ability|p1b: Incineroar|Intimidate|boost
|-unboost|p2a: Milotic|atk|1
|-ability|p2a: Milotic|Competitive|boost
|-boost|p2a: Milotic|spa|2
|-unboost|p2b: Archaludon|atk|1
|-enditem|p2b: Archaludon|White Herb
|-clearnegativeboost|p2b: Archaludon|[silent]
|turn|1
|
|t:|1784595222
|detailschange|p1a: Charizard|Charizard-Mega-Y, L50, M
|-mega|p1a: Charizard|Charizard|Charizardite Y
|-weather|SunnyDay|[from] ability: Drought|[of] p1a: Charizard
|move|p1b: Incineroar|Fake Out|p2a: Milotic
|-damage|p2a: Milotic|85/100
|move|p1a: Charizard|Solar Beam||[still]
|-prepare|p1a: Charizard|Solar Beam
|-anim|p1a: Charizard|Solar Beam|p2a: Milotic
|-supereffective|p2a: Milotic|1
|-damage|p2a: Milotic|11/100
|move|p2b: Archaludon|Flash Cannon|p1a: Charizard
|-resisted|p1a: Charizard|1
|-damage|p1a: Charizard|80/100
|cant|p2a: Milotic|flinch
|
|-weather|SunnyDay|[upkeep]
|-heal|p2a: Milotic|17/100|[from] item: Leftovers
|upkeep
|turn|2
|
|t:|1784595272
|move|p1a: Charizard|Air Slash|p2a: Milotic
|-damage|p2a: Milotic|0 fnt
|faint|p2a: Milotic
|move|p2b: Archaludon|Flash Cannon|p1b: Incineroar
|-resisted|p1b: Incineroar|1
|-damage|p1b: Incineroar|74/100
|-unboost|p1b: Incineroar|spd|1
|move|p1b: Incineroar|Parting Shot|p2b: Archaludon
|-unboost|p2b: Archaludon|atk|1
|-unboost|p2b: Archaludon|spa|1
|
|t:|1784595282
|switch|p1b: Garchomp|Garchomp, L50, M, shiny|100/100|[from] Parting Shot
|
|-weather|SunnyDay|[upkeep]
|upkeep
|
|t:|1784595289
|switch|p2a: Sinistcha|Sinistcha, L50|100/100
|turn|3
|
|t:|1784595342
|move|p1b: Garchomp|Earthquake|p2a: Sinistcha|[spread] p2a,p2b
|-immune|p1a: Charizard
|-resisted|p2a: Sinistcha|1
|-supereffective|p2b: Archaludon|1
|-damage|p2a: Sinistcha|84/100
|-damage|p2b: Archaludon|32/100
|-ability|p2b: Archaludon|Stamina|boost
|-boost|p2b: Archaludon|def|1
|move|p1a: Charizard|Heat Wave|p2b: Archaludon|[spread] p2b
|-miss|p1a: Charizard|p2a: Sinistcha
|-damage|p2b: Archaludon|0 fnt
|faint|p2b: Archaludon
|move|p2a: Sinistcha|Matcha Gotcha|p1b: Garchomp|[spread] p1a,p1b
|-resisted|p1a: Charizard|2
|-damage|p1a: Charizard|75/100
|-heal|p2a: Sinistcha|87/100|[from] drain|[of] p1a: Charizard
|-damage|p1b: Garchomp|72/100
|-heal|p2a: Sinistcha|100/100|[from] drain|[of] p1b: Garchomp
|
|-weather|SunnyDay|[upkeep]
|upkeep
|
|t:|1784595362
|switch|p2b: Incineroar|Incineroar, L50, M|100/100
|-ability|p2b: Incineroar|Intimidate|boost
|-unboost|p1a: Charizard|atk|1
|-unboost|p1b: Garchomp|atk|1
|turn|4
|
|t:|1784595382
|switch|p1b: Incineroar|Incineroar, L50, M|74/100
|-ability|p1b: Incineroar|Intimidate|boost
|-unboost|p2a: Sinistcha|atk|1
|-unboost|p2b: Incineroar|atk|1
|move|p2b: Incineroar|Fake Out|p1b: Incineroar
|-damage|p1b: Incineroar|64/100
|move|p1a: Charizard|Heat Wave|p2a: Sinistcha|[spread] p2a,p2b
|-supereffective|p2a: Sinistcha|1
|-enditem|p2a: Sinistcha|Occa Berry|[eat]
|-enditem|p2a: Sinistcha|Occa Berry|[weaken]
|-resisted|p2b: Incineroar|1
|-damage|p2a: Sinistcha|28/100
|-damage|p2b: Incineroar|67/100
|move|p2a: Sinistcha|Matcha Gotcha|p1a: Charizard|[spread] p1a,p1b
|-resisted|p1a: Charizard|2
|-resisted|p1b: Incineroar|1
|-damage|p1a: Charizard|70/100
|-heal|p2a: Sinistcha|30/100|[from] drain|[of] p1a: Charizard
|-damage|p1b: Incineroar|51/100
|-heal|p2a: Sinistcha|38/100|[from] drain|[of] p1b: Incineroar
|
|-weather|SunnyDay|[upkeep]
|upkeep
|turn|5
|
|t:|1784595435
|move|p1b: Incineroar|Fake Out|p2b: Incineroar
|-damage|p2b: Incineroar|54/100
|move|p1a: Charizard|Heat Wave|p2b: Incineroar|[spread] p2a,p2b
|-supereffective|p2a: Sinistcha|1
|-resisted|p2b: Incineroar|1
|-damage|p2a: Sinistcha|0 fnt
|-damage|p2b: Incineroar|24/100
|-enditem|p2b: Incineroar|Sitrus Berry|[eat]
|-heal|p2b: Incineroar|49/100|[from] item: Sitrus Berry
|faint|p2a: Sinistcha
|cant|p2b: Incineroar|flinch
|
|-weather|none
|upkeep
|turn|6
|
|t:|1784595455
|move|p1a: Charizard|Air Slash|p2b: Incineroar
|-damage|p2b: Incineroar|4/100
|move|p1b: Incineroar|Flare Blitz|p2b: Incineroar
|-resisted|p2b: Incineroar|1
|-damage|p2b: Incineroar|0 fnt
|faint|p2b: Incineroar
|-damage|p1b: Incineroar|49/100|[from] Recoil
|-enditem|p1b: Incineroar|Sitrus Berry|[eat]
|-heal|p1b: Incineroar|74/100|[from] item: Sitrus Berry
|
|win|duvansans48
|inactive|duvansans48 has 30 seconds to confirm battle start!
|inactive|madaranxyz has 30 seconds to confirm battle start!
||duvansans48 is ready for game 2.
|l|☆madaranxyz
|player|p2|
|inactive|madaranxyz has 20 seconds to confirm battle start!
|inactive|madaranxyz has 10 seconds to confirm battle start!
|j|☆madaranxyz
|player|p2|madaranxyz|dawn|
|uhtml|next|Next: Game 2 of 3
