|j|☆ChrisJHall1
|j|☆Tchoubib
|html|ChrisJHall1Tchoubib    
|uhtml|bestof|Game 2 of a best-of-3
|t:|1756585404
|gametype|doubles
|player|p1|ChrisJHall1|1|1109
|player|p2|Tchoubib|cynthia|1201
|gen|9
|tier|[Gen 9] VGC 2025 Reg H (Bo3)
|rated|
|rule|Species Clause: Limit one of each Pokémon
|rule|Item Clause: Limit 1 of each item
|clearpoke
|poke|p1|Indeedee-F, L50, F|
|poke|p1|Torkoal, L50, M|
|poke|p1|Hatterene, L50, F|
|poke|p1|Ursaluna, L50, M|
|poke|p1|Gallade, L50, M|
|poke|p1|Annihilape, L50, M|
|poke|p2|Sneasler, L50, F|
|poke|p2|Dragapult, L50, M|
|poke|p2|Primarina, L50, F|
|poke|p2|Rillaboom, L50, M|
|poke|p2|Kingambit, L50, M|
|poke|p2|Magmar, L50, F|
|teampreview|4
|showteam|p1|Indeedee-F||RockyHelmet|PsychicSurge|TrickRoom,FollowMe,HelpingHand,Psychic|||F|||50|,,,,,Water]Torkoal||AssaultVest|Drought|Eruption,ClearSmog,HeatWave,WeatherBall|||M|||50|,,,,,Fire]Hatterene||LifeOrb|MagicBounce|ExpandingForce,TrickRoom,MysticalFire,DazzlingGleam|||F|||50|,,,,,Fire]Ursaluna||FlameOrb|Guts|HeadlongRush,Facade,Protect,Earthquake|||M|||50|,,,,,Ghost]Gallade||ClearAmulet|Sharpness|SacredSword,PsychoCut,TrickRoom,WideGuard|||M|||50|,,,,,Grass]Annihilape||ChoiceScarf|Defiant|CloseCombat,FinalGambit,Uturn,PhantomForce|||M|||50|,,,,,Stellar
|showteam|p2|Sneasler||FocusSash|PoisonTouch|CloseCombat,DireClaw,FakeOut,Protect|||F|||50|,,,,,Stellar]Dragapult||ChoiceBand|ClearBody|DragonDarts,TeraBlast,PhantomForce,Uturn|||M|||50|,,,,,Ghost]Primarina||SitrusBerry|LiquidVoice|HyperVoice,Moonblast,Haze,Protect|||F|||50|,,,,,Water]Rillaboom||AssaultVest|GrassySurge|WoodHammer,GrassyGlide,HighHorsepower,FakeOut|||M|||50|,,,,,Fire]Kingambit||BlackGlasses|Defiant|KowtowCleave,SuckerPunch,SwordsDance,Protect|||M|||50|,,,,,Ghost]Magmar||Eviolite|VitalSpirit|Flamethrower,WillOWisp,FollowMe,Protect|||F|||50|,,,,,Ghost
|inactive|Battle timer is ON: inactive players will automatically lose when time's up. (requested by ChrisJHall1)
|inactive|Tchoubib has 60 seconds left.
|
|t:|1756585464
|teamsize|p1|4
|teamsize|p2|4
|start
|switch|p1a: Hatterene|Hatterene, L50, F|100/100
|switch|p1b: Annihilape|Annihilape, L50, M|100/100
|switch|p2a: Dragapult|Dragapult, L50, M|100/100
|switch|p2b: Kingambit|Kingambit, L50, M|100/100
|turn|1
|inactive|ChrisJHall1 has 30 seconds left.
|
|t:|1756585494
|switch|p1b: Indeedee|Indeedee-F, L50, F|100/100
|-fieldstart|move: Psychic Terrain|[from] ability: Psychic Surge|[of] p1b: Indeedee
|-terastallize|p2a: Dragapult|Ghost
|move|p2b: Kingambit|Protect|p2b: Kingambit
|-singleturn|p2b: Kingambit|Protect
|move|p2a: Dragapult|Tera Blast|p1a: Hatterene|[anim] Tera Blast Ghost
|-supereffective|p1a: Hatterene
|-damage|p1a: Hatterene|0 fnt
|faint|p1a: Hatterene
|
|upkeep
|
|t:|1756585507
|switch|p1a: Annihilape|Annihilape, L50, M|100/100
|turn|2
|
|t:|1756585527
|switch|p2a: Rillaboom|Rillaboom, L50, M|100/100
|-fieldstart|move: Grassy Terrain|[from] ability: Grassy Surge|[of] p2a: Rillaboom
|move|p1b: Indeedee|Follow Me|p1b: Indeedee
|-singleturn|p1b: Indeedee|move: Follow Me
|move|p2b: Kingambit|Sucker Punch||[still]
|-fail|p2b: Kingambit
|move|p1a: Annihilape|Close Combat|p2b: Kingambit
|-supereffective|p2b: Kingambit
|-damage|p2b: Kingambit|0 fnt
|-unboost|p1a: Annihilape|def|1
|-unboost|p1a: Annihilape|spd|1
|faint|p2b: Kingambit
|
|upkeep
|
|t:|1756585536
|switch|p2b: Dragapult|Dragapult, L50, M, tera:Ghost|100/100
|turn|3
|inactive|ChrisJHall1 has 30 seconds left.
|inactive|Tchoubib has 30 seconds left.
|inactive|Tchoubib has 20 seconds left.
|
|t:|1756585577
|switch|p2a: Primarina|Primarina, L50, F|100/100
|switch|p1b: Torkoal|Torkoal, L50, M|100/100
|-weather|SunnyDay|[from] ability: Drought|[of] p1b: Torkoal
|move|p1a: Annihilape|Close Combat|p2a: Primarina
|-resisted|p2a: Primarina
|-damage|p2a: Primarina|76/100
|-unboost|p1a: Annihilape|def|1
|-unboost|p1a: Annihilape|spd|1
|move|p2b: Dragapult|Dragon Darts|p1a: Annihilape
|-damage|p1a: Annihilape|23/100
|-anim|p2b: Dragapult|Dragon Darts|p1b: Torkoal
|-damage|p1b: Torkoal|73/100
|
|-weather|SunnyDay|[upkeep]
|-heal|p1a: Annihilape|29/100|[from] Grassy Terrain
|-heal|p2a: Primarina|82/100|[from] Grassy Terrain
|-heal|p1b: Torkoal|79/100|[from] Grassy Terrain
|upkeep
|turn|4
|inactive|ChrisJHall1 has 30 seconds left.
|
|t:|1756585604
|switch|p1a: Indeedee|Indeedee-F, L50, F|100/100
|-fieldstart|move: Psychic Terrain|[from] ability: Psychic Surge|[of] p1a: Indeedee
|move|p2b: Dragapult|Dragon Darts|p1a: Indeedee
|-damage|p1a: Indeedee|58/100
|-anim|p2b: Dragapult|Dragon Darts|p1b: Torkoal
|-damage|p1b: Torkoal|51/100
|move|p2a: Primarina|Hyper Voice|p1a: Indeedee|[spread] p1a,p1b
|-supereffective|p1b: Torkoal
|-damage|p1a: Indeedee|46/100
|-damage|p1b: Torkoal|25/100
|move|p1b: Torkoal|Weather Ball|p2b: Dragapult
|-damage|p2b: Dragapult|8/100
|
|-weather|SunnyDay|[upkeep]
|upkeep
|turn|5
|-message|ChrisJHall1 forfeited.
|
|win|Tchoubib
|raw|ChrisJHall1's rating: 1109 → 1090(-19 for losing)
|raw|Tchoubib's rating: 1201 → 1220(+19 for winning)
|l|☆ChrisJHall1
|player|p1|
