|j|☆bellytelevision
|j|☆NyulaDraws
|html|bellytelevisionNyulaDraws    
|uhtml|bestof|Game 3 of a best-of-3
|t:|1785259051
|gametype|doubles
|player|p1|bellytelevision|biker|1121
|player|p2|NyulaDraws|backpacker|1050
|gen|9
|tier|[Gen 9 Champions] VGC 2026 Reg M-B (Bo3)
|rated|
|rule|Species Clause: Limit one of each Pokémon
|rule|Item Clause: Limit 1 of each item
|clearpoke
|poke|p1|Pelipper, L50, F|
|poke|p1|Grimmsnarl, L50, M|
|poke|p1|Charizard, L50, M|
|poke|p1|Venusaur, L50, F|
|poke|p1|Basculegion, L50, M|
|poke|p1|Archaludon, L50, M|
|poke|p2|Staraptor, L50, M|
|poke|p2|Delphox, L50, M|
|poke|p2|Whimsicott, L50, F|
|poke|p2|Kingambit, L50, M|
|poke|p2|Garchomp, L50, M|
|poke|p2|Glimmora, L50, F|
|teampreview|4
|showteam|p1|Pelipper||SitrusBerry|Drizzle|Hurricane,WeatherBall,Tailwind,WideGuard|Modest||F|||50|]Grimmsnarl||LightClay|Prankster|SpiritBreak,Reflect,LightScreen,PartingShot|Sassy||M|||50|]Charizard||CharizarditeY|Blaze|HeatWave,WeatherBall,SolarBeam,Protect|Modest||M|||50|]Venusaur||FocusSash|Chlorophyll|SludgeBomb,EarthPower,SleepPowder,Protect|Modest||F|||50|]Basculegion||ChoiceScarf|Adaptability|WaveCrash,LastRespects,FlipTurn,AquaJet|Jolly||M|||50|]Archaludon||Leftovers|Stamina|DragonPulse,FlashCannon,ElectroShot,Protect|Calm||M|||50|
|showteam|p2|Staraptor||Staraptite|Intimidate|CloseCombat,DualWingbeat,Roost,Protect|Jolly||M|||50|]Delphox||Delphoxite|Blaze|HeatWave,Psychic,Encore,Protect|Timid||M|||50|]Whimsicott||OccaBerry|Prankster|Tailwind,Moonblast,Charm,LightScreen|Timid||F|||50|]Kingambit||ChopleBerry|Defiant|KowtowCleave,IronHead,LowKick,SuckerPunch|Adamant||M|||50|]Garchomp||ChoiceScarf|RoughSkin|Earthquake,DragonClaw,RockSlide,StompingTantrum|Adamant||M|||50|]Glimmora||FocusSash|ToxicDebris|PowerGem,SludgeBomb,EarthPower,SpikyShield|Modest||F|||50|
|inactive|Battle timer is ON: inactive players will automatically lose when time's up. (requested by NyulaDraws)
|inactive|bellytelevision has 60 seconds left.
|
|t:|1785259094
|teamsize|p1|4
|teamsize|p2|4
|start
|switch|p1a: Charizard|Charizard, L50, M|100/100
|switch|p1b: Venusaur|Venusaur, L50, F|100/100
|switch|p2a: Whimsicott|Whimsicott, L50, F|100/100
|switch|p2b: Staraptor|Staraptor, L50, M|100/100
|-ability|p2b: Staraptor|Intimidate|boost
|-unboost|p1a: Charizard|atk|1
|-unboost|p1b: Venusaur|atk|1
|turn|1
|
|t:|1785259118
|detailschange|p2b: Staraptor|Staraptor-Mega, L50, M
|-mega|p2b: Staraptor|Staraptor|Staraptite
|detailschange|p1a: Charizard|Charizard-Mega-Y, L50, M
|-mega|p1a: Charizard|Charizard|Charizardite Y
|-weather|SunnyDay|[from] ability: Drought|[of] p1a: Charizard
|move|p2a: Whimsicott|Tailwind|p2a: Whimsicott
|-sidestart|p2: NyulaDraws|move: Tailwind
|move|p2b: Staraptor|Dual Wingbeat|p1b: Venusaur
|-supereffective|p1b: Venusaur|1
|-damage|p1b: Venusaur|48/100
|-supereffective|p1b: Venusaur|1
|-damage|p1b: Venusaur|0 fnt
|faint|p1b: Venusaur
|-hitcount|p1: Venusaur|2
|move|p1a: Charizard|Heat Wave|p2b: Staraptor|[spread] p2b
|-miss|p1a: Charizard|p2a: Whimsicott
|-damage|p2b: Staraptor|30/100
|
|-weather|SunnyDay|[upkeep]
|upkeep
|inactive|bellytelevision has 30 seconds left.
|
|t:|1785259152
|switch|p1b: Basculegion|Basculegion, L50, M|100/100
|turn|2
|
|t:|1785259171
|move|p2a: Whimsicott|Light Screen|p2a: Whimsicott
|-sidestart|p2: NyulaDraws|move: Light Screen
|move|p2b: Staraptor|Roost|p2b: Staraptor
|-heal|p2b: Staraptor|80/100
|-singleturn|p2b: Staraptor|move: Roost
|move|p1b: Basculegion|Last Respects|p2a: Whimsicott
|-damage|p2a: Whimsicott|42/100
|move|p1a: Charizard|Heat Wave|p2a: Whimsicott|[spread] p2a,p2b
|-supereffective|p2a: Whimsicott|1
|-enditem|p2a: Whimsicott|Occa Berry|[eat]
|-enditem|p2a: Whimsicott|Occa Berry|[weaken]
|-damage|p2a: Whimsicott|0 fnt
|-damage|p2b: Staraptor|37/100
|-status|p2b: Staraptor|brn
|faint|p2a: Whimsicott
|
|-weather|SunnyDay|[upkeep]
|-damage|p2b: Staraptor|31/100 brn|[from] brn
|upkeep
|
|t:|1785259188
|switch|p2a: Kingambit|Kingambit, L50, M|100/100
|turn|3
|
|t:|1785259208
|switch|p1b: Pelipper|Pelipper, L50, F|100/100
|-weather|RainDance|[from] ability: Drizzle|[of] p1b: Pelipper
|move|p2a: Kingambit|Sucker Punch||[still]
|-fail|p2a: Kingambit
|move|p2b: Staraptor|Close Combat|p1b: Pelipper
|-resisted|p1b: Pelipper|1
|-damage|p1b: Pelipper|84/100
|-boost|p2b: Staraptor|def|1
|-boost|p2b: Staraptor|spd|1
|move|p1a: Charizard|Weather Ball|p2a: Kingambit
|-damage|p2a: Kingambit|66/100
|
|-weather|RainDance|[upkeep]
|-damage|p2b: Staraptor|25/100 brn|[from] brn
|upkeep
|turn|4
|inactive|bellytelevision has 30 seconds left.
|
|t:|1785259233
|move|p2b: Staraptor|Roost|p2b: Staraptor
|-heal|p2b: Staraptor|75/100 brn
|-singleturn|p2b: Staraptor|move: Roost
|move|p2a: Kingambit|Kowtow Cleave|p1a: Charizard
|-damage|p1a: Charizard|51/100
|move|p1a: Charizard|Heat Wave|p2a: Kingambit|[spread] p2a,p2b
|-supereffective|p2a: Kingambit|1
|-damage|p2a: Kingambit|39/100
|-damage|p2b: Staraptor|67/100 brn
|move|p1b: Pelipper|Weather Ball|p2a: Kingambit
|-damage|p2a: Kingambit|4/100
|
|-weather|RainDance|[upkeep]
|-damage|p2b: Staraptor|61/100 brn|[from] brn
|-sideend|p2: NyulaDraws|move: Tailwind
|upkeep
|turn|5
|inactive|NyulaDraws has 30 seconds left.
|inactive|bellytelevision has 30 seconds left.
|inactive|NyulaDraws has 20 seconds left.
|
|t:|1785259273
|move|p1a: Charizard|Protect|p1a: Charizard
|-singleturn|p1a: Charizard|Protect
|move|p2a: Kingambit|Sucker Punch||[still]
|-fail|p2a: Kingambit
|move|p2b: Staraptor|Dual Wingbeat|p1a: Charizard
|-activate|p1a: Charizard|move: Protect
|move|p1b: Pelipper|Hurricane|p2b: Staraptor
|-supereffective|p2b: Staraptor|1
|-damage|p2b: Staraptor|17/100 brn
|-start|p2b: Staraptor|confusion
|
|-weather|RainDance|[upkeep]
|-damage|p2b: Staraptor|11/100 brn|[from] brn
|upkeep
|turn|6
|
|t:|1785259291
|switch|p1a: Basculegion|Basculegion, L50, M|100/100
|move|p2a: Kingambit|Sucker Punch||[still]
|-fail|p2a: Kingambit
|-activate|p2b: Staraptor|confusion
|move|p2b: Staraptor|Dual Wingbeat|p1a: Basculegion
|-crit|p1a: Basculegion
|-damage|p1a: Basculegion|82/100
|-damage|p1a: Basculegion|70/100
|-hitcount|p1a: Basculegion|2
|move|p1b: Pelipper|Weather Ball|p2a: Kingambit
|-damage|p2a: Kingambit|0 fnt
|faint|p2a: Kingambit
|
|-weather|RainDance|[upkeep]
|-damage|p2b: Staraptor|5/100 brn|[from] brn
|-sideend|p2: NyulaDraws|move: Light Screen
|upkeep
|-message|NyulaDraws forfeited.
|raw|bellytelevision's rating: 1121 → 1141(+20 for winning)
|raw|NyulaDraws's rating: 1050 → 1036(-14 for losing)
|
|win|bellytelevision
|l|☆NyulaDraws
|player|p2|
|c|☆bellytelevision|gg!
