|j|☆catsemma
|j|☆VJGreen
|html|catsemmaVJGreen    
|uhtml|bestof|Game 1 of a best-of-3
|t:|1784316929
|gametype|doubles
|player|p1|catsemma|266|
|player|p2|VJGreen|265|
|gen|9
|tier|[Gen 9 Champions] VGC 2026 Reg M-B (Bo3)
|rule|Species Clause: Limit one of each Pokémon
|rule|Item Clause: Limit 1 of each item
|clearpoke
|poke|p1|Steelix, L50, F|
|poke|p1|Mimikyu, L50, F|
|poke|p1|Sinistcha, L50|
|poke|p1|Clawitzer, L50, M|
|poke|p1|Staraptor, L50, M|
|poke|p1|Liepard, L50, M|
|poke|p2|Toxicroak, L50, F|
|poke|p2|Gengar, L50, M|
|poke|p2|Ninetales-Alola, L50, F|
|poke|p2|Kangaskhan, L50, F|
|poke|p2|Kommo-o, L50, F|
|poke|p2|Tauros-Paldea-Blaze, L50, M|
|teampreview|4
|showteam|p1|Steelix||Steelixite|SheerForce|Earthquake,GyroBall,Protect,BodyPress|Relaxed||F|||50|]Mimikyu||MentalHerb|Disguise|TrickRoom,Taunt,WillOWisp,PlayRough|Brave||F|||50|]Sinistcha||Leftovers|Hospitality|MatchaGotcha,TrickRoom,Protect,ShadowBall|Quiet|||||50|]Clawitzer||LifeOrb|MegaLauncher|WaterPulse,AuraSphere,DarkPulse,Protect|Quiet||M|||50|]Staraptor||Staraptite|Intimidate|BraveBird,CloseCombat,Protect,Roost|Brave||M|||50|]Liepard||FocusSash|Prankster|FakeOut,KnockOff,Charm,Encore|Adamant||M|||50|
|showteam|p2|Toxicroak||ExpertBelt|PoisonTouch|Taunt,FakeOut,SuckerPunch,BrickBreak|Jolly||F|||50|]Gengar||Gengarite|CursedBody|PerishSong,Protect,SludgeWave,ShadowBall|Modest||M|||50|]Ninetales-Alola||MentalHerb|SnowWarning|AuroraVeil,DazzlingGleam,Agility,Blizzard|Modest||F|||50|]Kangaskhan||Kangaskhanite|Scrappy|FakeOut,Protect,SuckerPunch,DoubleEdge|Jolly||F|||50|]Kommo-o||Leftovers|Soundproof|ClangingScales,Taunt,BodyPress,IronDefense|Calm||F|||50|]Tauros-Paldea-Blaze||FocusSash|Intimidate|CloseCombat,FlareBlitz,HighHorsepower,Endeavor|Adamant||M|||50|
|j| fenixyyy
|j| Cookedcatf1sh
|c|☆catsemma|good luck
|
|t:|1784316977
|teamsize|p1|4
|teamsize|p2|4
|start
|switch|p1a: Shkoder|Steelix, L50, F|100/100
|switch|p1b: Elbasan|Mimikyu, L50, F|100/100
|switch|p2a: Gengar|Gengar, L50, M|100/100
|switch|p2b: Tauros|Tauros-Paldea-Blaze, L50, M|100/100
|-ability|p2b: Tauros|Intimidate|boost
|-unboost|p1a: Shkoder|atk|1
|-unboost|p1b: Elbasan|atk|1
|turn|1
|inactive|Battle timer is ON: inactive players will automatically lose when time's up. (requested by catsemma)
|inactive|VJGreen has 60 seconds left.
|j| Myst66
|
|t:|1784317035
|switch|p1a: Ksamil|Clawitzer, L50, M|100/100
|move|p2a: Gengar|Shadow Ball|p1b: Elbasan
|-activate|p1b: Elbasan|ability: Disguise
|-damage|p1b: Elbasan|100/100
|-unboost|p1b: Elbasan|spd|1
|detailschange|p1b: Elbasan|Mimikyu-Busted, L50, F
|-damage|p1b: Elbasan|87/100|[from] pokemon: Mimikyu-Busted
|move|p2b: Tauros|Flare Blitz|p1a: Ksamil
|-resisted|p1a: Ksamil|1
|-damage|p1a: Ksamil|64/100
|-damage|p2b: Tauros|86/100|[from] Recoil
|move|p1b: Elbasan|Trick Room|p1b: Elbasan
|-fieldstart|move: Trick Room|[of] p1b: Elbasan
|
|upkeep
|turn|2
|inactive|catsemma has 30 seconds left.
|inactive|VJGreen has 30 seconds left.
|inactive|catsemma has 20 seconds left.
|inactive|VJGreen has 20 seconds left.
|inactive|catsemma has 15 seconds left.
|inactive|VJGreen has 15 seconds left.
|inactive|catsemma has 10 seconds left.
|
|t:|1784317083
|switch|p2b: Kurama|Ninetales-Alola, L50, F|100/100
|-weather|Snowscape|[from] ability: Snow Warning|[of] p2b: Kurama
|move|p2a: Gengar|Protect|p2a: Gengar
|-singleturn|p2a: Gengar|Protect
|move|p1a: Ksamil|Dark Pulse|p2a: Gengar
|-activate|p2a: Gengar|move: Protect
|move|p1b: Elbasan|Play Rough|p2b: Kurama
|-crit|p2b: Kurama
|-damage|p2b: Kurama|44/100
|
|-weather|Snowscape|[upkeep]
|upkeep
|turn|3
|inactive|VJGreen has 30 seconds left.
|inactive|VJGreen has 20 seconds left.
|inactive|VJGreen has 15 seconds left.
|inactive|VJGreen has 10 seconds left.
|
|t:|1784317130
|move|p1a: Ksamil|Dark Pulse|p2a: Gengar
|-supereffective|p2a: Gengar|1
|-damage|p2a: Gengar|0 fnt
|faint|p2a: Gengar
|-damage|p1a: Ksamil|55/100|[from] item: Life Orb
|move|p1b: Elbasan|Taunt|p2b: Kurama
|-start|p2b: Kurama|move: Taunt
|-enditem|p2b: Kurama|Mental Herb
|-end|p2b: Kurama|move: Taunt
|move|p2b: Kurama|Aurora Veil|p2b: Kurama
|-sidestart|p2: VJGreen|move: Aurora Veil
|
|-weather|Snowscape|[upkeep]
|upkeep
|
|t:|1784317145
|switch|p2a: Lucia|Toxicroak, L50, F|100/100
|turn|4
|
|t:|1784317165
|move|p1a: Ksamil|Protect|p1a: Ksamil
|-singleturn|p1a: Ksamil|Protect
|move|p2a: Lucia|Fake Out|p1a: Ksamil
|-activate|p1a: Ksamil|move: Protect
|move|p1b: Elbasan|Will-O-Wisp|p2a: Lucia
|-status|p2a: Lucia|brn
|move|p2b: Kurama|Blizzard|p1a: Ksamil|[spread] p1b
|-activate|p1a: Ksamil|move: Protect
|-crit|p1b: Elbasan
|-damage|p1b: Elbasan|4/100
|
|-weather|Snowscape|[upkeep]
|-damage|p2a: Lucia|94/100 brn|[from] brn
|upkeep
|turn|5
|inactive|catsemma has 30 seconds left.
|
|t:|1784317195
|switch|p1b: Durres|Sinistcha, L50|100/100
|-heal|p1a: Ksamil|79/100|[from] ability: Hospitality|[of] p1b: Durres
|move|p2a: Lucia|Sucker Punch|p1a: Ksamil
|-damage|p1a: Ksamil|67/100
|-status|p1a: Ksamil|psn|[from] ability: Poison Touch|[of] p2a: Lucia
|move|p1a: Ksamil|Water Pulse|p2b: Kurama
|-damage|p2b: Kurama|0 fnt
|faint|p2b: Kurama
|-damage|p1a: Ksamil|57/100 psn|[from] item: Life Orb
|
|-weather|Snowscape|[upkeep]
|-damage|p1a: Ksamil|45/100 psn|[from] psn
|-damage|p2a: Lucia|88/100 brn|[from] brn
|-fieldend|move: Trick Room
|upkeep
|
|t:|1784317210
|switch|p2b: Tauros|Tauros-Paldea-Blaze, L50, M|86/100
|-ability|p2b: Tauros|Intimidate|boost
|-unboost|p1a: Ksamil|atk|1
|-unboost|p1b: Durres|atk|1
|turn|6
|l| Myst66
|inactive|VJGreen has 30 seconds left.
|j| Myst66
|
|t:|1784317245
|move|p1a: Ksamil|Protect|p1a: Ksamil
|-singleturn|p1a: Ksamil|Protect
|move|p2b: Tauros|Flare Blitz|p1b: Durres
|-supereffective|p1b: Durres|1
|-damage|p1b: Durres|0 fnt
|faint|p1b: Durres
|-damage|p2b: Tauros|47/100|[from] Recoil
|move|p2a: Lucia|Taunt|p1a: Ksamil
|-activate|p1a: Ksamil|move: Protect
|
|-weather|none
|-damage|p1a: Ksamil|33/100 psn|[from] psn
|-damage|p2a: Lucia|83/100 brn|[from] brn
|upkeep
|
|t:|1784317255
|switch|p1b: Shkoder|Steelix, L50, F|100/100
|turn|7
|j| fishy justice
|inactive|VJGreen has 30 seconds left.
|
|t:|1784317289
|detailschange|p1b: Shkoder|Steelix-Mega, L50, F
|-mega|p1b: Shkoder|Steelix|Steelixite
|move|p2b: Tauros|Flare Blitz|p1b: Shkoder
|-supereffective|p1b: Shkoder|1
|-damage|p1b: Shkoder|39/100
|-status|p1b: Shkoder|brn
|-damage|p2b: Tauros|27/100|[from] Recoil
|move|p2a: Lucia|Brick Break|p1a: Ksamil
|-damage|p1a: Ksamil|13/100 psn
|move|p1a: Ksamil|Water Pulse|p2a: Lucia
|-damage|p2a: Lucia|19/100 brn
|-start|p2a: Lucia|confusion
|-damage|p1a: Ksamil|3/100 psn|[from] item: Life Orb
|move|p1b: Shkoder|Earthquake|p2b: Tauros|[spread] p1a,p2a,p2b
|-supereffective|p2a: Lucia|1
|-supereffective|p2b: Tauros|1
|-damage|p1a: Ksamil|0 fnt
|-damage|p2a: Lucia|0 fnt
|-damage|p2b: Tauros|0 fnt
|faint|p1a: Ksamil
|faint|p2a: Lucia
|faint|p2b: Tauros
|
|win|catsemma
|inactive|catsemma has 30 seconds to confirm battle start!
|inactive|VJGreen has 30 seconds to confirm battle start!
||catsemma is ready for game 2.
|inactive|VJGreen has 20 seconds to confirm battle start!
||VJGreen is ready for game 2.
|uhtml|next|Next: Game 2 of 3
|l| Myst66
|j| Myst66
|l| Myst66
