|j|☆Govek314
|j|☆ScillyWi11y
|html|Govek314ScillyWi11y    
|uhtml|bestof|Game 1 of a best-of-3
|t:|1756856957
|gametype|doubles
|player|p1|Govek314|2|1101
|player|p2|ScillyWi11y|170|1156
|gen|9
|tier|[Gen 9] VGC 2025 Reg H (Bo3)
|rated|
|rule|Species Clause: Limit one of each Pokémon
|rule|Item Clause: Limit 1 of each item
|clearpoke
|poke|p1|Hydreigon, L50, F|
|poke|p1|Ursaluna-Bloodmoon, L50, M|
|poke|p1|Gholdengo, L50|
|poke|p1|Weezing-Galar, L50, M|
|poke|p1|Porygon2, L50|
|poke|p1|Incineroar, L50, M|
|poke|p2|Garchomp, L50, F|
|poke|p2|Whimsicott, L50, M|
|poke|p2|Incineroar, L50, M|
|poke|p2|Gengar, L50, M|
|poke|p2|Primarina, L50, M|
|poke|p2|Kingambit, L50, M|
|teampreview|4
|showteam|p1|Hydreigon||SafetyGoggles|Levitate|DracoMeteor,Snarl,Tailwind,Protect|||F|||50|,,,,,Ghost]Ursaluna-Bloodmoon||LifeOrb|MindsEye|BloodMoon,HyperVoice,Protect,EarthPower|||M|||50|,,,,,Normal]Gholdengo||ChoiceSpecs|GoodasGold|ShadowBall,DazzlingGleam,Thunderbolt,MakeItRain||||||50|,,,,,Fairy]Weezing-Galar||SitrusBerry|NeutralizingGas|GunkShot,PlayRough,Haze,Protect|||M|||50|,,,,,Water]Porygon2||Eviolite|Download|TeraBlast,IceBeam,Recover,TrickRoom||||||50|,,,,,Fighting]Incineroar||AbilityShield|Intimidate|FakeOut,FlareBlitz,KnockOff,PartingShot|||M|||50|,,,,,Ghost
|showteam|p2|Garchomp||LifeOrb|RoughSkin|Earthquake,Protect,DragonClaw,StompingTantrum|||F|||50|,,,,,Fairy]Whimsicott||CovertCloak|Prankster|Tailwind,FakeTears,Taunt,Moonblast|||M|||50|,,,,,Fairy]Incineroar||SafetyGoggles|Intimidate|FakeOut,Protect,PartingShot,KnockOff|||M|||50|,,,,,Bug]Gengar||FocusSash|CursedBody|SludgeBomb,ShadowBall,Protect,TrickRoom|||M|||50|,,,,,Grass]Primarina||ThroatSpray|LiquidVoice|Moonblast,HyperVoice,CalmMind,Protect|||M|||50|,,,,,Water]Kingambit||BlackGlasses|Defiant|SuckerPunch,KowtowCleave,Protect,IronHead|||M|||50|,,,,,Flying
|inactive|Battle timer is ON: inactive players will automatically lose when time's up. (requested by ScillyWi11y)
|
|t:|1756857014
|teamsize|p1|4
|teamsize|p2|4
|start
|switch|p1a: Weezing|Weezing-Galar, L50, M, shiny|100/100
|switch|p1b: Hydreigon|Hydreigon, L50, F|100/100
|switch|p2a: Garchomp|Garchomp, L50, F|100/100
|switch|p2b: Kingambit|Kingambit, L50, M|100/100
|-ability|p1a: Weezing|Neutralizing Gas
|turn|1
|inactive|ScillyWi11y has 30 seconds left.
|inactive|Govek314 has 30 seconds left.
|inactive|ScillyWi11y has 20 seconds left.
|inactive|ScillyWi11y has 15 seconds left.
|
|t:|1756857056
|-terastallize|p1a: Weezing|Water
|-terastallize|p2b: Kingambit|Flying
|move|p1b: Hydreigon|Protect|p1b: Hydreigon
|-singleturn|p1b: Hydreigon|Protect
|move|p2a: Garchomp|Earthquake|p1b: Hydreigon|[spread] p1a
|-activate|p1b: Hydreigon|move: Protect
|-immune|p2b: Kingambit
|-crit|p1a: Weezing
|-damage|p1a: Weezing|22/100
|-enditem|p1a: Weezing|Sitrus Berry|[eat]
|-heal|p1a: Weezing|47/100|[from] item: Sitrus Berry
|-damage|p2a: Garchomp|91/100|[from] item: Life Orb
|move|p1a: Weezing|Play Rough|p2a: Garchomp
|-supereffective|p2a: Garchomp
|-damage|p2a: Garchomp|19/100
|move|p2b: Kingambit|Iron Head|p1a: Weezing
|-resisted|p1a: Weezing
|-damage|p1a: Weezing|23/100
|
|upkeep
|turn|2
|inactive|Govek314 has 30 seconds left.
|inactive|ScillyWi11y has 30 seconds left.
|inactive|ScillyWi11y has 20 seconds left.
|inactive|ScillyWi11y has 15 seconds left.
|inactive|Govek314 has 20 seconds left.
|inactive|ScillyWi11y has 10 seconds left.
|
|t:|1756857104
|move|p2a: Garchomp|Protect|p2a: Garchomp
|-singleturn|p2a: Garchomp|Protect
|move|p1a: Weezing|Protect|p1a: Weezing
|-singleturn|p1a: Weezing|Protect
|move|p1b: Hydreigon|Tailwind|p1b: Hydreigon
|-sidestart|p1: Govek314|move: Tailwind
|move|p2b: Kingambit|Kowtow Cleave|p1a: Weezing
|-activate|p1a: Weezing|move: Protect
|
|upkeep
|turn|3
|
|t:|1756857123
|switch|p2a: Whimsicott|Whimsicott, L50, M|100/100
|move|p2b: Kingambit|Sucker Punch|p1a: Weezing
|-damage|p1a: Weezing|0 fnt
|faint|p1a: Weezing
|-end|p1a: Weezing|ability: Neutralizing Gas
|move|p1b: Hydreigon|Draco Meteor|p2b: Kingambit
|-damage|p2b: Kingambit|43/100
|-unboost|p1b: Hydreigon|spa|2
|
|upkeep
|
|t:|1756857138
|switch|p1a: Porygon2|Porygon2, L50, shiny|100/100
|-ability|p1a: Porygon2|Download|boost
|-boost|p1a: Porygon2|spa|1
|turn|4
|inactive|ScillyWi11y has 30 seconds left.
|
|t:|1756857172
|switch|p1b: Ursaluna|Ursaluna-Bloodmoon, L50, M|100/100
|switch|p2a: Primarina|Primarina, L50, M|100/100
|move|p1a: Porygon2|Ice Beam|p2b: Kingambit
|-supereffective|p2b: Kingambit
|-damage|p2b: Kingambit|0 fnt
|faint|p2b: Kingambit
|
|upkeep
|
|t:|1756857186
|switch|p2b: Whimsicott|Whimsicott, L50, M|100/100
|turn|5
|
|t:|1756857204
|move|p1b: Ursaluna|Protect|p1b: Ursaluna
|-singleturn|p1b: Ursaluna|Protect
|move|p2b: Whimsicott|Fake Tears|p1b: Ursaluna
|-activate|p1b: Ursaluna|move: Protect
|move|p2a: Primarina|Hyper Voice|p1a: Porygon2|[spread] p1a
|-activate|p1b: Ursaluna|move: Protect
|-damage|p1a: Porygon2|77/100
|-enditem|p2a: Primarina|Throat Spray
|-boost|p2a: Primarina|spa|1|[from] item: Throat Spray
|move|p1a: Porygon2|Trick Room|p1a: Porygon2
|-fieldstart|move: Trick Room|[of] p1a: Porygon2
|
|-sideend|p1: Govek314|move: Tailwind
|upkeep
|turn|6
|
|t:|1756857222
|switch|p1a: Hydreigon|Hydreigon, L50, F|100/100
|move|p2b: Whimsicott|Fake Tears|p1a: Hydreigon
|-hint|Since gen 7, Dark is immune to Prankster moves.
|-immune|p1a: Hydreigon
|move|p2a: Primarina|Hyper Voice|p1a: Hydreigon|[spread] p1a,p1b
|-resisted|p1a: Hydreigon
|-supereffective|p1b: Ursaluna
|-damage|p1a: Hydreigon|72/100
|-damage|p1b: Ursaluna|0 fnt
|faint|p1b: Ursaluna
|
|upkeep
|
|t:|1756857232
|switch|p1b: Porygon2|Porygon2, L50, shiny|77/100
|-ability|p1b: Porygon2|Download|boost
|-boost|p1b: Porygon2|spa|1
|turn|7
|
|t:|1756857247
|move|p1a: Hydreigon|Protect|p1a: Hydreigon
|-singleturn|p1a: Hydreigon|Protect
|move|p1b: Porygon2|Tera Blast|p2a: Primarina
|-damage|p2a: Primarina|59/100
|move|p2a: Primarina|Hyper Voice|p1a: Hydreigon|[spread] p1b
|-activate|p1a: Hydreigon|move: Protect
|-damage|p1b: Porygon2|45/100
|move|p2b: Whimsicott|Moonblast|p1a: Hydreigon
|-activate|p1a: Hydreigon|move: Protect
|
|upkeep
|turn|8
|inactive|Govek314 has 30 seconds left.
|
|t:|1756857274
|move|p1b: Porygon2|Ice Beam|p2b: Whimsicott
|-supereffective|p2b: Whimsicott
|-damage|p2b: Whimsicott|5/100
|move|p2a: Primarina|Hyper Voice|p1a: Hydreigon|[spread] p1a,p1b
|-resisted|p1a: Hydreigon
|-damage|p1a: Hydreigon|41/100
|-damage|p1b: Porygon2|12/100
|move|p2b: Whimsicott|Moonblast|p1a: Hydreigon
|-supereffective|p1a: Hydreigon
|-damage|p1a: Hydreigon|0 fnt
|faint|p1a: Hydreigon
|
|upkeep
|turn|9
|
|t:|1756857293
|move|p1b: Porygon2|Recover|p1b: Porygon2
|-heal|p1b: Porygon2|62/100
|move|p2a: Primarina|Hyper Voice|p1b: Porygon2
|-damage|p1b: Porygon2|14/100
|move|p2b: Whimsicott|Moonblast|p1b: Porygon2
|-damage|p1b: Porygon2|0 fnt
|faint|p1b: Porygon2
|
|win|ScillyWi11y
||ScillyWi11y is ready for game 2.
|inactive|Govek314 has 30 seconds to confirm battle start!
|c|☆Govek314|how slow is your whimsicott?
|inactive|Govek314 has 20 seconds to confirm battle start!
|l|☆Govek314
|player|p1|
||Govek314 is ready for game 2.
|uhtml|next|Next: Game 2 of 3
|l|☆ScillyWi11y
|player|p2|
|j|☆Govek314
|player|p1|Govek314|2|
