|j|☆efwefwefwefweifier
|j|☆ChinoTV
|html|efwefwefwefweifierChinoTV    
|uhtml|bestof|Game 1 of a best-of-3
|t:|1757127907
|gametype|doubles
|player|p1|efwefwefwefweifier|juan|1204
|player|p2|ChinoTV|red|1092
|gen|9
|tier|[Gen 9] VGC 2025 Reg H (Bo3)
|rated|
|rule|Species Clause: Limit one of each Pokémon
|rule|Item Clause: Limit 1 of each item
|clearpoke
|poke|p1|Maushold-Four, L50|
|poke|p1|Rillaboom, L50, M|
|poke|p1|Ursaluna-Bloodmoon, L50, M|
|poke|p1|Annihilape, L50, F|
|poke|p1|Ninetales-Alola, L50, F|
|poke|p1|Talonflame, L50, F|
|poke|p2|Grimmsnarl, L50, M|
|poke|p2|Ursaluna-Bloodmoon, L50, M|
|poke|p2|Incineroar, L50, F|
|poke|p2|Whimsicott, L50, F|
|poke|p2|Tyranitar, L50, F|
|poke|p2|Dragonite, L50, M|
|teampreview|4
|showteam|p1|Maushold-Four||SafetyGoggles|FriendGuard|FollowMe,BeatUp,SuperFang,Protect||||||50|,,,,,Ghost]Rillaboom||MiracleSeed|GrassySurge|WoodHammer,GrassyGlide,Uturn,FakeOut|||M|||50|,,,,,Fire]Ursaluna-Bloodmoon||AssaultVest|MindsEye|BloodMoon,HyperVoice,EarthPower,VacuumWave|||M|||50|,,,,,Normal]Annihilape||Leftovers|Defiant|DrainPunch,RageFist,BulkUp,Protect|||F|||50|,,,,,Fire]Ninetales-Alola||LightClay|SnowWarning|Blizzard,Encore,Moonblast,AuroraVeil|||F|||50|,,,,,Water]Talonflame||CovertCloak|GaleWings|BraveBird,Tailwind,WillOWisp,Taunt|||F|||50|,,,,,Dark
|showteam|p2|Grimmsnarl||LightClay|Prankster|MistyTerrain,SpiritBreak,LightScreen,Reflect|||M|||50|,,,,,Ghost]Ursaluna-Bloodmoon||LifeOrb|MindsEye|BloodMoon,HyperVoice,Protect,EarthPower|||M|||50|,,,,,Ghost]Incineroar||SafetyGoggles|Intimidate|FakeOut,KnockOff,FlareBlitz,PartingShot|||F|||50|,,,,,Ghost]Whimsicott||CovertCloak|Prankster|Moonblast,Tailwind,Taunt,Encore|||F|||50|,,,,,Fire]Tyranitar||AssaultVest|SandStream|TeraBlast,RockSlide,KnockOff,LowKick|||F|||50|,,,,,Flying]Dragonite||LumBerry|InnerFocus|ExtremeSpeed,Haze,TeraBlast,Protect|||M|||50|,,,,,Flying
|inactive|Battle timer is ON: inactive players will automatically lose when time's up. (requested by efwefwefwefweifier)
|inactive|efwefwefwefweifier has 60 seconds left.
|inactive|ChinoTV has 60 seconds left.
|inactive|efwefwefwefweifier has 30 seconds left.
|inactive|ChinoTV has 30 seconds left.
|inactive|ChinoTV has 20 seconds left.
|inactive|ChinoTV has 15 seconds left.
|inactive|ChinoTV has 10 seconds left.
|
|t:|1757127988
|teamsize|p1|4
|teamsize|p2|4
|start
|switch|p1a: Annihilape|Annihilape, L50, F|100/100
|switch|p1b: Rillaboom|Rillaboom, L50, M|100/100
|switch|p2a: Whimsicott|Whimsicott, L50, F|100/100
|switch|p2b: Dragonite|Dragonite, L50, M|100/100
|-fieldstart|move: Grassy Terrain|[from] ability: Grassy Surge|[of] p1b: Rillaboom
|turn|1
|
|t:|1757128012
|-terastallize|p2b: Dragonite|Flying
|move|p1a: Annihilape|Protect|p1a: Annihilape
|-singleturn|p1a: Annihilape|Protect
|move|p2a: Whimsicott|Taunt|p1a: Annihilape
|-activate|p1a: Annihilape|move: Protect
|move|p2b: Dragonite|Tera Blast|p1b: Rillaboom|[anim] Tera Blast Flying
|-supereffective|p1b: Rillaboom
|-damage|p1b: Rillaboom|0 fnt
|faint|p1b: Rillaboom
|
|upkeep
|
|t:|1757128026
|switch|p1b: Ursaluna|Ursaluna-Bloodmoon, L50, M|100/100
|turn|2
|
|t:|1757128035
|-terastallize|p1a: Annihilape|Fire
|move|p2a: Whimsicott|Encore|p1a: Annihilape
|-start|p1a: Annihilape|Encore
|move|p1a: Annihilape|Protect||[still]
|-fail|p1a: Annihilape
|move|p2b: Dragonite|Tera Blast|p1b: Ursaluna|[anim] Tera Blast Flying
|-damage|p1b: Ursaluna|54/100
|move|p1b: Ursaluna|Hyper Voice|p2a: Whimsicott|[spread] p2a,p2b
|-damage|p2a: Whimsicott|48/100
|-damage|p2b: Dragonite|69/100
|
|-heal|p2a: Whimsicott|54/100|[from] Grassy Terrain
|-heal|p1b: Ursaluna|60/100|[from] Grassy Terrain
|upkeep
|turn|3
|
|t:|1757128053
|switch|p1a: Maushold|Maushold-Four, L50|100/100
|move|p2a: Whimsicott|Moonblast|p1b: Ursaluna
|-damage|p1b: Ursaluna|46/100
|move|p2b: Dragonite|Tera Blast|p1b: Ursaluna|[anim] Tera Blast Flying
|-damage|p1b: Ursaluna|15/100
|move|p1b: Ursaluna|Blood Moon|p2b: Dragonite
|-damage|p2b: Dragonite|0 fnt
|faint|p2b: Dragonite
|
|-heal|p2a: Whimsicott|60/100|[from] Grassy Terrain
|-heal|p1b: Ursaluna|21/100|[from] Grassy Terrain
|upkeep
|
|t:|1757128067
|switch|p2b: Ursaluna|Ursaluna-Bloodmoon, L50, M|100/100
|turn|4
|
|t:|1757128083
|move|p2a: Whimsicott|Tailwind|p2a: Whimsicott
|-sidestart|p2: ChinoTV|move: Tailwind
|move|p2b: Ursaluna|Hyper Voice|p1a: Maushold|[spread] p1a,p1b
|-damage|p1a: Maushold|44/100
|-damage|p1b: Ursaluna|0 fnt
|faint|p1b: Ursaluna
|-damage|p2b: Ursaluna|91/100|[from] item: Life Orb
|move|p1a: Maushold|Super Fang|p2b: Ursaluna
|-damage|p2b: Ursaluna|46/100
|
|-heal|p2a: Whimsicott|66/100|[from] Grassy Terrain
|-heal|p2b: Ursaluna|52/100|[from] Grassy Terrain
|-heal|p1a: Maushold|50/100|[from] Grassy Terrain
|upkeep
|
|t:|1757128092
|switch|p1b: Annihilape|Annihilape, L50, F, tera:Fire|100/100
|turn|5
|
|t:|1757128103
|move|p1a: Maushold|Follow Me|p1a: Maushold
|-singleturn|p1a: Maushold|move: Follow Me
|move|p2a: Whimsicott|Encore|p1a: Maushold
|-start|p1a: Maushold|Encore
|move|p2b: Ursaluna|Earth Power|p1a: Maushold
|-damage|p1a: Maushold|0 fnt
|faint|p1a: Maushold
|-damage|p2b: Ursaluna|42/100|[from] item: Life Orb
|move|p1b: Annihilape|Drain Punch|p2b: Ursaluna
|-supereffective|p2b: Ursaluna
|-damage|p2b: Ursaluna|0 fnt
|faint|p2b: Ursaluna
|
|-heal|p2a: Whimsicott|72/100|[from] Grassy Terrain
|-fieldend|move: Grassy Terrain
|upkeep
|
|t:|1757128116
|switch|p2b: Incineroar|Incineroar, L50, F|100/100
|-ability|p2b: Incineroar|Intimidate|boost
|-unboost|p1b: Annihilape|atk|1
|-ability|p1b: Annihilape|Defiant|boost
|-boost|p1b: Annihilape|atk|2
|turn|6
|
|t:|1757128134
|move|p2b: Incineroar|Fake Out|p1b: Annihilape
|-damage|p1b: Annihilape|88/100
|move|p2a: Whimsicott|Moonblast|p1b: Annihilape
|-resisted|p1b: Annihilape
|-damage|p1b: Annihilape|77/100
|-unboost|p1b: Annihilape|spa|1
|-ability|p1b: Annihilape|Defiant|boost
|-boost|p1b: Annihilape|atk|2
|cant|p1b: Annihilape|flinch
|
|-heal|p1b: Annihilape|83/100|[from] item: Leftovers
|upkeep
|turn|7
|
|t:|1757128155
|move|p2a: Whimsicott|Moonblast|p1b: Annihilape
|-resisted|p1b: Annihilape
|-damage|p1b: Annihilape|73/100
|-unboost|p1b: Annihilape|spa|1
|-ability|p1b: Annihilape|Defiant|boost
|-boost|p1b: Annihilape|atk|2
|move|p2b: Incineroar|Knock Off|p1b: Annihilape
|-damage|p1b: Annihilape|29/100
|-enditem|p1b: Annihilape|Leftovers|[from] move: Knock Off|[of] p2b: Incineroar
|move|p1b: Annihilape|Drain Punch|p2b: Incineroar
|-supereffective|p2b: Incineroar
|-damage|p2b: Incineroar|0 fnt
|-heal|p1b: Annihilape|81/100|[from] drain|[of] p2b: Incineroar
|faint|p2b: Incineroar
|
|-sideend|p2: ChinoTV|move: Tailwind
|upkeep
|turn|8
|-message|ChinoTV forfeited.
|
|win|efwefwefwefweifier
|l|☆ChinoTV
|player|p2|
||ChinoTV is ready for game 2.
||efwefwefwefweifier is ready for game 2.
|uhtml|next|Next: Game 2 of 3
