|j|☆hippopotas fritas
|j|☆5wamp
|html|hippopotas fritas5wamp    
|uhtml|bestof|Game 2 of a best-of-3
|t:|1785255513
|gametype|doubles
|player|p1|hippopotas fritas|colress|
|player|p2|5wamp|170|
|gen|9
|tier|[Gen 9 Champions] VGC 2026 Reg M-B (Bo3)
|rule|Species Clause: Limit one of each Pokémon
|rule|Item Clause: Limit 1 of each item
|clearpoke
|poke|p1|Tyranitar, L50, F|
|poke|p1|Excadrill, L50, F|
|poke|p1|Milotic, L50, F|
|poke|p1|Sinistcha, L50|
|poke|p1|Staraptor, L50, F|
|poke|p1|Gholdengo, L50|
|poke|p2|Kingambit, L50, M|
|poke|p2|Gardevoir, L50, M|
|poke|p2|Talonflame, L50, F|
|poke|p2|Maushold, L50, shiny|
|poke|p2|Basculegion, L50, M|
|poke|p2|Kommo-o, L50, M|
|teampreview|4
|showteam|p1|Tyranitar||Tyranitarite|SandStream|KnockOff,RockSlide,HighHorsepower,Protect|Jolly||F|||50|]Excadrill||FocusSash|SandRush|HighHorsepower,IronHead,RockSlide,Protect|Adamant||F|||50|]Milotic||SitrusBerry|Competitive|Scald,IcyWind,Haze,Protect|Calm||F|||50|]Sinistcha||ColburBerry|Hospitality|MatchaGotcha,ShadowBall,Protect,RagePowder|Bold|||||50|]Staraptor||Staraptite|Intimidate|CloseCombat,BraveBird,Tailwind,Protect|Jolly||F|||50|]Gholdengo||LifeOrb|GoodasGold|MakeItRain,ShadowBall,NastyPlot,Protect|Modest|||||50|
|showteam|p2|Kingambit||FocusSash|Defiant|KowtowCleave,IronHead,SuckerPunch,LowKick|Adamant||M|||50|]Gardevoir||Gardevoirite|Telepathy|HyperVoice,Psyshock,Thunderbolt,Protect|Modest||M|||50|]Talonflame||SharpBeak|GaleWings|DualWingbeat,FlareBlitz,Tailwind,Protect|Jolly||F|||50|]Maushold||ChopleBerry|FriendGuard|Feint,SuperFang,FollowMe,Protect|Impish|||||50|]Basculegion||MysticWater|Adaptability|WaveCrash,LastRespects,AquaJet,Protect|Adamant||M|||50|]Kommo-o||LifeOrb|Overcoat|ClangingScales,AuraSphere,VacuumWave,Protect|Modest||M|||50|
|c|☆5wamp|I assume you had drill ghold back?
|c|☆hippopotas fritas|yeah
|c|☆hippopotas fritas|is that correct
|c|☆5wamp|I think so
|c|☆5wamp|these 4 feel good
|c|☆5wamp|lowkey any order works
|c|☆5wamp|I was scared of raptor ghold lead
|c|☆5wamp|as I kinda wanna gardevoir into raptor but ghold stops that
|c|☆hippopotas fritas|one issue with that lead is that sucker would kill ghold at +1
|c|☆5wamp|yeah that was why I went with garde gambit g1 lol
|c|☆5wamp|I like ttar raptor
|
|t:|1785255625
|teamsize|p1|4
|teamsize|p2|4
|start
|switch|p1a: unpopular opinion|Staraptor, L50, F|100/100
|switch|p1b: LegallyNotGodzilla|Tyranitar, L50, F|100/100
|switch|p2a: Gardevoir|Gardevoir, L50, M|100/100
|switch|p2b: Maushold|Maushold, L50, shiny|100/100
|-ability|p1a: unpopular opinion|Intimidate|boost
|-unboost|p2a: Gardevoir|atk|1
|-unboost|p2b: Maushold|atk|1
|-weather|Sandstorm|[from] ability: Sand Stream|[of] p1b: LegallyNotGodzilla
|turn|1
|c|☆5wamp|I feel like this might be worst case for ttar raptor?
|c|☆5wamp|so lets see
|
|t:|1785255653
|switch|p1a: Gholdielocks|Gholdengo, L50|100/100
|switch|p1b: Drilly the kid|Excadrill, L50, F|100/100
|detailschange|p2a: Gardevoir|Gardevoir-Mega, L50, M
|-mega|p2a: Gardevoir|Gardevoir|Gardevoirite
|move|p2b: Maushold|Protect|p2b: Maushold
|-singleturn|p2b: Maushold|Protect
|move|p2a: Gardevoir|Hyper Voice|p1a: Gholdielocks|[spread] p1a,p1b
|-resisted|p1a: Gholdielocks|1
|-resisted|p1b: Drilly the kid|1
|-damage|p1a: Gholdielocks|77/100
|-damage|p1b: Drilly the kid|65/100
|
|-weather|Sandstorm|[upkeep]
|-damage|p2b: Maushold|93/100|[from] Sandstorm
|-damage|p2a: Gardevoir|94/100|[from] Sandstorm
|upkeep
|turn|2
|c|☆5wamp|wait yeah that just works
|
|t:|1785255680
|switch|p2a: Kingambit|Kingambit, L50, M|100/100
|move|p2b: Maushold|Protect||[still]
|-fail|p2b: Maushold
|move|p1b: Drilly the kid|Rock Slide|p2b: Maushold|[spread] p2a,p2b
|-resisted|p2a: Kingambit|1
|-damage|p2a: Kingambit|93/100
|-damage|p2b: Maushold|73/100
|move|p1a: Gholdielocks|Nasty Plot|p1a: Gholdielocks
|-boost|p1a: Gholdielocks|spa|2
|
|-weather|Sandstorm|[upkeep]
|-damage|p2b: Maushold|67/100|[from] Sandstorm
|upkeep
|turn|3
|
|t:|1785255711
|switch|p1b: unpopular opinion|Staraptor, L50, F|100/100
|-ability|p1b: unpopular opinion|Intimidate|boost
|-unboost|p2a: Kingambit|atk|1
|-ability|p2a: Kingambit|Defiant|boost
|-boost|p2a: Kingambit|atk|2
|-unboost|p2b: Maushold|atk|1
|move|p1a: Gholdielocks|Protect|p1a: Gholdielocks
|-singleturn|p1a: Gholdielocks|Protect
|move|p2b: Maushold|Feint|p1b: unpopular opinion
|-damage|p1b: unpopular opinion|94/100
|move|p2a: Kingambit|Sucker Punch||[still]
|-fail|p2a: Kingambit
|
|-weather|Sandstorm|[upkeep]
|-damage|p1b: unpopular opinion|88/100|[from] Sandstorm
|-damage|p2b: Maushold|61/100|[from] Sandstorm
|upkeep
|turn|4
|
|t:|1785255724
|switch|p1a: LegallyNotGodzilla|Tyranitar, L50, F|100/100
|detailschange|p1b: unpopular opinion|Staraptor-Mega, L50, F
|-mega|p1b: unpopular opinion|Staraptor|Staraptite
|move|p2b: Maushold|Follow Me|p2b: Maushold
|-singleturn|p2b: Maushold|move: Follow Me
|move|p1b: unpopular opinion|Close Combat|p2b: Maushold
|-supereffective|p2b: Maushold|1
|-enditem|p2b: Maushold|Chople Berry|[eat]
|-enditem|p2b: Maushold|Chople Berry|[weaken]
|-damage|p2b: Maushold|11/100
|-boost|p1b: unpopular opinion|def|1
|-boost|p1b: unpopular opinion|spd|1
|move|p2a: Kingambit|Iron Head|p1b: unpopular opinion
|-damage|p1b: unpopular opinion|45/100
|
|-weather|Sandstorm|[upkeep]
|-damage|p1b: unpopular opinion|39/100|[from] Sandstorm
|-damage|p2b: Maushold|4/100|[from] Sandstorm
|upkeep
|turn|5
|
|t:|1785255746
|move|p1b: unpopular opinion|Protect|p1b: unpopular opinion
|-singleturn|p1b: unpopular opinion|Protect
|move|p2b: Maushold|Follow Me|p2b: Maushold
|-singleturn|p2b: Maushold|move: Follow Me
|move|p1a: LegallyNotGodzilla|Rock Slide|p2b: Maushold|[spread] p2a,p2b
|-resisted|p2a: Kingambit|1
|-damage|p2a: Kingambit|85/100
|-damage|p2b: Maushold|0 fnt
|faint|p2b: Maushold
|cant|p2a: Kingambit|flinch
|
|-weather|none
|upkeep
|
|t:|1785255755
|switch|p2b: Gardevoir|Gardevoir-Mega, L50, M|94/100
|turn|6
|
|t:|1785255759
|switch|p1a: Drilly the kid|Excadrill, L50, F|65/100
|switch|p2a: Basculegion|Basculegion, L50, M|100/100
|move|p1b: unpopular opinion|Close Combat|p2a: Basculegion
|-immune|p2a: Basculegion
|move|p2b: Gardevoir|Hyper Voice|p1a: Drilly the kid|[spread] p1a,p1b
|-resisted|p1a: Drilly the kid|1
|-supereffective|p1b: unpopular opinion|1
|-damage|p1a: Drilly the kid|28/100
|-damage|p1b: unpopular opinion|0 fnt
|faint|p1b: unpopular opinion
|
|upkeep
|
|t:|1785255764
|switch|p1b: LegallyNotGodzilla|Tyranitar, L50, F|100/100
|-weather|Sandstorm|[from] ability: Sand Stream|[of] p1b: LegallyNotGodzilla
|turn|7
|
|t:|1785255794
|move|p2a: Basculegion|Aqua Jet|p1a: Drilly the kid
|-supereffective|p1a: Drilly the kid|1
|-damage|p1a: Drilly the kid|0 fnt
|faint|p1a: Drilly the kid
|move|p2b: Gardevoir|Hyper Voice|p1b: LegallyNotGodzilla
|-supereffective|p1b: LegallyNotGodzilla|1
|-damage|p1b: LegallyNotGodzilla|14/100
|move|p1b: LegallyNotGodzilla|Knock Off|p2a: Basculegion
|-supereffective|p2a: Basculegion|1
|-damage|p2a: Basculegion|0 fnt
|-enditem|p2a: Basculegion|Mystic Water|[from] move: Knock Off|[of] p1b: LegallyNotGodzilla
|faint|p2a: Basculegion
|
|-weather|Sandstorm|[upkeep]
|-damage|p2b: Gardevoir|88/100|[from] Sandstorm
|upkeep
|
|t:|1785255804
|switch|p1a: Gholdielocks|Gholdengo, L50|77/100
|switch|p2a: Kingambit|Kingambit, L50, M|85/100
|turn|8
|c|☆hippopotas fritas|probs should have protected with exca
|c|☆5wamp|yeah
|c|☆5wamp|I dont know if it rlly helped tho
|c|☆5wamp|as gambit just comes in and then threatens sucker too
|
|t:|1785255832
|move|p2a: Kingambit|Sucker Punch||[still]
|-fail|p2a: Kingambit
|move|p2b: Gardevoir|Hyper Voice|p1b: LegallyNotGodzilla|[spread] p1a,p1b
|-resisted|p1a: Gholdielocks|1
|-supereffective|p1b: LegallyNotGodzilla|1
|-damage|p1a: Gholdielocks|53/100
|-damage|p1b: LegallyNotGodzilla|0 fnt
|faint|p1b: LegallyNotGodzilla
|move|p1a: Gholdielocks|Nasty Plot|p1a: Gholdielocks
|-boost|p1a: Gholdielocks|spa|2
|
|-weather|Sandstorm|[upkeep]
|-damage|p2b: Gardevoir|82/100|[from] Sandstorm
|upkeep
|turn|9
|
|t:|1785255837
|move|p2a: Kingambit|Sucker Punch|p1a: Gholdielocks
|-supereffective|p1a: Gholdielocks|1
|-damage|p1a: Gholdielocks|0 fnt
|faint|p1a: Gholdielocks
|
|win|5wamp
