|j|☆Extroier
|j|☆Needels
|html|ExtroierNeedels    
|uhtml|bestof|Game 3 of a best-of-3
|t:|1756954146
|gametype|doubles
|player|p1|Extroier|265|1106
|player|p2|Needels|eusine|1116
|gen|9
|tier|[Gen 9] VGC 2025 Reg H (Bo3)
|rated|
|rule|Species Clause: Limit one of each Pokémon
|rule|Item Clause: Limit 1 of each item
|clearpoke
|poke|p1|Tinkaton, L50, F|
|poke|p1|Archaludon, L50, F|
|poke|p1|Sneasler, L50, M|
|poke|p1|Charizard, L50, M|
|poke|p1|Torkoal, L50, M|
|poke|p1|Clefairy, L50, F|
|poke|p2|Ursaluna, L50, M|
|poke|p2|Jumpluff, L50, F|
|poke|p2|Charizard, L50, F|
|poke|p2|Torkoal, L50, M|
|poke|p2|Incineroar, L50, M|
|poke|p2|Porygon2, L50|
|teampreview|4
|showteam|p1|Tinkaton||Leftovers|OwnTempo|SwordsDance,GigatonHammer,Protect,FakeOut|||F|||50|,,,,,Dragon]Archaludon||PowerHerb|Stamina|ElectroShot,DracoMeteor,SteelBeam,Protect|||F|||50|,,,,,Steel]Sneasler||FocusSash|Unburden|CloseCombat,DireClaw,Protect,Taunt|||M|||50|,,,,,Ghost]Charizard||CovertCloak|SolarPower|Flamethrower,Protect,AncientPower,SolarBeam|||M|||50|,,,,,Fire]Torkoal||ChoiceSpecs|Drought|HelpingHand,Eruption,Protect,Yawn|||M|||50|,,,,,Fire]Clefairy||Eviolite|FriendGuard|HelpingHand,Protect,FollowMe,LifeDew|||F|||50|,,,,,Grass
|showteam|p2|Ursaluna||FlameOrb|Guts|HeadlongRush,Facade,Earthquake,Protect|||M|||50|,,,,,Ghost]Jumpluff||CovertCloak|Chlorophyll|SleepPowder,SunnyDay,Tailwind,RagePowder|||F|||50|,,,,,Fire]Charizard||ChoiceSpecs|SolarPower|DragonPulse,HeatWave,Overheat,WeatherBall|||F|||50|,,,,,Ghost]Torkoal||EjectPack|Drought|HelpingHand,Eruption,Overheat,Protect|||M|||50|,,,,,Fire]Incineroar||SitrusBerry|Intimidate|FakeOut,FlareBlitz,KnockOff,PartingShot|||M|||50|,,,,,Ghost]Porygon2||Eviolite|Download|TeraBlast,IceBeam,Recover,TrickRoom||||||50|,,,,,Fighting
|
|t:|1756954177
|teamsize|p1|4
|teamsize|p2|4
|start
|switch|p1a: Sneasler|Sneasler, L50, M|100/100
|switch|p1b: Tinkaton|Tinkaton, L50, F|100/100
|switch|p2a: Incineroar|Incineroar, L50, M|100/100
|switch|p2b: Porygon2|Porygon2, L50, shiny|100/100
|-ability|p2a: Incineroar|Intimidate|boost
|-unboost|p1a: Sneasler|atk|1
|-fail|p1b: Tinkaton|unboost|Attack|[from] ability: Own Tempo|[of] p1b: Tinkaton
|-ability|p2b: Porygon2|Download|boost
|-boost|p2b: Porygon2|atk|1
|turn|1
|inactive|Battle timer is ON: inactive players will automatically lose when time's up. (requested by Extroier)
|j| teamthief420
|l| teamthief420
|inactive|Needels has 60 seconds left.
|inactive|Needels has 30 seconds left.
|
|t:|1756954246
|move|p1b: Tinkaton|Fake Out|p2a: Incineroar
|-damage|p2a: Incineroar|91/100
|cant|p2a: Incineroar|flinch
|move|p1a: Sneasler|Dire Claw|p2b: Porygon2
|-damage|p2b: Porygon2|82/100
|-status|p2b: Porygon2|psn
|move|p2b: Porygon2|Trick Room|p2b: Porygon2
|-fieldstart|move: Trick Room|[of] p2b: Porygon2
|
|-damage|p2b: Porygon2|69/100 psn|[from] psn
|upkeep
|turn|2
|inactive|Extroier has 30 seconds left.
|inactive|Needels has 30 seconds left.
|inactive|Needels has 20 seconds left.
|
|t:|1756954283
|-terastallize|p1b: Tinkaton|Dragon
|move|p2b: Porygon2|Ice Beam|p1b: Tinkaton
|-supereffective|p1b: Tinkaton
|-damage|p1b: Tinkaton|47/100
|move|p2a: Incineroar|Parting Shot|p1a: Sneasler
|-unboost|p1a: Sneasler|atk|1
|-unboost|p1a: Sneasler|spa|1
|
|t:|1756954301
|switch|p2a: Ursaluna|Ursaluna, L50, M|100/100|[from] Parting Shot
|move|p1b: Tinkaton|Swords Dance|p1b: Tinkaton
|-boost|p1b: Tinkaton|atk|2
|move|p1a: Sneasler|Close Combat|p2a: Ursaluna
|-supereffective|p2a: Ursaluna
|-damage|p2a: Ursaluna|41/100
|-unboost|p1a: Sneasler|def|1
|-unboost|p1a: Sneasler|spd|1
|
|-heal|p1b: Tinkaton|53/100|[from] item: Leftovers
|-damage|p2b: Porygon2|57/100 psn|[from] psn
|-status|p2a: Ursaluna|brn|[from] item: Flame Orb
|upkeep
|turn|3
|inactive|Needels has 30 seconds left.
|inactive|Needels has 20 seconds left.
|inactive|Needels has 15 seconds left.
|
|t:|1756954342
|switch|p1a: Clefairy|Clefairy, L50, F|100/100
|move|p1b: Tinkaton|Protect|p1b: Tinkaton
|-singleturn|p1b: Tinkaton|Protect
|move|p2b: Porygon2|Recover|p2b: Porygon2
|-heal|p2b: Porygon2|100/100 psn
|move|p2a: Ursaluna|Earthquake|p1a: Clefairy|[spread] p2b,p1a
|-activate|p1b: Tinkaton|move: Protect
|-damage|p2b: Porygon2|55/100 psn
|-damage|p1a: Clefairy|21/100
|
|-heal|p1b: Tinkaton|59/100|[from] item: Leftovers
|-damage|p2b: Porygon2|43/100 psn|[from] psn
|-damage|p2a: Ursaluna|35/100 brn|[from] brn
|upkeep
|turn|4
|inactive|Extroier has 30 seconds left.
|inactive|Needels has 30 seconds left.
|inactive|Extroier has 20 seconds left.
|inactive|Needels has 20 seconds left.
|inactive|Extroier has 15 seconds left.
|inactive|Needels has 15 seconds left.
|inactive|Extroier has 10 seconds left.
|
|t:|1756954389
|switch|p2b: Incineroar|Incineroar, L50, M|91/100
|-ability|p2b: Incineroar|Intimidate|boost
|-unboost|p1a: Clefairy|atk|1
|-fail|p1b: Tinkaton|unboost|Attack|[from] ability: Own Tempo|[of] p1b: Tinkaton
|switch|p1b: Charizard|Charizard, L50, M|100/100
|move|p1a: Clefairy|Protect|p1a: Clefairy
|-singleturn|p1a: Clefairy|Protect
|move|p2a: Ursaluna|Earthquake|p1b: Charizard|[spread] p2b
|-activate|p1a: Clefairy|move: Protect
|-immune|p1b: Charizard
|-supereffective|p2b: Incineroar
|-damage|p2b: Incineroar|0 fnt
|faint|p2b: Incineroar
|
|-damage|p2a: Ursaluna|30/100 brn|[from] brn
|upkeep
|
|t:|1756954401
|switch|p2b: Torkoal|Torkoal, L50, M|100/100
|-weather|SunnyDay|[from] ability: Drought|[of] p2b: Torkoal
|turn|5
|inactive|Extroier has 30 seconds left.
|
|t:|1756954426
|-terastallize|p2b: Torkoal|Fire
|move|p1a: Clefairy|Protect||[still]
|-fail|p1a: Clefairy
|move|p1b: Charizard|Protect|p1b: Charizard
|-singleturn|p1b: Charizard|Protect
|move|p2b: Torkoal|Eruption|p1a: Clefairy|[spread] p1a
|-activate|p1b: Charizard|move: Protect
|-crit|p1a: Clefairy
|-damage|p1a: Clefairy|0 fnt
|faint|p1a: Clefairy
|move|p2a: Ursaluna|Facade|p1b: Charizard
|-activate|p1b: Charizard|move: Protect
|
|-weather|SunnyDay|[upkeep]
|-damage|p1b: Charizard|88/100|[from] ability: Solar Power|[of] p1b: Charizard
|-damage|p2a: Ursaluna|24/100 brn|[from] brn
|-fieldend|move: Trick Room
|upkeep
|inactive|Extroier has 30 seconds left.
|inactive|Extroier has 20 seconds left.
|
|t:|1756954463
|switch|p1a: Tinkaton|Tinkaton, L50, F, tera:Dragon|59/100
|turn|6
|
|t:|1756954476
|move|p2a: Ursaluna|Protect|p2a: Ursaluna
|-singleturn|p2a: Ursaluna|Protect
|move|p1a: Tinkaton|Fake Out|p2b: Torkoal
|-damage|p2b: Torkoal|92/100
|move|p1b: Charizard|Flamethrower|p2a: Ursaluna
|-activate|p2a: Ursaluna|move: Protect
|cant|p2b: Torkoal|flinch
|
|-weather|SunnyDay|[upkeep]
|-damage|p1b: Charizard|76/100|[from] ability: Solar Power|[of] p1b: Charizard
|-heal|p1a: Tinkaton|65/100|[from] item: Leftovers
|-damage|p2a: Ursaluna|18/100 brn|[from] brn
|upkeep
|turn|7
|inactive|Extroier has 30 seconds left.
|inactive|Extroier has 20 seconds left.
|
|t:|1756954515
|switch|p2a: Porygon2|Porygon2, L50, shiny|43/100 psn
|-ability|p2a: Porygon2|Download|boost
|-boost|p2a: Porygon2|atk|1
|move|p1b: Charizard|Flamethrower|p2a: Porygon2
|-damage|p2a: Porygon2|0 fnt
|faint|p2a: Porygon2
|move|p1a: Tinkaton|Gigaton Hammer|p2b: Torkoal
|-resisted|p2b: Torkoal
|-damage|p2b: Torkoal|67/100
|move|p2b: Torkoal|Overheat|p1a: Tinkaton
|-resisted|p1a: Tinkaton
|-damage|p1a: Tinkaton|14/100
|-unboost|p2b: Torkoal|spa|2
|-enditem|p2b: Torkoal|Eject Pack
|inactive|Needels has 30 seconds left.
|inactive|Needels has 20 seconds left.
|inactive|Needels has 15 seconds left.
|inactive|Needels has 10 seconds left.
|inactive|Needels has 5 seconds left.
|
|t:|1756954569
|switch|p2b: Ursaluna|Ursaluna, L50, M|18/100 brn
|
|-weather|SunnyDay|[upkeep]
|-damage|p1b: Charizard|63/100|[from] ability: Solar Power|[of] p1b: Charizard
|-heal|p1a: Tinkaton|20/100|[from] item: Leftovers
|-damage|p2b: Ursaluna|12/100 brn|[from] brn
|upkeep
|
|t:|1756954571
|switch|p2a: Torkoal|Torkoal, L50, M, tera:Fire|67/100
|turn|8
|
|t:|1756954591
|move|p1a: Tinkaton|Protect|p1a: Tinkaton
|-singleturn|p1a: Tinkaton|Protect
|move|p2b: Ursaluna|Protect|p2b: Ursaluna
|-singleturn|p2b: Ursaluna|Protect
|move|p1b: Charizard|Flamethrower|p2a: Torkoal
|-resisted|p2a: Torkoal
|-damage|p2a: Torkoal|6/100
|move|p2a: Torkoal|Eruption|p1a: Tinkaton|[spread] p1b
|-activate|p1a: Tinkaton|move: Protect
|-resisted|p1b: Charizard
|-damage|p1b: Charizard|60/100
|
|-weather|SunnyDay|[upkeep]
|-damage|p1b: Charizard|48/100|[from] ability: Solar Power|[of] p1b: Charizard
|-heal|p1a: Tinkaton|26/100|[from] item: Leftovers
|-damage|p2b: Ursaluna|6/100 brn|[from] brn
|upkeep
|turn|9
|
|t:|1756954612
|move|p1b: Charizard|Solar Beam||[still]
|-prepare|p1b: Charizard|Solar Beam
|-anim|p1b: Charizard|Solar Beam|p2b: Ursaluna
|-supereffective|p2b: Ursaluna
|-damage|p2b: Ursaluna|0 fnt
|faint|p2b: Ursaluna
|move|p1a: Tinkaton|Gigaton Hammer|p2a: Torkoal
|-resisted|p2a: Torkoal
|-damage|p2a: Torkoal|0 fnt
|faint|p2a: Torkoal
|
|win|Extroier
|raw|Extroier's rating: 1106 → 1132(+26 for winning)
|raw|Needels's rating: 1116 → 1090(-26 for losing)
