|j|☆new mental
|j|☆50/50 Kamisama
|html|new mental50/50 Kamisama    
|uhtml|bestof|Game 1 of a best-of-3
|t:|1784374348
|gametype|doubles
|player|p1|new mental|volkner|1230
|player|p2|50/50 Kamisama|sage|1193
|gen|9
|tier|[Gen 9 Champions] VGC 2026 Reg M-B (Bo3)
|rated|
|rule|Species Clause: Limit one of each Pokémon
|rule|Item Clause: Limit 1 of each item
|clearpoke
|poke|p1|Charizard, L50, M|
|poke|p1|Kingambit, L50, M|
|poke|p1|Sylveon, L50, M|
|poke|p1|Garchomp, L50, F|
|poke|p1|Aerodactyl, L50, M|
|poke|p1|Farigiraf, L50, F|
|poke|p2|Charizard, L50, M, shiny|
|poke|p2|Staraptor, L50, M|
|poke|p2|Sylveon, L50, F, shiny|
|poke|p2|Whimsicott, L50, F, shiny|
|poke|p2|Gholdengo, L50|
|poke|p2|Garchomp, L50, M|
|teampreview|4
|showteam|p1|Charizard||CharizarditeY|SolarPower|Protect,HeatWave,SolarBeam,WeatherBall|Modest||M|||50|]Kingambit||FocusSash|Defiant|IronHead,SuckerPunch,KowtowCleave,LowKick|Adamant||M|||50|]Sylveon||FairyFeather|Pixilate|Detect,HyperVoice,HyperBeam,QuickAttack|Modest||M|||50|]Garchomp||LifeOrb|RoughSkin|Protect,DragonClaw,Earthquake,RockSlide|Jolly||F|||50|]Aerodactyl||Aerodactylite|Unnerve|IceFang,RockSlide,Tailwind,DualWingbeat|Jolly||M|||50|]Farigiraf||SitrusBerry|ArmorTail|TrickRoom,Psychic,Thunderbolt,Roar|Bold||F|||50|
|showteam|p2|Charizard||CharizarditeY|Blaze|HeatWave,WeatherBall,SolarBeam,Protect|Modest||M|||50|]Staraptor||Staraptite|Intimidate|CloseCombat,BraveBird,Roost,Protect|Jolly||M|||50|]Sylveon||FairyFeather|Pixilate|HyperBeam,HyperVoice,QuickAttack,Protect|Modest||F|||50|]Whimsicott||FocusSash|Prankster|Tailwind,Moonblast,Tickle,FakeTears|Timid||F|||50|]Gholdengo||ChoiceScarf|GoodasGold|MakeItRain,ShadowBall,PowerGem,Trick|Timid|||||50|]Garchomp||LifeOrb|RoughSkin|DragonClaw,Earthquake,RockSlide,Protect|Jolly||M|||50|
|inactive|Battle timer is ON: inactive players will automatically lose when time's up. (requested by 50/50 Kamisama)
|
|t:|1784374377
|teamsize|p1|4
|teamsize|p2|4
|start
|switch|p1a: Sylveon|Sylveon, L50, M|100/100
|switch|p1b: Farigiraf|Farigiraf, L50, F|100/100
|switch|p2a: Whimsicott|Whimsicott, L50, F, shiny|100/100
|switch|p2b: Gholdengo|Gholdengo, L50|100/100
|turn|1
|
|t:|1784374392
|switch|p1b: Charizard|Charizard, L50, M|100/100
|move|p2b: Gholdengo|Trick||[still]
|-fail|p2b: Gholdengo
|move|p2a: Whimsicott|Moonblast|p1b: Charizard
|-resisted|p1b: Charizard|1
|-damage|p1b: Charizard|78/100
|move|p1a: Sylveon|Hyper Voice|p2a: Whimsicott|[spread] p2a,p2b
|-resisted|p2b: Gholdengo|1
|-damage|p2a: Whimsicott|27/100
|-damage|p2b: Gholdengo|69/100
|
|upkeep
|turn|2
|
|t:|1784374406
|switch|p2b: Garchomp|Garchomp, L50, M|100/100
|move|p1b: Charizard|Protect|p1b: Charizard
|-singleturn|p1b: Charizard|Protect
|move|p1a: Sylveon|Detect|p1a: Sylveon
|-singleturn|p1a: Sylveon|Protect
|move|p2a: Whimsicott|Tailwind|p2a: Whimsicott
|-sidestart|p2: 50/50 Kamisama|move: Tailwind
|
|upkeep
|turn|3
|
|t:|1784374427
|switch|p1b: Farigiraf|Farigiraf, L50, F|100/100
|move|p2a: Whimsicott|Tickle||[still]
|cant|p1b: Farigiraf|ability: Armor Tail|Tickle|[of] p2a: Whimsicott
|move|p2b: Garchomp|Rock Slide|p1a: Sylveon|[spread] p1a,p1b
|-crit|p1a: Sylveon
|-damage|p1a: Sylveon|57/100
|-damage|p1b: Farigiraf|78/100
|-damage|p2b: Garchomp|90/100|[from] item: Life Orb
|cant|p1a: Sylveon|flinch
|
|upkeep
|turn|4
|
|t:|1784374449
|move|p1a: Sylveon|Detect|p1a: Sylveon
|-singleturn|p1a: Sylveon|Protect
|move|p2a: Whimsicott|Moonblast|p1b: Farigiraf
|-damage|p1b: Farigiraf|46/100
|-enditem|p1b: Farigiraf|Sitrus Berry|[eat]
|-heal|p1b: Farigiraf|71/100|[from] item: Sitrus Berry
|move|p2b: Garchomp|Earthquake|p1a: Sylveon|[spread] p2a,p1b
|-activate|p1a: Sylveon|move: Protect
|-resisted|p2a: Whimsicott|1
|-damage|p2a: Whimsicott|0 fnt
|-damage|p1b: Farigiraf|35/100
|faint|p2a: Whimsicott
|-damage|p2b: Garchomp|80/100|[from] item: Life Orb
|move|p1b: Farigiraf|Trick Room|p1b: Farigiraf
|-fieldstart|move: Trick Room|[of] p1b: Farigiraf
|
|upkeep
|
|t:|1784374462
|switch|p2a: Charizard|Charizard, L50, M, shiny|100/100
|turn|5
|
|t:|1784374465
|detailschange|p2a: Charizard|Charizard-Mega-Y, L50, M, shiny
|-mega|p2a: Charizard|Charizard|Charizardite Y
|-weather|SunnyDay|[from] ability: Drought|[of] p2a: Charizard
|move|p2b: Garchomp|Protect|p2b: Garchomp
|-singleturn|p2b: Garchomp|Protect
|move|p1b: Farigiraf|Thunderbolt|p2a: Charizard
|-supereffective|p2a: Charizard|1
|-crit|p2a: Charizard
|-damage|p2a: Charizard|35/100
|-status|p2a: Charizard|par
|move|p1a: Sylveon|Hyper Voice|p2b: Garchomp|[spread] p2a
|-activate|p2b: Garchomp|move: Protect
|-resisted|p2a: Charizard|1
|-crit|p2a: Charizard
|-damage|p2a: Charizard|1/100 par
|move|p2a: Charizard|Heat Wave|p1a: Sylveon|[spread] p1a,p1b
|-damage|p1a: Sylveon|4/100
|-damage|p1b: Farigiraf|0 fnt
|faint|p1b: Farigiraf
|
|-weather|SunnyDay|[upkeep]
|-sideend|p2: 50/50 Kamisama|move: Tailwind
|upkeep
|
|t:|1784374481
|switch|p1b: Charizard|Charizard, L50, M|78/100
|turn|6
|inactive|new mental has 30 seconds left.
|
|t:|1784374513
|detailschange|p1b: Charizard|Charizard-Mega-Y, L50, M
|-mega|p1b: Charizard|Charizard|Charizardite Y
|move|p1a: Sylveon|Detect|p1a: Sylveon
|-singleturn|p1a: Sylveon|Protect
|cant|p2a: Charizard|par
|move|p1b: Charizard|Heat Wave|p2a: Charizard|[spread] p2a,p2b
|-resisted|p2a: Charizard|1
|-resisted|p2b: Garchomp|1
|-damage|p2a: Charizard|0 fnt
|-damage|p2b: Garchomp|49/100
|faint|p2a: Charizard
|move|p2b: Garchomp|Rock Slide|p1a: Sylveon|[spread] p1b
|-activate|p1a: Sylveon|move: Protect
|-supereffective|p1b: Charizard|2
|-damage|p1b: Charizard|0 fnt
|faint|p1b: Charizard
|-damage|p2b: Garchomp|40/100|[from] item: Life Orb
|
|-weather|SunnyDay|[upkeep]
|upkeep
|
|t:|1784374525
|switch|p1b: Kingambit|Kingambit, L50, M|100/100
|switch|p2a: Gholdengo|Gholdengo, L50|69/100
|turn|7
|
|t:|1784374541
|move|p2b: Garchomp|Protect|p2b: Garchomp
|-singleturn|p2b: Garchomp|Protect
|move|p1a: Sylveon|Hyper Voice|p2a: Gholdengo|[spread] p2a
|-activate|p2b: Garchomp|move: Protect
|-resisted|p2a: Gholdengo|1
|-damage|p2a: Gholdengo|41/100
|move|p1b: Kingambit|Kowtow Cleave|p2a: Gholdengo
|-supereffective|p2a: Gholdengo|1
|-damage|p2a: Gholdengo|0 fnt
|faint|p2a: Gholdengo
|
|-weather|SunnyDay|[upkeep]
|upkeep
|turn|8
|
|t:|1784374550
|move|p2b: Garchomp|Protect||[still]
|-fail|p2b: Garchomp
|move|p1a: Sylveon|Hyper Voice|p2b: Garchomp
|-supereffective|p2b: Garchomp|1
|-damage|p2b: Garchomp|0 fnt
|faint|p2b: Garchomp
|
|win|new mental
