|j|☆seattlebandit
|j|☆Im_Neutro
|html|seattlebanditIm_Neutro    
|uhtml|bestof|Game 2 of a best-of-3
|t:|1782494299
|gametype|doubles
|player|p1|seattlebandit|roughneck-gen4|1107
|player|p2|Im_Neutro|noland|1207
|gen|9
|tier|[Gen 9 Champions] VGC 2026 Reg M-B (Bo3)
|rated|
|rule|Species Clause: Limit one of each Pokémon
|rule|Item Clause: Limit 1 of each item
|clearpoke
|poke|p1|Basculegion, L50, M|
|poke|p1|Charizard, L50, F|
|poke|p1|Garchomp, L50, F|
|poke|p1|Kingambit, L50, M|
|poke|p1|Sylveon, L50, M|
|poke|p1|Aerodactyl, L50, F|
|poke|p2|Gengar, L50, F|
|poke|p2|Sneasler, L50, M|
|poke|p2|Incineroar, L50, F|
|poke|p2|Aerodactyl, L50, M|
|poke|p2|Milotic, L50, F|
|poke|p2|Kommo-o, L50, F|
|teampreview|4
|showteam|p1|Basculegion||FocusSash|Adaptability|Protect,LastRespects,AquaJet,Liquidation|Adamant||M|||50|]Charizard||CharizarditeY|Blaze|HeatWave,SolarBeam,WeatherBall,Protect|Modest||F|||50|]Garchomp||SitrusBerry|RoughSkin|RockTomb,Earthquake,DragonClaw,Protect|Jolly||F|||50|]Kingambit||ChopleBerry|Defiant|SuckerPunch,KowtowCleave,LowKick,IronHead|Adamant||M|||50|]Sylveon||FairyFeather|Pixilate|Detect,HyperVoice,Yawn,QuickAttack|Modest||M|||50|]Aerodactyl||Aerodactylite|Unnerve|Tailwind,DualWingbeat,RockSlide,WideGuard|Jolly||F|||50|
|showteam|p2|Gengar||Gengarite|CursedBody|PerishSong,Protect,ShadowBall,Disable|Timid||F|||50|]Sneasler||FocusSash|Unburden|CloseCombat,DireClaw,FakeOut,Coaching|Jolly||M|||50|]Incineroar||PasshoBerry|Intimidate|FlareBlitz,FakeOut,PartingShot,Protect|Relaxed||F|||50|]Aerodactyl||Aerodactylite|Unnerve|Protect,DualWingbeat,RockSlide,IceFang|Jolly||M|||50|]Milotic||SitrusBerry|Competitive|Coil,MuddyWater,Recover,Hypnosis|Calm||F|||50|]Kommo-o||Leftovers|Soundproof|ClangorousSoul,ClangingScales,AuraSphere,Protect|Modest||F|||50|
|inactive|Battle timer is ON: inactive players will automatically lose when time's up. (requested by Im_Neutro)
|inactive|Im_Neutro has 60 seconds left.
|
|t:|1782494333
|teamsize|p1|4
|teamsize|p2|4
|start
|switch|p1a: Kingambit|Kingambit, L50, M|100/100
|switch|p1b: Aerodactyl|Aerodactyl, L50, F|100/100
|switch|p2a: Gengar|Gengar, L50, F|100/100
|switch|p2b: Sneasler|Sneasler, L50, M|100/100
|-ability|p1b: Aerodactyl|Unnerve
|turn|1
|
|t:|1782494350
|detailschange|p2a: Gengar|Gengar-Mega, L50, F
|-mega|p2a: Gengar|Gengar|Gengarite
|move|p2a: Gengar|Protect|p2a: Gengar
|-singleturn|p2a: Gengar|Protect
|move|p1b: Aerodactyl|Dual Wingbeat|p2b: Sneasler
|-supereffective|p2b: Sneasler|1
|-damage|p2b: Sneasler|45/100
|-supereffective|p2b: Sneasler|1
|-damage|p2b: Sneasler|0 fnt
|faint|p2b: Sneasler
|-hitcount|p2: Sneasler|2
|move|p1a: Kingambit|Kowtow Cleave|p2a: Gengar
|-activate|p2a: Gengar|move: Protect
|
|upkeep
|
|t:|1782494360
|switch|p2b: Kommo-o|Kommo-o, L50, F|100/100
|turn|2
|
|t:|1782494375
|move|p1b: Aerodactyl|Dual Wingbeat|p2b: Kommo-o
|-supereffective|p2b: Kommo-o|1
|-crit|p2b: Kommo-o
|-damage|p2b: Kommo-o|57/100
|-supereffective|p2b: Kommo-o|1
|-damage|p2b: Kommo-o|27/100
|-hitcount|p2b: Kommo-o|2
|move|p2a: Gengar|Disable|p1a: Kingambit
|-start|p1a: Kingambit|Disable|Kowtow Cleave
|move|p2b: Kommo-o|Clangorous Soul||[still]
|-fail|p2b: Kommo-o
|cant|p1a: Kingambit|Disable|Kowtow Cleave
|
|-heal|p2b: Kommo-o|33/100|[from] item: Leftovers
|upkeep
|turn|3
|inactive|seattlebandit has 30 seconds left.
|
|t:|1782494403
|move|p1a: Kingambit|Sucker Punch|p2b: Kommo-o
|-resisted|p2b: Kommo-o|1
|-damage|p2b: Kommo-o|15/100
|move|p2a: Gengar|Perish Song|p2a: Gengar
|-start|p1a: Kingambit|perish3|[silent]
|-start|p1b: Aerodactyl|perish3|[silent]
|-start|p2a: Gengar|perish3|[silent]
|-immune|p2b: Kommo-o|[from] ability: Soundproof
|-fieldactivate|move: Perish Song
|move|p1b: Aerodactyl|Rock Slide|p2b: Kommo-o|[spread] p2a,p2b
|-resisted|p2b: Kommo-o|1
|-damage|p2a: Gengar|71/100
|-damage|p2b: Kommo-o|5/100
|cant|p2b: Kommo-o|flinch
|
|-heal|p2b: Kommo-o|11/100|[from] item: Leftovers
|-start|p2a: Gengar|perish3
|-start|p1b: Aerodactyl|perish3
|-start|p1a: Kingambit|perish3
|upkeep
|turn|4
|
|t:|1782494424
|move|p2a: Gengar|Protect|p2a: Gengar
|-singleturn|p2a: Gengar|Protect
|move|p2b: Kommo-o|Protect|p2b: Kommo-o
|-singleturn|p2b: Kommo-o|Protect
|move|p1b: Aerodactyl|Dual Wingbeat|p2b: Kommo-o
|-activate|p2b: Kommo-o|move: Protect
|move|p1a: Kingambit|Iron Head|p2a: Gengar
|-activate|p2a: Gengar|move: Protect
|
|-heal|p2b: Kommo-o|17/100|[from] item: Leftovers
|-start|p2a: Gengar|perish2
|-start|p1b: Aerodactyl|perish2
|-start|p1a: Kingambit|perish2
|upkeep
|turn|5
|
|t:|1782494439
|move|p2b: Kommo-o|Protect||[still]
|-fail|p2b: Kommo-o
|move|p2a: Gengar|Disable|p1b: Aerodactyl
|-start|p1b: Aerodactyl|Disable|Dual Wingbeat
|cant|p1b: Aerodactyl|Disable|Dual Wingbeat
|move|p1a: Kingambit|Low Kick|p2b: Kommo-o
|-damage|p2b: Kommo-o|0 fnt
|faint|p2b: Kommo-o
|
|-end|p1a: Kingambit|Disable
|-start|p1b: Aerodactyl|perish1
|-start|p2a: Gengar|perish1
|-start|p1a: Kingambit|perish1
|upkeep
|
|t:|1782494441
|switch|p2b: Milotic|Milotic, L50, F|100/100
|turn|6
|
|t:|1782494466
|move|p1b: Aerodactyl|Tailwind|p1b: Aerodactyl
|-sidestart|p1: seattlebandit|move: Tailwind
|move|p2a: Gengar|Disable|p1a: Kingambit
|-start|p1a: Kingambit|Disable|Low Kick
|move|p1a: Kingambit|Kowtow Cleave|p2b: Milotic
|-damage|p2b: Milotic|50/100y
|move|p2b: Milotic|Coil|p2b: Milotic
|-boost|p2b: Milotic|atk|1
|-boost|p2b: Milotic|def|1
|-boost|p2b: Milotic|accuracy|1
|
|-start|p1b: Aerodactyl|perish0
|-start|p2a: Gengar|perish0
|-start|p1a: Kingambit|perish0
|faint|p1b: Aerodactyl
|faint|p2a: Gengar
|faint|p1a: Kingambit
|upkeep
|-enditem|p2b: Milotic|Sitrus Berry|[eat]
|-heal|p2b: Milotic|75/100|[from] item: Sitrus Berry
|
|t:|1782494482
|switch|p1b: Basculegion|Basculegion, L50, M|100/100
|switch|p1a: Charizard|Charizard, L50, F|100/100
|turn|7
|
|t:|1782494492
|detailschange|p1a: Charizard|Charizard-Mega-Y, L50, F
|-mega|p1a: Charizard|Charizard|Charizardite Y
|-weather|SunnyDay|[from] ability: Drought|[of] p1a: Charizard
|move|p1a: Charizard|Solar Beam||[still]
|-prepare|p1a: Charizard|Solar Beam
|-anim|p1a: Charizard|Solar Beam|p2b: Milotic
|-supereffective|p2b: Milotic|1
|-damage|p2b: Milotic|22/100
|move|p1b: Basculegion|Last Respects|p2b: Milotic
|-damage|p2b: Milotic|0 fnt
|faint|p2b: Milotic
|
|win|seattlebandit
|raw|seattlebandit's rating: 1107 → 1139(+32 for winning)
|raw|Im_Neutro's rating: 1207 → 1175(-32 for losing)
|l|☆Im_Neutro
|player|p2|
