|j|☆Zucmpall
|j|☆emptinessmach
|html|Zucmpallemptinessmach    
|uhtml|bestof|Game 2 of a best-of-3
|t:|1756860303
|gametype|doubles
|player|p1|Zucmpall|2|1109
|player|p2|emptinessmach|red|1034
|gen|9
|tier|[Gen 9] VGC 2025 Reg H (Bo3)
|rated|
|rule|Species Clause: Limit one of each Pokémon
|rule|Item Clause: Limit 1 of each item
|clearpoke
|poke|p1|Dragonite, L50, M|
|poke|p1|Gholdengo, L50|
|poke|p1|Rillaboom, L50, M|
|poke|p1|Ursaluna-Bloodmoon, L50, M|
|poke|p1|Maushold-Four, L50|
|poke|p1|Annihilape, L50, F|
|poke|p2|Porygon2, L50|
|poke|p2|Incineroar, L50, F|
|poke|p2|Garchomp, L50, F|
|poke|p2|Gholdengo, L50|
|poke|p2|Amoonguss, L50, M|
|poke|p2|Sneasler, L50, M|
|teampreview|4
|showteam|p1|Dragonite||LoadedDice|Multiscale|Tailwind,Haze,Protect,ScaleShot|||M|||50|,,,,,Fairy]Gholdengo||LifeOrb|GoodasGold|MakeItRain,ShadowBall,NastyPlot,Protect||||||50|,,,,,Water]Rillaboom||MiracleSeed|GrassySurge|WoodHammer,GrassyGlide,FakeOut,HighHorsepower|||M|||50|,,,,,Fire]Ursaluna-Bloodmoon||AssaultVest|MindsEye|BloodMoon,EarthPower,HyperVoice,VacuumWave|||M|||50|,,,,,Water]Maushold-Four||FocusSash|FriendGuard|SuperFang,FollowMe,BeatUp,Protect||||||50|,,,,,Ghost]Annihilape||SitrusBerry|Defiant|RageFist,DrainPunch,BulkUp,Protect|||F|||50|,,,,,Fire
|showteam|p2|Porygon2||Eviolite|Download|TeraBlast,IceBeam,Recover,TrickRoom||||||50|,,,,,Ground]Incineroar||SafetyGoggles|Intimidate|FlareBlitz,KnockOff,FakeOut,PartingShot|||F|||50|,,,,,Ghost]Garchomp||ClearAmulet|RoughSkin|Earthquake,Protect,StompingTantrum,DragonClaw|||F|||50|,,,,,Fire]Gholdengo||LifeOrb|GoodasGold|Protect,NastyPlot,MakeItRain,ShadowBall||||||50|,,,,,Water]Amoonguss||SitrusBerry|Regenerator|Spore,RagePowder,Protect,PollenPuff|||M|||50|,,,,,Fairy]Sneasler||FocusSash|PoisonTouch|DireClaw,CloseCombat,Coaching,Protect|||M|||50|,,,,,Flying
|
|t:|1756860329
|teamsize|p1|4
|teamsize|p2|4
|start
|switch|p1a: Dragonite|Dragonite, L50, M|100/100
|switch|p1b: Gholdengo|Gholdengo, L50|100/100
|switch|p2a: Sneasler|Sneasler, L50, M|100/100
|switch|p2b: Garchomp|Garchomp, L50, F|100/100
|turn|1
|inactive|Battle timer is ON: inactive players will automatically lose when time's up. (requested by Zucmpall)
|inactive|Zucmpall has 60 seconds left.
|inactive|Zucmpall has 30 seconds left.
|inactive|Zucmpall has 20 seconds left.
|inactive|Zucmpall has 15 seconds left.
|inactive|Zucmpall has 10 seconds left.
|
|t:|1756860412
|-terastallize|p2a: Sneasler|Flying
|move|p2a: Sneasler|Dire Claw|p1a: Dragonite
|-damage|p1a: Dragonite|84/100
|move|p2b: Garchomp|Earthquake|p1b: Gholdengo|[spread] p1b
|-immune|p2a: Sneasler
|-immune|p1a: Dragonite
|-supereffective|p1b: Gholdengo
|-damage|p1b: Gholdengo|20/100
|move|p1b: Gholdengo|Make It Rain|p2b: Garchomp|[spread] p2a,p2b
|-damage|p2a: Sneasler|9/100
|-damage|p2b: Garchomp|27/100
|-unboost|p1b: Gholdengo|spa|1
|-damage|p1b: Gholdengo|11/100|[from] item: Life Orb
|move|p1a: Dragonite|Scale Shot|p2b: Garchomp
|-supereffective|p2b: Garchomp
|-damage|p2b: Garchomp|0 fnt
|faint|p2b: Garchomp
|-hitcount|p2: Garchomp|1
|-unboost|p1a: Dragonite|def|1
|-boost|p1a: Dragonite|spe|1
|
|upkeep
|
|t:|1756860426
|switch|p2b: Amoonguss|Amoonguss, L50, M|100/100
|turn|2
|inactive|Zucmpall has 30 seconds left.
|inactive|Zucmpall has 20 seconds left.
|inactive|Zucmpall has 15 seconds left.
|inactive|Zucmpall has 10 seconds left.
|
|t:|1756860472
|switch|p2a: Porygon2|Porygon2, L50|100/100
|-ability|p2a: Porygon2|Download|boost
|-boost|p2a: Porygon2|atk|1
|move|p1a: Dragonite|Protect|p1a: Dragonite
|-singleturn|p1a: Dragonite|Protect
|move|p1b: Gholdengo|Make It Rain|p2b: Amoonguss|[spread] p2a,p2b
|-damage|p2a: Porygon2|74/100
|-damage|p2b: Amoonguss|65/100
|-unboost|p1b: Gholdengo|spa|1
|-damage|p1b: Gholdengo|1/100|[from] item: Life Orb
|move|p2b: Amoonguss|Pollen Puff|p1b: Gholdengo
|-resisted|p1b: Gholdengo
|-damage|p1b: Gholdengo|0 fnt
|faint|p1b: Gholdengo
|
|upkeep
|
|t:|1756860492
|switch|p1b: Ursaluna|Ursaluna-Bloodmoon, L50, M|100/100
|turn|3
|inactive|emptinessmach has 30 seconds left.
|inactive|Zucmpall has 30 seconds left.
|inactive|emptinessmach has 20 seconds left.
|inactive|emptinessmach has 15 seconds left.
|
|t:|1756860535
|move|p2b: Amoonguss|Rage Powder|p2b: Amoonguss
|-singleturn|p2b: Amoonguss|move: Rage Powder
|move|p1a: Dragonite|Scale Shot|p2b: Amoonguss
|-damage|p2b: Amoonguss|55/100
|-damage|p2b: Amoonguss|44/100
|-enditem|p2b: Amoonguss|Sitrus Berry|[eat]
|-heal|p2b: Amoonguss|69/100|[from] item: Sitrus Berry
|-damage|p2b: Amoonguss|59/100
|-damage|p2b: Amoonguss|48/100
|-hitcount|p2b: Amoonguss|4
|-unboost|p1a: Dragonite|def|1
|-boost|p1a: Dragonite|spe|1
|move|p1b: Ursaluna|Blood Moon|p2b: Amoonguss
|-damage|p2b: Amoonguss|0 fnt
|faint|p2b: Amoonguss
|move|p2a: Porygon2|Ice Beam|p1b: Ursaluna
|-supereffective|p1b: Ursaluna
|-damage|p1b: Ursaluna|63/100
|
|upkeep
|
|t:|1756860539
|switch|p2b: Sneasler|Sneasler, L50, M, tera:Flying|9/100
|turn|4
|inactive|Zucmpall has 30 seconds left.
|inactive|Zucmpall has 20 seconds left.
|inactive|Zucmpall has 15 seconds left.
|inactive|Zucmpall has 10 seconds left.
|
|t:|1756860588
|move|p2b: Sneasler|Protect|p2b: Sneasler
|-singleturn|p2b: Sneasler|Protect
|move|p1a: Dragonite|Scale Shot|p2a: Porygon2|[miss]
|-miss|p1a: Dragonite|p2a: Porygon2
|move|p1b: Ursaluna|Earth Power|p2a: Porygon2
|-damage|p2a: Porygon2|42/100
|move|p2a: Porygon2|Trick Room|p2a: Porygon2
|-fieldstart|move: Trick Room|[of] p2a: Porygon2
|
|upkeep
|turn|5
|inactive|Zucmpall has 30 seconds left.
|inactive|emptinessmach has 30 seconds left.
|inactive|Zucmpall has 20 seconds left.
|
|t:|1756860625
|move|p2a: Porygon2|Ice Beam|p1b: Ursaluna
|-supereffective|p1b: Ursaluna
|-damage|p1b: Ursaluna|24/100
|move|p1b: Ursaluna|Blood Moon|p2a: Porygon2
|-damage|p2a: Porygon2|0 fnt
|faint|p2a: Porygon2
|move|p2b: Sneasler|Dire Claw|p1a: Dragonite
|-damage|p1a: Dragonite|8/100
|-status|p1a: Dragonite|psn
|move|p1a: Dragonite|Haze|p1a: Dragonite
|-clearallboost
|
|-damage|p1a: Dragonite|0 fnt|[from] psn
|faint|p1a: Dragonite
|upkeep
|
|t:|1756860642
|switch|p1a: Rillaboom|Rillaboom, L50, M|100/100
|-fieldstart|move: Grassy Terrain|[from] ability: Grassy Surge|[of] p1a: Rillaboom
|turn|6
|
|t:|1756860649
|move|p2b: Sneasler|Protect|p2b: Sneasler
|-singleturn|p2b: Sneasler|Protect
|move|p1a: Rillaboom|Grassy Glide|p2b: Sneasler
|-activate|p2b: Sneasler|move: Protect
|move|p1b: Ursaluna|Hyper Voice|p2b: Sneasler
|-activate|p2b: Sneasler|move: Protect
|
|-heal|p1b: Ursaluna|30/100|[from] Grassy Terrain
|upkeep
|turn|7
|
|t:|1756860664
|move|p2b: Sneasler|Protect|p2b: Sneasler
|-singleturn|p2b: Sneasler|Protect
|move|p1b: Ursaluna|Blood Moon|p2b: Sneasler
|-activate|p2b: Sneasler|move: Protect
|move|p1a: Rillaboom|Wood Hammer|p2b: Sneasler
|-activate|p2b: Sneasler|move: Protect
|
|-heal|p1b: Ursaluna|36/100|[from] Grassy Terrain
|upkeep
|turn|8
|
|t:|1756860683
|move|p1b: Ursaluna|Hyper Voice|p2b: Sneasler
|-damage|p2b: Sneasler|0 fnt
|faint|p2b: Sneasler
|
|win|Zucmpall
||Zucmpall is ready for game 3.
||emptinessmach is ready for game 3.
|uhtml|next|Next: Game 3 of 3
