|j|☆lunalotll
|j|☆Justmee
|html|lunalotllJustmee    
|uhtml|bestof|Game 3 of a best-of-3
|t:|1783326742
|gametype|doubles
|player|p1|lunalotll|lana|1148
|player|p2|Justmee|striker|1077
|gen|9
|tier|[Gen 9 Champions] VGC 2026 Reg M-B (Bo3)
|rated|
|rule|Species Clause: Limit one of each Pokémon
|rule|Item Clause: Limit 1 of each item
|clearpoke
|poke|p1|Mawile, L50, M|
|poke|p1|Farigiraf, L50, F|
|poke|p1|Primarina, L50, M|
|poke|p1|Glimmora, L50, F|
|poke|p1|Pelipper, L50, M|
|poke|p1|Sinistcha, L50|
|poke|p2|Blaziken, L50, F|
|poke|p2|Metagross, L50|
|poke|p2|Clefable, L50, F|
|poke|p2|Torkoal, L50, F|
|poke|p2|Whimsicott, L50, F|
|poke|p2|Malamar, L50, M|
|teampreview|4
|showteam|p1|Mawile||Mawilite|Intimidate|PlayRough,IronHead,SuckerPunch,SwordsDance|Adamant||M|||50|]Farigiraf||SitrusBerry|ArmorTail|Psychic,HelpingHand,TrickRoom,Protect|Relaxed||F|||50|]Primarina||LifeOrb|LiquidVoice|HyperVoice,Moonblast,EnergyBall,Protect|Modest||M|||50|]Glimmora||Glimmoranite|ToxicDebris|PowerGem,SludgeBomb,EarthPower,SpikyShield|Timid||F|||50|]Pelipper||FocusSash|Drizzle|Hurricane,WeatherBall,Tailwind,WideGuard|Modest||M|||50|]Sinistcha||ColburBerry|Hospitality|MatchaGotcha,RagePowder,LifeDew,Protect|Bold|||||50|
|showteam|p2|Blaziken||Blazikenite|SpeedBoost|FlareBlitz,CloseCombat,RockSlide,Protect|Adamant||F|||50|]Metagross||Metagrossite|ClearBody|IronHead,PsychicFangs,BulletPunch,Protect|Adamant|||||50|]Clefable||SitrusBerry|CuteCharm|Moonblast,HelpingHand,FollowMe,Protect|Bold||F|||50|]Torkoal||Leftovers|Drought|BurningJealousy,WeatherBall,Yawn,Protect|Bold||F|||50|]Whimsicott||FocusSash|Prankster|EnergyBall,Tickle,Tailwind,Encore|Timid||F|||50|]Malamar||BlackGlasses|Contrary|ZenHeadbutt,Superpower,ThroatChop,Protect|Adamant||M|||50|
|inactive|Battle timer is ON: inactive players will automatically lose when time's up. (requested by lunalotll)
|inactive|lunalotll has 60 seconds left.
|
|t:|1783326802
|teamsize|p1|4
|teamsize|p2|4
|start
|switch|p1a: Farigiraf|Farigiraf, L50, F|100/100
|switch|p1b: Sinistcha|Sinistcha, L50|100/100
|switch|p2a: Blaziken|Blaziken, L50, F|100/100
|switch|p2b: Metagross|Metagross, L50|100/100
|turn|1
|inactive|lunalotll has 30 seconds left.
|inactive|Justmee has 30 seconds left.
|inactive|Justmee has 20 seconds left.
|inactive|Justmee has 15 seconds left.
|
|t:|1783326846
|detailschange|p2a: Blaziken|Blaziken-Mega, L50, F
|-mega|p2a: Blaziken|Blaziken|Blazikenite
|move|p1b: Sinistcha|Protect|p1b: Sinistcha
|-singleturn|p1b: Sinistcha|Protect
|move|p2a: Blaziken|Flare Blitz|p1b: Sinistcha
|-activate|p1b: Sinistcha|move: Protect
|move|p2b: Metagross|Iron Head|p1a: Farigiraf
|-damage|p1a: Farigiraf|64/100
|move|p1a: Farigiraf|Psychic|p2a: Blaziken
|-supereffective|p2a: Blaziken|1
|-damage|p2a: Blaziken|26/100
|
|-ability|p2a: Blaziken|Speed Boost|boost
|-boost|p2a: Blaziken|spe|1
|upkeep
|turn|2
|inactive|lunalotll has 30 seconds left.
|
|t:|1783326878
|move|p1b: Sinistcha|Rage Powder|p1b: Sinistcha
|-singleturn|p1b: Sinistcha|move: Rage Powder
|move|p2a: Blaziken|Close Combat|p1b: Sinistcha
|-immune|p1b: Sinistcha
|move|p2b: Metagross|Iron Head|p1b: Sinistcha
|-damage|p1b: Sinistcha|64/100
|move|p1a: Farigiraf|Trick Room|p1a: Farigiraf
|-fieldstart|move: Trick Room|[of] p1a: Farigiraf
|
|-ability|p2a: Blaziken|Speed Boost|boost
|-boost|p2a: Blaziken|spe|1
|upkeep
|turn|3
|inactive|lunalotll has 30 seconds left.
|
|t:|1783326908
|switch|p1a: Primmy|Primarina, L50, M|100/100
|move|p2a: Blaziken|Protect|p2a: Blaziken
|-singleturn|p2a: Blaziken|Protect
|move|p2b: Metagross|Psychic Fangs|p1b: Sinistcha
|-damage|p1b: Sinistcha|30/100
|move|p1b: Sinistcha|Matcha Gotcha|p2b: Metagross|[spread] 
|-activate|p2a: Blaziken|move: Protect
|-miss|p1b: Sinistcha|p2b: Metagross
|
|-ability|p2a: Blaziken|Speed Boost|boost
|-boost|p2a: Blaziken|spe|1
|upkeep
|turn|4
|inactive|lunalotll has 30 seconds left.
|inactive|Justmee has 30 seconds left.
|inactive|Justmee has 20 seconds left.
|inactive|Justmee has 15 seconds left.
|inactive|Justmee has 10 seconds left.
|inactive|Justmee has 5 seconds left.
|
|t:|1783326959
|switch|p2a: Whimsicott|Whimsicott, L50, F|100/100
|move|p1a: Primmy|Hyper Voice|p2b: Metagross|[spread] p2a,p2b
|-resisted|p2a: Whimsicott|1
|-damage|p2a: Whimsicott|56/100
|-damage|p2b: Metagross|51/100
|-damage|p1a: Primmy|90/100|[from] item: Life Orb
|move|p1b: Sinistcha|Life Dew|p1b: Sinistcha|[spread] p1a,p1b
|-heal|p1a: Primmy|100/100
|-heal|p1b: Sinistcha|56/100
|move|p2b: Metagross|Iron Head|p1a: Primmy
|-damage|p1a: Primmy|44/100
|
|upkeep
|turn|5
|inactive|lunalotll has 30 seconds left.
|inactive|Justmee has 30 seconds left.
|
|t:|1783326992
|move|p2b: Metagross|Protect|p2b: Metagross
|-singleturn|p2b: Metagross|Protect
|move|p1a: Primmy|Hyper Voice|p2b: Metagross|[spread] p2a
|-activate|p2b: Metagross|move: Protect
|-resisted|p2a: Whimsicott|1
|-damage|p2a: Whimsicott|13/100
|-damage|p1a: Primmy|35/100|[from] item: Life Orb
|move|p1b: Sinistcha|Matcha Gotcha|p2a: Whimsicott|[spread] p2a
|-activate|p2b: Metagross|move: Protect
|-resisted|p2a: Whimsicott|1
|-damage|p2a: Whimsicott|0 fnt
|-heal|p1b: Sinistcha|61/100|[from] drain|[of] p2a: Whimsicott
|faint|p2a: Whimsicott
|
|upkeep
|
|t:|1783327006
|switch|p2a: Blaziken|Blaziken-Mega, L50, F|26/100
|turn|6
|
|t:|1783327016
|move|p2a: Blaziken|Protect|p2a: Blaziken
|-singleturn|p2a: Blaziken|Protect
|move|p1a: Primmy|Hyper Voice|p2b: Metagross|[spread] p2b
|-activate|p2a: Blaziken|move: Protect
|-damage|p2b: Metagross|3/100
|-damage|p1a: Primmy|25/100|[from] item: Life Orb
|move|p1b: Sinistcha|Life Dew|p1b: Sinistcha|[spread] p1a,p1b
|-heal|p1a: Primmy|50/100g
|-heal|p1b: Sinistcha|87/100
|move|p2b: Metagross|Iron Head|p1a: Primmy
|-damage|p1a: Primmy|0 fnt
|faint|p1a: Primmy
|
|-fieldend|move: Trick Room
|-ability|p2a: Blaziken|Speed Boost|boost
|-boost|p2a: Blaziken|spe|1
|upkeep
|inactive|lunalotll has 30 seconds left.
|
|t:|1783327048
|switch|p1a: Farigiraf|Farigiraf, L50, F|64/100
|turn|7
|
|t:|1783327060
|move|p2a: Blaziken|Flare Blitz|p1a: Farigiraf
|-damage|p1a: Farigiraf|14/100
|-enditem|p1a: Farigiraf|Sitrus Berry|[eat]
|-heal|p1a: Farigiraf|39/100|[from] item: Sitrus Berry
|-damage|p2a: Blaziken|6/100|[from] Recoil
|move|p2b: Metagross|Iron Head|p1a: Farigiraf
|-damage|p1a: Farigiraf|4/100
|move|p1b: Sinistcha|Matcha Gotcha|p2b: Metagross|[spread] p2b
|-miss|p1b: Sinistcha|p2a: Blaziken
|-resisted|p2b: Metagross|1
|-damage|p2b: Metagross|0 fnt
|-heal|p1b: Sinistcha|88/100|[from] drain|[of] p2b: Metagross
|faint|p2b: Metagross
|move|p1a: Farigiraf|Psychic|p2a: Blaziken
|-supereffective|p2a: Blaziken|1
|-damage|p2a: Blaziken|0 fnt
|faint|p2a: Blaziken
|
|upkeep
|
|t:|1783327068
|switch|p2b: Malamar|Malamar, L50, M|100/100
|turn|8
|
|t:|1783327091
|move|p1a: Farigiraf|Helping Hand|p1b: Sinistcha
|-singleturn|p1b: Sinistcha|Helping Hand|[of] p1a: Farigiraf
|move|p2b: Malamar|Throat Chop|p1b: Sinistcha
|-supereffective|p1b: Sinistcha|1
|-enditem|p1b: Sinistcha|Colbur Berry|[eat]
|-enditem|p1b: Sinistcha|Colbur Berry|[weaken]
|-damage|p1b: Sinistcha|59/100
|-start|p1b: Sinistcha|Throat Chop|[silent]
|move|p1b: Sinistcha|Matcha Gotcha|p2b: Malamar
|-damage|p2b: Malamar|43/100
|-heal|p1b: Sinistcha|90/100|[from] drain|[of] p2b: Malamar
|
|upkeep
|turn|9
|
|t:|1783327102
|move|p1a: Farigiraf|Helping Hand|p1b: Sinistcha
|-singleturn|p1b: Sinistcha|Helping Hand|[of] p1a: Farigiraf
|move|p2b: Malamar|Throat Chop|p1b: Sinistcha
|-supereffective|p1b: Sinistcha|1
|-damage|p1b: Sinistcha|29/100
|move|p1b: Sinistcha|Matcha Gotcha|p2b: Malamar
|-damage|p2b: Malamar|0 fnt
|-heal|p1b: Sinistcha|53/100|[from] drain|[of] p2b: Malamar
|faint|p2b: Malamar
|
|win|lunalotll
|raw|lunalotll's rating: 1148 → 1168(+20 for winning)
|raw|Justmee's rating: 1077 → 1060(-17 for losing)
|c|☆lunalotll|ggs
|l|☆Justmee
|player|p2|
