|j|☆SuprEpcGuy
|j|☆rbresser
|html|SuprEpcGuyrbresser    
|uhtml|bestof|Game 1 of a best-of-3
|t:|1784247828
|gametype|doubles
|player|p1|SuprEpcGuy|shauntal|1113
|player|p2|rbresser|102|1092
|gen|9
|tier|[Gen 9 Champions] VGC 2026 Reg M-B (Bo3)
|rated|
|rule|Species Clause: Limit one of each Pokémon
|rule|Item Clause: Limit 1 of each item
|clearpoke
|poke|p1|Zoroark-Hisui, L50, F|
|poke|p1|Sylveon, L50, F|
|poke|p1|Pyroar, L50, M|
|poke|p1|Torkoal, L50, F|
|poke|p1|Incineroar, L50, M|
|poke|p1|Farigiraf, L50, F|
|poke|p2|Lucario, L50, M, shiny|
|poke|p2|Raichu, L50, M|
|poke|p2|Talonflame, L50, F, shiny|
|poke|p2|Garchomp, L50, F|
|poke|p2|Kingambit, L50, M|
|poke|p2|Gholdengo, L50, shiny|
|teampreview|4
|showteam|p1|Zoroark-Hisui||FocusSash|Illusion|Round,ShadowBall,Taunt,WillOWisp|Timid||F|||50|]Sylveon||FairyFeather|Pixilate|HyperVoice,Round,QuickAttack,Detect|Modest||F|||50|]Pyroar||Pyroarite|Rivalry|HeatWave,Flamethrower,Round,Protect|Timid||M|||50|]Torkoal||Charcoal|Drought|Eruption,WeatherBall,EarthPower,Protect|Quiet||F|||50|]Incineroar||LifeOrb|Intimidate|FlareBlitz,DarkestLariat,FakeOut,PartingShot|Adamant||M|||50|]Farigiraf||ColburBerry|ArmorTail|Psychic,Thunderbolt,TrickRoom,HelpingHand|Quiet||F|||50|
|showteam|p2|Lucario||Lucarionite|Justified|CloseCombat,BulletPunch,IcePunch,Protect|Jolly||M|||50|]Raichu||RaichuniteY|LightningRod|FakeOut,ZapCannon,FocusBlast,Protect|Modest||M|||50|]Talonflame||FocusSash|GaleWings|Tailwind,BraveBird,Taunt,Protect|Jolly||F|||50|]Garchomp||LifeOrb|RoughSkin|RockSlide,DragonClaw,Earthquake,Protect|Adamant||F|||50|]Kingambit||BlackGlasses|SupremeOverlord|KowtowCleave,IronHead,Protect,SuckerPunch|Sassy||M|||50|]Gholdengo||Leftovers|GoodasGold|MakeItRain,ShadowBall,NastyPlot,Protect|Timid|||||50|
|inactive|Battle timer is ON: inactive players will automatically lose when time's up. (requested by SuprEpcGuy)
|inactive|SuprEpcGuy has 60 seconds left.
|inactive|rbresser has 60 seconds left.
|inactive|SuprEpcGuy has 30 seconds left.
|
|t:|1784247896
|teamsize|p1|4
|teamsize|p2|4
|start
|switch|p1a: Pyroar|Pyroar, L50, M|100/100
|switch|p1b: Incineroar|Incineroar, L50, M|100/100
|switch|p2a: Talonflame|Talonflame, L50, F, shiny|100/100
|switch|p2b: Garchomp|Garchomp, L50, F|100/100
|-ability|p1b: Incineroar|Intimidate|boost
|-unboost|p2a: Talonflame|atk|1
|-unboost|p2b: Garchomp|atk|1
|turn|1
|inactive|SuprEpcGuy has 30 seconds left.
|
|t:|1784247925
|detailschange|p1a: Pyroar|Pyroar-Mega, L50, M
|-mega|p1a: Pyroar|Pyroar|Pyroarite
|move|p1a: Pyroar|Protect|p1a: Pyroar
|-singleturn|p1a: Pyroar|Protect
|move|p2a: Talonflame|Protect|p2a: Talonflame
|-singleturn|p2a: Talonflame|Protect
|move|p2b: Garchomp|Protect|p2b: Garchomp
|-singleturn|p2b: Garchomp|Protect
|move|p1b: Incineroar|Fake Out|p2a: Talonflame
|-activate|p2a: Talonflame|move: Protect
|
|upkeep
|turn|2
|inactive|SuprEpcGuy has 30 seconds left.
|inactive|SuprEpcGuy has 20 seconds left.
|
|t:|1784247961
|switch|p1a: Farigiraf|Farigiraf, L50, F|100/100
|move|p2a: Talonflame|Tailwind|p2a: Talonflame
|-sidestart|p2: rbresser|move: Tailwind
|move|p2b: Garchomp|Earthquake|p1b: Incineroar|[spread] p1a,p1b
|-immune|p2a: Talonflame
|-supereffective|p1b: Incineroar|1
|-damage|p1a: Farigiraf|68/100
|-damage|p1b: Incineroar|44/100
|-damage|p2b: Garchomp|90/100|[from] item: Life Orb
|move|p1b: Incineroar|Parting Shot|p2b: Garchomp
|-unboost|p2b: Garchomp|atk|1
|-unboost|p2b: Garchomp|spa|1
|
|t:|1784247971
|switch|p1b: Torkoal|Torkoal, L50, F|100/100|[from] Parting Shot
|-weather|SunnyDay|[from] ability: Drought|[of] p1b: Torkoal
|
|-weather|SunnyDay|[upkeep]
|upkeep
|turn|3
|
|t:|1784247988
|switch|p2b: Raichu|Raichu, L50, M|100/100
|move|p1b: Torkoal|Protect|p1b: Torkoal
|-singleturn|p1b: Torkoal|Protect
|move|p2a: Talonflame|Taunt|p1a: Farigiraf
|-start|p1a: Farigiraf|move: Taunt
|move|p1a: Farigiraf|Thunderbolt|p2b: Raichu
|-activate|p2b: Raichu|ability: Lightning Rod
|-ability|p2b: Raichu|Lightning Rod|boost
|-boost|p2b: Raichu|spa|1
|
|-weather|SunnyDay|[upkeep]
|upkeep
|turn|4
|inactive|SuprEpcGuy has 30 seconds left.
|inactive|rbresser has 30 seconds left.
|
|t:|1784248020
|switch|p2a: Garchomp|Garchomp, L50, F|90/100
|detailschange|p2b: Raichu|Raichu-Mega-Y, L50, M
|-mega|p2b: Raichu|Raichu|Raichunite Y
|move|p2b: Raichu|Zap Cannon|p1a: Farigiraf
|-damage|p1a: Farigiraf|0 fnt
|faint|p1a: Farigiraf
|move|p1b: Torkoal|Eruption|p2a: Garchomp|[spread] p2a,p2b
|-resisted|p2a: Garchomp|1
|-damage|p2a: Garchomp|39/100
|-damage|p2b: Raichu|0 fnt
|faint|p2b: Raichu
|
|-weather|SunnyDay|[upkeep]
|upkeep
|
|t:|1784248041
|switch|p2b: Talonflame|Talonflame, L50, F, shiny|100/100
|switch|p1a: Incineroar|Incineroar, L50, M|44/100
|-ability|p1a: Incineroar|Intimidate|boost
|-unboost|p2a: Garchomp|atk|1
|-unboost|p2b: Talonflame|atk|1
|turn|5
|
|t:|1784248064
|switch|p1b: Pyroar|Pyroar-Mega, L50, M|100/100
|move|p2b: Talonflame|Protect|p2b: Talonflame
|-singleturn|p2b: Talonflame|Protect
|move|p2a: Garchomp|Protect|p2a: Garchomp
|-singleturn|p2a: Garchomp|Protect
|move|p1a: Incineroar|Fake Out|p2a: Garchomp
|-activate|p2a: Garchomp|move: Protect
|
|-weather|SunnyDay|[upkeep]
|-sideend|p2: rbresser|move: Tailwind
|upkeep
|turn|6
|inactive|SuprEpcGuy has 30 seconds left.
|
|t:|1784248098
|move|p2b: Talonflame|Tailwind|p2b: Talonflame
|-sidestart|p2: rbresser|move: Tailwind
|move|p2a: Garchomp|Earthquake|p1b: Pyroar|[spread] p1a,p1b
|-immune|p2b: Talonflame
|-supereffective|p1a: Incineroar|1
|-supereffective|p1b: Pyroar|1
|-damage|p1a: Incineroar|0 fnt
|-damage|p1b: Pyroar|20/100y
|faint|p1a: Incineroar
|-damage|p2a: Garchomp|30/100|[from] item: Life Orb
|move|p1b: Pyroar|Heat Wave|p2b: Talonflame|[spread] p2a,p2b
|-resisted|p2a: Garchomp|1
|-resisted|p2b: Talonflame|1
|-damage|p2a: Garchomp|0 fnt
|-damage|p2b: Talonflame|33/100
|faint|p2a: Garchomp
|
|-weather|none
|upkeep
|
|t:|1784248108
|switch|p2a: Kingambit|Kingambit, L50, M|100/100
|switch|p1a: Torkoal|Torkoal, L50, F|100/100
|-activate|p2a: Kingambit|ability: Supreme Overlord
|-start|p2a: Kingambit|fallen2|[silent]
|-weather|SunnyDay|[from] ability: Drought|[of] p1a: Torkoal
|turn|7
|inactive|SuprEpcGuy has 30 seconds left.
|inactive|rbresser has 30 seconds left.
|
|t:|1784248144
|move|p2a: Kingambit|Sucker Punch|p1a: Torkoal
|-damage|p1a: Torkoal|64/100
|move|p2b: Talonflame|Brave Bird|p1b: Pyroar
|-damage|p1b: Pyroar|0 fnt
|faint|p1b: Pyroar
|-damage|p2b: Talonflame|25/100|[from] Recoil
|move|p1a: Torkoal|Earth Power|p2a: Kingambit
|-supereffective|p2a: Kingambit|1
|-damage|p2a: Kingambit|45/100
|
|-weather|SunnyDay|[upkeep]
|upkeep
|turn|8
|-message|SuprEpcGuy forfeited.
|
|win|rbresser
