|j|☆Inteligent8pro
|j|☆Bass pro stan
|html|Inteligent8proBass pro stan    
|uhtml|bestof|Game 2 of a best-of-3
|t:|1786119195
|gametype|doubles
|player|p1|Inteligent8pro|elesa|1210
|player|p2|Bass pro stan|fisherman-gen4|1289
|gen|9
|tier|[Gen 9 Champions] VGC 2026 Reg M-B (Bo3)
|rated|
|rule|Species Clause: Limit one of each Pokémon
|rule|Item Clause: Limit 1 of each item
|clearpoke
|poke|p1|Blaziken, L50, M|
|poke|p1|Venusaur, L50, M|
|poke|p1|Kingambit, L50, M|
|poke|p1|Ninetales-Alola, L50, F|
|poke|p1|Lycanroc-Dusk, L50, M|
|poke|p1|Basculegion, L50, M|
|poke|p2|Vaporeon, L50, F|
|poke|p2|Heliolisk, L50, M|
|poke|p2|Politoed, L50, F|
|poke|p2|Dragonite, L50, F|
|poke|p2|Scovillain, L50, M|
|poke|p2|Toxicroak, L50, M|
|teampreview|4
|showteam|p1|Blaziken||Blazikenite|SpeedBoost|FlareBlitz,CloseCombat,RockSlide,Detect|Adamant||M|||50|]Venusaur||Venusaurite|Chlorophyll|GigaDrain,SludgeBomb,EarthPower,Protect|Modest||M|||50|]Kingambit||LifeOrb|Defiant|KowtowCleave,SuckerPunch,IronHead,Protect|Adamant||M|||50|]Ninetales-Alola||NeverMeltIce|SnowWarning|Blizzard,FreezeDry,Encore,Protect|Timid||F|||50|]Lycanroc-Dusk||FocusSash|ToughClaws|RockSlide,Accelerock,CloseCombat,Protect|Adamant||M|||50|]Basculegion||ChoiceScarf|Adaptability|LastRespects,WaveCrash,AquaJet,FlipTurn|Jolly||M|||50|
|showteam|p2|Vaporeon||Leftovers|WaterAbsorb|CalmMind,Protect,Surf,IceBeam|Modest||F|||50|]Heliolisk||ChoiceScarf|DrySkin|Surf,ShedTail,Thunderbolt,HyperVoice|Timid||M|||50|]Politoed||LifeOrb|Drizzle|Surf,EarthPower,IceBeam,Protect|Modest||F|||50|]Dragonite||Dragoninite|Multiscale|Protect,DragonPulse,Surf,Hurricane|Modest||F|||50|]Scovillain||Scovillainite|Moody|Protect,RagePowder,Overheat,LeechSeed|Calm||M|||50|]Toxicroak||ShucaBerry|DrySkin|FakeOut,CloseCombat,GunkShot,Protect|Adamant||M|||50|
|inactive|Battle timer is ON: inactive players will automatically lose when time's up. (requested by Bass pro stan)
|
|t:|1786119216
|teamsize|p1|4
|teamsize|p2|4
|start
|switch|p1a: Venusaur|Venusaur, L50, M|100/100
|switch|p1b: Blaziken|Blaziken, L50, M|100/100
|switch|p2a: Heliolisk|Heliolisk, L50, M|100/100
|switch|p2b: Toxicroak|Toxicroak, L50, M|100/100
|turn|1
|inactive|Bass pro stan has 30 seconds left.
|inactive|Bass pro stan has 20 seconds left.
|inactive|Bass pro stan has 15 seconds left.
|
|t:|1786119258
|move|p1b: Blaziken|Detect|p1b: Blaziken
|-singleturn|p1b: Blaziken|Protect
|move|p1a: Venusaur|Protect|p1a: Venusaur
|-singleturn|p1a: Venusaur|Protect
|move|p2b: Toxicroak|Fake Out|p1a: Venusaur
|-activate|p1a: Venusaur|move: Protect
|move|p2a: Heliolisk|Surf|p1a: Venusaur|[spread] 
|-activate|p1a: Venusaur|move: Protect
|-activate|p1b: Blaziken|move: Protect
|-immune|p2b: Toxicroak|[from] ability: Dry Skin
|
|-ability|p1b: Blaziken|Speed Boost|boost
|-boost|p1b: Blaziken|spe|1
|upkeep
|turn|2
|inactive|Inteligent8pro has 30 seconds left.
|inactive|Inteligent8pro has 20 seconds left.
|
|t:|1786119296
|switch|p2b: Politoed|Politoed, L50, F|100/100
|-weather|RainDance|[from] ability: Drizzle|[of] p2b: Politoed
|detailschange|p1a: Venusaur|Venusaur-Mega, L50, M
|-mega|p1a: Venusaur|Venusaur|Venusaurite
|move|p2a: Heliolisk|Surf|p1b: Blaziken|[spread] p2b,p1a,p1b
|-resisted|p2b: Politoed|1
|-resisted|p1a: Venusaur|1
|-supereffective|p1b: Blaziken|1
|-crit|p1b: Blaziken
|-damage|p2b: Politoed|84/100
|-damage|p1a: Venusaur|88/100
|-damage|p1b: Blaziken|0 fnt
|faint|p1b: Blaziken
|move|p1a: Venusaur|Sludge Bomb|p2a: Heliolisk
|-damage|p2a: Heliolisk|41/100
|-status|p2a: Heliolisk|psn
|
|-weather|RainDance|[upkeep]
|-heal|p2a: Heliolisk|53/100 psn|[from] ability: Dry Skin
|-damage|p2a: Heliolisk|41/100 psn|[from] psn
|upkeep
|
|t:|1786119312
|switch|p1b: Ninetales|Ninetales-Alola, L50, F|100/100
|-weather|Snowscape|[from] ability: Snow Warning|[of] p1b: Ninetales
|turn|3
|inactive|Inteligent8pro has 30 seconds left.
|
|t:|1786119344
|switch|p2a: Toxicroak|Toxicroak, L50, M|100/100
|move|p2b: Politoed|Protect|p2b: Politoed
|-singleturn|p2b: Politoed|Protect
|move|p1b: Ninetales|Freeze-Dry|p2b: Politoed
|-activate|p2b: Politoed|move: Protect
|move|p1a: Venusaur|Earth Power|p2a: Toxicroak
|-supereffective|p2a: Toxicroak|1
|-enditem|p2a: Toxicroak|Shuca Berry|[eat]
|-enditem|p2a: Toxicroak|Shuca Berry|[weaken]
|-damage|p2a: Toxicroak|63/100
|
|-weather|Snowscape|[upkeep]
|upkeep
|turn|4
|inactive|Inteligent8pro has 30 seconds left.
|inactive|Bass pro stan has 30 seconds left.
|inactive|Bass pro stan has 20 seconds left.
|inactive|Bass pro stan has 15 seconds left.
|
|t:|1786119388
|move|p2a: Toxicroak|Fake Out|p1b: Ninetales
|-crit|p1b: Ninetales
|-damage|p1b: Ninetales|83/100
|cant|p1b: Ninetales|flinch
|move|p2b: Politoed|Surf|p1a: Venusaur|[spread] p1a,p1b
|-heal|p2a: Toxicroak|88/100|[from] ability: Dry Skin|[of] p2b: Politoed
|-resisted|p1a: Venusaur|1
|-crit|p1a: Venusaur
|-damage|p1a: Venusaur|67/100
|-damage|p1b: Ninetales|41/100
|-damage|p2b: Politoed|74/100|[from] item: Life Orb
|move|p1a: Venusaur|Earth Power|p2a: Toxicroak
|-supereffective|p2a: Toxicroak|1
|-damage|p2a: Toxicroak|15/100
|
|-weather|Snowscape|[upkeep]
|upkeep
|turn|5
|inactive|Inteligent8pro has 30 seconds left.
|inactive|Bass pro stan has 30 seconds left.
|
|t:|1786119419
|move|p2a: Toxicroak|Protect|p2a: Toxicroak
|-singleturn|p2a: Toxicroak|Protect
|move|p1b: Ninetales|Blizzard|p2b: Politoed|[spread] p2b
|-activate|p2a: Toxicroak|move: Protect
|-resisted|p2b: Politoed|1
|-damage|p2b: Politoed|56/100
|-status|p2b: Politoed|frz
|cant|p2b: Politoed|frz
|move|p1a: Venusaur|Giga Drain|p2b: Politoed
|-supereffective|p2b: Politoed|1
|-damage|p2b: Politoed|0 fnt
|-heal|p1a: Venusaur|93/100|[from] drain|[of] p2b: Politoed
|faint|p2b: Politoed
|
|-weather|Snowscape|[upkeep]
|upkeep
|
|t:|1786119432
|switch|p2b: Heliolisk|Heliolisk, L50, M|41/100 psn
|turn|6
|
|t:|1786119446
|move|p1b: Ninetales|Protect|p1b: Ninetales
|-singleturn|p1b: Ninetales|Protect
|move|p2b: Heliolisk|Thunderbolt|p1b: Ninetales
|-activate|p1b: Ninetales|move: Protect
|move|p2a: Toxicroak|Gunk Shot|p1a: Venusaur
|-damage|p1a: Venusaur|51/100
|move|p1a: Venusaur|Earth Power|p2a: Toxicroak
|-supereffective|p2a: Toxicroak|1
|-damage|p2a: Toxicroak|0 fnt
|faint|p2a: Toxicroak
|
|-weather|Snowscape|[upkeep]
|-damage|p2b: Heliolisk|28/100 psn|[from] psn
|upkeep
|
|t:|1786119449
|switch|p2a: Dragonite|Dragonite, L50, F|100/100
|turn|7
|
|t:|1786119473
|switch|p1b: Lycanroc|Lycanroc-Dusk, L50, M|100/100
|detailschange|p2a: Dragonite|Dragonite-Mega, L50, F
|-mega|p2a: Dragonite|Dragonite|Dragoninite
|move|p2b: Heliolisk|Thunderbolt|p1b: Lycanroc
|-damage|p1b: Lycanroc|34/100
|move|p2a: Dragonite|Hurricane|p1a: Venusaur
|-supereffective|p1a: Venusaur|1
|-damage|p1a: Venusaur|0 fnt
|faint|p1a: Venusaur
|
|-weather|none
|-damage|p2b: Heliolisk|16/100 psn|[from] psn
|upkeep
|
|t:|1786119485
|switch|p1a: Ninetales|Ninetales-Alola, L50, F|41/100
|-weather|Snowscape|[from] ability: Snow Warning|[of] p1a: Ninetales
|turn|8
|
|t:|1786119489
|move|p1a: Ninetales|Protect|p1a: Ninetales
|-singleturn|p1a: Ninetales|Protect
|move|p1b: Lycanroc|Protect|p1b: Lycanroc
|-singleturn|p1b: Lycanroc|Protect
|move|p2b: Heliolisk|Thunderbolt|p1a: Ninetales
|-activate|p1a: Ninetales|move: Protect
|move|p2a: Dragonite|Surf|p1b: Lycanroc|[spread] 
|-activate|p1a: Ninetales|move: Protect
|-activate|p1b: Lycanroc|move: Protect
|-heal|p2b: Heliolisk|41/100 psn|[from] ability: Dry Skin|[of] p2a: Dragonite
|
|-weather|Snowscape|[upkeep]
|-damage|p2b: Heliolisk|28/100 psn|[from] psn
|upkeep
|turn|9
|
|t:|1786119504
|move|p1b: Lycanroc|Accelerock|p2a: Dragonite
|-supereffective|p2a: Dragonite|1
|-damage|p2a: Dragonite|74/100
|move|p2b: Heliolisk|Thunderbolt|p1a: Ninetales
|-damage|p1a: Ninetales|0 fnt
|faint|p1a: Ninetales
|move|p2a: Dragonite|Surf|p1b: Lycanroc|[spread] p1b
|-heal|p2b: Heliolisk|53/100 psn|[from] ability: Dry Skin|[of] p2a: Dragonite
|-supereffective|p1b: Lycanroc|1
|-damage|p1b: Lycanroc|0 fnt
|faint|p1b: Lycanroc
|
|win|Bass pro stan
|raw|Inteligent8pro's rating: 1210 → 1191(-19 for losing)
|raw|Bass pro stan's rating: 1289 → 1308(+19 for winning)
