|j|☆is_katabo
|j|☆theminesoftagawa
|html|is_katabotheminesoftagawa    
|uhtml|bestof|Game 2 of a best-of-3
|t:|1757777394
|gametype|doubles
|player|p1|is_katabo|101|
|player|p2|theminesoftagawa|101|
|gen|9
|tier|[Gen 9] VGC 2025 Reg H (Bo3)
|rule|Species Clause: Limit one of each Pokémon
|rule|Item Clause: Limit 1 of each item
|clearpoke
|poke|p1|Incineroar, L50, F|
|poke|p1|Sneasler, L50, F|
|poke|p1|Amoonguss, L50, M|
|poke|p1|Pelipper, L50, M|
|poke|p1|Archaludon, L50, M|
|poke|p1|Dragonite, L50, F|
|poke|p2|Dondozo, L50, M|
|poke|p2|Tatsugiri, L50, M|
|poke|p2|Whimsicott, L50, M|
|poke|p2|Ursaluna-Bloodmoon, L50, M|
|poke|p2|Indeedee, L50, M|
|poke|p2|Sneasler, L50, M|
|teampreview|4
|showteam|p1|Incineroar||SafetyGoggles|Intimidate|FakeOut,KnockOff,FlareBlitz,PartingShot|||F|||50|,,,,,Ghost]Sneasler||WhiteHerb|Unburden|DireClaw,CloseCombat,ThroatChop,Protect|||F|||50|,,,,,Stellar]Amoonguss||SitrusBerry|Regenerator|PollenPuff,RagePowder,Spore,Protect|||M|||50|,,,,,Psychic]Pelipper||FocusSash|Drizzle|WeatherBall,Hurricane,Tailwind,Protect|||M|||50|,,,,,Ghost]Archaludon||AssaultVest|Stamina|ElectroShot,FlashCannon,DracoMeteor,BodyPress|||M|||50|,,,,,Bug]Dragonite||LoadedDice|Multiscale|ScaleShot,Tailwind,Haze,Protect|||F|||50|,,,,,Steel
|showteam|p2|Dondozo||Leftovers|Unaware|Protect,HeavySlam,WaveCrash,OrderUp|||M|||50|,,,,,Steel]Tatsugiri||FocusSash|Commander|MuddyWater,DracoMeteor,IcyWind,Protect|||M|||50|,,,,,Fairy]Whimsicott||CovertCloak|Prankster|Moonblast,Tailwind,HelpingHand,LightScreen|||M|||50|,,,,,Water]Ursaluna-Bloodmoon||LifeOrb|MindsEye|Protect,HyperVoice,BloodMoon,EarthPower|||M|||50|,,,,,Normal]Indeedee||ChoiceScarf|PsychicSurge|SkillSwap,Trick,ExpandingForce,TeraBlast|||M|||50|,,,,,Psychic]Sneasler||PsychicSeed|Unburden|Protect,DireClaw,CloseCombat,ThroatChop|||M|||50|,,,,,Dark
|
|t:|1757777427
|teamsize|p1|4
|teamsize|p2|4
|start
|switch|p1a: moneymachine|Incineroar, L50, F, shiny|100/100
|switch|p1b: Immaterial|Amoonguss, L50, M, shiny|100/100
|switch|p2a: Indeedee|Indeedee, L50, M|100/100
|switch|p2b: Sneasler|Sneasler, L50, M|100/100
|-fieldstart|move: Psychic Terrain|[from] ability: Psychic Surge|[of] p2a: Indeedee
|-enditem|p2b: Sneasler|Psychic Seed
|-boost|p2b: Sneasler|spd|1|[from] item: Psychic Seed
|-ability|p1a: moneymachine|Intimidate|boost
|-unboost|p2a: Indeedee|atk|1
|-unboost|p2b: Sneasler|atk|1
|turn|1
|
|t:|1757777451
|-terastallize|p1b: Immaterial|Psychic
|move|p2b: Sneasler|Close Combat|p1a: moneymachine
|-supereffective|p1a: moneymachine
|-damage|p1a: moneymachine|4/100
|-unboost|p2b: Sneasler|def|1
|-unboost|p2b: Sneasler|spd|1
|move|p2a: Indeedee|Tera Blast|p1a: moneymachine
|-damage|p1a: moneymachine|0 fnt
|faint|p1a: moneymachine
|move|p1b: Immaterial|Spore|p2b: Sneasler
|-status|p2b: Sneasler|slp|[from] move: Spore
|
|upkeep
|
|t:|1757777465
|switch|p1a: BRAT|Sneasler, L50, F|100/100
|turn|2
|
|t:|1757777488
|-terastallize|p2a: Indeedee|Psychic
|cant|p2b: Sneasler|slp
|move|p2a: Indeedee|Tera Blast|p1a: BRAT|[anim] Tera Blast Psychic
|-supereffective|p1a: BRAT
|-damage|p1a: BRAT|0 fnt
|faint|p1a: BRAT
|move|p1b: Immaterial|Spore|p2a: Indeedee
|-status|p2a: Indeedee|slp|[from] move: Spore
|
|upkeep
|
|t:|1757777499
|switch|p1a: Supernova|Dragonite, L50, F|100/100
|turn|3
|
|t:|1757777512
|cant|p2b: Sneasler|slp
|cant|p2a: Indeedee|slp
|move|p1a: Supernova|Tailwind|p1a: Supernova
|-sidestart|p1: is_katabo|move: Tailwind
|move|p1b: Immaterial|Pollen Puff|p2a: Indeedee
|-supereffective|p2a: Indeedee
|-crit|p2a: Indeedee
|-damage|p2a: Indeedee|19/100 slp
|
|upkeep
|turn|4
|
|t:|1757777524
|-curestatus|p2b: Sneasler|slp|[msg]
|move|p2b: Sneasler|Dire Claw|p1a: Supernova
|-damage|p1a: Supernova|83/100
|move|p1a: Supernova|Scale Shot|p2b: Sneasler
|-damage|p2b: Sneasler|59/100
|-damage|p2b: Sneasler|21/100
|-damage|p2b: Sneasler|0 fnt
|faint|p2b: Sneasler
|-hitcount|p2: Sneasler|3
|-unboost|p1a: Supernova|def|1
|-boost|p1a: Supernova|spe|1
|cant|p2a: Indeedee|slp
|move|p1b: Immaterial|Pollen Puff|p2a: Indeedee
|-supereffective|p2a: Indeedee
|-damage|p2a: Indeedee|0 fnt
|faint|p2a: Indeedee
|
|upkeep
|
|t:|1757777532
|switch|p2b: Tatsugiri|Tatsugiri, L50, M|100/100
|switch|p2a: Dondozo|Dondozo, L50, M|100/100
|-activate|p2b: Tatsugiri|ability: Commander|[of] p2a: Dondozo
|-boost|p2a: Dondozo|atk|2
|-boost|p2a: Dondozo|spa|2
|-boost|p2a: Dondozo|spe|2
|-boost|p2a: Dondozo|def|2
|-boost|p2a: Dondozo|spd|2
|turn|5
|
|t:|1757777555
|move|p1a: Supernova|Haze|p1a: Supernova
|-clearallboost
|move|p1b: Immaterial|Spore|p2a: Dondozo
|-status|p2a: Dondozo|slp|[from] move: Spore
|cant|p2a: Dondozo|slp
|
|-fieldend|move: Psychic Terrain
|upkeep
|turn|6
|
|t:|1757777568
|move|p1a: Supernova|Scale Shot|p2a: Dondozo
|-damage|p2a: Dondozo|90/100 slp
|-damage|p2a: Dondozo|80/100 slp
|-damage|p2a: Dondozo|70/100 slp
|-damage|p2a: Dondozo|61/100 slp
|-damage|p2a: Dondozo|51/100 slp
|-hitcount|p2a: Dondozo|5
|-unboost|p1a: Supernova|def|1
|-boost|p1a: Supernova|spe|1
|move|p1b: Immaterial|Pollen Puff|p1a: Supernova
|-heal|p1a: Supernova|100/100
|-curestatus|p2a: Dondozo|slp|[msg]
|move|p2a: Dondozo|Order Up|p1a: Supernova
|-supereffective|p1a: Supernova
|-damage|p1a: Supernova|72/100
|-boost|p2a: Dondozo|atk|1
|
|-heal|p2a: Dondozo|57/100|[from] item: Leftovers
|-sideend|p1: is_katabo|move: Tailwind
|upkeep
|turn|7
|
|t:|1757777591
|move|p1a: Supernova|Tailwind|p1a: Supernova
|-sidestart|p1: is_katabo|move: Tailwind
|move|p1b: Immaterial|Spore|p2a: Dondozo
|-status|p2a: Dondozo|slp|[from] move: Spore
|cant|p2a: Dondozo|slp
|
|-heal|p2a: Dondozo|63/100 slp|[from] item: Leftovers
|upkeep
|turn|8
|
|t:|1757777604
|move|p1b: Immaterial|Rage Powder|p1b: Immaterial
|-singleturn|p1b: Immaterial|move: Rage Powder
|move|p1a: Supernova|Scale Shot|p2a: Dondozo
|-damage|p2a: Dondozo|54/100 slp
|-damage|p2a: Dondozo|44/100 slp
|-damage|p2a: Dondozo|32/100 slp
|-damage|p2a: Dondozo|21/100 slp
|-crit|p2a: Dondozo
|-damage|p2a: Dondozo|4/100 slp
|-hitcount|p2a: Dondozo|5
|-unboost|p1a: Supernova|def|1
|-boost|p1a: Supernova|spe|1
|cant|p2a: Dondozo|slp
|
|-heal|p2a: Dondozo|10/100 slp|[from] item: Leftovers
|upkeep
|turn|9
|
|t:|1757777622
|move|p1a: Supernova|Protect|p1a: Supernova
|-singleturn|p1a: Supernova|Protect
|move|p1b: Immaterial|Pollen Puff|p2a: Dondozo
|-damage|p2a: Dondozo|0 fnt
|faint|p2a: Dondozo
|
|upkeep
|turn|10
|
|t:|1757777635
|move|p1a: Supernova|Scale Shot|p2b: Tatsugiri
|-supereffective|p2b: Tatsugiri
|-damage|p2b: Tatsugiri|49/100
|-supereffective|p2b: Tatsugiri
|-damage|p2b: Tatsugiri|0 fnt
|faint|p2b: Tatsugiri
|-hitcount|p2: Tatsugiri|2
|
|win|is_katabo
|c|☆is_katabo|Gg
