|j|☆Actoradoboy fan
|j|☆reghgenius
|html|Actoradoboy fanreghgenius    
|uhtml|bestof|Game 1 of a best-of-3
|t:|1756656397
|gametype|doubles
|player|p1|Actoradoboy fan|wattson|1365
|player|p2|reghgenius|265|1397
|gen|9
|tier|[Gen 9] VGC 2025 Reg H (Bo3)
|rated|
|rule|Species Clause: Limit one of each Pokémon
|rule|Item Clause: Limit 1 of each item
|clearpoke
|poke|p1|Sneasler, L50, F|
|poke|p1|Indeedee, L50, M|
|poke|p1|Volcarona, L50, F|
|poke|p1|Ursaluna-Bloodmoon, L50, M|
|poke|p1|Annihilape, L50, M|
|poke|p1|Tyranitar, L50, M|
|poke|p2|Gholdengo, L50|
|poke|p2|Sneasler, L50, M|
|poke|p2|Rillaboom, L50, F|
|poke|p2|Dragonite, L50, F|
|poke|p2|Ninetales-Alola, L50, M|
|poke|p2|Arcanine-Hisui, L50, F|
|teampreview|4
|showteam|p1|Sneasler||PsychicSeed|Unburden|CloseCombat,DireClaw,ThroatChop,Protect|||F|||50|,,,,,Dark]Indeedee||ChoiceScarf|PsychicSurge|ExpandingForce,TeraBlast,Trick,Protect|||M|||50|,,,,,Psychic]Volcarona||SitrusBerry|FlameBody|Overheat,StruggleBug,RagePowder,Tailwind|||F|||50|,,,,,Grass]Ursaluna-Bloodmoon||LifeOrb|MindsEye|BloodMoon,HyperVoice,EarthPower,Protect|||M|||50|,,,,,Normal]Annihilape||SafetyGoggles|Defiant|CloseCombat,RageFist,Taunt,FinalGambit|||M|||50|,,,,,Fairy]Tyranitar||AssaultVest|SandStream|RockSlide,KnockOff,TeraBlast,LowKick|||M|||50|,,,,,Flying
|showteam|p2|Gholdengo||GrassySeed|GoodasGold|NastyPlot,MakeItRain,ShadowBall,Protect||||||50|,,,,,Water]Sneasler||WhiteHerb|Unburden|CloseCombat,DireClaw,Coaching,Protect|||M|||50|,,,,,Ghost]Rillaboom||AssaultVest|GrassySurge|FakeOut,GrassyGlide,DrumBeating,HighHorsepower|||F|||50|,,,,,Fire]Dragonite||LoadedDice|Multiscale|ScaleShot,StompingTantrum,Tailwind,Protect|||F|||50|,,,,,Ground]Ninetales-Alola||FocusSash|SnowWarning|Blizzard,IcyWind,Encore,AuroraVeil|||M|||50|,,,,,Ghost]Arcanine-Hisui||ClearAmulet|Intimidate|RockSlide,FlareBlitz,ExtremeSpeed,Protect|||F|||50|,,,,,Water
|inactive|Battle timer is ON: inactive players will automatically lose when time's up. (requested by reghgenius)
|inactive|Actoradoboy fan also wants the timer to be on.
|inactive|reghgenius has 60 seconds left.
|
|t:|1756656434
|teamsize|p1|4
|teamsize|p2|4
|start
|switch|p1a: Ursaluna|Ursaluna-Bloodmoon, L50, M|100/100
|switch|p1b: Volcarona|Volcarona, L50, F|100/100
|switch|p2a: Sneasler|Sneasler, L50, M|100/100
|switch|p2b: Dragonite|Dragonite, L50, F|100/100
|turn|1
|
|t:|1756656453
|-terastallize|p1a: Ursaluna|Normal
|move|p1b: Volcarona|Tailwind|p1b: Volcarona
|-sidestart|p1: Actoradoboy fan|move: Tailwind
|move|p1a: Ursaluna|Hyper Voice|p2b: Dragonite|[spread] p2a,p2b
|-damage|p2a: Sneasler|11/100
|-damage|p2b: Dragonite|66/100
|-damage|p1a: Ursaluna|91/100|[from] item: Life Orb
|move|p2a: Sneasler|Dire Claw|p1b: Volcarona
|-damage|p1b: Volcarona|52/100
|-status|p2a: Sneasler|brn|[from] ability: Flame Body|[of] p1b: Volcarona
|move|p2b: Dragonite|Scale Shot|p1b: Volcarona
|-damage|p1b: Volcarona|33/100
|-enditem|p1b: Volcarona|Sitrus Berry|[eat]
|-heal|p1b: Volcarona|58/100|[from] item: Sitrus Berry
|-damage|p1b: Volcarona|39/100
|-damage|p1b: Volcarona|21/100
|-damage|p1b: Volcarona|2/100
|-damage|p1b: Volcarona|0 fnt
|faint|p1b: Volcarona
|-hitcount|p1: Volcarona|5
|-unboost|p2b: Dragonite|def|1
|-boost|p2b: Dragonite|spe|1
|
|-damage|p2a: Sneasler|4/100 brn|[from] brn
|upkeep
|
|t:|1756656463
|switch|p1b: Indeedee|Indeedee, L50, M|100/100
|-fieldstart|move: Psychic Terrain|[from] ability: Psychic Surge|[of] p1b: Indeedee
|turn|2
|inactive|reghgenius has 30 seconds left.
|
|t:|1756656489
|switch|p1b: Tyranitar|Tyranitar, L50, M|100/100
|-weather|Sandstorm|[from] ability: Sand Stream|[of] p1b: Tyranitar
|move|p2b: Dragonite|Protect|p2b: Dragonite
|-singleturn|p2b: Dragonite|Protect
|move|p1a: Ursaluna|Hyper Voice|p2a: Sneasler|[spread] p2a
|-activate|p2b: Dragonite|move: Protect
|-damage|p2a: Sneasler|0 fnt
|faint|p2a: Sneasler
|-damage|p1a: Ursaluna|81/100|[from] item: Life Orb
|
|-weather|Sandstorm|[upkeep]
|-damage|p1a: Ursaluna|76/100|[from] Sandstorm
|-damage|p2b: Dragonite|60/100|[from] Sandstorm
|upkeep
|
|t:|1756656499
|switch|p2a: Rillaboom|Rillaboom, L50, F|100/100
|-fieldstart|move: Grassy Terrain|[from] ability: Grassy Surge|[of] p2a: Rillaboom
|turn|3
|
|t:|1756656517
|switch|p1b: Indeedee|Indeedee, L50, M|100/100
|-fieldstart|move: Psychic Terrain|[from] ability: Psychic Surge|[of] p1b: Indeedee
|move|p1a: Ursaluna|Hyper Voice|p2b: Dragonite|[spread] p2a,p2b
|-crit|p2a: Rillaboom
|-damage|p2a: Rillaboom|15/100
|-damage|p2b: Dragonite|0 fnt
|faint|p2b: Dragonite
|-damage|p1a: Ursaluna|66/100|[from] item: Life Orb
|move|p2a: Rillaboom|Drum Beating|p1b: Indeedee
|-damage|p1b: Indeedee|27/100
|-unboost|p1b: Indeedee|spe|1
|
|-weather|Sandstorm|[upkeep]
|-damage|p1b: Indeedee|21/100|[from] Sandstorm
|-damage|p1a: Ursaluna|60/100|[from] Sandstorm
|-damage|p2a: Rillaboom|9/100|[from] Sandstorm
|upkeep
|
|t:|1756656531
|switch|p2b: Gholdengo|Gholdengo, L50|100/100
|turn|4
|
|t:|1756656540
|move|p2b: Gholdengo|Protect|p2b: Gholdengo
|-singleturn|p2b: Gholdengo|Protect
|move|p1b: Indeedee|Expanding Force|p2a: Rillaboom|[spread] p2a
|-activate|p2b: Gholdengo|move: Protect
|-damage|p2a: Rillaboom|0 fnt
|faint|p2a: Rillaboom
|move|p1a: Ursaluna|Earth Power|p2b: Gholdengo
|-activate|p2b: Gholdengo|move: Protect
|
|-weather|Sandstorm|[upkeep]
|-damage|p1b: Indeedee|15/100|[from] Sandstorm
|-damage|p1a: Ursaluna|54/100|[from] Sandstorm
|-sideend|p1: Actoradoboy fan|move: Tailwind
|upkeep
|turn|5
|
|t:|1756656550
|switch|p1b: Tyranitar|Tyranitar, L50, M|100/100
|move|p1a: Ursaluna|Protect|p1a: Ursaluna
|-singleturn|p1a: Ursaluna|Protect
|move|p2b: Gholdengo|Make It Rain|p1b: Tyranitar|[spread] p1b
|-activate|p1a: Ursaluna|move: Protect
|-supereffective|p1b: Tyranitar
|-damage|p1b: Tyranitar|66/100
|-unboost|p2b: Gholdengo|spa|1
|
|-weather|Sandstorm|[upkeep]
|-damage|p1a: Ursaluna|49/100|[from] Sandstorm
|upkeep
|turn|6
|
|t:|1756656564
|move|p2b: Gholdengo|Protect|p2b: Gholdengo
|-singleturn|p2b: Gholdengo|Protect
|move|p1b: Tyranitar|Knock Off|p2b: Gholdengo
|-activate|p2b: Gholdengo|move: Protect
|move|p1a: Ursaluna|Earth Power|p2b: Gholdengo
|-activate|p2b: Gholdengo|move: Protect
|
|-weather|none
|upkeep
|turn|7
|
|t:|1756656572
|-terastallize|p2b: Gholdengo|Water
|move|p2b: Gholdengo|Nasty Plot|p2b: Gholdengo
|-boost|p2b: Gholdengo|spa|2
|move|p1b: Tyranitar|Knock Off|p2b: Gholdengo
|-damage|p2b: Gholdengo|44/100
|-enditem|p2b: Gholdengo|Grassy Seed|[from] move: Knock Off|[of] p1b: Tyranitar
|move|p1a: Ursaluna|Earth Power|p2b: Gholdengo
|-damage|p2b: Gholdengo|0 fnt
|faint|p2b: Gholdengo
|-damage|p1a: Ursaluna|39/100|[from] item: Life Orb
|
|win|Actoradoboy fan
||reghgenius is ready for game 2.
|inactive|Actoradoboy fan has 30 seconds to confirm battle start!
||Actoradoboy fan is ready for game 2.
|uhtml|next|Next: Game 2 of 3
|l|☆Actoradoboy fan
|player|p1|
