|j|Ōśåsinhkhoi
|j|Ōśåstorm2326
|html|sinhkhoistorm2326    
|uhtml|bestof|Game 1 of a best-of-3
|t:|1783261117
|gametype|doubles
|player|p1|sinhkhoi|2|1040
|player|p2|storm2326|169|1113
|gen|9
|tier|[Gen 9 Champions] VGC 2026 Reg M-B (Bo3)
|rated|
|rule|Species Clause: Limit one of each Pok├®mon
|rule|Item Clause: Limit 1 of each item
|clearpoke
|poke|p1|Barbaracle, L50, F|
|poke|p1|Sinistcha-Masterpiece, L50|
|poke|p1|Basculegion, L50, M|
|poke|p1|Drampa, L50, M|
|poke|p1|Farigiraf, L50, F|
|poke|p1|Tyranitar, L50, F|
|poke|p2|Mawile, L50, F|
|poke|p2|Farigiraf, L50, F|
|poke|p2|Drampa, L50, M|
|poke|p2|Kleavor, L50, M|
|poke|p2|Araquanid, L50, M|
|poke|p2|Incineroar, L50, M|
|teampreview|4
|showteam|p1|Barbaracle||Barbaracite|ToughClaws|ShellSmash,RockSlide,Liquidation,ShadowClaw|Adamant||F|||50|]Sinistcha-Masterpiece||SitrusBerry|Hospitality|MatchaGotcha,RagePowder,StrengthSap,Protect|Calm|||||50|]Basculegion||ChoiceScarf|Adaptability|AquaJet,FlipTurn,WaveCrash,LastRespects|Adamant||M|||50|]Drampa||Drampanite|Berserk|HyperVoice,Protect,HeatWave,IceBeam|Quiet||M|||50|]Farigiraf||Leftovers|ArmorTail|TrickRoom,Psyshock,Protect,Roar|Bold||F|||50|]Tyranitar||ChopleBerry|SandStream|RockSlide,Protect,HeavySlam,KnockOff|Adamant||F|||50|
|showteam|p2|Mawile||Mawilite|HyperCutter|RockSlide,PlayRough,SuckerPunch,SwordsDance|Brave||F|||50|]Farigiraf||SitrusBerry|ArmorTail|Thunderbolt,HelpingHand,Psychic,TrickRoom|Modest||F|||50|]Drampa||Drampanite|CloudNine|EarthPower,HyperVoice,Thunderbolt,Protect|Quiet||M|||50|]Kleavor||FocusSash|Swarm|StoneAxe,CloseCombat,Feint,XScissor|Brave||M|||50|]Araquanid||MysticWater|WaterBubble|Surf,HydroPump,MirrorCoat,Endeavor|Quiet||M|||50|]Incineroar||LifeOrb|Intimidate|CloseCombat,FlareBlitz,FakeOut,ThroatChop|Brave||M|||50|
|c|Ōśåsinhkhoi|my brother
|c|Ōśåsinhkhoi|i like your team
|
|t:|1783261163
|teamsize|p1|4
|teamsize|p2|4
|start
|switch|p1a: Drampa|Drampa, L50, M|100/100
|switch|p1b: Tyranitar|Tyranitar, L50, F|100/100
|switch|p2a: Farigiraf|Farigiraf, L50, F|100/100
|switch|p2b: Incineroar|Incineroar, L50, M|100/100
|-weather|Sandstorm|[from] ability: Sand Stream|[of] p1b: Tyranitar
|-ability|p2b: Incineroar|Intimidate|boost
|-unboost|p1a: Drampa|atk|1
|-unboost|p1b: Tyranitar|atk|1
|turn|1
|
|t:|1783261197
|switch|p1b: Sinistcha|Sinistcha-Masterpiece, L50|100/100
|detailschange|p1a: Drampa|Drampa-Mega, L50, M
|-mega|p1a: Drampa|Drampa|Drampanite
|move|p2a: Farigiraf|Helping Hand|p2b: Incineroar
|-singleturn|p2b: Incineroar|Helping Hand|[of] p2a: Farigiraf
|move|p2b: Incineroar|Close Combat|p1a: Drampa
|-supereffective|p1a: Drampa|1
|-damage|p1a: Drampa|0 fnt
|-unboost|p2b: Incineroar|def|1
|-unboost|p2b: Incineroar|spd|1
|faint|p1a: Drampa
|-damage|p2b: Incineroar|90/100|[from] item: Life Orb
|
|-weather|Sandstorm|[upkeep]
|-damage|p1b: Sinistcha|93/100|[from] Sandstorm
|-damage|p2a: Farigiraf|93/100|[from] Sandstorm
|-damage|p2b: Incineroar|84/100|[from] Sandstorm
|upkeep
|
|t:|1783261216
|switch|p1a: Tyranitar|Tyranitar, L50, F|100/100
|turn|2
|
|t:|1783261229
|switch|p2b: Araquanid|Araquanid, L50, M|100/100
|move|p1b: Sinistcha|Protect|p1b: Sinistcha
|-singleturn|p1b: Sinistcha|Protect
|move|p1a: Tyranitar|Rock Slide|p2b: Araquanid|[spread] p2a,p2b
|-supereffective|p2b: Araquanid|1
|-damage|p2a: Farigiraf|64/100
|-damage|p2b: Araquanid|33/100
|move|p2a: Farigiraf|Trick Room|p2a: Farigiraf
|-fieldstart|move: Trick Room|[of] p2a: Farigiraf
|
|-weather|Sandstorm|[upkeep]
|-damage|p2b: Araquanid|28/100|[from] Sandstorm
|-damage|p2a: Farigiraf|58/100|[from] Sandstorm
|-damage|p1b: Sinistcha|87/100|[from] Sandstorm
|upkeep
|turn|3
|
|t:|1783261243
|move|p2a: Farigiraf|Helping Hand|p2b: Araquanid
|-singleturn|p2b: Araquanid|Helping Hand|[of] p2a: Farigiraf
|move|p1a: Tyranitar|Protect|p1a: Tyranitar
|-singleturn|p1a: Tyranitar|Protect
|move|p2b: Araquanid|Surf|p1a: Tyranitar|[spread] p2a,p1b
|-activate|p1a: Tyranitar|move: Protect
|-resisted|p1b: Sinistcha|1
|-damage|p2a: Farigiraf|0 fnt
|-damage|p1b: Sinistcha|42/100
|-enditem|p1b: Sinistcha|Sitrus Berry|[eat]
|-heal|p1b: Sinistcha|66/100|[from] item: Sitrus Berry
|faint|p2a: Farigiraf
|move|p1b: Sinistcha|Matcha Gotcha|p2b: Araquanid
|-damage|p2b: Araquanid|1/100
|-heal|p1b: Sinistcha|80/100|[from] drain|[of] p2b: Araquanid
|
|-weather|Sandstorm|[upkeep]
|-damage|p2b: Araquanid|0 fnt|[from] Sandstorm
|-damage|p1b: Sinistcha|74/100|[from] Sandstorm
|faint|p2b: Araquanid
|upkeep
|
|t:|1783261250
|switch|p2b: Incineroar|Incineroar, L50, M|84/100
|switch|p2a: Drampa|Drampa, L50, M|100/100
|-ability|p2a: Drampa|Cloud Nine
|-ability|p2b: Incineroar|Intimidate|boost
|-unboost|p1a: Tyranitar|atk|1
|-unboost|p1b: Sinistcha|atk|1
|turn|4
|
|t:|1783261282
|detailschange|p2a: Drampa|Drampa-Mega, L50, M
|-mega|p2a: Drampa|Drampa|Drampanite
|move|p1b: Sinistcha|Rage Powder|p1b: Sinistcha
|-singleturn|p1b: Sinistcha|move: Rage Powder
|move|p2a: Drampa|Earth Power|p1b: Sinistcha
|-resisted|p1b: Sinistcha|1
|-damage|p1b: Sinistcha|55/100
|move|p2b: Incineroar|Flare Blitz|p1b: Sinistcha
|-supereffective|p1b: Sinistcha|1
|-damage|p1b: Sinistcha|0 fnt
|faint|p1b: Sinistcha
|-damage|p2b: Incineroar|67/100|[from] Recoil
|-damage|p2b: Incineroar|57/100|[from] item: Life Orb
|move|p1a: Tyranitar|Rock Slide|p2a: Drampa|[spread] p2a,p2b
|-supereffective|p2b: Incineroar|1
|-damage|p2a: Drampa|78/100
|-damage|p2b: Incineroar|16/100
|
|-weather|Sandstorm|[upkeep]
|-damage|p2a: Drampa|72/100|[from] Sandstorm
|-damage|p2b: Incineroar|10/100|[from] Sandstorm
|upkeep
|
|t:|1783261297
|switch|p1b: Farigiraf|Farigiraf, L50, F|100/100
|turn|5
|c|Ōśåsinhkhoi|i got th├Ł
|c|Ōśåsinhkhoi|this
|c|Ōśåsinhkhoi|my big brain
|c|Ōśåsinhkhoi|work
|c|Ōśåsinhkhoi|on time
|
|t:|1783261318
|move|p1a: Tyranitar|Protect|p1a: Tyranitar
|-singleturn|p1a: Tyranitar|Protect
|move|p2a: Drampa|Earth Power|p1a: Tyranitar
|-activate|p1a: Tyranitar|move: Protect
|move|p2b: Incineroar|Throat Chop|p1b: Farigiraf
|-supereffective|p1b: Farigiraf|1
|-damage|p1b: Farigiraf|0 fnt
|faint|p1b: Farigiraf
|-damage|p2b: Incineroar|1/100|[from] item: Life Orb
|
|-weather|none
|upkeep
|turn|6
|c|Ōśåsinhkhoi|wth
|
|t:|1783261339
|move|p1a: Tyranitar|Protect||[still]
|-fail|p1a: Tyranitar
|move|p2a: Drampa|Earth Power|p1a: Tyranitar
|-supereffective|p1a: Tyranitar|1
|-damage|p1a: Tyranitar|36/100
|move|p2b: Incineroar|Close Combat|p1a: Tyranitar
|-supereffective|p1a: Tyranitar|2
|-crit|p1a: Tyranitar
|-enditem|p1a: Tyranitar|Chople Berry|[eat]
|-enditem|p1a: Tyranitar|Chople Berry|[weaken]
|-damage|p1a: Tyranitar|0 fnt
|-unboost|p2b: Incineroar|def|1
|-unboost|p2b: Incineroar|spd|1
|faint|p1a: Tyranitar
|-damage|p2b: Incineroar|0 fnt|[from] item: Life Orb
|faint|p2b: Incineroar
|
|win|storm2326
||sinhkhoi is ready for game 2.
|inactive|storm2326 has 30 seconds to confirm battle start!
|l|Ōśåsinhkhoi
|player|p1|
|inactive|storm2326 has 20 seconds to confirm battle start!
||storm2326 is ready for game 2.
|uhtml|next|Next: Game 2 of 3
