|j|☆BreadPudding248
|j|☆Chelicerate1
|html|BreadPudding248Chelicerate1    
|uhtml|bestof|Game 3 of a best-of-3
|t:|1784352831
|gametype|doubles
|player|p1|BreadPudding248|101|1305
|player|p2|Chelicerate1|ethan|1261
|gen|9
|tier|[Gen 9 Champions] VGC 2026 Reg M-B (Bo3)
|rated|
|rule|Species Clause: Limit one of each Pokémon
|rule|Item Clause: Limit 1 of each item
|clearpoke
|poke|p1|Sneasler, L50, F|
|poke|p1|Kingambit, L50, M|
|poke|p1|Incineroar, L50, M|
|poke|p1|Floette-Eternal, L50, F|
|poke|p1|Sinistcha, L50|
|poke|p1|Delphox, L50, F, shiny|
|poke|p2|Grimmsnarl, L50, M|
|poke|p2|Basculegion, L50, M|
|poke|p2|Charizard, L50, F|
|poke|p2|Pelipper, L50, M|
|poke|p2|Venusaur, L50, M|
|poke|p2|Archaludon, L50, M|
|teampreview|4
|showteam|p1|Sneasler||FocusSash|PoisonTouch|QuickGuard,FakeOut,CloseCombat,DireClaw|Jolly||F|||50|]Kingambit||BlackGlasses|Defiant|Protect,SwordsDance,SuckerPunch,KowtowCleave|Adamant||M|||50|]Incineroar||SitrusBerry|Intimidate|FakeOut,PartingShot,FlareBlitz,ThroatChop|Impish||M|||50|]Floette-Eternal||Floettite|FlowerVeil|Protect,CalmMind,Moonblast,DazzlingGleam|Modest||F|||50|]Sinistcha||OccaBerry|Hospitality|Protect,MatchaGotcha,TrickRoom,RagePowder|Bold|||||50|]Delphox||Delphoxite|Blaze|Protect,HeatWave,Psyshock,NastyPlot|Timid||F|||50|
|showteam|p2|Grimmsnarl||LightClay|Prankster|SpiritBreak,PartingShot,Reflect,LightScreen|Sassy||M|||50|]Basculegion||ChoiceScarf|Adaptability|LastRespects,WaveCrash,AquaJet,FlipTurn|Jolly||M|||50|]Charizard||CharizarditeY|Blaze|Protect,HeatWave,WeatherBall,SolarBeam|Modest||F|||50|]Pelipper||SitrusBerry|Drizzle|Hurricane,WeatherBall,Tailwind,WideGuard|Modest||M|||50|]Venusaur||FocusSash|Chlorophyll|SludgeBomb,SleepPowder,EarthPower,Protect|Modest||M|||50|]Archaludon||Leftovers|Stamina|ElectroShot,DragonPulse,FlashCannon,Protect|Calm||M|||50|
|inactive|Battle timer is ON: inactive players will automatically lose when time's up. (requested by Chelicerate1)
|inactive|BreadPudding248 also wants the timer to be on.
|inactive|Chelicerate1 has 60 seconds left.
|
|t:|1784352869
|teamsize|p1|4
|teamsize|p2|4
|start
|switch|p1a: Kingambit|Kingambit, L50, M|100/100
|switch|p1b: Incineroar|Incineroar, L50, M|100/100
|switch|p2a: Charizard|Charizard, L50, F|100/100
|switch|p2b: Venusaur|Venusaur, L50, M|100/100
|-ability|p1b: Incineroar|Intimidate|boost
|-unboost|p2a: Charizard|atk|1
|-unboost|p2b: Venusaur|atk|1
|turn|1
|inactive|BreadPudding248 has 30 seconds left.
|
|t:|1784352900
|detailschange|p2a: Charizard|Charizard-Mega-Y, L50, F
|-mega|p2a: Charizard|Charizard|Charizardite Y
|-weather|SunnyDay|[from] ability: Drought|[of] p2a: Charizard
|move|p1b: Incineroar|Fake Out|p2a: Charizard
|-damage|p2a: Charizard|88/100
|move|p2b: Venusaur|Sleep Powder|p1a: Kingambit|[miss]
|-miss|p2b: Venusaur|p1a: Kingambit
|cant|p2a: Charizard|flinch
|move|p1a: Kingambit|Kowtow Cleave|p2a: Charizard
|-damage|p2a: Charizard|29/100
|
|-weather|SunnyDay|[upkeep]
|upkeep
|turn|2
|inactive|Chelicerate1 has 30 seconds left.
|inactive|BreadPudding248 has 30 seconds left.
|
|t:|1784352931
|move|p2a: Charizard|Protect|p2a: Charizard
|-singleturn|p2a: Charizard|Protect
|move|p1a: Kingambit|Protect|p1a: Kingambit
|-singleturn|p1a: Kingambit|Protect
|move|p2b: Venusaur|Sleep Powder|p1a: Kingambit
|-activate|p1a: Kingambit|move: Protect
|move|p1b: Incineroar|Flare Blitz|p2b: Venusaur
|-supereffective|p2b: Venusaur|1
|-enditem|p2b: Venusaur|Focus Sash
|-damage|p2b: Venusaur|1/100
|-damage|p1b: Incineroar|74/100|[from] Recoil
|
|-weather|SunnyDay|[upkeep]
|upkeep
|turn|3
|
|t:|1784352948
|switch|p2a: Archaludon|Archaludon, L50, M|100/100
|move|p1a: Kingambit|Sucker Punch||[still]
|-fail|p1a: Kingambit
|move|p2b: Venusaur|Sleep Powder|p1b: Incineroar
|-status|p1b: Incineroar|slp|[from] move: Sleep Powder
|cant|p1b: Incineroar|slp
|
|-weather|SunnyDay|[upkeep]
|upkeep
|turn|4
|
|t:|1784352966
|switch|p2b: Pelipper|Pelipper, L50, M|100/100
|-weather|RainDance|[from] ability: Drizzle|[of] p2b: Pelipper
|move|p2a: Archaludon|Electro Shot||[still]
|-prepare|p2a: Archaludon|Electro Shot
|-boost|p2a: Archaludon|spa|1
|-anim|p2a: Archaludon|Electro Shot|p1a: Kingambit
|-damage|p1a: Kingambit|46/100
|cant|p1b: Incineroar|slp
|move|p1a: Kingambit|Swords Dance|p1a: Kingambit
|-boost|p1a: Kingambit|atk|2
|
|-weather|RainDance|[upkeep]
|upkeep
|turn|5
|inactive|Chelicerate1 has 30 seconds left.
|inactive|Chelicerate1 has 20 seconds left.
|inactive|Chelicerate1 has 15 seconds left.
|inactive|Chelicerate1 has 10 seconds left.
|
|t:|1784353011
|switch|p1b: Sinistcha|Sinistcha, L50|100/100
|-heal|p1a: Kingambit|71/100|[from] ability: Hospitality|[of] p1b: Sinistcha
|move|p1a: Kingambit|Protect|p1a: Kingambit
|-singleturn|p1a: Kingambit|Protect
|move|p2a: Archaludon|Electro Shot||[still]
|-prepare|p2a: Archaludon|Electro Shot
|-boost|p2a: Archaludon|spa|1
|-anim|p2a: Archaludon|Electro Shot|p1a: Kingambit
|-activate|p1a: Kingambit|move: Protect
|move|p2b: Pelipper|Weather Ball|p1b: Sinistcha
|-resisted|p1b: Sinistcha|1
|-damage|p1b: Sinistcha|66/100
|
|-weather|RainDance|[upkeep]
|upkeep
|turn|6
|
|t:|1784353032
|move|p1b: Sinistcha|Rage Powder|p1b: Sinistcha
|-singleturn|p1b: Sinistcha|move: Rage Powder
|move|p2a: Archaludon|Electro Shot||[still]
|-prepare|p2a: Archaludon|Electro Shot
|-boost|p2a: Archaludon|spa|1
|-anim|p2a: Archaludon|Electro Shot|p1b: Sinistcha
|-resisted|p1b: Sinistcha|1
|-damage|p1b: Sinistcha|25/100
|move|p2b: Pelipper|Hurricane|p1b: Sinistcha
|-supereffective|p1b: Sinistcha|1
|-damage|p1b: Sinistcha|0 fnt
|faint|p1b: Sinistcha
|move|p1a: Kingambit|Kowtow Cleave|p2a: Archaludon
|-damage|p2a: Archaludon|15/100
|-ability|p2a: Archaludon|Stamina|boost
|-boost|p2a: Archaludon|def|1
|
|-weather|RainDance|[upkeep]
|-heal|p2a: Archaludon|21/100|[from] item: Leftovers
|upkeep
|
|t:|1784353044
|switch|p1b: Floette|Floette-Eternal, L50, F|100/100
|turn|7
|
|t:|1784353063
|detailschange|p1b: Floette|Floette-Mega, L50, F
|-mega|p1b: Floette|Floette|Floettite
|-ability|p1b: Floette|Fairy Aura
|move|p2a: Archaludon|Protect|p2a: Archaludon
|-singleturn|p2a: Archaludon|Protect
|move|p1a: Kingambit|Sucker Punch||[still]
|-fail|p1a: Kingambit
|move|p1b: Floette|Moonblast|p2b: Pelipper
|-damage|p2b: Pelipper|0 fnt
|faint|p2b: Pelipper
|
|-weather|RainDance|[upkeep]
|-heal|p2a: Archaludon|27/100|[from] item: Leftovers
|upkeep
|inactive|Chelicerate1 has 30 seconds left.
|
|t:|1784353094
|switch|p2b: Charizard|Charizard-Mega-Y, L50, F|29/100
|-weather|SunnyDay|[from] ability: Drought|[of] p2b: Charizard
|turn|8
|
|t:|1784353102
|move|p2b: Charizard|Protect|p2b: Charizard
|-singleturn|p2b: Charizard|Protect
|move|p1a: Kingambit|Sucker Punch|p2a: Archaludon
|-damage|p2a: Archaludon|0 fnt
|faint|p2a: Archaludon
|move|p1b: Floette|Moonblast|p2b: Charizard
|-activate|p2b: Charizard|move: Protect
|
|-weather|SunnyDay|[upkeep]
|upkeep
|
|t:|1784353105
|switch|p2a: Venusaur|Venusaur, L50, M|1/100
|turn|9
|
|t:|1784353113
|move|p2b: Charizard|Protect|p2b: Charizard
|-singleturn|p2b: Charizard|Protect
|move|p1a: Kingambit|Sucker Punch||[still]
|-fail|p1a: Kingambit
|move|p2a: Venusaur|Sleep Powder|p1b: Floette
|-status|p1b: Floette|slp|[from] move: Sleep Powder
|cant|p1b: Floette|slp
|
|-weather|SunnyDay|[upkeep]
|upkeep
|turn|10
|
|t:|1784353124
|move|p2b: Charizard|Protect||[still]
|-fail|p2b: Charizard
|move|p1a: Kingambit|Sucker Punch||[still]
|-fail|p1a: Kingambit
|move|p2a: Venusaur|Sleep Powder|p1a: Kingambit
|-status|p1a: Kingambit|slp|[from] move: Sleep Powder
|cant|p1b: Floette|slp
|
|-weather|SunnyDay|[upkeep]
|upkeep
|turn|11
|inactive|BreadPudding248 has 30 seconds left.
|
|t:|1784353149
|move|p2a: Venusaur|Sludge Bomb|p1b: Floette
|-supereffective|p1b: Floette|1
|-damage|p1b: Floette|35/100 slp
|-curestatus|p1b: Floette|slp|[msg]
|move|p1b: Floette|Dazzling Gleam|p2a: Venusaur|[spread] p2a,p2b
|-resisted|p2a: Venusaur|1
|-resisted|p2b: Charizard|1
|-damage|p2a: Venusaur|0 fnt
|-damage|p2b: Charizard|9/100
|faint|p2a: Venusaur
|move|p2b: Charizard|Heat Wave|p1b: Floette|[spread] p1a,p1b
|-supereffective|p1a: Kingambit|1
|-damage|p1a: Kingambit|0 fnt
|-damage|p1b: Floette|0 fnt
|faint|p1a: Kingambit
|faint|p1b: Floette
|
|-weather|SunnyDay|[upkeep]
|upkeep
|
|t:|1784353163
|switch|p1b: Incineroar|Incineroar, L50, M|74/100 slp
|-ability|p1b: Incineroar|Intimidate|boost
|-unboost|p2b: Charizard|atk|1
|turn|12
|
|t:|1784353169
|-curestatus|p1b: Incineroar|slp|[msg]
|move|p1b: Incineroar|Fake Out|p2b: Charizard
|-damage|p2b: Charizard|0 fnt
|faint|p2b: Charizard
|
|win|BreadPudding248
|raw|BreadPudding248's rating: 1305 → 1322(+17 for winning)
|raw|Chelicerate1's rating: 1261 → 1239(-22 for losing)
