|j|☆Patata303
|j|☆tedidn
|html|Patata303tedidn    
|uhtml|bestof|Game 1 of a best-of-3
|t:|1756694165
|gametype|doubles
|player|p1|Patata303|silver|1209
|player|p2|tedidn|marshal|1297
|gen|9
|tier|[Gen 9] VGC 2025 Reg H (Bo3)
|rated|
|rule|Species Clause: Limit one of each Pokémon
|rule|Item Clause: Limit 1 of each item
|clearpoke
|poke|p1|Indeedee, L50, M|
|poke|p1|Drifblim, L50, M|
|poke|p1|Volcarona, L50, F|
|poke|p1|Kommo-o, L50, M|
|poke|p1|Toxtricity, L50, M|
|poke|p1|Hydreigon, L50, M|
|poke|p2|Dragonite, L50, F|
|poke|p2|Ursaluna, L50, F|
|poke|p2|Gholdengo, L50|
|poke|p2|Porygon2, L50|
|poke|p2|Volcarona, L50, M|
|poke|p2|Grimmsnarl, L50, M|
|teampreview|4
|showteam|p1|Indeedee||FocusSash|PsychicSurge|ExpandingForce,TeraBlast,Imprison,TrickRoom|||M|||50|,,,,,Ground]Drifblim||PsychicSeed|Unburden|Acrobatics,WillOWisp,StrengthSap,Tailwind|||M|||50|,,,,,Grass]Volcarona||LifeOrb|FlameBody|BugBuzz,HeatWave,TeraBlast,Protect|||F|||50|,,,,,Fairy]Kommo-o||Leftovers|Soundproof|BodyPress,Flamethrower,IronDefense,Protect|||M|||50|,,,,,Fire]Toxtricity||ChoiceSpecs|PunkRock|Overdrive,SludgeBomb,Boomburst,VoltSwitch|||M|||50|,,,,,Normal]Hydreigon||AssaultVest|Levitate|DarkPulse,DracoMeteor,EarthPower,Snarl|||M|||50|,,,,,Ghost
|showteam|p2|Dragonite||LoadedDice|InnerFocus|ScaleShot,Tailwind,Haze,Protect|||F|||50|,,,,,Fairy]Ursaluna||FlameOrb|Guts|HeadlongRush,Earthquake,Facade,Protect|||F|||50|,,,,,Grass]Gholdengo||LifeOrb|GoodasGold|MakeItRain,ShadowBall,NastyPlot,Protect||||||50|,,,,,Dragon]Porygon2||Eviolite|Download|TeraBlast,Recover,IceBeam,TrickRoom||||||50|,,,,,Fighting]Volcarona||SafetyGoggles|FlameBody|Overheat,Tailwind,StruggleBug,RagePowder|||M|||50|,,,,,Fairy]Grimmsnarl||LightClay|Prankster|FoulPlay,ThunderWave,Reflect,LightScreen|||M|||50|,,,,,Ghost
|inactive|Battle timer is ON: inactive players will automatically lose when time's up. (requested by tedidn)
|c|☆tedidn|dope strange
|c|☆tedidn|team*
|inactive|Patata303 has 60 seconds left.
|inactive|tedidn has 60 seconds left.
|inactive|tedidn has 30 seconds left.
|
|t:|1756694229
|teamsize|p1|4
|teamsize|p2|4
|start
|switch|p1a: Kommo-o|Kommo-o, L50, M|100/100
|switch|p1b: Volcarona|Volcarona, L50, F|100/100
|switch|p2a: Mr.Bigbucks|Gholdengo, L50|100/100
|switch|p2b: True Ogre|Grimmsnarl, L50, M|100/100
|turn|1
|
|t:|1756694239
|-terastallize|p2a: Mr.Bigbucks|Dragon
|move|p2b: True Ogre|Light Screen|p2b: True Ogre
|-sidestart|p2: tedidn|move: Light Screen
|move|p1b: Volcarona|Heat Wave|p2a: Mr.Bigbucks|[spread] p2a,p2b
|-resisted|p2a: Mr.Bigbucks
|-damage|p2a: Mr.Bigbucks|85/100
|-damage|p2b: True Ogre|72/100
|-status|p2b: True Ogre|brn
|-damage|p1b: Volcarona|91/100|[from] item: Life Orb
|move|p2a: Mr.Bigbucks|Nasty Plot|p2a: Mr.Bigbucks
|-boost|p2a: Mr.Bigbucks|spa|2
|move|p1a: Kommo-o|Iron Defense|p1a: Kommo-o
|-boost|p1a: Kommo-o|def|2
|
|-damage|p2b: True Ogre|66/100 brn|[from] brn
|upkeep
|turn|2
|
|t:|1756694259
|move|p1b: Volcarona|Protect|p1b: Volcarona
|-singleturn|p1b: Volcarona|Protect
|move|p2a: Mr.Bigbucks|Protect|p2a: Mr.Bigbucks
|-singleturn|p2a: Mr.Bigbucks|Protect
|move|p2b: True Ogre|Thunder Wave|p1b: Volcarona
|-activate|p1b: Volcarona|move: Protect
|move|p1a: Kommo-o|Body Press|p2a: Mr.Bigbucks
|-activate|p2a: Mr.Bigbucks|move: Protect
|
|-damage|p2b: True Ogre|60/100 brn|[from] brn
|upkeep
|turn|3
|
|t:|1756694273
|move|p2b: True Ogre|Thunder Wave|p1b: Volcarona
|-status|p1b: Volcarona|par
|move|p2a: Mr.Bigbucks|Make It Rain|p1a: Kommo-o|[spread] p1a,p1b
|-resisted|p1b: Volcarona
|-damage|p1a: Kommo-o|6/100
|-damage|p1b: Volcarona|37/100 par
|-unboost|p2a: Mr.Bigbucks|spa|1
|-damage|p2a: Mr.Bigbucks|75/100|[from] item: Life Orb
|move|p1a: Kommo-o|Body Press|p2a: Mr.Bigbucks
|-damage|p2a: Mr.Bigbucks|0 fnt
|faint|p2a: Mr.Bigbucks
|move|p1b: Volcarona|Bug Buzz|p2b: True Ogre
|-damage|p2b: True Ogre|27/100 brn
|-damage|p1b: Volcarona|27/100 par|[from] item: Life Orb
|
|-heal|p1a: Kommo-o|12/100|[from] item: Leftovers
|-damage|p2b: True Ogre|21/100 brn|[from] brn
|upkeep
|
|t:|1756694283
|switch|p2a: Douglass|Dragonite, L50, F|100/100
|turn|4
|
|t:|1756694307
|-terastallize|p1b: Volcarona|Fairy
|move|p2a: Douglass|Scale Shot|p1a: Kommo-o|[miss]
|-miss|p2a: Douglass|p1a: Kommo-o
|move|p1a: Kommo-o|Body Press|p2b: True Ogre
|-damage|p2b: True Ogre|0 fnt
|faint|p2b: True Ogre
|move|p1b: Volcarona|Tera Blast|p2a: Douglass|[anim] Tera Blast Fairy
|-supereffective|p2a: Douglass
|-damage|p2a: Douglass|15/100
|-damage|p1b: Volcarona|17/100 par|[from] item: Life Orb
|
|-heal|p1a: Kommo-o|18/100|[from] item: Leftovers
|upkeep
|
|t:|1756694310
|switch|p2b: Daquavion|Porygon2, L50|100/100
|-ability|p2b: Daquavion|Download|boost
|-boost|p2b: Daquavion|spa|1
|turn|5
|
|t:|1756694319
|move|p1a: Kommo-o|Protect|p1a: Kommo-o
|-singleturn|p1a: Kommo-o|Protect
|move|p2a: Douglass|Scale Shot|p1a: Kommo-o
|-activate|p1a: Kommo-o|move: Protect
|move|p2b: Daquavion|Tera Blast|p1b: Volcarona
|-damage|p1b: Volcarona|0 fnt
|faint|p1b: Volcarona
|
|-heal|p1a: Kommo-o|24/100|[from] item: Leftovers
|upkeep
|
|t:|1756694336
|switch|p1b: Hydreigon|Hydreigon, L50, M|100/100
|turn|6
|
|t:|1756694343
|switch|p1a: Toxtricity|Toxtricity, L50, M|100/100
|move|p2a: Douglass|Protect|p2a: Douglass
|-singleturn|p2a: Douglass|Protect
|move|p1b: Hydreigon|Dark Pulse|p2a: Douglass
|-activate|p2a: Douglass|move: Protect
|move|p2b: Daquavion|Trick Room|p2b: Daquavion
|-fieldstart|move: Trick Room|[of] p2b: Daquavion
|
|upkeep
|turn|7
|
|t:|1756694353
|move|p2b: Daquavion|Tera Blast|p1a: Toxtricity
|-damage|p1a: Toxtricity|23/100
|move|p2a: Douglass|Scale Shot|p1b: Hydreigon
|-supereffective|p1b: Hydreigon
|-crit|p1b: Hydreigon
|-damage|p1b: Hydreigon|55/100
|-supereffective|p1b: Hydreigon
|-damage|p1b: Hydreigon|22/100
|-supereffective|p1b: Hydreigon
|-damage|p1b: Hydreigon|0 fnt
|faint|p1b: Hydreigon
|-hitcount|p1: Hydreigon|3
|-unboost|p2a: Douglass|def|1
|-boost|p2a: Douglass|spe|1
|move|p1a: Toxtricity|Overdrive|p2b: Daquavion|[spread] p2a,p2b
|-damage|p2a: Douglass|0 fnt
|-damage|p2b: Daquavion|77/100
|faint|p2a: Douglass
|
|upkeep
|
|t:|1756694370
|switch|p1b: Kommo-o|Kommo-o, L50, M|24/100
|turn|8
|
|t:|1756694375
|move|p2b: Daquavion|Tera Blast|p1a: Toxtricity
|-damage|p1a: Toxtricity|0 fnt
|faint|p1a: Toxtricity
|move|p1b: Kommo-o|Body Press|p2b: Daquavion
|-supereffective|p2b: Daquavion
|-damage|p2b: Daquavion|25/100
|
|-heal|p1b: Kommo-o|30/100|[from] item: Leftovers
|-sideend|p2: tedidn|move: Light Screen
|upkeep
|turn|9
|
|t:|1756694386
|move|p1b: Kommo-o|Protect|p1b: Kommo-o
|-singleturn|p1b: Kommo-o|Protect
|move|p2b: Daquavion|Recover|p2b: Daquavion
|-heal|p2b: Daquavion|75/100
|
|-heal|p1b: Kommo-o|36/100|[from] item: Leftovers
|upkeep
|turn|10
|
|t:|1756694389
|move|p1b: Kommo-o|Protect|p1b: Kommo-o
|-singleturn|p1b: Kommo-o|Protect
|move|p2b: Daquavion|Ice Beam|p1b: Kommo-o
|-activate|p1b: Kommo-o|move: Protect
|
|-heal|p1b: Kommo-o|42/100|[from] item: Leftovers
|-fieldend|move: Trick Room
|upkeep
|turn|11
|
|t:|1756694394
|move|p1b: Kommo-o|Iron Defense|p1b: Kommo-o
|-boost|p1b: Kommo-o|def|2
|move|p2b: Daquavion|Ice Beam|p1b: Kommo-o
|-supereffective|p1b: Kommo-o
|-damage|p1b: Kommo-o|0 fnt
|faint|p1b: Kommo-o
|
|win|tedidn
