|j|☆freedondozo
|j|☆is_katabo
|html|freedondozois_katabo    
|uhtml|bestof|Game 2 of a best-of-3
|t:|1785618280
|gametype|doubles
|player|p1|freedondozo|rosa-pokestar3|1188
|player|p2|is_katabo|youngster-gen4dp|1332
|gen|9
|tier|[Gen 9 Champions] VGC 2026 Reg M-B (Bo3)
|rated|
|rule|Species Clause: Limit one of each Pokémon
|rule|Item Clause: Limit 1 of each item
|clearpoke
|poke|p1|Floette-Eternal, L50, F|
|poke|p1|Maushold-Four, L50|
|poke|p1|Basculegion, L50, M|
|poke|p1|Incineroar, L50, F|
|poke|p1|Delphox, L50, M|
|poke|p1|Garchomp, L50, M|
|poke|p2|Skeledirge, L50, M|
|poke|p2|Grimmsnarl, L50, M|
|poke|p2|Venusaur, L50, F|
|poke|p2|Gyarados, L50, F|
|poke|p2|Maushold, L50|
|poke|p2|Dragonite, L50, F|
|teampreview|4
|showteam|p1|Floette-Eternal||Floettite|FlowerVeil|Protect,Moonblast,DrainingKiss,CalmMind|Modest||F|||50|]Maushold-Four||ChopleBerry|FriendGuard|Protect,FollowMe,Feint,SuperFang|Impish|||||50|]Basculegion||FocusSash|Adaptability|Protect,Liquidation,LastRespects,AquaJet|Jolly||M|||50|]Incineroar||PasshoBerry|Intimidate|FlareBlitz,DarkestLariat,FakeOut,PartingShot|Careful||F|||50|]Delphox||Delphoxite|Blaze|Protect,HeatWave,Psyshock,NastyPlot|Timid||M|||50|]Garchomp||LifeOrb|RoughSkin|Protect,DragonClaw,Earthquake,RockSlide|Jolly||M|||50|
|showteam|p2|Skeledirge||PasshoBerry|Unaware|TorchSong,ShadowBall,WillOWisp,Protect|Bold||M|||50|]Grimmsnarl||LightClay|Prankster|SpiritBreak,Reflect,LightScreen,PartingShot|Careful||M|||50|]Venusaur||Venusaurite|Overgrow|GigaDrain,SludgeBomb,EarthPower,Protect|Calm||F|||50|]Gyarados||Gyaradosite|Intimidate|Waterfall,LashOut,DragonDance,Protect|Jolly||F|||50|]Maushold||FocusSash|FriendGuard|SuperFang,FollowMe,Encore,Protect|Timid|||||50|]Dragonite||LifeOrb|InnerFocus|DragonClaw,ExtremeSpeed,LowKick,Protect|Adamant||F|||50|
|
|t:|1785618322
|teamsize|p1|4
|teamsize|p2|4
|start
|switch|p1a: Delphox|Delphox, L50, M|100/100
|switch|p1b: Maushold|Maushold-Four, L50|100/100
|switch|p2a: Gyarados|Gyarados, L50, F|100/100
|switch|p2b: Grimmsnarl|Grimmsnarl, L50, M|100/100
|-ability|p2a: Gyarados|Intimidate|boost
|-unboost|p1a: Delphox|atk|1
|-unboost|p1b: Maushold|atk|1
|turn|1
|
|t:|1785618334
|switch|p1a: Garchomp|Garchomp, L50, M|100/100
|detailschange|p2a: Gyarados|Gyarados-Mega, L50, F
|-mega|p2a: Gyarados|Gyarados|Gyaradosite
|-ability|p2a: Gyarados|Mold Breaker
|move|p2b: Grimmsnarl|Light Screen|p2b: Grimmsnarl
|-sidestart|p2: is_katabo|move: Light Screen
|move|p2a: Gyarados|Dragon Dance|p2a: Gyarados
|-boost|p2a: Gyarados|atk|1
|-boost|p2a: Gyarados|spe|1
|move|p1b: Maushold|Super Fang|p2a: Gyarados
|-damage|p2a: Gyarados|50/100g
|
|upkeep
|turn|2
|
|t:|1785618354
|move|p2a: Gyarados|Protect|p2a: Gyarados
|-singleturn|p2a: Gyarados|Protect
|move|p1b: Maushold|Feint|p2a: Gyarados
|-activate|p2a: Gyarados|move: Feint
|-damage|p2a: Gyarados|45/100
|move|p2b: Grimmsnarl|Reflect|p2b: Grimmsnarl
|-sidestart|p2: is_katabo|Reflect
|move|p1a: Garchomp|Dragon Claw|p2a: Gyarados
|-damage|p2a: Gyarados|15/100
|-damage|p1a: Garchomp|90/100|[from] item: Life Orb
|
|upkeep
|turn|3
|
|t:|1785618373
|move|p1b: Maushold|Follow Me|p1b: Maushold
|-singleturn|p1b: Maushold|move: Follow Me
|move|p2b: Grimmsnarl|Parting Shot|p1b: Maushold
|-unboost|p1b: Maushold|atk|1
|-unboost|p1b: Maushold|spa|1
|
|t:|1785618376
|switch|p2b: Maushold|Maushold, L50|100/100|[from] Parting Shot
|move|p2a: Gyarados|Waterfall|p1b: Maushold
|-damage|p1b: Maushold|35/100
|move|p1a: Garchomp|Earthquake|p2a: Gyarados|[spread] p1b,p2a,p2b
|-damage|p1b: Maushold|0 fnt
|-damage|p2a: Gyarados|0 fnt
|-damage|p2b: Maushold|58/100
|faint|p1b: Maushold
|faint|p2a: Gyarados
|-damage|p1a: Garchomp|80/100|[from] item: Life Orb
|
|upkeep
|
|t:|1785618383
|switch|p2a: Skeledirge|Skeledirge, L50, M|100/100
|switch|p1b: Basculegion|Basculegion, L50, M|100/100
|turn|4
|
|t:|1785618395
|move|p2b: Maushold|Follow Me|p2b: Maushold
|-singleturn|p2b: Maushold|move: Follow Me
|move|p1a: Garchomp|Rock Slide|p2b: Maushold|[spread] p2a,p2b
|-supereffective|p2a: Skeledirge|1
|-damage|p2a: Skeledirge|82/100
|-damage|p2b: Maushold|38/100
|-damage|p1a: Garchomp|70/100|[from] item: Life Orb
|move|p1b: Basculegion|Liquidation|p2b: Maushold
|-damage|p2b: Maushold|0 fnt
|faint|p2b: Maushold
|move|p2a: Skeledirge|Will-O-Wisp|p1a: Garchomp
|-status|p1a: Garchomp|brn
|
|-damage|p1a: Garchomp|64/100 brn|[from] brn
|upkeep
|
|t:|1785618405
|switch|p2b: Grimmsnarl|Grimmsnarl, L50, M|100/100
|turn|5
|
|t:|1785618422
|move|p2a: Skeledirge|Protect|p2a: Skeledirge
|-singleturn|p2a: Skeledirge|Protect
|move|p1a: Garchomp|Rock Slide|p2b: Grimmsnarl|[spread] p2b
|-activate|p2a: Skeledirge|move: Protect
|-damage|p2b: Grimmsnarl|91/100
|-damage|p1a: Garchomp|54/100 brn|[from] item: Life Orb
|move|p1b: Basculegion|Last Respects|p2a: Skeledirge
|-activate|p2a: Skeledirge|move: Protect
|move|p2b: Grimmsnarl|Spirit Break|p1a: Garchomp
|-supereffective|p1a: Garchomp|1
|-damage|p1a: Garchomp|0 fnt
|-damage|p2b: Grimmsnarl|79/100|[from] ability: Rough Skin|[of] p1a: Garchomp
|faint|p1a: Garchomp
|
|upkeep
|
|t:|1785618424
|switch|p1a: Delphox|Delphox, L50, M|100/100
|turn|6
|
|t:|1785618453
|detailschange|p1a: Delphox|Delphox-Mega, L50, M
|-mega|p1a: Delphox|Delphox|Delphoxite
|move|p2b: Grimmsnarl|Parting Shot|p1b: Basculegion
|-unboost|p1b: Basculegion|atk|1
|-unboost|p1b: Basculegion|spa|1
|move|p1a: Delphox|Psyshock|p2a: Skeledirge
|-damage|p2a: Skeledirge|63/100
|move|p1b: Basculegion|Last Respects|p2a: Skeledirge
|-supereffective|p2a: Skeledirge|1
|-damage|p2a: Skeledirge|0 fnt
|faint|p2a: Skeledirge
|
|upkeep
|turn|7
|-message|is_katabo forfeited.
|
|win|freedondozo
||is_katabo is ready for game 3.
||freedondozo is ready for game 3.
|uhtml|next|Next: Game 3 of 3
|l|☆freedondozo
|player|p1|
