|j|☆Duck 7457546765
|j|☆spellbreakvgc
|html|Duck 7457546765spellbreakvgc    
|uhtml|bestof|Game 2 of a best-of-3
|t:|1756730464
|gametype|doubles
|player|p1|Duck 7457546765|karen|1028
|player|p2|spellbreakvgc|lance|1096
|gen|9
|tier|[Gen 9] VGC 2025 Reg H (Bo3)
|rated|
|rule|Species Clause: Limit one of each Pokémon
|rule|Item Clause: Limit 1 of each item
|clearpoke
|poke|p1|Gallade, L50, M|
|poke|p1|Archaludon, L50, F|
|poke|p1|Pelipper, L50, M|
|poke|p1|Amoonguss, L50, F|
|poke|p1|Zoroark-Hisui, L50, M|
|poke|p1|Incineroar, L50, M|
|poke|p2|Sneasler, L50, M|
|poke|p2|Ursaluna-Bloodmoon, L50, M|
|poke|p2|Indeedee, L50, M|
|poke|p2|Tyranitar, L50, F|
|poke|p2|Annihilape, L50, F|
|poke|p2|Volcarona, L50, F|
|teampreview|4
|showteam|p1|Gallade||ClearAmulet|Sharpness|SacredSword,PsychoCut,Protect,NightSlash|||M|||50|,,,,,Steel]Archaludon||AssaultVest|Stamina|BodyPress,FlashCannon,DragonPulse,ElectroShot|||F|||50|,,,,,Ghost]Pelipper||SitrusBerry|Drizzle|WideGuard,KnockOff,WeatherBall,IcyWind|||M|||50|,,,,,Grass]Amoonguss||MentalHerb|EffectSpore|RagePowder,Spore,Protect,SludgeBomb|||F|||50|,,,,,Water]Zoroark-Hisui||FocusSash|Illusion|BitterMalice,HyperVoice,TeraBlast,Protect|||M|||50|,,,,,Fighting]Incineroar||SafetyGoggles|Intimidate|FlareBlitz,KnockOff,PartingShot,FakeOut|||M|||50|,,,,,Ghost
|showteam|p2|Sneasler||PsychicSeed|Unburden|Protect,CloseCombat,DireClaw,ThroatChop|||M|||50|,,,,,Dark]Ursaluna-Bloodmoon||LifeOrb|MindsEye|Protect,HyperVoice,BloodMoon,EarthPower|||M|||50|,,,,,Normal]Indeedee||ChoiceScarf|PsychicSurge|ExpandingForce,TeraBlast,Trick,Protect|||M|||50|,,,,,Psychic]Tyranitar||AssaultVest|SandStream|RockSlide,TeraBlast,KnockOff,LowKick|||F|||50|,,,,,Flying]Annihilape||SafetyGoggles|Defiant|FinalGambit,CloseCombat,RageFist,Taunt|||F|||50|,,,,,Fairy]Volcarona||SitrusBerry|FlameBody|RagePowder,Overheat,StruggleBug,Tailwind|||F|||50|,,,,,Grass
|
|t:|1756730524
|teamsize|p1|4
|teamsize|p2|4
|start
|switch|p1a: Incineroar|Incineroar, L50, M|100/100
|switch|p1b: Archaludon|Archaludon, L50, F|100/100
|switch|p2a: Indeedee|Indeedee, L50, M, shiny|100/100
|switch|p2b: Volcarona|Volcarona, L50, F, shiny|100/100
|-fieldstart|move: Psychic Terrain|[from] ability: Psychic Surge|[of] p2a: Indeedee
|-ability|p1a: Incineroar|Intimidate|boost
|-unboost|p2a: Indeedee|atk|1
|-unboost|p2b: Volcarona|atk|1
|turn|1
|inactive|Battle timer is ON: inactive players will automatically lose when time's up. (requested by spellbreakvgc)
|
|t:|1756730551
|switch|p2a: Tyranitar|Tyranitar, L50, F, shiny|100/100
|-weather|Sandstorm|[from] ability: Sand Stream|[of] p2a: Tyranitar
|move|p1b: Archaludon|Hyper Voice|p2a: Tyranitar|[spread] p2a,p2b
|-resisted|p2a: Tyranitar
|-damage|p2a: Tyranitar|93/100
|-damage|p2b: Volcarona|71/100
|move|p2b: Volcarona|Overheat|p1b: Archaludon
|-enditem|p1b: Archaludon|Focus Sash
|-damage|p1b: Archaludon|1/100
|-unboost|p2b: Volcarona|spa|2
|replace|p1b: Zoroark|Zoroark-Hisui, L50, M
|-end|p1b: Zoroark|Illusion
|move|p1a: Incineroar|Knock Off|p2a: Tyranitar
|-resisted|p2a: Tyranitar
|-damage|p2a: Tyranitar|75/100
|-enditem|p2a: Tyranitar|Assault Vest|[from] move: Knock Off|[of] p1a: Incineroar
|
|-weather|Sandstorm|[upkeep]
|-damage|p1b: Zoroark|0 fnt|[from] Sandstorm
|-damage|p2b: Volcarona|65/100|[from] Sandstorm
|faint|p1b: Zoroark
|upkeep
|inactive|Duck 7457546765 has 30 seconds left.
|
|t:|1756730577
|switch|p1b: Gallade|Gallade, L50, M|100/100
|turn|2
|
|t:|1756730591
|-terastallize|p2a: Tyranitar|Flying
|move|p2b: Volcarona|Rage Powder|p2b: Volcarona
|-singleturn|p2b: Volcarona|move: Rage Powder
|move|p1b: Gallade|Sacred Sword|p2b: Volcarona
|-resisted|p2b: Volcarona
|-damage|p2b: Volcarona|21/100
|-enditem|p2b: Volcarona|Sitrus Berry|[eat]
|-heal|p2b: Volcarona|46/100|[from] item: Sitrus Berry
|move|p2a: Tyranitar|Tera Blast|p1b: Gallade|[anim] Tera Blast Flying
|-supereffective|p1b: Gallade
|-damage|p1b: Gallade|0 fnt
|faint|p1b: Gallade
|move|p1a: Incineroar|Parting Shot|p2a: Tyranitar
|-unboost|p2a: Tyranitar|atk|1
|-unboost|p2a: Tyranitar|spa|1
|
|t:|1756730607
|switch|p1a: Archaludon|Archaludon, L50, F|100/100|[from] Parting Shot
|
|-weather|Sandstorm|[upkeep]
|-damage|p2b: Volcarona|40/100|[from] Sandstorm
|-damage|p2a: Tyranitar|68/100|[from] Sandstorm
|upkeep
|
|t:|1756730614
|switch|p1b: Incineroar|Incineroar, L50, M|100/100
|-ability|p1b: Incineroar|Intimidate|boost
|-unboost|p2a: Tyranitar|atk|1
|-unboost|p2b: Volcarona|atk|1
|turn|3
|
|t:|1756730638
|switch|p2b: Annihilape|Annihilape, L50, F, shiny|100/100
|switch|p2a: Indeedee|Indeedee, L50, M, shiny|100/100
|-terastallize|p1a: Archaludon|Ghost
|move|p1a: Archaludon|Electro Shot||[still]
|-prepare|p1a: Archaludon|Electro Shot
|-boost|p1a: Archaludon|spa|1
|move|p1b: Incineroar|Flare Blitz|p2b: Annihilape
|-damage|p2b: Annihilape|49/100
|-damage|p1b: Incineroar|82/100|[from] Recoil
|
|-weather|Sandstorm|[upkeep]
|-damage|p2a: Indeedee|95/100|[from] Sandstorm
|-damage|p1a: Archaludon|94/100|[from] Sandstorm
|upkeep
|turn|4
|
|t:|1756730662
|move|p2a: Indeedee|Trick|p1a: Archaludon
|-activate|p2a: Indeedee|move: Trick|[of] p1a: Archaludon
|-item|p1a: Archaludon|Choice Scarf|[from] move: Trick
|-item|p2a: Indeedee|Assault Vest|[from] move: Trick
|move|p1a: Archaludon|Electro Shot|p2a: Indeedee|[from] lockedmove
|-damage|p2a: Indeedee|33/100
|move|p2b: Annihilape|Close Combat|p1b: Incineroar
|-supereffective|p1b: Incineroar
|-damage|p1b: Incineroar|0 fnt
|-unboost|p2b: Annihilape|def|1
|-unboost|p2b: Annihilape|spd|1
|faint|p1b: Incineroar
|
|-weather|Sandstorm|[upkeep]
|-damage|p1a: Archaludon|88/100|[from] Sandstorm
|-damage|p2a: Indeedee|27/100|[from] Sandstorm
|upkeep
|turn|5
|
|t:|1756730680
|move|p1a: Archaludon|Electro Shot||[still]
|-prepare|p1a: Archaludon|Electro Shot
|-boost|p1a: Archaludon|spa|1
|move|p2b: Annihilape|Rage Fist|p1a: Archaludon
|-supereffective|p1a: Archaludon
|-damage|p1a: Archaludon|16/100
|-ability|p1a: Archaludon|Stamina|boost
|-boost|p1a: Archaludon|def|1
|move|p2a: Indeedee|Expanding Force|p1a: Archaludon
|-damage|p1a: Archaludon|0 fnt
|faint|p1a: Archaludon
|
|win|spellbreakvgc
