|j|☆MannMars
|j|☆geardox
|html|MannMarsgeardox    
|uhtml|bestof|Game 3 of a best-of-3
|t:|1756429255
|gametype|doubles
|player|p1|MannMars|rocketgruntf|1126
|player|p2|geardox|169|1154
|gen|9
|tier|[Gen 9] VGC 2025 Reg H (Bo3)
|rated|
|rule|Species Clause: Limit one of each Pokémon
|rule|Item Clause: Limit 1 of each item
|clearpoke
|poke|p1|Tyranitar, L50, F|
|poke|p1|Indeedee, L50, M|
|poke|p1|Excadrill, L50, F|
|poke|p1|Sneasler, L50, M|
|poke|p1|Annihilape, L50, M|
|poke|p1|Sinistcha-Masterpiece, L50|
|poke|p2|Sneasler, L50, M|
|poke|p2|Garchomp, L50, M|
|poke|p2|Corviknight, L50, F|
|poke|p2|Archaludon, L50, M|
|poke|p2|Amoonguss, L50, F|
|poke|p2|Incineroar, L50, F|
|teampreview|4
|showteam|p1|Tyranitar||AssaultVest|SandStream|TeraBlast,KnockOff,RockSlide,LowKick|||F|||50|,,,,,Flying]Indeedee||FocusSash|PsychicSurge|ExpandingForce,TeraBlast,TrickRoom,Imprison|||M|||50|,,,,,Fighting]Excadrill||ClearAmulet|SandRush|Earthquake,IronHead,HighHorsepower,Protect|||F|||50|,,,,,Dragon]Sneasler||PsychicSeed|Unburden|ThroatChop,CloseCombat,DireClaw,Protect|||M|||50|,,,,,Dark]Annihilape||SafetyGoggles|Defiant|FinalGambit,CloseCombat,RageFist,Protect|||M|||50|,,,,,Fire]Sinistcha-Masterpiece||SitrusBerry|Hospitality|RagePowder,MatchaGotcha,PsychUp,ShadowBall||||||50|,,,,,Water
|showteam|p2|Sneasler||FocusSash|Unburden|DireClaw,CloseCombat,ThroatChop,Coaching|||M|||50|,,,,,Ghost]Garchomp||LifeOrb|RoughSkin|Protect,Earthquake,DragonClaw,StompingTantrum|||M|||50|,,,,,Ground]Corviknight||SitrusBerry|MirrorArmor|BraveBird,Tailwind,Roost,Taunt|||F|||50|,,,,,Fire]Archaludon||PowerHerb|Stamina|Protect,DracoMeteor,FlashCannon,ElectroShot|||M|||50|,,,,,Dragon]Amoonguss||RockyHelmet|Regenerator|ClearSmog,RagePowder,Spore,PollenPuff|||F|||50|,,,,,Water]Incineroar||AssaultVest|Intimidate|KnockOff,FlareBlitz,FakeOut,Uturn|||F|||50|,,,,,Ghost
|inactive|Battle timer is ON: inactive players will automatically lose when time's up. (requested by geardox)
|inactive|MannMars has 60 seconds left.
|inactive|geardox has 60 seconds left.
|
|t:|1756429314
|teamsize|p1|4
|teamsize|p2|4
|start
|switch|p1a: Annihilape|Annihilape, L50, M|100/100
|switch|p1b: Tyranitar|Tyranitar, L50, F|100/100
|switch|p2a: Riku|Sneasler, L50, M|100/100
|switch|p2b: Chica|Corviknight, L50, F|100/100
|-weather|Sandstorm|[from] ability: Sand Stream|[of] p1b: Tyranitar
|turn|1
|inactive|MannMars has 30 seconds left.
|inactive|MannMars has 20 seconds left.
|inactive|MannMars has 15 seconds left.
|
|t:|1756429355
|switch|p2b: Amoonguss|Amoonguss, L50, F, shiny|100/100
|-terastallize|p2a: Riku|Ghost
|-terastallize|p1b: Tyranitar|Flying
|move|p2a: Riku|Close Combat|p1b: Tyranitar
|-resisted|p1b: Tyranitar
|-damage|p1b: Tyranitar|76/100
|-unboost|p2a: Riku|def|1
|-unboost|p2a: Riku|spd|1
|move|p1a: Annihilape|Final Gambit|p2b: Amoonguss
|-damage|p2b: Amoonguss|7/100
|faint|p1a: Annihilape
|move|p1b: Tyranitar|Tera Blast|p2a: Riku|[anim] Tera Blast Flying
|-enditem|p2a: Riku|Focus Sash
|-damage|p2a: Riku|1/100
|
|-weather|Sandstorm|[upkeep]
|-damage|p2a: Riku|0 fnt|[from] Sandstorm
|-damage|p1b: Tyranitar|70/100|[from] Sandstorm
|-damage|p2b: Amoonguss|1/100|[from] Sandstorm
|faint|p2a: Riku
|upkeep
|inactive|MannMars has 30 seconds left.
|
|t:|1756429383
|switch|p2a: Chica|Corviknight, L50, F|100/100
|switch|p1a: Indeedee|Indeedee, L50, M|100/100
|-fieldstart|move: Psychic Terrain|[from] ability: Psychic Surge|[of] p1a: Indeedee
|turn|2
|
|t:|1756429398
|move|p2b: Amoonguss|Rage Powder|p2b: Amoonguss
|-singleturn|p2b: Amoonguss|move: Rage Powder
|move|p1a: Indeedee|Expanding Force|p2a: Chica|[spread] p2a,p2b
|-resisted|p2a: Chica
|-supereffective|p2b: Amoonguss
|-damage|p2a: Chica|80/100
|-damage|p2b: Amoonguss|0 fnt
|faint|p2b: Amoonguss
|move|p2a: Chica|Brave Bird|p1a: Indeedee
|-damage|p1a: Indeedee|17/100
|-damage|p2a: Chica|61/100|[from] Recoil
|move|p1b: Tyranitar|Knock Off|p2a: Chica
|-damage|p2a: Chica|11/100
|-enditem|p2a: Chica|Sitrus Berry|[from] move: Knock Off|[of] p1b: Tyranitar
|
|-weather|Sandstorm|[upkeep]
|-damage|p1a: Indeedee|11/100|[from] Sandstorm
|-damage|p1b: Tyranitar|64/100|[from] Sandstorm
|upkeep
|
|t:|1756429412
|switch|p2b: Stinky Pete|Garchomp, L50, M|100/100
|turn|3
|
|t:|1756429429
|move|p2b: Stinky Pete|Dragon Claw|p1a: Indeedee
|-damage|p1a: Indeedee|0 fnt
|faint|p1a: Indeedee
|-damage|p2b: Stinky Pete|91/100|[from] item: Life Orb
|move|p2a: Chica|Roost|p2a: Chica
|-heal|p2a: Chica|61/100
|-singleturn|p2a: Chica|move: Roost
|move|p1b: Tyranitar|Rock Slide|p2a: Chica|[spread] p2a,p2b
|-resisted|p2a: Chica
|-resisted|p2b: Stinky Pete
|-crit|p2b: Stinky Pete
|-damage|p2a: Chica|49/100
|-damage|p2b: Stinky Pete|64/100
|
|-weather|Sandstorm|[upkeep]
|-damage|p1b: Tyranitar|58/100|[from] Sandstorm
|upkeep
|
|t:|1756429444
|switch|p1a: Excadrill|Excadrill, L50, F|100/100
|turn|4
|inactive|MannMars has 30 seconds left.
|inactive|geardox has 30 seconds left.
|
|t:|1756429473
|move|p2b: Stinky Pete|Protect|p2b: Stinky Pete
|-singleturn|p2b: Stinky Pete|Protect
|move|p1a: Excadrill|Earthquake|p2a: Chica|[spread] 
|-activate|p2b: Stinky Pete|move: Protect
|-immune|p1b: Tyranitar
|-immune|p2a: Chica
|move|p2a: Chica|Tailwind|p2a: Chica
|-sidestart|p2: geardox|move: Tailwind
|move|p1b: Tyranitar|Rock Slide|p2a: Chica|[spread] p2a
|-activate|p2b: Stinky Pete|move: Protect
|-damage|p2a: Chica|22/100
|
|-weather|Sandstorm|[upkeep]
|-damage|p1b: Tyranitar|52/100|[from] Sandstorm
|upkeep
|turn|5
|inactive|MannMars has 30 seconds left.
|inactive|geardox has 30 seconds left.
|inactive|MannMars has 20 seconds left.
|inactive|MannMars has 15 seconds left.
|inactive|geardox has 20 seconds left.
|
|t:|1756429517
|move|p1a: Excadrill|Protect|p1a: Excadrill
|-singleturn|p1a: Excadrill|Protect
|move|p2b: Stinky Pete|Dragon Claw|p1b: Tyranitar
|-damage|p1b: Tyranitar|7/100
|-damage|p2b: Stinky Pete|55/100|[from] item: Life Orb
|move|p2a: Chica|Roost|p2a: Chica
|-heal|p2a: Chica|72/100
|-singleturn|p2a: Chica|move: Roost
|move|p1b: Tyranitar|Knock Off|p2b: Stinky Pete
|-damage|p2b: Stinky Pete|0 fnt
|-damage|p1b: Tyranitar|0 fnt|[from] ability: Rough Skin|[of] p2b: Stinky Pete
|faint|p2b: Stinky Pete
|faint|p1b: Tyranitar
|
|-weather|none
|upkeep
|turn|6
|
|t:|1756429536
|move|p2a: Chica|Brave Bird|p1a: Excadrill
|-resisted|p1a: Excadrill
|-damage|p1a: Excadrill|72/100
|-damage|p2a: Chica|63/100|[from] Recoil
|move|p1a: Excadrill|Iron Head|p2a: Chica
|-resisted|p2a: Chica
|-damage|p2a: Chica|44/100
|
|-fieldend|move: Psychic Terrain
|upkeep
|turn|7
|c|☆geardox|Ggs
|
|t:|1756429547
|move|p2a: Chica|Brave Bird|p1a: Excadrill
|-resisted|p1a: Excadrill
|-damage|p1a: Excadrill|46/100
|-damage|p2a: Chica|36/100|[from] Recoil
|move|p1a: Excadrill|Iron Head|p2a: Chica
|-resisted|p2a: Chica
|-damage|p2a: Chica|15/100
|
|-sideend|p2: geardox|move: Tailwind
|upkeep
|turn|8
|c|☆MannMars|Gg
|
|t:|1756429560
|move|p1a: Excadrill|Iron Head|p2a: Chica
|-resisted|p2a: Chica
|-damage|p2a: Chica|0 fnt
|faint|p2a: Chica
|
|win|MannMars
|raw|MannMars's rating: 1126 → 1153(+27 for winning)
|raw|geardox's rating: 1154 → 1127(-27 for losing)
|l|☆geardox
|player|p2|
