|j|☆ginopollo
|j|☆snailboss
|html|ginopollosnailboss    
|uhtml|bestof|Game 1 of a best-of-3
|t:|1756420062
|gametype|doubles
|player|p1|ginopollo|2|1082
|player|p2|snailboss|hilda-wonderlauncher|1177
|gen|9
|tier|[Gen 9] VGC 2025 Reg H (Bo3)
|rated|
|rule|Species Clause: Limit one of each Pokémon
|rule|Item Clause: Limit 1 of each item
|clearpoke
|poke|p1|Basculegion, L50, M|
|poke|p1|Archaludon, L50, F|
|poke|p1|Smeargle, L50, M|
|poke|p1|Gholdengo, L50|
|poke|p1|Sneasler, L50, F|
|poke|p1|Pelipper, L50, M|
|poke|p2|Tyranitar, L50, F|
|poke|p2|Excadrill, L50, M|
|poke|p2|Indeedee-F, L50, F|
|poke|p2|Zoroark-Hisui, L50, F|
|poke|p2|Corviknight, L50, F|
|poke|p2|Amoonguss, L50, F|
|teampreview|4
|showteam|p1|Basculegion||ChoiceScarf|Adaptability|FlipTurn,WaveCrash,LastRespects,AquaJet|||M|||50|,,,,,Grass]Archaludon||AssaultVest|Stamina|ElectroShot,DragonPulse,BodyPress,FlashCannon|||F|||50|,,,,,Grass]Smeargle||FocusSash|Moody|Tailwind,FollowMe,Spore,FakeOut|||M|||50|,,,,,Ghost]Gholdengo||LifeOrb|GoodasGold|MakeItRain,ShadowBall,NastyPlot,Protect||||||50|,,,,,Water]Sneasler||AirBalloon|Unburden|DireClaw,CloseCombat,FakeOut,Protect|||F|||50|,,,,,Dark]Pelipper||SharpBeak|Drizzle|Tailwind,WideGuard,Hurricane,WeatherBall|||M|||50|,,,,,Ghost
|showteam|p2|Tyranitar||AssaultVest|SandStream|RockSlide,KnockOff,LowKick,TeraBlast|||F|||50|,,,,,Flying]Excadrill||FocusSash|SandRush|IronHead,Protect,SwordsDance,Earthquake|||M|||50|,,,,,Ground]Indeedee-F||SafetyGoggles|PsychicSurge|TrickRoom,FollowMe,Psychic,HelpingHand|||F|||50|,,,,,Fairy]Zoroark-Hisui||ChoiceSpecs|Illusion|HyperVoice,ShadowBall,HyperBeam,Flamethrower|||F|||50|,,,,,Normal]Corviknight||PsychicSeed|MirrorArmor|BraveBird,PowerTrip,BulkUp,Roost|||F|||50|,,,,,Rock]Amoonguss||SitrusBerry|Regenerator|Spore,RagePowder,Protect,ClearSmog|||F|||50|,,,,,Water
|inactive|Battle timer is ON: inactive players will automatically lose when time's up. (requested by snailboss)
|
|t:|1756420116
|teamsize|p1|4
|teamsize|p2|4
|start
|switch|p1a: Smeargle|Smeargle, L50, M|100/100
|switch|p1b: Gholdengo|Gholdengo, L50|100/100
|switch|p2a: Excadrill|Excadrill, L50, M|100/100
|switch|p2b: Amoonguss|Amoonguss, L50, F|100/100
|turn|1
|inactive|ginopollo has 30 seconds left.
|inactive|snailboss has 30 seconds left.
|inactive|ginopollo has 20 seconds left.
|inactive|ginopollo has 15 seconds left.
|
|t:|1756420160
|move|p1b: Gholdengo|Protect|p1b: Gholdengo
|-singleturn|p1b: Gholdengo|Protect
|move|p2a: Excadrill|Hyper Voice|p1a: Smeargle|[spread] p1a
|-activate|p1b: Gholdengo|move: Protect
|-enditem|p1a: Smeargle|Focus Sash
|-damage|p1a: Smeargle|1/100
|move|p1a: Smeargle|Tailwind|p1a: Smeargle
|-sidestart|p1: ginopollo|move: Tailwind
|move|p2b: Amoonguss|Clear Smog|p1a: Smeargle
|-damage|p1a: Smeargle|0 fnt
|-clearboost|p1a: Smeargle
|faint|p1a: Smeargle
|
|upkeep
|inactive|ginopollo has 30 seconds left.
|
|t:|1756420186
|switch|p1a: Pelipper|Pelipper, L50, M|100/100
|-weather|RainDance|[from] ability: Drizzle|[of] p1a: Pelipper
|turn|2
|
|t:|1756420199
|switch|p2a: Excadrill|Excadrill, L50, M|100/100
|-terastallize|p1b: Gholdengo|Water
|-terastallize|p2b: Amoonguss|Water
|move|p1b: Gholdengo|Make It Rain|p2b: Amoonguss|[spread] p2a,p2b
|-resisted|p2a: Excadrill
|-resisted|p2b: Amoonguss
|-damage|p2a: Excadrill|52/100
|-damage|p2b: Amoonguss|72/100
|-unboost|p1b: Gholdengo|spa|1
|-damage|p1b: Gholdengo|91/100|[from] item: Life Orb
|move|p1a: Pelipper|Hurricane|p2b: Amoonguss
|-damage|p2b: Amoonguss|29/100
|-enditem|p2b: Amoonguss|Sitrus Berry|[eat]
|-heal|p2b: Amoonguss|54/100|[from] item: Sitrus Berry
|move|p2b: Amoonguss|Spore|p1a: Pelipper
|-status|p1a: Pelipper|slp|[from] move: Spore
|
|-weather|RainDance|[upkeep]
|upkeep
|turn|3
|inactive|ginopollo has 30 seconds left.
|inactive|snailboss has 30 seconds left.
|
|t:|1756420231
|switch|p2b: Tyranitar|Tyranitar, L50, F|100/100
|-weather|Sandstorm|[from] ability: Sand Stream|[of] p2b: Tyranitar
|move|p2a: Excadrill|Swords Dance|p2a: Excadrill
|-boost|p2a: Excadrill|atk|2
|move|p1b: Gholdengo|Nasty Plot|p1b: Gholdengo
|-boost|p1b: Gholdengo|spa|2
|cant|p1a: Pelipper|slp
|
|-weather|Sandstorm|[upkeep]
|-damage|p1b: Gholdengo|85/100|[from] Sandstorm
|-damage|p1a: Pelipper|95/100 slp|[from] Sandstorm
|upkeep
|turn|4
|
|t:|1756420257
|switch|p1a: Sneasler|Sneasler, L50, F|100/100
|-item|p1a: Sneasler|Air Balloon
|switch|p2b: Amoonguss|Amoonguss, L50, F, tera:Water|87/100
|move|p1b: Gholdengo|Protect|p1b: Gholdengo
|-singleturn|p1b: Gholdengo|Protect
|move|p2a: Excadrill|Earthquake|p1a: Sneasler|[spread] p2b
|-activate|p1b: Gholdengo|move: Protect
|-immune|p1a: Sneasler
|-damage|p2b: Amoonguss|10/100
|
|-weather|Sandstorm|[upkeep]
|-damage|p1a: Sneasler|95/100|[from] Sandstorm
|-damage|p1b: Gholdengo|78/100|[from] Sandstorm
|-damage|p2b: Amoonguss|4/100|[from] Sandstorm
|-sideend|p1: ginopollo|move: Tailwind
|upkeep
|turn|5
|inactive|ginopollo has 30 seconds left.
|inactive|ginopollo has 20 seconds left.
|inactive|snailboss has 30 seconds left.
|inactive|ginopollo has 15 seconds left.
|inactive|snailboss has 20 seconds left.
|inactive|snailboss has 15 seconds left.
|
|t:|1756420310
|move|p2b: Amoonguss|Protect|p2b: Amoonguss
|-singleturn|p2b: Amoonguss|Protect
|move|p1a: Sneasler|Fake Out|p2a: Excadrill
|-resisted|p2a: Excadrill
|-damage|p2a: Excadrill|40/100
|cant|p2a: Excadrill|flinch
|move|p1b: Gholdengo|Shadow Ball|p2b: Amoonguss
|-activate|p2b: Amoonguss|move: Protect
|
|-weather|Sandstorm|[upkeep]
|-damage|p1a: Sneasler|89/100|[from] Sandstorm
|-damage|p1b: Gholdengo|72/100|[from] Sandstorm
|-damage|p2b: Amoonguss|0 fnt|[from] Sandstorm
|faint|p2b: Amoonguss
|upkeep
|
|t:|1756420319
|switch|p2b: Tyranitar|Tyranitar, L50, F|100/100
|turn|6
|inactive|snailboss has 30 seconds left.
|
|t:|1756420344
|switch|p1b: Pelipper|Pelipper, L50, M|95/100 slp
|-weather|RainDance|[from] ability: Drizzle|[of] p1b: Pelipper
|move|p2b: Tyranitar|Hyper Voice|p1a: Sneasler|[spread] p1a,p1b
|-damage|p1a: Sneasler|18/100
|-damage|p1b: Pelipper|0 fnt
|-enditem|p1a: Sneasler|Air Balloon
|faint|p1b: Pelipper
|move|p1a: Sneasler|Close Combat|p2a: Excadrill
|-supereffective|p2a: Excadrill
|-damage|p2a: Excadrill|0 fnt
|-unboost|p1a: Sneasler|def|1
|-unboost|p1a: Sneasler|spd|1
|faint|p2a: Excadrill
|
|-weather|RainDance|[upkeep]
|upkeep
|
|t:|1756420356
|switch|p2a: Tyranitar|Tyranitar, L50, F|100/100
|switch|p1b: Gholdengo|Gholdengo, L50, tera:Water|72/100
|-weather|Sandstorm|[from] ability: Sand Stream|[of] p2a: Tyranitar
|turn|7
|inactive|ginopollo has 30 seconds left.
|
|t:|1756420381
|move|p1a: Sneasler|Protect|p1a: Sneasler
|-singleturn|p1a: Sneasler|Protect
|move|p2b: Tyranitar|Hyper Voice|p1a: Sneasler|[spread] p1b
|-activate|p1a: Sneasler|move: Protect
|-damage|p1b: Gholdengo|15/100
|move|p1b: Gholdengo|Shadow Ball|p2b: Tyranitar
|-immune|p2b: Tyranitar
|move|p2a: Tyranitar|Knock Off|p1b: Gholdengo
|-damage|p1b: Gholdengo|0 fnt
|-enditem|p1b: Gholdengo|Life Orb|[from] move: Knock Off|[of] p2a: Tyranitar
|faint|p1b: Gholdengo
|
|-weather|Sandstorm|[upkeep]
|-damage|p1a: Sneasler|12/100|[from] Sandstorm
|-damage|p2b: Tyranitar|94/100|[from] Sandstorm
|upkeep
|turn|8
|inactive|snailboss has 30 seconds left.
|
|t:|1756420408
|move|p1a: Sneasler|Close Combat|p2a: Tyranitar
|-supereffective|p2a: Tyranitar
|-damage|p2a: Tyranitar|0 fnt
|-unboost|p1a: Sneasler|def|1
|-unboost|p1a: Sneasler|spd|1
|faint|p2a: Tyranitar
|move|p2b: Tyranitar|Hyper Voice|p1a: Sneasler
|-damage|p1a: Sneasler|0 fnt
|faint|p1a: Sneasler
|
|win|snailboss
||ginopollo is ready for game 2.
