|j|☆thisisaladderteam
|j|☆uui89
|html|thisisaladderteamuui89    
|uhtml|bestof|Game 3 of a best-of-3
|t:|1782457935
|gametype|doubles
|player|p1|thisisaladderteam|guzma|1241
|player|p2|uui89|pokemonbreeder-gen4|1170
|gen|9
|tier|[Gen 9 Champions] VGC 2026 Reg M-B (Bo3)
|rated|
|rule|Species Clause: Limit one of each Pokémon
|rule|Item Clause: Limit 1 of each item
|clearpoke
|poke|p1|Sceptile, L50, F, shiny|
|poke|p1|Rotom-Heat, L50, shiny|
|poke|p1|Toxapex, L50, M, shiny|
|poke|p1|Incineroar, L50, M, shiny|
|poke|p1|Garchomp, L50, F|
|poke|p1|Gholdengo, L50|
|poke|p2|Raichu, L50, F|
|poke|p2|Kingambit, L50, F|
|poke|p2|Venusaur, L50, F|
|poke|p2|Ninetales-Alola, L50, F|
|poke|p2|Talonflame, L50, F|
|poke|p2|Garchomp, L50, F|
|teampreview|4
|showteam|p1|Sceptile||Sceptilite|Overgrow|Detect,EnergyBall,DragonPulse,EarthPower|Timid||F|||50|]Rotom-Heat||ChoiceScarf|Levitate|Discharge,Electroweb,Overheat,WillOWisp|Timid|||||50|]Toxapex||Leftovers|Regenerator|BanefulBunker,Infestation,Toxic,WideGuard|Bold||M|||50|]Incineroar||SitrusBerry|Intimidate|FakeOut,PartingShot,ThroatChop,FlareBlitz|Careful||M|||50|]Garchomp||LifeOrb|RoughSkin|Protect,RockSlide,Earthquake,DragonClaw|Jolly||F|||50|]Gholdengo||KasibBerry|GoodasGold|Protect,NastyPlot,ShadowBall,MakeItRain|Modest|||||50|
|showteam|p2|Raichu||RaichuniteX|Static|FakeOut,VoltTackle,Encore,Protect|Jolly||F|||50|]Kingambit||BlackGlasses|Defiant|KowtowCleave,SuckerPunch,SwordsDance,Protect|Adamant||F|||50|]Venusaur||Venusaurite|Overgrow|GigaDrain,SludgeBomb,EarthPower,Protect|Modest||F|||50|]Ninetales-Alola||NeverMeltIce|SnowWarning|Protect,Blizzard,FreezeDry,AuroraVeil|Timid||F|||50|]Talonflame||SharpBeak|GaleWings|DualWingbeat,FlareBlitz,Tailwind,Protect|Jolly||F|||50|]Garchomp||LifeOrb|RoughSkin|Earthquake,RockSlide,DragonClaw,Protect|Jolly||F|||50|
|inactive|Battle timer is ON: inactive players will automatically lose when time's up. (requested by thisisaladderteam)
|inactive|thisisaladderteam has 60 seconds left.
|
|t:|1782457980
|teamsize|p1|4
|teamsize|p2|4
|start
|switch|p1a: Toxapex|Toxapex, L50, M, shiny|100/100
|switch|p1b: Garchomp|Garchomp, L50, F|100/100
|switch|p2a: Venusaur|Venusaur, L50, F|100/100
|switch|p2b: Kingambit|Kingambit, L50, F|100/100
|turn|1
|inactive|uui89 has 30 seconds left.
|
|t:|1782458006
|detailschange|p2a: Venusaur|Venusaur-Mega, L50, F
|-mega|p2a: Venusaur|Venusaur|Venusaurite
|move|p2b: Kingambit|Protect|p2b: Kingambit
|-singleturn|p2b: Kingambit|Protect
|move|p1b: Garchomp|Rock Slide|p2b: Kingambit|[spread] p2a
|-activate|p2b: Kingambit|move: Protect
|-damage|p2a: Venusaur|79/100
|-damage|p1b: Garchomp|90/100|[from] item: Life Orb
|move|p2a: Venusaur|Giga Drain|p1b: Garchomp
|-damage|p1b: Garchomp|54/100
|-heal|p2a: Venusaur|97/100|[from] drain|[of] p1b: Garchomp
|move|p1a: Toxapex|Infestation|p2a: Venusaur
|-damage|p2a: Venusaur|95/100
|-activate|p2a: Venusaur|move: Infestation|[of] p1a: Toxapex
|
|-damage|p2a: Venusaur|82/100|[from] move: Infestation|[partiallytrapped]
|upkeep
|turn|2
|
|t:|1782458025
|move|p1a: Toxapex|Baneful Bunker|p1a: Toxapex
|-singleturn|p1a: Toxapex|move: Protect
|move|p2b: Kingambit|Sucker Punch|p1b: Garchomp
|-damage|p1b: Garchomp|8/100
|-damage|p2b: Kingambit|87/100|[from] ability: Rough Skin|[of] p1b: Garchomp
|move|p1b: Garchomp|Earthquake|p2a: Venusaur|[spread] p2a,p2b
|-activate|p1a: Toxapex|move: Protect
|-supereffective|p2b: Kingambit|1
|-damage|p2a: Venusaur|45/100
|-damage|p2b: Kingambit|10/100
|-damage|p1b: Garchomp|0 fnt|[from] item: Life Orb
|faint|p1b: Garchomp
|move|p2a: Venusaur|Earth Power|p1a: Toxapex
|-activate|p1a: Toxapex|move: Protect
|
|-damage|p2a: Venusaur|33/100|[from] move: Infestation|[partiallytrapped]
|upkeep
|
|t:|1782458041
|switch|p1b: Sceptile|Sceptile, L50, F, shiny|100/100
|turn|3
|
|t:|1782458065
|detailschange|p1b: Sceptile|Sceptile-Mega, L50, F, shiny
|-mega|p1b: Sceptile|Sceptile|Sceptilite
|move|p2b: Kingambit|Sucker Punch|p1b: Sceptile
|-damage|p1b: Sceptile|28/100
|move|p1b: Sceptile|Dragon Pulse|p2a: Venusaur
|-damage|p2a: Venusaur|0 fnt
|faint|p2a: Venusaur
|move|p1a: Toxapex|Infestation|p2b: Kingambit
|-damage|p2b: Kingambit|7/100
|-activate|p2b: Kingambit|move: Infestation|[of] p1a: Toxapex
|
|-damage|p2b: Kingambit|0 fnt|[from] move: Infestation|[partiallytrapped]
|faint|p2b: Kingambit
|upkeep
|
|t:|1782458072
|switch|p2a: Garchomp|Garchomp, L50, F|100/100
|switch|p2b: Talonflame|Talonflame, L50, F|100/100
|turn|4
|
|t:|1782458096
|move|p2b: Talonflame|Tailwind|p2b: Talonflame
|-sidestart|p2: uui89|move: Tailwind
|move|p2a: Garchomp|Dragon Claw|p1b: Sceptile
|-supereffective|p1b: Sceptile|1
|-damage|p1b: Sceptile|0 fnt
|faint|p1b: Sceptile
|-damage|p2a: Garchomp|90/100|[from] item: Life Orb
|move|p1a: Toxapex|Toxic|p2a: Garchomp
|-status|p2a: Garchomp|tox
|
|-damage|p2a: Garchomp|84/100 tox|[from] psn
|upkeep
|
|t:|1782458106
|switch|p1b: Rotom|Rotom-Heat, L50, shiny|100/100
|turn|5
|
|t:|1782458125
|move|p2b: Talonflame|Protect|p2b: Talonflame
|-singleturn|p2b: Talonflame|Protect
|move|p1a: Toxapex|Wide Guard|p1a: Toxapex
|-singleturn|p1a: Toxapex|Wide Guard
|move|p2a: Garchomp|Dragon Claw|p1b: Rotom
|-damage|p1b: Rotom|27/100
|-damage|p2a: Garchomp|74/100 tox|[from] item: Life Orb
|move|p1b: Rotom|Discharge|p2b: Talonflame|[spread] 
|-activate|p1a: Toxapex|move: Wide Guard
|-activate|p2b: Talonflame|move: Protect
|-immune|p2a: Garchomp
|
|-damage|p2a: Garchomp|62/100 tox|[from] psn
|upkeep
|turn|6
|
|t:|1782458137
|move|p2b: Talonflame|Dual Wingbeat|p1a: Toxapex
|-damage|p1a: Toxapex|86/100
|-damage|p1a: Toxapex|74/100
|-hitcount|p1a: Toxapex|2
|move|p2a: Garchomp|Dragon Claw|p1b: Rotom
|-damage|p1b: Rotom|0 fnt
|faint|p1b: Rotom
|-damage|p2a: Garchomp|52/100 tox|[from] item: Life Orb
|move|p1a: Toxapex|Toxic|p2b: Talonflame
|-status|p2b: Talonflame|tox
|
|-heal|p1a: Toxapex|80/100|[from] item: Leftovers
|-damage|p2b: Talonflame|94/100 tox|[from] psn
|-damage|p2a: Garchomp|35/100 tox|[from] psn
|upkeep
|turn|7
|
|t:|1782458152
|move|p1a: Toxapex|Baneful Bunker|p1a: Toxapex
|-singleturn|p1a: Toxapex|move: Protect
|move|p2b: Talonflame|Dual Wingbeat|p1a: Toxapex
|-activate|p1a: Toxapex|move: Protect
|move|p2a: Garchomp|Dragon Claw|p1a: Toxapex
|-activate|p1a: Toxapex|move: Protect
|
|-heal|p1a: Toxapex|85/100|[from] item: Leftovers
|-damage|p2b: Talonflame|82/100 tox|[from] psn
|-damage|p2a: Garchomp|11/100 tox|[from] psn
|-sideend|p2: uui89|move: Tailwind
|upkeep
|turn|8
|
|t:|1782458160
|move|p1a: Toxapex|Baneful Bunker||[still]
|-fail|p1a: Toxapex
|move|p2b: Talonflame|Dual Wingbeat|p1a: Toxapex
|-damage|p1a: Toxapex|71/100
|-damage|p1a: Toxapex|58/100
|-hitcount|p1a: Toxapex|2
|move|p2a: Garchomp|Earthquake|p1a: Toxapex|[spread] p1a
|-immune|p2b: Talonflame
|-supereffective|p1a: Toxapex|1
|-damage|p1a: Toxapex|0 fnt
|faint|p1a: Toxapex
|-damage|p2a: Garchomp|1/100 tox|[from] item: Life Orb
|
|win|uui89
|raw|thisisaladderteam's rating: 1241 → 1211(-30 for losing)
|raw|uui89's rating: 1170 → 1200(+30 for winning)
