|j|☆gingembre230197
|j|☆breloomb01
|html|gingembre230197breloomb01    
|uhtml|bestof|Game 3 of a best-of-3
|t:|1785443285
|gametype|doubles
|player|p1|gingembre230197|169|1162
|player|p2|breloomb01|roughneck|1266
|gen|9
|tier|[Gen 9 Champions] VGC 2026 Reg M-B (Bo3)
|rated|
|rule|Species Clause: Limit one of each Pokémon
|rule|Item Clause: Limit 1 of each item
|clearpoke
|poke|p1|Charizard, L50, F, shiny|
|poke|p1|Garchomp, L50, F, shiny|
|poke|p1|Incineroar, L50, F, shiny|
|poke|p1|Whimsicott, L50, M, shiny|
|poke|p1|Meganium, L50, F, shiny|
|poke|p1|Basculegion, L50, M, shiny|
|poke|p2|Floette-Eternal, L50, F|
|poke|p2|Incineroar, L50, F|
|poke|p2|Sinistcha, L50|
|poke|p2|Garchomp, L50, F|
|poke|p2|Sneasler, L50, M|
|poke|p2|Rotom-Wash, L50|
|teampreview|4
|showteam|p1|Charizard||CharizarditeY|Blaze|Protect,HeatWave,WeatherBall,SolarBeam|Timid||F|||50|]Garchomp||LifeOrb|RoughSkin|Protect,Earthquake,DragonClaw,RockSlide|Jolly||F|||50|]Incineroar||SitrusBerry|Intimidate|FakeOut,DarkestLariat,FlareBlitz,PartingShot|Careful||F|||50|]Whimsicott||FocusSash|Prankster|Tailwind,Moonblast,HelpingHand,Encore|Timid||M|||50|]Meganium||Meganiumite|Overgrow|GigaDrain,EarthPower,Protect,Synthesis|Timid||F|||50|]Basculegion||ChoiceScarf|Adaptability|AquaJet,LastRespects,FlipTurn,WaveCrash|Adamant||M|||50|
|showteam|p2|Floette-Eternal||Floettite|FlowerVeil|DrainingKiss,DazzlingGleam,CalmMind,Protect|Modest||F|||50|]Incineroar||SitrusBerry|Intimidate|FakeOut,FlareBlitz,ThroatChop,PartingShot|Careful||F|||50|]Sinistcha||KasibBerry|Hospitality|Protect,RagePowder,MatchaGotcha,TrickRoom|Calm|||||50|]Garchomp||LifeOrb|RoughSkin|Earthquake,DragonClaw,RockSlide,Protect|Jolly||F|||50|]Sneasler||FocusSash|PoisonTouch|FakeOut,DireClaw,CloseCombat,Protect|Jolly||M|||50|]Rotom-Wash||Leftovers|Levitate|HydroPump,Protect,WillOWisp,Electroweb|Bold|||||50|
|c|☆gingembre230197|gg
|inactive|Battle timer is ON: inactive players will automatically lose when time's up. (requested by breloomb01)
|
|t:|1785443306
|teamsize|p1|4
|teamsize|p2|4
|start
|switch|p1a: Meganium|Meganium, L50, F, shiny|100/100
|switch|p1b: Whimsicott|Whimsicott, L50, M, shiny|100/100
|switch|p2a: Incineroar|Incineroar, L50, F|100/100
|switch|p2b: Floette|Floette-Eternal, L50, F|100/100
|-ability|p2a: Incineroar|Intimidate|boost
|-unboost|p1a: Meganium|atk|1
|-unboost|p1b: Whimsicott|atk|1
|turn|1
|
|t:|1785443319
|detailschange|p1a: Meganium|Meganium-Mega, L50, F, shiny
|-mega|p1a: Meganium|Meganium|Meganiumite
|move|p1a: Meganium|Protect|p1a: Meganium
|-singleturn|p1a: Meganium|Protect
|move|p1b: Whimsicott|Tailwind|p1b: Whimsicott
|-sidestart|p1: gingembre230197|move: Tailwind
|move|p2b: Floette|Calm Mind|p2b: Floette
|-boost|p2b: Floette|spa|1
|-boost|p2b: Floette|spd|1
|move|p2a: Incineroar|Parting Shot|p1a: Meganium
|-activate|p1a: Meganium|move: Protect
|
|upkeep
|turn|2
|
|t:|1785443345
|switch|p2b: Sneasler|Sneasler, L50, M|100/100
|move|p1b: Whimsicott|Encore||[still]
|-fail|p1b: Whimsicott
|move|p1a: Meganium|Earth Power|p2a: Incineroar
|-supereffective|p2a: Incineroar|1
|-damage|p2a: Incineroar|52/100
|move|p2a: Incineroar|Parting Shot|p1a: Meganium
|-unboost|p1a: Meganium|atk|1
|-unboost|p1a: Meganium|spa|1
|
|t:|1785443357
|switch|p2a: Floette|Floette-Eternal, L50, F|100/100|[from] Parting Shot
|
|upkeep
|turn|3
|
|t:|1785443367
|move|p1a: Meganium|Protect|p1a: Meganium
|-singleturn|p1a: Meganium|Protect
|move|p1b: Whimsicott|Moonblast|p2b: Sneasler
|-damage|p2b: Sneasler|51/100
|move|p2b: Sneasler|Dire Claw|p1a: Meganium
|-activate|p1a: Meganium|move: Protect
|move|p2a: Floette|Dazzling Gleam|p1a: Meganium|[spread] p1b
|-activate|p1a: Meganium|move: Protect
|-damage|p1b: Whimsicott|47/100
|
|upkeep
|turn|4
|
|t:|1785443388
|switch|p1b: Incineroar|Incineroar, L50, F, shiny|100/100
|-ability|p1b: Incineroar|Intimidate|boost
|-unboost|p2a: Floette|atk|1
|-unboost|p2b: Sneasler|atk|1
|switch|p2a: Incineroar|Incineroar, L50, F|52/100
|-ability|p2a: Incineroar|Intimidate|boost
|-unboost|p1a: Meganium|atk|1
|-unboost|p1b: Incineroar|atk|1
|move|p2b: Sneasler|Protect|p2b: Sneasler
|-singleturn|p2b: Sneasler|Protect
|move|p1a: Meganium|Earth Power|p2b: Sneasler
|-activate|p2b: Sneasler|move: Protect
|
|-sideend|p1: gingembre230197|move: Tailwind
|upkeep
|turn|5
|
|t:|1785443407
|switch|p2b: Sinistcha|Sinistcha, L50|100/100
|-heal|p2a: Incineroar|77/100|[from] ability: Hospitality|[of] p2b: Sinistcha
|move|p1a: Meganium|Protect|p1a: Meganium
|-singleturn|p1a: Meganium|Protect
|move|p1b: Incineroar|Fake Out|p2b: Sinistcha
|-immune|p2b: Sinistcha
|move|p2a: Incineroar|Flare Blitz|p1a: Meganium
|-activate|p1a: Meganium|move: Protect
|
|upkeep
|turn|6
|
|t:|1785443432
|switch|p2b: Floette|Floette-Eternal, L50, F|100/100
|move|p1a: Meganium|Earth Power|p2a: Incineroar
|-supereffective|p2a: Incineroar|1
|-damage|p2a: Incineroar|39/100
|-enditem|p2a: Incineroar|Sitrus Berry|[eat]
|-heal|p2a: Incineroar|64/100|[from] item: Sitrus Berry
|move|p1b: Incineroar|Flare Blitz|p2b: Floette
|-damage|p2b: Floette|58/100
|-damage|p1b: Incineroar|87/100|[from] Recoil
|move|p2a: Incineroar|Parting Shot|p1a: Meganium
|-unboost|p1a: Meganium|atk|1
|-unboost|p1a: Meganium|spa|1
|
|t:|1785443439
|switch|p2a: Sinistcha|Sinistcha, L50|100/100|[from] Parting Shot
|-heal|p2b: Floette|83/100|[from] ability: Hospitality|[of] p2a: Sinistcha
|
|upkeep
|turn|7
|
|t:|1785443459
|switch|p2a: Incineroar|Incineroar, L50, F|64/100
|-ability|p2a: Incineroar|Intimidate|boost
|-unboost|p1a: Meganium|atk|1
|-unboost|p1b: Incineroar|atk|1
|detailschange|p2b: Floette|Floette-Mega, L50, F
|-mega|p2b: Floette|Floette|Floettite
|-ability|p2b: Floette|Fairy Aura
|move|p1a: Meganium|Protect|p1a: Meganium
|-singleturn|p1a: Meganium|Protect
|move|p2b: Floette|Calm Mind|p2b: Floette
|-boost|p2b: Floette|spa|1
|-boost|p2b: Floette|spd|1
|move|p1b: Incineroar|Flare Blitz|p2a: Incineroar
|-resisted|p2a: Incineroar|1
|-damage|p2a: Incineroar|53/100
|-damage|p1b: Incineroar|84/100|[from] Recoil
|
|upkeep
|turn|8
|
|t:|1785443478
|move|p1a: Meganium|Earth Power|p2a: Incineroar
|-supereffective|p2a: Incineroar|1
|-damage|p2a: Incineroar|27/100
|-unboost|p2a: Incineroar|spd|1
|move|p2b: Floette|Dazzling Gleam|p1a: Meganium|[spread] p1a,p1b
|-damage|p1a: Meganium|35/100
|-damage|p1b: Incineroar|29/100
|-enditem|p1b: Incineroar|Sitrus Berry|[eat]
|-heal|p1b: Incineroar|53/100|[from] item: Sitrus Berry
|move|p2a: Incineroar|Parting Shot|p1a: Meganium
|-unboost|p1a: Meganium|atk|1
|-unboost|p1a: Meganium|spa|1
|
|t:|1785443483
|switch|p2a: Sneasler|Sneasler, L50, M|51/100|[from] Parting Shot
|move|p1b: Incineroar|Parting Shot|p2b: Floette
|-unboost|p2b: Floette|atk|1
|-unboost|p2b: Floette|spa|1
|
|t:|1785443495
|switch|p1b: Whimsicott|Whimsicott, L50, M, shiny|47/100|[from] Parting Shot
|
|upkeep
|turn|9
|
|t:|1785443502
|move|p1a: Meganium|Protect|p1a: Meganium
|-singleturn|p1a: Meganium|Protect
|move|p2a: Sneasler|Fake Out|p1b: Whimsicott
|-damage|p1b: Whimsicott|26/100
|cant|p1b: Whimsicott|flinch
|move|p2b: Floette|Draining Kiss|p1b: Whimsicott
|-crit|p1b: Whimsicott
|-damage|p1b: Whimsicott|0 fnt
|-heal|p2b: Floette|98/100|[from] drain|[of] p1b: Whimsicott
|faint|p1b: Whimsicott
|
|upkeep
|
|t:|1785443513
|switch|p1b: Incineroar|Incineroar, L50, F, shiny|53/100
|-ability|p1b: Incineroar|Intimidate|boost
|-unboost|p2a: Sneasler|atk|1
|-unboost|p2b: Floette|atk|1
|turn|10
|
|t:|1785443524
|move|p1b: Incineroar|Fake Out|p2b: Floette
|-damage|p2b: Floette|87/100
|move|p2a: Sneasler|Dire Claw|p1a: Meganium
|-supereffective|p1a: Meganium|2
|-damage|p1a: Meganium|0 fnt
|faint|p1a: Meganium
|cant|p2b: Floette|flinch
|
|upkeep
|
|t:|1785443532
|switch|p1a: Garchomp|Garchomp, L50, F, shiny|100/100
|turn|11
|
|t:|1785443544
|switch|p2a: Incineroar|Incineroar, L50, F|27/100
|-ability|p2a: Incineroar|Intimidate|boost
|-unboost|p1a: Garchomp|atk|1
|-unboost|p1b: Incineroar|atk|1
|move|p1a: Garchomp|Protect|p1a: Garchomp
|-singleturn|p1a: Garchomp|Protect
|move|p2b: Floette|Draining Kiss|p1a: Garchomp
|-activate|p1a: Garchomp|move: Protect
|move|p1b: Incineroar|Flare Blitz|p2a: Incineroar
|-resisted|p2a: Incineroar|1
|-damage|p2a: Incineroar|12/100
|-damage|p1b: Incineroar|49/100|[from] Recoil
|
|upkeep
|turn|12
|
|t:|1785443563
|move|p2a: Incineroar|Fake Out|p1a: Garchomp
|-crit|p1a: Garchomp
|-damage|p1a: Garchomp|82/100
|-damage|p2a: Incineroar|0 fnt|[from] ability: Rough Skin|[of] p1a: Garchomp
|faint|p2a: Incineroar
|cant|p1a: Garchomp|flinch
|move|p2b: Floette|Draining Kiss|p1a: Garchomp
|-supereffective|p1a: Garchomp|1
|-damage|p1a: Garchomp|0 fnt
|-heal|p2b: Floette|100/100|[from] drain|[of] p1a: Garchomp
|-damage|p2b: Floette|87/100|[from] ability: Rough Skin|[of] p1a: Garchomp
|faint|p1a: Garchomp
|move|p1b: Incineroar|Flare Blitz|p2b: Floette
|-damage|p2b: Floette|55/100
|-damage|p1b: Incineroar|39/100|[from] Recoil
|
|upkeep
|
|t:|1785443566
|switch|p2a: Sneasler|Sneasler, L50, M|51/100
|turn|13
|c|☆gingembre230197|gg
|c|☆breloomb01|Ggs
|
|t:|1785443587
|move|p2a: Sneasler|Close Combat|p1b: Incineroar
|-supereffective|p1b: Incineroar|1
|-damage|p1b: Incineroar|0 fnt
|-unboost|p2a: Sneasler|def|1
|-unboost|p2a: Sneasler|spd|1
|faint|p1b: Incineroar
|
|win|breloomb01
|raw|gingembre230197's rating: 1162 → 1144(-18 for losing)
|raw|breloomb01's rating: 1266 → 1284(+18 for winning)
