|j|☆jagheter
|j|☆Maxblueface
|html|jagheterMaxblueface    
|uhtml|bestof|Game 2 of a best-of-3
|t:|1756450268
|gametype|doubles
|player|p1|jagheter|worker|1116
|player|p2|Maxblueface|170|1000
|gen|9
|tier|[Gen 9] VGC 2025 Reg H (Bo3)
|rated|
|rule|Species Clause: Limit one of each Pokémon
|rule|Item Clause: Limit 1 of each item
|clearpoke
|poke|p1|Venusaur, L50, F|
|poke|p1|Volcarona, L50, F|
|poke|p1|Incineroar, L50, M|
|poke|p1|Grimmsnarl, L50, M|
|poke|p1|Dondozo, L50, M|
|poke|p1|Rillaboom, L50, M|
|poke|p2|Annihilape, L50, M|
|poke|p2|Whimsicott, L50, M|
|poke|p2|Garchomp, L50, M|
|poke|p2|Clefable, L50, F|
|poke|p2|Hydreigon, L50, M|
|poke|p2|Gholdengo, L50|
|teampreview|4
|showteam|p1|Venusaur||WideLens|Chlorophyll|SleepPowder,Protect,SludgeBomb,EarthPower|||F|||50|,,,,,Ghost]Volcarona||CovertCloak|FlameBody|FieryDance,GigaDrain,QuiverDance,Protect|||F|||50|,,,,,Dragon]Incineroar||MirrorHerb|Intimidate|FakeOut,KnockOff,Taunt,FlareBlitz|||M|||50|,,,,,Ghost]Grimmsnarl||BlackGlasses|Prankster|Reflect,LightScreen,SpiritBreak,SuckerPunch|||M|||50|,,,,,Dark]Dondozo||Leftovers|Unaware|Fissure,Protect,Liquidation,Yawn|||M|||50|,,,,,Ghost]Rillaboom||AssaultVest|GrassySurge|FakeOut,WoodHammer,GrassyGlide,Uturn|||M|||50|,,,,,Fire
|showteam|p2|Annihilape||SafetyGoggles|Defiant|Protect,BulkUp,DrainPunch,RageFist|||M|||50|,,,,,Water]Whimsicott||FocusSash|Prankster|SunnyDay,Encore,Tailwind,Moonblast|||M|||50|,,,,,Ghost]Garchomp||LifeOrb|RoughSkin|Protect,RockSlide,DragonClaw,Earthquake|||M|||50|,,,,,Steel]Clefable||SitrusBerry|Unaware|Protect,FollowMe,MistyTerrain,Moonblast|||F|||50|,,,,,Water]Hydreigon||ChoiceSpecs|Levitate|HeatWave,Uturn,DarkPulse,DracoMeteor|||M|||50|,,,,,Fire]Gholdengo||MetalCoat|GoodasGold|Protect,NastyPlot,ShadowBall,MakeItRain||||||50|,,,,,Steel
|
|t:|1756450284
|teamsize|p1|4
|teamsize|p2|4
|start
|switch|p1a: Incineroar|Incineroar, L50, M, shiny|100/100
|switch|p1b: Volcarona|Volcarona, L50, F, shiny|100/100
|switch|p2a: Annihilape|Annihilape, L50, M|100/100
|switch|p2b: Whimsicott|Whimsicott, L50, M|100/100
|-ability|p1a: Incineroar|Intimidate|boost
|-unboost|p2a: Annihilape|atk|1
|-ability|p2a: Annihilape|Defiant|boost
|-boost|p2a: Annihilape|atk|2
|-unboost|p2b: Whimsicott|atk|1
|-enditem|p1a: Incineroar|Mirror Herb
|-boost|p1a: Incineroar|atk|2|[from] item: Mirror Herb
|turn|1
|
|t:|1756450314
|-terastallize|p2a: Annihilape|Water
|-terastallize|p1a: Incineroar|Ghost
|move|p2b: Whimsicott|Tailwind|p2b: Whimsicott
|-sidestart|p2: Maxblueface|move: Tailwind
|move|p2a: Annihilape|Drain Punch|p1a: Incineroar
|-immune|p1a: Incineroar
|move|p1b: Volcarona|Giga Drain|p2a: Annihilape
|-supereffective|p2a: Annihilape
|-damage|p2a: Annihilape|53/100
|move|p1a: Incineroar|Flare Blitz|p2a: Annihilape
|-resisted|p2a: Annihilape
|-damage|p2a: Annihilape|0 fnt
|faint|p2a: Annihilape
|-damage|p1a: Incineroar|82/100|[from] Recoil
|
|upkeep
|
|t:|1756450353
|switch|p2a: Hydreigon|Hydreigon, L50, M|100/100
|turn|2
|
|t:|1756450378
|switch|p2b: Garchomp|Garchomp, L50, M|100/100
|switch|p1a: Grimmsnarl|Grimmsnarl, L50, M, shiny|100/100
|move|p2a: Hydreigon|Dark Pulse|p1a: Grimmsnarl
|-resisted|p1a: Grimmsnarl
|-damage|p1a: Grimmsnarl|81/100
|move|p1b: Volcarona|Fiery Dance|p2b: Garchomp
|-resisted|p2b: Garchomp
|-damage|p2b: Garchomp|79/100
|-boost|p1b: Volcarona|spa|1
|
|upkeep
|turn|3
|
|t:|1756450425
|switch|p2b: Whimsicott|Whimsicott, L50, M|100/100
|switch|p1b: Incineroar|Incineroar, L50, M, shiny, tera:Ghost|82/100
|-ability|p1b: Incineroar|Intimidate|boost
|-unboost|p2a: Hydreigon|atk|1
|-unboost|p2b: Whimsicott|atk|1
|move|p2a: Hydreigon|Dark Pulse|p1b: Incineroar
|-supereffective|p1b: Incineroar
|-damage|p1b: Incineroar|0 fnt
|faint|p1b: Incineroar
|move|p1a: Grimmsnarl|Spirit Break|p2a: Hydreigon
|-supereffective|p2a: Hydreigon
|-damage|p2a: Hydreigon|0 fnt
|faint|p2a: Hydreigon
|
|upkeep
|
|t:|1756450441
|switch|p2a: Garchomp|Garchomp, L50, M|79/100
|switch|p1b: Dondozo|Dondozo, L50, M, shiny|100/100
|turn|4
|
|t:|1756450458
|switch|p1a: Volcarona|Volcarona, L50, F, shiny|100/100
|move|p2a: Garchomp|Protect|p2a: Garchomp
|-singleturn|p2a: Garchomp|Protect
|move|p2b: Whimsicott|Moonblast|p1a: Volcarona
|-resisted|p1a: Volcarona
|-damage|p1a: Volcarona|86/100
|move|p1b: Dondozo|Yawn|p2a: Garchomp
|-activate|p2a: Garchomp|move: Protect
|
|-sideend|p2: Maxblueface|move: Tailwind
|upkeep
|turn|5
|
|t:|1756450485
|move|p1a: Volcarona|Protect|p1a: Volcarona
|-singleturn|p1a: Volcarona|Protect
|move|p2b: Whimsicott|Moonblast|p1b: Dondozo
|-damage|p1b: Dondozo|70/100
|move|p2a: Garchomp|Rock Slide|p1a: Volcarona|[spread] p1b
|-activate|p1a: Volcarona|move: Protect
|-damage|p1b: Dondozo|58/100
|-damage|p2a: Garchomp|69/100|[from] item: Life Orb
|cant|p1b: Dondozo|flinch
|
|-heal|p1b: Dondozo|64/100|[from] item: Leftovers
|upkeep
|turn|6
|
|t:|1756450507
|switch|p1a: Grimmsnarl|Grimmsnarl, L50, M, shiny|81/100
|move|p2b: Whimsicott|Moonblast|p1b: Dondozo
|-damage|p1b: Dondozo|36/100
|move|p2a: Garchomp|Dragon Claw|p1a: Grimmsnarl
|-immune|p1a: Grimmsnarl
|move|p1b: Dondozo|Yawn|p2a: Garchomp
|-start|p2a: Garchomp|move: Yawn|[of] p1b: Dondozo
|
|-heal|p1b: Dondozo|42/100|[from] item: Leftovers
|upkeep
|turn|7
|
|t:|1756450547
|move|p2b: Whimsicott|Tailwind|p2b: Whimsicott
|-sidestart|p2: Maxblueface|move: Tailwind
|move|p1a: Grimmsnarl|Sucker Punch|p2a: Garchomp
|-damage|p2a: Garchomp|22/100
|-damage|p1a: Grimmsnarl|69/100|[from] ability: Rough Skin|[of] p2a: Garchomp
|move|p2a: Garchomp|Dragon Claw|p1b: Dondozo
|-damage|p1b: Dondozo|13/100
|-damage|p2a: Garchomp|13/100|[from] item: Life Orb
|move|p1b: Dondozo|Liquidation|p2a: Garchomp
|-damage|p2a: Garchomp|0 fnt
|-damage|p1b: Dondozo|0 fnt|[from] ability: Rough Skin|[of] p2a: Garchomp
|faint|p2a: Garchomp
|faint|p1b: Dondozo
|
|upkeep
|
|t:|1756450559
|switch|p1b: Volcarona|Volcarona, L50, F, shiny|86/100
|turn|8
|
|t:|1756450569
|move|p2b: Whimsicott|Encore|p1a: Grimmsnarl
|-hint|Since gen 7, Dark is immune to Prankster moves.
|-immune|p1a: Grimmsnarl
|move|p1a: Grimmsnarl|Sucker Punch||[still]
|-fail|p1a: Grimmsnarl
|move|p1b: Volcarona|Fiery Dance|p2b: Whimsicott
|-supereffective|p2b: Whimsicott
|-enditem|p2b: Whimsicott|Focus Sash
|-damage|p2b: Whimsicott|1/100
|
|upkeep
|turn|9
|
|t:|1756450579
|move|p1a: Grimmsnarl|Sucker Punch|p2b: Whimsicott
|-resisted|p2b: Whimsicott
|-damage|p2b: Whimsicott|0 fnt
|faint|p2b: Whimsicott
|
|win|jagheter
