|j|☆jule22
|j|☆natsukivgc
|html|jule22natsukivgc    
|uhtml|bestof|Game 1 of a best-of-3
|t:|1785699861
|gametype|doubles
|player|p1|jule22|101|1341
|player|p2|natsukivgc|102|1281
|gen|9
|tier|[Gen 9 Champions] VGC 2026 Reg M-B (Bo3)
|rated|
|rule|Species Clause: Limit one of each Pokémon
|rule|Item Clause: Limit 1 of each item
|clearpoke
|poke|p1|Metagross, L50|
|poke|p1|Incineroar, L50, M|
|poke|p1|Sinistcha, L50|
|poke|p1|Garchomp, L50, F|
|poke|p1|Kingambit, L50, M|
|poke|p1|Basculegion, L50, M|
|poke|p2|Garchomp, L50, F|
|poke|p2|Charizard, L50, F|
|poke|p2|Kingambit, L50, M|
|poke|p2|Basculegion, L50, M|
|poke|p2|Whimsicott, L50, M|
|poke|p2|Floette-Eternal, L50, F|
|teampreview|4
|showteam|p1|Metagross||Metagrossite|ClearBody|PsychicFangs,IcePunch,BulletPunch,Protect|Adamant|||||50|]Incineroar||SitrusBerry|Intimidate|FakeOut,PartingShot,FlareBlitz,ThroatChop|Careful||M|||50|]Sinistcha||KasibBerry|Hospitality|RagePowder,MatchaGotcha,TrickRoom,LifeDew|Bold|||||50|]Garchomp||LifeOrb|RoughSkin|Earthquake,DragonClaw,RockSlide,Protect|Jolly||F|||50|]Kingambit||ChopleBerry|Defiant|SuckerPunch,KowtowCleave,IronHead,Protect|Adamant||M|||50|]Basculegion||ChoiceScarf|Adaptability|LastRespects,WaveCrash,AquaJet,FlipTurn|Jolly||M|||50|
|showteam|p2|Garchomp||SitrusBerry|RoughSkin|RockSlide,DragonTail,StompingTantrum,PoisonJab|Adamant||F|||50|]Charizard||CharizarditeY|Blaze|HeatWave,SolarBeam,WeatherBall,Protect|Modest||F|||50|]Kingambit||LifeOrb|Defiant|KowtowCleave,IronHead,SuckerPunch,LowKick|Adamant||M|||50|]Basculegion||ChoiceScarf|Adaptability|LastRespects,WaveCrash,FlipTurn,AquaJet|Jolly||M|||50|]Whimsicott||FocusSash|Prankster|Tailwind,Moonblast,Encore,Protect|Timid||M|||50|]Floette-Eternal||Floettite|FlowerVeil|DazzlingGleam,Moonblast,LightofRuin,Protect|Modest||F|||50|
|inactive|Battle timer is ON: inactive players will automatically lose when time's up. (requested by jule22)
|inactive|jule22 has 60 seconds left.
|inactive|natsukivgc has 60 seconds left.
|inactive|natsukivgc has 30 seconds left.
|
|t:|1785699923
|teamsize|p1|4
|teamsize|p2|4
|start
|switch|p1a: Metagross|Metagross, L50|100/100
|switch|p1b: Basculegion|Basculegion, L50, M|100/100
|switch|p2a: Whimsicott|Whimsicott, L50, M|100/100
|switch|p2b: Charizard|Charizard, L50, F|100/100
|turn|1
|inactive|jule22 has 30 seconds left.
|inactive|natsukivgc has 30 seconds left.
|inactive|jule22 has 20 seconds left.
|inactive|natsukivgc has 20 seconds left.
|inactive|natsukivgc has 15 seconds left.
|
|t:|1785699964
|detailschange|p2b: Charizard|Charizard-Mega-Y, L50, F
|-mega|p2b: Charizard|Charizard|Charizardite Y
|-weather|SunnyDay|[from] ability: Drought|[of] p2b: Charizard
|detailschange|p1a: Metagross|Metagross-Mega, L50
|-mega|p1a: Metagross|Metagross|Metagrossite
|move|p2a: Whimsicott|Protect|p2a: Whimsicott
|-singleturn|p2a: Whimsicott|Protect
|move|p1a: Metagross|Protect|p1a: Metagross
|-singleturn|p1a: Metagross|Protect
|move|p2b: Charizard|Protect|p2b: Charizard
|-singleturn|p2b: Charizard|Protect
|move|p1b: Basculegion|Flip Turn|p2a: Whimsicott
|-activate|p2a: Whimsicott|move: Protect
|
|-weather|SunnyDay|[upkeep]
|upkeep
|turn|2
|
|t:|1785699989
|switch|p1b: Sinistcha|Sinistcha, L50|100/100
|switch|p1a: Garchomp|Garchomp, L50, F|100/100
|move|p2a: Whimsicott|Tailwind|p2a: Whimsicott
|-sidestart|p2: natsukivgc|move: Tailwind
|move|p2b: Charizard|Solar Beam||[still]
|-prepare|p2b: Charizard|Solar Beam
|-anim|p2b: Charizard|Solar Beam|p1b: Sinistcha
|-resisted|p1b: Sinistcha|1
|-damage|p1b: Sinistcha|71/100
|
|-weather|SunnyDay|[upkeep]
|upkeep
|turn|3
|
|t:|1785700010
|switch|p2b: Kingambit|Kingambit, L50, M|100/100
|move|p1b: Sinistcha|Rage Powder|p1b: Sinistcha
|-singleturn|p1b: Sinistcha|move: Rage Powder
|move|p2a: Whimsicott|Moonblast|p1a: Garchomp
|-supereffective|p1a: Garchomp|1
|-damage|p1a: Garchomp|25/100
|move|p1a: Garchomp|Rock Slide|p2a: Whimsicott|[spread] p2a,p2b
|-resisted|p2b: Kingambit|1
|-damage|p2a: Whimsicott|59/100
|-damage|p2b: Kingambit|89/100
|-damage|p1a: Garchomp|15/100|[from] item: Life Orb
|
|-weather|SunnyDay|[upkeep]
|upkeep
|turn|4
|inactive|natsukivgc has 30 seconds left.
|
|t:|1785700039
|move|p1a: Garchomp|Protect|p1a: Garchomp
|-singleturn|p1a: Garchomp|Protect
|move|p2a: Whimsicott|Moonblast|p1a: Garchomp
|-activate|p1a: Garchomp|move: Protect
|move|p2b: Kingambit|Kowtow Cleave|p1b: Sinistcha
|-supereffective|p1b: Sinistcha|1
|-damage|p1b: Sinistcha|0 fnt
|faint|p1b: Sinistcha
|-damage|p2b: Kingambit|79/100|[from] item: Life Orb
|
|-weather|SunnyDay|[upkeep]
|upkeep
|
|t:|1785700051
|switch|p1b: Basculegion|Basculegion, L50, M|100/100
|turn|5
|
|t:|1785700060
|switch|p1a: Metagross|Metagross-Mega, L50|100/100
|move|p2b: Kingambit|Sucker Punch|p1b: Basculegion
|-supereffective|p1b: Basculegion|1
|-damage|p1b: Basculegion|0 fnt
|faint|p1b: Basculegion
|-damage|p2b: Kingambit|70/100|[from] item: Life Orb
|move|p2a: Whimsicott|Moonblast|p1a: Metagross
|-resisted|p1a: Metagross|1
|-damage|p1a: Metagross|82/100
|
|-weather|none
|-sideend|p2: natsukivgc|move: Tailwind
|upkeep
|
|t:|1785700065
|switch|p1b: Garchomp|Garchomp, L50, F|15/100
|turn|6
|inactive|natsukivgc has 30 seconds left.
|
|t:|1785700096
|move|p2a: Whimsicott|Tailwind|p2a: Whimsicott
|-sidestart|p2: natsukivgc|move: Tailwind
|move|p1a: Metagross|Bullet Punch|p2a: Whimsicott
|-supereffective|p2a: Whimsicott|1
|-damage|p2a: Whimsicott|0 fnt
|faint|p2a: Whimsicott
|move|p2b: Kingambit|Kowtow Cleave|p1a: Metagross
|-supereffective|p1a: Metagross|1
|-damage|p1a: Metagross|0 fnt
|faint|p1a: Metagross
|-damage|p2b: Kingambit|60/100|[from] item: Life Orb
|move|p1b: Garchomp|Dragon Claw|p2b: Kingambit
|-resisted|p2b: Kingambit|1
|-damage|p2b: Kingambit|35/100
|-damage|p1b: Garchomp|5/100|[from] item: Life Orb
|
|upkeep
|-message|jule22 forfeited.
|
|win|natsukivgc
