|j|☆FAMILIARCOL
|j|☆Jakobtc
|html|FAMILIARCOLJakobtc    
|uhtml|bestof|Game 1 of a best-of-3
|t:|1757727437
|gametype|doubles
|player|p1|FAMILIARCOL|266|1076
|player|p2|Jakobtc|riley|1167
|gen|9
|tier|[Gen 9] VGC 2025 Reg H (Bo3)
|rated|
|rule|Species Clause: Limit one of each Pokémon
|rule|Item Clause: Limit 1 of each item
|clearpoke
|poke|p1|Amoonguss, L50, F|
|poke|p1|Dragonite, L50, F|
|poke|p1|Incineroar, L50, M|
|poke|p1|Murkrow, L50, M|
|poke|p1|Ursaluna-Bloodmoon, L50, M|
|poke|p1|Garchomp, L50, F|
|poke|p2|Drifblim, L50, F|
|poke|p2|Indeedee, L50, M|
|poke|p2|Arcanine-Hisui, L50, M|
|poke|p2|Garchomp, L50, M|
|poke|p2|Amoonguss, L50, F|
|poke|p2|Magnezone, L50|
|teampreview|4
|showteam|p1|Amoonguss||MentalHerb|Regenerator|Spore,RagePowder,PollenPuff,ClearSmog|||F|||50|,,,,,Water]Dragonite||LoadedDice|Multiscale|ScaleShot,ExtremeSpeed,AerialAce,DragonDance|||F|||50|,,,,,Normal]Incineroar||SitrusBerry|Intimidate|FakeOut,KnockOff,WillOWisp,PartingShot|||M|||50|,,,,,Grass]Murkrow||Eviolite|Prankster|Tailwind,Haze,Taunt,FoulPlay|||M|||50|,,,,,Ghost]Ursaluna-Bloodmoon||AssaultVest|MindsEye|BloodMoon,HyperVoice,EarthPower,VacuumWave|||M|||50|,,,,,Normal]Garchomp||ClearAmulet|RoughSkin|Earthquake,RockSlide,DragonClaw,Protect|||F|||50|,,,,,Ground
|showteam|p2|Drifblim||PsychicSeed|Unburden|Tailwind,StrengthSap,WillOWisp,Acrobatics|||F|||50|,,,,,Grass]Indeedee||FocusSash|PsychicSurge|ExpandingForce,TeraBlast,SkillSwap,Protect|||M|||50|,,,,,Fighting]Arcanine-Hisui||ChoiceBand|Intimidate|RockSlide,FlareBlitz,ExtremeSpeed,CloseCombat|||M|||50|,,,,,Grass]Garchomp||LifeOrb|RoughSkin|StompingTantrum,DragonClaw,Earthquake,Protect|||M|||50|,,,,,Ground]Amoonguss||SitrusBerry|Regenerator|Spore,LeafStorm,RagePowder,Protect|||F|||50|,,,,,Water]Magnezone||ChoiceSpecs|MagnetPull|Thunderbolt,TeraBlast,FlashCannon,VoltSwitch||||||50|,,,,,Flying
|c|☆Jakobtc|glhf
|inactive|Battle timer is ON: inactive players will automatically lose when time's up. (requested by FAMILIARCOL)
|
|t:|1757727483
|teamsize|p1|4
|teamsize|p2|4
|start
|switch|p1a: Garchomp|Garchomp, L50, F, shiny|100/100
|switch|p1b: Murkrow|Murkrow, L50, M, shiny|100/100
|switch|p2a: Indeedee|Indeedee, L50, M|100/100
|switch|p2b: Magnezone|Magnezone, L50|100/100
|-fieldstart|move: Psychic Terrain|[from] ability: Psychic Surge|[of] p2a: Indeedee
|turn|1
|inactive|FAMILIARCOL has 30 seconds left.
|inactive|Jakobtc has 30 seconds left.
|inactive|Jakobtc has 20 seconds left.
|
|t:|1757727524
|move|p2a: Indeedee|Protect|p2a: Indeedee
|-singleturn|p2a: Indeedee|Protect
|move|p1a: Garchomp|Rock Slide|p2a: Indeedee|[spread] p2b
|-activate|p2a: Indeedee|move: Protect
|-resisted|p2b: Magnezone
|-damage|p2b: Magnezone|91/100
|move|p1b: Murkrow|Foul Play|p2a: Indeedee
|-activate|p2a: Indeedee|move: Protect
|move|p2b: Magnezone|Volt Switch|p1b: Murkrow
|-supereffective|p1b: Murkrow
|-damage|p1b: Murkrow|0 fnt
|faint|p1b: Murkrow
|
|t:|1757727535
|switch|p2b: Drifblim|Drifblim, L50, F|100/100|[from] Volt Switch
|-enditem|p2b: Drifblim|Psychic Seed
|-boost|p2b: Drifblim|spd|1|[from] item: Psychic Seed
|
|upkeep
|
|t:|1757727541
|switch|p1b: Ursaluna|Ursaluna-Bloodmoon, L50, M|100/100
|turn|2
|
|t:|1757727557
|-terastallize|p1b: Ursaluna|Normal
|move|p2b: Drifblim|Tailwind|p2b: Drifblim
|-sidestart|p2: Jakobtc|move: Tailwind
|move|p2a: Indeedee|Expanding Force|p1a: Garchomp|[spread] p1a,p1b
|-damage|p1a: Garchomp|43/100
|-damage|p1b: Ursaluna|54/100
|move|p1a: Garchomp|Rock Slide|p2b: Drifblim|[spread] p2a
|-miss|p1a: Garchomp|p2b: Drifblim
|-damage|p2a: Indeedee|56/100
|move|p1b: Ursaluna|Blood Moon|p2a: Indeedee
|-damage|p2a: Indeedee|0 fnt
|faint|p2a: Indeedee
|
|upkeep
|
|t:|1757727578
|switch|p2a: Arcanine|Arcanine-Hisui, L50, M|100/100
|-ability|p2a: Arcanine|Intimidate|boost
|-fail|p1a: Garchomp|unboost|[from] item: Clear Amulet|[of] p1a: Garchomp
|-unboost|p1b: Ursaluna|atk|1
|turn|3
|
|t:|1757727592
|-terastallize|p2a: Arcanine|Grass
|move|p1a: Garchomp|Protect|p1a: Garchomp
|-singleturn|p1a: Garchomp|Protect
|move|p2b: Drifblim|Will-O-Wisp|p1a: Garchomp
|-activate|p1a: Garchomp|move: Protect
|move|p2a: Arcanine|Flare Blitz|p1b: Ursaluna
|-damage|p1b: Ursaluna|0 fnt
|faint|p1b: Ursaluna
|-damage|p2a: Arcanine|82/100|[from] Recoil
|
|upkeep
|
|t:|1757727603
|switch|p1b: Dragonite|Dragonite, L50, F, shiny|100/100
|turn|4
|
|t:|1757727616
|move|p2b: Drifblim|Will-O-Wisp|p1b: Dragonite
|-status|p1b: Dragonite|brn
|move|p2a: Arcanine|Flare Blitz|p1a: Garchomp
|-resisted|p1a: Garchomp
|-damage|p1a: Garchomp|0 fnt
|-damage|p2a: Arcanine|69/100|[from] ability: Rough Skin|[of] p1a: Garchomp
|faint|p1a: Garchomp
|-damage|p2a: Arcanine|54/100|[from] Recoil
|move|p1b: Dragonite|Dragon Dance|p1b: Dragonite
|-boost|p1b: Dragonite|atk|1
|-boost|p1b: Dragonite|spe|1
|
|-damage|p1b: Dragonite|94/100 brn|[from] brn
|upkeep
|turn|5
|
|t:|1757727631
|switch|p2a: Magnezone|Magnezone, L50|91/100
|move|p2b: Drifblim|Strength Sap|p1b: Dragonite
|-unboost|p1b: Dragonite|atk|1
|move|p1b: Dragonite|Dragon Dance|p1b: Dragonite
|-boost|p1b: Dragonite|atk|1
|-boost|p1b: Dragonite|spe|1
|
|-damage|p1b: Dragonite|88/100 brn|[from] brn
|-sideend|p2: Jakobtc|move: Tailwind
|-fieldend|move: Psychic Terrain
|upkeep
|turn|6
|
|t:|1757727647
|move|p1b: Dragonite|Aerial Ace|p2b: Drifblim
|-crit|p2b: Drifblim
|-damage|p2b: Drifblim|58/100
|move|p2b: Drifblim|Tailwind|p2b: Drifblim
|-sidestart|p2: Jakobtc|move: Tailwind
|move|p2a: Magnezone|Thunderbolt|p1b: Dragonite
|-damage|p1b: Dragonite|18/100 brn
|
|-damage|p1b: Dragonite|12/100 brn|[from] brn
|upkeep
|turn|7
|-message|FAMILIARCOL forfeited.
|
|win|Jakobtc
|l|☆FAMILIARCOL
|player|p1|
||FAMILIARCOL is ready for game 2.
||Jakobtc is ready for game 2.
|uhtml|next|Next: Game 2 of 3
