|j|☆Arun_thapa_chutiya
|j|☆lolgz
|html|Arun_thapa_chutiyalolgz    
|uhtml|bestof|Game 1 of a best-of-3
|t:|1783071330
|gametype|doubles
|player|p1|Arun_thapa_chutiya|hiker-gen4|1030
|player|p2|lolgz|dawn|1097
|gen|9
|tier|[Gen 9 Champions] VGC 2026 Reg M-B (Bo3)
|rated|
|rule|Species Clause: Limit one of each Pokémon
|rule|Item Clause: Limit 1 of each item
|clearpoke
|poke|p1|Charizard, L50, M|
|poke|p1|Incineroar, L50, F|
|poke|p1|Garchomp, L50, F|
|poke|p1|Whimsicott, L50, F|
|poke|p1|Grimmsnarl, L50, M|
|poke|p1|Farigiraf, L50, M|
|poke|p2|Scrafty, L50, F|
|poke|p2|Vivillon, L50, M|
|poke|p2|Incineroar, L50, M|
|poke|p2|Sinistcha, L50|
|poke|p2|Raichu, L50, F|
|poke|p2|Delphox, L50, F|
|teampreview|4
|showteam|p1|Charizard||CharizarditeY|Blaze|WeatherBall,HeatWave,Protect,SolarBeam|Modest||M|||50|]Incineroar||SitrusBerry|Intimidate|PartingShot,FlareBlitz,Protect,FakeOut|Adamant||F|||50|]Garchomp||LifeOrb|RoughSkin|Earthquake,RockSlide,Protect,DragonClaw|Serious||F|||50|]Whimsicott||FocusSash|Prankster|Protect,SunnyDay,Moonblast,Encore|Serious||F|||50|]Grimmsnarl||LightClay|Prankster|LightScreen,Reflect,PartingShot,SpiritBreak|Serious||M|||50|]Farigiraf||Leftovers|ArmorTail|HelpingHand,Protect,HyperVoice,Psychic|Timid||M|||50|
|showteam|p2|Scrafty||Scraftinite|Intimidate|DrainPunch,KnockOff,Protect,DragonDance|Jolly||F|||50|]Vivillon||ChoiceScarf|CompoundEyes|SleepPowder,Hurricane,RagePowder,Tailwind|Timid||M|||50|]Incineroar||PasshoBerry|Intimidate|PartingShot,FakeOut,ThroatChop,FlareBlitz|Careful||M|||50|]Sinistcha||KasibBerry|Hospitality|MatchaGotcha,RagePowder,LifeDew,Protect|Serious|||||50|]Raichu||FocusSash|Static|FakeOut,Electroweb,Endeavor,UpperHand|Timid||F|||50|]Delphox||Delphoxite|Blaze|HeatWave,Psychic,Protect,NastyPlot|Timid||F|||50|
|inactive|Battle timer is ON: inactive players will automatically lose when time's up. (requested by lolgz)
|inactive|Arun_thapa_chutiya also wants the timer to be on.
|
|t:|1783071355
|teamsize|p1|4
|teamsize|p2|4
|start
|switch|p1a: Grimmsnarl|Grimmsnarl, L50, M|100/100
|switch|p1b: Garchomp|Garchomp, L50, F|100/100
|switch|p2a: Raichu|Raichu, L50, F|100/100
|switch|p2b: Delphox|Delphox, L50, F|100/100
|turn|1
|
|t:|1783071369
|detailschange|p2b: Delphox|Delphox-Mega, L50, F
|-mega|p2b: Delphox|Delphox|Delphoxite
|move|p2a: Raichu|Fake Out|p1b: Garchomp
|-damage|p1b: Garchomp|92/100
|-damage|p2a: Raichu|88/100|[from] ability: Rough Skin|[of] p1b: Garchomp
|move|p1a: Grimmsnarl|Light Screen|p1a: Grimmsnarl
|-sidestart|p1: Arun_thapa_chutiya|move: Light Screen
|move|p2b: Delphox|Nasty Plot|p2b: Delphox
|-boost|p2b: Delphox|spa|2
|cant|p1b: Garchomp|flinch
|
|upkeep
|turn|2
|
|t:|1783071388
|switch|p2a: Incineroar|Incineroar, L50, M|100/100
|-ability|p2a: Incineroar|Intimidate|boost
|-unboost|p1a: Grimmsnarl|atk|1
|-unboost|p1b: Garchomp|atk|1
|move|p1a: Grimmsnarl|Parting Shot|p2b: Delphox
|-unboost|p2b: Delphox|atk|1
|-unboost|p2b: Delphox|spa|1
|
|t:|1783071398
|switch|p1a: Incineroar|Incineroar, L50, F|100/100|[from] Parting Shot
|-ability|p1a: Incineroar|Intimidate|boost
|-unboost|p2a: Incineroar|atk|1
|-unboost|p2b: Delphox|atk|1
|move|p2b: Delphox|Nasty Plot|p2b: Delphox
|-boost|p2b: Delphox|spa|2
|move|p1b: Garchomp|Rock Slide|p2a: Incineroar|[spread] p2a,p2b
|-supereffective|p2a: Incineroar|1
|-supereffective|p2b: Delphox|1
|-damage|p2a: Incineroar|66/100
|-damage|p2b: Delphox|53/100
|-damage|p1b: Garchomp|82/100|[from] item: Life Orb
|
|upkeep
|turn|3
|
|t:|1783071420
|move|p2b: Delphox|Protect|p2b: Delphox
|-singleturn|p2b: Delphox|Protect
|move|p1a: Incineroar|Fake Out|p2b: Delphox
|-activate|p2b: Delphox|move: Protect
|move|p1b: Garchomp|Dragon Claw|p2b: Delphox
|-activate|p2b: Delphox|move: Protect
|move|p2a: Incineroar|Parting Shot|p1a: Incineroar
|-unboost|p1a: Incineroar|atk|1
|-unboost|p1a: Incineroar|spa|1
|
|t:|1783071433
|switch|p2a: Raichu|Raichu, L50, F|88/100|[from] Parting Shot
|
|upkeep
|turn|4
|
|t:|1783071442
|move|p2a: Raichu|Fake Out|p1a: Incineroar
|-damage|p1a: Incineroar|92/100
|move|p2b: Delphox|Heat Wave|p1a: Incineroar|[spread] p1a,p1b
|-resisted|p1a: Incineroar|1
|-resisted|p1b: Garchomp|1
|-damage|p1a: Incineroar|61/100
|-damage|p1b: Garchomp|43/100
|move|p1b: Garchomp|Earthquake|p2b: Delphox|[spread] p1a,p2a
|-immune|p2b: Delphox|[from] ability: Levitate
|-supereffective|p1a: Incineroar|1
|-supereffective|p2a: Raichu|1
|-damage|p1a: Incineroar|0 fnt
|-damage|p2a: Raichu|0 fnt
|faint|p1a: Incineroar
|faint|p2a: Raichu
|-damage|p1b: Garchomp|34/100|[from] item: Life Orb
|
|upkeep
|inactive|lolgz has 30 seconds left.
|inactive|lolgz has 20 seconds left.
|inactive|lolgz has 15 seconds left.
|
|t:|1783071482
|switch|p2a: Incineroar|Incineroar, L50, M|66/100
|switch|p1a: Grimmsnarl|Grimmsnarl, L50, M|100/100
|-ability|p2a: Incineroar|Intimidate|boost
|-unboost|p1a: Grimmsnarl|atk|1
|-unboost|p1b: Garchomp|atk|1
|turn|5
|inactive|Arun_thapa_chutiya has 30 seconds left.
|
|t:|1783071509
|move|p2a: Incineroar|Fake Out|p1a: Grimmsnarl
|-damage|p1a: Grimmsnarl|87/100
|cant|p1a: Grimmsnarl|flinch
|move|p2b: Delphox|Heat Wave|p1b: Garchomp|[spread] p1a,p1b
|-resisted|p1b: Garchomp|1
|-damage|p1a: Grimmsnarl|10/100
|-damage|p1b: Garchomp|0 fnt
|faint|p1b: Garchomp
|
|upkeep
|
|t:|1783071518
|switch|p1b: Charizard|Charizard, L50, M|100/100
|turn|6
|
|t:|1783071529
|detailschange|p1b: Charizard|Charizard-Mega-Y, L50, M
|-mega|p1b: Charizard|Charizard|Charizardite Y
|-weather|SunnyDay|[from] ability: Drought|[of] p1b: Charizard
|move|p1a: Grimmsnarl|Parting Shot|p2b: Delphox
|-unboost|p2b: Delphox|atk|1
|-unboost|p2b: Delphox|spa|1
|move|p2b: Delphox|Psychic|p1b: Charizard
|-damage|p1b: Charizard|34/100
|move|p1b: Charizard|Weather Ball|p2b: Delphox
|-resisted|p2b: Delphox|1
|-damage|p2b: Delphox|10/100
|move|p2a: Incineroar|Flare Blitz|p1a: Grimmsnarl
|-damage|p1a: Grimmsnarl|0 fnt
|faint|p1a: Grimmsnarl
|-damage|p2a: Incineroar|62/100|[from] Recoil
|
|-weather|SunnyDay|[upkeep]
|upkeep
|turn|7
|-message|Arun_thapa_chutiya forfeited.
|
|win|lolgz
