|j|☆duemagician7809
|j|☆Llama_Llord
|html|duemagician7809Llama_Llord    
|uhtml|bestof|Game 2 of a best-of-3
|t:|1756800283
|gametype|doubles
|player|p1|duemagician7809|169|1082
|player|p2|Llama_Llord|1|1061
|gen|9
|tier|[Gen 9] VGC 2025 Reg H (Bo3)
|rated|
|rule|Species Clause: Limit one of each Pokémon
|rule|Item Clause: Limit 1 of each item
|clearpoke
|poke|p1|Incineroar, L50, F|
|poke|p1|Ursaluna-Bloodmoon, L50, M|
|poke|p1|Blastoise, L50, F|
|poke|p1|Amoonguss, L50, F|
|poke|p1|Sneasler, L50, F|
|poke|p1|Pelipper, L50, M|
|poke|p2|Talonflame, L50, F|
|poke|p2|Garchomp, L50, F|
|poke|p2|Gholdengo, L50|
|poke|p2|Tyranitar, L50, M|
|poke|p2|Amoonguss, L50, M|
|poke|p2|Milotic, L50, F|
|teampreview|4
|showteam|p1|Incineroar||SafetyGoggles|Intimidate|FakeOut,PartingShot,FlareBlitz,KnockOff|||F|||50|,,,,,Grass]Ursaluna-Bloodmoon||LifeOrb|MindsEye|BloodMoon,HyperVoice,Protect,EarthPower|||M|||50|,,,,,Normal]Blastoise||AssaultVest|RainDish|WaterSpout,FakeOut,MuddyWater,FlipTurn|||F|||50|,,,,,Water]Amoonguss||SitrusBerry|Regenerator|RagePowder,Spore,Protect,PollenPuff|||F|||50|,,,,,Dark]Sneasler||WhiteHerb|Unburden|CloseCombat,FakeOut,DireClaw,Protect|||F|||50|,,,,,Ghost]Pelipper||FocusSash|Drizzle|WeatherBall,Hurricane,Protect,Tailwind|||M|||50|,,,,,Water
|showteam|p2|Talonflame||CovertCloak|GaleWings|Tailwind,BraveBird,WillOWisp,Taunt|||F|||50|,,,,,Grass]Garchomp||LifeOrb|RoughSkin|Earthquake,DragonClaw,StompingTantrum,Protect|||F|||50|,,,,,Fairy]Gholdengo||ChoiceSpecs|GoodasGold|MakeItRain,ShadowBall,Thunderbolt,PowerGem||||||50|,,,,,Steel]Tyranitar||AssaultVest|SandStream|RockSlide,KnockOff,TeraBlast,LowKick|||M|||50|,,,,,Flying]Amoonguss||SitrusBerry|Regenerator|PollenPuff,Spore,RagePowder,Protect|||M|||50|,,,,,Grass]Milotic||SafetyGoggles|Competitive|Scald,IcyWind,Haze,Protect|||F|||50|,,,,,Dragon
|inactive|Battle timer is ON: inactive players will automatically lose when time's up. (requested by Llama_Llord)
|inactive|Llama_Llord has 60 seconds left.
|
|t:|1756800333
|teamsize|p1|4
|teamsize|p2|4
|start
|switch|p1a: Pelipper|Pelipper, L50, M|100/100
|switch|p1b: Blastoise|Blastoise, L50, F|100/100
|switch|p2a: Tyranitar|Tyranitar, L50, M|100/100
|switch|p2b: Gholdengo|Gholdengo, L50|100/100
|-weather|RainDance|[from] ability: Drizzle|[of] p1a: Pelipper
|-weather|Sandstorm|[from] ability: Sand Stream|[of] p2a: Tyranitar
|turn|1
|
|t:|1756800353
|switch|p1a: Incineroar|Incineroar, L50, F|100/100
|-ability|p1a: Incineroar|Intimidate|boost
|-unboost|p2a: Tyranitar|atk|1
|-unboost|p2b: Gholdengo|atk|1
|-terastallize|p2a: Tyranitar|Flying
|move|p2b: Gholdengo|Make It Rain|p1b: Blastoise|[spread] p1a,p1b
|-resisted|p1a: Incineroar
|-resisted|p1b: Blastoise
|-damage|p1a: Incineroar|71/100
|-damage|p1b: Blastoise|77/100
|-unboost|p2b: Gholdengo|spa|1
|move|p1b: Blastoise|Flip Turn|p2a: Tyranitar
|-damage|p2a: Tyranitar|86/100
|
|t:|1756800366
|switch|p1b: Pelipper|Pelipper, L50, M|100/100|[from] Flip Turn
|-weather|RainDance|[from] ability: Drizzle|[of] p1b: Pelipper
|move|p2a: Tyranitar|Rock Slide|p1b: Pelipper|[spread] p1a,p1b
|-supereffective|p1a: Incineroar
|-supereffective|p1b: Pelipper
|-damage|p1a: Incineroar|29/100
|-damage|p1b: Pelipper|47/100
|
|-weather|RainDance|[upkeep]
|upkeep
|turn|2
|
|t:|1756800391
|switch|p2a: Milotic|Milotic, L50, F|100/100
|move|p2b: Gholdengo|Make It Rain|p1b: Pelipper|[spread] p1a,p1b
|-resisted|p1a: Incineroar
|-resisted|p1b: Pelipper
|-crit|p1b: Pelipper
|-damage|p1a: Incineroar|8/100
|-damage|p1b: Pelipper|0 fnt
|-unboost|p2b: Gholdengo|spa|1
|faint|p1b: Pelipper
|move|p1a: Incineroar|Knock Off|p2b: Gholdengo
|-supereffective|p2b: Gholdengo
|-damage|p2b: Gholdengo|0 fnt
|-enditem|p2b: Gholdengo|Choice Specs|[from] move: Knock Off|[of] p1a: Incineroar
|faint|p2b: Gholdengo
|
|-weather|RainDance|[upkeep]
|upkeep
|
|t:|1756800407
|switch|p2b: Tyranitar|Tyranitar, L50, M, tera:Flying|86/100
|switch|p1b: Sneasler|Sneasler, L50, F|100/100
|-weather|Sandstorm|[from] ability: Sand Stream|[of] p2b: Tyranitar
|turn|3
|
|t:|1756800422
|switch|p1a: Blastoise|Blastoise, L50, F|77/100
|-terastallize|p1b: Sneasler|Ghost
|move|p2a: Milotic|Protect|p2a: Milotic
|-singleturn|p2a: Milotic|Protect
|move|p1b: Sneasler|Close Combat|p2a: Milotic
|-activate|p2a: Milotic|move: Protect
|move|p2b: Tyranitar|Rock Slide|p1b: Sneasler|[spread] p1a,p1b
|-damage|p1a: Blastoise|47/100
|-damage|p1b: Sneasler|42/100
|
|-weather|Sandstorm|[upkeep]
|-damage|p1b: Sneasler|36/100|[from] Sandstorm
|-damage|p1a: Blastoise|41/100|[from] Sandstorm
|-damage|p2b: Tyranitar|80/100|[from] Sandstorm
|upkeep
|turn|4
|
|t:|1756800442
|switch|p2a: Talonflame|Talonflame, L50, F|100/100
|move|p1b: Sneasler|Close Combat|p2a: Talonflame
|-resisted|p2a: Talonflame
|-damage|p2a: Talonflame|60/100
|-unboost|p1b: Sneasler|def|1
|-unboost|p1b: Sneasler|spd|1
|-enditem|p1b: Sneasler|White Herb
|-clearnegativeboost|p1b: Sneasler|[silent]
|move|p1a: Blastoise|Muddy Water|p2a: Talonflame|[spread] p2b
|-miss|p1a: Blastoise|p2a: Talonflame
|-damage|p2b: Tyranitar|63/100
|-unboost|p2b: Tyranitar|accuracy|1
|move|p2b: Tyranitar|Rock Slide|p1b: Sneasler|[spread] p1a
|-miss|p2b: Tyranitar|p1b: Sneasler
|-damage|p1a: Blastoise|12/100
|
|-weather|Sandstorm|[upkeep]
|-damage|p1b: Sneasler|31/100|[from] Sandstorm
|-damage|p2a: Talonflame|54/100|[from] Sandstorm
|-damage|p1a: Blastoise|6/100|[from] Sandstorm
|-damage|p2b: Tyranitar|57/100|[from] Sandstorm
|upkeep
|turn|5
|inactive|Llama_Llord has 30 seconds left.
|inactive|Llama_Llord has 20 seconds left.
|inactive|Llama_Llord has 15 seconds left.
|
|t:|1756800483
|switch|p2b: Milotic|Milotic, L50, F|100/100
|move|p1b: Sneasler|Dire Claw|p2a: Talonflame
|-damage|p2a: Talonflame|0 fnt
|faint|p2a: Talonflame
|move|p1a: Blastoise|Muddy Water|p2b: Milotic
|-resisted|p2b: Milotic
|-damage|p2b: Milotic|83/100
|
|-weather|Sandstorm|[upkeep]
|-damage|p1b: Sneasler|25/100|[from] Sandstorm
|-damage|p1a: Blastoise|0 fnt|[from] Sandstorm
|faint|p1a: Blastoise
|upkeep
|
|t:|1756800492
|switch|p2a: Tyranitar|Tyranitar, L50, M, tera:Flying|57/100
|switch|p1a: Incineroar|Incineroar, L50, F|8/100
|-ability|p1a: Incineroar|Intimidate|boost
|-unboost|p2a: Tyranitar|atk|1
|-unboost|p2b: Milotic|atk|1
|-ability|p2b: Milotic|Competitive|boost
|-boost|p2b: Milotic|spa|2
|turn|6
|
|t:|1756800502
|move|p2b: Milotic|Protect|p2b: Milotic
|-singleturn|p2b: Milotic|Protect
|move|p1a: Incineroar|Fake Out|p2b: Milotic
|-activate|p2b: Milotic|move: Protect
|move|p1b: Sneasler|Dire Claw|p2a: Tyranitar
|-damage|p2a: Tyranitar|18/100
|move|p2a: Tyranitar|Rock Slide|p1b: Sneasler|[spread] p1a,p1b
|-supereffective|p1a: Incineroar
|-damage|p1a: Incineroar|0 fnt
|-damage|p1b: Sneasler|0 fnt
|faint|p1a: Incineroar
|faint|p1b: Sneasler
|
|win|Llama_Llord
|raw|duemagician7809's rating: 1082 → 1058(-24 for losing)
|raw|Llama_Llord's rating: 1061 → 1094(+33 for winning)
|l|☆duemagician7809
|player|p1|
