|j|☆blade2049
|j|☆KChiefs7
|html|blade2049KChiefs7    
|uhtml|bestof|Game 2 of a best-of-3
|t:|1756835683
|gametype|doubles
|player|p1|blade2049|gambler|1064
|player|p2|KChiefs7|swimmer-gen4|1083
|gen|9
|tier|[Gen 9] VGC 2025 Reg H (Bo3)
|rated|
|rule|Species Clause: Limit one of each Pokémon
|rule|Item Clause: Limit 1 of each item
|clearpoke
|poke|p1|Gothitelle, L50, F|
|poke|p1|Politoed, L50, M|
|poke|p1|Incineroar, L50, F|
|poke|p1|Kingdra, L50, M|
|poke|p1|Amoonguss, L50, F|
|poke|p1|Archaludon, L50, M|
|poke|p2|Ursaluna, L50, M|
|poke|p2|Gholdengo, L50|
|poke|p2|Flamigo, L50, F|
|poke|p2|Amoonguss, L50, M|
|poke|p2|Porygon2, L50|
|poke|p2|Incineroar, L50, F|
|teampreview|4
|showteam|p1|Gothitelle||Leftovers|ShadowTag|Psychic,HealPulse,FakeOut,Protect|||F|||50|,,,,,Dragon]Politoed||MentalHerb|Drizzle|WeatherBall,Encore,PerishSong,Protect|||M|||50|,,,,,Grass]Incineroar||SafetyGoggles|Intimidate|FakeOut,PartingShot,KnockOff,Protect|||F|||50|,,,,,Ghost]Kingdra||LifeOrb|SwiftSwim|DracoMeteor,WeatherBall,MuddyWater,Protect|||M|||50|,,,,,Stellar]Amoonguss||SitrusBerry|Regenerator|PollenPuff,RagePowder,Spore,Protect|||F|||50|,,,,,Water]Archaludon||PowerHerb|Sturdy|ElectroShot,DragonPulse,FlashCannon,Protect|||M|||50|,,,,,Electric
|showteam|p2|Ursaluna||FlameOrb|Guts|Facade,HeadlongRush,Earthquake,Protect|||M|||50|,,,,,Ghost]Gholdengo||LifeOrb|GoodasGold|MakeItRain,ShadowBall,NastyPlot,Protect||||||50|,,,,,Water]Flamigo||FocusSash|Scrappy|Detect,CloseCombat,WideGuard,DualWingbeat|||F|||50|,,,,,Ghost]Amoonguss||CovertCloak|Regenerator|RagePowder,Spore,PollenPuff,ClearSmog|||M|||50|,,,,,Fairy]Porygon2||Eviolite|Download|TeraBlast,IceBeam,Recover,TrickRoom||||||50|,,,,,Fighting]Incineroar||SafetyGoggles|Intimidate|FlareBlitz,KnockOff,FakeOut,PartingShot|||F|||50|,,,,,Ghost
|inactive|Battle timer is ON: inactive players will automatically lose when time's up. (requested by KChiefs7)
|inactive|blade2049 also wants the timer to be on.
|c|☆blade2049|Close one
|c|☆KChiefs7|Fr
|inactive|KChiefs7 has 60 seconds left.
|inactive|blade2049 has 60 seconds left.
|
|t:|1756835741
|teamsize|p1|4
|teamsize|p2|4
|start
|switch|p1a: Incineroar|Incineroar, L50, F|100/100
|switch|p1b: Kingdra|Kingdra, L50, M, shiny|100/100
|switch|p2a: Ursaluna|Ursaluna, L50, M|100/100
|switch|p2b: Flamigo|Flamigo, L50, F|100/100
|-ability|p1a: Incineroar|Intimidate|boost
|-unboost|p2a: Ursaluna|atk|1
|-fail|p2b: Flamigo|unboost|Attack|[from] ability: Scrappy|[of] p2b: Flamigo
|turn|1
|inactive|blade2049 has 30 seconds left.
|
|t:|1756835775
|-terastallize|p2a: Ursaluna|Ghost
|move|p2b: Flamigo|Detect|p2b: Flamigo
|-singleturn|p2b: Flamigo|Protect
|move|p1a: Incineroar|Fake Out|p2b: Flamigo
|-activate|p2b: Flamigo|move: Protect
|move|p1b: Kingdra|Muddy Water|p2b: Flamigo|[spread] p2a
|-activate|p2b: Flamigo|move: Protect
|-damage|p2a: Ursaluna|66/100
|-damage|p1b: Kingdra|91/100|[from] item: Life Orb
|move|p2a: Ursaluna|Headlong Rush|p1a: Incineroar
|-supereffective|p1a: Incineroar
|-damage|p1a: Incineroar|15/100
|-unboost|p2a: Ursaluna|def|1
|-unboost|p2a: Ursaluna|spd|1
|
|-status|p2a: Ursaluna|brn|[from] item: Flame Orb
|upkeep
|turn|2
|inactive|blade2049 has 30 seconds left.
|inactive|KChiefs7 has 30 seconds left.
|inactive|KChiefs7 has 20 seconds left.
|inactive|KChiefs7 has 15 seconds left.
|
|t:|1756835816
|switch|p2a: Porygon2|Porygon2, L50|100/100
|-ability|p2a: Porygon2|Download|boost
|-boost|p2a: Porygon2|atk|1
|-terastallize|p1b: Kingdra|Stellar
|move|p1a: Incineroar|Protect|p1a: Incineroar
|-singleturn|p1a: Incineroar|Protect
|move|p2b: Flamigo|Close Combat|p1a: Incineroar
|-activate|p1a: Incineroar|move: Protect
|move|p1b: Kingdra|Draco Meteor|p2b: Flamigo
|-enditem|p2b: Flamigo|Focus Sash
|-damage|p2b: Flamigo|1/100
|-unboost|p1b: Kingdra|spa|2
|-damage|p1b: Kingdra|81/100|[from] item: Life Orb
|
|upkeep
|turn|3
|inactive|KChiefs7 has 30 seconds left.
|inactive|KChiefs7 has 20 seconds left.
|inactive|KChiefs7 has 15 seconds left.
|inactive|KChiefs7 has 10 seconds left.
|inactive|KChiefs7 has 5 seconds left.
|
|t:|1756835866
|switch|p1a: Politoed|Politoed, L50, M, shiny|100/100
|-weather|RainDance|[from] ability: Drizzle|[of] p1a: Politoed
|move|p1b: Kingdra|Muddy Water|p2b: Flamigo|[spread] p2a,p2b
|-damage|p2a: Porygon2|73/100
|-damage|p2b: Flamigo|0 fnt
|faint|p2b: Flamigo
|-damage|p1b: Kingdra|71/100|[from] item: Life Orb
|move|p2a: Porygon2|Trick Room|p2a: Porygon2
|-fieldstart|move: Trick Room|[of] p2a: Porygon2
|
|-weather|RainDance|[upkeep]
|upkeep
|
|t:|1756835874
|switch|p2b: Ursaluna|Ursaluna, L50, M, tera:Ghost|66/100 brn
|turn|4
|inactive|blade2049 has 30 seconds left.
|inactive|KChiefs7 has 30 seconds left.
|inactive|blade2049 has 20 seconds left.
|inactive|KChiefs7 has 20 seconds left.
|inactive|KChiefs7 has 15 seconds left.
|
|t:|1756835916
|switch|p1b: Gothitelle|Gothitelle, L50, F, shiny|100/100
|move|p2b: Ursaluna|Facade|p1a: Politoed
|-damage|p1a: Politoed|0 fnt
|faint|p1a: Politoed
|move|p2a: Porygon2|Recover|p2a: Porygon2
|-heal|p2a: Porygon2|100/100
|
|-weather|RainDance|[upkeep]
|-damage|p2b: Ursaluna|60/100 brn|[from] brn
|upkeep
|
|t:|1756835930
|switch|p1a: Incineroar|Incineroar, L50, F|15/100
|-ability|p1a: Incineroar|Intimidate|boost
|-unboost|p2a: Porygon2|atk|1
|-unboost|p2b: Ursaluna|atk|1
|turn|5
|
|t:|1756835955
|move|p2b: Ursaluna|Facade|p1a: Incineroar
|-damage|p1a: Incineroar|0 fnt
|faint|p1a: Incineroar
|move|p2a: Porygon2|Tera Blast|p1b: Gothitelle
|-damage|p1b: Gothitelle|70/100
|move|p1b: Gothitelle|Psychic|p2a: Porygon2
|-damage|p2a: Porygon2|81/100
|
|-weather|RainDance|[upkeep]
|-heal|p1b: Gothitelle|76/100|[from] item: Leftovers
|-damage|p2b: Ursaluna|54/100 brn|[from] brn
|upkeep
|
|t:|1756835968
|switch|p1a: Kingdra|Kingdra, L50, M, shiny, tera:Stellar|71/100
|turn|6
|
|t:|1756835979
|move|p2b: Ursaluna|Facade|p1a: Kingdra
|-damage|p1a: Kingdra|0 fnt
|faint|p1a: Kingdra
|move|p2a: Porygon2|Ice Beam|p1b: Gothitelle
|-damage|p1b: Gothitelle|53/100
|move|p1b: Gothitelle|Heal Pulse|p1: Kingdra|[notarget]
|-fail|p1b: Gothitelle
|
|-weather|RainDance|[upkeep]
|-heal|p1b: Gothitelle|59/100|[from] item: Leftovers
|-damage|p2b: Ursaluna|48/100 brn|[from] brn
|upkeep
|turn|7
|-message|blade2049 forfeited.
|
|win|KChiefs7
|l|☆blade2049
|player|p1|
||blade2049 is ready for game 3.
|inactive|KChiefs7 has 30 seconds to confirm battle start!
||KChiefs7 is ready for game 3.
|uhtml|next|Next: Game 3 of 3
