|j|☆thebrosofpokes
|j|☆r4ka
|html|thebrosofpokesr4ka    
|uhtml|bestof|Game 2 of a best-of-3
|t:|1757236307
|gametype|doubles
|player|p1|thebrosofpokes|#smogonxnpa2024draftee|1350
|player|p2|r4ka|1|1342
|gen|9
|tier|[Gen 9] VGC 2025 Reg H (Bo3)
|rated|
|rule|Species Clause: Limit one of each Pokémon
|rule|Item Clause: Limit 1 of each item
|clearpoke
|poke|p1|Gholdengo, L50|
|poke|p1|Whimsicott, L50, F|
|poke|p1|Indeedee, L50, M|
|poke|p1|Sneasler, L50, F|
|poke|p1|Ursaluna-Bloodmoon, L50, M|
|poke|p1|Dragonite, L50, M|
|poke|p2|Rillaboom, L50, F|
|poke|p2|Dragonite, L50, F|
|poke|p2|Sneasler, L50, F|
|poke|p2|Kingambit, L50, M|
|poke|p2|Electabuzz, L50, M|
|poke|p2|Volcarona, L50, F|
|teampreview|4
|showteam|p1|Gholdengo||ChoiceSpecs|GoodasGold|MakeItRain,ShadowBall,PowerGem,SteelBeam||||||50|,,,,,Steel]Whimsicott||CovertCloak|Prankster|Moonblast,LightScreen,Tailwind,Taunt|||F|||50|,,,,,Poison]Indeedee||FocusSash|PsychicSurge|Protect,ExpandingForce,TrickRoom,HelpingHand|||M|||50|,,,,,Psychic]Sneasler||PsychicSeed|Unburden|CloseCombat,DireClaw,ThroatChop,Protect|||F|||50|,,,,,Dark]Ursaluna-Bloodmoon||AssaultVest|MindsEye|BloodMoon,HyperVoice,EarthPower,Snarl|||M|||50|,,,,,Fire]Dragonite||LoadedDice|InnerFocus|ScaleShot,TeraBlast,Encore,Protect|||M|||50|,,,,,Flying
|showteam|p2|Rillaboom||AssaultVest|GrassySurge|FakeOut,HighHorsepower,WoodHammer,GrassyGlide|||F|||50|,,,,,Fire]Dragonite||LoadedDice|Multiscale|ExtremeSpeed,ScaleShot,Protect,Haze|||F|||50|,,,,,Steel]Sneasler||FocusSash|PoisonTouch|DireClaw,CloseCombat,FakeOut,Coaching|||F|||50|,,,,,Stellar]Kingambit||BlackGlasses|Defiant|KowtowCleave,SuckerPunch,SwordsDance,Protect|||M|||50|,,,,,Ghost]Electabuzz||Eviolite|VitalSpirit|Thunderbolt,Taunt,Protect,FollowMe|||M|||50|,,,,,Ghost]Volcarona||Leftovers|FlameBody|HeatWave,TeraBlast,QuiverDance,Protect|||F|||50|,,,,,Fairy
|
|t:|1757236347
|teamsize|p1|4
|teamsize|p2|4
|start
|switch|p1a: Ursaluna|Ursaluna-Bloodmoon, L50, M|100/100
|switch|p1b: Dragonite|Dragonite, L50, M|100/100
|switch|p2a: Volcarona|Volcarona, L50, F|100/100
|switch|p2b: Electabuzz|Electabuzz, L50, M|100/100
|turn|1
|
|t:|1757236373
|-terastallize|p2a: Volcarona|Fairy
|move|p2a: Volcarona|Tera Blast|p1b: Dragonite|[anim] Tera Blast Fairy
|-supereffective|p1b: Dragonite
|-crit|p1b: Dragonite
|-damage|p1b: Dragonite|0 fnt
|faint|p1b: Dragonite
|move|p2b: Electabuzz|Thunderbolt|p1a: Ursaluna
|-immune|p1a: Ursaluna
|move|p1a: Ursaluna|Earth Power|p2b: Electabuzz
|-supereffective|p2b: Electabuzz
|-damage|p2b: Electabuzz|16/100
|
|upkeep
|
|t:|1757236394
|switch|p1b: Indeedee|Indeedee, L50, M|100/100
|-fieldstart|move: Psychic Terrain|[from] ability: Psychic Surge|[of] p1b: Indeedee
|turn|2
|
|t:|1757236409
|-terastallize|p1b: Indeedee|Psychic
|move|p2b: Electabuzz|Follow Me|p2b: Electabuzz
|-singleturn|p2b: Electabuzz|move: Follow Me
|move|p1b: Indeedee|Expanding Force|p2b: Electabuzz|[spread] p2a,p2b
|-crit|p2b: Electabuzz
|-damage|p2a: Volcarona|31/100
|-damage|p2b: Electabuzz|0 fnt
|faint|p2b: Electabuzz
|move|p2a: Volcarona|Quiver Dance|p2a: Volcarona
|-boost|p2a: Volcarona|spa|1
|-boost|p2a: Volcarona|spd|1
|-boost|p2a: Volcarona|spe|1
|move|p1a: Ursaluna|Blood Moon|p2a: Volcarona
|-damage|p2a: Volcarona|0 fnt
|faint|p2a: Volcarona
|
|upkeep
|
|t:|1757236423
|switch|p2a: Rillaboom|Rillaboom, L50, F|100/100
|switch|p2b: Sneasler|Sneasler, L50, F|100/100
|-fieldstart|move: Grassy Terrain|[from] ability: Grassy Surge|[of] p2a: Rillaboom
|turn|3
|
|t:|1757236448
|switch|p1b: Sneasler|Sneasler, L50, F|100/100
|move|p2b: Sneasler|Close Combat|p1a: Ursaluna
|-supereffective|p1a: Ursaluna
|-damage|p1a: Ursaluna|6/100
|-unboost|p2b: Sneasler|def|1
|-unboost|p2b: Sneasler|spd|1
|move|p2a: Rillaboom|High Horsepower|p1b: Sneasler
|-supereffective|p1b: Sneasler
|-damage|p1b: Sneasler|1/100
|move|p1a: Ursaluna|Hyper Voice|p2a: Rillaboom|[spread] p2a,p2b
|-crit|p2b: Sneasler
|-damage|p2a: Rillaboom|75/100
|-enditem|p2b: Sneasler|Focus Sash
|-damage|p2b: Sneasler|1/100
|
|-heal|p2b: Sneasler|7/100|[from] Grassy Terrain
|-heal|p1b: Sneasler|7/100|[from] Grassy Terrain
|-heal|p2a: Rillaboom|81/100|[from] Grassy Terrain
|-heal|p1a: Ursaluna|12/100|[from] Grassy Terrain
|upkeep
|turn|4
|
|t:|1757236483
|move|p1b: Sneasler|Protect|p1b: Sneasler
|-singleturn|p1b: Sneasler|Protect
|move|p2b: Sneasler|Dire Claw|p1a: Ursaluna
|-resisted|p1a: Ursaluna
|-damage|p1a: Ursaluna|0 fnt
|faint|p1a: Ursaluna
|move|p2a: Rillaboom|Wood Hammer|p1b: Sneasler
|-activate|p1b: Sneasler|move: Protect
|
|-heal|p2b: Sneasler|13/100|[from] Grassy Terrain
|-heal|p1b: Sneasler|13/100|[from] Grassy Terrain
|-heal|p2a: Rillaboom|87/100|[from] Grassy Terrain
|upkeep
|
|t:|1757236488
|switch|p1a: Indeedee|Indeedee, L50, M, tera:Psychic|100/100
|-fieldstart|move: Psychic Terrain|[from] ability: Psychic Surge|[of] p1a: Indeedee
|-enditem|p1b: Sneasler|Psychic Seed
|-boost|p1b: Sneasler|spd|1|[from] item: Psychic Seed
|turn|5
|
|t:|1757236502
|move|p1b: Sneasler|Dire Claw|p2b: Sneasler
|-resisted|p2b: Sneasler
|-damage|p2b: Sneasler|0 fnt
|faint|p2b: Sneasler
|move|p1a: Indeedee|Expanding Force|p2a: Rillaboom
|-damage|p2a: Rillaboom|14/100
|move|p2a: Rillaboom|Wood Hammer|p1b: Sneasler
|-resisted|p1b: Sneasler
|-damage|p1b: Sneasler|0 fnt
|faint|p1b: Sneasler
|-damage|p2a: Rillaboom|11/100|[from] Recoil
|
|upkeep
|turn|6
|-message|r4ka forfeited.
|
|win|thebrosofpokes
|raw|thebrosofpokes's rating: 1350 → 1370(+20 for winning)
|raw|r4ka's rating: 1342 → 1322(-20 for losing)
