|j|☆SbonghiSupreme
|j|☆tessa scarlet
|html|SbonghiSupremetessa scarlet    
|uhtml|bestof|Game 3 of a best-of-3
|t:|1756586273
|gametype|doubles
|player|p1|SbonghiSupreme|170|1349
|player|p2|tessa scarlet|2|1426
|gen|9
|tier|[Gen 9] VGC 2025 Reg H (Bo3)
|rated|
|rule|Species Clause: Limit one of each Pokémon
|rule|Item Clause: Limit 1 of each item
|clearpoke
|poke|p1|Basculegion, L50, M|
|poke|p1|Pelipper, L50, M|
|poke|p1|Archaludon, L50, F|
|poke|p1|Incineroar, L50, M|
|poke|p1|Gholdengo, L50|
|poke|p1|Amoonguss, L50, M|
|poke|p2|Gholdengo, L50|
|poke|p2|Annihilape, L50, F|
|poke|p2|Volcarona, L50, M|
|poke|p2|Dragonite, L50, M|
|poke|p2|Ninetales-Alola, L50, M|
|poke|p2|Ursaluna-Bloodmoon, L50, M|
|teampreview|4
|showteam|p1|Basculegion||ChoiceBand|SwiftSwim|WaveCrash,LastRespects,AquaJet,FlipTurn|||M|||50|,,,,,Water]Pelipper||FocusSash|Drizzle|WeatherBall,Hurricane,Tailwind,Protect|||M|||50|,,,,,Ghost]Archaludon||AssaultVest|Stamina|ElectroShot,DragonPulse,FlashCannon,BodyPress|||F|||50|,,,,,Grass]Incineroar||SafetyGoggles|Intimidate|KnockOff,Taunt,PartingShot,FakeOut|||M|||50|,,,,,Ghost]Gholdengo||LifeOrb|GoodasGold|MakeItRain,ShadowBall,NastyPlot,Protect||||||50|,,,,,Water]Amoonguss||SitrusBerry|Regenerator|Spore,PollenPuff,RagePowder,Protect|||M|||50|,,,,,Psychic
|showteam|p2|Gholdengo||LifeOrb|GoodasGold|NastyPlot,MakeItRain,ShadowBall,Protect||||||50|,,,,,Water]Annihilape||SafetyGoggles|Defiant|DrainPunch,RageFist,BulkUp,Protect|||F|||50|,,,,,Fire]Volcarona||CovertCloak|FlameBody|StruggleBug,Overheat,RagePowder,Tailwind|||M|||50|,,,,,Fairy]Dragonite||LoadedDice|Multiscale|ScaleShot,Haze,ExtremeSpeed,Protect|||M|||50|,,,,,Fairy]Ninetales-Alola||LightClay|SnowWarning|Blizzard,IcyWind,IcicleSpear,AuroraVeil|||M|||50|,,,,,Ghost]Ursaluna-Bloodmoon||AssaultVest|MindsEye|BloodMoon,HyperVoice,EarthPower,VacuumWave|||M|||50|,,,,,Water
|
|t:|1756586290
|teamsize|p1|4
|teamsize|p2|4
|start
|switch|p1a: Pelipper|Pelipper, L50, M|100/100
|switch|p1b: Basculegion|Basculegion, L50, M|100/100
|switch|p2a: Gholdengo|Gholdengo, L50|100/100
|switch|p2b: Dragonite|Dragonite, L50, M|100/100
|-weather|RainDance|[from] ability: Drizzle|[of] p1a: Pelipper
|turn|1
|
|t:|1756586338
|-terastallize|p1b: Basculegion|Water
|move|p2a: Gholdengo|Protect|p2a: Gholdengo
|-singleturn|p2a: Gholdengo|Protect
|move|p1b: Basculegion|Flip Turn|p2a: Gholdengo
|-activate|p2a: Gholdengo|move: Protect
|move|p2b: Dragonite|Scale Shot|p1b: Basculegion
|-damage|p1b: Basculegion|80/100
|-damage|p1b: Basculegion|62/100
|-damage|p1b: Basculegion|42/100
|-damage|p1b: Basculegion|23/100
|-damage|p1b: Basculegion|4/100
|-hitcount|p1b: Basculegion|5
|-unboost|p2b: Dragonite|def|1
|-boost|p2b: Dragonite|spe|1
|move|p1a: Pelipper|Tailwind|p1a: Pelipper
|-sidestart|p1: SbonghiSupreme|move: Tailwind
|
|-weather|RainDance|[upkeep]
|upkeep
|turn|2
|
|t:|1756586384
|switch|p2b: Ninetales|Ninetales-Alola, L50, M|100/100
|-weather|Snowscape|[from] ability: Snow Warning|[of] p2b: Ninetales
|move|p1b: Basculegion|Flip Turn|p2b: Ninetales
|-damage|p2b: Ninetales|51/100
|
|t:|1756586390
|switch|p1b: Archaludon|Archaludon, L50, F|100/100|[from] Flip Turn
|move|p1a: Pelipper|Weather Ball|p2b: Ninetales
|-resisted|p2b: Ninetales
|-damage|p2b: Ninetales|38/100
|move|p2a: Gholdengo|Nasty Plot|p2a: Gholdengo
|-boost|p2a: Gholdengo|spa|2
|
|-weather|Snowscape|[upkeep]
|upkeep
|turn|3
|
|t:|1756586431
|switch|p1a: Gholdengo|Gholdengo, L50|100/100
|switch|p2b: Ursaluna|Ursaluna-Bloodmoon, L50, M|100/100
|move|p1b: Archaludon|Flash Cannon|p2b: Ursaluna
|-damage|p2b: Ursaluna|71/100
|move|p2a: Gholdengo|Shadow Ball|p1b: Archaludon
|-damage|p1b: Archaludon|26/100
|-ability|p1b: Archaludon|Stamina|boost
|-boost|p1b: Archaludon|def|1
|-damage|p2a: Gholdengo|91/100|[from] item: Life Orb
|
|-weather|Snowscape|[upkeep]
|upkeep
|turn|4
|
|t:|1756586458
|move|p2a: Gholdengo|Protect|p2a: Gholdengo
|-singleturn|p2a: Gholdengo|Protect
|move|p1a: Gholdengo|Make It Rain|p2b: Ursaluna|[spread] p2b
|-activate|p2a: Gholdengo|move: Protect
|-damage|p2b: Ursaluna|29/100
|-unboost|p1a: Gholdengo|spa|1
|-damage|p1a: Gholdengo|91/100|[from] item: Life Orb
|move|p1b: Archaludon|Body Press|p2b: Ursaluna
|-supereffective|p2b: Ursaluna
|-damage|p2b: Ursaluna|0 fnt
|faint|p2b: Ursaluna
|
|-weather|Snowscape|[upkeep]
|-sideend|p1: SbonghiSupreme|move: Tailwind
|upkeep
|
|t:|1756586469
|switch|p2b: Dragonite|Dragonite, L50, M|100/100
|turn|5
|
|t:|1756586490
|-terastallize|p2a: Gholdengo|Water
|move|p1a: Gholdengo|Protect|p1a: Gholdengo
|-singleturn|p1a: Gholdengo|Protect
|move|p2a: Gholdengo|Shadow Ball|p1b: Archaludon
|-damage|p1b: Archaludon|0 fnt
|faint|p1b: Archaludon
|-damage|p2a: Gholdengo|82/100|[from] item: Life Orb
|move|p2b: Dragonite|Scale Shot|p1a: Gholdengo
|-activate|p1a: Gholdengo|move: Protect
|
|-weather|Snowscape|[upkeep]
|upkeep
|
|t:|1756586512
|switch|p1b: Basculegion|Basculegion, L50, M, tera:Water|4/100
|turn|6
|
|t:|1756586573
|switch|p1b: Pelipper|Pelipper, L50, M|100/100
|-weather|RainDance|[from] ability: Drizzle|[of] p1b: Pelipper
|move|p2b: Dragonite|Extreme Speed|p1b: Pelipper
|-damage|p1b: Pelipper|63/100
|move|p2a: Gholdengo|Shadow Ball|p1a: Gholdengo
|-supereffective|p1a: Gholdengo
|-damage|p1a: Gholdengo|0 fnt
|faint|p1a: Gholdengo
|-damage|p2a: Gholdengo|72/100|[from] item: Life Orb
|
|-weather|RainDance|[upkeep]
|upkeep
|-message|SbonghiSupreme forfeited.
|
|win|tessa scarlet
|raw|SbonghiSupreme's rating: 1349 → 1333(-16 for losing)
|raw|tessa scarlet's rating: 1426 → 1442(+16 for winning)
