|j|☆washingtongargacha
|j|☆fosa25
|html|washingtongargachafosa25    
|uhtml|bestof|Game 1 of a best-of-3
|t:|1756938633
|gametype|doubles
|player|p1|washingtongargacha|265|1154
|player|p2|fosa25|psychicf|1231
|gen|9
|tier|[Gen 9] VGC 2025 Reg H (Bo3)
|rated|
|rule|Species Clause: Limit one of each Pokémon
|rule|Item Clause: Limit 1 of each item
|clearpoke
|poke|p1|Talonflame, L50, M|
|poke|p1|Gholdengo, L50|
|poke|p1|Dragonite, L50, M|
|poke|p1|Archaludon, L50, M|
|poke|p1|Tyranitar, L50, F|
|poke|p1|Garchomp, L50, M|
|poke|p2|Gholdengo, L50|
|poke|p2|Magmar, L50, M|
|poke|p2|Dragonite, L50, F|
|poke|p2|Dondozo, L50, M|
|poke|p2|Rillaboom, L50, F|
|poke|p2|Annihilape, L50, F|
|teampreview|4
|showteam|p1|Talonflame||CovertCloak|GaleWings|Tailwind,BraveBird,Taunt,WillOWisp|||M|||50|,,,,,Ghost]Gholdengo||ChoiceSpecs|GoodasGold|MakeItRain,SteelBeam,ShadowBall,PowerGem||||||50|,,,,,Steel]Dragonite||LoadedDice|Multiscale|ScaleShot,IceSpinner,Haze,Protect|||M|||50|,,,,,Steel]Archaludon||PowerHerb|Sturdy|FlashCannon,ElectroShot,DracoMeteor,Protect|||M|||50|,,,,,Flying]Tyranitar||AssaultVest|SandStream|KnockOff,RockSlide,TeraBlast,LowKick|||F|||50|,,,,,Flying]Garchomp||LifeOrb|RoughSkin|DragonClaw,StompingTantrum,Earthquake,Protect|||M|||50|,,,,,Steel
|showteam|p2|Gholdengo||LifeOrb|GoodasGold|Protect,NastyPlot,MakeItRain,ShadowBall||||||50|,,,,,Water]Magmar||Eviolite|VitalSpirit|Taunt,WillOWisp,FollowMe,HeatWave|||M|||50|,,,,,Ghost]Dragonite||LoadedDice|Multiscale|Protect,Haze,Tailwind,ScaleShot|||F|||50|,,,,,Fairy]Dondozo||Leftovers|Unaware|Protect,Yawn,WaveCrash,Fissure|||M|||50|,,,,,Fairy]Rillaboom||AssaultVest|GrassySurge|FakeOut,GrassyGlide,WoodHammer,Uturn|||F|||50|,,,,,Fire]Annihilape||SafetyGoggles|Defiant|Protect,BulkUp,RageFist,DrainPunch|||F|||50|,,,,,Steel
|inactive|Battle timer is ON: inactive players will automatically lose when time's up. (requested by fosa25)
|inactive|washingtongargacha has 60 seconds left.
|inactive|fosa25 has 60 seconds left.
|inactive|fosa25 has 30 seconds left.
|inactive|fosa25 has 20 seconds left.
|inactive|fosa25 has 15 seconds left.
|inactive|fosa25 has 10 seconds left.
|
|t:|1756938717
|teamsize|p1|4
|teamsize|p2|4
|start
|switch|p1a: Talonflame|Talonflame, L50, M|100/100
|switch|p1b: Archaludon|Archaludon, L50, M|100/100
|switch|p2a: Gholdengo|Gholdengo, L50|100/100
|switch|p2b: Magmar|Magmar, L50, M|100/100
|turn|1
|
|t:|1756938739
|move|p1a: Talonflame|Taunt|p2b: Magmar
|-start|p2b: Magmar|move: Taunt
|move|p1b: Archaludon|Electro Shot||[still]
|-prepare|p1b: Archaludon|Electro Shot
|-boost|p1b: Archaludon|spa|1
|-enditem|p1b: Archaludon|Power Herb
|-anim|p1b: Archaludon|Electro Shot|p2a: Gholdengo
|-damage|p2a: Gholdengo|24/100
|move|p2a: Gholdengo|Nasty Plot|p2a: Gholdengo
|-boost|p2a: Gholdengo|spa|2
|cant|p2b: Magmar|move: Taunt|Taunt
|
|upkeep
|turn|2
|inactive|washingtongargacha has 30 seconds left.
|inactive|washingtongargacha has 20 seconds left.
|inactive|washingtongargacha has 15 seconds left.
|
|t:|1756938783
|move|p2a: Gholdengo|Protect|p2a: Gholdengo
|-singleturn|p2a: Gholdengo|Protect
|move|p1a: Talonflame|Brave Bird|p2b: Magmar
|-damage|p2b: Magmar|69/100
|-damage|p1a: Talonflame|90/100|[from] Recoil
|move|p1b: Archaludon|Flash Cannon|p2a: Gholdengo
|-activate|p2a: Gholdengo|move: Protect
|move|p2b: Magmar|Heat Wave|p1a: Talonflame|[spread] p1a,p1b
|-resisted|p1a: Talonflame
|-damage|p1a: Talonflame|76/100
|-damage|p1b: Archaludon|62/100
|
|upkeep
|turn|3
|inactive|washingtongargacha has 30 seconds left.
|
|t:|1756938809
|move|p1a: Talonflame|Brave Bird|p2a: Gholdengo
|-resisted|p2a: Gholdengo
|-damage|p2a: Gholdengo|6/100
|-damage|p1a: Talonflame|70/100|[from] Recoil
|move|p1b: Archaludon|Flash Cannon|p2a: Gholdengo
|-resisted|p2a: Gholdengo
|-damage|p2a: Gholdengo|0 fnt
|faint|p2a: Gholdengo
|move|p2b: Magmar|Heat Wave|p1b: Archaludon|[spread] p1a,p1b
|-resisted|p1a: Talonflame
|-damage|p1a: Talonflame|54/100
|-damage|p1b: Archaludon|24/100
|
|-end|p2b: Magmar|move: Taunt
|upkeep
|
|t:|1756938818
|switch|p2a: Dragonite|Dragonite, L50, F|100/100
|turn|4
|
|t:|1756938829
|move|p1b: Archaludon|Protect|p1b: Archaludon
|-singleturn|p1b: Archaludon|Protect
|move|p2b: Magmar|Follow Me|p2b: Magmar
|-singleturn|p2b: Magmar|move: Follow Me
|move|p1a: Talonflame|Tailwind|p1a: Talonflame
|-sidestart|p1: washingtongargacha|move: Tailwind
|move|p2a: Dragonite|Scale Shot|p1a: Talonflame
|-damage|p1a: Talonflame|37/100
|-damage|p1a: Talonflame|19/100
|-damage|p1a: Talonflame|3/100
|-damage|p1a: Talonflame|0 fnt
|faint|p1a: Talonflame
|-hitcount|p1: Talonflame|4
|-unboost|p2a: Dragonite|def|1
|-boost|p2a: Dragonite|spe|1
|
|upkeep
|
|t:|1756938851
|switch|p1a: Garchomp|Garchomp, L50, M|100/100
|turn|5
|inactive|fosa25 has 30 seconds left.
|inactive|washingtongargacha has 30 seconds left.
|
|t:|1756938889
|-terastallize|p1b: Archaludon|Flying
|-terastallize|p2a: Dragonite|Fairy
|move|p1a: Garchomp|Earthquake|p2a: Dragonite|[spread] p2a,p2b
|-immune|p1b: Archaludon
|-supereffective|p2b: Magmar
|-damage|p2a: Dragonite|64/100
|-damage|p2b: Magmar|0 fnt
|faint|p2b: Magmar
|-damage|p1a: Garchomp|91/100|[from] item: Life Orb
|move|p1b: Archaludon|Draco Meteor|p2a: Dragonite
|-immune|p2a: Dragonite
|move|p2a: Dragonite|Tailwind|p2a: Dragonite
|-sidestart|p2: fosa25|move: Tailwind
|
|upkeep
|
|t:|1756938896
|switch|p2b: Annihilape|Annihilape, L50, F|100/100
|turn|6
|
|t:|1756938909
|move|p2a: Dragonite|Scale Shot|p1a: Garchomp
|-supereffective|p1a: Garchomp
|-damage|p1a: Garchomp|64/100
|-supereffective|p1a: Garchomp
|-damage|p1a: Garchomp|34/100
|-supereffective|p1a: Garchomp
|-damage|p1a: Garchomp|4/100
|-supereffective|p1a: Garchomp
|-damage|p1a: Garchomp|0 fnt
|faint|p1a: Garchomp
|-hitcount|p1: Garchomp|4
|-unboost|p2a: Dragonite|def|1
|-boost|p2a: Dragonite|spe|1
|move|p1b: Archaludon|Flash Cannon|p2a: Dragonite
|-supereffective|p2a: Dragonite
|-damage|p2a: Dragonite|0 fnt
|faint|p2a: Dragonite
|move|p2b: Annihilape|Rage Fist|p1b: Archaludon
|-damage|p1b: Archaludon|2/100
|
|upkeep
|
|t:|1756938926
|switch|p1a: Gholdengo|Gholdengo, L50|100/100
|turn|7
|
|t:|1756938947
|move|p1b: Archaludon|Draco Meteor|p2b: Annihilape
|-damage|p2b: Annihilape|11/100
|-unboost|p1b: Archaludon|spa|2
|move|p2b: Annihilape|Rage Fist|p1b: Archaludon
|-damage|p1b: Archaludon|0 fnt
|faint|p1b: Archaludon
|move|p1a: Gholdengo|Shadow Ball|p2b: Annihilape
|-supereffective|p2b: Annihilape
|-damage|p2b: Annihilape|0 fnt
|faint|p2b: Annihilape
|
|win|washingtongargacha
