|j|☆parmesanlugubre206
|j|☆aqoursfan1
|html|parmesanlugubre206aqoursfan1    
|uhtml|bestof|Game 1 of a best-of-3
|t:|1785626235
|gametype|doubles
|player|p1|parmesanlugubre206|ethan|1150
|player|p2|aqoursfan1|anabel-gen7|1168
|gen|9
|tier|[Gen 9 Champions] VGC 2026 Reg M-B (Bo3)
|rated|
|rule|Species Clause: Limit one of each Pokémon
|rule|Item Clause: Limit 1 of each item
|clearpoke
|poke|p1|Victreebel, L50, F|
|poke|p1|Rotom-Heat, L50|
|poke|p1|Garchomp, L50, F|
|poke|p1|Basculegion, L50, M|
|poke|p1|Sneasler, L50, F|
|poke|p1|Kingambit, L50, F|
|poke|p2|Raichu, L50, M|
|poke|p2|Gengar, L50, F|
|poke|p2|Incineroar, L50, F|
|poke|p2|Ninetales-Alola, L50, F, shiny|
|poke|p2|Volcarona, L50, F, shiny|
|poke|p2|Kommo-o, L50, F|
|teampreview|4
|showteam|p1|Victreebel||Victreebelite|Chlorophyll|GigaDrain,SludgeBomb,SleepPowder,StrengthSap|Modest||F|||50|]Rotom-Heat||SitrusBerry|Levitate|LightScreen,Overheat,VoltSwitch,WillOWisp|Modest|||||50|]Garchomp||LifeOrb|RoughSkin|DragonClaw,Earthquake,StompingTantrum,Protect|Jolly||F|||50|]Basculegion||ChoiceScarf|Adaptability|WaveCrash,LastRespects,AquaJet,FlipTurn|Adamant||M|||50|]Sneasler||FocusSash|PoisonTouch|CloseCombat,PoisonJab,RockTomb,Protect|Jolly||F|||50|]Kingambit||BlackGlasses|Defiant|KowtowCleave,SuckerPunch,LowKick,Protect|Adamant||F|||50|
|showteam|p2|Raichu||RaichuniteX|LightningRod|VoltTackle,VoltSwitch,FakeOut,Protect|Jolly||M|||50|]Gengar||Gengarite|CursedBody|ShadowBall,SludgeBomb,Substitute,Protect|Modest||F|||50|]Incineroar||PasshoBerry|Intimidate|FlareBlitz,ThroatChop,PartingShot,FakeOut|Adamant||F|||50|]Ninetales-Alola||ChoiceScarf|SnowWarning|Blizzard,FreezeDry,IcyWind,Moonblast|Timid||F|||50|]Volcarona||SitrusBerry|FlameBody|Flamethrower,StruggleBug,RagePowder,Protect|Bold||F|||50|]Kommo-o||Leftovers|Soundproof|ClangingScales,AuraSphere,ClangorousSoul,Protect|Modest||F|||50|
|inactive|Battle timer is ON: inactive players will automatically lose when time's up. (requested by parmesanlugubre206)
|inactive|aqoursfan1 also wants the timer to be on.
|inactive|parmesanlugubre206 has 60 seconds left.
|inactive|aqoursfan1 has 60 seconds left.
|
|t:|1785626275
|teamsize|p1|4
|teamsize|p2|4
|start
|switch|p1a: Rotom|Rotom-Heat, L50|100/100
|switch|p1b: Victreebel|Victreebel, L50, F|100/100
|switch|p2a: Gengar|Gengar, L50, F|100/100
|switch|p2b: Volcarona|Volcarona, L50, F, shiny|100/100
|turn|1
|
|t:|1785626286
|detailschange|p2a: Gengar|Gengar-Mega, L50, F
|-mega|p2a: Gengar|Gengar|Gengarite
|detailschange|p1b: Victreebel|Victreebel-Mega, L50, F
|-mega|p1b: Victreebel|Victreebel|Victreebelite
|move|p2a: Gengar|Protect|p2a: Gengar
|-singleturn|p2a: Gengar|Protect
|move|p2b: Volcarona|Struggle Bug|p1b: Victreebel|[spread] p1a,p1b
|-resisted|p1a: Rotom|1
|-damage|p1a: Rotom|91/100
|-damage|p1b: Victreebel|81/100
|-unboost|p1a: Rotom|spa|1
|-unboost|p1b: Victreebel|spa|1
|move|p1a: Rotom|Overheat|p2b: Volcarona
|-damage|p2b: Volcarona|63/100
|-unboost|p1a: Rotom|spa|2
|move|p1b: Victreebel|Sludge Bomb|p2b: Volcarona
|-damage|p2b: Volcarona|30/100
|-enditem|p2b: Volcarona|Sitrus Berry|[eat]
|-heal|p2b: Volcarona|55/100|[from] item: Sitrus Berry
|
|upkeep
|turn|2
|
|t:|1785626307
|move|p2a: Gengar|Sludge Bomb|p1b: Victreebel
|-damage|p1b: Victreebel|28/100
|move|p2b: Volcarona|Flamethrower|p1b: Victreebel
|-supereffective|p1b: Victreebel|1
|-damage|p1b: Victreebel|0 fnt
|-damage|p2b: Volcarona|28/100|[from] ability: Innards Out|[of] p1b: Victreebel
|faint|p1b: Victreebel
|move|p1a: Rotom|Volt Switch|p2a: Gengar
|-crit|p2a: Gengar
|-damage|p2a: Gengar|48/100
|
|t:|1785626314
|switch|p1a: Kingambit|Kingambit, L50, F|100/100|[from] Volt Switch
|
|upkeep
|
|t:|1785626316
|switch|p1b: Basculegion|Basculegion, L50, M|100/100
|turn|3
|
|t:|1785626323
|move|p2b: Volcarona|Rage Powder|p2b: Volcarona
|-singleturn|p2b: Volcarona|move: Rage Powder
|move|p1b: Basculegion|Wave Crash|p2b: Volcarona
|-supereffective|p2b: Volcarona|1
|-damage|p2b: Volcarona|0 fnt
|faint|p2b: Volcarona
|-damage|p1b: Basculegion|90/100|[from] Recoil
|move|p2a: Gengar|Substitute|p2a: Gengar
|-start|p2a: Gengar|Substitute
|-damage|p2a: Gengar|23/100
|move|p1a: Kingambit|Kowtow Cleave|p2a: Gengar
|-supereffective|p2a: Gengar|1
|-end|p2a: Gengar|Substitute
|
|upkeep
|
|t:|1785626328
|switch|p2b: Kommo-o|Kommo-o, L50, F|100/100
|turn|4
|
|t:|1785626335
|move|p2a: Gengar|Protect|p2a: Gengar
|-singleturn|p2a: Gengar|Protect
|move|p1a: Kingambit|Protect|p1a: Kingambit
|-singleturn|p1a: Kingambit|Protect
|move|p1b: Basculegion|Wave Crash|p2a: Gengar
|-activate|p2a: Gengar|move: Protect
|move|p2b: Kommo-o|Clangorous Soul|p2b: Kommo-o
|-boost|p2b: Kommo-o|atk|1
|-boost|p2b: Kommo-o|def|1
|-boost|p2b: Kommo-o|spa|1
|-boost|p2b: Kommo-o|spd|1
|-boost|p2b: Kommo-o|spe|1
|-damage|p2b: Kommo-o|67/100
|
|-heal|p2b: Kommo-o|73/100|[from] item: Leftovers
|upkeep
|turn|5
|
|t:|1785626351
|move|p1a: Kingambit|Sucker Punch|p2b: Kommo-o
|-resisted|p2b: Kommo-o|1
|-damage|p2b: Kommo-o|57/100
|move|p2b: Kommo-o|Aura Sphere|p1a: Kingambit
|-supereffective|p1a: Kingambit|2
|-damage|p1a: Kingambit|0 fnt
|faint|p1a: Kingambit
|move|p1b: Basculegion|Wave Crash|p2a: Gengar
|-damage|p2a: Gengar|0 fnt
|faint|p2a: Gengar
|-damage|p1b: Basculegion|84/100|[from] Recoil
|
|-heal|p2b: Kommo-o|63/100|[from] item: Leftovers
|upkeep
|
|t:|1785626359
|switch|p2a: Ninetales|Ninetales-Alola, L50, F, shiny|100/100
|switch|p1a: Rotom|Rotom-Heat, L50|91/100
|-weather|Snowscape|[from] ability: Snow Warning|[of] p2a: Ninetales
|turn|6
|
|t:|1785626366
|move|p2a: Ninetales|Freeze-Dry|p1b: Basculegion
|-supereffective|p1b: Basculegion|1
|-damage|p1b: Basculegion|25/100
|move|p2b: Kommo-o|Clanging Scales|p1b: Basculegion|[spread] p1a,p1b
|-damage|p1a: Rotom|35/100
|-damage|p1b: Basculegion|0 fnt
|-enditem|p1a: Rotom|Sitrus Berry|[eat]
|-heal|p1a: Rotom|60/100|[from] item: Sitrus Berry
|faint|p1b: Basculegion
|-unboost|p2b: Kommo-o|def|1
|move|p1a: Rotom|Volt Switch|p2a: Ninetales
|-damage|p2a: Ninetales|65/100
|
|-weather|Snowscape|[upkeep]
|-heal|p2b: Kommo-o|69/100|[from] item: Leftovers
|upkeep
|turn|7
|
|t:|1785626377
|move|p2a: Ninetales|Freeze-Dry|p1a: Rotom
|-resisted|p1a: Rotom|1
|-damage|p1a: Rotom|47/100
|move|p2b: Kommo-o|Clanging Scales|p1a: Rotom
|-damage|p1a: Rotom|0 fnt
|faint|p1a: Rotom
|
|win|aqoursfan1
