|j|☆HEDGEHOGMEOW
|j|☆ferchoxx
|html|HEDGEHOGMEOWferchoxx    
|uhtml|bestof|Game 1 of a best-of-3
|t:|1786036416
|gametype|doubles
|player|p1|HEDGEHOGMEOW|266|1313
|player|p2|ferchoxx|ghetsis|1349
|gen|9
|tier|[Gen 9 Champions] VGC 2026 Reg M-B (Bo3)
|rated|
|rule|Species Clause: Limit one of each Pokémon
|rule|Item Clause: Limit 1 of each item
|clearpoke
|poke|p1|Froslass, L50, F|
|poke|p1|Scovillain, L50, M|
|poke|p1|Lycanroc-Dusk, L50, M|
|poke|p1|Sneasler, L50, M|
|poke|p1|Kingambit, L50, F|
|poke|p1|Basculegion, L50, M|
|poke|p2|Tyranitar, L50, M|
|poke|p2|Staraptor, L50, F|
|poke|p2|Excadrill, L50, M|
|poke|p2|Gholdengo, L50|
|poke|p2|Milotic, L50, M|
|poke|p2|Sinistcha, L50|
|teampreview|4
|showteam|p1|Froslass||Froslassite|CursedBody|Blizzard,ShadowBall,AuroraVeil,Protect|Modest||F|||50|]Scovillain||Scovillainite|Moody|Overheat,GigaDrain,RagePowder,Protect|Bold||M|||50|]Lycanroc-Dusk||FocusSash|ToughClaws|Accelerock,RockSlide,CloseCombat,Protect|Adamant||M|||50|]Sneasler||WhiteHerb|Unburden|FakeOut,CloseCombat,DireClaw,Protect|Jolly||M|||50|]Kingambit||BlackGlasses|Defiant|SuckerPunch,KowtowCleave,SwordsDance,Protect|Adamant||F|||50|]Basculegion||SitrusBerry|Adaptability|WaveCrash,AquaJet,LastRespects,Protect|Adamant||M|||50|
|showteam|p2|Tyranitar||Tyranitarite|SandStream|RockSlide,KnockOff,HighHorsepower,Protect|Adamant||M|||50|]Staraptor||Staraptite|Intimidate|BraveBird,CloseCombat,Tailwind,Protect|Jolly||F|||50|]Excadrill||FocusSash|SandRush|HighHorsepower,IronHead,RockSlide,Protect|Jolly||M|||50|]Gholdengo||LifeOrb|GoodasGold|MakeItRain,ShadowBall,NastyPlot,Protect|Timid|||||50|]Milotic||SitrusBerry|Competitive|Protect,IceBeam,Scald,IcyWind|Bold||M|||50|]Sinistcha||ColburBerry|Hospitality|MatchaGotcha,RagePowder,TrickRoom,Protect|Bold|||||50|
|inactive|Battle timer is ON: inactive players will automatically lose when time's up. (requested by ferchoxx)
|inactive|HEDGEHOGMEOW has 60 seconds left.
|inactive|ferchoxx has 60 seconds left.
|inactive|HEDGEHOGMEOW has 30 seconds left.
|inactive|ferchoxx has 30 seconds left.
|inactive|HEDGEHOGMEOW has 20 seconds left.
|inactive|ferchoxx has 20 seconds left.
|inactive|HEDGEHOGMEOW has 15 seconds left.
|inactive|ferchoxx has 15 seconds left.
|inactive|ferchoxx has 10 seconds left.
|inactive|ferchoxx has 5 seconds left.
|
|t:|1786036507
|teamsize|p1|4
|teamsize|p2|4
|start
|switch|p1a: Scovillain|Scovillain, L50, M|100/100
|switch|p1b: Kingambit|Kingambit, L50, F|100/100
|switch|p2a: Excadrill|Excadrill, L50, M|100/100
|switch|p2b: Tyranitar|Tyranitar, L50, M|100/100
|-weather|Sandstorm|[from] ability: Sand Stream|[of] p2b: Tyranitar
|turn|1
|inactive|HEDGEHOGMEOW has 30 seconds left.
|inactive|ferchoxx has 30 seconds left.
|
|t:|1786036535
|detailschange|p2b: Tyranitar|Tyranitar-Mega, L50, M
|-mega|p2b: Tyranitar|Tyranitar|Tyranitarite
|detailschange|p1a: Scovillain|Scovillain-Mega, L50, M
|-mega|p1a: Scovillain|Scovillain|Scovillainite
|move|p1a: Scovillain|Rage Powder|p1a: Scovillain
|-singleturn|p1a: Scovillain|move: Rage Powder
|move|p2a: Excadrill|Rock Slide|p1a: Scovillain|[spread] p1a,p1b
|-supereffective|p1a: Scovillain|1
|-resisted|p1b: Kingambit|1
|-damage|p1a: Scovillain|62/100
|-damage|p1b: Kingambit|92/100
|-status|p2a: Excadrill|brn|[from] ability: Spicy Spray|[of] p1a: Scovillain
|move|p2b: Tyranitar|Rock Slide|p1a: Scovillain|[spread] p1b
|-miss|p2b: Tyranitar|p1a: Scovillain
|-resisted|p1b: Kingambit|1
|-damage|p1b: Kingambit|77/100
|move|p1b: Kingambit|Swords Dance|p1b: Kingambit
|-boost|p1b: Kingambit|atk|2
|
|-weather|Sandstorm|[upkeep]
|-damage|p1a: Scovillain|56/100|[from] Sandstorm
|-damage|p2a: Excadrill|94/100 brn|[from] brn
|upkeep
|turn|2
|inactive|HEDGEHOGMEOW has 30 seconds left.
|inactive|ferchoxx has 30 seconds left.
|
|t:|1786036561
|move|p1b: Kingambit|Sucker Punch|p2a: Excadrill
|-damage|p2a: Excadrill|0 fnt
|faint|p2a: Excadrill
|move|p2b: Tyranitar|Rock Slide|p1b: Kingambit|[spread] p1a
|-miss|p2b: Tyranitar|p1b: Kingambit
|-supereffective|p1a: Scovillain|1
|-crit|p1a: Scovillain
|-damage|p1a: Scovillain|0 fnt
|-status|p2b: Tyranitar|brn|[from] ability: Spicy Spray|[of] p1a: Scovillain
|faint|p1a: Scovillain
|
|-weather|Sandstorm|[upkeep]
|-damage|p2b: Tyranitar|93/100 brn|[from] brn
|upkeep
|
|t:|1786036578
|switch|p2a: Sinistcha|Sinistcha, L50|100/100
|switch|p1a: Lycanroc|Lycanroc-Dusk, L50, M|100/100
|-heal|p2b: Tyranitar|100/100 brn|[from] ability: Hospitality|[of] p2a: Sinistcha
|turn|3
|
|t:|1786036600
|move|p2b: Tyranitar|Protect|p2b: Tyranitar
|-singleturn|p2b: Tyranitar|Protect
|move|p1a: Lycanroc|Rock Slide|p2a: Sinistcha|[spread] p2a
|-activate|p2b: Tyranitar|move: Protect
|-damage|p2a: Sinistcha|76/100
|move|p2a: Sinistcha|Matcha Gotcha|p1b: Kingambit|[spread] p1a,p1b
|-supereffective|p1a: Lycanroc|1
|-resisted|p1b: Kingambit|1
|-damage|p1a: Lycanroc|44/100
|-heal|p2a: Sinistcha|100/100|[from] drain|[of] p1a: Lycanroc
|-damage|p1b: Kingambit|65/100
|move|p1b: Kingambit|Kowtow Cleave|p2a: Sinistcha
|-supereffective|p2a: Sinistcha|1
|-enditem|p2a: Sinistcha|Colbur Berry|[eat]
|-enditem|p2a: Sinistcha|Colbur Berry|[weaken]
|-damage|p2a: Sinistcha|0 fnt
|faint|p2a: Sinistcha
|
|-weather|Sandstorm|[upkeep]
|-damage|p2b: Tyranitar|93/100 brn|[from] brn
|upkeep
|
|t:|1786036619
|switch|p2a: Gholdengo|Gholdengo, L50|100/100
|turn|4
|
|t:|1786036637
|move|p1b: Kingambit|Sucker Punch||[still]
|-fail|p1b: Kingambit
|move|p1a: Lycanroc|Close Combat|p2b: Tyranitar
|-supereffective|p2b: Tyranitar|2
|-damage|p2b: Tyranitar|0 fnt
|-unboost|p1a: Lycanroc|def|1
|-unboost|p1a: Lycanroc|spd|1
|faint|p2b: Tyranitar
|move|p2a: Gholdengo|Nasty Plot|p2a: Gholdengo
|-boost|p2a: Gholdengo|spa|2
|
|-weather|Sandstorm|[upkeep]
|upkeep
|turn|5
|
|t:|1786036653
|switch|p1a: Basculegion|Basculegion, L50, M|100/100
|move|p1b: Kingambit|Sucker Punch||[still]
|-fail|p1b: Kingambit
|move|p2a: Gholdengo|Nasty Plot|p2a: Gholdengo
|-boost|p2a: Gholdengo|spa|2
|
|-weather|none
|upkeep
|turn|6
|
|t:|1786036663
|move|p1b: Kingambit|Sucker Punch|p2a: Gholdengo
|-supereffective|p2a: Gholdengo|1
|-damage|p2a: Gholdengo|0 fnt
|faint|p2a: Gholdengo
|
|win|HEDGEHOGMEOW
