|j|☆teyvgc
|j|☆TheDark69420
|html|teyvgcTheDark69420    
|uhtml|bestof|Game 2 of a best-of-3
|t:|1782361955
|gametype|doubles
|player|p1|teyvgc|rood|1105
|player|p2|TheDark69420|170|1165
|gen|9
|tier|[Gen 9 Champions] VGC 2026 Reg M-B (Bo3)
|rated|
|rule|Species Clause: Limit one of each Pokémon
|rule|Item Clause: Limit 1 of each item
|clearpoke
|poke|p1|Pyroar, L50, M|
|poke|p1|Ninetales, L50, M|
|poke|p1|Whimsicott, L50, F|
|poke|p1|Floette-Eternal, L50, F|
|poke|p1|Basculegion, L50, M|
|poke|p1|Farigiraf, L50, F|
|poke|p2|Hydreigon, L50, M|
|poke|p2|Garchomp, L50, F|
|poke|p2|Metagross, L50|
|poke|p2|Charizard, L50, M|
|poke|p2|Grimmsnarl, L50, M|
|poke|p2|Toxapex, L50, F|
|teampreview|4
|showteam|p1|Pyroar||Pyroarite|Unnerve|HeatWave,Overheat,SolarBeam,Protect|Timid||M|||50|]Ninetales||ChoiceScarf|Drought|HeatWave,Overheat,SolarBeam,FakeTears|Modest||M|||50|]Whimsicott||FocusSash|Prankster|Moonblast,Tailwind,SunnyDay,Protect|Timid||F|||50|]Floette-Eternal||Floettite|FlowerVeil|Moonblast,LightofRuin,DazzlingGleam,Protect|Modest||F|||50|]Basculegion||LifeOrb|Adaptability|WaveCrash,LastRespects,AquaJet,Protect|Adamant||M|||50|]Farigiraf||SitrusBerry|ArmorTail|Psychic,Thunderbolt,TrickRoom,HelpingHand|Bold||F|||50|
|showteam|p2|Hydreigon||ChoiceScarf|Levitate|HeatWave,DarkPulse,DracoMeteor,Snarl|Modest||M|||50|]Garchomp||SitrusBerry|RoughSkin|Earthquake,RockSlide,DragonClaw,Protect|Adamant||F|||50|]Metagross||Metagrossite|ClearBody|IronHead,HammerArm,BulletPunch,Protect|Adamant|||||50|]Charizard||CharizarditeY|Blaze|Protect,HeatWave,SolarBeam,WeatherBall|Timid||M|||50|]Grimmsnarl||RoseliBerry|Prankster|FakeOut,FoulPlay,Reflect,PartingShot|Relaxed||M|||50|]Toxapex||Leftovers|Regenerator|Infestation,Toxic,BanefulBunker,WideGuard|Bold||F|||50|
|
|t:|1782361975
|teamsize|p1|4
|teamsize|p2|4
|start
|switch|p1a: Ninetales|Ninetales, L50, M|100/100
|switch|p1b: Floette|Floette-Eternal, L50, F|100/100
|switch|p2a: Toxapex|Toxapex, L50, F|100/100
|switch|p2b: Garchomp|Garchomp, L50, F|100/100
|-weather|SunnyDay|[from] ability: Drought|[of] p1a: Ninetales
|turn|1
|j| nanatempe
|
|t:|1782362003
|detailschange|p1b: Floette|Floette-Mega, L50, F
|-mega|p1b: Floette|Floette|Floettite
|-ability|p1b: Floette|Fairy Aura
|move|p2a: Toxapex|Wide Guard|p2a: Toxapex
|-singleturn|p2a: Toxapex|Wide Guard
|move|p1a: Ninetales|Solar Beam||[still]
|-prepare|p1a: Ninetales|Solar Beam
|-anim|p1a: Ninetales|Solar Beam|p2a: Toxapex
|-damage|p2a: Toxapex|71/100
|move|p1b: Floette|Moonblast|p2b: Garchomp
|-supereffective|p2b: Garchomp|1
|-damage|p2b: Garchomp|0 fnt
|faint|p2b: Garchomp
|
|-weather|SunnyDay|[upkeep]
|-heal|p2a: Toxapex|77/100|[from] item: Leftovers
|upkeep
|
|t:|1782362014
|switch|p2b: Charizard|Charizard, L50, M|100/100
|turn|2
|l| nanatempe
|
|t:|1782362025
|detailschange|p2b: Charizard|Charizard-Mega-Y, L50, M
|-mega|p2b: Charizard|Charizard|Charizardite Y
|move|p1b: Floette|Protect|p1b: Floette
|-singleturn|p1b: Floette|Protect
|move|p1a: Ninetales|Solar Beam||[still]
|-prepare|p1a: Ninetales|Solar Beam
|-anim|p1a: Ninetales|Solar Beam|p2a: Toxapex
|-damage|p2a: Toxapex|51/100
|move|p2b: Charizard|Heat Wave|p1b: Floette|[spread] p1a
|-activate|p1b: Floette|move: Protect
|-resisted|p1a: Ninetales|1
|-damage|p1a: Ninetales|68/100
|move|p2a: Toxapex|Infestation|p1b: Floette
|-activate|p1b: Floette|move: Protect
|
|-weather|SunnyDay|[upkeep]
|-heal|p2a: Toxapex|57/100|[from] item: Leftovers
|upkeep
|turn|3
|
|t:|1782362045
|switch|p1b: Basculegion|Basculegion, L50, M|100/100
|move|p1a: Ninetales|Solar Beam||[still]
|-prepare|p1a: Ninetales|Solar Beam
|-anim|p1a: Ninetales|Solar Beam|p2a: Toxapex
|-damage|p2a: Toxapex|31/100
|move|p2b: Charizard|Heat Wave|p1b: Basculegion|[spread] p1a,p1b
|-resisted|p1a: Ninetales|1
|-resisted|p1b: Basculegion|1
|-damage|p1a: Ninetales|36/100
|-damage|p1b: Basculegion|69/100
|move|p2a: Toxapex|Infestation|p1b: Basculegion
|-resisted|p1b: Basculegion|1
|-damage|p1b: Basculegion|67/100
|-activate|p1b: Basculegion|move: Infestation|[of] p2a: Toxapex
|
|-weather|SunnyDay|[upkeep]
|-heal|p2a: Toxapex|37/100|[from] item: Leftovers
|-damage|p1b: Basculegion|55/100|[from] move: Infestation|[partiallytrapped]
|upkeep
|turn|4
|
|t:|1782362073
|move|p2a: Toxapex|Baneful Bunker|p2a: Toxapex
|-singleturn|p2a: Toxapex|move: Protect
|move|p1a: Ninetales|Solar Beam||[still]
|-prepare|p1a: Ninetales|Solar Beam
|-anim|p1a: Ninetales|Solar Beam|p2a: Toxapex
|-activate|p2a: Toxapex|move: Protect
|move|p2b: Charizard|Solar Beam||[still]
|-prepare|p2b: Charizard|Solar Beam
|-anim|p2b: Charizard|Solar Beam|p1b: Basculegion
|-supereffective|p1b: Basculegion|1
|-damage|p1b: Basculegion|0 fnt
|faint|p1b: Basculegion
|
|-weather|SunnyDay|[upkeep]
|-heal|p2a: Toxapex|43/100|[from] item: Leftovers
|upkeep
|
|t:|1782362086
|switch|p1b: Farigiraf|Farigiraf, L50, F|100/100
|turn|5
|
|t:|1782362094
|move|p1a: Ninetales|Solar Beam||[still]
|-prepare|p1a: Ninetales|Solar Beam
|-anim|p1a: Ninetales|Solar Beam|p2a: Toxapex
|-damage|p2a: Toxapex|14/100
|move|p2b: Charizard|Heat Wave|p1b: Farigiraf|[spread] p1a,p1b
|-resisted|p1a: Ninetales|1
|-damage|p1a: Ninetales|3/100
|-damage|p1b: Farigiraf|45/100
|-enditem|p1b: Farigiraf|Sitrus Berry|[eat]
|-heal|p1b: Farigiraf|70/100|[from] item: Sitrus Berry
|move|p1b: Farigiraf|Thunderbolt|p2b: Charizard
|-supereffective|p2b: Charizard|1
|-damage|p2b: Charizard|56/100
|move|p2a: Toxapex|Infestation|p1b: Farigiraf
|-supereffective|p1b: Farigiraf|1
|-damage|p1b: Farigiraf|63/100
|-activate|p1b: Farigiraf|move: Infestation|[of] p2a: Toxapex
|
|-weather|none
|-heal|p2a: Toxapex|20/100y|[from] item: Leftovers
|-damage|p1b: Farigiraf|51/100|[from] move: Infestation|[partiallytrapped]
|upkeep
|turn|6
|
|t:|1782362121
|move|p1a: Ninetales|Solar Beam||[still]
|-prepare|p1a: Ninetales|Solar Beam
|move|p2b: Charizard|Heat Wave|p1b: Farigiraf|[spread] p1a,p1b
|-resisted|p1a: Ninetales|1
|-damage|p1a: Ninetales|0 fnt
|-damage|p1b: Farigiraf|20/100r
|faint|p1a: Ninetales
|move|p2a: Toxapex|Toxic|p1b: Farigiraf
|-status|p1b: Farigiraf|tox
|move|p1b: Farigiraf|Trick Room|p1b: Farigiraf
|-fieldstart|move: Trick Room|[of] p1b: Farigiraf
|
|-heal|p2a: Toxapex|26/100|[from] item: Leftovers
|-damage|p1b: Farigiraf|14/100 tox|[from] psn
|-damage|p1b: Farigiraf|1/100 tox|[from] move: Infestation|[partiallytrapped]
|upkeep
|
|t:|1782362131
|switch|p1a: Floette|Floette-Mega, L50, F|100/100
|-ability|p1a: Floette|Fairy Aura
|turn|7
|
|t:|1782362143
|move|p1b: Farigiraf|Helping Hand|p1a: Floette
|-singleturn|p1a: Floette|Helping Hand|[of] p1b: Farigiraf
|move|p2a: Toxapex|Baneful Bunker|p2a: Toxapex
|-singleturn|p2a: Toxapex|move: Protect
|move|p2b: Charizard|Protect|p2b: Charizard
|-singleturn|p2b: Charizard|Protect
|move|p1a: Floette|Moonblast|p2a: Toxapex
|-activate|p2a: Toxapex|move: Protect
|
|-heal|p2a: Toxapex|31/100|[from] item: Leftovers
|-damage|p1b: Farigiraf|0 fnt|[from] psn
|faint|p1b: Farigiraf
|upkeep
|turn|8
|
|t:|1782362158
|switch|p2b: Hydreigon|Hydreigon, L50, M|100/100
|move|p2a: Toxapex|Toxic|p1a: Floette
|-status|p1a: Floette|tox
|move|p1a: Floette|Light of Ruin|p2b: Hydreigon
|-supereffective|p2b: Hydreigon|2
|-damage|p2b: Hydreigon|0 fnt
|faint|p2b: Hydreigon
|-damage|p1a: Floette|41/100 tox|[from] Recoil
|
|-heal|p2a: Toxapex|37/100|[from] item: Leftovers
|-damage|p1a: Floette|35/100 tox|[from] psn
|upkeep
|
|t:|1782362165
|switch|p2b: Charizard|Charizard-Mega-Y, L50, M|56/100
|-weather|SunnyDay|[from] ability: Drought|[of] p2b: Charizard
|turn|9
|
|t:|1782362179
|move|p2a: Toxapex|Infestation|p1a: Floette
|-resisted|p1a: Floette|1
|-damage|p1a: Floette|34/100 tox
|-activate|p1a: Floette|move: Infestation|[of] p2a: Toxapex
|move|p1a: Floette|Light of Ruin|p2b: Charizard
|-resisted|p2b: Charizard|1
|-damage|p2b: Charizard|0 fnt
|faint|p2b: Charizard
|-damage|p1a: Floette|1/100 tox|[from] Recoil
|
|-weather|SunnyDay|[upkeep]
|-heal|p2a: Toxapex|43/100|[from] item: Leftovers
|-damage|p1a: Floette|0 fnt|[from] psn
|faint|p1a: Floette
|
|win|TheDark69420
|raw|teyvgc's rating: 1105 → 1084(-21 for losing)
|raw|TheDark69420's rating: 1165 → 1186(+21 for winning)
