|j|☆heatvw
|j|☆buf29 armonica
|html|heatvwbuf29 armonica    
|uhtml|bestof|Game 1 of a best-of-3
|t:|1756582316
|gametype|doubles
|player|p1|heatvw|gambler|1137
|player|p2|buf29 armonica|grimsley|1043
|gen|9
|tier|[Gen 9] VGC 2025 Reg H (Bo3)
|rated|
|rule|Species Clause: Limit one of each Pokémon
|rule|Item Clause: Limit 1 of each item
|clearpoke
|poke|p1|Flamigo, L50, F|
|poke|p1|Ninetales-Alola, L50, F|
|poke|p1|Garchomp, L50, F|
|poke|p1|Incineroar, L50, M|
|poke|p1|Amoonguss, L50, F|
|poke|p1|Kingambit, L50, F|
|poke|p2|Porygon2, L50|
|poke|p2|Incineroar, L50, F|
|poke|p2|Jumpluff, L50, M|
|poke|p2|Charizard, L50, M|
|poke|p2|Ursaluna, L50, M|
|poke|p2|Torkoal, L50, F|
|teampreview|4
|showteam|p1|Flamigo||ChoiceBand|Scrappy|Uturn,CloseCombat,BraveBird,Facade|||F|||50|,,,,,Stellar]Ninetales-Alola||FocusSash|SnowWarning|Protect,Encore,IcyWind,Blizzard|||F|||50|,,,,,Ghost]Garchomp||LifeOrb|RoughSkin|DragonClaw,StompingTantrum,Earthquake,Protect|||F|||50|,,,,,Ground]Incineroar||SafetyGoggles|Intimidate|FakeOut,FlareBlitz,KnockOff,PartingShot|||M|||50|,,,,,Ghost]Amoonguss||SitrusBerry|Regenerator|Spore,RagePowder,PollenPuff,Protect|||F|||50|,,,,,Water]Kingambit||AssaultVest|Defiant|KowtowCleave,IronHead,LowKick,SuckerPunch|||F|||50|,,,,,Fire
|showteam|p2|Porygon2||Eviolite|Download|TeraBlast,IceBeam,Recover,TrickRoom||||||50|,,,,,Fighting]Incineroar||SitrusBerry|Intimidate|FakeOut,FlareBlitz,KnockOff,PartingShot|||F|||50|,,,,,Ghost]Jumpluff||CovertCloak|Chlorophyll|SleepPowder,Tailwind,SunnyDay,RagePowder|||M|||50|,,,,,Water]Charizard||ChoiceSpecs|SolarPower|HeatWave,WeatherBall,DragonPulse,Overheat|||M|||50|,,,,,Ghost]Ursaluna||FlameOrb|Guts|Protect,Earthquake,HeadlongRush,Facade|||M|||50|,,,,,Ghost]Torkoal||EjectPack|Drought|Eruption,Overheat,HelpingHand,Protect|||F|||50|,,,,,Fire
|inactive|Battle timer is ON: inactive players will automatically lose when time's up. (requested by buf29 armonica)
|inactive|heatvw also wants the timer to be on.
|inactive|heatvw has 60 seconds left.
|inactive|buf29 armonica has 60 seconds left.
|
|t:|1756582369
|teamsize|p1|4
|teamsize|p2|4
|start
|switch|p1a: Ninetales|Ninetales-Alola, L50, F|100/100
|switch|p1b: Incineroar|Incineroar, L50, M, shiny|100/100
|switch|p2a: Jumpluff|Jumpluff, L50, M|100/100
|switch|p2b: Torkoal|Torkoal, L50, F|100/100
|-weather|Snowscape|[from] ability: Snow Warning|[of] p1a: Ninetales
|-ability|p1b: Incineroar|Intimidate|boost
|-unboost|p2a: Jumpluff|atk|1
|-unboost|p2b: Torkoal|atk|1
|-weather|SunnyDay|[from] ability: Drought|[of] p2b: Torkoal
|-enditem|p2b: Torkoal|Eject Pack
|
|t:|1756582379
|switch|p2b: Charizard|Charizard, L50, M|100/100
|turn|1
|inactive|heatvw has 30 seconds left.
|inactive|heatvw has 20 seconds left.
|inactive|heatvw has 15 seconds left.
|inactive|heatvw has 10 seconds left.
|
|t:|1756582428
|move|p2a: Jumpluff|Sleep Powder|p1a: Ninetales
|-status|p1a: Ninetales|slp|[from] move: Sleep Powder
|cant|p1a: Ninetales|slp
|move|p2b: Charizard|Heat Wave|p1a: Ninetales|[spread] p1a,p1b
|-supereffective|p1a: Ninetales
|-resisted|p1b: Incineroar
|-enditem|p1a: Ninetales|Focus Sash
|-damage|p1a: Ninetales|1/100 slp
|-damage|p1b: Incineroar|51/100
|move|p1b: Incineroar|Knock Off|p2b: Charizard
|-damage|p2b: Charizard|33/100
|-enditem|p2b: Charizard|Choice Specs|[from] move: Knock Off|[of] p1b: Incineroar
|
|-weather|SunnyDay|[upkeep]
|-damage|p2b: Charizard|21/100|[from] ability: Solar Power|[of] p2b: Charizard
|upkeep
|turn|2
|inactive|buf29 armonica has 30 seconds left.
|
|t:|1756582453
|switch|p1a: Garchomp|Garchomp, L50, F, shiny|100/100
|move|p2a: Jumpluff|Rage Powder|p2a: Jumpluff
|-singleturn|p2a: Jumpluff|move: Rage Powder
|move|p2b: Charizard|Dragon Pulse|p1b: Incineroar
|-damage|p1b: Incineroar|16/100
|move|p1b: Incineroar|Flare Blitz|p2a: Jumpluff
|-supereffective|p2a: Jumpluff
|-damage|p2a: Jumpluff|0 fnt
|faint|p2a: Jumpluff
|-damage|p1b: Incineroar|0 fnt|[from] Recoil
|faint|p1b: Incineroar
|
|-weather|SunnyDay|[upkeep]
|-damage|p2b: Charizard|8/100|[from] ability: Solar Power|[of] p2b: Charizard
|upkeep
|
|t:|1756582469
|switch|p2a: Porygon2|Porygon2, L50|100/100
|switch|p1b: Kingambit|Kingambit, L50, F|100/100
|-ability|p2a: Porygon2|Download|boost
|-boost|p2a: Porygon2|spa|1
|turn|3
|inactive|heatvw has 30 seconds left.
|
|t:|1756582496
|switch|p2b: Torkoal|Torkoal, L50, F|100/100
|-terastallize|p1b: Kingambit|Fire
|move|p1a: Garchomp|Dragon Claw|p2b: Torkoal
|-damage|p2b: Torkoal|59/100
|-damage|p1a: Garchomp|91/100|[from] item: Life Orb
|move|p1b: Kingambit|Kowtow Cleave|p2a: Porygon2
|-damage|p2a: Porygon2|68/100
|move|p2a: Porygon2|Trick Room|p2a: Porygon2
|-fieldstart|move: Trick Room|[of] p2a: Porygon2
|
|-weather|SunnyDay|[upkeep]
|upkeep
|turn|4
|
|t:|1756582519
|switch|p1b: Ninetales|Ninetales-Alola, L50, F|1/100 slp
|-weather|Snowscape|[from] ability: Snow Warning|[of] p1b: Ninetales
|move|p2b: Torkoal|Overheat|p1b: Ninetales
|-supereffective|p1b: Ninetales
|-damage|p1b: Ninetales|0 fnt
|-unboost|p2b: Torkoal|spa|2
|faint|p1b: Ninetales
|move|p2a: Porygon2|Tera Blast|p1a: Garchomp
|-damage|p1a: Garchomp|33/100
|move|p1a: Garchomp|Earthquake|p2a: Porygon2|[spread] p2a,p2b
|-supereffective|p2b: Torkoal
|-damage|p2a: Porygon2|33/100
|-damage|p2b: Torkoal|0 fnt
|faint|p2b: Torkoal
|-damage|p1a: Garchomp|23/100|[from] item: Life Orb
|
|-weather|Snowscape|[upkeep]
|upkeep
|
|t:|1756582535
|switch|p2b: Charizard|Charizard, L50, M|8/100
|switch|p1b: Kingambit|Kingambit, L50, F, tera:Fire|100/100
|turn|5
|inactive|heatvw has 30 seconds left.
|inactive|buf29 armonica has 30 seconds left.
|inactive|buf29 armonica has 20 seconds left.
|
|t:|1756582573
|move|p1a: Garchomp|Protect|p1a: Garchomp
|-singleturn|p1a: Garchomp|Protect
|move|p1b: Kingambit|Sucker Punch|p2b: Charizard
|-damage|p2b: Charizard|0 fnt
|faint|p2b: Charizard
|move|p2a: Porygon2|Recover|p2a: Porygon2
|-heal|p2a: Porygon2|83/100
|
|-weather|Snowscape|[upkeep]
|upkeep
|turn|6
|
|t:|1756582592
|move|p2a: Porygon2|Ice Beam|p1a: Garchomp
|-supereffective|p1a: Garchomp
|-damage|p1a: Garchomp|0 fnt
|faint|p1a: Garchomp
|move|p1b: Kingambit|Kowtow Cleave|p2a: Porygon2
|-damage|p2a: Porygon2|52/100
|
|-weather|Snowscape|[upkeep]
|upkeep
|turn|7
|j| buf22 nemesisvgc
|
|t:|1756582600
|move|p2a: Porygon2|Recover|p2a: Porygon2
|-heal|p2a: Porygon2|100/100
|move|p1b: Kingambit|Kowtow Cleave|p2a: Porygon2
|-damage|p2a: Porygon2|71/100
|
|-weather|Snowscape|[upkeep]
|-fieldend|move: Trick Room
|upkeep
|turn|8
|
|t:|1756582611
|move|p1b: Kingambit|Iron Head|p2a: Porygon2
|-damage|p2a: Porygon2|42/100
|move|p2a: Porygon2|Tera Blast|p1b: Kingambit
|-damage|p1b: Kingambit|64/100
|
|-weather|none
|upkeep
|turn|9
|
|t:|1756582618
|move|p1b: Kingambit|Iron Head|p2a: Porygon2
|-damage|p2a: Porygon2|12/100
|move|p2a: Porygon2|Recover|p2a: Porygon2
|-heal|p2a: Porygon2|62/100
|
|upkeep
|turn|10
|
|t:|1756582624
|-terastallize|p2a: Porygon2|Fighting
|move|p1b: Kingambit|Iron Head|p2a: Porygon2
|-damage|p2a: Porygon2|35/100
|cant|p2a: Porygon2|flinch
|
|upkeep
|turn|11
|
|t:|1756582631
|move|p1b: Kingambit|Iron Head|p2a: Porygon2
|-damage|p2a: Porygon2|8/100
|cant|p2a: Porygon2|flinch
|
|upkeep
|turn|12
|
|t:|1756582636
|move|p1b: Kingambit|Iron Head|p2a: Porygon2
|-damage|p2a: Porygon2|0 fnt
|faint|p2a: Porygon2
|
|win|heatvw
||buf29 armonica is ready for game 2.
||heatvw is ready for game 2.
|uhtml|next|Next: Game 2 of 3
|l| buf22 nemesisvgc
|l|☆buf29 armonica
|player|p2|
