|j|☆varrun
|j|☆Nathanthecabo
|html|varrunNathanthecabo    
|uhtml|bestof|Game 1 of a best-of-3
|t:|1757933777
|gametype|doubles
|player|p1|varrun|102|1128
|player|p2|Nathanthecabo|101|1112
|gen|9
|tier|[Gen 9] VGC 2025 Reg H (Bo3)
|rated|
|rule|Species Clause: Limit one of each Pokémon
|rule|Item Clause: Limit 1 of each item
|clearpoke
|poke|p1|Dragonite, L50, F|
|poke|p1|Gholdengo, L50|
|poke|p1|Rillaboom, L50, M|
|poke|p1|Ursaluna-Bloodmoon, L50, M|
|poke|p1|Maushold-Four, L50|
|poke|p1|Annihilape, L50, M|
|poke|p2|Politoed, L50, M|
|poke|p2|Ludicolo, L50, M|
|poke|p2|Archaludon, L50, M|
|poke|p2|Amoonguss, L50, F|
|poke|p2|Sneasler, L50, M|
|poke|p2|Gothitelle, L50, M|
|teampreview|4
|showteam|p1|Dragonite||LoadedDice|Multiscale|Tailwind,Haze,Protect,ScaleShot|||F|||50|,,,,,Fairy]Gholdengo||LifeOrb|GoodasGold|MakeItRain,ShadowBall,NastyPlot,Protect||||||50|,,,,,Water]Rillaboom||MiracleSeed|GrassySurge|WoodHammer,GrassyGlide,FakeOut,HighHorsepower|||M|||50|,,,,,Fire]Ursaluna-Bloodmoon||AssaultVest|MindsEye|BloodMoon,EarthPower,HyperVoice,VacuumWave|||M|||50|,,,,,Water]Maushold-Four||FocusSash|FriendGuard|SuperFang,FollowMe,BeatUp,Protect||||||50|,,,,,Ghost]Annihilape||SitrusBerry|Defiant|RageFist,DrainPunch,BulkUp,Protect|||M|||50|,,,,,Fire
|showteam|p2|Politoed||Leftovers|Drizzle|PerishSong,Protect,WeatherBall,Encore|||M|||50|,,,,,Grass]Ludicolo||LifeOrb|SwiftSwim|Protect,EnergyBall,HydroPump,IceBeam|||M|||50|,,,,,Water]Archaludon||PowerHerb|Stamina|Protect,ElectroShot,FlashCannon,BodyPress|||M|||50|,,,,,Electric]Amoonguss||EjectButton|Regenerator|Protect,Spore,PollenPuff,RagePowder|||F|||50|,,,,,Steel]Sneasler||WhiteHerb|Unburden|CloseCombat,DireClaw,Acrobatics,Protect|||M|||50|,,,,,Dark]Gothitelle||SitrusBerry|ShadowTag|Psychic,Protect,FakeOut,DarkPulse|||M|||50|,,,,,Dark
|inactive|Battle timer is ON: inactive players will automatically lose when time's up. (requested by Nathanthecabo)
|
|t:|1757933839
|teamsize|p1|4
|teamsize|p2|4
|start
|switch|p1a: Rillaboom|Rillaboom, L50, M|100/100
|switch|p1b: Gholdengo|Gholdengo, L50|100/100
|switch|p2a: Politoed|Politoed, L50, M|100/100
|switch|p2b: Ludicolo|Ludicolo, L50, M|100/100
|-fieldstart|move: Grassy Terrain|[from] ability: Grassy Surge|[of] p1a: Rillaboom
|-weather|RainDance|[from] ability: Drizzle|[of] p2a: Politoed
|turn|1
|inactive|varrun has 30 seconds left.
|inactive|varrun has 20 seconds left.
|inactive|varrun has 15 seconds left.
|inactive|varrun has 10 seconds left.
|
|t:|1757933886
|-terastallize|p1b: Gholdengo|Water
|move|p2b: Ludicolo|Protect|p2b: Ludicolo
|-singleturn|p2b: Ludicolo|Protect
|move|p1a: Rillaboom|Fake Out|p2b: Ludicolo
|-activate|p2b: Ludicolo|move: Protect
|move|p1b: Gholdengo|Nasty Plot|p1b: Gholdengo
|-boost|p1b: Gholdengo|spa|2
|move|p2a: Politoed|Encore|p1a: Rillaboom
|-start|p1a: Rillaboom|Encore
|
|-weather|RainDance|[upkeep]
|upkeep
|turn|2
|inactive|varrun has 30 seconds left.
|inactive|varrun has 20 seconds left.
|inactive|varrun has 15 seconds left.
|
|t:|1757933931
|switch|p1a: Dragonite|Dragonite, L50, F|100/100
|move|p2a: Politoed|Protect|p2a: Politoed
|-singleturn|p2a: Politoed|Protect
|move|p2b: Ludicolo|Energy Ball|p1b: Gholdengo
|-supereffective|p1b: Gholdengo
|-damage|p1b: Gholdengo|0 fnt
|faint|p1b: Gholdengo
|-damage|p2b: Ludicolo|91/100|[from] item: Life Orb
|
|-weather|RainDance|[upkeep]
|-heal|p2b: Ludicolo|97/100|[from] Grassy Terrain
|upkeep
|
|t:|1757933943
|switch|p1b: Rillaboom|Rillaboom, L50, M|100/100
|turn|3
|
|t:|1757933955
|move|p2a: Politoed|Protect||[still]
|-fail|p2a: Politoed
|move|p1b: Rillaboom|Grassy Glide|p2a: Politoed
|-supereffective|p2a: Politoed
|-damage|p2a: Politoed|0 fnt
|faint|p2a: Politoed
|move|p2b: Ludicolo|Ice Beam|p1a: Dragonite
|-supereffective|p1a: Dragonite
|-damage|p1a: Dragonite|30/100
|-damage|p2b: Ludicolo|87/100|[from] item: Life Orb
|move|p1a: Dragonite|Scale Shot|p2b: Ludicolo|[miss]
|-miss|p1a: Dragonite|p2b: Ludicolo
|
|-weather|RainDance|[upkeep]
|-heal|p2b: Ludicolo|93/100|[from] Grassy Terrain
|upkeep
|
|t:|1757933970
|switch|p2a: Sneasler|Sneasler, L50, M|100/100
|turn|4
|
|t:|1757933988
|move|p2b: Ludicolo|Ice Beam|p1a: Dragonite
|-supereffective|p1a: Dragonite
|-damage|p1a: Dragonite|0 fnt
|faint|p1a: Dragonite
|-damage|p2b: Ludicolo|83/100|[from] item: Life Orb
|move|p2a: Sneasler|Dire Claw|p1b: Rillaboom
|-supereffective|p1b: Rillaboom
|-damage|p1b: Rillaboom|7/100
|-status|p1b: Rillaboom|par
|move|p1b: Rillaboom|High Horsepower|p2a: Sneasler
|-supereffective|p2a: Sneasler
|-damage|p2a: Sneasler|0 fnt
|faint|p2a: Sneasler
|
|-weather|RainDance|[upkeep]
|-heal|p2b: Ludicolo|89/100|[from] Grassy Terrain
|-heal|p1b: Rillaboom|13/100 par|[from] Grassy Terrain
|upkeep
|
|t:|1757934004
|switch|p2a: Amoonguss|Amoonguss, L50, F|100/100
|switch|p1a: Ursaluna|Ursaluna-Bloodmoon, L50, M|100/100
|turn|5
|
|t:|1757934017
|move|p2b: Ludicolo|Hydro Pump|p1a: Ursaluna|[miss]
|-miss|p2b: Ludicolo|p1a: Ursaluna
|move|p1a: Ursaluna|Blood Moon|p2b: Ludicolo
|-damage|p2b: Ludicolo|7/100
|cant|p1b: Rillaboom|par
|move|p2a: Amoonguss|Spore|p1a: Ursaluna
|-status|p1a: Ursaluna|slp|[from] move: Spore
|
|-weather|none
|-heal|p2b: Ludicolo|13/100|[from] Grassy Terrain
|-heal|p1b: Rillaboom|19/100 par|[from] Grassy Terrain
|-fieldend|move: Grassy Terrain
|upkeep
|turn|6
|
|t:|1757934034
|move|p2b: Ludicolo|Ice Beam|p1b: Rillaboom
|-supereffective|p1b: Rillaboom
|-damage|p1b: Rillaboom|0 fnt
|faint|p1b: Rillaboom
|-damage|p2b: Ludicolo|3/100|[from] item: Life Orb
|cant|p1a: Ursaluna|slp
|move|p2a: Amoonguss|Pollen Puff|p2b: Ludicolo
|-heal|p2b: Ludicolo|53/100
|
|upkeep
|turn|7
|
|t:|1757934049
|move|p2a: Amoonguss|Rage Powder|p2a: Amoonguss
|-singleturn|p2a: Amoonguss|move: Rage Powder
|move|p2b: Ludicolo|Hydro Pump|p1a: Ursaluna
|-supereffective|p1a: Ursaluna
|-damage|p1a: Ursaluna|9/100 slp
|-damage|p2b: Ludicolo|43/100|[from] item: Life Orb
|cant|p1a: Ursaluna|slp
|
|upkeep
|turn|8
|-message|varrun forfeited.
|
|win|Nathanthecabo
|l|☆varrun
|player|p1|
||varrun is ready for game 2.
|l|☆Nathanthecabo
|player|p2|
||Nathanthecabo is ready for game 2.
|uhtml|next|Next: Game 2 of 3
