|j|☆RauSakura
|j|☆ultimathrash
|html|RauSakuraultimathrash    
|uhtml|bestof|Game 1 of a best-of-3
|t:|1783593331
|gametype|doubles
|player|p1|RauSakura|#rausakura|
|player|p2|ultimathrash|steven|
|gen|9
|tier|[Gen 9 Champions] VGC 2026 Reg M-B (Bo3)
|rule|Species Clause: Limit one of each Pokémon
|rule|Item Clause: Limit 1 of each item
|clearpoke
|poke|p1|Froslass, L50, F|
|poke|p1|Kingambit, L50, M|
|poke|p1|Sinistcha, L50|
|poke|p1|Toxapex, L50, M|
|poke|p1|Garchomp, L50, M|
|poke|p1|Snorlax, L50, F|
|poke|p2|Charizard, L50, F|
|poke|p2|Venusaur, L50, F|
|poke|p2|Mamoswine, L50, F|
|poke|p2|Garchomp, L50, F|
|poke|p2|Incineroar, L50, F|
|poke|p2|Toxapex, L50, M|
|teampreview|4
|showteam|p1|Froslass||Froslassite|CursedBody|Blizzard,ShadowBall,AuroraVeil,Protect|Modest||F|||50|]Kingambit||ChopleBerry|Defiant|KowtowCleave,SuckerPunch,LowKick,Protect|Adamant||M|||50|]Sinistcha||OccaBerry|Hospitality|MatchaGotcha,TrickRoom,RagePowder,Protect|Calm|||||50|]Toxapex||Leftovers|Regenerator|Toxic,Infestation,Protect,WideGuard|Impish||M|||50|]Garchomp||Garchompite|RoughSkin|Earthquake,StompingTantrum,RockSlide,Protect|Adamant||M|||50|]Snorlax||SitrusBerry|ThickFat|Yawn,BodySlam,HighHorsepower,Protect|Impish||F|||50|
|showteam|p2|Charizard||CharizarditeY|Blaze|HeatWave,WeatherBall,HelpingHand,Protect|Modest||F|||50|]Venusaur||LifeOrb|Chlorophyll|LeafStorm,SludgeBomb,EarthPower,Protect|Modest||F|||50|]Mamoswine||FocusSash|Oblivious|HighHorsepower,RockTomb,IceShard,Protect|Jolly||F|||50|]Garchomp||ChoiceScarf|RoughSkin|DragonClaw,Earthquake,RockSlide,StompingTantrum|Adamant||F|||50|]Incineroar||SitrusBerry|Intimidate|FlareBlitz,ThroatChop,PartingShot,FakeOut|Impish||F|||50|]Toxapex||Leftovers|Regenerator|Toxic,Infestation,WideGuard,BanefulBunker|Bold||M|||50|
|c|☆RauSakura|glhf
|c|☆ultimathrash|u2
|j| Talkin Smogin'
|c|☆ultimathrash|i have no idea how timer works in vgc so just turn it on
|c|☆ultimathrash|whenever
|c|☆RauSakura|idm playing without
|
|t:|1783593443
|teamsize|p1|4
|teamsize|p2|4
|start
|switch|p1a: Kingambit|Kingambit, L50, M|100/100
|switch|p1b: Puddles|Toxapex, L50, M|100/100
|switch|p2a: Charizard|Charizard, L50, F|100/100
|switch|p2b: Mamoswine|Mamoswine, L50, F|100/100
|turn|1
|inactive|Battle timer is ON: inactive players will automatically lose when time's up. (requested by ultimathrash)
|inactive|RauSakura has 60 seconds left.
|
|t:|1783593489
|detailschange|p2a: Charizard|Charizard-Mega-Y, L50, F
|-mega|p2a: Charizard|Charizard|Charizardite Y
|-weather|SunnyDay|[from] ability: Drought|[of] p2a: Charizard
|move|p1a: Kingambit|Protect|p1a: Kingambit
|-singleturn|p1a: Kingambit|Protect
|move|p2b: Mamoswine|High Horsepower|p1b: Puddles
|-supereffective|p1b: Puddles|1
|-damage|p1b: Puddles|31/100
|move|p2a: Charizard|Weather Ball|p1b: Puddles
|-resisted|p1b: Puddles|1
|-damage|p1b: Puddles|0 fnt
|faint|p1b: Puddles
|
|-weather|SunnyDay|[upkeep]
|upkeep
|
|t:|1783593509
|switch|p1b: Garchomp|Garchomp, L50, M|100/100
|turn|2
|inactive|ultimathrash has 30 seconds left.
|
|t:|1783593536
|move|p2b: Mamoswine|Protect|p2b: Mamoswine
|-singleturn|p2b: Mamoswine|Protect
|move|p1b: Garchomp|Protect|p1b: Garchomp
|-singleturn|p1b: Garchomp|Protect
|move|p2a: Charizard|Weather Ball|p1a: Kingambit
|-supereffective|p1a: Kingambit|1
|-damage|p1a: Kingambit|0 fnt
|faint|p1a: Kingambit
|
|-weather|SunnyDay|[upkeep]
|upkeep
|
|t:|1783593541
|switch|p1a: Sinistcha|Sinistcha, L50|100/100
|turn|3
|
|t:|1783593557
|move|p2a: Charizard|Helping Hand|p2b: Mamoswine
|-singleturn|p2b: Mamoswine|Helping Hand|[of] p2a: Charizard
|move|p1a: Sinistcha|Rage Powder|p1a: Sinistcha
|-singleturn|p1a: Sinistcha|move: Rage Powder
|move|p2b: Mamoswine|Ice Shard|p1a: Sinistcha
|-supereffective|p1a: Sinistcha|1
|-damage|p1a: Sinistcha|42/100
|move|p1b: Garchomp|Rock Slide|p2a: Charizard|[spread] p2a,p2b
|-supereffective|p2a: Charizard|2
|-damage|p2a: Charizard|27/100
|-damage|p2b: Mamoswine|78/100
|
|-weather|SunnyDay|[upkeep]
|upkeep
|turn|4
|
|t:|1783593569
|detailschange|p1b: Garchomp|Garchomp-Mega, L50, M
|-mega|p1b: Garchomp|Garchomp|Garchompite
|move|p2a: Charizard|Helping Hand|p2b: Mamoswine
|-singleturn|p2b: Mamoswine|Helping Hand|[of] p2a: Charizard
|move|p1a: Sinistcha|Rage Powder|p1a: Sinistcha
|-singleturn|p1a: Sinistcha|move: Rage Powder
|move|p2b: Mamoswine|Ice Shard|p1a: Sinistcha
|-supereffective|p1a: Sinistcha|1
|-damage|p1a: Sinistcha|0 fnt
|faint|p1a: Sinistcha
|move|p1b: Garchomp|Rock Slide|p2a: Charizard|[spread] p2a,p2b
|-supereffective|p2a: Charizard|2
|-damage|p2a: Charizard|0 fnt
|-damage|p2b: Mamoswine|50/100g
|faint|p2a: Charizard
|
|-weather|SunnyDay|[upkeep]
|upkeep
|
|t:|1783593581
|switch|p2a: Incineroar|Incineroar, L50, F|100/100
|-ability|p2a: Incineroar|Intimidate|boost
|-unboost|p1b: Garchomp|atk|1
|turn|5
|
|t:|1783593586
|move|p1b: Garchomp|Protect|p1b: Garchomp
|-singleturn|p1b: Garchomp|Protect
|move|p2a: Incineroar|Fake Out|p1b: Garchomp
|-activate|p1b: Garchomp|move: Protect
|move|p2b: Mamoswine|Ice Shard|p1b: Garchomp
|-activate|p1b: Garchomp|move: Protect
|
|-weather|none
|upkeep
|turn|6
|
|t:|1783593598
|move|p2b: Mamoswine|Ice Shard|p1b: Garchomp
|-supereffective|p1b: Garchomp|2
|-damage|p1b: Garchomp|42/100
|move|p1b: Garchomp|Rock Slide|p2a: Incineroar|[spread] p2b
|-miss|p1b: Garchomp|p2a: Incineroar
|-damage|p2b: Mamoswine|31/100
|move|p2a: Incineroar|Parting Shot|p1b: Garchomp
|-unboost|p1b: Garchomp|atk|1
|-unboost|p1b: Garchomp|spa|1
|
|t:|1783593605
|switch|p2a: Garchomp|Garchomp, L50, F|100/100|[from] Parting Shot
|
|upkeep
|turn|7
|
|t:|1783593609
|move|p2b: Mamoswine|Ice Shard|p1b: Garchomp
|-supereffective|p1b: Garchomp|2
|-damage|p1b: Garchomp|0 fnt
|faint|p1b: Garchomp
|
|win|ultimathrash
||RauSakura is ready for game 2.
|c|☆ultimathrash|gg1
