|j|☆Hoanglatao
|j|☆Adriatic Tides
|html|HoanglataoAdriatic Tides    
|uhtml|bestof|Game 2 of a best-of-3
|t:|1784771515
|gametype|doubles
|player|p1|Hoanglatao|169|1178
|player|p2|Adriatic Tides|leon|1213
|gen|9
|tier|[Gen 9 Champions] VGC 2026 Reg M-B (Bo3)
|rated|
|rule|Species Clause: Limit one of each Pokémon
|rule|Item Clause: Limit 1 of each item
|clearpoke
|poke|p1|Floette-Eternal, L50, F|
|poke|p1|Whimsicott, L50, F|
|poke|p1|Basculegion, L50, M|
|poke|p1|Kingambit, L50, M|
|poke|p1|Arcanine-Hisui, L50, F|
|poke|p1|Dragonite, L50, F|
|poke|p2|Tyranitar, L50, F|
|poke|p2|Excadrill, L50, F|
|poke|p2|Delphox, L50, F|
|poke|p2|Sinistcha, L50|
|poke|p2|Rotom-Wash, L50|
|poke|p2|Incineroar, L50, M|
|teampreview|4
|showteam|p1|Floette-Eternal||Floettite|FlowerVeil|Moonblast,DazzlingGleam,LightofRuin,Protect|Timid||F|||50|]Whimsicott||FocusSash|Prankster|Moonblast,Tailwind,Encore,Protect|Timid||F|||50|]Basculegion||ChoiceScarf|Adaptability|LastRespects,WaveCrash,AquaJet,FlipTurn|Jolly||M|||50|]Kingambit||BlackGlasses|Defiant|SuckerPunch,KowtowCleave,IronHead,Protect|Adamant||M|||50|]Arcanine-Hisui||SitrusBerry|RockHead|FlareBlitz,RockSlide,HeadSmash,Protect|Adamant||F|||50|]Dragonite||LifeOrb|InnerFocus|Protect,LowKick,ExtremeSpeed,DragonClaw|Adamant||F|||50|
|showteam|p2|Tyranitar||Tyranitarite|SandStream|KnockOff,RockSlide,Protect,LowKick|Adamant||F|||50|]Excadrill||FocusSash|SandRush|Protect,Earthquake,IronHead,RockSlide|Adamant||F|||50|]Delphox||Delphoxite|Blaze|NastyPlot,HeatWave,Psyshock,Protect|Timid||F|||50|]Sinistcha||ColburBerry|Hospitality|TrickRoom,MatchaGotcha,Protect,RagePowder|Bold|||||50|]Rotom-Wash||Leftovers|Levitate|Electroweb,HydroPump,Protect,Thunderbolt|Modest|||||50|]Incineroar||SitrusBerry|Intimidate|FakeOut,FlareBlitz,PartingShot,ThroatChop|Careful||M|||50|
|
|t:|1784771550
|teamsize|p1|4
|teamsize|p2|4
|start
|switch|p1a: Dragonite|Dragonite, L50, F|100/100
|switch|p1b: Whimsicott|Whimsicott, L50, F|100/100
|switch|p2a: Tyranitar|Tyranitar, L50, F|100/100
|switch|p2b: Excadrill|Excadrill, L50, F|100/100
|-weather|Sandstorm|[from] ability: Sand Stream|[of] p2a: Tyranitar
|turn|1
|
|t:|1784771564
|detailschange|p2a: Tyranitar|Tyranitar-Mega, L50, F
|-mega|p2a: Tyranitar|Tyranitar|Tyranitarite
|move|p1b: Whimsicott|Tailwind|p1b: Whimsicott
|-sidestart|p1: Hoanglatao|move: Tailwind
|move|p2b: Excadrill|Iron Head|p1b: Whimsicott
|-supereffective|p1b: Whimsicott|1
|-enditem|p1b: Whimsicott|Focus Sash
|-damage|p1b: Whimsicott|1/100
|move|p1a: Dragonite|Low Kick|p2a: Tyranitar
|-supereffective|p2a: Tyranitar|2
|-damage|p2a: Tyranitar|0 fnt
|faint|p2a: Tyranitar
|-damage|p1a: Dragonite|90/100|[from] item: Life Orb
|
|-weather|Sandstorm|[upkeep]
|-damage|p1b: Whimsicott|0 fnt|[from] Sandstorm
|-damage|p1a: Dragonite|84/100|[from] Sandstorm
|faint|p1b: Whimsicott
|upkeep
|
|t:|1784771574
|switch|p1b: Basculegion|Basculegion, L50, M|100/100
|switch|p2a: Incineroar|Incineroar, L50, M|100/100
|-ability|p2a: Incineroar|Intimidate|boost
|-fail|p1a: Dragonite|unboost|Attack|[from] ability: Inner Focus|[of] p1a: Dragonite
|-unboost|p1b: Basculegion|atk|1
|turn|2
|
|t:|1784771587
|move|p2a: Incineroar|Fake Out|p1a: Dragonite
|-damage|p1a: Dragonite|74/100
|move|p1b: Basculegion|Flip Turn|p2a: Incineroar
|-supereffective|p2a: Incineroar|1
|-damage|p2a: Incineroar|56/100
|
|t:|1784771591
|switch|p1b: Floette|Floette-Eternal, L50, F|100/100|[from] Flip Turn
|move|p2b: Excadrill|Rock Slide|p1a: Dragonite|[spread] p1a,p1b
|-supereffective|p1a: Dragonite|1
|-damage|p1a: Dragonite|36/100
|-damage|p1b: Floette|60/100
|move|p1a: Dragonite|Low Kick|p2b: Excadrill
|-supereffective|p2b: Excadrill|1
|-damage|p2b: Excadrill|6/100
|-damage|p1a: Dragonite|26/100|[from] item: Life Orb
|
|-weather|Sandstorm|[upkeep]
|-damage|p1b: Floette|54/100|[from] Sandstorm
|-damage|p1a: Dragonite|20/100y|[from] Sandstorm
|-damage|p2a: Incineroar|50/100g|[from] Sandstorm
|upkeep
|turn|3
|
|t:|1784771608
|detailschange|p1b: Floette|Floette-Mega, L50, F
|-mega|p1b: Floette|Floette|Floettite
|-ability|p1b: Floette|Fairy Aura
|move|p2b: Excadrill|Protect|p2b: Excadrill
|-singleturn|p2b: Excadrill|Protect
|move|p1a: Dragonite|Extreme Speed|p2b: Excadrill
|-activate|p2b: Excadrill|move: Protect
|move|p1b: Floette|Dazzling Gleam|p2a: Incineroar|[spread] p2a
|-activate|p2b: Excadrill|move: Protect
|-damage|p2a: Incineroar|17/100
|-enditem|p2a: Incineroar|Sitrus Berry|[eat]
|-heal|p2a: Incineroar|42/100|[from] item: Sitrus Berry
|move|p2a: Incineroar|Flare Blitz|p1b: Floette
|-damage|p1b: Floette|0 fnt
|faint|p1b: Floette
|-damage|p2a: Incineroar|28/100|[from] Recoil
|
|-weather|Sandstorm|[upkeep]
|-damage|p1a: Dragonite|14/100|[from] Sandstorm
|-damage|p2a: Incineroar|22/100|[from] Sandstorm
|upkeep
|
|t:|1784771613
|switch|p1b: Basculegion|Basculegion, L50, M|100/100
|turn|4
|
|t:|1784771636
|move|p1a: Dragonite|Extreme Speed|p2b: Excadrill
|-resisted|p2b: Excadrill|1
|-damage|p2b: Excadrill|0 fnt
|faint|p2b: Excadrill
|-damage|p1a: Dragonite|5/100|[from] item: Life Orb
|move|p1b: Basculegion|Wave Crash|p2a: Incineroar
|-supereffective|p2a: Incineroar|1
|-damage|p2a: Incineroar|0 fnt
|faint|p2a: Incineroar
|-damage|p1b: Basculegion|92/100|[from] Recoil
|
|-weather|Sandstorm|[upkeep]
|-damage|p1b: Basculegion|86/100|[from] Sandstorm
|-damage|p1a: Dragonite|0 fnt|[from] Sandstorm
|faint|p1a: Dragonite
|-sideend|p1: Hoanglatao|move: Tailwind
|upkeep
|
|t:|1784771639
|switch|p2b: Rotom|Rotom-Wash, L50|100/100
|turn|5
|
|t:|1784771642
|move|p1b: Basculegion|Wave Crash|p2b: Rotom
|-resisted|p2b: Rotom|1
|-damage|p2b: Rotom|57/100
|-damage|p1b: Basculegion|75/100|[from] Recoil
|move|p2b: Rotom|Thunderbolt|p1b: Basculegion
|-supereffective|p1b: Basculegion|1
|-damage|p1b: Basculegion|0 fnt
|faint|p1b: Basculegion
|
|win|Adriatic Tides
||Hoanglatao is ready for game 3.
||Adriatic Tides is ready for game 3.
|uhtml|next|Next: Game 3 of 3
|l|☆Hoanglatao
|player|p1|
