|j|☆browt.bonnet.
|j|☆adjnorr
|html|browt.bonnet.adjnorr    
|uhtml|bestof|Game 2 of a best-of-3
|t:|1784733650
|gametype|doubles
|player|p1|browt.bonnet.|dancer|1246
|player|p2|adjnorr|2|1256
|gen|9
|tier|[Gen 9 Champions] VGC 2026 Reg M-B (Bo3)
|rated|
|rule|Species Clause: Limit one of each Pokémon
|rule|Item Clause: Limit 1 of each item
|clearpoke
|poke|p1|Delphox, L50, M|
|poke|p1|Incineroar, L50, M|
|poke|p1|Sinistcha, L50|
|poke|p1|Sneasler, L50, M|
|poke|p1|Kommo-o, L50, M|
|poke|p1|Kingambit, L50, M|
|poke|p2|Annihilape, L50, M|
|poke|p2|Whimsicott, L50, M|
|poke|p2|Floette-Eternal, L50, F|
|poke|p2|Basculegion, L50, M|
|poke|p2|Charizard, L50, M|
|poke|p2|Garchomp, L50, F|
|teampreview|4
|showteam|p1|Delphox||Delphoxite|Blaze|HeatWave,Psyshock,Protect,NastyPlot|Timid||M|||50|]Incineroar||SitrusBerry|Intimidate|FakeOut,PartingShot,FlareBlitz,HelpingHand|Careful||M|||50|]Sinistcha||OccaBerry|Hospitality|MatchaGotcha,RagePowder,Protect,TrickRoom|Bold|||||50|]Sneasler||FocusSash|Unburden|CloseCombat,FakeOut,QuickGuard,DireClaw|Jolly||M|||50|]Kommo-o||Leftovers|Overcoat|Protect,ClangingScales,ClangorousSoul,AuraSphere|Modest||M|||50|]Kingambit||LifeOrb|Defiant|SuckerPunch,KowtowCleave,IronHead,Protect|Brave||M|||50|
|showteam|p2|Annihilape||RoseliBerry|Defiant|RageFist,DrainPunch,Protect,BulkUp|Adamant||M|||50|]Whimsicott||FocusSash|Prankster|Moonblast,Tailwind,Encore,BeatUp|Timid||M|||50|]Floette-Eternal||Floettite|FlowerVeil|Moonblast,DazzlingGleam,LightofRuin,Protect|Modest||F|||50|]Basculegion||LifeOrb|Adaptability|WaveCrash,LastRespects,AquaJet,Protect|Adamant||M|||50|]Charizard||CharizarditeY|Blaze|HeatWave,WeatherBall,SolarBeam,Protect|Modest||M|||50|]Garchomp||SitrusBerry|RoughSkin|DragonClaw,Earthquake,RockSlide,Protect|Adamant||F|||50|
|
|t:|1784733678
|teamsize|p1|4
|teamsize|p2|4
|start
|switch|p1a: Sinistcha|Sinistcha, L50|100/100
|switch|p1b: Kingambit|Kingambit, L50, M|100/100
|switch|p2a: Whimsicott|Whimsicott, L50, M|100/100
|switch|p2b: Basculegion|Basculegion, L50, M|100/100
|turn|1
|
|t:|1784733716
|switch|p2a: Annihilape|Annihilape, L50, M|100/100
|move|p1b: Kingambit|Sucker Punch|p2b: Basculegion
|-supereffective|p2b: Basculegion|1
|-damage|p2b: Basculegion|0 fnt
|faint|p2b: Basculegion
|-damage|p1b: Kingambit|90/100|[from] item: Life Orb
|move|p1a: Sinistcha|Trick Room|p1a: Sinistcha
|-fieldstart|move: Trick Room|[of] p1a: Sinistcha
|
|upkeep
|
|t:|1784733727
|switch|p2b: Whimsicott|Whimsicott, L50, M|100/100
|turn|2
|
|t:|1784733743
|move|p2a: Annihilape|Protect|p2a: Annihilape
|-singleturn|p2a: Annihilape|Protect
|move|p2b: Whimsicott|Encore|p1a: Sinistcha
|-start|p1a: Sinistcha|Encore
|move|p1b: Kingambit|Iron Head|p2b: Whimsicott
|-supereffective|p2b: Whimsicott|1
|-enditem|p2b: Whimsicott|Focus Sash
|-damage|p2b: Whimsicott|1/100
|-damage|p1b: Kingambit|80/100|[from] item: Life Orb
|move|p1a: Sinistcha|Trick Room|p1a: Sinistcha
|-fieldend|move: Trick Room
|
|upkeep
|turn|3
|
|t:|1784733760
|switch|p2b: Floette|Floette-Eternal, L50, F|100/100
|switch|p1a: Sneasler|Sneasler, L50, M|100/100
|move|p1b: Kingambit|Sucker Punch||[still]
|-fail|p1b: Kingambit
|move|p2a: Annihilape|Drain Punch|p1b: Kingambit
|-supereffective|p1b: Kingambit|2
|-damage|p1b: Kingambit|0 fnt
|faint|p1b: Kingambit
|
|upkeep
|
|t:|1784733767
|switch|p1b: Kommo-o|Kommo-o, L50, M|100/100
|turn|4
|
|t:|1784733799
|detailschange|p2b: Floette|Floette-Mega, L50, F
|-mega|p2b: Floette|Floette|Floettite
|-ability|p2b: Floette|Fairy Aura
|move|p2b: Floette|Protect|p2b: Floette
|-singleturn|p2b: Floette|Protect
|move|p1a: Sneasler|Dire Claw|p2b: Floette
|-activate|p2b: Floette|move: Protect
|move|p1b: Kommo-o|Clangorous Soul|p1b: Kommo-o
|-boost|p1b: Kommo-o|atk|1
|-boost|p1b: Kommo-o|def|1
|-boost|p1b: Kommo-o|spa|1
|-boost|p1b: Kommo-o|spd|1
|-boost|p1b: Kommo-o|spe|1
|-damage|p1b: Kommo-o|67/100
|move|p2a: Annihilape|Drain Punch|p1a: Sneasler
|-resisted|p1a: Sneasler|1
|-damage|p1a: Sneasler|71/100
|
|-heal|p1b: Kommo-o|73/100|[from] item: Leftovers
|upkeep
|turn|5
|
|t:|1784733827
|switch|p2b: Whimsicott|Whimsicott, L50, M|1/100
|move|p1a: Sneasler|Dire Claw|p2b: Whimsicott
|-supereffective|p2b: Whimsicott|2
|-damage|p2b: Whimsicott|0 fnt
|faint|p2b: Whimsicott
|move|p1b: Kommo-o|Aura Sphere|p2a: Annihilape
|-immune|p2a: Annihilape
|move|p2a: Annihilape|Rage Fist|p1a: Sneasler
|-damage|p1a: Sneasler|31/100
|
|-heal|p1b: Kommo-o|79/100|[from] item: Leftovers
|upkeep
|
|t:|1784733841
|switch|p2b: Floette|Floette-Mega, L50, F|100/100
|-ability|p2b: Floette|Fairy Aura
|turn|6
|
|t:|1784733855
|move|p1a: Sneasler|Dire Claw|p2b: Floette
|-supereffective|p2b: Floette|1
|-damage|p2b: Floette|0 fnt
|faint|p2b: Floette
|move|p1b: Kommo-o|Aura Sphere|p2a: Annihilape
|-immune|p2a: Annihilape
|move|p2a: Annihilape|Rage Fist|p1a: Sneasler
|-damage|p1a: Sneasler|0 fnt
|faint|p1a: Sneasler
|
|-heal|p1b: Kommo-o|85/100|[from] item: Leftovers
|upkeep
|l|☆browt.bonnet.
|player|p1|
|j|☆browt.bonnet.
|player|p1|browt.bonnet.|dancer|
|
|t:|1784733890
|switch|p1a: Sinistcha|Sinistcha, L50|100/100
|-heal|p1b: Kommo-o|100/100|[from] ability: Hospitality|[of] p1a: Sinistcha
|turn|7
|
|t:|1784733899
|move|p1a: Sinistcha|Rage Powder|p1a: Sinistcha
|-singleturn|p1a: Sinistcha|move: Rage Powder
|move|p1b: Kommo-o|Clanging Scales|p2a: Annihilape
|-damage|p2a: Annihilape|43/100
|-unboost|p1b: Kommo-o|def|1
|move|p2a: Annihilape|Rage Fist|p1a: Sinistcha
|-supereffective|p1a: Sinistcha|1
|-damage|p1a: Sinistcha|31/100
|
|upkeep
|turn|8
|l|☆browt.bonnet.
|player|p1|
|j|☆browt.bonnet.
|player|p1|browt.bonnet.|dancer|
|
|t:|1784733919
|move|p1a: Sinistcha|Rage Powder|p1a: Sinistcha
|-singleturn|p1a: Sinistcha|move: Rage Powder
|move|p1b: Kommo-o|Clangorous Soul|p1b: Kommo-o
|-boost|p1b: Kommo-o|atk|1
|-boost|p1b: Kommo-o|def|1
|-boost|p1b: Kommo-o|spa|1
|-boost|p1b: Kommo-o|spd|1
|-boost|p1b: Kommo-o|spe|1
|-damage|p1b: Kommo-o|67/100
|move|p2a: Annihilape|Rage Fist|p1a: Sinistcha
|-supereffective|p1a: Sinistcha|1
|-damage|p1a: Sinistcha|0 fnt
|faint|p1a: Sinistcha
|
|-heal|p1b: Kommo-o|73/100|[from] item: Leftovers
|upkeep
|turn|9
|
|t:|1784733924
|move|p1b: Kommo-o|Clanging Scales|p2a: Annihilape
|-damage|p2a: Annihilape|0 fnt
|faint|p2a: Annihilape
|
|win|browt.bonnet.
||adjnorr is ready for game 3.
||browt.bonnet. is ready for game 3.
|uhtml|next|Next: Game 3 of 3
|l|☆browt.bonnet.
|player|p1|
|l|☆adjnorr
|player|p2|
|j|☆browt.bonnet.
|player|p1|browt.bonnet.|dancer|
