|j|☆flintvgc
|j|☆FatherPenguin
|html|flintvgcFatherPenguin    
|uhtml|bestof|Game 1 of a best-of-3
|t:|1785442410
|gametype|doubles
|player|p1|flintvgc|101|1104
|player|p2|FatherPenguin|acetrainersnow|1198
|gen|9
|tier|[Gen 9 Champions] VGC 2026 Reg M-B (Bo3)
|rated|
|rule|Species Clause: Limit one of each Pokémon
|rule|Item Clause: Limit 1 of each item
|clearpoke
|poke|p1|Staraptor, L50, M|
|poke|p1|Garchomp, L50, M|
|poke|p1|Whimsicott, L50, M|
|poke|p1|Delphox, L50, M|
|poke|p1|Glimmora, L50, M|
|poke|p1|Kingambit, L50, M|
|poke|p2|Staraptor, L50, M|
|poke|p2|Glimmora, L50, M|
|poke|p2|Whimsicott, L50, M|
|poke|p2|Kingambit, L50, F|
|poke|p2|Garchomp, L50, F|
|poke|p2|Delphox, L50, M|
|teampreview|4
|showteam|p1|Staraptor||Staraptite|Intimidate|Protect,Tailwind,CloseCombat,BraveBird|Jolly||M|||50|]Garchomp||LifeOrb|RoughSkin|Protect,RockSlide,Earthquake,DragonClaw|Jolly||M|||50|]Whimsicott||FairyFeather|Prankster|Moonblast,Tailwind,Charm,Protect|Timid||M|||50|]Delphox||Delphoxite|Magician|Protect,Psychic,HeatWave,Substitute|Timid||M|||50|]Glimmora||FocusSash|ToxicDebris|SpikyShield,SludgeBomb,EarthPower,PowerGem|Timid||M|||50|]Kingambit||ChopleBerry|Defiant|SuckerPunch,LowKick,IronHead,KowtowCleave|Adamant||M|||50|
|showteam|p2|Staraptor||Staraptite|Intimidate|CloseCombat,BraveBird,Roost,Protect|Jolly||M|||50|]Glimmora||FocusSash|ToxicDebris|PowerGem,SludgeBomb,EarthPower,SpikyShield|Modest||M|||50|]Whimsicott||OccaBerry|Prankster|Tailwind,Moonblast,Charm,LightScreen|Timid||M|||50|]Kingambit||ChopleBerry|Defiant|KowtowCleave,IronHead,LowKick,SuckerPunch|Adamant||F|||50|]Garchomp||LifeOrb|RoughSkin|Earthquake,DragonClaw,RockSlide,Protect|Jolly||F|||50|]Delphox||Delphoxite|Blaze|HeatWave,Psychic,Substitute,Protect|Timid||M|||50|
|inactive|Battle timer is ON: inactive players will automatically lose when time's up. (requested by FatherPenguin)
|inactive|flintvgc has 60 seconds left.
|inactive|FatherPenguin has 60 seconds left.
|
|t:|1785442463
|teamsize|p1|4
|teamsize|p2|4
|start
|switch|p1a: Whimsicott|Whimsicott, L50, M|100/100
|switch|p1b: Glimmora|Glimmora, L50, M|100/100
|switch|p2a: Whimsicott|Whimsicott, L50, M|100/100
|switch|p2b: Glimmora|Glimmora, L50, M|100/100
|turn|1
|inactive|flintvgc has 30 seconds left.
|inactive|FatherPenguin has 30 seconds left.
|inactive|FatherPenguin has 20 seconds left.
|inactive|FatherPenguin has 15 seconds left.
|
|t:|1785442505
|switch|p1a: Garchomp|Garchomp, L50, M|100/100
|move|p2a: Whimsicott|Light Screen|p2a: Whimsicott
|-sidestart|p2: FatherPenguin|move: Light Screen
|move|p1b: Glimmora|Sludge Bomb|p2a: Whimsicott
|-supereffective|p2a: Whimsicott|2
|-damage|p2a: Whimsicott|0 fnt
|faint|p2a: Whimsicott
|move|p2b: Glimmora|Earth Power|p1b: Glimmora
|-supereffective|p1b: Glimmora|2
|-enditem|p1b: Glimmora|Focus Sash
|-damage|p1b: Glimmora|1/100
|
|upkeep
|
|t:|1785442518
|switch|p2a: Garchomp|Garchomp, L50, F|100/100
|turn|2
|inactive|flintvgc has 30 seconds left.
|inactive|FatherPenguin has 30 seconds left.
|inactive|FatherPenguin has 20 seconds left.
|
|t:|1785442557
|move|p1b: Glimmora|Spiky Shield|p1b: Glimmora
|-singleturn|p1b: Glimmora|move: Protect
|move|p2a: Garchomp|Dragon Claw|p1a: Garchomp
|-supereffective|p1a: Garchomp|1
|-damage|p1a: Garchomp|0 fnt
|-damage|p2a: Garchomp|87/100|[from] ability: Rough Skin|[of] p1a: Garchomp
|faint|p1a: Garchomp
|-damage|p2a: Garchomp|77/100|[from] item: Life Orb
|move|p2b: Glimmora|Earth Power|p1b: Glimmora
|-activate|p1b: Glimmora|move: Protect
|
|upkeep
|
|t:|1785442571
|switch|p1a: Whimsicott|Whimsicott, L50, M|100/100
|turn|3
|
|t:|1785442587
|move|p2b: Glimmora|Spiky Shield|p2b: Glimmora
|-singleturn|p2b: Glimmora|move: Protect
|move|p1a: Whimsicott|Tailwind|p1a: Whimsicott
|-sidestart|p1: flintvgc|move: Tailwind
|move|p1b: Glimmora|Earth Power|p2b: Glimmora
|-activate|p2b: Glimmora|move: Protect
|move|p2a: Garchomp|Earthquake|p1a: Whimsicott|[spread] p1a,p1b
|-activate|p2b: Glimmora|move: Protect
|-resisted|p1a: Whimsicott|1
|-supereffective|p1b: Glimmora|2
|-damage|p1a: Whimsicott|65/100
|-damage|p1b: Glimmora|0 fnt
|-activate|p1b: Glimmora|ability: Toxic Debris
|-sidestart|p2: FatherPenguin|move: Toxic Spikes
|faint|p1b: Glimmora
|-damage|p2a: Garchomp|68/100|[from] item: Life Orb
|
|upkeep
|
|t:|1785442601
|switch|p1b: Delphox|Delphox, L50, M|100/100
|turn|4
|inactive|FatherPenguin has 30 seconds left.
|inactive|FatherPenguin has 20 seconds left.
|
|t:|1785442639
|detailschange|p1b: Delphox|Delphox-Mega, L50, M
|-mega|p1b: Delphox|Delphox|Delphoxite
|move|p1b: Delphox|Psychic|p2b: Glimmora
|-supereffective|p2b: Glimmora|1
|-damage|p2b: Glimmora|6/100
|move|p1a: Whimsicott|Moonblast|p2a: Garchomp
|-supereffective|p2a: Garchomp|1
|-damage|p2a: Garchomp|13/100
|-unboost|p2a: Garchomp|spa|1
|move|p2a: Garchomp|Rock Slide|p1a: Whimsicott|[spread] p1b
|-miss|p2a: Garchomp|p1a: Whimsicott
|-supereffective|p1b: Delphox|1
|-damage|p1b: Delphox|33/100
|-damage|p2a: Garchomp|3/100|[from] item: Life Orb
|move|p2b: Glimmora|Power Gem|p1b: Delphox
|-supereffective|p1b: Delphox|1
|-damage|p1b: Delphox|0 fnt
|faint|p1b: Delphox
|
|upkeep
|turn|5
|
|t:|1785442660
|move|p1a: Whimsicott|Moonblast|p2b: Glimmora
|-resisted|p2b: Glimmora|1
|-crit|p2b: Glimmora
|-damage|p2b: Glimmora|0 fnt
|faint|p2b: Glimmora
|move|p2a: Garchomp|Rock Slide|p1a: Whimsicott
|-damage|p1a: Whimsicott|22/100
|-damage|p2a: Garchomp|0 fnt|[from] item: Life Orb
|faint|p2a: Garchomp
|
|-sideend|p2: FatherPenguin|move: Light Screen
|upkeep
|
|t:|1785442674
|switch|p2a: Delphox|Delphox, L50, M|100/100
|-status|p2a: Delphox|psn
|turn|6
|
|t:|1785442684
|detailschange|p2a: Delphox|Delphox-Mega, L50, M
|-mega|p2a: Delphox|Delphox|Delphoxite
|move|p1a: Whimsicott|Moonblast|p2a: Delphox
|-resisted|p2a: Delphox|1
|-damage|p2a: Delphox|82/100 psn
|move|p2a: Delphox|Psychic|p1a: Whimsicott
|-damage|p1a: Whimsicott|0 fnt
|faint|p1a: Whimsicott
|
|win|FatherPenguin
