|j|☆Pokeventurer
|j|☆onardragon
|html|Pokeventureronardragon    
|uhtml|bestof|Game 2 of a best-of-3
|t:|1757021619
|gametype|doubles
|player|p1|Pokeventurer|2|1093
|player|p2|onardragon|lance|1073
|gen|9
|tier|[Gen 9] VGC 2025 Reg H (Bo3)
|rated|
|rule|Species Clause: Limit one of each Pokémon
|rule|Item Clause: Limit 1 of each item
|clearpoke
|poke|p1|Basculegion, L50, M|
|poke|p1|Pelipper, L50, M|
|poke|p1|Archaludon, L50, M|
|poke|p1|Rillaboom, L50, F|
|poke|p1|Maushold, L50|
|poke|p1|Annihilape, L50, M|
|poke|p2|Hatterene, L50, F|
|poke|p2|Indeedee-F, L50, F|
|poke|p2|Volcarona, L50, F|
|poke|p2|Incineroar, L50, M|
|poke|p2|Gallade, L50, M|
|poke|p2|Archaludon, L50, M|
|teampreview|4
|showteam|p1|Basculegion||ChoiceBand|SwiftSwim|WaveCrash,FlipTurn,LastRespects,AquaJet|||M|||50|,,,,,Water]Pelipper||FocusSash|Drizzle|WeatherBall,Hurricane,Tailwind,Protect|||M|||50|,,,,,Stellar]Archaludon||AssaultVest|Stamina|ElectroShot,FlashCannon,Snarl,BodyPress|||M|||50|,,,,,Grass]Rillaboom||CobaBerry|GrassySurge|FakeOut,GrassyGlide,WoodHammer,Uturn|||F|||50|,,,,,Steel]Maushold||CovertCloak|FriendGuard|FollowMe,BeatUp,SuperFang,Taunt||||||50|,,,,,Ghost]Annihilape||SafetyGoggles|Defiant|DrainPunch,RageFist,BulkUp,Protect|||M|||50|,,,,,Fire
|showteam|p2|Hatterene||SitrusBerry|MagicBounce|ExpandingForce,DazzlingGleam,TrickRoom,Protect|||F|||50|,,,,,Steel]Indeedee-F||SafetyGoggles|PsychicSurge|FollowMe,TrickRoom,Psychic,HealPulse|||F|||50|,,,,,Water]Volcarona||RockyHelmet|FlameBody|GigaDrain,Flamethrower,QuiverDance,Protect|||F|||50|,,,,,Grass]Incineroar||AssaultVest|Intimidate|FakeOut,Uturn,FlareBlitz,KnockOff|||M|||50|,,,,,Grass]Gallade||ClearAmulet|Sharpness|SacredSword,PsychoCut,TrickRoom,Protect|||M|||50|,,,,,Psychic]Archaludon||PowerHerb|Sturdy|ElectroShot,DragonPulse,FlashCannon,Protect|||M|||50|,,,,,Electric
|inactive|Battle timer is ON: inactive players will automatically lose when time's up. (requested by onardragon)
|inactive|Pokeventurer also wants the timer to be on.
|
|t:|1757021631
|teamsize|p1|4
|teamsize|p2|4
|start
|switch|p1a: MonkeyDo|Annihilape, L50, M|100/100
|switch|p1b: MouseySee|Maushold, L50|100/100
|switch|p2a: Incineroar|Incineroar, L50, M|100/100
|switch|p2b: Archaludon|Archaludon, L50, M|100/100
|-ability|p2a: Incineroar|Intimidate|boost
|-unboost|p1a: MonkeyDo|atk|1
|-ability|p1a: MonkeyDo|Defiant|boost
|-boost|p1a: MonkeyDo|atk|2
|-unboost|p1b: MouseySee|atk|1
|turn|1
|inactive|onardragon has 30 seconds left.
|inactive|onardragon has 20 seconds left.
|
|t:|1757021668
|-terastallize|p2b: Archaludon|Electric
|move|p1b: MouseySee|Super Fang|p2b: Archaludon
|-damage|p2b: Archaludon|51/100
|move|p1a: MonkeyDo|Bulk Up|p1a: MonkeyDo
|-boost|p1a: MonkeyDo|atk|1
|-boost|p1a: MonkeyDo|def|1
|move|p2b: Archaludon|Electro Shot||[still]
|-prepare|p2b: Archaludon|Electro Shot
|-boost|p2b: Archaludon|spa|1
|-enditem|p2b: Archaludon|Power Herb
|-anim|p2b: Archaludon|Electro Shot|p1a: MonkeyDo
|-damage|p1a: MonkeyDo|37/100
|move|p2a: Incineroar|Knock Off|p1a: MonkeyDo
|-damage|p1a: MonkeyDo|16/100
|-enditem|p1a: MonkeyDo|Safety Goggles|[from] move: Knock Off|[of] p2a: Incineroar
|
|upkeep
|turn|2
|inactive|Pokeventurer has 30 seconds left.
|
|t:|1757021694
|move|p2b: Archaludon|Protect|p2b: Archaludon
|-singleturn|p2b: Archaludon|Protect
|move|p1b: MouseySee|Follow Me|p1b: MouseySee
|-singleturn|p1b: MouseySee|move: Follow Me
|move|p1a: MonkeyDo|Drain Punch|p2a: Incineroar
|-supereffective|p2a: Incineroar
|-damage|p2a: Incineroar|14/100
|-heal|p1a: MonkeyDo|58/100|[from] drain|[of] p2a: Incineroar
|move|p2a: Incineroar|U-turn|p1b: MouseySee
|-damage|p1b: MouseySee|76/100
|
|t:|1757021705
|switch|p2a: Indeedee|Indeedee-F, L50, F|100/100|[from] U-turn
|-fieldstart|move: Psychic Terrain|[from] ability: Psychic Surge|[of] p2a: Indeedee
|
|upkeep
|turn|3
|inactive|Pokeventurer has 30 seconds left.
|
|t:|1757021734
|switch|p2a: Hatterene|Hatterene, L50, F|100/100
|move|p1b: MouseySee|Super Fang|p2a: Hatterene
|-damage|p2a: Hatterene|50/100
|-enditem|p2a: Hatterene|Sitrus Berry|[eat]
|-heal|p2a: Hatterene|75/100|[from] item: Sitrus Berry
|move|p1a: MonkeyDo|Drain Punch|p2a: Hatterene
|-resisted|p2a: Hatterene
|-damage|p2a: Hatterene|60/100
|-heal|p1a: MonkeyDo|64/100|[from] drain|[of] p2a: Hatterene
|move|p2b: Archaludon|Electro Shot||[still]
|-prepare|p2b: Archaludon|Electro Shot
|-boost|p2b: Archaludon|spa|1
|
|upkeep
|turn|4
|inactive|onardragon has 30 seconds left.
|
|t:|1757021760
|switch|p2a: Indeedee|Indeedee-F, L50, F|100/100
|move|p1b: MouseySee|Taunt|p2b: Archaludon
|-start|p2b: Archaludon|move: Taunt
|move|p1a: MonkeyDo|Rage Fist|p2a: Indeedee
|-immune|p2a: Indeedee
|move|p2b: Archaludon|Electro Shot|p1a: MonkeyDo|[from] lockedmove
|-damage|p1a: MonkeyDo|0 fnt
|faint|p1a: MonkeyDo
|
|upkeep
|
|t:|1757021767
|switch|p1a: London Paris&Tokyo|Archaludon, L50, M|100/100
|turn|5
|
|t:|1757021788
|move|p1b: MouseySee|Beat Up|p1a: London Paris&Tokyo
|-damage|p1a: London Paris&Tokyo|99/100
|-ability|p1a: London Paris&Tokyo|Stamina|boost
|-boost|p1a: London Paris&Tokyo|def|1
|-damage|p1a: London Paris&Tokyo|99/100
|-ability|p1a: London Paris&Tokyo|Stamina|boost
|-boost|p1a: London Paris&Tokyo|def|1
|-damage|p1a: London Paris&Tokyo|98/100
|-ability|p1a: London Paris&Tokyo|Stamina|boost
|-boost|p1a: London Paris&Tokyo|def|1
|-hitcount|p1a: London Paris&Tokyo|3
|move|p2b: Archaludon|Dragon Pulse|p1a: London Paris&Tokyo
|-damage|p1a: London Paris&Tokyo|36/100
|-ability|p1a: London Paris&Tokyo|Stamina|boost
|-boost|p1a: London Paris&Tokyo|def|1
|move|p1a: London Paris&Tokyo|Body Press|p2b: Archaludon
|-damage|p2b: Archaludon|0 fnt
|faint|p2b: Archaludon
|move|p2a: Indeedee|Trick Room|p2a: Indeedee
|-fieldstart|move: Trick Room|[of] p2a: Indeedee
|
|upkeep
|
|t:|1757021806
|switch|p2b: Hatterene|Hatterene, L50, F|60/100
|turn|6
|
|t:|1757021821
|switch|p1a: MonkeyDo2|Rillaboom, L50, F|100/100
|-fieldstart|move: Grassy Terrain|[from] ability: Grassy Surge|[of] p1a: MonkeyDo2
|move|p2a: Indeedee|Follow Me|p2a: Indeedee
|-singleturn|p2a: Indeedee|move: Follow Me
|move|p2b: Hatterene|Expanding Force|p1a: MonkeyDo2
|-damage|p1a: MonkeyDo2|67/100
|move|p1b: MouseySee|Super Fang|p2a: Indeedee
|-damage|p2a: Indeedee|51/100
|
|-heal|p2b: Hatterene|66/100|[from] Grassy Terrain
|-heal|p2a: Indeedee|57/100|[from] Grassy Terrain
|-heal|p1a: MonkeyDo2|73/100|[from] Grassy Terrain
|-heal|p1b: MouseySee|82/100|[from] Grassy Terrain
|upkeep
|turn|7
|
|t:|1757021843
|switch|p2a: Incineroar|Incineroar, L50, M|14/100
|-ability|p2a: Incineroar|Intimidate|boost
|-unboost|p1a: MonkeyDo2|atk|1
|-unboost|p1b: MouseySee|atk|1
|-terastallize|p1a: MonkeyDo2|Steel
|move|p2b: Hatterene|Protect|p2b: Hatterene
|-singleturn|p2b: Hatterene|Protect
|move|p1a: MonkeyDo2|Wood Hammer|p2a: Incineroar
|-resisted|p2a: Incineroar
|-damage|p2a: Incineroar|0 fnt
|faint|p2a: Incineroar
|-damage|p1a: MonkeyDo2|69/100|[from] Recoil
|move|p1b: MouseySee|Super Fang|p2b: Hatterene
|-activate|p2b: Hatterene|move: Protect
|
|-heal|p2b: Hatterene|72/100|[from] Grassy Terrain
|-heal|p1a: MonkeyDo2|75/100|[from] Grassy Terrain
|-heal|p1b: MouseySee|88/100|[from] Grassy Terrain
|upkeep
|
|t:|1757021859
|switch|p2a: Indeedee|Indeedee-F, L50, F|57/100
|-fieldstart|move: Psychic Terrain|[from] ability: Psychic Surge|[of] p2a: Indeedee
|turn|8
|
|t:|1757021875
|switch|p1a: London Paris&Tokyo|Archaludon, L50, M|36/100
|move|p2b: Hatterene|Expanding Force|p1b: MouseySee|[spread] p1a,p1b
|-resisted|p1a: London Paris&Tokyo
|-damage|p1a: London Paris&Tokyo|13/100
|-damage|p1b: MouseySee|10/100
|-ability|p1a: London Paris&Tokyo|Stamina|boost
|-boost|p1a: London Paris&Tokyo|def|1
|move|p2a: Indeedee|Psychic|p1a: London Paris&Tokyo
|-resisted|p1a: London Paris&Tokyo
|-damage|p1a: London Paris&Tokyo|1/100
|-ability|p1a: London Paris&Tokyo|Stamina|boost
|-boost|p1a: London Paris&Tokyo|def|1
|move|p1b: MouseySee|Super Fang|p2a: Indeedee
|-damage|p2a: Indeedee|29/100
|
|upkeep
|turn|9
|inactive|Pokeventurer has 30 seconds left.
|
|t:|1757021901
|switch|p1a: MonkeyDo2|Rillaboom, L50, F, tera:Steel|75/100
|-fieldstart|move: Grassy Terrain|[from] ability: Grassy Surge|[of] p1a: MonkeyDo2
|move|p2b: Hatterene|Dazzling Gleam|p1a: MonkeyDo2|[spread] p1a,p1b
|-resisted|p1a: MonkeyDo2
|-damage|p1a: MonkeyDo2|63/100
|-damage|p1b: MouseySee|0 fnt
|faint|p1b: MouseySee
|move|p2a: Indeedee|Heal Pulse|p2b: Hatterene
|move|p2b: Hatterene|Heal Pulse|p2a: Indeedee|[from] ability: Magic Bounce
|-heal|p2a: Indeedee|79/100
|
|-heal|p2b: Hatterene|79/100|[from] Grassy Terrain
|-heal|p2a: Indeedee|85/100|[from] Grassy Terrain
|-heal|p1a: MonkeyDo2|68/100|[from] Grassy Terrain
|-fieldend|move: Trick Room
|upkeep
|
|t:|1757021908
|switch|p1b: London Paris&Tokyo|Archaludon, L50, M|1/100
|turn|10
|
|t:|1757021931
|move|p1b: London Paris&Tokyo|Snarl|p2a: Indeedee|[spread] p2a,p2b
|-supereffective|p2a: Indeedee
|-damage|p2a: Indeedee|56/100
|-damage|p2b: Hatterene|61/100
|-unboost|p2a: Indeedee|spa|1
|-unboost|p2b: Hatterene|spa|1
|move|p1a: MonkeyDo2|Wood Hammer|p2a: Indeedee
|-damage|p2a: Indeedee|0 fnt
|faint|p2a: Indeedee
|-damage|p1a: MonkeyDo2|53/100|[from] Recoil
|move|p2b: Hatterene|Dazzling Gleam|p1a: MonkeyDo2|[spread] p1a,p1b
|-resisted|p1a: MonkeyDo2
|-damage|p1a: MonkeyDo2|42/100
|-damage|p1b: London Paris&Tokyo|0 fnt
|faint|p1b: London Paris&Tokyo
|
|-heal|p1a: MonkeyDo2|48/100|[from] Grassy Terrain
|-heal|p2b: Hatterene|68/100|[from] Grassy Terrain
|upkeep
|turn|11
|inactive|onardragon has 30 seconds left.
|
|t:|1757021959
|move|p1a: MonkeyDo2|Wood Hammer|p2b: Hatterene
|-damage|p2b: Hatterene|0 fnt
|faint|p2b: Hatterene
|-damage|p1a: MonkeyDo2|31/100|[from] Recoil
|
|win|Pokeventurer
||onardragon is ready for game 3.
||Pokeventurer is ready for game 3.
|uhtml|next|Next: Game 3 of 3
|l|☆onardragon
|player|p2|
