|j|☆aqawa
|j|☆PopoVGC
|html|aqawaPopoVGC    
|uhtml|bestof|Game 2 of a best-of-3
|t:|1785205867
|gametype|doubles
|player|p1|aqawa|169|1174
|player|p2|PopoVGC|silver|1215
|gen|9
|tier|[Gen 9 Champions] VGC 2026 Reg M-B (Bo3)
|rated|
|rule|Species Clause: Limit one of each Pokémon
|rule|Item Clause: Limit 1 of each item
|clearpoke
|poke|p1|Kingambit, L50, M|
|poke|p1|Sinistcha, L50|
|poke|p1|Rotom-Wash, L50|
|poke|p1|Ninetales-Alola, L50, M|
|poke|p1|Dragalge, L50, M|
|poke|p1|Incineroar, L50, M|
|poke|p2|Pidgeot, L50, F|
|poke|p2|Excadrill, L50, M|
|poke|p2|Tyranitar, L50, M|
|poke|p2|Tsareena, L50, F|
|poke|p2|Gholdengo, L50|
|poke|p2|Rotom-Wash, L50|
|teampreview|4
|showteam|p1|Kingambit||BlackGlasses|Defiant|KowtowCleave,SuckerPunch,LowKick,Protect|Adamant||M|||50|]Sinistcha||OccaBerry|Hospitality|MatchaGotcha,RagePowder,TrickRoom,Protect|Relaxed|||||50|]Rotom-Wash||ChoiceScarf|Levitate|HydroPump,Thunderbolt,WillOWisp,VoltSwitch|Modest|||||50|]Ninetales-Alola||FocusSash|SnowWarning|Blizzard,FreezeDry,AuroraVeil,Protect|Timid||M|||50|]Dragalge||Dragalgite|Adaptability|SludgeBomb,DragonPulse,Thunderbolt,Protect|Modest||M|||50|]Incineroar||SitrusBerry|Intimidate|FakeOut,FlareBlitz,DarkestLariat,PartingShot|Impish||M|||50|
|showteam|p2|Pidgeot||Pidgeotite|BigPecks|Hurricane,HeatWave,Tailwind,Protect|Timid||F|||50|]Excadrill||FocusSash|SandRush|Earthquake,IronHead,RockSlide,Protect|Adamant||M|||50|]Tyranitar||Tyranitarite|SandStream|RockSlide,KnockOff,Protect,LowKick|Adamant||M|||50|]Tsareena||ChoiceScarf|QueenlyMajesty|PowerWhip,TripleAxel,Uturn,LowKick|Jolly||F|||50|]Gholdengo||Leftovers|GoodasGold|ShadowBall,MakeItRain,NastyPlot,Protect|Modest|||||50|]Rotom-Wash||SitrusBerry|Levitate|HydroPump,Thunderbolt,WillOWisp,Protect|Bold|||||50|
|inactive|Battle timer is ON: inactive players will automatically lose when time's up. (requested by aqawa)
|
|t:|1785205885
|teamsize|p1|4
|teamsize|p2|4
|start
|switch|p1a: Rotom|Rotom-Wash, L50|100/100
|switch|p1b: Incineroar|Incineroar, L50, M|100/100
|switch|p2a: Rotom|Rotom-Wash, L50|100/100
|switch|p2b: Tyranitar|Tyranitar, L50, M|100/100
|-weather|Sandstorm|[from] ability: Sand Stream|[of] p2b: Tyranitar
|-ability|p1b: Incineroar|Intimidate|boost
|-unboost|p2a: Rotom|atk|1
|-unboost|p2b: Tyranitar|atk|1
|turn|1
|
|t:|1785205910
|switch|p1b: Sinistcha|Sinistcha, L50|100/100
|move|p1a: Rotom|Thunderbolt|p2a: Rotom
|-damage|p2a: Rotom|53/100
|move|p2a: Rotom|Thunderbolt|p1a: Rotom
|-damage|p1a: Rotom|62/100
|move|p2b: Tyranitar|Knock Off|p1b: Sinistcha
|-supereffective|p1b: Sinistcha|1
|-damage|p1b: Sinistcha|42/100
|-enditem|p1b: Sinistcha|Occa Berry|[from] move: Knock Off|[of] p2b: Tyranitar
|
|-weather|Sandstorm|[upkeep]
|-damage|p1a: Rotom|56/100|[from] Sandstorm
|-damage|p2a: Rotom|47/100|[from] Sandstorm
|-damage|p1b: Sinistcha|36/100|[from] Sandstorm
|-enditem|p2a: Rotom|Sitrus Berry|[eat]
|-heal|p2a: Rotom|72/100|[from] item: Sitrus Berry
|upkeep
|turn|2
|inactive|aqawa has 30 seconds left.
|
|t:|1785205940
|switch|p2a: Tsareena|Tsareena, L50, F|100/100
|switch|p1b: Incineroar|Incineroar, L50, M|100/100
|-ability|p1b: Incineroar|Intimidate|boost
|-unboost|p2a: Tsareena|atk|1
|-unboost|p2b: Tyranitar|atk|1
|move|p1a: Rotom|Thunderbolt|p2a: Tsareena
|-resisted|p2a: Tsareena|1
|-damage|p2a: Tsareena|75/100
|-status|p2a: Tsareena|par
|move|p2b: Tyranitar|Knock Off|p1a: Rotom
|-damage|p1a: Rotom|24/100
|-enditem|p1a: Rotom|Choice Scarf|[from] move: Knock Off|[of] p2b: Tyranitar
|
|-weather|Sandstorm|[upkeep]
|-damage|p1a: Rotom|18/100|[from] Sandstorm
|-damage|p2a: Tsareena|69/100 par|[from] Sandstorm
|-damage|p1b: Incineroar|94/100|[from] Sandstorm
|upkeep
|turn|3
|
|t:|1785205959
|switch|p1a: Dragalge|Dragalge, L50, M|100/100
|move|p2b: Tyranitar|Knock Off|p1b: Incineroar
|-resisted|p1b: Incineroar|1
|-damage|p1b: Incineroar|82/100
|-enditem|p1b: Incineroar|Sitrus Berry|[from] move: Knock Off|[of] p2b: Tyranitar
|move|p2a: Tsareena|U-turn|p1a: Dragalge
|-resisted|p1a: Dragalge|1
|-damage|p1a: Dragalge|92/100
|
|t:|1785205968
|switch|p2a: Rotom|Rotom-Wash, L50|72/100|[from] U-turn
|move|p1b: Incineroar|Parting Shot|p2b: Tyranitar
|-unboost|p2b: Tyranitar|atk|1
|-unboost|p2b: Tyranitar|spa|1
|
|t:|1785205978
|switch|p1b: Sinistcha|Sinistcha, L50|36/100|[from] Parting Shot
|-heal|p1a: Dragalge|100/100|[from] ability: Hospitality|[of] p1b: Sinistcha
|
|-weather|Sandstorm|[upkeep]
|-damage|p2a: Rotom|66/100|[from] Sandstorm
|-damage|p1b: Sinistcha|30/100|[from] Sandstorm
|-damage|p1a: Dragalge|94/100|[from] Sandstorm
|upkeep
|turn|4
|
|t:|1785205990
|move|p2a: Rotom|Thunderbolt|p1b: Sinistcha
|-resisted|p1b: Sinistcha|1
|-damage|p1b: Sinistcha|13/100
|move|p2b: Tyranitar|Knock Off|p1b: Sinistcha
|-supereffective|p1b: Sinistcha|1
|-damage|p1b: Sinistcha|0 fnt
|faint|p1b: Sinistcha
|move|p1a: Dragalge|Thunderbolt|p2a: Rotom
|-damage|p2a: Rotom|35/100
|
|-weather|Sandstorm|[upkeep]
|-damage|p2a: Rotom|29/100|[from] Sandstorm
|-damage|p1a: Dragalge|88/100|[from] Sandstorm
|upkeep
|
|t:|1785206011
|switch|p1b: Rotom|Rotom-Wash, L50|18/100
|turn|5
|
|t:|1785206020
|switch|p2b: Tsareena|Tsareena, L50, F|69/100 par
|detailschange|p1a: Dragalge|Dragalge-Mega, L50, M
|-mega|p1a: Dragalge|Dragalge|Dragalgite
|move|p1b: Rotom|Thunderbolt|p2a: Rotom
|-damage|p2a: Rotom|0 fnt
|faint|p2a: Rotom
|move|p1a: Dragalge|Dragon Pulse|p2b: Tsareena
|-damage|p2b: Tsareena|8/100 par
|
|-weather|none
|upkeep
|
|t:|1785206031
|switch|p2a: Tyranitar|Tyranitar, L50, M|100/100
|-weather|Sandstorm|[from] ability: Sand Stream|[of] p2a: Tyranitar
|turn|6
|
|t:|1785206053
|-heal|p1a: Dragalge|100/100|[from] ability: Regenerator|[silent]
|switch|p1a: Incineroar|Incineroar, L50, M|82/100
|-ability|p1a: Incineroar|Intimidate|boost
|-unboost|p2a: Tyranitar|atk|1
|-unboost|p2b: Tsareena|atk|1
|move|p2a: Tyranitar|Protect|p2a: Tyranitar
|-singleturn|p2a: Tyranitar|Protect
|move|p1b: Rotom|Will-O-Wisp|p2a: Tyranitar
|-activate|p2a: Tyranitar|move: Protect
|move|p2b: Tsareena|Power Whip|p1b: Rotom
|-supereffective|p1b: Rotom|1
|-damage|p1b: Rotom|0 fnt
|faint|p1b: Rotom
|
|-weather|Sandstorm|[upkeep]
|-damage|p2b: Tsareena|2/100 par|[from] Sandstorm
|-damage|p1a: Incineroar|76/100|[from] Sandstorm
|upkeep
|
|t:|1785206068
|switch|p1b: Dragalge|Dragalge-Mega, L50, M|100/100
|turn|7
|
|t:|1785206076
|switch|p2a: Pidgeot|Pidgeot, L50, F|100/100
|move|p1a: Incineroar|Fake Out||[still]
|cant|p2b: Tsareena|ability: Queenly Majesty|Fake Out|[of] p1a: Incineroar
|move|p2b: Tsareena|Power Whip|p1a: Incineroar|[miss]
|-miss|p2b: Tsareena|p1a: Incineroar
|move|p1b: Dragalge|Dragon Pulse|p2a: Pidgeot
|-damage|p2a: Pidgeot|26/100
|
|-weather|Sandstorm|[upkeep]
|-damage|p2a: Pidgeot|20/100y|[from] Sandstorm
|-damage|p2b: Tsareena|0 fnt|[from] Sandstorm
|-damage|p1a: Incineroar|70/100|[from] Sandstorm
|-damage|p1b: Dragalge|94/100|[from] Sandstorm
|faint|p2b: Tsareena
|upkeep
|
|t:|1785206083
|switch|p2b: Tyranitar|Tyranitar, L50, M|100/100
|turn|8
|
|t:|1785206104
|detailschange|p2b: Tyranitar|Tyranitar-Mega, L50, M
|-mega|p2b: Tyranitar|Tyranitar|Tyranitarite
|move|p2a: Pidgeot|Protect|p2a: Pidgeot
|-singleturn|p2a: Pidgeot|Protect
|move|p2b: Tyranitar|Rock Slide|p1a: Incineroar|[spread] p1a,p1b
|-supereffective|p1a: Incineroar|1
|-damage|p1a: Incineroar|14/100
|-damage|p1b: Dragalge|61/100
|move|p1a: Incineroar|Parting Shot|p2b: Tyranitar
|-unboost|p2b: Tyranitar|atk|1
|-unboost|p2b: Tyranitar|spa|1
|cant|p1b: Dragalge|flinch
|
|-weather|Sandstorm|[upkeep]
|-damage|p2a: Pidgeot|14/100|[from] Sandstorm
|-damage|p1a: Incineroar|8/100|[from] Sandstorm
|-damage|p1b: Dragalge|55/100|[from] Sandstorm
|upkeep
|turn|9
|
|t:|1785206113
|move|p1b: Dragalge|Protect|p1b: Dragalge
|-singleturn|p1b: Dragalge|Protect
|move|p2a: Pidgeot|Hurricane|p1b: Dragalge
|-activate|p1b: Dragalge|move: Protect
|move|p2b: Tyranitar|Rock Slide|p1b: Dragalge|[spread] p1a
|-activate|p1b: Dragalge|move: Protect
|-supereffective|p1a: Incineroar|1
|-damage|p1a: Incineroar|0 fnt
|faint|p1a: Incineroar
|
|-weather|Sandstorm|[upkeep]
|-damage|p2a: Pidgeot|8/100|[from] Sandstorm
|-damage|p1b: Dragalge|49/100|[from] Sandstorm
|upkeep
|turn|10
|
|t:|1785206124
|move|p2a: Pidgeot|Hurricane|p1b: Dragalge
|-damage|p1b: Dragalge|23/100
|move|p2b: Tyranitar|Rock Slide|p1b: Dragalge
|-damage|p1b: Dragalge|0 fnt
|faint|p1b: Dragalge
|
|win|PopoVGC
||aqawa is ready for game 3.
|inactive|PopoVGC has 30 seconds to confirm battle start!
||PopoVGC is ready for game 3.
|uhtml|next|Next: Game 3 of 3
