|j|☆Screammmmm1
|j|☆caarlos.g_7
|html|Screammmmm1caarlos.g_7    
|uhtml|bestof|Game 3 of a best-of-3
|t:|1782202198
|gametype|doubles
|player|p1|Screammmmm1|n|1120
|player|p2|caarlos.g_7|grimsley|1078
|gen|9
|tier|[Gen 9 Champions] VGC 2026 Reg M-B (Bo3)
|rated|
|rule|Species Clause: Limit one of each Pokémon
|rule|Item Clause: Limit 1 of each item
|clearpoke
|poke|p1|Tyranitar, L50, M|
|poke|p1|Whimsicott, L50, F|
|poke|p1|Houndstone, L50, M|
|poke|p1|Garchomp, L50, M|
|poke|p1|Basculegion, L50, M|
|poke|p1|Metagross, L50, shiny|
|poke|p2|Charizard, L50, F, shiny|
|poke|p2|Whimsicott, L50, M|
|poke|p2|Garchomp, L50, M|
|poke|p2|Gholdengo, L50|
|poke|p2|Kangaskhan, L50, F|
|poke|p2|Incineroar, L50, M, shiny|
|teampreview|4
|showteam|p1|Tyranitar||Tyranitarite|SandStream|RockSlide,DragonDance,Protect,KnockOff|Jolly||M|||50|]Whimsicott||FairyFeather|Prankster|Taunt,Moonblast,Tailwind,Encore|Bold||F|||50|]Houndstone||SitrusBerry|SandRush|WillOWisp,LastRespects,Protect,Howl|Jolly||M|||50|]Garchomp||LifeOrb|SandVeil|RockSlide,StompingTantrum,Protect,DragonClaw|Jolly||M|||50|]Basculegion||ChoiceScarf|Adaptability|FlipTurn,WaveCrash,LastRespects,AquaJet|Jolly||M|||50|]Metagross||Metagrossite|ClearBody|IcePunch,BulletPunch,PsychicFangs,Protect|Careful|||||50|
|showteam|p2|Charizard||CharizarditeY|Blaze|WeatherBall,HeatWave,SolarBeam,Protect|Modest||F|||50|]Whimsicott||FocusSash|Prankster|Moonblast,Tailwind,Encore,Protect|Timid||M|||50|]Garchomp||LifeOrb|RoughSkin|Earthquake,DragonClaw,RockSlide,Protect|Jolly||M|||50|]Gholdengo||SpellTag|GoodasGold|MakeItRain,ShadowBall,NastyPlot,Protect|Modest|||||50|]Kangaskhan||Kangaskhanite|Scrappy|DoubleEdge,IcePunch,LowKick,FakeOut|Adamant||F|||50|]Incineroar||SitrusBerry|Intimidate|FlareBlitz,ThroatChop,PartingShot,FakeOut|Careful||M|||50|
|inactive|Battle timer is ON: inactive players will automatically lose when time's up. (requested by caarlos.g_7)
|inactive|caarlos.g_7 has 60 seconds left.
|
|t:|1782202230
|teamsize|p1|4
|teamsize|p2|4
|start
|switch|p1a: Houndstone|Houndstone, L50, M|100/100
|switch|p1b: Tyranitar|Tyranitar, L50, M|100/100
|switch|p2a: Incineroar|Incineroar, L50, M, shiny|100/100
|switch|p2b: Whimsicott|Whimsicott, L50, M|100/100
|-weather|Sandstorm|[from] ability: Sand Stream|[of] p1b: Tyranitar
|-ability|p2a: Incineroar|Intimidate|boost
|-unboost|p1a: Houndstone|atk|1
|-unboost|p1b: Tyranitar|atk|1
|turn|1
|inactive|Screammmmm1 has 30 seconds left.
|inactive|caarlos.g_7 has 30 seconds left.
|
|t:|1782202258
|move|p2b: Whimsicott|Tailwind|p2b: Whimsicott
|-sidestart|p2: caarlos.g_7|move: Tailwind
|move|p1a: Houndstone|Howl|p1a: Houndstone|[spread] p1a,p1b
|-boost|p1a: Houndstone|atk|1
|-boost|p1b: Tyranitar|atk|1
|move|p2a: Incineroar|Parting Shot|p1b: Tyranitar
|-unboost|p1b: Tyranitar|atk|1
|-unboost|p1b: Tyranitar|spa|1
|
|t:|1782202271
|switch|p2a: Kangaskhan|Kangaskhan, L50, F|100/100|[from] Parting Shot
|move|p1b: Tyranitar|Dragon Dance|p1b: Tyranitar
|-boost|p1b: Tyranitar|atk|1
|-boost|p1b: Tyranitar|spe|1
|
|-weather|Sandstorm|[upkeep]
|-damage|p2b: Whimsicott|94/100|[from] Sandstorm
|-damage|p2a: Kangaskhan|94/100|[from] Sandstorm
|upkeep
|turn|2
|inactive|Screammmmm1 has 30 seconds left.
|inactive|Screammmmm1 has 20 seconds left.
|
|t:|1782202312
|detailschange|p2a: Kangaskhan|Kangaskhan-Mega, L50, F
|-mega|p2a: Kangaskhan|Kangaskhan|Kangaskhanite
|move|p1a: Houndstone|Protect|p1a: Houndstone
|-singleturn|p1a: Houndstone|Protect
|move|p1b: Tyranitar|Protect|p1b: Tyranitar
|-singleturn|p1b: Tyranitar|Protect
|move|p2b: Whimsicott|Encore|p1a: Houndstone
|-activate|p1a: Houndstone|move: Protect
|move|p2a: Kangaskhan|Low Kick|p1b: Tyranitar
|-activate|p1b: Tyranitar|move: Protect
|
|-weather|Sandstorm|[upkeep]
|-damage|p2b: Whimsicott|88/100|[from] Sandstorm
|-damage|p2a: Kangaskhan|88/100|[from] Sandstorm
|upkeep
|turn|3
|inactive|Screammmmm1 has 30 seconds left.
|
|t:|1782202346
|switch|p1b: Basculegion|Basculegion, L50, M|100/100
|move|p2b: Whimsicott|Encore|p1a: Houndstone
|-start|p1a: Houndstone|Encore
|move|p1a: Houndstone|Protect||[still]
|-fail|p1a: Houndstone
|move|p2a: Kangaskhan|Low Kick|p1b: Basculegion
|-immune|p1b: Basculegion
|
|-weather|Sandstorm|[upkeep]
|-damage|p2b: Whimsicott|82/100|[from] Sandstorm
|-damage|p2a: Kangaskhan|82/100|[from] Sandstorm
|-damage|p1b: Basculegion|93/100|[from] Sandstorm
|upkeep
|turn|4
|
|t:|1782202368
|switch|p2b: Incineroar|Incineroar, L50, M, shiny|100/100
|-ability|p2b: Incineroar|Intimidate|boost
|-unboost|p1a: Houndstone|atk|1
|-unboost|p1b: Basculegion|atk|1
|switch|p1a: Tyranitar|Tyranitar, L50, M|100/100
|switch|p2a: Gholdengo|Gholdengo, L50|100/100
|move|p1b: Basculegion|Flip Turn|p2a: Gholdengo
|-damage|p2a: Gholdengo|79/100
|
|t:|1782202389
|switch|p1b: Garchomp|Garchomp, L50, M|100/100|[from] Flip Turn
|
|-weather|Sandstorm|[upkeep]
|-damage|p2b: Incineroar|94/100|[from] Sandstorm
|-sideend|p2: caarlos.g_7|move: Tailwind
|upkeep
|turn|5
|
|t:|1782202404
|detailschange|p1a: Tyranitar|Tyranitar-Mega, L50, M
|-mega|p1a: Tyranitar|Tyranitar|Tyranitarite
|move|p2a: Gholdengo|Protect|p2a: Gholdengo
|-singleturn|p2a: Gholdengo|Protect
|move|p1b: Garchomp|Stomping Tantrum|p2a: Gholdengo
|-activate|p2a: Gholdengo|move: Protect
|move|p1a: Tyranitar|Knock Off|p2a: Gholdengo
|-activate|p2a: Gholdengo|move: Protect
|move|p2b: Incineroar|Parting Shot|p1a: Tyranitar
|-unboost|p1a: Tyranitar|atk|1
|-unboost|p1a: Tyranitar|spa|1
|
|t:|1782202417
|switch|p2b: Kangaskhan|Kangaskhan-Mega, L50, F|82/100|[from] Parting Shot
|
|-weather|none
|upkeep
|turn|6
|
|t:|1782202441
|switch|p1a: Basculegion|Basculegion, L50, M|93/100
|switch|p2a: Incineroar|Incineroar, L50, M, shiny|94/100
|-ability|p2a: Incineroar|Intimidate|boost
|-unboost|p1a: Basculegion|atk|1
|-unboost|p1b: Garchomp|atk|1
|move|p1b: Garchomp|Protect|p1b: Garchomp
|-singleturn|p1b: Garchomp|Protect
|move|p2b: Kangaskhan|Low Kick|p1a: Basculegion
|-immune|p1a: Basculegion
|
|upkeep
|turn|7
|inactive|Screammmmm1 has 30 seconds left.
|
|t:|1782202467
|switch|p1b: Houndstone|Houndstone, L50, M|100/100
|switch|p2b: Whimsicott|Whimsicott, L50, M|82/100
|move|p1a: Basculegion|Flip Turn|p2a: Incineroar
|-supereffective|p2a: Incineroar|1
|-damage|p2a: Incineroar|46/100
|-enditem|p2a: Incineroar|Sitrus Berry|[eat]
|-heal|p2a: Incineroar|71/100|[from] item: Sitrus Berry
|
|t:|1782202477
|switch|p1a: Tyranitar|Tyranitar-Mega, L50, M|100/100|[from] Flip Turn
|-weather|Sandstorm|[from] ability: Sand Stream|[of] p1a: Tyranitar
|move|p2a: Incineroar|Parting Shot|p1a: Tyranitar
|-unboost|p1a: Tyranitar|atk|1
|-unboost|p1a: Tyranitar|spa|1
|
|t:|1782202495
|switch|p2a: Gholdengo|Gholdengo, L50|79/100|[from] Parting Shot
|
|-weather|Sandstorm|[upkeep]
|-damage|p2b: Whimsicott|76/100|[from] Sandstorm
|upkeep
|turn|8
|inactive|Screammmmm1 has 30 seconds left.
|inactive|Screammmmm1 has 20 seconds left.
|
|t:|1782202530
|move|p1b: Houndstone|Protect|p1b: Houndstone
|-singleturn|p1b: Houndstone|Protect
|move|p2b: Whimsicott|Tailwind|p2b: Whimsicott
|-sidestart|p2: caarlos.g_7|move: Tailwind
|move|p2a: Gholdengo|Shadow Ball|p1b: Houndstone
|-activate|p1b: Houndstone|move: Protect
|move|p1a: Tyranitar|Knock Off|p2b: Whimsicott
|-resisted|p2b: Whimsicott|1
|-damage|p2b: Whimsicott|48/100
|-enditem|p2b: Whimsicott|Focus Sash|[from] move: Knock Off|[of] p1a: Tyranitar
|
|-weather|Sandstorm|[upkeep]
|-damage|p2b: Whimsicott|42/100|[from] Sandstorm
|upkeep
|turn|9
|
|t:|1782202552
|switch|p2b: Kangaskhan|Kangaskhan-Mega, L50, F|82/100
|move|p1b: Houndstone|Last Respects|p2a: Gholdengo
|-supereffective|p2a: Gholdengo|1
|-damage|p2a: Gholdengo|48/100
|move|p2a: Gholdengo|Shadow Ball|p1b: Houndstone
|-supereffective|p1b: Houndstone|1
|-damage|p1b: Houndstone|0 fnt
|faint|p1b: Houndstone
|move|p1a: Tyranitar|Knock Off|p2a: Gholdengo
|-supereffective|p2a: Gholdengo|1
|-damage|p2a: Gholdengo|0 fnt
|-enditem|p2a: Gholdengo|Spell Tag|[from] move: Knock Off|[of] p1a: Tyranitar
|faint|p2a: Gholdengo
|
|-weather|Sandstorm|[upkeep]
|-damage|p2b: Kangaskhan|76/100|[from] Sandstorm
|upkeep
|
|t:|1782202565
|switch|p1b: Garchomp|Garchomp, L50, M|100/100
|switch|p2a: Incineroar|Incineroar, L50, M, shiny|71/100
|-ability|p2a: Incineroar|Intimidate|boost
|-unboost|p1a: Tyranitar|atk|1
|-unboost|p1b: Garchomp|atk|1
|turn|10
|
|t:|1782202579
|switch|p1b: Basculegion|Basculegion, L50, M|93/100
|switch|p2a: Whimsicott|Whimsicott, L50, M|42/100
|move|p1a: Tyranitar|Protect|p1a: Tyranitar
|-singleturn|p1a: Tyranitar|Protect
|move|p2b: Kangaskhan|Fake Out|p1b: Basculegion
|-immune|p1b: Basculegion
|
|-weather|Sandstorm|[upkeep]
|-damage|p2a: Whimsicott|36/100|[from] Sandstorm
|-damage|p2b: Kangaskhan|70/100|[from] Sandstorm
|-damage|p1b: Basculegion|87/100|[from] Sandstorm
|upkeep
|turn|11
|inactive|Screammmmm1 has 30 seconds left.
|inactive|Screammmmm1 has 20 seconds left.
|
|t:|1782202616
|switch|p2a: Incineroar|Incineroar, L50, M, shiny|71/100
|-ability|p2a: Incineroar|Intimidate|boost
|-unboost|p1a: Tyranitar|atk|1
|-unboost|p1b: Basculegion|atk|1
|switch|p1a: Garchomp|Garchomp, L50, M|100/100
|move|p2b: Kangaskhan|Ice Punch|p1a: Garchomp
|-supereffective|p1a: Garchomp|2
|-damage|p1a: Garchomp|0 fnt
|faint|p1a: Garchomp
|move|p1b: Basculegion|Flip Turn|p2a: Incineroar
|-supereffective|p2a: Incineroar|1
|-damage|p2a: Incineroar|29/100
|
|t:|1782202624
|switch|p1b: Tyranitar|Tyranitar-Mega, L50, M|100/100|[from] Flip Turn
|
|-weather|none
|-sideend|p2: caarlos.g_7|move: Tailwind
|upkeep
|
|t:|1782202625
|switch|p1a: Basculegion|Basculegion, L50, M|87/100
|turn|12
|
|t:|1782202641
|switch|p2a: Whimsicott|Whimsicott, L50, M|36/100
|move|p1a: Basculegion|Wave Crash|p2b: Kangaskhan
|-damage|p2b: Kangaskhan|15/100
|-damage|p1a: Basculegion|70/100|[from] Recoil
|move|p2b: Kangaskhan|Low Kick|p1b: Tyranitar
|-supereffective|p1b: Tyranitar|2
|-damage|p1b: Tyranitar|0 fnt
|faint|p1b: Tyranitar
|
|upkeep
|turn|13
|
|t:|1782202655
|move|p2a: Whimsicott|Tailwind|p2a: Whimsicott
|-sidestart|p2: caarlos.g_7|move: Tailwind
|move|p2b: Kangaskhan|Ice Punch|p1a: Basculegion
|-resisted|p1a: Basculegion|1
|-damage|p1a: Basculegion|54/100
|-resisted|p1a: Basculegion|1
|-damage|p1a: Basculegion|51/100
|-status|p1a: Basculegion|frz
|-hitcount|p1a: Basculegion|2
|cant|p1a: Basculegion|frz
|
|upkeep
|turn|14
|
|t:|1782202668
|switch|p2b: Incineroar|Incineroar, L50, M, shiny|29/100
|-ability|p2b: Incineroar|Intimidate|boost
|-unboost|p1a: Basculegion|atk|1
|move|p2a: Whimsicott|Moonblast|p1a: Basculegion
|-damage|p1a: Basculegion|7/100 frz
|cant|p1a: Basculegion|frz
|
|upkeep
|turn|15
|
|t:|1782202680
|move|p2a: Whimsicott|Moonblast|p1a: Basculegion
|-damage|p1a: Basculegion|0 fnt
|faint|p1a: Basculegion
|
|win|caarlos.g_7
|raw|Screammmmm1's rating: 1120 → 1092(-28 for losing)
|raw|caarlos.g_7's rating: 1078 → 1110(+32 for winning)
|l|☆Screammmmm1
|player|p1|
