|j|☆kanonkugle
|j|☆Sky_Yagami95
|html|kanonkugleSky_Yagami95    
|uhtml|bestof|Game 3 of a best-of-3
|t:|1783326020
|gametype|doubles
|player|p1|kanonkugle|unknown|
|player|p2|Sky_Yagami95|riley|
|gen|9
|tier|[Gen 9 Champions] VGC 2026 Reg M-B (Bo3)
|rule|Species Clause: Limit one of each Pokémon
|rule|Item Clause: Limit 1 of each item
|clearpoke
|poke|p1|Pelipper, L50, F|
|poke|p1|Eelektross, L50, F|
|poke|p1|Basculegion-F, L50, F|
|poke|p1|Politoed, L50, M|
|poke|p1|Roserade, L50, M|
|poke|p1|Archaludon, L50, M|
|poke|p2|Lycanroc, L50, M|
|poke|p2|Lucario, L50, M|
|poke|p2|Goodra, L50, M|
|poke|p2|Samurott-Hisui, L50, M|
|poke|p2|Altaria, L50, F|
|poke|p2|Umbreon, L50, M|
|teampreview|4
|showteam|p1|Pelipper||DampRock|Drizzle|Hurricane,HydroPump,Tailwind,Uturn|Modest||F|||50|]Eelektross||Eelektrossite|Levitate|Thunder,Liquidation,ThunderWave,Coil|Hasty||F|||50|]Basculegion-F||LifeOrb|SwiftSwim|LastRespects,Waterfall,AquaJet,IceFang|Adamant||F|||50|]Politoed||Leftovers|Drizzle|HelpingHand,IcyWind,HydroPump,Rest|Modest||M|||50|]Roserade||BigRoot|PoisonPoint|LeechSeed,Toxic,SludgeBomb,GigaDrain|Calm||M|||50|]Archaludon||SitrusBerry|Stamina|ElectroShot,FlashCannon,AuraSphere,Protect|Timid||M|||50|
|showteam|p2|Lycanroc||FocusSash|KeenEye|PlayRough,DrillRun,Endeavor,SuckerPunch|Jolly||M|||50|]Lucario||Lucarionite|InnerFocus|CloseCombat,MeteorMash,BulletPunch,BrickBreak|Jolly||M|||50|]Goodra||DampRock|Hydration|RainDance,DracoMeteor,Toxic,Rest|Calm||M|||50|]Samurott-Hisui||MentalHerb|Sharpness|AquaCutter,AirSlash,NightSlash,SacredSword|Naive||M|||50|]Altaria||Altarianite|CloudNine|DracoMeteor,BraveBird,Facade,AlluringVoice|Rash||F|||50|]Umbreon||LumBerry|Synchronize|Toxic,Substitute,Moonlight,DarkPulse|Calm||M|||50|
|j| Sculked
|
|t:|1783326034
|teamsize|p1|4
|teamsize|p2|4
|start
|switch|p1a: Pelipper|Pelipper, L50, F|100/100
|switch|p1b: abros cc9|Roserade, L50, M|100/100
|switch|p2a: Umbreon|Umbreon, L50, M|100/100
|switch|p2b: Lucario|Lucario, L50, M|100/100
|-weather|RainDance|[from] ability: Drizzle|[of] p1a: Pelipper
|turn|1
|
|t:|1783326071
|detailschange|p2b: Lucario|Lucario-Mega, L50, M
|-mega|p2b: Lucario|Lucario|Lucarionite
|move|p2b: Lucario|Meteor Mash|p1a: Pelipper
|-resisted|p1a: Pelipper|1
|-damage|p1a: Pelipper|60/100
|move|p1b: abros cc9|Leech Seed|p2a: Umbreon
|-start|p2a: Umbreon|move: Leech Seed
|move|p1a: Pelipper|Tailwind|p1a: Pelipper
|-sidestart|p1: kanonkugle|move: Tailwind
|move|p2a: Umbreon|Toxic|p1b: abros cc9|[miss]
|-miss|p2a: Umbreon|p1b: abros cc9
|
|-weather|RainDance|[upkeep]
|-damage|p2a: Umbreon|87/100|[from] Leech Seed|[of] p1b: abros cc9
|upkeep
|turn|2
|
|t:|1783326124
|move|p1b: abros cc9|Leech Seed|p2b: Lucario
|-start|p2b: Lucario|move: Leech Seed
|move|p2b: Lucario|Meteor Mash|p1b: abros cc9
|-damage|p1b: abros cc9|0 fnt
|faint|p1b: abros cc9
|move|p1a: Pelipper|U-turn|p2a: Umbreon
|-supereffective|p2a: Umbreon|1
|-damage|p2a: Umbreon|72/100
|
|t:|1783326136
|switch|p1a: Archaludon|Archaludon, L50, M|100/100|[from] U-turn
|move|p2a: Umbreon|Dark Pulse|p1a: Archaludon
|-damage|p1a: Archaludon|72/100
|-ability|p1a: Archaludon|Stamina|boost
|-boost|p1a: Archaludon|def|1
|
|-weather|RainDance|[upkeep]
|upkeep
|
|t:|1783326139
|switch|p1b: Eelektross|Eelektross, L50, F|100/100
|turn|3
|
|t:|1783326179
|detailschange|p1b: Eelektross|Eelektross-Mega, L50, F
|-mega|p1b: Eelektross|Eelektross|Eelektrossite
|move|p1a: Archaludon|Aura Sphere|p2b: Lucario
|-supereffective|p2b: Lucario|1
|-damage|p2b: Lucario|8/100
|move|p1b: Eelektross|Thunder|p2b: Lucario
|-damage|p2b: Lucario|0 fnt
|faint|p2b: Lucario
|-ability|p1b: Eelektross|Eelevate|boost
|-boost|p1b: Eelektross|atk|1
|move|p2a: Umbreon|Dark Pulse|p1b: Eelektross
|-damage|p1b: Eelektross|75/100
|
|-weather|RainDance|[upkeep]
|-damage|p2a: Umbreon|60/100|[from] Leech Seed|[of] p1b: Eelektross
|-heal|p1b: Eelektross|91/100|[silent]
|upkeep
|
|t:|1783326200
|switch|p2b: Samurott|Samurott-Hisui, L50, M|100/100
|turn|4
|
|t:|1783326211
|move|p1a: Archaludon|Electro Shot||[still]
|-prepare|p1a: Archaludon|Electro Shot
|-boost|p1a: Archaludon|spa|1
|-anim|p1a: Archaludon|Electro Shot|p2b: Samurott
|-supereffective|p2b: Samurott|1
|-damage|p2b: Samurott|0 fnt
|faint|p2b: Samurott
|move|p1b: Eelektross|Thunder|p2a: Umbreon
|-damage|p2a: Umbreon|32/100
|move|p2a: Umbreon|Toxic|p1b: Eelektross
|-status|p1b: Eelektross|tox
|
|-weather|RainDance|[upkeep]
|-damage|p2a: Umbreon|20/100r|[from] Leech Seed|[of] p1b: Eelektross
|-heal|p1b: Eelektross|100/100 tox|[silent]
|-damage|p1b: Eelektross|93/100 tox|[from] psn
|-sideend|p1: kanonkugle|move: Tailwind
|upkeep
|
|t:|1783326229
|switch|p2b: Lycanroc|Lycanroc, L50, M|100/100
|turn|5
|
|t:|1783326240
|move|p2b: Lycanroc|Play Rough|p1a: Archaludon|[miss]
|-miss|p2b: Lycanroc|p1a: Archaludon
|move|p1a: Archaludon|Flash Cannon|p2b: Lycanroc
|-supereffective|p2b: Lycanroc|1
|-enditem|p2b: Lycanroc|Focus Sash
|-damage|p2b: Lycanroc|1/100
|-unboost|p2b: Lycanroc|spd|1
|move|p1b: Eelektross|Thunder|p2a: Umbreon
|-damage|p2a: Umbreon|0 fnt
|faint|p2a: Umbreon
|-ability|p1b: Eelektross|Eelevate|boost
|-boost|p1b: Eelektross|atk|1
|
|-weather|RainDance|[upkeep]
|-damage|p1b: Eelektross|81/100 tox|[from] psn
|upkeep
|turn|6
|
|t:|1783326261
|move|p2b: Lycanroc|Endeavor|p1b: Eelektross
|-damage|p1b: Eelektross|1/100 tox
|move|p1a: Archaludon|Electro Shot||[still]
|-prepare|p1a: Archaludon|Electro Shot
|-boost|p1a: Archaludon|spa|1
|-anim|p1a: Archaludon|Electro Shot|p2b: Lycanroc
|-damage|p2b: Lycanroc|0 fnt
|faint|p2b: Lycanroc
|
|win|kanonkugle
|c|☆kanonkugle|gg
|c|☆Sky_Yagami95|GG
|c|☆Sky_Yagami95|You got the link?
|c|☆kanonkugle|i have every battle replay
|c|☆Sky_Yagami95|Great
