|j|☆jasonbeak
|j|☆Huasometa
|html|jasonbeakHuasometa    
|uhtml|bestof|Game 3 of a best-of-3
|t:|1785045330
|gametype|doubles
|player|p1|jasonbeak|2|1239
|player|p2|Huasometa|elesa|1303
|gen|9
|tier|[Gen 9 Champions] VGC 2026 Reg M-B (Bo3)
|rated|
|rule|Species Clause: Limit one of each Pokémon
|rule|Item Clause: Limit 1 of each item
|clearpoke
|poke|p1|Kingambit, L50, F|
|poke|p1|Sneasler, L50, F|
|poke|p1|Basculegion, L50, M|
|poke|p1|Scovillain, L50, M|
|poke|p1|Lycanroc-Dusk, L50, M|
|poke|p1|Froslass, L50, F|
|poke|p2|Chandelure, L50, F|
|poke|p2|Kangaskhan, L50, F|
|poke|p2|Sylveon, L50, M|
|poke|p2|Archaludon, L50, M|
|poke|p2|Rotom-Wash, L50|
|poke|p2|Meowscarada, L50, F|
|teampreview|4
|showteam|p1|Kingambit||BlackGlasses|Defiant|Protect,KowtowCleave,SuckerPunch,SwordsDance|Adamant||F|||50|]Sneasler||WhiteHerb|Unburden|Protect,CloseCombat,FakeOut,GunkShot|Adamant||F|||50|]Basculegion||LifeOrb|Adaptability|Protect,WaveCrash,LastRespects,AquaJet|Jolly||M|||50|]Scovillain||Scovillainite|Moody|Protect,Overheat,GigaDrain,RagePowder|Bold||M|||50|]Lycanroc-Dusk||FocusSash|ToughClaws|Protect,RockSlide,Accelerock,CloseCombat|Adamant||M|||50|]Froslass||Froslassite|CursedBody|Protect,Blizzard,ShadowBall,Taunt|Timid||F|||50|
|showteam|p2|Chandelure||FocusSash|FlashFire|HeatWave,ShadowBall,TrickRoom,Taunt|Quiet||F|||50|]Kangaskhan||Kangaskhanite|InnerFocus|FakeOut,DoubleEdge,SuckerPunch,HammerArm|Brave||F|||50|]Sylveon||FairyFeather|Pixilate|HyperVoice,Protect,HyperBeam,HelpingHand|Quiet||M|||50|]Archaludon||Leftovers|Stamina|AuraSphere,DracoMeteor,FlashCannon,Protect|Quiet||M|||50|]Rotom-Wash||SitrusBerry|Levitate|ThunderWave,VoltSwitch,HydroPump,Protect|Calm|||||50|]Meowscarada||LifeOrb|Overgrow|KnockOff,FlowerTrick,TripleAxel,Protect|Jolly||F|||50|
|
|t:|1785045434
|teamsize|p1|4
|teamsize|p2|4
|start
|switch|p1a: Scovillain|Scovillain, L50, M|100/100
|switch|p1b: Basculegion|Basculegion, L50, M|100/100
|switch|p2a: Chandelure|Chandelure, L50, F|100/100
|switch|p2b: Sylveon|Sylveon, L50, M|100/100
|turn|1
|
|t:|1785045456
|detailschange|p1a: Scovillain|Scovillain-Mega, L50, M
|-mega|p1a: Scovillain|Scovillain|Scovillainite
|move|p2b: Sylveon|Protect|p2b: Sylveon
|-singleturn|p2b: Sylveon|Protect
|move|p1a: Scovillain|Rage Powder|p1a: Scovillain
|-singleturn|p1a: Scovillain|move: Rage Powder
|move|p1b: Basculegion|Last Respects|p2a: Chandelure
|-supereffective|p2a: Chandelure|1
|-damage|p2a: Chandelure|12/100
|-damage|p1b: Basculegion|90/100|[from] item: Life Orb
|move|p2a: Chandelure|Shadow Ball|p1a: Scovillain
|-damage|p1a: Scovillain|50/100g
|-immune|p2a: Chandelure
|
|upkeep
|turn|2
|
|t:|1785045477
|switch|p2a: Kangaskhan|Kangaskhan, L50, F|100/100
|switch|p2b: Meowscarada|Meowscarada, L50, F|100/100
|move|p1a: Scovillain|Rage Powder|p1a: Scovillain
|-singleturn|p1a: Scovillain|move: Rage Powder
|move|p1b: Basculegion|Wave Crash|p2a: Kangaskhan
|-damage|p2a: Kangaskhan|12/100
|-damage|p1b: Basculegion|59/100|[from] Recoil
|-damage|p1b: Basculegion|49/100|[from] item: Life Orb
|
|upkeep
|turn|3
|
|t:|1785045496
|detailschange|p2a: Kangaskhan|Kangaskhan-Mega, L50, F
|-mega|p2a: Kangaskhan|Kangaskhan|Kangaskhanite
|move|p2a: Kangaskhan|Fake Out|p1a: Scovillain
|-damage|p1a: Scovillain|28/100
|-status|p2a: Kangaskhan|brn|[from] ability: Spicy Spray|[of] p1a: Scovillain
|-damage|p1a: Scovillain|26/100
|-hitcount|p1a: Scovillain|2
|move|p1b: Basculegion|Aqua Jet|p2a: Kangaskhan
|-crit|p2a: Kangaskhan
|-damage|p2a: Kangaskhan|0 fnt
|faint|p2a: Kangaskhan
|-damage|p1b: Basculegion|40/100|[from] item: Life Orb
|move|p2b: Meowscarada|Flower Trick|p1b: Basculegion
|-supereffective|p1b: Basculegion|1
|-crit|p1b: Basculegion
|-damage|p1b: Basculegion|0 fnt
|faint|p1b: Basculegion
|-damage|p2b: Meowscarada|90/100|[from] item: Life Orb
|cant|p1a: Scovillain|flinch
|
|upkeep
|
|t:|1785045522
|switch|p1b: Sneasler|Sneasler, L50, F|100/100
|switch|p2a: Sylveon|Sylveon, L50, M|100/100
|turn|4
|
|t:|1785045552
|move|p2a: Sylveon|Helping Hand|p2b: Meowscarada
|-singleturn|p2b: Meowscarada|Helping Hand|[of] p2a: Sylveon
|move|p2b: Meowscarada|Triple Axel|p1b: Sneasler
|-damage|p1b: Sneasler|84/100
|-damage|p1b: Sneasler|56/100
|-damage|p1b: Sneasler|13/100
|-hitcount|p1b: Sneasler|3
|-damage|p2b: Meowscarada|80/100|[from] item: Life Orb
|move|p1b: Sneasler|Gunk Shot|p2a: Sylveon
|-supereffective|p2a: Sylveon|1
|-damage|p2a: Sylveon|0 fnt
|faint|p2a: Sylveon
|move|p1a: Scovillain|Overheat|p2b: Meowscarada
|-supereffective|p2b: Meowscarada|1
|-damage|p2b: Meowscarada|0 fnt
|-unboost|p1a: Scovillain|spa|2
|faint|p2b: Meowscarada
|
|upkeep
|
|t:|1785045564
|switch|p2b: Chandelure|Chandelure, L50, F|12/100
|turn|5
|
|t:|1785045578
|move|p1a: Scovillain|Rage Powder|p1a: Scovillain
|-singleturn|p1a: Scovillain|move: Rage Powder
|move|p1b: Sneasler|Gunk Shot|p2b: Chandelure|[miss]
|-miss|p1b: Sneasler|p2b: Chandelure
|move|p2b: Chandelure|Heat Wave|p1b: Sneasler|[spread] p1b
|-miss|p2b: Chandelure|p1a: Scovillain
|-damage|p1b: Sneasler|0 fnt
|faint|p1b: Sneasler
|
|upkeep
|
|t:|1785045587
|switch|p1b: Kingambit|Kingambit, L50, F|100/100
|turn|6
|
|t:|1785045597
|move|p1b: Kingambit|Sucker Punch||[still]
|-fail|p1b: Kingambit
|move|p1a: Scovillain|Giga Drain|p2b: Chandelure
|-resisted|p2b: Chandelure|1
|-damage|p2b: Chandelure|2/100
|-heal|p1a: Scovillain|31/100|[from] drain|[of] p2b: Chandelure
|move|p2b: Chandelure|Trick Room|p2b: Chandelure
|-fieldstart|move: Trick Room|[of] p2b: Chandelure
|
|upkeep
|turn|7
|
|t:|1785045610
|move|p1b: Kingambit|Sucker Punch|p2b: Chandelure
|-supereffective|p2b: Chandelure|1
|-damage|p2b: Chandelure|0 fnt
|faint|p2b: Chandelure
|
|win|jasonbeak
|raw|jasonbeak's rating: 1239 → 1269(+30 for winning)
|raw|Huasometa's rating: 1303 → 1279(-24 for losing)
