|j|Ōśåninelimez
|j|ŌśåSpoodz23
|html|ninelimezSpoodz23    
|uhtml|bestof|Game 2 of a best-of-3
|t:|1786157148
|gametype|doubles
|player|p1|ninelimez|linebacker|
|player|p2|Spoodz23|169|
|gen|9
|tier|[Gen 9 Champions] VGC 2026 Reg M-B (Bo3)
|rule|Species Clause: Limit one of each Pok├®mon
|rule|Item Clause: Limit 1 of each item
|clearpoke
|poke|p1|Heliolisk, L50, M|
|poke|p1|Charizard, L50, F|
|poke|p1|Runerigus, L50, M|
|poke|p1|Aerodactyl, L50, F|
|poke|p1|Clawitzer, L50, M|
|poke|p1|Conkeldurr, L50, M|
|poke|p2|Arcanine, L50, M|
|poke|p2|Weavile, L50, M|
|poke|p2|Jolteon, L50, F|
|poke|p2|Staraptor, L50, M|
|poke|p2|Farigiraf, L50, M|
|poke|p2|Drampa, L50, M|
|teampreview|4
|showteam|p1|Heliolisk||ChoiceScarf|SolarPower|DarkPulse,Thunderbolt,HyperBeam,DragonPulse|Modest||M|||50|]Charizard||CharizarditeY|Blaze|SolarBeam,HeatWave,Protect,WeatherBall|Timid||F|||50|]Runerigus||ColburBerry|WanderingSpirit|AllySwitch,BodyPress,IronDefense,TrickRoom|Relaxed||M|||50|]Aerodactyl||FocusSash|Unnerve|RockSlide,DualWingbeat,Tailwind,Earthquake|Jolly||F|||50|]Clawitzer||SitrusBerry|MegaLauncher|HealPulse,DarkPulse,WaterPulse,Protect|Modest||M|||50|]Conkeldurr||LifeOrb|SheerForce|KnockOff,UpperHand,CloseCombat,ThunderPunch|Brave||M|||50|
|showteam|p2|Arcanine||LifeOrb|FlashFire|FlareBlitz,WildCharge,ExtremeSpeed,Protect|Jolly||M|||50|]Weavile||WideLens|Pressure|FakeOut,TripleAxel,Snarl,Protect|Jolly||M|||50|]Jolteon||ExpertBelt|VoltAbsorb|Thunderbolt,ShadowBall,Electroweb,Protect|Timid||F|||50|]Staraptor||Staraptite|Intimidate|CloseCombat,BraveBird,Substitute,Protect|Jolly||M|||50|]Farigiraf||LumBerry|ArmorTail|Psychic,FoulPlay,TrickRoom,HelpingHand|Quiet||M|||50|]Drampa||Drampanite|CloudNine|HyperVoice,IceBeam,EarthPower,Protect|Quiet||M|||50|
|inactive|Battle timer is ON: inactive players will automatically lose when time's up. (requested by ninelimez)
|inactiveoff|Battle timer is now OFF.
|j| don octoscor
|j| TeamInferno Ted
|c|Ōśåninelimez|I dont think I did a single plan for drampa lmao
|c| don octoscor|Official spoodz hates the bird
|c| TeamInferno Ted|Can I look at the team sheet and type it out?
|c| TeamInferno Ted|that should be legal
|c|ŌśåSpoodz23|What bird don?
|c| don octoscor|The bird
|c|ŌśåSpoodz23|Yall can look but dont tell us lol
|
|t:|1786157233
|teamsize|p1|4
|teamsize|p2|4
|start
|switch|p1a: Charizard|Charizard, L50, F|100/100
|switch|p1b: Aerodactyl|Aerodactyl, L50, F|100/100
|switch|p2a: Arcanine|Arcanine, L50, M|100/100
|switch|p2b: Weavile|Weavile, L50, M|100/100
|-ability|p1b: Aerodactyl|Unnerve
|-ability|p2b: Weavile|Pressure
|turn|1
|
|t:|1786157269
|move|p1a: Charizard|Protect|p1a: Charizard
|-singleturn|p1a: Charizard|Protect
|move|p2b: Weavile|Fake Out|p1b: Aerodactyl
|-resisted|p1b: Aerodactyl|1
|-damage|p1b: Aerodactyl|89/100
|cant|p1b: Aerodactyl|flinch
|move|p2a: Arcanine|Wild Charge|p1a: Charizard
|-activate|p1a: Charizard|move: Protect
|
|upkeep
|turn|2
|
|t:|1786157295
|switch|p1a: Conkeldurr|Conkeldurr, L50, M|100/100
|move|p1b: Aerodactyl|Rock Slide|p2a: Arcanine|[spread] p2a,p2b
|-supereffective|p2a: Arcanine|1
|-supereffective|p2b: Weavile|1
|-damage|p2a: Arcanine|32/100
|-damage|p2b: Weavile|19/100
|move|p2b: Weavile|Triple Axel|p1b: Aerodactyl
|-supereffective|p1b: Aerodactyl|1
|-damage|p1b: Aerodactyl|59/100
|-supereffective|p1b: Aerodactyl|1
|-damage|p1b: Aerodactyl|0 fnt
|faint|p1b: Aerodactyl
|-hitcount|p1: Aerodactyl|2
|move|p2a: Arcanine|Wild Charge|p1a: Conkeldurr
|-damage|p1a: Conkeldurr|68/100
|-damage|p2a: Arcanine|22/100|[from] Recoil
|-damage|p2a: Arcanine|13/100|[from] item: Life Orb
|
|upkeep
|
|t:|1786157320
|switch|p1b: Heliolisk|Heliolisk, L50, M|100/100
|turn|3
|
|t:|1786157356
|switch|p2b: Jolteon|Jolteon, L50, F|100/100
|move|p2a: Arcanine|Extreme Speed|p1a: Conkeldurr
|-damage|p1a: Conkeldurr|40/100
|-damage|p2a: Arcanine|3/100|[from] item: Life Orb
|move|p1b: Heliolisk|Thunderbolt|p2b: Jolteon
|-immune|p2b: Jolteon|[from] ability: Volt Absorb
|move|p1a: Conkeldurr|Knock Off|p2a: Arcanine
|-damage|p2a: Arcanine|0 fnt
|-enditem|p2a: Arcanine|Life Orb|[from] move: Knock Off|[of] p1a: Conkeldurr
|faint|p2a: Arcanine
|-damage|p1a: Conkeldurr|30/100|[from] item: Life Orb
|
|upkeep
|
|t:|1786157377
|switch|p2a: Weavile|Weavile, L50, M|19/100
|-ability|p2a: Weavile|Pressure
|turn|4
|
|t:|1786157402
|move|p2a: Weavile|Fake Out|p1b: Heliolisk
|-damage|p1b: Heliolisk|70/100
|move|p1a: Conkeldurr|Upper Hand||[still]
|-fail|p1a: Conkeldurr
|cant|p1b: Heliolisk|flinch
|move|p2b: Jolteon|Electroweb|p1a: Conkeldurr|[spread] p1a,p1b
|-resisted|p1b: Heliolisk|1
|-crit|p1b: Heliolisk
|-damage|p1a: Conkeldurr|8/100
|-damage|p1b: Heliolisk|49/100
|-unboost|p1a: Conkeldurr|spe|1
|-unboost|p1b: Heliolisk|spe|1
|
|upkeep
|turn|5
|c|Ōśåninelimez|what move did i think i was using lmao
|c|ŌśåSpoodz23|Ahh he doesnt know upper hand relies on outspeeding the mon
|c|Ōśåninelimez|I didnt actually
|c|Ōśåninelimez|thats so lame
|c|Ōśåninelimez|whats the point
|c| don octoscor|That's very dumb lol
|
|t:|1786157470
|move|p2b: Jolteon|Electroweb|p1a: Conkeldurr|[spread] p1a,p1b
|-crit|p1a: Conkeldurr
|-resisted|p1b: Heliolisk|1
|-damage|p1a: Conkeldurr|0 fnt
|-damage|p1b: Heliolisk|37/100
|-unboost|p1b: Heliolisk|spe|1
|faint|p1a: Conkeldurr
|move|p2a: Weavile|Triple Axel|p1b: Heliolisk
|-damage|p1b: Heliolisk|13/100
|-crit|p1b: Heliolisk
|-damage|p1b: Heliolisk|0 fnt
|faint|p1b: Heliolisk
|-hitcount|p1: Heliolisk|2
|
|upkeep
|
|t:|1786157482
|switch|p1b: Charizard|Charizard, L50, F|100/100
|turn|6
|c|ŌśåSpoodz23|Raptors in the back fyi
|c| don octoscor|I don't believe you
|
|t:|1786157501
|detailschange|p1b: Charizard|Charizard-Mega-Y, L50, F
|-mega|p1b: Charizard|Charizard|Charizardite Y
|-weather|SunnyDay|[from] ability: Drought|[of] p1b: Charizard
|move|p2b: Jolteon|Thunderbolt|p1b: Charizard
|-supereffective|p1b: Charizard|1
|-damage|p1b: Charizard|0 fnt
|faint|p1b: Charizard
|
|win|Spoodz23
|c|ŌśåSpoodz23|Ggs
|l| don octoscor
|c|Ōśåninelimez|ggs
|l| TeamInferno Ted
