|j|☆Matiublanco
|j|☆Gen4lover2
|html|MatiublancoGen4lover2    
|uhtml|bestof|Game 1 of a best-of-3
|t:|1785791112
|gametype|doubles
|player|p1|Matiublanco|266|1168
|player|p2|Gen4lover2|wallace|1280
|gen|9
|tier|[Gen 9 Champions] VGC 2026 Reg M-B (Bo3)
|rated|
|rule|Species Clause: Limit one of each Pokémon
|rule|Item Clause: Limit 1 of each item
|clearpoke
|poke|p1|Tyranitar, L50, M|
|poke|p1|Excadrill, L50, F|
|poke|p1|Sinistcha, L50|
|poke|p1|Gholdengo, L50|
|poke|p1|Milotic, L50, F|
|poke|p1|Staraptor, L50, M|
|poke|p2|Tyranitar, L50, M|
|poke|p2|Excadrill, L50, F|
|poke|p2|Staraptor, L50, F|
|poke|p2|Milotic, L50, F|
|poke|p2|Gholdengo, L50|
|poke|p2|Sinistcha-Masterpiece, L50|
|teampreview|4
|showteam|p1|Tyranitar||Tyranitarite|SandStream|Protect,RockSlide,KnockOff,LowKick|Adamant||M|||50|]Excadrill||FocusSash|SandRush|Protect,HighHorsepower,RockSlide,IronHead|Adamant||F|||50|]Sinistcha||SitrusBerry|Hospitality|Protect,RagePowder,MatchaGotcha,TrickRoom|Bold|||||50|]Gholdengo||LifeOrb|GoodasGold|Protect,MakeItRain,ShadowBall,NastyPlot|Modest|||||50|]Milotic||Leftovers|Competitive|Protect,Scald,IceBeam,IcyWind|Modest||F|||50|]Staraptor||Staraptite|Intimidate|Protect,CloseCombat,BraveBird,Tailwind|Jolly||M|||50|
|showteam|p2|Tyranitar||Tyranitarite|SandStream|RockSlide,KnockOff,LowKick,Protect|Adamant||M|||50|]Excadrill||FocusSash|SandRush|HighHorsepower,IronHead,RockSlide,Protect|Adamant||F|||50|]Staraptor||Staraptite|Intimidate|BraveBird,CloseCombat,Tailwind,Protect|Jolly||F|||50|]Milotic||SitrusBerry|Competitive|Scald,IceBeam,Recover,Protect|Modest||F|||50|]Gholdengo||LifeOrb|GoodasGold|MakeItRain,ShadowBall,NastyPlot,Protect|Modest|||||50|]Sinistcha-Masterpiece||ColburBerry|Hospitality|MatchaGotcha,RagePowder,TrickRoom,Protect|Relaxed|||||50|
|inactive|Battle timer is ON: inactive players will automatically lose when time's up. (requested by Gen4lover2)
|inactive|Matiublanco has 60 seconds left.
|inactive|Gen4lover2 has 60 seconds left.
|
|t:|1785791165
|teamsize|p1|4
|teamsize|p2|4
|start
|switch|p1a: Milotic|Milotic, L50, F|100/100
|switch|p1b: Tyranitar|Tyranitar, L50, M|100/100
|switch|p2a: Milotic|Milotic, L50, F|100/100
|switch|p2b: Gholdengo|Gholdengo, L50|100/100
|-weather|Sandstorm|[from] ability: Sand Stream|[of] p1b: Tyranitar
|turn|1
|inactive|Matiublanco has 30 seconds left.
|inactive|Matiublanco has 20 seconds left.
|inactive|Matiublanco has 15 seconds left.
|
|t:|1785791209
|detailschange|p1b: Tyranitar|Tyranitar-Mega, L50, M
|-mega|p1b: Tyranitar|Tyranitar|Tyranitarite
|move|p2b: Gholdengo|Protect|p2b: Gholdengo
|-singleturn|p2b: Gholdengo|Protect
|move|p1a: Milotic|Protect|p1a: Milotic
|-singleturn|p1a: Milotic|Protect
|move|p2a: Milotic|Scald|p1b: Tyranitar
|-supereffective|p1b: Tyranitar|1
|-damage|p1b: Tyranitar|67/100
|move|p1b: Tyranitar|Knock Off|p2a: Milotic
|-damage|p2a: Milotic|38/100
|-enditem|p2a: Milotic|Sitrus Berry|[from] move: Knock Off|[of] p1b: Tyranitar
|
|-weather|Sandstorm|[upkeep]
|-damage|p2a: Milotic|32/100|[from] Sandstorm
|-damage|p1a: Milotic|94/100|[from] Sandstorm
|-heal|p1a: Milotic|100/100|[from] item: Leftovers
|upkeep
|turn|2
|inactive|Matiublanco has 30 seconds left.
|
|t:|1785791240
|switch|p2b: Sinistcha|Sinistcha-Masterpiece, L50|100/100
|-heal|p2a: Milotic|57/100|[from] ability: Hospitality|[of] p2b: Sinistcha
|move|p1b: Tyranitar|Protect|p1b: Tyranitar
|-singleturn|p1b: Tyranitar|Protect
|move|p2a: Milotic|Scald|p1b: Tyranitar
|-activate|p1b: Tyranitar|move: Protect
|move|p1a: Milotic|Scald|p2a: Milotic
|-resisted|p2a: Milotic|1
|-damage|p2a: Milotic|45/100
|
|-weather|Sandstorm|[upkeep]
|-damage|p2a: Milotic|39/100|[from] Sandstorm
|-damage|p1a: Milotic|94/100|[from] Sandstorm
|-damage|p2b: Sinistcha|93/100|[from] Sandstorm
|-heal|p1a: Milotic|100/100|[from] item: Leftovers
|upkeep
|turn|3
|inactive|Matiublanco has 30 seconds left.
|inactive|Matiublanco has 20 seconds left.
|inactive|Matiublanco has 15 seconds left.
|
|t:|1785791281
|switch|p1b: Staraptor|Staraptor, L50, M|100/100
|-ability|p1b: Staraptor|Intimidate|boost
|-unboost|p2a: Milotic|atk|1
|-ability|p2a: Milotic|Competitive|boost
|-boost|p2a: Milotic|spa|2
|-unboost|p2b: Sinistcha|atk|1
|move|p2a: Milotic|Scald|p1b: Staraptor
|-damage|p1b: Staraptor|0 fnt
|faint|p1b: Staraptor
|move|p1a: Milotic|Ice Beam|p2b: Sinistcha
|-supereffective|p2b: Sinistcha|1
|-damage|p2b: Sinistcha|49/100
|move|p2b: Sinistcha|Matcha Gotcha|p1a: Milotic
|-supereffective|p1a: Milotic|1
|-damage|p1a: Milotic|55/100
|-heal|p2b: Sinistcha|75/100|[from] drain|[of] p1a: Milotic
|-status|p1a: Milotic|brn
|
|-weather|Sandstorm|[upkeep]
|-damage|p2a: Milotic|33/100|[from] Sandstorm
|-damage|p1a: Milotic|49/100 brn|[from] Sandstorm
|-damage|p2b: Sinistcha|68/100|[from] Sandstorm
|-heal|p1a: Milotic|55/100 brn|[from] item: Leftovers
|-damage|p1a: Milotic|49/100 brn|[from] brn
|upkeep
|
|t:|1785791288
|switch|p1b: Excadrill|Excadrill, L50, F|100/100
|turn|4
|inactive|Gen4lover2 has 30 seconds left.
|
|t:|1785791313
|move|p2b: Sinistcha|Rage Powder|p2b: Sinistcha
|-singleturn|p2b: Sinistcha|move: Rage Powder
|move|p1b: Excadrill|High Horsepower|p2b: Sinistcha
|-resisted|p2b: Sinistcha|1
|-damage|p2b: Sinistcha|46/100
|move|p2a: Milotic|Scald|p1b: Excadrill
|-supereffective|p1b: Excadrill|1
|-enditem|p1b: Excadrill|Focus Sash
|-damage|p1b: Excadrill|1/100
|move|p1a: Milotic|Ice Beam|p2b: Sinistcha
|-supereffective|p2b: Sinistcha|1
|-damage|p2b: Sinistcha|3/100
|
|-weather|Sandstorm|[upkeep]
|-damage|p2a: Milotic|27/100|[from] Sandstorm
|-damage|p1a: Milotic|43/100 brn|[from] Sandstorm
|-damage|p2b: Sinistcha|0 fnt|[from] Sandstorm
|faint|p2b: Sinistcha
|-heal|p1a: Milotic|49/100 brn|[from] item: Leftovers
|-damage|p1a: Milotic|43/100 brn|[from] brn
|upkeep
|inactive|Gen4lover2 has 30 seconds left.
|
|t:|1785791341
|switch|p2b: Staraptor|Staraptor, L50, F|100/100
|-ability|p2b: Staraptor|Intimidate|boost
|-unboost|p1a: Milotic|atk|1
|-ability|p1a: Milotic|Competitive|boost
|-boost|p1a: Milotic|spa|2
|-unboost|p1b: Excadrill|atk|1
|turn|5
|inactive|Matiublanco has 30 seconds left.
|
|t:|1785791367
|detailschange|p2b: Staraptor|Staraptor-Mega, L50, F
|-mega|p2b: Staraptor|Staraptor|Staraptite
|move|p1b: Excadrill|Protect|p1b: Excadrill
|-singleturn|p1b: Excadrill|Protect
|move|p2b: Staraptor|Protect|p2b: Staraptor
|-singleturn|p2b: Staraptor|Protect
|move|p2a: Milotic|Protect|p2a: Milotic
|-singleturn|p2a: Milotic|Protect
|move|p1a: Milotic|Ice Beam|p2b: Staraptor
|-activate|p2b: Staraptor|move: Protect
|
|-weather|none
|-heal|p1a: Milotic|49/100 brn|[from] item: Leftovers
|-damage|p1a: Milotic|43/100 brn|[from] brn
|upkeep
|turn|6
|inactive|Matiublanco has 30 seconds left.
|inactive|Gen4lover2 has 30 seconds left.
|inactive|Gen4lover2 has 20 seconds left.
|inactive|Matiublanco has 20 seconds left.
|inactive|Matiublanco has 15 seconds left.
|
|t:|1785791421
|switch|p1a: Tyranitar|Tyranitar-Mega, L50, M|67/100
|-weather|Sandstorm|[from] ability: Sand Stream|[of] p1a: Tyranitar
|move|p1b: Excadrill|Rock Slide|p2a: Milotic|[spread] p2a,p2b
|-damage|p2a: Milotic|14/100
|-damage|p2b: Staraptor|84/100
|move|p2b: Staraptor|Brave Bird|p1a: Tyranitar
|-resisted|p1a: Tyranitar|1
|-damage|p1a: Tyranitar|50/100g
|-damage|p2b: Staraptor|78/100|[from] Recoil
|cant|p2a: Milotic|flinch
|
|-weather|Sandstorm|[upkeep]
|-damage|p2b: Staraptor|72/100|[from] Sandstorm
|-damage|p2a: Milotic|8/100|[from] Sandstorm
|upkeep
|turn|7
|
|t:|1785791444
|switch|p2a: Gholdengo|Gholdengo, L50|100/100
|move|p1a: Tyranitar|Protect|p1a: Tyranitar
|-singleturn|p1a: Tyranitar|Protect
|move|p1b: Excadrill|Iron Head|p2a: Gholdengo
|-resisted|p2a: Gholdengo|1
|-damage|p2a: Gholdengo|83/100
|move|p2b: Staraptor|Tailwind|p2b: Staraptor
|-sidestart|p2: Gen4lover2|move: Tailwind
|
|-weather|Sandstorm|[upkeep]
|-damage|p2b: Staraptor|66/100|[from] Sandstorm
|upkeep
|turn|8
|
|t:|1785791463
|move|p2b: Staraptor|Close Combat|p1a: Tyranitar
|-supereffective|p1a: Tyranitar|2
|-damage|p1a: Tyranitar|0 fnt
|-boost|p2b: Staraptor|def|1
|-boost|p2b: Staraptor|spd|1
|faint|p1a: Tyranitar
|move|p1b: Excadrill|Iron Head|p2b: Staraptor
|-damage|p2b: Staraptor|44/100
|move|p2a: Gholdengo|Make It Rain|p1b: Excadrill
|-resisted|p1b: Excadrill|1
|-damage|p1b: Excadrill|0 fnt
|-unboost|p2a: Gholdengo|spa|2
|faint|p1b: Excadrill
|-damage|p2a: Gholdengo|73/100|[from] item: Life Orb
|
|-weather|Sandstorm|[upkeep]
|-damage|p2b: Staraptor|38/100|[from] Sandstorm
|upkeep
|
|t:|1785791468
|switch|p1b: Milotic|Milotic, L50, F|43/100 brn
|turn|9
|
|t:|1785791474
|move|p2b: Staraptor|Close Combat|p1b: Milotic
|-damage|p1b: Milotic|0 fnt
|-boost|p2b: Staraptor|def|1
|-boost|p2b: Staraptor|spd|1
|faint|p1b: Milotic
|
|win|Gen4lover2
||Matiublanco is ready for game 2.
|inactive|Gen4lover2 has 30 seconds to confirm battle start!
|inactive|Gen4lover2 has 20 seconds to confirm battle start!
