|j|☆squarer55
|j|☆Cro1998
|html|squarer55Cro1998    
|uhtml|bestof|Game 1 of a best-of-3
|t:|1785416727
|gametype|doubles
|player|p1|squarer55|101|1056
|player|p2|Cro1998|gambler|1000
|gen|9
|tier|[Gen 9 Champions] VGC 2026 Reg M-B (Bo3)
|rated|
|rule|Species Clause: Limit one of each Pokémon
|rule|Item Clause: Limit 1 of each item
|clearpoke
|poke|p1|Grimmsnarl, L50, M|
|poke|p1|Archaludon, L50, F|
|poke|p1|Swampert, L50, M|
|poke|p1|Pelipper, L50, F|
|poke|p1|Sinistcha, L50|
|poke|p1|Metagross, L50|
|poke|p2|Tyranitar, L50, F|
|poke|p2|Excadrill, L50, M|
|poke|p2|Gholdengo, L50|
|poke|p2|Staraptor, L50, M|
|poke|p2|Milotic, L50, M|
|poke|p2|Sinistcha, L50|
|teampreview|4
|showteam|p1|Grimmsnarl||LightClay|Prankster|Reflect,LightScreen,Taunt,FoulPlay|Calm||M|||50|]Archaludon||Leftovers|Stamina|Protect,FlashCannon,ElectroShot,DragonPulse|Modest||F|||50|]Swampert||Swampertite|Damp|Protect,WaveCrash,IcePunch,Earthquake|Adamant||M|||50|]Pelipper||SitrusBerry|Drizzle|Tailwind,WeatherBall,Hurricane,WideGuard|Modest||F|||50|]Sinistcha||CobaBerry|Hospitality|MatchaGotcha,RagePowder,TrickRoom,Protect|Relaxed|||||50|]Metagross||Metagrossite|ClearBody|IronHead,PsychicFangs,BodyPress,Protect|Jolly|||||50|
|showteam|p2|Tyranitar||Tyranitarite|SandStream|KnockOff,RockSlide,LowKick,Protect|Adamant||F|||50|]Excadrill||FocusSash|SandRush|HighHorsepower,IronHead,RockSlide,Protect|Adamant||M|||50|]Gholdengo||LifeOrb|GoodasGold|MakeItRain,ShadowBall,NastyPlot,Protect|Modest|||||50|]Staraptor||Staraptite|Intimidate|CloseCombat,BraveBird,Tailwind,Protect|Jolly||M|||50|]Milotic||SitrusBerry|Competitive|Scald,IcyWind,IceBeam,Recover|Modest||M|||50|]Sinistcha||ColburBerry|Hospitality|MatchaGotcha,RagePowder,Protect,TrickRoom|Bold|||||50|
|inactive|Battle timer is ON: inactive players will automatically lose when time's up. (requested by squarer55)
|inactive|Cro1998 has 60 seconds left.
|
|t:|1785416844
|teamsize|p1|4
|teamsize|p2|4
|start
|switch|p1a: Sinistcha|Sinistcha, L50|100/100
|switch|p1b: Grimmsnarl|Grimmsnarl, L50, M|100/100
|switch|p2a: Gholdengo|Gholdengo, L50|100/100
|switch|p2b: Staraptor|Staraptor, L50, M|100/100
|-ability|p2b: Staraptor|Intimidate|boost
|-unboost|p1a: Sinistcha|atk|1
|-unboost|p1b: Grimmsnarl|atk|1
|turn|1
|inactive|squarer55 has 30 seconds left.
|inactive|Cro1998 has 30 seconds left.
|inactive|squarer55 has 20 seconds left.
|inactive|Cro1998 has 20 seconds left.
|inactive|squarer55 has 15 seconds left.
|inactive|Cro1998 has 15 seconds left.
|inactive|Cro1998 has 10 seconds left.
|inactive|Cro1998 has 5 seconds left.
|
|t:|1785416897
|detailschange|p2b: Staraptor|Staraptor-Mega, L50, M
|-mega|p2b: Staraptor|Staraptor|Staraptite
|move|p1b: Grimmsnarl|Light Screen|p1b: Grimmsnarl
|-sidestart|p1: squarer55|move: Light Screen
|move|p2b: Staraptor|Brave Bird|p1a: Sinistcha
|-supereffective|p1a: Sinistcha|1
|-enditem|p1a: Sinistcha|Coba Berry|[eat]
|-enditem|p1a: Sinistcha|Coba Berry|[weaken]
|-damage|p1a: Sinistcha|53/100
|-damage|p2b: Staraptor|85/100|[from] Recoil
|move|p2a: Gholdengo|Nasty Plot|p2a: Gholdengo
|-boost|p2a: Gholdengo|spa|2
|move|p1a: Sinistcha|Trick Room|p1a: Sinistcha
|-fieldstart|move: Trick Room|[of] p1a: Sinistcha
|
|upkeep
|turn|2
|inactive|squarer55 has 30 seconds left.
|inactive|Cro1998 has 30 seconds left.
|inactive|Cro1998 has 20 seconds left.
|
|t:|1785416935
|move|p1b: Grimmsnarl|Reflect|p1b: Grimmsnarl
|-sidestart|p1: squarer55|Reflect
|move|p1a: Sinistcha|Matcha Gotcha|p2a: Gholdengo|[spread] p2b
|-miss|p1a: Sinistcha|p2a: Gholdengo
|-resisted|p2b: Staraptor|1
|-damage|p2b: Staraptor|72/100
|-heal|p1a: Sinistcha|60/100|[from] drain|[of] p2b: Staraptor
|move|p2a: Gholdengo|Make It Rain|p1b: Grimmsnarl|[spread] p1a,p1b
|-supereffective|p1b: Grimmsnarl|1
|-damage|p1a: Sinistcha|0 fnt
|-damage|p1b: Grimmsnarl|0 fnt
|-unboost|p2a: Gholdengo|spa|2
|faint|p1a: Sinistcha
|faint|p1b: Grimmsnarl
|-damage|p2a: Gholdengo|90/100|[from] item: Life Orb
|move|p2b: Staraptor|Close Combat|p1: Sinistcha|[notarget]
|-fail|p2b: Staraptor
|
|upkeep
|
|t:|1785416952
|switch|p1b: Pelipper|Pelipper, L50, F|100/100
|switch|p1a: Swampert|Swampert, L50, M|100/100
|-weather|RainDance|[from] ability: Drizzle|[of] p1b: Pelipper
|turn|3
|inactive|Cro1998 has 30 seconds left.
|inactive|Cro1998 has 20 seconds left.
|inactive|Cro1998 has 15 seconds left.
|
|t:|1785416996
|switch|p2a: Sinistcha|Sinistcha, L50|100/100
|-heal|p2b: Staraptor|96/100|[from] ability: Hospitality|[of] p2a: Sinistcha
|detailschange|p1a: Swampert|Swampert-Mega, L50, M
|-mega|p1a: Swampert|Swampert|Swampertite
|move|p2b: Staraptor|Protect|p2b: Staraptor
|-singleturn|p2b: Staraptor|Protect
|move|p1b: Pelipper|Hurricane|p2b: Staraptor
|-activate|p2b: Staraptor|move: Protect
|move|p1a: Swampert|Earthquake|p2b: Staraptor|[spread] p2a
|-activate|p2b: Staraptor|move: Protect
|-immune|p1b: Pelipper
|-resisted|p2a: Sinistcha|1
|-crit|p2a: Sinistcha
|-damage|p2a: Sinistcha|70/100
|
|-weather|RainDance|[upkeep]
|upkeep
|turn|4
|inactive|Cro1998 has 30 seconds left.
|inactive|Cro1998 has 20 seconds left.
|inactive|Cro1998 has 15 seconds left.
|inactive|Cro1998 has 10 seconds left.
|inactive|Cro1998 has 5 seconds left.
|
|t:|1785417051
|move|p1a: Swampert|Protect|p1a: Swampert
|-singleturn|p1a: Swampert|Protect
|move|p1b: Pelipper|Hurricane|p2a: Sinistcha
|-supereffective|p2a: Sinistcha|1
|-damage|p2a: Sinistcha|0 fnt
|faint|p2a: Sinistcha
|move|p2b: Staraptor|Close Combat|p1b: Pelipper
|-resisted|p1b: Pelipper|1
|-damage|p1b: Pelipper|77/100
|-boost|p2b: Staraptor|def|1
|-boost|p2b: Staraptor|spd|1
|
|-weather|RainDance|[upkeep]
|upkeep
|inactive|Cro1998 has 30 seconds left.
|
|t:|1785417082
|switch|p2a: Excadrill|Excadrill, L50, M|100/100
|turn|5
|
|t:|1785417105
|move|p2a: Excadrill|Protect|p2a: Excadrill
|-singleturn|p2a: Excadrill|Protect
|move|p2b: Staraptor|Protect|p2b: Staraptor
|-singleturn|p2b: Staraptor|Protect
|move|p1b: Pelipper|Wide Guard|p1b: Pelipper
|-singleturn|p1b: Pelipper|Wide Guard
|move|p1a: Swampert|Wave Crash|p2a: Excadrill
|-activate|p2a: Excadrill|move: Protect
|
|-weather|RainDance|[upkeep]
|-fieldend|move: Trick Room
|upkeep
|turn|6
|inactive|squarer55 has 30 seconds left.
|inactive|Cro1998 has 30 seconds left.
|
|t:|1785417139
|move|p1a: Swampert|Wave Crash|p2a: Excadrill
|-supereffective|p2a: Excadrill|1
|-enditem|p2a: Excadrill|Focus Sash
|-damage|p2a: Excadrill|1/100
|-damage|p1a: Swampert|67/100|[from] Recoil
|move|p2b: Staraptor|Tailwind|p2b: Staraptor
|-sidestart|p2: Cro1998|move: Tailwind
|move|p2a: Excadrill|High Horsepower|p1a: Swampert
|-crit|p1a: Swampert
|-damage|p1a: Swampert|0 fnt
|faint|p1a: Swampert
|move|p1b: Pelipper|Weather Ball|p2a: Excadrill
|-supereffective|p2a: Excadrill|1
|-crit|p2a: Excadrill
|-damage|p2a: Excadrill|0 fnt
|faint|p2a: Excadrill
|
|-weather|RainDance|[upkeep]
|upkeep
|
|t:|1785417155
|switch|p2a: Gholdengo|Gholdengo, L50|90/100
|turn|7
|
|t:|1785417173
|move|p2b: Staraptor|Close Combat|p1b: Pelipper
|-resisted|p1b: Pelipper|1
|-damage|p1b: Pelipper|55/100
|-boost|p2b: Staraptor|def|1
|-boost|p2b: Staraptor|spd|1
|move|p2a: Gholdengo|Shadow Ball|p1b: Pelipper
|-damage|p1b: Pelipper|7/100
|-enditem|p1b: Pelipper|Sitrus Berry|[eat]
|-heal|p1b: Pelipper|31/100|[from] item: Sitrus Berry
|-damage|p2a: Gholdengo|81/100|[from] item: Life Orb
|move|p1b: Pelipper|Weather Ball|p2a: Gholdengo
|-damage|p2a: Gholdengo|0 fnt
|faint|p2a: Gholdengo
|
|-weather|none
|upkeep
|turn|8
|
|t:|1785417191
|move|p2b: Staraptor|Brave Bird|p1b: Pelipper
|-damage|p1b: Pelipper|0 fnt
|faint|p1b: Pelipper
|-damage|p2b: Staraptor|87/100|[from] Recoil
|
|win|Cro1998
||squarer55 is ready for game 2.
|inactive|Cro1998 has 30 seconds to confirm battle start!
