|j|☆LeonardPlayz
|j|☆Artere Happy
|html|LeonardPlayzArtere Happy    
|uhtml|bestof|Game 2 of a best-of-3
|t:|1783411565
|gametype|doubles
|player|p1|LeonardPlayz|hilbert-wonderlauncher|1182
|player|p2|Artere Happy|medium|1206
|gen|9
|tier|[Gen 9 Champions] VGC 2026 Reg M-B (Bo3)
|rated|
|rule|Species Clause: Limit one of each Pokémon
|rule|Item Clause: Limit 1 of each item
|clearpoke
|poke|p1|Gengar, L50, M|
|poke|p1|Grimmsnarl, L50, M|
|poke|p1|Incineroar, L50, F|
|poke|p1|Kommo-o, L50, M|
|poke|p1|Kingambit, L50, M|
|poke|p1|Vivillon, L50, M|
|poke|p2|Gengar, L50, M|
|poke|p2|Incineroar, L50, F|
|poke|p2|Politoed, L50, F, shiny|
|poke|p2|Swampert, L50, M|
|poke|p2|Sinistcha, L50|
|poke|p2|Kommo-o, L50, F|
|teampreview|4
|showteam|p1|Gengar||Gengarite|CursedBody|ShadowBall,PerishSong,SludgeBomb,Protect|Timid||M|||50|]Grimmsnarl||LightClay|Prankster|FakeOut,PartingShot,Reflect,LightScreen|Impish||M|||50|]Incineroar||SitrusBerry|Intimidate|FakeOut,ThroatChop,PartingShot,Protect|Careful||F|||50|]Kommo-o||Leftovers|Soundproof|AuraSphere,ClangingScales,ClangorousSoul,Protect|Serious||M|||50|]Kingambit||FocusSash|Defiant|SuckerPunch,IronHead,MeanLook,Protect|Adamant||M|||50|]Vivillon||ChoiceScarf|CompoundEyes|RagePowder,SleepPowder,Hurricane,Uturn|Timid||M|||50|
|showteam|p2|Gengar||Gengarite|CursedBody|ShadowBall,SludgeBomb,Disable,Protect|Modest||M|||50|]Incineroar||PasshoBerry|Intimidate|FakeOut,DarkestLariat,Protect,PartingShot|Brave||F|||50|]Politoed||SitrusBerry|Drizzle|WeatherBall,Encore,PerishSong,Protect|Modest||F|||50|]Swampert||Swampertite|Torrent|WaveCrash,FlipTurn,HighHorsepower,Protect|Adamant||M|||50|]Sinistcha||OccaBerry|Hospitality|MatchaGotcha,RagePowder,LifeDew,Protect|Relaxed|||||50|]Kommo-o||Leftovers|Soundproof|ClangingScales,ClangorousSoul,AuraSphere,Protect|Timid||F|||50|
|inactive|Battle timer is ON: inactive players will automatically lose when time's up. (requested by Artere Happy)
|inactive|LeonardPlayz also wants the timer to be on.
|inactive|Artere Happy has 60 seconds left.
|
|t:|1783411608
|teamsize|p1|4
|teamsize|p2|4
|start
|switch|p1a: Grimmsnarl|Grimmsnarl, L50, M|100/100
|switch|p1b: Kommo-o|Kommo-o, L50, M|100/100
|switch|p2a: WolfeyABC|Incineroar, L50, F|100/100
|switch|p2b: avg. gen1 fan|Gengar, L50, M|100/100
|-ability|p2a: WolfeyABC|Intimidate|boost
|-unboost|p1a: Grimmsnarl|atk|1
|-unboost|p1b: Kommo-o|atk|1
|turn|1
|inactive|Artere Happy has 30 seconds left.
|
|t:|1783411637
|switch|p2b: peaked in BW|Politoed, L50, F, shiny|100/100
|-weather|RainDance|[from] ability: Drizzle|[of] p2b: peaked in BW
|move|p1a: Grimmsnarl|Fake Out|p2a: WolfeyABC
|-damage|p2a: WolfeyABC|92/100
|move|p1b: Kommo-o|Clangorous Soul|p1b: Kommo-o
|-boost|p1b: Kommo-o|atk|1
|-boost|p1b: Kommo-o|def|1
|-boost|p1b: Kommo-o|spa|1
|-boost|p1b: Kommo-o|spd|1
|-boost|p1b: Kommo-o|spe|1
|-damage|p1b: Kommo-o|67/100
|cant|p2a: WolfeyABC|flinch
|
|-weather|RainDance|[upkeep]
|-heal|p1b: Kommo-o|72/100|[from] item: Leftovers
|upkeep
|turn|2
|
|t:|1783411659
|move|p1a: Grimmsnarl|Light Screen|p1a: Grimmsnarl
|-sidestart|p1: LeonardPlayz|move: Light Screen
|move|p1b: Kommo-o|Clanging Scales|p2b: peaked in BW|[spread] p2a,p2b
|-damage|p2a: WolfeyABC|46/100
|-damage|p2b: peaked in BW|51/100
|-unboost|p1b: Kommo-o|def|1
|move|p2b: peaked in BW|Encore|p1b: Kommo-o
|-start|p1b: Kommo-o|Encore
|move|p2a: WolfeyABC|Parting Shot|p1a: Grimmsnarl
|-unboost|p1a: Grimmsnarl|atk|1
|-unboost|p1a: Grimmsnarl|spa|1
|
|t:|1783411668
|switch|p2a: Kommo-o|Kommo-o, L50, F|100/100|[from] Parting Shot
|
|-weather|RainDance|[upkeep]
|-heal|p1b: Kommo-o|78/100|[from] item: Leftovers
|upkeep
|turn|3
|
|t:|1783411682
|switch|p2b: avg. gen1 fan|Gengar, L50, M|100/100
|move|p1a: Grimmsnarl|Parting Shot|p2b: avg. gen1 fan
|-unboost|p2b: avg. gen1 fan|atk|1
|-unboost|p2b: avg. gen1 fan|spa|1
|
|t:|1783411687
|switch|p1a: Vivillon|Vivillon, L50, M|100/100|[from] Parting Shot
|move|p1b: Kommo-o|Clanging Scales|p2b: avg. gen1 fan|[spread] p2b
|-immune|p2a: Kommo-o|[from] ability: Soundproof
|-damage|p2b: avg. gen1 fan|29/100
|-start|p1b: Kommo-o|Disable|Clanging Scales|[from] ability: Cursed Body|[of] p2b: avg. gen1 fan
|-unboost|p1b: Kommo-o|def|1
|move|p2a: Kommo-o|Clangorous Soul|p2a: Kommo-o
|-boost|p2a: Kommo-o|atk|1
|-boost|p2a: Kommo-o|def|1
|-boost|p2a: Kommo-o|spa|1
|-boost|p2a: Kommo-o|spd|1
|-boost|p2a: Kommo-o|spe|1
|-damage|p2a: Kommo-o|67/100
|
|-weather|RainDance|[upkeep]
|-heal|p2a: Kommo-o|73/100|[from] item: Leftovers
|-heal|p1b: Kommo-o|84/100|[from] item: Leftovers
|upkeep
|turn|4
|
|t:|1783411709
|switch|p2a: WolfeyABC|Incineroar, L50, F|46/100
|-ability|p2a: WolfeyABC|Intimidate|boost
|-unboost|p1a: Vivillon|atk|1
|-unboost|p1b: Kommo-o|atk|1
|detailschange|p2b: avg. gen1 fan|Gengar-Mega, L50, M
|-mega|p2b: avg. gen1 fan|Gengar|Gengarite
|move|p2b: avg. gen1 fan|Protect|p2b: avg. gen1 fan
|-singleturn|p2b: avg. gen1 fan|Protect
|move|p1a: Vivillon|Sleep Powder|p2a: WolfeyABC
|-status|p2a: WolfeyABC|slp|[from] move: Sleep Powder
|-activate|p1b: Kommo-o|move: Struggle
|move|p1b: Kommo-o|Struggle|p2a: WolfeyABC
|-damage|p2a: WolfeyABC|38/100 slp
|-damage|p1b: Kommo-o|59/100|[from] recoil
|
|-weather|RainDance|[upkeep]
|-heal|p1b: Kommo-o|65/100|[from] item: Leftovers
|upkeep
|turn|5
|
|t:|1783411726
|cant|p2a: WolfeyABC|slp
|move|p1a: Vivillon|Sleep Powder|p2b: avg. gen1 fan
|-status|p2b: avg. gen1 fan|slp|[from] move: Sleep Powder
|-activate|p1b: Kommo-o|move: Struggle
|move|p1b: Kommo-o|Struggle|p2b: avg. gen1 fan
|-damage|p2b: avg. gen1 fan|18/100 slp
|-damage|p1b: Kommo-o|40/100|[from] recoil
|cant|p2b: avg. gen1 fan|slp
|
|-weather|none
|-heal|p1b: Kommo-o|45/100|[from] item: Leftovers
|-end|p1b: Kommo-o|Encore
|upkeep
|turn|6
|c|☆LeonardPlayz|go to sleep
|
|t:|1783411746
|move|p1a: Vivillon|Sleep Powder|p2a: WolfeyABC|[miss]
|-miss|p1a: Vivillon|p2a: WolfeyABC
|move|p1b: Kommo-o|Aura Sphere|p2a: WolfeyABC
|-supereffective|p2a: WolfeyABC|1
|-crit|p2a: WolfeyABC
|-damage|p2a: WolfeyABC|0 fnt
|faint|p2a: WolfeyABC
|cant|p2b: avg. gen1 fan|slp
|
|-heal|p1b: Kommo-o|51/100|[from] item: Leftovers
|-end|p1b: Kommo-o|Disable
|upkeep
|
|t:|1783411756
|switch|p2a: peaked in BW|Politoed, L50, F, shiny|51/100
|-weather|RainDance|[from] ability: Drizzle|[of] p2a: peaked in BW
|turn|7
|
|t:|1783411760
|move|p2a: peaked in BW|Protect|p2a: peaked in BW
|-singleturn|p2a: peaked in BW|Protect
|move|p1a: Vivillon|Sleep Powder|p2a: peaked in BW
|-activate|p2a: peaked in BW|move: Protect
|move|p1b: Kommo-o|Clanging Scales|p2a: peaked in BW|[spread] p2b
|-activate|p2a: peaked in BW|move: Protect
|-damage|p2b: avg. gen1 fan|0 fnt
|faint|p2b: avg. gen1 fan
|-unboost|p1b: Kommo-o|def|1
|
|-weather|RainDance|[upkeep]
|-heal|p1b: Kommo-o|57/100|[from] item: Leftovers
|upkeep
|-message|Artere Happy forfeited.
|
|win|LeonardPlayz
|raw|LeonardPlayz's rating: 1182 → 1209(+27 for winning)
|raw|Artere Happy's rating: 1206 → 1179(-27 for losing)
|l|☆Artere Happy
|player|p2|
