|j|☆InstrumentalCrap
|j|☆Il Mule
|html|InstrumentalCrapIl Mule    
|uhtml|bestof|Game 2 of a best-of-3
|t:|1784119149
|gametype|doubles
|player|p1|InstrumentalCrap|hiker-gen4|1395
|player|p2|Il Mule|salvatore|1414
|gen|9
|tier|[Gen 9 Champions] VGC 2026 Reg M-B (Bo3)
|rated|
|rule|Species Clause: Limit one of each Pokémon
|rule|Item Clause: Limit 1 of each item
|clearpoke
|poke|p1|Garchomp, L50, F, shiny|
|poke|p1|Venusaur, L50, M|
|poke|p1|Incineroar, L50, M|
|poke|p1|Charizard, L50, F, shiny|
|poke|p1|Toxapex, L50, M, shiny|
|poke|p1|Annihilape, L50, M|
|poke|p2|Excadrill, L50, M|
|poke|p2|Tyranitar, L50, M|
|poke|p2|Sneasler, L50, F|
|poke|p2|Incineroar, L50, M|
|poke|p2|Froslass, L50, F|
|poke|p2|Sinistcha, L50|
|teampreview|4
|showteam|p1|Garchomp||ChoiceScarf|RoughSkin|Earthquake,RockSlide,DragonClaw,StompingTantrum|Adamant||F|||50|]Venusaur||LifeOrb|Chlorophyll|SludgeBomb,SolarBeam,EarthPower,Protect|Modest||M|||50|]Incineroar||SitrusBerry|Intimidate|FakeOut,FlareBlitz,ThroatChop,PartingShot|Impish||M|||50|]Charizard||CharizarditeY|Blaze|HeatWave,WeatherBall,Protect,HelpingHand|Modest||F|||50|]Toxapex||Leftovers|Regenerator|Infestation,Toxic,WideGuard,BanefulBunker|Impish||M|||50|]Annihilape||FocusSash|Defiant|CloseCombat,PhantomForce,RockTomb,Protect|Jolly||M|||50|
|showteam|p2|Excadrill||FocusSash|SandRush|HighHorsepower,RockSlide,IronHead,Protect|Adamant||M|||50|]Tyranitar||Tyranitarite|SandStream|KnockOff,RockSlide,DragonDance,Protect|Adamant||M|||50|]Sneasler||WhiteHerb|Unburden|CloseCombat,DireClaw,Coaching,FakeOut|Jolly||F|||50|]Incineroar||SitrusBerry|Intimidate|FlareBlitz,HelpingHand,PartingShot,FakeOut|Impish||M|||50|]Froslass||Froslassite|CursedBody|Blizzard,ShadowBall,NastyPlot,Protect|Timid||F|||50|]Sinistcha||ColburBerry|Hospitality|ShadowBall,LeafStorm,RagePowder,Protect|Bold|||||50|
|j| kelso shrug
|c|☆Il Mule|istruttivo nel senso che questo mu non si vince mai
|j| rovesciaporci
|j| Tridello
|c| kelso shrug|A occhio impossibile vivere questo matchup senza una donna al proprio fianco
|c|☆Il Mule|anche con la donna è impossibile
|j| lakaka siuuu
|c| kelso shrug|E non si è neanche visto annaileips
|
|t:|1784119211
|teamsize|p1|4
|teamsize|p2|4
|start
|switch|p1a: Venusaur|Venusaur, L50, M|100/100
|switch|p1b: Incineroar|Incineroar, L50, M|100/100
|switch|p2a: Sidy|Incineroar, L50, M|100/100
|switch|p2b: odi et amo|Froslass, L50, F|100/100
|-ability|p1b: Incineroar|Intimidate|boost
|-unboost|p2a: Sidy|atk|1
|-unboost|p2b: odi et amo|atk|1
|-ability|p2a: Sidy|Intimidate|boost
|-unboost|p1a: Venusaur|atk|1
|-unboost|p1b: Incineroar|atk|1
|turn|1
|
|t:|1784119249
|detailschange|p2b: odi et amo|Froslass-Mega, L50, F
|-mega|p2b: odi et amo|Froslass|Froslassite
|-weather|Snowscape|[from] ability: Snow Warning|[of] p2b: odi et amo
|move|p1a: Venusaur|Protect|p1a: Venusaur
|-singleturn|p1a: Venusaur|Protect
|move|p2a: Sidy|Fake Out|p1a: Venusaur
|-activate|p1a: Venusaur|move: Protect
|move|p2b: odi et amo|Nasty Plot|p2b: odi et amo
|-boost|p2b: odi et amo|spa|2
|move|p1b: Incineroar|Parting Shot|p2b: odi et amo
|-unboost|p2b: odi et amo|atk|1
|-unboost|p2b: odi et amo|spa|1
|c| rovesciaporci|let's get down to business and value value the fun
|
|t:|1784119265
|switch|p1b: Charizard|Charizard, L50, F, shiny|100/100|[from] Parting Shot
|
|-weather|Snowscape|[upkeep]
|upkeep
|turn|2
|
|t:|1784119295
|switch|p1a: Incineroar|Incineroar, L50, M|100/100
|-ability|p1a: Incineroar|Intimidate|boost
|-unboost|p2a: Sidy|atk|1
|-unboost|p2b: odi et amo|atk|1
|detailschange|p1b: Charizard|Charizard-Mega-Y, L50, F, shiny
|-mega|p1b: Charizard|Charizard|Charizardite Y
|-weather|SunnyDay|[from] ability: Drought|[of] p1b: Charizard
|move|p2b: odi et amo|Protect|p2b: odi et amo
|-singleturn|p2b: odi et amo|Protect
|move|p1b: Charizard|Heat Wave|p2b: odi et amo|[spread] p2a
|-activate|p2b: odi et amo|move: Protect
|-resisted|p2a: Sidy|1
|-damage|p2a: Sidy|72/100
|move|p2a: Sidy|Parting Shot|p1a: Incineroar
|-unboost|p1a: Incineroar|atk|1
|-unboost|p1a: Incineroar|spa|1
|
|t:|1784119305
|switch|p2a: Quando provo|Tyranitar, L50, M|100/100|[from] Parting Shot
|-weather|Sandstorm|[from] ability: Sand Stream|[of] p2a: Quando provo
|
|-weather|Sandstorm|[upkeep]
|-damage|p2b: odi et amo|93/100|[from] Sandstorm
|-damage|p1b: Charizard|93/100|[from] Sandstorm
|-damage|p1a: Incineroar|94/100|[from] Sandstorm
|upkeep
|turn|3
|
|t:|1784119326
|switch|p2b: Sidy|Incineroar, L50, M|72/100
|-ability|p2b: Sidy|Intimidate|boost
|-unboost|p1a: Incineroar|atk|1
|-unboost|p1b: Charizard|atk|1
|move|p1a: Incineroar|Fake Out|p2a: Quando provo
|-resisted|p2a: Quando provo|1
|-damage|p2a: Quando provo|98/100
|move|p1b: Charizard|Heat Wave|p2a: Quando provo|[spread] p2a
|-miss|p1b: Charizard|p2b: Sidy
|-resisted|p2a: Quando provo|1
|-damage|p2a: Quando provo|87/100
|cant|p2a: Quando provo|flinch
|
|-weather|Sandstorm|[upkeep]
|-damage|p1b: Charizard|87/100|[from] Sandstorm
|-damage|p1a: Incineroar|88/100|[from] Sandstorm
|-damage|p2b: Sidy|66/100|[from] Sandstorm
|upkeep
|turn|4
|l| Tridello
|
|t:|1784119344
|switch|p1b: Garchomp|Garchomp, L50, F, shiny|100/100
|move|p2b: Sidy|Helping Hand|p2a: Quando provo
|-singleturn|p2a: Quando provo|Helping Hand|[of] p2b: Sidy
|move|p2a: Quando provo|Rock Slide|p1b: Garchomp|[spread] p1a,p1b
|-supereffective|p1a: Incineroar|1
|-resisted|p1b: Garchomp|1
|-damage|p1a: Incineroar|27/100
|-damage|p1b: Garchomp|79/100
|-enditem|p1a: Incineroar|Sitrus Berry|[eat]
|-heal|p1a: Incineroar|52/100|[from] item: Sitrus Berry
|cant|p1a: Incineroar|flinch
|
|-weather|Sandstorm|[upkeep]
|-damage|p1a: Incineroar|46/100|[from] Sandstorm
|-damage|p2b: Sidy|60/100|[from] Sandstorm
|upkeep
|turn|5
|j| Tridello
|
|t:|1784119360
|switch|p2a: Las brulè|Sinistcha, L50|100/100
|-heal|p2b: Sidy|85/100|[from] ability: Hospitality|[of] p2a: Las brulè
|move|p1b: Garchomp|Stomping Tantrum|p2a: Las brulè
|-resisted|p2a: Las brulè|1
|-damage|p2a: Las brulè|83/100
|move|p1a: Incineroar|Throat Chop|p2b: Sidy
|-resisted|p2b: Sidy|1
|-damage|p2b: Sidy|79/100
|-start|p2b: Sidy|Throat Chop|[silent]
|cant|p2b: Sidy|move: Throat Chop
|
|-weather|Sandstorm|[upkeep]
|-damage|p2a: Las brulè|77/100|[from] Sandstorm
|-damage|p1a: Incineroar|40/100|[from] Sandstorm
|-damage|p2b: Sidy|73/100|[from] Sandstorm
|upkeep
|turn|6
|c| kelso shrug|Salvifico
|c|☆Il Mule|pure il choppalo questo ha
|c|☆Il Mule|chip e ciop
|
|t:|1784119392
|switch|p1b: Charizard|Charizard-Mega-Y, L50, F, shiny|87/100
|-weather|SunnyDay|[from] ability: Drought|[of] p1b: Charizard
|switch|p2b: odi et amo|Froslass-Mega, L50, F|93/100
|-weather|Snowscape|[from] ability: Snow Warning|[of] p2b: odi et amo
|move|p2a: Las brulè|Rage Powder|p2a: Las brulè
|-singleturn|p2a: Las brulè|move: Rage Powder
|move|p1a: Incineroar|Parting Shot|p2a: Las brulè
|-unboost|p2a: Las brulè|atk|1
|-unboost|p2a: Las brulè|spa|1
|
|t:|1784119404
|switch|p1a: Venusaur|Venusaur, L50, M|100/100|[from] Parting Shot
|
|-weather|Snowscape|[upkeep]
|upkeep
|turn|7
|c|☆Il Mule|cip e ciop e i 40 ladroni
|
|t:|1784119425
|switch|p2a: Sidy|Incineroar, L50, M|73/100
|-ability|p2a: Sidy|Intimidate|boost
|-unboost|p1a: Venusaur|atk|1
|-unboost|p1b: Charizard|atk|1
|move|p2b: odi et amo|Protect|p2b: odi et amo
|-singleturn|p2b: odi et amo|Protect
|move|p1a: Venusaur|Protect|p1a: Venusaur
|-singleturn|p1a: Venusaur|Protect
|move|p1b: Charizard|Heat Wave|p2b: odi et amo|[spread] p2a
|-activate|p2b: odi et amo|move: Protect
|-resisted|p2a: Sidy|1
|-damage|p2a: Sidy|54/100
|
|-weather|Snowscape|[upkeep]
|upkeep
|turn|8
|
|t:|1784119456
|move|p1b: Charizard|Helping Hand|p1a: Venusaur
|-singleturn|p1a: Venusaur|Helping Hand|[of] p1b: Charizard
|move|p2a: Sidy|Fake Out|p1b: Charizard
|-damage|p1b: Charizard|76/100
|move|p2b: odi et amo|Nasty Plot|p2b: odi et amo
|-boost|p2b: odi et amo|spa|2
|move|p1a: Venusaur|Earth Power|p2b: odi et amo
|-damage|p2b: odi et amo|38/100
|-damage|p1a: Venusaur|90/100|[from] item: Life Orb
|
|-weather|Snowscape|[upkeep]
|upkeep
|turn|9
|c|☆Il Mule|cip e ciop e i 40 nasoni
|c|☆Il Mule|raramente ho visto uomate con più rischio e meno reward di questa
|c| rovesciaporci|ma che mossa è acca acca palle
|c|☆Il Mule|in tutta la mia carriera lavorativa
|
|t:|1784119501
|switch|p1a: Incineroar|Incineroar, L50, M|40/100
|-ability|p1a: Incineroar|Intimidate|boost
|-unboost|p2a: Sidy|atk|1
|-unboost|p2b: odi et amo|atk|1
|switch|p2a: Las brulè|Sinistcha, L50|77/100
|-heal|p2b: odi et amo|63/100|[from] ability: Hospitality|[of] p2a: Las brulè
|move|p1b: Charizard|Protect|p1b: Charizard
|-singleturn|p1b: Charizard|Protect
|move|p2b: odi et amo|Blizzard|p1a: Incineroar|[spread] p1a
|-activate|p1b: Charizard|move: Protect
|-resisted|p1a: Incineroar|1
|-damage|p1a: Incineroar|7/100
|
|-weather|Snowscape|[upkeep]
|upkeep
|turn|10
|
|t:|1784119519
|switch|p2a: Sidy|Incineroar, L50, M|54/100
|-ability|p2a: Sidy|Intimidate|boost
|-unboost|p1a: Incineroar|atk|1
|-unboost|p1b: Charizard|atk|1
|move|p2b: odi et amo|Blizzard|p1a: Incineroar|[spread] p1a,p1b
|-resisted|p1a: Incineroar|1
|-damage|p1a: Incineroar|0 fnt
|-damage|p1b: Charizard|7/100
|faint|p1a: Incineroar
|move|p1b: Charizard|Heat Wave|p2b: odi et amo|[spread] p2a,p2b
|-resisted|p2a: Sidy|1
|-supereffective|p2b: odi et amo|1
|-damage|p2a: Sidy|36/100
|-damage|p2b: odi et amo|0 fnt
|-enditem|p2a: Sidy|Sitrus Berry|[eat]
|-heal|p2a: Sidy|61/100|[from] item: Sitrus Berry
|faint|p2b: odi et amo
|
|-weather|none
|upkeep
|c|☆Il Mule|madonna che sega
|c| kelso shrug|Tanchero
|
|t:|1784119540
|switch|p2b: Quando provo|Tyranitar, L50, M|87/100
|switch|p1a: Venusaur|Venusaur, L50, M|90/100
|-weather|Sandstorm|[from] ability: Sand Stream|[of] p2b: Quando provo
|turn|11
|c| rovesciaporci|vabbè ma ci sta
|c|☆Il Mule|partita e persone
|c|☆Il Mule|persona 5
|c| rovesciaporci|proteina e protone
|
|t:|1784119573
|switch|p1b: Garchomp|Garchomp, L50, F, shiny|79/100
|move|p2a: Sidy|Fake Out|p1a: Venusaur
|-damage|p1a: Venusaur|77/100
|cant|p1a: Venusaur|flinch
|move|p2b: Quando provo|Dragon Dance|p2b: Quando provo
|-boost|p2b: Quando provo|atk|1
|-boost|p2b: Quando provo|spe|1
|
|-weather|Sandstorm|[upkeep]
|-damage|p1a: Venusaur|71/100|[from] Sandstorm
|-damage|p2a: Sidy|55/100|[from] Sandstorm
|upkeep
|turn|12
|
|t:|1784119632
|switch|p2a: Las brulè|Sinistcha, L50|77/100
|-heal|p2b: Quando provo|100/100|[from] ability: Hospitality|[of] p2a: Las brulè
|move|p1a: Venusaur|Protect|p1a: Venusaur
|-singleturn|p1a: Venusaur|Protect
|move|p1b: Garchomp|Earthquake|p2b: Quando provo|[spread] p2a,p2b
|-activate|p1a: Venusaur|move: Protect
|-resisted|p2a: Las brulè|1
|-supereffective|p2b: Quando provo|1
|-damage|p2a: Las brulè|61/100
|-damage|p2b: Quando provo|37/100
|move|p2b: Quando provo|Knock Off|p1b: Garchomp
|-damage|p1b: Garchomp|15/100
|-damage|p2b: Quando provo|25/100|[from] ability: Rough Skin|[of] p1b: Garchomp
|-enditem|p1b: Garchomp|Choice Scarf|[from] move: Knock Off|[of] p2b: Quando provo
|
|-weather|Sandstorm|[upkeep]
|-damage|p1a: Venusaur|66/100|[from] Sandstorm
|-damage|p2a: Las brulè|55/100|[from] Sandstorm
|upkeep
|turn|13
|c|☆Il Mule|danni che non esistono in natura
|
|t:|1784119666
|switch|p2b: Sidy|Incineroar, L50, M|55/100
|-ability|p2b: Sidy|Intimidate|boost
|-unboost|p1a: Venusaur|atk|1
|-unboost|p1b: Garchomp|atk|1
|switch|p1b: Charizard|Charizard-Mega-Y, L50, F, shiny|7/100
|-weather|SunnyDay|[from] ability: Drought|[of] p1b: Charizard
|move|p1a: Venusaur|Earth Power|p2b: Sidy
|-supereffective|p2b: Sidy|1
|-damage|p2b: Sidy|0 fnt
|faint|p2b: Sidy
|-damage|p1a: Venusaur|56/100|[from] item: Life Orb
|move|p2a: Las brulè|Shadow Ball|p1b: Charizard
|-damage|p1b: Charizard|0 fnt
|faint|p1b: Charizard
|
|-weather|SunnyDay|[upkeep]
|upkeep
|
|t:|1784119682
|switch|p1b: Garchomp|Garchomp, L50, F, shiny|15/100
|switch|p2b: Quando provo|Tyranitar, L50, M|25/100
|-weather|Sandstorm|[from] ability: Sand Stream|[of] p2b: Quando provo
|turn|14
|
|t:|1784119708
|move|p2b: Quando provo|Protect|p2b: Quando provo
|-singleturn|p2b: Quando provo|Protect
|move|p1b: Garchomp|Dragon Claw|p2a: Las brulè
|-damage|p2a: Las brulè|17/100
|move|p1a: Venusaur|Sludge Bomb|p2a: Las brulè
|-damage|p2a: Las brulè|0 fnt
|faint|p2a: Las brulè
|-damage|p1a: Venusaur|47/100|[from] item: Life Orb
|
|-weather|Sandstorm|[upkeep]
|-damage|p1a: Venusaur|41/100|[from] Sandstorm
|upkeep
|turn|15
|c| rovesciaporci|ottimo
|
|t:|1784119727
|move|p1b: Garchomp|Dragon Claw|p2b: Quando provo
|-damage|p2b: Quando provo|0 fnt
|faint|p2b: Quando provo
|
|win|InstrumentalCrap
|raw|InstrumentalCrap's rating: 1395 → 1416(+21 for winning)
|raw|Il Mule's rating: 1414 → 1393(-21 for losing)
|l| kelso shrug
|l|☆Il Mule
|player|p2|
