|j|☆epic17x
|j|☆Raijin and Tonic
|html|epic17xRaijin and Tonic    
|uhtml|bestof|Game 2 of a best-of-3
|t:|1755963124
|gametype|doubles
|player|p1|epic17x|steven|1161
|player|p2|Raijin and Tonic|anabel-gen3|1275
|gen|9
|tier|[Gen 9] VGC 2025 Reg H (Bo3)
|rated|
|rule|Species Clause: Limit one of each Pokémon
|rule|Item Clause: Limit 1 of each item
|clearpoke
|poke|p1|Ninetales-Alola, L50, F|
|poke|p1|Rillaboom, L50, F|
|poke|p1|Magmar, L50, F|
|poke|p1|Sneasler, L50, M|
|poke|p1|Kingambit, L50, M|
|poke|p1|Basculegion, L50, M|
|poke|p2|Typhlosion-Hisui, L50, F|
|poke|p2|Torkoal, L50, M|
|poke|p2|Jumpluff, L50, M|
|poke|p2|Garchomp, L50, M|
|poke|p2|Dragonite, L50, F|
|poke|p2|Kingambit, L50, F|
|teampreview|4
|showteam|p1|Ninetales-Alola||NeverMeltIce|SnowWarning|Blizzard,FreezeDry,Encore,Protect|||F|||50|,,,,,Ghost]Rillaboom||AssaultVest|GrassySurge|WoodHammer,FakeOut,Uturn,GrassyGlide|||F|||50|,,,,,Ghost]Magmar||Eviolite|VitalSpirit|Protect,HeatWave,WillOWisp,FollowMe|||F|||50|,,,,,Ghost]Sneasler||FocusSash|PoisonTouch|FakeOut,DireClaw,CloseCombat,Protect|||M|||50|,,,,,Ghost]Kingambit||BlackGlasses|Defiant|KowtowCleave,SwordsDance,SuckerPunch,Protect|||M|||50|,,,,,Fire]Basculegion||ChoiceScarf|Adaptability|WaveCrash,FlipTurn,TeraBlast,LastRespects|||M|||50|,,,,,Fighting
|showteam|p2|Typhlosion-Hisui||ChoiceSpecs|Blaze|Eruption,HeatWave,Overheat,ShadowBall|||F|||50|,,,,,Fire]Torkoal||EjectPack|Drought|Overheat,HelpingHand,Protect,BurningJealousy|||M|||50|,,,,,Flying]Jumpluff||CovertCloak|Chlorophyll|LeafStorm,Tailwind,Encore,SleepPowder|||M|||50|,,,,,Poison]Garchomp||LifeOrb|RoughSkin|Earthquake,StompingTantrum,DragonClaw,Protect|||M|||50|,,,,,Steel]Dragonite||LoadedDice|Multiscale|ScaleShot,IceSpinner,ExtremeSpeed,Protect|||F|||50|,,,,,Fairy]Kingambit||AssaultVest|Defiant|Assurance,SuckerPunch,IronHead,LowKick|||F|||50|,,,,,Flying
|inactive|Battle timer is ON: inactive players will automatically lose when time's up. (requested by Raijin and Tonic)
|inactive|epic17x also wants the timer to be on.
|
|t:|1755963135
|teamsize|p1|4
|teamsize|p2|4
|start
|switch|p1a: Magmar|Magmar, L50, F|100/100
|switch|p1b: Kingambit|Kingambit, L50, M|100/100
|switch|p2a: Jumpluff|Jumpluff, L50, M, shiny|100/100
|switch|p2b: Torkoal|Torkoal, L50, M, shiny|100/100
|-weather|SunnyDay|[from] ability: Drought|[of] p2b: Torkoal
|turn|1
|inactive|epic17x has 30 seconds left.
|
|t:|1755963161
|move|p1a: Magmar|Follow Me|p1a: Magmar
|-singleturn|p1a: Magmar|move: Follow Me
|move|p2a: Jumpluff|Tailwind|p2a: Jumpluff
|-sidestart|p2: Raijin and Tonic|move: Tailwind
|move|p2b: Torkoal|Overheat|p1a: Magmar
|-resisted|p1a: Magmar
|-damage|p1a: Magmar|76/100
|-unboost|p2b: Torkoal|spa|2
|-enditem|p2b: Torkoal|Eject Pack
|
|t:|1755963171
|switch|p2b: Typhlosion|Typhlosion-Hisui, L50, F, shiny|100/100
|move|p1b: Kingambit|Kowtow Cleave|p2b: Typhlosion
|-supereffective|p2b: Typhlosion
|-damage|p2b: Typhlosion|0 fnt
|faint|p2b: Typhlosion
|
|-weather|SunnyDay|[upkeep]
|upkeep
|
|t:|1755963176
|switch|p2b: Garchomp|Garchomp, L50, M, shiny|100/100
|turn|2
|inactive|epic17x has 30 seconds left.
|inactive|epic17x has 20 seconds left.
|
|t:|1755963213
|move|p2a: Jumpluff|Sleep Powder|p1b: Kingambit
|-status|p1b: Kingambit|slp|[from] move: Sleep Powder
|move|p2b: Garchomp|Earthquake|p1b: Kingambit|[spread] p1a,p1b
|-immune|p2a: Jumpluff
|-supereffective|p1a: Magmar
|-supereffective|p1b: Kingambit
|-damage|p1a: Magmar|1/100
|-damage|p1b: Kingambit|15/100 slp
|-damage|p2b: Garchomp|91/100|[from] item: Life Orb
|move|p1a: Magmar|Will-O-Wisp|p2b: Garchomp
|-status|p2b: Garchomp|brn
|cant|p1b: Kingambit|slp
|
|-weather|SunnyDay|[upkeep]
|-damage|p2b: Garchomp|85/100 brn|[from] brn
|upkeep
|turn|3
|inactive|Raijin and Tonic has 30 seconds left.
|inactive|Raijin and Tonic has 20 seconds left.
|
|t:|1755963248
|move|p1a: Magmar|Protect|p1a: Magmar
|-singleturn|p1a: Magmar|Protect
|cant|p1b: Kingambit|slp
|move|p2a: Jumpluff|Leaf Storm|p1a: Magmar
|-activate|p1a: Magmar|move: Protect
|move|p2b: Garchomp|Earthquake|p1a: Magmar|[spread] p1b
|-activate|p1a: Magmar|move: Protect
|-immune|p2a: Jumpluff
|-supereffective|p1b: Kingambit
|-damage|p1b: Kingambit|0 fnt
|faint|p1b: Kingambit
|-damage|p2b: Garchomp|75/100 brn|[from] item: Life Orb
|
|-weather|SunnyDay|[upkeep]
|-damage|p2b: Garchomp|69/100 brn|[from] brn
|upkeep
|
|t:|1755963263
|switch|p1b: Ninetales|Ninetales-Alola, L50, F|100/100
|-weather|Snowscape|[from] ability: Snow Warning|[of] p1b: Ninetales
|turn|4
|inactive|Raijin and Tonic has 30 seconds left.
|
|t:|1755963296
|switch|p2a: Torkoal|Torkoal, L50, M, shiny|100/100
|-weather|SunnyDay|[from] ability: Drought|[of] p2a: Torkoal
|-terastallize|p2b: Garchomp|Steel
|move|p1a: Magmar|Follow Me|p1a: Magmar
|-singleturn|p1a: Magmar|move: Follow Me
|move|p2b: Garchomp|Stomping Tantrum|p1a: Magmar
|-supereffective|p1a: Magmar
|-damage|p1a: Magmar|0 fnt
|faint|p1a: Magmar
|-damage|p2b: Garchomp|59/100 brn|[from] item: Life Orb
|move|p1b: Ninetales|Freeze-Dry|p2a: Torkoal
|-resisted|p2a: Torkoal
|-damage|p2a: Torkoal|81/100
|
|-weather|SunnyDay|[upkeep]
|-damage|p2b: Garchomp|53/100 brn|[from] brn
|-sideend|p2: Raijin and Tonic|move: Tailwind
|upkeep
|
|t:|1755963306
|switch|p1a: Sneasler|Sneasler, L50, M|100/100
|turn|5
|inactive|epic17x has 30 seconds left.
|inactive|Raijin and Tonic has 30 seconds left.
|inactive|epic17x has 20 seconds left.
|inactive|epic17x has 15 seconds left.
|inactive|epic17x has 10 seconds left.
|inactive|epic17x has 5 seconds left.
|
|t:|1755963356
|move|p2b: Garchomp|Protect|p2b: Garchomp
|-singleturn|p2b: Garchomp|Protect
|move|p1a: Sneasler|Fake Out|p2a: Torkoal
|-damage|p2a: Torkoal|70/100
|-status|p2a: Torkoal|psn|[from] ability: Poison Touch|[of] p1a: Sneasler
|move|p1b: Ninetales|Blizzard|p2a: Torkoal|[spread] p2a
|-activate|p2b: Garchomp|move: Protect
|-resisted|p2a: Torkoal
|-damage|p2a: Torkoal|47/100 psn
|cant|p2a: Torkoal|flinch
|
|-weather|SunnyDay|[upkeep]
|-damage|p2a: Torkoal|35/100 psn|[from] psn
|-damage|p2b: Garchomp|47/100 brn|[from] brn
|upkeep
|turn|6
|inactive|epic17x has 30 seconds left.
|
|t:|1755963389
|move|p1a: Sneasler|Close Combat|p2a: Torkoal
|-damage|p2a: Torkoal|0 fnt
|-unboost|p1a: Sneasler|def|1
|-unboost|p1a: Sneasler|spd|1
|faint|p2a: Torkoal
|move|p1b: Ninetales|Encore|p2b: Garchomp
|-start|p2b: Garchomp|Encore
|move|p2b: Garchomp|Protect|p2b: Garchomp
|-singleturn|p2b: Garchomp|Protect
|
|-weather|SunnyDay|[upkeep]
|-damage|p2b: Garchomp|41/100 brn|[from] brn
|upkeep
|
|t:|1755963397
|switch|p2a: Jumpluff|Jumpluff, L50, M, shiny|100/100
|turn|7
|
|t:|1755963413
|move|p2b: Garchomp|Protect||[still]
|-fail|p2b: Garchomp
|move|p2a: Jumpluff|Sleep Powder|p1a: Sneasler
|-status|p1a: Sneasler|slp|[from] move: Sleep Powder
|cant|p1a: Sneasler|slp
|move|p1b: Ninetales|Freeze-Dry|p2a: Jumpluff
|-supereffective|p2a: Jumpluff
|-damage|p2a: Jumpluff|0 fnt
|faint|p2a: Jumpluff
|
|-weather|SunnyDay|[upkeep]
|-damage|p2b: Garchomp|35/100 brn|[from] brn
|upkeep
|turn|8
|
|t:|1755963428
|move|p2b: Garchomp|Protect|p2b: Garchomp
|-singleturn|p2b: Garchomp|Protect
|cant|p1a: Sneasler|slp
|move|p1b: Ninetales|Freeze-Dry|p2b: Garchomp
|-activate|p2b: Garchomp|move: Protect
|
|-weather|none
|-damage|p2b: Garchomp|29/100 brn|[from] brn
|-end|p2b: Garchomp|Encore
|upkeep
|turn|9
|
|t:|1755963436
|move|p1b: Ninetales|Protect|p1b: Ninetales
|-singleturn|p1b: Ninetales|Protect
|-curestatus|p1a: Sneasler|slp|[msg]
|move|p1a: Sneasler|Close Combat|p2b: Garchomp
|-supereffective|p2b: Garchomp
|-damage|p2b: Garchomp|0 fnt
|-unboost|p1a: Sneasler|def|1
|-unboost|p1a: Sneasler|spd|1
|-damage|p1a: Sneasler|88/100|[from] ability: Rough Skin|[of] p2b: Garchomp
|faint|p2b: Garchomp
|
|win|epic17x
|raw|epic17x's rating: 1161 → 1194(+33 for winning)
|raw|Raijin and Tonic's rating: 1275 → 1242(-33 for losing)
