|j|â˜†Leafeon Main?
|j|â˜†Tijerben000
|html|Leafeon Main?Tijerben000    
|uhtml|bestof|Game 3 of a best-of-3
|t:|1785882535
|gametype|doubles
|player|p1|Leafeon Main?|cheryl|
|player|p2|Tijerben000|cheren-gen5bw2|
|gen|9
|tier|[Gen 9 Champions] VGC 2026 Reg M-B (Bo3)
|rule|Species Clause: Limit one of each PokÃ©mon
|rule|Item Clause: Limit 1 of each item
|raw|1 custom rule: !Force Open Team Sheets
|clearpoke
|poke|p1|Gengar, L50, M|
|poke|p1|Ninetales-Alola, L50, F|
|poke|p1|Whimsicott, L50, M|
|poke|p1|Jolteon, L50, F|
|poke|p1|Politoed, L50, F|
|poke|p1|Leafeon, L50, F|
|poke|p2|Mawile, L50, M, shiny|
|poke|p2|Rotom-Wash, L50, shiny|
|poke|p2|Meowstic, L50, M, shiny|
|poke|p2|Toxicroak, L50, M, shiny|
|poke|p2|Starmie, L50, shiny|
|poke|p2|Staraptor, L50, F, shiny|
|teampreview|4
|c|â˜†Tijerben000|all comes down to this
|c|â˜†Leafeon Main?|How many times am I gonna go to game three?
|j| yungsmokey
|c| yungsmokey|a game 3 situation
|c|â˜†Leafeon Main?|I have gone to game three every week but one
|
|t:|1785882588
|teamsize|p1|4
|teamsize|p2|4
|start
|switch|p1a: Rogue|Whimsicott, L50, M|100/100
|switch|p1b: Sorcerer|Gengar, L50, M|100/100
|switch|p2a: Rotom|Rotom-Wash, L50, shiny|100/100
|switch|p2b: Staraptor|Staraptor, L50, F, shiny|100/100
|-ability|p2b: Staraptor|Intimidate|boost
|-unboost|p1a: Rogue|atk|1
|-unboost|p1b: Sorcerer|atk|1
|turn|1
|
|t:|1785882608
|detailschange|p1b: Sorcerer|Gengar-Mega, L50, M
|-mega|p1b: Sorcerer|Gengar|Gengarite
|move|p1a: Rogue|Protect|p1a: Rogue
|-singleturn|p1a: Rogue|Protect
|move|p2a: Rotom|Protect|p2a: Rotom
|-singleturn|p2a: Rotom|Protect
|move|p2b: Staraptor|U-turn|p1a: Rogue
|-activate|p1a: Rogue|move: Protect
|move|p1b: Sorcerer|Sludge Bomb|p2b: Staraptor
|-damage|p2b: Staraptor|10/100
|
|upkeep
|turn|2
|
|t:|1785882641
|switch|p1b: Wizard|Jolteon, L50, F|100/100
|move|p1a: Rogue|Encore|p2a: Rotom
|-start|p2a: Rotom|Encore
|move|p2a: Rotom|Protect|p2a: Rotom
|-singleturn|p2a: Rotom|Protect
|move|p2b: Staraptor|U-turn|p1a: Rogue
|-damage|p1a: Rogue|71/100
|
|t:|1785882653
|switch|p2b: Toxicroak|Toxicroak, L50, M, shiny|100/100|[from] U-turn
|
|upkeep
|turn|3
|
|t:|1785882668
|switch|p2a: Mawile|Mawile, L50, M, shiny|100/100
|move|p2b: Toxicroak|Fake Out|p1b: Wizard
|-damage|p1b: Wizard|77/100
|move|p1a: Rogue|Sunny Day|p1a: Rogue
|-weather|SunnyDay
|cant|p1b: Wizard|flinch
|
|-weather|SunnyDay|[upkeep]
|-damage|p2b: Toxicroak|88/100|[from] ability: Dry Skin|[of] p2b: Toxicroak
|upkeep
|turn|4
|
|t:|1785882691
|detailschange|p2a: Mawile|Mawile-Mega, L50, M, shiny
|-mega|p2a: Mawile|Mawile|Mawilite
|move|p1a: Rogue|Encore|p2b: Toxicroak
|-start|p2b: Toxicroak|Encore
|move|p2b: Toxicroak|Fake Out||[still]
|-hint|Fake Out only works on your first turn out.
|-fail|p2b: Toxicroak
|move|p2a: Mawile|Sucker Punch|p1b: Wizard
|-damage|p1b: Wizard|0 fnt
|faint|p1b: Wizard
|
|-weather|SunnyDay|[upkeep]
|-damage|p2b: Toxicroak|76/100|[from] ability: Dry Skin|[of] p2b: Toxicroak
|upkeep
|
|t:|1785882704
|switch|p1b: Druid|Leafeon, L50, F|100/100
|turn|5
|
|t:|1785882727
|move|p1a: Rogue|Protect|p1a: Rogue
|-singleturn|p1a: Rogue|Protect
|move|p2a: Mawile|Protect|p2a: Mawile
|-singleturn|p2a: Mawile|Protect
|move|p1b: Druid|Solar Blade||[still]
|-prepare|p1b: Druid|Solar Blade
|-anim|p1b: Druid|Solar Blade|p2b: Toxicroak
|-resisted|p2b: Toxicroak|1
|-damage|p2b: Toxicroak|10/100
|-damage|p1b: Druid|90/100|[from] item: Life Orb
|-activate|p2b: Toxicroak|move: Struggle
|move|p2b: Toxicroak|Struggle|p1b: Druid
|-damage|p1b: Druid|75/100
|-damage|p2b: Toxicroak|0 fnt|[from] recoil
|faint|p2b: Toxicroak
|
|-weather|SunnyDay|[upkeep]
|upkeep
|
|t:|1785882742
|switch|p2b: Rotom|Rotom-Wash, L50, shiny|100/100
|turn|6
|
|t:|1785882761
|switch|p2a: Staraptor|Staraptor, L50, F, shiny|10/100
|-ability|p2a: Staraptor|Intimidate|boost
|-unboost|p1a: Rogue|atk|1
|-unboost|p1b: Druid|atk|1
|move|p1a: Rogue|Encore||[still]
|-fail|p1a: Rogue
|move|p1b: Druid|Solar Blade||[still]
|-prepare|p1b: Druid|Solar Blade
|-anim|p1b: Druid|Solar Blade|p2b: Rotom
|-supereffective|p2b: Rotom|1
|-damage|p2b: Rotom|0 fnt
|faint|p2b: Rotom
|-damage|p1b: Druid|65/100|[from] item: Life Orb
|
|-weather|SunnyDay|[upkeep]
|upkeep
|
|t:|1785882770
|switch|p2b: Mawile|Mawile-Mega, L50, M, shiny|100/100
|turn|7
|
|t:|1785882781
|move|p1b: Druid|Protect|p1b: Druid
|-singleturn|p1b: Druid|Protect
|move|p2a: Staraptor|Brave Bird|p1b: Druid
|-activate|p1b: Druid|move: Protect
|move|p1a: Rogue|Moonblast|p2a: Staraptor
|-damage|p2a: Staraptor|0 fnt
|faint|p2a: Staraptor
|move|p2b: Mawile|Iron Head|p1a: Rogue
|-supereffective|p1a: Rogue|1
|-damage|p1a: Rogue|0 fnt
|faint|p1a: Rogue
|
|-weather|none
|upkeep
|
|t:|1785882793
|switch|p1a: Sorcerer|Gengar-Mega, L50, M|100/100
|turn|8
|
|t:|1785882810
|move|p1a: Sorcerer|Protect|p1a: Sorcerer
|-singleturn|p1a: Sorcerer|Protect
|move|p2b: Mawile|Sucker Punch||[still]
|-fail|p2b: Mawile
|move|p1b: Druid|Solar Blade||[still]
|-prepare|p1b: Druid|Solar Blade
|
|upkeep
|turn|9
|
|t:|1785882821
|move|p1a: Sorcerer|Protect|p1a: Sorcerer
|-singleturn|p1a: Sorcerer|Protect
|move|p1b: Druid|Solar Blade|p2b: Mawile|[from] lockedmove
|-resisted|p2b: Mawile|1
|-damage|p2b: Mawile|72/100
|-damage|p1b: Druid|55/100|[from] item: Life Orb
|move|p2b: Mawile|Play Rough|p1b: Druid
|-damage|p1b: Druid|0 fnt
|faint|p1b: Druid
|
|upkeep
|turn|10
|
|t:|1785882840
|move|p1a: Sorcerer|Protect||[still]
|-fail|p1a: Sorcerer
|move|p2b: Mawile|Sucker Punch||[still]
|-fail|p2b: Mawile
|
|upkeep
|turn|11
|
|t:|1785882853
|move|p2b: Mawile|Sucker Punch|p1a: Sorcerer
|-supereffective|p1a: Sorcerer|1
|-damage|p1a: Sorcerer|0 fnt
|faint|p1a: Sorcerer
|
|win|Tijerben000
|c|â˜†Tijerben000|Ggs my dude what a fight!
|c|â˜†Leafeon Main?|damn I lost my 50/50
|c|â˜†Leafeon Main?|I thought you'd look
|c|â˜†Leafeon Main?|ggs
|c|â˜†Tijerben000|ggs!
|c| yungsmokey|what a set
