|j|☆Moon7777
|j|☆crudo de fava
|html|Moon7777crudo de fava    
|uhtml|bestof|Game 1 of a best-of-3
|t:|1756497881
|gametype|doubles
|player|p1|Moon7777|170|1426
|player|p2|crudo de fava|ingo|1342
|gen|9
|tier|[Gen 9] VGC 2025 Reg H (Bo3)
|rated|
|rule|Species Clause: Limit one of each Pokémon
|rule|Item Clause: Limit 1 of each item
|clearpoke
|poke|p1|Annihilape, L50, F|
|poke|p1|Archaludon, L50, F|
|poke|p1|Dondozo, L50, M|
|poke|p1|Tatsugiri, L50, M|
|poke|p1|Tyranitar, L50, M|
|poke|p1|Excadrill, L50, M|
|poke|p2|Charizard, L50, F|
|poke|p2|Torkoal, L50, F|
|poke|p2|Porygon2, L50|
|poke|p2|Incineroar, L50, M|
|poke|p2|Jumpluff, L50, M|
|poke|p2|Ursaluna, L50, F|
|teampreview|4
|showteam|p1|Annihilape||ChoiceScarf|Defiant|CloseCombat,Coaching,FinalGambit,RageFist|||F|||50|,,,,,Fighting]Archaludon||PowerHerb|Sturdy|ElectroShot,DracoMeteor,Protect,FlashCannon|||F|||50|,,,,,Electric]Dondozo||Leftovers|Oblivious|Earthquake,Protect,WaveCrash,OrderUp|||M|||50|,,,,,Grass]Tatsugiri||SafetyGoggles|Commander|DracoMeteor,IcyWind,MuddyWater,Protect|||M|||50|,,,,,Dragon]Tyranitar||AssaultVest|SandStream|KnockOff,TeraBlast,RockSlide,LowKick|||M|||50|,,,,,Flying]Excadrill||FocusSash|SandRush|IronHead,HighHorsepower,Earthquake,Protect|||M|||50|,,,,,Ground
|showteam|p2|Charizard||ChoiceSpecs|SolarPower|HeatWave,Overheat,WeatherBall,AirSlash|||F|||50|,,,,,Ghost]Torkoal||EjectPack|Drought|Eruption,Overheat,HelpingHand,Protect|||F|||50|,,,,,Fire]Porygon2||Eviolite|Download|TeraBlast,IceBeam,Recover,TrickRoom||||||50|,,,,,Fighting]Incineroar||SitrusBerry|Intimidate|FlareBlitz,KnockOff,FakeOut,PartingShot|||M|||50|,,,,,Ghost]Jumpluff||CovertCloak|Chlorophyll|SleepPowder,SunnyDay,RagePowder,Tailwind|||M|||50|,,,,,Water]Ursaluna||FlameOrb|Guts|HeadlongRush,Facade,Earthquake,Protect|||F|||50|,,,,,Ghost
|inactive|Battle timer is ON: inactive players will automatically lose when time's up. (requested by Moon7777)
|inactive|crudo de fava has 60 seconds left.
|
|t:|1756497948
|teamsize|p1|4
|teamsize|p2|4
|start
|switch|p1a: Excadrill|Excadrill, L50, M|100/100
|switch|p1b: Dondozo|Dondozo, L50, M|100/100
|switch|p2a: Incineroar|Incineroar, L50, M|100/100
|switch|p2b: Porygon2|Porygon2, L50|100/100
|-ability|p2a: Incineroar|Intimidate|boost
|-unboost|p1a: Excadrill|atk|1
|-fail|p1b: Dondozo|unboost|Attack|[from] ability: Oblivious|[of] p1b: Dondozo
|-ability|p2b: Porygon2|Download|boost
|-boost|p2b: Porygon2|spa|1
|turn|1
|
|t:|1756497971
|move|p2a: Incineroar|Fake Out|p1b: Dondozo
|-damage|p1b: Dondozo|91/100
|move|p1a: Excadrill|High Horsepower|p2a: Incineroar
|-supereffective|p2a: Incineroar
|-damage|p2a: Incineroar|25/100
|-enditem|p2a: Incineroar|Sitrus Berry|[eat]
|-heal|p2a: Incineroar|50/100|[from] item: Sitrus Berry
|cant|p1b: Dondozo|flinch
|move|p2b: Porygon2|Trick Room|p2b: Porygon2
|-fieldstart|move: Trick Room|[of] p2b: Porygon2
|
|-heal|p1b: Dondozo|97/100|[from] item: Leftovers
|upkeep
|turn|2
|
|t:|1756497993
|move|p1b: Dondozo|Protect|p1b: Dondozo
|-singleturn|p1b: Dondozo|Protect
|move|p1a: Excadrill|Protect|p1a: Excadrill
|-singleturn|p1a: Excadrill|Protect
|move|p2b: Porygon2|Ice Beam|p1a: Excadrill
|-activate|p1a: Excadrill|move: Protect
|move|p2a: Incineroar|Parting Shot|p1b: Dondozo
|-activate|p1b: Dondozo|move: Protect
|
|-heal|p1b: Dondozo|100/100|[from] item: Leftovers
|upkeep
|turn|3
|
|t:|1756498010
|switch|p1a: Tatsugiri|Tatsugiri, L50, M|100/100
|-activate|p1a: Tatsugiri|ability: Commander|[of] p1b: Dondozo
|-boost|p1b: Dondozo|atk|2
|-boost|p1b: Dondozo|spa|2
|-boost|p1b: Dondozo|spe|2
|-boost|p1b: Dondozo|def|2
|-boost|p1b: Dondozo|spd|2
|move|p2b: Porygon2|Tera Blast|p1b: Dondozo
|-damage|p1b: Dondozo|67/100
|move|p2a: Incineroar|Parting Shot|p1b: Dondozo
|-unboost|p1b: Dondozo|atk|1
|-unboost|p1b: Dondozo|spa|1
|
|t:|1756498018
|switch|p2a: Jumpluff|Jumpluff, L50, M|100/100|[from] Parting Shot
|move|p1b: Dondozo|Wave Crash|p2a: Jumpluff
|-resisted|p2a: Jumpluff
|-damage|p2a: Jumpluff|52/100
|-damage|p1b: Dondozo|54/100|[from] Recoil
|
|-heal|p1b: Dondozo|60/100|[from] item: Leftovers
|upkeep
|turn|4
|
|t:|1756498038
|move|p2b: Porygon2|Ice Beam|p1b: Dondozo
|-resisted|p1b: Dondozo
|-damage|p1b: Dondozo|48/100
|move|p2a: Jumpluff|Sleep Powder|p1b: Dondozo
|-status|p1b: Dondozo|slp|[from] move: Sleep Powder
|cant|p1b: Dondozo|slp
|
|-heal|p1b: Dondozo|54/100 slp|[from] item: Leftovers
|upkeep
|turn|5
|
|t:|1756498050
|move|p2b: Porygon2|Tera Blast|p1b: Dondozo
|-damage|p1b: Dondozo|24/100 slp
|move|p2a: Jumpluff|Tailwind|p2a: Jumpluff
|-sidestart|p2: crudo de fava|move: Tailwind
|-curestatus|p1b: Dondozo|slp|[msg]
|move|p1b: Dondozo|Order Up|p2a: Jumpluff
|-damage|p2a: Jumpluff|5/100
|-boost|p1b: Dondozo|atk|1
|
|-heal|p1b: Dondozo|31/100|[from] item: Leftovers
|-fieldend|move: Trick Room
|upkeep
|turn|6
|
|t:|1756498064
|move|p1b: Dondozo|Protect|p1b: Dondozo
|-singleturn|p1b: Dondozo|Protect
|move|p2a: Jumpluff|Sleep Powder|p1b: Dondozo
|-activate|p1b: Dondozo|move: Protect
|move|p2b: Porygon2|Tera Blast|p1b: Dondozo
|-activate|p1b: Dondozo|move: Protect
|
|-heal|p1b: Dondozo|37/100|[from] item: Leftovers
|upkeep
|turn|7
|
|t:|1756498076
|-terastallize|p1b: Dondozo|Grass
|move|p2a: Jumpluff|Sleep Powder|p1b: Dondozo
|-immune|p1b: Dondozo
|move|p1b: Dondozo|Order Up|p2a: Jumpluff
|-damage|p2a: Jumpluff|0 fnt
|faint|p2a: Jumpluff
|-boost|p1b: Dondozo|atk|1
|move|p2b: Porygon2|Ice Beam|p1b: Dondozo
|-supereffective|p1b: Dondozo
|-damage|p1b: Dondozo|0 fnt
|faint|p1b: Dondozo
|
|upkeep
|
|t:|1756498095
|switch|p2a: Ursaluna|Ursaluna, L50, F|100/100
|switch|p1b: Tyranitar|Tyranitar, L50, M|100/100
|-weather|Sandstorm|[from] ability: Sand Stream|[of] p1b: Tyranitar
|turn|8
|
|t:|1756498117
|move|p2a: Ursaluna|Protect|p2a: Ursaluna
|-singleturn|p2a: Ursaluna|Protect
|move|p1a: Tatsugiri|Muddy Water|p2b: Porygon2|[spread] p2b
|-activate|p2a: Ursaluna|move: Protect
|-damage|p2b: Porygon2|83/100
|move|p1b: Tyranitar|Knock Off|p2b: Porygon2
|-damage|p2b: Porygon2|54/100
|-enditem|p2b: Porygon2|Eviolite|[from] move: Knock Off|[of] p1b: Tyranitar
|move|p2b: Porygon2|Trick Room|p2b: Porygon2
|-fieldstart|move: Trick Room|[of] p2b: Porygon2
|
|-weather|Sandstorm|[upkeep]
|-damage|p2b: Porygon2|47/100|[from] Sandstorm
|-sideend|p2: crudo de fava|move: Tailwind
|-status|p2a: Ursaluna|brn|[from] item: Flame Orb
|upkeep
|turn|9
|
|t:|1756498137
|-terastallize|p2a: Ursaluna|Ghost
|move|p1a: Tatsugiri|Protect|p1a: Tatsugiri
|-singleturn|p1a: Tatsugiri|Protect
|move|p1b: Tyranitar|Low Kick|p2a: Ursaluna
|-immune|p2a: Ursaluna
|move|p2b: Porygon2|Recover|p2b: Porygon2
|-heal|p2b: Porygon2|97/100
|move|p2a: Ursaluna|Headlong Rush|p1b: Tyranitar
|-supereffective|p1b: Tyranitar
|-damage|p1b: Tyranitar|0 fnt
|-unboost|p2a: Ursaluna|def|1
|-unboost|p2a: Ursaluna|spd|1
|faint|p1b: Tyranitar
|
|-weather|Sandstorm|[upkeep]
|-damage|p2b: Porygon2|91/100|[from] Sandstorm
|-damage|p2a: Ursaluna|95/100 brn|[from] Sandstorm
|-damage|p2a: Ursaluna|89/100 brn|[from] brn
|upkeep
|-message|Moon7777 forfeited.
|
|win|crudo de fava
||Moon7777 is ready for game 2.
||crudo de fava is ready for game 2.
|uhtml|next|Next: Game 2 of 3
|l|☆Moon7777
|player|p1|
