|j|☆aHpEl
|j|☆rycully
|html|aHpElrycully    
|uhtml|bestof|Game 1 of a best-of-3
|t:|1783480061
|gametype|doubles
|player|p1|aHpEl|1|1128
|player|p2|rycully|morty|1053
|gen|9
|tier|[Gen 9 Champions] VGC 2026 Reg M-B (Bo3)
|rated|
|rule|Species Clause: Limit one of each Pokémon
|rule|Item Clause: Limit 1 of each item
|clearpoke
|poke|p1|Froslass, L50, F|
|poke|p1|Arcanine-Hisui, L50, M|
|poke|p1|Kingambit, L50, M|
|poke|p1|Sneasler, L50, F|
|poke|p1|Basculegion, L50, M|
|poke|p1|Scovillain, L50, F|
|poke|p2|Grimmsnarl, L50, M|
|poke|p2|Hydreigon, L50, F|
|poke|p2|Garchomp, L50, M|
|poke|p2|Metagross, L50|
|poke|p2|Charizard, L50, M|
|poke|p2|Toxapex, L50, M|
|teampreview|4
|showteam|p1|Froslass||Froslassite|CursedBody|Blizzard,AuroraVeil,ShadowBall,Protect|Timid||F|||50|]Arcanine-Hisui||LifeOrb|RockHead|HeadSmash,FlareBlitz,RockSlide,Protect|Jolly||M|||50|]Kingambit||BlackGlasses|Defiant|KowtowCleave,SuckerPunch,Protect,IronHead|Adamant||M|||50|]Sneasler||FocusSash|Pressure|CloseCombat,FakeOut,DireClaw,Protect|Adamant||F|||50|]Basculegion||SitrusBerry|Adaptability|WaveCrash,LastRespects,AquaJet,Protect|Adamant||M|||50|]Scovillain||Scovillainite|Chlorophyll|RagePowder,Protect,Overheat,GigaDrain|Bold||F|||50|
|showteam|p2|Grimmsnarl||RoseliBerry|Prankster|FakeOut,FoulPlay,Reflect,PartingShot|Sassy||M|||50|]Hydreigon||ChoiceScarf|Levitate|DarkPulse,DracoMeteor,Snarl,HeatWave|Modest||F|||50|]Garchomp||SitrusBerry|RoughSkin|Earthquake,DragonClaw,RockSlide,Protect|Adamant||M|||50|]Metagross||Metagrossite|ClearBody|IronHead,BulletPunch,HammerArm,Protect|Adamant|||||50|]Charizard||CharizarditeY|Blaze|HeatWave,SolarBeam,WeatherBall,Protect|Timid||M|||50|]Toxapex||Leftovers|Regenerator|Infestation,Toxic,WideGuard,BanefulBunker|Impish||M|||50|
|inactive|Battle timer is ON: inactive players will automatically lose when time's up. (requested by rycully)
|c|☆rycully|glhf!
|inactive|rycully has 60 seconds left.
|inactive|rycully has 30 seconds left.
|
|t:|1783480131
|teamsize|p1|4
|teamsize|p2|4
|start
|switch|p1a: Froslass|Froslass, L50, F|100/100
|switch|p1b: Arcanine|Arcanine-Hisui, L50, M|100/100
|switch|p2a: Grimmsnarl|Grimmsnarl, L50, M|100/100
|switch|p2b: Charizard|Charizard, L50, M|100/100
|turn|1
|
|t:|1783480152
|detailschange|p1a: Froslass|Froslass-Mega, L50, F
|-mega|p1a: Froslass|Froslass|Froslassite
|-weather|Snowscape|[from] ability: Snow Warning|[of] p1a: Froslass
|move|p2b: Charizard|Protect|p2b: Charizard
|-singleturn|p2b: Charizard|Protect
|move|p2a: Grimmsnarl|Fake Out|p1b: Arcanine
|-resisted|p1b: Arcanine|1
|-damage|p1b: Arcanine|93/100
|move|p1a: Froslass|Blizzard|p2b: Charizard|[spread] p2a
|-activate|p2b: Charizard|move: Protect
|-damage|p2a: Grimmsnarl|67/100
|cant|p1b: Arcanine|flinch
|
|-weather|Snowscape|[upkeep]
|upkeep
|turn|2
|inactive|rycully has 30 seconds left.
|inactive|rycully has 20 seconds left.
|inactive|rycully has 15 seconds left.
|inactive|rycully has 10 seconds left.
|inactive|rycully has 5 seconds left.
|
|t:|1783480205
|switch|p1a: Basculegion|Basculegion, L50, M|100/100
|detailschange|p2b: Charizard|Charizard-Mega-Y, L50, M
|-mega|p2b: Charizard|Charizard|Charizardite Y
|-weather|SunnyDay|[from] ability: Drought|[of] p2b: Charizard
|move|p1b: Arcanine|Protect|p1b: Arcanine
|-singleturn|p1b: Arcanine|Protect
|move|p2a: Grimmsnarl|Parting Shot|p1b: Arcanine
|-activate|p1b: Arcanine|move: Protect
|move|p2b: Charizard|Heat Wave|p1a: Basculegion|[spread] p1a
|-activate|p1b: Arcanine|move: Protect
|-resisted|p1a: Basculegion|1
|-damage|p1a: Basculegion|73/100
|
|-weather|SunnyDay|[upkeep]
|upkeep
|turn|3
|
|t:|1783480228
|switch|p2b: Hydreigon|Hydreigon, L50, F|100/100
|switch|p1b: Kingambit|Kingambit, L50, M|100/100
|move|p1a: Basculegion|Wave Crash|p2b: Hydreigon
|-resisted|p2b: Hydreigon|1
|-crit|p2b: Hydreigon
|-damage|p2b: Hydreigon|70/100
|-damage|p1a: Basculegion|65/100|[from] Recoil
|move|p2a: Grimmsnarl|Foul Play|p1a: Basculegion
|-supereffective|p1a: Basculegion|1
|-damage|p1a: Basculegion|0 fnt
|faint|p1a: Basculegion
|
|-weather|SunnyDay|[upkeep]
|upkeep
|
|t:|1783480236
|switch|p1a: Froslass|Froslass-Mega, L50, F|100/100
|-weather|Snowscape|[from] ability: Snow Warning|[of] p1a: Froslass
|turn|4
|
|t:|1783480249
|move|p1a: Froslass|Protect|p1a: Froslass
|-singleturn|p1a: Froslass|Protect
|move|p2a: Grimmsnarl|Reflect|p2a: Grimmsnarl
|-sidestart|p2: rycully|Reflect
|move|p2b: Hydreigon|Dark Pulse|p1a: Froslass
|-activate|p1a: Froslass|move: Protect
|move|p1b: Kingambit|Iron Head|p2a: Grimmsnarl
|-supereffective|p2a: Grimmsnarl|1
|-damage|p2a: Grimmsnarl|8/100
|
|-weather|Snowscape|[upkeep]
|upkeep
|turn|5
|
|t:|1783480273
|switch|p2a: Toxapex|Toxapex, L50, M|100/100
|move|p2b: Hydreigon|Dark Pulse|p1a: Froslass
|-supereffective|p1a: Froslass|1
|-damage|p1a: Froslass|5/100
|move|p1a: Froslass|Blizzard|p2a: Toxapex|[spread] p2a,p2b
|-resisted|p2a: Toxapex|1
|-supereffective|p2b: Hydreigon|1
|-damage|p2a: Toxapex|84/100
|-damage|p2b: Hydreigon|0 fnt
|faint|p2b: Hydreigon
|move|p1b: Kingambit|Kowtow Cleave|p2a: Toxapex
|-damage|p2a: Toxapex|59/100
|
|-weather|Snowscape|[upkeep]
|-heal|p2a: Toxapex|64/100|[from] item: Leftovers
|upkeep
|
|t:|1783480288
|switch|p2b: Charizard|Charizard-Mega-Y, L50, M|100/100
|-weather|SunnyDay|[from] ability: Drought|[of] p2b: Charizard
|turn|6
|inactive|aHpEl has 30 seconds left.
|inactive|aHpEl has 20 seconds left.
|
|t:|1783480327
|move|p1a: Froslass|Protect|p1a: Froslass
|-singleturn|p1a: Froslass|Protect
|move|p2b: Charizard|Heat Wave|p1b: Kingambit|[spread] p1b
|-activate|p1a: Froslass|move: Protect
|-supereffective|p1b: Kingambit|1
|-crit|p1b: Kingambit
|-damage|p1b: Kingambit|0 fnt
|faint|p1b: Kingambit
|move|p2a: Toxapex|Infestation|p1a: Froslass
|-activate|p1a: Froslass|move: Protect
|
|-weather|SunnyDay|[upkeep]
|-heal|p2a: Toxapex|70/100|[from] item: Leftovers
|upkeep
|
|t:|1783480333
|switch|p1b: Arcanine|Arcanine-Hisui, L50, M|93/100
|turn|7
|inactive|rycully has 30 seconds left.
|
|t:|1783480359
|move|p2b: Charizard|Protect|p2b: Charizard
|-singleturn|p2b: Charizard|Protect
|move|p1a: Froslass|Shadow Ball|p2a: Toxapex
|-damage|p2a: Toxapex|42/100
|move|p1b: Arcanine|Head Smash|p2b: Charizard
|-activate|p2b: Charizard|move: Protect
|move|p2a: Toxapex|Toxic|p1b: Arcanine
|-status|p1b: Arcanine|tox
|
|-weather|SunnyDay|[upkeep]
|-heal|p2a: Toxapex|47/100|[from] item: Leftovers
|-damage|p1b: Arcanine|87/100 tox|[from] psn
|upkeep
|turn|8
|
|t:|1783480383
|switch|p2b: Grimmsnarl|Grimmsnarl, L50, M|8/100
|move|p1a: Froslass|Shadow Ball|p2a: Toxapex
|-damage|p2a: Toxapex|17/100
|-unboost|p2a: Toxapex|spd|1
|move|p1b: Arcanine|Head Smash|p2b: Grimmsnarl|[miss]
|-miss|p1b: Arcanine|p2b: Grimmsnarl
|move|p2a: Toxapex|Infestation|p1b: Arcanine
|-resisted|p1b: Arcanine|1
|-damage|p1b: Arcanine|85/100 tox
|-activate|p1b: Arcanine|move: Infestation|[of] p2a: Toxapex
|
|-weather|SunnyDay|[upkeep]
|-heal|p2a: Toxapex|22/100|[from] item: Leftovers
|-damage|p1b: Arcanine|74/100 tox|[from] psn
|-damage|p1b: Arcanine|61/100 tox|[from] move: Infestation|[partiallytrapped]
|-sideend|p2: rycully|Reflect
|upkeep
|turn|9
|inactive|aHpEl has 30 seconds left.
|
|t:|1783480413
|move|p2b: Grimmsnarl|Fake Out|p1b: Arcanine
|-resisted|p1b: Arcanine|1
|-damage|p1b: Arcanine|54/100 tox
|move|p1a: Froslass|Shadow Ball|p2b: Grimmsnarl
|-resisted|p2b: Grimmsnarl|1
|-damage|p2b: Grimmsnarl|0 fnt
|faint|p2b: Grimmsnarl
|cant|p1b: Arcanine|flinch
|move|p2a: Toxapex|Infestation|p1a: Froslass
|-resisted|p1a: Froslass|1
|-damage|p1a: Froslass|3/100
|-activate|p1a: Froslass|move: Infestation|[of] p2a: Toxapex
|
|-weather|SunnyDay|[upkeep]
|-heal|p2a: Toxapex|28/100|[from] item: Leftovers
|-damage|p1b: Arcanine|37/100 tox|[from] psn
|-damage|p1a: Froslass|0 fnt|[from] move: Infestation|[partiallytrapped]
|faint|p1a: Froslass
|-damage|p1b: Arcanine|25/100 tox|[from] move: Infestation|[partiallytrapped]
|upkeep
|
|t:|1783480430
|switch|p2b: Charizard|Charizard-Mega-Y, L50, M|100/100
|turn|10
|inactive|aHpEl has 30 seconds left.
|
|t:|1783480463
|move|p2b: Charizard|Protect|p2b: Charizard
|-singleturn|p2b: Charizard|Protect
|move|p1b: Arcanine|Rock Slide|p2b: Charizard|[spread] p2a
|-activate|p2b: Charizard|move: Protect
|-damage|p2a: Toxapex|8/100
|-damage|p1b: Arcanine|15/100 tox|[from] item: Life Orb
|move|p2a: Toxapex|Infestation|p1b: Arcanine
|-resisted|p1b: Arcanine|1
|-damage|p1b: Arcanine|13/100 tox
|
|-weather|none
|-heal|p2a: Toxapex|14/100|[from] item: Leftovers
|-damage|p1b: Arcanine|0 fnt|[from] psn
|faint|p1b: Arcanine
|
|win|rycully
||aHpEl is ready for game 2.
