|j|☆nastynye
|j|☆Taykheed007
|html|nastynyeTaykheed007    
|uhtml|bestof|Game 1 of a best-of-3
|t:|1783280782
|gametype|doubles
|player|p1|nastynye|pokemonranger-gen4|
|player|p2|Taykheed007|acetrainer-gen4dp|
|gen|9
|tier|[Gen 9 Champions] VGC 2026 Reg M-B (Bo3)
|rule|Species Clause: Limit one of each Pokémon
|rule|Item Clause: Limit 1 of each item
|clearpoke
|poke|p1|Sneasler, L50, M, shiny|
|poke|p1|Forretress, L50, F, shiny|
|poke|p1|Aggron, L50, F, shiny|
|poke|p1|Hawlucha, L50, M, shiny|
|poke|p1|Scizor, L50, M, shiny|
|poke|p1|Garchomp, L50, F|
|poke|p2|Blaziken, L50, M|
|poke|p2|Torkoal, L50, M|
|poke|p2|Lucario, L50, M|
|poke|p2|Tyranitar, L50, M|
|poke|p2|Rotom-Frost, L50, shiny|
|poke|p2|Greninja, L50, M, shiny|
|teampreview|4
|showteam|p1|Sneasler||BlackBelt|PoisonTouch|CloseCombat,DireClaw,FakeOut,RockSlide|Jolly||M|||50|]Forretress||QuickClaw|Sturdy|ToxicSpikes,StealthRock,GyroBall,RapidSpin|Relaxed||F|||50|]Aggron||LifeOrb|HeavyMetal|HeavySlam,Earthquake,Roar,StealthRock|Adamant||F|||50|]Hawlucha||Leftovers|MoldBreaker|BraveBird,DrainPunch,BulkUp,Defog|Jolly||M|||50|]Scizor||Scizorite|Technician|DualWingbeat,BulletPunch,Trailblaze,XScissor|Adamant||M|||50|]Garchomp||ChoiceScarf|RoughSkin|Earthquake,PoisonJab,StoneEdge,IronHead|Jolly||F|||50|
|showteam|p2|Blaziken||Blazikenite|SpeedBoost|Protect,FirePunch,CloseCombat,KnockOff|Adamant||M|||50|]Torkoal||Charcoal|Drought|Eruption,SelfDestruct,LavaPlume,ScorchingSands|Quiet||M|||50|]Lucario||Lucarionite|InnerFocus|AuraSphere,DarkPulse,FlashCannon,ExtremeSpeed|Hasty||M|||50|]Tyranitar||LifeOrb|SandStream|Earthquake,DragonClaw,RockSlide,KnockOff|Adamant||M|||50|]Rotom-Frost||Leftovers|Levitate|Thunderbolt,NastyPlot,ShadowBall,Reflect|Modest|||||50|]Greninja||Greninjite|Protean|IceBeam,WaterShuriken,SludgeWave,Extrasensory|Timid||M|||50|
|inactive|Battle timer is ON: inactive players will automatically lose when time's up. (requested by nastynye)
|j| xanian7
|inactive|nastynye has 60 seconds left.
|inactive|nastynye has 30 seconds left.
|inactive|nastynye has 20 seconds left.
|inactive|nastynye has 15 seconds left.
|
|t:|1783280858
|teamsize|p1|4
|teamsize|p2|4
|start
|switch|p1a: FreddyKreuger|Sneasler, L50, M, shiny|100/100
|switch|p1b: Mr. Spikes|Forretress, L50, F, shiny|100/100
|switch|p2a: Blaziken|Blaziken, L50, M|100/100
|switch|p2b: Torkoal|Torkoal, L50, M|100/100
|-weather|SunnyDay|[from] ability: Drought|[of] p2b: Torkoal
|turn|1
|inactive|Taykheed007 has 30 seconds left.
|
|t:|1783280888
|move|p2a: Blaziken|Protect|p2a: Blaziken
|-singleturn|p2a: Blaziken|Protect
|move|p1a: FreddyKreuger|Fake Out|p2a: Blaziken
|-activate|p2a: Blaziken|move: Protect
|move|p1b: Mr. Spikes|Toxic Spikes|p2b: Torkoal
|-sidestart|p2: Taykheed007|move: Toxic Spikes
|move|p2b: Torkoal|Eruption|p1a: FreddyKreuger|[spread] p1a,p1b
|-supereffective|p1b: Mr. Spikes|2
|-damage|p1a: FreddyKreuger|0 fnt
|-ability|p1b: Mr. Spikes|Sturdy
|-damage|p1b: Mr. Spikes|1/100
|faint|p1a: FreddyKreuger
|
|-weather|SunnyDay|[upkeep]
|-ability|p2a: Blaziken|Speed Boost|boost
|-boost|p2a: Blaziken|spe|1
|upkeep
|c|☆nastynye|welp
|
|t:|1783280912
|switch|p1a: Clamps|Scizor, L50, M, shiny|100/100
|turn|2
|
|t:|1783280930
|detailschange|p1a: Clamps|Scizor-Mega, L50, M, shiny
|-mega|p1a: Clamps|Scizor|Scizorite
|move|p2a: Blaziken|Protect||[still]
|-fail|p2a: Blaziken
|move|p1a: Clamps|Dual Wingbeat|p2a: Blaziken
|-supereffective|p2a: Blaziken|1
|-damage|p2a: Blaziken|21/100
|-supereffective|p2a: Blaziken|1
|-damage|p2a: Blaziken|0 fnt
|faint|p2a: Blaziken
|-hitcount|p2: Blaziken|2
|move|p1b: Mr. Spikes|Rapid Spin|p2b: Torkoal
|-damage|p2b: Torkoal|90/100
|-boost|p1b: Mr. Spikes|spe|1
|move|p2b: Torkoal|Eruption|p1a: Clamps|[spread] p1a,p1b
|-supereffective|p1a: Clamps|2
|-supereffective|p1b: Mr. Spikes|2
|-damage|p1a: Clamps|0 fnt
|-damage|p1b: Mr. Spikes|0 fnt
|faint|p1a: Clamps
|faint|p1b: Mr. Spikes
|
|-weather|SunnyDay|[upkeep]
|upkeep
|
|t:|1783280954
|switch|p2a: Tyranitar|Tyranitar, L50, M|100/100
|switch|p1b: Rey Mysterio|Hawlucha, L50, M, shiny|100/100
|-ability|p1b: Rey Mysterio|Mold Breaker
|-status|p2a: Tyranitar|psn
|-weather|Sandstorm|[from] ability: Sand Stream|[of] p2a: Tyranitar
|turn|3
|
|t:|1783280974
|move|p1b: Rey Mysterio|Bulk Up|p1b: Rey Mysterio
|-boost|p1b: Rey Mysterio|atk|1
|-boost|p1b: Rey Mysterio|def|1
|move|p2a: Tyranitar|Knock Off|p1b: Rey Mysterio
|-resisted|p1b: Rey Mysterio|1
|-damage|p1b: Rey Mysterio|63/100
|-enditem|p1b: Rey Mysterio|Leftovers|[from] move: Knock Off|[of] p2a: Tyranitar
|-damage|p2a: Tyranitar|90/100 psn|[from] item: Life Orb
|move|p2b: Torkoal|Lava Plume|p1b: Rey Mysterio|[spread] p2a,p1b
|-resisted|p2a: Tyranitar|1
|-damage|p2a: Tyranitar|83/100 psn
|-damage|p1b: Rey Mysterio|16/100
|-status|p1b: Rey Mysterio|brn
|
|-weather|Sandstorm|[upkeep]
|-damage|p1b: Rey Mysterio|10/100 brn|[from] Sandstorm
|-damage|p2b: Torkoal|84/100|[from] Sandstorm
|-damage|p2a: Tyranitar|71/100 psn|[from] psn
|-damage|p1b: Rey Mysterio|5/100 brn|[from] brn
|upkeep
|turn|4
|inactive|Taykheed007 has 30 seconds left.
|
|t:|1783281001
|move|p1b: Rey Mysterio|Drain Punch|p2a: Tyranitar
|-supereffective|p2a: Tyranitar|2
|-crit|p2a: Tyranitar
|-damage|p2a: Tyranitar|0 fnt
|-heal|p1b: Rey Mysterio|52/100 brn|[from] drain|[of] p2a: Tyranitar
|faint|p2a: Tyranitar
|move|p2b: Torkoal|Scorching Sands|p1b: Rey Mysterio
|-immune|p1b: Rey Mysterio
|
|-weather|Sandstorm|[upkeep]
|-damage|p1b: Rey Mysterio|47/100 brn|[from] Sandstorm
|-damage|p2b: Torkoal|78/100|[from] Sandstorm
|-damage|p1b: Rey Mysterio|41/100 brn|[from] brn
|upkeep
|c|☆nastynye|and the burn is craaazy work
|
|t:|1783281014
|switch|p2a: Lucario|Lucario, L50, M|100/100
|turn|5
|
|t:|1783281035
|move|p1b: Rey Mysterio|Drain Punch|p2a: Lucario
|-supereffective|p2a: Lucario|1
|-damage|p2a: Lucario|21/100
|-heal|p1b: Rey Mysterio|78/100 brn|[from] drain|[of] p2a: Lucario
|move|p2a: Lucario|Aura Sphere|p1b: Rey Mysterio
|-resisted|p1b: Rey Mysterio|1
|-damage|p1b: Rey Mysterio|48/100 brn
|move|p2b: Torkoal|Eruption|p1b: Rey Mysterio
|-damage|p1b: Rey Mysterio|0 fnt
|faint|p1b: Rey Mysterio
|
|win|Taykheed007
|inactive|nastynye has 30 seconds to confirm battle start!
|inactive|Taykheed007 has 30 seconds to confirm battle start!
