|j|☆001ghoul
|j|☆Dawsonschris
|html|001ghoulDawsonschris    
|uhtml|bestof|Game 1 of a best-of-3
|t:|1756491367
|gametype|doubles
|player|p1|001ghoul|benga|1074
|player|p2|Dawsonschris|artist-gen4|1115
|gen|9
|tier|[Gen 9] VGC 2025 Reg H (Bo3)
|rated|
|rule|Species Clause: Limit one of each Pokémon
|rule|Item Clause: Limit 1 of each item
|clearpoke
|poke|p1|Weezing-Galar, L50, M|
|poke|p1|Jumpluff, L50, F|
|poke|p1|Incineroar, L50, F|
|poke|p1|Torkoal, L50, F|
|poke|p1|Charizard, L50, M|
|poke|p1|Typhlosion-Hisui, L50, M|
|poke|p2|Ursaluna-Bloodmoon, L50, M|
|poke|p2|Electabuzz, L50, F|
|poke|p2|Sneasler, L50, M|
|poke|p2|Indeedee, L50, M|
|poke|p2|Incineroar, L50, M|
|poke|p2|Talonflame, L50, F|
|teampreview|4
|showteam|p1|Weezing-Galar||SitrusBerry|NeutralizingGas|StrangeSteam,SludgeBomb,Protect,Taunt|||M|||50|,,,,,Water]Jumpluff||AbilityShield|Chlorophyll|SleepPowder,RagePowder,SunnyDay,Tailwind|||F|||50|,,,,,Water]Incineroar||AssaultVest|Intimidate|FakeOut,FlareBlitz,KnockOff,Uturn|||F|||50|,,,,,Ghost]Torkoal||EjectPack|Drought|Overheat,Eruption,Protect,HelpingHand|||F|||50|,,,,,Fire]Charizard||ChoiceSpecs|SolarPower|WeatherBall,HeatWave,Overheat,AirSlash|||M|||50|,,,,,Ghost]Typhlosion-Hisui||ChoiceScarf|Blaze|Eruption,HeatWave,ShadowBall,SleepTalk|||M|||50|,,,,,Fire
|showteam|p2|Ursaluna-Bloodmoon||LifeOrb|MindsEye|Protect,BloodMoon,EarthPower,HyperVoice|||M|||50|,,,,,Normal]Electabuzz||Eviolite|VitalSpirit|FollowMe,Taunt,Electroweb,Protect|||F|||50|,,,,,Dragon]Sneasler||PsychicSeed|Unburden|ThroatChop,DireClaw,CloseCombat,Protect|||M|||50|,,,,,Dark]Indeedee||FocusSash|PsychicSurge|ExpandingForce,TrickRoom,HelpingHand,Protect|||M|||50|,,,,,Psychic]Incineroar||SafetyGoggles|Intimidate|FakeOut,KnockOff,PartingShot,FlareBlitz|||M|||50|,,,,,Dragon]Talonflame||CovertCloak|GaleWings|FlareBlitz,DualWingbeat,WillOWisp,Tailwind|||F|||50|,,,,,Fairy
|inactive|Battle timer is ON: inactive players will automatically lose when time's up. (requested by Dawsonschris)
|
|t:|1756491410
|teamsize|p1|4
|teamsize|p2|4
|start
|switch|p1a: Torkoal|Torkoal, L50, F|100/100
|switch|p1b: Jumpluff|Jumpluff, L50, F|100/100
|switch|p2a: Electabuzz|Electabuzz, L50, F|100/100
|switch|p2b: Ursaluna|Ursaluna-Bloodmoon, L50, M|100/100
|-weather|SunnyDay|[from] ability: Drought|[of] p1a: Torkoal
|turn|1
|inactive|Dawsonschris has 30 seconds left.
|
|t:|1756491439
|move|p2a: Electabuzz|Follow Me|p2a: Electabuzz
|-singleturn|p2a: Electabuzz|move: Follow Me
|move|p1b: Jumpluff|Tailwind|p1b: Jumpluff
|-sidestart|p1: 001ghoul|move: Tailwind
|move|p2b: Ursaluna|Blood Moon|p1b: Jumpluff
|-damage|p1b: Jumpluff|2/100
|-damage|p2b: Ursaluna|91/100|[from] item: Life Orb
|move|p1a: Torkoal|Overheat|p2a: Electabuzz|[miss]
|-miss|p1a: Torkoal|p2a: Electabuzz
|
|-weather|SunnyDay|[upkeep]
|upkeep
|turn|2
|inactive|001ghoul has 30 seconds left.
|inactive|001ghoul has 20 seconds left.
|inactive|001ghoul has 15 seconds left.
|
|t:|1756491479
|move|p1b: Jumpluff|Rage Powder|p1b: Jumpluff
|-singleturn|p1b: Jumpluff|move: Rage Powder
|move|p2a: Electabuzz|Follow Me|p2a: Electabuzz
|-singleturn|p2a: Electabuzz|move: Follow Me
|move|p2b: Ursaluna|Hyper Voice|p1a: Torkoal|[spread] p1a,p1b
|-damage|p1a: Torkoal|34/100
|-damage|p1b: Jumpluff|0 fnt
|faint|p1b: Jumpluff
|-damage|p2b: Ursaluna|81/100|[from] item: Life Orb
|move|p1a: Torkoal|Eruption|p2b: Ursaluna|[spread] p2a,p2b
|-damage|p2a: Electabuzz|79/100
|-damage|p2b: Ursaluna|51/100
|
|-weather|SunnyDay|[upkeep]
|upkeep
|
|t:|1756491495
|switch|p1b: Weezing|Weezing-Galar, L50, M|100/100
|-ability|p1b: Weezing|Neutralizing Gas
|turn|3
|inactive|Dawsonschris has 30 seconds left.
|
|t:|1756491528
|move|p2a: Electabuzz|Protect|p2a: Electabuzz
|-singleturn|p2a: Electabuzz|Protect
|move|p1b: Weezing|Protect|p1b: Weezing
|-singleturn|p1b: Weezing|Protect
|move|p2b: Ursaluna|Protect|p2b: Ursaluna
|-singleturn|p2b: Ursaluna|Protect
|move|p1a: Torkoal|Overheat|p2a: Electabuzz
|-activate|p2a: Electabuzz|move: Protect
|
|-weather|SunnyDay|[upkeep]
|upkeep
|turn|4
|inactive|001ghoul has 30 seconds left.
|inactive|001ghoul has 20 seconds left.
|
|t:|1756491565
|move|p1a: Torkoal|Helping Hand|p1b: Weezing
|-singleturn|p1b: Weezing|Helping Hand|[of] p1a: Torkoal
|move|p2a: Electabuzz|Follow Me|p2a: Electabuzz
|-singleturn|p2a: Electabuzz|move: Follow Me
|move|p1b: Weezing|Sludge Bomb|p2a: Electabuzz
|-damage|p2a: Electabuzz|43/100
|-status|p2a: Electabuzz|psn
|move|p2b: Ursaluna|Earth Power|p1b: Weezing
|-supereffective|p1b: Weezing
|-damage|p1b: Weezing|0 fnt
|faint|p1b: Weezing
|-end|p1b: Weezing|ability: Neutralizing Gas
|-damage|p2b: Ursaluna|41/100|[from] item: Life Orb
|
|-weather|SunnyDay|[upkeep]
|-damage|p2a: Electabuzz|31/100 psn|[from] psn
|-sideend|p1: 001ghoul|move: Tailwind
|upkeep
|
|t:|1756491572
|switch|p1b: Charizard|Charizard, L50, M|100/100
|turn|5
|inactive|001ghoul has 30 seconds left.
|
|t:|1756491599
|move|p1a: Torkoal|Helping Hand|p1b: Charizard
|-singleturn|p1b: Charizard|Helping Hand|[of] p1a: Torkoal
|move|p2b: Ursaluna|Protect|p2b: Ursaluna
|-singleturn|p2b: Ursaluna|Protect
|move|p2a: Electabuzz|Electroweb|p1a: Torkoal|[spread] p1a,p1b
|-supereffective|p1b: Charizard
|-damage|p1a: Torkoal|17/100
|-damage|p1b: Charizard|62/100
|-unboost|p1a: Torkoal|spe|1
|-unboost|p1b: Charizard|spe|1
|move|p1b: Charizard|Heat Wave|p2b: Ursaluna|[spread] p2a
|-activate|p2b: Ursaluna|move: Protect
|-damage|p2a: Electabuzz|0 fnt
|faint|p2a: Electabuzz
|
|-weather|none
|upkeep
|
|t:|1756491616
|switch|p2a: Indeedee|Indeedee, L50, M|100/100
|-fieldstart|move: Psychic Terrain|[from] ability: Psychic Surge|[of] p2a: Indeedee
|turn|6
|
|t:|1756491634
|-terastallize|p2a: Indeedee|Psychic
|-terastallize|p1b: Charizard|Ghost
|move|p1a: Torkoal|Helping Hand|p1b: Charizard
|-singleturn|p1b: Charizard|Helping Hand|[of] p1a: Torkoal
|move|p2a: Indeedee|Expanding Force|p1a: Torkoal|[spread] p1a,p1b
|-damage|p1a: Torkoal|0 fnt
|-damage|p1b: Charizard|0 fnt
|faint|p1a: Torkoal
|faint|p1b: Charizard
|
|win|Dawsonschris
|inactive|001ghoul has 30 seconds to confirm battle start!
|inactive|Dawsonschris has 30 seconds to confirm battle start!
