|j|☆CalvosForever
|j|☆RiverCrusader
|html|CalvosForeverRiverCrusader    
|uhtml|bestof|Game 1 of a best-of-3
|t:|1783932347
|gametype|doubles
|player|p1|CalvosForever|170|1107
|player|p2|RiverCrusader|1|1040
|gen|9
|tier|[Gen 9 Champions] VGC 2026 Reg M-B (Bo3)
|rated|
|rule|Species Clause: Limit one of each Pokémon
|rule|Item Clause: Limit 1 of each item
|clearpoke
|poke|p1|Delphox, L50, F|
|poke|p1|Sneasler, L50, M|
|poke|p1|Incineroar, L50, F|
|poke|p1|Sinistcha, L50|
|poke|p1|Maushold-Four, L50|
|poke|p1|Blastoise, L50, F|
|poke|p2|Kommo-o, L50, F|
|poke|p2|Gengar, L50, M|
|poke|p2|Scizor, L50, M|
|poke|p2|Incineroar, L50, F|
|poke|p2|Aerodactyl, L50, F|
|poke|p2|Basculegion, L50, M|
|teampreview|4
|showteam|p1|Delphox||Delphoxite|Blaze|HeatWave,Psyshock,NastyPlot,Protect|Timid||F|||50|]Sneasler||FocusSash|PoisonTouch|CloseCombat,PoisonJab,FakeOut,QuickGuard|Jolly||M|||50|]Incineroar||SitrusBerry|Intimidate|FlareBlitz,ThroatChop,FakeOut,PartingShot|Impish||F|||50|]Sinistcha||OccaBerry|Hospitality|MatchaGotcha,RagePowder,LifeDew,Protect|Bold|||||50|]Maushold-Four||ChopleBerry|FriendGuard|FollowMe,Feint,HelpingHand,Protect|Impish|||||50|]Blastoise||Blastoisinite|RainDish|WaterSpout,DarkPulse,ShellSmash,Protect|Modest||F|||50|
|showteam|p2|Kommo-o||Leftovers|Soundproof|ClangorousSoul,ClangingScales,AuraSphere,Protect|Modest||F|||50|]Gengar||Gengarite|CursedBody|PerishSong,Protect,ShadowBall,SludgeBomb|Timid||M|||50|]Scizor||Scizorite|Technician|BulletPunch,BugBite,DualWingbeat,Protect|Adamant||M|||50|]Incineroar||SitrusBerry|Intimidate|FakeOut,PartingShot,FlareBlitz,Taunt|Adamant||F|||50|]Aerodactyl||FocusSash|RockHead|DualWingbeat,RockSlide,WideGuard,Tailwind|Jolly||F|||50|]Basculegion||LifeOrb|Adaptability|AquaJet,WaveCrash,LastRespects,Protect|Adamant||M|||50|
|
|t:|1783932406
|teamsize|p1|4
|teamsize|p2|4
|start
|switch|p1a: Delphox|Delphox, L50, F|100/100
|switch|p1b: Incineroar|Incineroar, L50, F|100/100
|switch|p2a: Kommo-o|Kommo-o, L50, F|100/100
|switch|p2b: Gengar|Gengar, L50, M|100/100
|-ability|p1b: Incineroar|Intimidate|boost
|-unboost|p2a: Kommo-o|atk|1
|-unboost|p2b: Gengar|atk|1
|turn|1
|inactive|Battle timer is ON: inactive players will automatically lose when time's up. (requested by CalvosForever)
|
|t:|1783932435
|detailschange|p2b: Gengar|Gengar-Mega, L50, M
|-mega|p2b: Gengar|Gengar|Gengarite
|detailschange|p1a: Delphox|Delphox-Mega, L50, F
|-mega|p1a: Delphox|Delphox|Delphoxite
|move|p2a: Kommo-o|Protect|p2a: Kommo-o
|-singleturn|p2a: Kommo-o|Protect
|move|p1b: Incineroar|Fake Out|p2a: Kommo-o
|-activate|p2a: Kommo-o|move: Protect
|move|p1a: Delphox|Nasty Plot|p1a: Delphox
|-boost|p1a: Delphox|spa|2
|move|p2b: Gengar|Shadow Ball|p1a: Delphox
|-supereffective|p1a: Delphox|1
|-crit|p1a: Delphox
|-damage|p1a: Delphox|0 fnt
|faint|p1a: Delphox
|
|upkeep
|
|t:|1783932448
|switch|p1a: Sneasler|Sneasler, L50, M|100/100
|turn|2
|
|t:|1783932462
|move|p2b: Gengar|Perish Song|p2b: Gengar
|-start|p1a: Sneasler|perish3|[silent]
|-start|p1b: Incineroar|perish3|[silent]
|-immune|p2a: Kommo-o|[from] ability: Soundproof
|-start|p2b: Gengar|perish3|[silent]
|-fieldactivate|move: Perish Song
|move|p1a: Sneasler|Close Combat|p2a: Kommo-o
|-damage|p2a: Kommo-o|32/100
|-unboost|p1a: Sneasler|def|1
|-unboost|p1a: Sneasler|spd|1
|move|p2a: Kommo-o|Clangorous Soul||[still]
|-fail|p2a: Kommo-o
|move|p1b: Incineroar|Throat Chop|p2b: Gengar
|-supereffective|p2b: Gengar|1
|-damage|p2b: Gengar|3/100
|-start|p2b: Gengar|Throat Chop|[silent]
|
|-heal|p2a: Kommo-o|38/100|[from] item: Leftovers
|-start|p2b: Gengar|perish3
|-start|p1a: Sneasler|perish3
|-start|p1b: Incineroar|perish3
|upkeep
|turn|3
|
|t:|1783932485
|move|p2b: Gengar|Protect|p2b: Gengar
|-singleturn|p2b: Gengar|Protect
|move|p2a: Kommo-o|Protect|p2a: Kommo-o
|-singleturn|p2a: Kommo-o|Protect
|move|p1a: Sneasler|Close Combat|p2a: Kommo-o
|-activate|p2a: Kommo-o|move: Protect
|move|p1b: Incineroar|Parting Shot|p2b: Gengar
|-activate|p2b: Gengar|move: Protect
|
|-heal|p2a: Kommo-o|44/100|[from] item: Leftovers
|-end|p2b: Gengar|Throat Chop|[silent]
|-start|p2b: Gengar|perish2
|-start|p1a: Sneasler|perish2
|-start|p1b: Incineroar|perish2
|upkeep
|turn|4
|inactive|RiverCrusader has 30 seconds left.
|inactive|RiverCrusader has 20 seconds left.
|inactive|RiverCrusader has 15 seconds left.
|
|t:|1783932527
|switch|p2b: Incineroar|Incineroar, L50, F|100/100
|-ability|p2b: Incineroar|Intimidate|boost
|-unboost|p1a: Sneasler|atk|1
|-unboost|p1b: Incineroar|atk|1
|switch|p2a: Aerodactyl|Aerodactyl, L50, F|100/100
|move|p1a: Sneasler|Close Combat|p2a: Aerodactyl
|-damage|p2a: Aerodactyl|36/100
|-unboost|p1a: Sneasler|def|1
|-unboost|p1a: Sneasler|spd|1
|-status|p2a: Aerodactyl|psn|[from] ability: Poison Touch|[of] p1a: Sneasler
|move|p1b: Incineroar|Parting Shot|p2b: Incineroar
|-unboost|p2b: Incineroar|atk|1
|-unboost|p2b: Incineroar|spa|1
|
|t:|1783932537
|switch|p1b: Sinistcha|Sinistcha, L50|100/100|[from] Parting Shot
|
|-damage|p2a: Aerodactyl|24/100 psn|[from] psn
|-start|p1a: Sneasler|perish1
|upkeep
|turn|5
|
|t:|1783932557
|switch|p2b: Gengar|Gengar-Mega, L50, M|3/100
|move|p1a: Sneasler|Quick Guard|p1a: Sneasler
|-singleturn|p1a: Sneasler|Quick Guard
|move|p2a: Aerodactyl|Dual Wingbeat|p1b: Sinistcha
|-supereffective|p1b: Sinistcha|1
|-damage|p1b: Sinistcha|71/100
|-supereffective|p1b: Sinistcha|1
|-damage|p1b: Sinistcha|44/100
|-hitcount|p1b: Sinistcha|2
|move|p1b: Sinistcha|Matcha Gotcha|p2b: Gengar|[spread] p2a,p2b
|-resisted|p2b: Gengar|1
|-damage|p2a: Aerodactyl|0 fnt
|-heal|p1b: Sinistcha|56/100|[from] drain|[of] p2a: Aerodactyl
|-damage|p2b: Gengar|0 fnt
|-heal|p1b: Sinistcha|57/100|[from] drain|[of] p2b: Gengar
|faint|p2a: Aerodactyl
|faint|p2b: Gengar
|
|-start|p1a: Sneasler|perish0
|faint|p1a: Sneasler
|upkeep
|
|t:|1783932578
|switch|p2a: Incineroar|Incineroar, L50, F|100/100
|switch|p2b: Kommo-o|Kommo-o, L50, F|44/100
|switch|p1a: Incineroar|Incineroar, L50, F|100/100
|-ability|p1a: Incineroar|Intimidate|boost
|-unboost|p2a: Incineroar|atk|1
|-unboost|p2b: Kommo-o|atk|1
|-ability|p2a: Incineroar|Intimidate|boost
|-unboost|p1a: Incineroar|atk|1
|-unboost|p1b: Sinistcha|atk|1
|turn|6
|inactive|RiverCrusader has 30 seconds left.
|inactive|RiverCrusader has 20 seconds left.
|
|t:|1783932613
|move|p1a: Incineroar|Fake Out|p2b: Kommo-o
|-damage|p2b: Kommo-o|37/100
|cant|p2b: Kommo-o|flinch
|move|p1b: Sinistcha|Matcha Gotcha|p2a: Incineroar|[spread] p2b
|-miss|p1b: Sinistcha|p2a: Incineroar
|-resisted|p2b: Kommo-o|1
|-damage|p2b: Kommo-o|24/100
|-heal|p1b: Sinistcha|63/100|[from] drain|[of] p2b: Kommo-o
|move|p2a: Incineroar|Flare Blitz|p1b: Sinistcha
|-supereffective|p1b: Sinistcha|1
|-enditem|p1b: Sinistcha|Occa Berry|[eat]
|-enditem|p1b: Sinistcha|Occa Berry|[weaken]
|-damage|p1b: Sinistcha|33/100
|-damage|p2a: Incineroar|91/100|[from] Recoil
|
|-heal|p2b: Kommo-o|30/100|[from] item: Leftovers
|upkeep
|turn|7
|
|t:|1783932632
|move|p2b: Kommo-o|Protect|p2b: Kommo-o
|-singleturn|p2b: Kommo-o|Protect
|move|p1b: Sinistcha|Rage Powder|p1b: Sinistcha
|-singleturn|p1b: Sinistcha|move: Rage Powder
|move|p1a: Incineroar|Flare Blitz|p2b: Kommo-o
|-activate|p2b: Kommo-o|move: Protect
|move|p2a: Incineroar|Flare Blitz|p1b: Sinistcha
|-supereffective|p1b: Sinistcha|1
|-damage|p1b: Sinistcha|0 fnt
|faint|p1b: Sinistcha
|-damage|p2a: Incineroar|81/100|[from] Recoil
|
|-heal|p2b: Kommo-o|36/100|[from] item: Leftovers
|upkeep
|turn|8
|
|t:|1783932651
|move|p2b: Kommo-o|Clangorous Soul|p2b: Kommo-o
|-boost|p2b: Kommo-o|atk|1
|-boost|p2b: Kommo-o|def|1
|-boost|p2b: Kommo-o|spa|1
|-boost|p2b: Kommo-o|spd|1
|-boost|p2b: Kommo-o|spe|1
|-damage|p2b: Kommo-o|3/100
|move|p1a: Incineroar|Flare Blitz|p2b: Kommo-o
|-resisted|p2b: Kommo-o|1
|-damage|p2b: Kommo-o|0 fnt
|faint|p2b: Kommo-o
|-damage|p1a: Incineroar|99/100|[from] Recoil
|move|p2a: Incineroar|Parting Shot|p1a: Incineroar
|-unboost|p1a: Incineroar|atk|1
|-unboost|p1a: Incineroar|spa|1
|
|upkeep
|turn|9
|
|t:|1783932672
|move|p1a: Incineroar|Flare Blitz|p2a: Incineroar
|-resisted|p2a: Incineroar|1
|-damage|p2a: Incineroar|70/100
|-damage|p1a: Incineroar|95/100|[from] Recoil
|move|p2a: Incineroar|Flare Blitz|p1a: Incineroar
|-resisted|p1a: Incineroar|1
|-damage|p1a: Incineroar|79/100
|-damage|p2a: Incineroar|65/100|[from] Recoil
|
|upkeep
|turn|10
|
|t:|1783932683
|move|p1a: Incineroar|Flare Blitz|p2a: Incineroar
|-resisted|p2a: Incineroar|1
|-damage|p2a: Incineroar|54/100
|-damage|p1a: Incineroar|75/100|[from] Recoil
|move|p2a: Incineroar|Flare Blitz|p1a: Incineroar
|-resisted|p1a: Incineroar|1
|-damage|p1a: Incineroar|59/100
|-damage|p2a: Incineroar|49/100|[from] Recoil
|-enditem|p2a: Incineroar|Sitrus Berry|[eat]
|-heal|p2a: Incineroar|74/100|[from] item: Sitrus Berry
|
|upkeep
|turn|11
|
|t:|1783932695
|move|p1a: Incineroar|Flare Blitz|p2a: Incineroar
|-resisted|p2a: Incineroar|1
|-damage|p2a: Incineroar|63/100
|-damage|p1a: Incineroar|56/100|[from] Recoil
|move|p2a: Incineroar|Flare Blitz|p1a: Incineroar
|-resisted|p1a: Incineroar|1
|-damage|p1a: Incineroar|40/100
|-enditem|p1a: Incineroar|Sitrus Berry|[eat]
|-heal|p1a: Incineroar|65/100|[from] item: Sitrus Berry
|-damage|p2a: Incineroar|57/100|[from] Recoil
|
|upkeep
|turn|12
|
|t:|1783932706
|move|p1a: Incineroar|Flare Blitz|p2a: Incineroar
|-resisted|p2a: Incineroar|1
|-damage|p2a: Incineroar|46/100
|-damage|p1a: Incineroar|61/100|[from] Recoil
|move|p2a: Incineroar|Flare Blitz|p1a: Incineroar
|-resisted|p1a: Incineroar|1
|-damage|p1a: Incineroar|44/100
|-damage|p2a: Incineroar|40/100|[from] Recoil
|
|upkeep
|turn|13
|
|t:|1783932715
|move|p1a: Incineroar|Flare Blitz|p2a: Incineroar
|-resisted|p2a: Incineroar|1
|-damage|p2a: Incineroar|28/100
|-damage|p1a: Incineroar|40/100|[from] Recoil
|move|p2a: Incineroar|Flare Blitz|p1a: Incineroar
|-resisted|p1a: Incineroar|1
|-damage|p1a: Incineroar|22/100
|-damage|p2a: Incineroar|22/100|[from] Recoil
|
|upkeep
|turn|14
|
|t:|1783932725
|move|p1a: Incineroar|Flare Blitz|p2a: Incineroar
|-resisted|p2a: Incineroar|1
|-damage|p2a: Incineroar|10/100
|-damage|p1a: Incineroar|18/100|[from] Recoil
|move|p2a: Incineroar|Flare Blitz|p1a: Incineroar
|-resisted|p1a: Incineroar|1
|-damage|p1a: Incineroar|1/100
|-damage|p2a: Incineroar|4/100|[from] Recoil
|
|upkeep
|turn|15
|
|t:|1783932734
|move|p1a: Incineroar|Flare Blitz|p2a: Incineroar
|-resisted|p2a: Incineroar|1
|-damage|p2a: Incineroar|0 fnt
|faint|p2a: Incineroar
|-damage|p1a: Incineroar|0 fnt|[from] Recoil
|faint|p1a: Incineroar
|
|win|CalvosForever
||RiverCrusader is ready for game 2.
||CalvosForever is ready for game 2.
|uhtml|next|Next: Game 2 of 3
|l|☆RiverCrusader
|player|p2|
