|j|☆flubberbut
|j|☆Volanr
|html|flubberbutVolanr    
|uhtml|bestof|Game 1 of a best-of-3
|t:|1756222426
|gametype|doubles
|player|p1|flubberbut|benga|1173
|player|p2|Volanr|veteranf|1299
|gen|9
|tier|[Gen 9] VGC 2025 Reg H (Bo3)
|rated|
|rule|Species Clause: Limit one of each Pokémon
|rule|Item Clause: Limit 1 of each item
|clearpoke
|poke|p1|Ninetales-Alola, L50, F|
|poke|p1|Rillaboom, L50, F|
|poke|p1|Sneasler, L50, M|
|poke|p1|Dondozo, L50, M|
|poke|p1|Tatsugiri, L50, M|
|poke|p1|Basculegion, L50, M|
|poke|p2|Archaludon, L50, F|
|poke|p2|Sinistcha-Masterpiece, L50|
|poke|p2|Dragonite, L50, F|
|poke|p2|Pelipper, L50, M|
|poke|p2|Ursaluna, L50, M|
|poke|p2|Gholdengo, L50|
|teampreview|4
|showteam|p1|Ninetales-Alola||ChoiceSpecs|SnowWarning|FreezeDry,Blizzard,Moonblast,TeraBlast|||F|||50|,,,,,Ghost]Rillaboom||AssaultVest|GrassySurge|FakeOut,WoodHammer,GrassyGlide,HighHorsepower|||F|||50|,,,,,Fire]Sneasler||GrassySeed|Unburden|CloseCombat,DireClaw,ThroatChop,Protect|||M|||50|,,,,,Dark]Dondozo||CovertCloak|Unaware|OrderUp,WaveCrash,Earthquake,Protect|||M|||50|,,,,,Dragon]Tatsugiri||FocusSash|Commander|MuddyWater,DragonPulse,DracoMeteor,Protect|||M|||50|,,,,,Ghost]Basculegion||ChoiceScarf|Adaptability|AquaJet,FlipTurn,LastRespects,WaveCrash|||M|||50|,,,,,Water
|showteam|p2|Archaludon||AssaultVest|Stamina|BodyPress,Snarl,ElectroShot,FlashCannon|||F|||50|,,,,,Grass]Sinistcha-Masterpiece||SitrusBerry|Hospitality|MatchaGotcha,RagePowder,TrickRoom,LifeDew||||||50|,,,,,Dark]Dragonite||LoadedDice|Multiscale|ScaleShot,Protect,Tailwind,Haze|||F|||50|,,,,,Steel]Pelipper||FocusSash|Drizzle|WeatherBall,Hurricane,Tailwind,Protect|||M|||50|,,,,,Ground]Ursaluna||FlameOrb|Guts|Facade,HeadlongRush,Earthquake,Protect|||M|||50|,,,,,Ghost]Gholdengo||ChoiceScarf|GoodasGold|MakeItRain,TeraBlast,ShadowBall,Trick||||||50|,,,,,Water
|
|t:|1756222484
|teamsize|p1|4
|teamsize|p2|4
|start
|switch|p1a: Ninetales|Ninetales-Alola, L50, F|100/100
|switch|p1b: Sneasler|Sneasler, L50, M|100/100
|switch|p2a: Dragonite|Dragonite, L50, F|100/100
|switch|p2b: Gholdengo|Gholdengo, L50|100/100
|-weather|Snowscape|[from] ability: Snow Warning|[of] p1a: Ninetales
|turn|1
|
|t:|1756222510
|-terastallize|p2b: Gholdengo|Water
|-terastallize|p1a: Ninetales|Ghost
|move|p1b: Sneasler|Protect|p1b: Sneasler
|-singleturn|p1b: Sneasler|Protect
|move|p2b: Gholdengo|Make It Rain|p1a: Ninetales|[spread] p1a
|-activate|p1b: Sneasler|move: Protect
|-damage|p1a: Ninetales|39/100
|-unboost|p2b: Gholdengo|spa|1
|move|p1a: Ninetales|Tera Blast|p2b: Gholdengo|[anim] Tera Blast Ghost
|-damage|p2b: Gholdengo|41/100
|move|p2a: Dragonite|Scale Shot|p1b: Sneasler
|-activate|p1b: Sneasler|move: Protect
|
|-weather|Snowscape|[upkeep]
|upkeep
|turn|2
|
|t:|1756222532
|switch|p2b: Pelipper|Pelipper, L50, M|100/100
|-weather|RainDance|[from] ability: Drizzle|[of] p2b: Pelipper
|move|p1a: Ninetales|Tera Blast|p2a: Dragonite|[anim] Tera Blast Ghost
|-damage|p2a: Dragonite|77/100
|move|p1b: Sneasler|Dire Claw|p2a: Dragonite
|-damage|p2a: Dragonite|23/100
|move|p2a: Dragonite|Scale Shot|p1b: Sneasler
|-damage|p1b: Sneasler|75/100
|-damage|p1b: Sneasler|46/100
|-damage|p1b: Sneasler|20/100
|-damage|p1b: Sneasler|0 fnt
|faint|p1b: Sneasler
|-hitcount|p1: Sneasler|4
|-unboost|p2a: Dragonite|def|1
|-boost|p2a: Dragonite|spe|1
|
|-weather|RainDance|[upkeep]
|upkeep
|
|t:|1756222544
|switch|p1b: Dondozo|Dondozo, L50, M|100/100
|turn|3
|
|t:|1756222553
|move|p2a: Dragonite|Protect|p2a: Dragonite
|-singleturn|p2a: Dragonite|Protect
|move|p1a: Ninetales|Tera Blast|p2b: Pelipper|[anim] Tera Blast Ghost
|-damage|p2b: Pelipper|14/100
|move|p2b: Pelipper|Weather Ball|p1a: Ninetales
|-damage|p1a: Ninetales|0 fnt
|faint|p1a: Ninetales
|move|p1b: Dondozo|Order Up|p2b: Pelipper
|-damage|p2b: Pelipper|0 fnt
|faint|p2b: Pelipper
|
|-weather|RainDance|[upkeep]
|upkeep
|
|t:|1756222564
|switch|p1a: Tatsugiri|Tatsugiri, L50, M|100/100
|switch|p2b: Sinistcha|Sinistcha-Masterpiece, L50|100/100
|-activate|p1a: Tatsugiri|ability: Commander|[of] p1b: Dondozo
|-boost|p1b: Dondozo|atk|2
|-boost|p1b: Dondozo|spa|2
|-boost|p1b: Dondozo|spe|2
|-boost|p1b: Dondozo|def|2
|-boost|p1b: Dondozo|spd|2
|-heal|p2a: Dragonite|47/100|[from] ability: Hospitality|[of] p2b: Sinistcha
|turn|4
|
|t:|1756222573
|move|p2a: Dragonite|Haze|p2a: Dragonite
|-clearallboost
|move|p2b: Sinistcha|Matcha Gotcha|p1a: Tatsugiri|[spread] p1b
|-miss|p2b: Sinistcha|p1a: Tatsugiri
|-supereffective|p1b: Dondozo
|-damage|p1b: Dondozo|47/100
|move|p1b: Dondozo|Order Up|p2a: Dragonite
|-supereffective|p2a: Dragonite
|-damage|p2a: Dragonite|0 fnt
|faint|p2a: Dragonite
|-boost|p1b: Dondozo|atk|1
|
|-weather|RainDance|[upkeep]
|upkeep
|
|t:|1756222583
|switch|p2a: Gholdengo|Gholdengo, L50, tera:Water|41/100
|turn|5
|
|t:|1756222586
|move|p2a: Gholdengo|Shadow Ball|p1b: Dondozo
|-damage|p1b: Dondozo|0 fnt
|faint|p1b: Dondozo
|move|p2b: Sinistcha|Matcha Gotcha|p1a: Tatsugiri
|-damage|p1a: Tatsugiri|62/100
|
|-weather|RainDance|[upkeep]
|upkeep
|turn|6
|
|t:|1756222593
|move|p2a: Gholdengo|Shadow Ball|p1a: Tatsugiri
|-crit|p1a: Tatsugiri
|-damage|p1a: Tatsugiri|0 fnt
|faint|p1a: Tatsugiri
|
|win|Volanr
||flubberbut is ready for game 2.
||Volanr is ready for game 2.
|uhtml|next|Next: Game 2 of 3
