|j|☆iota_002
|j|☆pkojlkhbj
|html|iota_002pkojlkhbj    
|uhtml|bestof|Game 2 of a best-of-3
|t:|1785831837
|gametype|doubles
|player|p1|iota_002|ethan|1066
|player|p2|pkojlkhbj|pokemonrangerf|1072
|gen|9
|tier|[Gen 9 Champions] VGC 2026 Reg M-B (Bo3)
|rated|
|rule|Species Clause: Limit one of each Pokémon
|rule|Item Clause: Limit 1 of each item
|clearpoke
|poke|p1|Beedrill, L50, F|
|poke|p1|Aegislash, L50, M|
|poke|p1|Talonflame, L50, M|
|poke|p1|Gardevoir, L50, F|
|poke|p1|Glimmora, L50, M|
|poke|p1|Weavile, L50, F|
|poke|p2|Staraptor, L50, M|
|poke|p2|Farigiraf, L50, M|
|poke|p2|Incineroar, L50, F|
|poke|p2|Floette-Eternal, L50, F|
|poke|p2|Excadrill, L50, M|
|poke|p2|Milotic, L50, M|
|teampreview|4
|showteam|p1|Beedrill||Beedrillite|Sniper|Uturn,PoisonJab,DrillRun,Protect|Jolly||F|||50|]Aegislash||SitrusBerry|StanceChange|Poltergeist,SacredSword,WideGuard,KingsShield|Brave||M|||50|]Talonflame||SharpBeak|GaleWings|DualWingbeat,Tailwind,QuickGuard,Taunt|Jolly||M|||50|]Gardevoir||ExpertBelt|Trace|Thunderbolt,Moonblast,Encore,Protect|Quiet||F|||50|]Glimmora||FocusSash|ToxicDebris|EnergyBall,PowerGem,EarthPower,SpikyShield|Modest||M|||50|]Weavile||KingsRock|Pressure|FakeOut,Fling,KnockOff,IceSpinner|Jolly||F|||50|
|showteam|p2|Staraptor||ChoiceScarf|Intimidate|FinalGambit,CloseCombat,Uturn,BraveBird|Jolly||M|||50|]Farigiraf||SitrusBerry|ArmorTail|TrickRoom,Psychic,Thunderbolt,HelpingHand|Bold||M|||50|]Incineroar||FocusSash|Intimidate|FakeOut,PartingShot,FlareBlitz,ThroatChop|Adamant||F|||50|]Floette-Eternal||Floettite|FlowerVeil|DazzlingGleam,Protect,CalmMind,DrainingKiss|Modest||F|||50|]Excadrill||LifeOrb|MoldBreaker|IronHead,HighHorsepower,Protect,RockSlide|Jolly||M|||50|]Milotic||Leftovers|Competitive|MuddyWater,Hypnosis,Coil,Recover|Calm||M|||50|
|inactive|Battle timer is ON: inactive players will automatically lose when time's up. (requested by pkojlkhbj)
|inactive|iota_002 has 60 seconds left.
|
|t:|1785831884
|teamsize|p1|4
|teamsize|p2|4
|start
|switch|p1a: Talonflame|Talonflame, L50, M|100/100
|switch|p1b: Weavile|Weavile, L50, F|100/100
|switch|p2a: Staraptor|Staraptor, L50, M|100/100
|switch|p2b: Farigiraf|Farigiraf, L50, M|100/100
|-ability|p2a: Staraptor|Intimidate|boost
|-unboost|p1a: Talonflame|atk|1
|-unboost|p1b: Weavile|atk|1
|-ability|p1b: Weavile|Pressure
|turn|1
|
|t:|1785831904
|switch|p2a: Incineroar|Incineroar, L50, F|100/100
|-ability|p2a: Incineroar|Intimidate|boost
|-unboost|p1a: Talonflame|atk|1
|-unboost|p1b: Weavile|atk|1
|move|p1a: Talonflame|Dual Wingbeat||[still]
|cant|p2b: Farigiraf|ability: Armor Tail|Dual Wingbeat|[of] p1a: Talonflame
|move|p1b: Weavile|Fling|p2b: Farigiraf
|-supereffective|p2b: Farigiraf|1
|-damage|p2b: Farigiraf|88/100
|-enditem|p1b: Weavile|King's Rock|[from] move: Fling
|cant|p2b: Farigiraf|flinch
|
|upkeep
|turn|2
|inactive|pkojlkhbj has 30 seconds left.
|
|t:|1785831939
|move|p2a: Incineroar|Fake Out|p1a: Talonflame
|-crit|p1a: Talonflame
|-damage|p1a: Talonflame|70/100
|move|p1b: Weavile|Knock Off|p2b: Farigiraf
|-supereffective|p2b: Farigiraf|1
|-damage|p2b: Farigiraf|52/100
|-enditem|p2b: Farigiraf|Sitrus Berry|[from] move: Knock Off|[of] p1b: Weavile
|cant|p1a: Talonflame|flinch
|move|p2b: Farigiraf|Trick Room|p2b: Farigiraf
|-fieldstart|move: Trick Room|[of] p2b: Farigiraf
|
|upkeep
|turn|3
|inactive|iota_002 has 30 seconds left.
|
|t:|1785831967
|move|p2b: Farigiraf|Thunderbolt|p1a: Talonflame
|-supereffective|p1a: Talonflame|1
|-damage|p1a: Talonflame|1/100
|move|p2a: Incineroar|Flare Blitz|p1b: Weavile
|-supereffective|p1b: Weavile|1
|-damage|p1b: Weavile|0 fnt
|faint|p1b: Weavile
|-damage|p2a: Incineroar|71/100|[from] Recoil
|move|p1a: Talonflame|Dual Wingbeat|p2b: Farigiraf
|-damage|p2b: Farigiraf|44/100
|-damage|p2b: Farigiraf|37/100
|-hitcount|p2b: Farigiraf|2
|
|upkeep
|
|t:|1785831983
|switch|p1b: Glimmora|Glimmora, L50, M|100/100
|turn|4
|inactive|pkojlkhbj has 30 seconds left.
|
|t:|1785832012
|move|p1b: Glimmora|Spiky Shield|p1b: Glimmora
|-singleturn|p1b: Glimmora|move: Protect
|move|p2b: Farigiraf|Psychic|p1b: Glimmora
|-activate|p1b: Glimmora|move: Protect
|move|p2a: Incineroar|Parting Shot|p1a: Talonflame
|-unboost|p1a: Talonflame|atk|1
|-unboost|p1a: Talonflame|spa|1
|
|t:|1785832015
|switch|p2a: Milotic|Milotic, L50, M|100/100|[from] Parting Shot
|move|p1a: Talonflame|Dual Wingbeat|p2b: Farigiraf|[miss]
|-miss|p1a: Talonflame|p2b: Farigiraf
|
|upkeep
|turn|5
|inactive|iota_002 has 30 seconds left.
|inactive|iota_002 has 20 seconds left.
|
|t:|1785832052
|switch|p1a: Beedrill|Beedrill, L50, F|100/100
|move|p2b: Farigiraf|Psychic|p1b: Glimmora
|-supereffective|p1b: Glimmora|1
|-damage|p1b: Glimmora|11/100
|move|p2a: Milotic|Muddy Water|p1b: Glimmora|[spread] p1a,p1b
|-supereffective|p1b: Glimmora|1
|-damage|p1a: Beedrill|65/100
|-damage|p1b: Glimmora|0 fnt
|-unboost|p1a: Beedrill|accuracy|1
|faint|p1b: Glimmora
|
|upkeep
|
|t:|1785832064
|switch|p1b: Talonflame|Talonflame, L50, M|1/100
|turn|6
|
|t:|1785832072
|switch|p2b: Incineroar|Incineroar, L50, F|71/100
|-ability|p2b: Incineroar|Intimidate|boost
|-unboost|p1a: Beedrill|atk|1
|-unboost|p1b: Talonflame|atk|1
|detailschange|p1a: Beedrill|Beedrill-Mega, L50, F
|-mega|p1a: Beedrill|Beedrill|Beedrillite
|move|p1a: Beedrill|Protect|p1a: Beedrill
|-singleturn|p1a: Beedrill|Protect
|move|p2a: Milotic|Muddy Water|p1b: Talonflame|[spread] p1b
|-activate|p1a: Beedrill|move: Protect
|-supereffective|p1b: Talonflame|1
|-damage|p1b: Talonflame|0 fnt
|faint|p1b: Talonflame
|
|-fieldend|move: Trick Room
|upkeep
|turn|7
|
|t:|1785832092
|move|p2b: Incineroar|Fake Out|p1a: Beedrill
|-damage|p1a: Beedrill|37/100
|cant|p1a: Beedrill|flinch
|move|p2a: Milotic|Muddy Water|p1a: Beedrill
|-damage|p1a: Beedrill|0 fnt
|faint|p1a: Beedrill
|
|win|pkojlkhbj
||iota_002 is ready for game 3.
