|j|☆crosseczek
|j|☆zen077
|html|crosseczekzen077    
|uhtml|bestof|Game 2 of a best-of-3
|t:|1784740518
|gametype|doubles
|player|p1|crosseczek|265|
|player|p2|zen077|266|
|gen|9
|tier|[Gen 9 Champions] VGC 2026 Reg M-B (Bo3)
|rule|Species Clause: Limit one of each Pokémon
|rule|Item Clause: Limit 1 of each item
|clearpoke
|poke|p1|Mawile, L50, M|
|poke|p1|Maushold, L50|
|poke|p1|Whimsicott, L50, F|
|poke|p1|Raichu, L50, F|
|poke|p1|Incineroar, L50, M|
|poke|p1|Farigiraf, L50, M|
|poke|p2|Basculegion, L50, M|
|poke|p2|Sneasler, L50, M|
|poke|p2|Meganium, L50, M|
|poke|p2|Aerodactyl, L50, M|
|poke|p2|Kingambit, L50, M|
|poke|p2|Farigiraf, L50, F|
|teampreview|4
|showteam|p1|Mawile||Mawilite|HyperCutter|PlayRough,SuckerPunch,SwordsDance,Protect|Brave||M|||50|]Maushold||WideLens|Technician|PopulationBomb,FollowMe,Taunt,Protect|Adamant|||||50|]Whimsicott||FocusSash|Prankster|Moonblast,Encore,Tailwind,Protect|Modest||F|||50|]Raichu||RaichuniteY|LightningRod|ZapCannon,FocusBlast,GrassKnot,Protect|Timid||F|||50|]Incineroar||Charcoal|Intimidate|FlareBlitz,DarkestLariat,PartingShot,FakeOut|Adamant||M|||50|]Farigiraf||ColburBerry|ArmorTail|Psychic,Imprison,TrickRoom,Protect|Modest||M|||50|
|showteam|p2|Basculegion||ChoiceScarf|Adaptability|WaveCrash,LastRespects,FlipTurn,AquaJet|Jolly||M|||50|]Sneasler||WhiteHerb|Unburden|Protect,FakeOut,CloseCombat,DireClaw|Adamant||M|||50|]Meganium||Meganiumite|LeafGuard|Protect,SolarBeam,DazzlingGleam,WeatherBall|Modest||M|||50|]Aerodactyl||FocusSash|Unnerve|Protect,RockSlide,DualWingbeat,Tailwind|Jolly||M|||50|]Kingambit||ChopleBerry|Defiant|LowKick,IronHead,KowtowCleave,SuckerPunch|Adamant||M|||50|]Farigiraf||SitrusBerry|ArmorTail|TrickRoom,AllySwitch,Psychic,HyperVoice|Quiet||F|||50|
|inactive|Battle timer is ON: inactive players will automatically lose when time's up. (requested by zen077)
|inactive|zen077 has 60 seconds left.
|inactive|zen077 has 30 seconds left.
|inactive|zen077 has 20 seconds left.
|inactive|zen077 has 15 seconds left.
|inactive|zen077 has 10 seconds left.
|
|t:|1784740604
|teamsize|p1|4
|teamsize|p2|4
|start
|switch|p1a: Raichu|Raichu, L50, F|100/100
|switch|p1b: Whimsicott|Whimsicott, L50, F|100/100
|switch|p2a: Sneasler|Sneasler, L50, M|100/100
|switch|p2b: Kingambit|Kingambit, L50, M|100/100
|turn|1
|
|t:|1784740615
|switch|p1b: Farigiraf|Farigiraf, L50, M|100/100
|detailschange|p1a: Raichu|Raichu-Mega-Y, L50, F
|-mega|p1a: Raichu|Raichu|Raichunite Y
|move|p2a: Sneasler|Fake Out||[still]
|cant|p1b: Farigiraf|ability: Armor Tail|Fake Out|[of] p2a: Sneasler
|move|p1a: Raichu|Focus Blast|p2b: Kingambit
|-supereffective|p2b: Kingambit|2
|-enditem|p2b: Kingambit|Chople Berry|[eat]
|-enditem|p2b: Kingambit|Chople Berry|[weaken]
|-damage|p2b: Kingambit|20/100y
|move|p2b: Kingambit|Iron Head|p1b: Farigiraf
|-damage|p1b: Farigiraf|55/100
|
|upkeep
|turn|2
|inactive|crosseczek has 30 seconds left.
|
|t:|1784740650
|move|p1a: Raichu|Protect|p1a: Raichu
|-singleturn|p1a: Raichu|Protect
|move|p2a: Sneasler|Close Combat|p1a: Raichu
|-activate|p1a: Raichu|move: Protect
|move|p1b: Farigiraf|Psychic|p2a: Sneasler
|-supereffective|p2a: Sneasler|2
|-damage|p2a: Sneasler|0 fnt
|faint|p2a: Sneasler
|move|p2b: Kingambit|Kowtow Cleave|p1b: Farigiraf
|-supereffective|p1b: Farigiraf|1
|-enditem|p1b: Farigiraf|Colbur Berry|[eat]
|-enditem|p1b: Farigiraf|Colbur Berry|[weaken]
|-damage|p1b: Farigiraf|6/100
|
|upkeep
|
|t:|1784740672
|switch|p2a: Basculegion|Basculegion, L50, M|100/100
|turn|3
|
|t:|1784740687
|switch|p1a: Whimsicott|Whimsicott, L50, F|100/100
|move|p2a: Basculegion|Wave Crash|p1a: Whimsicott
|-resisted|p1a: Whimsicott|1
|-damage|p1a: Whimsicott|52/100
|-damage|p2a: Basculegion|86/100|[from] Recoil
|move|p1b: Farigiraf|Psychic|p2a: Basculegion
|-damage|p2a: Basculegion|41/100
|move|p2b: Kingambit|Kowtow Cleave|p1b: Farigiraf
|-supereffective|p1b: Farigiraf|1
|-damage|p1b: Farigiraf|0 fnt
|faint|p1b: Farigiraf
|
|upkeep
|
|t:|1784740699
|switch|p1b: Raichu|Raichu-Mega-Y, L50, F|100/100
|turn|4
|inactive|zen077 has 30 seconds left.
|
|t:|1784740732
|switch|p2a: Meganium|Meganium, L50, M|100/100
|move|p1b: Raichu|Protect|p1b: Raichu
|-singleturn|p1b: Raichu|Protect
|move|p2b: Kingambit|Sucker Punch||[still]
|-fail|p2b: Kingambit
|move|p1a: Whimsicott|Moonblast|p2b: Kingambit
|-damage|p2b: Kingambit|0 fnt
|faint|p2b: Kingambit
|
|upkeep
|
|t:|1784740742
|switch|p2b: Basculegion|Basculegion, L50, M|41/100
|turn|5
|
|t:|1784740765
|detailschange|p2a: Meganium|Meganium-Mega, L50, M
|-mega|p2a: Meganium|Meganium|Meganiumite
|move|p1a: Whimsicott|Tailwind|p1a: Whimsicott
|-sidestart|p1: crosseczek|move: Tailwind
|move|p1b: Raichu|Zap Cannon|p2b: Basculegion
|-supereffective|p2b: Basculegion|1
|-damage|p2b: Basculegion|0 fnt
|faint|p2b: Basculegion
|move|p2a: Meganium|Solar Beam||[still]
|-prepare|p2a: Meganium|Solar Beam
|-activate|p2a: Meganium|ability: Mega Sol
|-anim|p2a: Meganium|Solar Beam|p1b: Raichu
|-damage|p1b: Raichu|8/100
|
|upkeep
|turn|6
|
|t:|1784740779
|move|p1b: Raichu|Zap Cannon|p2a: Meganium
|-resisted|p2a: Meganium|1
|-damage|p2a: Meganium|73/100
|-status|p2a: Meganium|par
|move|p1a: Whimsicott|Moonblast|p2a: Meganium
|-damage|p2a: Meganium|40/100 par
|cant|p2a: Meganium|par
|
|upkeep
|turn|7
|
|t:|1784740789
|move|p2a: Meganium|Protect|p2a: Meganium
|-singleturn|p2a: Meganium|Protect
|move|p1b: Raichu|Zap Cannon|p2a: Meganium
|-activate|p2a: Meganium|move: Protect
|move|p1a: Whimsicott|Moonblast|p2a: Meganium
|-activate|p2a: Meganium|move: Protect
|
|upkeep
|turn|8
|
|t:|1784740795
|move|p1b: Raichu|Zap Cannon|p2a: Meganium
|-resisted|p2a: Meganium|1
|-damage|p2a: Meganium|12/100 par
|move|p1a: Whimsicott|Moonblast|p2a: Meganium
|-damage|p2a: Meganium|0 fnt
|faint|p2a: Meganium
|
|win|crosseczek
||crosseczek is ready for game 3.
||zen077 is ready for game 3.
|uhtml|next|Next: Game 3 of 3
|l|☆crosseczek
|player|p1|
|l|☆zen077
|player|p2|
|j|☆crosseczek
|player|p1|crosseczek|265|
