|j|☆zantetsuken470
|j|☆NEZK025
|html|zantetsuken470NEZK025    
|uhtml|bestof|Game 1 of a best-of-3
|t:|1783073177
|gametype|doubles
|player|p1|zantetsuken470|brycen|1040
|player|p2|NEZK025|nate|1100
|gen|9
|tier|[Gen 9 Champions] VGC 2026 Reg M-B (Bo3)
|rated|
|rule|Species Clause: Limit one of each Pokémon
|rule|Item Clause: Limit 1 of each item
|clearpoke
|poke|p1|Gengar, L50, M|
|poke|p1|Staraptor, L50, F|
|poke|p1|Grimmsnarl, L50, M|
|poke|p1|Palafin, L50, F, shiny|
|poke|p1|Pelipper, L50, M|
|poke|p1|Raichu, L50, F|
|poke|p2|Glimmora, L50, M|
|poke|p2|Froslass, L50, F|
|poke|p2|Incineroar, L50, M|
|poke|p2|Garchomp, L50, M|
|poke|p2|Sneasler, L50, M|
|poke|p2|Sinistcha, L50|
|teampreview|4
|showteam|p1|Gengar||Gengarite|CursedBody|ShadowBall,Disable,Protect,PerishSong|Modest||M|||50|]Staraptor||Staraptite|Intimidate|CloseCombat,DualWingbeat,BlazeKick,Protect|Jolly||F|||50|]Grimmsnarl||LightClay|Prankster|LightScreen,PartingShot,FoulPlay,FakeOut|Relaxed||M|||50|]Palafin||MysticWater|ZerotoHero|WaveCrash,AquaJet,DrainPunch,Protect|Jolly||F|||50|]Pelipper||SitrusBerry|Drizzle|WideGuard,Hurricane,WeatherBall,Tailwind|Serious||M|||50|]Raichu||FocusSash|LightningRod|FakeOut,VoltSwitch,Thunder,UpperHand|Calm||F|||50|
|showteam|p2|Glimmora||ChoiceScarf|Corrosion|EarthPower,SludgeBomb,PowerGem,Toxic|Timid||M|||50|]Froslass||Froslassite|SnowCloak|Blizzard,ShadowBall,Protect,IceBeam|Modest||F|||50|]Incineroar||ShucaBerry|Intimidate|FakeOut,DarkestLariat,FlareBlitz,PartingShot|Careful||M|||50|]Garchomp||Garchompite|RoughSkin|Earthquake,StompingTantrum,DragonClaw,Protect|Adamant||M|||50|]Sneasler||WhiteHerb|Unburden|CloseCombat,DireClaw,Protect,FakeOut|Jolly||M|||50|]Sinistcha||SitrusBerry|Hospitality|GigaDrain,TrickRoom,Protect,RagePowder|Bold|||||50|
|inactive|Battle timer is ON: inactive players will automatically lose when time's up. (requested by zantetsuken470)
|
|t:|1783073259
|teamsize|p1|4
|teamsize|p2|4
|start
|switch|p1a: Raichu|Raichu, L50, F|100/100
|switch|p1b: Palafin|Palafin, L50, F, shiny|100/100
|switch|p2a: Incineroar|Incineroar, L50, M|100/100
|switch|p2b: Froslass|Froslass, L50, F|100/100
|-ability|p2a: Incineroar|Intimidate|boost
|-unboost|p1a: Raichu|atk|1
|-unboost|p1b: Palafin|atk|1
|turn|1
|
|t:|1783073285
|move|p2b: Froslass|Protect|p2b: Froslass
|-singleturn|p2b: Froslass|Protect
|move|p1a: Raichu|Upper Hand||[still]
|-fail|p1a: Raichu
|move|p1b: Palafin|Wave Crash|p2b: Froslass
|-activate|p2b: Froslass|move: Protect
|move|p2a: Incineroar|Flare Blitz|p1a: Raichu
|-damage|p1a: Raichu|19/100
|-damage|p2a: Incineroar|82/100|[from] Recoil
|
|upkeep
|turn|2
|inactive|zantetsuken470 has 30 seconds left.
|inactive|NEZK025 has 30 seconds left.
|
|t:|1783073312
|move|p1b: Palafin|Drain Punch|p2a: Incineroar
|-supereffective|p2a: Incineroar|1
|-damage|p2a: Incineroar|63/100
|move|p1a: Raichu|Volt Switch|p2b: Froslass
|-damage|p2b: Froslass|65/100
|
|t:|1783073319
|switch|p1a: Grimmsnarl|Grimmsnarl, L50, M|100/100|[from] Volt Switch
|move|p2b: Froslass|Ice Beam|p1a: Grimmsnarl
|-damage|p1a: Grimmsnarl|72/100
|move|p2a: Incineroar|Parting Shot|p1b: Palafin
|-unboost|p1b: Palafin|atk|1
|-unboost|p1b: Palafin|spa|1
|
|t:|1783073330
|switch|p2a: Sinistcha|Sinistcha, L50|100/100|[from] Parting Shot
|-heal|p2b: Froslass|89/100|[from] ability: Hospitality|[of] p2a: Sinistcha
|
|upkeep
|turn|3
|
|t:|1783073344
|detailschange|p1b: Palafin|Palafin-Hero, L50, F, shiny
|switch|p1b: Raichu|Raichu, L50, F|19/100
|move|p2a: Sinistcha|Rage Powder|p2a: Sinistcha
|-singleturn|p2a: Sinistcha|move: Rage Powder
|move|p2b: Froslass|Ice Beam|p1a: Grimmsnarl
|-damage|p1a: Grimmsnarl|41/100
|move|p1a: Grimmsnarl|Foul Play|p2a: Sinistcha
|-supereffective|p2a: Sinistcha|1
|-damage|p2a: Sinistcha|69/100
|
|upkeep
|turn|4
|
|t:|1783073364
|move|p2a: Sinistcha|Rage Powder|p2a: Sinistcha
|-singleturn|p2a: Sinistcha|move: Rage Powder
|move|p1a: Grimmsnarl|Light Screen|p1a: Grimmsnarl
|-sidestart|p1: zantetsuken470|move: Light Screen
|move|p1b: Raichu|Volt Switch|p2a: Sinistcha
|-resisted|p2a: Sinistcha|1
|-damage|p2a: Sinistcha|55/100
|
|t:|1783073371
|switch|p1b: Palafin|Palafin-Hero, L50, F, shiny|100/100|[from] Volt Switch
|-activate|p1b: Palafin|ability: Zero to Hero
|move|p2b: Froslass|Ice Beam|p1a: Grimmsnarl
|-damage|p1a: Grimmsnarl|22/100
|-status|p1a: Grimmsnarl|frz
|
|upkeep
|turn|5
|
|t:|1783073387
|switch|p1a: Staraptor|Staraptor, L50, F|100/100
|-ability|p1a: Staraptor|Intimidate|boost
|-unboost|p2a: Sinistcha|atk|1
|-unboost|p2b: Froslass|atk|1
|move|p2b: Froslass|Protect|p2b: Froslass
|-singleturn|p2b: Froslass|Protect
|move|p1b: Palafin|Wave Crash|p2b: Froslass
|-activate|p2b: Froslass|move: Protect
|move|p2a: Sinistcha|Giga Drain|p1b: Palafin
|-supereffective|p1b: Palafin|1
|-damage|p1b: Palafin|56/100
|-heal|p2a: Sinistcha|77/100|[from] drain|[of] p1b: Palafin
|
|upkeep
|turn|6
|inactive|NEZK025 has 30 seconds left.
|
|t:|1783073421
|switch|p2a: Incineroar|Incineroar, L50, M|63/100
|-ability|p2a: Incineroar|Intimidate|boost
|-unboost|p1a: Staraptor|atk|1
|-unboost|p1b: Palafin|atk|1
|detailschange|p2b: Froslass|Froslass-Mega, L50, F
|-mega|p2b: Froslass|Froslass|Froslassite
|-weather|Snowscape|[from] ability: Snow Warning|[of] p2b: Froslass
|detailschange|p1a: Staraptor|Staraptor-Mega, L50, F
|-mega|p1a: Staraptor|Staraptor|Staraptite
|move|p2b: Froslass|Blizzard|p1b: Palafin|[spread] p1a,p1b
|-supereffective|p1a: Staraptor|1
|-crit|p1a: Staraptor
|-resisted|p1b: Palafin|1
|-damage|p1a: Staraptor|0 fnt
|-damage|p1b: Palafin|41/100
|-status|p1b: Palafin|frz
|faint|p1a: Staraptor
|cant|p1b: Palafin|frz
|
|-weather|Snowscape|[upkeep]
|upkeep
|c|☆NEZK025|My bad bro
|
|t:|1783073446
|switch|p1a: Raichu|Raichu, L50, F|19/100
|turn|7
|c|☆zantetsuken470|lol
|inactive|zantetsuken470 has 30 seconds left.
|c|☆zantetsuken470|imagine  being cocky in a tester game
|inactive|zantetsuken470 has 20 seconds left.
|inactive|zantetsuken470 has 15 seconds left.
|-message|zantetsuken470 forfeited.
|raw|zantetsuken470's rating: 1040 → 1027(-13 for losing)
|raw|NEZK025's rating: 1100 → 1121(+21 for winning)
|
|win|NEZK025
|l|☆zantetsuken470
|player|p1|
