|j|☆teyvgc
|html|teyvgcInferno prodigy    
|uhtml|bestof|Game 2 of a best-of-3
|t:|1785892869
|gametype|doubles
|player|p1|teyvgc|rood|1280
|player|p2|Inferno prodigy|265|1356
|gen|9
|tier|[Gen 9 Champions] VGC 2026 Reg M-B (Bo3)
|rated|
|rule|Species Clause: Limit one of each Pokémon
|rule|Item Clause: Limit 1 of each item
|clearpoke
|poke|p1|Staraptor, L50, M|
|poke|p1|Metagross, L50|
|poke|p1|Farigiraf, L50, F|
|poke|p1|Whimsicott, L50, F|
|poke|p1|Garchomp, L50, F|
|poke|p1|Ceruledge, L50, M|
|poke|p2|Raichu, L50, F|
|poke|p2|Scizor, L50, M|
|poke|p2|Ninetales-Alola, L50, M|
|poke|p2|Staraptor, L50, M|
|poke|p2|Glimmora, L50, M, shiny|
|poke|p2|Kingambit, L50, M, shiny|
|teampreview|4
|showteam|p1|Staraptor||Staraptite|Intimidate|Protect,CloseCombat,BraveBird,Roost|Jolly||M|||50|]Metagross||Metagrossite|ClearBody|Protect,IronHead,PsychicFangs,StompingTantrum|Adamant|||||50|]Farigiraf||SitrusBerry|ArmorTail|HelpingHand,Psychic,Thunderbolt,TrickRoom|Calm||F|||50|]Whimsicott||FocusSash|Prankster|Moonblast,Tailwind,Charm,Encore|Timid||F|||50|]Garchomp||LifeOrb|RoughSkin|Protect,StompingTantrum,RockSlide,DragonClaw|Jolly||F|||50|]Ceruledge||ColburBerry|FlashFire|Protect,ShadowSneak,BulkUp,BitterBlade|Adamant||M|||50|
|showteam|p2|Raichu||RaichuniteY|LightningRod|ZapCannon,FocusBlast,FakeOut,Protect|Timid||F|||50|]Scizor||LifeOrb|Technician|BulletPunch,BugBite,Feint,Protect|Adamant||M|||50|]Ninetales-Alola||ChoiceScarf|SnowWarning|Moonblast,Blizzard,FreezeDry,IcyWind|Timid||M|||50|]Staraptor||Staraptite|Intimidate|CloseCombat,BraveBird,Roost,Protect|Jolly||M|||50|]Glimmora||FocusSash|ToxicDebris|PowerGem,EarthPower,SpikyShield,SludgeBomb|Timid||M|||50|]Kingambit||ChopleBerry|Defiant|KowtowCleave,SuckerPunch,LowKick,Protect|Adamant||M|||50|
|j|☆Inferno prodigy
|player|p2|Inferno prodigy|265|
|
|t:|1785892930
|teamsize|p1|4
|teamsize|p2|4
|start
|switch|p1a: Smart Iron Brick|Metagross, L50|100/100
|switch|p1b: Trick Room Hater|Whimsicott, L50, F|100/100
|switch|p2a: Kingambit|Kingambit, L50, M, shiny|100/100
|switch|p2b: Glimmora|Glimmora, L50, M, shiny|100/100
|turn|1
|
|t:|1785892959
|detailschange|p1a: Smart Iron Brick|Metagross-Mega, L50
|-mega|p1a: Smart Iron Brick|Metagross|Metagrossite
|move|p1b: Trick Room Hater|Tailwind|p1b: Trick Room Hater
|-sidestart|p1: teyvgc|move: Tailwind
|move|p1a: Smart Iron Brick|Stomping Tantrum|p2b: Glimmora
|-supereffective|p2b: Glimmora|2
|-enditem|p2b: Glimmora|Focus Sash
|-damage|p2b: Glimmora|1/100
|-activate|p2b: Glimmora|ability: Toxic Debris
|-sidestart|p1: teyvgc|move: Toxic Spikes
|move|p2b: Glimmora|Sludge Bomb|p1b: Trick Room Hater
|-supereffective|p1b: Trick Room Hater|2
|-enditem|p1b: Trick Room Hater|Focus Sash
|-damage|p1b: Trick Room Hater|1/100
|move|p2a: Kingambit|Kowtow Cleave|p1a: Smart Iron Brick
|-supereffective|p1a: Smart Iron Brick|1
|-damage|p1a: Smart Iron Brick|35/100
|
|upkeep
|turn|2
|
|t:|1785892983
|move|p1a: Smart Iron Brick|Protect|p1a: Smart Iron Brick
|-singleturn|p1a: Smart Iron Brick|Protect
|move|p2a: Kingambit|Sucker Punch||[still]
|-fail|p2a: Kingambit
|move|p1b: Trick Room Hater|Moonblast|p2b: Glimmora
|-resisted|p2b: Glimmora|1
|-damage|p2b: Glimmora|0 fnt
|faint|p2b: Glimmora
|
|upkeep
|
|t:|1785892992
|switch|p2b: Scizor|Scizor, L50, M|100/100
|turn|3
|
|t:|1785893008
|switch|p1b: No Hands|Garchomp, L50, F|100/100
|-status|p1b: No Hands|psn
|move|p2b: Scizor|Feint|p1b: No Hands
|-damage|p1b: No Hands|76/100 psn
|-damage|p2b: Scizor|90/100|[from] item: Life Orb
|move|p1a: Smart Iron Brick|Stomping Tantrum|p2a: Kingambit
|-supereffective|p2a: Kingambit|1
|-damage|p2a: Kingambit|38/100
|move|p2a: Kingambit|Kowtow Cleave|p1a: Smart Iron Brick
|-supereffective|p1a: Smart Iron Brick|1
|-damage|p1a: Smart Iron Brick|0 fnt
|faint|p1a: Smart Iron Brick
|
|-damage|p1b: No Hands|63/100 psn|[from] psn
|upkeep
|
|t:|1785893022
|switch|p1a: SwagTastic|Ceruledge, L50, M|100/100
|-status|p1a: SwagTastic|psn
|turn|4
|
|t:|1785893048
|move|p2a: Kingambit|Protect|p2a: Kingambit
|-singleturn|p2a: Kingambit|Protect
|move|p2b: Scizor|Bullet Punch|p1b: No Hands
|-damage|p1b: No Hands|21/100 psn
|-damage|p2b: Scizor|77/100|[from] ability: Rough Skin|[of] p1b: No Hands
|-damage|p2b: Scizor|68/100|[from] item: Life Orb
|move|p1b: No Hands|Stomping Tantrum|p2a: Kingambit
|-activate|p2a: Kingambit|move: Protect
|move|p1a: SwagTastic|Bulk Up|p1a: SwagTastic
|-boost|p1a: SwagTastic|atk|1
|-boost|p1a: SwagTastic|def|1
|
|-damage|p1b: No Hands|9/100 psn|[from] psn
|-damage|p1a: SwagTastic|87/100 psn|[from] psn
|-sideend|p1: teyvgc|move: Tailwind
|upkeep
|turn|5
|
|t:|1785893076
|switch|p2a: Staraptor|Staraptor, L50, M|100/100
|-ability|p2a: Staraptor|Intimidate|boost
|-unboost|p1a: SwagTastic|atk|1
|-unboost|p1b: No Hands|atk|1
|move|p2b: Scizor|Feint|p1b: No Hands
|-damage|p1b: No Hands|0 fnt
|faint|p1b: No Hands
|-damage|p2b: Scizor|58/100|[from] item: Life Orb
|move|p1a: SwagTastic|Bitter Blade|p2a: Staraptor
|-damage|p2a: Staraptor|36/100
|-heal|p1a: SwagTastic|100/100 psn|[from] drain|[of] p2a: Staraptor
|
|-damage|p1a: SwagTastic|87/100 psn|[from] psn
|upkeep
|
|t:|1785893087
|switch|p1b: Trick Room Hater|Whimsicott, L50, F|1/100
|-status|p1b: Trick Room Hater|psn
|turn|6
|
|t:|1785893114
|detailschange|p2a: Staraptor|Staraptor-Mega, L50, M
|-mega|p2a: Staraptor|Staraptor|Staraptite
|move|p2b: Scizor|Feint|p1b: Trick Room Hater
|-damage|p1b: Trick Room Hater|0 fnt
|faint|p1b: Trick Room Hater
|-damage|p2b: Scizor|48/100|[from] item: Life Orb
|move|p2a: Staraptor|Roost|p2a: Staraptor
|-heal|p2a: Staraptor|86/100
|-singleturn|p2a: Staraptor|move: Roost
|move|p1a: SwagTastic|Bulk Up|p1a: SwagTastic
|-boost|p1a: SwagTastic|atk|1
|-boost|p1a: SwagTastic|def|1
|
|-damage|p1a: SwagTastic|75/100 psn|[from] psn
|upkeep
|turn|7
|
|t:|1785893128
|move|p2b: Scizor|Bullet Punch|p1a: SwagTastic
|-resisted|p1a: SwagTastic|1
|-damage|p1a: SwagTastic|63/100 psn
|-damage|p2b: Scizor|39/100|[from] item: Life Orb
|move|p2a: Staraptor|Brave Bird|p1a: SwagTastic
|-damage|p1a: SwagTastic|29/100 psn
|-damage|p2a: Staraptor|76/100|[from] Recoil
|move|p1a: SwagTastic|Bitter Blade|p2a: Staraptor
|-damage|p2a: Staraptor|8/100
|-heal|p1a: SwagTastic|65/100 psn|[from] drain|[of] p2a: Staraptor
|
|-damage|p1a: SwagTastic|53/100 psn|[from] psn
|upkeep
|turn|8
|
|t:|1785893145
|move|p2a: Staraptor|Protect|p2a: Staraptor
|-singleturn|p2a: Staraptor|Protect
|move|p1a: SwagTastic|Shadow Sneak|p2a: Staraptor
|-activate|p2a: Staraptor|move: Protect
|move|p2b: Scizor|Bullet Punch|p1a: SwagTastic
|-resisted|p1a: SwagTastic|1
|-damage|p1a: SwagTastic|41/100 psn
|-damage|p2b: Scizor|29/100|[from] item: Life Orb
|
|-damage|p1a: SwagTastic|29/100 psn|[from] psn
|upkeep
|turn|9
|
|t:|1785893159
|move|p2b: Scizor|Bullet Punch|p1a: SwagTastic
|-resisted|p1a: SwagTastic|1
|-damage|p1a: SwagTastic|16/100 psn
|-damage|p2b: Scizor|19/100|[from] item: Life Orb
|move|p2a: Staraptor|Brave Bird|p1a: SwagTastic
|-damage|p1a: SwagTastic|0 fnt
|faint|p1a: SwagTastic
|-damage|p2a: Staraptor|3/100|[from] Recoil
|
|win|Inferno prodigy
|raw|teyvgc's rating: 1280 → 1260(-20 for losing)
|raw|Inferno prodigy's rating: 1356 → 1372(+16 for winning)
