|j|‽Juaner95
|j|☆Orizor
|html|Juaner95Orizor    
|uhtml|bestof|Game 1 of a best-of-3
|t:|1785694553
|gametype|doubles
|player|p1|Juaner95|ash-hoenn|1159
|player|p2|Orizor|265|1000
|gen|9
|tier|[Gen 9 Champions] VGC 2026 Reg M-B (Bo3)
|rated|
|rule|Species Clause: Limit one of each Pokémon
|rule|Item Clause: Limit 1 of each item
|clearpoke
|poke|p1|Eelektross, L50, M|
|poke|p1|Ninetales-Alola, L50, F, shiny|
|poke|p1|Talonflame, L50, F|
|poke|p1|Garchomp, L50, M|
|poke|p1|Incineroar, L50, M, shiny|
|poke|p1|Kingambit, L50, M|
|poke|p2|Staraptor, L50, M|
|poke|p2|Milotic, L50, F|
|poke|p2|Tyranitar, L50, M|
|poke|p2|Gholdengo, L50|
|poke|p2|Excadrill, L50, M|
|poke|p2|Sinistcha, L50|
|teampreview|4
|showteam|p1|Eelektross||Eelektrossite|Levitate|SupercellSlam,DrainPunch,Coil,Protect|Adamant||M|||50|]Ninetales-Alola||ChoiceScarf|SnowWarning|Blizzard,FreezeDry,IcyWind,Moonblast|Modest||F|||50|]Talonflame||SharpBeak|GaleWings|BraveBird,FlareBlitz,Tailwind,Protect|Jolly||F|||50|]Garchomp||LifeOrb|RoughSkin|RockSlide,Earthquake,DragonClaw,Protect|Jolly||M|||50|]Incineroar||SitrusBerry|Intimidate|FlareBlitz,ThroatChop,PartingShot,FakeOut|Careful||M|||50|]Kingambit||FocusSash|Defiant|KowtowCleave,SuckerPunch,LowKick,Protect|Adamant||M|||50|
|showteam|p2|Staraptor||Staraptite|Intimidate|BraveBird,CloseCombat,Tailwind,Protect|Jolly||M|||50|]Milotic||SitrusBerry|Competitive|Scald,IceBeam,IcyWind,Recover|Modest||F|||50|]Tyranitar||Tyranitarite|SandStream|RockSlide,KnockOff,LowKick,Protect|Adamant||M|||50|]Gholdengo||LifeOrb|GoodasGold|ShadowBall,MakeItRain,NastyPlot,Protect|Modest|||||50|]Excadrill||FocusSash|SandRush|HighHorsepower,IronHead,RockSlide,Protect|Adamant||M|||50|]Sinistcha||ColburBerry|Hospitality|MatchaGotcha,RagePowder,TrickRoom,Protect|Bold|||||50|
|inactive|Battle timer is ON: inactive players will automatically lose when time's up. (requested by Orizor)
|inactive|Juaner95 has 60 seconds left.
|inactive|Orizor has 60 seconds left.
|inactive|Juaner95 has 30 seconds left.
|inactive|Juaner95 has 20 seconds left.
|inactive|Juaner95 has 15 seconds left.
|
|t:|1785694630
|teamsize|p1|4
|teamsize|p2|4
|start
|switch|p1a: Talonflame|Talonflame, L50, F|100/100
|switch|p1b: Kingambit|Kingambit, L50, M|100/100
|switch|p2a: Tyranitar|Tyranitar, L50, M|100/100
|switch|p2b: Milotic|Milotic, L50, F|100/100
|-weather|Sandstorm|[from] ability: Sand Stream|[of] p2a: Tyranitar
|turn|1
|inactive|Juaner95 has 30 seconds left.
|inactive|Orizor has 30 seconds left.
|inactive|Juaner95 has 20 seconds left.
|inactive|Juaner95 has 15 seconds left.
|
|t:|1785694674
|move|p2a: Tyranitar|Protect|p2a: Tyranitar
|-singleturn|p2a: Tyranitar|Protect
|move|p1a: Talonflame|Tailwind|p1a: Talonflame
|-sidestart|p1: Juaner95|move: Tailwind
|move|p1b: Kingambit|Low Kick|p2a: Tyranitar
|-activate|p2a: Tyranitar|move: Protect
|move|p2b: Milotic|Scald|p1b: Kingambit
|-damage|p1b: Kingambit|69/100
|-status|p1b: Kingambit|brn
|
|-weather|Sandstorm|[upkeep]
|-damage|p1a: Talonflame|94/100|[from] Sandstorm
|-damage|p2b: Milotic|94/100|[from] Sandstorm
|-damage|p1b: Kingambit|63/100 brn|[from] brn
|upkeep
|turn|2
|
|t:|1785694696
|switch|p2a: Sinistcha|Sinistcha, L50|100/100
|-heal|p2b: Milotic|100/100|[from] ability: Hospitality|[of] p2a: Sinistcha
|move|p1a: Talonflame|Brave Bird|p2b: Milotic
|-damage|p2b: Milotic|52/100
|-damage|p1a: Talonflame|73/100|[from] Recoil
|move|p1b: Kingambit|Low Kick|p2a: Sinistcha
|-immune|p2a: Sinistcha
|move|p2b: Milotic|Scald|p1a: Talonflame
|-supereffective|p1a: Talonflame|1
|-damage|p1a: Talonflame|0 fnt
|faint|p1a: Talonflame
|
|-weather|Sandstorm|[upkeep]
|-damage|p2b: Milotic|46/100|[from] Sandstorm
|-damage|p2a: Sinistcha|93/100|[from] Sandstorm
|-enditem|p2b: Milotic|Sitrus Berry|[eat]
|-heal|p2b: Milotic|71/100|[from] item: Sitrus Berry
|-damage|p1b: Kingambit|57/100 brn|[from] brn
|upkeep
|
|t:|1785694708
|switch|p1a: Eelektross|Eelektross, L50, M|100/100
|turn|3
|
|t:|1785694733
|switch|p2b: Excadrill|Excadrill, L50, M|100/100
|switch|p2a: Tyranitar|Tyranitar, L50, M|100/100
|detailschange|p1a: Eelektross|Eelektross-Mega, L50, M
|-mega|p1a: Eelektross|Eelektross|Eelektrossite
|move|p1a: Eelektross|Coil|p1a: Eelektross
|-boost|p1a: Eelektross|atk|1
|-boost|p1a: Eelektross|def|1
|-boost|p1a: Eelektross|accuracy|1
|move|p1b: Kingambit|Kowtow Cleave|p2a: Tyranitar
|-resisted|p2a: Tyranitar|1
|-damage|p2a: Tyranitar|90/100
|
|-weather|Sandstorm|[upkeep]
|-damage|p1a: Eelektross|94/100|[from] Sandstorm
|-damage|p1b: Kingambit|51/100 brn|[from] brn
|upkeep
|turn|4
|inactive|Orizor has 30 seconds left.
|inactive|Orizor has 20 seconds left.
|
|t:|1785694769
|switch|p2a: Sinistcha|Sinistcha, L50|93/100
|move|p2b: Excadrill|Rock Slide|p1b: Kingambit|[spread] p1a,p1b
|-resisted|p1b: Kingambit|1
|-damage|p1a: Eelektross|79/100
|-damage|p1b: Kingambit|44/100 brn
|cant|p1a: Eelektross|flinch
|move|p1b: Kingambit|Low Kick|p2a: Sinistcha
|-immune|p2a: Sinistcha
|
|-weather|Sandstorm|[upkeep]
|-damage|p1a: Eelektross|73/100|[from] Sandstorm
|-damage|p2a: Sinistcha|87/100|[from] Sandstorm
|-damage|p1b: Kingambit|38/100 brn|[from] brn
|-sideend|p1: Juaner95|move: Tailwind
|upkeep
|turn|5
|
|t:|1785694792
|move|p2b: Excadrill|Rock Slide|p1b: Kingambit|[spread] p1a,p1b
|-resisted|p1b: Kingambit|1
|-damage|p1a: Eelektross|58/100
|-damage|p1b: Kingambit|30/100 brn
|cant|p1a: Eelektross|flinch
|move|p2a: Sinistcha|Matcha Gotcha|p1a: Eelektross|[spread] p1a
|-miss|p2a: Sinistcha|p1b: Kingambit
|-damage|p1a: Eelektross|36/100
|-heal|p2a: Sinistcha|99/100|[from] drain|[of] p1a: Eelektross
|cant|p1b: Kingambit|flinch
|
|-weather|none
|-damage|p1b: Kingambit|24/100 brn|[from] brn
|upkeep
|turn|6
|inactive|Orizor has 30 seconds left.
|
|t:|1785694826
|move|p2b: Excadrill|High Horsepower|p1b: Kingambit
|-supereffective|p1b: Kingambit|1
|-damage|p1b: Kingambit|0 fnt
|faint|p1b: Kingambit
|move|p1a: Eelektross|Drain Punch|p2b: Excadrill
|-supereffective|p2b: Excadrill|1
|-enditem|p2b: Excadrill|Focus Sash
|-damage|p2b: Excadrill|1/100
|-heal|p1a: Eelektross|84/100|[from] drain|[of] p2b: Excadrill
|move|p2a: Sinistcha|Matcha Gotcha|p1a: Eelektross
|-damage|p1a: Eelektross|50/100g
|-heal|p2a: Sinistcha|100/100|[from] drain|[of] p1a: Eelektross
|
|upkeep
|
|t:|1785694834
|switch|p1b: Garchomp|Garchomp, L50, M|100/100
|turn|7
|
|t:|1785694843
|move|p2b: Excadrill|Protect|p2b: Excadrill
|-singleturn|p2b: Excadrill|Protect
|move|p1b: Garchomp|Earthquake|p2b: Excadrill|[spread] p2a
|-activate|p2b: Excadrill|move: Protect
|-immune|p1a: Eelektross|[from] ability: Eelevate
|-resisted|p2a: Sinistcha|1
|-damage|p2a: Sinistcha|78/100
|-damage|p1b: Garchomp|90/100|[from] item: Life Orb
|move|p1a: Eelektross|Supercell Slam|p2a: Sinistcha
|-resisted|p2a: Sinistcha|1
|-damage|p2a: Sinistcha|45/100
|move|p2a: Sinistcha|Trick Room|p2a: Sinistcha
|-fieldstart|move: Trick Room|[of] p2a: Sinistcha
|
|upkeep
|turn|8
|
|t:|1785694866
|move|p1a: Eelektross|Protect|p1a: Eelektross
|-singleturn|p1a: Eelektross|Protect
|move|p1b: Garchomp|Protect|p1b: Garchomp
|-singleturn|p1b: Garchomp|Protect
|move|p2a: Sinistcha|Matcha Gotcha|p1b: Garchomp|[spread] 
|-activate|p1a: Eelektross|move: Protect
|-activate|p1b: Garchomp|move: Protect
|move|p2b: Excadrill|High Horsepower|p1b: Garchomp
|-activate|p1b: Garchomp|move: Protect
|
|upkeep
|turn|9
|
|t:|1785694882
|move|p2a: Sinistcha|Matcha Gotcha|p1a: Eelektross|[spread] p1b
|-miss|p2a: Sinistcha|p1a: Eelektross
|-damage|p1b: Garchomp|64/100
|-heal|p2a: Sinistcha|58/100|[from] drain|[of] p1b: Garchomp
|move|p1a: Eelektross|Supercell Slam|p2a: Sinistcha
|-resisted|p2a: Sinistcha|1
|-damage|p2a: Sinistcha|27/100
|move|p2b: Excadrill|High Horsepower|p1b: Garchomp
|-damage|p1b: Garchomp|10/100
|-damage|p2b: Excadrill|0 fnt|[from] ability: Rough Skin|[of] p1b: Garchomp
|faint|p2b: Excadrill
|move|p1b: Garchomp|Earthquake|p2a: Sinistcha|[spread] p2a
|-immune|p1a: Eelektross|[from] ability: Eelevate
|-resisted|p2a: Sinistcha|1
|-damage|p2a: Sinistcha|6/100
|-damage|p1b: Garchomp|1/100|[from] item: Life Orb
|
|upkeep
|
|t:|1785694905
|switch|p2b: Milotic|Milotic, L50, F|71/100
|turn|10
|
|t:|1785694911
|move|p1a: Eelektross|Protect|p1a: Eelektross
|-singleturn|p1a: Eelektross|Protect
|move|p1b: Garchomp|Protect|p1b: Garchomp
|-singleturn|p1b: Garchomp|Protect
|move|p2a: Sinistcha|Rage Powder|p2a: Sinistcha
|-singleturn|p2a: Sinistcha|move: Rage Powder
|move|p2b: Milotic|Icy Wind|p1a: Eelektross|[spread] 
|-activate|p1a: Eelektross|move: Protect
|-activate|p1b: Garchomp|move: Protect
|
|upkeep
|turn|11
|inactive|Juaner95 has 30 seconds left.
|
|t:|1785694941
|move|p2a: Sinistcha|Matcha Gotcha|p1a: Eelektross|[spread] p1a,p1b
|-damage|p1a: Eelektross|26/100
|-heal|p2a: Sinistcha|19/100|[from] drain|[of] p1a: Eelektross
|-damage|p1b: Garchomp|0 fnt
|-heal|p2a: Sinistcha|19/100|[from] drain|[of] p1b: Garchomp
|faint|p1b: Garchomp
|move|p2b: Milotic|Icy Wind|p1a: Eelektross
|-damage|p1a: Eelektross|10/100
|-unboost|p1a: Eelektross|spe|1
|move|p1a: Eelektross|Supercell Slam|p2b: Milotic
|-supereffective|p2b: Milotic|1
|-damage|p2b: Milotic|0 fnt
|faint|p2b: Milotic
|-ability|p1a: Eelektross|Eelevate|boost
|-boost|p1a: Eelektross|atk|1
|
|-fieldend|move: Trick Room
|upkeep
|
|t:|1785694953
|switch|p2b: Tyranitar|Tyranitar, L50, M|90/100
|-weather|Sandstorm|[from] ability: Sand Stream|[of] p2b: Tyranitar
|turn|12
|
|t:|1785694959
|detailschange|p2b: Tyranitar|Tyranitar-Mega, L50, M
|-mega|p2b: Tyranitar|Tyranitar|Tyranitarite
|move|p1a: Eelektross|Protect|p1a: Eelektross
|-singleturn|p1a: Eelektross|Protect
|move|p2a: Sinistcha|Rage Powder|p2a: Sinistcha
|-singleturn|p2a: Sinistcha|move: Rage Powder
|move|p2b: Tyranitar|Knock Off|p1a: Eelektross
|-activate|p1a: Eelektross|move: Protect
|
|-weather|Sandstorm|[upkeep]
|-damage|p2a: Sinistcha|13/100|[from] Sandstorm
|-damage|p1a: Eelektross|5/100|[from] Sandstorm
|upkeep
|turn|13
|
|t:|1785694970
|move|p2b: Tyranitar|Protect|p2b: Tyranitar
|-singleturn|p2b: Tyranitar|Protect
|move|p2a: Sinistcha|Protect|p2a: Sinistcha
|-singleturn|p2a: Sinistcha|Protect
|move|p1a: Eelektross|Drain Punch|p2b: Tyranitar
|-activate|p2b: Tyranitar|move: Protect
|
|-weather|Sandstorm|[upkeep]
|-damage|p2a: Sinistcha|7/100|[from] Sandstorm
|-damage|p1a: Eelektross|0 fnt|[from] Sandstorm
|faint|p1a: Eelektross
|
|win|Orizor
||Orizor is ready for game 2.
