|j|☆ZilverZurfer
|j|☆Aizenmack
|html|ZilverZurferAizenmack    
|uhtml|bestof|Game 1 of a best-of-3
|t:|1757683409
|gametype|doubles
|player|p1|ZilverZurfer|2|1135
|player|p2|Aizenmack|veteran|1227
|gen|9
|tier|[Gen 9] VGC 2025 Reg H (Bo3)
|rated|
|rule|Species Clause: Limit one of each Pokémon
|rule|Item Clause: Limit 1 of each item
|clearpoke
|poke|p1|Torkoal, L50, M|
|poke|p1|Lilligant-Hisui, L50, F|
|poke|p1|Indeedee-F, L50, F|
|poke|p1|Hatterene, L50, F|
|poke|p1|Gallade, L50, M|
|poke|p1|Ursaluna, L50, M|
|poke|p2|Incineroar, L50, M|
|poke|p2|Pelipper, L50, M|
|poke|p2|Basculegion, L50, M|
|poke|p2|Rillaboom, L50, M|
|poke|p2|Archaludon, L50, M|
|poke|p2|Volcarona, L50, F|
|teampreview|4
|showteam|p1|Torkoal||ChoiceSpecs|Drought|Eruption,HeatWave,EarthPower,WeatherBall|||M|||50|,,,,,Fire]Lilligant-Hisui||FocusSash|Chlorophyll|Protect,AfterYou,CloseCombat,SolarBlade|||F|||50|,,,,,Ghost]Indeedee-F||PsychicSeed|PsychicSurge|Psychic,HelpingHand,TrickRoom,FollowMe|||F|||50|,,,,,Water]Hatterene||LifeOrb|MagicBounce|Protect,ExpandingForce,DazzlingGleam,TrickRoom|||F|||50|,,,,,Fire]Gallade||ClearAmulet|Sharpness|SacredSword,PsychoCut,TrickRoom,WideGuard|||M|||50|,,,,,Grass]Ursaluna||FlameOrb|Guts|Protect,HeadlongRush,Earthquake,Facade|||M|||50|,,,,,Ghost
|showteam|p2|Incineroar||SafetyGoggles|Intimidate|FakeOut,KnockOff,PartingShot,FlareBlitz|||M|||50|,,,,,Ghost]Pelipper||FocusSash|Drizzle|Hurricane,Tailwind,Protect,WeatherBall|||M|||50|,,,,,Water]Basculegion||ChoiceBand|SwiftSwim|LastRespects,WaveCrash,AquaJet,FlipTurn|||M|||50|,,,,,Water]Rillaboom||AssaultVest|GrassySurge|FakeOut,WoodHammer,HighHorsepower,GrassyGlide|||M|||50|,,,,,Grass]Archaludon||PowerHerb|Sturdy|DragonPulse,FlashCannon,ElectroShot,Protect|||M|||50|,,,,,Electric]Volcarona||CovertCloak|FlameBody|HeatWave,BugBuzz,QuiverDance,Protect|||F|||50|,,,,,Bug
|inactive|Battle timer is ON: inactive players will automatically lose when time's up. (requested by Aizenmack)
|
|t:|1757683438
|teamsize|p1|4
|teamsize|p2|4
|start
|switch|p1a: Gallade|Gallade, L50, M|100/100
|switch|p1b: Indeedee|Indeedee-F, L50, F|100/100
|switch|p2a: Rillaboom|Rillaboom, L50, M|100/100
|switch|p2b: Volcarona|Volcarona, L50, F, shiny|100/100
|-fieldstart|move: Grassy Terrain|[from] ability: Grassy Surge|[of] p2a: Rillaboom
|-fieldstart|move: Psychic Terrain|[from] ability: Psychic Surge|[of] p1b: Indeedee
|-enditem|p1b: Indeedee|Psychic Seed
|-boost|p1b: Indeedee|spd|1|[from] item: Psychic Seed
|turn|1
|inactive|ZilverZurfer has 30 seconds left.
|inactive|Aizenmack has 30 seconds left.
|
|t:|1757683472
|switch|p2a: Incineroar|Incineroar, L50, M|100/100
|-ability|p2a: Incineroar|Intimidate|boost
|-fail|p1a: Gallade|unboost|[from] item: Clear Amulet|[of] p1a: Gallade
|-unboost|p1b: Indeedee|atk|1
|move|p2b: Volcarona|Protect|p2b: Volcarona
|-singleturn|p2b: Volcarona|Protect
|move|p1b: Indeedee|Follow Me|p1b: Indeedee
|-singleturn|p1b: Indeedee|move: Follow Me
|move|p1a: Gallade|Trick Room|p1a: Gallade
|-fieldstart|move: Trick Room|[of] p1a: Gallade
|
|upkeep
|turn|2
|
|t:|1757683495
|switch|p2b: Rillaboom|Rillaboom, L50, M|100/100
|-fieldstart|move: Grassy Terrain|[from] ability: Grassy Surge|[of] p2b: Rillaboom
|move|p1b: Indeedee|Helping Hand|p1a: Gallade
|-singleturn|p1a: Gallade|Helping Hand|[of] p1b: Indeedee
|move|p2a: Incineroar|Knock Off|p1b: Indeedee
|-supereffective|p1b: Indeedee
|-damage|p1b: Indeedee|50/100
|move|p1a: Gallade|Psycho Cut|p2b: Rillaboom
|-damage|p2b: Rillaboom|15/100
|
|-heal|p1b: Indeedee|56/100|[from] Grassy Terrain
|-heal|p2b: Rillaboom|21/100|[from] Grassy Terrain
|upkeep
|turn|3
|inactive|ZilverZurfer has 30 seconds left.
|inactive|Aizenmack has 30 seconds left.
|
|t:|1757683527
|switch|p1a: Torkoal|Torkoal, L50, M|100/100
|-weather|SunnyDay|[from] ability: Drought|[of] p1a: Torkoal
|move|p2b: Rillaboom|Fake Out|p1a: Torkoal
|-damage|p1a: Torkoal|89/100
|move|p1b: Indeedee|Follow Me|p1b: Indeedee
|-singleturn|p1b: Indeedee|move: Follow Me
|move|p2a: Incineroar|Knock Off|p1b: Indeedee
|-supereffective|p1b: Indeedee
|-damage|p1b: Indeedee|11/100
|
|-weather|SunnyDay|[upkeep]
|-heal|p1a: Torkoal|95/100|[from] Grassy Terrain
|-heal|p1b: Indeedee|17/100|[from] Grassy Terrain
|-heal|p2b: Rillaboom|27/100|[from] Grassy Terrain
|upkeep
|turn|4
|
|t:|1757683551
|move|p1b: Indeedee|Helping Hand|p1a: Torkoal
|-singleturn|p1a: Torkoal|Helping Hand|[of] p1b: Indeedee
|move|p2b: Rillaboom|Grassy Glide|p1b: Indeedee
|-damage|p1b: Indeedee|0 fnt
|faint|p1b: Indeedee
|move|p1a: Torkoal|Heat Wave|p2b: Rillaboom|[spread] p2a,p2b
|-resisted|p2a: Incineroar
|-supereffective|p2b: Rillaboom
|-damage|p2a: Incineroar|64/100
|-damage|p2b: Rillaboom|0 fnt
|faint|p2b: Rillaboom
|move|p2a: Incineroar|Parting Shot|p1a: Torkoal
|-unboost|p1a: Torkoal|atk|1
|-unboost|p1a: Torkoal|spa|1
|
|t:|1757683569
|switch|p2a: Volcarona|Volcarona, L50, F, shiny|100/100|[from] Parting Shot
|
|-weather|SunnyDay|[upkeep]
|-heal|p1a: Torkoal|100/100|[from] Grassy Terrain
|upkeep
|
|t:|1757683576
|switch|p1b: Hatterene|Hatterene, L50, F|100/100
|switch|p2b: Incineroar|Incineroar, L50, M|64/100
|-ability|p2b: Incineroar|Intimidate|boost
|-unboost|p1a: Torkoal|atk|1
|-unboost|p1b: Hatterene|atk|1
|turn|5
|
|t:|1757683585
|move|p2b: Incineroar|Fake Out|p1a: Torkoal
|-damage|p1a: Torkoal|92/100
|cant|p1a: Torkoal|flinch
|move|p1b: Hatterene|Expanding Force|p2a: Volcarona
|-damage|p2a: Volcarona|41/100
|-damage|p1b: Hatterene|91/100|[from] item: Life Orb
|move|p2a: Volcarona|Quiver Dance|p2a: Volcarona
|-boost|p2a: Volcarona|spa|1
|-boost|p2a: Volcarona|spd|1
|-boost|p2a: Volcarona|spe|1
|
|-weather|SunnyDay|[upkeep]
|-heal|p1a: Torkoal|98/100|[from] Grassy Terrain
|-heal|p1b: Hatterene|97/100|[from] Grassy Terrain
|-heal|p2b: Incineroar|70/100|[from] Grassy Terrain
|-heal|p2a: Volcarona|47/100|[from] Grassy Terrain
|-fieldend|move: Trick Room
|upkeep
|turn|6
|inactive|ZilverZurfer has 30 seconds left.
|inactive|Aizenmack has 30 seconds left.
|inactive|Aizenmack has 20 seconds left.
|inactive|Aizenmack has 15 seconds left.
|inactive|Aizenmack has 10 seconds left.
|
|t:|1757683634
|switch|p1a: Gallade|Gallade, L50, M|100/100
|-terastallize|p1b: Hatterene|Fire
|move|p2a: Volcarona|Bug Buzz|p1b: Hatterene
|-resisted|p1b: Hatterene
|-damage|p1b: Hatterene|59/100
|move|p2b: Incineroar|Parting Shot|p1a: Gallade
|-fail|p1a: Gallade|unboost|[from] item: Clear Amulet|[of] p1a: Gallade
|move|p1b: Hatterene|Trick Room|p1b: Hatterene
|-fieldstart|move: Trick Room|[of] p1b: Hatterene
|
|-weather|SunnyDay|[upkeep]
|-heal|p1b: Hatterene|65/100|[from] Grassy Terrain
|-heal|p2b: Incineroar|76/100|[from] Grassy Terrain
|-heal|p2a: Volcarona|54/100|[from] Grassy Terrain
|-fieldend|move: Grassy Terrain
|upkeep
|turn|7
|
|t:|1757683659
|move|p2a: Volcarona|Protect|p2a: Volcarona
|-singleturn|p2a: Volcarona|Protect
|move|p1b: Hatterene|Expanding Force|p2a: Volcarona
|-activate|p2a: Volcarona|move: Protect
|move|p2b: Incineroar|Knock Off|p1b: Hatterene
|-damage|p1b: Hatterene|25/100
|-enditem|p1b: Hatterene|Life Orb|[from] move: Knock Off|[of] p2b: Incineroar
|move|p1a: Gallade|Sacred Sword|p2b: Incineroar
|-supereffective|p2b: Incineroar
|-damage|p2b: Incineroar|0 fnt
|faint|p2b: Incineroar
|
|-weather|none
|upkeep
|
|t:|1757683673
|switch|p2b: Archaludon|Archaludon, L50, M|100/100
|turn|8
|
|t:|1757683696
|-terastallize|p2b: Archaludon|Electric
|move|p1b: Hatterene|Dazzling Gleam|p2b: Archaludon|[spread] p2a,p2b
|-resisted|p2a: Volcarona
|-crit|p2a: Volcarona
|-damage|p2a: Volcarona|29/100
|-damage|p2b: Archaludon|50/100
|move|p1a: Gallade|Sacred Sword|p2a: Volcarona
|-resisted|p2a: Volcarona
|-damage|p2a: Volcarona|0 fnt
|-status|p1a: Gallade|brn|[from] ability: Flame Body|[of] p2a: Volcarona
|faint|p2a: Volcarona
|move|p2b: Archaludon|Electro Shot||[still]
|-prepare|p2b: Archaludon|Electro Shot
|-boost|p2b: Archaludon|spa|1
|-enditem|p2b: Archaludon|Power Herb
|-anim|p2b: Archaludon|Electro Shot|p1a: Gallade
|-damage|p1a: Gallade|0 fnt
|faint|p1a: Gallade
|
|upkeep
|
|t:|1757683709
|switch|p1a: Torkoal|Torkoal, L50, M|98/100
|-weather|SunnyDay|[from] ability: Drought|[of] p1a: Torkoal
|turn|9
|
|t:|1757683718
|move|p2b: Archaludon|Protect|p2b: Archaludon
|-singleturn|p2b: Archaludon|Protect
|move|p1a: Torkoal|Eruption|p2b: Archaludon
|-activate|p2b: Archaludon|move: Protect
|move|p1b: Hatterene|Dazzling Gleam|p2b: Archaludon
|-activate|p2b: Archaludon|move: Protect
|
|-weather|SunnyDay|[upkeep]
|upkeep
|turn|10
|
|t:|1757683721
|move|p1a: Torkoal|Eruption|p2b: Archaludon
|-damage|p2b: Archaludon|0 fnt
|faint|p2b: Archaludon
|
|win|ZilverZurfer
||ZilverZurfer is ready for game 2.
||Aizenmack is ready for game 2.
|uhtml|next|Next: Game 2 of 3
