|j|☆MidoMidori
|j|☆belinvgc
|html|MidoMidoribelinvgc    
|uhtml|bestof|Game 1 of a best-of-3
|t:|1756406187
|gametype|doubles
|player|p1|MidoMidori|roxanne-gen6|
|player|p2|belinvgc|169|
|gen|9
|tier|[Gen 9] VGC 2025 Reg H (Bo3)
|rule|Species Clause: Limit one of each Pokémon
|rule|Item Clause: Limit 1 of each item
|clearpoke
|poke|p1|Sneasler, L50, M|
|poke|p1|Indeedee, L50, M|
|poke|p1|Volcarona, L50, F|
|poke|p1|Ursaluna-Bloodmoon, L50, M|
|poke|p1|Annihilape, L50, F|
|poke|p1|Tyranitar, L50, M|
|poke|p2|Ursaluna-Bloodmoon, L50, M|
|poke|p2|Sinistcha, L50|
|poke|p2|Rillaboom, L50, F|
|poke|p2|Incineroar, L50, F|
|poke|p2|Sneasler, L50, F|
|poke|p2|Kingambit, L50, M|
|teampreview|4
|showteam|p1|Sneasler||PsychicSeed|Unburden|CloseCombat,DireClaw,ThroatChop,Protect|||M|||50|,,,,,Dark]Indeedee||ChoiceScarf|PsychicSurge|ExpandingForce,TeraBlast,Trick,Protect|||M|||50|,,,,,Psychic]Volcarona||SitrusBerry|FlameBody|Overheat,StruggleBug,RagePowder,Tailwind|||F|||50|,,,,,Grass]Ursaluna-Bloodmoon||LifeOrb|MindsEye|BloodMoon,HyperVoice,EarthPower,Protect|||M|||50|,,,,,Normal]Annihilape||SafetyGoggles|Defiant|CloseCombat,RageFist,Taunt,FinalGambit|||F|||50|,,,,,Fairy]Tyranitar||AssaultVest|SandStream|RockSlide,KnockOff,TeraBlast,LowKick|||M|||50|,,,,,Flying
|showteam|p2|Ursaluna-Bloodmoon||Leftovers|MindsEye|BloodMoon,EarthPower,CalmMind,Protect|||M|||50|,,,,,Water]Sinistcha||SitrusBerry|Hospitality|MatchaGotcha,RagePowder,LifeDew,TrickRoom||||||50|,,,,,Water]Rillaboom||AssaultVest|GrassySurge|GrassyGlide,DrumBeating,Uturn,FakeOut|||F|||50|,,,,,Fire]Incineroar||FigyBerry|Intimidate|FlareBlitz,KnockOff,PartingShot,FakeOut|||F|||50|,,,,,Grass]Sneasler||GrassySeed|Unburden|DireClaw,CloseCombat,Taunt,Protect|||F|||50|,,,,,Stellar]Kingambit||SafetyGoggles|Defiant|KowtowCleave,SuckerPunch,SwordsDance,Protect|||M|||50|,,,,,Dark
|c|☆MidoMidori|Glhf!
|
|t:|1756406226
|teamsize|p1|4
|teamsize|p2|4
|start
|switch|p1a: Ursaluna|Ursaluna-Bloodmoon, L50, M|100/100
|switch|p1b: Volcarona|Volcarona, L50, F|100/100
|switch|p2a: Sneasler|Sneasler, L50, F|100/100
|switch|p2b: Incineroar|Incineroar, L50, F, shiny|100/100
|-ability|p2b: Incineroar|Intimidate|boost
|-unboost|p1a: Ursaluna|atk|1
|-unboost|p1b: Volcarona|atk|1
|turn|1
|
|t:|1756406283
|switch|p1a: Sneasler|Sneasler, L50, M|100/100
|-terastallize|p2a: Sneasler|Stellar
|move|p2b: Incineroar|Fake Out|p1b: Volcarona
|-damage|p1b: Volcarona|87/100
|move|p2a: Sneasler|Close Combat|p1a: Sneasler
|-resisted|p1a: Sneasler
|-damage|p1a: Sneasler|21/100
|-unboost|p2a: Sneasler|def|1
|-unboost|p2a: Sneasler|spd|1
|cant|p1b: Volcarona|flinch
|
|upkeep
|turn|2
|
|t:|1756406333
|switch|p2b: Rillaboom|Rillaboom, L50, F, shiny|100/100
|-fieldstart|move: Grassy Terrain|[from] ability: Grassy Surge|[of] p2b: Rillaboom
|-enditem|p2a: Sneasler|Grassy Seed
|-boost|p2a: Sneasler|def|1|[from] item: Grassy Seed
|move|p1b: Volcarona|Rage Powder|p1b: Volcarona
|-singleturn|p1b: Volcarona|move: Rage Powder
|move|p2a: Sneasler|Dire Claw|p1b: Volcarona
|-damage|p1b: Volcarona|14/100
|-status|p1b: Volcarona|par
|-enditem|p1b: Volcarona|Sitrus Berry|[eat]
|-heal|p1b: Volcarona|39/100 par|[from] item: Sitrus Berry
|move|p1a: Sneasler|Dire Claw|p2b: Rillaboom
|-supereffective|p2b: Rillaboom
|-damage|p2b: Rillaboom|0 fnt
|faint|p2b: Rillaboom
|
|-heal|p1a: Sneasler|27/100|[from] Grassy Terrain
|-heal|p1b: Volcarona|45/100 par|[from] Grassy Terrain
|upkeep
|
|t:|1756406350
|switch|p2b: Incineroar|Incineroar, L50, F, shiny|100/100
|-ability|p2b: Incineroar|Intimidate|boost
|-unboost|p1a: Sneasler|atk|1
|-unboost|p1b: Volcarona|atk|1
|turn|3
|
|t:|1756406420
|move|p2b: Incineroar|Fake Out|p1a: Sneasler
|-damage|p1a: Sneasler|10/100
|move|p2a: Sneasler|Taunt|p1b: Volcarona
|-start|p1b: Volcarona|move: Taunt
|cant|p1a: Sneasler|flinch
|move|p1b: Volcarona|Overheat|p2a: Sneasler
|-damage|p2a: Sneasler|0 fnt
|-unboost|p1b: Volcarona|spa|2
|faint|p2a: Sneasler
|
|-heal|p1a: Sneasler|15/100|[from] Grassy Terrain
|-heal|p1b: Volcarona|51/100 par|[from] Grassy Terrain
|upkeep
|
|t:|1756406429
|switch|p2a: Ursaluna|Ursaluna-Bloodmoon, L50, M|100/100
|turn|4
|
|t:|1756406440
|switch|p1b: Indeedee|Indeedee, L50, M|100/100
|-fieldstart|move: Psychic Terrain|[from] ability: Psychic Surge|[of] p1b: Indeedee
|-enditem|p1a: Sneasler|Psychic Seed
|-boost|p1a: Sneasler|spd|1|[from] item: Psychic Seed
|move|p1a: Sneasler|Close Combat|p2a: Ursaluna
|-supereffective|p2a: Ursaluna
|-damage|p2a: Ursaluna|31/100
|-unboost|p1a: Sneasler|def|1
|-unboost|p1a: Sneasler|spd|1
|move|p2b: Incineroar|Knock Off|p1a: Sneasler
|-resisted|p1a: Sneasler
|-damage|p1a: Sneasler|0 fnt
|faint|p1a: Sneasler
|move|p2a: Ursaluna|Blood Moon|p1b: Indeedee
|-damage|p1b: Indeedee|3/100
|
|-heal|p2a: Ursaluna|38/100|[from] item: Leftovers
|upkeep
|
|t:|1756406445
|switch|p1a: Volcarona|Volcarona, L50, F|51/100 par
|turn|5
|
|t:|1756406468
|move|p2a: Ursaluna|Protect|p2a: Ursaluna
|-singleturn|p2a: Ursaluna|Protect
|move|p1b: Indeedee|Expanding Force|p2b: Incineroar|[spread] 
|-activate|p2a: Ursaluna|move: Protect
|-immune|p2b: Incineroar
|move|p2b: Incineroar|Knock Off|p1b: Indeedee
|-supereffective|p1b: Indeedee
|-damage|p1b: Indeedee|0 fnt
|-enditem|p1b: Indeedee|Choice Scarf|[from] move: Knock Off|[of] p2b: Incineroar
|faint|p1b: Indeedee
|move|p1a: Volcarona|Tailwind|p1a: Volcarona
|-sidestart|p1: MidoMidori|move: Tailwind
|
|-heal|p2a: Ursaluna|44/100|[from] item: Leftovers
|upkeep
|
|t:|1756406472
|switch|p1b: Ursaluna|Ursaluna-Bloodmoon, L50, M|100/100
|turn|6
|
|t:|1756406495
|-terastallize|p1b: Ursaluna|Normal
|move|p2a: Ursaluna|Protect||[still]
|-fail|p2a: Ursaluna
|move|p1b: Ursaluna|Hyper Voice|p2b: Incineroar|[spread] p2a,p2b
|-damage|p2a: Ursaluna|0 fnt
|-damage|p2b: Incineroar|41/100
|faint|p2a: Ursaluna
|-damage|p1b: Ursaluna|91/100|[from] item: Life Orb
|move|p1a: Volcarona|Overheat|p2b: Incineroar
|-resisted|p2b: Incineroar
|-damage|p2b: Incineroar|14/100
|-unboost|p1a: Volcarona|spa|2
|-enditem|p2b: Incineroar|Figy Berry|[eat]
|-heal|p2b: Incineroar|47/100|[from] item: Figy Berry
|move|p2b: Incineroar|Knock Off|p1b: Ursaluna
|-damage|p1b: Ursaluna|61/100
|-enditem|p1b: Ursaluna|Life Orb|[from] move: Knock Off|[of] p2b: Incineroar
|
|upkeep
|turn|7
|-message|belinvgc forfeited.
|
|win|MidoMidori
||MidoMidori is ready for game 2.
||belinvgc is ready for game 2.
|uhtml|next|Next: Game 2 of 3
|l|☆belinvgc
|player|p2|
