|j|☆wittraid
|j|☆leonsunp
|html|wittraidleonsunp    
|uhtml|bestof|Game 1 of a best-of-3
|t:|1756302159
|gametype|doubles
|player|p1|wittraid|266|1304
|player|p2|leonsunp|colress|1169
|gen|9
|tier|[Gen 9] VGC 2025 Reg H (Bo3)
|rated|
|rule|Species Clause: Limit one of each Pokémon
|rule|Item Clause: Limit 1 of each item
|clearpoke
|poke|p1|Pelipper, L50, F|
|poke|p1|Archaludon, L50, F|
|poke|p1|Amoonguss, L50, F|
|poke|p1|Rillaboom, L50, F|
|poke|p1|Basculegion, L50, M|
|poke|p1|Incineroar, L50, F|
|poke|p2|Sneasler, L50, M|
|poke|p2|Rillaboom, L50, M|
|poke|p2|Kingambit, L50, M|
|poke|p2|Salamence, L50, M|
|poke|p2|Volcarona, L50, M|
|poke|p2|Ninetales-Alola, L50, M|
|teampreview|4
|showteam|p1|Pelipper||FocusSash|Drizzle|Tailwind,WideGuard,Hurricane,Protect|||F|||50|,,,,,Ghost]Archaludon||AssaultVest|Stamina|ElectroShot,DragonPulse,BodyPress,Snarl|||F|||50|,,,,,Grass]Amoonguss||CovertCloak|Regenerator|RagePowder,Spore,PollenPuff,Protect|||F|||50|,,,,,Fairy]Rillaboom||LoadedDice|GrassySurge|FakeOut,BulletSeed,GrassyGlide,Uturn|||F|||50|,,,,,Fire]Basculegion||ChoiceBand|SwiftSwim|WaveCrash,LastRespects,AquaJet,FlipTurn|||M|||50|,,,,,Grass]Incineroar||SafetyGoggles|Intimidate|FakeOut,KnockOff,Taunt,PartingShot|||F|||50|,,,,,Ghost
|showteam|p2|Sneasler||WhiteHerb|Unburden|CloseCombat,DireClaw,Coaching,Protect|||M|||50|,,,,,Stellar]Rillaboom||AssaultVest|GrassySurge|WoodHammer,GrassyGlide,HighHorsepower,FakeOut|||M|||50|,,,,,Water]Kingambit||BlackGlasses|Defiant|KowtowCleave,SuckerPunch,SwordsDance,Protect|||M|||50|,,,,,Dark]Salamence||SafetyGoggles|Intimidate|DualWingbeat,DracoMeteor,Tailwind,Protect|||M|||50|,,,,,Fire]Volcarona||Leftovers|FlameBody|HeatWave,TeraBlast,QuiverDance,Protect|||M|||50|,,,,,Fairy]Ninetales-Alola||LightClay|SnowWarning|Encore,IcyWind,AuroraVeil,Blizzard|||M|||50|,,,,,Ghost
|inactive|Battle timer is ON: inactive players will automatically lose when time's up. (requested by wittraid)
|inactive|leonsunp has 60 seconds left.
|
|t:|1756302208
|teamsize|p1|4
|teamsize|p2|4
|start
|switch|p1a: Archaludon|Archaludon, L50, F|100/100
|switch|p1b: Amoonguss|Amoonguss, L50, F|100/100
|switch|p2a: Salamence|Salamence, L50, M|100/100
|switch|p2b: Volcarona|Volcarona, L50, M|100/100
|-ability|p2a: Salamence|Intimidate|boost
|-unboost|p1a: Archaludon|atk|1
|-unboost|p1b: Amoonguss|atk|1
|turn|1
|
|t:|1756302232
|move|p2b: Volcarona|Heat Wave|p1a: Archaludon|[spread] p1a,p1b
|-supereffective|p1b: Amoonguss
|-damage|p1a: Archaludon|78/100
|-damage|p1b: Amoonguss|42/100
|-ability|p1a: Archaludon|Stamina|boost
|-boost|p1a: Archaludon|def|1
|move|p2a: Salamence|Dual Wingbeat|p1b: Amoonguss
|-supereffective|p1b: Amoonguss
|-damage|p1b: Amoonguss|6/100
|-supereffective|p1b: Amoonguss
|-damage|p1b: Amoonguss|0 fnt
|faint|p1b: Amoonguss
|-hitcount|p1: Amoonguss|2
|move|p1a: Archaludon|Snarl|p2a: Salamence|[spread] p2a,p2b
|-damage|p2a: Salamence|83/100
|-damage|p2b: Volcarona|89/100
|-unboost|p2a: Salamence|spa|1
|-unboost|p2b: Volcarona|spa|1
|
|-heal|p2b: Volcarona|95/100|[from] item: Leftovers
|upkeep
|
|t:|1756302249
|switch|p1b: Pelipper|Pelipper, L50, F|100/100
|-weather|RainDance|[from] ability: Drizzle|[of] p1b: Pelipper
|turn|2
|inactive|leonsunp has 30 seconds left.
|
|t:|1756302275
|-terastallize|p2b: Volcarona|Fairy
|move|p2b: Volcarona|Quiver Dance|p2b: Volcarona
|-boost|p2b: Volcarona|spa|1
|-boost|p2b: Volcarona|spd|1
|-boost|p2b: Volcarona|spe|1
|move|p2a: Salamence|Dual Wingbeat|p1b: Pelipper|[miss]
|-miss|p2a: Salamence|p1b: Pelipper
|move|p1a: Archaludon|Electro Shot||[still]
|-prepare|p1a: Archaludon|Electro Shot
|-boost|p1a: Archaludon|spa|1
|-anim|p1a: Archaludon|Electro Shot|p2a: Salamence
|-damage|p2a: Salamence|4/100
|move|p1b: Pelipper|Tailwind|p1b: Pelipper
|-sidestart|p1: wittraid|move: Tailwind
|
|-weather|RainDance|[upkeep]
|-heal|p2b: Volcarona|100/100|[from] item: Leftovers
|upkeep
|turn|3
|
|t:|1756302295
|move|p2a: Salamence|Protect|p2a: Salamence
|-singleturn|p2a: Salamence|Protect
|move|p1a: Archaludon|Electro Shot||[still]
|-prepare|p1a: Archaludon|Electro Shot
|-boost|p1a: Archaludon|spa|1
|-anim|p1a: Archaludon|Electro Shot|p2b: Volcarona
|-damage|p2b: Volcarona|56/100
|move|p2b: Volcarona|Quiver Dance|p2b: Volcarona
|-boost|p2b: Volcarona|spa|1
|-boost|p2b: Volcarona|spd|1
|-boost|p2b: Volcarona|spe|1
|move|p1b: Pelipper|Hurricane|p2a: Salamence
|-activate|p2a: Salamence|move: Protect
|
|-weather|RainDance|[upkeep]
|-heal|p2b: Volcarona|62/100|[from] item: Leftovers
|upkeep
|turn|4
|inactive|leonsunp has 30 seconds left.
|
|t:|1756302323
|switch|p2a: Ninetales|Ninetales-Alola, L50, M|100/100
|-weather|Snowscape|[from] ability: Snow Warning|[of] p2a: Ninetales
|move|p2b: Volcarona|Heat Wave|p1b: Pelipper|[spread] p1a,p1b
|-resisted|p1b: Pelipper
|-damage|p1a: Archaludon|45/100
|-damage|p1b: Pelipper|65/100
|-ability|p1a: Archaludon|Stamina|boost
|-boost|p1a: Archaludon|def|1
|move|p1a: Archaludon|Electro Shot||[still]
|-prepare|p1a: Archaludon|Electro Shot
|-boost|p1a: Archaludon|spa|1
|move|p1b: Pelipper|Hurricane|p2a: Ninetales|[miss]
|-miss|p1b: Pelipper|p2a: Ninetales
|
|-weather|Snowscape|[upkeep]
|-heal|p2b: Volcarona|69/100|[from] item: Leftovers
|upkeep
|turn|5
|
|t:|1756302346
|move|p1b: Pelipper|Wide Guard|p1b: Pelipper
|-singleturn|p1b: Pelipper|Wide Guard
|move|p2b: Volcarona|Heat Wave|p1a: Archaludon|[spread] 
|-activate|p1a: Archaludon|move: Wide Guard
|-activate|p1b: Pelipper|move: Wide Guard
|move|p1a: Archaludon|Electro Shot|p2b: Volcarona|[from] lockedmove
|-damage|p2b: Volcarona|25/100
|move|p2a: Ninetales|Aurora Veil|p2a: Ninetales
|-sidestart|p2: leonsunp|move: Aurora Veil
|
|-weather|Snowscape|[upkeep]
|-heal|p2b: Volcarona|31/100|[from] item: Leftovers
|-sideend|p1: wittraid|move: Tailwind
|upkeep
|turn|6
|inactive|leonsunp has 30 seconds left.
|
|t:|1756302372
|switch|p2a: Rillaboom|Rillaboom, L50, M|100/100
|-fieldstart|move: Grassy Terrain|[from] ability: Grassy Surge|[of] p2a: Rillaboom
|move|p2b: Volcarona|Protect|p2b: Volcarona
|-singleturn|p2b: Volcarona|Protect
|move|p1b: Pelipper|Wide Guard|p1b: Pelipper
|-singleturn|p1b: Pelipper|Wide Guard
|move|p1a: Archaludon|Snarl|p2a: Rillaboom|[spread] p2a
|-activate|p2b: Volcarona|move: Protect
|-damage|p2a: Rillaboom|85/100
|-unboost|p2a: Rillaboom|spa|1
|
|-weather|Snowscape|[upkeep]
|-heal|p2b: Volcarona|37/100|[from] Grassy Terrain
|-heal|p2b: Volcarona|44/100|[from] item: Leftovers
|-heal|p2a: Rillaboom|91/100|[from] Grassy Terrain
|-heal|p1a: Archaludon|51/100|[from] Grassy Terrain
|upkeep
|turn|7
|inactive|wittraid has 30 seconds left.
|
|t:|1756302404
|-terastallize|p1a: Archaludon|Grass
|move|p2a: Rillaboom|Fake Out|p1a: Archaludon
|-damage|p1a: Archaludon|47/100
|-ability|p1a: Archaludon|Stamina|boost
|-boost|p1a: Archaludon|def|1
|move|p1b: Pelipper|Wide Guard|p1b: Pelipper
|-singleturn|p1b: Pelipper|Wide Guard
|move|p2b: Volcarona|Tera Blast|p1a: Archaludon|[anim] Tera Blast Fairy
|-damage|p1a: Archaludon|9/100
|-ability|p1a: Archaludon|Stamina|boost
|-boost|p1a: Archaludon|def|1
|cant|p1a: Archaludon|flinch
|
|-weather|Snowscape|[upkeep]
|-heal|p2b: Volcarona|50/100|[from] Grassy Terrain
|-heal|p2b: Volcarona|56/100|[from] item: Leftovers
|-heal|p2a: Rillaboom|97/100|[from] Grassy Terrain
|-heal|p1a: Archaludon|15/100|[from] Grassy Terrain
|upkeep
|turn|8
|
|t:|1756302423
|switch|p1b: Basculegion|Basculegion, L50, M|100/100
|move|p2b: Volcarona|Tera Blast|p1a: Archaludon|[anim] Tera Blast Fairy
|-damage|p1a: Archaludon|0 fnt
|faint|p1a: Archaludon
|move|p2a: Rillaboom|Wood Hammer|p1b: Basculegion
|-supereffective|p1b: Basculegion
|-damage|p1b: Basculegion|0 fnt
|faint|p1b: Basculegion
|-damage|p2a: Rillaboom|63/100|[from] Recoil
|
|-weather|none
|-heal|p2b: Volcarona|62/100|[from] Grassy Terrain
|-heal|p2b: Volcarona|69/100|[from] item: Leftovers
|-heal|p2a: Rillaboom|69/100|[from] Grassy Terrain
|upkeep
|
|t:|1756302438
|switch|p1b: Pelipper|Pelipper, L50, F|65/100
|-weather|RainDance|[from] ability: Drizzle|[of] p1b: Pelipper
|turn|9
|
|t:|1756302460
|move|p2b: Volcarona|Heat Wave|p1b: Pelipper
|-resisted|p1b: Pelipper
|-damage|p1b: Pelipper|41/100
|move|p2a: Rillaboom|Wood Hammer|p1b: Pelipper
|-damage|p1b: Pelipper|0 fnt
|faint|p1b: Pelipper
|-damage|p2a: Rillaboom|58/100|[from] Recoil
|
|win|leonsunp
||leonsunp is ready for game 2.
