|j|☆vicaltarifa
|j|☆French1
|html|vicaltarifaFrench1    
|uhtml|bestof|Game 1 of a best-of-3
|t:|1785176773
|gametype|doubles
|player|p1|vicaltarifa|1|1129
|player|p2|French1|170|1067
|gen|9
|tier|[Gen 9 Champions] VGC 2026 Reg M-B (Bo3)
|rated|
|rule|Species Clause: Limit one of each Pokémon
|rule|Item Clause: Limit 1 of each item
|clearpoke
|poke|p1|Charizard, L50, F, shiny|
|poke|p1|Kingambit, L50, F, shiny|
|poke|p1|Sylveon, L50, M, shiny|
|poke|p1|Garchomp, L50, F|
|poke|p1|Aerodactyl, L50, F, shiny|
|poke|p1|Farigiraf, L50, M, shiny|
|poke|p2|Dragonite, L50, F|
|poke|p2|Incineroar, L50, M|
|poke|p2|Sinistcha-Masterpiece, L50|
|poke|p2|Metagross, L50|
|poke|p2|Rotom-Wash, L50|
|poke|p2|Aromatisse, L50, M|
|teampreview|4
|showteam|p1|Charizard||CharizarditeY|Blaze|Protect,HeatWave,SolarBeam,WeatherBall|Modest||F|||50|]Kingambit||FocusSash|Defiant|IronHead,SuckerPunch,KowtowCleave,LowKick|Adamant||F|||50|]Sylveon||FairyFeather|Pixilate|Detect,HyperVoice,HyperBeam,QuickAttack|Modest||M|||50|]Garchomp||LifeOrb|RoughSkin|Protect,DragonClaw,Earthquake,RockSlide|Jolly||F|||50|]Aerodactyl||Aerodactylite|Unnerve|IceFang,RockSlide,Tailwind,DualWingbeat|Jolly||F|||50|]Farigiraf||SitrusBerry|ArmorTail|TrickRoom,Psychic,Thunderbolt,Protect|Bold||M|||50|
|showteam|p2|Dragonite||LifeOrb|InnerFocus|Earthquake,ExtremeSpeed,Tailwind,Roost|Adamant||F|||50|]Incineroar||ShellBell|Intimidate|FakeOut,FlareBlitz,DarkestLariat,PartingShot|Careful||M|||50|]Sinistcha-Masterpiece||SitrusBerry|Hospitality|MatchaGotcha,ShadowBall,RagePowder,Protect|Modest|||||50|]Metagross||Metagrossite|ClearBody|RockSlide,BulletPunch,PsychicFangs,Protect|Jolly|||||50|]Rotom-Wash||WideLens|Levitate|HydroPump,Thunderbolt,WillOWisp,Protect|Modest|||||50|]Aromatisse||Leftovers|AromaVeil|Moonblast,TrickRoom,HelpingHand,Protect|Relaxed||M|||50|
|inactive|Battle timer is ON: inactive players will automatically lose when time's up. (requested by French1)
|j| tedidn
|l| tedidn
|inactive|vicaltarifa has 60 seconds left.
|inactive|French1 has 60 seconds left.
|
|t:|1785176824
|teamsize|p1|4
|teamsize|p2|4
|start
|switch|p1a: Charizard|Charizard, L50, F, shiny|100/100
|switch|p1b: Kingambit|Kingambit, L50, F, shiny|100/100
|switch|p2a: Rotom|Rotom-Wash, L50|100/100
|switch|p2b: Dragonite|Dragonite, L50, F|100/100
|turn|1
|inactive|French1 has 30 seconds left.
|inactive|French1 has 20 seconds left.
|inactive|French1 has 15 seconds left.
|
|t:|1785176865
|switch|p1b: Sylveon|Sylveon, L50, M, shiny|100/100
|detailschange|p1a: Charizard|Charizard-Mega-Y, L50, F, shiny
|-mega|p1a: Charizard|Charizard|Charizardite Y
|-weather|SunnyDay|[from] ability: Drought|[of] p1a: Charizard
|move|p2a: Rotom|Protect|p2a: Rotom
|-singleturn|p2a: Rotom|Protect
|move|p1a: Charizard|Solar Beam||[still]
|-prepare|p1a: Charizard|Solar Beam
|-anim|p1a: Charizard|Solar Beam|p2a: Rotom
|-activate|p2a: Rotom|move: Protect
|move|p2b: Dragonite|Tailwind|p2b: Dragonite
|-sidestart|p2: French1|move: Tailwind
|
|-weather|SunnyDay|[upkeep]
|upkeep
|turn|2
|inactive|vicaltarifa has 30 seconds left.
|
|t:|1785176892
|switch|p2b: Metagross|Metagross, L50|100/100
|move|p2a: Rotom|Thunderbolt|p1a: Charizard
|-supereffective|p1a: Charizard|1
|-damage|p1a: Charizard|21/100
|move|p1a: Charizard|Solar Beam||[still]
|-prepare|p1a: Charizard|Solar Beam
|-anim|p1a: Charizard|Solar Beam|p2a: Rotom
|-supereffective|p2a: Rotom|1
|-damage|p2a: Rotom|3/100
|move|p1b: Sylveon|Hyper Voice|p2a: Rotom|[spread] p2a,p2b
|-resisted|p2b: Metagross|1
|-damage|p2a: Rotom|0 fnt
|-damage|p2b: Metagross|73/100
|faint|p2a: Rotom
|
|-weather|SunnyDay|[upkeep]
|upkeep
|
|t:|1785176911
|switch|p2a: Incineroar|Incineroar, L50, M|100/100
|-ability|p2a: Incineroar|Intimidate|boost
|-unboost|p1a: Charizard|atk|1
|-unboost|p1b: Sylveon|atk|1
|turn|3
|
|t:|1785176931
|detailschange|p2b: Metagross|Metagross-Mega, L50
|-mega|p2b: Metagross|Metagross|Metagrossite
|move|p1b: Sylveon|Detect|p1b: Sylveon
|-singleturn|p1b: Sylveon|Protect
|move|p2b: Metagross|Rock Slide|p1b: Sylveon|[spread] p1a
|-activate|p1b: Sylveon|move: Protect
|-supereffective|p1a: Charizard|2
|-damage|p1a: Charizard|0 fnt
|faint|p1a: Charizard
|move|p2a: Incineroar|Flare Blitz|p1b: Sylveon
|-activate|p1b: Sylveon|move: Protect
|
|-weather|SunnyDay|[upkeep]
|upkeep
|
|t:|1785176941
|switch|p1a: Kingambit|Kingambit, L50, F, shiny|100/100
|turn|4
|inactive|vicaltarifa has 30 seconds left.
|inactive|French1 has 30 seconds left.
|inactive|vicaltarifa has 20 seconds left.
|inactive|French1 has 20 seconds left.
|inactive|vicaltarifa has 15 seconds left.
|inactive|vicaltarifa has 10 seconds left.
|
|t:|1785176988
|move|p2b: Metagross|Bullet Punch|p1b: Sylveon
|-supereffective|p1b: Sylveon|1
|-damage|p1b: Sylveon|34/100
|move|p2a: Incineroar|Flare Blitz|p1a: Kingambit
|-supereffective|p1a: Kingambit|1
|-enditem|p1a: Kingambit|Focus Sash
|-damage|p1a: Kingambit|1/100
|-damage|p2a: Incineroar|71/100|[from] Recoil
|-heal|p2a: Incineroar|82/100|[from] item: Shell Bell|[of] p1a: Kingambit
|move|p1a: Kingambit|Kowtow Cleave|p2b: Metagross
|-supereffective|p2b: Metagross|1
|-damage|p2b: Metagross|10/100
|move|p1b: Sylveon|Hyper Beam|p2a: Incineroar
|-damage|p2a: Incineroar|9/100
|-mustrecharge|p1b: Sylveon
|
|-weather|SunnyDay|[upkeep]
|-sideend|p2: French1|move: Tailwind
|upkeep
|turn|5
|inactive|vicaltarifa has 30 seconds left.
|inactive|French1 has 30 seconds left.
|inactive|vicaltarifa has 20 seconds left.
|inactive|vicaltarifa has 15 seconds left.
|inactive|vicaltarifa has 10 seconds left.
|inactive|vicaltarifa has 5 seconds left.
|
|t:|1785177047
|move|p2b: Metagross|Bullet Punch|p1a: Kingambit
|-resisted|p1a: Kingambit|1
|-damage|p1a: Kingambit|0 fnt
|faint|p1a: Kingambit
|cant|p1b: Sylveon|recharge
|move|p2a: Incineroar|Parting Shot|p1b: Sylveon
|-unboost|p1b: Sylveon|atk|1
|-unboost|p1b: Sylveon|spa|1
|j| tedidn
|
|t:|1785177056
|switch|p2a: Dragonite|Dragonite, L50, F|100/100|[from] Parting Shot
|
|-weather|none
|upkeep
|inactive|vicaltarifa has 30 seconds left.
|
|t:|1785177081
|switch|p1a: Garchomp|Garchomp, L50, F|100/100
|turn|6
|inactive|French1 has 30 seconds left.
|inactive|French1 has 20 seconds left.
|inactive|French1 has 15 seconds left.
|
|t:|1785177124
|move|p1b: Sylveon|Detect|p1b: Sylveon
|-singleturn|p1b: Sylveon|Protect
|move|p2a: Dragonite|Extreme Speed|p1a: Garchomp
|-damage|p1a: Garchomp|61/100
|-damage|p2a: Dragonite|87/100|[from] ability: Rough Skin|[of] p1a: Garchomp
|-damage|p2a: Dragonite|78/100|[from] item: Life Orb
|move|p2b: Metagross|Bullet Punch|p1b: Sylveon
|-activate|p1b: Sylveon|move: Protect
|move|p1a: Garchomp|Dragon Claw|p2a: Dragonite
|-supereffective|p2a: Dragonite|1
|-damage|p2a: Dragonite|0 fnt
|faint|p2a: Dragonite
|-damage|p1a: Garchomp|51/100|[from] item: Life Orb
|
|upkeep
|
|t:|1785177141
|switch|p2a: Incineroar|Incineroar, L50, M|9/100
|-ability|p2a: Incineroar|Intimidate|boost
|-unboost|p1a: Garchomp|atk|1
|-unboost|p1b: Sylveon|atk|1
|turn|7
|inactive|French1 has 30 seconds left.
|inactive|French1 has 20 seconds left.
|l|☆French1
|inactive|French1 disconnected and has a minute to reconnect!
|player|p2|
|inactive|French1 has 15 seconds left.
|inactive|French1 has 10 seconds left.
|inactive|French1 has 5 seconds left.
|-message|French1 lost due to inactivity.
|
|win|vicaltarifa
