|j|☆txils
|j|☆precisiondepicasso
|html|txilsprecisiondepicasso    
|uhtml|bestof|Game 2 of a best-of-3
|t:|1782406593
|gametype|doubles
|player|p1|txils|266|1000
|player|p2|precisiondepicasso|cyclistf-gen4|1000
|gen|9
|tier|[Gen 9 Champions] VGC 2026 Reg M-B (Bo3)
|rated|
|rule|Species Clause: Limit one of each Pokémon
|rule|Item Clause: Limit 1 of each item
|clearpoke
|poke|p1|Mawile, L50, F, shiny|
|poke|p1|Politoed, L50, M|
|poke|p1|Swampert, L50, M|
|poke|p1|Aerodactyl, L50, M|
|poke|p1|Venusaur, L50, F|
|poke|p1|Kingambit, L50, F|
|poke|p2|Aerodactyl, L50, F|
|poke|p2|Garchomp, L50, F|
|poke|p2|Kingambit, L50, F|
|poke|p2|Charizard, L50, F|
|poke|p2|Sylveon, L50, M|
|poke|p2|Farigiraf, L50, M|
|teampreview|4
|showteam|p1|Mawile||Mawilite|HyperCutter|Protect,IronHead,PlayRough,SuckerPunch|Adamant||F|||50|]Politoed||SitrusBerry|Drizzle|Protect,HelpingHand,Encore,WeatherBall|Calm||M|||50|]Swampert||Swampertite|Torrent|Protect,HighHorsepower,WaveCrash,IcePunch|Adamant||M|||50|]Aerodactyl||FocusSash|Unnerve|Protect,Tailwind,RockSlide,DualWingbeat|Jolly||M|||50|]Venusaur||Leftovers|Overgrow|Protect,SludgeBomb,GigaDrain,EarthPower|Modest||F|||50|]Kingambit||BlackGlasses|Defiant|Protect,SuckerPunch,KowtowCleave,LowKick|Adamant||F|||50|
|showteam|p2|Aerodactyl||Aerodactylite|Unnerve|IceFang,RockSlide,Tailwind,DualWingbeat|Jolly||F|||50|]Garchomp||LifeOrb|RoughSkin|DragonClaw,StompingTantrum,Earthquake,Protect|Jolly||F|||50|]Kingambit||FocusSash|Defiant|SuckerPunch,KowtowCleave,IronHead,LowKick|Adamant||F|||50|]Charizard||CharizarditeY|Blaze|Protect,WeatherBall,HeatWave,SolarBeam|Modest||F|||50|]Sylveon||FairyFeather|Pixilate|Protect,HyperVoice,HyperBeam,QuickAttack|Modest||M|||50|]Farigiraf||SitrusBerry|ArmorTail|TrickRoom,Thunderbolt,Roar,TwinBeam|Bold||M|||50|
|inactive|Battle timer is ON: inactive players will automatically lose when time's up. (requested by precisiondepicasso)
|inactive|precisiondepicasso has 60 seconds left.
|
|t:|1782406649
|teamsize|p1|4
|teamsize|p2|4
|start
|switch|p1a: Politoed|Politoed, L50, M|100/100
|switch|p1b: Aerodactyl|Aerodactyl, L50, M|100/100
|switch|p2a: Farigiraf|Farigiraf, L50, M|100/100
|switch|p2b: Sylveon|Sylveon, L50, M|100/100
|-ability|p1b: Aerodactyl|Unnerve
|-weather|RainDance|[from] ability: Drizzle|[of] p1a: Politoed
|turn|1
|inactive|txils has 30 seconds left.
|inactive|txils has 20 seconds left.
|inactive|txils has 15 seconds left.
|
|t:|1782406692
|switch|p1b: Kingambit|Kingambit, L50, F|100/100
|move|p1a: Politoed|Protect|p1a: Politoed
|-singleturn|p1a: Politoed|Protect
|move|p2b: Sylveon|Hyper Voice|p1a: Politoed|[spread] p1b
|-activate|p1a: Politoed|move: Protect
|-damage|p1b: Kingambit|56/100
|move|p2a: Farigiraf|Trick Room|p2a: Farigiraf
|-fieldstart|move: Trick Room|[of] p2a: Farigiraf
|
|-weather|RainDance|[upkeep]
|upkeep
|turn|2
|inactive|txils has 30 seconds left.
|
|t:|1782406719
|move|p1a: Politoed|Helping Hand|p1b: Kingambit
|-singleturn|p1b: Kingambit|Helping Hand|[of] p1a: Politoed
|move|p1b: Kingambit|Kowtow Cleave|p2a: Farigiraf
|-supereffective|p2a: Farigiraf|1
|-damage|p2a: Farigiraf|0 fnt
|faint|p2a: Farigiraf
|move|p2b: Sylveon|Hyper Voice|p1b: Kingambit|[spread] p1a,p1b
|-crit|p1a: Politoed
|-damage|p1a: Politoed|54/100
|-damage|p1b: Kingambit|11/100
|
|-weather|RainDance|[upkeep]
|upkeep
|
|t:|1782406729
|switch|p2a: Kingambit|Kingambit, L50, F|100/100
|turn|3
|
|t:|1782406751
|switch|p1b: Swampert|Swampert, L50, M|100/100
|move|p1a: Politoed|Protect|p1a: Politoed
|-singleturn|p1a: Politoed|Protect
|move|p2b: Sylveon|Quick Attack|p1b: Swampert
|-damage|p1b: Swampert|86/100
|move|p2a: Kingambit|Kowtow Cleave|p1a: Politoed
|-activate|p1a: Politoed|move: Protect
|
|-weather|RainDance|[upkeep]
|upkeep
|turn|4
|inactive|txils has 30 seconds left.
|
|t:|1782406777
|detailschange|p1b: Swampert|Swampert-Mega, L50, M
|-mega|p1b: Swampert|Swampert|Swampertite
|move|p1a: Politoed|Helping Hand|p1b: Swampert
|-singleturn|p1b: Swampert|Helping Hand|[of] p1a: Politoed
|move|p2b: Sylveon|Hyper Voice|p1a: Politoed|[spread] p1a,p1b
|-damage|p1a: Politoed|19/100
|-damage|p1b: Swampert|50/100g
|-enditem|p1a: Politoed|Sitrus Berry|[eat]
|-heal|p1a: Politoed|44/100|[from] item: Sitrus Berry
|move|p2a: Kingambit|Kowtow Cleave|p1b: Swampert
|-damage|p1b: Swampert|9/100
|move|p1b: Swampert|High Horsepower|p2a: Kingambit
|-supereffective|p2a: Kingambit|1
|-enditem|p2a: Kingambit|Focus Sash
|-damage|p2a: Kingambit|1/100
|
|-weather|RainDance|[upkeep]
|upkeep
|turn|5
|inactive|txils has 30 seconds left.
|
|t:|1782406808
|switch|p1b: Kingambit|Kingambit, L50, F|11/100
|move|p1a: Politoed|Protect|p1a: Politoed
|-singleturn|p1a: Politoed|Protect
|move|p2b: Sylveon|Hyper Voice|p1a: Politoed|[spread] p1b
|-activate|p1a: Politoed|move: Protect
|-damage|p1b: Kingambit|0 fnt
|faint|p1b: Kingambit
|move|p2a: Kingambit|Low Kick|p1a: Politoed
|-activate|p1a: Politoed|move: Protect
|
|-weather|none
|-fieldend|move: Trick Room
|upkeep
|
|t:|1782406825
|switch|p1b: Swampert|Swampert-Mega, L50, M|9/100
|turn|6
|
|t:|1782406837
|switch|p1a: Aerodactyl|Aerodactyl, L50, M|100/100
|-ability|p1a: Aerodactyl|Unnerve
|move|p1b: Swampert|Protect|p1b: Swampert
|-singleturn|p1b: Swampert|Protect
|move|p2a: Kingambit|Sucker Punch||[still]
|-fail|p2a: Kingambit
|move|p2b: Sylveon|Hyper Voice|p1a: Aerodactyl|[spread] p1a
|-activate|p1b: Swampert|move: Protect
|-damage|p1a: Aerodactyl|25/100
|
|upkeep
|turn|7
|inactive|txils has 30 seconds left.
|
|t:|1782406865
|move|p2a: Kingambit|Sucker Punch|p1b: Swampert
|-damage|p1b: Swampert|0 fnt
|faint|p1b: Swampert
|move|p1a: Aerodactyl|Rock Slide|p2b: Sylveon|[spread] p2a
|-miss|p1a: Aerodactyl|p2b: Sylveon
|-resisted|p2a: Kingambit|1
|-damage|p2a: Kingambit|0 fnt
|faint|p2a: Kingambit
|move|p2b: Sylveon|Hyper Voice|p1a: Aerodactyl
|-damage|p1a: Aerodactyl|0 fnt
|faint|p1a: Aerodactyl
|
|upkeep
|
|t:|1782406879
|switch|p2a: Charizard|Charizard, L50, F|100/100
|switch|p1b: Politoed|Politoed, L50, M|44/100
|-weather|RainDance|[from] ability: Drizzle|[of] p1b: Politoed
|turn|8
|
|t:|1782406887
|detailschange|p2a: Charizard|Charizard-Mega-Y, L50, F
|-mega|p2a: Charizard|Charizard|Charizardite Y
|-weather|SunnyDay|[from] ability: Drought|[of] p2a: Charizard
|move|p2a: Charizard|Solar Beam||[still]
|-prepare|p2a: Charizard|Solar Beam
|-anim|p2a: Charizard|Solar Beam|p1b: Politoed
|-supereffective|p1b: Politoed|1
|-damage|p1b: Politoed|0 fnt
|faint|p1b: Politoed
|
|win|precisiondepicasso
|l|☆txils
|player|p1|
||txils is ready for game 3.
||precisiondepicasso is ready for game 3.
|uhtml|next|Next: Game 3 of 3
|n|☆precisiondepicasso|precisiondepicasso
