|j|☆14#coder9
|j|☆marcosdeltasena31
|html|14#coder9marcosdeltasena31    
|uhtml|bestof|Game 1 of a best-of-3
|t:|1785969063
|gametype|doubles
|player|p1|14#coder9|unknown|1186
|player|p2|marcosdeltasena31|hilbert|1205
|gen|9
|tier|[Gen 9 Champions] VGC 2026 Reg M-B (Bo3)
|rated|
|rule|Species Clause: Limit one of each Pokémon
|rule|Item Clause: Limit 1 of each item
|clearpoke
|poke|p1|Charizard, L50, M, shiny|
|poke|p1|Whimsicott, L50, F, shiny|
|poke|p1|Incineroar, L50, M|
|poke|p1|Garchomp, L50, F, shiny|
|poke|p1|Rotom-Wash, L50|
|poke|p1|Staraptor, L50, M, shiny|
|poke|p2|Charizard, L50, M, shiny|
|poke|p2|Raichu, L50, F|
|poke|p2|Sylveon, L50, F|
|poke|p2|Whimsicott, L50, F|
|poke|p2|Garchomp, L50, M|
|poke|p2|Kingambit, L50, F|
|teampreview|4
|showteam|p1|Charizard||CharizarditeY|Blaze|HeatWave,Overheat,SolarBeam,Protect|Modest||M|||50|]Whimsicott||FocusSash|Prankster|SunnyDay,Tailwind,Moonblast,Encore|Timid||F|||50|]Incineroar||ChopleBerry|Intimidate|FlareBlitz,PartingShot,FakeOut,ThroatChop|Careful||M|||50|]Garchomp||LifeOrb|RoughSkin|RockSlide,DragonClaw,Earthquake,Protect|Jolly||F|||50|]Rotom-Wash||SitrusBerry|Levitate|HydroPump,VoltSwitch,WillOWisp,Electroweb|Bold|||||50|]Staraptor||Staraptite|Intimidate|Protect,CloseCombat,BraveBird,Roost|Jolly||M|||50|
|showteam|p2|Charizard||CharizarditeY|Blaze|HeatWave,WeatherBall,SolarBeam,Protect|Modest||M|||50|]Raichu||RaichuniteY|LightningRod|ZapCannon,FocusBlast,FakeOut,Protect|Timid||F|||50|]Sylveon||FairyFeather|Pixilate|HyperVoice,HyperBeam,QuickAttack,Protect|Modest||F|||50|]Whimsicott||FocusSash|Prankster|Moonblast,Tailwind,Encore,Protect|Timid||F|||50|]Garchomp||LifeOrb|RoughSkin|RockSlide,DragonClaw,Earthquake,Protect|Jolly||M|||50|]Kingambit||ChopleBerry|Defiant|KowtowCleave,IronHead,SuckerPunch,LowKick|Adamant||F|||50|
|inactive|Battle timer is ON: inactive players will automatically lose when time's up. (requested by 14#coder9)
|
|t:|1785969153
|teamsize|p1|4
|teamsize|p2|4
|start
|switch|p1a: Charizard|Charizard, L50, M, shiny|100/100
|switch|p1b: Garchomp|Garchomp, L50, F, shiny|100/100
|switch|p2a: Charizard|Charizard, L50, M, shiny|100/100
|switch|p2b: Whimsicott|Whimsicott, L50, F|100/100
|turn|1
|
|t:|1785969168
|switch|p1b: Incineroar|Incineroar, L50, M|100/100
|-ability|p1b: Incineroar|Intimidate|boost
|-unboost|p2a: Charizard|atk|1
|-unboost|p2b: Whimsicott|atk|1
|detailschange|p1a: Charizard|Charizard-Mega-Y, L50, M, shiny
|-mega|p1a: Charizard|Charizard|Charizardite Y
|-weather|SunnyDay|[from] ability: Drought|[of] p1a: Charizard
|move|p2a: Charizard|Protect|p2a: Charizard
|-singleturn|p2a: Charizard|Protect
|move|p2b: Whimsicott|Tailwind|p2b: Whimsicott
|-sidestart|p2: marcosdeltasena31|move: Tailwind
|move|p1a: Charizard|Heat Wave|p2b: Whimsicott|[spread] p2b
|-activate|p2a: Charizard|move: Protect
|-supereffective|p2b: Whimsicott|1
|-enditem|p2b: Whimsicott|Focus Sash
|-damage|p2b: Whimsicott|1/100
|
|-weather|SunnyDay|[upkeep]
|upkeep
|turn|2
|
|t:|1785969187
|detailschange|p2a: Charizard|Charizard-Mega-Y, L50, M, shiny
|-mega|p2a: Charizard|Charizard|Charizardite Y
|move|p2b: Whimsicott|Protect|p2b: Whimsicott
|-singleturn|p2b: Whimsicott|Protect
|move|p2a: Charizard|Heat Wave|p1b: Incineroar|[spread] p1a,p1b
|-resisted|p1a: Charizard|1
|-resisted|p1b: Incineroar|1
|-damage|p1a: Charizard|73/100
|-damage|p1b: Incineroar|73/100
|move|p1a: Charizard|Heat Wave|p2b: Whimsicott|[spread] p2a
|-activate|p2b: Whimsicott|move: Protect
|-resisted|p2a: Charizard|1
|-damage|p2a: Charizard|68/100
|move|p1b: Incineroar|Parting Shot|p2a: Charizard
|-unboost|p2a: Charizard|atk|1
|-unboost|p2a: Charizard|spa|1
|
|t:|1785969204
|switch|p1b: Whimsicott|Whimsicott, L50, F, shiny|100/100|[from] Parting Shot
|
|-weather|SunnyDay|[upkeep]
|upkeep
|turn|3
|inactive|marcosdeltasena31 has 30 seconds left.
|
|t:|1785969229
|move|p1b: Whimsicott|Tailwind|p1b: Whimsicott
|-sidestart|p1: 14#coder9|move: Tailwind
|move|p2b: Whimsicott|Moonblast|p1b: Whimsicott
|-damage|p1b: Whimsicott|55/100
|-unboost|p1b: Whimsicott|spa|1
|move|p2a: Charizard|Heat Wave|p1b: Whimsicott|[spread] p1a,p1b
|-resisted|p1a: Charizard|1
|-supereffective|p1b: Whimsicott|1
|-damage|p1a: Charizard|56/100
|-damage|p1b: Whimsicott|0 fnt
|faint|p1b: Whimsicott
|move|p1a: Charizard|Heat Wave|p2b: Whimsicott|[spread] p2a,p2b
|-resisted|p2a: Charizard|1
|-supereffective|p2b: Whimsicott|1
|-damage|p2a: Charizard|39/100
|-damage|p2b: Whimsicott|0 fnt
|faint|p2b: Whimsicott
|
|-weather|SunnyDay|[upkeep]
|upkeep
|
|t:|1785969245
|switch|p2b: Garchomp|Garchomp, L50, M|100/100
|switch|p1b: Garchomp|Garchomp, L50, F, shiny|100/100
|turn|4
|
|t:|1785969254
|move|p1b: Garchomp|Protect|p1b: Garchomp
|-singleturn|p1b: Garchomp|Protect
|move|p1a: Charizard|Protect|p1a: Charizard
|-singleturn|p1a: Charizard|Protect
|move|p2b: Garchomp|Dragon Claw|p1b: Garchomp
|-activate|p1b: Garchomp|move: Protect
|move|p2a: Charizard|Heat Wave|p1a: Charizard|[spread] 
|-activate|p1a: Charizard|move: Protect
|-activate|p1b: Garchomp|move: Protect
|
|-weather|SunnyDay|[upkeep]
|-sideend|p2: marcosdeltasena31|move: Tailwind
|upkeep
|turn|5
|
|t:|1785969267
|switch|p2b: Sylveon|Sylveon, L50, F|100/100
|move|p1b: Garchomp|Dragon Claw|p2b: Sylveon
|-immune|p2b: Sylveon
|move|p1a: Charizard|Heat Wave|p2b: Sylveon|[spread] p2a,p2b
|-resisted|p2a: Charizard|1
|-damage|p2a: Charizard|8/100
|-damage|p2b: Sylveon|42/100
|move|p2a: Charizard|Heat Wave|p1b: Garchomp|[spread] p1a
|-miss|p2a: Charizard|p1b: Garchomp
|-resisted|p1a: Charizard|1
|-damage|p1a: Charizard|37/100
|
|-weather|none
|upkeep
|turn|6
|inactive|14#coder9 has 30 seconds left.
|
|t:|1785969294
|switch|p2b: Garchomp|Garchomp, L50, M|100/100
|move|p1b: Garchomp|Earthquake|p2a: Charizard|[spread] p2b
|-immune|p1a: Charizard
|-immune|p2a: Charizard
|-damage|p2b: Garchomp|49/100
|-damage|p1b: Garchomp|90/100|[from] item: Life Orb
|move|p1a: Charizard|Heat Wave|p2a: Charizard|[spread] p2a,p2b
|-resisted|p2a: Charizard|1
|-resisted|p2b: Garchomp|1
|-damage|p2a: Charizard|0 fnt
|-damage|p2b: Garchomp|26/100
|faint|p2a: Charizard
|
|-sideend|p1: 14#coder9|move: Tailwind
|upkeep
|
|t:|1785969304
|switch|p2a: Sylveon|Sylveon, L50, F|42/100
|turn|7
|
|t:|1785969313
|switch|p1b: Incineroar|Incineroar, L50, M|73/100
|-ability|p1b: Incineroar|Intimidate|boost
|-unboost|p2a: Sylveon|atk|1
|-unboost|p2b: Garchomp|atk|1
|move|p1a: Charizard|Protect|p1a: Charizard
|-singleturn|p1a: Charizard|Protect
|move|p2b: Garchomp|Dragon Claw|p1b: Incineroar
|-damage|p1b: Incineroar|40/100
|-damage|p2b: Garchomp|16/100|[from] item: Life Orb
|move|p2a: Sylveon|Hyper Voice|p1a: Charizard|[spread] p1b
|-activate|p1a: Charizard|move: Protect
|-damage|p1b: Incineroar|1/100
|
|upkeep
|turn|8
|
|t:|1785969331
|move|p2b: Garchomp|Protect|p2b: Garchomp
|-singleturn|p2b: Garchomp|Protect
|move|p2a: Sylveon|Protect|p2a: Sylveon
|-singleturn|p2a: Sylveon|Protect
|move|p1b: Incineroar|Fake Out|p2b: Garchomp
|-activate|p2b: Garchomp|move: Protect
|move|p1a: Charizard|Heat Wave|p2b: Garchomp|[spread] 
|-activate|p2a: Sylveon|move: Protect
|-activate|p2b: Garchomp|move: Protect
|
|upkeep
|turn|9
|
|t:|1785969355
|move|p2b: Garchomp|Rock Slide|p1b: Incineroar|[spread] p1a,p1b
|-supereffective|p1a: Charizard|2
|-supereffective|p1b: Incineroar|1
|-damage|p1a: Charizard|0 fnt
|-damage|p1b: Incineroar|0 fnt
|faint|p1a: Charizard
|faint|p1b: Incineroar
|-damage|p2b: Garchomp|7/100|[from] item: Life Orb
|move|p2a: Sylveon|Hyper Voice|p1: Charizard|[notarget]
|-fail|p2a: Sylveon
|
|upkeep
|
|t:|1785969365
|switch|p1b: Garchomp|Garchomp, L50, F, shiny|90/100
|turn|10
|
|t:|1785969371
|move|p2a: Sylveon|Quick Attack|p1b: Garchomp
|-supereffective|p1b: Garchomp|1
|-damage|p1b: Garchomp|72/100
|-damage|p2a: Sylveon|30/100|[from] ability: Rough Skin|[of] p1b: Garchomp
|move|p1b: Garchomp|Earthquake|p2b: Garchomp|[spread] p2a,p2b
|-damage|p2a: Sylveon|0 fnt
|-damage|p2b: Garchomp|0 fnt
|faint|p2a: Sylveon
|faint|p2b: Garchomp
|-damage|p1b: Garchomp|63/100|[from] item: Life Orb
|
|win|14#coder9
||marcosdeltasena31 is ready for game 2.
|inactive|14#coder9 has 30 seconds to confirm battle start!
|inactive|14#coder9 has 20 seconds to confirm battle start!
|inactive|14#coder9 has 10 seconds to confirm battle start!
||14#coder9 is ready for game 2.
|uhtml|next|Next: Game 2 of 3
|l|☆marcosdeltasena31
|player|p2|
