|j|☆dotKuro
|j|‽Livnlarge27
|html|dotKuroLivnlarge27    
|uhtml|bestof|Game 3 of a best-of-3
|t:|1755092254
|gametype|doubles
|player|p1|dotKuro|2|1258
|player|p2|Livnlarge27|red|1277
|gen|9
|tier|[Gen 9] VGC 2025 Reg H (Bo3)
|rated|
|rule|Species Clause: Limit one of each Pokémon
|rule|Item Clause: Limit 1 of each item
|clearpoke
|poke|p1|Garchomp, L50, M|
|poke|p1|Gholdengo, L50|
|poke|p1|Tyranitar, L50, M|
|poke|p1|Incineroar, L50, M|
|poke|p1|Amoonguss, L50, F|
|poke|p1|Talonflame, L50, M|
|poke|p2|Blastoise, L50, F|
|poke|p2|Dragapult, L50, M|
|poke|p2|Indeedee-F, L50, F|
|poke|p2|Sneasler, L50, F|
|poke|p2|Armarouge, L50, F|
|poke|p2|Whimsicott, L50, F|
|teampreview|4
|showteam|p1|Garchomp||LifeOrb|RoughSkin|DragonClaw,StompingTantrum,Earthquake,Protect|||M|||50|,,,,,Fire]Gholdengo||MetalCoat|GoodasGold|MakeItRain,ShadowBall,NastyPlot,Protect||||||50|,,,,,Flying]Tyranitar||AssaultVest|SandStream|KnockOff,RockSlide,TeraBlast,LowKick|||M|||50|,,,,,Flying]Incineroar||SafetyGoggles|Intimidate|FakeOut,KnockOff,FlareBlitz,PartingShot|||M|||50|,,,,,Grass]Amoonguss||SitrusBerry|Regenerator|PollenPuff,Spore,RagePowder,Protect|||F|||50|,,,,,Water]Talonflame||CovertCloak|GaleWings|WillOWisp,BraveBird,Tailwind,Protect|||M|||50|,,,,,Grass
|showteam|p2|Blastoise||MysticWater|Torrent|Protect,WaterSpout,HydroCannon,ShellSmash|||F|||50|,,,,,Water]Dragapult||ChoiceBand|ClearBody|DragonDarts,Uturn,PhantomForce,Outrage|||M|||50|,,,,,Dragon]Indeedee-F||SafetyGoggles|PsychicSurge|Imprison,FollowMe,HelpingHand,TrickRoom|||F|||50|,,,,,Fairy]Sneasler||PsychicSeed|Unburden|FakeOut,CloseCombat,DireClaw,ThroatChop|||F|||50|,,,,,Dark]Armarouge||LifeOrb|FlashFire|ExpandingForce,ArmorCannon,ClearSmog,AuraSphere|||F|||50|,,,,,Grass]Whimsicott||FocusSash|Prankster|Tailwind,Moonblast,Encore,EnergyBall|||F|||50|,,,,,Ghost
|inactive|Battle timer is ON: inactive players will automatically lose when time's up. (requested by Livnlarge27)
|
|t:|1755092276
|teamsize|p1|4
|teamsize|p2|4
|start
|switch|p1a: Talonflame|Talonflame, L50, M|100/100
|switch|p1b: Gholdengo|Gholdengo, L50|100/100
|switch|p2a: Blastoise|Blastoise, L50, F|100/100
|switch|p2b: Indeedee|Indeedee-F, L50, F|100/100
|-fieldstart|move: Psychic Terrain|[from] ability: Psychic Surge|[of] p2b: Indeedee
|turn|1
|inactive|dotKuro has 30 seconds left.
|inactive|dotKuro has 20 seconds left.
|inactive|dotKuro has 15 seconds left.
|inactive|dotKuro has 10 seconds left.
|inactive|dotKuro has 5 seconds left.
|
|t:|1755092329
|switch|p1a: Incineroar|Incineroar, L50, M|100/100
|-ability|p1a: Incineroar|Intimidate|boost
|-unboost|p2a: Blastoise|atk|1
|-unboost|p2b: Indeedee|atk|1
|-terastallize|p2a: Blastoise|Water
|move|p2b: Indeedee|Helping Hand|p2a: Blastoise
|-singleturn|p2a: Blastoise|Helping Hand|[of] p2b: Indeedee
|move|p1b: Gholdengo|Make It Rain|p2a: Blastoise|[spread] p2a,p2b
|-resisted|p2a: Blastoise
|-damage|p2a: Blastoise|68/100
|-damage|p2b: Indeedee|36/100
|-unboost|p1b: Gholdengo|spa|1
|move|p2a: Blastoise|Water Spout|p1b: Gholdengo|[spread] p1a,p1b
|-supereffective|p1a: Incineroar
|-damage|p1a: Incineroar|0 fnt
|-damage|p1b: Gholdengo|11/100
|faint|p1a: Incineroar
|
|upkeep
|
|t:|1755092347
|switch|p1a: Garchomp|Garchomp, L50, M|100/100
|turn|2
|inactive|dotKuro has 30 seconds left.
|
|t:|1755092375
|-terastallize|p1b: Gholdengo|Flying
|move|p2a: Blastoise|Protect|p2a: Blastoise
|-singleturn|p2a: Blastoise|Protect
|move|p1a: Garchomp|Earthquake|p2b: Indeedee|[spread] p2b
|-activate|p2a: Blastoise|move: Protect
|-immune|p1b: Gholdengo
|-damage|p2b: Indeedee|0 fnt
|faint|p2b: Indeedee
|-damage|p1a: Garchomp|91/100|[from] item: Life Orb
|move|p1b: Gholdengo|Make It Rain|p2a: Blastoise
|-activate|p2a: Blastoise|move: Protect
|
|upkeep
|
|t:|1755092382
|switch|p2b: Dragapult|Dragapult, L50, M|100/100
|turn|3
|
|t:|1755092403
|switch|p2a: Sneasler|Sneasler, L50, F|100/100
|-enditem|p2a: Sneasler|Psychic Seed
|-boost|p2a: Sneasler|spd|1|[from] item: Psychic Seed
|move|p1a: Garchomp|Protect|p1a: Garchomp
|-singleturn|p1a: Garchomp|Protect
|move|p2b: Dragapult|Dragon Darts|p1b: Gholdengo
|-damage|p1b: Gholdengo|0 fnt
|faint|p1b: Gholdengo
|
|upkeep
|
|t:|1755092412
|switch|p1b: Talonflame|Talonflame, L50, M|100/100
|turn|4
|inactive|Livnlarge27 has 30 seconds left.
|
|t:|1755092440
|move|p1b: Talonflame|Tailwind|p1b: Talonflame
|-sidestart|p1: dotKuro|move: Tailwind
|move|p2a: Sneasler|Close Combat|p1a: Garchomp
|-damage|p1a: Garchomp|19/100
|-unboost|p2a: Sneasler|def|1
|-unboost|p2a: Sneasler|spd|1
|-damage|p2a: Sneasler|88/100|[from] ability: Rough Skin|[of] p1a: Garchomp
|move|p1a: Garchomp|Dragon Claw|p2b: Dragapult
|-supereffective|p2b: Dragapult
|-damage|p2b: Dragapult|0 fnt
|faint|p2b: Dragapult
|-damage|p1a: Garchomp|9/100|[from] item: Life Orb
|
|upkeep
|
|t:|1755092445
|switch|p2b: Blastoise|Blastoise, L50, F, tera:Water|68/100
|turn|5
|inactive|dotKuro has 30 seconds left.
|inactive|Livnlarge27 has 30 seconds left.
|
|t:|1755092475
|move|p1b: Talonflame|Protect|p1b: Talonflame
|-singleturn|p1b: Talonflame|Protect
|move|p1a: Garchomp|Protect|p1a: Garchomp
|-singleturn|p1a: Garchomp|Protect
|move|p2a: Sneasler|Close Combat|p1a: Garchomp
|-activate|p1a: Garchomp|move: Protect
|move|p2b: Blastoise|Water Spout|p1a: Garchomp|[spread] 
|-activate|p1a: Garchomp|move: Protect
|-activate|p1b: Talonflame|move: Protect
|
|-fieldend|move: Psychic Terrain
|upkeep
|turn|6
|
|t:|1755092490
|move|p1b: Talonflame|Brave Bird|p2a: Sneasler
|-supereffective|p2a: Sneasler
|-damage|p2a: Sneasler|0 fnt
|faint|p2a: Sneasler
|-damage|p1b: Talonflame|75/100|[from] Recoil
|move|p1a: Garchomp|Earthquake|p2b: Blastoise|[spread] p2b
|-immune|p1b: Talonflame
|-damage|p2b: Blastoise|6/100
|-damage|p1a: Garchomp|0 fnt|[from] item: Life Orb
|faint|p1a: Garchomp
|move|p2b: Blastoise|Hydro Cannon|p1b: Talonflame
|-supereffective|p1b: Talonflame
|-damage|p1b: Talonflame|0 fnt
|-mustrecharge|p2b: Blastoise
|faint|p1b: Talonflame
|
|win|Livnlarge27
|raw|dotKuro's rating: 1258 → 1234(-24 for losing)
|raw|Livnlarge27's rating: 1277 → 1301(+24 for winning)
