|j|☆mmaaxxkk
|j|☆SirNeru
|html|mmaaxxkkSirNeru    
|uhtml|bestof|Game 2 of a best-of-3
|t:|1757181590
|gametype|doubles
|player|p1|mmaaxxkk|waitress-gen4|1036
|player|p2|SirNeru|2|1201
|gen|9
|tier|[Gen 9] VGC 2025 Reg H (Bo3)
|rated|
|rule|Species Clause: Limit one of each Pokémon
|rule|Item Clause: Limit 1 of each item
|clearpoke
|poke|p1|Corviknight, L50, M|
|poke|p1|Garchomp, L50, F|
|poke|p1|Sneasler, L50, M|
|poke|p1|Incineroar, L50, M|
|poke|p1|Amoonguss, L50, M|
|poke|p1|Primarina, L50, F|
|poke|p2|Gholdengo, L50|
|poke|p2|Primarina, L50, M|
|poke|p2|Tyranitar, L50, F|
|poke|p2|Electabuzz, L50, F|
|poke|p2|Excadrill, L50, M|
|poke|p2|Dragonite, L50, M|
|teampreview|4
|showteam|p1|Corviknight||CovertCloak|MirrorArmor|BraveBird,BulkUp,Roost,Tailwind|||M|||50|,,,,,Poison]Garchomp||ClearAmulet|RoughSkin|Protect,EarthPower,StompingTantrum,DragonClaw|||F|||50|,,,,,Fairy]Sneasler||FocusSash|Unburden|CloseCombat,Protect,DireClaw,Taunt|||M|||50|,,,,,Stellar]Incineroar||AssaultVest|Intimidate|FakeOut,Uturn,FlareBlitz,KnockOff|||M|||50|,,,,,Bug]Amoonguss||SitrusBerry|Regenerator|Protect,PollenPuff,RagePowder,Spore|||M|||50|,,,,,Psychic]Primarina||ThroatSpray|LiquidVoice|HyperVoice,Moonblast,Protect,Haze|||F|||50|,,,,,Grass
|showteam|p2|Gholdengo||LifeOrb|GoodasGold|MakeItRain,NastyPlot,Protect,ShadowBall||||||50|,,,,,Dragon]Primarina||ThroatSpray|LiquidVoice|Moonblast,HyperVoice,Protect,IceBeam|||M|||50|,,,,,Poison]Tyranitar||AssaultVest|SandStream|RockSlide,IcyWind,KnockOff,TeraBlast|||F|||50|,,,,,Flying]Electabuzz||Eviolite|VitalSpirit|FollowMe,Electroweb,Taunt,Protect|||F|||50|,,,,,Ghost]Excadrill||FocusSash|SandRush|Earthquake,SwordsDance,RockSlide,Protect|||M|||50|,,,,,Stellar]Dragonite||LoadedDice|Multiscale|ScaleShot,Tailwind,Haze,IceSpinner|||M|||50|,,,,,Fairy
|
|t:|1757181630
|teamsize|p1|4
|teamsize|p2|4
|start
|switch|p1a: Corviknight|Corviknight, L50, M|100/100
|switch|p1b: Incineroar|Incineroar, L50, M|100/100
|switch|p2a: Primarina|Primarina, L50, M, shiny|100/100
|switch|p2b: Dragonite|Dragonite, L50, M|100/100
|-ability|p1b: Incineroar|Intimidate|boost
|-unboost|p2a: Primarina|atk|1
|-unboost|p2b: Dragonite|atk|1
|turn|1
|
|t:|1757181670
|move|p1b: Incineroar|Fake Out|p2a: Primarina
|-damage|p2a: Primarina|81/100
|move|p2b: Dragonite|Tailwind|p2b: Dragonite
|-sidestart|p2: SirNeru|move: Tailwind
|cant|p2a: Primarina|flinch
|move|p1a: Corviknight|Bulk Up|p1a: Corviknight
|-boost|p1a: Corviknight|atk|1
|-boost|p1a: Corviknight|def|1
|
|upkeep
|turn|2
|
|t:|1757181694
|switch|p1b: Sneasler|Sneasler, L50, M|100/100
|move|p2b: Dragonite|Haze|p2b: Dragonite
|-clearallboost
|move|p2a: Primarina|Hyper Voice|p1a: Corviknight|[spread] p1a,p1b
|-damage|p1a: Corviknight|72/100
|-damage|p1b: Sneasler|46/100
|-enditem|p2a: Primarina|Throat Spray
|-boost|p2a: Primarina|spa|1|[from] item: Throat Spray
|move|p1a: Corviknight|Tailwind|p1a: Corviknight
|-sidestart|p1: mmaaxxkk|move: Tailwind
|
|upkeep
|turn|3
|
|t:|1757181723
|move|p1b: Sneasler|Protect|p1b: Sneasler
|-singleturn|p1b: Sneasler|Protect
|move|p2a: Primarina|Protect|p2a: Primarina
|-singleturn|p2a: Primarina|Protect
|move|p2b: Dragonite|Scale Shot|p1b: Sneasler
|-activate|p1b: Sneasler|move: Protect
|move|p1a: Corviknight|Brave Bird|p2b: Dragonite
|-damage|p2b: Dragonite|80/100
|-damage|p1a: Corviknight|67/100|[from] Recoil
|
|upkeep
|turn|4
|
|t:|1757181737
|switch|p2a: Tyranitar|Tyranitar, L50, F, shiny|100/100
|-weather|Sandstorm|[from] ability: Sand Stream|[of] p2a: Tyranitar
|move|p1b: Sneasler|Dire Claw|p2a: Tyranitar
|-resisted|p2a: Tyranitar
|-damage|p2a: Tyranitar|84/100
|move|p2b: Dragonite|Scale Shot|p1b: Sneasler
|-damage|p1b: Sneasler|20/100
|-damage|p1b: Sneasler|0 fnt
|faint|p1b: Sneasler
|-hitcount|p1: Sneasler|2
|-unboost|p2b: Dragonite|def|1
|-boost|p2b: Dragonite|spe|1
|move|p1a: Corviknight|Bulk Up|p1a: Corviknight
|-boost|p1a: Corviknight|atk|1
|-boost|p1a: Corviknight|def|1
|
|-weather|Sandstorm|[upkeep]
|-damage|p2b: Dragonite|74/100|[from] Sandstorm
|-sideend|p2: SirNeru|move: Tailwind
|upkeep
|inactive|Battle timer is ON: inactive players will automatically lose when time's up. (requested by SirNeru)
|
|t:|1757181749
|switch|p1b: Garchomp|Garchomp, L50, F|100/100
|turn|5
|inactive|mmaaxxkk has 30 seconds left.
|inactive|SirNeru has 30 seconds left.
|inactive|mmaaxxkk has 20 seconds left.
|
|t:|1757181790
|-terastallize|p1b: Garchomp|Fairy
|-terastallize|p2a: Tyranitar|Flying
|move|p1b: Garchomp|Stomping Tantrum|p2a: Tyranitar
|-immune|p2a: Tyranitar
|move|p2b: Dragonite|Tailwind|p2b: Dragonite
|-sidestart|p2: SirNeru|move: Tailwind
|move|p1a: Corviknight|Roost|p1a: Corviknight
|-heal|p1a: Corviknight|100/100
|-singleturn|p1a: Corviknight|move: Roost
|move|p2a: Tyranitar|Knock Off|p1b: Garchomp
|-resisted|p1b: Garchomp
|-damage|p1b: Garchomp|73/100
|-damage|p2a: Tyranitar|72/100|[from] ability: Rough Skin|[of] p1b: Garchomp
|-enditem|p1b: Garchomp|Clear Amulet|[from] move: Knock Off|[of] p2a: Tyranitar
|
|-weather|Sandstorm|[upkeep]
|-damage|p2b: Dragonite|68/100|[from] Sandstorm
|-damage|p1b: Garchomp|67/100|[from] Sandstorm
|-damage|p2a: Tyranitar|66/100|[from] Sandstorm
|-sideend|p1: mmaaxxkk|move: Tailwind
|upkeep
|turn|6
|inactive|mmaaxxkk has 30 seconds left.
|inactive|SirNeru has 30 seconds left.
|inactive|SirNeru has 20 seconds left.
|
|t:|1757181827
|move|p1b: Garchomp|Protect|p1b: Garchomp
|-singleturn|p1b: Garchomp|Protect
|move|p2b: Dragonite|Ice Spinner|p1a: Corviknight
|-damage|p1a: Corviknight|82/100
|move|p2a: Tyranitar|Icy Wind|p1a: Corviknight|[spread] p1a
|-activate|p1b: Garchomp|move: Protect
|-damage|p1a: Corviknight|77/100
|move|p1a: Corviknight|Tailwind|p1a: Corviknight
|-sidestart|p1: mmaaxxkk|move: Tailwind
|
|-weather|Sandstorm|[upkeep]
|-damage|p2b: Dragonite|62/100|[from] Sandstorm
|-damage|p1b: Garchomp|61/100|[from] Sandstorm
|-damage|p2a: Tyranitar|60/100|[from] Sandstorm
|upkeep
|turn|7
|
|t:|1757181851
|move|p2b: Dragonite|Haze|p2b: Dragonite
|-clearallboost
|move|p1b: Garchomp|Dragon Claw|p2b: Dragonite
|-supereffective|p2b: Dragonite
|-damage|p2b: Dragonite|0 fnt
|faint|p2b: Dragonite
|move|p1a: Corviknight|Bulk Up|p1a: Corviknight
|-boost|p1a: Corviknight|atk|1
|-boost|p1a: Corviknight|def|1
|move|p2a: Tyranitar|Icy Wind|p1b: Garchomp|[spread] p1a,p1b
|-crit|p1b: Garchomp
|-damage|p1a: Corviknight|71/100
|-damage|p1b: Garchomp|46/100
|-unboost|p1b: Garchomp|spe|1
|
|-weather|Sandstorm|[upkeep]
|-damage|p1b: Garchomp|40/100|[from] Sandstorm
|-damage|p2a: Tyranitar|54/100|[from] Sandstorm
|upkeep
|
|t:|1757181877
|switch|p2b: Primarina|Primarina, L50, M, shiny|81/100
|turn|8
|inactive|mmaaxxkk has 30 seconds left.
|
|t:|1757181907
|switch|p2a: Excadrill|Excadrill, L50, M, shiny|100/100
|move|p1b: Garchomp|Protect|p1b: Garchomp
|-singleturn|p1b: Garchomp|Protect
|move|p2b: Primarina|Hyper Voice|p1a: Corviknight|[spread] p1a
|-activate|p1b: Garchomp|move: Protect
|-damage|p1a: Corviknight|45/100
|move|p1a: Corviknight|Brave Bird|p2b: Primarina
|-damage|p2b: Primarina|6/100
|-damage|p1a: Corviknight|26/100|[from] Recoil
|
|-weather|none
|-sideend|p2: SirNeru|move: Tailwind
|upkeep
|turn|9
|inactive|mmaaxxkk has 30 seconds left.
|
|t:|1757181938
|move|p2a: Excadrill|Protect|p2a: Excadrill
|-singleturn|p2a: Excadrill|Protect
|move|p1b: Garchomp|Stomping Tantrum|p2a: Excadrill
|-activate|p2a: Excadrill|move: Protect
|move|p1a: Corviknight|Roost|p1a: Corviknight
|-heal|p1a: Corviknight|76/100
|-singleturn|p1a: Corviknight|move: Roost
|move|p2b: Primarina|Hyper Voice|p1b: Garchomp|[spread] p1a,p1b
|-damage|p1a: Corviknight|51/100
|-damage|p1b: Garchomp|0 fnt
|faint|p1b: Garchomp
|
|-sideend|p1: mmaaxxkk|move: Tailwind
|upkeep
|
|t:|1757181948
|switch|p1b: Incineroar|Incineroar, L50, M|100/100
|-ability|p1b: Incineroar|Intimidate|boost
|-unboost|p2a: Excadrill|atk|1
|-unboost|p2b: Primarina|atk|1
|turn|10
|
|t:|1757181965
|switch|p2a: Tyranitar|Tyranitar, L50, F, shiny, tera:Flying|54/100
|-weather|Sandstorm|[from] ability: Sand Stream|[of] p2a: Tyranitar
|move|p1b: Incineroar|Fake Out|p2a: Tyranitar
|-damage|p2a: Tyranitar|43/100
|move|p2b: Primarina|Hyper Voice|p1b: Incineroar|[spread] p1a,p1b
|-supereffective|p1b: Incineroar
|-damage|p1a: Corviknight|26/100
|-damage|p1b: Incineroar|52/100
|move|p1a: Corviknight|Brave Bird|p2a: Tyranitar
|-damage|p2a: Tyranitar|0 fnt
|faint|p2a: Tyranitar
|-damage|p1a: Corviknight|12/100|[from] Recoil
|
|-weather|Sandstorm|[upkeep]
|-damage|p2b: Primarina|0 fnt|[from] Sandstorm
|-damage|p1b: Incineroar|46/100|[from] Sandstorm
|faint|p2b: Primarina
|upkeep
|
|t:|1757181968
|switch|p2b: Excadrill|Excadrill, L50, M, shiny|100/100
|turn|11
|inactive|mmaaxxkk has 30 seconds left.
|
|t:|1757181999
|move|p2b: Excadrill|Rock Slide|p1b: Incineroar|[spread] p1b
|-miss|p2b: Excadrill|p1a: Corviknight
|-supereffective|p1b: Incineroar
|-damage|p1b: Incineroar|8/100
|move|p1a: Corviknight|Roost|p1a: Corviknight
|-heal|p1a: Corviknight|62/100
|-singleturn|p1a: Corviknight|move: Roost
|move|p1b: Incineroar|Flare Blitz|p2b: Excadrill
|-supereffective|p2b: Excadrill
|-enditem|p2b: Excadrill|Focus Sash
|-damage|p2b: Excadrill|1/100
|-damage|p1b: Incineroar|0 fnt|[from] Recoil
|faint|p1b: Incineroar
|
|-weather|Sandstorm|[upkeep]
|upkeep
|turn|12
|
|t:|1757182006
|move|p2b: Excadrill|Rock Slide|p1a: Corviknight|[miss]
|-miss|p2b: Excadrill|p1a: Corviknight
|move|p1a: Corviknight|Brave Bird|p2b: Excadrill
|-resisted|p2b: Excadrill
|-damage|p2b: Excadrill|0 fnt
|faint|p2b: Excadrill
|-damage|p1a: Corviknight|62/100|[from] Recoil
|
|win|mmaaxxkk
|raw|mmaaxxkk's rating: 1036 → 1086(+50 for winning)
|raw|SirNeru's rating: 1201 → 1165(-36 for losing)
|c|☆mmaaxxkk|gg
|l|☆SirNeru
|player|p2|
