|j|☆Hekistito
|j|☆gianlucone
|html|Hekistitogianlucone    
|uhtml|bestof|Game 2 of a best-of-3
|t:|1783028456
|gametype|doubles
|player|p1|Hekistito|1|1071
|player|p2|gianlucone|265|1149
|gen|9
|tier|[Gen 9 Champions] VGC 2026 Reg M-B (Bo3)
|rated|
|rule|Species Clause: Limit one of each Pokémon
|rule|Item Clause: Limit 1 of each item
|clearpoke
|poke|p1|Metagross, L50|
|poke|p1|Venusaur, L50, F|
|poke|p1|Garchomp, L50, M|
|poke|p1|Sylveon, L50, M|
|poke|p1|Farigiraf, L50, M|
|poke|p1|Talonflame, L50, F|
|poke|p2|Staraptor, L50, M|
|poke|p2|Grimmsnarl, L50, M|
|poke|p2|Incineroar, L50, F|
|poke|p2|Sinistcha, L50|
|poke|p2|Excadrill, L50, M|
|poke|p2|Primarina, L50, M|
|teampreview|4
|showteam|p1|Metagross||Metagrossite|ClearBody|IronHead,PsychicFangs,IcePunch,Protect|Jolly|||||50|]Venusaur||Venusaurite|Overgrow|SludgeBomb,Protect,EarthPower,GigaDrain|Modest||F|||50|]Garchomp||LifeOrb|RoughSkin|DragonClaw,Earthquake,Protect,RockSlide|Jolly||M|||50|]Sylveon||FairyFeather|Pixilate|HyperVoice,QuickAttack,HyperBeam,Detect|Modest||M|||50|]Farigiraf||SitrusBerry|ArmorTail|Thunderbolt,HelpingHand,TwinBeam,TrickRoom|Bold||M|||50|]Talonflame||FocusSash|GaleWings|Tailwind,Protect,FlareBlitz,DualWingbeat|Jolly||F|||50|
|showteam|p2|Staraptor||Staraptite|Intimidate|CloseCombat,BraveBird,Roost,Protect|Jolly||M|||50|]Grimmsnarl||LightClay|Prankster|Reflect,LightScreen,PartingShot,SpiritBreak|Impish||M|||50|]Incineroar||SitrusBerry|Intimidate|FakeOut,PartingShot,DarkestLariat,FlareBlitz|Impish||F|||50|]Sinistcha||ColburBerry|Hospitality|MatchaGotcha,RagePowder,TrickRoom,ShadowBall|Calm|||||50|]Excadrill||Excadrite|SandRush|HighHorsepower,IronHead,RockSlide,Protect|Adamant||M|||50|]Primarina||LifeOrb|LiquidVoice|HyperVoice,Moonblast,IceBeam,Protect|Modest||M|||50|
|inactive|Battle timer is ON: inactive players will automatically lose when time's up. (requested by gianlucone)
|
|t:|1783028475
|teamsize|p1|4
|teamsize|p2|4
|start
|switch|p1a: Venusaur|Venusaur, L50, F|100/100
|switch|p1b: Sylveon|Sylveon, L50, M|100/100
|switch|p2a: Grimmsnarl|Grimmsnarl, L50, M|100/100
|switch|p2b: Incineroar|Incineroar, L50, F|100/100
|-ability|p2b: Incineroar|Intimidate|boost
|-unboost|p1a: Venusaur|atk|1
|-unboost|p1b: Sylveon|atk|1
|turn|1
|
|t:|1783028498
|move|p1a: Venusaur|Protect|p1a: Venusaur
|-singleturn|p1a: Venusaur|Protect
|move|p1b: Sylveon|Detect|p1b: Sylveon
|-singleturn|p1b: Sylveon|Protect
|move|p2b: Incineroar|Fake Out|p1b: Sylveon
|-activate|p1b: Sylveon|move: Protect
|move|p2a: Grimmsnarl|Light Screen|p2a: Grimmsnarl
|-sidestart|p2: gianlucone|move: Light Screen
|
|upkeep
|turn|2
|
|t:|1783028516
|switch|p1a: Farigiraf|Farigiraf, L50, M|100/100
|move|p2a: Grimmsnarl|Parting Shot||[still]
|cant|p1a: Farigiraf|ability: Armor Tail|Parting Shot|[of] p2a: Grimmsnarl
|move|p1b: Sylveon|Hyper Beam|p2a: Grimmsnarl
|-supereffective|p2a: Grimmsnarl|1
|-damage|p2a: Grimmsnarl|0 fnt
|-mustrecharge|p1b: Sylveon
|faint|p2a: Grimmsnarl
|move|p2b: Incineroar|Flare Blitz|p1a: Farigiraf
|-damage|p1a: Farigiraf|64/100
|-damage|p2b: Incineroar|87/100|[from] Recoil
|
|upkeep
|
|t:|1783028527
|switch|p2a: Staraptor|Staraptor, L50, M|100/100
|-ability|p2a: Staraptor|Intimidate|boost
|-unboost|p1a: Farigiraf|atk|1
|-unboost|p1b: Sylveon|atk|1
|turn|3
|
|t:|1783028550
|detailschange|p2a: Staraptor|Staraptor-Mega, L50, M
|-mega|p2a: Staraptor|Staraptor|Staraptite
|move|p2a: Staraptor|Brave Bird|p1b: Sylveon
|-damage|p1b: Sylveon|34/100
|-damage|p2a: Staraptor|78/100|[from] Recoil
|cant|p1b: Sylveon|recharge
|move|p2b: Incineroar|Flare Blitz|p1b: Sylveon
|-damage|p1b: Sylveon|0 fnt
|faint|p1b: Sylveon
|-damage|p2b: Incineroar|77/100|[from] Recoil
|move|p1a: Farigiraf|Trick Room|p1a: Farigiraf
|-fieldstart|move: Trick Room|[of] p1a: Farigiraf
|
|upkeep
|
|t:|1783028563
|switch|p1b: Venusaur|Venusaur, L50, F|100/100
|turn|4
|
|t:|1783028575
|detailschange|p1b: Venusaur|Venusaur-Mega, L50, F
|-mega|p1b: Venusaur|Venusaur|Venusaurite
|move|p1a: Farigiraf|Thunderbolt|p2b: Incineroar
|-damage|p2b: Incineroar|65/100
|move|p2b: Incineroar|Parting Shot|p2a: Staraptor
|-boost|p2a: Staraptor|atk|1
|-boost|p2a: Staraptor|spa|1
|
|t:|1783028581
|switch|p2b: Sinistcha|Sinistcha, L50|100/100|[from] Parting Shot
|-heal|p2a: Staraptor|100/100|[from] ability: Hospitality|[of] p2b: Sinistcha
|move|p1b: Venusaur|Earth Power|p2b: Sinistcha
|-resisted|p2b: Sinistcha|1
|-damage|p2b: Sinistcha|89/100
|move|p2a: Staraptor|Close Combat|p1a: Farigiraf
|-damage|p1a: Farigiraf|0 fnt
|-boost|p2a: Staraptor|def|1
|-boost|p2a: Staraptor|spd|1
|faint|p1a: Farigiraf
|
|upkeep
|
|t:|1783028595
|switch|p1a: Talonflame|Talonflame, L50, F|100/100
|turn|5
|
|t:|1783028610
|switch|p2b: Incineroar|Incineroar, L50, F|65/100
|-ability|p2b: Incineroar|Intimidate|boost
|-unboost|p1a: Talonflame|atk|1
|-unboost|p1b: Venusaur|atk|1
|move|p1b: Venusaur|Protect|p1b: Venusaur
|-singleturn|p1b: Venusaur|Protect
|move|p1a: Talonflame|Dual Wingbeat|p2a: Staraptor|[miss]
|-miss|p1a: Talonflame|p2a: Staraptor
|move|p2a: Staraptor|Brave Bird|p1b: Venusaur
|-activate|p1b: Venusaur|move: Protect
|
|upkeep
|turn|6
|-message|Hekistito forfeited.
|
|win|gianlucone
|raw|Hekistito's rating: 1071 → 1055(-16 for losing)
|raw|gianlucone's rating: 1149 → 1168(+19 for winning)
