|j|☆PackOfCamelBlues
|j|☆Klefastra
|html|PackOfCamelBluesKlefastra    
|uhtml|bestof|Game 1 of a best-of-3
|t:|1785618127
|gametype|doubles
|player|p1|PackOfCamelBlues|pryce|
|player|p2|Klefastra|shauntal|
|gen|9
|tier|[Gen 9 Champions] VGC 2026 Reg M-B (Bo3)
|rule|Species Clause: Limit one of each Pokémon
|rule|Item Clause: Limit 1 of each item
|clearpoke
|poke|p1|Sneasler, L50, M|
|poke|p1|Delphox, L50, F|
|poke|p1|Kingambit, L50, F|
|poke|p1|Sinistcha, L50|
|poke|p1|Incineroar, L50, F|
|poke|p1|Blastoise, L50, M|
|poke|p2|Staraptor, L50, M|
|poke|p2|Glimmora, L50, F|
|poke|p2|Whimsicott, L50, F|
|poke|p2|Basculegion, L50, M|
|poke|p2|Ninetales-Alola, L50, F|
|poke|p2|Hydreigon, L50, F|
|teampreview|4
|showteam|p1|Sneasler||FocusSash|PoisonTouch|PoisonJab,QuickGuard,CloseCombat,FakeOut|Jolly||M|||50|]Delphox||Delphoxite|Blaze|HeatWave,Psychic,NastyPlot,Protect|Timid||F|||50|]Kingambit||LifeOrb|Defiant|KowtowCleave,SuckerPunch,SwordsDance,Protect|Adamant||F|||50|]Sinistcha||ColburBerry|Hospitality|MatchaGotcha,RagePowder,TrickRoom,Protect|Bold|||||50|]Incineroar||SitrusBerry|Intimidate|FlareBlitz,HelpingHand,PartingShot,FakeOut|Impish||F|||50|]Blastoise||Blastoisinite|RainDish|WaterSpout,DarkPulse,ShellSmash,Protect|Modest||M|||50|
|showteam|p2|Staraptor||Staraptite|Intimidate|Roost,CloseCombat,BraveBird,Protect|Jolly||M|||50|]Glimmora||Glimmoranite|ToxicDebris|PowerGem,SludgeBomb,EarthPower,SpikyShield|Timid||F|||50|]Whimsicott||FocusSash|Prankster|Tailwind,Charm,Moonblast,Protect|Timid||F|||50|]Basculegion||LifeOrb|Adaptability|WaveCrash,AquaJet,Protect,LastRespects|Jolly||M|||50|]Ninetales-Alola||LightClay|SnowWarning|AuroraVeil,Blizzard,Moonblast,Protect|Timid||F|||50|]Hydreigon||ChoiceScarf|Levitate|DracoMeteor,DarkPulse,Snarl,EarthPower|Modest||F|||50|
|c|☆PackOfCamelBlues|GLHF
|c|☆Klefastra|Glhf
|
|t:|1785618285
|teamsize|p1|4
|teamsize|p2|4
|start
|switch|p1a: Kingambit|Kingambit, L50, F|100/100
|switch|p1b: Incineroar|Incineroar, L50, F|100/100
|switch|p2a: Hydreigon|Hydreigon, L50, F|100/100
|switch|p2b: Basculegion|Basculegion, L50, M|100/100
|-ability|p1b: Incineroar|Intimidate|boost
|-unboost|p2a: Hydreigon|atk|1
|-unboost|p2b: Basculegion|atk|1
|turn|1
|
|t:|1785618331
|switch|p1a: Sinistcha|Sinistcha, L50|100/100
|move|p2b: Basculegion|Protect|p2b: Basculegion
|-singleturn|p2b: Basculegion|Protect
|move|p2a: Hydreigon|Earth Power|p1a: Sinistcha
|-resisted|p1a: Sinistcha|1
|-damage|p1a: Sinistcha|84/100
|move|p1b: Incineroar|Parting Shot|p2a: Hydreigon
|-unboost|p2a: Hydreigon|atk|1
|-unboost|p2a: Hydreigon|spa|1
|
|t:|1785618357
|switch|p1b: Delphox|Delphox, L50, F|100/100|[from] Parting Shot
|
|upkeep
|turn|2
|
|t:|1785618381
|switch|p2a: Whimsicott|Whimsicott, L50, F|100/100
|detailschange|p1b: Delphox|Delphox-Mega, L50, F
|-mega|p1b: Delphox|Delphox|Delphoxite
|move|p1b: Delphox|Heat Wave|p2b: Basculegion|[spread] p2a
|-miss|p1b: Delphox|p2b: Basculegion
|-supereffective|p2a: Whimsicott|1
|-enditem|p2a: Whimsicott|Focus Sash
|-damage|p2a: Whimsicott|1/100
|move|p2b: Basculegion|Last Respects|p1a: Sinistcha
|-supereffective|p1a: Sinistcha|1
|-damage|p1a: Sinistcha|40/100
|-damage|p2b: Basculegion|90/100|[from] item: Life Orb
|move|p1a: Sinistcha|Matcha Gotcha|p2a: Whimsicott|[spread] p2a,p2b
|-resisted|p2a: Whimsicott|1
|-supereffective|p2b: Basculegion|1
|-damage|p2a: Whimsicott|0 fnt
|-heal|p1a: Sinistcha|41/100|[from] drain|[of] p2a: Whimsicott
|-damage|p2b: Basculegion|36/100
|-heal|p1a: Sinistcha|70/100|[from] drain|[of] p2b: Basculegion
|faint|p2a: Whimsicott
|
|upkeep
|
|t:|1785618420
|switch|p2a: Glimmora|Glimmora, L50, F|100/100
|turn|3
|
|t:|1785618446
|switch|p1b: Incineroar|Incineroar, L50, F|100/100
|-ability|p1b: Incineroar|Intimidate|boost
|-unboost|p2a: Glimmora|atk|1
|-unboost|p2b: Basculegion|atk|1
|detailschange|p2a: Glimmora|Glimmora-Mega, L50, F
|-mega|p2a: Glimmora|Glimmora|Glimmoranite
|move|p2a: Glimmora|Power Gem|p1b: Incineroar
|-supereffective|p1b: Incineroar|1
|-damage|p1b: Incineroar|0 fnt
|faint|p1b: Incineroar
|move|p2b: Basculegion|Last Respects|p1a: Sinistcha
|-supereffective|p1a: Sinistcha|1
|-damage|p1a: Sinistcha|6/100
|-damage|p2b: Basculegion|27/100|[from] item: Life Orb
|move|p1a: Sinistcha|Trick Room|p1a: Sinistcha
|-fieldstart|move: Trick Room|[of] p1a: Sinistcha
|
|upkeep
|
|t:|1785618493
|switch|p1b: Kingambit|Kingambit, L50, F|100/100
|turn|4
|
|t:|1785618505
|switch|p2b: Hydreigon|Hydreigon, L50, F|100/100
|move|p2a: Glimmora|Spiky Shield|p2a: Glimmora
|-singleturn|p2a: Glimmora|move: Protect
|move|p1b: Kingambit|Kowtow Cleave|p2a: Glimmora
|-activate|p2a: Glimmora|move: Protect
|-damage|p1b: Kingambit|87/100|[from] Spiky Shield|[of] p2a: Glimmora
|move|p1a: Sinistcha|Matcha Gotcha|p2a: Glimmora|[spread] p2b
|-activate|p2a: Glimmora|move: Protect
|-resisted|p2b: Hydreigon|1
|-damage|p2b: Hydreigon|85/100
|-heal|p1a: Sinistcha|13/100|[from] drain|[of] p2b: Hydreigon
|-status|p2b: Hydreigon|brn
|
|-damage|p2b: Hydreigon|79/100 brn|[from] brn
|upkeep
|turn|5
|
|t:|1785618587
|move|p2a: Glimmora|Spiky Shield|p2a: Glimmora
|-singleturn|p2a: Glimmora|move: Protect
|move|p1a: Sinistcha|Rage Powder|p1a: Sinistcha
|-singleturn|p1a: Sinistcha|move: Rage Powder
|move|p1b: Kingambit|Swords Dance|p1b: Kingambit
|-boost|p1b: Kingambit|atk|2
|move|p2b: Hydreigon|Earth Power|p1a: Sinistcha
|-resisted|p1a: Sinistcha|1
|-damage|p1a: Sinistcha|0 fnt
|faint|p1a: Sinistcha
|
|-damage|p2b: Hydreigon|73/100 brn|[from] brn
|upkeep
|
|t:|1785618601
|switch|p1a: Delphox|Delphox-Mega, L50, F|100/100
|turn|6
|
|t:|1785618622
|switch|p2a: Basculegion|Basculegion, L50, M|27/100
|move|p1b: Kingambit|Kowtow Cleave|p2a: Basculegion
|-supereffective|p2a: Basculegion|1
|-damage|p2a: Basculegion|0 fnt
|faint|p2a: Basculegion
|-damage|p1b: Kingambit|78/100|[from] item: Life Orb
|move|p1a: Delphox|Nasty Plot|p1a: Delphox
|-boost|p1a: Delphox|spa|2
|move|p2b: Hydreigon|Earth Power|p1b: Kingambit
|-supereffective|p1b: Kingambit|1
|-damage|p1b: Kingambit|7/100
|
|-damage|p2b: Hydreigon|67/100 brn|[from] brn
|upkeep
|
|t:|1785618636
|switch|p2a: Glimmora|Glimmora-Mega, L50, F|100/100
|turn|7
|
|t:|1785618648
|move|p1b: Kingambit|Protect|p1b: Kingambit
|-singleturn|p1b: Kingambit|Protect
|move|p2a: Glimmora|Power Gem|p1a: Delphox
|-supereffective|p1a: Delphox|1
|-damage|p1a: Delphox|0 fnt
|faint|p1a: Delphox
|move|p2b: Hydreigon|Earth Power|p1b: Kingambit
|-activate|p1b: Kingambit|move: Protect
|
|-damage|p2b: Hydreigon|61/100 brn|[from] brn
|-fieldend|move: Trick Room
|upkeep
|turn|8
|c|☆PackOfCamelBlues|Gg
|
|t:|1785618664
|move|p1b: Kingambit|Sucker Punch|p2a: Glimmora
|-damage|p2a: Glimmora|0 fnt
|faint|p2a: Glimmora
|-damage|p1b: Kingambit|0 fnt|[from] item: Life Orb
|faint|p1b: Kingambit
|
|win|Klefastra
||PackOfCamelBlues is ready for game 2.
|inactive|Klefastra has 30 seconds to confirm battle start!
|c|☆Klefastra|gg
||Klefastra is ready for game 2.
|uhtml|next|Next: Game 2 of 3
|l|☆PackOfCamelBlues
|player|p1|
|j|☆PackOfCamelBlues
|player|p1|PackOfCamelBlues|pryce|
