|j|☆bennoVGC
|j|☆backonmypittbull
|html|bennoVGCbackonmypittbull    
|uhtml|bestof|Game 3 of a best-of-3
|t:|1756063873
|gametype|doubles
|player|p1|bennoVGC|265|1374
|player|p2|backonmypittbull|n|1362
|gen|9
|tier|[Gen 9] VGC 2025 Reg H (Bo3)
|rated|
|rule|Species Clause: Limit one of each Pokémon
|rule|Item Clause: Limit 1 of each item
|clearpoke
|poke|p1|Ursaluna, L50, M|
|poke|p1|Kilowattrel, L50, F|
|poke|p1|Gholdengo, L50|
|poke|p1|Incineroar, L50, M|
|poke|p1|Amoonguss, L50, F|
|poke|p1|Porygon2, L50|
|poke|p2|Charizard, L50, M|
|poke|p2|Torkoal, L50, F|
|poke|p2|Porygon2, L50|
|poke|p2|Incineroar, L50, F|
|poke|p2|Jumpluff, L50, M|
|poke|p2|Ursaluna, L50, F|
|teampreview|4
|showteam|p1|Ursaluna||FlameOrb|Guts|Facade,HeadlongRush,Earthquake,Protect|||M|||50|,,,,,Fairy]Kilowattrel||FocusSash|Competitive|Thunderbolt,AirSlash,Tailwind,Protect|||F|||50|,,,,,Ghost]Gholdengo||LifeOrb|GoodasGold|MakeItRain,ShadowBall,NastyPlot,Protect||||||50|,,,,,Dragon]Incineroar||AssaultVest|Intimidate|KnockOff,FlareBlitz,Uturn,FakeOut|||M|||50|,,,,,Grass]Amoonguss||MentalHerb|Regenerator|Spore,RagePowder,ClearSmog,Protect|||F|||50|,,,,,Fire]Porygon2||Eviolite|Download|TeraBlast,IceBeam,Recover,TrickRoom||||||50|,,,,,Fairy
|showteam|p2|Charizard||ChoiceSpecs|SolarPower|HeatWave,Overheat,WeatherBall,AirSlash|||M|||50|,,,,,Ghost]Torkoal||EjectPack|Drought|Eruption,Overheat,HelpingHand,Protect|||F|||50|,,,,,Fire]Porygon2||Eviolite|Download|TeraBlast,IceBeam,Recover,TrickRoom||||||50|,,,,,Fighting]Incineroar||SitrusBerry|Intimidate|FlareBlitz,KnockOff,FakeOut,PartingShot|||F|||50|,,,,,Ghost]Jumpluff||CovertCloak|Chlorophyll|SleepPowder,SunnyDay,RagePowder,Tailwind|||M|||50|,,,,,Water]Ursaluna||FlameOrb|Guts|HeadlongRush,Facade,Earthquake,Protect|||F|||50|,,,,,Ghost
|
|t:|1756063937
|teamsize|p1|4
|teamsize|p2|4
|start
|switch|p1a: Mr Worldwide|Gholdengo, L50|100/100
|switch|p1b: 뽀록나|Amoonguss, L50, F, shiny|100/100
|switch|p2a: Porygon2|Porygon2, L50|100/100
|switch|p2b: Charizard|Charizard, L50, M|100/100
|-ability|p2a: Porygon2|Download|boost
|-boost|p2a: Porygon2|spa|1
|turn|1
|
|t:|1756063970
|switch|p2a: Torkoal|Torkoal, L50, F|100/100
|-weather|SunnyDay|[from] ability: Drought|[of] p2a: Torkoal
|-terastallize|p1b: 뽀록나|Fire
|move|p1a: Mr Worldwide|Protect|p1a: Mr Worldwide
|-singleturn|p1a: Mr Worldwide|Protect
|move|p2b: Charizard|Heat Wave|p1a: Mr Worldwide|[spread] p1b
|-activate|p1a: Mr Worldwide|move: Protect
|-resisted|p1b: 뽀록나
|-damage|p1b: 뽀록나|47/100
|move|p1b: 뽀록나|Spore|p2b: Charizard
|-status|p2b: Charizard|slp|[from] move: Spore
|
|-weather|SunnyDay|[upkeep]
|-damage|p2b: Charizard|88/100 slp|[from] ability: Solar Power|[of] p2b: Charizard
|upkeep
|turn|2
|
|t:|1756064004
|move|p2a: Torkoal|Protect|p2a: Torkoal
|-singleturn|p2a: Torkoal|Protect
|cant|p2b: Charizard|slp
|move|p1a: Mr Worldwide|Shadow Ball|p2b: Charizard
|-damage|p2b: Charizard|16/100 slp
|-damage|p1a: Mr Worldwide|91/100|[from] item: Life Orb
|move|p1b: 뽀록나|Spore|p2a: Torkoal
|-activate|p2a: Torkoal|move: Protect
|
|-weather|SunnyDay|[upkeep]
|-damage|p2b: Charizard|4/100 slp|[from] ability: Solar Power|[of] p2b: Charizard
|upkeep
|turn|3
|inactive|Battle timer is ON: inactive players will automatically lose when time's up. (requested by bennoVGC)
|
|t:|1756064041
|switch|p2b: Ursaluna|Ursaluna, L50, F|100/100
|switch|p2a: Porygon2|Porygon2, L50|100/100
|-ability|p2a: Porygon2|Download|boost
|-boost|p2a: Porygon2|spa|1
|move|p1a: Mr Worldwide|Protect|p1a: Mr Worldwide
|-singleturn|p1a: Mr Worldwide|Protect
|move|p1b: 뽀록나|Spore|p2a: Porygon2
|-status|p2a: Porygon2|slp|[from] move: Spore
|
|-weather|SunnyDay|[upkeep]
|-status|p2b: Ursaluna|brn|[from] item: Flame Orb
|upkeep
|turn|4
|
|t:|1756064060
|switch|p2a: Charizard|Charizard, L50, M|4/100 slp
|switch|p1b: Pumpy the Grumpy|Incineroar, L50, M, shiny|100/100
|-ability|p1b: Pumpy the Grumpy|Intimidate|boost
|-unboost|p2a: Charizard|atk|1
|-unboost|p2b: Ursaluna|atk|1
|move|p1a: Mr Worldwide|Make It Rain|p2a: Charizard|[spread] p2a,p2b
|-resisted|p2a: Charizard
|-damage|p2a: Charizard|0 fnt
|-damage|p2b: Ursaluna|48/100 brn
|-unboost|p1a: Mr Worldwide|spa|1
|faint|p2a: Charizard
|-damage|p1a: Mr Worldwide|82/100|[from] item: Life Orb
|move|p2b: Ursaluna|Earthquake|p1b: Pumpy the Grumpy|[spread] p1a,p1b
|-supereffective|p1a: Mr Worldwide
|-supereffective|p1b: Pumpy the Grumpy
|-damage|p1a: Mr Worldwide|0 fnt
|-damage|p1b: Pumpy the Grumpy|7/100
|faint|p1a: Mr Worldwide
|
|-weather|SunnyDay|[upkeep]
|-damage|p2b: Ursaluna|42/100 brn|[from] brn
|upkeep
|
|t:|1756064077
|switch|p2a: Porygon2|Porygon2, L50|100/100 slp
|switch|p1a: Dinko|Ursaluna, L50, M|100/100
|-ability|p2a: Porygon2|Download|boost
|-boost|p2a: Porygon2|spa|1
|turn|5
|inactive|backonmypittbull has 30 seconds left.
|inactive|backonmypittbull has 20 seconds left.
|
|t:|1756064113
|switch|p2b: Torkoal|Torkoal, L50, F|100/100
|-terastallize|p2a: Porygon2|Fighting
|move|p1b: Pumpy the Grumpy|Fake Out|p2b: Torkoal
|-damage|p2b: Torkoal|90/100
|move|p1a: Dinko|Facade|p2a: Porygon2
|-damage|p2a: Porygon2|74/100 slp
|cant|p2a: Porygon2|slp
|
|-weather|none
|-status|p1a: Dinko|brn|[from] item: Flame Orb
|upkeep
|turn|6
|inactive|bennoVGC has 30 seconds left.
|
|t:|1756064142
|move|p1b: Pumpy the Grumpy|Knock Off|p2a: Porygon2
|-resisted|p2a: Porygon2
|-damage|p2a: Porygon2|58/100 slp
|-enditem|p2a: Porygon2|Eviolite|[from] move: Knock Off|[of] p1b: Pumpy the Grumpy
|move|p1a: Dinko|Facade|p2a: Porygon2
|-damage|p2a: Porygon2|0 fnt
|faint|p2a: Porygon2
|move|p2b: Torkoal|Overheat|p1b: Pumpy the Grumpy|[miss]
|-miss|p2b: Torkoal|p1b: Pumpy the Grumpy
|
|-damage|p1a: Dinko|94/100 brn|[from] brn
|upkeep
|
|t:|1756064151
|switch|p2a: Ursaluna|Ursaluna, L50, F|42/100 brn
|turn|7
|
|t:|1756064163
|move|p2a: Ursaluna|Protect|p2a: Ursaluna
|-singleturn|p2a: Ursaluna|Protect
|move|p1b: Pumpy the Grumpy|Knock Off|p2b: Torkoal
|-damage|p2b: Torkoal|58/100
|-enditem|p2b: Torkoal|Eject Pack|[from] move: Knock Off|[of] p1b: Pumpy the Grumpy
|move|p1a: Dinko|Facade|p2a: Ursaluna
|-activate|p2a: Ursaluna|move: Protect
|move|p2b: Torkoal|Eruption|p1a: Dinko|[spread] p1a,p1b
|-resisted|p1b: Pumpy the Grumpy
|-damage|p1a: Dinko|64/100 brn
|-damage|p1b: Pumpy the Grumpy|0 fnt
|faint|p1b: Pumpy the Grumpy
|
|-damage|p1a: Dinko|58/100 brn|[from] brn
|-damage|p2a: Ursaluna|36/100 brn|[from] brn
|upkeep
|
|t:|1756064168
|switch|p1b: 뽀록나|Amoonguss, L50, F, shiny, tera:Fire|80/100
|turn|8
|
|t:|1756064191
|move|p1b: 뽀록나|Rage Powder|p1b: 뽀록나
|-singleturn|p1b: 뽀록나|move: Rage Powder
|move|p1a: Dinko|Earthquake|p2b: Torkoal|[spread] p1b,p2a,p2b
|-supereffective|p1b: 뽀록나
|-supereffective|p2b: Torkoal
|-damage|p1b: 뽀록나|0 fnt
|-damage|p2a: Ursaluna|0 fnt
|-damage|p2b: Torkoal|0 fnt
|faint|p1b: 뽀록나
|faint|p2a: Ursaluna
|faint|p2b: Torkoal
|
|win|bennoVGC
|raw|bennoVGC's rating: 1374 → 1393(+19 for winning)
|raw|backonmypittbull's rating: 1362 → 1343(-19 for losing)
