|j|☆Qicide
|j|☆Pzdns99
|html|QicidePzdns99    
|uhtml|bestof|Game 2 of a best-of-3
|t:|1756845903
|gametype|doubles
|player|p1|Qicide|red|1255
|player|p2|Pzdns99|grimsley|1207
|gen|9
|tier|[Gen 9] VGC 2025 Reg H (Bo3)
|rated|
|rule|Species Clause: Limit one of each Pokémon
|rule|Item Clause: Limit 1 of each item
|clearpoke
|poke|p1|Porygon2, L50|
|poke|p1|Incineroar, L50, F|
|poke|p1|Ursaluna, L50, F|
|poke|p1|Jumpluff, L50, M|
|poke|p1|Charizard, L50, M|
|poke|p1|Torkoal, L50, F|
|poke|p2|Lumineon, L50, F|
|poke|p2|Pelipper, L50, F|
|poke|p2|Archaludon, L50, M|
|poke|p2|Amoonguss, L50, M|
|poke|p2|Kingambit, L50, F|
|poke|p2|Weavile, L50, M|
|teampreview|4
|showteam|p1|Porygon2||Eviolite|Download|TeraBlast,IceBeam,TrickRoom,Recover||||||50|,,,,,Fighting]Incineroar||SitrusBerry|Intimidate|FakeOut,KnockOff,FlareBlitz,PartingShot|||F|||50|,,,,,Ghost]Ursaluna||FlameOrb|Guts|HeadlongRush,Facade,Earthquake,Protect|||F|||50|,,,,,Ghost]Jumpluff||CovertCloak|Chlorophyll|RagePowder,PollenPuff,Tailwind,SleepPowder|||M|||50|,,,,,Water]Charizard||ChoiceSpecs|SolarPower|HeatWave,Overheat,WeatherBall,DragonPulse|||M|||50|,,,,,Ghost]Torkoal||EjectPack|Drought|Overheat,Eruption,HelpingHand,Protect|||F|||50|,,,,,Fire
|showteam|p2|Lumineon||CovertCloak|SwiftSwim|FlipTurn,Tailwind,Encore,RainDance|||F|||50|,,,,,Grass]Pelipper||ChoiceSpecs|Drizzle|Hurricane,MuddyWater,WeatherBall,Uturn|||F|||50|,,,,,Ghost]Archaludon||AssaultVest|Stamina|ElectroShot,BodyPress,Snarl,DracoMeteor|||M|||50|,,,,,Grass]Amoonguss||SitrusBerry|Regenerator|PollenPuff,Protect,RagePowder,Spore|||M|||50|,,,,,Psychic]Kingambit||SafetyGoggles|Defiant|KowtowCleave,SuckerPunch,SwordsDance,Protect|||F|||50|,,,,,Ghost]Weavile||FocusSash|Pickpocket|Taunt,TripleAxel,KnockOff,Protect|||M|||50|,,,,,Ghost
|inactive|Battle timer is ON: inactive players will automatically lose when time's up. (requested by Qicide)
|
|t:|1756845933
|teamsize|p1|4
|teamsize|p2|4
|start
|switch|p1a: Jumpluff|Jumpluff, L50, M|100/100
|switch|p1b: Porygon2|Porygon2, L50, shiny|100/100
|switch|p2a: Archaludon|Archaludon, L50, M|100/100
|switch|p2b: Weavile|Weavile, L50, M|100/100
|-ability|p1b: Porygon2|Download|boost
|-boost|p1b: Porygon2|spa|1
|turn|1
|inactive|Pzdns99 has 30 seconds left.
|inactive|Pzdns99 has 20 seconds left.
|
|t:|1756845968
|move|p1a: Jumpluff|Rage Powder|p1a: Jumpluff
|-singleturn|p1a: Jumpluff|move: Rage Powder
|move|p2b: Weavile|Knock Off|p1a: Jumpluff
|-damage|p1a: Jumpluff|36/100
|-enditem|p1a: Jumpluff|Covert Cloak|[from] move: Knock Off|[of] p2b: Weavile
|move|p2a: Archaludon|Snarl|p1a: Jumpluff|[spread] p1a,p1b
|-damage|p1a: Jumpluff|22/100
|-damage|p1b: Porygon2|92/100
|-unboost|p1a: Jumpluff|spa|1
|-unboost|p1b: Porygon2|spa|1
|move|p1b: Porygon2|Trick Room|p1b: Porygon2
|-fieldstart|move: Trick Room|[of] p1b: Porygon2
|
|upkeep
|turn|2
|inactive|Qicide has 30 seconds left.
|inactive|Pzdns99 has 30 seconds left.
|inactive|Qicide has 20 seconds left.
|inactive|Qicide has 15 seconds left.
|
|t:|1756846013
|switch|p2b: Pelipper|Pelipper, L50, F|100/100
|-weather|RainDance|[from] ability: Drizzle|[of] p2b: Pelipper
|-terastallize|p1b: Porygon2|Fighting
|-terastallize|p2a: Archaludon|Grass
|move|p1b: Porygon2|Tera Blast|p2a: Archaludon|[anim] Tera Blast Fighting
|-damage|p2a: Archaludon|71/100
|-ability|p2a: Archaludon|Stamina|boost
|-boost|p2a: Archaludon|def|1
|move|p2a: Archaludon|Electro Shot||[still]
|-prepare|p2a: Archaludon|Electro Shot
|-boost|p2a: Archaludon|spa|1
|-anim|p2a: Archaludon|Electro Shot|p1b: Porygon2
|-damage|p1b: Porygon2|49/100
|move|p1a: Jumpluff|Sleep Powder|p2b: Pelipper
|-status|p2b: Pelipper|slp|[from] move: Sleep Powder
|
|-weather|RainDance|[upkeep]
|upkeep
|turn|3
|inactive|Pzdns99 has 30 seconds left.
|
|t:|1756846043
|switch|p2b: Lumineon|Lumineon, L50, F|100/100
|switch|p1a: Torkoal|Torkoal, L50, F|100/100
|-weather|SunnyDay|[from] ability: Drought|[of] p1a: Torkoal
|move|p1b: Porygon2|Recover|p1b: Porygon2
|-heal|p1b: Porygon2|99/100
|move|p2a: Archaludon|Electro Shot||[still]
|-prepare|p2a: Archaludon|Electro Shot
|-boost|p2a: Archaludon|spa|1
|
|-weather|SunnyDay|[upkeep]
|upkeep
|turn|4
|
|t:|1756846058
|switch|p2b: Pelipper|Pelipper, L50, F|100/100 slp
|-weather|RainDance|[from] ability: Drizzle|[of] p2b: Pelipper
|move|p1a: Torkoal|Overheat|p2a: Archaludon|[miss]
|-miss|p1a: Torkoal|p2a: Archaludon
|move|p1b: Porygon2|Ice Beam|p2a: Archaludon
|-supereffective|p2a: Archaludon
|-damage|p2a: Archaludon|29/100
|-ability|p2a: Archaludon|Stamina|boost
|-boost|p2a: Archaludon|def|1
|move|p2a: Archaludon|Electro Shot|p1b: Porygon2|[from] lockedmove
|-damage|p1b: Porygon2|42/100
|
|-weather|RainDance|[upkeep]
|upkeep
|turn|5
|
|t:|1756846080
|move|p1a: Torkoal|Overheat|p2a: Archaludon
|-supereffective|p2a: Archaludon
|-damage|p2a: Archaludon|0 fnt
|-unboost|p1a: Torkoal|spa|2
|faint|p2a: Archaludon
|-enditem|p1a: Torkoal|Eject Pack
|
|t:|1756846086
|switch|p1a: Jumpluff|Jumpluff, L50, M|22/100
|move|p1b: Porygon2|Recover|p1b: Porygon2
|-heal|p1b: Porygon2|92/100
|cant|p2b: Pelipper|slp
|
|-weather|RainDance|[upkeep]
|-fieldend|move: Trick Room
|upkeep
|
|t:|1756846091
|switch|p2a: Lumineon|Lumineon, L50, F|100/100
|turn|6
|inactive|Pzdns99 has 30 seconds left.
|
|t:|1756846119
|move|p1a: Jumpluff|Rage Powder|p1a: Jumpluff
|-singleturn|p1a: Jumpluff|move: Rage Powder
|move|p2a: Lumineon|Rain Dance||[still]
|-fail|p2a: Lumineon
|cant|p2b: Pelipper|slp
|move|p1b: Porygon2|Trick Room|p1b: Porygon2
|-fieldstart|move: Trick Room|[of] p1b: Porygon2
|
|-weather|RainDance|[upkeep]
|upkeep
|turn|7
|
|t:|1756846135
|switch|p1a: Torkoal|Torkoal, L50, F|100/100
|-weather|SunnyDay|[from] ability: Drought|[of] p1a: Torkoal
|move|p1b: Porygon2|Ice Beam|p2b: Pelipper
|-damage|p2b: Pelipper|54/100 slp
|-curestatus|p2b: Pelipper|slp|[msg]
|move|p2b: Pelipper|Muddy Water|p1a: Torkoal|[spread] p1a,p1b
|-supereffective|p1a: Torkoal
|-damage|p1a: Torkoal|43/100
|-damage|p1b: Porygon2|78/100
|-unboost|p1a: Torkoal|accuracy|1
|-unboost|p1b: Porygon2|accuracy|1
|move|p2a: Lumineon|Rain Dance|p2a: Lumineon
|-weather|RainDance
|
|-weather|RainDance|[upkeep]
|upkeep
|turn|8
|
|t:|1756846155
|move|p1a: Torkoal|Helping Hand|p1b: Porygon2
|-singleturn|p1b: Porygon2|Helping Hand|[of] p1a: Torkoal
|move|p1b: Porygon2|Ice Beam|p2b: Pelipper
|-damage|p2b: Pelipper|0 fnt
|faint|p2b: Pelipper
|move|p2a: Lumineon|Encore|p1a: Torkoal
|-start|p1a: Torkoal|Encore
|
|-weather|RainDance|[upkeep]
|upkeep
|
|t:|1756846159
|switch|p2b: Weavile|Weavile, L50, M|100/100
|turn|9
|
|t:|1756846178
|switch|p1a: Jumpluff|Jumpluff, L50, M|22/100
|move|p1b: Porygon2|Tera Blast|p2b: Weavile|[anim] Tera Blast Fighting|[miss]
|-miss|p1b: Porygon2|p2b: Weavile
|move|p2b: Weavile|Triple Axel|p1b: Porygon2
|-damage|p1b: Porygon2|71/100
|-damage|p1b: Porygon2|58/100
|-damage|p1b: Porygon2|36/100
|-hitcount|p1b: Porygon2|3
|move|p2a: Lumineon|Flip Turn|p1a: Jumpluff
|-resisted|p1a: Jumpluff
|-damage|p1a: Jumpluff|9/100
|
|-weather|RainDance|[upkeep]
|upkeep
|turn|10
|inactive|Pzdns99 has 30 seconds left.
|inactive|Pzdns99 has 20 seconds left.
|
|t:|1756846215
|switch|p1a: Torkoal|Torkoal, L50, F|43/100
|-weather|SunnyDay|[from] ability: Drought|[of] p1a: Torkoal
|move|p1b: Porygon2|Recover|p1b: Porygon2
|-heal|p1b: Porygon2|86/100
|move|p2a: Lumineon|Rain Dance|p2a: Lumineon
|-weather|RainDance
|move|p2b: Weavile|Triple Axel|p1b: Porygon2
|-damage|p1b: Porygon2|79/100
|-damage|p1b: Porygon2|65/100
|-damage|p1b: Porygon2|43/100
|-hitcount|p1b: Porygon2|3
|
|-weather|RainDance|[upkeep]
|-fieldend|move: Trick Room
|upkeep
|turn|11
|inactive|Qicide has 30 seconds left.
|inactive|Qicide has 20 seconds left.
|inactive|Qicide has 15 seconds left.
|inactive|Qicide has 10 seconds left.
|
|t:|1756846264
|switch|p1b: Ursaluna|Ursaluna, L50, F|100/100
|switch|p1a: Jumpluff|Jumpluff, L50, M|9/100
|move|p2a: Lumineon|Encore||[still]
|-fail|p2a: Lumineon
|move|p2b: Weavile|Knock Off|p1a: Jumpluff
|-damage|p1a: Jumpluff|0 fnt
|faint|p1a: Jumpluff
|
|-weather|RainDance|[upkeep]
|-status|p1b: Ursaluna|brn|[from] item: Flame Orb
|upkeep
|
|t:|1756846276
|switch|p1a: Porygon2|Porygon2, L50, shiny, tera:Fighting|43/100
|-ability|p1a: Porygon2|Download|boost
|-boost|p1a: Porygon2|atk|1
|turn|12
|
|t:|1756846294
|move|p2a: Lumineon|Flip Turn|p1a: Porygon2
|-damage|p1a: Porygon2|27/100
|move|p2b: Weavile|Triple Axel|p1a: Porygon2
|-damage|p1a: Porygon2|19/100
|-damage|p1a: Porygon2|6/100
|-damage|p1a: Porygon2|0 fnt
|faint|p1a: Porygon2
|-hitcount|p1: Porygon2|3
|move|p1b: Ursaluna|Facade|p2a: Lumineon
|-damage|p2a: Lumineon|0 fnt
|faint|p2a: Lumineon
|
|-weather|RainDance|[upkeep]
|-damage|p1b: Ursaluna|95/100 brn|[from] brn
|upkeep
|
|t:|1756846300
|switch|p1a: Torkoal|Torkoal, L50, F|43/100
|-weather|SunnyDay|[from] ability: Drought|[of] p1a: Torkoal
|turn|13
|
|t:|1756846314
|move|p2b: Weavile|Protect|p2b: Weavile
|-singleturn|p2b: Weavile|Protect
|move|p1b: Ursaluna|Protect|p1b: Ursaluna
|-singleturn|p1b: Ursaluna|Protect
|move|p1a: Torkoal|Eruption|p2b: Weavile
|-activate|p2b: Weavile|move: Protect
|
|-weather|SunnyDay|[upkeep]
|-damage|p1b: Ursaluna|89/100 brn|[from] brn
|upkeep
|turn|14
|
|t:|1756846328
|move|p2b: Weavile|Triple Axel|p1b: Ursaluna
|-supereffective|p1b: Ursaluna
|-damage|p1b: Ursaluna|72/100 brn
|-supereffective|p1b: Ursaluna
|-damage|p1b: Ursaluna|39/100 brn
|-supereffective|p1b: Ursaluna
|-damage|p1b: Ursaluna|0 fnt
|faint|p1b: Ursaluna
|-hitcount|p1: Ursaluna|3
|move|p1a: Torkoal|Eruption|p2b: Weavile
|-supereffective|p2b: Weavile
|-enditem|p2b: Weavile|Focus Sash
|-damage|p2b: Weavile|1/100
|
|-weather|SunnyDay|[upkeep]
|upkeep
|turn|15
|
|t:|1756846338
|move|p2b: Weavile|Knock Off|p1a: Torkoal
|-damage|p1a: Torkoal|15/100
|move|p1a: Torkoal|Eruption|p2b: Weavile
|-supereffective|p2b: Weavile
|-damage|p2b: Weavile|0 fnt
|faint|p2b: Weavile
|
|win|Qicide
|raw|Qicide's rating: 1255 → 1277(+22 for winning)
|raw|Pzdns99's rating: 1207 → 1185(-22 for losing)
|c|☆Qicide|gg
