|j|☆Doomnik
|j|‽Twiggy5642
|html|DoomnikTwiggy5642    
|uhtml|bestof|Game 1 of a best-of-3
|t:|1782539838
|gametype|doubles
|player|p1|Doomnik|volkner|1164
|player|p2|Twiggy5642|alder|1070
|gen|9
|tier|[Gen 9 Champions] VGC 2026 Reg M-B (Bo3)
|rated|
|rule|Species Clause: Limit one of each Pokémon
|rule|Item Clause: Limit 1 of each item
|clearpoke
|poke|p1|Hydreigon, L50, F|
|poke|p1|Metagross, L50|
|poke|p1|Garchomp, L50, M|
|poke|p1|Grimmsnarl, L50, M|
|poke|p1|Toxapex, L50, F|
|poke|p1|Charizard, L50, F, shiny|
|poke|p2|Meganium, L50, F|
|poke|p2|Pelipper, L50, M|
|poke|p2|Basculegion-F, L50, F|
|poke|p2|Tsareena, L50, F, shiny|
|poke|p2|Dragonite, L50, M|
|poke|p2|Maushold-Four, L50|
|teampreview|4
|showteam|p1|Hydreigon||ChoiceScarf|Levitate|HeatWave,DarkPulse,Snarl,DracoMeteor|Modest||F|||50|]Metagross||Metagrossite|ClearBody|IronHead,BodyPress,BulletPunch,Protect|Adamant|||||50|]Garchomp||SitrusBerry|RoughSkin|Earthquake,DragonClaw,RockSlide,Protect|Adamant||M|||50|]Grimmsnarl||RoseliBerry|Prankster|PartingShot,Reflect,FakeOut,FoulPlay|Bold||M|||50|]Toxapex||Leftovers|Regenerator|Infestation,BanefulBunker,Toxic,WideGuard|Bold||F|||50|]Charizard||CharizarditeY|Blaze|WeatherBall,Protect,SolarBeam,HeatWave|Modest||F|||50|
|showteam|p2|Meganium||Meganiumite|Overgrow|SolarBeam,DazzlingGleam,WeatherBall,Protect|Modest||F|||50|]Pelipper||DampRock|Drizzle|WeatherBall,Hurricane,WideGuard,Protect|Serious||M|||50|]Basculegion-F||LifeOrb|SwiftSwim|MuddyWater,ShadowBall,FlipTurn,Soak|Timid||F|||50|]Tsareena||ExpertBelt|QueenlyMajesty|PowerWhip,TripleAxel,HelpingHand,Protect|Jolly||F|||50|]Dragonite||Dragoninite|Multiscale|Hurricane,Haze,Tailwind,Thunderbolt|Calm||M|||50|]Maushold-Four||FocusSash|FriendGuard|PopulationBomb,HelpingHand,SuperFang,LowKick|Jolly|||||50|
|inactive|Battle timer is ON: inactive players will automatically lose when time's up. (requested by Doomnik)
|inactive|Doomnik has 60 seconds left.
|inactive|Doomnik has 30 seconds left.
|inactive|Doomnik has 20 seconds left.
|inactive|Doomnik has 15 seconds left.
|inactive|Doomnik has 10 seconds left.
|inactive|Doomnik has 5 seconds left.
|
|t:|1782539924
|teamsize|p1|4
|teamsize|p2|4
|start
|switch|p1a: Toxapex|Toxapex, L50, F|100/100
|switch|p1b: Grimmsnarl|Grimmsnarl, L50, M|100/100
|switch|p2a: Meganium|Meganium, L50, F|100/100
|switch|p2b: Maushold|Maushold-Four, L50|100/100
|turn|1
|
|t:|1782539942
|move|p2a: Meganium|Protect|p2a: Meganium
|-singleturn|p2a: Meganium|Protect
|move|p1b: Grimmsnarl|Fake Out|p2b: Maushold
|-damage|p2b: Maushold|86/100
|cant|p2b: Maushold|flinch
|move|p1a: Toxapex|Toxic|p2a: Meganium
|-activate|p2a: Meganium|move: Protect
|
|upkeep
|turn|2
|inactive|Doomnik has 30 seconds left.
|inactive|Doomnik has 20 seconds left.
|
|t:|1782539982
|detailschange|p2a: Meganium|Meganium-Mega, L50, F
|-mega|p2a: Meganium|Meganium|Meganiumite
|move|p2b: Maushold|Helping Hand|p2a: Meganium
|-singleturn|p2a: Meganium|Helping Hand|[of] p2b: Maushold
|move|p1b: Grimmsnarl|Parting Shot|p2a: Meganium
|-unboost|p2a: Meganium|atk|1
|-unboost|p2a: Meganium|spa|1
|
|t:|1782539988
|switch|p1b: Charizard|Charizard, L50, F, shiny|100/100|[from] Parting Shot
|move|p2a: Meganium|Dazzling Gleam|p1a: Toxapex|[spread] p1a,p1b
|-resisted|p1a: Toxapex|1
|-resisted|p1b: Charizard|1
|-damage|p1a: Toxapex|84/100
|-damage|p1b: Charizard|79/100
|move|p1a: Toxapex|Toxic|p2a: Meganium
|-status|p2a: Meganium|tox
|
|-heal|p1a: Toxapex|90/100|[from] item: Leftovers
|-damage|p2a: Meganium|94/100 tox|[from] psn
|upkeep
|turn|3
|
|t:|1782540011
|move|p1b: Charizard|Protect|p1b: Charizard
|-singleturn|p1b: Charizard|Protect
|move|p2a: Meganium|Protect|p2a: Meganium
|-singleturn|p2a: Meganium|Protect
|move|p2b: Maushold|Population Bomb|p1b: Charizard
|-activate|p1b: Charizard|move: Protect
|move|p1a: Toxapex|Infestation|p2b: Maushold
|-damage|p2b: Maushold|83/100
|-activate|p2b: Maushold|move: Infestation|[of] p1a: Toxapex
|
|-heal|p1a: Toxapex|96/100|[from] item: Leftovers
|-damage|p2a: Meganium|82/100 tox|[from] psn
|-damage|p2b: Maushold|70/100|[from] move: Infestation|[partiallytrapped]
|upkeep
|turn|4
|
|t:|1782540030
|switch|p2a: Pelipper|Pelipper, L50, M|100/100
|-weather|RainDance|[from] ability: Drizzle|[of] p2a: Pelipper
|detailschange|p1b: Charizard|Charizard-Mega-Y, L50, F, shiny
|-mega|p1b: Charizard|Charizard|Charizardite Y
|-weather|SunnyDay|[from] ability: Drought|[of] p1b: Charizard
|move|p2b: Maushold|Super Fang|p1a: Toxapex
|-damage|p1a: Toxapex|48/100
|move|p1b: Charizard|Heat Wave|p2b: Maushold|[spread] p2a,p2b
|-resisted|p2a: Pelipper|1
|-damage|p2a: Pelipper|68/100
|-damage|p2b: Maushold|0 fnt
|faint|p2b: Maushold
|move|p1a: Toxapex|Toxic|p2a: Pelipper
|-status|p2a: Pelipper|tox
|
|-weather|SunnyDay|[upkeep]
|-heal|p1a: Toxapex|54/100|[from] item: Leftovers
|-damage|p2a: Pelipper|62/100 tox|[from] psn
|upkeep
|
|t:|1782540048
|switch|p2b: Basculegion|Basculegion-F, L50, F|100/100
|turn|5
|
|t:|1782540063
|-heal|p1a: Toxapex|87/100|[from] ability: Regenerator|[silent]
|switch|p1a: Grimmsnarl|Grimmsnarl, L50, M|100/100
|move|p2a: Pelipper|Wide Guard|p2a: Pelipper
|-singleturn|p2a: Pelipper|Wide Guard
|move|p1b: Charizard|Solar Beam||[still]
|-prepare|p1b: Charizard|Solar Beam
|-anim|p1b: Charizard|Solar Beam|p2b: Basculegion
|-supereffective|p2b: Basculegion|1
|-damage|p2b: Basculegion|0 fnt
|faint|p2b: Basculegion
|
|-weather|SunnyDay|[upkeep]
|-damage|p2a: Pelipper|50/100g tox|[from] psn
|upkeep
|-message|Twiggy5642 forfeited.
|
|win|Doomnik
|l|‽Twiggy5642
|player|p2|
