|j|☆is_katabo
|j|☆Muichiro25
|html|is_kataboMuichiro25    
|uhtml|bestof|Game 1 of a best-of-3
|t:|1783336198
|gametype|doubles
|player|p1|is_katabo|youngster-gen4dp|1207
|player|p2|Muichiro25|n|1096
|gen|9
|tier|[Gen 9 Champions] VGC 2026 Reg M-B (Bo3)
|rated|
|rule|Species Clause: Limit one of each Pokémon
|rule|Item Clause: Limit 1 of each item
|clearpoke
|poke|p1|Metagross, L50|
|poke|p1|Whimsicott, L50, F|
|poke|p1|Charizard, L50, F|
|poke|p1|Incineroar, L50, F|
|poke|p1|Garchomp, L50, F|
|poke|p1|Basculegion, L50, M|
|poke|p2|Charizard, L50, F|
|poke|p2|Whimsicott, L50, M|
|poke|p2|Garchomp, L50, F|
|poke|p2|Basculegion, L50, M|
|poke|p2|Sylveon, L50, F|
|poke|p2|Kingambit, L50, F|
|teampreview|4
|showteam|p1|Metagross||Metagrossite|ClearBody|IronHead,PsychicFangs,BodyPress,Protect|Jolly|||||50|]Whimsicott||FocusSash|Prankster|Moonblast,Tailwind,Encore,Protect|Timid||F|||50|]Charizard||CharizarditeY|Blaze|WeatherBall,SolarBeam,HeatWave,Protect|Modest||F|||50|]Incineroar||SitrusBerry|Intimidate|FakeOut,DarkestLariat,FlareBlitz,PartingShot|Adamant||F|||50|]Garchomp||LifeOrb|RoughSkin|DragonClaw,Earthquake,RockSlide,Protect|Jolly||F|||50|]Basculegion||MysticWater|Adaptability|WaveCrash,LastRespects,AquaJet,Protect|Adamant||M|||50|
|showteam|p2|Charizard||CharizarditeY|Blaze|HeatWave,SolarBeam,WeatherBall,Protect|Modest||F|||50|]Whimsicott||FocusSash|Prankster|Moonblast,Tailwind,Protect,Encore|Timid||M|||50|]Garchomp||LifeOrb|RoughSkin|Earthquake,DragonClaw,Protect,RockSlide|Adamant||F|||50|]Basculegion||ChoiceScarf|Adaptability|FlipTurn,WaveCrash,LastRespects,AquaJet|Jolly||M|||50|]Sylveon||FairyFeather|Pixilate|QuickAttack,HyperVoice,Detect,HyperBeam|Modest||F|||50|]Kingambit||BlackGlasses|Defiant|Protect,LowKick,SuckerPunch,KowtowCleave|Adamant||F|||50|
|inactive|Battle timer is ON: inactive players will automatically lose when time's up. (requested by Muichiro25)
|inactive|Muichiro25 has 60 seconds left.
|
|t:|1783336238
|teamsize|p1|4
|teamsize|p2|4
|start
|switch|p1a: Metagross|Metagross, L50|100/100
|switch|p1b: Whimsicott|Whimsicott, L50, F|100/100
|switch|p2a: Whimsicott|Whimsicott, L50, M|100/100
|switch|p2b: Basculegion|Basculegion, L50, M|100/100
|turn|1
|
|t:|1783336262
|detailschange|p1a: Metagross|Metagross-Mega, L50
|-mega|p1a: Metagross|Metagross|Metagrossite
|move|p2a: Whimsicott|Tailwind|p2a: Whimsicott
|-sidestart|p2: Muichiro25|move: Tailwind
|move|p2b: Basculegion|Flip Turn|p1b: Whimsicott
|-resisted|p1b: Whimsicott|1
|-damage|p1b: Whimsicott|73/100
|
|t:|1783336268
|switch|p2b: Charizard|Charizard, L50, F|100/100|[from] Flip Turn
|move|p1b: Whimsicott|Moonblast|p2a: Whimsicott
|-damage|p2a: Whimsicott|42/100
|move|p1a: Metagross|Psychic Fangs|p2b: Charizard
|-damage|p2b: Charizard|12/100
|
|upkeep
|turn|2
|
|t:|1783336291
|switch|p1b: Incineroar|Incineroar, L50, F|100/100
|-ability|p1b: Incineroar|Intimidate|boost
|-unboost|p2a: Whimsicott|atk|1
|-unboost|p2b: Charizard|atk|1
|detailschange|p2b: Charizard|Charizard-Mega-Y, L50, F
|-mega|p2b: Charizard|Charizard|Charizardite Y
|-weather|SunnyDay|[from] ability: Drought|[of] p2b: Charizard
|move|p1a: Metagross|Protect|p1a: Metagross
|-singleturn|p1a: Metagross|Protect
|move|p2a: Whimsicott|Encore|p1b: Incineroar
|-hint|Since gen 7, Dark is immune to Prankster moves.
|-immune|p1b: Incineroar
|move|p2b: Charizard|Heat Wave|p1b: Incineroar|[spread] p1b
|-activate|p1a: Metagross|move: Protect
|-resisted|p1b: Incineroar|1
|-damage|p1b: Incineroar|69/100
|
|-weather|SunnyDay|[upkeep]
|upkeep
|turn|3
|
|t:|1783336311
|switch|p1a: Garchomp|Garchomp, L50, F|100/100
|move|p2a: Whimsicott|Protect|p2a: Whimsicott
|-singleturn|p2a: Whimsicott|Protect
|move|p2b: Charizard|Protect|p2b: Charizard
|-singleturn|p2b: Charizard|Protect
|move|p1b: Incineroar|Flare Blitz|p2a: Whimsicott
|-activate|p2a: Whimsicott|move: Protect
|
|-weather|SunnyDay|[upkeep]
|upkeep
|turn|4
|inactive|Muichiro25 has 30 seconds left.
|
|t:|1783336344
|move|p1a: Garchomp|Protect|p1a: Garchomp
|-singleturn|p1a: Garchomp|Protect
|move|p2a: Whimsicott|Moonblast|p1a: Garchomp
|-activate|p1a: Garchomp|move: Protect
|move|p2b: Charizard|Heat Wave|p1b: Incineroar|[spread] 
|-activate|p1a: Garchomp|move: Protect
|-miss|p2b: Charizard|p1b: Incineroar
|move|p1b: Incineroar|Flare Blitz|p2a: Whimsicott
|-supereffective|p2a: Whimsicott|1
|-damage|p2a: Whimsicott|0 fnt
|faint|p2a: Whimsicott
|-damage|p1b: Incineroar|60/100|[from] Recoil
|
|-weather|SunnyDay|[upkeep]
|-sideend|p2: Muichiro25|move: Tailwind
|upkeep
|
|t:|1783336357
|switch|p2a: Garchomp|Garchomp, L50, F|100/100
|turn|5
|
|t:|1783336372
|move|p2b: Charizard|Protect|p2b: Charizard
|-singleturn|p2b: Charizard|Protect
|move|p1a: Garchomp|Dragon Claw|p2a: Garchomp
|-supereffective|p2a: Garchomp|1
|-damage|p2a: Garchomp|0 fnt
|-damage|p1a: Garchomp|87/100|[from] ability: Rough Skin|[of] p2a: Garchomp
|faint|p2a: Garchomp
|-damage|p1a: Garchomp|78/100|[from] item: Life Orb
|move|p1b: Incineroar|Darkest Lariat|p2b: Charizard
|-activate|p2b: Charizard|move: Protect
|
|-weather|SunnyDay|[upkeep]
|upkeep
|-message|Muichiro25 forfeited.
|
|win|is_katabo
|l|☆Muichiro25
|player|p2|
|raw|is_katabo's rating: 1207 → 1224(+17 for winning)
|raw|Muichiro25's rating: 1096 → 1079(-17 for losing)
