|j|☆C.Num8
|j|☆PaniniWeenie
|html|C.Num8PaniniWeenie    
|uhtml|bestof|Game 2 of a best-of-3
|t:|1757090196
|gametype|doubles
|player|p1|C.Num8|shadowtriad|1267
|player|p2|PaniniWeenie|169|1464
|gen|9
|tier|[Gen 9] VGC 2025 Reg H (Bo3)
|rated|
|rule|Species Clause: Limit one of each Pokémon
|rule|Item Clause: Limit 1 of each item
|clearpoke
|poke|p1|Archaludon, L50, M|
|poke|p1|Pelipper, L50, M|
|poke|p1|Gholdengo, L50|
|poke|p1|Basculegion, L50, M|
|poke|p1|Amoonguss, L50, F|
|poke|p1|Annihilape, L50, M|
|poke|p2|Sneasler, L50, M|
|poke|p2|Volcarona, L50, M|
|poke|p2|Dragonite, L50, F|
|poke|p2|Rillaboom, L50, F|
|poke|p2|Electabuzz, L50, F|
|poke|p2|Kingambit, L50, M|
|teampreview|4
|showteam|p1|Archaludon||AssaultVest|Stamina|DragonPulse,ElectroShot,BodyPress,Snarl|||M|||50|,,,,,Bug]Pelipper||FocusSash|Drizzle|WeatherBall,Hurricane,Tailwind,Protect|||M|||50|,,,,,Ghost]Gholdengo||LifeOrb|GoodasGold|MakeItRain,ShadowBall,NastyPlot,Protect||||||50|,,,,,Water]Basculegion||ChoiceBand|SwiftSwim|AquaJet,WaveCrash,LastRespects,FlipTurn|||M|||50|,,,,,Water]Amoonguss||SitrusBerry|Regenerator|RagePowder,Spore,PollenPuff,Protect|||F|||50|,,,,,Fairy]Annihilape||SafetyGoggles|Defiant|RageFist,CloseCombat,FinalGambit,Taunt|||M|||50|,,,,,Fire
|showteam|p2|Sneasler||FocusSash|PoisonTouch|DireClaw,CloseCombat,FakeOut,Coaching|||M|||50|,,,,,Stellar]Volcarona||Leftovers|FlameBody|HeatWave,QuiverDance,Protect,TeraBlast|||M|||50|,,,,,Fairy]Dragonite||LoadedDice|Multiscale|ScaleShot,ExtremeSpeed,Haze,Protect|||F|||50|,,,,,Steel]Rillaboom||AssaultVest|GrassySurge|WoodHammer,GrassyGlide,HighHorsepower,FakeOut|||F|||50|,,,,,Fire]Electabuzz||Eviolite|VitalSpirit|FollowMe,Thunderbolt,Taunt,Protect|||F|||50|,,,,,Ghost]Kingambit||BlackGlasses|Defiant|KowtowCleave,SuckerPunch,SwordsDance,Protect|||M|||50|,,,,,Dark
|inactive|Battle timer is ON: inactive players will automatically lose when time's up. (requested by PaniniWeenie)
|
|t:|1757090222
|teamsize|p1|4
|teamsize|p2|4
|start
|switch|p1a: Archaludon|Archaludon, L50, M|100/100
|switch|p1b: Pelipper|Pelipper, L50, M|100/100
|switch|p2a: Sneasler|Sneasler, L50, M|100/100
|switch|p2b: Dragonite|Dragonite, L50, F|100/100
|-weather|RainDance|[from] ability: Drizzle|[of] p1b: Pelipper
|turn|1
|inactive|PaniniWeenie has 30 seconds left.
|inactive|PaniniWeenie has 20 seconds left.
|
|t:|1757090262
|switch|p1b: Amoonguss|Amoonguss, L50, F|100/100
|-terastallize|p2a: Sneasler|Stellar
|-terastallize|p1a: Archaludon|Bug
|move|p2a: Sneasler|Close Combat|p1a: Archaludon
|-resisted|p1a: Archaludon
|-damage|p1a: Archaludon|70/100
|-unboost|p2a: Sneasler|def|1
|-unboost|p2a: Sneasler|spd|1
|-ability|p1a: Archaludon|Stamina|boost
|-boost|p1a: Archaludon|def|1
|move|p2b: Dragonite|Scale Shot|p1b: Amoonguss
|-damage|p1b: Amoonguss|87/100
|-damage|p1b: Amoonguss|73/100
|-damage|p1b: Amoonguss|61/100
|-crit|p1b: Amoonguss
|-damage|p1b: Amoonguss|43/100
|-enditem|p1b: Amoonguss|Sitrus Berry|[eat]
|-heal|p1b: Amoonguss|68/100|[from] item: Sitrus Berry
|-hitcount|p1b: Amoonguss|4
|-unboost|p2b: Dragonite|def|1
|-boost|p2b: Dragonite|spe|1
|move|p1a: Archaludon|Electro Shot||[still]
|-prepare|p1a: Archaludon|Electro Shot
|-boost|p1a: Archaludon|spa|1
|-anim|p1a: Archaludon|Electro Shot|p2a: Sneasler
|-enditem|p2a: Sneasler|Focus Sash
|-damage|p2a: Sneasler|1/100
|
|-weather|RainDance|[upkeep]
|upkeep
|turn|2
|inactive|C.Num8 has 30 seconds left.
|inactive|PaniniWeenie has 30 seconds left.
|inactive|PaniniWeenie has 20 seconds left.
|inactive|PaniniWeenie has 15 seconds left.
|inactive|PaniniWeenie has 10 seconds left.
|
|t:|1757090311
|move|p2b: Dragonite|Scale Shot|p1b: Amoonguss
|-damage|p1b: Amoonguss|56/100
|-damage|p1b: Amoonguss|43/100
|-damage|p1b: Amoonguss|29/100
|-damage|p1b: Amoonguss|16/100
|-damage|p1b: Amoonguss|2/100
|-hitcount|p1b: Amoonguss|5
|-unboost|p2b: Dragonite|def|1
|-boost|p2b: Dragonite|spe|1
|move|p2a: Sneasler|Coaching|p2b: Dragonite
|-boost|p2b: Dragonite|atk|1
|-boost|p2b: Dragonite|def|1
|move|p1a: Archaludon|Snarl|p2b: Dragonite|[spread] p2a,p2b
|-resisted|p2a: Sneasler
|-damage|p2a: Sneasler|0 fnt
|-damage|p2b: Dragonite|90/100
|-unboost|p2b: Dragonite|spa|1
|faint|p2a: Sneasler
|move|p1b: Amoonguss|Spore|p2b: Dragonite
|-status|p2b: Dragonite|slp|[from] move: Spore
|
|-weather|RainDance|[upkeep]
|upkeep
|
|t:|1757090316
|switch|p2a: Electabuzz|Electabuzz, L50, F|100/100
|turn|3
|
|t:|1757090335
|move|p2a: Electabuzz|Follow Me|p2a: Electabuzz
|-singleturn|p2a: Electabuzz|move: Follow Me
|cant|p2b: Dragonite|slp
|move|p1a: Archaludon|Electro Shot||[still]
|-prepare|p1a: Archaludon|Electro Shot
|-boost|p1a: Archaludon|spa|1
|-anim|p1a: Archaludon|Electro Shot|p2a: Electabuzz
|-resisted|p2a: Electabuzz
|-damage|p2a: Electabuzz|66/100
|move|p1b: Amoonguss|Pollen Puff|p2a: Electabuzz
|-damage|p2a: Electabuzz|51/100
|
|-weather|RainDance|[upkeep]
|upkeep
|turn|4
|
|t:|1757090358
|-curestatus|p2b: Dragonite|slp|[msg]
|move|p2b: Dragonite|Haze|p2b: Dragonite
|-clearallboost
|move|p2a: Electabuzz|Thunderbolt|p1b: Amoonguss
|-resisted|p1b: Amoonguss
|-damage|p1b: Amoonguss|0 fnt
|faint|p1b: Amoonguss
|move|p1a: Archaludon|Dragon Pulse|p2a: Electabuzz
|-damage|p2a: Electabuzz|21/100
|
|-weather|RainDance|[upkeep]
|upkeep
|
|t:|1757090374
|switch|p1b: Pelipper|Pelipper, L50, M|100/100
|turn|5
|
|t:|1757090382
|move|p1b: Pelipper|Protect|p1b: Pelipper
|-singleturn|p1b: Pelipper|Protect
|move|p2a: Electabuzz|Thunderbolt|p1b: Pelipper
|-activate|p1b: Pelipper|move: Protect
|move|p2b: Dragonite|Scale Shot|p1b: Pelipper
|-activate|p1b: Pelipper|move: Protect
|move|p1a: Archaludon|Electro Shot||[still]
|-prepare|p1a: Archaludon|Electro Shot
|-boost|p1a: Archaludon|spa|1
|-anim|p1a: Archaludon|Electro Shot|p2b: Dragonite
|-damage|p2b: Dragonite|24/100
|
|-weather|none
|upkeep
|turn|6
|inactive|C.Num8 has 30 seconds left.
|inactive|C.Num8 has 20 seconds left.
|inactive|C.Num8 has 15 seconds left.
|
|t:|1757090425
|switch|p1b: Annihilape|Annihilape, L50, M|100/100
|move|p2a: Electabuzz|Follow Me|p2a: Electabuzz
|-singleturn|p2a: Electabuzz|move: Follow Me
|move|p2b: Dragonite|Scale Shot|p1b: Annihilape|[miss]
|-miss|p2b: Dragonite|p1b: Annihilape
|move|p1a: Archaludon|Body Press|p2a: Electabuzz
|-damage|p2a: Electabuzz|3/100
|
|upkeep
|turn|7
|inactive|C.Num8 has 30 seconds left.
|inactive|PaniniWeenie has 30 seconds left.
|inactive|C.Num8 has 20 seconds left.
|inactive|PaniniWeenie has 20 seconds left.
|inactive|C.Num8 has 15 seconds left.
|inactive|PaniniWeenie has 15 seconds left.
|
|t:|1757090468
|move|p2a: Electabuzz|Follow Me|p2a: Electabuzz
|-singleturn|p2a: Electabuzz|move: Follow Me
|move|p1b: Annihilape|Rage Fist|p2a: Electabuzz
|-damage|p2a: Electabuzz|0 fnt
|faint|p2a: Electabuzz
|move|p2b: Dragonite|Scale Shot|p1a: Archaludon
|-damage|p1a: Archaludon|59/100
|-ability|p1a: Archaludon|Stamina|boost
|-boost|p1a: Archaludon|def|1
|-damage|p1a: Archaludon|51/100
|-ability|p1a: Archaludon|Stamina|boost
|-boost|p1a: Archaludon|def|1
|-damage|p1a: Archaludon|46/100
|-ability|p1a: Archaludon|Stamina|boost
|-boost|p1a: Archaludon|def|1
|-damage|p1a: Archaludon|43/100
|-ability|p1a: Archaludon|Stamina|boost
|-boost|p1a: Archaludon|def|1
|-hitcount|p1a: Archaludon|4
|-unboost|p2b: Dragonite|def|1
|-boost|p2b: Dragonite|spe|1
|move|p1a: Archaludon|Dragon Pulse|p2b: Dragonite
|-supereffective|p2b: Dragonite
|-damage|p2b: Dragonite|0 fnt
|faint|p2b: Dragonite
|
|upkeep
|
|t:|1757090489
|switch|p2b: Volcarona|Volcarona, L50, M|100/100
|turn|8
|
|t:|1757090502
|move|p1b: Annihilape|Final Gambit|p2b: Volcarona
|-damage|p2b: Volcarona|0 fnt
|faint|p1b: Annihilape
|faint|p2b: Volcarona
|
|win|C.Num8
|raw|C.Num8's rating: 1267 → 1305(+38 for winning)
|raw|PaniniWeenie's rating: 1464 → 1434(-30 for losing)
|l|☆PaniniWeenie
|player|p2|
