|j|☆rurik2
|j|☆pom123123123
|html|rurik2pom123123123    
|uhtml|bestof|Game 1 of a best-of-3
|t:|1783587182
|gametype|doubles
|player|p1|rurik2|hugh|1092
|player|p2|pom123123123|wattson|1206
|gen|9
|tier|[Gen 9 Champions] VGC 2026 Reg M-B (Bo3)
|rated|
|rule|Species Clause: Limit one of each Pokémon
|rule|Item Clause: Limit 1 of each item
|clearpoke
|poke|p1|Farigiraf, L50, F|
|poke|p1|Torkoal, L50, F|
|poke|p1|Armarouge, L50, M|
|poke|p1|Vileplume, L50, F|
|poke|p1|Basculegion, L50, M|
|poke|p1|Gardevoir, L50, M|
|poke|p2|Metagross, L50|
|poke|p2|Sinistcha, L50|
|poke|p2|Incineroar, L50, F|
|poke|p2|Rotom-Wash, L50|
|poke|p2|Pelipper, L50, M|
|poke|p2|Swampert, L50, F|
|teampreview|4
|showteam|p1|Farigiraf||ColburBerry|ArmorTail|ExpandingForce,TrickRoom,PsychicTerrain,SunnyDay|Sassy||F|||50|]Torkoal||Charcoal|Drought|Eruption,WeatherBall,Protect,EarthPower|Quiet||F|||50|]Armarouge||LifeOrb|FlashFire|ExpandingForce,MysticalFire,TrickRoom,WideGuard|Quiet||M|||50|]Vileplume||FocusSash|Chlorophyll|SleepPowder,SolarBeam,SludgeBomb,Protect|Timid||F|||50|]Basculegion||ChoiceScarf|Adaptability|WaveCrash,FlipTurn,LastRespects,AquaJet|Jolly||M|||50|]Gardevoir||Gardevoirite|Trace|HyperVoice,TrickRoom,ExpandingForce,Protect|Quiet||M|||50|
|showteam|p2|Metagross||Metagrossite|ClearBody|IronHead,BodyPress,IronDefense,Protect|Impish|||||50|]Sinistcha||KasibBerry|Hospitality|MatchaGotcha,RagePowder,ShadowBall,Protect|Quiet|||||50|]Incineroar||ShucaBerry|Intimidate|FlareBlitz,DarkestLariat,PartingShot,FakeOut|Impish||F|||50|]Rotom-Wash||ChoiceScarf|Levitate|Thunder,HydroPump,Electroweb,VoltSwitch|Timid|||||50|]Pelipper||FocusSash|Drizzle|WeatherBall,Hurricane,Tailwind,Protect|Modest||M|||50|]Swampert||Swampertite|Torrent|Earthquake,WaveCrash,IcePunch,Protect|Adamant||F|||50|
|inactive|Battle timer is ON: inactive players will automatically lose when time's up. (requested by pom123123123)
|inactive|rurik2 has 60 seconds left.
|inactive|rurik2 has 30 seconds left.
|inactive|rurik2 has 20 seconds left.
|
|t:|1783587254
|teamsize|p1|4
|teamsize|p2|4
|start
|switch|p1a: Farigiraf|Farigiraf, L50, F|100/100
|switch|p1b: Armarouge|Armarouge, L50, M|100/100
|switch|p2a: Sashimi|Swampert, L50, F|100/100
|switch|p2b: Rotom|Rotom-Wash, L50|100/100
|turn|1
|
|t:|1783587276
|switch|p1b: Torkoal|Torkoal, L50, F|100/100
|-weather|SunnyDay|[from] ability: Drought|[of] p1b: Torkoal
|detailschange|p2a: Sashimi|Swampert-Mega, L50, F
|-mega|p2a: Sashimi|Swampert|Swampertite
|move|p2b: Rotom|Volt Switch|p1a: Farigiraf
|-crit|p1a: Farigiraf
|-damage|p1a: Farigiraf|59/100
|
|t:|1783587284
|switch|p2b: Lawine|Pelipper, L50, M|100/100|[from] Volt Switch
|-weather|RainDance|[from] ability: Drizzle|[of] p2b: Lawine
|move|p2a: Sashimi|Wave Crash|p1a: Farigiraf
|-damage|p1a: Farigiraf|0 fnt
|faint|p1a: Farigiraf
|-damage|p2a: Sashimi|75/100|[from] Recoil
|
|-weather|RainDance|[upkeep]
|upkeep
|
|t:|1783587296
|switch|p1a: Armarouge|Armarouge, L50, M|100/100
|turn|2
|inactive|pom123123123 has 30 seconds left.
|
|t:|1783587324
|switch|p1b: Gardevoir|Gardevoir, L50, M|100/100
|-ability|p1b: Gardevoir|Drizzle|Trace|[from] ability: Trace|[of] p2b: Lawine
|move|p2a: Sashimi|Wave Crash|p1a: Armarouge
|-supereffective|p1a: Armarouge|1
|-crit|p1a: Armarouge
|-damage|p1a: Armarouge|0 fnt
|faint|p1a: Armarouge
|-damage|p2a: Sashimi|41/100|[from] Recoil
|move|p2b: Lawine|Weather Ball|p1b: Gardevoir
|-damage|p1b: Gardevoir|36/100
|
|-weather|RainDance|[upkeep]
|upkeep
|
|t:|1783587339
|switch|p1a: Torkoal|Torkoal, L50, F|100/100
|-weather|SunnyDay|[from] ability: Drought|[of] p1a: Torkoal
|turn|3
|
|t:|1783587350
|switch|p2b: Miso|Incineroar, L50, F|100/100
|-ability|p2b: Miso|Intimidate|boost
|-unboost|p1a: Torkoal|atk|1
|-unboost|p1b: Gardevoir|atk|1
|detailschange|p1b: Gardevoir|Gardevoir-Mega, L50, M
|-mega|p1b: Gardevoir|Gardevoir|Gardevoirite
|move|p2a: Sashimi|Protect|p2a: Sashimi
|-singleturn|p2a: Sashimi|Protect
|move|p1a: Torkoal|Weather Ball|p2b: Miso
|-resisted|p2b: Miso|1
|-damage|p2b: Miso|67/100
|move|p1b: Gardevoir|Trick Room|p1b: Gardevoir
|-fieldstart|move: Trick Room|[of] p1b: Gardevoir
|
|-weather|SunnyDay|[upkeep]
|upkeep
|turn|4
|inactive|pom123123123 has 30 seconds left.
|
|t:|1783587376
|move|p1b: Gardevoir|Protect|p1b: Gardevoir
|-singleturn|p1b: Gardevoir|Protect
|move|p2b: Miso|Fake Out|p1b: Gardevoir
|-activate|p1b: Gardevoir|move: Protect
|move|p1a: Torkoal|Eruption|p2b: Miso|[spread] p2a,p2b
|-resisted|p2a: Sashimi|1
|-resisted|p2b: Miso|1
|-damage|p2a: Sashimi|1/100
|-damage|p2b: Miso|28/100
|move|p2a: Sashimi|Earthquake|p1a: Torkoal|[spread] p2b,p1a
|-activate|p1b: Gardevoir|move: Protect
|-supereffective|p2b: Miso|1
|-enditem|p2b: Miso|Shuca Berry|[eat]
|-enditem|p2b: Miso|Shuca Berry|[weaken]
|-supereffective|p1a: Torkoal|1
|-damage|p2b: Miso|0 fnt
|-damage|p1a: Torkoal|27/100
|faint|p2b: Miso
|
|-weather|SunnyDay|[upkeep]
|upkeep
|
|t:|1783587390
|switch|p2b: Lawine|Pelipper, L50, M|100/100
|-weather|RainDance|[from] ability: Drizzle|[of] p2b: Lawine
|turn|5
|
|t:|1783587400
|move|p2b: Lawine|Protect|p2b: Lawine
|-singleturn|p2b: Lawine|Protect
|move|p2a: Sashimi|Protect|p2a: Sashimi
|-singleturn|p2a: Sashimi|Protect
|move|p1a: Torkoal|Weather Ball|p2b: Lawine
|-activate|p2b: Lawine|move: Protect
|move|p1b: Gardevoir|Hyper Voice|p2b: Lawine|[spread] 
|-activate|p2a: Sashimi|move: Protect
|-activate|p2b: Lawine|move: Protect
|
|-weather|RainDance|[upkeep]
|upkeep
|turn|6
|
|t:|1783587422
|switch|p2a: Rotom|Rotom-Wash, L50|100/100
|move|p1a: Torkoal|Weather Ball|p2b: Lawine
|-resisted|p2b: Lawine|1
|-damage|p2b: Lawine|62/100
|move|p1b: Gardevoir|Hyper Voice|p2a: Rotom|[spread] p2a,p2b
|-damage|p2a: Rotom|26/100
|-damage|p2b: Lawine|0 fnt
|faint|p2b: Lawine
|
|-weather|RainDance|[upkeep]
|upkeep
|
|t:|1783587432
|switch|p2b: Sashimi|Swampert-Mega, L50, F|1/100
|turn|7
|
|t:|1783587441
|move|p2b: Sashimi|Protect|p2b: Sashimi
|-singleturn|p2b: Sashimi|Protect
|move|p1a: Torkoal|Weather Ball|p2b: Sashimi
|-activate|p2b: Sashimi|move: Protect
|move|p1b: Gardevoir|Hyper Voice|p2a: Rotom|[spread] p2a
|-activate|p2b: Sashimi|move: Protect
|-damage|p2a: Rotom|0 fnt
|faint|p2a: Rotom
|
|-weather|RainDance|[upkeep]
|-fieldend|move: Trick Room
|upkeep
|turn|8
|
|t:|1783587459
|move|p1b: Gardevoir|Protect|p1b: Gardevoir
|-singleturn|p1b: Gardevoir|Protect
|move|p1a: Torkoal|Protect|p1a: Torkoal
|-singleturn|p1a: Torkoal|Protect
|move|p2b: Sashimi|Earthquake|p1b: Gardevoir|[spread] 
|-activate|p1a: Torkoal|move: Protect
|-activate|p1b: Gardevoir|move: Protect
|
|-weather|RainDance|[upkeep]
|upkeep
|turn|9
|
|t:|1783587473
|move|p2b: Sashimi|Earthquake|p1a: Torkoal|[spread] p1a,p1b
|-supereffective|p1a: Torkoal|1
|-damage|p1a: Torkoal|0 fnt
|-damage|p1b: Gardevoir|0 fnt
|faint|p1a: Torkoal
|faint|p1b: Gardevoir
|
|win|pom123123123
||pom123123123 is ready for game 2.
