|j|☆SomeKidJon
|j|☆i saw carcosa
|html|SomeKidJoni saw carcosa    
|uhtml|bestof|Game 3 of a best-of-3
|t:|1757122360
|gametype|doubles
|player|p1|SomeKidJon|scientistf|1315
|player|p2|i saw carcosa|pokemonbreederf|1395
|gen|9
|tier|[Gen 9] VGC 2025 Reg H (Bo3)
|rated|
|rule|Species Clause: Limit one of each Pokémon
|rule|Item Clause: Limit 1 of each item
|clearpoke
|poke|p1|Zoroark-Hisui, L50, M|
|poke|p1|Rillaboom, L50, M|
|poke|p1|Basculegion, L50, M|
|poke|p1|Pelipper, L50, M|
|poke|p1|Kingambit, L50, F|
|poke|p1|Farigiraf, L50, F|
|poke|p2|Ursaluna-Bloodmoon, L50, M|
|poke|p2|Gholdengo, L50|
|poke|p2|Incineroar, L50, F|
|poke|p2|Dragonite, L50, M|
|poke|p2|Sneasler, L50, F|
|poke|p2|Amoonguss, L50, F|
|teampreview|4
|showteam|p1|Zoroark-Hisui||ChoiceSpecs|Illusion|HyperVoice,TeraBlast,ShadowBall,SludgeBomb|||M|||50|,,,,,Stellar]Rillaboom||AssaultVest|GrassySurge|FakeOut,GrassyGlide,WoodHammer,HighHorsepower|||M|||50|,,,,,Fire]Basculegion||ChoiceBand|SwiftSwim|WaveCrash,AquaJet,LastRespects,FlipTurn|||M|||50|,,,,,Water]Pelipper||FocusSash|Drizzle|Hurricane,WeatherBall,HelpingHand,Tailwind|||M|||50|,,,,,Dragon]Kingambit||ChopleBerry|Defiant|SuckerPunch,KowtowCleave,SwordsDance,LowKick|||F|||50|,,,,,Dark]Farigiraf||SitrusBerry|ArmorTail|TrickRoom,TwinBeam,HyperVoice,HelpingHand|||F|||50|,,,,,Water
|showteam|p2|Ursaluna-Bloodmoon||LifeOrb|MindsEye|HyperVoice,BloodMoon,EarthPower,Protect|||M|||50|,,,,,Dragon]Gholdengo||MetalCoat|GoodasGold|MakeItRain,ShadowBall,NastyPlot,Protect||||||50|,,,,,Water]Incineroar||AssaultVest|Intimidate|FakeOut,FlareBlitz,KnockOff,Uturn|||F|||50|,,,,,Grass]Dragonite||LoadedDice|Multiscale|ScaleShot,Tailwind,Haze,Protect|||M|||50|,,,,,Fairy]Sneasler||FocusSash|PoisonTouch|DireClaw,CloseCombat,FakeOut,Protect|||F|||50|,,,,,Stellar]Amoonguss||SitrusBerry|Regenerator|Spore,RagePowder,PollenPuff,Protect|||F|||50|,,,,,Water
|
|t:|1757122379
|teamsize|p1|4
|teamsize|p2|4
|start
|switch|p1a: Maelle|Kingambit, L50, F, shiny|100/100
|switch|p1b: Esquie|Pelipper, L50, M|100/100
|switch|p2a: Joshua|Dragonite, L50, M|100/100
|switch|p2b: Hehe|Sneasler, L50, F|100/100
|-weather|RainDance|[from] ability: Drizzle|[of] p1b: Esquie
|turn|1
|
|t:|1757122394
|move|p2b: Hehe|Protect|p2b: Hehe
|-singleturn|p2b: Hehe|Protect
|move|p1a: Maelle|Hyper Voice|p2b: Hehe|[spread] p2a
|-activate|p2b: Hehe|move: Protect
|-damage|p2a: Joshua|74/100
|move|p2a: Joshua|Tailwind|p2a: Joshua
|-sidestart|p2: i saw carcosa|move: Tailwind
|move|p1b: Esquie|Tailwind|p1b: Esquie
|-sidestart|p1: SomeKidJon|move: Tailwind
|
|-weather|RainDance|[upkeep]
|upkeep
|turn|2
|
|t:|1757122411
|switch|p2a: Gholdengoat|Gholdengo, L50|100/100
|-terastallize|p1a: Maelle|Stellar
|move|p1b: Esquie|Helping Hand|p1a: Maelle
|-singleturn|p1a: Maelle|Helping Hand|[of] p1b: Esquie
|move|p2b: Hehe|Dire Claw|p1b: Esquie
|-damage|p1b: Esquie|48/100
|-status|p1b: Esquie|par
|move|p1a: Maelle|Hyper Voice|p2a: Gholdengoat|[spread] p2b
|-immune|p2a: Gholdengoat
|-enditem|p2b: Hehe|Focus Sash
|-damage|p2b: Hehe|1/100
|
|-weather|RainDance|[upkeep]
|upkeep
|turn|3
|
|t:|1757122434
|switch|p1a: Sciel|Basculegion, L50, M|100/100
|move|p2b: Hehe|Protect|p2b: Hehe
|-singleturn|p2b: Hehe|Protect
|move|p2a: Gholdengoat|Make It Rain|p1b: Esquie|[spread] p1a,p1b
|-resisted|p1a: Sciel
|-resisted|p1b: Esquie
|-damage|p1a: Sciel|65/100
|-damage|p1b: Esquie|0 fnt
|-unboost|p2a: Gholdengoat|spa|1
|faint|p1b: Esquie
|
|-weather|RainDance|[upkeep]
|upkeep
|
|t:|1757122447
|switch|p1b: Maelle|Kingambit, L50, F, shiny|100/100
|turn|4
|
|t:|1757122461
|switch|p2b: Joshua|Dragonite, L50, M|74/100
|move|p1a: Sciel|Aqua Jet|p2b: Joshua
|-resisted|p2b: Joshua
|-damage|p2b: Joshua|45/100
|move|p2a: Gholdengoat|Shadow Ball|p1a: Sciel
|-supereffective|p1a: Sciel
|-damage|p1a: Sciel|2/100
|move|p1b: Maelle|Swords Dance|p1b: Maelle
|-boost|p1b: Maelle|atk|2
|
|-weather|RainDance|[upkeep]
|-sideend|p2: i saw carcosa|move: Tailwind
|-sideend|p1: SomeKidJon|move: Tailwind
|upkeep
|turn|5
|
|t:|1757122488
|switch|p1a: Sciel|Basculegion, L50, M, tera:Stellar|100/100
|-terastallize|p2a: Gholdengoat|Water
|move|p2a: Gholdengoat|Protect|p2a: Gholdengoat
|-singleturn|p2a: Gholdengoat|Protect
|move|p2b: Joshua|Haze|p2b: Joshua
|-clearallboost
|move|p1b: Maelle|Kowtow Cleave|p2b: Joshua
|-damage|p2b: Joshua|0 fnt
|faint|p2b: Joshua
|
|-weather|none
|upkeep
|
|t:|1757122500
|switch|p2b: Hehe|Sneasler, L50, F|1/100
|turn|6
|
|t:|1757122517
|switch|p1b: Sciel|Basculegion, L50, M|2/100
|move|p2b: Hehe|Fake Out|p1b: Sciel
|-immune|p1b: Sciel
|move|p1a: Sciel|Tera Blast|p2a: Gholdengoat|[anim] Tera Blast Stellar
|-supereffective|p2a: Gholdengoat
|-damage|p2a: Gholdengoat|0 fnt
|-unboost|p1a: Sciel|atk|1
|-unboost|p1a: Sciel|spa|1
|faint|p2a: Gholdengoat
|
|upkeep
|
|t:|1757122524
|switch|p2a: Ursaluna|Ursaluna-Bloodmoon, L50, M|100/100
|turn|7
|
|t:|1757122532
|switch|p1a: Maelle|Kingambit, L50, F, shiny|100/100
|move|p2b: Hehe|Protect|p2b: Hehe
|-singleturn|p2b: Hehe|Protect
|move|p1b: Sciel|Wave Crash|p2a: Ursaluna
|-supereffective|p2a: Ursaluna
|-damage|p2a: Ursaluna|0 fnt
|faint|p2a: Ursaluna
|-damage|p1b: Sciel|0 fnt|[from] Recoil
|faint|p1b: Sciel
|
|upkeep
|
|t:|1757122538
|switch|p1b: Verso|Zoroark-Hisui, L50, M, shiny, tera:Stellar|100/100
|turn|8
|c|☆i saw carcosa|gg
|-message|i saw carcosa forfeited.
|
|win|SomeKidJon
|raw|SomeKidJon's rating: 1315 → 1340(+25 for winning)
|raw|i saw carcosa's rating: 1395 → 1370(-25 for losing)
|c|☆SomeKidJon|gg
|l|☆SomeKidJon
|player|p1|
