|j|☆Ome Henk
|j|☆KayDeeVGC
|html|Ome HenkKayDeeVGC    
|uhtml|bestof|Game 2 of a best-of-3
|t:|1783883324
|gametype|doubles
|player|p1|Ome Henk|kabu|
|player|p2|KayDeeVGC|lucian|
|gen|9
|tier|[Gen 9 Champions] VGC 2026 Reg M-B (Bo3)
|rule|Species Clause: Limit one of each Pokémon
|rule|Item Clause: Limit 1 of each item
|clearpoke
|poke|p1|Pyroar, L50, M|
|poke|p1|Farigiraf, L50, F|
|poke|p1|Whimsicott, L50, F|
|poke|p1|Floette-Eternal, L50, F|
|poke|p1|Ninetales, L50, M|
|poke|p1|Arcanine-Hisui, L50, M|
|poke|p2|Swampert, L50, F|
|poke|p2|Mawile, L50, F|
|poke|p2|Archaludon, L50, M|
|poke|p2|Pelipper, L50, M|
|poke|p2|Sinistcha, L50|
|poke|p2|Armarouge, L50, M|
|teampreview|4
|showteam|p1|Pyroar||Pyroarite|Unnerve|Protect,SolarBeam,HeatWave,Overheat|Timid||M|||50|]Farigiraf||SitrusBerry|ArmorTail|TrickRoom,HelpingHand,Thunderbolt,TwinBeam|Modest||F|||50|]Whimsicott||FocusSash|Prankster|Tailwind,Protect,Moonblast,SunnyDay|Timid||F|||50|]Floette-Eternal||Floettite|FlowerVeil|Protect,Moonblast,DazzlingGleam,LightofRuin|Timid||F|||50|]Ninetales||ChoiceScarf|Drought|Overheat,FakeTears,SolarBeam,HeatWave|Modest||M|||50|]Arcanine-Hisui||LifeOrb|Intimidate|ExtremeSpeed,FlareBlitz,Protect,HeadSmash|Adamant||M|||50|
|showteam|p2|Swampert||Swampertite|Torrent|WaveCrash,HighHorsepower,IcePunch,Protect|Adamant||F|||50|]Mawile||Mawilite|Intimidate|IronHead,PlayRough,SuckerPunch,Protect|Brave||F|||50|]Archaludon||Leftovers|Stamina|FlashCannon,DragonPulse,ElectroShot,Protect|Modest||M|||50|]Pelipper||LifeOrb|Drizzle|WeatherBall,Hurricane,Tailwind,Protect|Timid||M|||50|]Sinistcha||KasibBerry|Hospitality|MatchaGotcha,RagePowder,TrickRoom,Protect|Bold|||||50|]Armarouge||SitrusBerry|FlashFire|Psychic,WideGuard,TrickRoom,ArmorCannon|Quiet||M|||50|
|j| 000aj
|j| Torie123
|j| pietplezier7
|j| sofu0314
|j| Jorijn
|
|t:|1783883379
|teamsize|p1|4
|teamsize|p2|4
|start
|switch|p1a: Prinses|Arcanine-Hisui, L50, M|100/100
|switch|p1b: Weerbericht|Ninetales, L50, M|100/100
|switch|p2a: Puente|Archaludon, L50, M|100/100
|switch|p2b: Armarouge|Armarouge, L50, M|100/100
|-weather|SunnyDay|[from] ability: Drought|[of] p1b: Weerbericht
|-ability|p1a: Prinses|Intimidate|boost
|-unboost|p2a: Puente|atk|1
|-unboost|p2b: Armarouge|atk|1
|turn|1
|j| Lynnsane
|
|t:|1783883428
|switch|p2b: Tacho|Pelipper, L50, M|100/100
|-weather|RainDance|[from] ability: Drizzle|[of] p2b: Tacho
|move|p1b: Weerbericht|Heat Wave|p2a: Puente|[spread] p2a,p2b
|-resisted|p2b: Tacho|1
|-damage|p2a: Puente|86/100
|-damage|p2b: Tacho|88/100
|-ability|p2a: Puente|Stamina|boost
|-boost|p2a: Puente|def|1
|move|p1a: Prinses|Head Smash|p2b: Tacho|[miss]
|-miss|p1a: Prinses|p2b: Tacho
|move|p2a: Puente|Electro Shot||[still]
|-prepare|p2a: Puente|Electro Shot
|-boost|p2a: Puente|spa|1
|-anim|p2a: Puente|Electro Shot|p1a: Prinses
|-damage|p1a: Prinses|22/100
|
|-weather|RainDance|[upkeep]
|-heal|p2a: Puente|93/100|[from] item: Leftovers
|upkeep
|turn|2
|l| 000aj
|
|t:|1783883466
|switch|p1b: Wegversperring|Farigiraf, L50, F|100/100
|switch|p2b: Brazotes|Swampert, L50, F|100/100
|move|p1a: Prinses|Protect|p1a: Prinses
|-singleturn|p1a: Prinses|Protect
|move|p2a: Puente|Electro Shot||[still]
|-prepare|p2a: Puente|Electro Shot
|-boost|p2a: Puente|spa|1
|-anim|p2a: Puente|Electro Shot|p1b: Wegversperring
|-damage|p1b: Wegversperring|17/100
|-enditem|p1b: Wegversperring|Sitrus Berry|[eat]
|-heal|p1b: Wegversperring|41/100|[from] item: Sitrus Berry
|
|-weather|RainDance|[upkeep]
|-heal|p2a: Puente|99/100|[from] item: Leftovers
|upkeep
|turn|3
|
|t:|1783883552
|switch|p1a: Hittegolf|Pyroar, L50, M|100/100
|-ability|p1a: Hittegolf|Unnerve
|detailschange|p2b: Brazotes|Swampert-Mega, L50, F
|-mega|p2b: Brazotes|Swampert|Swampertite
|move|p2b: Brazotes|Wave Crash|p1b: Wegversperring
|-damage|p1b: Wegversperring|0 fnt
|faint|p1b: Wegversperring
|-damage|p2b: Brazotes|82/100|[from] Recoil
|move|p2a: Puente|Dragon Pulse|p1a: Hittegolf
|-damage|p1a: Hittegolf|0 fnt
|faint|p1a: Hittegolf
|
|-weather|RainDance|[upkeep]
|-heal|p2a: Puente|100/100|[from] item: Leftovers
|upkeep
|
|t:|1783883566
|switch|p1a: Prinses|Arcanine-Hisui, L50, M|22/100
|switch|p1b: Weerbericht|Ninetales, L50, M|100/100
|-weather|SunnyDay|[from] ability: Drought|[of] p1b: Weerbericht
|-ability|p1a: Prinses|Intimidate|boost
|-unboost|p2a: Puente|atk|1
|-unboost|p2b: Brazotes|atk|1
|turn|4
|
|t:|1783883582
|switch|p2b: Tacho|Pelipper, L50, M|88/100
|-weather|RainDance|[from] ability: Drizzle|[of] p2b: Tacho
|move|p1b: Weerbericht|Heat Wave|p2b: Tacho|[spread] p2a,p2b
|-resisted|p2b: Tacho|1
|-damage|p2a: Puente|85/100
|-damage|p2b: Tacho|76/100
|-ability|p2a: Puente|Stamina|boost
|-boost|p2a: Puente|def|1
|move|p1a: Prinses|Flare Blitz|p2a: Puente
|-damage|p2a: Puente|72/100
|-status|p2a: Puente|brn
|-ability|p2a: Puente|Stamina|boost
|-boost|p2a: Puente|def|1
|-damage|p1a: Prinses|17/100|[from] Recoil
|-damage|p1a: Prinses|7/100|[from] item: Life Orb
|move|p2a: Puente|Dragon Pulse|p1b: Weerbericht
|-damage|p1b: Weerbericht|0 fnt
|faint|p1b: Weerbericht
|
|-weather|RainDance|[upkeep]
|-heal|p2a: Puente|79/100 brn|[from] item: Leftovers
|-damage|p2a: Puente|72/100 brn|[from] brn
|upkeep
|turn|5
|
|t:|1783883603
|move|p2b: Tacho|Protect|p2b: Tacho
|-singleturn|p2b: Tacho|Protect
|move|p1a: Prinses|Flare Blitz|p2a: Puente
|-damage|p2a: Puente|61/100 brn
|-ability|p2a: Puente|Stamina|boost
|-boost|p2a: Puente|def|1
|-damage|p1a: Prinses|3/100|[from] Recoil
|-damage|p1a: Prinses|0 fnt|[from] item: Life Orb
|faint|p1a: Prinses
|
|win|KayDeeVGC
|c|☆Ome Henk|gg
|c|☆KayDeeVGC|Ggs
|l|☆Ome Henk
|player|p1|
|l| Torie123
|l| sofu0314
|l|☆KayDeeVGC
|player|p2|
|l| pietplezier7
|l| Lynnsane
|j|☆KayDeeVGC
|player|p2|KayDeeVGC|lucian|
