|j|☆balance bro
|j|☆HeracrossVGC
|html|balance broHeracrossVGC    
|uhtml|bestof|Game 1 of a best-of-3
|t:|1757645093
|gametype|doubles
|player|p1|balance bro|buck|1201
|player|p2|HeracrossVGC|2|1202
|gen|9
|tier|[Gen 9] VGC 2025 Reg H (Bo3)
|rated|
|rule|Species Clause: Limit one of each Pokémon
|rule|Item Clause: Limit 1 of each item
|clearpoke
|poke|p1|Porygon2, L50|
|poke|p1|Hydreigon, L50, M|
|poke|p1|Incineroar, L50, F|
|poke|p1|Garchomp, L50, M|
|poke|p1|Amoonguss, L50, F|
|poke|p1|Gholdengo, L50|
|poke|p2|Gholdengo, L50|
|poke|p2|Sneasler, L50, M|
|poke|p2|Rillaboom, L50, F|
|poke|p2|Dragonite, L50, M|
|poke|p2|Ninetales-Alola, L50, F|
|poke|p2|Arcanine-Hisui, L50, F|
|teampreview|4
|showteam|p1|Porygon2||Eviolite|Download|TeraBlast,IceBeam,TrickRoom,Recover||||||50|,,,,,Fighting]Hydreigon||SafetyGoggles|Levitate|Snarl,DracoMeteor,Tailwind,Protect|||M|||50|,,,,,Ghost]Incineroar||SitrusBerry|Intimidate|FlareBlitz,KnockOff,PartingShot,FakeOut|||F|||50|,,,,,Grass]Garchomp||LoadedDice|RoughSkin|ScaleShot,Earthquake,StompingTantrum,Protect|||M|||50|,,,,,Fire]Amoonguss||CovertCloak|Regenerator|PollenPuff,Spore,RagePowder,Protect|||F|||50|,,,,,Fire]Gholdengo||MetalCoat|GoodasGold|MakeItRain,ShadowBall,NastyPlot,Protect||||||50|,,,,,Flying
|showteam|p2|Gholdengo||GrassySeed|GoodasGold|NastyPlot,MakeItRain,ShadowBall,Protect||||||50|,,,,,Water]Sneasler||WhiteHerb|Unburden|CloseCombat,DireClaw,Coaching,Protect|||M|||50|,,,,,Ghost]Rillaboom||AssaultVest|GrassySurge|FakeOut,GrassyGlide,DrumBeating,HighHorsepower|||F|||50|,,,,,Fire]Dragonite||LoadedDice|Multiscale|ScaleShot,Haze,Tailwind,Protect|||M|||50|,,,,,Steel]Ninetales-Alola||FocusSash|SnowWarning|Blizzard,IcyWind,Encore,AuroraVeil|||F|||50|,,,,,Ghost]Arcanine-Hisui||ClearAmulet|Intimidate|RockSlide,FlareBlitz,ExtremeSpeed,Protect|||F|||50|,,,,,Water
|
|t:|1757645137
|teamsize|p1|4
|teamsize|p2|4
|start
|switch|p1a: Incineroar|Incineroar, L50, F, shiny|100/100
|switch|p1b: Garchomp|Garchomp, L50, M, shiny|100/100
|switch|p2a: Ninetales|Ninetales-Alola, L50, F|100/100
|switch|p2b: Gholdengo|Gholdengo, L50|100/100
|-weather|Snowscape|[from] ability: Snow Warning|[of] p2a: Ninetales
|-ability|p1a: Incineroar|Intimidate|boost
|-unboost|p2a: Ninetales|atk|1
|-unboost|p2b: Gholdengo|atk|1
|turn|1
|
|t:|1757645186
|switch|p2b: Rillaboom|Rillaboom, L50, F|100/100
|-fieldstart|move: Grassy Terrain|[from] ability: Grassy Surge|[of] p2b: Rillaboom
|move|p1a: Incineroar|Fake Out|p2a: Ninetales
|-damage|p2a: Ninetales|87/100
|cant|p2a: Ninetales|flinch
|move|p1b: Garchomp|Stomping Tantrum|p2b: Rillaboom
|-resisted|p2b: Rillaboom
|-damage|p2b: Rillaboom|77/100
|
|-weather|Snowscape|[upkeep]
|-heal|p2a: Ninetales|93/100|[from] Grassy Terrain
|-heal|p2b: Rillaboom|83/100|[from] Grassy Terrain
|upkeep
|turn|2
|
|t:|1757645237
|switch|p2b: Arcanine|Arcanine-Hisui, L50, F|100/100
|-ability|p2b: Arcanine|Intimidate|boost
|-unboost|p1a: Incineroar|atk|1
|-unboost|p1b: Garchomp|atk|1
|switch|p1a: Gholdengo|Gholdengo, L50|100/100
|move|p1b: Garchomp|Protect|p1b: Garchomp
|-singleturn|p1b: Garchomp|Protect
|move|p2a: Ninetales|Icy Wind|p1b: Garchomp|[spread] p1a
|-activate|p1b: Garchomp|move: Protect
|-resisted|p1a: Gholdengo
|-damage|p1a: Gholdengo|93/100
|-unboost|p1a: Gholdengo|spe|1
|
|-weather|Snowscape|[upkeep]
|-heal|p2a: Ninetales|99/100|[from] Grassy Terrain
|-heal|p1a: Gholdengo|98/100|[from] Grassy Terrain
|upkeep
|turn|3
|
|t:|1757645274
|switch|p1a: Incineroar|Incineroar, L50, F, shiny|100/100
|-ability|p1a: Incineroar|Intimidate|boost
|-unboost|p2a: Ninetales|atk|1
|-fail|p2b: Arcanine|unboost|[from] item: Clear Amulet|[of] p2b: Arcanine
|-terastallize|p1b: Garchomp|Fire
|move|p2a: Ninetales|Blizzard|p1a: Incineroar|[spread] p1a,p1b
|-resisted|p1a: Incineroar
|-resisted|p1b: Garchomp
|-damage|p1a: Incineroar|86/100
|-damage|p1b: Garchomp|84/100
|move|p2b: Arcanine|Flare Blitz|p1a: Incineroar
|-resisted|p1a: Incineroar
|-damage|p1a: Incineroar|56/100
|-damage|p2b: Arcanine|89/100|[from] Recoil
|move|p1b: Garchomp|Stomping Tantrum|p2b: Arcanine
|-supereffective|p2b: Arcanine
|-damage|p2b: Arcanine|0 fnt
|faint|p2b: Arcanine
|
|-weather|Snowscape|[upkeep]
|-heal|p2a: Ninetales|100/100|[from] Grassy Terrain
|-heal|p1b: Garchomp|90/100|[from] Grassy Terrain
|-heal|p1a: Incineroar|62/100|[from] Grassy Terrain
|upkeep
|
|t:|1757645301
|switch|p2b: Gholdengo|Gholdengo, L50|100/100
|-enditem|p2b: Gholdengo|Grassy Seed
|-boost|p2b: Gholdengo|def|1|[from] item: Grassy Seed
|turn|4
|
|t:|1757645310
|move|p2a: Ninetales|Aurora Veil|p2a: Ninetales
|-sidestart|p2: HeracrossVGC|move: Aurora Veil
|move|p1b: Garchomp|Stomping Tantrum|p2a: Ninetales
|-damage|p2a: Ninetales|80/100
|move|p2b: Gholdengo|Nasty Plot|p2b: Gholdengo
|-boost|p2b: Gholdengo|spa|2
|move|p1a: Incineroar|Flare Blitz|p2a: Ninetales
|-supereffective|p2a: Ninetales
|-damage|p2a: Ninetales|2/100
|-damage|p1a: Incineroar|42/100|[from] Recoil
|-enditem|p1a: Incineroar|Sitrus Berry|[eat]
|-heal|p1a: Incineroar|67/100|[from] item: Sitrus Berry
|
|-weather|Snowscape|[upkeep]
|-heal|p2a: Ninetales|8/100|[from] Grassy Terrain
|-heal|p1b: Garchomp|96/100|[from] Grassy Terrain
|-heal|p1a: Incineroar|73/100|[from] Grassy Terrain
|upkeep
|turn|5
|
|t:|1757645348
|-terastallize|p2b: Gholdengo|Water
|move|p2a: Ninetales|Blizzard|p1b: Garchomp|[spread] p1a,p1b
|-resisted|p1a: Incineroar
|-resisted|p1b: Garchomp
|-crit|p1b: Garchomp
|-damage|p1a: Incineroar|58/100
|-damage|p1b: Garchomp|72/100
|move|p1b: Garchomp|Stomping Tantrum|p2b: Gholdengo
|-damage|p2b: Gholdengo|89/100
|move|p2b: Gholdengo|Shadow Ball|p1a: Incineroar
|-resisted|p1a: Incineroar
|-damage|p1a: Incineroar|16/100
|move|p1a: Incineroar|Flare Blitz|p2b: Gholdengo
|-resisted|p2b: Gholdengo
|-damage|p2b: Gholdengo|78/100
|-damage|p1a: Incineroar|13/100|[from] Recoil
|
|-weather|none
|-heal|p2a: Ninetales|14/100|[from] Grassy Terrain
|-heal|p1b: Garchomp|78/100|[from] Grassy Terrain
|-heal|p2b: Gholdengo|84/100|[from] Grassy Terrain
|-heal|p1a: Incineroar|19/100|[from] Grassy Terrain
|-fieldend|move: Grassy Terrain
|upkeep
|turn|6
|
|t:|1757645372
|switch|p2a: Rillaboom|Rillaboom, L50, F|83/100
|-fieldstart|move: Grassy Terrain|[from] ability: Grassy Surge|[of] p2a: Rillaboom
|switch|p1b: Hydreigon|Hydreigon, L50, M, shiny|100/100
|move|p2b: Gholdengo|Shadow Ball|p1b: Hydreigon
|-resisted|p1b: Hydreigon
|-damage|p1b: Hydreigon|60/100
|move|p1a: Incineroar|Flare Blitz|p2a: Rillaboom
|-supereffective|p2a: Rillaboom
|-damage|p2a: Rillaboom|11/100
|-damage|p1a: Incineroar|0 fnt|[from] Recoil
|faint|p1a: Incineroar
|
|-heal|p2a: Rillaboom|17/100|[from] Grassy Terrain
|-heal|p2b: Gholdengo|90/100|[from] Grassy Terrain
|upkeep
|
|t:|1757645403
|switch|p1a: Garchomp|Garchomp, L50, M, shiny, tera:Fire|78/100
|turn|7
|
|t:|1757645419
|move|p2a: Rillaboom|Fake Out|p1b: Hydreigon
|-damage|p1b: Hydreigon|46/100
|cant|p1b: Hydreigon|flinch
|move|p1a: Garchomp|Scale Shot|p2a: Rillaboom
|-damage|p2a: Rillaboom|7/100
|-damage|p2a: Rillaboom|0 fnt
|faint|p2a: Rillaboom
|-hitcount|p2: Rillaboom|2
|-unboost|p1a: Garchomp|def|1
|-boost|p1a: Garchomp|spe|1
|move|p2b: Gholdengo|Shadow Ball|p1a: Garchomp
|-damage|p1a: Garchomp|0 fnt
|faint|p1a: Garchomp
|
|-heal|p2b: Gholdengo|96/100|[from] Grassy Terrain
|upkeep
|
|t:|1757645432
|switch|p1a: Gholdengo|Gholdengo, L50|98/100
|switch|p2a: Ninetales|Ninetales-Alola, L50, F|14/100
|-weather|Snowscape|[from] ability: Snow Warning|[of] p2a: Ninetales
|turn|8
|
|t:|1757645464
|move|p2a: Ninetales|Blizzard|p1b: Hydreigon|[spread] p1a,p1b
|-resisted|p1a: Gholdengo
|-supereffective|p1b: Hydreigon
|-damage|p1a: Gholdengo|82/100
|-damage|p1b: Hydreigon|0 fnt
|faint|p1b: Hydreigon
|move|p2b: Gholdengo|Shadow Ball|p1a: Gholdengo
|-supereffective|p1a: Gholdengo
|-damage|p1a: Gholdengo|0 fnt
|faint|p1a: Gholdengo
|
|win|HeracrossVGC
