|j|☆raylix
|j|☆Tractie
|html|raylixTractie    
|uhtml|bestof|Game 1 of a best-of-3
|t:|1756809102
|gametype|doubles
|player|p1|raylix|bruno|1165
|player|p2|Tractie|265|1291
|gen|9
|tier|[Gen 9] VGC 2025 Reg H (Bo3)
|rated|
|rule|Species Clause: Limit one of each Pokémon
|rule|Item Clause: Limit 1 of each item
|clearpoke
|poke|p1|Sneasler, L50, F|
|poke|p1|Indeedee, L50, M|
|poke|p1|Volcarona, L50, M|
|poke|p1|Ursaluna-Bloodmoon, L50, M|
|poke|p1|Annihilape, L50, M|
|poke|p1|Tyranitar, L50, M|
|poke|p2|Gothitelle, L50, F|
|poke|p2|Dondozo, L50, F|
|poke|p2|Kingambit, L50, F|
|poke|p2|Incineroar, L50, M|
|poke|p2|Amoonguss, L50, F|
|poke|p2|Zoroark-Hisui, L50, M|
|teampreview|4
|showteam|p1|Sneasler||PsychicSeed|Unburden|CloseCombat,DireClaw,ThroatChop,Protect|||F|||50|,,,,,Dark]Indeedee||ChoiceScarf|PsychicSurge|ExpandingForce,TeraBlast,Trick,Protect|||M|||50|,,,,,Psychic]Volcarona||SitrusBerry|FlameBody|Overheat,StruggleBug,RagePowder,Tailwind|||M|||50|,,,,,Grass]Ursaluna-Bloodmoon||LifeOrb|MindsEye|BloodMoon,HyperVoice,EarthPower,Protect|||M|||50|,,,,,Normal]Annihilape||SafetyGoggles|Defiant|CloseCombat,RageFist,Taunt,FinalGambit|||M|||50|,,,,,Fairy]Tyranitar||AssaultVest|SandStream|RockSlide,KnockOff,TeraBlast,LowKick|||M|||50|,,,,,Flying
|showteam|p2|Gothitelle||SitrusBerry|ShadowTag|FakeOut,Psychic,TrickRoom,Protect|||F|||50|,,,,,Water]Dondozo||Leftovers|Unaware|WaveCrash,BodyPress,Yawn,Protect|||F|||50|,,,,,Electric]Kingambit||BlackGlasses|Defiant|SuckerPunch,KowtowCleave,SwordsDance,Protect|||F|||50|,,,,,Dark]Incineroar||SafetyGoggles|Intimidate|FakeOut,FlareBlitz,KnockOff,PartingShot|||M|||50|,,,,,Ghost]Amoonguss||RockyHelmet|Regenerator|Spore,RagePowder,PollenPuff,Protect|||F|||50|,,,,,Fairy]Zoroark-Hisui||LifeOrb|Illusion|ShadowBall,TeraBlast,FocusBlast,Protect|||M|||50|,,,,,Stellar
|inactive|Battle timer is ON: inactive players will automatically lose when time's up. (requested by Tractie)
|inactive|raylix has 60 seconds left.
|inactive|Tractie has 60 seconds left.
|inactive|raylix has 30 seconds left.
|inactive|Tractie has 30 seconds left.
|inactive|raylix has 20 seconds left.
|inactive|Tractie has 20 seconds left.
|inactive|raylix has 15 seconds left.
|inactive|Tractie has 15 seconds left.
|inactive|raylix has 10 seconds left.
|inactive|Tractie has 10 seconds left.
|inactive|Tractie has 5 seconds left.
|
|t:|1756809191
|teamsize|p1|4
|teamsize|p2|4
|start
|switch|p1a: Sneasler|Sneasler, L50, F|100/100
|switch|p1b: Annihilape|Annihilape, L50, M|100/100
|switch|p2a: Dondozo|Dondozo, L50, F|100/100
|switch|p2b: Gothitelle|Gothitelle, L50, F|100/100
|turn|1
|inactive|raylix has 30 seconds left.
|inactive|Tractie has 30 seconds left.
|
|t:|1756809225
|move|p2b: Gothitelle|Protect|p2b: Gothitelle
|-singleturn|p2b: Gothitelle|Protect
|move|p2a: Dondozo|Protect|p2a: Dondozo
|-singleturn|p2a: Dondozo|Protect
|move|p1a: Sneasler|Close Combat|p2a: Dondozo
|-activate|p2a: Dondozo|move: Protect
|move|p1b: Annihilape|Final Gambit|p2b: Gothitelle
|-activate|p2b: Gothitelle|move: Protect
|
|upkeep
|turn|2
|inactive|raylix has 30 seconds left.
|inactive|Tractie has 30 seconds left.
|inactive|Tractie has 20 seconds left.
|inactive|Tractie has 15 seconds left.
|
|t:|1756809269
|switch|p2b: Kingambit|Kingambit, L50, F|100/100
|move|p1a: Sneasler|Dire Claw|p2a: Dondozo
|-damage|p2a: Dondozo|74/100
|move|p1b: Annihilape|Taunt|p2b: Kingambit
|-start|p2b: Kingambit|move: Taunt
|move|p2a: Dondozo|Yawn|p1a: Sneasler
|-start|p1a: Sneasler|move: Yawn|[of] p2a: Dondozo
|
|-heal|p2a: Dondozo|80/100|[from] item: Leftovers
|upkeep
|turn|3
|inactive|Tractie has 30 seconds left.
|inactive|Tractie has 20 seconds left.
|inactive|Tractie has 15 seconds left.
|inactive|Tractie has 10 seconds left.
|
|t:|1756809317
|switch|p1a: Tyranitar|Tyranitar, L50, M|100/100
|-weather|Sandstorm|[from] ability: Sand Stream|[of] p1a: Tyranitar
|switch|p2b: Gothitelle|Gothitelle, L50, F|100/100
|move|p1b: Annihilape|Close Combat|p2b: Gothitelle
|-resisted|p2b: Gothitelle
|-damage|p2b: Gothitelle|79/100
|-unboost|p1b: Annihilape|def|1
|-unboost|p1b: Annihilape|spd|1
|move|p2a: Dondozo|Wave Crash|p1a: Tyranitar
|-supereffective|p1a: Tyranitar
|-damage|p1a: Tyranitar|25/100
|-damage|p2a: Dondozo|61/100|[from] Recoil
|
|-weather|Sandstorm|[upkeep]
|-damage|p2b: Gothitelle|73/100|[from] Sandstorm
|-damage|p2a: Dondozo|55/100|[from] Sandstorm
|-heal|p2a: Dondozo|61/100|[from] item: Leftovers
|upkeep
|turn|4
|inactive|raylix has 30 seconds left.
|inactive|Tractie has 30 seconds left.
|inactive|raylix has 20 seconds left.
|inactive|Tractie has 20 seconds left.
|inactive|raylix has 15 seconds left.
|inactive|Tractie has 15 seconds left.
|inactive|Tractie has 10 seconds left.
|
|t:|1756809366
|move|p2b: Gothitelle|Protect|p2b: Gothitelle
|-singleturn|p2b: Gothitelle|Protect
|move|p1b: Annihilape|Taunt|p2b: Gothitelle
|-activate|p2b: Gothitelle|move: Protect
|move|p1a: Tyranitar|Knock Off|p2a: Dondozo
|-damage|p2a: Dondozo|24/100
|-enditem|p2a: Dondozo|Leftovers|[from] move: Knock Off|[of] p1a: Tyranitar
|move|p2a: Dondozo|Yawn|p1a: Tyranitar
|-start|p1a: Tyranitar|move: Yawn|[of] p2a: Dondozo
|
|-weather|Sandstorm|[upkeep]
|-damage|p2b: Gothitelle|67/100|[from] Sandstorm
|-damage|p2a: Dondozo|18/100|[from] Sandstorm
|upkeep
|turn|5
|inactive|raylix has 30 seconds left.
|inactive|Tractie has 30 seconds left.
|inactive|Tractie has 20 seconds left.
|inactive|Tractie has 15 seconds left.
|inactive|Tractie has 10 seconds left.
|
|t:|1756809412
|-terastallize|p2b: Gothitelle|Water
|move|p2a: Dondozo|Protect|p2a: Dondozo
|-singleturn|p2a: Dondozo|Protect
|move|p1b: Annihilape|Taunt|p2a: Dondozo
|-activate|p2a: Dondozo|move: Protect
|move|p1a: Tyranitar|Low Kick|p2b: Gothitelle
|-damage|p2b: Gothitelle|46/100
|-enditem|p2b: Gothitelle|Sitrus Berry|[eat]
|-heal|p2b: Gothitelle|71/100|[from] item: Sitrus Berry
|move|p2b: Gothitelle|Psychic|p1b: Annihilape
|-supereffective|p1b: Annihilape
|-damage|p1b: Annihilape|14/100
|
|-weather|Sandstorm|[upkeep]
|-damage|p2b: Gothitelle|64/100|[from] Sandstorm
|-damage|p2a: Dondozo|11/100|[from] Sandstorm
|-end|p1a: Tyranitar|move: Yawn|[silent]
|-status|p1a: Tyranitar|slp
|upkeep
|turn|6
|
|t:|1756809436
|move|p1b: Annihilape|Close Combat|p2b: Gothitelle
|-damage|p2b: Gothitelle|23/100
|-unboost|p1b: Annihilape|def|1
|-unboost|p1b: Annihilape|spd|1
|cant|p1a: Tyranitar|slp
|move|p2b: Gothitelle|Psychic|p1b: Annihilape
|-supereffective|p1b: Annihilape
|-damage|p1b: Annihilape|0 fnt
|faint|p1b: Annihilape
|move|p2a: Dondozo|Wave Crash|p1a: Tyranitar
|-supereffective|p1a: Tyranitar
|-damage|p1a: Tyranitar|0 fnt
|faint|p1a: Tyranitar
|-damage|p2a: Dondozo|6/100|[from] Recoil
|
|-weather|Sandstorm|[upkeep]
|-damage|p2b: Gothitelle|17/100|[from] Sandstorm
|-damage|p2a: Dondozo|0 fnt|[from] Sandstorm
|faint|p2a: Dondozo
|upkeep
|
|t:|1756809457
|switch|p1b: Sneasler|Sneasler, L50, F|100/100
|switch|p1a: Indeedee|Indeedee, L50, M|100/100
|switch|p2a: Incineroar|Incineroar, L50, M|100/100
|-fieldstart|move: Psychic Terrain|[from] ability: Psychic Surge|[of] p1a: Indeedee
|-enditem|p1b: Sneasler|Psychic Seed
|-boost|p1b: Sneasler|spd|1|[from] item: Psychic Seed
|-ability|p2a: Incineroar|Intimidate|boost
|-unboost|p1a: Indeedee|atk|1
|-unboost|p1b: Sneasler|atk|1
|turn|7
|inactive|Tractie has 30 seconds left.
|inactive|Tractie has 20 seconds left.
|inactive|Tractie has 15 seconds left.
|
|t:|1756809500
|switch|p2a: Kingambit|Kingambit, L50, F|100/100
|move|p2b: Gothitelle|Protect|p2b: Gothitelle
|-singleturn|p2b: Gothitelle|Protect
|move|p1b: Sneasler|Close Combat|p2a: Kingambit
|-supereffective|p2a: Kingambit
|-damage|p2a: Kingambit|0 fnt
|-unboost|p1b: Sneasler|def|1
|-unboost|p1b: Sneasler|spd|1
|faint|p2a: Kingambit
|move|p1a: Indeedee|Expanding Force|p2b: Gothitelle
|-activate|p2b: Gothitelle|move: Protect
|
|-weather|none
|upkeep
|
|t:|1756809512
|switch|p2a: Incineroar|Incineroar, L50, M|100/100
|-ability|p2a: Incineroar|Intimidate|boost
|-unboost|p1a: Indeedee|atk|1
|-unboost|p1b: Sneasler|atk|1
|turn|8
|inactive|Tractie has 30 seconds left.
|
|t:|1756809543
|move|p1b: Sneasler|Close Combat|p2a: Incineroar
|-supereffective|p2a: Incineroar
|-damage|p2a: Incineroar|32/100
|-unboost|p1b: Sneasler|def|1
|-unboost|p1b: Sneasler|spd|1
|move|p1a: Indeedee|Expanding Force|p2a: Incineroar|[spread] p2b
|-immune|p2a: Incineroar
|-damage|p2b: Gothitelle|0 fnt
|faint|p2b: Gothitelle
|move|p2a: Incineroar|Flare Blitz|p1b: Sneasler
|-damage|p1b: Sneasler|0 fnt
|faint|p1b: Sneasler
|-damage|p2a: Incineroar|7/100|[from] Recoil
|
|upkeep
|turn|9
|inactive|Tractie has 30 seconds left.
|inactive|Tractie has 20 seconds left.
|
|t:|1756809580
|move|p1a: Indeedee|Expanding Force|p2a: Incineroar
|-immune|p2a: Incineroar
|move|p2a: Incineroar|Parting Shot|p1a: Indeedee
|-unboost|p1a: Indeedee|atk|1
|-unboost|p1a: Indeedee|spa|1
|
|upkeep
|turn|10
|
|t:|1756809599
|move|p1a: Indeedee|Expanding Force|p2a: Incineroar
|-immune|p2a: Incineroar
|move|p2a: Incineroar|Parting Shot|p1a: Indeedee
|-unboost|p1a: Indeedee|atk|1
|-unboost|p1a: Indeedee|spa|1
|
|upkeep
|turn|11
|
|t:|1756809606
|move|p1a: Indeedee|Expanding Force|p2a: Incineroar
|-immune|p2a: Incineroar
|move|p2a: Incineroar|Parting Shot|p1a: Indeedee
|-unboost|p1a: Indeedee|atk|1
|-unboost|p1a: Indeedee|spa|1
|
|-fieldend|move: Psychic Terrain
|upkeep
|turn|12
|
|t:|1756809612
|move|p1a: Indeedee|Expanding Force|p2a: Incineroar
|-immune|p2a: Incineroar
|move|p2a: Incineroar|Parting Shot|p1a: Indeedee
|-unboost|p1a: Indeedee|atk|1
|-unboost|p1a: Indeedee|spa|1
|
|upkeep
|turn|13
|
|t:|1756809619
|move|p1a: Indeedee|Expanding Force|p2a: Incineroar
|-immune|p2a: Incineroar
|move|p2a: Incineroar|Parting Shot|p1a: Indeedee
|-unboost|p1a: Indeedee|atk|0
|-unboost|p1a: Indeedee|spa|1
|
|upkeep
|turn|14
|
|t:|1756809629
|move|p1a: Indeedee|Expanding Force|p2a: Incineroar
|-immune|p2a: Incineroar
|move|p2a: Incineroar|Parting Shot|p1a: Indeedee
|-unboost|p1a: Indeedee|atk|0
|-unboost|p1a: Indeedee|spa|1
|
|upkeep
|turn|15
|
|t:|1756809636
|move|p1a: Indeedee|Expanding Force|p2a: Incineroar
|-immune|p2a: Incineroar
|move|p2a: Incineroar|Knock Off|p1a: Indeedee
|-supereffective|p1a: Indeedee
|-damage|p1a: Indeedee|0 fnt
|-enditem|p1a: Indeedee|Choice Scarf|[from] move: Knock Off|[of] p2a: Incineroar
|faint|p1a: Indeedee
|
|win|Tractie
||Tractie is ready for game 2.
|inactive|raylix has 30 seconds to confirm battle start!
|inactive|raylix has 20 seconds to confirm battle start!
|inactive|raylix has 10 seconds to confirm battle start!
|uhtml|next|Next: Game 2 of 3
