|j|☆evilmayheem
|j|☆laut1
|html|evilmayheemlaut1    
|uhtml|bestof|Game 2 of a best-of-3
|t:|1782263757
|gametype|doubles
|player|p1|evilmayheem|crasherwake|1219
|player|p2|laut1|supernerd|1148
|gen|9
|tier|[Gen 9 Champions] VGC 2026 Reg M-B (Bo3)
|rated|
|rule|Species Clause: Limit one of each Pokémon
|rule|Item Clause: Limit 1 of each item
|clearpoke
|poke|p1|Pyroar, L50, M|
|poke|p1|Sableye, L50, F|
|poke|p1|Farigiraf, L50, F|
|poke|p1|Kingambit, L50, M|
|poke|p1|Sylveon, L50, M|
|poke|p1|Scrafty, L50, F|
|poke|p2|Kingambit, L50, M, shiny|
|poke|p2|Garchomp, L50, M|
|poke|p2|Incineroar, L50, F|
|poke|p2|Sylveon, L50, F, shiny|
|poke|p2|Charizard, L50, M|
|poke|p2|Aerodactyl, L50, F, shiny|
|teampreview|4
|showteam|p1|Pyroar||Pyroarite|Rivalry|HeatWave,Overheat,SolarBeam,Protect|Timid||M|||50|]Sableye||RoseliBerry|Prankster|SunnyDay,LightScreen,Reflect,WillOWisp|Calm||F|||50|]Farigiraf||SitrusBerry|ArmorTail|Protect,HelpingHand,Psychic,TrickRoom|Calm||F|||50|]Kingambit||ChopleBerry|Defiant|KowtowCleave,IronHead,SuckerPunch,Protect|Adamant||M|||50|]Sylveon||FairyFeather|Pixilate|Detect,HyperVoice,QuickAttack,HyperBeam|Quiet||M|||50|]Scrafty||Scraftinite|Intimidate|FakeOut,Detect,CloseCombat,KnockOff|Brave||F|||50|
|showteam|p2|Kingambit||ChopleBerry|Defiant|Protect,KowtowCleave,LowKick,SuckerPunch|Adamant||M|||50|]Garchomp||LifeOrb|RoughSkin|Protect,Earthquake,DragonClaw,StompingTantrum|Jolly||M|||50|]Incineroar||SitrusBerry|Intimidate|FakeOut,FlareBlitz,Taunt,PartingShot|Sassy||F|||50|]Sylveon||FairyFeather|Pixilate|Detect,HyperVoice,QuickAttack,HyperBeam|Modest||F|||50|]Charizard||CharizarditeY|Blaze|Protect,HeatWave,WeatherBall,SolarBeam|Modest||M|||50|]Aerodactyl||Aerodactylite|Unnerve|Tailwind,DualWingbeat,RockSlide,WideGuard|Jolly||F|||50|
|
|t:|1782263822
|teamsize|p1|4
|teamsize|p2|4
|start
|switch|p1a: Pyroar|Pyroar, L50, M|100/100
|switch|p1b: Sableye|Sableye, L50, F|100/100
|switch|p2a: Aerodactyl|Aerodactyl, L50, F, shiny|100/100
|switch|p2b: Sylveon|Sylveon, L50, F, shiny|100/100
|-ability|p2a: Aerodactyl|Unnerve
|turn|1
|
|t:|1782263842
|detailschange|p1a: Pyroar|Pyroar-Mega, L50, M
|-mega|p1a: Pyroar|Pyroar|Pyroarite
|move|p1b: Sableye|Light Screen|p1b: Sableye
|-sidestart|p1: evilmayheem|move: Light Screen
|move|p2a: Aerodactyl|Tailwind|p2a: Aerodactyl
|-sidestart|p2: laut1|move: Tailwind
|move|p1a: Pyroar|Heat Wave|p2b: Sylveon|[spread] p2a,p2b
|-resisted|p2a: Aerodactyl|1
|-damage|p2a: Aerodactyl|63/100
|-damage|p2b: Sylveon|54/100
|move|p2b: Sylveon|Hyper Voice|p1a: Pyroar|[spread] p1a,p1b
|-resisted|p1a: Pyroar|1
|-supereffective|p1b: Sableye|1
|-damage|p1a: Pyroar|80/100
|-damage|p1b: Sableye|36/100
|
|upkeep
|turn|2
|inactive|Battle timer is ON: inactive players will automatically lose when time's up. (requested by evilmayheem)
|
|t:|1782263916
|detailschange|p2a: Aerodactyl|Aerodactyl-Mega, L50, F, shiny
|-mega|p2a: Aerodactyl|Aerodactyl|Aerodactylite
|move|p2b: Sylveon|Detect|p2b: Sylveon
|-singleturn|p2b: Sylveon|Protect
|move|p1b: Sableye|Will-O-Wisp|p2a: Aerodactyl
|-status|p2a: Aerodactyl|brn
|move|p2a: Aerodactyl|Rock Slide|p1b: Sableye|[spread] p1a,p1b
|-supereffective|p1a: Pyroar|1
|-damage|p1a: Pyroar|47/100
|-damage|p1b: Sableye|15/100
|move|p1a: Pyroar|Overheat|p2b: Sylveon
|-activate|p2b: Sylveon|move: Protect
|
|-damage|p2a: Aerodactyl|57/100 brn|[from] brn
|upkeep
|turn|3
|
|t:|1782263931
|switch|p2b: Garchomp|Garchomp, L50, M|100/100
|move|p1b: Sableye|Sunny Day|p1b: Sableye
|-weather|SunnyDay
|move|p2a: Aerodactyl|Rock Slide|p1b: Sableye|[spread] p1a,p1b
|-supereffective|p1a: Pyroar|1
|-damage|p1a: Pyroar|12/100
|-damage|p1b: Sableye|0 fnt
|faint|p1b: Sableye
|move|p1a: Pyroar|Heat Wave|p2a: Aerodactyl|[spread] p2a,p2b
|-resisted|p2a: Aerodactyl|1
|-resisted|p2b: Garchomp|1
|-damage|p2a: Aerodactyl|5/100 brn
|-damage|p2b: Garchomp|55/100
|
|-weather|SunnyDay|[upkeep]
|-damage|p2a: Aerodactyl|0 fnt|[from] brn
|faint|p2a: Aerodactyl
|upkeep
|inactive|laut1 has 30 seconds left.
|inactive|laut1 has 20 seconds left.
|
|t:|1782263967
|switch|p2a: Sylveon|Sylveon, L50, F, shiny|54/100
|switch|p1b: Scrafty|Scrafty, L50, F|100/100
|-ability|p1b: Scrafty|Intimidate|boost
|-unboost|p2a: Sylveon|atk|1
|-unboost|p2b: Garchomp|atk|1
|turn|4
|
|t:|1782263984
|move|p2a: Sylveon|Detect|p2a: Sylveon
|-singleturn|p2a: Sylveon|Protect
|move|p1b: Scrafty|Fake Out|p2b: Garchomp
|-damage|p2b: Garchomp|45/100
|-damage|p1b: Scrafty|87/100|[from] ability: Rough Skin|[of] p2b: Garchomp
|cant|p2b: Garchomp|flinch
|move|p1a: Pyroar|Heat Wave|p2a: Sylveon|[spread] p2b
|-activate|p2a: Sylveon|move: Protect
|-resisted|p2b: Garchomp|1
|-damage|p2b: Garchomp|1/100
|
|-weather|SunnyDay|[upkeep]
|-sideend|p2: laut1|move: Tailwind
|upkeep
|turn|5
|inactive|laut1 has 30 seconds left.
|inactive|laut1 has 20 seconds left.
|
|t:|1782264024
|switch|p1b: Kingambit|Kingambit, L50, M|100/100
|move|p1a: Pyroar|Heat Wave|p2a: Sylveon|[spread] p2a
|-miss|p1a: Pyroar|p2b: Garchomp
|-damage|p2a: Sylveon|0 fnt
|faint|p2a: Sylveon
|move|p2b: Garchomp|Earthquake|p1b: Kingambit|[spread] p1a,p1b
|-supereffective|p1a: Pyroar|1
|-supereffective|p1b: Kingambit|1
|-damage|p1a: Pyroar|0 fnt
|-damage|p1b: Kingambit|47/100
|faint|p1a: Pyroar
|-damage|p2b: Garchomp|0 fnt|[from] item: Life Orb
|faint|p2b: Garchomp
|
|-weather|SunnyDay|[upkeep]
|-sideend|p1: evilmayheem|move: Light Screen
|upkeep
|
|t:|1782264035
|switch|p1a: Scrafty|Scrafty, L50, F|87/100
|switch|p2a: Kingambit|Kingambit, L50, M, shiny|100/100
|-ability|p1a: Scrafty|Intimidate|boost
|-unboost|p2a: Kingambit|atk|1
|-ability|p2a: Kingambit|Defiant|boost
|-boost|p2a: Kingambit|atk|2
|turn|6
|inactive|laut1 has 30 seconds left.
|
|t:|1782264062
|move|p2a: Kingambit|Protect|p2a: Kingambit
|-singleturn|p2a: Kingambit|Protect
|move|p1a: Scrafty|Fake Out|p2a: Kingambit
|-activate|p2a: Kingambit|move: Protect
|move|p1b: Kingambit|Kowtow Cleave|p2a: Kingambit
|-activate|p2a: Kingambit|move: Protect
|
|-weather|SunnyDay|[upkeep]
|upkeep
|turn|7
|
|t:|1782264072
|move|p1b: Kingambit|Iron Head|p2a: Kingambit
|-resisted|p2a: Kingambit|1
|-damage|p2a: Kingambit|83/100
|move|p2a: Kingambit|Low Kick|p1a: Scrafty
|-supereffective|p1a: Scrafty|1
|-damage|p1a: Scrafty|35/100
|move|p1a: Scrafty|Knock Off|p2a: Kingambit
|-resisted|p2a: Kingambit|1
|-damage|p2a: Kingambit|71/100
|-enditem|p2a: Kingambit|Chople Berry|[from] move: Knock Off|[of] p1a: Scrafty
|
|-weather|none
|upkeep
|turn|8
|
|t:|1782264084
|move|p1a: Scrafty|Detect|p1a: Scrafty
|-singleturn|p1a: Scrafty|Protect
|move|p1b: Kingambit|Kowtow Cleave|p2a: Kingambit
|-resisted|p2a: Kingambit|1
|-damage|p2a: Kingambit|53/100
|move|p2a: Kingambit|Low Kick|p1a: Scrafty
|-activate|p1a: Scrafty|move: Protect
|
|upkeep
|turn|9
|
|t:|1782264099
|move|p1a: Scrafty|Detect||[still]
|-fail|p1a: Scrafty
|move|p1b: Kingambit|Kowtow Cleave|p2a: Kingambit
|-resisted|p2a: Kingambit|1
|-damage|p2a: Kingambit|35/100
|move|p2a: Kingambit|Low Kick|p1a: Scrafty
|-supereffective|p1a: Scrafty|1
|-damage|p1a: Scrafty|0 fnt
|faint|p1a: Scrafty
|
|upkeep
|turn|10
|
|t:|1782264109
|move|p1b: Kingambit|Kowtow Cleave|p2a: Kingambit
|-resisted|p2a: Kingambit|1
|-damage|p2a: Kingambit|17/100
|move|p2a: Kingambit|Low Kick|p1b: Kingambit
|-supereffective|p1b: Kingambit|2
|-enditem|p1b: Kingambit|Chople Berry|[eat]
|-enditem|p1b: Kingambit|Chople Berry|[weaken]
|-damage|p1b: Kingambit|0 fnt
|faint|p1b: Kingambit
|
|win|laut1
|raw|evilmayheem's rating: 1219 → 1189(-30 for losing)
|raw|laut1's rating: 1148 → 1178(+30 for winning)
|c|☆laut1|GG
