|j|☆mayor of clowntown
|html|mayor of clowntownBroey_jiggs    
|uhtml|bestof|Game 2 of a best-of-3
|t:|1785375656
|gametype|doubles
|player|p1|mayor of clowntown|clown|1000
|player|p2|Broey_jiggs|101|1102
|gen|9
|tier|[Gen 9 Champions] VGC 2026 Reg M-B (Bo3)
|rated|
|rule|Species Clause: Limit one of each Pokémon
|rule|Item Clause: Limit 1 of each item
|clearpoke
|poke|p1|Garchomp, L50, M, shiny|
|poke|p1|Charizard, L50, M, shiny|
|poke|p1|Whimsicott, L50, F|
|poke|p1|Floette-Eternal, L50, F|
|poke|p1|Basculegion, L50, M|
|poke|p1|Kingambit, L50, M, shiny|
|poke|p2|Toxapex, L50, F|
|poke|p2|Rotom-Wash, L50|
|poke|p2|Venusaur, L50, F|
|poke|p2|Incineroar, L50, M|
|poke|p2|Gengar, L50, F|
|poke|p2|Kingambit, L50, F|
|teampreview|4
|showteam|p1|Garchomp||LifeOrb|RoughSkin|Earthquake,RockSlide,DragonClaw,Protect|Jolly||M|||50|]Charizard||CharizarditeY|Blaze|HeatWave,WeatherBall,SolarBeam,Protect|Modest||M|||50|]Whimsicott||FocusSash|Prankster|Moonblast,Tailwind,Encore,Protect|Timid||F|||50|]Floette-Eternal||Floettite|FlowerVeil|Moonblast,DazzlingGleam,LightofRuin,Protect|Modest||F|||50|]Basculegion||MysticWater|Adaptability|WaveCrash,LastRespects,AquaJet,Protect|Adamant||M|||50|]Kingambit||ChopleBerry|Defiant|KowtowCleave,SuckerPunch,IronHead,LowKick|Adamant||M|||50|
|showteam|p2|Toxapex||Leftovers|Regenerator|Toxic,BanefulBunker,Infestation,WideGuard|Bold||F|||50|]Rotom-Wash||Magnet|Levitate|HydroPump,VoltSwitch,WillOWisp,Electroweb|Calm|||||50|]Venusaur||Venusaurite|Chlorophyll|SleepPowder,LeechSeed,SludgeBomb,Protect|Bold||F|||50|]Incineroar||ChopleBerry|Intimidate|FlareBlitz,DarkestLariat,PartingShot,FakeOut|Adamant||M|||50|]Gengar||Gengarite|CursedBody|PerishSong,ShadowBall,Disable,Protect|Timid||F|||50|]Kingambit||BlackGlasses|Defiant|KowtowCleave,SuckerPunch,IronHead,Protect|Adamant||F|||50|
|inactive|Battle timer is ON: inactive players will automatically lose when time's up. (requested by mayor of clowntown)
|inactive|Broey_jiggs disconnected and has a minute to reconnect!
|inactive|mayor of clowntown has 30 seconds left.
|inactive|Broey_jiggs has 30 seconds to reconnect!
|inactive|mayor of clowntown has 20 seconds left.
|inactive|mayor of clowntown has 15 seconds left.
|inactive|Broey_jiggs has 20 seconds to reconnect!
|inactive|mayor of clowntown has 10 seconds left.
|inactive|Broey_jiggs has 15 seconds to reconnect!
|inactive|Broey_jiggs has 10 seconds to reconnect!
|j|☆Broey_jiggs
|inactive|Broey_jiggs reconnected and has 40 seconds left.
|player|p2|Broey_jiggs|101|
|inactive|Broey_jiggs has 30 seconds left.
|inactive|Broey_jiggs has 20 seconds left.
|inactive|Broey_jiggs has 15 seconds left.
|
|t:|1785375811
|teamsize|p1|4
|teamsize|p2|4
|start
|switch|p1a: Basculegion|Basculegion, L50, M|100/100
|switch|p1b: Whimsicott|Whimsicott, L50, F|100/100
|switch|p2a: Rotom|Rotom-Wash, L50|100/100
|switch|p2b: Toxapex|Toxapex, L50, F|100/100
|turn|1
|
|t:|1785375836
|move|p1b: Whimsicott|Protect|p1b: Whimsicott
|-singleturn|p1b: Whimsicott|Protect
|move|p1a: Basculegion|Protect|p1a: Basculegion
|-singleturn|p1a: Basculegion|Protect
|move|p2a: Rotom|Will-O-Wisp|p1a: Basculegion
|-activate|p1a: Basculegion|move: Protect
|move|p2b: Toxapex|Toxic|p1b: Whimsicott
|-activate|p1b: Whimsicott|move: Protect
|
|upkeep
|turn|2
|
|t:|1785375857
|switch|p1a: Floette|Floette-Eternal, L50, F|100/100
|move|p1b: Whimsicott|Encore|p2a: Rotom
|-start|p2a: Rotom|Encore
|move|p2a: Rotom|Will-O-Wisp|p1a: Floette
|-status|p1a: Floette|brn
|move|p2b: Toxapex|Toxic|p1b: Whimsicott
|-block|p1b: Whimsicott|ability: Flower Veil|[of] p1a: Floette
|
|-damage|p1a: Floette|94/100 brn|[from] brn
|upkeep
|turn|3
|
|t:|1785375881
|switch|p2a: Venusaur|Venusaur, L50, F|100/100
|detailschange|p1a: Floette|Floette-Mega, L50, F
|-mega|p1a: Floette|Floette|Floettite
|-ability|p1a: Floette|Fairy Aura
|move|p1b: Whimsicott|Encore|p2b: Toxapex
|-start|p2b: Toxapex|Encore
|move|p1a: Floette|Light of Ruin|p2a: Venusaur
|-resisted|p2a: Venusaur|1
|-damage|p2a: Venusaur|39/100
|-damage|p1a: Floette|56/100 brn|[from] Recoil
|move|p2b: Toxapex|Toxic|p1b: Whimsicott
|-status|p1b: Whimsicott|tox
|
|-damage|p1b: Whimsicott|94/100 tox|[from] psn
|-damage|p1a: Floette|50/100g brn|[from] brn
|upkeep
|turn|4
|inactive|mayor of clowntown has 30 seconds left.
|inactive|mayor of clowntown has 20 seconds left.
|
|t:|1785375920
|switch|p2b: Rotom|Rotom-Wash, L50|100/100
|detailschange|p2a: Venusaur|Venusaur-Mega, L50, F
|-mega|p2a: Venusaur|Venusaur|Venusaurite
|move|p1b: Whimsicott|Moonblast|p2a: Venusaur
|-resisted|p2a: Venusaur|1
|-damage|p2a: Venusaur|19/100
|move|p1a: Floette|Dazzling Gleam|p2a: Venusaur|[spread] p2a,p2b
|-resisted|p2a: Venusaur|1
|-damage|p2a: Venusaur|0 fnt
|-damage|p2b: Rotom|47/100
|faint|p2a: Venusaur
|
|-damage|p1b: Whimsicott|82/100 tox|[from] psn
|-damage|p1a: Floette|44/100 brn|[from] brn
|upkeep
|
|t:|1785375937
|switch|p2a: Toxapex|Toxapex, L50, F|100/100
|turn|5
|j| tedidn
|inactive|mayor of clowntown has 30 seconds left.
|l| tedidn
|
|t:|1785375969
|move|p1b: Whimsicott|Moonblast|p2b: Rotom
|-damage|p2b: Rotom|3/100
|move|p1a: Floette|Moonblast|p2b: Rotom
|-damage|p2b: Rotom|0 fnt
|faint|p2b: Rotom
|move|p2a: Toxapex|Infestation|p1a: Floette
|-resisted|p1a: Floette|1
|-damage|p1a: Floette|43/100 brn
|-activate|p1a: Floette|move: Infestation|[of] p2a: Toxapex
|
|-damage|p1b: Whimsicott|64/100 tox|[from] psn
|-damage|p1a: Floette|37/100 brn|[from] brn
|-damage|p1a: Floette|25/100 brn|[from] move: Infestation|[partiallytrapped]
|upkeep
|
|t:|1785375984
|switch|p2b: Incineroar|Incineroar, L50, M|100/100
|-ability|p2b: Incineroar|Intimidate|boost
|-unboost|p1a: Floette|atk|1
|-unboost|p1b: Whimsicott|atk|1
|turn|6
|
|t:|1785376001
|move|p1b: Whimsicott|Protect|p1b: Whimsicott
|-singleturn|p1b: Whimsicott|Protect
|move|p1a: Floette|Protect|p1a: Floette
|-singleturn|p1a: Floette|Protect
|move|p2b: Incineroar|Fake Out|p1a: Floette
|-activate|p1a: Floette|move: Protect
|move|p2a: Toxapex|Infestation|p1b: Whimsicott
|-activate|p1b: Whimsicott|move: Protect
|
|-damage|p1b: Whimsicott|41/100 tox|[from] psn
|-damage|p1a: Floette|19/100 brn|[from] brn
|-damage|p1a: Floette|7/100 brn|[from] move: Infestation|[partiallytrapped]
|upkeep
|turn|7
|
|t:|1785376022
|move|p2a: Toxapex|Baneful Bunker|p2a: Toxapex
|-singleturn|p2a: Toxapex|move: Protect
|move|p1b: Whimsicott|Encore|p2a: Toxapex
|-activate|p2a: Toxapex|move: Protect
|move|p1a: Floette|Light of Ruin|p2b: Incineroar
|-damage|p2b: Incineroar|0 fnt
|faint|p2b: Incineroar
|-damage|p1a: Floette|0 fnt|[from] Recoil
|faint|p1a: Floette
|
|-damage|p1b: Whimsicott|12/100 tox|[from] psn
|upkeep
|
|t:|1785376037
|switch|p1a: Basculegion|Basculegion, L50, M|100/100
|turn|8
|
|t:|1785376043
|move|p1b: Whimsicott|Encore|p2a: Toxapex
|-start|p2a: Toxapex|Encore
|move|p2a: Toxapex|Baneful Bunker||[still]
|-fail|p2a: Toxapex
|move|p1a: Basculegion|Last Respects|p2a: Toxapex
|-damage|p2a: Toxapex|52/100
|
|-heal|p2a: Toxapex|58/100|[from] item: Leftovers
|-damage|p1b: Whimsicott|0 fnt|[from] psn
|faint|p1b: Whimsicott
|upkeep
|
|t:|1785376053
|switch|p1b: Garchomp|Garchomp, L50, M, shiny|100/100
|turn|9
|
|t:|1785376064
|move|p1b: Garchomp|Protect|p1b: Garchomp
|-singleturn|p1b: Garchomp|Protect
|move|p2a: Toxapex|Baneful Bunker|p2a: Toxapex
|-singleturn|p2a: Toxapex|move: Protect
|move|p1a: Basculegion|Last Respects|p2a: Toxapex
|-activate|p2a: Toxapex|move: Protect
|
|-heal|p2a: Toxapex|63/100|[from] item: Leftovers
|upkeep
|turn|10
|inactive|Broey_jiggs has 30 seconds left.
|l|☆Broey_jiggs
|inactive|Broey_jiggs disconnected and has a minute to reconnect!
|player|p2|
|inactive|Broey_jiggs has 20 seconds left.
|inactive|Broey_jiggs has 15 seconds left.
|inactive|Broey_jiggs has 10 seconds left.
|inactive|Broey_jiggs has 5 seconds left.
|-message|Broey_jiggs lost due to inactivity.
|
|win|mayor of clowntown
|raw|mayor of clowntown's rating: 1000 → 1051(+51 for winning)
|raw|Broey_jiggs's rating: 1102 → 1070(-32 for losing)
