|j|ŌśåGothitelleVGC
|j|Ōśåtaj11
|html|GothitelleVGCtaj11    
|uhtml|bestof|Game 3 of a best-of-3
|t:|1756794669
|gametype|doubles
|player|p1|GothitelleVGC|266|1113
|player|p2|taj11|caitlin|1057
|gen|9
|tier|[Gen 9] VGC 2025 Reg H (Bo3)
|rated|
|rule|Species Clause: Limit one of each Pok├®mon
|rule|Item Clause: Limit 1 of each item
|clearpoke
|poke|p1|Archaludon, L50, F|
|poke|p1|Basculegion, L50, M|
|poke|p1|Magmar, L50, M|
|poke|p1|Rillaboom, L50, F|
|poke|p1|Sneasler, L50, M|
|poke|p1|Garchomp, L50, M|
|poke|p2|Volcarona, L50, M|
|poke|p2|Rillaboom, L50, M|
|poke|p2|Electabuzz, L50, M|
|poke|p2|Dragonite, L50, M|
|poke|p2|Kingambit, L50, M|
|poke|p2|Sneasler, L50, F|
|teampreview|4
|showteam|p1|Archaludon||PowerHerb|Sturdy|FlashCannon,DracoMeteor,ElectroShot,Protect|||F|||50|,,,,,Stellar]Basculegion||ChoiceScarf|Adaptability|WaveCrash,LastRespects,AquaJet,TeraBlast|||M|||50|,,,,,Grass]Magmar||Eviolite|VitalSpirit|Protect,FollowMe,WillOWisp,Overheat|||M|||50|,,,,,Ghost]Rillaboom||AssaultVest|GrassySurge|FakeOut,WoodHammer,GrassyGlide,Uturn|||F|||50|,,,,,Ghost]Sneasler||GrassySeed|Unburden|FakeOut,CloseCombat,DireClaw,Protect|||M|||50|,,,,,Ghost]Garchomp||LifeOrb|RoughSkin|Protect,DragonClaw,StompingTantrum,SwordsDance|||M|||50|,,,,,Steel
|showteam|p2|Volcarona||Leftovers|FlameBody|HeatWave,TeraBlast,QuiverDance,Protect|||M|||50|,,,,,Fairy]Rillaboom||AssaultVest|GrassySurge|WoodHammer,GrassyGlide,HighHorsepower,FakeOut|||M|||50|,,,,,Fire]Electabuzz||Eviolite|VitalSpirit|Thunderbolt,FollowMe,Taunt,Protect|||M|||50|,,,,,Ghost]Dragonite||LoadedDice|InnerFocus|ScaleShot,ExtremeSpeed,Haze,Protect|||M|||50|,,,,,Normal]Kingambit||BlackGlasses|Defiant|KowtowCleave,SuckerPunch,SwordsDance,Protect|||M|||50|,,,,,Dark]Sneasler||FocusSash|PoisonTouch|CloseCombat,DireClaw,Coaching,FakeOut|||F|||50|,,,,,Stellar
|
|t:|1756794705
|teamsize|p1|4
|teamsize|p2|4
|start
|switch|p1a: Sneasler|Sneasler, L50, M|100/100
|switch|p1b: Basculegion|Basculegion, L50, M|100/100
|switch|p2a: Kingsman|Kingambit, L50, M|100/100
|switch|p2b: Buzzman|Electabuzz, L50, M|100/100
|turn|1
|
|t:|1756794730
|-terastallize|p2a: Kingsman|Dark
|move|p1a: Sneasler|Fake Out|p2a: Kingsman
|-damage|p2a: Kingsman|89/100
|move|p2b: Buzzman|Follow Me|p2b: Buzzman
|-singleturn|p2b: Buzzman|move: Follow Me
|cant|p2a: Kingsman|flinch
|move|p1b: Basculegion|Wave Crash|p2b: Buzzman
|-damage|p2b: Buzzman|35/100
|-damage|p1b: Basculegion|82/100|[from] Recoil
|
|upkeep
|turn|2
|
|t:|1756794804
|switch|p1b: Garchomp|Garchomp, L50, M|100/100
|move|p2b: Buzzman|Follow Me|p2b: Buzzman
|-singleturn|p2b: Buzzman|move: Follow Me
|move|p1a: Sneasler|Close Combat|p2b: Buzzman
|-damage|p2b: Buzzman|0 fnt
|-unboost|p1a: Sneasler|def|1
|-unboost|p1a: Sneasler|spd|1
|faint|p2b: Buzzman
|move|p2a: Kingsman|Kowtow Cleave|p1a: Sneasler
|-resisted|p1a: Sneasler
|-damage|p1a: Sneasler|1/100
|
|upkeep
|
|t:|1756794829
|switch|p2b: BoomBoom|Rillaboom, L50, M|100/100
|-fieldstart|move: Grassy Terrain|[from] ability: Grassy Surge|[of] p2b: BoomBoom
|-enditem|p1a: Sneasler|Grassy Seed
|-boost|p1a: Sneasler|def|1|[from] item: Grassy Seed
|turn|3
|
|t:|1756794846
|move|p2b: BoomBoom|Grassy Glide|p1a: Sneasler
|-resisted|p1a: Sneasler
|-damage|p1a: Sneasler|0 fnt
|faint|p1a: Sneasler
|move|p1b: Garchomp|Dragon Claw|p2a: Kingsman
|-damage|p2a: Kingsman|51/100
|-damage|p1b: Garchomp|91/100|[from] item: Life Orb
|move|p2a: Kingsman|Swords Dance|p2a: Kingsman
|-boost|p2a: Kingsman|atk|2
|
|-heal|p1b: Garchomp|97/100|[from] Grassy Terrain
|-heal|p2a: Kingsman|57/100|[from] Grassy Terrain
|upkeep
|
|t:|1756794851
|switch|p1a: Magmar|Magmar, L50, M|100/100
|turn|4
|
|t:|1756794878
|switch|p2b: Clawbird|Sneasler, L50, F|100/100
|move|p2a: Kingsman|Protect|p2a: Kingsman
|-singleturn|p2a: Kingsman|Protect
|move|p1b: Garchomp|Swords Dance|p1b: Garchomp
|-boost|p1b: Garchomp|atk|2
|move|p1a: Magmar|Will-O-Wisp|p2a: Kingsman
|-activate|p2a: Kingsman|move: Protect
|
|-heal|p1b: Garchomp|100/100|[from] Grassy Terrain
|-heal|p2a: Kingsman|63/100|[from] Grassy Terrain
|upkeep
|turn|5
|
|t:|1756794895
|move|p1b: Garchomp|Protect|p1b: Garchomp
|-singleturn|p1b: Garchomp|Protect
|move|p1a: Magmar|Protect|p1a: Magmar
|-singleturn|p1a: Magmar|Protect
|move|p2b: Clawbird|Fake Out|p1a: Magmar
|-activate|p1a: Magmar|move: Protect
|move|p2a: Kingsman|Sucker Punch||[still]
|-fail|p2a: Kingsman
|
|-heal|p2a: Kingsman|69/100|[from] Grassy Terrain
|upkeep
|turn|6
|
|t:|1756794918
|-terastallize|p1a: Magmar|Ghost
|move|p2a: Kingsman|Protect|p2a: Kingsman
|-singleturn|p2a: Kingsman|Protect
|move|p1a: Magmar|Follow Me|p1a: Magmar
|-singleturn|p1a: Magmar|move: Follow Me
|move|p2b: Clawbird|Dire Claw|p1a: Magmar
|-resisted|p1a: Magmar
|-damage|p1a: Magmar|83/100
|-status|p1a: Magmar|psn|[from] ability: Poison Touch|[of] p2b: Clawbird
|move|p1b: Garchomp|Dragon Claw|p2a: Kingsman
|-activate|p2a: Kingsman|move: Protect
|
|-heal|p1a: Magmar|89/100 psn|[from] Grassy Terrain
|-heal|p2a: Kingsman|74/100|[from] Grassy Terrain
|-damage|p1a: Magmar|77/100 psn|[from] psn
|upkeep
|turn|7
|
|t:|1756794949
|move|p1a: Magmar|Follow Me|p1a: Magmar
|-singleturn|p1a: Magmar|move: Follow Me
|move|p2b: Clawbird|Coaching|p2a: Kingsman
|-boost|p2a: Kingsman|atk|1
|-boost|p2a: Kingsman|def|1
|move|p1b: Garchomp|Dragon Claw|p2a: Kingsman
|-damage|p2a: Kingsman|20/100
|-damage|p1b: Garchomp|91/100|[from] item: Life Orb
|move|p2a: Kingsman|Kowtow Cleave|p1a: Magmar
|-supereffective|p1a: Magmar
|-damage|p1a: Magmar|0 fnt
|faint|p1a: Magmar
|
|-heal|p1b: Garchomp|97/100|[from] Grassy Terrain
|-heal|p2a: Kingsman|26/100|[from] Grassy Terrain
|-fieldend|move: Grassy Terrain
|upkeep
|
|t:|1756794955
|switch|p1a: Basculegion|Basculegion, L50, M|82/100
|turn|8
|
|t:|1756795024
|move|p1b: Garchomp|Protect|p1b: Garchomp
|-singleturn|p1b: Garchomp|Protect
|move|p2a: Kingsman|Protect|p2a: Kingsman
|-singleturn|p2a: Kingsman|Protect
|move|p1a: Basculegion|Aqua Jet|p2b: Clawbird
|-damage|p2b: Clawbird|51/100
|move|p2b: Clawbird|Dire Claw|p1a: Basculegion
|-resisted|p1a: Basculegion
|-damage|p1a: Basculegion|57/100
|
|upkeep
|turn|9
|
|t:|1756795072
|move|p1a: Basculegion|Aqua Jet|p2a: Kingsman
|-damage|p2a: Kingsman|13/100
|move|p2a: Kingsman|Sucker Punch||[still]
|-fail|p2a: Kingsman
|move|p2b: Clawbird|Dire Claw|p1b: Garchomp
|-resisted|p1b: Garchomp
|-crit|p1b: Garchomp
|-damage|p1b: Garchomp|65/100
|-status|p1b: Garchomp|slp
|-damage|p2b: Clawbird|39/100|[from] ability: Rough Skin|[of] p1b: Garchomp
|cant|p1b: Garchomp|slp
|
|upkeep
|turn|10
|c|ŌśåGothitelleVGC|really
|c|Ōśåtaj11|my b dawg
|c|ŌśåGothitelleVGC|i called it
|c|ŌśåGothitelleVGC|you have a 100% win con
|
|t:|1756795135
|move|p1a: Basculegion|Aqua Jet|p2b: Clawbird
|-damage|p2b: Clawbird|0 fnt
|faint|p2b: Clawbird
|move|p2a: Kingsman|Sucker Punch|p1b: Garchomp
|-damage|p1b: Garchomp|0 fnt
|-damage|p2a: Kingsman|1/100|[from] ability: Rough Skin|[of] p1b: Garchomp
|faint|p1b: Garchomp
|
|upkeep
|
|t:|1756795140
|switch|p2b: BoomBoom|Rillaboom, L50, M|100/100
|-fieldstart|move: Grassy Terrain|[from] ability: Grassy Surge|[of] p2b: BoomBoom
|turn|11
|c|ŌśåGothitelleVGC|that wow miss g1 hurt so muich
|c|Ōśåtaj11|ggs tho wp
|
|t:|1756795155
|move|p1a: Basculegion|Aqua Jet|p2a: Kingsman
|-damage|p2a: Kingsman|0 fnt
|faint|p2a: Kingsman
|move|p2b: BoomBoom|Wood Hammer|p1a: Basculegion
|-supereffective|p1a: Basculegion
|-damage|p1a: Basculegion|0 fnt
|faint|p1a: Basculegion
|-damage|p2b: BoomBoom|83/100|[from] Recoil
|
|win|taj11
|raw|GothitelleVGC's rating: 1113 → 1084(-29 for losing)
|raw|taj11's rating: 1057 → 1093(+36 for winning)
|c|ŌśåGothitelleVGC|also nice coaching play
|c|ŌśåGothitelleVGC|i almost doubled
|c|Ōśåtaj11|ty, it was needed since +2 definitely killed tbh
|c|Ōśåtaj11|i also think if u last respect'd it wouldve been better but ig u didnt want to be threatened by sucker
|c|ŌśåGothitelleVGC|well if you bring in rilla i get nothing
|c|ŌśåGothitelleVGC|as you gg me
|c|ŌśåGothitelleVGC|so aqua gives me value even then
|c|Ōśåtaj11|it def 2 shots rilla if its max damage
|c|Ōśåtaj11|but yea i do just hit u hard
|c|Ōśåtaj11|ggs tho good sets
