|j|☆MiamiButcher
|j|☆zachlobbed
|html|MiamiButcherzachlobbed    
|uhtml|bestof|Game 2 of a best-of-3
|t:|1784483898
|gametype|doubles
|player|p1|MiamiButcher|giovanni|1042
|player|p2|zachlobbed|brock|1048
|gen|9
|tier|[Gen 9 Champions] VGC 2026 Reg M-B (Bo3)
|rated|
|rule|Species Clause: Limit one of each Pokémon
|rule|Item Clause: Limit 1 of each item
|clearpoke
|poke|p1|Palafin, L50, M|
|poke|p1|Kingambit, L50, F|
|poke|p1|Ceruledge, L50, M|
|poke|p1|Alakazam, L50, M|
|poke|p1|Garchomp, L50, F|
|poke|p1|Sneasler, L50, M|
|poke|p2|Charizard, L50, F|
|poke|p2|Floette-Eternal, L50, F|
|poke|p2|Whimsicott, L50, M|
|poke|p2|Garchomp, L50, F|
|poke|p2|Basculegion, L50, M|
|poke|p2|Kingambit, L50, M|
|teampreview|4
|showteam|p1|Palafin||Leftovers|ZerotoHero|BulkUp,JetPunch,DrainPunch,Taunt|Adamant||M|||50|]Kingambit||ChopleBerry|SupremeOverlord|SwordsDance,KowtowCleave,SuckerPunch,IronHead|Adamant||F|||50|]Ceruledge||ShucaBerry|WeakArmor|SwordsDance,BitterBlade,Poltergeist,ShadowSneak|Adamant||M|||50|]Alakazam||Alakazite|MagicGuard|NastyPlot,Psychic,ShadowBall,FocusBlast|Timid||M|||50|]Garchomp||SitrusBerry|RoughSkin|Earthquake,DragonTail,StealthRock,Spikes|Impish||F|||50|]Sneasler||WhiteHerb|Unburden|SwordsDance,CloseCombat,Acrobatics,DireClaw|Adamant||M|||50|
|showteam|p2|Charizard||CharizarditeY|Blaze|Protect,HeatWave,SolarBeam,WeatherBall|Modest||F|||50|]Floette-Eternal||Floettite|FlowerVeil|Protect,LightofRuin,Moonblast,DazzlingGleam|Timid||F|||50|]Whimsicott||FocusSash|Prankster|Protect,Tailwind,Moonblast,Encore|Timid||M|||50|]Garchomp||LifeOrb|RoughSkin|Protect,DragonClaw,Earthquake,RockSlide|Jolly||F|||50|]Basculegion||MysticWater|Adaptability|Protect,AquaJet,WaveCrash,LastRespects|Adamant||M|||50|]Kingambit||BlackGlasses|Defiant|Protect,LowKick,SuckerPunch,KowtowCleave|Adamant||M|||50|
|inactive|Battle timer is ON: inactive players will automatically lose when time's up. (requested by zachlobbed)
|inactive|MiamiButcher also wants the timer to be on.
|
|t:|1784483918
|teamsize|p1|4
|teamsize|p2|4
|start
|switch|p1a: Palafin|Palafin, L50, M|100/100
|switch|p1b: Ceruledge|Ceruledge, L50, M|100/100
|switch|p2a: Whimsicott|Whimsicott, L50, M|100/100
|switch|p2b: Basculegion|Basculegion, L50, M|100/100
|turn|1
|inactive|MiamiButcher has 30 seconds left.
|
|t:|1784483952
|detailschange|p1a: Palafin|Palafin-Hero, L50, M
|switch|p1a: Sneasler|Sneasler, L50, M|100/100
|move|p2a: Whimsicott|Tailwind|p2a: Whimsicott
|-sidestart|p2: zachlobbed|move: Tailwind
|move|p2b: Basculegion|Wave Crash|p1b: Ceruledge
|-supereffective|p1b: Ceruledge|1
|-damage|p1b: Ceruledge|0 fnt
|faint|p1b: Ceruledge
|-damage|p2b: Basculegion|69/100|[from] Recoil
|
|upkeep
|
|t:|1784483969
|switch|p1b: Alakazam|Alakazam, L50, M|100/100
|turn|2
|
|t:|1784483980
|switch|p1b: Palafin|Palafin-Hero, L50, M|100/100
|-activate|p1b: Palafin|ability: Zero to Hero
|move|p2a: Whimsicott|Moonblast|p1a: Sneasler
|-damage|p1a: Sneasler|60/100
|move|p2b: Basculegion|Wave Crash|p1b: Palafin
|-resisted|p1b: Palafin|1
|-damage|p1b: Palafin|57/100
|-damage|p2b: Basculegion|55/100|[from] Recoil
|move|p1a: Sneasler|Dire Claw|p2b: Basculegion
|-resisted|p2b: Basculegion|1
|-damage|p2b: Basculegion|28/100
|
|-heal|p1b: Palafin|63/100|[from] item: Leftovers
|upkeep
|turn|3
|inactive|MiamiButcher has 30 seconds left.
|
|t:|1784484006
|move|p2b: Basculegion|Aqua Jet|p1a: Sneasler
|-damage|p1a: Sneasler|15/100
|move|p2a: Whimsicott|Moonblast|p1a: Sneasler
|-damage|p1a: Sneasler|0 fnt
|faint|p1a: Sneasler
|move|p1b: Palafin|Bulk Up|p1b: Palafin
|-boost|p1b: Palafin|atk|1
|-boost|p1b: Palafin|def|1
|
|-heal|p1b: Palafin|69/100|[from] item: Leftovers
|upkeep
|
|t:|1784484012
|switch|p1a: Alakazam|Alakazam, L50, M|100/100
|turn|4
|
|t:|1784484022
|detailschange|p1a: Alakazam|Alakazam-Mega, L50, M
|-mega|p1a: Alakazam|Alakazam|Alakazite
|-ability|p1a: Alakazam|Adaptability|Trace|[from] ability: Trace|[of] p2b: Basculegion
|move|p2a: Whimsicott|Encore|p1b: Palafin
|-start|p1b: Palafin|Encore
|move|p2b: Basculegion|Wave Crash|p1a: Alakazam
|-damage|p1a: Alakazam|0 fnt
|faint|p1a: Alakazam
|-damage|p2b: Basculegion|6/100|[from] Recoil
|move|p1b: Palafin|Bulk Up|p1b: Palafin
|-boost|p1b: Palafin|atk|1
|-boost|p1b: Palafin|def|1
|
|-heal|p1b: Palafin|75/100|[from] item: Leftovers
|-sideend|p2: zachlobbed|move: Tailwind
|upkeep
|turn|5
|
|t:|1784484038
|switch|p2b: Charizard|Charizard, L50, F|100/100
|move|p2a: Whimsicott|Moonblast|p1b: Palafin
|-damage|p1b: Palafin|44/100
|-unboost|p1b: Palafin|spa|1
|move|p1b: Palafin|Bulk Up|p1b: Palafin
|-boost|p1b: Palafin|atk|1
|-boost|p1b: Palafin|def|1
|
|-heal|p1b: Palafin|50/100g|[from] item: Leftovers
|upkeep
|turn|6
|-message|MiamiButcher forfeited.
|
|win|zachlobbed
|raw|MiamiButcher's rating: 1042 → 1026(-16 for losing)
|raw|zachlobbed's rating: 1048 → 1080(+32 for winning)
