|j|☆Dzi_prisoner
|j|☆Wolferus
|html|Dzi_prisonerWolferus    
|uhtml|bestof|Game 2 of a best-of-3
|t:|1783718385
|gametype|doubles
|player|p1|Dzi_prisoner|ghetsis|
|player|p2|Wolferus|grimsley|
|gen|9
|tier|[Gen 9 Champions] VGC 2026 Reg M-B (Bo3)
|rule|Species Clause: Limit one of each Pokémon
|rule|Item Clause: Limit 1 of each item
|clearpoke
|poke|p1|Kangaskhan, L50, F|
|poke|p1|Gardevoir, L50, M, shiny|
|poke|p1|Meowstic, L50, M|
|poke|p1|Tauros-Paldea-Blaze, L50, M|
|poke|p1|Aerodactyl, L50, M|
|poke|p1|Aegislash, L50, F, shiny|
|poke|p2|Garchomp, L50, M|
|poke|p2|Emboar, L50, F, shiny|
|poke|p2|Hydreigon, L50, M|
|poke|p2|Ninetales-Alola, L50, M|
|poke|p2|Rhyperior, L50, M|
|poke|p2|Toxapex, L50, F|
|teampreview|4
|showteam|p1|Kangaskhan||MuscleBand|Scrappy|FakeOut,IcePunch,Protect,DrainPunch|Jolly||F|||50|]Gardevoir||Gardevoirite|Telepathy|CalmMind,VacuumWave,HyperVoice,Protect|Timid||M|||50|]Meowstic||FocusSash|Prankster|LightScreen,Reflect,Yawn,PsychicTerrain|Bold||M|||50|]Tauros-Paldea-Blaze||ExpertBelt|Intimidate|ZenHeadbutt,CloseCombat,RagingBull,RockSlide|Jolly||M|||50|]Aerodactyl||YacheBerry|Unnerve|Tailwind,Taunt,WideGuard,RockSlide|Jolly||M|||50|]Aegislash||ColburBerry|StanceChange|SwordsDance,KingsShield,SacredSword,ShadowSneak|Brave||F|||50|
|showteam|p2|Garchomp||Garchompite|RoughSkin|SwordsDance,Earthquake,DragonClaw,RockSlide|Jolly||M|||50|]Emboar||Emboarite|Reckless|FlareBlitz,DrainPunch,HeavySlam,Protect|Adamant||F|||50|]Hydreigon||LifeOrb|Levitate|DarkPulse,EarthPower,DracoMeteor,Protect|Modest||M|||50|]Ninetales-Alola||LightClay|SnowWarning|AuroraVeil,Encore,Blizzard,FreezeDry|Timid||M|||50|]Rhyperior||SitrusBerry|SolidRock|RockSlide,HighHorsepower,Crunch,Protect|Brave||M|||50|]Toxapex||Leftovers|Regenerator|BanefulBunker,Toxic,Surf,Recover|Bold||F|||50|
|j| Terrycat
|j| raccan
|
|t:|1783718468
|teamsize|p1|4
|teamsize|p2|4
|start
|switch|p1a: Big mama|Kangaskhan, L50, F|100/100
|switch|p1b: Jet fuel|Aerodactyl, L50, M|100/100
|switch|p2a: Kurama-Snow|Ninetales-Alola, L50, M|100/100
|switch|p2b: Dominic|Rhyperior, L50, M|100/100
|-ability|p1b: Jet fuel|Unnerve
|-weather|Snowscape|[from] ability: Snow Warning|[of] p2a: Kurama-Snow
|turn|1
|j| meknomancer
|
|t:|1783718573
|move|p1a: Big mama|Fake Out|p2b: Dominic
|-resisted|p2b: Dominic|1
|-damage|p2b: Dominic|93/100
|move|p1b: Jet fuel|Tailwind|p1b: Jet fuel
|-sidestart|p1: Dzi_prisoner|move: Tailwind
|move|p2a: Kurama-Snow|Aurora Veil|p2a: Kurama-Snow
|-sidestart|p2: Wolferus|move: Aurora Veil
|cant|p2b: Dominic|flinch
|
|-weather|Snowscape|[upkeep]
|upkeep
|turn|2
|
|t:|1783718598
|switch|p1a: Incin at home|Tauros-Paldea-Blaze, L50, M|100/100
|-ability|p1a: Incin at home|Intimidate|boost
|-unboost|p2a: Kurama-Snow|atk|1
|-unboost|p2b: Dominic|atk|1
|move|p1b: Jet fuel|Wide Guard|p1b: Jet fuel
|-singleturn|p1b: Jet fuel|Wide Guard
|move|p2a: Kurama-Snow|Blizzard|p1a: Incin at home|[spread] 
|-activate|p1a: Incin at home|move: Wide Guard
|-activate|p1b: Jet fuel|move: Wide Guard
|move|p2b: Dominic|Rock Slide|p1a: Incin at home|[spread] 
|-activate|p1a: Incin at home|move: Wide Guard
|-activate|p1b: Jet fuel|move: Wide Guard
|
|-weather|Snowscape|[upkeep]
|upkeep
|turn|3
|
|t:|1783718618
|move|p2b: Dominic|Protect|p2b: Dominic
|-singleturn|p2b: Dominic|Protect
|move|p1b: Jet fuel|Rock Slide|p2a: Kurama-Snow|[spread] p2a
|-activate|p2b: Dominic|move: Protect
|-supereffective|p2a: Kurama-Snow|1
|-damage|p2a: Kurama-Snow|70/100
|move|p1a: Incin at home|Rock Slide|p2b: Dominic|[spread] p2a
|-activate|p2b: Dominic|move: Protect
|-supereffective|p2a: Kurama-Snow|1
|-damage|p2a: Kurama-Snow|47/100
|move|p2a: Kurama-Snow|Blizzard|p1a: Incin at home|[spread] p1a,p1b
|-resisted|p1a: Incin at home|1
|-supereffective|p1b: Jet fuel|1
|-enditem|p1b: Jet fuel|Yache Berry|[eat]
|-enditem|p1b: Jet fuel|Yache Berry|[weaken]
|-damage|p1a: Incin at home|80/100
|-damage|p1b: Jet fuel|65/100
|
|-weather|Snowscape|[upkeep]
|upkeep
|turn|4
|
|t:|1783718644
|move|p1b: Jet fuel|Rock Slide|p2a: Kurama-Snow|[spread] 
|-miss|p1b: Jet fuel|p2a: Kurama-Snow
|-miss|p1b: Jet fuel|p2b: Dominic
|move|p1a: Incin at home|Rock Slide|p2a: Kurama-Snow|[spread] p2b
|-miss|p1a: Incin at home|p2a: Kurama-Snow
|-resisted|p2b: Dominic|1
|-damage|p2b: Dominic|89/100
|move|p2a: Kurama-Snow|Freeze-Dry|p1b: Jet fuel
|-supereffective|p1b: Jet fuel|1
|-damage|p1b: Jet fuel|3/100
|move|p2b: Dominic|High Horsepower|p1a: Incin at home
|-supereffective|p1a: Incin at home|1
|-damage|p1a: Incin at home|0 fnt
|faint|p1a: Incin at home
|
|-weather|Snowscape|[upkeep]
|-sideend|p1: Dzi_prisoner|move: Tailwind
|upkeep
|
|t:|1783718661
|switch|p1a: Big mama|Kangaskhan, L50, F|100/100
|turn|5
|
|t:|1783718691
|move|p1a: Big mama|Fake Out|p2a: Kurama-Snow
|-damage|p2a: Kurama-Snow|37/100
|move|p1b: Jet fuel|Tailwind|p1b: Jet fuel
|-sidestart|p1: Dzi_prisoner|move: Tailwind
|cant|p2a: Kurama-Snow|flinch
|move|p2b: Dominic|High Horsepower|p1a: Big mama|[miss]
|-miss|p2b: Dominic|p1a: Big mama
|
|-weather|none
|upkeep
|turn|6
|l| Terrycat
|
|t:|1783718713
|move|p1b: Jet fuel|Rock Slide|p2a: Kurama-Snow|[spread] p2a,p2b
|-supereffective|p2a: Kurama-Snow|1
|-resisted|p2b: Dominic|1
|-damage|p2a: Kurama-Snow|0 fnt
|-damage|p2b: Dominic|83/100
|faint|p2a: Kurama-Snow
|move|p1a: Big mama|Drain Punch|p2b: Dominic
|-supereffective|p2b: Dominic|1
|-damage|p2b: Dominic|67/100
|move|p2b: Dominic|High Horsepower|p1a: Big mama
|-damage|p1a: Big mama|55/100
|
|upkeep
|
|t:|1783718729
|switch|p2a: Hogfire|Emboar, L50, F, shiny|100/100
|turn|7
|j| Terrycat
|
|t:|1783718756
|detailschange|p2a: Hogfire|Emboar-Mega, L50, F, shiny
|-mega|p2a: Hogfire|Emboar|Emboarite
|-ability|p2a: Hogfire|Mold Breaker
|move|p1a: Big mama|Protect|p1a: Big mama
|-singleturn|p1a: Big mama|Protect
|move|p1b: Jet fuel|Rock Slide|p2a: Hogfire|[spread] p2a,p2b
|-resisted|p2b: Dominic|1
|-damage|p2a: Hogfire|82/100
|-damage|p2b: Dominic|62/100
|cant|p2a: Hogfire|flinch
|move|p2b: Dominic|Crunch|p1b: Jet fuel
|-damage|p1b: Jet fuel|0 fnt
|faint|p1b: Jet fuel
|
|upkeep
|
|t:|1783718769
|switch|p1b: Big man|Gardevoir, L50, M, shiny|100/100
|turn|8
|
|t:|1783718824
|detailschange|p1b: Big man|Gardevoir-Mega, L50, M, shiny
|-mega|p1b: Big man|Gardevoir|Gardevoirite
|move|p1b: Big man|Hyper Voice|p2a: Hogfire|[spread] p2a,p2b
|-damage|p2a: Hogfire|57/100
|-damage|p2b: Dominic|18/100
|-enditem|p2b: Dominic|Sitrus Berry|[eat]
|-heal|p2b: Dominic|43/100|[from] item: Sitrus Berry
|move|p1a: Big mama|Drain Punch|p2b: Dominic
|-supereffective|p2b: Dominic|1
|-damage|p2b: Dominic|26/100
|-heal|p1a: Big mama|65/100|[from] drain|[of] p2b: Dominic
|move|p2a: Hogfire|Heavy Slam|p1b: Big man
|-supereffective|p1b: Big man|1
|-damage|p1b: Big man|0 fnt
|faint|p1b: Big man
|move|p2b: Dominic|Crunch|p1a: Big mama
|-crit|p1a: Big mama
|-damage|p1a: Big mama|5/100
|
|-sideend|p1: Dzi_prisoner|move: Tailwind
|-sideend|p2: Wolferus|move: Aurora Veil
|upkeep
|turn|9
|
|t:|1783718851
|move|p1a: Big mama|Drain Punch|p2b: Dominic
|-supereffective|p2b: Dominic|1
|-damage|p2b: Dominic|3/100
|-heal|p1a: Big mama|19/100|[from] drain|[of] p2b: Dominic
|move|p2a: Hogfire|Drain Punch|p1a: Big mama
|-supereffective|p1a: Big mama|1
|-damage|p1a: Big mama|0 fnt
|-heal|p2a: Hogfire|65/100|[from] drain|[of] p1a: Big mama
|faint|p1a: Big mama
|
|win|Wolferus
|inactive|Dzi_prisoner has 30 seconds to confirm battle start!
|inactive|Wolferus has 30 seconds to confirm battle start!
|l|☆Dzi_prisoner
|player|p1|
