|j|☆Sedrav
|j|☆afkchampion2
|html|Sedravafkchampion2    
|uhtml|bestof|Game 1 of a best-of-3
|t:|1756935455
|gametype|doubles
|player|p1|Sedrav|265|1293
|player|p2|afkchampion2|101|1205
|gen|9
|tier|[Gen 9] VGC 2025 Reg H (Bo3)
|rated|
|rule|Species Clause: Limit one of each Pokémon
|rule|Item Clause: Limit 1 of each item
|clearpoke
|poke|p1|Garchomp, L50, F|
|poke|p1|Talonflame, L50, M|
|poke|p1|Gholdengo, L50|
|poke|p1|Tyranitar, L50, F|
|poke|p1|Amoonguss, L50, F|
|poke|p1|Milotic, L50, F|
|poke|p2|Ninetales-Alola, L50, M|
|poke|p2|Rillaboom, L50, F|
|poke|p2|Sneasler, L50, M|
|poke|p2|Kingambit, L50, F|
|poke|p2|Basculegion, L50, M|
|poke|p2|Magmar, L50, M|
|teampreview|4
|showteam|p1|Garchomp||LifeOrb|RoughSkin|DragonClaw,StompingTantrum,Earthquake,Protect|||F|||50|,,,,,Fairy]Talonflame||CovertCloak|GaleWings|BraveBird,Tailwind,WillOWisp,Taunt|||M|||50|,,,,,Grass]Gholdengo||MetalCoat|GoodasGold|MakeItRain,ShadowBall,NastyPlot,Protect||||||50|,,,,,Flying]Tyranitar||AssaultVest|SandStream|RockSlide,KnockOff,LowKick,TeraBlast|||F|||50|,,,,,Flying]Amoonguss||SitrusBerry|Regenerator|Spore,RagePowder,PollenPuff,Protect|||F|||50|,,,,,Water]Milotic||SafetyGoggles|Competitive|Scald,IcyWind,Haze,Protect|||F|||50|,,,,,Dragon
|showteam|p2|Ninetales-Alola||NeverMeltIce|SnowWarning|Blizzard,FreezeDry,Encore,Protect|||M|||50|,,,,,Ghost]Rillaboom||AssaultVest|GrassySurge|WoodHammer,GrassyGlide,HighHorsepower,FakeOut|||F|||50|,,,,,Ghost]Sneasler||FocusSash|PoisonTouch|DireClaw,CloseCombat,FakeOut,Protect|||M|||50|,,,,,Ghost]Kingambit||BlackGlasses|Defiant|KowtowCleave,SuckerPunch,SwordsDance,Protect|||F|||50|,,,,,Fire]Basculegion||ChoiceScarf|Adaptability|WaveCrash,FlipTurn,TeraBlast,LastRespects|||M|||50|,,,,,Fighting]Magmar||Eviolite|VitalSpirit|HeatWave,Taunt,FollowMe,Protect|||M|||50|,,,,,Ghost
|l|☆afkchampion2
|player|p2|
|inactive|Battle timer is ON: inactive players will automatically lose when time's up. (requested by Sedrav)
|j|☆afkchampion2
|inactive|afkchampion2 reconnected and has 90 seconds left.
|player|p2|afkchampion2|101|
|j| teamthief420
|inactive|Sedrav has 60 seconds left.
|inactive|afkchampion2 has 60 seconds left.
|inactive|afkchampion2 has 30 seconds left.
|inactive|afkchampion2 has 20 seconds left.
|inactive|afkchampion2 has 15 seconds left.
|
|t:|1756935540
|teamsize|p1|4
|teamsize|p2|4
|start
|switch|p1a: Garchomp|Garchomp, L50, F|100/100
|switch|p1b: Talonflame|Talonflame, L50, M|100/100
|switch|p2a: Sneasler|Sneasler, L50, M|100/100
|switch|p2b: Ninetales|Ninetales-Alola, L50, M|100/100
|-weather|Snowscape|[from] ability: Snow Warning|[of] p2b: Ninetales
|turn|1
|inactive|Sedrav has 30 seconds left.
|inactive|afkchampion2 has 30 seconds left.
|inactive|Sedrav has 20 seconds left.
|inactive|Sedrav has 15 seconds left.
|
|t:|1756935581
|move|p1a: Garchomp|Protect|p1a: Garchomp
|-singleturn|p1a: Garchomp|Protect
|move|p1b: Talonflame|Tailwind|p1b: Talonflame
|-sidestart|p1: Sedrav|move: Tailwind
|move|p2a: Sneasler|Dire Claw|p1b: Talonflame
|-crit|p1b: Talonflame
|-damage|p1b: Talonflame|1/100
|move|p2b: Ninetales|Blizzard|p1b: Talonflame|[spread] p1b
|-activate|p1a: Garchomp|move: Protect
|-damage|p1b: Talonflame|0 fnt
|faint|p1b: Talonflame
|
|-weather|Snowscape|[upkeep]
|upkeep
|
|t:|1756935593
|switch|p1b: Gholdengo|Gholdengo, L50|100/100
|turn|2
|
|t:|1756935612
|switch|p2b: Rillaboom|Rillaboom, L50, F|100/100
|-fieldstart|move: Grassy Terrain|[from] ability: Grassy Surge|[of] p2b: Rillaboom
|-terastallize|p1b: Gholdengo|Flying
|move|p2a: Sneasler|Protect|p2a: Sneasler
|-singleturn|p2a: Sneasler|Protect
|move|p1a: Garchomp|Earthquake|p2b: Rillaboom|[spread] p2b
|-activate|p2a: Sneasler|move: Protect
|-immune|p1b: Gholdengo
|-resisted|p2b: Rillaboom
|-damage|p2b: Rillaboom|88/100
|-damage|p1a: Garchomp|91/100|[from] item: Life Orb
|move|p1b: Gholdengo|Nasty Plot|p1b: Gholdengo
|-boost|p1b: Gholdengo|spa|2
|
|-weather|Snowscape|[upkeep]
|-heal|p1a: Garchomp|97/100|[from] Grassy Terrain
|-heal|p2b: Rillaboom|94/100|[from] Grassy Terrain
|upkeep
|turn|3
|inactive|Sedrav has 30 seconds left.
|
|t:|1756935642
|switch|p1a: Amoonguss|Amoonguss, L50, F|100/100
|move|p1b: Gholdengo|Protect|p1b: Gholdengo
|-singleturn|p1b: Gholdengo|Protect
|move|p2b: Rillaboom|Fake Out|p1b: Gholdengo
|-activate|p1b: Gholdengo|move: Protect
|move|p2a: Sneasler|Dire Claw|p1b: Gholdengo
|-activate|p1b: Gholdengo|move: Protect
|
|-weather|Snowscape|[upkeep]
|-heal|p2b: Rillaboom|99/100|[from] Grassy Terrain
|upkeep
|turn|4
|inactive|Sedrav has 30 seconds left.
|inactive|afkchampion2 has 30 seconds left.
|inactive|Sedrav has 20 seconds left.
|
|t:|1756935678
|move|p1b: Gholdengo|Make It Rain|p2b: Rillaboom|[spread] p2a,p2b
|-enditem|p2a: Sneasler|Focus Sash
|-damage|p2a: Sneasler|1/100
|-damage|p2b: Rillaboom|17/100
|-unboost|p1b: Gholdengo|spa|1
|move|p2a: Sneasler|Dire Claw|p1a: Amoonguss
|-damage|p1a: Amoonguss|65/100
|move|p2b: Rillaboom|High Horsepower|p1a: Amoonguss
|-damage|p1a: Amoonguss|37/100
|-enditem|p1a: Amoonguss|Sitrus Berry|[eat]
|-heal|p1a: Amoonguss|62/100|[from] item: Sitrus Berry
|move|p1a: Amoonguss|Spore|p2b: Rillaboom
|-immune|p2b: Rillaboom
|
|-weather|Snowscape|[upkeep]
|-heal|p2a: Sneasler|7/100|[from] Grassy Terrain
|-heal|p2b: Rillaboom|23/100|[from] Grassy Terrain
|-heal|p1a: Amoonguss|68/100|[from] Grassy Terrain
|-sideend|p1: Sedrav|move: Tailwind
|upkeep
|turn|5
|inactive|Sedrav has 30 seconds left.
|inactive|afkchampion2 has 30 seconds left.
|inactive|Sedrav has 20 seconds left.
|
|t:|1756935715
|move|p2b: Rillaboom|Grassy Glide|p1b: Gholdengo
|-resisted|p1b: Gholdengo
|-damage|p1b: Gholdengo|80/100
|move|p2a: Sneasler|Dire Claw|p1a: Amoonguss
|-damage|p1a: Amoonguss|31/100
|move|p1b: Gholdengo|Nasty Plot|p1b: Gholdengo
|-boost|p1b: Gholdengo|spa|2
|move|p1a: Amoonguss|Pollen Puff|p1b: Gholdengo
|-heal|p1b: Gholdengo|100/100
|
|-weather|none
|-heal|p2a: Sneasler|13/100|[from] Grassy Terrain
|-heal|p2b: Rillaboom|29/100|[from] Grassy Terrain
|-heal|p1a: Amoonguss|37/100|[from] Grassy Terrain
|upkeep
|turn|6
|inactive|Sedrav has 30 seconds left.
|
|t:|1756935744
|switch|p1a: Garchomp|Garchomp, L50, F|97/100
|move|p2b: Rillaboom|Grassy Glide|p1b: Gholdengo
|-resisted|p1b: Gholdengo
|-damage|p1b: Gholdengo|81/100
|move|p2a: Sneasler|Dire Claw|p1a: Garchomp
|-resisted|p1a: Garchomp
|-damage|p1a: Garchomp|77/100
|-status|p1a: Garchomp|psn
|-damage|p2a: Sneasler|0 fnt|[from] ability: Rough Skin|[of] p1a: Garchomp
|faint|p2a: Sneasler
|move|p1b: Gholdengo|Make It Rain|p2b: Rillaboom
|-damage|p2b: Rillaboom|0 fnt
|-unboost|p1b: Gholdengo|spa|1
|faint|p2b: Rillaboom
|
|-heal|p1a: Garchomp|83/100 psn|[from] Grassy Terrain
|-damage|p1a: Garchomp|70/100 psn|[from] psn
|-fieldend|move: Grassy Terrain
|upkeep
|
|t:|1756935757
|switch|p2a: Kingambit|Kingambit, L50, F|100/100
|switch|p2b: Ninetales|Ninetales-Alola, L50, M|100/100
|-weather|Snowscape|[from] ability: Snow Warning|[of] p2b: Ninetales
|turn|7
|
|t:|1756935773
|move|p1b: Gholdengo|Protect|p1b: Gholdengo
|-singleturn|p1b: Gholdengo|Protect
|move|p2a: Kingambit|Sucker Punch||[still]
|-fail|p2a: Kingambit
|move|p2b: Ninetales|Blizzard|p1a: Garchomp|[spread] p1a
|-activate|p1b: Gholdengo|move: Protect
|-supereffective|p1a: Garchomp
|-crit|p1a: Garchomp
|-damage|p1a: Garchomp|0 fnt
|faint|p1a: Garchomp
|
|-weather|Snowscape|[upkeep]
|upkeep
|
|t:|1756935783
|switch|p1a: Amoonguss|Amoonguss, L50, F|70/100
|turn|8
|
|t:|1756935796
|move|p2b: Ninetales|Protect|p2b: Ninetales
|-singleturn|p2b: Ninetales|Protect
|move|p1a: Amoonguss|Rage Powder|p1a: Amoonguss
|-singleturn|p1a: Amoonguss|move: Rage Powder
|move|p1b: Gholdengo|Make It Rain|p2a: Kingambit|[spread] p2a
|-activate|p2b: Ninetales|move: Protect
|-resisted|p2a: Kingambit
|-damage|p2a: Kingambit|44/100
|-unboost|p1b: Gholdengo|spa|1
|move|p2a: Kingambit|Kowtow Cleave|p1a: Amoonguss
|-damage|p1a: Amoonguss|18/100
|
|-weather|Snowscape|[upkeep]
|upkeep
|turn|9
|
|t:|1756935811
|-terastallize|p2b: Ninetales|Ghost
|move|p2a: Kingambit|Protect|p2a: Kingambit
|-singleturn|p2a: Kingambit|Protect
|move|p1a: Amoonguss|Rage Powder|p1a: Amoonguss
|-singleturn|p1a: Amoonguss|move: Rage Powder
|move|p2b: Ninetales|Blizzard|p1a: Amoonguss|[spread] p1a,p1b
|-supereffective|p1a: Amoonguss
|-supereffective|p1b: Gholdengo
|-damage|p1a: Amoonguss|0 fnt
|-damage|p1b: Gholdengo|0 fnt
|faint|p1a: Amoonguss
|faint|p1b: Gholdengo
|
|win|afkchampion2
||Sedrav is ready for game 2.
