|j|☆Gottkomplexe
|j|☆EchoHevy5555
|html|GottkomplexeEchoHevy5555    
|uhtml|bestof|Game 1 of a best-of-3
|t:|1757705126
|gametype|doubles
|player|p1|Gottkomplexe|ilima|1245
|player|p2|EchoHevy5555|170|1101
|gen|9
|tier|[Gen 9] VGC 2025 Reg H (Bo3)
|rated|
|rule|Species Clause: Limit one of each Pokémon
|rule|Item Clause: Limit 1 of each item
|clearpoke
|poke|p1|Ninetales-Alola, L50, F|
|poke|p1|Annihilape, L50, F|
|poke|p1|Dragonite, L50, F|
|poke|p1|Gholdengo, L50|
|poke|p1|Amoonguss, L50, M|
|poke|p1|Farigiraf, L50, M|
|poke|p2|Noivern, L50, F|
|poke|p2|Toxtricity, L50, M|
|poke|p2|Zoroark-Hisui, L50, F|
|poke|p2|Malamar, L50, F|
|poke|p2|Incineroar, L50, M|
|poke|p2|Gastrodon, L50, M|
|teampreview|4
|showteam|p1|Ninetales-Alola||FocusSash|SnowWarning|IcyWind,IcicleSpear,AuroraVeil,Protect|||F|||50|,,,,,Ghost]Annihilape||SafetyGoggles|Defiant|RageFist,DrainPunch,BulkUp,Protect|||F|||50|,,,,,Fire]Dragonite||LoadedDice|Multiscale|ScaleShot,Tailwind,Haze,Protect|||F|||50|,,,,,Fairy]Gholdengo||LifeOrb|GoodasGold|MakeItRain,ShadowBall,NastyPlot,Protect||||||50|,,,,,Water]Amoonguss||CovertCloak|Regenerator|RagePowder,Spore,Protect,PollenPuff|||M|||50|,,,,,Water]Farigiraf||SitrusBerry|ArmorTail|TeraBlast,TwinBeam,TrickRoom,Protect|||M|||50|,,,,,Fighting
|showteam|p2|Noivern||CovertCloak|Telepathy|Tailwind,SuperFang,DracoMeteor,Taunt|||F|||50|,,,,,Steel]Toxtricity||LifeOrb|PunkRock|Boomburst,Overdrive,SludgeBomb,Protect|||M|||50|,,,,,Normal]Zoroark-Hisui||FocusSash|Illusion|BitterMalice,Protect,FakeTears,TeraBlast|||F|||50|,,,,,Fighting]Malamar||SafetyGoggles|Contrary|KnockOff,Superpower,TopsyTurvy,TrickRoom|||F|||50|,,,,,Fire]Incineroar||SitrusBerry|Intimidate|KnockOff,FlareBlitz,Protect,FakeOut|||M|||50|,,,,,Ghost]Gastrodon||Leftovers|StormDrain|EarthPower,IceBeam,Protect,Yawn|||M|||50|,,,,,Fire
|inactive|Battle timer is ON: inactive players will automatically lose when time's up. (requested by Gottkomplexe)
|inactive|Gottkomplexe has 60 seconds left.
|inactive|EchoHevy5555 has 60 seconds left.
|inactive|EchoHevy5555 has 30 seconds left.
|inactive|EchoHevy5555 has 20 seconds left.
|
|t:|1757705199
|teamsize|p1|4
|teamsize|p2|4
|start
|switch|p1a: Annihilape|Annihilape, L50, F|100/100
|switch|p1b: Ninetales|Ninetales-Alola, L50, F|100/100
|switch|p2a: Noivern|Noivern, L50, F|100/100
|switch|p2b: Incineroar|Incineroar, L50, M|100/100
|-weather|Snowscape|[from] ability: Snow Warning|[of] p1b: Ninetales
|turn|1
|j| dozoisforbums
|inactive|Gottkomplexe has 30 seconds left.
|inactive|Gottkomplexe has 20 seconds left.
|inactive|Gottkomplexe has 15 seconds left.
|
|t:|1757705240
|move|p1a: Annihilape|Protect|p1a: Annihilape
|-singleturn|p1a: Annihilape|Protect
|move|p2a: Noivern|Super Fang|p1b: Ninetales
|-damage|p1b: Ninetales|51/100
|move|p2b: Incineroar|Bitter Malice|p1b: Ninetales
|-damage|p1b: Ninetales|2/100
|-unboost|p1b: Ninetales|atk|1
|move|p1b: Ninetales|Aurora Veil|p1b: Ninetales
|-sidestart|p1: Gottkomplexe|move: Aurora Veil
|
|-weather|Snowscape|[upkeep]
|upkeep
|turn|2
|c|☆EchoHevy5555|Oh that’s tragic
|inactive|Gottkomplexe has 30 seconds left.
|inactive|EchoHevy5555 has 30 seconds left.
|c|☆EchoHevy5555|I should have used Tera blast I was dumb
|inactive|Gottkomplexe has 20 seconds left.
|inactive|EchoHevy5555 has 20 seconds left.
|inactive|Gottkomplexe has 15 seconds left.
|inactive|EchoHevy5555 has 15 seconds left.
|inactive|Gottkomplexe has 10 seconds left.
|inactive|EchoHevy5555 has 10 seconds left.
|inactive|EchoHevy5555 has 5 seconds left.
|
|t:|1757705290
|-terastallize|p2a: Noivern|Steel
|-terastallize|p1a: Annihilape|Fire
|move|p2a: Noivern|Tailwind|p2a: Noivern
|-sidestart|p2: EchoHevy5555|move: Tailwind
|move|p2b: Incineroar|Bitter Malice|p1a: Annihilape
|-damage|p1a: Annihilape|75/100
|-unboost|p1a: Annihilape|atk|1
|-ability|p1a: Annihilape|Defiant|boost
|-boost|p1a: Annihilape|atk|2
|move|p1b: Ninetales|Icy Wind|p2b: Incineroar|[spread] p2a,p2b
|-resisted|p2a: Noivern
|-damage|p2a: Noivern|91/100
|-damage|p2b: Incineroar|70/100
|-unboost|p2b: Incineroar|spe|1
|replace|p2b: Zoroark|Zoroark-Hisui, L50, F
|-end|p2b: Zoroark|Illusion
|move|p1a: Annihilape|Rage Fist|p2a: Noivern
|-damage|p2a: Noivern|20/100
|
|-weather|Snowscape|[upkeep]
|upkeep
|turn|3
|inactive|Gottkomplexe has 30 seconds left.
|inactive|EchoHevy5555 has 30 seconds left.
|l| dozoisforbums
|inactive|Gottkomplexe has 20 seconds left.
|inactive|EchoHevy5555 has 20 seconds left.
|
|t:|1757705329
|move|p1a: Annihilape|Protect|p1a: Annihilape
|-singleturn|p1a: Annihilape|Protect
|move|p2a: Noivern|Draco Meteor|p1a: Annihilape
|-activate|p1a: Annihilape|move: Protect
|move|p2b: Zoroark|Tera Blast|p1a: Annihilape
|-activate|p1a: Annihilape|move: Protect
|move|p1b: Ninetales|Icy Wind|p2a: Noivern|[spread] p2a,p2b
|-resisted|p2a: Noivern
|-damage|p2a: Noivern|11/100
|-damage|p2b: Zoroark|34/100
|-unboost|p2b: Zoroark|spe|1
|
|-weather|Snowscape|[upkeep]
|upkeep
|turn|4
|inactive|Gottkomplexe has 30 seconds left.
|inactive|Gottkomplexe has 20 seconds left.
|inactive|Gottkomplexe has 15 seconds left.
|inactive|EchoHevy5555 has 30 seconds left.
|
|t:|1757705378
|switch|p1a: Amoonguss|Amoonguss, L50, M|100/100
|move|p2a: Noivern|Draco Meteor|p1a: Amoonguss
|-damage|p1a: Amoonguss|77/100
|-unboost|p2a: Noivern|spa|2
|move|p2b: Zoroark|Tera Blast|p1a: Amoonguss
|-damage|p1a: Amoonguss|53/100
|move|p1b: Ninetales|Icy Wind|p2a: Noivern|[spread] p2a,p2b
|-resisted|p2a: Noivern
|-damage|p2a: Noivern|2/100
|-damage|p2b: Zoroark|4/100
|-unboost|p2b: Zoroark|spe|1
|
|-weather|Snowscape|[upkeep]
|upkeep
|turn|5
|inactive|Gottkomplexe has 30 seconds left.
|inactive|EchoHevy5555 has 30 seconds left.
|inactive|EchoHevy5555 has 20 seconds left.
|inactive|EchoHevy5555 has 15 seconds left.
|
|t:|1757705421
|switch|p2a: Incineroar|Incineroar, L50, M|100/100
|-ability|p2a: Incineroar|Intimidate|boost
|-unboost|p1a: Amoonguss|atk|1
|-unboost|p1b: Ninetales|atk|1
|switch|p1b: Annihilape|Annihilape, L50, F, tera:Fire|75/100
|move|p1a: Amoonguss|Protect|p1a: Amoonguss
|-singleturn|p1a: Amoonguss|Protect
|move|p2b: Zoroark|Fake Tears|p1a: Amoonguss
|-activate|p1a: Amoonguss|move: Protect
|
|-weather|none
|-sideend|p2: EchoHevy5555|move: Tailwind
|-sideend|p1: Gottkomplexe|move: Aurora Veil
|upkeep
|turn|6
|inactive|Gottkomplexe has 30 seconds left.
|
|t:|1757705450
|move|p1b: Annihilape|Protect|p1b: Annihilape
|-singleturn|p1b: Annihilape|Protect
|move|p2a: Incineroar|Fake Out|p1b: Annihilape
|-activate|p1b: Annihilape|move: Protect
|move|p2b: Zoroark|Tera Blast|p1a: Amoonguss
|-damage|p1a: Amoonguss|20/100
|move|p1a: Amoonguss|Spore|p2a: Incineroar
|-status|p2a: Incineroar|slp|[from] move: Spore
|
|upkeep
|turn|7
|inactive|EchoHevy5555 has 30 seconds left.
|inactive|EchoHevy5555 has 20 seconds left.
|inactive|EchoHevy5555 has 15 seconds left.
|inactive|EchoHevy5555 has 10 seconds left.
|
|t:|1757705498
|switch|p1a: Ninetales|Ninetales-Alola, L50, F|2/100
|-weather|Snowscape|[from] ability: Snow Warning|[of] p1a: Ninetales
|move|p1b: Annihilape|Bulk Up|p1b: Annihilape
|-boost|p1b: Annihilape|atk|1
|-boost|p1b: Annihilape|def|1
|cant|p2a: Incineroar|slp
|move|p2b: Zoroark|Tera Blast|p1b: Annihilape
|-damage|p1b: Annihilape|38/100
|
|-weather|Snowscape|[upkeep]
|upkeep
|turn|8
|inactive|EchoHevy5555 has 30 seconds left.
|inactive|EchoHevy5555 has 20 seconds left.
|inactive|EchoHevy5555 has 15 seconds left.
|
|t:|1757705539
|switch|p2b: Noivern|Noivern, L50, F, tera:Steel|2/100
|move|p1a: Ninetales|Icicle Spear|p2b: Noivern
|-resisted|p2b: Noivern
|-damage|p2b: Noivern|0 fnt
|faint|p2b: Noivern
|-hitcount|p2: Noivern|1
|move|p1b: Annihilape|Drain Punch|p2a: Incineroar
|-supereffective|p2a: Incineroar
|-damage|p2a: Incineroar|3/100 slp
|-heal|p1b: Annihilape|85/100|[from] drain|[of] p2a: Incineroar
|-enditem|p2a: Incineroar|Sitrus Berry|[eat]
|-heal|p2a: Incineroar|28/100 slp|[from] item: Sitrus Berry
|-curestatus|p2a: Incineroar|slp|[msg]
|move|p2a: Incineroar|Flare Blitz|p1a: Ninetales
|-supereffective|p1a: Ninetales
|-damage|p1a: Ninetales|0 fnt
|faint|p1a: Ninetales
|-damage|p2a: Incineroar|28/100|[from] Recoil
|
|-weather|Snowscape|[upkeep]
|upkeep
|
|t:|1757705563
|switch|p2b: Toxtricity|Toxtricity, L50, M|100/100
|switch|p1a: Dragonite|Dragonite, L50, F|100/100
|turn|9
|inactive|EchoHevy5555 has 30 seconds left.
|
|t:|1757705589
|switch|p2a: Incineroar|Incineroar, L50, M|4/100
|move|p1b: Annihilape|Rage Fist|p2b: Toxtricity
|-damage|p2b: Toxtricity|0 fnt
|faint|p2b: Toxtricity
|move|p1a: Dragonite|Scale Shot|p2a: Incineroar
|-damage|p2a: Incineroar|0 fnt
|replace|p2a: Zoroark|Zoroark-Hisui, L50, F
|-end|p2a: Zoroark|Illusion
|faint|p2a: Zoroark
|-hitcount|p2: Zoroark|1
|-unboost|p1a: Dragonite|def|1
|-boost|p1a: Dragonite|spe|1
|
|-weather|Snowscape|[upkeep]
|upkeep
|
|t:|1757705592
|switch|p2b: Incineroar|Incineroar, L50, M|28/100
|-ability|p2b: Incineroar|Intimidate|boost
|-unboost|p1a: Dragonite|atk|1
|-unboost|p1b: Annihilape|atk|1
|-ability|p1b: Annihilape|Defiant|boost
|-boost|p1b: Annihilape|atk|2
|turn|10
|-message|EchoHevy5555 forfeited.
|
|win|Gottkomplexe
||EchoHevy5555 is ready for game 2.
|inactive|Gottkomplexe has 30 seconds to confirm battle start!
|inactive|Gottkomplexe has 20 seconds to confirm battle start!
||Gottkomplexe is ready for game 2.
|uhtml|next|Next: Game 2 of 3
