|j|☆gundot
|j|☆DreamPrince
|html|gundotDreamPrince    
|uhtml|bestof|Game 1 of a best-of-3
|t:|1783501959
|gametype|doubles
|player|p1|gundot|ethan-gen2|1228
|player|p2|DreamPrince|dahlia|1146
|gen|9
|tier|[Gen 9 Champions] VGC 2026 Reg M-B (Bo3)
|rated|
|rule|Species Clause: Limit one of each Pokémon
|rule|Item Clause: Limit 1 of each item
|clearpoke
|poke|p1|Kingambit, L50, M|
|poke|p1|Aerodactyl, L50, F|
|poke|p1|Charizard, L50, F, shiny|
|poke|p1|Sylveon, L50, F|
|poke|p1|Farigiraf, L50, F, shiny|
|poke|p1|Garchomp, L50, M|
|poke|p2|Charizard, L50, F|
|poke|p2|Sneasler, L50, M|
|poke|p2|Milotic, L50, M|
|poke|p2|Wyrdeer, L50, M|
|poke|p2|Clefable, L50, M|
|poke|p2|Gholdengo, L50|
|teampreview|4
|showteam|p1|Kingambit||FocusSash|Defiant|KowtowCleave,IronHead,SuckerPunch,LowKick|Adamant||M|||50|]Aerodactyl|||Unnerve|RockSlide,DualWingbeat,Tailwind,IceFang|Jolly||F|||50|]Charizard||CharizarditeY|Blaze|Protect,HeatWave,SolarBeam,WeatherBall|Modest||F|||50|]Sylveon||FairyFeather|Pixilate|Protect,HyperVoice,HyperBeam,QuickAttack|Modest||F|||50|]Farigiraf||SitrusBerry|ArmorTail|TwinBeam,Thunderbolt,TrickRoom,GrassKnot|Bold||F|||50|]Garchomp||LifeOrb|SandVeil|Protect,StompingTantrum,DragonClaw,Earthquake|Jolly||M|||50|
|showteam|p2|Charizard||CharizarditeX|Blaze|DragonDance,BreakingSwipe,TemperFlare,Protect|Adamant||F|||50|]Sneasler||FocusSash|Unburden|FakeOut,CloseCombat,GunkShot,Coaching|Jolly||M|||50|]Milotic||RindoBerry|Competitive|Coil,LifeDew,Hypnosis,MuddyWater|Sassy||M|||50|]Wyrdeer||ColburBerry|Intimidate|Gravity,Hypnosis,PsyshieldBash,TrickRoom|Careful||M|||50|]Clefable||SitrusBerry|Unaware|FollowMe,Moonblast,LifeDew,Protect|Bold||M|||50|]Gholdengo||Leftovers|GoodasGold|ShadowBall,MakeItRain,NastyPlot,Protect|Timid|||||50|
|inactive|Battle timer is ON: inactive players will automatically lose when time's up. (requested by gundot)
|
|t:|1783501988
|teamsize|p1|4
|teamsize|p2|4
|start
|switch|p1a: Charizard|Charizard, L50, F, shiny|100/100
|switch|p1b: Farigiraf|Farigiraf, L50, F, shiny|100/100
|switch|p2a: Sneasler|Sneasler, L50, M|100/100
|switch|p2b: Charizard|Charizard, L50, F|100/100
|turn|1
|
|t:|1783502008
|detailschange|p2b: Charizard|Charizard-Mega-X, L50, F
|-mega|p2b: Charizard|Charizard|Charizardite X
|detailschange|p1a: Charizard|Charizard-Mega-Y, L50, F, shiny
|-mega|p1a: Charizard|Charizard|Charizardite Y
|-weather|SunnyDay|[from] ability: Drought|[of] p1a: Charizard
|move|p2a: Sneasler|Coaching|p2b: Charizard
|-boost|p2b: Charizard|atk|1
|-boost|p2b: Charizard|def|1
|move|p2b: Charizard|Breaking Swipe|p1b: Farigiraf|[spread] p1a,p1b
|-damage|p1a: Charizard|56/100
|-damage|p1b: Farigiraf|68/100
|-unboost|p1a: Charizard|atk|1
|-unboost|p1b: Farigiraf|atk|1
|move|p1a: Charizard|Heat Wave|p2b: Charizard|[spread] p2a
|-miss|p1a: Charizard|p2b: Charizard
|-crit|p2a: Sneasler
|-enditem|p2a: Sneasler|Focus Sash
|-damage|p2a: Sneasler|1/100
|move|p1b: Farigiraf|Thunderbolt|p2b: Charizard
|-resisted|p2b: Charizard|1
|-damage|p2b: Charizard|87/100
|-status|p2b: Charizard|par
|
|-weather|SunnyDay|[upkeep]
|upkeep
|turn|2
|
|t:|1783502030
|switch|p1a: Kingambit|Kingambit, L50, M|100/100
|move|p2a: Sneasler|Gunk Shot|p1a: Kingambit
|-immune|p1a: Kingambit
|move|p2b: Charizard|Temper Flare|p1b: Farigiraf
|-damage|p1b: Farigiraf|0 fnt
|faint|p1b: Farigiraf
|
|-weather|SunnyDay|[upkeep]
|upkeep
|
|t:|1783502046
|switch|p1b: Sylveon|Sylveon, L50, F|100/100
|turn|3
|
|t:|1783502062
|switch|p2a: Gholdengo|Gholdengo, L50|100/100
|move|p1a: Kingambit|Sucker Punch|p2b: Charizard
|-damage|p2b: Charizard|59/100 par
|move|p1b: Sylveon|Hyper Voice|p2b: Charizard|[spread] p2a,p2b
|-resisted|p2a: Gholdengo|1
|-damage|p2a: Gholdengo|76/100
|-damage|p2b: Charizard|10/100 par
|move|p2b: Charizard|Temper Flare|p1a: Kingambit
|-supereffective|p1a: Kingambit|1
|-enditem|p1a: Kingambit|Focus Sash
|-damage|p1a: Kingambit|1/100
|
|-weather|SunnyDay|[upkeep]
|-heal|p2a: Gholdengo|82/100|[from] item: Leftovers
|upkeep
|turn|4
|
|t:|1783502080
|move|p2a: Gholdengo|Protect|p2a: Gholdengo
|-singleturn|p2a: Gholdengo|Protect
|move|p1a: Kingambit|Sucker Punch||[still]
|-fail|p1a: Kingambit
|move|p1b: Sylveon|Quick Attack|p2b: Charizard
|-damage|p2b: Charizard|2/100 par
|move|p2b: Charizard|Temper Flare|p1b: Sylveon
|-damage|p1b: Sylveon|0 fnt
|faint|p1b: Sylveon
|
|-weather|SunnyDay|[upkeep]
|-heal|p2a: Gholdengo|89/100|[from] item: Leftovers
|upkeep
|
|t:|1783502087
|switch|p1b: Charizard|Charizard-Mega-Y, L50, F, shiny|56/100
|turn|5
|inactive|DreamPrince has 30 seconds left.
|inactive|DreamPrince has 20 seconds left.
|inactive|DreamPrince has 15 seconds left.
|
|t:|1783502129
|switch|p2a: Wyrdeer|Wyrdeer, L50, M|100/100
|-ability|p2a: Wyrdeer|Intimidate|boost
|-unboost|p1a: Kingambit|atk|1
|-ability|p1a: Kingambit|Defiant|boost
|-boost|p1a: Kingambit|atk|2
|-unboost|p1b: Charizard|atk|1
|move|p1a: Kingambit|Sucker Punch||[still]
|-fail|p1a: Kingambit
|move|p1b: Charizard|Heat Wave|p2a: Wyrdeer|[spread] p2a,p2b
|-resisted|p2b: Charizard|2
|-damage|p2a: Wyrdeer|46/100
|-damage|p2b: Charizard|0 fnt
|faint|p2b: Charizard
|
|-weather|none
|upkeep
|
|t:|1783502135
|switch|p2b: Sneasler|Sneasler, L50, M|1/100
|turn|6
|
|t:|1783502158
|move|p2b: Sneasler|Fake Out|p1a: Kingambit
|-resisted|p1a: Kingambit|1
|-damage|p1a: Kingambit|0 fnt
|faint|p1a: Kingambit
|move|p1b: Charizard|Heat Wave|p2b: Sneasler|[spread] p2a,p2b
|-damage|p2a: Wyrdeer|12/100
|-damage|p2b: Sneasler|0 fnt
|faint|p2b: Sneasler
|move|p2a: Wyrdeer|Trick Room|p2a: Wyrdeer
|-fieldstart|move: Trick Room|[of] p2a: Wyrdeer
|
|upkeep
|
|t:|1783502163
|switch|p2b: Gholdengo|Gholdengo, L50|89/100
|turn|7
|
|t:|1783502167
|move|p2a: Wyrdeer|Psyshield Bash|p1b: Charizard|[miss]
|-miss|p2a: Wyrdeer|p1b: Charizard
|move|p1b: Charizard|Heat Wave|p2a: Wyrdeer|[spread] p2a,p2b
|-supereffective|p2b: Gholdengo|1
|-damage|p2a: Wyrdeer|0 fnt
|-damage|p2b: Gholdengo|13/100
|faint|p2a: Wyrdeer
|move|p2b: Gholdengo|Shadow Ball|p1b: Charizard
|-damage|p1b: Charizard|21/100
|-unboost|p1b: Charizard|spd|1
|
|-heal|p2b: Gholdengo|19/100|[from] item: Leftovers
|upkeep
|turn|8
|
|t:|1783502174
|move|p1b: Charizard|Heat Wave|p2b: Gholdengo
|-supereffective|p2b: Gholdengo|1
|-damage|p2b: Gholdengo|0 fnt
|faint|p2b: Gholdengo
|
|win|gundot
