|j|☆spellbreakvgc
|j|☆RagCheese
|html|spellbreakvgcRagCheese    
|uhtml|bestof|Game 3 of a best-of-3
|t:|1756973335
|gametype|doubles
|player|p1|spellbreakvgc|lance|1140
|player|p2|RagCheese|bellelba|1117
|gen|9
|tier|[Gen 9] VGC 2025 Reg H (Bo3)
|rated|
|rule|Species Clause: Limit one of each Pokémon
|rule|Item Clause: Limit 1 of each item
|clearpoke
|poke|p1|Typhlosion-Hisui, L50, F|
|poke|p1|Tatsugiri, L50, M|
|poke|p1|Archaludon, L50, F|
|poke|p1|Gholdengo, L50|
|poke|p1|Whimsicott, L50, F|
|poke|p1|Dondozo, L50, M|
|poke|p2|Incineroar, L50, M|
|poke|p2|Annihilape, L50, M|
|poke|p2|Whimsicott, L50, F|
|poke|p2|Typhlosion-Hisui, L50, M|
|poke|p2|Comfey, L50, M|
|poke|p2|Dragonite, L50, M|
|teampreview|4
|showteam|p1|Typhlosion-Hisui||ChoiceSpecs|Blaze|Eruption,ShadowBall,Flamethrower,HeatWave|||F|||50|,,,,,Fire]Tatsugiri||FocusSash|Commander|DracoMeteor,TeraBlast,MuddyWater,Protect|||M|||50|,,,,,Fairy]Archaludon||PowerHerb|Sturdy|DragonPulse,ElectroShot,Thunderbolt,Protect|||F|||50|,,,,,Electric]Gholdengo||LifeOrb|GoodasGold|MakeItRain,ShadowBall,LightScreen,Reflect||||||50|,,,,,Steel]Whimsicott||CovertCloak|Prankster|Moonblast,FakeTears,Tailwind,Taunt|||F|||50|,,,,,Water]Dondozo||AssaultVest|Unaware|Earthquake,OrderUp,WaveCrash,HeavySlam|||M|||50|,,,,,Steel
|showteam|p2|Incineroar||SitrusBerry|Intimidate|FakeOut,FlareBlitz,KnockOff,PartingShot|||M|||50|,,,,,Fire]Annihilape||Leftovers|Defiant|DrainPunch,RageFist,Protect,LowKick|||M|||50|,,,,,Fighting]Whimsicott||FocusSash|Prankster|SunnyDay,Tailwind,BeatUp,Moonblast|||F|||50|,,,,,Dark]Typhlosion-Hisui||LifeOrb|Blaze|Eruption,Protect,HeatWave,ShadowBall|||M|||50|,,,,,Fire]Comfey||RockyHelmet|FlowerVeil|Protect,DrainingKiss,FloralHealing,DazzlingGleam|||M|||50|,,,,,Fairy]Dragonite||LoadedDice|InnerFocus|ScaleShot,Protect,ExtremeSpeed,IceSpinner|||M|||50|,,,,,Normal
|inactive|Battle timer is ON: inactive players will automatically lose when time's up. (requested by spellbreakvgc)
|
|t:|1756973359
|teamsize|p1|4
|teamsize|p2|4
|start
|switch|p1a: Whimsicott|Whimsicott, L50, F|100/100
|switch|p1b: Dondozo|Dondozo, L50, M|100/100
|switch|p2a: Incineroar|Incineroar, L50, M|100/100
|switch|p2b: Annihilape|Annihilape, L50, M|100/100
|-ability|p2a: Incineroar|Intimidate|boost
|-unboost|p1a: Whimsicott|atk|1
|-unboost|p1b: Dondozo|atk|1
|turn|1
|inactive|spellbreakvgc has 30 seconds left.
|inactive|RagCheese has 30 seconds left.
|inactive|spellbreakvgc has 20 seconds left.
|inactive|RagCheese has 20 seconds left.
|inactive|spellbreakvgc has 15 seconds left.
|inactive|spellbreakvgc has 10 seconds left.
|inactive|spellbreakvgc has 5 seconds left.
|
|t:|1756973410
|switch|p2b: Whimsicott|Whimsicott, L50, F|100/100
|switch|p1b: Tatsugiri|Tatsugiri, L50, M|100/100
|move|p2a: Incineroar|Fake Out|p1b: Tatsugiri
|-damage|p1b: Tatsugiri|73/100
|move|p1a: Whimsicott|Fake Tears|p2b: Whimsicott
|-unboost|p2b: Whimsicott|spd|2
|
|upkeep
|turn|2
|inactive|RagCheese has 30 seconds left.
|
|t:|1756973436
|switch|p2a: Annihilape|Annihilape, L50, M|100/100
|move|p1b: Tatsugiri|Protect|p1b: Tatsugiri
|-singleturn|p1b: Tatsugiri|Protect
|move|p1a: Whimsicott|Tailwind|p1a: Whimsicott
|-sidestart|p1: spellbreakvgc|move: Tailwind
|move|p2b: Whimsicott|Beat Up|p2a: Annihilape
|-damage|p2a: Annihilape|97/100
|-damage|p2a: Annihilape|95/100
|-damage|p2a: Annihilape|92/100
|-damage|p2a: Annihilape|89/100
|-hitcount|p2a: Annihilape|4
|
|-heal|p2a: Annihilape|95/100|[from] item: Leftovers
|upkeep
|turn|3
|
|t:|1756973458
|-terastallize|p1b: Tatsugiri|Fairy
|move|p1a: Whimsicott|Fake Tears|p2a: Annihilape
|-unboost|p2a: Annihilape|spd|2
|-ability|p2a: Annihilape|Defiant|boost
|-boost|p2a: Annihilape|atk|2
|move|p2b: Whimsicott|Tailwind|p2b: Whimsicott
|-sidestart|p2: RagCheese|move: Tailwind
|move|p1b: Tatsugiri|Tera Blast|p2a: Annihilape|[anim] Tera Blast Fairy
|-supereffective|p2a: Annihilape
|-damage|p2a: Annihilape|0 fnt
|faint|p2a: Annihilape
|
|upkeep
|
|t:|1756973474
|switch|p2a: Typhlosion|Typhlosion-Hisui, L50, M|100/100
|turn|4
|inactive|spellbreakvgc has 30 seconds left.
|
|t:|1756973508
|-terastallize|p2a: Typhlosion|Fire
|move|p1b: Tatsugiri|Protect|p1b: Tatsugiri
|-singleturn|p1b: Tatsugiri|Protect
|move|p2b: Whimsicott|Sunny Day|p2b: Whimsicott
|-weather|SunnyDay
|move|p1a: Whimsicott|Taunt|p2b: Whimsicott
|-start|p2b: Whimsicott|move: Taunt
|move|p2a: Typhlosion|Eruption|p1b: Tatsugiri|[spread] p1a
|-activate|p1b: Tatsugiri|move: Protect
|-supereffective|p1a: Whimsicott
|-damage|p1a: Whimsicott|0 fnt
|faint|p1a: Whimsicott
|-damage|p2a: Typhlosion|91/100|[from] item: Life Orb
|
|-weather|SunnyDay|[upkeep]
|upkeep
|
|t:|1756973514
|switch|p1a: Dondozo|Dondozo, L50, M|100/100
|-activate|p1b: Tatsugiri|ability: Commander|[of] p1a: Dondozo
|-boost|p1a: Dondozo|atk|2
|-boost|p1a: Dondozo|spa|2
|-boost|p1a: Dondozo|spe|2
|-boost|p1a: Dondozo|def|2
|-boost|p1a: Dondozo|spd|2
|turn|5
|
|t:|1756973537
|move|p2b: Whimsicott|Moonblast|p1a: Dondozo
|-damage|p1a: Dondozo|91/100
|move|p2a: Typhlosion|Eruption|p1b: Tatsugiri|[spread] p1a
|-miss|p2a: Typhlosion|p1b: Tatsugiri
|-resisted|p1a: Dondozo
|-damage|p1a: Dondozo|71/100
|-damage|p2a: Typhlosion|82/100|[from] item: Life Orb
|move|p1a: Dondozo|Earthquake|p2b: Whimsicott|[spread] p2a,p2b
|-miss|p1a: Dondozo|p1b: Tatsugiri
|-supereffective|p2a: Typhlosion
|-resisted|p2b: Whimsicott
|-damage|p2a: Typhlosion|0 fnt
|-damage|p2b: Whimsicott|66/100
|faint|p2a: Typhlosion
|
|-weather|SunnyDay|[upkeep]
|-sideend|p1: spellbreakvgc|move: Tailwind
|upkeep
|
|t:|1756973549
|switch|p2a: Incineroar|Incineroar, L50, M|100/100
|-ability|p2a: Incineroar|Intimidate|boost
|-unboost|p1a: Dondozo|atk|1
|-unboost|p1b: Tatsugiri|atk|1
|turn|6
|
|t:|1756973562
|move|p2b: Whimsicott|Moonblast|p1a: Dondozo
|-damage|p1a: Dondozo|61/100
|move|p2a: Incineroar|Knock Off|p1a: Dondozo
|-damage|p1a: Dondozo|45/100
|-enditem|p1a: Dondozo|Assault Vest|[from] move: Knock Off|[of] p2a: Incineroar
|move|p1a: Dondozo|Heavy Slam|p2b: Whimsicott
|-supereffective|p2b: Whimsicott
|-damage|p2b: Whimsicott|0 fnt
|faint|p2b: Whimsicott
|
|-weather|SunnyDay|[upkeep]
|-sideend|p2: RagCheese|move: Tailwind
|upkeep
|turn|7
|
|t:|1756973577
|move|p1a: Dondozo|Earthquake|p2a: Incineroar|[spread] p2a
|-miss|p1a: Dondozo|p1b: Tatsugiri
|-supereffective|p2a: Incineroar
|-damage|p2a: Incineroar|41/100
|-enditem|p2a: Incineroar|Sitrus Berry|[eat]
|-heal|p2a: Incineroar|66/100|[from] item: Sitrus Berry
|move|p2a: Incineroar|Parting Shot|p1a: Dondozo
|-unboost|p1a: Dondozo|atk|1
|-unboost|p1a: Dondozo|spa|1
|
|-weather|SunnyDay|[upkeep]
|upkeep
|turn|8
|-message|RagCheese forfeited.
|
|win|spellbreakvgc
