|j|☆browe
|j|☆igor dalatengo
|html|broweigor dalatengo    
|uhtml|bestof|Game 2 of a best-of-3
|t:|1755794005
|gametype|doubles
|player|p1|browe|shadowtriad|1208
|player|p2|igor dalatengo|102|1317
|gen|9
|tier|[Gen 9] VGC 2025 Reg H (Bo3)
|rated|
|rule|Species Clause: Limit one of each Pokémon
|rule|Item Clause: Limit 1 of each item
|clearpoke
|poke|p1|Baxcalibur, L50, F|
|poke|p1|Ninetales-Alola, L50, M|
|poke|p1|Gholdengo, L50|
|poke|p1|Rillaboom, L50, F|
|poke|p1|Volcarona, L50, F|
|poke|p1|Tauros-Paldea-Aqua, L50, M|
|poke|p2|Garchomp, L50, F|
|poke|p2|Weezing-Galar, L50, M|
|poke|p2|Archaludon, L50, M|
|poke|p2|Gholdengo, L50|
|poke|p2|Talonflame, L50, M|
|poke|p2|Annihilape, L50, M|
|teampreview|4
|showteam|p1|Baxcalibur||ClearAmulet|ThermalExchange|IcicleCrash,GlaiveRush,IceShard,Protect|||F|||50|,,,,,Water]Ninetales-Alola||LightClay|SnowWarning|Blizzard,IcyWind,AuroraVeil,Moonblast|||M|||50|,,,,,Ghost]Gholdengo||Leftovers|GoodasGold|MakeItRain,ShadowBall,NastyPlot,Protect||||||50|,,,,,Dragon]Rillaboom||AssaultVest|GrassySurge|FakeOut,WoodHammer,GrassyGlide,Uturn|||F|||50|,,,,,Fire]Volcarona||SitrusBerry|FlameBody|HeatWave,GigaDrain,QuiverDance,Protect|||F|||50|,,,,,Grass]Tauros-Paldea-Aqua||MirrorHerb|Intimidate|RagingBull,CloseCombat,AquaJet,Protect|||M|||50|,,,,,Grass
|showteam|p2|Garchomp||LifeOrb|RoughSkin|DragonClaw,Earthquake,StompingTantrum,Protect|||F|||50|,,,,,Ground]Weezing-Galar||FocusSash|NeutralizingGas|Protect,SludgeBomb,Taunt,StrangeSteam|||M|||50|,,,,,Flying]Archaludon||PowerHerb|Sturdy|ElectroShot,Thunderbolt,DracoMeteor,Protect|||M|||50|,,,,,Electric]Gholdengo||ChoiceSpecs|GoodasGold|ShadowBall,DazzlingGleam,PowerGem,MakeItRain||||||50|,,,,,Steel]Talonflame||CovertCloak|GaleWings|Tailwind,DualWingbeat,WillOWisp,FlareBlitz|||M|||50|,,,,,Stellar]Annihilape||AssaultVest|Defiant|CloseCombat,RageFist,FinalGambit,IcePunch|||M|||50|,,,,,Grass
|
|t:|1755794057
|teamsize|p1|4
|teamsize|p2|4
|start
|switch|p1a: Tauros|Tauros-Paldea-Aqua, L50, M|100/100
|switch|p1b: Ninetales|Ninetales-Alola, L50, M|100/100
|switch|p2a: Talonflame|Talonflame, L50, M|100/100
|switch|p2b: Garchomp|Garchomp, L50, F|100/100
|-weather|Snowscape|[from] ability: Snow Warning|[of] p1b: Ninetales
|-ability|p1a: Tauros|Intimidate|boost
|-unboost|p2a: Talonflame|atk|1
|-unboost|p2b: Garchomp|atk|1
|turn|1
|
|t:|1755794076
|switch|p2b: Annihilape|Annihilape, L50, M|100/100
|move|p1a: Tauros|Protect|p1a: Tauros
|-singleturn|p1a: Tauros|Protect
|move|p2a: Talonflame|Tailwind|p2a: Talonflame
|-sidestart|p2: igor dalatengo|move: Tailwind
|move|p1b: Ninetales|Aurora Veil|p1b: Ninetales
|-sidestart|p1: browe|move: Aurora Veil
|
|-weather|Snowscape|[upkeep]
|upkeep
|turn|2
|
|t:|1755794116
|switch|p2b: Archaludon|Archaludon, L50, M|100/100
|move|p2a: Talonflame|Will-O-Wisp|p1a: Tauros
|-status|p1a: Tauros|brn
|move|p1b: Ninetales|Blizzard|p2b: Archaludon|[spread] p2a,p2b
|-damage|p2a: Talonflame|64/100
|-damage|p2b: Archaludon|66/100
|move|p1a: Tauros|Raging Bull|p2a: Talonflame
|-supereffective|p2a: Talonflame
|-damage|p2a: Talonflame|3/100
|
|-weather|Snowscape|[upkeep]
|-damage|p1a: Tauros|94/100 brn|[from] brn
|upkeep
|turn|3
|
|t:|1755794144
|switch|p2a: Annihilape|Annihilape, L50, M|100/100
|move|p1a: Tauros|Aqua Jet|p2a: Annihilape
|-damage|p2a: Annihilape|90/100
|move|p2b: Archaludon|Electro Shot||[still]
|-prepare|p2b: Archaludon|Electro Shot
|-boost|p2b: Archaludon|spa|1
|-enditem|p2b: Archaludon|Power Herb
|-anim|p2b: Archaludon|Electro Shot|p1a: Tauros
|-supereffective|p1a: Tauros
|-damage|p1a: Tauros|0 fnt
|faint|p1a: Tauros
|move|p1b: Ninetales|Blizzard|p2a: Annihilape|[spread] p2a,p2b
|-damage|p2a: Annihilape|76/100
|-damage|p2b: Archaludon|29/100
|
|-weather|Snowscape|[upkeep]
|upkeep
|
|t:|1755794160
|switch|p1a: Volcarona|Volcarona, L50, F|100/100
|turn|4
|
|t:|1755794209
|move|p2a: Annihilape|Rage Fist|p1b: Ninetales
|-damage|p1b: Ninetales|62/100
|move|p2b: Archaludon|Draco Meteor|p1a: Volcarona
|-damage|p1a: Volcarona|47/100
|-unboost|p2b: Archaludon|spa|2
|-enditem|p1a: Volcarona|Sitrus Berry|[eat]
|-heal|p1a: Volcarona|72/100|[from] item: Sitrus Berry
|move|p1b: Ninetales|Icy Wind|p2b: Archaludon|[spread] p2a,p2b
|-crit|p2b: Archaludon
|-damage|p2a: Annihilape|68/100
|-damage|p2b: Archaludon|0 fnt
|-unboost|p2a: Annihilape|spe|1
|-ability|p2a: Annihilape|Defiant|boost
|-boost|p2a: Annihilape|atk|2
|faint|p2b: Archaludon
|move|p1a: Volcarona|Heat Wave|p2a: Annihilape
|-damage|p2a: Annihilape|37/100
|
|-weather|Snowscape|[upkeep]
|-sideend|p2: igor dalatengo|move: Tailwind
|upkeep
|
|t:|1755794225
|switch|p2b: Talonflame|Talonflame, L50, M|3/100
|turn|5
|
|t:|1755794246
|move|p1a: Volcarona|Protect|p1a: Volcarona
|-singleturn|p1a: Volcarona|Protect
|move|p2b: Talonflame|Tailwind|p2b: Talonflame
|-sidestart|p2: igor dalatengo|move: Tailwind
|move|p2a: Annihilape|Rage Fist|p1b: Ninetales
|-damage|p1b: Ninetales|0 fnt
|faint|p1b: Ninetales
|
|-weather|none
|upkeep
|
|t:|1755794254
|switch|p1b: Rillaboom|Rillaboom, L50, F|100/100
|-fieldstart|move: Grassy Terrain|[from] ability: Grassy Surge|[of] p1b: Rillaboom
|turn|6
|
|t:|1755794269
|move|p1b: Rillaboom|Fake Out|p2b: Talonflame
|-crit|p2b: Talonflame
|-damage|p2b: Talonflame|0 fnt
|faint|p2b: Talonflame
|move|p2a: Annihilape|Rage Fist|p1a: Volcarona
|-damage|p1a: Volcarona|0 fnt
|-status|p2a: Annihilape|brn|[from] ability: Flame Body|[of] p1a: Volcarona
|faint|p1a: Volcarona
|
|-heal|p2a: Annihilape|43/100 brn|[from] Grassy Terrain
|-damage|p2a: Annihilape|37/100 brn|[from] brn
|upkeep
|
|t:|1755794277
|switch|p2b: Garchomp|Garchomp, L50, F|100/100
|turn|7
|
|t:|1755794293
|-terastallize|p2a: Annihilape|Grass
|move|p1b: Rillaboom|Grassy Glide|p2a: Annihilape
|-resisted|p2a: Annihilape
|-damage|p2a: Annihilape|16/100 brn
|move|p2b: Garchomp|Dragon Claw|p1b: Rillaboom
|-damage|p1b: Rillaboom|64/100
|-damage|p2b: Garchomp|91/100|[from] item: Life Orb
|move|p2a: Annihilape|Rage Fist|p1b: Rillaboom
|-damage|p1b: Rillaboom|0 fnt
|faint|p1b: Rillaboom
|
|win|igor dalatengo
|raw|browe's rating: 1208 → 1191(-17 for losing)
|raw|igor dalatengo's rating: 1317 → 1331(+14 for winning)
|l|☆igor dalatengo
|player|p2|
