|j|☆OhNoValentine
|j|☆Gworf
|html|OhNoValentineGworf    
|uhtml|bestof|Game 1 of a best-of-3
|t:|1756399683
|gametype|doubles
|player|p1|OhNoValentine|101|1062
|player|p2|Gworf|acetrainer-gen4dp|1008
|gen|9
|tier|[Gen 9] VGC 2025 Reg H (Bo3)
|rated|
|rule|Species Clause: Limit one of each Pokémon
|rule|Item Clause: Limit 1 of each item
|clearpoke
|poke|p1|Primarina, L50, M|
|poke|p1|Garchomp, L50, F|
|poke|p1|Gholdengo, L50|
|poke|p1|Talonflame, L50, M|
|poke|p1|Tyranitar, L50, F|
|poke|p1|Amoonguss, L50, M|
|poke|p2|Ninetales, L50, M|
|poke|p2|Zoroark-Hisui, L50, F|
|poke|p2|Charizard, L50, F|
|poke|p2|Hatterene, L50, F|
|poke|p2|Indeedee, L50, M|
|poke|p2|Dragapult, L50, F|
|teampreview|4
|showteam|p1|Primarina||ThroatSpray|LiquidVoice|Haze,Moonblast,Protect,HyperVoice|||M|||50|,,,,,Steel]Garchomp||LifeOrb|SandVeil|Protect,Earthquake,StompingTantrum,DragonClaw|||F|||50|,,,,,Fire]Gholdengo||MetalCoat|GoodasGold|Protect,NastyPlot,ShadowBall,MakeItRain||||||50|,,,,,Flying]Talonflame||CovertCloak|GaleWings|BraveBird,Tailwind,WillOWisp,Taunt|||M|||50|,,,,,Flying]Tyranitar||AssaultVest|SandStream|KnockOff,TeraBlast,LowKick,RockSlide|||F|||50|,,,,,Flying]Amoonguss||SitrusBerry|Regenerator|RagePowder,Spore,PollenPuff,Protect|||M|||50|,,,,,Water
|showteam|p2|Ninetales||Charcoal|Drought|HeatWave,WeatherBall,NastyPlot,Protect|||M|||50|,,,,,Stellar]Zoroark-Hisui||NormalGem|Illusion|HyperVoice,BitterMalice,HyperBeam,IcyWind|||F|||50|,,,,,Normal]Charizard||ChoiceSpecs|SolarPower|HeatWave,FireBlast,DragonPulse,ScorchingSands|||F|||50|,,,,,Ghost]Hatterene||LifeOrb|MagicBounce|ExpandingForce,MysticalFire,TrickRoom,Protect|||F|||50|,,,,,Fire]Indeedee||ChoiceScarf|PsychicSurge|ExpandingForce,HyperVoice,TrickRoom,Trick|||M|||50|,,,,,Psychic]Dragapult||FocusSash|ClearBody|DragonDarts,PhantomForce,Uturn,Protect|||F|||50|,,,,,Dragon
|inactive|Battle timer is ON: inactive players will automatically lose when time's up. (requested by OhNoValentine)
|inactive|Gworf has 60 seconds left.
|
|t:|1756399738
|teamsize|p1|4
|teamsize|p2|4
|start
|switch|p1a: Garchomp|Garchomp, L50, F|100/100
|switch|p1b: Talonflame|Talonflame, L50, M|100/100
|switch|p2a: Dragapult|Dragapult, L50, F|100/100
|switch|p2b: Charizard|Charizard, L50, F|100/100
|turn|1
|inactive|Gworf has 30 seconds left.
|
|t:|1756399771
|move|p1a: Garchomp|Protect|p1a: Garchomp
|-singleturn|p1a: Garchomp|Protect
|move|p1b: Talonflame|Tailwind|p1b: Talonflame
|-sidestart|p1: OhNoValentine|move: Tailwind
|move|p2a: Dragapult|Dragon Darts|p1b: Talonflame
|-damage|p1b: Talonflame|57/100
|-anim|p2a: Dragapult|Dragon Darts|p1b: Talonflame
|-damage|p1b: Talonflame|17/100
|move|p2b: Charizard|Scorching Sands|p1a: Garchomp
|-activate|p1a: Garchomp|move: Protect
|
|upkeep
|turn|2
|
|t:|1756399791
|switch|p1a: Tyranitar|Tyranitar, L50, F|100/100
|-weather|Sandstorm|[from] ability: Sand Stream|[of] p1a: Tyranitar
|switch|p2b: Ninetales|Ninetales, L50, M, shiny|100/100
|-weather|SunnyDay|[from] ability: Drought|[of] p2b: Ninetales
|move|p2a: Dragapult|Protect|p2a: Dragapult
|-singleturn|p2a: Dragapult|Protect
|move|p1b: Talonflame|Will-O-Wisp|p2a: Dragapult
|-activate|p2a: Dragapult|move: Protect
|
|-weather|SunnyDay|[upkeep]
|upkeep
|turn|3
|inactive|Gworf has 30 seconds left.
|inactive|Gworf has 20 seconds left.
|inactive|Gworf has 15 seconds left.
|inactive|Gworf has 10 seconds left.
|
|t:|1756399839
|switch|p2a: Indeedee|Indeedee, L50, M|100/100
|-fieldstart|move: Psychic Terrain|[from] ability: Psychic Surge|[of] p2a: Indeedee
|move|p2b: Ninetales|Protect|p2b: Ninetales
|-singleturn|p2b: Ninetales|Protect
|move|p1b: Talonflame|Brave Bird|p2a: Indeedee
|-damage|p2a: Indeedee|0 fnt
|faint|p2a: Indeedee
|-damage|p1b: Talonflame|0 fnt|[from] Recoil
|faint|p1b: Talonflame
|move|p1a: Tyranitar|Rock Slide|p2b: Ninetales
|-activate|p2b: Ninetales|move: Protect
|
|-weather|SunnyDay|[upkeep]
|upkeep
|inactive|OhNoValentine has 30 seconds left.
|inactive|Gworf has 30 seconds left.
|inactive|Gworf has 20 seconds left.
|inactive|Gworf has 15 seconds left.
|inactive|Gworf has 10 seconds left.
|
|t:|1756399884
|switch|p1b: Garchomp|Garchomp, L50, F|100/100
|switch|p2a: Dragapult|Dragapult, L50, F|100/100
|turn|4
|
|t:|1756399901
|switch|p1a: Primarina|Primarina, L50, M|100/100
|-terastallize|p1b: Garchomp|Fire
|-terastallize|p2a: Dragapult|Dragon
|move|p1b: Garchomp|Dragon Claw|p2b: Ninetales
|-damage|p2b: Ninetales|34/100
|-damage|p1b: Garchomp|91/100|[from] item: Life Orb
|move|p2a: Dragapult|Dragon Darts|p1b: Garchomp
|-damage|p1b: Garchomp|52/100
|-anim|p2a: Dragapult|Dragon Darts|p1b: Garchomp
|-damage|p1b: Garchomp|14/100
|move|p2b: Ninetales|Heat Wave|p1b: Garchomp|[spread] p1a,p1b
|-resisted|p1a: Primarina
|-resisted|p1b: Garchomp
|-damage|p1a: Primarina|82/100
|-damage|p1b: Garchomp|0 fnt
|faint|p1b: Garchomp
|
|-weather|SunnyDay|[upkeep]
|-sideend|p1: OhNoValentine|move: Tailwind
|upkeep
|
|t:|1756399909
|switch|p1b: Tyranitar|Tyranitar, L50, F|100/100
|-weather|Sandstorm|[from] ability: Sand Stream|[of] p1b: Tyranitar
|turn|5
|inactive|Gworf has 30 seconds left.
|inactive|Gworf has 20 seconds left.
|
|t:|1756399945
|move|p2a: Dragapult|Dragon Darts|p1b: Tyranitar
|-damage|p1b: Tyranitar|65/100
|-anim|p2a: Dragapult|Dragon Darts|p1b: Tyranitar
|-damage|p1b: Tyranitar|36/100
|move|p2b: Ninetales|Weather Ball|p1a: Primarina
|-damage|p1a: Primarina|60/100
|move|p1b: Tyranitar|Rock Slide|p2a: Dragapult|[spread] p2a
|-miss|p1b: Tyranitar|p2b: Ninetales
|-damage|p2a: Dragapult|58/100
|move|p1a: Primarina|Hyper Voice|p2b: Ninetales|[spread] p2a,p2b
|-resisted|p2a: Dragapult
|-supereffective|p2b: Ninetales
|-damage|p2a: Dragapult|36/100
|-damage|p2b: Ninetales|0 fnt
|faint|p2b: Ninetales
|-enditem|p1a: Primarina|Throat Spray
|-boost|p1a: Primarina|spa|1|[from] item: Throat Spray
|
|-weather|Sandstorm|[upkeep]
|-damage|p2a: Dragapult|30/100|[from] Sandstorm
|-damage|p1a: Primarina|54/100|[from] Sandstorm
|upkeep
|
|t:|1756399959
|switch|p2b: Charizard|Charizard, L50, F|100/100
|turn|6
|inactive|Gworf has 30 seconds left.
|inactive|Gworf has 20 seconds left.
|inactive|Gworf has 15 seconds left.
|
|t:|1756400001
|move|p2a: Dragapult|Dragon Darts|p1b: Tyranitar
|-damage|p1b: Tyranitar|6/100
|-anim|p2a: Dragapult|Dragon Darts|p1b: Tyranitar
|-damage|p1b: Tyranitar|0 fnt
|faint|p1b: Tyranitar
|move|p2b: Charizard|Fire Blast|p1a: Primarina
|-resisted|p1a: Primarina
|-damage|p1a: Primarina|21/100
|move|p1a: Primarina|Hyper Voice|p2b: Charizard|[spread] p2a,p2b
|-resisted|p2a: Dragapult
|-supereffective|p2b: Charizard
|-damage|p2a: Dragapult|0 fnt
|-damage|p2b: Charizard|0 fnt
|faint|p2a: Dragapult
|faint|p2b: Charizard
|
|win|OhNoValentine
