|j|☆1OO% Jesus
|j|☆xaimemr
|html|1OO% Jesusxaimemr    
|uhtml|bestof|Game 3 of a best-of-3
|t:|1783520643
|gametype|doubles
|player|p1|1OO% Jesus|lillie-z|1206
|player|p2|xaimemr|266|1142
|gen|9
|tier|[Gen 9 Champions] VGC 2026 Reg M-B (Bo3)
|rated|
|rule|Species Clause: Limit one of each Pokémon
|rule|Item Clause: Limit 1 of each item
|clearpoke
|poke|p1|Delphox, L50, F|
|poke|p1|Sneasler, L50, M|
|poke|p1|Incineroar, L50, F|
|poke|p1|Sinistcha, L50|
|poke|p1|Maushold-Four, L50|
|poke|p1|Blastoise, L50, M|
|poke|p2|Floette-Eternal, L50, F|
|poke|p2|Delphox, L50, M|
|poke|p2|Incineroar, L50, M|
|poke|p2|Sinistcha, L50|
|poke|p2|Sneasler, L50, F|
|poke|p2|Kingambit, L50, M|
|teampreview|4
|showteam|p1|Delphox||Delphoxite|Blaze|HeatWave,Psyshock,NastyPlot,Protect|Timid||F|||50|]Sneasler||FocusSash|PoisonTouch|CloseCombat,PoisonJab,FakeOut,QuickGuard|Jolly||M|||50|]Incineroar||SitrusBerry|Intimidate|FlareBlitz,ThroatChop,FakeOut,PartingShot|Impish||F|||50|]Sinistcha||OccaBerry|Hospitality|MatchaGotcha,RagePowder,LifeDew,Protect|Bold|||||50|]Maushold-Four||ChopleBerry|FriendGuard|FollowMe,Feint,HelpingHand,Protect|Impish|||||50|]Blastoise||Blastoisinite|RainDish|WaterSpout,DarkPulse,ShellSmash,Protect|Modest||M|||50|
|showteam|p2|Floette-Eternal||Floettite|FlowerVeil|DrainingKiss,DazzlingGleam,Protect,CalmMind|Modest||F|||50|]Delphox||Delphoxite|Blaze|Psychic,HeatWave,Protect,NastyPlot|Modest||M|||50|]Incineroar||SitrusBerry|Intimidate|FakeOut,PartingShot,DarkestLariat,FlareBlitz|Careful||M|||50|]Sinistcha||KasibBerry|Hospitality|RagePowder,Protect,LifeDew,MatchaGotcha|Calm|||||50|]Sneasler||FocusSash|PoisonTouch|FakeOut,QuickGuard,PoisonJab,CloseCombat|Jolly||F|||50|]Kingambit||LifeOrb|Defiant|Protect,IronHead,SuckerPunch,KowtowCleave|Adamant||M|||50|
|inactive|Battle timer is ON: inactive players will automatically lose when time's up. (requested by xaimemr)
|inactive|1OO% Jesus has 60 seconds left.
|inactive|1OO% Jesus has 30 seconds left.
|inactive|1OO% Jesus has 20 seconds left.
|inactive|1OO% Jesus has 15 seconds left.
|inactive|1OO% Jesus has 10 seconds left.
|
|t:|1783520723
|teamsize|p1|4
|teamsize|p2|4
|start
|switch|p1a: Sneasler|Sneasler, L50, M|100/100
|switch|p1b: Blastoise|Blastoise, L50, M|100/100
|switch|p2a: Sneasler|Sneasler, L50, F|100/100
|switch|p2b: Delphox|Delphox, L50, M|100/100
|turn|1
|inactive|1OO% Jesus has 30 seconds left.
|inactive|xaimemr has 30 seconds left.
|inactive|1OO% Jesus has 20 seconds left.
|inactive|xaimemr has 20 seconds left.
|inactive|xaimemr has 15 seconds left.
|inactive|xaimemr has 10 seconds left.
|
|t:|1783520773
|detailschange|p1b: Blastoise|Blastoise-Mega, L50, M
|-mega|p1b: Blastoise|Blastoise|Blastoisinite
|move|p2b: Delphox|Protect|p2b: Delphox
|-singleturn|p2b: Delphox|Protect
|move|p1a: Sneasler|Fake Out|p2a: Sneasler
|-damage|p2a: Sneasler|76/100
|cant|p2a: Sneasler|flinch
|move|p1b: Blastoise|Shell Smash|p1b: Blastoise
|-unboost|p1b: Blastoise|def|1
|-unboost|p1b: Blastoise|spd|1
|-boost|p1b: Blastoise|atk|2
|-boost|p1b: Blastoise|spa|2
|-boost|p1b: Blastoise|spe|2
|
|upkeep
|turn|2
|
|t:|1783520792
|switch|p1a: Incineroar|Incineroar, L50, F|100/100
|-ability|p1a: Incineroar|Intimidate|boost
|-unboost|p2a: Sneasler|atk|1
|-unboost|p2b: Delphox|atk|1
|switch|p2b: Sinistcha|Sinistcha, L50|100/100
|-heal|p2a: Sneasler|100/100|[from] ability: Hospitality|[of] p2b: Sinistcha
|move|p1b: Blastoise|Water Spout|p2a: Sneasler|[spread] p2a,p2b
|-resisted|p2b: Sinistcha|1
|-enditem|p2a: Sneasler|Focus Sash
|-damage|p2a: Sneasler|1/100
|-damage|p2b: Sinistcha|41/100
|move|p2a: Sneasler|Poison Jab|p1b: Blastoise
|-damage|p1b: Blastoise|60/100
|-status|p1b: Blastoise|psn|[from] ability: Poison Touch|[of] p2a: Sneasler
|
|-damage|p1b: Blastoise|48/100 psn|[from] psn
|upkeep
|turn|3
|inactive|xaimemr has 30 seconds left.
|inactive|xaimemr has 20 seconds left.
|inactive|xaimemr has 15 seconds left.
|
|t:|1783520836
|switch|p1a: Sinistcha|Sinistcha, L50|100/100
|-heal|p1b: Blastoise|73/100 psn|[from] ability: Hospitality|[of] p1a: Sinistcha
|move|p2b: Sinistcha|Protect|p2b: Sinistcha
|-singleturn|p2b: Sinistcha|Protect
|move|p2a: Sneasler|Quick Guard|p2a: Sneasler
|-singleturn|p2a: Sneasler|Quick Guard
|move|p1b: Blastoise|Water Spout|p2a: Sneasler|[spread] p2a
|-activate|p2b: Sinistcha|move: Protect
|-damage|p2a: Sneasler|0 fnt
|faint|p2a: Sneasler
|
|-damage|p1b: Blastoise|61/100 psn|[from] psn
|upkeep
|
|t:|1783520853
|switch|p2a: Incineroar|Incineroar, L50, M|100/100
|-ability|p2a: Incineroar|Intimidate|boost
|-unboost|p1a: Sinistcha|atk|1
|-unboost|p1b: Blastoise|atk|1
|turn|4
|
|t:|1783520859
|move|p1b: Blastoise|Protect|p1b: Blastoise
|-singleturn|p1b: Blastoise|Protect
|move|p2a: Incineroar|Fake Out|p1b: Blastoise
|-activate|p1b: Blastoise|move: Protect
|move|p2b: Sinistcha|Matcha Gotcha|p1a: Sinistcha|[spread] p1a
|-activate|p1b: Blastoise|move: Protect
|-resisted|p1a: Sinistcha|1
|-damage|p1a: Sinistcha|86/100
|-heal|p2b: Sinistcha|48/100|[from] drain|[of] p1a: Sinistcha
|move|p1a: Sinistcha|Life Dew|p1a: Sinistcha|[spread] p1a,p1b
|-heal|p1a: Sinistcha|100/100
|-heal|p1b: Blastoise|86/100 psn
|
|-damage|p1b: Blastoise|74/100 psn|[from] psn
|upkeep
|turn|5
|inactive|xaimemr has 30 seconds left.
|
|t:|1783520884
|move|p1b: Blastoise|Water Spout|p2b: Sinistcha|[spread] p2a,p2b
|-supereffective|p2a: Incineroar|1
|-resisted|p2b: Sinistcha|1
|-damage|p2a: Incineroar|0 fnt
|-damage|p2b: Sinistcha|0 fnt
|faint|p2a: Incineroar
|faint|p2b: Sinistcha
|move|p1a: Sinistcha|Life Dew||[still]|[spread] p1a,p1b
|-fail|p1a: Sinistcha|heal
|-heal|p1b: Blastoise|99/100 psn
|
|-damage|p1b: Blastoise|87/100 psn|[from] psn
|upkeep
|-message|xaimemr forfeited.
|raw|1OO% Jesus's rating: 1206 → 1226(+20 for winning)
|raw|xaimemr's rating: 1142 → 1122(-20 for losing)
|
|win|1OO% Jesus
