|j|☆onxlaughtvgc
|j|☆GiorgiusGamer
|html|onxlaughtvgcGiorgiusGamer    
|uhtml|bestof|Game 2 of a best-of-3
|t:|1757860945
|gametype|doubles
|player|p1|onxlaughtvgc|veteran|1151
|player|p2|GiorgiusGamer|170|1138
|gen|9
|tier|[Gen 9] VGC 2025 Reg H (Bo3)
|rated|
|rule|Species Clause: Limit one of each Pokémon
|rule|Item Clause: Limit 1 of each item
|clearpoke
|poke|p1|Kleavor, L50, F|
|poke|p1|Tyranitar, L50, F|
|poke|p1|Excadrill, L50, M|
|poke|p1|Garchomp, L50, F|
|poke|p1|Klefki, L50, M|
|poke|p1|Clodsire, L50, M|
|poke|p2|Clefairy, L50, F|
|poke|p2|Ursaluna, L50, F|
|poke|p2|Rillaboom, L50, M|
|poke|p2|Dragonite, L50, M|
|poke|p2|Gholdengo, L50|
|poke|p2|Sneasler, L50, F|
|teampreview|4
|showteam|p1|Kleavor||ChoiceBand|Sharpness|StoneAxe,AerialAce,NightSlash,CloseCombat|||F|||50|,,,,,Ghost]Tyranitar||AssaultVest|SandStream|RockSlide,KnockOff,LowKick,TeraBlast|||F|||50|,,,,,Flying]Excadrill||FocusSash|SandRush|Earthquake,RockSlide,IronHead,Protect|||M|||50|,,,,,Ground]Garchomp||BrightPowder|SandVeil|StompingTantrum,RockSlide,SwordsDance,Protect|||F|||50|,,,,,Fire]Klefki||LightClay|Prankster|Reflect,ThunderWave,DrainingKiss,LightScreen|||M|||50|,,,,,Water]Clodsire||Leftovers|WaterAbsorb|StompingTantrum,PoisonJab,Protect,Recover|||M|||50|,,,,,Poison
|showteam|p2|Clefairy||Eviolite|FriendGuard|DazzlingGleam,FollowMe,Encore,IcyWind|||F|||50|,,,,,Fairy]Ursaluna||FlameOrb|Guts|Facade,HeadlongRush,Earthquake,Protect|||F|||50|,,,,,Water]Rillaboom||AssaultVest|GrassySurge|WoodHammer,GrassyGlide,HighHorsepower,FakeOut|||M|||50|,,,,,Grass]Dragonite||LoadedDice|Multiscale|ScaleShot,TeraBlast,Haze,Tailwind|||M|||50|,,,,,Flying]Gholdengo||LifeOrb|GoodasGold|MakeItRain,ShadowBall,NastyPlot,Protect||||||50|,,,,,Steel]Sneasler||FocusSash|Unburden|DireClaw,CloseCombat,Coaching,Protect|||F|||50|,,,,,Stellar
|inactive|Battle timer is ON: inactive players will automatically lose when time's up. (requested by onxlaughtvgc)
|inactive|GiorgiusGamer has 60 seconds left.
|
|t:|1757860997
|teamsize|p1|4
|teamsize|p2|4
|start
|switch|p1a: Kleavor|Kleavor, L50, F|100/100
|switch|p1b: Klefki|Klefki, L50, M|100/100
|switch|p2a: Sneasler|Sneasler, L50, F|100/100
|switch|p2b: Dragonite|Dragonite, L50, M|100/100
|turn|1
|
|t:|1757861013
|move|p1b: Klefki|Reflect|p1b: Klefki
|-sidestart|p1: onxlaughtvgc|Reflect
|move|p2a: Sneasler|Dire Claw|p1a: Kleavor
|-resisted|p1a: Kleavor
|-crit|p1a: Kleavor
|-damage|p1a: Kleavor|61/100
|move|p1a: Kleavor|Stone Axe|p2b: Dragonite
|-supereffective|p2b: Dragonite
|-damage|p2b: Dragonite|15/100
|-sidestart|p2: GiorgiusGamer|move: Stealth Rock
|move|p2b: Dragonite|Tailwind|p2b: Dragonite
|-sidestart|p2: GiorgiusGamer|move: Tailwind
|
|upkeep
|turn|2
|
|t:|1757861037
|switch|p1a: Tyranitar|Tyranitar, L50, F|100/100
|-weather|Sandstorm|[from] ability: Sand Stream|[of] p1a: Tyranitar
|move|p2a: Sneasler|Coaching|p2b: Dragonite
|-boost|p2b: Dragonite|atk|1
|-boost|p2b: Dragonite|def|1
|move|p2b: Dragonite|Scale Shot|p1a: Tyranitar
|-damage|p1a: Tyranitar|91/100
|-damage|p1a: Tyranitar|80/100
|-damage|p1a: Tyranitar|71/100
|-damage|p1a: Tyranitar|59/100
|-damage|p1a: Tyranitar|48/100
|-hitcount|p1a: Tyranitar|5
|-unboost|p2b: Dragonite|def|1
|-boost|p2b: Dragonite|spe|1
|move|p1b: Klefki|Draining Kiss|p2b: Dragonite
|-supereffective|p2b: Dragonite
|-damage|p2b: Dragonite|0 fnt
|faint|p2b: Dragonite
|
|-weather|Sandstorm|[upkeep]
|-damage|p2a: Sneasler|95/100|[from] Sandstorm
|upkeep
|inactive|GiorgiusGamer has 30 seconds left.
|
|t:|1757861063
|switch|p2b: Ursaluna|Ursaluna, L50, F|100/100
|-damage|p2b: Ursaluna|95/100|[from] Stealth Rock
|turn|3
|
|t:|1757861076
|-terastallize|p1a: Tyranitar|Flying
|move|p2b: Ursaluna|Protect|p2b: Ursaluna
|-singleturn|p2b: Ursaluna|Protect
|move|p1b: Klefki|Thunder Wave|p2a: Sneasler
|-status|p2a: Sneasler|par
|move|p2a: Sneasler|Close Combat|p1a: Tyranitar
|-resisted|p1a: Tyranitar
|-damage|p1a: Tyranitar|31/100
|-unboost|p2a: Sneasler|def|1
|-unboost|p2a: Sneasler|spd|1
|move|p1a: Tyranitar|Tera Blast|p2a: Sneasler|[anim] Tera Blast Flying
|-supereffective|p2a: Sneasler
|-damage|p2a: Sneasler|0 fnt
|faint|p2a: Sneasler
|
|-weather|Sandstorm|[upkeep]
|-damage|p1a: Tyranitar|25/100|[from] Sandstorm
|-status|p2b: Ursaluna|brn|[from] item: Flame Orb
|upkeep
|
|t:|1757861085
|switch|p2a: Gholdengo|Gholdengo, L50|100/100
|-damage|p2a: Gholdengo|95/100|[from] Stealth Rock
|turn|4
|
|t:|1757861105
|-terastallize|p2a: Gholdengo|Steel
|move|p1b: Klefki|Light Screen|p1b: Klefki
|-sidestart|p1: onxlaughtvgc|move: Light Screen
|move|p2a: Gholdengo|Nasty Plot|p2a: Gholdengo
|-boost|p2a: Gholdengo|spa|2
|move|p2b: Ursaluna|Facade|p1a: Tyranitar
|-damage|p1a: Tyranitar|0 fnt
|faint|p1a: Tyranitar
|
|-weather|Sandstorm|[upkeep]
|-damage|p2b: Ursaluna|89/100 brn|[from] brn
|-sideend|p2: GiorgiusGamer|move: Tailwind
|upkeep
|inactive|onxlaughtvgc has 30 seconds left.
|
|t:|1757861130
|switch|p1a: Kleavor|Kleavor, L50, F|61/100
|turn|5
|
|t:|1757861145
|move|p2a: Gholdengo|Protect|p2a: Gholdengo
|-singleturn|p2a: Gholdengo|Protect
|move|p1a: Kleavor|Close Combat|p2a: Gholdengo
|-activate|p2a: Gholdengo|move: Protect
|move|p1b: Klefki|Draining Kiss|p2b: Ursaluna
|-damage|p2b: Ursaluna|77/100 brn
|move|p2b: Ursaluna|Headlong Rush|p1a: Kleavor
|-damage|p1a: Kleavor|0 fnt
|-unboost|p2b: Ursaluna|def|1
|-unboost|p2b: Ursaluna|spd|1
|faint|p1a: Kleavor
|
|-weather|Sandstorm|[upkeep]
|-damage|p2b: Ursaluna|71/100 brn|[from] brn
|upkeep
|
|t:|1757861161
|switch|p1a: Excadrill|Excadrill, L50, M|100/100
|turn|6
|
|t:|1757861176
|move|p1a: Excadrill|Earthquake|p2b: Ursaluna|[spread] p1b,p2a,p2b
|-supereffective|p1b: Klefki
|-supereffective|p2a: Gholdengo
|-damage|p1b: Klefki|47/100
|-damage|p2a: Gholdengo|0 fnt
|-damage|p2b: Ursaluna|15/100 brn
|faint|p2a: Gholdengo
|move|p1b: Klefki|Draining Kiss|p2b: Ursaluna
|-damage|p2b: Ursaluna|0 fnt
|-heal|p1b: Klefki|62/100|[from] drain|[of] p2b: Ursaluna
|faint|p2b: Ursaluna
|
|win|onxlaughtvgc
||GiorgiusGamer is ready for game 3.
|inactive|onxlaughtvgc has 30 seconds to confirm battle start!
||onxlaughtvgc is ready for game 3.
|uhtml|next|Next: Game 3 of 3
