|j|☆regalac3
|j|☆polyman
|html|regalac3polyman    
|uhtml|bestof|Game 2 of a best-of-3
|t:|1757027201
|gametype|doubles
|player|p1|regalac3|n|1077
|player|p2|polyman|2|1000
|gen|9
|tier|[Gen 9] VGC 2025 Reg H (Bo3)
|rated|
|rule|Species Clause: Limit one of each Pokémon
|rule|Item Clause: Limit 1 of each item
|clearpoke
|poke|p1|Pelipper, L50, F|
|poke|p1|Basculegion, L50, M|
|poke|p1|Archaludon, L50, M|
|poke|p1|Annihilape, L50, F|
|poke|p1|Rillaboom, L50, M|
|poke|p1|Maushold-Four, L50|
|poke|p2|Weezing-Galar, L50, M|
|poke|p2|Toedscruel, L50, M|
|poke|p2|Slaking, L50, M|
|poke|p2|Incineroar, L50, M|
|poke|p2|Decidueye-Hisui, L50, F|
|poke|p2|Clefairy, L50, M|
|teampreview|4
|showteam|p1|Pelipper||FocusSash|Drizzle|Hurricane,WeatherBall,WideGuard,Protect|||F|||50|,,,,,Stellar]Basculegion||LifeOrb|SwiftSwim|WaveCrash,LastRespects,AquaJet,Protect|||M|||50|,,,,,Water]Archaludon||AssaultVest|Stamina|FlashCannon,DracoMeteor,ElectroShot,BodyPress|||M|||50|,,,,,Bug]Annihilape||Leftovers|Defiant|RageFist,DrainPunch,BulkUp,Protect|||F|||50|,,,,,Fire]Rillaboom||LoadedDice|GrassySurge|BulletSeed,GrassyGlide,HighHorsepower,FakeOut|||M|||50|,,,,,Water]Maushold-Four||SafetyGoggles|FriendGuard|BeatUp,FollowMe,Taunt,Protect||||||50|,,,,,Ghost
|showteam|p2|Weezing-Galar||Leftovers|NeutralizingGas|DazzlingGleam,Protect,Flamethrower,Taunt|||M|||50|,,,,,Grass]Toedscruel||CovertCloak|MyceliumMight|Spore,AcidSpray,Spikes,RagePowder|||M|||50|,,,,,Ground]Slaking||LifeOrb|Truant|SlackOff,Trailblaze,Curse,HighHorsepower|||M|||50|,,,,,Normal]Incineroar||AbilityShield|Intimidate|PartingShot,KnockOff,FakeOut,Protect|||M|||50|,,,,,Fire]Decidueye-Hisui||FocusSash|Scrappy|Tailwind,TripleArrows,Uturn,CloseCombat|||F|||50|,,,,,Fairy]Clefairy||Eviolite|FriendGuard|FollowMe,HealPulse,Psychic,Protect|||M|||50|,,,,,Fairy
|inactive|Battle timer is ON: inactive players will automatically lose when time's up. (requested by regalac3)
|
|t:|1757027217
|teamsize|p1|4
|teamsize|p2|4
|start
|switch|p1a: Rillaboom|Rillaboom, L50, M|100/100
|switch|p1b: Archaludon|Archaludon, L50, M|100/100
|switch|p2a: Incineroar|Incineroar, L50, M|100/100
|switch|p2b: Decidueye|Decidueye-Hisui, L50, F|100/100
|-fieldstart|move: Grassy Terrain|[from] ability: Grassy Surge|[of] p1a: Rillaboom
|-ability|p2a: Incineroar|Intimidate|boost
|-unboost|p1a: Rillaboom|atk|1
|-unboost|p1b: Archaludon|atk|1
|turn|1
|inactive|polyman has 30 seconds left.
|inactive|polyman has 20 seconds left.
|inactive|polyman has 15 seconds left.
|inactive|polyman has 10 seconds left.
|
|t:|1757027263
|-terastallize|p1b: Archaludon|Bug
|move|p1a: Rillaboom|Bullet Seed|p1b: Archaludon
|-resisted|p1b: Archaludon
|-damage|p1b: Archaludon|96/100
|-ability|p1b: Archaludon|Stamina|boost
|-boost|p1b: Archaludon|def|1
|-resisted|p1b: Archaludon
|-damage|p1b: Archaludon|93/100
|-ability|p1b: Archaludon|Stamina|boost
|-boost|p1b: Archaludon|def|1
|-resisted|p1b: Archaludon
|-damage|p1b: Archaludon|91/100
|-ability|p1b: Archaludon|Stamina|boost
|-boost|p1b: Archaludon|def|1
|-resisted|p1b: Archaludon
|-damage|p1b: Archaludon|90/100
|-ability|p1b: Archaludon|Stamina|boost
|-boost|p1b: Archaludon|def|1
|-hitcount|p1b: Archaludon|4
|move|p2b: Decidueye|U-turn|p1a: Rillaboom
|-supereffective|p1a: Rillaboom
|-damage|p1a: Rillaboom|58/100
|
|t:|1757027284
|switch|p2b: Weezing|Weezing-Galar, L50, M, shiny|100/100|[from] U-turn
|-ability|p2b: Weezing|Neutralizing Gas
|-block|p2a: Incineroar|item: Ability Shield
|move|p1b: Archaludon|Body Press|p2a: Incineroar
|-supereffective|p2a: Incineroar
|-damage|p2a: Incineroar|0 fnt
|faint|p2a: Incineroar
|
|-heal|p1a: Rillaboom|64/100|[from] Grassy Terrain
|-heal|p1b: Archaludon|96/100|[from] Grassy Terrain
|upkeep
|
|t:|1757027295
|switch|p2a: Toedscruel|Toedscruel, L50, M|100/100
|turn|2
|
|t:|1757027311
|switch|p1a: Maushold|Maushold-Four, L50|100/100
|move|p2a: Toedscruel|Spore|p1b: Archaludon
|-status|p1b: Archaludon|slp|[from] move: Spore
|cant|p1b: Archaludon|slp
|move|p2b: Weezing|Taunt|p1a: Maushold
|-start|p1a: Maushold|move: Taunt
|
|-heal|p1b: Archaludon|100/100 slp|[from] Grassy Terrain
|upkeep
|turn|3
|
|t:|1757027330
|switch|p1a: Rillaboom|Rillaboom, L50, M|64/100
|move|p2a: Toedscruel|Acid Spray|p1b: Archaludon
|-damage|p1b: Archaludon|95/100 slp
|-unboost|p1b: Archaludon|spd|2
|-curestatus|p1b: Archaludon|slp|[msg]
|move|p1b: Archaludon|Body Press|p2a: Toedscruel
|-damage|p2a: Toedscruel|21/100
|move|p2b: Weezing|Flamethrower|p1b: Archaludon
|-supereffective|p1b: Archaludon
|-damage|p1b: Archaludon|48/100
|
|-heal|p2a: Toedscruel|27/100|[from] Grassy Terrain
|-heal|p1a: Rillaboom|70/100|[from] Grassy Terrain
|-heal|p1b: Archaludon|54/100|[from] Grassy Terrain
|upkeep
|turn|4
|
|t:|1757027349
|switch|p1b: Annihilape|Annihilape, L50, F|100/100
|move|p1a: Rillaboom|Fake Out|p2a: Toedscruel
|-damage|p2a: Toedscruel|10/100
|move|p2a: Toedscruel|Rage Powder|p2a: Toedscruel
|-singleturn|p2a: Toedscruel|move: Rage Powder
|move|p2b: Weezing|Flamethrower|p1b: Annihilape
|-damage|p1b: Annihilape|83/100
|-status|p1b: Annihilape|brn
|
|-heal|p1b: Annihilape|89/100 brn|[from] Grassy Terrain
|-heal|p1b: Annihilape|95/100 brn|[from] item: Leftovers
|-heal|p2a: Toedscruel|16/100|[from] Grassy Terrain
|-heal|p1a: Rillaboom|76/100|[from] Grassy Terrain
|-damage|p1b: Annihilape|89/100 brn|[from] brn
|upkeep
|turn|5
|
|t:|1757027372
|move|p1b: Annihilape|Rage Fist|p2b: Weezing
|-damage|p2b: Weezing|80/100
|move|p2a: Toedscruel|Spore||[still]
|-fail|p2a: Toedscruel
|move|p1a: Rillaboom|Bullet Seed|p1b: Annihilape
|-damage|p1b: Annihilape|72/100 brn
|-damage|p1b: Annihilape|55/100 brn
|-damage|p1b: Annihilape|37/100 brn
|-damage|p1b: Annihilape|18/100 brn
|-damage|p1b: Annihilape|0 fnt
|faint|p1b: Annihilape
|-hitcount|p1: Annihilape|5
|move|p2b: Weezing|Flamethrower|p1a: Rillaboom
|-supereffective|p1a: Rillaboom
|-damage|p1a: Rillaboom|38/100
|
|-heal|p2a: Toedscruel|23/100|[from] Grassy Terrain
|-heal|p1a: Rillaboom|44/100|[from] Grassy Terrain
|-heal|p2b: Weezing|86/100|[from] Grassy Terrain
|-heal|p2b: Weezing|92/100|[from] item: Leftovers
|-fieldend|move: Grassy Terrain
|upkeep
|
|t:|1757027383
|switch|p1b: Archaludon|Archaludon, L50, M, tera:Bug|54/100
|turn|6
|
|t:|1757027404
|switch|p1a: Maushold|Maushold-Four, L50|100/100
|move|p2a: Toedscruel|Spore|p1b: Archaludon
|-status|p1b: Archaludon|slp|[from] move: Spore
|cant|p1b: Archaludon|slp
|move|p2b: Weezing|Flamethrower|p1a: Maushold
|-damage|p1a: Maushold|79/100
|
|-heal|p2b: Weezing|98/100|[from] item: Leftovers
|upkeep
|turn|7
|
|t:|1757027425
|move|p1a: Maushold|Taunt|p2a: Toedscruel
|-start|p2a: Toedscruel|move: Taunt
|move|p2a: Toedscruel|Acid Spray|p1b: Archaludon
|-damage|p1b: Archaludon|48/100 slp
|-unboost|p1b: Archaludon|spd|2
|-curestatus|p1b: Archaludon|slp|[msg]
|move|p1b: Archaludon|Body Press|p2a: Toedscruel
|-damage|p2a: Toedscruel|0 fnt
|faint|p2a: Toedscruel
|move|p2b: Weezing|Flamethrower|p1b: Archaludon
|-supereffective|p1b: Archaludon
|-crit|p1b: Archaludon
|-damage|p1b: Archaludon|0 fnt
|faint|p1b: Archaludon
|
|-heal|p2b: Weezing|100/100|[from] item: Leftovers
|upkeep
|
|t:|1757027441
|switch|p2a: Decidueye|Decidueye-Hisui, L50, F|100/100
|switch|p1b: Rillaboom|Rillaboom, L50, M|44/100
|turn|8
|
|t:|1757027462
|move|p2b: Weezing|Protect|p2b: Weezing
|-singleturn|p2b: Weezing|Protect
|move|p1b: Rillaboom|Fake Out|p2a: Decidueye
|-damage|p2a: Decidueye|81/100
|move|p1a: Maushold|Taunt|p2b: Weezing
|-activate|p2b: Weezing|move: Protect
|cant|p2a: Decidueye|flinch
|
|upkeep
|turn|9
|
|t:|1757027475
|move|p1a: Maushold|Follow Me|p1a: Maushold
|-singleturn|p1a: Maushold|move: Follow Me
|move|p1b: Rillaboom|High Horsepower|p2b: Weezing
|-supereffective|p2b: Weezing
|-damage|p2b: Weezing|42/100
|move|p2a: Decidueye|Tailwind|p2a: Decidueye
|-sidestart|p2: polyman|move: Tailwind
|move|p2b: Weezing|Taunt|p1a: Maushold
|-start|p1a: Maushold|move: Taunt
|
|-heal|p2b: Weezing|48/100|[from] item: Leftovers
|upkeep
|turn|10
|
|t:|1757027488
|move|p2a: Decidueye|Triple Arrows|p1a: Maushold
|-supereffective|p1a: Maushold
|-crit|p1a: Maushold
|-damage|p1a: Maushold|0 fnt
|faint|p1a: Maushold
|move|p2b: Weezing|Flamethrower|p1b: Rillaboom
|-supereffective|p1b: Rillaboom
|-damage|p1b: Rillaboom|8/100
|move|p1b: Rillaboom|High Horsepower|p2b: Weezing
|-supereffective|p2b: Weezing
|-damage|p2b: Weezing|0 fnt
|faint|p2b: Weezing
|-end|p2b: Weezing|ability: Neutralizing Gas
|-fieldstart|move: Grassy Terrain|[from] ability: Grassy Surge|[of] p1b: Rillaboom
|
|-heal|p2a: Decidueye|87/100|[from] Grassy Terrain
|-heal|p1b: Rillaboom|14/100|[from] Grassy Terrain
|upkeep
|turn|11
|
|t:|1757027505
|-terastallize|p2a: Decidueye|Fairy
|move|p2a: Decidueye|Triple Arrows|p1b: Rillaboom
|-damage|p1b: Rillaboom|0 fnt
|faint|p1b: Rillaboom
|
|win|polyman
||regalac3 is ready for game 3.
