|j|☆Youax55
|j|☆kihri
|html|Youax55kihri    
|uhtml|bestof|Game 1 of a best-of-3
|t:|1783039209
|gametype|doubles
|player|p1|Youax55|nate|
|player|p2|kihri|jupiter|
|gen|9
|tier|[Gen 9 Champions] VGC 2026 Reg M-B (Bo3)
|rule|Species Clause: Limit one of each Pokémon
|rule|Item Clause: Limit 1 of each item
|clearpoke
|poke|p1|Arcanine-Hisui, L50, M|
|poke|p1|Pidgeot, L50, F|
|poke|p1|Weavile, L50, F|
|poke|p1|Ariados, L50, M|
|poke|p1|Hawlucha, L50, M|
|poke|p1|Vanilluxe, L50, F|
|poke|p2|Toxicroak, L50, F|
|poke|p2|Dedenne, L50, F|
|poke|p2|Beedrill, L50, F|
|poke|p2|Noivern, L50, F|
|poke|p2|Greninja, L50, F|
|poke|p2|Mawile, L50, M|
|teampreview|4
|showteam|p1|Arcanine-Hisui||WhiteHerb|Intimidate|RockSlide,ExtremeSpeed,FlareBlitz,Protect|Adamant||M|||50|]Pidgeot||Pidgeotite|BigPecks|Hurricane,HeatWave,Tailwind,Protect|Modest||F|||50|]Weavile||FocusSash|Pressure|FakeOut,KnockOff,IcicleCrash,Protect|Jolly||F|||50|]Ariados||ChartiBerry|Insomnia|RagePowder,StringShot,SuckerPunch,Protect|Impish||M|||50|]Hawlucha||Hawluchanite|Limber|Entrainment,Protect,DrainPunch,DualWingbeat|Jolly||M|||50|]Vanilluxe||ChoiceScarf|SnowWarning|FlashCannon,Blizzard,IcyWind,SheerCold|Bold||F|||50|
|showteam|p2|Toxicroak||BlackBelt|DrySkin|FakeOut,DrainPunch,PoisonJab,Protect|Adamant||F|||50|]Dedenne||SitrusBerry|CheekPouch|Entrainment,Nuzzle,RainDance,HelpingHand|Timid||F|||50|]Beedrill||Beedrillite|Sniper|FellStinger,Round,PoisonJab,Protect|Jolly||F|||50|]Noivern||FocusSash|Infiltrator|Tailwind,DracoMeteor,AirSlash,Protect|Modest||F|||50|]Greninja||Greninjite|Protean|Waterfall,NightSlash,IcePunch,Protect|Adamant||F|||50|]Mawile||ChoiceScarf|SheerForce|IceBeam,Flamethrower,SteelBeam,FocusBlast|Timid||M|||50|
|j| budster16
|j| ChocoHammy
|
|t:|1783039337
|teamsize|p1|4
|teamsize|p2|4
|start
|switch|p1a: Pidgeot|Pidgeot, L50, F|100/100
|switch|p1b: Weavile|Weavile, L50, F|100/100
|switch|p2a: Dedenne|Dedenne, L50, F|100/100
|switch|p2b: Noivern|Noivern, L50, F|100/100
|-ability|p1b: Weavile|Pressure
|turn|1
|c| ChocoHammy|Round Beedrill?
|c| budster16|leftover XD
|
|t:|1783039366
|detailschange|p1a: Pidgeot|Pidgeot-Mega, L50, F
|-mega|p1a: Pidgeot|Pidgeot|Pidgeotite
|move|p2b: Noivern|Protect|p2b: Noivern
|-singleturn|p2b: Noivern|Protect
|move|p1b: Weavile|Fake Out|p2b: Noivern
|-activate|p2b: Noivern|move: Protect
|move|p1a: Pidgeot|Tailwind|p1a: Pidgeot
|-sidestart|p1: Youax55|move: Tailwind
|move|p2a: Dedenne|Nuzzle|p1b: Weavile
|-damage|p1b: Weavile|91/100
|-status|p1b: Weavile|par
|
|upkeep
|turn|2
|c| ChocoHammy|Wrong item lol
|
|t:|1783039388
|move|p1a: Pidgeot|Heat Wave|p2b: Noivern|[spread] p2a,p2b
|-resisted|p2b: Noivern|1
|-damage|p2a: Dedenne|61/100
|-damage|p2b: Noivern|83/100
|move|p1b: Weavile|Icicle Crash|p2b: Noivern
|-supereffective|p2b: Noivern|2
|-damage|p2b: Noivern|0 fnt
|faint|p2b: Noivern
|move|p2a: Dedenne|Nuzzle|p1a: Pidgeot
|-supereffective|p1a: Pidgeot|1
|-damage|p1a: Pidgeot|87/100
|-status|p1a: Pidgeot|par
|
|upkeep
|
|t:|1783039416
|switch|p2b: Greninja|Greninja, L50, F|100/100
|turn|3
|j| clare_chan1738
|j| InfiniKnight
|
|t:|1783039441
|detailschange|p2b: Greninja|Greninja-Mega, L50, F
|-mega|p2b: Greninja|Greninja|Greninjite
|move|p1b: Weavile|Knock Off|p2a: Dedenne
|-resisted|p2a: Dedenne|1
|-damage|p2a: Dedenne|20/100y
|-enditem|p2a: Dedenne|Sitrus Berry|[from] move: Knock Off|[of] p1b: Weavile
|move|p2b: Greninja|Waterfall|p1b: Weavile
|-start|p2b: Greninja|typechange|Water|[from] ability: Protean
|-damage|p1b: Weavile|14/100 par
|cant|p1a: Pidgeot|par
|move|p2a: Dedenne|Rain Dance|p2a: Dedenne
|-weather|RainDance
|
|-weather|RainDance|[upkeep]
|upkeep
|turn|4
|c| InfiniKnight|hi jaxon
|c| InfiniKnight|hi josh
|c|☆Youax55|olo
|c| budster16|THAT is a penis
|
|t:|1783039472
|switch|p1b: Vanilluxe|Vanilluxe, L50, F|100/100
|-weather|Snowscape|[from] ability: Snow Warning|[of] p1b: Vanilluxe
|move|p2b: Greninja|Waterfall|p1a: Pidgeot
|-damage|p1a: Pidgeot|24/100 par
|cant|p1a: Pidgeot|par
|move|p2a: Dedenne|Nuzzle|p1b: Vanilluxe
|-crit|p1b: Vanilluxe
|-damage|p1b: Vanilluxe|94/100
|-status|p1b: Vanilluxe|par
|
|-weather|Snowscape|[upkeep]
|-sideend|p1: Youax55|move: Tailwind
|upkeep
|turn|5
|
|t:|1783039499
|move|p1a: Pidgeot|Protect|p1a: Pidgeot
|-singleturn|p1a: Pidgeot|Protect
|move|p2b: Greninja|Waterfall|p1a: Pidgeot
|-activate|p1a: Pidgeot|move: Protect
|move|p2a: Dedenne|Entrainment|p1b: Vanilluxe
|-ability|p1b: Vanilluxe|Cheek Pouch|Snow Warning|[from] move: Entrainment|[of] p2a: Dedenne
|move|p1b: Vanilluxe|Blizzard|p2b: Greninja|[spread] p2a,p2b
|-resisted|p2b: Greninja|1
|-damage|p2a: Dedenne|0 fnt
|-damage|p2b: Greninja|77/100
|faint|p2a: Dedenne
|
|-weather|Snowscape|[upkeep]
|upkeep
|
|t:|1783039511
|switch|p2a: Toxicroak|Toxicroak, L50, F|100/100
|turn|6
|
|t:|1783039526
|switch|p1a: Ariados|Ariados, L50, M|100/100
|move|p2a: Toxicroak|Fake Out|p1b: Vanilluxe
|-crit|p1b: Vanilluxe
|-damage|p1b: Vanilluxe|81/100 par
|move|p2b: Greninja|Waterfall|p1a: Ariados
|-crit|p1a: Ariados
|-damage|p1a: Ariados|37/100
|cant|p1b: Vanilluxe|flinch
|
|-weather|Snowscape|[upkeep]
|upkeep
|turn|7
|
|t:|1783039556
|move|p2b: Greninja|Waterfall|p1a: Ariados
|-damage|p1a: Ariados|0 fnt
|faint|p1a: Ariados
|move|p2a: Toxicroak|Drain Punch|p1b: Vanilluxe
|-supereffective|p1b: Vanilluxe|1
|-damage|p1b: Vanilluxe|14/100 par
|cant|p1b: Vanilluxe|par
|
|-weather|Snowscape|[upkeep]
|upkeep
|
|t:|1783039567
|switch|p1a: Pidgeot|Pidgeot-Mega, L50, F|24/100 par
|turn|8
|
|t:|1783039572
|move|p1a: Pidgeot|Protect|p1a: Pidgeot
|-singleturn|p1a: Pidgeot|Protect
|move|p2b: Greninja|Waterfall|p1a: Pidgeot
|-activate|p1a: Pidgeot|move: Protect
|move|p2a: Toxicroak|Drain Punch|p1b: Vanilluxe
|-supereffective|p1b: Vanilluxe|1
|-damage|p1b: Vanilluxe|0 fnt
|faint|p1b: Vanilluxe
|
|-weather|none
|upkeep
|
|t:|1783039578
|switch|p1b: Weavile|Weavile, L50, F|14/100 par
|-ability|p1b: Weavile|Pressure
|turn|9
|
|t:|1783039591
|move|p2b: Greninja|Protect|p2b: Greninja
|-singleturn|p2b: Greninja|Protect
|move|p2a: Toxicroak|Protect|p2a: Toxicroak
|-singleturn|p2a: Toxicroak|Protect
|move|p1b: Weavile|Fake Out|p2b: Greninja
|-activate|p2b: Greninja|move: Protect
|move|p1a: Pidgeot|Heat Wave|p2a: Toxicroak|[spread] 
|-activate|p2a: Toxicroak|move: Protect
|-activate|p2b: Greninja|move: Protect
|
|upkeep
|turn|10
|
|t:|1783039606
|move|p1b: Weavile|Protect|p1b: Weavile
|-singleturn|p1b: Weavile|Protect
|move|p2b: Greninja|Waterfall|p1a: Pidgeot
|-damage|p1a: Pidgeot|0 fnt
|faint|p1a: Pidgeot
|move|p2a: Toxicroak|Drain Punch|p1b: Weavile
|-activate|p1b: Weavile|move: Protect
|
|upkeep
|turn|11
|
|t:|1783039617
|move|p2b: Greninja|Waterfall|p1b: Weavile
|-damage|p1b: Weavile|0 fnt
|faint|p1b: Weavile
|
|win|kihri
