|j|☆PapaLima
|j|☆helio list
|html|PapaLimahelio list    
|uhtml|bestof|Game 3 of a best-of-3
|t:|1785599388
|gametype|doubles
|player|p1|PapaLima|265|1337
|player|p2|helio list|170|1476
|gen|9
|tier|[Gen 9 Champions] VGC 2026 Reg M-B (Bo3)
|rated|
|rule|Species Clause: Limit one of each Pokémon
|rule|Item Clause: Limit 1 of each item
|clearpoke
|poke|p1|Tyranitar, L50, F|
|poke|p1|Excadrill, L50, M|
|poke|p1|Gholdengo, L50|
|poke|p1|Milotic, L50, F|
|poke|p1|Sinistcha, L50|
|poke|p1|Staraptor, L50, M|
|poke|p2|Delphox, L50, F|
|poke|p2|Blastoise, L50, F|
|poke|p2|Sneasler, L50, M|
|poke|p2|Incineroar, L50, M|
|poke|p2|Sinistcha, L50|
|poke|p2|Maushold-Four, L50|
|teampreview|4
|showteam|p1|Tyranitar||Tyranitarite|SandStream|RockSlide,KnockOff,LowKick,Protect|Jolly||F|||50|]Excadrill||FocusSash|SandRush|HighHorsepower,IronHead,RockSlide,Protect|Adamant||M|||50|]Gholdengo||LifeOrb|GoodasGold|ShadowBall,MakeItRain,NastyPlot,Protect|Modest|||||50|]Milotic||SitrusBerry|Competitive|Scald,IceBeam,IcyWind,Protect|Calm||F|||50|]Sinistcha||ColburBerry|Hospitality|MatchaGotcha,ShadowBall,RagePowder,Protect|Bold|||||50|]Staraptor||Staraptite|Intimidate|BraveBird,CloseCombat,Tailwind,Protect|Jolly||M|||50|
|showteam|p2|Delphox||Delphoxite|Blaze|Protect,NastyPlot,HeatWave,Psyshock|Modest||F|||50|]Blastoise||Blastoisinite|RainDish|Protect,ShellSmash,WaterSpout,DarkPulse|Modest||F|||50|]Sneasler||WhiteHerb|Unburden|CloseCombat,GunkShot,FakeOut,Protect|Jolly||M|||50|]Incineroar||SitrusBerry|Intimidate|FlareBlitz,FakeOut,ThroatChop,PartingShot|Impish||M|||50|]Sinistcha||KasibBerry|Hospitality|Protect,MatchaGotcha,RagePowder,LifeDew|Bold|||||50|]Maushold-Four||FocusSash|FriendGuard|Protect,FollowMe,SuperFang,Feint|Jolly|||||50|
|inactive|Battle timer is ON: inactive players will automatically lose when time's up. (requested by helio list)
|inactive|PapaLima has 60 seconds left.
|inactive|helio list has 60 seconds left.
|
|t:|1785599444
|teamsize|p1|4
|teamsize|p2|4
|start
|switch|p1a: Tyranitar|Tyranitar, L50, F|100/100
|switch|p1b: Excadrill|Excadrill, L50, M|100/100
|switch|p2a: Witches|Delphox, L50, F|100/100
|switch|p2b: Everything|Incineroar, L50, M|100/100
|-weather|Sandstorm|[from] ability: Sand Stream|[of] p1a: Tyranitar
|-ability|p2b: Everything|Intimidate|boost
|-unboost|p1a: Tyranitar|atk|1
|-unboost|p1b: Excadrill|atk|1
|turn|1
|
|t:|1785599455
|detailschange|p2a: Witches|Delphox-Mega, L50, F
|-mega|p2a: Witches|Delphox|Delphoxite
|move|p2b: Everything|Fake Out|p1a: Tyranitar
|-resisted|p1a: Tyranitar|1
|-damage|p1a: Tyranitar|95/100
|move|p1b: Excadrill|Rock Slide|p2b: Everything|[spread] p2a,p2b
|-supereffective|p2a: Witches|1
|-supereffective|p2b: Everything|1
|-damage|p2a: Witches|64/100
|-damage|p2b: Everything|77/100
|move|p2a: Witches|Heat Wave|p1b: Excadrill|[spread] p1a,p1b
|-resisted|p1a: Tyranitar|1
|-supereffective|p1b: Excadrill|1
|-damage|p1a: Tyranitar|80/100
|-enditem|p1b: Excadrill|Focus Sash
|-damage|p1b: Excadrill|1/100
|cant|p1a: Tyranitar|flinch
|
|-weather|Sandstorm|[upkeep]
|-damage|p2a: Witches|58/100|[from] Sandstorm
|-damage|p2b: Everything|71/100|[from] Sandstorm
|upkeep
|turn|2
|inactive|PapaLima has 30 seconds left.
|inactive|helio list has 30 seconds left.
|
|t:|1785599487
|switch|p2a: Alchemist|Sneasler, L50, M|100/100
|move|p1b: Excadrill|High Horsepower|p2b: Everything
|-supereffective|p2b: Everything|1
|-damage|p2b: Everything|10/100
|-enditem|p2b: Everything|Sitrus Berry|[eat]
|-heal|p2b: Everything|35/100|[from] item: Sitrus Berry
|move|p1a: Tyranitar|Rock Slide|p2b: Everything|[spread] p2a,p2b
|-resisted|p2a: Alchemist|1
|-supereffective|p2b: Everything|1
|-damage|p2a: Alchemist|89/100
|-damage|p2b: Everything|4/100
|cant|p2b: Everything|flinch
|
|-weather|Sandstorm|[upkeep]
|-damage|p2a: Alchemist|83/100|[from] Sandstorm
|-damage|p2b: Everything|0 fnt|[from] Sandstorm
|faint|p2b: Everything
|upkeep
|
|t:|1785599502
|switch|p2b: Tea Leaves|Sinistcha, L50|100/100
|-heal|p2a: Alchemist|100/100|[from] ability: Hospitality|[of] p2b: Tea Leaves
|turn|3
|
|t:|1785599513
|switch|p1a: Staraptor|Staraptor, L50, M|100/100
|-ability|p1a: Staraptor|Intimidate|boost
|-unboost|p2a: Alchemist|atk|1
|-unboost|p2b: Tea Leaves|atk|1
|-enditem|p2a: Alchemist|White Herb
|-clearnegativeboost|p2a: Alchemist|[silent]
|move|p1b: Excadrill|Protect|p1b: Excadrill
|-singleturn|p1b: Excadrill|Protect
|move|p2a: Alchemist|Fake Out|p1b: Excadrill
|-activate|p1b: Excadrill|move: Protect
|move|p2b: Tea Leaves|Matcha Gotcha|p1a: Staraptor|[spread] p1a
|-activate|p1b: Excadrill|move: Protect
|-resisted|p1a: Staraptor|1
|-damage|p1a: Staraptor|84/100
|
|-weather|Sandstorm|[upkeep]
|-damage|p2a: Alchemist|94/100|[from] Sandstorm
|-damage|p1a: Staraptor|78/100|[from] Sandstorm
|-damage|p2b: Tea Leaves|93/100|[from] Sandstorm
|upkeep
|turn|4
|
|t:|1785599532
|switch|p1b: Milotic|Milotic, L50, F|100/100
|detailschange|p1a: Staraptor|Staraptor-Mega, L50, M
|-mega|p1a: Staraptor|Staraptor|Staraptite
|move|p2a: Alchemist|Gunk Shot|p1a: Staraptor|[miss]
|-miss|p2a: Alchemist|p1a: Staraptor
|move|p1a: Staraptor|Tailwind|p1a: Staraptor
|-sidestart|p1: PapaLima|move: Tailwind
|move|p2b: Tea Leaves|Matcha Gotcha|p1b: Milotic|[spread] p1a,p1b
|-resisted|p1a: Staraptor|1
|-supereffective|p1b: Milotic|1
|-damage|p1a: Staraptor|66/100
|-heal|p2b: Tea Leaves|100/100|[from] drain|[of] p1a: Staraptor
|-damage|p1b: Milotic|69/100
|
|-weather|Sandstorm|[upkeep]
|-damage|p1a: Staraptor|60/100|[from] Sandstorm
|-damage|p2a: Alchemist|88/100|[from] Sandstorm
|-damage|p1b: Milotic|63/100|[from] Sandstorm
|-damage|p2b: Tea Leaves|93/100|[from] Sandstorm
|upkeep
|turn|5
|
|t:|1785599556
|move|p2a: Alchemist|Protect|p2a: Alchemist
|-singleturn|p2a: Alchemist|Protect
|move|p1a: Staraptor|Brave Bird|p2a: Alchemist
|-activate|p2a: Alchemist|move: Protect
|move|p1b: Milotic|Icy Wind|p2a: Alchemist|[spread] 
|-activate|p2a: Alchemist|move: Protect
|-miss|p1b: Milotic|p2b: Tea Leaves
|move|p2b: Tea Leaves|Matcha Gotcha|p1b: Milotic|[spread] p1b
|-miss|p2b: Tea Leaves|p1a: Staraptor
|-supereffective|p1b: Milotic|1
|-damage|p1b: Milotic|32/100
|-heal|p2b: Tea Leaves|100/100|[from] drain|[of] p1b: Milotic
|-status|p1b: Milotic|brn
|-enditem|p1b: Milotic|Sitrus Berry|[eat]
|-heal|p1b: Milotic|57/100 brn|[from] item: Sitrus Berry
|
|-weather|none
|-damage|p1b: Milotic|51/100 brn|[from] brn
|upkeep
|turn|6
|
|t:|1785599576
|move|p2b: Tea Leaves|Rage Powder|p2b: Tea Leaves
|-singleturn|p2b: Tea Leaves|move: Rage Powder
|move|p1a: Staraptor|Brave Bird|p2b: Tea Leaves
|-supereffective|p2b: Tea Leaves|1
|-crit|p2b: Tea Leaves
|-damage|p2b: Tea Leaves|0 fnt
|faint|p2b: Tea Leaves
|-damage|p1a: Staraptor|29/100|[from] Recoil
|move|p2a: Alchemist|Gunk Shot|p1a: Staraptor
|-damage|p1a: Staraptor|0 fnt
|faint|p1a: Staraptor
|move|p1b: Milotic|Icy Wind|p2a: Alchemist
|-damage|p2a: Alchemist|71/100
|-unboost|p2a: Alchemist|spe|1
|
|-damage|p1b: Milotic|45/100 brn|[from] brn
|upkeep
|inactive|PapaLima has 30 seconds left.
|
|t:|1785599601
|switch|p1a: Excadrill|Excadrill, L50, M|1/100
|switch|p2b: Witches|Delphox-Mega, L50, F|58/100
|turn|7
|
|t:|1785599610
|move|p1a: Excadrill|Protect|p1a: Excadrill
|-singleturn|p1a: Excadrill|Protect
|move|p2a: Alchemist|Protect|p2a: Alchemist
|-singleturn|p2a: Alchemist|Protect
|move|p1b: Milotic|Scald|p2a: Alchemist
|-activate|p2a: Alchemist|move: Protect
|move|p2b: Witches|Heat Wave|p1b: Milotic|[spread] p1b
|-activate|p1a: Excadrill|move: Protect
|-resisted|p1b: Milotic|1
|-damage|p1b: Milotic|31/100 brn
|
|-damage|p1b: Milotic|25/100 brn|[from] brn
|-sideend|p1: PapaLima|move: Tailwind
|upkeep
|turn|8
|
|t:|1785599621
|switch|p1b: Tyranitar|Tyranitar, L50, F|80/100
|-weather|Sandstorm|[from] ability: Sand Stream|[of] p1b: Tyranitar
|move|p1a: Excadrill|High Horsepower|p2a: Alchemist
|-supereffective|p2a: Alchemist|1
|-damage|p2a: Alchemist|0 fnt
|faint|p2a: Alchemist
|move|p2b: Witches|Heat Wave|p1a: Excadrill|[spread] p1a,p1b
|-supereffective|p1a: Excadrill|1
|-resisted|p1b: Tyranitar|1
|-damage|p1a: Excadrill|0 fnt
|-damage|p1b: Tyranitar|65/100
|-status|p1b: Tyranitar|brn
|faint|p1a: Excadrill
|
|-weather|Sandstorm|[upkeep]
|-damage|p2b: Witches|52/100|[from] Sandstorm
|-damage|p1b: Tyranitar|59/100 brn|[from] brn
|upkeep
|
|t:|1785599628
|switch|p1a: Milotic|Milotic, L50, F|25/100 brn
|turn|9
|
|t:|1785599633
|move|p2b: Witches|Heat Wave|p1b: Tyranitar|[spread] p1a,p1b
|-resisted|p1a: Milotic|1
|-resisted|p1b: Tyranitar|1
|-damage|p1a: Milotic|11/100 brn
|-damage|p1b: Tyranitar|44/100 brn
|move|p1b: Tyranitar|Knock Off|p2b: Witches
|-supereffective|p2b: Witches|1
|-damage|p2b: Witches|9/100
|move|p1a: Milotic|Scald|p2b: Witches
|-supereffective|p2b: Witches|1
|-damage|p2b: Witches|0 fnt
|faint|p2b: Witches
|
|win|PapaLima
|raw|PapaLima's rating: 1337 → 1365(+28 for winning)
|raw|helio list's rating: 1476 → 1448(-28 for losing)
|l|☆helio list
|player|p2|
|l|☆PapaLima
|player|p1|
|j|☆PapaLima
|player|p1|PapaLima|265|
