|j|☆Voltage Gaming101
|j|☆0pyr0
|html|Voltage Gaming1010pyr0    
|uhtml|bestof|Game 1 of a best-of-3
|t:|1756942201
|gametype|doubles
|player|p1|Voltage Gaming101|red|
|player|p2|0pyr0|ryuki|
|gen|9
|tier|[Gen 9] VGC 2025 Reg H (Bo3)
|rule|Species Clause: Limit one of each Pokémon
|rule|Item Clause: Limit 1 of each item
|clearpoke
|poke|p1|Tyranitar, L50, M|
|poke|p1|Houndstone, L50, F|
|poke|p1|Gholdengo, L50|
|poke|p1|Garchomp, L50, M|
|poke|p1|Incineroar, L50, F|
|poke|p1|Amoonguss, L50, F|
|poke|p2|Ursaluna-Bloodmoon, L50, M|
|poke|p2|Porygon2, L50|
|poke|p2|Amoonguss, L50, M|
|poke|p2|Incineroar, L50, F|
|poke|p2|Dragapult, L50, F|
|poke|p2|Sneasler, L50, F|
|teampreview|4
|showteam|p1|Tyranitar||AssaultVest|SandStream|RockSlide,KnockOff,LowKick,TeraBlast|||M|||50|,,,,,Flying]Houndstone||SpellTag|SandRush|LastRespects,ShadowSneak,PlayRough,FireFang|||F|||50|,,,,,Ghost]Gholdengo||LifeOrb|GoodasGold|MakeItRain,ShadowBall,NastyPlot,Protect||||||50|,,,,,Water]Garchomp||LoadedDice|RoughSkin|ScaleShot,Earthquake,SwordsDance,Protect|||M|||50|,,,,,Fire]Incineroar||SafetyGoggles|Intimidate|FakeOut,KnockOff,FlareBlitz,PartingShot|||F|||50|,,,,,Water]Amoonguss||SitrusBerry|Regenerator|Spore,RagePowder,PollenPuff,Protect|||F|||50|,,,,,Water
|showteam|p2|Ursaluna-Bloodmoon||AssaultVest|MindsEye|BloodMoon,HyperVoice,EarthPower,VacuumWave|||M|||50|,,,,,Normal]Porygon2||Eviolite|Trace|IceBeam,Thunderbolt,Recover,TrickRoom||||||50|,,,,,Ghost]Amoonguss||CovertCloak|Regenerator|Spore,RagePowder,PollenPuff,SludgeBomb|||M|||50|,,,,,Water]Incineroar||SafetyGoggles|Intimidate|KnockOff,FakeOut,PartingShot,FlareBlitz|||F|||50|,,,,,Ghost]Dragapult||ChoiceBand|ClearBody|DragonDarts,Outrage,PhantomForce,Uturn|||F|||50|,,,,,Dragon]Sneasler||FocusSash|PoisonTouch|CloseCombat,DireClaw,ThroatChop,FakeOut|||F|||50|,,,,,Dark
|c|☆0pyr0|have never used my team btw, just saw it and said, thats cool
|c|☆Voltage Gaming101|Ok
|c|☆0pyr0|glhf
|c|☆Voltage Gaming101|hf
|inactive|Battle timer is ON: inactive players will automatically lose when time's up. (requested by Voltage Gaming101)
|inactive|0pyr0 has 60 seconds left.
|
|t:|1756942279
|teamsize|p1|4
|teamsize|p2|4
|start
|switch|p1a: Tyranitar|Tyranitar, L50, M, shiny|100/100
|switch|p1b: Incineroar|Incineroar, L50, F, shiny|100/100
|switch|p2a: Dragapult|Dragapult, L50, F|100/100
|switch|p2b: Ursaluna|Ursaluna-Bloodmoon, L50, M|100/100
|-weather|Sandstorm|[from] ability: Sand Stream|[of] p1a: Tyranitar
|-ability|p1b: Incineroar|Intimidate|boost
|-fail|p2a: Dragapult|unboost|[from] ability: Clear Body|[of] p2a: Dragapult
|-unboost|p2b: Ursaluna|atk|1
|turn|1
|inactive|0pyr0 has 30 seconds left.
|inactive|0pyr0 has 20 seconds left.
|inactive|0pyr0 has 15 seconds left.
|inactive|0pyr0 has 10 seconds left.
|
|t:|1756942326
|-terastallize|p1a: Tyranitar|Flying
|move|p1b: Incineroar|Fake Out|p2b: Ursaluna
|-damage|p2b: Ursaluna|91/100
|move|p2a: Dragapult|U-turn|p1b: Incineroar
|-damage|p1b: Incineroar|64/100
|inactive|0pyr0 has 30 seconds left.
|
|t:|1756942358
|switch|p2a: Amoonguss|Amoonguss, L50, M|100/100|[from] U-turn
|move|p1a: Tyranitar|Knock Off|p2a: Amoonguss
|-damage|p2a: Amoonguss|58/100
|-enditem|p2a: Amoonguss|Covert Cloak|[from] move: Knock Off|[of] p1a: Tyranitar
|cant|p2b: Ursaluna|flinch
|
|-weather|Sandstorm|[upkeep]
|-damage|p1a: Tyranitar|95/100|[from] Sandstorm
|-damage|p2a: Amoonguss|53/100|[from] Sandstorm
|upkeep
|turn|2
|inactive|Voltage Gaming101 has 30 seconds left.
|inactive|0pyr0 has 30 seconds left.
|inactive|Voltage Gaming101 has 20 seconds left.
|inactive|Voltage Gaming101 has 15 seconds left.
|
|t:|1756942403
|-terastallize|p2a: Amoonguss|Water
|move|p1b: Incineroar|Knock Off|p2b: Ursaluna
|-damage|p2b: Ursaluna|51/100
|-enditem|p2b: Ursaluna|Assault Vest|[from] move: Knock Off|[of] p1b: Incineroar
|move|p1a: Tyranitar|Tera Blast|p2a: Amoonguss|[anim] Tera Blast Flying
|-damage|p2a: Amoonguss|15/100
|move|p2b: Ursaluna|Earth Power|p1b: Incineroar
|-supereffective|p1b: Incineroar
|-damage|p1b: Incineroar|0 fnt
|faint|p1b: Incineroar
|move|p2a: Amoonguss|Spore|p1a: Tyranitar
|-status|p1a: Tyranitar|slp|[from] move: Spore
|
|-weather|Sandstorm|[upkeep]
|-damage|p1a: Tyranitar|89/100 slp|[from] Sandstorm
|-damage|p2a: Amoonguss|9/100|[from] Sandstorm
|upkeep
|
|t:|1756942412
|switch|p1b: Garchomp|Garchomp, L50, M, shiny|100/100
|turn|3
|inactive|0pyr0 has 30 seconds left.
|inactive|0pyr0 has 20 seconds left.
|inactive|0pyr0 has 15 seconds left.
|inactive|0pyr0 has 10 seconds left.
|inactive|0pyr0 has 5 seconds left.
|inactiveoff|Battle timer is now OFF.
|
|t:|1756942464
|switch|p2a: Dragapult|Dragapult, L50, F|100/100
|move|p1b: Garchomp|Earthquake|p2a: Dragapult|[spread] p2a,p2b
|-immune|p1a: Tyranitar
|-damage|p2a: Dragapult|46/100
|-damage|p2b: Ursaluna|19/100
|cant|p1a: Tyranitar|slp
|move|p2b: Ursaluna|Blood Moon|p1b: Garchomp
|-damage|p1b: Garchomp|14/100
|
|-weather|Sandstorm|[upkeep]
|-damage|p2a: Dragapult|40/100|[from] Sandstorm
|-damage|p1a: Tyranitar|83/100 slp|[from] Sandstorm
|upkeep
|turn|4
|
|t:|1756942478
|move|p2a: Dragapult|Dragon Darts|p1b: Garchomp
|-supereffective|p1b: Garchomp
|-damage|p1b: Garchomp|0 fnt
|-anim|p2a: Dragapult|Dragon Darts|p1a: Tyranitar
|-damage|p1a: Tyranitar|51/100 slp
|faint|p1b: Garchomp
|cant|p1a: Tyranitar|slp
|move|p2b: Ursaluna|Hyper Voice|p1a: Tyranitar
|-damage|p1a: Tyranitar|21/100 slp
|
|-weather|Sandstorm|[upkeep]
|-damage|p2a: Dragapult|33/100|[from] Sandstorm
|-damage|p1a: Tyranitar|15/100 slp|[from] Sandstorm
|upkeep
|
|t:|1756942481
|switch|p1b: Houndstone|Houndstone, L50, F, shiny|100/100
|turn|5
|
|t:|1756942514
|switch|p2a: Sneasler|Sneasler, L50, F|100/100
|move|p1b: Houndstone|Shadow Sneak|p2a: Sneasler
|-damage|p2a: Sneasler|63/100
|-curestatus|p1a: Tyranitar|slp|[msg]
|move|p1a: Tyranitar|Low Kick|p2b: Ursaluna
|-supereffective|p2b: Ursaluna
|-damage|p2b: Ursaluna|0 fnt
|faint|p2b: Ursaluna
|
|-weather|none
|upkeep
|
|t:|1756942522
|switch|p2b: Dragapult|Dragapult, L50, F|33/100
|turn|6
|
|t:|1756942538
|move|p1b: Houndstone|Shadow Sneak|p2b: Dragapult
|-supereffective|p2b: Dragapult
|-damage|p2b: Dragapult|0 fnt
|faint|p2b: Dragapult
|move|p2a: Sneasler|Dire Claw|p1a: Tyranitar
|-damage|p1a: Tyranitar|0 fnt
|faint|p1a: Tyranitar
|
|upkeep
|
|t:|1756942540
|switch|p2b: Amoonguss|Amoonguss, L50, M, tera:Water|42/100
|turn|7
|
|t:|1756942557
|move|p2b: Amoonguss|Rage Powder|p2b: Amoonguss
|-singleturn|p2b: Amoonguss|move: Rage Powder
|move|p2a: Sneasler|Throat Chop|p1b: Houndstone
|-supereffective|p1b: Houndstone
|-damage|p1b: Houndstone|34/100
|-start|p1b: Houndstone|Throat Chop|[silent]
|move|p1b: Houndstone|Last Respects|p2b: Amoonguss
|-damage|p2b: Amoonguss|0 fnt
|faint|p2b: Amoonguss
|
|upkeep
|turn|8
|
|t:|1756942563
|move|p1b: Houndstone|Shadow Sneak|p2a: Sneasler
|-damage|p2a: Sneasler|22/100
|move|p2a: Sneasler|Throat Chop|p1b: Houndstone
|-supereffective|p1b: Houndstone
|-damage|p1b: Houndstone|0 fnt
|faint|p1b: Houndstone
|
|win|0pyr0
