|j|☆rojas32
|j|☆sbhaga34
|html|rojas32sbhaga34    
|uhtml|bestof|Game 2 of a best-of-3
|t:|1784646385
|gametype|doubles
|player|p1|rojas32|2|1345
|player|p2|sbhaga34|hugh|1384
|gen|9
|tier|[Gen 9 Champions] VGC 2026 Reg M-B (Bo3)
|rated|
|rule|Species Clause: Limit one of each Pokémon
|rule|Item Clause: Limit 1 of each item
|clearpoke
|poke|p1|Charizard, L50, M|
|poke|p1|Aerodactyl, L50, M|
|poke|p1|Sylveon, L50, M|
|poke|p1|Kingambit, L50, M|
|poke|p1|Farigiraf, L50, M|
|poke|p1|Garchomp, L50, F|
|poke|p2|Excadrill, L50, F|
|poke|p2|Tyranitar, L50, M|
|poke|p2|Corviknight, L50, M|
|poke|p2|Rotom-Wash, L50|
|poke|p2|Chandelure, L50, F|
|poke|p2|Scovillain, L50, F|
|teampreview|4
|showteam|p1|Charizard||CharizarditeY|Blaze|WeatherBall,HeatWave,SolarBeam,Protect|Modest||M|||50|]Aerodactyl||Aerodactylite|Unnerve|RockSlide,DualWingbeat,IceFang,Tailwind|Jolly||M|||50|]Sylveon||FairyFeather|Pixilate|Detect,QuickAttack,HyperBeam,HyperVoice|Modest||M|||50|]Kingambit||FocusSash|Defiant|IronHead,LowKick,KowtowCleave,SuckerPunch|Adamant||M|||50|]Farigiraf||SitrusBerry|ArmorTail|PsychicFangs,Thunderbolt,SunnyDay,TrickRoom|Relaxed||M|||50|]Garchomp||LifeOrb|RoughSkin|Protect,DragonClaw,StompingTantrum,Earthquake|Jolly||F|||50|
|showteam|p2|Excadrill||FocusSash|SandRush|Earthquake,IronHead,SwordsDance,Protect|Adamant||F|||50|]Tyranitar||Tyranitarite|SandStream|RockSlide,KnockOff,LowKick,Protect|Adamant||M|||50|]Corviknight||SharpBeak|MirrorArmor|BraveBird,Tailwind,BulkUp,Roost|Careful||M|||50|]Rotom-Wash||ChoiceScarf|Levitate|VoltSwitch,Thunderbolt,Electroweb,HydroPump|Timid|||||50|]Chandelure||ShucaBerry|FlashFire|HeatWave,ShadowBall,TrickRoom,Protect|Modest||F|||50|]Scovillain||Scovillainite|Chlorophyll|RagePowder,Overheat,GigaDrain,Protect|Calm||F|||50|
|inactive|Battle timer is ON: inactive players will automatically lose when time's up. (requested by sbhaga34)
|inactive|sbhaga34 has 60 seconds left.
|
|t:|1784646449
|teamsize|p1|4
|teamsize|p2|4
|start
|switch|p1a: Charizard|Charizard, L50, M|100/100
|switch|p1b: Garchomp|Garchomp, L50, F|100/100
|switch|p2a: Rotom|Rotom-Wash, L50|100/100
|switch|p2b: Chandelure|Chandelure, L50, F|100/100
|turn|1
|inactive|rojas32 has 30 seconds left.
|
|t:|1784646478
|move|p1a: Charizard|Protect|p1a: Charizard
|-singleturn|p1a: Charizard|Protect
|move|p2a: Rotom|Volt Switch|p1a: Charizard
|-activate|p1a: Charizard|move: Protect
|move|p1b: Garchomp|Dragon Claw|p2a: Rotom
|-damage|p2a: Rotom|44/100
|-damage|p1b: Garchomp|90/100|[from] item: Life Orb
|move|p2b: Chandelure|Trick Room|p2b: Chandelure
|-fieldstart|move: Trick Room|[of] p2b: Chandelure
|
|upkeep
|turn|2
|inactive|sbhaga34 has 30 seconds left.
|
|t:|1784646507
|switch|p2a: Corviknight|Corviknight, L50, M|100/100
|detailschange|p1a: Charizard|Charizard-Mega-Y, L50, M
|-mega|p1a: Charizard|Charizard|Charizardite Y
|-weather|SunnyDay|[from] ability: Drought|[of] p1a: Charizard
|move|p2b: Chandelure|Shadow Ball|p1b: Garchomp
|-damage|p1b: Garchomp|41/100
|move|p1a: Charizard|Solar Beam||[still]
|-prepare|p1a: Charizard|Solar Beam
|-anim|p1a: Charizard|Solar Beam|p2a: Corviknight
|-resisted|p2a: Corviknight|2
|-damage|p2a: Corviknight|89/100
|move|p1b: Garchomp|Earthquake|p2b: Chandelure|[spread] p2b
|-immune|p1a: Charizard
|-immune|p2a: Corviknight
|-supereffective|p2b: Chandelure|1
|-enditem|p2b: Chandelure|Shuca Berry|[eat]
|-enditem|p2b: Chandelure|Shuca Berry|[weaken]
|-damage|p2b: Chandelure|40/100
|-damage|p1b: Garchomp|31/100|[from] item: Life Orb
|
|-weather|SunnyDay|[upkeep]
|upkeep
|turn|3
|inactive|rojas32 has 30 seconds left.
|
|t:|1784646532
|switch|p2a: Rotom|Rotom-Wash, L50|44/100
|switch|p1b: Farigiraf|Farigiraf, L50, M|100/100
|move|p2b: Chandelure|Shadow Ball|p1b: Farigiraf
|-immune|p1b: Farigiraf
|move|p1a: Charizard|Weather Ball|p2a: Rotom
|-resisted|p2a: Rotom|1
|-damage|p2a: Rotom|2/100
|
|-weather|SunnyDay|[upkeep]
|upkeep
|turn|4
|
|t:|1784646557
|move|p1b: Farigiraf|Psychic Fangs|p2b: Chandelure
|-damage|p2b: Chandelure|7/100
|move|p2b: Chandelure|Heat Wave|p1a: Charizard|[spread] p1a,p1b
|-resisted|p1a: Charizard|1
|-damage|p1a: Charizard|73/100
|-damage|p1b: Farigiraf|38/100
|-enditem|p1b: Farigiraf|Sitrus Berry|[eat]
|-heal|p1b: Farigiraf|63/100|[from] item: Sitrus Berry
|move|p1a: Charizard|Weather Ball|p2a: Rotom
|-resisted|p2a: Rotom|1
|-damage|p2a: Rotom|0 fnt
|faint|p2a: Rotom
|
|-weather|SunnyDay|[upkeep]
|upkeep
|
|t:|1784646570
|switch|p2a: Tyranitar|Tyranitar, L50, M|100/100
|-weather|Sandstorm|[from] ability: Sand Stream|[of] p2a: Tyranitar
|turn|5
|
|t:|1784646594
|switch|p2b: Corviknight|Corviknight, L50, M|89/100
|switch|p1a: Kingambit|Kingambit, L50, M|100/100
|move|p1b: Farigiraf|Psychic Fangs|p2b: Corviknight
|-resisted|p2b: Corviknight|1
|-damage|p2b: Corviknight|77/100
|move|p2a: Tyranitar|Rock Slide|p1b: Farigiraf|[spread] p1a,p1b
|-resisted|p1a: Kingambit|1
|-damage|p1a: Kingambit|88/100
|-damage|p1b: Farigiraf|43/100
|
|-weather|Sandstorm|[upkeep]
|-damage|p1b: Farigiraf|37/100|[from] Sandstorm
|-fieldend|move: Trick Room
|upkeep
|turn|6
|inactive|sbhaga34 has 30 seconds left.
|inactive|sbhaga34 has 20 seconds left.
|
|t:|1784646633
|switch|p1a: Charizard|Charizard-Mega-Y, L50, M|73/100
|-weather|SunnyDay|[from] ability: Drought|[of] p1a: Charizard
|move|p2b: Corviknight|Brave Bird|p1b: Farigiraf
|-damage|p1b: Farigiraf|1/100
|-damage|p2b: Corviknight|64/100|[from] Recoil
|move|p2a: Tyranitar|Low Kick|p1a: Charizard
|-resisted|p1a: Charizard|1
|-damage|p1a: Charizard|58/100
|move|p1b: Farigiraf|Trick Room|p1b: Farigiraf
|-fieldstart|move: Trick Room|[of] p1b: Farigiraf
|
|-weather|SunnyDay|[upkeep]
|upkeep
|turn|7
|inactive|rojas32 has 30 seconds left.
|inactive|sbhaga34 has 30 seconds left.
|inactive|rojas32 has 20 seconds left.
|
|t:|1784646672
|move|p1b: Farigiraf|Sunny Day||[still]
|-fail|p1b: Farigiraf
|move|p2a: Tyranitar|Rock Slide|p1b: Farigiraf|[spread] p1a,p1b
|-supereffective|p1a: Charizard|2
|-damage|p1a: Charizard|0 fnt
|-damage|p1b: Farigiraf|0 fnt
|faint|p1a: Charizard
|faint|p1b: Farigiraf
|move|p2b: Corviknight|Bulk Up|p2b: Corviknight
|-boost|p2b: Corviknight|atk|1
|-boost|p2b: Corviknight|def|1
|
|-weather|SunnyDay|[upkeep]
|upkeep
|-message|rojas32 forfeited.
|
|win|sbhaga34
|raw|rojas32's rating: 1345 → 1327(-18 for losing)
|raw|sbhaga34's rating: 1384 → 1402(+18 for winning)
