|j|☆Jahim the Cream
|j|☆squibirisu
|html|Jahim the Creamsquibirisu    
|uhtml|bestof|Game 3 of a best-of-3
|t:|1783274122
|gametype|doubles
|player|p1|Jahim the Cream|2|
|player|p2|squibirisu|carmine-festival|
|gen|9
|tier|[Gen 9 Champions] VGC 2026 Reg M-B (Bo3)
|rule|Species Clause: Limit one of each Pokémon
|rule|Item Clause: Limit 1 of each item
|clearpoke
|poke|p1|Swampert, L50, M|
|poke|p1|Sableye, L50, M|
|poke|p1|Archaludon, L50, M|
|poke|p1|Pelipper, L50, F|
|poke|p1|Sylveon, L50, M|
|poke|p1|Venusaur, L50, F|
|poke|p2|Charizard, L50, M|
|poke|p2|Aerodactyl, L50, M|
|poke|p2|Incineroar, L50, F|
|poke|p2|Garchomp, L50, F|
|poke|p2|Farigiraf, L50, M|
|poke|p2|Sylveon, L50, F|
|teampreview|4
|showteam|p1|Swampert||Swampertite|Torrent|Protect,WaveCrash,Earthquake,HighHorsepower|Adamant||M|||50|]Sableye||LightClay|Prankster|Encore,Reflect,LightScreen,RainDance|Bold||M|||50|]Archaludon||Leftovers|Stamina|Protect,DragonPulse,FlashCannon,ElectroShot|Modest||M|||50|]Pelipper||SitrusBerry|Drizzle|Protect,WeatherBall,Hurricane,Tailwind|Modest||F|||50|]Sylveon||FairyFeather|Pixilate|Detect,HyperVoice,Moonblast,QuickAttack|Modest||M|||50|]Venusaur||Venusaurite|Overgrow|Protect,GigaDrain,SludgeBomb,EarthPower|Modest||F|||50|
|showteam|p2|Charizard||CharizarditeY|Blaze|HeatWave,WeatherBall,SolarBeam,Protect|Modest||M|||50|]Aerodactyl||FocusSash|Unnerve|RockSlide,WideGuard,Tailwind,Protect|Jolly||M|||50|]Incineroar||Charcoal|Intimidate|FakeOut,FlareBlitz,ThroatChop,PartingShot|Brave||F|||50|]Garchomp||LifeOrb|RoughSkin|Earthquake,DragonClaw,StompingTantrum,Protect|Jolly||F|||50|]Farigiraf||SitrusBerry|ArmorTail|Thunderbolt,HelpingHand,TrickRoom,Protect|Calm||M|||50|]Sylveon||FairyFeather|Pixilate|HyperVoice,Yawn,QuickAttack,Protect|Modest||F|||50|
|inactive|Battle timer is ON: inactive players will automatically lose when time's up. (requested by squibirisu)
|inactive|squibirisu has 60 seconds left.
|
|t:|1783274159
|teamsize|p1|4
|teamsize|p2|4
|start
|switch|p1a: Swampert|Swampert, L50, M|100/100
|switch|p1b: Sableye|Sableye, L50, M|100/100
|switch|p2a: Aerodactyl|Aerodactyl, L50, M|100/100
|switch|p2b: Sylveon|Sylveon, L50, F|100/100
|-ability|p2a: Aerodactyl|Unnerve
|turn|1
|inactive|squibirisu has 30 seconds left.
|
|t:|1783274189
|switch|p2b: Garchomp|Garchomp, L50, F|100/100
|detailschange|p1a: Swampert|Swampert-Mega, L50, M
|-mega|p1a: Swampert|Swampert|Swampertite
|move|p1b: Sableye|Rain Dance|p1b: Sableye
|-weather|RainDance
|move|p1a: Swampert|Wave Crash|p2b: Garchomp
|-damage|p2b: Garchomp|0 fnt
|-damage|p1a: Swampert|87/100|[from] ability: Rough Skin|[of] p2b: Garchomp
|faint|p2b: Garchomp
|-damage|p1a: Swampert|55/100|[from] Recoil
|move|p2a: Aerodactyl|Tailwind|p2a: Aerodactyl
|-sidestart|p2: squibirisu|move: Tailwind
|
|-weather|RainDance|[upkeep]
|upkeep
|
|t:|1783274194
|switch|p2b: Sylveon|Sylveon, L50, F|100/100
|turn|2
|
|t:|1783274210
|move|p1b: Sableye|Light Screen|p1b: Sableye
|-sidestart|p1: Jahim the Cream|move: Light Screen
|move|p2a: Aerodactyl|Rock Slide|p1a: Swampert|[spread] p1a,p1b
|-resisted|p1a: Swampert|1
|-damage|p1a: Swampert|46/100
|-damage|p1b: Sableye|75/100
|move|p1a: Swampert|Wave Crash|p2b: Sylveon
|-damage|p2b: Sylveon|0 fnt
|faint|p2b: Sylveon
|-damage|p1a: Swampert|12/100|[from] Recoil
|
|-weather|RainDance|[upkeep]
|upkeep
|
|t:|1783274217
|switch|p2b: Charizard|Charizard, L50, M|100/100
|turn|3
|c|☆squibirisu|ok yeah this is where the mu gets cooked
|inactive|Jahim the Cream has 30 seconds left.
|inactive|Jahim the Cream has 20 seconds left.
|inactive|Jahim the Cream has 15 seconds left.
|inactive|Jahim the Cream has 10 seconds left.
|
|t:|1783274264
|move|p1a: Swampert|Protect|p1a: Swampert
|-singleturn|p1a: Swampert|Protect
|move|p1b: Sableye|Encore|p2a: Aerodactyl
|-start|p2a: Aerodactyl|Encore
|move|p2a: Aerodactyl|Rock Slide|p1b: Sableye|[spread] p1b
|-activate|p1a: Swampert|move: Protect
|-damage|p1b: Sableye|52/100
|move|p2b: Charizard|Heat Wave|p1a: Swampert|[spread] p1b
|-activate|p1a: Swampert|move: Protect
|-damage|p1b: Sableye|40/100
|-status|p1b: Sableye|brn
|
|-weather|RainDance|[upkeep]
|-damage|p1b: Sableye|34/100 brn|[from] brn
|upkeep
|turn|4
|
|t:|1783274288
|switch|p1a: Archaludon|Archaludon, L50, M|100/100
|move|p1b: Sableye|Rain Dance||[still]
|-fail|p1b: Sableye
|move|p2a: Aerodactyl|Rock Slide|p1a: Archaludon|[spread] p1a,p1b
|-resisted|p1a: Archaludon|1
|-damage|p1a: Archaludon|92/100
|-damage|p1b: Sableye|7/100 brn
|-ability|p1a: Archaludon|Stamina|boost
|-boost|p1a: Archaludon|def|1
|move|p2b: Charizard|Heat Wave|p1a: Archaludon|[spread] p1a,p1b
|-damage|p1a: Archaludon|81/100
|-damage|p1b: Sableye|0 fnt
|-ability|p1a: Archaludon|Stamina|boost
|-boost|p1a: Archaludon|def|1
|faint|p1b: Sableye
|
|-weather|RainDance|[upkeep]
|-heal|p1a: Archaludon|87/100|[from] item: Leftovers
|-sideend|p2: squibirisu|move: Tailwind
|upkeep
|
|t:|1783274303
|switch|p1b: Swampert|Swampert-Mega, L50, M|12/100
|turn|5
|
|t:|1783274323
|move|p2b: Charizard|Protect|p2b: Charizard
|-singleturn|p2b: Charizard|Protect
|move|p1a: Archaludon|Protect|p1a: Archaludon
|-singleturn|p1a: Archaludon|Protect
|move|p1b: Swampert|Wave Crash|p2b: Charizard
|-activate|p2b: Charizard|move: Protect
|move|p2a: Aerodactyl|Rock Slide|p1a: Archaludon|[spread] p1b
|-activate|p1a: Archaludon|move: Protect
|-resisted|p1b: Swampert|1
|-damage|p1b: Swampert|3/100
|
|-weather|none
|-heal|p1a: Archaludon|93/100|[from] item: Leftovers
|-end|p2a: Aerodactyl|Encore
|upkeep
|turn|6
|inactive|Jahim the Cream has 30 seconds left.
|inactive|squibirisu has 30 seconds left.
|
|t:|1783274361
|detailschange|p2b: Charizard|Charizard-Mega-Y, L50, M
|-mega|p2b: Charizard|Charizard|Charizardite Y
|-weather|SunnyDay|[from] ability: Drought|[of] p2b: Charizard
|move|p1a: Archaludon|Protect||[still]
|-fail|p1a: Archaludon
|move|p2a: Aerodactyl|Rock Slide|p1a: Archaludon|[spread] 
|-miss|p2a: Aerodactyl|p1a: Archaludon
|-miss|p2a: Aerodactyl|p1b: Swampert
|move|p2b: Charizard|Heat Wave|p1b: Swampert|[spread] p1a,p1b
|-resisted|p1b: Swampert|1
|-damage|p1a: Archaludon|47/100
|-damage|p1b: Swampert|0 fnt
|-status|p1a: Archaludon|brn
|-ability|p1a: Archaludon|Stamina|boost
|-boost|p1a: Archaludon|def|1
|faint|p1b: Swampert
|
|-weather|SunnyDay|[upkeep]
|-heal|p1a: Archaludon|53/100 brn|[from] item: Leftovers
|-damage|p1a: Archaludon|47/100 brn|[from] brn
|upkeep
|
|t:|1783274373
|switch|p1b: Pelipper|Pelipper, L50, F|100/100
|-weather|RainDance|[from] ability: Drizzle|[of] p1b: Pelipper
|turn|7
|
|t:|1783274392
|move|p2a: Aerodactyl|Rock Slide|p1a: Archaludon|[spread] p1a,p1b
|-resisted|p1a: Archaludon|1
|-supereffective|p1b: Pelipper|1
|-damage|p1a: Archaludon|43/100 brn
|-damage|p1b: Pelipper|49/100
|-ability|p1a: Archaludon|Stamina|boost
|-boost|p1a: Archaludon|def|1
|move|p2b: Charizard|Weather Ball|p2a: Aerodactyl
|-supereffective|p2a: Aerodactyl|1
|-enditem|p2a: Aerodactyl|Focus Sash
|-damage|p2a: Aerodactyl|1/100
|move|p1a: Archaludon|Electro Shot||[still]
|-prepare|p1a: Archaludon|Electro Shot
|-boost|p1a: Archaludon|spa|1
|-anim|p1a: Archaludon|Electro Shot|p2b: Charizard
|-supereffective|p2b: Charizard|1
|-damage|p2b: Charizard|0 fnt
|faint|p2b: Charizard
|move|p1b: Pelipper|Weather Ball|p2a: Aerodactyl
|-supereffective|p2a: Aerodactyl|1
|-damage|p2a: Aerodactyl|0 fnt
|-enditem|p1b: Pelipper|Sitrus Berry|[eat]
|-heal|p1b: Pelipper|74/100|[from] item: Sitrus Berry
|faint|p2a: Aerodactyl
|
|win|Jahim the Cream
|c|☆squibirisu|LMAOOO
|c|☆squibirisu|I ACC MISCLICKED
|c|☆squibirisu|W
|c|☆Jahim the Cream|You lost either way
|c|☆squibirisu|yea ik
|c|☆squibirisu|i needed to not mega evolve that other turfn
|c|☆Jahim the Cream|I gtg
|c|☆squibirisu|bye jahim
|c|☆Jahim the Cream|For now
|c|☆Jahim the Cream|Rahh
|c|☆squibirisu|pachi meow
|l|☆Jahim the Cream
|player|p1|
|l|☆squibirisu
|player|p2|
|j|☆squibirisu
|player|p2|squibirisu|carmine-festival|
