|j|☆Colonelpaco
|j|☆15Hugs
|html|Colonelpaco15Hugs    
|uhtml|bestof|Game 3 of a best-of-3
|t:|1757724392
|gametype|doubles
|player|p1|Colonelpaco|102|1100
|player|p2|15Hugs|gentleman-gen4|1101
|gen|9
|tier|[Gen 9] VGC 2025 Reg H (Bo3)
|rated|
|rule|Species Clause: Limit one of each Pokémon
|rule|Item Clause: Limit 1 of each item
|clearpoke
|poke|p1|Sneasler, L50, F|
|poke|p1|Dragapult, L50, M|
|poke|p1|Primarina, L50, F|
|poke|p1|Rillaboom, L50, M|
|poke|p1|Kingambit, L50, M|
|poke|p1|Magmar, L50, F|
|poke|p2|Kingambit, L50, F|
|poke|p2|Primarina, L50, M|
|poke|p2|Sneasler, L50, M|
|poke|p2|Magmar, L50, M|
|poke|p2|Rillaboom, L50, F|
|poke|p2|Dragapult, L50, M|
|teampreview|4
|showteam|p1|Sneasler||FocusSash|Unburden|CloseCombat,DireClaw,FakeOut,Protect|||F|||50|,,,,,Stellar]Dragapult||ChoiceBand|ClearBody|DragonDarts,TeraBlast,PhantomForce,Uturn|||M|||50|,,,,,Ghost]Primarina||SitrusBerry|LiquidVoice|HyperVoice,Moonblast,Haze,Protect|||F|||50|,,,,,Water]Rillaboom||AssaultVest|GrassySurge|WoodHammer,GrassyGlide,HighHorsepower,FakeOut|||M|||50|,,,,,Fire]Kingambit||BlackGlasses|Defiant|KowtowCleave,SuckerPunch,SwordsDance,Protect|||M|||50|,,,,,Ghost]Magmar||Eviolite|VitalSpirit|Overheat,WillOWisp,FollowMe,Protect|||F|||50|,,,,,Ghost
|showteam|p2|Kingambit||BlackGlasses|Defiant|KowtowCleave,SuckerPunch,SwordsDance,Protect|||F|||50|,,,,,Dark]Primarina||SitrusBerry|LiquidVoice|HyperVoice,Moonblast,Haze,Protect|||M|||50|,,,,,Poison]Sneasler||FocusSash|PoisonTouch|CloseCombat,DireClaw,FakeOut,Protect|||M|||50|,,,,,Ghost]Magmar||Eviolite|VitalSpirit|Overheat,WillOWisp,FollowMe,Protect|||M|||50|,,,,,Ghost]Rillaboom||AssaultVest|GrassySurge|WoodHammer,GrassyGlide,HighHorsepower,FakeOut|||F|||50|,,,,,Fire]Dragapult||ChoiceBand|ClearBody|DragonDarts,PhantomForce,Outrage,Uturn|||M|||50|,,,,,Dragon
|inactive|Battle timer is ON: inactive players will automatically lose when time's up. (requested by Colonelpaco)
|
|t:|1757724415
|teamsize|p1|4
|teamsize|p2|4
|start
|switch|p1a: Dragapult|Dragapult, L50, M|100/100
|switch|p1b: Kingambit|Kingambit, L50, M|100/100
|switch|p2a: Kingambit|Kingambit, L50, F|100/100
|switch|p2b: Magmar|Magmar, L50, M|100/100
|turn|1
|inactive|Colonelpaco has 30 seconds left.
|
|t:|1757724445
|move|p1a: Dragapult|U-turn|p2b: Magmar
|-resisted|p2b: Magmar
|-damage|p2b: Magmar|86/100
|
|t:|1757724451
|switch|p1a: Magmar|Magmar, L50, F|100/100|[from] U-turn
|move|p2b: Magmar|Will-O-Wisp|p1b: Kingambit
|-status|p1b: Kingambit|brn
|move|p1b: Kingambit|Swords Dance|p1b: Kingambit
|-boost|p1b: Kingambit|atk|2
|move|p2a: Kingambit|Swords Dance|p2a: Kingambit
|-boost|p2a: Kingambit|atk|2
|
|-damage|p1b: Kingambit|94/100 brn|[from] brn
|upkeep
|turn|2
|
|t:|1757724472
|-terastallize|p2a: Kingambit|Dark
|move|p1b: Kingambit|Protect|p1b: Kingambit
|-singleturn|p1b: Kingambit|Protect
|move|p2b: Magmar|Overheat|p1b: Kingambit
|-activate|p1b: Kingambit|move: Protect
|move|p1a: Magmar|Will-O-Wisp|p2a: Kingambit
|-status|p2a: Kingambit|brn
|move|p2a: Kingambit|Kowtow Cleave|p1a: Magmar
|-damage|p1a: Magmar|40/100
|
|-damage|p1b: Kingambit|88/100 brn|[from] brn
|-damage|p2a: Kingambit|95/100 brn|[from] brn
|upkeep
|turn|3
|
|t:|1757724491
|move|p2b: Magmar|Follow Me|p2b: Magmar
|-singleturn|p2b: Magmar|move: Follow Me
|move|p1a: Magmar|Follow Me|p1a: Magmar
|-singleturn|p1a: Magmar|move: Follow Me
|move|p1b: Kingambit|Kowtow Cleave|p2b: Magmar
|-damage|p2b: Magmar|42/100
|move|p2a: Kingambit|Swords Dance|p2a: Kingambit
|-boost|p2a: Kingambit|atk|2
|
|-damage|p1b: Kingambit|82/100 brn|[from] brn
|-damage|p2a: Kingambit|89/100 brn|[from] brn
|upkeep
|turn|4
|inactive|Colonelpaco has 30 seconds left.
|
|t:|1757724519
|move|p2b: Magmar|Follow Me|p2b: Magmar
|-singleturn|p2b: Magmar|move: Follow Me
|move|p1a: Magmar|Follow Me|p1a: Magmar
|-singleturn|p1a: Magmar|move: Follow Me
|move|p1b: Kingambit|Kowtow Cleave|p2b: Magmar
|-damage|p2b: Magmar|0 fnt
|faint|p2b: Magmar
|move|p2a: Kingambit|Kowtow Cleave|p1a: Magmar
|-damage|p1a: Magmar|0 fnt
|faint|p1a: Magmar
|
|-damage|p1b: Kingambit|76/100 brn|[from] brn
|-damage|p2a: Kingambit|83/100 brn|[from] brn
|upkeep
|
|t:|1757724535
|switch|p2b: Sneasler|Sneasler, L50, M|100/100
|switch|p1a: Rillaboom|Rillaboom, L50, M|100/100
|-fieldstart|move: Grassy Terrain|[from] ability: Grassy Surge|[of] p1a: Rillaboom
|turn|5
|inactive|Colonelpaco has 30 seconds left.
|
|t:|1757724560
|move|p1b: Kingambit|Protect|p1b: Kingambit
|-singleturn|p1b: Kingambit|Protect
|move|p2b: Sneasler|Fake Out|p1a: Rillaboom
|-damage|p1a: Rillaboom|86/100
|-status|p1a: Rillaboom|psn|[from] ability: Poison Touch|[of] p2b: Sneasler
|cant|p1a: Rillaboom|flinch
|move|p2a: Kingambit|Kowtow Cleave|p1a: Rillaboom
|-damage|p1a: Rillaboom|0 fnt
|faint|p1a: Rillaboom
|
|-heal|p1b: Kingambit|82/100 brn|[from] Grassy Terrain
|-heal|p2a: Kingambit|89/100 brn|[from] Grassy Terrain
|-damage|p1b: Kingambit|76/100 brn|[from] brn
|-damage|p2a: Kingambit|83/100 brn|[from] brn
|upkeep
|
|t:|1757724574
|switch|p1a: Dragapult|Dragapult, L50, M|100/100
|turn|6
|
|t:|1757724587
|move|p2b: Sneasler|Protect|p2b: Sneasler
|-singleturn|p2b: Sneasler|Protect
|move|p1b: Kingambit|Sucker Punch|p2a: Kingambit
|-resisted|p2a: Kingambit
|-damage|p2a: Kingambit|66/100 brn
|move|p2a: Kingambit|Sucker Punch|p1a: Dragapult
|-supereffective|p1a: Dragapult
|-damage|p1a: Dragapult|0 fnt
|faint|p1a: Dragapult
|
|-heal|p1b: Kingambit|82/100 brn|[from] Grassy Terrain
|-heal|p2a: Kingambit|72/100 brn|[from] Grassy Terrain
|-damage|p1b: Kingambit|76/100 brn|[from] brn
|-damage|p2a: Kingambit|66/100 brn|[from] brn
|upkeep
|turn|7
|-message|Colonelpaco forfeited.
|
|win|15Hugs
|raw|Colonelpaco's rating: 1100 → 1075(-25 for losing)
|raw|15Hugs's rating: 1101 → 1126(+25 for winning)
|l|☆15Hugs
|player|p2|
