|j|☆riegeljr
|j|☆farruktvgc
|html|riegeljrfarruktvgc    
|uhtml|bestof|Game 1 of a best-of-3
|t:|1784046471
|gametype|doubles
|player|p1|riegeljr|infielder|
|player|p2|farruktvgc|benga|
|gen|9
|tier|[Gen 9 Champions] VGC 2026 Reg M-B (Bo3)
|rule|Species Clause: Limit one of each Pokémon
|rule|Item Clause: Limit 1 of each item
|clearpoke
|poke|p1|Drampa, L50, M|
|poke|p1|Mawile, L50, M|
|poke|p1|Farigiraf, L50, M|
|poke|p1|Gliscor, L50, M|
|poke|p1|Primarina, L50, M|
|poke|p1|Sinistcha-Masterpiece, L50|
|poke|p2|Venusaur, L50, M|
|poke|p2|Grimmsnarl, L50, M|
|poke|p2|Pelipper, L50, M|
|poke|p2|Archaludon, L50, F|
|poke|p2|Charizard, L50, M|
|poke|p2|Basculegion, L50, M|
|teampreview|4
|showteam|p1|Drampa||Drampanite|CloudNine|Protect,DragonPulse,Thunderbolt,CalmMind|Modest||M|||50|]Mawile||Mawilite|HyperCutter|Protect,PlayRough,IronHead,RockSlide|Brave||M|||50|]Farigiraf||Leftovers|ArmorTail|Protect,TwinBeam,TrickRoom,LightScreen|Calm||M|||50|]Gliscor||WideLens|HyperCutter|HighHorsepower,DualWingbeat,KnockOff,Uturn|Jolly||M|||50|]Primarina||LifeOrb|LiquidVoice|Protect,HyperVoice,DazzlingGleam,Moonblast|Modest||M|||50|]Sinistcha-Masterpiece||SitrusBerry|Hospitality|RagePowder,MatchaGotcha,ShadowBall,TrickRoom|Quiet|||||50|
|showteam|p2|Venusaur||FocusSash|Chlorophyll|SludgeBomb,EarthPower,SleepPowder,Protect|Modest||M|||50|]Grimmsnarl||LightClay|Prankster|SpiritBreak,Reflect,LightScreen,PartingShot|Careful||M|||50|]Pelipper||SitrusBerry|Drizzle|Hurricane,WeatherBall,Tailwind,WideGuard|Modest||M|||50|]Archaludon||Leftovers|Stamina|DragonPulse,FlashCannon,ElectroShot,Protect|Modest||F|||50|]Charizard||CharizarditeY|Blaze|HeatWave,SolarBeam,WeatherBall,Protect|Modest||M|||50|]Basculegion||ChoiceScarf|Adaptability|WaveCrash,FlipTurn,LastRespects,AquaJet|Jolly||M|||50|
|inactive|Battle timer is ON: inactive players will automatically lose when time's up. (requested by riegeljr)
|c|☆riegeljr|glhf
|inactive|riegeljr has 60 seconds left.
|inactive|farruktvgc has 60 seconds left.
|c|☆farruktvgc|Glhf
|inactive|farruktvgc has 30 seconds left.
|inactive|farruktvgc has 20 seconds left.
|inactive|farruktvgc has 15 seconds left.
|
|t:|1784046548
|teamsize|p1|4
|teamsize|p2|4
|start
|switch|p1a: Farigiraf|Farigiraf, L50, M|100/100
|switch|p1b: Gliscor|Gliscor, L50, M|100/100
|switch|p2a: Grimmsnarl|Grimmsnarl, L50, M|100/100
|switch|p2b: Archaludon|Archaludon, L50, F|100/100
|turn|1
|inactive|riegeljr has 30 seconds left.
|
|t:|1784046573
|move|p2b: Archaludon|Protect|p2b: Archaludon
|-singleturn|p2b: Archaludon|Protect
|move|p2a: Grimmsnarl|Reflect|p2a: Grimmsnarl
|-sidestart|p2: farruktvgc|Reflect
|move|p1b: Gliscor|High Horsepower|p2b: Archaludon
|-activate|p2b: Archaludon|move: Protect
|move|p1a: Farigiraf|Light Screen|p1a: Farigiraf
|-sidestart|p1: riegeljr|move: Light Screen
|
|upkeep
|turn|2
|
|t:|1784046594
|switch|p2a: Pelipper|Pelipper, L50, M|100/100
|-weather|RainDance|[from] ability: Drizzle|[of] p2a: Pelipper
|move|p1b: Gliscor|U-turn|p2a: Pelipper
|-resisted|p2a: Pelipper|1
|-damage|p2a: Pelipper|92/100
|
|t:|1784046601
|switch|p1b: Drampa|Drampa, L50, M|100/100|[from] U-turn
|-ability|p1b: Drampa|Cloud Nine
|move|p2b: Archaludon|Electro Shot||[still]
|-prepare|p2b: Archaludon|Electro Shot
|-boost|p2b: Archaludon|spa|1
|move|p1a: Farigiraf|Trick Room|p1a: Farigiraf
|-fieldstart|move: Trick Room|[of] p1a: Farigiraf
|
|-weather|RainDance|[upkeep]
|upkeep
|turn|3
|
|t:|1784046621
|switch|p1a: Mawile|Mawile, L50, M|100/100
|switch|p2a: Grimmsnarl|Grimmsnarl, L50, M|100/100
|move|p1b: Drampa|Thunderbolt|p2a: Grimmsnarl
|-damage|p2a: Grimmsnarl|71/100
|move|p2b: Archaludon|Electro Shot|p1a: Mawile|[from] lockedmove
|-damage|p1a: Mawile|30/100
|
|-weather|RainDance|[upkeep]
|upkeep
|turn|4
|inactive|riegeljr has 30 seconds left.
|inactive|riegeljr has 20 seconds left.
|inactive|riegeljr has 15 seconds left.
|
|t:|1784046662
|detailschange|p1b: Drampa|Drampa-Mega, L50, M
|-mega|p1b: Drampa|Drampa|Drampanite
|move|p1a: Mawile|Protect|p1a: Mawile
|-singleturn|p1a: Mawile|Protect
|move|p2a: Grimmsnarl|Light Screen|p2a: Grimmsnarl
|-sidestart|p2: farruktvgc|move: Light Screen
|move|p1b: Drampa|Calm Mind|p1b: Drampa
|-boost|p1b: Drampa|spa|1
|-boost|p1b: Drampa|spd|1
|move|p2b: Archaludon|Dragon Pulse|p1b: Drampa
|-supereffective|p1b: Drampa|1
|-damage|p1b: Drampa|56/100
|
|-weather|RainDance|[upkeep]
|upkeep
|turn|5
|
|t:|1784046681
|move|p1b: Drampa|Dragon Pulse|p2b: Archaludon
|-damage|p2b: Archaludon|47/100
|-ability|p2b: Archaludon|Stamina|boost
|-boost|p2b: Archaludon|def|1
|move|p1a: Mawile|Play Rough|p2a: Grimmsnarl
|-supereffective|p2a: Grimmsnarl|1
|-damage|p2a: Grimmsnarl|22/100
|-unboost|p2a: Grimmsnarl|atk|1
|move|p2a: Grimmsnarl|Spirit Break|p1b: Drampa
|-supereffective|p1b: Drampa|1
|-damage|p1b: Drampa|23/100
|-unboost|p1b: Drampa|spa|1
|-ability|p1b: Drampa|Berserk|boost
|-boost|p1b: Drampa|spa|1
|move|p2b: Archaludon|Dragon Pulse|p1b: Drampa
|-supereffective|p1b: Drampa|1
|-damage|p1b: Drampa|0 fnt
|faint|p1b: Drampa
|
|-weather|RainDance|[upkeep]
|-heal|p2b: Archaludon|53/100|[from] item: Leftovers
|-sideend|p1: riegeljr|move: Light Screen
|upkeep
|
|t:|1784046703
|switch|p1b: Farigiraf|Farigiraf, L50, M|100/100
|turn|6
|
|t:|1784046722
|move|p1a: Mawile|Play Rough|p2a: Grimmsnarl
|-supereffective|p2a: Grimmsnarl|1
|-damage|p2a: Grimmsnarl|0 fnt
|faint|p2a: Grimmsnarl
|move|p1b: Farigiraf|Twin Beam|p2b: Archaludon
|-resisted|p2b: Archaludon|1
|-damage|p2b: Archaludon|48/100
|-ability|p2b: Archaludon|Stamina|boost
|-boost|p2b: Archaludon|def|1
|-resisted|p2b: Archaludon|1
|-damage|p2b: Archaludon|43/100
|-ability|p2b: Archaludon|Stamina|boost
|-boost|p2b: Archaludon|def|1
|-hitcount|p2b: Archaludon|2
|move|p2b: Archaludon|Electro Shot||[still]
|-prepare|p2b: Archaludon|Electro Shot
|-boost|p2b: Archaludon|spa|1
|-anim|p2b: Archaludon|Electro Shot|p1b: Farigiraf
|-damage|p1b: Farigiraf|39/100
|
|-weather|none
|-heal|p1b: Farigiraf|45/100|[from] item: Leftovers
|-heal|p2b: Archaludon|49/100|[from] item: Leftovers
|-fieldend|move: Trick Room
|upkeep
|-message|riegeljr forfeited.
|
|win|farruktvgc
||riegeljr is ready for game 2.
||farruktvgc is ready for game 2.
|uhtml|next|Next: Game 2 of 3
|l|☆riegeljr
|player|p1|
