|j|☆Jakobtc
|j|☆AUBrigade
|html|JakobtcAUBrigade    
|uhtml|bestof|Game 2 of a best-of-3
|t:|1756876137
|gametype|doubles
|player|p1|Jakobtc|riley|1175
|player|p2|AUBrigade|169|1227
|gen|9
|tier|[Gen 9] VGC 2025 Reg H (Bo3)
|rated|
|rule|Species Clause: Limit one of each Pokémon
|rule|Item Clause: Limit 1 of each item
|clearpoke
|poke|p1|Gholdengo, L50|
|poke|p1|Incineroar, L50, M|
|poke|p1|Amoonguss, L50, M|
|poke|p1|Porygon2, L50|
|poke|p1|Ursaluna, L50, F|
|poke|p1|Kilowattrel, L50, M|
|poke|p2|Sneasler, L50, F|
|poke|p2|Baxcalibur, L50, M|
|poke|p2|Kingambit, L50, M|
|poke|p2|Magmar, L50, M|
|poke|p2|Primarina, L50, F|
|poke|p2|Sinistcha, L50|
|teampreview|4
|showteam|p1|Gholdengo||LifeOrb|GoodasGold|MakeItRain,ShadowBall,NastyPlot,Protect||||||50|,,,,,Water]Incineroar||SafetyGoggles|Intimidate|FakeOut,FlareBlitz,KnockOff,PartingShot|||M|||50|,,,,,Bug]Amoonguss||SitrusBerry|EffectSpore|Spore,RagePowder,PollenPuff,Protect|||M|||50|,,,,,Water]Porygon2||Eviolite|Download|TeraBlast,IceBeam,TrickRoom,Recover||||||50|,,,,,Fighting]Ursaluna||FlameOrb|Guts|Facade,HeadlongRush,Earthquake,Protect|||F|||50|,,,,,Ghost]Kilowattrel||FocusSash|Competitive|AirSlash,Thunderbolt,Tailwind,Protect|||M|||50|,,,,,Ghost
|showteam|p2|Sneasler||WhiteHerb|Unburden|DireClaw,Protect,Coaching,CloseCombat|||F|||50|,,,,,Ghost]Baxcalibur||LoadedDice|ThermalExchange|ScaleShot,HighHorsepower,IcicleSpear,Protect|||M|||50|,,,,,Ghost]Kingambit||AssaultVest|Defiant|KowtowCleave,SuckerPunch,LowKick,IronHead|||M|||50|,,,,,Dark]Magmar||Eviolite|VitalSpirit|LavaPlume,FollowMe,Overheat,Taunt|||M|||50|,,,,,Fire]Primarina||ThroatSpray|LiquidVoice|HyperVoice,Moonblast,Haze,Protect|||F|||50|,,,,,Water]Sinistcha||SitrusBerry|Hospitality|RagePowder,TrickRoom,MatchaGotcha,GrassyTerrain||||||50|,,,,,Water
|inactive|Battle timer is ON: inactive players will automatically lose when time's up. (requested by Jakobtc)
|inactive|AUBrigade has 60 seconds left.
|
|t:|1756876190
|teamsize|p1|4
|teamsize|p2|4
|start
|switch|p1a: Kilowattrel|Kilowattrel, L50, M|100/100
|switch|p1b: Amoonguss|Amoonguss, L50, M, shiny|100/100
|switch|p2a: Kingambit|Kingambit, L50, M|100/100
|switch|p2b: Sneasler|Sneasler, L50, F|100/100
|turn|1
|
|t:|1756876207
|switch|p2b: Sinistcha|Sinistcha, L50|100/100
|switch|p2a: Magmar|Magmar, L50, M|100/100
|move|p1a: Kilowattrel|Air Slash|p2b: Sinistcha
|-supereffective|p2b: Sinistcha
|-damage|p2b: Sinistcha|43/100
|-enditem|p2b: Sinistcha|Sitrus Berry|[eat]
|-heal|p2b: Sinistcha|68/100|[from] item: Sitrus Berry
|move|p1b: Amoonguss|Spore|p2a: Magmar
|-immune|p2a: Magmar|[from] ability: Vital Spirit
|
|upkeep
|turn|2
|inactive|Jakobtc has 30 seconds left.
|inactive|AUBrigade has 30 seconds left.
|
|t:|1756876238
|switch|p1b: Ursaluna|Ursaluna, L50, F|100/100
|move|p2a: Magmar|Follow Me|p2a: Magmar
|-singleturn|p2a: Magmar|move: Follow Me
|move|p1a: Kilowattrel|Air Slash|p2a: Magmar
|-damage|p2a: Magmar|73/100
|move|p2b: Sinistcha|Matcha Gotcha|p1a: Kilowattrel|[spread] p1a
|-miss|p2b: Sinistcha|p1b: Ursaluna
|-resisted|p1a: Kilowattrel
|-damage|p1a: Kilowattrel|77/100
|-heal|p2b: Sinistcha|78/100|[from] drain|[of] p1a: Kilowattrel
|-status|p1a: Kilowattrel|brn
|
|-damage|p1a: Kilowattrel|70/100 brn|[from] brn
|-status|p1b: Ursaluna|brn|[from] item: Flame Orb
|upkeep
|turn|3
|inactive|Jakobtc has 30 seconds left.
|inactive|AUBrigade has 30 seconds left.
|
|t:|1756876271
|move|p1a: Kilowattrel|Protect|p1a: Kilowattrel
|-singleturn|p1a: Kilowattrel|Protect
|move|p2a: Magmar|Follow Me|p2a: Magmar
|-singleturn|p2a: Magmar|move: Follow Me
|move|p1b: Ursaluna|Earthquake|p2a: Magmar|[spread] p2a,p2b
|-activate|p1a: Kilowattrel|move: Protect
|-supereffective|p2a: Magmar
|-resisted|p2b: Sinistcha
|-damage|p2a: Magmar|0 fnt
|-damage|p2b: Sinistcha|49/100
|faint|p2a: Magmar
|move|p2b: Sinistcha|Grassy Terrain|p2b: Sinistcha
|-fieldstart|move: Grassy Terrain
|
|-heal|p2b: Sinistcha|55/100|[from] Grassy Terrain
|-damage|p1a: Kilowattrel|64/100 brn|[from] brn
|-damage|p1b: Ursaluna|95/100 brn|[from] brn
|upkeep
|
|t:|1756876288
|switch|p2a: Kingambit|Kingambit, L50, M|100/100
|turn|4
|
|t:|1756876303
|-terastallize|p2a: Kingambit|Dark
|move|p2a: Kingambit|Sucker Punch|p1a: Kilowattrel
|-damage|p1a: Kilowattrel|0 fnt
|faint|p1a: Kilowattrel
|move|p1b: Ursaluna|Headlong Rush|p2a: Kingambit
|-damage|p2a: Kingambit|18/100
|-unboost|p1b: Ursaluna|def|1
|-unboost|p1b: Ursaluna|spd|1
|move|p2b: Sinistcha|Matcha Gotcha|p1b: Ursaluna
|-supereffective|p1b: Ursaluna
|-damage|p1b: Ursaluna|0 fnt
|-heal|p2b: Sinistcha|100/100|[from] drain|[of] p1b: Ursaluna
|faint|p1b: Ursaluna
|
|-heal|p2a: Kingambit|24/100|[from] Grassy Terrain
|upkeep
|
|t:|1756876318
|switch|p1a: Amoonguss|Amoonguss, L50, M, shiny|100/100
|switch|p1b: Porygon2|Porygon2, L50, shiny|100/100
|-ability|p1b: Porygon2|Download|boost
|-boost|p1b: Porygon2|spa|1
|turn|5
|inactive|AUBrigade has 30 seconds left.
|
|t:|1756876346
|move|p2b: Sinistcha|Rage Powder|p2b: Sinistcha
|-singleturn|p2b: Sinistcha|move: Rage Powder
|move|p1b: Porygon2|Ice Beam|p2b: Sinistcha
|-supereffective|p2b: Sinistcha
|-damage|p2b: Sinistcha|27/100
|move|p2a: Kingambit|Kowtow Cleave|p1a: Amoonguss
|-damage|p1a: Amoonguss|47/100
|-enditem|p1a: Amoonguss|Sitrus Berry|[eat]
|-heal|p1a: Amoonguss|71/100|[from] item: Sitrus Berry
|move|p1a: Amoonguss|Spore|p2a: Kingambit
|-status|p2a: Kingambit|slp|[from] move: Spore
|
|-heal|p2b: Sinistcha|34/100|[from] Grassy Terrain
|-heal|p2a: Kingambit|30/100 slp|[from] Grassy Terrain
|-heal|p1a: Amoonguss|77/100|[from] Grassy Terrain
|upkeep
|turn|6
|
|t:|1756876370
|move|p1b: Porygon2|Ice Beam|p2b: Sinistcha
|-supereffective|p2b: Sinistcha
|-crit|p2b: Sinistcha
|-damage|p2b: Sinistcha|0 fnt
|faint|p2b: Sinistcha
|cant|p2a: Kingambit|slp
|move|p1a: Amoonguss|Pollen Puff|p2a: Kingambit
|-supereffective|p2a: Kingambit
|-damage|p2a: Kingambit|9/100 slp
|
|-heal|p2a: Kingambit|15/100 slp|[from] Grassy Terrain
|-heal|p1a: Amoonguss|83/100|[from] Grassy Terrain
|upkeep
|
|t:|1756876381
|switch|p2b: Sneasler|Sneasler, L50, F|100/100
|turn|7
|
|t:|1756876390
|move|p1a: Amoonguss|Rage Powder|p1a: Amoonguss
|-singleturn|p1a: Amoonguss|move: Rage Powder
|move|p2b: Sneasler|Dire Claw|p1a: Amoonguss
|-damage|p1a: Amoonguss|53/100
|move|p1b: Porygon2|Ice Beam|p2a: Kingambit
|-damage|p2a: Kingambit|0 fnt
|faint|p2a: Kingambit
|
|-heal|p1a: Amoonguss|58/100|[from] Grassy Terrain
|-fieldend|move: Grassy Terrain
|upkeep
|turn|8
|
|t:|1756876401
|-terastallize|p1b: Porygon2|Fighting
|move|p2b: Sneasler|Dire Claw|p1a: Amoonguss
|-damage|p1a: Amoonguss|23/100
|move|p1b: Porygon2|Tera Blast|p2b: Sneasler|[anim] Tera Blast Fighting
|-resisted|p2b: Sneasler
|-damage|p2b: Sneasler|67/100
|move|p1a: Amoonguss|Spore|p2b: Sneasler
|-status|p2b: Sneasler|slp|[from] move: Spore
|
|upkeep
|turn|9
|
|t:|1756876414
|cant|p2b: Sneasler|slp
|move|p1b: Porygon2|Ice Beam|p2b: Sneasler
|-damage|p2b: Sneasler|20/100 slp
|move|p1a: Amoonguss|Pollen Puff|p2b: Sneasler
|-resisted|p2b: Sneasler
|-damage|p2b: Sneasler|14/100 slp
|
|upkeep
|turn|10
|
|t:|1756876423
|move|p1a: Amoonguss|Rage Powder|p1a: Amoonguss
|-singleturn|p1a: Amoonguss|move: Rage Powder
|cant|p2b: Sneasler|slp
|move|p1b: Porygon2|Ice Beam|p2b: Sneasler
|-damage|p2b: Sneasler|0 fnt
|faint|p2b: Sneasler
|
|win|Jakobtc
||AUBrigade is ready for game 3.
