|j|☆monkey stall
|j|☆devil may larp
|html|monkey stalldevil may larp    
|uhtml|bestof|Game 2 of a best-of-3
|t:|1782664875
|gametype|doubles
|player|p1|monkey stall|skierf-gen4dp|1158
|player|p2|devil may larp|roxie|1240
|gen|9
|tier|[Gen 9 Champions] VGC 2026 Reg M-B (Bo3)
|rated|
|rule|Species Clause: Limit one of each Pokémon
|rule|Item Clause: Limit 1 of each item
|clearpoke
|poke|p1|Whimsicott, L50, M|
|poke|p1|Basculegion, L50, M|
|poke|p1|Kingambit, L50, F|
|poke|p1|Pyroar, L50, F|
|poke|p1|Floette-Eternal, L50, F|
|poke|p1|Sneasler, L50, M|
|poke|p2|Chandelure, L50, F|
|poke|p2|Farigiraf, L50, F, shiny|
|poke|p2|Sinistcha, L50|
|poke|p2|Kangaskhan, L50, F|
|poke|p2|Mawile, L50, M|
|poke|p2|Torkoal, L50, F|
|teampreview|4
|showteam|p1|Whimsicott||FocusSash|Prankster|Moonblast,Tailwind,SunnyDay,Protect|Timid||M|||50|]Basculegion||ColburBerry|Adaptability|WaveCrash,LastRespects,AquaJet,Protect|Adamant||M|||50|]Kingambit||OccaBerry|Defiant|KowtowCleave,SuckerPunch,LowKick,Protect|Adamant||F|||50|]Pyroar||Pyroarite|Unnerve|HeatWave,Overheat,SolarBeam,Protect|Timid||F|||50|]Floette-Eternal||Floettite|FlowerVeil|Moonblast,DazzlingGleam,LightofRuin,Protect|Timid||F|||50|]Sneasler||WhiteHerb|Unburden|CloseCombat,GunkShot,FakeOut,Protect|Jolly||M|||50|
|showteam|p2|Chandelure||Chandelurite|FlashFire|HeatWave,ShadowBall,EnergyBall,Protect|Modest||F|||50|]Farigiraf||ColburBerry|ArmorTail|TwinBeam,HelpingHand,Protect,TrickRoom|Sassy||F|||50|]Sinistcha||OccaBerry|Hospitality|MatchaGotcha,Imprison,RagePowder,TrickRoom|Calm|||||50|]Kangaskhan||LifeOrb|Scrappy|FakeOut,DoubleEdge,DrainPunch,SuckerPunch|Brave||F|||50|]Mawile||Mawilite|HyperCutter|SwordsDance,PlayRough,Protect,SuckerPunch|Brave||M|||50|]Torkoal||Charcoal|Drought|Eruption,Protect,HeatWave,EarthPower|Quiet||F|||50|
|inactive|Battle timer is ON: inactive players will automatically lose when time's up. (requested by devil may larp)
|inactive|devil may larp has 60 seconds left.
|
|t:|1782664917
|teamsize|p1|4
|teamsize|p2|4
|start
|switch|p1a: Sneasler|Sneasler, L50, M|100/100
|switch|p1b: Pyroar|Pyroar, L50, F|100/100
|switch|p2a: Kangaskhan|Kangaskhan, L50, F|100/100
|switch|p2b: Ouroboros|Farigiraf, L50, F, shiny|100/100
|-ability|p1b: Pyroar|Unnerve
|turn|1
|
|t:|1782664931
|detailschange|p1b: Pyroar|Pyroar-Mega, L50, F
|-mega|p1b: Pyroar|Pyroar|Pyroarite
|move|p2a: Kangaskhan|Fake Out|p1a: Sneasler
|-damage|p1a: Sneasler|63/100
|-damage|p2a: Kangaskhan|90/100|[from] item: Life Orb
|move|p1b: Pyroar|Heat Wave|p2a: Kangaskhan|[spread] p2a,p2b
|-damage|p2a: Kangaskhan|34/100
|-damage|p2b: Ouroboros|56/100
|cant|p1a: Sneasler|flinch
|move|p2b: Ouroboros|Trick Room|p2b: Ouroboros
|-fieldstart|move: Trick Room|[of] p2b: Ouroboros
|
|upkeep
|turn|2
|
|t:|1782664947
|switch|p2b: Torkoal|Torkoal, L50, F|100/100
|-weather|SunnyDay|[from] ability: Drought|[of] p2b: Torkoal
|switch|p1a: Kingambit|Kingambit, L50, F|100/100
|move|p1b: Pyroar|Protect|p1b: Pyroar
|-singleturn|p1b: Pyroar|Protect
|move|p2a: Kangaskhan|Double-Edge|p1b: Pyroar
|-activate|p1b: Pyroar|move: Protect
|
|-weather|SunnyDay|[upkeep]
|upkeep
|turn|3
|
|t:|1782664971
|move|p1a: Kingambit|Sucker Punch|p2a: Kangaskhan
|-damage|p2a: Kangaskhan|0 fnt
|faint|p2a: Kangaskhan
|move|p2b: Torkoal|Eruption|p1b: Pyroar|[spread] p1a,p1b
|-supereffective|p1a: Kingambit|1
|-enditem|p1a: Kingambit|Occa Berry|[eat]
|-enditem|p1a: Kingambit|Occa Berry|[weaken]
|-resisted|p1b: Pyroar|1
|-damage|p1a: Kingambit|12/100
|-damage|p1b: Pyroar|52/100
|move|p1b: Pyroar|Heat Wave|p2b: Torkoal
|-resisted|p2b: Torkoal|1
|-damage|p2b: Torkoal|27/100
|
|-weather|SunnyDay|[upkeep]
|upkeep
|
|t:|1782664977
|switch|p2a: Ouroboros|Farigiraf, L50, F, shiny|56/100
|turn|4
|inactive|monkey stall has 30 seconds left.
|
|t:|1782665004
|switch|p1a: Basculegion|Basculegion, L50, M|100/100
|move|p2a: Ouroboros|Helping Hand|p2b: Torkoal
|-singleturn|p2b: Torkoal|Helping Hand|[of] p2a: Ouroboros
|move|p1b: Pyroar|Protect|p1b: Pyroar
|-singleturn|p1b: Pyroar|Protect
|move|p2b: Torkoal|Heat Wave|p1a: Basculegion|[spread] p1a
|-activate|p1b: Pyroar|move: Protect
|-resisted|p1a: Basculegion|1
|-damage|p1a: Basculegion|55/100
|
|-weather|SunnyDay|[upkeep]
|upkeep
|turn|5
|
|t:|1782665020
|switch|p2a: Mawile|Mawile, L50, M|100/100
|switch|p1b: Kingambit|Kingambit, L50, F|12/100
|move|p1a: Basculegion|Protect|p1a: Basculegion
|-singleturn|p1a: Basculegion|Protect
|move|p2b: Torkoal|Earth Power|p1b: Kingambit
|-supereffective|p1b: Kingambit|1
|-damage|p1b: Kingambit|0 fnt
|faint|p1b: Kingambit
|
|-weather|SunnyDay|[upkeep]
|-fieldend|move: Trick Room
|upkeep
|
|t:|1782665041
|switch|p1b: Pyroar|Pyroar-Mega, L50, F|52/100
|turn|6
|
|t:|1782665063
|switch|p2b: Ouroboros|Farigiraf, L50, F, shiny|56/100
|detailschange|p2a: Mawile|Mawile-Mega, L50, M
|-mega|p2a: Mawile|Mawile|Mawilite
|move|p2a: Mawile|Sucker Punch|p1b: Pyroar
|-crit|p1b: Pyroar
|-damage|p1b: Pyroar|0 fnt
|faint|p1b: Pyroar
|move|p1a: Basculegion|Last Respects|p2a: Mawile
|-damage|p2a: Mawile|1/100
|
|-weather|none
|upkeep
|
|t:|1782665070
|switch|p1b: Sneasler|Sneasler, L50, M|63/100
|turn|7
|
|t:|1782665085
|move|p2a: Mawile|Sucker Punch|p1a: Basculegion
|-supereffective|p1a: Basculegion|1
|-enditem|p1a: Basculegion|Colbur Berry|[eat]
|-enditem|p1a: Basculegion|Colbur Berry|[weaken]
|-damage|p1a: Basculegion|0 fnt
|faint|p1a: Basculegion
|move|p1b: Sneasler|Close Combat|p2b: Ouroboros
|-damage|p2b: Ouroboros|8/100
|-unboost|p1b: Sneasler|def|1
|-unboost|p1b: Sneasler|spd|1
|-enditem|p1b: Sneasler|White Herb
|-clearnegativeboost|p1b: Sneasler|[silent]
|move|p2b: Ouroboros|Trick Room|p2b: Ouroboros
|-fieldstart|move: Trick Room|[of] p2b: Ouroboros
|
|upkeep
|turn|8
|-message|monkey stall forfeited.
|
|win|devil may larp
|raw|monkey stall's rating: 1158 → 1139(-19 for losing)
|raw|devil may larp's rating: 1240 → 1259(+19 for winning)
