|j|☆actuary97
|j|☆breloomb01
|html|actuary97breloomb01    
|uhtml|bestof|Game 1 of a best-of-3
|t:|1757724371
|gametype|doubles
|player|p1|actuary97|sabrina-frlg|1440
|player|p2|breloomb01|2|1324
|gen|9
|tier|[Gen 9] VGC 2025 Reg H (Bo3)
|rated|
|rule|Species Clause: Limit one of each Pokémon
|rule|Item Clause: Limit 1 of each item
|clearpoke
|poke|p1|Whimsicott, L50, F|
|poke|p1|Gallade, L50, M|
|poke|p1|Malamar, L50, F|
|poke|p1|Indeedee, L50, M|
|poke|p1|Drifblim, L50, M|
|poke|p1|Archaludon, L50, F|
|poke|p2|Amoonguss, L50, M|
|poke|p2|Pelipper, L50, F|
|poke|p2|Archaludon, L50, F|
|poke|p2|Basculegion, L50, M|
|poke|p2|Gholdengo, L50|
|poke|p2|Weavile, L50, F|
|teampreview|4
|showteam|p1|Whimsicott||FocusSash|Prankster|Moonblast,BeatUp,Taunt,Tailwind|||F|||50|,,,,,Ghost]Gallade||ScopeLens|Sharpness|PsychoCut,SacredSword,LeafBlade,Protect|||M|||50|,,,,,Grass]Malamar||SitrusBerry|Contrary|Superpower,KnockOff,TrickRoom,TopsyTurvy|||F|||50|,,,,,Fire]Indeedee||ChoiceSpecs|PsychicSurge|ExpandingForce,DazzlingGleam,TeraBlast,Trick|||M|||50|,,,,,Fire]Drifblim||PsychicSeed|Unburden|AirSlash,IcyWind,StrengthSap,WillOWisp|||M|||50|,,,,,Flying]Archaludon||AssaultVest|Stamina|ElectroShot,FlashCannon,Snarl,BodyPress|||F|||50|,,,,,Grass
|showteam|p2|Amoonguss||CovertCloak|Regenerator|PollenPuff,RagePowder,Spore,ClearSmog|||M|||50|,,,,,Water]Pelipper||SafetyGoggles|Drizzle|WeatherBall,Hurricane,Tailwind,Protect|||F|||50|,,,,,Ghost]Archaludon||AssaultVest|Stamina|DragonPulse,ElectroShot,FlashCannon,BodyPress|||F|||50|,,,,,Bug]Basculegion||ChoiceBand|SwiftSwim|WaveCrash,AquaJet,LastRespects,FlipTurn|||M|||50|,,,,,Fairy]Gholdengo||MetalCoat|GoodasGold|MakeItRain,NastyPlot,ShadowBall,Protect||||||50|,,,,,Water]Weavile||FocusSash|Pickpocket|FakeOut,TripleAxel,KnockOff,Taunt|||F|||50|,,,,,Ghost
|inactive|Battle timer is ON: inactive players will automatically lose when time's up. (requested by actuary97)
|inactive|breloomb01 has 60 seconds left.
|inactive|breloomb01 has 30 seconds left.
|
|t:|1757724481
|teamsize|p1|4
|teamsize|p2|4
|start
|switch|p1a: Whimsicott|Whimsicott, L50, F, shiny|100/100
|switch|p1b: Indeedee|Indeedee, L50, M, shiny|100/100
|switch|p2a: Weavile|Weavile, L50, F|100/100
|switch|p2b: Gholdengo|Gholdengo, L50|100/100
|-fieldstart|move: Psychic Terrain|[from] ability: Psychic Surge|[of] p1b: Indeedee
|turn|1
|inactive|breloomb01 has 30 seconds left.
|inactive|breloomb01 has 20 seconds left.
|
|t:|1757724517
|switch|p1b: Bridget|Archaludon, L50, F, shiny|100/100
|move|p1a: Whimsicott|Tailwind|p1a: Whimsicott
|-sidestart|p1: actuary97|move: Tailwind
|move|p2a: Weavile|Knock Off|p1a: Whimsicott
|-resisted|p1a: Whimsicott
|-damage|p1a: Whimsicott|67/100
|-enditem|p1a: Whimsicott|Focus Sash|[from] move: Knock Off|[of] p2a: Weavile
|move|p2b: Gholdengo|Make It Rain|p1a: Whimsicott|[spread] p1a,p1b
|-supereffective|p1a: Whimsicott
|-resisted|p1b: Bridget
|-damage|p1a: Whimsicott|0 fnt
|-damage|p1b: Bridget|80/100
|-unboost|p2b: Gholdengo|spa|1
|-ability|p1b: Bridget|Stamina|boost
|-boost|p1b: Bridget|def|1
|faint|p1a: Whimsicott
|
|upkeep
|
|t:|1757724526
|switch|p1a: Indeedee|Indeedee, L50, M, shiny|100/100
|turn|2
|
|t:|1757724539
|-terastallize|p1a: Indeedee|Fire
|move|p2b: Gholdengo|Protect|p2b: Gholdengo
|-singleturn|p2b: Gholdengo|Protect
|move|p1a: Indeedee|Tera Blast|p2a: Weavile|[anim] Tera Blast Fire
|-supereffective|p2a: Weavile
|-enditem|p2a: Weavile|Focus Sash
|-damage|p2a: Weavile|1/100
|move|p1b: Bridget|Snarl|p2b: Gholdengo|[spread] p2a
|-activate|p2b: Gholdengo|move: Protect
|-resisted|p2a: Weavile
|-damage|p2a: Weavile|0 fnt
|faint|p2a: Weavile
|
|upkeep
|inactive|breloomb01 has 30 seconds left.
|
|t:|1757724567
|switch|p2a: Basculegion|Basculegion, L50, M|100/100
|turn|3
|
|t:|1757724573
|switch|p2b: Pelipper|Pelipper, L50, F|100/100
|-weather|RainDance|[from] ability: Drizzle|[of] p2b: Pelipper
|move|p1a: Indeedee|Tera Blast|p2b: Pelipper|[anim] Tera Blast Fire
|-resisted|p2b: Pelipper
|-damage|p2b: Pelipper|80/100
|move|p2a: Basculegion|Wave Crash|p1a: Indeedee
|-supereffective|p1a: Indeedee
|-damage|p1a: Indeedee|0 fnt
|faint|p1a: Indeedee
|-damage|p2a: Basculegion|78/100|[from] Recoil
|move|p1b: Bridget|Electro Shot||[still]
|-prepare|p1b: Bridget|Electro Shot
|-boost|p1b: Bridget|spa|1
|-anim|p1b: Bridget|Electro Shot|p2a: Basculegion
|-supereffective|p2a: Basculegion
|-damage|p2a: Basculegion|0 fnt
|faint|p2a: Basculegion
|
|-weather|RainDance|[upkeep]
|upkeep
|
|t:|1757724577
|switch|p1a: Gallade|Gallade, L50, M, shiny|100/100
|switch|p2a: Gholdengo|Gholdengo, L50|100/100
|turn|4
|
|t:|1757724599
|move|p2b: Pelipper|Protect|p2b: Pelipper
|-singleturn|p2b: Pelipper|Protect
|move|p1a: Gallade|Psycho Cut|p2b: Pelipper
|-activate|p2b: Pelipper|move: Protect
|move|p1b: Bridget|Electro Shot||[still]
|-prepare|p1b: Bridget|Electro Shot
|-boost|p1b: Bridget|spa|1
|-anim|p1b: Bridget|Electro Shot|p2a: Gholdengo
|-damage|p2a: Gholdengo|12/100
|move|p2a: Gholdengo|Nasty Plot|p2a: Gholdengo
|-boost|p2a: Gholdengo|spa|2
|
|-weather|RainDance|[upkeep]
|-sideend|p1: actuary97|move: Tailwind
|upkeep
|turn|5
|inactive|actuary97 has 30 seconds left.
|inactive|breloomb01 has 30 seconds left.
|
|t:|1757724630
|move|p2a: Gholdengo|Shadow Ball|p1b: Bridget
|-damage|p1b: Bridget|20/100
|-unboost|p1b: Bridget|spd|1
|-ability|p1b: Bridget|Stamina|boost
|-boost|p1b: Bridget|def|1
|move|p1a: Gallade|Psycho Cut|p2a: Gholdengo
|-resisted|p2a: Gholdengo
|-crit|p2a: Gholdengo
|-damage|p2a: Gholdengo|0 fnt
|faint|p2a: Gholdengo
|move|p2b: Pelipper|Hurricane|p1a: Gallade
|-supereffective|p1a: Gallade
|-damage|p1a: Gallade|14/100
|-start|p1a: Gallade|confusion
|move|p1b: Bridget|Snarl|p2b: Pelipper
|-damage|p2b: Pelipper|29/100
|-unboost|p2b: Pelipper|spa|1
|
|-weather|RainDance|[upkeep]
|-fieldend|move: Psychic Terrain
|upkeep
|turn|6
|
|t:|1757724648
|-activate|p1a: Gallade|confusion
|-damage|p1a: Gallade|0 fnt|[from] confusion
|faint|p1a: Gallade
|move|p2b: Pelipper|Weather Ball|p1b: Bridget
|-resisted|p1b: Bridget
|-damage|p1b: Bridget|1/100
|-ability|p1b: Bridget|Stamina|boost
|-boost|p1b: Bridget|def|1
|move|p1b: Bridget|Electro Shot||[still]
|-prepare|p1b: Bridget|Electro Shot
|-boost|p1b: Bridget|spa|1
|-anim|p1b: Bridget|Electro Shot|p2b: Pelipper
|-supereffective|p2b: Pelipper
|-damage|p2b: Pelipper|0 fnt
|faint|p2b: Pelipper
|
|win|actuary97
|inactive|actuary97 has 30 seconds to confirm battle start!
|inactive|breloomb01 has 30 seconds to confirm battle start!
|inactive|actuary97 has 20 seconds to confirm battle start!
|inactive|breloomb01 has 20 seconds to confirm battle start!
|inactive|actuary97 has 10 seconds to confirm battle start!
|inactive|breloomb01 has 10 seconds to confirm battle start!
||breloomb01 is ready for game 2.
|uhtml|next|Next: Game 2 of 3
|l|☆actuary97
|player|p1|
|l|☆breloomb01
|player|p2|
