|j|☆willquitecosstupid
|j|☆Keeper08
|html|willquitecosstupidKeeper08    
|uhtml|bestof|Game 1 of a best-of-3
|t:|1757845835
|gametype|doubles
|player|p1|willquitecosstupid|worker|1019
|player|p2|Keeper08|lance|1023
|gen|9
|tier|[Gen 9] VGC 2025 Reg H (Bo3)
|rated|
|rule|Species Clause: Limit one of each Pokémon
|rule|Item Clause: Limit 1 of each item
|clearpoke
|poke|p1|Volcarona, L50, M|
|poke|p1|Rillaboom, L50, F|
|poke|p1|Electabuzz, L50, M|
|poke|p1|Dragonite, L50, M|
|poke|p1|Kingambit, L50, F|
|poke|p1|Sneasler, L50, M|
|poke|p2|Dusclops, L50, F|
|poke|p2|Hydreigon, L50, M|
|poke|p2|Rillaboom, L50, F|
|poke|p2|Gyarados, L50, M|
|poke|p2|Klefki, L50, M|
|poke|p2|Electivire, L50, M|
|teampreview|4
|showteam|p1|Volcarona||LifeOrb|FlameBody|HeatWave,TeraBlast,BugBuzz,Protect|||M|||50|,,,,,Fairy]Rillaboom||AssaultVest|GrassySurge|WoodHammer,GrassyGlide,HighHorsepower,FakeOut|||F|||50|,,,,,Fire]Electabuzz||Eviolite|VitalSpirit|Thunderbolt,FollowMe,HelpingHand,Protect|||M|||50|,,,,,Ghost]Dragonite||LoadedDice|Multiscale|ScaleShot,ExtremeSpeed,Haze,Protect|||M|||50|,,,,,Steel]Kingambit||ChoiceBand|Defiant|KowtowCleave,SuckerPunch,IronHead,Protect|||F|||50|,,,,,Dark]Sneasler||FocusSash|Unburden|CloseCombat,DireClaw,Acrobatics,Protect|||M|||50|,,,,,Stellar
|showteam|p2|Dusclops||Eviolite|Pressure|NightShade,Protect,HelpingHand,WillOWisp|||F|||50|,,,,,Normal]Hydreigon||CovertCloak|Levitate|DracoMeteor,Snarl,Tailwind,Taunt|||M|||50|,,,,,Poison]Rillaboom||AssaultVest|GrassySurge|FakeOut,WoodHammer,GrassyGlide,HighHorsepower|||F|||50|,,,,,Water]Gyarados|||Intimidate|Waterfall,ThunderWave,Protect,DragonDance|||M|||50|,,,,,Ground]Klefki||Leftovers|Prankster|LightScreen,Reflect,ThunderWave,DazzlingGleam|||M|||50|,,,,,Water]Electivire||ChoiceBand|VitalSpirit|SupercellSlam,Earthquake,KnockOff,LowKick|||M|||50|,,,,,Flying
|inactive|Battle timer is ON: inactive players will automatically lose when time's up. (requested by Keeper08)
|inactive|willquitecosstupid has 60 seconds left.
|inactive|Keeper08 has 60 seconds left.
|
|t:|1757845893
|teamsize|p1|4
|teamsize|p2|4
|start
|switch|p1a: Rillaboom|Rillaboom, L50, F|100/100
|switch|p1b: Electabuzz|Electabuzz, L50, M|100/100
|switch|p2a: Klefki|Klefki, L50, M|100/100
|switch|p2b: Hydreigon|Hydreigon, L50, M|100/100
|-fieldstart|move: Grassy Terrain|[from] ability: Grassy Surge|[of] p1a: Rillaboom
|turn|1
|inactive|willquitecosstupid has 30 seconds left.
|inactive|Keeper08 has 30 seconds left.
|inactive|willquitecosstupid has 20 seconds left.
|
|t:|1757845928
|switch|p2a: Rillaboom|Rillaboom, L50, F, shiny|100/100
|move|p1a: Rillaboom|Fake Out|p2a: Rillaboom
|-damage|p2a: Rillaboom|88/100
|move|p1b: Electabuzz|Thunderbolt|p2a: Rillaboom
|-resisted|p2a: Rillaboom
|-damage|p2a: Rillaboom|76/100
|move|p2b: Hydreigon|Tailwind|p2b: Hydreigon
|-sidestart|p2: Keeper08|move: Tailwind
|
|-heal|p2a: Rillaboom|82/100|[from] Grassy Terrain
|upkeep
|turn|2
|inactive|willquitecosstupid has 30 seconds left.
|inactive|Keeper08 has 30 seconds left.
|
|t:|1757845963
|switch|p2b: Klefki|Klefki, L50, M|100/100
|move|p1b: Electabuzz|Helping Hand|p1a: Rillaboom
|-singleturn|p1a: Rillaboom|Helping Hand|[of] p1b: Electabuzz
|move|p2a: Rillaboom|High Horsepower|p1b: Electabuzz
|-supereffective|p1b: Electabuzz
|-damage|p1b: Electabuzz|47/100
|move|p1a: Rillaboom|Wood Hammer|p2b: Klefki
|-resisted|p2b: Klefki
|-damage|p2b: Klefki|43/100
|-damage|p1a: Rillaboom|86/100|[from] Recoil
|
|-heal|p2a: Rillaboom|88/100|[from] Grassy Terrain
|-heal|p2b: Klefki|49/100|[from] Grassy Terrain
|-heal|p2b: Klefki|55/100|[from] item: Leftovers
|-heal|p1b: Electabuzz|53/100|[from] Grassy Terrain
|-heal|p1a: Rillaboom|92/100|[from] Grassy Terrain
|upkeep
|turn|3
|
|t:|1757845987
|switch|p1a: Kingambit|Kingambit, L50, F|100/100
|move|p2b: Klefki|Reflect|p2b: Klefki
|-sidestart|p2: Keeper08|Reflect
|move|p2a: Rillaboom|High Horsepower|p1b: Electabuzz
|-supereffective|p1b: Electabuzz
|-damage|p1b: Electabuzz|0 fnt
|faint|p1b: Electabuzz
|
|-heal|p2a: Rillaboom|94/100|[from] Grassy Terrain
|-heal|p2b: Klefki|60/100|[from] Grassy Terrain
|-heal|p2b: Klefki|66/100|[from] item: Leftovers
|upkeep
|
|t:|1757845998
|switch|p1b: Sneasler|Sneasler, L50, M|100/100
|turn|4
|inactive|Keeper08 has 30 seconds left.
|inactive|Keeper08 has 20 seconds left.
|
|t:|1757846034
|switch|p2a: Hydreigon|Hydreigon, L50, M|100/100
|-terastallize|p1a: Kingambit|Dark
|move|p1b: Sneasler|Protect|p1b: Sneasler
|-singleturn|p1b: Sneasler|Protect
|move|p2b: Klefki|Thunder Wave|p1b: Sneasler
|-activate|p1b: Sneasler|move: Protect
|move|p1a: Kingambit|Kowtow Cleave|p2a: Hydreigon
|-resisted|p2a: Hydreigon
|-damage|p2a: Hydreigon|67/100
|
|-heal|p2b: Klefki|72/100|[from] Grassy Terrain
|-heal|p2b: Klefki|78/100|[from] item: Leftovers
|-sideend|p2: Keeper08|move: Tailwind
|upkeep
|turn|5
|inactive|willquitecosstupid has 30 seconds left.
|inactive|Keeper08 has 30 seconds left.
|
|t:|1757846063
|-terastallize|p2a: Hydreigon|Poison
|move|p2b: Klefki|Thunder Wave|p1b: Sneasler
|-status|p1b: Sneasler|par
|move|p2a: Hydreigon|Tailwind|p2a: Hydreigon
|-sidestart|p2: Keeper08|move: Tailwind
|move|p1b: Sneasler|Dire Claw|p2a: Hydreigon
|-resisted|p2a: Hydreigon
|-damage|p2a: Hydreigon|52/100
|move|p1a: Kingambit|Kowtow Cleave|p2b: Klefki
|-resisted|p2b: Klefki
|-damage|p2b: Klefki|46/100
|
|-heal|p2b: Klefki|52/100|[from] Grassy Terrain
|-heal|p2b: Klefki|58/100|[from] item: Leftovers
|-fieldend|move: Grassy Terrain
|upkeep
|turn|6
|inactive|Keeper08 has 30 seconds left.
|
|t:|1757846091
|switch|p2a: Rillaboom|Rillaboom, L50, F, shiny|94/100
|-fieldstart|move: Grassy Terrain|[from] ability: Grassy Surge|[of] p2a: Rillaboom
|switch|p2b: Electivire|Electivire, L50, M, shiny|100/100
|switch|p1a: Rillaboom|Rillaboom, L50, F|92/100
|move|p1b: Sneasler|Close Combat|p2a: Rillaboom
|-damage|p2a: Rillaboom|59/100
|-unboost|p1b: Sneasler|def|1
|-unboost|p1b: Sneasler|spd|1
|
|-heal|p2a: Rillaboom|64/100|[from] Grassy Terrain
|-heal|p1a: Rillaboom|98/100|[from] Grassy Terrain
|upkeep
|turn|7
|inactive|willquitecosstupid has 30 seconds left.
|inactive|Keeper08 has 30 seconds left.
|inactive|Keeper08 has 20 seconds left.
|inactive|Keeper08 has 15 seconds left.
|
|t:|1757846135
|move|p2a: Rillaboom|Fake Out|p1a: Rillaboom
|-damage|p1a: Rillaboom|84/100
|cant|p1a: Rillaboom|flinch
|move|p2b: Electivire|Knock Off|p1a: Rillaboom
|-damage|p1a: Rillaboom|33/100
|-enditem|p1a: Rillaboom|Assault Vest|[from] move: Knock Off|[of] p2b: Electivire
|move|p1b: Sneasler|Dire Claw|p2b: Electivire
|-damage|p2b: Electivire|56/100
|-status|p2b: Electivire|psn
|
|-heal|p2b: Electivire|62/100 psn|[from] Grassy Terrain
|-heal|p2a: Rillaboom|70/100|[from] Grassy Terrain
|-heal|p1a: Rillaboom|39/100|[from] Grassy Terrain
|-damage|p2b: Electivire|50/100 psn|[from] psn
|-sideend|p2: Keeper08|Reflect
|upkeep
|turn|8
|inactive|willquitecosstupid has 30 seconds left.
|inactive|Keeper08 has 30 seconds left.
|
|t:|1757846160
|switch|p1a: Kingambit|Kingambit, L50, F, tera:Dark|100/100
|move|p2b: Electivire|Knock Off|p1b: Sneasler
|-resisted|p1b: Sneasler
|-damage|p1b: Sneasler|40/100 par
|-enditem|p1b: Sneasler|Focus Sash|[from] move: Knock Off|[of] p2b: Electivire
|move|p2a: Rillaboom|High Horsepower|p1b: Sneasler|[miss]
|-miss|p2a: Rillaboom|p1b: Sneasler
|move|p1b: Sneasler|Dire Claw|p2b: Electivire
|-damage|p2b: Electivire|0 fnt
|faint|p2b: Electivire
|
|-heal|p2a: Rillaboom|76/100|[from] Grassy Terrain
|-heal|p1b: Sneasler|46/100 par|[from] Grassy Terrain
|-sideend|p2: Keeper08|move: Tailwind
|upkeep
|
|t:|1757846176
|switch|p2b: Klefki|Klefki, L50, M|58/100
|turn|9
|
|t:|1757846196
|move|p2b: Klefki|Reflect|p2b: Klefki
|-sidestart|p2: Keeper08|Reflect
|move|p1a: Kingambit|Sucker Punch|p2a: Rillaboom
|-crit|p2a: Rillaboom
|-damage|p2a: Rillaboom|0 fnt
|faint|p2a: Rillaboom
|cant|p1b: Sneasler|par
|
|-heal|p1b: Sneasler|52/100 par|[from] Grassy Terrain
|-heal|p2b: Klefki|64/100|[from] Grassy Terrain
|-heal|p2b: Klefki|69/100|[from] item: Leftovers
|upkeep
|
|t:|1757846200
|switch|p2a: Hydreigon|Hydreigon, L50, M, tera:Poison|52/100
|turn|10
|inactive|willquitecosstupid has 30 seconds left.
|
|t:|1757846228
|move|p1a: Kingambit|Sucker Punch|p2b: Klefki
|-resisted|p2b: Klefki
|-damage|p2b: Klefki|44/100
|move|p1b: Sneasler|Acrobatics|p2b: Klefki
|-resisted|p2b: Klefki
|-damage|p2b: Klefki|33/100
|move|p2a: Hydreigon|Snarl|p1b: Sneasler|[spread] p1b
|-miss|p2a: Hydreigon|p1a: Kingambit
|-resisted|p1b: Sneasler
|-damage|p1b: Sneasler|33/100 par
|-unboost|p1b: Sneasler|spa|1
|move|p2b: Klefki|Dazzling Gleam|p1a: Kingambit|[spread] p1a,p1b
|-supereffective|p1a: Kingambit
|-damage|p1a: Kingambit|66/100
|-damage|p1b: Sneasler|0 fnt
|faint|p1b: Sneasler
|
|-heal|p2b: Klefki|39/100|[from] Grassy Terrain
|-heal|p2b: Klefki|44/100|[from] item: Leftovers
|-heal|p1a: Kingambit|72/100|[from] Grassy Terrain
|-fieldend|move: Grassy Terrain
|upkeep
|
|t:|1757846246
|switch|p1b: Rillaboom|Rillaboom, L50, F|39/100
|-fieldstart|move: Grassy Terrain|[from] ability: Grassy Surge|[of] p1b: Rillaboom
|turn|11
|
|t:|1757846265
|move|p1b: Rillaboom|Grassy Glide|p2a: Hydreigon
|-resisted|p2a: Hydreigon
|-damage|p2a: Hydreigon|38/100
|move|p1a: Kingambit|Sucker Punch|p2a: Hydreigon
|-damage|p2a: Hydreigon|0 fnt
|faint|p2a: Hydreigon
|move|p2b: Klefki|Dazzling Gleam|p1b: Rillaboom|[spread] p1a,p1b
|-supereffective|p1a: Kingambit
|-damage|p1a: Kingambit|34/100
|-damage|p1b: Rillaboom|21/100
|
|-heal|p1b: Rillaboom|27/100|[from] Grassy Terrain
|-heal|p2b: Klefki|50/100|[from] Grassy Terrain
|-heal|p2b: Klefki|56/100|[from] item: Leftovers
|-heal|p1a: Kingambit|40/100|[from] Grassy Terrain
|upkeep
|turn|12
|inactive|willquitecosstupid has 30 seconds left.
|
|t:|1757846291
|move|p1a: Kingambit|Sucker Punch|p2b: Klefki
|-resisted|p2b: Klefki
|-damage|p2b: Klefki|32/100
|move|p1b: Rillaboom|High Horsepower|p2b: Klefki
|-supereffective|p2b: Klefki
|-damage|p2b: Klefki|0 fnt
|faint|p2b: Klefki
|
|win|willquitecosstupid
||Keeper08 is ready for game 2.
||willquitecosstupid is ready for game 2.
|uhtml|next|Next: Game 2 of 3
|l|☆Keeper08
|player|p2|
|l|☆willquitecosstupid
|player|p1|
