|j|☆LastHorzion
|j|☆mariocansado
|html|LastHorzionmariocansado    
|uhtml|bestof|Game 1 of a best-of-3
|t:|1756750111
|gametype|doubles
|player|p1|LastHorzion|steven|1128
|player|p2|mariocansado|arven-s|1183
|gen|9
|tier|[Gen 9] VGC 2025 Reg H (Bo3)
|rated|
|rule|Species Clause: Limit one of each Pokémon
|rule|Item Clause: Limit 1 of each item
|clearpoke
|poke|p1|Sneasler, L50, F|
|poke|p1|Ursaluna-Bloodmoon, L50, M|
|poke|p1|Whimsicott, L50, M|
|poke|p1|Typhlosion-Hisui, L50, F|
|poke|p1|Indeedee, L50, M|
|poke|p1|Dragapult, L50, M|
|poke|p2|Rillaboom, L50, F|
|poke|p2|Dragapult, L50, F|
|poke|p2|Electabuzz, L50, F|
|poke|p2|Volcarona, L50, M|
|poke|p2|Whimsicott, L50, F|
|poke|p2|Arcanine-Hisui, L50, F|
|teampreview|4
|showteam|p1|Sneasler||PsychicSeed|Unburden|CloseCombat,DireClaw,ThroatChop,Protect|||F|||50|,,,,,Dark]Ursaluna-Bloodmoon||LifeOrb|MindsEye|BloodMoon,EarthPower,HyperVoice,Protect|||M|||50|,,,,,Psychic]Whimsicott||CovertCloak|Prankster|Tailwind,Moonblast,Encore,SunnyDay|||M|||50|,,,,,Steel]Typhlosion-Hisui||ChoiceSpecs|Blaze|Eruption,Curse,HeatWave,ShadowBall|||F|||50|,,,,,Fire]Indeedee||FocusSash|PsychicSurge|ExpandingForce,TeraBlast,Imprison,TrickRoom|||M|||50|,,,,,Ground]Dragapult||ChoiceBand|ClearBody|DragonDarts,Uturn,PhantomForce,Outrage|||M|||50|,,,,,Dragon
|showteam|p2|Rillaboom||AssaultVest|GrassySurge|FakeOut,WoodHammer,Uturn,GrassyGlide|||F|||50|,,,,,Fire]Dragapult||ChoiceBand|ClearBody|DragonDarts,Outrage,PhantomForce,Uturn|||F|||50|,,,,,Dragon]Electabuzz||Eviolite|VitalSpirit|Thunderbolt,Taunt,FollowMe,Protect|||F|||50|,,,,,Ghost]Volcarona||Leftovers|FlameBody|HeatWave,QuiverDance,Protect,GigaDrain|||M|||50|,,,,,Grass]Whimsicott||CovertCloak|Prankster|SunnyDay,Moonblast,Encore,Tailwind|||F|||50|,,,,,Dark]Arcanine-Hisui||SafetyGoggles|Intimidate|RockSlide,FlareBlitz,ExtremeSpeed,Protect|||F|||50|,,,,,Fairy
|inactive|Battle timer is ON: inactive players will automatically lose when time's up. (requested by LastHorzion)
|inactive|LastHorzion has 60 seconds left.
|inactive|mariocansado has 60 seconds left.
|
|t:|1756750166
|teamsize|p1|4
|teamsize|p2|4
|start
|switch|p1a: Whimsicott|Whimsicott, L50, M|100/100
|switch|p1b: Ursaluna|Ursaluna-Bloodmoon, L50, M|100/100
|switch|p2a: Whimsicott|Whimsicott, L50, F|100/100
|switch|p2b: Dragapult|Dragapult, L50, F|100/100
|turn|1
|inactive|LastHorzion has 30 seconds left.
|inactive|mariocansado has 30 seconds left.
|inactive|LastHorzion has 20 seconds left.
|
|t:|1756750205
|-terastallize|p2b: Dragapult|Dragon
|move|p2a: Whimsicott|Tailwind|p2a: Whimsicott
|-sidestart|p2: mariocansado|move: Tailwind
|move|p1a: Whimsicott|Tailwind|p1a: Whimsicott
|-sidestart|p1: LastHorzion|move: Tailwind
|move|p2b: Dragapult|Dragon Darts|p1b: Ursaluna
|-damage|p1b: Ursaluna|56/100
|-anim|p2b: Dragapult|Dragon Darts|p1b: Ursaluna
|-damage|p1b: Ursaluna|13/100
|move|p1b: Ursaluna|Blood Moon|p2b: Dragapult
|-crit|p2b: Dragapult
|-damage|p2b: Dragapult|0 fnt
|faint|p2b: Dragapult
|-damage|p1b: Ursaluna|3/100|[from] item: Life Orb
|
|upkeep
|
|t:|1756750214
|switch|p2b: Volcarona|Volcarona, L50, M|100/100
|turn|2
|inactive|LastHorzion has 30 seconds left.
|
|t:|1756750244
|switch|p1a: Indeedee|Indeedee, L50, M, shiny|100/100
|-fieldstart|move: Psychic Terrain|[from] ability: Psychic Surge|[of] p1a: Indeedee
|move|p2a: Whimsicott|Moonblast|p1a: Indeedee
|-damage|p1a: Indeedee|65/100
|-unboost|p1a: Indeedee|spa|1
|move|p2b: Volcarona|Heat Wave|p1a: Indeedee|[spread] p1a,p1b
|-damage|p1a: Indeedee|12/100
|-damage|p1b: Ursaluna|0 fnt
|faint|p1b: Ursaluna
|
|upkeep
|
|t:|1756750255
|switch|p1b: Sneasler|Sneasler, L50, F|100/100
|-enditem|p1b: Sneasler|Psychic Seed
|-boost|p1b: Sneasler|spd|1|[from] item: Psychic Seed
|turn|3
|
|t:|1756750277
|move|p2a: Whimsicott|Sunny Day|p2a: Whimsicott
|-weather|SunnyDay
|move|p1b: Sneasler|Dire Claw|p2a: Whimsicott
|-supereffective|p2a: Whimsicott
|-damage|p2a: Whimsicott|0 fnt
|faint|p2a: Whimsicott
|move|p1a: Indeedee|Expanding Force|p2b: Volcarona
|-damage|p2b: Volcarona|58/100
|move|p2b: Volcarona|Heat Wave|p1b: Sneasler|[spread] p1a
|-miss|p2b: Volcarona|p1b: Sneasler
|-crit|p1a: Indeedee
|-damage|p1a: Indeedee|0 fnt
|faint|p1a: Indeedee
|
|-weather|SunnyDay|[upkeep]
|-heal|p2b: Volcarona|64/100|[from] item: Leftovers
|upkeep
|
|t:|1756750285
|switch|p2a: Electabuzz|Electabuzz, L50, F|100/100
|switch|p1a: Whimsicott|Whimsicott, L50, M|100/100
|turn|4
|
|t:|1756750302
|move|p2a: Electabuzz|Follow Me|p2a: Electabuzz
|-singleturn|p2a: Electabuzz|move: Follow Me
|move|p1b: Sneasler|Dire Claw|p2a: Electabuzz
|-damage|p2a: Electabuzz|53/100
|move|p1a: Whimsicott|Moonblast|p2a: Electabuzz
|-damage|p2a: Electabuzz|32/100
|-unboost|p2a: Electabuzz|spa|1
|move|p2b: Volcarona|Heat Wave|p1a: Whimsicott|[spread] p1a,p1b
|-supereffective|p1a: Whimsicott
|-damage|p1a: Whimsicott|0 fnt
|-damage|p1b: Sneasler|53/100
|faint|p1a: Whimsicott
|
|-weather|SunnyDay|[upkeep]
|-heal|p2b: Volcarona|70/100|[from] item: Leftovers
|-sideend|p1: LastHorzion|move: Tailwind
|-sideend|p2: mariocansado|move: Tailwind
|upkeep
|turn|5
|
|t:|1756750316
|move|p2a: Electabuzz|Follow Me|p2a: Electabuzz
|-singleturn|p2a: Electabuzz|move: Follow Me
|move|p1b: Sneasler|Dire Claw|p2a: Electabuzz
|-damage|p2a: Electabuzz|0 fnt
|faint|p2a: Electabuzz
|move|p2b: Volcarona|Heat Wave|p1b: Sneasler
|-damage|p1b: Sneasler|0 fnt
|faint|p1b: Sneasler
|
|win|mariocansado
||mariocansado is ready for game 2.
|inactive|LastHorzion has 30 seconds to confirm battle start!
||LastHorzion is ready for game 2.
|uhtml|next|Next: Game 2 of 3
