|j|☆Awammy
|j|☆PROTROLLAX
|html|AwammyPROTROLLAX    
|uhtml|bestof|Game 2 of a best-of-3
|t:|1782648380
|gametype|doubles
|player|p1|Awammy|colress|1076
|player|p2|PROTROLLAX|lance|1020
|gen|9
|tier|[Gen 9 Champions] VGC 2026 Reg M-B (Bo3)
|rated|
|rule|Species Clause: Limit one of each Pokémon
|rule|Item Clause: Limit 1 of each item
|clearpoke
|poke|p1|Pelipper, L50, M|
|poke|p1|Swampert, L50, M|
|poke|p1|Grimmsnarl, L50, M, shiny|
|poke|p1|Archaludon, L50, F, shiny|
|poke|p1|Mawile, L50, F, shiny|
|poke|p1|Glimmora, L50, M, shiny|
|poke|p2|Swampert, L50, M|
|poke|p2|Pelipper, L50, M|
|poke|p2|Archaludon, L50, M|
|poke|p2|Sinistcha, L50|
|poke|p2|Metagross, L50|
|poke|p2|Cofagrigus, L50, M|
|teampreview|4
|showteam|p1|Pelipper||DampRock|Drizzle|WeatherBall,Hurricane,Tailwind,Protect|Modest||M|||50|]Swampert||Swampertite|Damp|WaveCrash,Earthquake,Protect,IcePunch|Adamant||M|||50|]Grimmsnarl||LightClay|Prankster|FoulPlay,PartingShot,Reflect,LightScreen|Bold||M|||50|]Archaludon||Leftovers|Stamina|ElectroShot,DracoMeteor,AuraSphere,Protect|Modest||F|||50|]Mawile||Mawilite|Intimidate|PlayRough,SuckerPunch,Protect,IronHead|Brave||F|||50|]Glimmora||FocusSash|ToxicDebris|PowerGem,SludgeBomb,SpikyShield,EnergyBall|Timid||M|||50|
|showteam|p2|Swampert||Swampertite|Damp|Earthquake,WaveCrash,IcePunch,Protect|Jolly||M|||50|]Pelipper||FocusSash|Drizzle|Hurricane,WideGuard,Protect,MuddyWater|Bold||M|||50|]Archaludon||Leftovers|Stamina|Protect,ElectroShot,DracoMeteor,AuraSphere|Modest||M|||50|]Sinistcha||SitrusBerry|Hospitality|MatchaGotcha,LifeDew,RagePowder,Protect|Relaxed|||||50|]Metagross||Metagrossite|ClearBody|PsychicFangs,IronHead,BulletPunch,Protect|Jolly|||||50|]Cofagrigus||ColburBerry|Mummy|ShadowBall,AllySwitch,Protect,DestinyBond|Bold||M|||50|
|c|☆PROTROLLAX|Montagem tenta tenta tenta
|c|☆PROTROLLAX|Tenta tenta tenta.l
|
|t:|1782648434
|teamsize|p1|4
|teamsize|p2|4
|start
|switch|p1a: Grimmsnarl|Grimmsnarl, L50, M, shiny|100/100
|switch|p1b: Pelipper|Pelipper, L50, M|100/100
|switch|p2a: Cofagrigus|Cofagrigus, L50, M|100/100
|switch|p2b: Metagross|Metagross, L50|100/100
|-weather|RainDance|[from] ability: Drizzle|[of] p1b: Pelipper
|turn|1
|
|t:|1782648461
|detailschange|p2b: Metagross|Metagross-Mega, L50
|-mega|p2b: Metagross|Metagross|Metagrossite
|move|p2b: Metagross|Bullet Punch|p1a: Grimmsnarl
|-supereffective|p1a: Grimmsnarl|1
|-damage|p1a: Grimmsnarl|48/100
|move|p1a: Grimmsnarl|Reflect|p1a: Grimmsnarl
|-sidestart|p1: Awammy|Reflect
|move|p1b: Pelipper|Weather Ball|p2a: Cofagrigus
|-damage|p2a: Cofagrigus|50/100y
|move|p2a: Cofagrigus|Shadow Ball|p1b: Pelipper
|-damage|p1b: Pelipper|67/100
|
|-weather|RainDance|[upkeep]
|upkeep
|turn|2
|
|t:|1782648479
|switch|p1b: Archaludon|Archaludon, L50, F, shiny|100/100
|move|p1a: Grimmsnarl|Parting Shot|p2b: Metagross
|-unboost|p2b: Metagross|atk|1
|-unboost|p2b: Metagross|spa|1
|
|t:|1782648484
|switch|p1a: Swampert|Swampert, L50, M|100/100|[from] Parting Shot
|move|p2b: Metagross|Iron Head|p1a: Swampert
|-resisted|p1a: Swampert|1
|-damage|p1a: Swampert|86/100
|move|p2a: Cofagrigus|Destiny Bond|p2a: Cofagrigus
|-singlemove|p2a: Cofagrigus|Destiny Bond
|
|-weather|RainDance|[upkeep]
|upkeep
|turn|3
|
|t:|1782648505
|switch|p2b: Pelipper|Pelipper, L50, M|100/100
|switch|p2a: Swampert|Swampert, L50, M|100/100
|detailschange|p1a: Swampert|Swampert-Mega, L50, M
|-mega|p1a: Swampert|Swampert|Swampertite
|move|p1a: Swampert|Wave Crash|p2b: Pelipper
|-resisted|p2b: Pelipper|1
|-damage|p2b: Pelipper|48/100
|-damage|p1a: Swampert|72/100|[from] Recoil
|move|p1b: Archaludon|Electro Shot||[still]
|-prepare|p1b: Archaludon|Electro Shot
|-boost|p1b: Archaludon|spa|1
|-anim|p1b: Archaludon|Electro Shot|p2a: Swampert
|-immune|p2a: Swampert
|
|-weather|RainDance|[upkeep]
|upkeep
|turn|4
|
|t:|1782648531
|switch|p2b: Metagross|Metagross-Mega, L50|100/100
|move|p1a: Swampert|Wave Crash|p2a: Swampert
|-damage|p2a: Swampert|0 fnt
|faint|p2a: Swampert
|-damage|p1a: Swampert|42/100|[from] Recoil
|move|p1b: Archaludon|Electro Shot||[still]
|-prepare|p1b: Archaludon|Electro Shot
|-boost|p1b: Archaludon|spa|1
|-anim|p1b: Archaludon|Electro Shot|p2b: Metagross
|-damage|p2b: Metagross|14/100
|
|-weather|RainDance|[upkeep]
|upkeep
|
|t:|1782648537
|switch|p2a: Cofagrigus|Cofagrigus, L50, M|50/100y
|turn|5
|c|☆PROTROLLAX|Tung tung tung sahur
|
|t:|1782648564
|move|p1a: Swampert|Protect|p1a: Swampert
|-singleturn|p1a: Swampert|Protect
|move|p2b: Metagross|Protect|p2b: Metagross
|-singleturn|p2b: Metagross|Protect
|move|p1b: Archaludon|Protect|p1b: Archaludon
|-singleturn|p1b: Archaludon|Protect
|move|p2a: Cofagrigus|Ally Switch|p2a: Cofagrigus
|swap|p2a: Cofagrigus|1|[from] move: Ally Switch
|
|-weather|RainDance|[upkeep]
|upkeep
|turn|6
|
|t:|1782648597
|switch|p1a: Grimmsnarl|Grimmsnarl, L50, M, shiny|48/100
|switch|p2a: Pelipper|Pelipper, L50, M|48/100
|move|p1b: Archaludon|Electro Shot||[still]
|-prepare|p1b: Archaludon|Electro Shot
|-boost|p1b: Archaludon|spa|1
|-anim|p1b: Archaludon|Electro Shot|p2a: Pelipper
|-supereffective|p2a: Pelipper|2
|-damage|p2a: Pelipper|0 fnt
|faint|p2a: Pelipper
|move|p2b: Cofagrigus|Destiny Bond|p2b: Cofagrigus
|-singlemove|p2b: Cofagrigus|Destiny Bond
|
|-weather|RainDance|[upkeep]
|upkeep
|
|t:|1782648608
|switch|p2a: Metagross|Metagross-Mega, L50|14/100
|turn|7
|
|t:|1782648624
|move|p2b: Cofagrigus|Ally Switch|p2b: Cofagrigus
|swap|p2b: Cofagrigus|0|[from] move: Ally Switch
|move|p1a: Grimmsnarl|Parting Shot|p2a: Cofagrigus
|-unboost|p2a: Cofagrigus|atk|1
|-unboost|p2a: Cofagrigus|spa|1
|
|t:|1782648630
|switch|p1a: Swampert|Swampert-Mega, L50, M|42/100|[from] Parting Shot
|move|p2b: Metagross|Iron Head|p1a: Swampert
|-resisted|p1a: Swampert|1
|-damage|p1a: Swampert|27/100
|move|p1b: Archaludon|Electro Shot||[still]
|-prepare|p1b: Archaludon|Electro Shot
|-boost|p1b: Archaludon|spa|1
|-anim|p1b: Archaludon|Electro Shot|p2b: Metagross
|-damage|p2b: Metagross|0 fnt
|faint|p2b: Metagross
|
|-weather|RainDance|[upkeep]
|upkeep
|turn|8
|
|t:|1782648645
|move|p1a: Swampert|Protect|p1a: Swampert
|-singleturn|p1a: Swampert|Protect
|move|p1b: Archaludon|Protect|p1b: Archaludon
|-singleturn|p1b: Archaludon|Protect
|move|p2a: Cofagrigus|Destiny Bond|p2a: Cofagrigus
|-singlemove|p2a: Cofagrigus|Destiny Bond
|
|-weather|none
|-sideend|p1: Awammy|Reflect
|upkeep
|turn|9
|
|t:|1782648655
|move|p1a: Swampert|Wave Crash|p2a: Cofagrigus
|-damage|p2a: Cofagrigus|0 fnt
|-activate|p2a: Cofagrigus|ability: Mummy|p1a: Swampert|[ability] Swift Swim
|faint|p2a: Cofagrigus
|-activate|p2a: Cofagrigus|move: Destiny Bond
|faint|p1a: Swampert
|
|win|Awammy
|raw|Awammy's rating: 1076 → 1100(+24 for winning)
|raw|PROTROLLAX's rating: 1020 → 1009(-11 for losing)
