|j|â˜†gfdgffg
|j|â˜†DhelmiseEnthusiast
|html|gfdgffgDhelmiseEnthusiast    
|uhtml|bestof|Game 1 of a best-of-3
|t:|1786136180
|gametype|doubles
|player|p1|gfdgffg|170|1000
|player|p2|DhelmiseEnthusiast|1|1000
|gen|9
|tier|[Gen 9 Champions] VGC 2026 Reg M-B (Bo3)
|rated|
|rule|Species Clause: Limit one of each PokÃ©mon
|rule|Item Clause: Limit 1 of each item
|clearpoke
|poke|p1|Crabominable, L50, F, shiny|
|poke|p1|Farigiraf, L50, M, shiny|
|poke|p1|Reuniclus, L50, F|
|poke|p1|Golurk, L50|
|poke|p1|Primarina, L50, M|
|poke|p1|Sinistcha, L50|
|poke|p2|Grimmsnarl, L50, M|
|poke|p2|Swampert, L50, M|
|poke|p2|Pelipper, L50, F|
|poke|p2|Archaludon, L50, M|
|poke|p2|Sinistcha, L50|
|poke|p2|Floette-Eternal, L50, F|
|teampreview|4
|showteam|p1|Crabominable||Crabominite|IronFist|IceHammer,ThunderPunch,MachPunch,Protect|Brave||F|||50|]Farigiraf||SitrusBerry|ArmorTail|TrickRoom,DazzlingGleam,HelpingHand,Protect|Sassy||M|||50|]Reuniclus||Leftovers|Regenerator|TrickRoom,PsychicNoise,LightScreen,Reflect|Relaxed||F|||50|]Golurk||Golurkite|IronFist|DrainPunch,HeadlongRush,Protect,PhantomForce|Brave|||||50|]Primarina||FairyFeather|LiquidVoice|HyperVoice,DazzlingGleam,Moonblast,Protect|Quiet||M|||50|]Sinistcha||FocusSash|Hospitality|MatchaGotcha,RagePowder,Protect,TrickRoom|Relaxed|||||50|
|showteam|p2|Grimmsnarl||LightClay|Prankster|SpiritBreak,PartingShot,Reflect,LightScreen|Careful||M|||50|]Swampert||Swampertite|Damp|WaveCrash,Earthquake,IcePunch,Protect|Adamant||M|||50|]Pelipper||SitrusBerry|Drizzle|WeatherBall,Hurricane,Tailwind,WideGuard|Modest||F|||50|]Archaludon||Leftovers|Stamina|ElectroShot,DragonPulse,FlashCannon,Protect|Modest||M|||50|]Sinistcha||ColburBerry|Hospitality|MatchaGotcha,RagePowder,LifeDew,Protect|Bold|||||50|]Floette-Eternal||Floettite|FlowerVeil|DazzlingGleam,Moonblast,CalmMind,Protect|Modest||F|||50|
|inactive|Battle timer is ON: inactive players will automatically lose when time's up. (requested by DhelmiseEnthusiast)
|inactive|gfdgffg has 60 seconds left.
|inactive|DhelmiseEnthusiast has 60 seconds left.
|inactiveoff|Battle timer is now OFF.
|inactive|Battle timer is ON: inactive players will automatically lose when time's up. (requested by gfdgffg)
|
|t:|1786136250
|teamsize|p1|4
|teamsize|p2|4
|start
|switch|p1a: Reuniclus|Reuniclus, L50, F|100/100
|switch|p1b: Sinistcha|Sinistcha, L50|100/100
|switch|p2a: Floette|Floette-Eternal, L50, F|100/100
|switch|p2b: Sinistcha|Sinistcha, L50|100/100
|turn|1
|j| abgesaftet
|inactive|DhelmiseEnthusiast has 30 seconds left.
|inactive|DhelmiseEnthusiast has 20 seconds left.
|
|t:|1786136288
|detailschange|p2a: Floette|Floette-Mega, L50, F
|-mega|p2a: Floette|Floette|Floettite
|-ability|p2a: Floette|Fairy Aura
|move|p1b: Sinistcha|Rage Powder|p1b: Sinistcha
|-singleturn|p1b: Sinistcha|move: Rage Powder
|move|p2a: Floette|Moonblast|p1b: Sinistcha
|-damage|p1b: Sinistcha|28/100
|move|p2b: Sinistcha|Matcha Gotcha|p1a: Reuniclus|[spread] p1a,p1b
|-resisted|p1b: Sinistcha|1
|-damage|p1a: Reuniclus|82/100
|-damage|p1b: Sinistcha|17/100
|-status|p1a: Reuniclus|brn
|-status|p1b: Sinistcha|brn
|move|p1a: Reuniclus|Trick Room|p1a: Reuniclus
|-fieldstart|move: Trick Room|[of] p1a: Reuniclus
|
|-heal|p1a: Reuniclus|88/100 brn|[from] item: Leftovers
|-damage|p1a: Reuniclus|82/100 brn|[from] brn
|-damage|p1b: Sinistcha|11/100 brn|[from] brn
|upkeep
|turn|2
|inactive|gfdgffg has 30 seconds left.
|inactive|DhelmiseEnthusiast has 30 seconds left.
|inactive|DhelmiseEnthusiast has 20 seconds left.
|inactive|gfdgffg has 20 seconds left.
|inactive|DhelmiseEnthusiast has 15 seconds left.
|inactive|gfdgffg has 15 seconds left.
|inactive|gfdgffg has 10 seconds left.
|
|t:|1786136341
|switch|p1b: Golurk|Golurk, L50|100/100
|move|p2b: Sinistcha|Rage Powder|p2b: Sinistcha
|-singleturn|p2b: Sinistcha|move: Rage Powder
|move|p1a: Reuniclus|Light Screen|p1a: Reuniclus
|-sidestart|p1: gfdgffg|move: Light Screen
|move|p2a: Floette|Dazzling Gleam|p1a: Reuniclus|[spread] p1a,p1b
|-damage|p1a: Reuniclus|57/100 brn
|-damage|p1b: Golurk|64/100
|
|-heal|p1a: Reuniclus|63/100 brn|[from] item: Leftovers
|-damage|p1a: Reuniclus|57/100 brn|[from] brn
|upkeep
|turn|3
|inactive|DhelmiseEnthusiast has 30 seconds left.
|
|t:|1786136372
|-heal|p1a: Reuniclus|90/100 brn|[from] ability: Regenerator|[silent]
|switch|p1a: Primarina|Primarina, L50, M|100/100
|detailschange|p1b: Golurk|Golurk-Mega, L50
|-mega|p1b: Golurk|Golurk|Golurkite
|move|p2b: Sinistcha|Rage Powder|p2b: Sinistcha
|-singleturn|p2b: Sinistcha|move: Rage Powder
|move|p1b: Golurk|Phantom Force||[still]
|-prepare|p1b: Golurk|Phantom Force
|move|p2a: Floette|Moonblast|p1b: Golurk|[miss]
|-miss|p2a: Floette|p1b: Golurk
|
|upkeep
|turn|4
|inactive|DhelmiseEnthusiast has 30 seconds left.
|inactive|gfdgffg has 30 seconds left.
|inactive|DhelmiseEnthusiast has 20 seconds left.
|inactive|DhelmiseEnthusiast has 15 seconds left.
|
|t:|1786136414
|switch|p1a: Reuniclus|Reuniclus, L50, F|90/100 brn
|move|p2b: Sinistcha|Rage Powder|p2b: Sinistcha
|-singleturn|p2b: Sinistcha|move: Rage Powder
|move|p1b: Golurk|Phantom Force|p2b: Sinistcha|[from] lockedmove
|-supereffective|p2b: Sinistcha|1
|-crit|p2b: Sinistcha
|-damage|p2b: Sinistcha|0 fnt
|faint|p2b: Sinistcha
|move|p2a: Floette|Moonblast|p1b: Golurk
|-damage|p1b: Golurk|23/100
|
|-heal|p1a: Reuniclus|96/100 brn|[from] item: Leftovers
|-damage|p1a: Reuniclus|90/100 brn|[from] brn
|upkeep
|
|t:|1786136424
|switch|p2b: Pelipper|Pelipper, L50, F|100/100
|-weather|RainDance|[from] ability: Drizzle|[of] p2b: Pelipper
|turn|5
|inactive|gfdgffg has 30 seconds left.
|
|t:|1786136454
|move|p1a: Reuniclus|Psychic Noise|p2a: Floette
|-damage|p2a: Floette|73/100
|-start|p2a: Floette|move: Heal Block
|move|p1b: Golurk|Headlong Rush|p2a: Floette
|-damage|p2a: Floette|0 fnt
|-unboost|p1b: Golurk|def|1
|-unboost|p1b: Golurk|spd|1
|faint|p2a: Floette
|move|p2b: Pelipper|Hurricane|p1a: Reuniclus
|-damage|p1a: Reuniclus|68/100 brn
|
|-weather|RainDance|[upkeep]
|-heal|p1a: Reuniclus|74/100 brn|[from] item: Leftovers
|-damage|p1a: Reuniclus|68/100 brn|[from] brn
|-fieldend|move: Trick Room
|upkeep
|
|t:|1786136462
|switch|p2a: Archaludon|Archaludon, L50, M|100/100
|turn|6
|
|t:|1786136478
|move|p1b: Golurk|Protect|p1b: Golurk
|-singleturn|p1b: Golurk|Protect
|move|p2a: Archaludon|Electro Shot||[still]
|-prepare|p2a: Archaludon|Electro Shot
|-boost|p2a: Archaludon|spa|1
|-anim|p2a: Archaludon|Electro Shot|p1a: Reuniclus
|-damage|p1a: Reuniclus|37/100 brn
|move|p2b: Pelipper|Weather Ball|p1b: Golurk
|-activate|p1b: Golurk|move: Protect
|move|p1a: Reuniclus|Trick Room|p1a: Reuniclus
|-fieldstart|move: Trick Room|[of] p1a: Reuniclus
|
|-weather|RainDance|[upkeep]
|-heal|p1a: Reuniclus|43/100 brn|[from] item: Leftovers
|-damage|p1a: Reuniclus|37/100 brn|[from] brn
|-sideend|p1: gfdgffg|move: Light Screen
|upkeep
|turn|7
|
|t:|1786136495
|-heal|p1a: Reuniclus|70/100 brn|[from] ability: Regenerator|[silent]
|switch|p1a: Sinistcha|Sinistcha, L50|11/100 brn
|-heal|p1b: Golurk|48/100|[from] ability: Hospitality|[of] p1a: Sinistcha
|move|p2a: Archaludon|Protect|p2a: Archaludon
|-singleturn|p2a: Archaludon|Protect
|move|p1b: Golurk|Headlong Rush|p2a: Archaludon
|-supereffective|p2a: Archaludon|1
|-ability|p1b: Golurk|Unseen Fist
|-zbroken|p2a: Archaludon
|-damage|p2a: Archaludon|69/100
|-unboost|p1b: Golurk|def|1
|-unboost|p1b: Golurk|spd|1
|-ability|p2a: Archaludon|Stamina|boost
|-boost|p2a: Archaludon|def|1
|move|p2b: Pelipper|Weather Ball|p1b: Golurk
|-supereffective|p1b: Golurk|1
|-damage|p1b: Golurk|0 fnt
|faint|p1b: Golurk
|
|-weather|RainDance|[upkeep]
|-heal|p2a: Archaludon|75/100|[from] item: Leftovers
|-damage|p1a: Sinistcha|5/100 brn|[from] brn
|upkeep
|
|t:|1786136515
|switch|p1b: Reuniclus|Reuniclus, L50, F|70/100 brn
|turn|8
|
|t:|1786136527
|switch|p1a: Primarina|Primarina, L50, M|100/100
|move|p1b: Reuniclus|Light Screen|p1b: Reuniclus
|-sidestart|p1: gfdgffg|move: Light Screen
|move|p2b: Pelipper|Hurricane|p1b: Reuniclus
|-damage|p1b: Reuniclus|47/100 brn
|-start|p1b: Reuniclus|confusion
|move|p2a: Archaludon|Electro Shot||[still]
|-prepare|p2a: Archaludon|Electro Shot
|-boost|p2a: Archaludon|spa|1
|-anim|p2a: Archaludon|Electro Shot|p1b: Reuniclus
|-damage|p1b: Reuniclus|5/100 brn
|
|-weather|RainDance|[upkeep]
|-heal|p1b: Reuniclus|11/100 brn|[from] item: Leftovers
|-heal|p2a: Archaludon|81/100|[from] item: Leftovers
|-damage|p1b: Reuniclus|5/100 brn|[from] brn
|upkeep
|turn|9
|
|t:|1786136549
|-heal|p1b: Reuniclus|38/100 brn|[from] ability: Regenerator|[silent]
|switch|p1b: Sinistcha|Sinistcha, L50|5/100 brn
|move|p1a: Primarina|Moonblast|p2a: Archaludon
|-damage|p2a: Archaludon|26/100
|-ability|p2a: Archaludon|Stamina|boost
|-boost|p2a: Archaludon|def|1
|move|p2b: Pelipper|Weather Ball|p1b: Sinistcha
|-resisted|p1b: Sinistcha|1
|-crit|p1b: Sinistcha
|-damage|p1b: Sinistcha|0 fnt
|faint|p1b: Sinistcha
|move|p2a: Archaludon|Electro Shot||[still]
|-prepare|p2a: Archaludon|Electro Shot
|-boost|p2a: Archaludon|spa|1
|-anim|p2a: Archaludon|Electro Shot|p1a: Primarina
|-supereffective|p1a: Primarina|1
|-damage|p1a: Primarina|0 fnt
|faint|p1a: Primarina
|
|-weather|none
|-heal|p2a: Archaludon|32/100|[from] item: Leftovers
|upkeep
|l|â˜†gfdgffg
|inactive|gfdgffg disconnected and has a minute to reconnect!
|player|p1|
|inactive|gfdgffg has 30 seconds left.
|inactive|gfdgffg has 20 seconds left.
|inactive|gfdgffg has 15 seconds left.
|inactive|gfdgffg has 10 seconds left.
|inactive|gfdgffg has 5 seconds left.
|-message|gfdgffg lost due to inactivity.
|
|win|DhelmiseEnthusiast
