|j|☆r4ka
|j|☆Koke_915
|html|r4kaKoke_915    
|uhtml|bestof|Game 2 of a best-of-3
|t:|1756662049
|gametype|doubles
|player|p1|r4ka|1|1090
|player|p2|Koke_915|iris|1170
|gen|9
|tier|[Gen 9] VGC 2025 Reg H (Bo3)
|rated|
|rule|Species Clause: Limit one of each Pokémon
|rule|Item Clause: Limit 1 of each item
|clearpoke
|poke|p1|Rillaboom, L50, F|
|poke|p1|Dragonite, L50, F|
|poke|p1|Sneasler, L50, F|
|poke|p1|Kingambit, L50, M|
|poke|p1|Electabuzz, L50, M|
|poke|p1|Volcarona, L50, M|
|poke|p2|Kingambit, L50, M|
|poke|p2|Ursaluna-Bloodmoon, L50, M|
|poke|p2|Incineroar, L50, F|
|poke|p2|Dragonite, L50, F|
|poke|p2|Primarina, L50, M|
|poke|p2|Ninetales-Alola, L50, F|
|teampreview|4
|showteam|p1|Rillaboom||AssaultVest|GrassySurge|FakeOut,HighHorsepower,WoodHammer,GrassyGlide|||F|||50|,,,,,Fire]Dragonite||LoadedDice|Multiscale|ExtremeSpeed,ScaleShot,Protect,Haze|||F|||50|,,,,,Steel]Sneasler||FocusSash|PoisonTouch|DireClaw,CloseCombat,FakeOut,Coaching|||F|||50|,,,,,Stellar]Kingambit||BlackGlasses|Defiant|KowtowCleave,SuckerPunch,SwordsDance,Protect|||M|||50|,,,,,Dark]Electabuzz||Eviolite|VitalSpirit|Thunderbolt,Taunt,Protect,FollowMe|||M|||50|,,,,,Ghost]Volcarona||Leftovers|FlameBody|HeatWave,TeraBlast,QuiverDance,Protect|||M|||50|,,,,,Fairy
|showteam|p2|Kingambit||SafetyGoggles|Defiant|KowtowCleave,IronHead,SuckerPunch,SwordsDance|||M|||50|,,,,,Fire]Ursaluna-Bloodmoon||LifeOrb|MindsEye|BloodMoon,HyperVoice,EarthPower,Protect|||M|||50|,,,,,Normal]Incineroar||RockyHelmet|Intimidate|FakeOut,FlareBlitz,KnockOff,PartingShot|||F|||50|,,,,,Ghost]Dragonite||LoadedDice|Multiscale|Tailwind,ScaleShot,Protect,Haze|||F|||50|,,,,,Fairy]Primarina||ThroatSpray|LiquidVoice|HyperVoice,PerishSong,Moonblast,Protect|||M|||50|,,,,,Poison]Ninetales-Alola||LightClay|SnowCloak|IcyWind,AuroraVeil,FreezeDry,Encore|||F|||50|,,,,,Ghost
|
|t:|1756662066
|teamsize|p1|4
|teamsize|p2|4
|start
|switch|p1a: Rillaboom|Rillaboom, L50, F|100/100
|switch|p1b: Volcarona|Volcarona, L50, M|100/100
|switch|p2a: Incineroar|Incineroar, L50, F|100/100
|switch|p2b: Kingambit|Kingambit, L50, M|100/100
|-fieldstart|move: Grassy Terrain|[from] ability: Grassy Surge|[of] p1a: Rillaboom
|-ability|p2a: Incineroar|Intimidate|boost
|-unboost|p1a: Rillaboom|atk|1
|-unboost|p1b: Volcarona|atk|1
|turn|1
|
|t:|1756662105
|move|p1a: Rillaboom|Fake Out|p2b: Kingambit
|-resisted|p2b: Kingambit
|-crit|p2b: Kingambit
|-damage|p2b: Kingambit|94/100
|move|p1b: Volcarona|Quiver Dance|p1b: Volcarona
|-boost|p1b: Volcarona|spa|1
|-boost|p1b: Volcarona|spd|1
|-boost|p1b: Volcarona|spe|1
|move|p2a: Incineroar|Flare Blitz|p1a: Rillaboom
|-supereffective|p1a: Rillaboom
|-damage|p1a: Rillaboom|5/100
|-damage|p2a: Incineroar|68/100|[from] Recoil
|cant|p2b: Kingambit|flinch
|
|-heal|p1a: Rillaboom|11/100|[from] Grassy Terrain
|-heal|p2a: Incineroar|74/100|[from] Grassy Terrain
|-heal|p2b: Kingambit|99/100|[from] Grassy Terrain
|upkeep
|turn|2
|
|t:|1756662139
|-terastallize|p2b: Kingambit|Fire
|move|p1a: Rillaboom|Fake Out||[still]
|-hint|Fake Out only works on your first turn out.
|-fail|p1a: Rillaboom
|move|p1b: Volcarona|Heat Wave|p2b: Kingambit|[spread] p2a,p2b
|-resisted|p2a: Incineroar
|-resisted|p2b: Kingambit
|-damage|p2a: Incineroar|55/100
|-damage|p2b: Kingambit|76/100
|move|p2a: Incineroar|Knock Off|p1b: Volcarona
|-crit|p1b: Volcarona
|-damage|p1b: Volcarona|33/100
|-enditem|p1b: Volcarona|Leftovers|[from] move: Knock Off|[of] p2a: Incineroar
|move|p2b: Kingambit|Swords Dance|p2b: Kingambit
|-boost|p2b: Kingambit|atk|2
|
|-heal|p1b: Volcarona|40/100|[from] Grassy Terrain
|-heal|p1a: Rillaboom|17/100|[from] Grassy Terrain
|-heal|p2a: Incineroar|61/100|[from] Grassy Terrain
|-heal|p2b: Kingambit|82/100|[from] Grassy Terrain
|upkeep
|turn|3
|
|t:|1756662164
|switch|p1a: Dragonite|Dragonite, L50, F, shiny|100/100
|move|p2b: Kingambit|Sucker Punch|p1b: Volcarona
|-damage|p1b: Volcarona|0 fnt
|faint|p1b: Volcarona
|move|p2a: Incineroar|Knock Off|p1a: Dragonite
|-damage|p1a: Dragonite|80/100
|-enditem|p1a: Dragonite|Loaded Dice|[from] move: Knock Off|[of] p2a: Incineroar
|
|-heal|p2a: Incineroar|67/100|[from] Grassy Terrain
|-heal|p2b: Kingambit|88/100|[from] Grassy Terrain
|upkeep
|
|t:|1756662174
|switch|p1b: Sneasler|Sneasler, L50, F|100/100
|turn|4
|
|t:|1756662188
|move|p1b: Sneasler|Fake Out|p2b: Kingambit
|-crit|p2b: Kingambit
|-damage|p2b: Kingambit|73/100
|move|p1a: Dragonite|Scale Shot|p2a: Incineroar
|-damage|p2a: Incineroar|53/100
|-damage|p2a: Incineroar|41/100
|-damage|p2a: Incineroar|27/100
|-damage|p2a: Incineroar|14/100
|-hitcount|p2a: Incineroar|4
|-unboost|p1a: Dragonite|def|1
|-boost|p1a: Dragonite|spe|1
|move|p2a: Incineroar|Knock Off|p1b: Sneasler
|-resisted|p1b: Sneasler
|-damage|p1b: Sneasler|73/100
|-enditem|p1b: Sneasler|Focus Sash|[from] move: Knock Off|[of] p2a: Incineroar
|cant|p2b: Kingambit|flinch
|
|-heal|p1b: Sneasler|79/100|[from] Grassy Terrain
|-heal|p2a: Incineroar|20/100|[from] Grassy Terrain
|-heal|p2b: Kingambit|79/100|[from] Grassy Terrain
|upkeep
|turn|5
|
|t:|1756662215
|switch|p2a: Dragonite|Dragonite, L50, F|100/100
|move|p1a: Dragonite|Protect|p1a: Dragonite
|-singleturn|p1a: Dragonite|Protect
|move|p1b: Sneasler|Coaching|p1a: Dragonite
|-boost|p1a: Dragonite|atk|1
|-boost|p1a: Dragonite|def|1
|move|p2b: Kingambit|Iron Head|p1b: Sneasler
|-damage|p1b: Sneasler|0 fnt
|faint|p1b: Sneasler
|
|-heal|p2b: Kingambit|85/100|[from] Grassy Terrain
|-fieldend|move: Grassy Terrain
|upkeep
|
|t:|1756662227
|switch|p1b: Rillaboom|Rillaboom, L50, F|17/100
|-fieldstart|move: Grassy Terrain|[from] ability: Grassy Surge|[of] p1b: Rillaboom
|turn|6
|
|t:|1756662245
|move|p1a: Dragonite|Scale Shot|p2a: Dragonite
|-supereffective|p2a: Dragonite
|-damage|p2a: Dragonite|77/100
|-supereffective|p2a: Dragonite
|-damage|p2a: Dragonite|29/100
|-supereffective|p2a: Dragonite
|-damage|p2a: Dragonite|0 fnt
|faint|p2a: Dragonite
|-hitcount|p2: Dragonite|3
|-unboost|p1a: Dragonite|def|1
|-boost|p1a: Dragonite|spe|1
|move|p1b: Rillaboom|High Horsepower|p2b: Kingambit
|-supereffective|p2b: Kingambit
|-damage|p2b: Kingambit|36/100
|move|p2b: Kingambit|Kowtow Cleave|p1a: Dragonite
|-damage|p1a: Dragonite|0 fnt
|faint|p1a: Dragonite
|
|-heal|p1b: Rillaboom|23/100|[from] Grassy Terrain
|-heal|p2b: Kingambit|42/100|[from] Grassy Terrain
|upkeep
|
|t:|1756662262
|switch|p2a: Incineroar|Incineroar, L50, F|20/100
|-ability|p2a: Incineroar|Intimidate|boost
|-unboost|p1b: Rillaboom|atk|1
|turn|7
|
|t:|1756662268
|-terastallize|p1b: Rillaboom|Fire
|move|p2a: Incineroar|Fake Out|p1b: Rillaboom
|-damage|p1b: Rillaboom|13/100
|cant|p1b: Rillaboom|flinch
|move|p2b: Kingambit|Iron Head|p1b: Rillaboom
|-resisted|p1b: Rillaboom
|-damage|p1b: Rillaboom|0 fnt
|faint|p1b: Rillaboom
|
|win|Koke_915
||r4ka is ready for game 3.
|inactive|Koke_915 has 30 seconds to confirm battle start!
||Koke_915 is ready for game 3.
|uhtml|next|Next: Game 3 of 3
