|j|☆acmilanvgc
|j|☆Arkhamhood17
|html|acmilanvgcArkhamhood17    
|uhtml|bestof|Game 1 of a best-of-3
|t:|1782355009
|gametype|doubles
|player|p1|acmilanvgc|misty|1029
|player|p2|Arkhamhood17|101|1016
|gen|9
|tier|[Gen 9 Champions] VGC 2026 Reg M-B (Bo3)
|rated|
|rule|Species Clause: Limit one of each Pokémon
|rule|Item Clause: Limit 1 of each item
|clearpoke
|poke|p1|Sinistcha, L50|
|poke|p1|Charizard, L50, M, shiny|
|poke|p1|Sneasler, L50, M, shiny|
|poke|p1|Floette-Eternal, L50, F|
|poke|p1|Whimsicott, L50, M|
|poke|p1|Kingambit, L50, F, shiny|
|poke|p2|Lopunny, L50, F|
|poke|p2|Aerodactyl, L50, M|
|poke|p2|Salazzle, L50, F|
|poke|p2|Sinistcha-Masterpiece, L50, shiny|
|poke|p2|Alcremie-Ruby-Swirl, L50, F|
|poke|p2|Altaria, L50, M|
|teampreview|4
|showteam|p1|Sinistcha||Leftovers|Hospitality|MatchaGotcha,TrickRoom,Protect,RagePowder|Bold|||||50|]Charizard||CharizarditeY|SolarPower|HeatWave,SolarBeam,WeatherBall,Protect|Timid||M|||50|]Sneasler||WhiteHerb|Unburden|DireClaw,CloseCombat,Protect,FakeOut|Jolly||M|||50|]Floette-Eternal||Floettite|FlowerVeil|Moonblast,DazzlingGleam,LightofRuin,Protect|Modest||F|||50|]Whimsicott||FocusSash|Prankster|Moonblast,Tailwind,Encore,Protect|Modest||M|||50|]Kingambit||BlackGlasses|Defiant|KowtowCleave,SuckerPunch,SwordsDance,Protect|Adamant||F|||50|
|showteam|p2|Lopunny||Lopunnite|CuteCharm|FakeOut,CloseCombat,Uturn,Protect|Jolly||F|||50|]Aerodactyl||Aerodactylite|RockHead|IronTail,RockSlide,WideGuard,Taunt|Jolly||M|||50|]Salazzle||FocusSash|Corrosion|FakeOut,HeatWave,Toxic,WillOWisp|Timid||F|||50|]Sinistcha-Masterpiece||Leftovers|Hospitality|MatchaGotcha,StrengthSap,RagePowder,LifeDew|Bold|||||50|]Alcremie-Ruby-Swirl||SitrusBerry|AromaVeil|AcidArmor,DrainingKiss,MysticalFire,CalmMind|Modest||F|||50|]Altaria||ChoiceScarf|CloudNine|DracoMeteor,BraveBird,BreakingSwipe,Earthquake|Hasty||M|||50|
|inactive|Battle timer is ON: inactive players will automatically lose when time's up. (requested by acmilanvgc)
|inactive|acmilanvgc has 60 seconds left.
|inactive|Arkhamhood17 has 60 seconds left.
|
|t:|1782355067
|teamsize|p1|4
|teamsize|p2|4
|start
|switch|p1a: Whimsicott|Whimsicott, L50, M|100/100
|switch|p1b: Floette|Floette-Eternal, L50, F|100/100
|switch|p2a: Salazzle|Salazzle, L50, F|100/100
|switch|p2b: Alcremie|Alcremie-Ruby-Swirl, L50, F|100/100
|turn|1
|
|t:|1782355088
|switch|p1b: Kingambit|Kingambit, L50, F, shiny|100/100
|move|p2a: Salazzle|Fake Out|p1a: Whimsicott
|-damage|p1a: Whimsicott|91/100
|cant|p1a: Whimsicott|flinch
|move|p2b: Alcremie|Calm Mind|p2b: Alcremie
|-boost|p2b: Alcremie|spa|1
|-boost|p2b: Alcremie|spd|1
|
|upkeep
|turn|2
|inactive|acmilanvgc has 30 seconds left.
|
|t:|1782355117
|move|p1a: Whimsicott|Encore|p2b: Alcremie
|-block|p2b: Alcremie|ability: Aroma Veil|[of] p2b: Alcremie
|move|p2a: Salazzle|Will-O-Wisp|p1b: Kingambit|[miss]
|-miss|p2a: Salazzle|p1b: Kingambit
|move|p2b: Alcremie|Acid Armor|p2b: Alcremie
|-boost|p2b: Alcremie|def|2
|move|p1b: Kingambit|Swords Dance|p1b: Kingambit
|-boost|p1b: Kingambit|atk|2
|
|upkeep
|turn|3
|inactive|acmilanvgc has 30 seconds left.
|
|t:|1782355147
|move|p1b: Kingambit|Protect|p1b: Kingambit
|-singleturn|p1b: Kingambit|Protect
|move|p1a: Whimsicott|Tailwind|p1a: Whimsicott
|-sidestart|p1: acmilanvgc|move: Tailwind
|move|p2a: Salazzle|Heat Wave|p1a: Whimsicott|[spread] p1a
|-activate|p1b: Kingambit|move: Protect
|-supereffective|p1a: Whimsicott|1
|-damage|p1a: Whimsicott|3/100
|move|p2b: Alcremie|Mystical Fire|p1b: Kingambit
|-activate|p1b: Kingambit|move: Protect
|
|upkeep
|turn|4
|
|t:|1782355164
|move|p1a: Whimsicott|Moonblast|p2a: Salazzle
|-resisted|p2a: Salazzle|2
|-damage|p2a: Salazzle|86/100
|move|p2a: Salazzle|Will-O-Wisp|p1b: Kingambit
|-status|p1b: Kingambit|brn
|move|p1b: Kingambit|Kowtow Cleave|p2a: Salazzle
|-damage|p2a: Salazzle|0 fnt
|faint|p2a: Salazzle
|move|p2b: Alcremie|Mystical Fire|p1b: Kingambit
|-supereffective|p1b: Kingambit|1
|-damage|p1b: Kingambit|42/100 brn
|-unboost|p1b: Kingambit|spa|1
|-ability|p1b: Kingambit|Defiant|boost
|-boost|p1b: Kingambit|atk|2
|
|-damage|p1b: Kingambit|36/100 brn|[from] brn
|upkeep
|
|t:|1782355180
|switch|p2a: Altaria|Altaria, L50, M|100/100
|-ability|p2a: Altaria|Cloud Nine
|turn|5
|
|t:|1782355194
|switch|p2a: Aerodactyl|Aerodactyl, L50, M|100/100
|move|p1b: Kingambit|Sucker Punch|p2b: Alcremie
|-resisted|p2b: Alcremie|1
|-damage|p2b: Alcremie|75/100
|move|p1a: Whimsicott|Moonblast|p2a: Aerodactyl
|-damage|p2a: Aerodactyl|46/100
|move|p2b: Alcremie|Mystical Fire|p1b: Kingambit
|-supereffective|p1b: Kingambit|1
|-damage|p1b: Kingambit|0 fnt
|faint|p1b: Kingambit
|
|upkeep
|
|t:|1782355202
|switch|p1b: Sneasler|Sneasler, L50, M, shiny|100/100
|turn|6
|
|t:|1782355219
|switch|p2a: Altaria|Altaria, L50, M|100/100
|-ability|p2a: Altaria|Cloud Nine
|move|p1b: Sneasler|Dire Claw|p2b: Alcremie
|-supereffective|p2b: Alcremie|1
|-damage|p2b: Alcremie|23/100
|-enditem|p2b: Alcremie|Sitrus Berry|[eat]
|-heal|p2b: Alcremie|48/100|[from] item: Sitrus Berry
|move|p1a: Whimsicott|Moonblast|p2a: Altaria
|-supereffective|p2a: Altaria|1
|-damage|p2a: Altaria|6/100
|-unboost|p2a: Altaria|spa|1
|move|p2b: Alcremie|Draining Kiss|p1b: Sneasler
|-damage|p1b: Sneasler|57/100
|-heal|p2b: Alcremie|77/100|[from] drain|[of] p1b: Sneasler
|
|-sideend|p1: acmilanvgc|move: Tailwind
|upkeep
|turn|7
|inactive|acmilanvgc has 30 seconds left.
|
|t:|1782355245
|move|p2a: Altaria|Breaking Swipe|p1a: Whimsicott|[spread] p1b
|-immune|p1a: Whimsicott
|-damage|p1b: Sneasler|32/100
|-unboost|p1b: Sneasler|atk|1
|-enditem|p1b: Sneasler|White Herb
|-clearnegativeboost|p1b: Sneasler|[silent]
|move|p1b: Sneasler|Dire Claw|p2b: Alcremie
|-supereffective|p2b: Alcremie|1
|-damage|p2b: Alcremie|18/100
|move|p1a: Whimsicott|Moonblast|p2a: Altaria
|-supereffective|p2a: Altaria|1
|-damage|p2a: Altaria|0 fnt
|faint|p2a: Altaria
|move|p2b: Alcremie|Draining Kiss|p1b: Sneasler
|-damage|p1b: Sneasler|0 fnt
|-heal|p2b: Alcremie|40/100|[from] drain|[of] p1b: Sneasler
|faint|p1b: Sneasler
|
|upkeep
|
|t:|1782355257
|switch|p1b: Floette|Floette-Eternal, L50, F|100/100
|switch|p2a: Aerodactyl|Aerodactyl, L50, M|46/100
|turn|8
|
|t:|1782355274
|detailschange|p2a: Aerodactyl|Aerodactyl-Mega, L50, M
|-mega|p2a: Aerodactyl|Aerodactyl|Aerodactylite
|detailschange|p1b: Floette|Floette-Mega, L50, F
|-mega|p1b: Floette|Floette|Floettite
|-ability|p1b: Floette|Fairy Aura
|move|p1a: Whimsicott|Tailwind|p1a: Whimsicott
|-sidestart|p1: acmilanvgc|move: Tailwind
|move|p1b: Floette|Dazzling Gleam|p2a: Aerodactyl|[spread] p2a,p2b
|-damage|p2a: Aerodactyl|0 fnt
|-damage|p2b: Alcremie|15/100
|faint|p2a: Aerodactyl
|move|p2b: Alcremie|Calm Mind|p2b: Alcremie
|-boost|p2b: Alcremie|spa|1
|-boost|p2b: Alcremie|spd|1
|
|upkeep
|turn|9
|
|t:|1782355288
|move|p1a: Whimsicott|Moonblast|p2b: Alcremie
|-crit|p2b: Alcremie
|-damage|p2b: Alcremie|0 fnt
|faint|p2b: Alcremie
|
|win|acmilanvgc
||acmilanvgc is ready for game 2.
||Arkhamhood17 is ready for game 2.
|uhtml|next|Next: Game 2 of 3
