|j|☆Kuei0202
|j|☆Dough0418
|html|Kuei0202Dough0418    
|uhtml|bestof|Game 2 of a best-of-3
|t:|1785675883
|gametype|doubles
|player|p1|Kuei0202|swimmerf-gen4dp|
|player|p2|Dough0418|cilan|
|gen|9
|tier|[Gen 9 Champions] VGC 2026 Reg M-B (Bo3)
|rule|Species Clause: Limit one of each Pokémon
|rule|Item Clause: Limit 1 of each item
|clearpoke
|poke|p1|Swampert, L50, F|
|poke|p1|Pelipper, L50, F|
|poke|p1|Archaludon, L50, F|
|poke|p1|Sinistcha, L50|
|poke|p1|Grimmsnarl, L50, M|
|poke|p1|Mawile, L50, F|
|poke|p2|Gengar, L50, F, shiny|
|poke|p2|Incineroar, L50, F, shiny|
|poke|p2|Annihilape, L50, F, shiny|
|poke|p2|Tinkaton, L50, F, shiny|
|poke|p2|Kingambit, L50, F, shiny|
|poke|p2|Altaria, L50, F, shiny|
|teampreview|4
|showteam|p1|Swampert||Swampertite|Damp|WaveCrash,Earthquake,IcePunch,Protect|Adamant||F|||50|]Pelipper||FocusSash|Drizzle|Hurricane,Tailwind,WeatherBall,Protect|Modest||F|||50|]Archaludon||Leftovers|Stamina|DragonPulse,FlashCannon,ElectroShot,Protect|Modest||F|||50|]Sinistcha||SitrusBerry|Hospitality|MatchaGotcha,RagePowder,TrickRoom,Protect|Bold|||||50|]Grimmsnarl||LightClay|Prankster|SpiritBreak,PartingShot,Reflect,LightScreen|Careful||M|||50|]Mawile||Mawilite|HyperCutter|PlayRough,SuckerPunch,SwordsDance,Protect|Brave||F|||50|
|showteam|p2|Gengar||Gengarite|CursedBody|ShadowBall,Disable,PerishSong,Protect|Timid||F|||50|]Incineroar||PasshoBerry|Intimidate|FakeOut,FlareBlitz,PartingShot,Protect|Impish||F|||50|]Annihilape||ChoiceScarf|Defiant|PhantomForce,DrainPunch,IcePunch,Uturn|Adamant||F|||50|]Tinkaton||SitrusBerry|MoldBreaker|FakeOut,GigatonHammer,Encore,Protect|Jolly||F|||50|]Kingambit||BlackGlasses|Defiant|KowtowCleave,SuckerPunch,SwordsDance,Protect|Adamant||F|||50|]Altaria||Leftovers|CloudNine|FireSpin,WillOWisp,PerishSong,Protect|Bold||F|||50|
|j| Aurorascepter
|j| Roselia Sayo
|j| Manimo_1126
|j| cornervgc486
|j| BenBen84
|j| 86test
|j| Unskilled99
|
|t:|1785675930
|teamsize|p1|4
|teamsize|p2|4
|start
|switch|p1a: Grimmsnarl|Grimmsnarl, L50, M|100/100
|switch|p1b: Swampert|Swampert, L50, F|100/100
|switch|p2a: Incineroar|Incineroar, L50, F, shiny|100/100
|switch|p2b: Gengar|Gengar, L50, F, shiny|100/100
|-ability|p2a: Incineroar|Intimidate|boost
|-unboost|p1a: Grimmsnarl|atk|1
|-unboost|p1b: Swampert|atk|1
|turn|1
|j| goodryan2630
|j| cubesugar
|
|t:|1785675964
|switch|p1b: Archaludon|Archaludon, L50, F|100/100
|detailschange|p2b: Gengar|Gengar-Mega, L50, F, shiny
|-mega|p2b: Gengar|Gengar|Gengarite
|move|p2a: Incineroar|Fake Out|p1b: Archaludon
|-resisted|p1b: Archaludon|1
|-damage|p1b: Archaludon|95/100
|-ability|p1b: Archaludon|Stamina|boost
|-boost|p1b: Archaludon|def|1
|move|p2b: Gengar|Perish Song|p2b: Gengar
|-start|p1a: Grimmsnarl|perish3|[silent]
|-start|p1b: Archaludon|perish3|[silent]
|-start|p2a: Incineroar|perish3|[silent]
|-start|p2b: Gengar|perish3|[silent]
|-fieldactivate|move: Perish Song
|move|p1a: Grimmsnarl|Spirit Break|p2b: Gengar
|-resisted|p2b: Gengar|1
|-damage|p2b: Gengar|89/100
|-unboost|p2b: Gengar|spa|1
|
|-heal|p1b: Archaludon|100/100|[from] item: Leftovers
|-start|p2b: Gengar|perish3
|-start|p1b: Archaludon|perish3
|-start|p1a: Grimmsnarl|perish3
|-start|p2a: Incineroar|perish3
|upkeep
|turn|2
|
|t:|1785675994
|switch|p2b: Altaria|Altaria, L50, F, shiny|100/100
|-ability|p2b: Altaria|Cloud Nine
|move|p1b: Archaludon|Electro Shot||[still]
|-prepare|p1b: Archaludon|Electro Shot
|-boost|p1b: Archaludon|spa|1
|move|p1a: Grimmsnarl|Spirit Break|p2a: Incineroar
|-damage|p2a: Incineroar|84/100
|-unboost|p2a: Incineroar|spa|1
|move|p2a: Incineroar|Parting Shot|p1b: Archaludon
|-unboost|p1b: Archaludon|atk|1
|-unboost|p1b: Archaludon|spa|1
|
|t:|1785676010
|switch|p2a: Gengar|Gengar-Mega, L50, F, shiny|89/100|[from] Parting Shot
|
|-start|p1b: Archaludon|perish2
|-start|p1a: Grimmsnarl|perish2
|upkeep
|turn|3
|j| Midoria100
|
|t:|1785676022
|move|p2a: Gengar|Protect|p2a: Gengar
|-singleturn|p2a: Gengar|Protect
|move|p2b: Altaria|Protect|p2b: Altaria
|-singleturn|p2b: Altaria|Protect
|move|p1a: Grimmsnarl|Parting Shot|p2a: Gengar
|-activate|p2a: Gengar|move: Protect
|move|p1b: Archaludon|Electro Shot|p2b: Altaria|[from] lockedmove
|-activate|p2b: Altaria|move: Protect
|
|-start|p1b: Archaludon|perish1
|-start|p1a: Grimmsnarl|perish1
|upkeep
|turn|4
|j| FongSC
|
|t:|1785676087
|switch|p2b: Incineroar|Incineroar, L50, F, shiny|84/100
|-ability|p2b: Incineroar|Intimidate|boost
|-unboost|p1a: Grimmsnarl|atk|1
|-unboost|p1b: Archaludon|atk|1
|move|p1a: Grimmsnarl|Parting Shot|p2a: Gengar
|-unboost|p2a: Gengar|atk|1
|-unboost|p2a: Gengar|spa|1
|
|t:|1785676097
|switch|p1a: Swampert|Swampert, L50, F|100/100|[from] Parting Shot
|move|p2a: Gengar|Shadow Ball|p1a: Swampert
|-damage|p1a: Swampert|67/100
|move|p1b: Archaludon|Dragon Pulse|p2a: Gengar
|-damage|p2a: Gengar|49/100
|
|-start|p1b: Archaludon|perish0
|upkeep
|faint|p1b: Archaludon
|
|t:|1785676109
|switch|p1b: Pelipper|Pelipper, L50, F|100/100
|-weather|RainDance|[from] ability: Drizzle|[of] p1b: Pelipper
|turn|5
|l| cornervgc486
|
|t:|1785676175
|detailschange|p1a: Swampert|Swampert-Mega, L50, F
|-mega|p1a: Swampert|Swampert|Swampertite
|move|p2b: Incineroar|Fake Out|p1b: Pelipper
|-crit|p1b: Pelipper
|-damage|p1b: Pelipper|80/100
|move|p1a: Swampert|Earthquake|p2b: Incineroar|[spread] p2a,p2b
|-immune|p1b: Pelipper
|-supereffective|p2a: Gengar|1
|-supereffective|p2b: Incineroar|1
|-damage|p2a: Gengar|0 fnt
|-damage|p2b: Incineroar|16/100
|faint|p2a: Gengar
|cant|p1b: Pelipper|flinch
|
|-weather|RainDance|[upkeep]
|upkeep
|
|t:|1785676190
|switch|p2a: Altaria|Altaria, L50, F, shiny|100/100
|-ability|p2a: Altaria|Cloud Nine
|turn|6
|
|t:|1785676209
|move|p1a: Swampert|Protect|p1a: Swampert
|-singleturn|p1a: Swampert|Protect
|move|p2b: Incineroar|Protect|p2b: Incineroar
|-singleturn|p2b: Incineroar|Protect
|move|p1b: Pelipper|Tailwind|p1b: Pelipper
|-sidestart|p1: Kuei0202|move: Tailwind
|move|p2a: Altaria|Will-O-Wisp|p1a: Swampert
|-activate|p1a: Swampert|move: Protect
|
|-weather|RainDance|[upkeep]
|upkeep
|turn|7
|j| phoenix burner
|l| cubesugar
|j| haymi1004
|
|t:|1785676291
|switch|p2b: Tinkaton|Tinkaton, L50, F, shiny|100/100
|-ability|p2b: Tinkaton|Mold Breaker
|move|p2a: Altaria|Protect|p2a: Altaria
|-singleturn|p2a: Altaria|Protect
|move|p1a: Swampert|Ice Punch|p2a: Altaria
|-activate|p2a: Altaria|move: Protect
|move|p1b: Pelipper|Hurricane|p2b: Tinkaton|[miss]
|-miss|p1b: Pelipper|p2b: Tinkaton
|
|-weather|RainDance|[upkeep]
|upkeep
|turn|8
|j| Edward0516
|
|t:|1785676349
|move|p1a: Swampert|Protect|p1a: Swampert
|-singleturn|p1a: Swampert|Protect
|move|p2b: Tinkaton|Fake Out|p1b: Pelipper
|-damage|p1b: Pelipper|70/100
|cant|p1b: Pelipper|flinch
|move|p2a: Altaria|Fire Spin|p1b: Pelipper
|-resisted|p1b: Pelipper|1
|-damage|p1b: Pelipper|65/100
|-activate|p1b: Pelipper|move: Fire Spin|[of] p2a: Altaria
|
|-weather|RainDance|[upkeep]
|-damage|p1b: Pelipper|53/100|[from] move: Fire Spin|[partiallytrapped]
|upkeep
|turn|9
|j| cubesugar
|l| haymi1004
|j| vvawwwy
|j| haymi1004
|l| FongSC
|l| cubesugar
|j| FongSC
|
|t:|1785676457
|move|p2a: Altaria|Protect|p2a: Altaria
|-singleturn|p2a: Altaria|Protect
|move|p1a: Swampert|Ice Punch|p2a: Altaria
|-activate|p2a: Altaria|move: Protect
|move|p1b: Pelipper|Hurricane|p2a: Altaria
|-activate|p2a: Altaria|move: Protect
|move|p2b: Tinkaton|Gigaton Hammer|p1a: Swampert
|-resisted|p1a: Swampert|1
|-damage|p1a: Swampert|48/100
|
|-weather|none
|-damage|p1b: Pelipper|41/100|[from] move: Fire Spin|[partiallytrapped]
|-sideend|p1: Kuei0202|move: Tailwind
|upkeep
|turn|10
|
|t:|1785676518
|switch|p2a: Incineroar|Incineroar, L50, F, shiny|16/100
|-ability|p2a: Incineroar|Intimidate|boost
|-unboost|p1a: Swampert|atk|1
|-unboost|p1b: Pelipper|atk|1
|move|p2b: Tinkaton|Encore|p1b: Pelipper
|-start|p1b: Pelipper|Encore
|move|p1a: Swampert|Ice Punch|p2a: Incineroar
|-resisted|p2a: Incineroar|1
|-damage|p2a: Incineroar|8/100
|move|p1b: Pelipper|Hurricane|p2a: Incineroar
|-damage|p2a: Incineroar|0 fnt
|faint|p2a: Incineroar
|
|-end|p1b: Pelipper|Fire Spin|[partiallytrapped]|[silent]
|upkeep
|
|t:|1785676536
|switch|p2a: Altaria|Altaria, L50, F, shiny|100/100
|-ability|p2a: Altaria|Cloud Nine
|turn|11
|j| smallyeeaa
|l| smallyeeaa
|j| smallyeeaa
|
|t:|1785676603
|switch|p1a: Grimmsnarl|Grimmsnarl, L50, M|100/100
|move|p2b: Tinkaton|Gigaton Hammer|p1a: Grimmsnarl
|-supereffective|p1a: Grimmsnarl|1
|-damage|p1a: Grimmsnarl|10/100
|move|p1b: Pelipper|Hurricane|p2a: Altaria
|-damage|p2a: Altaria|51/100
|move|p2a: Altaria|Will-O-Wisp|p1a: Grimmsnarl|[miss]
|-miss|p2a: Altaria|p1a: Grimmsnarl
|
|-heal|p2a: Altaria|57/100|[from] item: Leftovers
|upkeep
|turn|12
|
|t:|1785676646
|move|p2b: Tinkaton|Protect|p2b: Tinkaton
|-singleturn|p2b: Tinkaton|Protect
|move|p1b: Pelipper|Hurricane|p2a: Altaria
|-crit|p2a: Altaria
|-damage|p2a: Altaria|0 fnt
|faint|p2a: Altaria
|move|p1a: Grimmsnarl|Spirit Break|p2b: Tinkaton
|-activate|p2b: Tinkaton|move: Protect
|
|-end|p1b: Pelipper|Encore
|upkeep
|turn|13
|
|t:|1785676663
|move|p1a: Grimmsnarl|Reflect|p1a: Grimmsnarl
|-sidestart|p1: Kuei0202|Reflect
|move|p2b: Tinkaton|Gigaton Hammer|p1b: Pelipper
|-resisted|p1b: Pelipper|1
|-crit|p1b: Pelipper
|-damage|p1b: Pelipper|0 fnt
|faint|p1b: Pelipper
|
|upkeep
|
|t:|1785676669
|switch|p1b: Swampert|Swampert-Mega, L50, F|48/100
|turn|14
|
|t:|1785676677
|move|p2b: Tinkaton|Protect|p2b: Tinkaton
|-singleturn|p2b: Tinkaton|Protect
|move|p1a: Grimmsnarl|Parting Shot|p2b: Tinkaton
|-activate|p2b: Tinkaton|move: Protect
|move|p1b: Swampert|Earthquake|p2b: Tinkaton|[spread] p1a
|-activate|p2b: Tinkaton|move: Protect
|-damage|p1a: Grimmsnarl|0 fnt
|faint|p1a: Grimmsnarl
|
|upkeep
|turn|15
|
|t:|1785676691
|move|p2b: Tinkaton|Gigaton Hammer|p1b: Swampert
|-resisted|p1b: Swampert|1
|-damage|p1b: Swampert|35/100
|move|p1b: Swampert|Earthquake|p2b: Tinkaton
|-supereffective|p2b: Tinkaton|1
|-damage|p2b: Tinkaton|0 fnt
|faint|p2b: Tinkaton
|
|win|Kuei0202
|inactive|Kuei0202 has 30 seconds to confirm battle start!
|inactive|Dough0418 has 30 seconds to confirm battle start!
||Kuei0202 is ready for game 3.
|inactive|Dough0418 has 20 seconds to confirm battle start!
||Dough0418 is ready for game 3.
|uhtml|next|Next: Game 3 of 3
|l| Edward0516
|l| Unskilled99
|l| FongSC
|j| FongSC
|l| haymi1004
|l| goodryan2630
|l| vvawwwy
|l| FongSC
|l| Midoria100
|l| phoenix burner
|l|☆Dough0418
|player|p2|
|l| 86test
|l| Roselia Sayo
