|j|☆new mental
|j|☆longlegs828
|html|new mentallonglegs828    
|uhtml|bestof|Game 1 of a best-of-3
|t:|1785061942
|gametype|doubles
|player|p1|new mental|volkner|1228
|player|p2|longlegs828|artist|1214
|gen|9
|tier|[Gen 9 Champions] VGC 2026 Reg M-B (Bo3)
|rated|
|rule|Species Clause: Limit one of each Pokémon
|rule|Item Clause: Limit 1 of each item
|clearpoke
|poke|p1|Charizard, L50, F|
|poke|p1|Garchomp, L50, M|
|poke|p1|Incineroar, L50, M|
|poke|p1|Venusaur, L50, F|
|poke|p1|Toxapex, L50, F|
|poke|p1|Sylveon, L50, F|
|poke|p2|Aerodactyl, L50, F|
|poke|p2|Garchomp, L50, F|
|poke|p2|Kingambit, L50, F|
|poke|p2|Charizard, L50, M|
|poke|p2|Basculegion, L50, M|
|poke|p2|Incineroar, L50, M|
|teampreview|4
|showteam|p1|Charizard||CharizarditeY|SolarPower|WeatherBall,HeatWave,AncientPower,Protect|Modest||F|||50|]Garchomp||ChoiceScarf|RoughSkin|RockSlide,DragonClaw,Earthquake,StompingTantrum|Adamant||M|||50|]Incineroar||SitrusBerry|Intimidate|FlareBlitz,FakeOut,DarkestLariat,PartingShot|Impish||M|||50|]Venusaur||LifeOrb|Chlorophyll|SludgeBomb,LeafStorm,EarthPower,Protect|Modest||F|||50|]Toxapex||Leftovers|Regenerator|Infestation,Toxic,WideGuard,BanefulBunker|Bold||F|||50|]Sylveon||FairyFeather|Pixilate|HyperVoice,QuickAttack,Yawn,Detect|Modest||F|||50|
|showteam|p2|Aerodactyl||Aerodactylite|RockHead|IceFang,RockSlide,DualWingbeat,Tailwind|Jolly||F|||50|]Garchomp||LifeOrb|RoughSkin|RockTomb,DragonClaw,Earthquake,Protect|Jolly||F|||50|]Kingambit||FocusSash|Defiant|LowKick,KowtowCleave,SuckerPunch,IronHead|Adamant||F|||50|]Charizard||CharizarditeY|Blaze|HeatWave,WeatherBall,SolarBeam,Protect|Modest||M|||50|]Basculegion||ChoiceScarf|Adaptability|LastRespects,WaveCrash,AquaJet,FlipTurn|Jolly||M|||50|]Incineroar||SitrusBerry|Blaze|FakeOut,PartingShot,FlareBlitz,DarkestLariat|Careful||M|||50|
|inactive|Battle timer is ON: inactive players will automatically lose when time's up. (requested by new mental)
|
|t:|1785061997
|teamsize|p1|4
|teamsize|p2|4
|start
|switch|p1a: Charizard|Charizard, L50, F|100/100
|switch|p1b: Toxapex|Toxapex, L50, F|100/100
|switch|p2a: Garchomp|Garchomp, L50, F|100/100
|switch|p2b: Kingambit|Kingambit, L50, F|100/100
|turn|1
|inactive|new mental has 30 seconds left.
|inactive|longlegs828 has 30 seconds left.
|
|t:|1785062028
|move|p1a: Charizard|Protect|p1a: Charizard
|-singleturn|p1a: Charizard|Protect
|move|p2a: Garchomp|Rock Tomb|p1a: Charizard
|-activate|p1a: Charizard|move: Protect
|move|p2b: Kingambit|Kowtow Cleave|p1b: Toxapex
|-damage|p1b: Toxapex|64/100
|move|p1b: Toxapex|Infestation|p2b: Kingambit
|-damage|p2b: Kingambit|96/100
|-activate|p2b: Kingambit|move: Infestation|[of] p1b: Toxapex
|
|-heal|p1b: Toxapex|70/100|[from] item: Leftovers
|-damage|p2b: Kingambit|83/100|[from] move: Infestation|[partiallytrapped]
|upkeep
|turn|2
|
|t:|1785062048
|detailschange|p1a: Charizard|Charizard-Mega-Y, L50, F
|-mega|p1a: Charizard|Charizard|Charizardite Y
|-weather|SunnyDay|[from] ability: Drought|[of] p1a: Charizard
|move|p2a: Garchomp|Rock Tomb|p1a: Charizard
|-supereffective|p1a: Charizard|2
|-damage|p1a: Charizard|0 fnt
|faint|p1a: Charizard
|-damage|p2a: Garchomp|90/100|[from] item: Life Orb
|move|p2b: Kingambit|Iron Head|p1b: Toxapex
|-resisted|p1b: Toxapex|1
|-damage|p1b: Toxapex|55/100
|cant|p1b: Toxapex|flinch
|
|-weather|SunnyDay|[upkeep]
|-heal|p1b: Toxapex|61/100|[from] item: Leftovers
|-damage|p2b: Kingambit|71/100|[from] move: Infestation|[partiallytrapped]
|upkeep
|inactive|new mental has 30 seconds left.
|inactive|new mental has 20 seconds left.
|inactive|new mental has 15 seconds left.
|inactive|new mental has 10 seconds left.
|
|t:|1785062093
|switch|p1a: Garchomp|Garchomp, L50, M|100/100
|turn|3
|inactive|longlegs828 has 30 seconds left.
|
|t:|1785062127
|move|p1a: Garchomp|Dragon Claw|p2a: Garchomp
|-supereffective|p2a: Garchomp|1
|-damage|p2a: Garchomp|0 fnt
|-damage|p1a: Garchomp|87/100|[from] ability: Rough Skin|[of] p2a: Garchomp
|faint|p2a: Garchomp
|move|p2b: Kingambit|Kowtow Cleave|p1a: Garchomp
|-damage|p1a: Garchomp|41/100
|-damage|p2b: Kingambit|58/100|[from] ability: Rough Skin|[of] p1a: Garchomp
|move|p1b: Toxapex|Infestation|p2b: Kingambit
|-damage|p2b: Kingambit|54/100
|
|-weather|SunnyDay|[upkeep]
|-heal|p1b: Toxapex|66/100|[from] item: Leftovers
|-damage|p2b: Kingambit|42/100|[from] move: Infestation|[partiallytrapped]
|upkeep
|
|t:|1785062144
|switch|p2a: Aerodactyl|Aerodactyl, L50, F|100/100
|turn|4
|inactive|longlegs828 has 30 seconds left.
|inactive|longlegs828 has 20 seconds left.
|inactive|longlegs828 has 15 seconds left.
|inactive|longlegs828 has 10 seconds left.
|
|t:|1785062191
|detailschange|p2a: Aerodactyl|Aerodactyl-Mega, L50, F
|-mega|p2a: Aerodactyl|Aerodactyl|Aerodactylite
|move|p1a: Garchomp|Dragon Claw|p2a: Aerodactyl
|-damage|p2a: Aerodactyl|48/100
|move|p2a: Aerodactyl|Dual Wingbeat|p1b: Toxapex
|-crit|p1b: Toxapex
|-damage|p1b: Toxapex|41/100
|-damage|p1b: Toxapex|24/100
|-hitcount|p1b: Toxapex|2
|move|p2b: Kingambit|Kowtow Cleave|p1b: Toxapex
|-crit|p1b: Toxapex
|-damage|p1b: Toxapex|0 fnt
|faint|p1b: Toxapex
|
|-weather|SunnyDay|[upkeep]
|-end|p2b: Kingambit|Infestation|[partiallytrapped]|[silent]
|upkeep
|inactive|new mental has 30 seconds left.
|inactive|new mental has 20 seconds left.
|inactive|new mental has 15 seconds left.
|c|☆new mental|xd
|inactive|new mental has 10 seconds left.
|
|t:|1785062237
|switch|p1b: Incineroar|Incineroar, L50, M|100/100
|-ability|p1b: Incineroar|Intimidate|boost
|-unboost|p2a: Aerodactyl|atk|1
|-unboost|p2b: Kingambit|atk|1
|-ability|p2b: Kingambit|Defiant|boost
|-boost|p2b: Kingambit|atk|2
|turn|5
|
|t:|1785062248
|switch|p2a: Incineroar|Incineroar, L50, M|100/100
|move|p1b: Incineroar|Fake Out|p2b: Kingambit
|-resisted|p2b: Kingambit|1
|-damage|p2b: Kingambit|37/100
|cant|p2b: Kingambit|flinch
|move|p1a: Garchomp|Dragon Claw|p2a: Incineroar
|-damage|p2a: Incineroar|59/100
|
|-weather|SunnyDay|[upkeep]
|upkeep
|turn|6
|c|☆longlegs828|lmao i forgot to change abilities
|inactive|longlegs828 has 30 seconds left.
|
|t:|1785062275
|move|p2a: Incineroar|Fake Out|p1b: Incineroar
|-damage|p1b: Incineroar|91/100
|move|p2b: Kingambit|Sucker Punch|p1a: Garchomp
|-damage|p1a: Garchomp|0 fnt
|-damage|p2b: Kingambit|25/100|[from] ability: Rough Skin|[of] p1a: Garchomp
|faint|p1a: Garchomp
|cant|p1b: Incineroar|flinch
|
|-weather|none
|upkeep
|turn|7
|
|t:|1785062292
|move|p2b: Kingambit|Low Kick|p1b: Incineroar
|-supereffective|p1b: Incineroar|1
|-damage|p1b: Incineroar|26/100
|-enditem|p1b: Incineroar|Sitrus Berry|[eat]
|-heal|p1b: Incineroar|50/100g|[from] item: Sitrus Berry
|move|p1b: Incineroar|Parting Shot|p2b: Kingambit
|-unboost|p2b: Kingambit|atk|1
|-ability|p2b: Kingambit|Defiant|boost
|-boost|p2b: Kingambit|atk|2
|-unboost|p2b: Kingambit|spa|1
|-ability|p2b: Kingambit|Defiant|boost
|-boost|p2b: Kingambit|atk|2
|move|p2a: Incineroar|Darkest Lariat|p1b: Incineroar
|-resisted|p1b: Incineroar|1
|-damage|p1b: Incineroar|37/100
|
|upkeep
|turn|8
|
|t:|1785062309
|move|p2b: Kingambit|Low Kick|p1b: Incineroar
|-supereffective|p1b: Incineroar|1
|-damage|p1b: Incineroar|0 fnt
|faint|p1b: Incineroar
|
|win|longlegs828
