|j|☆andrezlevy
|j|☆ethnol1816
|html|andrezlevyethnol1816    
|uhtml|bestof|Game 3 of a best-of-3
|t:|1756591975
|gametype|doubles
|player|p1|andrezlevy|youngster-gen4dp|1108
|player|p2|ethnol1816|boarder|1109
|gen|9
|tier|[Gen 9] VGC 2025 Reg H (Bo3)
|rated|
|rule|Species Clause: Limit one of each Pokémon
|rule|Item Clause: Limit 1 of each item
|clearpoke
|poke|p1|Whimsicott, L50, M|
|poke|p1|Annihilape, L50, M|
|poke|p1|Pelipper, L50, M|
|poke|p1|Archaludon, L50, F|
|poke|p1|Sneasler, L50, F|
|poke|p1|Indeedee, L50, M|
|poke|p2|Gholdengo, L50|
|poke|p2|Samurott-Hisui, L50, M|
|poke|p2|Hydreigon, L50, M|
|poke|p2|Whimsicott, L50, M|
|poke|p2|Garchomp, L50, M|
|poke|p2|Clefable, L50, F|
|teampreview|4
|showteam|p1|Whimsicott||FocusSash|Prankster|Tailwind,Taunt,Moonblast,BeatUp|||M|||50|,,,,,Ghost]Annihilape||AssaultVest|Defiant|RageFist,CloseCombat,RockSlide,DrainPunch|||M|||50|,,,,,Fire]Pelipper||CovertCloak|Drizzle|Tailwind,Hurricane,WeatherBall,Protect|||M|||50|,,,,,Ground]Archaludon||LifeOrb|Stamina|ElectroShot,Protect,DracoMeteor,BodyPress|||F|||50|,,,,,Stellar]Sneasler||PsychicSeed|Unburden|Acrobatics,CloseCombat,DireClaw,ThroatChop|||F|||50|,,,,,Dark]Indeedee||ChoiceSpecs|PsychicSurge|ExpandingForce,Imprison,TrickRoom,Trick|||M|||50|,,,,,Psychic
|showteam|p2|Gholdengo||Leftovers|GoodasGold|NastyPlot,ShadowBall,MakeItRain,Protect||||||50|,,,,,Dragon]Samurott-Hisui||AssaultVest|Sharpness|CeaselessEdge,SuckerPunch,SacredSword,AquaCutter|||M|||50|,,,,,Ghost]Hydreigon||ChoiceSpecs|Levitate|DarkPulse,DracoMeteor,HeatWave,FlashCannon|||M|||50|,,,,,Fire]Whimsicott||FocusSash|Prankster|Moonblast,Tailwind,SunnyDay,Encore|||M|||50|,,,,,Ghost]Garchomp||LifeOrb|RoughSkin|Protect,StompingTantrum,Earthquake,DragonClaw|||M|||50|,,,,,Steel]Clefable||SitrusBerry|Unaware|Moonblast,MistyTerrain,FollowMe,Protect|||F|||50|,,,,,Water
|inactive|Battle timer is ON: inactive players will automatically lose when time's up. (requested by ethnol1816)
|inactive|andrezlevy also wants the timer to be on.
|inactive|andrezlevy has 60 seconds left.
|
|t:|1756592007
|teamsize|p1|4
|teamsize|p2|4
|start
|switch|p1a: Whimsicott|Whimsicott, L50, M|100/100
|switch|p1b: Pelipper|Pelipper, L50, M|100/100
|switch|p2a: scott|Whimsicott, L50, M|100/100
|switch|p2b: hyculese|Hydreigon, L50, M, shiny|100/100
|-weather|RainDance|[from] ability: Drizzle|[of] p1b: Pelipper
|turn|1
|l|☆andrezlevy
|inactive|andrezlevy disconnected and has a minute to reconnect!
|player|p1|
|j|☆andrezlevy
|inactive|andrezlevy reconnected and has 35 seconds left.
|player|p1|andrezlevy|youngster-gen4dp|
|inactive|andrezlevy has 30 seconds left.
|inactive|andrezlevy has 20 seconds left.
|inactive|andrezlevy has 15 seconds left.
|
|t:|1756592048
|-terastallize|p2b: hyculese|Fire
|move|p1a: Whimsicott|Taunt|p2a: scott
|-start|p2a: scott|move: Taunt
|cant|p2a: scott|move: Taunt|Sunny Day
|move|p2b: hyculese|Heat Wave|p1a: Whimsicott|[spread] p1a,p1b
|-supereffective|p1a: Whimsicott
|-resisted|p1b: Pelipper
|-crit|p1b: Pelipper
|-damage|p1a: Whimsicott|12/100
|-damage|p1b: Pelipper|72/100
|move|p1b: Pelipper|Tailwind|p1b: Pelipper
|-sidestart|p1: andrezlevy|move: Tailwind
|
|-weather|RainDance|[upkeep]
|upkeep
|turn|2
|
|t:|1756592067
|move|p1a: Whimsicott|Moonblast|p2b: hyculese
|-resisted|p2b: hyculese
|-damage|p2b: hyculese|83/100
|-unboost|p2b: hyculese|spa|1
|move|p1b: Pelipper|Weather Ball|p2b: hyculese
|-supereffective|p2b: hyculese
|-damage|p2b: hyculese|0 fnt
|faint|p2b: hyculese
|move|p2a: scott|Moonblast|p1b: Pelipper
|-damage|p1b: Pelipper|14/100
|
|-weather|RainDance|[upkeep]
|upkeep
|
|t:|1756592079
|switch|p2b: carson|Samurott-Hisui, L50, M|100/100
|turn|3
|
|t:|1756592093
|move|p2b: carson|Sucker Punch|p1a: Whimsicott
|-resisted|p1a: Whimsicott
|-damage|p1a: Whimsicott|0 fnt
|faint|p1a: Whimsicott
|move|p1b: Pelipper|Hurricane|p2a: scott
|-supereffective|p2a: scott
|-enditem|p2a: scott|Focus Sash
|-damage|p2a: scott|1/100
|-start|p2a: scott|confusion
|-activate|p2a: scott|confusion
|move|p2a: scott|Moonblast|p1b: Pelipper
|-damage|p1b: Pelipper|0 fnt
|faint|p1b: Pelipper
|
|-weather|RainDance|[upkeep]
|-end|p2a: scott|move: Taunt
|upkeep
|
|t:|1756592110
|switch|p1a: Archaludon|Archaludon, L50, F|100/100
|switch|p1b: Sneasler|Sneasler, L50, F|100/100
|turn|4
|inactive|ethnol1816 has 30 seconds left.
|inactive|ethnol1816 has 20 seconds left.
|
|t:|1756592147
|-activate|p2a: scott|confusion
|move|p2a: scott|Tailwind|p2a: scott
|-sidestart|p2: ethnol1816|move: Tailwind
|move|p1b: Sneasler|Close Combat|p2b: carson
|-supereffective|p2b: carson
|-damage|p2b: carson|0 fnt
|-unboost|p1b: Sneasler|def|1
|-unboost|p1b: Sneasler|spd|1
|faint|p2b: carson
|move|p1a: Archaludon|Electro Shot||[still]
|-prepare|p1a: Archaludon|Electro Shot
|-boost|p1a: Archaludon|spa|1
|-anim|p1a: Archaludon|Electro Shot|p2a: scott
|-resisted|p2a: scott
|-damage|p2a: scott|0 fnt
|faint|p2a: scott
|-damage|p1a: Archaludon|91/100|[from] item: Life Orb
|
|-weather|RainDance|[upkeep]
|-sideend|p1: andrezlevy|move: Tailwind
|upkeep
|
|t:|1756592151
|switch|p2b: chompy|Garchomp, L50, M|100/100
|turn|5
|inactive|andrezlevy has 30 seconds left.
|
|t:|1756592178
|-terastallize|p1a: Archaludon|Stellar
|move|p2b: chompy|Earthquake|p1b: Sneasler|[spread] p1a,p1b
|-supereffective|p1a: Archaludon
|-supereffective|p1b: Sneasler
|-damage|p1a: Archaludon|2/100
|-damage|p1b: Sneasler|0 fnt
|-ability|p1a: Archaludon|Stamina|boost
|-boost|p1a: Archaludon|def|1
|faint|p1b: Sneasler
|-damage|p2b: chompy|91/100|[from] item: Life Orb
|move|p1a: Archaludon|Draco Meteor|p2b: chompy
|-supereffective|p2b: chompy
|-damage|p2b: chompy|0 fnt
|-unboost|p1a: Archaludon|spa|2
|faint|p2b: chompy
|-damage|p1a: Archaludon|0 fnt|[from] item: Life Orb
|faint|p1a: Archaludon
|
|win|andrezlevy
|raw|andrezlevy's rating: 1108 → 1133(+25 for winning)
|raw|ethnol1816's rating: 1109 → 1084(-25 for losing)
|l|☆andrezlevy
|player|p1|
