|j|☆DI2
|j|☆ItsTatinn
|html|DI2ItsTatinn    
|uhtml|bestof|Game 2 of a best-of-3
|t:|1782739854
|gametype|doubles
|player|p1|DI2|102|
|player|p2|ItsTatinn|2|
|gen|9
|tier|[Gen 9 Champions] VGC 2026 Reg M-B (Bo3)
|rule|Species Clause: Limit one of each Pokémon
|rule|Item Clause: Limit 1 of each item
|clearpoke
|poke|p1|Vileplume, L50, M|
|poke|p1|Torkoal, L50, M|
|poke|p1|Snorlax, L50, M|
|poke|p1|Hawlucha, L50, F|
|poke|p1|Oranguru, L50, F|
|poke|p1|Kangaskhan, L50, F|
|poke|p2|Charizard, L50, F|
|poke|p2|Lucario, L50, F|
|poke|p2|Venusaur, L50, M|
|poke|p2|Arcanine, L50, M|
|poke|p2|Milotic, L50, M|
|poke|p2|Clefable, L50, M|
|teampreview|4
|showteam|p1|Vileplume||FocusSash|Chlorophyll|SolarBeam,SludgeBomb,AfterYou,Protect|Modest||M|||50|]Torkoal||Charcoal|Drought|Eruption,HeatWave,WeatherBall,Protect|Modest||M|||50|]Snorlax||SitrusBerry|ThickFat|BodySlam,Fissure,BellyDrum,Protect|Brave||M|||50|]Hawlucha||Hawluchanite|MoldBreaker|HighJumpKick,DualWingbeat,Entrainment,Detect|Jolly||F|||50|]Oranguru||LumBerry|InnerFocus|FoulPlay,Instruct,TrickRoom,Protect|Bold||F|||50|]Kangaskhan||SilkScarf|EarlyBird|FakeOut,LastResort|Brave||F|||50|
|showteam|p2|Charizard||CharizarditeY|Blaze|HeatWave,ScorchingSands,SunnyDay,Protect|Timid||F|||50|]Lucario||FocusSash|InnerFocus|CloseCombat,MeteorMash,ExtremeSpeed,Protect|Jolly||F|||50|]Venusaur||LifeOrb|Chlorophyll|SolarBeam,SludgeBomb,WeatherBall,SleepPowder|Modest||M|||50|]Arcanine||SitrusBerry|Intimidate|FlareBlitz,ExtremeSpeed,WillOWisp,Protect|Careful||M|||50|]Milotic||Leftovers|Competitive|Scald,IceBeam,Recover,Protect|Bold||M|||50|]Clefable||MentalHerb|Unaware|FollowMe,Moonblast,HelpingHand,Protect|Calm||M|||50|
|
|t:|1782739867
|teamsize|p1|4
|teamsize|p2|4
|start
|switch|p1a: Gordão da XJ|Snorlax, L50, M|100/100
|switch|p1b: Mysterio|Hawlucha, L50, F|100/100
|switch|p2a: Charizard|Charizard, L50, F|100/100
|switch|p2b: Clefable|Clefable, L50, M|100/100
|-ability|p1b: Mysterio|Mold Breaker
|turn|1
|
|t:|1782739904
|detailschange|p1b: Mysterio|Hawlucha-Mega, L50, F
|-mega|p1b: Mysterio|Hawlucha|Hawluchanite
|detailschange|p2a: Charizard|Charizard-Mega-Y, L50, F
|-mega|p2a: Charizard|Charizard|Charizardite Y
|-weather|SunnyDay|[from] ability: Drought|[of] p2a: Charizard
|move|p2b: Clefable|Follow Me|p2b: Clefable
|-singleturn|p2b: Clefable|move: Follow Me
|move|p1b: Mysterio|Entrainment|p2b: Clefable
|-ability|p2b: Clefable|No Guard|Unaware|[from] move: Entrainment|[of] p1b: Mysterio
|move|p2a: Charizard|Heat Wave|p1b: Mysterio|[spread] p1a,p1b
|-damage|p1a: Gordão da XJ|81/100
|-damage|p1b: Mysterio|28/100
|-status|p1b: Mysterio|brn
|move|p1a: Gordão da XJ|Belly Drum|p1a: Gordão da XJ
|-damage|p1a: Gordão da XJ|31/100
|-setboost|p1a: Gordão da XJ|atk|6|[from] move: Belly Drum
|-enditem|p1a: Gordão da XJ|Sitrus Berry|[eat]
|-heal|p1a: Gordão da XJ|56/100|[from] item: Sitrus Berry
|
|-weather|SunnyDay|[upkeep]
|-damage|p1b: Mysterio|22/100 brn|[from] brn
|upkeep
|turn|2
|
|t:|1782739943
|switch|p2b: Venusaur|Venusaur, L50, M|100/100
|move|p1b: Mysterio|Detect|p1b: Mysterio
|-singleturn|p1b: Mysterio|Protect
|move|p2a: Charizard|Protect|p2a: Charizard
|-singleturn|p2a: Charizard|Protect
|move|p1a: Gordão da XJ|Body Slam|p2a: Charizard
|-activate|p2a: Charizard|move: Protect
|
|-weather|SunnyDay|[upkeep]
|-damage|p1b: Mysterio|16/100 brn|[from] brn
|upkeep
|turn|3
|
|t:|1782739971
|switch|p1b: Zaza|Vileplume, L50, M|100/100
|move|p2b: Venusaur|Solar Beam||[still]
|-prepare|p2b: Venusaur|Solar Beam
|-anim|p2b: Venusaur|Solar Beam|p1a: Gordão da XJ
|-crit|p1a: Gordão da XJ
|-damage|p1a: Gordão da XJ|0 fnt
|faint|p1a: Gordão da XJ
|-damage|p2b: Venusaur|90/100|[from] item: Life Orb
|move|p2a: Charizard|Scorching Sands|p1b: Zaza
|-damage|p1b: Zaza|65/100
|
|-weather|SunnyDay|[upkeep]
|upkeep
|
|t:|1782739983
|switch|p1a: Dona Florinda|Kangaskhan, L50, F|100/100
|turn|4
|
|t:|1782740017
|move|p1a: Dona Florinda|Fake Out|p2b: Venusaur
|-damage|p2b: Venusaur|57/100
|cant|p2b: Venusaur|flinch
|move|p1b: Zaza|Sludge Bomb|p2a: Charizard
|-damage|p2a: Charizard|51/100
|move|p2a: Charizard|Heat Wave|p1a: Dona Florinda|[spread] p1a,p1b
|-supereffective|p1b: Zaza|1
|-damage|p1a: Dona Florinda|31/100
|-damage|p1b: Zaza|0 fnt
|faint|p1b: Zaza
|
|-weather|SunnyDay|[upkeep]
|upkeep
|
|t:|1782740028
|switch|p1b: Mysterio|Hawlucha-Mega, L50, F|16/100 brn
|turn|5
|
|t:|1782740058
|move|p2b: Venusaur|Sludge Bomb|p1a: Dona Florinda
|-damage|p1a: Dona Florinda|0 fnt
|faint|p1a: Dona Florinda
|-damage|p2b: Venusaur|48/100|[from] item: Life Orb
|move|p1b: Mysterio|Dual Wingbeat|p2b: Venusaur
|-supereffective|p2b: Venusaur|1
|-damage|p2b: Venusaur|25/100
|-supereffective|p2b: Venusaur|1
|-damage|p2b: Venusaur|0 fnt
|faint|p2b: Venusaur
|-hitcount|p2: Venusaur|2
|move|p2a: Charizard|Heat Wave|p1b: Mysterio
|-damage|p1b: Mysterio|0 fnt
|faint|p1b: Mysterio
|
|win|ItsTatinn
|inactive|DI2 has 30 seconds to confirm battle start!
|inactive|ItsTatinn has 30 seconds to confirm battle start!
