|j|☆ale_z_plumber
|j|☆Pathfinder12
|html|ale_z_plumberPathfinder12    
|uhtml|bestof|Game 2 of a best-of-3
|t:|1784372597
|gametype|doubles
|player|p1|ale_z_plumber|lucas-gen4pt|1154
|player|p2|Pathfinder12|scientist-gen4dp|1115
|gen|9
|tier|[Gen 9 Champions] VGC 2026 Reg M-B (Bo3)
|rated|
|rule|Species Clause: Limit one of each Pokémon
|rule|Item Clause: Limit 1 of each item
|clearpoke
|poke|p1|Blaziken, L50, M|
|poke|p1|Aerodactyl, L50, M|
|poke|p1|Kingambit, L50, F|
|poke|p1|Basculegion, L50, M|
|poke|p1|Sylveon, L50, M|
|poke|p1|Torkoal, L50, F|
|poke|p2|Raichu, L50, M, shiny|
|poke|p2|Basculegion, L50, M, shiny|
|poke|p2|Whimsicott, L50, F, shiny|
|poke|p2|Garchomp, L50, M, shiny|
|poke|p2|Floette-Eternal, L50, F|
|poke|p2|Gholdengo, L50, shiny|
|teampreview|4
|showteam|p1|Blaziken||Blazikenite|SpeedBoost|FlareBlitz,CloseCombat,RockSlide,Protect|Adamant||M|||50|]Aerodactyl||Aerodactylite|Unnerve|RockSlide,DualWingbeat,IceFang,Tailwind|Jolly||M|||50|]Kingambit||LifeOrb|Defiant|KowtowCleave,IronHead,SuckerPunch,Protect|Adamant||F|||50|]Basculegion||FocusSash|Adaptability|LastRespects,Liquidation,AquaJet,Protect|Adamant||M|||50|]Sylveon||FairyFeather|Pixilate|HyperVoice,Moonblast,QuickAttack,Protect|Modest||M|||50|]Torkoal||Leftovers|Drought|WeatherBall,BurningJealousy,Yawn,Protect|Relaxed||F|||50|
|showteam|p2|Raichu||RaichuniteY|LightningRod|ZapCannon,FocusBlast,FakeOut,Protect|Timid||M|||50|]Basculegion||SitrusBerry|Adaptability|WaveCrash,AquaJet,LastRespects,Protect|Adamant||M|||50|]Whimsicott||FocusSash|Prankster|Moonblast,Tailwind,Encore,Protect|Timid||F|||50|]Garchomp||ExpertBelt|RoughSkin|DragonClaw,StompingTantrum,RockSlide,Protect|Adamant||M|||50|]Floette-Eternal||Floettite|FlowerVeil|DazzlingGleam,Moonblast,CalmMind,Protect|Modest||F|||50|]Gholdengo||LifeOrb|GoodasGold|MakeItRain,ShadowBall,NastyPlot,Protect|Modest|||||50|
|inactive|Battle timer is ON: inactive players will automatically lose when time's up. (requested by Pathfinder12)
|
|t:|1784372620
|teamsize|p1|4
|teamsize|p2|4
|start
|switch|p1a: Sylveon|Sylveon, L50, M|100/100
|switch|p1b: Kingambit|Kingambit, L50, F|100/100
|switch|p2a: Whimsicott|Whimsicott, L50, F, shiny|100/100
|switch|p2b: Raichu|Raichu, L50, M, shiny|100/100
|turn|1
|inactive|ale_z_plumber has 30 seconds left.
|
|t:|1784372648
|detailschange|p2b: Raichu|Raichu-Mega-Y, L50, M, shiny
|-mega|p2b: Raichu|Raichu|Raichunite Y
|move|p1b: Kingambit|Protect|p1b: Kingambit
|-singleturn|p1b: Kingambit|Protect
|move|p2a: Whimsicott|Tailwind|p2a: Whimsicott
|-sidestart|p2: Pathfinder12|move: Tailwind
|move|p2b: Raichu|Focus Blast|p1b: Kingambit
|-activate|p1b: Kingambit|move: Protect
|move|p1a: Sylveon|Hyper Voice|p2b: Raichu|[spread] p2a,p2b
|-damage|p2a: Whimsicott|35/100
|-damage|p2b: Raichu|20/100y
|
|upkeep
|turn|2
|
|t:|1784372672
|switch|p2b: Floette|Floette-Eternal, L50, F|100/100
|move|p1a: Sylveon|Quick Attack|p2b: Floette
|-damage|p2b: Floette|83/100
|move|p2a: Whimsicott|Moonblast|p1b: Kingambit
|-damage|p1b: Kingambit|73/100
|move|p1b: Kingambit|Iron Head|p2a: Whimsicott
|-supereffective|p2a: Whimsicott|1
|-crit|p2a: Whimsicott
|-damage|p2a: Whimsicott|0 fnt
|faint|p2a: Whimsicott
|-damage|p1b: Kingambit|64/100|[from] item: Life Orb
|
|upkeep
|
|t:|1784372681
|switch|p2a: Basculegion|Basculegion, L50, M, shiny|100/100
|turn|3
|inactive|ale_z_plumber has 30 seconds left.
|
|t:|1784372711
|move|p2a: Basculegion|Aqua Jet|p1b: Kingambit
|-damage|p1b: Kingambit|44/100
|move|p1b: Kingambit|Sucker Punch||[still]
|-fail|p1b: Kingambit
|move|p2b: Floette|Calm Mind|p2b: Floette
|-boost|p2b: Floette|spa|1
|-boost|p2b: Floette|spd|1
|move|p1a: Sylveon|Moonblast|p2b: Floette
|-damage|p2b: Floette|52/100
|-unboost|p2b: Floette|spa|1
|
|upkeep
|turn|4
|
|t:|1784372725
|move|p2a: Basculegion|Wave Crash|p1b: Kingambit
|-damage|p1b: Kingambit|0 fnt
|faint|p1b: Kingambit
|-damage|p2a: Basculegion|85/100|[from] Recoil
|move|p2b: Floette|Moonblast|p1a: Sylveon
|-damage|p1a: Sylveon|61/100
|move|p1a: Sylveon|Hyper Voice|p2a: Basculegion|[spread] p2a,p2b
|-damage|p2a: Basculegion|29/100
|-damage|p2b: Floette|26/100
|-enditem|p2a: Basculegion|Sitrus Berry|[eat]
|-heal|p2a: Basculegion|54/100|[from] item: Sitrus Berry
|
|-sideend|p2: Pathfinder12|move: Tailwind
|upkeep
|
|t:|1784372740
|switch|p1b: Aerodactyl|Aerodactyl, L50, M|100/100
|-ability|p1b: Aerodactyl|Unnerve
|turn|5
|inactive|ale_z_plumber has 30 seconds left.
|
|t:|1784372766
|move|p2a: Basculegion|Aqua Jet|p1b: Aerodactyl
|-supereffective|p1b: Aerodactyl|1
|-damage|p1b: Aerodactyl|20/100r
|move|p1b: Aerodactyl|Tailwind|p1b: Aerodactyl
|-sidestart|p1: ale_z_plumber|move: Tailwind
|move|p1a: Sylveon|Hyper Voice|p2b: Floette|[spread] p2a,p2b
|-damage|p2a: Basculegion|0 fnt
|-damage|p2b: Floette|0 fnt
|faint|p2a: Basculegion
|faint|p2b: Floette
|
|upkeep
|-message|Pathfinder12 forfeited.
|
|win|ale_z_plumber
|raw|ale_z_plumber's rating: 1154 → 1176(+22 for winning)
|raw|Pathfinder12's rating: 1115 → 1093(-22 for losing)
|l|☆Pathfinder12
|player|p2|
