|j|☆kememe
|j|☆jeanryupr
|html|kememejeanryupr    
|uhtml|bestof|Game 3 of a best-of-3
|t:|1785172621
|gametype|doubles
|player|p1|kememe|crasherwake|1061
|player|p2|jeanryupr|265|1141
|gen|9
|tier|[Gen 9 Champions] VGC 2026 Reg M-B (Bo3)
|rated|
|rule|Species Clause: Limit one of each Pokémon
|rule|Item Clause: Limit 1 of each item
|clearpoke
|poke|p1|Delphox, L50, M|
|poke|p1|Whimsicott, L50, F|
|poke|p1|Vanilluxe, L50, M|
|poke|p1|Incineroar, L50, F|
|poke|p1|Farigiraf, L50, F|
|poke|p1|Garchomp, L50, F|
|poke|p2|Staraptor, L50, M|
|poke|p2|Glimmora, L50, F|
|poke|p2|Whimsicott, L50, F|
|poke|p2|Kingambit, L50, M|
|poke|p2|Garchomp, L50, M|
|poke|p2|Delphox, L50, M|
|teampreview|4
|showteam|p1|Delphox||Delphoxite|Magician|HeatWave,Psychic,NastyPlot,Protect|Modest||M|||50|]Whimsicott||FocusSash|Prankster|Moonblast,Protect,Tailwind,Encore|Modest||F|||50|]Vanilluxe||NeverMeltIce|SnowWarning|AuroraVeil,Blizzard,Protect,FreezeDry|Timid||M|||50|]Incineroar||ChopleBerry|Intimidate|FlareBlitz,PartingShot,FakeOut,ThroatChop|Adamant||F|||50|]Farigiraf||Leftovers|ArmorTail|Psychic,Protect,TrickRoom,ThunderWave|Modest||F|||50|]Garchomp||LifeOrb|RoughSkin|RockSlide,Protect,Earthquake,DragonClaw|Jolly||F|||50|
|showteam|p2|Staraptor||Staraptite|Intimidate|CloseCombat,BraveBird,Roost,Protect|Jolly||M|||50|]Glimmora||FocusSash|ToxicDebris|PowerGem,SludgeBomb,EarthPower,SpikyShield|Modest||F|||50|]Whimsicott||OccaBerry|Prankster|Tailwind,Moonblast,Charm,LightScreen|Timid||F|||50|]Kingambit||ChopleBerry|Defiant|KowtowCleave,IronHead,LowKick,SuckerPunch|Adamant||M|||50|]Garchomp||ChoiceScarf|RoughSkin|Earthquake,DragonClaw,RockSlide,StompingTantrum|Adamant||M|||50|]Delphox||Delphoxite|Blaze|HeatWave,Psychic,Encore,Protect|Timid||M|||50|
|inactive|Battle timer is ON: inactive players will automatically lose when time's up. (requested by kememe)
|
|t:|1785172650
|teamsize|p1|4
|teamsize|p2|4
|start
|switch|p1a: Whimsicott|Whimsicott, L50, F|100/100
|switch|p1b: Vanilluxe|Vanilluxe, L50, M|100/100
|switch|p2a: Delphox|Delphox, L50, M|100/100
|switch|p2b: Kingambit|Kingambit, L50, M|100/100
|-weather|Snowscape|[from] ability: Snow Warning|[of] p1b: Vanilluxe
|turn|1
|
|t:|1785172671
|detailschange|p2a: Delphox|Delphox-Mega, L50, M
|-mega|p2a: Delphox|Delphox|Delphoxite
|move|p1a: Whimsicott|Tailwind|p1a: Whimsicott
|-sidestart|p1: kememe|move: Tailwind
|move|p1b: Vanilluxe|Aurora Veil|p1b: Vanilluxe
|-sidestart|p1: kememe|move: Aurora Veil
|move|p2a: Delphox|Heat Wave|p1b: Vanilluxe|[spread] p1a,p1b
|-supereffective|p1a: Whimsicott|1
|-supereffective|p1b: Vanilluxe|1
|-damage|p1a: Whimsicott|11/100
|-damage|p1b: Vanilluxe|28/100
|move|p2b: Kingambit|Iron Head|p1a: Whimsicott
|-supereffective|p1a: Whimsicott|1
|-damage|p1a: Whimsicott|0 fnt
|faint|p1a: Whimsicott
|
|-weather|Snowscape|[upkeep]
|upkeep
|
|t:|1785172685
|switch|p1a: Delphox|Delphox, L50, M|100/100
|turn|2
|
|t:|1785172695
|detailschange|p1a: Delphox|Delphox-Mega, L50, M
|-mega|p1a: Delphox|Delphox|Delphoxite
|move|p2a: Delphox|Protect|p2a: Delphox
|-singleturn|p2a: Delphox|Protect
|move|p1a: Delphox|Heat Wave|p2b: Kingambit|[spread] p2b
|-activate|p2a: Delphox|move: Protect
|-supereffective|p2b: Kingambit|1
|-damage|p2b: Kingambit|13/100
|move|p1b: Vanilluxe|Blizzard|p2b: Kingambit|[spread] p2b
|-activate|p2a: Delphox|move: Protect
|-resisted|p2b: Kingambit|1
|-damage|p2b: Kingambit|0 fnt
|faint|p2b: Kingambit
|
|-weather|Snowscape|[upkeep]
|upkeep
|
|t:|1785172703
|switch|p2b: Whimsicott|Whimsicott, L50, F|100/100
|turn|3
|
|t:|1785172714
|move|p2b: Whimsicott|Tailwind|p2b: Whimsicott
|-sidestart|p2: jeanryupr|move: Tailwind
|move|p2a: Delphox|Heat Wave|p1a: Delphox|[spread] p1a,p1b
|-resisted|p1a: Delphox|1
|-supereffective|p1b: Vanilluxe|1
|-damage|p1a: Delphox|87/100
|-damage|p1b: Vanilluxe|0 fnt
|faint|p1b: Vanilluxe
|move|p1a: Delphox|Heat Wave|p2b: Whimsicott|[spread] p2a,p2b
|-resisted|p2a: Delphox|1
|-supereffective|p2b: Whimsicott|1
|-enditem|p2b: Whimsicott|Occa Berry|[eat]
|-enditem|p2b: Whimsicott|Occa Berry|[weaken]
|-damage|p2a: Delphox|76/100
|-damage|p2b: Whimsicott|31/100
|
|-weather|Snowscape|[upkeep]
|upkeep
|
|t:|1785172725
|switch|p1b: Garchomp|Garchomp, L50, F|100/100
|turn|4
|
|t:|1785172738
|move|p2a: Delphox|Protect|p2a: Delphox
|-singleturn|p2a: Delphox|Protect
|move|p2b: Whimsicott|Light Screen|p2b: Whimsicott
|-sidestart|p2: jeanryupr|move: Light Screen
|move|p1a: Delphox|Heat Wave|p2b: Whimsicott|[spread] p2b
|-activate|p2a: Delphox|move: Protect
|-supereffective|p2b: Whimsicott|1
|-damage|p2b: Whimsicott|0 fnt
|faint|p2b: Whimsicott
|move|p1b: Garchomp|Rock Slide|p2a: Delphox
|-activate|p2a: Delphox|move: Protect
|
|-weather|Snowscape|[upkeep]
|-sideend|p1: kememe|move: Tailwind
|upkeep
|
|t:|1785172745
|switch|p2b: Garchomp|Garchomp, L50, M|100/100
|turn|5
|
|t:|1785172767
|move|p2b: Garchomp|Dragon Claw|p1b: Garchomp
|-supereffective|p1b: Garchomp|1
|-damage|p1b: Garchomp|38/100
|-damage|p2b: Garchomp|87/100|[from] ability: Rough Skin|[of] p1b: Garchomp
|move|p2a: Delphox|Psychic|p1b: Garchomp
|-crit|p1b: Garchomp
|-damage|p1b: Garchomp|0 fnt
|faint|p1b: Garchomp
|move|p1a: Delphox|Nasty Plot|p1a: Delphox
|-boost|p1a: Delphox|spa|2
|
|-weather|none
|-sideend|p1: kememe|move: Aurora Veil
|upkeep
|turn|6
|
|t:|1785172781
|move|p1a: Delphox|Protect|p1a: Delphox
|-singleturn|p1a: Delphox|Protect
|move|p2b: Garchomp|Dragon Claw|p1a: Delphox
|-activate|p1a: Delphox|move: Protect
|move|p2a: Delphox|Encore|p1a: Delphox
|-activate|p1a: Delphox|move: Protect
|
|-sideend|p2: jeanryupr|move: Tailwind
|upkeep
|turn|7
|
|t:|1785172787
|move|p2b: Garchomp|Dragon Claw|p1a: Delphox
|-damage|p1a: Delphox|19/100
|move|p2a: Delphox|Psychic|p1a: Delphox
|-resisted|p1a: Delphox|1
|-damage|p1a: Delphox|0 fnt
|faint|p1a: Delphox
|
|win|jeanryupr
