|j|☆Cogao vascaino
|j|☆prof.jirofales
|html|Cogao vascainoprof.jirofales    
|uhtml|bestof|Game 3 of a best-of-3
|t:|1754702828
|gametype|doubles
|player|p1|Cogao vascaino|chuck|1155
|player|p2|prof.jirofales|265|1305
|gen|9
|tier|[Gen 9] VGC 2025 Reg H (Bo3)
|rated|
|rule|Species Clause: Limit one of each Pokémon
|rule|Item Clause: Limit 1 of each item
|clearpoke
|poke|p1|Charizard, L50, F|
|poke|p1|Torkoal, L50, M|
|poke|p1|Porygon2, L50|
|poke|p1|Incineroar, L50, M|
|poke|p1|Jumpluff, L50, F|
|poke|p1|Ursaluna, L50, F|
|poke|p2|Baxcalibur, L50, F|
|poke|p2|Basculegion, L50, M|
|poke|p2|Rillaboom, L50, M|
|poke|p2|Volcarona, L50, F|
|poke|p2|Sneasler, L50, F|
|poke|p2|Corviknight, L50, M|
|teampreview|4
|showteam|p1|Charizard||ChoiceSpecs|SolarPower|HeatWave,Overheat,WeatherBall,AirSlash|||F|||50|,,,,,Ghost]Torkoal||EjectPack|Drought|Eruption,Overheat,HelpingHand,Protect|||M|||50|,,,,,Fire]Porygon2||Eviolite|Download|IceBeam,TeraBlast,TrickRoom,Recover||||||50|,,,,,Fighting]Incineroar||SitrusBerry|Intimidate|FlareBlitz,KnockOff,FakeOut,PartingShot|||M|||50|,,,,,Ghost]Jumpluff||CovertCloak|Chlorophyll|SleepPowder,SunnyDay,RagePowder,Tailwind|||F|||50|,,,,,Water]Ursaluna||FlameOrb|Guts|HeadlongRush,Facade,Earthquake,Protect|||F|||50|,,,,,Ghost
|showteam|p2|Baxcalibur||LoadedDice|ThermalExchange|IcicleSpear,ScaleShot,IceShard,Protect|||F|||50|,,,,,Ghost]Basculegion||ChoiceScarf|Adaptability|FlipTurn,WaveCrash,LastRespects,TeraBlast|||M|||50|,,,,,Fairy]Rillaboom||AssaultVest|GrassySurge|FakeOut,GrassyGlide,WoodHammer,Uturn|||M|||50|,,,,,Fire]Volcarona||CovertCloak|FlameBody|HeatWave,TeraBlast,QuiverDance,Protect|||F|||50|,,,,,Fairy]Sneasler||FocusSash|Unburden|FakeOut,DireClaw,CloseCombat,Coaching|||F|||50|,,,,,Stellar]Corviknight||MirrorHerb|MirrorArmor|BraveBird,IronHead,Tailwind,Protect|||M|||50|,,,,,Water
|j| THNugget
|
|t:|1754702889
|teamsize|p1|4
|teamsize|p2|4
|start
|switch|p1a: Incineroar|Incineroar, L50, M|100/100
|switch|p1b: Jumpluff|Jumpluff, L50, F|100/100
|switch|p2a: Baxcalibur|Baxcalibur, L50, F|100/100
|switch|p2b: Rillaboom|Rillaboom, L50, M|100/100
|-fieldstart|move: Grassy Terrain|[from] ability: Grassy Surge|[of] p2b: Rillaboom
|-ability|p1a: Incineroar|Intimidate|boost
|-unboost|p2a: Baxcalibur|atk|1
|-unboost|p2b: Rillaboom|atk|1
|turn|1
|
|t:|1754702994
|switch|p2b: Basculegion|Basculegion, L50, M|100/100
|-terastallize|p1b: Jumpluff|Water
|move|p2a: Baxcalibur|Protect|p2a: Baxcalibur
|-singleturn|p2a: Baxcalibur|Protect
|move|p1a: Incineroar|Fake Out|p2b: Basculegion
|-immune|p2b: Basculegion
|move|p1b: Jumpluff|Sunny Day|p1b: Jumpluff
|-weather|SunnyDay
|
|-weather|SunnyDay|[upkeep]
|upkeep
|turn|2
|
|t:|1754703043
|switch|p2b: Rillaboom|Rillaboom, L50, M|100/100
|move|p1b: Jumpluff|Sleep Powder|p2b: Rillaboom
|-immune|p2b: Rillaboom
|move|p2a: Baxcalibur|Scale Shot|p1b: Jumpluff
|-damage|p1b: Jumpluff|88/100
|-damage|p1b: Jumpluff|74/100
|-damage|p1b: Jumpluff|61/100
|-damage|p1b: Jumpluff|50/100
|-damage|p1b: Jumpluff|37/100
|-hitcount|p1b: Jumpluff|5
|-unboost|p2a: Baxcalibur|def|1
|-boost|p2a: Baxcalibur|spe|1
|move|p1a: Incineroar|Parting Shot|p2a: Baxcalibur
|-unboost|p2a: Baxcalibur|atk|1
|-unboost|p2a: Baxcalibur|spa|1
|
|t:|1754703057
|switch|p1a: Charizard|Charizard, L50, F|100/100|[from] Parting Shot
|
|-weather|SunnyDay|[upkeep]
|-damage|p1a: Charizard|88/100|[from] ability: Solar Power|[of] p1a: Charizard
|-heal|p1b: Jumpluff|43/100|[from] Grassy Terrain
|upkeep
|turn|3
|
|t:|1754703078
|switch|p1b: Incineroar|Incineroar, L50, M|100/100
|-ability|p1b: Incineroar|Intimidate|boost
|-unboost|p2a: Baxcalibur|atk|1
|-unboost|p2b: Rillaboom|atk|1
|move|p2b: Rillaboom|Grassy Glide|p1b: Incineroar
|-resisted|p1b: Incineroar
|-damage|p1b: Incineroar|88/100
|move|p2a: Baxcalibur|Scale Shot|p1a: Charizard|[miss]
|-miss|p2a: Baxcalibur|p1a: Charizard
|move|p1a: Charizard|Heat Wave|p2b: Rillaboom|[spread] p2a,p2b
|-supereffective|p2b: Rillaboom
|-damage|p2a: Baxcalibur|0 fnt
|-damage|p2b: Rillaboom|0 fnt
|faint|p2a: Baxcalibur
|faint|p2b: Rillaboom
|
|-weather|SunnyDay|[upkeep]
|-damage|p1a: Charizard|76/100|[from] ability: Solar Power|[of] p1a: Charizard
|-heal|p1b: Incineroar|94/100|[from] Grassy Terrain
|upkeep
|
|t:|1754703096
|switch|p2a: Basculegion|Basculegion, L50, M|100/100
|switch|p2b: Volcarona|Volcarona, L50, F|100/100
|turn|4
|
|t:|1754703116
|switch|p1a: Ursaluna|Ursaluna, L50, F|100/100
|move|p2a: Basculegion|Last Respects|p1a: Ursaluna
|-immune|p1a: Ursaluna
|move|p2b: Volcarona|Quiver Dance|p2b: Volcarona
|-boost|p2b: Volcarona|spa|1
|-boost|p2b: Volcarona|spd|1
|-boost|p2b: Volcarona|spe|1
|move|p1b: Incineroar|Knock Off|p2a: Basculegion
|-supereffective|p2a: Basculegion
|-damage|p2a: Basculegion|2/100
|-enditem|p2a: Basculegion|Choice Scarf|[from] move: Knock Off|[of] p1b: Incineroar
|
|-weather|SunnyDay|[upkeep]
|-heal|p2a: Basculegion|9/100|[from] Grassy Terrain
|-heal|p1b: Incineroar|99/100|[from] Grassy Terrain
|-status|p1a: Ursaluna|brn|[from] item: Flame Orb
|upkeep
|turn|5
|
|t:|1754703152
|-terastallize|p2b: Volcarona|Fairy
|move|p1a: Ursaluna|Protect|p1a: Ursaluna
|-singleturn|p1a: Ursaluna|Protect
|move|p2b: Volcarona|Heat Wave|p1b: Incineroar|[spread] p1b
|-activate|p1a: Ursaluna|move: Protect
|-resisted|p1b: Incineroar
|-damage|p1b: Incineroar|59/100
|move|p2a: Basculegion|Wave Crash|p1b: Incineroar
|-supereffective|p1b: Incineroar
|-damage|p1b: Incineroar|0 fnt
|faint|p1b: Incineroar
|-damage|p2a: Basculegion|0 fnt|[from] Recoil
|faint|p2a: Basculegion
|
|-weather|none
|-damage|p1a: Ursaluna|95/100 brn|[from] brn
|-fieldend|move: Grassy Terrain
|upkeep
|
|t:|1754703163
|switch|p1b: Jumpluff|Jumpluff, L50, F, tera:Water|43/100
|turn|6
|
|t:|1754703184
|move|p2b: Volcarona|Tera Blast|p1a: Ursaluna|[anim] Tera Blast Fairy
|-damage|p1a: Ursaluna|38/100 brn
|move|p1b: Jumpluff|Sleep Powder|p2b: Volcarona
|-status|p2b: Volcarona|slp|[from] move: Sleep Powder
|move|p1a: Ursaluna|Facade|p2b: Volcarona
|-damage|p2b: Volcarona|0 fnt
|faint|p2b: Volcarona
|
|win|Cogao vascaino
|raw|Cogao vascaino's rating: 1155 → 1190(+35 for winning)
|raw|prof.jirofales's rating: 1305 → 1277(-28 for losing)
|l|☆prof.jirofales
|player|p2|
|l|☆Cogao vascaino
|player|p1|
|j|☆Cogao vascaino
|player|p1|Cogao vascaino|chuck|
