|j|☆Dregoth
|j|☆Lord Of Bulky
|html|DregothLord Of Bulky    
|uhtml|bestof|Game 1 of a best-of-3
|t:|1783104952
|gametype|doubles
|player|p1|Dregoth|volkner|
|player|p2|Lord Of Bulky|alder|
|gen|9
|tier|[Gen 9 Champions] VGC 2026 Reg M-B (Bo3)
|rule|Species Clause: Limit one of each Pokémon
|rule|Item Clause: Limit 1 of each item
|clearpoke
|poke|p1|Sinistcha-Masterpiece, L50|
|poke|p1|Grimmsnarl, L50, M|
|poke|p1|Delphox, L50, M|
|poke|p1|Incineroar, L50, M|
|poke|p1|Staraptor, L50, M|
|poke|p1|Kingambit, L50, F|
|poke|p2|Milotic, L50, F, shiny|
|poke|p2|Incineroar, L50, F|
|poke|p2|Sinistcha, L50|
|poke|p2|Ceruledge, L50, M, shiny|
|poke|p2|Raichu, L50, M|
|poke|p2|Floette-Eternal, L50, F|
|teampreview|4
|showteam|p1|Sinistcha-Masterpiece||KasibBerry|Hospitality|MatchaGotcha,RagePowder,LifeDew,Protect|Bold|||||50|]Grimmsnarl||LightClay|Prankster|SpiritBreak,PartingShot,Reflect,LightScreen|Calm||M|||50|]Delphox||Delphoxite|Blaze|HeatWave,Psychic,NastyPlot,Protect|Modest||M|||50|]Incineroar||SitrusBerry|Intimidate|FlareBlitz,DarkestLariat,FakeOut,PartingShot|Adamant||M|||50|]Staraptor||Staraptite|Intimidate|CloseCombat,DualWingbeat,Roost,Protect|Jolly||M|||50|]Kingambit||BlackGlasses|Defiant|KowtowCleave,SuckerPunch,SwordsDance,Protect|Adamant||F|||50|
|showteam|p2|Milotic||Leftovers|Competitive|MuddyWater,Coil,Hypnosis,Protect|Calm||F|||50|]Incineroar||SitrusBerry|Intimidate|FlareBlitz,ThroatChop,FakeOut,PartingShot|Impish||F|||50|]Sinistcha||KasibBerry|Hospitality|MatchaGotcha,LifeDew,RagePowder,Protect|Relaxed|||||50|]Ceruledge||ColburBerry|FlashFire|BitterBlade,ShadowSneak,BulkUp,Protect|Adamant||M|||50|]Raichu||RaichuniteY|LightningRod|ZapCannon,FocusBlast,FakeOut,Protect|Timid||M|||50|]Floette-Eternal||Floettite|FlowerVeil|DazzlingGleam,DrainingKiss,CalmMind,Protect|Modest||F|||50|
|
|t:|1783105054
|teamsize|p1|4
|teamsize|p2|4
|start
|switch|p1a: Incineroar|Incineroar, L50, M|100/100
|switch|p1b: Kingambit|Kingambit, L50, F|100/100
|switch|p2a: Ceruledge|Ceruledge, L50, M, shiny|100/100
|switch|p2b: Raichu|Raichu, L50, M|100/100
|-ability|p1a: Incineroar|Intimidate|boost
|-unboost|p2a: Ceruledge|atk|1
|-unboost|p2b: Raichu|atk|1
|turn|1
|
|t:|1783105083
|detailschange|p2b: Raichu|Raichu-Mega-Y, L50, M
|-mega|p2b: Raichu|Raichu|Raichunite Y
|move|p2b: Raichu|Fake Out|p1b: Kingambit
|-resisted|p1b: Kingambit|1
|-crit|p1b: Kingambit
|-damage|p1b: Kingambit|95/100
|move|p1a: Incineroar|Fake Out|p2b: Raichu
|-damage|p2b: Raichu|83/100
|move|p2a: Ceruledge|Bulk Up|p2a: Ceruledge
|-boost|p2a: Ceruledge|atk|1
|-boost|p2a: Ceruledge|def|1
|cant|p1b: Kingambit|flinch
|
|upkeep
|turn|2
|
|t:|1783105120
|move|p2b: Raichu|Focus Blast|p1a: Incineroar
|-supereffective|p1a: Incineroar|1
|-damage|p1a: Incineroar|19/100
|-enditem|p1a: Incineroar|Sitrus Berry|[eat]
|-heal|p1a: Incineroar|44/100|[from] item: Sitrus Berry
|move|p2a: Ceruledge|Bulk Up|p2a: Ceruledge
|-boost|p2a: Ceruledge|atk|1
|-boost|p2a: Ceruledge|def|1
|move|p1a: Incineroar|Parting Shot|p2a: Ceruledge
|-unboost|p2a: Ceruledge|atk|1
|-unboost|p2a: Ceruledge|spa|1
|
|t:|1783105129
|switch|p1a: Delphox|Delphox, L50, M|100/100|[from] Parting Shot
|move|p1b: Kingambit|Kowtow Cleave|p2a: Ceruledge
|-supereffective|p2a: Ceruledge|1
|-enditem|p2a: Ceruledge|Colbur Berry|[eat]
|-enditem|p2a: Ceruledge|Colbur Berry|[weaken]
|-damage|p2a: Ceruledge|73/100
|
|upkeep
|turn|3
|
|t:|1783105146
|detailschange|p1a: Delphox|Delphox-Mega, L50, M
|-mega|p1a: Delphox|Delphox|Delphoxite
|move|p2a: Ceruledge|Shadow Sneak|p1a: Delphox
|-supereffective|p1a: Delphox|1
|-damage|p1a: Delphox|51/100
|move|p1b: Kingambit|Sucker Punch|p2b: Raichu
|-damage|p2b: Raichu|15/100
|move|p2b: Raichu|Focus Blast|p1b: Kingambit
|-supereffective|p1b: Kingambit|2
|-damage|p1b: Kingambit|0 fnt
|faint|p1b: Kingambit
|move|p1a: Delphox|Nasty Plot|p1a: Delphox
|-boost|p1a: Delphox|spa|2
|
|upkeep
|
|t:|1783105153
|switch|p1b: Sinistcha|Sinistcha-Masterpiece, L50|100/100
|-heal|p1a: Delphox|76/100|[from] ability: Hospitality|[of] p1b: Sinistcha
|turn|4
|
|t:|1783105174
|switch|p2b: Incineroar|Incineroar, L50, F|100/100
|-ability|p2b: Incineroar|Intimidate|boost
|-unboost|p1a: Delphox|atk|1
|-unboost|p1b: Sinistcha|atk|1
|switch|p1b: Incineroar|Incineroar, L50, M|44/100
|-ability|p1b: Incineroar|Intimidate|boost
|-unboost|p2a: Ceruledge|atk|1
|-unboost|p2b: Incineroar|atk|1
|move|p1a: Delphox|Psychic|p2a: Ceruledge
|-crit|p2a: Ceruledge
|-damage|p2a: Ceruledge|0 fnt
|faint|p2a: Ceruledge
|
|upkeep
|
|t:|1783105186
|switch|p2a: Milotic|Milotic, L50, F, shiny|100/100
|turn|5
|
|t:|1783105196
|move|p2a: Milotic|Protect|p2a: Milotic
|-singleturn|p2a: Milotic|Protect
|move|p1b: Incineroar|Fake Out|p2b: Incineroar
|-damage|p2b: Incineroar|91/100
|move|p1a: Delphox|Heat Wave|p2b: Incineroar|[spread] p2b
|-activate|p2a: Milotic|move: Protect
|-resisted|p2b: Incineroar|1
|-damage|p2b: Incineroar|58/100
|cant|p2b: Incineroar|flinch
|
|upkeep
|turn|6
|
|t:|1783105208
|move|p1a: Delphox|Psychic|p2a: Milotic
|-damage|p2a: Milotic|30/100
|move|p2a: Milotic|Muddy Water|p1b: Incineroar|[spread] p1a
|-miss|p2a: Milotic|p1b: Incineroar
|-supereffective|p1a: Delphox|1
|-damage|p1a: Delphox|33/100
|-unboost|p1a: Delphox|accuracy|1
|move|p1b: Incineroar|Parting Shot|p2b: Incineroar
|-unboost|p2b: Incineroar|atk|1
|-unboost|p2b: Incineroar|spa|1
|
|t:|1783105216
|switch|p1b: Sinistcha|Sinistcha-Masterpiece, L50|100/100|[from] Parting Shot
|-heal|p1a: Delphox|58/100|[from] ability: Hospitality|[of] p1b: Sinistcha
|move|p2b: Incineroar|Throat Chop|p1a: Delphox
|-supereffective|p1a: Delphox|1
|-damage|p1a: Delphox|21/100
|-start|p1a: Delphox|Throat Chop|[silent]
|
|-heal|p2a: Milotic|36/100|[from] item: Leftovers
|upkeep
|turn|7
|
|t:|1783105244
|switch|p1a: Incineroar|Incineroar, L50, M|44/100
|-ability|p1a: Incineroar|Intimidate|boost
|-unboost|p2a: Milotic|atk|1
|-ability|p2a: Milotic|Competitive|boost
|-boost|p2a: Milotic|spa|2
|-unboost|p2b: Incineroar|atk|1
|move|p2a: Milotic|Muddy Water|p1b: Sinistcha|[spread] p1a,p1b
|-supereffective|p1a: Incineroar|1
|-resisted|p1b: Sinistcha|1
|-damage|p1a: Incineroar|0 fnt
|-damage|p1b: Sinistcha|75/100
|faint|p1a: Incineroar
|move|p1b: Sinistcha|Matcha Gotcha|p2a: Milotic|[spread] p2a,p2b
|-supereffective|p2a: Milotic|1
|-resisted|p2b: Incineroar|1
|-damage|p2a: Milotic|2/100
|-heal|p1b: Sinistcha|94/100|[from] drain|[of] p2a: Milotic
|-damage|p2b: Incineroar|49/100
|-heal|p1b: Sinistcha|100/100|[from] drain|[of] p2b: Incineroar
|-status|p2a: Milotic|brn
|-enditem|p2b: Incineroar|Sitrus Berry|[eat]
|-heal|p2b: Incineroar|74/100|[from] item: Sitrus Berry
|move|p2b: Incineroar|Parting Shot|p1b: Sinistcha
|-unboost|p1b: Sinistcha|atk|1
|-unboost|p1b: Sinistcha|spa|1
|
|t:|1783105266
|switch|p2b: Raichu|Raichu-Mega-Y, L50, M|15/100|[from] Parting Shot
|
|-heal|p2a: Milotic|8/100 brn|[from] item: Leftovers
|-damage|p2a: Milotic|2/100 brn|[from] brn
|upkeep
|
|t:|1783105272
|switch|p1a: Delphox|Delphox-Mega, L50, M|21/100
|turn|8
|
|t:|1783105295
|move|p1a: Delphox|Protect|p1a: Delphox
|-singleturn|p1a: Delphox|Protect
|move|p2b: Raichu|Fake Out|p1a: Delphox
|-activate|p1a: Delphox|move: Protect
|move|p2a: Milotic|Hypnosis|p1b: Sinistcha|[miss]
|-miss|p2a: Milotic|p1b: Sinistcha
|move|p1b: Sinistcha|Life Dew||[still]|[spread] p1a,p1b
|-heal|p1a: Delphox|46/100
|-fail|p1b: Sinistcha|heal
|
|-heal|p2a: Milotic|8/100 brn|[from] item: Leftovers
|-damage|p2a: Milotic|2/100 brn|[from] brn
|upkeep
|turn|9
|
|t:|1783105313
|move|p1b: Sinistcha|Rage Powder|p1b: Sinistcha
|-singleturn|p1b: Sinistcha|move: Rage Powder
|move|p2b: Raichu|Zap Cannon|p1b: Sinistcha
|-resisted|p1b: Sinistcha|1
|-damage|p1b: Sinistcha|67/100
|-status|p1b: Sinistcha|par
|move|p1a: Delphox|Heat Wave|p2a: Milotic|[spread] p2a,p2b
|-resisted|p2a: Milotic|1
|-damage|p2a: Milotic|0 fnt
|-damage|p2b: Raichu|0 fnt
|faint|p2a: Milotic
|faint|p2b: Raichu
|
|upkeep
|
|t:|1783105324
|switch|p2b: Incineroar|Incineroar, L50, F|74/100
|-ability|p2b: Incineroar|Intimidate|boost
|-unboost|p1a: Delphox|atk|1
|-unboost|p1b: Sinistcha|atk|1
|turn|10
|
|t:|1783105333
|move|p1b: Sinistcha|Rage Powder|p1b: Sinistcha
|-singleturn|p1b: Sinistcha|move: Rage Powder
|move|p1a: Delphox|Nasty Plot|p1a: Delphox
|-boost|p1a: Delphox|spa|2
|move|p2b: Incineroar|Flare Blitz|p1b: Sinistcha
|-supereffective|p1b: Sinistcha|1
|-damage|p1b: Sinistcha|0 fnt
|faint|p1b: Sinistcha
|-damage|p2b: Incineroar|54/100|[from] Recoil
|
|upkeep
|turn|11
|
|t:|1783105343
|move|p1a: Delphox|Heat Wave|p2b: Incineroar
|-resisted|p2b: Incineroar|1
|-damage|p2b: Incineroar|4/100
|move|p2b: Incineroar|Throat Chop|p1a: Delphox
|-supereffective|p1a: Delphox|1
|-damage|p1a: Delphox|0 fnt
|faint|p1a: Delphox
|
|win|Lord Of Bulky
||Dregoth is ready for game 2.
