|j|☆homerj71
|j|☆AxolVinie
|html|homerj71AxolVinie    
|uhtml|bestof|Game 2 of a best-of-3
|t:|1785954614
|gametype|doubles
|player|p1|homerj71|266|1201
|player|p2|AxolVinie|102|1165
|gen|9
|tier|[Gen 9 Champions] VGC 2026 Reg M-B (Bo3)
|rated|
|rule|Species Clause: Limit one of each Pokémon
|rule|Item Clause: Limit 1 of each item
|clearpoke
|poke|p1|Tyranitar, L50, F|
|poke|p1|Staraptor, L50, M|
|poke|p1|Gholdengo, L50|
|poke|p1|Excadrill, L50, F|
|poke|p1|Sinistcha, L50|
|poke|p1|Milotic, L50, M|
|poke|p2|Archaludon, L50, F|
|poke|p2|Grimmsnarl, L50, M|
|poke|p2|Pelipper, L50, F|
|poke|p2|Swampert, L50, F|
|poke|p2|Incineroar, L50, F|
|poke|p2|Sinistcha, L50|
|teampreview|4
|showteam|p1|Tyranitar||Tyranitarite|SandStream|KnockOff,RockSlide,Protect,LowKick|Jolly||F|||50|]Staraptor||Staraptite|Intimidate|DualWingbeat,CloseCombat,Protect,Tailwind|Jolly||M|||50|]Gholdengo||LifeOrb|GoodasGold|MakeItRain,NastyPlot,Protect,ShadowBall|Timid|||||50|]Excadrill||FocusSash|SandRush|HighHorsepower,IronHead,RockSlide,Protect|Adamant||F|||50|]Sinistcha||SitrusBerry|Hospitality|MatchaGotcha,RagePowder,ShadowBall,Protect|Calm|||||50|]Milotic||Leftovers|Competitive|Scald,IcyWind,Protect,IceBeam|Modest||M|||50|
|showteam|p2|Archaludon||Leftovers|Stamina|ElectroShot,FlashCannon,DragonPulse,Protect|Calm||F|||50|]Grimmsnarl||LightClay|Prankster|PartingShot,LightScreen,Reflect,FoulPlay|Careful||M|||50|]Pelipper||DampRock|Drizzle|WeatherBall,Hurricane,Protect,Tailwind|Calm||F|||50|]Swampert||Swampertite|Damp|WaveCrash,Earthquake,IcePunch,Protect|Adamant||F|||50|]Incineroar||SitrusBerry|Intimidate|FlareBlitz,DarkestLariat,FakeOut,PartingShot|Impish||F|||50|]Sinistcha||KasibBerry|Hospitality|MatchaGotcha,RagePowder,LifeDew,Protect|Bold|||||50|
|inactive|Battle timer is ON: inactive players will automatically lose when time's up. (requested by homerj71)
|
|t:|1785954633
|teamsize|p1|4
|teamsize|p2|4
|start
|switch|p1a: Gholdengo|Gholdengo, L50|100/100
|switch|p1b: Sinistcha|Sinistcha, L50|100/100
|switch|p2a: Pelipper|Pelipper, L50, F|100/100
|switch|p2b: Swampert|Swampert, L50, F|100/100
|-weather|RainDance|[from] ability: Drizzle|[of] p2a: Pelipper
|turn|1
|
|t:|1785954645
|switch|p1a: Staraptor|Staraptor, L50, M|100/100
|-ability|p1a: Staraptor|Intimidate|boost
|-unboost|p2a: Pelipper|atk|1
|-unboost|p2b: Swampert|atk|1
|detailschange|p2b: Swampert|Swampert-Mega, L50, F
|-mega|p2b: Swampert|Swampert|Swampertite
|move|p2b: Swampert|Ice Punch|p1b: Sinistcha
|-supereffective|p1b: Sinistcha|1
|-damage|p1b: Sinistcha|63/100
|move|p1b: Sinistcha|Matcha Gotcha|p2b: Swampert|[spread] p2a,p2b
|-supereffective|p2b: Swampert|2
|-damage|p2a: Pelipper|76/100
|-heal|p1b: Sinistcha|75/100|[from] drain|[of] p2a: Pelipper
|-damage|p2b: Swampert|9/100
|-heal|p1b: Sinistcha|100/100|[from] drain|[of] p2b: Swampert
|-status|p2b: Swampert|brn
|move|p2a: Pelipper|Tailwind|p2a: Pelipper
|-sidestart|p2: AxolVinie|move: Tailwind
|
|-weather|RainDance|[upkeep]
|-damage|p2b: Swampert|3/100 brn|[from] brn
|upkeep
|turn|2
|
|t:|1785954665
|switch|p2b: Incineroar|Incineroar, L50, F|100/100
|-ability|p2b: Incineroar|Intimidate|boost
|-unboost|p1a: Staraptor|atk|1
|-unboost|p1b: Sinistcha|atk|1
|detailschange|p1a: Staraptor|Staraptor-Mega, L50, M
|-mega|p1a: Staraptor|Staraptor|Staraptite
|move|p1b: Sinistcha|Protect|p1b: Sinistcha
|-singleturn|p1b: Sinistcha|Protect
|move|p1a: Staraptor|Tailwind|p1a: Staraptor
|-sidestart|p1: homerj71|move: Tailwind
|move|p2a: Pelipper|Hurricane|p1b: Sinistcha
|-activate|p1b: Sinistcha|move: Protect
|
|-weather|RainDance|[upkeep]
|upkeep
|turn|3
|
|t:|1785954686
|move|p1a: Staraptor|Protect|p1a: Staraptor
|-singleturn|p1a: Staraptor|Protect
|move|p1b: Sinistcha|Matcha Gotcha|p2b: Incineroar|[spread] p2a,p2b
|-resisted|p2b: Incineroar|1
|-damage|p2a: Pelipper|53/100
|-damage|p2b: Incineroar|88/100
|move|p2a: Pelipper|Hurricane|p1b: Sinistcha
|-supereffective|p1b: Sinistcha|1
|-damage|p1b: Sinistcha|34/100
|-start|p1b: Sinistcha|confusion
|-enditem|p1b: Sinistcha|Sitrus Berry|[eat]
|-heal|p1b: Sinistcha|59/100|[from] item: Sitrus Berry
|move|p2b: Incineroar|Parting Shot|p1a: Staraptor
|-activate|p1a: Staraptor|move: Protect
|
|-weather|RainDance|[upkeep]
|upkeep
|turn|4
|inactive|AxolVinie has 30 seconds left.
|
|t:|1785954714
|switch|p2a: Swampert|Swampert-Mega, L50, F|3/100 brn
|switch|p2b: Sinistcha|Sinistcha, L50|100/100
|-heal|p2a: Swampert|28/100 brn|[from] ability: Hospitality|[of] p2b: Sinistcha
|move|p1a: Staraptor|Close Combat|p2b: Sinistcha
|-immune|p2b: Sinistcha
|-activate|p1b: Sinistcha|confusion
|move|p1b: Sinistcha|Matcha Gotcha|p2b: Sinistcha|[spread] p2a,p2b
|-supereffective|p2a: Swampert|2
|-resisted|p2b: Sinistcha|1
|-damage|p2a: Swampert|0 fnt
|-heal|p1b: Sinistcha|74/100|[from] drain|[of] p2a: Swampert
|-damage|p2b: Sinistcha|84/100
|-heal|p1b: Sinistcha|81/100|[from] drain|[of] p2b: Sinistcha
|faint|p2a: Swampert
|
|-weather|RainDance|[upkeep]
|-sideend|p2: AxolVinie|move: Tailwind
|upkeep
|
|t:|1785954727
|switch|p2a: Pelipper|Pelipper, L50, F|53/100
|turn|5
|
|t:|1785954733
|move|p1a: Staraptor|Dual Wingbeat|p2b: Sinistcha
|-supereffective|p2b: Sinistcha|1
|-damage|p2b: Sinistcha|64/100
|-supereffective|p2b: Sinistcha|1
|-damage|p2b: Sinistcha|43/100
|-hitcount|p2b: Sinistcha|2
|-activate|p1b: Sinistcha|confusion
|move|p1b: Sinistcha|Shadow Ball|p2a: Pelipper
|-damage|p2a: Pelipper|20/100y
|move|p2b: Sinistcha|Life Dew|p2b: Sinistcha|[spread] p2a,p2b
|-heal|p2a: Pelipper|45/100
|-heal|p2b: Sinistcha|68/100
|move|p2a: Pelipper|Hurricane|p1a: Staraptor
|-supereffective|p1a: Staraptor|1
|-damage|p1a: Staraptor|16/100
|-start|p1a: Staraptor|confusion
|
|-weather|RainDance|[upkeep]
|-sideend|p1: homerj71|move: Tailwind
|upkeep
|turn|6
|
|t:|1785954744
|move|p2a: Pelipper|Protect|p2a: Pelipper
|-singleturn|p2a: Pelipper|Protect
|-activate|p1a: Staraptor|confusion
|move|p1a: Staraptor|Dual Wingbeat|p2b: Sinistcha
|-supereffective|p2b: Sinistcha|1
|-crit|p2b: Sinistcha
|-damage|p2b: Sinistcha|23/100
|-supereffective|p2b: Sinistcha|1
|-damage|p2b: Sinistcha|2/100
|-hitcount|p2b: Sinistcha|2
|move|p2b: Sinistcha|Life Dew|p2b: Sinistcha|[spread] p2a,p2b
|-heal|p2a: Pelipper|70/100
|-heal|p2b: Sinistcha|27/100
|-end|p1b: Sinistcha|confusion
|move|p1b: Sinistcha|Shadow Ball|p2b: Sinistcha
|-supereffective|p2b: Sinistcha|1
|-enditem|p2b: Sinistcha|Kasib Berry|[eat]
|-enditem|p2b: Sinistcha|Kasib Berry|[weaken]
|-damage|p2b: Sinistcha|0 fnt
|faint|p2b: Sinistcha
|
|-weather|RainDance|[upkeep]
|upkeep
|
|t:|1785954759
|switch|p2b: Incineroar|Incineroar, L50, F|88/100
|-ability|p2b: Incineroar|Intimidate|boost
|-boost|p1a: Staraptor|atk|1
|-unboost|p1b: Sinistcha|atk|1
|turn|7
|
|t:|1785954774
|-activate|p1a: Staraptor|confusion
|-damage|p1a: Staraptor|1/100|[from] confusion
|move|p1b: Sinistcha|Protect|p1b: Sinistcha
|-singleturn|p1b: Sinistcha|Protect
|move|p2a: Pelipper|Weather Ball|p1a: Staraptor
|-damage|p1a: Staraptor|0 fnt
|faint|p1a: Staraptor
|move|p2b: Incineroar|Flare Blitz|p1b: Sinistcha
|-activate|p1b: Sinistcha|move: Protect
|
|-weather|RainDance|[upkeep]
|upkeep
|
|t:|1785954789
|switch|p1a: Tyranitar|Tyranitar, L50, F|100/100
|-weather|Sandstorm|[from] ability: Sand Stream|[of] p1a: Tyranitar
|turn|8
|-message|AxolVinie forfeited.
|
|win|homerj71
|raw|homerj71's rating: 1201 → 1223(+22 for winning)
|raw|AxolVinie's rating: 1165 → 1143(-22 for losing)
