|j|☆Yoters
|j|☆Pawah
|html|YotersPawah    
|uhtml|bestof|Game 1 of a best-of-3
|t:|1756658249
|gametype|doubles
|player|p1|Yoters|veteranf|1180
|player|p2|Pawah|ethan|1131
|gen|9
|tier|[Gen 9] VGC 2025 Reg H (Bo3)
|rated|
|rule|Species Clause: Limit one of each Pokémon
|rule|Item Clause: Limit 1 of each item
|clearpoke
|poke|p1|Torkoal, L50, M|
|poke|p1|Lilligant-Hisui, L50, F|
|poke|p1|Golem-Alola, L50, F|
|poke|p1|Gliscor, L50, F|
|poke|p1|Dragapult, L50, M|
|poke|p1|Gholdengo, L50|
|poke|p2|Ursaluna, L50, F|
|poke|p2|Sinistcha, L50|
|poke|p2|Pelipper, L50, F|
|poke|p2|Archaludon, L50, M|
|poke|p2|Gholdengo, L50|
|poke|p2|Dragonite, L50, F|
|teampreview|4
|showteam|p1|Torkoal||EjectPack|Drought|Overheat,SolarBeam,HelpingHand,Protect|||M|||50|,,,,,Grass]Lilligant-Hisui||FocusSash|Chlorophyll|SolarBlade,TripleAxel,AfterYou,CloseCombat|||F|||50|,,,,,Fire]Golem-Alola||ClearAmulet|Galvanize|Explosion,DoubleEdge,Protect,WideGuard|||F|||50|,,,,,Electric]Gliscor||ToxicOrb|PoisonHeal|KnockOff,HighHorsepower,Protect,SunnyDay|||F|||50|,,,,,Water]Dragapult||ChoiceBand|ClearBody|DragonDarts,PsychicFangs,SuckerPunch,Uturn|||M|||50|,,,,,Dark]Gholdengo||ChoiceScarf|GoodasGold|MakeItRain,ShadowBall,Thunderbolt,Trick||||||50|,,,,,Water
|showteam|p2|Ursaluna||FlameOrb|Guts|HeadlongRush,Facade,Protect,Earthquake|||F|||50|,,,,,Ghost]Sinistcha||SitrusBerry|Hospitality|RagePowder,TrickRoom,LifeDew,MatchaGotcha||||||50|,,,,,Dark]Pelipper||FocusSash|Drizzle|Hurricane,Protect,WeatherBall,WideGuard|||F|||50|,,,,,Ghost]Archaludon||AssaultVest|Stamina|ElectroShot,FlashCannon,BodyPress,DracoMeteor|||M|||50|,,,,,Bug]Gholdengo||LifeOrb|GoodasGold|MakeItRain,ShadowBall,NastyPlot,Protect||||||50|,,,,,Water]Dragonite||LoadedDice|Multiscale|Protect,ScaleShot,Tailwind,Haze|||F|||50|,,,,,Fairy
|inactive|Battle timer is ON: inactive players will automatically lose when time's up. (requested by Pawah)
|inactive|Yoters has 60 seconds left.
|inactive|Pawah has 60 seconds left.
|
|t:|1756658290
|teamsize|p1|4
|teamsize|p2|4
|start
|switch|p1a: Lilligant|Lilligant-Hisui, L50, F|100/100
|switch|p1b: Gholdengo|Gholdengo, L50|100/100
|switch|p2a: Gholdengo|Gholdengo, L50|100/100
|switch|p2b: Dragonite|Dragonite, L50, F|100/100
|turn|1
|
|t:|1756658308
|-terastallize|p1b: Gholdengo|Water
|move|p2a: Gholdengo|Protect|p2a: Gholdengo
|-singleturn|p2a: Gholdengo|Protect
|move|p2b: Dragonite|Protect|p2b: Dragonite
|-singleturn|p2b: Dragonite|Protect
|move|p1b: Gholdengo|Make It Rain|p2b: Dragonite|[spread] 
|-activate|p2a: Gholdengo|move: Protect
|-activate|p2b: Dragonite|move: Protect
|move|p1a: Lilligant|Triple Axel|p2b: Dragonite
|-activate|p2b: Dragonite|move: Protect
|
|upkeep
|turn|2
|inactive|Yoters has 30 seconds left.
|inactive|Pawah has 30 seconds left.
|inactive|Pawah has 20 seconds left.
|
|t:|1756658347
|switch|p1b: Gliscor|Gliscor, L50, F|100/100
|switch|p2b: Archaludon|Archaludon, L50, M|100/100
|move|p1a: Lilligant|Close Combat|p2b: Archaludon
|-supereffective|p2b: Archaludon
|-damage|p2b: Archaludon|29/100
|-unboost|p1a: Lilligant|def|1
|-unboost|p1a: Lilligant|spd|1
|-ability|p2b: Archaludon|Stamina|boost
|-boost|p2b: Archaludon|def|1
|move|p2a: Gholdengo|Nasty Plot|p2a: Gholdengo
|-boost|p2a: Gholdengo|spa|2
|
|-status|p1b: Gliscor|tox|[from] item: Toxic Orb
|upkeep
|turn|3
|inactive|Yoters has 30 seconds left.
|inactive|Pawah has 30 seconds left.
|inactive|Pawah has 20 seconds left.
|
|t:|1756658383
|move|p2a: Gholdengo|Protect|p2a: Gholdengo
|-singleturn|p2a: Gholdengo|Protect
|move|p1a: Lilligant|After You|p1b: Gliscor
|-activate|p1b: Gliscor|move: After You
|move|p1b: Gliscor|Knock Off|p2a: Gholdengo
|-activate|p2a: Gholdengo|move: Protect
|move|p2b: Archaludon|Draco Meteor|p1b: Gliscor
|-damage|p1b: Gliscor|32/100 tox
|-unboost|p2b: Archaludon|spa|2
|
|-heal|p1b: Gliscor|44/100 tox|[from] ability: Poison Heal
|upkeep
|turn|4
|
|t:|1756658406
|switch|p1b: Torkoal|Torkoal, L50, M|100/100
|-weather|SunnyDay|[from] ability: Drought|[of] p1b: Torkoal
|-terastallize|p2a: Gholdengo|Water
|move|p1a: Lilligant|Solar Blade||[still]
|-prepare|p1a: Lilligant|Solar Blade
|-anim|p1a: Lilligant|Solar Blade|p2a: Gholdengo
|-supereffective|p2a: Gholdengo
|-damage|p2a: Gholdengo|0 fnt
|faint|p2a: Gholdengo
|move|p2b: Archaludon|Flash Cannon|p1a: Lilligant
|-damage|p1a: Lilligant|55/100
|
|-weather|SunnyDay|[upkeep]
|upkeep
|
|t:|1756658415
|switch|p2a: Pelipper|Pelipper, L50, F|100/100
|-weather|RainDance|[from] ability: Drizzle|[of] p2a: Pelipper
|turn|5
|
|t:|1756658424
|switch|p1b: Gholdengo|Gholdengo, L50, tera:Water|100/100
|move|p1a: Lilligant|Close Combat|p2b: Archaludon
|-supereffective|p2b: Archaludon
|-damage|p2b: Archaludon|0 fnt
|-unboost|p1a: Lilligant|def|1
|-unboost|p1a: Lilligant|spd|1
|faint|p2b: Archaludon
|move|p2a: Pelipper|Weather Ball|p1b: Gholdengo
|-resisted|p1b: Gholdengo
|-damage|p1b: Gholdengo|58/100
|
|-weather|RainDance|[upkeep]
|upkeep
|
|t:|1756658429
|switch|p2b: Dragonite|Dragonite, L50, F|100/100
|turn|6
|
|t:|1756658445
|move|p2b: Dragonite|Protect|p2b: Dragonite
|-singleturn|p2b: Dragonite|Protect
|move|p1b: Gholdengo|Thunderbolt|p2a: Pelipper
|-supereffective|p2a: Pelipper
|-enditem|p2a: Pelipper|Focus Sash
|-damage|p2a: Pelipper|1/100
|move|p1a: Lilligant|Triple Axel|p2b: Dragonite
|-activate|p2b: Dragonite|move: Protect
|move|p2a: Pelipper|Weather Ball|p1a: Lilligant
|-resisted|p1a: Lilligant
|-damage|p1a: Lilligant|0 fnt
|faint|p1a: Lilligant
|
|-weather|RainDance|[upkeep]
|upkeep
|
|t:|1756658461
|switch|p1a: Torkoal|Torkoal, L50, M|100/100
|-weather|SunnyDay|[from] ability: Drought|[of] p1a: Torkoal
|turn|7
|
|t:|1756658472
|move|p2a: Pelipper|Protect|p2a: Pelipper
|-singleturn|p2a: Pelipper|Protect
|move|p1b: Gholdengo|Thunderbolt|p2a: Pelipper
|-activate|p2a: Pelipper|move: Protect
|move|p2b: Dragonite|Tailwind|p2b: Dragonite
|-sidestart|p2: Pawah|move: Tailwind
|move|p1a: Torkoal|Overheat|p2b: Dragonite
|-resisted|p2b: Dragonite
|-damage|p2b: Dragonite|77/100
|-unboost|p1a: Torkoal|spa|2
|-enditem|p1a: Torkoal|Eject Pack
|
|t:|1756658482
|switch|p1a: Gliscor|Gliscor, L50, F|44/100 tox
|
|-weather|SunnyDay|[upkeep]
|-heal|p1a: Gliscor|56/100 tox|[from] ability: Poison Heal
|upkeep
|turn|8
|l|☆Pawah
|inactive|Pawah disconnected and has a minute to reconnect!
|player|p2|
|inactive|Pawah has 30 seconds left.
|inactive|Pawah has 20 seconds left.
|inactive|Pawah has 15 seconds left.
|inactive|Pawah has 10 seconds left.
|j|☆Pawah
|inactive|Pawah reconnected and has 10 seconds left.
|player|p2|Pawah|ethan|
|inactive|Pawah has 5 seconds left.
|
|t:|1756658537
|switch|p1b: Torkoal|Torkoal, L50, M|100/100
|move|p2b: Dragonite|Protect|p2b: Dragonite
|-singleturn|p2b: Dragonite|Protect
|move|p2a: Pelipper|Hurricane|p1b: Torkoal|[miss]
|-miss|p2a: Pelipper|p1b: Torkoal
|move|p1a: Gliscor|Knock Off|p2b: Dragonite
|-activate|p2b: Dragonite|move: Protect
|
|-weather|SunnyDay|[upkeep]
|-heal|p1a: Gliscor|69/100 tox|[from] ability: Poison Heal
|upkeep
|turn|9
|
|t:|1756658549
|move|p1a: Gliscor|Protect|p1a: Gliscor
|-singleturn|p1a: Gliscor|Protect
|move|p1b: Torkoal|Protect|p1b: Torkoal
|-singleturn|p1b: Torkoal|Protect
|move|p2b: Dragonite|Scale Shot|p1a: Gliscor
|-activate|p1a: Gliscor|move: Protect
|move|p2a: Pelipper|Weather Ball|p1a: Gliscor
|-activate|p1a: Gliscor|move: Protect
|
|-weather|SunnyDay|[upkeep]
|-heal|p1a: Gliscor|81/100 tox|[from] ability: Poison Heal
|upkeep
|turn|10
|inactive|Yoters has 30 seconds left.
|inactive|Pawah has 30 seconds left.
|
|t:|1756658579
|move|p2b: Dragonite|Scale Shot|p1a: Gliscor
|-damage|p1a: Gliscor|70/100 tox
|-damage|p1a: Gliscor|59/100 tox
|-damage|p1a: Gliscor|48/100 tox
|-damage|p1a: Gliscor|37/100 tox
|-hitcount|p1a: Gliscor|4
|-unboost|p2b: Dragonite|def|1
|-boost|p2b: Dragonite|spe|1
|move|p2a: Pelipper|Weather Ball|p1a: Gliscor
|-damage|p1a: Gliscor|0 fnt
|faint|p1a: Gliscor
|move|p1b: Torkoal|Solar Beam||[still]
|-prepare|p1b: Torkoal|Solar Beam
|-anim|p1b: Torkoal|Solar Beam|p2a: Pelipper
|-damage|p2a: Pelipper|0 fnt
|faint|p2a: Pelipper
|
|-weather|SunnyDay|[upkeep]
|-sideend|p2: Pawah|move: Tailwind
|upkeep
|
|t:|1756658596
|switch|p1a: Gholdengo|Gholdengo, L50, tera:Water|58/100
|turn|11
|
|t:|1756658603
|move|p1b: Torkoal|Helping Hand|p1a: Gholdengo
|-immune|p1a: Gholdengo|[from] ability: Good as Gold
|move|p1a: Gholdengo|Shadow Ball|p2b: Dragonite
|-damage|p2b: Dragonite|31/100
|-unboost|p2b: Dragonite|spd|1
|move|p2b: Dragonite|Scale Shot|p1a: Gholdengo
|-damage|p1a: Gholdengo|41/100
|-damage|p1a: Gholdengo|24/100
|-damage|p1a: Gholdengo|5/100
|-damage|p1a: Gholdengo|0 fnt
|faint|p1a: Gholdengo
|-hitcount|p1: Gholdengo|4
|-unboost|p2b: Dragonite|def|1
|-boost|p2b: Dragonite|spe|1
|
|-weather|none
|upkeep
|turn|12
|
|t:|1756658624
|move|p2b: Dragonite|Scale Shot|p1b: Torkoal
|-damage|p1b: Torkoal|89/100
|-damage|p1b: Torkoal|78/100
|-damage|p1b: Torkoal|67/100
|-damage|p1b: Torkoal|55/100
|-hitcount|p1b: Torkoal|4
|-unboost|p2b: Dragonite|def|1
|-boost|p2b: Dragonite|spe|1
|move|p1b: Torkoal|Overheat|p2b: Dragonite
|-resisted|p2b: Dragonite
|-crit|p2b: Dragonite
|-damage|p2b: Dragonite|0 fnt
|-unboost|p1b: Torkoal|spa|2
|faint|p2b: Dragonite
|
|win|Yoters
|inactive|Yoters has 30 seconds to confirm battle start!
|inactive|Pawah has 30 seconds to confirm battle start!
||Pawah is ready for game 2.
||Yoters is ready for game 2.
|uhtml|next|Next: Game 2 of 3
|l|☆Yoters
|player|p1|
