|j|☆emptinessmach
|j|☆Extroier
|html|emptinessmachExtroier    
|uhtml|bestof|Game 1 of a best-of-3
|t:|1757034228
|gametype|doubles
|player|p1|emptinessmach|red|1110
|player|p2|Extroier|101|1019
|gen|9
|tier|[Gen 9] VGC 2025 Reg H (Bo3)
|rated|
|rule|Species Clause: Limit one of each Pokémon
|rule|Item Clause: Limit 1 of each item
|clearpoke
|poke|p1|Porygon2, L50|
|poke|p1|Incineroar, L50, M|
|poke|p1|Garchomp, L50, F|
|poke|p1|Gholdengo, L50|
|poke|p1|Amoonguss, L50, F|
|poke|p1|Sneasler, L50, M|
|poke|p2|Tinkaton, L50, F|
|poke|p2|Sneasler, L50, M|
|poke|p2|Clefairy, L50, M|
|poke|p2|Grimmsnarl, L50, M|
|poke|p2|Volcarona, L50, M|
|poke|p2|Ninetales, L50, M|
|teampreview|4
|showteam|p1|Porygon2||Eviolite|Download|TeraBlast,IceBeam,Recover,TrickRoom||||||50|,,,,,Ground]Incineroar||SafetyGoggles|Intimidate|FlareBlitz,KnockOff,FakeOut,PartingShot|||M|||50|,,,,,Ghost]Garchomp||ClearAmulet|RoughSkin|Earthquake,Protect,StompingTantrum,DragonClaw|||F|||50|,,,,,Fire]Gholdengo||LifeOrb|GoodasGold|Protect,NastyPlot,MakeItRain,ShadowBall||||||50|,,,,,Water]Amoonguss||SitrusBerry|Regenerator|Spore,RagePowder,Protect,PollenPuff|||F|||50|,,,,,Fairy]Sneasler||FocusSash|PoisonTouch|DireClaw,CloseCombat,Coaching,Protect|||M|||50|,,,,,Flying
|showteam|p2|Tinkaton||Leftovers|OwnTempo|SwordsDance,GigatonHammer,Protect,FakeOut|||F|||50|,,,,,Dragon]Sneasler||FocusSash|PoisonTouch|CloseCombat,DireClaw,FakeOut,Protect|||M|||50|,,,,,Ghost]Clefairy||Eviolite|FriendGuard|Encore,Protect,FollowMe,LifeDew|||M|||50|,,,,,Grass]Grimmsnarl||CovertCloak|Prankster|Protect,SuckerPunch,Taunt,LightScreen|||M|||50|,,,,,Steel]Volcarona||LifeOrb|FlameBody|FieryDance,BugBuzz,QuiverDance,Protect|||M|||50|,,,,,Bug]Ninetales||ChoiceSpecs|Drought|Extrasensory,Flamethrower,Snarl,EnergyBall|||M|||50|,,,,,Fire
|inactive|Battle timer is ON: inactive players will automatically lose when time's up. (requested by Extroier)
|
|t:|1757034269
|teamsize|p1|4
|teamsize|p2|4
|start
|switch|p1a: Incineroar|Incineroar, L50, M|100/100
|switch|p1b: Garchomp|Garchomp, L50, F|100/100
|switch|p2a: Volcarona|Volcarona, L50, M|100/100
|switch|p2b: Clefairy|Clefairy, L50, M|100/100
|-ability|p1a: Incineroar|Intimidate|boost
|-unboost|p2a: Volcarona|atk|1
|-unboost|p2b: Clefairy|atk|1
|turn|1
|inactive|emptinessmach has 30 seconds left.
|
|t:|1757034298
|switch|p1b: Sneasler|Sneasler, L50, M|100/100
|move|p1a: Incineroar|Fake Out|p2a: Volcarona
|-damage|p2a: Volcarona|90/100
|cant|p2a: Volcarona|flinch
|move|p2b: Clefairy|Life Dew||[still]|[spread] p2a,p2b
|-heal|p2a: Volcarona|100/100
|-fail|p2b: Clefairy|heal
|
|upkeep
|turn|2
|inactive|Extroier has 30 seconds left.
|
|t:|1757034329
|move|p1b: Sneasler|Dire Claw|p2b: Clefairy
|-supereffective|p2b: Clefairy
|-damage|p2b: Clefairy|6/100
|move|p2a: Volcarona|Quiver Dance|p2a: Volcarona
|-boost|p2a: Volcarona|spa|1
|-boost|p2a: Volcarona|spd|1
|-boost|p2a: Volcarona|spe|1
|move|p1a: Incineroar|Flare Blitz|p2a: Volcarona
|-damage|p2a: Volcarona|55/100
|-damage|p1a: Incineroar|87/100|[from] Recoil
|move|p2b: Clefairy|Encore|p1b: Sneasler
|-start|p1b: Sneasler|Encore
|
|upkeep
|turn|3
|inactive|Extroier has 30 seconds left.
|inactive|Extroier has 20 seconds left.
|
|t:|1757034368
|switch|p2b: Tinkaton|Tinkaton, L50, F|100/100
|move|p2a: Volcarona|Bug Buzz|p1a: Incineroar
|-damage|p1a: Incineroar|14/100
|-damage|p2a: Volcarona|45/100|[from] item: Life Orb
|move|p1b: Sneasler|Dire Claw|p2b: Tinkaton
|-immune|p2b: Tinkaton
|move|p1a: Incineroar|Parting Shot|p2a: Volcarona
|-unboost|p2a: Volcarona|atk|1
|-unboost|p2a: Volcarona|spa|1
|
|t:|1757034374
|switch|p1a: Garchomp|Garchomp, L50, F|100/100|[from] Parting Shot
|
|upkeep
|turn|4
|inactive|Extroier has 30 seconds left.
|inactive|Extroier has 20 seconds left.
|inactive|Extroier has 15 seconds left.
|inactive|Extroier has 10 seconds left.
|
|t:|1757034422
|move|p1a: Garchomp|Protect|p1a: Garchomp
|-singleturn|p1a: Garchomp|Protect
|move|p2b: Tinkaton|Fake Out|p1b: Sneasler
|-damage|p1b: Sneasler|82/100
|move|p2a: Volcarona|Bug Buzz|p1b: Sneasler
|-resisted|p1b: Sneasler
|-damage|p1b: Sneasler|57/100
|-damage|p2a: Volcarona|35/100|[from] item: Life Orb
|cant|p1b: Sneasler|flinch
|
|upkeep
|turn|5
|
|t:|1757034439
|switch|p1a: Porygon2|Porygon2, L50|100/100
|-ability|p1a: Porygon2|Download|boost
|-boost|p1a: Porygon2|atk|1
|move|p2a: Volcarona|Fiery Dance|p1b: Sneasler
|-damage|p1b: Sneasler|0 fnt
|faint|p1b: Sneasler
|-damage|p2a: Volcarona|26/100|[from] item: Life Orb
|move|p2b: Tinkaton|Swords Dance|p2b: Tinkaton
|-boost|p2b: Tinkaton|atk|2
|
|upkeep
|
|t:|1757034450
|switch|p1b: Incineroar|Incineroar, L50, M|14/100
|-ability|p1b: Incineroar|Intimidate|boost
|-unboost|p2a: Volcarona|atk|1
|-fail|p2b: Tinkaton|unboost|Attack|[from] ability: Own Tempo|[of] p2b: Tinkaton
|turn|6
|inactive|Extroier has 30 seconds left.
|inactive|Extroier has 20 seconds left.
|inactive|Extroier has 15 seconds left.
|
|t:|1757034495
|move|p1b: Incineroar|Fake Out|p2b: Tinkaton
|-resisted|p2b: Tinkaton
|-damage|p2b: Tinkaton|94/100
|move|p2a: Volcarona|Fiery Dance|p1b: Incineroar
|-resisted|p1b: Incineroar
|-damage|p1b: Incineroar|0 fnt
|faint|p1b: Incineroar
|-damage|p2a: Volcarona|16/100|[from] item: Life Orb
|cant|p2b: Tinkaton|flinch
|move|p1a: Porygon2|Trick Room|p1a: Porygon2
|-fieldstart|move: Trick Room|[of] p1a: Porygon2
|
|-heal|p2b: Tinkaton|100/100|[from] item: Leftovers
|upkeep
|
|t:|1757034497
|switch|p1b: Garchomp|Garchomp, L50, F|100/100
|turn|7
|
|t:|1757034511
|-terastallize|p1b: Garchomp|Fire
|move|p2a: Volcarona|Protect|p2a: Volcarona
|-singleturn|p2a: Volcarona|Protect
|move|p1a: Porygon2|Tera Blast|p2a: Volcarona
|-activate|p2a: Volcarona|move: Protect
|move|p2b: Tinkaton|Gigaton Hammer|p1b: Garchomp
|-resisted|p1b: Garchomp
|-damage|p1b: Garchomp|30/100
|move|p1b: Garchomp|Stomping Tantrum|p2b: Tinkaton
|-supereffective|p2b: Tinkaton
|-damage|p2b: Tinkaton|7/100
|
|-heal|p2b: Tinkaton|13/100|[from] item: Leftovers
|upkeep
|turn|8
|inactive|Extroier has 30 seconds left.
|
|t:|1757034538
|move|p2b: Tinkaton|Protect|p2b: Tinkaton
|-singleturn|p2b: Tinkaton|Protect
|move|p1a: Porygon2|Tera Blast|p2b: Tinkaton
|-activate|p2b: Tinkaton|move: Protect
|move|p1b: Garchomp|Stomping Tantrum|p2a: Volcarona
|-damage|p2a: Volcarona|0 fnt
|faint|p2a: Volcarona
|
|-heal|p2b: Tinkaton|19/100|[from] item: Leftovers
|upkeep
|
|t:|1757034553
|switch|p2a: Sneasler|Sneasler, L50, M|100/100
|turn|9
|
|t:|1757034562
|move|p1b: Garchomp|Protect|p1b: Garchomp
|-singleturn|p1b: Garchomp|Protect
|move|p2a: Sneasler|Fake Out|p1a: Porygon2
|-damage|p1a: Porygon2|91/100
|cant|p1a: Porygon2|flinch
|move|p2b: Tinkaton|Gigaton Hammer|p1b: Garchomp
|-activate|p1b: Garchomp|move: Protect
|
|-heal|p2b: Tinkaton|25/100|[from] item: Leftovers
|upkeep
|turn|10
|inactive|emptinessmach has 30 seconds left.
|inactive|emptinessmach has 20 seconds left.
|inactive|emptinessmach has 15 seconds left.
|inactive|emptinessmach has 10 seconds left.
|
|t:|1757034610
|move|p2b: Tinkaton|Protect|p2b: Tinkaton
|-singleturn|p2b: Tinkaton|Protect
|move|p2a: Sneasler|Protect|p2a: Sneasler
|-singleturn|p2a: Sneasler|Protect
|move|p1a: Porygon2|Tera Blast|p2b: Tinkaton
|-activate|p2b: Tinkaton|move: Protect
|move|p1b: Garchomp|Stomping Tantrum|p2a: Sneasler
|-activate|p2a: Sneasler|move: Protect
|
|-heal|p2b: Tinkaton|31/100|[from] item: Leftovers
|-fieldend|move: Trick Room
|upkeep
|turn|11
|inactive|Extroier has 30 seconds left.
|
|t:|1757034637
|move|p1b: Garchomp|Protect|p1b: Garchomp
|-singleturn|p1b: Garchomp|Protect
|move|p2a: Sneasler|Close Combat|p1b: Garchomp
|-activate|p1b: Garchomp|move: Protect
|move|p2b: Tinkaton|Gigaton Hammer|p1a: Porygon2
|-damage|p1a: Porygon2|19/100
|move|p1a: Porygon2|Trick Room|p1a: Porygon2
|-fieldstart|move: Trick Room|[of] p1a: Porygon2
|
|-heal|p2b: Tinkaton|37/100|[from] item: Leftovers
|upkeep
|turn|12
|
|t:|1757034658
|move|p2b: Tinkaton|Protect|p2b: Tinkaton
|-singleturn|p2b: Tinkaton|Protect
|move|p2a: Sneasler|Protect|p2a: Sneasler
|-singleturn|p2a: Sneasler|Protect
|move|p1a: Porygon2|Tera Blast|p2b: Tinkaton
|-activate|p2b: Tinkaton|move: Protect
|move|p1b: Garchomp|Stomping Tantrum|p2a: Sneasler
|-activate|p2a: Sneasler|move: Protect
|
|-heal|p2b: Tinkaton|43/100|[from] item: Leftovers
|upkeep
|turn|13
|
|t:|1757034678
|move|p1a: Porygon2|Tera Blast|p2b: Tinkaton
|-resisted|p2b: Tinkaton
|-damage|p2b: Tinkaton|29/100
|move|p2b: Tinkaton|Gigaton Hammer|p1a: Porygon2
|-crit|p1a: Porygon2
|-damage|p1a: Porygon2|0 fnt
|faint|p1a: Porygon2
|move|p1b: Garchomp|Stomping Tantrum|p2a: Sneasler
|-supereffective|p2a: Sneasler
|-enditem|p2a: Sneasler|Focus Sash
|-damage|p2a: Sneasler|1/100
|move|p2a: Sneasler|Close Combat|p1b: Garchomp
|-damage|p1b: Garchomp|0 fnt
|-unboost|p2a: Sneasler|def|1
|-unboost|p2a: Sneasler|spd|1
|-damage|p2a: Sneasler|0 fnt|[from] ability: Rough Skin|[of] p1b: Garchomp
|faint|p1b: Garchomp
|faint|p2a: Sneasler
|
|win|Extroier
||Extroier is ready for game 2.
|inactive|emptinessmach has 30 seconds to confirm battle start!
||emptinessmach is ready for game 2.
|uhtml|next|Next: Game 2 of 3
|l|☆Extroier
|player|p2|
