|j|☆KatKraydel
|j|☆Alecat
|html|KatKraydelAlecat    
|uhtml|bestof|Game 1 of a best-of-3
|t:|1757762930
|gametype|doubles
|player|p1|KatKraydel|molayne|1171
|player|p2|Alecat|scientistf|1078
|gen|9
|tier|[Gen 9] VGC 2025 Reg H (Bo3)
|rated|
|rule|Species Clause: Limit one of each Pokémon
|rule|Item Clause: Limit 1 of each item
|clearpoke
|poke|p1|Primarina, L50, F|
|poke|p1|Talonflame, L50, M|
|poke|p1|Garchomp, L50, M|
|poke|p1|Ninetales-Alola, L50, M|
|poke|p1|Sinistcha, L50|
|poke|p1|Conkeldurr, L50, M|
|poke|p2|Sneasler, L50, M|
|poke|p2|Magmar, L50, F|
|poke|p2|Rillaboom, L50, F|
|poke|p2|Espathra, L50, M|
|poke|p2|Kingambit, L50, M|
|poke|p2|Arcanine-Hisui, L50, F|
|teampreview|4
|showteam|p1|Primarina||SitrusBerry|LiquidVoice|HyperVoice,Moonblast,Haze,Protect|||F|||50|,,,,,Poison]Talonflame||SharpBeak|GaleWings|DualWingbeat,FlareBlitz,Tailwind,Taunt|||M|||50|,,,,,Ghost]Garchomp||LifeOrb|RoughSkin|StompingTantrum,Earthquake,Protect,DragonClaw|||M|||50|,,,,,Ground]Ninetales-Alola||FocusSash|SnowWarning|Blizzard,FreezeDry,Moonblast,Protect|||M|||50|,,,,,Fire]Sinistcha||RockyHelmet|Hospitality|MatchaGotcha,RagePowder,LifeDew,Protect||||||50|,,,,,Water]Conkeldurr||FlameOrb|Guts|CloseCombat,KnockOff,WideGuard,MachPunch|||M|||50|,,,,,Dark
|showteam|p2|Sneasler||FocusSash|Unburden|FakeOut,CloseCombat,DireClaw,Coaching|||M|||50|,,,,,Ghost]Magmar||Eviolite|VitalSpirit|FollowMe,HeatWave,Taunt,Protect|||F|||50|,,,,,Dragon]Rillaboom||AssaultVest|GrassySurge|FakeOut,WoodHammer,GrassyGlide,HighHorsepower|||F|||50|,,,,,Fire]Espathra||GrassySeed|SpeedBoost|StoredPower,TeraBlast,CalmMind,Protect|||M|||50|,,,,,Fighting]Kingambit||SafetyGoggles|Defiant|KowtowCleave,SuckerPunch,SwordsDance,Protect|||M|||50|,,,,,Dark]Arcanine-Hisui||LoadedDice|Intimidate|FlareBlitz,RockBlast,ExtremeSpeed,Protect|||F|||50|,,,,,Ghost
|inactive|Battle timer is ON: inactive players will automatically lose when time's up. (requested by Alecat)
|inactive|KatKraydel has 60 seconds left.
|inactive|Alecat has 60 seconds left.
|inactive|KatKraydel has 30 seconds left.
|inactive|KatKraydel has 20 seconds left.
|inactive|KatKraydel has 15 seconds left.
|inactive|KatKraydel has 10 seconds left.
|inactive|KatKraydel has 5 seconds left.
|
|t:|1757763017
|teamsize|p1|4
|teamsize|p2|4
|start
|switch|p1a: Conkeldurr|Conkeldurr, L50, M, shiny|100/100
|switch|p1b: Garchomp|Garchomp, L50, M, shiny|100/100
|switch|p2a: Sneasler|Sneasler, L50, M|100/100
|switch|p2b: Arcanine|Arcanine-Hisui, L50, F, shiny|100/100
|-ability|p2b: Arcanine|Intimidate|boost
|-unboost|p1a: Conkeldurr|atk|1
|-unboost|p1b: Garchomp|atk|1
|turn|1
|inactive|Alecat has 30 seconds left.
|inactive|Alecat has 20 seconds left.
|
|t:|1757763054
|switch|p2b: Rillaboom|Rillaboom, L50, F|100/100
|-fieldstart|move: Grassy Terrain|[from] ability: Grassy Surge|[of] p2b: Rillaboom
|switch|p1a: Talonflame|Talonflame, L50, M, shiny|100/100
|move|p1b: Garchomp|Protect|p1b: Garchomp
|-singleturn|p1b: Garchomp|Protect
|move|p2a: Sneasler|Dire Claw|p1a: Talonflame
|-crit|p1a: Talonflame
|-damage|p1a: Talonflame|19/100
|-status|p1a: Talonflame|psn
|
|-damage|p1a: Talonflame|7/100 psn|[from] psn
|upkeep
|turn|2
|
|t:|1757763077
|switch|p2a: Arcanine|Arcanine-Hisui, L50, F, shiny|100/100
|-ability|p2a: Arcanine|Intimidate|boost
|-unboost|p1a: Talonflame|atk|1
|-unboost|p1b: Garchomp|atk|1
|switch|p1b: Ninetales|Ninetales-Alola, L50, M, shiny|100/100
|-weather|Snowscape|[from] ability: Snow Warning|[of] p1b: Ninetales
|move|p2b: Rillaboom|Grassy Glide|p1a: Talonflame
|-resisted|p1a: Talonflame
|-damage|p1a: Talonflame|0 fnt
|faint|p1a: Talonflame
|
|-weather|Snowscape|[upkeep]
|upkeep
|
|t:|1757763088
|switch|p1a: Garchomp|Garchomp, L50, M, shiny|100/100
|turn|3
|
|t:|1757763099
|-terastallize|p1a: Garchomp|Ground
|move|p2a: Arcanine|Protect|p2a: Arcanine
|-singleturn|p2a: Arcanine|Protect
|move|p2b: Rillaboom|Grassy Glide|p1b: Ninetales
|-damage|p1b: Ninetales|66/100
|move|p1a: Garchomp|Stomping Tantrum|p2a: Arcanine
|-activate|p2a: Arcanine|move: Protect
|move|p1b: Ninetales|Blizzard|p2b: Rillaboom|[spread] p2b
|-activate|p2a: Arcanine|move: Protect
|-supereffective|p2b: Rillaboom
|-damage|p2b: Rillaboom|53/100
|
|-weather|Snowscape|[upkeep]
|-heal|p1b: Ninetales|72/100|[from] Grassy Terrain
|-heal|p2b: Rillaboom|59/100|[from] Grassy Terrain
|upkeep
|turn|4
|inactive|Alecat has 30 seconds left.
|
|t:|1757763130
|switch|p2a: Espathra|Espathra, L50, M, shiny|100/100
|-enditem|p2a: Espathra|Grassy Seed
|-boost|p2a: Espathra|def|1|[from] item: Grassy Seed
|move|p1a: Garchomp|Stomping Tantrum|p2a: Espathra
|-damage|p2a: Espathra|47/100
|-damage|p1a: Garchomp|91/100|[from] item: Life Orb
|move|p1b: Ninetales|Blizzard|p2b: Rillaboom|[spread] p2a,p2b
|-supereffective|p2b: Rillaboom
|-damage|p2a: Espathra|2/100
|-damage|p2b: Rillaboom|13/100
|move|p2b: Rillaboom|Wood Hammer|p1a: Garchomp
|-supereffective|p1a: Garchomp
|-damage|p1a: Garchomp|0 fnt
|-damage|p2b: Rillaboom|0 fnt|[from] ability: Rough Skin|[of] p1a: Garchomp
|faint|p1a: Garchomp
|faint|p2b: Rillaboom
|
|-weather|Snowscape|[upkeep]
|-heal|p1b: Ninetales|78/100|[from] Grassy Terrain
|-heal|p2a: Espathra|8/100|[from] Grassy Terrain
|upkeep
|
|t:|1757763152
|switch|p1a: Conkeldurr|Conkeldurr, L50, M, shiny|100/100
|switch|p2b: Arcanine|Arcanine-Hisui, L50, F, shiny|100/100
|-ability|p2b: Arcanine|Intimidate|boost
|-unboost|p1a: Conkeldurr|atk|1
|-unboost|p1b: Ninetales|atk|1
|turn|5
|
|t:|1757763166
|move|p1b: Ninetales|Protect|p1b: Ninetales
|-singleturn|p1b: Ninetales|Protect
|move|p2a: Espathra|Protect|p2a: Espathra
|-singleturn|p2a: Espathra|Protect
|move|p1a: Conkeldurr|Mach Punch|p2a: Espathra
|-activate|p2a: Espathra|move: Protect
|move|p2b: Arcanine|Rock Blast|p1b: Ninetales
|-activate|p1b: Ninetales|move: Protect
|
|-weather|Snowscape|[upkeep]
|-heal|p1b: Ninetales|83/100|[from] Grassy Terrain
|-heal|p2a: Espathra|14/100|[from] Grassy Terrain
|-fieldend|move: Grassy Terrain
|-ability|p2a: Espathra|Speed Boost|boost
|-boost|p2a: Espathra|spe|1
|-status|p1a: Conkeldurr|brn|[from] item: Flame Orb
|upkeep
|turn|6
|
|t:|1757763186
|move|p2a: Espathra|Stored Power|p1a: Conkeldurr
|-supereffective|p1a: Conkeldurr
|-damage|p1a: Conkeldurr|51/100 brn
|move|p1b: Ninetales|Blizzard|p2b: Arcanine|[spread] p2a,p2b
|-resisted|p2b: Arcanine
|-damage|p2a: Espathra|0 fnt
|-damage|p2b: Arcanine|79/100
|faint|p2a: Espathra
|move|p2b: Arcanine|Flare Blitz|p1a: Conkeldurr
|-damage|p1a: Conkeldurr|0 fnt
|faint|p1a: Conkeldurr
|-damage|p2b: Arcanine|58/100|[from] Recoil
|
|-weather|none
|upkeep
|
|t:|1757763198
|switch|p2a: Sneasler|Sneasler, L50, M|100/100
|turn|7
|
|t:|1757763203
|move|p2a: Sneasler|Fake Out|p1b: Ninetales
|-damage|p1b: Ninetales|64/100
|cant|p1b: Ninetales|flinch
|move|p2b: Arcanine|Flare Blitz|p1b: Ninetales
|-supereffective|p1b: Ninetales
|-damage|p1b: Ninetales|0 fnt
|faint|p1b: Ninetales
|-damage|p2b: Arcanine|39/100|[from] Recoil
|
|win|Alecat
||KatKraydel is ready for game 2.
|inactive|Alecat has 30 seconds to confirm battle start!
||Alecat is ready for game 2.
|uhtml|next|Next: Game 2 of 3
|l|☆KatKraydel
|player|p1|
