|j|☆dollartreehero
|j|‽Livnlarge27
|html|dollartreeheroLivnlarge27    
|uhtml|bestof|Game 2 of a best-of-3
|t:|1755564112
|gametype|doubles
|player|p1|dollartreehero|bugcatcher-gen4dp|1225
|player|p2|Livnlarge27|red|1400
|gen|9
|tier|[Gen 9] VGC 2025 Reg H (Bo3)
|rated|
|rule|Species Clause: Limit one of each Pokémon
|rule|Item Clause: Limit 1 of each item
|clearpoke
|poke|p1|Tyranitar, L50, F|
|poke|p1|Excadrill, L50, M|
|poke|p1|Houndstone, L50, F|
|poke|p1|Milotic, L50, F|
|poke|p1|Amoonguss, L50, F|
|poke|p1|Volcarona, L50, F|
|poke|p2|Blastoise, L50, F|
|poke|p2|Indeedee-F, L50, F|
|poke|p2|Armarouge, L50, M|
|poke|p2|Whimsicott, L50, M|
|poke|p2|Ursaluna, L50, M|
|poke|p2|Sneasler, L50, F|
|teampreview|4
|showteam|p1|Tyranitar||AssaultVest|SandStream|KnockOff,RockSlide,TeraBlast,LowKick|||F|||50|,,,,,Flying]Excadrill||FocusSash|SandRush|HighHorsepower,IronHead,Protect,Earthquake|||M|||50|,,,,,Fire]Houndstone||LifeOrb|SandRush|LastRespects,ShadowSneak,BodyPress,Protect|||F|||50|,,,,,Normal]Milotic||SitrusBerry|Competitive|Scald,IcyWind,Protect,Haze|||F|||50|,,,,,Poison]Amoonguss||RockyHelmet|Regenerator|RagePowder,Spore,PollenPuff,SludgeBomb|||F|||50|,,,,,Water]Volcarona||Leftovers|FlameBody|QuiverDance,HeatWave,GigaDrain,Protect|||F|||50|,,,,,Grass
|showteam|p2|Blastoise||MysticWater|Torrent|Protect,WaterSpout,HydroPump,ShellSmash|||F|||50|,,,,,Water]Indeedee-F||SafetyGoggles|PsychicSurge|Imprison,FollowMe,HelpingHand,TrickRoom|||F|||50|,,,,,Fairy]Armarouge||LifeOrb|FlashFire|ExpandingForce,ArmorCannon,ClearSmog,AuraSphere|||M|||50|,,,,,Grass]Whimsicott||CovertCloak|Prankster|Tailwind,Moonblast,Encore,Taunt|||M|||50|,,,,,Dark]Ursaluna||FlameOrb|Guts|Facade,Earthquake,HeadlongRush,Protect|||M|||50|,,,,,Fairy]Sneasler||PsychicSeed|Unburden|FakeOut,CloseCombat,DireClaw,ThroatChop|||F|||50|,,,,,Dark
|inactive|Battle timer is ON: inactive players will automatically lose when time's up. (requested by dollartreehero)
|inactive|Livnlarge27 has 60 seconds left.
|
|t:|1755564144
|teamsize|p1|4
|teamsize|p2|4
|start
|switch|p1a: Tyranitar|Tyranitar, L50, F|100/100
|switch|p1b: Milotic|Milotic, L50, F|100/100
|switch|p2a: Whimsicott|Whimsicott, L50, M|100/100
|switch|p2b: Ursaluna|Ursaluna, L50, M|100/100
|-weather|Sandstorm|[from] ability: Sand Stream|[of] p1a: Tyranitar
|turn|1
|
|t:|1755564163
|-terastallize|p2b: Ursaluna|Fairy
|move|p2a: Whimsicott|Tailwind|p2a: Whimsicott
|-sidestart|p2: Livnlarge27|move: Tailwind
|move|p2b: Ursaluna|Earthquake|p1a: Tyranitar|[spread] p2a,p1a,p1b
|-resisted|p2a: Whimsicott
|-supereffective|p1a: Tyranitar
|-damage|p2a: Whimsicott|80/100
|-damage|p1a: Tyranitar|21/100
|-damage|p1b: Milotic|58/100
|move|p1b: Milotic|Icy Wind|p2a: Whimsicott|[spread] p2a,p2b
|-supereffective|p2a: Whimsicott
|-damage|p2a: Whimsicott|49/100
|-damage|p2b: Ursaluna|90/100
|-unboost|p2b: Ursaluna|spe|1
|move|p1a: Tyranitar|Low Kick|p2b: Ursaluna
|-resisted|p2b: Ursaluna
|-damage|p2b: Ursaluna|70/100
|
|-weather|Sandstorm|[upkeep]
|-damage|p2a: Whimsicott|43/100|[from] Sandstorm
|-damage|p2b: Ursaluna|65/100|[from] Sandstorm
|-damage|p1b: Milotic|52/100|[from] Sandstorm
|-status|p2b: Ursaluna|brn|[from] item: Flame Orb
|upkeep
|turn|2
|inactive|dollartreehero has 30 seconds left.
|
|t:|1755564197
|-terastallize|p1a: Tyranitar|Flying
|move|p1b: Milotic|Protect|p1b: Milotic
|-singleturn|p1b: Milotic|Protect
|move|p2a: Whimsicott|Moonblast|p1a: Tyranitar
|-damage|p1a: Tyranitar|6/100
|move|p2b: Ursaluna|Facade|p1b: Milotic
|-activate|p1b: Milotic|move: Protect
|move|p1a: Tyranitar|Rock Slide|p2a: Whimsicott|[spread] p2a,p2b
|-damage|p2a: Whimsicott|10/100
|-damage|p2b: Ursaluna|40/100 brn
|
|-weather|Sandstorm|[upkeep]
|-damage|p2a: Whimsicott|4/100|[from] Sandstorm
|-damage|p2b: Ursaluna|34/100 brn|[from] Sandstorm
|-damage|p1b: Milotic|47/100|[from] Sandstorm
|-damage|p1a: Tyranitar|0 fnt|[from] Sandstorm
|-enditem|p1b: Milotic|Sitrus Berry|[eat]
|-heal|p1b: Milotic|71/100|[from] item: Sitrus Berry
|faint|p1a: Tyranitar
|-damage|p2b: Ursaluna|28/100 brn|[from] brn
|upkeep
|
|t:|1755564220
|switch|p1a: Excadrill|Excadrill, L50, M|100/100
|turn|3
|inactive|Livnlarge27 has 30 seconds left.
|
|t:|1755564254
|switch|p2b: Blastoise|Blastoise, L50, F|100/100
|switch|p1b: Houndstone|Houndstone, L50, F|100/100
|move|p1a: Excadrill|Protect|p1a: Excadrill
|-singleturn|p1a: Excadrill|Protect
|move|p2a: Whimsicott|Encore||[still]
|-fail|p2a: Whimsicott
|
|-weather|Sandstorm|[upkeep]
|-damage|p2a: Whimsicott|0 fnt|[from] Sandstorm
|-damage|p2b: Blastoise|95/100|[from] Sandstorm
|faint|p2a: Whimsicott
|upkeep
|
|t:|1755564266
|switch|p2a: Sneasler|Sneasler, L50, F|100/100
|turn|4
|
|t:|1755564284
|switch|p1a: Milotic|Milotic, L50, F|71/100
|move|p2a: Sneasler|Fake Out|p1a: Milotic
|-damage|p1a: Milotic|56/100
|move|p2b: Blastoise|Water Spout|p1a: Milotic|[spread] p1a,p1b
|-resisted|p1a: Milotic
|-damage|p1a: Milotic|36/100
|-damage|p1b: Houndstone|37/100
|move|p1b: Houndstone|Last Respects|p2a: Sneasler
|-damage|p2a: Sneasler|0 fnt
|faint|p2a: Sneasler
|-damage|p1b: Houndstone|28/100|[from] item: Life Orb
|
|-weather|Sandstorm|[upkeep]
|-damage|p2b: Blastoise|89/100|[from] Sandstorm
|-damage|p1a: Milotic|30/100|[from] Sandstorm
|-sideend|p2: Livnlarge27|move: Tailwind
|upkeep
|
|t:|1755564289
|switch|p2a: Ursaluna|Ursaluna, L50, M, tera:Fairy|28/100 brn
|turn|5
|inactive|dollartreehero has 30 seconds left.
|
|t:|1755564318
|move|p2b: Blastoise|Protect|p2b: Blastoise
|-singleturn|p2b: Blastoise|Protect
|move|p2a: Ursaluna|Protect|p2a: Ursaluna
|-singleturn|p2a: Ursaluna|Protect
|move|p1b: Houndstone|Last Respects|p2b: Blastoise
|-activate|p2b: Blastoise|move: Protect
|move|p1a: Milotic|Scald|p2a: Ursaluna
|-activate|p2a: Ursaluna|move: Protect
|
|-weather|none
|-damage|p2a: Ursaluna|22/100 brn|[from] brn
|upkeep
|turn|6
|
|t:|1755564331
|move|p2b: Blastoise|Water Spout|p1b: Houndstone|[spread] p1a,p1b
|-resisted|p1a: Milotic
|-damage|p1a: Milotic|10/100
|-damage|p1b: Houndstone|0 fnt
|faint|p1b: Houndstone
|move|p1a: Milotic|Scald|p2a: Ursaluna
|-damage|p2a: Ursaluna|0 fnt
|faint|p2a: Ursaluna
|
|upkeep
|
|t:|1755564339
|switch|p1b: Excadrill|Excadrill, L50, M|100/100
|turn|7
|
|t:|1755564354
|move|p1b: Excadrill|Iron Head|p2b: Blastoise
|-resisted|p2b: Blastoise
|-damage|p2b: Blastoise|61/100
|cant|p2b: Blastoise|flinch
|move|p1a: Milotic|Icy Wind|p2b: Blastoise
|-resisted|p2b: Blastoise
|-damage|p2b: Blastoise|52/100
|-unboost|p2b: Blastoise|spe|1
|
|upkeep
|turn|8
|
|t:|1755564367
|move|p1b: Excadrill|Iron Head|p2b: Blastoise
|-resisted|p2b: Blastoise
|-crit|p2b: Blastoise
|-damage|p2b: Blastoise|11/100
|move|p1a: Milotic|Icy Wind|p2b: Blastoise
|-resisted|p2b: Blastoise
|-damage|p2b: Blastoise|2/100
|-unboost|p2b: Blastoise|spe|1
|cant|p2b: Blastoise|flinch
|
|upkeep
|turn|9
|-message|Livnlarge27 forfeited.
|
|win|dollartreehero
|raw|dollartreehero's rating: 1225 → 1262(+37 for winning)
|raw|Livnlarge27's rating: 1400 → 1371(-29 for losing)
|l|‽Livnlarge27
|player|p2|
|c|☆dollartreehero|wow I got lucky
|c|☆dollartreehero|gg
