|j|☆satandagiii2005
|j|☆yzukane_99
|html|satandagiii2005yzukane_99    
|uhtml|bestof|Game 1 of a best-of-3
|t:|1782696481
|gametype|doubles
|player|p1|satandagiii2005|byron|1110
|player|p2|yzukane_99|169|1024
|gen|9
|tier|[Gen 9 Champions] VGC 2026 Reg M-B (Bo3)
|rated|
|rule|Species Clause: Limit one of each Pokémon
|rule|Item Clause: Limit 1 of each item
|clearpoke
|poke|p1|Venusaur, L50, M|
|poke|p1|Swampert, L50, M|
|poke|p1|Pelipper, L50, M|
|poke|p1|Archaludon, L50, F|
|poke|p1|Maushold, L50|
|poke|p1|Gholdengo, L50|
|poke|p2|Scovillain, L50, F|
|poke|p2|Espathra, L50, M|
|poke|p2|Ninetales, L50, F|
|poke|p2|Toxapex, L50, F|
|poke|p2|Lucario, L50, F|
|poke|p2|Pyroar, L50, F|
|teampreview|4
|showteam|p1|Venusaur||Venusaurite|Overgrow|SludgeBomb,EarthPower,GigaDrain,Protect|Modest||M|||50|]Swampert||Swampertite|Torrent|WaveCrash,Earthquake,IcePunch,Protect|Adamant||M|||50|]Pelipper||SitrusBerry|Drizzle|Hurricane,WeatherBall,Tailwind,WideGuard|Modest||M|||50|]Archaludon||Leftovers|Stamina|ElectroShot,DragonPulse,FlashCannon,Protect|Modest||F|||50|]Maushold||FocusSash|FriendGuard|FollowMe,SuperFang,RainDance,Protect|Jolly|||||50|]Gholdengo||LifeOrb|GoodasGold|MakeItRain,ShadowBall,NastyPlot,Protect|Modest|||||50|
|showteam|p2|Scovillain||FocusSash|Chlorophyll|SpicyExtract,LeafStorm,RagePowder,LeechSeed|Timid||F|||50|]Espathra||SitrusBerry|SpeedBoost|FoulPlay,LuminaCrash,BatonPass,CalmMind|Timid||M|||50|]Ninetales||ChoiceScarf|Drought|FoulPlay,FlareBlitz,FakeTears,ZenHeadbutt|Adamant||F|||50|]Toxapex||Leftovers|Regenerator|BanefulBunker,Toxic,Infestation,WideGuard|Calm||F|||50|]Lucario||Lucarionite|Steadfast|FlashCannon,AuraSphere,ShadowBall,Protect|Modest||F|||50|]Pyroar||Pyroarite|Rivalry|HeatWave,SolarBeam,Overheat,Protect|Modest||F|||50|
|inactive|Battle timer is ON: inactive players will automatically lose when time's up. (requested by satandagiii2005)
|
|t:|1782696571
|teamsize|p1|4
|teamsize|p2|4
|start
|switch|p1a: Venusaur|Venusaur, L50, M|100/100
|switch|p1b: Pelipper|Pelipper, L50, M|100/100
|switch|p2a: Espathra|Espathra, L50, M|100/100
|switch|p2b: Toxapex|Toxapex, L50, F|100/100
|-weather|RainDance|[from] ability: Drizzle|[of] p1b: Pelipper
|turn|1
|inactive|satandagiii2005 has 30 seconds left.
|inactive|yzukane_99 has 30 seconds left.
|
|t:|1782696601
|detailschange|p1a: Venusaur|Venusaur-Mega, L50, M
|-mega|p1a: Venusaur|Venusaur|Venusaurite
|move|p2a: Espathra|Calm Mind|p2a: Espathra
|-boost|p2a: Espathra|spa|1
|-boost|p2a: Espathra|spd|1
|move|p1a: Venusaur|Earth Power|p2a: Espathra
|-damage|p2a: Espathra|72/100
|move|p1b: Pelipper|Tailwind|p1b: Pelipper
|-sidestart|p1: satandagiii2005|move: Tailwind
|move|p2b: Toxapex|Infestation|p1a: Venusaur
|-damage|p1a: Venusaur|97/100
|-activate|p1a: Venusaur|move: Infestation|[of] p2b: Toxapex
|
|-weather|RainDance|[upkeep]
|-damage|p1a: Venusaur|84/100|[from] move: Infestation|[partiallytrapped]
|-ability|p2a: Espathra|Speed Boost|boost
|-boost|p2a: Espathra|spe|1
|upkeep
|turn|2
|inactive|yzukane_99 has 30 seconds left.
|
|t:|1782696636
|move|p1a: Venusaur|Giga Drain|p2b: Toxapex
|-damage|p2b: Toxapex|73/100
|-heal|p1a: Venusaur|97/100|[from] drain|[of] p2b: Toxapex
|move|p2a: Espathra|Baton Pass|p2a: Espathra
|
|t:|1782696642
|switch|p2a: Lucario|Lucario, L50, F|100/100|[from] Baton Pass
|move|p1b: Pelipper|Weather Ball|p2a: Lucario
|-damage|p2a: Lucario|45/100
|move|p2b: Toxapex|Toxic|p1b: Pelipper
|-status|p1b: Pelipper|tox
|
|-weather|RainDance|[upkeep]
|-heal|p2b: Toxapex|78/100|[from] item: Leftovers
|-damage|p1b: Pelipper|93/100 tox|[from] psn
|-damage|p1a: Venusaur|84/100|[from] move: Infestation|[partiallytrapped]
|upkeep
|turn|3
|
|t:|1782696664
|switch|p1b: Maushold|Maushold, L50|100/100
|move|p2a: Lucario|Protect|p2a: Lucario
|-singleturn|p2a: Lucario|Protect
|move|p1a: Venusaur|Earth Power|p2a: Lucario
|-activate|p2a: Lucario|move: Protect
|move|p2b: Toxapex|Infestation|p1b: Maushold
|-damage|p1b: Maushold|96/100
|-activate|p1b: Maushold|move: Infestation|[of] p2b: Toxapex
|
|-weather|RainDance|[upkeep]
|-heal|p2b: Toxapex|84/100|[from] item: Leftovers
|-damage|p1b: Maushold|83/100|[from] move: Infestation|[partiallytrapped]
|-damage|p1a: Venusaur|72/100|[from] move: Infestation|[partiallytrapped]
|upkeep
|turn|4
|inactive|yzukane_99 has 30 seconds left.
|
|t:|1782696698
|detailschange|p2a: Lucario|Lucario-Mega, L50, F
|-mega|p2a: Lucario|Lucario|Lucarionite
|move|p1b: Maushold|Super Fang|p2b: Toxapex
|-damage|p2b: Toxapex|42/100
|move|p1a: Venusaur|Earth Power|p2a: Lucario
|-supereffective|p2a: Lucario|1
|-damage|p2a: Lucario|0 fnt
|faint|p2a: Lucario
|move|p2b: Toxapex|Toxic|p1b: Maushold
|-status|p1b: Maushold|tox
|
|-weather|RainDance|[upkeep]
|-heal|p2b: Toxapex|48/100|[from] item: Leftovers
|-damage|p1b: Maushold|77/100 tox|[from] psn
|-damage|p1b: Maushold|65/100 tox|[from] move: Infestation|[partiallytrapped]
|-damage|p1a: Venusaur|60/100|[from] move: Infestation|[partiallytrapped]
|-sideend|p1: satandagiii2005|move: Tailwind
|upkeep
|
|t:|1782696717
|switch|p2a: Espathra|Espathra, L50, M|72/100
|turn|5
|inactive|yzukane_99 has 30 seconds left.
|inactive|satandagiii2005 has 30 seconds left.
|
|t:|1782696753
|-heal|p2b: Toxapex|81/100|[from] ability: Regenerator|[silent]
|switch|p2b: Scovillain|Scovillain, L50, F|100/100
|move|p1b: Maushold|Follow Me|p1b: Maushold
|-singleturn|p1b: Maushold|move: Follow Me
|move|p2a: Espathra|Lumina Crash|p1b: Maushold
|-damage|p1b: Maushold|22/100 tox
|-unboost|p1b: Maushold|spd|2
|move|p1a: Venusaur|Sludge Bomb|p2a: Espathra
|-damage|p2a: Espathra|8/100
|-enditem|p2a: Espathra|Sitrus Berry|[eat]
|-heal|p2a: Espathra|33/100|[from] item: Sitrus Berry
|
|-weather|none
|-damage|p1b: Maushold|10/100 tox|[from] psn
|-end|p1b: Maushold|Infestation|[partiallytrapped]|[silent]
|-end|p1a: Venusaur|Infestation|[partiallytrapped]|[silent]
|-ability|p2a: Espathra|Speed Boost|boost
|-boost|p2a: Espathra|spe|1
|upkeep
|turn|6
|inactive|satandagiii2005 has 30 seconds left.
|inactive|yzukane_99 has 30 seconds left.
|inactive|yzukane_99 has 20 seconds left.
|inactive|yzukane_99 has 15 seconds left.
|
|t:|1782696797
|switch|p1b: Pelipper|Pelipper, L50, M|93/100 tox
|-weather|RainDance|[from] ability: Drizzle|[of] p1b: Pelipper
|switch|p1a: Archaludon|Archaludon, L50, F|100/100
|move|p2a: Espathra|Calm Mind|p2a: Espathra
|-boost|p2a: Espathra|spa|1
|-boost|p2a: Espathra|spd|1
|move|p2b: Scovillain|Leaf Storm|p1b: Pelipper
|-damage|p1b: Pelipper|28/100 tox
|-unboost|p2b: Scovillain|spa|2
|-enditem|p1b: Pelipper|Sitrus Berry|[eat]
|-heal|p1b: Pelipper|53/100 tox|[from] item: Sitrus Berry
|
|-weather|RainDance|[upkeep]
|-damage|p1b: Pelipper|46/100 tox|[from] psn
|-ability|p2a: Espathra|Speed Boost|boost
|-boost|p2a: Espathra|spe|1
|upkeep
|turn|7
|inactive|yzukane_99 has 30 seconds left.
|
|t:|1782696827
|move|p2b: Scovillain|Rage Powder|p2b: Scovillain
|-singleturn|p2b: Scovillain|move: Rage Powder
|move|p2a: Espathra|Lumina Crash|p1b: Pelipper
|-damage|p1b: Pelipper|0 fnt
|faint|p1b: Pelipper
|move|p1a: Archaludon|Electro Shot||[still]
|-prepare|p1a: Archaludon|Electro Shot
|-boost|p1a: Archaludon|spa|1
|-anim|p1a: Archaludon|Electro Shot|p2b: Scovillain
|-resisted|p2b: Scovillain|1
|-damage|p2b: Scovillain|43/100
|
|-weather|RainDance|[upkeep]
|-ability|p2a: Espathra|Speed Boost|boost
|-boost|p2a: Espathra|spe|1
|upkeep
|
|t:|1782696843
|switch|p1b: Venusaur|Venusaur-Mega, L50, M|60/100
|turn|8
|
|t:|1782696865
|move|p2b: Scovillain|Rage Powder|p2b: Scovillain
|-singleturn|p2b: Scovillain|move: Rage Powder
|move|p2a: Espathra|Lumina Crash|p1b: Venusaur
|-supereffective|p1b: Venusaur|1
|-damage|p1b: Venusaur|0 fnt
|faint|p1b: Venusaur
|move|p1a: Archaludon|Electro Shot||[still]
|-prepare|p1a: Archaludon|Electro Shot
|-boost|p1a: Archaludon|spa|1
|-anim|p1a: Archaludon|Electro Shot|p2b: Scovillain
|-resisted|p2b: Scovillain|1
|-damage|p2b: Scovillain|0 fnt
|faint|p2b: Scovillain
|
|-weather|RainDance|[upkeep]
|-ability|p2a: Espathra|Speed Boost|boost
|-boost|p2a: Espathra|spe|1
|upkeep
|
|t:|1782696881
|switch|p2b: Toxapex|Toxapex, L50, F|81/100
|switch|p1b: Maushold|Maushold, L50|10/100 tox
|turn|9
|
|t:|1782696897
|move|p1b: Maushold|Protect|p1b: Maushold
|-singleturn|p1b: Maushold|Protect
|move|p2b: Toxapex|Baneful Bunker|p2b: Toxapex
|-singleturn|p2b: Toxapex|move: Protect
|move|p2a: Espathra|Lumina Crash|p1a: Archaludon
|-resisted|p1a: Archaludon|1
|-damage|p1a: Archaludon|80/100
|-unboost|p1a: Archaludon|spd|2
|-ability|p1a: Archaludon|Stamina|boost
|-boost|p1a: Archaludon|def|1
|move|p1a: Archaludon|Electro Shot||[still]
|-prepare|p1a: Archaludon|Electro Shot
|-boost|p1a: Archaludon|spa|1
|-anim|p1a: Archaludon|Electro Shot|p2b: Toxapex
|-activate|p2b: Toxapex|move: Protect
|
|-weather|RainDance|[upkeep]
|-heal|p1a: Archaludon|86/100|[from] item: Leftovers
|-heal|p2b: Toxapex|87/100|[from] item: Leftovers
|-damage|p1b: Maushold|4/100 tox|[from] psn
|-ability|p2a: Espathra|Speed Boost|boost
|-boost|p2a: Espathra|spe|1
|upkeep
|turn|10
|inactive|yzukane_99 has 30 seconds left.
|inactive|yzukane_99 has 20 seconds left.
|
|t:|1782696937
|move|p1b: Maushold|Follow Me|p1b: Maushold
|-singleturn|p1b: Maushold|move: Follow Me
|move|p2a: Espathra|Lumina Crash|p1b: Maushold
|-damage|p1b: Maushold|0 fnt
|faint|p1b: Maushold
|move|p1a: Archaludon|Electro Shot||[still]
|-prepare|p1a: Archaludon|Electro Shot
|-boost|p1a: Archaludon|spa|1
|-anim|p1a: Archaludon|Electro Shot|p2a: Espathra
|-damage|p2a: Espathra|0 fnt
|faint|p2a: Espathra
|move|p2b: Toxapex|Infestation|p1a: Archaludon
|-resisted|p1a: Archaludon|1
|-damage|p1a: Archaludon|83/100
|-activate|p1a: Archaludon|move: Infestation|[of] p2b: Toxapex
|-ability|p1a: Archaludon|Stamina|boost
|-boost|p1a: Archaludon|def|1
|
|-weather|none
|-heal|p1a: Archaludon|89/100|[from] item: Leftovers
|-heal|p2b: Toxapex|92/100|[from] item: Leftovers
|-damage|p1a: Archaludon|77/100|[from] move: Infestation|[partiallytrapped]
|upkeep
|turn|11
|
|t:|1782696960
|move|p2b: Toxapex|Baneful Bunker|p2b: Toxapex
|-singleturn|p2b: Toxapex|move: Protect
|move|p1a: Archaludon|Electro Shot||[still]
|-prepare|p1a: Archaludon|Electro Shot
|-boost|p1a: Archaludon|spa|1
|
|-heal|p1a: Archaludon|83/100|[from] item: Leftovers
|-heal|p2b: Toxapex|98/100|[from] item: Leftovers
|-damage|p1a: Archaludon|70/100|[from] move: Infestation|[partiallytrapped]
|upkeep
|turn|12
|
|t:|1782696973
|move|p1a: Archaludon|Electro Shot|p2b: Toxapex|[from] lockedmove
|-supereffective|p2b: Toxapex|1
|-damage|p2b: Toxapex|0 fnt
|faint|p2b: Toxapex
|
|win|satandagiii2005
