|j|☆dimitry_vgc
|j|☆neuesspielzeug
|html|dimitry_vgcneuesspielzeug    
|uhtml|bestof|Game 3 of a best-of-3
|t:|1784520696
|gametype|doubles
|player|p1|dimitry_vgc|pokemonbreederf-gen4|1138
|player|p2|neuesspielzeug|2|1203
|gen|9
|tier|[Gen 9 Champions] VGC 2026 Reg M-B (Bo3)
|rated|
|rule|Species Clause: Limit one of each Pokémon
|rule|Item Clause: Limit 1 of each item
|clearpoke
|poke|p1|Charizard, L50, M, shiny|
|poke|p1|Kingambit, L50, F|
|poke|p1|Basculegion, L50, M, shiny|
|poke|p1|Sylveon, L50, M|
|poke|p1|Venusaur, L50, M|
|poke|p1|Garchomp, L50, M|
|poke|p2|Scrafty, L50, M|
|poke|p2|Toxapex, L50, F|
|poke|p2|Metagross, L50|
|poke|p2|Chandelure, L50, M|
|poke|p2|Hydreigon, L50, F|
|poke|p2|Sneasler, L50, F|
|teampreview|4
|showteam|p1|Charizard||CharizarditeY|Blaze|HeatWave,WeatherBall,HelpingHand,Protect|Modest||M|||50|]Kingambit||FocusSash|Defiant|KowtowCleave,IronHead,SuckerPunch,Protect|Adamant||F|||50|]Basculegion||MysticWater|Adaptability|WaveCrash,LastRespects,AquaJet,Protect|Adamant||M|||50|]Sylveon||FairyFeather|Pixilate|HyperVoice,HyperBeam,QuickAttack,Detect|Bold||M|||50|]Venusaur||LifeOrb|Chlorophyll|SludgeBomb,EarthPower,SolarBeam,Protect|Modest||M|||50|]Garchomp||ChoiceScarf|RoughSkin|RockSlide,DragonClaw,Earthquake,RockTomb|Adamant||M|||50|
|showteam|p2|Scrafty||Scraftinite|Intimidate|FakeOut,DrainPunch,KnockOff,PoisonJab|Careful||M|||50|]Toxapex||Leftovers|Regenerator|Infestation,Toxic,BanefulBunker,WideGuard|Bold||F|||50|]Metagross||Metagrossite|ClearBody|PsychicFangs,StompingTantrum,IcePunch,Protect|Jolly|||||50|]Chandelure||FocusSash|FlashFire|EnergyBall,HeatWave,ShadowBall,Protect|Timid||M|||50|]Hydreigon||ChoiceScarf|Levitate|DracoMeteor,Snarl,DarkPulse,EarthPower|Modest||F|||50|]Sneasler||LifeOrb|PoisonTouch|FakeOut,CloseCombat,DireClaw,Protect|Jolly||F|||50|
|inactive|Battle timer is ON: inactive players will automatically lose when time's up. (requested by dimitry_vgc)
|
|t:|1784520742
|teamsize|p1|4
|teamsize|p2|4
|start
|switch|p1a: Charizard|Charizard, L50, M, shiny|100/100
|switch|p1b: Garchomp|Garchomp, L50, M|100/100
|switch|p2a: Chandelure|Chandelure, L50, M|100/100
|switch|p2b: Hydreigon|Hydreigon, L50, F|100/100
|turn|1
|inactive|dimitry_vgc has 30 seconds left.
|
|t:|1784520775
|switch|p2a: Scrafty|Scrafty, L50, M|100/100
|-ability|p2a: Scrafty|Intimidate|boost
|-unboost|p1a: Charizard|atk|1
|-unboost|p1b: Garchomp|atk|1
|move|p1a: Charizard|Helping Hand|p1b: Garchomp
|-singleturn|p1b: Garchomp|Helping Hand|[of] p1a: Charizard
|move|p1b: Garchomp|Dragon Claw|p2b: Hydreigon
|-supereffective|p2b: Hydreigon|1
|-damage|p2b: Hydreigon|7/100
|move|p2b: Hydreigon|Draco Meteor|p1b: Garchomp
|-supereffective|p1b: Garchomp|1
|-damage|p1b: Garchomp|0 fnt
|-unboost|p2b: Hydreigon|spa|2
|faint|p1b: Garchomp
|
|upkeep
|
|t:|1784520790
|switch|p1b: Basculegion|Basculegion, L50, M, shiny|100/100
|turn|2
|inactive|dimitry_vgc has 30 seconds left.
|inactive|dimitry_vgc has 20 seconds left.
|inactive|dimitry_vgc has 15 seconds left.
|inactive|dimitry_vgc has 10 seconds left.
|
|t:|1784520838
|detailschange|p1a: Charizard|Charizard-Mega-Y, L50, M, shiny
|-mega|p1a: Charizard|Charizard|Charizardite Y
|-weather|SunnyDay|[from] ability: Drought|[of] p1a: Charizard
|detailschange|p2a: Scrafty|Scrafty-Mega, L50, M
|-mega|p2a: Scrafty|Scrafty|Scraftinite
|-ability|p2a: Scrafty|Intimidate|boost
|-unboost|p1a: Charizard|atk|1
|-unboost|p1b: Basculegion|atk|1
|move|p1b: Basculegion|Aqua Jet|p2b: Hydreigon
|-resisted|p2b: Hydreigon|1
|-damage|p2b: Hydreigon|1/100
|move|p2b: Hydreigon|Draco Meteor|p1a: Charizard
|-damage|p1a: Charizard|67/100
|-unboost|p2b: Hydreigon|spa|2
|move|p1a: Charizard|Weather Ball|p2a: Scrafty
|-damage|p2a: Scrafty|45/100
|move|p2a: Scrafty|Knock Off|p1b: Basculegion
|-supereffective|p1b: Basculegion|1
|-damage|p1b: Basculegion|0 fnt
|-enditem|p1b: Basculegion|Mystic Water|[from] move: Knock Off|[of] p2a: Scrafty
|faint|p1b: Basculegion
|
|-weather|SunnyDay|[upkeep]
|upkeep
|
|t:|1784520855
|switch|p1b: Kingambit|Kingambit, L50, F|100/100
|turn|3
|c|☆dimitry_vgc|nice lucky
|c|☆dimitry_vgc|argenfifa
|inactive|dimitry_vgc has 30 seconds left.
|inactive|neuesspielzeug has 30 seconds left.
|
|t:|1784520888
|switch|p2b: Chandelure|Chandelure, L50, M|100/100
|switch|p2a: Toxapex|Toxapex, L50, F|100/100
|move|p1a: Charizard|Heat Wave|p2b: Chandelure|[spread] p2a
|-start|p2b: Chandelure|ability: Flash Fire
|-resisted|p2a: Toxapex|1
|-damage|p2a: Toxapex|79/100
|move|p1b: Kingambit|Kowtow Cleave|p2a: Toxapex
|-damage|p2a: Toxapex|41/100
|
|-weather|SunnyDay|[upkeep]
|-heal|p2a: Toxapex|47/100|[from] item: Leftovers
|upkeep
|turn|4
|
|t:|1784520907
|move|p1b: Kingambit|Sucker Punch|p2b: Chandelure
|-supereffective|p2b: Chandelure|1
|-crit|p2b: Chandelure
|-enditem|p2b: Chandelure|Focus Sash
|-damage|p2b: Chandelure|1/100
|move|p2b: Chandelure|Heat Wave|p1a: Charizard|[spread] p1a,p1b
|-resisted|p1a: Charizard|1
|-supereffective|p1b: Kingambit|1
|-damage|p1a: Charizard|29/100
|-enditem|p1b: Kingambit|Focus Sash
|-damage|p1b: Kingambit|1/100
|move|p1a: Charizard|Weather Ball|p2a: Toxapex
|-resisted|p2a: Toxapex|1
|-damage|p2a: Toxapex|15/100
|move|p2a: Toxapex|Infestation|p1b: Kingambit
|-damage|p1b: Kingambit|0 fnt
|faint|p1b: Kingambit
|
|-weather|SunnyDay|[upkeep]
|-heal|p2a: Toxapex|21/100|[from] item: Leftovers
|upkeep
|turn|5
|c|☆neuesspielzeug|why lucky? it's obvious
|
|t:|1784520931
|move|p2a: Toxapex|Baneful Bunker|p2a: Toxapex
|-singleturn|p2a: Toxapex|move: Protect
|move|p2b: Chandelure|Heat Wave|p1a: Charizard
|-resisted|p1a: Charizard|1
|-damage|p1a: Charizard|0 fnt
|faint|p1a: Charizard
|
|win|neuesspielzeug
|raw|dimitry_vgc's rating: 1138 → 1118(-20 for losing)
|raw|neuesspielzeug's rating: 1203 → 1223(+20 for winning)
