|j|☆Scoseb
|j|☆thaduck
|html|Scosebthaduck    
|uhtml|bestof|Game 2 of a best-of-3
|t:|1783518998
|gametype|doubles
|player|p1|Scoseb|brycenman|1192
|player|p2|thaduck|morty|1248
|gen|9
|tier|[Gen 9 Champions] VGC 2026 Reg M-B (Bo3)
|rated|
|rule|Species Clause: Limit one of each Pokémon
|rule|Item Clause: Limit 1 of each item
|clearpoke
|poke|p1|Staraptor, L50, F|
|poke|p1|Zoroark-Hisui, L50, M|
|poke|p1|Gholdengo, L50|
|poke|p1|Whimsicott, L50, M|
|poke|p1|Incineroar, L50, M|
|poke|p1|Drampa, L50, M|
|poke|p2|Hydreigon, L50, M|
|poke|p2|Gholdengo, L50|
|poke|p2|Garchomp, L50, M|
|poke|p2|Charizard, L50, F|
|poke|p2|Incineroar, L50, M|
|poke|p2|Venusaur, L50, M|
|teampreview|4
|showteam|p1|Staraptor||Staraptite|Reckless|CloseCombat,Protect,BraveBird,Roost|Jolly||F|||50|]Zoroark-Hisui||FocusSash|Illusion|BitterMalice,IcyWind,Taunt,FakeTears|Timid||M|||50|]Gholdengo||LifeOrb|GoodasGold|MakeItRain,ShadowBall,Protect,PowerGem|Modest|||||50|]Whimsicott||FairyFeather|Prankster|Tailwind,Moonblast,Charm,Protect|Timid||M|||50|]Incineroar||SitrusBerry|Intimidate|FakeOut,PartingShot,FlareBlitz,DarkestLariat|Careful||M|||50|]Drampa||Drampanite|CloudNine|HyperVoice,DragonPulse,Protect,CalmMind|Timid||M|||50|
|showteam|p2|Hydreigon||FocusSash|Levitate|DracoMeteor,Snarl,Tailwind,Protect|Timid||M|||50|]Gholdengo||LifeOrb|GoodasGold|MakeItRain,Protect,ShadowBall,NastyPlot|Timid|||||50|]Garchomp||ChoiceScarf|RoughSkin|DragonClaw,Earthquake,PoisonJab,RockSlide|Adamant||M|||50|]Charizard||CharizarditeY|Blaze|HeatWave,WeatherBall,SolarBeam,Protect|Modest||F|||50|]Incineroar||SitrusBerry|Intimidate|FlareBlitz,FakeOut,PartingShot,Taunt|Impish||M|||50|]Venusaur||Venusaurite|Chlorophyll|SludgeBomb,GigaDrain,EarthPower,Protect|Modest||M|||50|
|inactive|Battle timer is ON: inactive players will automatically lose when time's up. (requested by Scoseb)
|inactive|thaduck has 60 seconds left.
|inactive|thaduck has 30 seconds left.
|
|t:|1783519061
|teamsize|p1|4
|teamsize|p2|4
|start
|switch|p1a: Whimsicott|Whimsicott, L50, M|100/100
|switch|p1b: Staraptor|Staraptor, L50, F|100/100
|switch|p2a: Venusaur|Venusaur, L50, M|100/100
|switch|p2b: Charizard|Charizard, L50, F|100/100
|turn|1
|inactive|thaduck has 30 seconds left.
|
|t:|1783519087
|detailschange|p1b: Staraptor|Staraptor-Mega, L50, F
|-mega|p1b: Staraptor|Staraptor|Staraptite
|detailschange|p2b: Charizard|Charizard-Mega-Y, L50, F
|-mega|p2b: Charizard|Charizard|Charizardite Y
|-weather|SunnyDay|[from] ability: Drought|[of] p2b: Charizard
|move|p1b: Staraptor|Protect|p1b: Staraptor
|-singleturn|p1b: Staraptor|Protect
|move|p2a: Venusaur|Sludge Bomb|p1a: Whimsicott
|-resisted|p1a: Whimsicott|1
|-crit|p1a: Whimsicott
|-damage|p1a: Whimsicott|35/100
|replace|p1a: Zoroark|Zoroark-Hisui, L50, M
|-end|p1a: Zoroark|Illusion
|move|p1a: Zoroark|Icy Wind|p2b: Charizard|[spread] p2a,p2b
|-supereffective|p2a: Venusaur|1
|-damage|p2a: Venusaur|72/100
|-damage|p2b: Charizard|88/100
|-unboost|p2a: Venusaur|spe|1
|-unboost|p2b: Charizard|spe|1
|move|p2b: Charizard|Weather Ball|p1b: Staraptor
|-activate|p1b: Staraptor|move: Protect
|
|-weather|SunnyDay|[upkeep]
|upkeep
|turn|2
|
|t:|1783519112
|move|p1a: Zoroark|Icy Wind|p2b: Charizard|[spread] p2a,p2b
|-supereffective|p2a: Venusaur|1
|-damage|p2a: Venusaur|44/100
|-damage|p2b: Charizard|76/100
|-unboost|p2a: Venusaur|spe|1
|-unboost|p2b: Charizard|spe|1
|move|p1b: Staraptor|Close Combat|p2b: Charizard
|-resisted|p2b: Charizard|1
|-damage|p2b: Charizard|44/100
|-boost|p1b: Staraptor|def|1
|-boost|p1b: Staraptor|spd|1
|move|p2a: Venusaur|Sludge Bomb|p1b: Staraptor
|-damage|p1b: Staraptor|70/100
|-status|p1b: Staraptor|psn
|move|p2b: Charizard|Heat Wave|p1b: Staraptor|[spread] p1a,p1b
|-damage|p1a: Zoroark|0 fnt
|-damage|p1b: Staraptor|25/100 psn
|faint|p1a: Zoroark
|
|-weather|SunnyDay|[upkeep]
|-damage|p1b: Staraptor|13/100 psn|[from] psn
|upkeep
|
|t:|1783519132
|switch|p1a: Incineroar|Incineroar, L50, M|100/100
|-ability|p1a: Incineroar|Intimidate|boost
|-unboost|p2a: Venusaur|atk|1
|-unboost|p2b: Charizard|atk|1
|turn|3
|
|t:|1783519146
|move|p1a: Incineroar|Fake Out|p2b: Charizard
|-damage|p2b: Charizard|32/100
|move|p1b: Staraptor|Roost|p1b: Staraptor
|-heal|p1b: Staraptor|63/100 psn
|-singleturn|p1b: Staraptor|move: Roost
|move|p2a: Venusaur|Earth Power|p1a: Incineroar
|-supereffective|p1a: Incineroar|1
|-crit|p1a: Incineroar
|-damage|p1a: Incineroar|36/100
|-enditem|p1a: Incineroar|Sitrus Berry|[eat]
|-heal|p1a: Incineroar|61/100|[from] item: Sitrus Berry
|cant|p2b: Charizard|flinch
|
|-weather|SunnyDay|[upkeep]
|-damage|p1b: Staraptor|51/100 psn|[from] psn
|upkeep
|turn|4
|
|t:|1783519163
|switch|p2a: Garchomp|Garchomp, L50, M|100/100
|move|p1b: Staraptor|Close Combat|p2b: Charizard
|-resisted|p2b: Charizard|1
|-damage|p2b: Charizard|2/100
|-boost|p1b: Staraptor|def|1
|-boost|p1b: Staraptor|spd|1
|move|p1a: Incineroar|Flare Blitz|p2a: Garchomp
|-resisted|p2a: Garchomp|1
|-damage|p2a: Garchomp|67/100
|-damage|p1a: Incineroar|49/100|[from] ability: Rough Skin|[of] p2a: Garchomp
|-damage|p1a: Incineroar|39/100|[from] Recoil
|move|p2b: Charizard|Weather Ball|p1b: Staraptor
|-damage|p1b: Staraptor|2/100 psn
|
|-weather|SunnyDay|[upkeep]
|-damage|p1b: Staraptor|0 fnt|[from] psn
|faint|p1b: Staraptor
|upkeep
|
|t:|1783519180
|switch|p1b: Whimsicott|Whimsicott, L50, M|100/100
|turn|5
|
|t:|1783519198
|move|p1b: Whimsicott|Charm|p2a: Garchomp
|-unboost|p2a: Garchomp|atk|2
|move|p2a: Garchomp|Poison Jab|p1b: Whimsicott
|-supereffective|p1b: Whimsicott|2
|-damage|p1b: Whimsicott|18/100
|move|p1a: Incineroar|Darkest Lariat|p2b: Charizard
|-damage|p2b: Charizard|0 fnt
|faint|p2b: Charizard
|
|-weather|none
|upkeep
|
|t:|1783519210
|switch|p2b: Gholdengo|Gholdengo, L50|100/100
|turn|6
|
|t:|1783519225
|move|p1b: Whimsicott|Protect|p1b: Whimsicott
|-singleturn|p1b: Whimsicott|Protect
|move|p2a: Garchomp|Poison Jab|p1b: Whimsicott
|-activate|p1b: Whimsicott|move: Protect
|move|p2b: Gholdengo|Shadow Ball|p1a: Incineroar
|-resisted|p1a: Incineroar|1
|-damage|p1a: Incineroar|21/100
|-unboost|p1a: Incineroar|spd|1
|-damage|p2b: Gholdengo|90/100|[from] item: Life Orb
|move|p1a: Incineroar|Flare Blitz|p2b: Gholdengo
|-supereffective|p2b: Gholdengo|1
|-damage|p2b: Gholdengo|0 fnt
|faint|p2b: Gholdengo
|-damage|p1a: Incineroar|0 fnt|[from] Recoil
|faint|p1a: Incineroar
|
|upkeep
|
|t:|1783519236
|switch|p2b: Venusaur|Venusaur, L50, M|44/100
|turn|7
|-message|Scoseb forfeited.
|
|win|thaduck
||thaduck is ready for game 3.
||Scoseb is ready for game 3.
|uhtml|next|Next: Game 3 of 3
