|j|☆Uei1234
|j|☆wodaiogien
|html|Uei1234wodaiogien    
|uhtml|bestof|Game 1 of a best-of-3
|t:|1782330395
|gametype|doubles
|player|p1|Uei1234|2|1034
|player|p2|wodaiogien|2|1128
|gen|9
|tier|[Gen 9 Champions] VGC 2026 Reg M-B (Bo3)
|rated|
|rule|Species Clause: Limit one of each Pokémon
|rule|Item Clause: Limit 1 of each item
|clearpoke
|poke|p1|Sceptile, L50, F|
|poke|p1|Rotom-Heat, L50|
|poke|p1|Metagross, L50|
|poke|p1|Grimmsnarl, L50, M|
|poke|p1|Milotic, L50, F|
|poke|p1|Kommo-o, L50, F|
|poke|p2|Talonflame, L50, F|
|poke|p2|Tsareena, L50, F|
|poke|p2|Raichu, L50, F|
|poke|p2|Basculegion, L50, M|
|poke|p2|Kingambit, L50, M|
|poke|p2|Sneasler, L50, M|
|teampreview|4
|showteam|p1|Sceptile||Sceptilite|Overgrow|EarthPower,GigaDrain,DragonPulse,Protect|Timid||F|||50|]Rotom-Heat||ChoiceScarf|Levitate|Discharge,Thunderbolt,Overheat,WillOWisp|Timid|||||50|]Metagross||Metagrossite|ClearBody|MeteorMash,PsychicFangs,Protect,RockSlide|Jolly|||||50|]Grimmsnarl||LightClay|Prankster|LightScreen,Reflect,SpiritBreak,FakeOut|Adamant||M|||50|]Milotic||Leftovers|Competitive|Coil,Recover,HydroPump,IcyWind|Bold||F|||50|]Kommo-o||LifeOrb|Bulletproof|ThroatChop,BodyPress,Protect,DrainPunch|Careful||F|||50|
|showteam|p2|Talonflame||FocusSash|GaleWings|DualWingbeat,Tailwind,FlareBlitz,Protect|Jolly||F|||50|]Tsareena||WideLens|QueenlyMajesty|TripleAxel,TropKick,HighJumpKick,Protect|Adamant||F|||50|]Raichu||RaichuniteY|LightningRod|Protect,ZapCannon,FocusBlast,FakeOut|Timid||F|||50|]Basculegion||LifeOrb|Adaptability|WaveCrash,AquaJet,LastRespects,Protect|Adamant||M|||50|]Kingambit||ChopleBerry|Defiant|KowtowCleave,SuckerPunch,IronHead,Protect|Adamant||M|||50|]Sneasler||WhiteHerb|Unburden|Protect,DireClaw,CloseCombat,FakeOut|Adamant||M|||50|
|inactive|Battle timer is ON: inactive players will automatically lose when time's up. (requested by wodaiogien)
|inactive|Uei1234 has 60 seconds left.
|inactive|wodaiogien has 60 seconds left.
|
|t:|1782330455
|teamsize|p1|4
|teamsize|p2|4
|start
|switch|p1a: Grimmsnarl|Grimmsnarl, L50, M|100/100
|switch|p1b: Milotic|Milotic, L50, F|100/100
|switch|p2a: Talonflame|Talonflame, L50, F|100/100
|switch|p2b: Raichu|Raichu, L50, F|100/100
|turn|1
|inactive|wodaiogien has 30 seconds left.
|inactive|wodaiogien has 20 seconds left.
|
|t:|1782330494
|detailschange|p2b: Raichu|Raichu-Mega-Y, L50, F
|-mega|p2b: Raichu|Raichu|Raichunite Y
|move|p2b: Raichu|Fake Out|p1a: Grimmsnarl
|-damage|p1a: Grimmsnarl|91/100
|cant|p1a: Grimmsnarl|flinch
|move|p2a: Talonflame|Tailwind|p2a: Talonflame
|-sidestart|p2: wodaiogien|move: Tailwind
|move|p1b: Milotic|Icy Wind|p2b: Raichu|[spread] p2a,p2b
|-damage|p2a: Talonflame|85/100
|-damage|p2b: Raichu|86/100
|-unboost|p2a: Talonflame|spe|1
|-unboost|p2b: Raichu|spe|1
|
|upkeep
|turn|2
|inactive|Uei1234 has 30 seconds left.
|
|t:|1782330526
|switch|p2a: Kingambit|Kingambit, L50, M|100/100
|switch|p1b: Sceptile|Sceptile, L50, F|100/100
|move|p1a: Grimmsnarl|Light Screen|p1a: Grimmsnarl
|-sidestart|p1: Uei1234|move: Light Screen
|move|p2b: Raichu|Zap Cannon|p1b: Sceptile
|-resisted|p1b: Sceptile|1
|-damage|p1b: Sceptile|74/100
|-status|p1b: Sceptile|par
|
|upkeep
|turn|3
|inactive|Uei1234 has 30 seconds left.
|inactive|wodaiogien has 30 seconds left.
|inactive|wodaiogien has 20 seconds left.
|inactive|wodaiogien has 15 seconds left.
|inactive|wodaiogien has 10 seconds left.
|
|t:|1782330574
|switch|p2b: Tsareena|Tsareena, L50, F|100/100
|detailschange|p1b: Sceptile|Sceptile-Mega, L50, F
|-mega|p1b: Sceptile|Sceptile|Sceptilite
|move|p1a: Grimmsnarl|Reflect|p1a: Grimmsnarl
|-sidestart|p1: Uei1234|Reflect
|move|p2a: Kingambit|Iron Head|p1a: Grimmsnarl
|-supereffective|p1a: Grimmsnarl|1
|-damage|p1a: Grimmsnarl|27/100
|move|p1b: Sceptile|Earth Power|p2b: Tsareena
|-resisted|p2b: Tsareena|1
|-damage|p2b: Tsareena|84/100
|
|upkeep
|turn|4
|inactive|Uei1234 has 30 seconds left.
|
|t:|1782330604
|move|p1b: Sceptile|Protect|p1b: Sceptile
|-singleturn|p1b: Sceptile|Protect
|move|p2b: Tsareena|Triple Axel|p1b: Sceptile
|-activate|p1b: Sceptile|move: Protect
|move|p2a: Kingambit|Iron Head|p1a: Grimmsnarl
|-supereffective|p1a: Grimmsnarl|1
|-damage|p1a: Grimmsnarl|0 fnt
|faint|p1a: Grimmsnarl
|
|-sideend|p2: wodaiogien|move: Tailwind
|upkeep
|
|t:|1782330616
|switch|p1a: Kommo-o|Kommo-o, L50, F|100/100
|turn|5
|
|t:|1782330640
|switch|p2a: Talonflame|Talonflame, L50, F|85/100
|move|p2b: Tsareena|Triple Axel|p1b: Sceptile
|-supereffective|p1b: Sceptile|2
|-damage|p1b: Sceptile|51/100 par
|-supereffective|p1b: Sceptile|2
|-damage|p1b: Sceptile|1/100 par
|-supereffective|p1b: Sceptile|2
|-damage|p1b: Sceptile|0 fnt
|faint|p1b: Sceptile
|-hitcount|p1: Sceptile|3
|move|p1a: Kommo-o|Body Press|p2a: Talonflame
|-resisted|p2a: Talonflame|1
|-damage|p2a: Talonflame|49/100
|-damage|p1a: Kommo-o|90/100|[from] item: Life Orb
|
|upkeep
|
|t:|1782330654
|switch|p1b: Milotic|Milotic, L50, F|100/100
|turn|6
|
|t:|1782330673
|move|p2a: Talonflame|Protect|p2a: Talonflame
|-singleturn|p2a: Talonflame|Protect
|move|p1a: Kommo-o|Protect|p1a: Kommo-o
|-singleturn|p1a: Kommo-o|Protect
|move|p2b: Tsareena|Triple Axel|p1a: Kommo-o
|-activate|p1a: Kommo-o|move: Protect
|move|p1b: Milotic|Coil|p1b: Milotic
|-boost|p1b: Milotic|atk|1
|-boost|p1b: Milotic|def|1
|-boost|p1b: Milotic|accuracy|1
|
|upkeep
|turn|7
|
|t:|1782330695
|move|p2a: Talonflame|Dual Wingbeat|p1a: Kommo-o
|-supereffective|p1a: Kommo-o|1
|-damage|p1a: Kommo-o|74/100
|-supereffective|p1a: Kommo-o|1
|-damage|p1a: Kommo-o|56/100
|-hitcount|p1a: Kommo-o|2
|move|p2b: Tsareena|Triple Axel|p1a: Kommo-o
|-supereffective|p1a: Kommo-o|1
|-damage|p1a: Kommo-o|48/100
|-supereffective|p1a: Kommo-o|1
|-damage|p1a: Kommo-o|35/100
|-supereffective|p1a: Kommo-o|1
|-damage|p1a: Kommo-o|13/100
|-hitcount|p1a: Kommo-o|3
|move|p1b: Milotic|Hydro Pump|p2a: Talonflame
|-supereffective|p2a: Talonflame|1
|-damage|p2a: Talonflame|0 fnt
|faint|p2a: Talonflame
|move|p1a: Kommo-o|Drain Punch|p2b: Tsareena
|-damage|p2b: Tsareena|38/100
|-heal|p1a: Kommo-o|38/100|[from] drain|[of] p2b: Tsareena
|-damage|p1a: Kommo-o|28/100|[from] item: Life Orb
|
|upkeep
|
|t:|1782330715
|switch|p2a: Raichu|Raichu-Mega-Y, L50, F|86/100
|turn|8
|
|t:|1782330727
|move|p1a: Kommo-o|Protect|p1a: Kommo-o
|-singleturn|p1a: Kommo-o|Protect
|move|p2a: Raichu|Fake Out|p1b: Milotic
|-damage|p1b: Milotic|97/100
|move|p2b: Tsareena|Triple Axel|p1a: Kommo-o
|-activate|p1a: Kommo-o|move: Protect
|cant|p1b: Milotic|flinch
|
|-heal|p1b: Milotic|100/100|[from] item: Leftovers
|upkeep
|turn|9
|
|t:|1782330749
|move|p2a: Raichu|Zap Cannon|p1b: Milotic
|-supereffective|p1b: Milotic|1
|-damage|p1b: Milotic|32/100
|-status|p1b: Milotic|par
|move|p2b: Tsareena|Triple Axel|p1a: Kommo-o
|-supereffective|p1a: Kommo-o|1
|-damage|p1a: Kommo-o|21/100
|-supereffective|p1a: Kommo-o|1
|-damage|p1a: Kommo-o|7/100
|-supereffective|p1a: Kommo-o|1
|-damage|p1a: Kommo-o|0 fnt
|faint|p1a: Kommo-o
|-hitcount|p1: Kommo-o|3
|move|p1b: Milotic|Icy Wind|p2b: Tsareena|[spread] p2a,p2b
|-crit|p2a: Raichu
|-supereffective|p2b: Tsareena|1
|-damage|p2a: Raichu|66/100
|-damage|p2b: Tsareena|16/100
|-unboost|p2a: Raichu|spe|1
|-unboost|p2b: Tsareena|spe|1
|
|-heal|p1b: Milotic|38/100 par|[from] item: Leftovers
|-sideend|p1: Uei1234|move: Light Screen
|upkeep
|turn|10
|
|t:|1782330767
|move|p2a: Raichu|Zap Cannon|p1b: Milotic
|-supereffective|p1b: Milotic|1
|-damage|p1b: Milotic|0 fnt
|faint|p1b: Milotic
|
|win|wodaiogien
|raw|Uei1234's rating: 1034 → 1023(-11 for losing)
|raw|wodaiogien's rating: 1128 → 1146(+18 for winning)
|l|☆Uei1234
|player|p1|
