|j|‽Livnlarge27
|j|☆MoodyMukVGC
|html|Livnlarge27MoodyMukVGC    
|uhtml|bestof|Game 3 of a best-of-3
|t:|1755960174
|gametype|doubles
|player|p1|Livnlarge27|red|1448
|player|p2|MoodyMukVGC|bugsy|1350
|gen|9
|tier|[Gen 9] VGC 2025 Reg H (Bo3)
|rated|
|rule|Species Clause: Limit one of each Pokémon
|rule|Item Clause: Limit 1 of each item
|clearpoke
|poke|p1|Blastoise, L50, F|
|poke|p1|Sneasler, L50, F|
|poke|p1|Whimsicott, L50, F|
|poke|p1|Baxcalibur, L50, M|
|poke|p1|Indeedee-F, L50, F|
|poke|p1|Gholdengo, L50|
|poke|p2|Ursaluna, L50, M|
|poke|p2|Jumpluff, L50, M|
|poke|p2|Charizard, L50, M|
|poke|p2|Torkoal, L50, M|
|poke|p2|Incineroar, L50, M|
|poke|p2|Porygon2, L50|
|teampreview|4
|showteam|p1|Blastoise||MysticWater|Torrent|Protect,WaterSpout,HydroPump,ShellSmash|||F|||50|,,,,,Water]Sneasler||PsychicSeed|Unburden|FakeOut,CloseCombat,DireClaw,ThroatChop|||F|||50|,,,,,Dark]Whimsicott||CovertCloak|Prankster|Tailwind,Moonblast,Encore,Taunt|||F|||50|,,,,,Dark]Baxcalibur||LoadedDice|ThermalExchange|IcicleSpear,ScaleShot,HighHorsepower,Protect|||M|||50|,,,,,Fire]Indeedee-F||SafetyGoggles|PsychicSurge|FollowMe,Imprison,TrickRoom,Psychic|||F|||50|,,,,,Fairy]Gholdengo||ChoiceSpecs|GoodasGold|MakeItRain,ShadowBall,PowerGem,Thunderbolt||||||50|,,,,,Steel
|showteam|p2|Ursaluna||FlameOrb|Guts|HeadlongRush,Facade,Earthquake,Protect|||M|||50|,,,,,Ghost]Jumpluff||CovertCloak|Chlorophyll|SleepPowder,SunnyDay,Tailwind,RagePowder|||M|||50|,,,,,Water]Charizard||ChoiceSpecs|SolarPower|AirSlash,HeatWave,Overheat,WeatherBall|||M|||50|,,,,,Ghost]Torkoal||EjectPack|Drought|ClearSmog,Eruption,Overheat,Protect|||M|||50|,,,,,Fire]Incineroar||SafetyGoggles|Intimidate|FakeOut,FlareBlitz,KnockOff,PartingShot|||M|||50|,,,,,Ghost]Porygon2||Eviolite|Download|TeraBlast,IceBeam,Recover,TrickRoom||||||50|,,,,,Fighting
|inactive|Battle timer is ON: inactive players will automatically lose when time's up. (requested by Livnlarge27)
|
|t:|1755960205
|teamsize|p1|4
|teamsize|p2|4
|start
|switch|p1a: Whimsicott|Whimsicott, L50, F|100/100
|switch|p1b: Gholdengo|Gholdengo, L50|100/100
|switch|p2a: Jumpluff|Jumpluff, L50, M, shiny|100/100
|switch|p2b: Ursaluna|Ursaluna, L50, M, shiny|100/100
|turn|1
|
|t:|1755960229
|switch|p2a: Incineroar|Incineroar, L50, M, shiny|100/100
|-ability|p2a: Incineroar|Intimidate|boost
|-unboost|p1a: Whimsicott|atk|1
|-unboost|p1b: Gholdengo|atk|1
|-terastallize|p1b: Gholdengo|Steel
|move|p1a: Whimsicott|Taunt|p2a: Incineroar
|-hint|Since gen 7, Dark is immune to Prankster moves.
|-immune|p2a: Incineroar
|move|p1b: Gholdengo|Make It Rain|p2a: Incineroar|[spread] p2a,p2b
|-resisted|p2a: Incineroar
|-damage|p2a: Incineroar|61/100
|-damage|p2b: Ursaluna|7/100
|-unboost|p1b: Gholdengo|spa|1
|move|p2b: Ursaluna|Headlong Rush|p1b: Gholdengo
|-supereffective|p1b: Gholdengo
|-damage|p1b: Gholdengo|0 fnt
|-unboost|p2b: Ursaluna|def|1
|-unboost|p2b: Ursaluna|spd|1
|faint|p1b: Gholdengo
|
|-status|p2b: Ursaluna|brn|[from] item: Flame Orb
|upkeep
|
|t:|1755960246
|switch|p1b: Blastoise|Blastoise, L50, F|100/100
|turn|2
|inactive|MoodyMukVGC has 30 seconds left.
|
|t:|1755960278
|move|p1b: Blastoise|Protect|p1b: Blastoise
|-singleturn|p1b: Blastoise|Protect
|move|p2a: Incineroar|Fake Out|p1b: Blastoise
|-activate|p1b: Blastoise|move: Protect
|move|p1a: Whimsicott|Tailwind|p1a: Whimsicott
|-sidestart|p1: Livnlarge27|move: Tailwind
|move|p2b: Ursaluna|Facade|p1a: Whimsicott
|-damage|p1a: Whimsicott|0 fnt
|faint|p1a: Whimsicott
|
|-damage|p2b: Ursaluna|1/100 brn|[from] brn
|upkeep
|
|t:|1755960284
|switch|p1a: Baxcalibur|Baxcalibur, L50, M|100/100
|turn|3
|inactive|MoodyMukVGC has 30 seconds left.
|
|t:|1755960318
|switch|p2a: Jumpluff|Jumpluff, L50, M, shiny|100/100
|move|p1a: Baxcalibur|Icicle Spear|p2a: Jumpluff
|-supereffective|p2a: Jumpluff
|-damage|p2a: Jumpluff|26/100
|-supereffective|p2a: Jumpluff
|-damage|p2a: Jumpluff|0 fnt
|faint|p2a: Jumpluff
|-hitcount|p2: Jumpluff|2
|move|p1b: Blastoise|Water Spout|p2b: Ursaluna
|-supereffective|p2b: Ursaluna
|-damage|p2b: Ursaluna|0 fnt
|faint|p2b: Ursaluna
|
|upkeep
|
|t:|1755960320
|switch|p2a: Incineroar|Incineroar, L50, M, shiny|61/100
|switch|p2b: Charizard|Charizard, L50, M, shiny|100/100
|-ability|p2a: Incineroar|Intimidate|boost
|-unboost|p1a: Baxcalibur|atk|1
|-unboost|p1b: Blastoise|atk|1
|turn|4
|inactive|MoodyMukVGC has 30 seconds left.
|inactive|MoodyMukVGC has 20 seconds left.
|
|t:|1755960360
|move|p1a: Baxcalibur|Protect|p1a: Baxcalibur
|-singleturn|p1a: Baxcalibur|Protect
|move|p1b: Blastoise|Protect|p1b: Blastoise
|-singleturn|p1b: Blastoise|Protect
|move|p2a: Incineroar|Fake Out|p1b: Blastoise
|-activate|p1b: Blastoise|move: Protect
|move|p2b: Charizard|Overheat|p1a: Baxcalibur
|-activate|p1a: Baxcalibur|move: Protect
|
|upkeep
|turn|5
|
|t:|1755960367
|-terastallize|p2b: Charizard|Ghost
|move|p1a: Baxcalibur|Icicle Spear|p2b: Charizard
|-damage|p2b: Charizard|85/100
|-damage|p2b: Charizard|69/100
|-damage|p2b: Charizard|57/100
|-damage|p2b: Charizard|41/100
|-hitcount|p2b: Charizard|4
|move|p1b: Blastoise|Water Spout|p2b: Charizard|[spread] p2a,p2b
|-supereffective|p2a: Incineroar
|-damage|p2a: Incineroar|0 fnt
|-damage|p2b: Charizard|0 fnt
|faint|p2a: Incineroar
|faint|p2b: Charizard
|
|win|Livnlarge27
|raw|Livnlarge27's rating: 1448 → 1463(+15 for winning)
|raw|MoodyMukVGC's rating: 1350 → 1335(-15 for losing)
|l|☆MoodyMukVGC
|player|p2|
