|j|☆Lord_of_Ewoks
|j|☆SelvesterTheYAK
|html|Lord_of_EwoksSelvesterTheYAK    
|uhtml|bestof|Game 3 of a best-of-3
|t:|1756871091
|gametype|doubles
|player|p1|Lord_of_Ewoks|101|1208
|player|p2|SelvesterTheYAK|170|1169
|gen|9
|tier|[Gen 9] VGC 2025 Reg H (Bo3)
|rated|
|rule|Species Clause: Limit one of each Pokémon
|rule|Item Clause: Limit 1 of each item
|clearpoke
|poke|p1|Blaziken, L50, F|
|poke|p1|Primarina, L50, F|
|poke|p1|Serperior, L50, M|
|poke|p1|Incineroar, L50, F|
|poke|p1|Indeedee-F, L50, F|
|poke|p1|Dragapult, L50, M|
|poke|p2|Tyranitar, L50, M|
|poke|p2|Arcanine-Hisui, L50, M|
|poke|p2|Kommo-o, L50, F|
|poke|p2|Gholdengo, L50|
|poke|p2|Rillaboom, L50, M|
|poke|p2|Electabuzz, L50, F|
|teampreview|4
|showteam|p1|Blaziken||ClearAmulet|SpeedBoost|FirePledge,CloseCombat,RockSlide,Protect|||F|||50|,,,,,Ghost]Primarina||LifeOrb|LiquidVoice|HyperVoice,Moonblast,WaterPledge,Protect|||F|||50|,,,,,Poison]Serperior||FocusSash|Contrary|LeafStorm,TeraBlast,GrassPledge,Protect|||M|||50|,,,,,Stellar]Incineroar||SitrusBerry|Intimidate|FakeOut,PartingShot,KnockOff,WillOWisp|||F|||50|,,,,,Ghost]Indeedee-F||SafetyGoggles|PsychicSurge|FollowMe,Protect,TrickRoom,Psychic|||F|||50|,,,,,Dark]Dragapult||ChoiceBand|ClearBody|DragonDarts,PhantomForce,Uturn,PsychicFangs|||M|||50|,,,,,Dragon
|showteam|p2|Tyranitar||AssaultVest|SandStream|RockSlide,KnockOff,TeraBlast,LowKick|||M|||50|,,,,,Flying]Arcanine-Hisui||SitrusBerry|Intimidate|RockSlide,FlareBlitz,WillOWisp,Howl|||M|||50|,,,,,Water]Kommo-o||Leftovers|Overcoat|IronDefense,BodyPress,Protect,DragonClaw|||F|||50|,,,,,Steel]Gholdengo||LifeOrb|GoodasGold|MakeItRain,ShadowBall,NastyPlot,Protect||||||50|,,,,,Steel]Rillaboom||MiracleSeed|GrassySurge|FakeOut,GrassyGlide,WoodHammer,Protect|||M|||50|,,,,,Grass]Electabuzz||Eviolite|VitalSpirit|Taunt,Protect,Electroweb,FollowMe|||F|||50|,,,,,Ghost
|inactive|Battle timer is ON: inactive players will automatically lose when time's up. (requested by Lord_of_Ewoks)
|
|t:|1756871124
|teamsize|p1|4
|teamsize|p2|4
|start
|switch|p1a: Serperior|Serperior, L50, M|100/100
|switch|p1b: Incineroar|Incineroar, L50, F|100/100
|switch|p2a: Rillaboom|Rillaboom, L50, M|100/100
|switch|p2b: Arcanine|Arcanine-Hisui, L50, M|100/100
|-ability|p2b: Arcanine|Intimidate|boost
|-boost|p1a: Serperior|atk|1
|-unboost|p1b: Incineroar|atk|1
|-fieldstart|move: Grassy Terrain|[from] ability: Grassy Surge|[of] p2a: Rillaboom
|-ability|p1b: Incineroar|Intimidate|boost
|-unboost|p2a: Rillaboom|atk|1
|-unboost|p2b: Arcanine|atk|1
|turn|1
|
|t:|1756871138
|move|p1a: Serperior|Protect|p1a: Serperior
|-singleturn|p1a: Serperior|Protect
|move|p2a: Rillaboom|Fake Out|p1b: Incineroar
|-damage|p1b: Incineroar|91/100
|move|p2b: Arcanine|Howl|p2b: Arcanine|[spread] p2a,p2b
|-boost|p2a: Rillaboom|atk|1
|-boost|p2b: Arcanine|atk|1
|cant|p1b: Incineroar|flinch
|
|-heal|p1b: Incineroar|97/100|[from] Grassy Terrain
|upkeep
|turn|2
|inactive|SelvesterTheYAK has 30 seconds left.
|
|t:|1756871172
|-terastallize|p1a: Serperior|Stellar
|move|p1a: Serperior|Leaf Storm|p2b: Arcanine
|-damage|p2b: Arcanine|8/100
|-boost|p1a: Serperior|spa|2
|-enditem|p2b: Arcanine|Sitrus Berry|[eat]
|-heal|p2b: Arcanine|33/100|[from] item: Sitrus Berry
|move|p2b: Arcanine|Flare Blitz|p1a: Serperior
|-supereffective|p1a: Serperior
|-enditem|p1a: Serperior|Focus Sash
|-damage|p1a: Serperior|1/100
|-damage|p2b: Arcanine|9/100|[from] Recoil
|move|p2a: Rillaboom|Wood Hammer|p1a: Serperior
|-resisted|p1a: Serperior
|-damage|p1a: Serperior|0 fnt
|faint|p1a: Serperior
|-damage|p2a: Rillaboom|99/100|[from] Recoil
|move|p1b: Incineroar|Will-O-Wisp|p2a: Rillaboom
|-status|p2a: Rillaboom|brn
|
|-heal|p2b: Arcanine|15/100|[from] Grassy Terrain
|-heal|p2a: Rillaboom|100/100 brn|[from] Grassy Terrain
|-heal|p1b: Incineroar|100/100|[from] Grassy Terrain
|-damage|p2a: Rillaboom|95/100 brn|[from] brn
|upkeep
|
|t:|1756871186
|switch|p1a: Dragapult|Dragapult, L50, M|100/100
|turn|3
|inactive|SelvesterTheYAK has 30 seconds left.
|
|t:|1756871218
|move|p2a: Rillaboom|Protect|p2a: Rillaboom
|-singleturn|p2a: Rillaboom|Protect
|move|p1a: Dragapult|Dragon Darts|p2b: Arcanine
|-damage|p2b: Arcanine|0 fnt
|faint|p2b: Arcanine
|move|p1b: Incineroar|Parting Shot|p2a: Rillaboom
|-activate|p2a: Rillaboom|move: Protect
|
|-heal|p2a: Rillaboom|100/100 brn|[from] Grassy Terrain
|-damage|p2a: Rillaboom|95/100 brn|[from] brn
|upkeep
|
|t:|1756871231
|switch|p2b: Tyranitar|Tyranitar, L50, M|100/100
|-weather|Sandstorm|[from] ability: Sand Stream|[of] p2b: Tyranitar
|turn|4
|
|t:|1756871253
|switch|p1a: Indeedee|Indeedee-F, L50, F|100/100
|-fieldstart|move: Psychic Terrain|[from] ability: Psychic Surge|[of] p1a: Indeedee
|move|p2a: Rillaboom|Grassy Glide|p1a: Indeedee
|-damage|p1a: Indeedee|77/100
|move|p2b: Tyranitar|Knock Off|p1a: Indeedee
|-supereffective|p1a: Indeedee
|-damage|p1a: Indeedee|0 fnt
|-enditem|p1a: Indeedee|Safety Goggles|[from] move: Knock Off|[of] p2b: Tyranitar
|faint|p1a: Indeedee
|move|p1b: Incineroar|Will-O-Wisp|p2b: Tyranitar
|-status|p2b: Tyranitar|brn
|
|-weather|Sandstorm|[upkeep]
|-damage|p2a: Rillaboom|89/100 brn|[from] Sandstorm
|-damage|p1b: Incineroar|95/100|[from] Sandstorm
|-damage|p2a: Rillaboom|83/100 brn|[from] brn
|-damage|p2b: Tyranitar|95/100 brn|[from] brn
|upkeep
|
|t:|1756871263
|switch|p1a: Dragapult|Dragapult, L50, M|100/100
|turn|5
|
|t:|1756871274
|move|p1a: Dragapult|Dragon Darts|p2b: Tyranitar
|-damage|p2b: Tyranitar|62/100 brn
|-anim|p1a: Dragapult|Dragon Darts|p2a: Rillaboom
|-damage|p2a: Rillaboom|47/100 brn
|move|p2a: Rillaboom|Grassy Glide|p1a: Dragapult
|-resisted|p1a: Dragapult
|-damage|p1a: Dragapult|89/100
|move|p2b: Tyranitar|Knock Off|p1a: Dragapult
|-supereffective|p1a: Dragapult
|-crit|p1a: Dragapult
|-damage|p1a: Dragapult|0 fnt
|-enditem|p1a: Dragapult|Choice Band|[from] move: Knock Off|[of] p2b: Tyranitar
|faint|p1a: Dragapult
|move|p1b: Incineroar|Knock Off|p2b: Tyranitar
|-resisted|p2b: Tyranitar
|-damage|p2b: Tyranitar|51/100 brn
|-enditem|p2b: Tyranitar|Assault Vest|[from] move: Knock Off|[of] p1b: Incineroar
|
|-weather|Sandstorm|[upkeep]
|-damage|p2a: Rillaboom|41/100 brn|[from] Sandstorm
|-damage|p1b: Incineroar|89/100|[from] Sandstorm
|-damage|p2a: Rillaboom|35/100 brn|[from] brn
|-damage|p2b: Tyranitar|45/100 brn|[from] brn
|upkeep
|turn|6
|-message|Lord_of_Ewoks forfeited.
|
|win|SelvesterTheYAK
|raw|Lord_of_Ewoks's rating: 1208 → 1180(-28 for losing)
|raw|SelvesterTheYAK's rating: 1169 → 1197(+28 for winning)
|l|☆Lord_of_Ewoks
|player|p1|
|c|☆SelvesterTheYAK|gg
