|j|☆Pelosis
|j|☆JC<3Miniors
|html|PelosisJC<3Miniors    
|uhtml|bestof|Game 3 of a best-of-3
|t:|1756700976
|gametype|doubles
|player|p1|Pelosis|101|1083
|player|p2|JC<3Miniors|wattson|1159
|gen|9
|tier|[Gen 9] VGC 2025 Reg H (Bo3)
|rated|
|rule|Species Clause: Limit one of each Pokémon
|rule|Item Clause: Limit 1 of each item
|clearpoke
|poke|p1|Gothitelle, L50, M|
|poke|p1|Politoed, L50, F|
|poke|p1|Rillaboom, L50, M|
|poke|p1|Incineroar, L50, M|
|poke|p1|Flamigo, L50, F|
|poke|p1|Gholdengo, L50|
|poke|p2|Maushold-Four, L50|
|poke|p2|Gholdengo, L50|
|poke|p2|Murkrow, L50, F|
|poke|p2|Archaludon, L50, M|
|poke|p2|Garchomp, L50, F|
|poke|p2|Annihilape, L50, F|
|teampreview|4
|showteam|p1|Gothitelle||SitrusBerry|ShadowTag|Psychic,Hypnosis,FakeOut,Protect|||M|||50|,,,,,Dragon]Politoed||MentalHerb|Drizzle|WeatherBall,Haze,PerishSong,Protect|||F|||50|,,,,,Grass]Rillaboom||AssaultVest|GrassySurge|WoodHammer,GrassyGlide,Uturn,FakeOut|||M|||50|,,,,,Fire]Incineroar||SafetyGoggles|Intimidate|FakeOut,PartingShot,KnockOff,FlareBlitz|||M|||50|,,,,,Ghost]Flamigo||LifeOrb|Scrappy|CloseCombat,BraveBird,ThroatChop,Protect|||F|||50|,,,,,Steel]Gholdengo||ChoiceSpecs|GoodasGold|MakeItRain,ShadowBall,PowerGem,SteelBeam||||||50|,,,,,Steel
|showteam|p2|Maushold-Four||RockyHelmet|FriendGuard|Feint,FollowMe,FakeTears,Protect||||||50|,,,,,Ghost]Gholdengo||ChoiceSpecs|GoodasGold|MakeItRain,ShadowBall,PowerGem,Trick||||||50|,,,,,Steel]Murkrow||Eviolite|Prankster|BraveBird,RainDance,Tailwind,Haze|||F|||50|,,,,,Ghost]Archaludon||PowerHerb|Sturdy|DracoMeteor,ElectroShot,Thunderbolt,Protect|||M|||50|,,,,,Electric]Garchomp||LifeOrb|RoughSkin|Earthquake,DragonClaw,StompingTantrum,Protect|||F|||50|,,,,,Ground]Annihilape||ChoiceScarf|Defiant|CloseCombat,Coaching,FinalGambit,Uturn|||F|||50|,,,,,Flying
|inactive|Battle timer is ON: inactive players will automatically lose when time's up. (requested by Pelosis)
|inactive|Pelosis has 60 seconds left.
|
|t:|1756701013
|teamsize|p1|4
|teamsize|p2|4
|start
|switch|p1a: Politoed|Politoed, L50, F, shiny|100/100
|switch|p1b: Incineroar|Incineroar, L50, M, shiny|100/100
|switch|p2a: Gholdengo|Gholdengo, L50|100/100
|switch|p2b: Maushold|Maushold-Four, L50|100/100
|-weather|RainDance|[from] ability: Drizzle|[of] p1a: Politoed
|-ability|p1b: Incineroar|Intimidate|boost
|-unboost|p2a: Gholdengo|atk|1
|-unboost|p2b: Maushold|atk|1
|turn|1
|inactive|Pelosis has 30 seconds left.
|inactive|JC<3Miniors has 30 seconds left.
|inactive|Pelosis has 20 seconds left.
|
|t:|1756701048
|-terastallize|p2a: Gholdengo|Steel
|move|p2b: Maushold|Fake Tears|p1b: Incineroar
|-unboost|p1b: Incineroar|spd|2
|move|p2a: Gholdengo|Make It Rain|p1a: Politoed|[spread] p1a,p1b
|-resisted|p1a: Politoed
|-resisted|p1b: Incineroar
|-damage|p1a: Politoed|53/100
|-damage|p1b: Incineroar|25/100
|-unboost|p2a: Gholdengo|spa|1
|move|p1a: Politoed|Weather Ball|p2a: Gholdengo
|-damage|p2a: Gholdengo|56/100
|move|p1b: Incineroar|Knock Off|p2a: Gholdengo
|-damage|p2a: Gholdengo|21/100
|-enditem|p2a: Gholdengo|Choice Specs|[from] move: Knock Off|[of] p1b: Incineroar
|
|-weather|RainDance|[upkeep]
|upkeep
|turn|2
|inactive|Pelosis has 30 seconds left.
|
|t:|1756701078
|switch|p1b: Gothitelle|Gothitelle, L50, M|100/100
|move|p1a: Politoed|Protect|p1a: Politoed
|-singleturn|p1a: Politoed|Protect
|move|p2b: Maushold|Fake Tears|p1a: Politoed
|-activate|p1a: Politoed|move: Protect
|move|p2a: Gholdengo|Make It Rain|p1b: Gothitelle|[spread] p1b
|-activate|p1a: Politoed|move: Protect
|-damage|p1b: Gothitelle|60/100
|-unboost|p2a: Gholdengo|spa|1
|
|-weather|RainDance|[upkeep]
|upkeep
|turn|3
|inactive|Pelosis has 30 seconds left.
|
|t:|1756701107
|move|p1b: Gothitelle|Fake Out|p2b: Maushold
|-damage|p2b: Maushold|94/100
|-damage|p1b: Gothitelle|43/100|[from] item: Rocky Helmet|[of] p2b: Maushold
|-enditem|p1b: Gothitelle|Sitrus Berry|[eat]
|-heal|p1b: Gothitelle|68/100|[from] item: Sitrus Berry
|cant|p2b: Maushold|flinch
|move|p2a: Gholdengo|Make It Rain|p1a: Politoed|[spread] p1a,p1b
|-resisted|p1a: Politoed
|-damage|p1a: Politoed|37/100
|-damage|p1b: Gothitelle|40/100
|-unboost|p2a: Gholdengo|spa|1
|move|p1a: Politoed|Weather Ball|p2a: Gholdengo
|-damage|p2a: Gholdengo|0 fnt
|faint|p2a: Gholdengo
|
|-weather|RainDance|[upkeep]
|upkeep
|
|t:|1756701116
|switch|p2a: Archaludon|Archaludon, L50, M|100/100
|turn|4
|inactive|Pelosis has 30 seconds left.
|inactive|Pelosis has 20 seconds left.
|
|t:|1756701154
|switch|p1b: Incineroar|Incineroar, L50, M, shiny|25/100
|-ability|p1b: Incineroar|Intimidate|boost
|-unboost|p2a: Archaludon|atk|1
|-unboost|p2b: Maushold|atk|1
|-terastallize|p1a: Politoed|Grass
|move|p2b: Maushold|Fake Tears|p1a: Politoed
|-unboost|p1a: Politoed|spd|2
|move|p2a: Archaludon|Electro Shot||[still]
|-prepare|p2a: Archaludon|Electro Shot
|-boost|p2a: Archaludon|spa|1
|-anim|p2a: Archaludon|Electro Shot|p1a: Politoed
|-resisted|p1a: Politoed
|-damage|p1a: Politoed|0 fnt
|faint|p1a: Politoed
|
|-weather|RainDance|[upkeep]
|upkeep
|
|t:|1756701170
|switch|p1a: Flamigo|Flamigo, L50, F, shiny|100/100
|turn|5
|
|t:|1756701193
|move|p2b: Maushold|Protect|p2b: Maushold
|-singleturn|p2b: Maushold|Protect
|move|p2a: Archaludon|Protect|p2a: Archaludon
|-singleturn|p2a: Archaludon|Protect
|move|p1b: Incineroar|Fake Out|p2a: Archaludon
|-activate|p2a: Archaludon|move: Protect
|move|p1a: Flamigo|Close Combat|p2a: Archaludon
|-activate|p2a: Archaludon|move: Protect
|
|-weather|none
|upkeep
|turn|6
|
|t:|1756701210
|switch|p1a: Gothitelle|Gothitelle, L50, M|40/100
|move|p2b: Maushold|Follow Me|p2b: Maushold
|-singleturn|p2b: Maushold|move: Follow Me
|move|p2a: Archaludon|Thunderbolt|p1b: Incineroar
|-damage|p1b: Incineroar|0 fnt
|faint|p1b: Incineroar
|
|upkeep
|
|t:|1756701219
|switch|p1b: Flamigo|Flamigo, L50, F, shiny|100/100
|turn|7
|
|t:|1756701231
|move|p2b: Maushold|Protect|p2b: Maushold
|-singleturn|p2b: Maushold|Protect
|move|p2a: Archaludon|Protect|p2a: Archaludon
|-singleturn|p2a: Archaludon|Protect
|move|p1a: Gothitelle|Fake Out|p2a: Archaludon
|-activate|p2a: Archaludon|move: Protect
|move|p1b: Flamigo|Close Combat|p2a: Archaludon
|-activate|p2a: Archaludon|move: Protect
|
|upkeep
|turn|8
|c|☆Pelosis|Gg
|
|t:|1756701246
|move|p2b: Maushold|Feint|p1a: Gothitelle
|-damage|p1a: Gothitelle|36/100
|move|p1b: Flamigo|Close Combat|p2a: Archaludon
|-supereffective|p2a: Archaludon
|-damage|p2a: Archaludon|5/100
|-unboost|p1b: Flamigo|def|1
|-unboost|p1b: Flamigo|spd|1
|-damage|p1b: Flamigo|91/100|[from] item: Life Orb
|move|p2a: Archaludon|Thunderbolt|p1a: Gothitelle
|-damage|p1a: Gothitelle|0 fnt
|faint|p1a: Gothitelle
|
|upkeep
|turn|9
|
|t:|1756701262
|move|p2b: Maushold|Follow Me|p2b: Maushold
|-singleturn|p2b: Maushold|move: Follow Me
|move|p1b: Flamigo|Close Combat|p2b: Maushold
|-supereffective|p2b: Maushold
|-damage|p2b: Maushold|0 fnt
|-unboost|p1b: Flamigo|def|1
|-unboost|p1b: Flamigo|spd|1
|-damage|p1b: Flamigo|75/100|[from] item: Rocky Helmet|[of] p2b: Maushold
|faint|p2b: Maushold
|-damage|p1b: Flamigo|65/100|[from] item: Life Orb
|move|p2a: Archaludon|Thunderbolt|p1b: Flamigo
|-supereffective|p1b: Flamigo
|-damage|p1b: Flamigo|0 fnt
|faint|p1b: Flamigo
|
|win|JC<3Miniors
|raw|Pelosis's rating: 1083 → 1065(-18 for losing)
|raw|JC<3Miniors's rating: 1159 → 1179(+20 for winning)
|l|☆JC<3Miniors
|player|p2|
