|j|☆zuutokei2
|j|☆BenBen84
|html|zuutokei2BenBen84    
|uhtml|bestof|Game 1 of a best-of-3
|t:|1785511814
|gametype|doubles
|player|p1|zuutokei2|camper|
|player|p2|BenBen84|unknown|
|gen|9
|tier|[Gen 9 Champions] VGC 2026 Reg M-B (Bo3)
|rule|Species Clause: Limit one of each Pokémon
|rule|Item Clause: Limit 1 of each item
|clearpoke
|poke|p1|Tyranitar, L50, M|
|poke|p1|Excadrill, L50, F|
|poke|p1|Staraptor, L50, F|
|poke|p1|Milotic, L50, F|
|poke|p1|Gholdengo, L50|
|poke|p1|Sinistcha-Masterpiece, L50|
|poke|p2|Delphox, L50, F, shiny|
|poke|p2|Floette-Eternal, L50, F|
|poke|p2|Incineroar, L50, F, shiny|
|poke|p2|Sinistcha, L50, shiny|
|poke|p2|Sneasler, L50, F, shiny|
|poke|p2|Kingambit, L50, F, shiny|
|teampreview|4
|showteam|p1|Tyranitar||Tyranitarite|SandStream|RockSlide,KnockOff,LowKick,Protect|Adamant||M|||50|]Excadrill||FocusSash|SandRush|HighHorsepower,IronHead,RockSlide,Protect|Adamant||F|||50|]Staraptor||Staraptite|Intimidate|BraveBird,CloseCombat,Tailwind,Protect|Jolly||F|||50|]Milotic||SitrusBerry|Competitive|Scald,IceBeam,Recover,Protect|Modest||F|||50|]Gholdengo||LifeOrb|GoodasGold|MakeItRain,ShadowBall,NastyPlot,Protect|Modest|||||50|]Sinistcha-Masterpiece||ColburBerry|Hospitality|MatchaGotcha,RagePowder,TrickRoom,Protect|Relaxed|||||50|
|showteam|p2|Delphox||Delphoxite|Blaze|HeatWave,Psyshock,NastyPlot,Protect|Timid||F|||50|]Floette-Eternal||Floettite|FlowerVeil|DazzlingGleam,DrainingKiss,CalmMind,Protect|Timid||F|||50|]Incineroar||SitrusBerry|Intimidate|FlareBlitz,HelpingHand,PartingShot,FakeOut|Impish||F|||50|]Sinistcha||OccaBerry|Hospitality|MatchaGotcha,TrickRoom,RagePowder,Protect|Bold|||||50|]Sneasler||FocusSash|PoisonTouch|DireClaw,CloseCombat,FakeOut,QuickGuard|Jolly||F|||50|]Kingambit||BlackGlasses|Defiant|KowtowCleave,SuckerPunch,SwordsDance,Protect|Adamant||F|||50|
|j| I love bo3
|c|☆BenBen84|我要投降
|c| I love bo3|容最喜歡的日本沙
|c|☆zuutokei2|沒用這隊打過狐花
|c|☆zuutokei2|愛日本沙
|c|☆BenBen84|不可能輸好嗎
|c|☆zuutokei2|我都沒練
|c|☆zuutokei2|準備智障低操
|
|t:|1785511987
|teamsize|p1|4
|teamsize|p2|4
|start
|switch|p1a: Excadrill|Excadrill, L50, F|100/100
|switch|p1b: Tyranitar|Tyranitar, L50, M|100/100
|switch|p2a: Delphox|Delphox, L50, F, shiny|100/100
|switch|p2b: Sneasler|Sneasler, L50, F, shiny|100/100
|-weather|Sandstorm|[from] ability: Sand Stream|[of] p1b: Tyranitar
|turn|1
|c| I love bo3|牛不是說轉得動
|c| I love bo3|牛是不可能騙人的
|c|☆BenBen84|轉的動是列咬花
|c|☆BenBen84|不是火狐花
|
|t:|1785512047
|switch|p1a: Staraptor|Staraptor, L50, F|100/100
|-ability|p1a: Staraptor|Intimidate|boost
|-unboost|p2a: Delphox|atk|1
|-unboost|p2b: Sneasler|atk|1
|detailschange|p2a: Delphox|Delphox-Mega, L50, F, shiny
|-mega|p2a: Delphox|Delphox|Delphoxite
|move|p2a: Delphox|Heat Wave|p1b: Tyranitar|[spread] p1a,p1b
|-resisted|p1b: Tyranitar|1
|-damage|p1a: Staraptor|45/100
|-damage|p1b: Tyranitar|88/100
|move|p2b: Sneasler|Close Combat|p1b: Tyranitar
|-supereffective|p1b: Tyranitar|2
|-damage|p1b: Tyranitar|0 fnt
|-unboost|p2b: Sneasler|def|1
|-unboost|p2b: Sneasler|spd|1
|faint|p1b: Tyranitar
|
|-weather|Sandstorm|[upkeep]
|-damage|p2a: Delphox|93/100|[from] Sandstorm
|-damage|p2b: Sneasler|94/100|[from] Sandstorm
|-damage|p1a: Staraptor|39/100|[from] Sandstorm
|upkeep
|
|t:|1785512060
|switch|p1b: Excadrill|Excadrill, L50, F|100/100
|turn|2
|c| I love bo3|不對不對不對不對不對
|c|☆zuutokei2|😡
|c| I love bo3|原來你是真不會
|c|☆BenBen84|一開始就錯了
|
|t:|1785512100
|switch|p2b: Sinistcha|Sinistcha, L50, shiny|100/100
|-heal|p2a: Delphox|100/100|[from] ability: Hospitality|[of] p2b: Sinistcha
|switch|p1a: Milotic|Milotic, L50, F|100/100
|move|p1b: Excadrill|High Horsepower|p2b: Sinistcha
|-resisted|p2b: Sinistcha|1
|-damage|p2b: Sinistcha|78/100
|move|p2a: Delphox|Heat Wave|p1b: Excadrill|[spread] p1a
|-miss|p2a: Delphox|p1b: Excadrill
|-resisted|p1a: Milotic|1
|-damage|p1a: Milotic|84/100
|-status|p1a: Milotic|brn
|
|-weather|Sandstorm|[upkeep]
|-damage|p2a: Delphox|93/100|[from] Sandstorm
|-damage|p1a: Milotic|78/100 brn|[from] Sandstorm
|-damage|p2b: Sinistcha|71/100|[from] Sandstorm
|-damage|p1a: Milotic|72/100 brn|[from] brn
|upkeep
|turn|3
|c|☆zuutokei2|？
|c| I love bo3|讚讚讚
|c| I love bo3|閃就對了
|
|t:|1785512141
|move|p1b: Excadrill|Protect|p1b: Excadrill
|-singleturn|p1b: Excadrill|Protect
|move|p2a: Delphox|Protect|p2a: Delphox
|-singleturn|p2a: Delphox|Protect
|move|p1a: Milotic|Scald|p2a: Delphox
|-activate|p2a: Delphox|move: Protect
|move|p2b: Sinistcha|Matcha Gotcha|p1b: Excadrill|[spread] p1a
|-activate|p1b: Excadrill|move: Protect
|-supereffective|p1a: Milotic|1
|-damage|p1a: Milotic|37/100 brn
|-heal|p2b: Sinistcha|92/100|[from] drain|[of] p1a: Milotic
|-enditem|p1a: Milotic|Sitrus Berry|[eat]
|-heal|p1a: Milotic|61/100 brn|[from] item: Sitrus Berry
|
|-weather|Sandstorm|[upkeep]
|-damage|p2a: Delphox|87/100|[from] Sandstorm
|-damage|p1a: Milotic|55/100 brn|[from] Sandstorm
|-damage|p2b: Sinistcha|85/100|[from] Sandstorm
|-damage|p1a: Milotic|50/100y brn|[from] brn
|upkeep
|turn|4
|j| otenkoz
|
|t:|1785512189
|switch|p2a: Sneasler|Sneasler, L50, F, shiny|94/100
|move|p1b: Excadrill|Rock Slide|p2b: Sinistcha|[spread] p2a,p2b
|-resisted|p2a: Sneasler|1
|-damage|p2a: Sneasler|74/100
|-damage|p2b: Sinistcha|67/100
|move|p1a: Milotic|Ice Beam|p2b: Sinistcha
|-supereffective|p2b: Sinistcha|1
|-damage|p2b: Sinistcha|12/100
|-status|p2b: Sinistcha|frz
|-curestatus|p2b: Sinistcha|frz|[from] move: Matcha Gotcha
|move|p2b: Sinistcha|Matcha Gotcha|p1b: Excadrill|[spread] p1a,p1b
|-supereffective|p1a: Milotic|1
|-damage|p1a: Milotic|13/100 brn
|-heal|p2b: Sinistcha|33/100|[from] drain|[of] p1a: Milotic
|-damage|p1b: Excadrill|65/100
|-heal|p2b: Sinistcha|51/100|[from] drain|[of] p1b: Excadrill
|
|-weather|Sandstorm|[upkeep]
|-damage|p2a: Sneasler|68/100|[from] Sandstorm
|-damage|p1a: Milotic|7/100 brn|[from] Sandstorm
|-damage|p2b: Sinistcha|44/100|[from] Sandstorm
|-damage|p1a: Milotic|1/100 brn|[from] brn
|upkeep
|turn|5
|c|☆zuutokei2|好刺激喔
|c| otenkoz|刺激啊刺激
|
|t:|1785512238
|switch|p1b: Staraptor|Staraptor, L50, F|39/100
|-ability|p1b: Staraptor|Intimidate|boost
|-unboost|p2a: Sneasler|atk|1
|-unboost|p2b: Sinistcha|atk|1
|move|p2a: Sneasler|Fake Out|p1b: Staraptor
|-damage|p1b: Staraptor|27/100
|move|p1a: Milotic|Ice Beam|p2b: Sinistcha
|-supereffective|p2b: Sinistcha|1
|-damage|p2b: Sinistcha|0 fnt
|faint|p2b: Sinistcha
|
|-weather|none
|-damage|p1a: Milotic|0 fnt|[from] brn
|faint|p1a: Milotic
|upkeep
|
|t:|1785512251
|switch|p1a: Excadrill|Excadrill, L50, F|65/100
|switch|p2b: Delphox|Delphox-Mega, L50, F, shiny|87/100
|turn|6
|-message|zuutokei2 forfeited.
|
|win|BenBen84
||BenBen84 is ready for game 2.
||zuutokei2 is ready for game 2.
|uhtml|next|Next: Game 2 of 3
|j| Jason0103
|l| Jason0103
|l| I love bo3
|l|☆BenBen84
|player|p2|
