|j|☆nygma29
|j|☆madhat29
|html|nygma29madhat29    
|uhtml|bestof|Game 2 of a best-of-3
|t:|1783204614
|gametype|doubles
|player|p1|nygma29|102|
|player|p2|madhat29|1|
|gen|9
|tier|[Gen 9 Champions] VGC 2026 Reg M-B (Bo3)
|rule|Species Clause: Limit one of each Pokémon
|rule|Item Clause: Limit 1 of each item
|clearpoke
|poke|p1|Raichu, L50, F|
|poke|p1|Metagross, L50|
|poke|p1|Krookodile, L50, F|
|poke|p1|Dragapult, L50, M|
|poke|p1|Primarina, L50, F|
|poke|p1|Staraptor, L50, F|
|poke|p2|Ampharos, L50, M|
|poke|p2|Sableye, L50, M|
|poke|p2|Espathra, L50, F|
|poke|p2|Kangaskhan, L50, F|
|poke|p2|Gengar, L50, F|
|poke|p2|Aromatisse, L50, F|
|teampreview|4
|showteam|p1|Raichu||RaichuniteY|LightningRod|Nuzzle,Encore,FakeOut,VoltSwitch|Timid||F|||50|]Metagross||Metagrossite|ClearBody|IronHead,PsychicFangs,StompingTantrum,Protect|Adamant|||||50|]Krookodile||LifeOrb|Intimidate|Earthquake,KnockOff,StompingTantrum,Protect|Adamant||F|||50|]Dragapult||FocusSash|ClearBody|DracoMeteor,ShadowBall,BreakingSwipe,WillOWisp|Timid||M|||50|]Primarina||Leftovers|LiquidVoice|HyperVoice,Moonblast,CalmMind,Protect|Modest||F|||50|]Staraptor||WacanBerry|Intimidate|BraveBird,Tailwind,DoubleEdge,Protect|Jolly||F|||50|
|showteam|p2|Ampharos||Ampharosite|Static|Thunderbolt,DragonPulse,CottonGuard,Protect|Bold||M|||50|]Sableye||Sablenite|Prankster|FakeOut,WillOWisp,Taunt,LightScreen|Careful||M|||50|]Espathra||ColburBerry|SpeedBoost|LuminaCrash,CalmMind,BatonPass,Protect|Bold||F|||50|]Kangaskhan||SilkScarf|Scrappy|FakeOut,DoubleEdge,SuckerPunch,IceBeam|Adamant||F|||50|]Gengar||Gengarite|CursedBody|SludgeBomb,ShadowBall,DazzlingGleam,Protect|Modest||F|||50|]Aromatisse||BabiriBerry|AromaVeil|Moonblast,HealPulse,TrickRoom,Protect|Bold||F|||50|
|
|t:|1783204636
|teamsize|p1|4
|teamsize|p2|4
|start
|switch|p1a: Raichu|Raichu, L50, F|100/100
|switch|p1b: Primarina|Primarina, L50, F|100/100
|switch|p2a: Kangaskhan|Kangaskhan, L50, F|100/100
|switch|p2b: Aromatisse|Aromatisse, L50, F|100/100
|turn|1
|
|t:|1783204657
|move|p1a: Raichu|Fake Out|p2b: Aromatisse
|-damage|p2b: Aromatisse|93/100
|move|p2a: Kangaskhan|Fake Out|p1b: Primarina
|-damage|p1b: Primarina|79/100
|cant|p1b: Primarina|flinch
|cant|p2b: Aromatisse|flinch
|
|-heal|p1b: Primarina|85/100|[from] item: Leftovers
|upkeep
|turn|2
|
|t:|1783204690
|move|p1a: Raichu|Encore|p2a: Kangaskhan
|-block|p2a: Kangaskhan|ability: Aroma Veil|[of] p2b: Aromatisse
|move|p2a: Kangaskhan|Double-Edge|p1b: Primarina
|-damage|p1b: Primarina|20/100y
|-damage|p2a: Kangaskhan|78/100|[from] Recoil
|move|p1b: Primarina|Calm Mind|p1b: Primarina
|-boost|p1b: Primarina|spa|1
|-boost|p1b: Primarina|spd|1
|move|p2b: Aromatisse|Trick Room|p2b: Aromatisse
|-fieldstart|move: Trick Room|[of] p2b: Aromatisse
|
|-heal|p1b: Primarina|26/100|[from] item: Leftovers
|upkeep
|turn|3
|
|t:|1783204726
|move|p1b: Primarina|Protect|p1b: Primarina
|-singleturn|p1b: Primarina|Protect
|move|p2b: Aromatisse|Moonblast|p1b: Primarina
|-activate|p1b: Primarina|move: Protect
|move|p2a: Kangaskhan|Double-Edge|p1a: Raichu
|-damage|p1a: Raichu|0 fnt
|faint|p1a: Raichu
|-damage|p2a: Kangaskhan|53/100|[from] Recoil
|
|-heal|p1b: Primarina|32/100|[from] item: Leftovers
|upkeep
|
|t:|1783204743
|switch|p1a: Metagross|Metagross, L50|100/100
|turn|4
|
|t:|1783204776
|switch|p2b: Ampharos|Ampharos, L50, M|100/100
|detailschange|p1a: Metagross|Metagross-Mega, L50
|-mega|p1a: Metagross|Metagross|Metagrossite
|move|p1b: Primarina|Hyper Voice|p2b: Ampharos|[spread] p2a,p2b
|-damage|p2a: Kangaskhan|0 fnt
|-damage|p2b: Ampharos|41/100
|faint|p2a: Kangaskhan
|move|p1a: Metagross|Iron Head|p2b: Ampharos
|-resisted|p2b: Ampharos|1
|-damage|p2b: Ampharos|15/100
|
|-heal|p1b: Primarina|38/100|[from] item: Leftovers
|upkeep
|
|t:|1783204788
|switch|p2a: Aromatisse|Aromatisse, L50, F|93/100
|turn|5
|
|t:|1783204823
|detailschange|p2b: Ampharos|Ampharos-Mega, L50, M
|-mega|p2b: Ampharos|Ampharos|Ampharosite
|-ability|p2b: Ampharos|Mold Breaker
|move|p1b: Primarina|Protect|p1b: Primarina
|-singleturn|p1b: Primarina|Protect
|move|p2a: Aromatisse|Heal Pulse|p2b: Ampharos
|-heal|p2b: Ampharos|65/100
|move|p2b: Ampharos|Thunderbolt|p1a: Metagross
|-damage|p1a: Metagross|45/100
|move|p1a: Metagross|Psychic Fangs|p2b: Ampharos
|-damage|p2b: Ampharos|7/100
|
|-heal|p1b: Primarina|44/100|[from] item: Leftovers
|upkeep
|turn|6
|
|t:|1783204858
|move|p2a: Aromatisse|Heal Pulse|p2b: Ampharos
|-heal|p2b: Ampharos|57/100
|move|p2b: Ampharos|Thunderbolt|p1b: Primarina
|-supereffective|p1b: Primarina|1
|-crit|p1b: Primarina
|-damage|p1b: Primarina|0 fnt
|faint|p1b: Primarina
|move|p1a: Metagross|Iron Head|p2a: Aromatisse
|-supereffective|p2a: Aromatisse|1
|-enditem|p2a: Aromatisse|Babiri Berry|[eat]
|-enditem|p2a: Aromatisse|Babiri Berry|[weaken]
|-damage|p2a: Aromatisse|39/100
|
|-fieldend|move: Trick Room
|upkeep
|
|t:|1783204870
|switch|p1b: Krookodile|Krookodile, L50, F|100/100
|-ability|p1b: Krookodile|Intimidate|boost
|-unboost|p2a: Aromatisse|atk|1
|-unboost|p2b: Ampharos|atk|1
|turn|7
|
|t:|1783205150
|switch|p2b: Sableye|Sableye, L50, M|100/100
|move|p2a: Aromatisse|Protect|p2a: Aromatisse
|-singleturn|p2a: Aromatisse|Protect
|move|p1a: Metagross|Iron Head|p2a: Aromatisse
|-activate|p2a: Aromatisse|move: Protect
|move|p1b: Krookodile|Stomping Tantrum|p2b: Sableye
|-damage|p2b: Sableye|17/100
|-damage|p1b: Krookodile|90/100|[from] item: Life Orb
|
|upkeep
|turn|8
|
|t:|1783205178
|move|p2b: Sableye|Fake Out|p1a: Metagross
|-resisted|p1a: Metagross|1
|-crit|p1a: Metagross
|-damage|p1a: Metagross|40/100
|cant|p1a: Metagross|flinch
|move|p1b: Krookodile|Stomping Tantrum|p2a: Aromatisse
|-damage|p2a: Aromatisse|0 fnt
|faint|p2a: Aromatisse
|-damage|p1b: Krookodile|80/100|[from] item: Life Orb
|
|upkeep
|
|t:|1783205188
|switch|p2a: Ampharos|Ampharos-Mega, L50, M|57/100
|-ability|p2a: Ampharos|Mold Breaker
|turn|9
|
|t:|1783205208
|move|p1a: Metagross|Protect|p1a: Metagross
|-singleturn|p1a: Metagross|Protect
|move|p1b: Krookodile|Protect|p1b: Krookodile
|-singleturn|p1b: Krookodile|Protect
|move|p2b: Sableye|Will-O-Wisp|p1a: Metagross
|-activate|p1a: Metagross|move: Protect
|move|p2a: Ampharos|Cotton Guard|p2a: Ampharos
|-boost|p2a: Ampharos|def|3
|
|upkeep
|turn|10
|
|t:|1783205239
|move|p2b: Sableye|Will-O-Wisp|p1a: Metagross
|-status|p1a: Metagross|brn
|move|p1a: Metagross|Stomping Tantrum|p2a: Ampharos
|-supereffective|p2a: Ampharos|1
|-damage|p2a: Ampharos|45/100
|move|p1b: Krookodile|Stomping Tantrum|p2b: Sableye
|-damage|p2b: Sableye|0 fnt
|faint|p2b: Sableye
|-damage|p1b: Krookodile|70/100|[from] item: Life Orb
|move|p2a: Ampharos|Dragon Pulse|p1b: Krookodile
|-damage|p1b: Krookodile|0 fnt
|faint|p1b: Krookodile
|
|-damage|p1a: Metagross|35/100 brn|[from] brn
|upkeep
|turn|11
|
|t:|1783205261
|move|p1a: Metagross|Stomping Tantrum|p2a: Ampharos
|-supereffective|p2a: Ampharos|1
|-damage|p2a: Ampharos|33/100
|move|p2a: Ampharos|Thunderbolt|p1a: Metagross
|-damage|p1a: Metagross|0 fnt
|faint|p1a: Metagross
|
|win|madhat29
