|j|☆TeyOnTheRox
|j|☆Kuribro
|html|TeyOnTheRoxKuribro    
|uhtml|bestof|Game 1 of a best-of-3
|t:|1757917959
|gametype|doubles
|player|p1|TeyOnTheRox|benga|1325
|player|p2|Kuribro|170|1167
|gen|9
|tier|[Gen 9] VGC 2025 Reg H (Bo3)
|rated|
|rule|Species Clause: Limit one of each Pokémon
|rule|Item Clause: Limit 1 of each item
|clearpoke
|poke|p1|Tyranitar, L50, F|
|poke|p1|Excadrill, L50, F|
|poke|p1|Sneasler, L50, F|
|poke|p1|Indeedee, L50, M|
|poke|p1|Corviknight, L50, M|
|poke|p1|Annihilape, L50, M|
|poke|p2|Pelipper, L50, M|
|poke|p2|Archaludon, L50, F|
|poke|p2|Amoonguss, L50, F|
|poke|p2|Incineroar, L50, F|
|poke|p2|Azumarill, L50, F|
|poke|p2|Porygon2, L50|
|teampreview|4
|showteam|p1|Tyranitar||AssaultVest|SandStream|RockSlide,KnockOff,TeraBlast,LowKick|||F|||50|,,,,,Flying]Excadrill||FocusSash|SandRush|IronHead,HighHorsepower,Earthquake,Protect|||F|||50|,,,,,Stellar]Sneasler||PsychicSeed|Unburden|DireClaw,CloseCombat,ThroatChop,Protect|||F|||50|,,,,,Dark]Indeedee||ChoiceScarf|PsychicSurge|ExpandingForce,TeraBlast,Protect,Trick|||M|||50|,,,,,Psychic]Corviknight||Leftovers|MirrorArmor|BraveBird,BulkUp,Roost,Tailwind|||M|||50|,,,,,Dragon]Annihilape||SafetyGoggles|Defiant|CloseCombat,FinalGambit,RageFist,Taunt|||M|||50|,,,,,Water
|showteam|p2|Pelipper||FocusSash|Drizzle|WeatherBall,Hurricane,Tailwind,Protect|||M|||50|,,,,,Ghost]Archaludon||AssaultVest|Stamina|ElectroShot,DragonPulse,FlashCannon,BodyPress|||F|||50|,,,,,Bug]Amoonguss||CovertCloak|Regenerator|PollenPuff,RagePowder,Spore,Protect|||F|||50|,,,,,Psychic]Incineroar||SafetyGoggles|Intimidate|FakeOut,PartingShot,KnockOff,FlareBlitz|||F|||50|,,,,,Ghost]Azumarill||SitrusBerry|HugePower|AquaJet,PlayRough,BellyDrum,Protect|||F|||50|,,,,,Water]Porygon2||Eviolite|Download|TeraBlast,ShadowBall,TrickRoom,Recover||||||50|,,,,,Fighting
|
|t:|1757918048
|teamsize|p1|4
|teamsize|p2|4
|start
|switch|p1a: Lightnin'|Sneasler, L50, F|100/100
|switch|p1b: Tow Mater|Excadrill, L50, F|100/100
|switch|p2a: Pelipper|Pelipper, L50, M|100/100
|switch|p2b: Azumarill|Azumarill, L50, F|100/100
|-weather|RainDance|[from] ability: Drizzle|[of] p2a: Pelipper
|turn|1
|
|t:|1757918104
|switch|p1a: Doc Hudson|Tyranitar, L50, F, shiny|100/100
|-weather|Sandstorm|[from] ability: Sand Stream|[of] p1a: Doc Hudson
|-terastallize|p2b: Azumarill|Water
|move|p1b: Tow Mater|Iron Head|p2b: Azumarill
|-resisted|p2b: Azumarill
|-damage|p2b: Azumarill|75/100
|move|p2a: Pelipper|Weather Ball|p1b: Tow Mater
|-resisted|p1b: Tow Mater
|-damage|p1b: Tow Mater|91/100
|move|p2b: Azumarill|Play Rough|p1a: Doc Hudson
|-supereffective|p1a: Doc Hudson
|-damage|p1a: Doc Hudson|0 fnt
|faint|p1a: Doc Hudson
|
|-weather|Sandstorm|[upkeep]
|-damage|p2a: Pelipper|95/100|[from] Sandstorm
|-damage|p2b: Azumarill|69/100|[from] Sandstorm
|upkeep
|
|t:|1757918122
|switch|p1a: Filmore|Indeedee, L50, M, shiny|100/100
|-fieldstart|move: Psychic Terrain|[from] ability: Psychic Surge|[of] p1a: Filmore
|turn|2
|
|t:|1757918148
|switch|p2a: Incineroar|Incineroar, L50, F|100/100
|-ability|p2a: Incineroar|Intimidate|boost
|-unboost|p1a: Filmore|atk|1
|-unboost|p1b: Tow Mater|atk|1
|-terastallize|p1a: Filmore|Psychic
|move|p2b: Azumarill|Protect|p2b: Azumarill
|-singleturn|p2b: Azumarill|Protect
|move|p1b: Tow Mater|High Horsepower|p2a: Incineroar
|-supereffective|p2a: Incineroar
|-damage|p2a: Incineroar|23/100
|move|p1a: Filmore|Expanding Force|p2a: Incineroar|[spread] 
|-activate|p2b: Azumarill|move: Protect
|-immune|p2a: Incineroar
|
|-weather|Sandstorm|[upkeep]
|-damage|p1a: Filmore|95/100|[from] Sandstorm
|-damage|p2b: Azumarill|64/100|[from] Sandstorm
|upkeep
|turn|3
|
|t:|1757918187
|switch|p2a: Pelipper|Pelipper, L50, M|95/100
|-weather|RainDance|[from] ability: Drizzle|[of] p2a: Pelipper
|move|p1a: Filmore|Expanding Force|p2b: Azumarill|[spread] p2a,p2b
|-damage|p2a: Pelipper|0 fnt
|-damage|p2b: Azumarill|0 fnt
|faint|p2a: Pelipper
|faint|p2b: Azumarill
|move|p1b: Tow Mater|High Horsepower|p2: Pelipper|[notarget]
|-fail|p1b: Tow Mater
|
|-weather|RainDance|[upkeep]
|upkeep
|
|t:|1757918191
|switch|p2a: Incineroar|Incineroar, L50, F|23/100
|switch|p2b: Archaludon|Archaludon, L50, F|100/100
|-ability|p2a: Incineroar|Intimidate|boost
|-unboost|p1a: Filmore|atk|1
|-unboost|p1b: Tow Mater|atk|1
|turn|4
|
|t:|1757918214
|switch|p1a: Lightnin'|Sneasler, L50, F|100/100
|-enditem|p1a: Lightnin'|Psychic Seed
|-boost|p1a: Lightnin'|spd|1|[from] item: Psychic Seed
|move|p1b: Tow Mater|High Horsepower|p2a: Incineroar
|-supereffective|p2a: Incineroar
|-damage|p2a: Incineroar|0 fnt
|faint|p2a: Incineroar
|move|p2b: Archaludon|Body Press|p1b: Tow Mater
|-supereffective|p1b: Tow Mater
|-damage|p1b: Tow Mater|20/100
|
|-weather|RainDance|[upkeep]
|upkeep
|turn|5
|
|t:|1757918232
|move|p1a: Lightnin'|Close Combat|p2b: Archaludon
|-supereffective|p2b: Archaludon
|-damage|p2b: Archaludon|9/100
|-unboost|p1a: Lightnin'|def|1
|-unboost|p1a: Lightnin'|spd|1
|-ability|p2b: Archaludon|Stamina|boost
|-boost|p2b: Archaludon|def|1
|move|p1b: Tow Mater|High Horsepower|p2b: Archaludon
|-supereffective|p2b: Archaludon
|-crit|p2b: Archaludon
|-damage|p2b: Archaludon|0 fnt
|faint|p2b: Archaludon
|
|win|TeyOnTheRox
