|j|☆catsharknado
|j|☆dracojackson
|html|catsharknadodracojackson    
|uhtml|bestof|Game 3 of a best-of-3
|t:|1754186101
|gametype|doubles
|player|p1|catsharknado|2|1157
|player|p2|dracojackson|veteranf|1201
|gen|9
|tier|[Gen 9] VGC 2025 Reg H (Bo3)
|rated|
|rule|Species Clause: Limit one of each Pokémon
|rule|Item Clause: Limit 1 of each item
|clearpoke
|poke|p1|Sinistcha, L50|
|poke|p1|Dragonite, L50, F|
|poke|p1|Ursaluna-Bloodmoon, L50, M|
|poke|p1|Sneasler, L50, F|
|poke|p1|Rillaboom, L50, M|
|poke|p1|Incineroar, L50, M|
|poke|p2|Pelipper, L50, M|
|poke|p2|Archaludon, L50, F|
|poke|p2|Sinistcha, L50|
|poke|p2|Ursaluna, L50, M|
|poke|p2|Kingdra, L50, M|
|poke|p2|Maushold-Four, L50|
|teampreview|4
|showteam|p1|Sinistcha||SitrusBerry|Hospitality|MatchaGotcha,LifeDew,Curse,RagePowder||||||50|,,,,,Fire]Dragonite||LoadedDice|Multiscale|ScaleShot,Tailwind,Haze,Protect|||F|||50|,,,,,Fairy]Ursaluna-Bloodmoon||AssaultVest|MindsEye|BloodMoon,EarthPower,HyperVoice,VacuumWave|||M|||50|,,,,,Ghost]Sneasler||FocusSash|PoisonTouch|DireClaw,ThroatChop,CloseCombat,Protect|||F|||50|,,,,,Grass]Rillaboom||MiracleSeed|GrassySurge|WoodHammer,GrassyGlide,Uturn,FakeOut|||M|||50|,,,,,Fire]Incineroar||SafetyGoggles|Intimidate|FlareBlitz,KnockOff,PartingShot,FakeOut|||M|||50|,,,,,Ghost
|showteam|p2|Pelipper||CovertCloak|Drizzle|WeatherBall,Hurricane,HelpingHand,Tailwind|||M|||50|,,,,,Steel]Archaludon||AssaultVest|Stamina|ElectroShot,BodyPress,DracoMeteor,FlashCannon|||F|||50|,,,,,Bug]Sinistcha||SitrusBerry|Hospitality|MatchaGotcha,RagePowder,LifeDew,TrickRoom||||||50|,,,,,Water]Ursaluna||FlameOrb|Guts|Protect,HeadlongRush,Facade,Earthquake|||M|||50|,,,,,Normal]Kingdra||LifeOrb|SwiftSwim|WeatherBall,MuddyWater,DracoMeteor,Protect|||M|||50|,,,,,Stellar]Maushold-Four||WideLens|FriendGuard|PopulationBomb,FollowMe,Taunt,Protect||||||50|,,,,,Ghost
|inactive|Battle timer is ON: inactive players will automatically lose when time's up. (requested by catsharknado)
|
|t:|1754186121
|teamsize|p1|4
|teamsize|p2|4
|start
|switch|p1a: Rillaboom|Rillaboom, L50, M|100/100
|switch|p1b: Dragonite|Dragonite, L50, F|100/100
|switch|p2a: Fly o Nvgtr|Pelipper, L50, M, shiny|100/100
|switch|p2b: 3005|Kingdra, L50, M|100/100
|-fieldstart|move: Grassy Terrain|[from] ability: Grassy Surge|[of] p1a: Rillaboom
|-weather|RainDance|[from] ability: Drizzle|[of] p2a: Fly o Nvgtr
|turn|1
|inactive|dracojackson has 30 seconds left.
|inactive|dracojackson has 20 seconds left.
|inactive|dracojackson has 15 seconds left.
|inactive|dracojackson has 10 seconds left.
|
|t:|1754186170
|move|p2b: 3005|Protect|p2b: 3005
|-singleturn|p2b: 3005|Protect
|move|p1b: Dragonite|Scale Shot|p2b: 3005
|-activate|p2b: 3005|move: Protect
|move|p1a: Rillaboom|Wood Hammer|p2a: Fly o Nvgtr
|-damage|p2a: Fly o Nvgtr|0 fnt
|faint|p2a: Fly o Nvgtr
|-damage|p1a: Rillaboom|75/100|[from] Recoil
|
|-weather|RainDance|[upkeep]
|-heal|p1a: Rillaboom|81/100|[from] Grassy Terrain
|upkeep
|
|t:|1754186176
|switch|p2a: Oakland|Archaludon, L50, F|100/100
|turn|2
|inactive|catsharknado has 30 seconds left.
|inactive|catsharknado has 20 seconds left.
|inactive|catsharknado has 15 seconds left.
|
|t:|1754186220
|move|p2b: 3005|Muddy Water|p1b: Dragonite|[spread] p1a,p1b
|-resisted|p1a: Rillaboom
|-resisted|p1b: Dragonite
|-damage|p1a: Rillaboom|50/100
|-damage|p1b: Dragonite|86/100
|-damage|p2b: 3005|91/100|[from] item: Life Orb
|move|p1b: Dragonite|Scale Shot|p2b: 3005
|-supereffective|p2b: 3005
|-damage|p2b: 3005|53/100
|-supereffective|p2b: 3005
|-damage|p2b: 3005|16/100
|-supereffective|p2b: 3005
|-damage|p2b: 3005|0 fnt
|faint|p2b: 3005
|-hitcount|p2: 3005|3
|-unboost|p1b: Dragonite|def|1
|-boost|p1b: Dragonite|spe|1
|move|p2a: Oakland|Electro Shot||[still]
|-prepare|p2a: Oakland|Electro Shot
|-boost|p2a: Oakland|spa|1
|-anim|p2a: Oakland|Electro Shot|p1b: Dragonite
|-damage|p1b: Dragonite|20/100
|move|p1a: Rillaboom|U-turn|p1b: Dragonite
|-resisted|p1b: Dragonite
|-damage|p1b: Dragonite|1/100
|inactive|catsharknado has 30 seconds left.
|
|t:|1754186248
|switch|p1a: Ursaluna|Ursaluna-Bloodmoon, L50, M|100/100|[from] U-turn
|
|-weather|RainDance|[upkeep]
|upkeep
|
|t:|1754186251
|switch|p2b: Worldstar|Sinistcha, L50|100/100
|turn|3
|
|t:|1754186278
|-terastallize|p2a: Oakland|Bug
|-terastallize|p1a: Ursaluna|Ghost
|move|p1b: Dragonite|Scale Shot|p2b: Worldstar
|-damage|p2b: Worldstar|89/100
|-damage|p2b: Worldstar|77/100
|-damage|p2b: Worldstar|65/100
|-damage|p2b: Worldstar|53/100
|-hitcount|p2b: Worldstar|4
|-unboost|p1b: Dragonite|def|1
|-boost|p1b: Dragonite|spe|1
|move|p2a: Oakland|Draco Meteor|p1a: Ursaluna
|-damage|p1a: Ursaluna|41/100
|-unboost|p2a: Oakland|spa|2
|move|p2b: Worldstar|Matcha Gotcha|p1a: Ursaluna|[spread] p1a,p1b
|-resisted|p1b: Dragonite
|-damage|p1a: Ursaluna|19/100
|-heal|p2b: Worldstar|66/100|[from] drain|[of] p1a: Ursaluna
|-damage|p1b: Dragonite|0 fnt
|-heal|p2b: Worldstar|66/100|[from] drain|[of] p1b: Dragonite
|faint|p1b: Dragonite
|move|p1a: Ursaluna|Blood Moon|p2b: Worldstar
|-damage|p2b: Worldstar|0 fnt
|faint|p2b: Worldstar
|
|-weather|RainDance|[upkeep]
|-heal|p1a: Ursaluna|25/100|[from] Grassy Terrain
|upkeep
|
|t:|1754186299
|switch|p1b: Sneasler|Sneasler, L50, F|100/100
|turn|4
|
|t:|1754186314
|move|p1b: Sneasler|Dire Claw|p2a: Oakland
|-damage|p2a: Oakland|68/100
|-status|p2a: Oakland|par
|-ability|p2a: Oakland|Stamina|boost
|-boost|p2a: Oakland|def|1
|move|p1a: Ursaluna|Hyper Voice|p2a: Oakland
|-crit|p2a: Oakland
|-damage|p2a: Oakland|12/100 par
|-ability|p2a: Oakland|Stamina|boost
|-boost|p2a: Oakland|def|1
|move|p2a: Oakland|Electro Shot||[still]
|-prepare|p2a: Oakland|Electro Shot
|-boost|p2a: Oakland|spa|1
|-anim|p2a: Oakland|Electro Shot|p1a: Ursaluna
|-damage|p1a: Ursaluna|0 fnt
|faint|p1a: Ursaluna
|
|-weather|RainDance|[upkeep]
|-heal|p2a: Oakland|17/100 par|[from] Grassy Terrain
|upkeep
|
|t:|1754186322
|switch|p1a: Rillaboom|Rillaboom, L50, M|50/100
|turn|5
|
|t:|1754186330
|move|p1a: Rillaboom|Fake Out|p2a: Oakland
|-damage|p2a: Oakland|12/100 par
|-ability|p2a: Oakland|Stamina|boost
|-boost|p2a: Oakland|def|1
|move|p1b: Sneasler|Dire Claw|p2a: Oakland
|-damage|p2a: Oakland|0 fnt
|faint|p2a: Oakland
|
|win|catsharknado
|raw|catsharknado's rating: 1157 → 1185(+28 for winning)
|raw|dracojackson's rating: 1201 → 1173(-28 for losing)
|l|☆catsharknado
|player|p1|
