|j|☆davirru5
|j|‽Liebert94
|html|davirru5Liebert94    
|uhtml|bestof|Game 1 of a best-of-3
|t:|1756738228
|gametype|doubles
|player|p1|davirru5|ghetsis|1135
|player|p2|Liebert94|hugh|1000
|gen|9
|tier|[Gen 9] VGC 2025 Reg H (Bo3)
|rated|
|rule|Species Clause: Limit one of each Pokémon
|rule|Item Clause: Limit 1 of each item
|clearpoke
|poke|p1|Sneasler, L50, F|
|poke|p1|Rillaboom, L50, F|
|poke|p1|Electabuzz, L50, F|
|poke|p1|Dragonite, L50, F|
|poke|p1|Volcarona, L50, M|
|poke|p1|Kingambit, L50, M|
|poke|p2|Garchomp, L50, M|
|poke|p2|Tyranitar, L50, M|
|poke|p2|Volcarona, L50, F|
|poke|p2|Gholdengo, L50|
|poke|p2|Gyarados, L50, M|
|poke|p2|Electabuzz, L50, M|
|teampreview|4
|showteam|p1|Sneasler||FocusSash|PoisonTouch|CloseCombat,DireClaw,Coaching,FakeOut|||F|||50|,,,,,Ghost]Rillaboom||AssaultVest|GrassySurge|WoodHammer,GrassyGlide,HighHorsepower,FakeOut|||F|||50|,,,,,Water]Electabuzz||Eviolite|VitalSpirit|Thunderbolt,FollowMe,Taunt,Protect|||F|||50|,,,,,Ghost]Dragonite||LoadedDice|Multiscale|ScaleShot,ExtremeSpeed,Haze,Protect|||F|||50|,,,,,Fairy]Volcarona||CovertCloak|FlameBody|HeatWave,TeraBlast,QuiverDance,Protect|||M|||50|,,,,,Fairy]Kingambit||BlackGlasses|Defiant|KowtowCleave,SuckerPunch,SwordsDance,Protect|||M|||50|,,,,,Dark
|showteam|p2|Garchomp||ClearAmulet|SandVeil|DragonClaw,StompingTantrum,Protect,SwordsDance|||M|||50|,,,,,Fire]Tyranitar||AssaultVest|SandStream|RockSlide,KnockOff,TeraBlast,LowKick|||M|||50|,,,,,Flying]Volcarona||Leftovers|FlameBody|HeatWave,TeraBlast,Protect,QuiverDance|||F|||50|,,,,,Fairy]Gholdengo||LifeOrb|GoodasGold|MakeItRain,ShadowBall,Protect,NastyPlot||||||50|,,,,,Water]Gyarados||SitrusBerry|Intimidate|Waterfall,ThunderWave,Protect,Roar|||M|||50|,,,,,Ground]Electabuzz||Eviolite|VitalSpirit|Thunderbolt,FollowMe,Taunt,Protect|||M|||50|,,,,,Ghost
|inactive|Battle timer is ON: inactive players will automatically lose when time's up. (requested by davirru5)
|inactive|davirru5 has 60 seconds left.
|inactive|Liebert94 has 60 seconds left.
|inactive|davirru5 has 30 seconds left.
|
|t:|1756738291
|teamsize|p1|4
|teamsize|p2|4
|start
|switch|p1a: Sneasler|Sneasler, L50, F|100/100
|switch|p1b: Kingambit|Kingambit, L50, M|100/100
|switch|p2a: Tyranitar|Tyranitar, L50, M, shiny|100/100
|switch|p2b: Garchomp|Garchomp, L50, M, shiny|100/100
|-weather|Sandstorm|[from] ability: Sand Stream|[of] p2a: Tyranitar
|turn|1
|inactive|davirru5 has 30 seconds left.
|inactive|Liebert94 has 30 seconds left.
|
|t:|1756738324
|switch|p1b: Dragonite|Dragonite, L50, F|100/100
|-terastallize|p2a: Tyranitar|Flying
|move|p1a: Sneasler|Fake Out|p2a: Tyranitar
|-damage|p2a: Tyranitar|88/100
|move|p2b: Garchomp|Swords Dance|p2b: Garchomp
|-boost|p2b: Garchomp|atk|2
|cant|p2a: Tyranitar|flinch
|
|-weather|Sandstorm|[upkeep]
|-damage|p1a: Sneasler|95/100|[from] Sandstorm
|-damage|p1b: Dragonite|95/100|[from] Sandstorm
|-damage|p2a: Tyranitar|83/100|[from] Sandstorm
|upkeep
|turn|2
|inactive|Liebert94 has 30 seconds left.
|
|t:|1756738357
|-terastallize|p1b: Dragonite|Fairy
|move|p2b: Garchomp|Protect|p2b: Garchomp
|-singleturn|p2b: Garchomp|Protect
|move|p1a: Sneasler|Dire Claw|p2a: Tyranitar
|-damage|p2a: Tyranitar|51/100
|-status|p2a: Tyranitar|par
|move|p1b: Dragonite|Scale Shot|p2b: Garchomp
|-activate|p2b: Garchomp|move: Protect
|cant|p2a: Tyranitar|par
|
|-weather|Sandstorm|[upkeep]
|-damage|p1a: Sneasler|89/100|[from] Sandstorm
|-damage|p1b: Dragonite|89/100|[from] Sandstorm
|-damage|p2a: Tyranitar|45/100 par|[from] Sandstorm
|upkeep
|turn|3
|
|t:|1756738376
|move|p1a: Sneasler|Dire Claw|p2a: Tyranitar
|-damage|p2a: Tyranitar|13/100 par
|move|p2b: Garchomp|Stomping Tantrum|p1b: Dragonite
|-damage|p1b: Dragonite|0 fnt
|faint|p1b: Dragonite
|move|p2a: Tyranitar|Rock Slide|p1a: Sneasler
|-resisted|p1a: Sneasler
|-damage|p1a: Sneasler|52/100
|
|-weather|Sandstorm|[upkeep]
|-damage|p1a: Sneasler|46/100|[from] Sandstorm
|-damage|p2a: Tyranitar|7/100 par|[from] Sandstorm
|upkeep
|
|t:|1756738389
|switch|p1b: Rillaboom|Rillaboom, L50, F|100/100
|-fieldstart|move: Grassy Terrain|[from] ability: Grassy Surge|[of] p1b: Rillaboom
|turn|4
|
|t:|1756738419
|move|p1b: Rillaboom|Fake Out|p2a: Tyranitar
|-damage|p2a: Tyranitar|0 fnt
|faint|p2a: Tyranitar
|move|p1a: Sneasler|Close Combat|p2b: Garchomp
|-damage|p2b: Garchomp|40/100
|-unboost|p1a: Sneasler|def|1
|-unboost|p1a: Sneasler|spd|1
|move|p2b: Garchomp|Dragon Claw|p1b: Rillaboom
|-damage|p1b: Rillaboom|16/100
|
|-weather|Sandstorm|[upkeep]
|-damage|p1a: Sneasler|40/100|[from] Sandstorm
|-damage|p1b: Rillaboom|10/100|[from] Sandstorm
|-heal|p1a: Sneasler|46/100|[from] Grassy Terrain
|-heal|p2b: Garchomp|46/100|[from] Grassy Terrain
|-heal|p1b: Rillaboom|16/100|[from] Grassy Terrain
|upkeep
|
|t:|1756738432
|switch|p2a: Gholdengo|Gholdengo, L50, shiny|100/100
|turn|5
|inactive|davirru5 has 30 seconds left.
|
|t:|1756738466
|switch|p1b: Kingambit|Kingambit, L50, M|100/100
|move|p2b: Garchomp|Protect|p2b: Garchomp
|-singleturn|p2b: Garchomp|Protect
|move|p1a: Sneasler|Coaching|p1b: Kingambit
|-boost|p1b: Kingambit|atk|1
|-boost|p1b: Kingambit|def|1
|move|p2a: Gholdengo|Make It Rain|p1b: Kingambit|[spread] p1a,p1b
|-resisted|p1b: Kingambit
|-damage|p1a: Sneasler|0 fnt
|-damage|p1b: Kingambit|69/100
|-unboost|p2a: Gholdengo|spa|1
|faint|p1a: Sneasler
|-damage|p2a: Gholdengo|91/100|[from] item: Life Orb
|
|-weather|none
|-heal|p2b: Garchomp|52/100|[from] Grassy Terrain
|-heal|p2a: Gholdengo|97/100|[from] Grassy Terrain
|-heal|p1b: Kingambit|75/100|[from] Grassy Terrain
|upkeep
|
|t:|1756738474
|switch|p1a: Rillaboom|Rillaboom, L50, F|16/100
|turn|6
|
|t:|1756738493
|switch|p2b: Volcarona|Volcarona, L50, F, shiny|100/100
|move|p1a: Rillaboom|Fake Out|p2b: Volcarona
|-damage|p2b: Volcarona|86/100
|move|p2a: Gholdengo|Nasty Plot|p2a: Gholdengo
|-boost|p2a: Gholdengo|spa|2
|move|p1b: Kingambit|Kowtow Cleave|p2b: Volcarona
|-damage|p2b: Volcarona|0 fnt
|-status|p1b: Kingambit|brn|[from] ability: Flame Body|[of] p2b: Volcarona
|faint|p2b: Volcarona
|
|-heal|p1a: Rillaboom|22/100|[from] Grassy Terrain
|-heal|p2a: Gholdengo|100/100|[from] Grassy Terrain
|-heal|p1b: Kingambit|81/100 brn|[from] Grassy Terrain
|-damage|p1b: Kingambit|75/100 brn|[from] brn
|upkeep
|
|t:|1756738505
|switch|p2b: Garchomp|Garchomp, L50, M, shiny|52/100
|turn|7
|
|t:|1756738517
|move|p1a: Rillaboom|Grassy Glide|p2b: Garchomp
|-damage|p2b: Garchomp|14/100
|move|p1b: Kingambit|Sucker Punch|p2b: Garchomp
|-damage|p2b: Garchomp|0 fnt
|faint|p2b: Garchomp
|move|p2a: Gholdengo|Make It Rain|p1b: Kingambit|[spread] p1a,p1b
|-resisted|p1b: Kingambit
|-damage|p1a: Rillaboom|0 fnt
|-damage|p1b: Kingambit|22/100 brn
|-unboost|p2a: Gholdengo|spa|1
|faint|p1a: Rillaboom
|-damage|p2a: Gholdengo|91/100|[from] item: Life Orb
|
|-heal|p2a: Gholdengo|97/100|[from] Grassy Terrain
|-heal|p1b: Kingambit|28/100 brn|[from] Grassy Terrain
|-damage|p1b: Kingambit|22/100 brn|[from] brn
|upkeep
|turn|8
|
|t:|1756738529
|move|p2a: Gholdengo|Protect|p2a: Gholdengo
|-singleturn|p2a: Gholdengo|Protect
|move|p1b: Kingambit|Sucker Punch||[still]
|-fail|p1b: Kingambit
|
|-heal|p2a: Gholdengo|100/100|[from] Grassy Terrain
|-heal|p1b: Kingambit|28/100 brn|[from] Grassy Terrain
|-damage|p1b: Kingambit|22/100 brn|[from] brn
|-fieldend|move: Grassy Terrain
|upkeep
|turn|9
|
|t:|1756738536
|move|p2a: Gholdengo|Nasty Plot|p2a: Gholdengo
|-boost|p2a: Gholdengo|spa|2
|move|p1b: Kingambit|Kowtow Cleave|p2a: Gholdengo
|-supereffective|p2a: Gholdengo
|-damage|p2a: Gholdengo|17/100
|
|-damage|p1b: Kingambit|16/100 brn|[from] brn
|upkeep
|turn|10
|
|t:|1756738546
|move|p2a: Gholdengo|Protect|p2a: Gholdengo
|-singleturn|p2a: Gholdengo|Protect
|move|p1b: Kingambit|Sucker Punch||[still]
|-fail|p1b: Kingambit
|
|-damage|p1b: Kingambit|10/100 brn|[from] brn
|upkeep
|turn|11
|
|t:|1756738554
|move|p2a: Gholdengo|Make It Rain|p1b: Kingambit
|-resisted|p1b: Kingambit
|-damage|p1b: Kingambit|0 fnt
|-unboost|p2a: Gholdengo|spa|1
|faint|p1b: Kingambit
|-damage|p2a: Gholdengo|7/100|[from] item: Life Orb
|
|win|Liebert94
||davirru5 is ready for game 2.
||Liebert94 is ready for game 2.
|uhtml|next|Next: Game 2 of 3
|l|‽Liebert94
|player|p2|
