|j|☆SuperBoke
|j|☆nikolasnaiz
|html|SuperBokenikolasnaiz    
|uhtml|bestof|Game 2 of a best-of-3
|t:|1756826116
|gametype|doubles
|player|p1|SuperBoke|steven|1194
|player|p2|nikolasnaiz|larry|1300
|gen|9
|tier|[Gen 9] VGC 2025 Reg H (Bo3)
|rated|
|rule|Species Clause: Limit one of each Pokémon
|rule|Item Clause: Limit 1 of each item
|clearpoke
|poke|p1|Grimmsnarl, L50, M|
|poke|p1|Archaludon, L50, M|
|poke|p1|Sinistcha, L50|
|poke|p1|Pelipper, L50, F|
|poke|p1|Maushold, L50|
|poke|p1|Annihilape, L50, F|
|poke|p2|Dragonite, L50, F|
|poke|p2|Ursaluna-Bloodmoon, L50, M|
|poke|p2|Annihilape, L50, M|
|poke|p2|Volcarona, L50, M|
|poke|p2|Rillaboom, L50, F|
|poke|p2|Incineroar, L50, M|
|teampreview|4
|showteam|p1|Grimmsnarl||LightClay|Prankster|SpiritBreak,LightScreen,Reflect,ThunderWave|||M|||50|,,,,,Ghost]Archaludon||AssaultVest|Stamina|ElectroShot,FlashCannon,BodyPress,Snarl|||M|||50|,,,,,Grass]Sinistcha||SitrusBerry|Hospitality|MatchaGotcha,LifeDew,RagePowder,TrickRoom||||||50|,,,,,Dark]Pelipper||FocusSash|Drizzle|Hurricane,WeatherBall,Tailwind,Protect|||F|||50|,,,,,Ghost]Maushold||SafetyGoggles|FriendGuard|BeatUp,Taunt,FollowMe,Protect||||||50|,,,,,Ghost]Annihilape||Leftovers|Defiant|DrainPunch,RageFist,BulkUp,Protect|||F|||50|,,,,,Water
|showteam|p2|Dragonite||LoadedDice|Multiscale|Protect,ScaleShot,Tailwind,Haze|||F|||50|,,,,,Steel]Ursaluna-Bloodmoon||FocusSash|MindsEye|Protect,BloodMoon,EarthPower,HyperVoice|||M|||50|,,,,,Normal]Annihilape||LumBerry|Defiant|Protect,RageFist,CloseCombat,Taunt|||M|||50|,,,,,Fire]Volcarona||CovertCloak|FlameBody|Protect,QuiverDance,HeatWave,TeraBlast|||M|||50|,,,,,Fairy]Rillaboom||AssaultVest|GrassySurge|FakeOut,WoodHammer,GrassyGlide,HighHorsepower|||F|||50|,,,,,Fire]Incineroar||SafetyGoggles|Intimidate|FakeOut,PartingShot,FlareBlitz,KnockOff|||M|||50|,,,,,Ghost
|inactive|Battle timer is ON: inactive players will automatically lose when time's up. (requested by nikolasnaiz)
|
|t:|1756826136
|teamsize|p1|4
|teamsize|p2|4
|start
|switch|p1a: Grimmsnarl|Grimmsnarl, L50, M|100/100
|switch|p1b: Archaludon|Archaludon, L50, M|100/100
|switch|p2a: Dragonite|Dragonite, L50, F, shiny|100/100
|switch|p2b: Ursaluna|Ursaluna-Bloodmoon, L50, M|100/100
|turn|1
|inactive|SuperBoke has 30 seconds left.
|inactive|SuperBoke has 20 seconds left.
|
|t:|1756826176
|-terastallize|p1b: Archaludon|Grass
|move|p1a: Grimmsnarl|Light Screen|p1a: Grimmsnarl
|-sidestart|p1: SuperBoke|move: Light Screen
|move|p2a: Dragonite|Tailwind|p2a: Dragonite
|-sidestart|p2: nikolasnaiz|move: Tailwind
|move|p2b: Ursaluna|Earth Power|p1b: Archaludon
|-resisted|p1b: Archaludon
|-damage|p1b: Archaludon|90/100
|-unboost|p1b: Archaludon|spd|1
|-ability|p1b: Archaludon|Stamina|boost
|-boost|p1b: Archaludon|def|1
|move|p1b: Archaludon|Snarl|p2a: Dragonite|[spread] p2a,p2b
|-damage|p2a: Dragonite|95/100
|-damage|p2b: Ursaluna|85/100
|-unboost|p2a: Dragonite|spa|1
|-unboost|p2b: Ursaluna|spa|1
|
|upkeep
|turn|2
|
|t:|1756826198
|switch|p1a: Pelipper|Pelipper, L50, F|100/100
|-weather|RainDance|[from] ability: Drizzle|[of] p1a: Pelipper
|move|p2a: Dragonite|Haze|p2a: Dragonite
|-clearallboost
|move|p2b: Ursaluna|Blood Moon|p1a: Pelipper
|-damage|p1a: Pelipper|12/100
|move|p1b: Archaludon|Electro Shot||[still]
|-prepare|p1b: Archaludon|Electro Shot
|-boost|p1b: Archaludon|spa|1
|-anim|p1b: Archaludon|Electro Shot|p2a: Dragonite
|-damage|p2a: Dragonite|34/100
|
|-weather|RainDance|[upkeep]
|upkeep
|turn|3
|inactive|SuperBoke has 30 seconds left.
|
|t:|1756826226
|switch|p1a: Grimmsnarl|Grimmsnarl, L50, M|100/100
|move|p2a: Dragonite|Scale Shot|p1b: Archaludon
|-damage|p1b: Archaludon|81/100
|-ability|p1b: Archaludon|Stamina|boost
|-boost|p1b: Archaludon|def|1
|-damage|p1b: Archaludon|75/100
|-ability|p1b: Archaludon|Stamina|boost
|-boost|p1b: Archaludon|def|1
|-damage|p1b: Archaludon|71/100
|-ability|p1b: Archaludon|Stamina|boost
|-boost|p1b: Archaludon|def|1
|-damage|p1b: Archaludon|66/100
|-ability|p1b: Archaludon|Stamina|boost
|-boost|p1b: Archaludon|def|1
|-hitcount|p1b: Archaludon|4
|-unboost|p2a: Dragonite|def|1
|-boost|p2a: Dragonite|spe|1
|move|p2b: Ursaluna|Hyper Voice|p1a: Grimmsnarl|[spread] p1a,p1b
|-damage|p1a: Grimmsnarl|76/100
|-damage|p1b: Archaludon|50/100
|-ability|p1b: Archaludon|Stamina|boost
|-boost|p1b: Archaludon|def|1
|move|p1b: Archaludon|Electro Shot||[still]
|-prepare|p1b: Archaludon|Electro Shot
|-boost|p1b: Archaludon|spa|1
|-anim|p1b: Archaludon|Electro Shot|p2a: Dragonite
|-damage|p2a: Dragonite|0 fnt
|faint|p2a: Dragonite
|
|-weather|RainDance|[upkeep]
|upkeep
|
|t:|1756826241
|switch|p2a: Volcarona|Volcarona, L50, M|100/100
|turn|4
|
|t:|1756826257
|switch|p1a: Sinistcha|Sinistcha, L50|100/100
|-heal|p1b: Archaludon|75/100|[from] ability: Hospitality|[of] p1a: Sinistcha
|-terastallize|p2a: Volcarona|Fairy
|move|p2a: Volcarona|Quiver Dance|p2a: Volcarona
|-boost|p2a: Volcarona|spa|1
|-boost|p2a: Volcarona|spd|1
|-boost|p2a: Volcarona|spe|1
|move|p2b: Ursaluna|Blood Moon|p1b: Archaludon
|-damage|p1b: Archaludon|43/100
|-ability|p1b: Archaludon|Stamina|boost
|-boost|p1b: Archaludon|def|1
|move|p1b: Archaludon|Electro Shot||[still]
|-prepare|p1b: Archaludon|Electro Shot
|-boost|p1b: Archaludon|spa|1
|-anim|p1b: Archaludon|Electro Shot|p2a: Volcarona
|-damage|p2a: Volcarona|39/100
|
|-weather|RainDance|[upkeep]
|-sideend|p2: nikolasnaiz|move: Tailwind
|upkeep
|turn|5
|inactive|SuperBoke has 30 seconds left.
|inactive|SuperBoke has 20 seconds left.
|
|t:|1756826296
|switch|p1a: Grimmsnarl|Grimmsnarl, L50, M|76/100
|move|p2a: Volcarona|Heat Wave|p1a: Grimmsnarl|[spread] p1a,p1b
|-supereffective|p1b: Archaludon
|-damage|p1a: Grimmsnarl|60/100
|-damage|p1b: Archaludon|21/100
|-status|p1b: Archaludon|brn
|move|p2b: Ursaluna|Hyper Voice|p1a: Grimmsnarl|[spread] p1a,p1b
|-damage|p1a: Grimmsnarl|36/100
|-damage|p1b: Archaludon|5/100 brn
|move|p1b: Archaludon|Body Press|p2b: Ursaluna
|-supereffective|p2b: Ursaluna
|-damage|p2b: Ursaluna|0 fnt
|faint|p2b: Ursaluna
|
|-weather|RainDance|[upkeep]
|-damage|p1b: Archaludon|0 fnt|[from] brn
|faint|p1b: Archaludon
|upkeep
|
|t:|1756826311
|switch|p2b: Rillaboom|Rillaboom, L50, F|100/100
|switch|p1b: Sinistcha|Sinistcha, L50|100/100
|-fieldstart|move: Grassy Terrain|[from] ability: Grassy Surge|[of] p2b: Rillaboom
|-heal|p1a: Grimmsnarl|60/100|[from] ability: Hospitality|[of] p1b: Sinistcha
|turn|6
|
|t:|1756826319
|move|p1a: Grimmsnarl|Thunder Wave|p2a: Volcarona
|-status|p2a: Volcarona|par
|move|p2b: Rillaboom|Wood Hammer|p1a: Grimmsnarl
|-damage|p1a: Grimmsnarl|0 fnt
|faint|p1a: Grimmsnarl
|-damage|p2b: Rillaboom|81/100|[from] Recoil
|move|p2a: Volcarona|Heat Wave|p1b: Sinistcha
|-supereffective|p1b: Sinistcha
|-damage|p1b: Sinistcha|60/100
|move|p1b: Sinistcha|Matcha Gotcha|p2a: Volcarona|[spread] p2a,p2b
|-resisted|p2b: Rillaboom
|-damage|p2a: Volcarona|21/100 par
|-heal|p1b: Sinistcha|70/100|[from] drain|[of] p2a: Volcarona
|-damage|p2b: Rillaboom|70/100
|-heal|p1b: Sinistcha|76/100|[from] drain|[of] p2b: Rillaboom
|
|-weather|none
|-heal|p2b: Rillaboom|76/100|[from] Grassy Terrain
|-heal|p2a: Volcarona|27/100 par|[from] Grassy Terrain
|-heal|p1b: Sinistcha|82/100|[from] Grassy Terrain
|upkeep
|
|t:|1756826336
|switch|p1a: Pelipper|Pelipper, L50, F|12/100
|-weather|RainDance|[from] ability: Drizzle|[of] p1a: Pelipper
|turn|7
|
|t:|1756826345
|move|p2b: Rillaboom|Wood Hammer|p1b: Sinistcha
|-resisted|p1b: Sinistcha
|-damage|p1b: Sinistcha|49/100
|-enditem|p1b: Sinistcha|Sitrus Berry|[eat]
|-heal|p1b: Sinistcha|74/100|[from] item: Sitrus Berry
|-damage|p2b: Rillaboom|67/100|[from] Recoil
|move|p1a: Pelipper|Hurricane|p2b: Rillaboom
|-supereffective|p2b: Rillaboom
|-damage|p2b: Rillaboom|0 fnt
|faint|p2b: Rillaboom
|cant|p2a: Volcarona|par
|move|p1b: Sinistcha|Matcha Gotcha|p2a: Volcarona
|-damage|p2a: Volcarona|0 fnt
|-heal|p1b: Sinistcha|87/100|[from] drain|[of] p2a: Volcarona
|faint|p2a: Volcarona
|
|win|SuperBoke
||nikolasnaiz is ready for game 3.
|inactive|SuperBoke has 30 seconds to confirm battle start!
