|j|☆Derro RX
|j|☆kcro-01
|html|Derro RXkcro-01    
|uhtml|bestof|Game 2 of a best-of-3
|t:|1786064064
|gametype|doubles
|player|p1|Derro RX|pokemonrangerf|
|player|p2|kcro-01|266|
|gen|9
|tier|[Gen 9 Champions] VGC 2026 Reg M-B (Bo3)
|rule|Species Clause: Limit one of each Pokémon
|rule|Item Clause: Limit 1 of each item
|clearpoke
|poke|p1|Absol, L50, M, shiny|
|poke|p1|Sinistcha, L50|
|poke|p1|Charizard, L50, M|
|poke|p1|Heliolisk, L50, F, shiny|
|poke|p1|Skeledirge, L50, F, shiny|
|poke|p1|Meowscarada, L50, F|
|poke|p2|Tyranitar, L50, F|
|poke|p2|Medicham, L50, F|
|poke|p2|Skarmory, L50, M|
|poke|p2|Sneasler, L50, F|
|poke|p2|Metagross, L50, shiny|
|poke|p2|Meganium, L50, F|
|teampreview|4
|showteam|p1|Absol||Absolite|SuperLuck|SuckerPunch,KnockOff,Protect,SwordsDance|Jolly||M|||50|]Sinistcha||MentalHerb|Hospitality|MatchaGotcha,Protect,Scald,SolarBeam|Modest|||||50|]Charizard||CharizarditeY|SolarPower|BlastBurn,ScorchingSands,Protect,AirSlash|Modest||M|||50|]Heliolisk||ChoiceScarf|SolarPower|ShedTail,Glare,HyperVoice,VoltSwitch|Modest||F|||50|]Skeledirge||Metronome|Unaware|TorchSong,HyperVoice,EarthPower,ShadowBall|Modest||F|||50|]Meowscarada||LifeOrb|Protean|FlowerTrick,KnockOff,SuckerPunch,LowSweep|Jolly||F|||50|
|showteam|p2|Tyranitar||LifeOrb|SandStream|RockSlide,Protect,IcePunch,HighHorsepower|Adamant||F|||50|]Medicham||BrightPowder|PurePower|FakeOut,Protect,SkillSwap,FirePunch|Jolly||F|||50|]Skarmory||Leftovers|Sturdy|RockSlide,Tailwind,Protect,BodyPress|Impish||M|||50|]Sneasler||FocusSash|Unburden|Acrobatics,FakeOut,DireClaw,Protect|Adamant||F|||50|]Metagross||Metagrossite|ClearBody|IcePunch,RockSlide,ShadowClaw,PsychicFangs|Jolly|||||50|]Meganium||Meganiumite|Overgrow|WeatherBall,SolarBeam,DazzlingGleam,Protect|Timid||F|||50|
|
|t:|1786064133
|teamsize|p1|4
|teamsize|p2|4
|start
|switch|p1a: Meowscarada|Meowscarada, L50, F|100/100
|switch|p1b: Heliolisk|Heliolisk, L50, F, shiny|100/100
|switch|p2a: Medicham|Medicham, L50, F|100/100
|switch|p2b: Tyranitar|Tyranitar, L50, F|100/100
|-weather|Sandstorm|[from] ability: Sand Stream|[of] p2b: Tyranitar
|turn|1
|
|t:|1786064180
|move|p2a: Medicham|Fake Out|p1a: Meowscarada
|-crit|p1a: Meowscarada
|-damage|p1a: Meowscarada|60/100
|move|p1b: Heliolisk|Shed Tail|p1b: Heliolisk
|-start|p1b: Heliolisk|Substitute|[from] move: Shed Tail
|-damage|p1b: Heliolisk|49/100
|
|t:|1786064186
|switch|p1b: Charizard|Charizard, L50, M|100/100|[from] Shed Tail
|cant|p1a: Meowscarada|flinch
|move|p2b: Tyranitar|Ice Punch|p1a: Meowscarada
|-supereffective|p1a: Meowscarada|1
|-damage|p1a: Meowscarada|0 fnt
|faint|p1a: Meowscarada
|-damage|p2b: Tyranitar|90/100|[from] item: Life Orb
|
|-weather|Sandstorm|[upkeep]
|-damage|p1b: Charizard|94/100|[from] Sandstorm
|-damage|p2a: Medicham|94/100|[from] Sandstorm
|upkeep
|
|t:|1786064201
|switch|p1a: Heliolisk|Heliolisk, L50, F, shiny|49/100
|turn|2
|
|t:|1786064260
|detailschange|p1b: Charizard|Charizard-Mega-Y, L50, M
|-mega|p1b: Charizard|Charizard|Charizardite Y
|-weather|SunnyDay|[from] ability: Drought|[of] p1b: Charizard
|move|p2b: Tyranitar|Protect|p2b: Tyranitar
|-singleturn|p2b: Tyranitar|Protect
|move|p1a: Heliolisk|Glare|p2b: Tyranitar
|-activate|p2b: Tyranitar|move: Protect
|move|p1b: Charizard|Air Slash|p2a: Medicham
|-supereffective|p2a: Medicham|1
|-damage|p2a: Medicham|0 fnt
|faint|p2a: Medicham
|
|-weather|SunnyDay|[upkeep]
|-damage|p1a: Heliolisk|37/100|[from] ability: Solar Power|[of] p1a: Heliolisk
|upkeep
|
|t:|1786064278
|switch|p2a: Skarmory|Skarmory, L50, M|100/100
|turn|3
|
|t:|1786064308
|move|p1a: Heliolisk|Glare|p2b: Tyranitar
|-status|p2b: Tyranitar|par
|move|p1b: Charizard|Scorching Sands|p2b: Tyranitar
|-supereffective|p2b: Tyranitar|1
|-damage|p2b: Tyranitar|34/100 par
|move|p2a: Skarmory|Tailwind|p2a: Skarmory
|-sidestart|p2: kcro-01|move: Tailwind
|move|p2b: Tyranitar|Rock Slide|p1b: Charizard|[spread] p1a
|-miss|p2b: Tyranitar|p1b: Charizard
|-damage|p1a: Heliolisk|0 fnt
|faint|p1a: Heliolisk
|-damage|p2b: Tyranitar|24/100 par|[from] item: Life Orb
|
|-weather|SunnyDay|[upkeep]
|upkeep
|
|t:|1786064325
|switch|p1a: Sinistcha|Sinistcha, L50|100/100
|-heal|p1b: Charizard|100/100|[from] ability: Hospitality|[of] p1a: Sinistcha
|turn|4
|
|t:|1786064367
|move|p1a: Sinistcha|Protect|p1a: Sinistcha
|-singleturn|p1a: Sinistcha|Protect
|move|p2b: Tyranitar|Protect|p2b: Tyranitar
|-singleturn|p2b: Tyranitar|Protect
|move|p2a: Skarmory|Rock Slide|p1a: Sinistcha|[spread] p1b
|-activate|p1a: Sinistcha|move: Protect
|-supereffective|p1b: Charizard|2
|-end|p1b: Charizard|Substitute
|move|p1b: Charizard|Blast Burn|p2a: Skarmory|[miss]
|-miss|p1b: Charizard|p2a: Skarmory
|
|-weather|SunnyDay|[upkeep]
|upkeep
|turn|5
|
|t:|1786064401
|switch|p2b: Metagross|Metagross, L50, shiny|100/100
|move|p1b: Charizard|Protect|p1b: Charizard
|-singleturn|p1b: Charizard|Protect
|move|p2a: Skarmory|Rock Slide|p1b: Charizard|[spread] p1a
|-activate|p1b: Charizard|move: Protect
|-damage|p1a: Sinistcha|88/100
|move|p1a: Sinistcha|Matcha Gotcha|p2b: Metagross|[spread] p2b
|-miss|p1a: Sinistcha|p2a: Skarmory
|-resisted|p2b: Metagross|1
|-damage|p2b: Metagross|80/100
|-heal|p1a: Sinistcha|97/100|[from] drain|[of] p2b: Metagross
|
|-weather|SunnyDay|[upkeep]
|upkeep
|turn|6
|
|t:|1786064432
|detailschange|p2b: Metagross|Metagross-Mega, L50, shiny
|-mega|p2b: Metagross|Metagross|Metagrossite
|move|p2b: Metagross|Rock Slide|p1b: Charizard|[spread] p1a,p1b
|-supereffective|p1b: Charizard|2
|-damage|p1a: Sinistcha|75/100
|-damage|p1b: Charizard|0 fnt
|faint|p1b: Charizard
|move|p2a: Skarmory|Rock Slide|p1a: Sinistcha
|-damage|p1a: Sinistcha|62/100
|cant|p1a: Sinistcha|flinch
|
|-weather|none
|-sideend|p2: kcro-01|move: Tailwind
|upkeep
|turn|7
|c|☆Derro RX|GG
|
|t:|1786064461
|switch|p2a: Tyranitar|Tyranitar, L50, F|24/100 par
|-weather|Sandstorm|[from] ability: Sand Stream|[of] p2a: Tyranitar
|move|p2b: Metagross|Ice Punch|p1a: Sinistcha
|-supereffective|p1a: Sinistcha|1
|-damage|p1a: Sinistcha|0 fnt
|faint|p1a: Sinistcha
|
|win|kcro-01
