|j|☆waveniki
|j|☆WASHINGTONGARGACHA
|html|wavenikiWASHINGTONGARGACHA    
|uhtml|bestof|Game 2 of a best-of-3
|t:|1756680215
|gametype|doubles
|player|p1|waveniki|clerk|1209
|player|p2|WASHINGTONGARGACHA|2|1146
|gen|9
|tier|[Gen 9] VGC 2025 Reg H (Bo3)
|rated|
|rule|Species Clause: Limit one of each Pokémon
|rule|Item Clause: Limit 1 of each item
|clearpoke
|poke|p1|Incineroar, L50, F|
|poke|p1|Amoonguss, L50, F|
|poke|p1|Ursaluna-Bloodmoon, L50, M|
|poke|p1|Dragonite, L50, F|
|poke|p1|Sneasler, L50, M|
|poke|p1|Gholdengo, L50|
|poke|p2|Gholdengo, L50|
|poke|p2|Ursaluna, L50, F|
|poke|p2|Archaludon, L50, M|
|poke|p2|Murkrow, L50, M|
|poke|p2|Farigiraf, L50, M|
|poke|p2|Sneasler, L50, M|
|teampreview|4
|showteam|p1|Incineroar||SafetyGoggles|Intimidate|FlareBlitz,KnockOff,FakeOut,PartingShot|||F|||50|,,,,,Ghost]Amoonguss||SitrusBerry|Regenerator|PollenPuff,Spore,RagePowder,Protect|||F|||50|,,,,,Psychic]Ursaluna-Bloodmoon||AssaultVest|MindsEye|HyperVoice,BloodMoon,EarthPower,VacuumWave|||M|||50|,,,,,Water]Dragonite||LoadedDice|Multiscale|ScaleShot,Tailwind,Haze,Protect|||F|||50|,,,,,Fairy]Sneasler||FocusSash|Unburden|CloseCombat,DireClaw,ThroatChop,Protect|||M|||50|,,,,,Stellar]Gholdengo||LifeOrb|GoodasGold|MakeItRain,ShadowBall,NastyPlot,Protect||||||50|,,,,,Water
|showteam|p2|Gholdengo||LifeOrb|GoodasGold|ShadowBall,MakeItRain,NastyPlot,Protect||||||50|,,,,,Water]Ursaluna||FlameOrb|Guts|Facade,Earthquake,Protect,HeadlongRush|||F|||50|,,,,,Ghost]Archaludon||PowerHerb|Sturdy|ElectroShot,FlashCannon,DracoMeteor,Protect|||M|||50|,,,,,Grass]Murkrow||Eviolite|Prankster|Tailwind,RainDance,FoulPlay,Haze|||M|||50|,,,,,Dark]Farigiraf||ThroatSpray|ArmorTail|HyperVoice,TrickRoom,Psychic,Protect|||M|||50|,,,,,Fairy]Sneasler||WhiteHerb|Unburden|DireClaw,CloseCombat,Protect,Acrobatics|||M|||50|,,,,,Flying
|inactive|Battle timer is ON: inactive players will automatically lose when time's up. (requested by waveniki)
|j| SvenV2
|inactive|WASHINGTONGARGACHA has 60 seconds left.
|
|t:|1756680250
|teamsize|p1|4
|teamsize|p2|4
|start
|switch|p1a: Incineroar|Incineroar, L50, F|100/100
|switch|p1b: Ursaluna|Ursaluna-Bloodmoon, L50, M|100/100
|switch|p2a: Ursaluna|Ursaluna, L50, F|100/100
|switch|p2b: Farigiraf|Farigiraf, L50, M|100/100
|-ability|p1a: Incineroar|Intimidate|boost
|-unboost|p2a: Ursaluna|atk|1
|-unboost|p2b: Farigiraf|atk|1
|turn|1
|inactive|waveniki has 30 seconds left.
|inactive|WASHINGTONGARGACHA has 30 seconds left.
|
|t:|1756680276
|switch|p2a: Sneasler|Sneasler, L50, M|100/100
|move|p2b: Farigiraf|Protect|p2b: Farigiraf
|-singleturn|p2b: Farigiraf|Protect
|move|p1a: Incineroar|Flare Blitz|p2b: Farigiraf
|-activate|p2b: Farigiraf|move: Protect
|move|p1b: Ursaluna|Blood Moon|p2b: Farigiraf
|-activate|p2b: Farigiraf|move: Protect
|
|upkeep
|turn|2
|inactive|WASHINGTONGARGACHA has 30 seconds left.
|inactive|waveniki has 30 seconds left.
|inactive|waveniki has 20 seconds left.
|inactive|WASHINGTONGARGACHA has 20 seconds left.
|inactive|waveniki has 15 seconds left.
|inactive|WASHINGTONGARGACHA has 15 seconds left.
|inactive|waveniki has 10 seconds left.
|inactive|WASHINGTONGARGACHA has 10 seconds left.
|
|t:|1756680328
|switch|p1a: Gholdengo|Gholdengo, L50|100/100
|-terastallize|p1b: Ursaluna|Water
|move|p2a: Sneasler|Close Combat|p1b: Ursaluna
|-damage|p1b: Ursaluna|53/100
|-unboost|p2a: Sneasler|def|1
|-unboost|p2a: Sneasler|spd|1
|-enditem|p2a: Sneasler|White Herb
|-clearnegativeboost|p2a: Sneasler|[silent]
|move|p1b: Ursaluna|Hyper Voice|p2b: Farigiraf|[spread] p2a,p2b
|-damage|p2a: Sneasler|53/100
|-damage|p2b: Farigiraf|71/100
|move|p2b: Farigiraf|Trick Room|p2b: Farigiraf
|-fieldstart|move: Trick Room|[of] p2b: Farigiraf
|
|upkeep
|turn|3
|inactive|waveniki has 30 seconds left.
|
|t:|1756680356
|move|p2b: Farigiraf|Protect|p2b: Farigiraf
|-singleturn|p2b: Farigiraf|Protect
|move|p1b: Ursaluna|Hyper Voice|p2a: Sneasler|[spread] p2a
|-activate|p2b: Farigiraf|move: Protect
|-damage|p2a: Sneasler|4/100
|move|p1a: Gholdengo|Shadow Ball|p2a: Sneasler
|-damage|p2a: Sneasler|0 fnt
|faint|p2a: Sneasler
|-damage|p1a: Gholdengo|91/100|[from] item: Life Orb
|
|upkeep
|
|t:|1756680367
|switch|p2a: Ursaluna|Ursaluna, L50, F|100/100
|turn|4
|inactive|WASHINGTONGARGACHA has 30 seconds left.
|
|t:|1756680393
|switch|p1b: Incineroar|Incineroar, L50, F|100/100
|-ability|p1b: Incineroar|Intimidate|boost
|-unboost|p2a: Ursaluna|atk|1
|-unboost|p2b: Farigiraf|atk|1
|move|p2b: Farigiraf|Psychic|p1a: Gholdengo
|-resisted|p1a: Gholdengo
|-damage|p1a: Gholdengo|68/100
|move|p2a: Ursaluna|Headlong Rush|p1b: Incineroar
|-supereffective|p1b: Incineroar
|-damage|p1b: Incineroar|3/100
|-unboost|p2a: Ursaluna|def|1
|-unboost|p2a: Ursaluna|spd|1
|move|p1a: Gholdengo|Make It Rain|p2b: Farigiraf|[spread] p2a,p2b
|-damage|p2a: Ursaluna|18/100
|-damage|p2b: Farigiraf|22/100
|-unboost|p1a: Gholdengo|spa|1
|-damage|p1a: Gholdengo|58/100|[from] item: Life Orb
|
|-status|p2a: Ursaluna|brn|[from] item: Flame Orb
|upkeep
|turn|5
|inactive|WASHINGTONGARGACHA has 30 seconds left.
|inactive|WASHINGTONGARGACHA has 20 seconds left.
|inactive|WASHINGTONGARGACHA has 15 seconds left.
|
|t:|1756680434
|switch|p1b: Dragonite|Dragonite, L50, F|100/100
|move|p2b: Farigiraf|Psychic|p1a: Gholdengo
|-resisted|p1a: Gholdengo
|-damage|p1a: Gholdengo|38/100
|move|p2a: Ursaluna|Earthquake|p1a: Gholdengo|[spread] p2b,p1a
|-immune|p1b: Dragonite
|-crit|p2b: Farigiraf
|-supereffective|p1a: Gholdengo
|-damage|p2b: Farigiraf|0 fnt
|-damage|p1a: Gholdengo|0 fnt
|faint|p2b: Farigiraf
|faint|p1a: Gholdengo
|
|-damage|p2a: Ursaluna|12/100 brn|[from] brn
|upkeep
|
|t:|1756680448
|switch|p2b: Archaludon|Archaludon, L50, M|100/100
|switch|p1a: Ursaluna|Ursaluna-Bloodmoon, L50, M, tera:Water|53/100
|turn|6
|inactive|WASHINGTONGARGACHA has 30 seconds left.
|inactive|WASHINGTONGARGACHA has 20 seconds left.
|
|t:|1756680484
|move|p1a: Ursaluna|Earth Power|p2b: Archaludon
|-supereffective|p2b: Archaludon
|-ability|p2b: Archaludon|Sturdy
|-damage|p2b: Archaludon|1/100
|move|p2a: Ursaluna|Facade|p1b: Dragonite
|-damage|p1b: Dragonite|58/100
|move|p1b: Dragonite|Scale Shot|p2a: Ursaluna
|-damage|p2a: Ursaluna|0 fnt
|faint|p2a: Ursaluna
|-hitcount|p2: Ursaluna|1
|-unboost|p1b: Dragonite|def|1
|-boost|p1b: Dragonite|spe|1
|move|p2b: Archaludon|Electro Shot||[still]
|-prepare|p2b: Archaludon|Electro Shot
|-boost|p2b: Archaludon|spa|1
|-enditem|p2b: Archaludon|Power Herb
|-anim|p2b: Archaludon|Electro Shot|p1a: Ursaluna
|-supereffective|p1a: Ursaluna
|-damage|p1a: Ursaluna|0 fnt
|faint|p1a: Ursaluna
|
|-fieldend|move: Trick Room
|upkeep
|
|t:|1756680493
|switch|p1a: Incineroar|Incineroar, L50, F|3/100
|-ability|p1a: Incineroar|Intimidate|boost
|-unboost|p2b: Archaludon|atk|1
|turn|7
|-message|WASHINGTONGARGACHA forfeited.
|
|win|waveniki
|raw|waveniki's rating: 1209 → 1230(+21 for winning)
|raw|WASHINGTONGARGACHA's rating: 1146 → 1125(-21 for losing)
|l|☆WASHINGTONGARGACHA
|player|p2|
