|j|☆mircat222
|j|☆milkandcereals
|html|mircat222milkandcereals    
|uhtml|bestof|Game 2 of a best-of-3
|t:|1756499390
|gametype|doubles
|player|p1|mircat222|giovanni|1139
|player|p2|milkandcereals|blue|1101
|gen|9
|tier|[Gen 9] VGC 2025 Reg H (Bo3)
|rated|
|rule|Species Clause: Limit one of each Pokémon
|rule|Item Clause: Limit 1 of each item
|clearpoke
|poke|p1|Toxtricity, L50, F|
|poke|p1|Incineroar, L50, M|
|poke|p1|Sneasler, L50, M|
|poke|p1|Tyranitar, L50, M|
|poke|p1|Gholdengo, L50|
|poke|p1|Indeedee-F, L50, F|
|poke|p2|Porygon2, L50|
|poke|p2|Rillaboom, L50, M|
|poke|p2|Ursaluna, L50, F|
|poke|p2|Jumpluff, L50, M|
|poke|p2|Charizard, L50, M|
|poke|p2|Torkoal, L50, F|
|teampreview|4
|showteam|p1|Toxtricity||ChoiceSpecs|PunkRock|Boomburst,Overdrive,SludgeBomb,VoltSwitch|||F|||50|,,,,,Ground]Incineroar||AssaultVest|Intimidate|Uturn,FakeOut,FlareBlitz,KnockOff|||M|||50|,,,,,Grass]Sneasler||PsychicSeed|Unburden|DireClaw,CloseCombat,Coaching,Protect|||M|||50|,,,,,Stellar]Tyranitar||FocusSash|SandStream|RockSlide,TeraBlast,Protect,DragonDance|||M|||50|,,,,,Flying]Gholdengo||LifeOrb|GoodasGold|MakeItRain,NastyPlot,ShadowBall,Protect||||||50|,,,,,Water]Indeedee-F||SafetyGoggles|PsychicSurge|FollowMe,Psychic,TrickRoom,HelpingHand|||F|||50|,,,,,Fairy
|showteam|p2|Porygon2||Eviolite|Download|TeraBlast,IceBeam,TrickRoom,Recover||||||50|,,,,,Fighting]Rillaboom||AssaultVest|GrassySurge|FakeOut,GrassyGlide,WoodHammer,HighHorsepower|||M|||50|,,,,,Water]Ursaluna||FlameOrb|Guts|Protect,Facade,Earthquake,HeadlongRush|||F|||50|,,,,,Ghost]Jumpluff||CovertCloak|Chlorophyll|SleepPowder,SunnyDay,Tailwind,RagePowder|||M|||50|,,,,,Fire]Charizard||ChoiceSpecs|SolarPower|HeatWave,Overheat,WeatherBall,DragonPulse|||M|||50|,,,,,Ghost]Torkoal||EjectPack|Drought|Overheat,Eruption,HelpingHand,Protect|||F|||50|,,,,,Fire
|inactive|Battle timer is ON: inactive players will automatically lose when time's up. (requested by milkandcereals)
|c|☆milkandcereals|140 power move no secondary effects? dafuk ahaha
|inactive|milkandcereals has 60 seconds left.
|inactive|milkandcereals has 30 seconds left.
|inactive|milkandcereals has 20 seconds left.
|c|☆mircat222|Yea its crazy
|inactive|milkandcereals has 15 seconds left.
|inactive|milkandcereals has 10 seconds left.
|c|☆mircat222|It obilterates ny own team too tho
|
|t:|1756499498
|teamsize|p1|4
|teamsize|p2|4
|start
|switch|p1a: Gholdengo|Gholdengo, L50|100/100
|switch|p1b: Toxtricity|Toxtricity, L50, F|100/100
|switch|p2a: Jumpluff|Jumpluff, L50, M|100/100
|switch|p2b: Torkoal|Torkoal, L50, F|100/100
|-weather|SunnyDay|[from] ability: Drought|[of] p2b: Torkoal
|turn|1
|inactive|mircat222 has 30 seconds left.
|inactive|milkandcereals has 30 seconds left.
|
|t:|1756499530
|switch|p1b: Indeedee|Indeedee-F, L50, F|100/100
|-fieldstart|move: Psychic Terrain|[from] ability: Psychic Surge|[of] p1b: Indeedee
|-terastallize|p1a: Gholdengo|Water
|move|p2a: Jumpluff|Sleep Powder|p1b: Indeedee
|-activate|p1b: Indeedee|item: Safety Goggles|Sleep Powder
|move|p1a: Gholdengo|Make It Rain|p2b: Torkoal|[spread] p2a,p2b
|-resisted|p2b: Torkoal
|-damage|p2a: Jumpluff|41/100
|-damage|p2b: Torkoal|60/100
|-unboost|p1a: Gholdengo|spa|1
|-damage|p1a: Gholdengo|91/100|[from] item: Life Orb
|move|p2b: Torkoal|Overheat|p1a: Gholdengo
|-resisted|p1a: Gholdengo
|-damage|p1a: Gholdengo|47/100
|-unboost|p2b: Torkoal|spa|2
|-enditem|p2b: Torkoal|Eject Pack
|inactive|milkandcereals has 30 seconds left.
|
|t:|1756499556
|switch|p2b: Charizard|Charizard, L50, M|100/100
|
|-weather|SunnyDay|[upkeep]
|-damage|p2b: Charizard|88/100|[from] ability: Solar Power|[of] p2b: Charizard
|upkeep
|turn|2
|
|t:|1756499579
|move|p2a: Jumpluff|Tailwind|p2a: Jumpluff
|-sidestart|p2: milkandcereals|move: Tailwind
|move|p2b: Charizard|Heat Wave|p1a: Gholdengo|[spread] p1a,p1b
|-resisted|p1a: Gholdengo
|-damage|p1a: Gholdengo|0 fnt
|-damage|p1b: Indeedee|5/100
|-status|p1b: Indeedee|brn
|faint|p1a: Gholdengo
|move|p1b: Indeedee|Trick Room|p1b: Indeedee
|-fieldstart|move: Trick Room|[of] p1b: Indeedee
|
|-weather|SunnyDay|[upkeep]
|-damage|p2b: Charizard|76/100|[from] ability: Solar Power|[of] p2b: Charizard
|-damage|p1b: Indeedee|0 fnt|[from] brn
|faint|p1b: Indeedee
|upkeep
|
|t:|1756499597
|switch|p1b: Tyranitar|Tyranitar, L50, M|100/100
|switch|p1a: Toxtricity|Toxtricity, L50, F|100/100
|-weather|Sandstorm|[from] ability: Sand Stream|[of] p1b: Tyranitar
|turn|3
|c|☆milkandcereals|oh oh
|inactive|milkandcereals has 30 seconds left.
|
|t:|1756499629
|-terastallize|p2b: Charizard|Ghost
|move|p2a: Jumpluff|Rage Powder|p2a: Jumpluff
|-singleturn|p2a: Jumpluff|move: Rage Powder
|move|p1b: Tyranitar|Rock Slide|p2a: Jumpluff|[spread] p2a,p2b
|-supereffective|p2a: Jumpluff
|-damage|p2a: Jumpluff|0 fnt
|-damage|p2b: Charizard|30/100
|faint|p2a: Jumpluff
|move|p1a: Toxtricity|Overdrive|p2b: Charizard
|-damage|p2b: Charizard|0 fnt
|faint|p2b: Charizard
|
|-weather|Sandstorm|[upkeep]
|-damage|p1a: Toxtricity|95/100|[from] Sandstorm
|upkeep
|
|t:|1756499639
|switch|p2b: Rillaboom|Rillaboom, L50, M|100/100
|switch|p2a: Torkoal|Torkoal, L50, F|60/100
|-weather|SunnyDay|[from] ability: Drought|[of] p2a: Torkoal
|-fieldstart|move: Grassy Terrain|[from] ability: Grassy Surge|[of] p2b: Rillaboom
|turn|4
|inactive|milkandcereals has 30 seconds left.
|inactive|milkandcereals has 20 seconds left.
|inactive|milkandcereals has 15 seconds left.
|inactive|milkandcereals has 10 seconds left.
|
|t:|1756499685
|move|p2b: Rillaboom|Fake Out|p1a: Toxtricity
|-damage|p1a: Toxtricity|72/100
|move|p2a: Torkoal|Overheat|p1a: Toxtricity|[miss]
|-miss|p2a: Torkoal|p1a: Toxtricity
|move|p1b: Tyranitar|Rock Slide|p2b: Rillaboom|[spread] p2a,p2b
|-supereffective|p2a: Torkoal
|-damage|p2a: Torkoal|9/100
|-damage|p2b: Rillaboom|72/100
|cant|p1a: Toxtricity|flinch
|
|-weather|SunnyDay|[upkeep]
|-heal|p2a: Torkoal|14/100|[from] Grassy Terrain
|-heal|p1a: Toxtricity|77/100|[from] Grassy Terrain
|-heal|p2b: Rillaboom|77/100|[from] Grassy Terrain
|upkeep
|turn|5
|c|☆milkandcereals|aint no way
|c|☆mircat222|That sucks
|inactive|mircat222 has 30 seconds left.
|inactive|milkandcereals has 30 seconds left.
|c|☆milkandcereals|atill i can do it i think
|
|t:|1756499720
|move|p2a: Torkoal|Protect|p2a: Torkoal
|-singleturn|p2a: Torkoal|Protect
|move|p1b: Tyranitar|Rock Slide|p2a: Torkoal|[spread] p2b
|-activate|p2a: Torkoal|move: Protect
|-damage|p2b: Rillaboom|48/100
|move|p1a: Toxtricity|Overdrive|p2b: Rillaboom|[spread] p2b
|-activate|p2a: Torkoal|move: Protect
|-resisted|p2b: Rillaboom
|-damage|p2b: Rillaboom|28/100
|move|p2b: Rillaboom|Wood Hammer|p1b: Tyranitar
|-supereffective|p1b: Tyranitar
|-enditem|p1b: Tyranitar|Focus Sash
|-damage|p1b: Tyranitar|1/100
|-damage|p2b: Rillaboom|0 fnt|[from] Recoil
|faint|p2b: Rillaboom
|
|-weather|SunnyDay|[upkeep]
|-heal|p2a: Torkoal|20/100|[from] Grassy Terrain
|-heal|p1b: Tyranitar|7/100|[from] Grassy Terrain
|-heal|p1a: Toxtricity|83/100|[from] Grassy Terrain
|-sideend|p2: milkandcereals|move: Tailwind
|upkeep
|turn|6
|c|☆mircat222|Gg
|c|☆milkandcereals|gg
|inactive|milkandcereals has 30 seconds left.
|inactive|mircat222 has 30 seconds left.
|c|☆milkandcereals|needed rilla to resist recoil haha
|
|t:|1756499754
|move|p2a: Torkoal|Overheat|p1a: Toxtricity
|-damage|p1a: Toxtricity|0 fnt
|-unboost|p2a: Torkoal|spa|2
|faint|p1a: Toxtricity
|move|p1b: Tyranitar|Rock Slide|p2a: Torkoal|[miss]
|-miss|p1b: Tyranitar|p2a: Torkoal
|
|-weather|SunnyDay|[upkeep]
|-heal|p2a: Torkoal|26/100|[from] Grassy Terrain
|-heal|p1b: Tyranitar|12/100|[from] Grassy Terrain
|-fieldend|move: Trick Room
|upkeep
|turn|7
|c|☆mircat222|Oh?
|c|☆milkandcereals|nah tr is over
|inactive|milkandcereals has 30 seconds left.
|c|☆milkandcereals|miss again and we talk
|
|t:|1756499782
|move|p1b: Tyranitar|Rock Slide|p2a: Torkoal
|-supereffective|p2a: Torkoal
|-damage|p2a: Torkoal|0 fnt
|faint|p2a: Torkoal
|
|win|mircat222
|raw|mircat222's rating: 1139 → 1161(+22 for winning)
|raw|milkandcereals's rating: 1101 → 1079(-22 for losing)
|c|☆mircat222|I might miss again
|c|☆milkandcereals|hsdhasdh
|c|☆milkandcereals|ggs mate
|c|☆mircat222|Gg
