|j|☆Parid08
|j|☆Joaco127
|html|Parid08Joaco127    
|uhtml|bestof|Game 1 of a best-of-3
|t:|1786114844
|gametype|doubles
|player|p1|Parid08|lucas|1142
|player|p2|Joaco127|2|1025
|gen|9
|tier|[Gen 9 Champions] VGC 2026 Reg M-B (Bo3)
|rated|
|rule|Species Clause: Limit one of each Pokémon
|rule|Item Clause: Limit 1 of each item
|clearpoke
|poke|p1|Kingambit, L50, F|
|poke|p1|Whimsicott, L50, M|
|poke|p1|Basculegion, L50, M|
|poke|p1|Garchomp, L50, F|
|poke|p1|Charizard, L50, M|
|poke|p1|Floette-Eternal, L50, F|
|poke|p2|Gengar, L50, F|
|poke|p2|Dragonite, L50, F|
|poke|p2|Volcarona, L50, F|
|poke|p2|Talonflame, L50, M|
|poke|p2|Garganacl, L50, M|
|poke|p2|Arcanine, L50, M|
|teampreview|4
|showteam|p1|Kingambit||ChopleBerry|Defiant|KowtowCleave,SuckerPunch,LowKick,IronHead|Adamant||F|||50|]Whimsicott||FocusSash|Prankster|Moonblast,Tailwind,Encore,Protect|Timid||M|||50|]Basculegion||MysticWater|Adaptability|WaveCrash,LastRespects,AquaJet,Protect|Adamant||M|||50|]Garchomp||LifeOrb|RoughSkin|DragonClaw,RockSlide,Earthquake,Protect|Jolly||F|||50|]Charizard||CharizarditeY|Blaze|WeatherBall,HeatWave,SolarBeam,Protect|Modest||M|||50|]Floette-Eternal||Floettite|FlowerVeil|Moonblast,DazzlingGleam,LightofRuin,Protect|Timid||F|||50|
|showteam|p2|Gengar||Gengarite|CursedBody|ShadowBall,SludgeBomb,WillOWisp,Protect|Timid||F|||50|]Dragonite||LumBerry|Multiscale|DragonDance,ExtremeSpeed,Outrage,Protect|Adamant||F|||50|]Volcarona||LifeOrb|FlameBody|QuiverDance,HeatWave,BugBuzz,Protect|Timid||F|||50|]Talonflame||SharpBeak|GaleWings|Tailwind,BraveBird,FlareBlitz,Protect|Jolly||M|||50|]Garganacl||SitrusBerry|PurifyingSalt|SaltCure,Recover,WideGuard,Protect|Careful||M|||50|]Arcanine||Leftovers|Intimidate|FlareBlitz,ExtremeSpeed,Snarl,WillOWisp|Careful||M|||50|
|
|t:|1786114950
|teamsize|p1|4
|teamsize|p2|4
|start
|switch|p1a: Whimsicott|Whimsicott, L50, M|100/100
|switch|p1b: Floette|Floette-Eternal, L50, F|100/100
|switch|p2a: Talonflame|Talonflame, L50, M|100/100
|switch|p2b: Gengar|Gengar, L50, F|100/100
|turn|1
|c|☆Parid08|Hi
|
|t:|1786114976
|detailschange|p2b: Gengar|Gengar-Mega, L50, F
|-mega|p2b: Gengar|Gengar|Gengarite
|detailschange|p1b: Floette|Floette-Mega, L50, F
|-mega|p1b: Floette|Floette|Floettite
|-ability|p1b: Floette|Fairy Aura
|move|p2a: Talonflame|Tailwind|p2a: Talonflame
|-sidestart|p2: Joaco127|move: Tailwind
|move|p2b: Gengar|Sludge Bomb|p1b: Floette
|-supereffective|p1b: Floette|1
|-damage|p1b: Floette|7/100
|move|p1a: Whimsicott|Moonblast|p2b: Gengar
|-resisted|p2b: Gengar|1
|-damage|p2b: Gengar|68/100
|move|p1b: Floette|Light of Ruin|p2b: Gengar
|-resisted|p2b: Gengar|1
|-damage|p2b: Gengar|0 fnt
|faint|p2b: Gengar
|-damage|p1b: Floette|0 fnt|[from] Recoil
|faint|p1b: Floette
|
|upkeep
|
|t:|1786115005
|switch|p2b: Garganacl|Garganacl, L50, M|100/100
|switch|p1b: Garchomp|Garchomp, L50, F|100/100
|turn|2
|
|t:|1786115023
|move|p2b: Garganacl|Wide Guard|p2b: Garganacl
|-singleturn|p2b: Garganacl|Wide Guard
|move|p2a: Talonflame|Brave Bird|p1a: Whimsicott
|-supereffective|p1a: Whimsicott|1
|-enditem|p1a: Whimsicott|Focus Sash
|-damage|p1a: Whimsicott|1/100
|-damage|p2a: Talonflame|70/100|[from] Recoil
|move|p1a: Whimsicott|Encore|p2a: Talonflame
|-start|p2a: Talonflame|Encore
|move|p1b: Garchomp|Dragon Claw|p2a: Talonflame
|-damage|p2a: Talonflame|0 fnt
|faint|p2a: Talonflame
|-damage|p1b: Garchomp|90/100|[from] item: Life Orb
|
|upkeep
|
|t:|1786115040
|switch|p2a: Dragonite|Dragonite, L50, F|100/100
|turn|3
|
|t:|1786115085
|switch|p1b: Kingambit|Kingambit, L50, F|100/100
|move|p2a: Dragonite|Dragon Dance|p2a: Dragonite
|-boost|p2a: Dragonite|atk|1
|-boost|p2a: Dragonite|spe|1
|move|p1a: Whimsicott|Moonblast|p2a: Dragonite
|-supereffective|p2a: Dragonite|1
|-damage|p2a: Dragonite|69/100
|move|p2b: Garganacl|Salt Cure|p1a: Whimsicott
|-damage|p1a: Whimsicott|0 fnt
|faint|p1a: Whimsicott
|
|upkeep
|
|t:|1786115097
|switch|p1a: Garchomp|Garchomp, L50, F|90/100
|turn|4
|
|t:|1786115115
|move|p1a: Garchomp|Protect|p1a: Garchomp
|-singleturn|p1a: Garchomp|Protect
|move|p2a: Dragonite|Outrage|p1b: Kingambit
|-resisted|p1b: Kingambit|1
|-crit|p1b: Kingambit
|-damage|p1b: Kingambit|40/100
|move|p2b: Garganacl|Salt Cure|p1b: Kingambit
|-resisted|p1b: Kingambit|1
|-damage|p1b: Kingambit|34/100
|-start|p1b: Kingambit|Salt Cure
|move|p1b: Kingambit|Kowtow Cleave|p2a: Dragonite
|-damage|p2a: Dragonite|29/100
|
|-damage|p1b: Kingambit|22/100|[from] Salt Cure
|-sideend|p2: Joaco127|move: Tailwind
|upkeep
|turn|5
|
|t:|1786115148
|move|p1b: Kingambit|Sucker Punch|p2a: Dragonite
|-damage|p2a: Dragonite|0 fnt
|faint|p2a: Dragonite
|move|p1a: Garchomp|Dragon Claw|p2b: Garganacl
|-damage|p2b: Garganacl|65/100
|-damage|p1a: Garchomp|80/100|[from] item: Life Orb
|move|p2b: Garganacl|Salt Cure|p1a: Garchomp
|-resisted|p1a: Garchomp|1
|-damage|p1a: Garchomp|72/100
|-start|p1a: Garchomp|Salt Cure
|
|-damage|p1a: Garchomp|67/100|[from] Salt Cure
|-damage|p1b: Kingambit|10/100|[from] Salt Cure
|upkeep
|turn|6
|
|t:|1786115167
|move|p2b: Garganacl|Protect|p2b: Garganacl
|-singleturn|p2b: Garganacl|Protect
|move|p1a: Garchomp|Dragon Claw|p2b: Garganacl
|-activate|p2b: Garganacl|move: Protect
|move|p1b: Kingambit|Low Kick|p2b: Garganacl
|-activate|p2b: Garganacl|move: Protect
|
|-damage|p1a: Garchomp|61/100|[from] Salt Cure
|-damage|p1b: Kingambit|0 fnt|[from] Salt Cure
|faint|p1b: Kingambit
|upkeep
|turn|7
|
|t:|1786115183
|move|p1a: Garchomp|Earthquake|p2b: Garganacl
|-supereffective|p2b: Garganacl|1
|-damage|p2b: Garganacl|0 fnt
|faint|p2b: Garganacl
|-damage|p1a: Garchomp|51/100|[from] item: Life Orb
|
|win|Parid08
|l|☆Joaco127
|player|p2|
|inactive|Parid08 has 30 seconds to confirm battle start!
|inactive|Joaco127 has 30 seconds to confirm battle start!
||Parid08 is ready for game 2.
|inactive|Joaco127 has 20 seconds to confirm battle start!
|inactive|Joaco127 has 10 seconds to confirm battle start!
|uhtml|next|Next: Game 2 of 3
