|j|☆tooon
|j|☆SPIFlorida
|html|tooonSPIFlorida    
|uhtml|bestof|Game 1 of a best-of-3
|t:|1783908050
|gametype|doubles
|player|p1|tooon|gambler|1222
|player|p2|SPIFlorida|steven|1092
|gen|9
|tier|[Gen 9 Champions] VGC 2026 Reg M-B (Bo3)
|rated|
|rule|Species Clause: Limit one of each Pokémon
|rule|Item Clause: Limit 1 of each item
|clearpoke
|poke|p1|Tyranitar, L50, M|
|poke|p1|Excadrill, L50, M|
|poke|p1|Milotic, L50, F|
|poke|p1|Sinistcha, L50|
|poke|p1|Staraptor, L50, F|
|poke|p1|Gholdengo, L50|
|poke|p2|Metagross, L50, shiny|
|poke|p2|Garchomp, L50, F|
|poke|p2|Incineroar, L50, M|
|poke|p2|Rotom-Wash, L50|
|poke|p2|Aerodactyl, L50, M|
|poke|p2|Venusaur, L50, F|
|teampreview|4
|showteam|p1|Tyranitar||Tyranitarite|SandStream|KnockOff,RockSlide,IcePunch,Protect|Adamant||M|||50|]Excadrill||FocusSash|SandRush|Earthquake,IronHead,RockSlide,Protect|Adamant||M|||50|]Milotic||SitrusBerry|Competitive|Scald,IcyWind,Haze,Protect|Calm||F|||50|]Sinistcha||ColburBerry|Hospitality|MatchaGotcha,ShadowBall,Protect,RagePowder|Bold|||||50|]Staraptor||Staraptite|Intimidate|CloseCombat,BraveBird,Tailwind,Protect|Jolly||F|||50|]Gholdengo||LifeOrb|GoodasGold|MakeItRain,ShadowBall,NastyPlot,Protect|Modest|||||50|
|showteam|p2|Metagross||Metagrossite|ClearBody|Protect,IronHead,PsychicFangs,StompingTantrum|Adamant|||||50|]Garchomp||LifeOrb|RoughSkin|Protect,DragonClaw,RockSlide,StompingTantrum|Jolly||F|||50|]Incineroar||SitrusBerry|Intimidate|FakeOut,FlareBlitz,PartingShot,HelpingHand|Careful||M|||50|]Rotom-Wash||WideLens|Levitate|Protect,Electroweb,HydroPump,WillOWisp|Bold|||||50|]Aerodactyl||FocusSash|Unnerve|Protect,RockSlide,Tailwind,DualWingbeat|Jolly||M|||50|]Venusaur||Venusaurite|Overgrow|Protect,Roar,GigaDrain,SludgeBomb|Calm||F|||50|
|inactive|Battle timer is ON: inactive players will automatically lose when time's up. (requested by SPIFlorida)
|inactive|tooon has 60 seconds left.
|inactive|SPIFlorida has 60 seconds left.
|
|t:|1783908117
|teamsize|p1|4
|teamsize|p2|4
|start
|switch|p1a: Staraptor|Staraptor, L50, F|100/100
|switch|p1b: Excadrill|Excadrill, L50, M|100/100
|switch|p2a: Incineroar|Incineroar, L50, M|100/100
|switch|p2b: Aerodactyl|Aerodactyl, L50, M|100/100
|-ability|p2b: Aerodactyl|Unnerve
|-ability|p1a: Staraptor|Intimidate|boost
|-unboost|p2a: Incineroar|atk|1
|-unboost|p2b: Aerodactyl|atk|1
|-ability|p2a: Incineroar|Intimidate|boost
|-unboost|p1a: Staraptor|atk|1
|-unboost|p1b: Excadrill|atk|1
|turn|1
|inactive|tooon has 30 seconds left.
|inactive|tooon has 20 seconds left.
|inactive|tooon has 15 seconds left.
|
|t:|1783908159
|switch|p1a: Milotic|Milotic, L50, F|100/100
|move|p2a: Incineroar|Fake Out|p1b: Excadrill
|-resisted|p1b: Excadrill|1
|-damage|p1b: Excadrill|95/100
|move|p2b: Aerodactyl|Tailwind|p2b: Aerodactyl
|-sidestart|p2: SPIFlorida|move: Tailwind
|cant|p1b: Excadrill|flinch
|
|upkeep
|turn|2
|inactive|SPIFlorida has 30 seconds left.
|
|t:|1783908191
|switch|p1b: Staraptor|Staraptor, L50, F|100/100
|-ability|p1b: Staraptor|Intimidate|boost
|-unboost|p2a: Incineroar|atk|1
|-unboost|p2b: Aerodactyl|atk|1
|move|p2b: Aerodactyl|Rock Slide|p1b: Staraptor|[spread] p1a,p1b
|-crit|p1a: Milotic
|-supereffective|p1b: Staraptor|1
|-damage|p1a: Milotic|68/100
|-damage|p1b: Staraptor|68/100
|move|p2a: Incineroar|Parting Shot|p1b: Staraptor
|-unboost|p1b: Staraptor|atk|1
|-unboost|p1b: Staraptor|spa|1
|
|t:|1783908203
|switch|p2a: Metagross|Metagross, L50, shiny|100/100|[from] Parting Shot
|move|p1a: Milotic|Icy Wind|p2b: Aerodactyl|[spread] p2a,p2b
|-resisted|p2a: Metagross|1
|-supereffective|p2b: Aerodactyl|1
|-damage|p2a: Metagross|94/100
|-damage|p2b: Aerodactyl|74/100
|-unboost|p2b: Aerodactyl|spe|1
|
|upkeep
|turn|3
|inactive|tooon has 30 seconds left.
|
|t:|1783908237
|detailschange|p1b: Staraptor|Staraptor-Mega, L50, F
|-mega|p1b: Staraptor|Staraptor|Staraptite
|move|p2b: Aerodactyl|Dual Wingbeat|p1a: Milotic
|-damage|p1a: Milotic|59/100
|-damage|p1a: Milotic|51/100
|-hitcount|p1a: Milotic|2
|move|p2a: Metagross|Iron Head|p1b: Staraptor
|-damage|p1b: Staraptor|20/100y
|move|p1b: Staraptor|Close Combat|p2b: Aerodactyl
|-damage|p2b: Aerodactyl|8/100
|-boost|p1b: Staraptor|def|1
|-boost|p1b: Staraptor|spd|1
|move|p1a: Milotic|Scald|p2a: Metagross
|-damage|p2a: Metagross|67/100
|-status|p2a: Metagross|brn
|
|-damage|p2a: Metagross|61/100 brn|[from] brn
|upkeep
|turn|4
|inactive|tooon has 30 seconds left.
|inactive|SPIFlorida has 30 seconds left.
|inactive|SPIFlorida has 20 seconds left.
|
|t:|1783908276
|detailschange|p2a: Metagross|Metagross-Mega, L50, shiny
|-mega|p2a: Metagross|Metagross|Metagrossite
|move|p1b: Staraptor|Protect|p1b: Staraptor
|-singleturn|p1b: Staraptor|Protect
|move|p2a: Metagross|Psychic Fangs|p1a: Milotic
|-damage|p1a: Milotic|26/100
|move|p2b: Aerodactyl|Dual Wingbeat|p1b: Staraptor
|-activate|p1b: Staraptor|move: Protect
|move|p1a: Milotic|Scald|p2b: Aerodactyl
|-supereffective|p2b: Aerodactyl|1
|-damage|p2b: Aerodactyl|0 fnt
|-enditem|p1a: Milotic|Sitrus Berry|[eat]
|-heal|p1a: Milotic|51/100|[from] item: Sitrus Berry
|faint|p2b: Aerodactyl
|
|-damage|p2a: Metagross|56/100 brn|[from] brn
|-sideend|p2: SPIFlorida|move: Tailwind
|upkeep
|
|t:|1783908298
|switch|p2b: Incineroar|Incineroar, L50, M|100/100
|-ability|p2b: Incineroar|Intimidate|boost
|-unboost|p1a: Milotic|atk|1
|-ability|p1a: Milotic|Competitive|boost
|-boost|p1a: Milotic|spa|2
|-boost|p1b: Staraptor|atk|1
|turn|5
|inactive|SPIFlorida has 30 seconds left.
|inactive|SPIFlorida has 20 seconds left.
|
|t:|1783908336
|move|p2b: Incineroar|Fake Out|p1b: Staraptor
|-damage|p1b: Staraptor|11/100
|cant|p1b: Staraptor|flinch
|move|p2a: Metagross|Psychic Fangs|p1b: Staraptor
|-supereffective|p1b: Staraptor|1
|-damage|p1b: Staraptor|0 fnt
|faint|p1b: Staraptor
|move|p1a: Milotic|Scald|p2b: Incineroar
|-supereffective|p2b: Incineroar|1
|-damage|p2b: Incineroar|15/100
|-enditem|p2b: Incineroar|Sitrus Berry|[eat]
|-heal|p2b: Incineroar|40/100|[from] item: Sitrus Berry
|
|-damage|p2a: Metagross|50/100g brn|[from] brn
|upkeep
|
|t:|1783908353
|switch|p1b: Excadrill|Excadrill, L50, M|95/100
|turn|6
|
|t:|1783908373
|move|p2a: Metagross|Protect|p2a: Metagross
|-singleturn|p2a: Metagross|Protect
|move|p1b: Excadrill|Protect|p1b: Excadrill
|-singleturn|p1b: Excadrill|Protect
|move|p1a: Milotic|Icy Wind|p2b: Incineroar|[spread] p2b
|-activate|p2a: Metagross|move: Protect
|-resisted|p2b: Incineroar|1
|-damage|p2b: Incineroar|33/100
|-unboost|p2b: Incineroar|spe|1
|move|p2b: Incineroar|Flare Blitz|p1b: Excadrill
|-activate|p1b: Excadrill|move: Protect
|
|-damage|p2a: Metagross|44/100 brn|[from] brn
|upkeep
|turn|7
|
|t:|1783908398
|switch|p1b: Tyranitar|Tyranitar, L50, M|100/100
|-weather|Sandstorm|[from] ability: Sand Stream|[of] p1b: Tyranitar
|move|p2b: Incineroar|Helping Hand|p2a: Metagross
|-singleturn|p2a: Metagross|Helping Hand|[of] p2b: Incineroar
|move|p2a: Metagross|Psychic Fangs|p1a: Milotic
|-damage|p1a: Milotic|8/100
|move|p1a: Milotic|Scald|p2b: Incineroar
|-supereffective|p2b: Incineroar|1
|-damage|p2b: Incineroar|0 fnt
|faint|p2b: Incineroar
|
|-weather|Sandstorm|[upkeep]
|-damage|p1a: Milotic|2/100|[from] Sandstorm
|-damage|p2a: Metagross|38/100 brn|[from] brn
|upkeep
|
|t:|1783908421
|switch|p2b: Rotom|Rotom-Wash, L50|100/100
|turn|8
|
|t:|1783908437
|move|p2a: Metagross|Protect|p2a: Metagross
|-singleturn|p2a: Metagross|Protect
|move|p1b: Tyranitar|Knock Off|p2a: Metagross
|-activate|p2a: Metagross|move: Protect
|move|p2b: Rotom|Electroweb|p1a: Milotic|[spread] p1a,p1b
|-supereffective|p1a: Milotic|1
|-damage|p1a: Milotic|0 fnt
|-damage|p1b: Tyranitar|90/100
|-unboost|p1b: Tyranitar|spe|1
|faint|p1a: Milotic
|
|-weather|Sandstorm|[upkeep]
|-damage|p2b: Rotom|94/100|[from] Sandstorm
|-damage|p2a: Metagross|32/100 brn|[from] brn
|upkeep
|
|t:|1783908440
|switch|p1a: Excadrill|Excadrill, L50, M|95/100
|turn|9
|inactive|tooon has 30 seconds left.
|
|t:|1783908470
|move|p2a: Metagross|Protect||[still]
|-fail|p2a: Metagross
|move|p1a: Excadrill|Rock Slide|p2b: Rotom|[spread] p2a,p2b
|-resisted|p2a: Metagross|1
|-damage|p2a: Metagross|24/100 brn
|-damage|p2b: Rotom|74/100
|move|p2b: Rotom|Will-O-Wisp|p1a: Excadrill
|-status|p1a: Excadrill|brn
|move|p1b: Tyranitar|Rock Slide|p2b: Rotom|[spread] p2a,p2b
|-resisted|p2a: Metagross|1
|-damage|p2a: Metagross|12/100 brn
|-damage|p2b: Rotom|49/100
|
|-weather|Sandstorm|[upkeep]
|-damage|p2b: Rotom|43/100|[from] Sandstorm
|-damage|p1a: Excadrill|89/100 brn|[from] brn
|-damage|p2a: Metagross|7/100 brn|[from] brn
|upkeep
|turn|10
|inactive|SPIFlorida has 30 seconds left.
|
|t:|1783908499
|move|p1b: Tyranitar|Protect|p1b: Tyranitar
|-singleturn|p1b: Tyranitar|Protect
|move|p1a: Excadrill|Rock Slide|p2a: Metagross|[spread] p2a,p2b
|-resisted|p2a: Metagross|1
|-damage|p2a: Metagross|3/100 brn
|-damage|p2b: Rotom|33/100
|move|p2a: Metagross|Stomping Tantrum|p1b: Tyranitar
|-activate|p1b: Tyranitar|move: Protect
|move|p2b: Rotom|Hydro Pump|p1a: Excadrill
|-supereffective|p1a: Excadrill|1
|-damage|p1a: Excadrill|0 fnt
|faint|p1a: Excadrill
|
|-weather|Sandstorm|[upkeep]
|-damage|p2b: Rotom|28/100|[from] Sandstorm
|-damage|p2a: Metagross|0 fnt|[from] brn
|faint|p2a: Metagross
|upkeep
|turn|11
|
|t:|1783908520
|move|p2b: Rotom|Protect|p2b: Rotom
|-singleturn|p2b: Rotom|Protect
|move|p1b: Tyranitar|Knock Off|p2b: Rotom
|-activate|p2b: Rotom|move: Protect
|
|-weather|none
|upkeep
|turn|12
|
|t:|1783908528
|move|p2b: Rotom|Will-O-Wisp|p1b: Tyranitar
|-status|p1b: Tyranitar|brn
|move|p1b: Tyranitar|Knock Off|p2b: Rotom
|-damage|p2b: Rotom|2/100
|-enditem|p2b: Rotom|Wide Lens|[from] move: Knock Off|[of] p1b: Tyranitar
|
|-damage|p1b: Tyranitar|84/100 brn|[from] brn
|upkeep
|turn|13
|
|t:|1783908538
|move|p2b: Rotom|Hydro Pump|p1b: Tyranitar
|-supereffective|p1b: Tyranitar|1
|-damage|p1b: Tyranitar|12/100 brn
|move|p1b: Tyranitar|Knock Off|p2b: Rotom
|-damage|p2b: Rotom|0 fnt
|faint|p2b: Rotom
|
|win|tooon
||tooon is ready for game 2.
|inactive|SPIFlorida has 30 seconds to confirm battle start!
||SPIFlorida is ready for game 2.
|uhtml|next|Next: Game 2 of 3
|l|☆SPIFlorida
|player|p2|
