|j|☆itsvalkyrie
|j|☆noclickmoongeist
|html|itsvalkyrienoclickmoongeist    
|uhtml|bestof|Game 1 of a best-of-3
|t:|1756688204
|gametype|doubles
|player|p1|itsvalkyrie|blackbelt-gen4dp|1000
|player|p2|noclickmoongeist|102|1068
|gen|9
|tier|[Gen 9] VGC 2025 Reg H (Bo3)
|rated|
|rule|Species Clause: Limit one of each Pokémon
|rule|Item Clause: Limit 1 of each item
|clearpoke
|poke|p1|Ursaluna, L50, F|
|poke|p1|Gholdengo, L50|
|poke|p1|Porygon2, L50|
|poke|p1|Amoonguss, L50, F|
|poke|p1|Incineroar, L50, M|
|poke|p1|Hydreigon, L50, M|
|poke|p2|Torkoal, L50, F|
|poke|p2|Hatterene, L50, F|
|poke|p2|Indeedee-F, L50, F|
|poke|p2|Gallade, L50, M|
|poke|p2|Maushold, L50|
|poke|p2|Annihilape, L50, M|
|teampreview|4
|showteam|p1|Ursaluna||FlameOrb|Guts|Facade,Earthquake,HeadlongRush,Protect|||F|||50|,,,,,Ghost]Gholdengo||LifeOrb|GoodasGold|MakeItRain,ShadowBall,NastyPlot,Protect||||||50|,,,,,Water]Porygon2||Eviolite|Download|TeraBlast,IceBeam,Recover,TrickRoom||||||50|,,,,,Fighting]Amoonguss||CovertCloak|Regenerator|PollenPuff,ClearSmog,RagePowder,Spore|||F|||50|,,,,,Water]Incineroar||SitrusBerry|Intimidate|FakeOut,FlareBlitz,KnockOff,PartingShot|||M|||50|,,,,,Ghost]Hydreigon||SafetyGoggles|Levitate|DracoMeteor,Snarl,Tailwind,Protect|||M|||50|,,,,,Ghost
|showteam|p2|Torkoal||ChoiceSpecs|Drought|Eruption,HeatWave,WeatherBall,EarthPower|||F|||50|,,,,,Fire]Hatterene||CovertCloak|MagicBounce|ExpandingForce,DazzlingGleam,TeraBlast,TrickRoom|||F|||50|,,,,,Fire]Indeedee-F||PsychicSeed|PsychicSurge|FollowMe,HelpingHand,Psychic,TrickRoom|||F|||50|,,,,,Water]Gallade||ClearAmulet|Sharpness|PsychoCut,SacredSword,WideGuard,TrickRoom|||M|||50|,,,,,Grass]Maushold||WideLens|Technician|FollowMe,PopulationBomb,Taunt,Protect||||||50|,,,,,Ghost]Annihilape||ChoiceScarf|Defiant|FinalGambit,CloseCombat,Uturn,RageFist|||M|||50|,,,,,Fire
|inactive|Battle timer is ON: inactive players will automatically lose when time's up. (requested by itsvalkyrie)
|inactive|itsvalkyrie has 60 seconds left.
|inactive|noclickmoongeist has 60 seconds left.
|
|t:|1756688251
|teamsize|p1|4
|teamsize|p2|4
|start
|switch|p1a: Ursaluna|Ursaluna, L50, F|100/100
|switch|p1b: Hydreigon|Hydreigon, L50, M|100/100
|switch|p2a: Annihilape|Annihilape, L50, M|100/100
|switch|p2b: Torkoal|Torkoal, L50, F|100/100
|-weather|SunnyDay|[from] ability: Drought|[of] p2b: Torkoal
|turn|1
|inactive|noclickmoongeist has 30 seconds left.
|inactive|noclickmoongeist has 20 seconds left.
|inactive|noclickmoongeist has 15 seconds left.
|
|t:|1756688294
|move|p2a: Annihilape|Close Combat|p1a: Ursaluna
|-supereffective|p1a: Ursaluna
|-damage|p1a: Ursaluna|35/100
|-unboost|p2a: Annihilape|def|1
|-unboost|p2a: Annihilape|spd|1
|move|p1b: Hydreigon|Tailwind|p1b: Hydreigon
|-sidestart|p1: itsvalkyrie|move: Tailwind
|move|p1a: Ursaluna|Earthquake|p2b: Torkoal|[spread] p2a,p2b
|-immune|p1b: Hydreigon|[from] ability: Levitate
|-supereffective|p2b: Torkoal
|-damage|p2a: Annihilape|41/100
|-damage|p2b: Torkoal|29/100
|move|p2b: Torkoal|Earth Power|p1a: Ursaluna
|-damage|p1a: Ursaluna|0 fnt
|faint|p1a: Ursaluna
|
|-weather|SunnyDay|[upkeep]
|upkeep
|
|t:|1756688312
|switch|p1a: Amoonguss|Amoonguss, L50, F|100/100
|turn|2
|
|t:|1756688330
|move|p1b: Hydreigon|Snarl|p2a: Annihilape|[spread] p2a,p2b
|-damage|p2a: Annihilape|15/100
|-damage|p2b: Torkoal|3/100
|-unboost|p2a: Annihilape|spa|1
|-ability|p2a: Annihilape|Defiant|boost
|-boost|p2a: Annihilape|atk|2
|-unboost|p2b: Torkoal|spa|1
|move|p2a: Annihilape|Close Combat|p1b: Hydreigon
|-supereffective|p1b: Hydreigon
|-damage|p1b: Hydreigon|0 fnt
|-unboost|p2a: Annihilape|def|1
|-unboost|p2a: Annihilape|spd|1
|faint|p1b: Hydreigon
|move|p1a: Amoonguss|Spore|p2b: Torkoal
|-status|p2b: Torkoal|slp|[from] move: Spore
|cant|p2b: Torkoal|slp
|
|-weather|SunnyDay|[upkeep]
|upkeep
|
|t:|1756688346
|switch|p1b: Gholdengo|Gholdengo, L50|100/100
|turn|3
|
|t:|1756688362
|-terastallize|p1b: Gholdengo|Water
|move|p1b: Gholdengo|Make It Rain|p2a: Annihilape|[spread] p2a,p2b
|-resisted|p2b: Torkoal
|-damage|p2a: Annihilape|0 fnt
|-damage|p2b: Torkoal|0 fnt
|-unboost|p1b: Gholdengo|spa|1
|faint|p2a: Annihilape
|faint|p2b: Torkoal
|-damage|p1b: Gholdengo|91/100|[from] item: Life Orb
|move|p1a: Amoonguss|Spore|p2: Annihilape|[notarget]
|-fail|p1a: Amoonguss
|
|-weather|SunnyDay|[upkeep]
|upkeep
|
|t:|1756688373
|switch|p2a: Hatterene|Hatterene, L50, F|100/100
|switch|p2b: Indeedee|Indeedee-F, L50, F|100/100
|-fieldstart|move: Psychic Terrain|[from] ability: Psychic Surge|[of] p2b: Indeedee
|-enditem|p2b: Indeedee|Psychic Seed
|-boost|p2b: Indeedee|spd|1|[from] item: Psychic Seed
|turn|4
|
|t:|1756688397
|move|p1b: Gholdengo|Nasty Plot|p1b: Gholdengo
|-boost|p1b: Gholdengo|spa|2
|move|p2b: Indeedee|Psychic|p1a: Amoonguss
|-supereffective|p1a: Amoonguss
|-damage|p1a: Amoonguss|43/100
|move|p1a: Amoonguss|Spore|p2b: Indeedee
|-status|p2b: Indeedee|slp|[from] move: Spore
|move|p2a: Hatterene|Expanding Force|p1a: Amoonguss|[spread] p1a,p1b
|-supereffective|p1a: Amoonguss
|-damage|p1a: Amoonguss|0 fnt
|-damage|p1b: Gholdengo|19/100
|faint|p1a: Amoonguss
|
|-weather|SunnyDay|[upkeep]
|-sideend|p1: itsvalkyrie|move: Tailwind
|upkeep
|turn|5
|
|t:|1756688413
|move|p1b: Gholdengo|Make It Rain|p2a: Hatterene|[spread] p2a,p2b
|-supereffective|p2a: Hatterene
|-damage|p2a: Hatterene|0 fnt
|-damage|p2b: Indeedee|45/100 slp
|-unboost|p1b: Gholdengo|spa|1
|faint|p2a: Hatterene
|-damage|p1b: Gholdengo|10/100|[from] item: Life Orb
|cant|p2b: Indeedee|slp
|
|-weather|none
|upkeep
|turn|6
|
|t:|1756688429
|move|p1b: Gholdengo|Make It Rain|p2b: Indeedee
|-damage|p2b: Indeedee|0 fnt
|-unboost|p1b: Gholdengo|spa|1
|faint|p2b: Indeedee
|-damage|p1b: Gholdengo|0 fnt|[from] item: Life Orb
|faint|p1b: Gholdengo
|
|win|itsvalkyrie
||itsvalkyrie is ready for game 2.
||noclickmoongeist is ready for game 2.
|uhtml|next|Next: Game 2 of 3
