|j|☆VenuDaAsco
|j|☆ronzthebonz
|html|VenuDaAscoronzthebonz    
|uhtml|bestof|Game 2 of a best-of-3
|t:|1782418036
|gametype|doubles
|player|p1|VenuDaAsco|169|1319
|player|p2|ronzthebonz|2|1325
|gen|9
|tier|[Gen 9 Champions] VGC 2026 Reg M-B (Bo3)
|rated|
|rule|Species Clause: Limit one of each Pokémon
|rule|Item Clause: Limit 1 of each item
|clearpoke
|poke|p1|Pelipper, L50, M, shiny|
|poke|p1|Swampert, L50, M|
|poke|p1|Sinistcha, L50|
|poke|p1|Archaludon, L50, M, shiny|
|poke|p1|Sableye, L50, M, shiny|
|poke|p1|Mawile, L50, M, shiny|
|poke|p2|Metagross, L50|
|poke|p2|Aerodactyl, L50, M|
|poke|p2|Ninetales-Alola, L50, F|
|poke|p2|Sneasler, L50, F|
|poke|p2|Hydreigon, L50, M|
|poke|p2|Maushold, L50|
|teampreview|4
|showteam|p1|Pelipper||FocusSash|Drizzle|WeatherBall,Hurricane,Tailwind,WideGuard|Modest||M|||50|]Swampert||Swampertite|Damp|WaveCrash,IcePunch,HighHorsepower,Protect|Adamant||M|||50|]Sinistcha||KasibBerry|Hospitality|MatchaGotcha,RagePowder,LifeDew,TrickRoom|Bold|||||50|]Archaludon||Leftovers|Stamina|ElectroShot,FlashCannon,DragonPulse,Protect|Modest||M|||50|]Sableye||RoseliBerry|Prankster|Encore,Reflect,LightScreen,RainDance|Sassy||M|||50|]Mawile||Mawilite|Intimidate|PlayRough,SuckerPunch,SwordsDance,Protect|Brave||M|||50|
|showteam|p2|Metagross||Metagrossite|ClearBody|MeteorMash,BodyPress,ThunderPunch,Protect|Adamant|||||50|]Aerodactyl||Aerodactylite|Unnerve|RockSlide,DualWingbeat,Tailwind,WideGuard|Jolly||M|||50|]Ninetales-Alola||FocusSash|SnowWarning|Blizzard,AuroraVeil,Encore,Protect|Timid||F|||50|]Sneasler||WhiteHerb|Unburden|FakeOut,CloseCombat,DireClaw,Coaching|Jolly||F|||50|]Hydreigon||LifeOrb|Levitate|DragonPulse,NastyPlot,DarkPulse,Protect|Modest||M|||50|]Maushold||SitrusBerry|FriendGuard|Taunt,FollowMe,HelpingHand,Protect|Calm|||||50|
|inactive|Battle timer is ON: inactive players will automatically lose when time's up. (requested by VenuDaAsco)
|
|t:|1782418067
|teamsize|p1|4
|teamsize|p2|4
|start
|switch|p1a: Swampert|Swampert, L50, M|100/100
|switch|p1b: Sinistcha|Sinistcha, L50|100/100
|switch|p2a: Sneasler|Sneasler, L50, F|100/100
|switch|p2b: Hydreigon|Hydreigon, L50, M|100/100
|turn|1
|inactive|VenuDaAsco has 30 seconds left.
|
|t:|1782418101
|detailschange|p1a: Swampert|Swampert-Mega, L50, M
|-mega|p1a: Swampert|Swampert|Swampertite
|move|p2a: Sneasler|Fake Out|p1a: Swampert
|-damage|p1a: Swampert|88/100
|move|p1b: Sinistcha|Rage Powder|p1b: Sinistcha
|-singleturn|p1b: Sinistcha|move: Rage Powder
|move|p2b: Hydreigon|Dark Pulse|p1b: Sinistcha
|-supereffective|p1b: Sinistcha|1
|-damage|p1b: Sinistcha|0 fnt
|faint|p1b: Sinistcha
|-damage|p2b: Hydreigon|90/100|[from] item: Life Orb
|cant|p1a: Swampert|flinch
|
|upkeep
|
|t:|1782418103
|switch|p1b: Pelipper|Pelipper, L50, M, shiny|100/100
|-weather|RainDance|[from] ability: Drizzle|[of] p1b: Pelipper
|turn|2
|inactive|ronzthebonz has 30 seconds left.
|j| sungunwon
|
|t:|1782418134
|switch|p2a: Ninetales|Ninetales-Alola, L50, F|100/100
|-weather|Snowscape|[from] ability: Snow Warning|[of] p2a: Ninetales
|switch|p1b: Archaludon|Archaludon, L50, M, shiny|100/100
|move|p2b: Hydreigon|Dragon Pulse|p1a: Swampert
|-damage|p1a: Swampert|34/100
|-damage|p2b: Hydreigon|81/100|[from] item: Life Orb
|move|p1a: Swampert|High Horsepower|p2a: Ninetales
|-damage|p2a: Ninetales|38/100
|
|-weather|Snowscape|[upkeep]
|upkeep
|turn|3
|inactive|VenuDaAsco has 30 seconds left.
|
|t:|1782418165
|switch|p2a: Metagross|Metagross, L50|100/100
|move|p2b: Hydreigon|Protect|p2b: Hydreigon
|-singleturn|p2b: Hydreigon|Protect
|move|p1a: Swampert|Protect|p1a: Swampert
|-singleturn|p1a: Swampert|Protect
|move|p1b: Archaludon|Protect||[still]
|-fail|p1b: Archaludon
|
|-weather|Snowscape|[upkeep]
|upkeep
|turn|4
|l| sungunwon
|
|t:|1782418188
|switch|p1a: Pelipper|Pelipper, L50, M, shiny|100/100
|-weather|RainDance|[from] ability: Drizzle|[of] p1a: Pelipper
|detailschange|p2a: Metagross|Metagross-Mega, L50
|-mega|p2a: Metagross|Metagross|Metagrossite
|move|p2a: Metagross|Body Press|p1a: Pelipper
|-resisted|p1a: Pelipper|1
|-damage|p1a: Pelipper|77/100
|move|p2b: Hydreigon|Dragon Pulse|p1b: Archaludon
|-damage|p1b: Archaludon|34/100
|-ability|p1b: Archaludon|Stamina|boost
|-boost|p1b: Archaludon|def|1
|-damage|p2b: Hydreigon|71/100|[from] item: Life Orb
|move|p1b: Archaludon|Dragon Pulse|p2b: Hydreigon
|-supereffective|p2b: Hydreigon|1
|-damage|p2b: Hydreigon|0 fnt
|faint|p2b: Hydreigon
|
|-weather|RainDance|[upkeep]
|-heal|p1b: Archaludon|41/100|[from] item: Leftovers
|upkeep
|
|t:|1782418202
|switch|p2b: Sneasler|Sneasler, L50, F|100/100
|turn|5
|
|t:|1782418218
|move|p1b: Archaludon|Protect|p1b: Archaludon
|-singleturn|p1b: Archaludon|Protect
|move|p2b: Sneasler|Close Combat|p1b: Archaludon
|-activate|p1b: Archaludon|move: Protect
|move|p2a: Metagross|Thunder Punch|p1a: Pelipper
|-supereffective|p1a: Pelipper|2
|-damage|p1a: Pelipper|0 fnt
|faint|p1a: Pelipper
|
|-weather|RainDance|[upkeep]
|-heal|p1b: Archaludon|47/100|[from] item: Leftovers
|upkeep
|
|t:|1782418220
|switch|p1a: Swampert|Swampert-Mega, L50, M|34/100
|turn|6
|
|t:|1782418226
|switch|p2a: Ninetales|Ninetales-Alola, L50, F|38/100
|-weather|Snowscape|[from] ability: Snow Warning|[of] p2a: Ninetales
|move|p1a: Swampert|Protect|p1a: Swampert
|-singleturn|p1a: Swampert|Protect
|move|p2b: Sneasler|Close Combat|p1b: Archaludon
|-supereffective|p1b: Archaludon|1
|-damage|p1b: Archaludon|0 fnt
|-unboost|p2b: Sneasler|def|1
|-unboost|p2b: Sneasler|spd|1
|faint|p1b: Archaludon
|-enditem|p2b: Sneasler|White Herb
|-clearnegativeboost|p2b: Sneasler|[silent]
|
|-weather|Snowscape|[upkeep]
|upkeep
|turn|7
|-message|VenuDaAsco forfeited.
|
|win|ronzthebonz
