|j|☆Ruben1452
|j|☆bananatreeenjoyer
|html|Ruben1452bananatreeenjoyer    
|uhtml|bestof|Game 1 of a best-of-3
|t:|1756783792
|gametype|doubles
|player|p1|Ruben1452|hilbert-wonderlauncher|1201
|player|p2|bananatreeenjoyer|silver|1055
|gen|9
|tier|[Gen 9] VGC 2025 Reg H (Bo3)
|rated|
|rule|Species Clause: Limit one of each Pokémon
|rule|Item Clause: Limit 1 of each item
|clearpoke
|poke|p1|Incineroar, L50, F|
|poke|p1|Basculegion, L50, M|
|poke|p1|Pelipper, L50, M|
|poke|p1|Amoonguss, L50, M|
|poke|p1|Archaludon, L50, M|
|poke|p1|Gholdengo, L50|
|poke|p2|Gyarados, L50, M|
|poke|p2|Indeedee, L50, M|
|poke|p2|Sneasler, L50, F|
|poke|p2|Tyranitar, L50, M|
|poke|p2|Ursaluna-Bloodmoon, L50, M|
|poke|p2|Volcarona, L50, F|
|teampreview|4
|showteam|p1|Incineroar||SafetyGoggles|Intimidate|FakeOut,PartingShot,Taunt,KnockOff|||F|||50|,,,,,Ghost]Basculegion||ChoiceBand|SwiftSwim|WaveCrash,LastRespects,FlipTurn,AquaJet|||M|||50|,,,,,Grass]Pelipper||FocusSash|Drizzle|WeatherBall,Hurricane,Tailwind,WideGuard|||M|||50|,,,,,Ground]Amoonguss||SitrusBerry|Regenerator|Spore,RagePowder,PollenPuff,Protect|||M|||50|,,,,,Water]Archaludon||AssaultVest|Stamina|ElectroShot,DragonPulse,FlashCannon,BodyPress|||M|||50|,,,,,Bug]Gholdengo||LifeOrb|GoodasGold|MakeItRain,ShadowBall,NastyPlot,Protect||||||50|,,,,,Water
|showteam|p2|Gyarados||SafetyGoggles|Intimidate|Taunt,ThunderWave,Waterfall,Protect|||M|||50|,,,,,Steel]Indeedee||ChoiceScarf|PsychicSurge|ExpandingForce,TeraBlast,Trick,Protect|||M|||50|,,,,,Psychic]Sneasler||PsychicSeed|Unburden|CloseCombat,DireClaw,ThroatChop,Protect|||F|||50|,,,,,Dark]Tyranitar||AssaultVest|SandStream|LowKick,TeraBlast,KnockOff,RockSlide|||M|||50|,,,,,Flying]Ursaluna-Bloodmoon||LifeOrb|MindsEye|HyperVoice,BloodMoon,EarthPower,Protect|||M|||50|,,,,,Normal]Volcarona||SitrusBerry|FlameBody|Overheat,StruggleBug,RagePowder,Tailwind|||F|||50|,,,,,Grass
|inactive|Battle timer is ON: inactive players will automatically lose when time's up. (requested by Ruben1452)
|inactive|Ruben1452 has 60 seconds left.
|inactive|bananatreeenjoyer has 60 seconds left.
|inactive|bananatreeenjoyer has 30 seconds left.
|
|t:|1756783860
|teamsize|p1|4
|teamsize|p2|4
|start
|switch|p1a: Basculegion|Basculegion, L50, M|100/100
|switch|p1b: Incineroar|Incineroar, L50, F|100/100
|switch|p2a: Sedley|Gyarados, L50, M, shiny|100/100
|switch|p2b: Kalan|Volcarona, L50, F|100/100
|-ability|p2a: Sedley|Intimidate|boost
|-unboost|p1a: Basculegion|atk|1
|-unboost|p1b: Incineroar|atk|1
|-ability|p1b: Incineroar|Intimidate|boost
|-unboost|p2a: Sedley|atk|1
|-unboost|p2b: Kalan|atk|1
|turn|1
|inactive|Ruben1452 has 30 seconds left.
|
|t:|1756783885
|switch|p1b: Pelipper|Pelipper, L50, M|100/100
|-weather|RainDance|[from] ability: Drizzle|[of] p1b: Pelipper
|-terastallize|p2b: Kalan|Grass
|move|p1a: Basculegion|Flip Turn|p2b: Kalan
|-resisted|p2b: Kalan
|-damage|p2b: Kalan|73/100
|-status|p1a: Basculegion|brn|[from] ability: Flame Body|[of] p2b: Kalan
|
|t:|1756783904
|switch|p1a: Gholdengo|Gholdengo, L50|100/100|[from] Flip Turn
|move|p2b: Kalan|Tailwind|p2b: Kalan
|-sidestart|p2: bananatreeenjoyer|move: Tailwind
|move|p2a: Sedley|Thunder Wave|p1a: Gholdengo
|-immune|p1a: Gholdengo|[from] ability: Good as Gold
|
|-weather|RainDance|[upkeep]
|upkeep
|turn|2
|
|t:|1756783927
|-terastallize|p1a: Gholdengo|Water
|move|p2b: Kalan|Struggle Bug|p1a: Gholdengo|[spread] p1a,p1b
|-resisted|p1b: Pelipper
|-damage|p1a: Gholdengo|80/100
|-damage|p1b: Pelipper|85/100
|-unboost|p1a: Gholdengo|spa|1
|-unboost|p1b: Pelipper|spa|1
|move|p2a: Sedley|Waterfall|p1b: Pelipper
|-resisted|p1b: Pelipper
|-damage|p1b: Pelipper|57/100
|move|p1a: Gholdengo|Nasty Plot|p1a: Gholdengo
|-boost|p1a: Gholdengo|spa|2
|move|p1b: Pelipper|Tailwind|p1b: Pelipper
|-sidestart|p1: Ruben1452|move: Tailwind
|
|-weather|RainDance|[upkeep]
|upkeep
|turn|3
|inactive|bananatreeenjoyer has 30 seconds left.
|inactive|bananatreeenjoyer has 20 seconds left.
|inactive|bananatreeenjoyer has 15 seconds left.
|
|t:|1756783971
|move|p1b: Pelipper|Wide Guard|p1b: Pelipper
|-singleturn|p1b: Pelipper|Wide Guard
|move|p2b: Kalan|Struggle Bug|p1a: Gholdengo|[spread] 
|-activate|p1a: Gholdengo|move: Wide Guard
|-activate|p1b: Pelipper|move: Wide Guard
|move|p1a: Gholdengo|Nasty Plot|p1a: Gholdengo
|-boost|p1a: Gholdengo|spa|2
|move|p2a: Sedley|Waterfall|p1a: Gholdengo
|-resisted|p1a: Gholdengo
|-damage|p1a: Gholdengo|55/100
|
|-weather|RainDance|[upkeep]
|upkeep
|turn|4
|inactive|Ruben1452 has 30 seconds left.
|inactive|bananatreeenjoyer has 30 seconds left.
|
|t:|1756784003
|move|p2b: Kalan|Struggle Bug|p1b: Pelipper|[spread] p1a,p1b
|-resisted|p1b: Pelipper
|-damage|p1a: Gholdengo|37/100
|-damage|p1b: Pelipper|43/100
|-unboost|p1a: Gholdengo|spa|1
|-unboost|p1b: Pelipper|spa|1
|move|p1a: Gholdengo|Make It Rain|p2b: Kalan|[spread] p2a,p2b
|-resisted|p2a: Sedley
|-damage|p2a: Sedley|50/100
|-damage|p2b: Kalan|0 fnt
|-unboost|p1a: Gholdengo|spa|1
|faint|p2b: Kalan
|-damage|p1a: Gholdengo|28/100|[from] item: Life Orb
|move|p1b: Pelipper|Hurricane|p2a: Sedley
|-crit|p2a: Sedley
|-damage|p2a: Sedley|0 fnt
|faint|p2a: Sedley
|
|-weather|RainDance|[upkeep]
|-sideend|p2: bananatreeenjoyer|move: Tailwind
|upkeep
|
|t:|1756784019
|switch|p2b: Althair|Ursaluna-Bloodmoon, L50, M|100/100
|switch|p2a: Haltane|Tyranitar, L50, M|100/100
|-weather|Sandstorm|[from] ability: Sand Stream|[of] p2a: Haltane
|turn|5
|
|t:|1756784043
|switch|p1b: Incineroar|Incineroar, L50, F|100/100
|-ability|p1b: Incineroar|Intimidate|boost
|-unboost|p2a: Haltane|atk|1
|-unboost|p2b: Althair|atk|1
|move|p1a: Gholdengo|Protect|p1a: Gholdengo
|-singleturn|p1a: Gholdengo|Protect
|move|p2b: Althair|Protect|p2b: Althair
|-singleturn|p2b: Althair|Protect
|move|p2a: Haltane|Rock Slide|p1b: Incineroar|[spread] p1b
|-activate|p1a: Gholdengo|move: Protect
|-supereffective|p1b: Incineroar
|-damage|p1b: Incineroar|62/100
|
|-weather|Sandstorm|[upkeep]
|-damage|p1a: Gholdengo|22/100|[from] Sandstorm
|-sideend|p1: Ruben1452|move: Tailwind
|upkeep
|turn|6
|
|t:|1756784062
|switch|p1b: Pelipper|Pelipper, L50, M|43/100
|-weather|RainDance|[from] ability: Drizzle|[of] p1b: Pelipper
|move|p2b: Althair|Protect|p2b: Althair
|-singleturn|p2b: Althair|Protect
|move|p1a: Gholdengo|Make It Rain|p2b: Althair|[spread] p2a
|-activate|p2b: Althair|move: Protect
|-supereffective|p2a: Haltane
|-damage|p2a: Haltane|0 fnt
|-unboost|p1a: Gholdengo|spa|1
|faint|p2a: Haltane
|-damage|p1a: Gholdengo|12/100|[from] item: Life Orb
|
|-weather|RainDance|[upkeep]
|upkeep
|turn|7
|-message|bananatreeenjoyer forfeited.
|
|win|Ruben1452
||bananatreeenjoyer is ready for game 2.
||Ruben1452 is ready for game 2.
|uhtml|next|Next: Game 2 of 3
|l|☆Ruben1452
|player|p1|
