|j|☆SomeKidJon
|j|☆axcoquette
|html|SomeKidJonaxcoquette    
|uhtml|bestof|Game 1 of a best-of-3
|t:|1783302202
|gametype|doubles
|player|p1|SomeKidJon|scientistf|1197
|player|p2|axcoquette|maid|1178
|gen|9
|tier|[Gen 9 Champions] VGC 2026 Reg M-B (Bo3)
|rated|
|rule|Species Clause: Limit one of each Pokémon
|rule|Item Clause: Limit 1 of each item
|clearpoke
|poke|p1|Camerupt, L50, M|
|poke|p1|Farigiraf, L50, F|
|poke|p1|Primarina, L50, F|
|poke|p1|Hatterene, L50, F|
|poke|p1|Lopunny, L50, F|
|poke|p1|Staraptor, L50, M|
|poke|p2|Delphox, L50, M|
|poke|p2|Sneasler, L50, F|
|poke|p2|Sinistcha, L50|
|poke|p2|Incineroar, L50, M|
|poke|p2|Kingambit, L50, M|
|poke|p2|Floette-Eternal, L50, F|
|teampreview|4
|showteam|p1|Camerupt||Cameruptite|SolidRock|AncientPower,HeatWave,EarthPower,Protect|Quiet||M|||50|]Farigiraf||SitrusBerry|ArmorTail|Protect,HelpingHand,DazzlingGleam,TrickRoom|Bold||F|||50|]Primarina||Leftovers|LiquidVoice|HyperVoice,Protect,Moonblast,CalmMind|Modest||F|||50|]Hatterene||LifeOrb|MagicBounce|Psychic,Protect,DazzlingGleam,TrickRoom|Quiet||F|||50|]Lopunny||Lopunnite|Klutz|FakeOut,CloseCombat,AfterYou,TripleAxel|Jolly||F|||50|]Staraptor||ChoiceScarf|Intimidate|FinalGambit,DoubleEdge,BraveBird,Uturn|Adamant||M|||50|
|showteam|p2|Delphox||Delphoxite|Blaze|Protect,NastyPlot,HeatWave,Psychic|Timid||M|||50|]Sneasler||FocusSash|Unburden|Protect,FakeOut,DireClaw,CloseCombat|Jolly||F|||50|]Sinistcha||KasibBerry|Hospitality|Protect,RagePowder,MatchaGotcha,LifeDew|Bold|||||50|]Incineroar||SitrusBerry|Intimidate|FakeOut,FlareBlitz,HelpingHand,PartingShot|Careful||M|||50|]Kingambit||BlackGlasses|Defiant|KowtowCleave,SwordsDance,SuckerPunch,Protect|Adamant||M|||50|]Floette-Eternal||Floettite|FlowerVeil|Moonblast,DazzlingGleam,CalmMind,Protect|Modest||F|||50|
|inactive|Battle timer is ON: inactive players will automatically lose when time's up. (requested by axcoquette)
|inactive|SomeKidJon has 60 seconds left.
|inactive|axcoquette has 60 seconds left.
|
|t:|1783302252
|teamsize|p1|4
|teamsize|p2|4
|start
|switch|p1a: Lopunny|Lopunny, L50, F|100/100
|switch|p1b: Primarina|Primarina, L50, F|100/100
|switch|p2a: Sneasler|Sneasler, L50, F|100/100
|switch|p2b: Kingambit|Kingambit, L50, M|100/100
|turn|1
|
|t:|1783302271
|detailschange|p1a: Lopunny|Lopunny-Mega, L50, F
|-mega|p1a: Lopunny|Lopunny|Lopunnite
|move|p2a: Sneasler|Protect|p2a: Sneasler
|-singleturn|p2a: Sneasler|Protect
|move|p2b: Kingambit|Protect|p2b: Kingambit
|-singleturn|p2b: Kingambit|Protect
|move|p1a: Lopunny|Fake Out|p2a: Sneasler
|-activate|p2a: Sneasler|move: Protect
|move|p1b: Primarina|Calm Mind|p1b: Primarina
|-boost|p1b: Primarina|spa|1
|-boost|p1b: Primarina|spd|1
|
|upkeep
|turn|2
|
|t:|1783302290
|switch|p2b: Sinistcha|Sinistcha, L50|100/100
|move|p1b: Primarina|Protect|p1b: Primarina
|-singleturn|p1b: Primarina|Protect
|move|p1a: Lopunny|Close Combat|p2b: Sinistcha
|-damage|p2b: Sinistcha|54/100
|-unboost|p1a: Lopunny|def|1
|-unboost|p1a: Lopunny|spd|1
|move|p2a: Sneasler|Dire Claw|p1b: Primarina
|-activate|p1b: Primarina|move: Protect
|
|upkeep
|turn|3
|
|t:|1783302304
|move|p2b: Sinistcha|Protect|p2b: Sinistcha
|-singleturn|p2b: Sinistcha|Protect
|move|p1a: Lopunny|Triple Axel|p2b: Sinistcha
|-activate|p2b: Sinistcha|move: Protect
|move|p2a: Sneasler|Dire Claw|p1b: Primarina
|-supereffective|p1b: Primarina|1
|-damage|p1b: Primarina|10/100
|move|p1b: Primarina|Hyper Voice|p2b: Sinistcha|[spread] p2a
|-activate|p2b: Sinistcha|move: Protect
|-damage|p2a: Sneasler|36/100
|
|-heal|p1b: Primarina|16/100|[from] item: Leftovers
|upkeep
|turn|4
|
|t:|1783302323
|switch|p2b: Delphox|Delphox, L50, M|100/100
|move|p1a: Lopunny|After You|p1b: Primarina
|-activate|p1b: Primarina|move: After You
|move|p1b: Primarina|Hyper Voice|p2a: Sneasler|[spread] p2a,p2b
|-supereffective|p2b: Delphox|1
|-damage|p2a: Sneasler|0 fnt
|-damage|p2b: Delphox|6/100
|faint|p2a: Sneasler
|
|-heal|p1b: Primarina|21/100|[from] item: Leftovers
|upkeep
|
|t:|1783302333
|switch|p2a: Sinistcha|Sinistcha, L50|54/100
|-heal|p2b: Delphox|31/100|[from] ability: Hospitality|[of] p2a: Sinistcha
|turn|5
|
|t:|1783302353
|detailschange|p2b: Delphox|Delphox-Mega, L50, M
|-mega|p2b: Delphox|Delphox|Delphoxite
|move|p2a: Sinistcha|Rage Powder|p2a: Sinistcha
|-singleturn|p2a: Sinistcha|move: Rage Powder
|move|p1a: Lopunny|Triple Axel|p2a: Sinistcha
|-supereffective|p2a: Sinistcha|1
|-crit|p2a: Sinistcha
|-damage|p2a: Sinistcha|37/100
|-supereffective|p2a: Sinistcha|1
|-damage|p2a: Sinistcha|16/100
|-supereffective|p2a: Sinistcha|1
|-damage|p2a: Sinistcha|0 fnt
|faint|p2a: Sinistcha
|-hitcount|p2: Sinistcha|3
|move|p2b: Delphox|Psychic|p1b: Primarina
|-damage|p1b: Primarina|0 fnt
|faint|p1b: Primarina
|
|upkeep
|
|t:|1783302365
|switch|p2a: Kingambit|Kingambit, L50, M|100/100
|switch|p1b: Hatterene|Hatterene, L50, F|100/100
|turn|6
|
|t:|1783302374
|move|p1a: Lopunny|After You|p1b: Hatterene
|-activate|p1b: Hatterene|move: After You
|move|p1b: Hatterene|Psychic|p2b: Delphox
|-resisted|p2b: Delphox|1
|-damage|p2b: Delphox|2/100
|-damage|p1b: Hatterene|90/100|[from] item: Life Orb
|move|p2b: Delphox|Heat Wave|p1b: Hatterene|[spread] p1a,p1b
|-damage|p1a: Lopunny|19/100
|-damage|p1b: Hatterene|44/100
|move|p2a: Kingambit|Kowtow Cleave|p1b: Hatterene
|-damage|p1b: Hatterene|0 fnt
|faint|p1b: Hatterene
|
|upkeep
|
|t:|1783302378
|switch|p1b: Farigiraf|Farigiraf, L50, F|100/100
|turn|7
|inactive|axcoquette has 30 seconds left.
|
|t:|1783302411
|move|p2a: Kingambit|Protect|p2a: Kingambit
|-singleturn|p2a: Kingambit|Protect
|move|p1a: Lopunny|Close Combat|p2b: Delphox
|-resisted|p2b: Delphox|1
|-damage|p2b: Delphox|0 fnt
|-unboost|p1a: Lopunny|def|1
|-unboost|p1a: Lopunny|spd|1
|faint|p2b: Delphox
|move|p1b: Farigiraf|Dazzling Gleam|p2a: Kingambit
|-activate|p2a: Kingambit|move: Protect
|
|upkeep
|turn|8
|
|t:|1783302422
|move|p1b: Farigiraf|Helping Hand|p1a: Lopunny
|-singleturn|p1a: Lopunny|Helping Hand|[of] p1b: Farigiraf
|move|p1a: Lopunny|Close Combat|p2a: Kingambit
|-supereffective|p2a: Kingambit|2
|-damage|p2a: Kingambit|0 fnt
|-unboost|p1a: Lopunny|def|1
|-unboost|p1a: Lopunny|spd|1
|faint|p2a: Kingambit
|
|win|SomeKidJon
