|j|☆GabboVGC
|j|☆ilbailodimatone
|html|GabboVGCilbailodimatone    
|uhtml|bestof|Game 1 of a best-of-3
|t:|1757919970
|gametype|doubles
|player|p1|GabboVGC|marnie-league|1326
|player|p2|ilbailodimatone|265|1236
|gen|9
|tier|[Gen 9] VGC 2025 Reg H (Bo3)
|rated|
|rule|Species Clause: Limit one of each Pokémon
|rule|Item Clause: Limit 1 of each item
|clearpoke
|poke|p1|Ninetales-Alola, L50, F|
|poke|p1|Annihilape, L50, F|
|poke|p1|Rillaboom, L50, M|
|poke|p1|Ursaluna-Bloodmoon, L50, M|
|poke|p1|Dragonite, L50, M|
|poke|p1|Maushold-Four, L50|
|poke|p2|Ursaluna, L50, M|
|poke|p2|Jumpluff, L50, F|
|poke|p2|Charizard, L50, M|
|poke|p2|Torkoal, L50, M|
|poke|p2|Incineroar, L50, F|
|poke|p2|Porygon2, L50|
|teampreview|4
|showteam|p1|Ninetales-Alola||LightClay|SnowWarning|AuroraVeil,Blizzard,IcyWind,Protect|||F|||50|,,,,,Ghost]Annihilape||SafetyGoggles|Defiant|Protect,BulkUp,DrainPunch,RageFist|||F|||50|,,,,,Fire]Rillaboom||MiracleSeed|GrassySurge|FakeOut,GrassyGlide,WoodHammer,HighHorsepower|||M|||50|,,,,,Fire]Ursaluna-Bloodmoon||AssaultVest|MindsEye|BloodMoon,HyperVoice,EarthPower,VacuumWave|||M|||50|,,,,,Water]Dragonite||LoadedDice|Multiscale|Tailwind,Haze,Protect,ScaleShot|||M|||50|,,,,,Fairy]Maushold-Four||WideLens|Technician|PopulationBomb,BeatUp,FollowMe,Taunt||||||50|,,,,,Ghost
|showteam|p2|Ursaluna||FlameOrb|Guts|HeadlongRush,Facade,Earthquake,Protect|||M|||50|,,,,,Ghost]Jumpluff||CovertCloak|Chlorophyll|SleepPowder,SunnyDay,Tailwind,RagePowder|||F|||50|,,,,,Water]Charizard||ChoiceSpecs|SolarPower|AirSlash,HeatWave,Overheat,WeatherBall|||M|||50|,,,,,Ghost]Torkoal||EjectPack|Drought|HelpingHand,Eruption,Overheat,Protect|||M|||50|,,,,,Fire]Incineroar||SitrusBerry|Intimidate|FakeOut,FlareBlitz,KnockOff,PartingShot|||F|||50|,,,,,Ghost]Porygon2||Eviolite|Download|TeraBlast,IceBeam,Recover,TrickRoom||||||50|,,,,,Fighting
|inactive|Battle timer is ON: inactive players will automatically lose when time's up. (requested by ilbailodimatone)
|inactive|GabboVGC has 60 seconds left.
|
|t:|1757920055
|teamsize|p1|4
|teamsize|p2|4
|start
|switch|p1a: Annihilape|Annihilape, L50, F|100/100
|switch|p1b: Maushold|Maushold-Four, L50|100/100
|switch|p2a: Torkoal|Torkoal, L50, M|100/100
|switch|p2b: Jumpluff|Jumpluff, L50, F|100/100
|-weather|SunnyDay|[from] ability: Drought|[of] p2a: Torkoal
|turn|1
|inactive|GabboVGC has 30 seconds left.
|inactive|GabboVGC has 20 seconds left.
|inactive|GabboVGC has 15 seconds left.
|inactive|GabboVGC has 10 seconds left.
|inactive|GabboVGC has 5 seconds left.
|
|t:|1757920106
|switch|p1a: Ninetales|Ninetales-Alola, L50, F|100/100
|-weather|Snowscape|[from] ability: Snow Warning|[of] p1a: Ninetales
|move|p1b: Maushold|Population Bomb|p2b: Jumpluff
|-damage|p2b: Jumpluff|87/100
|-damage|p2b: Jumpluff|72/100
|-hitcount|p2b: Jumpluff|2
|move|p2b: Jumpluff|Tailwind|p2b: Jumpluff
|-sidestart|p2: ilbailodimatone|move: Tailwind
|move|p2a: Torkoal|Overheat|p1b: Maushold
|-damage|p1b: Maushold|12/100
|-unboost|p2a: Torkoal|spa|2
|-enditem|p2a: Torkoal|Eject Pack
|
|t:|1757920116
|switch|p2a: Ursaluna|Ursaluna, L50, M|100/100
|
|-weather|Snowscape|[upkeep]
|-status|p2a: Ursaluna|brn|[from] item: Flame Orb
|upkeep
|turn|2
|inactive|GabboVGC has 30 seconds left.
|inactive|GabboVGC has 20 seconds left.
|inactive|GabboVGC has 15 seconds left.
|inactive|GabboVGC has 10 seconds left.
|inactive|GabboVGC has 5 seconds left.
|
|t:|1757920167
|move|p1b: Maushold|Follow Me|p1b: Maushold
|-singleturn|p1b: Maushold|move: Follow Me
|move|p2b: Jumpluff|Sunny Day|p2b: Jumpluff
|-weather|SunnyDay
|move|p2a: Ursaluna|Facade|p1b: Maushold
|-damage|p1b: Maushold|0 fnt
|faint|p1b: Maushold
|move|p1a: Ninetales|Icy Wind|p2a: Ursaluna|[spread] p2a,p2b
|-supereffective|p2a: Ursaluna
|-supereffective|p2b: Jumpluff
|-damage|p2a: Ursaluna|76/100 brn
|-damage|p2b: Jumpluff|10/100
|-unboost|p2a: Ursaluna|spe|1
|
|-weather|SunnyDay|[upkeep]
|-damage|p2a: Ursaluna|70/100 brn|[from] brn
|upkeep
|
|t:|1757920182
|switch|p1b: Annihilape|Annihilape, L50, F|100/100
|turn|3
|
|t:|1757920197
|switch|p1a: Dragonite|Dragonite, L50, M|100/100
|move|p2b: Jumpluff|Sleep Powder|p1a: Dragonite
|-status|p1a: Dragonite|slp|[from] move: Sleep Powder
|move|p1b: Annihilape|Drain Punch|p2a: Ursaluna
|-supereffective|p2a: Ursaluna
|-damage|p2a: Ursaluna|20/100 brn
|move|p2a: Ursaluna|Earthquake|p1a: Dragonite|[spread] p1b
|-immune|p2b: Jumpluff
|-immune|p1a: Dragonite
|-damage|p1b: Annihilape|28/100
|
|-weather|SunnyDay|[upkeep]
|-damage|p2a: Ursaluna|14/100 brn|[from] brn
|upkeep
|turn|4
|inactive|GabboVGC has 30 seconds left.
|inactive|ilbailodimatone has 30 seconds left.
|inactive|ilbailodimatone has 20 seconds left.
|inactive|ilbailodimatone has 15 seconds left.
|inactive|ilbailodimatone has 10 seconds left.
|
|t:|1757920245
|move|p2b: Jumpluff|Rage Powder|p2b: Jumpluff
|-singleturn|p2b: Jumpluff|move: Rage Powder
|move|p1b: Annihilape|Drain Punch|p2a: Ursaluna
|-supereffective|p2a: Ursaluna
|-damage|p2a: Ursaluna|0 fnt
|-heal|p1b: Annihilape|36/100|[from] drain|[of] p2a: Ursaluna
|faint|p2a: Ursaluna
|cant|p1a: Dragonite|slp
|
|-weather|SunnyDay|[upkeep]
|-sideend|p2: ilbailodimatone|move: Tailwind
|upkeep
|
|t:|1757920261
|switch|p2a: Charizard|Charizard, L50, M|100/100
|turn|5
|
|t:|1757920274
|move|p1b: Annihilape|Protect|p1b: Annihilape
|-singleturn|p1b: Annihilape|Protect
|move|p2b: Jumpluff|Tailwind|p2b: Jumpluff
|-sidestart|p2: ilbailodimatone|move: Tailwind
|move|p2a: Charizard|Heat Wave|p1b: Annihilape|[spread] p1a
|-activate|p1b: Annihilape|move: Protect
|-resisted|p1a: Dragonite
|-damage|p1a: Dragonite|73/100 slp
|-curestatus|p1a: Dragonite|slp|[msg]
|move|p1a: Dragonite|Scale Shot|p2a: Charizard
|-damage|p2a: Charizard|78/100
|-damage|p2a: Charizard|57/100
|-damage|p2a: Charizard|36/100
|-damage|p2a: Charizard|15/100
|-damage|p2a: Charizard|0 fnt
|faint|p2a: Charizard
|-hitcount|p2: Charizard|5
|-unboost|p1a: Dragonite|def|1
|-boost|p1a: Dragonite|spe|1
|
|-weather|SunnyDay|[upkeep]
|upkeep
|-message|ilbailodimatone forfeited.
|
|win|GabboVGC
|l|☆ilbailodimatone
|player|p2|
||ilbailodimatone is ready for game 2.
||GabboVGC is ready for game 2.
|uhtml|next|Next: Game 2 of 3
