|j|☆Gozante
|j|☆EXHOUL
|html|GozanteEXHOUL    
|uhtml|bestof|Game 1 of a best-of-3
|t:|1756338672
|gametype|doubles
|player|p1|Gozante|102|1479
|player|p2|EXHOUL|shadowtriad|1541
|gen|9
|tier|[Gen 9] VGC 2025 Reg H (Bo3)
|rated|
|rule|Species Clause: Limit one of each Pokémon
|rule|Item Clause: Limit 1 of each item
|clearpoke
|poke|p1|Pelipper, L50, M|
|poke|p1|Archaludon, L50, M|
|poke|p1|Sinistcha, L50|
|poke|p1|Ursaluna, L50, F|
|poke|p1|Dragonite, L50, M|
|poke|p1|Incineroar, L50, M|
|poke|p2|Torkoal, L50, F|
|poke|p2|Lilligant-Hisui, L50, F|
|poke|p2|Armarouge, L50, M|
|poke|p2|Indeedee-F, L50, F|
|poke|p2|Incineroar, L50, F|
|poke|p2|Ursaluna, L50, M|
|teampreview|4
|showteam|p1|Pelipper||FocusSash|Drizzle|MuddyWater,Hurricane,Protect,Tailwind|||M|||50|,,,,,Ground]Archaludon||AssaultVest|Stamina|FlashCannon,BodyPress,ElectroShot,Snarl|||M|||50|,,,,,Bug]Sinistcha||SitrusBerry|Hospitality|MatchaGotcha,LifeDew,RagePowder,TrickRoom||||||50|,,,,,Dark]Ursaluna||FlameOrb|Guts|Protect,Facade,HeadlongRush,Earthquake|||F|||50|,,,,,Ghost]Dragonite||LoadedDice|Multiscale|Protect,ScaleShot,Haze,Tailwind|||M|||50|,,,,,Fairy]Incineroar||SafetyGoggles|Intimidate|FakeOut,PartingShot,KnockOff,FlareBlitz|||M|||50|,,,,,Ghost
|showteam|p2|Torkoal||Charcoal|Drought|Eruption,Flamethrower,ClearSmog,Protect|||F|||50|,,,,,Fire]Lilligant-Hisui||FocusSash|Chlorophyll|SleepPowder,CloseCombat,Encore,AfterYou|||F|||50|,,,,,Ghost]Armarouge||LifeOrb|FlashFire|ExpandingForce,ArmorCannon,WideGuard,TrickRoom|||M|||50|,,,,,Grass]Indeedee-F||RockyHelmet|PsychicSurge|FollowMe,HelpingHand,DazzlingGleam,TrickRoom|||F|||50|,,,,,Steel]Incineroar||SafetyGoggles|Intimidate|FakeOut,PartingShot,KnockOff,FlareBlitz|||F|||50|,,,,,Ghost]Ursaluna||FlameOrb|Guts|Facade,HeadlongRush,Earthquake,Protect|||M|||50|,,,,,Ghost
|inactive|Battle timer is ON: inactive players will automatically lose when time's up. (requested by EXHOUL)
|
|t:|1756338699
|teamsize|p1|4
|teamsize|p2|4
|start
|switch|p1a: Incineroar|Incineroar, L50, M|100/100
|switch|p1b: Archaludon|Archaludon, L50, M|100/100
|switch|p2a: Indeedee|Indeedee-F, L50, F|100/100
|switch|p2b: Armarouge|Armarouge, L50, M|100/100
|-ability|p1a: Incineroar|Intimidate|boost
|-unboost|p2a: Indeedee|atk|1
|-unboost|p2b: Armarouge|atk|1
|-fieldstart|move: Psychic Terrain|[from] ability: Psychic Surge|[of] p2a: Indeedee
|turn|1
|inactive|EXHOUL has 30 seconds left.
|
|t:|1756338729
|switch|p2a: Ursaluna|Ursaluna, L50, M|100/100
|-terastallize|p2b: Armarouge|Grass
|move|p1b: Archaludon|Snarl|p2a: Ursaluna|[spread] p2a,p2b
|-damage|p2a: Ursaluna|90/100
|-damage|p2b: Armarouge|86/100
|-unboost|p2a: Ursaluna|spa|1
|-unboost|p2b: Armarouge|spa|1
|move|p1a: Incineroar|Parting Shot|p2b: Armarouge
|-unboost|p2b: Armarouge|atk|1
|-unboost|p2b: Armarouge|spa|1
|
|t:|1756338734
|switch|p1a: Sinistcha|Sinistcha, L50|100/100|[from] Parting Shot
|move|p2b: Armarouge|Trick Room|p2b: Armarouge
|-fieldstart|move: Trick Room|[of] p2b: Armarouge
|
|-status|p2a: Ursaluna|brn|[from] item: Flame Orb
|upkeep
|turn|2
|
|t:|1756338750
|switch|p1b: Incineroar|Incineroar, L50, M|100/100
|-ability|p1b: Incineroar|Intimidate|boost
|-unboost|p2a: Ursaluna|atk|1
|-unboost|p2b: Armarouge|atk|1
|move|p2a: Ursaluna|Earthquake|p1a: Sinistcha|[spread] p2b,p1a,p1b
|-resisted|p2b: Armarouge
|-resisted|p1a: Sinistcha
|-supereffective|p1b: Incineroar
|-damage|p2b: Armarouge|63/100
|-damage|p1a: Sinistcha|81/100
|-damage|p1b: Incineroar|19/100
|move|p2b: Armarouge|Expanding Force|p1a: Sinistcha|[spread] p1a
|-immune|p1b: Incineroar
|-damage|p1a: Sinistcha|41/100
|-enditem|p1a: Sinistcha|Sitrus Berry|[eat]
|-heal|p1a: Sinistcha|66/100|[from] item: Sitrus Berry
|-damage|p2b: Armarouge|53/100|[from] item: Life Orb
|move|p1a: Sinistcha|Trick Room|p1a: Sinistcha
|-fieldend|move: Trick Room
|
|-damage|p2a: Ursaluna|84/100 brn|[from] brn
|upkeep
|turn|3
|
|t:|1756338774
|switch|p2a: Indeedee|Indeedee-F, L50, F|100/100
|move|p1b: Incineroar|Knock Off|p2b: Armarouge
|-damage|p2b: Armarouge|11/100
|-enditem|p2b: Armarouge|Life Orb|[from] move: Knock Off|[of] p1b: Incineroar
|move|p1a: Sinistcha|Matcha Gotcha|p2a: Indeedee|[spread] p2a,p2b
|-resisted|p2b: Armarouge
|-damage|p2a: Indeedee|78/100
|-heal|p1a: Sinistcha|77/100|[from] drain|[of] p2a: Indeedee
|-damage|p2b: Armarouge|0 fnt
|-heal|p1a: Sinistcha|82/100|[from] drain|[of] p2b: Armarouge
|-status|p2a: Indeedee|brn
|faint|p2b: Armarouge
|
|-damage|p2a: Indeedee|72/100 brn|[from] brn
|upkeep
|
|t:|1756338790
|switch|p2b: Torkoal|Torkoal, L50, F|100/100
|-weather|SunnyDay|[from] ability: Drought|[of] p2b: Torkoal
|turn|4
|
|t:|1756338799
|switch|p1a: Pelipper|Pelipper, L50, M|100/100
|-weather|RainDance|[from] ability: Drizzle|[of] p1a: Pelipper
|move|p2a: Indeedee|Helping Hand|p2b: Torkoal
|-singleturn|p2b: Torkoal|Helping Hand|[of] p2a: Indeedee
|move|p1b: Incineroar|Knock Off|p2a: Indeedee
|-supereffective|p2a: Indeedee
|-damage|p2a: Indeedee|0 fnt
|-damage|p1b: Incineroar|3/100|[from] item: Rocky Helmet|[of] p2a: Indeedee
|-enditem|p2a: Indeedee|Rocky Helmet|[from] move: Knock Off|[of] p1b: Incineroar
|faint|p2a: Indeedee
|move|p2b: Torkoal|Eruption|p1b: Incineroar|[spread] p1a,p1b
|-resisted|p1a: Pelipper
|-resisted|p1b: Incineroar
|-damage|p1a: Pelipper|65/100
|-damage|p1b: Incineroar|0 fnt
|faint|p1b: Incineroar
|
|-weather|RainDance|[upkeep]
|upkeep
|l|☆Gozante
|inactive|Gozante disconnected and has a minute to reconnect!
|player|p1|
|j|☆Gozante
|inactive|Gozante reconnected and has 45 seconds left.
|player|p1|Gozante|102|
|
|t:|1756338821
|switch|p1b: Sinistcha|Sinistcha, L50|82/100
|switch|p2a: Ursaluna|Ursaluna, L50, M|84/100 brn
|-heal|p1a: Pelipper|90/100|[from] ability: Hospitality|[of] p1b: Sinistcha
|turn|5
|
|t:|1756338831
|-terastallize|p1b: Sinistcha|Dark
|move|p1a: Pelipper|Muddy Water|p2a: Ursaluna|[spread] p2a,p2b
|-supereffective|p2a: Ursaluna
|-supereffective|p2b: Torkoal
|-damage|p2a: Ursaluna|0 fnt
|-damage|p2b: Torkoal|0 fnt
|faint|p2a: Ursaluna
|faint|p2b: Torkoal
|
|win|Gozante
||EXHOUL is ready for game 2.
