|j|☆chefbenboyrd
|j|☆31415thon
|html|chefbenboyrd31415thon    
|uhtml|bestof|Game 2 of a best-of-3
|t:|1757125105
|gametype|doubles
|player|p1|chefbenboyrd|brawly|1144
|player|p2|31415thon|265|1297
|gen|9
|tier|[Gen 9] VGC 2025 Reg H (Bo3)
|rated|
|rule|Species Clause: Limit one of each Pokémon
|rule|Item Clause: Limit 1 of each item
|clearpoke
|poke|p1|Whimsicott, L50, F|
|poke|p1|Hydreigon, L50, M|
|poke|p1|Incineroar, L50, F|
|poke|p1|Gholdengo, L50|
|poke|p1|Basculegion, L50, M|
|poke|p1|Dragonite, L50, F|
|poke|p2|Tatsugiri, L50, M|
|poke|p2|Dondozo, L50, M|
|poke|p2|Murkrow, L50, F|
|poke|p2|Gothitelle, L50, M|
|poke|p2|Amoonguss, L50, F|
|poke|p2|Incineroar, L50, M|
|teampreview|4
|showteam|p1|Whimsicott||FocusSash|Prankster|SunnyDay,Encore,Tailwind,Moonblast|||F|||50|,,,,,Ghost]Hydreigon||ChoiceSpecs|Levitate|HeatWave,DracoMeteor,Snarl,DarkPulse|||M|||50|,,,,,Fire]Incineroar||SafetyGoggles|Intimidate|KnockOff,FakeOut,PartingShot,FlareBlitz|||F|||50|,,,,,Ghost]Gholdengo||LifeOrb|GoodasGold|Protect,MakeItRain,ShadowBall,NastyPlot||||||50|,,,,,Water]Basculegion||ChoiceScarf|Adaptability|LastRespects,WaveCrash,AquaJet,FlipTurn|||M|||50|,,,,,Water]Dragonite||LoadedDice|Multiscale|ScaleShot,Protect,ExtremeSpeed,Haze|||F|||50|,,,,,Fairy
|showteam|p2|Tatsugiri||ChoiceSpecs|Commander|DracoMeteor,HydroPump,MuddyWater,IcyWind|||M|||50|,,,,,Dragon]Dondozo||ClearAmulet|WaterVeil|WaveCrash,OrderUp,Earthquake,Protect|||M|||50|,,,,,Grass]Murkrow||FocusSash|Prankster|PerishSong,Tailwind,FoulPlay,Protect|||F|||50|,,,,,Ghost]Gothitelle||SitrusBerry|ShadowTag|FakeOut,Psychic,Taunt,Protect|||M|||50|,,,,,Dark]Amoonguss||EjectButton|Regenerator|Spore,RagePowder,SludgeBomb,Protect|||F|||50|,,,,,Water]Incineroar||SafetyGoggles|Intimidate|Protect,FakeOut,KnockOff,PartingShot|||M|||50|,,,,,Ghost
|inactive|Battle timer is ON: inactive players will automatically lose when time's up. (requested by chefbenboyrd)
|
|t:|1757125123
|teamsize|p1|4
|teamsize|p2|4
|start
|switch|p1a: Whimsicott|Whimsicott, L50, F|100/100
|switch|p1b: Hydreigon|Hydreigon, L50, M|100/100
|switch|p2a: Murkrow|Murkrow, L50, F|100/100
|switch|p2b: Tatsugiri|Tatsugiri, L50, M|100/100
|turn|1
|
|t:|1757125139
|switch|p2b: Amoonguss|Amoonguss, L50, F|100/100
|move|p2a: Murkrow|Perish Song|p2a: Murkrow
|-start|p1a: Whimsicott|perish3|[silent]
|-start|p1b: Hydreigon|perish3|[silent]
|-start|p2a: Murkrow|perish3|[silent]
|-start|p2b: Amoonguss|perish3|[silent]
|-fieldactivate|move: Perish Song
|move|p1a: Whimsicott|Moonblast|p2b: Amoonguss
|-resisted|p2b: Amoonguss
|-damage|p2b: Amoonguss|85/100
|-enditem|p2b: Amoonguss|Eject Button
|
|t:|1757125146
|switch|p2b: Gothitelle|Gothitelle, L50, M|100/100
|move|p1b: Hydreigon|Draco Meteor|p2b: Gothitelle
|-damage|p2b: Gothitelle|16/100
|-unboost|p1b: Hydreigon|spa|2
|-enditem|p2b: Gothitelle|Sitrus Berry|[eat]
|-heal|p2b: Gothitelle|41/100|[from] item: Sitrus Berry
|
|-start|p1a: Whimsicott|perish3
|-start|p2a: Murkrow|perish3
|-start|p1b: Hydreigon|perish3
|upkeep
|turn|2
|
|t:|1757125159
|switch|p2a: Amoonguss|Amoonguss, L50, F|100/100
|move|p2b: Gothitelle|Fake Out|p1b: Hydreigon
|-damage|p1b: Hydreigon|95/100
|move|p1a: Whimsicott|Moonblast|p2b: Gothitelle
|-damage|p2b: Gothitelle|13/100
|cant|p1b: Hydreigon|flinch
|
|-start|p1a: Whimsicott|perish2
|-start|p1b: Hydreigon|perish2
|upkeep
|turn|3
|
|t:|1757125183
|move|p2b: Gothitelle|Protect|p2b: Gothitelle
|-singleturn|p2b: Gothitelle|Protect
|move|p1a: Whimsicott|Moonblast|p2b: Gothitelle
|-activate|p2b: Gothitelle|move: Protect
|move|p1b: Hydreigon|Draco Meteor|p2b: Gothitelle
|-activate|p2b: Gothitelle|move: Protect
|move|p2a: Amoonguss|Sludge Bomb|p1a: Whimsicott
|-supereffective|p1a: Whimsicott
|-enditem|p1a: Whimsicott|Focus Sash
|-damage|p1a: Whimsicott|1/100
|
|-start|p1a: Whimsicott|perish1
|-start|p1b: Hydreigon|perish1
|upkeep
|turn|4
|
|t:|1757125199
|move|p2a: Amoonguss|Protect|p2a: Amoonguss
|-singleturn|p2a: Amoonguss|Protect
|move|p1a: Whimsicott|Encore|p2a: Amoonguss
|-activate|p2a: Amoonguss|move: Protect
|move|p1b: Hydreigon|Draco Meteor|p2b: Gothitelle
|-damage|p2b: Gothitelle|0 fnt
|-unboost|p1b: Hydreigon|spa|2
|faint|p2b: Gothitelle
|
|-start|p1a: Whimsicott|perish0
|-start|p1b: Hydreigon|perish0
|faint|p1a: Whimsicott
|faint|p1b: Hydreigon
|upkeep
|
|t:|1757125215
|switch|p1a: Incineroar|Incineroar, L50, F|100/100
|switch|p1b: Dragonite|Dragonite, L50, F|100/100
|switch|p2b: Murkrow|Murkrow, L50, F|100/100
|-ability|p1a: Incineroar|Intimidate|boost
|-unboost|p2a: Amoonguss|atk|1
|-unboost|p2b: Murkrow|atk|1
|turn|5
|
|t:|1757125231
|-terastallize|p2b: Murkrow|Ghost
|move|p1a: Incineroar|Fake Out|p2a: Amoonguss
|-damage|p2a: Amoonguss|92/100
|move|p2b: Murkrow|Perish Song|p2b: Murkrow
|-start|p1a: Incineroar|perish3|[silent]
|-start|p1b: Dragonite|perish3|[silent]
|-start|p2a: Amoonguss|perish3|[silent]
|-start|p2b: Murkrow|perish3|[silent]
|-fieldactivate|move: Perish Song
|move|p1b: Dragonite|Scale Shot|p2b: Murkrow
|-damage|p2b: Murkrow|69/100
|-damage|p2b: Murkrow|41/100
|-damage|p2b: Murkrow|10/100
|-damage|p2b: Murkrow|0 fnt
|faint|p2b: Murkrow
|-hitcount|p2: Murkrow|4
|-unboost|p1b: Dragonite|def|1
|-boost|p1b: Dragonite|spe|1
|cant|p2a: Amoonguss|flinch
|
|-start|p1b: Dragonite|perish3
|-start|p1a: Incineroar|perish3
|-start|p2a: Amoonguss|perish3
|upkeep
|
|t:|1757125239
|switch|p2b: Tatsugiri|Tatsugiri, L50, M|100/100
|turn|6
|
|t:|1757125254
|move|p2a: Amoonguss|Rage Powder|p2a: Amoonguss
|-singleturn|p2a: Amoonguss|move: Rage Powder
|move|p1b: Dragonite|Scale Shot|p2a: Amoonguss
|-damage|p2a: Amoonguss|79/100
|-damage|p2a: Amoonguss|66/100
|-damage|p2a: Amoonguss|55/100
|-damage|p2a: Amoonguss|42/100
|-hitcount|p2a: Amoonguss|4
|-unboost|p1b: Dragonite|def|1
|-boost|p1b: Dragonite|spe|1
|move|p2b: Tatsugiri|Icy Wind|p1a: Incineroar|[spread] p1a,p1b
|-resisted|p1a: Incineroar
|-supereffective|p1b: Dragonite
|-damage|p1a: Incineroar|90/100
|-damage|p1b: Dragonite|55/100
|-unboost|p1a: Incineroar|spe|1
|-unboost|p1b: Dragonite|spe|1
|move|p1a: Incineroar|Flare Blitz|p2a: Amoonguss
|-supereffective|p2a: Amoonguss
|-damage|p2a: Amoonguss|0 fnt
|faint|p2a: Amoonguss
|-damage|p1a: Incineroar|75/100|[from] Recoil
|
|-start|p1b: Dragonite|perish2
|-start|p1a: Incineroar|perish2
|upkeep
|turn|7
|
|t:|1757125272
|move|p1b: Dragonite|Scale Shot|p2b: Tatsugiri
|-supereffective|p2b: Tatsugiri
|-damage|p2b: Tatsugiri|38/100
|-supereffective|p2b: Tatsugiri
|-damage|p2b: Tatsugiri|0 fnt
|faint|p2b: Tatsugiri
|-hitcount|p2: Tatsugiri|2
|
|win|chefbenboyrd
|raw|chefbenboyrd's rating: 1144 → 1179(+35 for winning)
|raw|31415thon's rating: 1297 → 1262(-35 for losing)
|l|☆31415thon
|player|p2|
