|j|☆Pawah
|j|☆Karlye
|html|PawahKarlye    
|uhtml|bestof|Game 2 of a best-of-3
|t:|1756757691
|gametype|doubles
|player|p1|Pawah|ethan|
|player|p2|Karlye|blue|
|gen|9
|tier|[Gen 9] VGC 2025 Reg H (Bo3)
|rule|Species Clause: Limit one of each Pokémon
|rule|Item Clause: Limit 1 of each item
|clearpoke
|poke|p1|Ursaluna, L50, F|
|poke|p1|Sinistcha, L50|
|poke|p1|Pelipper, L50, M|
|poke|p1|Archaludon, L50, M|
|poke|p1|Gholdengo, L50|
|poke|p1|Murkrow, L50, M|
|poke|p2|Porygon2, L50|
|poke|p2|Rillaboom, L50, F|
|poke|p2|Ursaluna, L50, F|
|poke|p2|Jumpluff, L50, F|
|poke|p2|Charizard, L50, M|
|poke|p2|Torkoal, L50, F|
|teampreview|4
|showteam|p1|Ursaluna||FlameOrb|Guts|HeadlongRush,Facade,Protect,Earthquake|||F|||50|,,,,,Ghost]Sinistcha||SitrusBerry|Hospitality|RagePowder,TrickRoom,LifeDew,MatchaGotcha||||||50|,,,,,Dark]Pelipper||FocusSash|Drizzle|Hurricane,Protect,WeatherBall,WideGuard|||M|||50|,,,,,Ghost]Archaludon||AssaultVest|Stamina|ElectroShot,FlashCannon,BodyPress,DracoMeteor|||M|||50|,,,,,Bug]Gholdengo||LifeOrb|GoodasGold|MakeItRain,ShadowBall,NastyPlot,Protect||||||50|,,,,,Water]Murkrow||Eviolite|Prankster|Quash,Tailwind,FoulPlay,Taunt|||M|||50|,,,,,Ghost
|showteam|p2|Porygon2||Eviolite|Download|TeraBlast,IceBeam,TrickRoom,Recover||||||50|,,,,,Fighting]Rillaboom||AssaultVest|GrassySurge|FakeOut,GrassyGlide,WoodHammer,HighHorsepower|||F|||50|,,,,,Water]Ursaluna||FlameOrb|Guts|Protect,Facade,Earthquake,HeadlongRush|||F|||50|,,,,,Ghost]Jumpluff||CovertCloak|Chlorophyll|SleepPowder,SunnyDay,Tailwind,RagePowder|||F|||50|,,,,,Fire]Charizard||ChoiceSpecs|SolarPower|HeatWave,Overheat,WeatherBall,DragonPulse|||M|||50|,,,,,Ghost]Torkoal||EjectPack|Drought|Overheat,Eruption,HelpingHand,Protect|||F|||50|,,,,,Fire
|inactive|Battle timer is ON: inactive players will automatically lose when time's up. (requested by Pawah)
|inactive|Pawah has 60 seconds left.
|inactive|Karlye has 60 seconds left.
|
|t:|1756757745
|teamsize|p1|4
|teamsize|p2|4
|start
|switch|p1a: Gholdengo|Gholdengo, L50|100/100
|switch|p1b: Pelipper|Pelipper, L50, M|100/100
|switch|p2a: Porygon2|Porygon2, L50|100/100
|switch|p2b: Torkoal|Torkoal, L50, F|100/100
|-weather|RainDance|[from] ability: Drizzle|[of] p1b: Pelipper
|-ability|p2a: Porygon2|Download|boost
|-boost|p2a: Porygon2|spa|1
|-weather|SunnyDay|[from] ability: Drought|[of] p2b: Torkoal
|turn|1
|inactive|Pawah has 30 seconds left.
|inactive|Pawah has 20 seconds left.
|inactive|Pawah has 15 seconds left.
|inactive|Pawah has 10 seconds left.
|inactive|Pawah has 5 seconds left.
|
|t:|1756757795
|switch|p1b: Ursaluna|Ursaluna, L50, F|100/100
|-terastallize|p1a: Gholdengo|Water
|move|p1a: Gholdengo|Shadow Ball|p2b: Torkoal
|-damage|p2b: Torkoal|29/100
|-damage|p1a: Gholdengo|91/100|[from] item: Life Orb
|move|p2b: Torkoal|Overheat|p1a: Gholdengo
|-resisted|p1a: Gholdengo
|-damage|p1a: Gholdengo|45/100
|-unboost|p2b: Torkoal|spa|2
|-enditem|p2b: Torkoal|Eject Pack
|
|t:|1756757808
|switch|p2b: Rillaboom|Rillaboom, L50, F|100/100
|-fieldstart|move: Grassy Terrain|[from] ability: Grassy Surge|[of] p2b: Rillaboom
|move|p2a: Porygon2|Trick Room|p2a: Porygon2
|-fieldstart|move: Trick Room|[of] p2a: Porygon2
|
|-weather|SunnyDay|[upkeep]
|-heal|p1a: Gholdengo|50/100|[from] Grassy Terrain
|-status|p1b: Ursaluna|brn|[from] item: Flame Orb
|upkeep
|turn|2
|inactive|Karlye has 30 seconds left.
|
|t:|1756757833
|move|p1b: Ursaluna|Protect|p1b: Ursaluna
|-singleturn|p1b: Ursaluna|Protect
|move|p1a: Gholdengo|Protect|p1a: Gholdengo
|-singleturn|p1a: Gholdengo|Protect
|move|p2b: Rillaboom|Grassy Glide|p1b: Ursaluna
|-activate|p1b: Ursaluna|move: Protect
|move|p2a: Porygon2|Ice Beam|p1b: Ursaluna
|-activate|p1b: Ursaluna|move: Protect
|
|-weather|SunnyDay|[upkeep]
|-heal|p1a: Gholdengo|56/100|[from] Grassy Terrain
|-damage|p1b: Ursaluna|95/100 brn|[from] brn
|upkeep
|turn|3
|inactive|Karlye has 30 seconds left.
|inactive|Karlye has 20 seconds left.
|
|t:|1756757868
|switch|p1b: Pelipper|Pelipper, L50, M|100/100
|-weather|RainDance|[from] ability: Drizzle|[of] p1b: Pelipper
|move|p2b: Rillaboom|Grassy Glide|p1a: Gholdengo
|-supereffective|p1a: Gholdengo
|-damage|p1a: Gholdengo|0 fnt
|faint|p1a: Gholdengo
|move|p2a: Porygon2|Ice Beam|p1b: Pelipper
|-damage|p1b: Pelipper|34/100
|
|-weather|RainDance|[upkeep]
|upkeep
|
|t:|1756757879
|switch|p1a: Ursaluna|Ursaluna, L50, F|95/100 brn
|turn|4
|
|t:|1756757902
|move|p2a: Porygon2|Ice Beam|p1b: Pelipper
|-damage|p1b: Pelipper|0 fnt
|faint|p1b: Pelipper
|move|p1a: Ursaluna|Facade|p2a: Porygon2
|-damage|p2a: Porygon2|22/100
|move|p2b: Rillaboom|Wood Hammer|p1a: Ursaluna
|-supereffective|p1a: Ursaluna
|-damage|p1a: Ursaluna|0 fnt
|faint|p1a: Ursaluna
|-damage|p2b: Rillaboom|68/100|[from] Recoil
|
|-weather|RainDance|[upkeep]
|-heal|p2a: Porygon2|29/100|[from] Grassy Terrain
|-heal|p2b: Rillaboom|73/100|[from] Grassy Terrain
|upkeep
|
|t:|1756757910
|switch|p1b: Murkrow|Murkrow, L50, M|100/100
|turn|5
|-message|Pawah forfeited.
|
|win|Karlye
