|j|☆chamoy-pt2
|j|☆smalltownkirlia
|html|chamoy-pt2smalltownkirlia    
|uhtml|bestof|Game 1 of a best-of-3
|t:|1757208145
|gametype|doubles
|player|p1|chamoy-pt2|riley|1117
|player|p2|smalltownkirlia|whitney|1114
|gen|9
|tier|[Gen 9] VGC 2025 Reg H (Bo3)
|rated|
|rule|Species Clause: Limit one of each Pokémon
|rule|Item Clause: Limit 1 of each item
|clearpoke
|poke|p1|Farigiraf, L50, M|
|poke|p1|Sylveon, L50, M|
|poke|p1|Rillaboom, L50, M|
|poke|p1|Talonflame, L50, F|
|poke|p2|Dragonite, L50, F|
|poke|p2|Ursaluna-Bloodmoon, L50, M|
|poke|p2|Gholdengo, L50|
|poke|p2|Maushold-Four, L50|
|poke|p2|Annihilape, L50, M|
|poke|p2|Rillaboom, L50, F|
|teampreview|4
|showteam|p1|Farigiraf||SafetyGoggles|ArmorTail|PsychicNoise,FoulPlay,TrickRoom,HelpingHand|||M|||50|,,,,,Fairy]Sylveon||ChoiceSpecs|Pixilate|HyperVoice,TeraBlast,HyperBeam,ShadowBall|||M|||50|,,,,,Steel]Rillaboom||MiracleSeed|GrassySurge|WoodHammer,GrassyGlide,FakeOut,Uturn|||M|||50|,,,,,Fire]Talonflame||CovertCloak|GaleWings|Tailwind,DualWingbeat,WillOWisp,Taunt|||F|||50|,,,,,Flying
|showteam|p2|Dragonite||LoadedDice|Multiscale|ScaleShot,Tailwind,Haze,Protect|||F|||50|,,,,,Steel]Ursaluna-Bloodmoon||AssaultVest|MindsEye|BloodMoon,EarthPower,HyperVoice,VacuumWave|||M|||50|,,,,,Water]Gholdengo||LifeOrb|GoodasGold|MakeItRain,ShadowBall,NastyPlot,Protect||||||50|,,,,,Water]Maushold-Four||FocusSash|FriendGuard|SuperFang,FollowMe,BeatUp,Protect||||||50|,,,,,Ghost]Annihilape||SitrusBerry|Defiant|RageFist,DrainPunch,BulkUp,Protect|||M|||50|,,,,,Fire]Rillaboom||MiracleSeed|GrassySurge|WoodHammer,GrassyGlide,HighHorsepower,FakeOut|||F|||50|,,,,,Fire
|inactive|Battle timer is ON: inactive players will automatically lose when time's up. (requested by smalltownkirlia)
|inactive|chamoy-pt2 has 60 seconds left.
|inactive|chamoy-pt2 has 30 seconds left.
|inactive|chamoy-pt2 has 20 seconds left.
|inactive|chamoy-pt2 has 15 seconds left.
|
|t:|1757208221
|teamsize|p1|4
|teamsize|p2|4
|start
|switch|p1a: Rillaboom|Rillaboom, L50, M|100/100
|switch|p1b: Sylveon|Sylveon, L50, M|100/100
|switch|p2a: Gholdengo|Gholdengo, L50|100/100
|switch|p2b: Maushold|Maushold-Four, L50|100/100
|-fieldstart|move: Grassy Terrain|[from] ability: Grassy Surge|[of] p1a: Rillaboom
|turn|1
|
|t:|1757208241
|-terastallize|p1b: Sylveon|Steel
|move|p2b: Maushold|Protect|p2b: Maushold
|-singleturn|p2b: Maushold|Protect
|move|p2a: Gholdengo|Protect|p2a: Gholdengo
|-singleturn|p2a: Gholdengo|Protect
|move|p1a: Rillaboom|Wood Hammer|p2a: Gholdengo
|-activate|p2a: Gholdengo|move: Protect
|move|p1b: Sylveon|Hyper Voice|p2a: Gholdengo|[spread] 
|-activate|p2a: Gholdengo|move: Protect
|-activate|p2b: Maushold|move: Protect
|
|upkeep
|turn|2
|
|t:|1757208250
|move|p2b: Maushold|Follow Me|p2b: Maushold
|-singleturn|p2b: Maushold|move: Follow Me
|move|p2a: Gholdengo|Nasty Plot|p2a: Gholdengo
|-boost|p2a: Gholdengo|spa|2
|move|p1a: Rillaboom|U-turn|p2b: Maushold
|-damage|p2b: Maushold|69/100
|
|t:|1757208257
|switch|p1a: Talonflame|Talonflame, L50, F|100/100|[from] U-turn
|move|p1b: Sylveon|Hyper Voice|p2a: Gholdengo|[spread] p2a,p2b
|-resisted|p2a: Gholdengo
|-damage|p2a: Gholdengo|75/100
|-damage|p2b: Maushold|0 fnt
|faint|p2b: Maushold
|
|-heal|p2a: Gholdengo|81/100|[from] Grassy Terrain
|upkeep
|
|t:|1757208266
|switch|p2b: Ursaluna|Ursaluna-Bloodmoon, L50, M|100/100
|turn|3
|
|t:|1757208276
|move|p1a: Talonflame|Tailwind|p1a: Talonflame
|-sidestart|p1: chamoy-pt2|move: Tailwind
|move|p1b: Sylveon|Hyper Voice|p2a: Gholdengo|[spread] p2a,p2b
|-resisted|p2a: Gholdengo
|-damage|p2a: Gholdengo|50/100
|-damage|p2b: Ursaluna|62/100
|move|p2a: Gholdengo|Shadow Ball|p1b: Sylveon
|-damage|p1b: Sylveon|24/100
|-damage|p2a: Gholdengo|40/100|[from] item: Life Orb
|move|p2b: Ursaluna|Blood Moon|p1a: Talonflame
|-damage|p1a: Talonflame|0 fnt
|faint|p1a: Talonflame
|
|-heal|p1b: Sylveon|30/100|[from] Grassy Terrain
|-heal|p2a: Gholdengo|46/100|[from] Grassy Terrain
|-heal|p2b: Ursaluna|68/100|[from] Grassy Terrain
|upkeep
|
|t:|1757208288
|switch|p1a: Farigiraf|Farigiraf, L50, M|100/100
|turn|4
|
|t:|1757208295
|move|p1a: Farigiraf|Helping Hand|p1b: Sylveon
|-singleturn|p1b: Sylveon|Helping Hand|[of] p1a: Farigiraf
|move|p2a: Gholdengo|Protect|p2a: Gholdengo
|-singleturn|p2a: Gholdengo|Protect
|move|p1b: Sylveon|Hyper Voice|p2a: Gholdengo|[spread] p2b
|-activate|p2a: Gholdengo|move: Protect
|-damage|p2b: Ursaluna|14/100
|move|p2b: Ursaluna|Hyper Voice|p1b: Sylveon|[spread] p1a,p1b
|-crit|p1a: Farigiraf
|-resisted|p1b: Sylveon
|-damage|p1a: Farigiraf|56/100
|-damage|p1b: Sylveon|17/100
|
|-heal|p1b: Sylveon|24/100|[from] Grassy Terrain
|-heal|p1a: Farigiraf|62/100|[from] Grassy Terrain
|-heal|p2a: Gholdengo|52/100|[from] Grassy Terrain
|-heal|p2b: Ursaluna|20/100|[from] Grassy Terrain
|upkeep
|turn|5
|
|t:|1757208317
|move|p1b: Sylveon|Hyper Voice|p2a: Gholdengo|[spread] p2a,p2b
|-resisted|p2a: Gholdengo
|-damage|p2a: Gholdengo|18/100
|-damage|p2b: Ursaluna|0 fnt
|faint|p2b: Ursaluna
|move|p1a: Farigiraf|Foul Play|p2a: Gholdengo
|-supereffective|p2a: Gholdengo
|-damage|p2a: Gholdengo|0 fnt
|faint|p2a: Gholdengo
|
|-heal|p1b: Sylveon|30/100|[from] Grassy Terrain
|-heal|p1a: Farigiraf|69/100|[from] Grassy Terrain
|-fieldend|move: Grassy Terrain
|upkeep
|
|t:|1757208325
|switch|p2b: Dragonite|Dragonite, L50, F|100/100
|turn|6
|
|t:|1757208334
|move|p1b: Sylveon|Hyper Voice|p2b: Dragonite
|-supereffective|p2b: Dragonite
|-damage|p2b: Dragonite|19/100
|move|p2b: Dragonite|Scale Shot|p1b: Sylveon
|-resisted|p1b: Sylveon
|-damage|p1b: Sylveon|21/100
|-resisted|p1b: Sylveon
|-crit|p1b: Sylveon
|-damage|p1b: Sylveon|8/100
|-resisted|p1b: Sylveon
|-damage|p1b: Sylveon|0 fnt
|faint|p1b: Sylveon
|-hitcount|p1: Sylveon|3
|-unboost|p2b: Dragonite|def|1
|-boost|p2b: Dragonite|spe|1
|move|p1a: Farigiraf|Trick Room|p1a: Farigiraf
|-fieldstart|move: Trick Room|[of] p1a: Farigiraf
|
|-sideend|p1: chamoy-pt2|move: Tailwind
|upkeep
|
|t:|1757208338
|switch|p1b: Rillaboom|Rillaboom, L50, M|100/100
|-fieldstart|move: Grassy Terrain|[from] ability: Grassy Surge|[of] p1b: Rillaboom
|turn|7
|
|t:|1757208343
|move|p1b: Rillaboom|Fake Out|p2b: Dragonite
|-damage|p2b: Dragonite|0 fnt
|faint|p2b: Dragonite
|
|win|chamoy-pt2
