|j|☆birdtamerace
|j|☆lettitripppp
|html|birdtameracelettitripppp    
|uhtml|bestof|Game 1 of a best-of-3
|t:|1785012018
|gametype|doubles
|player|p1|birdtamerace|170|1030
|player|p2|lettitripppp|lucas|1151
|gen|9
|tier|[Gen 9 Champions] VGC 2026 Reg M-B (Bo3)
|rated|
|rule|Species Clause: Limit one of each Pokémon
|rule|Item Clause: Limit 1 of each item
|clearpoke
|poke|p1|Aegislash, L50, F|
|poke|p1|Snorlax, L50, F|
|poke|p1|Pikachu, L50, F|
|poke|p1|Tauros, L50, M|
|poke|p1|Meganium, L50, F|
|poke|p1|Politoed, L50, M|
|poke|p2|Charizard, L50, M, shiny|
|poke|p2|Incineroar, L50, M|
|poke|p2|Toxapex, L50, M, shiny|
|poke|p2|Venusaur, L50, F|
|poke|p2|Garchomp, L50, M|
|poke|p2|Annihilape, L50, M|
|teampreview|4
|showteam|p1|Aegislash||Leftovers|StanceChange|SacredSword,KingsShield,FlashCannon,ShadowBall|Sassy||F|||50|]Snorlax||ChestoBerry|ThickFat|BodySlam,Rest,Recycle,FirePunch|Impish||F|||50|]Pikachu||LightBall|LightningRod|VoltTackle,QuickAttack,Protect,FakeOut|Jolly||F|||50|]Tauros||LifeOrb|Intimidate|BodySlam,HighHorsepower,IronHead,StoneEdge|Jolly||M|||50|]Meganium||Meganiumite|Overgrow|LeechSeed,LightScreen,Reflect,LeafBlade|Careful||F|||50|]Politoed||MysticWater|Drizzle|Blizzard,Encore,Protect,MuddyWater|Calm||M|||50|
|showteam|p2|Charizard||CharizarditeY|Blaze|HelpingHand,WeatherBall,HeatWave,Protect|Modest||M|||50|]Incineroar||SitrusBerry|Intimidate|PartingShot,ThroatChop,FlareBlitz,FakeOut|Impish||M|||50|]Toxapex||Leftovers|Regenerator|WideGuard,Infestation,Toxic,BanefulBunker|Bold||M|||50|]Venusaur||LifeOrb|Chlorophyll|SludgeBomb,EarthPower,SolarBeam,Protect|Modest||F|||50|]Garchomp||ChoiceScarf|RoughSkin|StompingTantrum,DragonClaw,Earthquake,RockSlide|Adamant||M|||50|]Annihilape||FocusSash|Defiant|PhantomForce,CloseCombat,RockTomb,Protect|Jolly||M|||50|
|inactive|Battle timer is ON: inactive players will automatically lose when time's up. (requested by lettitripppp)
|inactive|lettitripppp has 60 seconds left.
|inactive|birdtamerace has 60 seconds left.
|inactive|lettitripppp has 30 seconds left.
|
|t:|1785012083
|teamsize|p1|4
|teamsize|p2|4
|start
|switch|p1a: Politoed|Politoed, L50, M|100/100
|switch|p1b: Tauros|Tauros, L50, M|100/100
|switch|p2a: GRIND-DOWN|Toxapex, L50, M, shiny|100/100
|switch|p2b: PHANTOM BANG|Annihilape, L50, M|100/100
|-ability|p1b: Tauros|Intimidate|boost
|-unboost|p2a: GRIND-DOWN|atk|1
|-unboost|p2b: PHANTOM BANG|atk|1
|-ability|p2b: PHANTOM BANG|Defiant|boost
|-boost|p2b: PHANTOM BANG|atk|2
|-weather|RainDance|[from] ability: Drizzle|[of] p1a: Politoed
|turn|1
|
|t:|1785012102
|switch|p1b: Meganium|Meganium, L50, F|100/100
|move|p1a: Politoed|Protect|p1a: Politoed
|-singleturn|p1a: Politoed|Protect
|move|p2b: PHANTOM BANG|Close Combat|p1b: Meganium
|-damage|p1b: Meganium|10/100
|-unboost|p2b: PHANTOM BANG|def|1
|-unboost|p2b: PHANTOM BANG|spd|1
|move|p2a: GRIND-DOWN|Infestation|p1a: Politoed
|-activate|p1a: Politoed|move: Protect
|
|-weather|RainDance|[upkeep]
|upkeep
|turn|2
|inactive|birdtamerace has 30 seconds left.
|
|t:|1785012127
|move|p2b: PHANTOM BANG|Rock Tomb|p1b: Meganium
|-damage|p1b: Meganium|0 fnt
|faint|p1b: Meganium
|move|p1a: Politoed|Encore|p2a: GRIND-DOWN
|-start|p2a: GRIND-DOWN|Encore
|move|p2a: GRIND-DOWN|Infestation|p1a: Politoed
|-damage|p1a: Politoed|97/100
|-activate|p1a: Politoed|move: Infestation|[of] p2a: GRIND-DOWN
|
|-weather|RainDance|[upkeep]
|-damage|p1a: Politoed|85/100|[from] move: Infestation|[partiallytrapped]
|upkeep
|
|t:|1785012141
|switch|p1b: Snorlax|Snorlax, L50, F|100/100
|turn|3
|
|t:|1785012156
|move|p1a: Politoed|Protect|p1a: Politoed
|-singleturn|p1a: Politoed|Protect
|move|p2b: PHANTOM BANG|Close Combat|p1b: Snorlax
|-supereffective|p1b: Snorlax|1
|-damage|p1b: Snorlax|0 fnt
|-unboost|p2b: PHANTOM BANG|def|1
|-unboost|p2b: PHANTOM BANG|spd|1
|faint|p1b: Snorlax
|move|p2a: GRIND-DOWN|Infestation|p1a: Politoed
|-activate|p1a: Politoed|move: Protect
|
|-weather|RainDance|[upkeep]
|-damage|p1a: Politoed|73/100|[from] move: Infestation|[partiallytrapped]
|upkeep
|
|t:|1785012169
|switch|p1b: Tauros|Tauros, L50, M|100/100
|-ability|p1b: Tauros|Intimidate|boost
|-unboost|p2a: GRIND-DOWN|atk|1
|-unboost|p2b: PHANTOM BANG|atk|1
|-ability|p2b: PHANTOM BANG|Defiant|boost
|-boost|p2b: PHANTOM BANG|atk|2
|turn|4
|
|t:|1785012178
|move|p1b: Tauros|Iron Head|p2b: PHANTOM BANG
|-damage|p2b: PHANTOM BANG|24/100
|-damage|p1b: Tauros|90/100|[from] item: Life Orb
|cant|p2b: PHANTOM BANG|flinch
|move|p1a: Politoed|Blizzard|p2b: PHANTOM BANG|[spread] p2b
|-miss|p1a: Politoed|p2a: GRIND-DOWN
|-damage|p2b: PHANTOM BANG|0 fnt
|faint|p2b: PHANTOM BANG
|move|p2a: GRIND-DOWN|Infestation|p1b: Tauros
|-damage|p1b: Tauros|85/100
|-activate|p1b: Tauros|move: Infestation|[of] p2a: GRIND-DOWN
|
|-weather|RainDance|[upkeep]
|-damage|p1b: Tauros|73/100|[from] move: Infestation|[partiallytrapped]
|-damage|p1a: Politoed|61/100|[from] move: Infestation|[partiallytrapped]
|-end|p2a: GRIND-DOWN|Encore
|upkeep
|
|t:|1785012189
|switch|p2b: AGNI|Charizard, L50, M, shiny|100/100
|turn|5
|
|t:|1785012209
|detailschange|p2b: AGNI|Charizard-Mega-Y, L50, M, shiny
|-mega|p2b: AGNI|Charizard|Charizardite Y
|-weather|SunnyDay|[from] ability: Drought|[of] p2b: AGNI
|move|p2b: AGNI|Protect|p2b: AGNI
|-singleturn|p2b: AGNI|Protect
|move|p1b: Tauros|Stone Edge|p2b: AGNI
|-activate|p2b: AGNI|move: Protect
|move|p1a: Politoed|Muddy Water|p2b: AGNI|[spread] p2a
|-activate|p2b: AGNI|move: Protect
|-resisted|p2a: GRIND-DOWN|1
|-damage|p2a: GRIND-DOWN|96/100
|-unboost|p2a: GRIND-DOWN|accuracy|1
|move|p2a: GRIND-DOWN|Toxic|p1b: Tauros
|-status|p1b: Tauros|tox
|
|-weather|SunnyDay|[upkeep]
|-heal|p2a: GRIND-DOWN|100/100|[from] item: Leftovers
|-damage|p1b: Tauros|67/100 tox|[from] psn
|-damage|p1b: Tauros|55/100 tox|[from] move: Infestation|[partiallytrapped]
|-damage|p1a: Politoed|49/100|[from] move: Infestation|[partiallytrapped]
|upkeep
|turn|6
|inactive|birdtamerace has 30 seconds left.
|
|t:|1785012239
|switch|p2b: SOFT-BOOM|Venusaur, L50, F|100/100
|move|p1b: Tauros|Stone Edge|p2b: SOFT-BOOM
|-damage|p2b: SOFT-BOOM|57/100
|-damage|p1b: Tauros|45/100 tox|[from] item: Life Orb
|move|p1a: Politoed|Encore||[still]
|-fail|p1a: Politoed
|move|p2a: GRIND-DOWN|Toxic|p1a: Politoed
|-status|p1a: Politoed|tox
|
|-weather|SunnyDay|[upkeep]
|-damage|p1b: Tauros|33/100 tox|[from] psn
|-damage|p1a: Politoed|43/100 tox|[from] psn
|-damage|p1b: Tauros|21/100 tox|[from] move: Infestation|[partiallytrapped]
|-end|p1a: Politoed|Infestation|[partiallytrapped]
|upkeep
|turn|7
|
|t:|1785012262
|move|p2b: SOFT-BOOM|Solar Beam||[still]
|-prepare|p2b: SOFT-BOOM|Solar Beam
|-anim|p2b: SOFT-BOOM|Solar Beam|p1b: Tauros
|-damage|p1b: Tauros|0 fnt
|faint|p1b: Tauros
|-damage|p2b: SOFT-BOOM|47/100|[from] item: Life Orb
|move|p1a: Politoed|Blizzard|p2a: GRIND-DOWN|[spread] p2a,p2b
|-resisted|p2a: GRIND-DOWN|1
|-supereffective|p2b: SOFT-BOOM|1
|-damage|p2a: GRIND-DOWN|92/100
|-damage|p2b: SOFT-BOOM|8/100
|move|p2a: GRIND-DOWN|Infestation|p1a: Politoed
|-damage|p1a: Politoed|41/100 tox
|-activate|p1a: Politoed|move: Infestation|[of] p2a: GRIND-DOWN
|
|-weather|SunnyDay|[upkeep]
|-heal|p2a: GRIND-DOWN|98/100|[from] item: Leftovers
|-damage|p1a: Politoed|28/100 tox|[from] psn
|-damage|p1a: Politoed|16/100 tox|[from] move: Infestation|[partiallytrapped]
|upkeep
|turn|8
|c|☆lettitripppp|gg
|
|t:|1785012281
|move|p2a: GRIND-DOWN|Baneful Bunker|p2a: GRIND-DOWN
|-singleturn|p2a: GRIND-DOWN|move: Protect
|move|p2b: SOFT-BOOM|Solar Beam||[still]
|-prepare|p2b: SOFT-BOOM|Solar Beam
|-anim|p2b: SOFT-BOOM|Solar Beam|p1a: Politoed
|-supereffective|p1a: Politoed|1
|-damage|p1a: Politoed|0 fnt
|faint|p1a: Politoed
|-damage|p2b: SOFT-BOOM|0 fnt|[from] item: Life Orb
|faint|p2b: SOFT-BOOM
|
|win|lettitripppp
