|j|☆othunder21
|j|☆Nezk025
|html|othunder21Nezk025    
|uhtml|bestof|Game 2 of a best-of-3
|t:|1785353057
|gametype|doubles
|player|p1|othunder21|nate|
|player|p2|Nezk025|nate|
|gen|9
|tier|[Gen 9 Champions] VGC 2026 Reg M-B (Bo3)
|rule|Species Clause: Limit one of each Pokémon
|rule|Item Clause: Limit 1 of each item
|clearpoke
|poke|p1|Charizard, L50, M|
|poke|p1|Sylveon, L50, F|
|poke|p1|Farigiraf, L50, M|
|poke|p1|Aerodactyl, L50, M|
|poke|p1|Kingambit, L50, M|
|poke|p1|Garchomp, L50, F|
|poke|p2|Excadrill, L50, M|
|poke|p2|Tyranitar, L50, M|
|poke|p2|Corviknight, L50, F|
|poke|p2|Hydreigon, L50, M|
|poke|p2|Rotom-Wash, L50|
|poke|p2|Mimikyu, L50, F|
|teampreview|4
|showteam|p1|Charizard||CharizarditeY|SolarPower|Protect,WeatherBall,SolarBeam,HeatWave|Modest||M|||50|]Sylveon||FairyFeather|Pixilate|Detect,HyperVoice,QuickAttack,HyperBeam|Modest||F|||50|]Farigiraf||SitrusBerry|ArmorTail|Thunderbolt,TwinBeam,Roar,TrickRoom|Bold||M|||50|]Aerodactyl||Aerodactylite|Unnerve|RockSlide,DualWingbeat,IceFang,Tailwind|Jolly||M|||50|]Kingambit||FocusSash|Defiant|KowtowCleave,SuckerPunch,IronHead,LowKick|Adamant||M|||50|]Garchomp||LifeOrb|RoughSkin|Earthquake,StompingTantrum,DragonClaw,Protect|Jolly||F|||50|
|showteam|p2|Excadrill||FocusSash|SandRush|Protect,Earthquake,IronHead,RockTomb|Adamant||M|||50|]Tyranitar||Tyranitarite|SandStream|Protect,RockSlide,KnockOff,LowKick|Adamant||M|||50|]Corviknight||Leftovers|MirrorArmor|Roost,BraveBird,Tailwind,BulkUp|Careful||F|||50|]Hydreigon||ChoiceScarf|Levitate|DragonPulse,DarkPulse,Snarl,EarthPower|Modest||M|||50|]Rotom-Wash||SitrusBerry|Levitate|Protect,Thunderbolt,HydroPump,Reflect|Modest|||||50|]Mimikyu||FairyFeather|Disguise|Taunt,PlayRough,ShadowClaw,Protect|Adamant||F|||50|
|inactive|Battle timer is ON: inactive players will automatically lose when time's up. (requested by othunder21)
|inactive|othunder21 has 60 seconds left.
|
|t:|1785353093
|teamsize|p1|4
|teamsize|p2|4
|start
|switch|p1a: Farigiraf|Farigiraf, L50, M|100/100
|switch|p1b: Sylveon|Sylveon, L50, F|100/100
|switch|p2a: Tyranitar|Tyranitar, L50, M|100/100
|switch|p2b: Mimikyu|Mimikyu, L50, F|100/100
|-weather|Sandstorm|[from] ability: Sand Stream|[of] p2a: Tyranitar
|turn|1
|inactive|othunder21 has 30 seconds left.
|
|t:|1785353120
|move|p2a: Tyranitar|Protect|p2a: Tyranitar
|-singleturn|p2a: Tyranitar|Protect
|move|p1b: Sylveon|Detect|p1b: Sylveon
|-singleturn|p1b: Sylveon|Protect
|move|p2b: Mimikyu|Taunt|p1a: Farigiraf
|-start|p1a: Farigiraf|move: Taunt
|move|p1a: Farigiraf|Twin Beam|p2b: Mimikyu
|-activate|p2b: Mimikyu|ability: Disguise
|-damage|p2b: Mimikyu|100/100
|detailschange|p2b: Mimikyu|Mimikyu-Busted, L50, F
|-damage|p2b: Mimikyu|87/100|[from] pokemon: Mimikyu-Busted
|-damage|p2b: Mimikyu|66/100
|-hitcount|p2b: Mimikyu|2
|
|-weather|Sandstorm|[upkeep]
|-damage|p2b: Mimikyu|60/100|[from] Sandstorm
|-damage|p1b: Sylveon|94/100|[from] Sandstorm
|-damage|p1a: Farigiraf|94/100|[from] Sandstorm
|upkeep
|turn|2
|inactive|othunder21 has 30 seconds left.
|
|t:|1785353146
|detailschange|p2a: Tyranitar|Tyranitar-Mega, L50, M
|-mega|p2a: Tyranitar|Tyranitar|Tyranitarite
|move|p2b: Mimikyu|Play Rough|p1b: Sylveon
|-damage|p1b: Sylveon|41/100
|move|p2a: Tyranitar|Rock Slide|p1a: Farigiraf|[spread] p1a,p1b
|-damage|p1a: Farigiraf|66/100
|-damage|p1b: Sylveon|0 fnt
|faint|p1b: Sylveon
|move|p1a: Farigiraf|Thunderbolt|p2a: Tyranitar
|-damage|p2a: Tyranitar|87/100
|
|-weather|Sandstorm|[upkeep]
|-damage|p2b: Mimikyu|54/100|[from] Sandstorm
|-damage|p1a: Farigiraf|60/100|[from] Sandstorm
|upkeep
|
|t:|1785353162
|switch|p1b: Garchomp|Garchomp, L50, F|100/100
|turn|3
|
|t:|1785353179
|switch|p2a: Hydreigon|Hydreigon, L50, M|100/100
|move|p1b: Garchomp|Protect|p1b: Garchomp
|-singleturn|p1b: Garchomp|Protect
|move|p2b: Mimikyu|Shadow Claw|p1b: Garchomp
|-activate|p1b: Garchomp|move: Protect
|move|p1a: Farigiraf|Thunderbolt|p2a: Hydreigon
|-resisted|p2a: Hydreigon|1
|-damage|p2a: Hydreigon|86/100
|
|-weather|Sandstorm|[upkeep]
|-damage|p2a: Hydreigon|80/100|[from] Sandstorm
|-damage|p2b: Mimikyu|48/100|[from] Sandstorm
|-damage|p1a: Farigiraf|54/100|[from] Sandstorm
|-end|p1a: Farigiraf|move: Taunt
|upkeep
|turn|4
|inactive|othunder21 has 30 seconds left.
|inactive|othunder21 has 20 seconds left.
|inactive|othunder21 has 15 seconds left.
|
|t:|1785353220
|switch|p1b: Charizard|Charizard, L50, M|100/100
|move|p2a: Hydreigon|Dragon Pulse|p1b: Charizard
|-damage|p1b: Charizard|45/100
|move|p2b: Mimikyu|Taunt|p1a: Farigiraf
|-start|p1a: Farigiraf|move: Taunt
|move|p1a: Farigiraf|Thunderbolt|p2a: Hydreigon
|-resisted|p2a: Hydreigon|1
|-damage|p2a: Hydreigon|66/100
|
|-weather|Sandstorm|[upkeep]
|-damage|p2a: Hydreigon|60/100|[from] Sandstorm
|-damage|p2b: Mimikyu|41/100|[from] Sandstorm
|-damage|p1b: Charizard|39/100|[from] Sandstorm
|-damage|p1a: Farigiraf|49/100|[from] Sandstorm
|-enditem|p1a: Farigiraf|Sitrus Berry|[eat]
|-heal|p1a: Farigiraf|73/100|[from] item: Sitrus Berry
|upkeep
|turn|5
|
|t:|1785353237
|switch|p2a: Excadrill|Excadrill, L50, M|100/100
|move|p1b: Charizard|Protect|p1b: Charizard
|-singleturn|p1b: Charizard|Protect
|move|p2b: Mimikyu|Shadow Claw|p1b: Charizard
|-activate|p1b: Charizard|move: Protect
|move|p1a: Farigiraf|Twin Beam|p2b: Mimikyu
|-damage|p2b: Mimikyu|19/100
|-damage|p2b: Mimikyu|0 fnt
|faint|p2b: Mimikyu
|-hitcount|p2: Mimikyu|2
|
|-weather|none
|upkeep
|
|t:|1785353255
|switch|p2b: Hydreigon|Hydreigon, L50, M|60/100
|turn|6
|
|t:|1785353264
|switch|p1b: Garchomp|Garchomp, L50, F|100/100
|move|p2b: Hydreigon|Dark Pulse|p1a: Farigiraf
|-supereffective|p1a: Farigiraf|1
|-damage|p1a: Farigiraf|0 fnt
|faint|p1a: Farigiraf
|move|p2a: Excadrill|Rock Tomb|p1b: Garchomp
|-resisted|p1b: Garchomp|1
|-damage|p1b: Garchomp|89/100
|-unboost|p1b: Garchomp|spe|1
|
|upkeep
|
|t:|1785353272
|switch|p1a: Charizard|Charizard, L50, M|39/100
|turn|7
|inactive|othunder21 has 30 seconds left.
|inactive|Nezk025 has 30 seconds left.
|
|t:|1785353307
|switch|p2b: Tyranitar|Tyranitar-Mega, L50, M|87/100
|-weather|Sandstorm|[from] ability: Sand Stream|[of] p2b: Tyranitar
|detailschange|p1a: Charizard|Charizard-Mega-Y, L50, M
|-mega|p1a: Charizard|Charizard|Charizardite Y
|-weather|SunnyDay|[from] ability: Drought|[of] p1a: Charizard
|move|p2a: Excadrill|Rock Tomb|p1a: Charizard
|-supereffective|p1a: Charizard|2
|-damage|p1a: Charizard|0 fnt
|faint|p1a: Charizard
|move|p1b: Garchomp|Earthquake|p2a: Excadrill|[spread] p2a,p2b
|-supereffective|p2a: Excadrill|1
|-supereffective|p2b: Tyranitar|1
|-enditem|p2a: Excadrill|Focus Sash
|-damage|p2a: Excadrill|1/100
|-damage|p2b: Tyranitar|22/100
|-damage|p1b: Garchomp|79/100|[from] item: Life Orb
|
|-weather|SunnyDay|[upkeep]
|upkeep
|turn|8
|-message|othunder21 forfeited.
|
|win|Nezk025
