|j|☆p1ch1pichi
|j|☆eskyur
|html|p1ch1pichieskyur    
|uhtml|bestof|Game 2 of a best-of-3
|t:|1784308476
|gametype|doubles
|player|p1|p1ch1pichi|n|1192
|player|p2|eskyur|steven|1108
|gen|9
|tier|[Gen 9 Champions] VGC 2026 Reg M-B (Bo3)
|rated|
|rule|Species Clause: Limit one of each Pokémon
|rule|Item Clause: Limit 1 of each item
|clearpoke
|poke|p1|Ampharos, L50, M, shiny|
|poke|p1|Farigiraf, L50, F, shiny|
|poke|p1|Incineroar, L50, M|
|poke|p1|Vivillon, L50, M, shiny|
|poke|p1|Vanilluxe, L50, M|
|poke|p1|Goodra-Hisui, L50, M|
|poke|p2|Staraptor, L50, F|
|poke|p2|Grimmsnarl, L50, M|
|poke|p2|Sinistcha, L50|
|poke|p2|Blastoise, L50, M|
|poke|p2|Incineroar, L50, F|
|poke|p2|Glimmora, L50, M|
|teampreview|4
|showteam|p1|Ampharos||Ampharosite|Static|DragonPulse,Thunderbolt,PowerGem,Protect|Quiet||M|||50|]Farigiraf||ColburBerry|ArmorTail|Psychic,TrickRoom,HelpingHand,Protect|Relaxed||F|||50|]Incineroar||PasshoBerry|Intimidate|PartingShot,FakeOut,FlareBlitz,ThroatChop|Brave||M|||50|]Vivillon||FocusSash|CompoundEyes|Protect,SleepPowder,Whirlwind,Hurricane|Timid||M|||50|]Vanilluxe||NeverMeltIce|SnowWarning|Protect,Blizzard,FreezeDry,AuroraVeil|Quiet||M|||50|]Goodra-Hisui||Leftovers|ShellArmor|Protect,Shelter,BodyPress,HeavySlam|Relaxed||M|||50|
|showteam|p2|Staraptor||Staraptite|Intimidate|CloseCombat,BraveBird,Roost,Protect|Jolly||F|||50|]Grimmsnarl||LightClay|Prankster|SpiritBreak,PartingShot,Reflect,LightScreen|Bold||M|||50|]Sinistcha||KasibBerry|Hospitality|MatchaGotcha,RagePowder,TrickRoom,LifeDew|Bold|||||50|]Blastoise||Blastoisinite|Torrent|WaterSpout,DarkPulse,ShellSmash,Protect|Modest||M|||50|]Incineroar||SitrusBerry|Intimidate|FlareBlitz,ThroatChop,PartingShot,FakeOut|Careful||F|||50|]Glimmora||FocusSash|ToxicDebris|SludgeBomb,PowerGem,EarthPower,SpikyShield|Modest||M|||50|
|inactive|Battle timer is ON: inactive players will automatically lose when time's up. (requested by p1ch1pichi)
|
|t:|1784308502
|teamsize|p1|4
|teamsize|p2|4
|start
|switch|p1a: Yoghurt|Ampharos, L50, M, shiny|100/100
|switch|p1b: Float|Farigiraf, L50, F, shiny|100/100
|switch|p2a: Blastoise|Blastoise, L50, M|100/100
|switch|p2b: Incineroar|Incineroar, L50, F|100/100
|-ability|p2b: Incineroar|Intimidate|boost
|-unboost|p1a: Yoghurt|atk|1
|-unboost|p1b: Float|atk|1
|turn|1
|
|t:|1784308521
|detailschange|p2a: Blastoise|Blastoise-Mega, L50, M
|-mega|p2a: Blastoise|Blastoise|Blastoisinite
|detailschange|p1a: Yoghurt|Ampharos-Mega, L50, M, shiny
|-mega|p1a: Yoghurt|Ampharos|Ampharosite
|-ability|p1a: Yoghurt|Mold Breaker
|move|p1a: Yoghurt|Protect|p1a: Yoghurt
|-singleturn|p1a: Yoghurt|Protect
|move|p2a: Blastoise|Dark Pulse|p1b: Float
|-supereffective|p1b: Float|1
|-enditem|p1b: Float|Colbur Berry|[eat]
|-enditem|p1b: Float|Colbur Berry|[weaken]
|-damage|p1b: Float|54/100
|move|p2b: Incineroar|Throat Chop|p1b: Float
|-supereffective|p1b: Float|1
|-damage|p1b: Float|3/100
|-start|p1b: Float|Throat Chop|[silent]
|move|p1b: Float|Trick Room|p1b: Float
|-fieldstart|move: Trick Room|[of] p1b: Float
|
|upkeep
|turn|2
|inactive|eskyur has 30 seconds left.
|
|t:|1784308552
|switch|p2a: Sinistcha|Sinistcha, L50|100/100
|move|p1b: Float|Helping Hand|p1a: Yoghurt
|-singleturn|p1a: Yoghurt|Helping Hand|[of] p1b: Float
|move|p1a: Yoghurt|Thunderbolt|p2a: Sinistcha
|-resisted|p2a: Sinistcha|1
|-damage|p2a: Sinistcha|53/100
|move|p2b: Incineroar|Parting Shot|p1a: Yoghurt
|-unboost|p1a: Yoghurt|atk|1
|-unboost|p1a: Yoghurt|spa|1
|
|t:|1784308563
|switch|p2b: Grimmsnarl|Grimmsnarl, L50, M|100/100|[from] Parting Shot
|
|-end|p1b: Float|Throat Chop|[silent]
|upkeep
|turn|3
|
|t:|1784308572
|switch|p1a: Coke|Incineroar, L50, M|100/100
|-ability|p1a: Coke|Intimidate|boost
|-unboost|p2a: Sinistcha|atk|1
|-unboost|p2b: Grimmsnarl|atk|1
|move|p1b: Float|Protect|p1b: Float
|-singleturn|p1b: Float|Protect
|move|p2b: Grimmsnarl|Light Screen|p2b: Grimmsnarl
|-sidestart|p2: eskyur|move: Light Screen
|move|p2a: Sinistcha|Matcha Gotcha|p1a: Coke|[spread] p1a
|-activate|p1b: Float|move: Protect
|-resisted|p1a: Coke|1
|-damage|p1a: Coke|88/100
|-heal|p2a: Sinistcha|60/100|[from] drain|[of] p1a: Coke
|
|upkeep
|turn|4
|inactive|p1ch1pichi has 30 seconds left.
|inactive|p1ch1pichi has 20 seconds left.
|
|t:|1784308610
|switch|p1b: Goodra|Goodra-Hisui, L50, M|100/100
|switch|p2a: Incineroar|Incineroar, L50, F|100/100
|-ability|p2a: Incineroar|Intimidate|boost
|-unboost|p1a: Coke|atk|1
|-unboost|p1b: Goodra|atk|1
|move|p1a: Coke|Throat Chop|p2a: Incineroar
|-resisted|p2a: Incineroar|1
|-damage|p2a: Incineroar|88/100
|-start|p2a: Incineroar|Throat Chop|[silent]
|move|p2b: Grimmsnarl|Spirit Break|p1b: Goodra
|-damage|p1b: Goodra|86/100
|-unboost|p1b: Goodra|spa|1
|
|-heal|p1b: Goodra|92/100|[from] item: Leftovers
|upkeep
|turn|5
|inactive|eskyur has 30 seconds left.
|inactive|eskyur has 20 seconds left.
|inactive|eskyur has 15 seconds left.
|inactive|eskyur has 10 seconds left.
|
|t:|1784308658
|switch|p1a: Float|Farigiraf, L50, F, shiny|3/100
|switch|p2a: Sinistcha|Sinistcha, L50|60/100
|move|p2b: Grimmsnarl|Parting Shot||[still]
|cant|p1a: Float|ability: Armor Tail|Parting Shot|[of] p2b: Grimmsnarl
|move|p1b: Goodra|Shelter|p1b: Goodra
|-boost|p1b: Goodra|def|2
|
|-heal|p1b: Goodra|98/100|[from] item: Leftovers
|-fieldend|move: Trick Room
|upkeep
|turn|6
|inactive|p1ch1pichi has 30 seconds left.
|
|t:|1784308683
|switch|p2b: Incineroar|Incineroar, L50, F|88/100
|-ability|p2b: Incineroar|Intimidate|boost
|-unboost|p1a: Float|atk|1
|-unboost|p1b: Goodra|atk|1
|move|p1a: Float|Helping Hand|p1b: Goodra
|-singleturn|p1b: Goodra|Helping Hand|[of] p1a: Float
|move|p2a: Sinistcha|Matcha Gotcha|p1a: Float|[spread] p1a
|-miss|p2a: Sinistcha|p1b: Goodra
|-damage|p1a: Float|0 fnt
|-heal|p2a: Sinistcha|62/100|[from] drain|[of] p1a: Float
|faint|p1a: Float
|move|p1b: Goodra|Heavy Slam|p2b: Incineroar
|-resisted|p2b: Incineroar|1
|-damage|p2b: Incineroar|77/100
|
|-heal|p1b: Goodra|100/100|[from] item: Leftovers
|upkeep
|
|t:|1784308701
|switch|p1a: Coke|Incineroar, L50, M|88/100
|-ability|p1a: Coke|Intimidate|boost
|-unboost|p2a: Sinistcha|atk|1
|-unboost|p2b: Incineroar|atk|1
|turn|7
|
|t:|1784308711
|move|p1a: Coke|Fake Out|p2b: Incineroar
|-damage|p2b: Incineroar|65/100
|move|p2a: Sinistcha|Rage Powder|p2a: Sinistcha
|-singleturn|p2a: Sinistcha|move: Rage Powder
|cant|p2b: Incineroar|flinch
|move|p1b: Goodra|Heavy Slam|p2a: Sinistcha
|-damage|p2a: Sinistcha|43/100
|
|upkeep
|turn|8
|
|t:|1784308725
|switch|p2b: Blastoise|Blastoise-Mega, L50, M|100/100
|move|p2a: Sinistcha|Life Dew||[still]|[spread] p2a,p2b
|-heal|p2a: Sinistcha|69/100
|-fail|p2b: Blastoise|heal
|move|p1b: Goodra|Body Press|p2b: Blastoise
|-damage|p2b: Blastoise|47/100
|move|p1a: Coke|Flare Blitz|p2a: Sinistcha
|-supereffective|p2a: Sinistcha|1
|-damage|p2a: Sinistcha|0 fnt
|faint|p2a: Sinistcha
|-damage|p1a: Coke|67/100|[from] Recoil
|
|upkeep
|
|t:|1784308732
|switch|p2a: Incineroar|Incineroar, L50, F|65/100
|-ability|p2a: Incineroar|Intimidate|boost
|-unboost|p1a: Coke|atk|1
|-unboost|p1b: Goodra|atk|1
|turn|9
|
|t:|1784308751
|move|p2a: Incineroar|Fake Out|p1b: Goodra
|-resisted|p1b: Goodra|1
|-damage|p1b: Goodra|97/100
|move|p2b: Blastoise|Shell Smash|p2b: Blastoise
|-unboost|p2b: Blastoise|def|1
|-unboost|p2b: Blastoise|spd|1
|-boost|p2b: Blastoise|atk|2
|-boost|p2b: Blastoise|spa|2
|-boost|p2b: Blastoise|spe|2
|cant|p1b: Goodra|flinch
|move|p1a: Coke|Parting Shot|p2b: Blastoise
|-unboost|p2b: Blastoise|atk|1
|-unboost|p2b: Blastoise|spa|1
|
|t:|1784308762
|switch|p1a: Yoghurt|Ampharos-Mega, L50, M, shiny|100/100|[from] Parting Shot
|-ability|p1a: Yoghurt|Mold Breaker
|
|-heal|p1b: Goodra|100/100|[from] item: Leftovers
|upkeep
|turn|10
|
|t:|1784308785
|move|p2b: Blastoise|Dark Pulse|p1a: Yoghurt
|-crit|p1a: Yoghurt
|-damage|p1a: Yoghurt|18/100
|move|p2a: Incineroar|Parting Shot|p1a: Yoghurt
|-unboost|p1a: Yoghurt|atk|1
|-unboost|p1a: Yoghurt|spa|1
|
|t:|1784308789
|switch|p2a: Grimmsnarl|Grimmsnarl, L50, M|100/100|[from] Parting Shot
|move|p1b: Goodra|Body Press|p2a: Grimmsnarl
|-damage|p2a: Grimmsnarl|47/100
|move|p1a: Yoghurt|Thunderbolt|p2b: Blastoise
|-supereffective|p2b: Blastoise|1
|-damage|p2b: Blastoise|0 fnt
|faint|p2b: Blastoise
|
|-sideend|p2: eskyur|move: Light Screen
|upkeep
|
|t:|1784308798
|switch|p2b: Incineroar|Incineroar, L50, F|65/100
|-ability|p2b: Incineroar|Intimidate|boost
|-unboost|p1a: Yoghurt|atk|1
|-unboost|p1b: Goodra|atk|1
|turn|11
|l|☆eskyur
|inactive|eskyur disconnected and has a minute to reconnect!
|player|p2|
|inactive|eskyur has 30 seconds left.
|inactive|eskyur has 20 seconds left.
|inactive|eskyur has 15 seconds left.
|inactive|eskyur has 10 seconds left.
|inactive|eskyur has 5 seconds left.
|-message|eskyur lost due to inactivity.
|
|win|p1ch1pichi
||p1ch1pichi is ready for game 3.
|inactive|eskyur has 10 seconds to reconnect!
|inactive|eskyur has 0 seconds to reconnect!
