|j|☆Tvyycc
|j|☆BackonmyPittBull
|html|TvyyccBackonmyPittBull    
|uhtml|bestof|Game 2 of a best-of-3
|t:|1754998602
|gametype|doubles
|player|p1|Tvyycc|266|1122
|player|p2|BackonmyPittBull|n|1212
|gen|9
|tier|[Gen 9] VGC 2025 Reg H (Bo3)
|rated|
|rule|Species Clause: Limit one of each Pokémon
|rule|Item Clause: Limit 1 of each item
|clearpoke
|poke|p1|Tyranitar, L50, M|
|poke|p1|Excadrill, L50, M|
|poke|p1|Arcanine-Hisui, L50, M|
|poke|p1|Corviknight, L50, M|
|poke|p1|Archaludon, L50, M|
|poke|p1|Ursaluna-Bloodmoon, L50, M|
|poke|p2|Charizard, L50, M|
|poke|p2|Torkoal, L50, F|
|poke|p2|Porygon2, L50|
|poke|p2|Incineroar, L50, F|
|poke|p2|Jumpluff, L50, F|
|poke|p2|Ursaluna, L50, F|
|teampreview|4
|showteam|p1|Tyranitar||SitrusBerry|SandStream|Protect,Taunt,KnockOff,RockSlide|||M|||50|,,,,,Flying]Excadrill||ClearAmulet|SandRush|Protect,IronHead,StompingTantrum,Earthquake|||M|||50|,,,,,Ground]Arcanine-Hisui||CovertCloak|Intimidate|Protect,Howl,ExtremeSpeed,FlareBlitz|||M|||50|,,,,,Grass]Corviknight||SafetyGoggles|MirrorArmor|Protect,Roost,Tailwind,BraveBird|||M|||50|,,,,,Dragon]Archaludon||PowerHerb|Sturdy|Protect,ElectroShot,Thunderbolt,DragonPulse|||M|||50|,,,,,Electric]Ursaluna-Bloodmoon||LifeOrb|MindsEye|Protect,HyperVoice,BloodMoon,EarthPower|||M|||50|,,,,,Ghost
|showteam|p2|Charizard||ChoiceSpecs|SolarPower|HeatWave,Overheat,WeatherBall,AirSlash|||M|||50|,,,,,Ghost]Torkoal||EjectPack|Drought|Eruption,Overheat,HelpingHand,Protect|||F|||50|,,,,,Fire]Porygon2||Eviolite|Download|TeraBlast,IceBeam,Recover,TrickRoom||||||50|,,,,,Fighting]Incineroar||SitrusBerry|Intimidate|FlareBlitz,KnockOff,FakeOut,PartingShot|||F|||50|,,,,,Ghost]Jumpluff||CovertCloak|Chlorophyll|SleepPowder,SunnyDay,RagePowder,Tailwind|||F|||50|,,,,,Water]Ursaluna||FlameOrb|Guts|HeadlongRush,Facade,Earthquake,Protect|||F|||50|,,,,,Ghost
|
|t:|1754998658
|teamsize|p1|4
|teamsize|p2|4
|start
|switch|p1a: Corviknight|Corviknight, L50, M|100/100
|switch|p1b: Arcanine|Arcanine-Hisui, L50, M|100/100
|switch|p2a: Porygon2|Porygon2, L50|100/100
|switch|p2b: Incineroar|Incineroar, L50, F|100/100
|-ability|p1b: Arcanine|Intimidate|boost
|-unboost|p2a: Porygon2|atk|1
|-unboost|p2b: Incineroar|atk|1
|-ability|p2b: Incineroar|Intimidate|boost
|-ability|p1a: Corviknight|Mirror Armor
|-unboost|p2b: Incineroar|atk|1
|-unboost|p1b: Arcanine|atk|1
|-ability|p2a: Porygon2|Download|boost
|-boost|p2a: Porygon2|atk|1
|turn|1
|
|t:|1754998702
|move|p1b: Arcanine|Flare Blitz|p2b: Incineroar
|-resisted|p2b: Incineroar
|-damage|p2b: Incineroar|86/100
|-damage|p1b: Arcanine|96/100|[from] Recoil
|move|p2b: Incineroar|Parting Shot|p1b: Arcanine
|-unboost|p1b: Arcanine|atk|1
|-unboost|p1b: Arcanine|spa|1
|
|t:|1754998715
|switch|p2b: Torkoal|Torkoal, L50, F|100/100|[from] Parting Shot
|-weather|SunnyDay|[from] ability: Drought|[of] p2b: Torkoal
|move|p1a: Corviknight|Brave Bird|p2b: Torkoal
|-damage|p2b: Torkoal|72/100
|-damage|p1a: Corviknight|92/100|[from] Recoil
|move|p2a: Porygon2|Trick Room|p2a: Porygon2
|-fieldstart|move: Trick Room|[of] p2a: Porygon2
|
|-weather|SunnyDay|[upkeep]
|upkeep
|turn|2
|
|t:|1754998760
|switch|p1a: Tyranitar|Tyranitar, L50, M|100/100
|-weather|Sandstorm|[from] ability: Sand Stream|[of] p1a: Tyranitar
|-terastallize|p2a: Porygon2|Fighting
|move|p2b: Torkoal|Overheat|p1a: Tyranitar|[miss]
|-miss|p2b: Torkoal|p1a: Tyranitar
|move|p2a: Porygon2|Tera Blast|p1b: Arcanine|[anim] Tera Blast Fighting
|-supereffective|p1b: Arcanine
|-damage|p1b: Arcanine|50/100
|move|p1b: Arcanine|Flare Blitz|p2a: Porygon2
|-crit|p2a: Porygon2
|-damage|p2a: Porygon2|55/100
|-damage|p1b: Arcanine|36/100|[from] Recoil
|
|-weather|Sandstorm|[upkeep]
|-damage|p2b: Torkoal|65/100|[from] Sandstorm
|-damage|p2a: Porygon2|48/100|[from] Sandstorm
|upkeep
|turn|3
|
|t:|1754998803
|move|p1a: Tyranitar|Protect|p1a: Tyranitar
|-singleturn|p1a: Tyranitar|Protect
|move|p1b: Arcanine|Extreme Speed|p2a: Porygon2
|-damage|p2a: Porygon2|42/100
|move|p2b: Torkoal|Overheat|p1a: Tyranitar
|-activate|p1a: Tyranitar|move: Protect
|move|p2a: Porygon2|Recover|p2a: Porygon2
|-heal|p2a: Porygon2|92/100
|
|-weather|Sandstorm|[upkeep]
|-damage|p2b: Torkoal|59/100|[from] Sandstorm
|-damage|p2a: Porygon2|85/100|[from] Sandstorm
|upkeep
|turn|4
|
|t:|1754998845
|switch|p1b: Corviknight|Corviknight, L50, M|92/100
|move|p2b: Torkoal|Overheat|p1a: Tyranitar
|-resisted|p1a: Tyranitar
|-damage|p1a: Tyranitar|84/100
|-unboost|p2b: Torkoal|spa|2
|-enditem|p2b: Torkoal|Eject Pack
|
|t:|1754998857
|switch|p2b: Incineroar|Incineroar, L50, F|86/100
|-ability|p2b: Incineroar|Intimidate|boost
|-unboost|p1a: Tyranitar|atk|1
|-ability|p1b: Corviknight|Mirror Armor
|-unboost|p2b: Incineroar|atk|1
|move|p2a: Porygon2|Tera Blast|p1a: Tyranitar|[anim] Tera Blast Fighting
|-supereffective|p1a: Tyranitar
|-damage|p1a: Tyranitar|0 fnt
|faint|p1a: Tyranitar
|
|-weather|Sandstorm|[upkeep]
|-damage|p2a: Porygon2|79/100|[from] Sandstorm
|-damage|p2b: Incineroar|80/100|[from] Sandstorm
|upkeep
|
|t:|1754998874
|switch|p1a: Excadrill|Excadrill, L50, M|100/100
|turn|5
|
|t:|1754998901
|switch|p2b: Torkoal|Torkoal, L50, F|59/100
|-weather|SunnyDay|[from] ability: Drought|[of] p2b: Torkoal
|move|p1b: Corviknight|Protect|p1b: Corviknight
|-singleturn|p1b: Corviknight|Protect
|move|p1a: Excadrill|Protect|p1a: Excadrill
|-singleturn|p1a: Excadrill|Protect
|move|p2a: Porygon2|Recover|p2a: Porygon2
|-heal|p2a: Porygon2|100/100
|
|-weather|SunnyDay|[upkeep]
|-fieldend|move: Trick Room
|upkeep
|turn|6
|
|t:|1754998922
|switch|p2b: Incineroar|Incineroar, L50, F|80/100
|-ability|p2b: Incineroar|Intimidate|boost
|-fail|p1a: Excadrill|unboost|[from] item: Clear Amulet|[of] p1a: Excadrill
|-ability|p1b: Corviknight|Mirror Armor
|-unboost|p2b: Incineroar|atk|1
|-terastallize|p1a: Excadrill|Ground
|move|p1a: Excadrill|Earthquake|p2b: Incineroar|[spread] p2a,p2b
|-immune|p1b: Corviknight
|-supereffective|p2b: Incineroar
|-damage|p2a: Porygon2|63/100
|-damage|p2b: Incineroar|0 fnt
|faint|p2b: Incineroar
|move|p1b: Corviknight|Brave Bird|p2a: Porygon2
|-supereffective|p2a: Porygon2
|-damage|p2a: Porygon2|10/100
|-damage|p1b: Corviknight|76/100|[from] Recoil
|move|p2a: Porygon2|Trick Room|p2a: Porygon2
|-fieldstart|move: Trick Room|[of] p2a: Porygon2
|
|-weather|SunnyDay|[upkeep]
|upkeep
|
|t:|1754998940
|switch|p2b: Torkoal|Torkoal, L50, F|59/100
|turn|7
|
|t:|1754998975
|switch|p2a: Ursaluna|Ursaluna, L50, F|100/100
|switch|p1a: Arcanine|Arcanine-Hisui, L50, M|36/100
|-ability|p1a: Arcanine|Intimidate|boost
|-unboost|p2a: Ursaluna|atk|1
|-unboost|p2b: Torkoal|atk|1
|move|p1b: Corviknight|Protect|p1b: Corviknight
|-singleturn|p1b: Corviknight|Protect
|move|p2b: Torkoal|Eruption|p1a: Arcanine|[spread] p1a
|-activate|p1b: Corviknight|move: Protect
|-resisted|p1a: Arcanine
|-damage|p1a: Arcanine|27/100
|
|-weather|SunnyDay|[upkeep]
|-status|p2a: Ursaluna|brn|[from] item: Flame Orb
|upkeep
|turn|8
|
|t:|1754999015
|move|p1a: Arcanine|Extreme Speed|p2b: Torkoal
|-damage|p2b: Torkoal|44/100
|move|p2b: Torkoal|Eruption|p1b: Corviknight|[spread] p1a,p1b
|-resisted|p1a: Arcanine
|-supereffective|p1b: Corviknight
|-damage|p1a: Arcanine|20/100
|-damage|p1b: Corviknight|28/100
|move|p1b: Corviknight|Brave Bird|p2b: Torkoal
|-crit|p2b: Torkoal
|-damage|p2b: Torkoal|1/100
|-damage|p1b: Corviknight|16/100|[from] Recoil
|move|p2a: Ursaluna|Facade|p1a: Arcanine
|-resisted|p1a: Arcanine
|-damage|p1a: Arcanine|0 fnt
|faint|p1a: Arcanine
|
|-weather|SunnyDay|[upkeep]
|-damage|p2a: Ursaluna|95/100 brn|[from] brn
|upkeep
|
|t:|1754999034
|switch|p1a: Excadrill|Excadrill, L50, M, tera:Ground|100/100
|turn|9
|
|t:|1754999056
|move|p1b: Corviknight|Protect|p1b: Corviknight
|-singleturn|p1b: Corviknight|Protect
|move|p2b: Torkoal|Overheat|p1b: Corviknight
|-activate|p1b: Corviknight|move: Protect
|move|p2a: Ursaluna|Facade|p1a: Excadrill
|-damage|p1a: Excadrill|2/100
|move|p1a: Excadrill|Earthquake|p2b: Torkoal|[spread] p2a,p2b
|-activate|p1b: Corviknight|move: Protect
|-supereffective|p2b: Torkoal
|-damage|p2a: Ursaluna|52/100 brn
|-damage|p2b: Torkoal|0 fnt
|faint|p2b: Torkoal
|
|-weather|none
|-damage|p2a: Ursaluna|46/100 brn|[from] brn
|upkeep
|
|t:|1754999064
|switch|p2b: Porygon2|Porygon2, L50, tera:Fighting|10/100
|-ability|p2b: Porygon2|Download|boost
|-boost|p2b: Porygon2|atk|1
|turn|10
|c|☆Tvyycc|That was lucky as hell
|
|t:|1754999100
|move|p1a: Excadrill|Protect|p1a: Excadrill
|-singleturn|p1a: Excadrill|Protect
|move|p2b: Porygon2|Ice Beam|p1b: Corviknight
|-damage|p1b: Corviknight|0 fnt
|faint|p1b: Corviknight
|move|p2a: Ursaluna|Facade|p1a: Excadrill
|-activate|p1a: Excadrill|move: Protect
|
|-damage|p2a: Ursaluna|40/100 brn|[from] brn
|-fieldend|move: Trick Room
|upkeep
|turn|11
|c|☆BackonmyPittBull|ggs tho
|
|t:|1754999113
|move|p1a: Excadrill|Earthquake|p2b: Porygon2|[spread] p2a,p2b
|-damage|p2a: Ursaluna|0 fnt
|-damage|p2b: Porygon2|0 fnt
|faint|p2a: Ursaluna
|faint|p2b: Porygon2
|
|win|Tvyycc
|raw|Tvyycc's rating: 1122 → 1153(+31 for winning)
|raw|BackonmyPittBull's rating: 1212 → 1181(-31 for losing)
