|j|☆usainragingbolt
|j|☆cbninjask4uber
|html|usainragingboltcbninjask4uber    
|uhtml|bestof|Game 2 of a best-of-3
|t:|1757775788
|gametype|doubles
|player|p1|usainragingbolt|unknown|1177
|player|p2|cbninjask4uber|falkner|1275
|gen|9
|tier|[Gen 9] VGC 2025 Reg H (Bo3)
|rated|
|rule|Species Clause: Limit one of each Pokémon
|rule|Item Clause: Limit 1 of each item
|clearpoke
|poke|p1|Gothitelle, L50, F|
|poke|p1|Politoed, L50, M|
|poke|p1|Incineroar, L50, F|
|poke|p1|Amoonguss, L50, F|
|poke|p1|Archaludon, L50, F|
|poke|p1|Kingdra, L50, M|
|poke|p2|Kingambit, L50, M|
|poke|p2|Dragonite, L50, M|
|poke|p2|Rillaboom, L50, M|
|poke|p2|Sneasler, L50, F|
|poke|p2|Electabuzz, L50, M|
|poke|p2|Volcarona, L50, M|
|teampreview|4
|showteam|p1|Gothitelle||SitrusBerry|ShadowTag|Protect,FakeOut,TrickRoom,Psychic|||F|||50|,,,,,Dark]Politoed||Leftovers|Drizzle|Protect,PerishSong,WeatherBall,Encore|||M|||50|,,,,,Grass]Incineroar||SafetyGoggles|Intimidate|Protect,PartingShot,FakeOut,KnockOff|||F|||50|,,,,,Ghost]Amoonguss||EjectButton|Regenerator|Protect,Spore,RagePowder,PollenPuff|||F|||50|,,,,,Fairy]Archaludon||PowerHerb|Sturdy|Protect,ElectroShot,DragonPulse,FlashCannon|||F|||50|,,,,,Electric]Kingdra||LifeOrb|SwiftSwim|Protect,WeatherBall,DracoMeteor,MuddyWater|||M|||50|,,,,,Stellar
|showteam|p2|Kingambit||BlackGlasses|Defiant|KowtowCleave,SuckerPunch,SwordsDance,Protect|||M|||50|,,,,,Dark]Dragonite||LoadedDice|Multiscale|ExtremeSpeed,ScaleShot,Haze,Protect|||M|||50|,,,,,Fairy]Rillaboom||AssaultVest|GrassySurge|GrassyGlide,WoodHammer,HighHorsepower,FakeOut|||M|||50|,,,,,Fire]Sneasler||FocusSash|PoisonTouch|DireClaw,CloseCombat,FakeOut,Protect|||F|||50|,,,,,Ghost]Electabuzz||Eviolite|VitalSpirit|FollowMe,Thunderbolt,Taunt,Protect|||M|||50|,,,,,Ghost]Volcarona||CovertCloak|FlameBody|HeatWave,QuiverDance,TeraBlast,Protect|||M|||50|,,,,,Fairy
|inactive|Battle timer is ON: inactive players will automatically lose when time's up. (requested by cbninjask4uber)
|inactive|cbninjask4uber has 60 seconds left.
|
|t:|1757775844
|teamsize|p1|4
|teamsize|p2|4
|start
|switch|p1a: Gothitelle|Gothitelle, L50, F|100/100
|switch|p1b: Kingdra|Kingdra, L50, M|100/100
|switch|p2a: Kingambit|Kingambit, L50, M|100/100
|switch|p2b: Rillaboom|Rillaboom, L50, M|100/100
|-fieldstart|move: Grassy Terrain|[from] ability: Grassy Surge|[of] p2b: Rillaboom
|turn|1
|inactive|usainragingbolt has 30 seconds left.
|inactive|usainragingbolt has 20 seconds left.
|inactive|usainragingbolt has 15 seconds left.
|
|t:|1757775886
|switch|p1b: Politoed|Politoed, L50, M|100/100
|-weather|RainDance|[from] ability: Drizzle|[of] p1b: Politoed
|move|p1a: Gothitelle|Protect|p1a: Gothitelle
|-singleturn|p1a: Gothitelle|Protect
|move|p2b: Rillaboom|Fake Out|p1b: Politoed
|-damage|p1b: Politoed|85/100
|move|p2a: Kingambit|Swords Dance|p2a: Kingambit
|-boost|p2a: Kingambit|atk|2
|
|-weather|RainDance|[upkeep]
|-heal|p1b: Politoed|91/100|[from] Grassy Terrain
|-heal|p1b: Politoed|97/100|[from] item: Leftovers
|upkeep
|turn|2
|inactive|usainragingbolt has 30 seconds left.
|inactive|cbninjask4uber has 30 seconds left.
|inactive|usainragingbolt has 20 seconds left.
|inactive|cbninjask4uber has 20 seconds left.
|inactive|usainragingbolt has 15 seconds left.
|inactive|usainragingbolt has 10 seconds left.
|
|t:|1757775936
|move|p1a: Gothitelle|Fake Out||[still]
|-hint|Fake Out only works on your first turn out.
|-fail|p1a: Gothitelle
|move|p2b: Rillaboom|Wood Hammer|p1a: Gothitelle
|-crit|p1a: Gothitelle
|-damage|p1a: Gothitelle|0 fnt
|faint|p1a: Gothitelle
|-damage|p2b: Rillaboom|72/100|[from] Recoil
|move|p1b: Politoed|Encore|p2a: Kingambit
|-start|p2a: Kingambit|Encore
|move|p2a: Kingambit|Swords Dance|p2a: Kingambit
|-boost|p2a: Kingambit|atk|2
|
|-weather|RainDance|[upkeep]
|-heal|p2b: Rillaboom|78/100|[from] Grassy Terrain
|-heal|p1b: Politoed|100/100|[from] Grassy Terrain
|upkeep
|
|t:|1757775954
|switch|p1a: Kingdra|Kingdra, L50, M|100/100
|turn|3
|inactive|cbninjask4uber has 30 seconds left.
|inactive|cbninjask4uber has 20 seconds left.
|
|t:|1757775990
|switch|p2a: Sneasler|Sneasler, L50, F|100/100
|-terastallize|p1a: Kingdra|Stellar
|move|p1a: Kingdra|Draco Meteor|p2b: Rillaboom
|-damage|p2b: Rillaboom|0 fnt
|-unboost|p1a: Kingdra|spa|2
|faint|p2b: Rillaboom
|-damage|p1a: Kingdra|91/100|[from] item: Life Orb
|move|p1b: Politoed|Weather Ball|p2a: Sneasler
|-damage|p2a: Sneasler|28/100
|
|-weather|RainDance|[upkeep]
|-heal|p1a: Kingdra|97/100|[from] Grassy Terrain
|-heal|p2a: Sneasler|34/100|[from] Grassy Terrain
|upkeep
|
|t:|1757776006
|switch|p2b: Kingambit|Kingambit, L50, M|100/100
|turn|4
|inactive|cbninjask4uber has 30 seconds left.
|
|t:|1757776035
|switch|p2a: Electabuzz|Electabuzz, L50, M|100/100
|-terastallize|p2b: Kingambit|Dark
|move|p1a: Kingdra|Weather Ball|p2b: Kingambit
|-damage|p2b: Kingambit|39/100
|-damage|p1a: Kingdra|87/100|[from] item: Life Orb
|move|p1b: Politoed|Weather Ball|p2a: Electabuzz
|-damage|p2a: Electabuzz|62/100
|move|p2b: Kingambit|Kowtow Cleave|p1a: Kingdra
|-damage|p1a: Kingdra|0 fnt
|faint|p1a: Kingdra
|
|-weather|RainDance|[upkeep]
|-heal|p2a: Electabuzz|67/100|[from] Grassy Terrain
|-heal|p2b: Kingambit|45/100|[from] Grassy Terrain
|upkeep
|
|t:|1757776051
|switch|p1a: Amoonguss|Amoonguss, L50, F|100/100
|turn|5
|
|t:|1757776068
|move|p2a: Electabuzz|Protect|p2a: Electabuzz
|-singleturn|p2a: Electabuzz|Protect
|move|p2b: Kingambit|Protect|p2b: Kingambit
|-singleturn|p2b: Kingambit|Protect
|move|p1a: Amoonguss|Rage Powder|p1a: Amoonguss
|-singleturn|p1a: Amoonguss|move: Rage Powder
|move|p1b: Politoed|Weather Ball|p2b: Kingambit
|-activate|p2b: Kingambit|move: Protect
|
|-weather|none
|-heal|p2a: Electabuzz|73/100|[from] Grassy Terrain
|-heal|p2b: Kingambit|51/100|[from] Grassy Terrain
|-fieldend|move: Grassy Terrain
|upkeep
|turn|6
|
|t:|1757776085
|move|p1b: Politoed|Protect|p1b: Politoed
|-singleturn|p1b: Politoed|Protect
|move|p2a: Electabuzz|Taunt|p1a: Amoonguss
|-start|p1a: Amoonguss|move: Taunt
|move|p2b: Kingambit|Kowtow Cleave|p1b: Politoed
|-activate|p1b: Politoed|move: Protect
|cant|p1a: Amoonguss|move: Taunt|Spore
|
|upkeep
|turn|7
|-message|usainragingbolt forfeited.
|
|win|cbninjask4uber
|raw|usainragingbolt's rating: 1177 → 1159(-18 for losing)
|raw|cbninjask4uber's rating: 1275 → 1293(+18 for winning)
|l|☆usainragingbolt
|player|p1|
