|j|☆sleepykittybun
|j|☆farangjake
|html|sleepykittybunfarangjake    
|uhtml|bestof|Game 2 of a best-of-3
|t:|1783189778
|gametype|doubles
|player|p1|sleepykittybun|candice|
|player|p2|farangjake|hilbert|
|gen|9
|tier|[Gen 9 Champions] VGC 2026 Reg M-B (Bo3)
|rule|Species Clause: Limit one of each Pokémon
|rule|Item Clause: Limit 1 of each item
|clearpoke
|poke|p1|Delphox, L50, M, shiny|
|poke|p1|Torkoal, L50, F|
|poke|p1|Venusaur, L50, F|
|poke|p1|Garchomp, L50, F|
|poke|p1|Klefki, L50, F|
|poke|p1|Rotom-Wash, L50|
|poke|p2|Charizard, L50, M|
|poke|p2|Whimsicott, L50, M|
|poke|p2|Basculegion, L50, M|
|poke|p2|Garchomp, L50, M|
|poke|p2|Sylveon, L50, F, shiny|
|poke|p2|Farigiraf, L50, F|
|teampreview|4
|showteam|p1|Delphox||Delphoxite|Blaze|HeatWave,Psyshock,NastyPlot,Protect|Timid||M|||50|]Torkoal||Charcoal|Drought|Eruption,HelpingHand,Protect,WeatherBall|Quiet||F|||50|]Venusaur||Venusaurite|Chlorophyll|GigaDrain,SludgeBomb,EarthPower,Protect|Modest||F|||50|]Garchomp||LifeOrb|RoughSkin|Earthquake,DragonClaw,RockSlide,Protect|Jolly||F|||50|]Klefki||LightClay|Prankster|TrickRoom,SunnyDay,LightScreen,Reflect|Bold||F|||50|]Rotom-Wash||Leftovers|Levitate|Thunderbolt,HydroPump,Electroweb,WillOWisp|Calm|||||50|
|showteam|p2|Charizard||CharizarditeY|Blaze|SolarBeam,Overheat,HeatWave,Protect|Timid||M|||50|]Whimsicott||FocusSash|Prankster|Moonblast,SunnyDay,Encore,Tailwind|Timid||M|||50|]Basculegion||ChoiceScarf|Adaptability|WaveCrash,LastRespects,FlipTurn,AquaJet|Jolly||M|||50|]Garchomp||Garchompite|RoughSkin|DragonClaw,Earthquake,Protect,RockSlide|Jolly||M|||50|]Sylveon||FairyFeather|Pixilate|QuickAttack,HyperVoice,HyperBeam,Protect|Bold||F|||50|]Farigiraf||SitrusBerry|ArmorTail|TwinBeam,Protect,TrickRoom,HelpingHand|Bold||F|||50|
|
|t:|1783189830
|teamsize|p1|4
|teamsize|p2|4
|start
|switch|p1a: Venusaur|Venusaur, L50, F|100/100
|switch|p1b: Klefki|Klefki, L50, F|100/100
|switch|p2a: Charizard|Charizard, L50, M|100/100
|switch|p2b: Basculegion|Basculegion, L50, M|100/100
|turn|1
|
|t:|1783189868
|detailschange|p2a: Charizard|Charizard-Mega-Y, L50, M
|-mega|p2a: Charizard|Charizard|Charizardite Y
|-weather|SunnyDay|[from] ability: Drought|[of] p2a: Charizard
|move|p1a: Venusaur|Protect|p1a: Venusaur
|-singleturn|p1a: Venusaur|Protect
|move|p1b: Klefki|Light Screen|p1b: Klefki
|-sidestart|p1: sleepykittybun|move: Light Screen
|move|p2b: Basculegion|Flip Turn|p1a: Venusaur
|-activate|p1a: Venusaur|move: Protect
|move|p2a: Charizard|Heat Wave|p1b: Klefki|[spread] p1b
|-activate|p1a: Venusaur|move: Protect
|-supereffective|p1b: Klefki|1
|-damage|p1b: Klefki|17/100
|-status|p1b: Klefki|brn
|
|-weather|SunnyDay|[upkeep]
|-damage|p1b: Klefki|10/100 brn|[from] brn
|upkeep
|turn|2
|inactive|Battle timer is ON: inactive players will automatically lose when time's up. (requested by farangjake)
|
|t:|1783189884
|switch|p1a: Garchomp|Garchomp, L50, F|100/100
|move|p1b: Klefki|Reflect|p1b: Klefki
|-sidestart|p1: sleepykittybun|Reflect
|move|p2b: Basculegion|Flip Turn|p1a: Garchomp
|-damage|p1a: Garchomp|88/100
|-damage|p2b: Basculegion|87/100|[from] ability: Rough Skin|[of] p1a: Garchomp
|
|t:|1783189894
|switch|p2b: Sylveon|Sylveon, L50, F, shiny|100/100|[from] Flip Turn
|move|p2a: Charizard|Heat Wave|p1b: Klefki|[spread] p1b
|-miss|p2a: Charizard|p1a: Garchomp
|-supereffective|p1b: Klefki|1
|-damage|p1b: Klefki|0 fnt
|faint|p1b: Klefki
|
|-weather|SunnyDay|[upkeep]
|upkeep
|
|t:|1783189903
|switch|p1b: Venusaur|Venusaur, L50, F|100/100
|turn|3
|inactive|farangjake has 30 seconds left.
|
|t:|1783189933
|switch|p2a: Farigiraf|Farigiraf, L50, F|100/100
|move|p1b: Venusaur|Sludge Bomb|p2b: Sylveon
|-supereffective|p2b: Sylveon|1
|-damage|p2b: Sylveon|21/100
|move|p1a: Garchomp|Rock Slide|p2b: Sylveon|[spread] p2a
|-miss|p1a: Garchomp|p2b: Sylveon
|-damage|p2a: Farigiraf|80/100
|-damage|p1a: Garchomp|78/100|[from] item: Life Orb
|move|p2b: Sylveon|Hyper Voice|p1b: Venusaur|[spread] p1a,p1b
|-supereffective|p1a: Garchomp|1
|-resisted|p1b: Venusaur|1
|-damage|p1a: Garchomp|13/100
|-damage|p1b: Venusaur|87/100
|
|-weather|SunnyDay|[upkeep]
|upkeep
|turn|4
|inactive|sleepykittybun has 30 seconds left.
|inactive|farangjake has 30 seconds left.
|inactive|sleepykittybun has 20 seconds left.
|
|t:|1783189971
|switch|p1a: Torkoal|Torkoal, L50, F|100/100
|move|p1b: Venusaur|Protect|p1b: Venusaur
|-singleturn|p1b: Venusaur|Protect
|move|p2b: Sylveon|Protect|p2b: Sylveon
|-singleturn|p2b: Sylveon|Protect
|move|p2a: Farigiraf|Protect||[still]
|-fail|p2a: Farigiraf
|
|-weather|SunnyDay|[upkeep]
|upkeep
|turn|5
|
|t:|1783189993
|move|p2b: Sylveon|Quick Attack|p1a: Torkoal
|-resisted|p1a: Torkoal|1
|-damage|p1a: Torkoal|96/100
|move|p1b: Venusaur|Sludge Bomb|p2b: Sylveon
|-supereffective|p2b: Sylveon|1
|-damage|p2b: Sylveon|0 fnt
|faint|p2b: Sylveon
|move|p2a: Farigiraf|Twin Beam|p1a: Torkoal
|-damage|p1a: Torkoal|83/100
|-damage|p1a: Torkoal|70/100
|-hitcount|p1a: Torkoal|2
|move|p1a: Torkoal|Weather Ball|p2a: Farigiraf
|-damage|p2a: Farigiraf|8/100
|-enditem|p2a: Farigiraf|Sitrus Berry|[eat]
|-heal|p2a: Farigiraf|33/100|[from] item: Sitrus Berry
|
|-weather|none
|upkeep
|
|t:|1783190011
|switch|p2b: Basculegion|Basculegion, L50, M|87/100
|turn|6
|
|t:|1783190028
|detailschange|p1b: Venusaur|Venusaur-Mega, L50, F
|-mega|p1b: Venusaur|Venusaur|Venusaurite
|move|p1a: Torkoal|Protect|p1a: Torkoal
|-singleturn|p1a: Torkoal|Protect
|move|p2b: Basculegion|Flip Turn|p1a: Torkoal
|-activate|p1a: Torkoal|move: Protect
|move|p1b: Venusaur|Giga Drain|p2b: Basculegion
|-supereffective|p2b: Basculegion|1
|-damage|p2b: Basculegion|0 fnt
|-heal|p1b: Venusaur|100/100|[from] drain|[of] p2b: Basculegion
|faint|p2b: Basculegion
|move|p2a: Farigiraf|Twin Beam|p1b: Venusaur
|-supereffective|p1b: Venusaur|1
|-damage|p1b: Venusaur|84/100
|-supereffective|p1b: Venusaur|1
|-damage|p1b: Venusaur|65/100
|-hitcount|p1b: Venusaur|2
|
|upkeep
|
|t:|1783190035
|switch|p2b: Charizard|Charizard-Mega-Y, L50, M|100/100
|-weather|SunnyDay|[from] ability: Drought|[of] p2b: Charizard
|turn|7
|
|t:|1783190049
|move|p2a: Farigiraf|Helping Hand|p2b: Charizard
|-singleturn|p2b: Charizard|Helping Hand|[of] p2a: Farigiraf
|move|p2b: Charizard|Heat Wave|p1a: Torkoal|[spread] p1a,p1b
|-resisted|p1a: Torkoal|1
|-supereffective|p1b: Venusaur|1
|-damage|p1a: Torkoal|30/100
|-damage|p1b: Venusaur|9/100
|move|p1b: Venusaur|Sludge Bomb|p2b: Charizard
|-damage|p2b: Charizard|47/100
|move|p1a: Torkoal|Weather Ball|p2a: Farigiraf
|-damage|p2a: Farigiraf|0 fnt
|faint|p2a: Farigiraf
|
|-weather|SunnyDay|[upkeep]
|upkeep
|turn|8
|-message|farangjake forfeited.
|
|win|sleepykittybun
|l|☆sleepykittybun
|player|p1|
