|j|☆Yuliis
|j|☆Axo of DOOM
|html|YuliisAxo of DOOM    
|uhtml|bestof|Game 1 of a best-of-3
|t:|1785121813
|gametype|doubles
|player|p1|Yuliis|101|1094
|player|p2|Axo of DOOM|crasherwake|1165
|gen|9
|tier|[Gen 9 Champions] VGC 2026 Reg M-B (Bo3)
|rated|
|rule|Species Clause: Limit one of each Pokémon
|rule|Item Clause: Limit 1 of each item
|clearpoke
|poke|p1|Zoroark-Hisui, L50, M|
|poke|p1|Whimsicott, L50, M|
|poke|p1|Gholdengo, L50|
|poke|p1|Gardevoir, L50, M|
|poke|p1|Garchomp, L50, F|
|poke|p1|Grimmsnarl, L50, M|
|poke|p2|Tyranitar, L50, M|
|poke|p2|Excadrill, L50, M|
|poke|p2|Milotic, L50, M|
|poke|p2|Sinistcha, L50|
|poke|p2|Staraptor, L50, F|
|poke|p2|Gholdengo, L50|
|teampreview|4
|showteam|p1|Zoroark-Hisui||ChoiceScarf|Illusion|IcyWind,BitterMalice,HyperVoice,Round|Timid||M|||50|]Whimsicott||FocusSash|Prankster|Tailwind,Moonblast,Encore,Protect|Timid||M|||50|]Gholdengo||SitrusBerry|GoodasGold|MakeItRain,ShadowBall,Protect,NastyPlot|Modest|||||50|]Gardevoir||Gardevoirite|Synchronize|Protect,HyperVoice,Psyshock,Round|Modest||M|||50|]Garchomp||LifeOrb|RoughSkin|Protect,DragonClaw,StompingTantrum,RockTomb|Jolly||F|||50|]Grimmsnarl||RoseliBerry|Prankster|FakeOut,FoulPlay,Reflect,PartingShot|Sassy||M|||50|
|showteam|p2|Tyranitar||Tyranitarite|SandStream|KnockOff,RockSlide,IcePunch,Protect|Jolly||M|||50|]Excadrill||FocusSash|SandRush|Earthquake,IronHead,RockSlide,Protect|Adamant||M|||50|]Milotic||SitrusBerry|Competitive|Scald,IcyWind,Haze,Protect|Calm||M|||50|]Sinistcha||ColburBerry|Hospitality|MatchaGotcha,ShadowBall,Protect,RagePowder|Bold|||||50|]Staraptor||Staraptite|Intimidate|CloseCombat,BraveBird,Tailwind,Protect|Jolly||F|||50|]Gholdengo||LifeOrb|GoodasGold|MakeItRain,ShadowBall,NastyPlot,Protect|Modest|||||50|
|inactive|Battle timer is ON: inactive players will automatically lose when time's up. (requested by Yuliis)
|inactive|Yuliis has 60 seconds left.
|inactive|Axo of DOOM has 60 seconds left.
|inactive|Yuliis has 30 seconds left.
|inactive|Axo of DOOM has 30 seconds left.
|
|t:|1785121878
|teamsize|p1|4
|teamsize|p2|4
|start
|switch|p1a: Whimsicott|Whimsicott, L50, M|100/100
|switch|p1b: Gardevoir|Gardevoir, L50, M|100/100
|switch|p2a: Staraptor|Staraptor, L50, F|100/100
|switch|p2b: Gholdengo|Gholdengo, L50|100/100
|-ability|p2a: Staraptor|Intimidate|boost
|-unboost|p1a: Whimsicott|atk|1
|-unboost|p1b: Gardevoir|atk|1
|turn|1
|inactive|Yuliis has 30 seconds left.
|inactive|Axo of DOOM has 30 seconds left.
|inactive|Axo of DOOM has 20 seconds left.
|inactive|Axo of DOOM has 15 seconds left.
|
|t:|1785121919
|detailschange|p2a: Staraptor|Staraptor-Mega, L50, F
|-mega|p2a: Staraptor|Staraptor|Staraptite
|detailschange|p1b: Gardevoir|Gardevoir-Mega, L50, M
|-mega|p1b: Gardevoir|Gardevoir|Gardevoirite
|move|p1b: Gardevoir|Protect|p1b: Gardevoir
|-singleturn|p1b: Gardevoir|Protect
|move|p1a: Whimsicott|Bitter Malice|p2b: Gholdengo
|-supereffective|p2b: Gholdengo|1
|-damage|p2b: Gholdengo|15/100
|-unboost|p2b: Gholdengo|atk|1
|move|p2a: Staraptor|Close Combat|p1a: Whimsicott
|-immune|p1a: Whimsicott
|move|p2b: Gholdengo|Make It Rain|p1a: Whimsicott|[spread] p1a
|-activate|p1b: Gardevoir|move: Protect
|-damage|p1a: Whimsicott|0 fnt
|-unboost|p2b: Gholdengo|spa|2
|replace|p1a: Zoroark|Zoroark-Hisui, L50, M
|-end|p1a: Zoroark|Illusion
|faint|p1a: Zoroark
|-damage|p2b: Gholdengo|5/100|[from] item: Life Orb
|
|upkeep
|
|t:|1785121942
|switch|p1a: Whimsicott|Whimsicott, L50, M|100/100
|turn|2
|
|t:|1785121958
|switch|p2a: Sinistcha|Sinistcha, L50|100/100
|-heal|p2b: Gholdengo|30/100|[from] ability: Hospitality|[of] p2a: Sinistcha
|move|p1a: Whimsicott|Tailwind|p1a: Whimsicott
|-sidestart|p1: Yuliis|move: Tailwind
|move|p1b: Gardevoir|Hyper Voice|p2b: Gholdengo|[spread] p2a,p2b
|-resisted|p2b: Gholdengo|1
|-damage|p2a: Sinistcha|36/100
|-damage|p2b: Gholdengo|1/100
|move|p2b: Gholdengo|Make It Rain|p1a: Whimsicott|[spread] p1a,p1b
|-supereffective|p1a: Whimsicott|1
|-supereffective|p1b: Gardevoir|1
|-damage|p1a: Whimsicott|1/100
|-damage|p1b: Gardevoir|50/100g
|-unboost|p2b: Gholdengo|spa|2
|-damage|p2b: Gholdengo|0 fnt|[from] item: Life Orb
|faint|p2b: Gholdengo
|
|upkeep
|
|t:|1785121978
|switch|p2b: Milotic|Milotic, L50, M|100/100
|turn|3
|inactive|Yuliis has 30 seconds left.
|inactive|Axo of DOOM has 30 seconds left.
|
|t:|1785122006
|move|p1a: Whimsicott|Protect|p1a: Whimsicott
|-singleturn|p1a: Whimsicott|Protect
|move|p2a: Sinistcha|Protect|p2a: Sinistcha
|-singleturn|p2a: Sinistcha|Protect
|move|p1b: Gardevoir|Hyper Voice|p2b: Milotic|[spread] p2b
|-activate|p2a: Sinistcha|move: Protect
|-damage|p2b: Milotic|67/100
|move|p2b: Milotic|Icy Wind|p1a: Whimsicott|[spread] p1b
|-activate|p1a: Whimsicott|move: Protect
|-damage|p1b: Gardevoir|42/100
|-unboost|p1b: Gardevoir|spe|1
|
|upkeep
|turn|4
|inactive|Yuliis has 30 seconds left.
|inactive|Axo of DOOM has 30 seconds left.
|
|t:|1785122033
|switch|p1a: Gholdengo|Gholdengo, L50|100/100
|move|p1b: Gardevoir|Hyper Voice|p2a: Sinistcha|[spread] p2a,p2b
|-damage|p2a: Sinistcha|0 fnt
|-damage|p2b: Milotic|32/100
|-enditem|p2b: Milotic|Sitrus Berry|[eat]
|-heal|p2b: Milotic|57/100|[from] item: Sitrus Berry
|faint|p2a: Sinistcha
|move|p2b: Milotic|Icy Wind|p1a: Gholdengo|[spread] p1a,p1b
|-resisted|p1a: Gholdengo|1
|-damage|p1a: Gholdengo|95/100
|-damage|p1b: Gardevoir|35/100
|-unboost|p1a: Gholdengo|spe|1
|-unboost|p1b: Gardevoir|spe|1
|
|upkeep
|
|t:|1785122046
|switch|p2a: Staraptor|Staraptor-Mega, L50, F|100/100
|turn|5
|
|t:|1785122068
|move|p2a: Staraptor|Protect|p2a: Staraptor
|-singleturn|p2a: Staraptor|Protect
|move|p2b: Milotic|Protect|p2b: Milotic
|-singleturn|p2b: Milotic|Protect
|move|p1a: Gholdengo|Nasty Plot|p1a: Gholdengo
|-boost|p1a: Gholdengo|spa|2
|move|p1b: Gardevoir|Hyper Voice|p2b: Milotic|[spread] 
|-activate|p2a: Staraptor|move: Protect
|-activate|p2b: Milotic|move: Protect
|
|-sideend|p1: Yuliis|move: Tailwind
|upkeep
|turn|6
|inactive|Axo of DOOM has 30 seconds left.
|
|t:|1785122094
|move|p2a: Staraptor|Close Combat|p1b: Gardevoir
|-resisted|p1b: Gardevoir|2
|-damage|p1b: Gardevoir|16/100
|-boost|p2a: Staraptor|def|1
|-boost|p2a: Staraptor|spd|1
|move|p2b: Milotic|Haze|p2b: Milotic
|-clearallboost
|move|p1b: Gardevoir|Hyper Voice|p2b: Milotic|[spread] p2a,p2b
|-supereffective|p2a: Staraptor|1
|-crit|p2b: Milotic
|-damage|p2a: Staraptor|0 fnt
|-damage|p2b: Milotic|9/100
|faint|p2a: Staraptor
|move|p1a: Gholdengo|Shadow Ball|p2b: Milotic
|-damage|p2b: Milotic|0 fnt
|faint|p2b: Milotic
|
|win|Yuliis
