|j|☆generic_personname
|j|☆KNRayquaza
|html|generic_personnameKNRayquaza    
|uhtml|bestof|Game 2 of a best-of-3
|t:|1782675744
|gametype|doubles
|player|p1|generic_personname|gwynn|
|player|p2|KNRayquaza|cynthia|
|gen|9
|tier|[Gen 9 Champions] VGC 2026 Reg M-B (Bo3)
|rule|Species Clause: Limit one of each Pokémon
|rule|Item Clause: Limit 1 of each item
|clearpoke
|poke|p1|Azumarill, L50, M|
|poke|p1|Hydreigon, L50, M|
|poke|p1|Meganium, L50, M|
|poke|p1|Aegislash, L50, M|
|poke|p1|Umbreon, L50, M|
|poke|p1|Salazzle, L50, F|
|poke|p2|Primarina, L50, M|
|poke|p2|Volcarona, L50, F|
|poke|p2|Garchomp, L50, F|
|poke|p2|Medicham, L50, F|
|poke|p2|Tinkaton, L50, F|
|poke|p2|Wyrdeer, L50, M|
|teampreview|4
|showteam|p1|Azumarill||SitrusBerry|HugePower|AquaJet,Protect,Liquidation,BellyDrum|Jolly||M|||50|]Hydreigon||LifeOrb|Levitate|Protect,DracoMeteor,FlashCannon,Snarl|Modest||M|||50|]Meganium||Meganiumite|LeafGuard|SolarBeam,WeatherBall,Protect,DazzlingGleam|Modest||M|||50|]Aegislash||Leftovers|StanceChange|KingsShield,ShadowSneak,Poltergeist,SacredSword|Adamant||M|||50|]Umbreon||MentalHerb|Synchronize|Protect,ThunderWave,Yawn,FoulPlay|Calm||M|||50|]Salazzle||FocusSash|Oblivious|Encore,Disable,Flamethrower,FakeOut|Timid||F|||50|
|showteam|p2|Primarina||FairyFeather|LiquidVoice|HyperVoice,Moonblast,DazzlingGleam,Protect|Modest||M|||50|]Volcarona||PasshoBerry|FlameBody|RagePowder,HeatWave,Tailwind,Protect|Calm||F|||50|]Garchomp||HabanBerry|SandVeil|DracoMeteor,Crunch,StompingTantrum,RockSlide|Naive||F|||50|]Medicham||Medichamite|Telepathy|PoisonJab,BlazeKick,CloseCombat,FakeOut|Jolly||F|||50|]Tinkaton||FocusSash|MoldBreaker|FakeOut,GigatonHammer,PlayRough,ThunderWave|Jolly||F|||50|]Wyrdeer||ColburBerry|Intimidate|EarthPower,Hypnosis,Gravity,HelpingHand|Sassy||M|||50|
|inactive|Battle timer is ON: inactive players will automatically lose when time's up. (requested by generic_personname)
|inactive|KNRayquaza also wants the timer to be on.
|
|t:|1782675770
|teamsize|p1|4
|teamsize|p2|4
|start
|switch|p1a: Aegislash|Aegislash, L50, M|100/100
|switch|p1b: Salazzle|Salazzle, L50, F|100/100
|switch|p2a: Tinkaton|Tinkaton, L50, F|100/100
|switch|p2b: Primarina|Primarina, L50, M|100/100
|-ability|p2a: Tinkaton|Mold Breaker
|turn|1
|
|t:|1782675782
|move|p2b: Primarina|Protect|p2b: Primarina
|-singleturn|p2b: Primarina|Protect
|move|p1b: Salazzle|Fake Out|p2a: Tinkaton
|-resisted|p2a: Tinkaton|1
|-damage|p2a: Tinkaton|96/100
|cant|p2a: Tinkaton|flinch
|-formechange|p1a: Aegislash|Aegislash-Blade|
|move|p1a: Aegislash|Poltergeist|p2b: Primarina
|-activate|p2b: Primarina|move: Protect
|
|upkeep
|turn|2
|
|t:|1782675799
|move|p1b: Salazzle|Encore|p2b: Primarina
|-start|p2b: Primarina|Encore
|move|p2b: Primarina|Protect||[still]
|-fail|p2b: Primarina
|move|p2a: Tinkaton|Thunder Wave|p1a: Aegislash
|-status|p1a: Aegislash|par
|move|p1a: Aegislash|Poltergeist|p2a: Tinkaton
|-activate|p2a: Tinkaton|move: Poltergeist|Focus Sash
|-damage|p2a: Tinkaton|5/100
|
|upkeep
|turn|3
|
|t:|1782675808
|switch|p2b: Garchomp|Garchomp, L50, F|100/100
|switch|p1a: Azumarill|Azumarill, L50, M|100/100
|move|p1b: Salazzle|Flamethrower|p2a: Tinkaton
|-supereffective|p2a: Tinkaton|1
|-damage|p2a: Tinkaton|0 fnt
|faint|p2a: Tinkaton
|
|upkeep
|
|t:|1782675817
|switch|p2a: Primarina|Primarina, L50, M|100/100
|turn|4
|inactive|generic_personname has 30 seconds left.
|inactive|generic_personname has 20 seconds left.
|
|t:|1782675856
|switch|p1b: Hydreigon|Hydreigon, L50, M|100/100
|move|p1a: Azumarill|Protect|p1a: Azumarill
|-singleturn|p1a: Azumarill|Protect
|move|p2b: Garchomp|Stomping Tantrum|p1a: Azumarill
|-activate|p1a: Azumarill|move: Protect
|move|p2a: Primarina|Hyper Voice|p1a: Azumarill|[spread] p1b
|-activate|p1a: Azumarill|move: Protect
|-resisted|p1b: Hydreigon|1
|-damage|p1b: Hydreigon|79/100
|
|upkeep
|turn|5
|
|t:|1782675877
|move|p2b: Garchomp|Stomping Tantrum|p1a: Azumarill
|-damage|p1a: Azumarill|51/100
|move|p1b: Hydreigon|Draco Meteor|p2b: Garchomp|[miss]
|-miss|p1b: Hydreigon|p2b: Garchomp
|move|p1a: Azumarill|Belly Drum|p1a: Azumarill
|-damage|p1a: Azumarill|1/100
|-setboost|p1a: Azumarill|atk|6|[from] move: Belly Drum
|-enditem|p1a: Azumarill|Sitrus Berry|[eat]
|-heal|p1a: Azumarill|26/100|[from] item: Sitrus Berry
|move|p2a: Primarina|Dazzling Gleam|p1b: Hydreigon|[spread] p1a,p1b
|-supereffective|p1b: Hydreigon|2
|-damage|p1a: Azumarill|0 fnt
|-damage|p1b: Hydreigon|0 fnt
|faint|p1a: Azumarill
|faint|p1b: Hydreigon
|
|upkeep
|
|t:|1782675888
|switch|p1b: Salazzle|Salazzle, L50, F|100/100
|switch|p1a: Aegislash|Aegislash, L50, M|100/100 par
|turn|6
|inactive|generic_personname has 30 seconds left.
|inactive|generic_personname has 20 seconds left.
|inactive|generic_personname has 15 seconds left.
|
|t:|1782675929
|move|p1b: Salazzle|Fake Out|p2a: Primarina
|-damage|p2a: Primarina|92/100
|move|p2b: Garchomp|Stomping Tantrum|p1a: Aegislash
|-supereffective|p1a: Aegislash|1
|-damage|p1a: Aegislash|41/100 par
|cant|p2a: Primarina|flinch
|-formechange|p1a: Aegislash|Aegislash-Blade|
|move|p1a: Aegislash|Poltergeist|p2b: Garchomp
|-activate|p2b: Garchomp|move: Poltergeist|Haban Berry
|-damage|p2b: Garchomp|29/100
|
|-heal|p1a: Aegislash|47/100 par|[from] item: Leftovers
|upkeep
|turn|7
|
|t:|1782675948
|cant|p1a: Aegislash|par
|move|p1b: Salazzle|Flamethrower|p2b: Garchomp
|-resisted|p2b: Garchomp|1
|-damage|p2b: Garchomp|6/100
|move|p2b: Garchomp|Stomping Tantrum|p1b: Salazzle
|-supereffective|p1b: Salazzle|2
|-enditem|p1b: Salazzle|Focus Sash
|-damage|p1b: Salazzle|1/100
|move|p2a: Primarina|Hyper Voice|p1b: Salazzle|[spread] p1a,p1b
|-supereffective|p1b: Salazzle|1
|-damage|p1a: Aegislash|0 fnt
|-damage|p1b: Salazzle|0 fnt
|faint|p1a: Aegislash
|faint|p1b: Salazzle
|
|win|KNRayquaza
||KNRayquaza is ready for game 3.
|inactive|generic_personname has 30 seconds to confirm battle start!
||generic_personname is ready for game 3.
|uhtml|next|Next: Game 3 of 3
|l|☆generic_personname
|player|p1|
|j|☆generic_personname
|player|p1|generic_personname|gwynn|
