|j|☆sogreenitslime
|j|☆Goonsuke Sama
|html|sogreenitslimeGoonsuke Sama    
|uhtml|bestof|Game 3 of a best-of-3
|t:|1783139942
|gametype|doubles
|player|p1|sogreenitslime|pokemaniac|1119
|player|p2|Goonsuke Sama|cameraman|1114
|gen|9
|tier|[Gen 9 Champions] VGC 2026 Reg M-B (Bo3)
|rated|
|rule|Species Clause: Limit one of each Pokémon
|rule|Item Clause: Limit 1 of each item
|clearpoke
|poke|p1|Aerodactyl, L50, M|
|poke|p1|Rotom-Wash, L50|
|poke|p1|Sceptile, L50, M|
|poke|p1|Kingambit, L50, F|
|poke|p1|Ninetales-Alola, L50, M|
|poke|p1|Incineroar, L50, M|
|poke|p2|Altaria, L50, F|
|poke|p2|Emboar, L50, F|
|poke|p2|Mimikyu, L50, M|
|poke|p2|Snorlax, L50, F|
|poke|p2|Scrafty, L50, F|
|poke|p2|Salazzle, L50, F|
|teampreview|4
|showteam|p1|Aerodactyl||Aerodactylite|Unnerve|Tailwind,RockSlide,DualWingbeat,Protect|Jolly||M|||50|]Rotom-Wash||ChoiceScarf|Levitate|VoltSwitch,Discharge,Electroweb,HydroPump|Timid|||||50|]Sceptile||Sceptilite|Overgrow|EnergyBall,EarthPower,DragonPulse,Protect|Timid||M|||50|]Kingambit||ChopleBerry|Defiant|KowtowCleave,SuckerPunch,IronHead,Protect|Adamant||F|||50|]Ninetales-Alola||NeverMeltIce|SnowWarning|Blizzard,AuroraVeil,Protect,Moonblast|Bold||M|||50|]Incineroar||SitrusBerry|Intimidate|WillOWisp,FlareBlitz,PartingShot,FakeOut|Careful||M|||50|
|showteam|p2|Altaria||WideLens|CloudNine|DragonRush,CottonGuard,DualWingbeat,DragonDance|Careful||F|||50|]Emboar||Emboarite|Blaze|HeatCrash,StormThrow,HighHorsepower,Protect|Brave||F|||50|]Mimikyu||WhiteHerb|Disguise|PsychUp,DrainPunch,TrickRoom,PhantomForce|Careful||M|||50|]Snorlax||Leftovers|ThickFat|Stockpile,Protect,Facade,IcePunch|Sassy||F|||50|]Scrafty||ExpertBelt|Intimidate|FakeOut,Coaching,KnockOff,DrainPunch|Serious||F|||50|]Salazzle||FocusSash|Corrosion|Toxic,FireLash,FakeOut,WillOWisp|Jolly||F|||50|
|inactive|Battle timer is ON: inactive players will automatically lose when time's up. (requested by Goonsuke Sama)
|inactive|sogreenitslime has 60 seconds left.
|
|t:|1783139982
|teamsize|p1|4
|teamsize|p2|4
|start
|switch|p1a: Sceptile|Sceptile, L50, M|100/100
|switch|p1b: Rotom|Rotom-Wash, L50|100/100
|switch|p2a: Scrafty|Scrafty, L50, F|100/100
|switch|p2b: Salazzle|Salazzle, L50, F|100/100
|-ability|p2a: Scrafty|Intimidate|boost
|-unboost|p1a: Sceptile|atk|1
|-unboost|p1b: Rotom|atk|1
|turn|1
|
|t:|1783139993
|detailschange|p1a: Sceptile|Sceptile-Mega, L50, M
|-mega|p1a: Sceptile|Sceptile|Sceptilite
|move|p2a: Scrafty|Fake Out|p1b: Rotom
|-damage|p1b: Rotom|84/100
|cant|p1b: Rotom|flinch
|move|p1a: Sceptile|Earth Power|p2b: Salazzle
|-supereffective|p2b: Salazzle|2
|-enditem|p2b: Salazzle|Focus Sash
|-damage|p2b: Salazzle|1/100
|move|p2b: Salazzle|Toxic|p1a: Sceptile
|-status|p1a: Sceptile|tox
|
|-damage|p1a: Sceptile|93/100 tox|[from] psn
|upkeep
|turn|2
|inactive|Goonsuke Sama has 30 seconds left.
|
|t:|1783140019
|move|p1b: Rotom|Discharge|p2a: Scrafty|[spread] p2a,p2b
|-ability|p1a: Sceptile|Lightning Rod|boost
|-boost|p1a: Sceptile|spa|1
|-damage|p2a: Scrafty|75/100
|-damage|p2b: Salazzle|0 fnt
|-status|p2a: Scrafty|par
|faint|p2b: Salazzle
|move|p1a: Sceptile|Dragon Pulse|p2a: Scrafty
|-damage|p2a: Scrafty|6/100 par
|move|p2a: Scrafty|Drain Punch|p1a: Sceptile
|-damage|p1a: Sceptile|50/100g tox
|-heal|p2a: Scrafty|25/100 par|[from] drain|[of] p1a: Sceptile
|
|-damage|p1a: Sceptile|38/100 tox|[from] psn
|upkeep
|
|t:|1783140030
|switch|p2b: Snorlax|Snorlax, L50, F|100/100
|turn|3
|inactive|Goonsuke Sama has 30 seconds left.
|
|t:|1783140056
|move|p1b: Rotom|Discharge|p2b: Snorlax|[spread] p2a,p2b
|-ability|p1a: Sceptile|Lightning Rod|boost
|-boost|p1a: Sceptile|spa|1
|-damage|p2a: Scrafty|1/100 par
|-damage|p2b: Snorlax|83/100
|-status|p2b: Snorlax|par
|move|p1a: Sceptile|Dragon Pulse|p2b: Snorlax
|-damage|p2b: Snorlax|27/100 par
|cant|p2a: Scrafty|par
|move|p2b: Snorlax|Stockpile|p2b: Snorlax
|-start|p2b: Snorlax|stockpile1
|-boost|p2b: Snorlax|def|1
|-boost|p2b: Snorlax|spd|1
|
|-heal|p2b: Snorlax|34/100 par|[from] item: Leftovers
|-damage|p1a: Sceptile|19/100 tox|[from] psn
|upkeep
|turn|4
|
|t:|1783140072
|move|p2b: Snorlax|Protect|p2b: Snorlax
|-singleturn|p2b: Snorlax|Protect
|move|p1b: Rotom|Discharge|p2a: Scrafty|[spread] p2a
|-activate|p2b: Snorlax|move: Protect
|-ability|p1a: Sceptile|Lightning Rod|boost
|-boost|p1a: Sceptile|spa|1
|-damage|p2a: Scrafty|0 fnt
|faint|p2a: Scrafty
|move|p1a: Sceptile|Dragon Pulse|p2b: Snorlax
|-activate|p2b: Snorlax|move: Protect
|
|-heal|p2b: Snorlax|40/100 par|[from] item: Leftovers
|-damage|p1a: Sceptile|0 fnt|[from] psn
|faint|p1a: Sceptile
|upkeep
|
|t:|1783140086
|switch|p1a: Kingambit|Kingambit, L50, F|100/100
|switch|p2a: Emboar|Emboar, L50, F|100/100
|turn|5
|
|t:|1783140107
|switch|p1b: Aerodactyl|Aerodactyl, L50, M|100/100
|-ability|p1b: Aerodactyl|Unnerve
|detailschange|p2a: Emboar|Emboar-Mega, L50, F
|-mega|p2a: Emboar|Emboar|Emboarite
|-ability|p2a: Emboar|Mold Breaker
|move|p1a: Kingambit|Protect|p1a: Kingambit
|-singleturn|p1a: Kingambit|Protect
|move|p2a: Emboar|Storm Throw|p1a: Kingambit
|-activate|p1a: Kingambit|move: Protect
|move|p2b: Snorlax|Facade|p1b: Aerodactyl
|-resisted|p1b: Aerodactyl|1
|-damage|p1b: Aerodactyl|50/100g
|
|-heal|p2b: Snorlax|46/100 par|[from] item: Leftovers
|upkeep
|turn|6
|
|t:|1783140132
|move|p1a: Kingambit|Sucker Punch|p2b: Snorlax
|-damage|p2b: Snorlax|23/100 par
|move|p1b: Aerodactyl|Dual Wingbeat|p2a: Emboar
|-supereffective|p2a: Emboar|1
|-damage|p2a: Emboar|62/100
|-supereffective|p2a: Emboar|1
|-damage|p2a: Emboar|29/100
|-hitcount|p2a: Emboar|2
|move|p2a: Emboar|Storm Throw|p1a: Kingambit
|-supereffective|p1a: Kingambit|2
|-crit|p1a: Kingambit
|-enditem|p1a: Kingambit|Chople Berry|[eat]
|-enditem|p1a: Kingambit|Chople Berry|[weaken]
|-damage|p1a: Kingambit|18/100
|move|p2b: Snorlax|Facade|p1b: Aerodactyl
|-resisted|p1b: Aerodactyl|1
|-damage|p1b: Aerodactyl|0 fnt
|faint|p1b: Aerodactyl
|
|-heal|p2b: Snorlax|29/100 par|[from] item: Leftovers
|upkeep
|
|t:|1783140147
|switch|p1b: Rotom|Rotom-Wash, L50|84/100
|turn|7
|
|t:|1783140158
|move|p1a: Kingambit|Sucker Punch|p2b: Snorlax
|-damage|p2b: Snorlax|5/100 par
|move|p1b: Rotom|Hydro Pump|p2a: Emboar|[miss]
|-miss|p1b: Rotom|p2a: Emboar
|move|p2a: Emboar|Storm Throw|p1b: Rotom
|-crit|p1b: Rotom
|-damage|p1b: Rotom|14/100
|move|p2b: Snorlax|Facade|p1b: Rotom
|-damage|p1b: Rotom|0 fnt
|faint|p1b: Rotom
|
|-heal|p2b: Snorlax|11/100 par|[from] item: Leftovers
|upkeep
|turn|8
|
|t:|1783140174
|move|p1a: Kingambit|Sucker Punch|p2a: Emboar
|-resisted|p2a: Emboar|1
|-damage|p2a: Emboar|11/100
|move|p2a: Emboar|Storm Throw|p1a: Kingambit
|-supereffective|p1a: Kingambit|2
|-crit|p1a: Kingambit
|-damage|p1a: Kingambit|0 fnt
|faint|p1a: Kingambit
|
|win|Goonsuke Sama
|raw|sogreenitslime's rating: 1119 → 1094(-25 for losing)
|raw|Goonsuke Sama's rating: 1114 → 1139(+25 for winning)
|l|☆Goonsuke Sama
|player|p2|
