|j|☆ner0_05
|j|☆lolgz
|html|ner0_05lolgz    
|uhtml|bestof|Game 1 of a best-of-3
|t:|1783033859
|gametype|doubles
|player|p1|ner0_05|1|1145
|player|p2|lolgz|dawn|1121
|gen|9
|tier|[Gen 9 Champions] VGC 2026 Reg M-B (Bo3)
|rated|
|rule|Species Clause: Limit one of each Pokémon
|rule|Item Clause: Limit 1 of each item
|clearpoke
|poke|p1|Swampert, L50, F|
|poke|p1|Sinistcha, L50|
|poke|p1|Archaludon, L50, F|
|poke|p1|Pelipper, L50, F|
|poke|p1|Dragalge, L50, F|
|poke|p1|Grimmsnarl, L50, M|
|poke|p2|Scrafty, L50, F|
|poke|p2|Vivillon, L50, M|
|poke|p2|Incineroar, L50, F|
|poke|p2|Sinistcha, L50|
|poke|p2|Rotom-Wash, L50|
|poke|p2|Delphox, L50, F|
|teampreview|4
|showteam|p1|Swampert||Swampertite|Torrent|Protect,WaveCrash,Earthquake,KnockOff|Adamant||F|||50|]Sinistcha||KasibBerry|Hospitality|Protect,MatchaGotcha,TrickRoom,RagePowder|Bold|||||50|]Archaludon||Leftovers|Stamina|Protect,ElectroShot,FlashCannon,AuraSphere|Modest||F|||50|]Pelipper||LifeOrb|Drizzle|WeatherBall,Hurricane,WideGuard,Protect|Modest||F|||50|]Dragalge||Dragalgite|PoisonPoint|Protect,SludgeWave,SludgeBomb,DracoMeteor|Modest||F|||50|]Grimmsnarl||LightClay|Prankster|Reflect,LightScreen,PartingShot,SpiritBreak|Careful||M|||50|
|showteam|p2|Scrafty||Scraftinite|Intimidate|DrainPunch,KnockOff,Protect,DragonDance|Jolly||F|||50|]Vivillon||ChoiceScarf|CompoundEyes|SleepPowder,Hurricane,RagePowder,Tailwind|Timid||M|||50|]Incineroar||PasshoBerry|Intimidate|PartingShot,FakeOut,ThroatChop,FlareBlitz|Careful||F|||50|]Sinistcha||KasibBerry|Hospitality|MatchaGotcha,RagePowder,LifeDew,Protect|Serious|||||50|]Rotom-Wash||SitrusBerry|Levitate|HydroPump,WillOWisp,VoltSwitch,LightScreen|Modest|||||50|]Delphox||Delphoxite|Blaze|HeatWave,Psychic,Protect,NastyPlot|Timid||F|||50|
|inactive|Battle timer is ON: inactive players will automatically lose when time's up. (requested by lolgz)
|inactive|ner0_05 has 60 seconds left.
|
|t:|1783033895
|teamsize|p1|4
|teamsize|p2|4
|start
|switch|p1a: Sinistcha|Sinistcha, L50|100/100
|switch|p1b: Pelipper|Pelipper, L50, F|100/100
|switch|p2a: Vivillon|Vivillon, L50, M|100/100
|switch|p2b: Scrafty|Scrafty, L50, F|100/100
|-ability|p2b: Scrafty|Intimidate|boost
|-unboost|p1a: Sinistcha|atk|1
|-unboost|p1b: Pelipper|atk|1
|-weather|RainDance|[from] ability: Drizzle|[of] p1b: Pelipper
|turn|1
|inactive|lolgz has 30 seconds left.
|inactive|lolgz has 20 seconds left.
|inactive|lolgz has 15 seconds left.
|inactive|lolgz has 10 seconds left.
|
|t:|1783033944
|detailschange|p2b: Scrafty|Scrafty-Mega, L50, F
|-mega|p2b: Scrafty|Scrafty|Scraftinite
|-ability|p2b: Scrafty|Intimidate|boost
|-unboost|p1a: Sinistcha|atk|1
|-unboost|p1b: Pelipper|atk|1
|move|p1b: Pelipper|Protect|p1b: Pelipper
|-singleturn|p1b: Pelipper|Protect
|move|p1a: Sinistcha|Protect|p1a: Sinistcha
|-singleturn|p1a: Sinistcha|Protect
|move|p2a: Vivillon|Hurricane|p1a: Sinistcha
|-activate|p1a: Sinistcha|move: Protect
|move|p2b: Scrafty|Dragon Dance|p2b: Scrafty
|-boost|p2b: Scrafty|atk|1
|-boost|p2b: Scrafty|spe|1
|
|-weather|RainDance|[upkeep]
|upkeep
|turn|2
|inactive|ner0_05 has 30 seconds left.
|inactive|ner0_05 has 20 seconds left.
|
|t:|1783033980
|switch|p2a: Incineroar|Incineroar, L50, F|100/100
|-ability|p2a: Incineroar|Intimidate|boost
|-unboost|p1a: Sinistcha|atk|1
|-unboost|p1b: Pelipper|atk|1
|move|p2b: Scrafty|Protect|p2b: Scrafty
|-singleturn|p2b: Scrafty|Protect
|move|p1a: Sinistcha|Rage Powder|p1a: Sinistcha
|-singleturn|p1a: Sinistcha|move: Rage Powder
|move|p1b: Pelipper|Hurricane|p2a: Incineroar
|-damage|p2a: Incineroar|52/100
|-damage|p1b: Pelipper|90/100|[from] item: Life Orb
|
|-weather|RainDance|[upkeep]
|upkeep
|turn|3
|
|t:|1783034003
|switch|p1a: Grimmsnarl|Grimmsnarl, L50, M|100/100
|move|p1b: Pelipper|Protect|p1b: Pelipper
|-singleturn|p1b: Pelipper|Protect
|move|p2a: Incineroar|Fake Out|p1b: Pelipper
|-activate|p1b: Pelipper|move: Protect
|move|p2b: Scrafty|Dragon Dance|p2b: Scrafty
|-boost|p2b: Scrafty|atk|1
|-boost|p2b: Scrafty|spe|1
|
|-weather|RainDance|[upkeep]
|upkeep
|turn|4
|
|t:|1783034022
|move|p2b: Scrafty|Protect|p2b: Scrafty
|-singleturn|p2b: Scrafty|Protect
|move|p1b: Pelipper|Hurricane|p2b: Scrafty
|-activate|p2b: Scrafty|move: Protect
|move|p2a: Incineroar|Parting Shot|p1a: Grimmsnarl
|-unboost|p1a: Grimmsnarl|atk|1
|-unboost|p1a: Grimmsnarl|spa|1
|
|t:|1783034030
|switch|p2a: Vivillon|Vivillon, L50, M|100/100|[from] Parting Shot
|move|p1a: Grimmsnarl|Spirit Break|p2b: Scrafty
|-activate|p2b: Scrafty|move: Protect
|
|-weather|RainDance|[upkeep]
|upkeep
|turn|5
|
|t:|1783034046
|move|p1b: Pelipper|Protect|p1b: Pelipper
|-singleturn|p1b: Pelipper|Protect
|move|p1a: Grimmsnarl|Parting Shot|p2a: Vivillon
|-unboost|p2a: Vivillon|atk|1
|-unboost|p2a: Vivillon|spa|1
|
|t:|1783034053
|switch|p1a: Sinistcha|Sinistcha, L50|100/100|[from] Parting Shot
|-heal|p1b: Pelipper|100/100|[from] ability: Hospitality|[of] p1a: Sinistcha
|move|p2b: Scrafty|Drain Punch|p1a: Sinistcha
|-immune|p1a: Sinistcha
|move|p2a: Vivillon|Sleep Powder|p1b: Pelipper
|-activate|p1b: Pelipper|move: Protect
|
|-weather|none
|upkeep
|turn|6
|
|t:|1783034072
|switch|p1b: Archaludon|Archaludon, L50, F|100/100
|move|p1a: Sinistcha|Protect|p1a: Sinistcha
|-singleturn|p1a: Sinistcha|Protect
|move|p2b: Scrafty|Knock Off|p1a: Sinistcha
|-activate|p1a: Sinistcha|move: Protect
|move|p2a: Vivillon|Sleep Powder|p1b: Archaludon
|-status|p1b: Archaludon|slp|[from] move: Sleep Powder
|
|upkeep
|turn|7
|
|t:|1783034091
|switch|p2a: Incineroar|Incineroar, L50, F|52/100
|-ability|p2a: Incineroar|Intimidate|boost
|-unboost|p1a: Sinistcha|atk|1
|-unboost|p1b: Archaludon|atk|1
|switch|p1a: Pelipper|Pelipper, L50, F|100/100
|-weather|RainDance|[from] ability: Drizzle|[of] p1a: Pelipper
|move|p2b: Scrafty|Knock Off|p1a: Pelipper
|-damage|p1a: Pelipper|0 fnt
|-enditem|p1a: Pelipper|Life Orb|[from] move: Knock Off|[of] p2b: Scrafty
|faint|p1a: Pelipper
|cant|p1b: Archaludon|slp
|
|-weather|RainDance|[upkeep]
|upkeep
|
|t:|1783034104
|switch|p1a: Grimmsnarl|Grimmsnarl, L50, M|100/100
|turn|8
|
|t:|1783034109
|move|p2a: Incineroar|Fake Out|p1a: Grimmsnarl
|-damage|p1a: Grimmsnarl|87/100
|cant|p1a: Grimmsnarl|flinch
|move|p2b: Scrafty|Drain Punch|p1b: Archaludon
|-supereffective|p1b: Archaludon|1
|-damage|p1b: Archaludon|0 fnt
|faint|p1b: Archaludon
|
|-weather|RainDance|[upkeep]
|upkeep
|
|t:|1783034121
|switch|p1b: Sinistcha|Sinistcha, L50|100/100
|-heal|p1a: Grimmsnarl|100/100|[from] ability: Hospitality|[of] p1b: Sinistcha
|turn|9
|
|t:|1783034132
|move|p2b: Scrafty|Knock Off|p1b: Sinistcha
|-supereffective|p1b: Sinistcha|1
|-damage|p1b: Sinistcha|0 fnt
|-enditem|p1b: Sinistcha|Kasib Berry|[from] move: Knock Off|[of] p2b: Scrafty
|faint|p1b: Sinistcha
|move|p2a: Incineroar|Parting Shot|p1a: Grimmsnarl
|-unboost|p1a: Grimmsnarl|atk|1
|-unboost|p1a: Grimmsnarl|spa|1
|
|t:|1783034136
|switch|p2a: Sinistcha|Sinistcha, L50|100/100|[from] Parting Shot
|move|p1a: Grimmsnarl|Spirit Break|p2b: Scrafty
|-supereffective|p2b: Scrafty|2
|-damage|p2b: Scrafty|28/100
|-unboost|p2b: Scrafty|spa|1
|
|-weather|RainDance|[upkeep]
|upkeep
|turn|10
|
|t:|1783034142
|move|p2a: Sinistcha|Rage Powder|p2a: Sinistcha
|-singleturn|p2a: Sinistcha|move: Rage Powder
|move|p2b: Scrafty|Drain Punch|p1a: Grimmsnarl
|-damage|p1a: Grimmsnarl|22/100
|-heal|p2b: Scrafty|75/100|[from] drain|[of] p1a: Grimmsnarl
|move|p1a: Grimmsnarl|Spirit Break|p2a: Sinistcha
|-damage|p2a: Sinistcha|82/100
|-unboost|p2a: Sinistcha|spa|1
|
|-weather|RainDance|[upkeep]
|upkeep
|turn|11
|
|t:|1783034157
|move|p2b: Scrafty|Drain Punch|p1a: Grimmsnarl
|-damage|p1a: Grimmsnarl|0 fnt
|-heal|p2b: Scrafty|89/100|[from] drain|[of] p1a: Grimmsnarl
|faint|p1a: Grimmsnarl
|
|win|lolgz
