|j|☆Terminator7006
|j|☆mael22
|html|Terminator7006mael22    
|uhtml|bestof|Game 2 of a best-of-3
|t:|1757675744
|gametype|doubles
|player|p1|Terminator7006|drayden|1127
|player|p2|mael22|lucas|1101
|gen|9
|tier|[Gen 9] VGC 2025 Reg H (Bo3)
|rated|
|rule|Species Clause: Limit one of each Pokémon
|rule|Item Clause: Limit 1 of each item
|clearpoke
|poke|p1|Gothitelle, L50, F|
|poke|p1|Politoed, L50, M|
|poke|p1|Archaludon, L50, M|
|poke|p1|Rillaboom, L50, M|
|poke|p1|Incineroar, L50, M|
|poke|p1|Conkeldurr, L50, M|
|poke|p2|Rillaboom, L50, M|
|poke|p2|Kingambit, L50, M|
|poke|p2|Farigiraf, L50, M|
|poke|p2|Dragapult, L50, M|
|poke|p2|Sneasler, L50, M|
|poke|p2|Maushold-Four, L50|
|teampreview|4
|showteam|p1|Gothitelle||SitrusBerry|ShadowTag|Psychic,TrickRoom,FakeOut,Protect|||F|||50|,,,,,Dark]Politoed||Leftovers|Drizzle|WeatherBall,PerishSong,HelpingHand,Protect|||M|||50|,,,,,Grass]Archaludon||IronBall|Sturdy|DracoMeteor,FlashCannon,ElectroShot,Protect|||M|||50|,,,,,Bug]Rillaboom||AssaultVest|GrassySurge|WoodHammer,GrassyGlide,Uturn,FakeOut|||M|||50|,,,,,Water]Incineroar||SafetyGoggles|Intimidate|FakeOut,WillOWisp,PartingShot,KnockOff|||M|||50|,,,,,Ghost]Conkeldurr||FlameOrb|Guts|CloseCombat,DrainPunch,IcePunch,Protect|||M|||50|,,,,,Steel
|showteam|p2|Rillaboom||AssaultVest|GrassySurge|GrassyGlide,KnockOff,HighHorsepower,FakeOut|||M|||50|,,,,,Fire]Kingambit||Leftovers|Defiant|Substitute,SuckerPunch,KowtowCleave,IronHead|||M|||50|,,,,,Ghost]Farigiraf||ThroatSpray|ArmorTail|HyperVoice,DazzlingGleam,Psychic,Protect|||M|||50|,,,,,Fairy]Dragapult||ChoiceBand|ClearBody|PhantomForce,DragonDarts,TeraBlast,PsychicFangs|||M|||50|,,,,,Ghost]Sneasler||GrassySeed|Unburden|DireClaw,Protect,RockSlide,CloseCombat|||M|||50|,,,,,Stellar]Maushold-Four||WideLens|Technician|Taunt,Protect,PopulationBomb,Bite||||||50|,,,,,Ghost
|inactive|Battle timer is ON: inactive players will automatically lose when time's up. (requested by Terminator7006)
|inactive|mael22 has 60 seconds left.
|
|t:|1757675800
|teamsize|p1|4
|teamsize|p2|4
|start
|switch|p1a: Gothitelle|Gothitelle, L50, F|100/100
|switch|p1b: Politoed|Politoed, L50, M|100/100
|switch|p2a: Dragapult|Dragapult, L50, M|100/100
|switch|p2b: Maushold|Maushold-Four, L50|100/100
|-weather|RainDance|[from] ability: Drizzle|[of] p1b: Politoed
|turn|1
|inactive|Terminator7006 has 30 seconds left.
|inactive|mael22 has 30 seconds left.
|
|t:|1757675832
|-terastallize|p2a: Dragapult|Ghost
|move|p1a: Gothitelle|Fake Out|p2b: Maushold
|-crit|p2b: Maushold
|-damage|p2b: Maushold|86/100
|move|p2a: Dragapult|Tera Blast|p1b: Politoed|[anim] Tera Blast Ghost
|-damage|p1b: Politoed|24/100
|cant|p2b: Maushold|flinch
|move|p1b: Politoed|Perish Song|p1b: Politoed
|-start|p1a: Gothitelle|perish3|[silent]
|-start|p1b: Politoed|perish3|[silent]
|-start|p2a: Dragapult|perish3|[silent]
|-start|p2b: Maushold|perish3|[silent]
|-fieldactivate|move: Perish Song
|
|-weather|RainDance|[upkeep]
|-heal|p1b: Politoed|30/100|[from] item: Leftovers
|-start|p2a: Dragapult|perish3
|-start|p2b: Maushold|perish3
|-start|p1b: Politoed|perish3
|-start|p1a: Gothitelle|perish3
|upkeep
|turn|2
|inactive|Terminator7006 has 30 seconds left.
|inactive|mael22 has 30 seconds left.
|
|t:|1757675865
|switch|p2a: Farigiraf|Farigiraf, L50, M|100/100
|-terastallize|p1a: Gothitelle|Dark
|move|p1b: Politoed|Protect|p1b: Politoed
|-singleturn|p1b: Politoed|Protect
|move|p2b: Maushold|Population Bomb|p1b: Politoed
|-activate|p1b: Politoed|move: Protect
|move|p1a: Gothitelle|Trick Room|p1a: Gothitelle
|-fieldstart|move: Trick Room|[of] p1a: Gothitelle
|
|-weather|RainDance|[upkeep]
|-heal|p1b: Politoed|37/100|[from] item: Leftovers
|-start|p1a: Gothitelle|perish2
|-start|p1b: Politoed|perish2
|-start|p2b: Maushold|perish2
|upkeep
|turn|3
|inactive|Terminator7006 has 30 seconds left.
|inactive|mael22 has 30 seconds left.
|
|t:|1757675896
|move|p1b: Politoed|Helping Hand|p1a: Gothitelle
|-singleturn|p1a: Gothitelle|Helping Hand|[of] p1b: Politoed
|move|p1a: Gothitelle|Psychic|p2b: Maushold
|-damage|p2b: Maushold|8/100
|move|p2a: Farigiraf|Hyper Voice|p1a: Gothitelle|[spread] p1a,p1b
|-damage|p1a: Gothitelle|72/100
|-damage|p1b: Politoed|11/100
|-enditem|p2a: Farigiraf|Throat Spray
|-boost|p2a: Farigiraf|spa|1|[from] item: Throat Spray
|move|p2b: Maushold|Taunt|p1a: Gothitelle
|-start|p1a: Gothitelle|move: Taunt
|
|-weather|RainDance|[upkeep]
|-heal|p1b: Politoed|17/100|[from] item: Leftovers
|-start|p1a: Gothitelle|perish1
|-start|p1b: Politoed|perish1
|-start|p2b: Maushold|perish1
|upkeep
|turn|4
|
|t:|1757675921
|switch|p1a: Archaludon|Archaludon, L50, M|100/100
|switch|p1b: Incineroar|Incineroar, L50, M, shiny|100/100
|-ability|p1b: Incineroar|Intimidate|boost
|-unboost|p2a: Farigiraf|atk|1
|-unboost|p2b: Maushold|atk|1
|move|p2a: Farigiraf|Dazzling Gleam|p1b: Incineroar|[spread] p1a,p1b
|-damage|p1a: Archaludon|61/100
|-damage|p1b: Incineroar|72/100
|move|p2b: Maushold|Taunt|p1a: Archaludon
|-start|p1a: Archaludon|move: Taunt
|
|-weather|RainDance|[upkeep]
|-start|p2b: Maushold|perish0
|faint|p2b: Maushold
|upkeep
|
|t:|1757675941
|switch|p2b: Sneasler|Sneasler, L50, M|100/100
|turn|5
|
|t:|1757675956
|move|p2a: Farigiraf|Protect|p2a: Farigiraf
|-singleturn|p2a: Farigiraf|Protect
|move|p2b: Sneasler|Protect|p2b: Sneasler
|-singleturn|p2b: Sneasler|Protect
|move|p1a: Archaludon|Electro Shot||[still]
|-prepare|p1a: Archaludon|Electro Shot
|-boost|p1a: Archaludon|spa|1
|-anim|p1a: Archaludon|Electro Shot|p2a: Farigiraf
|-activate|p2a: Farigiraf|move: Protect
|move|p1b: Incineroar|Will-O-Wisp|p2b: Sneasler
|-activate|p2b: Sneasler|move: Protect
|
|-weather|none
|upkeep
|turn|6
|
|t:|1757675980
|move|p1a: Archaludon|Draco Meteor|p2b: Sneasler
|-damage|p2b: Sneasler|0 fnt
|-unboost|p1a: Archaludon|spa|2
|faint|p2b: Sneasler
|move|p1b: Incineroar|Knock Off|p2a: Farigiraf
|-supereffective|p2a: Farigiraf
|-damage|p2a: Farigiraf|33/100
|move|p2a: Farigiraf|Dazzling Gleam|p1b: Incineroar|[spread] p1a,p1b
|-damage|p1a: Archaludon|21/100
|-damage|p1b: Incineroar|43/100
|
|-end|p1a: Archaludon|move: Taunt
|-fieldend|move: Trick Room
|upkeep
|
|t:|1757675994
|switch|p2b: Dragapult|Dragapult, L50, M, tera:Ghost|100/100
|turn|7
|inactive|Terminator7006 has 30 seconds left.
|inactive|mael22 has 30 seconds left.
|
|t:|1757676027
|move|p2b: Dragapult|Dragon Darts|p1b: Incineroar
|-damage|p1b: Incineroar|19/100
|-anim|p2b: Dragapult|Dragon Darts|p1a: Archaludon
|-damage|p1a: Archaludon|0 fnt
|faint|p1a: Archaludon
|move|p2a: Farigiraf|Dazzling Gleam|p1b: Incineroar
|-damage|p1b: Incineroar|0 fnt
|faint|p1b: Incineroar
|
|upkeep
|
|t:|1757676034
|switch|p1b: Politoed|Politoed, L50, M|17/100
|switch|p1a: Gothitelle|Gothitelle, L50, F, tera:Dark|72/100
|-weather|RainDance|[from] ability: Drizzle|[of] p1b: Politoed
|turn|8
|
|t:|1757676051
|move|p1b: Politoed|Protect|p1b: Politoed
|-singleturn|p1b: Politoed|Protect
|move|p2b: Dragapult|Dragon Darts|p1a: Gothitelle
|-damage|p1a: Gothitelle|34/100
|-enditem|p1a: Gothitelle|Sitrus Berry|[eat]
|-heal|p1a: Gothitelle|59/100|[from] item: Sitrus Berry
|-anim|p2b: Dragapult|Dragon Darts|p1a: Gothitelle
|-damage|p1a: Gothitelle|21/100
|move|p2a: Farigiraf|Dazzling Gleam|p1a: Gothitelle|[spread] p1a
|-activate|p1b: Politoed|move: Protect
|-supereffective|p1a: Gothitelle
|-damage|p1a: Gothitelle|0 fnt
|faint|p1a: Gothitelle
|
|-weather|RainDance|[upkeep]
|-heal|p1b: Politoed|23/100|[from] item: Leftovers
|upkeep
|turn|9
|-message|Terminator7006 forfeited.
|raw|Terminator7006's rating: 1127 → 1100(-27 for losing)
|raw|mael22's rating: 1101 → 1128(+27 for winning)
|
|win|mael22
|l|☆mael22
|player|p2|
|l|☆Terminator7006
|player|p1|
