|j|☆NavarroMarin
|j|☆homerj71
|html|NavarroMarinhomerj71    
|uhtml|bestof|Game 1 of a best-of-3
|t:|1784804947
|gametype|doubles
|player|p1|NavarroMarin|norman|1110
|player|p2|homerj71|101|1120
|gen|9
|tier|[Gen 9 Champions] VGC 2026 Reg M-B (Bo3)
|rated|
|rule|Species Clause: Limit one of each Pokémon
|rule|Item Clause: Limit 1 of each item
|clearpoke
|poke|p1|Charizard, L50, M, shiny|
|poke|p1|Garchomp, L50, M|
|poke|p1|Incineroar, L50, F, shiny|
|poke|p1|Venusaur, L50, F, shiny|
|poke|p1|Toxapex, L50, M, shiny|
|poke|p1|Sylveon, L50, F, shiny|
|poke|p2|Sneasler, L50, M|
|poke|p2|Sinistcha, L50|
|poke|p2|Incineroar, L50, F|
|poke|p2|Kingambit, L50, M|
|poke|p2|Delphox, L50, F|
|poke|p2|Blastoise, L50, F|
|teampreview|4
|showteam|p1|Charizard||CharizarditeY|SolarPower|WeatherBall,HeatWave,AncientPower,Protect|Modest||M|||50|]Garchomp||ChoiceScarf|RoughSkin|RockSlide,DragonClaw,Earthquake,StompingTantrum|Adamant||M|||50|]Incineroar||SitrusBerry|Intimidate|FlareBlitz,FakeOut,DarkestLariat,PartingShot|Impish||F|||50|]Venusaur||LifeOrb|Chlorophyll|SludgeBomb,LeafStorm,EarthPower,Protect|Modest||F|||50|]Toxapex||Leftovers|Regenerator|Infestation,Toxic,WideGuard,BanefulBunker|Bold||M|||50|]Sylveon||FairyFeather|Pixilate|HyperVoice,QuickAttack,Yawn,Detect|Modest||F|||50|
|showteam|p2|Sneasler||FocusSash|PoisonTouch|FakeOut,QuickGuard,DireClaw,CloseCombat|Jolly||M|||50|]Sinistcha||OccaBerry|Hospitality|Protect,RagePowder,MatchaGotcha,TrickRoom|Relaxed|||||50|]Incineroar||SitrusBerry|Intimidate|FakeOut,FlareBlitz,ThroatChop,PartingShot|Careful||F|||50|]Kingambit||BlackGlasses|Defiant|KowtowCleave,SwordsDance,SuckerPunch,Protect|Adamant||M|||50|]Delphox||Delphoxite|Blaze|Protect,NastyPlot,HeatWave,Psyshock|Timid||F|||50|]Blastoise||Blastoisinite|RainDish|WaterSpout,DarkPulse,Protect,ShellSmash|Modest||F|||50|
|inactive|Battle timer is ON: inactive players will automatically lose when time's up. (requested by homerj71)
|inactive|NavarroMarin has 60 seconds left.
|inactive|homerj71 has 60 seconds left.
|
|t:|1784804993
|teamsize|p1|4
|teamsize|p2|4
|start
|switch|p1a: Toxapex|Toxapex, L50, M, shiny|100/100
|switch|p1b: Incineroar|Incineroar, L50, F, shiny|100/100
|switch|p2a: Incineroar|Incineroar, L50, F|100/100
|switch|p2b: Delphox|Delphox, L50, F|100/100
|-ability|p2a: Incineroar|Intimidate|boost
|-unboost|p1a: Toxapex|atk|1
|-unboost|p1b: Incineroar|atk|1
|-ability|p1b: Incineroar|Intimidate|boost
|-unboost|p2a: Incineroar|atk|1
|-unboost|p2b: Delphox|atk|1
|turn|1
|inactive|NavarroMarin has 30 seconds left.
|
|t:|1784805023
|detailschange|p2b: Delphox|Delphox-Mega, L50, F
|-mega|p2b: Delphox|Delphox|Delphoxite
|move|p2a: Incineroar|Fake Out|p1b: Incineroar
|-damage|p1b: Incineroar|94/100
|cant|p1b: Incineroar|flinch
|move|p2b: Delphox|Nasty Plot|p2b: Delphox
|-boost|p2b: Delphox|spa|2
|move|p1a: Toxapex|Toxic|p2b: Delphox
|-status|p2b: Delphox|tox
|
|-damage|p2b: Delphox|93/100 tox|[from] psn
|upkeep
|turn|2
|
|t:|1784805046
|move|p1a: Toxapex|Baneful Bunker|p1a: Toxapex
|-singleturn|p1a: Toxapex|move: Protect
|move|p2b: Delphox|Psyshock|p1a: Toxapex
|-activate|p1a: Toxapex|move: Protect
|move|p2a: Incineroar|Throat Chop|p1b: Incineroar
|-resisted|p1b: Incineroar|1
|-damage|p1b: Incineroar|87/100
|-start|p1b: Incineroar|Throat Chop|[silent]
|move|p1b: Incineroar|Darkest Lariat|p2b: Delphox
|-supereffective|p2b: Delphox|1
|-damage|p2b: Delphox|36/100 tox
|
|-damage|p2b: Delphox|24/100 tox|[from] psn
|upkeep
|turn|3
|inactive|NavarroMarin has 30 seconds left.
|inactive|NavarroMarin has 20 seconds left.
|inactive|NavarroMarin has 15 seconds left.
|
|t:|1784805087
|move|p1a: Toxapex|Baneful Bunker||[still]
|-fail|p1a: Toxapex
|move|p2b: Delphox|Psyshock|p1a: Toxapex
|-supereffective|p1a: Toxapex|1
|-damage|p1a: Toxapex|0 fnt
|faint|p1a: Toxapex
|move|p2a: Incineroar|Flare Blitz|p1b: Incineroar
|-resisted|p1b: Incineroar|1
|-damage|p1b: Incineroar|75/100
|-damage|p2a: Incineroar|96/100|[from] Recoil
|move|p1b: Incineroar|Darkest Lariat|p2b: Delphox
|-supereffective|p2b: Delphox|1
|-damage|p2b: Delphox|0 fnt
|faint|p2b: Delphox
|
|-end|p1b: Incineroar|Throat Chop|[silent]
|upkeep
|
|t:|1784805100
|switch|p2b: Sneasler|Sneasler, L50, M|100/100
|switch|p1a: Garchomp|Garchomp, L50, M|100/100
|turn|4
|
|t:|1784805115
|switch|p2a: Sinistcha|Sinistcha, L50|100/100
|move|p1a: Garchomp|Rock Slide|p2b: Sneasler|[spread] p2a,p2b
|-resisted|p2b: Sneasler|1
|-damage|p2a: Sinistcha|84/100
|-damage|p2b: Sneasler|82/100
|move|p2b: Sneasler|Close Combat|p1b: Incineroar
|-supereffective|p1b: Incineroar|1
|-damage|p1b: Incineroar|0 fnt
|-unboost|p2b: Sneasler|def|1
|-unboost|p2b: Sneasler|spd|1
|faint|p1b: Incineroar
|
|upkeep
|
|t:|1784805126
|switch|p1b: Venusaur|Venusaur, L50, F, shiny|100/100
|turn|5
|
|t:|1784805140
|switch|p2b: Incineroar|Incineroar, L50, F|96/100
|-ability|p2b: Incineroar|Intimidate|boost
|-unboost|p1a: Garchomp|atk|1
|-unboost|p1b: Venusaur|atk|1
|move|p1a: Garchomp|Rock Slide|p2b: Incineroar|[spread] p2a,p2b
|-supereffective|p2b: Incineroar|1
|-damage|p2a: Sinistcha|74/100
|-damage|p2b: Incineroar|69/100
|move|p1b: Venusaur|Earth Power|p2b: Incineroar
|-supereffective|p2b: Incineroar|1
|-damage|p2b: Incineroar|3/100
|-enditem|p2b: Incineroar|Sitrus Berry|[eat]
|-heal|p2b: Incineroar|28/100|[from] item: Sitrus Berry
|-damage|p1b: Venusaur|90/100|[from] item: Life Orb
|move|p2a: Sinistcha|Matcha Gotcha|p1a: Garchomp|[spread] p1a,p1b
|-resisted|p1b: Venusaur|2
|-damage|p1a: Garchomp|73/100
|-heal|p2a: Sinistcha|88/100|[from] drain|[of] p1a: Garchomp
|-damage|p1b: Venusaur|83/100
|-heal|p2a: Sinistcha|91/100|[from] drain|[of] p1b: Venusaur
|
|upkeep
|turn|6
|
|t:|1784805163
|move|p1a: Garchomp|Rock Slide|p2b: Incineroar|[spread] p2a,p2b
|-supereffective|p2b: Incineroar|1
|-damage|p2a: Sinistcha|79/100
|-damage|p2b: Incineroar|2/100
|move|p1b: Venusaur|Earth Power|p2b: Incineroar
|-supereffective|p2b: Incineroar|1
|-damage|p2b: Incineroar|0 fnt
|faint|p2b: Incineroar
|-damage|p1b: Venusaur|74/100|[from] item: Life Orb
|move|p2a: Sinistcha|Matcha Gotcha|p1a: Garchomp|[spread] p1a,p1b
|-resisted|p1b: Venusaur|2
|-damage|p1a: Garchomp|45/100
|-heal|p2a: Sinistcha|94/100|[from] drain|[of] p1a: Garchomp
|-damage|p1b: Venusaur|67/100
|-heal|p2a: Sinistcha|97/100|[from] drain|[of] p1b: Venusaur
|-status|p1b: Venusaur|brn
|
|-damage|p1b: Venusaur|62/100 brn|[from] brn
|upkeep
|
|t:|1784805179
|switch|p2b: Sneasler|Sneasler, L50, M|82/100
|turn|7
|
|t:|1784805185
|move|p2b: Sneasler|Fake Out|p1b: Venusaur
|-damage|p1b: Venusaur|45/100 brn
|move|p1a: Garchomp|Rock Slide|p2a: Sinistcha|[spread] p2a,p2b
|-resisted|p2b: Sneasler|1
|-damage|p2a: Sinistcha|85/100
|-damage|p2b: Sneasler|70/100
|cant|p1b: Venusaur|flinch
|move|p2a: Sinistcha|Matcha Gotcha|p1b: Venusaur|[spread] p1a,p1b
|-resisted|p1b: Venusaur|2
|-damage|p1a: Garchomp|17/100
|-heal|p2a: Sinistcha|100/100|[from] drain|[of] p1a: Garchomp
|-damage|p1b: Venusaur|38/100 brn
|
|-damage|p1b: Venusaur|33/100 brn|[from] brn
|upkeep
|turn|8
|
|t:|1784805209
|move|p1a: Garchomp|Rock Slide|p2b: Sneasler|[spread] p2a,p2b
|-resisted|p2b: Sneasler|1
|-damage|p2a: Sinistcha|88/100
|-damage|p2b: Sneasler|60/100
|cant|p2b: Sneasler|flinch
|move|p1b: Venusaur|Earth Power|p2b: Sneasler
|-supereffective|p2b: Sneasler|1
|-damage|p2b: Sneasler|0 fnt
|faint|p2b: Sneasler
|-damage|p1b: Venusaur|23/100 brn|[from] item: Life Orb
|move|p2a: Sinistcha|Matcha Gotcha|p1b: Venusaur|[spread] p1a,p1b
|-resisted|p1b: Venusaur|2
|-damage|p1a: Garchomp|0 fnt
|-heal|p2a: Sinistcha|97/100|[from] drain|[of] p1a: Garchomp
|-damage|p1b: Venusaur|16/100 brn
|-heal|p2a: Sinistcha|100/100|[from] drain|[of] p1b: Venusaur
|faint|p1a: Garchomp
|
|-damage|p1b: Venusaur|11/100 brn|[from] brn
|upkeep
|turn|9
|
|t:|1784805234
|move|p2a: Sinistcha|Protect|p2a: Sinistcha
|-singleturn|p2a: Sinistcha|Protect
|move|p1b: Venusaur|Sludge Bomb|p2a: Sinistcha
|-activate|p2a: Sinistcha|move: Protect
|
|-damage|p1b: Venusaur|5/100 brn|[from] brn
|upkeep
|turn|10
|
|t:|1784805243
|move|p2a: Sinistcha|Protect|p2a: Sinistcha
|-singleturn|p2a: Sinistcha|Protect
|move|p1b: Venusaur|Sludge Bomb|p2a: Sinistcha
|-activate|p2a: Sinistcha|move: Protect
|
|-damage|p1b: Venusaur|0 fnt|[from] brn
|faint|p1b: Venusaur
|
|win|homerj71
