|j|☆Illumina_ProfTipl
|j|☆muslego
|html|Illumina_ProfTiplmuslego    
|uhtml|bestof|Game 1 of a best-of-3
|t:|1757669601
|gametype|doubles
|player|p1|Illumina_ProfTipl|101|1096
|player|p2|muslego|nate|1093
|gen|9
|tier|[Gen 9] VGC 2025 Reg H (Bo3)
|rated|
|rule|Species Clause: Limit one of each Pokémon
|rule|Item Clause: Limit 1 of each item
|clearpoke
|poke|p1|Grimmsnarl, L50, M|
|poke|p1|Volcarona, L50, M|
|poke|p1|Sneasler, L50, F|
|poke|p1|Dragonite, L50, F|
|poke|p1|Rillaboom, L50, M|
|poke|p1|Gastrodon-East, L50, M|
|poke|p2|Whimsicott, L50, M|
|poke|p2|Gholdengo, L50|
|poke|p2|Ursaluna-Bloodmoon, L50, M|
|poke|p2|Pelipper, L50, M|
|poke|p2|Archaludon, L50, M|
|poke|p2|Basculegion, L50, M|
|teampreview|4
|showteam|p1|Grimmsnarl||CovertCloak|Prankster|SpiritBreak,LightScreen,Reflect,ThunderWave|||M|||50|,,,,,Steel]Volcarona||Leftovers|FlameBody|GigaDrain,QuiverDance,FieryDance,Protect|||M|||50|,,,,,Grass]Sneasler||GrassySeed|Unburden|ThroatChop,FakeOut,CloseCombat,DireClaw|||F|||50|,,,,,Dark]Dragonite||LoadedDice|Multiscale|ScaleShot,Protect,Tailwind,ExtremeSpeed|||F|||50|,,,,,Fairy]Rillaboom||AssaultVest|GrassySurge|FakeOut,HighHorsepower,GrassyGlide,WoodHammer|||M|||50|,,,,,Fire]Gastrodon-East||SafetyGoggles|StormDrain|Protect,IceBeam,EarthPower,Yawn|||M|||50|,,,,,Steel
|showteam|p2|Whimsicott||CovertCloak|Prankster|Moonblast,Taunt,FakeTears,Tailwind|||M|||50|,,,,,Steel]Gholdengo||LifeOrb|GoodasGold|MakeItRain,ShadowBall,TeraBlast,Protect||||||50|,,,,,Fighting]Ursaluna-Bloodmoon||AssaultVest|MindsEye|HyperVoice,BloodMoon,EarthPower,VacuumWave|||M|||50|,,,,,Fighting]Pelipper||JabocaBerry|Drizzle|WeatherBall,Hurricane,MuddyWater,WideGuard|||M|||50|,,,,,Steel]Archaludon||PowerHerb|Sturdy|ElectroShot,DracoMeteor,FlashCannon,Protect|||M|||50|,,,,,Electric]Basculegion||FocusSash|Adaptability|Liquidation,LastRespects,AquaJet,Protect|||M|||50|,,,,,Ghost
|inactive|Battle timer is ON: inactive players will automatically lose when time's up. (requested by muslego)
|inactive|Illumina_ProfTipl also wants the timer to be on.
|inactive|muslego has 60 seconds left.
|inactive|muslego has 30 seconds left.
|inactive|muslego has 20 seconds left.
|inactive|muslego has 15 seconds left.
|inactive|muslego has 10 seconds left.
|inactive|muslego has 5 seconds left.
|
|t:|1757669690
|teamsize|p1|4
|teamsize|p2|4
|start
|switch|p1a: Rillaboom|Rillaboom, L50, M|100/100
|switch|p1b: Sneasler|Sneasler, L50, F|100/100
|switch|p2a: Whimsicott|Whimsicott, L50, M|100/100
|switch|p2b: Gholdengo|Gholdengo, L50|100/100
|-fieldstart|move: Grassy Terrain|[from] ability: Grassy Surge|[of] p1a: Rillaboom
|-enditem|p1b: Sneasler|Grassy Seed
|-boost|p1b: Sneasler|def|1|[from] item: Grassy Seed
|turn|1
|inactive|muslego has 30 seconds left.
|inactive|muslego has 20 seconds left.
|inactive|muslego has 15 seconds left.
|inactive|muslego has 10 seconds left.
|
|t:|1757669737
|move|p2a: Whimsicott|Fake Tears|p1a: Rillaboom
|-unboost|p1a: Rillaboom|spd|2
|move|p1b: Sneasler|Dire Claw|p2a: Whimsicott
|-supereffective|p2a: Whimsicott
|-damage|p2a: Whimsicott|0 fnt
|faint|p2a: Whimsicott
|move|p2b: Gholdengo|Shadow Ball|p1a: Rillaboom
|-damage|p1a: Rillaboom|7/100
|-damage|p2b: Gholdengo|91/100|[from] item: Life Orb
|move|p1a: Rillaboom|Wood Hammer|p2b: Gholdengo
|-resisted|p2b: Gholdengo
|-damage|p2b: Gholdengo|42/100
|-damage|p1a: Rillaboom|0 fnt|[from] Recoil
|faint|p1a: Rillaboom
|
|-heal|p2b: Gholdengo|48/100|[from] Grassy Terrain
|upkeep
|
|t:|1757669753
|switch|p2a: Pelipper|Pelipper, L50, M|100/100
|switch|p1a: Gastrodon|Gastrodon-East, L50, M|100/100
|-weather|RainDance|[from] ability: Drizzle|[of] p2a: Pelipper
|turn|2
|inactive|muslego has 30 seconds left.
|
|t:|1757669779
|-terastallize|p1b: Sneasler|Dark
|move|p1b: Sneasler|Throat Chop|p2b: Gholdengo
|-supereffective|p2b: Gholdengo
|-damage|p2b: Gholdengo|0 fnt
|faint|p2b: Gholdengo
|move|p2a: Pelipper|Hurricane|p1b: Sneasler
|-damage|p1b: Sneasler|33/100
|move|p1a: Gastrodon|Yawn|p2a: Pelipper
|-start|p2a: Pelipper|move: Yawn|[of] p1a: Gastrodon
|
|-weather|RainDance|[upkeep]
|-heal|p1b: Sneasler|38/100|[from] Grassy Terrain
|upkeep
|
|t:|1757669787
|switch|p2b: Archaludon|Archaludon, L50, M|100/100
|turn|3
|
|t:|1757669800
|move|p2b: Archaludon|Protect|p2b: Archaludon
|-singleturn|p2b: Archaludon|Protect
|move|p1b: Sneasler|Close Combat|p2b: Archaludon
|-activate|p2b: Archaludon|move: Protect
|move|p2a: Pelipper|Weather Ball|p1a: Gastrodon
|-activate|p1a: Gastrodon|ability: Storm Drain
|-ability|p1a: Gastrodon|Storm Drain|boost
|-boost|p1a: Gastrodon|spa|1
|move|p1a: Gastrodon|Yawn|p2b: Archaludon
|-activate|p2b: Archaludon|move: Protect
|
|-weather|RainDance|[upkeep]
|-heal|p1b: Sneasler|44/100|[from] Grassy Terrain
|-end|p2a: Pelipper|move: Yawn|[silent]
|-status|p2a: Pelipper|slp
|upkeep
|turn|4
|c|☆muslego|whops
|inactive|muslego has 30 seconds left.
|
|t:|1757669832
|-terastallize|p2b: Archaludon|Electric
|move|p1b: Sneasler|Close Combat|p2b: Archaludon
|-damage|p2b: Archaludon|47/100
|-unboost|p1b: Sneasler|def|1
|-unboost|p1b: Sneasler|spd|1
|move|p2b: Archaludon|Draco Meteor|p1b: Sneasler
|-damage|p1b: Sneasler|0 fnt
|-unboost|p2b: Archaludon|spa|2
|faint|p1b: Sneasler
|cant|p2a: Pelipper|slp
|move|p1a: Gastrodon|Earth Power|p2b: Archaludon
|-supereffective|p2b: Archaludon
|-damage|p2b: Archaludon|0 fnt
|faint|p2b: Archaludon
|
|-weather|RainDance|[upkeep]
|upkeep
|c|☆Illumina_ProfTipl|Frankfurt prep? xD
|
|t:|1757669842
|switch|p1b: Volcarona|Volcarona, L50, M|100/100
|turn|5
|c|☆muslego|huh?
|
|t:|1757669860
|move|p1b: Volcarona|Giga Drain|p2a: Pelipper
|-damage|p2a: Pelipper|58/100 slp
|-curestatus|p2a: Pelipper|slp|[msg]
|move|p2a: Pelipper|Hurricane|p1b: Volcarona
|-supereffective|p1b: Volcarona
|-damage|p1b: Volcarona|12/100
|-start|p1b: Volcarona|confusion
|move|p1a: Gastrodon|Ice Beam|p2a: Pelipper
|-damage|p2a: Pelipper|13/100
|
|-weather|RainDance|[upkeep]
|-heal|p1b: Volcarona|18/100|[from] Grassy Terrain
|-heal|p1b: Volcarona|24/100|[from] item: Leftovers
|-fieldend|move: Grassy Terrain
|upkeep
|turn|6
|c|☆Illumina_ProfTipl|Ohh alr so no xD
|
|t:|1757669873
|-activate|p1b: Volcarona|confusion
|-damage|p1b: Volcarona|19/100|[from] confusion
|move|p2a: Pelipper|Hurricane|p1a: Gastrodon
|-damage|p1a: Gastrodon|54/100
|-start|p1a: Gastrodon|confusion
|-activate|p1a: Gastrodon|confusion
|-damage|p1a: Gastrodon|48/100|[from] confusion
|
|-weather|none
|-heal|p1b: Volcarona|25/100|[from] item: Leftovers
|upkeep
|turn|7
|c|☆muslego|lol
|c|☆Illumina_ProfTipl|Uh no xD
|c|☆muslego|no way i win
|
|t:|1757669892
|-activate|p1b: Volcarona|confusion
|move|p1b: Volcarona|Giga Drain|p2a: Pelipper
|-damage|p2a: Pelipper|0 fnt
|-heal|p1b: Volcarona|30/100|[from] drain|[of] p2a: Pelipper
|faint|p2a: Pelipper
|
|win|Illumina_ProfTipl
|c|☆muslego|ye alright
||muslego is ready for game 2.
|c|☆muslego|gg
|c|☆Illumina_ProfTipl|xS
|inactive|Illumina_ProfTipl has 30 seconds to confirm battle start!
||Illumina_ProfTipl is ready for game 2.
|uhtml|next|Next: Game 2 of 3
