|j|☆thebrosofpokes
|j|☆r4ka
|html|thebrosofpokesr4ka    
|uhtml|bestof|Game 1 of a best-of-3
|t:|1757235905
|gametype|doubles
|player|p1|thebrosofpokes|#smogonxnpa2024draftee|1350
|player|p2|r4ka|1|1342
|gen|9
|tier|[Gen 9] VGC 2025 Reg H (Bo3)
|rated|
|rule|Species Clause: Limit one of each Pokémon
|rule|Item Clause: Limit 1 of each item
|clearpoke
|poke|p1|Gholdengo, L50|
|poke|p1|Whimsicott, L50, F|
|poke|p1|Indeedee, L50, M|
|poke|p1|Sneasler, L50, F|
|poke|p1|Ursaluna-Bloodmoon, L50, M|
|poke|p1|Dragonite, L50, M|
|poke|p2|Rillaboom, L50, F|
|poke|p2|Dragonite, L50, F|
|poke|p2|Sneasler, L50, F|
|poke|p2|Kingambit, L50, M|
|poke|p2|Electabuzz, L50, M|
|poke|p2|Volcarona, L50, F|
|teampreview|4
|showteam|p1|Gholdengo||ChoiceSpecs|GoodasGold|MakeItRain,ShadowBall,PowerGem,SteelBeam||||||50|,,,,,Steel]Whimsicott||CovertCloak|Prankster|Moonblast,LightScreen,Tailwind,Taunt|||F|||50|,,,,,Poison]Indeedee||FocusSash|PsychicSurge|Protect,ExpandingForce,TrickRoom,HelpingHand|||M|||50|,,,,,Psychic]Sneasler||PsychicSeed|Unburden|CloseCombat,DireClaw,ThroatChop,Protect|||F|||50|,,,,,Dark]Ursaluna-Bloodmoon||AssaultVest|MindsEye|BloodMoon,HyperVoice,EarthPower,Snarl|||M|||50|,,,,,Fire]Dragonite||LoadedDice|InnerFocus|ScaleShot,TeraBlast,Encore,Protect|||M|||50|,,,,,Flying
|showteam|p2|Rillaboom||AssaultVest|GrassySurge|FakeOut,HighHorsepower,WoodHammer,GrassyGlide|||F|||50|,,,,,Fire]Dragonite||LoadedDice|Multiscale|ExtremeSpeed,ScaleShot,Protect,Haze|||F|||50|,,,,,Steel]Sneasler||FocusSash|PoisonTouch|DireClaw,CloseCombat,FakeOut,Coaching|||F|||50|,,,,,Stellar]Kingambit||BlackGlasses|Defiant|KowtowCleave,SuckerPunch,SwordsDance,Protect|||M|||50|,,,,,Ghost]Electabuzz||Eviolite|VitalSpirit|Thunderbolt,Taunt,Protect,FollowMe|||M|||50|,,,,,Ghost]Volcarona||Leftovers|FlameBody|HeatWave,TeraBlast,QuiverDance,Protect|||F|||50|,,,,,Fairy
|
|t:|1757236000
|teamsize|p1|4
|teamsize|p2|4
|start
|switch|p1a: Dragonite|Dragonite, L50, M|100/100
|switch|p1b: Gholdengo|Gholdengo, L50|100/100
|switch|p2a: Volcarona|Volcarona, L50, F|100/100
|switch|p2b: Electabuzz|Electabuzz, L50, M|100/100
|turn|1
|
|t:|1757236027
|move|p2b: Electabuzz|Follow Me|p2b: Electabuzz
|-singleturn|p2b: Electabuzz|move: Follow Me
|move|p1b: Gholdengo|Make It Rain|p2b: Electabuzz|[spread] p2a,p2b
|-resisted|p2a: Volcarona
|-resisted|p2b: Electabuzz
|-damage|p2a: Volcarona|66/100
|-damage|p2b: Electabuzz|72/100
|-unboost|p1b: Gholdengo|spa|1
|move|p2a: Volcarona|Quiver Dance|p2a: Volcarona
|-boost|p2a: Volcarona|spa|1
|-boost|p2a: Volcarona|spd|1
|-boost|p2a: Volcarona|spe|1
|move|p1a: Dragonite|Scale Shot|p2b: Electabuzz
|-damage|p2b: Electabuzz|60/100
|-damage|p2b: Electabuzz|48/100
|-damage|p2b: Electabuzz|37/100
|-damage|p2b: Electabuzz|25/100
|-damage|p2b: Electabuzz|15/100
|-hitcount|p2b: Electabuzz|5
|-unboost|p1a: Dragonite|def|1
|-boost|p1a: Dragonite|spe|1
|
|-heal|p2a: Volcarona|72/100|[from] item: Leftovers
|upkeep
|turn|2
|
|t:|1757236099
|move|p2b: Electabuzz|Follow Me|p2b: Electabuzz
|-singleturn|p2b: Electabuzz|move: Follow Me
|move|p2a: Volcarona|Heat Wave|p1a: Dragonite|[spread] p1a,p1b
|-resisted|p1a: Dragonite
|-supereffective|p1b: Gholdengo
|-damage|p1a: Dragonite|75/100
|-damage|p1b: Gholdengo|0 fnt
|faint|p1b: Gholdengo
|move|p1a: Dragonite|Scale Shot|p2b: Electabuzz
|-damage|p2b: Electabuzz|3/100
|-damage|p2b: Electabuzz|0 fnt
|faint|p2b: Electabuzz
|-hitcount|p2: Electabuzz|2
|-unboost|p1a: Dragonite|def|1
|-boost|p1a: Dragonite|spe|1
|
|-heal|p2a: Volcarona|78/100|[from] item: Leftovers
|upkeep
|
|t:|1757236116
|switch|p1b: Ursaluna|Ursaluna-Bloodmoon, L50, M|100/100
|switch|p2b: Sneasler|Sneasler, L50, F|100/100
|turn|3
|
|t:|1757236154
|-terastallize|p2a: Volcarona|Fairy
|-terastallize|p1b: Ursaluna|Fire
|move|p1a: Dragonite|Scale Shot|p2b: Sneasler
|-damage|p2b: Sneasler|75/100
|-damage|p2b: Sneasler|49/100
|-damage|p2b: Sneasler|24/100
|-damage|p2b: Sneasler|0 fnt
|faint|p2b: Sneasler
|-hitcount|p2: Sneasler|4
|-unboost|p1a: Dragonite|def|1
|-boost|p1a: Dragonite|spe|1
|move|p2a: Volcarona|Heat Wave|p1a: Dragonite|[spread] p1b
|-miss|p2a: Volcarona|p1a: Dragonite
|-resisted|p1b: Ursaluna
|-damage|p1b: Ursaluna|83/100
|move|p1b: Ursaluna|Snarl|p2a: Volcarona
|-resisted|p2a: Volcarona
|-damage|p2a: Volcarona|72/100
|-unboost|p2a: Volcarona|spa|1
|
|-heal|p2a: Volcarona|78/100|[from] item: Leftovers
|upkeep
|
|t:|1757236174
|switch|p2b: Rillaboom|Rillaboom, L50, F|100/100
|-fieldstart|move: Grassy Terrain|[from] ability: Grassy Surge|[of] p2b: Rillaboom
|turn|4
|
|t:|1757236205
|move|p1a: Dragonite|Encore|p2a: Volcarona
|-start|p2a: Volcarona|Encore
|move|p2a: Volcarona|Heat Wave|p1a: Dragonite|[spread] p1a,p1b
|-resisted|p1a: Dragonite
|-resisted|p1b: Ursaluna
|-damage|p1a: Dragonite|57/100
|-damage|p1b: Ursaluna|71/100
|move|p2b: Rillaboom|High Horsepower|p1b: Ursaluna
|-supereffective|p1b: Ursaluna
|-damage|p1b: Ursaluna|24/100
|move|p1b: Ursaluna|Blood Moon|p2b: Rillaboom
|-damage|p2b: Rillaboom|50/100
|
|-heal|p2a: Volcarona|85/100|[from] Grassy Terrain
|-heal|p2a: Volcarona|91/100|[from] item: Leftovers
|-heal|p2b: Rillaboom|56/100|[from] Grassy Terrain
|-heal|p1b: Ursaluna|30/100|[from] Grassy Terrain
|upkeep
|turn|5
|
|t:|1757236236
|move|p1a: Dragonite|Scale Shot|p2b: Rillaboom
|-damage|p2b: Rillaboom|41/100
|-damage|p2b: Rillaboom|25/100
|-damage|p2b: Rillaboom|10/100
|-damage|p2b: Rillaboom|0 fnt
|faint|p2b: Rillaboom
|-hitcount|p2: Rillaboom|4
|-unboost|p1a: Dragonite|def|1
|-boost|p1a: Dragonite|spe|1
|move|p2a: Volcarona|Heat Wave|p1b: Ursaluna|[spread] p1a,p1b
|-resisted|p1a: Dragonite
|-resisted|p1b: Ursaluna
|-damage|p1a: Dragonite|38/100
|-damage|p1b: Ursaluna|18/100
|move|p1b: Ursaluna|Hyper Voice|p2a: Volcarona
|-damage|p2a: Volcarona|60/100
|
|-heal|p2a: Volcarona|66/100|[from] Grassy Terrain
|-heal|p2a: Volcarona|72/100|[from] item: Leftovers
|-heal|p1b: Ursaluna|24/100|[from] Grassy Terrain
|upkeep
|turn|6
|
|t:|1757236269
|move|p1a: Dragonite|Protect|p1a: Dragonite
|-singleturn|p1a: Dragonite|Protect
|move|p2a: Volcarona|Heat Wave|p1a: Dragonite|[spread] p1b
|-activate|p1a: Dragonite|move: Protect
|-resisted|p1b: Ursaluna
|-damage|p1b: Ursaluna|12/100
|move|p1b: Ursaluna|Snarl|p2a: Volcarona
|-resisted|p2a: Volcarona
|-damage|p2a: Volcarona|65/100
|-unboost|p2a: Volcarona|spa|1
|
|-heal|p2a: Volcarona|72/100|[from] Grassy Terrain
|-heal|p2a: Volcarona|78/100|[from] item: Leftovers
|-heal|p1b: Ursaluna|18/100|[from] Grassy Terrain
|-end|p2a: Volcarona|Encore
|upkeep
|turn|7
|
|t:|1757236287
|move|p1a: Dragonite|Encore|p2a: Volcarona
|-start|p2a: Volcarona|Encore
|move|p2a: Volcarona|Heat Wave|p1b: Ursaluna|[spread] p1a,p1b
|-resisted|p1a: Dragonite
|-resisted|p1b: Ursaluna
|-damage|p1a: Dragonite|25/100
|-damage|p1b: Ursaluna|10/100
|move|p1b: Ursaluna|Blood Moon|p2a: Volcarona
|-damage|p2a: Volcarona|30/100
|
|-heal|p2a: Volcarona|36/100|[from] Grassy Terrain
|-heal|p2a: Volcarona|43/100|[from] item: Leftovers
|-heal|p1b: Ursaluna|16/100|[from] Grassy Terrain
|upkeep
|turn|8
|
|t:|1757236300
|move|p1a: Dragonite|Tera Blast|p2a: Volcarona
|-damage|p2a: Volcarona|31/100
|move|p2a: Volcarona|Heat Wave|p1b: Ursaluna|[spread] p1b
|-miss|p2a: Volcarona|p1a: Dragonite
|-resisted|p1b: Ursaluna
|-damage|p1b: Ursaluna|9/100
|move|p1b: Ursaluna|Hyper Voice|p2a: Volcarona
|-damage|p2a: Volcarona|0 fnt
|faint|p2a: Volcarona
|
|win|thebrosofpokes
||r4ka is ready for game 2.
||thebrosofpokes is ready for game 2.
|uhtml|next|Next: Game 2 of 3
