|j|☆snailboss
|j|☆caverna1
|html|snailbosscaverna1    
|uhtml|bestof|Game 2 of a best-of-3
|t:|1784015495
|gametype|doubles
|player|p1|snailboss|caitlin|1088
|player|p2|caverna1|boarder|1074
|gen|9
|tier|[Gen 9 Champions] VGC 2026 Reg M-B (Bo3)
|rated|
|rule|Species Clause: Limit one of each Pokémon
|rule|Item Clause: Limit 1 of each item
|clearpoke
|poke|p1|Barbaracle, L50, F|
|poke|p1|Delphox, L50, F|
|poke|p1|Sinistcha, L50|
|poke|p1|Weavile, L50, F|
|poke|p1|Primarina, L50, F|
|poke|p1|Corviknight, L50, M|
|poke|p2|Farigiraf, L50, F|
|poke|p2|Pelipper, L50, M|
|poke|p2|Rotom-Wash, L50|
|poke|p2|Scovillain, L50, F|
|poke|p2|Archaludon, L50, M|
|poke|p2|Swampert, L50, M|
|teampreview|4
|showteam|p1|Barbaracle||Barbaracite|ToughClaws|CloseCombat,RockSlide,ShellSmash,Protect|Adamant||F|||50|]Delphox||Delphoxite|Blaze|Protect,Psychic,HeatWave,Encore|Timid||F|||50|]Sinistcha||ColburBerry|Hospitality|Protect,RagePowder,TrickRoom,MatchaGotcha|Bold|||||50|]Weavile||FocusSash|Pressure|Protect,FakeOut,KnockOff,TripleAxel|Jolly||F|||50|]Primarina||LifeOrb|LiquidVoice|Protect,CalmMind,HyperVoice,Moonblast|Modest||F|||50|]Corviknight||OccaBerry|MirrorArmor|BraveBird,Tailwind,Protect,IronHead|Adamant||M|||50|
|showteam|p2|Farigiraf||SitrusBerry|ArmorTail|Protect,HelpingHand,TwinBeam,DazzlingGleam|Modest||F|||50|]Pelipper||FocusSash|Drizzle|Protect,Tailwind,WeatherBall,Hurricane|Timid||M|||50|]Rotom-Wash||ChoiceScarf|Levitate|VoltSwitch,WillOWisp,Trick,DarkPulse|Timid|||||50|]Scovillain||Scovillainite|Moody|RagePowder,Protect,LeechSeed,GigaDrain|Bold||F|||50|]Archaludon||Leftovers|Stamina|Protect,ElectroShot,FlashCannon,DragonPulse|Modest||M|||50|]Swampert||Swampertite|Torrent|Protect,IcePunch,WaveCrash,Earthquake|Adamant||M|||50|
|inactive|Battle timer is ON: inactive players will automatically lose when time's up. (requested by caverna1)
|
|t:|1784015523
|teamsize|p1|4
|teamsize|p2|4
|start
|switch|p1a: Weavile|Weavile, L50, F|100/100
|switch|p1b: Feet For Hands|Barbaracle, L50, F|100/100
|switch|p2a: Scovillain|Scovillain, L50, F|100/100
|switch|p2b: Rotom|Rotom-Wash, L50|100/100
|-ability|p1a: Weavile|Pressure
|turn|1
|inactive|snailboss has 30 seconds left.
|inactive|caverna1 has 30 seconds left.
|inactive|snailboss has 20 seconds left.
|inactive|caverna1 has 20 seconds left.
|inactive|snailboss has 15 seconds left.
|inactive|caverna1 has 15 seconds left.
|inactive|snailboss has 10 seconds left.
|inactive|caverna1 has 10 seconds left.
|
|t:|1784015572
|switch|p1b: The Mariana|Primarina, L50, F|100/100
|move|p2a: Scovillain|Protect|p2a: Scovillain
|-singleturn|p2a: Scovillain|Protect
|move|p2b: Rotom|Will-O-Wisp|p1a: Weavile
|-status|p1a: Weavile|brn
|move|p1a: Weavile|Knock Off|p2b: Rotom
|-damage|p2b: Rotom|66/100
|-enditem|p2b: Rotom|Choice Scarf|[from] move: Knock Off|[of] p1a: Weavile
|
|-damage|p1a: Weavile|93/100 brn|[from] brn
|-ability|p2a: Scovillain|Moody|boost
|-boost|p2a: Scovillain|spe|2
|-unboost|p2a: Scovillain|atk|1
|upkeep
|turn|2
|inactive|caverna1 has 30 seconds left.
|inactive|caverna1 has 20 seconds left.
|inactive|caverna1 has 15 seconds left.
|
|t:|1784015617
|switch|p1a: Warm Healer|Sinistcha, L50|100/100
|detailschange|p2a: Scovillain|Scovillain-Mega, L50, F
|-mega|p2a: Scovillain|Scovillain|Scovillainite
|move|p2a: Scovillain|Giga Drain|p1b: The Mariana
|-supereffective|p1b: The Mariana|1
|-damage|p1b: The Mariana|47/100
|move|p2b: Rotom|Volt Switch|p1a: Warm Healer
|-resisted|p1a: Warm Healer|1
|-damage|p1a: Warm Healer|83/100
|
|t:|1784015630
|switch|p2b: Archaludon|Archaludon, L50, M|100/100|[from] Volt Switch
|move|p1b: The Mariana|Calm Mind|p1b: The Mariana
|-boost|p1b: The Mariana|spa|1
|-boost|p1b: The Mariana|spd|1
|
|upkeep
|turn|3
|inactive|caverna1 has 30 seconds left.
|inactive|caverna1 has 20 seconds left.
|
|t:|1784015667
|move|p1b: The Mariana|Protect|p1b: The Mariana
|-singleturn|p1b: The Mariana|Protect
|move|p2a: Scovillain|Giga Drain|p1b: The Mariana
|-activate|p1b: The Mariana|move: Protect
|move|p2b: Archaludon|Electro Shot||[still]
|-prepare|p2b: Archaludon|Electro Shot
|-boost|p2b: Archaludon|spa|1
|move|p1a: Warm Healer|Trick Room|p1a: Warm Healer
|-fieldstart|move: Trick Room|[of] p1a: Warm Healer
|
|upkeep
|turn|4
|
|t:|1784015691
|move|p1a: Warm Healer|Rage Powder|p1a: Warm Healer
|-singleturn|p1a: Warm Healer|move: Rage Powder
|move|p1b: The Mariana|Hyper Voice|p2a: Scovillain|[spread] p2a,p2b
|-crit|p2a: Scovillain
|-resisted|p2b: Archaludon|1
|-damage|p2a: Scovillain|0 fnt
|-damage|p2b: Archaludon|63/100
|-status|p1b: The Mariana|brn|[from] ability: Spicy Spray|[of] p2a: Scovillain
|-ability|p2b: Archaludon|Stamina|boost
|-boost|p2b: Archaludon|def|1
|faint|p2a: Scovillain
|-damage|p1b: The Mariana|37/100 brn|[from] item: Life Orb
|move|p2b: Archaludon|Electro Shot|p1a: Warm Healer|[from] lockedmove
|-resisted|p1a: Warm Healer|1
|-damage|p1a: Warm Healer|52/100
|
|-heal|p2b: Archaludon|69/100|[from] item: Leftovers
|-damage|p1b: The Mariana|32/100 brn|[from] brn
|upkeep
|
|t:|1784015714
|switch|p2a: Pelipper|Pelipper, L50, M|100/100
|-weather|RainDance|[from] ability: Drizzle|[of] p2a: Pelipper
|turn|5
|
|t:|1784015729
|move|p2b: Archaludon|Protect|p2b: Archaludon
|-singleturn|p2b: Archaludon|Protect
|move|p1b: The Mariana|Moonblast|p2b: Archaludon
|-activate|p2b: Archaludon|move: Protect
|move|p1a: Warm Healer|Matcha Gotcha|p2a: Pelipper|[spread] p2a
|-activate|p2b: Archaludon|move: Protect
|-damage|p2a: Pelipper|57/100
|-heal|p1a: Warm Healer|69/100|[from] drain|[of] p2a: Pelipper
|move|p2a: Pelipper|Hurricane|p1a: Warm Healer
|-supereffective|p1a: Warm Healer|1
|-damage|p1a: Warm Healer|0 fnt
|faint|p1a: Warm Healer
|
|-weather|RainDance|[upkeep]
|-heal|p2b: Archaludon|76/100|[from] item: Leftovers
|-damage|p1b: The Mariana|26/100 brn|[from] brn
|upkeep
|
|t:|1784015743
|switch|p1a: Weavile|Weavile, L50, F|93/100 brn
|-ability|p1a: Weavile|Pressure
|turn|6
|
|t:|1784015766
|move|p2a: Pelipper|Protect|p2a: Pelipper
|-singleturn|p2a: Pelipper|Protect
|move|p1a: Weavile|Fake Out|p2a: Pelipper
|-activate|p2a: Pelipper|move: Protect
|move|p1b: The Mariana|Moonblast|p2b: Archaludon
|-damage|p2b: Archaludon|0 fnt
|faint|p2b: Archaludon
|-damage|p1b: The Mariana|16/100 brn|[from] item: Life Orb
|
|-weather|RainDance|[upkeep]
|-damage|p1b: The Mariana|10/100 brn|[from] brn
|-damage|p1a: Weavile|87/100 brn|[from] brn
|upkeep
|
|t:|1784015779
|switch|p2b: Rotom|Rotom-Wash, L50|66/100
|turn|7
|inactive|caverna1 has 30 seconds left.
|
|t:|1784015814
|move|p1b: The Mariana|Moonblast|p2b: Rotom
|-damage|p2b: Rotom|0 fnt
|faint|p2b: Rotom
|-damage|p1b: The Mariana|1/100 brn|[from] item: Life Orb
|move|p2a: Pelipper|Weather Ball|p1b: The Mariana
|-resisted|p1b: The Mariana|1
|-damage|p1b: The Mariana|0 fnt
|faint|p1b: The Mariana
|move|p1a: Weavile|Triple Axel|p2a: Pelipper
|-damage|p2a: Pelipper|50/100g
|-damage|p2a: Pelipper|37/100
|-damage|p2a: Pelipper|19/100
|-hitcount|p2a: Pelipper|3
|
|-weather|RainDance|[upkeep]
|-damage|p1a: Weavile|81/100 brn|[from] brn
|-fieldend|move: Trick Room
|upkeep
|
|t:|1784015828
|switch|p1b: Feet For Hands|Barbaracle, L50, F|100/100
|turn|8
|
|t:|1784015839
|move|p1b: Feet For Hands|Protect|p1b: Feet For Hands
|-singleturn|p1b: Feet For Hands|Protect
|move|p1a: Weavile|Triple Axel|p2a: Pelipper
|-damage|p2a: Pelipper|13/100
|-damage|p2a: Pelipper|0 fnt
|faint|p2a: Pelipper
|-hitcount|p2: Pelipper|2
|
|win|snailboss
|raw|snailboss's rating: 1088 → 1114(+26 for winning)
|raw|caverna1's rating: 1074 → 1054(-20 for losing)
