|j|☆guby6766
|j|☆ming0mang0
|html|guby6766ming0mang0    
|uhtml|bestof|Game 1 of a best-of-3
|t:|1756587745
|gametype|doubles
|player|p1|guby6766|1|1000
|player|p2|ming0mang0|harlequin|1084
|gen|9
|tier|[Gen 9] VGC 2025 Reg H (Bo3)
|rated|
|rule|Species Clause: Limit one of each Pokémon
|rule|Item Clause: Limit 1 of each item
|clearpoke
|poke|p1|Arcanine-Hisui, L50, M|
|poke|p1|Ursaluna-Bloodmoon, L50, M|
|poke|p1|Incineroar, L50, M|
|poke|p1|Annihilape, L50, M|
|poke|p1|Overqwil, L50, M|
|poke|p1|Bronzong, L50|
|poke|p2|Porygon2, L50|
|poke|p2|Hydreigon, L50, F|
|poke|p2|Incineroar, L50, M|
|poke|p2|Garchomp, L50, F|
|poke|p2|Amoonguss, L50, F|
|poke|p2|Gholdengo, L50|
|teampreview|4
|showteam|p1|Arcanine-Hisui||FocusSash|Intimidate|FlareBlitz,RockSlide,FlameCharge,Howl|||M|||50|,,,,,Ghost]Ursaluna-Bloodmoon||LifeOrb|MindsEye|BloodMoon,EarthPower,Moonblast,Protect|||M|||50|,,,,,Fairy]Incineroar||RockyHelmet|Intimidate|FlareBlitz,KnockOff,FakeOut,CloseCombat|||M|||50|,,,,,Ghost]Annihilape||LaggingTail|Defiant|FinalGambit,RageFist,HelpingHand,Protect|||M|||50|,,,,,Grass]Overqwil||AssaultVest|Intimidate|BarbBarrage,ThroatChop,FellStinger,Liquidation|||M|||50|,,,,,Water]Bronzong||RedCard|Heatproof|TrickRoom,IronDefense,BodyPress,HeavySlam||||||50|,,,,,Fighting
|showteam|p2|Porygon2||Eviolite|Download|TeraBlast,IceBeam,TrickRoom,Recover||||||50|,,,,,Fighting]Hydreigon||SafetyGoggles|Levitate|Snarl,DracoMeteor,Tailwind,Protect|||F|||50|,,,,,Ghost]Incineroar||SitrusBerry|Intimidate|FlareBlitz,KnockOff,PartingShot,FakeOut|||M|||50|,,,,,Grass]Garchomp||LoadedDice|RoughSkin|ScaleShot,Earthquake,StompingTantrum,Protect|||F|||50|,,,,,Fire]Amoonguss||CovertCloak|Regenerator|PollenPuff,Spore,RagePowder,Protect|||F|||50|,,,,,Fire]Gholdengo||MetalCoat|GoodasGold|MakeItRain,ShadowBall,NastyPlot,Protect||||||50|,,,,,Flying
|inactive|Battle timer is ON: inactive players will automatically lose when time's up. (requested by guby6766)
|inactive|ming0mang0 has 60 seconds left.
|inactive|ming0mang0 has 30 seconds left.
|inactive|ming0mang0 has 20 seconds left.
|inactive|ming0mang0 has 15 seconds left.
|inactive|ming0mang0 has 10 seconds left.
|
|t:|1756587831
|teamsize|p1|4
|teamsize|p2|4
|start
|switch|p1a: Bronzong|Bronzong, L50|100/100
|switch|p1b: Ursaluna|Ursaluna-Bloodmoon, L50, M|100/100
|switch|p2a: Hydreigon|Hydreigon, L50, F, shiny|100/100
|switch|p2b: Amoonguss|Amoonguss, L50, F, shiny|100/100
|turn|1
|inactive|ming0mang0 has 30 seconds left.
|
|t:|1756587862
|-terastallize|p1b: Ursaluna|Fairy
|move|p2a: Hydreigon|Snarl|p1a: Bronzong|[spread] p1a,p1b
|-supereffective|p1a: Bronzong
|-resisted|p1b: Ursaluna
|-damage|p1a: Bronzong|68/100
|-damage|p1b: Ursaluna|91/100
|-unboost|p1a: Bronzong|spa|1
|-unboost|p1b: Ursaluna|spa|1
|-enditem|p1a: Bronzong|Red Card|[of] p2a: Hydreigon
|drag|p2a: Incineroar|Incineroar, L50, M, shiny|100/100
|-ability|p2a: Incineroar|Intimidate|boost
|-unboost|p1a: Bronzong|atk|1
|-unboost|p1b: Ursaluna|atk|1
|move|p1b: Ursaluna|Moonblast|p2a: Incineroar
|-damage|p2a: Incineroar|55/100
|-damage|p1b: Ursaluna|81/100|[from] item: Life Orb
|move|p2b: Amoonguss|Spore|p1a: Bronzong
|-status|p1a: Bronzong|slp|[from] move: Spore
|cant|p1a: Bronzong|slp
|
|upkeep
|turn|2
|inactive|guby6766 has 30 seconds left.
|inactive|ming0mang0 has 30 seconds left.
|inactive|ming0mang0 has 20 seconds left.
|
|t:|1756587900
|move|p2a: Incineroar|Knock Off|p1b: Ursaluna
|-resisted|p1b: Ursaluna
|-damage|p1b: Ursaluna|66/100
|-enditem|p1b: Ursaluna|Life Orb|[from] move: Knock Off|[of] p2a: Incineroar
|move|p1b: Ursaluna|Earth Power|p2a: Incineroar
|-supereffective|p2a: Incineroar
|-damage|p2a: Incineroar|0 fnt
|faint|p2a: Incineroar
|move|p2b: Amoonguss|Spore|p1b: Ursaluna
|-status|p1b: Ursaluna|slp|[from] move: Spore
|cant|p1a: Bronzong|slp
|
|upkeep
|
|t:|1756587913
|switch|p2a: Hydreigon|Hydreigon, L50, F, shiny|100/100
|turn|3
|
|t:|1756587935
|switch|p2b: Garchomp|Garchomp, L50, F, shiny|100/100
|move|p2a: Hydreigon|Snarl|p1b: Ursaluna|[spread] p1a,p1b
|-supereffective|p1a: Bronzong
|-resisted|p1b: Ursaluna
|-damage|p1a: Bronzong|36/100 slp
|-damage|p1b: Ursaluna|57/100 slp
|-unboost|p1a: Bronzong|spa|1
|-unboost|p1b: Ursaluna|spa|1
|cant|p1b: Ursaluna|slp
|cant|p1a: Bronzong|slp
|
|upkeep
|turn|4
|
|t:|1756587959
|move|p2a: Hydreigon|Tailwind|p2a: Hydreigon
|-sidestart|p2: ming0mang0|move: Tailwind
|move|p2b: Garchomp|Earthquake|p1b: Ursaluna|[spread] p1a,p1b
|-immune|p2a: Hydreigon|[from] ability: Levitate
|-supereffective|p1a: Bronzong
|-crit|p1a: Bronzong
|-damage|p1a: Bronzong|0 fnt
|-damage|p1b: Ursaluna|24/100 slp
|faint|p1a: Bronzong
|cant|p1b: Ursaluna|slp
|
|upkeep
|
|t:|1756587966
|switch|p1a: Incineroar|Incineroar, L50, M|100/100
|-ability|p1a: Incineroar|Intimidate|boost
|-unboost|p2a: Hydreigon|atk|1
|-unboost|p2b: Garchomp|atk|1
|turn|5
|
|t:|1756587976
|switch|p2b: Amoonguss|Amoonguss, L50, F, shiny|100/100
|move|p2a: Hydreigon|Protect|p2a: Hydreigon
|-singleturn|p2a: Hydreigon|Protect
|move|p1a: Incineroar|Fake Out|p2b: Amoonguss
|-damage|p2b: Amoonguss|90/100
|cant|p1b: Ursaluna|slp
|
|upkeep
|turn|6
|
|t:|1756587994
|move|p2a: Hydreigon|Draco Meteor|p1a: Incineroar
|-crit|p1a: Incineroar
|-damage|p1a: Incineroar|5/100
|-unboost|p2a: Hydreigon|spa|2
|move|p2b: Amoonguss|Spore|p1b: Ursaluna
|-fail|p1b: Ursaluna|slp
|move|p1a: Incineroar|Flare Blitz|p2b: Amoonguss
|-supereffective|p2b: Amoonguss
|-damage|p2b: Amoonguss|8/100
|-damage|p1a: Incineroar|0 fnt|[from] Recoil
|faint|p1a: Incineroar
|-curestatus|p1b: Ursaluna|slp|[msg]
|move|p1b: Ursaluna|Moonblast|p2a: Hydreigon
|-supereffective|p2a: Hydreigon
|-damage|p2a: Hydreigon|0 fnt
|faint|p2a: Hydreigon
|
|upkeep
|
|t:|1756588010
|switch|p2a: Garchomp|Garchomp, L50, F, shiny|100/100
|switch|p1a: Overqwil|Overqwil, L50, M|100/100
|-ability|p1a: Overqwil|Intimidate|boost
|-unboost|p2a: Garchomp|atk|1
|-unboost|p2b: Amoonguss|atk|1
|turn|7
|inactive|ming0mang0 has 30 seconds left.
|inactive|guby6766 has 30 seconds left.
|inactive|ming0mang0 has 20 seconds left.
|inactive|ming0mang0 has 15 seconds left.
|inactive|ming0mang0 has 10 seconds left.
|
|t:|1756588057
|move|p2b: Amoonguss|Rage Powder|p2b: Amoonguss
|-singleturn|p2b: Amoonguss|move: Rage Powder
|move|p2a: Garchomp|Scale Shot|p1a: Overqwil
|-damage|p1a: Overqwil|93/100
|-damage|p1a: Overqwil|86/100
|-damage|p1a: Overqwil|78/100
|-damage|p1a: Overqwil|71/100
|-crit|p1a: Overqwil
|-damage|p1a: Overqwil|54/100
|-hitcount|p1a: Overqwil|5
|-unboost|p2a: Garchomp|def|1
|-boost|p2a: Garchomp|spe|1
|move|p1a: Overqwil|Fell Stinger|p2b: Amoonguss
|-damage|p2b: Amoonguss|0 fnt
|faint|p2b: Amoonguss
|-boost|p1a: Overqwil|atk|3
|move|p1b: Ursaluna|Moonblast|p2a: Garchomp
|-supereffective|p2a: Garchomp
|-damage|p2a: Garchomp|47/100
|
|-sideend|p2: ming0mang0|move: Tailwind
|upkeep
|turn|8
|j| entei enthusiast
|l| entei enthusiast
|inactive|ming0mang0 has 30 seconds left.
|
|t:|1756588085
|move|p2a: Garchomp|Earthquake|p1b: Ursaluna|[spread] p1a,p1b
|-supereffective|p1a: Overqwil
|-damage|p1a: Overqwil|10/100
|-damage|p1b: Ursaluna|2/100
|move|p1a: Overqwil|Liquidation|p2a: Garchomp
|-damage|p2a: Garchomp|0 fnt
|-damage|p1a: Overqwil|0 fnt|[from] ability: Rough Skin|[of] p2a: Garchomp
|faint|p2a: Garchomp
|faint|p1a: Overqwil
|
|win|guby6766
|inactive|guby6766 has 30 seconds to confirm battle start!
|inactive|ming0mang0 has 30 seconds to confirm battle start!
||guby6766 is ready for game 2.
|inactive|ming0mang0 has 20 seconds to confirm battle start!
||ming0mang0 is ready for game 2.
|uhtml|next|Next: Game 2 of 3
