|j|‽tskkds
|j|☆red gate 0
|html|tskkdsred gate 0    
|uhtml|bestof|Game 3 of a best-of-3
|t:|1756782556
|gametype|doubles
|player|p1|tskkds|dawn|1166
|player|p2|red gate 0|n|1212
|gen|9
|tier|[Gen 9] VGC 2025 Reg H (Bo3)
|rated|
|rule|Species Clause: Limit one of each Pokémon
|rule|Item Clause: Limit 1 of each item
|clearpoke
|poke|p1|Annihilape, L50, M|
|poke|p1|Rillaboom, L50, M|
|poke|p1|Gholdengo, L50|
|poke|p1|Ursaluna-Bloodmoon, L50, M|
|poke|p1|Incineroar, L50, F|
|poke|p1|Dragonite, L50, F|
|poke|p2|Sneasler, L50, M|
|poke|p2|Gholdengo, L50|
|poke|p2|Ninetales-Alola, L50, F|
|poke|p2|Arcanine-Hisui, L50, M|
|poke|p2|Amoonguss, L50, F|
|poke|p2|Rillaboom, L50, M|
|teampreview|4
|showteam|p1|Annihilape||SafetyGoggles|Defiant|CloseCombat,RageFist,FinalGambit,Taunt|||M|||50|,,,,,Water]Rillaboom||AssaultVest|GrassySurge|FakeOut,WoodHammer,GrassyGlide,HighHorsepower|||M|||50|,,,,,Fire]Gholdengo||LifeOrb|GoodasGold|MakeItRain,ShadowBall,NastyPlot,Protect||||||50|,,,,,Water]Ursaluna-Bloodmoon||FocusSash|MindsEye|BloodMoon,EarthPower,HyperVoice,Protect|||M|||50|,,,,,Normal]Incineroar||SitrusBerry|Intimidate|FakeOut,FlareBlitz,KnockOff,PartingShot|||F|||50|,,,,,Ghost]Dragonite||LoadedDice|Multiscale|ScaleShot,Tailwind,Haze,Protect|||F|||50|,,,,,Steel
|showteam|p2|Sneasler||FocusSash|PoisonTouch|DireClaw,CloseCombat,FakeOut,Protect|||M|||50|,,,,,Stellar]Gholdengo||GrassySeed|GoodasGold|MakeItRain,ShadowBall,NastyPlot,Protect||||||50|,,,,,Water]Ninetales-Alola||LightClay|SnowWarning|IcyWind,FreezeDry,AuroraVeil,Protect|||F|||50|,,,,,Ghost]Arcanine-Hisui||ClearAmulet|Intimidate|FlareBlitz,RockSlide,ExtremeSpeed,Protect|||M|||50|,,,,,Ghost]Amoonguss||SitrusBerry|Regenerator|ClearSmog,PollenPuff,Spore,RagePowder|||F|||50|,,,,,Water]Rillaboom||AssaultVest|GrassySurge|WoodHammer,GrassyGlide,HighHorsepower,FakeOut|||M|||50|,,,,,Fire
|inactive|Battle timer is ON: inactive players will automatically lose when time's up. (requested by red gate 0)
|
|t:|1756782569
|teamsize|p1|4
|teamsize|p2|4
|start
|switch|p1a: Annihilape|Annihilape, L50, M|100/100
|switch|p1b: Dragonite|Dragonite, L50, F|100/100
|switch|p2a: Gholdengo|Gholdengo, L50|100/100
|switch|p2b: Rillaboom|Rillaboom, L50, M|100/100
|-fieldstart|move: Grassy Terrain|[from] ability: Grassy Surge|[of] p2b: Rillaboom
|-enditem|p2a: Gholdengo|Grassy Seed
|-boost|p2a: Gholdengo|def|1|[from] item: Grassy Seed
|turn|1
|inactive|tskkds has 30 seconds left.
|
|t:|1756782597
|move|p2b: Rillaboom|Fake Out|p1b: Dragonite
|-damage|p1b: Dragonite|93/100
|move|p1a: Annihilape|Rage Fist|p2a: Gholdengo
|-supereffective|p2a: Gholdengo
|-damage|p2a: Gholdengo|70/100
|move|p2a: Gholdengo|Nasty Plot|p2a: Gholdengo
|-boost|p2a: Gholdengo|spa|2
|cant|p1b: Dragonite|flinch
|
|-heal|p2a: Gholdengo|76/100|[from] Grassy Terrain
|upkeep
|turn|2
|
|t:|1756782621
|switch|p2b: Ninetales|Ninetales-Alola, L50, F, shiny|100/100
|-weather|Snowscape|[from] ability: Snow Warning|[of] p2b: Ninetales
|-terastallize|p1b: Dragonite|Steel
|move|p1a: Annihilape|Final Gambit|p2a: Gholdengo
|-immune|p2a: Gholdengo
|move|p2a: Gholdengo|Make It Rain|p1a: Annihilape|[spread] p1a,p1b
|-resisted|p1b: Dragonite
|-damage|p1a: Annihilape|13/100
|-damage|p1b: Dragonite|47/100
|-unboost|p2a: Gholdengo|spa|1
|move|p1b: Dragonite|Tailwind|p1b: Dragonite
|-sidestart|p1: tskkds|move: Tailwind
|
|-weather|Snowscape|[upkeep]
|-heal|p1a: Annihilape|20/100|[from] Grassy Terrain
|-heal|p1b: Dragonite|53/100|[from] Grassy Terrain
|-heal|p2a: Gholdengo|83/100|[from] Grassy Terrain
|upkeep
|turn|3
|
|t:|1756782643
|move|p2a: Gholdengo|Protect|p2a: Gholdengo
|-singleturn|p2a: Gholdengo|Protect
|move|p1a: Annihilape|Taunt|p2b: Ninetales
|-start|p2b: Ninetales|move: Taunt
|move|p1b: Dragonite|Haze|p1b: Dragonite
|-clearallboost
|cant|p2b: Ninetales|move: Taunt|Aurora Veil
|
|-weather|Snowscape|[upkeep]
|-heal|p1a: Annihilape|26/100|[from] Grassy Terrain
|-heal|p1b: Dragonite|59/100|[from] Grassy Terrain
|-heal|p2a: Gholdengo|89/100|[from] Grassy Terrain
|upkeep
|turn|4
|
|t:|1756782661
|move|p1a: Annihilape|Rage Fist|p2a: Gholdengo
|-supereffective|p2a: Gholdengo
|-damage|p2a: Gholdengo|4/100
|move|p1b: Dragonite|Scale Shot|p2a: Gholdengo
|-resisted|p2a: Gholdengo
|-damage|p2a: Gholdengo|0 fnt
|faint|p2a: Gholdengo
|-hitcount|p2: Gholdengo|1
|-unboost|p1b: Dragonite|def|1
|-boost|p1b: Dragonite|spe|1
|move|p2b: Ninetales|Freeze-Dry|p1a: Annihilape
|-damage|p1a: Annihilape|0 fnt
|faint|p1a: Annihilape
|
|-weather|Snowscape|[upkeep]
|-heal|p1b: Dragonite|65/100|[from] Grassy Terrain
|upkeep
|
|t:|1756782668
|switch|p1a: Incineroar|Incineroar, L50, F|100/100
|switch|p2a: Arcanine|Arcanine-Hisui, L50, M|100/100
|-ability|p1a: Incineroar|Intimidate|boost
|-fail|p2a: Arcanine|unboost|[from] item: Clear Amulet|[of] p2a: Arcanine
|-unboost|p2b: Ninetales|atk|1
|-ability|p2a: Arcanine|Intimidate|boost
|-unboost|p1a: Incineroar|atk|1
|-unboost|p1b: Dragonite|atk|1
|turn|5
|
|t:|1756782684
|switch|p2b: Rillaboom|Rillaboom, L50, M|100/100
|-terastallize|p2a: Arcanine|Ghost
|move|p1b: Dragonite|Protect|p1b: Dragonite
|-singleturn|p1b: Dragonite|Protect
|move|p1a: Incineroar|Flare Blitz|p2b: Rillaboom
|-supereffective|p2b: Rillaboom
|-damage|p2b: Rillaboom|30/100
|-damage|p1a: Incineroar|76/100|[from] Recoil
|move|p2a: Arcanine|Flare Blitz|p1b: Dragonite
|-activate|p1b: Dragonite|move: Protect
|
|-weather|Snowscape|[upkeep]
|-heal|p1b: Dragonite|71/100|[from] Grassy Terrain
|-heal|p1a: Incineroar|82/100|[from] Grassy Terrain
|-heal|p2b: Rillaboom|36/100|[from] Grassy Terrain
|-sideend|p1: tskkds|move: Tailwind
|-fieldend|move: Grassy Terrain
|upkeep
|turn|6
|inactive|tskkds has 30 seconds left.
|inactive|tskkds has 20 seconds left.
|
|t:|1756782719
|move|p2b: Rillaboom|Fake Out|p1a: Incineroar
|-damage|p1a: Incineroar|70/100
|move|p1b: Dragonite|Tailwind|p1b: Dragonite
|-sidestart|p1: tskkds|move: Tailwind
|cant|p1a: Incineroar|flinch
|move|p2a: Arcanine|Flare Blitz|p1b: Dragonite
|-supereffective|p1b: Dragonite
|-damage|p1b: Dragonite|0 fnt
|faint|p1b: Dragonite
|-damage|p2a: Arcanine|78/100|[from] Recoil
|
|-weather|none
|upkeep
|
|t:|1756782726
|switch|p1b: Ursaluna|Ursaluna-Bloodmoon, L50, M|100/100
|turn|7
|
|t:|1756782744
|switch|p2a: Ninetales|Ninetales-Alola, L50, F, shiny|100/100
|-weather|Snowscape|[from] ability: Snow Warning|[of] p2a: Ninetales
|move|p1b: Ursaluna|Blood Moon|p2a: Ninetales
|-damage|p2a: Ninetales|12/100
|move|p1a: Incineroar|Flare Blitz|p2b: Rillaboom
|-supereffective|p2b: Rillaboom
|-damage|p2b: Rillaboom|0 fnt
|faint|p2b: Rillaboom
|-damage|p1a: Incineroar|58/100|[from] Recoil
|
|-weather|Snowscape|[upkeep]
|upkeep
|
|t:|1756782759
|switch|p2b: Arcanine|Arcanine-Hisui, L50, M, tera:Ghost|78/100
|-ability|p2b: Arcanine|Intimidate|boost
|-unboost|p1a: Incineroar|atk|1
|-unboost|p1b: Ursaluna|atk|1
|turn|8
|
|t:|1756782767
|move|p1b: Ursaluna|Hyper Voice|p2a: Ninetales|[spread] p2a,p2b
|-damage|p2a: Ninetales|0 fnt
|-damage|p2b: Arcanine|34/100
|faint|p2a: Ninetales
|move|p1a: Incineroar|Knock Off|p2b: Arcanine
|-supereffective|p2b: Arcanine
|-damage|p2b: Arcanine|0 fnt
|-enditem|p2b: Arcanine|Clear Amulet|[from] move: Knock Off|[of] p1a: Incineroar
|faint|p2b: Arcanine
|
|win|tskkds
|raw|tskkds's rating: 1166 → 1194(+28 for winning)
|raw|red gate 0's rating: 1212 → 1184(-28 for losing)
|l|☆red gate 0
|player|p2|
