|j|☆Heils
|j|☆zace4life
|html|Heilszace4life    
|uhtml|bestof|Game 2 of a best-of-3
|t:|1785283146
|gametype|doubles
|player|p1|Heils|169|
|player|p2|zace4life|266|
|gen|9
|tier|[Gen 9 Champions] VGC 2026 Reg M-B (Bo3)
|rule|Species Clause: Limit one of each Pokémon
|rule|Item Clause: Limit 1 of each item
|clearpoke
|poke|p1|Gholdengo, L50|
|poke|p1|Politoed, L50, M|
|poke|p1|Sneasler, L50, M|
|poke|p1|Camerupt, L50, F|
|poke|p1|Banette, L50, M|
|poke|p1|Noivern, L50, M|
|poke|p2|Steelix, L50, M|
|poke|p2|Charizard, L50, F|
|poke|p2|Whimsicott, L50, M|
|poke|p2|Arcanine, L50, M|
|poke|p2|Cofagrigus, L50, M|
|poke|p2|Hippowdon, L50, F|
|teampreview|4
|showteam|p1|Gholdengo||FocusSash|GoodasGold|MakeItRain,NastyPlot,Protect,ShadowBall|Timid|||||50|]Politoed||SitrusBerry|Drizzle|Protect,Waterfall,PerishSong,Encore|Careful||M|||50|]Sneasler||WhiteHerb|Unburden|CloseCombat,FakeOut,DireClaw,Protect|Jolly||M|||50|]Camerupt||Cameruptite|MagmaArmor|Earthquake,EarthPower,HeatWave,Protect|Sassy||F|||50|]Banette||LifeOrb|Insomnia|Encore,SuckerPunch,Protect,DestinyBond|Impish||M|||50|]Noivern||Leftovers|Infiltrator|DracoMeteor,AirSlash,Protect,Taunt|Timid||M|||50|
|showteam|p2|Steelix||Steelixite|Sturdy|WideGuard,Earthquake,HighHorsepower,Protect|Careful||M|||50|]Charizard||CharizarditeY|Blaze|SolarBeam,HeatWave,Protect,AirSlash|Modest||F|||50|]Whimsicott||FocusSash|Prankster|SunnyDay,Tailwind,DazzlingGleam,TrickRoom|Timid||M|||50|]Arcanine||LifeOrb|Intimidate|PsychicFangs,PlayRough,FlareBlitz,ExtremeSpeed|Adamant||M|||50|]Cofagrigus||KasibBerry|Mummy|Protect,TrickRoom,ShadowBall,Psychic|Calm||M|||50|]Hippowdon||ExpertBelt|SandStream|IceFang,Curse,HighHorsepower,Yawn|Adamant||F|||50|
|
|t:|1785283162
|teamsize|p1|4
|teamsize|p2|4
|start
|switch|p1a: Noivern|Noivern, L50, M|100/100
|switch|p1b: Sneasler|Sneasler, L50, M|100/100
|switch|p2a: Whimsicott|Whimsicott, L50, M|100/100
|switch|p2b: Cofagrigus|Cofagrigus, L50, M|100/100
|turn|1
|
|t:|1785283195
|switch|p2a: Steelix|Steelix, L50, M|100/100
|move|p1b: Sneasler|Protect|p1b: Sneasler
|-singleturn|p1b: Sneasler|Protect
|move|p1a: Noivern|Air Slash|p2a: Steelix
|-resisted|p2a: Steelix|1
|-damage|p2a: Steelix|84/100
|move|p2b: Cofagrigus|Psychic|p1b: Sneasler
|-activate|p1b: Sneasler|move: Protect
|
|upkeep
|turn|2
|
|t:|1785283217
|detailschange|p2a: Steelix|Steelix-Mega, L50, M
|-mega|p2a: Steelix|Steelix|Steelixite
|move|p2a: Steelix|Protect|p2a: Steelix
|-singleturn|p2a: Steelix|Protect
|move|p1a: Noivern|Draco Meteor|p2b: Cofagrigus
|-damage|p2b: Cofagrigus|61/100
|-unboost|p1a: Noivern|spa|2
|move|p1b: Sneasler|Close Combat|p2a: Steelix
|-activate|p2a: Steelix|move: Protect
|move|p2b: Cofagrigus|Psychic|p1b: Sneasler
|-supereffective|p1b: Sneasler|2
|-damage|p1b: Sneasler|0 fnt
|faint|p1b: Sneasler
|
|upkeep
|
|t:|1785283232
|switch|p1b: Gholdengo|Gholdengo, L50|100/100
|turn|3
|
|t:|1785283265
|switch|p1a: Politoed|Politoed, L50, M|100/100
|-weather|RainDance|[from] ability: Drizzle|[of] p1a: Politoed
|move|p2b: Cofagrigus|Protect|p2b: Cofagrigus
|-singleturn|p2b: Cofagrigus|Protect
|move|p1b: Gholdengo|Shadow Ball|p2b: Cofagrigus
|-activate|p2b: Cofagrigus|move: Protect
|move|p2a: Steelix|Earthquake|p1b: Gholdengo|[spread] p1a,p1b
|-activate|p2b: Cofagrigus|move: Protect
|-supereffective|p1b: Gholdengo|1
|-damage|p1a: Politoed|53/100
|-damage|p1b: Gholdengo|15/100
|
|-weather|RainDance|[upkeep]
|upkeep
|turn|4
|
|t:|1785283290
|switch|p1b: Noivern|Noivern, L50, M|100/100
|switch|p2b: Hippowdon|Hippowdon, L50, F|100/100
|-weather|Sandstorm|[from] ability: Sand Stream|[of] p2b: Hippowdon
|move|p1a: Politoed|Encore|p2a: Steelix
|-start|p2a: Steelix|Encore
|move|p2a: Steelix|Earthquake|p1a: Politoed|[spread] p2b,p1a
|-immune|p1b: Noivern
|-crit|p1a: Politoed
|-damage|p2b: Hippowdon|65/100
|-damage|p1a: Politoed|0 fnt
|faint|p1a: Politoed
|
|-weather|Sandstorm|[upkeep]
|-damage|p1b: Noivern|94/100|[from] Sandstorm
|-heal|p1b: Noivern|100/100|[from] item: Leftovers
|upkeep
|
|t:|1785283305
|switch|p1a: Gholdengo|Gholdengo, L50|15/100
|turn|5
|
|t:|1785283331
|switch|p2a: Cofagrigus|Cofagrigus, L50, M|61/100
|move|p1b: Noivern|Protect|p1b: Noivern
|-singleturn|p1b: Noivern|Protect
|move|p1a: Gholdengo|Protect|p1a: Gholdengo
|-singleturn|p1a: Gholdengo|Protect
|move|p2b: Hippowdon|Ice Fang|p1b: Noivern
|-activate|p1b: Noivern|move: Protect
|
|-weather|Sandstorm|[upkeep]
|-damage|p1b: Noivern|94/100|[from] Sandstorm
|-damage|p2a: Cofagrigus|55/100|[from] Sandstorm
|-heal|p1b: Noivern|100/100|[from] item: Leftovers
|upkeep
|turn|6
|
|t:|1785283353
|move|p2a: Cofagrigus|Protect|p2a: Cofagrigus
|-singleturn|p2a: Cofagrigus|Protect
|move|p1b: Noivern|Air Slash|p2b: Hippowdon
|-crit|p2b: Hippowdon
|-damage|p2b: Hippowdon|23/100
|move|p1a: Gholdengo|Shadow Ball|p2a: Cofagrigus
|-activate|p2a: Cofagrigus|move: Protect
|move|p2b: Hippowdon|High Horsepower|p1a: Gholdengo
|-supereffective|p1a: Gholdengo|1
|-damage|p1a: Gholdengo|0 fnt
|faint|p1a: Gholdengo
|
|-weather|Sandstorm|[upkeep]
|-damage|p1b: Noivern|94/100|[from] Sandstorm
|-damage|p2a: Cofagrigus|49/100|[from] Sandstorm
|-heal|p1b: Noivern|100/100|[from] item: Leftovers
|upkeep
|turn|7
|c|☆zace4life|im gay
|
|t:|1785283382
|move|p1b: Noivern|Protect|p1b: Noivern
|-singleturn|p1b: Noivern|Protect
|move|p2b: Hippowdon|Ice Fang|p1b: Noivern
|-activate|p1b: Noivern|move: Protect
|move|p2a: Cofagrigus|Shadow Ball|p1b: Noivern
|-activate|p1b: Noivern|move: Protect
|
|-weather|Sandstorm|[upkeep]
|-damage|p1b: Noivern|94/100|[from] Sandstorm
|-damage|p2a: Cofagrigus|43/100|[from] Sandstorm
|-heal|p1b: Noivern|100/100|[from] item: Leftovers
|upkeep
|turn|8
|
|t:|1785283396
|move|p1b: Noivern|Protect||[still]
|-fail|p1b: Noivern
|move|p2b: Hippowdon|Ice Fang|p1b: Noivern
|-supereffective|p1b: Noivern|2
|-damage|p1b: Noivern|0 fnt
|faint|p1b: Noivern
|
|win|zace4life
