|j|☆RagCheese
|j|☆CrazyyBoi
|html|RagCheeseCrazyyBoi    
|uhtml|bestof|Game 2 of a best-of-3
|t:|1757854016
|gametype|doubles
|player|p1|RagCheese|bellelba|1101
|player|p2|CrazyyBoi|101|1157
|gen|9
|tier|[Gen 9] VGC 2025 Reg H (Bo3)
|rated|
|rule|Species Clause: Limit one of each Pokémon
|rule|Item Clause: Limit 1 of each item
|clearpoke
|poke|p1|Tyranitar, L50, M|
|poke|p1|Gholdengo, L50|
|poke|p1|Salamence, L50, F|
|poke|p1|Gallade, L50, M|
|poke|p1|Whimsicott, L50, M|
|poke|p1|Clefairy, L50, F|
|poke|p2|Meowscarada, L50, F|
|poke|p2|Sableye, L50, M|
|poke|p2|Gothitelle, L50, M|
|poke|p2|Kommo-o, L50, M|
|poke|p2|Incineroar, L50, F|
|poke|p2|Primarina, L50, M|
|teampreview|4
|showteam|p1|Tyranitar||ClearAmulet|SandStream|Protect,DragonDance,TeraBlast,RockSlide|||M|||50|,,,,,Flying]Gholdengo||AirBalloon|GoodasGold|Protect,NastyPlot,MakeItRain,ShadowBall||||||50|,,,,,Stellar]Salamence||LifeOrb|Intimidate|Protect,Earthquake,Tailwind,DracoMeteor|||F|||50|,,,,,Ground]Gallade||ChoiceScarf|Sharpness|SacredSword,IcyWind,PsychoCut,Coaching|||M|||50|,,,,,Psychic]Whimsicott||CovertCloak|Prankster|LightScreen,Tailwind,Moonblast,Encore|||M|||50|,,,,,Dark]Clefairy||Eviolite|FriendGuard|FollowMe,AfterYou,HelpingHand,Protect|||F|||50|,,,,,Fairy
|showteam|p2|Meowscarada||ClearAmulet|Overgrow|FlowerTrick,SuckerPunch,ThroatChop,Protect|||F|||50|,,,,,Fire]Sableye||MentalHerb|Prankster|WillOWisp,Quash,Disable,Encore|||M|||50|,,,,,Grass]Gothitelle||SitrusBerry|ShadowTag|FakeOut,Psychic,TrickRoom,Protect|||M|||50|,,,,,Steel]Kommo-o||ThroatSpray|Overcoat|ClangorousSoul,ClangingScales,Protect,AuraSphere|||M|||50|,,,,,Steel]Incineroar||SafetyGoggles|Intimidate|FakeOut,PartingShot,KnockOff,Taunt|||F|||50|,,,,,Ghost]Primarina||LifeOrb|LiquidVoice|HyperVoice,Moonblast,PerishSong,Protect|||M|||50|,,,,,Dragon
|inactive|Battle timer is ON: inactive players will automatically lose when time's up. (requested by CrazyyBoi)
|
|t:|1757854061
|teamsize|p1|4
|teamsize|p2|4
|start
|switch|p1a: Gholdengo|Gholdengo, L50|100/100
|switch|p1b: Clefairy|Clefairy, L50, F, shiny|100/100
|switch|p2a: Incineroar|Incineroar, L50, F|100/100
|switch|p2b: Gothitelle|Gothitelle, L50, M|100/100
|-item|p1a: Gholdengo|Air Balloon
|-ability|p2a: Incineroar|Intimidate|boost
|-unboost|p1a: Gholdengo|atk|1
|-unboost|p1b: Clefairy|atk|1
|turn|1
|inactive|CrazyyBoi has 30 seconds left.
|
|t:|1757854092
|move|p2b: Gothitelle|Fake Out|p1b: Clefairy
|-crit|p1b: Clefairy
|-damage|p1b: Clefairy|94/100
|cant|p1b: Clefairy|flinch
|move|p1a: Gholdengo|Nasty Plot|p1a: Gholdengo
|-boost|p1a: Gholdengo|spa|2
|move|p2a: Incineroar|Knock Off|p1a: Gholdengo
|-supereffective|p1a: Gholdengo
|-damage|p1a: Gholdengo|45/100
|-enditem|p1a: Gholdengo|Air Balloon
|
|upkeep
|turn|2
|
|t:|1757854116
|move|p2b: Gothitelle|Protect|p2b: Gothitelle
|-singleturn|p2b: Gothitelle|Protect
|move|p1b: Clefairy|Follow Me|p1b: Clefairy
|-singleturn|p1b: Clefairy|move: Follow Me
|move|p1a: Gholdengo|Nasty Plot|p1a: Gholdengo
|-boost|p1a: Gholdengo|spa|2
|move|p2a: Incineroar|Taunt|p1b: Clefairy
|-start|p1b: Clefairy|move: Taunt
|
|upkeep
|turn|3
|
|t:|1757854140
|-terastallize|p1a: Gholdengo|Stellar
|-terastallize|p2b: Gothitelle|Steel
|move|p1a: Gholdengo|Make It Rain|p2a: Incineroar|[spread] p2a,p2b
|-resisted|p2a: Incineroar
|-resisted|p2b: Gothitelle
|-crit|p2b: Gothitelle
|-damage|p2a: Incineroar|20/100
|-damage|p2b: Gothitelle|0 fnt
|-unboost|p1a: Gholdengo|spa|1
|faint|p2b: Gothitelle
|move|p2a: Incineroar|Knock Off|p1a: Gholdengo
|-supereffective|p1a: Gholdengo
|-damage|p1a: Gholdengo|7/100
|-activate|p1b: Clefairy|move: Struggle
|move|p1b: Clefairy|Struggle|p2a: Incineroar
|-damage|p2a: Incineroar|17/100
|-damage|p1b: Clefairy|69/100|[from] recoil
|
|upkeep
|
|t:|1757854164
|switch|p2b: Primarina|Primarina, L50, M|100/100
|turn|4
|
|t:|1757854186
|move|p1a: Gholdengo|Protect|p1a: Gholdengo
|-singleturn|p1a: Gholdengo|Protect
|move|p2b: Primarina|Protect|p2b: Primarina
|-singleturn|p2b: Primarina|Protect
|move|p2a: Incineroar|Knock Off|p1a: Gholdengo
|-activate|p1a: Gholdengo|move: Protect
|-activate|p1b: Clefairy|move: Struggle
|move|p1b: Clefairy|Struggle|p2a: Incineroar
|-damage|p2a: Incineroar|14/100
|-damage|p1b: Clefairy|44/100|[from] recoil
|
|upkeep
|turn|5
|
|t:|1757854199
|switch|p1b: Whimsicott|Whimsicott, L50, M, shiny|100/100
|move|p1a: Gholdengo|Make It Rain|p2a: Incineroar|[spread] p2a,p2b
|-resisted|p2a: Incineroar
|-damage|p2a: Incineroar|0 fnt
|-damage|p2b: Primarina|0 fnt
|-unboost|p1a: Gholdengo|spa|1
|faint|p2a: Incineroar
|faint|p2b: Primarina
|
|upkeep
|-message|CrazyyBoi forfeited.
|
|win|RagCheese
|l|☆CrazyyBoi
|player|p2|
||CrazyyBoi is ready for game 3.
||RagCheese is ready for game 3.
|uhtml|next|Next: Game 3 of 3
