|j|☆MrGreen3432
|j|☆Slowjow
|html|MrGreen3432Slowjow    
|uhtml|bestof|Game 2 of a best-of-3
|t:|1757795896
|gametype|doubles
|player|p1|MrGreen3432|101|1207
|player|p2|Slowjow|102|1188
|gen|9
|tier|[Gen 9] VGC 2025 Reg H (Bo3)
|rated|
|rule|Species Clause: Limit one of each Pokémon
|rule|Item Clause: Limit 1 of each item
|clearpoke
|poke|p1|Garchomp, L50, F|
|poke|p1|Archaludon, L50, F|
|poke|p1|Misdreavus, L50, F|
|poke|p1|Gothitelle, L50, F|
|poke|p1|Amoonguss, L50, M|
|poke|p1|Incineroar, L50, F|
|poke|p2|Gliscor, L50, F|
|poke|p2|Electabuzz, L50, M|
|poke|p2|Tauros-Paldea-Blaze, L50, M|
|poke|p2|Gastrodon, L50, M|
|poke|p2|Kingambit, L50, F|
|poke|p2|Ninetales-Alola, L50, M|
|teampreview|4
|showteam|p1|Garchomp||LifeOrb|RoughSkin|Protect,Earthquake,StompingTantrum,DragonClaw|||F|||50|,,,,,Stellar]Archaludon||PowerHerb|Sturdy|Protect,ElectroShot,FlashCannon,DragonPulse|||F|||50|,,,,,Electric]Misdreavus||Eviolite|Levitate|Protect,PerishSong,WillOWisp,ShadowBall|||F|||50|,,,,,Steel]Gothitelle||SitrusBerry|ShadowTag|Protect,FakeOut,TrickRoom,Psychic|||F|||50|,,,,,Dark]Amoonguss||EjectButton|Regenerator|Protect,RagePowder,Spore,PollenPuff|||M|||50|,,,,,Fairy]Incineroar||SafetyGoggles|Intimidate|Protect,FakeOut,PartingShot,KnockOff|||F|||50|,,,,,Ghost
|showteam|p2|Gliscor||ToxicOrb|PoisonHeal|HighHorsepower,DualWingbeat,SwordsDance,Protect|||F|||50|,,,,,Water]Electabuzz||Eviolite|VitalSpirit|Electroweb,Taunt,FollowMe,Protect|||M|||50|,,,,,Ghost]Tauros-Paldea-Blaze||MirrorHerb|Intimidate|RagingBull,CloseCombat,WillOWisp,Protect|||M|||50|,,,,,Grass]Gastrodon||Leftovers|StormDrain|MuddyWater,ClearSmog,Yawn,Protect|||M|||50|,,,,,Fire]Kingambit||BlackGlasses|Defiant|KowtowCleave,SuckerPunch,SwordsDance,Protect|||F|||50|,,,,,Dark]Ninetales-Alola||LightClay|SnowWarning|AuroraVeil,FreezeDry,Encore,Protect|||M|||50|,,,,,Water
|inactive|Battle timer is ON: inactive players will automatically lose when time's up. (requested by MrGreen3432)
|inactive|Slowjow has 60 seconds left.
|inactive|Slowjow has 30 seconds left.
|
|t:|1757795967
|teamsize|p1|4
|teamsize|p2|4
|start
|switch|p1a: Misdreavus|Misdreavus, L50, F|100/100
|switch|p1b: Gothitelle|Gothitelle, L50, F|100/100
|switch|p2a: Tauros|Tauros-Paldea-Blaze, L50, M|100/100
|switch|p2b: Kingambit|Kingambit, L50, F|100/100
|-ability|p2a: Tauros|Intimidate|boost
|-unboost|p1a: Misdreavus|atk|1
|-unboost|p1b: Gothitelle|atk|1
|turn|1
|inactive|Slowjow has 30 seconds left.
|inactive|Slowjow has 20 seconds left.
|inactive|Slowjow has 15 seconds left.
|inactive|Slowjow has 10 seconds left.
|inactive|Slowjow has 5 seconds left.
|
|t:|1757796019
|move|p1b: Gothitelle|Fake Out|p2b: Kingambit
|-resisted|p2b: Kingambit
|-damage|p2b: Kingambit|99/100
|move|p2a: Tauros|Raging Bull|p1b: Gothitelle
|-damage|p1b: Gothitelle|66/100
|move|p1a: Misdreavus|Perish Song|p1a: Misdreavus
|-start|p1a: Misdreavus|perish3|[silent]
|-start|p1b: Gothitelle|perish3|[silent]
|-start|p2a: Tauros|perish3|[silent]
|-start|p2b: Kingambit|perish3|[silent]
|-fieldactivate|move: Perish Song
|cant|p2b: Kingambit|flinch
|
|-start|p2a: Tauros|perish3
|-start|p1a: Misdreavus|perish3
|-start|p2b: Kingambit|perish3
|-start|p1b: Gothitelle|perish3
|upkeep
|turn|2
|inactive|MrGreen3432 has 30 seconds left.
|
|t:|1757796045
|move|p1b: Gothitelle|Protect|p1b: Gothitelle
|-singleturn|p1b: Gothitelle|Protect
|move|p2a: Tauros|Close Combat|p1a: Misdreavus
|-immune|p1a: Misdreavus
|move|p1a: Misdreavus|Will-O-Wisp|p2b: Kingambit
|-status|p2b: Kingambit|brn
|move|p2b: Kingambit|Swords Dance|p2b: Kingambit
|-boost|p2b: Kingambit|atk|2
|
|-damage|p2b: Kingambit|93/100 brn|[from] brn
|-start|p2a: Tauros|perish2
|-start|p1a: Misdreavus|perish2
|-start|p2b: Kingambit|perish2
|-start|p1b: Gothitelle|perish2
|upkeep
|turn|3
|
|t:|1757796068
|switch|p1b: Amoonguss|Amoonguss, L50, M|100/100
|-terastallize|p2b: Kingambit|Dark
|move|p1a: Misdreavus|Protect|p1a: Misdreavus
|-singleturn|p1a: Misdreavus|Protect
|move|p2a: Tauros|Raging Bull|p1b: Amoonguss
|-supereffective|p1b: Amoonguss
|-damage|p1b: Amoonguss|40/100
|-enditem|p1b: Amoonguss|Eject Button
|
|t:|1757796086
|switch|p1b: Gothitelle|Gothitelle, L50, F|66/100
|move|p2b: Kingambit|Kowtow Cleave|p1b: Gothitelle
|-supereffective|p1b: Gothitelle
|-crit|p1b: Gothitelle
|-damage|p1b: Gothitelle|0 fnt
|faint|p1b: Gothitelle
|
|-damage|p2b: Kingambit|87/100 brn|[from] brn
|-start|p2a: Tauros|perish1
|-start|p1a: Misdreavus|perish1
|-start|p2b: Kingambit|perish1
|upkeep
|
|t:|1757796093
|switch|p1b: Amoonguss|Amoonguss, L50, M|73/100
|turn|4
|
|t:|1757796110
|switch|p2a: Ninetales|Ninetales-Alola, L50, M|100/100
|-weather|Snowscape|[from] ability: Snow Warning|[of] p2a: Ninetales
|switch|p1a: Garchomp|Garchomp, L50, F|100/100
|switch|p2b: Gliscor|Gliscor, L50, F|100/100
|move|p1b: Amoonguss|Spore|p2b: Gliscor
|-status|p2b: Gliscor|slp|[from] move: Spore
|
|-weather|Snowscape|[upkeep]
|upkeep
|turn|5
|inactive|MrGreen3432 has 30 seconds left.
|inactive|MrGreen3432 has 20 seconds left.
|inactive|MrGreen3432 has 15 seconds left.
|inactive|MrGreen3432 has 10 seconds left.
|inactive|MrGreen3432 has 5 seconds left.
|
|t:|1757796163
|-terastallize|p1b: Amoonguss|Fairy
|move|p1a: Garchomp|Protect|p1a: Garchomp
|-singleturn|p1a: Garchomp|Protect
|move|p2a: Ninetales|Aurora Veil|p2a: Ninetales
|-sidestart|p2: Slowjow|move: Aurora Veil
|cant|p2b: Gliscor|slp
|move|p1b: Amoonguss|Spore|p2a: Ninetales
|-status|p2a: Ninetales|slp|[from] move: Spore
|
|-weather|Snowscape|[upkeep]
|upkeep
|turn|6
|inactive|Slowjow has 30 seconds left.
|
|t:|1757796189
|switch|p1b: Misdreavus|Misdreavus, L50, F|100/100
|cant|p2a: Ninetales|slp
|move|p1a: Garchomp|Stomping Tantrum|p2a: Ninetales
|-damage|p2a: Ninetales|73/100 slp
|-damage|p1a: Garchomp|91/100|[from] item: Life Orb
|-curestatus|p2b: Gliscor|slp|[msg]
|move|p2b: Gliscor|Swords Dance|p2b: Gliscor
|-boost|p2b: Gliscor|atk|2
|
|-weather|Snowscape|[upkeep]
|-status|p2b: Gliscor|tox|[from] item: Toxic Orb
|upkeep
|turn|7
|inactive|Slowjow has 30 seconds left.
|inactive|Slowjow has 20 seconds left.
|inactive|Slowjow has 15 seconds left.
|inactive|Slowjow has 10 seconds left.
|inactive|Slowjow has 5 seconds left.
|
|t:|1757796244
|cant|p2a: Ninetales|slp
|move|p1a: Garchomp|Dragon Claw|p2b: Gliscor
|-damage|p2b: Gliscor|66/100 tox
|-damage|p1a: Garchomp|81/100|[from] item: Life Orb
|move|p2b: Gliscor|Dual Wingbeat|p1b: Misdreavus
|-damage|p1b: Misdreavus|66/100
|-damage|p1b: Misdreavus|31/100
|-hitcount|p1b: Misdreavus|2
|move|p1b: Misdreavus|Will-O-Wisp||[still]
|-fail|p1b: Misdreavus
|
|-weather|Snowscape|[upkeep]
|-heal|p2b: Gliscor|78/100 tox|[from] ability: Poison Heal
|upkeep
|turn|8
|-message|MrGreen3432 forfeited.
|
|win|Slowjow
|l|☆MrGreen3432
|player|p1|
||MrGreen3432 is ready for game 3.
|inactive|Slowjow has 30 seconds to confirm battle start!
|inactive|Slowjow has 20 seconds to confirm battle start!
|inactive|Slowjow has 10 seconds to confirm battle start!
|uhtml|next|Next: Game 3 of 3
