|j|☆N4nD1tt0
|j|☆pedriesta
|html|N4nD1tt0pedriesta    
|uhtml|bestof|Game 3 of a best-of-3
|t:|1783538915
|gametype|doubles
|player|p1|N4nD1tt0|pokefan-gen4|
|player|p2|pedriesta|266|
|gen|9
|tier|[Gen 9 Champions] VGC 2026 Reg M-B (Bo3)
|rule|Species Clause: Limit one of each Pokémon
|rule|Item Clause: Limit 1 of each item
|clearpoke
|poke|p1|Kingambit, L50, M|
|poke|p1|Sylveon, L50, M|
|poke|p1|Garchomp, L50, M|
|poke|p1|Aerodactyl, L50, F|
|poke|p1|Farigiraf, L50, F|
|poke|p1|Charizard, L50, F|
|poke|p2|Sneasler, L50, M|
|poke|p2|Kingambit, L50, F|
|poke|p2|Incineroar, L50, M|
|poke|p2|Delphox, L50, M|
|poke|p2|Sinistcha, L50|
|poke|p2|Floette-Eternal, L50, F|
|teampreview|4
|showteam|p1|Kingambit||FocusSash|Defiant|IronHead,SuckerPunch,KowtowCleave,LowKick|Adamant||M|||50|]Sylveon||FairyFeather|Pixilate|Detect,HyperVoice,HyperBeam,QuickAttack|Modest||M|||50|]Garchomp||LifeOrb|RoughSkin|Protect,DragonClaw,Earthquake,StompingTantrum|Jolly||M|||50|]Aerodactyl||Aerodactylite|RockHead|IceFang,RockSlide,Tailwind,DualWingbeat|Jolly||F|||50|]Farigiraf||SitrusBerry|ArmorTail|TrickRoom,Psychic,Thunderbolt,Roar|Bold||F|||50|]Charizard||CharizarditeY|SolarPower|HeatWave,SolarBeam,WeatherBall,Protect|Modest||F|||50|
|showteam|p2|Sneasler||FocusSash|PoisonTouch|DireClaw,CloseCombat,FakeOut,QuickGuard|Jolly||M|||50|]Kingambit||BlackGlasses|Defiant|KowtowCleave,SuckerPunch,SwordsDance,Protect|Adamant||F|||50|]Incineroar||SitrusBerry|Intimidate|FlareBlitz,HelpingHand,PartingShot,FakeOut|Careful||M|||50|]Delphox||Delphoxite|Blaze|HeatWave,Psyshock,NastyPlot,Protect|Timid||M|||50|]Sinistcha||KasibBerry|Hospitality|MatchaGotcha,RagePowder,TrickRoom,Protect|Bold|||||50|]Floette-Eternal||Floettite|FlowerVeil|Moonblast,DrainingKiss,CalmMind,Protect|Timid||F|||50|
|inactive|Battle timer is ON: inactive players will automatically lose when time's up. (requested by pedriesta)
|inactive|N4nD1tt0 also wants the timer to be on.
|inactive|N4nD1tt0 has 60 seconds left.
|
|t:|1783538969
|teamsize|p1|4
|teamsize|p2|4
|start
|switch|p1a: Kingambit|Kingambit, L50, M|100/100
|switch|p1b: Charizard|Charizard, L50, F|100/100
|switch|p2a: Delphox|Delphox, L50, M|100/100
|switch|p2b: Sneasler|Sneasler, L50, M|100/100
|turn|1
|inactive|N4nD1tt0 has 30 seconds left.
|
|t:|1783539000
|detailschange|p2a: Delphox|Delphox-Mega, L50, M
|-mega|p2a: Delphox|Delphox|Delphoxite
|detailschange|p1b: Charizard|Charizard-Mega-Y, L50, F
|-mega|p1b: Charizard|Charizard|Charizardite Y
|-weather|SunnyDay|[from] ability: Drought|[of] p1b: Charizard
|move|p1a: Kingambit|Sucker Punch|p2a: Delphox
|-supereffective|p2a: Delphox|1
|-damage|p2a: Delphox|0 fnt
|faint|p2a: Delphox
|move|p2b: Sneasler|Close Combat|p1a: Kingambit
|-supereffective|p1a: Kingambit|2
|-enditem|p1a: Kingambit|Focus Sash
|-damage|p1a: Kingambit|1/100
|-unboost|p2b: Sneasler|def|1
|-unboost|p2b: Sneasler|spd|1
|move|p1b: Charizard|Weather Ball|p2b: Sneasler
|-enditem|p2b: Sneasler|Focus Sash
|-damage|p2b: Sneasler|1/100
|
|-weather|SunnyDay|[upkeep]
|upkeep
|inactive|pedriesta has 30 seconds left.
|
|t:|1783539030
|switch|p2a: Incineroar|Incineroar, L50, M|100/100
|-ability|p2a: Incineroar|Intimidate|boost
|-unboost|p1a: Kingambit|atk|1
|-ability|p1a: Kingambit|Defiant|boost
|-boost|p1a: Kingambit|atk|2
|-unboost|p1b: Charizard|atk|1
|turn|2
|inactive|N4nD1tt0 has 30 seconds left.
|
|t:|1783539060
|switch|p1b: Farigiraf|Farigiraf, L50, F|100/100
|move|p2b: Sneasler|Dire Claw|p1b: Farigiraf
|-crit|p1b: Farigiraf
|-damage|p1b: Farigiraf|49/100
|-status|p1b: Farigiraf|psn
|-enditem|p1b: Farigiraf|Sitrus Berry|[eat]
|-heal|p1b: Farigiraf|74/100 psn|[from] item: Sitrus Berry
|move|p2a: Incineroar|Flare Blitz|p1a: Kingambit
|-supereffective|p1a: Kingambit|1
|-damage|p1a: Kingambit|0 fnt
|faint|p1a: Kingambit
|-damage|p2a: Incineroar|99/100|[from] Recoil
|
|-weather|SunnyDay|[upkeep]
|-damage|p1b: Farigiraf|61/100 psn|[from] psn
|upkeep
|
|t:|1783539072
|switch|p1a: Charizard|Charizard-Mega-Y, L50, F|100/100
|turn|3
|
|t:|1783539094
|move|p2a: Incineroar|Helping Hand|p2b: Sneasler
|-singleturn|p2b: Sneasler|Helping Hand|[of] p2a: Incineroar
|move|p2b: Sneasler|Dire Claw|p1a: Charizard
|-damage|p1a: Charizard|39/100
|move|p1a: Charizard|Heat Wave|p2b: Sneasler|[spread] p2b
|-miss|p1a: Charizard|p2a: Incineroar
|-damage|p2b: Sneasler|0 fnt
|faint|p2b: Sneasler
|move|p1b: Farigiraf|Thunderbolt|p2a: Incineroar
|-damage|p2a: Incineroar|80/100
|-status|p2a: Incineroar|par
|
|-weather|SunnyDay|[upkeep]
|-damage|p1b: Farigiraf|49/100 psn|[from] psn
|upkeep
|
|t:|1783539104
|switch|p2b: Kingambit|Kingambit, L50, F|100/100
|turn|4
|
|t:|1783539125
|move|p1a: Charizard|Protect|p1a: Charizard
|-singleturn|p1a: Charizard|Protect
|move|p2b: Kingambit|Protect|p2b: Kingambit
|-singleturn|p2b: Kingambit|Protect
|move|p1b: Farigiraf|Thunderbolt|p2a: Incineroar
|-damage|p2a: Incineroar|61/100 par
|move|p2a: Incineroar|Flare Blitz|p1b: Farigiraf
|-damage|p1b: Farigiraf|0 fnt
|faint|p1b: Farigiraf
|-damage|p2a: Incineroar|43/100 par|[from] Recoil
|-enditem|p2a: Incineroar|Sitrus Berry|[eat]
|-heal|p2a: Incineroar|68/100 par|[from] item: Sitrus Berry
|
|-weather|SunnyDay|[upkeep]
|upkeep
|
|t:|1783539135
|switch|p1b: Sylveon|Sylveon, L50, M|100/100
|turn|5
|
|t:|1783539153
|move|p2b: Kingambit|Sucker Punch|p1a: Charizard
|-damage|p1a: Charizard|0 fnt
|faint|p1a: Charizard
|move|p1b: Sylveon|Hyper Beam|p2a: Incineroar|[miss]
|-miss|p1b: Sylveon|p2a: Incineroar
|move|p2a: Incineroar|Flare Blitz|p1b: Sylveon
|-damage|p1b: Sylveon|16/100
|-damage|p2a: Incineroar|44/100 par|[from] Recoil
|
|-weather|none
|upkeep
|turn|6
|c|☆N4nD1tt0|:(
|c|☆pedriesta|era al gambit
|c|☆pedriesta|creo
|
|t:|1783539175
|move|p2a: Incineroar|Helping Hand|p2b: Kingambit
|-singleturn|p2b: Kingambit|Helping Hand|[of] p2a: Incineroar
|move|p1b: Sylveon|Quick Attack|p2a: Incineroar
|-damage|p2a: Incineroar|30/100 par
|move|p2b: Kingambit|Sucker Punch||[still]
|-fail|p2b: Kingambit
|
|upkeep
|turn|7
|
|t:|1783539184
|move|p2b: Kingambit|Sucker Punch|p1b: Sylveon
|-resisted|p1b: Sylveon|1
|-crit|p1b: Sylveon
|-damage|p1b: Sylveon|0 fnt
|faint|p1b: Sylveon
|
|win|pedriesta
|l|☆N4nD1tt0
|player|p1|
|c|☆pedriesta|hay que guardar las replays
