|j|☆NerdConsultant
|j|☆Plastic ocean
|html|NerdConsultantPlastic ocean    
|uhtml|bestof|Game 1 of a best-of-3
|t:|1756993627
|gametype|doubles
|player|p1|NerdConsultant|roxie|1280
|player|p2|Plastic ocean|266|1269
|gen|9
|tier|[Gen 9] VGC 2025 Reg H (Bo3)
|rated|
|rule|Species Clause: Limit one of each Pokémon
|rule|Item Clause: Limit 1 of each item
|clearpoke
|poke|p1|Kingambit, L50, M|
|poke|p1|Rillaboom, L50, M|
|poke|p1|Archaludon, L50, F|
|poke|p1|Basculegion, L50, M|
|poke|p1|Electabuzz, L50, M|
|poke|p1|Pelipper, L50, M|
|poke|p2|Archaludon, L50, M|
|poke|p2|Dragonite, L50, F|
|poke|p2|Pelipper, L50, M|
|poke|p2|Ursaluna, L50, M|
|poke|p2|Sinistcha, L50|
|poke|p2|Gholdengo, L50|
|teampreview|4
|showteam|p1|Kingambit||BlackGlasses|Defiant|KowtowCleave,SwordsDance,SuckerPunch,Protect|||M|||50|,,,,,Dark]Rillaboom||LoadedDice|GrassySurge|HighHorsepower,GrassyGlide,BulletSeed,FakeOut|||M|||50|,,,,,Fire]Archaludon||AssaultVest|Stamina|ElectroShot,BodyPress,DracoMeteor,FlashCannon|||F|||50|,,,,,Bug]Basculegion||ChoiceBand|SwiftSwim|WaveCrash,AquaJet,LastRespects,FlipTurn|||M|||50|,,,,,Grass]Electabuzz||Eviolite|VitalSpirit|Electroweb,Taunt,FollowMe,Protect|||M|||50|,,,,,Ghost]Pelipper||FocusSash|Drizzle|Tailwind,WeatherBall,Hurricane,Protect|||M|||50|,,,,,Ghost
|showteam|p2|Archaludon||AssaultVest|Stamina|FlashCannon,BodyPress,ElectroShot,Snarl|||M|||50|,,,,,Fighting]Dragonite||LoadedDice|Multiscale|ScaleShot,Tailwind,Haze,Protect|||F|||50|,,,,,Fairy]Pelipper||FocusSash|Drizzle|MuddyWater,Hurricane,Tailwind,Protect|||M|||50|,,,,,Ghost]Ursaluna||FlameOrb|Guts|Facade,HeadlongRush,Earthquake,Protect|||M|||50|,,,,,Ghost]Sinistcha||SitrusBerry|Hospitality|MatchaGotcha,LifeDew,RagePowder,TrickRoom||||||50|,,,,,Dark]Gholdengo||ChoiceScarf|GoodasGold|MakeItRain,ShadowBall,Trick,Protect||||||50|,,,,,Flying
|inactive|Battle timer is ON: inactive players will automatically lose when time's up. (requested by NerdConsultant)
|
|t:|1756993722
|teamsize|p1|4
|teamsize|p2|4
|start
|switch|p1a: Pelipper|Pelipper, L50, M|100/100
|switch|p1b: Basculegion|Basculegion, L50, M|100/100
|switch|p2a: Archaludon|Archaludon, L50, M|100/100
|switch|p2b: Dragonite|Dragonite, L50, F|100/100
|-weather|RainDance|[from] ability: Drizzle|[of] p1a: Pelipper
|turn|1
|inactive|Plastic ocean has 30 seconds left.
|
|t:|1756993754
|switch|p1b: Archaludon|Archaludon, L50, F|100/100
|move|p2b: Dragonite|Scale Shot|p2a: Archaludon
|-damage|p2a: Archaludon|91/100
|-ability|p2a: Archaludon|Stamina|boost
|-boost|p2a: Archaludon|def|1
|-damage|p2a: Archaludon|85/100
|-ability|p2a: Archaludon|Stamina|boost
|-boost|p2a: Archaludon|def|1
|-damage|p2a: Archaludon|79/100
|-ability|p2a: Archaludon|Stamina|boost
|-boost|p2a: Archaludon|def|1
|-damage|p2a: Archaludon|74/100
|-ability|p2a: Archaludon|Stamina|boost
|-boost|p2a: Archaludon|def|1
|-hitcount|p2a: Archaludon|4
|-unboost|p2b: Dragonite|def|1
|-boost|p2b: Dragonite|spe|1
|move|p1a: Pelipper|Tailwind|p1a: Pelipper
|-sidestart|p1: NerdConsultant|move: Tailwind
|move|p2a: Archaludon|Electro Shot||[still]
|-prepare|p2a: Archaludon|Electro Shot
|-boost|p2a: Archaludon|spa|1
|-anim|p2a: Archaludon|Electro Shot|p1a: Pelipper
|-supereffective|p1a: Pelipper
|-enditem|p1a: Pelipper|Focus Sash
|-damage|p1a: Pelipper|1/100
|
|-weather|RainDance|[upkeep]
|upkeep
|turn|2
|inactive|NerdConsultant has 30 seconds left.
|inactive|Plastic ocean has 30 seconds left.
|inactive|Plastic ocean has 20 seconds left.
|inactive|Plastic ocean has 15 seconds left.
|inactive|Plastic ocean has 10 seconds left.
|inactive|Plastic ocean has 5 seconds left.
|
|t:|1756993807
|switch|p1a: Rillaboom|Rillaboom, L50, M|100/100
|-fieldstart|move: Grassy Terrain|[from] ability: Grassy Surge|[of] p1a: Rillaboom
|move|p2b: Dragonite|Protect|p2b: Dragonite
|-singleturn|p2b: Dragonite|Protect
|move|p1b: Archaludon|Draco Meteor|p2a: Archaludon
|-damage|p2a: Archaludon|33/100
|-unboost|p1b: Archaludon|spa|2
|-ability|p2a: Archaludon|Stamina|boost
|-boost|p2a: Archaludon|def|1
|move|p2a: Archaludon|Electro Shot||[still]
|-prepare|p2a: Archaludon|Electro Shot
|-boost|p2a: Archaludon|spa|1
|-anim|p2a: Archaludon|Electro Shot|p1a: Rillaboom
|-resisted|p1a: Rillaboom
|-damage|p1a: Rillaboom|59/100
|
|-weather|RainDance|[upkeep]
|-heal|p1a: Rillaboom|65/100|[from] Grassy Terrain
|-heal|p2a: Archaludon|39/100|[from] Grassy Terrain
|upkeep
|turn|3
|inactive|Plastic ocean has 30 seconds left.
|
|t:|1756993834
|switch|p2b: Sinistcha|Sinistcha, L50|100/100
|-heal|p2a: Archaludon|64/100|[from] ability: Hospitality|[of] p2b: Sinistcha
|move|p1a: Rillaboom|Bullet Seed|p1b: Archaludon
|-resisted|p1b: Archaludon
|-damage|p1b: Archaludon|98/100
|-ability|p1b: Archaludon|Stamina|boost
|-boost|p1b: Archaludon|def|1
|-resisted|p1b: Archaludon
|-damage|p1b: Archaludon|96/100
|-ability|p1b: Archaludon|Stamina|boost
|-boost|p1b: Archaludon|def|1
|-resisted|p1b: Archaludon
|-damage|p1b: Archaludon|94/100
|-ability|p1b: Archaludon|Stamina|boost
|-boost|p1b: Archaludon|def|1
|-resisted|p1b: Archaludon
|-crit|p1b: Archaludon
|-damage|p1b: Archaludon|90/100
|-ability|p1b: Archaludon|Stamina|boost
|-boost|p1b: Archaludon|def|1
|-resisted|p1b: Archaludon
|-crit|p1b: Archaludon
|-damage|p1b: Archaludon|85/100
|-ability|p1b: Archaludon|Stamina|boost
|-boost|p1b: Archaludon|def|1
|-hitcount|p1b: Archaludon|5
|move|p1b: Archaludon|Body Press|p2a: Archaludon
|-supereffective|p2a: Archaludon
|-damage|p2a: Archaludon|33/100
|-ability|p2a: Archaludon|Stamina|boost
|-boost|p2a: Archaludon|def|1
|move|p2a: Archaludon|Body Press|p1a: Rillaboom
|-damage|p1a: Rillaboom|0 fnt
|faint|p1a: Rillaboom
|
|-weather|RainDance|[upkeep]
|-heal|p1b: Archaludon|91/100|[from] Grassy Terrain
|-heal|p2a: Archaludon|40/100|[from] Grassy Terrain
|upkeep
|inactive|NerdConsultant has 30 seconds left.
|
|t:|1756993862
|switch|p1a: Pelipper|Pelipper, L50, M|1/100
|turn|4
|inactive|Plastic ocean has 30 seconds left.
|inactive|Plastic ocean has 20 seconds left.
|inactive|Plastic ocean has 15 seconds left.
|
|t:|1756993905
|switch|p2b: Dragonite|Dragonite, L50, F|100/100
|move|p1b: Archaludon|Electro Shot||[still]
|-prepare|p1b: Archaludon|Electro Shot
|-boost|p1b: Archaludon|spa|1
|-anim|p1b: Archaludon|Electro Shot|p2b: Dragonite
|-damage|p2b: Dragonite|87/100
|move|p1a: Pelipper|Hurricane|p2b: Dragonite
|-damage|p2b: Dragonite|33/100
|move|p2a: Archaludon|Snarl|p1a: Pelipper|[spread] p1a,p1b
|-damage|p1a: Pelipper|0 fnt
|-damage|p1b: Archaludon|73/100
|-unboost|p1b: Archaludon|spa|1
|-ability|p1b: Archaludon|Stamina|boost
|-boost|p1b: Archaludon|def|1
|faint|p1a: Pelipper
|
|-weather|RainDance|[upkeep]
|-heal|p1b: Archaludon|79/100|[from] Grassy Terrain
|-heal|p2a: Archaludon|46/100|[from] Grassy Terrain
|-sideend|p1: NerdConsultant|move: Tailwind
|upkeep
|
|t:|1756993922
|switch|p1a: Basculegion|Basculegion, L50, M|100/100
|turn|5
|
|t:|1756993928
|switch|p2b: Sinistcha|Sinistcha, L50|100/100
|-heal|p2a: Archaludon|71/100|[from] ability: Hospitality|[of] p2b: Sinistcha
|-terastallize|p1a: Basculegion|Grass
|move|p1a: Basculegion|Last Respects|p2b: Sinistcha
|-supereffective|p2b: Sinistcha
|-damage|p2b: Sinistcha|0 fnt
|faint|p2b: Sinistcha
|move|p1b: Archaludon|Body Press|p2a: Archaludon
|-supereffective|p2a: Archaludon
|-damage|p2a: Archaludon|40/100
|move|p2a: Archaludon|Electro Shot||[still]
|-prepare|p2a: Archaludon|Electro Shot
|-boost|p2a: Archaludon|spa|1
|-anim|p2a: Archaludon|Electro Shot|p1a: Basculegion
|-resisted|p1a: Basculegion
|-damage|p1a: Basculegion|45/100
|
|-weather|none
|-heal|p1a: Basculegion|51/100|[from] Grassy Terrain
|-heal|p1b: Archaludon|85/100|[from] Grassy Terrain
|-heal|p2a: Archaludon|46/100|[from] Grassy Terrain
|upkeep
|
|t:|1756993948
|switch|p2b: Dragonite|Dragonite, L50, F|33/100
|turn|6
|
|t:|1756993962
|-terastallize|p2a: Archaludon|Fighting
|move|p2b: Dragonite|Scale Shot|p1a: Basculegion|[miss]
|-miss|p2b: Dragonite|p1a: Basculegion
|move|p1a: Basculegion|Last Respects|p2b: Dragonite
|-damage|p2b: Dragonite|0 fnt
|faint|p2b: Dragonite
|move|p1b: Archaludon|Body Press|p2a: Archaludon
|-damage|p2a: Archaludon|29/100
|move|p2a: Archaludon|Body Press|p1b: Archaludon
|-supereffective|p1b: Archaludon
|-damage|p1b: Archaludon|28/100
|
|-heal|p1a: Basculegion|57/100|[from] Grassy Terrain
|-heal|p1b: Archaludon|34/100|[from] Grassy Terrain
|-heal|p2a: Archaludon|36/100|[from] Grassy Terrain
|-fieldend|move: Grassy Terrain
|upkeep
|
|t:|1756993984
|switch|p2b: Pelipper|Pelipper, L50, M|100/100
|-weather|RainDance|[from] ability: Drizzle|[of] p2b: Pelipper
|turn|7
|
|t:|1756994001
|move|p1a: Basculegion|Last Respects|p2a: Archaludon
|-damage|p2a: Archaludon|16/100
|move|p1b: Archaludon|Body Press|p2a: Archaludon
|-damage|p2a: Archaludon|0 fnt
|faint|p2a: Archaludon
|move|p2b: Pelipper|Hurricane|p1a: Basculegion
|-supereffective|p1a: Basculegion
|-damage|p1a: Basculegion|0 fnt
|faint|p1a: Basculegion
|
|-weather|RainDance|[upkeep]
|upkeep
|turn|8
|
|t:|1756994024
|move|p1b: Archaludon|Electro Shot||[still]
|-prepare|p1b: Archaludon|Electro Shot
|-boost|p1b: Archaludon|spa|1
|-anim|p1b: Archaludon|Electro Shot|p2b: Pelipper
|-supereffective|p2b: Pelipper
|-enditem|p2b: Pelipper|Focus Sash
|-damage|p2b: Pelipper|1/100
|move|p2b: Pelipper|Hurricane|p1b: Archaludon
|-resisted|p1b: Archaludon
|-damage|p1b: Archaludon|17/100
|
|-weather|RainDance|[upkeep]
|upkeep
|turn|9
|inactive|Plastic ocean has 30 seconds left.
|
|t:|1756994053
|move|p2b: Pelipper|Protect|p2b: Pelipper
|-singleturn|p2b: Pelipper|Protect
|move|p1b: Archaludon|Electro Shot||[still]
|-prepare|p1b: Archaludon|Electro Shot
|-boost|p1b: Archaludon|spa|1
|-anim|p1b: Archaludon|Electro Shot|p2b: Pelipper
|-activate|p2b: Pelipper|move: Protect
|
|-weather|RainDance|[upkeep]
|upkeep
|turn|10
|
|t:|1756994066
|move|p2b: Pelipper|Protect|p2b: Pelipper
|-singleturn|p2b: Pelipper|Protect
|move|p1b: Archaludon|Electro Shot||[still]
|-prepare|p1b: Archaludon|Electro Shot
|-boost|p1b: Archaludon|spa|1
|-anim|p1b: Archaludon|Electro Shot|p2b: Pelipper
|-activate|p2b: Pelipper|move: Protect
|
|-weather|RainDance|[upkeep]
|upkeep
|turn|11
|
|t:|1756994075
|move|p2b: Pelipper|Protect||[still]
|-fail|p2b: Pelipper
|move|p1b: Archaludon|Electro Shot||[still]
|-prepare|p1b: Archaludon|Electro Shot
|-boost|p1b: Archaludon|spa|1
|-anim|p1b: Archaludon|Electro Shot|p2b: Pelipper
|-supereffective|p2b: Pelipper
|-damage|p2b: Pelipper|0 fnt
|faint|p2b: Pelipper
|
|win|NerdConsultant
|l|☆Plastic ocean
|player|p2|
||NerdConsultant is ready for game 2.
||Plastic ocean is ready for game 2.
|uhtml|next|Next: Game 2 of 3
|j|☆Plastic ocean
|player|p2|Plastic ocean|266|
