|j|☆Bergmann VGC
|j|☆arkjsmith
|html|Bergmann VGCarkjsmith    
|uhtml|bestof|Game 2 of a best-of-3
|t:|1755543365
|gametype|doubles
|player|p1|Bergmann VGC|roark|1206
|player|p2|arkjsmith|roxie|1205
|gen|9
|tier|[Gen 9] VGC 2025 Reg H (Bo3)
|rated|
|rule|Species Clause: Limit one of each Pokémon
|rule|Item Clause: Limit 1 of each item
|clearpoke
|poke|p1|Charizard, L50, F|
|poke|p1|Torkoal, L50, F|
|poke|p1|Porygon2, L50|
|poke|p1|Incineroar, L50, M|
|poke|p1|Jumpluff, L50, M|
|poke|p1|Ursaluna, L50, F|
|poke|p2|Kilowattrel, L50, M|
|poke|p2|Ursaluna-Bloodmoon, L50, M|
|poke|p2|Gholdengo, L50|
|poke|p2|Incineroar, L50, M|
|poke|p2|Farigiraf, L50, F|
|poke|p2|Kingambit, L50, M|
|teampreview|4
|showteam|p1|Charizard||ChoiceSpecs|SolarPower|HeatWave,Overheat,WeatherBall,AirSlash|||F|||50|,,,,,Ghost]Torkoal||EjectPack|Drought|Eruption,Overheat,HelpingHand,Protect|||F|||50|,,,,,Fire]Porygon2||Eviolite|Download|TeraBlast,IceBeam,Recover,TrickRoom||||||50|,,,,,Fighting]Incineroar||SafetyGoggles|Intimidate|FlareBlitz,KnockOff,FakeOut,PartingShot|||M|||50|,,,,,Ghost]Jumpluff||CovertCloak|Chlorophyll|SleepPowder,SunnyDay,RagePowder,Tailwind|||M|||50|,,,,,Water]Ursaluna||FlameOrb|Guts|HeadlongRush,Facade,Earthquake,Protect|||F|||50|,,,,,Ghost
|showteam|p2|Kilowattrel||FocusSash|Competitive|Tailwind,AirSlash,Thunderbolt,Protect|||M|||50|,,,,,Ghost]Ursaluna-Bloodmoon||AssaultVest|MindsEye|HyperVoice,BloodMoon,EarthPower,VacuumWave|||M|||50|,,,,,Normal]Gholdengo||SitrusBerry|GoodasGold|MakeItRain,ShadowBall,NastyPlot,Protect||||||50|,,,,,Water]Incineroar||SafetyGoggles|Intimidate|FakeOut,KnockOff,PartingShot,FlareBlitz|||M|||50|,,,,,Ghost]Farigiraf||ThroatSpray|ArmorTail|Protect,TrickRoom,HyperVoice,ExpandingForce|||F|||50|,,,,,Water]Kingambit||BlackGlasses|Defiant|KowtowCleave,SuckerPunch,SwordsDance,Protect|||M|||50|,,,,,Dark
|inactive|Battle timer is ON: inactive players will automatically lose when time's up. (requested by arkjsmith)
|
|t:|1755543377
|teamsize|p1|4
|teamsize|p2|4
|start
|switch|p1a: Ursaluna|Ursaluna, L50, F|100/100
|switch|p1b: Ryo the Stern|Torkoal, L50, F|100/100
|switch|p2a: Cheese|Gholdengo, L50|100/100
|switch|p2b: Kilowattrel|Kilowattrel, L50, M|100/100
|-weather|SunnyDay|[from] ability: Drought|[of] p1b: Ryo the Stern
|turn|1
|
|t:|1755543398
|switch|p2b: Stripe|Incineroar, L50, M, shiny|100/100
|-ability|p2b: Stripe|Intimidate|boost
|-unboost|p1a: Ursaluna|atk|1
|-unboost|p1b: Ryo the Stern|atk|1
|-enditem|p1b: Ryo the Stern|Eject Pack
|
|t:|1755543406
|switch|p1b: Charizard|Charizard, L50, F, shiny|100/100
|-terastallize|p2a: Cheese|Water
|move|p2a: Cheese|Nasty Plot|p2a: Cheese
|-boost|p2a: Cheese|spa|2
|move|p1a: Ursaluna|Facade|p2b: Stripe
|-damage|p2b: Stripe|71/100
|
|-weather|SunnyDay|[upkeep]
|-damage|p1b: Charizard|88/100|[from] ability: Solar Power|[of] p1b: Charizard
|-status|p1a: Ursaluna|brn|[from] item: Flame Orb
|upkeep
|turn|2
|inactive|Bergmann VGC has 30 seconds left.
|
|t:|1755543436
|move|p2a: Cheese|Protect|p2a: Cheese
|-singleturn|p2a: Cheese|Protect
|move|p1b: Charizard|Overheat|p2a: Cheese
|-activate|p2a: Cheese|move: Protect
|move|p2b: Stripe|Knock Off|p1b: Charizard
|-damage|p1b: Charizard|20/100
|-enditem|p1b: Charizard|Choice Specs|[from] move: Knock Off|[of] p2b: Stripe
|move|p1a: Ursaluna|Headlong Rush|p2b: Stripe
|-supereffective|p2b: Stripe
|-damage|p2b: Stripe|0 fnt
|-unboost|p1a: Ursaluna|def|1
|-unboost|p1a: Ursaluna|spd|1
|faint|p2b: Stripe
|
|-weather|SunnyDay|[upkeep]
|-damage|p1b: Charizard|8/100|[from] ability: Solar Power|[of] p1b: Charizard
|-damage|p1a: Ursaluna|95/100 brn|[from] brn
|upkeep
|
|t:|1755543448
|switch|p2b: Kilowattrel|Kilowattrel, L50, M|100/100
|turn|3
|
|t:|1755543457
|switch|p1a: Jumpluff|Jumpluff, L50, M|100/100
|move|p2b: Kilowattrel|Tailwind|p2b: Kilowattrel
|-sidestart|p2: arkjsmith|move: Tailwind
|move|p2a: Cheese|Make It Rain|p1a: Jumpluff|[spread] p1a,p1b
|-resisted|p1b: Charizard
|-damage|p1a: Jumpluff|0 fnt
|-damage|p1b: Charizard|0 fnt
|-unboost|p2a: Cheese|spa|1
|faint|p1a: Jumpluff
|faint|p1b: Charizard
|
|-weather|SunnyDay|[upkeep]
|upkeep
|
|t:|1755543463
|switch|p1a: Ursaluna|Ursaluna, L50, F|95/100 brn
|switch|p1b: Ryo the Stern|Torkoal, L50, F|100/100
|turn|4
|inactive|arkjsmith has 30 seconds left.
|
|t:|1755543489
|move|p2a: Cheese|Protect|p2a: Cheese
|-singleturn|p2a: Cheese|Protect
|move|p2b: Kilowattrel|Thunderbolt|p1b: Ryo the Stern
|-damage|p1b: Ryo the Stern|50/100
|move|p1a: Ursaluna|Facade|p2a: Cheese
|-activate|p2a: Cheese|move: Protect
|move|p1b: Ryo the Stern|Eruption|p2a: Cheese|[spread] p2b
|-activate|p2a: Cheese|move: Protect
|-damage|p2b: Kilowattrel|32/100
|
|-weather|SunnyDay|[upkeep]
|-damage|p1a: Ursaluna|89/100 brn|[from] brn
|upkeep
|turn|5
|
|t:|1755543505
|-terastallize|p1b: Ryo the Stern|Fire
|move|p2b: Kilowattrel|Thunderbolt|p1b: Ryo the Stern
|-crit|p1b: Ryo the Stern
|-damage|p1b: Ryo the Stern|0 fnt
|faint|p1b: Ryo the Stern
|move|p2a: Cheese|Make It Rain|p1a: Ursaluna
|-damage|p1a: Ursaluna|0 fnt
|-unboost|p2a: Cheese|spa|1
|faint|p1a: Ursaluna
|
|win|arkjsmith
|raw|Bergmann VGC's rating: 1206 → 1181(-25 for losing)
|raw|arkjsmith's rating: 1205 → 1230(+25 for winning)
|l|☆Bergmann VGC
|player|p1|
