|j|☆0-x ft wayne
|j|☆dracojackson
|html|0-x ft waynedracojackson    
|uhtml|bestof|Game 1 of a best-of-3
|t:|1756428057
|gametype|doubles
|player|p1|0-x ft wayne|kamado-armor|
|player|p2|dracojackson|hilbert|
|gen|9
|tier|[Gen 9] VGC 2025 Reg H (Bo3)
|rule|Species Clause: Limit one of each Pokémon
|rule|Item Clause: Limit 1 of each item
|clearpoke
|poke|p1|Garchomp, L50, M|
|poke|p1|Sneasler, L50, M|
|poke|p1|Incineroar, L50, M|
|poke|p1|Dragonite, L50, M|
|poke|p1|Gholdengo, L50|
|poke|p1|Tyranitar, L50, F|
|poke|p2|Porygon2, L50|
|poke|p2|Incineroar, L50, M|
|poke|p2|Ursaluna, L50, M|
|poke|p2|Amoonguss, L50, F|
|poke|p2|Gholdengo, L50|
|poke|p2|Dragonite, L50, F|
|teampreview|4
|showteam|p1|Garchomp||LifeOrb|RoughSkin|Earthquake,DragonClaw,StompingTantrum,Protect|||M|||50|,,,,,Ground]Sneasler||WhiteHerb|Unburden|Coaching,Protect,DireClaw,CloseCombat|||M|||50|,,,,,Stellar]Incineroar||SafetyGoggles|Intimidate|FakeOut,FlareBlitz,KnockOff,PartingShot|||M|||50|,,,,,Ghost]Dragonite||LoadedDice|InnerFocus|TeraBlast,ScaleShot,Tailwind,Protect|||M|||50|,,,,,Flying]Gholdengo||ChoiceScarf|GoodasGold|MakeItRain,ShadowBall,Trick,Thunderbolt||||||50|,,,,,Steel]Tyranitar||AssaultVest|SandStream|RockSlide,TeraBlast,Assurance,LowKick|||F|||50|,,,,,Flying
|showteam|p2|Porygon2||Eviolite|Download|TeraBlast,IceBeam,Recover,TrickRoom||||||50|,,,,,Fighting]Incineroar||SafetyGoggles|Intimidate|FakeOut,KnockOff,FlareBlitz,PartingShot|||M|||50|,,,,,Ghost]Ursaluna||FlameOrb|Guts|HeadlongRush,Facade,Earthquake,Protect|||M|||50|,,,,,Ghost]Amoonguss||SitrusBerry|Regenerator|PollenPuff,Spore,RagePowder,Protect|||F|||50|,,,,,Water]Gholdengo||LifeOrb|GoodasGold|MakeItRain,ShadowBall,NastyPlot,Protect||||||50|,,,,,Dragon]Dragonite||LoadedDice|Multiscale|ScaleShot,Haze,Tailwind,Protect|||F|||50|,,,,,Steel
|c|☆dracojackson|ben
|c|☆0-x ft wayne|ben
|c|☆0-x ft wayne|oh shid its p2ursa
|c|☆dracojackson|yar
|
|t:|1756428142
|teamsize|p1|4
|teamsize|p2|4
|start
|switch|p1a: Gholdengo|Gholdengo, L50|100/100
|switch|p1b: Sneasler|Sneasler, L50, M|100/100
|switch|p2a: Tomato|Incineroar, L50, M|100/100
|switch|p2b: Dingus|Gholdengo, L50|100/100
|-ability|p2a: Tomato|Intimidate|boost
|-unboost|p1a: Gholdengo|atk|1
|-unboost|p1b: Sneasler|atk|1
|-enditem|p1b: Sneasler|White Herb
|-clearnegativeboost|p1b: Sneasler|[silent]
|turn|1
|
|t:|1756428175
|switch|p1a: Dalinar|Incineroar, L50, M, shiny|100/100
|-ability|p1a: Dalinar|Intimidate|boost
|-unboost|p2a: Tomato|atk|1
|-unboost|p2b: Dingus|atk|1
|move|p1b: Sneasler|Protect|p1b: Sneasler
|-singleturn|p1b: Sneasler|Protect
|move|p2a: Tomato|Fake Out|p1b: Sneasler
|-activate|p1b: Sneasler|move: Protect
|move|p2b: Dingus|Shadow Ball|p1a: Dalinar
|-resisted|p1a: Dalinar
|-damage|p1a: Dalinar|77/100
|-damage|p2b: Dingus|91/100|[from] item: Life Orb
|
|upkeep
|turn|2
|
|t:|1756428204
|-terastallize|p2a: Tomato|Ghost
|move|p2b: Dingus|Protect|p2b: Dingus
|-singleturn|p2b: Dingus|Protect
|move|p1b: Sneasler|Close Combat|p2a: Tomato
|-immune|p2a: Tomato
|move|p2a: Tomato|Parting Shot|p1a: Dalinar
|-unboost|p1a: Dalinar|atk|1
|-unboost|p1a: Dalinar|spa|1
|
|t:|1756428212
|switch|p2a: Clanker|Porygon2, L50|100/100|[from] Parting Shot
|-ability|p2a: Clanker|Download|boost
|-boost|p2a: Clanker|atk|1
|move|p1a: Dalinar|Knock Off|p2a: Clanker
|-damage|p2a: Clanker|82/100
|-enditem|p2a: Clanker|Eviolite|[from] move: Knock Off|[of] p1a: Dalinar
|
|upkeep
|turn|3
|
|t:|1756428278
|switch|p2a: Tomato|Incineroar, L50, M, tera:Ghost|100/100
|-ability|p2a: Tomato|Intimidate|boost
|-unboost|p1a: Dalinar|atk|1
|-unboost|p1b: Sneasler|atk|1
|move|p1b: Sneasler|Coaching|p1a: Dalinar
|-boost|p1a: Dalinar|atk|1
|-boost|p1a: Dalinar|def|1
|move|p2b: Dingus|Nasty Plot|p2b: Dingus
|-boost|p2b: Dingus|spa|2
|move|p1a: Dalinar|Flare Blitz|p2b: Dingus
|-supereffective|p2b: Dingus
|-damage|p2b: Dingus|0 fnt
|faint|p2b: Dingus
|-damage|p1a: Dalinar|52/100|[from] Recoil
|
|upkeep
|
|t:|1756428289
|switch|p2b: Clanker|Porygon2, L50|82/100
|-ability|p2b: Clanker|Download|boost
|-boost|p2b: Clanker|spa|1
|turn|4
|
|t:|1756428323
|move|p2a: Tomato|Fake Out|p1b: Sneasler
|-damage|p1b: Sneasler|77/100
|cant|p1b: Sneasler|flinch
|move|p1a: Dalinar|Knock Off|p2a: Tomato
|-supereffective|p2a: Tomato
|-damage|p2a: Tomato|41/100
|-enditem|p2a: Tomato|Safety Goggles|[from] move: Knock Off|[of] p1a: Dalinar
|move|p2b: Clanker|Trick Room|p2b: Clanker
|-fieldstart|move: Trick Room|[of] p2b: Clanker
|
|upkeep
|turn|5
|
|t:|1756428363
|move|p2b: Clanker|Ice Beam|p1b: Sneasler
|-damage|p1b: Sneasler|22/100
|move|p1a: Dalinar|Parting Shot|p2b: Clanker
|-unboost|p2b: Clanker|atk|1
|-unboost|p2b: Clanker|spa|1
|
|t:|1756428373
|switch|p1a: Gholdengo|Gholdengo, L50|100/100|[from] Parting Shot
|move|p2a: Tomato|Parting Shot|p1a: Gholdengo
|-immune|p1a: Gholdengo|[from] ability: Good as Gold
|move|p1b: Sneasler|Close Combat|p2a: Tomato
|-immune|p2a: Tomato
|
|upkeep
|turn|6
|
|t:|1756428409
|switch|p1b: Dalinar|Incineroar, L50, M, shiny|52/100
|-ability|p1b: Dalinar|Intimidate|boost
|-unboost|p2a: Tomato|atk|1
|-unboost|p2b: Clanker|atk|1
|move|p2b: Clanker|Ice Beam|p1a: Gholdengo
|-resisted|p1a: Gholdengo
|-crit|p1a: Gholdengo
|-damage|p1a: Gholdengo|78/100
|move|p2a: Tomato|Flare Blitz|p1a: Gholdengo
|-supereffective|p1a: Gholdengo
|-damage|p1a: Gholdengo|0 fnt
|faint|p1a: Gholdengo
|-damage|p2a: Tomato|20/100|[from] Recoil
|
|upkeep
|
|t:|1756428433
|switch|p1a: Sneasler|Sneasler, L50, M|22/100
|turn|7
|
|t:|1756428463
|move|p1a: Sneasler|Protect|p1a: Sneasler
|-singleturn|p1a: Sneasler|Protect
|move|p2b: Clanker|Ice Beam|p1a: Sneasler
|-activate|p1a: Sneasler|move: Protect
|move|p1b: Dalinar|Knock Off|p2a: Tomato
|-supereffective|p2a: Tomato
|-damage|p2a: Tomato|0 fnt
|faint|p2a: Tomato
|
|upkeep
|
|t:|1756428465
|switch|p2a: IGOR|Ursaluna, L50, M, shiny|100/100
|turn|8
|
|t:|1756428508
|switch|p1a: Dragonite|Dragonite, L50, M, shiny|100/100
|move|p2b: Clanker|Ice Beam|p1a: Dragonite
|-supereffective|p1a: Dragonite
|-damage|p1a: Dragonite|0 fnt
|faint|p1a: Dragonite
|move|p1b: Dalinar|Knock Off|p2a: IGOR
|-damage|p2a: IGOR|67/100
|-enditem|p2a: IGOR|Flame Orb|[from] move: Knock Off|[of] p1b: Dalinar
|move|p2a: IGOR|Earthquake|p1b: Dalinar|[spread] p2b,p1b
|-supereffective|p1b: Dalinar
|-damage|p2b: Clanker|41/100
|-damage|p1b: Dalinar|0 fnt
|faint|p1b: Dalinar
|
|-fieldend|move: Trick Room
|upkeep
|
|t:|1756428526
|switch|p1b: Sneasler|Sneasler, L50, M|22/100
|turn|9
|
|t:|1756428538
|move|p1b: Sneasler|Protect|p1b: Sneasler
|-singleturn|p1b: Sneasler|Protect
|move|p2a: IGOR|Headlong Rush|p1b: Sneasler
|-activate|p1b: Sneasler|move: Protect
|move|p2b: Clanker|Tera Blast|p1b: Sneasler
|-activate|p1b: Sneasler|move: Protect
|
|upkeep
|turn|10
|
|t:|1756428549
|-terastallize|p1b: Sneasler|Stellar
|move|p1b: Sneasler|Dire Claw|p2a: IGOR
|-resisted|p2a: IGOR
|-damage|p2a: IGOR|47/100
|-status|p2a: IGOR|par
|move|p2b: Clanker|Tera Blast|p1b: Sneasler
|-damage|p1b: Sneasler|0 fnt
|faint|p1b: Sneasler
|
|win|dracojackson
||0-x ft wayne is ready for game 2.
||dracojackson is ready for game 2.
|uhtml|next|Next: Game 2 of 3
