|j|☆tpgamer007
|j|☆Setaton
|html|tpgamer007Setaton    
|uhtml|bestof|Game 3 of a best-of-3
|t:|1757007593
|gametype|doubles
|player|p1|tpgamer007|misty|1000
|player|p2|Setaton|volkner|1000
|gen|9
|tier|[Gen 9] VGC 2025 Reg H (Bo3)
|rated|
|rule|Species Clause: Limit one of each Pokémon
|rule|Item Clause: Limit 1 of each item
|clearpoke
|poke|p1|Ursaluna-Bloodmoon, L50, M|
|poke|p1|Incineroar, L50, M|
|poke|p1|Indeedee-F, L50, F|
|poke|p1|Amoonguss, L50, F|
|poke|p1|Primarina, L50, M|
|poke|p1|Gallade, L50, M|
|poke|p2|Sneasler, L50, M|
|poke|p2|Rillaboom, L50, M|
|poke|p2|Electabuzz, L50, M|
|poke|p2|Dragonite, L50, F|
|poke|p2|Volcarona, L50, F|
|poke|p2|Kingambit, L50, M|
|teampreview|4
|showteam|p1|Ursaluna-Bloodmoon||LifeOrb|MindsEye|EarthPower,BloodMoon,Protect,HyperVoice|||M|||50|,,,,,Normal]Incineroar||SafetyGoggles|Intimidate|FakeOut,PartingShot,KnockOff,FlareBlitz|||M|||50|,,,,,Ghost]Indeedee-F||PsychicSeed|PsychicSurge|FollowMe,TrickRoom,HelpingHand,Psychic|||F|||50|,,,,,Psychic]Amoonguss||RockyHelmet|Regenerator|Spore,PollenPuff,RagePowder,Protect|||F|||50|,,,,,Water]Primarina||ThroatSpray|LiquidVoice|HyperVoice,Moonblast,Haze,Protect|||M|||50|,,,,,Steel]Gallade||ScopeLens|Sharpness|SacredSword,NightSlash,PsychoCut,TrickRoom|||M|||50|,,,,,Dark
|showteam|p2|Sneasler||FocusSash|PoisonTouch|CloseCombat,DireClaw,Coaching,FakeOut|||M|||50|,,,,,Ghost]Rillaboom||AssaultVest|GrassySurge|WoodHammer,GrassyGlide,HighHorsepower,FakeOut|||M|||50|,,,,,Fire]Electabuzz||Eviolite|VitalSpirit|Electroweb,Taunt,Protect,FollowMe|||M|||50|,,,,,Fairy]Dragonite||LoadedDice|Multiscale|ScaleShot,ExtremeSpeed,Haze,Tailwind|||F|||50|,,,,,Fairy]Volcarona||Leftovers|FlameBody|HeatWave,TeraBlast,QuiverDance,Protect|||F|||50|,,,,,Fairy]Kingambit||BlackGlasses|Defiant|KowtowCleave,SuckerPunch,SwordsDance,Protect|||M|||50|,,,,,Dark
|inactive|Battle timer is ON: inactive players will automatically lose when time's up. (requested by tpgamer007)
|
|t:|1757007620
|teamsize|p1|4
|teamsize|p2|4
|start
|switch|p1a: Indeedee|Indeedee-F, L50, F|100/100
|switch|p1b: Gallade|Gallade, L50, M|100/100
|switch|p2a: Rillaboom|Rillaboom, L50, M|100/100
|switch|p2b: Volcarona|Volcarona, L50, F|100/100
|-fieldstart|move: Grassy Terrain|[from] ability: Grassy Surge|[of] p2a: Rillaboom
|-fieldstart|move: Psychic Terrain|[from] ability: Psychic Surge|[of] p1a: Indeedee
|-enditem|p1a: Indeedee|Psychic Seed
|-boost|p1a: Indeedee|spd|1|[from] item: Psychic Seed
|turn|1
|inactive|tpgamer007 has 30 seconds left.
|inactive|tpgamer007 has 20 seconds left.
|
|t:|1757007658
|move|p1a: Indeedee|Follow Me|p1a: Indeedee
|-singleturn|p1a: Indeedee|move: Follow Me
|move|p2b: Volcarona|Quiver Dance|p2b: Volcarona
|-boost|p2b: Volcarona|spa|1
|-boost|p2b: Volcarona|spd|1
|-boost|p2b: Volcarona|spe|1
|move|p2a: Rillaboom|Wood Hammer|p1a: Indeedee
|-damage|p1a: Indeedee|36/100
|-damage|p2a: Rillaboom|81/100|[from] Recoil
|move|p1b: Gallade|Trick Room|p1b: Gallade
|-fieldstart|move: Trick Room|[of] p1b: Gallade
|
|upkeep
|turn|2
|
|t:|1757007678
|switch|p2a: Electabuzz|Electabuzz, L50, M|100/100
|move|p2b: Volcarona|Protect|p2b: Volcarona
|-singleturn|p2b: Volcarona|Protect
|move|p1b: Gallade|Sacred Sword|p2b: Volcarona
|-activate|p2b: Volcarona|move: Protect
|move|p1a: Indeedee|Psychic|p2a: Electabuzz
|-damage|p2a: Electabuzz|73/100
|
|upkeep
|turn|3
|inactive|Setaton has 30 seconds left.
|
|t:|1757007709
|switch|p1a: Primarina|Primarina, L50, M|100/100
|-terastallize|p2b: Volcarona|Fairy
|move|p2a: Electabuzz|Follow Me|p2a: Electabuzz
|-singleturn|p2a: Electabuzz|move: Follow Me
|move|p1b: Gallade|Sacred Sword|p2a: Electabuzz
|-damage|p2a: Electabuzz|6/100
|move|p2b: Volcarona|Tera Blast|p1b: Gallade|[anim] Tera Blast Fairy
|-supereffective|p1b: Gallade
|-damage|p1b: Gallade|0 fnt
|faint|p1b: Gallade
|
|upkeep
|
|t:|1757007721
|switch|p1b: Ursaluna|Ursaluna-Bloodmoon, L50, M|100/100
|turn|4
|inactive|Setaton has 30 seconds left.
|inactive|Setaton has 20 seconds left.
|inactive|Setaton has 15 seconds left.
|
|t:|1757007761
|-terastallize|p1b: Ursaluna|Normal
|move|p2b: Volcarona|Protect|p2b: Volcarona
|-singleturn|p2b: Volcarona|Protect
|move|p2a: Electabuzz|Follow Me|p2a: Electabuzz
|-singleturn|p2a: Electabuzz|move: Follow Me
|move|p1b: Ursaluna|Hyper Voice|p2a: Electabuzz|[spread] p2a
|-activate|p2b: Volcarona|move: Protect
|-damage|p2a: Electabuzz|0 fnt
|faint|p2a: Electabuzz
|-damage|p1b: Ursaluna|90/100|[from] item: Life Orb
|move|p1a: Primarina|Haze|p1a: Primarina
|-clearallboost
|
|upkeep
|
|t:|1757007777
|switch|p2a: Rillaboom|Rillaboom, L50, M|81/100
|-fieldstart|move: Grassy Terrain|[from] ability: Grassy Surge|[of] p2a: Rillaboom
|turn|5
|inactive|tpgamer007 has 30 seconds left.
|inactive|Setaton has 30 seconds left.
|
|t:|1757007805
|switch|p2b: Kingambit|Kingambit, L50, M|100/100
|move|p1a: Primarina|Protect|p1a: Primarina
|-singleturn|p1a: Primarina|Protect
|move|p1b: Ursaluna|Blood Moon|p2b: Kingambit
|-resisted|p2b: Kingambit
|-damage|p2b: Kingambit|35/100
|-damage|p1b: Ursaluna|80/100|[from] item: Life Orb
|move|p2a: Rillaboom|Wood Hammer|p1b: Ursaluna
|-damage|p1b: Ursaluna|21/100
|-damage|p2a: Rillaboom|60/100|[from] Recoil
|
|-heal|p1b: Ursaluna|27/100|[from] Grassy Terrain
|-heal|p2b: Kingambit|41/100|[from] Grassy Terrain
|-heal|p2a: Rillaboom|66/100|[from] Grassy Terrain
|-fieldend|move: Trick Room
|upkeep
|turn|6
|inactive|Setaton has 30 seconds left.
|inactive|Setaton has 20 seconds left.
|inactive|Setaton has 15 seconds left.
|inactive|Setaton has 10 seconds left.
|
|t:|1757007851
|switch|p1b: Indeedee|Indeedee-F, L50, F|36/100
|-fieldstart|move: Psychic Terrain|[from] ability: Psychic Surge|[of] p1b: Indeedee
|move|p2b: Kingambit|Protect|p2b: Kingambit
|-singleturn|p2b: Kingambit|Protect
|move|p2a: Rillaboom|Wood Hammer|p1a: Primarina
|-supereffective|p1a: Primarina
|-damage|p1a: Primarina|0 fnt
|faint|p1a: Primarina
|-damage|p2a: Rillaboom|35/100|[from] Recoil
|
|upkeep
|inactive|tpgamer007 has 30 seconds left.
|
|t:|1757007883
|switch|p1a: Ursaluna|Ursaluna-Bloodmoon, L50, M, tera:Normal|27/100
|turn|7
|inactive|tpgamer007 has 30 seconds left.
|
|t:|1757007917
|move|p1a: Ursaluna|Protect|p1a: Ursaluna
|-singleturn|p1a: Ursaluna|Protect
|move|p2a: Rillaboom|Wood Hammer|p1a: Ursaluna
|-activate|p1a: Ursaluna|move: Protect
|move|p2b: Kingambit|Kowtow Cleave|p1b: Indeedee
|-supereffective|p1b: Indeedee
|-damage|p1b: Indeedee|0 fnt
|faint|p1b: Indeedee
|
|upkeep
|turn|8
|
|t:|1757007928
|move|p2a: Rillaboom|Wood Hammer|p1a: Ursaluna
|-damage|p1a: Ursaluna|0 fnt
|faint|p1a: Ursaluna
|-damage|p2a: Rillaboom|25/100|[from] Recoil
|
|win|Setaton
|raw|tpgamer007's rating: 1000 → 1000(+0 for losing)
|raw|Setaton's rating: 1000 → 1040(+40 for winning)
|l|☆tpgamer007
|player|p1|
