|j|☆itbeasher
|j|‽Muggcat
|html|itbeasherMuggcat    
|uhtml|bestof|Game 1 of a best-of-3
|t:|1756923292
|gametype|doubles
|player|p1|itbeasher|101|1125
|player|p2|Muggcat|waiter-gen4dp|1053
|gen|9
|tier|[Gen 9] VGC 2025 Reg H (Bo3)
|rated|
|rule|Species Clause: Limit one of each Pokémon
|rule|Item Clause: Limit 1 of each item
|clearpoke
|poke|p1|Jumpluff, L50, F|
|poke|p1|Typhlosion-Hisui, L50, M|
|poke|p1|Annihilape, L50, M|
|poke|p1|Torkoal, L50, F|
|poke|p1|Rillaboom, L50, M|
|poke|p1|Porygon2, L50|
|poke|p2|Gholdengo, L50|
|poke|p2|Pawmot, L50, F|
|poke|p2|Dragonite, L50, M|
|poke|p2|Alcremie-Rainbow-Swirl, L50, F|
|poke|p2|Annihilape, L50, F|
|poke|p2|Tyranitar, L50, F|
|teampreview|4
|showteam|p1|Jumpluff||CovertCloak|Chlorophyll|SleepPowder,Tailwind,RagePowder,PollenPuff|||F|||50|,,,,,Dark]Typhlosion-Hisui||ChoiceSpecs|Frisk|Eruption,HeatWave,ShadowBall,TeraBlast|||M|||50|,,,,,Stellar]Annihilape||SitrusBerry|Defiant|CloseCombat,Protect,FinalGambit,RageFist|||M|||50|,,,,,Fire]Torkoal||EjectPack|Drought|Protect,HelpingHand,Overheat,BurningJealousy|||F|||50|,,,,,Grass]Rillaboom||MiracleSeed|GrassySurge|FakeOut,GrassyGlide,HighHorsepower,WoodHammer|||M|||50|,,,,,Dragon]Porygon2||Eviolite|Download|Thunderbolt,IceBeam,Recover,TrickRoom||||||50|,,,,,Ghost
|showteam|p2|Gholdengo||Leftovers|GoodasGold|MakeItRain,ShadowBall,NastyPlot,Protect||||||50|,,,,,Flying]Pawmot||FocusSash|VoltAbsorb|CloseCombat,DoubleShock,Protect,RevivalBlessing|||F|||50|,,,,,Electric]Dragonite||LumBerry|Multiscale|Tailwind,ExtremeSpeed,StompingTantrum,Haze|||M|||50|,,,,,Normal]Alcremie-Rainbow-Swirl||QuickClaw|SweetVeil|DazzlingGleam,Decorate,FakeTears,Protect|||F|||50|,,,,,Ghost]Annihilape||SafetyGoggles|Defiant|RageFist,DrainPunch,BulkUp,Protect|||F|||50|,,,,,Fire]Tyranitar||AssaultVest|SandStream|TeraBlast,DarkPulse,IceBeam,EarthPower|||F|||50|,,,,,Flying
|
|t:|1756923345
|teamsize|p1|4
|teamsize|p2|4
|start
|switch|p1a: Porygon2|Porygon2, L50, shiny|100/100
|switch|p1b: Annihilape|Annihilape, L50, M, shiny|100/100
|switch|p2a: Dragonite|Dragonite, L50, M, shiny|100/100
|switch|p2b: Gholdengo|Gholdengo, L50|100/100
|-ability|p1a: Porygon2|Download|boost
|-boost|p1a: Porygon2|spa|1
|turn|1
|
|t:|1756923386
|move|p1b: Annihilape|Protect|p1b: Annihilape
|-singleturn|p1b: Annihilape|Protect
|move|p2b: Gholdengo|Protect|p2b: Gholdengo
|-singleturn|p2b: Gholdengo|Protect
|move|p2a: Dragonite|Haze|p2a: Dragonite
|-clearallboost
|move|p1a: Porygon2|Trick Room|p1a: Porygon2
|-fieldstart|move: Trick Room|[of] p1a: Porygon2
|
|upkeep
|turn|2
|
|t:|1756923414
|switch|p2a: Tyranitar|Tyranitar, L50, F, shiny|100/100
|-weather|Sandstorm|[from] ability: Sand Stream|[of] p2a: Tyranitar
|-terastallize|p2b: Gholdengo|Flying
|move|p1a: Porygon2|Thunderbolt|p2b: Gholdengo
|-supereffective|p2b: Gholdengo
|-damage|p2b: Gholdengo|60/100
|move|p2b: Gholdengo|Nasty Plot|p2b: Gholdengo
|-boost|p2b: Gholdengo|spa|2
|move|p1b: Annihilape|Rage Fist|p2b: Gholdengo
|-damage|p2b: Gholdengo|38/100
|
|-weather|Sandstorm|[upkeep]
|-damage|p1a: Porygon2|94/100|[from] Sandstorm
|-damage|p2b: Gholdengo|32/100|[from] Sandstorm
|-damage|p1b: Annihilape|94/100|[from] Sandstorm
|-heal|p2b: Gholdengo|38/100|[from] item: Leftovers
|upkeep
|turn|3
|
|t:|1756923445
|move|p1a: Porygon2|Thunderbolt|p2b: Gholdengo
|-supereffective|p2b: Gholdengo
|-damage|p2b: Gholdengo|0 fnt
|faint|p2b: Gholdengo
|move|p2a: Tyranitar|Earth Power|p1a: Porygon2
|-damage|p1a: Porygon2|80/100
|move|p1b: Annihilape|Close Combat|p2a: Tyranitar
|-supereffective|p2a: Tyranitar
|-damage|p2a: Tyranitar|0 fnt
|-unboost|p1b: Annihilape|def|1
|-unboost|p1b: Annihilape|spd|1
|faint|p2a: Tyranitar
|
|-weather|Sandstorm|[upkeep]
|-damage|p1a: Porygon2|73/100|[from] Sandstorm
|-damage|p1b: Annihilape|88/100|[from] Sandstorm
|upkeep
|
|t:|1756923460
|switch|p2a: Dragonite|Dragonite, L50, M, shiny|100/100
|switch|p2b: Pawmot|Pawmot, L50, F, shiny|100/100
|turn|4
|
|t:|1756923493
|move|p1a: Porygon2|Ice Beam|p2a: Dragonite
|-supereffective|p2a: Dragonite
|-damage|p2a: Dragonite|58/100
|move|p2a: Dragonite|Stomping Tantrum|p1b: Annihilape
|-damage|p1b: Annihilape|47/100
|-enditem|p1b: Annihilape|Sitrus Berry|[eat]
|-heal|p1b: Annihilape|72/100|[from] item: Sitrus Berry
|move|p1b: Annihilape|Close Combat|p2a: Dragonite
|-resisted|p2a: Dragonite
|-damage|p2a: Dragonite|30/100
|-unboost|p1b: Annihilape|def|1
|-unboost|p1b: Annihilape|spd|1
|move|p2b: Pawmot|Revival Blessing|p2b: Pawmot
|
|t:|1756923510
|-heal|p2: Gholdengo|50/100|[from] move: Revival Blessing
|
|-weather|Sandstorm|[upkeep]
|-damage|p1a: Porygon2|67/100|[from] Sandstorm
|-damage|p2a: Dragonite|25/100|[from] Sandstorm
|-damage|p1b: Annihilape|65/100|[from] Sandstorm
|-damage|p2b: Pawmot|94/100|[from] Sandstorm
|upkeep
|turn|5
|
|t:|1756923534
|move|p2a: Dragonite|Extreme Speed|p1a: Porygon2
|-damage|p1a: Porygon2|52/100
|move|p1a: Porygon2|Recover|p1a: Porygon2
|-heal|p1a: Porygon2|100/100
|move|p1b: Annihilape|Final Gambit|p2a: Dragonite
|-damage|p2a: Dragonite|0 fnt
|faint|p1b: Annihilape
|faint|p2a: Dragonite
|move|p2b: Pawmot|Double Shock|p1a: Porygon2
|-damage|p1a: Porygon2|70/100
|-start|p2b: Pawmot|typechange|???/Fighting|[from] move: Double Shock
|
|-weather|Sandstorm|[upkeep]
|-damage|p1a: Porygon2|64/100|[from] Sandstorm
|-damage|p2b: Pawmot|88/100|[from] Sandstorm
|-fieldend|move: Trick Room
|upkeep
|
|t:|1756923550
|switch|p1b: Torkoal|Torkoal, L50, F, shiny|100/100
|switch|p2a: Gholdengo|Gholdengo, L50|50/100
|-weather|SunnyDay|[from] ability: Drought|[of] p1b: Torkoal
|turn|6
|
|t:|1756923563
|-terastallize|p1a: Porygon2|Ghost
|move|p1b: Torkoal|Protect|p1b: Torkoal
|-singleturn|p1b: Torkoal|Protect
|move|p2b: Pawmot|Close Combat|p1a: Porygon2
|-immune|p1a: Porygon2
|move|p2a: Gholdengo|Shadow Ball|p1b: Torkoal
|-activate|p1b: Torkoal|move: Protect
|move|p1a: Porygon2|Trick Room|p1a: Porygon2
|-fieldstart|move: Trick Room|[of] p1a: Porygon2
|
|-weather|SunnyDay|[upkeep]
|-heal|p2a: Gholdengo|57/100|[from] item: Leftovers
|upkeep
|turn|7
|-message|Muggcat forfeited.
|
|win|itbeasher
|l|‽Muggcat
|player|p2|
|inactive|itbeasher has 30 seconds to confirm battle start!
|inactive|Muggcat has 30 seconds to confirm battle start!
||itbeasher is ready for game 2.
|inactive|Muggcat has 20 seconds to confirm battle start!
||Muggcat is ready for game 2.
|uhtml|next|Next: Game 2 of 3
