|j|☆Gurrasnurra5
|j|☆new mental
|html|Gurrasnurra5new mental    
|uhtml|bestof|Game 2 of a best-of-3
|t:|1784719073
|gametype|doubles
|player|p1|Gurrasnurra5|102|1326
|player|p2|new mental|volkner|1230
|gen|9
|tier|[Gen 9 Champions] VGC 2026 Reg M-B (Bo3)
|rated|
|rule|Species Clause: Limit one of each Pokémon
|rule|Item Clause: Limit 1 of each item
|clearpoke
|poke|p1|Whimsicott, L50, F|
|poke|p1|Floette-Eternal, L50, F|
|poke|p1|Hydreigon, L50, M|
|poke|p1|Incineroar, L50, M|
|poke|p1|Gholdengo, L50|
|poke|p1|Sneasler, L50, F|
|poke|p2|Charizard, L50, M|
|poke|p2|Garchomp, L50, M|
|poke|p2|Incineroar, L50, F|
|poke|p2|Venusaur, L50, F|
|poke|p2|Toxapex, L50, F|
|poke|p2|Sylveon, L50, F|
|teampreview|4
|showteam|p1|Whimsicott||FairyFeather|Prankster|Moonblast,Encore,Tailwind,Protect|Timid||F|||50|]Floette-Eternal||Floettite|FlowerVeil|Moonblast,DazzlingGleam,CalmMind,Protect|Timid||F|||50|]Hydreigon||ChoiceScarf|Levitate|DracoMeteor,Snarl,EarthPower,DarkPulse|Modest||M|||50|]Incineroar||SitrusBerry|Intimidate|FakeOut,PartingShot,FlareBlitz,ThroatChop|Careful||M|||50|]Gholdengo||FocusSash|GoodasGold|MakeItRain,ShadowBall,PowerGem,Protect|Modest|||||50|]Sneasler||LifeOrb|PoisonTouch|FakeOut,CloseCombat,DireClaw,Protect|Jolly||F|||50|
|showteam|p2|Charizard||CharizarditeY|SolarPower|WeatherBall,HeatWave,AncientPower,Protect|Modest||M|||50|]Garchomp||ChoiceScarf|RoughSkin|RockSlide,DragonClaw,Earthquake,StompingTantrum|Adamant||M|||50|]Incineroar||SitrusBerry|Intimidate|FlareBlitz,FakeOut,DarkestLariat,PartingShot|Impish||F|||50|]Venusaur||LifeOrb|Chlorophyll|SludgeBomb,SolarBeam,EarthPower,Protect|Modest||F|||50|]Toxapex||Leftovers|Regenerator|Infestation,Toxic,WideGuard,BanefulBunker|Bold||F|||50|]Sylveon||FairyFeather|Pixilate|HyperVoice,QuickAttack,Yawn,Detect|Modest||F|||50|
|
|t:|1784719086
|teamsize|p1|4
|teamsize|p2|4
|start
|switch|p1a: Floette|Floette-Eternal, L50, F|100/100
|switch|p1b: Sneasler|Sneasler, L50, F|100/100
|switch|p2a: Toxapex|Toxapex, L50, F|100/100
|switch|p2b: Incineroar|Incineroar, L50, F|100/100
|-ability|p2b: Incineroar|Intimidate|boost
|-unboost|p1a: Floette|atk|1
|-unboost|p1b: Sneasler|atk|1
|turn|1
|inactive|Battle timer is ON: inactive players will automatically lose when time's up. (requested by new mental)
|
|t:|1784719107
|detailschange|p1a: Floette|Floette-Mega, L50, F
|-mega|p1a: Floette|Floette|Floettite
|-ability|p1a: Floette|Fairy Aura
|move|p1b: Sneasler|Fake Out|p2b: Incineroar
|-damage|p2b: Incineroar|90/100
|-status|p2b: Incineroar|psn|[from] ability: Poison Touch|[of] p1b: Sneasler
|-damage|p1b: Sneasler|90/100|[from] item: Life Orb
|cant|p2b: Incineroar|flinch
|move|p1a: Floette|Moonblast|p2b: Incineroar
|-damage|p2b: Incineroar|32/100 psn
|-enditem|p2b: Incineroar|Sitrus Berry|[eat]
|-heal|p2b: Incineroar|56/100 psn|[from] item: Sitrus Berry
|move|p2a: Toxapex|Toxic|p1a: Floette
|-status|p1a: Floette|tox
|
|-damage|p1a: Floette|93/100 tox|[from] psn
|-damage|p2b: Incineroar|44/100 psn|[from] psn
|upkeep
|turn|2
|
|t:|1784719129
|switch|p1a: Gholdengo|Gholdengo, L50|100/100
|switch|p2b: Charizard|Charizard, L50, M|100/100
|move|p1b: Sneasler|Dire Claw|p2a: Toxapex
|-resisted|p2a: Toxapex|1
|-damage|p2a: Toxapex|87/100
|-status|p2a: Toxapex|par
|-damage|p1b: Sneasler|81/100|[from] item: Life Orb
|move|p2a: Toxapex|Infestation|p1a: Gholdengo
|-resisted|p1a: Gholdengo|2
|-damage|p1a: Gholdengo|99/100
|-activate|p1a: Gholdengo|move: Infestation|[of] p2a: Toxapex
|
|-heal|p2a: Toxapex|93/100 par|[from] item: Leftovers
|-damage|p1a: Gholdengo|87/100|[from] move: Infestation|[partiallytrapped]
|upkeep
|turn|3
|
|t:|1784719151
|switch|p1b: Hydreigon|Hydreigon, L50, M|100/100
|switch|p2b: Garchomp|Garchomp, L50, M|100/100
|-heal|p2a: Toxapex|100/100 par|[from] ability: Regenerator|[silent]
|switch|p2a: Incineroar|Incineroar, L50, F|44/100 psn
|-ability|p2a: Incineroar|Intimidate|boost
|-unboost|p1a: Gholdengo|atk|1
|-unboost|p1b: Hydreigon|atk|1
|move|p1a: Gholdengo|Power Gem|p2b: Garchomp
|-resisted|p2b: Garchomp|1
|-damage|p2b: Garchomp|81/100
|
|-damage|p2a: Incineroar|32/100 psn|[from] psn
|-end|p1a: Gholdengo|Infestation|[partiallytrapped]|[silent]
|upkeep
|turn|4
|inactive|new mental has 30 seconds left.
|
|t:|1784719177
|switch|p1b: Floette|Floette-Mega, L50, F|93/100 tox
|-ability|p1b: Floette|Fairy Aura
|move|p1a: Gholdengo|Protect|p1a: Gholdengo
|-singleturn|p1a: Gholdengo|Protect
|move|p2a: Incineroar|Fake Out|p1b: Floette
|-damage|p1b: Floette|83/100 tox
|move|p2b: Garchomp|Dragon Claw|p1b: Floette
|-immune|p1b: Floette
|
|-damage|p1b: Floette|77/100 tox|[from] psn
|-damage|p2a: Incineroar|19/100 psn|[from] psn
|upkeep
|turn|5
|inactive|Gurrasnurra5 has 30 seconds left.
|
|t:|1784719203
|switch|p2b: Toxapex|Toxapex, L50, F|100/100 par
|move|p1b: Floette|Dazzling Gleam|p2b: Toxapex|[spread] p2a,p2b
|-resisted|p2b: Toxapex|1
|-damage|p2a: Incineroar|0 fnt
|-damage|p2b: Toxapex|85/100 par
|faint|p2a: Incineroar
|move|p1a: Gholdengo|Power Gem|p2b: Toxapex
|-damage|p2b: Toxapex|61/100 par
|
|-heal|p2b: Toxapex|67/100 par|[from] item: Leftovers
|-damage|p1b: Floette|65/100 tox|[from] psn
|upkeep
|
|t:|1784719210
|switch|p2a: Garchomp|Garchomp, L50, M|81/100
|turn|6
|
|t:|1784719217
|switch|p1b: Hydreigon|Hydreigon, L50, M|100/100
|move|p2a: Garchomp|Stomping Tantrum|p1b: Hydreigon
|-immune|p1b: Hydreigon|[from] ability: Levitate
|move|p1a: Gholdengo|Shadow Ball|p2b: Toxapex
|-damage|p2b: Toxapex|32/100 par
|move|p2b: Toxapex|Infestation|p1a: Gholdengo
|-resisted|p1a: Gholdengo|2
|-damage|p1a: Gholdengo|86/100
|-activate|p1a: Gholdengo|move: Infestation|[of] p2b: Toxapex
|
|-heal|p2b: Toxapex|38/100 par|[from] item: Leftovers
|-damage|p1a: Gholdengo|74/100|[from] move: Infestation|[partiallytrapped]
|upkeep
|turn|7
|
|t:|1784719227
|-heal|p2b: Toxapex|71/100 par|[from] ability: Regenerator|[silent]
|switch|p2b: Charizard|Charizard, L50, M|100/100
|move|p2a: Garchomp|Stomping Tantrum|p1a: Gholdengo
|-supereffective|p1a: Gholdengo|1
|-damage|p1a: Gholdengo|0 fnt
|faint|p1a: Gholdengo
|move|p1b: Hydreigon|Draco Meteor|p2a: Garchomp
|-supereffective|p2a: Garchomp|1
|-damage|p2a: Garchomp|0 fnt
|-unboost|p1b: Hydreigon|spa|2
|faint|p2a: Garchomp
|
|upkeep
|
|t:|1784719234
|switch|p2a: Toxapex|Toxapex, L50, F|71/100 par
|switch|p1a: Sneasler|Sneasler, L50, F|81/100
|turn|8
|
|t:|1784719243
|switch|p1b: Floette|Floette-Mega, L50, F|65/100 tox
|-ability|p1b: Floette|Fairy Aura
|detailschange|p2b: Charizard|Charizard-Mega-Y, L50, M
|-mega|p2b: Charizard|Charizard|Charizardite Y
|-weather|SunnyDay|[from] ability: Drought|[of] p2b: Charizard
|move|p1a: Sneasler|Fake Out|p2b: Charizard
|-damage|p2b: Charizard|83/100
|-damage|p1a: Sneasler|71/100|[from] item: Life Orb
|cant|p2b: Charizard|flinch
|move|p2a: Toxapex|Infestation|p1a: Sneasler
|-resisted|p1a: Sneasler|2
|-damage|p1a: Sneasler|71/100
|-activate|p1a: Sneasler|move: Infestation|[of] p2a: Toxapex
|
|-weather|SunnyDay|[upkeep]
|-heal|p2a: Toxapex|77/100 par|[from] item: Leftovers
|-damage|p1b: Floette|59/100 tox|[from] psn
|-damage|p1a: Sneasler|59/100|[from] move: Infestation|[partiallytrapped]
|upkeep
|turn|9
|
|t:|1784719260
|move|p2a: Toxapex|Baneful Bunker|p2a: Toxapex
|-singleturn|p2a: Toxapex|move: Protect
|move|p1a: Sneasler|Dire Claw|p2b: Charizard
|-damage|p2b: Charizard|32/100
|-status|p2b: Charizard|psn|[from] ability: Poison Touch|[of] p1a: Sneasler
|-damage|p1a: Sneasler|49/100|[from] item: Life Orb
|move|p1b: Floette|Moonblast|p2b: Charizard
|-resisted|p2b: Charizard|1
|-damage|p2b: Charizard|6/100 psn
|move|p2b: Charizard|Heat Wave|p1a: Sneasler|[spread] p1b
|-miss|p2b: Charizard|p1a: Sneasler
|-damage|p1b: Floette|13/100 tox
|
|-weather|SunnyDay|[upkeep]
|-heal|p2a: Toxapex|82/100 par|[from] item: Leftovers
|-damage|p1b: Floette|1/100 tox|[from] psn
|-damage|p2b: Charizard|0 fnt|[from] psn
|faint|p2b: Charizard
|-damage|p1a: Sneasler|37/100|[from] move: Infestation|[partiallytrapped]
|upkeep
|turn|10
|
|t:|1784719278
|cant|p2a: Toxapex|par
|move|p1a: Sneasler|Close Combat|p2a: Toxapex
|-resisted|p2a: Toxapex|1
|-damage|p2a: Toxapex|55/100 par
|-unboost|p1a: Sneasler|def|1
|-unboost|p1a: Sneasler|spd|1
|-damage|p1a: Sneasler|28/100|[from] item: Life Orb
|move|p1b: Floette|Moonblast|p2a: Toxapex
|-resisted|p2a: Toxapex|1
|-damage|p2a: Toxapex|29/100 par
|
|-weather|SunnyDay|[upkeep]
|-heal|p2a: Toxapex|35/100 par|[from] item: Leftovers
|-damage|p1b: Floette|0 fnt|[from] psn
|faint|p1b: Floette
|-damage|p1a: Sneasler|16/100|[from] move: Infestation|[partiallytrapped]
|upkeep
|
|t:|1784719283
|switch|p1b: Hydreigon|Hydreigon, L50, M|100/100
|turn|11
|
|t:|1784719288
|move|p1b: Hydreigon|Earth Power|p2a: Toxapex
|-supereffective|p2a: Toxapex|1
|-damage|p2a: Toxapex|0 fnt
|faint|p2a: Toxapex
|
|win|Gurrasnurra5
|raw|Gurrasnurra5's rating: 1326 → 1341(+15 for winning)
|raw|new mental's rating: 1230 → 1212(-18 for losing)
