|j|☆sky yeh
|j|☆Ted725
|html|sky yehTed725    
|uhtml|bestof|Game 3 of a best-of-3
|t:|1782747063
|gametype|doubles
|player|p1|sky yeh|perrin|1185
|player|p2|Ted725|steven|1080
|gen|9
|tier|[Gen 9 Champions] VGC 2026 Reg M-B (Bo3)
|rated|
|rule|Species Clause: Limit one of each Pokémon
|rule|Item Clause: Limit 1 of each item
|clearpoke
|poke|p1|Charizard, L50, M, shiny|
|poke|p1|Metagross, L50, shiny|
|poke|p1|Garchomp, L50, M, shiny|
|poke|p1|Basculegion, L50, M, shiny|
|poke|p1|Sylveon, L50, F, shiny|
|poke|p1|Whimsicott, L50, F, shiny|
|poke|p2|Blaziken, L50, F|
|poke|p2|Whimsicott, L50, F|
|poke|p2|Garchomp, L50, M|
|poke|p2|Basculegion, L50, M|
|poke|p2|Gholdengo, L50|
|poke|p2|Milotic, L50, F|
|teampreview|4
|showteam|p1|Charizard||CharizarditeY|Blaze|WeatherBall,HeatWave,SolarBeam,Protect|Modest||M|||50|]Metagross||Metagrossite|ClearBody|PsychicFangs,IronHead,BulletPunch,Protect|Adamant|||||50|]Garchomp||SitrusBerry|RoughSkin|DragonClaw,StompingTantrum,RockSlide,Protect|Adamant||M|||50|]Basculegion||LifeOrb|Adaptability|LastRespects,WaveCrash,AquaJet,Protect|Jolly||M|||50|]Sylveon||FairyFeather|Pixilate|HyperBeam,HyperVoice,QuickAttack,Detect|Modest||F|||50|]Whimsicott||FocusSash|Prankster|Moonblast,Tailwind,Encore,Protect|Timid||F|||50|
|showteam|p2|Blaziken||Blazikenite|SpeedBoost|Protect,KnockOff,FlareBlitz,CloseCombat|Jolly||F|||50|]Whimsicott||FocusSash|Prankster|Tailwind,Protect,Moonblast,Encore|Modest||F|||50|]Garchomp||SitrusBerry|RoughSkin|RockSlide,StompingTantrum,DragonClaw,Protect|Adamant||M|||50|]Basculegion||MysticWater|Adaptability|Protect,WaveCrash,AquaJet,LastRespects|Adamant||M|||50|]Gholdengo||LifeOrb|GoodasGold|NastyPlot,Protect,MakeItRain,ShadowBall|Modest|||||50|]Milotic||Leftovers|Competitive|MuddyWater,Protect,Recover,IcyWind|Modest||F|||50|
|inactive|Battle timer is ON: inactive players will automatically lose when time's up. (requested by Ted725)
|inactive|sky yeh has 60 seconds left.
|
|t:|1782747119
|teamsize|p1|4
|teamsize|p2|4
|start
|switch|p1a: Whimsicott|Whimsicott, L50, F, shiny|100/100
|switch|p1b: Charizard|Charizard, L50, M, shiny|100/100
|switch|p2a: Whimsicott|Whimsicott, L50, F|100/100
|switch|p2b: Garchomp|Garchomp, L50, M|100/100
|turn|1
|
|t:|1782747138
|move|p1b: Charizard|Protect|p1b: Charizard
|-singleturn|p1b: Charizard|Protect
|move|p1a: Whimsicott|Tailwind|p1a: Whimsicott
|-sidestart|p1: sky yeh|move: Tailwind
|move|p2a: Whimsicott|Tailwind|p2a: Whimsicott
|-sidestart|p2: Ted725|move: Tailwind
|move|p2b: Garchomp|Rock Slide|p1b: Charizard|[spread] p1a
|-activate|p1b: Charizard|move: Protect
|-damage|p1a: Whimsicott|67/100
|
|upkeep
|turn|2
|
|t:|1782747153
|switch|p2a: Basculegion|Basculegion, L50, M|100/100
|switch|p1b: Metagross|Metagross, L50, shiny|100/100
|move|p1a: Whimsicott|Encore|p2b: Garchomp
|-start|p2b: Garchomp|Encore
|move|p2b: Garchomp|Rock Slide|p1a: Whimsicott|[spread] p1a,p1b
|-resisted|p1b: Metagross|1
|-damage|p1a: Whimsicott|34/100
|-damage|p1b: Metagross|92/100
|
|upkeep
|turn|3
|inactive|Ted725 has 30 seconds left.
|inactive|Ted725 has 20 seconds left.
|inactive|Ted725 has 15 seconds left.
|
|t:|1782747196
|detailschange|p1b: Metagross|Metagross-Mega, L50, shiny
|-mega|p1b: Metagross|Metagross|Metagrossite
|move|p2a: Basculegion|Protect|p2a: Basculegion
|-singleturn|p2a: Basculegion|Protect
|move|p1a: Whimsicott|Moonblast|p2a: Basculegion
|-activate|p2a: Basculegion|move: Protect
|move|p1b: Metagross|Psychic Fangs|p2a: Basculegion
|-activate|p2a: Basculegion|move: Protect
|move|p2b: Garchomp|Rock Slide|p1b: Metagross|[spread] p1a,p1b
|-resisted|p1b: Metagross|1
|-damage|p1a: Whimsicott|2/100
|-damage|p1b: Metagross|85/100
|
|upkeep
|turn|4
|
|t:|1782747219
|switch|p2a: Whimsicott|Whimsicott, L50, F|100/100
|move|p1a: Whimsicott|Protect|p1a: Whimsicott
|-singleturn|p1a: Whimsicott|Protect
|move|p1b: Metagross|Psychic Fangs|p2b: Garchomp
|-damage|p2b: Garchomp|42/100
|-damage|p1b: Metagross|72/100|[from] ability: Rough Skin|[of] p2b: Garchomp
|-enditem|p2b: Garchomp|Sitrus Berry|[eat]
|-heal|p2b: Garchomp|67/100|[from] item: Sitrus Berry
|move|p2b: Garchomp|Rock Slide|p1b: Metagross|[spread] p1b
|-activate|p1a: Whimsicott|move: Protect
|-resisted|p1b: Metagross|1
|-damage|p1b: Metagross|65/100
|
|-end|p2b: Garchomp|Encore
|-sideend|p1: sky yeh|move: Tailwind
|-sideend|p2: Ted725|move: Tailwind
|upkeep
|turn|5
|
|t:|1782747244
|move|p1a: Whimsicott|Tailwind|p1a: Whimsicott
|-sidestart|p1: sky yeh|move: Tailwind
|move|p2a: Whimsicott|Tailwind|p2a: Whimsicott
|-sidestart|p2: Ted725|move: Tailwind
|move|p1b: Metagross|Psychic Fangs|p2b: Garchomp
|-damage|p2b: Garchomp|12/100
|-damage|p1b: Metagross|53/100|[from] ability: Rough Skin|[of] p2b: Garchomp
|move|p2b: Garchomp|Stomping Tantrum|p1b: Metagross
|-supereffective|p1b: Metagross|1
|-damage|p1b: Metagross|0 fnt
|faint|p1b: Metagross
|
|upkeep
|
|t:|1782747253
|switch|p1b: Basculegion|Basculegion, L50, M, shiny|100/100
|turn|6
|
|t:|1782747271
|switch|p2a: Basculegion|Basculegion, L50, M|100/100
|move|p2b: Garchomp|Protect|p2b: Garchomp
|-singleturn|p2b: Garchomp|Protect
|move|p1a: Whimsicott|Encore||[still]
|-fail|p1a: Whimsicott
|move|p1b: Basculegion|Aqua Jet|p2b: Garchomp
|-activate|p2b: Garchomp|move: Protect
|
|upkeep
|turn|7
|inactive|sky yeh has 30 seconds left.
|inactive|sky yeh has 20 seconds left.
|inactive|sky yeh has 15 seconds left.
|inactive|sky yeh has 10 seconds left.
|
|t:|1782747317
|switch|p2b: Whimsicott|Whimsicott, L50, F|100/100
|move|p1a: Whimsicott|Protect|p1a: Whimsicott
|-singleturn|p1a: Whimsicott|Protect
|move|p1b: Basculegion|Protect|p1b: Basculegion
|-singleturn|p1b: Basculegion|Protect
|move|p2a: Basculegion|Aqua Jet|p1a: Whimsicott
|-activate|p1a: Whimsicott|move: Protect
|
|upkeep
|turn|8
|inactive|sky yeh has 30 seconds left.
|
|t:|1782747349
|switch|p1b: Charizard|Charizard, L50, M, shiny|100/100
|move|p1a: Whimsicott|Encore|p2a: Basculegion
|-start|p2a: Basculegion|Encore
|move|p2b: Whimsicott|Encore||[still]
|-fail|p2b: Whimsicott
|move|p2a: Basculegion|Aqua Jet|p1a: Whimsicott
|-resisted|p1a: Whimsicott|1
|-damage|p1a: Whimsicott|0 fnt
|faint|p1a: Whimsicott
|
|-sideend|p1: sky yeh|move: Tailwind
|-sideend|p2: Ted725|move: Tailwind
|upkeep
|
|t:|1782747350
|switch|p1a: Basculegion|Basculegion, L50, M, shiny|100/100
|turn|9
|inactive|sky yeh has 30 seconds left.
|inactive|Ted725 has 30 seconds left.
|inactive|sky yeh has 20 seconds left.
|inactive|sky yeh has 15 seconds left.
|inactive|sky yeh has 10 seconds left.
|
|t:|1782747397
|switch|p2a: Garchomp|Garchomp, L50, M|12/100
|move|p2b: Whimsicott|Tailwind|p2b: Whimsicott
|-sidestart|p2: Ted725|move: Tailwind
|move|p1a: Basculegion|Last Respects|p2b: Whimsicott
|-enditem|p2b: Whimsicott|Focus Sash
|-damage|p2b: Whimsicott|1/100
|-damage|p1a: Basculegion|90/100|[from] item: Life Orb
|move|p1b: Charizard|Weather Ball|p2a: Garchomp
|-damage|p2a: Garchomp|0 fnt
|faint|p2a: Garchomp
|
|upkeep
|-message|sky yeh forfeited.
|
|win|Ted725
|raw|sky yeh's rating: 1185 → 1153(-32 for losing)
|raw|Ted725's rating: 1080 → 1116(+36 for winning)
|l|☆sky yeh
|player|p1|
|j|☆sky yeh
|player|p1|sky yeh|perrin|
