|j|☆rancidspy
|j|☆duraflameusa
|html|rancidspyduraflameusa    
|uhtml|bestof|Game 3 of a best-of-3
|t:|1786009511
|gametype|doubles
|player|p1|rancidspy|1|1134
|player|p2|duraflameusa|byron|1070
|gen|9
|tier|[Gen 9 Champions] VGC 2026 Reg M-B (Bo3)
|rated|
|rule|Species Clause: Limit one of each Pokémon
|rule|Item Clause: Limit 1 of each item
|clearpoke
|poke|p1|Staraptor, L50, M|
|poke|p1|Mamoswine, L50, F|
|poke|p1|Bellibolt, L50, M|
|poke|p1|Sinistcha, L50|
|poke|p1|Grimmsnarl, L50, M|
|poke|p1|Ceruledge, L50, F|
|poke|p2|Gengar, L50, F|
|poke|p2|Politoed, L50, M|
|poke|p2|Incineroar, L50, M|
|poke|p2|Archaludon, L50, M|
|poke|p2|Swampert, L50, F|
|poke|p2|Vivillon-Pokeball, L50, M|
|teampreview|4
|showteam|p1|Staraptor||Staraptite|Intimidate|BraveBird,CloseCombat,Tailwind,Protect|Jolly||M|||50|]Mamoswine||FocusSash|Oblivious|IceShard,HighHorsepower,RockTomb,Protect|Adamant||F|||50|]Bellibolt||Leftovers|Electromorphosis|MuddyWater,Thunderbolt,ParabolicCharge,SlackOff|Modest||M|||50|]Sinistcha||KasibBerry|Hospitality|MatchaGotcha,RagePowder,TrickRoom,Protect|Bold|||||50|]Grimmsnarl||LightClay|Prankster|SpiritBreak,Reflect,LightScreen,PartingShot|Impish||M|||50|]Ceruledge||ColburBerry|FlashFire|ShadowSneak,BitterBlade,BulkUp,Protect|Serious||F|||50|
|showteam|p2|Gengar||Gengarite|CursedBody|ShadowBall,SludgeBomb,Disable,Protect|Bold||F|||50|]Politoed||SitrusBerry|Drizzle|PerishSong,Encore,MuddyWater,Protect|Calm||M|||50|]Incineroar||PasshoBerry|Intimidate|FakeOut,DarkestLariat,PartingShot,Protect|Careful||M|||50|]Archaludon||Leftovers|Stamina|ElectroShot,DracoMeteor,FlashCannon,Protect|Timid||M|||50|]Swampert||Swampertite|Damp|Earthquake,WaveCrash,StompingTantrum,Protect|Adamant||F|||50|]Vivillon-Pokeball||ChoiceScarf|CompoundEyes|SleepPowder,Tailwind,PollenPuff,RainDance|Timid||M|||50|
|
|t:|1786009584
|teamsize|p1|4
|teamsize|p2|4
|start
|switch|p1a: Grimmsnarl|Grimmsnarl, L50, M|100/100
|switch|p1b: Bellibolt|Bellibolt, L50, M|100/100
|switch|p2a: Vivillon|Vivillon-Pokeball, L50, M|100/100
|switch|p2b: Incineroar|Incineroar, L50, M|100/100
|-ability|p2b: Incineroar|Intimidate|boost
|-unboost|p1a: Grimmsnarl|atk|1
|-unboost|p1b: Bellibolt|atk|1
|turn|1
|inactive|Battle timer is ON: inactive players will automatically lose when time's up. (requested by rancidspy)
|
|t:|1786009611
|switch|p1a: Sinistcha|Sinistcha, L50|100/100
|move|p2a: Vivillon|Sleep Powder|p1b: Bellibolt
|-status|p1b: Bellibolt|slp|[from] move: Sleep Powder
|move|p2b: Incineroar|Parting Shot|p1a: Sinistcha
|-unboost|p1a: Sinistcha|atk|1
|-unboost|p1a: Sinistcha|spa|1
|
|t:|1786009618
|switch|p2b: Gengar|Gengar, L50, F|100/100|[from] Parting Shot
|cant|p1b: Bellibolt|slp
|
|upkeep
|turn|2
|
|t:|1786009634
|switch|p2a: Incineroar|Incineroar, L50, M|100/100
|-ability|p2a: Incineroar|Intimidate|boost
|-unboost|p1a: Sinistcha|atk|1
|-unboost|p1b: Bellibolt|atk|1
|detailschange|p2b: Gengar|Gengar-Mega, L50, F
|-mega|p2b: Gengar|Gengar|Gengarite
|move|p2b: Gengar|Shadow Ball|p1a: Sinistcha
|-supereffective|p1a: Sinistcha|1
|-enditem|p1a: Sinistcha|Kasib Berry|[eat]
|-enditem|p1a: Sinistcha|Kasib Berry|[weaken]
|-damage|p1a: Sinistcha|56/100
|-curestatus|p1b: Bellibolt|slp|[msg]
|move|p1b: Bellibolt|Thunderbolt|p2a: Incineroar
|-damage|p2a: Incineroar|67/100
|move|p1a: Sinistcha|Trick Room|p1a: Sinistcha
|-fieldstart|move: Trick Room|[of] p1a: Sinistcha
|
|upkeep
|turn|3
|inactive|rancidspy has 30 seconds left.
|inactive|rancidspy has 20 seconds left.
|
|t:|1786009673
|move|p1a: Sinistcha|Protect|p1a: Sinistcha
|-singleturn|p1a: Sinistcha|Protect
|move|p2a: Incineroar|Fake Out|p1b: Bellibolt
|-damage|p1b: Bellibolt|91/100
|-start|p1b: Bellibolt|Charge|Fake Out|[from] ability: Electromorphosis
|cant|p1b: Bellibolt|flinch
|-end|p1b: Bellibolt|Charge|[silent]
|move|p2b: Gengar|Sludge Bomb|p1b: Bellibolt
|-damage|p1b: Bellibolt|40/100
|-start|p1b: Bellibolt|Charge|Sludge Bomb|[from] ability: Electromorphosis
|
|-heal|p1b: Bellibolt|46/100|[from] item: Leftovers
|upkeep
|turn|4
|
|t:|1786009693
|move|p2b: Gengar|Protect|p2b: Gengar
|-singleturn|p2b: Gengar|Protect
|move|p1b: Bellibolt|Thunderbolt|p2b: Gengar
|-activate|p2b: Gengar|move: Protect
|-end|p1b: Bellibolt|Charge|[silent]
|move|p2a: Incineroar|Darkest Lariat|p1a: Sinistcha
|-supereffective|p1a: Sinistcha|1
|-damage|p1a: Sinistcha|0 fnt
|faint|p1a: Sinistcha
|
|-heal|p1b: Bellibolt|52/100|[from] item: Leftovers
|upkeep
|
|t:|1786009703
|switch|p1a: Staraptor|Staraptor, L50, M|100/100
|-ability|p1a: Staraptor|Intimidate|boost
|-unboost|p2a: Incineroar|atk|1
|-unboost|p2b: Gengar|atk|1
|turn|5
|
|t:|1786009715
|switch|p2b: Vivillon|Vivillon-Pokeball, L50, M|100/100
|detailschange|p1a: Staraptor|Staraptor-Mega, L50, M
|-mega|p1a: Staraptor|Staraptor|Staraptite
|move|p1b: Bellibolt|Slack Off|p1b: Bellibolt
|-heal|p1b: Bellibolt|100/100
|move|p2a: Incineroar|Parting Shot|p1b: Bellibolt
|-unboost|p1b: Bellibolt|atk|1
|-unboost|p1b: Bellibolt|spa|1
|
|t:|1786009727
|switch|p2a: Gengar|Gengar-Mega, L50, F|100/100|[from] Parting Shot
|move|p1a: Staraptor|Brave Bird|p2b: Vivillon
|-supereffective|p2b: Vivillon|1
|-damage|p2b: Vivillon|0 fnt
|faint|p2b: Vivillon
|-damage|p1a: Staraptor|67/100|[from] Recoil
|
|upkeep
|
|t:|1786009733
|switch|p2b: Politoed|Politoed, L50, M|100/100
|-weather|RainDance|[from] ability: Drizzle|[of] p2b: Politoed
|turn|6
|inactive|rancidspy has 30 seconds left.
|
|t:|1786009765
|move|p2b: Politoed|Protect|p2b: Politoed
|-singleturn|p2b: Politoed|Protect
|move|p2a: Gengar|Protect|p2a: Gengar
|-singleturn|p2a: Gengar|Protect
|move|p1b: Bellibolt|Thunderbolt|p2b: Politoed
|-activate|p2b: Politoed|move: Protect
|move|p1a: Staraptor|Tailwind|p1a: Staraptor
|-sidestart|p1: rancidspy|move: Tailwind
|
|-weather|RainDance|[upkeep]
|-fieldend|move: Trick Room
|upkeep
|turn|7
|inactive|duraflameusa has 30 seconds left.
|
|t:|1786009792
|move|p1a: Staraptor|Close Combat|p2b: Politoed
|-damage|p2b: Politoed|35/100
|-boost|p1a: Staraptor|def|1
|-boost|p1a: Staraptor|spd|1
|-enditem|p2b: Politoed|Sitrus Berry|[eat]
|-heal|p2b: Politoed|60/100|[from] item: Sitrus Berry
|move|p2a: Gengar|Disable|p1b: Bellibolt
|-start|p1b: Bellibolt|Disable|Thunderbolt
|cant|p1b: Bellibolt|Disable|Thunderbolt
|move|p2b: Politoed|Encore|p1b: Bellibolt
|-start|p1b: Bellibolt|Encore
|
|-weather|RainDance|[upkeep]
|upkeep
|turn|8
|inactive|rancidspy has 30 seconds left.
|inactive|duraflameusa has 30 seconds left.
|inactive|rancidspy has 20 seconds left.
|inactive|duraflameusa has 20 seconds left.
|inactive|rancidspy has 15 seconds left.
|inactive|duraflameusa has 15 seconds left.
|
|t:|1786009834
|move|p2b: Politoed|Protect|p2b: Politoed
|-singleturn|p2b: Politoed|Protect
|move|p1a: Staraptor|Close Combat|p2b: Politoed
|-activate|p2b: Politoed|move: Protect
|move|p2a: Gengar|Sludge Bomb|p1a: Staraptor
|-damage|p1a: Staraptor|34/100
|-activate|p1b: Bellibolt|move: Struggle
|move|p1b: Bellibolt|Struggle|p2b: Politoed
|-activate|p2b: Politoed|move: Protect
|
|-weather|RainDance|[upkeep]
|upkeep
|turn|9
|
|t:|1786009854
|switch|p2b: Incineroar|Incineroar, L50, M|67/100
|-ability|p2b: Incineroar|Intimidate|boost
|-boost|p1a: Staraptor|atk|1
|-unboost|p1b: Bellibolt|atk|1
|move|p1a: Staraptor|Close Combat|p2b: Incineroar
|-supereffective|p2b: Incineroar|1
|-damage|p2b: Incineroar|0 fnt
|-boost|p1a: Staraptor|def|1
|-boost|p1a: Staraptor|spd|1
|faint|p2b: Incineroar
|move|p2a: Gengar|Sludge Bomb|p1a: Staraptor
|-damage|p1a: Staraptor|8/100
|-activate|p1b: Bellibolt|move: Struggle
|move|p1b: Bellibolt|Struggle|p2a: Gengar
|-damage|p2a: Gengar|97/100
|-damage|p1b: Bellibolt|75/100|[from] recoil
|
|-weather|RainDance|[upkeep]
|-heal|p1b: Bellibolt|81/100|[from] item: Leftovers
|-sideend|p1: rancidspy|move: Tailwind
|upkeep
|
|t:|1786009857
|switch|p2b: Politoed|Politoed, L50, M|60/100
|turn|10
|inactive|rancidspy has 30 seconds left.
|inactive|rancidspy has 20 seconds left.
|inactive|rancidspy has 15 seconds left.
|inactive|duraflameusa has 30 seconds left.
|inactive|rancidspy has 10 seconds left.
|
|t:|1786009909
|move|p1a: Staraptor|Brave Bird|p2a: Gengar
|-damage|p2a: Gengar|13/100
|-damage|p1a: Staraptor|0 fnt|[from] Recoil
|faint|p1a: Staraptor
|move|p2a: Gengar|Sludge Bomb|p1b: Bellibolt
|-damage|p1b: Bellibolt|33/100
|-start|p1b: Bellibolt|Charge|Sludge Bomb|[from] ability: Electromorphosis
|move|p2b: Politoed|Muddy Water|p1b: Bellibolt
|-crit|p1b: Bellibolt
|-damage|p1b: Bellibolt|0 fnt
|faint|p1b: Bellibolt
|
|-weather|none
|upkeep
|l|☆rancidspy
|inactive|rancidspy disconnected and has a minute to reconnect!
|player|p1|
|c|☆duraflameusa|gg
|inactive|rancidspy has 30 seconds left.
|inactive|rancidspy has 20 seconds left.
|inactive|rancidspy has 15 seconds left.
|inactive|rancidspy has 10 seconds left.
|inactive|rancidspy has 5 seconds left.
|-message|rancidspy lost due to inactivity.
|
|win|duraflameusa
|raw|rancidspy's rating: 1134 → 1104(-30 for losing)
|raw|duraflameusa's rating: 1070 → 1105(+35 for winning)
|c|☆duraflameusa|i really hope i made this person mad todaay
