|j|☆johan seong krk
|j|☆AustinMcballs
|html|johan seong krkAustinMcballs    
|uhtml|bestof|Game 2 of a best-of-3
|t:|1786124601
|gametype|doubles
|player|p1|johan seong krk|proton|
|player|p2|AustinMcballs|ortega|
|gen|9
|tier|[Gen 9 Champions] VGC 2026 Reg M-B (Bo3)
|rule|Species Clause: Limit one of each Pokémon
|rule|Item Clause: Limit 1 of each item
|clearpoke
|poke|p1|Kingambit, L50, M|
|poke|p1|Dragonite, L50, F|
|poke|p1|Sneasler, L50, F|
|poke|p1|Basculegion, L50, M|
|poke|p1|Whimsicott, L50, F|
|poke|p1|Floette-Eternal, L50, F|
|poke|p2|Raichu, L50, F|
|poke|p2|Ninetales-Alola, L50, F|
|poke|p2|Kingambit, L50, F, shiny|
|poke|p2|Garchomp, L50, M|
|poke|p2|Sinistcha, L50|
|poke|p2|Aerodactyl, L50, F|
|teampreview|4
|showteam|p1|Kingambit||BlackGlasses|Defiant|KowtowCleave,IronHead,SuckerPunch,Protect|Adamant||M|||50|]Dragonite||Dragoninite|Multiscale|DragonPulse,AirSlash,Thunderbolt,Protect|Timid||F|||50|]Sneasler||WhiteHerb|Unburden|CloseCombat,DireClaw,FakeOut,Protect|Jolly||F|||50|]Basculegion||LifeOrb|Adaptability|LastRespects,WaveCrash,AquaJet,Protect|Adamant||M|||50|]Whimsicott||FocusSash|Prankster|Moonblast,Protect,Encore,Tailwind|Timid||F|||50|]Floette-Eternal||Floettite|FlowerVeil|DazzlingGleam,Moonblast,CalmMind,Protect|Modest||F|||50|
|showteam|p2|Raichu||RaichuniteY|LightningRod|ZapCannon,FocusBlast,FakeOut,Protect|Timid||F|||50|]Ninetales-Alola||LifeOrb|SnowWarning|Moonblast,Blizzard,Encore,Protect|Timid||F|||50|]Kingambit||BlackGlasses|Defiant|KowtowCleave,SuckerPunch,IronHead,Protect|Adamant||F|||50|]Garchomp||SitrusBerry|RoughSkin|StompingTantrum,DragonClaw,SwordsDance,Protect|Adamant||M|||50|]Sinistcha||FocusSash|Hospitality|MatchaGotcha,ShadowBall,RagePowder,Protect|Modest|||||50|]Aerodactyl||Aerodactylite|Unnerve|RockSlide,DualWingbeat,Tailwind,Protect|Jolly||F|||50|
|inactive|Battle timer is ON: inactive players will automatically lose when time's up. (requested by AustinMcballs)
|j| Hawkc10ie
|inactive|johan seong krk has 60 seconds left.
|
|t:|1786124633
|teamsize|p1|4
|teamsize|p2|4
|start
|switch|p1a: Whimsicott|Whimsicott, L50, F|100/100
|switch|p1b: Basculegion|Basculegion, L50, M|100/100
|switch|p2a: Raichu|Raichu, L50, F|100/100
|switch|p2b: Aerodactyl|Aerodactyl, L50, F|100/100
|-ability|p2b: Aerodactyl|Unnerve
|turn|1
|j| nezk025
|
|t:|1786124654
|detailschange|p2a: Raichu|Raichu-Mega-Y, L50, F
|-mega|p2a: Raichu|Raichu|Raichunite Y
|move|p1a: Whimsicott|Tailwind|p1a: Whimsicott
|-sidestart|p1: johan seong krk|move: Tailwind
|move|p1b: Basculegion|Wave Crash|p2a: Raichu
|-damage|p2a: Raichu|0 fnt
|faint|p2a: Raichu
|-damage|p1b: Basculegion|77/100|[from] Recoil
|-damage|p1b: Basculegion|67/100|[from] item: Life Orb
|move|p2b: Aerodactyl|Dual Wingbeat|p1a: Whimsicott
|-supereffective|p1a: Whimsicott|1
|-damage|p1a: Whimsicott|51/100
|-supereffective|p1a: Whimsicott|1
|-damage|p1a: Whimsicott|0 fnt
|faint|p1a: Whimsicott
|-hitcount|p1: Whimsicott|2
|
|upkeep
|
|t:|1786124675
|switch|p2a: Kingambit|Kingambit, L50, F, shiny|100/100
|switch|p1a: Floette|Floette-Eternal, L50, F|100/100
|turn|2
|inactive|johan seong krk has 30 seconds left.
|inactive|johan seong krk has 20 seconds left.
|inactive|johan seong krk has 15 seconds left.
|
|t:|1786124719
|detailschange|p1a: Floette|Floette-Mega, L50, F
|-mega|p1a: Floette|Floette|Floettite
|-ability|p1a: Floette|Fairy Aura
|move|p1b: Basculegion|Aqua Jet|p2a: Kingambit
|-damage|p2a: Kingambit|74/100
|-damage|p1b: Basculegion|57/100|[from] item: Life Orb
|move|p2a: Kingambit|Sucker Punch||[still]
|-fail|p2a: Kingambit
|move|p1a: Floette|Moonblast|p2a: Kingambit
|-damage|p2a: Kingambit|3/100
|move|p2b: Aerodactyl|Tailwind|p2b: Aerodactyl
|-sidestart|p2: AustinMcballs|move: Tailwind
|
|upkeep
|turn|3
|inactive|AustinMcballs has 30 seconds left.
|
|t:|1786124745
|move|p2b: Aerodactyl|Protect|p2b: Aerodactyl
|-singleturn|p2b: Aerodactyl|Protect
|move|p2a: Kingambit|Protect|p2a: Kingambit
|-singleturn|p2a: Kingambit|Protect
|move|p1b: Basculegion|Aqua Jet|p2b: Aerodactyl
|-activate|p2b: Aerodactyl|move: Protect
|move|p1a: Floette|Dazzling Gleam|p2a: Kingambit|[spread] 
|-activate|p2a: Kingambit|move: Protect
|-activate|p2b: Aerodactyl|move: Protect
|
|upkeep
|turn|4
|
|t:|1786124756
|switch|p2a: Ninetales|Ninetales-Alola, L50, F|100/100
|-weather|Snowscape|[from] ability: Snow Warning|[of] p2a: Ninetales
|move|p1b: Basculegion|Aqua Jet|p2b: Aerodactyl
|-supereffective|p2b: Aerodactyl|1
|-damage|p2b: Aerodactyl|0 fnt
|faint|p2b: Aerodactyl
|-damage|p1b: Basculegion|48/100|[from] item: Life Orb
|move|p1a: Floette|Dazzling Gleam|p2a: Ninetales
|-damage|p2a: Ninetales|21/100
|
|-weather|Snowscape|[upkeep]
|-sideend|p1: johan seong krk|move: Tailwind
|upkeep
|
|t:|1786124762
|switch|p2b: Kingambit|Kingambit, L50, F, shiny|3/100
|turn|5
|
|t:|1786124778
|move|p2b: Kingambit|Sucker Punch|p1b: Basculegion
|-supereffective|p1b: Basculegion|1
|-crit|p1b: Basculegion
|-damage|p1b: Basculegion|0 fnt
|faint|p1b: Basculegion
|move|p2a: Ninetales|Moonblast|p1a: Floette
|-damage|p1a: Floette|45/100
|-damage|p2a: Ninetales|12/100|[from] item: Life Orb
|move|p1a: Floette|Dazzling Gleam|p2b: Kingambit|[spread] p2a,p2b
|-damage|p2a: Ninetales|0 fnt
|-damage|p2b: Kingambit|0 fnt
|faint|p2a: Ninetales
|faint|p2b: Kingambit
|
|win|johan seong krk
||AustinMcballs is ready for game 3.
|inactive|johan seong krk has 30 seconds to confirm battle start!
||johan seong krk is ready for game 3.
|uhtml|next|Next: Game 3 of 3
|l| Hawkc10ie
|l|☆johan seong krk
|player|p1|
|l| nezk025
