|j|☆RajSpeedTieDesai
|j|☆AirBloom
|html|RajSpeedTieDesaiAirBloom    
|uhtml|bestof|Game 2 of a best-of-3
|t:|1783167547
|gametype|doubles
|player|p1|RajSpeedTieDesai|170|1251
|player|p2|AirBloom|sabrina|1168
|gen|9
|tier|[Gen 9 Champions] VGC 2026 Reg M-B (Bo3)
|rated|
|rule|Species Clause: Limit one of each Pokémon
|rule|Item Clause: Limit 1 of each item
|clearpoke
|poke|p1|Gengar, L50, M|
|poke|p1|Sylveon, L50, F|
|poke|p1|Incineroar, L50, M|
|poke|p1|Politoed, L50, F|
|poke|p1|Archaludon, L50, M|
|poke|p1|Vivillon, L50, F|
|poke|p2|Pelipper, L50, F|
|poke|p2|Archaludon, L50, F|
|poke|p2|Sneasler, L50, F|
|poke|p2|Swampert, L50, F|
|poke|p2|Venusaur, L50, F|
|poke|p2|Grimmsnarl, L50, M, shiny|
|teampreview|4
|showteam|p1|Gengar||Gengarite|CursedBody|ShadowBall,PerishSong,SludgeBomb,Protect|Timid||M|||50|]Sylveon||FairyFeather|Pixilate|HyperVoice,HyperBeam,Yawn,Detect|Modest||F|||50|]Incineroar||PasshoBerry|Intimidate|DarkestLariat,PartingShot,FakeOut,Protect|Sassy||M|||50|]Politoed||SitrusBerry|Drizzle|WeatherBall,PerishSong,Encore,Protect|Calm||F|||50|]Archaludon||Leftovers|Stamina|DragonPulse,FlashCannon,ElectroShot,Protect|Bold||M|||50|]Vivillon||FocusSash|CompoundEyes|Hurricane,SleepPowder,RagePowder,Protect|Timid||F|||50|
|showteam|p2|Pelipper||SitrusBerry|Drizzle|Hurricane,WeatherBall,Tailwind,WideGuard|Timid||F|||50|]Archaludon||Leftovers|Stamina|DragonPulse,FlashCannon,ElectroShot,Protect|Modest||F|||50|]Sneasler||FocusSash|PoisonTouch|FakeOut,CloseCombat,Protect,DireClaw|Adamant||F|||50|]Swampert||Swampertite|Damp|WaveCrash,Earthquake,FlipTurn,Protect|Adamant||F|||50|]Venusaur||Venusaurite|Overgrow|GigaDrain,Protect,LeechSeed,SludgeBomb|Modest||F|||50|]Grimmsnarl||LightClay|Prankster|Reflect,LightScreen,PartingShot,SpiritBreak|Careful||M|||50|
|inactive|Battle timer is ON: inactive players will automatically lose when time's up. (requested by RajSpeedTieDesai)
|inactive|AirBloom has 60 seconds left.
|
|t:|1783167588
|teamsize|p1|4
|teamsize|p2|4
|start
|switch|p1a: Incineroar|Incineroar, L50, M|100/100
|switch|p1b: Vivillon|Vivillon, L50, F|100/100
|switch|p2a: Grimmsnarl|Grimmsnarl, L50, M, shiny|100/100
|switch|p2b: Archaludon|Archaludon, L50, F|100/100
|-ability|p1a: Incineroar|Intimidate|boost
|-unboost|p2a: Grimmsnarl|atk|1
|-unboost|p2b: Archaludon|atk|1
|turn|1
|
|t:|1783167606
|move|p1b: Vivillon|Sleep Powder|p2a: Grimmsnarl
|-status|p2a: Grimmsnarl|slp|[from] move: Sleep Powder
|move|p2b: Archaludon|Dragon Pulse|p1b: Vivillon
|-damage|p1b: Vivillon|22/100
|cant|p2a: Grimmsnarl|slp
|move|p1a: Incineroar|Parting Shot|p2b: Archaludon
|-unboost|p2b: Archaludon|atk|1
|-unboost|p2b: Archaludon|spa|1
|
|t:|1783167609
|switch|p1a: Gengar|Gengar, L50, M|100/100|[from] Parting Shot
|
|upkeep
|turn|2
|
|t:|1783167625
|detailschange|p1a: Gengar|Gengar-Mega, L50, M
|-mega|p1a: Gengar|Gengar|Gengarite
|-curestatus|p2a: Grimmsnarl|slp|[msg]
|move|p2a: Grimmsnarl|Parting Shot|p1a: Gengar
|-unboost|p1a: Gengar|atk|1
|-unboost|p1a: Gengar|spa|1
|
|t:|1783167630
|switch|p2a: Pelipper|Pelipper, L50, F|100/100|[from] Parting Shot
|-weather|RainDance|[from] ability: Drizzle|[of] p2a: Pelipper
|move|p1a: Gengar|Sludge Bomb|p2a: Pelipper
|-damage|p2a: Pelipper|42/100
|-enditem|p2a: Pelipper|Sitrus Berry|[eat]
|-heal|p2a: Pelipper|67/100|[from] item: Sitrus Berry
|move|p1b: Vivillon|Sleep Powder|p2b: Archaludon
|-status|p2b: Archaludon|slp|[from] move: Sleep Powder
|cant|p2b: Archaludon|slp
|
|-weather|RainDance|[upkeep]
|upkeep
|turn|3
|
|t:|1783167649
|move|p1a: Gengar|Perish Song|p1a: Gengar
|-start|p1a: Gengar|perish3|[silent]
|-start|p1b: Vivillon|perish3|[silent]
|-start|p2a: Pelipper|perish3|[silent]
|-start|p2b: Archaludon|perish3|[silent]
|-fieldactivate|move: Perish Song
|move|p1b: Vivillon|Sleep Powder|p2a: Pelipper
|-status|p2a: Pelipper|slp|[from] move: Sleep Powder
|cant|p2a: Pelipper|slp
|cant|p2b: Archaludon|slp
|
|-weather|RainDance|[upkeep]
|-start|p1a: Gengar|perish3
|-start|p1b: Vivillon|perish3
|-start|p2a: Pelipper|perish3
|-start|p2b: Archaludon|perish3
|upkeep
|turn|4
|
|t:|1783167665
|switch|p1b: Incineroar|Incineroar, L50, M|100/100
|-ability|p1b: Incineroar|Intimidate|boost
|-unboost|p2a: Pelipper|atk|1
|-unboost|p2b: Archaludon|atk|1
|move|p1a: Gengar|Protect|p1a: Gengar
|-singleturn|p1a: Gengar|Protect
|cant|p2a: Pelipper|slp
|-curestatus|p2b: Archaludon|slp|[msg]
|move|p2b: Archaludon|Electro Shot||[still]
|-prepare|p2b: Archaludon|Electro Shot
|-boost|p2b: Archaludon|spa|1
|-anim|p2b: Archaludon|Electro Shot|p1b: Incineroar
|-damage|p1b: Incineroar|70/100
|
|-weather|RainDance|[upkeep]
|-start|p1a: Gengar|perish2
|-start|p2a: Pelipper|perish2
|-start|p2b: Archaludon|perish2
|upkeep
|turn|5
|
|t:|1783167687
|switch|p1a: Archaludon|Archaludon, L50, M|100/100
|-curestatus|p2a: Pelipper|slp|[msg]
|move|p2a: Pelipper|Weather Ball|p1a: Archaludon
|-resisted|p1a: Archaludon|1
|-damage|p1a: Archaludon|72/100
|-ability|p1a: Archaludon|Stamina|boost
|-boost|p1a: Archaludon|def|1
|move|p2b: Archaludon|Electro Shot||[still]
|-prepare|p2b: Archaludon|Electro Shot
|-boost|p2b: Archaludon|spa|1
|-anim|p2b: Archaludon|Electro Shot|p1a: Archaludon
|-resisted|p1a: Archaludon|1
|-damage|p1a: Archaludon|43/100
|-ability|p1a: Archaludon|Stamina|boost
|-boost|p1a: Archaludon|def|1
|move|p1b: Incineroar|Parting Shot|p2a: Pelipper
|-unboost|p2a: Pelipper|atk|1
|-unboost|p2a: Pelipper|spa|1
|
|t:|1783167694
|switch|p1b: Gengar|Gengar-Mega, L50, M|100/100|[from] Parting Shot
|
|-weather|RainDance|[upkeep]
|-heal|p1a: Archaludon|49/100|[from] item: Leftovers
|-start|p2a: Pelipper|perish1
|-start|p2b: Archaludon|perish1
|upkeep
|turn|6
|
|t:|1783167705
|move|p1b: Gengar|Protect|p1b: Gengar
|-singleturn|p1b: Gengar|Protect
|move|p1a: Archaludon|Protect|p1a: Archaludon
|-singleturn|p1a: Archaludon|Protect
|move|p2a: Pelipper|Tailwind|p2a: Pelipper
|-sidestart|p2: AirBloom|move: Tailwind
|move|p2b: Archaludon|Dragon Pulse|p1a: Archaludon
|-activate|p1a: Archaludon|move: Protect
|
|-weather|none
|-heal|p1a: Archaludon|55/100|[from] item: Leftovers
|-start|p2a: Pelipper|perish0
|-start|p2b: Archaludon|perish0
|faint|p2a: Pelipper
|faint|p2b: Archaludon
|upkeep
|
|t:|1783167710
|switch|p2a: Swampert|Swampert, L50, F|100/100
|switch|p2b: Grimmsnarl|Grimmsnarl, L50, M, shiny|100/100
|turn|7
|
|t:|1783167725
|switch|p1b: Incineroar|Incineroar, L50, M|70/100
|-ability|p1b: Incineroar|Intimidate|boost
|-unboost|p2a: Swampert|atk|1
|-unboost|p2b: Grimmsnarl|atk|1
|detailschange|p2a: Swampert|Swampert-Mega, L50, F
|-mega|p2a: Swampert|Swampert|Swampertite
|move|p2a: Swampert|Earthquake|p1b: Incineroar|[spread] p2b,p1a,p1b
|-supereffective|p1a: Archaludon|1
|-supereffective|p1b: Incineroar|1
|-damage|p2b: Grimmsnarl|64/100
|-damage|p1a: Archaludon|34/100
|-damage|p1b: Incineroar|13/100
|-ability|p1a: Archaludon|Stamina|boost
|-boost|p1a: Archaludon|def|1
|move|p2b: Grimmsnarl|Spirit Break|p1b: Incineroar
|-damage|p1b: Incineroar|0 fnt
|faint|p1b: Incineroar
|move|p1a: Archaludon|Flash Cannon|p2b: Grimmsnarl
|-supereffective|p2b: Grimmsnarl|1
|-damage|p2b: Grimmsnarl|9/100
|
|-heal|p1a: Archaludon|40/100|[from] item: Leftovers
|upkeep
|
|t:|1783167738
|switch|p1b: Vivillon|Vivillon, L50, F|22/100
|turn|8
|
|t:|1783167750
|move|p2a: Swampert|Protect|p2a: Swampert
|-singleturn|p2a: Swampert|Protect
|move|p2b: Grimmsnarl|Spirit Break|p1b: Vivillon
|-damage|p1b: Vivillon|0 fnt
|faint|p1b: Vivillon
|move|p1a: Archaludon|Flash Cannon|p2b: Grimmsnarl
|-supereffective|p2b: Grimmsnarl|1
|-damage|p2b: Grimmsnarl|0 fnt
|faint|p2b: Grimmsnarl
|
|-heal|p1a: Archaludon|46/100|[from] item: Leftovers
|upkeep
|
|t:|1783167752
|switch|p1b: Gengar|Gengar-Mega, L50, M|100/100
|turn|9
|
|t:|1783167759
|move|p2a: Swampert|Earthquake|p1a: Archaludon|[spread] p1a,p1b
|-supereffective|p1a: Archaludon|1
|-supereffective|p1b: Gengar|1
|-crit|p1b: Gengar
|-damage|p1a: Archaludon|30/100
|-damage|p1b: Gengar|0 fnt
|-ability|p1a: Archaludon|Stamina|boost
|-boost|p1a: Archaludon|def|1
|faint|p1b: Gengar
|move|p1a: Archaludon|Dragon Pulse|p2a: Swampert
|-damage|p2a: Swampert|69/100
|
|-heal|p1a: Archaludon|36/100|[from] item: Leftovers
|-sideend|p2: AirBloom|move: Tailwind
|upkeep
|turn|10
|
|t:|1783167770
|move|p1a: Archaludon|Protect|p1a: Archaludon
|-singleturn|p1a: Archaludon|Protect
|move|p2a: Swampert|Earthquake|p1a: Archaludon
|-activate|p1a: Archaludon|move: Protect
|
|-heal|p1a: Archaludon|42/100|[from] item: Leftovers
|upkeep
|turn|11
|
|t:|1783167772
|move|p1a: Archaludon|Dragon Pulse|p2a: Swampert
|-damage|p2a: Swampert|41/100
|move|p2a: Swampert|Earthquake|p1a: Archaludon
|-supereffective|p1a: Archaludon|1
|-damage|p1a: Archaludon|21/100
|-ability|p1a: Archaludon|Stamina|boost
|-boost|p1a: Archaludon|def|1
|
|-heal|p1a: Archaludon|27/100|[from] item: Leftovers
|upkeep
|turn|12
|
|t:|1783167777
|move|p1a: Archaludon|Protect|p1a: Archaludon
|-singleturn|p1a: Archaludon|Protect
|move|p2a: Swampert|Earthquake|p1a: Archaludon
|-activate|p1a: Archaludon|move: Protect
|
|-heal|p1a: Archaludon|33/100|[from] item: Leftovers
|upkeep
|turn|13
|
|t:|1783167779
|move|p1a: Archaludon|Dragon Pulse|p2a: Swampert
|-damage|p2a: Swampert|12/100
|move|p2a: Swampert|Earthquake|p1a: Archaludon
|-supereffective|p1a: Archaludon|1
|-damage|p1a: Archaludon|14/100
|-ability|p1a: Archaludon|Stamina|boost
|-boost|p1a: Archaludon|def|1
|
|-heal|p1a: Archaludon|20/100y|[from] item: Leftovers
|upkeep
|turn|14
|
|t:|1783167782
|move|p1a: Archaludon|Dragon Pulse|p2a: Swampert
|-damage|p2a: Swampert|0 fnt
|faint|p2a: Swampert
|
|win|RajSpeedTieDesai
|raw|RajSpeedTieDesai's rating: 1251 → 1270(+19 for winning)
|raw|AirBloom's rating: 1168 → 1149(-19 for losing)
|l|☆AirBloom
|player|p2|
