|j|☆PatmonVGC
|j|☆frankino98
|html|PatmonVGCfrankino98    
|uhtml|bestof|Game 1 of a best-of-3
|t:|1757846645
|gametype|doubles
|player|p1|PatmonVGC|grusha|1228
|player|p2|frankino98|cynthia|1200
|gen|9
|tier|[Gen 9] VGC 2025 Reg H (Bo3)
|rated|
|rule|Species Clause: Limit one of each Pokémon
|rule|Item Clause: Limit 1 of each item
|clearpoke
|poke|p1|Torkoal, L50, M|
|poke|p1|Delphox, L50, F|
|poke|p1|Indeedee-F, L50, F|
|poke|p1|Sneasler, L50, M|
|poke|p1|Hydreigon, L50, M|
|poke|p1|Ursaluna, L50, M|
|poke|p2|Annihilape, L50, F|
|poke|p2|Sinistcha, L50|
|poke|p2|Maushold-Four, L50|
|poke|p2|Klefki, L50, M|
|poke|p2|Ursaluna-Bloodmoon, L50, M|
|poke|p2|Ninetales-Alola, L50, F|
|teampreview|4
|showteam|p1|Torkoal||Charcoal|Drought|Eruption,HeatWave,HelpingHand,Protect|||M|||50|,,,,,Fire]Delphox||LifeOrb|Blaze|FocusBlast,ExpandingForce,HeatWave,Protect|||F|||50|,,,,,Psychic]Indeedee-F||RockyHelmet|PsychicSurge|Psychic,FollowMe,HelpingHand,TrickRoom|||F|||50|,,,,,Fairy]Sneasler||PsychicSeed|Unburden|DireClaw,CloseCombat,ThroatChop,Protect|||M|||50|,,,,,Dark]Hydreigon||SafetyGoggles|Levitate|HeatWave,DracoMeteor,Tailwind,Protect|||M|||50|,,,,,Fire]Ursaluna||FlameOrb|Guts|Facade,HeadlongRush,Earthquake,Protect|||M|||50|,,,,,Ghost
|showteam|p2|Annihilape||Leftovers|Defiant|Protect,BulkUp,DrainPunch,RageFist|||F|||50|,,,,,Fire]Sinistcha||SitrusBerry|Hospitality|MatchaGotcha,TrickRoom,LifeDew,RagePowder||||||50|,,,,,Water]Maushold-Four||SafetyGoggles|FriendGuard|FollowMe,Taunt,BeatUp,Protect||||||50|,,,,,Ghost]Klefki||LightClay|Prankster|Reflect,LightScreen,MistyTerrain,DazzlingGleam|||M|||50|,,,,,Ghost]Ursaluna-Bloodmoon||AssaultVest|MindsEye|BloodMoon,HyperVoice,EarthPower,VacuumWave|||M|||50|,,,,,Water]Ninetales-Alola||FocusSash|SnowWarning|Protect,Encore,FreezeDry,Blizzard|||F|||50|,,,,,Ghost
|inactive|Battle timer is ON: inactive players will automatically lose when time's up. (requested by PatmonVGC)
|
|t:|1757846671
|teamsize|p1|4
|teamsize|p2|4
|start
|switch|p1a: Indeedee|Indeedee-F, L50, F|100/100
|switch|p1b: Delphox|Delphox, L50, F|100/100
|switch|p2a: Annihilape|Annihilape, L50, F, shiny|100/100
|switch|p2b: Maushold|Maushold-Four, L50|100/100
|-fieldstart|move: Psychic Terrain|[from] ability: Psychic Surge|[of] p1a: Indeedee
|turn|1
|
|t:|1757846690
|-terastallize|p1b: Delphox|Psychic
|move|p1a: Indeedee|Helping Hand|p1b: Delphox
|-singleturn|p1b: Delphox|Helping Hand|[of] p1a: Indeedee
|move|p2a: Annihilape|Protect|p2a: Annihilape
|-singleturn|p2a: Annihilape|Protect
|move|p2b: Maushold|Taunt|p1a: Indeedee
|-start|p1a: Indeedee|move: Taunt
|move|p1b: Delphox|Expanding Force|p2a: Annihilape|[spread] p2b
|-activate|p2a: Annihilape|move: Protect
|-damage|p2b: Maushold|0 fnt
|faint|p2b: Maushold
|-damage|p1b: Delphox|91/100|[from] item: Life Orb
|
|upkeep
|inactive|frankino98 has 30 seconds left.
|
|t:|1757846722
|switch|p2b: Klefki|Klefki, L50, M|100/100
|turn|2
|inactive|PatmonVGC has 30 seconds left.
|inactive|PatmonVGC has 20 seconds left.
|
|t:|1757846757
|switch|p1a: Torkoal|Torkoal, L50, M|100/100
|-weather|SunnyDay|[from] ability: Drought|[of] p1a: Torkoal
|-terastallize|p2a: Annihilape|Fire
|move|p1b: Delphox|Protect|p1b: Delphox
|-singleturn|p1b: Delphox|Protect
|move|p2b: Klefki|Light Screen|p2b: Klefki
|-sidestart|p2: frankino98|move: Light Screen
|move|p2a: Annihilape|Rage Fist|p1b: Delphox
|-activate|p1b: Delphox|move: Protect
|
|-weather|SunnyDay|[upkeep]
|upkeep
|turn|3
|inactive|PatmonVGC has 30 seconds left.
|inactive|frankino98 has 30 seconds left.
|inactive|PatmonVGC has 20 seconds left.
|
|t:|1757846797
|switch|p1b: Indeedee|Indeedee-F, L50, F|100/100
|switch|p1a: Sneasler|Sneasler, L50, M|100/100
|-enditem|p1a: Sneasler|Psychic Seed
|-boost|p1a: Sneasler|spd|1|[from] item: Psychic Seed
|move|p2b: Klefki|Misty Terrain|p2b: Klefki
|-fieldstart|move: Misty Terrain
|move|p2a: Annihilape|Rage Fist|p1b: Indeedee
|-immune|p1b: Indeedee
|
|-weather|SunnyDay|[upkeep]
|upkeep
|turn|4
|
|t:|1757846816
|move|p1b: Indeedee|Follow Me|p1b: Indeedee
|-singleturn|p1b: Indeedee|move: Follow Me
|move|p2b: Klefki|Reflect|p2b: Klefki
|-sidestart|p2: frankino98|Reflect
|move|p1a: Sneasler|Close Combat|p2b: Klefki
|-damage|p2b: Klefki|52/100
|-unboost|p1a: Sneasler|def|1
|-unboost|p1a: Sneasler|spd|1
|move|p2a: Annihilape|Bulk Up|p2a: Annihilape
|-boost|p2a: Annihilape|atk|1
|-boost|p2a: Annihilape|def|1
|
|-weather|SunnyDay|[upkeep]
|upkeep
|turn|5
|inactive|frankino98 has 30 seconds left.
|
|t:|1757846845
|move|p1a: Sneasler|Close Combat|p2b: Klefki
|-damage|p2b: Klefki|0 fnt
|-unboost|p1a: Sneasler|def|1
|-unboost|p1a: Sneasler|spd|1
|faint|p2b: Klefki
|move|p2a: Annihilape|Bulk Up|p2a: Annihilape
|-boost|p2a: Annihilape|atk|1
|-boost|p2a: Annihilape|def|1
|move|p1b: Indeedee|Psychic|p2a: Annihilape
|-damage|p2a: Annihilape|82/100
|
|-weather|SunnyDay|[upkeep]
|-heal|p2a: Annihilape|88/100|[from] item: Leftovers
|upkeep
|
|t:|1757846857
|switch|p2b: Ursaluna|Ursaluna-Bloodmoon, L50, M|100/100
|turn|6
|
|t:|1757846870
|move|p1b: Indeedee|Helping Hand|p1a: Sneasler
|-singleturn|p1a: Sneasler|Helping Hand|[of] p1b: Indeedee
|move|p1a: Sneasler|Close Combat|p2b: Ursaluna
|-supereffective|p2b: Ursaluna
|-damage|p2b: Ursaluna|2/100
|-unboost|p1a: Sneasler|def|1
|-unboost|p1a: Sneasler|spd|1
|move|p2a: Annihilape|Bulk Up|p2a: Annihilape
|-boost|p2a: Annihilape|atk|1
|-boost|p2a: Annihilape|def|1
|move|p2b: Ursaluna|Hyper Voice|p1a: Sneasler|[spread] p1a,p1b
|-damage|p1a: Sneasler|0 fnt
|-damage|p1b: Indeedee|66/100
|faint|p1a: Sneasler
|
|-weather|none
|-heal|p2a: Annihilape|95/100|[from] item: Leftovers
|upkeep
|
|t:|1757846880
|switch|p1a: Delphox|Delphox, L50, F, tera:Psychic|91/100
|turn|7
|
|t:|1757846902
|switch|p1b: Torkoal|Torkoal, L50, M|100/100
|-weather|SunnyDay|[from] ability: Drought|[of] p1b: Torkoal
|move|p1a: Delphox|Protect|p1a: Delphox
|-singleturn|p1a: Delphox|Protect
|move|p2a: Annihilape|Drain Punch|p1b: Torkoal
|-damage|p1b: Torkoal|44/100
|-heal|p2a: Annihilape|100/100|[from] drain|[of] p1b: Torkoal
|move|p2b: Ursaluna|Hyper Voice|p1a: Delphox|[spread] p1b
|-activate|p1a: Delphox|move: Protect
|-damage|p1b: Torkoal|0 fnt
|faint|p1b: Torkoal
|
|-weather|SunnyDay|[upkeep]
|-fieldend|Misty Terrain
|upkeep
|
|t:|1757846904
|switch|p1b: Indeedee|Indeedee-F, L50, F|66/100
|-fieldstart|move: Psychic Terrain|[from] ability: Psychic Surge|[of] p1b: Indeedee
|turn|8
|
|t:|1757846926
|move|p1b: Indeedee|Helping Hand|p1a: Delphox
|-singleturn|p1a: Delphox|Helping Hand|[of] p1b: Indeedee
|move|p2a: Annihilape|Drain Punch|p1b: Indeedee
|-damage|p1b: Indeedee|0 fnt
|-damage|p2a: Annihilape|84/100|[from] item: Rocky Helmet|[of] p1b: Indeedee
|faint|p1b: Indeedee
|move|p1a: Delphox|Expanding Force|p2b: Ursaluna|[spread] p2a,p2b
|-damage|p2a: Annihilape|0 fnt
|-damage|p2b: Ursaluna|0 fnt
|faint|p2a: Annihilape
|faint|p2b: Ursaluna
|-damage|p1a: Delphox|81/100|[from] item: Life Orb
|
|win|PatmonVGC
|l|☆frankino98
|player|p2|
|inactive|PatmonVGC has 30 seconds to confirm battle start!
|inactive|frankino98 has 30 seconds to confirm battle start!
||frankino98 is ready for game 2.
||PatmonVGC is ready for game 2.
|uhtml|next|Next: Game 2 of 3
