|j|☆plujaivent
|j|☆Tonypajamas17
|html|plujaiventTonypajamas17    
|uhtml|bestof|Game 1 of a best-of-3
|t:|1756994690
|gametype|doubles
|player|p1|plujaivent|hiker-gen4|1141
|player|p2|Tonypajamas17|102|1123
|gen|9
|tier|[Gen 9] VGC 2025 Reg H (Bo3)
|rated|
|rule|Species Clause: Limit one of each Pokémon
|rule|Item Clause: Limit 1 of each item
|clearpoke
|poke|p1|Archaludon, L50, F|
|poke|p1|Pelipper, L50, F|
|poke|p1|Basculegion, L50, M|
|poke|p1|Amoonguss, L50, M|
|poke|p1|Gholdengo, L50|
|poke|p1|Incineroar, L50, F|
|poke|p2|Tyranitar, L50, F|
|poke|p2|Excadrill, L50, F|
|poke|p2|Indeedee, L50, M|
|poke|p2|Sneasler, L50, M|
|poke|p2|Volcarona, L50, M|
|poke|p2|Kilowattrel, L50, M|
|teampreview|4
|showteam|p1|Archaludon||AssaultVest|Stamina|DragonPulse,ElectroShot,FlashCannon,BodyPress|||F|||50|,,,,,Bug]Pelipper||FocusSash|Drizzle|WeatherBall,Hurricane,Tailwind,Protect|||F|||50|,,,,,Ground]Basculegion||ChoiceBand|SwiftSwim|WaveCrash,LastRespects,AquaJet,FlipTurn|||M|||50|,,,,,Water]Amoonguss||SitrusBerry|Regenerator|PollenPuff,Spore,RagePowder,Protect|||M|||50|,,,,,Fairy]Gholdengo||LifeOrb|GoodasGold|MakeItRain,ShadowBall,NastyPlot,Protect||||||50|,,,,,Water]Incineroar||RockyHelmet|Intimidate|KnockOff,Taunt,PartingShot,FakeOut|||F|||50|,,,,,Ghost
|showteam|p2|Tyranitar||AssaultVest|SandStream|RockSlide,TeraBlast,LowKick,KnockOff|||F|||50|,,,,,Flying]Excadrill||FocusSash|SandRush|Earthquake,IronHead,Protect,HighHorsepower|||F|||50|,,,,,Water]Indeedee||ChoiceScarf|PsychicSurge|ExpandingForce,TeraBlast,Trick,ShadowBall|||M|||50|,,,,,Fighting]Sneasler||PsychicSeed|Unburden|CloseCombat,Protect,Taunt,DireClaw|||M|||50|,,,,,Stellar]Volcarona||CovertCloak|FlameBody|QuiverDance,HeatWave,TeraBlast,Protect|||M|||50|,,,,,Fairy]Kilowattrel||SafetyGoggles|Competitive|Tailwind,Electroweb,Thunderbolt,AirSlash|||M|||50|,,,,,Ghost
|
|t:|1756994764
|teamsize|p1|4
|teamsize|p2|4
|start
|switch|p1a: Incineroar|Incineroar, L50, F|100/100
|switch|p1b: Gholdengo|Gholdengo, L50|100/100
|switch|p2a: Kilowattrel|Kilowattrel, L50, M|100/100
|switch|p2b: Indeedee|Indeedee, L50, M|100/100
|-fieldstart|move: Psychic Terrain|[from] ability: Psychic Surge|[of] p2b: Indeedee
|-ability|p1a: Incineroar|Intimidate|boost
|-unboost|p2a: Kilowattrel|atk|1
|-ability|p2a: Kilowattrel|Competitive|boost
|-boost|p2a: Kilowattrel|spa|2
|-unboost|p2b: Indeedee|atk|1
|turn|1
|
|t:|1756994844
|switch|p2b: Sneasler|Sneasler, L50, M|100/100
|-enditem|p2b: Sneasler|Psychic Seed
|-boost|p2b: Sneasler|spd|1|[from] item: Psychic Seed
|move|p2a: Kilowattrel|Electroweb|p1a: Incineroar|[spread] p1a,p1b
|-damage|p1a: Incineroar|68/100
|-damage|p1b: Gholdengo|61/100
|-unboost|p1a: Incineroar|spe|1
|-unboost|p1b: Gholdengo|spe|1
|move|p1b: Gholdengo|Make It Rain|p2a: Kilowattrel|[spread] p2a,p2b
|-resisted|p2a: Kilowattrel
|-damage|p2a: Kilowattrel|47/100
|-damage|p2b: Sneasler|48/100
|-unboost|p1b: Gholdengo|spa|1
|-damage|p1b: Gholdengo|52/100|[from] item: Life Orb
|move|p1a: Incineroar|Knock Off|p2b: Sneasler
|-resisted|p2b: Sneasler
|-damage|p2b: Sneasler|24/100
|
|upkeep
|turn|2
|
|t:|1756994880
|-terastallize|p1a: Incineroar|Ghost
|move|p2b: Sneasler|Protect|p2b: Sneasler
|-singleturn|p2b: Sneasler|Protect
|move|p2a: Kilowattrel|Thunderbolt|p1a: Incineroar
|-damage|p1a: Incineroar|0 fnt
|faint|p1a: Incineroar
|move|p1b: Gholdengo|Make It Rain|p2b: Sneasler|[spread] p2a
|-activate|p2b: Sneasler|move: Protect
|-resisted|p2a: Kilowattrel
|-damage|p2a: Kilowattrel|9/100
|-unboost|p1b: Gholdengo|spa|1
|-damage|p1b: Gholdengo|43/100|[from] item: Life Orb
|
|upkeep
|
|t:|1756994890
|switch|p1a: Pelipper|Pelipper, L50, F|100/100
|-weather|RainDance|[from] ability: Drizzle|[of] p1a: Pelipper
|turn|3
|
|t:|1756994910
|move|p1b: Gholdengo|Protect|p1b: Gholdengo
|-singleturn|p1b: Gholdengo|Protect
|move|p2b: Sneasler|Dire Claw|p1a: Pelipper
|-damage|p1a: Pelipper|42/100
|-status|p1a: Pelipper|par
|move|p2a: Kilowattrel|Air Slash|p1a: Pelipper
|-damage|p1a: Pelipper|0 fnt
|faint|p1a: Pelipper
|
|-weather|RainDance|[upkeep]
|upkeep
|
|t:|1756994923
|switch|p1a: Archaludon|Archaludon, L50, F|100/100
|turn|4
|
|t:|1756994934
|move|p2b: Sneasler|Protect|p2b: Sneasler
|-singleturn|p2b: Sneasler|Protect
|move|p2a: Kilowattrel|Thunderbolt|p1b: Gholdengo
|-damage|p1b: Gholdengo|0 fnt
|faint|p1b: Gholdengo
|move|p1a: Archaludon|Electro Shot||[still]
|-prepare|p1a: Archaludon|Electro Shot
|-boost|p1a: Archaludon|spa|1
|-anim|p1a: Archaludon|Electro Shot|p2a: Kilowattrel
|-crit|p2a: Kilowattrel
|-damage|p2a: Kilowattrel|0 fnt
|faint|p2a: Kilowattrel
|
|-weather|RainDance|[upkeep]
|upkeep
|
|t:|1756994948
|switch|p2a: Tyranitar|Tyranitar, L50, F, shiny|100/100
|-weather|Sandstorm|[from] ability: Sand Stream|[of] p2a: Tyranitar
|turn|5
|
|t:|1756994973
|-terastallize|p2a: Tyranitar|Flying
|move|p2b: Sneasler|Close Combat|p1a: Archaludon
|-supereffective|p1a: Archaludon
|-damage|p1a: Archaludon|0 fnt
|-unboost|p2b: Sneasler|def|1
|-unboost|p2b: Sneasler|spd|1
|faint|p1a: Archaludon
|
|win|Tonypajamas17
||plujaivent is ready for game 2.
||plujaivent is ready for game 2.
|inactive|Tonypajamas17 has 30 seconds to confirm battle start!
||Tonypajamas17 is ready for game 2.
|uhtml|next|Next: Game 2 of 3
