|j|☆ChamoyConQueso
|j|☆viatles
|html|ChamoyConQuesoviatles    
|uhtml|bestof|Game 1 of a best-of-3
|t:|1757006903
|gametype|doubles
|player|p1|ChamoyConQueso|2|1168
|player|p2|viatles|hiker|1143
|gen|9
|tier|[Gen 9] VGC 2025 Reg H (Bo3)
|rated|
|rule|Species Clause: Limit one of each Pokémon
|rule|Item Clause: Limit 1 of each item
|clearpoke
|poke|p1|Incineroar, L50, M|
|poke|p1|Pelipper, L50, F|
|poke|p1|Archaludon, L50, F|
|poke|p1|Dragonite, L50, F|
|poke|p1|Sinistcha, L50|
|poke|p1|Ursaluna, L50, M|
|poke|p2|Serperior, L50, F|
|poke|p2|Grimmsnarl, L50, M|
|poke|p2|Empoleon, L50, F|
|poke|p2|Garchomp, L50, M|
|poke|p2|Araquanid, L50, M|
|poke|p2|Garganacl, L50, M|
|teampreview|4
|showteam|p1|Incineroar||SafetyGoggles|Intimidate|FlareBlitz,KnockOff,FakeOut,PartingShot|||M|||50|,,,,,Ghost]Pelipper||FocusSash|Drizzle|WeatherBall,Hurricane,Protect,Tailwind|||F|||50|,,,,,Ground]Archaludon||AssaultVest|Stamina|FlashCannon,DracoMeteor,ElectroShot,BodyPress|||F|||50|,,,,,Bug]Dragonite||LoadedDice|Multiscale|ScaleShot,Tailwind,Protect,Haze|||F|||50|,,,,,Fairy]Sinistcha||SitrusBerry|Hospitality|MatchaGotcha,RagePowder,LifeDew,TrickRoom||||||50|,,,,,Water]Ursaluna||FlameOrb|Guts|Facade,HeadlongRush,Protect,EarthPower|||M|||50|,,,,,Ghost
|showteam|p2|Serperior||CovertCloak|Contrary|Protect,LeafStorm,TeraBlast,GrassPledge|||F|||50|,,,,,Stellar]Grimmsnarl||LightClay|Prankster|LightScreen,Reflect,SpiritBreak,ThunderWave|||M|||50|,,,,,Ghost]Empoleon||ChopleBerry|Competitive|WaterPledge,FlashCannon,Haze,Protect|||F|||50|,,,,,Grass]Garchomp||LoadedDice|RoughSkin|ScaleShot,Earthquake,IronHead,Protect|||M|||50|,,,,,Steel]Araquanid||SafetyGoggles|WaterBubble|WideGuard,Protect,Liquidation,Infestation|||M|||50|,,,,,Grass]Garganacl||Leftovers|PurifyingSalt|SaltCure,Recover,Protect,ThunderPunch|||M|||50|,,,,,Water
|c|☆viatles|gl hf
|inactive|Battle timer is ON: inactive players will automatically lose when time's up. (requested by viatles)
|inactive|ChamoyConQueso also wants the timer to be on.
|
|t:|1757006928
|teamsize|p1|4
|teamsize|p2|4
|start
|switch|p1a: Archaludon|Archaludon, L50, F, shiny|100/100
|switch|p1b: Dragonite|Dragonite, L50, F, shiny|100/100
|switch|p2a: Grimmsnarl|Grimmsnarl, L50, M|100/100
|switch|p2b: Garchomp|Garchomp, L50, M|100/100
|turn|1
|inactive|ChamoyConQueso has 30 seconds left.
|
|t:|1757006956
|-terastallize|p1b: Dragonite|Fairy
|move|p2b: Garchomp|Protect|p2b: Garchomp
|-singleturn|p2b: Garchomp|Protect
|move|p2a: Grimmsnarl|Thunder Wave|p1b: Dragonite
|-status|p1b: Dragonite|par
|move|p1a: Archaludon|Flash Cannon|p2a: Grimmsnarl
|-supereffective|p2a: Grimmsnarl
|-crit|p2a: Grimmsnarl
|-damage|p2a: Grimmsnarl|0 fnt
|faint|p2a: Grimmsnarl
|move|p1b: Dragonite|Scale Shot|p2b: Garchomp
|-activate|p2b: Garchomp|move: Protect
|
|upkeep
|
|t:|1757006969
|switch|p2a: Serperior|Serperior, L50, F|100/100
|turn|2
|inactive|ChamoyConQueso has 30 seconds left.
|
|t:|1757007002
|move|p2a: Serperior|Leaf Storm|p1a: Archaludon
|-resisted|p1a: Archaludon
|-damage|p1a: Archaludon|91/100
|-boost|p2a: Serperior|spa|2
|-ability|p1a: Archaludon|Stamina|boost
|-boost|p1a: Archaludon|def|1
|move|p2b: Garchomp|Iron Head|p1b: Dragonite
|-supereffective|p1b: Dragonite
|-damage|p1b: Dragonite|66/100 par
|move|p1a: Archaludon|Flash Cannon|p2a: Serperior
|-damage|p2a: Serperior|54/100
|cant|p1b: Dragonite|par
|
|upkeep
|turn|3
|
|t:|1757007021
|switch|p1b: Sinistcha|Sinistcha, L50|100/100
|-heal|p1a: Archaludon|100/100|[from] ability: Hospitality|[of] p1b: Sinistcha
|-terastallize|p2a: Serperior|Stellar
|move|p2a: Serperior|Tera Blast|p1a: Archaludon|[anim] Tera Blast Stellar
|-crit|p1a: Archaludon
|-damage|p1a: Archaludon|31/100
|-boost|p2a: Serperior|atk|1
|-boost|p2a: Serperior|spa|1
|-ability|p1a: Archaludon|Stamina|boost
|-boost|p1a: Archaludon|def|1
|move|p2b: Garchomp|Iron Head|p1b: Sinistcha
|-crit|p1b: Sinistcha
|-damage|p1b: Sinistcha|59/100
|move|p1a: Archaludon|Draco Meteor|p2a: Serperior
|-damage|p2a: Serperior|0 fnt
|-unboost|p1a: Archaludon|spa|2
|faint|p2a: Serperior
|
|upkeep
|
|t:|1757007039
|switch|p2a: Empoleon|Empoleon, L50, F|100/100
|turn|4
|
|t:|1757007053
|switch|p1a: Dragonite|Dragonite, L50, F, shiny, tera:Fairy|66/100 par
|move|p2b: Garchomp|Scale Shot|p1a: Dragonite
|-immune|p1a: Dragonite
|move|p1b: Sinistcha|Matcha Gotcha|p2b: Garchomp|[spread] p2a,p2b
|-damage|p2a: Empoleon|78/100
|-heal|p1b: Sinistcha|71/100|[from] drain|[of] p2a: Empoleon
|-damage|p2b: Garchomp|73/100
|-heal|p1b: Sinistcha|86/100|[from] drain|[of] p2b: Garchomp
|move|p2a: Empoleon|Water Pledge|p1a: Dragonite
|-damage|p1a: Dragonite|32/100 par
|
|upkeep
|turn|5
|
|t:|1757007076
|switch|p1b: Pelipper|Pelipper, L50, F, shiny|100/100
|-weather|RainDance|[from] ability: Drizzle|[of] p1b: Pelipper
|move|p2b: Garchomp|Scale Shot|p1b: Pelipper
|-damage|p1b: Pelipper|80/100
|-damage|p1b: Pelipper|60/100
|-damage|p1b: Pelipper|40/100
|-damage|p1b: Pelipper|20/100
|-damage|p1b: Pelipper|0 fnt
|faint|p1b: Pelipper
|-hitcount|p1: Pelipper|5
|-unboost|p2b: Garchomp|def|1
|-boost|p2b: Garchomp|spe|1
|move|p2a: Empoleon|Flash Cannon|p1a: Dragonite
|-supereffective|p1a: Dragonite
|-damage|p1a: Dragonite|0 fnt
|faint|p1a: Dragonite
|
|-weather|RainDance|[upkeep]
|upkeep
|
|t:|1757007093
|switch|p1a: Archaludon|Archaludon, L50, F, shiny|31/100
|switch|p1b: Sinistcha|Sinistcha, L50|86/100
|-heal|p1a: Archaludon|56/100|[from] ability: Hospitality|[of] p1b: Sinistcha
|turn|6
|
|t:|1757007117
|move|p2b: Garchomp|Iron Head|p1a: Archaludon
|-resisted|p1a: Archaludon
|-damage|p1a: Archaludon|45/100
|-ability|p1a: Archaludon|Stamina|boost
|-boost|p1a: Archaludon|def|1
|cant|p1a: Archaludon|flinch
|move|p1b: Sinistcha|Life Dew|p1b: Sinistcha|[spread] p1a,p1b
|-heal|p1a: Archaludon|70/100
|-heal|p1b: Sinistcha|100/100
|move|p2a: Empoleon|Water Pledge|p1b: Sinistcha
|-resisted|p1b: Sinistcha
|-damage|p1b: Sinistcha|77/100
|
|-weather|RainDance|[upkeep]
|upkeep
|turn|7
|
|t:|1757007137
|move|p2b: Garchomp|Scale Shot|p1a: Archaludon
|-damage|p1a: Archaludon|62/100
|-ability|p1a: Archaludon|Stamina|boost
|-boost|p1a: Archaludon|def|1
|-damage|p1a: Archaludon|56/100
|-ability|p1a: Archaludon|Stamina|boost
|-boost|p1a: Archaludon|def|1
|-damage|p1a: Archaludon|51/100
|-ability|p1a: Archaludon|Stamina|boost
|-boost|p1a: Archaludon|def|1
|-damage|p1a: Archaludon|48/100
|-ability|p1a: Archaludon|Stamina|boost
|-boost|p1a: Archaludon|def|1
|-damage|p1a: Archaludon|44/100
|-ability|p1a: Archaludon|Stamina|boost
|-boost|p1a: Archaludon|def|1
|-hitcount|p1a: Archaludon|5
|-unboost|p2b: Garchomp|def|1
|-boost|p2b: Garchomp|spe|1
|move|p1a: Archaludon|Electro Shot||[still]
|-prepare|p1a: Archaludon|Electro Shot
|-boost|p1a: Archaludon|spa|1
|-anim|p1a: Archaludon|Electro Shot|p2a: Empoleon
|-supereffective|p2a: Empoleon
|-damage|p2a: Empoleon|0 fnt
|faint|p2a: Empoleon
|move|p1b: Sinistcha|Life Dew|p1b: Sinistcha|[spread] p1a,p1b
|-heal|p1a: Archaludon|69/100
|-heal|p1b: Sinistcha|100/100
|
|-weather|RainDance|[upkeep]
|upkeep
|turn|8
|inactive|ChamoyConQueso has 30 seconds left.
|inactive|viatles has 30 seconds left.
|
|t:|1757007164
|move|p2b: Garchomp|Iron Head|p1a: Archaludon
|-resisted|p1a: Archaludon
|-damage|p1a: Archaludon|66/100
|move|p1a: Archaludon|Body Press|p2b: Garchomp
|-damage|p2b: Garchomp|0 fnt
|-damage|p1a: Archaludon|53/100|[from] ability: Rough Skin|[of] p2b: Garchomp
|faint|p2b: Garchomp
|
|win|ChamoyConQueso
||viatles is ready for game 2.
|l|☆ChamoyConQueso
|player|p1|
||ChamoyConQueso is ready for game 2.
|uhtml|next|Next: Game 2 of 3
