|j|☆sbhaga34
|j|☆ultraclaw1
|html|sbhaga34ultraclaw1    
|uhtml|bestof|Game 1 of a best-of-3
|t:|1784211165
|gametype|doubles
|player|p1|sbhaga34|hugh|1291
|player|p2|ultraclaw1|brycenman|1346
|gen|9
|tier|[Gen 9 Champions] VGC 2026 Reg M-B (Bo3)
|rated|
|rule|Species Clause: Limit one of each Pokémon
|rule|Item Clause: Limit 1 of each item
|clearpoke
|poke|p1|Excadrill, L50, M|
|poke|p1|Tyranitar, L50, F|
|poke|p1|Corviknight, L50, F|
|poke|p1|Rotom-Wash, L50|
|poke|p1|Chandelure, L50, M|
|poke|p1|Clefable, L50, M|
|poke|p2|Maushold, L50|
|poke|p2|Kingambit, L50, F|
|poke|p2|Garchomp, L50, M|
|poke|p2|Basculegion, L50, M|
|poke|p2|Talonflame, L50, F|
|poke|p2|Floette-Eternal, L50, F|
|teampreview|4
|showteam|p1|Excadrill||FocusSash|SandRush|Earthquake,IronHead,SwordsDance,Protect|Adamant||M|||50|]Tyranitar||Tyranitarite|SandStream|RockSlide,KnockOff,LowKick,Protect|Adamant||F|||50|]Corviknight||SharpBeak|MirrorArmor|BraveBird,Tailwind,BulkUp,Roost|Careful||F|||50|]Rotom-Wash||ChoiceScarf|Levitate|VoltSwitch,Thunderbolt,Electroweb,HydroPump|Timid|||||50|]Chandelure||ShucaBerry|FlashFire|HeatWave,ShadowBall,TrickRoom,Protect|Modest||M|||50|]Clefable||Clefablite|MagicGuard|FollowMe,Moonblast,HealPulse,Protect|Modest||M|||50|
|showteam|p2|Maushold||FocusSash|FriendGuard|SuperFang,Taunt,FollowMe,Protect|Timid|||||50|]Kingambit||ChopleBerry|Defiant|KowtowCleave,SuckerPunch,LowKick,IronHead|Adamant||F|||50|]Garchomp||LifeOrb|RoughSkin|RockSlide,Earthquake,DragonClaw,Protect|Jolly||M|||50|]Basculegion||MysticWater|Adaptability|WaveCrash,LastRespects,AquaJet,Protect|Adamant||M|||50|]Talonflame||SharpBeak|GaleWings|QuickGuard,DualWingbeat,Tailwind,Protect|Jolly||F|||50|]Floette-Eternal||Floettite|FlowerVeil|LightofRuin,Protect,Moonblast,DazzlingGleam|Modest||F|||50|
|inactive|Battle timer is ON: inactive players will automatically lose when time's up. (requested by ultraclaw1)
|inactive|sbhaga34 has 60 seconds left.
|inactive|sbhaga34 has 30 seconds left.
|
|t:|1784211228
|teamsize|p1|4
|teamsize|p2|4
|start
|switch|p1a: Clefable|Clefable, L50, M|100/100
|switch|p1b: Chandelure|Chandelure, L50, M|100/100
|switch|p2a: Floette|Floette-Eternal, L50, F|100/100
|switch|p2b: Talonflame|Talonflame, L50, F|100/100
|turn|1
|inactive|ultraclaw1 has 30 seconds left.
|inactive|sbhaga34 has 30 seconds left.
|
|t:|1784211267
|detailschange|p2a: Floette|Floette-Mega, L50, F
|-mega|p2a: Floette|Floette|Floettite
|-ability|p2a: Floette|Fairy Aura
|move|p2b: Talonflame|Dual Wingbeat|p1a: Clefable
|-damage|p1a: Clefable|78/100
|-damage|p1a: Clefable|58/100
|-hitcount|p1a: Clefable|2
|move|p2a: Floette|Light of Ruin|p1a: Clefable
|-damage|p1a: Clefable|0 fnt
|faint|p1a: Clefable
|-damage|p2a: Floette|60/100|[from] Recoil
|move|p1b: Chandelure|Trick Room|p1b: Chandelure
|-fieldstart|move: Trick Room|[of] p1b: Chandelure
|
|upkeep
|
|t:|1784211279
|switch|p1a: Tyranitar|Tyranitar, L50, F|100/100
|-weather|Sandstorm|[from] ability: Sand Stream|[of] p1a: Tyranitar
|turn|2
|
|t:|1784211303
|move|p2a: Floette|Protect|p2a: Floette
|-singleturn|p2a: Floette|Protect
|move|p2b: Talonflame|Dual Wingbeat|p1b: Chandelure
|-damage|p1b: Chandelure|77/100
|-damage|p1b: Chandelure|54/100
|-hitcount|p1b: Chandelure|2
|move|p1a: Tyranitar|Rock Slide|p2b: Talonflame|[spread] p2b
|-activate|p2a: Floette|move: Protect
|-supereffective|p2b: Talonflame|2
|-damage|p2b: Talonflame|0 fnt
|faint|p2b: Talonflame
|move|p1b: Chandelure|Heat Wave|p2a: Floette
|-activate|p2a: Floette|move: Protect
|
|-weather|Sandstorm|[upkeep]
|-damage|p1b: Chandelure|48/100|[from] Sandstorm
|-damage|p2a: Floette|54/100|[from] Sandstorm
|upkeep
|
|t:|1784211305
|switch|p2b: Basculegion|Basculegion, L50, M|100/100
|turn|3
|
|t:|1784211317
|move|p1b: Chandelure|Protect|p1b: Chandelure
|-singleturn|p1b: Chandelure|Protect
|move|p2b: Basculegion|Aqua Jet|p1b: Chandelure
|-activate|p1b: Chandelure|move: Protect
|move|p1a: Tyranitar|Knock Off|p2b: Basculegion
|-supereffective|p2b: Basculegion|1
|-damage|p2b: Basculegion|1/100
|-enditem|p2b: Basculegion|Mystic Water|[from] move: Knock Off|[of] p1a: Tyranitar
|move|p2a: Floette|Moonblast|p1a: Tyranitar
|-supereffective|p1a: Tyranitar|1
|-damage|p1a: Tyranitar|1/100
|-unboost|p1a: Tyranitar|spa|1
|
|-weather|Sandstorm|[upkeep]
|-damage|p1b: Chandelure|42/100|[from] Sandstorm
|-damage|p2b: Basculegion|0 fnt|[from] Sandstorm
|-damage|p2a: Floette|48/100|[from] Sandstorm
|faint|p2b: Basculegion
|upkeep
|
|t:|1784211323
|switch|p2b: Garchomp|Garchomp, L50, M|100/100
|turn|4
|inactive|sbhaga34 has 30 seconds left.
|
|t:|1784211356
|detailschange|p1a: Tyranitar|Tyranitar-Mega, L50, F
|-mega|p1a: Tyranitar|Tyranitar|Tyranitarite
|move|p2a: Floette|Protect|p2a: Floette
|-singleturn|p2a: Floette|Protect
|move|p1b: Chandelure|Shadow Ball|p2a: Floette
|-activate|p2a: Floette|move: Protect
|move|p1a: Tyranitar|Knock Off|p2b: Garchomp
|-damage|p2b: Garchomp|43/100
|-damage|p1a: Tyranitar|0 fnt|[from] ability: Rough Skin|[of] p2b: Garchomp
|-enditem|p2b: Garchomp|Life Orb|[from] move: Knock Off|[of] p1a: Tyranitar
|faint|p1a: Tyranitar
|move|p2b: Garchomp|Earthquake|p1b: Chandelure|[spread] p1b
|-activate|p2a: Floette|move: Protect
|-supereffective|p1b: Chandelure|1
|-enditem|p1b: Chandelure|Shuca Berry|[eat]
|-enditem|p1b: Chandelure|Shuca Berry|[weaken]
|-damage|p1b: Chandelure|0 fnt
|faint|p1b: Chandelure
|
|-weather|Sandstorm|[upkeep]
|-damage|p2a: Floette|42/100|[from] Sandstorm
|upkeep
|
|t:|1784211366
|switch|p1b: Excadrill|Excadrill, L50, M|100/100
|turn|5
|
|t:|1784211371
|move|p1b: Excadrill|Protect|p1b: Excadrill
|-singleturn|p1b: Excadrill|Protect
|move|p2a: Floette|Moonblast|p1b: Excadrill
|-activate|p1b: Excadrill|move: Protect
|move|p2b: Garchomp|Dragon Claw|p1b: Excadrill
|-activate|p1b: Excadrill|move: Protect
|
|-weather|Sandstorm|[upkeep]
|-damage|p2a: Floette|36/100|[from] Sandstorm
|-fieldend|move: Trick Room
|upkeep
|turn|6
|
|t:|1784211375
|move|p2b: Garchomp|Protect|p2b: Garchomp
|-singleturn|p2b: Garchomp|Protect
|move|p2a: Floette|Protect|p2a: Floette
|-singleturn|p2a: Floette|Protect
|move|p1b: Excadrill|Earthquake|p2a: Floette|[spread] 
|-activate|p2a: Floette|move: Protect
|-activate|p2b: Garchomp|move: Protect
|
|-weather|none
|upkeep
|turn|7
|
|t:|1784211381
|move|p2b: Garchomp|Dragon Claw|p1b: Excadrill
|-resisted|p1b: Excadrill|1
|-damage|p1b: Excadrill|72/100
|move|p2a: Floette|Light of Ruin|p1b: Excadrill
|-resisted|p1b: Excadrill|1
|-damage|p1b: Excadrill|0 fnt
|faint|p1b: Excadrill
|-damage|p2a: Floette|0 fnt|[from] Recoil
|faint|p2a: Floette
|
|win|ultraclaw1
