|j|☆BVSelf
|j|☆jchof
|html|BVSelfjchof    
|uhtml|bestof|Game 2 of a best-of-3
|t:|1783971230
|gametype|doubles
|player|p1|BVSelf|benga|1434
|player|p2|jchof|101|1358
|gen|9
|tier|[Gen 9 Champions] VGC 2026 Reg M-B (Bo3)
|rated|
|rule|Species Clause: Limit one of each Pokémon
|rule|Item Clause: Limit 1 of each item
|clearpoke
|poke|p1|Sneasler, L50, F|
|poke|p1|Sinistcha, L50|
|poke|p1|Incineroar, L50, M|
|poke|p1|Kingambit, L50, F|
|poke|p1|Delphox, L50, F|
|poke|p1|Blastoise, L50, F|
|poke|p2|Staraptor, L50, M|
|poke|p2|Charizard, L50, M|
|poke|p2|Glimmora, L50, M|
|poke|p2|Whimsicott, L50, F|
|poke|p2|Basculegion, L50, M|
|poke|p2|Garchomp, L50, M|
|teampreview|4
|showteam|p1|Sneasler||FocusSash|PoisonTouch|CloseCombat,DireClaw,FakeOut,QuickGuard|Jolly||F|||50|]Sinistcha||OccaBerry|Hospitality|MatchaGotcha,RagePowder,TrickRoom,Protect|Bold|||||50|]Incineroar||SitrusBerry|Intimidate|FlareBlitz,DarkestLariat,PartingShot,FakeOut|Careful||M|||50|]Kingambit||BlackGlasses|Defiant|KowtowCleave,SwordsDance,SuckerPunch,Protect|Adamant||F|||50|]Delphox||Delphoxite|Blaze|HeatWave,Psyshock,NastyPlot,Protect|Timid||F|||50|]Blastoise||Blastoisinite|RainDish|WaterSpout,DarkPulse,ShellSmash,Protect|Modest||F|||50|
|showteam|p2|Staraptor||Staraptite|Intimidate|DualWingbeat,CloseCombat,Roost,Protect|Jolly||M|||50|]Charizard||CharizarditeY|Blaze|HeatWave,SolarBeam,WeatherBall,Protect|Modest||M|||50|]Glimmora||FocusSash|ToxicDebris|PowerGem,SludgeBomb,EarthPower,SpikyShield|Modest||M|||50|]Whimsicott||LifeOrb|Prankster|Moonblast,GrassKnot,Tailwind,Protect|Modest||F|||50|]Basculegion||ChoiceScarf|Adaptability|WaveCrash,LastRespects,AquaJet,FlipTurn|Jolly||M|||50|]Garchomp||SitrusBerry|RoughSkin|Earthquake,RockSlide,PoisonJab,DragonTail|Adamant||M|||50|
|
|t:|1783971257
|teamsize|p1|4
|teamsize|p2|4
|start
|switch|p1a: Sneasler|Sneasler, L50, F|100/100
|switch|p1b: Kingambit|Kingambit, L50, F|100/100
|switch|p2a: Basculegion|Basculegion, L50, M|100/100
|switch|p2b: Garchomp|Garchomp, L50, M|100/100
|turn|1
|
|t:|1783971270
|move|p1a: Sneasler|Fake Out|p2b: Garchomp
|-damage|p2b: Garchomp|88/100
|-damage|p1a: Sneasler|87/100|[from] ability: Rough Skin|[of] p2b: Garchomp
|-status|p2b: Garchomp|psn|[from] ability: Poison Touch|[of] p1a: Sneasler
|move|p2a: Basculegion|Flip Turn|p1b: Kingambit
|-damage|p1b: Kingambit|72/100
|
|t:|1783971278
|switch|p2a: Charizard|Charizard, L50, M|100/100|[from] Flip Turn
|cant|p2b: Garchomp|flinch
|move|p1b: Kingambit|Swords Dance|p1b: Kingambit
|-boost|p1b: Kingambit|atk|2
|
|-damage|p2b: Garchomp|76/100 psn|[from] psn
|upkeep
|turn|2
|
|t:|1783971289
|switch|p1a: Incineroar|Incineroar, L50, M|100/100
|-ability|p1a: Incineroar|Intimidate|boost
|-unboost|p2a: Charizard|atk|1
|-unboost|p2b: Garchomp|atk|1
|detailschange|p2a: Charizard|Charizard-Mega-Y, L50, M
|-mega|p2a: Charizard|Charizard|Charizardite Y
|-weather|SunnyDay|[from] ability: Drought|[of] p2a: Charizard
|move|p1b: Kingambit|Protect|p1b: Kingambit
|-singleturn|p1b: Kingambit|Protect
|move|p2a: Charizard|Weather Ball|p1a: Incineroar
|-resisted|p1a: Incineroar|1
|-damage|p1a: Incineroar|62/100
|move|p2b: Garchomp|Earthquake|p1a: Incineroar|[spread] p1a
|-activate|p1b: Kingambit|move: Protect
|-immune|p2a: Charizard
|-supereffective|p1a: Incineroar|1
|-crit|p1a: Incineroar
|-damage|p1a: Incineroar|0 fnt
|faint|p1a: Incineroar
|
|-weather|SunnyDay|[upkeep]
|-damage|p2b: Garchomp|64/100 psn|[from] psn
|upkeep
|c|☆BVSelf|dude
|
|t:|1783971311
|switch|p1a: Sneasler|Sneasler, L50, F|87/100
|turn|3
|
|t:|1783971318
|move|p1a: Sneasler|Fake Out|p2a: Charizard
|-damage|p2a: Charizard|85/100
|cant|p2a: Charizard|flinch
|move|p2b: Garchomp|Earthquake|p1a: Sneasler|[spread] p1a,p1b
|-immune|p2a: Charizard
|-supereffective|p1a: Sneasler|1
|-supereffective|p1b: Kingambit|1
|-damage|p1a: Sneasler|0 fnt
|-damage|p1b: Kingambit|38/100
|faint|p1a: Sneasler
|move|p1b: Kingambit|Swords Dance|p1b: Kingambit
|-boost|p1b: Kingambit|atk|2
|
|-weather|SunnyDay|[upkeep]
|-damage|p2b: Garchomp|52/100 psn|[from] psn
|upkeep
|
|t:|1783971329
|switch|p1a: Sinistcha|Sinistcha, L50|100/100
|-heal|p1b: Kingambit|62/100|[from] ability: Hospitality|[of] p1a: Sinistcha
|turn|4
|
|t:|1783971340
|move|p1a: Sinistcha|Rage Powder|p1a: Sinistcha
|-singleturn|p1a: Sinistcha|move: Rage Powder
|move|p1b: Kingambit|Sucker Punch|p2a: Charizard
|-damage|p2a: Charizard|0 fnt
|faint|p2a: Charizard
|move|p2b: Garchomp|Earthquake|p1b: Kingambit|[spread] p1a,p1b
|-resisted|p1a: Sinistcha|1
|-supereffective|p1b: Kingambit|1
|-damage|p1a: Sinistcha|89/100
|-damage|p1b: Kingambit|24/100
|
|-weather|SunnyDay|[upkeep]
|-damage|p2b: Garchomp|40/100 psn|[from] psn
|upkeep
|-enditem|p2b: Garchomp|Sitrus Berry|[eat]
|-heal|p2b: Garchomp|64/100 psn|[from] item: Sitrus Berry
|
|t:|1783971344
|switch|p2a: Whimsicott|Whimsicott, L50, F|100/100
|turn|5
|
|t:|1783971356
|move|p2a: Whimsicott|Protect|p2a: Whimsicott
|-singleturn|p2a: Whimsicott|Protect
|move|p1b: Kingambit|Protect|p1b: Kingambit
|-singleturn|p1b: Kingambit|Protect
|move|p2b: Garchomp|Earthquake|p1b: Kingambit|[spread] p1a
|-activate|p2a: Whimsicott|move: Protect
|-activate|p1b: Kingambit|move: Protect
|-resisted|p1a: Sinistcha|1
|-damage|p1a: Sinistcha|80/100
|move|p1a: Sinistcha|Trick Room|p1a: Sinistcha
|-fieldstart|move: Trick Room|[of] p1a: Sinistcha
|
|-weather|SunnyDay|[upkeep]
|-damage|p2b: Garchomp|52/100 psn|[from] psn
|upkeep
|turn|6
|
|t:|1783971375
|move|p1b: Kingambit|Kowtow Cleave|p2a: Whimsicott
|-resisted|p2a: Whimsicott|1
|-damage|p2a: Whimsicott|0 fnt
|faint|p2a: Whimsicott
|move|p1a: Sinistcha|Matcha Gotcha|p2b: Garchomp
|-damage|p2b: Garchomp|24/100 psn
|-heal|p1a: Sinistcha|97/100|[from] drain|[of] p2b: Garchomp
|move|p2b: Garchomp|Earthquake|p1a: Sinistcha|[spread] p1a,p1b
|-resisted|p1a: Sinistcha|1
|-supereffective|p1b: Kingambit|1
|-damage|p1a: Sinistcha|88/100
|-damage|p1b: Kingambit|0 fnt
|faint|p1b: Kingambit
|
|-weather|none
|-damage|p2b: Garchomp|12/100 psn|[from] psn
|upkeep
|
|t:|1783971381
|switch|p2a: Basculegion|Basculegion, L50, M|100/100
|turn|7
|
|t:|1783971388
|move|p1a: Sinistcha|Matcha Gotcha|p2b: Garchomp|[spread] p2a
|-miss|p1a: Sinistcha|p2b: Garchomp
|-supereffective|p2a: Basculegion|1
|-damage|p2a: Basculegion|47/100
|-heal|p1a: Sinistcha|100/100|[from] drain|[of] p2a: Basculegion
|move|p2b: Garchomp|Poison Jab|p1a: Sinistcha
|-crit|p1a: Sinistcha
|-damage|p1a: Sinistcha|68/100
|move|p2a: Basculegion|Last Respects|p1a: Sinistcha
|-supereffective|p1a: Sinistcha|1
|-damage|p1a: Sinistcha|0 fnt
|faint|p1a: Sinistcha
|
|win|jchof
|raw|BVSelf's rating: 1434 → 1410(-24 for losing)
|raw|jchof's rating: 1358 → 1382(+24 for winning)
|l|☆jchof
|player|p2|
|c|☆BVSelf|ahahah
