|j|☆abgesaftet
|j|☆GiBy0520
|html|abgesaftetGiBy0520    
|uhtml|bestof|Game 1 of a best-of-3
|t:|1785933268
|gametype|doubles
|player|p1|abgesaftet|ballguy|1346
|player|p2|GiBy0520|101|1238
|gen|9
|tier|[Gen 9 Champions] VGC 2026 Reg M-B (Bo3)
|rated|
|rule|Species Clause: Limit one of each Pokémon
|rule|Item Clause: Limit 1 of each item
|clearpoke
|poke|p1|Froslass, L50, F|
|poke|p1|Basculegion, L50, M|
|poke|p1|Kingambit, L50, F|
|poke|p1|Sneasler, L50, F|
|poke|p1|Lycanroc-Dusk, L50, F|
|poke|p1|Scovillain, L50, F, shiny|
|poke|p2|Staraptor, L50, M|
|poke|p2|Garchomp, L50, M|
|poke|p2|Whimsicott, L50, M|
|poke|p2|Delphox, L50, M|
|poke|p2|Glimmora, L50, M|
|poke|p2|Kingambit, L50, M|
|teampreview|4
|showteam|p1|Froslass||Froslassite|CursedBody|Blizzard,ShadowBall,AuroraVeil,Protect|Timid||F|||50|]Basculegion||SitrusBerry|Adaptability|WaveCrash,LastRespects,AquaJet,Protect|Adamant||M|||50|]Kingambit||LifeOrb|Defiant|KowtowCleave,SuckerPunch,SwordsDance,Protect|Adamant||F|||50|]Sneasler||WhiteHerb|Unburden|CloseCombat,GunkShot,Protect,FakeOut|Adamant||F|||50|]Lycanroc-Dusk||FocusSash|ToughClaws|CloseCombat,Accelerock,RockSlide,Protect|Adamant||F|||50|]Scovillain||Scovillainite|Moody|GigaDrain,Overheat,RagePowder,Protect|Bold||F|||50|
|showteam|p2|Staraptor||Staraptite|Intimidate|Protect,Roost,CloseCombat,BraveBird|Jolly||M|||50|]Garchomp||LifeOrb|RoughSkin|Protect,RockSlide,Earthquake,DragonClaw|Jolly||M|||50|]Whimsicott||OccaBerry|Prankster|Moonblast,Tailwind,Charm,LightScreen|Timid||M|||50|]Delphox||Delphoxite|Magician|Protect,Psychic,HeatWave,Substitute|Timid||M|||50|]Glimmora||FocusSash|ToxicDebris|SpikyShield,SludgeBomb,EarthPower,PowerGem|Timid||M|||50|]Kingambit||ChopleBerry|Defiant|SuckerPunch,LowKick,IronHead,KowtowCleave|Adamant||M|||50|
|inactive|Battle timer is ON: inactive players will automatically lose when time's up. (requested by GiBy0520)
|inactive|abgesaftet has 60 seconds left.
|inactive|GiBy0520 has 60 seconds left.
|inactive|abgesaftet has 30 seconds left.
|inactive|GiBy0520 has 30 seconds left.
|inactive|abgesaftet has 20 seconds left.
|inactive|GiBy0520 has 20 seconds left.
|inactive|GiBy0520 has 15 seconds left.
|
|t:|1785933347
|teamsize|p1|4
|teamsize|p2|4
|start
|switch|p1a: Froslass|Froslass, L50, F|100/100
|switch|p1b: Basculegion|Basculegion, L50, M|100/100
|switch|p2a: Delphox|Delphox, L50, M|100/100
|switch|p2b: Kingambit|Kingambit, L50, M|100/100
|turn|1
|
|t:|1785933370
|detailschange|p2a: Delphox|Delphox-Mega, L50, M
|-mega|p2a: Delphox|Delphox|Delphoxite
|detailschange|p1a: Froslass|Froslass-Mega, L50, F
|-mega|p1a: Froslass|Froslass|Froslassite
|-weather|Snowscape|[from] ability: Snow Warning|[of] p1a: Froslass
|move|p1a: Froslass|Protect|p1a: Froslass
|-singleturn|p1a: Froslass|Protect
|move|p2a: Delphox|Substitute|p2a: Delphox
|-start|p2a: Delphox|Substitute
|-damage|p2a: Delphox|75/100
|move|p1b: Basculegion|Wave Crash|p2a: Delphox
|-supereffective|p2a: Delphox|1
|-end|p2a: Delphox|Substitute
|-damage|p1b: Basculegion|94/100|[from] Recoil
|move|p2b: Kingambit|Kowtow Cleave|p1b: Basculegion
|-supereffective|p1b: Basculegion|1
|-damage|p1b: Basculegion|2/100
|-enditem|p1b: Basculegion|Sitrus Berry|[eat]
|-heal|p1b: Basculegion|27/100|[from] item: Sitrus Berry
|
|-weather|Snowscape|[upkeep]
|upkeep
|turn|2
|
|t:|1785933395
|move|p1b: Basculegion|Aqua Jet|p2a: Delphox
|-supereffective|p2a: Delphox|1
|-damage|p2a: Delphox|9/100
|move|p2b: Kingambit|Sucker Punch||[still]
|-fail|p2b: Kingambit
|move|p2a: Delphox|Heat Wave|p1b: Basculegion|[spread] p1a,p1b
|-supereffective|p1a: Froslass|1
|-resisted|p1b: Basculegion|1
|-damage|p1a: Froslass|31/100
|-damage|p1b: Basculegion|8/100
|move|p1a: Froslass|Shadow Ball|p2a: Delphox
|-supereffective|p2a: Delphox|1
|-damage|p2a: Delphox|0 fnt
|faint|p2a: Delphox
|
|-weather|Snowscape|[upkeep]
|upkeep
|
|t:|1785933404
|switch|p2a: Whimsicott|Whimsicott, L50, M|100/100
|turn|3
|
|t:|1785933422
|move|p2a: Whimsicott|Moonblast|p1b: Basculegion
|-damage|p1b: Basculegion|0 fnt
|faint|p1b: Basculegion
|move|p1a: Froslass|Blizzard|p2a: Whimsicott|[spread] p2a,p2b
|-supereffective|p2a: Whimsicott|1
|-crit|p2a: Whimsicott
|-resisted|p2b: Kingambit|1
|-damage|p2a: Whimsicott|0 fnt
|-damage|p2b: Kingambit|83/100
|-status|p2b: Kingambit|frz
|faint|p2a: Whimsicott
|cant|p2b: Kingambit|frz
|
|-weather|Snowscape|[upkeep]
|upkeep
|
|t:|1785933431
|switch|p2a: Garchomp|Garchomp, L50, M|100/100
|switch|p1b: Sneasler|Sneasler, L50, F|100/100
|turn|4
|
|t:|1785933442
|move|p1a: Froslass|Protect|p1a: Froslass
|-singleturn|p1a: Froslass|Protect
|cant|p2b: Kingambit|frz
|move|p2a: Garchomp|Earthquake|p1b: Sneasler|[spread] p2b,p1b
|-activate|p1a: Froslass|move: Protect
|-supereffective|p2b: Kingambit|1
|-supereffective|p1b: Sneasler|1
|-damage|p2b: Kingambit|2/100 frz
|-damage|p1b: Sneasler|0 fnt
|faint|p1b: Sneasler
|-damage|p2a: Garchomp|90/100|[from] item: Life Orb
|
|-weather|Snowscape|[upkeep]
|upkeep
|
|t:|1785933453
|switch|p1b: Kingambit|Kingambit, L50, F|100/100
|turn|5
|
|t:|1785933456
|-curestatus|p2b: Kingambit|frz|[msg]
|move|p2b: Kingambit|Sucker Punch|p1a: Froslass
|-supereffective|p1a: Froslass|1
|-damage|p1a: Froslass|0 fnt
|faint|p1a: Froslass
|move|p1b: Kingambit|Sucker Punch||[still]
|-fail|p1b: Kingambit
|move|p2a: Garchomp|Earthquake|p1b: Kingambit|[spread] p2b,p1b
|-supereffective|p2b: Kingambit|1
|-supereffective|p1b: Kingambit|1
|-damage|p2b: Kingambit|0 fnt
|-damage|p1b: Kingambit|23/100
|faint|p2b: Kingambit
|-damage|p2a: Garchomp|80/100|[from] item: Life Orb
|
|-weather|none
|upkeep
|turn|6
|
|t:|1785933464
|move|p1b: Kingambit|Sucker Punch|p2a: Garchomp
|-damage|p2a: Garchomp|30/100
|-damage|p1b: Kingambit|11/100|[from] ability: Rough Skin|[of] p2a: Garchomp
|-damage|p1b: Kingambit|1/100|[from] item: Life Orb
|move|p2a: Garchomp|Earthquake|p1b: Kingambit
|-supereffective|p1b: Kingambit|1
|-damage|p1b: Kingambit|0 fnt
|faint|p1b: Kingambit
|-damage|p2a: Garchomp|20/100y|[from] item: Life Orb
|
|win|GiBy0520
||abgesaftet is ready for game 2.
||GiBy0520 is ready for game 2.
|uhtml|next|Next: Game 2 of 3
