|j|☆felasmiguel
|j|☆Kevin-V8
|html|felasmiguelKevin-V8    
|uhtml|bestof|Game 2 of a best-of-3
|t:|1756261930
|gametype|doubles
|player|p1|felasmiguel|chuck|1054
|player|p2|Kevin-V8|ethan|1153
|gen|9
|tier|[Gen 9] VGC 2025 Reg H (Bo3)
|rated|
|rule|Species Clause: Limit one of each Pokémon
|rule|Item Clause: Limit 1 of each item
|clearpoke
|poke|p1|Metagross, L50|
|poke|p1|Mienshao, L50, M|
|poke|p1|Comfey, L50, M|
|poke|p1|Frosmoth, L50, M|
|poke|p1|Glimmora, L50, F|
|poke|p1|Ninetales-Alola, L50, F|
|poke|p2|Dragonite, L50, F|
|poke|p2|Ursaluna-Bloodmoon, L50, M|
|poke|p2|Archaludon, L50, F|
|poke|p2|Whimsicott, L50, F|
|poke|p2|Gholdengo, L50|
|poke|p2|Incineroar, L50, M|
|teampreview|4
|showteam|p1|Metagross||AssaultVest|ClearBody|HardPress,PsychicFangs,BulletPunch,StompingTantrum||||||50|,,,,,Dragon]Mienshao||FocusSash|InnerFocus|CloseCombat,FakeOut,Taunt,Coaching|||M|||50|,,,,,Fighting]Comfey||RockyHelmet|Triage|FloralHealing,DrainingKiss,Synthesis,HelpingHand|||M|||50|,,,,,Steel]Frosmoth||SafetyGoggles|IceScales|QuiverDance,IceBeam,TeraBlast,Protect|||M|||50|,,,,,Electric]Glimmora||PowerHerb|Corrosion|MeteorBeam,Toxic,SpikyShield,EarthPower|||F|||50|,,,,,Grass]Ninetales-Alola||LightClay|SnowWarning|AuroraVeil,FreezeDry,IcyWind,Protect|||F|||50|,,,,,Ghost
|showteam|p2|Dragonite||LoadedDice|Multiscale|ScaleShot,ExtremeSpeed,IceSpinner,Protect|||F|||50|,,,,,Fairy]Ursaluna-Bloodmoon||AssaultVest|MindsEye|BloodMoon,HyperVoice,EarthPower,VacuumWave|||M|||50|,,,,,Water]Archaludon||PowerHerb|Sturdy|ElectroShot,FlashCannon,DracoMeteor,Protect|||F|||50|,,,,,Stellar]Whimsicott||CovertCloak|Prankster|FakeTears,Tailwind,Encore,Moonblast|||F|||50|,,,,,Poison]Gholdengo||ChoiceSpecs|GoodasGold|MakeItRain,ShadowBall,PowerGem,SteelBeam||||||50|,,,,,Steel]Incineroar||MirrorHerb|Intimidate|FakeOut,PartingShot,KnockOff,FlareBlitz|||M|||50|,,,,,Ghost
|inactive|Battle timer is ON: inactive players will automatically lose when time's up. (requested by Kevin-V8)
|inactive|Kevin-V8 has 60 seconds left.
|inactive|Kevin-V8 has 30 seconds left.
|
|t:|1756261999
|teamsize|p1|4
|teamsize|p2|4
|start
|switch|p1a: Metagross|Metagross, L50|100/100
|switch|p1b: Mienshao|Mienshao, L50, M|100/100
|switch|p2a: Whimsicott|Whimsicott, L50, F|100/100
|switch|p2b: Ursaluna|Ursaluna-Bloodmoon, L50, M|100/100
|turn|1
|inactive|Kevin-V8 has 30 seconds left.
|
|t:|1756262028
|move|p1b: Mienshao|Fake Out|p2b: Ursaluna
|-damage|p2b: Ursaluna|91/100
|move|p2a: Whimsicott|Fake Tears|p1b: Mienshao
|-unboost|p1b: Mienshao|spd|2
|move|p1a: Metagross|Hard Press|p2a: Whimsicott
|-supereffective|p2a: Whimsicott
|-damage|p2a: Whimsicott|0 fnt
|faint|p2a: Whimsicott
|cant|p2b: Ursaluna|flinch
|
|upkeep
|
|t:|1756262041
|switch|p2a: Archaludon|Archaludon, L50, F|100/100
|turn|2
|inactive|felasmiguel has 30 seconds left.
|inactive|felasmiguel has 20 seconds left.
|
|t:|1756262077
|-terastallize|p2a: Archaludon|Stellar
|move|p1b: Mienshao|Coaching|p1a: Metagross
|-boost|p1a: Metagross|atk|1
|-boost|p1a: Metagross|def|1
|move|p2a: Archaludon|Electro Shot||[still]
|-prepare|p2a: Archaludon|Electro Shot
|-boost|p2a: Archaludon|spa|1
|-enditem|p2a: Archaludon|Power Herb
|-anim|p2a: Archaludon|Electro Shot|p1b: Mienshao
|-enditem|p1b: Mienshao|Focus Sash
|-damage|p1b: Mienshao|1/100
|move|p1a: Metagross|Stomping Tantrum|p2a: Archaludon
|-supereffective|p2a: Archaludon
|-damage|p2a: Archaludon|26/100
|move|p2b: Ursaluna|Earth Power|p1a: Metagross
|-supereffective|p1a: Metagross
|-damage|p1a: Metagross|30/100
|
|upkeep
|turn|3
|
|t:|1756262097
|switch|p1a: Comfey|Comfey, L50, M|100/100
|-terastallize|p1b: Mienshao|Fighting
|move|p1b: Mienshao|Close Combat|p2b: Ursaluna
|-supereffective|p2b: Ursaluna
|-damage|p2b: Ursaluna|0 fnt
|-unboost|p1b: Mienshao|def|1
|-unboost|p1b: Mienshao|spd|1
|faint|p2b: Ursaluna
|move|p2a: Archaludon|Draco Meteor|p1a: Comfey
|-immune|p1a: Comfey
|
|upkeep
|
|t:|1756262108
|switch|p2b: Gholdengo|Gholdengo, L50|100/100
|turn|4
|
|t:|1756262125
|switch|p1b: Metagross|Metagross, L50|30/100
|move|p2a: Archaludon|Protect|p2a: Archaludon
|-singleturn|p2a: Archaludon|Protect
|move|p1a: Comfey|Floral Healing|p1b: Metagross
|-heal|p1b: Metagross|80/100
|move|p2b: Gholdengo|Make It Rain|p1b: Metagross|[spread] p1a,p1b
|-supereffective|p1a: Comfey
|-resisted|p1b: Metagross
|-damage|p1a: Comfey|0 fnt
|-damage|p1b: Metagross|54/100
|-unboost|p2b: Gholdengo|spa|1
|faint|p1a: Comfey
|
|upkeep
|
|t:|1756262145
|switch|p1a: Mienshao|Mienshao, L50, M, tera:Fighting|1/100
|turn|5
|
|t:|1756262155
|move|p1a: Mienshao|Close Combat|p2a: Archaludon
|-supereffective|p2a: Archaludon
|-damage|p2a: Archaludon|0 fnt
|-unboost|p1a: Mienshao|def|1
|-unboost|p1a: Mienshao|spd|1
|faint|p2a: Archaludon
|move|p2b: Gholdengo|Make It Rain|p1a: Mienshao|[spread] p1a,p1b
|-resisted|p1b: Metagross
|-damage|p1a: Mienshao|0 fnt
|-damage|p1b: Metagross|37/100
|-unboost|p2b: Gholdengo|spa|1
|faint|p1a: Mienshao
|move|p1b: Metagross|Stomping Tantrum|p2b: Gholdengo
|-supereffective|p2b: Gholdengo
|-damage|p2b: Gholdengo|38/100
|
|upkeep
|
|t:|1756262158
|switch|p1a: Glimmora|Glimmora, L50, F|100/100
|turn|6
|
|t:|1756262170
|move|p1a: Glimmora|Spiky Shield|p1a: Glimmora
|-singleturn|p1a: Glimmora|move: Protect
|move|p2b: Gholdengo|Make It Rain|p1a: Glimmora|[spread] p1b
|-activate|p1a: Glimmora|move: Protect
|-resisted|p1b: Metagross
|-damage|p1b: Metagross|23/100
|-unboost|p2b: Gholdengo|spa|1
|move|p1b: Metagross|Stomping Tantrum|p2b: Gholdengo
|-supereffective|p2b: Gholdengo
|-damage|p2b: Gholdengo|0 fnt
|faint|p2b: Gholdengo
|
|win|felasmiguel
||Kevin-V8 is ready for game 3.
||felasmiguel is ready for game 3.
|uhtml|next|Next: Game 3 of 3
