|j|☆GhostEcto
|j|☆deans milk
|html|GhostEctodeans milk    
|uhtml|bestof|Game 1 of a best-of-3
|t:|1757921241
|gametype|doubles
|player|p1|GhostEcto|170|1161
|player|p2|deans milk|idol|1135
|gen|9
|tier|[Gen 9] VGC 2025 Reg H (Bo3)
|rated|
|rule|Species Clause: Limit one of each Pokémon
|rule|Item Clause: Limit 1 of each item
|clearpoke
|poke|p1|Dragonite, L50, M|
|poke|p1|Rillaboom, L50, M|
|poke|p1|Sneasler, L50, M|
|poke|p1|Incineroar, L50, M|
|poke|p1|Annihilape, L50, M|
|poke|p1|Grimmsnarl, L50, M|
|poke|p2|Archaludon, L50, M|
|poke|p2|Kingdra, L50, M|
|poke|p2|Politoed, L50, F|
|poke|p2|Incineroar, L50, F|
|poke|p2|Gothitelle, L50, M|
|poke|p2|Amoonguss, L50, M|
|teampreview|4
|showteam|p1|Dragonite||SilkScarf|InnerFocus|ExtremeSpeed,Protect,IceSpinner,Haze|||M|||50|,,,,,Normal]Rillaboom||AssaultVest|GrassySurge|FakeOut,WoodHammer,HighHorsepower,GrassyGlide|||M|||50|,,,,,Fire]Sneasler||FocusSash|Unburden|Coaching,DireClaw,CloseCombat,Protect|||M|||50|,,,,,Fighting]Incineroar||SafetyGoggles|Intimidate|FakeOut,PartingShot,KnockOff,Taunt|||M|||50|,,,,,Ghost]Annihilape||Leftovers|Defiant|Protect,RageFist,DrainPunch,BulkUp|||M|||50|,,,,,Water]Grimmsnarl||LightClay|Prankster|LightScreen,Reflect,PartingShot,FalseSurrender|||M|||50|,,,,,Ghost
|showteam|p2|Archaludon||PowerHerb|Sturdy|Protect,ElectroShot,FlashCannon,DragonPulse|||M|||50|,,,,,Electric]Kingdra||LifeOrb|SwiftSwim|Protect,DracoMeteor,WeatherBall,MuddyWater|||M|||50|,,,,,Stellar]Politoed||Leftovers|Drizzle|Protect,WeatherBall,PerishSong,Encore|||F|||50|,,,,,Grass]Incineroar||SafetyGoggles|Intimidate|FakeOut,KnockOff,PartingShot,Protect|||F|||50|,,,,,Ghost]Gothitelle||SitrusBerry|ShadowTag|Protect,Psychic,FakeOut,TrickRoom|||M|||50|,,,,,Dark]Amoonguss||EjectButton|Regenerator|Protect,RagePowder,Spore,PollenPuff|||M|||50|,,,,,Fairy
|
|t:|1757921275
|teamsize|p1|4
|teamsize|p2|4
|start
|switch|p1a: Annihilape|Annihilape, L50, M|100/100
|switch|p1b: Sneasler|Sneasler, L50, M, shiny|100/100
|switch|p2a: Politoed|Politoed, L50, F|100/100
|switch|p2b: Gothitelle|Gothitelle, L50, M|100/100
|-weather|RainDance|[from] ability: Drizzle|[of] p2a: Politoed
|turn|1
|
|t:|1757921297
|move|p2b: Gothitelle|Fake Out|p1b: Sneasler
|-damage|p1b: Sneasler|90/100
|cant|p1b: Sneasler|flinch
|move|p1a: Annihilape|Rage Fist|p2a: Politoed
|-damage|p2a: Politoed|74/100
|move|p2a: Politoed|Weather Ball|p1a: Annihilape
|-crit|p1a: Annihilape
|-damage|p1a: Annihilape|38/100
|
|-weather|RainDance|[upkeep]
|-heal|p1a: Annihilape|44/100|[from] item: Leftovers
|-heal|p2a: Politoed|80/100|[from] item: Leftovers
|upkeep
|turn|2
|
|t:|1757921328
|switch|p2a: Amoonguss|Amoonguss, L50, M|100/100
|move|p1a: Annihilape|Protect|p1a: Annihilape
|-singleturn|p1a: Annihilape|Protect
|move|p1b: Sneasler|Coaching|p1a: Annihilape
|-boost|p1a: Annihilape|atk|1
|-boost|p1a: Annihilape|def|1
|move|p2b: Gothitelle|Psychic|p1b: Sneasler
|-supereffective|p1b: Sneasler
|-damage|p1b: Sneasler|0 fnt
|faint|p1b: Sneasler
|
|-weather|RainDance|[upkeep]
|-heal|p1a: Annihilape|50/100|[from] item: Leftovers
|upkeep
|
|t:|1757921349
|switch|p1b: Rillaboom|Rillaboom, L50, M|100/100
|-fieldstart|move: Grassy Terrain|[from] ability: Grassy Surge|[of] p1b: Rillaboom
|turn|3
|
|t:|1757921357
|move|p2b: Gothitelle|Protect|p2b: Gothitelle
|-singleturn|p2b: Gothitelle|Protect
|move|p2a: Amoonguss|Protect|p2a: Amoonguss
|-singleturn|p2a: Amoonguss|Protect
|move|p1b: Rillaboom|Fake Out|p2a: Amoonguss
|-activate|p2a: Amoonguss|move: Protect
|move|p1a: Annihilape|Rage Fist|p2b: Gothitelle
|-activate|p2b: Gothitelle|move: Protect
|
|-weather|RainDance|[upkeep]
|-heal|p1a: Annihilape|56/100|[from] Grassy Terrain
|-heal|p1a: Annihilape|62/100|[from] item: Leftovers
|upkeep
|turn|4
|
|t:|1757921373
|move|p1a: Annihilape|Protect|p1a: Annihilape
|-singleturn|p1a: Annihilape|Protect
|move|p2a: Amoonguss|Rage Powder|p2a: Amoonguss
|-singleturn|p2a: Amoonguss|move: Rage Powder
|move|p1b: Rillaboom|Wood Hammer|p2b: Gothitelle
|-damage|p2b: Gothitelle|17/100
|-enditem|p2b: Gothitelle|Sitrus Berry|[eat]
|-heal|p2b: Gothitelle|42/100|[from] item: Sitrus Berry
|-damage|p1b: Rillaboom|76/100|[from] Recoil
|move|p2b: Gothitelle|Psychic|p1a: Annihilape
|-activate|p1a: Annihilape|move: Protect
|
|-weather|RainDance|[upkeep]
|-heal|p1a: Annihilape|68/100|[from] Grassy Terrain
|-heal|p1a: Annihilape|74/100|[from] item: Leftovers
|-heal|p1b: Rillaboom|82/100|[from] Grassy Terrain
|-heal|p2b: Gothitelle|49/100|[from] Grassy Terrain
|upkeep
|turn|5
|
|t:|1757921390
|move|p2a: Amoonguss|Rage Powder|p2a: Amoonguss
|-singleturn|p2a: Amoonguss|move: Rage Powder
|move|p1a: Annihilape|Rage Fist|p2a: Amoonguss
|-damage|p2a: Amoonguss|38/100
|-enditem|p2a: Amoonguss|Eject Button
|
|t:|1757921397
|switch|p2a: Incineroar|Incineroar, L50, F|100/100
|-ability|p2a: Incineroar|Intimidate|boost
|-unboost|p1a: Annihilape|atk|1
|-ability|p1a: Annihilape|Defiant|boost
|-boost|p1a: Annihilape|atk|2
|-unboost|p1b: Rillaboom|atk|1
|move|p1b: Rillaboom|Wood Hammer|p2b: Gothitelle
|-damage|p2b: Gothitelle|0 fnt
|faint|p2b: Gothitelle
|-damage|p1b: Rillaboom|68/100|[from] Recoil
|
|-weather|none
|-heal|p1a: Annihilape|80/100|[from] Grassy Terrain
|-heal|p1a: Annihilape|86/100|[from] item: Leftovers
|-heal|p1b: Rillaboom|74/100|[from] Grassy Terrain
|upkeep
|
|t:|1757921413
|switch|p2b: Amoonguss|Amoonguss, L50, M|71/100
|turn|6
|
|t:|1757921441
|move|p2a: Incineroar|Fake Out|p1b: Rillaboom
|-damage|p1b: Rillaboom|63/100
|move|p1a: Annihilape|Rage Fist|p2b: Amoonguss
|-damage|p2b: Amoonguss|0 fnt
|faint|p2b: Amoonguss
|cant|p1b: Rillaboom|flinch
|
|-heal|p1a: Annihilape|92/100|[from] Grassy Terrain
|-heal|p1a: Annihilape|98/100|[from] item: Leftovers
|-heal|p1b: Rillaboom|69/100|[from] Grassy Terrain
|upkeep
|-message|deans milk forfeited.
|
|win|GhostEcto
|l|☆deans milk
|player|p2|
||deans milk is ready for game 2.
||GhostEcto is ready for game 2.
|uhtml|next|Next: Game 2 of 3
