|j|☆SunshineTufo
|j|☆Spasio
|html|SunshineTufoSpasio    
|uhtml|bestof|Game 2 of a best-of-3
|t:|1785399166
|gametype|doubles
|player|p1|SunshineTufo|li|1332
|player|p2|Spasio|101|1395
|gen|9
|tier|[Gen 9 Champions] VGC 2026 Reg M-B (Bo3)
|rated|
|rule|Species Clause: Limit one of each Pokémon
|rule|Item Clause: Limit 1 of each item
|clearpoke
|poke|p1|Raichu, L50, M, shiny|
|poke|p1|Decidueye-Hisui, L50, M|
|poke|p1|Floette-Eternal, L50, F|
|poke|p1|Aerodactyl, L50, M, shiny|
|poke|p1|Kingambit, L50, M|
|poke|p1|Basculegion, L50, M, shiny|
|poke|p2|Charizard, L50, M|
|poke|p2|Glimmora, L50, M|
|poke|p2|Whimsicott, L50, F|
|poke|p2|Ninetales-Alola, L50, F|
|poke|p2|Kingambit, L50, M|
|poke|p2|Kommo-o, L50, M|
|teampreview|4
|showteam|p1|Raichu||RaichuniteY|Static|ZapCannon,FocusBlast,FakeOut,Protect|Timid||M|||50|]Decidueye-Hisui||ScopeLens|Scrappy|TripleArrows,LeafBlade,Protect,Taunt|Adamant||M|||50|]Floette-Eternal||Floettite|FlowerVeil|Moonblast,DazzlingGleam,LightofRuin,Protect|Timid||F|||50|]Aerodactyl||FocusSash|Unnerve|RockSlide,DualWingbeat,Tailwind,Protect|Jolly||M|||50|]Kingambit||ChopleBerry|Defiant|KowtowCleave,IronHead,SuckerPunch,LowKick|Adamant||M|||50|]Basculegion||LifeOrb|Adaptability|WaveCrash,AquaJet,LastRespects,Protect|Adamant||M|||50|
|showteam|p2|Charizard||CharizarditeY|Blaze|HeatWave,WeatherBall,SolarBeam,Protect|Modest||M|||50|]Glimmora||Glimmoranite|ToxicDebris|SludgeBomb,PowerGem,EarthPower,SpikyShield|Modest||M|||50|]Whimsicott||FocusSash|Prankster|Moonblast,Tailwind,Encore,Protect|Timid||F|||50|]Ninetales-Alola||NeverMeltIce|SnowWarning|Blizzard,FreezeDry,Disable,Protect|Timid||F|||50|]Kingambit||BlackGlasses|Defiant|KowtowCleave,SuckerPunch,IronHead,Protect|Adamant||M|||50|]Kommo-o||LifeOrb|Overcoat|ClangingScales,AuraSphere,VacuumWave,Protect|Modest||M|||50|
|inactive|Battle timer is ON: inactive players will automatically lose when time's up. (requested by Spasio)
|inactive|SunshineTufo also wants the timer to be on.
|
|t:|1785399184
|teamsize|p1|4
|teamsize|p2|4
|start
|switch|p1a: Aerodactyl|Aerodactyl, L50, M, shiny|100/100
|switch|p1b: Basculegion|Basculegion, L50, M, shiny|100/100
|switch|p2a: Whimsicott|Whimsicott, L50, F|100/100
|switch|p2b: Charizard|Charizard, L50, M|100/100
|-ability|p1a: Aerodactyl|Unnerve
|turn|1
|
|t:|1785399196
|detailschange|p2b: Charizard|Charizard-Mega-Y, L50, M
|-mega|p2b: Charizard|Charizard|Charizardite Y
|-weather|SunnyDay|[from] ability: Drought|[of] p2b: Charizard
|move|p2a: Whimsicott|Tailwind|p2a: Whimsicott
|-sidestart|p2: Spasio|move: Tailwind
|move|p2b: Charizard|Solar Beam||[still]
|-prepare|p2b: Charizard|Solar Beam
|-anim|p2b: Charizard|Solar Beam|p1b: Basculegion
|-supereffective|p1b: Basculegion|1
|-damage|p1b: Basculegion|0 fnt
|faint|p1b: Basculegion
|move|p1a: Aerodactyl|Rock Slide|p2b: Charizard|[spread] p2a,p2b
|-supereffective|p2b: Charizard|2
|-damage|p2a: Whimsicott|65/100
|-damage|p2b: Charizard|0 fnt
|faint|p2b: Charizard
|
|-weather|SunnyDay|[upkeep]
|upkeep
|
|t:|1785399210
|switch|p2b: Kommo-o|Kommo-o, L50, M|100/100
|switch|p1b: Raichu|Raichu, L50, M, shiny|100/100
|turn|2
|
|t:|1785399219
|move|p1b: Raichu|Fake Out|p2b: Kommo-o
|-damage|p2b: Kommo-o|90/100
|move|p2a: Whimsicott|Encore|p1a: Aerodactyl
|-start|p1a: Aerodactyl|Encore
|cant|p2b: Kommo-o|flinch
|move|p1a: Aerodactyl|Rock Slide|p2a: Whimsicott|[spread] p2a,p2b
|-resisted|p2b: Kommo-o|1
|-damage|p2a: Whimsicott|27/100
|-damage|p2b: Kommo-o|78/100
|
|-weather|SunnyDay|[upkeep]
|upkeep
|turn|3
|
|t:|1785399226
|switch|p1b: Floette|Floette-Eternal, L50, F|100/100
|move|p2a: Whimsicott|Encore||[still]
|-fail|p2a: Whimsicott
|move|p2b: Kommo-o|Clanging Scales|p1b: Floette|[spread] p1a
|-immune|p1b: Floette
|-crit|p1a: Aerodactyl
|-enditem|p1a: Aerodactyl|Focus Sash
|-damage|p1a: Aerodactyl|1/100
|-unboost|p2b: Kommo-o|def|1
|-damage|p2b: Kommo-o|68/100|[from] item: Life Orb
|move|p1a: Aerodactyl|Rock Slide|p2a: Whimsicott|[spread] p2a,p2b
|-resisted|p2b: Kommo-o|1
|-damage|p2a: Whimsicott|0 fnt
|-damage|p2b: Kommo-o|49/100
|faint|p2a: Whimsicott
|
|-weather|SunnyDay|[upkeep]
|upkeep
|
|t:|1785399232
|switch|p2a: Kingambit|Kingambit, L50, M|100/100
|turn|4
|
|t:|1785399238
|move|p1b: Floette|Protect|p1b: Floette
|-singleturn|p1b: Floette|Protect
|move|p2b: Kommo-o|Vacuum Wave|p1a: Aerodactyl
|-damage|p1a: Aerodactyl|0 fnt
|faint|p1a: Aerodactyl
|-damage|p2b: Kommo-o|39/100|[from] item: Life Orb
|move|p2a: Kingambit|Iron Head|p1b: Floette
|-activate|p1b: Floette|move: Protect
|
|-weather|SunnyDay|[upkeep]
|-sideend|p2: Spasio|move: Tailwind
|upkeep
|
|t:|1785399240
|switch|p1a: Raichu|Raichu, L50, M, shiny|100/100
|turn|5
|
|t:|1785399247
|detailschange|p1a: Raichu|Raichu-Mega-Y, L50, M, shiny
|-mega|p1a: Raichu|Raichu|Raichunite Y
|move|p2b: Kommo-o|Protect|p2b: Kommo-o
|-singleturn|p2b: Kommo-o|Protect
|move|p2a: Kingambit|Protect|p2a: Kingambit
|-singleturn|p2a: Kingambit|Protect
|move|p1a: Raichu|Focus Blast|p2a: Kingambit
|-activate|p2a: Kingambit|move: Protect
|move|p1b: Floette|Dazzling Gleam|p2a: Kingambit|[spread] 
|-activate|p2a: Kingambit|move: Protect
|-activate|p2b: Kommo-o|move: Protect
|
|-weather|none
|upkeep
|turn|6
|
|t:|1785399253
|move|p2b: Kommo-o|Vacuum Wave|p1a: Raichu
|-damage|p1a: Raichu|67/100
|-damage|p2b: Kommo-o|29/100|[from] item: Life Orb
|move|p2a: Kingambit|Sucker Punch|p1a: Raichu
|-damage|p1a: Raichu|0 fnt
|faint|p1a: Raichu
|move|p1b: Floette|Dazzling Gleam|p2a: Kingambit|[spread] p2a,p2b
|-supereffective|p2b: Kommo-o|2
|-damage|p2a: Kingambit|63/100
|-damage|p2b: Kommo-o|0 fnt
|faint|p2b: Kommo-o
|
|upkeep
|turn|7
|
|t:|1785399259
|move|p1b: Floette|Light of Ruin|p2a: Kingambit
|-damage|p2a: Kingambit|0 fnt
|faint|p2a: Kingambit
|-damage|p1b: Floette|60/100|[from] Recoil
|
|win|SunshineTufo
|raw|SunshineTufo's rating: 1332 → 1356(+24 for winning)
|raw|Spasio's rating: 1395 → 1371(-24 for losing)
