|j|☆Icarus#UPAD
|j|☆AnriVGC
|html|Icarus#UPADAnriVGC    
|uhtml|bestof|Game 3 of a best-of-3
|t:|1756497340
|gametype|doubles
|player|p1|Icarus#UPAD|grimsley|1090
|player|p2|AnriVGC|hilda-masters3|1128
|gen|9
|tier|[Gen 9] VGC 2025 Reg H (Bo3)
|rated|
|rule|Species Clause: Limit one of each Pokémon
|rule|Item Clause: Limit 1 of each item
|clearpoke
|poke|p1|Gholdengo, L50|
|poke|p1|Dragonite, L50, F|
|poke|p1|Porygon2, L50|
|poke|p1|Ursaluna-Bloodmoon, L50, M|
|poke|p1|Primarina, L50, M|
|poke|p1|Incineroar, L50, F|
|poke|p2|Gholdengo, L50|
|poke|p2|Sneasler, L50, F|
|poke|p2|Rillaboom, L50, M|
|poke|p2|Dragonite, L50, F|
|poke|p2|Ninetales-Alola, L50, F|
|poke|p2|Arcanine-Hisui, L50, M|
|teampreview|4
|showteam|p1|Gholdengo||LifeOrb|GoodasGold|ShadowBall,MakeItRain,Reflect,LightScreen||||||50|,,,,,Steel]Dragonite||LoadedDice|Multiscale|Tailwind,ScaleShot,ExtremeSpeed,Haze|||F|||50|,,,,,Fairy]Porygon2||Eviolite|Download|Recover,IceBeam,TrickRoom,TeraBlast||||||50|,,,,,Fighting]Ursaluna-Bloodmoon||AssaultVest|MindsEye|VacuumWave,EarthPower,HyperVoice,BloodMoon|||M|||50|,,,,,Ghost]Primarina||SitrusBerry|LiquidVoice|HyperVoice,Haze,Moonblast,Protect|||M|||50|,,,,,Steel]Incineroar||SafetyGoggles|Intimidate|FakeOut,KnockOff,PartingShot,FlareBlitz|||F|||50|,,,,,Ghost
|showteam|p2|Gholdengo||GrassySeed|GoodasGold|NastyPlot,MakeItRain,ShadowBall,Protect||||||50|,,,,,Water]Sneasler||FocusSash|Unburden|CloseCombat,DireClaw,Coaching,FakeOut|||F|||50|,,,,,Ghost]Rillaboom||AssaultVest|GrassySurge|FakeOut,DrumBeating,HighHorsepower,GrassyGlide|||M|||50|,,,,,Fire]Dragonite||LoadedDice|Multiscale|ScaleShot,StompingTantrum,Haze,Protect|||F|||50|,,,,,Steel]Ninetales-Alola||LightClay|SnowWarning|IcyWind,Blizzard,Moonblast,AuroraVeil|||F|||50|,,,,,Water]Arcanine-Hisui||ClearAmulet|Intimidate|RockSlide,FlareBlitz,ExtremeSpeed,Protect|||M|||50|,,,,,Grass
|
|t:|1756497382
|teamsize|p1|4
|teamsize|p2|4
|start
|switch|p1a: Primarina|Primarina, L50, M|100/100
|switch|p1b: Porygon2|Porygon2, L50|100/100
|switch|p2a: Rillaboom|Rillaboom, L50, M|100/100
|switch|p2b: Gholdengo|Gholdengo, L50|100/100
|-fieldstart|move: Grassy Terrain|[from] ability: Grassy Surge|[of] p2a: Rillaboom
|-enditem|p2b: Gholdengo|Grassy Seed
|-boost|p2b: Gholdengo|def|1|[from] item: Grassy Seed
|-ability|p1b: Porygon2|Download|boost
|-boost|p1b: Porygon2|spa|1
|turn|1
|
|t:|1756497405
|switch|p1a: Incineroar|Incineroar, L50, F|100/100
|-ability|p1a: Incineroar|Intimidate|boost
|-unboost|p2a: Rillaboom|atk|1
|-unboost|p2b: Gholdengo|atk|1
|move|p2a: Rillaboom|Fake Out|p1b: Porygon2
|-damage|p1b: Porygon2|95/100
|move|p2b: Gholdengo|Make It Rain|p1b: Porygon2|[spread] p1a,p1b
|-resisted|p1a: Incineroar
|-crit|p1a: Incineroar
|-damage|p1a: Incineroar|60/100
|-damage|p1b: Porygon2|67/100
|-unboost|p2b: Gholdengo|spa|1
|cant|p1b: Porygon2|flinch
|
|-heal|p1a: Incineroar|66/100|[from] Grassy Terrain
|-heal|p1b: Porygon2|73/100|[from] Grassy Terrain
|upkeep
|turn|2
|
|t:|1756497436
|move|p2a: Rillaboom|High Horsepower|p1a: Incineroar
|-supereffective|p1a: Incineroar
|-damage|p1a: Incineroar|29/100
|move|p2b: Gholdengo|Nasty Plot|p2b: Gholdengo
|-boost|p2b: Gholdengo|spa|2
|move|p1a: Incineroar|Flare Blitz|p2b: Gholdengo
|-supereffective|p2b: Gholdengo
|-damage|p2b: Gholdengo|35/100
|-damage|p1a: Incineroar|10/100|[from] Recoil
|move|p1b: Porygon2|Trick Room|p1b: Porygon2
|-fieldstart|move: Trick Room|[of] p1b: Porygon2
|
|-heal|p1b: Porygon2|79/100|[from] Grassy Terrain
|-heal|p1a: Incineroar|16/100|[from] Grassy Terrain
|-heal|p2b: Gholdengo|41/100|[from] Grassy Terrain
|upkeep
|turn|3
|
|t:|1756497458
|-terastallize|p2a: Rillaboom|Fire
|move|p2b: Gholdengo|Protect|p2b: Gholdengo
|-singleturn|p2b: Gholdengo|Protect
|move|p1b: Porygon2|Ice Beam|p2a: Rillaboom
|-resisted|p2a: Rillaboom
|-damage|p2a: Rillaboom|86/100
|move|p1a: Incineroar|Flare Blitz|p2a: Rillaboom
|-resisted|p2a: Rillaboom
|-damage|p2a: Rillaboom|58/100
|-damage|p1a: Incineroar|7/100|[from] Recoil
|move|p2a: Rillaboom|High Horsepower|p1a: Incineroar
|-supereffective|p1a: Incineroar
|-damage|p1a: Incineroar|0 fnt
|faint|p1a: Incineroar
|
|-heal|p1b: Porygon2|85/100|[from] Grassy Terrain
|-heal|p2b: Gholdengo|47/100|[from] Grassy Terrain
|-heal|p2a: Rillaboom|64/100|[from] Grassy Terrain
|upkeep
|
|t:|1756497461
|switch|p1a: Primarina|Primarina, L50, M|100/100
|turn|4
|
|t:|1756497477
|move|p2a: Rillaboom|Grassy Glide|p1a: Primarina
|-supereffective|p1a: Primarina
|-damage|p1a: Primarina|45/100
|-enditem|p1a: Primarina|Sitrus Berry|[eat]
|-heal|p1a: Primarina|69/100|[from] item: Sitrus Berry
|move|p1b: Porygon2|Ice Beam|p2b: Gholdengo
|-resisted|p2b: Gholdengo
|-crit|p2b: Gholdengo
|-damage|p2b: Gholdengo|14/100
|move|p1a: Primarina|Hyper Voice|p2a: Rillaboom|[spread] p2a,p2b
|-supereffective|p2a: Rillaboom
|-damage|p2a: Rillaboom|10/100
|-damage|p2b: Gholdengo|0 fnt
|faint|p2b: Gholdengo
|
|-heal|p1b: Porygon2|92/100|[from] Grassy Terrain
|-heal|p1a: Primarina|75/100|[from] Grassy Terrain
|-heal|p2a: Rillaboom|16/100|[from] Grassy Terrain
|upkeep
|
|t:|1756497493
|switch|p2b: Sneasler|Sneasler, L50, F|100/100
|turn|5
|
|t:|1756497518
|move|p1a: Primarina|Protect|p1a: Primarina
|-singleturn|p1a: Primarina|Protect
|move|p1b: Porygon2|Ice Beam|p2b: Sneasler
|-damage|p2b: Sneasler|47/100
|move|p2a: Rillaboom|Drum Beating|p1b: Porygon2
|-damage|p1b: Porygon2|69/100
|-unboost|p1b: Porygon2|spe|1
|move|p2b: Sneasler|Dire Claw|p1a: Primarina
|-activate|p1a: Primarina|move: Protect
|
|-heal|p1b: Porygon2|75/100|[from] Grassy Terrain
|-heal|p1a: Primarina|81/100|[from] Grassy Terrain
|-heal|p2a: Rillaboom|22/100|[from] Grassy Terrain
|-heal|p2b: Sneasler|52/100|[from] Grassy Terrain
|-fieldend|move: Grassy Terrain
|upkeep
|turn|6
|
|t:|1756497544
|switch|p2b: Dragonite|Dragonite, L50, F|100/100
|-terastallize|p1a: Primarina|Steel
|move|p1b: Porygon2|Recover|p1b: Porygon2
|-heal|p1b: Porygon2|100/100
|move|p1a: Primarina|Hyper Voice|p2b: Dragonite|[spread] p2a,p2b
|-supereffective|p2a: Rillaboom
|-resisted|p2b: Dragonite
|-damage|p2a: Rillaboom|0 fnt
|-damage|p2b: Dragonite|90/100
|faint|p2a: Rillaboom
|
|-fieldend|move: Trick Room
|upkeep
|
|t:|1756497556
|switch|p2a: Sneasler|Sneasler, L50, F|52/100
|turn|7
|
|t:|1756497580
|move|p2a: Sneasler|Close Combat|p1b: Porygon2
|-supereffective|p1b: Porygon2
|-damage|p1b: Porygon2|9/100
|-unboost|p2a: Sneasler|def|1
|-unboost|p2a: Sneasler|spd|1
|move|p2b: Dragonite|Scale Shot|p1b: Porygon2
|-damage|p1b: Porygon2|0 fnt
|faint|p1b: Porygon2
|-hitcount|p1: Porygon2|1
|-unboost|p2b: Dragonite|def|1
|-boost|p2b: Dragonite|spe|1
|move|p1a: Primarina|Hyper Voice|p2a: Sneasler|[spread] p2a,p2b
|-resisted|p2b: Dragonite
|-damage|p2a: Sneasler|0 fnt
|-damage|p2b: Dragonite|72/100
|faint|p2a: Sneasler
|
|upkeep
|
|t:|1756497583
|switch|p1b: Gholdengo|Gholdengo, L50|100/100
|turn|8
|-message|AnriVGC forfeited.
|
|win|Icarus#UPAD
|raw|Icarus#UPAD's rating: 1090 → 1119(+29 for winning)
|raw|AnriVGC's rating: 1128 → 1100(-28 for losing)
|l|☆AnriVGC
|player|p2|
|j|☆AnriVGC
|player|p2|AnriVGC|hilda-masters3|
