|j|☆testdigi
|j|☆DaveyShwavey
|html|testdigiDaveyShwavey    
|uhtml|bestof|Game 2 of a best-of-3
|t:|1785419765
|gametype|doubles
|player|p1|testdigi|169|1114
|player|p2|DaveyShwavey|harlequin|1113
|gen|9
|tier|[Gen 9 Champions] VGC 2026 Reg M-B (Bo3)
|rated|
|rule|Species Clause: Limit one of each Pokémon
|rule|Item Clause: Limit 1 of each item
|clearpoke
|poke|p1|Tyranitar, L50, F|
|poke|p1|Excadrill, L50, F|
|poke|p1|Gholdengo, L50, shiny|
|poke|p1|Milotic, L50, F, shiny|
|poke|p1|Sinistcha, L50|
|poke|p1|Staraptor, L50, F|
|poke|p2|Sneasler, L50, F, shiny|
|poke|p2|Garchomp, L50, F, shiny|
|poke|p2|Whimsicott, L50, M, shiny|
|poke|p2|Basculegion, L50, M, shiny|
|poke|p2|Kingambit, L50, M, shiny|
|poke|p2|Charizard, L50, M, shiny|
|teampreview|4
|showteam|p1|Tyranitar||Tyranitarite|SandStream|RockSlide,KnockOff,LowKick,Protect|Adamant||F|||50|]Excadrill||FocusSash|SandRush|HighHorsepower,IronHead,RockTomb,Protect|Adamant||F|||50|]Gholdengo||LifeOrb|GoodasGold|ShadowBall,MakeItRain,NastyPlot,Protect|Modest|||||50|]Milotic||Leftovers|Competitive|Scald,Recover,IcyWind,Protect|Calm||F|||50|]Sinistcha||ColburBerry|Hospitality|MatchaGotcha,ShadowBall,RagePowder,Protect|Relaxed|||||50|]Staraptor||Staraptite|Intimidate|CloseCombat,BraveBird,Tailwind,Protect|Jolly||F|||50|
|showteam|p2|Sneasler||WhiteHerb|Unburden|FakeOut,DireClaw,CloseCombat,Protect|Adamant||F|||50|]Garchomp||LifeOrb|RoughSkin|Earthquake,Protect,DragonClaw,RockSlide|Jolly||F|||50|]Whimsicott||FocusSash|Prankster|Tailwind,Taunt,Moonblast,Encore|Timid||M|||50|]Basculegion||ChoiceScarf|Adaptability|AquaJet,WaveCrash,LastRespects,FlipTurn|Adamant||M|||50|]Kingambit||BlackGlasses|Defiant|KowtowCleave,IronHead,SuckerPunch,Protect|Adamant||M|||50|]Charizard||CharizarditeY|Blaze|HeatWave,WeatherBall,Protect,SolarBeam|Modest||M|||50|
|
|t:|1785419785
|teamsize|p1|4
|teamsize|p2|4
|start
|switch|p1a: Milotic|Milotic, L50, F, shiny|100/100
|switch|p1b: Tyranitar|Tyranitar, L50, F|100/100
|switch|p2a: Whimsicott|Whimsicott, L50, M, shiny|100/100
|switch|p2b: Sneasler|Sneasler, L50, F, shiny|100/100
|-weather|Sandstorm|[from] ability: Sand Stream|[of] p1b: Tyranitar
|turn|1
|
|t:|1785419813
|move|p1b: Tyranitar|Protect|p1b: Tyranitar
|-singleturn|p1b: Tyranitar|Protect
|move|p2b: Sneasler|Fake Out|p1a: Milotic
|-damage|p1a: Milotic|86/100
|move|p2a: Whimsicott|Moonblast|p1b: Tyranitar
|-activate|p1b: Tyranitar|move: Protect
|cant|p1a: Milotic|flinch
|
|-weather|Sandstorm|[upkeep]
|-damage|p2a: Whimsicott|94/100|[from] Sandstorm
|-damage|p2b: Sneasler|94/100|[from] Sandstorm
|-damage|p1a: Milotic|80/100|[from] Sandstorm
|-heal|p1a: Milotic|86/100|[from] item: Leftovers
|upkeep
|turn|2
|
|t:|1785419831
|switch|p1b: Sinistcha|Sinistcha, L50|100/100
|-heal|p1a: Milotic|100/100|[from] ability: Hospitality|[of] p1b: Sinistcha
|move|p2a: Whimsicott|Encore||[still]
|-fail|p2a: Whimsicott
|move|p2b: Sneasler|Close Combat|p1a: Milotic
|-damage|p1a: Milotic|40/100
|-unboost|p2b: Sneasler|def|1
|-unboost|p2b: Sneasler|spd|1
|-enditem|p2b: Sneasler|White Herb
|-clearnegativeboost|p2b: Sneasler|[silent]
|move|p1a: Milotic|Scald|p2b: Sneasler
|-damage|p2b: Sneasler|56/100
|-status|p2b: Sneasler|brn
|
|-weather|Sandstorm|[upkeep]
|-damage|p2b: Sneasler|50/100g brn|[from] Sandstorm
|-damage|p2a: Whimsicott|88/100|[from] Sandstorm
|-damage|p1a: Milotic|34/100|[from] Sandstorm
|-damage|p1b: Sinistcha|94/100|[from] Sandstorm
|-heal|p1a: Milotic|40/100|[from] item: Leftovers
|-damage|p2b: Sneasler|44/100 brn|[from] brn
|upkeep
|turn|3
|
|t:|1785419864
|move|p2a: Whimsicott|Taunt|p1b: Sinistcha
|-start|p1b: Sinistcha|move: Taunt
|move|p2b: Sneasler|Close Combat|p1a: Milotic
|-damage|p1a: Milotic|9/100
|-unboost|p2b: Sneasler|def|1
|-unboost|p2b: Sneasler|spd|1
|move|p1a: Milotic|Scald|p2a: Whimsicott
|-resisted|p2a: Whimsicott|1
|-damage|p2a: Whimsicott|66/100
|move|p1b: Sinistcha|Matcha Gotcha|p2a: Whimsicott|[spread] p2a,p2b
|-resisted|p2a: Whimsicott|1
|-resisted|p2b: Sneasler|1
|-damage|p2a: Whimsicott|46/100
|-heal|p1b: Sinistcha|100/100|[from] drain|[of] p2a: Whimsicott
|-damage|p2b: Sneasler|20/100y brn
|
|-weather|Sandstorm|[upkeep]
|-damage|p2b: Sneasler|14/100 brn|[from] Sandstorm
|-damage|p2a: Whimsicott|40/100|[from] Sandstorm
|-damage|p1a: Milotic|3/100|[from] Sandstorm
|-damage|p1b: Sinistcha|94/100|[from] Sandstorm
|-heal|p1a: Milotic|9/100|[from] item: Leftovers
|-damage|p2b: Sneasler|8/100 brn|[from] brn
|upkeep
|turn|4
|
|t:|1785419890
|switch|p1a: Staraptor|Staraptor, L50, F|100/100
|-ability|p1a: Staraptor|Intimidate|boost
|-unboost|p2a: Whimsicott|atk|1
|-unboost|p2b: Sneasler|atk|1
|move|p2b: Sneasler|Close Combat|p1a: Staraptor
|-damage|p1a: Staraptor|71/100
|-unboost|p2b: Sneasler|def|1
|-unboost|p2b: Sneasler|spd|1
|move|p2a: Whimsicott|Moonblast|p1b: Sinistcha
|-damage|p1b: Sinistcha|61/100
|-unboost|p1b: Sinistcha|spa|1
|move|p1b: Sinistcha|Shadow Ball|p2a: Whimsicott
|-damage|p2a: Whimsicott|3/100
|
|-weather|Sandstorm|[upkeep]
|-damage|p2b: Sneasler|3/100 brn|[from] Sandstorm
|-damage|p2a: Whimsicott|0 fnt|[from] Sandstorm
|-damage|p1a: Staraptor|65/100|[from] Sandstorm
|-damage|p1b: Sinistcha|56/100|[from] Sandstorm
|faint|p2a: Whimsicott
|-damage|p2b: Sneasler|0 fnt|[from] brn
|faint|p2b: Sneasler
|upkeep
|
|t:|1785419902
|switch|p2a: Garchomp|Garchomp, L50, F, shiny|100/100
|switch|p2b: Charizard|Charizard, L50, M, shiny|100/100
|turn|5
|
|t:|1785419933
|switch|p1a: Milotic|Milotic, L50, F, shiny|9/100
|move|p2a: Garchomp|Rock Slide|p1b: Sinistcha|[spread] p1a,p1b
|-damage|p1a: Milotic|0 fnt
|-damage|p1b: Sinistcha|34/100
|faint|p1a: Milotic
|-damage|p2a: Garchomp|90/100|[from] item: Life Orb
|move|p2b: Charizard|Weather Ball|p1b: Sinistcha
|-damage|p1b: Sinistcha|1/100
|move|p1b: Sinistcha|Shadow Ball|p2a: Garchomp
|-damage|p2a: Garchomp|67/100
|
|-weather|none
|-end|p1b: Sinistcha|move: Taunt
|upkeep
|
|t:|1785419943
|switch|p1a: Staraptor|Staraptor, L50, F|65/100
|-ability|p1a: Staraptor|Intimidate|boost
|-unboost|p2a: Garchomp|atk|1
|-unboost|p2b: Charizard|atk|1
|turn|6
|
|t:|1785419968
|switch|p1a: Tyranitar|Tyranitar, L50, F|100/100
|-weather|Sandstorm|[from] ability: Sand Stream|[of] p1a: Tyranitar
|move|p1b: Sinistcha|Protect|p1b: Sinistcha
|-singleturn|p1b: Sinistcha|Protect
|move|p2a: Garchomp|Dragon Claw|p1a: Tyranitar
|-damage|p1a: Tyranitar|65/100
|-damage|p2a: Garchomp|57/100|[from] item: Life Orb
|move|p2b: Charizard|Heat Wave|p1b: Sinistcha|[spread] p1a
|-activate|p1b: Sinistcha|move: Protect
|-resisted|p1a: Tyranitar|1
|-damage|p1a: Tyranitar|54/100
|
|-weather|Sandstorm|[upkeep]
|-damage|p2b: Charizard|94/100|[from] Sandstorm
|-damage|p1b: Sinistcha|0 fnt|[from] Sandstorm
|faint|p1b: Sinistcha
|upkeep
|
|t:|1785419972
|switch|p1b: Staraptor|Staraptor, L50, F|65/100
|-ability|p1b: Staraptor|Intimidate|boost
|-unboost|p2a: Garchomp|atk|1
|-unboost|p2b: Charizard|atk|1
|turn|7
|
|t:|1785420009
|detailschange|p2b: Charizard|Charizard-Mega-Y, L50, M, shiny
|-mega|p2b: Charizard|Charizard|Charizardite Y
|-weather|SunnyDay|[from] ability: Drought|[of] p2b: Charizard
|move|p1a: Tyranitar|Protect|p1a: Tyranitar
|-singleturn|p1a: Tyranitar|Protect
|move|p2a: Garchomp|Dragon Claw|p1b: Staraptor
|-damage|p1b: Staraptor|30/100
|-damage|p2a: Garchomp|48/100|[from] item: Life Orb
|move|p1b: Staraptor|Tailwind|p1b: Staraptor
|-sidestart|p1: testdigi|move: Tailwind
|move|p2b: Charizard|Solar Beam||[still]
|-prepare|p2b: Charizard|Solar Beam
|-anim|p2b: Charizard|Solar Beam|p1a: Tyranitar
|-activate|p1a: Tyranitar|move: Protect
|
|-weather|SunnyDay|[upkeep]
|upkeep
|turn|8
|
|t:|1785420028
|detailschange|p1a: Tyranitar|Tyranitar-Mega, L50, F
|-mega|p1a: Tyranitar|Tyranitar|Tyranitarite
|-weather|Sandstorm|[from] ability: Sand Stream|[of] p1a: Tyranitar
|move|p2b: Charizard|Protect|p2b: Charizard
|-singleturn|p2b: Charizard|Protect
|move|p1b: Staraptor|Brave Bird|p2a: Garchomp
|-damage|p2a: Garchomp|1/100
|-damage|p1b: Staraptor|18/100|[from] ability: Rough Skin|[of] p2a: Garchomp
|-damage|p1b: Staraptor|2/100|[from] Recoil
|move|p1a: Tyranitar|Rock Slide|p2a: Garchomp|[spread] p2a
|-activate|p2b: Charizard|move: Protect
|-resisted|p2a: Garchomp|1
|-damage|p2a: Garchomp|0 fnt
|faint|p2a: Garchomp
|
|-weather|Sandstorm|[upkeep]
|-damage|p1b: Staraptor|0 fnt|[from] Sandstorm
|-damage|p2b: Charizard|88/100|[from] Sandstorm
|faint|p1b: Staraptor
|upkeep
|turn|9
|
|t:|1785420050
|move|p1a: Tyranitar|Rock Slide|p2b: Charizard
|-supereffective|p2b: Charizard|2
|-damage|p2b: Charizard|0 fnt
|faint|p2b: Charizard
|
|win|testdigi
