|j|☆farangjake
|j|☆sleepykittybun
|html|farangjakesleepykittybun    
|uhtml|bestof|Game 1 of a best-of-3
|t:|1783190084
|gametype|doubles
|player|p1|farangjake|hilbert|
|player|p2|sleepykittybun|candice|
|gen|9
|tier|[Gen 9 Champions] VGC 2026 Reg M-B (Bo3)
|rule|Species Clause: Limit one of each Pokémon
|rule|Item Clause: Limit 1 of each item
|clearpoke
|poke|p1|Charizard, L50, M|
|poke|p1|Whimsicott, L50, F|
|poke|p1|Basculegion, L50, M|
|poke|p1|Garchomp, L50, F|
|poke|p1|Sylveon, L50, F, shiny|
|poke|p1|Farigiraf, L50, F|
|poke|p2|Delphox, L50, F, shiny|
|poke|p2|Torkoal, L50, M|
|poke|p2|Venusaur, L50, M|
|poke|p2|Garchomp, L50, F|
|poke|p2|Klefki, L50, M|
|poke|p2|Rotom-Wash, L50|
|teampreview|4
|showteam|p1|Charizard||CharizarditeY|Blaze|SolarBeam,Overheat,HeatWave,Protect|Timid||M|||50|]Whimsicott||FocusSash|Prankster|Moonblast,SunnyDay,Encore,Tailwind|Timid||F|||50|]Basculegion||ChoiceScarf|Adaptability|WaveCrash,LastRespects,FlipTurn,AquaJet|Jolly||M|||50|]Garchomp||Garchompite|RoughSkin|DragonClaw,Earthquake,Protect,RockSlide|Jolly||F|||50|]Sylveon||FairyFeather|Pixilate|QuickAttack,HyperVoice,HyperBeam,Protect|Bold||F|||50|]Farigiraf||SitrusBerry|ArmorTail|TwinBeam,Protect,TrickRoom,HelpingHand|Bold||F|||50|
|showteam|p2|Delphox||Delphoxite|Blaze|HeatWave,Psyshock,NastyPlot,Protect|Timid||F|||50|]Torkoal||Charcoal|Drought|Eruption,HelpingHand,Protect,WeatherBall|Quiet||M|||50|]Venusaur||Venusaurite|Chlorophyll|GigaDrain,SludgeBomb,EarthPower,Protect|Modest||M|||50|]Garchomp||LifeOrb|RoughSkin|Earthquake,DragonClaw,RockSlide,Protect|Jolly||F|||50|]Klefki||LightClay|Prankster|TrickRoom,SunnyDay,LightScreen,Reflect|Bold||M|||50|]Rotom-Wash||Leftovers|Levitate|Thunderbolt,HydroPump,Electroweb,WillOWisp|Calm|||||50|
|
|t:|1783190158
|teamsize|p1|4
|teamsize|p2|4
|start
|switch|p1a: Whimsicott|Whimsicott, L50, F|100/100
|switch|p1b: Garchomp|Garchomp, L50, F|100/100
|switch|p2a: Rotom|Rotom-Wash, L50|100/100
|switch|p2b: Klefki|Klefki, L50, M|100/100
|turn|1
|inactive|Battle timer is ON: inactive players will automatically lose when time's up. (requested by farangjake)
|
|t:|1783190189
|switch|p1a: Farigiraf|Farigiraf, L50, F|100/100
|detailschange|p1b: Garchomp|Garchomp-Mega, L50, F
|-mega|p1b: Garchomp|Garchomp|Garchompite
|move|p1b: Garchomp|Dragon Claw|p2a: Rotom
|-damage|p2a: Rotom|49/100
|move|p2a: Rotom|Will-O-Wisp|p1b: Garchomp
|-status|p1b: Garchomp|brn
|move|p2b: Klefki|Trick Room|p2b: Klefki
|-fieldstart|move: Trick Room|[of] p2b: Klefki
|
|-heal|p2a: Rotom|55/100|[from] item: Leftovers
|-damage|p1b: Garchomp|94/100 brn|[from] brn
|upkeep
|turn|2
|inactive|sleepykittybun has 30 seconds left.
|inactive|sleepykittybun has 20 seconds left.
|
|t:|1783190229
|move|p2b: Klefki|Reflect|p2b: Klefki
|-sidestart|p2: sleepykittybun|Reflect
|move|p2a: Rotom|Hydro Pump|p1b: Garchomp
|-damage|p1b: Garchomp|49/100 brn
|move|p1b: Garchomp|Dragon Claw|p2a: Rotom
|-damage|p2a: Rotom|36/100
|move|p1a: Farigiraf|Trick Room|p1a: Farigiraf
|-fieldend|move: Trick Room
|
|-heal|p2a: Rotom|42/100|[from] item: Leftovers
|-damage|p1b: Garchomp|43/100 brn|[from] brn
|upkeep
|turn|3
|inactive|farangjake has 30 seconds left.
|
|t:|1783190258
|switch|p1b: Sylveon|Sylveon, L50, F, shiny|100/100
|move|p2b: Klefki|Light Screen|p2b: Klefki
|-sidestart|p2: sleepykittybun|move: Light Screen
|move|p2a: Rotom|Hydro Pump|p1b: Sylveon
|-damage|p1b: Sylveon|62/100
|move|p1a: Farigiraf|Twin Beam|p2a: Rotom
|-damage|p2a: Rotom|33/100
|-damage|p2a: Rotom|24/100
|-hitcount|p2a: Rotom|2
|
|-heal|p2a: Rotom|30/100|[from] item: Leftovers
|upkeep
|turn|4
|inactive|sleepykittybun has 30 seconds left.
|
|t:|1783190284
|move|p2a: Rotom|Hydro Pump|p1b: Sylveon|[miss]
|-miss|p2a: Rotom|p1b: Sylveon
|move|p1b: Sylveon|Hyper Voice|p2b: Klefki|[spread] p2a,p2b
|-resisted|p2b: Klefki|1
|-damage|p2a: Rotom|7/100
|-damage|p2b: Klefki|85/100
|move|p2b: Klefki|Trick Room|p2b: Klefki
|-fieldstart|move: Trick Room|[of] p2b: Klefki
|move|p1a: Farigiraf|Trick Room|p1a: Farigiraf
|-fieldend|move: Trick Room
|
|-heal|p2a: Rotom|13/100|[from] item: Leftovers
|upkeep
|turn|5
|
|t:|1783190307
|move|p2b: Klefki|Sunny Day|p2b: Klefki
|-weather|SunnyDay
|move|p2a: Rotom|Electroweb|p1a: Farigiraf|[spread] p1a,p1b
|-damage|p1a: Farigiraf|85/100
|-damage|p1b: Sylveon|48/100
|-unboost|p1a: Farigiraf|spe|1
|-unboost|p1b: Sylveon|spe|1
|move|p1b: Sylveon|Hyper Voice|p2b: Klefki|[spread] p2a,p2b
|-resisted|p2b: Klefki|1
|-damage|p2a: Rotom|0 fnt
|-damage|p2b: Klefki|71/100
|faint|p2a: Rotom
|move|p1a: Farigiraf|Twin Beam|p2b: Klefki
|-resisted|p2b: Klefki|1
|-damage|p2b: Klefki|67/100
|-resisted|p2b: Klefki|1
|-damage|p2b: Klefki|62/100
|-hitcount|p2b: Klefki|2
|
|-weather|SunnyDay|[upkeep]
|upkeep
|
|t:|1783190322
|switch|p2a: Venusaur|Venusaur, L50, M|100/100
|turn|6
|
|t:|1783190347
|move|p1b: Sylveon|Protect|p1b: Sylveon
|-singleturn|p1b: Sylveon|Protect
|move|p2a: Venusaur|Sludge Bomb|p1b: Sylveon
|-activate|p1b: Sylveon|move: Protect
|move|p2b: Klefki|Trick Room|p2b: Klefki
|-fieldstart|move: Trick Room|[of] p2b: Klefki
|move|p1a: Farigiraf|Trick Room|p1a: Farigiraf
|-fieldend|move: Trick Room
|
|-weather|SunnyDay|[upkeep]
|upkeep
|turn|7
|
|t:|1783190368
|move|p1b: Sylveon|Protect||[still]
|-fail|p1b: Sylveon
|move|p2a: Venusaur|Sludge Bomb|p1b: Sylveon
|-supereffective|p1b: Sylveon|1
|-damage|p1b: Sylveon|0 fnt
|faint|p1b: Sylveon
|move|p1a: Farigiraf|Twin Beam|p2a: Venusaur
|-supereffective|p2a: Venusaur|1
|-damage|p2a: Venusaur|82/100
|-supereffective|p2a: Venusaur|1
|-damage|p2a: Venusaur|63/100
|-hitcount|p2a: Venusaur|2
|move|p2b: Klefki|Trick Room|p2b: Klefki
|-fieldstart|move: Trick Room|[of] p2b: Klefki
|
|-weather|SunnyDay|[upkeep]
|upkeep
|
|t:|1783190384
|switch|p1b: Garchomp|Garchomp-Mega, L50, F|43/100 brn
|turn|8
|inactive|sleepykittybun has 30 seconds left.
|inactive|sleepykittybun has 20 seconds left.
|
|t:|1783190420
|detailschange|p2a: Venusaur|Venusaur-Mega, L50, M
|-mega|p2a: Venusaur|Venusaur|Venusaurite
|move|p1b: Garchomp|Protect|p1b: Garchomp
|-singleturn|p1b: Garchomp|Protect
|move|p2b: Klefki|Reflect||[still]
|-fail|p2b: Klefki
|move|p1a: Farigiraf|Twin Beam|p2a: Venusaur
|-supereffective|p2a: Venusaur|1
|-damage|p2a: Venusaur|47/100
|-supereffective|p2a: Venusaur|1
|-damage|p2a: Venusaur|32/100
|-hitcount|p2a: Venusaur|2
|move|p2a: Venusaur|Giga Drain|p1b: Garchomp
|-activate|p1b: Garchomp|move: Protect
|
|-weather|SunnyDay|[upkeep]
|-damage|p1b: Garchomp|37/100 brn|[from] brn
|upkeep
|turn|9
|
|t:|1783190445
|switch|p1b: Whimsicott|Whimsicott, L50, F|100/100
|move|p1a: Farigiraf|Twin Beam|p2a: Venusaur
|-supereffective|p2a: Venusaur|1
|-damage|p2a: Venusaur|12/100
|-supereffective|p2a: Venusaur|1
|-damage|p2a: Venusaur|0 fnt
|faint|p2a: Venusaur
|-hitcount|p2: Venusaur|2
|move|p2b: Klefki|Trick Room|p2b: Klefki
|-fieldend|move: Trick Room
|
|-weather|none
|-sideend|p2: sleepykittybun|Reflect
|upkeep
|
|t:|1783190455
|switch|p2a: Garchomp|Garchomp, L50, F|100/100
|turn|10
|
|t:|1783190471
|move|p1b: Whimsicott|Encore|p2b: Klefki
|-start|p2b: Klefki|Encore
|move|p2a: Garchomp|Rock Slide|p1b: Whimsicott|[spread] p1a,p1b
|-damage|p1a: Farigiraf|64/100
|-damage|p1b: Whimsicott|59/100
|-damage|p2a: Garchomp|90/100|[from] item: Life Orb
|move|p1a: Farigiraf|Twin Beam|p2a: Garchomp
|-damage|p2a: Garchomp|78/100
|-damage|p2a: Garchomp|67/100
|-hitcount|p2a: Garchomp|2
|move|p2b: Klefki|Trick Room|p2b: Klefki
|-fieldstart|move: Trick Room|[of] p2b: Klefki
|
|-sideend|p2: sleepykittybun|move: Light Screen
|upkeep
|turn|11
|inactive|farangjake has 30 seconds left.
|
|t:|1783190497
|move|p1a: Farigiraf|Twin Beam|p2b: Klefki
|-resisted|p2b: Klefki|1
|-damage|p2b: Klefki|54/100
|-resisted|p2b: Klefki|1
|-damage|p2b: Klefki|46/100
|-hitcount|p2b: Klefki|2
|move|p2a: Garchomp|Rock Slide|p1a: Farigiraf|[spread] p1a,p1b
|-damage|p1a: Farigiraf|44/100
|-damage|p1b: Whimsicott|18/100
|-enditem|p1a: Farigiraf|Sitrus Berry|[eat]
|-heal|p1a: Farigiraf|69/100|[from] item: Sitrus Berry
|-damage|p2a: Garchomp|57/100|[from] item: Life Orb
|cant|p1b: Whimsicott|flinch
|move|p2b: Klefki|Trick Room|p2b: Klefki
|-fieldend|move: Trick Room
|
|upkeep
|turn|12
|
|t:|1783190515
|move|p1a: Farigiraf|Helping Hand|p1b: Whimsicott
|-singleturn|p1b: Whimsicott|Helping Hand|[of] p1a: Farigiraf
|move|p1b: Whimsicott|Moonblast|p2a: Garchomp
|-supereffective|p2a: Garchomp|1
|-damage|p2a: Garchomp|0 fnt
|faint|p2a: Garchomp
|move|p2b: Klefki|Trick Room|p2b: Klefki
|-fieldstart|move: Trick Room|[of] p2b: Klefki
|
|-end|p2b: Klefki|Encore
|upkeep
|turn|13
|
|t:|1783190532
|move|p1a: Farigiraf|Helping Hand|p1b: Whimsicott
|-singleturn|p1b: Whimsicott|Helping Hand|[of] p1a: Farigiraf
|move|p2b: Klefki|Light Screen|p2b: Klefki
|-sidestart|p2: sleepykittybun|move: Light Screen
|move|p1b: Whimsicott|Encore|p2b: Klefki
|-start|p2b: Klefki|Encore
|
|upkeep
|turn|14
|
|t:|1783190540
|move|p2b: Klefki|Light Screen||[still]
|-fail|p2b: Klefki
|move|p1a: Farigiraf|Twin Beam|p2b: Klefki
|-resisted|p2b: Klefki|1
|-damage|p2b: Klefki|42/100
|-resisted|p2b: Klefki|1
|-damage|p2b: Klefki|36/100
|-hitcount|p2b: Klefki|2
|move|p1b: Whimsicott|Moonblast|p2b: Klefki
|-resisted|p2b: Klefki|1
|-damage|p2b: Klefki|25/100
|
|upkeep
|turn|15
|
|t:|1783190550
|move|p2b: Klefki|Light Screen||[still]
|-fail|p2b: Klefki
|move|p1a: Farigiraf|Twin Beam|p2b: Klefki
|-resisted|p2b: Klefki|1
|-damage|p2b: Klefki|19/100
|-resisted|p2b: Klefki|1
|-damage|p2b: Klefki|14/100
|-hitcount|p2b: Klefki|2
|move|p1b: Whimsicott|Moonblast|p2b: Klefki
|-resisted|p2b: Klefki|1
|-damage|p2b: Klefki|1/100
|
|upkeep
|turn|16
|
|t:|1783190561
|move|p2b: Klefki|Light Screen||[still]
|-fail|p2b: Klefki
|move|p1a: Farigiraf|Twin Beam|p2b: Klefki
|-resisted|p2b: Klefki|1
|-damage|p2b: Klefki|0 fnt
|faint|p2b: Klefki
|-hitcount|p2: Klefki|1
|
|win|farangjake
||farangjake is ready for game 2.
|inactive|sleepykittybun has 30 seconds to confirm battle start!
||sleepykittybun is ready for game 2.
|uhtml|next|Next: Game 2 of 3
