|j|‽foursevensixone
|j|☆raksbach
|html|foursevensixoneraksbach    
|uhtml|bestof|Game 1 of a best-of-3
|t:|1784543154
|gametype|doubles
|player|p1|foursevensixone|265|1113
|player|p2|raksbach|266|1231
|gen|9
|tier|[Gen 9 Champions] VGC 2026 Reg M-B (Bo3)
|rated|
|rule|Species Clause: Limit one of each Pokémon
|rule|Item Clause: Limit 1 of each item
|clearpoke
|poke|p1|Pyroar, L50, M|
|poke|p1|Whimsicott, L50, F|
|poke|p1|Vileplume, L50, M|
|poke|p1|Charizard, L50, F|
|poke|p1|Kleavor, L50, M|
|poke|p1|Garchomp, L50, M|
|poke|p2|Incineroar, L50, F|
|poke|p2|Maushold, L50|
|poke|p2|Sinistcha, L50|
|poke|p2|Sneasler, L50, M|
|poke|p2|Blastoise, L50, M|
|poke|p2|Delphox, L50, M|
|teampreview|4
|showteam|p1|Pyroar||Pyroarite|Unnerve|HeatWave,Protect,HyperVoice,Flamethrower|Timid||M|||50|]Whimsicott||FocusSash|Prankster|Tailwind,Taunt,Moonblast,SunnyDay|Bold||F|||50|]Vileplume||SitrusBerry|Chlorophyll|SolarBeam,SleepPowder,WeatherBall,SludgeBomb|Timid||M|||50|]Charizard||CharizarditeY|SolarPower|HeatWave,Flamethrower,AirSlash,Hurricane|Modest||F|||50|]Kleavor||ExpertBelt|Sharpness|RockSlide,StoneAxe,Uturn,XScissor|Adamant||M|||50|]Garchomp||MentalHerb|RoughSkin|DragonClaw,StompingTantrum,Protect,DragonTail|Serious||M|||50|
|showteam|p2|Incineroar||SitrusBerry|Intimidate|FakeOut,FlareBlitz,DarkestLariat,PartingShot|Impish||F|||50|]Maushold||ChopleBerry|FriendGuard|SuperFang,FollowMe,Protect,Feint|Impish|||||50|]Sinistcha||OccaBerry|Hospitality|MatchaGotcha,LifeDew,RagePowder,Protect|Bold|||||50|]Sneasler||FocusSash|PoisonTouch|FakeOut,CloseCombat,DireClaw,QuickGuard|Jolly||M|||50|]Blastoise||Blastoisinite|Torrent|WaterSpout,DarkPulse,ShellSmash,Protect|Modest||M|||50|]Delphox||Delphoxite|Blaze|HeatWave,Psychic,NastyPlot,Protect|Timid||M|||50|
|inactive|Battle timer is ON: inactive players will automatically lose when time's up. (requested by raksbach)
|inactive|foursevensixone has 60 seconds left.
|
|t:|1784543192
|teamsize|p1|4
|teamsize|p2|4
|start
|switch|p1a: Kleavor|Kleavor, L50, M|100/100
|switch|p1b: Whimsicott|Whimsicott, L50, F|100/100
|switch|p2a: Sneasler|Sneasler, L50, M|100/100
|switch|p2b: Incineroar|Incineroar, L50, F|100/100
|-ability|p2b: Incineroar|Intimidate|boost
|-unboost|p1a: Kleavor|atk|1
|-unboost|p1b: Whimsicott|atk|1
|turn|1
|inactive|foursevensixone has 30 seconds left.
|inactive|foursevensixone has 20 seconds left.
|inactive|foursevensixone has 15 seconds left.
|
|t:|1784543235
|switch|p1a: Garchomp|Garchomp, L50, M|100/100
|move|p2b: Incineroar|Fake Out|p1b: Whimsicott
|-damage|p1b: Whimsicott|91/100
|cant|p1b: Whimsicott|flinch
|move|p2a: Sneasler|Dire Claw|p1b: Whimsicott
|-supereffective|p1b: Whimsicott|2
|-damage|p1b: Whimsicott|0 fnt
|faint|p1b: Whimsicott
|
|upkeep
|
|t:|1784543247
|switch|p1b: Kleavor|Kleavor, L50, M|100/100
|turn|2
|
|t:|1784543263
|switch|p2b: Sinistcha|Sinistcha, L50|100/100
|move|p2a: Sneasler|Close Combat|p1b: Kleavor
|-damage|p1b: Kleavor|29/100
|-unboost|p2a: Sneasler|def|1
|-unboost|p2a: Sneasler|spd|1
|move|p1a: Garchomp|Stomping Tantrum|p2a: Sneasler
|-supereffective|p2a: Sneasler|1
|-enditem|p2a: Sneasler|Focus Sash
|-damage|p2a: Sneasler|1/100
|move|p1b: Kleavor|Stone Axe|p2b: Sinistcha
|-damage|p2b: Sinistcha|50/100g
|-sidestart|p2: raksbach|move: Stealth Rock
|
|upkeep
|turn|3
|inactive|foursevensixone has 30 seconds left.
|
|t:|1784543297
|switch|p2b: Incineroar|Incineroar, L50, F|100/100
|-damage|p2b: Incineroar|75/100|[from] Stealth Rock
|-ability|p2b: Incineroar|Intimidate|boost
|-unboost|p1a: Garchomp|atk|1
|-unboost|p1b: Kleavor|atk|1
|move|p2a: Sneasler|Close Combat|p1b: Kleavor
|-damage|p1b: Kleavor|0 fnt
|-unboost|p2a: Sneasler|def|1
|-unboost|p2a: Sneasler|spd|1
|faint|p1b: Kleavor
|move|p1a: Garchomp|Dragon Claw|p2a: Sneasler
|-damage|p2a: Sneasler|0 fnt
|faint|p2a: Sneasler
|
|upkeep
|
|t:|1784543314
|switch|p2a: Sinistcha|Sinistcha, L50|50/100g
|switch|p1b: Pyroar|Pyroar, L50, M|100/100
|-ability|p1b: Pyroar|Unnerve
|-damage|p2a: Sinistcha|38/100|[from] Stealth Rock
|-heal|p2b: Incineroar|100/100|[from] ability: Hospitality|[of] p2a: Sinistcha
|turn|4
|inactive|raksbach has 30 seconds left.
|inactive|raksbach has 20 seconds left.
|
|t:|1784543350
|detailschange|p1b: Pyroar|Pyroar-Mega, L50, M
|-mega|p1b: Pyroar|Pyroar|Pyroarite
|move|p1b: Pyroar|Heat Wave|p2a: Sinistcha|[spread] p2a
|-miss|p1b: Pyroar|p2b: Incineroar
|-supereffective|p2a: Sinistcha|1
|-enditem|p2a: Sinistcha|Occa Berry|[eat]
|-enditem|p2a: Sinistcha|Occa Berry|[weaken]
|-damage|p2a: Sinistcha|0 fnt
|faint|p2a: Sinistcha
|move|p1a: Garchomp|Stomping Tantrum|p2b: Incineroar
|-supereffective|p2b: Incineroar|1
|-damage|p2b: Incineroar|70/100
|move|p2b: Incineroar|Parting Shot|p1a: Garchomp
|-unboost|p1a: Garchomp|atk|1
|-unboost|p1a: Garchomp|spa|1
|
|t:|1784543362
|switch|p2b: Delphox|Delphox, L50, M|100/100|[from] Parting Shot
|-damage|p2b: Delphox|75/100|[from] Stealth Rock
|
|upkeep
|
|t:|1784543367
|switch|p2a: Incineroar|Incineroar, L50, F|70/100
|-damage|p2a: Incineroar|45/100|[from] Stealth Rock
|-ability|p2a: Incineroar|Intimidate|boost
|-unboost|p1a: Garchomp|atk|1
|-unboost|p1b: Pyroar|atk|1
|-enditem|p2a: Incineroar|Sitrus Berry|[eat]
|-heal|p2a: Incineroar|70/100|[from] item: Sitrus Berry
|turn|5
|inactive|foursevensixone has 30 seconds left.
|
|t:|1784543400
|detailschange|p2b: Delphox|Delphox-Mega, L50, M
|-mega|p2b: Delphox|Delphox|Delphoxite
|move|p2a: Incineroar|Fake Out|p1b: Pyroar
|-damage|p1b: Pyroar|87/100
|cant|p1b: Pyroar|flinch
|move|p2b: Delphox|Nasty Plot|p2b: Delphox
|-boost|p2b: Delphox|spa|2
|move|p1a: Garchomp|Stomping Tantrum|p2b: Delphox
|-immune|p2b: Delphox|[from] ability: Levitate
|
|upkeep
|turn|6
|
|t:|1784543419
|move|p2b: Delphox|Protect|p2b: Delphox
|-singleturn|p2b: Delphox|Protect
|move|p1b: Pyroar|Hyper Voice|p2a: Incineroar|[spread] p2a
|-activate|p2b: Delphox|move: Protect
|-damage|p2a: Incineroar|41/100
|move|p1a: Garchomp|Dragon Claw|p2b: Delphox
|-activate|p2b: Delphox|move: Protect
|move|p2a: Incineroar|Parting Shot|p1b: Pyroar
|-unboost|p1b: Pyroar|atk|1
|-unboost|p1b: Pyroar|spa|1
|
|upkeep
|turn|7
|
|t:|1784543440
|move|p1b: Pyroar|Hyper Voice|p2a: Incineroar|[spread] p2a,p2b
|-damage|p2a: Incineroar|20/100y
|-damage|p2b: Delphox|53/100
|move|p2b: Delphox|Psychic|p1b: Pyroar
|-damage|p1b: Pyroar|0 fnt
|faint|p1b: Pyroar
|move|p1a: Garchomp|Dragon Claw|p2b: Delphox
|-damage|p2b: Delphox|36/100
|move|p2a: Incineroar|Parting Shot|p1a: Garchomp
|-unboost|p1a: Garchomp|atk|1
|-unboost|p1a: Garchomp|spa|1
|
|upkeep
|turn|8
|-message|foursevensixone forfeited.
|raw|foursevensixone's rating: 1113 → 1096(-17 for losing)
|raw|raksbach's rating: 1231 → 1248(+17 for winning)
|
|win|raksbach
