|j|☆AggronZyrd
|j|☆foiledfeline
|html|AggronZyrdfoiledfeline    
|uhtml|bestof|Game 2 of a best-of-3
|t:|1756351612
|gametype|doubles
|player|p1|AggronZyrd|pokemaniac|1151
|player|p2|foiledfeline|1|1078
|gen|9
|tier|[Gen 9] VGC 2025 Reg H (Bo3)
|rated|
|rule|Species Clause: Limit one of each Pokémon
|rule|Item Clause: Limit 1 of each item
|clearpoke
|poke|p1|Archaludon, L50, F|
|poke|p1|Pelipper, L50, F|
|poke|p1|Sinistcha, L50|
|poke|p1|Ursaluna, L50, F|
|poke|p1|Dragonite, L50, F|
|poke|p1|Gholdengo, L50|
|poke|p2|Delphox, L50, M|
|poke|p2|Sneasler, L50, F|
|poke|p2|Indeedee, L50, M|
|poke|p2|Whimsicott, L50, M|
|poke|p2|Annihilape, L50, M|
|poke|p2|Maushold-Four, L50|
|teampreview|4
|showteam|p1|Archaludon||AssaultVest|Stamina|FlashCannon,ElectroShot,BodyPress,DracoMeteor|||F|||50|,,,,,Fighting]Pelipper||FocusSash|Drizzle|Hurricane,Tailwind,MuddyWater,WideGuard|||F|||50|,,,,,Ghost]Sinistcha||SitrusBerry|Hospitality|MatchaGotcha,Withdraw,TrickRoom,RagePowder||||||50|,,,,,Dark]Ursaluna||FlameOrb|Guts|HeadlongRush,Earthquake,Facade,Protect|||F|||50|,,,,,Ghost]Dragonite||LoadedDice|InnerFocus|Haze,ScaleShot,Tailwind,Protect|||F|||50|,,,,,Fairy]Gholdengo||ChoiceScarf|GoodasGold|MakeItRain,ShadowBall,Trick,TeraBlast||||||50|,,,,,Water
|showteam|p2|Delphox||LifeOrb|Blaze|HeatWave,ExpandingForce,TeraBlast,Protect|||M|||50|,,,,,Fighting]Sneasler||PsychicSeed|Unburden|CloseCombat,DireClaw,ThroatChop,Protect|||F|||50|,,,,,Dark]Indeedee||FocusSash|PsychicSurge|ExpandingForce,TrickRoom,Protect,TeraBlast|||M|||50|,,,,,Fighting]Whimsicott||CovertCloak|Prankster|Tailwind,BeatUp,SunnyDay,Moonblast|||M|||50|,,,,,Water]Annihilape||SafetyGoggles|Defiant|CloseCombat,RageFist,Taunt,FinalGambit|||M|||50|,,,,,Fire]Maushold-Four||WideLens|Technician|Protect,PopulationBomb,BeatUp,FollowMe||||||50|,,,,,Normal
|inactive|Battle timer is ON: inactive players will automatically lose when time's up. (requested by AggronZyrd)
|
|t:|1756351640
|teamsize|p1|4
|teamsize|p2|4
|start
|switch|p1a: Dragonite|Dragonite, L50, F|100/100
|switch|p1b: Archaludon|Archaludon, L50, F|100/100
|switch|p2a: Fluffy|Whimsicott, L50, M, shiny|100/100
|switch|p2b: Scary|Annihilape, L50, M, shiny|100/100
|turn|1
|inactive|foiledfeline has 30 seconds left.
|inactive|foiledfeline has 20 seconds left.
|
|t:|1756351681
|-terastallize|p2a: Fluffy|Water
|-terastallize|p1a: Dragonite|Fairy
|move|p2a: Fluffy|Beat Up|p2b: Scary
|-damage|p2b: Scary|99/100
|-damage|p2b: Scary|96/100
|-damage|p2b: Scary|94/100
|-damage|p2b: Scary|92/100
|-hitcount|p2b: Scary|4
|move|p2b: Scary|Rage Fist|p1a: Dragonite
|-damage|p1a: Dragonite|0 fnt
|faint|p1a: Dragonite
|move|p1b: Archaludon|Flash Cannon|p2a: Fluffy
|-resisted|p2a: Fluffy
|-damage|p2a: Fluffy|77/100
|
|upkeep
|
|t:|1756351704
|switch|p1a: Pelipper|Pelipper, L50, F|100/100
|-weather|RainDance|[from] ability: Drizzle|[of] p1a: Pelipper
|turn|2
|inactive|foiledfeline has 30 seconds left.
|inactive|foiledfeline has 20 seconds left.
|
|t:|1756351740
|switch|p1a: Ursaluna|Ursaluna, L50, F|100/100
|move|p2a: Fluffy|Sunny Day|p2a: Fluffy
|-weather|SunnyDay
|move|p2b: Scary|Rage Fist|p1a: Ursaluna
|-immune|p1a: Ursaluna
|move|p1b: Archaludon|Electro Shot||[still]
|-prepare|p1b: Archaludon|Electro Shot
|-boost|p1b: Archaludon|spa|1
|
|-weather|SunnyDay|[upkeep]
|-status|p1a: Ursaluna|brn|[from] item: Flame Orb
|upkeep
|turn|3
|inactive|foiledfeline has 30 seconds left.
|
|t:|1756351767
|move|p1a: Ursaluna|Protect|p1a: Ursaluna
|-singleturn|p1a: Ursaluna|Protect
|move|p2a: Fluffy|Moonblast|p1a: Ursaluna
|-activate|p1a: Ursaluna|move: Protect
|move|p2b: Scary|Close Combat|p1b: Archaludon
|-supereffective|p1b: Archaludon
|-damage|p1b: Archaludon|28/100
|-unboost|p2b: Scary|def|1
|-unboost|p2b: Scary|spd|1
|-ability|p1b: Archaludon|Stamina|boost
|-boost|p1b: Archaludon|def|1
|move|p1b: Archaludon|Electro Shot|p2a: Fluffy|[from] lockedmove
|-supereffective|p2a: Fluffy
|-crit|p2a: Fluffy
|-damage|p2a: Fluffy|0 fnt
|faint|p2a: Fluffy
|
|-weather|SunnyDay|[upkeep]
|-damage|p1a: Ursaluna|95/100 brn|[from] brn
|upkeep
|
|t:|1756351789
|switch|p2a: ahem has horns|Indeedee, L50, M|100/100
|-fieldstart|move: Psychic Terrain|[from] ability: Psychic Surge|[of] p2a: ahem has horns
|turn|4
|
|t:|1756351811
|switch|p1b: Pelipper|Pelipper, L50, F|100/100
|-weather|RainDance|[from] ability: Drizzle|[of] p1b: Pelipper
|move|p2b: Scary|Rage Fist|p1b: Pelipper
|-enditem|p1b: Pelipper|Focus Sash
|-damage|p1b: Pelipper|1/100
|move|p2a: ahem has horns|Expanding Force|p1a: Ursaluna|[spread] p1a,p1b
|-damage|p1a: Ursaluna|43/100 brn
|-damage|p1b: Pelipper|0 fnt
|faint|p1b: Pelipper
|move|p1a: Ursaluna|Earthquake|p2a: ahem has horns|[spread] p2a,p2b
|-enditem|p2a: ahem has horns|Focus Sash
|-damage|p2a: ahem has horns|1/100
|-damage|p2b: Scary|0 fnt
|faint|p2b: Scary
|
|-weather|RainDance|[upkeep]
|-damage|p1a: Ursaluna|37/100 brn|[from] brn
|upkeep
|
|t:|1756351829
|switch|p2b: Mommy|Delphox, L50, M|100/100
|switch|p1b: Archaludon|Archaludon, L50, F|28/100
|turn|5
|
|t:|1756351840
|move|p2b: Mommy|Expanding Force|p1a: Ursaluna|[spread] p1a,p1b
|-crit|p1a: Ursaluna
|-resisted|p1b: Archaludon
|-crit|p1b: Archaludon
|-damage|p1a: Ursaluna|0 fnt
|-damage|p1b: Archaludon|0 fnt
|faint|p1a: Ursaluna
|faint|p1b: Archaludon
|-damage|p2b: Mommy|91/100|[from] item: Life Orb
|
|win|foiledfeline
|raw|AggronZyrd's rating: 1151 → 1121(-30 for losing)
|raw|foiledfeline's rating: 1078 → 1112(+34 for winning)
|c|☆foiledfeline|ggs
|c|☆AggronZyrd|gg wp
|l|☆AggronZyrd
|player|p1|
