|j|☆Jackbouncy
|j|☆arnau3kum
|html|Jackbouncyarnau3kum    
|uhtml|bestof|Game 1 of a best-of-3
|t:|1757861538
|gametype|doubles
|player|p1|Jackbouncy|266|1233
|player|p2|arnau3kum|266|1327
|gen|9
|tier|[Gen 9] VGC 2025 Reg H (Bo3)
|rated|
|rule|Species Clause: Limit one of each Pokémon
|rule|Item Clause: Limit 1 of each item
|clearpoke
|poke|p1|Annihilape, L50, M|
|poke|p1|Maushold-Four, L50|
|poke|p1|Sinistcha, L50|
|poke|p1|Basculegion, L50, M|
|poke|p1|Incineroar, L50, F|
|poke|p1|Dragonite, L50, M|
|poke|p2|Annihilape, L50, F|
|poke|p2|Klefki, L50, M|
|poke|p2|Maushold, L50|
|poke|p2|Ninetales-Alola, L50, F|
|poke|p2|Sinistcha-Masterpiece, L50|
|poke|p2|Ursaluna-Bloodmoon, L50, M|
|teampreview|4
|showteam|p1|Annihilape||SafetyGoggles|Defiant|DrainPunch,RageFist,Protect,BulkUp|||M|||50|,,,,,Steel]Maushold-Four||FocusSash|FriendGuard|BeatUp,FollowMe,Taunt,Protect||||||50|,,,,,Ghost]Sinistcha||SitrusBerry|Hospitality|MatchaGotcha,Protect,RagePowder,LifeDew||||||50|,,,,,Fire]Basculegion||ChoiceScarf|Adaptability|WaveCrash,LastRespects,FlipTurn,AquaJet|||M|||50|,,,,,Water]Incineroar||AssaultVest|Intimidate|FakeOut,FlareBlitz,Uturn,KnockOff|||F|||50|,,,,,Ghost]Dragonite||LoadedDice|Multiscale|ScaleShot,Haze,Tailwind,TeraBlast|||M|||50|,,,,,Flying
|showteam|p2|Annihilape||Leftovers|Defiant|RageFist,DrainPunch,BulkUp,Protect|||F|||50|,,,,,Fire]Klefki||LightClay|Prankster|DazzlingGleam,LightScreen,Reflect,MistyTerrain|||M|||50|,,,,,Ghost]Maushold||CovertCloak|FriendGuard|BeatUp,FollowMe,Taunt,Protect||||||50|,,,,,Grass]Ninetales-Alola||FocusSash|SnowWarning|FreezeDry,Blizzard,Encore,Protect|||F|||50|,,,,,Ghost]Sinistcha-Masterpiece||SitrusBerry|Hospitality|MatchaGotcha,LifeDew,RagePowder,TrickRoom||||||50|,,,,,Water]Ursaluna-Bloodmoon||AssaultVest|MindsEye|BloodMoon,HyperVoice,EarthPower,VacuumWave|||M|||50|,,,,,Water
|inactive|Battle timer is ON: inactive players will automatically lose when time's up. (requested by arnau3kum)
|
|t:|1757861570
|teamsize|p1|4
|teamsize|p2|4
|start
|switch|p1a: Annihilape|Annihilape, L50, M|100/100
|switch|p1b: Maushold|Maushold-Four, L50|100/100
|switch|p2a: Ursaluna|Ursaluna-Bloodmoon, L50, M|100/100
|switch|p2b: Ninetales|Ninetales-Alola, L50, F|100/100
|-weather|Snowscape|[from] ability: Snow Warning|[of] p2b: Ninetales
|turn|1
|inactive|arnau3kum has 30 seconds left.
|
|t:|1757861600
|move|p1b: Maushold|Follow Me|p1b: Maushold
|-singleturn|p1b: Maushold|move: Follow Me
|move|p2b: Ninetales|Blizzard|p1b: Maushold|[spread] p1a,p1b
|-damage|p1a: Annihilape|81/100
|-damage|p1b: Maushold|67/100
|move|p1a: Annihilape|Bulk Up|p1a: Annihilape
|-boost|p1a: Annihilape|atk|1
|-boost|p1a: Annihilape|def|1
|move|p2a: Ursaluna|Earth Power|p1b: Maushold
|-damage|p1b: Maushold|16/100
|
|-weather|Snowscape|[upkeep]
|upkeep
|turn|2
|
|t:|1757861622
|move|p1a: Annihilape|Protect|p1a: Annihilape
|-singleturn|p1a: Annihilape|Protect
|move|p2b: Ninetales|Blizzard|p1b: Maushold|[spread] p1b
|-activate|p1a: Annihilape|move: Protect
|-damage|p1b: Maushold|0 fnt
|faint|p1b: Maushold
|move|p2a: Ursaluna|Hyper Voice|p1a: Annihilape
|-activate|p1a: Annihilape|move: Protect
|
|-weather|Snowscape|[upkeep]
|upkeep
|
|t:|1757861637
|switch|p1b: Sinistcha|Sinistcha, L50|100/100
|-heal|p1a: Annihilape|100/100|[from] ability: Hospitality|[of] p1b: Sinistcha
|turn|3
|
|t:|1757861646
|-terastallize|p1b: Sinistcha|Fire
|move|p1b: Sinistcha|Rage Powder|p1b: Sinistcha
|-singleturn|p1b: Sinistcha|move: Rage Powder
|move|p2b: Ninetales|Blizzard|p1b: Sinistcha|[spread] p1a,p1b
|-resisted|p1b: Sinistcha
|-damage|p1a: Annihilape|71/100
|-damage|p1b: Sinistcha|87/100
|move|p1a: Annihilape|Drain Punch|p2a: Ursaluna
|-supereffective|p2a: Ursaluna
|-damage|p2a: Ursaluna|10/100
|-heal|p1a: Annihilape|100/100|[from] drain|[of] p2a: Ursaluna
|move|p2a: Ursaluna|Blood Moon|p1b: Sinistcha
|-damage|p1b: Sinistcha|14/100
|-enditem|p1b: Sinistcha|Sitrus Berry|[eat]
|-heal|p1b: Sinistcha|39/100|[from] item: Sitrus Berry
|
|-weather|Snowscape|[upkeep]
|upkeep
|turn|4
|inactive|Jackbouncy has 30 seconds left.
|inactive|arnau3kum has 30 seconds left.
|inactive|Jackbouncy has 20 seconds left.
|inactive|arnau3kum has 20 seconds left.
|inactive|arnau3kum has 15 seconds left.
|inactive|Jackbouncy has 15 seconds left.
|
|t:|1757861694
|switch|p2b: Sinistcha|Sinistcha-Masterpiece, L50|100/100
|-heal|p2a: Ursaluna|35/100|[from] ability: Hospitality|[of] p2b: Sinistcha
|switch|p2a: Annihilape|Annihilape, L50, F|100/100
|move|p1a: Annihilape|Drain Punch|p2a: Annihilape
|-immune|p2a: Annihilape
|move|p1b: Sinistcha|Life Dew||[still]|[spread] p1a,p1b
|-fail|p1a: Annihilape|heal
|-heal|p1b: Sinistcha|64/100
|
|-weather|Snowscape|[upkeep]
|upkeep
|turn|5
|inactive|Jackbouncy has 30 seconds left.
|inactive|arnau3kum has 30 seconds left.
|inactive|arnau3kum has 20 seconds left.
|
|t:|1757861730
|move|p2b: Sinistcha|Rage Powder|p2b: Sinistcha
|-singleturn|p2b: Sinistcha|move: Rage Powder
|move|p2a: Annihilape|Bulk Up|p2a: Annihilape
|-boost|p2a: Annihilape|atk|1
|-boost|p2a: Annihilape|def|1
|move|p1a: Annihilape|Rage Fist|p2a: Annihilape
|-supereffective|p2a: Annihilape
|-damage|p2a: Annihilape|0 fnt
|faint|p2a: Annihilape
|move|p1b: Sinistcha|Life Dew||[still]|[spread] p1a,p1b
|-fail|p1a: Annihilape|heal
|-heal|p1b: Sinistcha|89/100
|
|-weather|none
|upkeep
|-message|arnau3kum forfeited.
|
|win|Jackbouncy
||arnau3kum is ready for game 2.
|inactive|Jackbouncy has 30 seconds to confirm battle start!
||Jackbouncy is ready for game 2.
|uhtml|next|Next: Game 2 of 3
