|j|☆JLUKES
|j|☆abadanriyi92
|html|JLUKESabadanriyi92    
|uhtml|bestof|Game 1 of a best-of-3
|t:|1785894285
|gametype|doubles
|player|p1|JLUKES|265|1348
|player|p2|abadanriyi92|colress|1309
|gen|9
|tier|[Gen 9 Champions] VGC 2026 Reg M-B (Bo3)
|rated|
|rule|Species Clause: Limit one of each Pokémon
|rule|Item Clause: Limit 1 of each item
|clearpoke
|poke|p1|Delphox, L50, F|
|poke|p1|Garchomp, L50, M|
|poke|p1|Staraptor, L50, F|
|poke|p1|Whimsicott, L50, M|
|poke|p1|Glimmora, L50, F|
|poke|p1|Kingambit, L50, F|
|poke|p2|Tyranitar, L50, M|
|poke|p2|Excadrill, L50, F|
|poke|p2|Milotic, L50, M|
|poke|p2|Sinistcha, L50|
|poke|p2|Staraptor, L50, F|
|poke|p2|Gholdengo, L50|
|teampreview|4
|showteam|p1|Delphox||Delphoxite|Blaze|Psychic,HeatWave,Encore,Protect|Timid||F|||50|]Garchomp||ChoiceScarf|RoughSkin|Earthquake,StompingTantrum,DragonClaw,RockSlide|Adamant||M|||50|]Staraptor||Staraptite|Intimidate|CloseCombat,BraveBird,Roost,Protect|Jolly||F|||50|]Whimsicott||OccaBerry|Prankster|Moonblast,Charm,Tailwind,LightScreen|Timid||M|||50|]Glimmora||FocusSash|ToxicDebris|SludgeBomb,PowerGem,EarthPower,SpikyShield|Modest||F|||50|]Kingambit||ChopleBerry|Defiant|KowtowCleave,SuckerPunch,IronHead,LowKick|Adamant||F|||50|
|showteam|p2|Tyranitar||Tyranitarite|SandStream|KnockOff,RockSlide,HighHorsepower,Protect|Jolly||M|||50|]Excadrill||FocusSash|SandRush|Earthquake,IronHead,RockSlide,Protect|Adamant||F|||50|]Milotic||SitrusBerry|Competitive|Scald,IcyWind,Haze,Protect|Calm||M|||50|]Sinistcha||ColburBerry|Hospitality|MatchaGotcha,ShadowBall,Protect,RagePowder|Bold|||||50|]Staraptor||Staraptite|Intimidate|CloseCombat,BraveBird,Tailwind,Protect|Jolly||F|||50|]Gholdengo||LifeOrb|GoodasGold|MakeItRain,ShadowBall,NastyPlot,Protect|Modest|||||50|
|inactive|Battle timer is ON: inactive players will automatically lose when time's up. (requested by JLUKES)
|inactive|JLUKES has 60 seconds left.
|inactive|abadanriyi92 has 60 seconds left.
|inactive|JLUKES has 30 seconds left.
|inactive|JLUKES has 20 seconds left.
|inactive|JLUKES has 15 seconds left.
|inactive|JLUKES has 10 seconds left.
|inactive|JLUKES has 5 seconds left.
|
|t:|1785894376
|teamsize|p1|4
|teamsize|p2|4
|start
|switch|p1a: Delphox|Delphox, L50, F|100/100
|switch|p1b: Whimsicott|Whimsicott, L50, M|100/100
|switch|p2a: Milotic|Milotic, L50, M|100/100
|switch|p2b: Tyranitar|Tyranitar, L50, M|100/100
|-weather|Sandstorm|[from] ability: Sand Stream|[of] p2b: Tyranitar
|turn|1
|inactive|JLUKES has 30 seconds left.
|inactive|JLUKES has 20 seconds left.
|inactive|JLUKES has 15 seconds left.
|inactive|JLUKES has 10 seconds left.
|
|t:|1785894426
|switch|p1a: Kingambit|Kingambit, L50, F|100/100
|detailschange|p2b: Tyranitar|Tyranitar-Mega, L50, M
|-mega|p2b: Tyranitar|Tyranitar|Tyranitarite
|move|p1b: Whimsicott|Light Screen|p1b: Whimsicott
|-sidestart|p1: JLUKES|move: Light Screen
|move|p2b: Tyranitar|Rock Slide|p1a: Kingambit|[spread] p1a,p1b
|-resisted|p1a: Kingambit|1
|-damage|p1a: Kingambit|88/100
|-damage|p1b: Whimsicott|66/100
|move|p2a: Milotic|Icy Wind|p1a: Kingambit|[spread] p1a,p1b
|-resisted|p1a: Kingambit|1
|-supereffective|p1b: Whimsicott|1
|-damage|p1a: Kingambit|85/100
|-damage|p1b: Whimsicott|49/100
|-unboost|p1a: Kingambit|spe|1
|-ability|p1a: Kingambit|Defiant|boost
|-boost|p1a: Kingambit|atk|2
|-unboost|p1b: Whimsicott|spe|1
|
|-weather|Sandstorm|[upkeep]
|-damage|p2a: Milotic|94/100|[from] Sandstorm
|-damage|p1b: Whimsicott|43/100|[from] Sandstorm
|upkeep
|turn|2
|inactive|JLUKES has 30 seconds left.
|inactive|abadanriyi92 has 30 seconds left.
|inactive|JLUKES has 20 seconds left.
|inactive|JLUKES has 15 seconds left.
|inactive|JLUKES has 10 seconds left.
|inactive|JLUKES has 5 seconds left.
|
|t:|1785894478
|move|p2b: Tyranitar|High Horsepower|p1a: Kingambit
|-supereffective|p1a: Kingambit|1
|-damage|p1a: Kingambit|30/100
|move|p2a: Milotic|Haze|p2a: Milotic
|-clearallboost
|move|p1b: Whimsicott|Moonblast|p2a: Milotic
|-damage|p2a: Milotic|76/100
|move|p1a: Kingambit|Low Kick|p2b: Tyranitar
|-supereffective|p2b: Tyranitar|2
|-damage|p2b: Tyranitar|0 fnt
|faint|p2b: Tyranitar
|
|-weather|Sandstorm|[upkeep]
|-damage|p1b: Whimsicott|37/100|[from] Sandstorm
|-damage|p2a: Milotic|70/100|[from] Sandstorm
|upkeep
|
|t:|1785894492
|switch|p2b: Excadrill|Excadrill, L50, F|100/100
|turn|3
|inactive|JLUKES has 30 seconds left.
|inactive|JLUKES has 20 seconds left.
|inactive|JLUKES has 15 seconds left.
|inactive|JLUKES has 10 seconds left.
|inactive|JLUKES has 5 seconds left.
|
|t:|1785894546
|move|p2a: Milotic|Protect|p2a: Milotic
|-singleturn|p2a: Milotic|Protect
|move|p1b: Whimsicott|Tailwind|p1b: Whimsicott
|-sidestart|p1: JLUKES|move: Tailwind
|move|p1a: Kingambit|Sucker Punch|p2b: Excadrill
|-damage|p2b: Excadrill|38/100
|move|p2b: Excadrill|Earthquake|p1b: Whimsicott|[spread] p1a,p1b
|-activate|p2a: Milotic|move: Protect
|-supereffective|p1a: Kingambit|1
|-resisted|p1b: Whimsicott|1
|-damage|p1a: Kingambit|0 fnt
|-damage|p1b: Whimsicott|17/100
|faint|p1a: Kingambit
|
|-weather|Sandstorm|[upkeep]
|-damage|p1b: Whimsicott|11/100|[from] Sandstorm
|-damage|p2a: Milotic|64/100|[from] Sandstorm
|upkeep
|inactive|JLUKES has 30 seconds left.
|inactive|JLUKES has 20 seconds left.
|inactive|JLUKES has 15 seconds left.
|inactive|JLUKES has 10 seconds left.
|
|t:|1785894593
|switch|p1a: Delphox|Delphox, L50, F|100/100
|turn|4
|inactive|JLUKES has 30 seconds left.
|inactive|JLUKES has 20 seconds left.
|
|t:|1785894628
|detailschange|p1a: Delphox|Delphox-Mega, L50, F
|-mega|p1a: Delphox|Delphox|Delphoxite
|move|p2b: Excadrill|Protect|p2b: Excadrill
|-singleturn|p2b: Excadrill|Protect
|move|p1b: Whimsicott|Charm|p2b: Excadrill
|-activate|p2b: Excadrill|move: Protect
|move|p1a: Delphox|Encore|p2a: Milotic
|-start|p2a: Milotic|Encore
|move|p2a: Milotic|Protect||[still]
|-fail|p2a: Milotic
|
|-weather|Sandstorm|[upkeep]
|-damage|p1a: Delphox|94/100|[from] Sandstorm
|-damage|p1b: Whimsicott|5/100|[from] Sandstorm
|-damage|p2a: Milotic|58/100|[from] Sandstorm
|upkeep
|turn|5
|inactive|JLUKES has 30 seconds left.
|
|t:|1785894659
|switch|p2a: Sinistcha|Sinistcha, L50|100/100
|-heal|p2b: Excadrill|63/100|[from] ability: Hospitality|[of] p2a: Sinistcha
|move|p1a: Delphox|Heat Wave|p2b: Excadrill|[spread] p2a,p2b
|-supereffective|p2a: Sinistcha|1
|-supereffective|p2b: Excadrill|1
|-damage|p2a: Sinistcha|20/100r
|-damage|p2b: Excadrill|0 fnt
|faint|p2b: Excadrill
|move|p1b: Whimsicott|Moonblast|p2a: Sinistcha
|-damage|p2a: Sinistcha|0 fnt
|faint|p2a: Sinistcha
|
|-weather|none
|-sideend|p1: JLUKES|move: Light Screen
|upkeep
|
|t:|1785894673
|switch|p2b: Milotic|Milotic, L50, M|58/100
|turn|6
|inactive|JLUKES has 30 seconds left.
|
|t:|1785894703
|move|p1b: Whimsicott|Light Screen|p1b: Whimsicott
|-sidestart|p1: JLUKES|move: Light Screen
|move|p1a: Delphox|Psychic|p2b: Milotic
|-damage|p2b: Milotic|21/100
|-enditem|p2b: Milotic|Sitrus Berry|[eat]
|-heal|p2b: Milotic|45/100|[from] item: Sitrus Berry
|move|p2b: Milotic|Scald|p1b: Whimsicott
|-resisted|p1b: Whimsicott|1
|-damage|p1b: Whimsicott|0 fnt
|faint|p1b: Whimsicott
|
|-sideend|p1: JLUKES|move: Tailwind
|upkeep
|
|t:|1785894713
|switch|p1b: Glimmora|Glimmora, L50, F|100/100
|turn|7
|
|t:|1785894728
|move|p1a: Delphox|Psychic|p2b: Milotic
|-damage|p2b: Milotic|12/100
|move|p1b: Glimmora|Power Gem|p2b: Milotic
|-damage|p2b: Milotic|0 fnt
|faint|p2b: Milotic
|
|win|JLUKES
