|j|☆BanFox Blizzards
|j|☆Nails
|html|BanFox BlizzardsNails    
|uhtml|bestof|Game 2 of a best-of-3
|t:|1783375737
|gametype|doubles
|player|p1|BanFox Blizzards|gentleman-gen4dp|
|player|p2|Nails|#scl2terrors|
|gen|9
|tier|[Gen 9 Champions] VGC 2026 Reg M-B (Bo3)
|rule|Species Clause: Limit one of each Pokémon
|rule|Item Clause: Limit 1 of each item
|clearpoke
|poke|p1|Kingambit, L50, M|
|poke|p1|Charizard, L50, F|
|poke|p1|Aerodactyl, L50, F|
|poke|p1|Farigiraf, L50, M|
|poke|p1|Garchomp, L50, F|
|poke|p1|Sylveon, L50, M|
|poke|p2|Sinistcha, L50|
|poke|p2|Floette-Eternal, L50, F|
|poke|p2|Sneasler, L50, M|
|poke|p2|Incineroar, L50, M|
|poke|p2|Blastoise, L50, M|
|poke|p2|Kingambit, L50, M|
|teampreview|4
|showteam|p1|Kingambit||FocusSash|Defiant|KowtowCleave,IronHead,SuckerPunch,LowKick|Adamant||M|||50|]Charizard||CharizarditeY|Blaze|HeatWave,SolarBeam,WeatherBall,Protect|Modest||F|||50|]Aerodactyl||Aerodactylite|Unnerve|RockSlide,DualWingbeat,IceFang,Tailwind|Jolly||F|||50|]Farigiraf||SitrusBerry|ArmorTail|Psychic,Thunderbolt,TrickRoom,Protect|Bold||M|||50|]Garchomp||LifeOrb|RoughSkin|Earthquake,DragonClaw,StompingTantrum,Protect|Jolly||F|||50|]Sylveon||FairyFeather|Pixilate|HyperVoice,HyperBeam,QuickAttack,Protect|Modest||M|||50|
|showteam|p2|Sinistcha||KasibBerry|Hospitality|MatchaGotcha,LifeDew,RagePowder,Protect|Relaxed|||||50|]Floette-Eternal||Floettite|FlowerVeil|DazzlingGleam,DrainingKiss,CalmMind,Protect|Timid||F|||50|]Sneasler||FocusSash|PoisonTouch|CloseCombat,DireClaw,FakeOut,Protect|Jolly||M|||50|]Incineroar||SitrusBerry|Intimidate|FlareBlitz,FakeOut,HelpingHand,PartingShot|Impish||M|||50|]Blastoise||Blastoisinite|RainDish|WaterSpout,DarkPulse,ShellSmash,Protect|Modest||M|||50|]Kingambit||BlackGlasses|Defiant|KowtowCleave,SuckerPunch,SwordsDance,Protect|Adamant||M|||50|
|j| SeaWolfMikes
|j|+Howkings
|j| Keith Jones
|j| Betonthecrit
|inactive|Battle timer is ON: inactive players will automatically lose when time's up. (requested by BanFox Blizzards)
|j| templevgc
|inactive|Nails has 60 seconds left.
|inactive|Nails has 30 seconds left.
|j| YOASOBI stan
|j| TabuVGC
|inactive|Nails has 20 seconds left.
|inactive|Nails has 15 seconds left.
|inactive|Nails has 10 seconds left.
|
|t:|1783375842
|teamsize|p1|4
|teamsize|p2|4
|start
|switch|p1a: Aerodactyl|Aerodactyl, L50, F|100/100
|switch|p1b: Kingambit|Kingambit, L50, M|100/100
|switch|p2a: Sneasler|Sneasler, L50, M|100/100
|switch|p2b: Floette|Floette-Eternal, L50, F|100/100
|-ability|p1a: Aerodactyl|Unnerve
|turn|1
|j| Code
|inactive|Nails has 30 seconds left.
|l| Betonthecrit
|inactive|Nails has 20 seconds left.
|j| Ally
|inactive|Nails has 15 seconds left.
|l| Ally
|
|t:|1783375887
|switch|p2b: Incineroar|Incineroar, L50, M|100/100
|-ability|p2b: Incineroar|Intimidate|boost
|-unboost|p1a: Aerodactyl|atk|1
|-unboost|p1b: Kingambit|atk|1
|-ability|p1b: Kingambit|Defiant|boost
|-boost|p1b: Kingambit|atk|2
|move|p1a: Aerodactyl|Dual Wingbeat|p2a: Sneasler
|-supereffective|p2a: Sneasler|1
|-damage|p2a: Sneasler|61/100
|-supereffective|p2a: Sneasler|1
|-damage|p2a: Sneasler|29/100
|-hitcount|p2a: Sneasler|2
|move|p2a: Sneasler|Close Combat|p1b: Kingambit
|-supereffective|p1b: Kingambit|2
|-crit|p1b: Kingambit
|-enditem|p1b: Kingambit|Focus Sash
|-damage|p1b: Kingambit|1/100
|-unboost|p2a: Sneasler|def|1
|-unboost|p2a: Sneasler|spd|1
|move|p1b: Kingambit|Iron Head|p2b: Incineroar
|-resisted|p2b: Incineroar|1
|-damage|p2b: Incineroar|73/100
|
|upkeep
|turn|2
|inactive|BanFox Blizzards has 30 seconds left.
|inactive|Nails has 30 seconds left.
|inactive|Nails has 20 seconds left.
|inactive|Nails has 15 seconds left.
|inactive|Nails has 10 seconds left.
|
|t:|1783375936
|switch|p2a: Floette|Floette-Eternal, L50, F|100/100
|move|p1a: Aerodactyl|Rock Slide|p2a: Floette|[spread] p2a,p2b
|-supereffective|p2b: Incineroar|1
|-damage|p2a: Floette|83/100
|-damage|p2b: Incineroar|54/100
|move|p1b: Kingambit|Low Kick|p2b: Incineroar
|-supereffective|p2b: Incineroar|1
|-damage|p2b: Incineroar|0 fnt
|faint|p2b: Incineroar
|
|upkeep
|
|t:|1783375943
|switch|p2b: Sneasler|Sneasler, L50, M|29/100
|turn|3
|inactive|Nails has 30 seconds left.
|j| NJ11VGC
|inactive|Nails has 20 seconds left.
|
|t:|1783375979
|detailschange|p2a: Floette|Floette-Mega, L50, F
|-mega|p2a: Floette|Floette|Floettite
|-ability|p2a: Floette|Fairy Aura
|move|p2b: Sneasler|Fake Out|p1a: Aerodactyl
|-resisted|p1a: Aerodactyl|1
|-damage|p1a: Aerodactyl|90/100
|cant|p1a: Aerodactyl|flinch
|move|p2a: Floette|Dazzling Gleam|p1a: Aerodactyl|[spread] p1a,p1b
|-damage|p1a: Aerodactyl|41/100
|-damage|p1b: Kingambit|0 fnt
|faint|p1b: Kingambit
|
|upkeep
|
|t:|1783375984
|switch|p1b: Charizard|Charizard, L50, F|100/100
|turn|4
|j| venudoat
|inactive|Nails has 30 seconds left.
|inactive|Nails has 20 seconds left.
|
|t:|1783376021
|switch|p2b: Sinistcha|Sinistcha, L50|100/100
|-heal|p2a: Floette|100/100|[from] ability: Hospitality|[of] p2b: Sinistcha
|detailschange|p1b: Charizard|Charizard-Mega-Y, L50, F
|-mega|p1b: Charizard|Charizard|Charizardite Y
|-weather|SunnyDay|[from] ability: Drought|[of] p1b: Charizard
|move|p1a: Aerodactyl|Tailwind|p1a: Aerodactyl
|-sidestart|p1: BanFox Blizzards|move: Tailwind
|move|p1b: Charizard|Weather Ball|p2a: Floette
|-damage|p2a: Floette|28/100
|move|p2a: Floette|Calm Mind|p2a: Floette
|-boost|p2a: Floette|spa|1
|-boost|p2a: Floette|spd|1
|
|-weather|SunnyDay|[upkeep]
|upkeep
|turn|5
|
|t:|1783376042
|move|p2b: Sinistcha|Protect|p2b: Sinistcha
|-singleturn|p2b: Sinistcha|Protect
|move|p1a: Aerodactyl|Rock Slide|p2a: Floette|[spread] p2a
|-activate|p2b: Sinistcha|move: Protect
|-damage|p2a: Floette|12/100
|move|p1b: Charizard|Heat Wave|p2b: Sinistcha|[spread] 
|-activate|p2b: Sinistcha|move: Protect
|-miss|p1b: Charizard|p2a: Floette
|move|p2a: Floette|Draining Kiss|p1a: Aerodactyl
|-damage|p1a: Aerodactyl|0 fnt
|-heal|p2a: Floette|49/100|[from] drain|[of] p1a: Aerodactyl
|faint|p1a: Aerodactyl
|
|-weather|SunnyDay|[upkeep]
|upkeep
|
|t:|1783376046
|switch|p1a: Farigiraf|Farigiraf, L50, M|100/100
|turn|6
|j| RylektVGC
|
|t:|1783376055
|switch|p2b: Sneasler|Sneasler, L50, M|29/100
|move|p2a: Floette|Protect|p2a: Floette
|-singleturn|p2a: Floette|Protect
|move|p1b: Charizard|Heat Wave|p2b: Sneasler|[spread] 
|-activate|p2a: Floette|move: Protect
|-miss|p1b: Charizard|p2b: Sneasler
|move|p1a: Farigiraf|Psychic|p2a: Floette
|-activate|p2a: Floette|move: Protect
|
|-weather|SunnyDay|[upkeep]
|upkeep
|turn|7
|inactive|Nails has 30 seconds left.
|inactive|Nails has 20 seconds left.
|inactive|Nails has 15 seconds left.
|
|t:|1783376099
|move|p1b: Charizard|Weather Ball|p2a: Floette
|-damage|p2a: Floette|5/100
|move|p2b: Sneasler|Dire Claw|p1b: Charizard
|-damage|p1b: Charizard|62/100
|-status|p1b: Charizard|psn|[from] ability: Poison Touch|[of] p2b: Sneasler
|move|p2a: Floette|Calm Mind|p2a: Floette
|-boost|p2a: Floette|spa|1
|-boost|p2a: Floette|spd|1
|move|p1a: Farigiraf|Psychic|p2a: Floette
|-damage|p2a: Floette|0 fnt
|faint|p2a: Floette
|
|-weather|SunnyDay|[upkeep]
|-damage|p1b: Charizard|50/100g psn|[from] psn
|-sideend|p1: BanFox Blizzards|move: Tailwind
|upkeep
|
|t:|1783376107
|switch|p2a: Sinistcha|Sinistcha, L50|100/100
|-heal|p2b: Sneasler|53/100|[from] ability: Hospitality|[of] p2a: Sinistcha
|turn|8
|inactive|Nails has 30 seconds left.
|inactive|Nails has 20 seconds left.
|inactive|Nails has 15 seconds left.
|
|t:|1783376152
|move|p2b: Sneasler|Protect|p2b: Sneasler
|-singleturn|p2b: Sneasler|Protect
|move|p1b: Charizard|Heat Wave|p2b: Sneasler|[spread] p2a
|-activate|p2b: Sneasler|move: Protect
|-supereffective|p2a: Sinistcha|1
|-damage|p2a: Sinistcha|0 fnt
|faint|p2a: Sinistcha
|move|p1a: Farigiraf|Trick Room|p1a: Farigiraf
|-fieldstart|move: Trick Room|[of] p1a: Farigiraf
|
|-weather|none
|-damage|p1b: Charizard|38/100 psn|[from] psn
|upkeep
|turn|9
|-message|Nails forfeited.
|
|win|BanFox Blizzards
||Nails is ready for game 3.
||BanFox Blizzards is ready for game 3.
|uhtml|next|Next: Game 3 of 3
|l|+Howkings
|j| Finabas
|j| zgrzgr
|l| Code
|l| zgrzgr
|l| NJ11VGC
|l| SeaWolfMikes
|l|☆BanFox Blizzards
|player|p1|
|j| RolloutsForever
|l| YOASOBI stan
|l| RolloutsForever
|j| redjoker2048
|l| Keith Jones
|l| redjoker2048
|l| Finabas
|j| Vikram chan
|l| Vikram chan
|j| MichaelderBeste2
|j| Code
|l| MichaelderBeste2
|l| Code
|j| Buzzcut Mochi
|l| Buzzcut Mochi
|l| venudoat
|l| templevgc
|j| vkelap9
|l| vkelap9
|j| vkelap9
