|j|☆Bay13
|j|☆ainhoavgc
|html|Bay13ainhoavgc    
|uhtml|bestof|Game 2 of a best-of-3
|t:|1784599558
|gametype|doubles
|player|p1|Bay13|2|1106
|player|p2|ainhoavgc|2|1231
|gen|9
|tier|[Gen 9 Champions] VGC 2026 Reg M-B (Bo3)
|rated|
|rule|Species Clause: Limit one of each Pokémon
|rule|Item Clause: Limit 1 of each item
|clearpoke
|poke|p1|Blastoise, L50, F|
|poke|p1|Archaludon, L50, M|
|poke|p1|Sinistcha-Masterpiece, L50|
|poke|p1|Incineroar, L50, M|
|poke|p1|Pelipper, L50, F|
|poke|p1|Falinks, L50|
|poke|p2|Sneasler, L50, F|
|poke|p2|Delphox, L50, M|
|poke|p2|Kingambit, L50, M|
|poke|p2|Sinistcha, L50|
|poke|p2|Incineroar, L50, F|
|poke|p2|Blastoise, L50, F|
|teampreview|4
|showteam|p1|Blastoise||Blastoisinite|Torrent|WaterSpout,DarkPulse,ShellSmash,Protect|Modest||F|||50|]Archaludon||LifeOrb|Stalwart|ElectroShot,DracoMeteor,FlashCannon,Protect|Timid||M|||50|]Sinistcha-Masterpiece||SitrusBerry|Hospitality|MatchaGotcha,RagePowder,TrickRoom,LifeDew|Relaxed|||||50|]Incineroar||WhiteHerb|Intimidate|FakeOut,FlareBlitz,CloseCombat,DarkestLariat|Adamant||M|||50|]Pelipper||FocusSash|Drizzle|WeatherBall,WideGuard,Tailwind,Protect|Bold||F|||50|]Falinks||Falinksite|Defiant|CloseCombat,KnockOff,NoRetreat,Protect|Jolly|||||50|
|showteam|p2|Sneasler||FocusSash|PoisonTouch|PoisonJab,QuickGuard,CloseCombat,FakeOut|Jolly||F|||50|]Delphox||Delphoxite|Blaze|HeatWave,Psychic,NastyPlot,Protect|Timid||M|||50|]Kingambit||LifeOrb|Defiant|KowtowCleave,SuckerPunch,SwordsDance,Protect|Adamant||M|||50|]Sinistcha||ColburBerry|Hospitality|MatchaGotcha,RagePowder,TrickRoom,Protect|Bold|||||50|]Incineroar||SitrusBerry|Intimidate|FlareBlitz,HelpingHand,PartingShot,FakeOut|Impish||F|||50|]Blastoise||Blastoisinite|RainDish|WaterSpout,DarkPulse,ShellSmash,Protect|Modest||F|||50|
|inactive|Battle timer is ON: inactive players will automatically lose when time's up. (requested by Bay13)
|
|t:|1784599581
|teamsize|p1|4
|teamsize|p2|4
|start
|switch|p1a: Blastoise|Blastoise, L50, F|100/100
|switch|p1b: Incineroar|Incineroar, L50, M|100/100
|switch|p2a: Blastoise|Blastoise, L50, F|100/100
|switch|p2b: Sneasler|Sneasler, L50, F|100/100
|-ability|p1b: Incineroar|Intimidate|boost
|-unboost|p2a: Blastoise|atk|1
|-unboost|p2b: Sneasler|atk|1
|turn|1
|
|t:|1784599601
|detailschange|p2a: Blastoise|Blastoise-Mega, L50, F
|-mega|p2a: Blastoise|Blastoise|Blastoisinite
|move|p2b: Sneasler|Fake Out|p1a: Blastoise
|-damage|p1a: Blastoise|89/100
|-status|p1a: Blastoise|psn|[from] ability: Poison Touch|[of] p2b: Sneasler
|cant|p1a: Blastoise|flinch
|move|p2a: Blastoise|Shell Smash|p2a: Blastoise
|-unboost|p2a: Blastoise|def|1
|-unboost|p2a: Blastoise|spd|1
|-boost|p2a: Blastoise|atk|2
|-boost|p2a: Blastoise|spa|2
|-boost|p2a: Blastoise|spe|2
|move|p1b: Incineroar|Darkest Lariat|p2a: Blastoise
|-damage|p2a: Blastoise|55/100
|
|-damage|p1a: Blastoise|76/100 psn|[from] psn
|upkeep
|turn|2
|
|t:|1784599626
|switch|p2b: Sinistcha|Sinistcha, L50|100/100
|-heal|p2a: Blastoise|80/100|[from] ability: Hospitality|[of] p2b: Sinistcha
|detailschange|p1a: Blastoise|Blastoise-Mega, L50, F
|-mega|p1a: Blastoise|Blastoise|Blastoisinite
|move|p2a: Blastoise|Water Spout|p1a: Blastoise|[spread] p1a,p1b
|-resisted|p1a: Blastoise|1
|-supereffective|p1b: Incineroar|1
|-damage|p1a: Blastoise|26/100 psn
|-damage|p1b: Incineroar|0 fnt
|faint|p1b: Incineroar
|move|p1a: Blastoise|Dark Pulse|p2a: Blastoise
|-damage|p2a: Blastoise|6/100
|
|-damage|p1a: Blastoise|14/100 psn|[from] psn
|upkeep
|
|t:|1784599637
|switch|p1b: Pelipper|Pelipper, L50, F|100/100
|-weather|RainDance|[from] ability: Drizzle|[of] p1b: Pelipper
|turn|3
|
|t:|1784599659
|switch|p2b: Sneasler|Sneasler, L50, F|100/100
|move|p2a: Blastoise|Protect|p2a: Blastoise
|-singleturn|p2a: Blastoise|Protect
|move|p1a: Blastoise|Dark Pulse|p2b: Sneasler
|-resisted|p2b: Sneasler|1
|-damage|p2b: Sneasler|69/100
|move|p1b: Pelipper|Tailwind|p1b: Pelipper
|-sidestart|p1: Bay13|move: Tailwind
|
|-weather|RainDance|[upkeep]
|-damage|p1a: Blastoise|1/100 psn|[from] psn
|upkeep
|turn|4
|
|t:|1784599679
|move|p2b: Sneasler|Fake Out|p1a: Blastoise
|-damage|p1a: Blastoise|0 fnt
|faint|p1a: Blastoise
|move|p2a: Blastoise|Dark Pulse|p1b: Pelipper
|-enditem|p1b: Pelipper|Focus Sash
|-damage|p1b: Pelipper|1/100
|move|p1b: Pelipper|Weather Ball|p2b: Sneasler
|-damage|p2b: Sneasler|4/100
|
|-weather|RainDance|[upkeep]
|upkeep
|
|t:|1784599681
|switch|p1a: Archaludon|Archaludon, L50, M|100/100
|turn|5
|
|t:|1784599689
|switch|p2b: Sinistcha|Sinistcha, L50|100/100
|-heal|p2a: Blastoise|31/100|[from] ability: Hospitality|[of] p2b: Sinistcha
|move|p2a: Blastoise|Protect|p2a: Blastoise
|-singleturn|p2a: Blastoise|Protect
|move|p1a: Archaludon|Electro Shot||[still]
|-prepare|p1a: Archaludon|Electro Shot
|-boost|p1a: Archaludon|spa|1
|-anim|p1a: Archaludon|Electro Shot|p2a: Blastoise
|-activate|p2a: Blastoise|move: Protect
|move|p1b: Pelipper|Weather Ball|p2b: Sinistcha
|-resisted|p2b: Sinistcha|1
|-damage|p2b: Sinistcha|74/100
|
|-weather|RainDance|[upkeep]
|upkeep
|turn|6
|
|t:|1784599704
|move|p1b: Pelipper|Protect|p1b: Pelipper
|-singleturn|p1b: Pelipper|Protect
|move|p2b: Sinistcha|Rage Powder|p2b: Sinistcha
|-singleturn|p2b: Sinistcha|move: Rage Powder
|move|p1a: Archaludon|Electro Shot||[still]
|-prepare|p1a: Archaludon|Electro Shot
|-boost|p1a: Archaludon|spa|1
|-anim|p1a: Archaludon|Electro Shot|p2a: Blastoise
|-supereffective|p2a: Blastoise|1
|-crit|p2a: Blastoise
|-damage|p2a: Blastoise|0 fnt
|faint|p2a: Blastoise
|-damage|p1a: Archaludon|90/100|[from] item: Life Orb
|
|-weather|RainDance|[upkeep]
|-sideend|p1: Bay13|move: Tailwind
|upkeep
|
|t:|1784599726
|switch|p2a: Sneasler|Sneasler, L50, F|4/100
|turn|7
|
|t:|1784599745
|move|p2a: Sneasler|Close Combat|p1a: Archaludon
|-supereffective|p1a: Archaludon|1
|-damage|p1a: Archaludon|0 fnt
|-unboost|p2a: Sneasler|def|1
|-unboost|p2a: Sneasler|spd|1
|faint|p1a: Archaludon
|move|p2b: Sinistcha|Matcha Gotcha|p1b: Pelipper
|-damage|p1b: Pelipper|0 fnt
|-heal|p2b: Sinistcha|75/100|[from] drain|[of] p1b: Pelipper
|faint|p1b: Pelipper
|
|win|ainhoavgc
|l|☆Bay13
|player|p1|
||Bay13 is ready for game 3.
|inactive|ainhoavgc has 30 seconds to confirm battle start!
||ainhoavgc is ready for game 3.
|uhtml|next|Next: Game 3 of 3
