|j|â˜†JulesRen
|j|â˜†MinasDevilCrobats
|html|JulesRenMinasDevilCrobats    
|uhtml|bestof|Game 1 of a best-of-3
|t:|1757044074
|gametype|doubles
|player|p1|JulesRen|102|1155
|player|p2|MinasDevilCrobats|darach-caitlin|1204
|gen|9
|tier|[Gen 9] VGC 2025 Reg H (Bo3)
|rated|
|rule|Species Clause: Limit one of each PokÃ©mon
|rule|Item Clause: Limit 1 of each item
|clearpoke
|poke|p1|Tyranitar, L50, F|
|poke|p1|Garchomp, L50, M|
|poke|p1|Murkrow, L50, F|
|poke|p1|Ursaluna-Bloodmoon, L50, M|
|poke|p1|Sneasler, L50, M|
|poke|p1|Farigiraf, L50, F|
|poke|p2|Indeedee, L50, M|
|poke|p2|Sneasler, L50, M|
|poke|p2|Dondozo, L50, M|
|poke|p2|Tatsugiri, L50, M|
|poke|p2|Talonflame, L50, F|
|poke|p2|Glimmora, L50, M|
|teampreview|4
|showteam|p1|Tyranitar||AssaultVest|SandStream|RockSlide,TeraBlast,LowKick,KnockOff|||F|||50|,,,,,Flying]Garchomp||BrightPowder|SandVeil|Earthquake,DragonClaw,StompingTantrum,Protect|||M|||50|,,,,,Fire]Murkrow||Eviolite|Prankster|Haze,Tailwind,FoulPlay,Taunt|||F|||50|,,,,,Ghost]Ursaluna-Bloodmoon||FocusSash|MindsEye|BloodMoon,EarthPower,HyperVoice,Protect|||M|||50|,,,,,Normal]Sneasler||WhiteHerb|Unburden|ThroatChop,CloseCombat,DireClaw,Protect|||M|||50|,,,,,Dark]Farigiraf||ThroatSpray|ArmorTail|HyperVoice,Imprison,TrickRoom,Psychic|||F|||50|,,,,,Fairy
|showteam|p2|Indeedee||ChoiceScarf|PsychicSurge|ExpandingForce,DazzlingGleam,Trick,Protect|||M|||50|,,,,,Fairy]Sneasler||PsychicSeed|Unburden|CloseCombat,DireClaw,ThroatChop,Protect|||M|||50|,,,,,Dark]Dondozo||Leftovers|Unaware|WaveCrash,OrderUp,Earthquake,Protect|||M|||50|,,,,,Grass]Tatsugiri||LifeOrb|Commander|MuddyWater,DracoMeteor,DragonPulse,Protect|||M|||50|,,,,,Steel]Talonflame||CovertCloak|GaleWings|FlareBlitz,WillOWisp,Tailwind,Taunt|||F|||50|,,,,,Grass]Glimmora||PowerHerb|ToxicDebris|MeteorBeam,SludgeBomb,EarthPower,SpikyShield|||M|||50|,,,,,Grass
|inactive|Battle timer is ON: inactive players will automatically lose when time's up. (requested by MinasDevilCrobats)
|
|t:|1757044129
|teamsize|p1|4
|teamsize|p2|4
|start
|switch|p1a: Murkrow|Murkrow, L50, F|100/100
|switch|p1b: Garchomp|Garchomp, L50, M|100/100
|switch|p2a: Talonflame|Talonflame, L50, F|100/100
|switch|p2b: Glimmora|Glimmora, L50, M|100/100
|turn|1
|inactive|JulesRen has 30 seconds left.
|inactive|MinasDevilCrobats has 30 seconds left.
|
|t:|1757044155
|-terastallize|p2b: Glimmora|Grass
|move|p2a: Talonflame|Tailwind|p2a: Talonflame
|-sidestart|p2: MinasDevilCrobats|move: Tailwind
|move|p1a: Murkrow|Taunt|p2a: Talonflame
|-start|p2a: Talonflame|move: Taunt
|move|p2b: Glimmora|Meteor Beam||[still]
|-prepare|p2b: Glimmora|Meteor Beam
|-boost|p2b: Glimmora|spa|1
|-enditem|p2b: Glimmora|Power Herb
|-anim|p2b: Glimmora|Meteor Beam|p1a: Murkrow
|-supereffective|p1a: Murkrow
|-damage|p1a: Murkrow|0 fnt
|faint|p1a: Murkrow
|move|p1b: Garchomp|Dragon Claw|p2b: Glimmora
|-damage|p2b: Glimmora|56/100
|-activate|p2b: Glimmora|ability: Toxic Debris
|-sidestart|p1: JulesRen|move: Toxic Spikes
|
|upkeep
|
|t:|1757044166
|switch|p1a: Sneasler|Sneasler, L50, M|100/100
|-sideend|p1: JulesRen|move: Toxic Spikes|[of] p1a: Sneasler
|turn|2
|inactive|JulesRen has 30 seconds left.
|inactive|MinasDevilCrobats has 30 seconds left.
|inactive|JulesRen has 20 seconds left.
|inactive|JulesRen has 15 seconds left.
|inactive|JulesRen has 10 seconds left.
|
|t:|1757044213
|move|p1a: Sneasler|Protect|p1a: Sneasler
|-singleturn|p1a: Sneasler|Protect
|move|p2a: Talonflame|Flare Blitz|p1a: Sneasler
|-activate|p1a: Sneasler|move: Protect
|move|p2b: Glimmora|Earth Power|p1b: Garchomp
|-damage|p1b: Garchomp|50/100
|move|p1b: Garchomp|Dragon Claw|p2a: Talonflame
|-damage|p2a: Talonflame|42/100
|
|upkeep
|turn|3
|inactive|JulesRen has 30 seconds left.
|inactive|MinasDevilCrobats has 30 seconds left.
|
|t:|1757044243
|switch|p1a: Tyranitar|Tyranitar, L50, F|100/100
|-weather|Sandstorm|[from] ability: Sand Stream|[of] p1a: Tyranitar
|move|p2a: Talonflame|Flare Blitz|p1a: Tyranitar
|-resisted|p1a: Tyranitar
|-damage|p1a: Tyranitar|82/100
|-damage|p2a: Talonflame|35/100|[from] Recoil
|move|p2b: Glimmora|Earth Power|p1a: Tyranitar
|-supereffective|p1a: Tyranitar
|-damage|p1a: Tyranitar|40/100
|move|p1b: Garchomp|Dragon Claw|p2b: Glimmora
|-crit|p2b: Glimmora
|-damage|p2b: Glimmora|0 fnt
|-activate|p2b: Glimmora|ability: Toxic Debris
|-sidestart|p1: JulesRen|move: Toxic Spikes
|faint|p2b: Glimmora
|
|-weather|Sandstorm|[upkeep]
|-damage|p2a: Talonflame|29/100|[from] Sandstorm
|upkeep
|
|t:|1757044264
|switch|p2b: Sneasler|Sneasler, L50, M|100/100
|turn|4
|inactive|JulesRen has 30 seconds left.
|
|t:|1757044297
|move|p2b: Sneasler|Protect|p2b: Sneasler
|-singleturn|p2b: Sneasler|Protect
|move|p2a: Talonflame|Flare Blitz|p1a: Tyranitar
|-resisted|p1a: Tyranitar
|-damage|p1a: Tyranitar|21/100
|-damage|p2a: Talonflame|22/100|[from] Recoil
|move|p1b: Garchomp|Stomping Tantrum|p2b: Sneasler
|-activate|p2b: Sneasler|move: Protect
|move|p1a: Tyranitar|Rock Slide|p2a: Talonflame|[spread] 
|-activate|p2b: Sneasler|move: Protect
|-miss|p1a: Tyranitar|p2a: Talonflame
|
|-weather|Sandstorm|[upkeep]
|-damage|p2a: Talonflame|16/100|[from] Sandstorm
|-damage|p2b: Sneasler|95/100|[from] Sandstorm
|-end|p2a: Talonflame|move: Taunt
|-sideend|p2: MinasDevilCrobats|move: Tailwind
|upkeep
|turn|5
|inactive|MinasDevilCrobats has 30 seconds left.
|inactive|MinasDevilCrobats has 20 seconds left.
|inactive|MinasDevilCrobats has 15 seconds left.
|inactive|MinasDevilCrobats has 10 seconds left.
|
|t:|1757044345
|move|p2a: Talonflame|Flare Blitz|p1a: Tyranitar
|-resisted|p1a: Tyranitar
|-damage|p1a: Tyranitar|3/100
|-damage|p2a: Talonflame|9/100|[from] Recoil
|move|p2b: Sneasler|Close Combat|p1b: Garchomp|[miss]
|-miss|p2b: Sneasler|p1b: Garchomp
|move|p1b: Garchomp|Stomping Tantrum|p2b: Sneasler
|-supereffective|p2b: Sneasler
|-damage|p2b: Sneasler|0 fnt
|faint|p2b: Sneasler
|move|p1a: Tyranitar|Rock Slide|p2a: Talonflame
|-supereffective|p2a: Talonflame
|-damage|p2a: Talonflame|0 fnt
|faint|p2a: Talonflame
|
|-weather|Sandstorm|[upkeep]
|upkeep
|
|t:|1757044358
|switch|p2b: Indeedee|Indeedee, L50, M|100/100
|-fieldstart|move: Psychic Terrain|[from] ability: Psychic Surge|[of] p2b: Indeedee
|turn|6
|inactive|JulesRen has 30 seconds left.
|
|t:|1757044387
|move|p1b: Garchomp|Protect|p1b: Garchomp
|-singleturn|p1b: Garchomp|Protect
|move|p2b: Indeedee|Dazzling Gleam|p1b: Garchomp|[spread] p1a
|-activate|p1b: Garchomp|move: Protect
|-supereffective|p1a: Tyranitar
|-damage|p1a: Tyranitar|0 fnt
|faint|p1a: Tyranitar
|
|-weather|Sandstorm|[upkeep]
|-damage|p2b: Indeedee|95/100|[from] Sandstorm
|upkeep
|
|t:|1757044392
|switch|p1a: Sneasler|Sneasler, L50, M|100/100
|-sideend|p1: JulesRen|move: Toxic Spikes|[of] p1a: Sneasler
|turn|7
|inactive|JulesRen has 30 seconds left.
|
|t:|1757044422
|-terastallize|p1b: Garchomp|Fire
|move|p2b: Indeedee|Dazzling Gleam|p1a: Sneasler|[spread] p1a,p1b
|-resisted|p1b: Garchomp
|-damage|p1a: Sneasler|77/100
|-damage|p1b: Garchomp|40/100
|move|p1b: Garchomp|Stomping Tantrum|p2b: Indeedee
|-damage|p2b: Indeedee|8/100
|move|p1a: Sneasler|Throat Chop|p2b: Indeedee
|-supereffective|p2b: Indeedee
|-damage|p2b: Indeedee|0 fnt
|faint|p2b: Indeedee
|
|win|JulesRen
|inactive|JulesRen has 30 seconds to confirm battle start!
|inactive|MinasDevilCrobats has 30 seconds to confirm battle start!
||JulesRen is ready for game 2.
||MinasDevilCrobats is ready for game 2.
|uhtml|next|Next: Game 2 of 3
|l|â˜†MinasDevilCrobats
|player|p2|
