|j|☆Charizard0420
|j|☆spicy mcchikin
|html|Charizard0420spicy mcchikin    
|uhtml|bestof|Game 3 of a best-of-3
|t:|1784766835
|gametype|doubles
|player|p1|Charizard0420|pokemaniac|1136
|player|p2|spicy mcchikin|palmer|1132
|gen|9
|tier|[Gen 9 Champions] VGC 2026 Reg M-B (Bo3)
|rated|
|rule|Species Clause: Limit one of each Pokémon
|rule|Item Clause: Limit 1 of each item
|clearpoke
|poke|p1|Whimsicott, L50, M, shiny|
|poke|p1|Staraptor, L50, M, shiny|
|poke|p1|Garchomp, L50, F|
|poke|p1|Kingambit, L50, M, shiny|
|poke|p1|Ceruledge, L50, M, shiny|
|poke|p1|Gholdengo, L50, shiny|
|poke|p2|Charizard, L50, M|
|poke|p2|Garchomp, L50, M|
|poke|p2|Incineroar, L50, M|
|poke|p2|Venusaur, L50, F|
|poke|p2|Toxapex, L50, M|
|poke|p2|Sylveon, L50, F|
|teampreview|4
|showteam|p1|Whimsicott||FocusSash|Prankster|Protect,Charm,Tailwind,Moonblast|Timid||M|||50|]Staraptor||Staraptite|Intimidate|Protect,CloseCombat,BraveBird,Roost|Jolly||M|||50|]Garchomp||LifeOrb|RoughSkin|Protect,Earthquake,RockSlide,DragonClaw|Jolly||F|||50|]Kingambit||ChopleBerry|Defiant|SuckerPunch,KowtowCleave,LowKick,IronHead|Adamant||M|||50|]Ceruledge||ColburBerry|FlashFire|Protect,BitterBlade,ShadowSneak,BulkUp|Adamant||M|||50|]Gholdengo||SpellTag|GoodasGold|Protect,MakeItRain,ShadowBall,NastyPlot|Modest|||||50|
|showteam|p2|Charizard||CharizarditeY|SolarPower|WeatherBall,HeatWave,AncientPower,Protect|Modest||M|||50|]Garchomp||ChoiceScarf|RoughSkin|RockSlide,DragonClaw,Earthquake,StompingTantrum|Adamant||M|||50|]Incineroar||SitrusBerry|Intimidate|FlareBlitz,FakeOut,ThroatChop,PartingShot|Impish||M|||50|]Venusaur||LifeOrb|Chlorophyll|SludgeBomb,LeafStorm,EarthPower,Protect|Modest||F|||50|]Toxapex||Leftovers|Regenerator|Infestation,Toxic,WideGuard,BanefulBunker|Bold||M|||50|]Sylveon||FairyFeather|Pixilate|HyperVoice,QuickAttack,Yawn,Detect|Modest||F|||50|
|inactive|Battle timer is ON: inactive players will automatically lose when time's up. (requested by spicy mcchikin)
|inactive|spicy mcchikin has 60 seconds left.
|
|t:|1784766869
|teamsize|p1|4
|teamsize|p2|4
|start
|switch|p1a: Kingambit|Kingambit, L50, M, shiny|100/100
|switch|p1b: HaveFun|Garchomp, L50, F|100/100
|switch|p2a: Incineroar|Incineroar, L50, M|100/100
|switch|p2b: Sylveon|Sylveon, L50, F|100/100
|-ability|p2a: Incineroar|Intimidate|boost
|-unboost|p1a: Kingambit|atk|1
|-ability|p1a: Kingambit|Defiant|boost
|-boost|p1a: Kingambit|atk|2
|-unboost|p1b: HaveFun|atk|1
|turn|1
|inactive|Charizard0420 has 30 seconds left.
|
|t:|1784766899
|move|p1b: HaveFun|Protect|p1b: HaveFun
|-singleturn|p1b: HaveFun|Protect
|move|p2a: Incineroar|Fake Out|p1a: Kingambit
|-resisted|p1a: Kingambit|1
|-damage|p1a: Kingambit|96/100
|cant|p1a: Kingambit|flinch
|move|p2b: Sylveon|Yawn|p1a: Kingambit
|-start|p1a: Kingambit|move: Yawn|[of] p2b: Sylveon
|
|upkeep
|turn|2
|inactive|Charizard0420 has 30 seconds left.
|
|t:|1784766931
|switch|p1b: Whimsicott|Whimsicott, L50, M, shiny|100/100
|switch|p1a: Staraptor|Staraptor, L50, M, shiny|100/100
|-ability|p1a: Staraptor|Intimidate|boost
|-unboost|p2a: Incineroar|atk|1
|-unboost|p2b: Sylveon|atk|1
|switch|p2a: Toxapex|Toxapex, L50, M|100/100
|move|p2b: Sylveon|Detect||[still]
|-fail|p2b: Sylveon
|
|upkeep
|turn|3
|inactive|Charizard0420 has 30 seconds left.
|inactive|Charizard0420 has 20 seconds left.
|inactive|Charizard0420 has 15 seconds left.
|inactive|Charizard0420 has 10 seconds left.
|
|t:|1784766980
|switch|p2b: Incineroar|Incineroar, L50, M|100/100
|-ability|p2b: Incineroar|Intimidate|boost
|-unboost|p1a: Staraptor|atk|1
|-unboost|p1b: Whimsicott|atk|1
|detailschange|p1a: Staraptor|Staraptor-Mega, L50, M, shiny
|-mega|p1a: Staraptor|Staraptor|Staraptite
|move|p1b: Whimsicott|Charm|p1a: Staraptor
|-boost|p1a: Staraptor|atk|2
|move|p1a: Staraptor|Close Combat|p2b: Incineroar
|-supereffective|p2b: Incineroar|1
|-damage|p2b: Incineroar|0 fnt
|-boost|p1a: Staraptor|def|1
|-boost|p1a: Staraptor|spd|1
|faint|p2b: Incineroar
|move|p2a: Toxapex|Toxic|p1a: Staraptor
|-status|p1a: Staraptor|tox
|
|-damage|p1a: Staraptor|93/100 tox|[from] psn
|upkeep
|inactive|spicy mcchikin has 30 seconds left.
|
|t:|1784767005
|switch|p2b: Sylveon|Sylveon, L50, F|100/100
|turn|4
|
|t:|1784767019
|move|p2b: Sylveon|Detect|p2b: Sylveon
|-singleturn|p2b: Sylveon|Protect
|move|p1b: Whimsicott|Charm|p1a: Staraptor
|-boost|p1a: Staraptor|atk|2
|move|p1a: Staraptor|Brave Bird|p2b: Sylveon
|-activate|p2b: Sylveon|move: Protect
|move|p2a: Toxapex|Infestation|p1a: Staraptor
|-resisted|p1a: Staraptor|2
|-damage|p1a: Staraptor|93/100 tox
|-activate|p1a: Staraptor|move: Infestation|[of] p2a: Toxapex
|
|-damage|p1a: Staraptor|80/100 tox|[from] psn
|-damage|p1a: Staraptor|68/100 tox|[from] move: Infestation|[partiallytrapped]
|upkeep
|turn|5
|c|☆spicy mcchikin|0%? That's a bug
|inactive|Charizard0420 has 30 seconds left.
|inactive|spicy mcchikin has 30 seconds left.
|inactive|spicy mcchikin has 20 seconds left.
|inactive|spicy mcchikin has 15 seconds left.
|inactive|spicy mcchikin has 10 seconds left.
|
|t:|1784767065
|move|p2b: Sylveon|Detect|p2b: Sylveon
|-singleturn|p2b: Sylveon|Protect
|move|p1b: Whimsicott|Charm|p1a: Staraptor
|-boost|p1a: Staraptor|atk|2
|move|p1a: Staraptor|Brave Bird|p2a: Toxapex
|-damage|p2a: Toxapex|0 fnt
|faint|p2a: Toxapex
|-damage|p1a: Staraptor|41/100 tox|[from] Recoil
|
|-damage|p1a: Staraptor|22/100 tox|[from] psn
|-end|p1a: Staraptor|Infestation|[partiallytrapped]|[silent]
|upkeep
|
|t:|1784767075
|switch|p2a: Charizard|Charizard, L50, M|100/100
|turn|6
|c|☆Charizard0420|what 0%?
|
|t:|1784767090
|detailschange|p2a: Charizard|Charizard-Mega-Y, L50, M
|-mega|p2a: Charizard|Charizard|Charizardite Y
|-weather|SunnyDay|[from] ability: Drought|[of] p2a: Charizard
|move|p1b: Whimsicott|Tailwind|p1b: Whimsicott
|-sidestart|p1: Charizard0420|move: Tailwind
|move|p2b: Sylveon|Quick Attack|p1b: Whimsicott
|-damage|p1b: Whimsicott|78/100
|move|p1a: Staraptor|Brave Bird|p2b: Sylveon
|-damage|p2b: Sylveon|0 fnt
|faint|p2b: Sylveon
|-damage|p1a: Staraptor|0 fnt|[from] Recoil
|faint|p1a: Staraptor
|move|p2a: Charizard|Heat Wave|p1b: Whimsicott
|-supereffective|p1b: Whimsicott|1
|-damage|p1b: Whimsicott|0 fnt
|faint|p1b: Whimsicott
|
|-weather|SunnyDay|[upkeep]
|upkeep
|c|☆spicy mcchikin|https://replay.pokemonshowdown.com/gen9championsvgc2026regmbbo3-2653387700
|c|☆spicy mcchikin|Wait sorry not that lol
|c|☆spicy mcchikin|https://replay.pokemonshowdown.com/gen9championsvgc2026regmbbo3-2653387700
|
|t:|1784767106
|switch|p1b: Kingambit|Kingambit, L50, M, shiny|96/100
|switch|p1a: HaveFun|Garchomp, L50, F|100/100
|turn|7
|c|☆spicy mcchikin|ughhh its not letting me copy it
|c|☆spicy mcchikin|but infestation did 0%
|c|☆spicy mcchikin|And I think the min dmg is always 1
|c|☆Charizard0420|ah ok
|c|☆spicy mcchikin|(wont chnage the outcome of the game)
|inactive|Charizard0420 has 30 seconds left.
|inactive|spicy mcchikin has 30 seconds left.
|
|t:|1784767134
|move|p1a: HaveFun|Rock Slide|p2a: Charizard
|-supereffective|p2a: Charizard|2
|-damage|p2a: Charizard|0 fnt
|faint|p2a: Charizard
|-damage|p1a: HaveFun|90/100|[from] item: Life Orb
|
|win|Charizard0420
|raw|Charizard0420's rating: 1136 → 1161(+25 for winning)
|raw|spicy mcchikin's rating: 1132 → 1107(-25 for losing)
|c|☆spicy mcchikin|ggwp
