|j|☆MrParcheggio
|j|☆testdigi
|html|MrParcheggiotestdigi    
|uhtml|bestof|Game 2 of a best-of-3
|t:|1784895418
|gametype|doubles
|player|p1|MrParcheggio|koga|1000
|player|p2|testdigi|101|1118
|gen|9
|tier|[Gen 9 Champions] VGC 2026 Reg M-B (Bo3)
|rated|
|rule|Species Clause: Limit one of each Pokémon
|rule|Item Clause: Limit 1 of each item
|clearpoke
|poke|p1|Pelipper, L50, M|
|poke|p1|Scizor, L50, F|
|poke|p1|Archaludon, L50, F|
|poke|p1|Basculegion, L50, M|
|poke|p1|Sceptile, L50, F, shiny|
|poke|p1|Hawlucha, L50, M|
|poke|p2|Raichu, L50, M|
|poke|p2|Toxapex, L50, F|
|poke|p2|Mamoswine, L50, F|
|poke|p2|Sylveon, L50, M|
|poke|p2|Corviknight, L50, F|
|poke|p2|Basculegion, L50, M|
|teampreview|4
|showteam|p1|Pelipper||FocusSash|Drizzle|Tailwind,HydroPump,Uturn,WeatherBall|Modest||M|||50|]Scizor||OccaBerry|Technician|BugBite,BulletPunch,Protect,SwordsDance|Adamant||F|||50|]Archaludon||ZoomLens|Stalwart|ElectroShot,DracoMeteor,FlashCannon,Protect|Timid||F|||50|]Basculegion||ChoiceScarf|SwiftSwim|FlipTurn,LastRespects,WaveCrash,IceFang|Adamant||M|||50|]Sceptile||Sceptilite|Unburden|EnergyBall,EarthPower,LeechSeed,Protect|Timid||F|||50|]Hawlucha||Hawluchanite|MoldBreaker|BraveBird,CloseCombat,Detect,SwordsDance|Jolly||M|||50|
|showteam|p2|Raichu||RaichuniteY|LightningRod|ZapCannon,FocusBlast,FakeOut,Protect|Timid||M|||50|]Toxapex||Leftovers|Regenerator|Infestation,Toxic,WideGuard,BanefulBunker|Relaxed||F|||50|]Mamoswine||LifeOrb|Oblivious|StompingTantrum,IceShard,RockSlide,Protect|Adamant||F|||50|]Sylveon||FairyFeather|Pixilate|HyperVoice,QuickAttack,Yawn,Detect|Modest||M|||50|]Corviknight||OccaBerry|MirrorArmor|IronHead,BraveBird,Tailwind,Protect|Adamant||F|||50|]Basculegion||FocusSash|Adaptability|LastRespects,Liquidation,AquaJet,Protect|Adamant||M|||50|
|
|t:|1784895488
|teamsize|p1|4
|teamsize|p2|4
|start
|switch|p1a: Pelipper|Pelipper, L50, M|100/100
|switch|p1b: Sceptile|Sceptile, L50, F, shiny|100/100
|switch|p2a: Raichu|Raichu, L50, M|100/100
|switch|p2b: Sylveon|Sylveon, L50, M|100/100
|-weather|RainDance|[from] ability: Drizzle|[of] p1a: Pelipper
|turn|1
|
|t:|1784895514
|detailschange|p2a: Raichu|Raichu-Mega-Y, L50, M
|-mega|p2a: Raichu|Raichu|Raichunite Y
|move|p2a: Raichu|Fake Out|p1b: Sceptile
|-damage|p1b: Sceptile|87/100
|cant|p1b: Sceptile|flinch
|move|p2b: Sylveon|Hyper Voice|p1a: Pelipper|[spread] p1a,p1b
|-damage|p1a: Pelipper|32/100
|-damage|p1b: Sceptile|36/100
|move|p1a: Pelipper|Tailwind|p1a: Pelipper
|-sidestart|p1: MrParcheggio|move: Tailwind
|
|-weather|RainDance|[upkeep]
|upkeep
|turn|2
|
|t:|1784895536
|detailschange|p1b: Sceptile|Sceptile-Mega, L50, F, shiny
|-mega|p1b: Sceptile|Sceptile|Sceptilite
|move|p1b: Sceptile|Protect|p1b: Sceptile
|-singleturn|p1b: Sceptile|Protect
|move|p2a: Raichu|Protect|p2a: Raichu
|-singleturn|p2a: Raichu|Protect
|move|p1a: Pelipper|Hydro Pump|p2a: Raichu
|-activate|p2a: Raichu|move: Protect
|move|p2b: Sylveon|Hyper Voice|p1b: Sceptile|[spread] p1a
|-activate|p1b: Sceptile|move: Protect
|-damage|p1a: Pelipper|0 fnt
|faint|p1a: Pelipper
|
|-weather|RainDance|[upkeep]
|upkeep
|
|t:|1784895547
|switch|p1a: Basculegion|Basculegion, L50, M|100/100
|turn|3
|
|t:|1784895560
|switch|p1b: Scizor|Scizor, L50, F|100/100
|switch|p2a: Toxapex|Toxapex, L50, F|100/100
|move|p2b: Sylveon|Detect|p2b: Sylveon
|-singleturn|p2b: Sylveon|Protect
|move|p1a: Basculegion|Wave Crash|p2a: Toxapex
|-resisted|p2a: Toxapex|1
|-damage|p2a: Toxapex|71/100
|-damage|p1a: Basculegion|92/100|[from] Recoil
|
|-weather|RainDance|[upkeep]
|-heal|p2a: Toxapex|77/100|[from] item: Leftovers
|upkeep
|turn|4
|
|t:|1784895592
|switch|p2b: Corviknight|Corviknight, L50, F|100/100
|move|p1a: Basculegion|Wave Crash|p2b: Corviknight
|-damage|p2b: Corviknight|16/100
|-damage|p1a: Basculegion|63/100|[from] Recoil
|move|p1b: Scizor|Swords Dance|p1b: Scizor
|-boost|p1b: Scizor|atk|2
|move|p2a: Toxapex|Infestation|p1b: Scizor
|-resisted|p1b: Scizor|1
|-damage|p1b: Scizor|98/100
|-activate|p1b: Scizor|move: Infestation|[of] p2a: Toxapex
|
|-weather|RainDance|[upkeep]
|-heal|p2a: Toxapex|82/100|[from] item: Leftovers
|-damage|p1b: Scizor|85/100|[from] move: Infestation|[partiallytrapped]
|-sideend|p1: MrParcheggio|move: Tailwind
|upkeep
|turn|5
|
|t:|1784895610
|move|p2b: Corviknight|Protect|p2b: Corviknight
|-singleturn|p2b: Corviknight|Protect
|move|p1a: Basculegion|Wave Crash|p2b: Corviknight
|-activate|p2b: Corviknight|move: Protect
|move|p1b: Scizor|Bug Bite|p2a: Toxapex
|-resisted|p2a: Toxapex|1
|-damage|p2a: Toxapex|47/100
|move|p2a: Toxapex|Toxic|p1a: Basculegion
|-status|p1a: Basculegion|tox
|
|-weather|none
|-heal|p2a: Toxapex|52/100|[from] item: Leftovers
|-damage|p1a: Basculegion|57/100 tox|[from] psn
|-damage|p1b: Scizor|73/100|[from] move: Infestation|[partiallytrapped]
|upkeep
|turn|6
|
|t:|1784895640
|move|p1a: Basculegion|Wave Crash|p2b: Corviknight
|-damage|p2b: Corviknight|0 fnt
|faint|p2b: Corviknight
|-damage|p1a: Basculegion|51/100 tox|[from] Recoil
|move|p1b: Scizor|Bug Bite|p2a: Toxapex
|-resisted|p2a: Toxapex|1
|-damage|p2a: Toxapex|19/100
|move|p2a: Toxapex|Infestation|p1a: Basculegion
|-resisted|p1a: Basculegion|1
|-damage|p1a: Basculegion|50/100g tox
|-activate|p1a: Basculegion|move: Infestation|[of] p2a: Toxapex
|
|-heal|p2a: Toxapex|25/100|[from] item: Leftovers
|-damage|p1a: Basculegion|38/100 tox|[from] psn
|-damage|p1a: Basculegion|25/100 tox|[from] move: Infestation|[partiallytrapped]
|-damage|p1b: Scizor|61/100|[from] move: Infestation|[partiallytrapped]
|upkeep
|
|t:|1784895661
|switch|p2b: Sylveon|Sylveon, L50, M|100/100
|turn|7
|
|t:|1784895671
|move|p2b: Sylveon|Detect|p2b: Sylveon
|-singleturn|p2b: Sylveon|Protect
|move|p2a: Toxapex|Baneful Bunker|p2a: Toxapex
|-singleturn|p2a: Toxapex|move: Protect
|move|p1a: Basculegion|Wave Crash|p2b: Sylveon
|-activate|p2b: Sylveon|move: Protect
|move|p1b: Scizor|Bug Bite|p2a: Toxapex
|-activate|p2a: Toxapex|move: Protect
|
|-heal|p2a: Toxapex|31/100|[from] item: Leftovers
|-damage|p1a: Basculegion|7/100 tox|[from] psn
|-damage|p1a: Basculegion|0 fnt|[from] move: Infestation|[partiallytrapped]
|faint|p1a: Basculegion
|-damage|p1b: Scizor|48/100|[from] move: Infestation|[partiallytrapped]
|upkeep
|
|t:|1784895677
|switch|p1a: Sceptile|Sceptile-Mega, L50, F, shiny|36/100
|turn|8
|
|t:|1784895693
|move|p2b: Sylveon|Quick Attack|p1a: Sceptile
|-supereffective|p1a: Sceptile|1
|-damage|p1a: Sceptile|5/100
|move|p1b: Scizor|Bullet Punch|p2b: Sylveon
|-supereffective|p2b: Sylveon|1
|-damage|p2b: Sylveon|0 fnt
|faint|p2b: Sylveon
|move|p1a: Sceptile|Earth Power|p2a: Toxapex
|-supereffective|p2a: Toxapex|1
|-damage|p2a: Toxapex|0 fnt
|faint|p2a: Toxapex
|
|-end|p1b: Scizor|Infestation|[partiallytrapped]|[silent]
|upkeep
|
|t:|1784895697
|switch|p2b: Raichu|Raichu-Mega-Y, L50, M|100/100
|turn|9
|
|t:|1784895713
|move|p2b: Raichu|Fake Out|p1a: Sceptile
|-damage|p1a: Sceptile|0 fnt
|faint|p1a: Sceptile
|move|p1b: Scizor|Bullet Punch|p2b: Raichu
|-resisted|p2b: Raichu|1
|-damage|p2b: Raichu|45/100
|
|upkeep
|turn|10
|
|t:|1784895721
|move|p1b: Scizor|Bullet Punch|p2b: Raichu
|-resisted|p2b: Raichu|1
|-damage|p2b: Raichu|0 fnt
|faint|p2b: Raichu
|
|win|MrParcheggio
