|j|☆im rune not rine
|j|☆redcorvin
|html|im rune not rineredcorvin    
|uhtml|bestof|Game 2 of a best-of-3
|t:|1784396109
|gametype|doubles
|player|p1|im rune not rine|265|
|player|p2|redcorvin|nate|
|gen|9
|tier|[Gen 9 Champions] VGC 2026 Reg M-B (Bo3)
|rule|Species Clause: Limit one of each Pokémon
|rule|Item Clause: Limit 1 of each item
|clearpoke
|poke|p1|Pelipper, L50, M|
|poke|p1|Azumarill, L50, M, shiny|
|poke|p1|Archaludon, L50, M, shiny|
|poke|p1|Dragonite, L50, M|
|poke|p1|Raichu, L50, F|
|poke|p1|Incineroar, L50, F|
|poke|p2|Floette-Eternal, L50, F|
|poke|p2|Charizard, L50, M|
|poke|p2|Whimsicott, L50, F, shiny|
|poke|p2|Garchomp, L50, F, shiny|
|poke|p2|Basculegion, L50, M|
|poke|p2|Kingambit, L50, M, shiny|
|teampreview|4
|showteam|p1|Pelipper||DampRock|Drizzle|Hurricane,Uturn,RainDance,Tailwind|Bold||M|||50|]Azumarill||LifeOrb|HugePower|AquaJet,PlayRough,Encore,IceSpinner|Adamant||M|||50|]Archaludon||QuickClaw|Stamina|AuraSphere,DracoMeteor,ElectroShot,Protect|Timid||M|||50|]Dragonite||Dragoninite|Multiscale|DracoMeteor,ExtremeSpeed,IceBeam,WeatherBall|Quiet||M|||50|]Raichu||RaichuniteY|LightningRod|Encore,FakeOut,ZapCannon,FocusBlast|Modest||F|||50|]Incineroar||Leftovers|Intimidate|CloseCombat,DarkestLariat,FakeOut,PartingShot|Impish||F|||50|
|showteam|p2|Floette-Eternal||Floettite|FlowerVeil|Moonblast,DazzlingGleam,LightofRuin,Protect|Modest||F|||50|]Charizard||CharizarditeY|Blaze|HeatWave,WeatherBall,SolarBeam,Protect|Modest||M|||50|]Whimsicott||FocusSash|Prankster|Moonblast,Tailwind,Encore,Protect|Timid||F|||50|]Garchomp||RoseliBerry|RoughSkin|DragonClaw,StompingTantrum,PoisonJab,RockSlide|Jolly||F|||50|]Basculegion||MysticWater|Adaptability|WaveCrash,LastRespects,AquaJet,Protect|Adamant||M|||50|]Kingambit||OccaBerry|Defiant|KowtowCleave,IronHead,SuckerPunch,Protect|Adamant||M|||50|
|
|t:|1784396138
|teamsize|p1|4
|teamsize|p2|4
|start
|switch|p1a: plskeeprain|Pelipper, L50, M|100/100
|switch|p1b: BascuIegion|Raichu, L50, F|100/100
|switch|p2a: Whimsicott|Whimsicott, L50, F, shiny|100/100
|switch|p2b: Charizard|Charizard, L50, M|100/100
|-weather|RainDance|[from] ability: Drizzle|[of] p1a: plskeeprain
|turn|1
|
|t:|1784396163
|detailschange|p1b: BascuIegion|Raichu-Mega-Y, L50, F
|-mega|p1b: BascuIegion|Raichu|Raichunite Y
|detailschange|p2b: Charizard|Charizard-Mega-Y, L50, M
|-mega|p2b: Charizard|Charizard|Charizardite Y
|-weather|SunnyDay|[from] ability: Drought|[of] p2b: Charizard
|move|p1b: BascuIegion|Fake Out|p2b: Charizard
|-damage|p2b: Charizard|91/100
|move|p2a: Whimsicott|Tailwind|p2a: Whimsicott
|-sidestart|p2: redcorvin|move: Tailwind
|cant|p2b: Charizard|flinch
|move|p1a: plskeeprain|Rain Dance|p1a: plskeeprain
|-weather|RainDance
|
|-weather|RainDance|[upkeep]
|upkeep
|turn|2
|
|t:|1784396186
|switch|p2b: Floette|Floette-Eternal, L50, F|100/100
|move|p2a: Whimsicott|Moonblast|p1b: BascuIegion
|-damage|p1b: BascuIegion|48/100
|move|p1b: BascuIegion|Zap Cannon|p2b: Floette
|-crit|p2b: Floette
|-damage|p2b: Floette|0 fnt
|faint|p2b: Floette
|move|p1a: plskeeprain|Hurricane|p2a: Whimsicott
|-supereffective|p2a: Whimsicott|1
|-enditem|p2a: Whimsicott|Focus Sash
|-damage|p2a: Whimsicott|1/100
|
|-weather|RainDance|[upkeep]
|upkeep
|
|t:|1784396199
|switch|p2b: Charizard|Charizard-Mega-Y, L50, M|91/100
|-weather|SunnyDay|[from] ability: Drought|[of] p2b: Charizard
|turn|3
|
|t:|1784396209
|move|p2a: Whimsicott|Moonblast|p1b: BascuIegion
|-damage|p1b: BascuIegion|0 fnt
|faint|p1b: BascuIegion
|move|p2b: Charizard|Solar Beam||[still]
|-prepare|p2b: Charizard|Solar Beam
|-anim|p2b: Charizard|Solar Beam|p1a: plskeeprain
|-damage|p1a: plskeeprain|32/100
|move|p1a: plskeeprain|U-turn|p2a: Whimsicott
|-damage|p2a: Whimsicott|0 fnt
|faint|p2a: Whimsicott
|
|t:|1784396219
|switch|p1a: BaxcaIibur|Archaludon, L50, M, shiny|100/100|[from] U-turn
|
|-weather|SunnyDay|[upkeep]
|upkeep
|
|t:|1784396223
|switch|p2a: Basculegion|Basculegion, L50, M|100/100
|switch|p1b: Magenton|Dragonite, L50, M|100/100
|turn|4
|
|t:|1784396262
|move|p2b: Charizard|Heat Wave|p1b: Magenton|[spread] p1a,p1b
|-resisted|p1b: Magenton|1
|-damage|p1a: BaxcaIibur|0 fnt
|-damage|p1b: Magenton|86/100
|faint|p1a: BaxcaIibur
|move|p2a: Basculegion|Last Respects|p1b: Magenton
|-damage|p1b: Magenton|0 fnt
|faint|p1b: Magenton
|
|-weather|SunnyDay|[upkeep]
|-sideend|p2: redcorvin|move: Tailwind
|upkeep
|
|t:|1784396273
|switch|p1b: plskeeprain|Pelipper, L50, M|32/100
|-weather|RainDance|[from] ability: Drizzle|[of] p1b: plskeeprain
|turn|5
|
|t:|1784396281
|move|p2b: Charizard|Heat Wave|p1b: plskeeprain|[miss]
|-miss|p2b: Charizard|p1b: plskeeprain
|move|p2a: Basculegion|Last Respects|p1b: plskeeprain
|-damage|p1b: plskeeprain|0 fnt
|faint|p1b: plskeeprain
|
|win|redcorvin
|c|☆im rune not rine|heat wave huh
||im rune not rine is ready for game 3.
||redcorvin is ready for game 3.
|uhtml|next|Next: Game 3 of 3
|l|☆redcorvin
|player|p2|
