|j|☆Xfede77
|j|☆zootvgc
|html|Xfede77zootvgc    
|uhtml|bestof|Game 2 of a best-of-3
|t:|1757185467
|gametype|doubles
|player|p1|Xfede77|giovanni|1155
|player|p2|zootvgc|265|1114
|gen|9
|tier|[Gen 9] VGC 2025 Reg H (Bo3)
|rated|
|rule|Species Clause: Limit one of each Pokémon
|rule|Item Clause: Limit 1 of each item
|clearpoke
|poke|p1|Gothitelle, L50, F|
|poke|p1|Kingdra, L50, F|
|poke|p1|Politoed, L50, M|
|poke|p1|Archaludon, L50, M|
|poke|p1|Incineroar, L50, M|
|poke|p1|Amoonguss, L50, M|
|poke|p2|Dragonite, L50, F|
|poke|p2|Gholdengo, L50|
|poke|p2|Rillaboom, L50, M|
|poke|p2|Ursaluna-Bloodmoon, L50, M|
|poke|p2|Maushold, L50|
|poke|p2|Annihilape, L50, M|
|teampreview|4
|showteam|p1|Gothitelle||SitrusBerry|ShadowTag|FakeOut,Psychic,TrickRoom,Protect|||F|||50|,,,,,Dark]Kingdra||LifeOrb|SwiftSwim|WeatherBall,MuddyWater,Protect,DracoMeteor|||F|||50|,,,,,Stellar]Politoed||Leftovers|Drizzle|WeatherBall,Protect,PerishSong,Encore|||M|||50|,,,,,Grass]Archaludon||PowerHerb|Stamina|ElectroShot,Protect,DragonPulse,FlashCannon|||M|||50|,,,,,Electric]Incineroar||SafetyGoggles|Intimidate|FakeOut,KnockOff,PartingShot,Protect|||M|||50|,,,,,Ghost]Amoonguss||EjectButton|Regenerator|Protect,RagePowder,Spore,PollenPuff|||M|||50|,,,,,Fairy
|showteam|p2|Dragonite||LoadedDice|Multiscale|ScaleShot,Haze,Protect,Tailwind|||F|||50|,,,,,Fairy]Gholdengo||LifeOrb|GoodasGold|MakeItRain,Protect,ShadowBall,NastyPlot||||||50|,,,,,Water]Rillaboom||MiracleSeed|GrassySurge|GrassyGlide,WoodHammer,FakeOut,HighHorsepower|||M|||50|,,,,,Fire]Ursaluna-Bloodmoon||AssaultVest|MindsEye|BloodMoon,HyperVoice,EarthPower,VacuumWave|||M|||50|,,,,,Water]Maushold||FocusSash|FriendGuard|Protect,SuperFang,BeatUp,FollowMe||||||50|,,,,,Ghost]Annihilape||SitrusBerry|Defiant|RageFist,BulkUp,Protect,DrainPunch|||M|||50|,,,,,Fire
|inactive|Battle timer is ON: inactive players will automatically lose when time's up. (requested by Xfede77)
|inactive|zootvgc has 60 seconds left.
|
|t:|1757185526
|teamsize|p1|4
|teamsize|p2|4
|start
|switch|p1a: Amoonguss|Amoonguss, L50, M|100/100
|switch|p1b: Archaludon|Archaludon, L50, M|100/100
|switch|p2a: Rillaboom|Rillaboom, L50, M|100/100
|switch|p2b: Gholdengo|Gholdengo, L50|100/100
|-fieldstart|move: Grassy Terrain|[from] ability: Grassy Surge|[of] p2a: Rillaboom
|turn|1
|
|t:|1757185545
|switch|p1a: Incineroar|Incineroar, L50, M|100/100
|-ability|p1a: Incineroar|Intimidate|boost
|-unboost|p2a: Rillaboom|atk|1
|-unboost|p2b: Gholdengo|atk|1
|move|p2a: Rillaboom|Fake Out|p1b: Archaludon
|-resisted|p1b: Archaludon
|-damage|p1b: Archaludon|97/100
|-ability|p1b: Archaludon|Stamina|boost
|-boost|p1b: Archaludon|def|1
|cant|p1b: Archaludon|flinch
|move|p2b: Gholdengo|Nasty Plot|p2b: Gholdengo
|-boost|p2b: Gholdengo|spa|2
|
|-heal|p1b: Archaludon|100/100|[from] Grassy Terrain
|upkeep
|turn|2
|inactive|zootvgc has 30 seconds left.
|
|t:|1757185577
|move|p2b: Gholdengo|Protect|p2b: Gholdengo
|-singleturn|p2b: Gholdengo|Protect
|move|p1a: Incineroar|Fake Out|p2a: Rillaboom
|-damage|p2a: Rillaboom|91/100
|move|p1b: Archaludon|Electro Shot||[still]
|-prepare|p1b: Archaludon|Electro Shot
|-boost|p1b: Archaludon|spa|1
|-enditem|p1b: Archaludon|Power Herb
|-anim|p1b: Archaludon|Electro Shot|p2b: Gholdengo
|-activate|p2b: Gholdengo|move: Protect
|cant|p2a: Rillaboom|flinch
|
|-heal|p2a: Rillaboom|97/100|[from] Grassy Terrain
|upkeep
|turn|3
|inactive|zootvgc has 30 seconds left.
|inactive|zootvgc has 20 seconds left.
|inactive|zootvgc has 15 seconds left.
|inactive|zootvgc has 10 seconds left.
|inactive|zootvgc has 5 seconds left.
|
|t:|1757185630
|switch|p1a: Politoed|Politoed, L50, M, shiny|100/100
|-weather|RainDance|[from] ability: Drizzle|[of] p1a: Politoed
|-terastallize|p2b: Gholdengo|Water
|move|p1b: Archaludon|Electro Shot||[still]
|-prepare|p1b: Archaludon|Electro Shot
|-boost|p1b: Archaludon|spa|1
|-anim|p1b: Archaludon|Electro Shot|p2b: Gholdengo
|-supereffective|p2b: Gholdengo
|-damage|p2b: Gholdengo|0 fnt
|faint|p2b: Gholdengo
|move|p2a: Rillaboom|High Horsepower|p1b: Archaludon
|-supereffective|p1b: Archaludon
|-damage|p1b: Archaludon|78/100
|-ability|p1b: Archaludon|Stamina|boost
|-boost|p1b: Archaludon|def|1
|
|-weather|RainDance|[upkeep]
|-heal|p1b: Archaludon|84/100|[from] Grassy Terrain
|-heal|p2a: Rillaboom|100/100|[from] Grassy Terrain
|upkeep
|
|t:|1757185649
|switch|p2b: Ursaluna|Ursaluna-Bloodmoon, L50, M|100/100
|turn|4
|
|t:|1757185674
|move|p1b: Archaludon|Protect|p1b: Archaludon
|-singleturn|p1b: Archaludon|Protect
|move|p2a: Rillaboom|Wood Hammer|p1a: Politoed
|-supereffective|p1a: Politoed
|-damage|p1a: Politoed|0 fnt
|faint|p1a: Politoed
|-damage|p2a: Rillaboom|69/100|[from] Recoil
|move|p2b: Ursaluna|Earth Power|p1b: Archaludon
|-activate|p1b: Archaludon|move: Protect
|
|-weather|RainDance|[upkeep]
|-heal|p1b: Archaludon|90/100|[from] Grassy Terrain
|-heal|p2a: Rillaboom|75/100|[from] Grassy Terrain
|upkeep
|
|t:|1757185698
|switch|p1a: Amoonguss|Amoonguss, L50, M|100/100
|turn|5
|inactive|zootvgc has 30 seconds left.
|
|t:|1757185729
|move|p1b: Archaludon|Protect|p1b: Archaludon
|-singleturn|p1b: Archaludon|Protect
|move|p2a: Rillaboom|Wood Hammer|p1b: Archaludon
|-activate|p1b: Archaludon|move: Protect
|move|p2b: Ursaluna|Earth Power|p1b: Archaludon
|-activate|p1b: Archaludon|move: Protect
|move|p1a: Amoonguss|Spore|p2b: Ursaluna
|-status|p2b: Ursaluna|slp|[from] move: Spore
|
|-weather|RainDance|[upkeep]
|-heal|p1b: Archaludon|96/100|[from] Grassy Terrain
|-heal|p2a: Rillaboom|80/100|[from] Grassy Terrain
|-fieldend|move: Grassy Terrain
|upkeep
|turn|6
|inactive|Xfede77 has 30 seconds left.
|inactive|Xfede77 has 20 seconds left.
|
|t:|1757185765
|switch|p2a: Maushold|Maushold, L50|100/100
|switch|p1a: Incineroar|Incineroar, L50, M|100/100
|-ability|p1a: Incineroar|Intimidate|boost
|-unboost|p2a: Maushold|atk|1
|-unboost|p2b: Ursaluna|atk|1
|move|p1b: Archaludon|Dragon Pulse|p2a: Maushold
|-enditem|p2a: Maushold|Focus Sash
|-damage|p2a: Maushold|1/100
|cant|p2b: Ursaluna|slp
|
|-weather|RainDance|[upkeep]
|upkeep
|turn|7
|inactive|Xfede77 has 30 seconds left.
|inactive|zootvgc has 30 seconds left.
|
|t:|1757185795
|move|p2a: Maushold|Protect|p2a: Maushold
|-singleturn|p2a: Maushold|Protect
|move|p1b: Archaludon|Dragon Pulse|p2b: Ursaluna
|-damage|p2b: Ursaluna|51/100 slp
|cant|p2b: Ursaluna|slp
|move|p1a: Incineroar|Knock Off|p2b: Ursaluna
|-damage|p2b: Ursaluna|32/100 slp
|-enditem|p2b: Ursaluna|Assault Vest|[from] move: Knock Off|[of] p1a: Incineroar
|
|-weather|none
|upkeep
|turn|8
|inactive|Xfede77 has 30 seconds left.
|
|t:|1757185825
|move|p2a: Maushold|Follow Me|p2a: Maushold
|-singleturn|p2a: Maushold|move: Follow Me
|move|p1b: Archaludon|Dragon Pulse|p2a: Maushold
|-damage|p2a: Maushold|0 fnt
|faint|p2a: Maushold
|-curestatus|p2b: Ursaluna|slp|[msg]
|move|p2b: Ursaluna|Earth Power|p1b: Archaludon
|-supereffective|p1b: Archaludon
|-damage|p1b: Archaludon|0 fnt
|faint|p1b: Archaludon
|move|p1a: Incineroar|Knock Off|p2b: Ursaluna
|-damage|p2b: Ursaluna|13/100
|
|upkeep
|
|t:|1757185848
|switch|p2a: Rillaboom|Rillaboom, L50, M|80/100
|switch|p1b: Amoonguss|Amoonguss, L50, M|100/100
|-fieldstart|move: Grassy Terrain|[from] ability: Grassy Surge|[of] p2a: Rillaboom
|turn|9
|inactive|zootvgc has 30 seconds left.
|inactive|zootvgc has 20 seconds left.
|inactive|zootvgc has 15 seconds left.
|
|t:|1757185891
|-terastallize|p1a: Incineroar|Ghost
|move|p1b: Amoonguss|Protect|p1b: Amoonguss
|-singleturn|p1b: Amoonguss|Protect
|move|p2a: Rillaboom|Wood Hammer|p1a: Incineroar
|-damage|p1a: Incineroar|19/100
|-damage|p2a: Rillaboom|54/100|[from] Recoil
|move|p2b: Ursaluna|Blood Moon|p1a: Incineroar
|-damage|p1a: Incineroar|0 fnt
|faint|p1a: Incineroar
|
|-heal|p2a: Rillaboom|60/100|[from] Grassy Terrain
|-heal|p2b: Ursaluna|19/100|[from] Grassy Terrain
|upkeep
|turn|10
|
|t:|1757185914
|move|p2a: Rillaboom|High Horsepower|p1b: Amoonguss
|-damage|p1b: Amoonguss|78/100
|move|p2b: Ursaluna|Earth Power|p1b: Amoonguss
|-damage|p1b: Amoonguss|38/100
|move|p1b: Amoonguss|Pollen Puff|p2b: Ursaluna
|-damage|p2b: Ursaluna|0 fnt
|faint|p2b: Ursaluna
|
|-heal|p2a: Rillaboom|66/100|[from] Grassy Terrain
|-heal|p1b: Amoonguss|44/100|[from] Grassy Terrain
|upkeep
|turn|11
|l|☆Xfede77
|inactive|Xfede77 disconnected and has a minute to reconnect!
|player|p1|
|inactive|Xfede77 has 30 seconds left.
|inactive|Xfede77 has 20 seconds left.
|inactive|Xfede77 has 15 seconds left.
|inactive|Xfede77 has 10 seconds left.
|inactive|Xfede77 has 5 seconds left.
|-message|Xfede77 lost due to inactivity.
|
|win|zootvgc
||zootvgc is ready for game 3.
