|j|☆Traindelpivgc
|j|☆LoveLiveTrickRoom
|html|TraindelpivgcLoveLiveTrickRoom    
|uhtml|bestof|Game 3 of a best-of-3
|t:|1756376660
|gametype|doubles
|player|p1|Traindelpivgc|hilbert-wonderlauncher|1161
|player|p2|LoveLiveTrickRoom|blackbelt-gen1|1107
|gen|9
|tier|[Gen 9] VGC 2025 Reg H (Bo3)
|rated|
|rule|Species Clause: Limit one of each Pokémon
|rule|Item Clause: Limit 1 of each item
|clearpoke
|poke|p1|Incineroar, L50, M|
|poke|p1|Amoonguss, L50, F|
|poke|p1|Ursaluna-Bloodmoon, L50, M|
|poke|p1|Sneasler, L50, F|
|poke|p1|Gholdengo, L50|
|poke|p1|Dragonite, L50, F|
|poke|p2|Sneasler, L50, F|
|poke|p2|Dondozo, L50, F|
|poke|p2|Baxcalibur, L50, M|
|poke|p2|Volcarona, L50, M|
|poke|p2|Rillaboom, L50, F|
|poke|p2|Kingambit, L50, F|
|teampreview|4
|showteam|p1|Incineroar||SafetyGoggles|Intimidate|FlareBlitz,KnockOff,PartingShot,FakeOut|||M|||50|,,,,,Ghost]Amoonguss||SitrusBerry|Regenerator|Spore,RagePowder,PollenPuff,Protect|||F|||50|,,,,,Psychic]Ursaluna-Bloodmoon||AssaultVest|MindsEye|HyperVoice,BloodMoon,EarthPower,VacuumWave|||M|||50|,,,,,Water]Sneasler||FocusSash|Unburden|CloseCombat,DireClaw,ThroatChop,Protect|||F|||50|,,,,,Stellar]Gholdengo||LifeOrb|GoodasGold|MakeItRain,ShadowBall,NastyPlot,Protect||||||50|,,,,,Water]Dragonite||LoadedDice|Multiscale|ScaleShot,Tailwind,Haze,Protect|||F|||50|,,,,,Fairy
|showteam|p2|Sneasler||FocusSash|Unburden|Protect,CloseCombat,DireClaw,Coaching|||F|||50|,,,,,Stellar]Dondozo||Leftovers|Unaware|Protect,Yawn,Liquidation,Fissure|||F|||50|,,,,,Bug]Baxcalibur||LoadedDice|ThermalExchange|Protect,IceShard,ScaleShot,IcicleSpear|||M|||50|,,,,,Ghost]Volcarona||CovertCloak|FlameBody|QuiverDance,HeatWave,TeraBlast,RagePowder|||M|||50|,,,,,Fairy]Rillaboom||AssaultVest|GrassySurge|GrassyGlide,FakeOut,HighHorsepower,WoodHammer|||F|||50|,,,,,Water]Kingambit||SafetyGoggles|Defiant|Protect,SwordsDance,KowtowCleave,SuckerPunch|||F|||50|,,,,,Dark
|
|t:|1756376713
|teamsize|p1|4
|teamsize|p2|4
|start
|switch|p1a: Ursaluna|Ursaluna-Bloodmoon, L50, M|100/100
|switch|p1b: Incineroar|Incineroar, L50, M|100/100
|switch|p2a: Kingambit|Kingambit, L50, F, shiny|100/100
|switch|p2b: Baxcalibur|Baxcalibur, L50, M|100/100
|-ability|p1b: Incineroar|Intimidate|boost
|-unboost|p2a: Kingambit|atk|1
|-ability|p2a: Kingambit|Defiant|boost
|-boost|p2a: Kingambit|atk|2
|-unboost|p2b: Baxcalibur|atk|1
|turn|1
|inactive|Battle timer is ON: inactive players will automatically lose when time's up. (requested by Traindelpivgc)
|inactive|Traindelpivgc has 60 seconds left.
|
|t:|1756376745
|-terastallize|p1a: Ursaluna|Water
|move|p2b: Baxcalibur|Protect|p2b: Baxcalibur
|-singleturn|p2b: Baxcalibur|Protect
|move|p2a: Kingambit|Protect|p2a: Kingambit
|-singleturn|p2a: Kingambit|Protect
|move|p1b: Incineroar|Fake Out|p2a: Kingambit
|-activate|p2a: Kingambit|move: Protect
|move|p1a: Ursaluna|Hyper Voice|p2a: Kingambit|[spread] 
|-activate|p2a: Kingambit|move: Protect
|-activate|p2b: Baxcalibur|move: Protect
|
|upkeep
|turn|2
|inactive|Traindelpivgc has 30 seconds left.
|inactive|Traindelpivgc has 20 seconds left.
|inactive|Traindelpivgc has 15 seconds left.
|inactive|Traindelpivgc has 10 seconds left.
|inactive|Traindelpivgc has 5 seconds left.
|
|t:|1756376796
|-terastallize|p2a: Kingambit|Dark
|move|p2a: Kingambit|Sucker Punch|p1a: Ursaluna
|-damage|p1a: Ursaluna|43/100
|move|p2b: Baxcalibur|Scale Shot|p1a: Ursaluna
|-damage|p1a: Ursaluna|37/100
|-damage|p1a: Ursaluna|30/100
|-damage|p1a: Ursaluna|23/100
|-damage|p1a: Ursaluna|15/100
|-damage|p1a: Ursaluna|8/100
|-hitcount|p1a: Ursaluna|5
|-unboost|p2b: Baxcalibur|def|1
|-boost|p2b: Baxcalibur|spe|1
|move|p1b: Incineroar|Knock Off|p2a: Kingambit
|-resisted|p2a: Kingambit
|-damage|p2a: Kingambit|84/100
|-enditem|p2a: Kingambit|Safety Goggles|[from] move: Knock Off|[of] p1b: Incineroar
|move|p1a: Ursaluna|Hyper Voice|p2b: Baxcalibur|[spread] p2a,p2b
|-damage|p2a: Kingambit|52/100
|-damage|p2b: Baxcalibur|67/100
|
|upkeep
|turn|3
|inactive|Traindelpivgc has 30 seconds left.
|
|t:|1756376823
|move|p2a: Kingambit|Protect|p2a: Kingambit
|-singleturn|p2a: Kingambit|Protect
|move|p2b: Baxcalibur|Ice Shard|p1a: Ursaluna
|-resisted|p1a: Ursaluna
|-damage|p1a: Ursaluna|3/100
|move|p1a: Ursaluna|Vacuum Wave|p2a: Kingambit
|-activate|p2a: Kingambit|move: Protect
|move|p1b: Incineroar|Flare Blitz|p2b: Baxcalibur
|-damage|p2b: Baxcalibur|0 fnt
|faint|p2b: Baxcalibur
|-damage|p1b: Incineroar|77/100|[from] Recoil
|
|upkeep
|
|t:|1756376838
|switch|p2b: Dondozo|Dondozo, L50, F, shiny|100/100
|turn|4
|
|t:|1756376859
|move|p1a: Ursaluna|Vacuum Wave|p2a: Kingambit
|-supereffective|p2a: Kingambit
|-damage|p2a: Kingambit|25/100
|move|p1b: Incineroar|Parting Shot|p2b: Dondozo
|-unboost|p2b: Dondozo|atk|1
|-unboost|p2b: Dondozo|spa|1
|
|t:|1756376867
|switch|p1b: Gholdengo|Gholdengo, L50|100/100|[from] Parting Shot
|move|p2a: Kingambit|Kowtow Cleave|p1a: Ursaluna
|-damage|p1a: Ursaluna|0 fnt
|faint|p1a: Ursaluna
|move|p2b: Dondozo|Yawn|p1b: Gholdengo
|-immune|p1b: Gholdengo|[from] ability: Good as Gold
|
|upkeep
|
|t:|1756376883
|switch|p1a: Incineroar|Incineroar, L50, M|77/100
|-ability|p1a: Incineroar|Intimidate|boost
|-unboost|p2a: Kingambit|atk|1
|-ability|p2a: Kingambit|Defiant|boost
|-boost|p2a: Kingambit|atk|2
|-unboost|p2b: Dondozo|atk|1
|turn|5
|inactive|Traindelpivgc has 30 seconds left.
|
|t:|1756376909
|move|p2a: Kingambit|Protect|p2a: Kingambit
|-singleturn|p2a: Kingambit|Protect
|move|p1a: Incineroar|Fake Out|p2a: Kingambit
|-activate|p2a: Kingambit|move: Protect
|move|p1b: Gholdengo|Nasty Plot|p1b: Gholdengo
|-boost|p1b: Gholdengo|spa|2
|move|p2b: Dondozo|Yawn|p1a: Incineroar
|-start|p1a: Incineroar|move: Yawn|[of] p2b: Dondozo
|
|upkeep
|turn|6
|inactive|Traindelpivgc has 30 seconds left.
|
|t:|1756376937
|move|p1b: Gholdengo|Protect|p1b: Gholdengo
|-singleturn|p1b: Gholdengo|Protect
|move|p2a: Kingambit|Sucker Punch||[still]
|-fail|p2a: Kingambit
|move|p1a: Incineroar|Flare Blitz|p2a: Kingambit
|-damage|p2a: Kingambit|0 fnt
|faint|p2a: Kingambit
|-damage|p1a: Incineroar|69/100|[from] Recoil
|move|p2b: Dondozo|Fissure|p1b: Gholdengo
|-activate|p1b: Gholdengo|move: Protect
|
|-end|p1a: Incineroar|move: Yawn|[silent]
|-status|p1a: Incineroar|slp
|upkeep
|
|t:|1756376942
|switch|p2a: Volcarona|Volcarona, L50, M|100/100
|turn|7
|
|t:|1756376963
|move|p1b: Gholdengo|Shadow Ball|p2a: Volcarona
|-damage|p2a: Volcarona|0 fnt
|faint|p2a: Volcarona
|-damage|p1b: Gholdengo|91/100|[from] item: Life Orb
|cant|p1a: Incineroar|slp
|move|p2b: Dondozo|Liquidation|p1a: Incineroar
|-supereffective|p1a: Incineroar
|-damage|p1a: Incineroar|36/100 slp
|
|upkeep
|turn|8
|-message|LoveLiveTrickRoom forfeited.
|
|win|Traindelpivgc
|raw|Traindelpivgc's rating: 1161 → 1182(+21 for winning)
|raw|LoveLiveTrickRoom's rating: 1107 → 1086(-21 for losing)
|c|☆Traindelpivgc|GG
|l|☆LoveLiveTrickRoom
|player|p2|
|j|☆LoveLiveTrickRoom
|player|p2|LoveLiveTrickRoom|blackbelt-gen1|
