|j|☆mikelpoyarzabal
|j|☆StarCott Yuri
|html|mikelpoyarzabalStarCott Yuri    
|uhtml|bestof|Game 3 of a best-of-3
|t:|1784750089
|gametype|doubles
|player|p1|mikelpoyarzabal|arven-s|1332
|player|p2|StarCott Yuri|clerkf|1370
|gen|9
|tier|[Gen 9 Champions] VGC 2026 Reg M-B (Bo3)
|rated|
|rule|Species Clause: Limit one of each Pokémon
|rule|Item Clause: Limit 1 of each item
|clearpoke
|poke|p1|Mawile, L50, F|
|poke|p1|Charizard, L50, M|
|poke|p1|Farigiraf, L50, M|
|poke|p1|Garchomp, L50, M|
|poke|p1|Venusaur, L50, M|
|poke|p1|Incineroar, L50, M|
|poke|p2|Camerupt, L50, F|
|poke|p2|Blastoise, L50, M|
|poke|p2|Vivillon, L50, M|
|poke|p2|Drampa, L50, F|
|poke|p2|Farigiraf, L50, M|
|poke|p2|Sneasler, L50, F|
|teampreview|4
|showteam|p1|Mawile||Mawilite|HyperCutter|PlayRough,SuckerPunch,RockSlide,Protect|Brave||F|||50|]Charizard||CharizarditeY|Blaze|HeatWave,WeatherBall,SolarBeam,Protect|Modest||M|||50|]Farigiraf||ColburBerry|ArmorTail|Psychic,Thunderbolt,HelpingHand,TrickRoom|Modest||M|||50|]Garchomp||LifeOrb|RoughSkin|DragonClaw,Earthquake,RockSlide,Protect|Jolly||M|||50|]Venusaur||FocusSash|Chlorophyll|LeafStorm,SludgeBomb,SleepPowder,Protect|Modest||M|||50|]Incineroar||SitrusBerry|Intimidate|FlareBlitz,DarkestLariat,PartingShot,FakeOut|Careful||M|||50|
|showteam|p2|Camerupt||Cameruptite|SolidRock|Eruption,EarthPower,AncientPower,Protect|Quiet||F|||50|]Blastoise||Blastoisinite|RainDish|WaterSpout,AuraSphere,DarkPulse,FakeOut|Modest||M|||50|]Vivillon||ChoiceScarf|CompoundEyes|Hurricane,SleepPowder,Tailwind,RagePowder|Timid||M|||50|]Drampa||LifeOrb|CloudNine|HyperVoice,EarthPower,DragonPulse,Protect|Quiet||F|||50|]Farigiraf||ColburBerry|ArmorTail|Psyshock,Thunderbolt,TrickRoom,HelpingHand|Quiet||M|||50|]Sneasler||FocusSash|Unburden|DireClaw,CloseCombat,FakeOut,ThroatChop|Adamant||F|||50|
|inactive|Battle timer is ON: inactive players will automatically lose when time's up. (requested by mikelpoyarzabal)
|inactive|StarCott Yuri has 60 seconds left.
|
|t:|1784750131
|teamsize|p1|4
|teamsize|p2|4
|start
|switch|p1a: Venusaur|Venusaur, L50, M|100/100
|switch|p1b: Incineroar|Incineroar, L50, M|100/100
|switch|p2a: Farigiraf|Farigiraf, L50, M|100/100
|switch|p2b: Blastoise|Blastoise, L50, M|100/100
|-ability|p1b: Incineroar|Intimidate|boost
|-unboost|p2a: Farigiraf|atk|1
|-unboost|p2b: Blastoise|atk|1
|turn|1
|
|t:|1784750154
|move|p2b: Blastoise|Fake Out|p1a: Venusaur
|-damage|p1a: Venusaur|92/100
|cant|p1a: Venusaur|flinch
|move|p1b: Incineroar|Parting Shot|p2b: Blastoise
|-unboost|p2b: Blastoise|atk|1
|-unboost|p2b: Blastoise|spa|1
|
|t:|1784750157
|switch|p1b: Mawile|Mawile, L50, F|100/100|[from] Parting Shot
|move|p2a: Farigiraf|Trick Room|p2a: Farigiraf
|-fieldstart|move: Trick Room|[of] p2a: Farigiraf
|
|upkeep
|turn|2
|
|t:|1784750172
|switch|p1a: Incineroar|Incineroar, L50, M|100/100
|-ability|p1a: Incineroar|Intimidate|boost
|-unboost|p2a: Farigiraf|atk|1
|-unboost|p2b: Blastoise|atk|1
|detailschange|p1b: Mawile|Mawile-Mega, L50, F
|-mega|p1b: Mawile|Mawile|Mawilite
|move|p1b: Mawile|Play Rough|p2b: Blastoise|[miss]
|-miss|p1b: Mawile|p2b: Blastoise
|move|p2a: Farigiraf|Psyshock|p1a: Incineroar
|-immune|p1a: Incineroar
|move|p2b: Blastoise|Dark Pulse|p1b: Mawile
|-resisted|p1b: Mawile|1
|-damage|p1b: Mawile|91/100
|
|upkeep
|turn|3
|
|t:|1784750190
|move|p2a: Farigiraf|Helping Hand|p2b: Blastoise
|-singleturn|p2b: Blastoise|Helping Hand|[of] p2a: Farigiraf
|move|p1b: Mawile|Play Rough|p2b: Blastoise
|-crit|p2b: Blastoise
|-damage|p2b: Blastoise|0 fnt
|faint|p2b: Blastoise
|move|p1a: Incineroar|Darkest Lariat|p2a: Farigiraf
|-supereffective|p2a: Farigiraf|1
|-enditem|p2a: Farigiraf|Colbur Berry|[eat]
|-enditem|p2a: Farigiraf|Colbur Berry|[weaken]
|-damage|p2a: Farigiraf|67/100
|
|upkeep
|
|t:|1784750203
|switch|p2b: Camerupt|Camerupt, L50, F|100/100
|turn|4
|
|t:|1784750214
|switch|p1b: Garchomp|Garchomp, L50, M|100/100
|detailschange|p2b: Camerupt|Camerupt-Mega, L50, F
|-mega|p2b: Camerupt|Camerupt|Cameruptite
|move|p2b: Camerupt|Earth Power|p1a: Incineroar
|-supereffective|p1a: Incineroar|1
|-damage|p1a: Incineroar|0 fnt
|faint|p1a: Incineroar
|move|p2a: Farigiraf|Psyshock|p1b: Garchomp
|-damage|p1b: Garchomp|58/100
|
|upkeep
|inactive|mikelpoyarzabal has 30 seconds left.
|inactive|mikelpoyarzabal has 20 seconds left.
|
|t:|1784750251
|switch|p1a: Venusaur|Venusaur, L50, M|92/100
|turn|5
|
|t:|1784750256
|switch|p2b: Vivillon|Vivillon, L50, M|100/100
|move|p1a: Venusaur|Protect|p1a: Venusaur
|-singleturn|p1a: Venusaur|Protect
|move|p1b: Garchomp|Protect|p1b: Garchomp
|-singleturn|p1b: Garchomp|Protect
|move|p2a: Farigiraf|Psyshock|p1a: Venusaur
|-activate|p1a: Venusaur|move: Protect
|
|-fieldend|move: Trick Room
|upkeep
|turn|6
|
|t:|1784750266
|move|p2b: Vivillon|Hurricane|p1a: Venusaur
|-supereffective|p1a: Venusaur|1
|-damage|p1a: Venusaur|0 fnt
|faint|p1a: Venusaur
|move|p1b: Garchomp|Rock Slide|p2a: Farigiraf|[spread] p2a
|-miss|p1b: Garchomp|p2b: Vivillon
|-crit|p2a: Farigiraf
|-damage|p2a: Farigiraf|31/100
|-damage|p1b: Garchomp|48/100|[from] item: Life Orb
|move|p2a: Farigiraf|Trick Room|p2a: Farigiraf
|-fieldstart|move: Trick Room|[of] p2a: Farigiraf
|
|upkeep
|
|t:|1784750273
|switch|p1a: Mawile|Mawile-Mega, L50, F|91/100
|turn|7
|
|t:|1784750295
|switch|p2a: Camerupt|Camerupt-Mega, L50, F|100/100
|move|p1a: Mawile|Protect|p1a: Mawile
|-singleturn|p1a: Mawile|Protect
|move|p1b: Garchomp|Protect|p1b: Garchomp
|-singleturn|p1b: Garchomp|Protect
|move|p2b: Vivillon|Hurricane|p1b: Garchomp
|-activate|p1b: Garchomp|move: Protect
|
|upkeep
|turn|8
|
|t:|1784750319
|switch|p2b: Farigiraf|Farigiraf, L50, M|31/100
|move|p1a: Mawile|Protect||[still]
|-fail|p1a: Mawile
|move|p2a: Camerupt|Eruption|p1a: Mawile|[spread] p1a,p1b
|-supereffective|p1a: Mawile|1
|-resisted|p1b: Garchomp|1
|-damage|p1a: Mawile|0 fnt
|-damage|p1b: Garchomp|9/100
|faint|p1a: Mawile
|move|p1b: Garchomp|Earthquake|p2b: Farigiraf|[spread] p2a,p2b
|-supereffective|p2a: Camerupt|1
|-damage|p2a: Camerupt|1/100
|-damage|p2b: Farigiraf|0 fnt
|faint|p2b: Farigiraf
|-damage|p1b: Garchomp|0 fnt|[from] item: Life Orb
|faint|p1b: Garchomp
|
|win|StarCott Yuri
|raw|mikelpoyarzabal's rating: 1332 → 1314(-18 for losing)
|raw|StarCott Yuri's rating: 1370 → 1388(+18 for winning)
