|j|☆Daniw9
|j|☆felasmiguel
|html|Daniw9felasmiguel    
|uhtml|bestof|Game 3 of a best-of-3
|t:|1756485863
|gametype|doubles
|player|p1|Daniw9|2|1203
|player|p2|felasmiguel|scientist|1111
|gen|9
|tier|[Gen 9] VGC 2025 Reg H (Bo3)
|rated|
|rule|Species Clause: Limit one of each Pokémon
|rule|Item Clause: Limit 1 of each item
|clearpoke
|poke|p1|Garchomp, L50, F|
|poke|p1|Tyranitar, L50, F|
|poke|p1|Delphox, L50, F|
|poke|p1|Indeedee-F, L50, F|
|poke|p1|Gallade, L50, M|
|poke|p1|Whimsicott, L50, F|
|poke|p2|Metagross, L50|
|poke|p2|Mienshao, L50, M|
|poke|p2|Sinistcha, L50|
|poke|p2|Frosmoth, L50, M|
|poke|p2|Glimmora, L50, F|
|poke|p2|Ninetales-Alola, L50, M|
|teampreview|4
|showteam|p1|Garchomp||LifeOrb|SandVeil|Earthquake,StompingTantrum,Protect,DragonClaw|||F|||50|,,,,,Steel]Tyranitar||AssaultVest|SandStream|RockSlide,TeraBlast,KnockOff,LowKick|||F|||50|,,,,,Flying]Delphox||PsychicSeed|Magician|ExpandingForce,HeatWave,TeraBlast,Protect|||F|||50|,,,,,Fairy]Indeedee-F||SafetyGoggles|PsychicSurge|DazzlingGleam,TrickRoom,FollowMe,HelpingHand|||F|||50|,,,,,Water]Gallade||ClearAmulet|Sharpness|SacredSword,PsychoCut,TrickRoom,Protect|||M|||50|,,,,,Grass]Whimsicott||CovertCloak|Prankster|Moonblast,Tailwind,Encore,Protect|||F|||50|,,,,,Ghost
|showteam|p2|Metagross||AssaultVest|ClearBody|HardPress,PsychicFangs,BulletPunch,StompingTantrum||||||50|,,,,,Dragon]Mienshao||FocusSash|InnerFocus|CloseCombat,WideGuard,Taunt,Coaching|||M|||50|,,,,,Fighting]Sinistcha||RockyHelmet|Hospitality|LifeDew,MatchaGotcha,RagePowder,TrickRoom||||||50|,,,,,Dark]Frosmoth||SafetyGoggles|IceScales|QuiverDance,IceBeam,TeraBlast,Protect|||M|||50|,,,,,Electric]Glimmora||PowerHerb|Corrosion|MeteorBeam,Toxic,SpikyShield,EarthPower|||F|||50|,,,,,Grass]Ninetales-Alola||LightClay|SnowWarning|AuroraVeil,FreezeDry,Encore,Protect|||M|||50|,,,,,Ghost
|
|t:|1756485926
|teamsize|p1|4
|teamsize|p2|4
|start
|switch|p1a: Delphox|Delphox, L50, F|100/100
|switch|p1b: Indeedee|Indeedee-F, L50, F|100/100
|switch|p2a: Metagross|Metagross, L50|100/100
|switch|p2b: Mienshao|Mienshao, L50, M|100/100
|-fieldstart|move: Psychic Terrain|[from] ability: Psychic Surge|[of] p1b: Indeedee
|-enditem|p1a: Delphox|Psychic Seed
|-boost|p1a: Delphox|spd|1|[from] item: Psychic Seed
|turn|1
|
|t:|1756485938
|-terastallize|p2a: Metagross|Dragon
|move|p1b: Indeedee|Follow Me|p1b: Indeedee
|-singleturn|p1b: Indeedee|move: Follow Me
|move|p2b: Mienshao|Coaching|p2a: Metagross
|-boost|p2a: Metagross|atk|1
|-boost|p2a: Metagross|def|1
|move|p1a: Delphox|Heat Wave|p2a: Metagross|[spread] p2a,p2b
|-resisted|p2a: Metagross
|-damage|p2a: Metagross|89/100
|-damage|p2b: Mienshao|33/100
|-item|p1a: Delphox|Focus Sash|[from] ability: Magician|[of] p2b: Mienshao
|move|p2a: Metagross|Hard Press|p1b: Indeedee
|-damage|p1b: Indeedee|14/100
|
|upkeep
|turn|2
|
|t:|1756485987
|move|p1b: Indeedee|Helping Hand|p1a: Delphox
|-singleturn|p1a: Delphox|Helping Hand|[of] p1b: Indeedee
|move|p2b: Mienshao|Close Combat|p1b: Indeedee
|-damage|p1b: Indeedee|0 fnt
|-unboost|p2b: Mienshao|def|1
|-unboost|p2b: Mienshao|spd|1
|faint|p1b: Indeedee
|move|p1a: Delphox|Expanding Force|p2a: Metagross|[spread] p2a,p2b
|-supereffective|p2b: Mienshao
|-damage|p2a: Metagross|29/100
|-damage|p2b: Mienshao|0 fnt
|faint|p2b: Mienshao
|move|p2a: Metagross|Stomping Tantrum|p1a: Delphox
|-supereffective|p1a: Delphox
|-enditem|p1a: Delphox|Focus Sash
|-damage|p1a: Delphox|1/100
|
|upkeep
|
|t:|1756485999
|switch|p2b: Sinistcha|Sinistcha, L50|100/100
|switch|p1b: Garchomp|Garchomp, L50, F|100/100
|-heal|p2a: Metagross|53/100|[from] ability: Hospitality|[of] p2b: Sinistcha
|turn|3
|
|t:|1756486030
|move|p1a: Delphox|Expanding Force|p2b: Sinistcha|[spread] p2a,p2b
|-crit|p2a: Metagross
|-damage|p2a: Metagross|0 fnt
|-damage|p2b: Sinistcha|34/100
|faint|p2a: Metagross
|-item|p1a: Delphox|Assault Vest|[from] ability: Magician|[of] p2: Metagross
|move|p1b: Garchomp|Earthquake|p2b: Sinistcha|[spread] p1a,p2b
|-supereffective|p1a: Delphox
|-resisted|p2b: Sinistcha
|-damage|p1a: Delphox|0 fnt
|-damage|p2b: Sinistcha|15/100
|faint|p1a: Delphox
|-damage|p1b: Garchomp|91/100|[from] item: Life Orb
|move|p2b: Sinistcha|Trick Room|p2b: Sinistcha
|-fieldstart|move: Trick Room|[of] p2b: Sinistcha
|
|upkeep
|
|t:|1756486043
|switch|p2a: Ninetales|Ninetales-Alola, L50, M|100/100
|switch|p1a: Tyranitar|Tyranitar, L50, F|100/100
|-weather|Sandstorm|[from] ability: Sand Stream|[of] p1a: Tyranitar
|-weather|Snowscape|[from] ability: Snow Warning|[of] p2a: Ninetales
|turn|4
|
|t:|1756486060
|-terastallize|p1a: Tyranitar|Flying
|move|p1b: Garchomp|Protect|p1b: Garchomp
|-singleturn|p1b: Garchomp|Protect
|move|p2b: Sinistcha|Matcha Gotcha|p1a: Tyranitar|[spread] p1a
|-activate|p1b: Garchomp|move: Protect
|-resisted|p1a: Tyranitar
|-damage|p1a: Tyranitar|94/100
|-heal|p2b: Sinistcha|18/100|[from] drain|[of] p1a: Tyranitar
|-status|p1a: Tyranitar|brn
|move|p1a: Tyranitar|Tera Blast|p2b: Sinistcha|[anim] Tera Blast Flying
|-supereffective|p2b: Sinistcha
|-damage|p2b: Sinistcha|0 fnt
|faint|p2b: Sinistcha
|move|p2a: Ninetales|Aurora Veil|p2a: Ninetales
|-sidestart|p2: felasmiguel|move: Aurora Veil
|
|-weather|Snowscape|[upkeep]
|-damage|p1a: Tyranitar|88/100 brn|[from] brn
|upkeep
|turn|5
|
|t:|1756486077
|move|p1a: Tyranitar|Rock Slide|p2a: Ninetales
|-supereffective|p2a: Ninetales
|-damage|p2a: Ninetales|78/100
|move|p1b: Garchomp|Stomping Tantrum|p2a: Ninetales
|-damage|p2a: Ninetales|46/100
|-damage|p1b: Garchomp|81/100|[from] item: Life Orb
|move|p2a: Ninetales|Freeze-Dry|p1b: Garchomp
|-supereffective|p1b: Garchomp
|-damage|p1b: Garchomp|0 fnt
|faint|p1b: Garchomp
|
|-weather|Snowscape|[upkeep]
|-damage|p1a: Tyranitar|82/100 brn|[from] brn
|-fieldend|move: Psychic Terrain
|upkeep
|turn|6
|
|t:|1756486090
|move|p2a: Ninetales|Protect|p2a: Ninetales
|-singleturn|p2a: Ninetales|Protect
|move|p1a: Tyranitar|Rock Slide|p2a: Ninetales
|-activate|p2a: Ninetales|move: Protect
|
|-weather|Snowscape|[upkeep]
|-damage|p1a: Tyranitar|76/100 brn|[from] brn
|upkeep
|turn|7
|
|t:|1756486098
|move|p1a: Tyranitar|Rock Slide|p2a: Ninetales
|-supereffective|p2a: Ninetales
|-damage|p2a: Ninetales|22/100
|cant|p2a: Ninetales|flinch
|
|-weather|Snowscape|[upkeep]
|-damage|p1a: Tyranitar|70/100 brn|[from] brn
|-fieldend|move: Trick Room
|upkeep
|turn|8
|
|t:|1756486112
|move|p2a: Ninetales|Freeze-Dry|p1a: Tyranitar
|-supereffective|p1a: Tyranitar
|-damage|p1a: Tyranitar|46/100 brn
|move|p1a: Tyranitar|Rock Slide|p2a: Ninetales
|-supereffective|p2a: Ninetales
|-crit|p2a: Ninetales
|-damage|p2a: Ninetales|0 fnt
|faint|p2a: Ninetales
|
|win|Daniw9
|raw|Daniw9's rating: 1203 → 1222(+19 for winning)
|raw|felasmiguel's rating: 1111 → 1092(-19 for losing)
|l|☆felasmiguel
|player|p2|
