|j|☆DubiousVGC
|j|☆jmodri
|html|DubiousVGCjmodri    
|uhtml|bestof|Game 3 of a best-of-3
|t:|1783158727
|gametype|doubles
|player|p1|DubiousVGC|#umclisprigatitos|
|player|p2|jmodri|#jmodri|
|gen|9
|tier|[Gen 9 Champions] VGC 2026 Reg M-B (Bo3)
|rule|Species Clause: Limit one of each Pokémon
|rule|Item Clause: Limit 1 of each item
|clearpoke
|poke|p1|Gholdengo, L50|
|poke|p1|Incineroar, L50, F|
|poke|p1|Charizard, L50, F|
|poke|p1|Garchomp, L50, F|
|poke|p1|Basculegion, L50, M|
|poke|p1|Whimsicott, L50, M|
|poke|p2|Aerodactyl, L50, M|
|poke|p2|Garchomp, L50, M|
|poke|p2|Kingambit, L50, F|
|poke|p2|Charizard, L50, F|
|poke|p2|Sylveon, L50, M|
|poke|p2|Farigiraf, L50, F|
|teampreview|4
|showteam|p1|Gholdengo||SpellTag|GoodasGold|MakeItRain,ShadowBall,NastyPlot,Protect|Modest|||||50|]Incineroar||SitrusBerry|Intimidate|FlareBlitz,ThroatChop,PartingShot,FakeOut|Impish||F|||50|]Charizard||CharizarditeY|Blaze|HeatWave,WeatherBall,SolarBeam,Protect|Modest||F|||50|]Garchomp||LifeOrb|RoughSkin|Earthquake,DragonClaw,RockSlide,Protect|Jolly||F|||50|]Basculegion||ChoiceScarf|Adaptability|WaveCrash,LastRespects,AquaJet,FlipTurn|Jolly||M|||50|]Whimsicott||FocusSash|Prankster|Moonblast,Encore,Tailwind,Protect|Timid||M|||50|
|showteam|p2|Aerodactyl||Aerodactylite|Unnerve|RockSlide,DualWingbeat,IceFang,Tailwind|Jolly||M|||50|]Garchomp||LifeOrb|RoughSkin|Protect,DragonClaw,Earthquake,StompingTantrum|Jolly||M|||50|]Kingambit||FocusSash|Defiant|KowtowCleave,IronHead,SuckerPunch,LowKick|Adamant||F|||50|]Charizard||CharizarditeY|Blaze|Protect,HeatWave,SolarBeam,WeatherBall|Modest||F|||50|]Sylveon||FairyFeather|Pixilate|Protect,HyperVoice,HyperBeam,QuickAttack|Modest||M|||50|]Farigiraf||SitrusBerry|ArmorTail|TrickRoom,Roar,TwinBeam,Thunderbolt|Bold||F|||50|
|j| arekusabi
|j| val16
|j| xmarsh
|j| Will of urshifu
|j| fuslie fanboy
|j| A Regu1ar Guy
|l| arekusabi
|j| Finabas
|j| Wise'adel
|l| A Regu1ar Guy
|j| arekusabi
|l| arekusabi
|j| A Regu1ar Guy
|j| arekusabi
|l| arekusabi
|
|t:|1783158889
|teamsize|p1|4
|teamsize|p2|4
|start
|switch|p1a: Gholdengo|Gholdengo, L50|100/100
|switch|p1b: Whimsicott|Whimsicott, L50, M|100/100
|switch|p2a: Charizard|Charizard, L50, F|100/100
|switch|p2b: Farigiraf|Farigiraf, L50, F|100/100
|turn|1
|l| A Regu1ar Guy
|j| arekusabi
|l| Finabas
|
|t:|1783159047
|detailschange|p2a: Charizard|Charizard-Mega-Y, L50, F
|-mega|p2a: Charizard|Charizard|Charizardite Y
|-weather|SunnyDay|[from] ability: Drought|[of] p2a: Charizard
|move|p1b: Whimsicott|Protect|p1b: Whimsicott
|-singleturn|p1b: Whimsicott|Protect
|move|p1a: Gholdengo|Make It Rain|p2a: Charizard|[spread] p2a,p2b
|-resisted|p2a: Charizard|1
|-damage|p2a: Charizard|75/100
|-damage|p2b: Farigiraf|56/100
|-unboost|p1a: Gholdengo|spa|2
|move|p2a: Charizard|Heat Wave|p1b: Whimsicott|[spread] p1a
|-activate|p1b: Whimsicott|move: Protect
|-supereffective|p1a: Gholdengo|1
|-damage|p1a: Gholdengo|0 fnt
|faint|p1a: Gholdengo
|move|p2b: Farigiraf|Trick Room|p2b: Farigiraf
|-fieldstart|move: Trick Room|[of] p2b: Farigiraf
|
|-weather|SunnyDay|[upkeep]
|upkeep
|
|t:|1783159061
|switch|p1a: Garchomp|Garchomp, L50, F|100/100
|turn|2
|j| A Regu1ar Guy
|j| zgrzgr
|l| zgrzgr
|l| arekusabi
|
|t:|1783159220
|move|p1b: Whimsicott|Protect||[still]
|-fail|p1b: Whimsicott
|move|p2b: Farigiraf|Thunderbolt|p1b: Whimsicott
|-resisted|p1b: Whimsicott|1
|-damage|p1b: Whimsicott|80/100
|-status|p1b: Whimsicott|par
|move|p2a: Charizard|Weather Ball|p1b: Whimsicott
|-supereffective|p1b: Whimsicott|1
|-damage|p1b: Whimsicott|0 fnt
|faint|p1b: Whimsicott
|move|p1a: Garchomp|Dragon Claw|p2a: Charizard
|-damage|p2a: Charizard|27/100
|-damage|p1a: Garchomp|90/100|[from] item: Life Orb
|
|-weather|SunnyDay|[upkeep]
|upkeep
|
|t:|1783159228
|switch|p1b: Charizard|Charizard, L50, F|100/100
|turn|3
|j| arekusabi
|l| A Regu1ar Guy
|
|t:|1783159360
|move|p1b: Charizard|Protect|p1b: Charizard
|-singleturn|p1b: Charizard|Protect
|move|p2b: Farigiraf|Twin Beam|p1a: Garchomp
|-damage|p1a: Garchomp|73/100
|-damage|p1a: Garchomp|57/100
|-hitcount|p1a: Garchomp|2
|move|p2a: Charizard|Solar Beam||[still]
|-prepare|p2a: Charizard|Solar Beam
|-anim|p2a: Charizard|Solar Beam|p1a: Garchomp
|-damage|p1a: Garchomp|9/100
|move|p1a: Garchomp|Earthquake|p2a: Charizard|[spread] p2b
|-activate|p1b: Charizard|move: Protect
|-immune|p2a: Charizard
|-damage|p2b: Farigiraf|19/100
|-enditem|p2b: Farigiraf|Sitrus Berry|[eat]
|-heal|p2b: Farigiraf|44/100|[from] item: Sitrus Berry
|-damage|p1a: Garchomp|0 fnt|[from] item: Life Orb
|faint|p1a: Garchomp
|
|-weather|SunnyDay|[upkeep]
|upkeep
|turn|4
|
|t:|1783159374
|detailschange|p1b: Charizard|Charizard-Mega-Y, L50, F
|-mega|p1b: Charizard|Charizard|Charizardite Y
|move|p2b: Farigiraf|Thunderbolt|p1b: Charizard
|-supereffective|p1b: Charizard|1
|-damage|p1b: Charizard|55/100
|move|p2a: Charizard|Weather Ball|p1b: Charizard
|-resisted|p1b: Charizard|1
|-damage|p1b: Charizard|15/100
|move|p1b: Charizard|Heat Wave|p2a: Charizard|[spread] p2a,p2b
|-resisted|p2a: Charizard|1
|-damage|p2a: Charizard|0 fnt
|-damage|p2b: Farigiraf|0 fnt
|faint|p2a: Charizard
|faint|p2b: Farigiraf
|
|-weather|SunnyDay|[upkeep]
|upkeep
|
|t:|1783159380
|switch|p2b: Sylveon|Sylveon, L50, M|100/100
|switch|p2a: Kingambit|Kingambit, L50, F|100/100
|turn|5
|c|☆DubiousVGC|ggs
|-message|DubiousVGC forfeited.
|
|win|jmodri
|c|☆jmodri|ggs
|l| Wise'adel
|l| arekusabi
|l| val16
|l| fuslie fanboy
|l| xmarsh
|l|☆DubiousVGC
|player|p1|
