|j|☆ChouRaven
|j|☆yungleandoer96
|html|ChouRavenyungleandoer96    
|uhtml|bestof|Game 1 of a best-of-3
|t:|1756255343
|gametype|doubles
|player|p1|ChouRaven|boarder|
|player|p2|yungleandoer96|265|
|gen|9
|tier|[Gen 9] VGC 2025 Reg H (Bo3)
|rule|Species Clause: Limit one of each Pokémon
|rule|Item Clause: Limit 1 of each item
|clearpoke
|poke|p1|Sinistcha, L50|
|poke|p1|Ursaluna-Bloodmoon, L50, M|
|poke|p1|Conkeldurr, L50, M|
|poke|p1|Armarouge, L50, M|
|poke|p1|Archaludon, L50, F|
|poke|p1|Primarina, L50, M|
|poke|p2|Incineroar, L50, F|
|poke|p2|Amoonguss, L50, F|
|poke|p2|Ursaluna-Bloodmoon, L50, M|
|poke|p2|Sneasler, L50, F|
|poke|p2|Gholdengo, L50|
|poke|p2|Dragonite, L50, M|
|teampreview|4
|showteam|p1|Sinistcha||SitrusBerry|Hospitality|RagePowder,TrickRoom,MatchaGotcha,StrengthSap||||||50|,,,,,Water]Ursaluna-Bloodmoon||AssaultVest|MindsEye|BloodMoon,HyperVoice,EarthPower,VacuumWave|||M|||50|,,,,,Normal]Conkeldurr||FlameOrb|Guts|CloseCombat,KnockOff,PoisonJab,Detect|||M|||50|,,,,,Fighting]Armarouge||LifeOrb|FlashFire|ArmorCannon,Psychic,WideGuard,TrickRoom|||M|||50|,,,,,Grass]Archaludon||PowerHerb|Stamina|ElectroShot,DragonPulse,BodyPress,Protect|||F|||50|,,,,,Ghost]Primarina||ThroatSpray|LiquidVoice|HyperVoice,Moonblast,TeraBlast,Protect|||M|||50|,,,,,Fire
|showteam|p2|Incineroar||SafetyGoggles|Intimidate|FlareBlitz,KnockOff,PartingShot,FakeOut|||F|||50|,,,,,Ghost]Amoonguss||SitrusBerry|Regenerator|Spore,RagePowder,PollenPuff,Protect|||F|||50|,,,,,Psychic]Ursaluna-Bloodmoon||AssaultVest|MindsEye|HyperVoice,BloodMoon,EarthPower,VacuumWave|||M|||50|,,,,,Water]Sneasler||FocusSash|Unburden|CloseCombat,DireClaw,ThroatChop,Protect|||F|||50|,,,,,Stellar]Gholdengo||LifeOrb|GoodasGold|MakeItRain,ShadowBall,NastyPlot,Protect||||||50|,,,,,Water]Dragonite||LoadedDice|Multiscale|ScaleShot,Tailwind,Haze,Protect|||M|||50|,,,,,Fairy
|c|☆yungleandoer96|glhf
|c|☆ChouRaven|You too
|
|t:|1756255387
|teamsize|p1|4
|teamsize|p2|4
|start
|switch|p1a: Sinistcha|Sinistcha, L50|100/100
|switch|p1b: Armarouge|Armarouge, L50, M|100/100
|switch|p2a: Gholdengo|Gholdengo, L50|100/100
|switch|p2b: Incineroar|Incineroar, L50, F|100/100
|-ability|p2b: Incineroar|Intimidate|boost
|-unboost|p1a: Sinistcha|atk|1
|-unboost|p1b: Armarouge|atk|1
|turn|1
|
|t:|1756255450
|switch|p2a: Amoonguss|Amoonguss, L50, F|100/100
|move|p1b: Armarouge|Wide Guard|p1b: Armarouge
|-singleturn|p1b: Armarouge|Wide Guard
|move|p2b: Incineroar|Knock Off|p1b: Armarouge
|-supereffective|p1b: Armarouge
|-damage|p1b: Armarouge|21/100
|-enditem|p1b: Armarouge|Life Orb|[from] move: Knock Off|[of] p2b: Incineroar
|move|p1a: Sinistcha|Trick Room|p1a: Sinistcha
|-fieldstart|move: Trick Room|[of] p1a: Sinistcha
|
|upkeep
|turn|2
|
|t:|1756255505
|move|p2a: Amoonguss|Spore|p1b: Armarouge
|-status|p1b: Armarouge|slp|[from] move: Spore
|move|p1a: Sinistcha|Matcha Gotcha|p2a: Amoonguss|[spread] p2a,p2b
|-resisted|p2a: Amoonguss
|-crit|p2a: Amoonguss
|-resisted|p2b: Incineroar
|-damage|p2a: Amoonguss|93/100
|-damage|p2b: Incineroar|91/100
|cant|p1b: Armarouge|slp
|move|p2b: Incineroar|Parting Shot|p1a: Sinistcha
|-unboost|p1a: Sinistcha|atk|1
|-unboost|p1a: Sinistcha|spa|1
|
|t:|1756255575
|switch|p2b: Gholdengo|Gholdengo, L50|100/100|[from] Parting Shot
|
|upkeep
|turn|3
|
|t:|1756255631
|switch|p2a: Incineroar|Incineroar, L50, F|91/100
|-ability|p2a: Incineroar|Intimidate|boost
|-unboost|p1a: Sinistcha|atk|1
|-unboost|p1b: Armarouge|atk|1
|switch|p1a: Ursaluna|Ursaluna-Bloodmoon, L50, M|100/100
|move|p2b: Gholdengo|Protect|p2b: Gholdengo
|-singleturn|p2b: Gholdengo|Protect
|cant|p1b: Armarouge|slp
|
|upkeep
|turn|4
|
|t:|1756255677
|-terastallize|p1a: Ursaluna|Normal
|-terastallize|p2b: Gholdengo|Water
|move|p2a: Incineroar|Fake Out|p1a: Ursaluna
|-damage|p1a: Ursaluna|93/100
|cant|p1a: Ursaluna|flinch
|cant|p1b: Armarouge|slp
|move|p2b: Gholdengo|Make It Rain|p1b: Armarouge|[spread] p1a,p1b
|-resisted|p1b: Armarouge
|-damage|p1a: Ursaluna|49/100
|-damage|p1b: Armarouge|0 fnt
|-unboost|p2b: Gholdengo|spa|1
|faint|p1b: Armarouge
|-damage|p2b: Gholdengo|91/100|[from] item: Life Orb
|
|upkeep
|
|t:|1756255694
|switch|p1b: Sinistcha|Sinistcha, L50|100/100
|-heal|p1a: Ursaluna|74/100|[from] ability: Hospitality|[of] p1b: Sinistcha
|turn|5
|
|t:|1756255725
|move|p2b: Gholdengo|Protect|p2b: Gholdengo
|-singleturn|p2b: Gholdengo|Protect
|move|p1b: Sinistcha|Rage Powder|p1b: Sinistcha
|-singleturn|p1b: Sinistcha|move: Rage Powder
|move|p1a: Ursaluna|Hyper Voice|p2a: Incineroar|[spread] p2a
|-activate|p2b: Gholdengo|move: Protect
|-damage|p2a: Incineroar|46/100
|move|p2a: Incineroar|Knock Off|p1b: Sinistcha
|-supereffective|p1b: Sinistcha
|-damage|p1b: Sinistcha|25/100
|-enditem|p1b: Sinistcha|Sitrus Berry|[from] move: Knock Off|[of] p2a: Incineroar
|
|-fieldend|move: Trick Room
|upkeep
|turn|6
|
|t:|1756255764
|move|p1a: Ursaluna|Vacuum Wave|p2a: Incineroar
|-supereffective|p2a: Incineroar
|-damage|p2a: Incineroar|17/100
|move|p2b: Gholdengo|Make It Rain|p1a: Ursaluna|[spread] p1a,p1b
|-damage|p1a: Ursaluna|45/100
|-damage|p1b: Sinistcha|0 fnt
|-unboost|p2b: Gholdengo|spa|1
|faint|p1b: Sinistcha
|-damage|p2b: Gholdengo|81/100|[from] item: Life Orb
|move|p2a: Incineroar|Parting Shot|p1a: Ursaluna
|-unboost|p1a: Ursaluna|atk|1
|-unboost|p1a: Ursaluna|spa|1
|
|t:|1756255774
|switch|p2a: Amoonguss|Amoonguss, L50, F|100/100|[from] Parting Shot
|
|upkeep
|
|t:|1756255778
|switch|p1b: Conkeldurr|Conkeldurr, L50, M|100/100
|turn|7
|
|t:|1756255823
|switch|p2b: Incineroar|Incineroar, L50, F|17/100
|-ability|p2b: Incineroar|Intimidate|boost
|-unboost|p1a: Ursaluna|atk|1
|-unboost|p1b: Conkeldurr|atk|1
|move|p1b: Conkeldurr|Detect|p1b: Conkeldurr
|-singleturn|p1b: Conkeldurr|Protect
|move|p2a: Amoonguss|Spore|p1a: Ursaluna
|-status|p1a: Ursaluna|slp|[from] move: Spore
|cant|p1a: Ursaluna|slp
|
|-status|p1b: Conkeldurr|brn|[from] item: Flame Orb
|upkeep
|turn|8
|
|t:|1756255863
|-curestatus|p1a: Ursaluna|slp|[msg]
|move|p1a: Ursaluna|Vacuum Wave|p2b: Incineroar
|-supereffective|p2b: Incineroar
|-damage|p2b: Incineroar|0 fnt
|faint|p2b: Incineroar
|move|p2a: Amoonguss|Pollen Puff|p2: Incineroar|[notarget]
|-fail|p2a: Amoonguss
|move|p1b: Conkeldurr|Poison Jab|p2a: Amoonguss
|-damage|p2a: Amoonguss|71/100
|
|-damage|p1b: Conkeldurr|94/100 brn|[from] brn
|upkeep
|
|t:|1756255884
|switch|p2b: Ursaluna|Ursaluna-Bloodmoon, L50, M|100/100
|turn|9
|
|t:|1756255905
|move|p2a: Amoonguss|Rage Powder|p2a: Amoonguss
|-singleturn|p2a: Amoonguss|move: Rage Powder
|move|p2b: Ursaluna|Blood Moon|p1a: Ursaluna
|-damage|p1a: Ursaluna|0 fnt
|faint|p1a: Ursaluna
|move|p1b: Conkeldurr|Close Combat|p2a: Amoonguss
|-resisted|p2a: Amoonguss
|-crit|p2a: Amoonguss
|-damage|p2a: Amoonguss|0 fnt
|-unboost|p1b: Conkeldurr|def|1
|-unboost|p1b: Conkeldurr|spd|1
|faint|p2a: Amoonguss
|
|-damage|p1b: Conkeldurr|88/100 brn|[from] brn
|upkeep
|j| seawolfmikestoes
|
|t:|1756255957
|switch|p2a: Gholdengo|Gholdengo, L50, tera:Water|81/100
|turn|10
|
|t:|1756255966
|move|p2a: Gholdengo|Make It Rain|p1b: Conkeldurr
|-damage|p1b: Conkeldurr|0 fnt
|-unboost|p2a: Gholdengo|spa|1
|faint|p1b: Conkeldurr
|-damage|p2a: Gholdengo|72/100|[from] item: Life Orb
|
|win|yungleandoer96
||ChouRaven is ready for game 2.
||yungleandoer96 is ready for game 2.
|uhtml|next|Next: Game 2 of 3
|l| seawolfmikestoes
|l|☆yungleandoer96
|player|p2|
