|j|☆Frieren Propaganda
|j|‽leonidos1
|html|Frieren Propagandaleonidos1    
|uhtml|bestof|Game 1 of a best-of-3
|t:|1783189657
|gametype|doubles
|player|p1|Frieren Propaganda|266|1272
|player|p2|leonidos1|2|1129
|gen|9
|tier|[Gen 9 Champions] VGC 2026 Reg M-B (Bo3)
|rated|
|rule|Species Clause: Limit one of each Pokémon
|rule|Item Clause: Limit 1 of each item
|clearpoke
|poke|p1|Farigiraf, L50, M|
|poke|p1|Incineroar, L50, M|
|poke|p1|Torkoal, L50, M|
|poke|p1|Mudsdale, L50, M|
|poke|p1|Mawile, L50, F|
|poke|p1|Pyroar, L50, M|
|poke|p2|Charizard, L50, M|
|poke|p2|Incineroar, L50, F|
|poke|p2|Garchomp, L50, M|
|poke|p2|Farigiraf, L50, F|
|poke|p2|Sylveon, L50, F|
|poke|p2|Venusaur, L50, M|
|teampreview|4
|showteam|p1|Farigiraf||SitrusBerry|ArmorTail|Thunderbolt,Protect,HelpingHand,TrickRoom|Bold||M|||50|]Incineroar||WhiteHerb|Intimidate|FlareBlitz,DarkestLariat,CloseCombat,FakeOut|Brave||M|||50|]Torkoal||Charcoal|Drought|Eruption,WeatherBall,HelpingHand,Protect|Quiet||M|||50|]Mudsdale||LifeOrb|InnerFocus|HighHorsepower,RockSlide,HeavySlam,Protect|Brave||M|||50|]Mawile||Mawilite|Intimidate|PlayRough,IronHead,SuckerPunch,Protect|Brave||F|||50|]Pyroar||Pyroarite|Unnerve|Overheat,HeatWave,SolarBeam,Protect|Timid||M|||50|
|showteam|p2|Charizard||CharizarditeY|Blaze|WeatherBall,HeatWave,SolarBeam,Protect|Modest||M|||50|]Incineroar||SitrusBerry|Intimidate|FakeOut,FlareBlitz,DarkestLariat,PartingShot|Adamant||F|||50|]Garchomp||LifeOrb|RoughSkin|DragonClaw,RockSlide,Earthquake,Protect|Jolly||M|||50|]Farigiraf||ColburBerry|ArmorTail|TwinBeam,Thunderbolt,HelpingHand,TrickRoom|Sassy||F|||50|]Sylveon||FairyFeather|Pixilate|HyperVoice,HyperBeam,QuickAttack,Protect|Quiet||F|||50|]Venusaur||FocusSash|Chlorophyll|SleepPowder,EnergyBall,SludgeBomb,Protect|Modest||M|||50|
|inactive|Battle timer is ON: inactive players will automatically lose when time's up. (requested by Frieren Propaganda)
|
|t:|1783189699
|teamsize|p1|4
|teamsize|p2|4
|start
|switch|p1a: Farigiraf|Farigiraf, L50, M|100/100
|switch|p1b: Incineroar|Incineroar, L50, M|100/100
|switch|p2a: Charizard|Charizard, L50, M|100/100
|switch|p2b: Incineroar|Incineroar, L50, F|100/100
|-ability|p2b: Incineroar|Intimidate|boost
|-unboost|p1a: Farigiraf|atk|1
|-unboost|p1b: Incineroar|atk|1
|-ability|p1b: Incineroar|Intimidate|boost
|-unboost|p2a: Charizard|atk|1
|-unboost|p2b: Incineroar|atk|1
|-enditem|p1b: Incineroar|White Herb
|-clearnegativeboost|p1b: Incineroar|[silent]
|turn|1
|inactive|Frieren Propaganda has 30 seconds left.
|inactive|leonidos1 has 30 seconds left.
|inactive|Frieren Propaganda has 20 seconds left.
|inactive|leonidos1 has 20 seconds left.
|
|t:|1783189739
|switch|p2a: Sylveon|Sylveon, L50, F|100/100
|move|p1b: Incineroar|Fake Out|p2a: Sylveon
|-damage|p2a: Sylveon|83/100
|move|p2b: Incineroar|Darkest Lariat|p1a: Farigiraf
|-supereffective|p1a: Farigiraf|1
|-damage|p1a: Farigiraf|57/100
|move|p1a: Farigiraf|Trick Room|p1a: Farigiraf
|-fieldstart|move: Trick Room|[of] p1a: Farigiraf
|
|upkeep
|turn|2
|inactive|Frieren Propaganda has 30 seconds left.
|
|t:|1783189765
|move|p1a: Farigiraf|Helping Hand|p1b: Incineroar
|-singleturn|p1b: Incineroar|Helping Hand|[of] p1a: Farigiraf
|move|p1b: Incineroar|Close Combat|p2b: Incineroar
|-supereffective|p2b: Incineroar|1
|-damage|p2b: Incineroar|0 fnt
|-unboost|p1b: Incineroar|def|1
|-unboost|p1b: Incineroar|spd|1
|faint|p2b: Incineroar
|move|p2a: Sylveon|Hyper Voice|p1b: Incineroar|[spread] p1a,p1b
|-damage|p1a: Farigiraf|8/100
|-damage|p1b: Incineroar|28/100
|-enditem|p1a: Farigiraf|Sitrus Berry|[eat]
|-heal|p1a: Farigiraf|33/100|[from] item: Sitrus Berry
|
|upkeep
|inactive|leonidos1 has 30 seconds left.
|
|t:|1783189791
|switch|p2b: Garchomp|Garchomp, L50, M|100/100
|turn|3
|inactive|Frieren Propaganda has 30 seconds left.
|inactive|Frieren Propaganda has 20 seconds left.
|inactive|Frieren Propaganda has 15 seconds left.
|inactive|Frieren Propaganda has 10 seconds left.
|
|t:|1783189841
|move|p1a: Farigiraf|Helping Hand|p1b: Incineroar
|-singleturn|p1b: Incineroar|Helping Hand|[of] p1a: Farigiraf
|move|p2a: Sylveon|Protect|p2a: Sylveon
|-singleturn|p2a: Sylveon|Protect
|move|p1b: Incineroar|Flare Blitz|p2a: Sylveon
|-activate|p2a: Sylveon|move: Protect
|move|p2b: Garchomp|Earthquake|p1b: Incineroar|[spread] p1a,p1b
|-activate|p2a: Sylveon|move: Protect
|-supereffective|p1b: Incineroar|1
|-damage|p1a: Farigiraf|0 fnt
|-damage|p1b: Incineroar|0 fnt
|faint|p1a: Farigiraf
|faint|p1b: Incineroar
|-damage|p2b: Garchomp|90/100|[from] item: Life Orb
|
|upkeep
|
|t:|1783189846
|switch|p1b: Mawile|Mawile, L50, F|100/100
|switch|p1a: Mudsdale|Mudsdale, L50, M|100/100
|-ability|p1b: Mawile|Intimidate|boost
|-unboost|p2a: Sylveon|atk|1
|-unboost|p2b: Garchomp|atk|1
|turn|4
|
|t:|1783189869
|switch|p2a: Charizard|Charizard, L50, M|100/100
|detailschange|p1b: Mawile|Mawile-Mega, L50, F
|-mega|p1b: Mawile|Mawile|Mawilite
|move|p2b: Garchomp|Protect|p2b: Garchomp
|-singleturn|p2b: Garchomp|Protect
|move|p1a: Mudsdale|Heavy Slam|p2a: Charizard
|-resisted|p2a: Charizard|1
|-damage|p2a: Charizard|64/100
|-damage|p1a: Mudsdale|90/100|[from] item: Life Orb
|move|p1b: Mawile|Play Rough|p2a: Charizard
|-resisted|p2a: Charizard|1
|-damage|p2a: Charizard|10/100
|
|upkeep
|turn|5
|inactive|Frieren Propaganda has 30 seconds left.
|inactive|Frieren Propaganda has 20 seconds left.
|inactive|Frieren Propaganda has 15 seconds left.
|
|t:|1783189911
|switch|p2b: Sylveon|Sylveon, L50, F|83/100
|move|p2a: Charizard|Protect|p2a: Charizard
|-singleturn|p2a: Charizard|Protect
|move|p1a: Mudsdale|Rock Slide|p2a: Charizard|[spread] p2b
|-activate|p2a: Charizard|move: Protect
|-damage|p2b: Sylveon|52/100
|-damage|p1a: Mudsdale|80/100|[from] item: Life Orb
|move|p1b: Mawile|Play Rough|p2b: Sylveon
|-damage|p2b: Sylveon|0 fnt
|faint|p2b: Sylveon
|
|-fieldend|move: Trick Room
|upkeep
|
|t:|1783189925
|switch|p2b: Garchomp|Garchomp, L50, M|90/100
|turn|6
|
|t:|1783189947
|detailschange|p2a: Charizard|Charizard-Mega-Y, L50, M
|-mega|p2a: Charizard|Charizard|Charizardite Y
|-weather|SunnyDay|[from] ability: Drought|[of] p2a: Charizard
|move|p1b: Mawile|Sucker Punch|p2a: Charizard
|-damage|p2a: Charizard|0 fnt
|faint|p2a: Charizard
|move|p2b: Garchomp|Earthquake|p1b: Mawile|[spread] p1a,p1b
|-supereffective|p1b: Mawile|1
|-damage|p1a: Mudsdale|39/100
|-damage|p1b: Mawile|8/100
|-damage|p2b: Garchomp|80/100|[from] item: Life Orb
|move|p1a: Mudsdale|High Horsepower|p2b: Garchomp
|-damage|p2b: Garchomp|11/100
|-damage|p1a: Mudsdale|27/100|[from] ability: Rough Skin|[of] p2b: Garchomp
|-damage|p1a: Mudsdale|17/100|[from] item: Life Orb
|
|-weather|SunnyDay|[upkeep]
|upkeep
|turn|7
|inactive|leonidos1 has 30 seconds left.
|
|t:|1783189973
|move|p1a: Mudsdale|Protect|p1a: Mudsdale
|-singleturn|p1a: Mudsdale|Protect
|move|p1b: Mawile|Sucker Punch|p2b: Garchomp
|-damage|p2b: Garchomp|0 fnt
|-damage|p1b: Mawile|0 fnt|[from] ability: Rough Skin|[of] p2b: Garchomp
|faint|p2b: Garchomp
|faint|p1b: Mawile
|
|win|Frieren Propaganda
||leonidos1 is ready for game 2.
|inactive|Frieren Propaganda has 30 seconds to confirm battle start!
||Frieren Propaganda is ready for game 2.
|uhtml|next|Next: Game 2 of 3
|l|☆Frieren Propaganda
|player|p1|
