|j|☆CrawlingKingSnake
|j|☆samki9
|html|CrawlingKingSnakesamki9    
|uhtml|bestof|Game 2 of a best-of-3
|t:|1785295005
|gametype|doubles
|player|p1|CrawlingKingSnake|kamado-armor|1243
|player|p2|samki9|170|1330
|gen|9
|tier|[Gen 9 Champions] VGC 2026 Reg M-B (Bo3)
|rated|
|rule|Species Clause: Limit one of each Pokémon
|rule|Item Clause: Limit 1 of each item
|clearpoke
|poke|p1|Floette-Eternal, L50, F|
|poke|p1|Palafin, L50, M, shiny|
|poke|p1|Incineroar, L50, M|
|poke|p1|Sinistcha, L50|
|poke|p1|Delphox, L50, M|
|poke|p1|Kingambit, L50, M|
|poke|p2|Staraptor, L50, F|
|poke|p2|Tyranitar, L50, M|
|poke|p2|Excadrill, L50, F|
|poke|p2|Milotic, L50, M|
|poke|p2|Gholdengo, L50|
|poke|p2|Sinistcha, L50|
|teampreview|4
|showteam|p1|Floette-Eternal||Floettite|FlowerVeil|DazzlingGleam,DrainingKiss,CalmMind,Protect|Modest||F|||50|]Palafin||LifeOrb|ZerotoHero|WaveCrash,JetPunch,CloseCombat,Protect|Adamant||M|||50|]Incineroar||SitrusBerry|Intimidate|FlareBlitz,FakeOut,DarkestLariat,PartingShot|Careful||M|||50|]Sinistcha||ColburBerry|Hospitality|MatchaGotcha,RagePowder,LifeDew,Protect|Bold|||||50|]Delphox||Delphoxite|Blaze|HeatWave,Psychic,Substitute,Protect|Timid||M|||50|]Kingambit||FocusSash|Defiant|KowtowCleave,SuckerPunch,IronHead,LowKick|Adamant||M|||50|
|showteam|p2|Staraptor||Staraptite|Intimidate|CloseCombat,BraveBird,Tailwind,Protect|Jolly||F|||50|]Tyranitar||Tyranitarite|SandStream|RockSlide,KnockOff,LowKick,Protect|Jolly||M|||50|]Excadrill||FocusSash|SandRush|IronHead,HighHorsepower,RockSlide,Protect|Serious||F|||50|]Milotic||SitrusBerry|Competitive|Scald,IcyWind,IceBeam,Protect|Calm||M|||50|]Gholdengo||LifeOrb|GoodasGold|MakeItRain,ShadowBall,NastyPlot,Protect|Modest|||||50|]Sinistcha||ColburBerry|Hospitality|MatchaGotcha,ShadowBall,RagePowder,Protect|Bold|||||50|
|inactive|Battle timer is ON: inactive players will automatically lose when time's up. (requested by CrawlingKingSnake)
|inactive|CrawlingKingSnake has 60 seconds left.
|
|t:|1785295050
|teamsize|p1|4
|teamsize|p2|4
|start
|switch|p1a: Palafin|Palafin, L50, M, shiny|100/100
|switch|p1b: Incineroar|Incineroar, L50, M|100/100
|switch|p2a: Gholdengo|Gholdengo, L50|100/100
|switch|p2b: Excadrill|Excadrill, L50, F|100/100
|-ability|p1b: Incineroar|Intimidate|boost
|-unboost|p2a: Gholdengo|atk|1
|-unboost|p2b: Excadrill|atk|1
|turn|1
|
|t:|1785295068
|detailschange|p1a: Palafin|Palafin-Hero, L50, M, shiny
|switch|p1a: Kingambit|Kingambit, L50, M|100/100
|switch|p2b: Staraptor|Staraptor, L50, F|100/100
|-ability|p2b: Staraptor|Intimidate|boost
|-unboost|p1a: Kingambit|atk|1
|-ability|p1a: Kingambit|Defiant|boost
|-boost|p1a: Kingambit|atk|2
|-unboost|p1b: Incineroar|atk|1
|switch|p2a: Tyranitar|Tyranitar, L50, M|100/100
|-weather|Sandstorm|[from] ability: Sand Stream|[of] p2a: Tyranitar
|move|p1b: Incineroar|Flare Blitz|p2a: Tyranitar
|-resisted|p2a: Tyranitar|1
|-damage|p2a: Tyranitar|86/100
|-damage|p1b: Incineroar|96/100|[from] Recoil
|
|-weather|Sandstorm|[upkeep]
|-damage|p2b: Staraptor|94/100|[from] Sandstorm
|-damage|p1b: Incineroar|90/100|[from] Sandstorm
|upkeep
|turn|2
|inactive|CrawlingKingSnake has 30 seconds left.
|
|t:|1785295100
|switch|p1b: Floette|Floette-Eternal, L50, F|100/100
|detailschange|p2b: Staraptor|Staraptor-Mega, L50, F
|-mega|p2b: Staraptor|Staraptor|Staraptite
|move|p2b: Staraptor|Close Combat|p1a: Kingambit
|-supereffective|p1a: Kingambit|2
|-enditem|p1a: Kingambit|Focus Sash
|-damage|p1a: Kingambit|1/100
|-boost|p2b: Staraptor|def|1
|-boost|p2b: Staraptor|spd|1
|move|p2a: Tyranitar|Rock Slide|p1a: Kingambit|[spread] p1a
|-miss|p2a: Tyranitar|p1b: Floette
|-resisted|p1a: Kingambit|1
|-damage|p1a: Kingambit|0 fnt
|faint|p1a: Kingambit
|
|-weather|Sandstorm|[upkeep]
|-damage|p2b: Staraptor|88/100|[from] Sandstorm
|-damage|p1b: Floette|93/100|[from] Sandstorm
|upkeep
|
|t:|1785295112
|switch|p1a: Palafin|Palafin-Hero, L50, M, shiny|100/100
|-activate|p1a: Palafin|ability: Zero to Hero
|turn|3
|
|t:|1785295128
|detailschange|p1b: Floette|Floette-Mega, L50, F
|-mega|p1b: Floette|Floette|Floettite
|-ability|p1b: Floette|Fairy Aura
|move|p2b: Staraptor|Tailwind|p2b: Staraptor
|-sidestart|p2: samki9|move: Tailwind
|move|p2a: Tyranitar|Rock Slide|p1b: Floette|[spread] p1a,p1b
|-damage|p1a: Palafin|67/100
|-damage|p1b: Floette|61/100
|move|p1b: Floette|Draining Kiss|p2b: Staraptor
|-supereffective|p2b: Staraptor|1
|-damage|p2b: Staraptor|34/100
|-heal|p1b: Floette|100/100|[from] drain|[of] p2b: Staraptor
|move|p1a: Palafin|Wave Crash|p2b: Staraptor
|-damage|p2b: Staraptor|0 fnt
|faint|p2b: Staraptor
|-damage|p1a: Palafin|55/100|[from] Recoil
|-damage|p1a: Palafin|46/100|[from] item: Life Orb
|
|-weather|Sandstorm|[upkeep]
|-damage|p1b: Floette|93/100|[from] Sandstorm
|-damage|p1a: Palafin|40/100|[from] Sandstorm
|upkeep
|
|t:|1785295142
|switch|p2b: Gholdengo|Gholdengo, L50|100/100
|turn|4
|
|t:|1785295159
|switch|p1a: Incineroar|Incineroar, L50, M|90/100
|-ability|p1a: Incineroar|Intimidate|boost
|-unboost|p2a: Tyranitar|atk|1
|-unboost|p2b: Gholdengo|atk|1
|move|p2b: Gholdengo|Make It Rain|p1b: Floette|[spread] p1b
|-miss|p2b: Gholdengo|p1a: Incineroar
|-supereffective|p1b: Floette|1
|-damage|p1b: Floette|1/100
|-unboost|p2b: Gholdengo|spa|2
|-damage|p2b: Gholdengo|90/100|[from] item: Life Orb
|move|p2a: Tyranitar|Knock Off|p1a: Incineroar
|-resisted|p1a: Incineroar|1
|-damage|p1a: Incineroar|73/100
|-enditem|p1a: Incineroar|Sitrus Berry|[from] move: Knock Off|[of] p2a: Tyranitar
|move|p1b: Floette|Dazzling Gleam|p2a: Tyranitar|[spread] p2a,p2b
|-supereffective|p2a: Tyranitar|1
|-resisted|p2b: Gholdengo|1
|-damage|p2a: Tyranitar|31/100
|-damage|p2b: Gholdengo|63/100
|
|-weather|Sandstorm|[upkeep]
|-damage|p1b: Floette|0 fnt|[from] Sandstorm
|-damage|p1a: Incineroar|67/100|[from] Sandstorm
|faint|p1b: Floette
|upkeep
|
|t:|1785295175
|switch|p1b: Palafin|Palafin-Hero, L50, M, shiny|40/100
|turn|5
|
|t:|1785295188
|switch|p2a: Excadrill|Excadrill, L50, F|100/100
|move|p1b: Palafin|Jet Punch|p2a: Excadrill
|-supereffective|p2a: Excadrill|1
|-enditem|p2a: Excadrill|Focus Sash
|-damage|p2a: Excadrill|1/100
|-damage|p1b: Palafin|30/100|[from] item: Life Orb
|move|p2b: Gholdengo|Shadow Ball|p1b: Palafin
|-damage|p1b: Palafin|0 fnt
|faint|p1b: Palafin
|-damage|p2b: Gholdengo|54/100|[from] item: Life Orb
|move|p1a: Incineroar|Flare Blitz|p2b: Gholdengo
|-supereffective|p2b: Gholdengo|1
|-damage|p2b: Gholdengo|0 fnt
|faint|p2b: Gholdengo
|-damage|p1a: Incineroar|52/100|[from] Recoil
|
|-weather|none
|upkeep
|
|t:|1785295194
|switch|p2b: Tyranitar|Tyranitar, L50, M|31/100
|-weather|Sandstorm|[from] ability: Sand Stream|[of] p2b: Tyranitar
|turn|6
|-message|CrawlingKingSnake forfeited.
|
|win|samki9
|raw|CrawlingKingSnake's rating: 1243 → 1224(-19 for losing)
|raw|samki9's rating: 1330 → 1345(+15 for winning)
