|j|☆Cristante terabug
|j|☆beaterheater
|html|Cristante terabugbeaterheater    
|uhtml|bestof|Game 1 of a best-of-3
|t:|1756314310
|gametype|doubles
|player|p1|Cristante terabug|kieran-champion|1221
|player|p2|beaterheater|marshal|1200
|gen|9
|tier|[Gen 9] VGC 2025 Reg H (Bo3)
|rated|
|rule|Species Clause: Limit one of each Pokémon
|rule|Item Clause: Limit 1 of each item
|clearpoke
|poke|p1|Kommo-o, L50, M|
|poke|p1|Gholdengo, L50|
|poke|p1|Sneasler, L50, F|
|poke|p1|Rillaboom, L50, M|
|poke|p1|Dondozo, L50, F|
|poke|p1|Electabuzz, L50, M|
|poke|p2|Corviknight, L50, F|
|poke|p2|Tyranitar, L50, M|
|poke|p2|Garchomp, L50, M|
|poke|p2|Hydreigon, L50, F|
|poke|p2|Maushold, L50|
|poke|p2|Archaludon, L50, M|
|teampreview|4
|showteam|p1|Kommo-o||ThroatSpray|Overcoat|ClangorousSoul,ClangingScales,Flamethrower,Protect|||M|||50|,,,,,Fire]Gholdengo||ChoiceSpecs|GoodasGold|MakeItRain,Thunderbolt,DazzlingGleam,ShadowBall||||||50|,,,,,Fairy]Sneasler||FocusSash|PoisonTouch|FakeOut,DireClaw,CloseCombat,Protect|||F|||50|,,,,,Stellar]Rillaboom||AssaultVest|GrassySurge|FakeOut,GrassyGlide,DrumBeating,HighHorsepower|||M|||50|,,,,,Fire]Dondozo||Leftovers|Unaware|WaveCrash,Fissure,Yawn,Protect|||F|||50|,,,,,Poison]Electabuzz||Eviolite|VitalSpirit|Electroweb,FollowMe,Taunt,Protect|||M|||50|,,,,,Ghost
|showteam|p2|Corviknight||Leftovers|MirrorArmor|BraveBird,IronHead,Tailwind,Taunt|||F|||50|,,,,,Dragon]Tyranitar||AssaultVest|SandStream|KnockOff,RockSlide,TeraBlast,LowKick|||M|||50|,,,,,Flying]Garchomp||LifeOrb|RoughSkin|Earthquake,StompingTantrum,DragonClaw,Protect|||M|||50|,,,,,Steel]Hydreigon||SafetyGoggles|Levitate|DracoMeteor,HeatWave,NastyPlot,Protect|||F|||50|,,,,,Fire]Maushold||SitrusBerry|FriendGuard|FollowMe,Taunt,SuperFang,Protect||||||50|,,,,,Ghost]Archaludon||PowerHerb|Stamina|BodyPress,ElectroShot,DragonPulse,Protect|||M|||50|,,,,,Fairy
|inactive|Battle timer is ON: inactive players will automatically lose when time's up. (requested by beaterheater)
|
|t:|1756314346
|teamsize|p1|4
|teamsize|p2|4
|start
|switch|p1a: Electabuzz|Electabuzz, L50, M|100/100
|switch|p1b: Gholdengo|Gholdengo, L50|100/100
|switch|p2a: Maushold|Maushold, L50|100/100
|switch|p2b: Hydreigon|Hydreigon, L50, F|100/100
|turn|1
|inactive|beaterheater has 30 seconds left.
|
|t:|1756314375
|-terastallize|p1b: Gholdengo|Fairy
|move|p1a: Electabuzz|Protect|p1a: Electabuzz
|-singleturn|p1a: Electabuzz|Protect
|move|p2b: Hydreigon|Protect|p2b: Hydreigon
|-singleturn|p2b: Hydreigon|Protect
|move|p2a: Maushold|Protect|p2a: Maushold
|-singleturn|p2a: Maushold|Protect
|move|p1b: Gholdengo|Dazzling Gleam|p2b: Hydreigon|[spread] 
|-activate|p2a: Maushold|move: Protect
|-activate|p2b: Hydreigon|move: Protect
|
|upkeep
|turn|2
|
|t:|1756314398
|-terastallize|p2b: Hydreigon|Fire
|move|p1a: Electabuzz|Electroweb|p2b: Hydreigon|[spread] p2a,p2b
|-damage|p2a: Maushold|84/100
|-damage|p2b: Hydreigon|89/100
|-unboost|p2a: Maushold|spe|1
|-unboost|p2b: Hydreigon|spe|1
|move|p1b: Gholdengo|Dazzling Gleam|p2a: Maushold|[spread] p2a,p2b
|-resisted|p2b: Hydreigon
|-damage|p2a: Maushold|30/100
|-damage|p2b: Hydreigon|66/100
|-enditem|p2a: Maushold|Sitrus Berry|[eat]
|-heal|p2a: Maushold|55/100|[from] item: Sitrus Berry
|move|p2b: Hydreigon|Nasty Plot|p2b: Hydreigon
|-boost|p2b: Hydreigon|spa|2
|move|p2a: Maushold|Super Fang|p1b: Gholdengo
|-damage|p1b: Gholdengo|51/100
|
|upkeep
|turn|3
|
|t:|1756314422
|switch|p1b: Dondozo|Dondozo, L50, F|100/100
|move|p1a: Electabuzz|Protect|p1a: Electabuzz
|-singleturn|p1a: Electabuzz|Protect
|move|p2a: Maushold|Protect|p2a: Maushold
|-singleturn|p2a: Maushold|Protect
|move|p2b: Hydreigon|Heat Wave|p1a: Electabuzz|[spread] p1b
|-activate|p1a: Electabuzz|move: Protect
|-resisted|p1b: Dondozo
|-damage|p1b: Dondozo|84/100
|
|-heal|p1b: Dondozo|90/100|[from] item: Leftovers
|upkeep
|turn|4
|
|t:|1756314438
|move|p2b: Hydreigon|Protect|p2b: Hydreigon
|-singleturn|p2b: Hydreigon|Protect
|move|p1a: Electabuzz|Electroweb|p2b: Hydreigon|[spread] p2a
|-activate|p2b: Hydreigon|move: Protect
|-damage|p2a: Maushold|40/100
|-unboost|p2a: Maushold|spe|1
|move|p2a: Maushold|Super Fang|p1b: Dondozo
|-damage|p1b: Dondozo|45/100
|move|p1b: Dondozo|Wave Crash|p2b: Hydreigon
|-activate|p2b: Hydreigon|move: Protect
|
|-heal|p1b: Dondozo|52/100|[from] item: Leftovers
|upkeep
|turn|5
|
|t:|1756314456
|move|p1a: Electabuzz|Electroweb|p2a: Maushold|[spread] p2a,p2b
|-damage|p2a: Maushold|25/100
|-damage|p2b: Hydreigon|55/100
|-unboost|p2a: Maushold|spe|1
|-unboost|p2b: Hydreigon|spe|1
|move|p2b: Hydreigon|Draco Meteor|p1a: Electabuzz
|-damage|p1a: Electabuzz|0 fnt
|-unboost|p2b: Hydreigon|spa|2
|faint|p1a: Electabuzz
|move|p1b: Dondozo|Wave Crash|p2b: Hydreigon
|-supereffective|p2b: Hydreigon
|-damage|p2b: Hydreigon|0 fnt
|faint|p2b: Hydreigon
|-damage|p1b: Dondozo|39/100|[from] Recoil
|move|p2a: Maushold|Super Fang|p1b: Dondozo
|-damage|p1b: Dondozo|20/100
|
|-heal|p1b: Dondozo|26/100|[from] item: Leftovers
|upkeep
|
|t:|1756314478
|switch|p1a: Kommo-o|Kommo-o, L50, M|100/100
|switch|p2b: Garchomp|Garchomp, L50, M|100/100
|turn|6
|inactive|beaterheater has 30 seconds left.
|
|t:|1756314503
|move|p1a: Kommo-o|Protect|p1a: Kommo-o
|-singleturn|p1a: Kommo-o|Protect
|move|p2a: Maushold|Protect|p2a: Maushold
|-singleturn|p2a: Maushold|Protect
|move|p2b: Garchomp|Earthquake|p1a: Kommo-o|[spread] p1b
|-activate|p2a: Maushold|move: Protect
|-activate|p1a: Kommo-o|move: Protect
|-damage|p1b: Dondozo|0 fnt
|faint|p1b: Dondozo
|-damage|p2b: Garchomp|91/100|[from] item: Life Orb
|
|upkeep
|
|t:|1756314513
|switch|p1b: Gholdengo|Gholdengo, L50, tera:Fairy|51/100
|turn|7
|inactive|Cristante terabug has 30 seconds left.
|
|t:|1756314539
|move|p2b: Garchomp|Earthquake|p1b: Gholdengo|[spread] p2a,p1a,p1b
|-damage|p2a: Maushold|0 fnt
|-damage|p1a: Kommo-o|60/100
|-damage|p1b: Gholdengo|0 fnt
|faint|p2a: Maushold
|faint|p1b: Gholdengo
|-damage|p2b: Garchomp|81/100|[from] item: Life Orb
|move|p1a: Kommo-o|Clangorous Soul|p1a: Kommo-o
|-boost|p1a: Kommo-o|atk|1
|-boost|p1a: Kommo-o|def|1
|-boost|p1a: Kommo-o|spa|1
|-boost|p1a: Kommo-o|spd|1
|-boost|p1a: Kommo-o|spe|1
|-damage|p1a: Kommo-o|28/100
|-enditem|p1a: Kommo-o|Throat Spray
|-boost|p1a: Kommo-o|spa|1|[from] item: Throat Spray
|
|upkeep
|
|t:|1756314554
|switch|p2a: Tyranitar|Tyranitar, L50, M, shiny|100/100
|-weather|Sandstorm|[from] ability: Sand Stream|[of] p2a: Tyranitar
|turn|8
|
|t:|1756314567
|move|p1a: Kommo-o|Clanging Scales|p2a: Tyranitar|[spread] p2a,p2b
|-supereffective|p2b: Garchomp
|-damage|p2a: Tyranitar|77/100
|-damage|p2b: Garchomp|0 fnt
|faint|p2b: Garchomp
|-unboost|p1a: Kommo-o|def|1
|move|p2a: Tyranitar|Low Kick|p1a: Kommo-o
|-damage|p1a: Kommo-o|0 fnt
|faint|p1a: Kommo-o
|
|win|beaterheater
||Cristante terabug is ready for game 2.
