|j|☆sille rovert
|j|☆Sodamario
|html|sille rovertSodamario    
|uhtml|bestof|Game 1 of a best-of-3
|t:|1783434263
|gametype|doubles
|player|p1|sille rovert|trevor|1408
|player|p2|Sodamario|cynthia-gen4|1400
|gen|9
|tier|[Gen 9 Champions] VGC 2026 Reg M-B (Bo3)
|rated|
|rule|Species Clause: Limit one of each Pokémon
|rule|Item Clause: Limit 1 of each item
|clearpoke
|poke|p1|Sinistcha, L50|
|poke|p1|Incineroar, L50, F|
|poke|p1|Ninetales-Alola, L50, F|
|poke|p1|Raichu, L50, M|
|poke|p1|Blastoise, L50, F|
|poke|p1|Ceruledge, L50, M|
|poke|p2|Ceruledge, L50, F|
|poke|p2|Milotic, L50, M|
|poke|p2|Incineroar, L50, F|
|poke|p2|Raichu, L50, F|
|poke|p2|Ninetales-Alola, L50, F|
|poke|p2|Sinistcha, L50|
|teampreview|4
|showteam|p1|Sinistcha||KasibBerry|Hospitality|MatchaGotcha,LifeDew,RagePowder,Protect|Relaxed|||||50|]Incineroar||SitrusBerry|Intimidate|FlareBlitz,ThroatChop,FakeOut,PartingShot|Impish||F|||50|]Ninetales-Alola||NeverMeltIce|SnowWarning|Blizzard,FreezeDry,Encore,Protect|Timid||F|||50|]Raichu||RaichuniteY|LightningRod|ZapCannon,FocusBlast,FakeOut,Protect|Timid||M|||50|]Blastoise||Blastoisinite|RainDish|WaterSpout,DarkPulse,ShellSmash,Protect|Modest||F|||50|]Ceruledge||ColburBerry|FlashFire|BitterBlade,ShadowSneak,BulkUp,Protect|Adamant||M|||50|
|showteam|p2|Ceruledge||ColburBerry|FlashFire|BitterBlade,ShadowSneak,BulkUp,Protect|Adamant||F|||50|]Milotic||Leftovers|Competitive|MuddyWater,Coil,Hypnosis,Protect|Bold||M|||50|]Incineroar||SitrusBerry|Intimidate|FlareBlitz,PartingShot,FakeOut,DarkestLariat|Impish||F|||50|]Raichu||RaichuniteY|LightningRod|ZapCannon,FocusBlast,FakeOut,Protect|Timid||F|||50|]Ninetales-Alola||NeverMeltIce|SnowWarning|Blizzard,FreezeDry,AuroraVeil,Protect|Timid||F|||50|]Sinistcha||KasibBerry|Hospitality|MatchaGotcha,RagePowder,TrickRoom,Protect|Bold|||||50|
|
|t:|1783434323
|teamsize|p1|4
|teamsize|p2|4
|start
|switch|p1a: Gato|Incineroar, L50, F|100/100
|switch|p1b: Tortuga|Blastoise, L50, F|100/100
|switch|p2a: Raichu|Raichu, L50, F|100/100
|switch|p2b: Sinistcha|Sinistcha, L50|100/100
|-ability|p1a: Gato|Intimidate|boost
|-unboost|p2a: Raichu|atk|1
|-unboost|p2b: Sinistcha|atk|1
|turn|1
|
|t:|1783434341
|detailschange|p2a: Raichu|Raichu-Mega-Y, L50, F
|-mega|p2a: Raichu|Raichu|Raichunite Y
|detailschange|p1b: Tortuga|Blastoise-Mega, L50, F
|-mega|p1b: Tortuga|Blastoise|Blastoisinite
|move|p1b: Tortuga|Protect|p1b: Tortuga
|-singleturn|p1b: Tortuga|Protect
|move|p2a: Raichu|Fake Out|p1a: Gato
|-damage|p1a: Gato|96/100
|move|p2b: Sinistcha|Matcha Gotcha|p1a: Gato|[spread] 
|-activate|p1b: Tortuga|move: Protect
|-miss|p2b: Sinistcha|p1a: Gato
|cant|p1a: Gato|flinch
|
|upkeep
|turn|2
|
|t:|1783434359
|switch|p1b: HowManyMatchas?|Sinistcha, L50|100/100
|-heal|p1a: Gato|100/100|[from] ability: Hospitality|[of] p1b: HowManyMatchas?
|switch|p2b: Incineroar|Incineroar, L50, F|100/100
|-ability|p2b: Incineroar|Intimidate|boost
|-unboost|p1a: Gato|atk|1
|-unboost|p1b: HowManyMatchas?|atk|1
|move|p2a: Raichu|Zap Cannon|p1b: HowManyMatchas?
|-resisted|p1b: HowManyMatchas?|1
|-damage|p1b: HowManyMatchas?|67/100
|-status|p1b: HowManyMatchas?|par
|move|p1a: Gato|Flare Blitz|p2b: Incineroar
|-resisted|p2b: Incineroar|1
|-damage|p2b: Incineroar|88/100
|-damage|p1a: Gato|96/100|[from] Recoil
|
|upkeep
|turn|3
|
|t:|1783434373
|move|p1b: HowManyMatchas?|Protect|p1b: HowManyMatchas?
|-singleturn|p1b: HowManyMatchas?|Protect
|move|p2a: Raichu|Focus Blast|p1a: Gato
|-supereffective|p1a: Gato|1
|-damage|p1a: Gato|18/100
|-enditem|p1a: Gato|Sitrus Berry|[eat]
|-heal|p1a: Gato|43/100|[from] item: Sitrus Berry
|move|p1a: Gato|Parting Shot|p2a: Raichu
|-unboost|p2a: Raichu|atk|1
|-unboost|p2a: Raichu|spa|1
|
|t:|1783434380
|switch|p1a: Tortuga|Blastoise-Mega, L50, F|100/100|[from] Parting Shot
|move|p2b: Incineroar|Flare Blitz|p1b: HowManyMatchas?
|-activate|p1b: HowManyMatchas?|move: Protect
|
|upkeep
|turn|4
|
|t:|1783434415
|switch|p2a: Sinistcha|Sinistcha, L50|100/100
|-heal|p2b: Incineroar|100/100|[from] ability: Hospitality|[of] p2a: Sinistcha
|move|p1b: HowManyMatchas?|Rage Powder|p1b: HowManyMatchas?
|-singleturn|p1b: HowManyMatchas?|move: Rage Powder
|move|p1a: Tortuga|Shell Smash|p1a: Tortuga
|-unboost|p1a: Tortuga|def|1
|-unboost|p1a: Tortuga|spd|1
|-boost|p1a: Tortuga|atk|2
|-boost|p1a: Tortuga|spa|2
|-boost|p1a: Tortuga|spe|2
|move|p2b: Incineroar|Parting Shot|p1b: HowManyMatchas?
|-unboost|p1b: HowManyMatchas?|atk|1
|-unboost|p1b: HowManyMatchas?|spa|1
|
|t:|1783434422
|switch|p2b: Raichu|Raichu-Mega-Y, L50, F|100/100|[from] Parting Shot
|
|upkeep
|turn|5
|
|t:|1783434439
|move|p1a: Tortuga|Protect|p1a: Tortuga
|-singleturn|p1a: Tortuga|Protect
|move|p2b: Raichu|Fake Out|p1a: Tortuga
|-activate|p1a: Tortuga|move: Protect
|move|p1b: HowManyMatchas?|Matcha Gotcha|p2a: Sinistcha|[spread] p2a,p2b
|-resisted|p2a: Sinistcha|1
|-damage|p2a: Sinistcha|92/100
|-heal|p1b: HowManyMatchas?|71/100 par|[from] drain|[of] p2a: Sinistcha
|-damage|p2b: Raichu|76/100
|-heal|p1b: HowManyMatchas?|83/100 par|[from] drain|[of] p2b: Raichu
|move|p2a: Sinistcha|Trick Room|p2a: Sinistcha
|-fieldstart|move: Trick Room|[of] p2a: Sinistcha
|
|upkeep
|turn|6
|
|t:|1783434451
|switch|p1a: Gato|Incineroar, L50, F|43/100
|-ability|p1a: Gato|Intimidate|boost
|-unboost|p2a: Sinistcha|atk|1
|-unboost|p2b: Raichu|atk|1
|move|p1b: HowManyMatchas?|Life Dew|p1b: HowManyMatchas?|[spread] p1a,p1b
|-heal|p1a: Gato|68/100
|-heal|p1b: HowManyMatchas?|100/100 par
|move|p2a: Sinistcha|Matcha Gotcha|p1a: Gato|[spread] p1a,p1b
|-resisted|p1a: Gato|1
|-resisted|p1b: HowManyMatchas?|1
|-damage|p1a: Gato|58/100
|-heal|p2a: Sinistcha|98/100|[from] drain|[of] p1a: Gato
|-damage|p1b: HowManyMatchas?|89/100 par
|-heal|p2a: Sinistcha|100/100|[from] drain|[of] p1b: HowManyMatchas?
|move|p2b: Raichu|Zap Cannon|p1a: Gato
|-damage|p1a: Gato|0 fnt
|faint|p1a: Gato
|
|upkeep
|
|t:|1783434454
|switch|p1a: Ninetales|Ninetales-Alola, L50, F|100/100
|-weather|Snowscape|[from] ability: Snow Warning|[of] p1a: Ninetales
|turn|7
|
|t:|1783434464
|switch|p1b: Tortuga|Blastoise-Mega, L50, F|100/100
|switch|p2b: Incineroar|Incineroar, L50, F|100/100
|-ability|p2b: Incineroar|Intimidate|boost
|-unboost|p1a: Ninetales|atk|1
|-unboost|p1b: Tortuga|atk|1
|move|p2a: Sinistcha|Protect|p2a: Sinistcha
|-singleturn|p2a: Sinistcha|Protect
|move|p1a: Ninetales|Blizzard|p2a: Sinistcha|[spread] p2b
|-activate|p2a: Sinistcha|move: Protect
|-resisted|p2b: Incineroar|1
|-damage|p2b: Incineroar|85/100
|
|-weather|Snowscape|[upkeep]
|upkeep
|turn|8
|
|t:|1783434474
|move|p1b: Tortuga|Protect|p1b: Tortuga
|-singleturn|p1b: Tortuga|Protect
|move|p2b: Incineroar|Flare Blitz|p1a: Ninetales
|-supereffective|p1a: Ninetales|1
|-damage|p1a: Ninetales|8/100
|-damage|p2b: Incineroar|62/100|[from] Recoil
|move|p2a: Sinistcha|Matcha Gotcha|p1b: Tortuga|[spread] p1a
|-activate|p1b: Tortuga|move: Protect
|-damage|p1a: Ninetales|0 fnt
|faint|p1a: Ninetales
|
|-weather|Snowscape|[upkeep]
|upkeep
|-message|sille rovert forfeited.
|
|win|Sodamario
||sille rovert is ready for game 2.
||Sodamario is ready for game 2.
|uhtml|next|Next: Game 2 of 3
|l|☆sille rovert
|player|p1|
