|j|☆OdieVGC
|j|☆cesspollon
|html|OdieVGCcesspollon    
|uhtml|bestof|Game 2 of a best-of-3
|t:|1783278085
|gametype|doubles
|player|p1|OdieVGC|2|1111
|player|p2|cesspollon|tuberf|1049
|gen|9
|tier|[Gen 9 Champions] VGC 2026 Reg M-B (Bo3)
|rated|
|rule|Species Clause: Limit one of each Pokémon
|rule|Item Clause: Limit 1 of each item
|clearpoke
|poke|p1|Primarina, L50, M|
|poke|p1|Staraptor, L50, M, shiny|
|poke|p1|Delphox, L50, M, shiny|
|poke|p1|Garchomp, L50, F|
|poke|p1|Grimmsnarl, L50, M|
|poke|p1|Sinistcha-Masterpiece, L50, shiny|
|poke|p2|Ninetales, L50, M|
|poke|p2|Blaziken, L50, M|
|poke|p2|Torkoal, L50, M|
|poke|p2|Venusaur, L50, F|
|poke|p2|Overqwil, L50, F|
|poke|p2|Scovillain, L50, F|
|teampreview|4
|showteam|p1|Primarina||Leftovers|LiquidVoice|Protect,HyperVoice,CalmMind,Moonblast|Modest||M|||50|]Staraptor||Staraptite|Intimidate|Protect,BraveBird,Tailwind,CloseCombat|Jolly||M|||50|]Delphox||Delphoxite|Blaze|Protect,HeatWave,Encore,Psychic|Timid||M|||50|]Garchomp||LifeOrb|RoughSkin|Protect,DragonClaw,RockSlide,StompingTantrum|Jolly||F|||50|]Grimmsnarl||LightClay|Prankster|SpiritBreak,Reflect,LightScreen,PartingShot|Careful||M|||50|]Sinistcha-Masterpiece||KasibBerry|Hospitality|Protect,MatchaGotcha,RagePowder,StrengthSap|Bold|||||50|
|showteam|p2|Ninetales||Charcoal|Drought|HeatWave,SolarBeam,Psyshock,Protect|Modest||M|||50|]Blaziken||Blazikenite|SpeedBoost|BlazeKick,CloseCombat,RockSlide,Protect|Adamant||M|||50|]Torkoal||WiseGlasses|Drought|Eruption,HeatWave,BodyPress,Protect|Relaxed||M|||50|]Venusaur||ZoomLens|Chlorophyll|EnergyBall,SludgeBomb,SleepPowder,Synthesis|Serious||F|||50|]Overqwil||Leftovers|Intimidate|ThroatChop,PoisonJab,Waterfall,Protect|Serious||F|||50|]Scovillain||SitrusBerry|Chlorophyll|FlareBlitz,SolarBeam,ZenHeadbutt,RagePowder|Lonely||F|||50|
|inactive|Battle timer is ON: inactive players will automatically lose when time's up. (requested by OdieVGC)
|inactive|OdieVGC has 60 seconds left.
|inactive|cesspollon has 60 seconds left.
|
|t:|1783278143
|teamsize|p1|4
|teamsize|p2|4
|start
|switch|p1a: Delphox|Delphox, L50, M, shiny|100/100
|switch|p1b: Garchomp|Garchomp, L50, F|100/100
|switch|p2a: Overqwil|Overqwil, L50, F|100/100
|switch|p2b: Blaziken|Blaziken, L50, M|100/100
|-ability|p2a: Overqwil|Intimidate|boost
|-unboost|p1a: Delphox|atk|1
|-unboost|p1b: Garchomp|atk|1
|turn|1
|inactive|OdieVGC has 30 seconds left.
|
|t:|1783278177
|detailschange|p1a: Delphox|Delphox-Mega, L50, M, shiny
|-mega|p1a: Delphox|Delphox|Delphoxite
|move|p1a: Delphox|Protect|p1a: Delphox
|-singleturn|p1a: Delphox|Protect
|move|p2b: Blaziken|Protect|p2b: Blaziken
|-singleturn|p2b: Blaziken|Protect
|move|p1b: Garchomp|Rock Slide|p2a: Overqwil|[spread] p2a
|-activate|p2b: Blaziken|move: Protect
|-damage|p2a: Overqwil|82/100
|-damage|p1b: Garchomp|90/100|[from] item: Life Orb
|move|p2a: Overqwil|Throat Chop|p1a: Delphox
|-activate|p1a: Delphox|move: Protect
|
|-heal|p2a: Overqwil|88/100|[from] item: Leftovers
|-ability|p2b: Blaziken|Speed Boost|boost
|-boost|p2b: Blaziken|spe|1
|upkeep
|turn|2
|inactive|OdieVGC has 30 seconds left.
|inactive|cesspollon has 30 seconds left.
|
|t:|1783278212
|switch|p1a: Grimmsnarl|Grimmsnarl, L50, M|100/100
|detailschange|p2b: Blaziken|Blaziken-Mega, L50, M
|-mega|p2b: Blaziken|Blaziken|Blazikenite
|move|p2b: Blaziken|Rock Slide|p1a: Grimmsnarl|[spread] p1a,p1b
|-resisted|p1b: Garchomp|1
|-damage|p1a: Grimmsnarl|74/100
|-damage|p1b: Garchomp|78/100
|move|p1b: Garchomp|Stomping Tantrum|p2a: Overqwil
|-supereffective|p2a: Overqwil|1
|-damage|p2a: Overqwil|22/100
|-damage|p1b: Garchomp|68/100|[from] item: Life Orb
|move|p2a: Overqwil|Throat Chop|p1a: Grimmsnarl
|-resisted|p1a: Grimmsnarl|2
|-damage|p1a: Grimmsnarl|65/100
|-start|p1a: Grimmsnarl|Throat Chop|[silent]
|
|-heal|p2a: Overqwil|28/100|[from] item: Leftovers
|-ability|p2b: Blaziken|Speed Boost|boost
|-boost|p2b: Blaziken|spe|1
|upkeep
|turn|3
|inactive|cesspollon has 30 seconds left.
|
|t:|1783278241
|switch|p1b: Sinistcha|Sinistcha-Masterpiece, L50, shiny|100/100
|-heal|p1a: Grimmsnarl|90/100|[from] ability: Hospitality|[of] p1b: Sinistcha
|switch|p2a: Ninetales|Ninetales, L50, M|100/100
|-weather|SunnyDay|[from] ability: Drought|[of] p2a: Ninetales
|move|p2b: Blaziken|Blaze Kick|p1a: Grimmsnarl
|-damage|p1a: Grimmsnarl|3/100
|move|p1a: Grimmsnarl|Spirit Break|p2a: Ninetales
|-resisted|p2a: Ninetales|1
|-damage|p2a: Ninetales|81/100
|-unboost|p2a: Ninetales|spa|1
|
|-weather|SunnyDay|[upkeep]
|-end|p1a: Grimmsnarl|Throat Chop|[silent]
|-ability|p2b: Blaziken|Speed Boost|boost
|-boost|p2b: Blaziken|spe|1
|upkeep
|turn|4
|inactive|OdieVGC has 30 seconds left.
|
|t:|1783278271
|move|p1b: Sinistcha|Protect|p1b: Sinistcha
|-singleturn|p1b: Sinistcha|Protect
|move|p1a: Grimmsnarl|Parting Shot|p2b: Blaziken
|-unboost|p2b: Blaziken|atk|1
|-unboost|p2b: Blaziken|spa|1
|
|t:|1783278278
|switch|p1a: Garchomp|Garchomp, L50, F|68/100|[from] Parting Shot
|move|p2b: Blaziken|Rock Slide|p1b: Sinistcha|[spread] p1a
|-activate|p1b: Sinistcha|move: Protect
|-resisted|p1a: Garchomp|1
|-damage|p1a: Garchomp|60/100
|move|p2a: Ninetales|Heat Wave|p1a: Garchomp|[spread] p1a
|-activate|p1b: Sinistcha|move: Protect
|-resisted|p1a: Garchomp|1
|-damage|p1a: Garchomp|41/100
|
|-weather|SunnyDay|[upkeep]
|-ability|p2b: Blaziken|Speed Boost|boost
|-boost|p2b: Blaziken|spe|1
|upkeep
|turn|5
|inactive|OdieVGC has 30 seconds left.
|
|t:|1783278310
|switch|p1b: Grimmsnarl|Grimmsnarl, L50, M|3/100
|move|p2b: Blaziken|Blaze Kick|p1a: Garchomp
|-resisted|p1a: Garchomp|1
|-damage|p1a: Garchomp|10/100
|-damage|p2b: Blaziken|87/100|[from] ability: Rough Skin|[of] p1a: Garchomp
|move|p1a: Garchomp|Stomping Tantrum|p2a: Ninetales
|-supereffective|p2a: Ninetales|1
|-damage|p2a: Ninetales|0 fnt
|faint|p2a: Ninetales
|-damage|p1a: Garchomp|1/100|[from] item: Life Orb
|
|-weather|SunnyDay|[upkeep]
|-ability|p2b: Blaziken|Speed Boost|boost
|-boost|p2b: Blaziken|spe|1
|upkeep
|
|t:|1783278323
|switch|p2a: Venusaur|Venusaur, L50, F|100/100
|turn|6
|inactive|cesspollon has 30 seconds left.
|
|t:|1783278351
|move|p1a: Garchomp|Protect|p1a: Garchomp
|-singleturn|p1a: Garchomp|Protect
|move|p1b: Grimmsnarl|Light Screen|p1b: Grimmsnarl
|-sidestart|p1: OdieVGC|move: Light Screen
|move|p2b: Blaziken|Blaze Kick|p1b: Grimmsnarl
|-damage|p1b: Grimmsnarl|0 fnt
|faint|p1b: Grimmsnarl
|move|p2a: Venusaur|Energy Ball|p1a: Garchomp
|-activate|p1a: Garchomp|move: Protect
|
|-weather|SunnyDay|[upkeep]
|-ability|p2b: Blaziken|Speed Boost|boost
|-boost|p2b: Blaziken|spe|1
|upkeep
|
|t:|1783278366
|switch|p1b: Sinistcha|Sinistcha-Masterpiece, L50, shiny|100/100
|-heal|p1a: Garchomp|25/100|[from] ability: Hospitality|[of] p1b: Sinistcha
|turn|7
|
|t:|1783278388
|switch|p1a: Delphox|Delphox-Mega, L50, M, shiny|100/100
|move|p2b: Blaziken|Blaze Kick|p1a: Delphox
|-resisted|p1a: Delphox|1
|-damage|p1a: Delphox|65/100
|move|p2a: Venusaur|Sludge Bomb|p1b: Sinistcha
|-damage|p1b: Sinistcha|69/100
|move|p1b: Sinistcha|Strength Sap|p2b: Blaziken
|-unboost|p2b: Blaziken|atk|1
|-heal|p1b: Sinistcha|100/100
|
|-weather|none
|upkeep
|turn|8
|inactive|OdieVGC has 30 seconds left.
|
|t:|1783278421
|switch|p1b: Garchomp|Garchomp, L50, F|25/100
|move|p2b: Blaziken|Blaze Kick|p1b: Garchomp
|-resisted|p1b: Garchomp|1
|-damage|p1b: Garchomp|9/100
|-damage|p2b: Blaziken|75/100|[from] ability: Rough Skin|[of] p1b: Garchomp
|move|p1a: Delphox|Encore|p2a: Venusaur
|-start|p2a: Venusaur|Encore
|move|p2a: Venusaur|Sludge Bomb|p1b: Garchomp
|-resisted|p1b: Garchomp|1
|-damage|p1b: Garchomp|0 fnt
|faint|p1b: Garchomp
|
|upkeep
|
|t:|1783278432
|switch|p1b: Sinistcha|Sinistcha-Masterpiece, L50, shiny|100/100
|-heal|p1a: Delphox|89/100|[from] ability: Hospitality|[of] p1b: Sinistcha
|turn|9
|
|t:|1783278443
|switch|p2b: Overqwil|Overqwil, L50, F|28/100
|-ability|p2b: Overqwil|Intimidate|boost
|-unboost|p1a: Delphox|atk|1
|-unboost|p1b: Sinistcha|atk|1
|move|p1a: Delphox|Heat Wave|p2a: Venusaur|[spread] p2a,p2b
|-supereffective|p2a: Venusaur|1
|-damage|p2a: Venusaur|32/100
|-damage|p2b: Overqwil|0 fnt
|faint|p2b: Overqwil
|move|p2a: Venusaur|Sludge Bomb|p1a: Delphox
|-damage|p1a: Delphox|66/100
|move|p1b: Sinistcha|Strength Sap|p2a: Venusaur
|-unboost|p2a: Venusaur|atk|1
|
|upkeep
|
|t:|1783278451
|switch|p2b: Blaziken|Blaziken-Mega, L50, M|75/100
|turn|10
|inactive|OdieVGC has 30 seconds left.
|inactive|OdieVGC has 20 seconds left.
|
|t:|1783278489
|move|p1a: Delphox|Heat Wave|p2b: Blaziken|[spread] p2a,p2b
|-supereffective|p2a: Venusaur|1
|-resisted|p2b: Blaziken|1
|-damage|p2a: Venusaur|0 fnt
|-damage|p2b: Blaziken|52/100
|faint|p2a: Venusaur
|move|p2b: Blaziken|Rock Slide|p1a: Delphox|[spread] p1a,p1b
|-supereffective|p1a: Delphox|1
|-damage|p1a: Delphox|11/100
|-damage|p1b: Sinistcha|82/100
|cant|p1b: Sinistcha|flinch
|
|-ability|p2b: Blaziken|Speed Boost|boost
|-boost|p2b: Blaziken|spe|1
|upkeep
|turn|11
|
|t:|1783278507
|move|p2b: Blaziken|Protect|p2b: Blaziken
|-singleturn|p2b: Blaziken|Protect
|move|p1a: Delphox|Psychic|p2b: Blaziken
|-activate|p2b: Blaziken|move: Protect
|move|p1b: Sinistcha|Strength Sap|p2b: Blaziken
|-activate|p2b: Blaziken|move: Protect
|
|-ability|p2b: Blaziken|Speed Boost|boost
|-boost|p2b: Blaziken|spe|1
|upkeep
|turn|12
|
|t:|1783278525
|move|p1a: Delphox|Protect|p1a: Delphox
|-singleturn|p1a: Delphox|Protect
|move|p2b: Blaziken|Rock Slide|p1b: Sinistcha|[spread] 
|-activate|p1a: Delphox|move: Protect
|-miss|p2b: Blaziken|p1b: Sinistcha
|move|p1b: Sinistcha|Strength Sap|p2b: Blaziken
|-unboost|p2b: Blaziken|atk|1
|-heal|p1b: Sinistcha|100/100
|
|-ability|p2b: Blaziken|Speed Boost|boost
|-boost|p2b: Blaziken|spe|1
|upkeep
|turn|13
|inactive|OdieVGC has 30 seconds left.
|
|t:|1783278551
|move|p2b: Blaziken|Rock Slide|p1b: Sinistcha|[spread] p1a,p1b
|-supereffective|p1a: Delphox|1
|-damage|p1a: Delphox|0 fnt
|-damage|p1b: Sinistcha|88/100
|faint|p1a: Delphox
|cant|p1b: Sinistcha|flinch
|
|-sideend|p1: OdieVGC|move: Light Screen
|-ability|p2b: Blaziken|Speed Boost|boost
|-boost|p2b: Blaziken|spe|1
|upkeep
|turn|14
|
|t:|1783278561
|move|p2b: Blaziken|Blaze Kick|p1b: Sinistcha
|-supereffective|p1b: Sinistcha|1
|-crit|p1b: Sinistcha
|-damage|p1b: Sinistcha|0 fnt
|faint|p1b: Sinistcha
|
|win|cesspollon
|inactive|OdieVGC has 30 seconds to confirm battle start!
|inactive|cesspollon has 30 seconds to confirm battle start!
||cesspollon is ready for game 3.
|inactive|OdieVGC has 20 seconds to confirm battle start!
|inactive|OdieVGC has 10 seconds to confirm battle start!
||OdieVGC is ready for game 3.
|uhtml|next|Next: Game 3 of 3
|l|☆cesspollon
|player|p2|
