|j|☆CrawlingKingSnake
|j|☆Darius Milkmaker
|html|CrawlingKingSnakeDarius Milkmaker    
|uhtml|bestof|Game 2 of a best-of-3
|t:|1785125813
|gametype|doubles
|player|p1|CrawlingKingSnake|kamado-armor|1182
|player|p2|Darius Milkmaker|170|1201
|gen|9
|tier|[Gen 9 Champions] VGC 2026 Reg M-B (Bo3)
|rated|
|rule|Species Clause: Limit one of each Pokémon
|rule|Item Clause: Limit 1 of each item
|clearpoke
|poke|p1|Floette-Eternal, L50, F|
|poke|p1|Palafin, L50, F, shiny|
|poke|p1|Incineroar, L50, F|
|poke|p1|Toxapex, L50, M|
|poke|p1|Delphox, L50, M|
|poke|p1|Kingambit, L50, F|
|poke|p2|Charizard, L50, F|
|poke|p2|Glimmora, L50, F|
|poke|p2|Whimsicott, L50, M|
|poke|p2|Kingambit, L50, F|
|poke|p2|Kommo-o, L50, F|
|poke|p2|Ninetales-Alola, L50, F|
|teampreview|4
|showteam|p1|Floette-Eternal||Floettite|FlowerVeil|DazzlingGleam,DrainingKiss,CalmMind,Protect|Modest||F|||50|]Palafin||LifeOrb|ZerotoHero|WaveCrash,JetPunch,CloseCombat,Protect|Adamant||F|||50|]Incineroar||SitrusBerry|Intimidate|FlareBlitz,FakeOut,DarkestLariat,PartingShot|Careful||F|||50|]Toxapex||Leftovers|Regenerator|Infestation,Toxic,WideGuard,BanefulBunker|Bold||M|||50|]Delphox||Delphoxite|Blaze|HeatWave,Psychic,NastyPlot,Protect|Timid||M|||50|]Kingambit||FocusSash|Defiant|KowtowCleave,SuckerPunch,IronHead,LowKick|Adamant||F|||50|
|showteam|p2|Charizard||CharizarditeY|Blaze|HeatWave,WeatherBall,SolarBeam,Protect|Modest||F|||50|]Glimmora||Glimmoranite|ToxicDebris|PowerGem,SludgeBomb,EarthPower,SpikyShield|Modest||F|||50|]Whimsicott||FocusSash|Prankster|Moonblast,Encore,Tailwind,Protect|Timid||M|||50|]Kingambit||BlackGlasses|Defiant|KowtowCleave,SuckerPunch,IronHead,Protect|Adamant||F|||50|]Kommo-o||LifeOrb|Soundproof|ClangingScales,AuraSphere,VacuumWave,Protect|Modest||F|||50|]Ninetales-Alola||NeverMeltIce|SnowWarning|Blizzard,FreezeDry,HelpingHand,Protect|Timid||F|||50|
|inactive|Battle timer is ON: inactive players will automatically lose when time's up. (requested by CrawlingKingSnake)
|inactive|CrawlingKingSnake has 60 seconds left.
|
|t:|1785125864
|teamsize|p1|4
|teamsize|p2|4
|start
|switch|p1a: Palafin|Palafin, L50, F, shiny|100/100
|switch|p1b: Kingambit|Kingambit, L50, F|100/100
|switch|p2a: Whimsicott|Whimsicott, L50, M|100/100
|switch|p2b: Kingambit|Kingambit, L50, F|100/100
|turn|1
|
|t:|1785125882
|detailschange|p1a: Palafin|Palafin-Hero, L50, F, shiny
|switch|p1a: Incineroar|Incineroar, L50, F|100/100
|-ability|p1a: Incineroar|Intimidate|boost
|-unboost|p2a: Whimsicott|atk|1
|-unboost|p2b: Kingambit|atk|1
|-ability|p2b: Kingambit|Defiant|boost
|-boost|p2b: Kingambit|atk|2
|move|p2a: Whimsicott|Tailwind|p2a: Whimsicott
|-sidestart|p2: Darius Milkmaker|move: Tailwind
|move|p2b: Kingambit|Kowtow Cleave|p1a: Incineroar
|-resisted|p1a: Incineroar|1
|-damage|p1a: Incineroar|60/100
|move|p1b: Kingambit|Low Kick|p2b: Kingambit
|-supereffective|p2b: Kingambit|2
|-damage|p2b: Kingambit|0 fnt
|faint|p2b: Kingambit
|
|upkeep
|
|t:|1785125891
|switch|p2b: Glimmora|Glimmora, L50, F|100/100
|turn|2
|
|t:|1785125913
|detailschange|p2b: Glimmora|Glimmora-Mega, L50, F
|-mega|p2b: Glimmora|Glimmora|Glimmoranite
|move|p2a: Whimsicott|Protect|p2a: Whimsicott
|-singleturn|p2a: Whimsicott|Protect
|move|p1a: Incineroar|Fake Out|p2a: Whimsicott
|-activate|p2a: Whimsicott|move: Protect
|move|p2b: Glimmora|Earth Power|p1b: Kingambit
|-supereffective|p1b: Kingambit|1
|-damage|p1b: Kingambit|6/100
|move|p1b: Kingambit|Iron Head|p2a: Whimsicott
|-activate|p2a: Whimsicott|move: Protect
|
|upkeep
|turn|3
|
|t:|1785125933
|move|p1b: Kingambit|Sucker Punch|p2a: Whimsicott
|-resisted|p2a: Whimsicott|1
|-crit|p2a: Whimsicott
|-damage|p2a: Whimsicott|49/100
|move|p2a: Whimsicott|Moonblast|p1b: Kingambit
|-damage|p1b: Kingambit|0 fnt
|faint|p1b: Kingambit
|move|p2b: Glimmora|Power Gem|p1a: Incineroar
|-supereffective|p1a: Incineroar|1
|-damage|p1a: Incineroar|0 fnt
|faint|p1a: Incineroar
|
|upkeep
|
|t:|1785125941
|switch|p1a: Delphox|Delphox, L50, M|100/100
|switch|p1b: Palafin|Palafin-Hero, L50, F, shiny|100/100
|-activate|p1b: Palafin|ability: Zero to Hero
|turn|4
|inactive|CrawlingKingSnake has 30 seconds left.
|
|t:|1785125969
|detailschange|p1a: Delphox|Delphox-Mega, L50, M
|-mega|p1a: Delphox|Delphox|Delphoxite
|move|p2a: Whimsicott|Protect|p2a: Whimsicott
|-singleturn|p2a: Whimsicott|Protect
|move|p2b: Glimmora|Spiky Shield|p2b: Glimmora
|-singleturn|p2b: Glimmora|move: Protect
|move|p1b: Palafin|Jet Punch|p2b: Glimmora
|-activate|p2b: Glimmora|move: Protect
|-damage|p1b: Palafin|87/100|[from] Spiky Shield|[of] p2b: Glimmora
|move|p1a: Delphox|Psychic|p2a: Whimsicott
|-activate|p2a: Whimsicott|move: Protect
|
|-sideend|p2: Darius Milkmaker|move: Tailwind
|upkeep
|turn|5
|
|t:|1785125986
|switch|p2b: Ninetales|Ninetales-Alola, L50, F|100/100
|-weather|Snowscape|[from] ability: Snow Warning|[of] p2b: Ninetales
|move|p2a: Whimsicott|Tailwind|p2a: Whimsicott
|-sidestart|p2: Darius Milkmaker|move: Tailwind
|move|p1b: Palafin|Jet Punch|p2b: Ninetales
|-damage|p2b: Ninetales|42/100
|-damage|p1b: Palafin|77/100|[from] item: Life Orb
|move|p1a: Delphox|Psychic|p2a: Whimsicott
|-damage|p2a: Whimsicott|0 fnt
|faint|p2a: Whimsicott
|
|-weather|Snowscape|[upkeep]
|upkeep
|
|t:|1785125996
|switch|p2a: Glimmora|Glimmora-Mega, L50, F|100/100
|turn|6
|
|t:|1785126008
|move|p2b: Ninetales|Protect|p2b: Ninetales
|-singleturn|p2b: Ninetales|Protect
|move|p1a: Delphox|Protect|p1a: Delphox
|-singleturn|p1a: Delphox|Protect
|move|p1b: Palafin|Protect|p1b: Palafin
|-singleturn|p1b: Palafin|Protect
|move|p2a: Glimmora|Power Gem|p1a: Delphox
|-activate|p1a: Delphox|move: Protect
|
|-weather|Snowscape|[upkeep]
|upkeep
|turn|7
|
|t:|1785126016
|move|p2a: Glimmora|Spiky Shield|p2a: Glimmora
|-singleturn|p2a: Glimmora|move: Protect
|move|p1b: Palafin|Jet Punch|p2b: Ninetales
|-damage|p2b: Ninetales|0 fnt
|faint|p2b: Ninetales
|-damage|p1b: Palafin|68/100|[from] item: Life Orb
|move|p1a: Delphox|Psychic|p2a: Glimmora
|-activate|p2a: Glimmora|move: Protect
|
|-weather|Snowscape|[upkeep]
|upkeep
|turn|8
|-message|Darius Milkmaker forfeited.
|
|win|CrawlingKingSnake
|l|☆Darius Milkmaker
|player|p2|
||Darius Milkmaker is ready for game 3.
||CrawlingKingSnake is ready for game 3.
|uhtml|next|Next: Game 3 of 3
