|j|☆hatcheyapache
|j|☆lolgz
|html|hatcheyapachelolgz    
|uhtml|bestof|Game 2 of a best-of-3
|t:|1782429931
|gametype|doubles
|player|p1|hatcheyapache|169|1259
|player|p2|lolgz|dawn|1195
|gen|9
|tier|[Gen 9 Champions] VGC 2026 Reg M-B (Bo3)
|rated|
|rule|Species Clause: Limit one of each Pokémon
|rule|Item Clause: Limit 1 of each item
|clearpoke
|poke|p1|Sinistcha, L50|
|poke|p1|Incineroar, L50, F|
|poke|p1|Milotic, L50, F|
|poke|p1|Raichu, L50, F|
|poke|p1|Floette-Eternal, L50, F|
|poke|p1|Ceruledge, L50, M|
|poke|p2|Mawile, L50, M|
|poke|p2|Sneasler, L50, M|
|poke|p2|Farigiraf, L50, M|
|poke|p2|Ampharos, L50, F|
|poke|p2|Vileplume, L50, M|
|poke|p2|Torkoal, L50, M|
|teampreview|4
|showteam|p1|Sinistcha||KasibBerry|Hospitality|MatchaGotcha,LifeDew,RagePowder,Protect|Relaxed|||||50|]Incineroar||SitrusBerry|Intimidate|FlareBlitz,ThroatChop,FakeOut,PartingShot|Impish||F|||50|]Milotic||Leftovers|Competitive|MuddyWater,Coil,Hypnosis,Protect|Calm||F|||50|]Raichu||RaichuniteY|LightningRod|ZapCannon,FocusBlast,FakeOut,Protect|Timid||F|||50|]Floette-Eternal||Floettite|FlowerVeil|DazzlingGleam,DrainingKiss,CalmMind,Protect|Timid||F|||50|]Ceruledge||ColburBerry|FlashFire|BitterBlade,ShadowSneak,BulkUp,Protect|Adamant||M|||50|
|showteam|p2|Mawile||Mawilite|HyperCutter|PlayRough,SuckerPunch,SwordsDance,Protect|Serious||M|||50|]Sneasler||IronBall|PoisonTouch|FakeOut,DireClaw,CloseCombat,RockTomb|Brave||M|||50|]Farigiraf||SitrusBerry|ArmorTail|TrickRoom,Thunderbolt,Psychic,HelpingHand|Relaxed||M|||50|]Ampharos||Ampharosite|Static|Thunderbolt,DragonPulse,Protect,FocusBlast|Brave||F|||50|]Vileplume||FocusSash|Chlorophyll|SleepPowder,SludgeBomb,EnergyBall,AfterYou|Timid||M|||50|]Torkoal||Charcoal|Drought|Eruption,WeatherBall,EarthPower,Protect|Quiet||M|||50|
|inactive|Battle timer is ON: inactive players will automatically lose when time's up. (requested by lolgz)
|inactive|lolgz has 60 seconds left.
|inactive|lolgz has 30 seconds left.
|inactive|lolgz has 20 seconds left.
|inactive|lolgz has 15 seconds left.
|
|t:|1782430007
|teamsize|p1|4
|teamsize|p2|4
|start
|switch|p1a: Milotic|Milotic, L50, F|100/100
|switch|p1b: Incineroar|Incineroar, L50, F|100/100
|switch|p2a: Farigiraf|Farigiraf, L50, M|100/100
|switch|p2b: Sneasler|Sneasler, L50, M|100/100
|-ability|p1b: Incineroar|Intimidate|boost
|-unboost|p2a: Farigiraf|atk|1
|-unboost|p2b: Sneasler|atk|1
|turn|1
|inactive|lolgz has 30 seconds left.
|
|t:|1782430041
|move|p2a: Farigiraf|Helping Hand|p2b: Sneasler
|-singleturn|p2b: Sneasler|Helping Hand|[of] p2a: Farigiraf
|move|p1a: Milotic|Coil|p1a: Milotic
|-boost|p1a: Milotic|atk|1
|-boost|p1a: Milotic|def|1
|-boost|p1a: Milotic|accuracy|1
|move|p1b: Incineroar|Parting Shot|p2b: Sneasler
|-unboost|p2b: Sneasler|atk|1
|-unboost|p2b: Sneasler|spa|1
|
|t:|1782430050
|switch|p1b: Ceruledge|Ceruledge, L50, M|100/100|[from] Parting Shot
|move|p2b: Sneasler|Close Combat|p1a: Milotic
|-damage|p1a: Milotic|68/100
|-unboost|p2b: Sneasler|def|1
|-unboost|p2b: Sneasler|spd|1
|
|-heal|p1a: Milotic|74/100|[from] item: Leftovers
|upkeep
|turn|2
|
|t:|1782430065
|move|p1b: Ceruledge|Bulk Up|p1b: Ceruledge
|-boost|p1b: Ceruledge|atk|1
|-boost|p1b: Ceruledge|def|1
|move|p1a: Milotic|Hypnosis|p2a: Farigiraf|[miss]
|-miss|p1a: Milotic|p2a: Farigiraf
|move|p2b: Sneasler|Dire Claw|p1a: Milotic
|-damage|p1a: Milotic|59/100
|move|p2a: Farigiraf|Trick Room|p2a: Farigiraf
|-fieldstart|move: Trick Room|[of] p2a: Farigiraf
|
|-heal|p1a: Milotic|65/100|[from] item: Leftovers
|upkeep
|turn|3
|inactive|lolgz has 30 seconds left.
|inactive|hatcheyapache has 30 seconds left.
|
|t:|1782430109
|switch|p2b: Ampharos|Ampharos, L50, F|100/100
|move|p2a: Farigiraf|Psychic|p1b: Ceruledge
|-damage|p1b: Ceruledge|69/100
|move|p1a: Milotic|Hypnosis|p2a: Farigiraf
|-status|p2a: Farigiraf|slp|[from] move: Hypnosis
|move|p1b: Ceruledge|Bulk Up|p1b: Ceruledge
|-boost|p1b: Ceruledge|atk|1
|-boost|p1b: Ceruledge|def|1
|
|-heal|p1a: Milotic|71/100|[from] item: Leftovers
|upkeep
|turn|4
|inactive|hatcheyapache has 30 seconds left.
|
|t:|1782430135
|switch|p2a: Sneasler|Sneasler, L50, M|100/100
|detailschange|p2b: Ampharos|Ampharos-Mega, L50, F
|-mega|p2b: Ampharos|Ampharos|Ampharosite
|-ability|p2b: Ampharos|Mold Breaker
|move|p2b: Ampharos|Protect|p2b: Ampharos
|-singleturn|p2b: Ampharos|Protect
|move|p1a: Milotic|Hypnosis|p2b: Ampharos
|-activate|p2b: Ampharos|move: Protect
|move|p1b: Ceruledge|Bitter Blade|p2b: Ampharos
|-activate|p2b: Ampharos|move: Protect
|
|-heal|p1a: Milotic|77/100|[from] item: Leftovers
|upkeep
|turn|5
|
|t:|1782430156
|move|p1a: Milotic|Protect|p1a: Milotic
|-singleturn|p1a: Milotic|Protect
|move|p1b: Ceruledge|Protect|p1b: Ceruledge
|-singleturn|p1b: Ceruledge|Protect
|move|p2a: Sneasler|Fake Out|p1a: Milotic
|-activate|p1a: Milotic|move: Protect
|move|p2b: Ampharos|Thunderbolt|p1b: Ceruledge
|-activate|p1b: Ceruledge|move: Protect
|
|-heal|p1a: Milotic|83/100|[from] item: Leftovers
|upkeep
|turn|6
|
|t:|1782430166
|move|p2b: Ampharos|Thunderbolt|p1a: Milotic
|-supereffective|p1a: Milotic|1
|-damage|p1a: Milotic|12/100
|move|p2a: Sneasler|Rock Tomb|p1b: Ceruledge
|-supereffective|p1b: Ceruledge|1
|-damage|p1b: Ceruledge|41/100
|-unboost|p1b: Ceruledge|spe|1
|move|p1b: Ceruledge|Bitter Blade|p2b: Ampharos
|-resisted|p2b: Ampharos|1
|-damage|p2b: Ampharos|56/100
|-heal|p1b: Ceruledge|65/100|[from] drain|[of] p2b: Ampharos
|move|p1a: Milotic|Hypnosis|p2a: Sneasler
|-status|p2a: Sneasler|slp|[from] move: Hypnosis
|
|-heal|p1a: Milotic|18/100|[from] item: Leftovers
|-fieldend|move: Trick Room
|upkeep
|turn|7
|
|t:|1782430189
|move|p1a: Milotic|Hypnosis|p2b: Ampharos|[miss]
|-miss|p1a: Milotic|p2b: Ampharos
|move|p1b: Ceruledge|Bitter Blade|p2a: Sneasler
|-damage|p2a: Sneasler|0 fnt
|-heal|p1b: Ceruledge|100/100|[from] drain|[of] p2a: Sneasler
|faint|p2a: Sneasler
|move|p2b: Ampharos|Thunderbolt|p1b: Ceruledge
|-damage|p1b: Ceruledge|43/100
|
|-heal|p1a: Milotic|24/100|[from] item: Leftovers
|upkeep
|
|t:|1782430195
|switch|p2a: Torkoal|Torkoal, L50, M|100/100
|-weather|SunnyDay|[from] ability: Drought|[of] p2a: Torkoal
|turn|8
|
|t:|1782430210
|move|p2b: Ampharos|Protect|p2b: Ampharos
|-singleturn|p2b: Ampharos|Protect
|move|p1a: Milotic|Hypnosis|p2a: Torkoal
|-status|p2a: Torkoal|slp|[from] move: Hypnosis
|move|p1b: Ceruledge|Bitter Blade|p2b: Ampharos
|-activate|p2b: Ampharos|move: Protect
|cant|p2a: Torkoal|slp
|
|-weather|SunnyDay|[upkeep]
|-heal|p1a: Milotic|30/100|[from] item: Leftovers
|upkeep
|turn|9
|
|t:|1782430227
|move|p2b: Ampharos|Protect|p2b: Ampharos
|-singleturn|p2b: Ampharos|Protect
|move|p1a: Milotic|Hypnosis|p2b: Ampharos
|-activate|p2b: Ampharos|move: Protect
|move|p1b: Ceruledge|Bitter Blade|p2a: Torkoal
|-resisted|p2a: Torkoal|1
|-damage|p2a: Torkoal|45/100 slp
|-heal|p1b: Ceruledge|70/100|[from] drain|[of] p2a: Torkoal
|cant|p2a: Torkoal|slp
|
|-weather|SunnyDay|[upkeep]
|-heal|p1a: Milotic|36/100|[from] item: Leftovers
|upkeep
|turn|10
|
|t:|1782430246
|switch|p2a: Farigiraf|Farigiraf, L50, M|100/100 slp
|move|p1a: Milotic|Hypnosis|p2b: Ampharos
|-status|p2b: Ampharos|slp|[from] move: Hypnosis
|move|p1b: Ceruledge|Bitter Blade|p2a: Farigiraf
|-damage|p2a: Farigiraf|0 fnt
|-heal|p1b: Ceruledge|100/100|[from] drain|[of] p2a: Farigiraf
|faint|p2a: Farigiraf
|cant|p2b: Ampharos|slp
|
|-weather|SunnyDay|[upkeep]
|-heal|p1a: Milotic|42/100|[from] item: Leftovers
|upkeep
|
|t:|1782430257
|switch|p2a: Torkoal|Torkoal, L50, M|45/100 slp
|turn|11
|
|t:|1782430267
|move|p1a: Milotic|Muddy Water|p2b: Ampharos|[spread] p2a,p2b
|-supereffective|p2a: Torkoal|1
|-resisted|p2b: Ampharos|1
|-damage|p2a: Torkoal|17/100 slp
|-damage|p2b: Ampharos|51/100 slp
|-unboost|p2b: Ampharos|accuracy|1
|move|p1b: Ceruledge|Bitter Blade|p2b: Ampharos
|-resisted|p2b: Ampharos|1
|-damage|p2b: Ampharos|0 fnt
|faint|p2b: Ampharos
|-curestatus|p2a: Torkoal|slp|[msg]
|move|p2a: Torkoal|Eruption|p1b: Ceruledge|[spread] p1a
|-start|p1b: Ceruledge|ability: Flash Fire
|-resisted|p1a: Milotic|1
|-damage|p1a: Milotic|37/100
|
|-weather|SunnyDay|[upkeep]
|-heal|p1a: Milotic|43/100|[from] item: Leftovers
|upkeep
|turn|12
|-message|lolgz forfeited.
|
|win|hatcheyapache
|raw|hatcheyapache's rating: 1259 → 1279(+20 for winning)
|raw|lolgz's rating: 1195 → 1175(-20 for losing)
