|j|☆taengerine
|j|☆oscraft89
|html|taengerineoscraft89    
|uhtml|bestof|Game 1 of a best-of-3
|t:|1782589148
|gametype|doubles
|player|p1|taengerine|lady|1282
|player|p2|oscraft89|ethan|1228
|gen|9
|tier|[Gen 9 Champions] VGC 2026 Reg M-B (Bo3)
|rated|
|rule|Species Clause: Limit one of each Pokémon
|rule|Item Clause: Limit 1 of each item
|clearpoke
|poke|p1|Mawile, L50, F|
|poke|p1|Farigiraf, L50, F|
|poke|p1|Sinistcha, L50|
|poke|p1|Garchomp, L50, M|
|poke|p1|Incineroar, L50, M|
|poke|p1|Delphox, L50, F|
|poke|p2|Sceptile, L50, F, shiny|
|poke|p2|Rotom-Wash, L50|
|poke|p2|Incineroar, L50, M|
|poke|p2|Sneasler, L50, F|
|poke|p2|Whimsicott, L50, M|
|poke|p2|Gholdengo, L50|
|teampreview|4
|showteam|p1|Mawile||Mawilite|HyperCutter|PlayRough,SwordsDance,SuckerPunch,Protect|Brave||F|||50|]Farigiraf||SitrusBerry|ArmorTail|Psychic,HelpingHand,TrickRoom,Thunderbolt|Quiet||F|||50|]Sinistcha||OccaBerry|Hospitality|MatchaGotcha,RagePowder,LifeDew,Protect|Bold|||||50|]Garchomp||LifeOrb|RoughSkin|StompingTantrum,RockSlide,DragonClaw,Protect|Adamant||M|||50|]Incineroar||PasshoBerry|Intimidate|FlareBlitz,FakeOut,ThroatChop,PartingShot|Careful||M|||50|]Delphox||Delphoxite|Blaze|HeatWave,Psychic,NastyPlot,Protect|Timid||F|||50|
|showteam|p2|Sceptile||Sceptilite|Overgrow|LeafStorm,DragonPulse,EarthPower,Detect|Modest||F|||50|]Rotom-Wash||ChoiceScarf|Levitate|Discharge,VoltSwitch,HydroPump,Electroweb|Timid|||||50|]Incineroar||ChopleBerry|Intimidate|FlareBlitz,ThroatChop,PartingShot,FakeOut|Adamant||M|||50|]Sneasler||WhiteHerb|Unburden|DireClaw,CloseCombat,FakeOut,Protect|Adamant||F|||50|]Whimsicott||FocusSash|Prankster|Moonblast,Tailwind,Encore,Protect|Timid||M|||50|]Gholdengo||LifeOrb|GoodasGold|MakeItRain,ShadowBall,NastyPlot,Protect|Modest|||||50|
|inactive|Battle timer is ON: inactive players will automatically lose when time's up. (requested by taengerine)
|inactive|taengerine has 60 seconds left.
|inactive|oscraft89 has 60 seconds left.
|
|t:|1782589186
|teamsize|p1|4
|teamsize|p2|4
|start
|switch|p1a: Farigiraf|Farigiraf, L50, F|100/100
|switch|p1b: Incineroar|Incineroar, L50, M|100/100
|switch|p2a: Incineroar|Incineroar, L50, M|100/100
|switch|p2b: Gholdengo|Gholdengo, L50|100/100
|-ability|p1b: Incineroar|Intimidate|boost
|-unboost|p2a: Incineroar|atk|1
|-unboost|p2b: Gholdengo|atk|1
|-ability|p2a: Incineroar|Intimidate|boost
|-unboost|p1a: Farigiraf|atk|1
|-unboost|p1b: Incineroar|atk|1
|turn|1
|inactive|taengerine has 30 seconds left.
|
|t:|1782589212
|move|p2b: Gholdengo|Nasty Plot|p2b: Gholdengo
|-boost|p2b: Gholdengo|spa|2
|move|p1b: Incineroar|Throat Chop|p2a: Incineroar
|-resisted|p2a: Incineroar|1
|-crit|p2a: Incineroar
|-damage|p2a: Incineroar|76/100
|-start|p2a: Incineroar|Throat Chop|[silent]
|cant|p2a: Incineroar|move: Throat Chop
|move|p1a: Farigiraf|Trick Room|p1a: Farigiraf
|-fieldstart|move: Trick Room|[of] p1a: Farigiraf
|
|upkeep
|turn|2
|
|t:|1782589232
|move|p1a: Farigiraf|Thunderbolt|p2a: Incineroar
|-damage|p2a: Incineroar|51/100
|move|p2a: Incineroar|Throat Chop|p1a: Farigiraf
|-supereffective|p1a: Farigiraf|1
|-damage|p1a: Farigiraf|54/100
|-start|p1a: Farigiraf|Throat Chop|[silent]
|move|p1b: Incineroar|Flare Blitz|p2b: Gholdengo
|-supereffective|p2b: Gholdengo|1
|-damage|p2b: Gholdengo|40/100
|-damage|p1b: Incineroar|81/100|[from] Recoil
|move|p2b: Gholdengo|Make It Rain|p1a: Farigiraf|[spread] p1b
|-miss|p2b: Gholdengo|p1a: Farigiraf
|-resisted|p1b: Incineroar|1
|-damage|p1b: Incineroar|30/100
|-unboost|p2b: Gholdengo|spa|2
|-damage|p2b: Gholdengo|31/100|[from] item: Life Orb
|
|-end|p2a: Incineroar|Throat Chop|[silent]
|upkeep
|turn|3
|inactive|taengerine has 30 seconds left.
|
|t:|1782589261
|switch|p1a: Mawile|Mawile, L50, F|100/100
|move|p2b: Gholdengo|Protect|p2b: Gholdengo
|-singleturn|p2b: Gholdengo|Protect
|move|p2a: Incineroar|Parting Shot|p1b: Incineroar
|-unboost|p1b: Incineroar|atk|1
|-unboost|p1b: Incineroar|spa|1
|
|t:|1782589268
|switch|p2a: Whimsicott|Whimsicott, L50, M|100/100|[from] Parting Shot
|move|p1b: Incineroar|Throat Chop|p2b: Gholdengo
|-activate|p2b: Gholdengo|move: Protect
|
|upkeep
|turn|4
|
|t:|1782589286
|switch|p2b: Incineroar|Incineroar, L50, M|51/100
|-ability|p2b: Incineroar|Intimidate|boost
|-fail|p1a: Mawile|unboost|Attack|[from] ability: Hyper Cutter|[of] p1a: Mawile
|-unboost|p1b: Incineroar|atk|1
|detailschange|p1a: Mawile|Mawile-Mega, L50, F
|-mega|p1a: Mawile|Mawile|Mawilite
|move|p2a: Whimsicott|Protect|p2a: Whimsicott
|-singleturn|p2a: Whimsicott|Protect
|move|p1a: Mawile|Play Rough|p2a: Whimsicott
|-activate|p2a: Whimsicott|move: Protect
|move|p1b: Incineroar|Throat Chop|p2b: Incineroar
|-resisted|p2b: Incineroar|1
|-damage|p2b: Incineroar|45/100
|-start|p2b: Incineroar|Throat Chop|[silent]
|
|upkeep
|turn|5
|
|t:|1782589303
|switch|p1b: Farigiraf|Farigiraf, L50, F|54/100
|switch|p2a: Gholdengo|Gholdengo, L50|31/100
|move|p1a: Mawile|Play Rough|p2b: Incineroar
|-damage|p2b: Incineroar|0 fnt
|faint|p2b: Incineroar
|
|-fieldend|move: Trick Room
|upkeep
|
|t:|1782589311
|switch|p2b: Sceptile|Sceptile, L50, F, shiny|100/100
|turn|6
|
|t:|1782589323
|detailschange|p2b: Sceptile|Sceptile-Mega, L50, F, shiny
|-mega|p2b: Sceptile|Sceptile|Sceptilite
|move|p1a: Mawile|Sucker Punch|p2a: Gholdengo
|-supereffective|p2a: Gholdengo|1
|-damage|p2a: Gholdengo|0 fnt
|faint|p2a: Gholdengo
|move|p2b: Sceptile|Leaf Storm|p1b: Farigiraf
|-damage|p1b: Farigiraf|0 fnt
|-unboost|p2b: Sceptile|spa|2
|faint|p1b: Farigiraf
|
|upkeep
|
|t:|1782589332
|switch|p2a: Whimsicott|Whimsicott, L50, M|100/100
|switch|p1b: Incineroar|Incineroar, L50, M|30/100
|-ability|p1b: Incineroar|Intimidate|boost
|-unboost|p2a: Whimsicott|atk|1
|-unboost|p2b: Sceptile|atk|1
|turn|7
|inactive|taengerine has 30 seconds left.
|
|t:|1782589359
|move|p2b: Sceptile|Detect|p2b: Sceptile
|-singleturn|p2b: Sceptile|Protect
|move|p1b: Incineroar|Fake Out|p2a: Whimsicott
|-damage|p2a: Whimsicott|84/100
|cant|p2a: Whimsicott|flinch
|move|p1a: Mawile|Play Rough|p2b: Sceptile
|-activate|p2b: Sceptile|move: Protect
|
|upkeep
|turn|8
|
|t:|1782589369
|switch|p1b: Sinistcha|Sinistcha, L50|100/100
|move|p2b: Sceptile|Earth Power|p1a: Mawile
|-supereffective|p1a: Mawile|1
|-damage|p1a: Mawile|59/100
|move|p2a: Whimsicott|Moonblast|p1b: Sinistcha
|-damage|p1b: Sinistcha|57/100
|move|p1a: Mawile|Play Rough|p2b: Sceptile
|-supereffective|p2b: Sceptile|1
|-damage|p2b: Sceptile|0 fnt
|faint|p2b: Sceptile
|
|upkeep
|turn|9
|-message|oscraft89 forfeited.
|
|win|taengerine
|l|☆oscraft89
|player|p2|
||oscraft89 is ready for game 2.
||taengerine is ready for game 2.
|uhtml|next|Next: Game 2 of 3
