|j|â˜†ZeGaboVGC
|j|â˜†MizzleWaterCooler
|html|ZeGaboVGCMizzleWaterCooler    
|uhtml|bestof|Game 2 of a best-of-3
|t:|1756301076
|gametype|doubles
|player|p1|ZeGaboVGC|benga|1167
|player|p2|MizzleWaterCooler|brycen|1097
|gen|9
|tier|[Gen 9] VGC 2025 Reg H (Bo3)
|rated|
|rule|Species Clause: Limit one of each PokÃ©mon
|rule|Item Clause: Limit 1 of each item
|clearpoke
|poke|p1|Incineroar, L50, F|
|poke|p1|Amoonguss, L50, F|
|poke|p1|Ursaluna-Bloodmoon, L50, M|
|poke|p1|Sneasler, L50, F|
|poke|p1|Gholdengo, L50|
|poke|p1|Dragonite, L50, M|
|poke|p2|Ursaluna-Bloodmoon, L50, M|
|poke|p2|Indeedee, L50, M|
|poke|p2|Sneasler, L50, M|
|poke|p2|Talonflame, L50, M|
|poke|p2|Incineroar, L50, M|
|poke|p2|Electabuzz, L50, M|
|teampreview|4
|showteam|p1|Incineroar||SafetyGoggles|Intimidate|FlareBlitz,KnockOff,PartingShot,FakeOut|||F|||50|,,,,,Ghost]Amoonguss||SitrusBerry|Regenerator|Spore,RagePowder,PollenPuff,Protect|||F|||50|,,,,,Dark]Ursaluna-Bloodmoon||AssaultVest|MindsEye|HyperVoice,BloodMoon,EarthPower,VacuumWave|||M|||50|,,,,,Water]Sneasler||FocusSash|Unburden|CloseCombat,DireClaw,ThroatChop,Protect|||F|||50|,,,,,Stellar]Gholdengo||LifeOrb|GoodasGold|MakeItRain,ShadowBall,NastyPlot,Protect||||||50|,,,,,Water]Dragonite||LoadedDice|Multiscale|ScaleShot,Tailwind,Haze,Protect|||M|||50|,,,,,Fairy
|showteam|p2|Ursaluna-Bloodmoon||LifeOrb|MindsEye|BloodMoon,EarthPower,HyperVoice,Protect|||M|||50|,,,,,Normal]Indeedee||FocusSash|PsychicSurge|ExpandingForce,HelpingHand,TrickRoom,Protect|||M|||50|,,,,,Psychic]Sneasler||PsychicSeed|Unburden|CloseCombat,DireClaw,ThroatChop,Protect|||M|||50|,,,,,Dark]Talonflame||CovertCloak|GaleWings|FlareBlitz,DualWingbeat,WillOWisp,Tailwind|||M|||50|,,,,,Fairy]Incineroar||SafetyGoggles|Intimidate|FlareBlitz,KnockOff,PartingShot,FakeOut|||M|||50|,,,,,Ghost]Electabuzz||Eviolite|VitalSpirit|Electroweb,FollowMe,Taunt,Protect|||M|||50|,,,,,Dragon
|inactive|Battle timer is ON: inactive players will automatically lose when time's up. (requested by ZeGaboVGC)
|inactive|MizzleWaterCooler also wants the timer to be on.
|inactive|ZeGaboVGC has 60 seconds left.
|inactive|MizzleWaterCooler has 60 seconds left.
|inactive|ZeGaboVGC has 30 seconds left.
|inactive|ZeGaboVGC has 20 seconds left.
|inactive|ZeGaboVGC has 15 seconds left.
|inactive|ZeGaboVGC has 10 seconds left.
|
|t:|1756301158
|teamsize|p1|4
|teamsize|p2|4
|start
|switch|p1a: Dragonite|Dragonite, L50, M|100/100
|switch|p1b: Incineroar|Incineroar, L50, F|100/100
|switch|p2a: Indeedee|Indeedee, L50, M|100/100
|switch|p2b: Sneasler|Sneasler, L50, M|100/100
|-fieldstart|move: Psychic Terrain|[from] ability: Psychic Surge|[of] p2a: Indeedee
|-enditem|p2b: Sneasler|Psychic Seed
|-boost|p2b: Sneasler|spd|1|[from] item: Psychic Seed
|-ability|p1b: Incineroar|Intimidate|boost
|-unboost|p2a: Indeedee|atk|1
|-unboost|p2b: Sneasler|atk|1
|turn|1
|inactive|MizzleWaterCooler has 30 seconds left.
|
|t:|1756301187
|-terastallize|p1b: Incineroar|Ghost
|move|p2b: Sneasler|Close Combat|p1b: Incineroar
|-immune|p1b: Incineroar
|move|p2a: Indeedee|Expanding Force|p1a: Dragonite|[spread] p1a,p1b
|-damage|p1a: Dragonite|75/100
|-damage|p1b: Incineroar|54/100
|move|p1a: Dragonite|Tailwind|p1a: Dragonite
|-sidestart|p1: ZeGaboVGC|move: Tailwind
|move|p1b: Incineroar|Flare Blitz|p2b: Sneasler
|-damage|p2b: Sneasler|15/100
|-damage|p1b: Incineroar|30/100|[from] Recoil
|
|upkeep
|turn|2
|inactive|ZeGaboVGC has 30 seconds left.
|inactive|MizzleWaterCooler has 30 seconds left.
|inactive|ZeGaboVGC has 20 seconds left.
|inactive|MizzleWaterCooler has 20 seconds left.
|inactive|ZeGaboVGC has 15 seconds left.
|inactive|ZeGaboVGC has 10 seconds left.
|inactive|ZeGaboVGC has 5 seconds left.
|
|t:|1756301240
|move|p1a: Dragonite|Protect|p1a: Dragonite
|-singleturn|p1a: Dragonite|Protect
|move|p2b: Sneasler|Dire Claw|p1a: Dragonite
|-activate|p1a: Dragonite|move: Protect
|move|p1b: Incineroar|Knock Off|p2b: Sneasler
|-resisted|p2b: Sneasler
|-damage|p2b: Sneasler|0 fnt
|faint|p2b: Sneasler
|move|p2a: Indeedee|Expanding Force|p1b: Incineroar|[spread] p1b
|-activate|p1a: Dragonite|move: Protect
|-damage|p1b: Incineroar|0 fnt
|faint|p1b: Incineroar
|
|upkeep
|
|t:|1756301252
|switch|p2b: Incineroar|Incineroar, L50, M|100/100
|switch|p1b: Ursaluna|Ursaluna-Bloodmoon, L50, M|100/100
|-ability|p2b: Incineroar|Intimidate|boost
|-unboost|p1a: Dragonite|atk|1
|-unboost|p1b: Ursaluna|atk|1
|turn|3
|
|t:|1756301272
|move|p2a: Indeedee|Protect|p2a: Indeedee
|-singleturn|p2a: Indeedee|Protect
|move|p1a: Dragonite|Scale Shot|p2a: Indeedee
|-activate|p2a: Indeedee|move: Protect
|move|p1b: Ursaluna|Hyper Voice|p2a: Indeedee|[spread] p2b
|-activate|p2a: Indeedee|move: Protect
|-damage|p2b: Incineroar|70/100
|move|p2b: Incineroar|Parting Shot|p1a: Dragonite
|-unboost|p1a: Dragonite|atk|1
|-unboost|p1a: Dragonite|spa|1
|
|t:|1756301282
|switch|p2b: Electabuzz|Electabuzz, L50, M|100/100|[from] Parting Shot
|
|upkeep
|turn|4
|
|t:|1756301298
|switch|p1a: Amoonguss|Amoonguss, L50, F|100/100
|-terastallize|p2a: Indeedee|Psychic
|move|p2b: Electabuzz|Follow Me|p2b: Electabuzz
|-singleturn|p2b: Electabuzz|move: Follow Me
|move|p2a: Indeedee|Expanding Force|p1a: Amoonguss|[spread] p1a,p1b
|-supereffective|p1a: Amoonguss
|-damage|p1a: Amoonguss|0 fnt
|-damage|p1b: Ursaluna|56/100
|faint|p1a: Amoonguss
|move|p1b: Ursaluna|Hyper Voice|p2b: Electabuzz|[spread] p2a,p2b
|-damage|p2a: Indeedee|53/100
|-damage|p2b: Electabuzz|72/100
|
|-sideend|p1: ZeGaboVGC|move: Tailwind
|upkeep
|
|t:|1756301301
|switch|p1a: Dragonite|Dragonite, L50, M|75/100
|turn|5
|inactive|ZeGaboVGC has 30 seconds left.
|inactive|MizzleWaterCooler has 30 seconds left.
|inactive|MizzleWaterCooler has 20 seconds left.
|
|t:|1756301340
|move|p2b: Electabuzz|Follow Me|p2b: Electabuzz
|-singleturn|p2b: Electabuzz|move: Follow Me
|move|p2a: Indeedee|Expanding Force|p1b: Ursaluna|[spread] p1a,p1b
|-damage|p1a: Dragonite|4/100
|-damage|p1b: Ursaluna|11/100
|move|p1a: Dragonite|Scale Shot|p2b: Electabuzz
|-damage|p2b: Electabuzz|56/100
|-damage|p2b: Electabuzz|40/100
|-damage|p2b: Electabuzz|24/100
|-crit|p2b: Electabuzz
|-damage|p2b: Electabuzz|0 fnt
|faint|p2b: Electabuzz
|-hitcount|p2: Electabuzz|4
|-unboost|p1a: Dragonite|def|1
|-boost|p1a: Dragonite|spe|1
|move|p1b: Ursaluna|Earth Power|p2a: Indeedee
|-damage|p2a: Indeedee|0 fnt
|faint|p2a: Indeedee
|
|-fieldend|move: Psychic Terrain
|upkeep
|
|t:|1756301347
|switch|p2a: Incineroar|Incineroar, L50, M|70/100
|-ability|p2a: Incineroar|Intimidate|boost
|-unboost|p1a: Dragonite|atk|1
|-unboost|p1b: Ursaluna|atk|1
|turn|6
|
|t:|1756301360
|move|p2a: Incineroar|Fake Out|p1b: Ursaluna
|-damage|p1b: Ursaluna|3/100
|cant|p1b: Ursaluna|flinch
|move|p1a: Dragonite|Scale Shot|p2a: Incineroar
|-damage|p2a: Incineroar|59/100
|-damage|p2a: Incineroar|48/100
|-damage|p2a: Incineroar|38/100
|-damage|p2a: Incineroar|28/100
|-hitcount|p2a: Incineroar|4
|-unboost|p1a: Dragonite|def|1
|-boost|p1a: Dragonite|spe|1
|
|upkeep
|turn|7
|
|t:|1756301367
|move|p1b: Ursaluna|Vacuum Wave|p2a: Incineroar
|-supereffective|p2a: Incineroar
|-damage|p2a: Incineroar|6/100
|move|p1a: Dragonite|Scale Shot|p2a: Incineroar
|-damage|p2a: Incineroar|0 fnt
|faint|p2a: Incineroar
|-hitcount|p2: Incineroar|1
|
|win|ZeGaboVGC
|raw|ZeGaboVGC's rating: 1167 → 1187(+20 for winning)
|raw|MizzleWaterCooler's rating: 1097 → 1077(-20 for losing)
