|j|☆EZBreezeys
|j|☆cristiansegadevila
|html|EZBreezeyscristiansegadevila    
|uhtml|bestof|Game 1 of a best-of-3
|t:|1757661552
|gametype|doubles
|player|p1|EZBreezeys|schoolkidf|1040
|player|p2|cristiansegadevila|102|1062
|gen|9
|tier|[Gen 9] VGC 2025 Reg H (Bo3)
|rated|
|rule|Species Clause: Limit one of each Pokémon
|rule|Item Clause: Limit 1 of each item
|clearpoke
|poke|p1|Incineroar, L50, M|
|poke|p1|Politoed, L50, M|
|poke|p1|Gothitelle, L50, F|
|poke|p1|Archaludon, L50, M|
|poke|p1|Grimmsnarl, L50, M|
|poke|p1|Azumarill, L50, F|
|poke|p2|Gholdengo, L50|
|poke|p2|Pelipper, L50, M|
|poke|p2|Archaludon, L50, F|
|poke|p2|Sinistcha, L50|
|poke|p2|Dragonite, L50, M|
|poke|p2|Ursaluna, L50, M|
|teampreview|4
|showteam|p1|Incineroar||SafetyGoggles|Intimidate|Protect,FakeOut,PartingShot,KnockOff|||M|||50|,,,,,Bug]Politoed||Leftovers|Drizzle|Protect,Encore,PerishSong,WeatherBall|||M|||50|,,,,,Grass]Gothitelle||SitrusBerry|ShadowTag|Protect,FakeOut,Psychic,Taunt|||F|||50|,,,,,Dark]Archaludon||PowerHerb|Stalwart|Protect,DracoMeteor,ElectroShot,FlashCannon|||M|||50|,,,,,Electric]Grimmsnarl||EjectButton|Prankster|Protect,LightScreen,FoulPlay,Reflect|||M|||50|,,,,,Dark]Azumarill||LifeOrb|HugePower|Protect,AquaTail,AquaJet,PlayRough|||F|||50|,,,,,Stellar
|showteam|p2|Gholdengo||ChoiceScarf|GoodasGold|MakeItRain,PowerGem,ShadowBall,NastyPlot||||||50|,,,,,Steel]Pelipper||FocusSash|Drizzle|Tailwind,Protect,Hurricane,WeatherBall|||M|||50|,,,,,Ghost]Archaludon||AssaultVest|Stamina|Snarl,BodyPress,ElectroShot,DracoMeteor|||F|||50|,,,,,Fighting]Sinistcha||SitrusBerry|Hospitality|MatchaGotcha,LifeDew,TrickRoom,RagePowder||||||50|,,,,,Water]Dragonite||LoadedDice|Multiscale|Protect,ScaleShot,ExtremeSpeed,LowKick|||M|||50|,,,,,Steel]Ursaluna||FlameOrb|Guts|Protect,Earthquake,HeadlongRush,Facade|||M|||50|,,,,,Water
|inactive|Battle timer is ON: inactive players will automatically lose when time's up. (requested by cristiansegadevila)
|
|t:|1757661591
|teamsize|p1|4
|teamsize|p2|4
|start
|switch|p1a: Wiselod|Politoed, L50, M, shiny|100/100
|switch|p1b: Darknyan|Incineroar, L50, M, shiny|100/100
|switch|p2a: Dragonite|Dragonite, L50, M|100/100
|switch|p2b: Ursaluna|Ursaluna, L50, M|100/100
|-weather|RainDance|[from] ability: Drizzle|[of] p1a: Wiselod
|-ability|p1b: Darknyan|Intimidate|boost
|-unboost|p2a: Dragonite|atk|1
|-unboost|p2b: Ursaluna|atk|1
|turn|1
|inactive|EZBreezeys has 30 seconds left.
|inactive|cristiansegadevila has 30 seconds left.
|inactive|cristiansegadevila has 20 seconds left.
|inactive|cristiansegadevila has 15 seconds left.
|
|t:|1757661635
|-terastallize|p2b: Ursaluna|Water
|move|p2a: Dragonite|Low Kick|p1b: Darknyan
|-supereffective|p1b: Darknyan
|-damage|p1b: Darknyan|57/100
|move|p1a: Wiselod|Perish Song|p1a: Wiselod
|-start|p1a: Wiselod|perish3|[silent]
|-start|p1b: Darknyan|perish3|[silent]
|-start|p2a: Dragonite|perish3|[silent]
|-start|p2b: Ursaluna|perish3|[silent]
|-fieldactivate|move: Perish Song
|move|p1b: Darknyan|Knock Off|p2b: Ursaluna
|-damage|p2b: Ursaluna|72/100
|-enditem|p2b: Ursaluna|Flame Orb|[from] move: Knock Off|[of] p1b: Darknyan
|move|p2b: Ursaluna|Earthquake|p1a: Wiselod|[spread] p1a,p1b
|-immune|p2a: Dragonite
|-supereffective|p1b: Darknyan
|-damage|p1a: Wiselod|67/100
|-damage|p1b: Darknyan|2/100
|
|-weather|RainDance|[upkeep]
|-heal|p1a: Wiselod|73/100|[from] item: Leftovers
|-start|p2a: Dragonite|perish3
|-start|p1a: Wiselod|perish3
|-start|p1b: Darknyan|perish3
|-start|p2b: Ursaluna|perish3
|upkeep
|turn|2
|inactive|EZBreezeys has 30 seconds left.
|
|t:|1757661667
|switch|p2a: Sinistcha|Sinistcha, L50|100/100
|-heal|p2b: Ursaluna|97/100|[from] ability: Hospitality|[of] p2a: Sinistcha
|switch|p1b: Gothitelle|Gothitelle, L50, F|100/100
|move|p1a: Wiselod|Weather Ball|p2a: Sinistcha
|-resisted|p2a: Sinistcha
|-damage|p2a: Sinistcha|79/100
|move|p2b: Ursaluna|Earthquake|p1b: Gothitelle|[spread] p2a,p1a,p1b
|-resisted|p2a: Sinistcha
|-crit|p1a: Wiselod
|-crit|p1b: Gothitelle
|-damage|p2a: Sinistcha|67/100
|-damage|p1a: Wiselod|6/100
|-damage|p1b: Gothitelle|34/100
|-enditem|p1b: Gothitelle|Sitrus Berry|[eat]
|-heal|p1b: Gothitelle|59/100|[from] item: Sitrus Berry
|
|-weather|RainDance|[upkeep]
|-heal|p1a: Wiselod|12/100|[from] item: Leftovers
|-start|p1a: Wiselod|perish2
|-start|p2b: Ursaluna|perish2
|upkeep
|turn|3
|inactive|EZBreezeys has 30 seconds left.
|
|t:|1757661696
|move|p1a: Wiselod|Protect|p1a: Wiselod
|-singleturn|p1a: Wiselod|Protect
|move|p1b: Gothitelle|Fake Out|p2b: Ursaluna
|-damage|p2b: Ursaluna|92/100
|move|p2a: Sinistcha|Matcha Gotcha|p1b: Gothitelle|[spread] p1b
|-activate|p1a: Wiselod|move: Protect
|-damage|p1b: Gothitelle|42/100
|-heal|p2a: Sinistcha|75/100|[from] drain|[of] p1b: Gothitelle
|cant|p2b: Ursaluna|flinch
|
|-weather|RainDance|[upkeep]
|-heal|p1a: Wiselod|18/100|[from] item: Leftovers
|-start|p1a: Wiselod|perish1
|-start|p2b: Ursaluna|perish1
|upkeep
|turn|4
|
|t:|1757661720
|switch|p1a: Darknyan|Incineroar, L50, M, shiny|2/100
|-ability|p1a: Darknyan|Intimidate|boost
|-unboost|p2a: Sinistcha|atk|1
|-unboost|p2b: Ursaluna|atk|1
|move|p1b: Gothitelle|Protect|p1b: Gothitelle
|-singleturn|p1b: Gothitelle|Protect
|move|p2a: Sinistcha|Matcha Gotcha|p1b: Gothitelle|[spread] p1a
|-activate|p1b: Gothitelle|move: Protect
|-resisted|p1a: Darknyan
|-damage|p1a: Darknyan|0 fnt
|-heal|p2a: Sinistcha|76/100|[from] drain|[of] p1a: Darknyan
|faint|p1a: Darknyan
|move|p2b: Ursaluna|Earthquake|p1b: Gothitelle|[spread] p2a
|-activate|p1b: Gothitelle|move: Protect
|-resisted|p2a: Sinistcha
|-damage|p2a: Sinistcha|67/100
|
|-weather|RainDance|[upkeep]
|-start|p2b: Ursaluna|perish0
|faint|p2b: Ursaluna
|upkeep
|inactive|EZBreezeys has 30 seconds left.
|
|t:|1757661751
|switch|p1a: Zoo Zuu|Azumarill, L50, F|100/100
|switch|p2b: Dragonite|Dragonite, L50, M|100/100
|turn|5
|inactive|EZBreezeys has 30 seconds left.
|
|t:|1757661784
|switch|p2a: Archaludon|Archaludon, L50, F|100/100
|-terastallize|p1a: Zoo Zuu|Stellar
|move|p2b: Dragonite|Scale Shot|p2a: Archaludon
|-damage|p2a: Archaludon|89/100
|-ability|p2a: Archaludon|Stamina|boost
|-boost|p2a: Archaludon|def|1
|-damage|p2a: Archaludon|82/100
|-ability|p2a: Archaludon|Stamina|boost
|-boost|p2a: Archaludon|def|1
|-damage|p2a: Archaludon|76/100
|-ability|p2a: Archaludon|Stamina|boost
|-boost|p2a: Archaludon|def|1
|-damage|p2a: Archaludon|72/100
|-ability|p2a: Archaludon|Stamina|boost
|-boost|p2a: Archaludon|def|1
|-hitcount|p2a: Archaludon|4
|-unboost|p2b: Dragonite|def|1
|-boost|p2b: Dragonite|spe|1
|move|p1a: Zoo Zuu|Play Rough|p2b: Dragonite
|-supereffective|p2b: Dragonite
|-damage|p2b: Dragonite|0 fnt
|faint|p2b: Dragonite
|-damage|p1a: Zoo Zuu|91/100|[from] item: Life Orb
|move|p1b: Gothitelle|Taunt|p2a: Archaludon
|-start|p2a: Archaludon|move: Taunt
|
|-weather|none
|upkeep
|inactive|cristiansegadevila has 30 seconds left.
|
|t:|1757661814
|switch|p2b: Sinistcha|Sinistcha, L50|67/100
|-heal|p2a: Archaludon|97/100|[from] ability: Hospitality|[of] p2b: Sinistcha
|turn|6
|
|t:|1757661831
|move|p1a: Zoo Zuu|Play Rough|p2b: Sinistcha
|-damage|p2b: Sinistcha|1/100
|-unboost|p2b: Sinistcha|atk|1
|-enditem|p2b: Sinistcha|Sitrus Berry|[eat]
|-heal|p2b: Sinistcha|26/100|[from] item: Sitrus Berry
|-damage|p1a: Zoo Zuu|81/100|[from] item: Life Orb
|move|p2a: Archaludon|Electro Shot||[still]
|-prepare|p2a: Archaludon|Electro Shot
|-boost|p2a: Archaludon|spa|1
|move|p2b: Sinistcha|Matcha Gotcha|p1b: Gothitelle|[spread] p1a
|-miss|p2b: Sinistcha|p1b: Gothitelle
|-supereffective|p1a: Zoo Zuu
|-damage|p1a: Zoo Zuu|22/100
|-heal|p2b: Sinistcha|55/100|[from] drain|[of] p1a: Zoo Zuu
|move|p1b: Gothitelle|Psychic|p2b: Sinistcha
|-damage|p2b: Sinistcha|27/100
|
|upkeep
|turn|7
|inactive|cristiansegadevila has 30 seconds left.
|
|t:|1757661859
|move|p1a: Zoo Zuu|Protect|p1a: Zoo Zuu
|-singleturn|p1a: Zoo Zuu|Protect
|move|p1b: Gothitelle|Protect|p1b: Gothitelle
|-singleturn|p1b: Gothitelle|Protect
|move|p2a: Archaludon|Electro Shot|p1a: Zoo Zuu|[from] lockedmove
|-activate|p1a: Zoo Zuu|move: Protect
|move|p2b: Sinistcha|Life Dew|p2b: Sinistcha|[spread] p2a,p2b
|-heal|p2a: Archaludon|100/100
|-heal|p2b: Sinistcha|53/100
|
|-end|p2a: Archaludon|move: Taunt
|upkeep
|turn|8
|inactive|cristiansegadevila has 30 seconds left.
|inactive|cristiansegadevila has 20 seconds left.
|inactive|cristiansegadevila has 15 seconds left.
|
|t:|1757661901
|move|p1a: Zoo Zuu|Play Rough|p2b: Sinistcha
|-damage|p2b: Sinistcha|0 fnt
|faint|p2b: Sinistcha
|-damage|p1a: Zoo Zuu|12/100|[from] item: Life Orb
|move|p2a: Archaludon|Snarl|p1b: Gothitelle|[spread] p1a,p1b
|-resisted|p1a: Zoo Zuu
|-supereffective|p1b: Gothitelle
|-damage|p1a: Zoo Zuu|0 fnt
|-damage|p1b: Gothitelle|8/100
|-unboost|p1b: Gothitelle|spa|1
|faint|p1a: Zoo Zuu
|move|p1b: Gothitelle|Psychic|p2a: Archaludon
|-resisted|p2a: Archaludon
|-damage|p2a: Archaludon|92/100
|-ability|p2a: Archaludon|Stamina|boost
|-boost|p2a: Archaludon|def|1
|
|upkeep
|
|t:|1757661914
|switch|p1a: Wiselod|Politoed, L50, M, shiny|18/100
|-weather|RainDance|[from] ability: Drizzle|[of] p1a: Wiselod
|turn|9
|
|t:|1757661922
|move|p1b: Gothitelle|Protect|p1b: Gothitelle
|-singleturn|p1b: Gothitelle|Protect
|move|p2a: Archaludon|Snarl|p1a: Wiselod|[spread] p1a
|-activate|p1b: Gothitelle|move: Protect
|-damage|p1a: Wiselod|3/100
|-unboost|p1a: Wiselod|spa|1
|move|p1a: Wiselod|Perish Song|p1a: Wiselod
|-start|p1a: Wiselod|perish3|[silent]
|-start|p1b: Gothitelle|perish3|[silent]
|-start|p2a: Archaludon|perish3|[silent]
|-fieldactivate|move: Perish Song
|
|-weather|RainDance|[upkeep]
|-heal|p1a: Wiselod|9/100|[from] item: Leftovers
|-start|p2a: Archaludon|perish3
|-start|p1a: Wiselod|perish3
|-start|p1b: Gothitelle|perish3
|upkeep
|turn|10
|
|t:|1757661939
|move|p1a: Wiselod|Protect|p1a: Wiselod
|-singleturn|p1a: Wiselod|Protect
|move|p1b: Gothitelle|Protect|p1b: Gothitelle
|-singleturn|p1b: Gothitelle|Protect
|move|p2a: Archaludon|Snarl|p1a: Wiselod|[spread] 
|-activate|p1a: Wiselod|move: Protect
|-activate|p1b: Gothitelle|move: Protect
|
|-weather|RainDance|[upkeep]
|-heal|p1a: Wiselod|15/100|[from] item: Leftovers
|-start|p1a: Wiselod|perish2
|-start|p2a: Archaludon|perish2
|-start|p1b: Gothitelle|perish2
|upkeep
|turn|11
|
|t:|1757661961
|move|p1a: Wiselod|Protect|p1a: Wiselod
|-singleturn|p1a: Wiselod|Protect
|move|p1b: Gothitelle|Protect||[still]
|-fail|p1b: Gothitelle
|move|p2a: Archaludon|Snarl|p1a: Wiselod|[spread] p1b
|-activate|p1a: Wiselod|move: Protect
|-supereffective|p1b: Gothitelle
|-damage|p1b: Gothitelle|0 fnt
|faint|p1b: Gothitelle
|
|-weather|RainDance|[upkeep]
|-heal|p1a: Wiselod|21/100|[from] item: Leftovers
|-start|p1a: Wiselod|perish1
|-start|p2a: Archaludon|perish1
|upkeep
|turn|12
|
|t:|1757661977
|move|p1a: Wiselod|Protect||[still]
|-fail|p1a: Wiselod
|move|p2a: Archaludon|Body Press|p1a: Wiselod
|-damage|p1a: Wiselod|0 fnt
|faint|p1a: Wiselod
|
|win|cristiansegadevila
||EZBreezeys is ready for game 2.
||cristiansegadevila is ready for game 2.
|uhtml|next|Next: Game 2 of 3
|l|☆cristiansegadevila
|player|p2|
