|j|☆AbadanRiyi92
|j|☆MetaknightXIII
|html|AbadanRiyi92MetaknightXIII    
|uhtml|bestof|Game 2 of a best-of-3
|t:|1785645368
|gametype|doubles
|player|p1|AbadanRiyi92|colress|1246
|player|p2|MetaknightXIII|veteran|1340
|gen|9
|tier|[Gen 9 Champions] VGC 2026 Reg M-B (Bo3)
|rated|
|rule|Species Clause: Limit one of each Pokémon
|rule|Item Clause: Limit 1 of each item
|clearpoke
|poke|p1|Gengar, L50, M|
|poke|p1|Swampert, L50, F|
|poke|p1|Incineroar, L50, M|
|poke|p1|Politoed, L50, M|
|poke|p1|Archaludon, L50, M|
|poke|p1|Vivillon, L50, M|
|poke|p2|Staraptor, L50, M|
|poke|p2|Delphox, L50, F, shiny|
|poke|p2|Glimmora, L50, M|
|poke|p2|Mamoswine, L50, M|
|poke|p2|Kingambit, L50, M|
|poke|p2|Whimsicott, L50, M|
|teampreview|4
|showteam|p1|Gengar||Gengarite|CursedBody|ShadowBall,PerishSong,SludgeBomb,Protect|Timid||M|||50|]Swampert||Swampertite|Torrent|WaveCrash,Earthquake,IcePunch,Protect|Adamant||F|||50|]Incineroar||PasshoBerry|Intimidate|ThroatChop,PartingShot,FakeOut,Protect|Sassy||M|||50|]Politoed||SitrusBerry|Drizzle|WeatherBall,PerishSong,Encore,Protect|Calm||M|||50|]Archaludon||Leftovers|Stamina|DragonPulse,FlashCannon,ElectroShot,Protect|Bold||M|||50|]Vivillon||FocusSash|CompoundEyes|Hurricane,SleepPowder,RagePowder,Protect|Timid||M|||50|
|showteam|p2|Staraptor||Staraptite|Intimidate|CloseCombat,DualWingbeat,Roost,Protect|Jolly||M|||50|]Delphox||Delphoxite|Blaze|HeatWave,Psychic,Encore,Protect|Modest||F|||50|]Glimmora||FocusSash|ToxicDebris|PowerGem,SludgeBomb,EarthPower,SpikyShield|Timid||M|||50|]Mamoswine||LifeOrb|Oblivious|IceShard,HighHorsepower,Earthquake,Protect|Jolly||M|||50|]Kingambit||ChopleBerry|Defiant|KowtowCleave,SuckerPunch,IronHead,LowKick|Adamant||M|||50|]Whimsicott||OccaBerry|Prankster|Moonblast,Tailwind,Charm,LightScreen|Timid||M|||50|
|
|t:|1785645388
|teamsize|p1|4
|teamsize|p2|4
|start
|switch|p1a: Swampert|Swampert, L50, F|100/100
|switch|p1b: Incineroar|Incineroar, L50, M|100/100
|switch|p2a: Kingambit|Kingambit, L50, M|100/100
|switch|p2b: Delphox|Delphox, L50, F, shiny|100/100
|-ability|p1b: Incineroar|Intimidate|boost
|-unboost|p2a: Kingambit|atk|1
|-ability|p2a: Kingambit|Defiant|boost
|-boost|p2a: Kingambit|atk|2
|-unboost|p2b: Delphox|atk|1
|turn|1
|
|t:|1785645412
|switch|p2b: Glimmora|Glimmora, L50, M|100/100
|detailschange|p1a: Swampert|Swampert-Mega, L50, F
|-mega|p1a: Swampert|Swampert|Swampertite
|move|p1b: Incineroar|Fake Out|p2a: Kingambit
|-resisted|p2a: Kingambit|1
|-damage|p2a: Kingambit|96/100
|move|p1a: Swampert|Wave Crash|p2b: Glimmora
|-supereffective|p2b: Glimmora|1
|-enditem|p2b: Glimmora|Focus Sash
|-damage|p2b: Glimmora|1/100
|-activate|p2b: Glimmora|ability: Toxic Debris
|-sidestart|p1: AbadanRiyi92|move: Toxic Spikes
|-damage|p1a: Swampert|71/100|[from] Recoil
|cant|p2a: Kingambit|flinch
|
|upkeep
|turn|2
|
|t:|1785645433
|switch|p1b: Vivillon|Vivillon, L50, M|100/100
|move|p2b: Glimmora|Spiky Shield|p2b: Glimmora
|-singleturn|p2b: Glimmora|move: Protect
|move|p1a: Swampert|Earthquake|p2a: Kingambit|[spread] p2a
|-activate|p2b: Glimmora|move: Protect
|-immune|p1b: Vivillon
|-supereffective|p2a: Kingambit|1
|-damage|p2a: Kingambit|29/100
|move|p2a: Kingambit|Kowtow Cleave|p1a: Swampert
|-damage|p1a: Swampert|5/100
|
|upkeep
|turn|3
|
|t:|1785645450
|move|p1a: Swampert|Protect|p1a: Swampert
|-singleturn|p1a: Swampert|Protect
|move|p2a: Kingambit|Sucker Punch||[still]
|-fail|p2a: Kingambit
|move|p1b: Vivillon|Sleep Powder|p2a: Kingambit
|-status|p2a: Kingambit|slp|[from] move: Sleep Powder
|move|p2b: Glimmora|Power Gem|p1b: Vivillon
|-supereffective|p1b: Vivillon|2
|-enditem|p1b: Vivillon|Focus Sash
|-damage|p1b: Vivillon|1/100
|
|upkeep
|turn|4
|
|t:|1785645473
|switch|p1b: Politoed|Politoed, L50, M|100/100
|-status|p1b: Politoed|psn
|-weather|RainDance|[from] ability: Drizzle|[of] p1b: Politoed
|move|p2b: Glimmora|Spiky Shield|p2b: Glimmora
|-singleturn|p2b: Glimmora|move: Protect
|move|p1a: Swampert|Earthquake|p2a: Kingambit|[spread] p1b,p2a
|-activate|p2b: Glimmora|move: Protect
|-supereffective|p2a: Kingambit|1
|-damage|p1b: Politoed|55/100 psn
|-damage|p2a: Kingambit|0 fnt
|faint|p2a: Kingambit
|
|-weather|RainDance|[upkeep]
|-damage|p1b: Politoed|43/100 psn|[from] psn
|upkeep
|-enditem|p1b: Politoed|Sitrus Berry|[eat]
|-heal|p1b: Politoed|68/100 psn|[from] item: Sitrus Berry
|
|t:|1785645482
|switch|p2a: Mamoswine|Mamoswine, L50, M|100/100
|turn|5
|
|t:|1785645508
|switch|p1b: Vivillon|Vivillon, L50, M|1/100
|move|p1a: Swampert|Earthquake|p2b: Glimmora|[spread] p2a,p2b
|-immune|p1b: Vivillon
|-supereffective|p2b: Glimmora|2
|-damage|p2a: Mamoswine|49/100
|-damage|p2b: Glimmora|0 fnt
|-activate|p2b: Glimmora|ability: Toxic Debris
|-sidestart|p1: AbadanRiyi92|move: Toxic Spikes
|faint|p2b: Glimmora
|move|p2a: Mamoswine|High Horsepower|p1b: Vivillon
|-immune|p1b: Vivillon
|
|-weather|RainDance|[upkeep]
|upkeep
|
|t:|1785645515
|switch|p2b: Delphox|Delphox, L50, F, shiny|100/100
|turn|6
|
|t:|1785645538
|detailschange|p2b: Delphox|Delphox-Mega, L50, F, shiny
|-mega|p2b: Delphox|Delphox|Delphoxite
|move|p2a: Mamoswine|Ice Shard|p1a: Swampert
|-damage|p1a: Swampert|0 fnt
|faint|p1a: Swampert
|-damage|p2a: Mamoswine|40/100|[from] item: Life Orb
|move|p2b: Delphox|Psychic|p1b: Vivillon
|-damage|p1b: Vivillon|0 fnt
|faint|p1b: Vivillon
|
|-weather|RainDance|[upkeep]
|upkeep
|
|t:|1785645550
|switch|p1b: Politoed|Politoed, L50, M|68/100 psn
|switch|p1a: Incineroar|Incineroar, L50, M|100/100
|-status|p1a: Incineroar|tox
|-ability|p1a: Incineroar|Intimidate|boost
|-fail|p2a: Mamoswine|unboost|Attack|[from] ability: Oblivious|[of] p2a: Mamoswine
|-unboost|p2b: Delphox|atk|1
|turn|7
|
|t:|1785645561
|move|p2b: Delphox|Protect|p2b: Delphox
|-singleturn|p2b: Delphox|Protect
|move|p2a: Mamoswine|Protect|p2a: Mamoswine
|-singleturn|p2a: Mamoswine|Protect
|move|p1a: Incineroar|Fake Out|p2a: Mamoswine
|-activate|p2a: Mamoswine|move: Protect
|move|p1b: Politoed|Weather Ball|p2b: Delphox
|-activate|p2b: Delphox|move: Protect
|
|-weather|RainDance|[upkeep]
|-damage|p1b: Politoed|55/100 psn|[from] psn
|-damage|p1a: Incineroar|94/100 tox|[from] psn
|upkeep
|turn|8
|
|t:|1785645586
|move|p2b: Delphox|Psychic|p1b: Politoed
|-damage|p1b: Politoed|13/100 psn
|move|p2a: Mamoswine|High Horsepower|p1a: Incineroar
|-supereffective|p1a: Incineroar|1
|-damage|p1a: Incineroar|0 fnt
|faint|p1a: Incineroar
|-damage|p2a: Mamoswine|30/100|[from] item: Life Orb
|move|p1b: Politoed|Weather Ball|p2a: Mamoswine
|-supereffective|p2a: Mamoswine|1
|-damage|p2a: Mamoswine|0 fnt
|faint|p2a: Mamoswine
|
|-weather|none
|-damage|p1b: Politoed|1/100 psn|[from] psn
|upkeep
|turn|9
|
|t:|1785645600
|move|p2b: Delphox|Protect|p2b: Delphox
|-singleturn|p2b: Delphox|Protect
|move|p1b: Politoed|Weather Ball|p2b: Delphox
|-activate|p2b: Delphox|move: Protect
|
|-damage|p1b: Politoed|0 fnt|[from] psn
|faint|p1b: Politoed
|
|win|MetaknightXIII
||MetaknightXIII is ready for game 3.
