|j|☆reisa01
|j|☆isthis6thgood
|html|reisa01isthis6thgood    
|uhtml|bestof|Game 1 of a best-of-3
|t:|1785677736
|gametype|doubles
|player|p1|reisa01|101|1138
|player|p2|isthis6thgood|170|1210
|gen|9
|tier|[Gen 9 Champions] VGC 2026 Reg M-B (Bo3)
|rated|
|rule|Species Clause: Limit one of each Pokémon
|rule|Item Clause: Limit 1 of each item
|clearpoke
|poke|p1|Staraptor, L50, M|
|poke|p1|Raichu, L50, F|
|poke|p1|Sinistcha, L50|
|poke|p1|Charizard, L50, F|
|poke|p1|Milotic, L50, F|
|poke|p1|Grimmsnarl, L50, M|
|poke|p2|Swampert, L50, M|
|poke|p2|Mawile, L50, F|
|poke|p2|Pelipper, L50, F|
|poke|p2|Archaludon, L50, M|
|poke|p2|Sableye, L50, F, shiny|
|poke|p2|Farigiraf, L50, M, shiny|
|teampreview|4
|showteam|p1|Staraptor||Staraptite|Intimidate|Protect,CloseCombat,BraveBird,Roost|Jolly||M|||50|]Raichu||FocusSash|LightningRod|Nuzzle,FakeOut,VoltSwitch,Feint|Adamant||F|||50|]Sinistcha||SitrusBerry|Hospitality|MatchaGotcha,TrickRoom,RagePowder,CalmMind|Calm|||||50|]Charizard||CharizarditeY|Blaze|Protect,HeatWave,SolarBeam,WeatherBall|Timid||F|||50|]Milotic||Leftovers|Competitive|Protect,IcyWind,Scald,Recover|Bold||F|||50|]Grimmsnarl||LightClay|Prankster|SpiritBreak,Reflect,PartingShot,ScaryFace|Impish||M|||50|
|showteam|p2|Swampert||Swampertite|Damp|Protect,IcePunch,WaveCrash,Earthquake|Adamant||M|||50|]Mawile||Mawilite|Intimidate|Protect,RockSlide,SuckerPunch,PlayRough|Adamant||F|||50|]Pelipper||FocusSash|Drizzle|Tailwind,WideGuard,WeatherBall,Hurricane|Modest||F|||50|]Archaludon||Leftovers|Stamina|Protect,ElectroShot,FlashCannon,DragonPulse|Modest||M|||50|]Sableye||RoseliBerry|Prankster|LightScreen,FoulPlay,RainDance,Reflect|Sassy||F|||50|]Farigiraf||SitrusBerry|ArmorTail|Roar,TrickRoom,Psychic,Thunderbolt|Relaxed||M|||50|
|inactive|Battle timer is ON: inactive players will automatically lose when time's up. (requested by isthis6thgood)
|inactive|reisa01 has 60 seconds left.
|inactive|isthis6thgood has 60 seconds left.
|
|t:|1785677795
|teamsize|p1|4
|teamsize|p2|4
|start
|switch|p1a: Staraptor|Staraptor, L50, M|100/100
|switch|p1b: Raichu|Raichu, L50, F|100/100
|switch|p2a: Archaludon|Archaludon, L50, M|100/100
|switch|p2b: Sableye|Sableye, L50, F, shiny|100/100
|-ability|p1a: Staraptor|Intimidate|boost
|-unboost|p2a: Archaludon|atk|1
|-unboost|p2b: Sableye|atk|1
|turn|1
|inactive|isthis6thgood has 30 seconds left.
|
|t:|1785677829
|detailschange|p1a: Staraptor|Staraptor-Mega, L50, M
|-mega|p1a: Staraptor|Staraptor|Staraptite
|move|p2a: Archaludon|Protect|p2a: Archaludon
|-singleturn|p2a: Archaludon|Protect
|move|p1b: Raichu|Feint|p2a: Archaludon
|-activate|p2a: Archaludon|move: Feint
|-resisted|p2a: Archaludon|1
|-damage|p2a: Archaludon|96/100
|-ability|p2a: Archaludon|Stamina|boost
|-boost|p2a: Archaludon|def|1
|move|p1a: Staraptor|Close Combat|p2a: Archaludon
|-supereffective|p2a: Archaludon|1
|-damage|p2a: Archaludon|42/100
|-boost|p1a: Staraptor|def|1
|-boost|p1a: Staraptor|spd|1
|-ability|p2a: Archaludon|Stamina|boost
|-boost|p2a: Archaludon|def|1
|move|p2b: Sableye|Foul Play|p1b: Raichu
|-damage|p1b: Raichu|12/100
|
|-heal|p2a: Archaludon|48/100|[from] item: Leftovers
|upkeep
|turn|2
|inactive|reisa01 has 30 seconds left.
|
|t:|1785677863
|move|p2b: Sableye|Reflect|p2b: Sableye
|-sidestart|p2: isthis6thgood|Reflect
|move|p1a: Staraptor|Close Combat|p2a: Archaludon
|-supereffective|p2a: Archaludon|1
|-damage|p2a: Archaludon|19/100
|-boost|p1a: Staraptor|def|1
|-boost|p1a: Staraptor|spd|1
|-ability|p2a: Archaludon|Stamina|boost
|-boost|p2a: Archaludon|def|1
|move|p1b: Raichu|Volt Switch|p2b: Sableye
|-damage|p2b: Sableye|78/100
|
|t:|1785677878
|switch|p1b: Charizard|Charizard, L50, F|100/100|[from] Volt Switch
|move|p2a: Archaludon|Dragon Pulse|p1b: Charizard
|-damage|p1b: Charizard|53/100
|
|-heal|p2a: Archaludon|25/100|[from] item: Leftovers
|upkeep
|turn|3
|
|t:|1785677901
|move|p2a: Archaludon|Protect|p2a: Archaludon
|-singleturn|p2a: Archaludon|Protect
|move|p2b: Sableye|Light Screen|p2b: Sableye
|-sidestart|p2: isthis6thgood|move: Light Screen
|move|p1a: Staraptor|Brave Bird|p2b: Sableye
|-damage|p2b: Sableye|22/100
|-damage|p1a: Staraptor|84/100|[from] Recoil
|move|p1b: Charizard|Heat Wave|p2b: Sableye|[spread] p2b
|-activate|p2a: Archaludon|move: Protect
|-damage|p2b: Sableye|1/100
|
|-heal|p2a: Archaludon|31/100|[from] item: Leftovers
|upkeep
|turn|4
|inactive|isthis6thgood has 30 seconds left.
|
|t:|1785677926
|switch|p2b: Pelipper|Pelipper, L50, F|100/100
|-weather|RainDance|[from] ability: Drizzle|[of] p2b: Pelipper
|move|p1a: Staraptor|Close Combat|p2a: Archaludon
|-supereffective|p2a: Archaludon|1
|-damage|p2a: Archaludon|9/100
|-boost|p1a: Staraptor|def|1
|-boost|p1a: Staraptor|spd|1
|-ability|p2a: Archaludon|Stamina|boost
|-boost|p2a: Archaludon|def|1
|move|p1b: Charizard|Weather Ball|p2a: Archaludon
|-resisted|p2a: Archaludon|1
|-damage|p2a: Archaludon|0 fnt
|faint|p2a: Archaludon
|
|-weather|RainDance|[upkeep]
|upkeep
|
|t:|1785677940
|switch|p2a: Swampert|Swampert, L50, M|100/100
|turn|5
|
|t:|1785677959
|detailschange|p2a: Swampert|Swampert-Mega, L50, M
|-mega|p2a: Swampert|Swampert|Swampertite
|move|p2a: Swampert|Ice Punch|p1b: Charizard
|-damage|p1b: Charizard|18/100
|move|p1a: Staraptor|Close Combat|p2b: Pelipper
|-resisted|p2b: Pelipper|1
|-damage|p2b: Pelipper|72/100
|-boost|p1a: Staraptor|def|1
|-boost|p1a: Staraptor|spd|1
|move|p1b: Charizard|Weather Ball|p2b: Pelipper
|-resisted|p2b: Pelipper|1
|-damage|p2b: Pelipper|47/100
|move|p2b: Pelipper|Hurricane|p1a: Staraptor
|-supereffective|p1a: Staraptor|1
|-damage|p1a: Staraptor|44/100
|
|-weather|RainDance|[upkeep]
|upkeep
|turn|6
|inactive|reisa01 has 30 seconds left.
|
|t:|1785677992
|switch|p1b: Sinistcha|Sinistcha, L50|100/100
|-heal|p1a: Staraptor|69/100|[from] ability: Hospitality|[of] p1b: Sinistcha
|move|p2a: Swampert|Ice Punch|p1b: Sinistcha
|-supereffective|p1b: Sinistcha|1
|-damage|p1b: Sinistcha|43/100
|-enditem|p1b: Sinistcha|Sitrus Berry|[eat]
|-heal|p1b: Sinistcha|68/100|[from] item: Sitrus Berry
|move|p1a: Staraptor|Brave Bird|p2b: Pelipper
|-damage|p2b: Pelipper|0 fnt
|faint|p2b: Pelipper
|-damage|p1a: Staraptor|57/100|[from] Recoil
|
|-weather|RainDance|[upkeep]
|-sideend|p2: isthis6thgood|Reflect
|upkeep
|
|t:|1785678006
|switch|p2b: Sableye|Sableye, L50, F, shiny|1/100
|turn|7
|
|t:|1785678017
|move|p1b: Sinistcha|Rage Powder|p1b: Sinistcha
|-singleturn|p1b: Sinistcha|move: Rage Powder
|move|p2b: Sableye|Reflect|p2b: Sableye
|-sidestart|p2: isthis6thgood|Reflect
|move|p2a: Swampert|Ice Punch|p1b: Sinistcha
|-supereffective|p1b: Sinistcha|1
|-damage|p1b: Sinistcha|7/100
|move|p1a: Staraptor|Brave Bird|p2b: Sableye
|-damage|p2b: Sableye|0 fnt
|faint|p2b: Sableye
|-damage|p1a: Staraptor|57/100|[from] Recoil
|
|-weather|RainDance|[upkeep]
|-sideend|p2: isthis6thgood|move: Light Screen
|upkeep
|turn|8
|
|t:|1785678036
|move|p1b: Sinistcha|Rage Powder|p1b: Sinistcha
|-singleturn|p1b: Sinistcha|move: Rage Powder
|move|p2a: Swampert|Ice Punch|p1b: Sinistcha
|-supereffective|p1b: Sinistcha|1
|-damage|p1b: Sinistcha|0 fnt
|faint|p1b: Sinistcha
|move|p1a: Staraptor|Roost|p1a: Staraptor
|-heal|p1a: Staraptor|100/100
|-singleturn|p1a: Staraptor|move: Roost
|
|-weather|none
|upkeep
|-message|isthis6thgood forfeited.
|
|win|reisa01
||isthis6thgood is ready for game 2.
