|j|☆ethnol1816
|j|☆Gayangos
|html|ethnol1816Gayangos    
|uhtml|bestof|Game 1 of a best-of-3
|t:|1757777136
|gametype|doubles
|player|p1|ethnol1816|boarder|
|player|p2|Gayangos|169|
|gen|9
|tier|[Gen 9] VGC 2025 Reg H (Bo3)
|rule|Species Clause: Limit one of each Pokémon
|rule|Item Clause: Limit 1 of each item
|clearpoke
|poke|p1|Gholdengo, L50|
|poke|p1|Samurott-Hisui, L50, F|
|poke|p1|Hydreigon, L50, M|
|poke|p1|Whimsicott, L50, M|
|poke|p1|Garchomp, L50, F|
|poke|p1|Clefable, L50, M|
|poke|p2|Dragapult, L50, F|
|poke|p2|Sneasler, L50, M|
|poke|p2|Incineroar, L50, F|
|poke|p2|Volcarona, L50, M|
|poke|p2|Rillaboom, L50, M|
|poke|p2|Kingambit, L50, M|
|teampreview|4
|showteam|p1|Gholdengo||Leftovers|GoodasGold|NastyPlot,ShadowBall,MakeItRain,Protect||||||50|,,,,,Dragon]Samurott-Hisui||AssaultVest|Sharpness|CeaselessEdge,SuckerPunch,SacredSword,AquaCutter|||F|||50|,,,,,Ghost]Hydreigon||ChoiceSpecs|Levitate|DarkPulse,DracoMeteor,HeatWave,FlashCannon|||M|||50|,,,,,Fire]Whimsicott||FocusSash|Prankster|Moonblast,Tailwind,SunnyDay,Encore|||M|||50|,,,,,Ghost]Garchomp||LifeOrb|RoughSkin|Protect,StompingTantrum,Earthquake,DragonClaw|||F|||50|,,,,,Steel]Clefable||SitrusBerry|Unaware|Moonblast,MistyTerrain,FollowMe,Protect|||M|||50|,,,,,Water
|showteam|p2|Dragapult||ChoiceBand|ClearBody|DragonDarts,Outrage,PhantomForce,Uturn|||F|||50|,,,,,Dragon]Sneasler||FocusSash|Unburden|DireClaw,CloseCombat,ThroatChop,Protect|||M|||50|,,,,,Stellar]Incineroar||SafetyGoggles|Intimidate|FakeOut,KnockOff,PartingShot,Taunt|||F|||50|,,,,,Ghost]Volcarona||GrassySeed|FlameBody|HeatWave,TeraBlast,QuiverDance,Protect|||M|||50|,,,,,Fairy]Rillaboom||AssaultVest|GrassySurge|FakeOut,WoodHammer,GrassyGlide,HighHorsepower|||M|||50|,,,,,Fire]Kingambit||BlackGlasses|Defiant|KowtowCleave,SuckerPunch,SwordsDance,Protect|||M|||50|,,,,,Dark
|inactive|Battle timer is ON: inactive players will automatically lose when time's up. (requested by ethnol1816)
|inactive|ethnol1816 has 60 seconds left.
|inactive|Gayangos has 60 seconds left.
|
|t:|1757777193
|teamsize|p1|4
|teamsize|p2|4
|start
|switch|p1a: scott|Whimsicott, L50, M|100/100
|switch|p1b: carson|Samurott-Hisui, L50, F|100/100
|switch|p2a: Volcarona|Volcarona, L50, M|100/100
|switch|p2b: Rillaboom|Rillaboom, L50, M|100/100
|-fieldstart|move: Grassy Terrain|[from] ability: Grassy Surge|[of] p2b: Rillaboom
|-enditem|p2a: Volcarona|Grassy Seed
|-boost|p2a: Volcarona|def|1|[from] item: Grassy Seed
|turn|1
|
|t:|1757777210
|-terastallize|p2a: Volcarona|Fairy
|-terastallize|p1b: carson|Ghost
|move|p1a: scott|Tailwind|p1a: scott
|-sidestart|p1: ethnol1816|move: Tailwind
|move|p1b: carson|Aqua Cutter|p2a: Volcarona
|-damage|p2a: Volcarona|56/100
|move|p2a: Volcarona|Heat Wave|p1b: carson|[spread] p1a,p1b
|-supereffective|p1a: scott
|-enditem|p1a: scott|Focus Sash
|-damage|p1a: scott|1/100
|-damage|p1b: carson|67/100
|move|p2b: Rillaboom|Wood Hammer|p1b: carson
|-crit|p1b: carson
|-damage|p1b: carson|0 fnt
|faint|p1b: carson
|-damage|p2b: Rillaboom|81/100|[from] Recoil
|
|-heal|p1a: scott|7/100|[from] Grassy Terrain
|-heal|p2a: Volcarona|63/100|[from] Grassy Terrain
|-heal|p2b: Rillaboom|87/100|[from] Grassy Terrain
|upkeep
|
|t:|1757777221
|switch|p1b: nsdr trdng|Gholdengo, L50|100/100
|turn|2
|
|t:|1757777239
|switch|p1a: hyculese|Hydreigon, L50, M, shiny|100/100
|move|p2b: Rillaboom|Grassy Glide|p1a: hyculese
|-resisted|p1a: hyculese
|-damage|p1a: hyculese|83/100
|move|p1b: nsdr trdng|Make It Rain|p2b: Rillaboom|[spread] p2a,p2b
|-supereffective|p2a: Volcarona
|-damage|p2a: Volcarona|0 fnt
|-damage|p2b: Rillaboom|55/100
|-unboost|p1b: nsdr trdng|spa|1
|faint|p2a: Volcarona
|
|-heal|p2b: Rillaboom|61/100|[from] Grassy Terrain
|upkeep
|
|t:|1757777253
|switch|p2a: Incineroar|Incineroar, L50, F|100/100
|-ability|p2a: Incineroar|Intimidate|boost
|-unboost|p1a: hyculese|atk|1
|-unboost|p1b: nsdr trdng|atk|1
|turn|3
|
|t:|1757777264
|move|p1b: nsdr trdng|Protect|p1b: nsdr trdng
|-singleturn|p1b: nsdr trdng|Protect
|move|p2a: Incineroar|Fake Out|p1a: hyculese
|-damage|p1a: hyculese|71/100
|cant|p1a: hyculese|flinch
|move|p2b: Rillaboom|High Horsepower|p1b: nsdr trdng
|-activate|p1b: nsdr trdng|move: Protect
|
|-heal|p2b: Rillaboom|67/100|[from] Grassy Terrain
|upkeep
|turn|4
|
|t:|1757777287
|move|p1a: hyculese|Heat Wave|p2b: Rillaboom|[spread] p2a,p2b
|-resisted|p2a: Incineroar
|-supereffective|p2b: Rillaboom
|-damage|p2a: Incineroar|87/100
|-damage|p2b: Rillaboom|22/100
|move|p1b: nsdr trdng|Make It Rain|p2b: Rillaboom|[spread] p2a,p2b
|-resisted|p2a: Incineroar
|-damage|p2a: Incineroar|75/100
|-damage|p2b: Rillaboom|1/100
|-unboost|p1b: nsdr trdng|spa|1
|move|p2b: Rillaboom|High Horsepower|p1b: nsdr trdng
|-supereffective|p1b: nsdr trdng
|-damage|p1b: nsdr trdng|39/100
|move|p2a: Incineroar|Knock Off|p1b: nsdr trdng
|-supereffective|p1b: nsdr trdng
|-damage|p1b: nsdr trdng|0 fnt
|-enditem|p1b: nsdr trdng|Leftovers|[from] move: Knock Off|[of] p2a: Incineroar
|faint|p1b: nsdr trdng
|
|-heal|p2b: Rillaboom|7/100|[from] Grassy Terrain
|-heal|p2a: Incineroar|81/100|[from] Grassy Terrain
|-sideend|p1: ethnol1816|move: Tailwind
|upkeep
|
|t:|1757777295
|switch|p1b: scott|Whimsicott, L50, M|7/100
|turn|5
|
|t:|1757777305
|move|p1b: scott|Sunny Day|p1b: scott
|-weather|SunnyDay
|move|p2b: Rillaboom|Grassy Glide|p1b: scott
|-resisted|p1b: scott
|-damage|p1b: scott|0 fnt
|faint|p1b: scott
|move|p1a: hyculese|Heat Wave|p2a: Incineroar|[spread] p2a,p2b
|-resisted|p2a: Incineroar
|-supereffective|p2b: Rillaboom
|-damage|p2a: Incineroar|58/100
|-damage|p2b: Rillaboom|0 fnt
|faint|p2b: Rillaboom
|move|p2a: Incineroar|Parting Shot|p1a: hyculese
|-unboost|p1a: hyculese|atk|1
|-unboost|p1a: hyculese|spa|1
|
|t:|1757777313
|switch|p2a: Sneasler|Sneasler, L50, M|100/100|[from] Parting Shot
|
|-weather|SunnyDay|[upkeep]
|-fieldend|move: Grassy Terrain
|upkeep
|
|t:|1757777316
|switch|p2b: Incineroar|Incineroar, L50, F|58/100
|-ability|p2b: Incineroar|Intimidate|boost
|-unboost|p1a: hyculese|atk|1
|turn|6
|
|t:|1757777320
|move|p2b: Incineroar|Fake Out|p1a: hyculese
|-damage|p1a: hyculese|59/100
|move|p2a: Sneasler|Close Combat|p1a: hyculese
|-supereffective|p1a: hyculese
|-damage|p1a: hyculese|0 fnt
|-unboost|p2a: Sneasler|def|1
|-unboost|p2a: Sneasler|spd|1
|faint|p1a: hyculese
|
|win|Gayangos
||ethnol1816 is ready for game 2.
||Gayangos is ready for game 2.
|uhtml|next|Next: Game 2 of 3
|l|☆ethnol1816
|player|p1|
|j|☆ethnol1816
|player|p1|ethnol1816|boarder|
|l|☆ethnol1816
|player|p1|
