|j|☆NegaiFreak
|j|☆terry-torrial
|html|NegaiFreakterry-torrial    
|uhtml|bestof|Game 2 of a best-of-3
|t:|1756294791
|gametype|doubles
|player|p1|NegaiFreak|265|1123
|player|p2|terry-torrial|170|1076
|gen|9
|tier|[Gen 9] VGC 2025 Reg H (Bo3)
|rated|
|rule|Species Clause: Limit one of each Pokémon
|rule|Item Clause: Limit 1 of each item
|clearpoke
|poke|p1|Ceruledge, L50, F|
|poke|p1|Sneasler, L50, F|
|poke|p1|Rillaboom, L50, M|
|poke|p1|Salamence, L50, M|
|poke|p1|Milotic, L50, F|
|poke|p1|Ninetales-Alola, L50, M|
|poke|p2|Incineroar, L50, M|
|poke|p2|Gholdengo, L50|
|poke|p2|Rillaboom, L50, M|
|poke|p2|Sneasler, L50, F|
|poke|p2|Electabuzz, L50, M|
|poke|p2|Dragonite, L50, F|
|teampreview|4
|showteam|p1|Ceruledge||ClearAmulet|FlashFire|BitterBlade,ShadowSneak,BulkUp,Protect|||F|||50|,,,,,Grass]Sneasler||GrassySeed|Unburden|DireClaw,CloseCombat,Coaching,Protect|||F|||50|,,,,,Stellar]Rillaboom||AssaultVest|GrassySurge|FakeOut,GrassyGlide,WoodHammer,HighHorsepower|||M|||50|,,,,,Fire]Salamence||LifeOrb|Intimidate|AirSlash,DracoMeteor,Tailwind,Protect|||M|||50|,,,,,Steel]Milotic||Leftovers|Competitive|Scald,IceBeam,Haze,Protect|||F|||50|,,,,,Dragon]Ninetales-Alola||FocusSash|SnowWarning|FreezeDry,Moonblast,AuroraVeil,Protect|||M|||50|,,,,,Ice
|showteam|p2|Incineroar||SafetyGoggles|Intimidate|KnockOff,FlareBlitz,PartingShot,FakeOut|||M|||50|,,,,,Ghost]Gholdengo||LifeOrb|GoodasGold|NastyPlot,MakeItRain,Protect,ShadowBall||||||50|,,,,,Water]Rillaboom||AssaultVest|GrassySurge|WoodHammer,GrassyGlide,FakeOut,HighHorsepower|||M|||50|,,,,,Fire]Sneasler||FocusSash|Unburden|DireClaw,CloseCombat,FakeOut,Coaching|||F|||50|,,,,,Stellar]Electabuzz||Eviolite|VitalSpirit|Thunderbolt,Electroweb,FollowMe,Protect|||M|||50|,,,,,Dragon]Dragonite||LoadedDice|Multiscale|ScaleShot,Tailwind,Haze,Protect|||F|||50|,,,,,Fairy
|inactive|Battle timer is ON: inactive players will automatically lose when time's up. (requested by terry-torrial)
|
|t:|1756294822
|teamsize|p1|4
|teamsize|p2|4
|start
|switch|p1a: Salamence|Salamence, L50, M|100/100
|switch|p1b: Milotic|Milotic, L50, F|100/100
|switch|p2a: Gholdengo|Gholdengo, L50|100/100
|switch|p2b: Electabuzz|Electabuzz, L50, M, shiny|100/100
|-ability|p1a: Salamence|Intimidate|boost
|-unboost|p2a: Gholdengo|atk|1
|-unboost|p2b: Electabuzz|atk|1
|turn|1
|inactive|NegaiFreak has 30 seconds left.
|
|t:|1756294857
|move|p2a: Gholdengo|Protect|p2a: Gholdengo
|-singleturn|p2a: Gholdengo|Protect
|move|p1a: Salamence|Tailwind|p1a: Salamence
|-sidestart|p1: NegaiFreak|move: Tailwind
|move|p1b: Milotic|Scald|p2b: Electabuzz
|-damage|p2b: Electabuzz|73/100
|-status|p2b: Electabuzz|brn
|move|p2b: Electabuzz|Thunderbolt|p1b: Milotic
|-supereffective|p1b: Milotic
|-damage|p1b: Milotic|52/100
|
|-heal|p1b: Milotic|58/100|[from] item: Leftovers
|-damage|p2b: Electabuzz|67/100 brn|[from] brn
|upkeep
|turn|2
|
|t:|1756294881
|switch|p1a: Rillaboom|Rillaboom, L50, M|100/100
|-fieldstart|move: Grassy Terrain|[from] ability: Grassy Surge|[of] p1a: Rillaboom
|move|p2b: Electabuzz|Follow Me|p2b: Electabuzz
|-singleturn|p2b: Electabuzz|move: Follow Me
|move|p1b: Milotic|Scald|p2b: Electabuzz
|-damage|p2b: Electabuzz|41/100 brn
|move|p2a: Gholdengo|Shadow Ball|p1b: Milotic
|-damage|p1b: Milotic|11/100
|-damage|p2a: Gholdengo|91/100|[from] item: Life Orb
|
|-heal|p1b: Milotic|18/100|[from] Grassy Terrain
|-heal|p1b: Milotic|24/100|[from] item: Leftovers
|-heal|p2b: Electabuzz|47/100 brn|[from] Grassy Terrain
|-heal|p2a: Gholdengo|97/100|[from] Grassy Terrain
|-damage|p2b: Electabuzz|41/100 brn|[from] brn
|upkeep
|turn|3
|inactive|NegaiFreak has 30 seconds left.
|inactive|NegaiFreak has 20 seconds left.
|inactive|NegaiFreak has 15 seconds left.
|inactive|NegaiFreak has 10 seconds left.
|inactive|NegaiFreak has 5 seconds left.
|
|t:|1756294933
|-terastallize|p1a: Rillaboom|Fire
|move|p1a: Rillaboom|Fake Out|p2b: Electabuzz
|-damage|p2b: Electabuzz|27/100 brn
|cant|p2b: Electabuzz|flinch
|move|p1b: Milotic|Scald|p2a: Gholdengo
|-damage|p2a: Gholdengo|65/100
|move|p2a: Gholdengo|Shadow Ball|p1a: Rillaboom
|-damage|p1a: Rillaboom|58/100
|-damage|p2a: Gholdengo|56/100|[from] item: Life Orb
|
|-heal|p1a: Rillaboom|64/100|[from] Grassy Terrain
|-heal|p1b: Milotic|30/100|[from] Grassy Terrain
|-heal|p1b: Milotic|36/100|[from] item: Leftovers
|-heal|p2b: Electabuzz|33/100 brn|[from] Grassy Terrain
|-heal|p2a: Gholdengo|62/100|[from] Grassy Terrain
|-damage|p2b: Electabuzz|27/100 brn|[from] brn
|upkeep
|turn|4
|inactive|NegaiFreak has 30 seconds left.
|inactive|NegaiFreak has 20 seconds left.
|inactive|NegaiFreak has 15 seconds left.
|
|t:|1756294977
|move|p1b: Milotic|Protect|p1b: Milotic
|-singleturn|p1b: Milotic|Protect
|move|p2b: Electabuzz|Follow Me|p2b: Electabuzz
|-singleturn|p2b: Electabuzz|move: Follow Me
|move|p1a: Rillaboom|High Horsepower|p2b: Electabuzz
|-supereffective|p2b: Electabuzz
|-damage|p2b: Electabuzz|0 fnt
|faint|p2b: Electabuzz
|move|p2a: Gholdengo|Nasty Plot|p2a: Gholdengo
|-boost|p2a: Gholdengo|spa|2
|
|-heal|p1a: Rillaboom|71/100|[from] Grassy Terrain
|-heal|p1b: Milotic|43/100|[from] Grassy Terrain
|-heal|p1b: Milotic|49/100|[from] item: Leftovers
|-heal|p2a: Gholdengo|68/100|[from] Grassy Terrain
|-sideend|p1: NegaiFreak|move: Tailwind
|upkeep
|
|t:|1756294989
|switch|p2b: Incineroar|Incineroar, L50, M|100/100
|-ability|p2b: Incineroar|Intimidate|boost
|-unboost|p1a: Rillaboom|atk|1
|-unboost|p1b: Milotic|atk|1
|-ability|p1b: Milotic|Competitive|boost
|-boost|p1b: Milotic|spa|2
|turn|5
|
|t:|1756295008
|move|p2b: Incineroar|Fake Out|p1b: Milotic
|-damage|p1b: Milotic|40/100
|move|p2a: Gholdengo|Make It Rain|p1b: Milotic|[spread] p1a,p1b
|-resisted|p1a: Rillaboom
|-resisted|p1b: Milotic
|-damage|p1a: Rillaboom|29/100
|-damage|p1b: Milotic|0 fnt
|-unboost|p2a: Gholdengo|spa|1
|faint|p1b: Milotic
|-damage|p2a: Gholdengo|59/100|[from] item: Life Orb
|move|p1a: Rillaboom|High Horsepower|p2a: Gholdengo
|-supereffective|p2a: Gholdengo
|-damage|p2a: Gholdengo|14/100
|
|-heal|p2a: Gholdengo|20/100|[from] Grassy Terrain
|-heal|p1a: Rillaboom|35/100|[from] Grassy Terrain
|upkeep
|
|t:|1756295025
|switch|p1b: Sneasler|Sneasler, L50, F|100/100
|-enditem|p1b: Sneasler|Grassy Seed
|-boost|p1b: Sneasler|def|1|[from] item: Grassy Seed
|turn|6
|inactive|NegaiFreak has 30 seconds left.
|inactive|NegaiFreak has 20 seconds left.
|inactive|NegaiFreak has 15 seconds left.
|
|t:|1756295066
|switch|p1a: Salamence|Salamence, L50, M|100/100
|-ability|p1a: Salamence|Intimidate|boost
|-unboost|p2a: Gholdengo|atk|1
|-unboost|p2b: Incineroar|atk|1
|-terastallize|p2b: Incineroar|Ghost
|move|p2a: Gholdengo|Protect|p2a: Gholdengo
|-singleturn|p2a: Gholdengo|Protect
|move|p1b: Sneasler|Dire Claw|p2b: Incineroar
|-resisted|p2b: Incineroar
|-damage|p2b: Incineroar|82/100
|move|p2b: Incineroar|Knock Off|p1a: Salamence
|-damage|p1a: Salamence|72/100
|-enditem|p1a: Salamence|Life Orb|[from] move: Knock Off|[of] p2b: Incineroar
|
|-heal|p2a: Gholdengo|26/100|[from] Grassy Terrain
|-heal|p2b: Incineroar|88/100|[from] Grassy Terrain
|-fieldend|move: Grassy Terrain
|upkeep
|turn|7
|inactive|terry-torrial has 30 seconds left.
|inactive|terry-torrial has 20 seconds left.
|
|t:|1756295101
|move|p1b: Sneasler|Dire Claw|p2b: Incineroar
|-resisted|p2b: Incineroar
|-damage|p2b: Incineroar|71/100
|move|p1a: Salamence|Draco Meteor|p2a: Gholdengo
|-resisted|p2a: Gholdengo
|-damage|p2a: Gholdengo|0 fnt
|-unboost|p1a: Salamence|spa|2
|faint|p2a: Gholdengo
|move|p2b: Incineroar|Parting Shot|p1b: Sneasler
|-unboost|p1b: Sneasler|atk|1
|-unboost|p1b: Sneasler|spa|1
|
|t:|1756295107
|switch|p2b: Sneasler|Sneasler, L50, F, shiny|100/100|[from] Parting Shot
|
|upkeep
|
|t:|1756295108
|switch|p2a: Incineroar|Incineroar, L50, M, tera:Ghost|71/100
|-ability|p2a: Incineroar|Intimidate|boost
|-unboost|p1a: Salamence|atk|1
|-unboost|p1b: Sneasler|atk|1
|turn|8
|inactive|NegaiFreak has 30 seconds left.
|
|t:|1756295135
|move|p1b: Sneasler|Protect|p1b: Sneasler
|-singleturn|p1b: Sneasler|Protect
|move|p2a: Incineroar|Fake Out|p1a: Salamence
|-damage|p1a: Salamence|58/100
|move|p2b: Sneasler|Coaching|p2a: Incineroar
|-boost|p2a: Incineroar|atk|1
|-boost|p2a: Incineroar|def|1
|cant|p1a: Salamence|flinch
|
|upkeep
|turn|9
|inactive|NegaiFreak has 30 seconds left.
|
|t:|1756295160
|switch|p1a: Rillaboom|Rillaboom, L50, M, tera:Fire|35/100
|-fieldstart|move: Grassy Terrain|[from] ability: Grassy Surge|[of] p1a: Rillaboom
|move|p1b: Sneasler|Dire Claw|p2a: Incineroar
|-resisted|p2a: Incineroar
|-damage|p2a: Incineroar|64/100
|-status|p2a: Incineroar|par
|move|p2b: Sneasler|Dire Claw|p1a: Rillaboom
|-damage|p1a: Rillaboom|0 fnt
|faint|p1a: Rillaboom
|cant|p2a: Incineroar|par
|
|-heal|p2a: Incineroar|70/100 par|[from] Grassy Terrain
|upkeep
|
|t:|1756295177
|switch|p1a: Salamence|Salamence, L50, M|58/100
|-ability|p1a: Salamence|Intimidate|boost
|-unboost|p2a: Incineroar|atk|1
|-unboost|p2b: Sneasler|atk|1
|turn|10
|
|t:|1756295195
|move|p1b: Sneasler|Dire Claw|p2b: Sneasler
|-resisted|p2b: Sneasler
|-damage|p2b: Sneasler|81/100
|-status|p2b: Sneasler|slp
|cant|p2b: Sneasler|slp
|move|p1a: Salamence|Air Slash|p2b: Sneasler|[miss]
|-miss|p1a: Salamence|p2b: Sneasler
|move|p2a: Incineroar|Parting Shot|p1b: Sneasler
|-unboost|p1b: Sneasler|atk|1
|-unboost|p1b: Sneasler|spa|1
|
|-heal|p2b: Sneasler|87/100 slp|[from] Grassy Terrain
|-heal|p2a: Incineroar|76/100 par|[from] Grassy Terrain
|upkeep
|turn|11
|-message|terry-torrial forfeited.
|
|win|NegaiFreak
|raw|NegaiFreak's rating: 1123 → 1145(+22 for winning)
|raw|terry-torrial's rating: 1076 → 1057(-19 for losing)
|l|☆terry-torrial
|player|p2|
|c|☆NegaiFreak|GG, WP
