|j|☆TrafalgarLaw773
|j|☆slimeko325
|html|TrafalgarLaw773slimeko325    
|uhtml|bestof|Game 3 of a best-of-3
|t:|1785652904
|gametype|doubles
|player|p1|TrafalgarLaw773|trinnia-masters|
|player|p2|slimeko325|miku-fairy|
|gen|9
|tier|[Gen 9 Champions] VGC 2026 Reg M-B (Bo3)
|rule|Species Clause: Limit one of each Pokémon
|rule|Item Clause: Limit 1 of each item
|clearpoke
|poke|p1|Garbodor, L50, F|
|poke|p1|Heliolisk, L50, F|
|poke|p1|Simisear, L50, F|
|poke|p1|Tinkaton, L50, F|
|poke|p1|Toucannon, L50, F|
|poke|p1|Zoroark, L50, M|
|poke|p2|Simipour, L50, F|
|poke|p2|Mr. Rime, L50, F|
|poke|p2|Tinkaton, L50, F|
|poke|p2|Simisear, L50, F|
|poke|p2|Heliolisk, L50, M|
|poke|p2|Zoroark, L50, F|
|teampreview|4
|showteam|p1|Garbodor||WhiteHerb|WeakArmor|GunkShot,StompingTantrum,Explosion,Protect|Adamant||F|||50|]Heliolisk||FocusSash|DrySkin|HyperVoice,Electroweb,GrassKnot,Protect|Timid||F|||50|]Simisear||Charcoal|Blaze|FlareBlitz,FakeOut,WillOWisp,Protect|Jolly||F|||50|]Tinkaton||Leftovers|OwnTempo|GigatonHammer,FakeOut,Encore,Protect|Jolly||F|||50|]Toucannon||SitrusBerry|SkillLink|BraveBird,BulletSeed,Tailwind,Protect|Adamant||F|||50|]Zoroark||LifeOrb|Illusion|DarkPulse,Flamethrower,NastyPlot,Protect|Timid||M|||50|
|showteam|p2|Simipour||NeverMeltIce|Torrent|Blizzard,Scald,FakeOut,GrassKnot|Hasty||F|||50|]Mr. Rime||Leftovers|IceBody|Blizzard,Snowscape,Protect,FakeOut|Timid||F|||50|]Tinkaton||SitrusBerry|Pickpocket|FakeOut,KnockOff,WoodHammer,SwordsDance|Adamant||F|||50|]Simisear||HeatRock|Blaze|SunnyDay,HeatWave,Protect,ScorchingSands|Timid||F|||50|]Heliolisk||LifeOrb|SolarPower|Discharge,Protect,GrassKnot,HyperVoice|Timid||M|||50|]Zoroark||FocusSash|Illusion|KnockOff,Encore,SludgeBomb,Flamethrower|Hasty||F|||50|
|inactive|Battle timer is ON: inactive players will automatically lose when time's up. (requested by slimeko325)
|
|t:|1785652920
|teamsize|p1|4
|teamsize|p2|4
|start
|switch|p1a: Heliolisk|Heliolisk, L50, F|100/100
|switch|p1b: Simisear|Simisear, L50, F|100/100
|switch|p2a: Heliolisk|Heliolisk, L50, M|100/100
|switch|p2b: Simipour|Simipour, L50, F|100/100
|turn|1
|
|t:|1785652943
|move|p1b: Simisear|Protect|p1b: Simisear
|-singleturn|p1b: Simisear|Protect
|move|p1a: Heliolisk|Electroweb|p2b: Simipour|[spread] p2a,p2b
|-resisted|p2a: Heliolisk|1
|-damage|p2a: Heliolisk|87/100
|-damage|p2b: Simipour|59/100
|-unboost|p2a: Heliolisk|spe|1
|-unboost|p2b: Simipour|spe|1
|replace|p2b: Zoroark|Zoroark, L50, F
|-end|p2b: Zoroark|Illusion
|move|p2a: Heliolisk|Hyper Voice|p1a: Heliolisk|[spread] p1a
|-activate|p1b: Simisear|move: Protect
|-damage|p1a: Heliolisk|48/100
|-damage|p2a: Heliolisk|78/100|[from] item: Life Orb
|move|p2b: Zoroark|Sludge Bomb|p1a: Heliolisk
|-damage|p1a: Heliolisk|7/100
|-status|p1a: Heliolisk|psn
|
|-damage|p1a: Heliolisk|0 fnt|[from] psn
|faint|p1a: Heliolisk
|upkeep
|
|t:|1785652956
|switch|p1a: Tinkaton|Tinkaton, L50, F|100/100
|turn|2
|inactive|TrafalgarLaw773 has 30 seconds left.
|
|t:|1785652987
|switch|p1b: Tinkaton|Tinkaton, L50, F|100/100
|switch|p2b: Simipour|Simipour, L50, F|100/100
|move|p2a: Heliolisk|Protect|p2a: Heliolisk
|-singleturn|p2a: Heliolisk|Protect
|move|p1a: Tinkaton|Dark Pulse|p2a: Heliolisk
|-activate|p2a: Heliolisk|move: Protect
|
|upkeep
|turn|3
|
|t:|1785653008
|switch|p2a: Heliolisk|Heliolisk, L50, M|59/100
|move|p1b: Tinkaton|Fake Out|p2a: Heliolisk
|-damage|p2a: Heliolisk|35/100
|replace|p2a: Zoroark|Zoroark, L50, F
|-end|p2a: Zoroark|Illusion
|move|p1a: Tinkaton|Dark Pulse|p2b: Simipour
|-damage|p2b: Simipour|6/100
|-damage|p1a: Tinkaton|90/100|[from] item: Life Orb
|move|p2b: Simipour|Scald|p1a: Tinkaton
|-damage|p1a: Tinkaton|0 fnt
|replace|p1a: Zoroark|Zoroark, L50, M
|-end|p1a: Zoroark|Illusion
|faint|p1a: Zoroark
|
|upkeep
|
|t:|1785653013
|switch|p1a: Simisear|Simisear, L50, F|100/100
|turn|4
|inactive|slimeko325 has 30 seconds left.
|
|t:|1785653047
|move|p1a: Simisear|Fake Out|p2b: Simipour
|-damage|p2b: Simipour|0 fnt
|faint|p2b: Simipour
|move|p2a: Zoroark|Flamethrower|p1b: Tinkaton
|-supereffective|p1b: Tinkaton|1
|-damage|p1b: Tinkaton|41/100
|move|p1b: Tinkaton|Gigaton Hammer|p2a: Zoroark
|-damage|p2a: Zoroark|0 fnt
|faint|p2a: Zoroark
|
|-heal|p1b: Tinkaton|48/100|[from] item: Leftovers
|upkeep
|
|t:|1785653054
|switch|p2a: Simisear|Simisear, L50, F|100/100
|switch|p2b: Heliolisk|Heliolisk, L50, M|78/100
|turn|5
|
|t:|1785653066
|move|p1b: Tinkaton|Protect|p1b: Tinkaton
|-singleturn|p1b: Tinkaton|Protect
|move|p2b: Heliolisk|Hyper Voice|p1b: Tinkaton|[spread] p1a
|-activate|p1b: Tinkaton|move: Protect
|-damage|p1a: Simisear|42/100
|-damage|p2b: Heliolisk|69/100|[from] item: Life Orb
|move|p2a: Simisear|Heat Wave|p1a: Simisear|[spread] p1a
|-activate|p1b: Tinkaton|move: Protect
|-resisted|p1a: Simisear|1
|-damage|p1a: Simisear|19/100
|move|p1a: Simisear|Flare Blitz|p2b: Heliolisk
|-damage|p2b: Heliolisk|0 fnt
|faint|p2b: Heliolisk
|-damage|p1a: Simisear|1/100|[from] Recoil
|
|-heal|p1b: Tinkaton|54/100|[from] item: Leftovers
|upkeep
|turn|6
|
|t:|1785653080
|move|p2a: Simisear|Heat Wave|p1a: Simisear|[spread] p1a,p1b
|-resisted|p1a: Simisear|1
|-supereffective|p1b: Tinkaton|1
|-crit|p1b: Tinkaton
|-damage|p1a: Simisear|0 fnt
|-damage|p1b: Tinkaton|0 fnt
|faint|p1a: Simisear
|faint|p1b: Tinkaton
|
|win|slimeko325
|c|☆TrafalgarLaw773|гг
