|j|☆nontelo
|j|☆execute order 222
|html|nonteloexecute order 222    
|uhtml|bestof|Game 2 of a best-of-3
|t:|1783275504
|gametype|doubles
|player|p1|nontelo|cress|1335
|player|p2|execute order 222|courtney|1348
|gen|9
|tier|[Gen 9 Champions] VGC 2026 Reg M-B (Bo3)
|rated|
|rule|Species Clause: Limit one of each Pokémon
|rule|Item Clause: Limit 1 of each item
|clearpoke
|poke|p1|Gengar, L50, F|
|poke|p1|Politoed, L50, F|
|poke|p1|Incineroar, L50, M|
|poke|p1|Grimmsnarl, L50, M|
|poke|p1|Sinistcha, L50|
|poke|p1|Archaludon, L50, M|
|poke|p2|Metagross, L50, shiny|
|poke|p2|Hydreigon, L50, F|
|poke|p2|Venusaur, L50, M|
|poke|p2|Primarina, L50, M|
|poke|p2|Lycanroc-Dusk, L50, M|
|poke|p2|Talonflame, L50, F, shiny|
|teampreview|4
|showteam|p1|Gengar||Gengarite|CursedBody|ShadowBall,SludgeBomb,PerishSong,Protect|Timid||F|||50|]Politoed||SitrusBerry|Drizzle|WeatherBall,HelpingHand,PerishSong,Protect|Bold||F|||50|]Incineroar||PasshoBerry|Intimidate|ThroatChop,PartingShot,FakeOut,Protect|Impish||M|||50|]Grimmsnarl||LightClay|Prankster|SpiritBreak,PartingShot,Reflect,LightScreen|Impish||M|||50|]Sinistcha||KasibBerry|Hospitality|MatchaGotcha,RagePowder,LifeDew,Protect|Bold|||||50|]Archaludon||Leftovers|Stamina|FlashCannon,DragonPulse,ElectroShot,Protect|Modest||M|||50|
|showteam|p2|Metagross||Metagrossite|ClearBody|IronHead,PsychicFangs,IcePunch,Protect|Jolly|||||50|]Hydreigon||LifeOrb|Levitate|DarkPulse,DracoMeteor,EarthPower,Protect|Modest||F|||50|]Venusaur||Venusaurite|Chlorophyll|GigaDrain,SludgeBomb,EarthPower,Protect|Modest||M|||50|]Primarina||ExpertBelt|LiquidVoice|HyperVoice,Moonblast,IceBeam,Protect|Modest||M|||50|]Lycanroc-Dusk||FocusSash|ToughClaws|RockSlide,CloseCombat,Accelerock,Protect|Adamant||M|||50|]Talonflame||Charcoal|GaleWings|Overheat,Tailwind,QuickGuard,Taunt|Timid||F|||50|
|inactive|Battle timer is ON: inactive players will automatically lose when time's up. (requested by nontelo)
|
|t:|1783275514
|teamsize|p1|4
|teamsize|p2|4
|start
|switch|p1a: Gengar|Gengar, L50, F|100/100
|switch|p1b: Incineroar|Incineroar, L50, M|100/100
|switch|p2a: Nanojump|Talonflame, L50, F, shiny|100/100
|switch|p2b: Orochi|Hydreigon, L50, F|100/100
|-ability|p1b: Incineroar|Intimidate|boost
|-unboost|p2a: Nanojump|atk|1
|-unboost|p2b: Orochi|atk|1
|turn|1
|
|t:|1783275530
|detailschange|p1a: Gengar|Gengar-Mega, L50, F
|-mega|p1a: Gengar|Gengar|Gengarite
|move|p1a: Gengar|Protect|p1a: Gengar
|-singleturn|p1a: Gengar|Protect
|move|p2a: Nanojump|Quick Guard|p2a: Nanojump
|-singleturn|p2a: Nanojump|Quick Guard
|move|p2b: Orochi|Dark Pulse|p1a: Gengar
|-activate|p1a: Gengar|move: Protect
|move|p1b: Incineroar|Parting Shot|p2b: Orochi
|-unboost|p2b: Orochi|atk|1
|-unboost|p2b: Orochi|spa|1
|
|t:|1783275538
|switch|p1b: Sinistcha|Sinistcha, L50|100/100|[from] Parting Shot
|
|upkeep
|turn|2
|
|t:|1783275553
|move|p1b: Sinistcha|Rage Powder|p1b: Sinistcha
|-singleturn|p1b: Sinistcha|move: Rage Powder
|move|p1a: Gengar|Perish Song|p1a: Gengar
|-start|p1a: Gengar|perish3|[silent]
|-start|p1b: Sinistcha|perish3|[silent]
|-start|p2a: Nanojump|perish3|[silent]
|-start|p2b: Orochi|perish3|[silent]
|-fieldactivate|move: Perish Song
|move|p2a: Nanojump|Overheat|p1b: Sinistcha
|-supereffective|p1b: Sinistcha|1
|-damage|p1b: Sinistcha|0 fnt
|-unboost|p2a: Nanojump|spa|2
|faint|p1b: Sinistcha
|move|p2b: Orochi|Dark Pulse|p1a: Gengar
|-supereffective|p1a: Gengar|1
|-damage|p1a: Gengar|9/100
|-damage|p2b: Orochi|90/100|[from] item: Life Orb
|
|-start|p1a: Gengar|perish3
|-start|p2a: Nanojump|perish3
|-start|p2b: Orochi|perish3
|upkeep
|
|t:|1783275566
|switch|p1b: Incineroar|Incineroar, L50, M|100/100
|-ability|p1b: Incineroar|Intimidate|boost
|-unboost|p2a: Nanojump|atk|1
|-unboost|p2b: Orochi|atk|1
|turn|3
|
|t:|1783275575
|move|p1a: Gengar|Protect|p1a: Gengar
|-singleturn|p1a: Gengar|Protect
|move|p1b: Incineroar|Protect|p1b: Incineroar
|-singleturn|p1b: Incineroar|Protect
|move|p2a: Nanojump|Quick Guard|p2a: Nanojump
|-singleturn|p2a: Nanojump|Quick Guard
|move|p2b: Orochi|Dark Pulse|p1a: Gengar
|-activate|p1a: Gengar|move: Protect
|
|-start|p1a: Gengar|perish2
|-start|p2a: Nanojump|perish2
|-start|p2b: Orochi|perish2
|upkeep
|turn|4
|
|t:|1783275590
|switch|p1a: Politoed|Politoed, L50, F|100/100
|-weather|RainDance|[from] ability: Drizzle|[of] p1a: Politoed
|move|p2a: Nanojump|Taunt|p1b: Incineroar
|-start|p1b: Incineroar|move: Taunt
|move|p2b: Orochi|Dark Pulse|p1a: Politoed
|-damage|p1a: Politoed|69/100
|-damage|p2b: Orochi|81/100|[from] item: Life Orb
|cant|p1b: Incineroar|move: Taunt|Parting Shot
|
|-weather|RainDance|[upkeep]
|-start|p2a: Nanojump|perish1
|-start|p2b: Orochi|perish1
|upkeep
|turn|5
|-message|nontelo forfeited.
|
|win|execute order 222
|raw|nontelo's rating: 1335 → 1316(-19 for losing)
|raw|execute order 222's rating: 1348 → 1367(+19 for winning)
|l|☆nontelo
|player|p1|
