|j|☆jiggyjagga
|j|☆cheesebiscuit12
|html|jiggyjaggacheesebiscuit12    
|uhtml|bestof|Game 1 of a best-of-3
|t:|1785162076
|gametype|doubles
|player|p1|jiggyjagga|1|
|player|p2|cheesebiscuit12|169|
|gen|9
|tier|[Gen 9 Champions] VGC 2026 Reg M-B (Bo3)
|rule|Species Clause: Limit one of each Pokémon
|rule|Item Clause: Limit 1 of each item
|clearpoke
|poke|p1|Froslass, L50, F|
|poke|p1|Abomasnow, L50, F, shiny|
|poke|p1|Liepard, L50, M, shiny|
|poke|p1|Zoroark-Hisui, L50, F|
|poke|p1|Maushold-Four, L50|
|poke|p1|Altaria, L50, F|
|poke|p2|Gardevoir, L50, F|
|poke|p2|Metagross, L50|
|poke|p2|Whimsicott, L50, M|
|poke|p2|Sableye, L50, M|
|poke|p2|Flapple, L50, M|
|poke|p2|Azumarill, L50, M|
|teampreview|4
|showteam|p1|Froslass||Froslassite|SnowCloak|Blizzard,ShadowBall,Protect,DrainingKiss|Modest||F|||50|]Abomasnow||SitrusBerry|SnowWarning|Earthquake,IceShard,SeedBomb,Protect|Adamant||F|||50|]Liepard||RoseliBerry|Prankster|FakeOut,KnockOff,Taunt,FakeTears|Adamant||M|||50|]Zoroark-Hisui||ChoiceScarf|Illusion|BitterMalice,DarkPulse,IcyWind,Protect|Modest||F|||50|]Maushold-Four||ChopleBerry|FriendGuard|ThunderWave,FollowMe,Protect,SuperFang|Timid|||||50|]Altaria||Altarianite|NaturalCure|DoubleEdge,Roost,DragonClaw,Tailwind|Adamant||F|||50|
|showteam|p2|Gardevoir||Gardevoirite|Telepathy|HyperVoice,Protect,Psyshock,CalmMind|Timid||F|||50|]Metagross||ExpertBelt|ClearBody|IronHead,IcePunch,Earthquake,PsychicFangs|Adamant|||||50|]Whimsicott||FocusSash|Prankster|Protect,Moonblast,Tailwind,TrickRoom|Relaxed||M|||50|]Sableye||Sablenite|Prankster|Gravity,WillOWisp,SuckerPunch,LightScreen|Careful||M|||50|]Flapple||MiracleSeed|Hustle|GravApple,DragonRush,Uturn,Protect|Jolly||M|||50|]Azumarill||SitrusBerry|HugePower|BellyDrum,PlayRough,Liquidation,AquaJet|Adamant||M|||50|
|
|t:|1785162111
|teamsize|p1|4
|teamsize|p2|4
|start
|switch|p1a: Froslass|Froslass, L50, F|100/100
|switch|p1b: Abomasnow|Abomasnow, L50, F, shiny|100/100
|switch|p2a: Xi Jinping|Whimsicott, L50, M|100/100
|switch|p2b: Imelda Marcos|Gardevoir, L50, F|100/100
|-weather|Snowscape|[from] ability: Snow Warning|[of] p1b: Abomasnow
|turn|1
|
|t:|1785162149
|detailschange|p2b: Imelda Marcos|Gardevoir-Mega, L50, F
|-mega|p2b: Imelda Marcos|Gardevoir|Gardevoirite
|move|p1b: Abomasnow|Protect|p1b: Abomasnow
|-singleturn|p1b: Abomasnow|Protect
|move|p2a: Xi Jinping|Tailwind|p2a: Xi Jinping
|-sidestart|p2: cheesebiscuit12|move: Tailwind
|move|p2b: Imelda Marcos|Hyper Voice|p1b: Abomasnow|[spread] p1a
|-activate|p1b: Abomasnow|move: Protect
|-damage|p1a: Froslass|21/100
|move|p1a: Froslass|Blizzard|p2b: Imelda Marcos|[spread] p2a,p2b
|-supereffective|p2a: Xi Jinping|1
|-damage|p2a: Xi Jinping|16/100
|-damage|p2b: Imelda Marcos|66/100
|
|-weather|Snowscape|[upkeep]
|upkeep
|turn|2
|
|t:|1785162185
|move|p1b: Abomasnow|Ice Shard|p2a: Xi Jinping
|-supereffective|p2a: Xi Jinping|1
|-damage|p2a: Xi Jinping|0 fnt
|faint|p2a: Xi Jinping
|move|p2b: Imelda Marcos|Calm Mind|p2b: Imelda Marcos
|-boost|p2b: Imelda Marcos|spa|1
|-boost|p2b: Imelda Marcos|spd|1
|move|p1a: Froslass|Blizzard|p2b: Imelda Marcos
|-damage|p2b: Imelda Marcos|39/100
|
|-weather|Snowscape|[upkeep]
|upkeep
|
|t:|1785162197
|switch|p2a: Hamad|Metagross, L50|100/100
|turn|3
|
|t:|1785162214
|move|p2b: Imelda Marcos|Hyper Voice|p1b: Abomasnow|[spread] p1b
|-miss|p2b: Imelda Marcos|p1a: Froslass
|-damage|p1b: Abomasnow|19/100
|-enditem|p1b: Abomasnow|Sitrus Berry|[eat]
|-heal|p1b: Abomasnow|44/100|[from] item: Sitrus Berry
|move|p2a: Hamad|Iron Head|p1b: Abomasnow
|-supereffective|p1b: Abomasnow|1
|-damage|p1b: Abomasnow|0 fnt
|faint|p1b: Abomasnow
|move|p1a: Froslass|Shadow Ball|p2b: Imelda Marcos
|-supereffective|p2b: Imelda Marcos|1
|-damage|p2b: Imelda Marcos|0 fnt
|faint|p2b: Imelda Marcos
|
|-weather|Snowscape|[upkeep]
|upkeep
|
|t:|1785162230
|switch|p2b: Putin|Azumarill, L50, M|100/100
|switch|p1b: Liepard|Liepard, L50, M, shiny|100/100
|turn|4
|
|t:|1785162296
|move|p1b: Liepard|Fake Out|p2a: Hamad
|-resisted|p2a: Hamad|1
|-damage|p2a: Hamad|95/100
|cant|p2a: Hamad|flinch
|move|p1a: Froslass|Shadow Ball|p2a: Hamad
|-supereffective|p2a: Hamad|1
|-damage|p2a: Hamad|24/100
|move|p2b: Putin|Play Rough|p1b: Liepard|[miss]
|-miss|p2b: Putin|p1b: Liepard
|
|-weather|Snowscape|[upkeep]
|-sideend|p2: cheesebiscuit12|move: Tailwind
|upkeep
|turn|5
|
|t:|1785162328
|move|p1a: Froslass|Blizzard|p2a: Hamad|[spread] p2a,p2b
|-resisted|p2a: Hamad|1
|-resisted|p2b: Putin|1
|-damage|p2a: Hamad|6/100
|-damage|p2b: Putin|82/100
|-status|p2a: Hamad|frz
|move|p1b: Liepard|Knock Off|p2b: Putin
|-resisted|p2b: Putin|1
|-damage|p2b: Putin|61/100
|-enditem|p2b: Putin|Sitrus Berry|[from] move: Knock Off|[of] p1b: Liepard
|cant|p2a: Hamad|frz
|move|p2b: Putin|Play Rough|p1b: Liepard
|-supereffective|p1b: Liepard|1
|-enditem|p1b: Liepard|Roseli Berry|[eat]
|-enditem|p1b: Liepard|Roseli Berry|[weaken]
|-damage|p1b: Liepard|10/100
|
|-weather|none
|upkeep
|turn|6
|
|t:|1785162373
|detailschange|p1a: Froslass|Froslass-Mega, L50, F
|-mega|p1a: Froslass|Froslass|Froslassite
|-weather|Snowscape|[from] ability: Snow Warning|[of] p1a: Froslass
|move|p1b: Liepard|Fake Tears|p2b: Putin
|-unboost|p2b: Putin|spd|2
|move|p1a: Froslass|Blizzard|p2b: Putin|[spread] p2a,p2b
|-resisted|p2a: Hamad|1
|-resisted|p2b: Putin|1
|-damage|p2a: Hamad|0 fnt
|-damage|p2b: Putin|14/100
|-status|p2b: Putin|frz
|faint|p2a: Hamad
|-curestatus|p2b: Putin|frz|[msg]
|move|p2b: Putin|Liquidation|p1a: Froslass
|-damage|p1a: Froslass|0 fnt
|faint|p1a: Froslass
|
|-weather|Snowscape|[upkeep]
|upkeep
|
|t:|1785162387
|switch|p1a: Altaria|Altaria, L50, F|100/100
|turn|7
|
|t:|1785162400
|move|p1b: Liepard|Knock Off|p2b: Putin
|-resisted|p2b: Putin|1
|-damage|p2b: Putin|0 fnt
|faint|p2b: Putin
|
|win|jiggyjagga
||jiggyjagga is ready for game 2.
