|j|☆Spookz_Legend
|j|☆kojay
|html|Spookz_Legendkojay    
|uhtml|bestof|Game 1 of a best-of-3
|t:|1756830519
|gametype|doubles
|player|p1|Spookz_Legend|cheren-gen5bw2|1160
|player|p2|kojay|kamado-armor|1137
|gen|9
|tier|[Gen 9] VGC 2025 Reg H (Bo3)
|rated|
|rule|Species Clause: Limit one of each Pokémon
|rule|Item Clause: Limit 1 of each item
|clearpoke
|poke|p1|Tyranitar, L50, F|
|poke|p1|Excadrill, L50, F|
|poke|p1|Sinistcha-Masterpiece, L50|
|poke|p1|Farigiraf, L50, M|
|poke|p1|Salamence, L50, M|
|poke|p1|Blaziken, L50, F|
|poke|p2|Garchomp, L50, F|
|poke|p2|Sneasler, L50, F|
|poke|p2|Incineroar, L50, M|
|poke|p2|Dragonite, L50, F|
|poke|p2|Gholdengo, L50|
|poke|p2|Vivillon, L50, F|
|teampreview|4
|showteam|p1|Tyranitar||ClearAmulet|SandStream|RockSlide,KnockOff,DragonDance,Protect|||F|||50|,,,,,Grass]Excadrill||AssaultVest|SandRush|Earthquake,IronHead,HighHorsepower,RockSlide|||F|||50|,,,,,Ghost]Sinistcha-Masterpiece||SitrusBerry|Hospitality|ShadowBall,MatchaGotcha,RagePowder,Protect||||||50|,,,,,Dark]Farigiraf||ThroatSpray|ArmorTail|Psychic,HyperVoice,TrickRoom,Protect|||M|||50|,,,,,Grass]Salamence||LifeOrb|Intimidate|DracoMeteor,AirSlash,Protect,Tailwind|||M|||50|,,,,,Ghost]Blaziken||CovertCloak|SpeedBoost|AuraSphere,HeatWave,Coaching,WillOWisp|||F|||50|,,,,,Dragon
|showteam|p2|Garchomp||LifeOrb|RoughSkin|Earthquake,DragonClaw,StompingTantrum,Protect|||F|||50|,,,,,Ground]Sneasler||WhiteHerb|Unburden|Coaching,Protect,DireClaw,CloseCombat|||F|||50|,,,,,Ghost]Incineroar||SafetyGoggles|Intimidate|FakeOut,FlareBlitz,KnockOff,PartingShot|||M|||50|,,,,,Ghost]Dragonite||LoadedDice|InnerFocus|TeraBlast,ScaleShot,Tailwind,Protect|||F|||50|,,,,,Flying]Gholdengo||ChoiceScarf|GoodasGold|MakeItRain,ShadowBall,Trick,Thunderbolt||||||50|,,,,,Steel]Vivillon||FocusSash|CompoundEyes|Hurricane,SleepPowder,RagePowder,Protect|||F|||50|,,,,,Ghost
|
|t:|1756830570
|teamsize|p1|4
|teamsize|p2|4
|start
|switch|p1a: Blaziken|Blaziken, L50, F|100/100
|switch|p1b: Tyranitar|Tyranitar, L50, F|100/100
|switch|p2a: Dalinar|Incineroar, L50, M, shiny|100/100
|switch|p2b: Sneasler|Sneasler, L50, F|100/100
|-weather|Sandstorm|[from] ability: Sand Stream|[of] p1b: Tyranitar
|-ability|p2a: Dalinar|Intimidate|boost
|-unboost|p1a: Blaziken|atk|1
|-fail|p1b: Tyranitar|unboost|[from] item: Clear Amulet|[of] p1b: Tyranitar
|turn|1
|
|t:|1756830603
|switch|p2a: Kaladin|Garchomp, L50, F, shiny|100/100
|move|p1b: Tyranitar|Protect|p1b: Tyranitar
|-singleturn|p1b: Tyranitar|Protect
|move|p2b: Sneasler|Coaching|p2a: Kaladin
|-boost|p2a: Kaladin|atk|1
|-boost|p2a: Kaladin|def|1
|move|p1a: Blaziken|Coaching|p1b: Tyranitar
|-boost|p1b: Tyranitar|atk|1
|-boost|p1b: Tyranitar|def|1
|
|-weather|Sandstorm|[upkeep]
|-damage|p2b: Sneasler|95/100|[from] Sandstorm
|-damage|p1a: Blaziken|95/100|[from] Sandstorm
|-ability|p1a: Blaziken|Speed Boost|boost
|-boost|p1a: Blaziken|spe|1
|upkeep
|turn|2
|
|t:|1756830625
|-terastallize|p1b: Tyranitar|Grass
|move|p1a: Blaziken|Will-O-Wisp|p2a: Kaladin
|-status|p2a: Kaladin|brn
|move|p2b: Sneasler|Dire Claw|p1b: Tyranitar
|-supereffective|p1b: Tyranitar
|-damage|p1b: Tyranitar|45/100
|move|p2a: Kaladin|Dragon Claw|p1b: Tyranitar
|-damage|p1b: Tyranitar|19/100
|-damage|p2a: Kaladin|91/100 brn|[from] item: Life Orb
|move|p1b: Tyranitar|Dragon Dance|p1b: Tyranitar
|-boost|p1b: Tyranitar|atk|1
|-boost|p1b: Tyranitar|spe|1
|
|-weather|Sandstorm|[upkeep]
|-damage|p1a: Blaziken|89/100|[from] Sandstorm
|-damage|p2b: Sneasler|89/100|[from] Sandstorm
|-damage|p1b: Tyranitar|13/100|[from] Sandstorm
|-damage|p2a: Kaladin|85/100 brn|[from] brn
|-ability|p1a: Blaziken|Speed Boost|boost
|-boost|p1a: Blaziken|spe|1
|upkeep
|turn|3
|
|t:|1756830659
|switch|p1a: Salamence|Salamence, L50, M|100/100
|-ability|p1a: Salamence|Intimidate|boost
|-unboost|p2a: Kaladin|atk|1
|-unboost|p2b: Sneasler|atk|1
|-enditem|p2b: Sneasler|White Herb
|-clearnegativeboost|p2b: Sneasler|[silent]
|move|p2b: Sneasler|Protect|p2b: Sneasler
|-singleturn|p2b: Sneasler|Protect
|move|p2a: Kaladin|Earthquake|p1a: Salamence|[spread] p1b
|-activate|p2b: Sneasler|move: Protect
|-immune|p1a: Salamence
|-resisted|p1b: Tyranitar
|-damage|p1b: Tyranitar|6/100
|-damage|p2a: Kaladin|75/100 brn|[from] item: Life Orb
|move|p1b: Tyranitar|Knock Off|p2a: Kaladin
|-damage|p2a: Kaladin|0 fnt
|-damage|p1b: Tyranitar|0 fnt|[from] ability: Rough Skin|[of] p2a: Kaladin
|faint|p2a: Kaladin
|faint|p1b: Tyranitar
|
|-weather|Sandstorm|[upkeep]
|-damage|p2b: Sneasler|83/100|[from] Sandstorm
|-damage|p1a: Salamence|95/100|[from] Sandstorm
|upkeep
|inactive|Battle timer is ON: inactive players will automatically lose when time's up. (requested by kojay)
|
|t:|1756830689
|switch|p2a: Dalinar|Incineroar, L50, M, shiny|100/100
|switch|p1b: Excadrill|Excadrill, L50, F|100/100
|-ability|p2a: Dalinar|Intimidate|boost
|-unboost|p1a: Salamence|atk|1
|-unboost|p1b: Excadrill|atk|1
|turn|4
|
|t:|1756830701
|switch|p1b: Blaziken|Blaziken, L50, F|89/100
|move|p2a: Dalinar|Fake Out|p1a: Salamence
|-damage|p1a: Salamence|79/100
|move|p2b: Sneasler|Close Combat|p1b: Blaziken
|-damage|p1b: Blaziken|0 fnt
|-unboost|p2b: Sneasler|def|1
|-unboost|p2b: Sneasler|spd|1
|faint|p1b: Blaziken
|cant|p1a: Salamence|flinch
|
|-weather|Sandstorm|[upkeep]
|-damage|p2b: Sneasler|77/100|[from] Sandstorm
|-damage|p1a: Salamence|73/100|[from] Sandstorm
|upkeep
|
|t:|1756830724
|switch|p1b: Excadrill|Excadrill, L50, F|100/100
|turn|5
|
|t:|1756830747
|move|p2b: Sneasler|Close Combat|p1b: Excadrill
|-supereffective|p1b: Excadrill
|-damage|p1b: Excadrill|0 fnt
|-unboost|p2b: Sneasler|def|1
|-unboost|p2b: Sneasler|spd|1
|faint|p1b: Excadrill
|move|p1a: Salamence|Tailwind|p1a: Salamence
|-sidestart|p1: Spookz_Legend|move: Tailwind
|move|p2a: Dalinar|Knock Off|p1a: Salamence
|-damage|p1a: Salamence|13/100
|-enditem|p1a: Salamence|Life Orb|[from] move: Knock Off|[of] p2a: Dalinar
|
|-weather|none
|upkeep
|turn|6
|-message|Spookz_Legend forfeited.
|raw|Spookz_Legend's rating: 1160 → 1133(-27 for losing)
|raw|kojay's rating: 1137 → 1164(+27 for winning)
|
|win|kojay
