|j|☆marcel72
|j|☆sorecruiser
|html|marcel72sorecruiser    
|uhtml|bestof|Game 1 of a best-of-3
|t:|1756486564
|gametype|doubles
|player|p1|marcel72|170|1085
|player|p2|sorecruiser|furisodegirl-black|1000
|gen|9
|tier|[Gen 9] VGC 2025 Reg H (Bo3)
|rated|
|rule|Species Clause: Limit one of each Pokémon
|rule|Item Clause: Limit 1 of each item
|clearpoke
|poke|p1|Ursaluna, L50, M|
|poke|p1|Vivillon-Polar, L50, F|
|poke|p1|Porygon2, L50|
|poke|p1|Annihilape, L50, F|
|poke|p1|Tinkaton, L50, F|
|poke|p1|Dragonite, L50, M|
|poke|p2|Whimsicott, L50, F|
|poke|p2|Primarina, L50, M|
|poke|p2|Sneasler, L50, M|
|poke|p2|Indeedee, L50, M|
|poke|p2|Ursaluna-Bloodmoon, L50, M|
|poke|p2|Arcanine-Hisui, L50, M|
|teampreview|4
|showteam|p1|Ursaluna||FlameOrb|Guts|Facade,Earthquake,HeadlongRush,Protect|||M|||50|,,,,,Ghost]Vivillon-Polar||FocusSash|CompoundEyes|Hurricane,SleepPowder,RagePowder,Tailwind|||F|||50|,,,,,Ghost]Porygon2||Eviolite|Download|TeraBlast,IceBeam,Recover,TrickRoom||||||50|,,,,,Fighting]Annihilape||ChestoBerry|Defiant|DrainPunch,RageFist,BulkUp,Protect|||F|||50|,,,,,Fire]Tinkaton||AssaultVest|OwnTempo|FakeOut,GigatonHammer,PlayRough,KnockOff|||F|||50|,,,,,Water]Dragonite||LoadedDice|InnerFocus|ScaleShot,Tailwind,IceSpinner,Protect|||M|||50|,,,,,Fairy
|showteam|p2|Whimsicott||CovertCloak|Prankster|Tailwind,Encore,SunnyDay,Moonblast|||F|||50|,,,,,Water]Primarina||SitrusBerry|LiquidVoice|HyperVoice,Moonblast,Haze,Protect|||M|||50|,,,,,Poison]Sneasler||PsychicSeed|Unburden|DireClaw,CloseCombat,ThroatChop,Protect|||M|||50|,,,,,Dark]Indeedee||FocusSash|PsychicSurge|ExpandingForce,TeraBlast,Protect,TrickRoom|||M|||50|,,,,,Fighting]Ursaluna-Bloodmoon||LifeOrb|MindsEye|BloodMoon,EarthPower,HyperVoice,Protect|||M|||50|,,,,,Normal]Arcanine-Hisui||ChoiceBand|Intimidate|FlareBlitz,ExtremeSpeed,CloseCombat,RockSlide|||M|||50|,,,,,Grass
|
|t:|1756486652
|teamsize|p1|4
|teamsize|p2|4
|start
|switch|p1a: Porygon2|Porygon2, L50, shiny|100/100
|switch|p1b: Vivillon|Vivillon-Polar, L50, F, shiny|100/100
|switch|p2a: Sneasler|Sneasler, L50, M|100/100
|switch|p2b: Indeedee|Indeedee, L50, M|100/100
|-fieldstart|move: Psychic Terrain|[from] ability: Psychic Surge|[of] p2b: Indeedee
|-enditem|p2a: Sneasler|Psychic Seed
|-boost|p2a: Sneasler|spd|1|[from] item: Psychic Seed
|-ability|p1a: Porygon2|Download|boost
|-boost|p1a: Porygon2|atk|1
|turn|1
|inactive|Battle timer is ON: inactive players will automatically lose when time's up. (requested by sorecruiser)
|
|t:|1756486697
|move|p1b: Vivillon|Rage Powder|p1b: Vivillon
|-singleturn|p1b: Vivillon|move: Rage Powder
|move|p2a: Sneasler|Dire Claw|p1b: Vivillon
|-damage|p1b: Vivillon|5/100
|move|p2b: Indeedee|Expanding Force|p1a: Porygon2|[spread] p1a,p1b
|-damage|p1a: Porygon2|70/100
|-damage|p1b: Vivillon|0 fnt
|faint|p1b: Vivillon
|move|p1a: Porygon2|Trick Room|p1a: Porygon2
|-fieldstart|move: Trick Room|[of] p1a: Porygon2
|
|upkeep
|
|t:|1756486708
|switch|p1b: Ursaluna|Ursaluna, L50, M|100/100
|turn|2
|inactive|marcel72 has 30 seconds left.
|
|t:|1756486742
|move|p2a: Sneasler|Protect|p2a: Sneasler
|-singleturn|p2a: Sneasler|Protect
|move|p1b: Ursaluna|Earthquake|p2b: Indeedee|[spread] p1a,p2b
|-activate|p2a: Sneasler|move: Protect
|-damage|p1a: Porygon2|46/100
|-damage|p2b: Indeedee|9/100
|move|p1a: Porygon2|Tera Blast|p2b: Indeedee
|-damage|p2b: Indeedee|0 fnt
|faint|p2b: Indeedee
|
|-status|p1b: Ursaluna|brn|[from] item: Flame Orb
|upkeep
|
|t:|1756486752
|switch|p2b: Primarina|Primarina, L50, M|100/100
|turn|3
|
|t:|1756486774
|switch|p2a: Whimsicott|Whimsicott, L50, F|100/100
|move|p1b: Ursaluna|Facade|p2a: Whimsicott
|-damage|p2a: Whimsicott|0 fnt
|faint|p2a: Whimsicott
|move|p1a: Porygon2|Recover|p1a: Porygon2
|-heal|p1a: Porygon2|96/100
|move|p2b: Primarina|Hyper Voice|p1a: Porygon2|[spread] p1a,p1b
|-supereffective|p1b: Ursaluna
|-damage|p1a: Porygon2|75/100
|-damage|p1b: Ursaluna|37/100 brn
|
|-damage|p1b: Ursaluna|31/100 brn|[from] brn
|upkeep
|
|t:|1756486791
|switch|p2a: Sneasler|Sneasler, L50, M|100/100
|turn|4
|inactive|marcel72 has 30 seconds left.
|
|t:|1756486816
|-terastallize|p1b: Ursaluna|Ghost
|-terastallize|p2a: Sneasler|Dark
|move|p1b: Ursaluna|Facade|p2b: Primarina
|-damage|p2b: Primarina|0 fnt
|faint|p2b: Primarina
|move|p1a: Porygon2|Tera Blast|p2a: Sneasler
|-damage|p2a: Sneasler|62/100
|move|p2a: Sneasler|Close Combat|p1a: Porygon2
|-supereffective|p1a: Porygon2
|-damage|p1a: Porygon2|3/100
|-unboost|p2a: Sneasler|def|1
|-unboost|p2a: Sneasler|spd|1
|
|-damage|p1b: Ursaluna|25/100 brn|[from] brn
|upkeep
|turn|5
|inactive|marcel72 has 30 seconds left.
|
|t:|1756486844
|switch|p1b: Annihilape|Annihilape, L50, F|100/100
|move|p2a: Sneasler|Protect|p2a: Sneasler
|-singleturn|p2a: Sneasler|Protect
|move|p1a: Porygon2|Recover|p1a: Porygon2
|-heal|p1a: Porygon2|53/100
|
|-fieldend|move: Trick Room
|-fieldend|move: Psychic Terrain
|upkeep
|turn|6
|
|t:|1756486858
|move|p2a: Sneasler|Dire Claw|p1b: Annihilape
|-resisted|p1b: Annihilape
|-damage|p1b: Annihilape|79/100
|move|p1b: Annihilape|Drain Punch|p2a: Sneasler
|-supereffective|p2a: Sneasler
|-damage|p2a: Sneasler|0 fnt
|-heal|p1b: Annihilape|100/100|[from] drain|[of] p2a: Sneasler
|faint|p2a: Sneasler
|
|win|marcel72
||sorecruiser is ready for game 2.
||marcel72 is ready for game 2.
|uhtml|next|Next: Game 2 of 3
