|j|☆FreezyPop439
|j|☆Ciccione Mcflurry
|html|FreezyPop439Ciccione Mcflurry    
|uhtml|bestof|Game 2 of a best-of-3
|t:|1782381809
|gametype|doubles
|player|p1|FreezyPop439|collector|1270
|player|p2|Ciccione Mcflurry|265|1215
|gen|9
|tier|[Gen 9 Champions] VGC 2026 Reg M-B (Bo3)
|rated|
|rule|Species Clause: Limit one of each Pokémon
|rule|Item Clause: Limit 1 of each item
|clearpoke
|poke|p1|Garchomp, L50, F|
|poke|p1|Staraptor, L50, M|
|poke|p1|Grimmsnarl, L50, M|
|poke|p1|Gholdengo, L50|
|poke|p1|Maushold-Four, L50|
|poke|p1|Volcarona, L50, F|
|poke|p2|Meganium, L50, M|
|poke|p2|Gholdengo, L50|
|poke|p2|Grimmsnarl, L50, M|
|poke|p2|Pelipper, L50, M|
|poke|p2|Maushold-Four, L50|
|poke|p2|Archaludon, L50, M|
|teampreview|4
|showteam|p1|Garchomp||LifeOrb|RoughSkin|Earthquake,DragonClaw,RockSlide,Protect|Jolly||F|||50|]Staraptor||Staraptite|Intimidate|BraveBird,CloseCombat,Roost,Protect|Jolly||M|||50|]Grimmsnarl||LightClay|Prankster|SpiritBreak,LightScreen,Reflect,PartingShot|Careful||M|||50|]Gholdengo||MetalCoat|GoodasGold|MakeItRain,ShadowBall,NastyPlot,Protect|Modest|||||50|]Maushold-Four||FocusSash|FriendGuard|FollowMe,Charm,SuperFang,Protect|Jolly|||||50|]Volcarona||ChartiBerry|FlameBody|HeatWave,StruggleBug,RagePowder,Tailwind|Timid||F|||50|
|showteam|p2|Meganium||Meganiumite|Overgrow|WeatherBall,SolarBeam,DazzlingGleam,Protect|Modest||M|||50|]Gholdengo||LifeOrb|GoodasGold|MakeItRain,NastyPlot,ShadowBall,Protect|Modest|||||50|]Grimmsnarl||LightClay|Prankster|SpiritBreak,PartingShot,Reflect,LightScreen|Careful||M|||50|]Pelipper||FocusSash|Drizzle|Tailwind,WeatherBall,Hurricane,WideGuard|Modest||M|||50|]Maushold-Four||SitrusBerry|FriendGuard|PopulationBomb,Protect,FollowMe,Taunt|Impish|||||50|]Archaludon||Leftovers|Stamina|ElectroShot,FlashCannon,Protect,DragonPulse|Modest||M|||50|
|
|t:|1782381855
|teamsize|p1|4
|teamsize|p2|4
|start
|switch|p1a: Staraptor|Staraptor, L50, M|100/100
|switch|p1b: Garchomp|Garchomp, L50, F|100/100
|switch|p2a: Pelipper|Pelipper, L50, M|100/100
|switch|p2b: Archaludon|Archaludon, L50, M|100/100
|-ability|p1a: Staraptor|Intimidate|boost
|-unboost|p2a: Pelipper|atk|1
|-unboost|p2b: Archaludon|atk|1
|-weather|RainDance|[from] ability: Drizzle|[of] p2a: Pelipper
|turn|1
|
|t:|1782381872
|detailschange|p1a: Staraptor|Staraptor-Mega, L50, M
|-mega|p1a: Staraptor|Staraptor|Staraptite
|move|p1a: Staraptor|Close Combat|p2b: Archaludon
|-supereffective|p2b: Archaludon|1
|-damage|p2b: Archaludon|14/100
|-boost|p1a: Staraptor|def|1
|-boost|p1a: Staraptor|spd|1
|-ability|p2b: Archaludon|Stamina|boost
|-boost|p2b: Archaludon|def|1
|move|p1b: Garchomp|Earthquake|p2b: Archaludon|[spread] p2b
|-immune|p1a: Staraptor
|-immune|p2a: Pelipper
|-supereffective|p2b: Archaludon|1
|-damage|p2b: Archaludon|0 fnt
|faint|p2b: Archaludon
|-damage|p1b: Garchomp|90/100|[from] item: Life Orb
|move|p2a: Pelipper|Tailwind|p2a: Pelipper
|-sidestart|p2: Ciccione Mcflurry|move: Tailwind
|
|-weather|RainDance|[upkeep]
|upkeep
|
|t:|1782381881
|switch|p2b: Gholdengo|Gholdengo, L50|100/100
|turn|2
|
|t:|1782381895
|move|p2a: Pelipper|Hurricane|p1b: Garchomp
|-damage|p1b: Garchomp|35/100
|-start|p1b: Garchomp|confusion
|move|p2b: Gholdengo|Make It Rain|p1b: Garchomp|[spread] p1a,p1b
|-damage|p1a: Staraptor|61/100
|-damage|p1b: Garchomp|0 fnt
|-unboost|p2b: Gholdengo|spa|2
|faint|p1b: Garchomp
|-damage|p2b: Gholdengo|90/100|[from] item: Life Orb
|move|p1a: Staraptor|Brave Bird|p2b: Gholdengo
|-resisted|p2b: Gholdengo|1
|-damage|p2b: Gholdengo|65/100
|-damage|p1a: Staraptor|52/100|[from] Recoil
|
|-weather|RainDance|[upkeep]
|upkeep
|
|t:|1782381904
|switch|p1b: Maushold|Maushold-Four, L50|100/100
|turn|3
|
|t:|1782381920
|move|p1b: Maushold|Follow Me|p1b: Maushold
|-singleturn|p1b: Maushold|move: Follow Me
|move|p2a: Pelipper|Hurricane|p1b: Maushold
|-damage|p1b: Maushold|39/100
|-start|p1b: Maushold|confusion
|move|p2b: Gholdengo|Make It Rain|p1a: Staraptor|[spread] p1a,p1b
|-damage|p1a: Staraptor|35/100
|-damage|p1b: Maushold|2/100
|-unboost|p2b: Gholdengo|spa|2
|-damage|p2b: Gholdengo|55/100|[from] item: Life Orb
|move|p1a: Staraptor|Roost|p1a: Staraptor
|-heal|p1a: Staraptor|85/100
|-singleturn|p1a: Staraptor|move: Roost
|
|-weather|RainDance|[upkeep]
|upkeep
|turn|4
|
|t:|1782381949
|switch|p2b: Grimmsnarl|Grimmsnarl, L50, M|100/100
|-activate|p1b: Maushold|confusion
|move|p1b: Maushold|Follow Me|p1b: Maushold
|-singleturn|p1b: Maushold|move: Follow Me
|move|p2a: Pelipper|Hurricane|p1b: Maushold
|-damage|p1b: Maushold|0 fnt
|faint|p1b: Maushold
|move|p1a: Staraptor|Close Combat|p2a: Pelipper
|-resisted|p2a: Pelipper|1
|-damage|p2a: Pelipper|59/100
|-boost|p1a: Staraptor|def|1
|-boost|p1a: Staraptor|spd|1
|
|-weather|RainDance|[upkeep]
|-sideend|p2: Ciccione Mcflurry|move: Tailwind
|upkeep
|
|t:|1782381959
|switch|p1b: Volcarona|Volcarona, L50, F|100/100
|turn|5
|
|t:|1782381974
|switch|p2a: Gholdengo|Gholdengo, L50|55/100
|move|p2b: Grimmsnarl|Light Screen|p2b: Grimmsnarl
|-sidestart|p2: Ciccione Mcflurry|move: Light Screen
|move|p1a: Staraptor|Brave Bird|p2a: Gholdengo
|-resisted|p2a: Gholdengo|1
|-damage|p2a: Gholdengo|27/100
|-damage|p1a: Staraptor|75/100|[from] Recoil
|move|p1b: Volcarona|Struggle Bug|p2a: Gholdengo|[spread] p2a,p2b
|-resisted|p2a: Gholdengo|2
|-damage|p2a: Gholdengo|25/100
|-damage|p2b: Grimmsnarl|90/100
|-unboost|p2a: Gholdengo|spa|1
|-unboost|p2b: Grimmsnarl|spa|1
|
|-weather|none
|upkeep
|turn|6
|
|t:|1782382001
|move|p2b: Grimmsnarl|Parting Shot|p1b: Volcarona
|-unboost|p1b: Volcarona|atk|1
|-unboost|p1b: Volcarona|spa|1
|
|t:|1782382005
|switch|p2b: Pelipper|Pelipper, L50, M|59/100|[from] Parting Shot
|-weather|RainDance|[from] ability: Drizzle|[of] p2b: Pelipper
|move|p1a: Staraptor|Brave Bird|p2a: Gholdengo
|-resisted|p2a: Gholdengo|1
|-damage|p2a: Gholdengo|0 fnt
|faint|p2a: Gholdengo
|-damage|p1a: Staraptor|66/100|[from] Recoil
|move|p1b: Volcarona|Struggle Bug|p2b: Pelipper
|-resisted|p2b: Pelipper|1
|-damage|p2b: Pelipper|50/100g
|-unboost|p2b: Pelipper|spa|1
|
|-weather|RainDance|[upkeep]
|upkeep
|-message|Ciccione Mcflurry forfeited.
|
|win|FreezyPop439
|raw|FreezyPop439's rating: 1270 → 1292(+22 for winning)
|raw|Ciccione Mcflurry's rating: 1226 → 1204(-22 for losing)
|l|☆Ciccione Mcflurry
|player|p2|
