|j|☆Voltx5
|j|☆That1Morpecko
|html|Voltx5That1Morpecko    
|uhtml|bestof|Game 1 of a best-of-3
|t:|1782701736
|gametype|doubles
|player|p1|Voltx5|169|1168
|player|p2|That1Morpecko|hiker-gen4|1187
|gen|9
|tier|[Gen 9 Champions] VGC 2026 Reg M-B (Bo3)
|rated|
|rule|Species Clause: Limit one of each Pokémon
|rule|Item Clause: Limit 1 of each item
|clearpoke
|poke|p1|Raichu, L50, F|
|poke|p1|Lopunny, L50, F|
|poke|p1|Torkoal, L50, F|
|poke|p1|Spiritomb, L50, M, shiny|
|poke|p1|Sinistcha-Masterpiece, L50|
|poke|p1|Annihilape, L50, F, shiny|
|poke|p2|Sinistcha, L50|
|poke|p2|Incineroar, L50, F|
|poke|p2|Milotic, L50, M|
|poke|p2|Raichu, L50, M|
|poke|p2|Floette-Eternal, L50, F|
|poke|p2|Ceruledge, L50, F|
|teampreview|4
|showteam|p1|Raichu||RaichuniteX|LightningRod|FakeOut,RisingVoltage,DazzlingGleam,Protect|Modest||F|||50|]Lopunny||Lopunnite|Limber|FakeOut,AfterYou,CloseCombat,Facade|Jolly||F|||50|]Torkoal||Charcoal|Drought|Protect,Eruption,Flamethrower,EarthPower|Quiet||F|||50|]Spiritomb||RoseliBerry|Infiltrator|Protect,TrickRoom,DarkPulse,NastyPlot|Quiet||M|||50|]Sinistcha-Masterpiece||SitrusBerry|Hospitality|Protect,RagePowder,MatchaGotcha,LifeDew|Relaxed|||||50|]Annihilape||ExpertBelt|Defiant|Protect,CloseCombat,IcePunch,ShadowClaw|Adamant||F|||50|
|showteam|p2|Sinistcha||KasibBerry|Hospitality|MatchaGotcha,LifeDew,RagePowder,Protect|Relaxed|||||50|]Incineroar||SitrusBerry|Intimidate|FlareBlitz,ThroatChop,FakeOut,PartingShot|Impish||F|||50|]Milotic||Leftovers|Competitive|MuddyWater,Coil,Hypnosis,Protect|Calm||M|||50|]Raichu||RaichuniteY|LightningRod|ZapCannon,FocusBlast,FakeOut,Protect|Timid||M|||50|]Floette-Eternal||Floettite|FlowerVeil|DazzlingGleam,DrainingKiss,CalmMind,Protect|Timid||F|||50|]Ceruledge||ColburBerry|FlashFire|BitterBlade,ShadowSneak,BulkUp,Protect|Adamant||F|||50|
|inactive|Battle timer is ON: inactive players will automatically lose when time's up. (requested by That1Morpecko)
|inactive|Voltx5 has 60 seconds left.
|inactive|Voltx5 has 30 seconds left.
|inactive|Voltx5 has 20 seconds left.
|
|t:|1782701808
|teamsize|p1|4
|teamsize|p2|4
|start
|switch|p1a: Lopunny|Lopunny, L50, F|100/100
|switch|p1b: Torkoal|Torkoal, L50, F|100/100
|switch|p2a: Floette|Floette-Eternal, L50, F|100/100
|switch|p2b: Incineroar|Incineroar, L50, F|100/100
|-ability|p2b: Incineroar|Intimidate|boost
|-unboost|p1a: Lopunny|atk|1
|-unboost|p1b: Torkoal|atk|1
|-weather|SunnyDay|[from] ability: Drought|[of] p1b: Torkoal
|turn|1
|
|t:|1782701830
|detailschange|p1a: Lopunny|Lopunny-Mega, L50, F
|-mega|p1a: Lopunny|Lopunny|Lopunnite
|move|p2a: Floette|Protect|p2a: Floette
|-singleturn|p2a: Floette|Protect
|move|p1b: Torkoal|Protect|p1b: Torkoal
|-singleturn|p1b: Torkoal|Protect
|move|p1a: Lopunny|Fake Out|p2a: Floette
|-activate|p2a: Floette|move: Protect
|move|p2b: Incineroar|Fake Out|p1b: Torkoal
|-activate|p1b: Torkoal|move: Protect
|
|-weather|SunnyDay|[upkeep]
|upkeep
|turn|2
|
|t:|1782701842
|detailschange|p2a: Floette|Floette-Mega, L50, F
|-mega|p2a: Floette|Floette|Floettite
|-ability|p2a: Floette|Fairy Aura
|move|p1a: Lopunny|After You|p1b: Torkoal
|-activate|p1b: Torkoal|move: After You
|move|p1b: Torkoal|Eruption|p2a: Floette|[spread] p2a,p2b
|-resisted|p2b: Incineroar|1
|-damage|p2a: Floette|26/100
|-damage|p2b: Incineroar|57/100
|move|p2a: Floette|Dazzling Gleam|p1a: Lopunny|[spread] p1a,p1b
|-supereffective|p1a: Lopunny|1
|-resisted|p1b: Torkoal|1
|-damage|p1a: Lopunny|0 fnt
|-damage|p1b: Torkoal|75/100
|faint|p1a: Lopunny
|move|p2b: Incineroar|Throat Chop|p1b: Torkoal
|-damage|p1b: Torkoal|46/100
|-start|p1b: Torkoal|Throat Chop|[silent]
|
|-weather|SunnyDay|[upkeep]
|upkeep
|
|t:|1782701851
|switch|p1a: Sinistcha|Sinistcha-Masterpiece, L50|100/100
|-heal|p1b: Torkoal|70/100|[from] ability: Hospitality|[of] p1a: Sinistcha
|turn|3
|
|t:|1782701878
|move|p2a: Floette|Protect|p2a: Floette
|-singleturn|p2a: Floette|Protect
|move|p2b: Incineroar|Parting Shot|p1b: Torkoal
|-unboost|p1b: Torkoal|atk|1
|-unboost|p1b: Torkoal|spa|1
|
|t:|1782701884
|switch|p2b: Ceruledge|Ceruledge, L50, F|100/100|[from] Parting Shot
|move|p1a: Sinistcha|Life Dew||[still]|[spread] p1a,p1b
|-fail|p1a: Sinistcha|heal
|-heal|p1b: Torkoal|95/100
|move|p1b: Torkoal|Flamethrower|p2a: Floette
|-activate|p2a: Floette|move: Protect
|
|-weather|SunnyDay|[upkeep]
|-end|p1b: Torkoal|Throat Chop|[silent]
|upkeep
|turn|4
|
|t:|1782701905
|move|p1a: Sinistcha|Protect|p1a: Sinistcha
|-singleturn|p1a: Sinistcha|Protect
|move|p2b: Ceruledge|Shadow Sneak|p1b: Torkoal
|-damage|p1b: Torkoal|76/100
|move|p2a: Floette|Dazzling Gleam|p1a: Sinistcha|[spread] p1b
|-activate|p1a: Sinistcha|move: Protect
|-resisted|p1b: Torkoal|1
|-damage|p1b: Torkoal|53/100
|move|p1b: Torkoal|Flamethrower|p2a: Floette
|-damage|p2a: Floette|0 fnt
|faint|p2a: Floette
|
|-weather|SunnyDay|[upkeep]
|upkeep
|
|t:|1782701928
|switch|p2a: Incineroar|Incineroar, L50, F|57/100
|-ability|p2a: Incineroar|Intimidate|boost
|-unboost|p1a: Sinistcha|atk|1
|-unboost|p1b: Torkoal|atk|1
|turn|5
|inactive|Voltx5 has 30 seconds left.
|
|t:|1782701955
|switch|p1b: Spiritomb|Spiritomb, L50, M, shiny|100/100
|move|p2a: Incineroar|Fake Out|p1b: Spiritomb
|-immune|p1b: Spiritomb
|move|p2b: Ceruledge|Bulk Up|p2b: Ceruledge
|-boost|p2b: Ceruledge|atk|1
|-boost|p2b: Ceruledge|def|1
|move|p1a: Sinistcha|Life Dew||[still]|[still]|[spread] 
|-fail|p1a: Sinistcha|heal
|-fail|p1b: Spiritomb|heal
|
|-weather|none
|upkeep
|turn|6
|
|t:|1782701977
|move|p2b: Ceruledge|Protect|p2b: Ceruledge
|-singleturn|p2b: Ceruledge|Protect
|move|p1a: Sinistcha|Rage Powder|p1a: Sinistcha
|-singleturn|p1a: Sinistcha|move: Rage Powder
|move|p2a: Incineroar|Flare Blitz|p1a: Sinistcha
|-supereffective|p1a: Sinistcha|1
|-damage|p1a: Sinistcha|17/100
|-enditem|p1a: Sinistcha|Sitrus Berry|[eat]
|-heal|p1a: Sinistcha|42/100|[from] item: Sitrus Berry
|-damage|p2a: Incineroar|34/100|[from] Recoil
|-enditem|p2a: Incineroar|Sitrus Berry|[eat]
|-heal|p2a: Incineroar|58/100|[from] item: Sitrus Berry
|move|p1b: Spiritomb|Trick Room|p1b: Spiritomb
|-fieldstart|move: Trick Room|[of] p1b: Spiritomb
|
|upkeep
|turn|7
|inactive|Voltx5 has 30 seconds left.
|inactive|That1Morpecko has 30 seconds left.
|inactive|That1Morpecko has 20 seconds left.
|
|t:|1782702012
|move|p1a: Sinistcha|Rage Powder|p1a: Sinistcha
|-singleturn|p1a: Sinistcha|move: Rage Powder
|move|p2b: Ceruledge|Shadow Sneak|p1a: Sinistcha
|-supereffective|p1a: Sinistcha|1
|-damage|p1a: Sinistcha|0 fnt
|faint|p1a: Sinistcha
|move|p1b: Spiritomb|Nasty Plot|p1b: Spiritomb
|-boost|p1b: Spiritomb|spa|2
|move|p2a: Incineroar|Flare Blitz|p1b: Spiritomb
|-damage|p1b: Spiritomb|57/100
|-damage|p2a: Incineroar|48/100|[from] Recoil
|
|upkeep
|
|t:|1782702016
|switch|p1a: Torkoal|Torkoal, L50, F|53/100
|-weather|SunnyDay|[from] ability: Drought|[of] p1a: Torkoal
|turn|8
|
|t:|1782702025
|move|p2b: Ceruledge|Shadow Sneak|p1b: Spiritomb
|-damage|p1b: Spiritomb|25/100
|move|p1a: Torkoal|Earth Power|p2a: Incineroar
|-supereffective|p2a: Incineroar|1
|-damage|p2a: Incineroar|2/100
|move|p1b: Spiritomb|Dark Pulse|p2b: Ceruledge
|-supereffective|p2b: Ceruledge|1
|-enditem|p2b: Ceruledge|Colbur Berry|[eat]
|-enditem|p2b: Ceruledge|Colbur Berry|[weaken]
|-damage|p2b: Ceruledge|43/100
|move|p2a: Incineroar|Throat Chop|p1a: Torkoal
|-damage|p1a: Torkoal|24/100
|-start|p1a: Torkoal|Throat Chop|[silent]
|
|-weather|SunnyDay|[upkeep]
|upkeep
|turn|9
|inactive|Voltx5 has 30 seconds left.
|
|t:|1782702052
|move|p1b: Spiritomb|Protect|p1b: Spiritomb
|-singleturn|p1b: Spiritomb|Protect
|move|p2b: Ceruledge|Protect|p2b: Ceruledge
|-singleturn|p2b: Ceruledge|Protect
|move|p1a: Torkoal|Earth Power|p2a: Incineroar
|-supereffective|p2a: Incineroar|1
|-damage|p2a: Incineroar|0 fnt
|faint|p2a: Incineroar
|
|-weather|SunnyDay|[upkeep]
|-end|p1a: Torkoal|Throat Chop|[silent]
|upkeep
|
|t:|1782702058
|switch|p2a: Sinistcha|Sinistcha, L50|100/100
|-heal|p2b: Ceruledge|68/100|[from] ability: Hospitality|[of] p2a: Sinistcha
|turn|10
|
|t:|1782702069
|move|p2a: Sinistcha|Rage Powder|p2a: Sinistcha
|-singleturn|p2a: Sinistcha|move: Rage Powder
|move|p2b: Ceruledge|Shadow Sneak|p1b: Spiritomb
|-damage|p1b: Spiritomb|0 fnt
|faint|p1b: Spiritomb
|move|p1a: Torkoal|Flamethrower|p2a: Sinistcha
|-supereffective|p2a: Sinistcha|1
|-damage|p2a: Sinistcha|0 fnt
|faint|p2a: Sinistcha
|
|-weather|SunnyDay|[upkeep]
|-fieldend|move: Trick Room
|upkeep
|turn|11
|
|t:|1782702080
|move|p2b: Ceruledge|Shadow Sneak|p1a: Torkoal
|-damage|p1a: Torkoal|0 fnt
|faint|p1a: Torkoal
|
|win|That1Morpecko
||Voltx5 is ready for game 2.
||That1Morpecko is ready for game 2.
|uhtml|next|Next: Game 2 of 3
|l|☆Voltx5
|player|p1|
