|j|☆Metal Legs Solid
|j|☆gentlemangarby
|html|Metal Legs Solidgentlemangarby    
|uhtml|bestof|Game 2 of a best-of-3
|t:|1785286499
|gametype|doubles
|player|p1|Metal Legs Solid|byron|
|player|p2|gentlemangarby|crasherwake|
|gen|9
|tier|[Gen 9 Champions] VGC 2026 Reg M-B (Bo3)
|rule|Species Clause: Limit one of each Pokémon
|rule|Item Clause: Limit 1 of each item
|clearpoke
|poke|p1|Venusaur, L50, M|
|poke|p1|Charizard, L50, M|
|poke|p1|Archaludon, L50, M|
|poke|p1|Pelipper, L50, F|
|poke|p1|Grimmsnarl, L50, M|
|poke|p1|Basculegion, L50, M|
|poke|p2|Sneasler, L50, M|
|poke|p2|Farigiraf, L50, M|
|poke|p2|Camerupt, L50, F|
|poke|p2|Primarina, L50, F|
|poke|p2|Sinistcha, L50|
|poke|p2|Kingambit, L50, F|
|teampreview|4
|showteam|p1|Venusaur||FocusSash|Chlorophyll|EarthPower,SludgeBomb,SleepPowder,Protect|Modest||M|||50|]Charizard||CharizarditeY|Blaze|WeatherBall,HeatWave,SolarBeam,Protect|Modest||M|||50|]Archaludon||Leftovers|Stamina|ElectroShot,DragonPulse,FlashCannon,Protect|Calm||M|||50|]Pelipper||SitrusBerry|Drizzle|WeatherBall,Tailwind,Hurricane,WideGuard|Modest||F|||50|]Grimmsnarl||LightClay|Prankster|PartingShot,LightScreen,Reflect,SpiritBreak|Sassy||M|||50|]Basculegion||ChoiceScarf|Adaptability|LastRespects,FlipTurn,AquaJet,WaveCrash|Jolly||M|||50|
|showteam|p2|Sneasler||IronBall|Unburden|CloseCombat,GunkShot,Fling,FakeOut|Adamant||M|||50|]Farigiraf||SitrusBerry|ArmorTail|Psychic,Thunderbolt,Protect,TrickRoom|Bold||M|||50|]Camerupt||Cameruptite|SolidRock|HeatWave,EarthPower,AncientPower,Protect|Quiet||F|||50|]Primarina||LifeOrb|LiquidVoice|HyperVoice,Moonblast,AquaJet,Protect|Quiet||F|||50|]Sinistcha||FocusSash|Hospitality|MatchaGotcha,ShadowBall,RagePowder,TrickRoom|Quiet|||||50|]Kingambit||BlackGlasses|Defiant|KowtowCleave,SuckerPunch,IronHead,SwordsDance|Brave||F|||50|
|j| Local_shinobi
|j| Sloth diesel
|inactive|Battle timer is ON: inactive players will automatically lose when time's up. (requested by Metal Legs Solid)
|l| Sloth diesel
|inactive|Metal Legs Solid has 60 seconds left.
|j| Sloth diesel
|
|t:|1785286587
|teamsize|p1|4
|teamsize|p2|4
|start
|switch|p1a: Charizard|Charizard, L50, M|100/100
|switch|p1b: Venusaur|Venusaur, L50, M|100/100
|switch|p2a: Sneasler|Sneasler, L50, M|100/100
|switch|p2b: Farigiraf|Farigiraf, L50, M|100/100
|turn|1
|inactive|Metal Legs Solid has 30 seconds left.
|l| Local_shinobi
|
|t:|1785286614
|detailschange|p1a: Charizard|Charizard-Mega-Y, L50, M
|-mega|p1a: Charizard|Charizard|Charizardite Y
|-weather|SunnyDay|[from] ability: Drought|[of] p1a: Charizard
|move|p2a: Sneasler|Fake Out|p1b: Venusaur
|-damage|p1b: Venusaur|79/100
|cant|p1b: Venusaur|flinch
|move|p1a: Charizard|Heat Wave|p2b: Farigiraf|[spread] p2a,p2b
|-damage|p2a: Sneasler|20/100y
|-damage|p2b: Farigiraf|43/100
|-status|p2a: Sneasler|brn
|-enditem|p2b: Farigiraf|Sitrus Berry|[eat]
|-heal|p2b: Farigiraf|68/100|[from] item: Sitrus Berry
|move|p2b: Farigiraf|Trick Room|p2b: Farigiraf
|-fieldstart|move: Trick Room|[of] p2b: Farigiraf
|
|-weather|SunnyDay|[upkeep]
|-damage|p2a: Sneasler|14/100 brn|[from] brn
|upkeep
|turn|2
|inactive|Metal Legs Solid has 30 seconds left.
|inactive|Metal Legs Solid has 20 seconds left.
|
|t:|1785286652
|switch|p1b: Archaludon|Archaludon, L50, M|100/100
|move|p2a: Sneasler|Gunk Shot|p1a: Charizard
|-damage|p1a: Charizard|67/100
|-status|p1a: Charizard|psn
|move|p2b: Farigiraf|Psychic|p1b: Archaludon
|-resisted|p1b: Archaludon|1
|-damage|p1b: Archaludon|86/100
|-ability|p1b: Archaludon|Stamina|boost
|-boost|p1b: Archaludon|def|1
|move|p1a: Charizard|Weather Ball|p2b: Farigiraf
|-damage|p2b: Farigiraf|0 fnt
|faint|p2b: Farigiraf
|
|-weather|SunnyDay|[upkeep]
|-heal|p1b: Archaludon|92/100|[from] item: Leftovers
|-damage|p1a: Charizard|55/100 psn|[from] psn
|-damage|p2a: Sneasler|9/100 brn|[from] brn
|upkeep
|
|t:|1785286660
|switch|p2b: Camerupt|Camerupt, L50, F|100/100
|turn|3
|inactive|Metal Legs Solid has 30 seconds left.
|
|t:|1785286691
|switch|p2a: Kingambit|Kingambit, L50, F|100/100
|switch|p1b: Pelipper|Pelipper, L50, F|100/100
|-weather|RainDance|[from] ability: Drizzle|[of] p1b: Pelipper
|detailschange|p2b: Camerupt|Camerupt-Mega, L50, F
|-mega|p2b: Camerupt|Camerupt|Cameruptite
|move|p2b: Camerupt|Ancient Power|p1a: Charizard
|-supereffective|p1a: Charizard|2
|-damage|p1a: Charizard|0 fnt
|faint|p1a: Charizard
|
|-weather|RainDance|[upkeep]
|upkeep
|inactive|Metal Legs Solid has 30 seconds left.
|
|t:|1785286717
|switch|p1a: Venusaur|Venusaur, L50, M|79/100
|turn|4
|
|t:|1785286741
|switch|p1b: Archaludon|Archaludon, L50, M|92/100
|move|p2b: Camerupt|Ancient Power|p1b: Archaludon
|-resisted|p1b: Archaludon|1
|-damage|p1b: Archaludon|78/100
|-ability|p1b: Archaludon|Stamina|boost
|-boost|p1b: Archaludon|def|1
|move|p2a: Kingambit|Kowtow Cleave|p1b: Archaludon
|-damage|p1b: Archaludon|48/100
|-ability|p1b: Archaludon|Stamina|boost
|-boost|p1b: Archaludon|def|1
|move|p1a: Venusaur|Sleep Powder|p2a: Kingambit
|-status|p2a: Kingambit|slp|[from] move: Sleep Powder
|
|-weather|RainDance|[upkeep]
|-heal|p1b: Archaludon|54/100|[from] item: Leftovers
|upkeep
|turn|5
|l| Sloth diesel
|inactive|Metal Legs Solid has 30 seconds left.
|
|t:|1785286774
|move|p1b: Archaludon|Protect|p1b: Archaludon
|-singleturn|p1b: Archaludon|Protect
|move|p2b: Camerupt|Earth Power|p1b: Archaludon
|-activate|p1b: Archaludon|move: Protect
|cant|p2a: Kingambit|slp
|move|p1a: Venusaur|Sleep Powder|p2b: Camerupt|[miss]
|-miss|p1a: Venusaur|p2b: Camerupt
|
|-weather|RainDance|[upkeep]
|-heal|p1b: Archaludon|60/100|[from] item: Leftovers
|-fieldend|move: Trick Room
|upkeep
|turn|6
|j| Sloth diesel
|inactive|gentlemangarby has 30 seconds left.
|
|t:|1785286800
|move|p2b: Camerupt|Protect|p2b: Camerupt
|-singleturn|p2b: Camerupt|Protect
|move|p1a: Venusaur|Sleep Powder|p2b: Camerupt
|-activate|p2b: Camerupt|move: Protect
|move|p1b: Archaludon|Electro Shot||[still]
|-prepare|p1b: Archaludon|Electro Shot
|-boost|p1b: Archaludon|spa|1
|-anim|p1b: Archaludon|Electro Shot|p2a: Kingambit
|-crit|p2a: Kingambit
|-damage|p2a: Kingambit|26/100 slp
|-curestatus|p2a: Kingambit|slp|[msg]
|move|p2a: Kingambit|Swords Dance|p2a: Kingambit
|-boost|p2a: Kingambit|atk|2
|
|-weather|RainDance|[upkeep]
|-heal|p1b: Archaludon|67/100|[from] item: Leftovers
|upkeep
|turn|7
|inactive|Metal Legs Solid has 30 seconds left.
|
|t:|1785286830
|move|p2a: Kingambit|Sucker Punch||[still]
|-fail|p2a: Kingambit
|move|p1a: Venusaur|Sleep Powder|p2b: Camerupt
|-status|p2b: Camerupt|slp|[from] move: Sleep Powder
|move|p1b: Archaludon|Electro Shot||[still]
|-prepare|p1b: Archaludon|Electro Shot
|-boost|p1b: Archaludon|spa|1
|-anim|p1b: Archaludon|Electro Shot|p2a: Kingambit
|-damage|p2a: Kingambit|0 fnt
|faint|p2a: Kingambit
|cant|p2b: Camerupt|slp
|
|-weather|none
|-heal|p1b: Archaludon|73/100|[from] item: Leftovers
|upkeep
|
|t:|1785286839
|switch|p2a: Sneasler|Sneasler, L50, M|9/100 brn
|turn|8
|
|t:|1785286861
|cant|p2b: Camerupt|slp
|move|p1a: Venusaur|Earth Power|p2b: Camerupt
|-supereffective|p2b: Camerupt|1
|-damage|p2b: Camerupt|40/100 slp
|move|p1b: Archaludon|Dragon Pulse|p2b: Camerupt
|-damage|p2b: Camerupt|0 fnt
|faint|p2b: Camerupt
|move|p2a: Sneasler|Fling|p1a: Venusaur
|-damage|p1a: Venusaur|49/100
|-enditem|p2a: Sneasler|Iron Ball|[from] move: Fling
|
|-heal|p1b: Archaludon|79/100|[from] item: Leftovers
|-damage|p2a: Sneasler|3/100 brn|[from] brn
|upkeep
|turn|9
|-message|gentlemangarby forfeited.
|
|win|Metal Legs Solid
||gentlemangarby is ready for game 3.
||Metal Legs Solid is ready for game 3.
|uhtml|next|Next: Game 3 of 3
|l| Sloth diesel
|j| Local_shinobi
|l| Local_shinobi
|j| Local_shinobi
|j| Sloth diesel
|l| Local_shinobi
|l| Sloth diesel
|l|☆Metal Legs Solid
|player|p1|
