|j|☆edwarthdf
|j|☆ALXlor
|html|edwarthdfALXlor    
|uhtml|bestof|Game 2 of a best-of-3
|t:|1757022436
|gametype|doubles
|player|p1|edwarthdf|acetrainer-gen4dp|1154
|player|p2|ALXlor|101|1073
|gen|9
|tier|[Gen 9] VGC 2025 Reg H (Bo3)
|rated|
|rule|Species Clause: Limit one of each Pokémon
|rule|Item Clause: Limit 1 of each item
|clearpoke
|poke|p1|Gholdengo, L50|
|poke|p1|Sneasler, L50, F|
|poke|p1|Rillaboom, L50, M|
|poke|p1|Ninetales-Alola, L50, F|
|poke|p1|Dragonite, L50, M|
|poke|p1|Arcanine-Hisui, L50, M|
|poke|p2|Ursaluna, L50, M|
|poke|p2|Tauros-Paldea-Aqua, L50, M|
|poke|p2|Dragapult, L50, F|
|poke|p2|Rillaboom, L50, F|
|poke|p2|Coalossal, L50, F|
|poke|p2|Porygon2, L50|
|teampreview|4
|showteam|p1|Gholdengo||GrassySeed|GoodasGold|NastyPlot,MakeItRain,ShadowBall,Protect||||||50|,,,,,Water]Sneasler||WhiteHerb|Unburden|CloseCombat,DireClaw,Coaching,Protect|||F|||50|,,,,,Ghost]Rillaboom||AssaultVest|GrassySurge|FakeOut,GrassyGlide,DrumBeating,HighHorsepower|||M|||50|,,,,,Fire]Ninetales-Alola||FocusSash|SnowWarning|Blizzard,IcyWind,Encore,AuroraVeil|||F|||50|,,,,,Ghost]Dragonite||LoadedDice|Multiscale|ScaleShot,StompingTantrum,Tailwind,Protect|||M|||50|,,,,,Ground]Arcanine-Hisui||ClearAmulet|Intimidate|RockSlide,FlareBlitz,ExtremeSpeed,Protect|||M|||50|,,,,,Water
|showteam|p2|Ursaluna||FlameOrb|Guts|Facade,HeadlongRush,Earthquake,Protect|||M|||50|,,,,,Ground]Tauros-Paldea-Aqua||MirrorHerb|Intimidate|RagingBull,CloseCombat,WildCharge,Protect|||M|||50|,,,,,Electric]Dragapult||FocusSash|CursedBody|DragonDarts,WillOWisp,Surf,ThunderWave|||F|||50|,,,,,Dark]Rillaboom||MiracleSeed|GrassySurge|FakeOut,WoodHammer,GrassyGlide,Protect|||F|||50|,,,,,Grass]Coalossal||WeaknessPolicy|SteamEngine|HeatWave,PowerGem,Flamethrower,Protect|||F|||50|,,,,,Fire]Porygon2||Eviolite|Download|TeraBlast,IceBeam,TrickRoom,Recover||||||50|,,,,,Ghost
|inactive|Battle timer is ON: inactive players will automatically lose when time's up. (requested by ALXlor)
|inactive|edwarthdf has 60 seconds left.
|inactive|edwarthdf has 30 seconds left.
|inactive|edwarthdf has 20 seconds left.
|inactive|edwarthdf has 15 seconds left.
|inactive|edwarthdf has 10 seconds left.
|
|t:|1757022527
|teamsize|p1|4
|teamsize|p2|4
|start
|switch|p1a: Gholdengo|Gholdengo, L50|100/100
|switch|p1b: Rillaboom|Rillaboom, L50, M, shiny|100/100
|switch|p2a: Coalossal|Coalossal, L50, F|100/100
|switch|p2b: Dragapult|Dragapult, L50, F|100/100
|-fieldstart|move: Grassy Terrain|[from] ability: Grassy Surge|[of] p1b: Rillaboom
|-enditem|p1a: Gholdengo|Grassy Seed
|-boost|p1a: Gholdengo|def|1|[from] item: Grassy Seed
|turn|1
|inactive|edwarthdf has 30 seconds left.
|inactive|ALXlor has 30 seconds left.
|inactive|ALXlor has 20 seconds left.
|inactive|ALXlor has 15 seconds left.
|inactive|ALXlor has 10 seconds left.
|
|t:|1757022574
|-terastallize|p2a: Coalossal|Fire
|move|p1b: Rillaboom|Fake Out|p2a: Coalossal
|-damage|p2a: Coalossal|89/100
|move|p2b: Dragapult|Surf|p1a: Gholdengo|[spread] p2a,p1a,p1b
|-supereffective|p2a: Coalossal
|-resisted|p1b: Rillaboom
|-damage|p2a: Coalossal|64/100
|-damage|p1a: Gholdengo|88/100
|-damage|p1b: Rillaboom|96/100
|-ability|p2a: Coalossal|Steam Engine|boost
|-boost|p2a: Coalossal|spe|6
|-enditem|p2a: Coalossal|Weakness Policy
|-boost|p2a: Coalossal|atk|2|[from] item: Weakness Policy
|-boost|p2a: Coalossal|spa|2|[from] item: Weakness Policy
|cant|p2a: Coalossal|flinch
|move|p1a: Gholdengo|Nasty Plot|p1a: Gholdengo
|-boost|p1a: Gholdengo|spa|2
|
|-heal|p2a: Coalossal|70/100|[from] Grassy Terrain
|-heal|p1b: Rillaboom|100/100|[from] Grassy Terrain
|-heal|p1a: Gholdengo|94/100|[from] Grassy Terrain
|upkeep
|turn|2
|inactive|edwarthdf has 30 seconds left.
|inactive|ALXlor has 30 seconds left.
|
|t:|1757022608
|-terastallize|p1a: Gholdengo|Water
|move|p2a: Coalossal|Heat Wave|p1a: Gholdengo|[spread] p1a,p1b
|-resisted|p1a: Gholdengo
|-supereffective|p1b: Rillaboom
|-damage|p1a: Gholdengo|56/100
|-damage|p1b: Rillaboom|0 fnt
|faint|p1b: Rillaboom
|move|p2b: Dragapult|Will-O-Wisp|p1a: Gholdengo
|-immune|p1a: Gholdengo|[from] ability: Good as Gold
|move|p1a: Gholdengo|Shadow Ball|p2a: Coalossal
|-damage|p2a: Coalossal|0 fnt
|faint|p2a: Coalossal
|
|-heal|p1a: Gholdengo|62/100|[from] Grassy Terrain
|upkeep
|inactive|ALXlor has 30 seconds left.
|
|t:|1757022639
|switch|p1b: Ninetales|Ninetales-Alola, L50, F, shiny|100/100
|switch|p2a: Tauros|Tauros-Paldea-Aqua, L50, M|100/100
|-weather|Snowscape|[from] ability: Snow Warning|[of] p1b: Ninetales
|-ability|p2a: Tauros|Intimidate|boost
|-unboost|p1a: Gholdengo|atk|1
|-unboost|p1b: Ninetales|atk|1
|turn|3
|
|t:|1757022656
|move|p2b: Dragapult|Thunder Wave|p1b: Ninetales
|-status|p1b: Ninetales|par
|move|p2a: Tauros|Wild Charge|p1a: Gholdengo
|-supereffective|p1a: Gholdengo
|-damage|p1a: Gholdengo|23/100
|-damage|p2a: Tauros|88/100|[from] Recoil
|move|p1a: Gholdengo|Shadow Ball|p2b: Dragapult
|-supereffective|p2b: Dragapult
|-enditem|p2b: Dragapult|Focus Sash
|-damage|p2b: Dragapult|1/100
|move|p1b: Ninetales|Icy Wind|p2a: Tauros|[spread] p2a,p2b
|-resisted|p2a: Tauros
|-supereffective|p2b: Dragapult
|-damage|p2a: Tauros|74/100
|-damage|p2b: Dragapult|0 fnt
|-unboost|p2a: Tauros|spe|1
|faint|p2b: Dragapult
|
|-weather|Snowscape|[upkeep]
|-heal|p1a: Gholdengo|30/100|[from] Grassy Terrain
|-heal|p2a: Tauros|80/100|[from] Grassy Terrain
|upkeep
|
|t:|1757022677
|switch|p2b: Rillaboom|Rillaboom, L50, F|100/100
|turn|4
|
|t:|1757022694
|move|p1a: Gholdengo|Protect|p1a: Gholdengo
|-singleturn|p1a: Gholdengo|Protect
|move|p2b: Rillaboom|Fake Out|p1b: Ninetales
|-damage|p1b: Ninetales|85/100 par
|move|p2a: Tauros|Close Combat|p1a: Gholdengo
|-activate|p1a: Gholdengo|move: Protect
|cant|p1b: Ninetales|flinch
|
|-weather|Snowscape|[upkeep]
|-heal|p1a: Gholdengo|36/100|[from] Grassy Terrain
|-heal|p2a: Tauros|86/100|[from] Grassy Terrain
|-heal|p1b: Ninetales|91/100 par|[from] Grassy Terrain
|upkeep
|turn|5
|inactive|edwarthdf has 30 seconds left.
|inactive|ALXlor has 30 seconds left.
|
|t:|1757022728
|move|p2b: Rillaboom|Grassy Glide|p1a: Gholdengo
|-supereffective|p1a: Gholdengo
|-damage|p1a: Gholdengo|0 fnt
|faint|p1a: Gholdengo
|move|p2a: Tauros|Raging Bull|p1b: Ninetales
|-damage|p1b: Ninetales|48/100 par
|move|p1b: Ninetales|Aurora Veil|p1b: Ninetales
|-sidestart|p1: edwarthdf|move: Aurora Veil
|
|-weather|Snowscape|[upkeep]
|-heal|p2a: Tauros|92/100|[from] Grassy Terrain
|-heal|p1b: Ninetales|54/100 par|[from] Grassy Terrain
|-fieldend|move: Grassy Terrain
|upkeep
|
|t:|1757022740
|switch|p1a: Sneasler|Sneasler, L50, F|100/100
|turn|6
|inactive|ALXlor has 30 seconds left.
|
|t:|1757022765
|move|p1a: Sneasler|Close Combat|p2a: Tauros
|-damage|p2a: Tauros|24/100
|-unboost|p1a: Sneasler|def|1
|-unboost|p1a: Sneasler|spd|1
|-enditem|p1a: Sneasler|White Herb
|-clearnegativeboost|p1a: Sneasler|[silent]
|move|p2a: Tauros|Raging Bull|p1a: Sneasler
|-sideend|p1: edwarthdf|move: Aurora Veil
|-damage|p1a: Sneasler|46/100
|move|p2b: Rillaboom|Wood Hammer|p1b: Ninetales
|-crit|p1b: Ninetales
|-damage|p1b: Ninetales|0 fnt
|faint|p1b: Ninetales
|-damage|p2b: Rillaboom|86/100|[from] Recoil
|
|-weather|Snowscape|[upkeep]
|upkeep
|turn|7
|inactive|edwarthdf has 30 seconds left.
|
|t:|1757022798
|move|p1a: Sneasler|Dire Claw|p2a: Tauros
|-damage|p2a: Tauros|0 fnt
|faint|p2a: Tauros
|move|p2b: Rillaboom|Wood Hammer|p1a: Sneasler
|-resisted|p1a: Sneasler
|-damage|p1a: Sneasler|0 fnt
|faint|p1a: Sneasler
|-damage|p2b: Rillaboom|71/100|[from] Recoil
|
|win|ALXlor
|raw|edwarthdf's rating: 1154 → 1123(-31 for losing)
|raw|ALXlor's rating: 1073 → 1109(+36 for winning)
|l|☆ALXlor
|player|p2|
