|j|☆Light_Nova7
|j|☆x-demon18
|html|Light_Nova7x-demon18    
|uhtml|bestof|Game 2 of a best-of-3
|t:|1784539465
|gametype|doubles
|player|p1|Light_Nova7|hilbert|1107
|player|p2|x-demon18|lucas|1100
|gen|9
|tier|[Gen 9 Champions] VGC 2026 Reg M-B (Bo3)
|rated|
|rule|Species Clause: Limit one of each Pokémon
|rule|Item Clause: Limit 1 of each item
|clearpoke
|poke|p1|Staraptor, L50, M|
|poke|p1|Tyranitar, L50, F|
|poke|p1|Rotom-Wash, L50|
|poke|p1|Excadrill, L50, M|
|poke|p1|Venusaur, L50, M|
|poke|p1|Charizard, L50, F|
|poke|p2|Incineroar, L50, F|
|poke|p2|Rotom-Wash, L50|
|poke|p2|Venusaur, L50, F|
|poke|p2|Corviknight, L50, M|
|poke|p2|Sylveon, L50, F|
|poke|p2|Garchomp, L50, M|
|teampreview|4
|showteam|p1|Staraptor||Staraptite|Intimidate|BraveBird,CloseCombat,Tailwind,Protect|Jolly||M|||50|]Tyranitar||ChoiceScarf|SandStream|RockSlide,KnockOff,IcePunch,LowKick|Jolly||F|||50|]Rotom-Wash||Magnet|Levitate|HydroPump,Thunderbolt,VoltSwitch,Protect|Modest|||||50|]Excadrill||FocusSash|SandRush|Earthquake,IronHead,RockSlide,Protect|Adamant||M|||50|]Venusaur||Venusaurite|Chlorophyll|SludgeBomb,GigaDrain,SleepPowder,Protect|Modest||M|||50|]Charizard||CharizarditeY|Blaze|HeatWave,WeatherBall,AirSlash,Protect|Hasty||F|||50|
|showteam|p2|Incineroar||ExpertBelt|Intimidate|FakeOut,TemperFlare,ThroatChop,PartingShot|Adamant||F|||50|]Rotom-Wash||RindoBerry|Levitate|HydroPump,Electroweb,WillOWisp,VoltSwitch|Modest|||||50|]Venusaur||Venusaurite|Chlorophyll|GigaDrain,SludgeBomb,EarthPower,Protect|Modest||F|||50|]Corviknight||OccaBerry|MirrorArmor|Tailwind,DualWingbeat,IronHead,BodyPress|Adamant||M|||50|]Sylveon||FairyFeather|Pixilate|HyperVoice,QuickAttack,Yawn,Detect|Modest||F|||50|]Garchomp||LifeOrb|RoughSkin|RockSlide,DragonClaw,StompingTantrum,Protect|Jolly||M|||50|
|inactive|Battle timer is ON: inactive players will automatically lose when time's up. (requested by Light_Nova7)
|
|t:|1784539484
|teamsize|p1|4
|teamsize|p2|4
|start
|switch|p1a: Staraptor|Staraptor, L50, M|100/100
|switch|p1b: Rotom|Rotom-Wash, L50|100/100
|switch|p2a: HydroVolt|Rotom-Wash, L50|100/100
|switch|p2b: Wolverine|Incineroar, L50, F|100/100
|-ability|p1a: Staraptor|Intimidate|boost
|-unboost|p2a: HydroVolt|atk|1
|-unboost|p2b: Wolverine|atk|1
|-ability|p2b: Wolverine|Intimidate|boost
|-unboost|p1a: Staraptor|atk|1
|-unboost|p1b: Rotom|atk|1
|turn|1
|inactive|x-demon18 has 30 seconds left.
|
|t:|1784539510
|move|p1a: Staraptor|Protect|p1a: Staraptor
|-singleturn|p1a: Staraptor|Protect
|move|p1b: Rotom|Protect|p1b: Rotom
|-singleturn|p1b: Rotom|Protect
|move|p2b: Wolverine|Fake Out|p1a: Staraptor
|-activate|p1a: Staraptor|move: Protect
|move|p2a: HydroVolt|Will-O-Wisp|p1a: Staraptor
|-activate|p1a: Staraptor|move: Protect
|
|upkeep
|turn|2
|inactive|Light_Nova7 has 30 seconds left.
|
|t:|1784539541
|switch|p2b: Frieren|Sylveon, L50, F|100/100
|move|p1a: Staraptor|Tailwind|p1a: Staraptor
|-sidestart|p1: Light_Nova7|move: Tailwind
|move|p1b: Rotom|Hydro Pump|p2b: Frieren
|-damage|p2b: Frieren|64/100
|move|p2a: HydroVolt|Volt Switch|p1a: Staraptor
|-supereffective|p1a: Staraptor|1
|-damage|p1a: Staraptor|13/100
|
|t:|1784539551
|switch|p2a: Wolverine|Incineroar, L50, F|100/100|[from] Volt Switch
|-ability|p2a: Wolverine|Intimidate|boost
|-unboost|p1a: Staraptor|atk|1
|-unboost|p1b: Rotom|atk|1
|
|upkeep
|turn|3
|
|t:|1784539571
|move|p1a: Staraptor|Protect|p1a: Staraptor
|-singleturn|p1a: Staraptor|Protect
|move|p2a: Wolverine|Fake Out|p1b: Rotom
|-damage|p1b: Rotom|87/100
|move|p2b: Frieren|Quick Attack|p1a: Staraptor
|-activate|p1a: Staraptor|move: Protect
|cant|p1b: Rotom|flinch
|
|upkeep
|turn|4
|
|t:|1784539594
|switch|p1a: Venusaur|Venusaur, L50, M|100/100
|switch|p2a: HydroVolt|Rotom-Wash, L50|100/100
|move|p1b: Rotom|Hydro Pump|p2a: HydroVolt
|-resisted|p2a: HydroVolt|1
|-damage|p2a: HydroVolt|77/100
|move|p2b: Frieren|Hyper Voice|p1a: Venusaur|[spread] p1a,p1b
|-resisted|p1a: Venusaur|1
|-damage|p1a: Venusaur|78/100
|-damage|p1b: Rotom|45/100
|
|upkeep
|turn|5
|
|t:|1784539616
|switch|p2a: Wolverine|Incineroar, L50, F|100/100
|-ability|p2a: Wolverine|Intimidate|boost
|-unboost|p1a: Venusaur|atk|1
|-unboost|p1b: Rotom|atk|1
|move|p2b: Frieren|Detect|p2b: Frieren
|-singleturn|p2b: Frieren|Protect
|move|p1a: Venusaur|Giga Drain|p2a: Wolverine
|-resisted|p2a: Wolverine|1
|-damage|p2a: Wolverine|86/100
|-heal|p1a: Venusaur|85/100|[from] drain|[of] p2a: Wolverine
|move|p1b: Rotom|Volt Switch|p2b: Frieren
|-activate|p2b: Frieren|move: Protect
|
|-sideend|p1: Light_Nova7|move: Tailwind
|upkeep
|turn|6
|inactive|x-demon18 has 30 seconds left.
|
|t:|1784539649
|switch|p1a: Staraptor|Staraptor, L50, M|13/100
|-ability|p1a: Staraptor|Intimidate|boost
|-unboost|p2a: Wolverine|atk|1
|-unboost|p2b: Frieren|atk|1
|move|p2a: Wolverine|Fake Out|p1a: Staraptor
|-damage|p1a: Staraptor|2/100
|move|p1b: Rotom|Volt Switch|p2b: Frieren
|-damage|p2b: Frieren|37/100
|
|t:|1784539659
|switch|p1b: Charizard|Charizard, L50, F|100/100|[from] Volt Switch
|move|p2b: Frieren|Yawn|p1a: Staraptor
|-start|p1a: Staraptor|move: Yawn|[of] p2b: Frieren
|
|upkeep
|turn|7
|inactive|x-demon18 has 30 seconds left.
|
|t:|1784539686
|move|p1b: Charizard|Protect|p1b: Charizard
|-singleturn|p1b: Charizard|Protect
|move|p1a: Staraptor|Tailwind|p1a: Staraptor
|-sidestart|p1: Light_Nova7|move: Tailwind
|move|p2b: Frieren|Yawn||[still]
|-fail|p2b: Frieren
|move|p2a: Wolverine|Parting Shot|p1b: Charizard
|-activate|p1b: Charizard|move: Protect
|
|-end|p1a: Staraptor|move: Yawn|[silent]
|-status|p1a: Staraptor|slp
|upkeep
|turn|8
|inactive|Light_Nova7 has 30 seconds left.
|inactive|Light_Nova7 has 20 seconds left.
|inactive|Light_Nova7 has 15 seconds left.
|
|t:|1784539729
|switch|p1a: Rotom|Rotom-Wash, L50|45/100
|switch|p2b: HydroVolt|Rotom-Wash, L50|77/100
|detailschange|p1b: Charizard|Charizard-Mega-Y, L50, F
|-mega|p1b: Charizard|Charizard|Charizardite Y
|-weather|SunnyDay|[from] ability: Drought|[of] p1b: Charizard
|move|p1b: Charizard|Weather Ball|p2b: HydroVolt
|-resisted|p2b: HydroVolt|1
|-damage|p2b: HydroVolt|34/100
|move|p2a: Wolverine|Parting Shot|p1b: Charizard
|-unboost|p1b: Charizard|atk|1
|-unboost|p1b: Charizard|spa|1
|
|t:|1784539750
|switch|p2a: Berserk|Garchomp, L50, M|100/100|[from] Parting Shot
|
|-weather|SunnyDay|[upkeep]
|upkeep
|turn|9
|
|t:|1784539762
|move|p1b: Charizard|Protect|p1b: Charizard
|-singleturn|p1b: Charizard|Protect
|move|p1a: Rotom|Hydro Pump|p2a: Berserk
|-damage|p2a: Berserk|76/100
|move|p2a: Berserk|Rock Slide|p1b: Charizard|[spread] p1a
|-activate|p1b: Charizard|move: Protect
|-damage|p1a: Rotom|20/100y
|-damage|p2a: Berserk|66/100|[from] item: Life Orb
|move|p2b: HydroVolt|Electroweb|p1a: Rotom|[spread] p1a
|-activate|p1b: Charizard|move: Protect
|-damage|p1a: Rotom|2/100
|-unboost|p1a: Rotom|spe|1
|
|-weather|SunnyDay|[upkeep]
|upkeep
|turn|10
|inactive|Light_Nova7 has 30 seconds left.
|
|t:|1784539792
|move|p2a: Berserk|Protect|p2a: Berserk
|-singleturn|p2a: Berserk|Protect
|move|p1b: Charizard|Air Slash|p2a: Berserk
|-activate|p2a: Berserk|move: Protect
|move|p1a: Rotom|Hydro Pump|p2a: Berserk
|-activate|p2a: Berserk|move: Protect
|move|p2b: HydroVolt|Electroweb|p1a: Rotom|[spread] p1a,p1b
|-supereffective|p1b: Charizard|1
|-damage|p1a: Rotom|0 fnt
|-damage|p1b: Charizard|64/100
|-unboost|p1b: Charizard|spe|1
|faint|p1a: Rotom
|
|-weather|SunnyDay|[upkeep]
|-sideend|p1: Light_Nova7|move: Tailwind
|upkeep
|
|t:|1784539806
|switch|p1a: Venusaur|Venusaur, L50, M|85/100
|turn|11
|
|t:|1784539824
|switch|p2a: Wolverine|Incineroar, L50, F|86/100
|-ability|p2a: Wolverine|Intimidate|boost
|-unboost|p1a: Venusaur|atk|1
|-unboost|p1b: Charizard|atk|1
|move|p1a: Venusaur|Sleep Powder|p2a: Wolverine
|-status|p2a: Wolverine|slp|[from] move: Sleep Powder
|move|p2b: HydroVolt|Volt Switch|p1b: Charizard
|-supereffective|p1b: Charizard|1
|-damage|p1b: Charizard|0 fnt
|faint|p1b: Charizard
|-message|Light_Nova7 forfeited.
|
|win|x-demon18
|raw|Light_Nova7's rating: 1107 → 1081(-26 for losing)
|raw|x-demon18's rating: 1100 → 1126(+26 for winning)
|l|☆Light_Nova7
|player|p1|
