|j|☆ufhednarvgc
|j|☆tmjp01
|html|ufhednarvgctmjp01    
|uhtml|bestof|Game 3 of a best-of-3
|t:|1786075536
|gametype|doubles
|player|p1|ufhednarvgc|lance|1164
|player|p2|tmjp01|265|1202
|gen|9
|tier|[Gen 9 Champions] VGC 2026 Reg M-B (Bo3)
|rated|
|rule|Species Clause: Limit one of each Pokémon
|rule|Item Clause: Limit 1 of each item
|clearpoke
|poke|p1|Arcanine-Hisui, L50, M|
|poke|p1|Kingambit, L50, M|
|poke|p1|Raichu, L50, M|
|poke|p1|Farigiraf, L50, M|
|poke|p1|Sylveon, L50, F|
|poke|p1|Staraptor, L50, M|
|poke|p2|Basculegion, L50, M|
|poke|p2|Whimsicott, L50, M|
|poke|p2|Kommo-o, L50, M|
|poke|p2|Ninetales-Alola, L50, M|
|poke|p2|Glimmora, L50, F|
|poke|p2|Kingambit, L50, M|
|teampreview|4
|showteam|p1|Arcanine-Hisui||FocusSash|RockHead|FlareBlitz,HeadSmash,ExtremeSpeed,Protect|Jolly||M|||50|]Kingambit||LifeOrb|Defiant|KowtowCleave,SuckerPunch,SwordsDance,Protect|Adamant||M|||50|]Raichu||RaichuniteY|LightningRod|ZapCannon,FocusBlast,FakeOut,Protect|Timid||M|||50|]Farigiraf||SitrusBerry|ArmorTail|Psychic,HelpingHand,TrickRoom,Protect|Modest||M|||50|]Sylveon||FairyFeather|Pixilate|HyperVoice,HyperBeam,QuickAttack,Detect|Modest||F|||50|]Staraptor||Staraptite|Intimidate|CloseCombat,DualWingbeat,Roost,Protect|Jolly||M|||50|
|showteam|p2|Basculegion||ChoiceScarf|Adaptability|FlipTurn,AquaJet,LastRespects,WaveCrash|Jolly||M|||50|]Whimsicott||FocusSash|Prankster|Moonblast,Protect,Encore,Tailwind|Timid||M|||50|]Kommo-o||LifeOrb|Soundproof|ClangingScales,AuraSphere,VacuumWave,Protect|Modest||M|||50|]Ninetales-Alola||NeverMeltIce|SnowWarning|Protect,Encore,Blizzard,FreezeDry|Timid||M|||50|]Glimmora||Glimmoranite|ToxicDebris|SludgeBomb,PowerGem,SpikyShield,EarthPower|Modest||F|||50|]Kingambit||ChopleBerry|Defiant|KowtowCleave,SuckerPunch,IronHead,LowKick|Adamant||M|||50|
|
|t:|1786075564
|teamsize|p1|4
|teamsize|p2|4
|start
|switch|p1a: Raichu|Raichu, L50, M|100/100
|switch|p1b: Kingambit|Kingambit, L50, M|100/100
|switch|p2a: Kingambit|Kingambit, L50, M|100/100
|switch|p2b: Kommo-o|Kommo-o, L50, M|100/100
|turn|1
|
|t:|1786075589
|switch|p1b: Sylveon|Sylveon, L50, F|100/100
|detailschange|p1a: Raichu|Raichu-Mega-Y, L50, M
|-mega|p1a: Raichu|Raichu|Raichunite Y
|move|p1a: Raichu|Fake Out|p2a: Kingambit
|-resisted|p2a: Kingambit|1
|-damage|p2a: Kingambit|97/100
|move|p2b: Kommo-o|Aura Sphere|p1b: Sylveon
|-resisted|p1b: Sylveon|1
|-damage|p1b: Sylveon|80/100
|-damage|p2b: Kommo-o|90/100|[from] item: Life Orb
|cant|p2a: Kingambit|flinch
|
|upkeep
|turn|2
|
|t:|1786075606
|move|p2b: Kommo-o|Protect|p2b: Kommo-o
|-singleturn|p2b: Kommo-o|Protect
|move|p2a: Kingambit|Sucker Punch|p1a: Raichu
|-damage|p1a: Raichu|31/100
|move|p1a: Raichu|Zap Cannon|p2a: Kingambit
|-damage|p2a: Kingambit|42/100
|-status|p2a: Kingambit|par
|move|p1b: Sylveon|Hyper Voice|p2a: Kingambit|[spread] p2a
|-activate|p2b: Kommo-o|move: Protect
|-crit|p2a: Kingambit
|-damage|p2a: Kingambit|0 fnt
|faint|p2a: Kingambit
|
|upkeep
|
|t:|1786075636
|switch|p2a: Basculegion|Basculegion, L50, M|100/100
|turn|3
|
|t:|1786075656
|switch|p1a: Kingambit|Kingambit, L50, M|100/100
|switch|p2b: Glimmora|Glimmora, L50, F|100/100
|move|p1b: Sylveon|Detect|p1b: Sylveon
|-singleturn|p1b: Sylveon|Protect
|move|p2a: Basculegion|Last Respects|p1a: Kingambit
|-resisted|p1a: Kingambit|1
|-damage|p1a: Kingambit|78/100
|
|upkeep
|turn|4
|
|t:|1786075680
|switch|p2a: Kommo-o|Kommo-o, L50, M|90/100
|detailschange|p2b: Glimmora|Glimmora-Mega, L50, F
|-mega|p2b: Glimmora|Glimmora|Glimmoranite
|move|p2b: Glimmora|Sludge Bomb|p1b: Sylveon
|-supereffective|p1b: Sylveon|1
|-damage|p1b: Sylveon|0 fnt
|faint|p1b: Sylveon
|move|p1a: Kingambit|Swords Dance|p1a: Kingambit
|-boost|p1a: Kingambit|atk|2
|
|upkeep
|
|t:|1786075689
|switch|p1b: Farigiraf|Farigiraf, L50, M|100/100
|turn|5
|
|t:|1786075717
|move|p1a: Kingambit|Protect|p1a: Kingambit
|-singleturn|p1a: Kingambit|Protect
|move|p2b: Glimmora|Sludge Bomb|p1b: Farigiraf
|-damage|p1b: Farigiraf|38/100
|-enditem|p1b: Farigiraf|Sitrus Berry|[eat]
|-heal|p1b: Farigiraf|63/100|[from] item: Sitrus Berry
|move|p2a: Kommo-o|Aura Sphere|p1a: Kingambit
|-activate|p1a: Kingambit|move: Protect
|move|p1b: Farigiraf|Trick Room|p1b: Farigiraf
|-fieldstart|move: Trick Room|[of] p1b: Farigiraf
|
|upkeep
|turn|6
|
|t:|1786075732
|move|p2b: Glimmora|Spiky Shield|p2b: Glimmora
|-singleturn|p2b: Glimmora|move: Protect
|move|p1a: Kingambit|Kowtow Cleave|p2a: Kommo-o
|-resisted|p2a: Kommo-o|1
|-damage|p2a: Kommo-o|29/100
|-damage|p1a: Kingambit|69/100|[from] item: Life Orb
|move|p1b: Farigiraf|Psychic|p2a: Kommo-o
|-supereffective|p2a: Kommo-o|1
|-damage|p2a: Kommo-o|0 fnt
|faint|p2a: Kommo-o
|
|upkeep
|
|t:|1786075739
|switch|p2a: Basculegion|Basculegion, L50, M|100/100
|turn|7
|
|t:|1786075752
|move|p1b: Farigiraf|Helping Hand|p1a: Kingambit
|-singleturn|p1a: Kingambit|Helping Hand|[of] p1b: Farigiraf
|move|p1a: Kingambit|Kowtow Cleave|p2b: Glimmora
|-damage|p2b: Glimmora|0 fnt
|faint|p2b: Glimmora
|-damage|p1a: Kingambit|59/100|[from] item: Life Orb
|move|p2a: Basculegion|Wave Crash|p1b: Farigiraf
|-damage|p1b: Farigiraf|5/100
|-damage|p2a: Basculegion|77/100|[from] Recoil
|
|upkeep
|turn|8
|
|t:|1786075765
|move|p1a: Kingambit|Kowtow Cleave|p2a: Basculegion
|-supereffective|p2a: Basculegion|1
|-damage|p2a: Basculegion|0 fnt
|faint|p2a: Basculegion
|-damage|p1a: Kingambit|49/100|[from] item: Life Orb
|
|win|ufhednarvgc
|raw|ufhednarvgc's rating: 1164 → 1192(+28 for winning)
|raw|tmjp01's rating: 1202 → 1174(-28 for losing)
|l|☆tmjp01
|player|p2|
