|j|☆rennui-
|j|☆prosta1
|html|rennui-prosta1    
|uhtml|bestof|Game 3 of a best-of-3
|t:|1785008575
|gametype|doubles
|player|p1|rennui-|cheryl|1093
|player|p2|prosta1|102|1224
|gen|9
|tier|[Gen 9 Champions] VGC 2026 Reg M-B (Bo3)
|rated|
|rule|Species Clause: Limit one of each Pokémon
|rule|Item Clause: Limit 1 of each item
|clearpoke
|poke|p1|Kingambit, L50, M, shiny|
|poke|p1|Charizard, L50, M, shiny|
|poke|p1|Aerodactyl, L50, M|
|poke|p1|Farigiraf, L50, M, shiny|
|poke|p1|Garchomp, L50, F|
|poke|p1|Sylveon, L50, M|
|poke|p2|Gengar, L50, F|
|poke|p2|Swampert, L50, F|
|poke|p2|Incineroar, L50, M|
|poke|p2|Politoed, L50, F|
|poke|p2|Archaludon, L50, M|
|poke|p2|Vivillon, L50, F|
|teampreview|4
|showteam|p1|Kingambit||FocusSash|Defiant|KowtowCleave,IronHead,SuckerPunch,LowKick|Adamant||M|||50|]Charizard||CharizarditeY|Blaze|HeatWave,SolarBeam,WeatherBall,Protect|Modest||M|||50|]Aerodactyl||Aerodactylite|Unnerve|RockSlide,DualWingbeat,IceFang,Tailwind|Jolly||M|||50|]Farigiraf||SitrusBerry|ArmorTail|TwinBeam,HelpingHand,TrickRoom,Protect|Bold||M|||50|]Garchomp||LifeOrb|RoughSkin|StompingTantrum,DragonClaw,Earthquake,Protect|Jolly||F|||50|]Sylveon||FairyFeather|Pixilate|HyperVoice,HyperBeam,QuickAttack,Protect|Modest||M|||50|
|showteam|p2|Gengar||Gengarite|CursedBody|ShadowBall,SludgeBomb,PerishSong,Protect|Timid||F|||50|]Swampert||Swampertite|Damp|WaveCrash,Earthquake,IcePunch,Protect|Adamant||F|||50|]Incineroar||PasshoBerry|Intimidate|ThroatChop,PartingShot,FakeOut,Protect|Sassy||M|||50|]Politoed||SitrusBerry|Drizzle|WeatherBall,PerishSong,Hypnosis,Protect|Calm||F|||50|]Archaludon||Leftovers|Stamina|DragonPulse,FlashCannon,ElectroShot,Protect|Bold||M|||50|]Vivillon||FocusSash|CompoundEyes|Hurricane,SleepPowder,RagePowder,Protect|Timid||F|||50|
|inactive|Battle timer is ON: inactive players will automatically lose when time's up. (requested by rennui-)
|
|t:|1785008591
|teamsize|p1|4
|teamsize|p2|4
|start
|switch|p1a: Aerodactyl|Aerodactyl, L50, M|100/100
|switch|p1b: Kingambit|Kingambit, L50, M, shiny|100/100
|switch|p2a: Vivillon|Vivillon, L50, F|100/100
|switch|p2b: Gengar|Gengar, L50, F|100/100
|-ability|p1a: Aerodactyl|Unnerve
|turn|1
|inactive|prosta1 has 30 seconds left.
|inactive|prosta1 has 20 seconds left.
|
|t:|1785008629
|switch|p2b: Archaludon|Archaludon, L50, M|100/100
|detailschange|p1a: Aerodactyl|Aerodactyl-Mega, L50, M
|-mega|p1a: Aerodactyl|Aerodactyl|Aerodactylite
|move|p2a: Vivillon|Protect|p2a: Vivillon
|-singleturn|p2a: Vivillon|Protect
|move|p1a: Aerodactyl|Dual Wingbeat|p2a: Vivillon
|-activate|p2a: Vivillon|move: Protect
|move|p1b: Kingambit|Kowtow Cleave|p2b: Archaludon
|-damage|p2b: Archaludon|63/100
|-ability|p2b: Archaludon|Stamina|boost
|-boost|p2b: Archaludon|def|1
|
|-heal|p2b: Archaludon|69/100|[from] item: Leftovers
|upkeep
|turn|2
|
|t:|1785008645
|switch|p2a: Politoed|Politoed, L50, F|100/100
|-weather|RainDance|[from] ability: Drizzle|[of] p2a: Politoed
|switch|p1b: Garchomp|Garchomp, L50, F|100/100
|move|p1a: Aerodactyl|Dual Wingbeat|p2a: Politoed
|-damage|p2a: Politoed|75/100
|-damage|p2a: Politoed|54/100
|-hitcount|p2a: Politoed|2
|move|p2b: Archaludon|Electro Shot||[still]
|-prepare|p2b: Archaludon|Electro Shot
|-boost|p2b: Archaludon|spa|1
|-anim|p2b: Archaludon|Electro Shot|p1a: Aerodactyl
|-supereffective|p1a: Aerodactyl|1
|-damage|p1a: Aerodactyl|0 fnt
|faint|p1a: Aerodactyl
|
|-weather|RainDance|[upkeep]
|-heal|p2b: Archaludon|75/100|[from] item: Leftovers
|upkeep
|
|t:|1785008661
|switch|p1a: Sylveon|Sylveon, L50, M|100/100
|turn|3
|inactive|rennui- has 30 seconds left.
|
|t:|1785008686
|move|p1b: Garchomp|Stomping Tantrum|p2b: Archaludon
|-supereffective|p2b: Archaludon|1
|-damage|p2b: Archaludon|30/100
|-ability|p2b: Archaludon|Stamina|boost
|-boost|p2b: Archaludon|def|1
|-damage|p1b: Garchomp|90/100|[from] item: Life Orb
|move|p2b: Archaludon|Dragon Pulse|p1b: Garchomp
|-supereffective|p1b: Garchomp|1
|-damage|p1b: Garchomp|0 fnt
|faint|p1b: Garchomp
|move|p2a: Politoed|Weather Ball|p1a: Sylveon
|-damage|p1a: Sylveon|58/100
|move|p1a: Sylveon|Hyper Voice|p2a: Politoed|[spread] p2a,p2b
|-damage|p2a: Politoed|13/100
|-damage|p2b: Archaludon|0 fnt
|-enditem|p2a: Politoed|Sitrus Berry|[eat]
|-heal|p2a: Politoed|38/100|[from] item: Sitrus Berry
|faint|p2b: Archaludon
|
|-weather|RainDance|[upkeep]
|upkeep
|
|t:|1785008706
|switch|p1b: Kingambit|Kingambit, L50, M, shiny|100/100
|switch|p2b: Vivillon|Vivillon, L50, F|100/100
|turn|4
|
|t:|1785008729
|move|p2b: Vivillon|Sleep Powder|p1b: Kingambit
|-status|p1b: Kingambit|slp|[from] move: Sleep Powder
|cant|p1b: Kingambit|slp
|move|p2a: Politoed|Perish Song|p2a: Politoed
|-start|p1a: Sylveon|perish3|[silent]
|-start|p1b: Kingambit|perish3|[silent]
|-start|p2a: Politoed|perish3|[silent]
|-start|p2b: Vivillon|perish3|[silent]
|-fieldactivate|move: Perish Song
|move|p1a: Sylveon|Hyper Voice|p2b: Vivillon|[spread] p2a,p2b
|-damage|p2a: Politoed|0 fnt
|-damage|p2b: Vivillon|10/100
|faint|p2a: Politoed
|
|-weather|RainDance|[upkeep]
|-start|p2b: Vivillon|perish3
|-start|p1b: Kingambit|perish3
|-start|p1a: Sylveon|perish3
|upkeep
|
|t:|1785008742
|switch|p2a: Gengar|Gengar, L50, F|100/100
|turn|5
|
|t:|1785008760
|detailschange|p2a: Gengar|Gengar-Mega, L50, F
|-mega|p2a: Gengar|Gengar|Gengarite
|move|p2b: Vivillon|Protect|p2b: Vivillon
|-singleturn|p2b: Vivillon|Protect
|move|p1a: Sylveon|Protect|p1a: Sylveon
|-singleturn|p1a: Sylveon|Protect
|move|p2a: Gengar|Sludge Bomb|p1a: Sylveon
|-activate|p1a: Sylveon|move: Protect
|cant|p1b: Kingambit|slp
|
|-weather|RainDance|[upkeep]
|-start|p2b: Vivillon|perish2
|-start|p1b: Kingambit|perish2
|-start|p1a: Sylveon|perish2
|upkeep
|turn|6
|
|t:|1785008777
|move|p2a: Gengar|Protect|p2a: Gengar
|-singleturn|p2a: Gengar|Protect
|move|p1a: Sylveon|Quick Attack|p2b: Vivillon
|-damage|p2b: Vivillon|0 fnt
|faint|p2b: Vivillon
|-curestatus|p1b: Kingambit|slp|[msg]
|move|p1b: Kingambit|Kowtow Cleave|p2a: Gengar
|-activate|p2a: Gengar|move: Protect
|
|-weather|none
|-start|p1b: Kingambit|perish1
|-start|p1a: Sylveon|perish1
|upkeep
|turn|7
|
|t:|1785008790
|move|p2a: Gengar|Protect|p2a: Gengar
|-singleturn|p2a: Gengar|Protect
|move|p1a: Sylveon|Quick Attack|p2a: Gengar
|-activate|p2a: Gengar|move: Protect
|move|p1b: Kingambit|Kowtow Cleave|p2a: Gengar
|-activate|p2a: Gengar|move: Protect
|
|-start|p1b: Kingambit|perish0
|-start|p1a: Sylveon|perish0
|faint|p1b: Kingambit
|faint|p1a: Sylveon
|
|win|prosta1
|raw|rennui-'s rating: 1093 → 1078(-15 for losing)
|raw|prosta1's rating: 1224 → 1240(+16 for winning)
