|j|☆McPootisCakes
|j|☆opduo
|html|McPootisCakesopduo    
|uhtml|bestof|Game 1 of a best-of-3
|t:|1782411488
|gametype|doubles
|player|p1|McPootisCakes|ethan|1000
|player|p2|opduo|twins-gen4dp|1000
|gen|9
|tier|[Gen 9 Champions] VGC 2026 Reg M-B (Bo3)
|rated|
|rule|Species Clause: Limit one of each Pokémon
|rule|Item Clause: Limit 1 of each item
|clearpoke
|poke|p1|Pelipper, L50, M|
|poke|p1|Swampert, L50, F|
|poke|p1|Archaludon, L50, F|
|poke|p1|Sinistcha, L50|
|poke|p1|Grimmsnarl, L50, M|
|poke|p1|Floette-Eternal, L50, F|
|poke|p2|Altaria, L50, F, shiny|
|poke|p2|Basculegion, L50, M, shiny|
|poke|p2|Emolga, L50, F, shiny|
|poke|p2|Ditto, L50, shiny|
|poke|p2|Trevenant, L50, F, shiny|
|poke|p2|Incineroar, L50, M|
|teampreview|4
|showteam|p1|Pelipper||SitrusBerry|Drizzle|Tailwind,Hurricane,WeatherBall,Protect|Bold||M|||50|]Swampert||Swampertite|Damp|WaveCrash,Earthquake,IcePunch,Protect|Adamant||F|||50|]Archaludon||Leftovers|Stamina|DracoMeteor,FlashCannon,ElectroShot,Protect|Modest||F|||50|]Sinistcha||KasibBerry|Hospitality|MatchaGotcha,LifeDew,RagePowder,TrickRoom|Calm|||||50|]Grimmsnarl||LightClay|Prankster|SpiritBreak,Reflect,LightScreen,PartingShot|Careful||M|||50|]Floette-Eternal||Floettite|FlowerVeil|Moonblast,DazzlingGleam,CalmMind,Protect|Modest||F|||50|
|showteam|p2|Altaria||Altarianite|CloudNine|CottonGuard,HyperVoice,DracoMeteor,Protect|Timid||F|||50|]Basculegion||ChoiceScarf|MoldBreaker|LastRespects,WaveCrash,AquaJet,Crunch|Adamant||M|||50|]Emolga||FocusSash|Static|Defog,Nuzzle,Protect,Pounce|Jolly||F|||50|]Ditto||Leftovers|Imposter|Transform|Naive|||||50|]Trevenant||SitrusBerry|Harvest|PainSplit,Protect,Toxic,WoodHammer|Adamant||F|||50|]Incineroar||MentalHerb|Intimidate|PartingShot,FakeOut,Protect,IronHead|Impish||M|||50|
|c|☆opduo|boraaaaa
|inactive|Battle timer is ON: inactive players will automatically lose when time's up. (requested by opduo)
|
|t:|1782411602
|teamsize|p1|4
|teamsize|p2|4
|start
|switch|p1a: Grimmsnarl|Grimmsnarl, L50, M|100/100
|switch|p1b: Floette|Floette-Eternal, L50, F|100/100
|switch|p2a: Altaria|Altaria, L50, F, shiny|100/100
|switch|p2b: Trevenant|Trevenant, L50, F, shiny|100/100
|-ability|p2a: Altaria|Cloud Nine
|turn|1
|inactive|McPootisCakes has 30 seconds left.
|inactive|opduo has 30 seconds left.
|
|t:|1782411632
|detailschange|p2a: Altaria|Altaria-Mega, L50, F, shiny
|-mega|p2a: Altaria|Altaria|Altarianite
|detailschange|p1b: Floette|Floette-Mega, L50, F
|-mega|p1b: Floette|Floette|Floettite
|-ability|p1b: Floette|Fairy Aura
|move|p1b: Floette|Protect|p1b: Floette
|-singleturn|p1b: Floette|Protect
|move|p1a: Grimmsnarl|Light Screen|p1a: Grimmsnarl
|-sidestart|p1: McPootisCakes|move: Light Screen
|move|p2a: Altaria|Cotton Guard|p2a: Altaria
|-boost|p2a: Altaria|def|3
|move|p2b: Trevenant|Toxic|p1b: Floette
|-activate|p1b: Floette|move: Protect
|
|upkeep
|turn|2
|inactive|McPootisCakes has 30 seconds left.
|inactive|opduo has 30 seconds left.
|inactive|McPootisCakes has 20 seconds left.
|inactive|opduo has 20 seconds left.
|inactive|opduo has 15 seconds left.
|
|t:|1782411673
|move|p1b: Floette|Dazzling Gleam|p2a: Altaria|[spread] p2a,p2b
|-supereffective|p2a: Altaria|1
|-damage|p2a: Altaria|13/100
|-damage|p2b: Trevenant|57/100
|move|p2a: Altaria|Hyper Voice|p1a: Grimmsnarl|[spread] p1a,p1b
|-supereffective|p1a: Grimmsnarl|1
|-crit|p1a: Grimmsnarl
|-damage|p1a: Grimmsnarl|0 fnt
|-damage|p1b: Floette|77/100
|faint|p1a: Grimmsnarl
|move|p2b: Trevenant|Toxic|p1b: Floette
|-status|p1b: Floette|tox
|
|-damage|p1b: Floette|71/100 tox|[from] psn
|upkeep
|
|t:|1782411691
|switch|p1a: Archaludon|Archaludon, L50, F|100/100
|turn|3
|inactive|opduo has 30 seconds left.
|inactive|opduo has 20 seconds left.
|inactive|opduo has 15 seconds left.
|inactive|opduo has 10 seconds left.
|
|t:|1782411741
|move|p2a: Altaria|Protect|p2a: Altaria
|-singleturn|p2a: Altaria|Protect
|move|p2b: Trevenant|Protect|p2b: Trevenant
|-singleturn|p2b: Trevenant|Protect
|move|p1b: Floette|Dazzling Gleam|p2b: Trevenant|[spread] 
|-activate|p2a: Altaria|move: Protect
|-activate|p2b: Trevenant|move: Protect
|move|p1a: Archaludon|Flash Cannon|p2b: Trevenant
|-activate|p2b: Trevenant|move: Protect
|
|-damage|p1b: Floette|59/100 tox|[from] psn
|upkeep
|turn|4
|inactive|McPootisCakes has 30 seconds left.
|
|t:|1782411772
|move|p1b: Floette|Dazzling Gleam|p2a: Altaria|[spread] p2a,p2b
|-supereffective|p2a: Altaria|1
|-damage|p2a: Altaria|0 fnt
|-damage|p2b: Trevenant|13/100
|-enditem|p2b: Trevenant|Sitrus Berry|[eat]
|-heal|p2b: Trevenant|38/100|[from] item: Sitrus Berry
|faint|p2a: Altaria
|move|p1a: Archaludon|Flash Cannon|p2b: Trevenant
|-damage|p2b: Trevenant|2/100
|move|p2b: Trevenant|Pain Split|p2: Altaria|[notarget]
|-fail|p2b: Trevenant
|
|-damage|p1b: Floette|40/100 tox|[from] psn
|upkeep
|inactive|opduo has 30 seconds left.
|inactive|opduo has 20 seconds left.
|inactive|opduo has 15 seconds left.
|inactive|opduo has 10 seconds left.
|inactive|opduo has 5 seconds left.
|
|t:|1782411827
|switch|p2a: Emolga|Emolga, L50, F, shiny|100/100
|turn|5
|inactive|McPootisCakes has 30 seconds left.
|inactive|opduo has 30 seconds left.
|inactive|opduo has 20 seconds left.
|inactive|opduo has 15 seconds left.
|inactive|opduo has 10 seconds left.
|
|t:|1782411873
|switch|p1b: Sinistcha|Sinistcha, L50|100/100
|move|p2a: Emolga|Nuzzle|p1a: Archaludon
|-resisted|p1a: Archaludon|1
|-damage|p1a: Archaludon|98/100
|-status|p1a: Archaludon|par
|-ability|p1a: Archaludon|Stamina|boost
|-boost|p1a: Archaludon|def|1
|move|p2b: Trevenant|Pain Split|p1a: Archaludon
|-sethp|p1a: Archaludon|50/100g par|[from] move: Pain Split|[silent]
|-sethp|p2b: Trevenant|51/100|[from] move: Pain Split
|move|p1a: Archaludon|Flash Cannon|p2b: Trevenant
|-damage|p2b: Trevenant|13/100
|-unboost|p2b: Trevenant|spd|1
|
|-heal|p1a: Archaludon|56/100 par|[from] item: Leftovers
|upkeep
|turn|6
|inactive|McPootisCakes has 30 seconds left.
|inactive|opduo has 30 seconds left.
|
|t:|1782411906
|move|p2a: Emolga|Nuzzle|p1b: Sinistcha
|-resisted|p1b: Sinistcha|1
|-damage|p1b: Sinistcha|97/100
|-status|p1b: Sinistcha|par
|move|p2b: Trevenant|Pain Split|p1b: Sinistcha
|-sethp|p1b: Sinistcha|56/100 par|[from] move: Pain Split|[silent]
|-sethp|p2b: Trevenant|52/100|[from] move: Pain Split
|move|p1a: Archaludon|Flash Cannon|p2a: Emolga
|-resisted|p2a: Emolga|1
|-damage|p2a: Emolga|70/100
|move|p1b: Sinistcha|Matcha Gotcha|p2a: Emolga|[spread] p2b
|-miss|p1b: Sinistcha|p2a: Emolga
|-resisted|p2b: Trevenant|1
|-damage|p2b: Trevenant|33/100
|-heal|p1b: Sinistcha|66/100 par|[from] drain|[of] p2b: Trevenant
|
|-heal|p1a: Archaludon|62/100 par|[from] item: Leftovers
|upkeep
|turn|7
|inactive|McPootisCakes has 30 seconds left.
|inactive|opduo has 30 seconds left.
|inactive|opduo has 20 seconds left.
|inactive|opduo has 15 seconds left.
|
|t:|1782411949
|move|p2a: Emolga|Protect|p2a: Emolga
|-singleturn|p2a: Emolga|Protect
|move|p2b: Trevenant|Pain Split|p1b: Sinistcha
|-sethp|p1b: Sinistcha|51/100 par|[from] move: Pain Split|[silent]
|-sethp|p2b: Trevenant|47/100|[from] move: Pain Split
|move|p1a: Archaludon|Draco Meteor|p2b: Trevenant
|-damage|p2b: Trevenant|0 fnt
|-unboost|p1a: Archaludon|spa|2
|faint|p2b: Trevenant
|move|p1b: Sinistcha|Life Dew|p1b: Sinistcha|[spread] p1a,p1b
|-heal|p1a: Archaludon|87/100 par
|-heal|p1b: Sinistcha|76/100 par
|
|-heal|p1a: Archaludon|93/100 par|[from] item: Leftovers
|upkeep
|inactive|opduo has 30 seconds left.
|
|t:|1782411980
|switch|p2b: Basculegion|Basculegion, L50, M, shiny|100/100
|-ability|p2b: Basculegion|Mold Breaker
|turn|8
|inactive|McPootisCakes has 30 seconds left.
|
|t:|1782412010
|move|p2b: Basculegion|Last Respects|p1b: Sinistcha
|-supereffective|p1b: Sinistcha|1
|-enditem|p1b: Sinistcha|Kasib Berry|[eat]
|-enditem|p1b: Sinistcha|Kasib Berry|[weaken]
|-damage|p1b: Sinistcha|11/100 par
|move|p2a: Emolga|Pounce|p1a: Archaludon
|-resisted|p1a: Archaludon|1
|-damage|p1a: Archaludon|90/100 par
|-unboost|p1a: Archaludon|spe|1
|-ability|p1a: Archaludon|Stamina|boost
|-boost|p1a: Archaludon|def|1
|move|p1b: Sinistcha|Matcha Gotcha|p2b: Basculegion|[spread] p2a,p2b
|-resisted|p2a: Emolga|1
|-supereffective|p2b: Basculegion|1
|-damage|p2a: Emolga|52/100
|-heal|p1b: Sinistcha|20/100y par|[from] drain|[of] p2a: Emolga
|-damage|p2b: Basculegion|44/100
|-heal|p1b: Sinistcha|51/100 par|[from] drain|[of] p2b: Basculegion
|move|p1a: Archaludon|Electro Shot||[still]
|-prepare|p1a: Archaludon|Electro Shot
|-boost|p1a: Archaludon|spa|1
|
|-heal|p1a: Archaludon|96/100 par|[from] item: Leftovers
|-sideend|p1: McPootisCakes|move: Light Screen
|upkeep
|turn|9
|inactive|opduo has 30 seconds left.
|inactive|opduo has 20 seconds left.
|inactive|opduo has 15 seconds left.
|inactive|McPootisCakes has 30 seconds left.
|inactive|opduo has 10 seconds left.
|inactive|McPootisCakes has 20 seconds left.
|inactive|McPootisCakes has 15 seconds left.
|inactiveoff|Battle timer is now OFF.
|
|t:|1782412074
|move|p2a: Emolga|Protect|p2a: Emolga
|-singleturn|p2a: Emolga|Protect
|move|p1b: Sinistcha|Rage Powder|p1b: Sinistcha
|-singleturn|p1b: Sinistcha|move: Rage Powder
|move|p2b: Basculegion|Last Respects|p1b: Sinistcha
|-supereffective|p1b: Sinistcha|1
|-damage|p1b: Sinistcha|0 fnt
|faint|p1b: Sinistcha
|move|p1a: Archaludon|Electro Shot|p2b: Basculegion|[from] lockedmove
|-supereffective|p2b: Basculegion|1
|-damage|p2b: Basculegion|0 fnt
|faint|p2b: Basculegion
|
|-heal|p1a: Archaludon|100/100 par|[from] item: Leftovers
|upkeep
|
|t:|1782412086
|switch|p1b: Floette|Floette-Mega, L50, F|40/100 tox
|-ability|p1b: Floette|Fairy Aura
|turn|10
|
|t:|1782412098
|move|p1b: Floette|Moonblast|p2a: Emolga
|-damage|p2a: Emolga|0 fnt
|faint|p2a: Emolga
|
|win|McPootisCakes
