|j|☆freudianbreath
|j|☆Bogebebaru
|html|freudianbreathBogebebaru    
|uhtml|bestof|Game 2 of a best-of-3
|t:|1756626440
|gametype|doubles
|player|p1|freudianbreath|1|1047
|player|p2|Bogebebaru|psychic-gen4|1019
|gen|9
|tier|[Gen 9] VGC 2025 Reg H (Bo3)
|rated|
|rule|Species Clause: Limit one of each Pokémon
|rule|Item Clause: Limit 1 of each item
|clearpoke
|poke|p1|Incineroar, L50, M|
|poke|p1|Ursaluna, L50, F|
|poke|p1|Porygon2, L50|
|poke|p1|Dragonite, L50, M|
|poke|p1|Persian-Alola, L50, M|
|poke|p1|Kingambit, L50, M|
|poke|p2|Politoed, L50, F|
|poke|p2|Gothitelle, L50, M|
|poke|p2|Incineroar, L50, M|
|poke|p2|Amoonguss, L50, F|
|poke|p2|Kingdra, L50, F|
|poke|p2|Archaludon, L50, F|
|teampreview|4
|showteam|p1|Incineroar||SitrusBerry|Intimidate|FakeOut,KnockOff,WillOWisp,PartingShot|||M|||50|,,,,,Grass]Ursaluna||FlameOrb|Guts|Facade,HeadlongRush,Protect,Earthquake|||F|||50|,,,,,Ghost]Porygon2||Eviolite|Download|IceBeam,TeraBlast,Recover,TrickRoom||||||50|,,,,,Flying]Dragonite||LoadedDice|Multiscale|Protect,ScaleShot,ExtremeSpeed,StompingTantrum|||M|||50|,,,,,Steel]Persian-Alola||FocusSash|FurCoat|FakeOut,Protect,PartingShot,KnockOff|||M|||50|,,,,,Ghost]Kingambit||AssaultVest|Defiant|SuckerPunch,KowtowCleave,IronHead,LowKick|||M|||50|,,,,,Flying
|showteam|p2|Politoed||Leftovers|Drizzle|Protect,WeatherBall,PerishSong,Encore|||F|||50|,,,,,Grass]Gothitelle||SitrusBerry|ShadowTag|Protect,Psychic,FakeOut,TrickRoom|||M|||50|,,,,,Dark]Incineroar||SafetyGoggles|Intimidate|Protect,KnockOff,FakeOut,PartingShot|||M|||50|,,,,,Ghost]Amoonguss||EjectButton|Regenerator|Protect,RagePowder,PollenPuff,Spore|||F|||50|,,,,,Fairy]Kingdra||LifeOrb|SwiftSwim|Protect,WeatherBall,DracoMeteor,MuddyWater|||F|||50|,,,,,Stellar]Archaludon||PowerHerb|Sturdy|Protect,ElectroShot,DragonPulse,FlashCannon|||F|||50|,,,,,Electric
|inactive|Battle timer is ON: inactive players will automatically lose when time's up. (requested by Bogebebaru)
|inactive|freudianbreath has 60 seconds left.
|
|t:|1756626548
|teamsize|p1|4
|teamsize|p2|4
|start
|switch|p1a: Persian|Persian-Alola, L50, M|100/100
|switch|p1b: Incineroar|Incineroar, L50, M|100/100
|switch|p2a: Incineroar|Incineroar, L50, M|100/100
|switch|p2b: Gothitelle|Gothitelle, L50, M|100/100
|-ability|p1b: Incineroar|Intimidate|boost
|-unboost|p2a: Incineroar|atk|1
|-unboost|p2b: Gothitelle|atk|1
|-ability|p2a: Incineroar|Intimidate|boost
|-unboost|p1a: Persian|atk|1
|-unboost|p1b: Incineroar|atk|1
|turn|1
|inactive|freudianbreath has 30 seconds left.
|inactive|freudianbreath has 20 seconds left.
|inactive|freudianbreath has 15 seconds left.
|inactive|freudianbreath has 10 seconds left.
|inactive|freudianbreath has 5 seconds left.
|
|t:|1756626599
|move|p1a: Persian|Fake Out|p2b: Gothitelle
|-damage|p2b: Gothitelle|97/100
|cant|p2b: Gothitelle|flinch
|move|p1b: Incineroar|Parting Shot|p2a: Incineroar
|-unboost|p2a: Incineroar|atk|1
|-unboost|p2a: Incineroar|spa|1
|
|t:|1756626611
|switch|p1b: Ursaluna|Ursaluna, L50, F|100/100|[from] Parting Shot
|move|p2a: Incineroar|Knock Off|p1a: Persian
|-resisted|p1a: Persian
|-damage|p1a: Persian|92/100
|-enditem|p1a: Persian|Focus Sash|[from] move: Knock Off|[of] p2a: Incineroar
|
|-status|p1b: Ursaluna|brn|[from] item: Flame Orb
|upkeep
|turn|2
|inactive|freudianbreath has 30 seconds left.
|inactive|Bogebebaru has 30 seconds left.
|inactive|freudianbreath has 20 seconds left.
|inactive|freudianbreath has 15 seconds left.
|inactive|freudianbreath has 10 seconds left.
|
|t:|1756626658
|switch|p2b: Amoonguss|Amoonguss, L50, F|100/100
|move|p2a: Incineroar|Protect|p2a: Incineroar
|-singleturn|p2a: Incineroar|Protect
|move|p1a: Persian|Parting Shot|p2a: Incineroar
|-activate|p2a: Incineroar|move: Protect
|move|p1b: Ursaluna|Facade|p2a: Incineroar
|-activate|p2a: Incineroar|move: Protect
|
|-damage|p1b: Ursaluna|95/100 brn|[from] brn
|upkeep
|turn|3
|inactive|freudianbreath has 30 seconds left.
|inactive|freudianbreath has 20 seconds left.
|inactive|freudianbreath has 15 seconds left.
|
|t:|1756626700
|move|p1a: Persian|Protect|p1a: Persian
|-singleturn|p1a: Persian|Protect
|move|p1b: Ursaluna|Protect|p1b: Ursaluna
|-singleturn|p1b: Ursaluna|Protect
|move|p2b: Amoonguss|Rage Powder|p2b: Amoonguss
|-singleturn|p2b: Amoonguss|move: Rage Powder
|move|p2a: Incineroar|Parting Shot|p1b: Ursaluna
|-activate|p1b: Ursaluna|move: Protect
|
|-damage|p1b: Ursaluna|89/100 brn|[from] brn
|upkeep
|turn|4
|inactive|freudianbreath has 30 seconds left.
|inactive|freudianbreath has 20 seconds left.
|
|t:|1756626735
|switch|p1a: Dragonite|Dragonite, L50, M|100/100
|move|p2b: Amoonguss|Rage Powder|p2b: Amoonguss
|-singleturn|p2b: Amoonguss|move: Rage Powder
|move|p2a: Incineroar|Parting Shot|p1b: Ursaluna
|-unboost|p1b: Ursaluna|atk|1
|-unboost|p1b: Ursaluna|spa|1
|
|t:|1756626745
|switch|p2a: Politoed|Politoed, L50, F|100/100|[from] Parting Shot
|-weather|RainDance|[from] ability: Drizzle|[of] p2a: Politoed
|move|p1b: Ursaluna|Earthquake|p2a: Politoed|[spread] p2a,p2b
|-immune|p1a: Dragonite
|-crit|p2b: Amoonguss
|-damage|p2a: Politoed|52/100
|-damage|p2b: Amoonguss|30/100
|-enditem|p2b: Amoonguss|Eject Button
|l|☆freudianbreath
|inactive|freudianbreath disconnected and has a minute to reconnect!
|player|p1|
|j|☆freudianbreath
|inactive|freudianbreath reconnected.
|player|p1|freudianbreath|1|
|
|t:|1756626752
|switch|p2b: Incineroar|Incineroar, L50, M|100/100
|-ability|p2b: Incineroar|Intimidate|boost
|-unboost|p1a: Dragonite|atk|1
|-unboost|p1b: Ursaluna|atk|1
|
|-weather|RainDance|[upkeep]
|-heal|p2a: Politoed|58/100|[from] item: Leftovers
|-damage|p1b: Ursaluna|83/100 brn|[from] brn
|upkeep
|turn|5
|inactive|freudianbreath has 30 seconds left.
|inactive|freudianbreath has 20 seconds left.
|inactive|freudianbreath has 15 seconds left.
|inactive|freudianbreath has 10 seconds left.
|
|t:|1756626801
|switch|p1b: Incineroar|Incineroar, L50, M|100/100
|-ability|p1b: Incineroar|Intimidate|boost
|-unboost|p2a: Politoed|atk|1
|-unboost|p2b: Incineroar|atk|1
|move|p2b: Incineroar|Fake Out|p1a: Dragonite
|-damage|p1a: Dragonite|97/100
|cant|p1a: Dragonite|flinch
|move|p2a: Politoed|Weather Ball|p1b: Incineroar
|-supereffective|p1b: Incineroar
|-damage|p1b: Incineroar|22/100
|-enditem|p1b: Incineroar|Sitrus Berry|[eat]
|-heal|p1b: Incineroar|47/100|[from] item: Sitrus Berry
|
|-weather|RainDance|[upkeep]
|-heal|p2a: Politoed|64/100|[from] item: Leftovers
|upkeep
|turn|6
|inactive|freudianbreath has 30 seconds left.
|inactive|Bogebebaru has 30 seconds left.
|inactive|freudianbreath has 20 seconds left.
|inactive|Bogebebaru has 20 seconds left.
|inactive|freudianbreath has 15 seconds left.
|inactive|freudianbreath has 10 seconds left.
|
|t:|1756626851
|switch|p1a: Ursaluna|Ursaluna, L50, F|83/100 brn
|move|p2a: Politoed|Protect|p2a: Politoed
|-singleturn|p2a: Politoed|Protect
|move|p2b: Incineroar|Protect|p2b: Incineroar
|-singleturn|p2b: Incineroar|Protect
|move|p1b: Incineroar|Fake Out|p2a: Politoed
|-activate|p2a: Politoed|move: Protect
|
|-weather|RainDance|[upkeep]
|-heal|p2a: Politoed|70/100|[from] item: Leftovers
|-damage|p1a: Ursaluna|77/100 brn|[from] brn
|upkeep
|turn|7
|inactive|Bogebebaru has 30 seconds left.
|
|t:|1756626876
|move|p1a: Ursaluna|Protect|p1a: Ursaluna
|-singleturn|p1a: Ursaluna|Protect
|move|p2a: Politoed|Weather Ball|p1a: Ursaluna
|-activate|p1a: Ursaluna|move: Protect
|move|p1b: Incineroar|Parting Shot|p2a: Politoed
|-unboost|p2a: Politoed|atk|1
|-unboost|p2a: Politoed|spa|1
|
|t:|1756626886
|switch|p1b: Persian|Persian-Alola, L50, M|92/100|[from] Parting Shot
|move|p2b: Incineroar|Parting Shot|p1a: Ursaluna
|-activate|p1a: Ursaluna|move: Protect
|
|-weather|RainDance|[upkeep]
|-heal|p2a: Politoed|76/100|[from] item: Leftovers
|-damage|p1a: Ursaluna|71/100 brn|[from] brn
|upkeep
|turn|8
|inactive|freudianbreath has 30 seconds left.
|inactive|freudianbreath has 20 seconds left.
|
|t:|1756626925
|move|p2a: Politoed|Protect|p2a: Politoed
|-singleturn|p2a: Politoed|Protect
|move|p2b: Incineroar|Protect|p2b: Incineroar
|-singleturn|p2b: Incineroar|Protect
|move|p1b: Persian|Fake Out|p2a: Politoed
|-activate|p2a: Politoed|move: Protect
|move|p1a: Ursaluna|Headlong Rush|p2b: Incineroar
|-activate|p2b: Incineroar|move: Protect
|
|-weather|none
|-heal|p2a: Politoed|82/100|[from] item: Leftovers
|-damage|p1a: Ursaluna|65/100 brn|[from] brn
|upkeep
|turn|9
|inactive|freudianbreath has 30 seconds left.
|
|t:|1756626955
|switch|p2a: Amoonguss|Amoonguss, L50, F|63/100
|move|p1b: Persian|Knock Off|p2b: Incineroar
|-resisted|p2b: Incineroar
|-damage|p2b: Incineroar|89/100
|-enditem|p2b: Incineroar|Safety Goggles|[from] move: Knock Off|[of] p1b: Persian
|move|p2b: Incineroar|Parting Shot|p1a: Ursaluna
|-unboost|p1a: Ursaluna|atk|1
|-unboost|p1a: Ursaluna|spa|1
|
|t:|1756626974
|switch|p2b: Gothitelle|Gothitelle, L50, M|97/100|[from] Parting Shot
|move|p1a: Ursaluna|Earthquake|p2b: Gothitelle|[spread] p1b,p2a,p2b
|-damage|p1b: Persian|60/100
|-damage|p2a: Amoonguss|32/100
|-damage|p2b: Gothitelle|55/100
|
|-damage|p1a: Ursaluna|59/100 brn|[from] brn
|upkeep
|turn|10
|inactive|freudianbreath has 30 seconds left.
|inactive|freudianbreath has 20 seconds left.
|
|t:|1756627013
|switch|p2b: Incineroar|Incineroar, L50, M|89/100
|-ability|p2b: Incineroar|Intimidate|boost
|-unboost|p1a: Ursaluna|atk|1
|-unboost|p1b: Persian|atk|1
|-terastallize|p1a: Ursaluna|Ghost
|move|p1b: Persian|Protect|p1b: Persian
|-singleturn|p1b: Persian|Protect
|move|p1a: Ursaluna|Earthquake|p2a: Amoonguss|[spread] p2a,p2b
|-activate|p1b: Persian|move: Protect
|-supereffective|p2b: Incineroar
|-crit|p2b: Incineroar
|-damage|p2a: Amoonguss|6/100
|-damage|p2b: Incineroar|0 fnt
|faint|p2b: Incineroar
|move|p2a: Amoonguss|Spore|p1b: Persian
|-activate|p1b: Persian|move: Protect
|
|-damage|p1a: Ursaluna|53/100 brn|[from] brn
|upkeep
|
|t:|1756627029
|switch|p2b: Politoed|Politoed, L50, F|82/100
|-weather|RainDance|[from] ability: Drizzle|[of] p2b: Politoed
|turn|11
|inactive|freudianbreath has 25 seconds left this turn.
|inactive|freudianbreath has 20 seconds left.
|inactive|freudianbreath has 15 seconds left.
|
|t:|1756627046
|move|p1a: Ursaluna|Protect|p1a: Ursaluna
|-singleturn|p1a: Ursaluna|Protect
|move|p1b: Persian|Knock Off|p2a: Amoonguss
|-damage|p2a: Amoonguss|0 fnt
|faint|p2a: Amoonguss
|move|p2b: Politoed|Weather Ball|p1b: Persian
|-damage|p1b: Persian|0 fnt
|faint|p1b: Persian
|
|-weather|RainDance|[upkeep]
|-heal|p2b: Politoed|88/100|[from] item: Leftovers
|-damage|p1a: Ursaluna|47/100 brn|[from] brn
|upkeep
|inactive|freudianbreath has 15 seconds left this turn.
|inactive|freudianbreath has 10 seconds left.
|
|t:|1756627053
|switch|p1b: Incineroar|Incineroar, L50, M|47/100
|switch|p2a: Gothitelle|Gothitelle, L50, M|55/100
|-ability|p1b: Incineroar|Intimidate|boost
|-unboost|p2a: Gothitelle|atk|1
|-unboost|p2b: Politoed|atk|1
|turn|12
|inactive|freudianbreath has 10 seconds left this turn.
|
|t:|1756627066
|switch|p1a: Dragonite|Dragonite, L50, M|97/100
|move|p2b: Politoed|Protect|p2b: Politoed
|-singleturn|p2b: Politoed|Protect
|move|p2a: Gothitelle|Protect|p2a: Gothitelle
|-singleturn|p2a: Gothitelle|Protect
|move|p1b: Incineroar|Fake Out|p2b: Politoed
|-activate|p2b: Politoed|move: Protect
|
|-weather|RainDance|[upkeep]
|-heal|p2b: Politoed|94/100|[from] item: Leftovers
|upkeep
|turn|13
|inactive|freudianbreath has 10 seconds left this turn.
|
|t:|1756627076
|move|p1a: Dragonite|Scale Shot|p2b: Politoed
|-damage|p2b: Politoed|79/100
|-damage|p2b: Politoed|62/100
|-damage|p2b: Politoed|45/100
|-damage|p2b: Politoed|29/100
|-damage|p2b: Politoed|14/100
|-hitcount|p2b: Politoed|5
|-unboost|p1a: Dragonite|def|1
|-boost|p1a: Dragonite|spe|1
|move|p2b: Politoed|Weather Ball|p1b: Incineroar
|-supereffective|p1b: Incineroar
|-damage|p1b: Incineroar|0 fnt
|faint|p1b: Incineroar
|move|p2a: Gothitelle|Psychic|p1a: Dragonite
|-damage|p1a: Dragonite|67/100
|
|-weather|RainDance|[upkeep]
|-heal|p2b: Politoed|20/100|[from] item: Leftovers
|upkeep
|inactive|freudianbreath has 10 seconds left this turn.
|
|t:|1756627078
|switch|p1b: Ursaluna|Ursaluna, L50, F, tera:Ghost|47/100 brn
|turn|14
|inactive|freudianbreath has 10 seconds left this turn.
|inactive|freudianbreath has 5 seconds left.
|
|t:|1756627084
|move|p2b: Politoed|Protect|p2b: Politoed
|-singleturn|p2b: Politoed|Protect
|move|p1a: Dragonite|Extreme Speed|p2a: Gothitelle
|-damage|p2a: Gothitelle|27/100
|-enditem|p2a: Gothitelle|Sitrus Berry|[eat]
|-heal|p2a: Gothitelle|52/100|[from] item: Sitrus Berry
|move|p1b: Ursaluna|Earthquake|p2a: Gothitelle|[spread] p2a
|-activate|p2b: Politoed|move: Protect
|-immune|p1a: Dragonite
|-damage|p2a: Gothitelle|0 fnt
|faint|p2a: Gothitelle
|
|-weather|RainDance|[upkeep]
|-heal|p2b: Politoed|26/100|[from] item: Leftovers
|-damage|p1b: Ursaluna|41/100 brn|[from] brn
|upkeep
|turn|15
|inactive|freudianbreath has 5 seconds left this turn.
|-message|Bogebebaru forfeited.
|
|win|freudianbreath
|l|☆Bogebebaru
|player|p2|
||Bogebebaru is ready for game 3.
