|j|☆Nyute
|j|☆fratencio
|html|Nyutefratencio    
|uhtml|bestof|Game 1 of a best-of-3
|t:|1786131798
|gametype|doubles
|player|p1|Nyute|2|1040
|player|p2|fratencio|2|1068
|gen|9
|tier|[Gen 9 Champions] VGC 2026 Reg M-B (Bo3)
|rated|
|rule|Species Clause: Limit one of each Pokémon
|rule|Item Clause: Limit 1 of each item
|clearpoke
|poke|p1|Whimsicott, L50, M|
|poke|p1|Kingambit, L50, M|
|poke|p1|Garchomp, L50, F|
|poke|p1|Maushold, L50|
|poke|p1|Floette-Eternal, L50, F|
|poke|p1|Charizard, L50, M|
|poke|p2|Slowbro, L50, F|
|poke|p2|Raichu, L50, F, shiny|
|poke|p2|Mawile, L50, F|
|poke|p2|Houndoom, L50, M|
|poke|p2|Altaria, L50, F|
|poke|p2|Sceptile, L50, F, shiny|
|teampreview|4
|showteam|p1|Whimsicott||FocusSash|Prankster|Moonblast,Encore,Tailwind,Protect|Timid||M|||50|]Kingambit||BlackGlasses|Defiant|KowtowCleave,SuckerPunch,IronHead,Protect|Adamant||M|||50|]Garchomp||LifeOrb|RoughSkin|RockSlide,DragonClaw,Earthquake,Protect|Adamant||F|||50|]Maushold||ChopleBerry|FriendGuard|FollowMe,Taunt,Protect,PopulationBomb|Jolly|||||50|]Floette-Eternal||Floettite|FlowerVeil|Moonblast,DazzlingGleam,LightofRuin,Protect|Modest||F|||50|]Charizard||CharizarditeY|Blaze|HeatWave,SolarBeam,WeatherBall,Protect|Modest||M|||50|
|showteam|p2|Slowbro||ChestoBerry|Regenerator|MuddyWater,PsychicNoise,ShadowBall,TrickRoom|Calm||F|||50|]Raichu||RaichuniteX|LightningRod|Feint,FakeOut,VoltSwitch,BrickBreak|Jolly||F|||50|]Mawile||Mawilite|Intimidate|SwordsDance,IronHead,PlayRough,BatonPass|Jolly||F|||50|]Houndoom||Houndoominite|FlashFire|Protect,FireSpin,SuckerPunch,Snarl|Serious||M|||50|]Altaria||YacheBerry|CloudNine|IceBeam,DragonDance,DracoMeteor,Earthquake|Jolly||F|||50|]Sceptile||FocusSash|Unburden|Synthesis,ThunderPunch,Agility,BulletSeed|Adamant||F|||50|
|inactive|Battle timer is ON: inactive players will automatically lose when time's up. (requested by Nyute)
|inactive|fratencio has 60 seconds left.
|
|t:|1786131838
|teamsize|p1|4
|teamsize|p2|4
|start
|switch|p1a: Maushold|Maushold, L50|100/100
|switch|p1b: Garchomp|Garchomp, L50, F|100/100
|switch|p2a: Slowbro|Slowbro, L50, F|100/100
|switch|p2b: Raichu|Raichu, L50, F, shiny|100/100
|turn|1
|
|t:|1786131852
|move|p2b: Raichu|Fake Out|p1a: Maushold
|-damage|p1a: Maushold|88/100
|cant|p1a: Maushold|flinch
|move|p1b: Garchomp|Earthquake|p2a: Slowbro|[spread] p1a,p2a,p2b
|-supereffective|p2b: Raichu|1
|-damage|p1a: Maushold|11/100
|-damage|p2a: Slowbro|51/100
|-damage|p2b: Raichu|0 fnt
|faint|p2b: Raichu
|-damage|p1b: Garchomp|90/100|[from] item: Life Orb
|move|p2a: Slowbro|Trick Room|p2a: Slowbro
|-fieldstart|move: Trick Room|[of] p2a: Slowbro
|
|upkeep
|
|t:|1786131861
|switch|p2b: Mawile|Mawile, L50, F|100/100
|-ability|p2b: Mawile|Intimidate|boost
|-unboost|p1a: Maushold|atk|1
|-unboost|p1b: Garchomp|atk|1
|turn|2
|
|t:|1786131872
|detailschange|p2b: Mawile|Mawile-Mega, L50, F
|-mega|p2b: Mawile|Mawile|Mawilite
|move|p1a: Maushold|Follow Me|p1a: Maushold
|-singleturn|p1a: Maushold|move: Follow Me
|move|p2a: Slowbro|Muddy Water|p1b: Garchomp|[spread] p1a
|-miss|p2a: Slowbro|p1b: Garchomp
|-damage|p1a: Maushold|0 fnt
|faint|p1a: Maushold
|move|p2b: Mawile|Play Rough|p1b: Garchomp
|-supereffective|p1b: Garchomp|1
|-damage|p1b: Garchomp|0 fnt
|-damage|p2b: Mawile|88/100|[from] ability: Rough Skin|[of] p1b: Garchomp
|faint|p1b: Garchomp
|
|upkeep
|
|t:|1786131879
|switch|p1b: Whimsicott|Whimsicott, L50, M|100/100
|switch|p1a: Charizard|Charizard, L50, M|100/100
|turn|3
|
|t:|1786131900
|switch|p2b: Houndoom|Houndoom, L50, M|100/100
|detailschange|p1a: Charizard|Charizard-Mega-Y, L50, M
|-mega|p1a: Charizard|Charizard|Charizardite Y
|-weather|SunnyDay|[from] ability: Drought|[of] p1a: Charizard
|move|p1b: Whimsicott|Encore|p2b: Houndoom
|-hint|Since gen 7, Dark is immune to Prankster moves.
|-immune|p2b: Houndoom
|move|p2a: Slowbro|Muddy Water|p1b: Whimsicott|[spread] p1a,p1b
|-supereffective|p1a: Charizard|1
|-resisted|p1b: Whimsicott|1
|-damage|p1a: Charizard|75/100
|-damage|p1b: Whimsicott|90/100
|move|p1a: Charizard|Solar Beam||[still]
|-prepare|p1a: Charizard|Solar Beam
|-anim|p1a: Charizard|Solar Beam|p2a: Slowbro
|-supereffective|p2a: Slowbro|1
|-damage|p2a: Slowbro|0 fnt
|faint|p2a: Slowbro
|
|-weather|SunnyDay|[upkeep]
|upkeep
|
|t:|1786131919
|switch|p2a: Mawile|Mawile-Mega, L50, F|88/100
|turn|4
|
|t:|1786131927
|move|p1b: Whimsicott|Protect|p1b: Whimsicott
|-singleturn|p1b: Whimsicott|Protect
|move|p1a: Charizard|Protect|p1a: Charizard
|-singleturn|p1a: Charizard|Protect
|move|p2b: Houndoom|Sucker Punch||[still]
|-fail|p2b: Houndoom
|move|p2a: Mawile|Play Rough|p1a: Charizard
|-activate|p1a: Charizard|move: Protect
|
|-weather|SunnyDay|[upkeep]
|upkeep
|turn|5
|
|t:|1786131947
|move|p1b: Whimsicott|Encore|p2b: Houndoom
|-hint|Since gen 7, Dark is immune to Prankster moves.
|-immune|p2b: Houndoom
|move|p2a: Mawile|Swords Dance|p2a: Mawile
|-boost|p2a: Mawile|atk|2
|move|p2b: Houndoom|Snarl|p1b: Whimsicott|[spread] 
|-miss|p2b: Houndoom|p1a: Charizard
|-miss|p2b: Houndoom|p1b: Whimsicott
|move|p1a: Charizard|Weather Ball|p2a: Mawile
|-supereffective|p2a: Mawile|1
|-damage|p2a: Mawile|0 fnt
|faint|p2a: Mawile
|
|-weather|SunnyDay|[upkeep]
|-fieldend|move: Trick Room
|upkeep
|turn|6
|-message|fratencio forfeited.
|
|win|Nyute
|inactive|Nyute has 30 seconds to confirm battle start!
|inactive|fratencio has 30 seconds to confirm battle start!
