|j|☆slowpoke.jpg
|j|☆il figlio di pio
|html|slowpoke.jpgil figlio di pio    
|uhtml|bestof|Game 3 of a best-of-3
|t:|1756855496
|gametype|doubles
|player|p1|slowpoke.jpg|fisherman-gen4|1258
|player|p2|il figlio di pio|265|1461
|gen|9
|tier|[Gen 9] VGC 2025 Reg H (Bo3)
|rated|
|rule|Species Clause: Limit one of each Pokémon
|rule|Item Clause: Limit 1 of each item
|clearpoke
|poke|p1|Sneasler, L50, M|
|poke|p1|Indeedee, L50, M|
|poke|p1|Volcarona, L50, F|
|poke|p1|Ursaluna-Bloodmoon, L50, M|
|poke|p1|Annihilape, L50, F|
|poke|p1|Tyranitar, L50, M|
|poke|p2|Dragonite, L50, F|
|poke|p2|Gholdengo, L50|
|poke|p2|Ursaluna-Bloodmoon, L50, M|
|poke|p2|Annihilape, L50, M|
|poke|p2|Maushold-Four, L50|
|poke|p2|Rillaboom, L50, F|
|teampreview|4
|showteam|p1|Sneasler||PsychicSeed|Unburden|CloseCombat,DireClaw,ThroatChop,Protect|||M|||50|,,,,,Dark]Indeedee||ChoiceScarf|PsychicSurge|ExpandingForce,TeraBlast,Trick,Protect|||M|||50|,,,,,Psychic]Volcarona||SitrusBerry|FlameBody|Flamethrower,StruggleBug,RagePowder,Tailwind|||F|||50|,,,,,Grass]Ursaluna-Bloodmoon||LifeOrb|MindsEye|BloodMoon,HyperVoice,EarthPower,Protect|||M|||50|,,,,,Normal]Annihilape||SafetyGoggles|Defiant|CloseCombat,RageFist,Taunt,FinalGambit|||F|||50|,,,,,Fairy]Tyranitar||AssaultVest|SandStream|RockSlide,KnockOff,TeraBlast,LowKick|||M|||50|,,,,,Flying
|showteam|p2|Dragonite||LoadedDice|Multiscale|ScaleShot,Tailwind,Haze,Protect|||F|||50|,,,,,Fairy]Gholdengo||LifeOrb|GoodasGold|MakeItRain,ShadowBall,NastyPlot,Protect||||||50|,,,,,Water]Ursaluna-Bloodmoon||AssaultVest|MindsEye|BloodMoon,EarthPower,HyperVoice,VacuumWave|||M|||50|,,,,,Water]Annihilape||SitrusBerry|Defiant|DrainPunch,RageFist,BulkUp,Protect|||M|||50|,,,,,Fire]Maushold-Four||FocusSash|FriendGuard|Taunt,BeatUp,FollowMe,Protect||||||50|,,,,,Ghost]Rillaboom||MiracleSeed|GrassySurge|WoodHammer,GrassyGlide,HighHorsepower,FakeOut|||F|||50|,,,,,Fire
|inactive|Battle timer is ON: inactive players will automatically lose when time's up. (requested by il figlio di pio)
|inactive|slowpoke.jpg has 60 seconds left.
|inactive|slowpoke.jpg has 30 seconds left.
|inactive|slowpoke.jpg has 20 seconds left.
|
|t:|1756855572
|teamsize|p1|4
|teamsize|p2|4
|start
|switch|p1a: Tyranitar|Tyranitar, L50, M|100/100
|switch|p1b: Indeedee|Indeedee, L50, M|100/100
|switch|p2a: Maushold|Maushold-Four, L50|100/100
|switch|p2b: Dragonite|Dragonite, L50, F|100/100
|-fieldstart|move: Psychic Terrain|[from] ability: Psychic Surge|[of] p1b: Indeedee
|-weather|Sandstorm|[from] ability: Sand Stream|[of] p1a: Tyranitar
|turn|1
|
|t:|1756855589
|switch|p2a: Rillaboom|Rillaboom, L50, F|100/100
|-fieldstart|move: Grassy Terrain|[from] ability: Grassy Surge|[of] p2a: Rillaboom
|move|p2b: Dragonite|Protect|p2b: Dragonite
|-singleturn|p2b: Dragonite|Protect
|move|p1b: Indeedee|Trick|p1a: Tyranitar
|-activate|p1b: Indeedee|move: Trick|[of] p1a: Tyranitar
|-item|p1a: Tyranitar|Choice Scarf|[from] move: Trick
|-item|p1b: Indeedee|Assault Vest|[from] move: Trick
|move|p1a: Tyranitar|Rock Slide|p2a: Rillaboom|[spread] p2a
|-activate|p2b: Dragonite|move: Protect
|-damage|p2a: Rillaboom|70/100
|
|-weather|Sandstorm|[upkeep]
|-damage|p1b: Indeedee|95/100|[from] Sandstorm
|-damage|p2b: Dragonite|95/100|[from] Sandstorm
|-damage|p2a: Rillaboom|64/100|[from] Sandstorm
|-heal|p1b: Indeedee|100/100|[from] Grassy Terrain
|-heal|p2a: Rillaboom|70/100|[from] Grassy Terrain
|upkeep
|turn|2
|
|t:|1756855604
|switch|p1b: Sneasler|Sneasler, L50, M|100/100
|-terastallize|p1a: Tyranitar|Flying
|move|p2a: Rillaboom|Fake Out|p1a: Tyranitar
|-damage|p1a: Tyranitar|87/100
|cant|p1a: Tyranitar|flinch
|move|p2b: Dragonite|Tailwind|p2b: Dragonite
|-sidestart|p2: il figlio di pio|move: Tailwind
|
|-weather|Sandstorm|[upkeep]
|-damage|p2b: Dragonite|89/100|[from] Sandstorm
|-damage|p2a: Rillaboom|64/100|[from] Sandstorm
|-damage|p1b: Sneasler|95/100|[from] Sandstorm
|-damage|p1a: Tyranitar|82/100|[from] Sandstorm
|-heal|p2a: Rillaboom|70/100|[from] Grassy Terrain
|-heal|p1b: Sneasler|100/100|[from] Grassy Terrain
|upkeep
|turn|3
|
|t:|1756855623
|move|p1b: Sneasler|Protect|p1b: Sneasler
|-singleturn|p1b: Sneasler|Protect
|move|p2b: Dragonite|Scale Shot|p1b: Sneasler
|-activate|p1b: Sneasler|move: Protect
|move|p2a: Rillaboom|High Horsepower|p1b: Sneasler
|-activate|p1b: Sneasler|move: Protect
|move|p1a: Tyranitar|Rock Slide|p2b: Dragonite|[spread] p2a,p2b
|-supereffective|p2b: Dragonite
|-damage|p2a: Rillaboom|37/100
|-damage|p2b: Dragonite|22/100
|
|-weather|Sandstorm|[upkeep]
|-damage|p2b: Dragonite|16/100|[from] Sandstorm
|-damage|p2a: Rillaboom|31/100|[from] Sandstorm
|-damage|p1b: Sneasler|95/100|[from] Sandstorm
|-damage|p1a: Tyranitar|76/100|[from] Sandstorm
|-heal|p2a: Rillaboom|37/100|[from] Grassy Terrain
|-heal|p1b: Sneasler|100/100|[from] Grassy Terrain
|upkeep
|turn|4
|
|t:|1756855641
|switch|p1b: Ursaluna|Ursaluna-Bloodmoon, L50, M|100/100
|move|p2b: Dragonite|Protect|p2b: Dragonite
|-singleturn|p2b: Dragonite|Protect
|move|p2a: Rillaboom|High Horsepower|p1b: Ursaluna
|-damage|p1b: Ursaluna|72/100
|move|p1a: Tyranitar|Rock Slide|p2a: Rillaboom|[spread] p2a
|-activate|p2b: Dragonite|move: Protect
|-damage|p2a: Rillaboom|8/100
|
|-weather|Sandstorm|[upkeep]
|-damage|p2b: Dragonite|10/100|[from] Sandstorm
|-damage|p2a: Rillaboom|2/100|[from] Sandstorm
|-damage|p1a: Tyranitar|70/100|[from] Sandstorm
|-heal|p2a: Rillaboom|8/100|[from] Grassy Terrain
|-heal|p1b: Ursaluna|78/100|[from] Grassy Terrain
|upkeep
|turn|5
|
|t:|1756855659
|move|p2b: Dragonite|Scale Shot|p1a: Tyranitar
|-damage|p1a: Tyranitar|57/100
|-damage|p1a: Tyranitar|44/100
|-damage|p1a: Tyranitar|33/100
|-damage|p1a: Tyranitar|20/100
|-hitcount|p1a: Tyranitar|4
|-unboost|p2b: Dragonite|def|1
|-boost|p2b: Dragonite|spe|1
|move|p2a: Rillaboom|Wood Hammer|p1b: Ursaluna
|-supereffective|p1b: Ursaluna
|-damage|p1b: Ursaluna|0 fnt
|faint|p1b: Ursaluna
|-damage|p2a: Rillaboom|0 fnt|[from] Recoil
|faint|p2a: Rillaboom
|move|p1a: Tyranitar|Rock Slide|p2b: Dragonite
|-supereffective|p2b: Dragonite
|-damage|p2b: Dragonite|0 fnt
|faint|p2b: Dragonite
|
|-weather|none
|-sideend|p2: il figlio di pio|move: Tailwind
|-fieldend|move: Grassy Terrain
|upkeep
|
|t:|1756855675
|switch|p2b: Annihilape|Annihilape, L50, M|100/100
|switch|p2a: Maushold|Maushold-Four, L50|100/100
|switch|p1b: Indeedee|Indeedee, L50, M|100/100
|-fieldstart|move: Psychic Terrain|[from] ability: Psychic Surge|[of] p1b: Indeedee
|turn|6
|
|t:|1756855685
|-terastallize|p2b: Annihilape|Fire
|move|p2a: Maushold|Protect|p2a: Maushold
|-singleturn|p2a: Maushold|Protect
|move|p1a: Tyranitar|Rock Slide|p2a: Maushold|[spread] p2b
|-activate|p2a: Maushold|move: Protect
|-supereffective|p2b: Annihilape
|-damage|p2b: Annihilape|55/100
|move|p2b: Annihilape|Drain Punch|p1b: Indeedee
|-damage|p1b: Indeedee|30/100
|-heal|p2b: Annihilape|78/100|[from] drain|[of] p1b: Indeedee
|move|p1b: Indeedee|Expanding Force|p2b: Annihilape|[spread] p2b
|-activate|p2a: Maushold|move: Protect
|-damage|p2b: Annihilape|38/100
|-enditem|p2b: Annihilape|Sitrus Berry|[eat]
|-heal|p2b: Annihilape|63/100|[from] item: Sitrus Berry
|
|upkeep
|turn|7
|
|t:|1756855705
|move|p2a: Maushold|Beat Up|p1b: Indeedee
|-supereffective|p1b: Indeedee
|-damage|p1b: Indeedee|20/100
|-supereffective|p1b: Indeedee
|-damage|p1b: Indeedee|8/100
|-hitcount|p1b: Indeedee|2
|move|p1a: Tyranitar|Rock Slide|p2a: Maushold|[spread] p2a,p2b
|-supereffective|p2b: Annihilape
|-damage|p2a: Maushold|59/100
|-damage|p2b: Annihilape|15/100
|move|p2b: Annihilape|Rage Fist|p1a: Tyranitar
|-damage|p1a: Tyranitar|0 fnt
|faint|p1a: Tyranitar
|move|p1b: Indeedee|Expanding Force|p2b: Annihilape|[spread] p2a,p2b
|-damage|p2a: Maushold|0 fnt
|-damage|p2b: Annihilape|0 fnt
|faint|p2a: Maushold
|faint|p2b: Annihilape
|
|win|slowpoke.jpg
|raw|slowpoke.jpg's rating: 1258 → 1296(+38 for winning)
|raw|il figlio di pio's rating: 1461 → 1430(-31 for losing)
