|j|☆XZ_LuxShadow
|j|☆wild2331
|html|XZ_LuxShadowwild2331    
|uhtml|bestof|Game 1 of a best-of-3
|t:|1784880204
|gametype|doubles
|player|p1|XZ_LuxShadow|lucas|1000
|player|p2|wild2331|byron|1035
|gen|9
|tier|[Gen 9 Champions] VGC 2026 Reg M-B (Bo3)
|rated|
|rule|Species Clause: Limit one of each Pokémon
|rule|Item Clause: Limit 1 of each item
|clearpoke
|poke|p1|Staraptor, L50, M|
|poke|p1|Grimmsnarl, L50, M|
|poke|p1|Raichu, L50, M|
|poke|p1|Whimsicott, L50, M|
|poke|p1|Incineroar, L50, M|
|poke|p1|Basculegion, L50, M|
|poke|p2|Charizard, L50, F|
|poke|p2|Eelektross, L50, M|
|poke|p2|Samurott-Hisui, L50, M|
|poke|p2|Mimikyu, L50, F|
|poke|p2|Garchomp, L50, F|
|poke|p2|Scizor, L50, M|
|teampreview|4
|showteam|p1|Staraptor||Staraptite|Intimidate|CloseCombat,BraveBird,Roost,BlazeKick|Adamant||M|||50|]Grimmsnarl||LightClay|Prankster|ScaryFace,PartingShot,SpiritBreak,LightScreen|Careful||M|||50|]Raichu||LifeOrb|LightningRod|Tickle,Thunderbolt,Surf,DazzlingGleam|Timid||M|||50|]Whimsicott||FocusSash|Prankster|FakeTears,Tailwind,GigaDrain,Taunt|Bold||M|||50|]Incineroar||SitrusBerry|Intimidate|FakeOut,PartingShot,FlareBlitz,DarkestLariat|Adamant||M|||50|]Basculegion||ChoiceScarf|Adaptability|WaveCrash,DoubleEdge,FlipTurn,IceFang|Jolly||M|||50|
|showteam|p2|Charizard||CharizarditeY|SolarPower|HeatWave,AncientPower,FireBlast,SolarBeam|Timid||F|||50|]Eelektross||LifeOrb|Levitate|Thunderbolt,Flamethrower,GigaDrain,Protect|Quiet||M|||50|]Samurott-Hisui||ScopeLens|Sharpness|NightSlash,CeaselessEdge,AquaCutter,Protect|Jolly||M|||50|]Mimikyu||MentalHerb|Disguise|PlayRough,TrickRoom,ShadowSneak,Protect|Jolly||F|||50|]Garchomp||ChoiceScarf|RoughSkin|Earthquake,DragonClaw,RockSlide,StompingTantrum|Jolly||F|||50|]Scizor||Scizorite|Technician|BulletPunch,BugBite,SwordsDance,Protect|Adamant||M|||50|
|inactive|Battle timer is ON: inactive players will automatically lose when time's up. (requested by XZ_LuxShadow)
|
|t:|1784880220
|teamsize|p1|4
|teamsize|p2|4
|start
|switch|p1a: Staraptor|Staraptor, L50, M|100/100
|switch|p1b: Whimsicott|Whimsicott, L50, M|100/100
|switch|p2a: Charizard|Charizard, L50, F|100/100
|switch|p2b: Garchomp|Garchomp, L50, F|100/100
|-ability|p1a: Staraptor|Intimidate|boost
|-unboost|p2a: Charizard|atk|1
|-unboost|p2b: Garchomp|atk|1
|turn|1
|
|t:|1784880245
|switch|p1b: Incineroar|Incineroar, L50, M|100/100
|-ability|p1b: Incineroar|Intimidate|boost
|-unboost|p2a: Charizard|atk|1
|-unboost|p2b: Garchomp|atk|1
|detailschange|p2a: Charizard|Charizard-Mega-Y, L50, F
|-mega|p2a: Charizard|Charizard|Charizardite Y
|-weather|SunnyDay|[from] ability: Drought|[of] p2a: Charizard
|detailschange|p1a: Staraptor|Staraptor-Mega, L50, M
|-mega|p1a: Staraptor|Staraptor|Staraptite
|move|p2b: Garchomp|Earthquake|p1b: Incineroar|[spread] p1b
|-immune|p2a: Charizard
|-immune|p1a: Staraptor
|-supereffective|p1b: Incineroar|1
|-damage|p1b: Incineroar|64/100
|move|p2a: Charizard|Heat Wave|p1b: Incineroar|[spread] p1a,p1b
|-resisted|p1b: Incineroar|1
|-damage|p1a: Staraptor|27/100
|-damage|p1b: Incineroar|34/100
|-enditem|p1b: Incineroar|Sitrus Berry|[eat]
|-heal|p1b: Incineroar|59/100|[from] item: Sitrus Berry
|move|p1a: Staraptor|Close Combat|p2a: Charizard
|-resisted|p2a: Charizard|1
|-damage|p2a: Charizard|45/100
|-boost|p1a: Staraptor|def|1
|-boost|p1a: Staraptor|spd|1
|
|-weather|SunnyDay|[upkeep]
|upkeep
|turn|2
|inactive|wild2331 has 30 seconds left.
|
|t:|1784880276
|move|p1b: Incineroar|Fake Out|p2b: Garchomp
|-damage|p2b: Garchomp|85/100
|-damage|p1b: Incineroar|47/100|[from] ability: Rough Skin|[of] p2b: Garchomp
|cant|p2b: Garchomp|flinch
|move|p2a: Charizard|Heat Wave|p1b: Incineroar|[spread] p1a,p1b
|-resisted|p1b: Incineroar|1
|-damage|p1a: Staraptor|0 fnt
|-damage|p1b: Incineroar|15/100
|faint|p1a: Staraptor
|
|-weather|SunnyDay|[upkeep]
|upkeep
|c|☆XZ_LuxShadow|What
|
|t:|1784880297
|switch|p1a: Basculegion|Basculegion, L50, M|100/100
|turn|3
|c|☆wild2331|yo
|
|t:|1784880309
|switch|p2a: Scizor|Scizor, L50, M|100/100
|switch|p1b: Whimsicott|Whimsicott, L50, M|100/100
|move|p2b: Garchomp|Earthquake|p1b: Whimsicott|[spread] p2a,p1a,p1b
|-resisted|p1b: Whimsicott|1
|-damage|p2a: Scizor|80/100
|-damage|p1a: Basculegion|75/100
|-damage|p1b: Whimsicott|91/100
|move|p1a: Basculegion|Flip Turn|p2a: Scizor
|-damage|p2a: Scizor|62/100
|
|t:|1784880312
|switch|p1a: Incineroar|Incineroar, L50, M|15/100|[from] Flip Turn
|-ability|p1a: Incineroar|Intimidate|boost
|-unboost|p2a: Scizor|atk|1
|-unboost|p2b: Garchomp|atk|1
|
|-weather|SunnyDay|[upkeep]
|upkeep
|turn|4
|
|t:|1784880336
|move|p1a: Incineroar|Fake Out|p2b: Garchomp
|-damage|p2b: Garchomp|71/100
|-damage|p1a: Incineroar|3/100|[from] ability: Rough Skin|[of] p2b: Garchomp
|move|p1b: Whimsicott|Tailwind|p1b: Whimsicott
|-sidestart|p1: XZ_LuxShadow|move: Tailwind
|move|p2a: Scizor|Bullet Punch|p1b: Whimsicott
|-supereffective|p1b: Whimsicott|1
|-damage|p1b: Whimsicott|54/100
|cant|p2b: Garchomp|flinch
|
|-weather|SunnyDay|[upkeep]
|upkeep
|turn|5
|
|t:|1784880356
|switch|p1a: Basculegion|Basculegion, L50, M|75/100
|move|p2a: Scizor|Bullet Punch|p1b: Whimsicott
|-supereffective|p1b: Whimsicott|1
|-damage|p1b: Whimsicott|11/100
|move|p1b: Whimsicott|Giga Drain|p2b: Garchomp
|-damage|p2b: Garchomp|47/100
|-heal|p1b: Whimsicott|25/100|[from] drain|[of] p2b: Garchomp
|move|p2b: Garchomp|Earthquake|p1a: Basculegion|[spread] p2a,p1a,p1b
|-resisted|p1b: Whimsicott|1
|-damage|p2a: Scizor|48/100
|-damage|p1a: Basculegion|55/100
|-damage|p1b: Whimsicott|17/100
|
|-weather|none
|upkeep
|turn|6
|
|t:|1784880374
|switch|p1b: Incineroar|Incineroar, L50, M|3/100
|-ability|p1b: Incineroar|Intimidate|boost
|-unboost|p2a: Scizor|atk|1
|-unboost|p2b: Garchomp|atk|1
|switch|p2a: Mimikyu|Mimikyu, L50, F|100/100
|move|p1a: Basculegion|Ice Fang|p2b: Garchomp
|-supereffective|p2b: Garchomp|2
|-damage|p2b: Garchomp|0 fnt
|-damage|p1a: Basculegion|43/100|[from] ability: Rough Skin|[of] p2b: Garchomp
|faint|p2b: Garchomp
|
|upkeep
|
|t:|1784880388
|switch|p2b: Charizard|Charizard-Mega-Y, L50, F|45/100
|-weather|SunnyDay|[from] ability: Drought|[of] p2b: Charizard
|turn|7
|
|t:|1784880403
|move|p1b: Incineroar|Fake Out|p2b: Charizard
|-damage|p2b: Charizard|25/100
|move|p1a: Basculegion|Ice Fang|p2a: Mimikyu
|-activate|p2a: Mimikyu|ability: Disguise
|-damage|p2a: Mimikyu|100/100
|detailschange|p2a: Mimikyu|Mimikyu-Busted, L50, F
|-damage|p2a: Mimikyu|87/100|[from] pokemon: Mimikyu-Busted
|cant|p2b: Charizard|flinch
|move|p2a: Mimikyu|Play Rough|p1b: Incineroar|[miss]
|-miss|p2a: Mimikyu|p1b: Incineroar
|
|-weather|SunnyDay|[upkeep]
|-sideend|p1: XZ_LuxShadow|move: Tailwind
|upkeep
|turn|8
|
|t:|1784880427
|switch|p1a: Whimsicott|Whimsicott, L50, M|17/100
|move|p2a: Mimikyu|Shadow Sneak|p1a: Whimsicott
|-damage|p1a: Whimsicott|4/100
|move|p2b: Charizard|Ancient Power|p1b: Incineroar
|-supereffective|p1b: Incineroar|1
|-crit|p1b: Incineroar
|-damage|p1b: Incineroar|0 fnt
|faint|p1b: Incineroar
|
|-weather|SunnyDay|[upkeep]
|upkeep
|
|t:|1784880435
|switch|p1b: Basculegion|Basculegion, L50, M|43/100
|turn|9
|
|t:|1784880444
|switch|p2b: Scizor|Scizor, L50, M|48/100
|move|p1b: Basculegion|Wave Crash|p2b: Scizor
|-damage|p2b: Scizor|11/100
|-damage|p1b: Basculegion|31/100|[from] Recoil
|move|p2a: Mimikyu|Play Rough|p1a: Whimsicott
|-damage|p1a: Whimsicott|0 fnt
|faint|p1a: Whimsicott
|
|-weather|SunnyDay|[upkeep]
|upkeep
|turn|10
|c|☆XZ_LuxShadow|Gg
|
|t:|1784880461
|move|p1b: Basculegion|Wave Crash|p2b: Scizor
|-damage|p2b: Scizor|0 fnt
|faint|p2b: Scizor
|-damage|p1b: Basculegion|28/100|[from] Recoil
|move|p2a: Mimikyu|Play Rough|p1b: Basculegion
|-damage|p1b: Basculegion|0 fnt
|faint|p1b: Basculegion
|
|win|wild2331
||wild2331 is ready for game 2.
|inactive|XZ_LuxShadow has 30 seconds to confirm battle start!
|inactive|XZ_LuxShadow has 20 seconds to confirm battle start!
||XZ_LuxShadow is ready for game 2.
|uhtml|next|Next: Game 2 of 3
|l|☆wild2331
|player|p2|
