|j|☆psychic system
|j|☆HorrendousCheese
|html|psychic systemHorrendousCheese    
|uhtml|bestof|Game 1 of a best-of-3
|t:|1756758930
|gametype|doubles
|player|p1|psychic system|lucas|1094
|player|p2|HorrendousCheese|burglar|1226
|gen|9
|tier|[Gen 9] VGC 2025 Reg H (Bo3)
|rated|
|rule|Species Clause: Limit one of each Pokémon
|rule|Item Clause: Limit 1 of each item
|clearpoke
|poke|p1|Rillaboom, L50, F|
|poke|p1|Milotic, L50, M|
|poke|p1|Florges, L50, F|
|poke|p1|Amoonguss, L50, M|
|poke|p1|Kingambit, L50, F|
|poke|p1|Typhlosion-Hisui, L50, F|
|poke|p2|Maushold-Four, L50|
|poke|p2|Incineroar, L50, F|
|poke|p2|Pelipper, L50, F|
|poke|p2|Sinistcha, L50|
|poke|p2|Ursaluna, L50, F|
|poke|p2|Salamence, L50, M|
|teampreview|4
|showteam|p1|Rillaboom||AssaultVest|GrassySurge|FakeOut,GrassyGlide,DrumBeating,HighHorsepower|||F|||50|,,,,,Fire]Milotic||SafetyGoggles|Competitive|Scald,IcyWind,Haze,Protect|||M|||50|,,,,,Grass]Florges||Leftovers|FlowerVeil|CalmMind,Moonblast,SkillSwap,Protect|||F|||50|,,,,,Poison]Amoonguss||SitrusBerry|Regenerator|ClearSmog,Spore,PollenPuff,RagePowder|||M|||50|,,,,,Water]Kingambit||BlackGlasses|Defiant|Protect,KowtowCleave,SuckerPunch,SwordsDance|||F|||50|,,,,,Dark]Typhlosion-Hisui||ChoiceScarf|Blaze|Eruption,HeatWave,ShadowBall,FocusBlast|||F|||50|,,,,,Fire
|showteam|p2|Maushold-Four||WideLens|Technician|Protect,FollowMe,ThunderWave,PopulationBomb||||||50|,,,,,Grass]Incineroar||SafetyGoggles|Intimidate|PartingShot,Taunt,FakeOut,KnockOff|||F|||50|,,,,,Ghost]Pelipper||FocusSash|Drizzle|Protect,Tailwind,Hurricane,MuddyWater|||F|||50|,,,,,Ghost]Sinistcha||MentalHerb|Hospitality|TrickRoom,RagePowder,MatchaGotcha,ShadowBall||||||50|,,,,,Dark]Ursaluna||FlameOrb|Guts|Protect,HeadlongRush,Earthquake,Facade|||F|||50|,,,,,Ghost]Salamence||ChoiceSpecs|Intimidate|TeraBlast,AirSlash,Hurricane,DragonPulse|||M|||50|,,,,,Fairy
|inactive|Battle timer is ON: inactive players will automatically lose when time's up. (requested by psychic system)
|inactive|psychic system has 60 seconds left.
|inactive|HorrendousCheese has 60 seconds left.
|
|t:|1756758989
|teamsize|p1|4
|teamsize|p2|4
|start
|switch|p1a: Kingambit|Kingambit, L50, F|100/100
|switch|p1b: Amoonguss|Amoonguss, L50, M|100/100
|switch|p2a: Sinistcha|Sinistcha, L50|100/100
|switch|p2b: Maushold|Maushold-Four, L50|100/100
|turn|1
|inactive|psychic system has 30 seconds left.
|inactive|HorrendousCheese has 30 seconds left.
|inactive|psychic system has 20 seconds left.
|inactive|psychic system has 15 seconds left.
|inactive|psychic system has 10 seconds left.
|inactive|psychic system has 5 seconds left.
|
|t:|1756759042
|-terastallize|p2a: Sinistcha|Dark
|move|p2b: Maushold|Population Bomb|p1b: Amoonguss
|-damage|p1b: Amoonguss|93/100
|-damage|p1b: Amoonguss|84/100
|-damage|p1b: Amoonguss|75/100
|-damage|p1b: Amoonguss|66/100
|-damage|p1b: Amoonguss|57/100
|-crit|p1b: Amoonguss
|-damage|p1b: Amoonguss|44/100
|-enditem|p1b: Amoonguss|Sitrus Berry|[eat]
|-heal|p1b: Amoonguss|68/100|[from] item: Sitrus Berry
|-damage|p1b: Amoonguss|59/100
|-damage|p1b: Amoonguss|50/100
|-damage|p1b: Amoonguss|42/100
|-damage|p1b: Amoonguss|33/100
|-hitcount|p1b: Amoonguss|10
|move|p2a: Sinistcha|Matcha Gotcha|p1a: Kingambit|[spread] p1a,p1b
|-resisted|p1a: Kingambit
|-resisted|p1b: Amoonguss
|-damage|p1a: Kingambit|87/100
|-damage|p1b: Amoonguss|28/100
|-status|p1b: Amoonguss|brn
|move|p1a: Kingambit|Kowtow Cleave|p2b: Maushold
|-damage|p2b: Maushold|10/100
|move|p1b: Amoonguss|Spore|p2b: Maushold
|-status|p2b: Maushold|slp|[from] move: Spore
|
|-damage|p1b: Amoonguss|22/100 brn|[from] brn
|upkeep
|turn|2
|inactive|psychic system has 30 seconds left.
|inactive|HorrendousCheese has 30 seconds left.
|inactive|psychic system has 20 seconds left.
|
|t:|1756759083
|switch|p1b: Florges|Florges, L50, F|100/100
|cant|p2b: Maushold|slp
|move|p2a: Sinistcha|Shadow Ball|p1b: Florges
|-damage|p1b: Florges|76/100
|move|p1a: Kingambit|Swords Dance|p1a: Kingambit
|-boost|p1a: Kingambit|atk|2
|
|-heal|p1b: Florges|82/100|[from] item: Leftovers
|upkeep
|turn|3
|
|t:|1756759101
|cant|p2b: Maushold|slp
|move|p2a: Sinistcha|Matcha Gotcha|p1a: Kingambit|[spread] p1a
|-miss|p2a: Sinistcha|p1b: Florges
|-resisted|p1a: Kingambit
|-damage|p1a: Kingambit|75/100
|move|p1b: Florges|Moonblast|p2a: Sinistcha
|-supereffective|p2a: Sinistcha
|-damage|p2a: Sinistcha|25/100
|move|p1a: Kingambit|Kowtow Cleave|p2b: Maushold
|-damage|p2b: Maushold|0 fnt
|faint|p2b: Maushold
|
|-heal|p1b: Florges|89/100|[from] item: Leftovers
|upkeep
|
|t:|1756759112
|switch|p2b: Pelipper|Pelipper, L50, F|100/100
|-weather|RainDance|[from] ability: Drizzle|[of] p2b: Pelipper
|turn|4
|inactive|psychic system has 30 seconds left.
|
|t:|1756759138
|move|p1a: Kingambit|Sucker Punch||[still]
|-fail|p1a: Kingambit
|move|p2b: Pelipper|Tailwind|p2b: Pelipper
|-sidestart|p2: HorrendousCheese|move: Tailwind
|move|p2a: Sinistcha|Matcha Gotcha|p1b: Florges|[spread] p1a,p1b
|-resisted|p1a: Kingambit
|-damage|p1a: Kingambit|62/100
|-heal|p2a: Sinistcha|33/100|[from] drain|[of] p1a: Kingambit
|-damage|p1b: Florges|73/100
|-heal|p2a: Sinistcha|41/100|[from] drain|[of] p1b: Florges
|move|p1b: Florges|Moonblast|p2a: Sinistcha
|-supereffective|p2a: Sinistcha
|-damage|p2a: Sinistcha|0 fnt
|faint|p2a: Sinistcha
|
|-weather|RainDance|[upkeep]
|-heal|p1b: Florges|79/100|[from] item: Leftovers
|upkeep
|
|t:|1756759152
|switch|p2a: Ursaluna|Ursaluna, L50, F|100/100
|turn|5
|
|t:|1756759162
|move|p1a: Kingambit|Sucker Punch|p2a: Ursaluna
|-damage|p2a: Ursaluna|26/100
|move|p2b: Pelipper|Hurricane|p1a: Kingambit
|-resisted|p1a: Kingambit
|-damage|p1a: Kingambit|37/100
|-start|p1a: Kingambit|confusion
|move|p2a: Ursaluna|Earthquake|p1b: Florges|[spread] p1a,p1b
|-immune|p2b: Pelipper
|-supereffective|p1a: Kingambit
|-damage|p1a: Kingambit|0 fnt
|-damage|p1b: Florges|41/100
|faint|p1a: Kingambit
|move|p1b: Florges|Moonblast|p2b: Pelipper
|-damage|p2b: Pelipper|32/100
|
|-weather|RainDance|[upkeep]
|-heal|p1b: Florges|47/100|[from] item: Leftovers
|-status|p2a: Ursaluna|brn|[from] item: Flame Orb
|upkeep
|inactive|psychic system has 30 seconds left.
|
|t:|1756759192
|switch|p1a: Rillaboom|Rillaboom, L50, F|100/100
|-fieldstart|move: Grassy Terrain|[from] ability: Grassy Surge|[of] p1a: Rillaboom
|turn|6
|
|t:|1756759211
|-terastallize|p1a: Rillaboom|Fire
|move|p1a: Rillaboom|Grassy Glide|p2a: Ursaluna
|-supereffective|p2a: Ursaluna
|-damage|p2a: Ursaluna|0 fnt
|faint|p2a: Ursaluna
|move|p2b: Pelipper|Hurricane|p1a: Rillaboom
|-crit|p1a: Rillaboom
|-damage|p1a: Rillaboom|54/100
|move|p1b: Florges|Moonblast|p2b: Pelipper
|-damage|p2b: Pelipper|0 fnt
|faint|p2b: Pelipper
|
|win|psychic system
||HorrendousCheese is ready for game 2.
||psychic system is ready for game 2.
|uhtml|next|Next: Game 2 of 3
|l|☆HorrendousCheese
|player|p2|
