|j|☆Daniw9
|j|☆no89
|html|Daniw9no89    
|uhtml|bestof|Game 3 of a best-of-3
|t:|1756944087
|gametype|doubles
|player|p1|Daniw9|265|1251
|player|p2|no89|pokemonbreeder-gen4|1326
|gen|9
|tier|[Gen 9] VGC 2025 Reg H (Bo3)
|rated|
|rule|Species Clause: Limit one of each Pokémon
|rule|Item Clause: Limit 1 of each item
|clearpoke
|poke|p1|Garchomp, L50, F|
|poke|p1|Tyranitar, L50, M|
|poke|p1|Indeedee-F, L50, F|
|poke|p1|Gardevoir, L50, F|
|poke|p1|Sneasler, L50, M|
|poke|p1|Talonflame, L50, M|
|poke|p2|Flamigo, L50, F|
|poke|p2|Gholdengo, L50|
|poke|p2|Milotic, L50, M|
|poke|p2|Archaludon, L50, M|
|poke|p2|Magmar, L50, M|
|poke|p2|Basculegion, L50, M|
|teampreview|4
|showteam|p1|Garchomp||ClearAmulet|SandVeil|Earthquake,StompingTantrum,Protect,DragonClaw|||F|||50|,,,,,Steel]Tyranitar||AssaultVest|SandStream|RockSlide,TeraBlast,KnockOff,LowKick|||M|||50|,,,,,Flying]Indeedee-F||SafetyGoggles|PsychicSurge|DazzlingGleam,TrickRoom,FollowMe,HelpingHand|||F|||50|,,,,,Water]Gardevoir||ChoiceScarf|Telepathy|IcyWind,Moonblast,ExpandingForce,MysticalFire|||F|||50|,,,,,Fire]Sneasler||PsychicSeed|Unburden|CloseCombat,DireClaw,Protect,ThroatChop|||M|||50|,,,,,Dark]Talonflame||CovertCloak|GaleWings|Tailwind,DualWingbeat,FlareBlitz,Taunt|||M|||50|,,,,,Flying
|showteam|p2|Flamigo||FocusSash|Scrappy|Tailwind,CloseCombat,BraveBird,Protect|||F|||50|,,,,,Ghost]Gholdengo||LifeOrb|GoodasGold|NastyPlot,MakeItRain,ShadowBall,Protect||||||50|,,,,,Steel]Milotic||SafetyGoggles|Competitive|Scald,Haze,IcyWind,Protect|||M|||50|,,,,,Grass]Archaludon||PowerHerb|Stalwart|ElectroShot,AuraSphere,DragonPulse,Protect|||M|||50|,,,,,Electric]Magmar||Eviolite|VitalSpirit|FollowMe,HeatWave,Taunt,Protect|||M|||50|,,,,,Grass]Basculegion||ChoiceScarf|Adaptability|WaveCrash,LastRespects,FlipTurn,IcyWind|||M|||50|,,,,,Water
|
|t:|1756944110
|teamsize|p1|4
|teamsize|p2|4
|start
|switch|p1a: Indeedee|Indeedee-F, L50, F|100/100
|switch|p1b: Garchomp|Garchomp, L50, F|100/100
|switch|p2a: Basculegion|Basculegion, L50, M|100/100
|switch|p2b: Gholdengo|Gholdengo, L50|100/100
|-fieldstart|move: Psychic Terrain|[from] ability: Psychic Surge|[of] p1a: Indeedee
|turn|1
|
|t:|1756944125
|move|p2b: Gholdengo|Protect|p2b: Gholdengo
|-singleturn|p2b: Gholdengo|Protect
|move|p1a: Indeedee|Follow Me|p1a: Indeedee
|-singleturn|p1a: Indeedee|move: Follow Me
|move|p2a: Basculegion|Flip Turn|p1a: Indeedee
|-damage|p1a: Indeedee|63/100
|
|t:|1756944130
|switch|p2a: Flamigo|Flamigo, L50, F|100/100|[from] Flip Turn
|move|p1b: Garchomp|Stomping Tantrum|p2b: Gholdengo
|-activate|p2b: Gholdengo|move: Protect
|
|upkeep
|turn|2
|
|t:|1756944158
|switch|p2b: Milotic|Milotic, L50, M|100/100
|-terastallize|p1b: Garchomp|Steel
|move|p2a: Flamigo|Tailwind|p2a: Flamigo
|-sidestart|p2: no89|move: Tailwind
|move|p1b: Garchomp|Stomping Tantrum|p2b: Milotic
|-damage|p2b: Milotic|64/100
|move|p1a: Indeedee|Dazzling Gleam|p2a: Flamigo|[spread] p2a,p2b
|-supereffective|p2a: Flamigo
|-damage|p2a: Flamigo|58/100
|-damage|p2b: Milotic|54/100
|
|upkeep
|turn|3
|
|t:|1756944172
|move|p1a: Indeedee|Follow Me|p1a: Indeedee
|-singleturn|p1a: Indeedee|move: Follow Me
|move|p2a: Flamigo|Close Combat|p1a: Indeedee
|-damage|p1a: Indeedee|7/100
|-unboost|p2a: Flamigo|def|1
|-unboost|p2a: Flamigo|spd|1
|move|p2b: Milotic|Scald|p1a: Indeedee
|-crit|p1a: Indeedee
|-damage|p1a: Indeedee|0 fnt
|faint|p1a: Indeedee
|move|p1b: Garchomp|Dragon Claw|p2a: Flamigo
|-crit|p2a: Flamigo
|-damage|p2a: Flamigo|0 fnt
|faint|p2a: Flamigo
|
|upkeep
|
|t:|1756944183
|switch|p2a: Basculegion|Basculegion, L50, M|100/100
|switch|p1a: Talonflame|Talonflame, L50, M|100/100
|turn|4
|
|t:|1756944205
|move|p1b: Garchomp|Protect|p1b: Garchomp
|-singleturn|p1b: Garchomp|Protect
|move|p1a: Talonflame|Tailwind|p1a: Talonflame
|-sidestart|p1: Daniw9|move: Tailwind
|move|p2a: Basculegion|Flip Turn|p1a: Talonflame
|-supereffective|p1a: Talonflame
|-damage|p1a: Talonflame|0 fnt
|faint|p1a: Talonflame
|
|t:|1756944208
|switch|p2a: Gholdengo|Gholdengo, L50|100/100|[from] Flip Turn
|move|p2b: Milotic|Scald|p1b: Garchomp
|-activate|p1b: Garchomp|move: Protect
|
|upkeep
|
|t:|1756944215
|switch|p1a: Gardevoir|Gardevoir, L50, F|100/100
|turn|5
|
|t:|1756944243
|-terastallize|p2a: Gholdengo|Steel
|move|p1a: Gardevoir|Expanding Force|p2a: Gholdengo|[spread] p2a,p2b
|-resisted|p2a: Gholdengo
|-damage|p2a: Gholdengo|65/100
|-damage|p2b: Milotic|4/100
|move|p1b: Garchomp|Earthquake|p2b: Milotic|[spread] p2a,p2b
|-activate|p1a: Gardevoir|ability: Telepathy
|-supereffective|p2a: Gholdengo
|-damage|p2a: Gholdengo|0 fnt
|-damage|p2b: Milotic|0 fnt
|faint|p2a: Gholdengo
|faint|p2b: Milotic
|
|-sideend|p2: no89|move: Tailwind
|-fieldend|move: Psychic Terrain
|upkeep
|-message|no89 forfeited.
|
|win|Daniw9
|raw|Daniw9's rating: 1251 → 1281(+30 for winning)
|raw|no89's rating: 1326 → 1302(-24 for losing)
