|j|☆sjogis
|j|☆JourneyManV2
|html|sjogisJourneyManV2    
|uhtml|bestof|Game 2 of a best-of-3
|t:|1756574677
|gametype|doubles
|player|p1|sjogis|fisherman-gen4|
|player|p2|JourneyManV2|170|
|gen|9
|tier|[Gen 9] VGC 2025 Reg H (Bo3)
|rule|Species Clause: Limit one of each Pokémon
|rule|Item Clause: Limit 1 of each item
|clearpoke
|poke|p1|Indeedee-F, L50, F|
|poke|p1|Torkoal, L50, F|
|poke|p1|Gallade, L50, M|
|poke|p1|Ursaluna, L50, M|
|poke|p1|Armarouge, L50, M|
|poke|p1|Annihilape, L50, M|
|poke|p2|Gholdengo, L50|
|poke|p2|Palafin, L50, M|
|poke|p2|Murkrow, L50, F|
|poke|p2|Exeggutor-Alola, L50, M|
|poke|p2|Indeedee-F, L50, F|
|poke|p2|Incineroar, L50, M|
|teampreview|4
|showteam|p1|Indeedee-F||RockyHelmet|PsychicSurge|DazzlingGleam,FollowMe,HelpingHand,TrickRoom|||F|||50|,,,,,Fairy]Torkoal||ChoiceSpecs|Drought|Eruption,HelpingHand,Overheat,EarthPower|||F|||50|,,,,,Fire]Gallade||ClearAmulet|Sharpness|PsychoCut,SacredSword,WideGuard,TrickRoom|||M|||50|,,,,,Normal]Ursaluna||FlameOrb|Guts|Facade,Earthquake,HeadlongRush,Protect|||M|||50|,,,,,Ghost]Armarouge||WeaknessPolicy|WeakArmor|Endure,LavaPlume,WeatherBall,ExpandingForce|||M|||50|,,,,,Psychic]Annihilape||ChoiceScarf|Defiant|FinalGambit,CloseCombat,Uturn,RageFist|||M|||50|,,,,,Grass
|showteam|p2|Gholdengo||LifeOrb|GoodasGold|MakeItRain,ShadowBall,NastyPlot,Protect||||||50|,,,,,Steel]Palafin||MysticWater|ZerotoHero|FlipTurn,JetPunch,WaveCrash,Protect|||M|||50|,,,,,Water]Murkrow||FocusSash|Prankster|FoulPlay,SunnyDay,Tailwind,Protect|||F|||50|,,,,,Dark]Exeggutor-Alola||SitrusBerry|Harvest|GigaDrain,Flamethrower,TrickRoom,SleepPowder|||M|||50|,,,,,Fire]Indeedee-F||MentalHerb|PsychicSurge|FollowMe,Protect,Psychic,HelpingHand|||F|||50|,,,,,Psychic]Incineroar||RockyHelmet|Intimidate|KnockOff,FlareBlitz,FakeOut,PartingShot|||M|||50|,,,,,Grass
|
|t:|1756574733
|teamsize|p1|4
|teamsize|p2|4
|start
|switch|p1a: Armarouge|Armarouge, L50, M|100/100
|switch|p1b: Annihilape|Annihilape, L50, M|100/100
|switch|p2a: Incineroar|Incineroar, L50, M|100/100
|switch|p2b: Indeedee|Indeedee-F, L50, F|100/100
|-fieldstart|move: Psychic Terrain|[from] ability: Psychic Surge|[of] p2b: Indeedee
|-ability|p2a: Incineroar|Intimidate|boost
|-unboost|p1a: Armarouge|atk|1
|-unboost|p1b: Annihilape|atk|1
|-ability|p1b: Annihilape|Defiant|boost
|-boost|p1b: Annihilape|atk|2
|turn|1
|
|t:|1756574759
|move|p1a: Armarouge|Endure|p1a: Armarouge
|-singleturn|p1a: Armarouge|move: Endure
|move|p2b: Indeedee|Follow Me|p2b: Indeedee
|-singleturn|p2b: Indeedee|move: Follow Me
|move|p1b: Annihilape|U-turn|p2b: Indeedee
|-supereffective|p2b: Indeedee
|-crit|p2b: Indeedee
|-damage|p2b: Indeedee|0 fnt
|faint|p2b: Indeedee
|
|t:|1756574765
|switch|p1b: Indeedee|Indeedee-F, L50, F|100/100|[from] U-turn
|move|p2a: Incineroar|Knock Off|p1a: Armarouge
|-supereffective|p1a: Armarouge
|-activate|p1a: Armarouge|move: Endure
|-damage|p1a: Armarouge|1/100
|-ability|p1a: Armarouge|Weak Armor|boost
|-unboost|p1a: Armarouge|def|1
|-boost|p1a: Armarouge|spe|2
|-enditem|p1a: Armarouge|Weakness Policy
|-boost|p1a: Armarouge|atk|2|[from] item: Weakness Policy
|-boost|p1a: Armarouge|spa|2|[from] item: Weakness Policy
|
|upkeep
|
|t:|1756574785
|switch|p2b: Exeggutor|Exeggutor-Alola, L50, M|100/100
|turn|2
|
|t:|1756574812
|switch|p2a: Murkrow|Murkrow, L50, F|100/100
|-terastallize|p1a: Armarouge|Psychic
|-terastallize|p2b: Exeggutor|Fire
|move|p1b: Indeedee|Follow Me|p1b: Indeedee
|-singleturn|p1b: Indeedee|move: Follow Me
|move|p1a: Armarouge|Expanding Force|p2b: Exeggutor|[spread] p2b
|-immune|p2a: Murkrow
|-damage|p2b: Exeggutor|0 fnt
|faint|p2b: Exeggutor
|
|upkeep
|
|t:|1756574826
|switch|p2b: Incineroar|Incineroar, L50, M|100/100
|-ability|p2b: Incineroar|Intimidate|boost
|-unboost|p1a: Armarouge|atk|1
|-unboost|p1b: Indeedee|atk|1
|turn|3
|
|t:|1756574842
|move|p1a: Armarouge|Endure|p1a: Armarouge
|-singleturn|p1a: Armarouge|move: Endure
|move|p2a: Murkrow|Foul Play|p1b: Indeedee
|-supereffective|p1b: Indeedee
|-damage|p1b: Indeedee|80/100
|-damage|p2a: Murkrow|84/100|[from] item: Rocky Helmet|[of] p1b: Indeedee
|move|p1b: Indeedee|Dazzling Gleam|p2b: Incineroar|[spread] p2a,p2b
|-supereffective|p2a: Murkrow
|-damage|p2a: Murkrow|50/100
|-damage|p2b: Incineroar|87/100
|move|p2b: Incineroar|Knock Off|p1b: Indeedee
|-supereffective|p1b: Indeedee
|-damage|p1b: Indeedee|0 fnt
|-damage|p2b: Incineroar|70/100|[from] item: Rocky Helmet|[of] p1b: Indeedee
|-enditem|p1b: Indeedee|Rocky Helmet|[from] move: Knock Off|[of] p2b: Incineroar
|faint|p1b: Indeedee
|
|upkeep
|
|t:|1756574846
|switch|p1b: Annihilape|Annihilape, L50, M|100/100
|turn|4
|
|t:|1756574871
|move|p2a: Murkrow|Tailwind|p2a: Murkrow
|-sidestart|p2: JourneyManV2|move: Tailwind
|move|p1a: Armarouge|Weather Ball|p2a: Murkrow
|-damage|p2a: Murkrow|2/100
|move|p1b: Annihilape|Final Gambit|p2b: Incineroar
|-damage|p2b: Incineroar|0 fnt
|faint|p1b: Annihilape
|faint|p2b: Incineroar
|
|upkeep
|
|t:|1756574872
|switch|p1b: Torkoal|Torkoal, L50, F|100/100
|-weather|SunnyDay|[from] ability: Drought|[of] p1b: Torkoal
|turn|5
|
|t:|1756574886
|move|p1a: Armarouge|Weather Ball|p2a: Murkrow
|-damage|p2a: Murkrow|0 fnt
|faint|p2a: Murkrow
|
|win|sjogis
|l|☆JourneyManV2
|player|p2|
||sjogis is ready for game 3.
||JourneyManV2 is ready for game 3.
|uhtml|next|Next: Game 3 of 3
