|j|☆Jakobtc
|j|☆victorlien
|html|Jakobtcvictorlien    
|uhtml|bestof|Game 3 of a best-of-3
|t:|1756702196
|gametype|doubles
|player|p1|Jakobtc|riley|1184
|player|p2|victorlien|blaine|1295
|gen|9
|tier|[Gen 9] VGC 2025 Reg H (Bo3)
|rated|
|rule|Species Clause: Limit one of each Pokémon
|rule|Item Clause: Limit 1 of each item
|clearpoke
|poke|p1|Archaludon, L50, M|
|poke|p1|Incineroar, L50, F|
|poke|p1|Porygon2, L50|
|poke|p1|Ursaluna, L50, M|
|poke|p1|Sneasler, L50, F|
|poke|p1|Kilowattrel, L50, M|
|poke|p2|Gholdengo, L50|
|poke|p2|Amoonguss, L50, F|
|poke|p2|Porygon2, L50|
|poke|p2|Ursaluna, L50, M|
|poke|p2|Kilowattrel, L50, M|
|poke|p2|Incineroar, L50, M|
|teampreview|4
|showteam|p1|Archaludon||PowerHerb|Stalwart|ElectroShot,DragonPulse,Thunderbolt,Protect|||M|||50|,,,,,Electric]Incineroar||SafetyGoggles|Intimidate|FakeOut,FlareBlitz,KnockOff,PartingShot|||F|||50|,,,,,Bug]Porygon2||Eviolite|Download|TeraBlast,IceBeam,Recover,TrickRoom||||||50|,,,,,Flying]Ursaluna||FlameOrb|Guts|Facade,HeadlongRush,Earthquake,Protect|||M|||50|,,,,,Ghost]Sneasler||WhiteHerb|Unburden|DireClaw,CloseCombat,Taunt,Protect|||F|||50|,,,,,Stellar]Kilowattrel||FocusSash|Competitive|Thunderbolt,AirSlash,Tailwind,Protect|||M|||50|,,,,,Ghost
|showteam|p2|Gholdengo||LifeOrb|GoodasGold|MakeItRain,ShadowBall,NastyPlot,Protect||||||50|,,,,,Water]Amoonguss||RockyHelmet|Regenerator|Spore,PollenPuff,RagePowder,Protect|||F|||50|,,,,,Water]Porygon2||Eviolite|Download|TrickRoom,IceBeam,TeraBlast,Recover||||||50|,,,,,Fighting]Ursaluna||FlameOrb|Guts|Facade,HeadlongRush,Earthquake,Protect|||M|||50|,,,,,Ghost]Kilowattrel||SafetyGoggles|Competitive|Protect,VoltSwitch,Hurricane,Tailwind|||M|||50|,,,,,Electric]Incineroar||AssaultVest|Intimidate|FlareBlitz,KnockOff,FakeOut,Uturn|||M|||50|,,,,,Bug
|inactive|Battle timer is ON: inactive players will automatically lose when time's up. (requested by Jakobtc)
|
|t:|1756702213
|teamsize|p1|4
|teamsize|p2|4
|start
|switch|p1a: Archaludon|Archaludon, L50, M, shiny|100/100
|switch|p1b: Incineroar|Incineroar, L50, F|100/100
|switch|p2a: Gholdengo|Gholdengo, L50, shiny|100/100
|switch|p2b: Incineroar|Incineroar, L50, M|100/100
|-ability|p2b: Incineroar|Intimidate|boost
|-unboost|p1a: Archaludon|atk|1
|-unboost|p1b: Incineroar|atk|1
|-ability|p1b: Incineroar|Intimidate|boost
|-unboost|p2a: Gholdengo|atk|1
|-unboost|p2b: Incineroar|atk|1
|turn|1
|inactive|victorlien has 30 seconds left.
|inactive|victorlien has 20 seconds left.
|inactive|victorlien has 15 seconds left.
|inactive|victorlien has 10 seconds left.
|inactive|victorlien has 5 seconds left.
|
|t:|1756702265
|move|p2b: Incineroar|Fake Out|p1b: Incineroar
|-damage|p1b: Incineroar|92/100
|move|p1a: Archaludon|Electro Shot||[still]
|-prepare|p1a: Archaludon|Electro Shot
|-boost|p1a: Archaludon|spa|1
|-enditem|p1a: Archaludon|Power Herb
|-anim|p1a: Archaludon|Electro Shot|p2a: Gholdengo
|-damage|p2a: Gholdengo|43/100
|move|p2a: Gholdengo|Shadow Ball|p1a: Archaludon
|-crit|p1a: Archaludon
|-damage|p1a: Archaludon|0 fnt
|faint|p1a: Archaludon
|-damage|p2a: Gholdengo|34/100|[from] item: Life Orb
|cant|p1b: Incineroar|flinch
|
|upkeep
|
|t:|1756702289
|switch|p1a: Kilowattrel|Kilowattrel, L50, M|100/100
|turn|2
|
|t:|1756702298
|move|p2a: Gholdengo|Protect|p2a: Gholdengo
|-singleturn|p2a: Gholdengo|Protect
|move|p1a: Kilowattrel|Thunderbolt|p2a: Gholdengo
|-activate|p2a: Gholdengo|move: Protect
|move|p2b: Incineroar|U-turn|p1a: Kilowattrel
|-resisted|p1a: Kilowattrel
|-damage|p1a: Kilowattrel|88/100
|
|t:|1756702306
|switch|p2b: Kilowattrel|Kilowattrel, L50, M|100/100|[from] U-turn
|move|p1b: Incineroar|Parting Shot|p2b: Kilowattrel
|-unboost|p2b: Kilowattrel|atk|1
|-ability|p2b: Kilowattrel|Competitive|boost
|-boost|p2b: Kilowattrel|spa|2
|-unboost|p2b: Kilowattrel|spa|1
|-ability|p2b: Kilowattrel|Competitive|boost
|-boost|p2b: Kilowattrel|spa|2
|
|t:|1756702316
|switch|p1b: Ursaluna|Ursaluna, L50, M|100/100|[from] Parting Shot
|
|-status|p1b: Ursaluna|brn|[from] item: Flame Orb
|upkeep
|turn|3
|
|t:|1756702337
|switch|p2a: Incineroar|Incineroar, L50, M|100/100
|-ability|p2a: Incineroar|Intimidate|boost
|-unboost|p1a: Kilowattrel|atk|1
|-ability|p1a: Kilowattrel|Competitive|boost
|-boost|p1a: Kilowattrel|spa|2
|-unboost|p1b: Ursaluna|atk|1
|move|p1a: Kilowattrel|Tailwind|p1a: Kilowattrel
|-sidestart|p1: Jakobtc|move: Tailwind
|move|p2b: Kilowattrel|Hurricane|p1b: Ursaluna|[miss]
|-miss|p2b: Kilowattrel|p1b: Ursaluna
|move|p1b: Ursaluna|Facade|p2b: Kilowattrel
|-damage|p2b: Kilowattrel|0 fnt
|faint|p2b: Kilowattrel
|
|-damage|p1b: Ursaluna|94/100 brn|[from] brn
|upkeep
|
|t:|1756702360
|switch|p2b: Gholdengo|Gholdengo, L50, shiny|34/100
|turn|4
|
|t:|1756702382
|switch|p1b: Incineroar|Incineroar, L50, F|92/100
|-ability|p1b: Incineroar|Intimidate|boost
|-unboost|p2a: Incineroar|atk|1
|-unboost|p2b: Gholdengo|atk|1
|-terastallize|p1a: Kilowattrel|Ghost
|move|p2b: Gholdengo|Protect|p2b: Gholdengo
|-singleturn|p2b: Gholdengo|Protect
|move|p1a: Kilowattrel|Thunderbolt|p2b: Gholdengo
|-activate|p2b: Gholdengo|move: Protect
|move|p2a: Incineroar|Flare Blitz|p1a: Kilowattrel
|-damage|p1a: Kilowattrel|24/100
|-damage|p2a: Incineroar|85/100|[from] Recoil
|
|upkeep
|turn|5
|inactive|Jakobtc has 30 seconds left.
|
|t:|1756702409
|switch|p2b: Amoonguss|Amoonguss, L50, F|100/100
|move|p1a: Kilowattrel|Air Slash|p2b: Amoonguss
|-supereffective|p2b: Amoonguss
|-damage|p2b: Amoonguss|0 fnt
|faint|p2b: Amoonguss
|move|p1b: Incineroar|Knock Off|p2a: Incineroar
|-resisted|p2a: Incineroar
|-damage|p2a: Incineroar|65/100
|-enditem|p2a: Incineroar|Assault Vest|[from] move: Knock Off|[of] p1b: Incineroar
|move|p2a: Incineroar|Knock Off|p1a: Kilowattrel
|-supereffective|p1a: Kilowattrel
|-damage|p1a: Kilowattrel|0 fnt
|-enditem|p1a: Kilowattrel|Focus Sash|[from] move: Knock Off|[of] p2a: Incineroar
|faint|p1a: Kilowattrel
|
|upkeep
|
|t:|1756702424
|switch|p1a: Ursaluna|Ursaluna, L50, M|94/100 brn
|switch|p2b: Gholdengo|Gholdengo, L50, shiny|34/100
|turn|6
|
|t:|1756702441
|move|p2b: Gholdengo|Protect|p2b: Gholdengo
|-singleturn|p2b: Gholdengo|Protect
|move|p1b: Incineroar|Flare Blitz|p2b: Gholdengo
|-activate|p2b: Gholdengo|move: Protect
|move|p1a: Ursaluna|Facade|p2a: Incineroar
|-damage|p2a: Incineroar|0 fnt
|faint|p2a: Incineroar
|
|-damage|p1a: Ursaluna|88/100 brn|[from] brn
|-sideend|p1: Jakobtc|move: Tailwind
|upkeep
|turn|7
|
|t:|1756702456
|-terastallize|p2b: Gholdengo|Water
|move|p2b: Gholdengo|Make It Rain|p1b: Incineroar|[spread] p1a,p1b
|-resisted|p1b: Incineroar
|-damage|p1a: Ursaluna|33/100 brn
|-damage|p1b: Incineroar|67/100
|-unboost|p2b: Gholdengo|spa|1
|-damage|p2b: Gholdengo|24/100|[from] item: Life Orb
|move|p1b: Incineroar|Knock Off|p2b: Gholdengo
|-damage|p2b: Gholdengo|0 fnt
|-enditem|p2b: Gholdengo|Life Orb|[from] move: Knock Off|[of] p1b: Incineroar
|faint|p2b: Gholdengo
|
|win|Jakobtc
|raw|Jakobtc's rating: 1184 → 1217(+33 for winning)
|raw|victorlien's rating: 1295 → 1262(-33 for losing)
|c|☆Jakobtc|gg
