|j|☆Musaavgc
|j|☆artyowls
|html|Musaavgcartyowls    
|uhtml|bestof|Game 1 of a best-of-3
|t:|1756799665
|gametype|doubles
|player|p1|Musaavgc|n|1000
|player|p2|artyowls|plasmagrunt|1064
|gen|9
|tier|[Gen 9] VGC 2025 Reg H (Bo3)
|rated|
|rule|Species Clause: Limit one of each Pokémon
|rule|Item Clause: Limit 1 of each item
|clearpoke
|poke|p1|Whimsicott, L50, F|
|poke|p1|Incineroar, L50, M|
|poke|p1|Smeargle, L50, M|
|poke|p1|Gholdengo, L50|
|poke|p1|Kingambit, L50, M|
|poke|p1|Garchomp, L50, F|
|poke|p2|Incineroar, L50, M|
|poke|p2|Rillaboom, L50, F|
|poke|p2|Gholdengo, L50|
|poke|p2|Electabuzz, L50, M|
|poke|p2|Dragonite, L50, M|
|poke|p2|Volcarona, L50, F|
|teampreview|4
|showteam|p1|Whimsicott||CovertCloak|Prankster|DazzlingGleam,Encore,Taunt,Tailwind|||F|||50|,,,,,Water]Incineroar||RockyHelmet|Intimidate|FakeOut,KnockOff,FlareBlitz,PartingShot|||M|||50|,,,,,Water]Smeargle||FocusSash|Moody|Decorate,Spore,SpikyShield,FollowMe|||M|||50|,,,,,Fire]Gholdengo||MetalCoat|GoodasGold|MakeItRain,ShadowBall,NastyPlot,Protect||||||50|,,,,,Fairy]Kingambit||BlackGlasses|Defiant|KowtowCleave,SuckerPunch,Protect,SwordsDance|||M|||50|,,,,,Dark]Garchomp||ChoiceScarf|RoughSkin|RockSlide,StompingTantrum,DragonClaw,Earthquake|||F|||50|,,,,,Steel
|showteam|p2|Incineroar||SafetyGoggles|Intimidate|FakeOut,KnockOff,PartingShot,FlareBlitz|||M|||50|,,,,,Ghost]Rillaboom||AssaultVest|GrassySurge|GrassyGlide,FakeOut,WoodHammer,HighHorsepower|||F|||50|,,,,,Fire]Gholdengo||LifeOrb|GoodasGold|MakeItRain,ShadowBall,Protect,NastyPlot||||||50|,,,,,Water]Electabuzz||Eviolite|VitalSpirit|FollowMe,Protect,Taunt,Electroweb|||M|||50|,,,,,Ghost]Dragonite||LoadedDice|Multiscale|ScaleShot,Protect,Haze,ExtremeSpeed|||M|||50|,,,,,Normal]Volcarona||RockyHelmet|FlameBody|StruggleBug,RagePowder,FieryDance,WillOWisp|||F|||50|,,,,,Water
|
|t:|1756799738
|teamsize|p1|4
|teamsize|p2|4
|start
|switch|p1a: Garchomp|Garchomp, L50, F|100/100
|switch|p1b: Kareem|Incineroar, L50, M, shiny|100/100
|switch|p2a: Incineroar|Incineroar, L50, M|100/100
|switch|p2b: Gholdengo|Gholdengo, L50|100/100
|-ability|p1b: Kareem|Intimidate|boost
|-unboost|p2a: Incineroar|atk|1
|-unboost|p2b: Gholdengo|atk|1
|-ability|p2a: Incineroar|Intimidate|boost
|-unboost|p1a: Garchomp|atk|1
|-unboost|p1b: Kareem|atk|1
|turn|1
|
|t:|1756799769
|move|p1b: Kareem|Fake Out|p2a: Incineroar
|-damage|p2a: Incineroar|94/100
|cant|p2a: Incineroar|flinch
|move|p1a: Garchomp|Earthquake|p2b: Gholdengo|[spread] p1b,p2a,p2b
|-supereffective|p1b: Kareem
|-supereffective|p2a: Incineroar
|-supereffective|p2b: Gholdengo
|-damage|p1b: Kareem|57/100
|-damage|p2a: Incineroar|44/100
|-damage|p2b: Gholdengo|44/100
|move|p2b: Gholdengo|Nasty Plot|p2b: Gholdengo
|-boost|p2b: Gholdengo|spa|2
|
|upkeep
|turn|2
|
|t:|1756799805
|-terastallize|p2b: Gholdengo|Water
|move|p1a: Garchomp|Earthquake|p2a: Incineroar|[spread] p1b,p2a,p2b
|-supereffective|p1b: Kareem
|-supereffective|p2a: Incineroar
|-damage|p1b: Kareem|12/100
|-damage|p2a: Incineroar|0 fnt
|-damage|p2b: Gholdengo|16/100
|faint|p2a: Incineroar
|move|p2b: Gholdengo|Make It Rain|p1a: Garchomp|[spread] p1a,p1b
|-resisted|p1b: Kareem
|-damage|p1a: Garchomp|0 fnt
|-damage|p1b: Kareem|0 fnt
|-unboost|p2b: Gholdengo|spa|1
|faint|p1a: Garchomp
|faint|p1b: Kareem
|-damage|p2b: Gholdengo|7/100|[from] item: Life Orb
|
|upkeep
|
|t:|1756799819
|switch|p1a: Dawson|Kingambit, L50, M|100/100
|switch|p1b: Imran|Smeargle, L50, M, shiny|100/100
|switch|p2a: Rillaboom|Rillaboom, L50, F|100/100
|-fieldstart|move: Grassy Terrain|[from] ability: Grassy Surge|[of] p2a: Rillaboom
|turn|3
|
|t:|1756799847
|move|p2a: Rillaboom|Fake Out|p1a: Dawson
|-resisted|p1a: Dawson
|-damage|p1a: Dawson|96/100
|move|p1b: Imran|Follow Me|p1b: Imran
|-singleturn|p1b: Imran|move: Follow Me
|cant|p1a: Dawson|flinch
|move|p2b: Gholdengo|Make It Rain|p1a: Dawson|[spread] p1a,p1b
|-resisted|p1a: Dawson
|-damage|p1a: Dawson|43/100
|-enditem|p1b: Imran|Focus Sash
|-damage|p1b: Imran|1/100
|-unboost|p2b: Gholdengo|spa|1
|-damage|p2b: Gholdengo|0 fnt|[from] item: Life Orb
|faint|p2b: Gholdengo
|
|-heal|p1b: Imran|7/100|[from] Grassy Terrain
|-heal|p1a: Dawson|49/100|[from] Grassy Terrain
|-ability|p1b: Imran|Moody|boost
|-boost|p1b: Imran|atk|2
|-unboost|p1b: Imran|spe|1
|upkeep
|
|t:|1756799866
|switch|p2b: Electabuzz|Electabuzz, L50, M|100/100
|turn|4
|
|t:|1756799904
|-terastallize|p1a: Dawson|Dark
|move|p2b: Electabuzz|Follow Me|p2b: Electabuzz
|-singleturn|p2b: Electabuzz|move: Follow Me
|move|p2a: Rillaboom|Grassy Glide|p1b: Imran
|-damage|p1b: Imran|0 fnt
|faint|p1b: Imran
|move|p1a: Dawson|Kowtow Cleave|p2b: Electabuzz
|-damage|p2b: Electabuzz|24/100
|
|-heal|p2b: Electabuzz|30/100|[from] Grassy Terrain
|-heal|p1a: Dawson|55/100|[from] Grassy Terrain
|upkeep
|turn|5
|
|t:|1756799935
|move|p2b: Electabuzz|Follow Me|p2b: Electabuzz
|-singleturn|p2b: Electabuzz|move: Follow Me
|move|p1a: Dawson|Sucker Punch||[still]
|-fail|p1a: Dawson
|move|p2a: Rillaboom|Wood Hammer|p1a: Dawson
|-damage|p1a: Dawson|2/100
|-damage|p2a: Rillaboom|83/100|[from] Recoil
|
|-heal|p2b: Electabuzz|36/100|[from] Grassy Terrain
|-heal|p2a: Rillaboom|89/100|[from] Grassy Terrain
|-heal|p1a: Dawson|8/100|[from] Grassy Terrain
|upkeep
|turn|6
|inactive|Battle timer is ON: inactive players will automatically lose when time's up. (requested by artyowls)
|
|t:|1756800014
|move|p2b: Electabuzz|Follow Me|p2b: Electabuzz
|-singleturn|p2b: Electabuzz|move: Follow Me
|move|p2a: Rillaboom|Grassy Glide|p1a: Dawson
|-damage|p1a: Dawson|0 fnt
|faint|p1a: Dawson
|
|win|artyowls
||Musaavgc is ready for game 2.
||artyowls is ready for game 2.
|uhtml|next|Next: Game 2 of 3
|l|☆Musaavgc
|player|p1|
