|j|☆We_Are_Toasted
|j|☆Chisato_Arashi_VGC
|html|We_Are_ToastedChisato_Arashi_VGC    
|uhtml|bestof|Game 1 of a best-of-3
|t:|1756674824
|gametype|doubles
|player|p1|We_Are_Toasted|larry|1116
|player|p2|Chisato_Arashi_VGC|roxie-masters|1120
|gen|9
|tier|[Gen 9] VGC 2025 Reg H (Bo3)
|rated|
|rule|Species Clause: Limit one of each Pokémon
|rule|Item Clause: Limit 1 of each item
|clearpoke
|poke|p1|Porygon2, L50|
|poke|p1|Hydreigon, L50, M|
|poke|p1|Incineroar, L50, M|
|poke|p1|Garchomp, L50, M|
|poke|p1|Amoonguss, L50, M|
|poke|p1|Gholdengo, L50|
|poke|p2|Decidueye-Hisui, L50, F|
|poke|p2|Weezing-Galar, L50, M|
|poke|p2|Talonflame, L50, F|
|poke|p2|Tyranitar, L50, M|
|poke|p2|Garchomp, L50, F|
|poke|p2|Gholdengo, L50|
|teampreview|4
|showteam|p1|Porygon2||Eviolite|Download|TeraBlast,IceBeam,TrickRoom,Recover||||||50|,,,,,Fighting]Hydreigon||SafetyGoggles|Levitate|Snarl,DracoMeteor,Tailwind,Protect|||M|||50|,,,,,Ghost]Incineroar||SitrusBerry|Intimidate|FlareBlitz,KnockOff,PartingShot,FakeOut|||M|||50|,,,,,Grass]Garchomp||LoadedDice|RoughSkin|ScaleShot,Earthquake,StompingTantrum,Protect|||M|||50|,,,,,Fire]Amoonguss||CovertCloak|Regenerator|PollenPuff,Spore,RagePowder,Protect|||M|||50|,,,,,Fire]Gholdengo||MetalCoat|GoodasGold|MakeItRain,ShadowBall,NastyPlot,Protect||||||50|,,,,,Flying
|showteam|p2|Decidueye-Hisui||RazorClaw|Scrappy|TripleArrows,LeafBlade,SuckerPunch,Protect|||F|||50|,,,,,Fire]Weezing-Galar||ChoiceSpecs|NeutralizingGas|StrangeSteam,DazzlingGleam,Flamethrower,SludgeBomb|||M|||50|,,,,,Fire]Talonflame||CovertCloak|GaleWings|Tailwind,WillOWisp,BraveBird,Taunt|||F|||50|,,,,,Grass]Tyranitar||AssaultVest|SandStream|RockSlide,KnockOff,TeraBlast,LowKick|||M|||50|,,,,,Flying]Garchomp||LifeOrb|RoughSkin|DragonClaw,StompingTantrum,Earthquake,Protect|||F|||50|,,,,,Steel]Gholdengo||Leftovers|GoodasGold|MakeItRain,ShadowBall,NastyPlot,Protect||||||50|,,,,,Dragon
|inactive|Battle timer is ON: inactive players will automatically lose when time's up. (requested by We_Are_Toasted)
|inactive|We_Are_Toasted has 60 seconds left.
|inactive|Chisato_Arashi_VGC has 60 seconds left.
|inactive|We_Are_Toasted has 30 seconds left.
|inactive|Chisato_Arashi_VGC has 30 seconds left.
|inactive|We_Are_Toasted has 20 seconds left.
|inactive|We_Are_Toasted has 15 seconds left.
|inactive|We_Are_Toasted has 10 seconds left.
|inactive|We_Are_Toasted has 5 seconds left.
|
|t:|1756674920
|teamsize|p1|4
|teamsize|p2|4
|start
|switch|p1a: Incineroar|Incineroar, L50, M, shiny|100/100
|switch|p1b: Porygon2|Porygon2, L50, shiny|100/100
|switch|p2a: Talonflame|Talonflame, L50, F|100/100
|switch|p2b: Decidueye|Decidueye-Hisui, L50, F|100/100
|-ability|p1a: Incineroar|Intimidate|boost
|-unboost|p2a: Talonflame|atk|1
|-fail|p2b: Decidueye|unboost|Attack|[from] ability: Scrappy|[of] p2b: Decidueye
|-ability|p1b: Porygon2|Download|boost
|-boost|p1b: Porygon2|spa|1
|turn|1
|inactive|We_Are_Toasted has 30 seconds left.
|inactive|We_Are_Toasted has 20 seconds left.
|inactive|We_Are_Toasted has 15 seconds left.
|inactive|We_Are_Toasted has 10 seconds left.
|inactive|We_Are_Toasted has 5 seconds left.
|
|t:|1756674970
|move|p2b: Decidueye|Protect|p2b: Decidueye
|-singleturn|p2b: Decidueye|Protect
|move|p1a: Incineroar|Fake Out|p2b: Decidueye
|-activate|p2b: Decidueye|move: Protect
|move|p2a: Talonflame|Taunt|p1b: Porygon2
|-start|p1b: Porygon2|move: Taunt
|move|p1b: Porygon2|Tera Blast|p2a: Talonflame
|-damage|p2a: Talonflame|25/100
|
|upkeep
|turn|2
|inactive|We_Are_Toasted has 30 seconds left.
|inactive|We_Are_Toasted has 20 seconds left.
|inactive|We_Are_Toasted has 15 seconds left.
|inactive|We_Are_Toasted has 10 seconds left.
|
|t:|1756675019
|switch|p1a: Amoonguss|Amoonguss, L50, M, shiny|100/100
|move|p2a: Talonflame|Brave Bird|p1b: Porygon2
|-damage|p1b: Porygon2|84/100
|-damage|p2a: Talonflame|19/100|[from] Recoil
|move|p2b: Decidueye|Triple Arrows|p1a: Amoonguss
|-resisted|p1a: Amoonguss
|-damage|p1a: Amoonguss|81/100
|move|p1b: Porygon2|Ice Beam|p2b: Decidueye
|-supereffective|p2b: Decidueye
|-damage|p2b: Decidueye|9/100
|
|upkeep
|turn|3
|inactive|We_Are_Toasted has 30 seconds left.
|inactive|We_Are_Toasted has 20 seconds left.
|inactive|We_Are_Toasted has 15 seconds left.
|inactive|We_Are_Toasted has 10 seconds left.
|inactive|We_Are_Toasted has 5 seconds left.
|
|t:|1756675070
|-terastallize|p1b: Porygon2|Fighting
|move|p2a: Talonflame|Taunt|p1a: Amoonguss
|-start|p1a: Amoonguss|move: Taunt
|move|p2b: Decidueye|Triple Arrows|p1b: Porygon2
|-crit|p1b: Porygon2
|-damage|p1b: Porygon2|42/100
|cant|p1b: Porygon2|flinch
|move|p1a: Amoonguss|Pollen Puff|p2b: Decidueye
|-crit|p2b: Decidueye
|-damage|p2b: Decidueye|0 fnt
|faint|p2b: Decidueye
|
|-end|p1b: Porygon2|move: Taunt
|upkeep
|
|t:|1756675094
|switch|p2b: Gholdengo|Gholdengo, L50|100/100
|turn|4
|inactive|We_Are_Toasted has 30 seconds left.
|inactive|We_Are_Toasted has 20 seconds left.
|inactive|We_Are_Toasted has 15 seconds left.
|
|t:|1756675135
|move|p2a: Talonflame|Taunt|p1b: Porygon2
|-start|p1b: Porygon2|move: Taunt
|move|p2b: Gholdengo|Nasty Plot|p2b: Gholdengo
|-boost|p2b: Gholdengo|spa|2
|move|p1b: Porygon2|Ice Beam|p2a: Talonflame
|-damage|p2a: Talonflame|0 fnt
|faint|p2a: Talonflame
|move|p1a: Amoonguss|Pollen Puff|p1b: Porygon2
|-heal|p1b: Porygon2|92/100
|
|upkeep
|
|t:|1756675156
|switch|p2a: Weezing|Weezing-Galar, L50, M|100/100
|-ability|p2a: Weezing|Neutralizing Gas
|turn|5
|
|t:|1756675180
|switch|p1a: Incineroar|Incineroar, L50, M, shiny|100/100
|move|p2b: Gholdengo|Make It Rain|p1b: Porygon2|[spread] p1a,p1b
|-resisted|p1a: Incineroar
|-damage|p1a: Incineroar|63/100
|-damage|p1b: Porygon2|45/100
|-unboost|p2b: Gholdengo|spa|1
|move|p2a: Weezing|Strange Steam|p1b: Porygon2
|-supereffective|p1b: Porygon2
|-damage|p1b: Porygon2|0 fnt
|faint|p1b: Porygon2
|
|upkeep
|
|t:|1756675198
|switch|p1b: Amoonguss|Amoonguss, L50, M, shiny|81/100
|turn|6
|
|t:|1756675222
|move|p2b: Gholdengo|Protect|p2b: Gholdengo
|-singleturn|p2b: Gholdengo|Protect
|move|p1a: Incineroar|Fake Out|p2a: Weezing
|-damage|p2a: Weezing|88/100
|cant|p2a: Weezing|flinch
|move|p1b: Amoonguss|Spore|p2b: Gholdengo
|-activate|p2b: Gholdengo|move: Protect
|
|upkeep
|turn|7
|
|t:|1756675244
|move|p2b: Gholdengo|Make It Rain|p1a: Incineroar|[spread] p1a,p1b
|-resisted|p1a: Incineroar
|-damage|p1a: Incineroar|32/100
|-damage|p1b: Amoonguss|34/100
|-unboost|p2b: Gholdengo|spa|1
|-enditem|p1a: Incineroar|Sitrus Berry|[eat]
|-heal|p1a: Incineroar|57/100|[from] item: Sitrus Berry
|move|p1a: Incineroar|Flare Blitz|p2a: Weezing
|-damage|p2a: Weezing|40/100
|-damage|p1a: Incineroar|44/100|[from] Recoil
|move|p2a: Weezing|Strange Steam|p1b: Amoonguss
|-resisted|p1b: Amoonguss
|-damage|p1b: Amoonguss|14/100
|move|p1b: Amoonguss|Spore|p2b: Gholdengo
|-status|p2b: Gholdengo|slp|[from] move: Spore
|
|upkeep
|turn|8
|inactive|We_Are_Toasted has 30 seconds left.
|inactive|Chisato_Arashi_VGC has 30 seconds left.
|inactive|We_Are_Toasted has 20 seconds left.
|
|t:|1756675280
|-terastallize|p2b: Gholdengo|Dragon
|move|p1b: Amoonguss|Protect|p1b: Amoonguss
|-singleturn|p1b: Amoonguss|Protect
|cant|p2b: Gholdengo|slp
|move|p1a: Incineroar|Parting Shot|p2a: Weezing
|-unboost|p2a: Weezing|atk|1
|-unboost|p2a: Weezing|spa|1
|
|t:|1756675286
|switch|p1a: Garchomp|Garchomp, L50, M, shiny|100/100|[from] Parting Shot
|move|p2a: Weezing|Strange Steam|p1b: Amoonguss
|-activate|p1b: Amoonguss|move: Protect
|
|upkeep
|turn|9
|-message|Chisato_Arashi_VGC forfeited.
|
|win|We_Are_Toasted
||Chisato_Arashi_VGC is ready for game 2.
||We_Are_Toasted is ready for game 2.
|uhtml|next|Next: Game 2 of 3
