|j|☆Alecat
|j|☆higigig
|html|Alecathigigig    
|uhtml|bestof|Game 1 of a best-of-3
|t:|1757067210
|gametype|doubles
|player|p1|Alecat|scientistf|1054
|player|p2|higigig|sisandbro|1089
|gen|9
|tier|[Gen 9] VGC 2025 Reg H (Bo3)
|rated|
|rule|Species Clause: Limit one of each Pokémon
|rule|Item Clause: Limit 1 of each item
|clearpoke
|poke|p1|Pawmot, L50, F|
|poke|p1|Gyarados, L50, F|
|poke|p1|Volcarona, L50, M|
|poke|p1|Murkrow, L50, F|
|poke|p1|Incineroar, L50, M|
|poke|p1|Archaludon, L50, M|
|poke|p2|Sneasler, L50, F|
|poke|p2|Gholdengo, L50|
|poke|p2|Amoonguss, L50, M|
|poke|p2|Incineroar, L50, M|
|poke|p2|Ursaluna-Bloodmoon, L50, M|
|poke|p2|Farigiraf, L50, M|
|teampreview|4
|showteam|p1|Pawmot||FocusSash|VoltAbsorb|DoubleShock,Coaching,CloseCombat,Protect|||F|||50|,,,,,Electric]Gyarados||ClearAmulet|Moxie|Waterfall,DragonDance,Earthquake,Protect|||F|||50|,,,,,Ground]Volcarona||SitrusBerry|FlameBody|Overheat,StruggleBug,RagePowder,Tailwind|||M|||50|,,,,,Grass]Murkrow||Eviolite|Prankster|FoulPlay,RainDance,Tailwind,SunnyDay|||F|||50|,,,,,Dark]Incineroar||SafetyGoggles|Intimidate|FlareBlitz,FakeOut,Bulldoze,Taunt|||M|||50|,,,,,Ghost]Archaludon||PowerHerb|Stalwart|DragonTail,FlashCannon,ElectroShot,Protect|||M|||50|,,,,,Grass
|showteam|p2|Sneasler||ClearAmulet|PoisonTouch|FakeOut,CloseCombat,DireClaw,Protect|||F|||50|,,,,,Steel]Gholdengo||MetalCoat|GoodasGold|NastyPlot,MakeItRain,ShadowBall,Protect||||||50|,,,,,Water]Amoonguss||SitrusBerry|Regenerator|Spore,RagePowder,PollenPuff,Protect|||M|||50|,,,,,Water]Incineroar||SafetyGoggles|Intimidate|FakeOut,FlareBlitz,KnockOff,PartingShot|||M|||50|,,,,,Ghost]Ursaluna-Bloodmoon||LifeOrb|MindsEye|CalmMind,EarthPower,BloodMoon,Protect|||M|||50|,,,,,Poison]Farigiraf||MentalHerb|ArmorTail|Psychic,HelpingHand,TrickRoom,Protect|||M|||50|,,,,,Dragon
|inactive|Battle timer is ON: inactive players will automatically lose when time's up. (requested by higigig)
|inactive|Alecat also wants the timer to be on.
|inactive|higigig has 60 seconds left.
|
|t:|1757067259
|teamsize|p1|4
|teamsize|p2|4
|start
|switch|p1a: Volcarona|Volcarona, L50, M|100/100
|switch|p1b: Gyarados|Gyarados, L50, F|100/100
|switch|p2a: Sneasler|Sneasler, L50, F|100/100
|switch|p2b: Incineroar|Incineroar, L50, M|100/100
|-ability|p2b: Incineroar|Intimidate|boost
|-unboost|p1a: Volcarona|atk|1
|-fail|p1b: Gyarados|unboost|[from] item: Clear Amulet|[of] p1b: Gyarados
|turn|1
|inactive|higigig has 30 seconds left.
|
|t:|1757067288
|move|p2a: Sneasler|Dire Claw|p1a: Volcarona
|-damage|p1a: Volcarona|38/100
|-status|p1a: Volcarona|psn
|-enditem|p1a: Volcarona|Sitrus Berry|[eat]
|-heal|p1a: Volcarona|63/100 psn|[from] item: Sitrus Berry
|move|p1a: Volcarona|Tailwind|p1a: Volcarona
|-sidestart|p1: Alecat|move: Tailwind
|move|p1b: Gyarados|Dragon Dance|p1b: Gyarados
|-boost|p1b: Gyarados|atk|1
|-boost|p1b: Gyarados|spe|1
|move|p2b: Incineroar|Knock Off|p1b: Gyarados
|-damage|p1b: Gyarados|42/100
|-enditem|p1b: Gyarados|Clear Amulet|[from] move: Knock Off|[of] p2b: Incineroar
|
|-damage|p1a: Volcarona|51/100 psn|[from] psn
|upkeep
|turn|2
|inactive|higigig has 30 seconds left.
|inactive|higigig has 20 seconds left.
|inactive|Alecat has 30 seconds left.
|inactive|higigig has 15 seconds left.
|inactive|higigig has 10 seconds left.
|
|t:|1757067334
|-terastallize|p2b: Incineroar|Ghost
|move|p2a: Sneasler|Protect|p2a: Sneasler
|-singleturn|p2a: Sneasler|Protect
|move|p1a: Volcarona|Rage Powder|p1a: Volcarona
|-singleturn|p1a: Volcarona|move: Rage Powder
|move|p1b: Gyarados|Dragon Dance|p1b: Gyarados
|-boost|p1b: Gyarados|atk|1
|-boost|p1b: Gyarados|spe|1
|move|p2b: Incineroar|Parting Shot|p1b: Gyarados
|-unboost|p1b: Gyarados|atk|1
|-unboost|p1b: Gyarados|spa|1
|inactive|higigig has 30 seconds left.
|inactive|higigig has 20 seconds left.
|
|t:|1757067372
|switch|p2b: Ursaluna|Ursaluna-Bloodmoon, L50, M|100/100|[from] Parting Shot
|
|-damage|p1a: Volcarona|39/100 psn|[from] psn
|upkeep
|turn|3
|
|t:|1757067395
|switch|p2a: Incineroar|Incineroar, L50, M, tera:Ghost|100/100
|-ability|p2a: Incineroar|Intimidate|boost
|-unboost|p1a: Volcarona|atk|1
|-unboost|p1b: Gyarados|atk|1
|move|p1b: Gyarados|Earthquake|p2a: Incineroar|[spread] p1a,p2a,p2b
|-damage|p1a: Volcarona|5/100 psn
|-damage|p2a: Incineroar|77/100
|-damage|p2b: Ursaluna|80/100
|move|p1a: Volcarona|Struggle Bug|p2b: Ursaluna|[spread] p2a,p2b
|-resisted|p2a: Incineroar
|-damage|p2a: Incineroar|70/100
|-damage|p2b: Ursaluna|61/100
|-unboost|p2a: Incineroar|spa|1
|-unboost|p2b: Ursaluna|spa|1
|move|p2b: Ursaluna|Blood Moon|p1b: Gyarados
|-damage|p1b: Gyarados|0 fnt
|faint|p1b: Gyarados
|-damage|p2b: Ursaluna|52/100|[from] item: Life Orb
|
|-damage|p1a: Volcarona|0 fnt|[from] psn
|faint|p1a: Volcarona
|upkeep
|
|t:|1757067413
|switch|p1a: Incineroar|Incineroar, L50, M|100/100
|switch|p1b: Murkrow|Murkrow, L50, F|100/100
|-ability|p1a: Incineroar|Intimidate|boost
|-unboost|p2a: Incineroar|atk|1
|-unboost|p2b: Ursaluna|atk|1
|turn|4
|
|t:|1757067438
|switch|p2b: Sneasler|Sneasler, L50, F|100/100
|move|p1a: Incineroar|Bulldoze|p2a: Incineroar|[spread] p2a,p2b
|-immune|p1b: Murkrow
|-supereffective|p2b: Sneasler
|-damage|p2a: Incineroar|58/100
|-damage|p2b: Sneasler|60/100
|-unboost|p2a: Incineroar|spe|1
|move|p1b: Murkrow|Foul Play|p2a: Incineroar
|-supereffective|p2a: Incineroar
|-damage|p2a: Incineroar|4/100
|move|p2a: Incineroar|Parting Shot|p1a: Incineroar
|-unboost|p1a: Incineroar|atk|1
|-unboost|p1a: Incineroar|spa|1
|
|t:|1757067450
|switch|p2a: Ursaluna|Ursaluna-Bloodmoon, L50, M|52/100|[from] Parting Shot
|
|-sideend|p1: Alecat|move: Tailwind
|upkeep
|turn|5
|
|t:|1757067460
|move|p1b: Murkrow|Sunny Day|p1b: Murkrow
|-weather|SunnyDay
|move|p2b: Sneasler|Close Combat|p1a: Incineroar
|-supereffective|p1a: Incineroar
|-damage|p1a: Incineroar|0 fnt
|-unboost|p2b: Sneasler|def|1
|-unboost|p2b: Sneasler|spd|1
|faint|p1a: Incineroar
|move|p2a: Ursaluna|Blood Moon|p1b: Murkrow
|-crit|p1b: Murkrow
|-damage|p1b: Murkrow|0 fnt
|faint|p1b: Murkrow
|-damage|p2a: Ursaluna|42/100|[from] item: Life Orb
|
|win|higigig
