|j|☆Artsy_Snail
|j|☆Xalvadore
|html|Artsy_SnailXalvadore    
|uhtml|bestof|Game 2 of a best-of-3
|t:|1783041533
|gametype|doubles
|player|p1|Artsy_Snail|cyclistf-gen4|
|player|p2|Xalvadore|102|
|gen|9
|tier|[Gen 9 Champions] VGC 2026 Reg M-B (Bo3)
|rule|Species Clause: Limit one of each Pokémon
|rule|Item Clause: Limit 1 of each item
|clearpoke
|poke|p1|Meganium, L50, F|
|poke|p1|Dragonite, L50, F|
|poke|p1|Scovillain, L50, F|
|poke|p1|Aromatisse, L50, F|
|poke|p1|Politoed, L50, F|
|poke|p1|Gholdengo, L50|
|poke|p2|Raichu, L50, F|
|poke|p2|Krookodile, L50, M|
|poke|p2|Pelipper, L50, F|
|poke|p2|Swampert, L50, F|
|poke|p2|Tauros-Paldea-Blaze, L50, M|
|poke|p2|Gyarados, L50, F|
|teampreview|4
|showteam|p1|Meganium||Meganiumite|Overgrow|SolarBeam,WeatherBall,EarthPower,Protect|Quiet||F|||50|]Dragonite||ChoiceScarf|InnerFocus|Hurricane,IceBeam,DracoMeteor,SunnyDay|Modest||F|||50|]Scovillain||FocusSash|Chlorophyll|LeafStorm,Overheat,Endeavor,RagePowder|Timid||F|||50|]Aromatisse||SitrusBerry|AromaVeil|TrickRoom,AllySwitch,Moonblast,Disable|Relaxed||F|||50|]Politoed||LifeOrb|Drizzle|WeatherBall,IceBeam,Protect,Encore|Quiet||F|||50|]Gholdengo||SpellTag|GoodasGold|Thunderbolt,MakeItRain,ShadowBall,Protect|Quiet|||||50|
|showteam|p2|Raichu||FocusSash|LightningRod|FakeOut,Nuzzle,Encore,VoltSwitch|Timid||F|||50|]Krookodile||ChoiceScarf|Intimidate|HighHorsepower,KnockOff,RockSlide,Earthquake|Jolly||M|||50|]Pelipper||DampRock|Drizzle|WeatherBall,Hurricane,Tailwind,Protect|Bold||F|||50|]Swampert||Swampertite|Torrent|WaveCrash,Earthquake,IcePunch,Protect|Adamant||F|||50|]Tauros-Paldea-Blaze||WhiteHerb|Intimidate|CloseCombat,HighHorsepower,FlareBlitz,Protect|Jolly||M|||50|]Gyarados||SitrusBerry|Intimidate|Waterfall,IceFang,IcyWind,Protect|Jolly||F|||50|
|inactive|Battle timer is ON: inactive players will automatically lose when time's up. (requested by Artsy_Snail)
|j| frosteefromyt
|inactive|Artsy_Snail has 60 seconds left.
|inactive|Xalvadore has 60 seconds left.
|
|t:|1783041589
|teamsize|p1|4
|teamsize|p2|4
|start
|switch|p1a: Politoed|Politoed, L50, F|100/100
|switch|p1b: Scovillain|Scovillain, L50, F|100/100
|switch|p2a: Raichu|Raichu, L50, F|100/100
|switch|p2b: Swampert|Swampert, L50, F|100/100
|-weather|RainDance|[from] ability: Drizzle|[of] p1a: Politoed
|turn|1
|inactive|Xalvadore has 30 seconds left.
|
|t:|1783041615
|switch|p2b: Gyarados|Gyarados, L50, F|100/100
|-ability|p2b: Gyarados|Intimidate|boost
|-unboost|p1a: Politoed|atk|1
|-unboost|p1b: Scovillain|atk|1
|move|p1a: Politoed|Protect|p1a: Politoed
|-singleturn|p1a: Politoed|Protect
|move|p2a: Raichu|Fake Out|p1b: Scovillain
|-damage|p1b: Scovillain|86/100
|cant|p1b: Scovillain|flinch
|
|-weather|RainDance|[upkeep]
|upkeep
|turn|2
|
|t:|1783041636
|move|p2a: Raichu|Encore|p1a: Politoed
|-start|p1a: Politoed|Encore
|move|p1a: Politoed|Protect||[still]
|-fail|p1a: Politoed
|move|p2b: Gyarados|Waterfall|p1b: Scovillain
|-damage|p1b: Scovillain|0 fnt
|faint|p1b: Scovillain
|
|-weather|RainDance|[upkeep]
|upkeep
|
|t:|1783041645
|switch|p1b: Meganium|Meganium, L50, F|100/100
|turn|3
|
|t:|1783041657
|switch|p1a: Gholdengo|Gholdengo, L50|100/100
|detailschange|p1b: Meganium|Meganium-Mega, L50, F
|-mega|p1b: Meganium|Meganium|Meganiumite
|move|p2a: Raichu|Volt Switch|p1a: Gholdengo
|-damage|p1a: Gholdengo|70/100
|
|t:|1783041664
|switch|p2a: Tauros|Tauros-Paldea-Blaze, L50, M|100/100|[from] Volt Switch
|-ability|p2a: Tauros|Intimidate|boost
|-unboost|p1a: Gholdengo|atk|1
|-unboost|p1b: Meganium|atk|1
|move|p2b: Gyarados|Ice Fang|p1b: Meganium
|-supereffective|p1b: Meganium|1
|-damage|p1b: Meganium|65/100
|move|p1b: Meganium|Earth Power|p2a: Tauros
|-supereffective|p2a: Tauros|1
|-damage|p2a: Tauros|0 fnt
|faint|p2a: Tauros
|
|-weather|RainDance|[upkeep]
|upkeep
|
|t:|1783041676
|switch|p2a: Swampert|Swampert, L50, F|100/100
|turn|4
|inactive|Xalvadore has 30 seconds left.
|
|t:|1783041703
|switch|p2a: Raichu|Raichu, L50, F|100/100
|move|p2b: Gyarados|Waterfall|p1a: Gholdengo
|-damage|p1a: Gholdengo|17/100
|cant|p1a: Gholdengo|flinch
|move|p1b: Meganium|Solar Beam||[still]
|-prepare|p1b: Meganium|Solar Beam
|-activate|p1b: Meganium|ability: Mega Sol
|-anim|p1b: Meganium|Solar Beam|p2a: Raichu
|-crit|p2a: Raichu
|-enditem|p2a: Raichu|Focus Sash
|-damage|p2a: Raichu|1/100
|
|-weather|RainDance|[upkeep]
|upkeep
|turn|5
|inactive|Artsy_Snail has 30 seconds left.
|
|t:|1783041730
|move|p1a: Gholdengo|Protect|p1a: Gholdengo
|-singleturn|p1a: Gholdengo|Protect
|move|p2a: Raichu|Volt Switch|p1a: Gholdengo
|-activate|p1a: Gholdengo|move: Protect
|move|p2b: Gyarados|Ice Fang|p1b: Meganium
|-supereffective|p1b: Meganium|1
|-damage|p1b: Meganium|31/100
|cant|p1b: Meganium|flinch
|
|-weather|none
|upkeep
|turn|6
|inactive|Artsy_Snail has 30 seconds left.
|inactive|Xalvadore has 30 seconds left.
|inactive|Artsy_Snail has 20 seconds left.
|inactive|Artsy_Snail has 15 seconds left.
|
|t:|1783041774
|move|p2a: Raichu|Volt Switch|p1a: Gholdengo
|-damage|p1a: Gholdengo|0 fnt
|faint|p1a: Gholdengo
|
|t:|1783041780
|switch|p2a: Swampert|Swampert, L50, F|100/100|[from] Volt Switch
|move|p2b: Gyarados|Ice Fang|p1b: Meganium
|-supereffective|p1b: Meganium|1
|-damage|p1b: Meganium|0 fnt
|faint|p1b: Meganium
|
|upkeep
|
|t:|1783041789
|switch|p1b: Politoed|Politoed, L50, F|100/100
|-weather|RainDance|[from] ability: Drizzle|[of] p1b: Politoed
|turn|7
|
|t:|1783041813
|detailschange|p2a: Swampert|Swampert-Mega, L50, F
|-mega|p2a: Swampert|Swampert|Swampertite
|move|p2a: Swampert|Earthquake|p1b: Politoed|[spread] p1b
|-immune|p2b: Gyarados
|-damage|p1b: Politoed|49/100
|move|p2b: Gyarados|Waterfall|p1b: Politoed
|-resisted|p1b: Politoed|1
|-damage|p1b: Politoed|14/100
|move|p1b: Politoed|Ice Beam|p2a: Swampert
|-damage|p2a: Swampert|66/100
|-damage|p1b: Politoed|4/100|[from] item: Life Orb
|
|-weather|RainDance|[upkeep]
|upkeep
|turn|8
|
|t:|1783041828
|move|p2a: Swampert|Earthquake|p1b: Politoed|[spread] p1b
|-immune|p2b: Gyarados
|-damage|p1b: Politoed|0 fnt
|faint|p1b: Politoed
|
|win|Xalvadore
|l| frosteefromyt
|c|☆Xalvadore|gg
|c|☆Xalvadore|ggs
