|j|☆Mortipherus
|j|☆Harry Koekenpan
|html|MortipherusHarry Koekenpan    
|uhtml|bestof|Game 2 of a best-of-3
|t:|1757158720
|gametype|doubles
|player|p1|Mortipherus|biker-gen4|
|player|p2|Harry Koekenpan|265|
|gen|9
|tier|[Gen 9] VGC 2025 Reg H (Bo3)
|rule|Species Clause: Limit one of each Pokémon
|rule|Item Clause: Limit 1 of each item
|clearpoke
|poke|p1|Hydrapple, L50, M|
|poke|p1|Arcanine-Hisui, L50, M|
|poke|p1|Gholdengo, L50|
|poke|p1|Electabuzz, L50, M|
|poke|p1|Indeedee, L50, M|
|poke|p1|Sneasler, L50, M|
|poke|p2|Dondozo, L50, F|
|poke|p2|Tatsugiri, L50, F|
|poke|p2|Talonflame, L50, F|
|poke|p2|Ursaluna-Bloodmoon, L50, M|
|poke|p2|Sneasler, L50, F|
|poke|p2|Indeedee, L50, M|
|teampreview|4
|showteam|p1|Hydrapple||AssaultVest|Regenerator|FickleBeam,EnergyBall,EarthPower,BreakingSwipe|||M|||50|,,,,,Ground]Arcanine-Hisui||ClearAmulet|Intimidate|Protect,ExtremeSpeed,FlareBlitz,RockSlide|||M|||50|,,,,,Grass]Gholdengo||LifeOrb|GoodasGold|Protect,NastyPlot,MakeItRain,ShadowBall||||||50|,,,,,Water]Electabuzz||Eviolite|VitalSpirit|Protect,FollowMe,Taunt,Electroweb|||M|||50|,,,,,Dragon]Indeedee||FocusSash|PsychicSurge|Protect,TrickRoom,ExpandingForce,TeraBlast|||M|||50|,,,,,Ground]Sneasler||PsychicSeed|Unburden|Protect,ThroatChop,DireClaw,CloseCombat|||M|||50|,,,,,Dark
|showteam|p2|Dondozo||Leftovers|Unaware|WaveCrash,HeavySlam,OrderUp,Protect|||F|||50|,,,,,Steel]Tatsugiri||ChoiceScarf|Commander|MuddyWater,IcyWind,DragonPulse,DracoMeteor|||F|||50|,,,,,Stellar]Talonflame||CovertCloak|GaleWings|FlareBlitz,Tailwind,Taunt,DualWingbeat|||F|||50|,,,,,Grass]Ursaluna-Bloodmoon||LifeOrb|MindsEye|HyperVoice,BloodMoon,EarthPower,Protect|||M|||50|,,,,,Normal]Sneasler||PsychicSeed|Unburden|DireClaw,ThroatChop,CloseCombat,Protect|||F|||50|,,,,,Dark]Indeedee||FocusSash|PsychicSurge|ExpandingForce,TrickRoom,Imprison,HelpingHand|||M|||50|,,,,,Psychic
|inactive|Battle timer is ON: inactive players will automatically lose when time's up. (requested by Harry Koekenpan)
|
|t:|1757158747
|teamsize|p1|4
|teamsize|p2|4
|start
|switch|p1a: Caramel|Indeedee, L50, M|100/100
|switch|p1b: Hot Dog|Arcanine-Hisui, L50, M|100/100
|switch|p2a: Talonflame|Talonflame, L50, F|100/100
|switch|p2b: Sneasler|Sneasler, L50, F|100/100
|-fieldstart|move: Psychic Terrain|[from] ability: Psychic Surge|[of] p1a: Caramel
|-enditem|p2b: Sneasler|Psychic Seed
|-boost|p2b: Sneasler|spd|1|[from] item: Psychic Seed
|-ability|p1b: Hot Dog|Intimidate|boost
|-unboost|p2a: Talonflame|atk|1
|-unboost|p2b: Sneasler|atk|1
|turn|1
|inactive|Harry Koekenpan has 30 seconds left.
|
|t:|1757158775
|move|p2a: Talonflame|Tailwind|p2a: Talonflame
|-sidestart|p2: Harry Koekenpan|move: Tailwind
|move|p2b: Sneasler|Dire Claw|p1b: Hot Dog
|-resisted|p1b: Hot Dog
|-damage|p1b: Hot Dog|86/100
|move|p1a: Caramel|Expanding Force|p2a: Talonflame|[spread] p2a,p2b
|-supereffective|p2b: Sneasler
|-damage|p2a: Talonflame|17/100
|-damage|p2b: Sneasler|0 fnt
|faint|p2b: Sneasler
|move|p1b: Hot Dog|Rock Slide|p2a: Talonflame
|-supereffective|p2a: Talonflame
|-damage|p2a: Talonflame|0 fnt
|faint|p2a: Talonflame
|
|upkeep
|
|t:|1757158787
|switch|p2a: Ursaluna|Ursaluna-Bloodmoon, L50, M|100/100
|switch|p2b: Indeedee|Indeedee, L50, M|100/100
|turn|2
|
|t:|1757158803
|-terastallize|p2a: Ursaluna|Normal
|move|p2b: Indeedee|Expanding Force|p1b: Hot Dog|[spread] p1a,p1b
|-resisted|p1a: Caramel
|-damage|p1a: Caramel|66/100
|-damage|p1b: Hot Dog|33/100
|move|p2a: Ursaluna|Hyper Voice|p1a: Caramel|[spread] p1a,p1b
|-resisted|p1b: Hot Dog
|-damage|p1a: Caramel|0 fnt
|-damage|p1b: Hot Dog|0 fnt
|faint|p1a: Caramel
|faint|p1b: Hot Dog
|-damage|p2a: Ursaluna|91/100|[from] item: Life Orb
|
|upkeep
|
|t:|1757158814
|switch|p1a: Apple Pie|Hydrapple, L50, M|100/100
|switch|p1b: Stew|Sneasler, L50, M|100/100
|-enditem|p1b: Stew|Psychic Seed
|-boost|p1b: Stew|spd|1|[from] item: Psychic Seed
|turn|3
|
|t:|1757158837
|-terastallize|p1b: Stew|Dark
|move|p2a: Ursaluna|Protect|p2a: Ursaluna
|-singleturn|p2a: Ursaluna|Protect
|move|p1b: Stew|Close Combat|p2a: Ursaluna
|-activate|p2a: Ursaluna|move: Protect
|move|p2b: Indeedee|Expanding Force|p1b: Stew|[spread] p1a
|-immune|p1b: Stew
|-crit|p1a: Apple Pie
|-damage|p1a: Apple Pie|53/100
|move|p1a: Apple Pie|Breaking Swipe|p2b: Indeedee|[spread] p2b
|-activate|p2a: Ursaluna|move: Protect
|-damage|p2b: Indeedee|72/100
|-unboost|p2b: Indeedee|atk|1
|
|upkeep
|turn|4
|
|t:|1757158861
|move|p2b: Indeedee|Helping Hand|p2a: Ursaluna
|-singleturn|p2a: Ursaluna|Helping Hand|[of] p2b: Indeedee
|move|p1b: Stew|Close Combat|p2a: Ursaluna
|-supereffective|p2a: Ursaluna
|-damage|p2a: Ursaluna|0 fnt
|-unboost|p1b: Stew|def|1
|-unboost|p1b: Stew|spd|1
|faint|p2a: Ursaluna
|move|p1a: Apple Pie|Fickle Beam|p2b: Indeedee
|-damage|p2b: Indeedee|10/100
|
|-sideend|p2: Harry Koekenpan|move: Tailwind
|upkeep
|turn|5
|c|☆Harry Koekenpan|ggs
|
|t:|1757158876
|move|p1b: Stew|Throat Chop|p2b: Indeedee
|-supereffective|p2b: Indeedee
|-damage|p2b: Indeedee|0 fnt
|faint|p2b: Indeedee
|
|win|Mortipherus
|c|☆Mortipherus|ggs
