|j|☆zephyr1807
|j|☆NyulaDraws
|html|zephyr1807NyulaDraws    
|uhtml|bestof|Game 2 of a best-of-3
|t:|1783438690
|gametype|doubles
|player|p1|zephyr1807|170|1085
|player|p2|NyulaDraws|backpacker|1106
|gen|9
|tier|[Gen 9 Champions] VGC 2026 Reg M-B (Bo3)
|rated|
|rule|Species Clause: Limit one of each Pokémon
|rule|Item Clause: Limit 1 of each item
|clearpoke
|poke|p1|Charizard, L50, M, shiny|
|poke|p1|Whimsicott, L50, F|
|poke|p1|Metagross, L50|
|poke|p1|Basculegion, L50, M|
|poke|p1|Garchomp, L50, M|
|poke|p1|Sneasler, L50, M|
|poke|p2|Blastoise, L50, M|
|poke|p2|Delphox, L50, M, shiny|
|poke|p2|Incineroar, L50, M|
|poke|p2|Sneasler, L50, M|
|poke|p2|Sinistcha, L50|
|poke|p2|Maushold-Four, L50|
|teampreview|4
|showteam|p1|Charizard||CharizarditeY|Blaze|Protect,SolarBeam,HeatWave,ScorchingSands|Modest||M|||50|]Whimsicott||FocusSash|Prankster|Encore,Tailwind,Moonblast,Protect|Timid||F|||50|]Metagross||Leftovers|ClearBody|Protect,PsychicFangs,BulletPunch,IronHead|Adamant|||||50|]Basculegion||ExpertBelt|Adaptability|AquaJet,LastRespects,WaveCrash,Protect|Jolly||M|||50|]Garchomp||SitrusBerry|RoughSkin|DragonClaw,Protect,Earthquake,RockSlide|Jolly||M|||50|]Sneasler||WhiteHerb|Unburden|FakeOut,DireClaw,CloseCombat,Protect|Jolly||M|||50|
|showteam|p2|Blastoise||Blastoisinite|RainDish|WaterSpout,DarkPulse,ShellSmash,Protect|Modest||M|||50|]Delphox||Delphoxite|Blaze|HeatWave,Psyshock,NastyPlot,Protect|Timid||M|||50|]Incineroar||SitrusBerry|Intimidate|FakeOut,FlareBlitz,ThroatChop,PartingShot|Impish||M|||50|]Sneasler||FocusSash|PoisonTouch|FakeOut,CloseCombat,DireClaw,QuickGuard|Jolly||M|||50|]Sinistcha||KasibBerry|Hospitality|MatchaGotcha,LifeDew,RagePowder,Protect|Bold|||||50|]Maushold-Four||ChopleBerry|FriendGuard|SuperFang,Feint,FollowMe,SunnyDay|Impish|||||50|
|
|t:|1783438709
|teamsize|p1|4
|teamsize|p2|4
|start
|switch|p1a: Whimsicott|Whimsicott, L50, F|100/100
|switch|p1b: Sneasler|Sneasler, L50, M|100/100
|switch|p2a: Sneasler|Sneasler, L50, M|100/100
|switch|p2b: Blastoise|Blastoise, L50, M|100/100
|turn|1
|
|t:|1783438722
|detailschange|p2b: Blastoise|Blastoise-Mega, L50, M
|-mega|p2b: Blastoise|Blastoise|Blastoisinite
|move|p1b: Sneasler|Fake Out|p2b: Blastoise
|-damage|p2b: Blastoise|87/100
|move|p2a: Sneasler|Quick Guard|p2a: Sneasler
|-singleturn|p2a: Sneasler|Quick Guard
|move|p1a: Whimsicott|Tailwind|p1a: Whimsicott
|-sidestart|p1: zephyr1807|move: Tailwind
|cant|p2b: Blastoise|flinch
|
|upkeep
|turn|2
|c|☆NyulaDraws|oh so its a speed tie
|c|☆zephyr1807|ye ig
|
|t:|1783438764
|move|p2b: Blastoise|Protect|p2b: Blastoise
|-singleturn|p2b: Blastoise|Protect
|move|p1b: Sneasler|Dire Claw|p2b: Blastoise
|-activate|p2b: Blastoise|move: Protect
|move|p1a: Whimsicott|Moonblast|p2a: Sneasler
|-damage|p2a: Sneasler|60/100
|move|p2a: Sneasler|Dire Claw|p1a: Whimsicott
|-supereffective|p1a: Whimsicott|2
|-enditem|p1a: Whimsicott|Focus Sash
|-damage|p1a: Whimsicott|1/100
|-status|p1a: Whimsicott|psn|[from] ability: Poison Touch|[of] p2a: Sneasler
|
|-damage|p1a: Whimsicott|0 fnt|[from] psn
|faint|p1a: Whimsicott
|upkeep
|c|☆zephyr1807|na
|
|t:|1783438781
|switch|p1a: Metagross|Metagross, L50|100/100
|turn|3
|
|t:|1783438804
|switch|p2a: Sinistcha|Sinistcha, L50|100/100
|-heal|p2b: Blastoise|100/100|[from] ability: Hospitality|[of] p2a: Sinistcha
|move|p1b: Sneasler|Close Combat|p2b: Blastoise
|-damage|p2b: Blastoise|40/100
|-unboost|p1b: Sneasler|def|1
|-unboost|p1b: Sneasler|spd|1
|-enditem|p1b: Sneasler|White Herb
|-clearnegativeboost|p1b: Sneasler|[silent]
|move|p1a: Metagross|Psychic Fangs|p2a: Sinistcha
|-damage|p2a: Sinistcha|56/100
|move|p2b: Blastoise|Dark Pulse|p1a: Metagross
|-supereffective|p1a: Metagross|1
|-damage|p1a: Metagross|0 fnt
|faint|p1a: Metagross
|
|upkeep
|
|t:|1783438823
|switch|p1a: Basculegion|Basculegion, L50, M|100/100
|turn|4
|
|t:|1783438835
|switch|p2b: Incineroar|Incineroar, L50, M|100/100
|-ability|p2b: Incineroar|Intimidate|boost
|-unboost|p1a: Basculegion|atk|1
|-unboost|p1b: Sneasler|atk|1
|move|p1b: Sneasler|Dire Claw|p2a: Sinistcha
|-damage|p2a: Sinistcha|33/100
|move|p1a: Basculegion|Last Respects|p2b: Incineroar
|-resisted|p2b: Incineroar|1
|-damage|p2b: Incineroar|77/100
|move|p2a: Sinistcha|Matcha Gotcha|p1a: Basculegion|[spread] p1a,p1b
|-supereffective|p1a: Basculegion|1
|-resisted|p1b: Sneasler|1
|-damage|p1a: Basculegion|46/100
|-heal|p2a: Sinistcha|64/100|[from] drain|[of] p1a: Basculegion
|-damage|p1b: Sneasler|82/100
|-heal|p2a: Sinistcha|72/100|[from] drain|[of] p1b: Sneasler
|
|-sideend|p1: zephyr1807|move: Tailwind
|upkeep
|turn|5
|
|t:|1783438858
|move|p1b: Sneasler|Protect|p1b: Sneasler
|-singleturn|p1b: Sneasler|Protect
|move|p1a: Basculegion|Protect|p1a: Basculegion
|-singleturn|p1a: Basculegion|Protect
|move|p2b: Incineroar|Fake Out|p1b: Sneasler
|-activate|p1b: Sneasler|move: Protect
|move|p2a: Sinistcha|Matcha Gotcha|p1b: Sneasler|[spread] 
|-activate|p1a: Basculegion|move: Protect
|-activate|p1b: Sneasler|move: Protect
|
|upkeep
|turn|6
|
|t:|1783438874
|move|p1b: Sneasler|Close Combat|p2b: Incineroar
|-supereffective|p2b: Incineroar|1
|-damage|p2b: Incineroar|19/100
|-unboost|p1b: Sneasler|def|1
|-unboost|p1b: Sneasler|spd|1
|-enditem|p2b: Incineroar|Sitrus Berry|[eat]
|-heal|p2b: Incineroar|44/100|[from] item: Sitrus Berry
|move|p1a: Basculegion|Last Respects|p2a: Sinistcha
|-supereffective|p2a: Sinistcha|1
|-enditem|p2a: Sinistcha|Kasib Berry|[eat]
|-enditem|p2a: Sinistcha|Kasib Berry|[weaken]
|-damage|p2a: Sinistcha|7/100
|move|p2a: Sinistcha|Matcha Gotcha|p1b: Sneasler|[spread] p1a,p1b
|-supereffective|p1a: Basculegion|1
|-resisted|p1b: Sneasler|1
|-damage|p1a: Basculegion|0 fnt
|-heal|p2a: Sinistcha|34/100|[from] drain|[of] p1a: Basculegion
|-damage|p1b: Sneasler|55/100
|-heal|p2a: Sinistcha|46/100|[from] drain|[of] p1b: Sneasler
|-status|p1b: Sneasler|brn
|faint|p1a: Basculegion
|move|p2b: Incineroar|Parting Shot|p1b: Sneasler
|-unboost|p1b: Sneasler|atk|1
|-unboost|p1b: Sneasler|spa|1
|-message|zephyr1807 forfeited.
|
|win|NyulaDraws
|l|☆zephyr1807
|player|p1|
||NyulaDraws is ready for game 3.
||zephyr1807 is ready for game 3.
|uhtml|next|Next: Game 3 of 3
