|j|☆OreXis945
|j|☆MiraiPidgeon
|html|OreXis945MiraiPidgeon    
|uhtml|bestof|Game 1 of a best-of-3
|t:|1757862021
|gametype|doubles
|player|p1|OreXis945|101|1301
|player|p2|MiraiPidgeon|102|1204
|gen|9
|tier|[Gen 9] VGC 2025 Reg H (Bo3)
|rated|
|rule|Species Clause: Limit one of each Pokémon
|rule|Item Clause: Limit 1 of each item
|clearpoke
|poke|p1|Politoed, L50, M|
|poke|p1|Incineroar, L50, M|
|poke|p1|Gothitelle, L50, M|
|poke|p1|Kingdra, L50, F|
|poke|p1|Archaludon, L50, M|
|poke|p1|Amoonguss, L50, F|
|poke|p2|Rillaboom, L50, M|
|poke|p2|Magmar, L50, F|
|poke|p2|Sneasler, L50, F|
|poke|p2|Gholdengo, L50|
|poke|p2|Dragonite, L50, M|
|poke|p2|Ursaluna-Bloodmoon, L50, M|
|teampreview|4
|showteam|p1|Politoed||Leftovers|Drizzle|WeatherBall,Encore,PerishSong,Protect|||M|||50|,,,,,Grass]Incineroar||SafetyGoggles|Intimidate|KnockOff,PartingShot,FakeOut,Protect|||M|||50|,,,,,Ghost]Gothitelle||SitrusBerry|ShadowTag|Psychic,TrickRoom,FakeOut,Protect|||M|||50|,,,,,Dark]Kingdra||LifeOrb|SwiftSwim|MuddyWater,WeatherBall,DracoMeteor,Protect|||F|||50|,,,,,Stellar]Archaludon||PowerHerb|Sturdy|ElectroShot,DragonPulse,FlashCannon,Protect|||M|||50|,,,,,Electric]Amoonguss||EjectButton|Regenerator|PollenPuff,Spore,RagePowder,Protect|||F|||50|,,,,,Fairy
|showteam|p2|Rillaboom||MiracleSeed|GrassySurge|GrassyGlide,FakeOut,WoodHammer,HighHorsepower|||M|||50|,,,,,Fire]Magmar||Eviolite|VitalSpirit|Protect,BurningJealousy,FollowMe,ClearSmog|||F|||50|,,,,,Dragon]Sneasler||FocusSash|PoisonTouch|DireClaw,CloseCombat,Coaching,FakeOut|||F|||50|,,,,,Ghost]Gholdengo||LifeOrb|GoodasGold|MakeItRain,ShadowBall,NastyPlot,Protect||||||50|,,,,,Water]Dragonite||LoadedDice|Multiscale|Tailwind,LowKick,ScaleShot,Protect|||M|||50|,,,,,Fairy]Ursaluna-Bloodmoon||AssaultVest|MindsEye|BloodMoon,EarthPower,HyperVoice,VacuumWave|||M|||50|,,,,,Water
|
|t:|1757862112
|teamsize|p1|4
|teamsize|p2|4
|start
|switch|p1a: Incineroar|Incineroar, L50, M|100/100
|switch|p1b: Archaludon|Archaludon, L50, M|100/100
|switch|p2a: Gholdengo|Gholdengo, L50|100/100
|switch|p2b: Dragonite|Dragonite, L50, M|100/100
|-ability|p1a: Incineroar|Intimidate|boost
|-unboost|p2a: Gholdengo|atk|1
|-unboost|p2b: Dragonite|atk|1
|turn|1
|
|t:|1757862133
|-terastallize|p1b: Archaludon|Electric
|move|p1b: Archaludon|Electro Shot||[still]
|-prepare|p1b: Archaludon|Electro Shot
|-boost|p1b: Archaludon|spa|1
|-enditem|p1b: Archaludon|Power Herb
|-anim|p1b: Archaludon|Electro Shot|p2a: Gholdengo
|-damage|p2a: Gholdengo|0 fnt
|faint|p2a: Gholdengo
|move|p2b: Dragonite|Low Kick|p1b: Archaludon
|-damage|p1b: Archaludon|83/100
|move|p1a: Incineroar|Parting Shot|p2b: Dragonite
|-unboost|p2b: Dragonite|atk|1
|-unboost|p2b: Dragonite|spa|1
|
|t:|1757862145
|switch|p1a: Politoed|Politoed, L50, M|100/100|[from] Parting Shot
|-weather|RainDance|[from] ability: Drizzle|[of] p1a: Politoed
|
|-weather|RainDance|[upkeep]
|upkeep
|
|t:|1757862149
|switch|p2a: Ursaluna|Ursaluna-Bloodmoon, L50, M|100/100
|turn|2
|
|t:|1757862189
|switch|p1b: Gothitelle|Gothitelle, L50, M|100/100
|-terastallize|p2a: Ursaluna|Water
|move|p2b: Dragonite|Tailwind|p2b: Dragonite
|-sidestart|p2: MiraiPidgeon|move: Tailwind
|move|p2a: Ursaluna|Earth Power|p1b: Gothitelle
|-damage|p1b: Gothitelle|64/100
|move|p1a: Politoed|Perish Song|p1a: Politoed
|-start|p1a: Politoed|perish3|[silent]
|-start|p1b: Gothitelle|perish3|[silent]
|-start|p2a: Ursaluna|perish3|[silent]
|-start|p2b: Dragonite|perish3|[silent]
|-fieldactivate|move: Perish Song
|
|-weather|RainDance|[upkeep]
|-start|p2b: Dragonite|perish3
|-start|p2a: Ursaluna|perish3
|-start|p1a: Politoed|perish3
|-start|p1b: Gothitelle|perish3
|upkeep
|turn|3
|
|t:|1757862210
|switch|p1a: Incineroar|Incineroar, L50, M|100/100
|-ability|p1a: Incineroar|Intimidate|boost
|-unboost|p2a: Ursaluna|atk|1
|-unboost|p2b: Dragonite|atk|1
|move|p1b: Gothitelle|Fake Out|p2a: Ursaluna
|-damage|p2a: Ursaluna|96/100
|move|p2b: Dragonite|Scale Shot|p1b: Gothitelle
|-crit|p1b: Gothitelle
|-damage|p1b: Gothitelle|44/100
|-enditem|p1b: Gothitelle|Sitrus Berry|[eat]
|-heal|p1b: Gothitelle|69/100|[from] item: Sitrus Berry
|-damage|p1b: Gothitelle|64/100
|-damage|p1b: Gothitelle|58/100
|-damage|p1b: Gothitelle|53/100
|-hitcount|p1b: Gothitelle|4
|-unboost|p2b: Dragonite|def|1
|-boost|p2b: Dragonite|spe|1
|cant|p2a: Ursaluna|flinch
|
|-weather|RainDance|[upkeep]
|-start|p2b: Dragonite|perish2
|-start|p2a: Ursaluna|perish2
|-start|p1b: Gothitelle|perish2
|upkeep
|turn|4
|
|t:|1757862257
|move|p1b: Gothitelle|Protect|p1b: Gothitelle
|-singleturn|p1b: Gothitelle|Protect
|move|p1a: Incineroar|Fake Out|p2a: Ursaluna
|-damage|p2a: Ursaluna|88/100
|move|p2b: Dragonite|Scale Shot|p1b: Gothitelle
|-activate|p1b: Gothitelle|move: Protect
|cant|p2a: Ursaluna|flinch
|
|-weather|RainDance|[upkeep]
|-start|p2b: Dragonite|perish1
|-start|p2a: Ursaluna|perish1
|-start|p1b: Gothitelle|perish1
|upkeep
|turn|5
|
|t:|1757862271
|switch|p1b: Archaludon|Archaludon, L50, M, tera:Electric|83/100
|move|p1a: Incineroar|Protect|p1a: Incineroar
|-singleturn|p1a: Incineroar|Protect
|move|p2b: Dragonite|Scale Shot|p1a: Incineroar
|-activate|p1a: Incineroar|move: Protect
|move|p2a: Ursaluna|Blood Moon|p1a: Incineroar
|-activate|p1a: Incineroar|move: Protect
|
|-weather|none
|-start|p2b: Dragonite|perish0
|-start|p2a: Ursaluna|perish0
|-sideend|p2: MiraiPidgeon|move: Tailwind
|faint|p2b: Dragonite
|faint|p2a: Ursaluna
|upkeep
|-message|MiraiPidgeon forfeited.
|
|win|OreXis945
||OreXis945 is ready for game 2.
||MiraiPidgeon is ready for game 2.
|uhtml|next|Next: Game 2 of 3
