|j|☆ghjk09
|j|☆Ash garlic
|html|ghjk09Ash garlic    
|uhtml|bestof|Game 1 of a best-of-3
|t:|1784922599
|gametype|doubles
|player|p1|ghjk09|hilbert|1000
|player|p2|Ash garlic|2|1000
|gen|9
|tier|[Gen 9 Champions] VGC 2026 Reg M-B (Bo3)
|rated|
|rule|Species Clause: Limit one of each Pokémon
|rule|Item Clause: Limit 1 of each item
|clearpoke
|poke|p1|Ariados, L50, F|
|poke|p1|Beedrill, L50, M|
|poke|p1|Ditto, L50|
|poke|p1|Vivillon, L50, F|
|poke|p1|Pikachu, L50, F|
|poke|p1|Sableye, L50, M|
|poke|p2|Steelix, L50, F|
|poke|p2|Gardevoir, L50, F|
|poke|p2|Arcanine-Hisui, L50, M|
|poke|p2|Sinistcha, L50|
|poke|p2|Blastoise, L50, F|
|poke|p2|Klefki, L50, M|
|teampreview|4
|showteam|p1|Ariados||MentalHerb|Insomnia|Infestation,Protect,StickyWeb,ToxicThread|Relaxed||F|||50|]Beedrill||Beedrillite|Swarm|DrillRun,PoisonJab,Protect,Lunge|Jolly||M|||50|]Ditto||QuickClaw|Imposter|Transform|Timid|||||50|]Vivillon||FocusSash|CompoundEyes|Hurricane,SleepPowder,Protect,Tailwind|Timid||F|||50|]Pikachu||LightBall|LightningRod|Thunderbolt,AlluringVoice,Protect,GrassKnot|Modest||F|||50|]Sableye|||Prankster|Disable,Encore,Protect,Quash|Serious||M|||50|
|showteam|p2|Steelix||Steelixite|Sturdy|BodyPress,Substitute,Earthquake,IronHead|Relaxed||F|||50|]Gardevoir||MentalHerb|Telepathy|Gravity,TrickRoom,DestinyBond,Moonblast|Sassy||F|||50|]Arcanine-Hisui||ExpertBelt|Intimidate|Sandstorm,MorningSun,BurnUp,PowerGem|Timid||M|||50|]Sinistcha||FocusSash|Hospitality|LifeDew,RagePowder,TrickRoom,MatchaGotcha|Relaxed|||||50|]Blastoise||Blastoisinite|RainDish|TerrainPulse,FakeOut,LifeDew,WaterPulse|Relaxed||F|||50|]Klefki||Leftovers|Prankster|TrickRoom,Sandstorm,RainDance,Psyshock|Relaxed||M|||50|
|
|t:|1784922626
|teamsize|p1|4
|teamsize|p2|4
|start
|switch|p1a: Vivillon|Vivillon, L50, F|100/100
|switch|p1b: Beedrill|Beedrill, L50, M|100/100
|switch|p2a: Arcanine|Arcanine-Hisui, L50, M|100/100
|switch|p2b: Gardevoir|Gardevoir, L50, F|100/100
|-ability|p2a: Arcanine|Intimidate|boost
|-unboost|p1a: Vivillon|atk|1
|-unboost|p1b: Beedrill|atk|1
|turn|1
|
|t:|1784922666
|detailschange|p1b: Beedrill|Beedrill-Mega, L50, M
|-mega|p1b: Beedrill|Beedrill|Beedrillite
|move|p1b: Beedrill|Poison Jab|p2b: Gardevoir
|-supereffective|p2b: Gardevoir|1
|-damage|p2b: Gardevoir|0 fnt
|faint|p2b: Gardevoir
|move|p2a: Arcanine|Sandstorm|p2a: Arcanine
|-weather|Sandstorm
|move|p1a: Vivillon|Sleep Powder|p2a: Arcanine
|-status|p2a: Arcanine|slp|[from] move: Sleep Powder
|
|-weather|Sandstorm|[upkeep]
|-damage|p1b: Beedrill|94/100|[from] Sandstorm
|-damage|p1a: Vivillon|94/100|[from] Sandstorm
|upkeep
|
|t:|1784922680
|switch|p2b: Steelix|Steelix, L50, F|100/100
|turn|2
|
|t:|1784922709
|move|p1b: Beedrill|Drill Run|p2a: Arcanine
|-supereffective|p2a: Arcanine|2
|-damage|p2a: Arcanine|0 fnt
|faint|p2a: Arcanine
|move|p1a: Vivillon|Sleep Powder|p2b: Steelix
|-status|p2b: Steelix|slp|[from] move: Sleep Powder
|cant|p2b: Steelix|slp
|
|-weather|Sandstorm|[upkeep]
|-damage|p1b: Beedrill|88/100|[from] Sandstorm
|-damage|p1a: Vivillon|88/100|[from] Sandstorm
|upkeep
|
|t:|1784922721
|switch|p2a: Blastoise|Blastoise, L50, F|100/100
|turn|3
|
|t:|1784922737
|detailschange|p2b: Steelix|Steelix-Mega, L50, F
|-mega|p2b: Steelix|Steelix|Steelixite
|move|p2a: Blastoise|Fake Out|p1a: Vivillon
|-damage|p1a: Vivillon|72/100
|move|p1b: Beedrill|Poison Jab|p2a: Blastoise
|-damage|p2a: Blastoise|73/100
|cant|p1a: Vivillon|flinch
|cant|p2b: Steelix|slp
|
|-weather|Sandstorm|[upkeep]
|-damage|p1b: Beedrill|83/100|[from] Sandstorm
|-damage|p1a: Vivillon|66/100|[from] Sandstorm
|-damage|p2a: Blastoise|67/100|[from] Sandstorm
|upkeep
|turn|4
|
|t:|1784922762
|move|p1b: Beedrill|Drill Run|p2b: Steelix
|-supereffective|p2b: Steelix|1
|-damage|p2b: Steelix|83/100 slp
|move|p1a: Vivillon|Sleep Powder|p2a: Blastoise
|-status|p2a: Blastoise|slp|[from] move: Sleep Powder
|cant|p2a: Blastoise|slp
|-curestatus|p2b: Steelix|slp|[msg]
|move|p2b: Steelix|Earthquake|p1a: Vivillon|[spread] p2a,p1b
|-immune|p1a: Vivillon
|-damage|p2a: Blastoise|33/100 slp
|-damage|p1b: Beedrill|0 fnt
|faint|p1b: Beedrill
|
|-weather|Sandstorm|[upkeep]
|-damage|p1a: Vivillon|61/100|[from] Sandstorm
|-damage|p2a: Blastoise|27/100 slp|[from] Sandstorm
|upkeep
|
|t:|1784922789
|switch|p1b: Sableye|Sableye, L50, M|100/100
|turn|5
|
|t:|1784922811
|move|p1b: Sableye|Protect|p1b: Sableye
|-singleturn|p1b: Sableye|Protect
|move|p1a: Vivillon|Sleep Powder|p2b: Steelix
|-status|p2b: Steelix|slp|[from] move: Sleep Powder
|-curestatus|p2a: Blastoise|slp|[msg]
|move|p2a: Blastoise|Life Dew|p2a: Blastoise|[spread] p2a,p2b
|-heal|p2a: Blastoise|52/100
|-heal|p2b: Steelix|100/100 slp
|cant|p2b: Steelix|slp
|
|-weather|none
|upkeep
|turn|6
|
|t:|1784922839
|move|p1b: Sableye|Encore|p2b: Steelix
|-start|p2b: Steelix|Encore
|move|p1a: Vivillon|Sleep Powder|p2a: Blastoise
|-status|p2a: Blastoise|slp|[from] move: Sleep Powder
|cant|p2a: Blastoise|slp
|cant|p2b: Steelix|slp
|
|upkeep
|turn|7
|
|t:|1784922862
|move|p1b: Sableye|Disable|p2a: Blastoise
|-start|p2a: Blastoise|Disable|Life Dew
|move|p1a: Vivillon|Hurricane|p2a: Blastoise
|-damage|p2a: Blastoise|13/100 slp
|cant|p2a: Blastoise|slp
|-curestatus|p2b: Steelix|slp|[msg]
|move|p2b: Steelix|Earthquake|p1b: Sableye|[spread] p2a,p1b
|-immune|p1a: Vivillon
|-damage|p2a: Blastoise|0 fnt
|-damage|p1b: Sableye|49/100
|faint|p2a: Blastoise
|
|upkeep
|turn|8
|-message|Ash garlic forfeited.
|raw|ghjk09's rating: 1000 → 1040(+40 for winning)
|raw|Ash garlic's rating: 1000 → 1000(+0 for losing)
|
|win|ghjk09
|l|☆Ash garlic
|player|p2|
