|j|☆nomesalenada
|j|☆BringTheHunie
|html|nomesalenadaBringTheHunie    
|uhtml|bestof|Game 1 of a best-of-3
|t:|1782233124
|gametype|doubles
|player|p1|nomesalenada|169|1078
|player|p2|BringTheHunie|miriam|1000
|gen|9
|tier|[Gen 9 Champions] VGC 2026 Reg M-B (Bo3)
|rated|
|rule|Species Clause: Limit one of each Pokémon
|rule|Item Clause: Limit 1 of each item
|clearpoke
|poke|p1|Charizard, L50, M|
|poke|p1|Whimsicott, L50, F|
|poke|p1|Garchomp, L50, M|
|poke|p1|Basculegion, L50, M|
|poke|p1|Glimmora, L50, M|
|poke|p1|Kingambit, L50, M|
|poke|p2|Mawile, L50, M|
|poke|p2|Delphox, L50, M|
|poke|p2|Sinistcha, L50|
|poke|p2|Incineroar, L50, M|
|poke|p2|Garchomp, L50, F|
|poke|p2|Milotic, L50, M|
|teampreview|4
|showteam|p1|Charizard||CharizarditeY|Blaze|HeatWave,WeatherBall,SolarBeam,Protect|Modest||M|||50|]Whimsicott||FairyFeather|Prankster|Moonblast,TrickRoom,Encore,Tailwind|Bold||F|||50|]Garchomp||LifeOrb|RoughSkin|DragonClaw,Earthquake,RockSlide,Protect|Adamant||M|||50|]Basculegion||MysticWater|Adaptability|WaveCrash,AquaJet,LastRespects,Protect|Adamant||M|||50|]Glimmora||FocusSash|ToxicDebris|SludgeBomb,PowerGem,SpikyShield,EarthPower|Modest||M|||50|]Kingambit||ChopleBerry|Defiant|KowtowCleave,SuckerPunch,IronHead,Protect|Adamant||M|||50|
|showteam|p2|Mawile||Mawilite|HyperCutter|Protect,SwordsDance,SuckerPunch,PlayRough|Adamant||M|||50|]Delphox||Delphoxite|Blaze|NastyPlot,Protect,HeatWave,Psyshock|Timid||M|||50|]Sinistcha||KasibBerry|Hospitality|MatchaGotcha,RagePowder,TrickRoom,Protect|Calm|||||50|]Incineroar||SitrusBerry|Intimidate|FakeOut,PartingShot,FlareBlitz,ThroatChop|Impish||M|||50|]Garchomp||LifeOrb|RoughSkin|Earthquake,RockSlide,DragonClaw,Protect|Jolly||F|||50|]Milotic||Leftovers|Competitive|Coil,Hypnosis,MuddyWater,Protect|Bold||M|||50|
|inactive|Battle timer is ON: inactive players will automatically lose when time's up. (requested by BringTheHunie)
|inactive|nomesalenada has 60 seconds left.
|inactive|BringTheHunie has 60 seconds left.
|
|t:|1782233174
|teamsize|p1|4
|teamsize|p2|4
|start
|switch|p1a: Glimmora|Glimmora, L50, M|100/100
|switch|p1b: Whimsicott|Whimsicott, L50, F|100/100
|switch|p2a: Delphox|Delphox, L50, M|100/100
|switch|p2b: Garchomp|Garchomp, L50, F|100/100
|turn|1
|inactive|BringTheHunie has 30 seconds left.
|inactive|nomesalenada has 30 seconds left.
|inactive|BringTheHunie has 20 seconds left.
|
|t:|1782233217
|detailschange|p2a: Delphox|Delphox-Mega, L50, M
|-mega|p2a: Delphox|Delphox|Delphoxite
|move|p2a: Delphox|Protect|p2a: Delphox
|-singleturn|p2a: Delphox|Protect
|move|p1b: Whimsicott|Tailwind|p1b: Whimsicott
|-sidestart|p1: nomesalenada|move: Tailwind
|move|p1a: Glimmora|Power Gem|p2a: Delphox
|-activate|p2a: Delphox|move: Protect
|move|p2b: Garchomp|Earthquake|p1a: Glimmora|[spread] p1a,p1b
|-activate|p2a: Delphox|move: Protect
|-supereffective|p1a: Glimmora|2
|-resisted|p1b: Whimsicott|1
|-enditem|p1a: Glimmora|Focus Sash
|-damage|p1a: Glimmora|1/100
|-damage|p1b: Whimsicott|77/100
|-activate|p1a: Glimmora|ability: Toxic Debris
|-sidestart|p2: BringTheHunie|move: Toxic Spikes
|-damage|p2b: Garchomp|90/100|[from] item: Life Orb
|
|upkeep
|turn|2
|inactive|BringTheHunie has 30 seconds left.
|
|t:|1782233248
|switch|p1a: Charizard|Charizard, L50, M|100/100
|switch|p2a: Sinistcha|Sinistcha, L50|100/100
|-status|p2a: Sinistcha|psn
|-heal|p2b: Garchomp|100/100|[from] ability: Hospitality|[of] p2a: Sinistcha
|move|p1b: Whimsicott|Moonblast|p2b: Garchomp
|-supereffective|p2b: Garchomp|1
|-damage|p2b: Garchomp|38/100
|move|p2b: Garchomp|Rock Slide|p1a: Charizard|[spread] p1a,p1b
|-supereffective|p1a: Charizard|2
|-damage|p1a: Charizard|0 fnt
|-damage|p1b: Whimsicott|51/100
|faint|p1a: Charizard
|-damage|p2b: Garchomp|29/100|[from] item: Life Orb
|
|-damage|p2a: Sinistcha|87/100 psn|[from] psn
|upkeep
|
|t:|1782233266
|switch|p1a: Glimmora|Glimmora, L50, M|1/100
|turn|3
|inactive|BringTheHunie has 30 seconds left.
|inactive|nomesalenada has 30 seconds left.
|inactive|nomesalenada has 20 seconds left.
|inactive|nomesalenada has 15 seconds left.
|inactive|nomesalenada has 10 seconds left.
|
|t:|1782233318
|move|p2a: Sinistcha|Rage Powder|p2a: Sinistcha
|-singleturn|p2a: Sinistcha|move: Rage Powder
|move|p1a: Glimmora|Sludge Bomb|p2a: Sinistcha
|-damage|p2a: Sinistcha|40/100 psn
|move|p1b: Whimsicott|Moonblast|p2a: Sinistcha
|-damage|p2a: Sinistcha|13/100 psn
|move|p2b: Garchomp|Rock Slide|p1a: Glimmora|[spread] p1a,p1b
|-damage|p1a: Glimmora|0 fnt
|-damage|p1b: Whimsicott|28/100
|-activate|p1a: Glimmora|ability: Toxic Debris
|-sidestart|p2: BringTheHunie|move: Toxic Spikes
|faint|p1a: Glimmora
|-damage|p2b: Garchomp|19/100|[from] item: Life Orb
|
|-damage|p2a: Sinistcha|1/100 psn|[from] psn
|upkeep
|
|t:|1782233333
|switch|p1a: Basculegion|Basculegion, L50, M|100/100
|turn|4
|inactive|BringTheHunie has 30 seconds left.
|
|t:|1782233368
|move|p1a: Basculegion|Aqua Jet|p2a: Sinistcha
|-resisted|p2a: Sinistcha|1
|-damage|p2a: Sinistcha|0 fnt
|faint|p2a: Sinistcha
|move|p1b: Whimsicott|Moonblast|p2b: Garchomp
|-supereffective|p2b: Garchomp|1
|-damage|p2b: Garchomp|0 fnt
|faint|p2b: Garchomp
|
|-sideend|p1: nomesalenada|move: Tailwind
|upkeep
|
|t:|1782233372
|switch|p2b: Incineroar|Incineroar, L50, M|100/100
|switch|p2a: Delphox|Delphox-Mega, L50, M|100/100
|-status|p2b: Incineroar|tox
|-ability|p2b: Incineroar|Intimidate|boost
|-unboost|p1a: Basculegion|atk|1
|-unboost|p1b: Whimsicott|atk|1
|turn|5
|inactive|nomesalenada has 30 seconds left.
|inactive|BringTheHunie has 30 seconds left.
|inactive|nomesalenada has 20 seconds left.
|inactive|nomesalenada has 15 seconds left.
|
|t:|1782233412
|move|p2a: Delphox|Protect|p2a: Delphox
|-singleturn|p2a: Delphox|Protect
|move|p1b: Whimsicott|Tailwind|p1b: Whimsicott
|-sidestart|p1: nomesalenada|move: Tailwind
|move|p1a: Basculegion|Wave Crash|p2b: Incineroar
|-supereffective|p2b: Incineroar|1
|-crit|p2b: Incineroar
|-damage|p2b: Incineroar|0 fnt
|faint|p2b: Incineroar
|-damage|p1a: Basculegion|65/100|[from] Recoil
|
|upkeep
|turn|6
|
|t:|1782233424
|move|p1b: Whimsicott|Encore|p2a: Delphox
|-start|p2a: Delphox|Encore
|move|p2a: Delphox|Protect|p2a: Delphox
|-singleturn|p2a: Delphox|Protect
|move|p1a: Basculegion|Last Respects|p2a: Delphox
|-activate|p2a: Delphox|move: Protect
|
|upkeep
|turn|7
|
|t:|1782233429
|move|p2a: Delphox|Protect||[still]
|-fail|p2a: Delphox
|move|p1b: Whimsicott|Moonblast|p2a: Delphox
|-resisted|p2a: Delphox|1
|-damage|p2a: Delphox|84/100
|move|p1a: Basculegion|Last Respects|p2a: Delphox
|-supereffective|p2a: Delphox|1
|-damage|p2a: Delphox|0 fnt
|faint|p2a: Delphox
|
|win|nomesalenada
||BringTheHunie is ready for game 2.
||nomesalenada is ready for game 2.
|uhtml|next|Next: Game 2 of 3
|l|☆nomesalenada
|player|p1|
