|j|☆bramstorteler
|j|☆gunkqing
|html|bramstortelergunkqing    
|uhtml|bestof|Game 1 of a best-of-3
|t:|1782407990
|gametype|doubles
|player|p1|bramstorteler|volkner|
|player|p2|gunkqing|striker|
|gen|9
|tier|[Gen 9 Champions] VGC 2026 Reg M-B (Bo3)
|rule|Species Clause: Limit one of each Pokémon
|rule|Item Clause: Limit 1 of each item
|clearpoke
|poke|p1|Pyroar, L50, M|
|poke|p1|Gallade, L50, M, shiny|
|poke|p1|Farigiraf, L50, F|
|poke|p1|Mawile, L50, F|
|poke|p1|Torkoal, L50, M, shiny|
|poke|p1|Kangaskhan, L50, F|
|poke|p2|Blaziken, L50, M|
|poke|p2|Kingambit, L50, M|
|poke|p2|Sceptile, L50, F|
|poke|p2|Rotom-Heat, L50|
|poke|p2|Garchomp, L50, M|
|poke|p2|Corviknight, L50, M|
|teampreview|4
|showteam|p1|Pyroar||Pyroarite|Unnerve|Overheat,HeatWave,SolarBeam,Protect|Timid||M|||50|]Gallade||IronBall|Sharpness|PsychoCut,SacredSword,LeafBlade,TrickRoom|Brave||M|||50|]Farigiraf||SitrusBerry|ArmorTail|Psychic,Thunderbolt,TrickRoom,HelpingHand|Relaxed||F|||50|]Mawile||Mawilite|Intimidate|PlayRough,SuckerPunch,RockSlide,SwordsDance|Brave||F|||50|]Torkoal||Charcoal|Drought|Eruption,WeatherBall,HelpingHand,Protect|Quiet||M|||50|]Kangaskhan||LifeOrb|Scrappy|FakeOut,DoubleEdge,IcePunch,HammerArm|Brave||F|||50|
|showteam|p2|Blaziken||Blazikenite|SpeedBoost|FlareBlitz,CloseCombat,RockSlide,Detect|Adamant||M|||50|]Kingambit||BlackGlasses|Defiant|SuckerPunch,KowtowCleave,IronHead,Protect|Adamant||M|||50|]Sceptile||Sceptilite|Overgrow|EnergyBall,EarthPower,DragonPulse,Detect|Timid||F|||50|]Rotom-Heat||ChoiceScarf|Levitate|Thunderbolt,Discharge,Overheat,VoltSwitch|Timid|||||50|]Garchomp||LifeOrb|RoughSkin|DragonClaw,Earthquake,RockSlide,Protect|Jolly||M|||50|]Corviknight||Leftovers|MirrorArmor|BraveBird,IronHead,Tailwind,Roost|Adamant||M|||50|
|inactive|Battle timer is ON: inactive players will automatically lose when time's up. (requested by bramstorteler)
|inactive|gunkqing also wants the timer to be on.
|inactive|gunkqing no longer wants the timer on, but the timer is staying on because bramstorteler still does.
|inactiveoff|Battle timer is now OFF.
|c|☆gunkqing|glhf
|c|☆bramstorteler|glhf!
|
|t:|1782408073
|teamsize|p1|4
|teamsize|p2|4
|start
|switch|p1a: Farigiraf|Farigiraf, L50, F|100/100
|switch|p1b: Kangaskhan|Kangaskhan, L50, F|100/100
|switch|p2a: Blaziken|Blaziken, L50, M|100/100
|switch|p2b: Kingambit|Kingambit, L50, M|100/100
|turn|1
|
|t:|1782408114
|detailschange|p2a: Blaziken|Blaziken-Mega, L50, M
|-mega|p2a: Blaziken|Blaziken|Blazikenite
|move|p1b: Kangaskhan|Fake Out|p2b: Kingambit
|-resisted|p2b: Kingambit|1
|-damage|p2b: Kingambit|90/100
|-damage|p1b: Kangaskhan|90/100|[from] item: Life Orb
|move|p2a: Blaziken|Rock Slide|p1b: Kangaskhan|[spread] p1a,p1b
|-crit|p1b: Kangaskhan
|-damage|p1a: Farigiraf|79/100
|-damage|p1b: Kangaskhan|50/100g
|cant|p2b: Kingambit|flinch
|move|p1a: Farigiraf|Trick Room|p1a: Farigiraf
|-fieldstart|move: Trick Room|[of] p1a: Farigiraf
|
|-ability|p2a: Blaziken|Speed Boost|boost
|-boost|p2a: Blaziken|spe|1
|upkeep
|turn|2
|
|t:|1782408144
|move|p1a: Farigiraf|Psychic|p2a: Blaziken
|-supereffective|p2a: Blaziken|1
|-damage|p2a: Blaziken|14/100
|move|p2b: Kingambit|Kowtow Cleave|p1a: Farigiraf
|-supereffective|p1a: Farigiraf|1
|-damage|p1a: Farigiraf|0 fnt
|faint|p1a: Farigiraf
|move|p1b: Kangaskhan|Hammer Arm|p2b: Kingambit
|-supereffective|p2b: Kingambit|2
|-damage|p2b: Kingambit|0 fnt
|-unboost|p1b: Kangaskhan|spe|1
|faint|p2b: Kingambit
|-damage|p1b: Kangaskhan|41/100|[from] item: Life Orb
|move|p2a: Blaziken|Close Combat|p1b: Kangaskhan
|-supereffective|p1b: Kangaskhan|1
|-damage|p1b: Kangaskhan|0 fnt
|-unboost|p2a: Blaziken|def|1
|-unboost|p2a: Blaziken|spd|1
|faint|p1b: Kangaskhan
|
|-ability|p2a: Blaziken|Speed Boost|boost
|-boost|p2a: Blaziken|spe|1
|upkeep
|
|t:|1782408167
|switch|p1a: Torkoal|Torkoal, L50, M, shiny|100/100
|switch|p2b: Garchomp|Garchomp, L50, M|100/100
|switch|p1b: Mawile|Mawile, L50, F|100/100
|-weather|SunnyDay|[from] ability: Drought|[of] p1a: Torkoal
|-ability|p1b: Mawile|Intimidate|boost
|-unboost|p2a: Blaziken|atk|1
|-unboost|p2b: Garchomp|atk|1
|turn|3
|
|t:|1782408180
|switch|p2b: Rotom|Rotom-Heat, L50|100/100
|detailschange|p1b: Mawile|Mawile-Mega, L50, F
|-mega|p1b: Mawile|Mawile|Mawilite
|move|p2a: Blaziken|Detect|p2a: Blaziken
|-singleturn|p2a: Blaziken|Protect
|move|p1a: Torkoal|Eruption|p2b: Rotom|[spread] p2b
|-activate|p2a: Blaziken|move: Protect
|-resisted|p2b: Rotom|1
|-damage|p2b: Rotom|47/100
|move|p1b: Mawile|Play Rough|p2b: Rotom
|-resisted|p2b: Rotom|1
|-damage|p2b: Rotom|0 fnt
|faint|p2b: Rotom
|
|-weather|SunnyDay|[upkeep]
|-ability|p2a: Blaziken|Speed Boost|boost
|-boost|p2a: Blaziken|spe|1
|upkeep
|
|t:|1782408184
|switch|p2b: Garchomp|Garchomp, L50, M|100/100
|turn|4
|
|t:|1782408200
|move|p2b: Garchomp|Protect|p2b: Garchomp
|-singleturn|p2b: Garchomp|Protect
|move|p1a: Torkoal|Eruption|p2a: Blaziken|[spread] p2a
|-activate|p2b: Garchomp|move: Protect
|-resisted|p2a: Blaziken|1
|-damage|p2a: Blaziken|0 fnt
|faint|p2a: Blaziken
|move|p1b: Mawile|Play Rough|p2b: Garchomp
|-activate|p2b: Garchomp|move: Protect
|
|-weather|SunnyDay|[upkeep]
|upkeep
|turn|5
|
|t:|1782408211
|move|p2b: Garchomp|Protect|p2b: Garchomp
|-singleturn|p2b: Garchomp|Protect
|move|p1a: Torkoal|Eruption|p2b: Garchomp
|-activate|p2b: Garchomp|move: Protect
|move|p1b: Mawile|Play Rough|p2b: Garchomp
|-activate|p2b: Garchomp|move: Protect
|
|-weather|SunnyDay|[upkeep]
|-fieldend|move: Trick Room
|upkeep
|turn|6
|
|t:|1782408222
|move|p1b: Mawile|Sucker Punch|p2b: Garchomp
|-damage|p2b: Garchomp|55/100
|-damage|p1b: Mawile|87/100|[from] ability: Rough Skin|[of] p2b: Garchomp
|move|p2b: Garchomp|Earthquake|p1a: Torkoal|[spread] p1a,p1b
|-supereffective|p1a: Torkoal|1
|-supereffective|p1b: Mawile|1
|-damage|p1a: Torkoal|28/100
|-damage|p1b: Mawile|0 fnt
|faint|p1b: Mawile
|-damage|p2b: Garchomp|45/100|[from] item: Life Orb
|move|p1a: Torkoal|Weather Ball|p2b: Garchomp
|-resisted|p2b: Garchomp|1
|-damage|p2b: Garchomp|4/100
|
|-weather|SunnyDay|[upkeep]
|upkeep
|turn|7
|
|t:|1782408235
|move|p2b: Garchomp|Earthquake|p1a: Torkoal
|-supereffective|p1a: Torkoal|1
|-damage|p1a: Torkoal|0 fnt
|faint|p1a: Torkoal
|-damage|p2b: Garchomp|0 fnt|[from] item: Life Orb
|faint|p2b: Garchomp
|
|win|gunkqing
||bramstorteler is ready for game 2.
||gunkqing is ready for game 2.
|uhtml|next|Next: Game 2 of 3
|l|☆gunkqing
|player|p2|
|j| brandondeking100
|l| brandondeking100
|j| brandondeking100
|l| brandondeking100
|l|☆bramstorteler
|player|p1|
|j|☆bramstorteler
|player|p1|bramstorteler|volkner|
|l|☆bramstorteler
|player|p1|
|j|☆bramstorteler
|player|p1|bramstorteler|volkner|
