|j|☆13XH
|j|☆bloodnirvana98
|html|13XHbloodnirvana98    
|uhtml|bestof|Game 2 of a best-of-3
|t:|1756156141
|gametype|doubles
|player|p1|13XH|2|1118
|player|p2|bloodnirvana98|giovanni|1000
|gen|9
|tier|[Gen 9] VGC 2025 Reg H (Bo3)
|rated|
|rule|Species Clause: Limit one of each Pokémon
|rule|Item Clause: Limit 1 of each item
|clearpoke
|poke|p1|Ursaluna, L50, F|
|poke|p1|Jumpluff, L50, F|
|poke|p1|Charizard, L50, M|
|poke|p1|Torkoal, L50, M|
|poke|p1|Incineroar, L50, F|
|poke|p1|Porygon2, L50|
|poke|p2|Oranguru, L50, F|
|poke|p2|Whimsicott, L50, M|
|poke|p2|Dragonite, L50, F|
|poke|p2|Charizard, L50, M|
|poke|p2|Torkoal, L50, M|
|poke|p2|Arcanine-Hisui, L50, M|
|teampreview|4
|showteam|p1|Ursaluna||FlameOrb|Guts|HeadlongRush,Facade,Earthquake,Protect|||F|||50|,,,,,Ghost]Jumpluff||CovertCloak|Chlorophyll|SleepPowder,SunnyDay,Tailwind,RagePowder|||F|||50|,,,,,Water]Charizard||ChoiceSpecs|SolarPower|DragonPulse,HeatWave,Overheat,WeatherBall|||M|||50|,,,,,Ghost]Torkoal||EjectPack|Drought|ClearSmog,Eruption,Overheat,Protect|||M|||50|,,,,,Fire]Incineroar||SitrusBerry|Intimidate|FakeOut,FlareBlitz,KnockOff,PartingShot|||F|||50|,,,,,Ghost]Porygon2||Eviolite|Download|TeraBlast,IceBeam,Recover,TrickRoom||||||50|,,,,,Fighting
|showteam|p2|Oranguru||SitrusBerry|InnerFocus|Instruct,TrickRoom,Encore,Yawn|||F|||50|,,,,,Fire]Whimsicott||CovertCloak|Prankster|FakeTears,Encore,Tailwind,SunnyDay|||M|||50|,,,,,Grass]Dragonite||ChoiceBand|InnerFocus|ExtremeSpeed,IceSpinner,RockSlide,BreakingSwipe|||F|||50|,,,,,Normal]Charizard||ChoiceScarf|SolarPower|WeatherBall,HeatWave,Flamethrower,ScorchingSands|||M|||50|,,,,,Ghost]Torkoal||ChoiceSpecs|Drought|Eruption,HeatWave,EarthPower,WeatherBall|||M|||50|,,,,,Fire]Arcanine-Hisui||AssaultVest|RockHead|WildCharge,FlareBlitz,RockSlide,ExtremeSpeed|||M|||50|,,,,,Electric
|inactive|Battle timer is ON: inactive players will automatically lose when time's up. (requested by bloodnirvana98)
|
|t:|1756156168
|teamsize|p1|4
|teamsize|p2|4
|start
|switch|p1a: Jumpluff|Jumpluff, L50, F|100/100
|switch|p1b: Incineroar|Incineroar, L50, F|100/100
|switch|p2a: Oranguru|Oranguru, L50, F|100/100
|switch|p2b: Dragonite|Dragonite, L50, F|100/100
|-ability|p1b: Incineroar|Intimidate|boost
|-fail|p2a: Oranguru|unboost|Attack|[from] ability: Inner Focus|[of] p2a: Oranguru
|-fail|p2b: Dragonite|unboost|Attack|[from] ability: Inner Focus|[of] p2b: Dragonite
|turn|1
|
|t:|1756156193
|-terastallize|p1a: Jumpluff|Water
|move|p2b: Dragonite|Extreme Speed|p1a: Jumpluff
|-crit|p1a: Jumpluff
|-damage|p1a: Jumpluff|8/100
|move|p1a: Jumpluff|Sleep Powder|p2a: Oranguru
|-status|p2a: Oranguru|slp|[from] move: Sleep Powder
|move|p1b: Incineroar|Parting Shot|p2b: Dragonite
|-unboost|p2b: Dragonite|atk|1
|-unboost|p2b: Dragonite|spa|1
|
|t:|1756156202
|switch|p1b: Ursaluna|Ursaluna, L50, F|100/100|[from] Parting Shot
|cant|p2a: Oranguru|slp
|
|-status|p1b: Ursaluna|brn|[from] item: Flame Orb
|upkeep
|turn|2
|
|t:|1756156212
|switch|p1a: Incineroar|Incineroar, L50, F|100/100
|-ability|p1a: Incineroar|Intimidate|boost
|-fail|p2a: Oranguru|unboost|Attack|[from] ability: Inner Focus|[of] p2a: Oranguru
|-fail|p2b: Dragonite|unboost|Attack|[from] ability: Inner Focus|[of] p2b: Dragonite
|move|p2b: Dragonite|Extreme Speed|p1a: Incineroar
|-damage|p1a: Incineroar|71/100
|move|p1b: Ursaluna|Facade|p2b: Dragonite
|-damage|p2b: Dragonite|0 fnt
|faint|p2b: Dragonite
|-curestatus|p2a: Oranguru|slp|[msg]
|move|p2a: Oranguru|Instruct|p2: Dragonite|[notarget]
|-fail|p2a: Oranguru
|
|-damage|p1b: Ursaluna|95/100 brn|[from] brn
|upkeep
|
|t:|1756156218
|switch|p2b: Arcanine|Arcanine-Hisui, L50, M|100/100
|turn|3
|inactive|bloodnirvana98 has 30 seconds left.
|
|t:|1756156243
|move|p1a: Incineroar|Fake Out|p2b: Arcanine
|-resisted|p2b: Arcanine
|-damage|p2b: Arcanine|94/100
|cant|p2b: Arcanine|flinch
|move|p1b: Ursaluna|Facade|p2a: Oranguru
|-damage|p2a: Oranguru|3/100
|-enditem|p2a: Oranguru|Sitrus Berry|[eat]
|-heal|p2a: Oranguru|28/100|[from] item: Sitrus Berry
|move|p2a: Oranguru|Trick Room|p2a: Oranguru
|-fieldstart|move: Trick Room|[of] p2a: Oranguru
|
|-damage|p1b: Ursaluna|89/100 brn|[from] brn
|upkeep
|turn|4
|
|t:|1756156265
|switch|p1a: Porygon2|Porygon2, L50|100/100
|-ability|p1a: Porygon2|Download|boost
|-boost|p1a: Porygon2|atk|1
|move|p1b: Ursaluna|Protect|p1b: Ursaluna
|-singleturn|p1b: Ursaluna|Protect
|move|p2a: Oranguru|Encore||[still]
|-fail|p2a: Oranguru
|move|p2b: Arcanine|Flare Blitz|p1b: Ursaluna
|-activate|p1b: Ursaluna|move: Protect
|
|-damage|p1b: Ursaluna|83/100 brn|[from] brn
|upkeep
|turn|5
|
|t:|1756156280
|switch|p1b: Incineroar|Incineroar, L50, F|71/100
|-ability|p1b: Incineroar|Intimidate|boost
|-fail|p2a: Oranguru|unboost|Attack|[from] ability: Inner Focus|[of] p2a: Oranguru
|-unboost|p2b: Arcanine|atk|1
|move|p2a: Oranguru|Encore||[still]
|-fail|p2a: Oranguru
|move|p2b: Arcanine|Flare Blitz|p1a: Porygon2
|-damage|p1a: Porygon2|79/100
|move|p1a: Porygon2|Trick Room|p1a: Porygon2
|-fieldend|move: Trick Room
|
|upkeep
|turn|6
|inactive|13XH has 30 seconds left.
|
|t:|1756156305
|switch|p1a: Ursaluna|Ursaluna, L50, F|83/100 brn
|move|p1b: Incineroar|Fake Out|p2b: Arcanine
|-resisted|p2b: Arcanine
|-damage|p2b: Arcanine|89/100
|cant|p2b: Arcanine|flinch
|move|p2a: Oranguru|Yawn||[still]
|-fail|p2a: Oranguru
|
|-damage|p1a: Ursaluna|77/100 brn|[from] brn
|upkeep
|turn|7
|
|t:|1756156327
|switch|p1b: Jumpluff|Jumpluff, L50, F, tera:Water|8/100
|move|p2b: Arcanine|Rock Slide|p1a: Ursaluna|[spread] p1a,p1b
|-resisted|p1a: Ursaluna
|-damage|p1a: Ursaluna|70/100 brn
|-damage|p1b: Jumpluff|0 fnt
|faint|p1b: Jumpluff
|cant|p1a: Ursaluna|flinch
|move|p2a: Oranguru|Yawn||[still]
|-fail|p2a: Oranguru
|
|-damage|p1a: Ursaluna|64/100 brn|[from] brn
|upkeep
|
|t:|1756156338
|switch|p1b: Incineroar|Incineroar, L50, F|71/100
|-ability|p1b: Incineroar|Intimidate|boost
|-fail|p2a: Oranguru|unboost|Attack|[from] ability: Inner Focus|[of] p2a: Oranguru
|-unboost|p2b: Arcanine|atk|1
|turn|8
|
|t:|1756156354
|move|p1b: Incineroar|Fake Out|p2b: Arcanine
|-resisted|p2b: Arcanine
|-damage|p2b: Arcanine|84/100
|cant|p2b: Arcanine|flinch
|move|p1a: Ursaluna|Facade|p2a: Oranguru
|-damage|p2a: Oranguru|0 fnt
|faint|p2a: Oranguru
|
|-damage|p1a: Ursaluna|58/100 brn|[from] brn
|upkeep
|
|t:|1756156361
|switch|p2a: Torkoal|Torkoal, L50, M|100/100
|-weather|SunnyDay|[from] ability: Drought|[of] p2a: Torkoal
|turn|9
|
|t:|1756156371
|move|p2b: Arcanine|Rock Slide|p1b: Incineroar|[spread] p1a
|-miss|p2b: Arcanine|p1b: Incineroar
|-resisted|p1a: Ursaluna
|-damage|p1a: Ursaluna|53/100 brn
|move|p1a: Ursaluna|Headlong Rush|p2b: Arcanine
|-supereffective|p2b: Arcanine
|-damage|p2b: Arcanine|0 fnt
|-unboost|p1a: Ursaluna|def|1
|-unboost|p1a: Ursaluna|spd|1
|faint|p2b: Arcanine
|move|p1b: Incineroar|Knock Off|p2a: Torkoal
|-damage|p2a: Torkoal|73/100
|-enditem|p2a: Torkoal|Choice Specs|[from] move: Knock Off|[of] p1b: Incineroar
|move|p2a: Torkoal|Heat Wave|p1b: Incineroar|[spread] p1a
|-miss|p2a: Torkoal|p1b: Incineroar
|-damage|p1a: Ursaluna|0 fnt
|faint|p1a: Ursaluna
|
|-weather|SunnyDay|[upkeep]
|upkeep
|
|t:|1756156387
|switch|p1a: Porygon2|Porygon2, L50|79/100
|-ability|p1a: Porygon2|Download|boost
|-boost|p1a: Porygon2|spa|1
|turn|10
|
|t:|1756156393
|-terastallize|p2a: Torkoal|Fire
|move|p1b: Incineroar|Flare Blitz|p2a: Torkoal
|-resisted|p2a: Torkoal
|-damage|p2a: Torkoal|47/100
|-damage|p1b: Incineroar|63/100|[from] Recoil
|move|p1a: Porygon2|Tera Blast|p2a: Torkoal
|-damage|p2a: Torkoal|0 fnt
|faint|p2a: Torkoal
|
|win|13XH
|raw|13XH's rating: 1118 → 1135(+17 for winning)
|raw|bloodnirvana98's rating: 1000 → 1000(+0 for losing)
|l|☆bloodnirvana98
|player|p2|
