|j|☆Phish With A PH
|j|☆KaiserBN1
|html|Phish With A PHKaiserBN1    
|uhtml|bestof|Game 1 of a best-of-3
|t:|1756447639
|gametype|doubles
|player|p1|Phish With A PH|wallace|1000
|player|p2|KaiserBN1|n|1123
|gen|9
|tier|[Gen 9] VGC 2025 Reg H (Bo3)
|rated|
|rule|Species Clause: Limit one of each Pokémon
|rule|Item Clause: Limit 1 of each item
|clearpoke
|poke|p1|Archaludon, L50, M|
|poke|p1|Pelipper, L50, F|
|poke|p1|Maushold, L50|
|poke|p1|Annihilape, L50, M|
|poke|p1|Venusaur, L50, M|
|poke|p1|Palafin, L50, F|
|poke|p2|Amoonguss, L50, F|
|poke|p2|Sneasler, L50, M|
|poke|p2|Gholdengo, L50|
|poke|p2|Incineroar, L50, F|
|poke|p2|Ursaluna-Bloodmoon, L50, M|
|poke|p2|Dragonite, L50, M|
|teampreview|4
|showteam|p1|Archaludon||AssaultVest|Stamina|DracoMeteor,ElectroShot,Snarl,BodyPress|||M|||50|,,,,,Bug]Pelipper||FocusSash|Drizzle|WeatherBall,Hurricane,Uturn,Tailwind|||F|||50|,,,,,Ghost]Maushold||SafetyGoggles|FriendGuard|PopulationBomb,FollowMe,Protect,Taunt||||||50|,,,,,Fairy]Annihilape||SitrusBerry|Defiant|RageFist,DrainPunch,FinalGambit,Protect|||M|||50|,,,,,Fire]Venusaur||WideLens|Chlorophyll|EarthPower,WeatherBall,SleepPowder,Protect|||M|||50|,,,,,Grass]Palafin||EjectPack|ZerotoHero|JetPunch,CloseCombat,Haze,Protect|||F|||50|,,,,,Water
|showteam|p2|Amoonguss||SitrusBerry|Regenerator|RagePowder,Spore,PollenPuff,Protect|||F|||50|,,,,,Psychic]Sneasler||FocusSash|Unburden|Protect,DireClaw,CloseCombat,ThroatChop|||M|||50|,,,,,Stellar]Gholdengo||LifeOrb|GoodasGold|Protect,MakeItRain,ShadowBall,NastyPlot||||||50|,,,,,Water]Incineroar||SafetyGoggles|Intimidate|KnockOff,PartingShot,FlareBlitz,FakeOut|||F|||50|,,,,,Ghost]Ursaluna-Bloodmoon||AssaultVest|MindsEye|BloodMoon,EarthPower,VacuumWave,HyperVoice|||M|||50|,,,,,Water]Dragonite||LoadedDice|Multiscale|ScaleShot,Tailwind,Haze,Protect|||M|||50|,,,,,Fairy
|inactive|Battle timer is ON: inactive players will automatically lose when time's up. (requested by KaiserBN1)
|c|☆Phish With A PH|glhf
|inactive|Phish With A PH has 60 seconds left.
|inactive|KaiserBN1 has 60 seconds left.
|inactive|KaiserBN1 has 30 seconds left.
|inactive|KaiserBN1 has 20 seconds left.
|inactive|KaiserBN1 has 15 seconds left.
|inactive|KaiserBN1 has 10 seconds left.
|inactive|KaiserBN1 has 5 seconds left.
|
|t:|1756447725
|teamsize|p1|4
|teamsize|p2|4
|start
|switch|p1a: Maushold|Maushold, L50|100/100
|switch|p1b: Annihilape|Annihilape, L50, M|100/100
|switch|p2a: Golden Wind|Dragonite, L50, M|100/100
|switch|p2b: 8|Sneasler, L50, M|100/100
|turn|1
|inactive|Phish With A PH has 30 seconds left.
|inactive|KaiserBN1 has 30 seconds left.
|inactive|KaiserBN1 has 20 seconds left.
|
|t:|1756447764
|-terastallize|p1a: Maushold|Fairy
|move|p2b: 8|Throat Chop|p1b: Annihilape
|-damage|p1b: Annihilape|79/100
|-start|p1b: Annihilape|Throat Chop|[silent]
|move|p1b: Annihilape|Final Gambit|p2a: Golden Wind
|-damage|p2a: Golden Wind|10/100
|faint|p1b: Annihilape
|move|p1a: Maushold|Population Bomb|p2b: 8
|-damage|p2b: 8|87/100
|-damage|p2b: 8|75/100
|-damage|p2b: 8|61/100
|-damage|p2b: 8|47/100
|-damage|p2b: 8|34/100
|-damage|p2b: 8|22/100
|-damage|p2b: 8|9/100
|-damage|p2b: 8|0 fnt
|faint|p2b: 8
|-hitcount|p2: 8|8
|move|p2a: Golden Wind|Scale Shot|p1a: Maushold
|-immune|p1a: Maushold
|
|upkeep
|
|t:|1756447788
|switch|p2b: Zzzzzzzz|Amoonguss, L50, F|100/100
|switch|p1b: Pelipper|Pelipper, L50, F|100/100
|-weather|RainDance|[from] ability: Drizzle|[of] p1b: Pelipper
|turn|2
|
|t:|1756447802
|move|p2a: Golden Wind|Protect|p2a: Golden Wind
|-singleturn|p2a: Golden Wind|Protect
|move|p1a: Maushold|Follow Me|p1a: Maushold
|-singleturn|p1a: Maushold|move: Follow Me
|move|p1b: Pelipper|Tailwind|p1b: Pelipper
|-sidestart|p1: Phish With A PH|move: Tailwind
|move|p2b: Zzzzzzzz|Spore|p1a: Maushold
|-activate|p1a: Maushold|item: Safety Goggles|Spore
|
|-weather|RainDance|[upkeep]
|upkeep
|turn|3
|
|t:|1756447826
|move|p2b: Zzzzzzzz|Rage Powder|p2b: Zzzzzzzz
|-singleturn|p2b: Zzzzzzzz|move: Rage Powder
|move|p1a: Maushold|Population Bomb|p2a: Golden Wind|[miss]
|-miss|p1a: Maushold|p2a: Golden Wind
|move|p1b: Pelipper|Hurricane|p2b: Zzzzzzzz
|-supereffective|p2b: Zzzzzzzz
|-damage|p2b: Zzzzzzzz|35/100
|-enditem|p2b: Zzzzzzzz|Sitrus Berry|[eat]
|-heal|p2b: Zzzzzzzz|60/100|[from] item: Sitrus Berry
|move|p2a: Golden Wind|Tailwind|p2a: Golden Wind
|-sidestart|p2: KaiserBN1|move: Tailwind
|
|-weather|RainDance|[upkeep]
|upkeep
|turn|4
|
|t:|1756447847
|move|p2a: Golden Wind|Protect|p2a: Golden Wind
|-singleturn|p2a: Golden Wind|Protect
|move|p1a: Maushold|Population Bomb|p2a: Golden Wind
|-activate|p2a: Golden Wind|move: Protect
|move|p1b: Pelipper|Hurricane|p2b: Zzzzzzzz
|-supereffective|p2b: Zzzzzzzz
|-damage|p2b: Zzzzzzzz|0 fnt
|faint|p2b: Zzzzzzzz
|
|-weather|RainDance|[upkeep]
|upkeep
|
|t:|1756447857
|switch|p2b: Tony|Ursaluna-Bloodmoon, L50, M|100/100
|turn|5
|inactive|KaiserBN1 has 30 seconds left.
|inactive|KaiserBN1 has 20 seconds left.
|
|t:|1756447893
|-terastallize|p2b: Tony|Water
|move|p2a: Golden Wind|Protect|p2a: Golden Wind
|-singleturn|p2a: Golden Wind|Protect
|move|p1a: Maushold|Population Bomb|p2a: Golden Wind
|-activate|p2a: Golden Wind|move: Protect
|move|p1b: Pelipper|Hurricane|p2b: Tony
|-damage|p2b: Tony|77/100
|move|p2b: Tony|Blood Moon|p1b: Pelipper
|-damage|p1b: Pelipper|18/100
|
|-weather|RainDance|[upkeep]
|-sideend|p1: Phish With A PH|move: Tailwind
|upkeep
|turn|6
|
|t:|1756447916
|move|p2a: Golden Wind|Scale Shot|p1b: Pelipper
|-damage|p1b: Pelipper|6/100
|-damage|p1b: Pelipper|0 fnt
|faint|p1b: Pelipper
|-hitcount|p1: Pelipper|2
|-unboost|p2a: Golden Wind|def|1
|-boost|p2a: Golden Wind|spe|1
|move|p2b: Tony|Hyper Voice|p1a: Maushold
|-damage|p1a: Maushold|43/100
|move|p1a: Maushold|Population Bomb|p2b: Tony
|-damage|p2b: Tony|72/100
|-damage|p2b: Tony|66/100
|-damage|p2b: Tony|60/100
|-damage|p2b: Tony|54/100
|-damage|p2b: Tony|48/100
|-damage|p2b: Tony|42/100
|-hitcount|p2b: Tony|6
|
|-weather|none
|-sideend|p2: KaiserBN1|move: Tailwind
|upkeep
|
|t:|1756447920
|switch|p1b: Archaludon|Archaludon, L50, M|100/100
|turn|7
|inactive|Phish With A PH has 30 seconds left.
|inactive|KaiserBN1 has 30 seconds left.
|inactive|Phish With A PH has 20 seconds left.
|inactive|KaiserBN1 has 20 seconds left.
|inactive|Phish With A PH has 15 seconds left.
|inactive|KaiserBN1 has 15 seconds left.
|inactive|KaiserBN1 has 10 seconds left.
|
|t:|1756447967
|move|p2a: Golden Wind|Tailwind|p2a: Golden Wind
|-sidestart|p2: KaiserBN1|move: Tailwind
|move|p2b: Tony|Earth Power|p1b: Archaludon
|-supereffective|p1b: Archaludon
|-damage|p1b: Archaludon|45/100
|-ability|p1b: Archaludon|Stamina|boost
|-boost|p1b: Archaludon|def|1
|move|p1a: Maushold|Population Bomb|p2b: Tony
|-damage|p2b: Tony|36/100
|-damage|p2b: Tony|30/100
|-damage|p2b: Tony|25/100
|-crit|p2b: Tony
|-damage|p2b: Tony|17/100
|-damage|p2b: Tony|11/100
|-damage|p2b: Tony|6/100
|-hitcount|p2b: Tony|6
|move|p1b: Archaludon|Snarl|p2b: Tony|[spread] p2a,p2b
|-damage|p2a: Golden Wind|0 fnt
|-damage|p2b: Tony|0 fnt
|faint|p2a: Golden Wind
|faint|p2b: Tony
|
|win|Phish With A PH
|inactive|Phish With A PH has 30 seconds to confirm battle start!
|inactive|KaiserBN1 has 30 seconds to confirm battle start!
||Phish With A PH is ready for game 2.
||KaiserBN1 is ready for game 2.
|uhtml|next|Next: Game 2 of 3
|l|☆Phish With A PH
|player|p1|
