|j|☆UnmaskedPain
|j|☆xibiusuado
|html|UnmaskedPainxibiusuado    
|uhtml|bestof|Game 2 of a best-of-3
|t:|1782498305
|gametype|doubles
|player|p1|UnmaskedPain|shauntal|1027
|player|p2|xibiusuado|266|1028
|gen|9
|tier|[Gen 9 Champions] VGC 2026 Reg M-B (Bo3)
|rated|
|rule|Species Clause: Limit one of each Pokémon
|rule|Item Clause: Limit 1 of each item
|clearpoke
|poke|p1|Staraptor, L50, M, shiny|
|poke|p1|Talonflame, L50, F|
|poke|p1|Delphox, L50, F, shiny|
|poke|p1|Kingambit, L50, M, shiny|
|poke|p1|Annihilape, L50, M|
|poke|p1|Garchomp, L50, M|
|poke|p2|Golurk, L50|
|poke|p2|Mawile, L50, F|
|poke|p2|Farigiraf, L50, F|
|poke|p2|Sinistcha, L50|
|poke|p2|Incineroar, L50, F|
|poke|p2|Milotic, L50, F|
|teampreview|4
|showteam|p1|Staraptor||Staraptite|Intimidate|Tailwind,BraveBird,CloseCombat,Roost|Jolly||M|||50|]Talonflame||FocusSash|GaleWings|Tailwind,FlareBlitz,BraveBird,FeatherDance|Jolly||F|||50|]Delphox||Delphoxite|Blaze|Psychic,Protect,HeatWave,NastyPlot|Timid||F|||50|]Kingambit||ChopleBerry|SupremeOverlord|SuckerPunch,Protect,IronHead,KowtowCleave|Adamant||M|||50|]Annihilape||Leftovers|VitalSpirit|Protect,IcePunch,DrainPunch,RageFist|Adamant||M|||50|]Garchomp||LifeOrb|RoughSkin|RockSlide,Earthquake,DragonClaw,Protect|Adamant||M|||50|
|showteam|p2|Golurk||Golurkite|IronFist|Earthquake,ShadowPunch,IcePunch,Protect|Brave|||||50|]Mawile||Mawilite|Intimidate|PlayRough,IronHead,SuckerPunch,Protect|Brave||F|||50|]Farigiraf||MentalHerb|ArmorTail|TrickRoom,HelpingHand,Psychic,Protect|Quiet||F|||50|]Sinistcha||Leftovers|Hospitality|TrickRoom,RagePowder,MatchaGotcha,StrengthSap|Sassy|||||50|]Incineroar||SitrusBerry|Intimidate|FakeOut,PartingShot,FlareBlitz,Protect|Careful||F|||50|]Milotic||MysticWater|Competitive|Scald,IceBeam,Recover,Protect|Quiet||F|||50|
|
|t:|1782498357
|teamsize|p1|4
|teamsize|p2|4
|start
|switch|p1a: Talonflame|Talonflame, L50, F|100/100
|switch|p1b: Kingambit|Kingambit, L50, M, shiny|100/100
|switch|p2a: Sinistcha|Sinistcha, L50|100/100
|switch|p2b: Milotic|Milotic, L50, F|100/100
|turn|1
|
|t:|1782498381
|move|p1a: Talonflame|Tailwind|p1a: Talonflame
|-sidestart|p1: UnmaskedPain|move: Tailwind
|move|p1b: Kingambit|Kowtow Cleave|p2a: Sinistcha
|-supereffective|p2a: Sinistcha|1
|-damage|p2a: Sinistcha|24/100
|move|p2b: Milotic|Scald|p1a: Talonflame
|-supereffective|p1a: Talonflame|1
|-enditem|p1a: Talonflame|Focus Sash
|-damage|p1a: Talonflame|1/100
|move|p2a: Sinistcha|Trick Room|p2a: Sinistcha
|-fieldstart|move: Trick Room|[of] p2a: Sinistcha
|
|-heal|p2a: Sinistcha|30/100|[from] item: Leftovers
|upkeep
|turn|2
|
|t:|1782498413
|move|p2a: Sinistcha|Matcha Gotcha|p1a: Talonflame|[spread] p1a,p1b
|-resisted|p1a: Talonflame|2
|-resisted|p1b: Kingambit|1
|-damage|p1a: Talonflame|0 fnt
|-heal|p2a: Sinistcha|31/100|[from] drain|[of] p1a: Talonflame
|-damage|p1b: Kingambit|85/100
|-heal|p2a: Sinistcha|38/100|[from] drain|[of] p1b: Kingambit
|-status|p1b: Kingambit|brn
|faint|p1a: Talonflame
|move|p2b: Milotic|Scald|p2a: Sinistcha
|-resisted|p2a: Sinistcha|1
|-damage|p2a: Sinistcha|13/100
|move|p1b: Kingambit|Kowtow Cleave|p2a: Sinistcha
|-supereffective|p2a: Sinistcha|1
|-damage|p2a: Sinistcha|0 fnt
|faint|p2a: Sinistcha
|
|-damage|p1b: Kingambit|79/100 brn|[from] brn
|upkeep
|
|t:|1782498433
|switch|p2a: Incineroar|Incineroar, L50, F|100/100
|switch|p1a: Annihilape|Annihilape, L50, M|100/100
|-ability|p2a: Incineroar|Intimidate|boost
|-unboost|p1a: Annihilape|atk|1
|-unboost|p1b: Kingambit|atk|1
|turn|3
|
|t:|1782498444
|move|p1b: Kingambit|Protect|p1b: Kingambit
|-singleturn|p1b: Kingambit|Protect
|move|p1a: Annihilape|Protect|p1a: Annihilape
|-singleturn|p1a: Annihilape|Protect
|move|p2a: Incineroar|Fake Out|p1b: Kingambit
|-activate|p1b: Kingambit|move: Protect
|move|p2b: Milotic|Scald|p1a: Annihilape
|-activate|p1a: Annihilape|move: Protect
|
|-damage|p1b: Kingambit|72/100 brn|[from] brn
|upkeep
|turn|4
|
|t:|1782498458
|move|p2a: Incineroar|Flare Blitz|p1b: Kingambit
|-supereffective|p1b: Kingambit|1
|-damage|p1b: Kingambit|11/100 brn
|-damage|p2a: Incineroar|82/100|[from] Recoil
|move|p2b: Milotic|Scald|p1a: Annihilape
|-damage|p1a: Annihilape|48/100
|-status|p1a: Annihilape|brn
|move|p1b: Kingambit|Kowtow Cleave|p2b: Milotic
|-damage|p2b: Milotic|83/100
|move|p1a: Annihilape|Drain Punch|p2a: Incineroar
|-supereffective|p2a: Incineroar|1
|-damage|p2a: Incineroar|59/100
|-heal|p1a: Annihilape|60/100 brn|[from] drain|[of] p2a: Incineroar
|
|-heal|p1a: Annihilape|66/100 brn|[from] item: Leftovers
|-damage|p1b: Kingambit|5/100 brn|[from] brn
|-damage|p1a: Annihilape|60/100 brn|[from] brn
|-sideend|p1: UnmaskedPain|move: Tailwind
|upkeep
|turn|5
|c|☆UnmaskedPain|Jesus fiucking christ
|c|☆UnmaskedPain|oh
|c|☆UnmaskedPain|my
|c|☆UnmaskedPain|god
|-message|UnmaskedPain forfeited.
|
|win|xibiusuado
