|j|☆Welosethose!
|j|☆ryoshino
|html|Welosethose!ryoshino    
|uhtml|bestof|Game 3 of a best-of-3
|t:|1757001099
|gametype|doubles
|player|p1|Welosethose!|hilbert|1184
|player|p2|ryoshino|2|1239
|gen|9
|tier|[Gen 9] VGC 2025 Reg H (Bo3)
|rated|
|rule|Species Clause: Limit one of each Pokémon
|rule|Item Clause: Limit 1 of each item
|clearpoke
|poke|p1|Kingambit, L50, M|
|poke|p1|Electabuzz, L50, M|
|poke|p1|Sneasler, L50, M|
|poke|p1|Tyranitar, L50, M|
|poke|p1|Annihilape, L50, F|
|poke|p1|Dragonite, L50, F|
|poke|p2|Murkrow, L50, F|
|poke|p2|Gholdengo, L50|
|poke|p2|Dondozo, L50, M|
|poke|p2|Tatsugiri, L50, F|
|poke|p2|Clefable, L50, F|
|poke|p2|Rillaboom, L50, F|
|teampreview|4
|showteam|p1|Kingambit||SafetyGoggles|Defiant|KowtowCleave,SuckerPunch,SwordsDance,Protect|||M|||50|,,,,,Dark]Electabuzz||Eviolite|VitalSpirit|Electroweb,FollowMe,Taunt,Protect|||M|||50|,,,,,Water]Sneasler||FocusSash|Unburden|FakeOut,CloseCombat,DireClaw,Protect|||M|||50|,,,,,Stellar]Tyranitar||AssaultVest|SandStream|RockSlide,KnockOff,LowKick,TeraBlast|||M|||50|,,,,,Flying]Annihilape||Leftovers|Defiant|RageFist,DrainPunch,BulkUp,Protect|||F|||50|,,,,,Fire]Dragonite||LoadedDice|Multiscale|ScaleShot,ExtremeSpeed,Haze,Protect|||F|||50|,,,,,Fairy
|showteam|p2|Murkrow||Eviolite|Prankster|Tailwind,FoulPlay,Taunt,Haze|||F|||50|,,,,,Ghost]Gholdengo||ChoiceSpecs|GoodasGold|MakeItRain,Trick,ShadowBall,Thunderbolt||||||50|,,,,,Steel]Dondozo||Leftovers|Unaware|WaveCrash,Earthquake,OrderUp,Protect|||M|||50|,,,,,Grass]Tatsugiri||FocusSash|Commander|DracoMeteor,IcyWind,MuddyWater,Protect|||F|||50|,,,,,Stellar]Clefable||RockyHelmet|Unaware|Moonblast,FollowMe,Encore,Protect|||F|||50|,,,,,Ghost]Rillaboom||AssaultVest|GrassySurge|DrumBeating,GrassyGlide,Uturn,FakeOut|||F|||50|,,,,,Fire
|inactive|Battle timer is ON: inactive players will automatically lose when time's up. (requested by ryoshino)
|
|t:|1757001129
|teamsize|p1|4
|teamsize|p2|4
|start
|switch|p1a: Electabuzz|Electabuzz, L50, M|100/100
|switch|p1b: Kingambit|Kingambit, L50, M|100/100
|switch|p2a: Clefable|Clefable, L50, F|100/100
|switch|p2b: Gholdengo|Gholdengo, L50|100/100
|turn|1
|
|t:|1757001142
|-terastallize|p2b: Gholdengo|Steel
|move|p2a: Clefable|Follow Me|p2a: Clefable
|-singleturn|p2a: Clefable|move: Follow Me
|move|p2b: Gholdengo|Make It Rain|p1a: Electabuzz|[spread] p1a,p1b
|-resisted|p1a: Electabuzz
|-resisted|p1b: Kingambit
|-damage|p1a: Electabuzz|63/100
|-damage|p1b: Kingambit|53/100
|-unboost|p2b: Gholdengo|spa|1
|move|p1a: Electabuzz|Taunt|p2a: Clefable
|-start|p2a: Clefable|move: Taunt
|move|p1b: Kingambit|Kowtow Cleave|p2a: Clefable
|-resisted|p2a: Clefable
|-damage|p2a: Clefable|78/100
|-damage|p1b: Kingambit|37/100|[from] item: Rocky Helmet|[of] p2a: Clefable
|
|upkeep
|turn|2
|
|t:|1757001158
|switch|p2a: Murkrow|Murkrow, L50, F|100/100
|switch|p1b: Annihilape|Annihilape, L50, F|100/100
|move|p2b: Gholdengo|Make It Rain|p1b: Annihilape|[spread] p1a,p1b
|-resisted|p1a: Electabuzz
|-damage|p1a: Electabuzz|39/100
|-damage|p1b: Annihilape|42/100
|-unboost|p2b: Gholdengo|spa|1
|move|p1a: Electabuzz|Electroweb|p2a: Murkrow|[spread] p2b
|-miss|p1a: Electabuzz|p2a: Murkrow
|-damage|p2b: Gholdengo|85/100
|-unboost|p2b: Gholdengo|spe|1
|
|-heal|p1b: Annihilape|48/100|[from] item: Leftovers
|upkeep
|turn|3
|
|t:|1757001185
|-terastallize|p1b: Annihilape|Fire
|move|p2a: Murkrow|Haze|p2a: Murkrow
|-clearallboost
|move|p2b: Gholdengo|Make It Rain|p1b: Annihilape|[spread] p1a,p1b
|-resisted|p1a: Electabuzz
|-resisted|p1b: Annihilape
|-damage|p1a: Electabuzz|6/100
|-damage|p1b: Annihilape|7/100
|-unboost|p2b: Gholdengo|spa|1
|move|p1a: Electabuzz|Electroweb|p2a: Murkrow|[spread] p2a,p2b
|-supereffective|p2a: Murkrow
|-damage|p2a: Murkrow|72/100
|-damage|p2b: Gholdengo|68/100
|-unboost|p2a: Murkrow|spe|1
|-unboost|p2b: Gholdengo|spe|1
|move|p1b: Annihilape|Drain Punch|p2b: Gholdengo
|-supereffective|p2b: Gholdengo
|-damage|p2b: Gholdengo|0 fnt
|-heal|p1b: Annihilape|34/100|[from] drain|[of] p2b: Gholdengo
|faint|p2b: Gholdengo
|
|-heal|p1b: Annihilape|40/100|[from] item: Leftovers
|upkeep
|
|t:|1757001193
|switch|p2b: Clefable|Clefable, L50, F|78/100
|turn|4
|
|t:|1757001215
|move|p1a: Electabuzz|Follow Me|p1a: Electabuzz
|-singleturn|p1a: Electabuzz|move: Follow Me
|move|p2a: Murkrow|Tailwind|p2a: Murkrow
|-sidestart|p2: ryoshino|move: Tailwind
|move|p2b: Clefable|Moonblast|p1a: Electabuzz
|-damage|p1a: Electabuzz|0 fnt
|faint|p1a: Electabuzz
|move|p1b: Annihilape|Rage Fist|p2b: Clefable
|-damage|p2b: Clefable|19/100
|-damage|p1b: Annihilape|24/100|[from] item: Rocky Helmet|[of] p2b: Clefable
|
|-heal|p1b: Annihilape|30/100|[from] item: Leftovers
|upkeep
|
|t:|1757001225
|switch|p1a: Dragonite|Dragonite, L50, F|100/100
|turn|5
|
|t:|1757001234
|move|p2b: Clefable|Protect|p2b: Clefable
|-singleturn|p2b: Clefable|Protect
|move|p1a: Dragonite|Extreme Speed|p2b: Clefable
|-activate|p2b: Clefable|move: Protect
|move|p2a: Murkrow|Haze|p2a: Murkrow
|-clearallboost
|move|p1b: Annihilape|Drain Punch|p2a: Murkrow
|-damage|p2a: Murkrow|34/100
|-heal|p1b: Annihilape|45/100|[from] drain|[of] p2a: Murkrow
|
|-heal|p1b: Annihilape|51/100|[from] item: Leftovers
|upkeep
|turn|6
|
|t:|1757001246
|switch|p2b: Rillaboom|Rillaboom, L50, F, shiny|100/100
|-fieldstart|move: Grassy Terrain|[from] ability: Grassy Surge|[of] p2b: Rillaboom
|move|p1a: Dragonite|Extreme Speed|p2b: Rillaboom
|-damage|p2b: Rillaboom|72/100
|move|p2a: Murkrow|Foul Play|p1b: Annihilape
|-damage|p1b: Annihilape|10/100
|move|p1b: Annihilape|Drain Punch|p2a: Murkrow
|-damage|p2a: Murkrow|0 fnt
|-heal|p1b: Annihilape|23/100|[from] drain|[of] p2a: Murkrow
|faint|p2a: Murkrow
|
|-heal|p2b: Rillaboom|77/100|[from] Grassy Terrain
|-heal|p1b: Annihilape|29/100|[from] Grassy Terrain
|-heal|p1b: Annihilape|36/100|[from] item: Leftovers
|upkeep
|
|t:|1757001250
|switch|p2a: Clefable|Clefable, L50, F|19/100
|turn|7
|-message|ryoshino forfeited.
|
|win|Welosethose!
|raw|Welosethose!'s rating: 1184 → 1213(+29 for winning)
|raw|ryoshino's rating: 1239 → 1210(-29 for losing)
|l|☆ryoshino
|player|p2|
|c|☆Welosethose!|gg
