|j|☆kweslove
|j|☆heatvw
|html|kwesloveheatvw    
|uhtml|bestof|Game 1 of a best-of-3
|t:|1756520270
|gametype|doubles
|player|p1|kweslove|1|1068
|player|p2|heatvw|170|1062
|gen|9
|tier|[Gen 9] VGC 2025 Reg H (Bo3)
|rated|
|rule|Species Clause: Limit one of each Pokémon
|rule|Item Clause: Limit 1 of each item
|clearpoke
|poke|p1|Tyranitar, L50, M|
|poke|p1|Ursaluna-Bloodmoon, L50, M|
|poke|p1|Annihilape, L50, M|
|poke|p1|Volcarona, L50, F|
|poke|p1|Sneasler, L50, F|
|poke|p1|Indeedee, L50, M|
|poke|p2|Flamigo, L50, M|
|poke|p2|Ninetales-Alola, L50, F|
|poke|p2|Garchomp, L50, M|
|poke|p2|Incineroar, L50, F|
|poke|p2|Amoonguss, L50, F|
|poke|p2|Kingambit, L50, F|
|teampreview|4
|showteam|p1|Tyranitar||AssaultVest|SandStream|KnockOff,RockSlide,TeraBlast,LowKick|||M|||50|,,,,,Flying]Ursaluna-Bloodmoon||LifeOrb|MindsEye|Protect,BloodMoon,HyperVoice,EarthPower|||M|||50|,,,,,Normal]Annihilape||SafetyGoggles|Defiant|BulkUp,RageFist,DrainPunch,Protect|||M|||50|,,,,,Fire]Volcarona||SitrusBerry|FlameBody|Tailwind,RagePowder,StruggleBug,Overheat|||F|||50|,,,,,Grass]Sneasler||PsychicSeed|Unburden|CloseCombat,DireClaw,Coaching,Protect|||F|||50|,,,,,Stellar]Indeedee||ChoiceScarf|PsychicSurge|ExpandingForce,Trick,Protect,TeraBlast|||M|||50|,,,,,Psychic
|showteam|p2|Flamigo||ChoiceBand|Scrappy|Uturn,CloseCombat,BraveBird,Facade|||M|||50|,,,,,Stellar]Ninetales-Alola||FocusSash|SnowWarning|Protect,Encore,IcyWind,Blizzard|||F|||50|,,,,,Ghost]Garchomp||LifeOrb|RoughSkin|DragonClaw,StompingTantrum,Earthquake,Protect|||M|||50|,,,,,Ground]Incineroar||SafetyGoggles|Intimidate|FakeOut,FlareBlitz,KnockOff,PartingShot|||F|||50|,,,,,Ghost]Amoonguss||SitrusBerry|Regenerator|Spore,RagePowder,PollenPuff,Protect|||F|||50|,,,,,Water]Kingambit||AssaultVest|Defiant|KowtowCleave,IronHead,LowKick,SuckerPunch|||F|||50|,,,,,Fire
|inactive|Battle timer is ON: inactive players will automatically lose when time's up. (requested by heatvw)
|inactive|heatvw has 60 seconds left.
|
|t:|1756520308
|teamsize|p1|4
|teamsize|p2|4
|start
|switch|p1a: Annihilape|Annihilape, L50, M|100/100
|switch|p1b: Tyranitar|Tyranitar, L50, M|100/100
|switch|p2a: Garchomp|Garchomp, L50, M, shiny|100/100
|switch|p2b: Kingambit|Kingambit, L50, F|100/100
|-weather|Sandstorm|[from] ability: Sand Stream|[of] p1b: Tyranitar
|turn|1
|inactive|kweslove has 30 seconds left.
|inactive|heatvw has 30 seconds left.
|
|t:|1756520334
|switch|p2b: Flamigo|Flamigo, L50, M, shiny|100/100
|move|p2a: Garchomp|Earthquake|p1a: Annihilape|[spread] p1a,p1b
|-immune|p2b: Flamigo
|-supereffective|p1b: Tyranitar
|-damage|p1a: Annihilape|40/100
|-damage|p1b: Tyranitar|8/100
|-damage|p2a: Garchomp|91/100|[from] item: Life Orb
|move|p1a: Annihilape|Bulk Up|p1a: Annihilape
|-boost|p1a: Annihilape|atk|1
|-boost|p1a: Annihilape|def|1
|move|p1b: Tyranitar|Low Kick|p2b: Flamigo
|-resisted|p2b: Flamigo
|-damage|p2b: Flamigo|83/100
|
|-weather|Sandstorm|[upkeep]
|-damage|p2b: Flamigo|78/100|[from] Sandstorm
|upkeep
|turn|2
|inactive|kweslove has 30 seconds left.
|inactive|kweslove has 20 seconds left.
|
|t:|1756520372
|switch|p1b: Volcarona|Volcarona, L50, F|100/100
|move|p1a: Annihilape|Protect|p1a: Annihilape
|-singleturn|p1a: Annihilape|Protect
|move|p2a: Garchomp|Dragon Claw|p1b: Volcarona
|-damage|p1b: Volcarona|37/100
|-enditem|p1b: Volcarona|Sitrus Berry|[eat]
|-heal|p1b: Volcarona|62/100|[from] item: Sitrus Berry
|-damage|p2a: Garchomp|81/100|[from] item: Life Orb
|move|p2b: Flamigo|Brave Bird|p1a: Annihilape
|-activate|p1a: Annihilape|move: Protect
|
|-weather|Sandstorm|[upkeep]
|-damage|p1b: Volcarona|56/100|[from] Sandstorm
|-damage|p2b: Flamigo|72/100|[from] Sandstorm
|upkeep
|turn|3
|inactive|kweslove has 30 seconds left.
|
|t:|1756520399
|move|p2a: Garchomp|Earthquake|p1b: Volcarona|[spread] p1a,p1b
|-immune|p2b: Flamigo
|-damage|p1a: Annihilape|5/100
|-damage|p1b: Volcarona|0 fnt
|faint|p1b: Volcarona
|-damage|p2a: Garchomp|71/100|[from] item: Life Orb
|move|p2b: Flamigo|Brave Bird|p1a: Annihilape
|-supereffective|p1a: Annihilape
|-damage|p1a: Annihilape|0 fnt
|faint|p1a: Annihilape
|-damage|p2b: Flamigo|70/100|[from] Recoil
|
|-weather|Sandstorm|[upkeep]
|-damage|p2b: Flamigo|64/100|[from] Sandstorm
|upkeep
|
|t:|1756520417
|switch|p1b: Ursaluna|Ursaluna-Bloodmoon, L50, M|100/100
|switch|p1a: Tyranitar|Tyranitar, L50, M|8/100
|turn|4
|
|t:|1756520427
|switch|p2b: Ninetales|Ninetales-Alola, L50, F|100/100
|-weather|Snowscape|[from] ability: Snow Warning|[of] p2b: Ninetales
|-terastallize|p1a: Tyranitar|Flying
|move|p2a: Garchomp|Dragon Claw|p1a: Tyranitar
|-damage|p1a: Tyranitar|0 fnt
|faint|p1a: Tyranitar
|-damage|p2a: Garchomp|61/100|[from] item: Life Orb
|move|p1b: Ursaluna|Hyper Voice|p2b: Ninetales|[spread] p2a,p2b
|-crit|p2b: Ninetales
|-damage|p2a: Garchomp|7/100
|-damage|p2b: Ninetales|13/100
|-damage|p1b: Ursaluna|91/100|[from] item: Life Orb
|
|-weather|Snowscape|[upkeep]
|upkeep
|turn|5
|
|t:|1756520448
|move|p2b: Ninetales|Blizzard|p1b: Ursaluna
|-supereffective|p1b: Ursaluna
|-damage|p1b: Ursaluna|0 fnt
|faint|p1b: Ursaluna
|
|win|heatvw
||heatvw is ready for game 2.
||kweslove is ready for game 2.
|uhtml|next|Next: Game 2 of 3
