|j|☆blackstorm games
|j|☆PsychoLotus
|html|blackstorm gamesPsychoLotus    
|uhtml|bestof|Game 2 of a best-of-3
|t:|1756320660
|gametype|doubles
|player|p1|blackstorm games|102|1230
|player|p2|PsychoLotus|dawn-gen4pt|1288
|gen|9
|tier|[Gen 9] VGC 2025 Reg H (Bo3)
|rated|
|rule|Species Clause: Limit one of each Pokémon
|rule|Item Clause: Limit 1 of each item
|clearpoke
|poke|p1|Gholdengo, L50|
|poke|p1|Incineroar, L50, M|
|poke|p1|Dragonite, L50, M|
|poke|p1|Primarina, L50, F|
|poke|p1|Garchomp, L50, F|
|poke|p1|Electabuzz, L50, F|
|poke|p2|Tyranitar, L50, F|
|poke|p2|Excadrill, L50, F|
|poke|p2|Sneasler, L50, F|
|poke|p2|Ursaluna-Bloodmoon, L50, M|
|poke|p2|Baxcalibur, L50, M|
|poke|p2|Electabuzz, L50, F|
|teampreview|4
|showteam|p1|Gholdengo||LifeOrb|GoodasGold|MakeItRain,ShadowBall,NastyPlot,Protect||||||50|,,,,,Water]Incineroar||SafetyGoggles|Intimidate|KnockOff,FlareBlitz,FakeOut,PartingShot|||M|||50|,,,,,Ghost]Dragonite||LoadedDice|Multiscale|ScaleShot,Tailwind,Protect,Haze|||M|||50|,,,,,Fairy]Primarina||AssaultVest|LiquidVoice|HyperVoice,Moonblast,IcyWind,DazzlingGleam|||F|||50|,,,,,Poison]Garchomp||ClearAmulet|RoughSkin|DragonClaw,Earthquake,SwordsDance,Protect|||F|||50|,,,,,Fire]Electabuzz||Eviolite|VitalSpirit|FollowMe,Thunderbolt,Taunt,Electroweb|||F|||50|,,,,,Ghost
|showteam|p2|Tyranitar||AssaultVest|SandStream|RockSlide,KnockOff,TeraBlast,LowKick|||F|||50|,,,,,Flying]Excadrill||FocusSash|SandRush|Earthquake,HighHorsepower,IronHead,Protect|||F|||50|,,,,,Ground]Sneasler||WhiteHerb|Unburden|CloseCombat,DireClaw,FakeOut,Protect|||F|||50|,,,,,Stellar]Ursaluna-Bloodmoon||LifeOrb|MindsEye|BloodMoon,HyperVoice,EarthPower,Protect|||M|||50|,,,,,Normal]Baxcalibur||ClearAmulet|ThermalExchange|IceShard,IcicleCrash,GlaiveRush,Protect|||M|||50|,,,,,Bug]Electabuzz||Eviolite|VitalSpirit|Electroweb,FollowMe,Taunt,Protect|||F|||50|,,,,,Bug
|inactive|Battle timer is ON: inactive players will automatically lose when time's up. (requested by PsychoLotus)
|
|t:|1756320695
|teamsize|p1|4
|teamsize|p2|4
|start
|switch|p1a: Electabuzz|Electabuzz, L50, F|100/100
|switch|p1b: Dragonite|Dragonite, L50, M|100/100
|switch|p2a: Ursaluna|Ursaluna-Bloodmoon, L50, M|100/100
|switch|p2b: Baxcalibur|Baxcalibur, L50, M|100/100
|turn|1
|
|t:|1756320709
|move|p2b: Baxcalibur|Protect|p2b: Baxcalibur
|-singleturn|p2b: Baxcalibur|Protect
|move|p1a: Electabuzz|Follow Me|p1a: Electabuzz
|-singleturn|p1a: Electabuzz|move: Follow Me
|move|p1b: Dragonite|Scale Shot|p2b: Baxcalibur
|-activate|p2b: Baxcalibur|move: Protect
|move|p2a: Ursaluna|Earth Power|p1a: Electabuzz
|-supereffective|p1a: Electabuzz
|-damage|p1a: Electabuzz|2/100
|-damage|p2a: Ursaluna|91/100|[from] item: Life Orb
|
|upkeep
|turn|2
|inactive|PsychoLotus has 30 seconds left.
|
|t:|1756320736
|switch|p2b: Tyranitar|Tyranitar, L50, F|100/100
|-weather|Sandstorm|[from] ability: Sand Stream|[of] p2b: Tyranitar
|move|p1a: Electabuzz|Follow Me|p1a: Electabuzz
|-singleturn|p1a: Electabuzz|move: Follow Me
|move|p1b: Dragonite|Scale Shot|p2b: Tyranitar
|-damage|p2b: Tyranitar|88/100
|-damage|p2b: Tyranitar|77/100
|-damage|p2b: Tyranitar|67/100
|-damage|p2b: Tyranitar|55/100
|-hitcount|p2b: Tyranitar|4
|-unboost|p1b: Dragonite|def|1
|-boost|p1b: Dragonite|spe|1
|move|p2a: Ursaluna|Hyper Voice|p1a: Electabuzz|[spread] p1a,p1b
|-damage|p1a: Electabuzz|0 fnt
|-damage|p1b: Dragonite|72/100
|faint|p1a: Electabuzz
|-damage|p2a: Ursaluna|81/100|[from] item: Life Orb
|
|-weather|Sandstorm|[upkeep]
|-damage|p1b: Dragonite|66/100|[from] Sandstorm
|upkeep
|
|t:|1756320755
|switch|p1a: Garchomp|Garchomp, L50, F|100/100
|turn|3
|
|t:|1756320764
|move|p1b: Dragonite|Scale Shot|p2a: Ursaluna|[miss]
|-miss|p1b: Dragonite|p2a: Ursaluna
|move|p1a: Garchomp|Earthquake|p2b: Tyranitar|[spread] p2a,p2b
|-immune|p1b: Dragonite
|-supereffective|p2b: Tyranitar
|-damage|p2a: Ursaluna|48/100
|-damage|p2b: Tyranitar|0 fnt
|faint|p2b: Tyranitar
|move|p2a: Ursaluna|Blood Moon|p1a: Garchomp
|-damage|p1a: Garchomp|0 fnt
|faint|p1a: Garchomp
|-damage|p2a: Ursaluna|38/100|[from] item: Life Orb
|
|-weather|Sandstorm|[upkeep]
|-damage|p1b: Dragonite|60/100|[from] Sandstorm
|upkeep
|
|t:|1756320778
|switch|p1a: Primarina|Primarina, L50, F|100/100
|switch|p2b: Baxcalibur|Baxcalibur, L50, M|100/100
|turn|4
|inactive|blackstorm games has 30 seconds left.
|inactive|blackstorm games has 20 seconds left.
|inactive|blackstorm games has 15 seconds left.
|
|t:|1756320819
|-terastallize|p1b: Dragonite|Fairy
|move|p2b: Baxcalibur|Protect|p2b: Baxcalibur
|-singleturn|p2b: Baxcalibur|Protect
|move|p1b: Dragonite|Tailwind|p1b: Dragonite
|-sidestart|p1: blackstorm games|move: Tailwind
|move|p1a: Primarina|Hyper Voice|p2b: Baxcalibur|[spread] p2a
|-activate|p2b: Baxcalibur|move: Protect
|-supereffective|p2a: Ursaluna
|-damage|p2a: Ursaluna|0 fnt
|faint|p2a: Ursaluna
|
|-weather|Sandstorm|[upkeep]
|-damage|p1b: Dragonite|55/100|[from] Sandstorm
|-damage|p1a: Primarina|95/100|[from] Sandstorm
|-damage|p2b: Baxcalibur|95/100|[from] Sandstorm
|upkeep
|
|t:|1756320827
|switch|p2a: Excadrill|Excadrill, L50, F, shiny|100/100
|turn|5
|
|t:|1756320840
|-terastallize|p2b: Baxcalibur|Bug
|move|p1b: Dragonite|Scale Shot|p2b: Baxcalibur
|-damage|p2b: Baxcalibur|80/100
|-damage|p2b: Baxcalibur|65/100
|-damage|p2b: Baxcalibur|50/100
|-damage|p2b: Baxcalibur|36/100
|-hitcount|p2b: Baxcalibur|4
|-unboost|p1b: Dragonite|def|1
|-boost|p1b: Dragonite|spe|1
|move|p2a: Excadrill|Iron Head|p1a: Primarina
|-damage|p1a: Primarina|35/100
|move|p1a: Primarina|Hyper Voice|p2b: Baxcalibur|[spread] p2a,p2b
|-supereffective|p2a: Excadrill
|-damage|p2a: Excadrill|6/100
|-damage|p2b: Baxcalibur|0 fnt
|faint|p2b: Baxcalibur
|
|-weather|Sandstorm|[upkeep]
|-damage|p1b: Dragonite|49/100|[from] Sandstorm
|-damage|p1a: Primarina|29/100|[from] Sandstorm
|upkeep
|turn|6
|
|t:|1756320862
|move|p1b: Dragonite|Scale Shot|p2a: Excadrill
|-resisted|p2a: Excadrill
|-damage|p2a: Excadrill|0 fnt
|faint|p2a: Excadrill
|-hitcount|p2: Excadrill|1
|
|win|blackstorm games
|raw|blackstorm games's rating: 1230 → 1259(+29 for winning)
|raw|PsychoLotus's rating: 1288 → 1259(-29 for losing)
|l|☆PsychoLotus
|player|p2|
