|j|☆KodeBeast0526
|j|☆wideguard_user
|html|KodeBeast0526wideguard_user    
|uhtml|bestof|Game 2 of a best-of-3
|t:|1756950912
|gametype|doubles
|player|p1|KodeBeast0526|sailor|
|player|p2|wideguard_user|265|
|gen|9
|tier|[Gen 9] VGC 2025 Reg H (Bo3)
|rule|Species Clause: Limit one of each Pokémon
|rule|Item Clause: Limit 1 of each item
|clearpoke
|poke|p1|Excadrill, L50, M|
|poke|p1|Tyranitar, L50, M|
|poke|p1|Sneasler, L50, F|
|poke|p1|Indeedee, L50, M|
|poke|p1|Corviknight, L50, M|
|poke|p1|Annihilape, L50, M|
|poke|p2|Volcarona, L50, F|
|poke|p2|Kingambit, L50, F|
|poke|p2|Dragonite, L50, F|
|poke|p2|Sneasler, L50, F|
|poke|p2|Rillaboom, L50, F|
|poke|p2|Electabuzz, L50, F|
|teampreview|4
|showteam|p1|Excadrill||FocusSash|SandRush|IronHead,HighHorsepower,Earthquake,Protect|||M|||50|,,,,,Stellar]Tyranitar||AssaultVest|SandStream|RockSlide,KnockOff,TeraBlast,LowKick|||M|||50|,,,,,Flying]Sneasler||PsychicSeed|Unburden|DireClaw,CloseCombat,ThroatChop,Protect|||F|||50|,,,,,Dark]Indeedee||ChoiceScarf|PsychicSurge|ExpandingForce,TeraBlast,Protect,Trick|||M|||50|,,,,,Psychic]Corviknight||Leftovers|MirrorArmor|BraveBird,BulkUp,Roost,Tailwind|||M|||50|,,,,,Dragon]Annihilape||SafetyGoggles|Defiant|CloseCombat,FinalGambit,RageFist,Taunt|||M|||50|,,,,,Water
|showteam|p2|Volcarona||Leftovers|FlameBody|HeatWave,TeraBlast,QuiverDance,Protect|||F|||50|,,,,,Fairy]Kingambit||BlackGlasses|Defiant|KowtowCleave,SuckerPunch,SwordsDance,Protect|||F|||50|,,,,,Dark]Dragonite||LoadedDice|Multiscale|ScaleShot,ExtremeSpeed,Haze,Protect|||F|||50|,,,,,Steel]Sneasler||FocusSash|PoisonTouch|CloseCombat,DireClaw,FakeOut,Coaching|||F|||50|,,,,,Stellar]Rillaboom||AssaultVest|GrassySurge|WoodHammer,GrassyGlide,HighHorsepower,FakeOut|||F|||50|,,,,,Fire]Electabuzz||Eviolite|VitalSpirit|Thunderbolt,Taunt,FollowMe,Protect|||F|||50|,,,,,Ghost
|j| teamthief420
|l| teamthief420
|inactive|Battle timer is ON: inactive players will automatically lose when time's up. (requested by wideguard_user)
|
|t:|1756950946
|teamsize|p1|4
|teamsize|p2|4
|start
|switch|p1a: Annihilape|Annihilape, L50, M|100/100
|switch|p1b: Tyranitar|Tyranitar, L50, M, shiny|100/100
|switch|p2a: Volcarona|Volcarona, L50, F|100/100
|switch|p2b: Electabuzz|Electabuzz, L50, F|100/100
|-weather|Sandstorm|[from] ability: Sand Stream|[of] p1b: Tyranitar
|turn|1
|inactive|wideguard_user has 30 seconds left.
|
|t:|1756950974
|-terastallize|p2a: Volcarona|Fairy
|move|p2b: Electabuzz|Follow Me|p2b: Electabuzz
|-singleturn|p2b: Electabuzz|move: Follow Me
|move|p1a: Annihilape|Taunt|p2b: Electabuzz
|-start|p2b: Electabuzz|move: Taunt
|move|p2a: Volcarona|Quiver Dance|p2a: Volcarona
|-boost|p2a: Volcarona|spa|1
|-boost|p2a: Volcarona|spd|1
|-boost|p2a: Volcarona|spe|1
|move|p1b: Tyranitar|Rock Slide|p2a: Volcarona|[spread] p2a,p2b
|-damage|p2a: Volcarona|66/100
|-damage|p2b: Electabuzz|78/100
|
|-weather|Sandstorm|[upkeep]
|-damage|p2a: Volcarona|60/100|[from] Sandstorm
|-damage|p2b: Electabuzz|72/100|[from] Sandstorm
|-heal|p2a: Volcarona|66/100|[from] item: Leftovers
|upkeep
|turn|2
|inactive|wideguard_user has 30 seconds left.
|inactive|wideguard_user has 20 seconds left.
|inactive|wideguard_user has 15 seconds left.
|inactive|wideguard_user has 10 seconds left.
|
|t:|1756951022
|switch|p2b: Sneasler|Sneasler, L50, F|100/100
|move|p2a: Volcarona|Protect|p2a: Volcarona
|-singleturn|p2a: Volcarona|Protect
|move|p1a: Annihilape|Taunt|p2a: Volcarona
|-activate|p2a: Volcarona|move: Protect
|move|p1b: Tyranitar|Rock Slide|p2b: Sneasler|[spread] p2b
|-activate|p2a: Volcarona|move: Protect
|-resisted|p2b: Sneasler
|-damage|p2b: Sneasler|77/100
|
|-weather|Sandstorm|[upkeep]
|-damage|p2a: Volcarona|60/100|[from] Sandstorm
|-damage|p2b: Sneasler|71/100|[from] Sandstorm
|-heal|p2a: Volcarona|66/100|[from] item: Leftovers
|upkeep
|turn|3
|inactive|KodeBeast0526 has 30 seconds left.
|
|t:|1756951052
|-terastallize|p1b: Tyranitar|Flying
|move|p2a: Volcarona|Tera Blast|p1a: Annihilape|[anim] Tera Blast Fairy
|-supereffective|p1a: Annihilape
|-damage|p1a: Annihilape|0 fnt
|faint|p1a: Annihilape
|move|p2b: Sneasler|Close Combat|p1b: Tyranitar
|-resisted|p1b: Tyranitar
|-damage|p1b: Tyranitar|74/100
|-unboost|p2b: Sneasler|def|1
|-unboost|p2b: Sneasler|spd|1
|move|p1b: Tyranitar|Tera Blast|p2b: Sneasler|[anim] Tera Blast Flying
|-supereffective|p2b: Sneasler
|-damage|p2b: Sneasler|0 fnt
|faint|p2b: Sneasler
|
|-weather|Sandstorm|[upkeep]
|-damage|p2a: Volcarona|60/100|[from] Sandstorm
|-damage|p1b: Tyranitar|68/100|[from] Sandstorm
|-heal|p2a: Volcarona|66/100|[from] item: Leftovers
|upkeep
|
|t:|1756951063
|switch|p2b: Electabuzz|Electabuzz, L50, F|72/100
|switch|p1a: Excadrill|Excadrill, L50, M, shiny|100/100
|turn|4
|inactive|wideguard_user has 30 seconds left.
|
|t:|1756951096
|move|p2b: Electabuzz|Protect|p2b: Electabuzz
|-singleturn|p2b: Electabuzz|Protect
|move|p1a: Excadrill|Earthquake|p2b: Electabuzz|[spread] p2a
|-activate|p2b: Electabuzz|move: Protect
|-immune|p1b: Tyranitar
|-damage|p2a: Volcarona|16/100
|move|p2a: Volcarona|Heat Wave|p1b: Tyranitar|[spread] p1a,p1b
|-supereffective|p1a: Excadrill
|-enditem|p1a: Excadrill|Focus Sash
|-damage|p1a: Excadrill|1/100
|-damage|p1b: Tyranitar|43/100
|move|p1b: Tyranitar|Rock Slide|p2a: Volcarona|[spread] p2a
|-activate|p2b: Electabuzz|move: Protect
|-damage|p2a: Volcarona|0 fnt
|faint|p2a: Volcarona
|
|-weather|Sandstorm|[upkeep]
|-damage|p2b: Electabuzz|66/100|[from] Sandstorm
|-damage|p1b: Tyranitar|37/100|[from] Sandstorm
|upkeep
|
|t:|1756951110
|switch|p2a: Dragonite|Dragonite, L50, F|100/100
|turn|5
|inactive|wideguard_user has 30 seconds left.
|inactive|wideguard_user has 20 seconds left.
|
|t:|1756951148
|switch|p1b: Corviknight|Corviknight, L50, M|100/100
|move|p1a: Excadrill|Protect|p1a: Excadrill
|-singleturn|p1a: Excadrill|Protect
|move|p2b: Electabuzz|Thunderbolt|p1a: Excadrill
|-activate|p1a: Excadrill|move: Protect
|move|p2a: Dragonite|Scale Shot|p1b: Corviknight
|-resisted|p1b: Corviknight
|-damage|p1b: Corviknight|94/100
|-resisted|p1b: Corviknight
|-damage|p1b: Corviknight|88/100
|-resisted|p1b: Corviknight
|-damage|p1b: Corviknight|81/100
|-resisted|p1b: Corviknight
|-damage|p1b: Corviknight|75/100
|-resisted|p1b: Corviknight
|-damage|p1b: Corviknight|69/100
|-hitcount|p1b: Corviknight|5
|-unboost|p2a: Dragonite|def|1
|-boost|p2a: Dragonite|spe|1
|
|-weather|none
|-heal|p1b: Corviknight|75/100|[from] item: Leftovers
|upkeep
|turn|6
|inactive|KodeBeast0526 has 30 seconds left.
|
|t:|1756951174
|switch|p1a: Tyranitar|Tyranitar, L50, M, shiny, tera:Flying|37/100
|-weather|Sandstorm|[from] ability: Sand Stream|[of] p1a: Tyranitar
|move|p2a: Dragonite|Extreme Speed|p1a: Tyranitar
|-damage|p1a: Tyranitar|12/100
|move|p2b: Electabuzz|Thunderbolt|p1b: Corviknight
|-supereffective|p1b: Corviknight
|-damage|p1b: Corviknight|22/100
|move|p1b: Corviknight|Tailwind|p1b: Corviknight
|-sidestart|p1: KodeBeast0526|move: Tailwind
|
|-weather|Sandstorm|[upkeep]
|-damage|p2a: Dragonite|95/100|[from] Sandstorm
|-damage|p1a: Tyranitar|6/100|[from] Sandstorm
|-damage|p2b: Electabuzz|60/100|[from] Sandstorm
|-heal|p1b: Corviknight|28/100|[from] item: Leftovers
|upkeep
|turn|7
|
|t:|1756951194
|move|p2a: Dragonite|Extreme Speed|p1a: Tyranitar
|-damage|p1a: Tyranitar|0 fnt
|faint|p1a: Tyranitar
|move|p2b: Electabuzz|Follow Me|p2b: Electabuzz
|-singleturn|p2b: Electabuzz|move: Follow Me
|move|p1b: Corviknight|Roost|p1b: Corviknight
|-heal|p1b: Corviknight|79/100
|-singleturn|p1b: Corviknight|move: Roost
|
|-weather|Sandstorm|[upkeep]
|-damage|p2a: Dragonite|89/100|[from] Sandstorm
|-damage|p2b: Electabuzz|54/100|[from] Sandstorm
|-heal|p1b: Corviknight|84/100|[from] item: Leftovers
|upkeep
|
|t:|1756951198
|switch|p1a: Excadrill|Excadrill, L50, M, shiny|1/100
|turn|8
|
|t:|1756951209
|move|p1a: Excadrill|Protect|p1a: Excadrill
|-singleturn|p1a: Excadrill|Protect
|move|p2a: Dragonite|Protect|p2a: Dragonite
|-singleturn|p2a: Dragonite|Protect
|move|p2b: Electabuzz|Protect|p2b: Electabuzz
|-singleturn|p2b: Electabuzz|Protect
|move|p1b: Corviknight|Brave Bird|p2a: Dragonite
|-activate|p2a: Dragonite|move: Protect
|
|-weather|Sandstorm|[upkeep]
|-damage|p2a: Dragonite|83/100|[from] Sandstorm
|-damage|p2b: Electabuzz|48/100|[from] Sandstorm
|-heal|p1b: Corviknight|90/100|[from] item: Leftovers
|upkeep
|turn|9
|
|t:|1756951220
|move|p1a: Excadrill|Protect|p1a: Excadrill
|-singleturn|p1a: Excadrill|Protect
|move|p2a: Dragonite|Extreme Speed|p1a: Excadrill
|-activate|p1a: Excadrill|move: Protect
|move|p1b: Corviknight|Brave Bird|p2a: Dragonite
|-damage|p2a: Dragonite|0 fnt
|faint|p2a: Dragonite
|-damage|p1b: Corviknight|68/100|[from] Recoil
|move|p2b: Electabuzz|Thunderbolt|p1b: Corviknight
|-supereffective|p1b: Corviknight
|-damage|p1b: Corviknight|16/100
|
|-weather|Sandstorm|[upkeep]
|-damage|p2b: Electabuzz|43/100|[from] Sandstorm
|-heal|p1b: Corviknight|21/100|[from] item: Leftovers
|-sideend|p1: KodeBeast0526|move: Tailwind
|upkeep
|turn|10
|-message|wideguard_user forfeited.
|
|win|KodeBeast0526
|l|☆wideguard_user
|player|p2|
