|j|☆lettitripppp
|j|☆heynumi
|html|lettitrippppheynumi    
|uhtml|bestof|Game 3 of a best-of-3
|t:|1783119273
|gametype|doubles
|player|p1|lettitripppp|lucas|1214
|player|p2|heynumi|bellelba|1180
|gen|9
|tier|[Gen 9 Champions] VGC 2026 Reg M-B (Bo3)
|rated|
|rule|Species Clause: Limit one of each Pokémon
|rule|Item Clause: Limit 1 of each item
|clearpoke
|poke|p1|Charizard, L50, F|
|poke|p1|Floette-Eternal, L50, F|
|poke|p1|Basculegion, L50, M, shiny|
|poke|p1|Garchomp, L50, F|
|poke|p1|Whimsicott, L50, F, shiny|
|poke|p1|Kingambit, L50, M|
|poke|p2|Farigiraf, L50, F|
|poke|p2|Torkoal, L50, F|
|poke|p2|Mawile, L50, M|
|poke|p2|Kleavor, L50, F|
|poke|p2|Gallade, L50, M|
|poke|p2|Incineroar, L50, M|
|teampreview|4
|showteam|p1|Charizard||CharizarditeY|Blaze|WeatherBall,SolarBeam,HeatWave,Protect|Modest||F|||50|]Floette-Eternal||Floettite|FlowerVeil|DazzlingGleam,LightofRuin,Moonblast,Protect|Timid||F|||50|]Basculegion||MysticWater|Adaptability|LastRespects,WaveCrash,AquaJet,Protect|Adamant||M|||50|]Garchomp||LifeOrb|RoughSkin|DragonClaw,Earthquake,RockSlide,Protect|Jolly||F|||50|]Whimsicott||FocusSash|Prankster|Moonblast,Tailwind,Encore,Protect|Timid||F|||50|]Kingambit||OccaBerry|Defiant|KowtowCleave,SuckerPunch,IronHead,LowKick|Adamant||M|||50|
|showteam|p2|Farigiraf||ColburBerry|ArmorTail|TrickRoom,Thunderbolt,Psychic,HelpingHand|Relaxed||F|||50|]Torkoal||Charcoal|Drought|AncientPower,Eruption,WeatherBall,Protect|Quiet||F|||50|]Mawile||Mawilite|Intimidate|Protect,PlayRough,IronHead,SuckerPunch|Adamant||M|||50|]Kleavor||FocusSash|Sharpness|Protect,StoneAxe,CloseCombat,XScissor|Jolly||F|||50|]Gallade||LifeOrb|Sharpness|LeafBlade,SacredSword,PsychoCut,TrickRoom|Adamant||M|||50|]Incineroar||SitrusBerry|Intimidate|PartingShot,FlareBlitz,FakeOut,ThroatChop|Careful||M|||50|
|inactive|Battle timer is ON: inactive players will automatically lose when time's up. (requested by lettitripppp)
|
|t:|1783119296
|teamsize|p1|4
|teamsize|p2|4
|start
|switch|p1a: GENERAL BLADUS|Kingambit, L50, M|100/100
|switch|p1b: GHOSTWAVE|Basculegion, L50, M, shiny|100/100
|switch|p2a: Farigiraf|Farigiraf, L50, F|100/100
|switch|p2b: Incineroar|Incineroar, L50, M|100/100
|-ability|p2b: Incineroar|Intimidate|boost
|-unboost|p1a: GENERAL BLADUS|atk|1
|-ability|p1a: GENERAL BLADUS|Defiant|boost
|-boost|p1a: GENERAL BLADUS|atk|2
|-unboost|p1b: GHOSTWAVE|atk|1
|turn|1
|
|t:|1783119320
|move|p1b: GHOSTWAVE|Wave Crash|p2b: Incineroar
|-supereffective|p2b: Incineroar|1
|-damage|p2b: Incineroar|2/100
|-enditem|p2b: Incineroar|Sitrus Berry|[eat]
|-heal|p2b: Incineroar|27/100|[from] item: Sitrus Berry
|-damage|p1b: GHOSTWAVE|69/100|[from] Recoil
|move|p1a: GENERAL BLADUS|Kowtow Cleave|p2a: Farigiraf
|-supereffective|p2a: Farigiraf|1
|-enditem|p2a: Farigiraf|Colbur Berry|[eat]
|-enditem|p2a: Farigiraf|Colbur Berry|[weaken]
|-damage|p2a: Farigiraf|41/100
|move|p2b: Incineroar|Throat Chop|p1b: GHOSTWAVE
|-supereffective|p1b: GHOSTWAVE|1
|-damage|p1b: GHOSTWAVE|13/100
|-start|p1b: GHOSTWAVE|Throat Chop|[silent]
|move|p2a: Farigiraf|Thunderbolt|p1b: GHOSTWAVE
|-supereffective|p1b: GHOSTWAVE|1
|-damage|p1b: GHOSTWAVE|0 fnt
|faint|p1b: GHOSTWAVE
|
|upkeep
|
|t:|1783119335
|switch|p1b: AGNI|Charizard, L50, F|100/100
|turn|2
|
|t:|1783119345
|detailschange|p1b: AGNI|Charizard-Mega-Y, L50, F
|-mega|p1b: AGNI|Charizard|Charizardite Y
|-weather|SunnyDay|[from] ability: Drought|[of] p1b: AGNI
|move|p1b: AGNI|Heat Wave|p2b: Incineroar|[spread] p2a,p2b
|-resisted|p2b: Incineroar|1
|-damage|p2a: Farigiraf|0 fnt
|-damage|p2b: Incineroar|4/100
|faint|p2a: Farigiraf
|move|p2b: Incineroar|Flare Blitz|p1a: GENERAL BLADUS
|-supereffective|p1a: GENERAL BLADUS|1
|-enditem|p1a: GENERAL BLADUS|Occa Berry|[eat]
|-enditem|p1a: GENERAL BLADUS|Occa Berry|[weaken]
|-damage|p1a: GENERAL BLADUS|44/100
|-damage|p2b: Incineroar|0 fnt|[from] Recoil
|faint|p2b: Incineroar
|move|p1a: GENERAL BLADUS|Iron Head|p2: Farigiraf|[notarget]
|-fail|p1a: GENERAL BLADUS
|
|-weather|SunnyDay|[upkeep]
|upkeep
|
|t:|1783119356
|switch|p2b: Kleavor|Kleavor, L50, F|100/100
|switch|p2a: Mawile|Mawile, L50, M|100/100
|-ability|p2a: Mawile|Intimidate|boost
|-unboost|p1a: GENERAL BLADUS|atk|1
|-ability|p1a: GENERAL BLADUS|Defiant|boost
|-boost|p1a: GENERAL BLADUS|atk|2
|-unboost|p1b: AGNI|atk|1
|turn|3
|
|t:|1783119374
|detailschange|p2a: Mawile|Mawile-Mega, L50, M
|-mega|p2a: Mawile|Mawile|Mawilite
|move|p1b: AGNI|Protect|p1b: AGNI
|-singleturn|p1b: AGNI|Protect
|move|p1a: GENERAL BLADUS|Sucker Punch|p2b: Kleavor
|-enditem|p2b: Kleavor|Focus Sash
|-damage|p2b: Kleavor|1/100
|move|p2b: Kleavor|Stone Axe|p1b: AGNI
|-activate|p1b: AGNI|move: Protect
|move|p2a: Mawile|Play Rough|p1a: GENERAL BLADUS|[miss]
|-miss|p2a: Mawile|p1a: GENERAL BLADUS
|
|-weather|SunnyDay|[upkeep]
|upkeep
|turn|4
|
|t:|1783119395
|move|p2b: Kleavor|Protect|p2b: Kleavor
|-singleturn|p2b: Kleavor|Protect
|move|p1a: GENERAL BLADUS|Sucker Punch||[still]
|-fail|p1a: GENERAL BLADUS
|move|p1b: AGNI|Weather Ball|p2a: Mawile
|-supereffective|p2a: Mawile|1
|-damage|p2a: Mawile|0 fnt
|faint|p2a: Mawile
|
|-weather|SunnyDay|[upkeep]
|upkeep
|turn|5
|
|t:|1783119409
|move|p1a: GENERAL BLADUS|Sucker Punch|p2b: Kleavor
|-damage|p2b: Kleavor|0 fnt
|faint|p2b: Kleavor
|
|win|lettitripppp
|raw|lettitripppp's rating: 1214 → 1237(+23 for winning)
|raw|heynumi's rating: 1180 → 1157(-23 for losing)
|l|☆heynumi
|player|p2|
