|j|☆wowiekazowee
|j|☆ming0mang0
|html|wowiekazoweeming0mang0    
|uhtml|bestof|Game 3 of a best-of-3
|t:|1756162060
|gametype|doubles
|player|p1|wowiekazowee|idol|1141
|player|p2|ming0mang0|harlequin|1032
|gen|9
|tier|[Gen 9] VGC 2025 Reg H (Bo3)
|rated|
|rule|Species Clause: Limit one of each Pokémon
|rule|Item Clause: Limit 1 of each item
|clearpoke
|poke|p1|Pelipper, L50, F|
|poke|p1|Basculegion, L50, M|
|poke|p1|Archaludon, L50, F|
|poke|p1|Incineroar, L50, M|
|poke|p1|Sinistcha, L50|
|poke|p1|Ursaluna, L50, M|
|poke|p2|Gholdengo, L50|
|poke|p2|Pelipper, L50, F|
|poke|p2|Greninja-*, L50, F|
|poke|p2|Basculegion, L50, M|
|poke|p2|Amoonguss, L50, F|
|poke|p2|Archaludon, L50, F|
|teampreview|4
|showteam|p1|Pelipper||FocusSash|Drizzle|Hurricane,WeatherBall,Tailwind,WideGuard|||F|||50|,,,,,Ghost]Basculegion||MysticWater|SwiftSwim|Protect,WaveCrash,AquaJet,LastRespects|||M|||50|,,,,,Water]Archaludon||AssaultVest|Stamina|ElectroShot,DracoMeteor,FlashCannon,BodyPress|||F|||50|,,,,,Grass]Incineroar||SafetyGoggles|Intimidate|FakeOut,FlareBlitz,KnockOff,PartingShot|||M|||50|,,,,,Water]Sinistcha||SitrusBerry|Hospitality|MatchaGotcha,LifeDew,RagePowder,TrickRoom||||||50|,,,,,Water]Ursaluna||FlameOrb|Guts|Facade,HeadlongRush,SwordsDance,Protect|||M|||50|,,,,,Ghost
|showteam|p2|Gholdengo||LifeOrb|GoodasGold|ShadowBall,MakeItRain,NastyPlot,Protect||||||50|,,,,,Water]Pelipper||FocusSash|Drizzle|Hurricane,WeatherBall,Tailwind,Protect|||F|||50|,,,,,Steel]Greninja||LoadedDice|Torrent|DarkPulse,WaterShuriken,Taunt,Protect|||F|||50|,,,,,Ghost]Basculegion||ChoiceBand|SwiftSwim|WaveCrash,AquaJet,LastRespects,FlipTurn|||M|||50|,,,,,Water]Amoonguss||SitrusBerry|Regenerator|PollenPuff,Spore,RagePowder,Protect|||F|||50|,,,,,Fire]Archaludon||AssaultVest|Stamina|DracoMeteor,FlashCannon,ElectroShot,BodyPress|||F|||50|,,,,,Bug
|
|t:|1756162086
|teamsize|p1|4
|teamsize|p2|4
|start
|switch|p1a: Pelipper|Pelipper, L50, F|100/100
|switch|p1b: Archaludon|Archaludon, L50, F|100/100
|switch|p2a: Pelipper|Pelipper, L50, F|100/100
|switch|p2b: Archaludon|Archaludon, L50, F|100/100
|-weather|RainDance|[from] ability: Drizzle|[of] p2a: Pelipper
|turn|1
|
|t:|1756162121
|switch|p1a: Sinistcha|Sinistcha, L50|100/100
|move|p2a: Pelipper|Protect|p2a: Pelipper
|-singleturn|p2a: Pelipper|Protect
|move|p2b: Archaludon|Electro Shot||[still]
|-prepare|p2b: Archaludon|Electro Shot
|-boost|p2b: Archaludon|spa|1
|-anim|p2b: Archaludon|Electro Shot|p1a: Sinistcha
|-resisted|p1a: Sinistcha
|-damage|p1a: Sinistcha|66/100
|move|p1b: Archaludon|Electro Shot||[still]
|-prepare|p1b: Archaludon|Electro Shot
|-boost|p1b: Archaludon|spa|1
|-anim|p1b: Archaludon|Electro Shot|p2a: Pelipper
|-activate|p2a: Pelipper|move: Protect
|
|-weather|RainDance|[upkeep]
|upkeep
|turn|2
|j| Storm2184
|l| Storm2184
|
|t:|1756162151
|move|p2a: Pelipper|Tailwind|p2a: Pelipper
|-sidestart|p2: ming0mang0|move: Tailwind
|move|p2b: Archaludon|Electro Shot||[still]
|-prepare|p2b: Archaludon|Electro Shot
|-boost|p2b: Archaludon|spa|1
|-anim|p2b: Archaludon|Electro Shot|p1a: Sinistcha
|-resisted|p1a: Sinistcha
|-damage|p1a: Sinistcha|21/100
|-enditem|p1a: Sinistcha|Sitrus Berry|[eat]
|-heal|p1a: Sinistcha|45/100|[from] item: Sitrus Berry
|move|p1b: Archaludon|Electro Shot||[still]
|-prepare|p1b: Archaludon|Electro Shot
|-boost|p1b: Archaludon|spa|1
|-anim|p1b: Archaludon|Electro Shot|p2a: Pelipper
|-supereffective|p2a: Pelipper
|-crit|p2a: Pelipper
|-enditem|p2a: Pelipper|Focus Sash
|-damage|p2a: Pelipper|1/100
|move|p1a: Sinistcha|Matcha Gotcha|p2a: Pelipper|[spread] p2a,p2b
|-resisted|p2b: Archaludon
|-damage|p2a: Pelipper|0 fnt
|-heal|p1a: Sinistcha|46/100|[from] drain|[of] p2a: Pelipper
|-damage|p2b: Archaludon|95/100
|-heal|p1a: Sinistcha|49/100|[from] drain|[of] p2b: Archaludon
|-ability|p2b: Archaludon|Stamina|boost
|-boost|p2b: Archaludon|def|1
|faint|p2a: Pelipper
|
|-weather|RainDance|[upkeep]
|upkeep
|
|t:|1756162179
|switch|p2a: Gholdengo|Gholdengo, L50|100/100
|turn|3
|
|t:|1756162246
|switch|p1a: Ursaluna|Ursaluna, L50, M|100/100
|-terastallize|p1b: Archaludon|Grass
|move|p2a: Gholdengo|Nasty Plot|p2a: Gholdengo
|-boost|p2a: Gholdengo|spa|2
|move|p2b: Archaludon|Electro Shot||[still]
|-prepare|p2b: Archaludon|Electro Shot
|-boost|p2b: Archaludon|spa|1
|-anim|p2b: Archaludon|Electro Shot|p1a: Ursaluna
|-immune|p1a: Ursaluna
|move|p1b: Archaludon|Draco Meteor|p2b: Archaludon
|-damage|p2b: Archaludon|8/100
|-unboost|p1b: Archaludon|spa|2
|-ability|p2b: Archaludon|Stamina|boost
|-boost|p2b: Archaludon|def|1
|
|-weather|RainDance|[upkeep]
|-status|p1a: Ursaluna|brn|[from] item: Flame Orb
|upkeep
|turn|4
|j| entei enthusiast
|l| entei enthusiast
|
|t:|1756162288
|switch|p1a: Pelipper|Pelipper, L50, F|100/100
|move|p2a: Gholdengo|Make It Rain|p1b: Archaludon|[spread] p1a,p1b
|-resisted|p1a: Pelipper
|-damage|p1a: Pelipper|15/100
|-damage|p1b: Archaludon|31/100
|-unboost|p2a: Gholdengo|spa|1
|-ability|p1b: Archaludon|Stamina|boost
|-boost|p1b: Archaludon|def|1
|-damage|p2a: Gholdengo|91/100|[from] item: Life Orb
|move|p2b: Archaludon|Draco Meteor|p1b: Archaludon
|-damage|p1b: Archaludon|0 fnt
|-unboost|p2b: Archaludon|spa|2
|faint|p1b: Archaludon
|
|-weather|RainDance|[upkeep]
|upkeep
|
|t:|1756162306
|switch|p1b: Ursaluna|Ursaluna, L50, M|100/100 brn
|turn|5
|
|t:|1756162327
|move|p1b: Ursaluna|Protect|p1b: Ursaluna
|-singleturn|p1b: Ursaluna|Protect
|move|p2a: Gholdengo|Shadow Ball|p1a: Pelipper
|-damage|p1a: Pelipper|0 fnt
|faint|p1a: Pelipper
|-damage|p2a: Gholdengo|82/100|[from] item: Life Orb
|move|p2b: Archaludon|Flash Cannon|p1b: Ursaluna
|-activate|p1b: Ursaluna|move: Protect
|
|-weather|none
|-damage|p1b: Ursaluna|95/100 brn|[from] brn
|-sideend|p2: ming0mang0|move: Tailwind
|upkeep
|
|t:|1756162337
|switch|p1a: Sinistcha|Sinistcha, L50|49/100
|-heal|p1b: Ursaluna|100/100 brn|[from] ability: Hospitality|[of] p1a: Sinistcha
|turn|6
|
|t:|1756162353
|move|p2a: Gholdengo|Make It Rain|p1b: Ursaluna|[spread] p1a,p1b
|-damage|p1a: Sinistcha|0 fnt
|-damage|p1b: Ursaluna|29/100 brn
|-unboost|p2a: Gholdengo|spa|1
|faint|p1a: Sinistcha
|-damage|p2a: Gholdengo|72/100|[from] item: Life Orb
|move|p2b: Archaludon|Draco Meteor|p1b: Ursaluna
|-damage|p1b: Ursaluna|0 fnt
|-unboost|p2b: Archaludon|spa|2
|faint|p1b: Ursaluna
|
|win|ming0mang0
|raw|wowiekazowee's rating: 1141 → 1108(-33 for losing)
|raw|ming0mang0's rating: 1032 → 1078(+46 for winning)
