|j|☆daviisiiitoo
|j|☆AbadanRiyi92
|html|daviisiiitooAbadanRiyi92    
|uhtml|bestof|Game 1 of a best-of-3
|t:|1785607680
|gametype|doubles
|player|p1|daviisiiitoo|102|1168
|player|p2|AbadanRiyi92|colress|1228
|gen|9
|tier|[Gen 9 Champions] VGC 2026 Reg M-B (Bo3)
|rated|
|rule|Species Clause: Limit one of each Pokémon
|rule|Item Clause: Limit 1 of each item
|clearpoke
|poke|p1|Charizard, L50, M|
|poke|p1|Garchomp, L50, F|
|poke|p1|Incineroar, L50, M|
|poke|p1|Venusaur, L50, M|
|poke|p1|Toxapex, L50, F|
|poke|p1|Sylveon, L50, F|
|poke|p2|Gengar, L50, M, shiny|
|poke|p2|Maushold-Four, L50|
|poke|p2|Annihilape, L50, F|
|poke|p2|Incineroar, L50, M|
|poke|p2|Politoed, L50, F, shiny|
|poke|p2|Archaludon, L50, M|
|teampreview|4
|showteam|p1|Charizard||CharizarditeY|Blaze|WeatherBall,HeatWave,AncientPower,Protect|Modest||M|||50|]Garchomp||ChoiceScarf|RoughSkin|RockSlide,DragonClaw,Earthquake,StompingTantrum|Adamant||F|||50|]Incineroar||SitrusBerry|Intimidate|FlareBlitz,FakeOut,DarkestLariat,PartingShot|Impish||M|||50|]Venusaur||LifeOrb|Chlorophyll|SludgeBomb,LeafStorm,EarthPower,Protect|Modest||M|||50|]Toxapex||Leftovers|Regenerator|Infestation,Toxic,WideGuard,BanefulBunker|Bold||F|||50|]Sylveon||FairyFeather|Pixilate|HyperVoice,QuickAttack,Yawn,Detect|Modest||F|||50|
|showteam|p2|Gengar||Gengarite|CursedBody|ShadowBall,Disable,PerishSong,Protect|Timid||M|||50|]Maushold-Four||FocusSash|FriendGuard|FollowMe,Encore,BeatUp,Protect|Jolly|||||50|]Annihilape||RoseliBerry|Defiant|RageFist,CloseCombat,Taunt,Protect|Jolly||F|||50|]Incineroar||PasshoBerry|Intimidate|PartingShot,ThroatChop,Protect,FakeOut|Sassy||M|||50|]Politoed||SitrusBerry|Drizzle|WeatherBall,Encore,PerishSong,Protect|Calm||F|||50|]Archaludon||Leftovers|Stamina|DragonPulse,FlashCannon,ElectroShot,Protect|Bold||M|||50|
|
|t:|1785607732
|teamsize|p1|4
|teamsize|p2|4
|start
|switch|p1a: Incineroar|Incineroar, L50, M|100/100
|switch|p1b: Garchomp|Garchomp, L50, F|100/100
|switch|p2a: Gengar|Gengar, L50, M, shiny|100/100
|switch|p2b: Incineroar|Incineroar, L50, M|100/100
|-ability|p1a: Incineroar|Intimidate|boost
|-unboost|p2a: Gengar|atk|1
|-unboost|p2b: Incineroar|atk|1
|-ability|p2b: Incineroar|Intimidate|boost
|-unboost|p1a: Incineroar|atk|1
|-unboost|p1b: Garchomp|atk|1
|turn|1
|inactive|Battle timer is ON: inactive players will automatically lose when time's up. (requested by AbadanRiyi92)
|inactive|AbadanRiyi92 has 60 seconds left.
|
|t:|1785607770
|detailschange|p2a: Gengar|Gengar-Mega, L50, M, shiny
|-mega|p2a: Gengar|Gengar|Gengarite
|move|p1a: Incineroar|Fake Out|p2b: Incineroar
|-damage|p2b: Incineroar|93/100
|cant|p2b: Incineroar|flinch
|move|p1b: Garchomp|Stomping Tantrum|p2a: Gengar
|-supereffective|p2a: Gengar|1
|-damage|p2a: Gengar|27/100
|move|p2a: Gengar|Perish Song|p2a: Gengar
|-start|p1a: Incineroar|perish3|[silent]
|-start|p1b: Garchomp|perish3|[silent]
|-start|p2a: Gengar|perish3|[silent]
|-start|p2b: Incineroar|perish3|[silent]
|-fieldactivate|move: Perish Song
|
|-start|p1b: Garchomp|perish3
|-start|p2a: Gengar|perish3
|-start|p1a: Incineroar|perish3
|-start|p2b: Incineroar|perish3
|upkeep
|turn|2
|inactive|daviisiiitoo has 30 seconds left.
|
|t:|1785607796
|move|p2a: Gengar|Protect|p2a: Gengar
|-singleturn|p2a: Gengar|Protect
|move|p2b: Incineroar|Protect|p2b: Incineroar
|-singleturn|p2b: Incineroar|Protect
|move|p1b: Garchomp|Stomping Tantrum|p2b: Incineroar
|-activate|p2b: Incineroar|move: Protect
|move|p1a: Incineroar|Darkest Lariat|p2a: Gengar
|-activate|p2a: Gengar|move: Protect
|
|-start|p1b: Garchomp|perish2
|-start|p2a: Gengar|perish2
|-start|p1a: Incineroar|perish2
|-start|p2b: Incineroar|perish2
|upkeep
|turn|3
|inactive|daviisiiitoo has 30 seconds left.
|
|t:|1785607822
|switch|p2a: Archaludon|Archaludon, L50, M|100/100
|move|p1b: Garchomp|Stomping Tantrum|p2b: Incineroar
|-supereffective|p2b: Incineroar|1
|-damage|p2b: Incineroar|46/100
|move|p1a: Incineroar|Parting Shot|p2b: Incineroar
|-unboost|p2b: Incineroar|atk|1
|-unboost|p2b: Incineroar|spa|1
|
|t:|1785607836
|switch|p1a: Charizard|Charizard, L50, M|100/100|[from] Parting Shot
|move|p2b: Incineroar|Parting Shot|p1b: Garchomp
|-unboost|p1b: Garchomp|atk|1
|-unboost|p1b: Garchomp|spa|1
|
|t:|1785607842
|switch|p2b: Gengar|Gengar-Mega, L50, M, shiny|27/100|[from] Parting Shot
|
|-start|p1b: Garchomp|perish1
|upkeep
|turn|4
|
|t:|1785607862
|move|p2b: Gengar|Protect|p2b: Gengar
|-singleturn|p2b: Gengar|Protect
|move|p2a: Archaludon|Protect|p2a: Archaludon
|-singleturn|p2a: Archaludon|Protect
|move|p1b: Garchomp|Stomping Tantrum|p2a: Archaludon
|-activate|p2a: Archaludon|move: Protect
|move|p1a: Charizard|Heat Wave|p2b: Gengar|[spread] 
|-activate|p2a: Archaludon|move: Protect
|-activate|p2b: Gengar|move: Protect
|
|-start|p1b: Garchomp|perish0
|faint|p1b: Garchomp
|upkeep
|
|t:|1785607873
|switch|p1b: Venusaur|Venusaur, L50, M|100/100
|turn|5
|inactive|daviisiiitoo has 30 seconds left.
|inactive|AbadanRiyi92 has 30 seconds left.
|inactive|AbadanRiyi92 has 20 seconds left.
|
|t:|1785607912
|switch|p2b: Incineroar|Incineroar, L50, M|46/100
|-ability|p2b: Incineroar|Intimidate|boost
|-unboost|p1a: Charizard|atk|1
|-unboost|p1b: Venusaur|atk|1
|switch|p2a: Politoed|Politoed, L50, F, shiny|100/100
|-weather|RainDance|[from] ability: Drizzle|[of] p2a: Politoed
|detailschange|p1a: Charizard|Charizard-Mega-Y, L50, M
|-mega|p1a: Charizard|Charizard|Charizardite Y
|-weather|SunnyDay|[from] ability: Drought|[of] p1a: Charizard
|move|p1b: Venusaur|Earth Power|p2b: Incineroar
|-supereffective|p2b: Incineroar|1
|-damage|p2b: Incineroar|0 fnt
|faint|p2b: Incineroar
|-damage|p1b: Venusaur|90/100|[from] item: Life Orb
|move|p1a: Charizard|Weather Ball|p2a: Politoed
|-resisted|p2a: Politoed|1
|-damage|p2a: Politoed|64/100
|
|-weather|SunnyDay|[upkeep]
|upkeep
|
|t:|1785607934
|switch|p2b: Gengar|Gengar-Mega, L50, M, shiny|27/100
|turn|6
|
|t:|1785607951
|move|p2b: Gengar|Protect|p2b: Gengar
|-singleturn|p2b: Gengar|Protect
|move|p1b: Venusaur|Earth Power|p2a: Politoed
|-damage|p2a: Politoed|38/100
|-enditem|p2a: Politoed|Sitrus Berry|[eat]
|-heal|p2a: Politoed|63/100|[from] item: Sitrus Berry
|-damage|p1b: Venusaur|80/100|[from] item: Life Orb
|move|p1a: Charizard|Weather Ball|p2a: Politoed
|-resisted|p2a: Politoed|1
|-damage|p2a: Politoed|29/100
|move|p2a: Politoed|Perish Song|p2a: Politoed
|-start|p1a: Charizard|perish3|[silent]
|-start|p1b: Venusaur|perish3|[silent]
|-start|p2a: Politoed|perish3|[silent]
|-start|p2b: Gengar|perish3|[silent]
|-fieldactivate|move: Perish Song
|
|-weather|SunnyDay|[upkeep]
|-start|p1b: Venusaur|perish3
|-start|p2b: Gengar|perish3
|-start|p1a: Charizard|perish3
|-start|p2a: Politoed|perish3
|upkeep
|turn|7
|inactive|daviisiiitoo has 30 seconds left.
|inactive|AbadanRiyi92 has 30 seconds left.
|inactive|daviisiiitoo has 20 seconds left.
|inactive|AbadanRiyi92 has 20 seconds left.
|inactive|daviisiiitoo has 15 seconds left.
|inactive|AbadanRiyi92 has 15 seconds left.
|
|t:|1785607996
|switch|p2a: Archaludon|Archaludon, L50, M|100/100
|move|p1b: Venusaur|Protect|p1b: Venusaur
|-singleturn|p1b: Venusaur|Protect
|move|p2b: Gengar|Protect||[still]
|-fail|p2b: Gengar
|move|p1a: Charizard|Protect||[still]
|-fail|p1a: Charizard
|
|-weather|SunnyDay|[upkeep]
|-start|p1b: Venusaur|perish2
|-start|p2b: Gengar|perish2
|-start|p1a: Charizard|perish2
|upkeep
|turn|8
|inactive|AbadanRiyi92 has 30 seconds left.
|
|t:|1785608022
|switch|p2b: Politoed|Politoed, L50, F, shiny|29/100
|-weather|RainDance|[from] ability: Drizzle|[of] p2b: Politoed
|move|p1a: Charizard|Weather Ball|p2a: Archaludon
|-resisted|p2a: Archaludon|1
|-damage|p2a: Archaludon|72/100
|-ability|p2a: Archaludon|Stamina|boost
|-boost|p2a: Archaludon|def|1
|move|p1b: Venusaur|Earth Power|p2a: Archaludon
|-supereffective|p2a: Archaludon|1
|-damage|p2a: Archaludon|6/100
|-ability|p2a: Archaludon|Stamina|boost
|-boost|p2a: Archaludon|def|1
|-damage|p1b: Venusaur|71/100|[from] item: Life Orb
|move|p2a: Archaludon|Electro Shot||[still]
|-prepare|p2a: Archaludon|Electro Shot
|-boost|p2a: Archaludon|spa|1
|-anim|p2a: Archaludon|Electro Shot|p1a: Charizard
|-supereffective|p1a: Charizard|1
|-damage|p1a: Charizard|0 fnt
|faint|p1a: Charizard
|
|-weather|RainDance|[upkeep]
|-heal|p2a: Archaludon|12/100|[from] item: Leftovers
|-start|p1b: Venusaur|perish1
|upkeep
|
|t:|1785608025
|switch|p1a: Incineroar|Incineroar, L50, M|100/100
|-ability|p1a: Incineroar|Intimidate|boost
|-unboost|p2a: Archaludon|atk|1
|-unboost|p2b: Politoed|atk|1
|turn|9
|inactive|daviisiiitoo has 30 seconds left.
|inactive|daviisiiitoo has 20 seconds left.
|
|t:|1785608061
|move|p2a: Archaludon|Protect|p2a: Archaludon
|-singleturn|p2a: Archaludon|Protect
|move|p2b: Politoed|Protect|p2b: Politoed
|-singleturn|p2b: Politoed|Protect
|move|p1a: Incineroar|Fake Out|p2a: Archaludon
|-activate|p2a: Archaludon|move: Protect
|move|p1b: Venusaur|Earth Power|p2b: Politoed
|-activate|p2b: Politoed|move: Protect
|
|-weather|RainDance|[upkeep]
|-heal|p2a: Archaludon|18/100|[from] item: Leftovers
|-start|p1b: Venusaur|perish0
|faint|p1b: Venusaur
|upkeep
|turn|10
|-message|daviisiiitoo forfeited.
|
|win|AbadanRiyi92
|l|☆daviisiiitoo
|player|p1|
|raw|daviisiiitoo's rating: 1168 → 1147(-21 for losing)
|raw|AbadanRiyi92's rating: 1228 → 1249(+21 for winning)
