|j|☆superandry
|j|☆jumplufffan123
|html|superandryjumplufffan123    
|uhtml|bestof|Game 1 of a best-of-3
|t:|1756286509
|gametype|doubles
|player|p1|superandry|palmer|1045
|player|p2|jumplufffan123|cheryl|1147
|gen|9
|tier|[Gen 9] VGC 2025 Reg H (Bo3)
|rated|
|rule|Species Clause: Limit one of each Pokémon
|rule|Item Clause: Limit 1 of each item
|clearpoke
|poke|p1|Weezing, L50, M|
|poke|p1|Incineroar, L50, M|
|poke|p1|Dragonite, L50, M|
|poke|p1|Ursaluna-Bloodmoon, L50, M|
|poke|p1|Annihilape, L50, F|
|poke|p1|Dragapult, L50, M|
|poke|p2|Charizard, L50, F|
|poke|p2|Torkoal, L50, M|
|poke|p2|Porygon2, L50|
|poke|p2|Incineroar, L50, M|
|poke|p2|Jumpluff, L50, M|
|poke|p2|Ursaluna, L50, M|
|teampreview|4
|showteam|p1|Weezing||SitrusBerry|NeutralizingGas|GunkShot,WillOWisp,Taunt,Protect|||M|||50|,,,,,Water]Incineroar||AbilityShield|Intimidate|FakeOut,FlareBlitz,KnockOff,PartingShot|||M|||50|,,,,,Ghost]Dragonite||LoadedDice|Multiscale|ScaleShot,ExtremeSpeed,Tailwind,Protect|||M|||50|,,,,,Steel]Ursaluna-Bloodmoon||AssaultVest|MindsEye|HyperVoice,BloodMoon,EarthPower,VacuumWave|||M|||50|,,,,,Normal]Annihilape||SafetyGoggles|Defiant|CloseCombat,FinalGambit,RageFist,Protect|||F|||50|,,,,,Stellar]Dragapult||ChoiceSpecs|ClearBody|DracoMeteor,ShadowBall,Flamethrower,DragonDarts|||M|||50|,,,,,Stellar
|showteam|p2|Charizard||ChoiceSpecs|SolarPower|HeatWave,Overheat,WeatherBall,AirSlash|||F|||50|,,,,,Ghost]Torkoal||EjectPack|Drought|Eruption,Overheat,HelpingHand,Protect|||M|||50|,,,,,Fire]Porygon2||Eviolite|Download|TeraBlast,IceBeam,Recover,TrickRoom||||||50|,,,,,Fighting]Incineroar||SitrusBerry|Intimidate|FlareBlitz,KnockOff,FakeOut,PartingShot|||M|||50|,,,,,Ghost]Jumpluff||CovertCloak|Chlorophyll|SleepPowder,SunnyDay,RagePowder,Tailwind|||M|||50|,,,,,Water]Ursaluna||FlameOrb|Guts|HeadlongRush,Facade,Earthquake,Protect|||M|||50|,,,,,Ghost
|inactive|Battle timer is ON: inactive players will automatically lose when time's up. (requested by jumplufffan123)
|inactive|superandry also wants the timer to be on.
|
|t:|1756286534
|teamsize|p1|4
|teamsize|p2|4
|start
|switch|p1a: Weezing|Weezing, L50, M|100/100
|switch|p1b: Dragapult|Dragapult, L50, M, shiny|100/100
|switch|p2a: Charizard|Charizard, L50, F|100/100
|switch|p2b: Porygon2|Porygon2, L50|100/100
|-ability|p1a: Weezing|Neutralizing Gas
|turn|1
|
|t:|1756286548
|switch|p2a: Torkoal|Torkoal, L50, M|100/100
|-terastallize|p1b: Dragapult|Stellar
|move|p1b: Dragapult|Draco Meteor|p2a: Torkoal
|-damage|p2a: Torkoal|0 fnt
|-unboost|p1b: Dragapult|spa|2
|faint|p2a: Torkoal
|move|p2b: Porygon2|Ice Beam|p1b: Dragapult
|-supereffective|p1b: Dragapult
|-damage|p1b: Dragapult|24/100
|-status|p1b: Dragapult|frz
|move|p1a: Weezing|Taunt|p2b: Porygon2
|-start|p2b: Porygon2|move: Taunt
|
|upkeep
|
|t:|1756286558
|switch|p2a: Ursaluna|Ursaluna, L50, M|100/100
|turn|2
|
|t:|1756286572
|move|p1a: Weezing|Protect|p1a: Weezing
|-singleturn|p1a: Weezing|Protect
|cant|p1b: Dragapult|frz
|move|p2a: Ursaluna|Earthquake|p1b: Dragapult|[spread] p2b,p1b
|-activate|p1a: Weezing|move: Protect
|-damage|p2b: Porygon2|70/100
|-damage|p1b: Dragapult|0 fnt
|faint|p1b: Dragapult
|move|p2b: Porygon2|Tera Blast|p1a: Weezing
|-activate|p1a: Weezing|move: Protect
|
|-status|p2a: Ursaluna|brn|[from] item: Flame Orb
|upkeep
|
|t:|1756286587
|switch|p1b: Incineroar|Incineroar, L50, M|100/100
|-ability|p1b: Incineroar|Intimidate|boost
|-unboost|p2a: Ursaluna|atk|1
|-unboost|p2b: Porygon2|atk|1
|turn|3
|
|t:|1756286595
|switch|p2a: Charizard|Charizard, L50, F|100/100
|move|p1b: Incineroar|Knock Off|p2b: Porygon2
|-damage|p2b: Porygon2|42/100
|-enditem|p2b: Porygon2|Eviolite|[from] move: Knock Off|[of] p1b: Incineroar
|move|p2b: Porygon2|Tera Blast|p1a: Weezing
|-damage|p1a: Weezing|62/100
|move|p1a: Weezing|Gunk Shot|p2b: Porygon2|[miss]
|-miss|p1a: Weezing|p2b: Porygon2
|
|upkeep
|turn|4
|inactive|superandry has 30 seconds left.
|
|t:|1756286620
|-terastallize|p2b: Porygon2|Fighting
|move|p2a: Charizard|Overheat|p1a: Weezing
|-damage|p1a: Weezing|0 fnt
|-unboost|p2a: Charizard|spa|2
|faint|p1a: Weezing
|-end|p1a: Weezing|ability: Neutralizing Gas
|-ability|p2b: Porygon2|Download|boost
|-boost|p2b: Porygon2|atk|1
|move|p1b: Incineroar|Flare Blitz|p2b: Porygon2
|-damage|p2b: Porygon2|0 fnt
|faint|p2b: Porygon2
|-damage|p1b: Incineroar|88/100|[from] Recoil
|
|upkeep
|
|t:|1756286632
|switch|p1a: Ursaluna|Ursaluna-Bloodmoon, L50, M|100/100
|switch|p2b: Ursaluna|Ursaluna, L50, M|100/100 brn
|turn|5
|
|t:|1756286647
|move|p2a: Charizard|Overheat|p1a: Ursaluna
|-damage|p1a: Ursaluna|70/100
|-unboost|p2a: Charizard|spa|2
|move|p1b: Incineroar|Parting Shot|p2b: Ursaluna
|-unboost|p2b: Ursaluna|atk|1
|-unboost|p2b: Ursaluna|spa|1
|move|p2b: Ursaluna|Earthquake|p1a: Ursaluna|[spread] p1a,p1b
|-immune|p2a: Charizard
|-supereffective|p1b: Incineroar
|-damage|p1a: Ursaluna|35/100
|-damage|p1b: Incineroar|12/100
|move|p1a: Ursaluna|Blood Moon|p2b: Ursaluna
|-damage|p2b: Ursaluna|22/100 brn
|
|-damage|p2b: Ursaluna|16/100 brn|[from] brn
|upkeep
|turn|6
|inactive|superandry has 30 seconds left.
|
|t:|1756286673
|move|p2a: Charizard|Overheat|p1a: Ursaluna
|-damage|p1a: Ursaluna|15/100
|-unboost|p2a: Charizard|spa|2
|move|p1b: Incineroar|Knock Off|p2b: Ursaluna
|-damage|p2b: Ursaluna|0 fnt
|-enditem|p2b: Ursaluna|Flame Orb|[from] move: Knock Off|[of] p1b: Incineroar
|faint|p2b: Ursaluna
|move|p1a: Ursaluna|Hyper Voice|p2a: Charizard
|-damage|p2a: Charizard|33/100
|
|upkeep
|turn|7
|
|t:|1756286689
|move|p2a: Charizard|Overheat|p1a: Ursaluna
|-damage|p1a: Ursaluna|0 fnt
|faint|p1a: Ursaluna
|move|p1b: Incineroar|Knock Off|p2a: Charizard
|-damage|p2a: Charizard|0 fnt
|-enditem|p2a: Charizard|Choice Specs|[from] move: Knock Off|[of] p1b: Incineroar
|faint|p2a: Charizard
|
|win|superandry
||jumplufffan123 is ready for game 2.
||superandry is ready for game 2.
|uhtml|next|Next: Game 2 of 3
|l|☆jumplufffan123
|player|p2|
