|j|☆PJO_Merchant
|j|☆FerKillerVGC
|html|PJO_MerchantFerKillerVGC    
|uhtml|bestof|Game 1 of a best-of-3
|t:|1782262699
|gametype|doubles
|player|p1|PJO_Merchant|flannery|1054
|player|p2|FerKillerVGC|169|1058
|gen|9
|tier|[Gen 9 Champions] VGC 2026 Reg M-B (Bo3)
|rated|
|rule|Species Clause: Limit one of each Pokémon
|rule|Item Clause: Limit 1 of each item
|clearpoke
|poke|p1|Gallade, L50, M|
|poke|p1|Whimsicott, L50, F, shiny|
|poke|p1|Incineroar, L50, F, shiny|
|poke|p1|Archaludon, L50, F|
|poke|p1|Basculegion, L50, M|
|poke|p1|Sinistcha, L50|
|poke|p2|Starmie, L50|
|poke|p2|Sneasler, L50, F|
|poke|p2|Farigiraf, L50, M|
|poke|p2|Incineroar, L50, F|
|poke|p2|Archaludon, L50, M|
|poke|p2|Pelipper, L50, F|
|teampreview|4
|showteam|p1|Gallade||Galladite|Justified|CloseCombat,TripleAxel,WideGuard,Protect|Jolly||M|||50|]Whimsicott||FocusSash|Prankster|Moonblast,Protect,Encore,LeechSeed|Bold||F|||50|]Incineroar||SitrusBerry|Intimidate|FlareBlitz,PartingShot,DarkestLariat,FakeOut|Serious||F|||50|]Archaludon||WhiteHerb|Stalwart|DracoMeteor,ElectroShot,FlashCannon,Protect|Serious||F|||50|]Basculegion||ChoiceScarf|Adaptability|WaveCrash,LastRespects,AquaJet,FlipTurn|Serious||M|||50|]Sinistcha||Leftovers|Hospitality|MatchaGotcha,RagePowder,StrengthSap,Protect|Serious|||||50|
|showteam|p2|Starmie||Starminite|Illuminate|Liquidation,PsychoCut,IceBeam,Protect|Lonely|||||50|]Sneasler||WhiteHerb|Unburden|FakeOut,CloseCombat,DireClaw,Coaching|Jolly||F|||50|]Farigiraf||SitrusBerry|ArmorTail|TwinBeam,HyperVoice,TrickRoom,Protect|Relaxed||M|||50|]Incineroar||Charcoal|Intimidate|FlareBlitz,ThroatChop,PartingShot,FakeOut|Adamant||F|||50|]Archaludon||Leftovers|Stamina|FlashCannon,DragonPulse,ElectroShot,Protect|Timid||M|||50|]Pelipper||FocusSash|Drizzle|WeatherBall,Hurricane,Tailwind,Protect|Timid||F|||50|
|inactive|Battle timer is ON: inactive players will automatically lose when time's up. (requested by PJO_Merchant)
|inactive|FerKillerVGC has 60 seconds left.
|
|t:|1782262736
|teamsize|p1|4
|teamsize|p2|4
|start
|switch|p1a: Whimsicott|Whimsicott, L50, F, shiny|100/100
|switch|p1b: Incineroar|Incineroar, L50, F, shiny|100/100
|switch|p2a: Starmie|Starmie, L50|100/100
|switch|p2b: Pelipper|Pelipper, L50, F|100/100
|-weather|RainDance|[from] ability: Drizzle|[of] p2b: Pelipper
|-ability|p1b: Incineroar|Intimidate|boost
|-unboost|p2a: Starmie|atk|1
|-unboost|p2b: Pelipper|atk|1
|turn|1
|inactive|PJO_Merchant has 30 seconds left.
|inactive|FerKillerVGC has 30 seconds left.
|inactive|PJO_Merchant has 20 seconds left.
|inactive|PJO_Merchant has 15 seconds left.
|inactive|FerKillerVGC has 20 seconds left.
|
|t:|1782262779
|detailschange|p2a: Starmie|Starmie-Mega, L50
|-mega|p2a: Starmie|Starmie|Starminite
|move|p2a: Starmie|Liquidation|p1b: Incineroar
|-supereffective|p1b: Incineroar|1
|-damage|p1b: Incineroar|0 fnt
|faint|p1b: Incineroar
|move|p1a: Whimsicott|Moonblast|p2a: Starmie
|-damage|p2a: Starmie|64/100
|move|p2b: Pelipper|Weather Ball|p1a: Whimsicott
|-resisted|p1a: Whimsicott|1
|-damage|p1a: Whimsicott|54/100
|
|-weather|RainDance|[upkeep]
|upkeep
|
|t:|1782262792
|switch|p1b: Sinistcha|Sinistcha, L50|100/100
|-heal|p1a: Whimsicott|79/100|[from] ability: Hospitality|[of] p1b: Sinistcha
|turn|2
|
|t:|1782262813
|move|p1a: Whimsicott|Encore|p2a: Starmie
|-start|p2a: Starmie|Encore
|move|p2a: Starmie|Liquidation|p1b: Sinistcha
|-resisted|p1b: Sinistcha|1
|-damage|p1b: Sinistcha|58/100
|move|p2b: Pelipper|Hurricane|p1a: Whimsicott
|-supereffective|p1a: Whimsicott|1
|-damage|p1a: Whimsicott|0 fnt
|faint|p1a: Whimsicott
|move|p1b: Sinistcha|Matcha Gotcha|p2b: Pelipper|[spread] p2a,p2b
|-supereffective|p2a: Starmie|1
|-damage|p2a: Starmie|6/100
|-heal|p1b: Sinistcha|80/100|[from] drain|[of] p2a: Starmie
|-damage|p2b: Pelipper|54/100
|-heal|p1b: Sinistcha|98/100|[from] drain|[of] p2b: Pelipper
|-status|p2b: Pelipper|brn
|
|-weather|RainDance|[upkeep]
|-heal|p1b: Sinistcha|100/100|[from] item: Leftovers
|-damage|p2b: Pelipper|48/100 brn|[from] brn
|upkeep
|
|t:|1782262829
|switch|p1a: Basculegion|Basculegion, L50, M|100/100
|turn|3
|
|t:|1782262845
|move|p1b: Sinistcha|Protect|p1b: Sinistcha
|-singleturn|p1b: Sinistcha|Protect
|move|p1a: Basculegion|Last Respects|p2b: Pelipper
|-damage|p2b: Pelipper|0 fnt
|faint|p2b: Pelipper
|move|p2a: Starmie|Liquidation|p1a: Basculegion
|-resisted|p1a: Basculegion|1
|-damage|p1a: Basculegion|45/100
|
|-weather|RainDance|[upkeep]
|upkeep
|inactive|FerKillerVGC has 30 seconds left.
|
|t:|1782262872
|switch|p2b: Sneasler|Sneasler, L50, F|100/100
|turn|4
|
|t:|1782262882
|move|p1a: Basculegion|Last Respects|p2b: Sneasler
|-damage|p2b: Sneasler|0 fnt
|faint|p2b: Sneasler
|move|p2a: Starmie|Liquidation|p1a: Basculegion
|-resisted|p1a: Basculegion|1
|-damage|p1a: Basculegion|0 fnt
|faint|p1a: Basculegion
|move|p1b: Sinistcha|Strength Sap|p2a: Starmie
|-unboost|p2a: Starmie|atk|1
|
|-weather|RainDance|[upkeep]
|-end|p2a: Starmie|Encore
|upkeep
|
|t:|1782262890
|switch|p2b: Archaludon|Archaludon, L50, M|100/100
|turn|5
|
|t:|1782262898
|move|p2a: Starmie|Ice Beam|p1b: Sinistcha
|-supereffective|p1b: Sinistcha|1
|-damage|p1b: Sinistcha|52/100
|move|p2b: Archaludon|Dragon Pulse|p1b: Sinistcha
|-damage|p1b: Sinistcha|15/100
|move|p1b: Sinistcha|Matcha Gotcha|p2b: Archaludon|[spread] p2a,p2b
|-supereffective|p2a: Starmie|1
|-resisted|p2b: Archaludon|2
|-damage|p2a: Starmie|0 fnt
|-heal|p1b: Sinistcha|18/100|[from] drain|[of] p2a: Starmie
|-damage|p2b: Archaludon|90/100
|-heal|p1b: Sinistcha|23/100|[from] drain|[of] p2b: Archaludon
|-ability|p2b: Archaludon|Stamina|boost
|-boost|p2b: Archaludon|def|1
|faint|p2a: Starmie
|
|-weather|none
|-heal|p2b: Archaludon|96/100|[from] item: Leftovers
|-heal|p1b: Sinistcha|29/100|[from] item: Leftovers
|upkeep
|turn|6
|
|t:|1782262916
|move|p1b: Sinistcha|Protect|p1b: Sinistcha
|-singleturn|p1b: Sinistcha|Protect
|move|p2b: Archaludon|Dragon Pulse|p1b: Sinistcha
|-activate|p1b: Sinistcha|move: Protect
|
|-heal|p2b: Archaludon|100/100|[from] item: Leftovers
|-heal|p1b: Sinistcha|35/100|[from] item: Leftovers
|upkeep
|turn|7
|-message|PJO_Merchant forfeited.
|
|win|FerKillerVGC
|l|☆PJO_Merchant
|player|p1|
||PJO_Merchant is ready for game 2.
||FerKillerVGC is ready for game 2.
|uhtml|next|Next: Game 2 of 3
