|j|☆The doctor wins
|j|☆MH14
|html|The doctor winsMH14    
|uhtml|bestof|Game 2 of a best-of-3
|t:|1757910658
|gametype|doubles
|player|p1|The doctor wins|101|1089
|player|p2|MH14|cheren|1096
|gen|9
|tier|[Gen 9] VGC 2025 Reg H (Bo3)
|rated|
|rule|Species Clause: Limit one of each Pokémon
|rule|Item Clause: Limit 1 of each item
|clearpoke
|poke|p1|Raichu, L50, F|
|poke|p1|Volcarona, L50, F|
|poke|p1|Milotic, L50, M|
|poke|p1|Baxcalibur, L50, M|
|poke|p1|Rillaboom, L50, M|
|poke|p1|Ursaluna-Bloodmoon, L50, M|
|poke|p2|Typhlosion-Hisui, L50, F|
|poke|p2|Dragonite, L50, M|
|poke|p2|Ursaluna, L50, M|
|poke|p2|Bronzong, L50|
|poke|p2|Murkrow, L50, M|
|poke|p2|Snorlax, L50, M|
|teampreview|4
|showteam|p1|Raichu||FocusSash|LightningRod|FakeOut,Nuzzle,VoltSwitch,EerieImpulse|||F|||50|,,,,,Ghost]Volcarona||Leftovers|FlameBody|QuiverDance,GigaDrain,FieryDance,Protect|||F|||50|,,,,,Grass]Milotic||RockyHelmet|Competitive|Scald,IceBeam,LifeDew,Protect|||M|||50|,,,,,Grass]Baxcalibur||LoadedDice|ThermalExchange|IcicleSpear,GlaiveRush,DragonDance,Protect|||M|||50|,,,,,Fairy]Rillaboom||AssaultVest|GrassySurge|FakeOut,WoodHammer,GrassyGlide,Uturn|||M|||50|,,,,,Grass]Ursaluna-Bloodmoon||LifeOrb|MindsEye|BloodMoon,HyperVoice,EarthPower,Protect|||M|||50|,,,,,Normal
|showteam|p2|Typhlosion-Hisui||ChoiceSpecs|Blaze|Eruption,LavaPlume,Flamethrower,ShadowBall|||F|||50|,,,,,Fire]Dragonite||AssaultVest|InnerFocus|TeraBlast,ExtremeSpeed,IceSpinner,LowKick|||M|||50|,,,,,Flying]Ursaluna||FlameOrb|Guts|HeadlongRush,Earthquake,Facade,Protect|||M|||50|,,,,,Ghost]Bronzong||SitrusBerry|Levitate|HeavySlam,TrickRoom,BodyPress,Protect||||||50|,,,,,Fighting]Murkrow||Eviolite|Prankster|FoulPlay,Tailwind,SunnyDay,Haze|||M|||50|,,,,,Ghost]Snorlax||Leftovers|ThickFat|BodySlam,Yawn,HelpingHand,Protect|||M|||50|,,,,,Fairy
|inactive|Battle timer is ON: inactive players will automatically lose when time's up. (requested by The doctor wins)
|inactive|MH14 has 60 seconds left.
|inactive|MH14 has 30 seconds left.
|inactive|MH14 has 20 seconds left.
|inactive|MH14 has 15 seconds left.
|inactive|MH14 has 10 seconds left.
|inactive|MH14 has 5 seconds left.
|
|t:|1757910744
|teamsize|p1|4
|teamsize|p2|4
|start
|switch|p1a: Raichu|Raichu, L50, F|100/100
|switch|p1b: Milotic|Milotic, L50, M|100/100
|switch|p2a: Bronzong|Bronzong, L50|100/100
|switch|p2b: Murkrow|Murkrow, L50, M|100/100
|turn|1
|inactive|MH14 has 30 seconds left.
|
|t:|1757910777
|move|p1a: Raichu|Fake Out|p2a: Bronzong
|-resisted|p2a: Bronzong
|-damage|p2a: Bronzong|97/100
|move|p2b: Murkrow|Foul Play|p1a: Raichu
|-damage|p1a: Raichu|45/100
|move|p1b: Milotic|Ice Beam|p2b: Murkrow
|-supereffective|p2b: Murkrow
|-damage|p2b: Murkrow|51/100
|cant|p2a: Bronzong|flinch
|
|upkeep
|turn|2
|
|t:|1757910791
|move|p2b: Murkrow|Tailwind|p2b: Murkrow
|-sidestart|p2: MH14|move: Tailwind
|move|p1a: Raichu|Volt Switch|p2b: Murkrow
|-supereffective|p2b: Murkrow
|-damage|p2b: Murkrow|0 fnt
|faint|p2b: Murkrow
|
|t:|1757910799
|switch|p1a: Ursaluna|Ursaluna-Bloodmoon, L50, M|100/100|[from] Volt Switch
|move|p1b: Milotic|Scald|p2a: Bronzong
|-damage|p2a: Bronzong|67/100
|-status|p2a: Bronzong|brn
|move|p2a: Bronzong|Heavy Slam|p1a: Ursaluna
|-damage|p1a: Ursaluna|96/100
|
|-damage|p2a: Bronzong|60/100 brn|[from] brn
|upkeep
|
|t:|1757910812
|switch|p2b: Dragonite|Dragonite, L50, M|100/100
|turn|3
|
|t:|1757910828
|-terastallize|p2b: Dragonite|Flying
|move|p2b: Dragonite|Tera Blast|p1b: Milotic|[anim] Tera Blast Flying
|-damage|p1b: Milotic|39/100
|move|p1b: Milotic|Ice Beam|p2b: Dragonite
|-supereffective|p2b: Dragonite
|-damage|p2b: Dragonite|63/100
|move|p2a: Bronzong|Body Press|p1a: Ursaluna
|-supereffective|p1a: Ursaluna
|-damage|p1a: Ursaluna|79/100
|move|p1a: Ursaluna|Hyper Voice|p2b: Dragonite|[spread] p2a,p2b
|-resisted|p2a: Bronzong
|-damage|p2a: Bronzong|41/100 brn
|-damage|p2b: Dragonite|27/100
|-enditem|p2a: Bronzong|Sitrus Berry|[eat]
|-heal|p2a: Bronzong|66/100 brn|[from] item: Sitrus Berry
|-damage|p1a: Ursaluna|69/100|[from] item: Life Orb
|
|-damage|p2a: Bronzong|60/100 brn|[from] brn
|upkeep
|turn|4
|
|t:|1757910850
|move|p2b: Dragonite|Tera Blast|p1b: Milotic|[anim] Tera Blast Flying
|-damage|p1b: Milotic|0 fnt
|faint|p1b: Milotic
|move|p2a: Bronzong|Body Press|p1a: Ursaluna
|-supereffective|p1a: Ursaluna
|-damage|p1a: Ursaluna|50/100
|move|p1a: Ursaluna|Hyper Voice|p2b: Dragonite|[spread] p2a,p2b
|-resisted|p2a: Bronzong
|-damage|p2a: Bronzong|40/100 brn
|-damage|p2b: Dragonite|0 fnt
|faint|p2b: Dragonite
|-damage|p1a: Ursaluna|40/100|[from] item: Life Orb
|
|-damage|p2a: Bronzong|34/100 brn|[from] brn
|upkeep
|
|t:|1757910867
|switch|p2b: Typhlosion|Typhlosion-Hisui, L50, F|100/100
|switch|p1b: Volcarona|Volcarona, L50, F|100/100
|turn|5
|inactive|MH14 has 30 seconds left.
|
|t:|1757910898
|move|p1b: Volcarona|Protect|p1b: Volcarona
|-singleturn|p1b: Volcarona|Protect
|move|p2b: Typhlosion|Eruption|p1a: Ursaluna|[spread] p1a
|-activate|p1b: Volcarona|move: Protect
|-damage|p1a: Ursaluna|0 fnt
|faint|p1a: Ursaluna
|move|p2a: Bronzong|Body Press|p1b: Volcarona
|-activate|p1b: Volcarona|move: Protect
|
|-damage|p2a: Bronzong|27/100 brn|[from] brn
|-sideend|p2: MH14|move: Tailwind
|upkeep
|
|t:|1757910910
|switch|p1a: Raichu|Raichu, L50, F|45/100
|turn|6
|
|t:|1757910921
|move|p1a: Raichu|Eerie Impulse|p2b: Typhlosion
|-unboost|p2b: Typhlosion|spa|2
|move|p2b: Typhlosion|Eruption|p1b: Volcarona|[spread] p1a,p1b
|-damage|p1a: Raichu|0 fnt
|-damage|p1b: Volcarona|68/100
|faint|p1a: Raichu
|move|p1b: Volcarona|Quiver Dance|p1b: Volcarona
|-boost|p1b: Volcarona|spa|1
|-boost|p1b: Volcarona|spd|1
|-boost|p1b: Volcarona|spe|1
|move|p2a: Bronzong|Body Press|p1b: Volcarona
|-resisted|p1b: Volcarona
|-damage|p1b: Volcarona|61/100
|
|-heal|p1b: Volcarona|67/100|[from] item: Leftovers
|-damage|p2a: Bronzong|21/100 brn|[from] brn
|upkeep
|turn|7
|
|t:|1757910945
|move|p1b: Volcarona|Fiery Dance|p2b: Typhlosion
|-resisted|p2b: Typhlosion
|-damage|p2b: Typhlosion|60/100
|move|p2b: Typhlosion|Eruption|p1b: Volcarona
|-damage|p1b: Volcarona|49/100
|move|p2a: Bronzong|Trick Room|p2a: Bronzong
|-fieldstart|move: Trick Room|[of] p2a: Bronzong
|
|-heal|p1b: Volcarona|55/100|[from] item: Leftovers
|-damage|p2a: Bronzong|15/100 brn|[from] brn
|upkeep
|turn|8
|
|t:|1757910958
|move|p1b: Volcarona|Protect|p1b: Volcarona
|-singleturn|p1b: Volcarona|Protect
|move|p2a: Bronzong|Heavy Slam|p1b: Volcarona
|-activate|p1b: Volcarona|move: Protect
|move|p2b: Typhlosion|Eruption|p1b: Volcarona
|-activate|p1b: Volcarona|move: Protect
|
|-heal|p1b: Volcarona|61/100|[from] item: Leftovers
|-damage|p2a: Bronzong|9/100 brn|[from] brn
|upkeep
|turn|9
|
|t:|1757910974
|move|p2a: Bronzong|Heavy Slam|p1b: Volcarona
|-resisted|p1b: Volcarona
|-damage|p1b: Volcarona|52/100
|move|p2b: Typhlosion|Eruption|p1b: Volcarona
|-damage|p1b: Volcarona|33/100
|move|p1b: Volcarona|Fiery Dance|p2b: Typhlosion
|-resisted|p2b: Typhlosion
|-damage|p2b: Typhlosion|22/100
|-boost|p1b: Volcarona|spa|1
|
|-heal|p1b: Volcarona|39/100|[from] item: Leftovers
|-damage|p2a: Bronzong|2/100 brn|[from] brn
|upkeep
|turn|10
|inactive|MH14 has 30 seconds left.
|inactive|MH14 has 20 seconds left.
|
|t:|1757911011
|move|p1b: Volcarona|Protect|p1b: Volcarona
|-singleturn|p1b: Volcarona|Protect
|move|p2a: Bronzong|Heavy Slam|p1b: Volcarona
|-activate|p1b: Volcarona|move: Protect
|move|p2b: Typhlosion|Eruption|p1b: Volcarona
|-activate|p1b: Volcarona|move: Protect
|
|-heal|p1b: Volcarona|45/100|[from] item: Leftovers
|-damage|p2a: Bronzong|0 fnt|[from] brn
|faint|p2a: Bronzong
|upkeep
|turn|11
|inactive|The doctor wins has 30 seconds left.
|
|t:|1757911036
|move|p1b: Volcarona|Protect|p1b: Volcarona
|-singleturn|p1b: Volcarona|Protect
|move|p2b: Typhlosion|Eruption|p1b: Volcarona
|-activate|p1b: Volcarona|move: Protect
|
|-heal|p1b: Volcarona|50/100|[from] item: Leftovers
|-fieldend|move: Trick Room
|upkeep
|turn|12
|
|t:|1757911057
|move|p1b: Volcarona|Fiery Dance|p2b: Typhlosion
|-resisted|p2b: Typhlosion
|-damage|p2b: Typhlosion|0 fnt
|faint|p2b: Typhlosion
|
|win|The doctor wins
|raw|The doctor wins's rating: 1089 → 1116(+27 for winning)
|raw|MH14's rating: 1096 → 1071(-25 for losing)
|l|☆MH14
|player|p2|
|l|☆The doctor wins
|player|p1|
