|j|☆lettitripppp
|j|☆divra7
|html|lettitrippppdivra7    
|uhtml|bestof|Game 2 of a best-of-3
|t:|1785270998
|gametype|doubles
|player|p1|lettitripppp|lucas|1247
|player|p2|divra7|170|1153
|gen|9
|tier|[Gen 9 Champions] VGC 2026 Reg M-B (Bo3)
|rated|
|rule|Species Clause: Limit one of each Pokémon
|rule|Item Clause: Limit 1 of each item
|clearpoke
|poke|p1|Staraptor, L50, M|
|poke|p1|Tyranitar, L50, F|
|poke|p1|Excadrill, L50, F|
|poke|p1|Gholdengo, L50|
|poke|p1|Milotic, L50, F|
|poke|p1|Sinistcha, L50|
|poke|p2|Whimsicott, L50, M|
|poke|p2|Charizard, L50, M|
|poke|p2|Garchomp, L50, M|
|poke|p2|Basculegion, L50, M|
|poke|p2|Kingambit, L50, M|
|poke|p2|Floette-Eternal, L50, F|
|teampreview|4
|showteam|p1|Staraptor||Staraptite|Intimidate|CloseCombat,BraveBird,Tailwind,Protect|Jolly||M|||50|]Tyranitar||Tyranitarite|SandStream|RockSlide,KnockOff,LowKick,Protect|Jolly||F|||50|]Excadrill||FocusSash|SandRush|HighHorsepower,RockSlide,IronHead,Protect|Adamant||F|||50|]Gholdengo||LifeOrb|GoodasGold|MakeItRain,ShadowBall,NastyPlot,Protect|Timid|||||50|]Milotic||Leftovers|Competitive|IcyWind,Scald,Haze,Protect|Calm||F|||50|]Sinistcha||ColburBerry|Hospitality|MatchaGotcha,RagePowder,TrickRoom,Protect|Bold|||||50|
|showteam|p2|Whimsicott||FocusSash|Prankster|Moonblast,Encore,Tailwind,Protect|Timid||M|||50|]Charizard||CharizarditeY|Blaze|HeatWave,SolarBeam,WeatherBall,Protect|Modest||M|||50|]Garchomp||SitrusBerry|RoughSkin|Earthquake,DragonClaw,RockSlide,Protect|Jolly||M|||50|]Basculegion||MysticWater|Adaptability|WaveCrash,LastRespects,AquaJet,Protect|Adamant||M|||50|]Kingambit||ChopleBerry|Defiant|KowtowCleave,IronHead,SuckerPunch,LowKick|Adamant||M|||50|]Floette-Eternal||Floettite|FlowerVeil|LightofRuin,Moonblast,DazzlingGleam,Protect|Modest||F|||50|
|inactive|Battle timer is ON: inactive players will automatically lose when time's up. (requested by divra7)
|inactive|lettitripppp also wants the timer to be on.
|inactive|divra7 has 60 seconds left.
|inactive|divra7 has 30 seconds left.
|inactive|divra7 has 20 seconds left.
|inactive|divra7 has 15 seconds left.
|
|t:|1785271077
|teamsize|p1|4
|teamsize|p2|4
|start
|switch|p1a: NUMBER 1|Staraptor, L50, M|100/100
|switch|p1b: SATOROU|Gholdengo, L50|100/100
|switch|p2a: Kingambit|Kingambit, L50, M|100/100
|switch|p2b: Charizard|Charizard, L50, M|100/100
|-ability|p1a: NUMBER 1|Intimidate|boost
|-unboost|p2a: Kingambit|atk|1
|-ability|p2a: Kingambit|Defiant|boost
|-boost|p2a: Kingambit|atk|2
|-unboost|p2b: Charizard|atk|1
|turn|1
|
|t:|1785271095
|detailschange|p2b: Charizard|Charizard-Mega-Y, L50, M
|-mega|p2b: Charizard|Charizard|Charizardite Y
|-weather|SunnyDay|[from] ability: Drought|[of] p2b: Charizard
|move|p1a: NUMBER 1|Protect|p1a: NUMBER 1
|-singleturn|p1a: NUMBER 1|Protect
|move|p1b: SATOROU|Protect|p1b: SATOROU
|-singleturn|p1b: SATOROU|Protect
|move|p2a: Kingambit|Sucker Punch||[still]
|-fail|p2a: Kingambit
|move|p2b: Charizard|Weather Ball|p1a: NUMBER 1
|-activate|p1a: NUMBER 1|move: Protect
|
|-weather|SunnyDay|[upkeep]
|upkeep
|turn|2
|
|t:|1785271118
|switch|p1b: TRANITAR|Tyranitar, L50, F|100/100
|-weather|Sandstorm|[from] ability: Sand Stream|[of] p1b: TRANITAR
|detailschange|p1a: NUMBER 1|Staraptor-Mega, L50, M
|-mega|p1a: NUMBER 1|Staraptor|Staraptite
|move|p2a: Kingambit|Sucker Punch||[still]
|-fail|p2a: Kingambit
|move|p1a: NUMBER 1|Tailwind|p1a: NUMBER 1
|-sidestart|p1: lettitripppp|move: Tailwind
|move|p2b: Charizard|Weather Ball|p1a: NUMBER 1
|-damage|p1a: NUMBER 1|63/100
|
|-weather|Sandstorm|[upkeep]
|-damage|p1a: NUMBER 1|56/100|[from] Sandstorm
|-damage|p2b: Charizard|94/100|[from] Sandstorm
|upkeep
|turn|3
|
|t:|1785271141
|move|p1a: NUMBER 1|Close Combat|p2a: Kingambit
|-supereffective|p2a: Kingambit|2
|-enditem|p2a: Kingambit|Chople Berry|[eat]
|-enditem|p2a: Kingambit|Chople Berry|[weaken]
|-damage|p2a: Kingambit|18/100
|-boost|p1a: NUMBER 1|def|1
|-boost|p1a: NUMBER 1|spd|1
|move|p1b: TRANITAR|Low Kick|p2a: Kingambit
|-supereffective|p2a: Kingambit|2
|-damage|p2a: Kingambit|0 fnt
|faint|p2a: Kingambit
|move|p2b: Charizard|Weather Ball|p1a: NUMBER 1
|-damage|p1a: NUMBER 1|32/100
|
|-weather|Sandstorm|[upkeep]
|-damage|p1a: NUMBER 1|26/100|[from] Sandstorm
|-damage|p2b: Charizard|88/100|[from] Sandstorm
|upkeep
|
|t:|1785271164
|switch|p2a: Basculegion|Basculegion, L50, M|100/100
|turn|4
|
|t:|1785271172
|switch|p2b: Garchomp|Garchomp, L50, M|100/100
|move|p2a: Basculegion|Aqua Jet|p1a: NUMBER 1
|-crit|p1a: NUMBER 1
|-damage|p1a: NUMBER 1|0 fnt
|faint|p1a: NUMBER 1
|move|p1b: TRANITAR|Rock Slide|p2a: Basculegion|[spread] p2a,p2b
|-resisted|p2b: Garchomp|1
|-damage|p2a: Basculegion|63/100
|-damage|p2b: Garchomp|85/100
|
|-weather|Sandstorm|[upkeep]
|-damage|p2a: Basculegion|57/100|[from] Sandstorm
|upkeep
|
|t:|1785271179
|switch|p1a: SATOROU|Gholdengo, L50|100/100
|turn|5
|
|t:|1785271202
|move|p2a: Basculegion|Protect|p2a: Basculegion
|-singleturn|p2a: Basculegion|Protect
|move|p1a: SATOROU|Make It Rain|p2b: Garchomp|[spread] p2b
|-activate|p2a: Basculegion|move: Protect
|-damage|p2b: Garchomp|21/100
|-unboost|p1a: SATOROU|spa|2
|-enditem|p2b: Garchomp|Sitrus Berry|[eat]
|-heal|p2b: Garchomp|46/100|[from] item: Sitrus Berry
|-damage|p1a: SATOROU|90/100|[from] item: Life Orb
|move|p1b: TRANITAR|Rock Slide|p2a: Basculegion|[spread] p2b
|-activate|p2a: Basculegion|move: Protect
|-resisted|p2b: Garchomp|1
|-damage|p2b: Garchomp|33/100
|move|p2b: Garchomp|Earthquake|p1a: SATOROU|[spread] p1a,p1b
|-activate|p2a: Basculegion|move: Protect
|-supereffective|p1a: SATOROU|1
|-supereffective|p1b: TRANITAR|1
|-damage|p1a: SATOROU|5/100
|-damage|p1b: TRANITAR|31/100
|
|-weather|Sandstorm|[upkeep]
|-damage|p2a: Basculegion|51/100|[from] Sandstorm
|-sideend|p1: lettitripppp|move: Tailwind
|upkeep
|turn|6
|inactive|divra7 has 30 seconds left.
|
|t:|1785271236
|switch|p1b: RUSH-DRILL|Excadrill, L50, F|100/100
|move|p1a: SATOROU|Protect|p1a: SATOROU
|-singleturn|p1a: SATOROU|Protect
|move|p2a: Basculegion|Aqua Jet|p1a: SATOROU
|-activate|p1a: SATOROU|move: Protect
|move|p2b: Garchomp|Dragon Claw|p1b: RUSH-DRILL
|-resisted|p1b: RUSH-DRILL|1
|-damage|p1b: RUSH-DRILL|71/100
|
|-weather|none
|upkeep
|turn|7
|
|t:|1785271257
|switch|p1a: TRANITAR|Tyranitar, L50, F|31/100
|-weather|Sandstorm|[from] ability: Sand Stream|[of] p1a: TRANITAR
|move|p2a: Basculegion|Aqua Jet|p1a: TRANITAR
|-supereffective|p1a: TRANITAR|1
|-damage|p1a: TRANITAR|0 fnt
|faint|p1a: TRANITAR
|move|p1b: RUSH-DRILL|High Horsepower|p2a: Basculegion
|-damage|p2a: Basculegion|0 fnt
|faint|p2a: Basculegion
|move|p2b: Garchomp|Earthquake|p1b: RUSH-DRILL
|-supereffective|p1b: RUSH-DRILL|1
|-damage|p1b: RUSH-DRILL|0 fnt
|faint|p1b: RUSH-DRILL
|
|-weather|Sandstorm|[upkeep]
|upkeep
|
|t:|1785271270
|switch|p1b: SATOROU|Gholdengo, L50|5/100
|switch|p2a: Charizard|Charizard-Mega-Y, L50, M|88/100
|-weather|SunnyDay|[from] ability: Drought|[of] p2a: Charizard
|turn|8
|
|t:|1785271274
|move|p2b: Garchomp|Dragon Claw|p1b: SATOROU
|-resisted|p1b: SATOROU|1
|-damage|p1b: SATOROU|0 fnt
|faint|p1b: SATOROU
|
|win|divra7
||divra7 is ready for game 3.
