|j|☆Oguri_sora
|j|☆Alecat
|html|Oguri_soraAlecat    
|uhtml|bestof|Game 1 of a best-of-3
|t:|1757768820
|gametype|doubles
|player|p1|Oguri_sora|1|1159
|player|p2|Alecat|scientistf|1114
|gen|9
|tier|[Gen 9] VGC 2025 Reg H (Bo3)
|rated|
|rule|Species Clause: Limit one of each Pokémon
|rule|Item Clause: Limit 1 of each item
|clearpoke
|poke|p1|Sneasler, L50, F|
|poke|p1|Indeedee, L50, M|
|poke|p1|Excadrill, L50, F|
|poke|p1|Corviknight, L50, F|
|poke|p1|Tyranitar, L50, F|
|poke|p1|Magmar, L50, F|
|poke|p2|Sneasler, L50, M|
|poke|p2|Magmar, L50, F|
|poke|p2|Rillaboom, L50, F|
|poke|p2|Espathra, L50, F|
|poke|p2|Kingambit, L50, F|
|poke|p2|Arcanine-Hisui, L50, M|
|teampreview|4
|showteam|p1|Sneasler||WhiteHerb|Unburden|CloseCombat,DireClaw,Coaching,FakeOut|||F|||50|,,,,,Flying]Indeedee||ChoiceScarf|PsychicSurge|ExpandingForce,TeraBlast,Trick,Protect|||M|||50|,,,,,Psychic]Excadrill||FocusSash|SandRush|Earthquake,IronHead,SwordsDance,Protect|||F|||50|,,,,,Ground]Corviknight||PsychicSeed|MirrorArmor|BraveBird,PowerTrip,BulkUp,Roost|||F|||50|,,,,,Water]Tyranitar||AssaultVest|SandStream|RockSlide,KnockOff,LowKick,TeraBlast|||F|||50|,,,,,Flying]Magmar||Eviolite|VitalSpirit|HeatWave,FollowMe,HelpingHand,Protect|||F|||50|,,,,,Flying
|showteam|p2|Sneasler||FocusSash|Unburden|FakeOut,CloseCombat,DireClaw,Coaching|||M|||50|,,,,,Ghost]Magmar||Eviolite|VitalSpirit|FollowMe,HeatWave,Taunt,Protect|||F|||50|,,,,,Dragon]Rillaboom||AssaultVest|GrassySurge|FakeOut,WoodHammer,GrassyGlide,HighHorsepower|||F|||50|,,,,,Fire]Espathra||GrassySeed|SpeedBoost|StoredPower,TeraBlast,CalmMind,Protect|||F|||50|,,,,,Fighting]Kingambit||SafetyGoggles|Defiant|KowtowCleave,SuckerPunch,SwordsDance,Protect|||F|||50|,,,,,Dark]Arcanine-Hisui||LoadedDice|Intimidate|FlareBlitz,RockBlast,ExtremeSpeed,Protect|||M|||50|,,,,,Ghost
|inactive|Battle timer is ON: inactive players will automatically lose when time's up. (requested by Alecat)
|
|t:|1757768849
|teamsize|p1|4
|teamsize|p2|4
|start
|switch|p1a: Sneasler|Sneasler, L50, F, shiny|100/100
|switch|p1b: Corviknight|Corviknight, L50, F, shiny|100/100
|switch|p2a: Magmar|Magmar, L50, F|100/100
|switch|p2b: Espathra|Espathra, L50, F, shiny|100/100
|turn|1
|
|t:|1757768862
|-terastallize|p1b: Corviknight|Water
|move|p2b: Espathra|Protect|p2b: Espathra
|-singleturn|p2b: Espathra|Protect
|move|p1a: Sneasler|Fake Out|p2b: Espathra
|-activate|p2b: Espathra|move: Protect
|move|p2a: Magmar|Heat Wave|p1b: Corviknight|[spread] p1a,p1b
|-resisted|p1b: Corviknight
|-damage|p1a: Sneasler|67/100
|-damage|p1b: Corviknight|90/100
|move|p1b: Corviknight|Bulk Up|p1b: Corviknight
|-boost|p1b: Corviknight|atk|1
|-boost|p1b: Corviknight|def|1
|
|-ability|p2b: Espathra|Speed Boost|boost
|-boost|p2b: Espathra|spe|1
|upkeep
|turn|2
|inactive|Oguri_sora has 30 seconds left.
|inactive|Alecat has 30 seconds left.
|
|t:|1757768897
|switch|p1a: Tyranitar|Tyranitar, L50, F, shiny|100/100
|-weather|Sandstorm|[from] ability: Sand Stream|[of] p1a: Tyranitar
|switch|p2a: Rillaboom|Rillaboom, L50, F|100/100
|-fieldstart|move: Grassy Terrain|[from] ability: Grassy Surge|[of] p2a: Rillaboom
|-enditem|p2b: Espathra|Grassy Seed
|-boost|p2b: Espathra|def|1|[from] item: Grassy Seed
|move|p2b: Espathra|Stored Power|p1a: Tyranitar
|-immune|p1a: Tyranitar
|move|p1b: Corviknight|Bulk Up|p1b: Corviknight
|-boost|p1b: Corviknight|atk|1
|-boost|p1b: Corviknight|def|1
|
|-weather|Sandstorm|[upkeep]
|-damage|p2b: Espathra|94/100|[from] Sandstorm
|-damage|p2a: Rillaboom|95/100|[from] Sandstorm
|-damage|p1b: Corviknight|84/100|[from] Sandstorm
|-heal|p2b: Espathra|100/100|[from] Grassy Terrain
|-heal|p2a: Rillaboom|100/100|[from] Grassy Terrain
|-heal|p1b: Corviknight|90/100|[from] Grassy Terrain
|-ability|p2b: Espathra|Speed Boost|boost
|-boost|p2b: Espathra|spe|1
|upkeep
|turn|3
|
|t:|1757768918
|switch|p1a: Indeedee|Indeedee, L50, M, shiny|100/100
|-fieldstart|move: Psychic Terrain|[from] ability: Psychic Surge|[of] p1a: Indeedee
|-enditem|p1b: Corviknight|Psychic Seed
|-boost|p1b: Corviknight|spd|1|[from] item: Psychic Seed
|move|p2a: Rillaboom|Fake Out|p1a: Indeedee
|-activate|p1a: Indeedee|move: Psychic Terrain
|move|p2b: Espathra|Calm Mind|p2b: Espathra
|-boost|p2b: Espathra|spa|1
|-boost|p2b: Espathra|spd|1
|move|p1b: Corviknight|Power Trip|p2b: Espathra
|-supereffective|p2b: Espathra
|-damage|p2b: Espathra|17/100
|
|-weather|Sandstorm|[upkeep]
|-damage|p2b: Espathra|11/100|[from] Sandstorm
|-damage|p1a: Indeedee|95/100|[from] Sandstorm
|-damage|p2a: Rillaboom|95/100|[from] Sandstorm
|-damage|p1b: Corviknight|84/100|[from] Sandstorm
|-ability|p2b: Espathra|Speed Boost|boost
|-boost|p2b: Espathra|spe|1
|upkeep
|turn|4
|
|t:|1757768941
|switch|p2a: Magmar|Magmar, L50, F|100/100
|move|p2b: Espathra|Protect|p2b: Espathra
|-singleturn|p2b: Espathra|Protect
|move|p1a: Indeedee|Expanding Force|p2a: Magmar|[spread] p2a
|-activate|p2b: Espathra|move: Protect
|-damage|p2a: Magmar|59/100
|move|p1b: Corviknight|Brave Bird|p2a: Magmar
|-damage|p2a: Magmar|0 fnt
|faint|p2a: Magmar
|-damage|p1b: Corviknight|67/100|[from] Recoil
|
|-weather|Sandstorm|[upkeep]
|-damage|p2b: Espathra|5/100|[from] Sandstorm
|-damage|p1a: Indeedee|89/100|[from] Sandstorm
|-damage|p1b: Corviknight|61/100|[from] Sandstorm
|-ability|p2b: Espathra|Speed Boost|boost
|-boost|p2b: Espathra|spe|1
|upkeep
|
|t:|1757768957
|switch|p2a: Rillaboom|Rillaboom, L50, F|95/100
|-fieldstart|move: Grassy Terrain|[from] ability: Grassy Surge|[of] p2a: Rillaboom
|turn|5
|
|t:|1757768973
|switch|p1a: Tyranitar|Tyranitar, L50, F, shiny|100/100
|move|p2b: Espathra|Stored Power|p1b: Corviknight
|-damage|p1b: Corviknight|4/100
|move|p2a: Rillaboom|High Horsepower|p1a: Tyranitar
|-supereffective|p1a: Tyranitar
|-damage|p1a: Tyranitar|50/100
|move|p1b: Corviknight|Power Trip|p2a: Rillaboom
|-damage|p2a: Rillaboom|34/100
|
|-weather|Sandstorm|[upkeep]
|-damage|p2b: Espathra|0 fnt|[from] Sandstorm
|-damage|p2a: Rillaboom|29/100|[from] Sandstorm
|-damage|p1b: Corviknight|0 fnt|[from] Sandstorm
|faint|p2b: Espathra
|faint|p1b: Corviknight
|-heal|p2a: Rillaboom|34/100|[from] Grassy Terrain
|-heal|p1a: Tyranitar|56/100|[from] Grassy Terrain
|upkeep
|inactive|Alecat has 30 seconds left.
|
|t:|1757769004
|switch|p2b: Arcanine|Arcanine-Hisui, L50, M, shiny|100/100
|switch|p1b: Indeedee|Indeedee, L50, M, shiny|89/100
|-fieldstart|move: Psychic Terrain|[from] ability: Psychic Surge|[of] p1b: Indeedee
|-ability|p2b: Arcanine|Intimidate|boost
|-unboost|p1a: Tyranitar|atk|1
|-unboost|p1b: Indeedee|atk|1
|turn|6
|
|t:|1757769022
|move|p1b: Indeedee|Expanding Force|p2b: Arcanine|[spread] p2a,p2b
|-damage|p2a: Rillaboom|0 fnt
|-damage|p2b: Arcanine|53/100
|faint|p2a: Rillaboom
|move|p2b: Arcanine|Rock Blast|p1b: Indeedee
|-damage|p1b: Indeedee|59/100
|-damage|p1b: Indeedee|30/100
|-damage|p1b: Indeedee|3/100
|-damage|p1b: Indeedee|0 fnt
|faint|p1b: Indeedee
|-hitcount|p1: Indeedee|4
|move|p1a: Tyranitar|Low Kick|p2b: Arcanine
|-supereffective|p2b: Arcanine
|-damage|p2b: Arcanine|0 fnt
|faint|p2b: Arcanine
|
|win|Oguri_sora
||Oguri_sora is ready for game 2.
|inactive|Alecat has 30 seconds to confirm battle start!
||Alecat is ready for game 2.
|uhtml|next|Next: Game 2 of 3
|l|☆Oguri_sora
|player|p1|
