|j|☆Gamma_90
|j|☆Isam_26011
|html|Gamma_90Isam_26011    
|uhtml|bestof|Game 2 of a best-of-3
|t:|1756685812
|gametype|doubles
|player|p1|Gamma_90|1|1045
|player|p2|Isam_26011|n|1000
|gen|9
|tier|[Gen 9] VGC 2025 Reg H (Bo3)
|rated|
|rule|Species Clause: Limit one of each Pokémon
|rule|Item Clause: Limit 1 of each item
|clearpoke
|poke|p1|Meowscarada, L50, F|
|poke|p1|Volcarona, L50, M|
|poke|p1|Primarina, L50, F|
|poke|p1|Ursaluna, L50, M|
|poke|p1|Porygon2, L50|
|poke|p1|Salamence, L50, F|
|poke|p2|Indeedee-F, L50, F|
|poke|p2|Hatterene, L50, F|
|poke|p2|Gallade, L50, M|
|poke|p2|Ursaluna, L50, M|
|poke|p2|Sunflora, L50, F|
|poke|p2|Torkoal, L50, M|
|teampreview|4
|showteam|p1|Meowscarada||ChoiceBand|Protean|FlowerTrick,KnockOff,LowKick,Uturn|||F|||50|,,,,,Ghost]Volcarona||SitrusBerry|FlameBody|Overheat,Tailwind,RagePowder,Protect|||M|||50|,,,,,Dragon]Primarina||LifeOrb|LiquidVoice|HyperVoice,Moonblast,Haze,Protect|||F|||50|,,,,,Grass]Ursaluna||FlameOrb|Guts|Facade,HeadlongRush,Earthquake,Protect|||M|||50|,,,,,Ghost]Porygon2||Eviolite|Download|TeraBlast,TrickRoom,Recover,IceBeam||||||50|,,,,,Fighting]Salamence||CovertCloak|Intimidate|DracoMeteor,AirSlash,HelpingHand,Protect|||F|||50|,,,,,Water
|showteam|p2|Indeedee-F||PsychicSeed|PsychicSurge|TrickRoom,FollowMe,HelpingHand,DazzlingGleam|||F|||50|,,,,,Fire]Hatterene||LifeOrb|MagicBounce|ExpandingForce,TrickRoom,DazzlingGleam,Protect|||F|||50|,,,,,Psychic]Gallade||ClearAmulet|Sharpness|PsychoCut,TrickRoom,SacredSword,WideGuard|||M|||50|,,,,,Grass]Ursaluna||FlameOrb|Guts|HeadlongRush,Facade,SwordsDance,Protect|||M|||50|,,,,,Ghost]Sunflora||AssaultVest|SolarPower|EnergyBall,WeatherBall,SludgeBomb,EarthPower|||F|||50|,,,,,Fire]Torkoal||ChoiceSpecs|Drought|Eruption,HeatWave,WeatherBall,EarthPower|||M|||50|,,,,,Fire
|inactive|Battle timer is ON: inactive players will automatically lose when time's up. (requested by Gamma_90)
|inactive|Isam_26011 has 60 seconds left.
|
|t:|1756685848
|teamsize|p1|4
|teamsize|p2|4
|start
|switch|p1a: Ursaluna|Ursaluna, L50, M|100/100
|switch|p1b: Salamence|Salamence, L50, F|100/100
|switch|p2a: Shura|Gallade, L50, M, shiny|100/100
|switch|p2b: Pratto|Ursaluna, L50, M, shiny|100/100
|-ability|p1b: Salamence|Intimidate|boost
|-fail|p2a: Shura|unboost|[from] item: Clear Amulet|[of] p2a: Shura
|-unboost|p2b: Pratto|atk|1
|turn|1
|inactive|Gamma_90 has 30 seconds left.
|inactive|Isam_26011 has 30 seconds left.
|
|t:|1756685882
|move|p2b: Pratto|Protect|p2b: Pratto
|-singleturn|p2b: Pratto|Protect
|move|p1a: Ursaluna|Protect|p1a: Ursaluna
|-singleturn|p1a: Ursaluna|Protect
|move|p1b: Salamence|Draco Meteor|p2a: Shura
|-damage|p2a: Shura|51/100
|-unboost|p1b: Salamence|spa|2
|move|p2a: Shura|Trick Room|p2a: Shura
|-fieldstart|move: Trick Room|[of] p2a: Shura
|
|-status|p2b: Pratto|brn|[from] item: Flame Orb
|-status|p1a: Ursaluna|brn|[from] item: Flame Orb
|upkeep
|turn|2
|inactive|Gamma_90 has 30 seconds left.
|inactive|Isam_26011 has 30 seconds left.
|inactive|Isam_26011 has 20 seconds left.
|
|t:|1756685921
|-terastallize|p1a: Ursaluna|Ghost
|move|p1a: Ursaluna|Headlong Rush|p2b: Pratto
|-damage|p2b: Pratto|22/100 brn
|-unboost|p1a: Ursaluna|def|1
|-unboost|p1a: Ursaluna|spd|1
|move|p2b: Pratto|Facade|p1b: Salamence
|-damage|p1b: Salamence|6/100
|move|p2a: Shura|Psycho Cut|p1b: Salamence
|-damage|p1b: Salamence|0 fnt
|faint|p1b: Salamence
|
|-damage|p2b: Pratto|16/100 brn|[from] brn
|-damage|p1a: Ursaluna|95/100 brn|[from] brn
|upkeep
|
|t:|1756685931
|switch|p1b: Primarina|Primarina, L50, F|100/100
|turn|3
|
|t:|1756685945
|move|p1b: Primarina|Protect|p1b: Primarina
|-singleturn|p1b: Primarina|Protect
|move|p2b: Pratto|Facade|p1b: Primarina
|-activate|p1b: Primarina|move: Protect
|move|p1a: Ursaluna|Earthquake|p2a: Shura|[spread] p2a,p2b
|-activate|p1b: Primarina|move: Protect
|-damage|p2a: Shura|0 fnt
|-damage|p2b: Pratto|0 fnt
|faint|p2a: Shura
|faint|p2b: Pratto
|
|-damage|p1a: Ursaluna|89/100 brn|[from] brn
|upkeep
|
|t:|1756685951
|switch|p2b: Mbappe|Torkoal, L50, M, shiny|100/100
|switch|p2a: GOD|Sunflora, L50, F|100/100
|-weather|SunnyDay|[from] ability: Drought|[of] p2b: Mbappe
|turn|4
|
|t:|1756685969
|move|p1a: Ursaluna|Protect|p1a: Ursaluna
|-singleturn|p1a: Ursaluna|Protect
|move|p2b: Mbappe|Eruption|p1a: Ursaluna|[spread] p1b
|-activate|p1a: Ursaluna|move: Protect
|-resisted|p1b: Primarina
|-damage|p1b: Primarina|54/100
|move|p2a: GOD|Energy Ball|p1b: Primarina
|-supereffective|p1b: Primarina
|-crit|p1b: Primarina
|-damage|p1b: Primarina|0 fnt
|faint|p1b: Primarina
|
|-weather|SunnyDay|[upkeep]
|-damage|p2a: GOD|88/100|[from] ability: Solar Power|[of] p2a: GOD
|-damage|p1a: Ursaluna|83/100 brn|[from] brn
|upkeep
|
|t:|1756685983
|switch|p1b: Meowscarada|Meowscarada, L50, F|100/100
|turn|5
|
|t:|1756686006
|-terastallize|p2b: Mbappe|Fire
|move|p1a: Ursaluna|Protect||[still]
|-fail|p1a: Ursaluna
|move|p2b: Mbappe|Eruption|p1b: Meowscarada|[spread] p1a,p1b
|-supereffective|p1b: Meowscarada
|-damage|p1a: Ursaluna|0 fnt
|-damage|p1b: Meowscarada|0 fnt
|faint|p1a: Ursaluna
|faint|p1b: Meowscarada
|
|win|Isam_26011
||Gamma_90 is ready for game 3.
|inactive|Isam_26011 has 30 seconds to confirm battle start!
||Isam_26011 is ready for game 3.
|uhtml|next|Next: Game 3 of 3
|l|☆Gamma_90
|player|p1|
