|j|☆TheAltmer
|j|☆phagerrr
|html|TheAltmerphagerrr    
|uhtml|bestof|Game 1 of a best-of-3
|t:|1784057455
|gametype|doubles
|player|p1|TheAltmer|clair|1000
|player|p2|phagerrr|265|1057
|gen|9
|tier|[Gen 9 Champions] VGC 2026 Reg M-B (Bo3)
|rated|
|rule|Species Clause: Limit one of each Pokémon
|rule|Item Clause: Limit 1 of each item
|clearpoke
|poke|p1|Malamar, L50, F|
|poke|p1|Cofagrigus, L50, F|
|poke|p1|Slowbro, L50, M|
|poke|p1|Rhyperior, L50, F|
|poke|p1|Aromatisse, L50, M|
|poke|p1|Dragalge, L50, F|
|poke|p2|Overqwil, L50, F|
|poke|p2|Chimecho, L50, M|
|poke|p2|Audino, L50, F|
|poke|p2|Incineroar, L50, M|
|poke|p2|Sneasler, L50, M|
|poke|p2|Sinistcha, L50|
|teampreview|4
|showteam|p1|Malamar||Malamarite|Contrary|Protect,Superpower,KnockOff,PsychoCut|Brave||F|||50|]Cofagrigus||MentalHerb|Mummy|TrickRoom,WillOWisp,ShadowBall,BodyPress|Relaxed||F|||50|]Slowbro||SitrusBerry|Regenerator|Protect,TrickRoom,Scald,Psychic|Relaxed||M|||50|]Rhyperior||Leftovers|SolidRock|Protect,RockSlide,HighHorsepower,IcePunch|Brave||F|||50|]Aromatisse||FocusSash|AromaVeil|Protect,TrickRoom,DazzlingGleam,Moonblast|Quiet||M|||50|]Dragalge||LifeOrb|Adaptability|Protect,SludgeBomb,DragonPulse,Thunderbolt|Quiet||F|||50|
|showteam|p2|Overqwil||Leftovers|Intimidate|BarbBarrage,Minimize,Stockpile,Protect|Careful||F|||50|]Chimecho||Chimechite|Levitate|StoredPower,CosmicPower,Protect,Recover|Bold||M|||50|]Audino||Audinite|Healer|HealPulse,SimpleBeam,Protect,AllySwitch|Bold||F|||50|]Incineroar||SitrusBerry|Intimidate|FakeOut,PartingShot,FlareBlitz,ThroatChop|Careful||M|||50|]Sneasler||WhiteHerb|Unburden|FakeOut,CloseCombat,ThroatChop,Protect|Jolly||M|||50|]Sinistcha||KasibBerry|Hospitality|LifeDew,MatchaGotcha,RagePowder,TrickRoom|Calm|||||50|
|inactive|Battle timer is ON: inactive players will automatically lose when time's up. (requested by phagerrr)
|
|t:|1784057527
|teamsize|p1|4
|teamsize|p2|4
|start
|switch|p1a: Cofagrigus|Cofagrigus, L50, F|100/100
|switch|p1b: Malamar|Malamar, L50, F|100/100
|switch|p2a: Overqwil|Overqwil, L50, F|100/100
|switch|p2b: Incineroar|Incineroar, L50, M|100/100
|-ability|p2a: Overqwil|Intimidate|boost
|-unboost|p1a: Cofagrigus|atk|1
|-boost|p1b: Malamar|atk|1
|-ability|p2b: Incineroar|Intimidate|boost
|-unboost|p1a: Cofagrigus|atk|1
|-boost|p1b: Malamar|atk|1
|turn|1
|
|t:|1784057550
|move|p1b: Malamar|Protect|p1b: Malamar
|-singleturn|p1b: Malamar|Protect
|move|p2b: Incineroar|Fake Out|p1b: Malamar
|-activate|p1b: Malamar|move: Protect
|move|p2a: Overqwil|Minimize|p2a: Overqwil
|-boost|p2a: Overqwil|evasion|2
|move|p1a: Cofagrigus|Trick Room|p1a: Cofagrigus
|-fieldstart|move: Trick Room|[of] p1a: Cofagrigus
|
|upkeep
|turn|2
|
|t:|1784057568
|switch|p2b: Audino|Audino, L50, F|100/100
|detailschange|p1b: Malamar|Malamar-Mega, L50, F
|-mega|p1b: Malamar|Malamar|Malamarite
|move|p1a: Cofagrigus|Will-O-Wisp|p2a: Overqwil|[miss]
|-miss|p1a: Cofagrigus|p2a: Overqwil
|move|p1b: Malamar|Superpower|p2b: Audino
|-supereffective|p2b: Audino|1
|-damage|p2b: Audino|0 fnt
|-boost|p1b: Malamar|atk|1
|-boost|p1b: Malamar|def|1
|faint|p2b: Audino
|move|p2a: Overqwil|Minimize|p2a: Overqwil
|-boost|p2a: Overqwil|evasion|2
|
|upkeep
|
|t:|1784057579
|switch|p2b: Sneasler|Sneasler, L50, M|100/100
|turn|3
|
|t:|1784057597
|move|p1b: Malamar|Protect|p1b: Malamar
|-singleturn|p1b: Malamar|Protect
|move|p1a: Cofagrigus|Will-O-Wisp|p2b: Sneasler
|-status|p2b: Sneasler|brn
|move|p2a: Overqwil|Minimize|p2a: Overqwil
|-boost|p2a: Overqwil|evasion|2
|move|p2b: Sneasler|Throat Chop|p1a: Cofagrigus
|-supereffective|p1a: Cofagrigus|1
|-damage|p1a: Cofagrigus|84/100
|-start|p1a: Cofagrigus|Throat Chop|[silent]
|-activate|p1a: Cofagrigus|ability: Mummy|p2b: Sneasler|[ability] Unburden
|
|-damage|p2b: Sneasler|94/100 brn|[from] brn
|upkeep
|turn|4
|inactive|TheAltmer has 30 seconds left.
|
|t:|1784057627
|move|p1a: Cofagrigus|Body Press|p2a: Overqwil
|-damage|p2a: Overqwil|67/100
|move|p1b: Malamar|Psycho Cut|p2b: Sneasler
|-supereffective|p2b: Sneasler|2
|-damage|p2b: Sneasler|0 fnt
|faint|p2b: Sneasler
|move|p2a: Overqwil|Stockpile|p2a: Overqwil
|-start|p2a: Overqwil|stockpile1
|-boost|p2a: Overqwil|def|1
|-boost|p2a: Overqwil|spd|1
|
|-heal|p2a: Overqwil|73/100|[from] item: Leftovers
|-end|p1a: Cofagrigus|Throat Chop|[silent]
|upkeep
|
|t:|1784057634
|switch|p2b: Incineroar|Incineroar, L50, M|100/100
|-ability|p2b: Incineroar|Intimidate|boost
|-unboost|p1a: Cofagrigus|atk|1
|-boost|p1b: Malamar|atk|1
|turn|5
|inactive|TheAltmer has 30 seconds left.
|
|t:|1784057666
|move|p2b: Incineroar|Fake Out|p1b: Malamar
|-damage|p1b: Malamar|92/100
|move|p1a: Cofagrigus|Will-O-Wisp|p2a: Overqwil|[miss]
|-miss|p1a: Cofagrigus|p2a: Overqwil
|cant|p1b: Malamar|flinch
|move|p2a: Overqwil|Stockpile|p2a: Overqwil
|-start|p2a: Overqwil|stockpile2
|-boost|p2a: Overqwil|def|1
|-boost|p2a: Overqwil|spd|1
|
|-heal|p2a: Overqwil|79/100|[from] item: Leftovers
|-fieldend|move: Trick Room
|upkeep
|turn|6
|
|t:|1784057689
|move|p1b: Malamar|Protect|p1b: Malamar
|-singleturn|p1b: Malamar|Protect
|move|p2a: Overqwil|Barb Barrage|p1a: Cofagrigus
|-resisted|p1a: Cofagrigus|1
|-damage|p1a: Cofagrigus|76/100
|move|p2b: Incineroar|Throat Chop|p1a: Cofagrigus
|-supereffective|p1a: Cofagrigus|1
|-damage|p1a: Cofagrigus|39/100
|-start|p1a: Cofagrigus|Throat Chop|[silent]
|-activate|p1a: Cofagrigus|ability: Mummy|p2b: Incineroar|[ability] Intimidate
|move|p1a: Cofagrigus|Trick Room|p1a: Cofagrigus
|-fieldstart|move: Trick Room|[of] p1a: Cofagrigus
|
|-heal|p2a: Overqwil|85/100|[from] item: Leftovers
|upkeep
|turn|7
|
|t:|1784057714
|move|p1a: Cofagrigus|Body Press|p2a: Overqwil|[miss]
|-miss|p1a: Cofagrigus|p2a: Overqwil
|move|p2b: Incineroar|Throat Chop|p1a: Cofagrigus
|-supereffective|p1a: Cofagrigus|1
|-damage|p1a: Cofagrigus|1/100
|move|p1b: Malamar|Superpower|p2b: Incineroar
|-supereffective|p2b: Incineroar|1
|-damage|p2b: Incineroar|0 fnt
|-boost|p1b: Malamar|atk|1
|-boost|p1b: Malamar|def|1
|-activate|p2b: Incineroar|ability: Mummy|p1b: Malamar|[ability] Contrary
|faint|p2b: Incineroar
|move|p2a: Overqwil|Stockpile|p2a: Overqwil
|-start|p2a: Overqwil|stockpile3
|-boost|p2a: Overqwil|def|1
|-boost|p2a: Overqwil|spd|1
|
|-heal|p2a: Overqwil|92/100|[from] item: Leftovers
|-end|p1a: Cofagrigus|Throat Chop|[silent]
|upkeep
|turn|8
|inactive|TheAltmer has 30 seconds left.
|
|t:|1784057744
|move|p1a: Cofagrigus|Will-O-Wisp|p2a: Overqwil|[miss]
|-miss|p1a: Cofagrigus|p2a: Overqwil
|move|p1b: Malamar|Superpower|p2a: Overqwil|[miss]
|-miss|p1b: Malamar|p2a: Overqwil
|move|p2a: Overqwil|Barb Barrage|p1b: Malamar
|-crit|p1b: Malamar
|-damage|p1b: Malamar|56/100
|
|-heal|p2a: Overqwil|98/100|[from] item: Leftovers
|upkeep
|turn|9
|
|t:|1784057766
|move|p1a: Cofagrigus|Will-O-Wisp|p2a: Overqwil
|-status|p2a: Overqwil|brn
|move|p1b: Malamar|Superpower|p2a: Overqwil
|-damage|p2a: Overqwil|42/100 brn
|-unboost|p1b: Malamar|atk|1
|-unboost|p1b: Malamar|def|1
|move|p2a: Overqwil|Barb Barrage|p1b: Malamar
|-damage|p1b: Malamar|48/100
|
|-heal|p2a: Overqwil|48/100 brn|[from] item: Leftovers
|-damage|p2a: Overqwil|42/100 brn|[from] brn
|upkeep
|turn|10
|
|t:|1784057789
|move|p2a: Overqwil|Protect|p2a: Overqwil
|-singleturn|p2a: Overqwil|Protect
|move|p1a: Cofagrigus|Body Press|p2a: Overqwil
|-activate|p2a: Overqwil|move: Protect
|move|p1b: Malamar|Superpower|p2a: Overqwil
|-activate|p2a: Overqwil|move: Protect
|
|-heal|p2a: Overqwil|48/100 brn|[from] item: Leftovers
|-damage|p2a: Overqwil|42/100 brn|[from] brn
|-fieldend|move: Trick Room
|upkeep
|turn|11
|
|t:|1784057807
|move|p1b: Malamar|Protect|p1b: Malamar
|-singleturn|p1b: Malamar|Protect
|move|p2a: Overqwil|Barb Barrage|p1a: Cofagrigus
|-resisted|p1a: Cofagrigus|1
|-damage|p1a: Cofagrigus|0 fnt
|faint|p1a: Cofagrigus
|
|-heal|p2a: Overqwil|48/100 brn|[from] item: Leftovers
|-damage|p2a: Overqwil|42/100 brn|[from] brn
|upkeep
|
|t:|1784057821
|switch|p1a: Rhyperior|Rhyperior, L50, F|100/100
|turn|12
|
|t:|1784057842
|move|p2a: Overqwil|Barb Barrage|p1b: Malamar
|-damage|p1b: Malamar|40/100
|move|p1b: Malamar|Superpower|p2a: Overqwil|[miss]
|-miss|p1b: Malamar|p2a: Overqwil
|move|p1a: Rhyperior|High Horsepower|p2a: Overqwil|[miss]
|-miss|p1a: Rhyperior|p2a: Overqwil
|
|-heal|p2a: Overqwil|48/100 brn|[from] item: Leftovers
|-damage|p2a: Overqwil|42/100 brn|[from] brn
|upkeep
|turn|13
|inactive|TheAltmer has 30 seconds left.
|
|t:|1784057868
|move|p2a: Overqwil|Barb Barrage|p1b: Malamar
|-damage|p1b: Malamar|32/100
|-status|p1b: Malamar|psn
|move|p1b: Malamar|Superpower|p2a: Overqwil
|-damage|p2a: Overqwil|0 fnt
|-unboost|p1b: Malamar|atk|1
|-unboost|p1b: Malamar|def|1
|faint|p2a: Overqwil
|
|win|TheAltmer
||phagerrr is ready for game 2.
|l|☆phagerrr
|player|p2|
|inactive|TheAltmer has 30 seconds to confirm battle start!
|c|☆TheAltmer|gg
|inactive|TheAltmer has 20 seconds to confirm battle start!
