|j|☆marillrag1
|j|☆Promesus
|html|marillrag1Promesus    
|uhtml|bestof|Game 1 of a best-of-3
|t:|1785228457
|gametype|doubles
|player|p1|marillrag1|101|1290
|player|p2|Promesus|hilbert-wonderlauncher|1278
|gen|9
|tier|[Gen 9 Champions] VGC 2026 Reg M-B (Bo3)
|rated|
|rule|Species Clause: Limit one of each Pokémon
|rule|Item Clause: Limit 1 of each item
|clearpoke
|poke|p1|Raichu, L50, F|
|poke|p1|Sylveon, L50, M|
|poke|p1|Arcanine-Hisui, L50, F|
|poke|p1|Kingambit, L50, F|
|poke|p1|Farigiraf, L50, M|
|poke|p1|Staraptor, L50, M|
|poke|p2|Charizard, L50, M, shiny|
|poke|p2|Venusaur, L50, F|
|poke|p2|Grimmsnarl, L50, M|
|poke|p2|Archaludon, L50, F|
|poke|p2|Pelipper, L50, M|
|poke|p2|Basculegion, L50, M, shiny|
|teampreview|4
|showteam|p1|Raichu||RaichuniteY|LightningRod|Protect,ZapCannon,FocusBlast,FakeOut|Timid||F|||50|]Sylveon||FairyFeather|Pixilate|Detect,HyperVoice,HyperBeam,QuickAttack|Modest||M|||50|]Arcanine-Hisui||FocusSash|RockHead|Protect,FlareBlitz,HeadSmash,ExtremeSpeed|Jolly||F|||50|]Kingambit||LifeOrb|Defiant|Protect,KowtowCleave,SwordsDance,SuckerPunch|Adamant||F|||50|]Farigiraf||SitrusBerry|ArmorTail|Protect,Psychic,HelpingHand,TrickRoom|Calm||M|||50|]Staraptor||Staraptite|Intimidate|Protect,DualWingbeat,CloseCombat,Tailwind|Jolly||M|||50|
|showteam|p2|Charizard||CharizarditeY|Blaze|HeatWave,WeatherBall,SolarBeam,Protect|Modest||M|||50|]Venusaur||FocusSash|Chlorophyll|EarthPower,SludgeBomb,Protect,SleepPowder|Modest||F|||50|]Grimmsnarl||LightClay|Prankster|SpiritBreak,PartingShot,Reflect,LightScreen|Sassy||M|||50|]Archaludon||Leftovers|Stamina|ElectroShot,DragonPulse,FlashCannon,Protect|Calm||F|||50|]Pelipper||SitrusBerry|Drizzle|WeatherBall,Hurricane,Tailwind,WideGuard|Bold||M|||50|]Basculegion||ChoiceScarf|Adaptability|FlipTurn,WaveCrash,AquaJet,LastRespects|Adamant||M|||50|
|inactive|Battle timer is ON: inactive players will automatically lose when time's up. (requested by Promesus)
|inactive|marillrag1 has 60 seconds left.
|inactive|Promesus has 60 seconds left.
|inactive|marillrag1 has 30 seconds left.
|
|t:|1785228522
|teamsize|p1|4
|teamsize|p2|4
|start
|switch|p1a: Staraptor|Staraptor, L50, M|100/100
|switch|p1b: Arcanine|Arcanine-Hisui, L50, F|100/100
|switch|p2a: Grimmsnarl|Grimmsnarl, L50, M|100/100
|switch|p2b: Basculegion|Basculegion, L50, M, shiny|100/100
|-ability|p1a: Staraptor|Intimidate|boost
|-unboost|p2a: Grimmsnarl|atk|1
|-unboost|p2b: Basculegion|atk|1
|turn|1
|inactive|marillrag1 has 30 seconds left.
|inactive|Promesus has 30 seconds left.
|inactive|marillrag1 has 20 seconds left.
|inactive|Promesus has 20 seconds left.
|inactive|marillrag1 has 15 seconds left.
|inactive|Promesus has 15 seconds left.
|inactive|marillrag1 has 10 seconds left.
|inactive|Promesus has 10 seconds left.
|
|t:|1785228571
|detailschange|p1a: Staraptor|Staraptor-Mega, L50, M
|-mega|p1a: Staraptor|Staraptor|Staraptite
|move|p2a: Grimmsnarl|Reflect|p2a: Grimmsnarl
|-sidestart|p2: Promesus|Reflect
|move|p2b: Basculegion|Flip Turn|p1a: Staraptor
|-damage|p1a: Staraptor|72/100
|
|t:|1785228578
|switch|p2b: Archaludon|Archaludon, L50, F|100/100|[from] Flip Turn
|move|p1a: Staraptor|Close Combat|p2b: Archaludon
|-supereffective|p2b: Archaludon|1
|-damage|p2b: Archaludon|48/100
|-boost|p1a: Staraptor|def|1
|-boost|p1a: Staraptor|spd|1
|-ability|p2b: Archaludon|Stamina|boost
|-boost|p2b: Archaludon|def|1
|move|p1b: Arcanine|Head Smash|p2a: Grimmsnarl
|-damage|p2a: Grimmsnarl|47/100
|
|-heal|p2b: Archaludon|54/100|[from] item: Leftovers
|upkeep
|turn|2
|inactive|Promesus has 30 seconds left.
|
|t:|1785228604
|switch|p1b: Raichu|Raichu, L50, F|100/100
|move|p2a: Grimmsnarl|Parting Shot|p1b: Raichu
|-unboost|p1b: Raichu|atk|1
|-unboost|p1b: Raichu|spa|1
|
|t:|1785228609
|switch|p2a: Pelipper|Pelipper, L50, M|100/100|[from] Parting Shot
|-weather|RainDance|[from] ability: Drizzle|[of] p2a: Pelipper
|move|p1a: Staraptor|Close Combat|p2a: Pelipper
|-resisted|p2a: Pelipper|1
|-damage|p2a: Pelipper|82/100
|-boost|p1a: Staraptor|def|1
|-boost|p1a: Staraptor|spd|1
|move|p2b: Archaludon|Electro Shot||[still]
|-activate|p1b: Raichu|ability: Lightning Rod
|-prepare|p2b: Archaludon|Electro Shot
|-boost|p2b: Archaludon|spa|1
|-anim|p2b: Archaludon|Electro Shot|p1b: Raichu
|-ability|p1b: Raichu|Lightning Rod|boost
|-boost|p1b: Raichu|spa|1
|
|-weather|RainDance|[upkeep]
|-heal|p2b: Archaludon|60/100|[from] item: Leftovers
|upkeep
|turn|3
|
|t:|1785228626
|switch|p2a: Grimmsnarl|Grimmsnarl, L50, M|47/100
|move|p1a: Staraptor|Dual Wingbeat|p2a: Grimmsnarl
|-damage|p2a: Grimmsnarl|34/100
|-damage|p2a: Grimmsnarl|21/100
|-hitcount|p2a: Grimmsnarl|2
|move|p1b: Raichu|Focus Blast|p2b: Archaludon
|-supereffective|p2b: Archaludon|1
|-damage|p2b: Archaludon|13/100
|-ability|p2b: Archaludon|Stamina|boost
|-boost|p2b: Archaludon|def|1
|move|p2b: Archaludon|Dragon Pulse|p1a: Staraptor
|-damage|p1a: Staraptor|42/100
|
|-weather|RainDance|[upkeep]
|-heal|p2b: Archaludon|19/100|[from] item: Leftovers
|upkeep
|turn|4
|inactive|marillrag1 has 30 seconds left.
|
|t:|1785228653
|switch|p2b: Basculegion|Basculegion, L50, M, shiny|100/100
|move|p2a: Grimmsnarl|Light Screen|p2a: Grimmsnarl
|-sidestart|p2: Promesus|move: Light Screen
|move|p1a: Staraptor|Close Combat|p2b: Basculegion
|-immune|p2b: Basculegion
|move|p1b: Raichu|Focus Blast|p2a: Grimmsnarl|[miss]
|-miss|p1b: Raichu|p2a: Grimmsnarl
|
|-weather|RainDance|[upkeep]
|upkeep
|turn|5
|inactive|marillrag1 has 30 seconds left.
|inactive|Promesus has 30 seconds left.
|inactive|marillrag1 has 20 seconds left.
|
|t:|1785228689
|move|p2b: Basculegion|Wave Crash|p1b: Raichu
|-damage|p1b: Raichu|0 fnt
|faint|p1b: Raichu
|-damage|p2b: Basculegion|71/100|[from] Recoil
|move|p1a: Staraptor|Dual Wingbeat|p2a: Grimmsnarl
|-damage|p2a: Grimmsnarl|8/100
|-damage|p2a: Grimmsnarl|0 fnt
|faint|p2a: Grimmsnarl
|-hitcount|p2: Grimmsnarl|2
|
|-weather|RainDance|[upkeep]
|upkeep
|
|t:|1785228701
|switch|p1b: Kingambit|Kingambit, L50, F|100/100
|switch|p2a: Archaludon|Archaludon, L50, F|19/100
|turn|6
|
|t:|1785228716
|move|p2a: Archaludon|Protect|p2a: Archaludon
|-singleturn|p2a: Archaludon|Protect
|move|p1b: Kingambit|Sucker Punch|p2b: Basculegion
|-supereffective|p2b: Basculegion|1
|-damage|p2b: Basculegion|2/100
|-damage|p1b: Kingambit|90/100|[from] item: Life Orb
|move|p2b: Basculegion|Wave Crash|p1a: Staraptor
|-damage|p1a: Staraptor|0 fnt
|faint|p1a: Staraptor
|-damage|p2b: Basculegion|0 fnt|[from] Recoil
|faint|p2b: Basculegion
|
|-weather|none
|-heal|p2a: Archaludon|25/100|[from] item: Leftovers
|upkeep
|
|t:|1785228727
|switch|p1a: Arcanine|Arcanine-Hisui, L50, F|100/100
|switch|p2b: Pelipper|Pelipper, L50, M|82/100
|-weather|RainDance|[from] ability: Drizzle|[of] p2b: Pelipper
|turn|7
|
|t:|1785228740
|move|p1a: Arcanine|Head Smash|p2b: Pelipper
|-supereffective|p2b: Pelipper|1
|-damage|p2b: Pelipper|0 fnt
|faint|p2b: Pelipper
|move|p2a: Archaludon|Electro Shot||[still]
|-prepare|p2a: Archaludon|Electro Shot
|-boost|p2a: Archaludon|spa|1
|-anim|p2a: Archaludon|Electro Shot|p1a: Arcanine
|-damage|p1a: Arcanine|32/100
|move|p1b: Kingambit|Kowtow Cleave|p2a: Archaludon
|-damage|p2a: Archaludon|0 fnt
|faint|p2a: Archaludon
|-damage|p1b: Kingambit|80/100|[from] item: Life Orb
|
|win|marillrag1
||Promesus is ready for game 2.
||marillrag1 is ready for game 2.
|uhtml|next|Next: Game 2 of 3
