|j|☆Alecat
|j|☆averythewustab
|html|Alecataverythewustab    
|uhtml|bestof|Game 2 of a best-of-3
|t:|1757692671
|gametype|doubles
|player|p1|Alecat|scientistf|1089
|player|p2|averythewustab|265|1147
|gen|9
|tier|[Gen 9] VGC 2025 Reg H (Bo3)
|rated|
|rule|Species Clause: Limit one of each Pokémon
|rule|Item Clause: Limit 1 of each item
|clearpoke
|poke|p1|Sneasler, L50, F|
|poke|p1|Magmar, L50, M|
|poke|p1|Rillaboom, L50, M|
|poke|p1|Espathra, L50, F|
|poke|p1|Kingambit, L50, F|
|poke|p1|Arcanine-Hisui, L50, F|
|poke|p2|Pelipper, L50, M|
|poke|p2|Basculegion, L50, M|
|poke|p2|Archaludon, L50, F|
|poke|p2|Greninja-*, L50, M|
|poke|p2|Sinistcha-Masterpiece, L50|
|poke|p2|Annihilape, L50, M|
|teampreview|4
|showteam|p1|Sneasler||FocusSash|Unburden|FakeOut,CloseCombat,DireClaw,Coaching|||F|||50|,,,,,Ghost]Magmar||Eviolite|VitalSpirit|FollowMe,HeatWave,Taunt,Protect|||M|||50|,,,,,Dragon]Rillaboom||AssaultVest|GrassySurge|FakeOut,WoodHammer,GrassyGlide,HighHorsepower|||M|||50|,,,,,Fire]Espathra||GrassySeed|SpeedBoost|StoredPower,TeraBlast,CalmMind,Protect|||F|||50|,,,,,Fighting]Kingambit||SafetyGoggles|Defiant|KowtowCleave,SuckerPunch,SwordsDance,Protect|||F|||50|,,,,,Dark]Arcanine-Hisui||LoadedDice|Intimidate|FlareBlitz,RockBlast,ExtremeSpeed,Protect|||F|||50|,,,,,Ghost
|showteam|p2|Pelipper||FocusSash|Drizzle|Protect,WeatherBall,Hurricane,WideGuard|||M|||50|,,,,,Stellar]Basculegion||ChoiceBand|SwiftSwim|AquaJet,WaveCrash,LastRespects,FlipTurn|||M|||50|,,,,,Water]Archaludon||AssaultVest|Stamina|ElectroShot,DracoMeteor,BodyPress,FlashCannon|||F|||50|,,,,,Bug]Greninja||LoadedDice|Torrent|WaterShuriken,DarkPulse,Haze,RainDance|||M|||50|,,,,,Ghost]Sinistcha-Masterpiece||SitrusBerry|Hospitality|MatchaGotcha,LifeDew,RagePowder,TrickRoom||||||50|,,,,,Fairy]Annihilape||SafetyGoggles|Defiant|Taunt,RageFist,FinalGambit,CloseCombat|||M|||50|,,,,,Water
|inactive|Battle timer is ON: inactive players will automatically lose when time's up. (requested by Alecat)
|inactive|averythewustab has 60 seconds left.
|inactive|averythewustab has 30 seconds left.
|
|t:|1757692740
|teamsize|p1|4
|teamsize|p2|4
|start
|switch|p1a: Sneasler|Sneasler, L50, F|100/100
|switch|p1b: Rillaboom|Rillaboom, L50, M|100/100
|switch|p2a: Pelipper|Pelipper, L50, M, shiny|100/100
|switch|p2b: Basculegion|Basculegion, L50, M, shiny|100/100
|-fieldstart|move: Grassy Terrain|[from] ability: Grassy Surge|[of] p1b: Rillaboom
|-weather|RainDance|[from] ability: Drizzle|[of] p2a: Pelipper
|turn|1
|inactive|Alecat has 30 seconds left.
|inactive|Alecat has 20 seconds left.
|inactive|Alecat has 15 seconds left.
|inactive|Alecat has 10 seconds left.
|inactive|Alecat has 5 seconds left.
|inactive|averythewustab has 30 seconds left.
|
|t:|1757692797
|move|p1a: Sneasler|Fake Out|p2a: Pelipper
|-damage|p2a: Pelipper|82/100
|move|p2b: Basculegion|Flip Turn|p1a: Sneasler
|-enditem|p1a: Sneasler|Focus Sash
|-damage|p1a: Sneasler|1/100
|
|t:|1757692804
|switch|p2b: Archaludon|Archaludon, L50, F, shiny|100/100|[from] Flip Turn
|move|p1b: Rillaboom|Wood Hammer|p2a: Pelipper
|-damage|p2a: Pelipper|0 fnt
|faint|p2a: Pelipper
|-damage|p1b: Rillaboom|83/100|[from] Recoil
|
|-weather|RainDance|[upkeep]
|-heal|p1a: Sneasler|7/100|[from] Grassy Terrain
|-heal|p1b: Rillaboom|88/100|[from] Grassy Terrain
|upkeep
|
|t:|1757692814
|switch|p2a: Basculegion|Basculegion, L50, M, shiny|100/100
|turn|2
|inactive|averythewustab has 30 seconds left.
|inactive|Alecat has 30 seconds left.
|inactive|averythewustab has 20 seconds left.
|inactive|averythewustab has 15 seconds left.
|inactive|averythewustab has 10 seconds left.
|inactive|averythewustab has 5 seconds left.
|
|t:|1757692865
|move|p2a: Basculegion|Aqua Jet|p1a: Sneasler
|-damage|p1a: Sneasler|0 fnt
|faint|p1a: Sneasler
|move|p2b: Archaludon|Electro Shot||[still]
|-prepare|p2b: Archaludon|Electro Shot
|-boost|p2b: Archaludon|spa|1
|-anim|p2b: Archaludon|Electro Shot|p1b: Rillaboom
|-resisted|p1b: Rillaboom
|-damage|p1b: Rillaboom|67/100
|move|p1b: Rillaboom|Wood Hammer|p2a: Basculegion
|-supereffective|p2a: Basculegion
|-damage|p2a: Basculegion|0 fnt
|faint|p2a: Basculegion
|-damage|p1b: Rillaboom|36/100|[from] Recoil
|
|-weather|RainDance|[upkeep]
|-heal|p1b: Rillaboom|42/100|[from] Grassy Terrain
|upkeep
|inactive|Alecat has 30 seconds left.
|
|t:|1757692891
|switch|p1a: Espathra|Espathra, L50, F, shiny|100/100
|switch|p2a: Annihilape|Annihilape, L50, M, shiny|100/100
|-enditem|p1a: Espathra|Grassy Seed
|-boost|p1a: Espathra|def|1|[from] item: Grassy Seed
|turn|3
|inactive|averythewustab has 30 seconds left.
|
|t:|1757692925
|move|p1a: Espathra|Protect|p1a: Espathra
|-singleturn|p1a: Espathra|Protect
|move|p2a: Annihilape|Rage Fist|p1b: Rillaboom
|-damage|p1b: Rillaboom|24/100
|move|p2b: Archaludon|Electro Shot||[still]
|-prepare|p2b: Archaludon|Electro Shot
|-boost|p2b: Archaludon|spa|1
|-anim|p2b: Archaludon|Electro Shot|p1b: Rillaboom
|-resisted|p1b: Rillaboom
|-damage|p1b: Rillaboom|0 fnt
|faint|p1b: Rillaboom
|
|-weather|RainDance|[upkeep]
|-ability|p1a: Espathra|Speed Boost|boost
|-boost|p1a: Espathra|spe|1
|upkeep
|
|t:|1757692939
|switch|p1b: Kingambit|Kingambit, L50, F|100/100
|turn|4
|inactive|averythewustab has 30 seconds left.
|
|t:|1757692972
|-terastallize|p1a: Espathra|Fighting
|-terastallize|p2a: Annihilape|Water
|move|p1b: Kingambit|Protect|p1b: Kingambit
|-singleturn|p1b: Kingambit|Protect
|move|p1a: Espathra|Calm Mind|p1a: Espathra
|-boost|p1a: Espathra|spa|1
|-boost|p1a: Espathra|spd|1
|move|p2a: Annihilape|Taunt|p1a: Espathra
|-start|p1a: Espathra|move: Taunt
|move|p2b: Archaludon|Electro Shot||[still]
|-prepare|p2b: Archaludon|Electro Shot
|-boost|p2b: Archaludon|spa|1
|-anim|p2b: Archaludon|Electro Shot|p1a: Espathra
|-damage|p1a: Espathra|19/100
|
|-weather|RainDance|[upkeep]
|-heal|p1a: Espathra|25/100|[from] Grassy Terrain
|-ability|p1a: Espathra|Speed Boost|boost
|-boost|p1a: Espathra|spe|1
|upkeep
|turn|5
|inactive|Alecat has 30 seconds left.
|inactive|averythewustab has 30 seconds left.
|inactive|averythewustab has 20 seconds left.
|
|t:|1757693007
|move|p1b: Kingambit|Sucker Punch|p2b: Archaludon
|-damage|p2b: Archaludon|73/100
|-ability|p2b: Archaludon|Stamina|boost
|-boost|p2b: Archaludon|def|1
|move|p1a: Espathra|Tera Blast|p2b: Archaludon|[anim] Tera Blast Fighting
|-supereffective|p2b: Archaludon
|-damage|p2b: Archaludon|3/100
|-ability|p2b: Archaludon|Stamina|boost
|-boost|p2b: Archaludon|def|1
|move|p2a: Annihilape|Rage Fist|p1a: Espathra
|-damage|p1a: Espathra|9/100
|move|p2b: Archaludon|Electro Shot||[still]
|-prepare|p2b: Archaludon|Electro Shot
|-boost|p2b: Archaludon|spa|1
|-anim|p2b: Archaludon|Electro Shot|p1a: Espathra
|-damage|p1a: Espathra|0 fnt
|faint|p1a: Espathra
|
|-weather|none
|-heal|p2b: Archaludon|9/100|[from] Grassy Terrain
|-fieldend|move: Grassy Terrain
|upkeep
|turn|6
|
|t:|1757693032
|move|p1b: Kingambit|Sucker Punch|p2b: Archaludon
|-damage|p2b: Archaludon|0 fnt
|faint|p2b: Archaludon
|move|p2a: Annihilape|Close Combat|p1b: Kingambit
|-supereffective|p1b: Kingambit
|-damage|p1b: Kingambit|0 fnt
|-unboost|p2a: Annihilape|def|1
|-unboost|p2a: Annihilape|spd|1
|faint|p1b: Kingambit
|
|win|averythewustab
