|j|☆kengo19
|j|☆Sketchyseal3264
|html|kengo19Sketchyseal3264    
|uhtml|bestof|Game 2 of a best-of-3
|t:|1786071297
|gametype|doubles
|player|p1|kengo19|169|
|player|p2|Sketchyseal3264|169|
|gen|9
|tier|[Gen 9 Champions] VGC 2026 Reg M-B (Bo3)
|rule|Species Clause: Limit one of each Pokémon
|rule|Item Clause: Limit 1 of each item
|clearpoke
|poke|p1|Meowstic, L50, M|
|poke|p1|Basculegion, L50, M|
|poke|p1|Archaludon, L50, M|
|poke|p1|Swampert, L50, M|
|poke|p1|Rotom-Fan, L50|
|poke|p1|Meganium, L50, M|
|poke|p2|Dragonite, L50, M|
|poke|p2|Meowscarada, L50, F|
|poke|p2|Sneasler, L50, M|
|poke|p2|Gholdengo, L50|
|poke|p2|Diggersby, L50, F|
|poke|p2|Empoleon, L50, M|
|teampreview|4
|showteam|p1|Meowstic||LightClay|Prankster|Psychic,Reflect,LightScreen,RainDance|Bold||M|||50|]Basculegion||ChoiceScarf|Adaptability|AquaJet,WaveCrash,FlipTurn,LastRespects|Adamant||M|||50|]Archaludon||FocusSash|Stamina|ElectroShot,SteelBeam,DracoMeteor,Protect|Modest||M|||50|]Swampert||Swampertite|Torrent|WaveCrash,HighHorsepower,IcePunch,Protect|Adamant||M|||50|]Rotom-Fan||SitrusBerry|Levitate|AirSlash,Thunderbolt,WillOWisp,Protect|Serious|||||50|]Meganium||Meganiumite|Overgrow|SolarBeam,DazzlingGleam,WeatherBall,Protect|Modest||M|||50|
|showteam|p2|Dragonite||Dragoninite|Multiscale|Tailwind,Hurricane,DragonPulse,Protect|Modest||M|||50|]Meowscarada||ChoiceScarf|Protean|FlowerTrick,Uturn,BrickBreak,Trick|Adamant||F|||50|]Sneasler||FocusSash|Unburden|FakeOut,CloseCombat,DireClaw,Trailblaze|Adamant||M|||50|]Gholdengo||LifeOrb|GoodasGold|FocusBlast,ShadowBall,MakeItRain,Protect|Modest|||||50|]Diggersby||SoftSand|HugePower|HighHorsepower,Trailblaze,QuickAttack,BodySlam|Adamant||F|||50|]Empoleon||Leftovers|Competitive|AirSlash,FlashCannon,GrassKnot,Haze|Modest||M|||50|
|
|t:|1786071341
|teamsize|p1|4
|teamsize|p2|4
|start
|switch|p1a: Archaludon|Archaludon, L50, M|100/100
|switch|p1b: Basculegion|Basculegion, L50, M|100/100
|switch|p2a: Sneasler|Sneasler, L50, M|100/100
|switch|p2b: Meowscarada|Meowscarada, L50, F|100/100
|turn|1
|c|☆kengo19|crap i selected the worng mega
|
|t:|1786071444
|switch|p1b: Meowstic|Meowstic, L50, M|100/100
|move|p1a: Archaludon|Protect|p1a: Archaludon
|-singleturn|p1a: Archaludon|Protect
|move|p2a: Sneasler|Fake Out|p1a: Archaludon
|-activate|p1a: Archaludon|move: Protect
|move|p2b: Meowscarada|Flower Trick|p1b: Meowstic
|-start|p2b: Meowscarada|typechange|Grass|[from] ability: Protean
|-crit|p1b: Meowstic
|-damage|p1b: Meowstic|48/100
|
|upkeep
|turn|2
|
|t:|1786071472
|move|p1b: Meowstic|Rain Dance|p1b: Meowstic
|-weather|RainDance
|move|p2b: Meowscarada|Flower Trick|p1a: Archaludon
|-resisted|p1a: Archaludon|2
|-crit|p1a: Archaludon
|-damage|p1a: Archaludon|87/100
|-ability|p1a: Archaludon|Stamina|boost
|-boost|p1a: Archaludon|def|1
|move|p2a: Sneasler|Close Combat|p1a: Archaludon
|-supereffective|p1a: Archaludon|1
|-damage|p1a: Archaludon|10/100
|-unboost|p2a: Sneasler|def|1
|-unboost|p2a: Sneasler|spd|1
|-ability|p1a: Archaludon|Stamina|boost
|-boost|p1a: Archaludon|def|1
|move|p1a: Archaludon|Draco Meteor|p2b: Meowscarada
|-damage|p2b: Meowscarada|0 fnt
|-unboost|p1a: Archaludon|spa|2
|faint|p2b: Meowscarada
|
|-weather|RainDance|[upkeep]
|upkeep
|
|t:|1786071488
|switch|p2b: Dragonite|Dragonite, L50, M|100/100
|turn|3
|
|t:|1786071505
|detailschange|p2b: Dragonite|Dragonite-Mega, L50, M
|-mega|p2b: Dragonite|Dragonite|Dragoninite
|move|p1a: Archaludon|Protect|p1a: Archaludon
|-singleturn|p1a: Archaludon|Protect
|move|p1b: Meowstic|Light Screen|p1b: Meowstic
|-sidestart|p1: kengo19|move: Light Screen
|move|p2a: Sneasler|Close Combat|p1a: Archaludon
|-activate|p1a: Archaludon|move: Protect
|move|p2b: Dragonite|Hurricane|p1b: Meowstic
|-damage|p1b: Meowstic|2/100
|
|-weather|RainDance|[upkeep]
|upkeep
|turn|4
|
|t:|1786071533
|move|p1b: Meowstic|Reflect|p1b: Meowstic
|-sidestart|p1: kengo19|Reflect
|move|p2a: Sneasler|Trailblaze|p1b: Meowstic
|-damage|p1b: Meowstic|0 fnt
|-boost|p2a: Sneasler|spe|1
|faint|p1b: Meowstic
|move|p1a: Archaludon|Electro Shot||[still]
|-prepare|p1a: Archaludon|Electro Shot
|-boost|p1a: Archaludon|spa|1
|-anim|p1a: Archaludon|Electro Shot|p2b: Dragonite
|-damage|p2b: Dragonite|86/100
|move|p2b: Dragonite|Dragon Pulse|p1a: Archaludon
|-damage|p1a: Archaludon|0 fnt
|faint|p1a: Archaludon
|
|-weather|RainDance|[upkeep]
|upkeep
|
|t:|1786071548
|switch|p1a: Swampert|Swampert, L50, M|100/100
|switch|p1b: Basculegion|Basculegion, L50, M|100/100
|turn|5
|
|t:|1786071568
|detailschange|p1a: Swampert|Swampert-Mega, L50, M
|-mega|p1a: Swampert|Swampert|Swampertite
|move|p2a: Sneasler|Close Combat|p1a: Swampert
|-damage|p1a: Swampert|59/100
|-unboost|p2a: Sneasler|def|1
|-unboost|p2a: Sneasler|spd|1
|move|p1a: Swampert|High Horsepower|p2a: Sneasler
|-supereffective|p2a: Sneasler|1
|-enditem|p2a: Sneasler|Focus Sash
|-damage|p2a: Sneasler|1/100
|move|p1b: Basculegion|Last Respects|p2b: Dragonite
|-damage|p2b: Dragonite|4/100
|move|p2b: Dragonite|Dragon Pulse|p1a: Swampert
|-damage|p1a: Swampert|24/100
|
|-weather|RainDance|[upkeep]
|upkeep
|turn|6
|
|t:|1786071593
|move|p1a: Swampert|Protect|p1a: Swampert
|-singleturn|p1a: Swampert|Protect
|move|p2a: Sneasler|Trailblaze|p1a: Swampert
|-activate|p1a: Swampert|move: Protect
|move|p1b: Basculegion|Last Respects|p2a: Sneasler
|-damage|p2a: Sneasler|0 fnt
|faint|p2a: Sneasler
|move|p2b: Dragonite|Hurricane|p1b: Basculegion
|-damage|p1b: Basculegion|50/100g
|
|-weather|none
|upkeep
|
|t:|1786071596
|switch|p2a: Gholdengo|Gholdengo, L50|100/100
|turn|7
|
|t:|1786071629
|move|p2a: Gholdengo|Protect|p2a: Gholdengo
|-singleturn|p2a: Gholdengo|Protect
|move|p1b: Basculegion|Last Respects|p2a: Gholdengo
|-activate|p2a: Gholdengo|move: Protect
|move|p1a: Swampert|Ice Punch|p2b: Dragonite
|-supereffective|p2b: Dragonite|2
|-damage|p2b: Dragonite|0 fnt
|faint|p2b: Dragonite
|
|upkeep
|turn|8
|
|t:|1786071644
|move|p1b: Basculegion|Last Respects|p2a: Gholdengo
|-supereffective|p2a: Gholdengo|1
|-damage|p2a: Gholdengo|0 fnt
|faint|p2a: Gholdengo
|
|win|kengo19
|c|☆Sketchyseal3264|wp
|c|☆kengo19|gg
||Sketchyseal3264 is ready for game 3.
|inactive|kengo19 has 30 seconds to confirm battle start!
||kengo19 is ready for game 3.
|uhtml|next|Next: Game 3 of 3
