|j|☆raylof
|j|☆koraidon goat
|html|raylofkoraidon goat    
|uhtml|bestof|Game 2 of a best-of-3
|t:|1757917496
|gametype|doubles
|player|p1|raylof|266|1215
|player|p2|koraidon goat|drayden|1118
|gen|9
|tier|[Gen 9] VGC 2025 Reg H (Bo3)
|rated|
|rule|Species Clause: Limit one of each Pokémon
|rule|Item Clause: Limit 1 of each item
|clearpoke
|poke|p1|Dragonite, L50, M|
|poke|p1|Ursaluna-Bloodmoon, L50, M|
|poke|p1|Gholdengo, L50|
|poke|p1|Incineroar, L50, F|
|poke|p1|Sneasler, L50, M|
|poke|p1|Rillaboom, L50, M|
|poke|p2|Gholdengo, L50|
|poke|p2|Dragonite, L50, F|
|poke|p2|Incineroar, L50, M|
|poke|p2|Ribombee, L50, F|
|poke|p2|Annihilape, L50, F|
|poke|p2|Ursaluna-Bloodmoon, L50, M|
|teampreview|4
|showteam|p1|Dragonite||LoadedDice|Multiscale|Protect,ScaleShot,Haze,Tailwind|||M|||50|,,,,,Fairy]Ursaluna-Bloodmoon||LifeOrb|MindsEye|HyperVoice,BloodMoon,EarthPower,Protect|||M|||50|,,,,,Water]Gholdengo||ChoiceScarf|GoodasGold|MakeItRain,ShadowBall,PowerGem,Trick||||||50|,,,,,Water]Incineroar||SafetyGoggles|Intimidate|FlareBlitz,KnockOff,FakeOut,PartingShot|||F|||50|,,,,,Ghost]Sneasler||GrassySeed|Unburden|Protect,Acrobatics,CloseCombat,SwordsDance|||M|||50|,,,,,Flying]Rillaboom||AssaultVest|GrassySurge|WoodHammer,GrassyGlide,HighHorsepower,FakeOut|||M|||50|,,,,,Fire
|showteam|p2|Gholdengo||IronPlate|GoodasGold|MakeItRain,ShadowBall,NastyPlot,Protect||||||50|,,,,,Steel]Dragonite||LoadedDice|Multiscale|ScaleShot,Protect,Haze,Encore|||F|||50|,,,,,Fairy]Incineroar||SitrusBerry|Intimidate|FakeOut,FlareBlitz,KnockOff,PartingShot|||M|||50|,,,,,Ghost]Ribombee||FocusSash|SweetVeil|Moonblast,Protect,Tailwind,PollenPuff|||F|||50|,,,,,Ghost]Annihilape||Leftovers|Defiant|DrainPunch,BulkUp,RageFist,Protect|||F|||50|,,,,,Water]Ursaluna-Bloodmoon||LifeOrb|MindsEye|EarthPower,Protect,HyperVoice,BloodMoon|||M|||50|,,,,,Normal
|inactive|Battle timer is ON: inactive players will automatically lose when time's up. (requested by koraidon goat)
|inactive|raylof has 60 seconds left.
|
|t:|1757917536
|teamsize|p1|4
|teamsize|p2|4
|start
|switch|p1a: Gholdengo|Gholdengo, L50|100/100
|switch|p1b: Rillaboom|Rillaboom, L50, M|100/100
|switch|p2a: Incineroar|Incineroar, L50, M|100/100
|switch|p2b: Ursaluna|Ursaluna-Bloodmoon, L50, M|100/100
|-fieldstart|move: Grassy Terrain|[from] ability: Grassy Surge|[of] p1b: Rillaboom
|-ability|p2a: Incineroar|Intimidate|boost
|-unboost|p1a: Gholdengo|atk|1
|-unboost|p1b: Rillaboom|atk|1
|turn|1
|inactive|raylof has 30 seconds left.
|inactive|koraidon goat has 30 seconds left.
|
|t:|1757917567
|move|p2b: Ursaluna|Protect|p2b: Ursaluna
|-singleturn|p2b: Ursaluna|Protect
|move|p1b: Rillaboom|Fake Out|p2a: Incineroar
|-damage|p2a: Incineroar|92/100
|move|p1a: Gholdengo|Make It Rain|p2b: Ursaluna|[spread] p2a
|-activate|p2b: Ursaluna|move: Protect
|-resisted|p2a: Incineroar
|-damage|p2a: Incineroar|73/100
|-unboost|p1a: Gholdengo|spa|1
|cant|p2a: Incineroar|flinch
|
|-heal|p2a: Incineroar|79/100|[from] Grassy Terrain
|upkeep
|turn|2
|inactive|koraidon goat has 30 seconds left.
|inactive|koraidon goat has 20 seconds left.
|
|t:|1757917602
|switch|p2b: Gholdengo|Gholdengo, L50|100/100
|move|p1a: Gholdengo|Make It Rain|p2b: Gholdengo|[spread] p2a,p2b
|-resisted|p2a: Incineroar
|-resisted|p2b: Gholdengo
|-damage|p2a: Incineroar|66/100
|-damage|p2b: Gholdengo|82/100
|-unboost|p1a: Gholdengo|spa|1
|move|p1b: Rillaboom|Wood Hammer|p2b: Gholdengo
|-resisted|p2b: Gholdengo
|-damage|p2b: Gholdengo|50/100
|-damage|p1b: Rillaboom|92/100|[from] Recoil
|move|p2a: Incineroar|Parting Shot|p1b: Rillaboom
|-unboost|p1b: Rillaboom|atk|1
|-unboost|p1b: Rillaboom|spa|1
|
|t:|1757917619
|switch|p2a: Ribombee|Ribombee, L50, F, shiny|100/100|[from] Parting Shot
|
|-heal|p2b: Gholdengo|56/100|[from] Grassy Terrain
|-heal|p1b: Rillaboom|98/100|[from] Grassy Terrain
|upkeep
|turn|3
|inactive|raylof has 30 seconds left.
|
|t:|1757917649
|switch|p1a: Ursaluna|Ursaluna-Bloodmoon, L50, M|100/100
|switch|p2a: Incineroar|Incineroar, L50, M|66/100
|-ability|p2a: Incineroar|Intimidate|boost
|-unboost|p1a: Ursaluna|atk|1
|-unboost|p1b: Rillaboom|atk|1
|move|p2b: Gholdengo|Shadow Ball|p1a: Ursaluna
|-immune|p1a: Ursaluna
|move|p1b: Rillaboom|High Horsepower|p2b: Gholdengo
|-supereffective|p2b: Gholdengo
|-damage|p2b: Gholdengo|23/100
|
|-heal|p2b: Gholdengo|29/100|[from] Grassy Terrain
|-heal|p1b: Rillaboom|100/100|[from] Grassy Terrain
|-heal|p2a: Incineroar|72/100|[from] Grassy Terrain
|upkeep
|turn|4
|inactive|koraidon goat has 30 seconds left.
|inactive|koraidon goat has 20 seconds left.
|inactive|koraidon goat has 15 seconds left.
|inactive|koraidon goat has 10 seconds left.
|
|t:|1757917695
|switch|p1b: Sneasler|Sneasler, L50, M|100/100
|-enditem|p1b: Sneasler|Grassy Seed
|-boost|p1b: Sneasler|def|1|[from] item: Grassy Seed
|move|p2b: Gholdengo|Protect|p2b: Gholdengo
|-singleturn|p2b: Gholdengo|Protect
|move|p1a: Ursaluna|Protect|p1a: Ursaluna
|-singleturn|p1a: Ursaluna|Protect
|move|p2a: Incineroar|Flare Blitz|p1a: Ursaluna
|-activate|p1a: Ursaluna|move: Protect
|
|-heal|p2b: Gholdengo|35/100|[from] Grassy Terrain
|-heal|p2a: Incineroar|78/100|[from] Grassy Terrain
|upkeep
|turn|5
|inactive|raylof has 30 seconds left.
|inactive|koraidon goat has 30 seconds left.
|inactive|raylof has 20 seconds left.
|
|t:|1757917731
|move|p1b: Sneasler|Swords Dance|p1b: Sneasler
|-boost|p1b: Sneasler|atk|2
|move|p2b: Gholdengo|Make It Rain|p1b: Sneasler|[spread] p1a,p1b
|-damage|p1a: Ursaluna|29/100
|-damage|p1b: Sneasler|24/100
|-unboost|p2b: Gholdengo|spa|1
|move|p1a: Ursaluna|Earth Power|p2b: Gholdengo
|-supereffective|p2b: Gholdengo
|-damage|p2b: Gholdengo|0 fnt
|faint|p2b: Gholdengo
|-damage|p1a: Ursaluna|19/100|[from] item: Life Orb
|move|p2a: Incineroar|Parting Shot|p1b: Sneasler
|-unboost|p1b: Sneasler|atk|1
|-unboost|p1b: Sneasler|spa|1
|
|t:|1757917744
|switch|p2a: Ribombee|Ribombee, L50, F, shiny|100/100|[from] Parting Shot
|
|-heal|p1b: Sneasler|29/100|[from] Grassy Terrain
|-heal|p1a: Ursaluna|25/100|[from] Grassy Terrain
|-fieldend|move: Grassy Terrain
|upkeep
|
|t:|1757917756
|switch|p2b: Incineroar|Incineroar, L50, M|78/100
|-ability|p2b: Incineroar|Intimidate|boost
|-unboost|p1a: Ursaluna|atk|1
|-unboost|p1b: Sneasler|atk|1
|turn|6
|
|t:|1757917774
|move|p1b: Sneasler|Protect|p1b: Sneasler
|-singleturn|p1b: Sneasler|Protect
|move|p1a: Ursaluna|Protect|p1a: Ursaluna
|-singleturn|p1a: Ursaluna|Protect
|move|p2b: Incineroar|Fake Out|p1b: Sneasler
|-activate|p1b: Sneasler|move: Protect
|move|p2a: Ribombee|Tailwind|p2a: Ribombee
|-sidestart|p2: koraidon goat|move: Tailwind
|
|upkeep
|turn|7
|inactive|raylof has 30 seconds left.
|inactive|raylof has 20 seconds left.
|
|t:|1757917810
|-terastallize|p1b: Sneasler|Flying
|move|p2a: Ribombee|Moonblast|p1b: Sneasler
|-damage|p1b: Sneasler|0 fnt
|faint|p1b: Sneasler
|move|p2b: Incineroar|Knock Off|p1a: Ursaluna
|-damage|p1a: Ursaluna|0 fnt
|-enditem|p1a: Ursaluna|Life Orb|[from] move: Knock Off|[of] p2b: Incineroar
|faint|p1a: Ursaluna
|
|upkeep
|
|t:|1757917819
|switch|p1b: Gholdengo|Gholdengo, L50|100/100
|switch|p1a: Rillaboom|Rillaboom, L50, M|100/100
|-fieldstart|move: Grassy Terrain|[from] ability: Grassy Surge|[of] p1a: Rillaboom
|turn|8
|l|☆koraidon goat
|inactive|koraidon goat disconnected and has a minute to reconnect!
|player|p2|
|inactive|raylof has 30 seconds left.
|inactive|koraidon goat has 30 seconds left.
|inactive|raylof has 20 seconds left.
|inactive|koraidon goat has 20 seconds left.
|j|☆koraidon goat
|inactive|koraidon goat reconnected and has 20 seconds left.
|player|p2|koraidon goat|drayden|
|inactive|koraidon goat has 15 seconds left.
|inactive|raylof has 15 seconds left.
|inactive|koraidon goat has 10 seconds left.
|inactive|raylof has 10 seconds left.
|inactive|koraidon goat has 5 seconds left.
|
|t:|1757917869
|move|p2a: Ribombee|Protect|p2a: Ribombee
|-singleturn|p2a: Ribombee|Protect
|move|p1b: Gholdengo|Power Gem|p2b: Incineroar
|-supereffective|p2b: Incineroar
|-damage|p2b: Incineroar|34/100
|-enditem|p2b: Incineroar|Sitrus Berry|[eat]
|-heal|p2b: Incineroar|59/100|[from] item: Sitrus Berry
|move|p2b: Incineroar|Flare Blitz|p1a: Rillaboom
|-supereffective|p1a: Rillaboom
|-damage|p1a: Rillaboom|18/100
|-damage|p2b: Incineroar|31/100|[from] Recoil
|move|p1a: Rillaboom|Wood Hammer|p2b: Incineroar
|-resisted|p2b: Incineroar
|-damage|p2b: Incineroar|0 fnt
|faint|p2b: Incineroar
|-damage|p1a: Rillaboom|8/100|[from] Recoil
|
|-heal|p1a: Rillaboom|14/100|[from] Grassy Terrain
|upkeep
|
|t:|1757917890
|switch|p2b: Ursaluna|Ursaluna-Bloodmoon, L50, M|100/100
|turn|9
|
|t:|1757917913
|move|p1a: Rillaboom|Grassy Glide|p2b: Ursaluna
|-supereffective|p2b: Ursaluna
|-damage|p2b: Ursaluna|37/100
|move|p2a: Ribombee|Pollen Puff|p1a: Rillaboom
|-supereffective|p1a: Rillaboom
|-damage|p1a: Rillaboom|0 fnt
|faint|p1a: Rillaboom
|move|p1b: Gholdengo|Power Gem|p2a: Ribombee
|-supereffective|p2a: Ribombee
|-damage|p2a: Ribombee|5/100
|move|p2b: Ursaluna|Earth Power|p1b: Gholdengo
|-supereffective|p1b: Gholdengo
|-damage|p1b: Gholdengo|0 fnt
|faint|p1b: Gholdengo
|-damage|p2b: Ursaluna|27/100|[from] item: Life Orb
|
|win|koraidon goat
|inactive|raylof has 30 seconds to confirm battle start!
|inactive|koraidon goat has 30 seconds to confirm battle start!
||raylof is ready for game 3.
|inactive|koraidon goat has 20 seconds to confirm battle start!
||koraidon goat is ready for game 3.
|uhtml|next|Next: Game 3 of 3
|l|☆koraidon goat
|player|p2|
