|j|☆Isam_26011
|j|☆SleepySilver07
|html|Isam_26011SleepySilver07    
|uhtml|bestof|Game 1 of a best-of-3
|t:|1757116134
|gametype|doubles
|player|p1|Isam_26011|n|1139
|player|p2|SleepySilver07|102|1247
|gen|9
|tier|[Gen 9] VGC 2025 Reg H (Bo3)
|rated|
|rule|Species Clause: Limit one of each Pokémon
|rule|Item Clause: Limit 1 of each item
|clearpoke
|poke|p1|Indeedee-F, L50, F|
|poke|p1|Hatterene, L50, F|
|poke|p1|Gallade, L50, M|
|poke|p1|Ursaluna, L50, M|
|poke|p1|Sunflora, L50, M|
|poke|p1|Torkoal, L50, M|
|poke|p2|Ninetales-Alola, L50, M|
|poke|p2|Volcarona, L50, F|
|poke|p2|Rillaboom, L50, M|
|poke|p2|Incineroar, L50, M|
|poke|p2|Basculegion, L50, M|
|poke|p2|Dragonite, L50, M|
|teampreview|4
|showteam|p1|Indeedee-F||PsychicSeed|PsychicSurge|TrickRoom,FollowMe,HelpingHand,DazzlingGleam|||F|||50|,,,,,Fire]Hatterene||LifeOrb|MagicBounce|ExpandingForce,TrickRoom,DazzlingGleam,Protect|||F|||50|,,,,,Psychic]Gallade||ClearAmulet|Sharpness|PsychoCut,TrickRoom,SacredSword,WideGuard|||M|||50|,,,,,Grass]Ursaluna||FlameOrb|Guts|HeadlongRush,Facade,SwordsDance,Protect|||M|||50|,,,,,Ghost]Sunflora||ChoiceSpecs|SolarPower|LeafStorm,WeatherBall,SludgeBomb,EarthPower|||M|||50|,,,,,Fire]Torkoal||Charcoal|Drought|Eruption,EarthPower,WeatherBall,Protect|||M|||50|,,,,,Fire
|showteam|p2|Ninetales-Alola||FocusSash|SnowWarning|Blizzard,IcyWind,Protect,AuroraVeil|||M|||50|,,,,,Ghost]Volcarona||CovertCloak|FlameBody|HeatWave,TeraBlast,Protect,QuiverDance|||F|||50|,,,,,Fairy]Rillaboom||MiracleSeed|GrassySurge|DrumBeating,GrassyGlide,Taunt,FakeOut|||M|||50|,,,,,Fire]Incineroar||MirrorHerb|Intimidate|FlareBlitz,KnockOff,FakeOut,PartingShot|||M|||50|,,,,,Ghost]Basculegion||ChoiceScarf|Adaptability|WaveCrash,LastRespects,FlipTurn,AquaJet|||M|||50|,,,,,Grass]Dragonite||LoadedDice|Multiscale|ScaleShot,ExtremeSpeed,Haze,Tailwind|||M|||50|,,,,,Steel
|inactive|Battle timer is ON: inactive players will automatically lose when time's up. (requested by SleepySilver07)
|
|t:|1757116183
|teamsize|p1|4
|teamsize|p2|4
|start
|switch|p1a: Paty|Indeedee-F, L50, F, shiny|100/100
|switch|p1b: Acelga|Hatterene, L50, F, shiny|100/100
|switch|p2a: Incineroar|Incineroar, L50, M|100/100
|switch|p2b: Basculegion|Basculegion, L50, M|100/100
|-ability|p2a: Incineroar|Intimidate|boost
|-unboost|p1a: Paty|atk|1
|-unboost|p1b: Acelga|atk|1
|-fieldstart|move: Psychic Terrain|[from] ability: Psychic Surge|[of] p1a: Paty
|-enditem|p1a: Paty|Psychic Seed
|-boost|p1a: Paty|spd|1|[from] item: Psychic Seed
|-enditem|p2a: Incineroar|Mirror Herb
|-boost|p2a: Incineroar|spd|1|[from] item: Mirror Herb
|turn|1
|inactive|Isam_26011 has 30 seconds left.
|inactive|SleepySilver07 has 30 seconds left.
|
|t:|1757116217
|-terastallize|p1a: Paty|Fire
|move|p1b: Acelga|Protect|p1b: Acelga
|-singleturn|p1b: Acelga|Protect
|move|p2b: Basculegion|Flip Turn|p1b: Acelga
|-activate|p1b: Acelga|move: Protect
|move|p2a: Incineroar|Knock Off|p1b: Acelga
|-activate|p1b: Acelga|move: Protect
|move|p1a: Paty|Trick Room|p1a: Paty
|-fieldstart|move: Trick Room|[of] p1a: Paty
|
|upkeep
|turn|2
|inactive|Isam_26011 has 30 seconds left.
|
|t:|1757116242
|switch|p2b: Rillaboom|Rillaboom, L50, M|100/100
|-fieldstart|move: Grassy Terrain|[from] ability: Grassy Surge|[of] p2b: Rillaboom
|move|p1a: Paty|Helping Hand|p1b: Acelga
|-singleturn|p1b: Acelga|Helping Hand|[of] p1a: Paty
|move|p1b: Acelga|Expanding Force|p2b: Rillaboom
|-damage|p2b: Rillaboom|0 fnt
|faint|p2b: Rillaboom
|-damage|p1b: Acelga|91/100|[from] item: Life Orb
|move|p2a: Incineroar|Knock Off|p1b: Acelga
|-damage|p1b: Acelga|51/100
|-enditem|p1b: Acelga|Life Orb|[from] move: Knock Off|[of] p2a: Incineroar
|
|-heal|p1b: Acelga|56/100|[from] Grassy Terrain
|upkeep
|
|t:|1757116257
|switch|p2b: Basculegion|Basculegion, L50, M|100/100
|turn|3
|inactive|SleepySilver07 has 30 seconds left.
|
|t:|1757116286
|switch|p1b: Mbappe|Torkoal, L50, M, shiny|100/100
|-weather|SunnyDay|[from] ability: Drought|[of] p1b: Mbappe
|switch|p1a: GOD|Sunflora, L50, M|100/100
|move|p2a: Incineroar|Flare Blitz|p1b: Mbappe
|-resisted|p1b: Mbappe
|-damage|p1b: Mbappe|75/100
|-damage|p2a: Incineroar|93/100|[from] Recoil
|move|p2b: Basculegion|Wave Crash|p1a: GOD
|-resisted|p1a: GOD
|-damage|p1a: GOD|71/100
|-damage|p2b: Basculegion|92/100|[from] Recoil
|
|-weather|SunnyDay|[upkeep]
|-damage|p1a: GOD|59/100|[from] ability: Solar Power|[of] p1a: GOD
|-heal|p1b: Mbappe|81/100|[from] Grassy Terrain
|-heal|p1a: GOD|64/100|[from] Grassy Terrain
|-heal|p2a: Incineroar|99/100|[from] Grassy Terrain
|-heal|p2b: Basculegion|98/100|[from] Grassy Terrain
|upkeep
|turn|4
|inactive|Isam_26011 has 30 seconds left.
|inactive|SleepySilver07 has 30 seconds left.
|inactive|Isam_26011 has 20 seconds left.
|inactive|Isam_26011 has 15 seconds left.
|
|t:|1757116326
|switch|p1b: Paty|Indeedee-F, L50, F, shiny, tera:Fire|100/100
|-fieldstart|move: Psychic Terrain|[from] ability: Psychic Surge|[of] p1b: Paty
|move|p1a: GOD|Leaf Storm|p2b: Basculegion
|-supereffective|p2b: Basculegion
|-damage|p2b: Basculegion|0 fnt
|-unboost|p1a: GOD|spa|2
|faint|p2b: Basculegion
|move|p2a: Incineroar|Flare Blitz|p1a: GOD
|-supereffective|p1a: GOD
|-damage|p1a: GOD|0 fnt
|faint|p1a: GOD
|-damage|p2a: Incineroar|81/100|[from] Recoil
|
|-weather|SunnyDay|[upkeep]
|upkeep
|j| Plopy14
|
|t:|1757116342
|switch|p1a: Acelga|Hatterene, L50, F, shiny|56/100
|switch|p2b: Ninetales|Ninetales-Alola, L50, M|100/100
|-weather|Snowscape|[from] ability: Snow Warning|[of] p2b: Ninetales
|turn|5
|
|t:|1757116357
|move|p2b: Ninetales|Protect|p2b: Ninetales
|-singleturn|p2b: Ninetales|Protect
|move|p2a: Incineroar|Flare Blitz|p1a: Acelga
|-crit|p1a: Acelga
|-damage|p1a: Acelga|0 fnt
|faint|p1a: Acelga
|-damage|p2a: Incineroar|66/100|[from] Recoil
|move|p1b: Paty|Trick Room|p1b: Paty
|-fieldend|move: Trick Room
|
|-weather|Snowscape|[upkeep]
|upkeep
|
|t:|1757116362
|switch|p1a: Mbappe|Torkoal, L50, M, shiny|81/100
|-weather|SunnyDay|[from] ability: Drought|[of] p1a: Mbappe
|turn|6
|
|t:|1757116370
|move|p1a: Mbappe|Protect|p1a: Mbappe
|-singleturn|p1a: Mbappe|Protect
|move|p2b: Ninetales|Blizzard|p1a: Mbappe|[spread] p1b
|-activate|p1a: Mbappe|move: Protect
|-resisted|p1b: Paty
|-damage|p1b: Paty|86/100
|move|p2a: Incineroar|Flare Blitz|p1a: Mbappe
|-activate|p1a: Mbappe|move: Protect
|move|p1b: Paty|Trick Room|p1b: Paty
|-fieldstart|move: Trick Room|[of] p1b: Paty
|
|-weather|SunnyDay|[upkeep]
|upkeep
|turn|7
|-message|SleepySilver07 forfeited.
|
|win|Isam_26011
|l|☆SleepySilver07
|player|p2|
||SleepySilver07 is ready for game 2.
||Isam_26011 is ready for game 2.
|uhtml|next|Next: Game 2 of 3
