|j|☆Br1_lore
|j|‽Lycanko_
|html|Br1_loreLycanko_    
|uhtml|bestof|Game 2 of a best-of-3
|t:|1784734519
|gametype|doubles
|player|p1|Br1_lore|170|1176
|player|p2|Lycanko_|florian-bb|1134
|gen|9
|tier|[Gen 9 Champions] VGC 2026 Reg M-B (Bo3)
|rated|
|rule|Species Clause: Limit one of each Pokémon
|rule|Item Clause: Limit 1 of each item
|clearpoke
|poke|p1|Metagross, L50|
|poke|p1|Charizard, L50, M|
|poke|p1|Hydreigon, L50, M|
|poke|p1|Sneasler, L50, M|
|poke|p1|Pelipper, L50, F|
|poke|p1|Whimsicott, L50, F|
|poke|p2|Sneasler, L50, F, shiny|
|poke|p2|Blastoise, L50, M|
|poke|p2|Kingambit, L50, M, shiny|
|poke|p2|Incineroar, L50, M, shiny|
|poke|p2|Delphox, L50, M, shiny|
|poke|p2|Sinistcha, L50, shiny|
|teampreview|4
|showteam|p1|Metagross||Metagrossite|ClearBody|IronHead,PsychicFangs,IcePunch,Protect|Jolly|||||50|]Charizard||CharizarditeY|Blaze|HeatWave,Protect,WeatherBall,SolarBeam|Modest||M|||50|]Hydreigon||ChoiceScarf|Levitate|EarthPower,HeatWave,DarkPulse,DracoMeteor|Timid||M|||50|]Sneasler||WhiteHerb|Unburden|CloseCombat,DireClaw,FakeOut,Protect|Adamant||M|||50|]Pelipper||SitrusBerry|Drizzle|Hurricane,WideGuard,Protect,WeatherBall|Modest||F|||50|]Whimsicott||FocusSash|Prankster|Taunt,Encore,Moonblast,Tailwind|Timid||F|||50|
|showteam|p2|Sneasler||FocusSash|PoisonTouch|PoisonJab,CloseCombat,FakeOut,QuickGuard|Jolly||F|||50|]Blastoise||Blastoisinite|RainDish|DarkPulse,WaterSpout,ShellSmash,Protect|Modest||M|||50|]Kingambit||BlackGlasses|Defiant|KowtowCleave,SuckerPunch,SwordsDance,Protect|Adamant||M|||50|]Incineroar||SitrusBerry|Intimidate|FlareBlitz,HelpingHand,PartingShot,FakeOut|Careful||M|||50|]Delphox||Delphoxite|Blaze|HeatWave,NastyPlot,Psyshock,Protect|Modest||M|||50|]Sinistcha||KasibBerry|Hospitality|MatchaGotcha,RagePowder,TrickRoom,Protect|Bold|||||50|
|inactive|Battle timer is ON: inactive players will automatically lose when time's up. (requested by Lycanko_)
|inactive|Lycanko_ has 60 seconds left.
|
|t:|1784734552
|teamsize|p1|4
|teamsize|p2|4
|start
|switch|p1a: Sneasler|Sneasler, L50, M|100/100
|switch|p1b: Whimsicott|Whimsicott, L50, F|100/100
|switch|p2a: Incineroar|Incineroar, L50, M, shiny|100/100
|switch|p2b: Kingambit|Kingambit, L50, M, shiny|100/100
|-ability|p2a: Incineroar|Intimidate|boost
|-unboost|p1a: Sneasler|atk|1
|-unboost|p1b: Whimsicott|atk|1
|-enditem|p1a: Sneasler|White Herb
|-clearnegativeboost|p1a: Sneasler|[silent]
|turn|1
|inactive|Br1_lore has 30 seconds left.
|
|t:|1784734582
|move|p1a: Sneasler|Fake Out|p2b: Kingambit
|-resisted|p2b: Kingambit|1
|-crit|p2b: Kingambit
|-damage|p2b: Kingambit|92/100
|move|p2a: Incineroar|Fake Out|p1a: Sneasler
|-damage|p1a: Sneasler|85/100
|move|p1b: Whimsicott|Moonblast|p2a: Incineroar
|-damage|p2a: Incineroar|74/100
|cant|p2b: Kingambit|flinch
|
|upkeep
|turn|2
|
|t:|1784734607
|move|p1b: Whimsicott|Tailwind|p1b: Whimsicott
|-sidestart|p1: Br1_lore|move: Tailwind
|move|p2b: Kingambit|Sucker Punch|p1a: Sneasler
|-resisted|p1a: Sneasler|1
|-damage|p1a: Sneasler|57/100
|move|p1a: Sneasler|Close Combat|p2b: Kingambit
|-supereffective|p2b: Kingambit|2
|-damage|p2b: Kingambit|0 fnt
|-unboost|p1a: Sneasler|def|1
|-unboost|p1a: Sneasler|spd|1
|faint|p2b: Kingambit
|move|p2a: Incineroar|Flare Blitz|p1b: Whimsicott
|-supereffective|p1b: Whimsicott|1
|-enditem|p1b: Whimsicott|Focus Sash
|-damage|p1b: Whimsicott|1/100
|-damage|p2a: Incineroar|51/100|[from] Recoil
|
|upkeep
|
|t:|1784734619
|switch|p2b: Delphox|Delphox, L50, M, shiny|100/100
|turn|3
|inactive|Br1_lore has 30 seconds left.
|
|t:|1784734645
|detailschange|p2b: Delphox|Delphox-Mega, L50, M, shiny
|-mega|p2b: Delphox|Delphox|Delphoxite
|move|p1a: Sneasler|Close Combat|p2a: Incineroar
|-supereffective|p2a: Incineroar|1
|-damage|p2a: Incineroar|0 fnt
|-unboost|p1a: Sneasler|def|1
|-unboost|p1a: Sneasler|spd|1
|faint|p2a: Incineroar
|move|p1b: Whimsicott|Moonblast|p2b: Delphox
|-resisted|p2b: Delphox|1
|-crit|p2b: Delphox
|-damage|p2b: Delphox|79/100
|move|p2b: Delphox|Heat Wave|p1b: Whimsicott|[spread] p1a
|-miss|p2b: Delphox|p1b: Whimsicott
|-damage|p1a: Sneasler|0 fnt
|faint|p1a: Sneasler
|
|upkeep
|inactive|Br1_lore has 30 seconds left.
|
|t:|1784734673
|switch|p1a: Charizard|Charizard, L50, M|100/100
|switch|p2a: Sneasler|Sneasler, L50, F, shiny|100/100
|turn|4
|inactive|Br1_lore has 30 seconds left.
|inactive|Br1_lore has 20 seconds left.
|
|t:|1784734710
|switch|p1b: Hydreigon|Hydreigon, L50, M|100/100
|detailschange|p1a: Charizard|Charizard-Mega-Y, L50, M
|-mega|p1a: Charizard|Charizard|Charizardite Y
|-weather|SunnyDay|[from] ability: Drought|[of] p1a: Charizard
|move|p2a: Sneasler|Fake Out|p1b: Hydreigon
|-damage|p1b: Hydreigon|83/100
|move|p1a: Charizard|Weather Ball|p2a: Sneasler
|-enditem|p2a: Sneasler|Focus Sash
|-damage|p2a: Sneasler|1/100
|move|p2b: Delphox|Psyshock|p1a: Charizard
|-damage|p1a: Charizard|52/100
|
|-weather|SunnyDay|[upkeep]
|upkeep
|turn|5
|
|t:|1784734733
|move|p2b: Delphox|Protect|p2b: Delphox
|-singleturn|p2b: Delphox|Protect
|move|p1b: Hydreigon|Dark Pulse|p2b: Delphox
|-activate|p2b: Delphox|move: Protect
|move|p1a: Charizard|Heat Wave|p2b: Delphox|[spread] 
|-activate|p2b: Delphox|move: Protect
|-miss|p1a: Charizard|p2a: Sneasler
|move|p2a: Sneasler|Close Combat|p1b: Hydreigon
|-supereffective|p1b: Hydreigon|1
|-damage|p1b: Hydreigon|0 fnt
|-unboost|p2a: Sneasler|def|1
|-unboost|p2a: Sneasler|spd|1
|faint|p1b: Hydreigon
|
|-weather|SunnyDay|[upkeep]
|-sideend|p1: Br1_lore|move: Tailwind
|upkeep
|
|t:|1784734748
|switch|p1b: Whimsicott|Whimsicott, L50, F|1/100
|turn|6
|inactive|Br1_lore has 30 seconds left.
|
|t:|1784734775
|move|p1b: Whimsicott|Tailwind|p1b: Whimsicott
|-sidestart|p1: Br1_lore|move: Tailwind
|move|p1a: Charizard|Heat Wave|p2b: Delphox|[spread] p2a,p2b
|-resisted|p2b: Delphox|1
|-damage|p2a: Sneasler|0 fnt
|-damage|p2b: Delphox|51/100
|faint|p2a: Sneasler
|move|p2b: Delphox|Heat Wave|p1a: Charizard|[spread] p1a,p1b
|-resisted|p1a: Charizard|1
|-supereffective|p1b: Whimsicott|1
|-damage|p1a: Charizard|24/100
|-damage|p1b: Whimsicott|0 fnt
|faint|p1b: Whimsicott
|
|-weather|SunnyDay|[upkeep]
|upkeep
|turn|7
|
|t:|1784734788
|move|p1a: Charizard|Weather Ball|p2b: Delphox
|-resisted|p2b: Delphox|1
|-damage|p2b: Delphox|11/100
|move|p2b: Delphox|Psyshock|p1a: Charizard
|-crit|p1a: Charizard
|-damage|p1a: Charizard|0 fnt
|faint|p1a: Charizard
|
|win|Lycanko_
||Br1_lore is ready for game 3.
|inactive|Lycanko_ has 30 seconds to confirm battle start!
||Lycanko_ is ready for game 3.
|uhtml|next|Next: Game 3 of 3
|l|☆Br1_lore
|player|p1|
