|j|☆Gamertag1001IF
|j|☆Gancelot
|html|Gamertag1001IFGancelot    
|uhtml|bestof|Game 2 of a best-of-3
|t:|1784153206
|gametype|doubles
|player|p1|Gamertag1001IF|101|1307
|player|p2|Gancelot|morty|1312
|gen|9
|tier|[Gen 9 Champions] VGC 2026 Reg M-B (Bo3)
|rated|
|rule|Species Clause: Limit one of each Pokémon
|rule|Item Clause: Limit 1 of each item
|clearpoke
|poke|p1|Gengar, L50, M|
|poke|p1|Grimmsnarl, L50, M|
|poke|p1|Rotom-Wash, L50|
|poke|p1|Kommo-o, L50, F|
|poke|p1|Talonflame, L50, M|
|poke|p1|Mamoswine, L50, F|
|poke|p2|Garchomp, L50, F|
|poke|p2|Venusaur, L50, M|
|poke|p2|Incineroar, L50, M|
|poke|p2|Charizard, L50, M|
|poke|p2|Toxapex, L50, M|
|poke|p2|Annihilape, L50, F|
|teampreview|4
|showteam|p1|Gengar||Gengarite|CursedBody|SludgeBomb,ShadowBall,PerishSong,Protect|Modest||M|||50|]Grimmsnarl||SitrusBerry|Prankster|FoulPlay,FakeOut,PartingShot,Protect|Relaxed||M|||50|]Rotom-Wash||RindoBerry|Levitate|HydroPump,VoltSwitch,WillOWisp,Protect|Sassy|||||50|]Kommo-o||LifeOrb|Soundproof|ClangingScales,AuraSphere,ClangorousSoul,Protect|Modest||F|||50|]Talonflame|||GaleWings|Acrobatics,Tailwind,QuickGuard,Protect|Jolly||M|||50|]Mamoswine||FocusSash|Oblivious|Earthquake,IcicleCrash,IceShard,Protect|Adamant||F|||50|
|showteam|p2|Garchomp||ChoiceScarf|RoughSkin|Earthquake,RockSlide,DragonClaw,StompingTantrum|Adamant||F|||50|]Venusaur||LifeOrb|Chlorophyll|SludgeBomb,SolarBeam,EarthPower,Protect|Modest||M|||50|]Incineroar||SitrusBerry|Intimidate|FakeOut,FlareBlitz,ThroatChop,PartingShot|Impish||M|||50|]Charizard||CharizarditeY|Blaze|HeatWave,WeatherBall,Protect,HelpingHand|Modest||M|||50|]Toxapex||Leftovers|Regenerator|Infestation,Toxic,WideGuard,BanefulBunker|Impish||M|||50|]Annihilape||FocusSash|Defiant|CloseCombat,PhantomForce,RockTomb,Protect|Jolly||F|||50|
|inactive|Battle timer is ON: inactive players will automatically lose when time's up. (requested by Gamertag1001IF)
|inactive|Gancelot also wants the timer to be on.
|j| senseii trey
|inactive|Gamertag1001IF has 60 seconds left.
|
|t:|1784153241
|teamsize|p1|4
|teamsize|p2|4
|start
|switch|p1a: Talonflame|Talonflame, L50, M|100/100
|switch|p1b: Kommo-o|Kommo-o, L50, F|100/100
|switch|p2a: Garchomp|Garchomp, L50, F|100/100
|switch|p2b: Charizard|Charizard, L50, M|100/100
|turn|1
|
|t:|1784153256
|detailschange|p2b: Charizard|Charizard-Mega-Y, L50, M
|-mega|p2b: Charizard|Charizard|Charizardite Y
|-weather|SunnyDay|[from] ability: Drought|[of] p2b: Charizard
|move|p1b: Kommo-o|Protect|p1b: Kommo-o
|-singleturn|p1b: Kommo-o|Protect
|move|p1a: Talonflame|Tailwind|p1a: Talonflame
|-sidestart|p1: Gamertag1001IF|move: Tailwind
|move|p2a: Garchomp|Rock Slide|p1b: Kommo-o|[spread] p1a
|-activate|p1b: Kommo-o|move: Protect
|-supereffective|p1a: Talonflame|2
|-damage|p1a: Talonflame|0 fnt
|faint|p1a: Talonflame
|move|p2b: Charizard|Weather Ball|p1b: Kommo-o
|-activate|p1b: Kommo-o|move: Protect
|
|-weather|SunnyDay|[upkeep]
|upkeep
|
|t:|1784153269
|switch|p1a: Mamoswine|Mamoswine, L50, F|100/100
|turn|2
|
|t:|1784153281
|switch|p2a: Incineroar|Incineroar, L50, M|100/100
|-ability|p2a: Incineroar|Intimidate|boost
|-fail|p1a: Mamoswine|unboost|Attack|[from] ability: Oblivious|[of] p1a: Mamoswine
|-unboost|p1b: Kommo-o|atk|1
|move|p1a: Mamoswine|Ice Shard|p2a: Incineroar
|-resisted|p2a: Incineroar|1
|-damage|p2a: Incineroar|91/100
|move|p1b: Kommo-o|Clanging Scales|p2a: Incineroar|[spread] p2a,p2b
|-damage|p2a: Incineroar|44/100
|-damage|p2b: Charizard|54/100
|-enditem|p2a: Incineroar|Sitrus Berry|[eat]
|-heal|p2a: Incineroar|69/100|[from] item: Sitrus Berry
|-unboost|p1b: Kommo-o|def|1
|-damage|p1b: Kommo-o|90/100|[from] item: Life Orb
|move|p2b: Charizard|Heat Wave|p1b: Kommo-o|[spread] p1a,p1b
|-supereffective|p1a: Mamoswine|1
|-resisted|p1b: Kommo-o|1
|-enditem|p1a: Mamoswine|Focus Sash
|-damage|p1a: Mamoswine|1/100
|-damage|p1b: Kommo-o|57/100
|
|-weather|SunnyDay|[upkeep]
|upkeep
|turn|3
|inactive|Gancelot has 30 seconds left.
|inactive|Gancelot has 20 seconds left.
|inactive|Gancelot has 15 seconds left.
|inactive|Gancelot has 10 seconds left.
|
|t:|1784153329
|move|p1a: Mamoswine|Protect|p1a: Mamoswine
|-singleturn|p1a: Mamoswine|Protect
|move|p2a: Incineroar|Fake Out|p1a: Mamoswine
|-activate|p1a: Mamoswine|move: Protect
|move|p1b: Kommo-o|Aura Sphere|p2a: Incineroar
|-supereffective|p2a: Incineroar|1
|-damage|p2a: Incineroar|0 fnt
|faint|p2a: Incineroar
|-damage|p1b: Kommo-o|47/100|[from] item: Life Orb
|move|p2b: Charizard|Weather Ball|p1b: Kommo-o
|-resisted|p1b: Kommo-o|1
|-damage|p1b: Kommo-o|0 fnt
|faint|p1b: Kommo-o
|
|-weather|SunnyDay|[upkeep]
|upkeep
|
|t:|1784153340
|switch|p1b: Gengar|Gengar, L50, M|100/100
|switch|p2a: Garchomp|Garchomp, L50, F|100/100
|turn|4
|
|t:|1784153353
|switch|p2a: Venusaur|Venusaur, L50, M|100/100
|detailschange|p1b: Gengar|Gengar-Mega, L50, M
|-mega|p1b: Gengar|Gengar|Gengarite
|move|p2b: Charizard|Protect|p2b: Charizard
|-singleturn|p2b: Charizard|Protect
|move|p1b: Gengar|Sludge Bomb|p2b: Charizard
|-activate|p2b: Charizard|move: Protect
|move|p1a: Mamoswine|Icicle Crash|p2a: Venusaur
|-supereffective|p2a: Venusaur|1
|-damage|p2a: Venusaur|0 fnt
|faint|p2a: Venusaur
|
|-weather|SunnyDay|[upkeep]
|-sideend|p1: Gamertag1001IF|move: Tailwind
|upkeep
|
|t:|1784153356
|switch|p2a: Garchomp|Garchomp, L50, F|100/100
|turn|5
|
|t:|1784153367
|move|p1a: Mamoswine|Ice Shard|p2a: Garchomp
|-supereffective|p2a: Garchomp|2
|-damage|p2a: Garchomp|14/100
|move|p2a: Garchomp|Earthquake|p1a: Mamoswine|[spread] p1a,p1b
|-immune|p2b: Charizard
|-supereffective|p1b: Gengar|1
|-damage|p1a: Mamoswine|0 fnt
|-damage|p1b: Gengar|1/100
|faint|p1a: Mamoswine
|move|p1b: Gengar|Sludge Bomb|p2b: Charizard
|-damage|p2b: Charizard|10/100
|move|p2b: Charizard|Heat Wave|p1b: Gengar
|-damage|p1b: Gengar|0 fnt
|faint|p1b: Gengar
|
|win|Gancelot
