|j|☆Rege1
|j|☆owbd
|html|Rege1owbd    
|uhtml|bestof|Game 1 of a best-of-3
|t:|1756713828
|gametype|doubles
|player|p1|Rege1|crasherwake|1047
|player|p2|owbd|cynthia-gen4|1122
|gen|9
|tier|[Gen 9] VGC 2025 Reg H (Bo3)
|rated|
|rule|Species Clause: Limit one of each Pokémon
|rule|Item Clause: Limit 1 of each item
|clearpoke
|poke|p1|Cinderace, L50, F|
|poke|p1|Milotic, L50, F|
|poke|p1|Sylveon, L50, M|
|poke|p1|Kilowattrel, L50, M|
|poke|p1|Mudsdale, L50, F|
|poke|p1|Amoonguss, L50, M|
|poke|p2|Gholdengo, L50|
|poke|p2|Incineroar, L50, F|
|poke|p2|Ursaluna-Bloodmoon, L50, M|
|poke|p2|Indeedee, L50, M|
|poke|p2|Sneasler, L50, M|
|poke|p2|Murkrow, L50, F|
|teampreview|4
|showteam|p1|Cinderace||ChoiceBand|Libero|PyroBall,Uturn,SuckerPunch,IronHead|||F|||50|,,,,,Fire]Milotic||LifeOrb|Competitive|Scald,IceBeam,DragonPulse,Protect|||F|||50|,,,,,Dragon]Sylveon||FairyFeather|Pixilate|HyperVoice,ShadowBall,Protect,CalmMind|||M|||50|,,,,,Fairy]Kilowattrel||SafetyGoggles|WindPower|Tailwind,AirSlash,Electroweb,VoltSwitch|||M|||50|,,,,,Ground]Mudsdale||AssaultVest|Stamina|StompingTantrum,Fissure,BodyPress,StoneEdge|||F|||50|,,,,,Water]Amoonguss||RockyHelmet|Regenerator|Spore,RagePowder,Protect,PollenPuff|||M|||50|,,,,,Water
|showteam|p2|Gholdengo||ChoiceSpecs|GoodasGold|MakeItRain,ShadowBall,Thunderbolt,Trick||||||50|,,,,,Steel]Incineroar||SafetyGoggles|Intimidate|FlareBlitz,PartingShot,FakeOut,KnockOff|||F|||50|,,,,,Ghost]Ursaluna-Bloodmoon||AssaultVest|MindsEye|BloodMoon,EarthPower,HyperVoice,Moonblast|||M|||50|,,,,,Normal]Indeedee||FocusSash|PsychicSurge|ExpandingForce,Protect,TrickRoom,Imprison|||M|||50|,,,,,Psychic]Sneasler||PsychicSeed|Unburden|CloseCombat,DireClaw,FakeOut,ThroatChop|||M|||50|,,,,,Stellar]Murkrow||CovertCloak|Prankster|FoulPlay,Haze,SunnyDay,Tailwind|||F|||50|,,,,,Dark
|j| T-Soro
|l| T-Soro
|
|t:|1756713873
|teamsize|p1|4
|teamsize|p2|4
|start
|switch|p1a: *?|Milotic, L50, F|100/100
|switch|p1b: Tailwind goes fırr|Kilowattrel, L50, M|100/100
|switch|p2a: Gholdengo|Gholdengo, L50|100/100
|switch|p2b: Ursaluna|Ursaluna-Bloodmoon, L50, M|100/100
|turn|1
|inactive|Battle timer is ON: inactive players will automatically lose when time's up. (requested by Rege1)
|
|t:|1756713898
|-terastallize|p2b: Ursaluna|Normal
|move|p1a: *?|Protect|p1a: *?
|-singleturn|p1a: *?|Protect
|move|p1b: Tailwind goes fırr|Volt Switch|p2a: Gholdengo
|-damage|p2a: Gholdengo|65/100
|
|t:|1756713904
|switch|p1b: Ronaldo>Messi|Cinderace, L50, F|100/100|[from] Volt Switch
|move|p2a: Gholdengo|Thunderbolt|p1a: *?
|-activate|p1a: *?|move: Protect
|move|p2b: Ursaluna|Hyper Voice|p1b: Ronaldo>Messi|[spread] p1b
|-activate|p1a: *?|move: Protect
|-damage|p1b: Ronaldo>Messi|27/100
|
|upkeep
|turn|2
|
|t:|1756713928
|move|p1b: Ronaldo>Messi|Pyro Ball|p2a: Gholdengo
|-supereffective|p2a: Gholdengo
|-damage|p2a: Gholdengo|0 fnt
|faint|p2a: Gholdengo
|move|p1a: *?|Scald|p2b: Ursaluna
|-damage|p2b: Ursaluna|59/100
|-status|p2b: Ursaluna|brn
|-damage|p1a: *?|90/100|[from] item: Life Orb
|move|p2b: Ursaluna|Hyper Voice|p1b: Ronaldo>Messi|[spread] p1a,p1b
|-damage|p1a: *?|56/100
|-damage|p1b: Ronaldo>Messi|0 fnt
|faint|p1b: Ronaldo>Messi
|
|-damage|p2b: Ursaluna|53/100 brn|[from] brn
|upkeep
|
|t:|1756713945
|switch|p1b: Tailwind goes fırr|Kilowattrel, L50, M|100/100
|switch|p2a: Indeedee|Indeedee, L50, M|100/100
|-fieldstart|move: Psychic Terrain|[from] ability: Psychic Surge|[of] p2a: Indeedee
|turn|3
|
|t:|1756713956
|move|p1b: Tailwind goes fırr|Tailwind|p1b: Tailwind goes fırr
|-sidestart|p1: Rege1|move: Tailwind
|-start|p1b: Tailwind goes fırr|Charge|Tailwind|[from] ability: Wind Power
|move|p1a: *?|Scald|p2a: Indeedee
|-damage|p2a: Indeedee|37/100
|-damage|p1a: *?|46/100|[from] item: Life Orb
|move|p2a: Indeedee|Expanding Force|p1b: Tailwind goes fırr|[spread] p1a,p1b
|-damage|p1a: *?|9/100
|-damage|p1b: Tailwind goes fırr|15/100
|move|p2b: Ursaluna|Hyper Voice|p1a: *?|[spread] p1a,p1b
|-damage|p1a: *?|0 fnt
|-damage|p1b: Tailwind goes fırr|0 fnt
|faint|p1a: *?
|faint|p1b: Tailwind goes fırr
|
|-damage|p2b: Ursaluna|47/100 brn|[from] brn
|upkeep
|
|t:|1756713972
|switch|p1b: Bloom|Sylveon, L50, M|100/100
|turn|4
|
|t:|1756713980
|-terastallize|p1b: Bloom|Fairy
|move|p2a: Indeedee|Expanding Force|p1b: Bloom
|-damage|p1b: Bloom|50/100
|move|p1b: Bloom|Hyper Voice|p2b: Ursaluna|[spread] p2a,p2b
|-crit|p2b: Ursaluna
|-damage|p2a: Indeedee|0 fnt
|-damage|p2b: Ursaluna|0 fnt
|faint|p2a: Indeedee
|faint|p2b: Ursaluna
|
|upkeep
|
|t:|1756713990
|switch|p2b: Sneasler|Sneasler, L50, M|100/100
|-enditem|p2b: Sneasler|Psychic Seed
|-boost|p2b: Sneasler|spd|1|[from] item: Psychic Seed
|turn|5
|
|t:|1756714000
|move|p1b: Bloom|Protect|p1b: Bloom
|-singleturn|p1b: Bloom|Protect
|move|p2b: Sneasler|Dire Claw|p1b: Bloom
|-activate|p1b: Bloom|move: Protect
|
|upkeep
|turn|6
|
|t:|1756714007
|move|p2b: Sneasler|Dire Claw|p1b: Bloom
|-supereffective|p1b: Bloom
|-damage|p1b: Bloom|0 fnt
|faint|p1b: Bloom
|
|win|owbd
||owbd is ready for game 2.
||Rege1 is ready for game 2.
|uhtml|next|Next: Game 2 of 3
|l|☆Rege1
|player|p1|
