|j|‽aceccam56
|j|☆kingkangaroo198
|html|aceccam56kingkangaroo198    
|uhtml|bestof|Game 1 of a best-of-3
|t:|1757911657
|gametype|doubles
|player|p1|aceccam56|1|1034
|player|p2|kingkangaroo198|unknown|1000
|gen|9
|tier|[Gen 9] VGC 2025 Reg H (Bo3)
|rated|
|rule|Species Clause: Limit one of each Pokémon
|rule|Item Clause: Limit 1 of each item
|clearpoke
|poke|p1|Porygon2, L50|
|poke|p1|Ursaluna, L50, M|
|poke|p1|Incineroar, L50, M|
|poke|p1|Amoonguss, L50, F|
|poke|p1|Hydreigon, L50, F|
|poke|p1|Archaludon, L50, M|
|poke|p2|Archaludon, L50, M|
|poke|p2|Meowscarada, L50, F|
|poke|p2|Gardevoir, L50, M|
|poke|p2|Basculegion, L50, M|
|poke|p2|Politoed, L50, M|
|poke|p2|Pelipper, L50, M|
|teampreview|4
|showteam|p1|Porygon2||Eviolite|Download|TeraBlast,TrickRoom,Recover,IceBeam||||||50|,,,,,Fighting]Ursaluna||FlameOrb|Guts|Facade,HeadlongRush,Earthquake,Protect|||M|||50|,,,,,Ghost]Incineroar||SitrusBerry|Intimidate|FlareBlitz,PartingShot,KnockOff,FakeOut|||M|||50|,,,,,Grass]Amoonguss||CovertCloak|Regenerator|Spore,RagePowder,PollenPuff,ClearSmog|||F|||50|,,,,,Steel]Hydreigon||ScopeLens|Levitate|DracoMeteor,FocusEnergy,Tailwind,Snarl|||F|||50|,,,,,Poison]Archaludon||PowerHerb|Sturdy|ElectroShot,DracoMeteor,Protect,FlashCannon|||M|||50|,,,,,Flying
|showteam|p2|Archaludon||AssaultVest|Stamina|DracoMeteor,ElectroShot,FlashCannon,BodyPress|||M|||50|,,,,,Steel]Meowscarada||FocusSash|Protean|Uturn,Protect,SuckerPunch,FlowerTrick|||F|||50|,,,,,Grass]Gardevoir||LifeOrb|Synchronize|DazzlingGleam,ExpandingForce,MysticalFire,Protect|||M|||50|,,,,,Psychic]Basculegion||ChoiceBand|SwiftSwim|LastRespects,FlipTurn,Waterfall,PsychicFangs|||M|||50|,,,,,Water]Politoed||RockyHelmet|Drizzle|WeatherBall,Protect,PerishSong,HelpingHand|||M|||50|,,,,,Water]Pelipper||CovertCloak|Drizzle|TeraBlast,Uturn,Tailwind,Hurricane|||M|||50|,,,,,Grass
|
|t:|1757911710
|teamsize|p1|4
|teamsize|p2|4
|start
|switch|p1a: Amoonguss|Amoonguss, L50, F|100/100
|switch|p1b: Archaludon|Archaludon, L50, M|100/100
|switch|p2a: Pelipper|Pelipper, L50, M, shiny|100/100
|switch|p2b: Archaludon|Archaludon, L50, M, shiny|100/100
|-weather|RainDance|[from] ability: Drizzle|[of] p2a: Pelipper
|turn|1
|
|t:|1757911743
|-terastallize|p2a: Pelipper|Grass
|move|p1b: Archaludon|Electro Shot||[still]
|-prepare|p1b: Archaludon|Electro Shot
|-boost|p1b: Archaludon|spa|1
|-anim|p1b: Archaludon|Electro Shot|p2a: Pelipper
|-resisted|p2a: Pelipper
|-damage|p2a: Pelipper|62/100
|move|p2b: Archaludon|Body Press|p1b: Archaludon
|-supereffective|p1b: Archaludon
|-damage|p1b: Archaludon|54/100
|move|p2a: Pelipper|Tailwind|p2a: Pelipper
|-sidestart|p2: kingkangaroo198|move: Tailwind
|move|p1a: Amoonguss|Spore|p2b: Archaludon
|-status|p2b: Archaludon|slp|[from] move: Spore
|
|-weather|RainDance|[upkeep]
|upkeep
|turn|2
|
|t:|1757911775
|cant|p2b: Archaludon|slp
|move|p2a: Pelipper|Hurricane|p1a: Amoonguss
|-supereffective|p1a: Amoonguss
|-damage|p1a: Amoonguss|15/100
|move|p1b: Archaludon|Draco Meteor|p2b: Archaludon
|-damage|p2b: Archaludon|22/100 slp
|-unboost|p1b: Archaludon|spa|2
|-ability|p2b: Archaludon|Stamina|boost
|-boost|p2b: Archaludon|def|1
|move|p1a: Amoonguss|Pollen Puff|p1b: Archaludon
|-heal|p1b: Archaludon|100/100
|
|-weather|RainDance|[upkeep]
|upkeep
|turn|3
|
|t:|1757911806
|switch|p1a: Porygon2|Porygon2, L50, shiny|100/100
|-ability|p1a: Porygon2|Download|boost
|-boost|p1a: Porygon2|spa|1
|-curestatus|p2b: Archaludon|slp|[msg]
|move|p2b: Archaludon|Body Press|p1b: Archaludon
|-supereffective|p1b: Archaludon
|-damage|p1b: Archaludon|31/100
|move|p2a: Pelipper|U-turn|p1a: Porygon2
|-damage|p1a: Porygon2|94/100
|
|t:|1757911824
|switch|p2a: Basculegion|Basculegion, L50, M, shiny|100/100|[from] U-turn
|move|p1b: Archaludon|Draco Meteor|p2b: Archaludon
|-damage|p2b: Archaludon|0 fnt
|-unboost|p1b: Archaludon|spa|2
|faint|p2b: Archaludon
|
|-weather|RainDance|[upkeep]
|upkeep
|
|t:|1757911834
|switch|p2b: Pelipper|Pelipper, L50, M, shiny, tera:Grass|62/100
|turn|4
|
|t:|1757911856
|switch|p1b: Amoonguss|Amoonguss, L50, F|48/100
|move|p2a: Basculegion|Last Respects|p1b: Amoonguss
|-damage|p1b: Amoonguss|0 fnt
|faint|p1b: Amoonguss
|move|p2b: Pelipper|Hurricane|p1a: Porygon2
|-damage|p1a: Porygon2|61/100
|move|p1a: Porygon2|Ice Beam|p2b: Pelipper
|-supereffective|p2b: Pelipper
|-damage|p2b: Pelipper|0 fnt
|faint|p2b: Pelipper
|
|-weather|RainDance|[upkeep]
|-sideend|p2: kingkangaroo198|move: Tailwind
|upkeep
|
|t:|1757911870
|switch|p2b: Politoed|Politoed, L50, M, shiny|100/100
|switch|p1b: Archaludon|Archaludon, L50, M|31/100
|turn|5
|
|t:|1757911893
|move|p2a: Basculegion|Last Respects|p1b: Archaludon
|-damage|p1b: Archaludon|0 fnt
|faint|p1b: Archaludon
|move|p2b: Politoed|Weather Ball|p1a: Porygon2
|-damage|p1a: Porygon2|16/100
|move|p1a: Porygon2|Recover|p1a: Porygon2
|-heal|p1a: Porygon2|66/100
|
|-weather|none
|upkeep
|
|t:|1757911896
|switch|p1b: Ursaluna|Ursaluna, L50, M|100/100
|turn|6
|
|t:|1757911920
|move|p1b: Ursaluna|Protect|p1b: Ursaluna
|-singleturn|p1b: Ursaluna|Protect
|move|p2a: Basculegion|Last Respects|p1b: Ursaluna
|-activate|p1b: Ursaluna|move: Protect
|move|p2b: Politoed|Perish Song|p2b: Politoed
|-start|p1a: Porygon2|perish3|[silent]
|-start|p1b: Ursaluna|perish3|[silent]
|-start|p2a: Basculegion|perish3|[silent]
|-start|p2b: Politoed|perish3|[silent]
|-fieldactivate|move: Perish Song
|move|p1a: Porygon2|Ice Beam|p2a: Basculegion
|-resisted|p2a: Basculegion
|-damage|p2a: Basculegion|78/100
|
|-start|p2a: Basculegion|perish3
|-start|p1b: Ursaluna|perish3
|-start|p1a: Porygon2|perish3
|-start|p2b: Politoed|perish3
|-status|p1b: Ursaluna|brn|[from] item: Flame Orb
|upkeep
|turn|7
|
|t:|1757911950
|move|p2b: Politoed|Protect|p2b: Politoed
|-singleturn|p2b: Politoed|Protect
|move|p2a: Basculegion|Last Respects|p1a: Porygon2
|-immune|p1a: Porygon2
|move|p1b: Ursaluna|Facade|p2b: Politoed
|-activate|p2b: Politoed|move: Protect
|move|p1a: Porygon2|Trick Room|p1a: Porygon2
|-fieldstart|move: Trick Room|[of] p1a: Porygon2
|
|-damage|p1b: Ursaluna|95/100 brn|[from] brn
|-start|p1a: Porygon2|perish2
|-start|p2b: Politoed|perish2
|-start|p1b: Ursaluna|perish2
|-start|p2a: Basculegion|perish2
|upkeep
|turn|8
|
|t:|1757911979
|-terastallize|p1b: Ursaluna|Ghost
|move|p2b: Politoed|Protect||[still]
|-fail|p2b: Politoed
|move|p1a: Porygon2|Ice Beam|p2a: Basculegion
|-resisted|p2a: Basculegion
|-damage|p2a: Basculegion|52/100
|-status|p2a: Basculegion|frz
|move|p1b: Ursaluna|Facade|p2b: Politoed
|-damage|p2b: Politoed|0 fnt
|-damage|p1b: Ursaluna|78/100 brn|[from] item: Rocky Helmet|[of] p2b: Politoed
|faint|p2b: Politoed
|-curestatus|p2a: Basculegion|frz|[msg]
|move|p2a: Basculegion|Last Respects|p1b: Ursaluna
|-supereffective|p1b: Ursaluna
|-damage|p1b: Ursaluna|0 fnt
|faint|p1b: Ursaluna
|
|-start|p1a: Porygon2|perish1
|-start|p2a: Basculegion|perish1
|upkeep
|turn|9
|
|t:|1757912001
|move|p1a: Porygon2|Ice Beam|p2a: Basculegion
|-resisted|p2a: Basculegion
|-damage|p2a: Basculegion|24/100
|move|p2a: Basculegion|Last Respects|p1a: Porygon2
|-immune|p1a: Porygon2
|
|-start|p1a: Porygon2|perish0
|-start|p2a: Basculegion|perish0
|faint|p1a: Porygon2
|faint|p2a: Basculegion
|
|win|kingkangaroo198
||aceccam56 is ready for game 2.
|inactive|kingkangaroo198 has 30 seconds to confirm battle start!
