|j|☆baxtorz
|j|☆redistr
|html|baxtorzredistr    
|uhtml|bestof|Game 2 of a best-of-3
|t:|1783479759
|gametype|doubles
|player|p1|baxtorz|1|1110
|player|p2|redistr|chili|1128
|gen|9
|tier|[Gen 9 Champions] VGC 2026 Reg M-B (Bo3)
|rated|
|rule|Species Clause: Limit one of each Pokémon
|rule|Item Clause: Limit 1 of each item
|clearpoke
|poke|p1|Gholdengo, L50|
|poke|p1|Garchomp, L50, M|
|poke|p1|Whimsicott, L50, F|
|poke|p1|Incineroar, L50, M|
|poke|p1|Sinistcha, L50|
|poke|p1|Raichu, L50, M|
|poke|p2|Mawile, L50, F|
|poke|p2|Pelipper, L50, F|
|poke|p2|Farigiraf, L50, F|
|poke|p2|Incineroar, L50, F|
|poke|p2|Archaludon, L50, F|
|poke|p2|Sinistcha, L50|
|teampreview|4
|showteam|p1|Gholdengo||LifeOrb|GoodasGold|MakeItRain,ShadowBall,Protect,NastyPlot|Timid|||||50|]Garchomp||Garchompite|RoughSkin|DragonClaw,Protect,StompingTantrum,RockTomb|Adamant||M|||50|]Whimsicott||FocusSash|Prankster|Tailwind,Moonblast,Encore,EnergyBall|Timid||F|||50|]Incineroar||SitrusBerry|Intimidate|FakeOut,PartingShot,FlareBlitz,ThroatChop|Sassy||M|||50|]Sinistcha||CobaBerry|Hospitality|MatchaGotcha,RagePowder,Protect,TrickRoom|Bold|||||50|]Raichu||RaichuniteY|Static|FakeOut,Protect,ZapCannon,FocusBlast|Timid||M|||50|
|showteam|p2|Mawile||Mawilite|HyperCutter|Protect,RockSlide,PlayRough,SuckerPunch|Adamant||F|||50|]Pelipper||LifeOrb|Drizzle|WideGuard,Tailwind,Hurricane,WeatherBall|Modest||F|||50|]Farigiraf||ColburBerry|ArmorTail|Protect,HelpingHand,TrickRoom,Psychic|Relaxed||F|||50|]Incineroar||Charcoal|Intimidate|FakeOut,PartingShot,FlareBlitz,DarkestLariat|Adamant||F|||50|]Archaludon||Leftovers|Stamina|Protect,ElectroShot,FlashCannon,DragonPulse|Modest||F|||50|]Sinistcha||SitrusBerry|Hospitality|RagePowder,LifeDew,TrickRoom,MatchaGotcha|Bold|||||50|
|inactive|Battle timer is ON: inactive players will automatically lose when time's up. (requested by redistr)
|inactive|baxtorz has 60 seconds left.
|inactive|redistr has 60 seconds left.
|
|t:|1783479795
|teamsize|p1|4
|teamsize|p2|4
|start
|switch|p1a: Gholdengo|Gholdengo, L50|100/100
|switch|p1b: Incineroar|Incineroar, L50, M|100/100
|switch|p2a: Can U Remember…|Pelipper, L50, F|100/100
|switch|p2b: THE RAIIINNN|Archaludon, L50, F|100/100
|-weather|RainDance|[from] ability: Drizzle|[of] p2a: Can U Remember…
|-ability|p1b: Incineroar|Intimidate|boost
|-unboost|p2a: Can U Remember…|atk|1
|-unboost|p2b: THE RAIIINNN|atk|1
|turn|1
|inactive|baxtorz has 30 seconds left.
|
|t:|1783479824
|switch|p2a: Denied!|Farigiraf, L50, F|100/100
|move|p1b: Incineroar|Fake Out||[still]
|cant|p2a: Denied!|ability: Armor Tail|Fake Out|[of] p1b: Incineroar
|move|p1a: Gholdengo|Nasty Plot|p1a: Gholdengo
|-boost|p1a: Gholdengo|spa|2
|move|p2b: THE RAIIINNN|Electro Shot||[still]
|-prepare|p2b: THE RAIIINNN|Electro Shot
|-boost|p2b: THE RAIIINNN|spa|1
|-anim|p2b: THE RAIIINNN|Electro Shot|p1a: Gholdengo
|-damage|p1a: Gholdengo|23/100
|
|-weather|RainDance|[upkeep]
|upkeep
|turn|2
|
|t:|1783479844
|switch|p1b: Sinistcha|Sinistcha, L50|100/100
|-heal|p1a: Gholdengo|47/100|[from] ability: Hospitality|[of] p1b: Sinistcha
|switch|p2a: Gimme Da Tea|Sinistcha, L50|100/100
|move|p1a: Gholdengo|Protect|p1a: Gholdengo
|-singleturn|p1a: Gholdengo|Protect
|move|p2b: THE RAIIINNN|Protect||[still]
|-fail|p2b: THE RAIIINNN
|
|-weather|RainDance|[upkeep]
|upkeep
|turn|3
|inactive|baxtorz has 30 seconds left.
|
|t:|1783479873
|move|p1b: Sinistcha|Rage Powder|p1b: Sinistcha
|-singleturn|p1b: Sinistcha|move: Rage Powder
|move|p2a: Gimme Da Tea|Rage Powder|p2a: Gimme Da Tea
|-singleturn|p2a: Gimme Da Tea|move: Rage Powder
|move|p1a: Gholdengo|Shadow Ball|p2a: Gimme Da Tea
|-supereffective|p2a: Gimme Da Tea|1
|-damage|p2a: Gimme Da Tea|0 fnt
|faint|p2a: Gimme Da Tea
|-damage|p1a: Gholdengo|38/100|[from] item: Life Orb
|move|p2b: THE RAIIINNN|Electro Shot||[still]
|-prepare|p2b: THE RAIIINNN|Electro Shot
|-boost|p2b: THE RAIIINNN|spa|1
|-anim|p2b: THE RAIIINNN|Electro Shot|p1b: Sinistcha
|-resisted|p1b: Sinistcha|1
|-damage|p1b: Sinistcha|56/100
|
|-weather|RainDance|[upkeep]
|upkeep
|
|t:|1783479890
|switch|p2a: Can U Remember…|Pelipper, L50, F|100/100
|turn|4
|inactive|baxtorz has 30 seconds left.
|inactive|redistr has 30 seconds left.
|
|t:|1783479921
|switch|p1b: Incineroar|Incineroar, L50, M|100/100
|-ability|p1b: Incineroar|Intimidate|boost
|-unboost|p2a: Can U Remember…|atk|1
|-unboost|p2b: THE RAIIINNN|atk|1
|move|p1a: Gholdengo|Protect|p1a: Gholdengo
|-singleturn|p1a: Gholdengo|Protect
|move|p2b: THE RAIIINNN|Electro Shot||[still]
|-prepare|p2b: THE RAIIINNN|Electro Shot
|-boost|p2b: THE RAIIINNN|spa|1
|-anim|p2b: THE RAIIINNN|Electro Shot|p1a: Gholdengo
|-activate|p1a: Gholdengo|move: Protect
|move|p2a: Can U Remember…|Tailwind|p2a: Can U Remember…
|-sidestart|p2: redistr|move: Tailwind
|
|-weather|RainDance|[upkeep]
|upkeep
|turn|5
|inactive|baxtorz has 30 seconds left.
|
|t:|1783479951
|move|p1b: Incineroar|Fake Out|p2b: THE RAIIINNN
|-resisted|p2b: THE RAIIINNN|1
|-damage|p2b: THE RAIIINNN|95/100
|-ability|p2b: THE RAIIINNN|Stamina|boost
|-boost|p2b: THE RAIIINNN|def|1
|cant|p2b: THE RAIIINNN|flinch
|move|p2a: Can U Remember…|Weather Ball|p1a: Gholdengo
|-damage|p1a: Gholdengo|0 fnt
|faint|p1a: Gholdengo
|-damage|p2a: Can U Remember…|90/100|[from] item: Life Orb
|
|-weather|none
|-heal|p2b: THE RAIIINNN|100/100|[from] item: Leftovers
|upkeep
|
|t:|1783479963
|switch|p1a: Garchomp|Garchomp, L50, M|100/100
|turn|6
|
|t:|1783479983
|switch|p2a: Denied!|Farigiraf, L50, F|100/100
|detailschange|p1a: Garchomp|Garchomp-Mega, L50, M
|-mega|p1a: Garchomp|Garchomp|Garchompite
|move|p2b: THE RAIIINNN|Protect|p2b: THE RAIIINNN
|-singleturn|p2b: THE RAIIINNN|Protect
|move|p1a: Garchomp|Stomping Tantrum|p2b: THE RAIIINNN
|-activate|p2b: THE RAIIINNN|move: Protect
|move|p1b: Incineroar|Throat Chop|p2a: Denied!
|-supereffective|p2a: Denied!|1
|-enditem|p2a: Denied!|Colbur Berry|[eat]
|-enditem|p2a: Denied!|Colbur Berry|[weaken]
|-damage|p2a: Denied!|71/100
|-start|p2a: Denied!|Throat Chop|[silent]
|
|upkeep
|turn|7
|inactive|baxtorz has 30 seconds left.
|
|t:|1783480015
|switch|p2a: Can U Remember…|Pelipper, L50, F|90/100
|-weather|RainDance|[from] ability: Drizzle|[of] p2a: Can U Remember…
|move|p2b: THE RAIIINNN|Dragon Pulse|p1a: Garchomp
|-supereffective|p1a: Garchomp|1
|-damage|p1a: Garchomp|0 fnt
|faint|p1a: Garchomp
|move|p1b: Incineroar|Throat Chop|p2a: Can U Remember…
|-damage|p2a: Can U Remember…|49/100
|-start|p2a: Can U Remember…|Throat Chop|[silent]
|
|-weather|RainDance|[upkeep]
|-sideend|p2: redistr|move: Tailwind
|upkeep
|
|t:|1783480025
|switch|p1a: Sinistcha|Sinistcha, L50|56/100
|turn|8
|
|t:|1783480038
|move|p2a: Can U Remember…|Wide Guard|p2a: Can U Remember…
|-singleturn|p2a: Can U Remember…|Wide Guard
|move|p2b: THE RAIIINNN|Dragon Pulse|p1a: Sinistcha
|-damage|p1a: Sinistcha|0 fnt
|faint|p1a: Sinistcha
|move|p1b: Incineroar|Throat Chop|p2a: Can U Remember…
|-damage|p2a: Can U Remember…|8/100
|
|-weather|RainDance|[upkeep]
|-end|p2a: Can U Remember…|Throat Chop|[silent]
|upkeep
|turn|9
|c|☆redistr|ggs wo
|c|☆redistr|wp*
|-message|baxtorz forfeited.
|raw|baxtorz's rating: 1110 → 1086(-24 for losing)
|raw|redistr's rating: 1128 → 1152(+24 for winning)
|
|win|redistr
|l|☆baxtorz
|player|p1|
