|j|☆GWMicroK
|j|☆helpimbadatthislol
|html|GWMicroKhelpimbadatthislol    
|uhtml|bestof|Game 1 of a best-of-3
|t:|1783987794
|gametype|doubles
|player|p1|GWMicroK|101|1131
|player|p2|helpimbadatthislol|rosa|1101
|gen|9
|tier|[Gen 9 Champions] VGC 2026 Reg M-B (Bo3)
|rated|
|rule|Species Clause: Limit one of each Pokémon
|rule|Item Clause: Limit 1 of each item
|clearpoke
|poke|p1|Ditto, L50, shiny|
|poke|p1|Sinistcha-Masterpiece, L50, shiny|
|poke|p1|Pelipper, L50, F|
|poke|p1|Swampert, L50, M|
|poke|p1|Tyranitar, L50, F|
|poke|p1|Archaludon, L50, M|
|poke|p2|Raichu, L50, M|
|poke|p2|Scizor, L50, M|
|poke|p2|Rotom-Wash, L50|
|poke|p2|Ampharos, L50, F|
|poke|p2|Manectric, L50, F|
|poke|p2|Dragonite, L50, F|
|teampreview|4
|showteam|p1|Ditto||QuickClaw|Imposter|Transform|Relaxed|||||50|]Sinistcha-Masterpiece||SitrusBerry|Hospitality|MatchaGotcha,TrickRoom,LifeDew,RagePowder|Bold|||||50|]Pelipper||FocusSash|Drizzle|WeatherBall,Hurricane,WideGuard,Tailwind|Timid||F|||50|]Swampert||Swampertite|Damp|WaveCrash,Earthquake,IcePunch,Protect|Adamant||M|||50|]Tyranitar||Tyranitarite|SandStream|KnockOff,RockSlide,DragonDance,Protect|Adamant||F|||50|]Archaludon||Leftovers|Stamina|DragonPulse,FlashCannon,ElectroShot,Protect|Modest||M|||50|
|showteam|p2|Raichu||RaichuniteY|LightningRod|ZapCannon,FakeOut,AlluringVoice,FocusBlast|Hasty||M|||50|]Scizor|||Technician|BulletPunch,Uturn,CloseCombat,Protect|Adamant||M|||50|]Rotom-Wash||SitrusBerry|Levitate|HydroPump,Discharge,WillOWisp,VoltSwitch|Modest|||||50|]Ampharos||ExpertBelt|Static|Discharge,DragonTail,DragonPulse,VoltSwitch|Modest||F|||50|]Manectric||FocusSash|LightningRod|Thunderbolt,VoltSwitch,ThunderWave,Snarl|Timid||F|||50|]Dragonite||ChestoBerry|Multiscale|Rest,DragonClaw,ExtremeSpeed,Tailwind|Adamant||F|||50|
|inactive|Battle timer is ON: inactive players will automatically lose when time's up. (requested by GWMicroK)
|inactive|GWMicroK has 60 seconds left.
|
|t:|1783987834
|teamsize|p1|4
|teamsize|p2|4
|start
|switch|p1a: Archaludon|Archaludon, L50, M|100/100
|switch|p1b: Sinistcha|Sinistcha-Masterpiece, L50, shiny|100/100
|switch|p2a: Raichu|Raichu, L50, M|100/100
|switch|p2b: Dragonite|Dragonite, L50, F|100/100
|turn|1
|
|t:|1783987856
|detailschange|p2a: Raichu|Raichu-Mega-Y, L50, M
|-mega|p2a: Raichu|Raichu|Raichunite Y
|move|p1b: Sinistcha|Rage Powder|p1b: Sinistcha
|-singleturn|p1b: Sinistcha|move: Rage Powder
|move|p2a: Raichu|Zap Cannon|p1b: Sinistcha
|-resisted|p1b: Sinistcha|1
|-damage|p1b: Sinistcha|66/100
|-status|p1b: Sinistcha|par
|move|p1a: Archaludon|Dragon Pulse|p2b: Dragonite
|-supereffective|p2b: Dragonite|1
|-damage|p2b: Dragonite|59/100
|move|p2b: Dragonite|Dragon Claw|p1b: Sinistcha
|-damage|p1b: Sinistcha|28/100 par
|-enditem|p1b: Sinistcha|Sitrus Berry|[eat]
|-heal|p1b: Sinistcha|53/100 par|[from] item: Sitrus Berry
|
|upkeep
|turn|2
|inactive|GWMicroK has 30 seconds left.
|
|t:|1783987886
|move|p1a: Archaludon|Protect|p1a: Archaludon
|-singleturn|p1a: Archaludon|Protect
|move|p2a: Raichu|Focus Blast|p1a: Archaludon
|-activate|p1a: Archaludon|move: Protect
|move|p2b: Dragonite|Dragon Claw|p1b: Sinistcha
|-damage|p1b: Sinistcha|16/100 par
|move|p1b: Sinistcha|Trick Room|p1b: Sinistcha
|-fieldstart|move: Trick Room|[of] p1b: Sinistcha
|
|upkeep
|turn|3
|
|t:|1783987911
|switch|p2b: Scizor|Scizor, L50, M|100/100
|switch|p1a: Pelipper|Pelipper, L50, F|100/100
|-weather|RainDance|[from] ability: Drizzle|[of] p1a: Pelipper
|move|p1b: Sinistcha|Life Dew||[still]|[spread] p1a,p1b
|-fail|p1a: Pelipper|heal
|-heal|p1b: Sinistcha|41/100 par
|move|p2a: Raichu|Zap Cannon|p1a: Pelipper
|-supereffective|p1a: Pelipper|2
|-enditem|p1a: Pelipper|Focus Sash
|-damage|p1a: Pelipper|1/100
|-status|p1a: Pelipper|par
|
|-weather|RainDance|[upkeep]
|upkeep
|turn|4
|
|t:|1783987930
|move|p2b: Scizor|Bullet Punch|p1a: Pelipper
|-resisted|p1a: Pelipper|1
|-damage|p1a: Pelipper|0 fnt
|faint|p1a: Pelipper
|move|p1b: Sinistcha|Life Dew|p1b: Sinistcha
|-heal|p1b: Sinistcha|66/100 par
|move|p2a: Raichu|Alluring Voice|p1b: Sinistcha
|-damage|p1b: Sinistcha|36/100 par
|
|-weather|RainDance|[upkeep]
|upkeep
|
|t:|1783987943
|switch|p1a: Archaludon|Archaludon, L50, M|100/100
|turn|5
|
|t:|1783987955
|move|p1b: Sinistcha|Rage Powder|p1b: Sinistcha
|-singleturn|p1b: Sinistcha|move: Rage Powder
|move|p2b: Scizor|Close Combat|p1b: Sinistcha
|-immune|p1b: Sinistcha
|move|p1a: Archaludon|Electro Shot||[still]
|-prepare|p1a: Archaludon|Electro Shot
|-boost|p1a: Archaludon|spa|1
|-anim|p1a: Archaludon|Electro Shot|p2b: Scizor
|-damage|p2b: Scizor|16/100
|move|p2a: Raichu|Focus Blast|p1b: Sinistcha
|-immune|p1b: Sinistcha
|
|-weather|RainDance|[upkeep]
|upkeep
|turn|6
|inactive|GWMicroK has 30 seconds left.
|
|t:|1783987982
|switch|p1b: Swampert|Swampert, L50, M|100/100
|move|p2b: Scizor|Bullet Punch|p1b: Swampert
|-resisted|p1b: Swampert|1
|-damage|p1b: Swampert|80/100
|move|p1a: Archaludon|Dragon Pulse|p2a: Raichu
|-damage|p2a: Raichu|0 fnt
|faint|p2a: Raichu
|
|-weather|RainDance|[upkeep]
|-fieldend|move: Trick Room
|upkeep
|
|t:|1783987992
|switch|p2a: Rotom|Rotom-Wash, L50|100/100
|turn|7
|
|t:|1783988006
|detailschange|p1b: Swampert|Swampert-Mega, L50, M
|-mega|p1b: Swampert|Swampert|Swampertite
|move|p1b: Swampert|Wave Crash|p2b: Scizor
|-crit|p2b: Scizor
|-damage|p2b: Scizor|0 fnt
|faint|p2b: Scizor
|-damage|p1b: Swampert|74/100|[from] Recoil
|move|p1a: Archaludon|Electro Shot||[still]
|-prepare|p1a: Archaludon|Electro Shot
|-boost|p1a: Archaludon|spa|1
|-anim|p1a: Archaludon|Electro Shot|p2a: Rotom
|-crit|p2a: Rotom
|-damage|p2a: Rotom|0 fnt
|faint|p2a: Rotom
|
|-weather|none
|upkeep
|-message|helpimbadatthislol forfeited.
|
|win|GWMicroK
|l|☆helpimbadatthislol
|player|p2|
||helpimbadatthislol is ready for game 2.
|inactive|GWMicroK has 30 seconds to confirm battle start!
