|j|☆SlobCat47
|j|☆Fervvvvv
|html|SlobCat47Fervvvvv    
|uhtml|bestof|Game 2 of a best-of-3
|t:|1783120409
|gametype|doubles
|player|p1|SlobCat47|1|
|player|p2|Fervvvvv|bugcatcher-gen4dp|
|gen|9
|tier|[Gen 9 Champions] VGC 2026 Reg M-B (Bo3)
|rule|Species Clause: Limit one of each Pokémon
|rule|Item Clause: Limit 1 of each item
|clearpoke
|poke|p1|Staraptor, L50, M|
|poke|p1|Oranguru, L50, M|
|poke|p1|Ninetales-Alola, L50, M|
|poke|p1|Garchomp, L50, F|
|poke|p1|Beedrill, L50, F|
|poke|p1|Lucario, L50, M|
|poke|p2|Sinistcha, L50|
|poke|p2|Snorlax, L50, M|
|poke|p2|Hawlucha, L50, F|
|poke|p2|Slowbro, L50, M|
|poke|p2|Incineroar, L50, M|
|poke|p2|Azumarill, L50, M|
|teampreview|4
|showteam|p1|Staraptor||SharpBeak|Reckless|BraveBird,CloseCombat,HelpingHand,Uturn|Jolly||M|||50|]Oranguru||ColburBerry|InnerFocus|LightScreen,Encore,Extrasensory,TrickRoom|Sassy||M|||50|]Ninetales-Alola||Leftovers|SnowWarning|DazzlingGleam,IceBeam,Blizzard,AuroraVeil|Timid||M|||50|]Garchomp||LifeOrb|RoughSkin|Earthquake,Crunch,DragonClaw,DragonTail|Jolly||F|||50|]Beedrill||Beedrillite|Swarm|XScissor,PoisonJab,DrillRun,Uturn|Jolly||F|||50|]Lucario||Lucarionite|InnerFocus|AuraSphere,FlashCannon,Detect,VacuumWave|Modest||M|||50|
|showteam|p2|Sinistcha||CobaBerry|Heatproof|TrickRoom,Reflect,MatchaGotcha,Protect|Relaxed|||||50|]Snorlax||Leftovers|ThickFat|Curse,HeavySlam,BodyPress,Protect|Relaxed||M|||50|]Hawlucha||Hawluchanite|MoldBreaker|StoneEdge,BraveBird,Uturn,Protect|Brave||F|||50|]Slowbro||ExpertBelt|Regenerator|Flamethrower,IceBeam,Scald,Protect|Quiet||M|||50|]Incineroar||FocusSash|Blaze|FakeOut,WillOWisp,FlareBlitz,Protect|Sassy||M|||50|]Azumarill||LifeOrb|HugePower|PlayRough,AquaJet,KnockOff,BrickBreak|Adamant||M|||50|
|j| PJG4487
|j| AppleJuice1738
|
|t:|1783120529
|teamsize|p1|4
|teamsize|p2|4
|start
|switch|p1a: Ninetales|Ninetales-Alola, L50, M|100/100
|switch|p1b: Garchomp|Garchomp, L50, F|100/100
|switch|p2a: Azumarill|Azumarill, L50, M|100/100
|switch|p2b: Incineroar|Incineroar, L50, M|100/100
|-weather|Snowscape|[from] ability: Snow Warning|[of] p1a: Ninetales
|turn|1
|
|t:|1783120571
|move|p2b: Incineroar|Fake Out|p1b: Garchomp
|-damage|p1b: Garchomp|85/100
|-damage|p2b: Incineroar|87/100|[from] ability: Rough Skin|[of] p1b: Garchomp
|move|p1a: Ninetales|Aurora Veil|p1a: Ninetales
|-sidestart|p1: SlobCat47|move: Aurora Veil
|cant|p1b: Garchomp|flinch
|move|p2a: Azumarill|Brick Break|p1a: Ninetales
|-sideend|p1: SlobCat47|move: Aurora Veil
|-damage|p1a: Ninetales|58/100
|-damage|p2a: Azumarill|90/100|[from] item: Life Orb
|
|-weather|Snowscape|[upkeep]
|-heal|p1a: Ninetales|64/100|[from] item: Leftovers
|upkeep
|turn|2
|c| AppleJuice1738|slow ass
|
|t:|1783120630
|move|p1a: Ninetales|Dazzling Gleam|p2a: Azumarill|[spread] p2a,p2b
|-damage|p2a: Azumarill|63/100
|-damage|p2b: Incineroar|70/100
|move|p1b: Garchomp|Earthquake|p2b: Incineroar|[spread] p1a,p2a,p2b
|-supereffective|p2b: Incineroar|1
|-damage|p1a: Ninetales|12/100
|-damage|p2a: Azumarill|16/100
|-damage|p2b: Incineroar|0 fnt
|faint|p2b: Incineroar
|-damage|p1b: Garchomp|76/100|[from] item: Life Orb
|move|p2a: Azumarill|Play Rough|p1b: Garchomp|[miss]
|-miss|p2a: Azumarill|p1b: Garchomp
|
|-weather|Snowscape|[upkeep]
|-heal|p1a: Ninetales|18/100|[from] item: Leftovers
|upkeep
|
|t:|1783120647
|switch|p2b: Slowbro|Slowbro, L50, M|100/100
|turn|3
|
|t:|1783120700
|move|p2a: Azumarill|Aqua Jet|p1a: Ninetales
|-damage|p1a: Ninetales|0 fnt
|faint|p1a: Ninetales
|-damage|p2a: Azumarill|6/100|[from] item: Life Orb
|move|p1b: Garchomp|Crunch|p2b: Slowbro
|-supereffective|p2b: Slowbro|1
|-damage|p2b: Slowbro|26/100
|-damage|p1b: Garchomp|66/100|[from] item: Life Orb
|move|p2b: Slowbro|Ice Beam|p1b: Garchomp
|-supereffective|p1b: Garchomp|2
|-damage|p1b: Garchomp|0 fnt
|faint|p1b: Garchomp
|
|-weather|Snowscape|[upkeep]
|upkeep
|
|t:|1783120714
|switch|p1a: Staraptor|Staraptor, L50, M|100/100
|switch|p1b: Lucario|Lucario, L50, M|100/100
|turn|4
|
|t:|1783120757
|switch|p2a: Hawlucha|Hawlucha, L50, F|100/100
|-ability|p2a: Hawlucha|Mold Breaker
|detailschange|p1b: Lucario|Lucario-Mega, L50, M
|-mega|p1b: Lucario|Lucario|Lucarionite
|move|p1b: Lucario|Detect|p1b: Lucario
|-singleturn|p1b: Lucario|Protect
|move|p2b: Slowbro|Protect|p2b: Slowbro
|-singleturn|p2b: Slowbro|Protect
|move|p1a: Staraptor|U-turn|p2b: Slowbro
|-activate|p2b: Slowbro|move: Protect
|
|-weather|Snowscape|[upkeep]
|upkeep
|turn|5
|
|t:|1783120857
|detailschange|p2a: Hawlucha|Hawlucha-Mega, L50, F
|-mega|p2a: Hawlucha|Hawlucha|Hawluchanite
|move|p2a: Hawlucha|Protect|p2a: Hawlucha
|-singleturn|p2a: Hawlucha|Protect
|move|p1a: Staraptor|U-turn|p2b: Slowbro
|-supereffective|p2b: Slowbro|1
|-damage|p2b: Slowbro|0 fnt
|faint|p2b: Slowbro
|move|p1b: Lucario|Flash Cannon|p2a: Hawlucha
|-activate|p2a: Hawlucha|move: Protect
|
|-weather|none
|upkeep
|
|t:|1783120866
|switch|p2b: Azumarill|Azumarill, L50, M|6/100
|turn|6
|
|t:|1783120901
|move|p1b: Lucario|Vacuum Wave|p2b: Azumarill
|-resisted|p2b: Azumarill|1
|-damage|p2b: Azumarill|0 fnt
|faint|p2b: Azumarill
|move|p1a: Staraptor|Brave Bird|p2a: Hawlucha
|-supereffective|p2a: Hawlucha|1
|-damage|p2a: Hawlucha|0 fnt
|faint|p2a: Hawlucha
|-damage|p1a: Staraptor|68/100|[from] Recoil
|
|win|SlobCat47
|inactive|SlobCat47 has 30 seconds to confirm battle start!
|inactive|Fervvvvv has 30 seconds to confirm battle start!
