|j|☆starlight74
|j|☆Squ1dge_
|html|starlight74Squ1dge_    
|uhtml|bestof|Game 2 of a best-of-3
|t:|1784686190
|gametype|doubles
|player|p1|starlight74|anabel-gen7|1450
|player|p2|Squ1dge_|265|1469
|gen|9
|tier|[Gen 9 Champions] VGC 2026 Reg M-B (Bo3)
|rated|
|rule|Species Clause: Limit one of each Pokémon
|rule|Item Clause: Limit 1 of each item
|clearpoke
|poke|p1|Metagross, L50, shiny|
|poke|p1|Sneasler, L50, M|
|poke|p1|Incineroar, L50, M|
|poke|p1|Lycanroc-Dusk, L50, M|
|poke|p1|Hydreigon, L50, M|
|poke|p1|Floette-Eternal, L50, F|
|poke|p2|Kingambit, L50, F|
|poke|p2|Dragonite, L50, M|
|poke|p2|Basculegion, L50, M|
|poke|p2|Froslass, L50, F|
|poke|p2|Sneasler, L50, F|
|poke|p2|Garchomp, L50, M|
|teampreview|4
|showteam|p1|Metagross||Metagrossite|ClearBody|PsychicFangs,BulletPunch,BodyPress,Protect|Jolly|||||50|]Sneasler||WhiteHerb|Unburden|CloseCombat,DireClaw,FakeOut,Protect|Adamant||M|||50|]Incineroar||SitrusBerry|Intimidate|FlareBlitz,PartingShot,ThroatChop,FakeOut|Impish||M|||50|]Lycanroc-Dusk||FocusSash|ToughClaws|Accelerock,CloseCombat,RockSlide,Protect|Jolly||M|||50|]Hydreigon||ChoiceScarf|Levitate|DarkPulse,DracoMeteor,HeatWave,Snarl|Timid||M|||50|]Floette-Eternal||Floettite|FlowerVeil|DazzlingGleam,DrainingKiss,CalmMind,Protect|Modest||F|||50|
|showteam|p2|Kingambit||BlackGlasses|Defiant|KowtowCleave,SuckerPunch,IronHead,Protect|Adamant||F|||50|]Dragonite||Dragoninite|Multiscale|Flamethrower,Protect,Thunderbolt,DragonPulse|Timid||M|||50|]Basculegion||SitrusBerry|Adaptability|LastRespects,Protect,WaveCrash,AquaJet|Adamant||M|||50|]Froslass||Froslassite|CursedBody|ShadowBall,AuroraVeil,Blizzard,Protect|Modest||F|||50|]Sneasler||WhiteHerb|PoisonTouch|Protect,DireClaw,FakeOut,CloseCombat|Adamant||F|||50|]Garchomp||LifeOrb|RoughSkin|RockSlide,DragonClaw,Protect,Earthquake|Jolly||M|||50|
|inactive|Battle timer is ON: inactive players will automatically lose when time's up. (requested by starlight74)
|inactive|Squ1dge_ has 60 seconds left.
|
|t:|1784686222
|teamsize|p1|4
|teamsize|p2|4
|start
|switch|p1a: Hydreigon|Hydreigon, L50, M|100/100
|switch|p1b: Metagross|Metagross, L50, shiny|100/100
|switch|p2a: Dragonite|Dragonite, L50, M|100/100
|switch|p2b: Garchomp|Garchomp, L50, M|100/100
|turn|1
|inactive|Squ1dge_ has 30 seconds left.
|
|t:|1784686251
|detailschange|p2a: Dragonite|Dragonite-Mega, L50, M
|-mega|p2a: Dragonite|Dragonite|Dragoninite
|detailschange|p1b: Metagross|Metagross-Mega, L50, shiny
|-mega|p1b: Metagross|Metagross|Metagrossite
|move|p2a: Dragonite|Protect|p2a: Dragonite
|-singleturn|p2a: Dragonite|Protect
|move|p1a: Hydreigon|Draco Meteor|p2b: Garchomp
|-supereffective|p2b: Garchomp|1
|-damage|p2b: Garchomp|0 fnt
|-unboost|p1a: Hydreigon|spa|2
|faint|p2b: Garchomp
|move|p1b: Metagross|Body Press|p2a: Dragonite
|-activate|p2a: Dragonite|move: Protect
|
|upkeep
|
|t:|1784686261
|switch|p2b: Basculegion|Basculegion, L50, M|100/100
|turn|2
|
|t:|1784686272
|move|p1b: Metagross|Protect|p1b: Metagross
|-singleturn|p1b: Metagross|Protect
|move|p1a: Hydreigon|Draco Meteor|p2a: Dragonite|[miss]
|-miss|p1a: Hydreigon|p2a: Dragonite
|move|p2a: Dragonite|Dragon Pulse|p1a: Hydreigon
|-supereffective|p1a: Hydreigon|1
|-damage|p1a: Hydreigon|0 fnt
|faint|p1a: Hydreigon
|move|p2b: Basculegion|Last Respects|p1b: Metagross
|-activate|p1b: Metagross|move: Protect
|
|upkeep
|
|t:|1784686279
|switch|p1a: Lycanroc|Lycanroc-Dusk, L50, M|100/100
|turn|3
|
|t:|1784686293
|move|p2a: Dragonite|Protect|p2a: Dragonite
|-singleturn|p2a: Dragonite|Protect
|move|p2b: Basculegion|Aqua Jet|p1a: Lycanroc
|-supereffective|p1a: Lycanroc|1
|-damage|p1a: Lycanroc|12/100
|move|p1a: Lycanroc|Rock Slide|p2a: Dragonite|[spread] p2b
|-activate|p2a: Dragonite|move: Protect
|-damage|p2b: Basculegion|71/100
|move|p1b: Metagross|Psychic Fangs|p2b: Basculegion
|-damage|p2b: Basculegion|3/100
|-enditem|p2b: Basculegion|Sitrus Berry|[eat]
|-heal|p2b: Basculegion|28/100|[from] item: Sitrus Berry
|
|upkeep
|turn|4
|inactive|Squ1dge_ has 30 seconds left.
|
|t:|1784686320
|move|p1a: Lycanroc|Protect|p1a: Lycanroc
|-singleturn|p1a: Lycanroc|Protect
|move|p2b: Basculegion|Aqua Jet|p1a: Lycanroc
|-activate|p1a: Lycanroc|move: Protect
|move|p1b: Metagross|Psychic Fangs|p2b: Basculegion
|-damage|p2b: Basculegion|0 fnt
|faint|p2b: Basculegion
|move|p2a: Dragonite|Flamethrower|p1b: Metagross
|-supereffective|p1b: Metagross|1
|-damage|p1b: Metagross|31/100
|
|upkeep
|
|t:|1784686323
|switch|p2b: Sneasler|Sneasler, L50, F|100/100
|turn|5
|
|t:|1784686343
|move|p2b: Sneasler|Fake Out|p1b: Metagross
|-resisted|p1b: Metagross|1
|-damage|p1b: Metagross|25/100
|move|p1a: Lycanroc|Rock Slide|p2a: Dragonite|[spread] p2a
|-miss|p1a: Lycanroc|p2b: Sneasler
|-supereffective|p2a: Dragonite|1
|-damage|p2a: Dragonite|74/100
|cant|p1b: Metagross|flinch
|move|p2a: Dragonite|Dragon Pulse|p1a: Lycanroc
|-damage|p1a: Lycanroc|0 fnt
|faint|p1a: Lycanroc
|
|upkeep
|
|t:|1784686352
|switch|p1a: Sneasler|Sneasler, L50, M|100/100
|turn|6
|
|t:|1784686373
|move|p2b: Sneasler|Protect|p2b: Sneasler
|-singleturn|p2b: Sneasler|Protect
|move|p2a: Dragonite|Protect|p2a: Dragonite
|-singleturn|p2a: Dragonite|Protect
|move|p1a: Sneasler|Fake Out|p2a: Dragonite
|-activate|p2a: Dragonite|move: Protect
|move|p1b: Metagross|Psychic Fangs|p2b: Sneasler
|-activate|p2b: Sneasler|move: Protect
|
|upkeep
|turn|7
|
|t:|1784686385
|move|p2b: Sneasler|Protect||[still]
|-fail|p2b: Sneasler
|move|p1b: Metagross|Psychic Fangs|p2b: Sneasler
|-supereffective|p2b: Sneasler|2
|-damage|p2b: Sneasler|0 fnt
|faint|p2b: Sneasler
|move|p1a: Sneasler|Dire Claw|p2a: Dragonite
|-damage|p2a: Dragonite|32/100
|move|p2a: Dragonite|Flamethrower|p1b: Metagross
|-supereffective|p1b: Metagross|1
|-damage|p1b: Metagross|0 fnt
|faint|p1b: Metagross
|
|upkeep
|turn|8
|
|t:|1784686389
|move|p1a: Sneasler|Dire Claw|p2a: Dragonite
|-crit|p2a: Dragonite
|-damage|p2a: Dragonite|0 fnt
|faint|p2a: Dragonite
|
|win|starlight74
|raw|starlight74's rating: 1450 → 1471(+21 for winning)
|raw|Squ1dge_'s rating: 1469 → 1448(-21 for losing)
