|j|☆raylix
|j|☆Fredoulambeza
|html|raylixFredoulambeza    
|uhtml|bestof|Game 1 of a best-of-3
|t:|1756895164
|gametype|doubles
|player|p1|raylix|bruno|1104
|player|p2|Fredoulambeza|101|1042
|gen|9
|tier|[Gen 9] VGC 2025 Reg H (Bo3)
|rated|
|rule|Species Clause: Limit one of each Pokémon
|rule|Item Clause: Limit 1 of each item
|clearpoke
|poke|p1|Sneasler, L50, F|
|poke|p1|Indeedee, L50, M|
|poke|p1|Volcarona, L50, F|
|poke|p1|Ursaluna-Bloodmoon, L50, M|
|poke|p1|Annihilape, L50, M|
|poke|p1|Tyranitar, L50, M|
|poke|p2|Incineroar, L50, F|
|poke|p2|Gholdengo, L50|
|poke|p2|Amoonguss, L50, M|
|poke|p2|Hydreigon, L50, F|
|poke|p2|Porygon2, L50|
|poke|p2|Ursaluna, L50, M|
|teampreview|4
|showteam|p1|Sneasler||PsychicSeed|Unburden|CloseCombat,DireClaw,ThroatChop,Protect|||F|||50|,,,,,Dark]Indeedee||ChoiceScarf|PsychicSurge|ExpandingForce,TeraBlast,Trick,Protect|||M|||50|,,,,,Psychic]Volcarona||SitrusBerry|FlameBody|Overheat,StruggleBug,RagePowder,Tailwind|||F|||50|,,,,,Grass]Ursaluna-Bloodmoon||LifeOrb|MindsEye|BloodMoon,HyperVoice,EarthPower,Protect|||M|||50|,,,,,Normal]Annihilape||SafetyGoggles|Defiant|CloseCombat,RageFist,Taunt,FinalGambit|||M|||50|,,,,,Fairy]Tyranitar||AssaultVest|SandStream|RockSlide,KnockOff,TeraBlast,LowKick|||M|||50|,,,,,Flying
|showteam|p2|Incineroar||SitrusBerry|Intimidate|KnockOff,FakeOut,FlareBlitz,PartingShot|||F|||50|,,,,,Ghost]Gholdengo||MetalCoat|GoodasGold|Protect,NastyPlot,MakeItRain,ShadowBall||||||50|,,,,,Water]Amoonguss||RockyHelmet|Regenerator|Spore,RagePowder,PollenPuff,Protect|||M|||50|,,,,,Water]Hydreigon||SafetyGoggles|Levitate|DracoMeteor,Snarl,Tailwind,Protect|||F|||50|,,,,,Ghost]Porygon2||Eviolite|Download|Recover,IceBeam,TeraBlast,TrickRoom||||||50|,,,,,Fighting]Ursaluna||FlameOrb|Guts|Earthquake,Facade,HeadlongRush,Protect|||M|||50|,,,,,Ghost
|
|t:|1756895201
|teamsize|p1|4
|teamsize|p2|4
|start
|switch|p1a: Sneasler|Sneasler, L50, F|100/100
|switch|p1b: Indeedee|Indeedee, L50, M|100/100
|switch|p2a: Hydreigon|Hydreigon, L50, F, shiny|100/100
|switch|p2b: Incineroar|Incineroar, L50, F, shiny|100/100
|-fieldstart|move: Psychic Terrain|[from] ability: Psychic Surge|[of] p1b: Indeedee
|-enditem|p1a: Sneasler|Psychic Seed
|-boost|p1a: Sneasler|spd|1|[from] item: Psychic Seed
|-ability|p2b: Incineroar|Intimidate|boost
|-unboost|p1a: Sneasler|atk|1
|-unboost|p1b: Indeedee|atk|1
|turn|1
|
|t:|1756895267
|-terastallize|p2a: Hydreigon|Ghost
|move|p1a: Sneasler|Close Combat|p2a: Hydreigon
|-immune|p2a: Hydreigon
|move|p1b: Indeedee|Trick|p2b: Incineroar
|-activate|p1b: Indeedee|move: Trick|[of] p2b: Incineroar
|-item|p2b: Incineroar|Choice Scarf|[from] move: Trick
|-item|p1b: Indeedee|Sitrus Berry|[from] move: Trick
|move|p2a: Hydreigon|Draco Meteor|p1a: Sneasler
|-damage|p1a: Sneasler|46/100
|-unboost|p2a: Hydreigon|spa|2
|move|p2b: Incineroar|Knock Off|p1b: Indeedee
|-supereffective|p1b: Indeedee
|-damage|p1b: Indeedee|0 fnt
|-enditem|p1b: Indeedee|Sitrus Berry|[from] move: Knock Off|[of] p2b: Incineroar
|faint|p1b: Indeedee
|
|upkeep
|inactive|Battle timer is ON: inactive players will automatically lose when time's up. (requested by Fredoulambeza)
|
|t:|1756895285
|switch|p1b: Tyranitar|Tyranitar, L50, M|100/100
|-weather|Sandstorm|[from] ability: Sand Stream|[of] p1b: Tyranitar
|turn|2
|
|t:|1756895297
|switch|p2a: Ursaluna|Ursaluna, L50, M, shiny|100/100
|switch|p2b: Porygon2|Porygon2, L50, shiny|100/100
|-ability|p2b: Porygon2|Download|boost
|-boost|p2b: Porygon2|atk|1
|move|p1a: Sneasler|Close Combat|p2b: Porygon2
|-supereffective|p2b: Porygon2
|-damage|p2b: Porygon2|38/100
|-unboost|p1a: Sneasler|def|1
|-unboost|p1a: Sneasler|spd|1
|move|p1b: Tyranitar|Knock Off|p2a: Ursaluna
|-damage|p2a: Ursaluna|57/100
|-enditem|p2a: Ursaluna|Flame Orb|[from] move: Knock Off|[of] p1b: Tyranitar
|
|-weather|Sandstorm|[upkeep]
|-damage|p1a: Sneasler|40/100|[from] Sandstorm
|-damage|p2b: Porygon2|32/100|[from] Sandstorm
|upkeep
|turn|3
|inactive|raylix has 30 seconds left.
|inactive|Fredoulambeza has 30 seconds left.
|inactive|raylix has 20 seconds left.
|
|t:|1756895332
|switch|p2b: Incineroar|Incineroar, L50, F, shiny|100/100
|-ability|p2b: Incineroar|Intimidate|boost
|-unboost|p1a: Sneasler|atk|1
|-unboost|p1b: Tyranitar|atk|1
|move|p2a: Ursaluna|Protect|p2a: Ursaluna
|-singleturn|p2a: Ursaluna|Protect
|move|p1a: Sneasler|Close Combat|p2b: Incineroar
|-supereffective|p2b: Incineroar
|-crit|p2b: Incineroar
|-damage|p2b: Incineroar|0 fnt
|-unboost|p1a: Sneasler|def|1
|-unboost|p1a: Sneasler|spd|1
|faint|p2b: Incineroar
|move|p1b: Tyranitar|Low Kick|p2a: Ursaluna
|-activate|p2a: Ursaluna|move: Protect
|
|-weather|Sandstorm|[upkeep]
|-damage|p1a: Sneasler|35/100|[from] Sandstorm
|upkeep
|
|t:|1756895347
|switch|p2b: Hydreigon|Hydreigon, L50, F, shiny, tera:Ghost|100/100
|turn|4
|
|t:|1756895358
|-terastallize|p1a: Sneasler|Dark
|move|p1a: Sneasler|Throat Chop|p2b: Hydreigon
|-supereffective|p2b: Hydreigon
|-damage|p2b: Hydreigon|55/100
|-start|p2b: Hydreigon|Throat Chop|[silent]
|move|p2b: Hydreigon|Tailwind|p2b: Hydreigon
|-sidestart|p2: Fredoulambeza|move: Tailwind
|move|p2a: Ursaluna|Earthquake|p1b: Tyranitar|[spread] p1a,p1b
|-immune|p2b: Hydreigon|[from] ability: Levitate
|-supereffective|p1b: Tyranitar
|-damage|p1a: Sneasler|0 fnt
|-damage|p1b: Tyranitar|27/100
|faint|p1a: Sneasler
|move|p1b: Tyranitar|Low Kick|p2a: Ursaluna
|-supereffective|p2a: Ursaluna
|-damage|p2a: Ursaluna|9/100
|
|-weather|Sandstorm|[upkeep]
|upkeep
|
|t:|1756895372
|switch|p1a: Volcarona|Volcarona, L50, F|100/100
|turn|5
|inactive|raylix has 30 seconds left.
|
|t:|1756895397
|move|p2b: Hydreigon|Draco Meteor|p1b: Tyranitar
|-damage|p1b: Tyranitar|1/100
|-unboost|p2b: Hydreigon|spa|2
|move|p2a: Ursaluna|Headlong Rush|p1a: Volcarona
|-damage|p1a: Volcarona|12/100
|-unboost|p2a: Ursaluna|def|1
|-unboost|p2a: Ursaluna|spd|1
|-enditem|p1a: Volcarona|Sitrus Berry|[eat]
|-heal|p1a: Volcarona|37/100|[from] item: Sitrus Berry
|move|p1a: Volcarona|Struggle Bug|p2b: Hydreigon|[spread] p2a,p2b
|-resisted|p2b: Hydreigon
|-damage|p2a: Ursaluna|0 fnt
|-damage|p2b: Hydreigon|47/100
|-unboost|p2b: Hydreigon|spa|1
|faint|p2a: Ursaluna
|move|p1b: Tyranitar|Low Kick|p2b: Hydreigon
|-immune|p2b: Hydreigon
|
|-weather|Sandstorm|[upkeep]
|-damage|p1a: Volcarona|31/100|[from] Sandstorm
|-end|p2b: Hydreigon|Throat Chop|[silent]
|-fieldend|move: Psychic Terrain
|upkeep
|
|t:|1756895412
|switch|p2a: Porygon2|Porygon2, L50, shiny|32/100
|-ability|p2a: Porygon2|Download|boost
|-boost|p2a: Porygon2|atk|1
|turn|6
|inactive|raylix has 30 seconds left.
|
|t:|1756895443
|move|p2b: Hydreigon|Snarl|p1a: Volcarona|[spread] p1a,p1b
|-resisted|p1b: Tyranitar
|-damage|p1a: Volcarona|24/100
|-damage|p1b: Tyranitar|0 fnt
|-unboost|p1a: Volcarona|spa|1
|faint|p1b: Tyranitar
|move|p1a: Volcarona|Struggle Bug|p2b: Hydreigon|[spread] p2a,p2b
|-crit|p2a: Porygon2
|-resisted|p2b: Hydreigon
|-damage|p2a: Porygon2|16/100
|-damage|p2b: Hydreigon|42/100
|-unboost|p2a: Porygon2|spa|1
|-unboost|p2b: Hydreigon|spa|1
|move|p2a: Porygon2|Tera Blast|p1a: Volcarona
|-damage|p1a: Volcarona|4/100
|
|-weather|none
|upkeep
|turn|7
|
|t:|1756895459
|move|p2b: Hydreigon|Draco Meteor|p1a: Volcarona|[miss]
|-miss|p2b: Hydreigon|p1a: Volcarona
|move|p1a: Volcarona|Struggle Bug|p2a: Porygon2|[spread] p2a,p2b
|-resisted|p2b: Hydreigon
|-damage|p2a: Porygon2|9/100
|-damage|p2b: Hydreigon|37/100
|-unboost|p2a: Porygon2|spa|1
|-unboost|p2b: Hydreigon|spa|1
|move|p2a: Porygon2|Tera Blast|p1a: Volcarona
|-damage|p1a: Volcarona|0 fnt
|faint|p1a: Volcarona
|
|win|Fredoulambeza
