|j|☆Nimblefrog6
|j|☆HyphyJavi
|html|Nimblefrog6HyphyJavi    
|uhtml|bestof|Game 1 of a best-of-3
|t:|1757832833
|gametype|doubles
|player|p1|Nimblefrog6|medium-gen2jp|1175
|player|p2|HyphyJavi|dancer|1250
|gen|9
|tier|[Gen 9] VGC 2025 Reg H (Bo3)
|rated|
|rule|Species Clause: Limit one of each Pokémon
|rule|Item Clause: Limit 1 of each item
|clearpoke
|poke|p1|Gholdengo, L50|
|poke|p1|Sneasler, L50, M|
|poke|p1|Rillaboom, L50, F|
|poke|p1|Ninetales-Alola, L50, F|
|poke|p1|Ursaluna-Bloodmoon, L50, M|
|poke|p1|Incineroar, L50, F|
|poke|p2|Sneasler, L50, M|
|poke|p2|Indeedee, L50, M|
|poke|p2|Talonflame, L50, M|
|poke|p2|Ursaluna, L50, F|
|poke|p2|Electabuzz, L50, M|
|poke|p2|Annihilape, L50, M|
|teampreview|4
|showteam|p1|Gholdengo||GrassySeed|GoodasGold|NastyPlot,MakeItRain,ShadowBall,Protect||||||50|,,,,,Water]Sneasler||WhiteHerb|Unburden|CloseCombat,DireClaw,ThroatChop,Protect|||M|||50|,,,,,Ghost]Rillaboom||MiracleSeed|GrassySurge|FakeOut,GrassyGlide,DrumBeating,HighHorsepower|||F|||50|,,,,,Fire]Ninetales-Alola||FocusSash|SnowWarning|Blizzard,IcyWind,Encore,AuroraVeil|||F|||50|,,,,,Ghost]Ursaluna-Bloodmoon||AssaultVest|MindsEye|HyperVoice,BloodMoon,EarthPower,VacuumWave|||M|||50|,,,,,Ghost]Incineroar||SitrusBerry|Intimidate|FakeOut,KnockOff,PartingShot,FlareBlitz|||F|||50|,,,,,Ghost
|showteam|p2|Sneasler||PsychicSeed|Unburden|DireClaw,CloseCombat,Acrobatics,Protect|||M|||50|,,,,,Flying]Indeedee||FocusSash|PsychicSurge|Imprison,ExpandingForce,TrickRoom,ShadowBall|||M|||50|,,,,,Stellar]Talonflame||CovertCloak|GaleWings|DualWingbeat,FlareBlitz,Tailwind,WillOWisp|||M|||50|,,,,,Stellar]Ursaluna||FlameOrb|Guts|Earthquake,HeadlongRush,Facade,Protect|||F|||50|,,,,,Ghost]Electabuzz||Eviolite|VitalSpirit|Electroweb,FollowMe,Taunt,HelpingHand|||M|||50|,,,,,Flying]Annihilape||ChoiceScarf|Defiant|FinalGambit,ShadowClaw,CloseCombat,Uturn|||M|||50|,,,,,Stellar
|inactive|Battle timer is ON: inactive players will automatically lose when time's up. (requested by Nimblefrog6)
|c|☆HyphyJavi|glhf
|c|☆Nimblefrog6|glhf
|inactive|Nimblefrog6 has 60 seconds left.
|inactive|HyphyJavi has 60 seconds left.
|
|t:|1757832888
|teamsize|p1|4
|teamsize|p2|4
|start
|switch|p1a: Monkey|Rillaboom, L50, F|100/100
|switch|p1b: Cheese|Gholdengo, L50|100/100
|switch|p2a: Talonflame|Talonflame, L50, M|100/100
|switch|p2b: Annihilape|Annihilape, L50, M|100/100
|-fieldstart|move: Grassy Terrain|[from] ability: Grassy Surge|[of] p1a: Monkey
|-enditem|p1b: Cheese|Grassy Seed
|-boost|p1b: Cheese|def|1|[from] item: Grassy Seed
|turn|1
|inactive|Nimblefrog6 has 30 seconds left.
|inactive|HyphyJavi has 30 seconds left.
|
|t:|1757832921
|-terastallize|p1b: Cheese|Water
|move|p2b: Annihilape|U-turn|p1a: Monkey
|-supereffective|p1a: Monkey
|-damage|p1a: Monkey|60/100
|
|t:|1757832927
|switch|p2b: Sneasler|Sneasler, L50, M|100/100|[from] U-turn
|move|p2a: Talonflame|Will-O-Wisp|p1a: Monkey
|-status|p1a: Monkey|brn
|move|p1a: Monkey|Drum Beating|p2b: Sneasler
|-resisted|p2b: Sneasler
|-damage|p2b: Sneasler|77/100
|-unboost|p2b: Sneasler|spe|1
|move|p1b: Cheese|Shadow Ball|p2b: Sneasler
|-damage|p2b: Sneasler|18/100
|
|-heal|p1a: Monkey|66/100 brn|[from] Grassy Terrain
|-heal|p2b: Sneasler|24/100|[from] Grassy Terrain
|-damage|p1a: Monkey|60/100 brn|[from] brn
|upkeep
|turn|2
|inactive|Nimblefrog6 has 30 seconds left.
|
|t:|1757832954
|switch|p2a: Indeedee|Indeedee, L50, M|100/100
|-fieldstart|move: Psychic Terrain|[from] ability: Psychic Surge|[of] p2a: Indeedee
|-enditem|p2b: Sneasler|Psychic Seed
|-boost|p2b: Sneasler|spd|1|[from] item: Psychic Seed
|switch|p1a: Meow|Sneasler, L50, M|100/100
|move|p2b: Sneasler|Dire Claw|p1b: Cheese
|-damage|p1b: Cheese|71/100
|-status|p1b: Cheese|par
|move|p1b: Cheese|Make It Rain|p2a: Indeedee|[spread] p2a,p2b
|-damage|p2a: Indeedee|43/100
|-damage|p2b: Sneasler|0 fnt
|-unboost|p1b: Cheese|spa|1
|faint|p2b: Sneasler
|
|upkeep
|inactive|HyphyJavi has 30 seconds left.
|
|t:|1757832983
|switch|p2b: Talonflame|Talonflame, L50, M|100/100
|turn|3
|
|t:|1757832991
|switch|p1b: Monkey|Rillaboom, L50, F|60/100 brn
|-fieldstart|move: Grassy Terrain|[from] ability: Grassy Surge|[of] p1b: Monkey
|move|p2b: Talonflame|Tailwind|p2b: Talonflame
|-sidestart|p2: HyphyJavi|move: Tailwind
|move|p2a: Indeedee|Expanding Force|p1a: Meow
|-supereffective|p1a: Meow
|-damage|p1a: Meow|0 fnt
|faint|p1a: Meow
|
|-heal|p2a: Indeedee|49/100|[from] Grassy Terrain
|-heal|p1b: Monkey|66/100 brn|[from] Grassy Terrain
|-damage|p1b: Monkey|60/100 brn|[from] brn
|upkeep
|
|t:|1757833002
|switch|p1a: Cheese|Gholdengo, L50, tera:Water|71/100 par
|turn|4
|inactive|HyphyJavi has 30 seconds left.
|
|t:|1757833037
|-terastallize|p2b: Talonflame|Stellar
|move|p2b: Talonflame|Flare Blitz|p1b: Monkey
|-supereffective|p1b: Monkey
|-damage|p1b: Monkey|0 fnt
|faint|p1b: Monkey
|-damage|p2b: Talonflame|76/100|[from] Recoil
|move|p2a: Indeedee|Expanding Force|p1a: Cheese
|-damage|p1a: Cheese|29/100 par
|move|p1a: Cheese|Nasty Plot|p1a: Cheese
|-boost|p1a: Cheese|spa|2
|
|-heal|p2a: Indeedee|55/100|[from] Grassy Terrain
|-heal|p1a: Cheese|35/100 par|[from] Grassy Terrain
|upkeep
|
|t:|1757833043
|switch|p1b: Fox|Ninetales-Alola, L50, F|100/100
|-weather|Snowscape|[from] ability: Snow Warning|[of] p1b: Fox
|turn|5
|inactive|Nimblefrog6 has 30 seconds left.
|inactive|HyphyJavi has 30 seconds left.
|
|t:|1757833074
|move|p2b: Talonflame|Flare Blitz|p1b: Fox
|-supereffective|p1b: Fox
|-enditem|p1b: Fox|Focus Sash
|-damage|p1b: Fox|1/100
|-status|p1b: Fox|brn
|-damage|p2b: Talonflame|45/100|[from] Recoil
|move|p2a: Indeedee|Expanding Force|p1b: Fox
|-damage|p1b: Fox|0 fnt
|faint|p1b: Fox
|cant|p1a: Cheese|par
|
|-weather|Snowscape|[upkeep]
|-heal|p2a: Indeedee|61/100|[from] Grassy Terrain
|-heal|p1a: Cheese|41/100 par|[from] Grassy Terrain
|upkeep
|turn|6
|
|t:|1757833090
|move|p2b: Talonflame|Flare Blitz|p1a: Cheese
|-resisted|p1a: Cheese
|-damage|p1a: Cheese|18/100 par
|-damage|p2b: Talonflame|35/100|[from] Recoil
|move|p2a: Indeedee|Expanding Force|p1a: Cheese
|-damage|p1a: Cheese|0 fnt
|faint|p1a: Cheese
|
|win|HyphyJavi
||Nimblefrog6 is ready for game 2.
|c|☆HyphyJavi|gg
||HyphyJavi is ready for game 2.
|uhtml|next|Next: Game 2 of 3
|l|☆HyphyJavi
|player|p2|
