|j|Ōśåglofer
|j|ŌśåBenniOVY
|html|gloferBenniOVY    
|uhtml|bestof|Game 2 of a best-of-3
|t:|1783194108
|gametype|doubles
|player|p1|glofer|blackbelt|1209
|player|p2|BenniOVY|psychic-gen4|1287
|gen|9
|tier|[Gen 9 Champions] VGC 2026 Reg M-B (Bo3)
|rated|
|rule|Species Clause: Limit one of each Pok├®mon
|rule|Item Clause: Limit 1 of each item
|clearpoke
|poke|p1|Snorlax, L50, M|
|poke|p1|Farigiraf, L50, M|
|poke|p1|Annihilape, L50, M|
|poke|p1|Scrafty, L50, F|
|poke|p1|Froslass, L50, F|
|poke|p1|Volcarona, L50, F|
|poke|p2|Delphox, L50, F|
|poke|p2|Sneasler, L50, M|
|poke|p2|Incineroar, L50, F|
|poke|p2|Sinistcha, L50|
|poke|p2|Kingambit, L50, M|
|poke|p2|Floette-Eternal, L50, F|
|teampreview|4
|showteam|p1|Snorlax||Leftovers|ThickFat|BodySlam,HighHorsepower,RockSlide,Protect|Adamant||M|||50|]Farigiraf||SitrusBerry|ArmorTail|TwinBeam,HyperVoice,TrickRoom,HelpingHand|Quiet||M|||50|]Annihilape||LifeOrb|Defiant|DrainPunch,RageFist,BulkUp,Protect|Adamant||M|||50|]Scrafty||Scraftinite|Intimidate|CloseCombat,KnockOff,FakeOut,Protect|Adamant||F|||50|]Froslass||Froslassite|CursedBody|Blizzard,ShadowBall,AuroraVeil,Protect|Timid||F|||50|]Volcarona||FocusSash|FlameBody|HeatWave,StruggleBug,QuiverDance,Protect|Modest||F|||50|
|showteam|p2|Delphox||Delphoxite|Blaze|HeatWave,Psyshock,NastyPlot,Protect|Timid||F|||50|]Sneasler||WhiteHerb|Unburden|CloseCombat,DireClaw,FakeOut,Protect|Adamant||M|||50|]Incineroar||PasshoBerry|Intimidate|FlareBlitz,DarkestLariat,PartingShot,FakeOut|Impish||F|||50|]Sinistcha||KasibBerry|Hospitality|MatchaGotcha,LifeDew,RagePowder,Protect|Bold|||||50|]Kingambit||BlackGlasses|Defiant|KowtowCleave,SuckerPunch,SwordsDance,Protect|Adamant||M|||50|]Floette-Eternal||Floettite|FlowerVeil|DazzlingGleam,Moonblast,CalmMind,Protect|Modest||F|||50|
|inactive|Battle timer is ON: inactive players will automatically lose when time's up. (requested by glofer)
|
|t:|1783194124
|teamsize|p1|4
|teamsize|p2|4
|start
|switch|p1a: Volcarona|Volcarona, L50, F|100/100
|switch|p1b: Farigiraf|Farigiraf, L50, M|100/100
|switch|p2a: Floette|Floette-Eternal, L50, F|100/100
|switch|p2b: Sneasler|Sneasler, L50, M|100/100
|turn|1
|inactive|glofer has 30 seconds left.
|inactive|glofer has 20 seconds left.
|inactive|glofer has 15 seconds left.
|inactive|glofer has 10 seconds left.
|
|t:|1783194169
|detailschange|p2a: Floette|Floette-Mega, L50, F
|-mega|p2a: Floette|Floette|Floettite
|-ability|p2a: Floette|Fairy Aura
|move|p2b: Sneasler|Dire Claw|p1b: Farigiraf
|-damage|p1b: Farigiraf|66/100
|move|p1a: Volcarona|Struggle Bug|p2a: Floette|[spread] p2a,p2b
|-resisted|p2a: Floette|1
|-resisted|p2b: Sneasler|2
|-damage|p2a: Floette|92/100
|-damage|p2b: Sneasler|92/100
|-unboost|p2a: Floette|spa|1
|-unboost|p2b: Sneasler|spa|1
|-enditem|p2b: Sneasler|White Herb
|-clearnegativeboost|p2b: Sneasler|[silent]
|move|p2a: Floette|Moonblast|p1b: Farigiraf
|-damage|p1b: Farigiraf|24/100
|-enditem|p1b: Farigiraf|Sitrus Berry|[eat]
|-heal|p1b: Farigiraf|48/100|[from] item: Sitrus Berry
|move|p1b: Farigiraf|Twin Beam|p2b: Sneasler
|-supereffective|p2b: Sneasler|2
|-damage|p2b: Sneasler|4/100
|-supereffective|p2b: Sneasler|2
|-damage|p2b: Sneasler|0 fnt
|faint|p2b: Sneasler
|-hitcount|p2: Sneasler|2
|
|upkeep
|
|t:|1783194179
|switch|p2b: Incineroar|Incineroar, L50, F|100/100
|-ability|p2b: Incineroar|Intimidate|boost
|-unboost|p1a: Volcarona|atk|1
|-unboost|p1b: Farigiraf|atk|1
|turn|2
|c|ŌśåBenniOVY|crazy play but sure
|
|t:|1783194198
|move|p1a: Volcarona|Quiver Dance|p1a: Volcarona
|-boost|p1a: Volcarona|spa|1
|-boost|p1a: Volcarona|spd|1
|-boost|p1a: Volcarona|spe|1
|move|p2a: Floette|Calm Mind|p2a: Floette
|-boost|p2a: Floette|spa|1
|-boost|p2a: Floette|spd|1
|move|p2b: Incineroar|Flare Blitz|p1a: Volcarona
|-damage|p1a: Volcarona|27/100
|-damage|p2b: Incineroar|80/100|[from] Recoil
|move|p1b: Farigiraf|Hyper Voice|p2a: Floette|[spread] p2a,p2b
|-crit|p2a: Floette
|-damage|p2a: Floette|63/100
|-damage|p2b: Incineroar|56/100
|
|upkeep
|turn|3
|
|t:|1783194217
|move|p1a: Volcarona|Struggle Bug|p2a: Floette|[spread] p2a,p2b
|-resisted|p2a: Floette|1
|-damage|p2a: Floette|55/100
|-damage|p2b: Incineroar|29/100
|-unboost|p2a: Floette|spa|1
|-unboost|p2b: Incineroar|spa|1
|move|p2a: Floette|Moonblast|p1b: Farigiraf
|-damage|p1b: Farigiraf|2/100
|move|p2b: Incineroar|Flare Blitz|p1a: Volcarona
|-damage|p1a: Volcarona|0 fnt
|faint|p1a: Volcarona
|-damage|p2b: Incineroar|21/100|[from] Recoil
|move|p1b: Farigiraf|Hyper Voice|p2a: Floette|[spread] p2a,p2b
|-damage|p2a: Floette|42/100
|-damage|p2b: Incineroar|0 fnt
|faint|p2b: Incineroar
|
|upkeep
|c|ŌśåBenniOVY|wait what?
|c|ŌśåBenniOVY|bruhhh
|c|ŌśåBenniOVY|im ass bro
|c|ŌśåBenniOVY|i guess cm was the free move there
|
|t:|1783194234
|switch|p1a: Froslass|Froslass, L50, F|100/100
|switch|p2b: Sinistcha|Sinistcha, L50|100/100
|-heal|p2a: Floette|67/100|[from] ability: Hospitality|[of] p2b: Sinistcha
|turn|4
|
|t:|1783194240
|detailschange|p1a: Froslass|Froslass-Mega, L50, F
|-mega|p1a: Froslass|Froslass|Froslassite
|-weather|Snowscape|[from] ability: Snow Warning|[of] p1a: Froslass
|move|p1b: Farigiraf|Helping Hand|p1a: Froslass
|-singleturn|p1a: Froslass|Helping Hand|[of] p1b: Farigiraf
|move|p2b: Sinistcha|Protect|p2b: Sinistcha
|-singleturn|p2b: Sinistcha|Protect
|move|p1a: Froslass|Blizzard|p2a: Floette|[spread] p2a
|-activate|p2b: Sinistcha|move: Protect
|-damage|p2a: Floette|35/100
|-status|p2a: Floette|frz
|cant|p2a: Floette|frz
|
|-weather|Snowscape|[upkeep]
|upkeep
|turn|5
|c|ŌśåBenniOVY|bruhhh
|c|ŌśåBenniOVY|fuck this shit
|-message|BenniOVY forfeited.
|
|win|glofer
