|j|☆myshirtisdirty
|j|☆Vegs Bunny
|html|myshirtisdirtyVegs Bunny    
|uhtml|bestof|Game 1 of a best-of-3
|t:|1756522978
|gametype|doubles
|player|p1|myshirtisdirty|2|1075
|player|p2|Vegs Bunny|266|1170
|gen|9
|tier|[Gen 9] VGC 2025 Reg H (Bo3)
|rated|
|rule|Species Clause: Limit one of each Pokémon
|rule|Item Clause: Limit 1 of each item
|clearpoke
|poke|p1|Tyranitar, L50, M|
|poke|p1|Excadrill, L50, M|
|poke|p1|Sinistcha, L50|
|poke|p1|Dragonite, L50, F|
|poke|p1|Primarina, L50, M|
|poke|p1|Volcarona, L50, F|
|poke|p2|Sneasler, L50, F|
|poke|p2|Amoonguss, L50, M|
|poke|p2|Gholdengo, L50|
|poke|p2|Incineroar, L50, F|
|poke|p2|Dragonite, L50, M|
|poke|p2|Ursaluna-Bloodmoon, L50, M|
|teampreview|4
|showteam|p1|Tyranitar||AssaultVest|SandStream|RockSlide,KnockOff,TeraBlast,LowKick|||M|||50|,,,,,Flying]Excadrill||ClearAmulet|SandRush|Earthquake,IronHead,HighHorsepower,Protect|||M|||50|,,,,,Ghost]Sinistcha||RockyHelmet|Hospitality|MatchaGotcha,LifeDew,TrickRoom,RagePowder||||||50|,,,,,Dark]Dragonite||ChoiceBand|InnerFocus|Outrage,ExtremeSpeed,IceSpinner,AerialAce|||F|||50|,,,,,Normal]Primarina||ThroatSpray|LiquidVoice|Moonblast,HyperVoice,Haze,Protect|||M|||50|,,,,,Grass]Volcarona||Leftovers|FlameBody|FieryDance,GigaDrain,QuiverDance,Protect|||F|||50|,,,,,Dragon
|showteam|p2|Sneasler||FocusSash|Unburden|DireClaw,CloseCombat,Protect,ThroatChop|||F|||50|,,,,,Stellar]Amoonguss||SitrusBerry|Regenerator|RagePowder,Spore,PollenPuff,Protect|||M|||50|,,,,,Water]Gholdengo||LifeOrb|GoodasGold|MakeItRain,ShadowBall,Protect,NastyPlot||||||50|,,,,,Water]Incineroar||SafetyGoggles|Intimidate|FlareBlitz,PartingShot,FakeOut,KnockOff|||F|||50|,,,,,Ghost]Dragonite||LoadedDice|Multiscale|ScaleShot,Tailwind,Protect,Haze|||M|||50|,,,,,Fairy]Ursaluna-Bloodmoon||AssaultVest|MindsEye|BloodMoon,VacuumWave,HyperVoice,EarthPower|||M|||50|,,,,,Water
|inactive|Battle timer is ON: inactive players will automatically lose when time's up. (requested by myshirtisdirty)
|
|t:|1756523058
|teamsize|p1|4
|teamsize|p2|4
|start
|switch|p1a: Sinistcha|Sinistcha, L50|100/100
|switch|p1b: Volcarona|Volcarona, L50, F|100/100
|switch|p2a: Incineroar|Incineroar, L50, F|100/100
|switch|p2b: Amoonguss|Amoonguss, L50, M|100/100
|-ability|p2a: Incineroar|Intimidate|boost
|-unboost|p1a: Sinistcha|atk|1
|-unboost|p1b: Volcarona|atk|1
|turn|1
|inactive|myshirtisdirty has 30 seconds left.
|inactive|Vegs Bunny has 30 seconds left.
|inactive|Vegs Bunny has 20 seconds left.
|
|t:|1756523095
|move|p1b: Volcarona|Protect|p1b: Volcarona
|-singleturn|p1b: Volcarona|Protect
|move|p2a: Incineroar|Flare Blitz|p1a: Sinistcha
|-supereffective|p1a: Sinistcha
|-damage|p1a: Sinistcha|8/100
|-damage|p2a: Incineroar|84/100|[from] item: Rocky Helmet|[of] p1a: Sinistcha
|-damage|p2a: Incineroar|57/100|[from] Recoil
|move|p1a: Sinistcha|Matcha Gotcha|p2b: Amoonguss|[spread] p2a,p2b
|-resisted|p2a: Incineroar
|-resisted|p2b: Amoonguss
|-damage|p2a: Incineroar|45/100
|-heal|p1a: Sinistcha|15/100|[from] drain|[of] p2a: Incineroar
|-damage|p2b: Amoonguss|95/100
|-heal|p1a: Sinistcha|19/100|[from] drain|[of] p2b: Amoonguss
|move|p2b: Amoonguss|Spore|p1a: Sinistcha
|-immune|p1a: Sinistcha
|
|upkeep
|turn|2
|inactive|myshirtisdirty has 30 seconds left.
|
|t:|1756523125
|switch|p1a: Tyranitar|Tyranitar, L50, M|100/100
|-weather|Sandstorm|[from] ability: Sand Stream|[of] p1a: Tyranitar
|move|p1b: Volcarona|Fiery Dance|p2b: Amoonguss
|-supereffective|p2b: Amoonguss
|-damage|p2b: Amoonguss|29/100
|-boost|p1b: Volcarona|spa|1
|-enditem|p2b: Amoonguss|Sitrus Berry|[eat]
|-heal|p2b: Amoonguss|54/100|[from] item: Sitrus Berry
|move|p2a: Incineroar|Knock Off|p1a: Tyranitar
|-resisted|p1a: Tyranitar
|-damage|p1a: Tyranitar|83/100
|-enditem|p1a: Tyranitar|Assault Vest|[from] move: Knock Off|[of] p2a: Incineroar
|move|p2b: Amoonguss|Spore|p1b: Volcarona
|-status|p1b: Volcarona|slp|[from] move: Spore
|
|-weather|Sandstorm|[upkeep]
|-damage|p1b: Volcarona|94/100 slp|[from] Sandstorm
|-damage|p2b: Amoonguss|48/100|[from] Sandstorm
|-heal|p1b: Volcarona|100/100 slp|[from] item: Leftovers
|upkeep
|turn|3
|inactive|Vegs Bunny has 30 seconds left.
|
|t:|1756523158
|cant|p1b: Volcarona|slp
|move|p2a: Incineroar|Parting Shot|p1a: Tyranitar
|-unboost|p1a: Tyranitar|atk|1
|-unboost|p1a: Tyranitar|spa|1
|
|t:|1756523164
|switch|p2a: Sneasler|Sneasler, L50, F|100/100|[from] Parting Shot
|move|p1a: Tyranitar|Rock Slide|p2a: Sneasler|[spread] p2a,p2b
|-resisted|p2a: Sneasler
|-damage|p2a: Sneasler|82/100
|-damage|p2b: Amoonguss|31/100
|cant|p2b: Amoonguss|flinch
|
|-weather|Sandstorm|[upkeep]
|-damage|p2a: Sneasler|77/100|[from] Sandstorm
|-damage|p1b: Volcarona|94/100 slp|[from] Sandstorm
|-damage|p2b: Amoonguss|25/100|[from] Sandstorm
|-heal|p1b: Volcarona|100/100 slp|[from] item: Leftovers
|upkeep
|turn|4
|
|t:|1756523182
|switch|p1a: Sinistcha|Sinistcha, L50|19/100
|switch|p2b: Incineroar|Incineroar, L50, F|45/100
|-ability|p2b: Incineroar|Intimidate|boost
|-unboost|p1a: Sinistcha|atk|1
|-unboost|p1b: Volcarona|atk|1
|move|p2a: Sneasler|Dire Claw|p1b: Volcarona
|-damage|p1b: Volcarona|47/100 slp
|cant|p1b: Volcarona|slp
|
|-weather|Sandstorm|[upkeep]
|-damage|p2a: Sneasler|71/100|[from] Sandstorm
|-damage|p1b: Volcarona|41/100 slp|[from] Sandstorm
|-damage|p1a: Sinistcha|12/100|[from] Sandstorm
|-heal|p1b: Volcarona|47/100 slp|[from] item: Leftovers
|upkeep
|turn|5
|inactive|myshirtisdirty has 30 seconds left.
|inactive|myshirtisdirty has 20 seconds left.
|inactive|Vegs Bunny has 30 seconds left.
|inactive|Vegs Bunny has 20 seconds left.
|inactive|Vegs Bunny has 15 seconds left.
|inactive|Vegs Bunny has 10 seconds left.
|
|t:|1756523237
|-terastallize|p1b: Volcarona|Dragon
|move|p1a: Sinistcha|Rage Powder|p1a: Sinistcha
|-singleturn|p1a: Sinistcha|move: Rage Powder
|move|p2a: Sneasler|Dire Claw|p1a: Sinistcha
|-damage|p1a: Sinistcha|0 fnt
|-damage|p2a: Sneasler|55/100|[from] item: Rocky Helmet|[of] p1a: Sinistcha
|faint|p1a: Sinistcha
|-curestatus|p1b: Volcarona|slp|[msg]
|move|p1b: Volcarona|Quiver Dance|p1b: Volcarona
|-boost|p1b: Volcarona|spa|1
|-boost|p1b: Volcarona|spd|1
|-boost|p1b: Volcarona|spe|1
|move|p2b: Incineroar|Flare Blitz|p1b: Volcarona
|-resisted|p1b: Volcarona
|-damage|p1b: Volcarona|15/100
|-damage|p2b: Incineroar|35/100|[from] Recoil
|
|-weather|Sandstorm|[upkeep]
|-damage|p1b: Volcarona|8/100|[from] Sandstorm
|-damage|p2a: Sneasler|49/100|[from] Sandstorm
|-heal|p1b: Volcarona|15/100|[from] item: Leftovers
|upkeep
|
|t:|1756523253
|switch|p1a: Excadrill|Excadrill, L50, M, shiny|100/100
|turn|6
|
|t:|1756523265
|switch|p2b: Amoonguss|Amoonguss, L50, M|59/100
|move|p1b: Volcarona|Protect|p1b: Volcarona
|-singleturn|p1b: Volcarona|Protect
|move|p2a: Sneasler|Protect|p2a: Sneasler
|-singleturn|p2a: Sneasler|Protect
|move|p1a: Excadrill|Earthquake|p2a: Sneasler|[spread] p2b
|-activate|p1b: Volcarona|move: Protect
|-activate|p2a: Sneasler|move: Protect
|-damage|p2b: Amoonguss|25/100
|
|-weather|none
|-heal|p1b: Volcarona|21/100|[from] item: Leftovers
|upkeep
|turn|7
|inactive|myshirtisdirty has 30 seconds left.
|inactive|Vegs Bunny has 30 seconds left.
|inactive|myshirtisdirty has 20 seconds left.
|inactive|myshirtisdirty has 15 seconds left.
|inactive|myshirtisdirty has 10 seconds left.
|
|t:|1756523311
|move|p1b: Volcarona|Protect||[still]
|-fail|p1b: Volcarona
|move|p2b: Amoonguss|Rage Powder|p2b: Amoonguss
|-singleturn|p2b: Amoonguss|move: Rage Powder
|move|p2a: Sneasler|Dire Claw|p1b: Volcarona
|-damage|p1b: Volcarona|0 fnt
|faint|p1b: Volcarona
|move|p1a: Excadrill|Earthquake|p2b: Amoonguss|[spread] p2a,p2b
|-supereffective|p2a: Sneasler
|-damage|p2a: Sneasler|0 fnt
|-damage|p2b: Amoonguss|0 fnt
|faint|p2a: Sneasler
|faint|p2b: Amoonguss
|
|upkeep
|
|t:|1756523323
|switch|p2a: Incineroar|Incineroar, L50, F|35/100
|switch|p1b: Tyranitar|Tyranitar, L50, M|83/100
|switch|p2b: Dragonite|Dragonite, L50, M|100/100
|-ability|p2a: Incineroar|Intimidate|boost
|-fail|p1a: Excadrill|unboost|[from] item: Clear Amulet|[of] p1a: Excadrill
|-unboost|p1b: Tyranitar|atk|1
|-weather|Sandstorm|[from] ability: Sand Stream|[of] p1b: Tyranitar
|turn|8
|
|t:|1756523345
|move|p1a: Excadrill|Protect|p1a: Excadrill
|-singleturn|p1a: Excadrill|Protect
|move|p2a: Incineroar|Fake Out|p1b: Tyranitar
|-resisted|p1b: Tyranitar
|-damage|p1b: Tyranitar|77/100
|move|p2b: Dragonite|Tailwind|p2b: Dragonite
|-sidestart|p2: Vegs Bunny|move: Tailwind
|cant|p1b: Tyranitar|flinch
|
|-weather|Sandstorm|[upkeep]
|-damage|p2b: Dragonite|95/100|[from] Sandstorm
|upkeep
|turn|9
|
|t:|1756523365
|move|p2b: Dragonite|Scale Shot|p1b: Tyranitar
|-damage|p1b: Tyranitar|64/100
|-damage|p1b: Tyranitar|51/100
|-damage|p1b: Tyranitar|39/100
|-damage|p1b: Tyranitar|26/100
|-hitcount|p1b: Tyranitar|4
|-unboost|p2b: Dragonite|def|1
|-boost|p2b: Dragonite|spe|1
|move|p1a: Excadrill|High Horsepower|p2a: Incineroar
|-supereffective|p2a: Incineroar
|-damage|p2a: Incineroar|0 fnt
|faint|p2a: Incineroar
|move|p1b: Tyranitar|Knock Off|p2b: Dragonite
|-damage|p2b: Dragonite|31/100
|-enditem|p2b: Dragonite|Loaded Dice|[from] move: Knock Off|[of] p1b: Tyranitar
|
|-weather|Sandstorm|[upkeep]
|-damage|p2b: Dragonite|25/100|[from] Sandstorm
|upkeep
|turn|10
|
|t:|1756523378
|move|p2b: Dragonite|Scale Shot|p1a: Excadrill|[miss]
|-miss|p2b: Dragonite|p1a: Excadrill
|move|p1a: Excadrill|Iron Head|p2b: Dragonite
|-crit|p2b: Dragonite
|-damage|p2b: Dragonite|0 fnt
|faint|p2b: Dragonite
|
|win|myshirtisdirty
||Vegs Bunny is ready for game 2.
||myshirtisdirty is ready for game 2.
|uhtml|next|Next: Game 2 of 3
|l|☆Vegs Bunny
|player|p2|
