|j|☆FillmooreTJ
|j|☆VGCsoul
|html|FillmooreTJVGCsoul    
|uhtml|bestof|Game 3 of a best-of-3
|t:|1783130825
|gametype|doubles
|player|p1|FillmooreTJ|clair|1130
|player|p2|VGCsoul|lance|1026
|gen|9
|tier|[Gen 9 Champions] VGC 2026 Reg M-B (Bo3)
|rated|
|rule|Species Clause: Limit one of each Pokémon
|rule|Item Clause: Limit 1 of each item
|clearpoke
|poke|p1|Raichu, L50, F|
|poke|p1|Basculegion-F, L50, F|
|poke|p1|Ninetales-Alola, L50, F|
|poke|p1|Staraptor, L50, M|
|poke|p1|Arcanine-Hisui, L50, M|
|poke|p1|Tsareena, L50, F|
|poke|p2|Farigiraf, L50, M|
|poke|p2|Blastoise, L50, M|
|poke|p2|Archaludon, L50, M|
|poke|p2|Torkoal, L50, M|
|poke|p2|Drampa, L50, M|
|poke|p2|Kingambit, L50, M|
|teampreview|4
|showteam|p1|Raichu||RaichuniteY|LightningRod|FakeOut,Thunder,FocusBlast,Protect|Timid||F|||50|]Basculegion-F||ChoiceScarf|Adaptability|ShadowBall,MuddyWater,FlipTurn,Blizzard|Modest||F|||50|]Ninetales-Alola||NeverMeltIce|SnowWarning|AuroraVeil,Blizzard,Protect,IcyWind|Timid||F|||50|]Staraptor||Staraptite|Intimidate|CloseCombat,Roost,BraveBird,Protect|Adamant||M|||50|]Arcanine-Hisui||ShucaBerry|Intimidate|HeadSmash,FlareBlitz,ExtremeSpeed,Protect|Adamant||M|||50|]Tsareena||SitrusBerry|QueenlyMajesty|TropKick,LowKick,Taunt,Uturn|Adamant||F|||50|
|showteam|p2|Farigiraf||SitrusBerry|ArmorTail|TwinBeam,HyperVoice,TrickRoom,HelpingHand|Quiet||M|||50|]Blastoise||Blastoisinite|Torrent|FakeOut,WaterSpout,DarkPulse,AuraSphere|Quiet||M|||50|]Archaludon||Leftovers|Stamina|DragonPulse,FlashCannon,RockSlide,Protect|Relaxed||M|||50|]Torkoal||Charcoal|Drought|Eruption,HeatWave,SolarBeam,WeatherBall|Modest||M|||50|]Drampa||Drampanite|CloudNine|HyperVoice,DracoMeteor,Thunderbolt,EnergyBall|Modest||M|||50|]Kingambit||ChopleBerry|Defiant|KowtowCleave,IronHead,SuckerPunch,Protect|Adamant||M|||50|
|
|t:|1783130855
|teamsize|p1|4
|teamsize|p2|4
|start
|switch|p1a: Raichu|Raichu, L50, F|100/100
|switch|p1b: Tsareena|Tsareena, L50, F|100/100
|switch|p2a: Farigiraf|Farigiraf, L50, M|100/100
|switch|p2b: Archaludon|Archaludon, L50, M|100/100
|turn|1
|
|t:|1783130912
|switch|p2a: Torkoal|Torkoal, L50, M|100/100
|-weather|SunnyDay|[from] ability: Drought|[of] p2a: Torkoal
|detailschange|p1a: Raichu|Raichu-Mega-Y, L50, F
|-mega|p1a: Raichu|Raichu|Raichunite Y
|move|p1a: Raichu|Focus Blast|p2b: Archaludon
|-supereffective|p2b: Archaludon|1
|-damage|p2b: Archaludon|0 fnt
|faint|p2b: Archaludon
|move|p1b: Tsareena|Taunt|p2a: Torkoal
|-start|p2a: Torkoal|move: Taunt
|
|-weather|SunnyDay|[upkeep]
|upkeep
|
|t:|1783130928
|switch|p2b: Drampa|Drampa, L50, M|100/100
|-ability|p2b: Drampa|Cloud Nine
|turn|2
|
|t:|1783130962
|detailschange|p2b: Drampa|Drampa-Mega, L50, M
|-mega|p2b: Drampa|Drampa|Drampanite
|move|p1a: Raichu|Protect|p1a: Raichu
|-singleturn|p1a: Raichu|Protect
|move|p1b: Tsareena|U-turn|p2b: Drampa
|-damage|p2b: Drampa|77/100
|
|t:|1783130969
|switch|p1b: Arcanine|Arcanine-Hisui, L50, M|100/100|[from] U-turn
|-ability|p1b: Arcanine|Intimidate|boost
|-unboost|p2a: Torkoal|atk|1
|-unboost|p2b: Drampa|atk|1
|move|p2b: Drampa|Hyper Voice|p1a: Raichu|[spread] p1b
|-activate|p1a: Raichu|move: Protect
|-resisted|p1b: Arcanine|1
|-damage|p1b: Arcanine|76/100
|move|p2a: Torkoal|Eruption|p1b: Arcanine|[spread] p1b
|-activate|p1a: Raichu|move: Protect
|-resisted|p1b: Arcanine|2
|-damage|p1b: Arcanine|55/100
|
|-weather|SunnyDay|[upkeep]
|upkeep
|turn|3
|
|t:|1783130994
|switch|p2b: Farigiraf|Farigiraf, L50, M|100/100
|move|p1a: Raichu|Focus Blast|p2b: Farigiraf
|-damage|p2b: Farigiraf|48/100
|-enditem|p2b: Farigiraf|Sitrus Berry|[eat]
|-heal|p2b: Farigiraf|73/100|[from] item: Sitrus Berry
|move|p1b: Arcanine|Head Smash|p2a: Torkoal|[miss]
|-miss|p1b: Arcanine|p2a: Torkoal
|move|p2a: Torkoal|Weather Ball|p1a: Raichu
|-damage|p1a: Raichu|0 fnt
|faint|p1a: Raichu
|
|-weather|SunnyDay|[upkeep]
|-end|p2a: Torkoal|move: Taunt
|upkeep
|c|☆FillmooreTJ|what is the point
|
|t:|1783131028
|switch|p1a: Staraptor|Staraptor, L50, M|100/100
|-ability|p1a: Staraptor|Intimidate|boost
|-unboost|p2a: Torkoal|atk|1
|-unboost|p2b: Farigiraf|atk|1
|turn|4
|
|t:|1783131087
|move|p1a: Staraptor|Brave Bird|p2b: Farigiraf
|-damage|p2b: Farigiraf|8/100
|-damage|p1a: Staraptor|74/100|[from] Recoil
|move|p1b: Arcanine|Head Smash|p2b: Farigiraf
|-damage|p2b: Farigiraf|0 fnt
|faint|p2b: Farigiraf
|-damage|p1b: Arcanine|50/100g|[from] Recoil
|move|p2a: Torkoal|Eruption|p1a: Staraptor|[spread] p1a,p1b
|-resisted|p1b: Arcanine|2
|-damage|p1a: Staraptor|0 fnt
|-damage|p1b: Arcanine|26/100
|faint|p1a: Staraptor
|
|-weather|SunnyDay|[upkeep]
|upkeep
|
|t:|1783131111
|switch|p1a: Tsareena|Tsareena, L50, F|100/100
|switch|p2b: Drampa|Drampa-Mega, L50, M|77/100
|turn|5
|
|t:|1783131129
|move|p1b: Arcanine|Head Smash|p2a: Torkoal
|-supereffective|p2a: Torkoal|1
|-damage|p2a: Torkoal|0 fnt
|faint|p2a: Torkoal
|-damage|p1b: Arcanine|0 fnt|[from] Recoil
|faint|p1b: Arcanine
|move|p1a: Tsareena|Low Kick|p2b: Drampa
|-supereffective|p2b: Drampa|1
|-damage|p2b: Drampa|0 fnt
|faint|p2b: Drampa
|
|win|FillmooreTJ
|raw|FillmooreTJ's rating: 1130 → 1148(+18 for winning)
|raw|VGCsoul's rating: 1026 → 1016(-10 for losing)
|l|☆VGCsoul
|player|p2|
