|j|☆limestone7276
|j|☆Atlantean
|html|limestone7276Atlantean    
|uhtml|bestof|Game 2 of a best-of-3
|t:|1756578622
|gametype|doubles
|player|p1|limestone7276|170|1076
|player|p2|Atlantean|ghetsis-gen5bw|1085
|gen|9
|tier|[Gen 9] VGC 2025 Reg H (Bo3)
|rated|
|rule|Species Clause: Limit one of each Pokémon
|rule|Item Clause: Limit 1 of each item
|clearpoke
|poke|p1|Porygon-Z, L50|
|poke|p1|Palafin, L50, M|
|poke|p1|Volcarona, L50, F|
|poke|p1|Rillaboom, L50, M|
|poke|p1|Ursaluna, L50, M|
|poke|p1|Archaludon, L50, F|
|poke|p2|Annihilape, L50, M|
|poke|p2|Archaludon, L50, M|
|poke|p2|Incineroar, L50, M|
|poke|p2|Pelipper, L50, F|
|poke|p2|Rillaboom, L50, F|
|poke|p2|Whimsicott, L50, M|
|teampreview|4
|showteam|p1|Porygon-Z||LifeOrb|Adaptability|IceBeam,HyperBeam,Protect,TriAttack||||||50|,,,,,Normal]Palafin||MysticWater|ZerotoHero|FlipTurn,CloseCombat,JetPunch,WaveCrash|||M|||50|,,,,,Water]Volcarona||RockyHelmet|FlameBody|FieryDance,Protect,RagePowder,Tailwind|||F|||50|,,,,,Grass]Rillaboom||AssaultVest|GrassySurge|FakeOut,GrassyGlide,Uturn,WoodHammer|||M|||50|,,,,,Fire]Ursaluna||FlameOrb|Guts|Earthquake,Facade,HeadlongRush,Protect|||M|||50|,,,,,Ghost]Archaludon||PowerHerb|Sturdy|DragonPulse,ElectroShot,FlashCannon,Protect|||F|||50|,,,,,Electric
|showteam|p2|Annihilape||Leftovers|Defiant|BulkUp,DrainPunch,Protect,RageFist|||M|||50|,,,,,Fire]Archaludon||AssaultVest|Stamina|BodyPress,DragonPulse,ElectroShot,FlashCannon|||M|||50|,,,,,Grass]Incineroar||SafetyGoggles|Intimidate|FakeOut,FlareBlitz,KnockOff,PartingShot|||M|||50|,,,,,Ghost]Pelipper||FocusSash|Drizzle|Hurricane,Protect,WeatherBall,WideGuard|||F|||50|,,,,,Stellar]Rillaboom||LoadedDice|GrassySurge|FakeOut,BulletSeed,Taunt,Uturn|||F|||50|,,,,,Water]Whimsicott||CovertCloak|Prankster|EnergyBall,LightScreen,Moonblast,Tailwind|||M|||50|,,,,,Dark
|inactive|Battle timer is ON: inactive players will automatically lose when time's up. (requested by Atlantean)
|inactive|limestone7276 has 60 seconds left.
|
|t:|1756578656
|teamsize|p1|4
|teamsize|p2|4
|start
|switch|p1a: Archaludon|Archaludon, L50, F|100/100
|switch|p1b: Palafin|Palafin, L50, M|100/100
|switch|p2a: Rillaboom|Rillaboom, L50, F|100/100
|switch|p2b: Whimsicott|Whimsicott, L50, M, shiny|100/100
|-fieldstart|move: Grassy Terrain|[from] ability: Grassy Surge|[of] p2a: Rillaboom
|turn|1
|inactive|Atlantean has 30 seconds left.
|inactive|Atlantean has 20 seconds left.
|inactive|Atlantean has 15 seconds left.
|inactive|Atlantean has 10 seconds left.
|inactive|Atlantean has 5 seconds left.
|
|t:|1756578711
|detailschange|p1b: Palafin|Palafin-Hero, L50, M
|switch|p1b: Rillaboom|Rillaboom, L50, M|100/100
|move|p2a: Rillaboom|Fake Out|p1a: Archaludon
|-resisted|p1a: Archaludon
|-damage|p1a: Archaludon|94/100
|move|p2b: Whimsicott|Energy Ball|p1a: Archaludon
|-resisted|p1a: Archaludon
|-damage|p1a: Archaludon|82/100
|cant|p1a: Archaludon|flinch
|
|-heal|p1a: Archaludon|88/100|[from] Grassy Terrain
|upkeep
|turn|2
|inactive|Atlantean has 30 seconds left.
|inactive|Atlantean has 20 seconds left.
|inactive|Atlantean has 15 seconds left.
|inactive|Atlantean has 10 seconds left.
|
|t:|1756578757
|switch|p2b: Annihilape|Annihilape, L50, M|100/100
|move|p1a: Archaludon|Flash Cannon|p2b: Annihilape
|-damage|p2b: Annihilape|69/100
|move|p1b: Rillaboom|U-turn|p2a: Rillaboom
|-supereffective|p2a: Rillaboom
|-damage|p2a: Rillaboom|57/100
|
|t:|1756578770
|switch|p1b: Palafin|Palafin-Hero, L50, M|100/100|[from] U-turn
|-activate|p1b: Palafin|ability: Zero to Hero
|move|p2a: Rillaboom|Bullet Seed|p2b: Annihilape
|-damage|p2b: Annihilape|52/100
|-damage|p2b: Annihilape|35/100
|-damage|p2b: Annihilape|16/100
|-damage|p2b: Annihilape|0 fnt
|faint|p2b: Annihilape
|-hitcount|p2: Annihilape|4
|
|-heal|p1a: Archaludon|94/100|[from] Grassy Terrain
|-heal|p2a: Rillaboom|63/100|[from] Grassy Terrain
|upkeep
|
|t:|1756578774
|switch|p2b: Whimsicott|Whimsicott, L50, M, shiny|100/100
|turn|3
|inactive|limestone7276 has 30 seconds left.
|
|t:|1756578807
|switch|p1b: Rillaboom|Rillaboom, L50, M|100/100
|move|p2b: Whimsicott|Tailwind|p2b: Whimsicott
|-sidestart|p2: Atlantean|move: Tailwind
|move|p2a: Rillaboom|Bullet Seed|p1b: Rillaboom
|-resisted|p1b: Rillaboom
|-damage|p1b: Rillaboom|92/100
|-resisted|p1b: Rillaboom
|-damage|p1b: Rillaboom|83/100
|-resisted|p1b: Rillaboom
|-damage|p1b: Rillaboom|75/100
|-resisted|p1b: Rillaboom
|-damage|p1b: Rillaboom|67/100
|-resisted|p1b: Rillaboom
|-damage|p1b: Rillaboom|59/100
|-hitcount|p1b: Rillaboom|5
|move|p1a: Archaludon|Flash Cannon|p2b: Whimsicott
|-supereffective|p2b: Whimsicott
|-damage|p2b: Whimsicott|9/100
|
|-heal|p2b: Whimsicott|15/100|[from] Grassy Terrain
|-heal|p2a: Rillaboom|69/100|[from] Grassy Terrain
|-heal|p1a: Archaludon|99/100|[from] Grassy Terrain
|-heal|p1b: Rillaboom|65/100|[from] Grassy Terrain
|upkeep
|turn|4
|inactive|limestone7276 has 30 seconds left.
|inactive|limestone7276 has 20 seconds left.
|inactive|limestone7276 has 15 seconds left.
|inactive|limestone7276 has 10 seconds left.
|
|t:|1756578856
|move|p2b: Whimsicott|Light Screen|p2b: Whimsicott
|-sidestart|p2: Atlantean|move: Light Screen
|move|p2a: Rillaboom|U-turn|p1b: Rillaboom
|-supereffective|p1b: Rillaboom
|-damage|p1b: Rillaboom|13/100
|
|t:|1756578860
|switch|p2a: Archaludon|Archaludon, L50, M|100/100|[from] U-turn
|move|p1a: Archaludon|Electro Shot||[still]
|-prepare|p1a: Archaludon|Electro Shot
|-boost|p1a: Archaludon|spa|1
|-enditem|p1a: Archaludon|Power Herb
|-anim|p1a: Archaludon|Electro Shot|p2b: Whimsicott
|-resisted|p2b: Whimsicott
|-damage|p2b: Whimsicott|0 fnt
|faint|p2b: Whimsicott
|move|p1b: Rillaboom|U-turn|p2a: Archaludon
|-resisted|p2a: Archaludon
|-damage|p2a: Archaludon|91/100
|-ability|p2a: Archaludon|Stamina|boost
|-boost|p2a: Archaludon|def|1
|
|t:|1756578873
|switch|p1b: Porygon-Z|Porygon-Z, L50|100/100|[from] U-turn
|
|-heal|p2a: Archaludon|97/100|[from] Grassy Terrain
|-heal|p1a: Archaludon|100/100|[from] Grassy Terrain
|upkeep
|
|t:|1756578875
|switch|p2b: Rillaboom|Rillaboom, L50, F|69/100
|turn|5
|inactive|limestone7276 has 30 seconds left.
|inactive|limestone7276 has 20 seconds left.
|inactive|limestone7276 has 15 seconds left.
|
|t:|1756578916
|switch|p1b: Rillaboom|Rillaboom, L50, M|13/100
|move|p2b: Rillaboom|Bullet Seed|p2a: Archaludon
|-resisted|p2a: Archaludon
|-damage|p2a: Archaludon|95/100
|-ability|p2a: Archaludon|Stamina|boost
|-boost|p2a: Archaludon|def|1
|-resisted|p2a: Archaludon
|-damage|p2a: Archaludon|94/100
|-ability|p2a: Archaludon|Stamina|boost
|-boost|p2a: Archaludon|def|1
|-resisted|p2a: Archaludon
|-damage|p2a: Archaludon|93/100
|-ability|p2a: Archaludon|Stamina|boost
|-boost|p2a: Archaludon|def|1
|-resisted|p2a: Archaludon
|-damage|p2a: Archaludon|92/100
|-ability|p2a: Archaludon|Stamina|boost
|-boost|p2a: Archaludon|def|1
|-resisted|p2a: Archaludon
|-damage|p2a: Archaludon|91/100
|-ability|p2a: Archaludon|Stamina|boost
|-boost|p2a: Archaludon|def|1
|-hitcount|p2a: Archaludon|5
|move|p2a: Archaludon|Body Press|p1b: Rillaboom
|-damage|p1b: Rillaboom|0 fnt
|faint|p1b: Rillaboom
|move|p1a: Archaludon|Dragon Pulse|p2a: Archaludon
|-damage|p2a: Archaludon|64/100
|
|-heal|p2b: Rillaboom|74/100|[from] Grassy Terrain
|-heal|p2a: Archaludon|71/100|[from] Grassy Terrain
|-fieldend|move: Grassy Terrain
|upkeep
|
|t:|1756578940
|switch|p1b: Palafin|Palafin-Hero, L50, M|100/100
|turn|6
|
|t:|1756578957
|-terastallize|p2a: Archaludon|Grass
|move|p1b: Palafin|Jet Punch|p2b: Rillaboom
|-resisted|p2b: Rillaboom
|-damage|p2b: Rillaboom|50/100
|move|p2b: Rillaboom|Bullet Seed|p1b: Palafin
|-supereffective|p1b: Palafin
|-damage|p1b: Palafin|73/100
|-supereffective|p1b: Palafin
|-damage|p1b: Palafin|46/100
|-supereffective|p1b: Palafin
|-damage|p1b: Palafin|19/100
|-supereffective|p1b: Palafin
|-damage|p1b: Palafin|0 fnt
|faint|p1b: Palafin
|-hitcount|p1: Palafin|4
|move|p2a: Archaludon|Body Press|p1a: Archaludon
|-supereffective|p1a: Archaludon
|-ability|p1a: Archaludon|Sturdy
|-damage|p1a: Archaludon|1/100
|move|p1a: Archaludon|Dragon Pulse|p2b: Rillaboom
|-damage|p2b: Rillaboom|6/100
|
|-sideend|p2: Atlantean|move: Tailwind
|upkeep
|
|t:|1756578963
|switch|p1b: Porygon-Z|Porygon-Z, L50|100/100
|turn|7
|inactive|limestone7276 has 30 seconds left.
|
|t:|1756578988
|move|p1b: Porygon-Z|Protect|p1b: Porygon-Z
|-singleturn|p1b: Porygon-Z|Protect
|move|p1a: Archaludon|Dragon Pulse|p2b: Rillaboom
|-damage|p2b: Rillaboom|0 fnt
|faint|p2b: Rillaboom
|move|p2a: Archaludon|Body Press|p1b: Porygon-Z
|-activate|p1b: Porygon-Z|move: Protect
|
|upkeep
|turn|8
|
|t:|1756578998
|move|p1a: Archaludon|Dragon Pulse|p2a: Archaludon
|-damage|p2a: Archaludon|43/100
|move|p1b: Porygon-Z|Ice Beam|p2a: Archaludon
|-supereffective|p2a: Archaludon
|-damage|p2a: Archaludon|7/100
|-damage|p1b: Porygon-Z|91/100|[from] item: Life Orb
|move|p2a: Archaludon|Body Press|p1a: Archaludon
|-supereffective|p1a: Archaludon
|-damage|p1a: Archaludon|0 fnt
|faint|p1a: Archaludon
|
|-sideend|p2: Atlantean|move: Light Screen
|upkeep
|turn|9
|
|t:|1756579009
|move|p1b: Porygon-Z|Ice Beam|p2a: Archaludon
|-supereffective|p2a: Archaludon
|-damage|p2a: Archaludon|0 fnt
|faint|p2a: Archaludon
|-damage|p1b: Porygon-Z|81/100|[from] item: Life Orb
|
|win|limestone7276
|raw|limestone7276's rating: 1076 → 1105(+29 for winning)
|raw|Atlantean's rating: 1085 → 1062(-23 for losing)
|c|☆Atlantean|gg
|l|☆Atlantean
|player|p2|
|c|☆limestone7276|gg
