|j|ŌśåThe Elemelons
|j|Ōśåruneking6573
|html|The Elemelonsruneking6573    
|uhtml|bestof|Game 1 of a best-of-3
|t:|1782673752
|gametype|doubles
|player|p1|The Elemelons|169|
|player|p2|runeking6573|bugcatcher-gen4dp|
|gen|9
|tier|[Gen 9 Champions] VGC 2026 Reg M-B (Bo3)
|rule|Species Clause: Limit one of each Pok├®mon
|rule|Item Clause: Limit 1 of each item
|clearpoke
|poke|p1|Grimmsnarl, L50, M|
|poke|p1|Swampert, L50, M|
|poke|p1|Pelipper, L50, M|
|poke|p1|Archaludon, L50, M|
|poke|p1|Sinistcha, L50|
|poke|p1|Metagross, L50|
|poke|p2|Excadrill, L50, F|
|poke|p2|Tyranitar, L50, M|
|poke|p2|Hydreigon, L50, F|
|poke|p2|Corviknight, L50, M|
|poke|p2|Scovillain, L50, M|
|poke|p2|Houndstone, L50, F|
|teampreview|4
|showteam|p1|Grimmsnarl||LightClay|Prankster|FoulPlay,PartingShot,Reflect,LightScreen|Calm||M|||50|]Swampert||Swampertite|Damp|WaveCrash,Earthquake,IcePunch,Protect|Adamant||M|||50|]Pelipper||SitrusBerry|Drizzle|Hurricane,WeatherBall,Tailwind,WideGuard|Modest||M|||50|]Archaludon||Leftovers|Stamina|ElectroShot,DragonPulse,FlashCannon,Protect|Modest||M|||50|]Sinistcha||CobaBerry|Hospitality|MatchaGotcha,RagePowder,TrickRoom,Protect|Relaxed|||||50|]Metagross||Metagrossite|ClearBody|IronHead,PsychicFangs,BodyPress,Protect|Jolly|||||50|
|showteam|p2|Excadrill||FocusSash|SandRush|Earthquake,IronHead,RockSlide,Protect|Adamant||F|||50|]Tyranitar||Tyranitarite|SandStream|RockSlide,KnockOff,LowKick,Protect|Adamant||M|||50|]Hydreigon||ChoiceScarf|Levitate|DracoMeteor,HeatWave,DarkPulse,Snarl|Modest||F|||50|]Corviknight||Leftovers|MirrorArmor|BraveBird,BulkUp,Roost,Tailwind|Careful||M|||50|]Scovillain||Scovillainite|Moody|Overheat,GigaDrain,RagePowder,Protect|Calm||M|||50|]Houndstone||SitrusBerry|SandRush|LastRespects,WillOWisp,BodyPress,Protect|Adamant||F|||50|
|inactive|Battle timer is ON: inactive players will automatically lose when time's up. (requested by runeking6573)
|inactiveoff|Battle timer is now OFF.
|c|Ōśåruneking6573|can you share the link?
|c|Ōśåruneking6573|As idk how to do that from showdowns client
|c|ŌśåThe Elemelons|yeah ofc
|c|Ōśåruneking6573|ty
|c|ŌśåThe Elemelons|but in future
|c|ŌśåThe Elemelons|right click the battle tab
|c|ŌśåThe Elemelons|click copy link address
|c|Ōśåruneking6573|ahhhhhhhhh
|c|Ōśåruneking6573|I see
|c|Ōśåruneking6573|ty
|c|Ōśåruneking6573|glhf
|j| mew mew season 2
|c|ŌśåThe Elemelons|all posted
|c|ŌśåThe Elemelons|glhf
|j| teslobo
|
|t:|1782673855
|teamsize|p1|4
|teamsize|p2|4
|start
|switch|p1a: Grimmsnarl|Grimmsnarl, L50, M|100/100
|switch|p1b: Swampert|Swampert, L50, M|100/100
|switch|p2a: Tyranitar|Tyranitar, L50, M|100/100
|switch|p2b: Excadrill|Excadrill, L50, F|100/100
|-weather|Sandstorm|[from] ability: Sand Stream|[of] p2a: Tyranitar
|turn|1
|
|t:|1782673920
|switch|p2a: Corviknight|Corviknight, L50, M|100/100
|detailschange|p1b: Swampert|Swampert-Mega, L50, M
|-mega|p1b: Swampert|Swampert|Swampertite
|move|p1a: Grimmsnarl|Parting Shot|p2b: Excadrill
|-unboost|p2b: Excadrill|atk|1
|-unboost|p2b: Excadrill|spa|1
|
|t:|1782673928
|switch|p1a: Pelipper|Pelipper, L50, M|100/100|[from] Parting Shot
|-weather|RainDance|[from] ability: Drizzle|[of] p1a: Pelipper
|move|p1b: Swampert|Earthquake|p2a: Corviknight|[spread] p2b
|-immune|p1a: Pelipper
|-immune|p2a: Corviknight
|-supereffective|p2b: Excadrill|1
|-enditem|p2b: Excadrill|Focus Sash
|-damage|p2b: Excadrill|1/100
|move|p2b: Excadrill|Iron Head|p1a: Pelipper
|-resisted|p1a: Pelipper|1
|-damage|p1a: Pelipper|84/100
|
|-weather|RainDance|[upkeep]
|upkeep
|turn|2
|
|t:|1782673951
|switch|p2b: Tyranitar|Tyranitar, L50, M|100/100
|-weather|Sandstorm|[from] ability: Sand Stream|[of] p2b: Tyranitar
|move|p1a: Pelipper|Wide Guard|p1a: Pelipper
|-singleturn|p1a: Pelipper|Wide Guard
|move|p2a: Corviknight|Bulk Up|p2a: Corviknight
|-boost|p2a: Corviknight|atk|1
|-boost|p2a: Corviknight|def|1
|move|p1b: Swampert|Wave Crash|p2a: Corviknight
|-damage|p2a: Corviknight|61/100
|-damage|p1b: Swampert|86/100|[from] Recoil
|
|-weather|Sandstorm|[upkeep]
|-damage|p1a: Pelipper|78/100|[from] Sandstorm
|-heal|p2a: Corviknight|67/100|[from] item: Leftovers
|upkeep
|turn|3
|j| JackWhiteVGC
|
|t:|1782673991
|detailschange|p2b: Tyranitar|Tyranitar-Mega, L50, M
|-mega|p2b: Tyranitar|Tyranitar|Tyranitarite
|move|p1b: Swampert|Protect|p1b: Swampert
|-singleturn|p1b: Swampert|Protect
|move|p2a: Corviknight|Tailwind|p2a: Corviknight
|-sidestart|p2: runeking6573|move: Tailwind
|move|p2b: Tyranitar|Rock Slide|p1a: Pelipper|[spread] p1a
|-activate|p1b: Swampert|move: Protect
|-supereffective|p1a: Pelipper|1
|-damage|p1a: Pelipper|0 fnt
|faint|p1a: Pelipper
|
|-weather|Sandstorm|[upkeep]
|-heal|p2a: Corviknight|73/100|[from] item: Leftovers
|upkeep
|
|t:|1782674003
|switch|p1a: Grimmsnarl|Grimmsnarl, L50, M|100/100
|turn|4
|
|t:|1782674023
|switch|p2b: Excadrill|Excadrill, L50, F|1/100
|move|p1a: Grimmsnarl|Reflect|p1a: Grimmsnarl
|-sidestart|p1: The Elemelons|Reflect
|move|p2a: Corviknight|Brave Bird|p1b: Swampert
|-damage|p1b: Swampert|54/100
|-damage|p2a: Corviknight|63/100|[from] Recoil
|move|p1b: Swampert|Wave Crash|p2b: Excadrill
|-supereffective|p2b: Excadrill|1
|-damage|p2b: Excadrill|0 fnt
|faint|p2b: Excadrill
|-damage|p1b: Swampert|53/100|[from] Recoil
|
|-weather|Sandstorm|[upkeep]
|-damage|p1a: Grimmsnarl|94/100|[from] Sandstorm
|-heal|p2a: Corviknight|69/100|[from] item: Leftovers
|upkeep
|
|t:|1782674045
|switch|p2b: Tyranitar|Tyranitar-Mega, L50, M|100/100
|turn|5
|
|t:|1782674050
|move|p2b: Tyranitar|Protect|p2b: Tyranitar
|-singleturn|p2b: Tyranitar|Protect
|move|p1a: Grimmsnarl|Parting Shot|p2a: Corviknight
|-ability|p2a: Corviknight|Mirror Armor
|-unboost|p1a: Grimmsnarl|atk|1
|-ability|p2a: Corviknight|Mirror Armor
|-unboost|p1a: Grimmsnarl|spa|1
|
|t:|1782674052
|switch|p1a: Sinistcha|Sinistcha, L50|100/100|[from] Parting Shot
|-heal|p1b: Swampert|78/100|[from] ability: Hospitality|[of] p1a: Sinistcha
|move|p2a: Corviknight|Bulk Up|p2a: Corviknight
|-boost|p2a: Corviknight|atk|1
|-boost|p2a: Corviknight|def|1
|move|p1b: Swampert|Wave Crash|p2b: Tyranitar
|-activate|p2b: Tyranitar|move: Protect
|
|-weather|Sandstorm|[upkeep]
|-damage|p1a: Sinistcha|93/100|[from] Sandstorm
|-heal|p2a: Corviknight|75/100|[from] item: Leftovers
|upkeep
|turn|6
|j| splash2ndcousin
|
|t:|1782674092
|move|p1a: Sinistcha|Protect|p1a: Sinistcha
|-singleturn|p1a: Sinistcha|Protect
|move|p2a: Corviknight|Bulk Up|p2a: Corviknight
|-boost|p2a: Corviknight|atk|1
|-boost|p2a: Corviknight|def|1
|move|p2b: Tyranitar|Knock Off|p1a: Sinistcha
|-activate|p1a: Sinistcha|move: Protect
|move|p1b: Swampert|Wave Crash|p2b: Tyranitar
|-supereffective|p2b: Tyranitar|1
|-damage|p2b: Tyranitar|12/100
|-damage|p1b: Swampert|48/100|[from] Recoil
|
|-weather|none
|-heal|p2a: Corviknight|81/100|[from] item: Leftovers
|-sideend|p2: runeking6573|move: Tailwind
|upkeep
|turn|7
|
|t:|1782674115
|move|p2b: Tyranitar|Protect|p2b: Tyranitar
|-singleturn|p2b: Tyranitar|Protect
|move|p2a: Corviknight|Brave Bird|p1b: Swampert
|-damage|p1b: Swampert|0 fnt
|faint|p1b: Swampert
|-damage|p2a: Corviknight|65/100|[from] Recoil
|move|p1a: Sinistcha|Matcha Gotcha|p2a: Corviknight|[spread] p2a
|-activate|p2b: Tyranitar|move: Protect
|-resisted|p2a: Corviknight|2
|-damage|p2a: Corviknight|60/100
|-heal|p1a: Sinistcha|96/100|[from] drain|[of] p2a: Corviknight
|
|-heal|p2a: Corviknight|66/100|[from] item: Leftovers
|upkeep
|
|t:|1782674127
|switch|p1b: Grimmsnarl|Grimmsnarl, L50, M|94/100
|turn|8
|
|t:|1782674147
|move|p1a: Sinistcha|Protect|p1a: Sinistcha
|-singleturn|p1a: Sinistcha|Protect
|move|p2a: Corviknight|Tailwind|p2a: Corviknight
|-sidestart|p2: runeking6573|move: Tailwind
|move|p2b: Tyranitar|Knock Off|p1a: Sinistcha
|-activate|p1a: Sinistcha|move: Protect
|move|p1b: Grimmsnarl|Foul Play|p2a: Corviknight
|-damage|p2a: Corviknight|38/100
|
|-heal|p2a: Corviknight|44/100|[from] item: Leftovers
|upkeep
|turn|9
|
|t:|1782674162
|move|p2a: Corviknight|Roost|p2a: Corviknight
|-heal|p2a: Corviknight|94/100
|-singleturn|p2a: Corviknight|move: Roost
|move|p2b: Tyranitar|Knock Off|p1a: Sinistcha
|-supereffective|p1a: Sinistcha|1
|-damage|p1a: Sinistcha|24/100
|-enditem|p1a: Sinistcha|Coba Berry|[from] move: Knock Off|[of] p2b: Tyranitar
|move|p1a: Sinistcha|Matcha Gotcha|p2b: Tyranitar|[spread] p2a,p2b
|-resisted|p2a: Corviknight|1
|-supereffective|p2b: Tyranitar|1
|-damage|p2a: Corviknight|84/100
|-heal|p1a: Sinistcha|29/100|[from] drain|[of] p2a: Corviknight
|-damage|p2b: Tyranitar|0 fnt
|-heal|p1a: Sinistcha|37/100|[from] drain|[of] p2b: Tyranitar
|faint|p2b: Tyranitar
|move|p1b: Grimmsnarl|Foul Play|p2a: Corviknight
|-damage|p2a: Corviknight|55/100
|
|-heal|p2a: Corviknight|61/100|[from] item: Leftovers
|upkeep
|
|t:|1782674180
|switch|p2b: Houndstone|Houndstone, L50, F|100/100
|turn|10
|j| FBIsurveillanceman
|
|t:|1782674194
|move|p1a: Sinistcha|Protect|p1a: Sinistcha
|-singleturn|p1a: Sinistcha|Protect
|move|p2b: Houndstone|Last Respects|p1a: Sinistcha
|-activate|p1a: Sinistcha|move: Protect
|move|p2a: Corviknight|Brave Bird|p1b: Grimmsnarl
|-damage|p1b: Grimmsnarl|28/100
|-damage|p2a: Corviknight|39/100|[from] Recoil
|move|p1b: Grimmsnarl|Foul Play|p2a: Corviknight
|-crit|p2a: Corviknight
|-damage|p2a: Corviknight|0 fnt
|faint|p2a: Corviknight
|
|upkeep
|turn|11
|l| FBIsurveillanceman
|
|t:|1782674209
|move|p2b: Houndstone|Last Respects|p1b: Grimmsnarl
|-resisted|p1b: Grimmsnarl|1
|-damage|p1b: Grimmsnarl|1/100
|move|p1a: Sinistcha|Matcha Gotcha|p2b: Houndstone
|-damage|p2b: Houndstone|67/100
|-heal|p1a: Sinistcha|52/100|[from] drain|[of] p2b: Houndstone
|move|p1b: Grimmsnarl|Foul Play|p2b: Houndstone
|-supereffective|p2b: Houndstone|1
|-damage|p2b: Houndstone|0 fnt
|faint|p2b: Houndstone
|
|win|The Elemelons
||The Elemelons is ready for game 2.
|inactive|runeking6573 has 30 seconds to confirm battle start!
|j| FBIsurveillanceman
||runeking6573 is ready for game 2.
|uhtml|next|Next: Game 2 of 3
|l| mewmewseason2
|j| floettefan670
|l| FBIsurveillanceman
|l|Ōśåruneking6573
|player|p2|
