|j|☆NEOLODO
|j|☆CrystalGem02
|html|NEOLODOCrystalGem02    
|uhtml|bestof|Game 3 of a best-of-3
|t:|1756665694
|gametype|doubles
|player|p1|NEOLODO|265|1180
|player|p2|CrystalGem02|valerie|1271
|gen|9
|tier|[Gen 9] VGC 2025 Reg H (Bo3)
|rated|
|rule|Species Clause: Limit one of each Pokémon
|rule|Item Clause: Limit 1 of each item
|clearpoke
|poke|p1|Lilligant-Hisui, L50, F|
|poke|p1|Hatterene, L50, F|
|poke|p1|Ursaluna, L50, M|
|poke|p1|Indeedee-F, L50, F|
|poke|p1|Torkoal, L50, F|
|poke|p1|Gallade, L50, M|
|poke|p2|Sylveon, L50, F|
|poke|p2|Archaludon, L50, M|
|poke|p2|Incineroar, L50, F|
|poke|p2|Ursaluna, L50, M|
|poke|p2|Ribombee, L50, F|
|poke|p2|Porygon2, L50|
|teampreview|4
|showteam|p1|Lilligant-Hisui||FocusSash|Chlorophyll|SolarBlade,AfterYou,CloseCombat,SleepPowder|||F|||50|,,,,,Ghost]Hatterene||CovertCloak|MagicBounce|DazzlingGleam,ExpandingForce,TrickRoom,MysticalFire|||F|||50|,,,,,Fire]Ursaluna||FlameOrb|Guts|Facade,HeadlongRush,Earthquake,Protect|||M|||50|,,,,,Ghost]Indeedee-F||PsychicSeed|PsychicSurge|Psychic,TrickRoom,HelpingHand,FollowMe|||F|||50|,,,,,Dragon]Torkoal||FlamePlate|Drought|Eruption,WeatherBall,HeatWave,Protect|||F|||50|,,,,,Fire]Gallade||ClearAmulet|Sharpness|PsychoCut,SacredSword,TrickRoom,WideGuard|||M|||50|,,,,,Grass
|showteam|p2|Sylveon||LifeOrb|Pixilate|HyperVoice,QuickAttack,TeraBlast,Protect|||F|||50|,,,,,Fire]Archaludon||PowerHerb|Sturdy|FlashCannon,DracoMeteor,ElectroShot,Protect|||M|||50|,,,,,Electric]Incineroar||SafetyGoggles|Intimidate|FakeOut,FlareBlitz,KnockOff,PartingShot|||F|||50|,,,,,Ghost]Ursaluna||FlameOrb|Guts|Facade,HeadlongRush,Earthquake,Protect|||M|||50|,,,,,Ghost]Ribombee||CovertCloak|SweetVeil|Tailwind,PollenPuff,Moonblast,Protect|||F|||50|,,,,,Water]Porygon2||Eviolite|Download|TeraBlast,IceBeam,Recover,TrickRoom||||||50|,,,,,Flying
|
|t:|1756665718
|teamsize|p1|4
|teamsize|p2|4
|start
|switch|p1a: Indeedee|Indeedee-F, L50, F|100/100
|switch|p1b: Hatterene|Hatterene, L50, F|100/100
|switch|p2a: Lillie|Sylveon, L50, F|100/100
|switch|p2b: Scotti|Incineroar, L50, F|100/100
|-fieldstart|move: Psychic Terrain|[from] ability: Psychic Surge|[of] p1a: Indeedee
|-enditem|p1a: Indeedee|Psychic Seed
|-boost|p1a: Indeedee|spd|1|[from] item: Psychic Seed
|-ability|p2b: Scotti|Intimidate|boost
|-unboost|p1a: Indeedee|atk|1
|-unboost|p1b: Hatterene|atk|1
|turn|1
|inactive|Battle timer is ON: inactive players will automatically lose when time's up. (requested by NEOLODO)
|
|t:|1756665741
|move|p2a: Lillie|Hyper Voice|p1b: Hatterene|[spread] p1a,p1b
|-damage|p1a: Indeedee|67/100
|-damage|p1b: Hatterene|46/100
|-damage|p2a: Lillie|91/100|[from] item: Life Orb
|move|p2b: Scotti|Knock Off|p1b: Hatterene
|-damage|p1b: Hatterene|1/100
|-enditem|p1b: Hatterene|Covert Cloak|[from] move: Knock Off|[of] p2b: Scotti
|move|p1b: Hatterene|Expanding Force|p2a: Lillie|[spread] p2a
|-immune|p2b: Scotti
|-damage|p2a: Lillie|44/100
|move|p1a: Indeedee|Trick Room|p1a: Indeedee
|-fieldstart|move: Trick Room|[of] p1a: Indeedee
|
|upkeep
|turn|2
|
|t:|1756665763
|move|p1a: Indeedee|Helping Hand|p1b: Hatterene
|-singleturn|p1b: Hatterene|Helping Hand|[of] p1a: Indeedee
|move|p2a: Lillie|Protect|p2a: Lillie
|-singleturn|p2a: Lillie|Protect
|move|p1b: Hatterene|Dazzling Gleam|p2b: Scotti|[spread] p2b
|-activate|p2a: Lillie|move: Protect
|-damage|p2b: Scotti|54/100
|move|p2b: Scotti|Parting Shot|p1a: Indeedee
|-unboost|p1a: Indeedee|atk|1
|-unboost|p1a: Indeedee|spa|1
|
|t:|1756665777
|switch|p2b: Polly|Porygon2, L50, shiny|100/100|[from] Parting Shot
|-ability|p2b: Polly|Download|boost
|-boost|p2b: Polly|atk|1
|
|upkeep
|turn|3
|
|t:|1756665793
|switch|p2a: Scotti|Incineroar, L50, F|54/100
|-ability|p2a: Scotti|Intimidate|boost
|-unboost|p1a: Indeedee|atk|1
|-unboost|p1b: Hatterene|atk|1
|move|p1a: Indeedee|Helping Hand|p1b: Hatterene
|-singleturn|p1b: Hatterene|Helping Hand|[of] p1a: Indeedee
|move|p1b: Hatterene|Expanding Force|p2b: Polly|[spread] p2b
|-immune|p2a: Scotti
|-damage|p2b: Polly|47/100
|move|p2b: Polly|Tera Blast|p1b: Hatterene
|-damage|p1b: Hatterene|0 fnt
|faint|p1b: Hatterene
|
|upkeep
|
|t:|1756665808
|switch|p1b: Torkoal|Torkoal, L50, F|100/100
|-weather|SunnyDay|[from] ability: Drought|[of] p1b: Torkoal
|turn|4
|
|t:|1756665820
|-terastallize|p1b: Torkoal|Fire
|move|p1a: Indeedee|Helping Hand|p1b: Torkoal
|-singleturn|p1b: Torkoal|Helping Hand|[of] p1a: Indeedee
|move|p1b: Torkoal|Eruption|p2b: Polly|[spread] p2a,p2b
|-resisted|p2a: Scotti
|-damage|p2a: Scotti|0 fnt
|-damage|p2b: Polly|0 fnt
|faint|p2a: Scotti
|faint|p2b: Polly
|
|-weather|SunnyDay|[upkeep]
|upkeep
|
|t:|1756665826
|switch|p2b: Lillie|Sylveon, L50, F|44/100
|switch|p2a: Luna|Ursaluna, L50, M|100/100
|turn|5
|
|t:|1756665836
|move|p1a: Indeedee|Helping Hand|p1b: Torkoal
|-singleturn|p1b: Torkoal|Helping Hand|[of] p1a: Indeedee
|move|p2a: Luna|Protect|p2a: Luna
|-singleturn|p2a: Luna|Protect
|move|p2b: Lillie|Protect|p2b: Lillie
|-singleturn|p2b: Lillie|Protect
|move|p1b: Torkoal|Eruption|p2b: Lillie|[spread] 
|-activate|p2a: Luna|move: Protect
|-activate|p2b: Lillie|move: Protect
|
|-weather|SunnyDay|[upkeep]
|-fieldend|move: Trick Room
|-fieldend|move: Psychic Terrain
|-status|p2a: Luna|brn|[from] item: Flame Orb
|upkeep
|turn|6
|inactive|NEOLODO has 30 seconds left.
|inactive|CrystalGem02 has 30 seconds left.
|inactive|CrystalGem02 has 20 seconds left.
|inactive|CrystalGem02 has 15 seconds left.
|
|t:|1756665880
|-terastallize|p2b: Lillie|Fire
|move|p1b: Torkoal|Protect|p1b: Torkoal
|-singleturn|p1b: Torkoal|Protect
|move|p2b: Lillie|Hyper Voice|p1b: Torkoal|[spread] p1a
|-activate|p1b: Torkoal|move: Protect
|-damage|p1a: Indeedee|29/100
|-damage|p2b: Lillie|35/100|[from] item: Life Orb
|move|p2a: Luna|Facade|p1a: Indeedee
|-damage|p1a: Indeedee|0 fnt
|faint|p1a: Indeedee
|
|-weather|SunnyDay|[upkeep]
|-damage|p2a: Luna|95/100 brn|[from] brn
|upkeep
|
|t:|1756665894
|switch|p1a: Gallade|Gallade, L50, M|100/100
|turn|7
|inactive|CrystalGem02 has 30 seconds left.
|inactive|CrystalGem02 has 20 seconds left.
|inactive|NEOLODO has 30 seconds left.
|inactive|CrystalGem02 has 15 seconds left.
|inactive|CrystalGem02 has 10 seconds left.
|inactive|CrystalGem02 has 5 seconds left.
|
|t:|1756665946
|move|p1a: Gallade|Sacred Sword|p2a: Luna
|-supereffective|p2a: Luna
|-damage|p2a: Luna|0 fnt
|faint|p2a: Luna
|move|p2b: Lillie|Hyper Voice|p1b: Torkoal|[spread] p1a,p1b
|-supereffective|p1a: Gallade
|-resisted|p1b: Torkoal
|-damage|p1a: Gallade|7/100
|-damage|p1b: Torkoal|64/100
|-damage|p2b: Lillie|25/100|[from] item: Life Orb
|move|p1b: Torkoal|Weather Ball|p2b: Lillie
|-resisted|p2b: Lillie
|-damage|p2b: Lillie|0 fnt
|faint|p2b: Lillie
|
|win|NEOLODO
|raw|NEOLODO's rating: 1180 → 1211(+31 for winning)
|raw|CrystalGem02's rating: 1271 → 1240(-31 for losing)
