|j|☆dambro222
|j|☆spellbreakvgc
|html|dambro222spellbreakvgc    
|uhtml|bestof|Game 2 of a best-of-3
|t:|1756807308
|gametype|doubles
|player|p1|dambro222|ethan|1162
|player|p2|spellbreakvgc|lance|1130
|gen|9
|tier|[Gen 9] VGC 2025 Reg H (Bo3)
|rated|
|rule|Species Clause: Limit one of each Pokémon
|rule|Item Clause: Limit 1 of each item
|clearpoke
|poke|p1|Dragonite, L50, M|
|poke|p1|Volcarona, L50, F|
|poke|p1|Sneasler, L50, M|
|poke|p1|Rillaboom, L50, M|
|poke|p1|Electabuzz, L50, M|
|poke|p1|Kingambit, L50, M|
|poke|p2|Garchomp, L50, M|
|poke|p2|Weezing-Galar, L50, M|
|poke|p2|Archaludon, L50, M|
|poke|p2|Gholdengo, L50|
|poke|p2|Talonflame, L50, M|
|poke|p2|Annihilape, L50, M|
|teampreview|4
|showteam|p1|Dragonite||LoadedDice|Multiscale|ScaleShot,ExtremeSpeed,Haze,Protect|||M|||50|,,,,,Fairy]Volcarona||CovertCloak|FlameBody|HeatWave,TeraBlast,QuiverDance,Protect|||F|||50|,,,,,Fairy]Sneasler||FocusSash|Unburden|CloseCombat,DireClaw,RockSlide,Protect|||M|||50|,,,,,Stellar]Rillaboom||AssaultVest|GrassySurge|WoodHammer,GrassyGlide,HighHorsepower,FakeOut|||M|||50|,,,,,Water]Electabuzz||Eviolite|VitalSpirit|Electroweb,FollowMe,Taunt,Protect|||M|||50|,,,,,Ghost]Kingambit||BlackGlasses|Defiant|KowtowCleave,SuckerPunch,SwordsDance,Protect|||M|||50|,,,,,Dark
|showteam|p2|Garchomp||LifeOrb|RoughSkin|DragonClaw,Earthquake,StompingTantrum,Protect|||M|||50|,,,,,Ground]Weezing-Galar||FocusSash|NeutralizingGas|Protect,SludgeBomb,Taunt,StrangeSteam|||M|||50|,,,,,Flying]Archaludon||PowerHerb|Sturdy|ElectroShot,Thunderbolt,DracoMeteor,Protect|||M|||50|,,,,,Electric]Gholdengo||ChoiceSpecs|GoodasGold|ShadowBall,DazzlingGleam,PowerGem,MakeItRain||||||50|,,,,,Fairy]Talonflame||CovertCloak|GaleWings|Tailwind,DualWingbeat,WillOWisp,FlareBlitz|||M|||50|,,,,,Stellar]Annihilape||AssaultVest|Defiant|CloseCombat,RageFist,FinalGambit,IcePunch|||M|||50|,,,,,Grass
|inactive|Battle timer is ON: inactive players will automatically lose when time's up. (requested by dambro222)
|inactive|dambro222 has 60 seconds left.
|
|t:|1756807342
|teamsize|p1|4
|teamsize|p2|4
|start
|switch|p1a: Volcarona|Volcarona, L50, F|100/100
|switch|p1b: Electabuzz|Electabuzz, L50, M|100/100
|switch|p2a: Garchomp|Garchomp, L50, M|100/100
|switch|p2b: Weezing|Weezing-Galar, L50, M|100/100
|-ability|p2b: Weezing|Neutralizing Gas
|turn|1
|inactive|dambro222 has 30 seconds left.
|
|t:|1756807372
|switch|p1b: Rillaboom|Rillaboom, L50, M|100/100
|-end|p2b: Weezing|ability: Neutralizing Gas
|-fieldstart|move: Grassy Terrain|[from] ability: Grassy Surge|[of] p1b: Rillaboom
|switch|p2b: Talonflame|Talonflame, L50, M|100/100
|-terastallize|p2a: Garchomp|Ground
|move|p2a: Garchomp|Earthquake|p1b: Rillaboom|[spread] p1a,p1b
|-immune|p2b: Talonflame
|-resisted|p1b: Rillaboom
|-damage|p1a: Volcarona|40/100
|-damage|p1b: Rillaboom|81/100
|-damage|p2a: Garchomp|91/100|[from] item: Life Orb
|move|p1a: Volcarona|Quiver Dance|p1a: Volcarona
|-boost|p1a: Volcarona|spa|1
|-boost|p1a: Volcarona|spd|1
|-boost|p1a: Volcarona|spe|1
|
|-heal|p1a: Volcarona|46/100|[from] Grassy Terrain
|-heal|p2a: Garchomp|97/100|[from] Grassy Terrain
|-heal|p1b: Rillaboom|87/100|[from] Grassy Terrain
|upkeep
|turn|2
|
|t:|1756807396
|-terastallize|p1a: Volcarona|Fairy
|move|p2a: Garchomp|Protect|p2a: Garchomp
|-singleturn|p2a: Garchomp|Protect
|move|p1b: Rillaboom|Fake Out|p2a: Garchomp
|-activate|p2a: Garchomp|move: Protect
|move|p1a: Volcarona|Quiver Dance|p1a: Volcarona
|-boost|p1a: Volcarona|spa|1
|-boost|p1a: Volcarona|spd|1
|-boost|p1a: Volcarona|spe|1
|move|p2b: Talonflame|Flare Blitz|p1b: Rillaboom
|-supereffective|p1b: Rillaboom
|-damage|p1b: Rillaboom|0 fnt
|faint|p1b: Rillaboom
|-damage|p2b: Talonflame|65/100|[from] Recoil
|
|-heal|p1a: Volcarona|52/100|[from] Grassy Terrain
|-heal|p2a: Garchomp|100/100|[from] Grassy Terrain
|upkeep
|
|t:|1756807412
|switch|p1b: Sneasler|Sneasler, L50, M|100/100
|turn|3
|
|t:|1756807419
|switch|p2a: Weezing|Weezing-Galar, L50, M|100/100
|-ability|p2a: Weezing|Neutralizing Gas
|move|p1a: Volcarona|Heat Wave|p2b: Talonflame|[spread] 
|-miss|p1a: Volcarona|p2a: Weezing
|-miss|p1a: Volcarona|p2b: Talonflame
|move|p2b: Talonflame|Tailwind|p2b: Talonflame
|-sidestart|p2: spellbreakvgc|move: Tailwind
|move|p1b: Sneasler|Close Combat|p2a: Weezing
|-resisted|p2a: Weezing
|-damage|p2a: Weezing|83/100
|-unboost|p1b: Sneasler|def|1
|-unboost|p1b: Sneasler|spd|1
|
|-heal|p1a: Volcarona|58/100|[from] Grassy Terrain
|-heal|p2a: Weezing|89/100|[from] Grassy Terrain
|upkeep
|turn|4
|
|t:|1756807438
|switch|p1b: Electabuzz|Electabuzz, L50, M|100/100
|move|p1a: Volcarona|Protect|p1a: Volcarona
|-singleturn|p1a: Volcarona|Protect
|move|p2b: Talonflame|Dual Wingbeat|p1b: Electabuzz|[miss]
|-miss|p2b: Talonflame|p1b: Electabuzz
|move|p2a: Weezing|Sludge Bomb|p1a: Volcarona
|-activate|p1a: Volcarona|move: Protect
|
|-heal|p1a: Volcarona|65/100|[from] Grassy Terrain
|-heal|p2a: Weezing|95/100|[from] Grassy Terrain
|upkeep
|turn|5
|
|t:|1756807453
|switch|p2b: Annihilape|Annihilape, L50, M|100/100
|move|p2a: Weezing|Protect|p2a: Weezing
|-singleturn|p2a: Weezing|Protect
|move|p1b: Electabuzz|Follow Me|p1b: Electabuzz
|-singleturn|p1b: Electabuzz|move: Follow Me
|move|p1a: Volcarona|Heat Wave|p2b: Annihilape|[spread] p2b
|-activate|p2a: Weezing|move: Protect
|-damage|p2b: Annihilape|57/100
|
|-heal|p1a: Volcarona|71/100|[from] Grassy Terrain
|-heal|p2b: Annihilape|63/100|[from] Grassy Terrain
|-heal|p2a: Weezing|100/100|[from] Grassy Terrain
|-fieldend|move: Grassy Terrain
|upkeep
|turn|6
|
|t:|1756807472
|move|p1a: Volcarona|Protect|p1a: Volcarona
|-singleturn|p1a: Volcarona|Protect
|move|p1b: Electabuzz|Protect|p1b: Electabuzz
|-singleturn|p1b: Electabuzz|Protect
|move|p2b: Annihilape|Final Gambit|p1a: Volcarona
|-activate|p1a: Volcarona|move: Protect
|move|p2a: Weezing|Sludge Bomb|p1a: Volcarona
|-activate|p1a: Volcarona|move: Protect
|
|-sideend|p2: spellbreakvgc|move: Tailwind
|upkeep
|turn|7
|
|t:|1756807484
|move|p1b: Electabuzz|Follow Me|p1b: Electabuzz
|-singleturn|p1b: Electabuzz|move: Follow Me
|move|p1a: Volcarona|Tera Blast|p2b: Annihilape|[anim] Tera Blast Fairy
|-supereffective|p2b: Annihilape
|-damage|p2b: Annihilape|0 fnt
|faint|p2b: Annihilape
|move|p2a: Weezing|Sludge Bomb|p1b: Electabuzz
|-damage|p1b: Electabuzz|72/100
|
|upkeep
|
|t:|1756807503
|switch|p2b: Talonflame|Talonflame, L50, M|65/100
|turn|8
|
|t:|1756807523
|move|p1b: Electabuzz|Follow Me|p1b: Electabuzz
|-singleturn|p1b: Electabuzz|move: Follow Me
|move|p1a: Volcarona|Quiver Dance|p1a: Volcarona
|-boost|p1a: Volcarona|spa|1
|-boost|p1a: Volcarona|spd|1
|-boost|p1a: Volcarona|spe|1
|move|p2b: Talonflame|Tailwind|p2b: Talonflame
|-sidestart|p2: spellbreakvgc|move: Tailwind
|move|p2a: Weezing|Taunt|p1b: Electabuzz
|-start|p1b: Electabuzz|move: Taunt
|
|upkeep
|turn|9
|
|t:|1756807539
|move|p1a: Volcarona|Protect|p1a: Volcarona
|-singleturn|p1a: Volcarona|Protect
|move|p2b: Talonflame|Flare Blitz|p1a: Volcarona
|-activate|p1a: Volcarona|move: Protect
|move|p2a: Weezing|Sludge Bomb|p1a: Volcarona
|-activate|p1a: Volcarona|move: Protect
|move|p1b: Electabuzz|Electroweb|p2b: Talonflame|[spread] p2a,p2b
|-supereffective|p2b: Talonflame
|-damage|p2a: Weezing|75/100
|-damage|p2b: Talonflame|21/100
|-unboost|p2a: Weezing|spe|1
|
|upkeep
|turn|10
|
|t:|1756807561
|move|p1a: Volcarona|Heat Wave|p2b: Talonflame|[spread] p2a,p2b
|-resisted|p2b: Talonflame
|-damage|p2a: Weezing|0 fnt
|-damage|p2b: Talonflame|0 fnt
|faint|p2a: Weezing
|-end|p2a: Weezing|ability: Neutralizing Gas
|faint|p2b: Talonflame
|move|p1b: Electabuzz|Electroweb|p2: Weezing|[notarget]
|-fail|p1b: Electabuzz
|
|upkeep
|
|t:|1756807565
|switch|p2b: Garchomp|Garchomp, L50, M, tera:Ground|100/100
|turn|11
|
|t:|1756807572
|move|p1a: Volcarona|Protect|p1a: Volcarona
|-singleturn|p1a: Volcarona|Protect
|move|p2b: Garchomp|Earthquake|p1a: Volcarona|[spread] p1b
|-activate|p1a: Volcarona|move: Protect
|-supereffective|p1b: Electabuzz
|-damage|p1b: Electabuzz|0 fnt
|faint|p1b: Electabuzz
|-damage|p2b: Garchomp|91/100|[from] item: Life Orb
|
|-sideend|p2: spellbreakvgc|move: Tailwind
|upkeep
|
|t:|1756807578
|switch|p1b: Sneasler|Sneasler, L50, M|100/100
|turn|12
|-message|spellbreakvgc forfeited.
|
|win|dambro222
|raw|dambro222's rating: 1162 → 1185(+23 for winning)
|raw|spellbreakvgc's rating: 1130 → 1107(-23 for losing)
|l|☆spellbreakvgc
|player|p2|
