|j|☆punishedmelody
|j|☆artificalangelsxxx
|html|punishedmelodyartificalangelsxxx    
|uhtml|bestof|Game 2 of a best-of-3
|t:|1783740126
|gametype|doubles
|player|p1|punishedmelody|taunie|1063
|player|p2|artificalangelsxxx|acerola-masters2|1000
|gen|9
|tier|[Gen 9 Champions] VGC 2026 Reg M-B (Bo3)
|rated|
|rule|Species Clause: Limit one of each Pokémon
|rule|Item Clause: Limit 1 of each item
|clearpoke
|poke|p1|Blaziken, L50, M, shiny|
|poke|p1|Venusaur, L50, M|
|poke|p1|Ninetales-Alola, L50, M|
|poke|p1|Lycanroc-Dusk, L50, F|
|poke|p1|Kingambit, L50, M, shiny|
|poke|p1|Basculegion, L50, M|
|poke|p2|Scrafty, L50, F|
|poke|p2|Farigiraf, L50, M|
|poke|p2|Staraptor, L50, F|
|poke|p2|Sylveon, L50, F|
|poke|p2|Torkoal, L50, F|
|poke|p2|Vileplume, L50, M|
|teampreview|4
|showteam|p1|Blaziken||Blazikenite|SpeedBoost|FlareBlitz,CloseCombat,UpperHand,Detect|Adamant||M|||50|]Venusaur||Venusaurite|Overgrow|GigaDrain,SludgeBomb,EarthPower,Protect|Modest||M|||50|]Ninetales-Alola||NeverMeltIce|SnowWarning|Blizzard,FreezeDry,Encore,Protect|Timid||M|||50|]Lycanroc-Dusk||FocusSash|ToughClaws|Accelerock,RockSlide,CloseCombat,Protect|Adamant||F|||50|]Kingambit||LifeOrb|Defiant|KowtowCleave,SuckerPunch,IronHead,Protect|Adamant||M|||50|]Basculegion||ChoiceScarf|Adaptability|WaveCrash,AquaJet,LastRespects,FlipTurn|Jolly||M|||50|
|showteam|p2|Scrafty||Scraftinite|Intimidate|CloseCombat,KnockOff,IronHead,FakeOut|Brave||F|||50|]Farigiraf||SitrusBerry|ArmorTail|TwinBeam,Thunderbolt,TrickRoom,Protect|Relaxed||M|||50|]Staraptor||ChoiceScarf|Reckless|CloseCombat,BraveBird,Uturn,FinalGambit|Jolly||F|||50|]Sylveon||FairyFeather|Pixilate|HyperVoice,HyperBeam,QuickAttack,Protect|Quiet||F|||50|]Torkoal||Charcoal|WhiteSmoke|Eruption,HeatWave,WeatherBall,Protect|Quiet||F|||50|]Vileplume||FocusSash|Chlorophyll|AfterYou,LeafStorm,SludgeBomb,SleepPowder|Timid||M|||50|
|
|t:|1783740165
|teamsize|p1|4
|teamsize|p2|4
|start
|switch|p1a: Senbonzagura|Venusaur, L50, M|100/100
|switch|p1b: Tensa Zangetsu|Kingambit, L50, M, shiny|100/100
|switch|p2a: Vileplume|Vileplume, L50, M|100/100
|switch|p2b: Torkoal|Torkoal, L50, F|100/100
|turn|1
|
|t:|1783740181
|detailschange|p1a: Senbonzagura|Venusaur-Mega, L50, M
|-mega|p1a: Senbonzagura|Venusaur|Venusaurite
|move|p2a: Vileplume|After You|p2b: Torkoal
|-activate|p2b: Torkoal|move: After You
|move|p2b: Torkoal|Eruption|p1b: Tensa Zangetsu|[spread] p1a,p1b
|-supereffective|p1a: Senbonzagura|1
|-supereffective|p1b: Tensa Zangetsu|1
|-crit|p1b: Tensa Zangetsu
|-damage|p1a: Senbonzagura|55/100
|-damage|p1b: Tensa Zangetsu|0 fnt
|faint|p1b: Tensa Zangetsu
|move|p1a: Senbonzagura|Earth Power|p2b: Torkoal
|-supereffective|p2b: Torkoal|1
|-damage|p2b: Torkoal|20/100y
|
|upkeep
|
|t:|1783740190
|switch|p1b: Hakka no Togame|Ninetales-Alola, L50, M|100/100
|-weather|Snowscape|[from] ability: Snow Warning|[of] p1b: Hakka no Togame
|turn|2
|
|t:|1783740201
|move|p1b: Hakka no Togame|Blizzard|p2b: Torkoal|[spread] p2a,p2b
|-supereffective|p2a: Vileplume|1
|-resisted|p2b: Torkoal|1
|-crit|p2b: Torkoal
|-damage|p2a: Vileplume|27/100
|-damage|p2b: Torkoal|0 fnt
|faint|p2b: Torkoal
|move|p2a: Vileplume|After You|p2: Torkoal|[notarget]
|-fail|p2a: Vileplume
|move|p1a: Senbonzagura|Sludge Bomb|p2a: Vileplume
|-damage|p2a: Vileplume|0 fnt
|faint|p2a: Vileplume
|
|-weather|Snowscape|[upkeep]
|upkeep
|inactive|Battle timer is ON: inactive players will automatically lose when time's up. (requested by punishedmelody)
|
|t:|1783740210
|switch|p2a: Sylveon|Sylveon, L50, F|100/100
|switch|p2b: Staraptor|Staraptor, L50, F|100/100
|turn|3
|
|t:|1783740230
|switch|p1a: La Muerte|Basculegion, L50, M|100/100
|move|p1b: Hakka no Togame|Protect|p1b: Hakka no Togame
|-singleturn|p1b: Hakka no Togame|Protect
|move|p2b: Staraptor|Brave Bird|p1a: La Muerte
|-damage|p1a: La Muerte|23/100
|-damage|p2b: Staraptor|73/100|[from] Recoil
|move|p2a: Sylveon|Hyper Beam|p1b: Hakka no Togame
|-activate|p1b: Hakka no Togame|move: Protect
|
|-weather|Snowscape|[upkeep]
|upkeep
|turn|4
|
|t:|1783740245
|move|p1a: La Muerte|Aqua Jet|p2b: Staraptor
|-damage|p2b: Staraptor|38/100
|move|p2b: Staraptor|Brave Bird|p1a: La Muerte
|-damage|p1a: La Muerte|0 fnt
|faint|p1a: La Muerte
|-damage|p2b: Staraptor|30/100|[from] Recoil
|move|p1b: Hakka no Togame|Blizzard|p2a: Sylveon|[spread] p2a,p2b
|-supereffective|p2b: Staraptor|1
|-damage|p2a: Sylveon|75/100
|-damage|p2b: Staraptor|0 fnt
|faint|p2b: Staraptor
|move|p2a: Sylveon|Hyper Voice|p1b: Hakka no Togame
|-damage|p1b: Hakka no Togame|29/100
|
|-weather|Snowscape|[upkeep]
|upkeep
|
|t:|1783740250
|switch|p1a: Senbonzagura|Venusaur-Mega, L50, M|55/100
|turn|5
|
|t:|1783740261
|move|p1b: Hakka no Togame|Blizzard|p2a: Sylveon
|-damage|p2a: Sylveon|41/100
|move|p1a: Senbonzagura|Sludge Bomb|p2a: Sylveon
|-supereffective|p2a: Sylveon|1
|-damage|p2a: Sylveon|0 fnt
|faint|p2a: Sylveon
|
|win|punishedmelody
|raw|punishedmelody's rating: 1063 → 1088(+25 for winning)
|raw|artificalangelsxxx's rating: 1000 → 1000(+0 for losing)
|c|☆artificalangelsxxx|ggs
|l|☆artificalangelsxxx
|player|p2|
|c|☆punishedmelody|gg!
