|j|☆TaiwanNephrologist
|j|☆Can I pet the dog?
|html|TaiwanNephrologistCan I pet the dog?    
|uhtml|bestof|Game 3 of a best-of-3
|t:|1786095625
|gametype|doubles
|player|p1|TaiwanNephrologist|170|1388
|player|p2|Can I pet the dog?|yancy|1450
|gen|9
|tier|[Gen 9 Champions] VGC 2026 Reg M-B (Bo3)
|rated|
|rule|Species Clause: Limit one of each Pokémon
|rule|Item Clause: Limit 1 of each item
|clearpoke
|poke|p1|Delphox, L50, F, shiny|
|poke|p1|Incineroar, L50, F, shiny|
|poke|p1|Kingambit, L50, F, shiny|
|poke|p1|Sinistcha, L50, shiny|
|poke|p1|Sneasler, L50, F, shiny|
|poke|p1|Blastoise, L50, F, shiny|
|poke|p2|Staraptor, L50, F|
|poke|p2|Garchomp, L50, F|
|poke|p2|Whimsicott, L50, F|
|poke|p2|Delphox, L50, F|
|poke|p2|Glimmora, L50, F|
|poke|p2|Kingambit, L50, F|
|teampreview|4
|showteam|p1|Delphox||Delphoxite|Blaze|HeatWave,Psychic,NastyPlot,Protect|Timid||F|||50|]Incineroar||SitrusBerry|Intimidate|FakeOut,FlareBlitz,HelpingHand,PartingShot|Impish||F|||50|]Kingambit||LifeOrb|Defiant|KowtowCleave,SuckerPunch,SwordsDance,Protect|Adamant||F|||50|]Sinistcha||ColburBerry|Hospitality|MatchaGotcha,RagePowder,TrickRoom,Protect|Bold|||||50|]Sneasler||FocusSash|PoisonTouch|FakeOut,PoisonJab,CloseCombat,QuickGuard|Jolly||F|||50|]Blastoise||Blastoisinite|RainDish|WaterSpout,DarkPulse,ShellSmash,Protect|Modest||F|||50|
|showteam|p2|Staraptor||Staraptite|Intimidate|Protect,Roost,CloseCombat,BraveBird|Jolly||F|||50|]Garchomp||LifeOrb|RoughSkin|Protect,RockSlide,Earthquake,DragonClaw|Jolly||F|||50|]Whimsicott||OccaBerry|Prankster|Moonblast,Tailwind,Charm,LightScreen|Timid||F|||50|]Delphox||Delphoxite|Blaze|Protect,Psychic,HeatWave,Substitute|Timid||F|||50|]Glimmora||FocusSash|ToxicDebris|SpikyShield,SludgeBomb,EarthPower,PowerGem|Timid||F|||50|]Kingambit||ChopleBerry|Defiant|SuckerPunch,LowKick,IronHead,KowtowCleave|Adamant||F|||50|
|inactive|Battle timer is ON: inactive players will automatically lose when time's up. (requested by Can I pet the dog?)
|inactive|TaiwanNephrologist has 60 seconds left.
|inactive|Can I pet the dog? has 60 seconds left.
|inactive|TaiwanNephrologist has 30 seconds left.
|inactive|Can I pet the dog? has 30 seconds left.
|inactive|Can I pet the dog? has 20 seconds left.
|inactive|Can I pet the dog? has 15 seconds left.
|inactive|Can I pet the dog? has 10 seconds left.
|inactive|Can I pet the dog? has 5 seconds left.
|
|t:|1786095714
|teamsize|p1|4
|teamsize|p2|4
|start
|switch|p1a: Incineroar|Incineroar, L50, F, shiny|100/100
|switch|p1b: Delphox|Delphox, L50, F, shiny|100/100
|switch|p2a: Delphox|Delphox, L50, F|100/100
|switch|p2b: Glimmora|Glimmora, L50, F|100/100
|-ability|p1a: Incineroar|Intimidate|boost
|-unboost|p2a: Delphox|atk|1
|-unboost|p2b: Glimmora|atk|1
|turn|1
|inactive|TaiwanNephrologist has 30 seconds left.
|inactive|Can I pet the dog? has 30 seconds left.
|
|t:|1786095742
|switch|p2a: Whimsicott|Whimsicott, L50, F|100/100
|detailschange|p1b: Delphox|Delphox-Mega, L50, F, shiny
|-mega|p1b: Delphox|Delphox|Delphoxite
|move|p2b: Glimmora|Spiky Shield|p2b: Glimmora
|-singleturn|p2b: Glimmora|move: Protect
|move|p1b: Delphox|Nasty Plot|p1b: Delphox
|-boost|p1b: Delphox|spa|2
|move|p1a: Incineroar|Parting Shot|p2a: Whimsicott
|-unboost|p2a: Whimsicott|atk|1
|-unboost|p2a: Whimsicott|spa|1
|
|t:|1786095759
|switch|p1a: Sneasler|Sneasler, L50, F, shiny|100/100|[from] Parting Shot
|
|upkeep
|turn|2
|
|t:|1786095779
|switch|p2b: Delphox|Delphox, L50, F|100/100
|move|p2a: Whimsicott|Light Screen|p2a: Whimsicott
|-sidestart|p2: Can I pet the dog?|move: Light Screen
|move|p1b: Delphox|Heat Wave|p2b: Delphox|[spread] p2a,p2b
|-supereffective|p2a: Whimsicott|1
|-enditem|p2a: Whimsicott|Occa Berry|[eat]
|-enditem|p2a: Whimsicott|Occa Berry|[weaken]
|-resisted|p2b: Delphox|1
|-damage|p2a: Whimsicott|27/100
|-damage|p2b: Delphox|71/100
|-status|p2a: Whimsicott|brn
|move|p1a: Sneasler|Poison Jab|p2a: Whimsicott
|-supereffective|p2a: Whimsicott|2
|-damage|p2a: Whimsicott|0 fnt
|faint|p2a: Whimsicott
|
|upkeep
|inactive|Can I pet the dog? has 30 seconds left.
|
|t:|1786095805
|switch|p2a: Glimmora|Glimmora, L50, F|100/100
|turn|3
|
|t:|1786095830
|detailschange|p2b: Delphox|Delphox-Mega, L50, F
|-mega|p2b: Delphox|Delphox|Delphoxite
|move|p2b: Delphox|Substitute|p2b: Delphox
|-start|p2b: Delphox|Substitute
|-damage|p2b: Delphox|47/100
|move|p1b: Delphox|Psychic|p2a: Glimmora
|-supereffective|p2a: Glimmora|1
|-enditem|p2a: Glimmora|Focus Sash
|-damage|p2a: Glimmora|1/100
|move|p1a: Sneasler|Close Combat|p2a: Glimmora
|-damage|p2a: Glimmora|0 fnt
|-unboost|p1a: Sneasler|def|1
|-unboost|p1a: Sneasler|spd|1
|-activate|p2a: Glimmora|ability: Toxic Debris
|-sidestart|p1: TaiwanNephrologist|move: Toxic Spikes
|faint|p2a: Glimmora
|
|upkeep
|
|t:|1786095839
|switch|p2a: Garchomp|Garchomp, L50, F|100/100
|turn|4
|
|t:|1786095852
|move|p2a: Garchomp|Protect|p2a: Garchomp
|-singleturn|p2a: Garchomp|Protect
|move|p2b: Delphox|Heat Wave|p1a: Sneasler|[spread] p1a,p1b
|-resisted|p1b: Delphox|1
|-damage|p1a: Sneasler|20/100y
|-damage|p1b: Delphox|83/100
|move|p1b: Delphox|Psychic|p2a: Garchomp
|-activate|p2a: Garchomp|move: Protect
|move|p1a: Sneasler|Poison Jab|p2b: Delphox
|-end|p2b: Delphox|Substitute
|
|upkeep
|turn|5
|inactive|Can I pet the dog? has 30 seconds left.
|
|t:|1786095881
|switch|p1a: Incineroar|Incineroar, L50, F, shiny|100/100
|-status|p1a: Incineroar|psn
|-ability|p1a: Incineroar|Intimidate|boost
|-unboost|p2a: Garchomp|atk|1
|-unboost|p2b: Delphox|atk|1
|move|p2b: Delphox|Substitute|p2b: Delphox
|-start|p2b: Delphox|Substitute
|-damage|p2b: Delphox|22/100
|move|p1b: Delphox|Psychic|p2a: Garchomp
|-damage|p2a: Garchomp|24/100
|-unboost|p2a: Garchomp|spd|1
|move|p2a: Garchomp|Earthquake|p1b: Delphox|[spread] p1a
|-immune|p2b: Delphox|[from] ability: Levitate
|-immune|p1b: Delphox|[from] ability: Levitate
|-supereffective|p1a: Incineroar|1
|-damage|p1a: Incineroar|42/100 psn
|-enditem|p1a: Incineroar|Sitrus Berry|[eat]
|-heal|p1a: Incineroar|66/100 psn|[from] item: Sitrus Berry
|-damage|p2a: Garchomp|14/100|[from] item: Life Orb
|
|-damage|p1a: Incineroar|54/100 psn|[from] psn
|upkeep
|turn|6
|inactive|TaiwanNephrologist has 30 seconds left.
|
|t:|1786095914
|move|p2a: Garchomp|Protect|p2a: Garchomp
|-singleturn|p2a: Garchomp|Protect
|move|p2b: Delphox|Heat Wave|p1a: Incineroar|[spread] 
|-miss|p2b: Delphox|p1a: Incineroar
|-miss|p2b: Delphox|p1b: Delphox
|move|p1b: Delphox|Heat Wave|p2b: Delphox|[spread] p2b
|-activate|p2a: Garchomp|move: Protect
|-resisted|p2b: Delphox|1
|-end|p2b: Delphox|Substitute
|move|p1a: Incineroar|Flare Blitz|p2b: Delphox
|-resisted|p2b: Delphox|1
|-damage|p2b: Delphox|0 fnt
|faint|p2b: Delphox
|-damage|p1a: Incineroar|48/100 psn|[from] Recoil
|
|-damage|p1a: Incineroar|36/100 psn|[from] psn
|-sideend|p2: Can I pet the dog?|move: Light Screen
|upkeep
|turn|7
|
|t:|1786095933
|move|p1a: Incineroar|Helping Hand|p1b: Delphox
|-singleturn|p1b: Delphox|Helping Hand|[of] p1a: Incineroar
|move|p1b: Delphox|Psychic|p2a: Garchomp
|-damage|p2a: Garchomp|0 fnt
|faint|p2a: Garchomp
|
|win|TaiwanNephrologist
