|j|☆Sincubii
|j|☆Fireb7798
|html|SincubiiFireb7798    
|uhtml|bestof|Game 2 of a best-of-3
|t:|1756759651
|gametype|doubles
|player|p1|Sincubii|palmer|1126
|player|p2|Fireb7798|shauntal|1110
|gen|9
|tier|[Gen 9] VGC 2025 Reg H (Bo3)
|rated|
|rule|Species Clause: Limit one of each Pokémon
|rule|Item Clause: Limit 1 of each item
|clearpoke
|poke|p1|Weavile, L50, M|
|poke|p1|Rillaboom, L50, M|
|poke|p1|Magnezone, L50|
|poke|p1|Dragonite, L50, F|
|poke|p1|Infernape, L50, F|
|poke|p1|Primarina, L50, F|
|poke|p2|Meowstic, L50, M|
|poke|p2|Volcarona, L50, M|
|poke|p2|Electabuzz, L50, M|
|poke|p2|Garchomp, L50, F|
|poke|p2|Primarina, L50, F|
|poke|p2|Gholdengo, L50|
|teampreview|4
|showteam|p1|Weavile||FocusSash|Pressure|IceSpinner,FakeOut,KnockOff,Protect|||M|||50|,,,,,Ghost]Rillaboom||MiracleSeed|GrassySurge|FakeOut,GrassyGlide,WoodHammer,Protect|||M|||50|,,,,,Grass]Magnezone||ChoiceScarf|Sturdy|VoltSwitch,Electroweb,Thunderbolt,FlashCannon||||||50|,,,,,Electric]Dragonite||LoadedDice|Multiscale|Protect,ScaleShot,Tailwind,Haze|||F|||50|,,,,,Fairy]Infernape||LifeOrb|Blaze|HeatWave,AuraSphere,ScorchingSands,Protect|||F|||50|,,,,,Grass]Primarina||ThroatSpray|LiquidVoice|HyperVoice,Moonblast,Protect,CalmMind|||F|||50|,,,,,Steel
|showteam|p2|Meowstic||EjectButton|Prankster|FakeOut,LightScreen,Reflect,SunnyDay|||M|||50|,,,,,Dark]Volcarona||SitrusBerry|FlameBody|HeatWave,BugBuzz,Protect,QuiverDance|||M|||50|,,,,,Water]Electabuzz||Eviolite|VitalSpirit|Protect,Electroweb,Thunderbolt,FollowMe|||M|||50|,,,,,Flying]Garchomp||ClearAmulet|RoughSkin|DragonClaw,RockSlide,Earthquake,Protect|||F|||50|,,,,,Steel]Primarina||LifeOrb|LiquidVoice|Moonblast,HyperVoice,Protect,Haze|||F|||50|,,,,,Poison]Gholdengo||ChoiceScarf|GoodasGold|ShadowBall,MakeItRain,Trick,DazzlingGleam||||||50|,,,,,Steel
|
|t:|1756759682
|teamsize|p1|4
|teamsize|p2|4
|start
|switch|p1a: Janice|Primarina, L50, F|100/100
|switch|p1b: Mr. Cool|Weavile, L50, M|100/100
|switch|p2a: Meowstic|Meowstic, L50, M|100/100
|switch|p2b: Volcarona|Volcarona, L50, M|100/100
|-ability|p1b: Mr. Cool|Pressure
|turn|1
|
|t:|1756759708
|-terastallize|p2b: Volcarona|Water
|move|p1b: Mr. Cool|Fake Out|p2b: Volcarona
|-crit|p2b: Volcarona
|-damage|p2b: Volcarona|75/100
|-status|p1b: Mr. Cool|brn|[from] ability: Flame Body|[of] p2b: Volcarona
|move|p2a: Meowstic|Fake Out|p1a: Janice
|-damage|p1a: Janice|95/100
|cant|p2b: Volcarona|flinch
|cant|p1a: Janice|flinch
|
|-damage|p1b: Mr. Cool|94/100 brn|[from] brn
|upkeep
|turn|2
|
|t:|1756759736
|move|p2a: Meowstic|Reflect|p2a: Meowstic
|-sidestart|p2: Fireb7798|Reflect
|move|p1b: Mr. Cool|Knock Off|p2b: Volcarona
|-damage|p2b: Volcarona|54/100
|-enditem|p2b: Volcarona|Sitrus Berry|[from] move: Knock Off|[of] p1b: Mr. Cool
|move|p2b: Volcarona|Quiver Dance|p2b: Volcarona
|-boost|p2b: Volcarona|spa|1
|-boost|p2b: Volcarona|spd|1
|-boost|p2b: Volcarona|spe|1
|move|p1a: Janice|Calm Mind|p1a: Janice
|-boost|p1a: Janice|spa|1
|-boost|p1a: Janice|spd|1
|
|-damage|p1b: Mr. Cool|88/100 brn|[from] brn
|upkeep
|turn|3
|
|t:|1756759766
|move|p2a: Meowstic|Light Screen|p2a: Meowstic
|-sidestart|p2: Fireb7798|move: Light Screen
|move|p1b: Mr. Cool|Knock Off|p2a: Meowstic
|-supereffective|p2a: Meowstic
|-damage|p2a: Meowstic|63/100
|-enditem|p2a: Meowstic|Eject Button|[from] move: Knock Off|[of] p1b: Mr. Cool
|move|p2b: Volcarona|Heat Wave|p1b: Mr. Cool|[spread] p1a,p1b
|-resisted|p1a: Janice
|-supereffective|p1b: Mr. Cool
|-damage|p1a: Janice|77/100
|-damage|p1b: Mr. Cool|0 fnt
|faint|p1b: Mr. Cool
|move|p1a: Janice|Hyper Voice|p2b: Volcarona|[spread] p2a,p2b
|-resisted|p2b: Volcarona
|-damage|p2a: Meowstic|30/100
|-damage|p2b: Volcarona|43/100
|-enditem|p1a: Janice|Throat Spray
|-boost|p1a: Janice|spa|1|[from] item: Throat Spray
|
|upkeep
|
|t:|1756759779
|switch|p1b: Big Boss|Dragonite, L50, F, shiny|100/100
|turn|4
|
|t:|1756759806
|switch|p2b: Primarina|Primarina, L50, F|100/100
|move|p2a: Meowstic|Sunny Day|p2a: Meowstic
|-weather|SunnyDay
|move|p1b: Big Boss|Scale Shot|p2a: Meowstic
|-damage|p2a: Meowstic|19/100
|-damage|p2a: Meowstic|7/100
|-damage|p2a: Meowstic|0 fnt
|faint|p2a: Meowstic
|-hitcount|p2: Meowstic|3
|-unboost|p1b: Big Boss|def|1
|-boost|p1b: Big Boss|spe|1
|move|p1a: Janice|Calm Mind|p1a: Janice
|-boost|p1a: Janice|spa|1
|-boost|p1a: Janice|spd|1
|
|-weather|SunnyDay|[upkeep]
|upkeep
|
|t:|1756759822
|switch|p2a: Electabuzz|Electabuzz, L50, M|100/100
|turn|5
|
|t:|1756759834
|move|p2a: Electabuzz|Electroweb|p1a: Janice|[spread] p1a,p1b
|-supereffective|p1a: Janice
|-crit|p1a: Janice
|-damage|p1a: Janice|42/100
|-damage|p1b: Big Boss|94/100
|-unboost|p1a: Janice|spe|1
|-unboost|p1b: Big Boss|spe|1
|move|p2b: Primarina|Moonblast|p1b: Big Boss
|-supereffective|p1b: Big Boss
|-damage|p1b: Big Boss|0 fnt
|faint|p1b: Big Boss
|-damage|p2b: Primarina|91/100|[from] item: Life Orb
|move|p1a: Janice|Moonblast|p2b: Primarina
|-damage|p2b: Primarina|25/100
|
|-weather|SunnyDay|[upkeep]
|upkeep
|
|t:|1756759840
|switch|p1b: Furnace God|Infernape, L50, F|100/100
|turn|6
|
|t:|1756759868
|-terastallize|p1a: Janice|Steel
|move|p2a: Electabuzz|Follow Me|p2a: Electabuzz
|-singleturn|p2a: Electabuzz|move: Follow Me
|move|p1b: Furnace God|Heat Wave|p2a: Electabuzz|[spread] p2a,p2b
|-resisted|p2b: Primarina
|-damage|p2a: Electabuzz|70/100
|-damage|p2b: Primarina|9/100
|-damage|p1b: Furnace God|91/100|[from] item: Life Orb
|move|p2b: Primarina|Moonblast|p1b: Furnace God
|-damage|p1b: Furnace God|0 fnt
|faint|p1b: Furnace God
|-damage|p2b: Primarina|0 fnt|[from] item: Life Orb
|faint|p2b: Primarina
|move|p1a: Janice|Hyper Voice|p2a: Electabuzz
|-damage|p2a: Electabuzz|40/100
|
|-weather|SunnyDay|[upkeep]
|-sideend|p2: Fireb7798|Reflect
|upkeep
|
|t:|1756759879
|switch|p2b: Volcarona|Volcarona, L50, M, tera:Water|43/100
|turn|7
|
|t:|1756759890
|move|p2a: Electabuzz|Follow Me|p2a: Electabuzz
|-singleturn|p2a: Electabuzz|move: Follow Me
|move|p2b: Volcarona|Heat Wave|p1a: Janice
|-supereffective|p1a: Janice
|-damage|p1a: Janice|0 fnt
|faint|p1a: Janice
|
|win|Fireb7798
|raw|Sincubii's rating: 1126 → 1100(-26 for losing)
|raw|Fireb7798's rating: 1110 → 1136(+26 for winning)
|l|☆Sincubii
|player|p1|
|l|☆Fireb7798
|player|p2|
|j|☆Fireb7798
|player|p2|Fireb7798|shauntal|
|l|☆Fireb7798
|player|p2|
|j|☆Fireb7798
|player|p2|Fireb7798|shauntal|
