|j|☆MauryOF
|j|☆placeholder2007
|html|MauryOFplaceholder2007    
|uhtml|bestof|Game 2 of a best-of-3
|t:|1756924749
|gametype|doubles
|player|p1|MauryOF|clerk|1086
|player|p2|placeholder2007|266|1064
|gen|9
|tier|[Gen 9] VGC 2025 Reg H (Bo3)
|rated|
|rule|Species Clause: Limit one of each Pokémon
|rule|Item Clause: Limit 1 of each item
|clearpoke
|poke|p1|Basculegion, L50, M|
|poke|p1|Pelipper, L50, M|
|poke|p1|Kingambit, L50, F|
|poke|p1|Rillaboom, L50, F|
|poke|p1|Archaludon, L50, M|
|poke|p1|Electabuzz, L50, F|
|poke|p2|Vivillon-Fancy, L50, M|
|poke|p2|Garchomp, L50, F|
|poke|p2|Primarina, L50, M|
|poke|p2|Incineroar, L50, M|
|poke|p2|Gholdengo, L50|
|poke|p2|Porygon2, L50|
|teampreview|4
|showteam|p1|Basculegion||ChoiceBand|SwiftSwim|AquaJet,FlipTurn,WaveCrash,LastRespects|||M|||50|,,,,,Grass]Pelipper||FocusSash|Drizzle|Tailwind,WeatherBall,Protect,Hurricane|||M|||50|,,,,,Ghost]Kingambit||BlackGlasses|Defiant|KowtowCleave,SuckerPunch,SwordsDance,Protect|||F|||50|,,,,,Dark]Rillaboom||LoadedDice|GrassySurge|HighHorsepower,GrassyGlide,BulletSeed,FakeOut|||F|||50|,,,,,Fire]Archaludon||AssaultVest|Stamina|ElectroShot,Thunderbolt,DracoMeteor,BodyPress|||M|||50|,,,,,Fairy]Electabuzz||Eviolite|VitalSpirit|Electroweb,FollowMe,Protect,Taunt|||F|||50|,,,,,Ghost
|showteam|p2|Vivillon-Fancy||FocusSash|CompoundEyes|Hurricane,SleepPowder,RagePowder,Protect|||M|||50|,,,,,Ghost]Garchomp||LifeOrb|RoughSkin|Earthquake,DragonClaw,StompingTantrum,Protect|||F|||50|,,,,,Water]Primarina||SitrusBerry|LiquidVoice|HyperVoice,Moonblast,Haze,Protect|||M|||50|,,,,,Grass]Incineroar||SafetyGoggles|Intimidate|FakeOut,FlareBlitz,PartingShot,KnockOff|||M|||50|,,,,,Ghost]Gholdengo||MetalCoat|GoodasGold|MakeItRain,ShadowBall,NastyPlot,Protect||||||50|,,,,,Dragon]Porygon2||Eviolite|Download|TeraBlast,IceBeam,Recover,TrickRoom||||||50|,,,,,Fighting
|inactive|Battle timer is ON: inactive players will automatically lose when time's up. (requested by MauryOF)
|inactive|MauryOF has 60 seconds left.
|
|t:|1756924790
|teamsize|p1|4
|teamsize|p2|4
|start
|switch|p1a: Rillaboom|Rillaboom, L50, F|100/100
|switch|p1b: Basculegion|Basculegion, L50, M|100/100
|switch|p2a: Rob Watters|Porygon2, L50, shiny|100/100
|switch|p2b: Sam Rivers|Gholdengo, L50|100/100
|-fieldstart|move: Grassy Terrain|[from] ability: Grassy Surge|[of] p1a: Rillaboom
|-ability|p2a: Rob Watters|Download|boost
|-boost|p2a: Rob Watters|spa|1
|turn|1
|inactive|MauryOF has 30 seconds left.
|inactive|MauryOF has 20 seconds left.
|inactive|MauryOF has 15 seconds left.
|inactive|MauryOF has 10 seconds left.
|inactive|MauryOF has 5 seconds left.
|
|t:|1756924843
|switch|p1a: Pelipper|Pelipper, L50, M|100/100
|-weather|RainDance|[from] ability: Drizzle|[of] p1a: Pelipper
|move|p1b: Basculegion|Wave Crash|p2a: Rob Watters
|-damage|p2a: Rob Watters|15/100
|-damage|p1b: Basculegion|73/100|[from] Recoil
|move|p2b: Sam Rivers|Shadow Ball|p1b: Basculegion
|-supereffective|p1b: Basculegion
|-damage|p1b: Basculegion|0 fnt
|faint|p1b: Basculegion
|move|p2a: Rob Watters|Ice Beam|p1a: Pelipper
|-damage|p1a: Pelipper|35/100
|
|-weather|RainDance|[upkeep]
|-heal|p2a: Rob Watters|21/100|[from] Grassy Terrain
|upkeep
|
|t:|1756924861
|switch|p1b: Archaludon|Archaludon, L50, M|100/100
|turn|2
|
|t:|1756924879
|move|p2b: Sam Rivers|Protect|p2b: Sam Rivers
|-singleturn|p2b: Sam Rivers|Protect
|move|p1b: Archaludon|Electro Shot||[still]
|-prepare|p1b: Archaludon|Electro Shot
|-boost|p1b: Archaludon|spa|1
|-anim|p1b: Archaludon|Electro Shot|p2b: Sam Rivers
|-activate|p2b: Sam Rivers|move: Protect
|move|p1a: Pelipper|Weather Ball|p2a: Rob Watters
|-damage|p2a: Rob Watters|0 fnt
|faint|p2a: Rob Watters
|
|-weather|RainDance|[upkeep]
|upkeep
|
|t:|1756924892
|switch|p2a: John Otto|Primarina, L50, M, shiny|100/100
|turn|3
|
|t:|1756924908
|move|p2b: Sam Rivers|Shadow Ball|p1b: Archaludon
|-damage|p1b: Archaludon|60/100
|-unboost|p1b: Archaludon|spd|1
|-ability|p1b: Archaludon|Stamina|boost
|-boost|p1b: Archaludon|def|1
|move|p1b: Archaludon|Electro Shot||[still]
|-prepare|p1b: Archaludon|Electro Shot
|-boost|p1b: Archaludon|spa|1
|-anim|p1b: Archaludon|Electro Shot|p2b: Sam Rivers
|-damage|p2b: Sam Rivers|25/100
|move|p1a: Pelipper|Hurricane|p2a: John Otto
|-damage|p2a: John Otto|60/100
|-start|p2a: John Otto|confusion
|-activate|p2a: John Otto|confusion
|move|p2a: John Otto|Hyper Voice|p1a: Pelipper|[spread] p1a,p1b
|-resisted|p1a: Pelipper
|-resisted|p1b: Archaludon
|-damage|p1a: Pelipper|0 fnt
|-damage|p1b: Archaludon|16/100
|-ability|p1b: Archaludon|Stamina|boost
|-boost|p1b: Archaludon|def|1
|faint|p1a: Pelipper
|
|-weather|RainDance|[upkeep]
|-heal|p2b: Sam Rivers|31/100|[from] Grassy Terrain
|-heal|p1b: Archaludon|22/100|[from] Grassy Terrain
|-heal|p2a: John Otto|66/100|[from] Grassy Terrain
|upkeep
|
|t:|1756924932
|switch|p1a: Rillaboom|Rillaboom, L50, F|100/100
|turn|4
|
|t:|1756924953
|-terastallize|p1a: Rillaboom|Fire
|-terastallize|p2a: John Otto|Grass
|move|p2b: Sam Rivers|Make It Rain|p1a: Rillaboom|[spread] p1a,p1b
|-resisted|p1a: Rillaboom
|-resisted|p1b: Archaludon
|-damage|p1a: Rillaboom|73/100
|-damage|p1b: Archaludon|0 fnt
|-unboost|p2b: Sam Rivers|spa|1
|faint|p1b: Archaludon
|move|p1a: Rillaboom|High Horsepower|p2b: Sam Rivers
|-supereffective|p2b: Sam Rivers
|-damage|p2b: Sam Rivers|0 fnt
|faint|p2b: Sam Rivers
|-end|p2a: John Otto|confusion
|move|p2a: John Otto|Moonblast|p1a: Rillaboom
|-resisted|p1a: Rillaboom
|-damage|p1a: Rillaboom|44/100
|
|-weather|RainDance|[upkeep]
|-heal|p1a: Rillaboom|50/100|[from] Grassy Terrain
|-heal|p2a: John Otto|71/100|[from] Grassy Terrain
|upkeep
|
|t:|1756924971
|switch|p2b: DJ Lethal|Incineroar, L50, M, shiny|100/100
|-ability|p2b: DJ Lethal|Intimidate|boost
|-unboost|p1a: Rillaboom|atk|1
|turn|5
|-message|MauryOF forfeited.
|
|win|placeholder2007
