|j|‽SomeKidJon
|j|☆Mashuno
|html|SomeKidJonMashuno    
|uhtml|bestof|Game 2 of a best-of-3
|t:|1784418753
|gametype|doubles
|player|p1|SomeKidJon|scientistf|1277
|player|p2|Mashuno|harlequin|1181
|gen|9
|tier|[Gen 9 Champions] VGC 2026 Reg M-B (Bo3)
|rated|
|rule|Species Clause: Limit one of each Pokémon
|rule|Item Clause: Limit 1 of each item
|clearpoke
|poke|p1|Tyranitar, L50, M|
|poke|p1|Excadrill, L50, M|
|poke|p1|Corviknight, L50, F|
|poke|p1|Basculegion, L50, M|
|poke|p1|Tsareena, L50, F|
|poke|p1|Lopunny, L50, M|
|poke|p2|Blastoise, L50, M|
|poke|p2|Tsareena, L50, F|
|poke|p2|Maushold, L50|
|poke|p2|Garchomp, L50, F|
|poke|p2|Kingambit, L50, M|
|poke|p2|Talonflame, L50, M|
|teampreview|4
|showteam|p1|Tyranitar||Tyranitarite|SandStream|Protect,DragonDance,KnockOff,RockSlide|Adamant||M|||50|]Excadrill||FocusSash|SandRush|IronHead,Protect,HighHorsepower,RockSlide|Adamant||M|||50|]Corviknight||Leftovers|MirrorArmor|BulkUp,Roost,BraveBird,BodyPress|Careful||F|||50|]Basculegion||ChoiceScarf|Adaptability|AquaJet,LastRespects,WaveCrash,FlipTurn|Adamant||M|||50|]Tsareena||WideLens|QueenlyMajesty|Protect,TripleAxel,PowerWhip,LowKick|Adamant||F|||50|]Lopunny||Lopunnite|Limber|CloseCombat,FakeOut,AfterYou,TripleAxel|Jolly||M|||50|
|showteam|p2|Blastoise||Blastoisinite|Torrent|Protect,ShellSmash,WaterSpout,DarkPulse|Modest||M|||50|]Tsareena||WideLens|QueenlyMajesty|Protect,PowerWhip,TripleAxel,KnockOff|Jolly||F|||50|]Maushold||SitrusBerry|FriendGuard|Protect,FollowMe,SuperFang,ThunderWave|Jolly|||||50|]Garchomp||LifeOrb|RoughSkin|Protect,DragonClaw,Earthquake,RockSlide|Jolly||F|||50|]Kingambit||ChopleBerry|Defiant|Protect,KowtowCleave,SuckerPunch,IronHead|Adamant||M|||50|]Talonflame||FocusSash|GaleWings|Protect,DualWingbeat,Tailwind,RainDance|Jolly||M|||50|
|
|t:|1784418791
|teamsize|p1|4
|teamsize|p2|4
|start
|switch|p1a: Lopunny|Lopunny, L50, M|100/100
|switch|p1b: Tyranitar|Tyranitar, L50, M|100/100
|switch|p2a: Tsareena|Tsareena, L50, F|100/100
|switch|p2b: Talonflame|Talonflame, L50, M|100/100
|-weather|Sandstorm|[from] ability: Sand Stream|[of] p1b: Tyranitar
|turn|1
|
|t:|1784418807
|switch|p2b: Garchomp|Garchomp, L50, F|100/100
|switch|p1b: Corviknight|Corviknight, L50, F|100/100
|detailschange|p1a: Lopunny|Lopunny-Mega, L50, M
|-mega|p1a: Lopunny|Lopunny|Lopunnite
|move|p2a: Tsareena|Protect|p2a: Tsareena
|-singleturn|p2a: Tsareena|Protect
|move|p1a: Lopunny|Triple Axel|p2a: Tsareena
|-activate|p2a: Tsareena|move: Protect
|
|-weather|Sandstorm|[upkeep]
|-damage|p1a: Lopunny|94/100|[from] Sandstorm
|-damage|p2a: Tsareena|94/100|[from] Sandstorm
|upkeep
|turn|2
|
|t:|1784418864
|switch|p2a: Talonflame|Talonflame, L50, M|100/100
|move|p1a: Lopunny|Triple Axel|p2a: Talonflame
|-damage|p2a: Talonflame|89/100
|-damage|p2a: Talonflame|70/100
|-damage|p2a: Talonflame|41/100
|-hitcount|p2a: Talonflame|3
|move|p2b: Garchomp|Earthquake|p1b: Corviknight|[spread] p1a
|-immune|p2a: Talonflame
|-immune|p1b: Corviknight
|-damage|p1a: Lopunny|24/100
|-damage|p2b: Garchomp|90/100|[from] item: Life Orb
|move|p1b: Corviknight|Bulk Up|p1b: Corviknight
|-boost|p1b: Corviknight|atk|1
|-boost|p1b: Corviknight|def|1
|
|-weather|Sandstorm|[upkeep]
|-damage|p1a: Lopunny|19/100|[from] Sandstorm
|-damage|p2a: Talonflame|35/100|[from] Sandstorm
|upkeep
|turn|3
|
|t:|1784418887
|move|p2a: Talonflame|Protect|p2a: Talonflame
|-singleturn|p2a: Talonflame|Protect
|move|p1a: Lopunny|Triple Axel|p2b: Garchomp
|-supereffective|p2b: Garchomp|2
|-crit|p2b: Garchomp
|-damage|p2b: Garchomp|41/100
|-damage|p1a: Lopunny|7/100|[from] ability: Rough Skin|[of] p2b: Garchomp
|-hitcount|p2b: Garchomp|1
|move|p2b: Garchomp|Earthquake|p1b: Corviknight|[spread] p1a
|-activate|p2a: Talonflame|move: Protect
|-immune|p1b: Corviknight
|-damage|p1a: Lopunny|0 fnt
|faint|p1a: Lopunny
|-damage|p2b: Garchomp|32/100|[from] item: Life Orb
|move|p1b: Corviknight|Bulk Up|p1b: Corviknight
|-boost|p1b: Corviknight|atk|1
|-boost|p1b: Corviknight|def|1
|
|-weather|Sandstorm|[upkeep]
|-damage|p2a: Talonflame|29/100|[from] Sandstorm
|upkeep
|
|t:|1784418898
|switch|p1a: Basculegion|Basculegion, L50, M|100/100
|turn|4
|
|t:|1784418920
|switch|p2a: Tsareena|Tsareena, L50, F|94/100
|move|p1a: Basculegion|Flip Turn|p2a: Tsareena
|-resisted|p2a: Tsareena|1
|-damage|p2a: Tsareena|69/100
|
|t:|1784418922
|switch|p1a: Tyranitar|Tyranitar, L50, M|100/100|[from] Flip Turn
|move|p2b: Garchomp|Dragon Claw|p1a: Tyranitar
|-damage|p1a: Tyranitar|48/100
|-damage|p2b: Garchomp|22/100|[from] item: Life Orb
|move|p1b: Corviknight|Body Press|p2b: Garchomp
|-damage|p2b: Garchomp|0 fnt
|-damage|p1b: Corviknight|87/100|[from] ability: Rough Skin|[of] p2b: Garchomp
|faint|p2b: Garchomp
|
|-weather|Sandstorm|[upkeep]
|-damage|p2a: Tsareena|63/100|[from] Sandstorm
|-heal|p1b: Corviknight|93/100|[from] item: Leftovers
|upkeep
|
|t:|1784418944
|switch|p2b: Talonflame|Talonflame, L50, M|29/100
|turn|5
|
|t:|1784418956
|move|p2b: Talonflame|Protect|p2b: Talonflame
|-singleturn|p2b: Talonflame|Protect
|move|p2a: Tsareena|Power Whip|p1a: Tyranitar
|-supereffective|p1a: Tyranitar|1
|-damage|p1a: Tyranitar|0 fnt
|faint|p1a: Tyranitar
|move|p1b: Corviknight|Brave Bird|p2a: Tsareena
|-supereffective|p2a: Tsareena|1
|-damage|p2a: Tsareena|0 fnt
|faint|p2a: Tsareena
|-damage|p1b: Corviknight|78/100|[from] Recoil
|
|-weather|none
|-heal|p1b: Corviknight|83/100|[from] item: Leftovers
|upkeep
|
|t:|1784418969
|switch|p2a: Blastoise|Blastoise, L50, M|100/100
|switch|p1a: Basculegion|Basculegion, L50, M|100/100
|turn|6
|
|t:|1784418985
|detailschange|p2a: Blastoise|Blastoise-Mega, L50, M
|-mega|p2a: Blastoise|Blastoise|Blastoisinite
|move|p1a: Basculegion|Last Respects|p2a: Blastoise
|-damage|p2a: Blastoise|9/100
|move|p2b: Talonflame|Tailwind|p2b: Talonflame
|-sidestart|p2: Mashuno|move: Tailwind
|move|p2a: Blastoise|Dark Pulse|p1a: Basculegion
|-supereffective|p1a: Basculegion|1
|-damage|p1a: Basculegion|0 fnt
|faint|p1a: Basculegion
|move|p1b: Corviknight|Brave Bird|p2b: Talonflame
|-damage|p2b: Talonflame|0 fnt
|faint|p2b: Talonflame
|-damage|p1b: Corviknight|75/100|[from] Recoil
|
|-heal|p1b: Corviknight|80/100|[from] item: Leftovers
|upkeep
|turn|7
|c|☆Mashuno|gg
|
|t:|1784419017
|move|p2a: Blastoise|Dark Pulse|p1b: Corviknight
|-damage|p1b: Corviknight|44/100
|move|p1b: Corviknight|Brave Bird|p2a: Blastoise
|-crit|p2a: Blastoise
|-damage|p2a: Blastoise|0 fnt
|faint|p2a: Blastoise
|-damage|p1b: Corviknight|41/100|[from] Recoil
|
|win|SomeKidJon
||Mashuno is ready for game 3.
|inactive|SomeKidJon has 30 seconds to confirm battle start!
|inactive|SomeKidJon has 20 seconds to confirm battle start!
|n|‽SomeKidJon|somekidjon
|inactive|SomeKidJon has 10 seconds to confirm battle start!
||SomeKidJon is ready for game 3.
|uhtml|next|Next: Game 3 of 3
|l|‽SomeKidJon
|player|p1|
