|j|☆ExessVGC
|j|☆babbonat gays
|html|ExessVGCbabbonat gays    
|uhtml|bestof|Game 2 of a best-of-3
|t:|1756158246
|gametype|doubles
|player|p1|ExessVGC|169|1000
|player|p2|babbonat gays|volkner|1000
|gen|9
|tier|[Gen 9] VGC 2025 Reg H (Bo3)
|rated|
|rule|Species Clause: Limit one of each Pokémon
|rule|Item Clause: Limit 1 of each item
|clearpoke
|poke|p1|Tyranitar, L50, F|
|poke|p1|Kingambit, L50, F|
|poke|p1|Gastrodon, L50, F|
|poke|p1|Garchomp, L50, F|
|poke|p1|Magmar, L50, M|
|poke|p1|Kommo-o, L50, M|
|poke|p2|Whimsicott, L50, F|
|poke|p2|Garchomp, L50, F|
|poke|p2|Indeedee, L50, M|
|poke|p2|Sneasler, L50, F|
|poke|p2|Ursaluna-Bloodmoon, L50, M|
|poke|p2|Archaludon, L50, M|
|teampreview|4
|showteam|p1|Tyranitar||AssaultVest|SandStream|TeraBlast,RockSlide,KnockOff,LowKick|||F|||50|,,,,,Flying]Kingambit||BlackGlasses|Defiant|SwordsDance,KowtowCleave,SuckerPunch,Protect|||F|||50|,,,,,Dark]Gastrodon||Leftovers|StormDrain|IcyWind,Protect,StealthRock,Yawn|||F|||50|,,,,,Fire]Garchomp||ClearAmulet|SandVeil|ScaleShot,Earthquake,IronHead,Protect|||F|||50|,,,,,Fairy]Magmar||Eviolite|VitalSpirit|FollowMe,WillOWisp,Overheat,Protect|||M|||50|,,,,,Ghost]Kommo-o||SafetyGoggles|Soundproof|DrainPunch,ClangorousSoul,ClangingScales,Protect|||M|||50|,,,,,Fairy
|showteam|p2|Whimsicott||CovertCloak|Prankster|Moonblast,Taunt,Tailwind,FakeTears|||F|||50|,,,,,Water]Garchomp||LoadedDice|RoughSkin|ScaleShot,StompingTantrum,SwordsDance,Protect|||F|||50|,,,,,Steel]Indeedee||FocusSash|PsychicSurge|ExpandingForce,TeraBlast,Imprison,TrickRoom|||M|||50|,,,,,Psychic]Sneasler||PsychicSeed|Unburden|CloseCombat,DireClaw,ThroatChop,Protect|||F|||50|,,,,,Dark]Ursaluna-Bloodmoon||LifeOrb|MindsEye|HyperVoice,BloodMoon,EarthPower,Protect|||M|||50|,,,,,Normal]Archaludon||PowerHerb|Stalwart|ElectroShot,DragonPulse,Thunderbolt,Protect|||M|||50|,,,,,Electric
|inactive|Battle timer is ON: inactive players will automatically lose when time's up. (requested by babbonat gays)
|inactive|ExessVGC has 60 seconds left.
|
|t:|1756158301
|teamsize|p1|4
|teamsize|p2|4
|start
|switch|p1a: Kommo-o|Kommo-o, L50, M|100/100
|switch|p1b: Magmar|Magmar, L50, M|100/100
|switch|p2a: Whimsicott|Whimsicott, L50, F|100/100
|switch|p2b: Ursaluna|Ursaluna-Bloodmoon, L50, M|100/100
|turn|1
|
|t:|1756158321
|-terastallize|p2b: Ursaluna|Normal
|move|p2a: Whimsicott|Tailwind|p2a: Whimsicott
|-sidestart|p2: babbonat gays|move: Tailwind
|move|p2b: Ursaluna|Blood Moon|p1a: Kommo-o
|-damage|p1a: Kommo-o|0 fnt
|faint|p1a: Kommo-o
|-damage|p2b: Ursaluna|91/100|[from] item: Life Orb
|move|p1b: Magmar|Overheat|p2a: Whimsicott
|-supereffective|p2a: Whimsicott
|-damage|p2a: Whimsicott|0 fnt
|-unboost|p1b: Magmar|spa|2
|faint|p2a: Whimsicott
|
|upkeep
|inactive|ExessVGC has 30 seconds left.
|
|t:|1756158351
|switch|p2a: Archaludon|Archaludon, L50, M|100/100
|switch|p1a: Tyranitar|Tyranitar, L50, F|100/100
|-weather|Sandstorm|[from] ability: Sand Stream|[of] p1a: Tyranitar
|turn|2
|inactive|ExessVGC has 30 seconds left.
|
|t:|1756158380
|move|p1b: Magmar|Follow Me|p1b: Magmar
|-singleturn|p1b: Magmar|move: Follow Me
|move|p2a: Archaludon|Electro Shot||[still]
|-prepare|p2a: Archaludon|Electro Shot
|-boost|p2a: Archaludon|spa|1
|-enditem|p2a: Archaludon|Power Herb
|-anim|p2a: Archaludon|Electro Shot|p1a: Tyranitar
|-damage|p1a: Tyranitar|72/100
|move|p2b: Ursaluna|Earth Power|p1b: Magmar
|-supereffective|p1b: Magmar
|-damage|p1b: Magmar|0 fnt
|faint|p1b: Magmar
|-damage|p2b: Ursaluna|81/100|[from] item: Life Orb
|move|p1a: Tyranitar|Low Kick|p2b: Ursaluna
|-supereffective|p2b: Ursaluna
|-damage|p2b: Ursaluna|12/100
|
|-weather|Sandstorm|[upkeep]
|-damage|p2b: Ursaluna|6/100|[from] Sandstorm
|upkeep
|
|t:|1756158398
|switch|p1b: Garchomp|Garchomp, L50, F|100/100
|turn|3
|
|t:|1756158419
|-terastallize|p1a: Tyranitar|Flying
|move|p2a: Archaludon|Thunderbolt|p1a: Tyranitar
|-supereffective|p1a: Tyranitar
|-damage|p1a: Tyranitar|11/100
|move|p2b: Ursaluna|Earth Power|p1a: Tyranitar
|-immune|p1a: Tyranitar
|move|p1b: Garchomp|Scale Shot|p2a: Archaludon
|-damage|p2a: Archaludon|88/100
|-damage|p2a: Archaludon|75/100
|-crit|p2a: Archaludon
|-damage|p2a: Archaludon|53/100
|-damage|p2a: Archaludon|41/100
|-hitcount|p2a: Archaludon|4
|-unboost|p1b: Garchomp|def|1
|-boost|p1b: Garchomp|spe|1
|move|p1a: Tyranitar|Low Kick|p2a: Archaludon
|-supereffective|p2a: Archaludon
|-damage|p2a: Archaludon|0 fnt
|faint|p2a: Archaludon
|
|-weather|Sandstorm|[upkeep]
|-damage|p2b: Ursaluna|0 fnt|[from] Sandstorm
|-damage|p1a: Tyranitar|5/100|[from] Sandstorm
|faint|p2b: Ursaluna
|upkeep
|
|t:|1756158424
|switch|p2b: Garchomp|Garchomp, L50, F|100/100
|turn|4
|
|t:|1756158449
|move|p1b: Garchomp|Protect|p1b: Garchomp
|-singleturn|p1b: Garchomp|Protect
|move|p2b: Garchomp|Scale Shot|p1a: Tyranitar
|-damage|p1a: Tyranitar|0 fnt
|faint|p1a: Tyranitar
|-hitcount|p1: Tyranitar|1
|-unboost|p2b: Garchomp|def|1
|-boost|p2b: Garchomp|spe|1
|
|-weather|Sandstorm|[upkeep]
|-sideend|p2: babbonat gays|move: Tailwind
|upkeep
|turn|5
|
|t:|1756158455
|move|p2b: Garchomp|Protect|p2b: Garchomp
|-singleturn|p2b: Garchomp|Protect
|move|p1b: Garchomp|Scale Shot|p2b: Garchomp
|-activate|p2b: Garchomp|move: Protect
|
|-weather|Sandstorm|[upkeep]
|upkeep
|turn|6
|
|t:|1756158461
|move|p2b: Garchomp|Scale Shot|p1b: Garchomp
|-supereffective|p1b: Garchomp
|-damage|p1b: Garchomp|63/100
|-supereffective|p1b: Garchomp
|-damage|p1b: Garchomp|27/100
|-supereffective|p1b: Garchomp
|-damage|p1b: Garchomp|0 fnt
|faint|p1b: Garchomp
|-hitcount|p1: Garchomp|3
|
|win|babbonat gays
|raw|ExessVGC's rating: 1000 → 1000(+0 for losing)
|raw|babbonat gays's rating: 1000 → 1040(+40 for winning)
