|j|☆jagheter
|j|☆pimi19
|html|jagheterpimi19    
|uhtml|bestof|Game 2 of a best-of-3
|t:|1756448645
|gametype|doubles
|player|p1|jagheter|worker|1115
|player|p2|pimi19|101|1126
|gen|9
|tier|[Gen 9] VGC 2025 Reg H (Bo3)
|rated|
|rule|Species Clause: Limit one of each Pokémon
|rule|Item Clause: Limit 1 of each item
|clearpoke
|poke|p1|Venusaur, L50, F|
|poke|p1|Volcarona, L50, F|
|poke|p1|Incineroar, L50, M|
|poke|p1|Grimmsnarl, L50, M|
|poke|p1|Dondozo, L50, M|
|poke|p1|Rillaboom, L50, F|
|poke|p2|Ninetales-Alola, L50, F|
|poke|p2|Gholdengo, L50|
|poke|p2|Rillaboom, L50, M|
|poke|p2|Incineroar, L50, F|
|poke|p2|Dragonite, L50, M|
|poke|p2|Sneasler, L50, F|
|teampreview|4
|showteam|p1|Venusaur||WideLens|Chlorophyll|SleepPowder,Protect,SludgeBomb,EarthPower|||F|||50|,,,,,Ghost]Volcarona||CovertCloak|FlameBody|FieryDance,GigaDrain,QuiverDance,Protect|||F|||50|,,,,,Dragon]Incineroar||MirrorHerb|Intimidate|FakeOut,KnockOff,Taunt,FlareBlitz|||M|||50|,,,,,Ghost]Grimmsnarl||BlackGlasses|Prankster|Reflect,LightScreen,SpiritBreak,SuckerPunch|||M|||50|,,,,,Dark]Dondozo||Leftovers|Unaware|Fissure,Protect,Liquidation,Yawn|||M|||50|,,,,,Ghost]Rillaboom||AssaultVest|GrassySurge|FakeOut,WoodHammer,GrassyGlide,Uturn|||F|||50|,,,,,Fire
|showteam|p2|Ninetales-Alola||CovertCloak|SnowWarning|Blizzard,Moonblast,AuroraVeil,Protect|||F|||50|,,,,,Ghost]Gholdengo||Leftovers|GoodasGold|ShadowBall,MakeItRain,NastyPlot,Protect||||||50|,,,,,Fairy]Rillaboom||AssaultVest|GrassySurge|WoodHammer,GrassyGlide,Uturn,FakeOut|||M|||50|,,,,,Fire]Incineroar||SafetyGoggles|Intimidate|PartingShot,KnockOff,FlareBlitz,FakeOut|||F|||50|,,,,,Bug]Dragonite||LoadedDice|Multiscale|ScaleShot,Tailwind,Haze,Protect|||M|||50|,,,,,Flying]Sneasler||FocusSash|PoisonTouch|ThroatChop,DireClaw,CloseCombat,Protect|||F|||50|,,,,,Dark
|inactive|Battle timer is ON: inactive players will automatically lose when time's up. (requested by pimi19)
|
|t:|1756448683
|teamsize|p1|4
|teamsize|p2|4
|start
|switch|p1a: Incineroar|Incineroar, L50, M, shiny|100/100
|switch|p1b: Volcarona|Volcarona, L50, F, shiny|100/100
|switch|p2a: Gholdengo|Gholdengo, L50|100/100
|switch|p2b: Incineroar|Incineroar, L50, F|100/100
|-ability|p1a: Incineroar|Intimidate|boost
|-unboost|p2a: Gholdengo|atk|1
|-unboost|p2b: Incineroar|atk|1
|-ability|p2b: Incineroar|Intimidate|boost
|-unboost|p1a: Incineroar|atk|1
|-unboost|p1b: Volcarona|atk|1
|turn|1
|
|t:|1756448701
|move|p1b: Volcarona|Quiver Dance|p1b: Volcarona
|-boost|p1b: Volcarona|spa|1
|-boost|p1b: Volcarona|spd|1
|-boost|p1b: Volcarona|spe|1
|move|p2a: Gholdengo|Nasty Plot|p2a: Gholdengo
|-boost|p2a: Gholdengo|spa|2
|-enditem|p1a: Incineroar|Mirror Herb
|-boost|p1a: Incineroar|spa|2|[from] item: Mirror Herb
|move|p1a: Incineroar|Taunt|p2b: Incineroar
|-start|p2b: Incineroar|move: Taunt
|move|p2b: Incineroar|Flare Blitz|p1b: Volcarona
|-damage|p1b: Volcarona|67/100
|-damage|p2b: Incineroar|90/100|[from] Recoil
|
|upkeep
|turn|2
|
|t:|1756448721
|switch|p2b: Dragonite|Dragonite, L50, M|100/100
|-terastallize|p2a: Gholdengo|Fairy
|move|p1b: Volcarona|Fiery Dance|p2a: Gholdengo
|-damage|p2a: Gholdengo|44/100
|move|p2a: Gholdengo|Shadow Ball|p1b: Volcarona
|-damage|p1b: Volcarona|17/100
|move|p1a: Incineroar|Flare Blitz|p2a: Gholdengo
|-damage|p2a: Gholdengo|9/100
|-damage|p1a: Incineroar|89/100|[from] Recoil
|
|-heal|p2a: Gholdengo|15/100|[from] item: Leftovers
|upkeep
|turn|3
|j| Hackervgc
|
|t:|1756448740
|move|p2a: Gholdengo|Protect|p2a: Gholdengo
|-singleturn|p2a: Gholdengo|Protect
|move|p1b: Volcarona|Fiery Dance|p2b: Dragonite
|-resisted|p2b: Dragonite
|-damage|p2b: Dragonite|87/100
|-boost|p1b: Volcarona|spa|1
|move|p2b: Dragonite|Scale Shot|p1a: Incineroar
|-damage|p1a: Incineroar|77/100
|-damage|p1a: Incineroar|66/100
|-damage|p1a: Incineroar|55/100
|-damage|p1a: Incineroar|44/100
|-damage|p1a: Incineroar|33/100
|-hitcount|p1a: Incineroar|5
|-unboost|p2b: Dragonite|def|1
|-boost|p2b: Dragonite|spe|1
|move|p1a: Incineroar|Knock Off|p2b: Dragonite
|-damage|p2b: Dragonite|45/100
|-enditem|p2b: Dragonite|Loaded Dice|[from] move: Knock Off|[of] p1a: Incineroar
|
|-heal|p2a: Gholdengo|20/100|[from] item: Leftovers
|upkeep
|turn|4
|
|t:|1756448762
|move|p1b: Volcarona|Protect|p1b: Volcarona
|-singleturn|p1b: Volcarona|Protect
|move|p2b: Dragonite|Tailwind|p2b: Dragonite
|-sidestart|p2: pimi19|move: Tailwind
|move|p2a: Gholdengo|Make It Rain|p1b: Volcarona|[spread] p1a
|-activate|p1b: Volcarona|move: Protect
|-resisted|p1a: Incineroar
|-crit|p1a: Incineroar
|-damage|p1a: Incineroar|0 fnt
|-unboost|p2a: Gholdengo|spa|1
|faint|p1a: Incineroar
|
|-heal|p2a: Gholdengo|26/100|[from] item: Leftovers
|upkeep
|
|t:|1756448774
|switch|p1a: Dondozo|Dondozo, L50, M, shiny|100/100
|turn|5
|
|t:|1756448801
|move|p1b: Volcarona|Protect||[still]
|-fail|p1b: Volcarona
|move|p2b: Dragonite|Scale Shot|p1a: Dondozo
|-damage|p1a: Dondozo|94/100
|-damage|p1a: Dondozo|88/100
|-hitcount|p1a: Dondozo|2
|-unboost|p2b: Dragonite|def|1
|-boost|p2b: Dragonite|spe|1
|move|p2a: Gholdengo|Make It Rain|p1b: Volcarona|[spread] p1a,p1b
|-resisted|p1a: Dondozo
|-resisted|p1b: Volcarona
|-damage|p1a: Dondozo|71/100
|-damage|p1b: Volcarona|0 fnt
|-unboost|p2a: Gholdengo|spa|1
|faint|p1b: Volcarona
|move|p1a: Dondozo|Liquidation|p2a: Gholdengo
|-damage|p2a: Gholdengo|0 fnt
|faint|p2a: Gholdengo
|
|-heal|p1a: Dondozo|78/100|[from] item: Leftovers
|upkeep
|
|t:|1756448816
|switch|p1b: Grimmsnarl|Grimmsnarl, L50, M, shiny|100/100
|switch|p2a: Incineroar|Incineroar, L50, F|90/100
|-ability|p2a: Incineroar|Intimidate|boost
|-unboost|p1a: Dondozo|atk|1
|-unboost|p1b: Grimmsnarl|atk|1
|turn|6
|
|t:|1756448840
|switch|p2b: Sneasler|Sneasler, L50, F|100/100
|move|p2a: Incineroar|Fake Out|p1a: Dondozo
|-damage|p1a: Dondozo|72/100
|move|p1b: Grimmsnarl|Sucker Punch||[still]
|-fail|p1b: Grimmsnarl
|cant|p1a: Dondozo|flinch
|
|-heal|p1a: Dondozo|78/100|[from] item: Leftovers
|upkeep
|turn|7
|
|t:|1756448862
|move|p1b: Grimmsnarl|Reflect|p1b: Grimmsnarl
|-sidestart|p1: jagheter|Reflect
|move|p2b: Sneasler|Dire Claw|p1b: Grimmsnarl
|-supereffective|p1b: Grimmsnarl
|-damage|p1b: Grimmsnarl|38/100
|move|p2a: Incineroar|Knock Off|p1a: Dondozo
|-damage|p1a: Dondozo|65/100
|-enditem|p1a: Dondozo|Leftovers|[from] move: Knock Off|[of] p2a: Incineroar
|move|p1a: Dondozo|Liquidation|p2b: Sneasler
|-damage|p2b: Sneasler|66/100
|
|-sideend|p2: pimi19|move: Tailwind
|upkeep
|turn|8
|
|t:|1756448879
|move|p1b: Grimmsnarl|Sucker Punch|p2b: Sneasler
|-resisted|p2b: Sneasler
|-crit|p2b: Sneasler
|-damage|p2b: Sneasler|8/100
|move|p2b: Sneasler|Dire Claw|p1b: Grimmsnarl
|-supereffective|p1b: Grimmsnarl
|-damage|p1b: Grimmsnarl|0 fnt
|faint|p1b: Grimmsnarl
|move|p2a: Incineroar|Parting Shot|p1a: Dondozo
|-unboost|p1a: Dondozo|atk|1
|-unboost|p1a: Dondozo|spa|1
|
|t:|1756448887
|switch|p2a: Dragonite|Dragonite, L50, M|45/100|[from] Parting Shot
|move|p1a: Dondozo|Liquidation|p2b: Sneasler
|-damage|p2b: Sneasler|0 fnt
|faint|p2b: Sneasler
|
|upkeep
|
|t:|1756448890
|switch|p2b: Incineroar|Incineroar, L50, F|90/100
|-ability|p2b: Incineroar|Intimidate|boost
|-unboost|p1a: Dondozo|atk|1
|turn|9
|
|t:|1756448897
|-terastallize|p1a: Dondozo|Ghost
|move|p2b: Incineroar|Fake Out|p1a: Dondozo
|-immune|p1a: Dondozo
|move|p2a: Dragonite|Scale Shot|p1a: Dondozo|[miss]
|-miss|p2a: Dragonite|p1a: Dondozo
|move|p1a: Dondozo|Yawn|p2b: Incineroar
|-start|p2b: Incineroar|move: Yawn|[of] p1a: Dondozo
|
|upkeep
|turn|10
|
|t:|1756448904
|move|p1a: Dondozo|Protect|p1a: Dondozo
|-singleturn|p1a: Dondozo|Protect
|move|p2a: Dragonite|Scale Shot|p1a: Dondozo
|-activate|p1a: Dondozo|move: Protect
|move|p2b: Incineroar|Knock Off|p1a: Dondozo
|-activate|p1a: Dondozo|move: Protect
|
|-end|p2b: Incineroar|move: Yawn|[silent]
|-status|p2b: Incineroar|slp
|upkeep
|turn|11
|
|t:|1756448914
|move|p2a: Dragonite|Scale Shot|p1a: Dondozo
|-damage|p1a: Dondozo|61/100
|-damage|p1a: Dondozo|57/100
|-hitcount|p1a: Dondozo|2
|-unboost|p2a: Dragonite|def|1
|-boost|p2a: Dragonite|spe|1
|cant|p2b: Incineroar|slp
|move|p1a: Dondozo|Fissure|p2b: Incineroar
|-damage|p2b: Incineroar|0 fnt
|faint|p2b: Incineroar
|-ohko
|
|-sideend|p1: jagheter|Reflect
|upkeep
|turn|12
|
|t:|1756448921
|move|p2a: Dragonite|Scale Shot|p1a: Dondozo
|-damage|p1a: Dondozo|50/100
|-damage|p1a: Dondozo|43/100
|-damage|p1a: Dondozo|36/100
|-damage|p1a: Dondozo|30/100
|-hitcount|p1a: Dondozo|4
|-unboost|p2a: Dragonite|def|1
|-boost|p2a: Dragonite|spe|1
|move|p1a: Dondozo|Yawn|p2a: Dragonite
|-start|p2a: Dragonite|move: Yawn|[of] p1a: Dondozo
|
|upkeep
|turn|13
|
|t:|1756448926
|move|p1a: Dondozo|Protect|p1a: Dondozo
|-singleturn|p1a: Dondozo|Protect
|move|p2a: Dragonite|Scale Shot|p1a: Dondozo
|-activate|p1a: Dondozo|move: Protect
|
|-end|p2a: Dragonite|move: Yawn|[silent]
|-status|p2a: Dragonite|slp
|upkeep
|turn|14
|l| Hackervgc
|
|t:|1756448950
|cant|p2a: Dragonite|slp
|move|p1a: Dondozo|Liquidation|p2a: Dragonite
|-resisted|p2a: Dragonite
|-crit|p2a: Dragonite
|-damage|p2a: Dragonite|27/100 slp
|
|upkeep
|turn|15
|
|t:|1756448970
|-curestatus|p2a: Dragonite|slp|[msg]
|move|p2a: Dragonite|Scale Shot|p1a: Dondozo
|-damage|p1a: Dondozo|24/100
|-crit|p1a: Dondozo
|-damage|p1a: Dondozo|14/100
|-damage|p1a: Dondozo|8/100
|-hitcount|p1a: Dondozo|3
|-unboost|p2a: Dragonite|def|1
|-boost|p2a: Dragonite|spe|1
|move|p1a: Dondozo|Liquidation|p2a: Dragonite
|-resisted|p2a: Dragonite
|-damage|p2a: Dragonite|22/100
|
|upkeep
|turn|16
|
|t:|1756448987
|move|p1a: Dondozo|Protect|p1a: Dondozo
|-singleturn|p1a: Dondozo|Protect
|move|p2a: Dragonite|Scale Shot|p1a: Dondozo
|-activate|p1a: Dondozo|move: Protect
|
|upkeep
|turn|17
|
|t:|1756448994
|move|p2a: Dragonite|Scale Shot|p1a: Dondozo
|-damage|p1a: Dondozo|0 fnt
|faint|p1a: Dondozo
|-hitcount|p1: Dondozo|1
|
|win|pimi19
||pimi19 is ready for game 3.
