|j|☆ApeEnjoyerr
|j|☆anonymous moniker
|html|ApeEnjoyerranonymous moniker    
|uhtml|bestof|Game 2 of a best-of-3
|t:|1756210483
|gametype|doubles
|player|p1|ApeEnjoyerr|backersf|1124
|player|p2|anonymous moniker|caitlin|1103
|gen|9
|tier|[Gen 9] VGC 2025 Reg H (Bo3)
|rated|
|rule|Species Clause: Limit one of each Pokémon
|rule|Item Clause: Limit 1 of each item
|clearpoke
|poke|p1|Archaludon, L50, M|
|poke|p1|Dragonite, L50, M|
|poke|p1|Incineroar, L50, F|
|poke|p1|Pelipper, L50, F|
|poke|p1|Sinistcha-Masterpiece, L50|
|poke|p1|Ursaluna, L50, F|
|poke|p2|Pelipper, L50, F|
|poke|p2|Archaludon, L50, M|
|poke|p2|Incineroar, L50, F|
|poke|p2|Maushold-Four, L50|
|poke|p2|Rillaboom, L50, F|
|poke|p2|Amoonguss, L50, F|
|teampreview|4
|showteam|p1|Archaludon||AssaultVest|Stamina|FlashCannon,ElectroShot,BodyPress,Snarl|||M|||50|,,,,,Fighting]Dragonite||LoadedDice|Multiscale|ScaleShot,Haze,Tailwind,Protect|||M|||50|,,,,,Fairy]Incineroar||SafetyGoggles|Intimidate|FlareBlitz,KnockOff,FakeOut,PartingShot|||F|||50|,,,,,Ghost]Pelipper||ChoiceScarf|Drizzle|WeatherBall,Hurricane,MuddyWater,Uturn|||F|||50|,,,,,Water]Sinistcha-Masterpiece||SitrusBerry|Hospitality|MatchaGotcha,RagePowder,TrickRoom,LifeDew||||||50|,,,,,Water]Ursaluna||FlameOrb|Guts|HeadlongRush,Facade,Earthquake,Protect|||F|||50|,,,,,Ghost
|showteam|p2|Pelipper||FocusSash|Drizzle|Protect,Tailwind,Hurricane,WeatherBall|||F|||50|,,,,,Ground]Archaludon||AssaultVest|Stamina|Snarl,ElectroShot,BodyPress,DracoMeteor|||M|||50|,,,,,Bug]Incineroar||SafetyGoggles|Intimidate|PartingShot,FakeOut,Taunt,KnockOff|||F|||50|,,,,,Ghost]Maushold-Four||WideLens|FriendGuard|Protect,FollowMe,PopulationBomb,ThunderWave||||||50|,,,,,Ghost]Rillaboom||ChoiceBand|GrassySurge|Uturn,GrassyGlide,HighHorsepower,WoodHammer|||F|||50|,,,,,Fire]Amoonguss||RockyHelmet|Regenerator|PollenPuff,Spore,RagePowder,Protect|||F|||50|,,,,,Water
|inactive|Battle timer is ON: inactive players will automatically lose when time's up. (requested by anonymous moniker)
|
|t:|1756210514
|teamsize|p1|4
|teamsize|p2|4
|start
|switch|p1a: Archaludon|Archaludon, L50, M|100/100
|switch|p1b: Dragonite|Dragonite, L50, M|100/100
|switch|p2a: Incineroar|Incineroar, L50, F|100/100
|switch|p2b: Maushold|Maushold-Four, L50|100/100
|-ability|p2a: Incineroar|Intimidate|boost
|-unboost|p1a: Archaludon|atk|1
|-unboost|p1b: Dragonite|atk|1
|turn|1
|inactive|ApeEnjoyerr has 30 seconds left.
|inactive|ApeEnjoyerr has 20 seconds left.
|inactive|ApeEnjoyerr has 15 seconds left.
|
|t:|1756210556
|move|p2a: Incineroar|Fake Out|p1b: Dragonite
|-damage|p1b: Dragonite|95/100
|move|p2b: Maushold|Thunder Wave|p1a: Archaludon
|-status|p1a: Archaludon|par
|cant|p1b: Dragonite|flinch
|move|p1a: Archaludon|Body Press|p2b: Maushold
|-supereffective|p2b: Maushold
|-damage|p2b: Maushold|16/100
|
|upkeep
|turn|2
|
|t:|1756210577
|switch|p2a: Archaludon|Archaludon, L50, M|100/100
|move|p2b: Maushold|Population Bomb|p2a: Archaludon
|-resisted|p2a: Archaludon
|-damage|p2a: Archaludon|98/100
|-ability|p2a: Archaludon|Stamina|boost
|-boost|p2a: Archaludon|def|1
|-resisted|p2a: Archaludon
|-crit|p2a: Archaludon
|-damage|p2a: Archaludon|95/100
|-ability|p2a: Archaludon|Stamina|boost
|-boost|p2a: Archaludon|def|1
|-resisted|p2a: Archaludon
|-damage|p2a: Archaludon|94/100
|-ability|p2a: Archaludon|Stamina|boost
|-boost|p2a: Archaludon|def|1
|-resisted|p2a: Archaludon
|-damage|p2a: Archaludon|93/100
|-ability|p2a: Archaludon|Stamina|boost
|-boost|p2a: Archaludon|def|1
|-resisted|p2a: Archaludon
|-damage|p2a: Archaludon|93/100
|-ability|p2a: Archaludon|Stamina|boost
|-boost|p2a: Archaludon|def|1
|-resisted|p2a: Archaludon
|-damage|p2a: Archaludon|92/100
|-ability|p2a: Archaludon|Stamina|boost
|-boost|p2a: Archaludon|def|1
|-resisted|p2a: Archaludon
|-damage|p2a: Archaludon|92/100
|-resisted|p2a: Archaludon
|-damage|p2a: Archaludon|91/100
|-resisted|p2a: Archaludon
|-damage|p2a: Archaludon|91/100
|-resisted|p2a: Archaludon
|-crit|p2a: Archaludon
|-damage|p2a: Archaludon|87/100
|-hitcount|p2a: Archaludon|10
|move|p1b: Dragonite|Scale Shot|p1a: Archaludon
|-crit|p1a: Archaludon
|-damage|p1a: Archaludon|87/100 par
|-ability|p1a: Archaludon|Stamina|boost
|-boost|p1a: Archaludon|def|1
|-damage|p1a: Archaludon|82/100 par
|-ability|p1a: Archaludon|Stamina|boost
|-boost|p1a: Archaludon|def|1
|-damage|p1a: Archaludon|79/100 par
|-ability|p1a: Archaludon|Stamina|boost
|-boost|p1a: Archaludon|def|1
|-damage|p1a: Archaludon|76/100 par
|-ability|p1a: Archaludon|Stamina|boost
|-boost|p1a: Archaludon|def|1
|-hitcount|p1a: Archaludon|4
|-unboost|p1b: Dragonite|def|1
|-boost|p1b: Dragonite|spe|1
|move|p1a: Archaludon|Body Press|p2a: Archaludon
|-supereffective|p2a: Archaludon
|-damage|p2a: Archaludon|65/100
|
|upkeep
|turn|3
|inactive|anonymous moniker has 30 seconds left.
|
|t:|1756210613
|switch|p2b: Amoonguss|Amoonguss, L50, F|100/100
|-terastallize|p1a: Archaludon|Fighting
|move|p1b: Dragonite|Haze|p1b: Dragonite
|-clearallboost
|move|p2a: Archaludon|Body Press|p1a: Archaludon
|-damage|p1a: Archaludon|60/100 par
|-ability|p1a: Archaludon|Stamina|boost
|-boost|p1a: Archaludon|def|1
|move|p1a: Archaludon|Body Press|p2b: Amoonguss
|-resisted|p2b: Amoonguss
|-damage|p2b: Amoonguss|74/100
|-damage|p1a: Archaludon|44/100 par|[from] item: Rocky Helmet|[of] p2b: Amoonguss
|
|upkeep
|turn|4
|inactive|anonymous moniker has 30 seconds left.
|
|t:|1756210645
|switch|p1b: Sinistcha|Sinistcha-Masterpiece, L50|100/100
|-heal|p1a: Archaludon|69/100 par|[from] ability: Hospitality|[of] p1b: Sinistcha
|move|p2b: Amoonguss|Rage Powder|p2b: Amoonguss
|-singleturn|p2b: Amoonguss|move: Rage Powder
|move|p2a: Archaludon|Draco Meteor|p1a: Archaludon
|-damage|p1a: Archaludon|30/100 par
|-unboost|p2a: Archaludon|spa|2
|-ability|p1a: Archaludon|Stamina|boost
|-boost|p1a: Archaludon|def|1
|move|p1a: Archaludon|Body Press|p2b: Amoonguss
|-resisted|p2b: Amoonguss
|-damage|p2b: Amoonguss|41/100
|-damage|p1a: Archaludon|14/100 par|[from] item: Rocky Helmet|[of] p2b: Amoonguss
|
|upkeep
|turn|5
|inactive|ApeEnjoyerr has 30 seconds left.
|inactive|anonymous moniker has 30 seconds left.
|inactive|anonymous moniker has 20 seconds left.
|inactive|anonymous moniker has 15 seconds left.
|inactive|anonymous moniker has 10 seconds left.
|inactive|anonymous moniker has 5 seconds left.
|
|t:|1756210699
|switch|p2a: Maushold|Maushold-Four, L50|16/100
|switch|p1a: Incineroar|Incineroar, L50, F|100/100
|-ability|p1a: Incineroar|Intimidate|boost
|-unboost|p2a: Maushold|atk|1
|-unboost|p2b: Amoonguss|atk|1
|switch|p2b: Incineroar|Incineroar, L50, F|100/100
|-ability|p2b: Incineroar|Intimidate|boost
|-unboost|p1a: Incineroar|atk|1
|-unboost|p1b: Sinistcha|atk|1
|move|p1b: Sinistcha|Matcha Gotcha|p2b: Incineroar|[spread] p2a,p2b
|-resisted|p2b: Incineroar
|-damage|p2a: Maushold|0 fnt
|-damage|p2b: Incineroar|92/100
|faint|p2a: Maushold
|
|upkeep
|
|t:|1756210722
|switch|p2a: Amoonguss|Amoonguss, L50, F|75/100
|turn|6
|inactive|ApeEnjoyerr has 30 seconds left.
|inactive|ApeEnjoyerr has 20 seconds left.
|
|t:|1756210757
|switch|p2b: Archaludon|Archaludon, L50, M|65/100
|move|p1a: Incineroar|Fake Out|p2b: Archaludon
|-resisted|p2b: Archaludon
|-damage|p2b: Archaludon|62/100
|-ability|p2b: Archaludon|Stamina|boost
|-boost|p2b: Archaludon|def|1
|move|p1b: Sinistcha|Matcha Gotcha|p2b: Archaludon|[spread] p2b
|-miss|p1b: Sinistcha|p2a: Amoonguss
|-resisted|p2b: Archaludon
|-damage|p2b: Archaludon|58/100
|-ability|p2b: Archaludon|Stamina|boost
|-boost|p2b: Archaludon|def|1
|move|p2a: Amoonguss|Pollen Puff|p2b: Archaludon
|-heal|p2b: Archaludon|100/100
|
|upkeep
|turn|7
|inactive|anonymous moniker has 30 seconds left.
|
|t:|1756210789
|switch|p2a: Incineroar|Incineroar, L50, F|92/100
|-ability|p2a: Incineroar|Intimidate|boost
|-unboost|p1a: Incineroar|atk|1
|-unboost|p1b: Sinistcha|atk|1
|move|p1b: Sinistcha|Rage Powder|p1b: Sinistcha
|-singleturn|p1b: Sinistcha|move: Rage Powder
|move|p2b: Archaludon|Snarl|p1a: Incineroar|[spread] p1a,p1b
|-resisted|p1a: Incineroar
|-crit|p1a: Incineroar
|-supereffective|p1b: Sinistcha
|-damage|p1a: Incineroar|93/100
|-damage|p1b: Sinistcha|74/100
|-unboost|p1a: Incineroar|spa|1
|-unboost|p1b: Sinistcha|spa|1
|move|p1a: Incineroar|Knock Off|p2b: Archaludon
|-damage|p2b: Archaludon|93/100
|-ability|p2b: Archaludon|Stamina|boost
|-boost|p2b: Archaludon|def|1
|-enditem|p2b: Archaludon|Assault Vest|[from] move: Knock Off|[of] p1a: Incineroar
|
|upkeep
|turn|8
|inactive|anonymous moniker has 30 seconds left.
|
|t:|1756210818
|switch|p1b: Archaludon|Archaludon, L50, M, tera:Fighting|14/100 par
|move|p2b: Archaludon|Snarl|p1b: Archaludon|[spread] p1a,p1b
|-resisted|p1a: Incineroar
|-resisted|p1b: Archaludon
|-damage|p1a: Incineroar|88/100
|-damage|p1b: Archaludon|9/100 par
|-unboost|p1a: Incineroar|spa|1
|-unboost|p1b: Archaludon|spa|1
|-ability|p1b: Archaludon|Stamina|boost
|-boost|p1b: Archaludon|def|1
|move|p1a: Incineroar|Parting Shot|p2b: Archaludon
|-unboost|p2b: Archaludon|atk|1
|-unboost|p2b: Archaludon|spa|1
|
|t:|1756210837
|switch|p1a: Dragonite|Dragonite, L50, M|95/100|[from] Parting Shot
|move|p2a: Incineroar|Knock Off|p1b: Archaludon
|-resisted|p1b: Archaludon
|-damage|p1b: Archaludon|0 fnt
|-enditem|p1b: Archaludon|Assault Vest|[from] move: Knock Off|[of] p2a: Incineroar
|faint|p1b: Archaludon
|
|upkeep
|
|t:|1756210844
|switch|p1b: Incineroar|Incineroar, L50, F|88/100
|-ability|p1b: Incineroar|Intimidate|boost
|-unboost|p2a: Incineroar|atk|1
|-unboost|p2b: Archaludon|atk|1
|turn|9
|
|t:|1756210858
|move|p1b: Incineroar|Fake Out|p2a: Incineroar
|-damage|p2a: Incineroar|84/100
|move|p1a: Dragonite|Haze|p1a: Dragonite
|-clearallboost
|move|p2b: Archaludon|Body Press|p1b: Incineroar
|-supereffective|p1b: Incineroar
|-damage|p1b: Incineroar|44/100
|cant|p2a: Incineroar|flinch
|
|upkeep
|turn|10
|
|t:|1756210876
|move|p1a: Dragonite|Scale Shot|p2a: Incineroar
|-damage|p2a: Incineroar|73/100
|-damage|p2a: Incineroar|61/100
|-damage|p2a: Incineroar|50/100
|-damage|p2a: Incineroar|38/100
|-damage|p2a: Incineroar|27/100
|-hitcount|p2a: Incineroar|5
|-unboost|p1a: Dragonite|def|1
|-boost|p1a: Dragonite|spe|1
|move|p2b: Archaludon|Draco Meteor|p1a: Dragonite
|-supereffective|p1a: Dragonite
|-damage|p1a: Dragonite|0 fnt
|-unboost|p2b: Archaludon|spa|2
|faint|p1a: Dragonite
|move|p1b: Incineroar|Parting Shot|p2b: Archaludon
|-unboost|p2b: Archaludon|atk|1
|-unboost|p2b: Archaludon|spa|1
|
|t:|1756210887
|switch|p1b: Sinistcha|Sinistcha-Masterpiece, L50|74/100|[from] Parting Shot
|move|p2a: Incineroar|Parting Shot|p1b: Sinistcha
|-unboost|p1b: Sinistcha|atk|1
|-unboost|p1b: Sinistcha|spa|1
|
|t:|1756210898
|switch|p2a: Amoonguss|Amoonguss, L50, F|100/100|[from] Parting Shot
|
|upkeep
|
|t:|1756210903
|switch|p1a: Incineroar|Incineroar, L50, F|44/100
|-ability|p1a: Incineroar|Intimidate|boost
|-unboost|p2a: Amoonguss|atk|1
|-unboost|p2b: Archaludon|atk|1
|turn|11
|
|t:|1756210908
|switch|p2b: Incineroar|Incineroar, L50, F|27/100
|-ability|p2b: Incineroar|Intimidate|boost
|-unboost|p1a: Incineroar|atk|1
|-unboost|p1b: Sinistcha|atk|1
|move|p1b: Sinistcha|Rage Powder|p1b: Sinistcha
|-singleturn|p1b: Sinistcha|move: Rage Powder
|move|p1a: Incineroar|Flare Blitz|p2a: Amoonguss
|-supereffective|p2a: Amoonguss
|-damage|p2a: Amoonguss|46/100
|-damage|p1a: Incineroar|27/100|[from] item: Rocky Helmet|[of] p2a: Amoonguss
|-damage|p1a: Incineroar|7/100|[from] Recoil
|move|p2a: Amoonguss|Pollen Puff|p2b: Incineroar
|-heal|p2b: Incineroar|77/100
|
|upkeep
|turn|12
|
|t:|1756210927
|switch|p2a: Archaludon|Archaludon, L50, M|93/100
|move|p1a: Incineroar|Fake Out||[still]
|-hint|Fake Out only works on your first turn out.
|-fail|p1a: Incineroar
|move|p1b: Sinistcha|Life Dew|p1b: Sinistcha|[spread] p1a,p1b
|-heal|p1a: Incineroar|32/100
|-heal|p1b: Sinistcha|99/100
|move|p2b: Incineroar|Knock Off|p1a: Incineroar
|-resisted|p1a: Incineroar
|-damage|p1a: Incineroar|16/100
|-enditem|p1a: Incineroar|Safety Goggles|[from] move: Knock Off|[of] p2b: Incineroar
|
|upkeep
|turn|13
|
|t:|1756210943
|move|p2a: Archaludon|Draco Meteor|p1a: Incineroar
|-damage|p1a: Incineroar|0 fnt
|-unboost|p2a: Archaludon|spa|2
|faint|p1a: Incineroar
|move|p1b: Sinistcha|Matcha Gotcha|p2b: Incineroar|[spread] p2a,p2b
|-resisted|p2a: Archaludon
|-resisted|p2b: Incineroar
|-damage|p2a: Archaludon|89/100
|-heal|p1b: Sinistcha|100/100|[from] drain|[of] p2a: Archaludon
|-damage|p2b: Incineroar|70/100
|-ability|p2a: Archaludon|Stamina|boost
|-boost|p2a: Archaludon|def|1
|move|p2b: Incineroar|Knock Off|p1b: Sinistcha
|-supereffective|p1b: Sinistcha
|-damage|p1b: Sinistcha|36/100
|-enditem|p1b: Sinistcha|Sitrus Berry|[from] move: Knock Off|[of] p2b: Incineroar
|
|upkeep
|turn|14
|
|t:|1756210961
|switch|p2a: Amoonguss|Amoonguss, L50, F|79/100
|move|p1b: Sinistcha|Rage Powder|p1b: Sinistcha
|-singleturn|p1b: Sinistcha|move: Rage Powder
|move|p2b: Incineroar|Knock Off|p1b: Sinistcha
|-supereffective|p1b: Sinistcha
|-damage|p1b: Sinistcha|0 fnt
|faint|p1b: Sinistcha
|
|win|anonymous moniker
||anonymous moniker is ready for game 3.
|inactive|ApeEnjoyerr has 30 seconds to confirm battle start!
|inactive|ApeEnjoyerr has 19 seconds to confirm battle start!
||ApeEnjoyerr is ready for game 3.
|uhtml|next|Next: Game 3 of 3
|l|☆anonymous moniker
|player|p2|
