|j|â˜†GWLucari0
|j|â˜†ClumbsyLilBeach
|html|GWLucari0ClumbsyLilBeach    
|uhtml|bestof|Game 1 of a best-of-3
|t:|1785443195
|gametype|doubles
|player|p1|GWLucari0|steven|1094
|player|p2|ClumbsyLilBeach|102|1106
|gen|9
|tier|[Gen 9 Champions] VGC 2026 Reg M-B (Bo3)
|rated|
|rule|Species Clause: Limit one of each PokÃ©mon
|rule|Item Clause: Limit 1 of each item
|clearpoke
|poke|p1|Steelix, L50, M, shiny|
|poke|p1|Sinistcha-Masterpiece, L50|
|poke|p1|Sneasler, L50, M|
|poke|p1|Tyranitar, L50, M|
|poke|p1|Cofagrigus, L50, M|
|poke|p1|Sableye, L50, M|
|poke|p2|Charizard, L50, M|
|poke|p2|Talonflame, L50, M|
|poke|p2|Pelipper, L50, F|
|poke|p2|Gliscor, L50, F, shiny|
|poke|p2|Gyarados, L50, F|
|poke|p2|Corviknight, L50, F|
|teampreview|4
|showteam|p1|Steelix||Steelixite|Sturdy|HighHorsepower,HeavySlam,WideGuard,Protect|Adamant||M|||50|]Sinistcha-Masterpiece||BigRoot|Hospitality|MatchaGotcha,StrengthSap,RagePowder,TrickRoom|Modest|||||50|]Sneasler||WhiteHerb|Unburden|CloseCombat,DireClaw,FakeOut,Acrobatics|Adamant||M|||50|]Tyranitar||SmoothRock|SandStream|KnockOff,RockSlide,DragonDance,Protect|Adamant||M|||50|]Cofagrigus||Leftovers|Mummy|TrickRoom,WillOWisp,Protect,ShadowBall|Quiet||M|||50|]Sableye||LightClay|Prankster|Recover,LightScreen,Reflect,Encore|Impish||M|||50|
|showteam|p2|Charizard||CharizarditeY|Blaze|Protect,WeatherBall,HeatWave,SolarBeam|Bold||M|||50|]Talonflame||FocusSash|GaleWings|DualWingbeat,Tailwind,QuickGuard,Taunt|Jolly||M|||50|]Pelipper||SitrusBerry|Drizzle|WideGuard,Hurricane,Tailwind,WeatherBall|Modest||F|||50|]Gliscor||ChoiceScarf|HyperCutter|HighHorsepower,RockSlide,Uturn,PoisonJab|Jolly||F|||50|]Gyarados||Gyaradosite|Intimidate|Protect,Waterfall,Crunch,Earthquake|Adamant||F|||50|]Corviknight||Leftovers|MirrorArmor|BodyPress,IronHead,IronDefense,Protect|Impish||F|||50|
|inactive|Battle timer is ON: inactive players will automatically lose when time's up. (requested by GWLucari0)
|
|t:|1785443254
|teamsize|p1|4
|teamsize|p2|4
|start
|switch|p1a: Steelix|Steelix, L50, M, shiny|100/100
|switch|p1b: Cofagrigus|Cofagrigus, L50, M|100/100
|switch|p2a: Corviknight|Corviknight, L50, F|100/100
|switch|p2b: Talonflame|Talonflame, L50, M|100/100
|turn|1
|
|t:|1785443277
|detailschange|p1a: Steelix|Steelix-Mega, L50, M, shiny
|-mega|p1a: Steelix|Steelix|Steelixite
|move|p1a: Steelix|Protect|p1a: Steelix
|-singleturn|p1a: Steelix|Protect
|move|p2b: Talonflame|Taunt|p1b: Cofagrigus
|-start|p1b: Cofagrigus|move: Taunt
|move|p2a: Corviknight|Iron Defense|p2a: Corviknight
|-boost|p2a: Corviknight|def|2
|cant|p1b: Cofagrigus|move: Taunt|Trick Room
|
|upkeep
|turn|2
|inactive|GWLucari0 has 30 seconds left.
|inactive|GWLucari0 has 20 seconds left.
|
|t:|1785443316
|switch|p2b: Gliscor|Gliscor, L50, F, shiny|100/100
|switch|p1a: Sableye|Sableye, L50, M|100/100
|move|p2a: Corviknight|Iron Defense|p2a: Corviknight
|-boost|p2a: Corviknight|def|2
|move|p1b: Cofagrigus|Shadow Ball|p2b: Gliscor
|-damage|p2b: Gliscor|55/100
|
|upkeep
|turn|3
|
|t:|1785443337
|switch|p2b: Talonflame|Talonflame, L50, M|100/100
|move|p2a: Corviknight|Protect|p2a: Corviknight
|-singleturn|p2a: Corviknight|Protect
|move|p1a: Sableye|Reflect|p1a: Sableye
|-sidestart|p1: GWLucari0|Reflect
|move|p1b: Cofagrigus|Shadow Ball|p2a: Corviknight
|-activate|p2a: Corviknight|move: Protect
|
|-end|p1b: Cofagrigus|move: Taunt
|upkeep
|turn|4
|inactive|GWLucari0 has 30 seconds left.
|inactive|GWLucari0 has 20 seconds left.
|
|t:|1785443374
|move|p2b: Talonflame|Quick Guard|p2b: Talonflame
|-singleturn|p2b: Talonflame|Quick Guard
|move|p1a: Sableye|Encore|p2b: Talonflame
|-activate|p2b: Talonflame|move: Quick Guard
|move|p2a: Corviknight|Iron Head|p1b: Cofagrigus
|-damage|p1b: Cofagrigus|86/100
|-activate|p1b: Cofagrigus|ability: Mummy|p2a: Corviknight|[ability] Mirror Armor
|move|p1b: Cofagrigus|Shadow Ball|p2b: Talonflame
|-damage|p2b: Talonflame|50/100g
|
|-heal|p1b: Cofagrigus|92/100|[from] item: Leftovers
|upkeep
|turn|5
|inactive|GWLucari0 has 30 seconds left.
|inactive|GWLucari0 has 20 seconds left.
|
|t:|1785443410
|move|p1a: Sableye|Encore|p2b: Talonflame
|-start|p2b: Talonflame|Encore
|move|p2b: Talonflame|Quick Guard|p2b: Talonflame
|-singleturn|p2b: Talonflame|Quick Guard
|move|p2a: Corviknight|Iron Head|p1a: Sableye
|-damage|p1a: Sableye|82/100
|move|p1b: Cofagrigus|Shadow Ball|p2a: Corviknight
|-damage|p2a: Corviknight|69/100
|
|-heal|p2a: Corviknight|75/100|[from] item: Leftovers
|-heal|p1b: Cofagrigus|98/100|[from] item: Leftovers
|upkeep
|turn|6
|
|t:|1785443429
|move|p2b: Talonflame|Quick Guard|p2b: Talonflame
|-singleturn|p2b: Talonflame|Quick Guard
|move|p1a: Sableye|Light Screen|p1a: Sableye
|-sidestart|p1: GWLucari0|move: Light Screen
|move|p2a: Corviknight|Iron Head|p1a: Sableye
|-damage|p1a: Sableye|65/100
|move|p1b: Cofagrigus|Shadow Ball|p2b: Talonflame
|-damage|p2b: Talonflame|0 fnt
|faint|p2b: Talonflame
|
|-heal|p2a: Corviknight|81/100|[from] item: Leftovers
|-heal|p1b: Cofagrigus|100/100|[from] item: Leftovers
|upkeep
|
|t:|1785443442
|switch|p2b: Charizard|Charizard, L50, M|100/100
|turn|7
|inactive|ClumbsyLilBeach has 30 seconds left.
|
|t:|1785443470
|detailschange|p2b: Charizard|Charizard-Mega-Y, L50, M
|-mega|p2b: Charizard|Charizard|Charizardite Y
|-weather|SunnyDay|[from] ability: Drought|[of] p2b: Charizard
|move|p1a: Sableye|Recover|p1a: Sableye
|-heal|p1a: Sableye|100/100
|move|p2b: Charizard|Weather Ball|p1b: Cofagrigus
|-damage|p1b: Cofagrigus|54/100
|move|p2a: Corviknight|Iron Head|p1b: Cofagrigus
|-damage|p1b: Cofagrigus|40/100
|move|p1b: Cofagrigus|Trick Room|p1b: Cofagrigus
|-fieldstart|move: Trick Room|[of] p1b: Cofagrigus
|
|-weather|SunnyDay|[upkeep]
|-heal|p1b: Cofagrigus|46/100|[from] item: Leftovers
|-heal|p2a: Corviknight|87/100|[from] item: Leftovers
|upkeep
|turn|8
|inactive|GWLucari0 has 30 seconds left.
|inactive|ClumbsyLilBeach has 30 seconds left.
|inactive|GWLucari0 has 20 seconds left.
|inactive|GWLucari0 has 15 seconds left.
|
|t:|1785443511
|switch|p1a: Tyranitar|Tyranitar, L50, M|100/100
|-weather|Sandstorm|[from] ability: Sand Stream|[of] p1a: Tyranitar
|move|p1b: Cofagrigus|Will-O-Wisp|p2a: Corviknight
|-status|p2a: Corviknight|brn
|move|p2a: Corviknight|Iron Head|p1a: Tyranitar
|-supereffective|p1a: Tyranitar|1
|-crit|p1a: Tyranitar
|-damage|p1a: Tyranitar|63/100
|move|p2b: Charizard|Weather Ball|p1a: Tyranitar
|-damage|p1a: Tyranitar|47/100
|
|-weather|Sandstorm|[upkeep]
|-damage|p1b: Cofagrigus|40/100|[from] Sandstorm
|-damage|p2b: Charizard|94/100|[from] Sandstorm
|-heal|p1b: Cofagrigus|46/100|[from] item: Leftovers
|-heal|p2a: Corviknight|93/100 brn|[from] item: Leftovers
|-damage|p2a: Corviknight|87/100 brn|[from] brn
|upkeep
|turn|9
|inactive|GWLucari0 has 30 seconds left.
|
|t:|1785443536
|move|p2b: Charizard|Protect|p2b: Charizard
|-singleturn|p2b: Charizard|Protect
|move|p1b: Cofagrigus|Shadow Ball|p2a: Corviknight
|-damage|p2a: Corviknight|61/100 brn
|-unboost|p2a: Corviknight|spd|1
|move|p2a: Corviknight|Body Press|p1a: Tyranitar
|-supereffective|p1a: Tyranitar|2
|-crit|p1a: Tyranitar
|-damage|p1a: Tyranitar|0 fnt
|faint|p1a: Tyranitar
|
|-weather|Sandstorm|[upkeep]
|-damage|p1b: Cofagrigus|40/100|[from] Sandstorm
|-damage|p2b: Charizard|88/100|[from] Sandstorm
|-heal|p1b: Cofagrigus|46/100|[from] item: Leftovers
|-heal|p2a: Corviknight|67/100 brn|[from] item: Leftovers
|-damage|p2a: Corviknight|61/100 brn|[from] brn
|upkeep
|
|t:|1785443554
|switch|p1a: Sableye|Sableye, L50, M|100/100
|turn|10
|
|t:|1785443573
|move|p1a: Sableye|Encore|p2a: Corviknight
|-start|p2a: Corviknight|Encore
|move|p1b: Cofagrigus|Shadow Ball|p2b: Charizard
|-damage|p2b: Charizard|60/100
|move|p2a: Corviknight|Body Press|p1a: Sableye
|-immune|p1a: Sableye
|move|p2b: Charizard|Heat Wave|p1a: Sableye|[spread] p1a,p1b
|-damage|p1a: Sableye|61/100
|-damage|p1b: Cofagrigus|22/100
|
|-weather|Sandstorm|[upkeep]
|-damage|p1b: Cofagrigus|16/100|[from] Sandstorm
|-damage|p1a: Sableye|56/100|[from] Sandstorm
|-damage|p2b: Charizard|54/100|[from] Sandstorm
|-heal|p1b: Cofagrigus|22/100|[from] item: Leftovers
|-heal|p2a: Corviknight|67/100 brn|[from] item: Leftovers
|-damage|p2a: Corviknight|61/100 brn|[from] brn
|-sideend|p1: GWLucari0|Reflect
|upkeep
|turn|11
|inactive|GWLucari0 has 30 seconds left.
|inactive|ClumbsyLilBeach has 30 seconds left.
|
|t:|1785443605
|move|p1a: Sableye|Recover|p1a: Sableye
|-heal|p1a: Sableye|100/100
|move|p1b: Cofagrigus|Shadow Ball|p2b: Charizard
|-damage|p2b: Charizard|23/100
|-unboost|p2b: Charizard|spd|1
|move|p2a: Corviknight|Body Press|p1b: Cofagrigus
|-immune|p1b: Cofagrigus
|move|p2b: Charizard|Heat Wave|p1b: Cofagrigus|[spread] p1a,p1b
|-damage|p1a: Sableye|62/100
|-damage|p1b: Cofagrigus|1/100
|
|-weather|Sandstorm|[upkeep]
|-damage|p1b: Cofagrigus|0 fnt|[from] Sandstorm
|-damage|p1a: Sableye|56/100|[from] Sandstorm
|-damage|p2b: Charizard|17/100|[from] Sandstorm
|faint|p1b: Cofagrigus
|-heal|p2a: Corviknight|67/100 brn|[from] item: Leftovers
|-damage|p2a: Corviknight|61/100 brn|[from] brn
|-fieldend|move: Trick Room
|upkeep
|
|t:|1785443622
|switch|p1b: Steelix|Steelix-Mega, L50, M, shiny|100/100
|turn|12
|
|t:|1785443639
|switch|p2b: Gliscor|Gliscor, L50, F, shiny|55/100
|move|p1a: Sableye|Recover|p1a: Sableye
|-heal|p1a: Sableye|100/100
|move|p2a: Corviknight|Body Press|p1b: Steelix
|-supereffective|p1b: Steelix|1
|-damage|p1b: Steelix|67/100
|move|p1b: Steelix|Heavy Slam|p2b: Gliscor
|-damage|p2b: Gliscor|0 fnt
|faint|p2b: Gliscor
|
|-weather|Sandstorm|[upkeep]
|-damage|p1a: Sableye|94/100|[from] Sandstorm
|-heal|p2a: Corviknight|67/100 brn|[from] item: Leftovers
|-damage|p2a: Corviknight|61/100 brn|[from] brn
|-end|p2a: Corviknight|Encore
|upkeep
|
|t:|1785443655
|switch|p2b: Charizard|Charizard-Mega-Y, L50, M|17/100
|-weather|SunnyDay|[from] ability: Drought|[of] p2b: Charizard
|turn|13
|
|t:|1785443679
|move|p1b: Steelix|Protect|p1b: Steelix
|-singleturn|p1b: Steelix|Protect
|move|p1a: Sableye|Reflect|p1a: Sableye
|-sidestart|p1: GWLucari0|Reflect
|move|p2b: Charizard|Weather Ball|p1b: Steelix
|-activate|p1b: Steelix|move: Protect
|move|p2a: Corviknight|Body Press|p1b: Steelix
|-activate|p1b: Steelix|move: Protect
|
|-weather|SunnyDay|[upkeep]
|-heal|p2a: Corviknight|67/100 brn|[from] item: Leftovers
|-damage|p2a: Corviknight|61/100 brn|[from] brn
|-sideend|p1: GWLucari0|move: Light Screen
|upkeep
|turn|14
|
|t:|1785443703
|move|p1a: Sableye|Light Screen|p1a: Sableye
|-sidestart|p1: GWLucari0|move: Light Screen
|move|p2b: Charizard|Weather Ball|p1b: Steelix
|-supereffective|p1b: Steelix|1
|-damage|p1b: Steelix|0 fnt
|faint|p1b: Steelix
|move|p2a: Corviknight|Body Press|p1a: Sableye
|-immune|p1a: Sableye
|
|-weather|SunnyDay|[upkeep]
|-heal|p2a: Corviknight|67/100 brn|[from] item: Leftovers
|-damage|p2a: Corviknight|61/100 brn|[from] brn
|upkeep
|turn|15
|
|t:|1785443721
|move|p1a: Sableye|Encore|p2a: Corviknight
|-start|p2a: Corviknight|Encore
|move|p2b: Charizard|Weather Ball|p1a: Sableye
|-damage|p1a: Sableye|12/100
|move|p2a: Corviknight|Body Press|p1a: Sableye
|-immune|p1a: Sableye
|
|-weather|SunnyDay|[upkeep]
|-heal|p2a: Corviknight|67/100 brn|[from] item: Leftovers
|-damage|p2a: Corviknight|61/100 brn|[from] brn
|upkeep
|turn|16
|
|t:|1785443738
|move|p1a: Sableye|Recover|p1a: Sableye
|-heal|p1a: Sableye|63/100
|move|p2b: Charizard|Weather Ball|p1a: Sableye
|-damage|p1a: Sableye|0 fnt
|faint|p1a: Sableye
|
|win|ClumbsyLilBeach
||ClumbsyLilBeach is ready for game 2.
|l|â˜†GWLucari0
|player|p1|
