|j|☆ancientson
|j|☆LooDeecolo
|html|ancientsonLooDeecolo    
|uhtml|bestof|Game 3 of a best-of-3
|t:|1756863960
|gametype|doubles
|player|p1|ancientson|n|1052
|player|p2|LooDeecolo|brycenman|1137
|gen|9
|tier|[Gen 9] VGC 2025 Reg H (Bo3)
|rated|
|rule|Species Clause: Limit one of each Pokémon
|rule|Item Clause: Limit 1 of each item
|clearpoke
|poke|p1|Dragapult, L50, F|
|poke|p1|Gholdengo, L50|
|poke|p1|Murkrow, L50, M|
|poke|p1|Sneasler, L50, F|
|poke|p1|Armarouge, L50, F|
|poke|p1|Indeedee-F, L50, F|
|poke|p2|Electabuzz, L50, M|
|poke|p2|Annihilape, L50, F|
|poke|p2|Amoonguss, L50, M|
|poke|p2|Arcanine-Hisui, L50, M|
|poke|p2|Whimsicott, L50, M|
|poke|p2|Gholdengo, L50|
|teampreview|4
|showteam|p1|Dragapult||LifeOrb|ClearBody|DragonDarts,Uturn,PhantomForce,SuckerPunch|||F|||50|,,,,,Dragon]Gholdengo||Leftovers|GoodasGold|Protect,ShadowBall,MakeItRain,NastyPlot||||||50|,,,,,Fighting]Murkrow||Eviolite|Prankster|FoulPlay,Tailwind,Haze,SunnyDay|||M|||50|,,,,,Dark]Sneasler||PsychicSeed|Unburden|DireClaw,CloseCombat,Protect,ThroatChop|||F|||50|,,,,,Dark]Armarouge||CovertCloak|FlashFire|ExpandingForce,HeatWave,Protect,TeraBlast|||F|||50|,,,,,Fighting]Indeedee-F||RockyHelmet|PsychicSurge|FollowMe,HelpingHand,TrickRoom,Psychic|||F|||50|,,,,,Dark
|showteam|p2|Electabuzz||Eviolite|VitalSpirit|Electroweb,Protect,FollowMe,Thunderbolt|||M|||50|,,,,,Dark]Annihilape||RockyHelmet|Defiant|Coaching,Protect,RageFist,CloseCombat|||F|||50|,,,,,Fighting]Amoonguss||SitrusBerry|Regenerator|RagePowder,Protect,SludgeBomb,Spore|||M|||50|,,,,,Fire]Arcanine-Hisui||ClearAmulet|Intimidate|FlareBlitz,RockSlide,WillOWisp,Protect|||M|||50|,,,,,Grass]Whimsicott||CovertCloak|Prankster|Tailwind,Encore,DazzlingGleam,Taunt|||M|||50|,,,,,Fairy]Gholdengo||LifeOrb|GoodasGold|MakeItRain,ShadowBall,Protect,NastyPlot||||||50|,,,,,Water
|inactive|Battle timer is ON: inactive players will automatically lose when time's up. (requested by LooDeecolo)
|inactive|LooDeecolo has 60 seconds left.
|
|t:|1756864017
|teamsize|p1|4
|teamsize|p2|4
|start
|switch|p1a: Dragapult|Dragapult, L50, F|100/100
|switch|p1b: Sneasler|Sneasler, L50, F|100/100
|switch|p2a: Amoonguss|Amoonguss, L50, M|100/100
|switch|p2b: Arcanine|Arcanine-Hisui, L50, M|100/100
|-ability|p2b: Arcanine|Intimidate|boost
|-fail|p1a: Dragapult|unboost|[from] ability: Clear Body|[of] p1a: Dragapult
|-unboost|p1b: Sneasler|atk|1
|turn|1
|inactive|ancientson has 30 seconds left.
|inactive|LooDeecolo has 30 seconds left.
|inactive|ancientson has 20 seconds left.
|inactive|LooDeecolo has 20 seconds left.
|inactive|ancientson has 15 seconds left.
|inactive|ancientson has 10 seconds left.
|
|t:|1756864063
|switch|p1a: Indeedee|Indeedee-F, L50, F|100/100
|-fieldstart|move: Psychic Terrain|[from] ability: Psychic Surge|[of] p1a: Indeedee
|-enditem|p1b: Sneasler|Psychic Seed
|-boost|p1b: Sneasler|spd|1|[from] item: Psychic Seed
|move|p2b: Arcanine|Protect|p2b: Arcanine
|-singleturn|p2b: Arcanine|Protect
|move|p1b: Sneasler|Close Combat|p2b: Arcanine
|-activate|p2b: Arcanine|move: Protect
|move|p2a: Amoonguss|Spore|p1b: Sneasler
|-status|p1b: Sneasler|slp|[from] move: Spore
|
|upkeep
|turn|2
|inactive|ancientson has 30 seconds left.
|inactive|LooDeecolo has 30 seconds left.
|
|t:|1756864094
|cant|p1b: Sneasler|slp
|move|p2b: Arcanine|Rock Slide|p1b: Sneasler|[spread] p1b
|-miss|p2b: Arcanine|p1a: Indeedee
|-resisted|p1b: Sneasler
|-damage|p1b: Sneasler|79/100 slp
|move|p1a: Indeedee|Psychic|p2b: Arcanine
|-crit|p2b: Arcanine
|-damage|p2b: Arcanine|19/100
|move|p2a: Amoonguss|Spore|p1a: Indeedee
|-status|p1a: Indeedee|slp|[from] move: Spore
|
|upkeep
|turn|3
|inactive|ancientson has 30 seconds left.
|
|t:|1756864120
|switch|p2b: Annihilape|Annihilape, L50, F|100/100
|switch|p2a: Gholdengo|Gholdengo, L50|100/100
|-curestatus|p1b: Sneasler|slp|[msg]
|move|p1b: Sneasler|Protect|p1b: Sneasler
|-singleturn|p1b: Sneasler|Protect
|cant|p1a: Indeedee|slp
|
|upkeep
|turn|4
|inactive|LooDeecolo has 30 seconds left.
|
|t:|1756864148
|-terastallize|p1b: Sneasler|Dark
|-terastallize|p2a: Gholdengo|Water
|move|p1b: Sneasler|Throat Chop|p2a: Gholdengo
|-damage|p2a: Gholdengo|70/100
|-start|p2a: Gholdengo|Throat Chop|[silent]
|move|p2a: Gholdengo|Nasty Plot|p2a: Gholdengo
|-boost|p2a: Gholdengo|spa|2
|move|p2b: Annihilape|Close Combat|p1b: Sneasler
|-supereffective|p1b: Sneasler
|-damage|p1b: Sneasler|0 fnt
|-unboost|p2b: Annihilape|def|1
|-unboost|p2b: Annihilape|spd|1
|faint|p1b: Sneasler
|cant|p1a: Indeedee|slp
|
|upkeep
|
|t:|1756864156
|switch|p1b: Dragapult|Dragapult, L50, F|100/100
|turn|5
|inactive|ancientson has 30 seconds left.
|inactive|LooDeecolo has 30 seconds left.
|inactive|LooDeecolo has 20 seconds left.
|inactive|LooDeecolo has 15 seconds left.
|
|t:|1756864198
|switch|p2b: Amoonguss|Amoonguss, L50, M|100/100
|move|p2a: Gholdengo|Protect|p2a: Gholdengo
|-singleturn|p2a: Gholdengo|Protect
|cant|p1a: Indeedee|slp
|move|p1b: Dragapult|Dragon Darts|p2b: Amoonguss
|-damage|p2b: Amoonguss|59/100
|-anim|p1b: Dragapult|Dragon Darts|p2b: Amoonguss
|-damage|p2b: Amoonguss|20/100
|-enditem|p2b: Amoonguss|Sitrus Berry|[eat]
|-heal|p2b: Amoonguss|45/100|[from] item: Sitrus Berry
|-damage|p1b: Dragapult|91/100|[from] item: Life Orb
|
|-end|p2a: Gholdengo|Throat Chop|[silent]
|-fieldend|move: Psychic Terrain
|upkeep
|turn|6
|inactive|ancientson has 30 seconds left.
|
|t:|1756864224
|-curestatus|p1a: Indeedee|slp|[msg]
|move|p1a: Indeedee|Follow Me|p1a: Indeedee
|-singleturn|p1a: Indeedee|move: Follow Me
|move|p1b: Dragapult|Dragon Darts|p2a: Gholdengo
|-damage|p2a: Gholdengo|30/100
|-anim|p1b: Dragapult|Dragon Darts|p2b: Amoonguss
|-damage|p2b: Amoonguss|2/100
|-damage|p1b: Dragapult|81/100|[from] item: Life Orb
|move|p2a: Gholdengo|Shadow Ball|p1a: Indeedee
|-immune|p1a: Indeedee
|move|p2b: Amoonguss|Spore|p1a: Indeedee
|-status|p1a: Indeedee|slp|[from] move: Spore
|
|upkeep
|turn|7
|inactive|ancientson has 30 seconds left.
|inactive|LooDeecolo has 30 seconds left.
|
|t:|1756864256
|switch|p2b: Annihilape|Annihilape, L50, F|100/100
|cant|p1a: Indeedee|slp
|move|p2a: Gholdengo|Protect|p2a: Gholdengo
|-singleturn|p2a: Gholdengo|Protect
|move|p1b: Dragapult|Dragon Darts|p2b: Annihilape
|-crit|p2b: Annihilape
|-damage|p2b: Annihilape|47/100
|-anim|p1b: Dragapult|Dragon Darts|p2b: Annihilape
|-damage|p2b: Annihilape|10/100
|-damage|p1b: Dragapult|71/100|[from] item: Life Orb
|
|upkeep
|turn|8
|
|t:|1756864272
|cant|p1a: Indeedee|slp
|move|p1b: Dragapult|Dragon Darts|p2b: Annihilape
|-damage|p2b: Annihilape|0 fnt
|-anim|p1b: Dragapult|Dragon Darts|p2a: Gholdengo
|-damage|p2a: Gholdengo|0 fnt
|faint|p2b: Annihilape
|faint|p2a: Gholdengo
|-damage|p1b: Dragapult|61/100|[from] item: Life Orb
|
|upkeep
|
|t:|1756864279
|switch|p2a: Amoonguss|Amoonguss, L50, M|35/100
|switch|p2b: Arcanine|Arcanine-Hisui, L50, M|19/100
|-ability|p2b: Arcanine|Intimidate|boost
|-unboost|p1a: Indeedee|atk|1
|-fail|p1b: Dragapult|unboost|[from] ability: Clear Body|[of] p1b: Dragapult
|turn|9
|
|t:|1756864288
|cant|p1a: Indeedee|slp
|move|p2a: Amoonguss|Rage Powder|p2a: Amoonguss
|-singleturn|p2a: Amoonguss|move: Rage Powder
|move|p1b: Dragapult|Dragon Darts|p2a: Amoonguss
|-damage|p2a: Amoonguss|0 fnt
|faint|p2a: Amoonguss
|-damage|p1b: Dragapult|51/100|[from] item: Life Orb
|move|p2b: Arcanine|Rock Slide|p1a: Indeedee|[spread] p1a,p1b
|-damage|p1a: Indeedee|73/100 slp
|-damage|p1b: Dragapult|13/100
|
|upkeep
|turn|10
|
|t:|1756864304
|-curestatus|p1a: Indeedee|slp|[msg]
|move|p1a: Indeedee|Helping Hand|p1b: Dragapult
|-singleturn|p1b: Dragapult|Helping Hand|[of] p1a: Indeedee
|move|p1b: Dragapult|Dragon Darts|p2b: Arcanine
|-damage|p2b: Arcanine|0 fnt
|faint|p2b: Arcanine
|-damage|p1b: Dragapult|3/100|[from] item: Life Orb
|
|win|ancientson
|raw|ancientson's rating: 1052 → 1092(+40 for winning)
|raw|LooDeecolo's rating: 1137 → 1106(-31 for losing)
|c|☆ancientson|Rage powder almost won for you gg
|l|☆LooDeecolo
|player|p2|
