|j|☆Av3z
|j|☆TrevenantHugger
|html|Av3zTrevenantHugger    
|uhtml|bestof|Game 1 of a best-of-3
|t:|1756716401
|gametype|doubles
|player|p1|Av3z|steven|1066
|player|p2|TrevenantHugger|swimmer-gen4dp|1102
|gen|9
|tier|[Gen 9] VGC 2025 Reg H (Bo3)
|rated|
|rule|Species Clause: Limit one of each Pokémon
|rule|Item Clause: Limit 1 of each item
|clearpoke
|poke|p1|Weezing-Galar, L50, F|
|poke|p1|Toedscruel, L50, F|
|poke|p1|Pawmot, L50, F|
|poke|p1|Corviknight, L50, M|
|poke|p1|Typhlosion-Hisui, L50, F|
|poke|p1|Garchomp, L50, M|
|poke|p2|Primarina, L50, F|
|poke|p2|Electabuzz, L50, M|
|poke|p2|Incineroar, L50, M|
|poke|p2|Ursaluna, L50, F|
|poke|p2|Rillaboom, L50, F|
|poke|p2|Ceruledge, L50, M|
|teampreview|4
|showteam|p1|Weezing-Galar||ChoiceSpecs|NeutralizingGas|StrangeSteam,SludgeBomb,DazzlingGleam,Flamethrower|||F|||50|,,,,,Fire]Toedscruel||CovertCloak|MyceliumMight|RagePowder,Spore,EarthPower,AcidSpray|||F|||50|,,,,,Water]Pawmot||FocusSash|NaturalCure|CloseCombat,DoubleShock,Protect,FakeOut|||F|||50|,,,,,Electric]Corviknight||SitrusBerry|MirrorArmor|Roost,Tailwind,BraveBird,Protect|||M|||50|,,,,,Dragon]Typhlosion-Hisui||ChoiceScarf|Blaze|Eruption,HeatWave,ShadowBall,SleepTalk|||F|||50|,,,,,Fire]Garchomp||LifeOrb|RoughSkin|Earthquake,StompingTantrum,DragonClaw,Protect|||M|||50|,,,,,Ground
|showteam|p2|Primarina||Leftovers|LiquidVoice|Protect,HyperVoice,Moonblast,CalmMind|||F|||50|,,,,,Poison]Electabuzz||Eviolite|VitalSpirit|VoltSwitch,Taunt,Electroweb,FollowMe|||M|||50|,,,,,Ghost]Incineroar||SitrusBerry|Intimidate|FakeOut,PartingShot,FlareBlitz,KnockOff|||M|||50|,,,,,Grass]Ursaluna||FlameOrb|Guts|Protect,Facade,HeadlongRush,Earthquake|||F|||50|,,,,,Dark]Rillaboom||AssaultVest|GrassySurge|GrassyGlide,FakeOut,DrumBeating,Uturn|||F|||50|,,,,,Fire]Ceruledge||ClearAmulet|FlashFire|BitterBlade,Protect,ShadowSneak,BulkUp|||M|||50|,,,,,Grass
|inactive|Battle timer is ON: inactive players will automatically lose when time's up. (requested by TrevenantHugger)
|inactive|Av3z has 60 seconds left.
|inactive|TrevenantHugger has 60 seconds left.
|inactive|TrevenantHugger has 30 seconds left.
|inactive|TrevenantHugger has 20 seconds left.
|inactive|TrevenantHugger has 15 seconds left.
|
|t:|1756716480
|teamsize|p1|4
|teamsize|p2|4
|start
|switch|p1a: Paul Heyman|Weezing-Galar, L50, F|100/100
|switch|p1b: Solo Sikoa|Toedscruel, L50, F|100/100
|switch|p2a: Ursaluna|Ursaluna, L50, F|100/100
|switch|p2b: Electabuzz|Electabuzz, L50, M|100/100
|-ability|p1a: Paul Heyman|Neutralizing Gas
|turn|1
|
|t:|1756716501
|move|p2b: Electabuzz|Follow Me|p2b: Electabuzz
|-singleturn|p2b: Electabuzz|move: Follow Me
|move|p1b: Solo Sikoa|Spore|p2b: Electabuzz
|-status|p2b: Electabuzz|slp|[from] move: Spore
|move|p1a: Paul Heyman|Dazzling Gleam|p2a: Ursaluna|[spread] p2a,p2b
|-damage|p2a: Ursaluna|73/100
|-damage|p2b: Electabuzz|72/100 slp
|move|p2a: Ursaluna|Headlong Rush|p1b: Solo Sikoa
|-resisted|p1b: Solo Sikoa
|-damage|p1b: Solo Sikoa|61/100
|-unboost|p2a: Ursaluna|def|1
|-unboost|p2a: Ursaluna|spd|1
|
|-status|p2a: Ursaluna|brn|[from] item: Flame Orb
|upkeep
|turn|2
|
|t:|1756716518
|cant|p2b: Electabuzz|slp
|move|p1b: Solo Sikoa|Earth Power|p2a: Ursaluna
|-damage|p2a: Ursaluna|42/100 brn
|move|p1a: Paul Heyman|Dazzling Gleam|p2b: Electabuzz|[spread] p2a,p2b
|-damage|p2a: Ursaluna|0 fnt
|-damage|p2b: Electabuzz|44/100 slp
|faint|p2a: Ursaluna
|
|upkeep
|
|t:|1756716528
|switch|p2a: Ceruledge|Ceruledge, L50, M|100/100
|turn|3
|
|t:|1756716535
|-terastallize|p1b: Solo Sikoa|Water
|move|p2a: Ceruledge|Protect|p2a: Ceruledge
|-singleturn|p2a: Ceruledge|Protect
|-curestatus|p2b: Electabuzz|slp|[msg]
|move|p2b: Electabuzz|Taunt|p1b: Solo Sikoa
|-start|p1b: Solo Sikoa|move: Taunt
|cant|p1b: Solo Sikoa|move: Taunt|Spore
|move|p1a: Paul Heyman|Dazzling Gleam|p2b: Electabuzz|[spread] p2b
|-activate|p2a: Ceruledge|move: Protect
|-damage|p2b: Electabuzz|15/100
|
|upkeep
|turn|4
|
|t:|1756716551
|move|p2b: Electabuzz|Electroweb|p1a: Paul Heyman|[spread] p1a,p1b
|-supereffective|p1b: Solo Sikoa
|-damage|p1a: Paul Heyman|81/100
|-damage|p1b: Solo Sikoa|37/100
|-unboost|p1a: Paul Heyman|spe|1
|move|p1b: Solo Sikoa|Earth Power|p2a: Ceruledge
|-supereffective|p2a: Ceruledge
|-damage|p2a: Ceruledge|58/100
|move|p2a: Ceruledge|Bulk Up|p2a: Ceruledge
|-boost|p2a: Ceruledge|atk|1
|-boost|p2a: Ceruledge|def|1
|move|p1a: Paul Heyman|Dazzling Gleam|p2a: Ceruledge|[spread] p2a,p2b
|-resisted|p2a: Ceruledge
|-damage|p2a: Ceruledge|43/100
|-damage|p2b: Electabuzz|0 fnt
|faint|p2b: Electabuzz
|
|upkeep
|
|t:|1756716554
|switch|p2b: Incineroar|Incineroar, L50, M|100/100
|turn|5
|
|t:|1756716577
|move|p1b: Solo Sikoa|Acid Spray|p2a: Ceruledge
|-resisted|p2a: Ceruledge
|-damage|p2a: Ceruledge|40/100
|move|p2a: Ceruledge|Bitter Blade|p1a: Paul Heyman
|-damage|p1a: Paul Heyman|27/100
|-heal|p2a: Ceruledge|63/100|[from] drain|[of] p1a: Paul Heyman
|move|p2b: Incineroar|Knock Off|p1b: Solo Sikoa
|-damage|p1b: Solo Sikoa|0 fnt
|-enditem|p1b: Solo Sikoa|Covert Cloak|[from] move: Knock Off|[of] p2b: Incineroar
|faint|p1b: Solo Sikoa
|move|p1a: Paul Heyman|Dazzling Gleam|p2b: Incineroar|[spread] p2a,p2b
|-resisted|p2a: Ceruledge
|-damage|p2a: Ceruledge|46/100
|-damage|p2b: Incineroar|72/100
|
|upkeep
|
|t:|1756716593
|switch|p1b: John Cena|Garchomp, L50, M|100/100
|turn|6
|
|t:|1756716602
|-terastallize|p2a: Ceruledge|Grass
|move|p1b: John Cena|Earthquake|p2a: Ceruledge|[spread] p1a,p2a,p2b
|-supereffective|p1a: Paul Heyman
|-resisted|p2a: Ceruledge
|-supereffective|p2b: Incineroar
|-damage|p1a: Paul Heyman|0 fnt
|-damage|p2a: Ceruledge|30/100
|-damage|p2b: Incineroar|0 fnt
|faint|p1a: Paul Heyman
|-end|p1a: Paul Heyman|ability: Neutralizing Gas
|-ability|p2b: Incineroar|Intimidate|boost
|-unboost|p1b: John Cena|atk|1
|faint|p2b: Incineroar
|-damage|p1b: John Cena|91/100|[from] item: Life Orb
|move|p2a: Ceruledge|Bitter Blade|p1b: John Cena
|-resisted|p1b: John Cena
|-damage|p1b: John Cena|61/100
|-heal|p2a: Ceruledge|44/100|[from] drain|[of] p1b: John Cena
|-damage|p2a: Ceruledge|32/100|[from] ability: Rough Skin|[of] p1b: John Cena
|
|upkeep
|
|t:|1756716617
|switch|p1a: Darby Alin|Corviknight, L50, M|100/100
|turn|7
|
|t:|1756716625
|move|p1b: John Cena|Earthquake|p2a: Ceruledge|[spread] p2a
|-immune|p1a: Darby Alin
|-resisted|p2a: Ceruledge
|-damage|p2a: Ceruledge|22/100
|-damage|p1b: John Cena|52/100|[from] item: Life Orb
|move|p2a: Ceruledge|Bitter Blade|p1a: Darby Alin
|-supereffective|p1a: Darby Alin
|-damage|p1a: Darby Alin|3/100
|-heal|p2a: Ceruledge|77/100|[from] drain|[of] p1a: Darby Alin
|-enditem|p1a: Darby Alin|Sitrus Berry|[eat]
|-heal|p1a: Darby Alin|28/100|[from] item: Sitrus Berry
|move|p1a: Darby Alin|Brave Bird|p2a: Ceruledge
|-supereffective|p2a: Ceruledge
|-damage|p2a: Ceruledge|27/100
|-damage|p1a: Darby Alin|13/100|[from] Recoil
|
|upkeep
|turn|8
|
|t:|1756716642
|move|p1a: Darby Alin|Protect|p1a: Darby Alin
|-singleturn|p1a: Darby Alin|Protect
|move|p1b: John Cena|Dragon Claw|p2a: Ceruledge
|-damage|p2a: Ceruledge|5/100
|-damage|p1b: John Cena|42/100|[from] item: Life Orb
|move|p2a: Ceruledge|Bitter Blade|p1b: John Cena
|-resisted|p1b: John Cena
|-damage|p1b: John Cena|15/100
|-heal|p2a: Ceruledge|19/100|[from] drain|[of] p1b: John Cena
|-damage|p2a: Ceruledge|7/100|[from] ability: Rough Skin|[of] p1b: John Cena
|
|upkeep
|turn|9
|
|t:|1756716666
|move|p2a: Ceruledge|Shadow Sneak|p1b: John Cena
|-damage|p1b: John Cena|0 fnt
|-damage|p2a: Ceruledge|0 fnt|[from] ability: Rough Skin|[of] p1b: John Cena
|faint|p1b: John Cena
|faint|p2a: Ceruledge
|
|win|Av3z
||Av3z is ready for game 2.
