|j|☆tk_feenix
|j|☆jussdoit
|html|tk_feenixjussdoit    
|uhtml|bestof|Game 1 of a best-of-3
|t:|1756986717
|gametype|doubles
|player|p1|tk_feenix|169|1081
|player|p2|jussdoit|steven|1030
|gen|9
|tier|[Gen 9] VGC 2025 Reg H (Bo3)
|rated|
|rule|Species Clause: Limit one of each Pokémon
|rule|Item Clause: Limit 1 of each item
|clearpoke
|poke|p1|Archaludon, L50, M|
|poke|p1|Gholdengo, L50|
|poke|p1|Pelipper, L50, F|
|poke|p1|Ursaluna, L50, F|
|poke|p1|Sinistcha, L50|
|poke|p1|Dragonite, L50, M|
|poke|p2|Archaludon, L50, M|
|poke|p2|Murkrow, L50, M|
|poke|p2|Ceruledge, L50, M|
|poke|p2|Gholdengo, L50|
|poke|p2|Kingdra, L50, F|
|poke|p2|Sinistcha, L50|
|teampreview|4
|showteam|p1|Archaludon||AssaultVest|Stamina|FlashCannon,ElectroShot,BodyPress,Snarl|||M|||50|,,,,,Fighting]Gholdengo||ChoiceScarf|GoodasGold|MakeItRain,ShadowBall,ThunderWave,Trick||||||50|,,,,,Flying]Pelipper||SafetyGoggles|Drizzle|WeatherBall,Hurricane,Tailwind,Protect|||F|||50|,,,,,Steel]Ursaluna||FlameOrb|Guts|Facade,HeadlongRush,Earthquake,Protect|||F|||50|,,,,,Dragon]Sinistcha||SitrusBerry|Hospitality|MatchaGotcha,LifeDew,RagePowder,TrickRoom||||||50|,,,,,Fire]Dragonite||LoadedDice|Multiscale|ScaleShot,Tailwind,Haze,Protect|||M|||50|,,,,,Fairy
|showteam|p2|Archaludon||PowerHerb|Stamina|ElectroShot,DragonPulse,FlashCannon,BodyPress|||M|||50|,,,,,Steel]Murkrow||Eviolite|Prankster|Haze,Tailwind,FoulPlay,RainDance|||M|||50|,,,,,Dark]Ceruledge||BigRoot|FlashFire|BitterBlade,ShadowSneak,SwordsDance,Protect|||M|||50|,,,,,Grass]Gholdengo||ChoiceSpecs|GoodasGold|MakeItRain,PowerGem,Thunderbolt,ShadowBall||||||50|,,,,,Water]Kingdra||LifeOrb|SwiftSwim|DracoMeteor,IceBeam,WeatherBall,TeraBlast|||F|||50|,,,,,Dark]Sinistcha||WeaknessPolicy|Hospitality|LifeDew,MatchaGotcha,StrengthSap,Protect||||||50|,,,,,Fire
|inactive|Battle timer is ON: inactive players will automatically lose when time's up. (requested by jussdoit)
|inactive|tk_feenix has 60 seconds left.
|inactive|jussdoit has 60 seconds left.
|
|t:|1756986761
|teamsize|p1|4
|teamsize|p2|4
|start
|switch|p1a: Dragonite|Dragonite, L50, M|100/100
|switch|p1b: Ursaluna|Ursaluna, L50, F|100/100
|switch|p2a: Archaludon|Archaludon, L50, M|100/100
|switch|p2b: Kingdra|Kingdra, L50, F|100/100
|turn|1
|inactive|tk_feenix has 30 seconds left.
|
|t:|1756986791
|switch|p2a: Murkrow|Murkrow, L50, M|100/100
|-terastallize|p2b: Kingdra|Dark
|move|p1a: Dragonite|Scale Shot|p2b: Kingdra
|-damage|p2b: Kingdra|84/100
|-damage|p2b: Kingdra|67/100
|-damage|p2b: Kingdra|51/100
|-damage|p2b: Kingdra|34/100
|-damage|p2b: Kingdra|18/100
|-hitcount|p2b: Kingdra|5
|-unboost|p1a: Dragonite|def|1
|-boost|p1a: Dragonite|spe|1
|move|p2b: Kingdra|Ice Beam|p1a: Dragonite
|-supereffective|p1a: Dragonite
|-damage|p1a: Dragonite|25/100
|-damage|p2b: Kingdra|9/100|[from] item: Life Orb
|move|p1b: Ursaluna|Earthquake|p2a: Murkrow|[spread] p2b
|-immune|p1a: Dragonite
|-immune|p2a: Murkrow
|-damage|p2b: Kingdra|0 fnt
|faint|p2b: Kingdra
|
|-status|p1b: Ursaluna|brn|[from] item: Flame Orb
|upkeep
|inactive|jussdoit has 30 seconds left.
|
|t:|1756986819
|switch|p2b: Archaludon|Archaludon, L50, M|100/100
|turn|2
|inactive|tk_feenix has 30 seconds left.
|
|t:|1756986845
|move|p2a: Murkrow|Tailwind|p2a: Murkrow
|-sidestart|p2: jussdoit|move: Tailwind
|move|p2b: Archaludon|Electro Shot||[still]
|-prepare|p2b: Archaludon|Electro Shot
|-boost|p2b: Archaludon|spa|1
|-enditem|p2b: Archaludon|Power Herb
|-anim|p2b: Archaludon|Electro Shot|p1a: Dragonite
|-damage|p1a: Dragonite|0 fnt
|faint|p1a: Dragonite
|move|p1b: Ursaluna|Headlong Rush|p2b: Archaludon
|-supereffective|p2b: Archaludon
|-damage|p2b: Archaludon|0 fnt
|-unboost|p1b: Ursaluna|def|1
|-unboost|p1b: Ursaluna|spd|1
|faint|p2b: Archaludon
|
|-damage|p1b: Ursaluna|95/100 brn|[from] brn
|upkeep
|
|t:|1756986862
|switch|p1a: Pelipper|Pelipper, L50, F|100/100
|switch|p2b: Gholdengo|Gholdengo, L50|100/100
|-weather|RainDance|[from] ability: Drizzle|[of] p1a: Pelipper
|turn|3
|inactive|tk_feenix has 30 seconds left.
|
|t:|1756986888
|move|p1b: Ursaluna|Protect|p1b: Ursaluna
|-singleturn|p1b: Ursaluna|Protect
|move|p2b: Gholdengo|Make It Rain|p1b: Ursaluna|[spread] p1a
|-activate|p1b: Ursaluna|move: Protect
|-resisted|p1a: Pelipper
|-damage|p1a: Pelipper|60/100
|-unboost|p2b: Gholdengo|spa|1
|move|p2a: Murkrow|Foul Play|p1b: Ursaluna
|-activate|p1b: Ursaluna|move: Protect
|move|p1a: Pelipper|Tailwind|p1a: Pelipper
|-sidestart|p1: tk_feenix|move: Tailwind
|
|-weather|RainDance|[upkeep]
|-damage|p1b: Ursaluna|89/100 brn|[from] brn
|upkeep
|turn|4
|
|t:|1756986907
|move|p2b: Gholdengo|Make It Rain|p1b: Ursaluna|[spread] p1a,p1b
|-resisted|p1a: Pelipper
|-damage|p1a: Pelipper|35/100
|-damage|p1b: Ursaluna|8/100 brn
|-unboost|p2b: Gholdengo|spa|1
|move|p2a: Murkrow|Foul Play|p1b: Ursaluna
|-damage|p1b: Ursaluna|0 fnt
|faint|p1b: Ursaluna
|move|p1a: Pelipper|Weather Ball|p2a: Murkrow
|-damage|p2a: Murkrow|39/100
|
|-weather|RainDance|[upkeep]
|upkeep
|
|t:|1756986917
|switch|p1b: Archaludon|Archaludon, L50, M|100/100
|turn|5
|
|t:|1756986938
|move|p1a: Pelipper|Protect|p1a: Pelipper
|-singleturn|p1a: Pelipper|Protect
|move|p2a: Murkrow|Haze|p2a: Murkrow
|-clearallboost
|move|p2b: Gholdengo|Make It Rain|p1a: Pelipper|[spread] p1b
|-activate|p1a: Pelipper|move: Protect
|-resisted|p1b: Archaludon
|-damage|p1b: Archaludon|73/100
|-unboost|p2b: Gholdengo|spa|1
|-ability|p1b: Archaludon|Stamina|boost
|-boost|p1b: Archaludon|def|1
|move|p1b: Archaludon|Electro Shot||[still]
|-prepare|p1b: Archaludon|Electro Shot
|-boost|p1b: Archaludon|spa|1
|-anim|p1b: Archaludon|Electro Shot|p2a: Murkrow
|-supereffective|p2a: Murkrow
|-damage|p2a: Murkrow|0 fnt
|faint|p2a: Murkrow
|
|-weather|RainDance|[upkeep]
|-sideend|p2: jussdoit|move: Tailwind
|upkeep
|turn|6
|-message|jussdoit forfeited.
|
|win|tk_feenix
|l|☆jussdoit
|player|p2|
||jussdoit is ready for game 2.
||tk_feenix is ready for game 2.
|uhtml|next|Next: Game 2 of 3
