|j|☆Cijini
|j|☆higigig
|html|Cijinihigigig    
|uhtml|bestof|Game 1 of a best-of-3
|t:|1757040953
|gametype|doubles
|player|p1|Cijini|169|1012
|player|p2|higigig|sisandbro|1068
|gen|9
|tier|[Gen 9] VGC 2025 Reg H (Bo3)
|rated|
|rule|Species Clause: Limit one of each Pokémon
|rule|Item Clause: Limit 1 of each item
|clearpoke
|poke|p1|Charizard, L50, F|
|poke|p1|Torkoal, L50, F|
|poke|p1|Porygon2, L50|
|poke|p1|Incineroar, L50, F|
|poke|p1|Jumpluff, L50, M|
|poke|p1|Ursaluna, L50, F|
|poke|p2|Sneasler, L50, F|
|poke|p2|Gholdengo, L50|
|poke|p2|Amoonguss, L50, M|
|poke|p2|Incineroar, L50, F|
|poke|p2|Ursaluna-Bloodmoon, L50, M|
|poke|p2|Dragonite, L50, F|
|teampreview|4
|showteam|p1|Charizard||ChoiceSpecs|SolarPower|HeatWave,Overheat,WeatherBall,AirSlash|||F|||50|,,,,,Ghost]Torkoal||EjectPack|Drought|Eruption,Overheat,HelpingHand,Protect|||F|||50|,,,,,Fire]Porygon2||Eviolite|Download|IceBeam,TeraBlast,TrickRoom,Recover||||||50|,,,,,Fighting]Incineroar||SitrusBerry|Intimidate|FlareBlitz,KnockOff,FakeOut,PartingShot|||F|||50|,,,,,Ghost]Jumpluff||CovertCloak|Chlorophyll|SleepPowder,SunnyDay,RagePowder,Tailwind|||M|||50|,,,,,Water]Ursaluna||FlameOrb|Guts|HeadlongRush,Facade,Earthquake,Protect|||F|||50|,,,,,Ghost
|showteam|p2|Sneasler||ClearAmulet|PoisonTouch|FakeOut,CloseCombat,DireClaw,Protect|||F|||50|,,,,,Water]Gholdengo||MetalCoat|GoodasGold|NastyPlot,MakeItRain,ShadowBall,Protect||||||50|,,,,,Water]Amoonguss||SitrusBerry|Regenerator|Spore,RagePowder,PollenPuff,Protect|||M|||50|,,,,,Water]Incineroar||SafetyGoggles|Intimidate|FakeOut,FlareBlitz,KnockOff,PartingShot|||F|||50|,,,,,Ghost]Ursaluna-Bloodmoon||LifeOrb|MindsEye|CalmMind,EarthPower,BloodMoon,Protect|||M|||50|,,,,,Poison]Dragonite||LoadedDice|Multiscale|ScaleShot,Haze,Tailwind,Protect|||F|||50|,,,,,Fairy
|inactive|Battle timer is ON: inactive players will automatically lose when time's up. (requested by higigig)
|inactive|higigig has 60 seconds left.
|
|t:|1757040999
|teamsize|p1|4
|teamsize|p2|4
|start
|switch|p1a: Jumpluff|Jumpluff, L50, M|100/100
|switch|p1b: Torkoal|Torkoal, L50, F|100/100
|switch|p2a: Dragonite|Dragonite, L50, F|100/100
|switch|p2b: Gholdengo|Gholdengo, L50|100/100
|-weather|SunnyDay|[from] ability: Drought|[of] p1b: Torkoal
|turn|1
|inactive|higigig has 30 seconds left.
|
|t:|1757041029
|switch|p2a: Incineroar|Incineroar, L50, F|100/100
|-ability|p2a: Incineroar|Intimidate|boost
|-unboost|p1a: Jumpluff|atk|1
|-unboost|p1b: Torkoal|atk|1
|-enditem|p1b: Torkoal|Eject Pack
|
|t:|1757041034
|switch|p1b: Charizard|Charizard, L50, F|100/100
|move|p1a: Jumpluff|Tailwind|p1a: Jumpluff
|-sidestart|p1: Cijini|move: Tailwind
|move|p2b: Gholdengo|Shadow Ball|p1b: Charizard
|-damage|p1b: Charizard|42/100
|
|-weather|SunnyDay|[upkeep]
|-damage|p1b: Charizard|29/100|[from] ability: Solar Power|[of] p1b: Charizard
|upkeep
|turn|2
|inactive|Cijini has 30 seconds left.
|inactive|Cijini has 20 seconds left.
|inactive|Cijini has 15 seconds left.
|inactive|higigig has 30 seconds left.
|
|t:|1757041084
|switch|p1a: Ursaluna|Ursaluna, L50, F|100/100
|-terastallize|p1b: Charizard|Ghost
|move|p2b: Gholdengo|Protect|p2b: Gholdengo
|-singleturn|p2b: Gholdengo|Protect
|move|p1b: Charizard|Heat Wave|p2a: Incineroar|[spread] p2a
|-activate|p2b: Gholdengo|move: Protect
|-resisted|p2a: Incineroar
|-damage|p2a: Incineroar|53/100
|move|p2a: Incineroar|Knock Off|p1b: Charizard
|-supereffective|p1b: Charizard
|-damage|p1b: Charizard|0 fnt
|-enditem|p1b: Charizard|Choice Specs|[from] move: Knock Off|[of] p2a: Incineroar
|faint|p1b: Charizard
|
|-weather|SunnyDay|[upkeep]
|-status|p1a: Ursaluna|brn|[from] item: Flame Orb
|upkeep
|
|t:|1757041101
|switch|p1b: Jumpluff|Jumpluff, L50, M|100/100
|turn|3
|
|t:|1757041123
|switch|p2a: Dragonite|Dragonite, L50, F|100/100
|-terastallize|p2b: Gholdengo|Water
|move|p1b: Jumpluff|Rage Powder|p1b: Jumpluff
|-singleturn|p1b: Jumpluff|move: Rage Powder
|move|p1a: Ursaluna|Earthquake|p2a: Dragonite|[spread] p2b
|-immune|p1b: Jumpluff
|-immune|p2a: Dragonite
|-damage|p2b: Gholdengo|22/100
|move|p2b: Gholdengo|Make It Rain|p1b: Jumpluff|[spread] p1a,p1b
|-damage|p1a: Ursaluna|45/100 brn
|-damage|p1b: Jumpluff|41/100
|-unboost|p2b: Gholdengo|spa|1
|
|-weather|SunnyDay|[upkeep]
|-damage|p1a: Ursaluna|39/100 brn|[from] brn
|upkeep
|turn|4
|
|t:|1757041147
|move|p2b: Gholdengo|Protect|p2b: Gholdengo
|-singleturn|p2b: Gholdengo|Protect
|move|p1b: Jumpluff|Sleep Powder|p2a: Dragonite
|-status|p2a: Dragonite|slp|[from] move: Sleep Powder
|move|p1a: Ursaluna|Facade|p2a: Dragonite
|-crit|p2a: Dragonite
|-damage|p2a: Dragonite|0 fnt
|faint|p2a: Dragonite
|
|-weather|SunnyDay|[upkeep]
|-damage|p1a: Ursaluna|33/100 brn|[from] brn
|-sideend|p1: Cijini|move: Tailwind
|upkeep
|
|t:|1757041153
|switch|p2a: Incineroar|Incineroar, L50, F|53/100
|-ability|p2a: Incineroar|Intimidate|boost
|-unboost|p1a: Ursaluna|atk|1
|-unboost|p1b: Jumpluff|atk|1
|turn|5
|
|t:|1757041163
|move|p1a: Ursaluna|Protect|p1a: Ursaluna
|-singleturn|p1a: Ursaluna|Protect
|move|p2a: Incineroar|Fake Out|p1a: Ursaluna
|-activate|p1a: Ursaluna|move: Protect
|move|p1b: Jumpluff|Tailwind|p1b: Jumpluff
|-sidestart|p1: Cijini|move: Tailwind
|move|p2b: Gholdengo|Shadow Ball|p1b: Jumpluff
|-damage|p1b: Jumpluff|8/100
|
|-weather|none
|-damage|p1a: Ursaluna|27/100 brn|[from] brn
|upkeep
|turn|6
|
|t:|1757041180
|move|p2b: Gholdengo|Protect|p2b: Gholdengo
|-singleturn|p2b: Gholdengo|Protect
|move|p1b: Jumpluff|Rage Powder|p1b: Jumpluff
|-singleturn|p1b: Jumpluff|move: Rage Powder
|move|p1a: Ursaluna|Earthquake|p2a: Incineroar|[spread] p2a
|-activate|p2b: Gholdengo|move: Protect
|-immune|p1b: Jumpluff
|-supereffective|p2a: Incineroar
|-damage|p2a: Incineroar|0 fnt
|faint|p2a: Incineroar
|
|-damage|p1a: Ursaluna|22/100 brn|[from] brn
|upkeep
|
|t:|1757041189
|switch|p2a: Sneasler|Sneasler, L50, F|100/100
|turn|7
|
|t:|1757041218
|move|p2a: Sneasler|Fake Out|p1a: Ursaluna
|-damage|p1a: Ursaluna|9/100 brn
|move|p1b: Jumpluff|Sleep Powder|p2a: Sneasler
|-status|p2a: Sneasler|slp|[from] move: Sleep Powder
|cant|p1a: Ursaluna|flinch
|move|p2b: Gholdengo|Nasty Plot|p2b: Gholdengo
|-boost|p2b: Gholdengo|spa|2
|
|-damage|p1a: Ursaluna|4/100 brn|[from] brn
|upkeep
|turn|8
|inactive|higigig has 30 seconds left.
|
|t:|1757041257
|move|p2b: Gholdengo|Protect|p2b: Gholdengo
|-singleturn|p2b: Gholdengo|Protect
|move|p1b: Jumpluff|Rage Powder|p1b: Jumpluff
|-singleturn|p1b: Jumpluff|move: Rage Powder
|cant|p2a: Sneasler|slp
|move|p1a: Ursaluna|Earthquake|p2b: Gholdengo|[spread] p2a
|-activate|p2b: Gholdengo|move: Protect
|-immune|p1b: Jumpluff
|-supereffective|p2a: Sneasler
|-damage|p2a: Sneasler|0 fnt
|faint|p2a: Sneasler
|
|-damage|p1a: Ursaluna|0 fnt|[from] brn
|faint|p1a: Ursaluna
|-sideend|p1: Cijini|move: Tailwind
|upkeep
|
|t:|1757041260
|switch|p1a: Torkoal|Torkoal, L50, F|100/100
|-weather|SunnyDay|[from] ability: Drought|[of] p1a: Torkoal
|turn|9
|inactive|Cijini has 30 seconds left.
|
|t:|1757041286
|move|p1a: Torkoal|Protect|p1a: Torkoal
|-singleturn|p1a: Torkoal|Protect
|move|p1b: Jumpluff|Sleep Powder|p2b: Gholdengo
|-immune|p2b: Gholdengo|[from] ability: Good as Gold
|move|p2b: Gholdengo|Make It Rain|p1b: Jumpluff|[spread] p1b
|-activate|p1a: Torkoal|move: Protect
|-damage|p1b: Jumpluff|0 fnt
|-unboost|p2b: Gholdengo|spa|1
|faint|p1b: Jumpluff
|
|-weather|SunnyDay|[upkeep]
|upkeep
|turn|10
|
|t:|1757041297
|move|p2b: Gholdengo|Shadow Ball|p1a: Torkoal
|-damage|p1a: Torkoal|41/100
|move|p1a: Torkoal|Eruption|p2b: Gholdengo
|-resisted|p2b: Gholdengo
|-damage|p2b: Gholdengo|0 fnt
|faint|p2b: Gholdengo
|
|win|Cijini
