|j|☆FollowerOfChuddha
|j|☆sasyx
|html|FollowerOfChuddhasasyx    
|uhtml|bestof|Game 1 of a best-of-3
|t:|1784669435
|gametype|doubles
|player|p1|FollowerOfChuddha|psychic-gen2|1214
|player|p2|sasyx|rosa|1243
|gen|9
|tier|[Gen 9 Champions] VGC 2026 Reg M-B (Bo3)
|rated|
|rule|Species Clause: Limit one of each Pokémon
|rule|Item Clause: Limit 1 of each item
|clearpoke
|poke|p1|Charizard, L50, M|
|poke|p1|Metagross, L50|
|poke|p1|Toxapex, L50, M|
|poke|p1|Incineroar, L50, M|
|poke|p1|Annihilape, L50, M|
|poke|p1|Hydreigon, L50, M|
|poke|p2|Gardevoir, L50, F, shiny|
|poke|p2|Garchomp, L50, M|
|poke|p2|Basculegion, L50, M, shiny|
|poke|p2|Maushold-Four, L50, shiny|
|poke|p2|Kingambit, L50, M|
|poke|p2|Talonflame, L50, F|
|teampreview|4
|showteam|p1|Charizard||CharizarditeY|Blaze|HeatWave,WeatherBall,SolarBeam,Protect|Modest||M|||50|]Metagross||Metagrossite|ClearBody|BulletPunch,PsychicFangs,IcePunch,Protect|Jolly|||||50|]Toxapex||Leftovers|Regenerator|Toxic,Infestation,WideGuard,BanefulBunker|Bold||M|||50|]Incineroar||SitrusBerry|Intimidate|FakeOut,PartingShot,FlareBlitz,ThroatChop|Impish||M|||50|]Annihilape||FocusSash|Defiant|PhantomForce,CloseCombat,RockTomb,Protect|Jolly||M|||50|]Hydreigon||ChoiceScarf|Levitate|EarthPower,DracoMeteor,DarkPulse,Snarl|Modest||M|||50|
|showteam|p2|Gardevoir||Gardevoirite|Trace|HyperVoice,Psychic,VacuumWave,Protect|Modest||F|||50|]Garchomp||LifeOrb|RoughSkin|RockSlide,DragonClaw,Earthquake,Protect|Adamant||M|||50|]Basculegion||MysticWater|Adaptability|LastRespects,WaveCrash,AquaJet,Protect|Adamant||M|||50|]Maushold-Four||FocusSash|FriendGuard|SuperFang,Taunt,FollowMe,Protect|Jolly|||||50|]Kingambit||BlackGlasses|Defiant|KowtowCleave,IronHead,SuckerPunch,Protect|Adamant||M|||50|]Talonflame||SharpBeak|GaleWings|FlareBlitz,DualWingbeat,Tailwind,Protect|Jolly||F|||50|
|
|t:|1784669482
|teamsize|p1|4
|teamsize|p2|4
|start
|switch|p1a: Metagross|Metagross, L50|100/100
|switch|p1b: Annihilape|Annihilape, L50, M|100/100
|switch|p2a: Talonflame|Talonflame, L50, F|100/100
|switch|p2b: Kingambit|Kingambit, L50, M|100/100
|turn|1
|
|t:|1784669523
|switch|p1a: Hydreigon|Hydreigon, L50, M|100/100
|move|p2a: Talonflame|Dual Wingbeat|p1b: Annihilape
|-supereffective|p1b: Annihilape|1
|-damage|p1b: Annihilape|55/100
|-supereffective|p1b: Annihilape|1
|-damage|p1b: Annihilape|12/100
|-hitcount|p1b: Annihilape|2
|move|p2b: Kingambit|Sucker Punch|p1b: Annihilape
|-damage|p1b: Annihilape|0 fnt
|faint|p1b: Annihilape
|
|upkeep
|
|t:|1784669534
|switch|p1b: Metagross|Metagross, L50|100/100
|turn|2
|
|t:|1784669547
|switch|p2b: Garchomp|Garchomp, L50, M|100/100
|detailschange|p1b: Metagross|Metagross-Mega, L50
|-mega|p1b: Metagross|Metagross|Metagrossite
|move|p2a: Talonflame|Tailwind|p2a: Talonflame
|-sidestart|p2: sasyx|move: Tailwind
|move|p1a: Hydreigon|Earth Power|p2b: Garchomp
|-damage|p2b: Garchomp|69/100
|move|p1b: Metagross|Psychic Fangs|p2a: Talonflame
|-crit|p2a: Talonflame
|-damage|p2a: Talonflame|0 fnt
|faint|p2a: Talonflame
|
|upkeep
|
|t:|1784669560
|switch|p2a: Gardevoir|Gardevoir, L50, F, shiny|100/100
|-ability|p2a: Gardevoir|Levitate|Trace|[from] ability: Trace|[of] p1a: Hydreigon
|turn|3
|
|t:|1784669580
|switch|p2b: Kingambit|Kingambit, L50, M|100/100
|switch|p1a: Incineroar|Incineroar, L50, M|100/100
|-ability|p1a: Incineroar|Intimidate|boost
|-unboost|p2a: Gardevoir|atk|1
|-unboost|p2b: Kingambit|atk|1
|-ability|p2b: Kingambit|Defiant|boost
|-boost|p2b: Kingambit|atk|2
|detailschange|p2a: Gardevoir|Gardevoir-Mega, L50, F, shiny
|-mega|p2a: Gardevoir|Gardevoir|Gardevoirite
|move|p2a: Gardevoir|Protect|p2a: Gardevoir
|-singleturn|p2a: Gardevoir|Protect
|move|p1b: Metagross|Bullet Punch|p2a: Gardevoir
|-activate|p2a: Gardevoir|move: Protect
|
|upkeep
|turn|4
|
|t:|1784669627
|switch|p2a: Garchomp|Garchomp, L50, M|69/100
|move|p1a: Incineroar|Fake Out|p2b: Kingambit
|-resisted|p2b: Kingambit|1
|-damage|p2b: Kingambit|96/100
|move|p1b: Metagross|Ice Punch|p2a: Garchomp
|-supereffective|p2a: Garchomp|2
|-damage|p2a: Garchomp|0 fnt
|-damage|p1b: Metagross|87/100|[from] ability: Rough Skin|[of] p2a: Garchomp
|faint|p2a: Garchomp
|cant|p2b: Kingambit|flinch
|
|upkeep
|
|t:|1784669638
|switch|p2a: Gardevoir|Gardevoir-Mega, L50, F, shiny|100/100
|turn|5
|
|t:|1784669646
|move|p2a: Gardevoir|Protect|p2a: Gardevoir
|-singleturn|p2a: Gardevoir|Protect
|move|p1b: Metagross|Protect|p1b: Metagross
|-singleturn|p1b: Metagross|Protect
|move|p2b: Kingambit|Kowtow Cleave|p1b: Metagross
|-activate|p1b: Metagross|move: Protect
|move|p1a: Incineroar|Flare Blitz|p2b: Kingambit
|-supereffective|p2b: Kingambit|1
|-damage|p2b: Kingambit|21/100
|-damage|p1a: Incineroar|74/100|[from] Recoil
|
|-sideend|p2: sasyx|move: Tailwind
|upkeep
|turn|6
|
|t:|1784669672
|move|p2a: Gardevoir|Protect||[still]
|-fail|p2a: Gardevoir
|move|p1b: Metagross|Bullet Punch|p2a: Gardevoir
|-supereffective|p2a: Gardevoir|1
|-damage|p2a: Gardevoir|23/100
|move|p1a: Incineroar|Flare Blitz|p2b: Kingambit
|-supereffective|p2b: Kingambit|1
|-damage|p2b: Kingambit|0 fnt
|faint|p2b: Kingambit
|-damage|p1a: Incineroar|67/100|[from] Recoil
|
|upkeep
|turn|7
|-message|sasyx forfeited.
|
|win|FollowerOfChuddha
|l|☆sasyx
|player|p2|
||sasyx is ready for game 2.
||FollowerOfChuddha is ready for game 2.
|uhtml|next|Next: Game 2 of 3
