|j|☆actuary97
|j|☆C.blaze
|html|actuary97C.blaze    
|uhtml|bestof|Game 1 of a best-of-3
|t:|1757794164
|gametype|doubles
|player|p1|actuary97|sabrina-frlg|1454
|player|p2|C.blaze|265|1378
|gen|9
|tier|[Gen 9] VGC 2025 Reg H (Bo3)
|rated|
|rule|Species Clause: Limit one of each Pokémon
|rule|Item Clause: Limit 1 of each item
|clearpoke
|poke|p1|Whimsicott, L50, F|
|poke|p1|Gallade, L50, M|
|poke|p1|Malamar, L50, F|
|poke|p1|Indeedee, L50, M|
|poke|p1|Drifblim, L50, M|
|poke|p1|Archaludon, L50, F|
|poke|p2|Tyranitar, L50, M|
|poke|p2|Gholdengo, L50|
|poke|p2|Salamence, L50, F|
|poke|p2|Amoonguss, L50, M|
|poke|p2|Porygon2, L50|
|poke|p2|Tauros-Paldea-Blaze, L50, M|
|teampreview|4
|showteam|p1|Whimsicott||FocusSash|Prankster|Moonblast,BeatUp,Taunt,Tailwind|||F|||50|,,,,,Ghost]Gallade||ScopeLens|Sharpness|PsychoCut,SacredSword,LeafBlade,Protect|||M|||50|,,,,,Grass]Malamar||SitrusBerry|Contrary|Superpower,KnockOff,TrickRoom,TopsyTurvy|||F|||50|,,,,,Fire]Indeedee||ChoiceSpecs|PsychicSurge|ExpandingForce,DazzlingGleam,TeraBlast,Trick|||M|||50|,,,,,Fire]Drifblim||PsychicSeed|Unburden|AirSlash,IcyWind,StrengthSap,WillOWisp|||M|||50|,,,,,Flying]Archaludon||AssaultVest|Stamina|ElectroShot,FlashCannon,Snarl,BodyPress|||F|||50|,,,,,Grass
|showteam|p2|Tyranitar||AssaultVest|SandStream|RockSlide,KnockOff,TeraBlast,LowKick|||M|||50|,,,,,Flying]Gholdengo||LifeOrb|GoodasGold|MakeItRain,ShadowBall,Protect,NastyPlot||||||50|,,,,,Water]Salamence||CovertCloak|Intimidate|DracoMeteor,Flamethrower,Protect,Tailwind|||F|||50|,,,,,Steel]Amoonguss||MentalHerb|Regenerator|ClearSmog,PollenPuff,Spore,RagePowder|||M|||50|,,,,,Water]Porygon2||Eviolite|Download|TeraBlast,IceBeam,Recover,TrickRoom||||||50|,,,,,Fighting]Tauros-Paldea-Blaze||SafetyGoggles|Intimidate|RagingBull,WillOWisp,Protect,CloseCombat|||M|||50|,,,,,Water
|inactive|Battle timer is ON: inactive players will automatically lose when time's up. (requested by actuary97)
|inactive|actuary97 has 60 seconds left.
|
|t:|1757794204
|teamsize|p1|4
|teamsize|p2|4
|start
|switch|p1a: Indeedee|Indeedee, L50, M, shiny|100/100
|switch|p1b: Malamother|Malamar, L50, F, shiny|100/100
|switch|p2a: Porygon2|Porygon2, L50|100/100
|switch|p2b: Amoonguss|Amoonguss, L50, M|100/100
|-fieldstart|move: Psychic Terrain|[from] ability: Psychic Surge|[of] p1a: Indeedee
|-ability|p2a: Porygon2|Download|boost
|-boost|p2a: Porygon2|atk|1
|turn|1
|inactive|C.blaze has 30 seconds left.
|
|t:|1757794237
|-terastallize|p2b: Amoonguss|Water
|move|p1a: Indeedee|Expanding Force|p2b: Amoonguss|[spread] p2a,p2b
|-damage|p2a: Porygon2|48/100
|-damage|p2b: Amoonguss|38/100
|move|p1b: Malamother|Superpower|p2a: Porygon2
|-supereffective|p2a: Porygon2
|-damage|p2a: Porygon2|10/100
|-boost|p1b: Malamother|atk|1
|-boost|p1b: Malamother|def|1
|move|p2b: Amoonguss|Spore|p1b: Malamother
|-status|p1b: Malamother|slp|[from] move: Spore
|move|p2a: Porygon2|Trick Room|p2a: Porygon2
|-fieldstart|move: Trick Room|[of] p2a: Porygon2
|
|upkeep
|turn|2
|
|t:|1757794254
|switch|p2a: Tyranitar|Tyranitar, L50, M|100/100
|-weather|Sandstorm|[from] ability: Sand Stream|[of] p2a: Tyranitar
|switch|p1a: Drifblim|Drifblim, L50, M, shiny|100/100
|-enditem|p1a: Drifblim|Psychic Seed
|-boost|p1a: Drifblim|spd|1|[from] item: Psychic Seed
|-terastallize|p1b: Malamother|Fire
|move|p2b: Amoonguss|Spore|p1a: Drifblim
|-status|p1a: Drifblim|slp|[from] move: Spore
|cant|p1b: Malamother|slp
|
|-weather|Sandstorm|[upkeep]
|-damage|p2b: Amoonguss|32/100|[from] Sandstorm
|-damage|p1b: Malamother|94/100 slp|[from] Sandstorm
|-damage|p1a: Drifblim|94/100 slp|[from] Sandstorm
|upkeep
|turn|3
|
|t:|1757794264
|move|p2b: Amoonguss|Clear Smog|p1b: Malamother
|-damage|p1b: Malamother|79/100 slp
|-clearboost|p1b: Malamother
|move|p2a: Tyranitar|Rock Slide|p1a: Drifblim|[spread] p1a,p1b
|-supereffective|p1a: Drifblim
|-supereffective|p1b: Malamother
|-damage|p1a: Drifblim|25/100 slp
|-damage|p1b: Malamother|19/100 slp
|-enditem|p1b: Malamother|Sitrus Berry|[eat]
|-heal|p1b: Malamother|44/100 slp|[from] item: Sitrus Berry
|cant|p1b: Malamother|slp
|cant|p1a: Drifblim|slp
|
|-weather|Sandstorm|[upkeep]
|-damage|p2b: Amoonguss|26/100|[from] Sandstorm
|-damage|p1b: Malamother|37/100 slp|[from] Sandstorm
|-damage|p1a: Drifblim|19/100 slp|[from] Sandstorm
|upkeep
|turn|4
|
|t:|1757794283
|switch|p1b: Gallade|Gallade, L50, M, shiny|100/100
|move|p2b: Amoonguss|Spore|p1b: Gallade
|-status|p1b: Gallade|slp|[from] move: Spore
|move|p2a: Tyranitar|Rock Slide|p1a: Drifblim|[spread] p1a,p1b
|-supereffective|p1a: Drifblim
|-resisted|p1b: Gallade
|-damage|p1a: Drifblim|0 fnt
|-damage|p1b: Gallade|75/100 slp
|faint|p1a: Drifblim
|
|-weather|Sandstorm|[upkeep]
|-damage|p2b: Amoonguss|20/100|[from] Sandstorm
|-damage|p1b: Gallade|70/100 slp|[from] Sandstorm
|upkeep
|
|t:|1757794290
|switch|p1a: Malamother|Malamar, L50, F, shiny, tera:Fire|37/100 slp
|turn|5
|
|t:|1757794302
|switch|p1a: Indeedee|Indeedee, L50, M, shiny|100/100
|move|p2b: Amoonguss|Pollen Puff|p1b: Gallade
|-damage|p1b: Gallade|52/100 slp
|move|p2a: Tyranitar|Rock Slide|p1a: Indeedee|[spread] p1b
|-miss|p2a: Tyranitar|p1a: Indeedee
|-resisted|p1b: Gallade
|-damage|p1b: Gallade|23/100 slp
|cant|p1b: Gallade|slp
|
|-weather|Sandstorm|[upkeep]
|-damage|p2b: Amoonguss|14/100|[from] Sandstorm
|-damage|p1b: Gallade|17/100 slp|[from] Sandstorm
|-damage|p1a: Indeedee|95/100|[from] Sandstorm
|-fieldend|move: Trick Room
|-fieldend|move: Psychic Terrain
|upkeep
|turn|6
|
|t:|1757794316
|move|p2b: Amoonguss|Rage Powder|p2b: Amoonguss
|-singleturn|p2b: Amoonguss|move: Rage Powder
|move|p1a: Indeedee|Expanding Force|p2b: Amoonguss
|-damage|p2b: Amoonguss|0 fnt
|faint|p2b: Amoonguss
|cant|p1b: Gallade|slp
|move|p2a: Tyranitar|Rock Slide|p1b: Gallade|[spread] p1a,p1b
|-resisted|p1b: Gallade
|-damage|p1a: Indeedee|31/100
|-damage|p1b: Gallade|0 fnt
|faint|p1b: Gallade
|
|-weather|none
|upkeep
|
|t:|1757794323
|switch|p1b: Malamother|Malamar, L50, F, shiny, tera:Fire|37/100 slp
|switch|p2b: Gholdengo|Gholdengo, L50|100/100
|turn|7
|
|t:|1757794331
|switch|p2a: Porygon2|Porygon2, L50|10/100
|-ability|p2a: Porygon2|Download|boost
|-boost|p2a: Porygon2|atk|1
|move|p1a: Indeedee|Expanding Force|p2b: Gholdengo
|-resisted|p2b: Gholdengo
|-damage|p2b: Gholdengo|74/100
|move|p2b: Gholdengo|Shadow Ball|p1b: Malamother
|-damage|p1b: Malamother|0 fnt
|faint|p1b: Malamother
|-damage|p2b: Gholdengo|64/100|[from] item: Life Orb
|
|upkeep
|turn|8
|
|t:|1757794343
|move|p1a: Indeedee|Expanding Force|p2a: Porygon2
|-damage|p2a: Porygon2|0 fnt
|faint|p2a: Porygon2
|move|p2b: Gholdengo|Make It Rain|p1a: Indeedee
|-damage|p1a: Indeedee|0 fnt
|-unboost|p2b: Gholdengo|spa|1
|faint|p1a: Indeedee
|-damage|p2b: Gholdengo|54/100|[from] item: Life Orb
|
|win|C.blaze
||C.blaze is ready for game 2.
|inactive|actuary97 has 30 seconds to confirm battle start!
||actuary97 is ready for game 2.
|uhtml|next|Next: Game 2 of 3
