|j|☆kojay
|j|☆Scottedstone
|html|kojayScottedstone    
|uhtml|bestof|Game 2 of a best-of-3
|t:|1756826273
|gametype|doubles
|player|p1|kojay|kamado-armor|1085
|player|p2|Scottedstone|1|1133
|gen|9
|tier|[Gen 9] VGC 2025 Reg H (Bo3)
|rated|
|rule|Species Clause: Limit one of each Pokémon
|rule|Item Clause: Limit 1 of each item
|clearpoke
|poke|p1|Garchomp, L50, F|
|poke|p1|Sneasler, L50, F|
|poke|p1|Incineroar, L50, M|
|poke|p1|Dragonite, L50, F|
|poke|p1|Gholdengo, L50|
|poke|p1|Vivillon, L50, F|
|poke|p2|Pelipper, L50, M|
|poke|p2|Basculegion, L50, M|
|poke|p2|Archaludon, L50, M|
|poke|p2|Sneasler, L50, F|
|poke|p2|Indeedee, L50, M|
|poke|p2|Amoonguss, L50, F|
|teampreview|4
|showteam|p1|Garchomp||LifeOrb|RoughSkin|Earthquake,DragonClaw,StompingTantrum,Protect|||F|||50|,,,,,Ground]Sneasler||WhiteHerb|Unburden|Coaching,Protect,DireClaw,CloseCombat|||F|||50|,,,,,Ghost]Incineroar||SafetyGoggles|Intimidate|FakeOut,FlareBlitz,KnockOff,PartingShot|||M|||50|,,,,,Ghost]Dragonite||LoadedDice|InnerFocus|TeraBlast,ScaleShot,Tailwind,Protect|||F|||50|,,,,,Flying]Gholdengo||ChoiceScarf|GoodasGold|MakeItRain,ShadowBall,Trick,Thunderbolt||||||50|,,,,,Steel]Vivillon||FocusSash|CompoundEyes|Hurricane,SleepPowder,RagePowder,Protect|||F|||50|,,,,,Ghost
|showteam|p2|Pelipper||FocusSash|Drizzle|Hurricane,WeatherBall,Tailwind,Protect|||M|||50|,,,,,Stellar]Basculegion||LifeOrb|SwiftSwim|WaveCrash,LastRespects,AquaJet,Protect|||M|||50|,,,,,Water]Archaludon||AssaultVest|Stamina|DragonPulse,FlashCannon,ElectroShot,BodyPress|||M|||50|,,,,,Grass]Sneasler||PsychicSeed|Unburden|DireClaw,CloseCombat,ThroatChop,Protect|||F|||50|,,,,,Dark]Indeedee||ChoiceScarf|PsychicSurge|ExpandingForce,TeraBlast,Protect,Trick|||M|||50|,,,,,Psychic]Amoonguss||SitrusBerry|Regenerator|PollenPuff,RagePowder,Spore,Protect|||F|||50|,,,,,Water
|inactive|Battle timer is ON: inactive players will automatically lose when time's up. (requested by Scottedstone)
|
|t:|1756826308
|teamsize|p1|4
|teamsize|p2|4
|start
|switch|p1a: Gholdengo|Gholdengo, L50|100/100
|switch|p1b: Vivillon|Vivillon, L50, F|100/100
|switch|p2a: Indeedee|Indeedee, L50, M|100/100
|switch|p2b: Amoonguss|Amoonguss, L50, F|100/100
|-fieldstart|move: Psychic Terrain|[from] ability: Psychic Surge|[of] p2a: Indeedee
|turn|1
|
|t:|1756826336
|-terastallize|p2a: Indeedee|Psychic
|-terastallize|p1a: Gholdengo|Steel
|move|p2b: Amoonguss|Rage Powder|p2b: Amoonguss
|-singleturn|p2b: Amoonguss|move: Rage Powder
|move|p2a: Indeedee|Expanding Force|p1b: Vivillon|[spread] p1a,p1b
|-resisted|p1a: Gholdengo
|-damage|p1a: Gholdengo|52/100
|-enditem|p1b: Vivillon|Focus Sash
|-damage|p1b: Vivillon|1/100
|move|p1a: Gholdengo|Make It Rain|p2a: Indeedee|[spread] p2a,p2b
|-damage|p2a: Indeedee|3/100
|-damage|p2b: Amoonguss|45/100
|-unboost|p1a: Gholdengo|spa|1
|-enditem|p2b: Amoonguss|Sitrus Berry|[eat]
|-heal|p2b: Amoonguss|70/100|[from] item: Sitrus Berry
|move|p1b: Vivillon|Sleep Powder|p2b: Amoonguss
|-immune|p2b: Amoonguss
|
|upkeep
|turn|2
|
|t:|1756826360
|switch|p1b: Dalinar|Incineroar, L50, M, shiny|100/100
|-ability|p1b: Dalinar|Intimidate|boost
|-unboost|p2a: Indeedee|atk|1
|-unboost|p2b: Amoonguss|atk|1
|move|p2a: Indeedee|Expanding Force|p1b: Dalinar|[spread] p1a
|-immune|p1b: Dalinar
|-resisted|p1a: Gholdengo
|-damage|p1a: Gholdengo|7/100
|move|p1a: Gholdengo|Make It Rain|p2b: Amoonguss|[spread] p2a,p2b
|-damage|p2a: Indeedee|0 fnt
|-damage|p2b: Amoonguss|33/100
|-unboost|p1a: Gholdengo|spa|1
|faint|p2a: Indeedee
|move|p2b: Amoonguss|Pollen Puff|p2: Indeedee|[notarget]
|-fail|p2b: Amoonguss
|
|upkeep
|inactive|Scottedstone has 30 seconds left.
|
|t:|1756826385
|switch|p2a: Sneasler|Sneasler, L50, F|100/100
|-enditem|p2a: Sneasler|Psychic Seed
|-boost|p2a: Sneasler|spd|1|[from] item: Psychic Seed
|turn|3
|
|t:|1756826396
|switch|p1a: Vivillon|Vivillon, L50, F|1/100
|switch|p1b: Sneasler|Sneasler, L50, F|100/100
|move|p2a: Sneasler|Close Combat|p1b: Sneasler
|-resisted|p1b: Sneasler
|-damage|p1b: Sneasler|42/100
|-unboost|p2a: Sneasler|def|1
|-unboost|p2a: Sneasler|spd|1
|move|p2b: Amoonguss|Spore|p1a: Vivillon
|-status|p1a: Vivillon|slp|[from] move: Spore
|
|upkeep
|turn|4
|inactive|kojay has 30 seconds left.
|
|t:|1756826425
|switch|p1a: Dalinar|Incineroar, L50, M, shiny|100/100
|-ability|p1a: Dalinar|Intimidate|boost
|-unboost|p2a: Sneasler|atk|1
|-unboost|p2b: Amoonguss|atk|1
|move|p2a: Sneasler|Close Combat|p1b: Sneasler
|-resisted|p1b: Sneasler
|-damage|p1b: Sneasler|2/100
|-unboost|p2a: Sneasler|def|1
|-unboost|p2a: Sneasler|spd|1
|move|p1b: Sneasler|Close Combat|p2a: Sneasler
|-resisted|p2a: Sneasler
|-damage|p2a: Sneasler|2/100
|-unboost|p1b: Sneasler|def|1
|-unboost|p1b: Sneasler|spd|1
|-enditem|p1b: Sneasler|White Herb
|-clearnegativeboost|p1b: Sneasler|[silent]
|move|p2b: Amoonguss|Pollen Puff|p1a: Dalinar
|-damage|p1a: Dalinar|84/100
|
|upkeep
|turn|5
|inactive|Scottedstone has 30 seconds left.
|
|t:|1756826451
|switch|p1a: Vivillon|Vivillon, L50, F|1/100 slp
|move|p2b: Amoonguss|Rage Powder|p2b: Amoonguss
|-singleturn|p2b: Amoonguss|move: Rage Powder
|move|p2a: Sneasler|Close Combat|p1a: Vivillon
|-resisted|p1a: Vivillon
|-damage|p1a: Vivillon|0 fnt
|-unboost|p2a: Sneasler|def|1
|-unboost|p2a: Sneasler|spd|1
|faint|p1a: Vivillon
|move|p1b: Sneasler|Dire Claw|p2b: Amoonguss
|-damage|p2b: Amoonguss|0 fnt
|faint|p2b: Amoonguss
|
|-fieldend|move: Psychic Terrain
|upkeep
|
|t:|1756826463
|switch|p1a: Dalinar|Incineroar, L50, M, shiny|84/100
|switch|p2b: Pelipper|Pelipper, L50, M|100/100
|-weather|RainDance|[from] ability: Drizzle|[of] p2b: Pelipper
|-ability|p1a: Dalinar|Intimidate|boost
|-unboost|p2a: Sneasler|atk|1
|-unboost|p2b: Pelipper|atk|1
|turn|6
|
|t:|1756826471
|move|p2a: Sneasler|Protect|p2a: Sneasler
|-singleturn|p2a: Sneasler|Protect
|move|p2b: Pelipper|Protect|p2b: Pelipper
|-singleturn|p2b: Pelipper|Protect
|move|p1a: Dalinar|Fake Out|p2b: Pelipper
|-activate|p2b: Pelipper|move: Protect
|move|p1b: Sneasler|Dire Claw|p2b: Pelipper
|-activate|p2b: Pelipper|move: Protect
|
|-weather|RainDance|[upkeep]
|upkeep
|turn|7
|
|t:|1756826493
|move|p2a: Sneasler|Close Combat|p1b: Sneasler
|-resisted|p1b: Sneasler
|-damage|p1b: Sneasler|0 fnt
|-unboost|p2a: Sneasler|def|1
|-unboost|p2a: Sneasler|spd|1
|faint|p1b: Sneasler
|move|p2b: Pelipper|Weather Ball|p1a: Dalinar
|-supereffective|p1a: Dalinar
|-damage|p1a: Dalinar|0 fnt
|faint|p1a: Dalinar
|
|-weather|RainDance|[upkeep]
|upkeep
|
|t:|1756826497
|switch|p1b: Gholdengo|Gholdengo, L50, tera:Steel|7/100
|turn|8
|
|t:|1756826503
|move|p2a: Sneasler|Close Combat|p1b: Gholdengo
|-supereffective|p1b: Gholdengo
|-damage|p1b: Gholdengo|0 fnt
|-unboost|p2a: Sneasler|def|1
|-unboost|p2a: Sneasler|spd|1
|faint|p1b: Gholdengo
|
|win|Scottedstone
