|j|☆EnzoPS
|j|☆Centiskorch18
|html|EnzoPSCentiskorch18    
|uhtml|bestof|Game 2 of a best-of-3
|t:|1757780530
|gametype|doubles
|player|p1|EnzoPS|cynthia-gen4|1135
|player|p2|Centiskorch18|caitlin|1169
|gen|9
|tier|[Gen 9] VGC 2025 Reg H (Bo3)
|rated|
|rule|Species Clause: Limit one of each Pokémon
|rule|Item Clause: Limit 1 of each item
|clearpoke
|poke|p1|Pelipper, L50, M|
|poke|p1|Amoonguss, L50, M|
|poke|p1|Archaludon, L50, M|
|poke|p1|Basculegion, L50, M|
|poke|p1|Gholdengo, L50|
|poke|p1|Incineroar, L50, F|
|poke|p2|Dragapult, L50, F|
|poke|p2|Sneasler, L50, F|
|poke|p2|Magmar, L50, F|
|poke|p2|Azumarill, L50, M|
|poke|p2|Rillaboom, L50, M|
|poke|p2|Ninetales-Alola, L50, M|
|teampreview|4
|showteam|p1|Pelipper||FocusSash|Drizzle|Protect,WeatherBall,Hurricane,Tailwind|||M|||50|,,,,,Ground]Amoonguss||SitrusBerry|Regenerator|Protect,Spore,RagePowder,PollenPuff|||M|||50|,,,,,Water]Archaludon||AssaultVest|Stamina|DragonPulse,ElectroShot,FlashCannon,BodyPress|||M|||50|,,,,,Grass]Basculegion||ChoiceBand|SwiftSwim|FlipTurn,WaveCrash,AquaJet,LastRespects|||M|||50|,,,,,Grass]Gholdengo||LifeOrb|GoodasGold|Protect,MakeItRain,ShadowBall,NastyPlot||||||50|,,,,,Water]Incineroar||SafetyGoggles|Intimidate|FlareBlitz,KnockOff,PartingShot,FakeOut|||F|||50|,,,,,Ghost
|showteam|p2|Dragapult||LifeOrb|ClearBody|TeraBlast,DragonDarts,SuckerPunch,Protect|||F|||50|,,,,,Ghost]Sneasler||FocusSash|PoisonTouch|CloseCombat,DireClaw,FakeOut,Protect|||F|||50|,,,,,Stellar]Magmar||Eviolite|VitalSpirit|Overheat,FollowMe,ClearSmog,Protect|||F|||50|,,,,,Ghost]Azumarill||SitrusBerry|HugePower|AquaJet,PlayRough,BellyDrum,Protect|||M|||50|,,,,,Poison]Rillaboom||AssaultVest|GrassySurge|WoodHammer,GrassyGlide,FakeOut,HighHorsepower|||M|||50|,,,,,Fire]Ninetales-Alola||ChoiceSpecs|SnowWarning|Blizzard,Moonblast,IcyWind,FreezeDry|||M|||50|,,,,,Ghost
|inactive|Battle timer is ON: inactive players will automatically lose when time's up. (requested by Centiskorch18)
|c|☆Centiskorch18|glhf
|c|☆EnzoPS|glhf
|inactive|EnzoPS has 60 seconds left.
|inactive|Centiskorch18 has 60 seconds left.
|
|t:|1757780572
|teamsize|p1|4
|teamsize|p2|4
|start
|switch|p1a: Gholdengo|Gholdengo, L50|100/100
|switch|p1b: Incineroar|Incineroar, L50, F|100/100
|switch|p2a: Dragapult|Dragapult, L50, F|100/100
|switch|p2b: Sneasler|Sneasler, L50, F|100/100
|-ability|p1b: Incineroar|Intimidate|boost
|-fail|p2a: Dragapult|unboost|[from] ability: Clear Body|[of] p2a: Dragapult
|-unboost|p2b: Sneasler|atk|1
|turn|1
|inactive|EnzoPS has 30 seconds left.
|inactive|EnzoPS has 20 seconds left.
|inactive|EnzoPS has 15 seconds left.
|inactive|Centiskorch18 has 30 seconds left.
|
|t:|1757780626
|switch|p2a: Magmar|Magmar, L50, F|100/100
|switch|p1a: Archaludon|Archaludon, L50, M|100/100
|move|p2b: Sneasler|Protect|p2b: Sneasler
|-singleturn|p2b: Sneasler|Protect
|move|p1b: Incineroar|Parting Shot|p2b: Sneasler
|-activate|p2b: Sneasler|move: Protect
|
|upkeep
|turn|2
|inactive|EnzoPS has 30 seconds left.
|inactive|EnzoPS has 20 seconds left.
|inactive|EnzoPS has 15 seconds left.
|inactive|EnzoPS has 10 seconds left.
|
|t:|1757780674
|move|p2a: Magmar|Follow Me|p2a: Magmar
|-singleturn|p2a: Magmar|move: Follow Me
|move|p2b: Sneasler|Close Combat|p1a: Archaludon
|-supereffective|p1a: Archaludon
|-damage|p1a: Archaludon|38/100
|-unboost|p2b: Sneasler|def|1
|-unboost|p2b: Sneasler|spd|1
|-ability|p1a: Archaludon|Stamina|boost
|-boost|p1a: Archaludon|def|1
|move|p1a: Archaludon|Dragon Pulse|p2a: Magmar
|-damage|p2a: Magmar|76/100
|move|p1b: Incineroar|Knock Off|p2a: Magmar
|-damage|p2a: Magmar|36/100
|-enditem|p2a: Magmar|Eviolite|[from] move: Knock Off|[of] p1b: Incineroar
|
|upkeep
|turn|3
|inactive|EnzoPS has 30 seconds left.
|
|t:|1757780703
|switch|p1a: Gholdengo|Gholdengo, L50|100/100
|switch|p1b: Pelipper|Pelipper, L50, M, shiny|100/100
|-weather|RainDance|[from] ability: Drizzle|[of] p1b: Pelipper
|move|p2a: Magmar|Follow Me|p2a: Magmar
|-singleturn|p2a: Magmar|move: Follow Me
|move|p2b: Sneasler|Close Combat|p1b: Pelipper
|-resisted|p1b: Pelipper
|-damage|p1b: Pelipper|76/100
|-unboost|p2b: Sneasler|def|1
|-unboost|p2b: Sneasler|spd|1
|
|-weather|RainDance|[upkeep]
|upkeep
|turn|4
|inactive|Centiskorch18 has 30 seconds left.
|
|t:|1757780732
|switch|p2b: Rillaboom|Rillaboom, L50, M|100/100
|-fieldstart|move: Grassy Terrain|[from] ability: Grassy Surge|[of] p2b: Rillaboom
|switch|p1b: Incineroar|Incineroar, L50, F|100/100
|-ability|p1b: Incineroar|Intimidate|boost
|-unboost|p2a: Magmar|atk|1
|-unboost|p2b: Rillaboom|atk|1
|move|p1a: Gholdengo|Shadow Ball|p2a: Magmar
|-damage|p2a: Magmar|0 fnt
|faint|p2a: Magmar
|-damage|p1a: Gholdengo|91/100|[from] item: Life Orb
|
|-weather|RainDance|[upkeep]
|-heal|p1a: Gholdengo|97/100|[from] Grassy Terrain
|upkeep
|
|t:|1757780744
|switch|p2a: Sneasler|Sneasler, L50, F|100/100
|turn|5
|inactive|EnzoPS has 30 seconds left.
|inactive|Centiskorch18 has 30 seconds left.
|inactive|EnzoPS has 20 seconds left.
|inactive|EnzoPS has 15 seconds left.
|
|t:|1757780787
|-terastallize|p1b: Incineroar|Ghost
|move|p2a: Sneasler|Protect|p2a: Sneasler
|-singleturn|p2a: Sneasler|Protect
|move|p1a: Gholdengo|Protect|p1a: Gholdengo
|-singleturn|p1a: Gholdengo|Protect
|move|p2b: Rillaboom|High Horsepower|p1a: Gholdengo
|-activate|p1a: Gholdengo|move: Protect
|move|p1b: Incineroar|Knock Off|p2b: Rillaboom
|-damage|p2b: Rillaboom|52/100
|-enditem|p2b: Rillaboom|Assault Vest|[from] move: Knock Off|[of] p1b: Incineroar
|
|-weather|RainDance|[upkeep]
|-heal|p1a: Gholdengo|100/100|[from] Grassy Terrain
|-heal|p2b: Rillaboom|58/100|[from] Grassy Terrain
|upkeep
|turn|6
|inactive|EnzoPS has 30 seconds left.
|
|t:|1757780821
|switch|p1a: Pelipper|Pelipper, L50, M, shiny|76/100
|move|p2a: Sneasler|Dire Claw|p1b: Incineroar
|-resisted|p1b: Incineroar
|-damage|p1b: Incineroar|82/100
|-status|p1b: Incineroar|psn
|move|p2b: Rillaboom|Wood Hammer|p1b: Incineroar
|-damage|p1b: Incineroar|38/100 psn
|-damage|p2b: Rillaboom|44/100|[from] Recoil
|move|p1b: Incineroar|Knock Off|p2a: Sneasler
|-resisted|p2a: Sneasler
|-damage|p2a: Sneasler|59/100
|-enditem|p2a: Sneasler|Focus Sash|[from] move: Knock Off|[of] p1b: Incineroar
|
|-weather|RainDance|[upkeep]
|-heal|p2a: Sneasler|65/100|[from] Grassy Terrain
|-heal|p2b: Rillaboom|50/100|[from] Grassy Terrain
|-heal|p1b: Incineroar|44/100 psn|[from] Grassy Terrain
|-damage|p1b: Incineroar|32/100 psn|[from] psn
|upkeep
|turn|7
|inactive|EnzoPS has 30 seconds left.
|
|t:|1757780853
|switch|p1a: Archaludon|Archaludon, L50, M|38/100
|switch|p1b: Gholdengo|Gholdengo, L50|100/100
|move|p2a: Sneasler|Dire Claw|p1b: Gholdengo
|-immune|p1b: Gholdengo
|move|p2b: Rillaboom|Wood Hammer|p1a: Archaludon
|-resisted|p1a: Archaludon
|-damage|p1a: Archaludon|30/100
|-ability|p1a: Archaludon|Stamina|boost
|-boost|p1a: Archaludon|def|1
|-damage|p2b: Rillaboom|47/100|[from] Recoil
|
|-weather|none
|-heal|p2a: Sneasler|70/100|[from] Grassy Terrain
|-heal|p2b: Rillaboom|53/100|[from] Grassy Terrain
|-heal|p1a: Archaludon|36/100|[from] Grassy Terrain
|upkeep
|turn|8
|
|t:|1757780869
|switch|p1a: Incineroar|Incineroar, L50, F, tera:Ghost|32/100 psn
|-ability|p1a: Incineroar|Intimidate|boost
|-unboost|p2a: Sneasler|atk|1
|-unboost|p2b: Rillaboom|atk|1
|move|p2a: Sneasler|Close Combat|p1a: Incineroar
|-immune|p1a: Incineroar
|move|p1b: Gholdengo|Make It Rain|p2a: Sneasler|[spread] p2a,p2b
|-damage|p2a: Sneasler|0 fnt
|-damage|p2b: Rillaboom|0 fnt
|-unboost|p1b: Gholdengo|spa|1
|faint|p2a: Sneasler
|faint|p2b: Rillaboom
|-damage|p1b: Gholdengo|91/100|[from] item: Life Orb
|
|-heal|p1b: Gholdengo|97/100|[from] Grassy Terrain
|-heal|p1a: Incineroar|38/100 psn|[from] Grassy Terrain
|-damage|p1a: Incineroar|25/100 psn|[from] psn
|-fieldend|move: Grassy Terrain
|upkeep
|
|t:|1757780874
|switch|p2b: Dragapult|Dragapult, L50, F|100/100
|turn|9
|-message|Centiskorch18 forfeited.
|
|win|EnzoPS
|l|☆Centiskorch18
|player|p2|
||Centiskorch18 is ready for game 3.
||EnzoPS is ready for game 3.
|uhtml|next|Next: Game 3 of 3
