|j|☆tf is yaoi
|j|☆boober_magmar
|html|tf is yaoiboober_magmar    
|uhtml|bestof|Game 1 of a best-of-3
|t:|1757933125
|gametype|doubles
|player|p1|tf is yaoi|blaine|1216
|player|p2|boober_magmar|gambler|1291
|gen|9
|tier|[Gen 9] VGC 2025 Reg H (Bo3)
|rated|
|rule|Species Clause: Limit one of each Pokémon
|rule|Item Clause: Limit 1 of each item
|clearpoke
|poke|p1|Sneasler, L50, F|
|poke|p1|Indeedee, L50, M|
|poke|p1|Annihilape, L50, M|
|poke|p1|Tyranitar, L50, M|
|poke|p1|Excadrill, L50, F|
|poke|p1|Corviknight, L50, M|
|poke|p2|Annihilape, L50, M|
|poke|p2|Maushold-Four, L50|
|poke|p2|Sinistcha, L50|
|poke|p2|Klefki, L50, M|
|poke|p2|Ursaluna-Bloodmoon, L50, M|
|poke|p2|Ninetales-Alola, L50, F|
|teampreview|4
|showteam|p1|Sneasler||PsychicSeed|Unburden|CloseCombat,DireClaw,ThroatChop,Protect|||F|||50|,,,,,Dark]Indeedee||ChoiceScarf|PsychicSurge|ExpandingForce,TeraBlast,Trick,Protect|||M|||50|,,,,,Psychic]Annihilape||SafetyGoggles|Defiant|CloseCombat,RageFist,Taunt,FinalGambit|||M|||50|,,,,,Fairy]Tyranitar||AssaultVest|SandStream|RockSlide,KnockOff,TeraBlast,LowKick|||M|||50|,,,,,Flying]Excadrill||FocusSash|SandRush|IronHead,HighHorsepower,Earthquake,Protect|||F|||50|,,,,,Ground]Corviknight||SitrusBerry|MirrorArmor|BraveBird,BulkUp,Roost,Tailwind|||M|||50|,,,,,Dragon
|showteam|p2|Annihilape||Leftovers|Defiant|DrainPunch,RageFist,BulkUp,Protect|||M|||50|,,,,,Fire]Maushold-Four||SafetyGoggles|FriendGuard|BeatUp,Taunt,FollowMe,Protect||||||50|,,,,,Ghost]Sinistcha||SitrusBerry|Hospitality|MatchaGotcha,TrickRoom,LifeDew,RagePowder||||||50|,,,,,Water]Klefki||LightClay|Prankster|Reflect,LightScreen,MistyTerrain,DazzlingGleam|||M|||50|,,,,,Ghost]Ursaluna-Bloodmoon||AssaultVest|MindsEye|HyperVoice,EarthPower,BloodMoon,VacuumWave|||M|||50|,,,,,Water]Ninetales-Alola||FocusSash|SnowWarning|Blizzard,FreezeDry,Encore,Protect|||F|||50|,,,,,Ghost
|inactive|Battle timer is ON: inactive players will automatically lose when time's up. (requested by tf is yaoi)
|inactive|tf is yaoi has 60 seconds left.
|
|t:|1757933162
|teamsize|p1|4
|teamsize|p2|4
|start
|switch|p1a: Indeedee|Indeedee, L50, M|100/100
|switch|p1b: Corviknight|Corviknight, L50, M|100/100
|switch|p2a: Klefki|Klefki, L50, M|100/100
|switch|p2b: Ursaluna|Ursaluna-Bloodmoon, L50, M|100/100
|-fieldstart|move: Psychic Terrain|[from] ability: Psychic Surge|[of] p1a: Indeedee
|turn|1
|
|t:|1757933182
|move|p2a: Klefki|Misty Terrain|p2a: Klefki
|-fieldstart|move: Misty Terrain
|move|p1a: Indeedee|Trick|p2b: Ursaluna
|-activate|p1a: Indeedee|move: Trick|[of] p2b: Ursaluna
|-item|p2b: Ursaluna|Choice Scarf|[from] move: Trick
|-item|p1a: Indeedee|Assault Vest|[from] move: Trick
|move|p2b: Ursaluna|Hyper Voice|p1a: Indeedee|[spread] p1a,p1b
|-resisted|p1b: Corviknight
|-damage|p1a: Indeedee|67/100
|-damage|p1b: Corviknight|83/100
|move|p1b: Corviknight|Tailwind|p1b: Corviknight
|-sidestart|p1: tf is yaoi|move: Tailwind
|
|upkeep
|turn|2
|
|t:|1757933198
|switch|p1a: Tyranitar|Tyranitar, L50, M|100/100
|-weather|Sandstorm|[from] ability: Sand Stream|[of] p1a: Tyranitar
|move|p2a: Klefki|Reflect|p2a: Klefki
|-sidestart|p2: boober_magmar|Reflect
|move|p1b: Corviknight|Bulk Up|p1b: Corviknight
|-boost|p1b: Corviknight|atk|1
|-boost|p1b: Corviknight|def|1
|move|p2b: Ursaluna|Hyper Voice|p1a: Tyranitar|[spread] p1a,p1b
|-resisted|p1a: Tyranitar
|-resisted|p1b: Corviknight
|-damage|p1a: Tyranitar|93/100
|-damage|p1b: Corviknight|68/100
|
|-weather|Sandstorm|[upkeep]
|upkeep
|turn|3
|
|t:|1757933218
|switch|p2b: Ninetales|Ninetales-Alola, L50, F|100/100
|-weather|Snowscape|[from] ability: Snow Warning|[of] p2b: Ninetales
|move|p1a: Tyranitar|Rock Slide|p2b: Ninetales|[spread] p2a,p2b
|-resisted|p2a: Klefki
|-supereffective|p2b: Ninetales
|-damage|p2a: Klefki|89/100
|-damage|p2b: Ninetales|57/100
|move|p1b: Corviknight|Bulk Up|p1b: Corviknight
|-boost|p1b: Corviknight|atk|1
|-boost|p1b: Corviknight|def|1
|cant|p2a: Klefki|flinch
|
|-weather|Snowscape|[upkeep]
|upkeep
|turn|4
|
|t:|1757933241
|switch|p1a: Indeedee|Indeedee, L50, M|67/100
|-fieldstart|move: Psychic Terrain|[from] ability: Psychic Surge|[of] p1a: Indeedee
|move|p2b: Ninetales|Protect|p2b: Ninetales
|-singleturn|p2b: Ninetales|Protect
|move|p1b: Corviknight|Brave Bird|p2b: Ninetales
|-activate|p2b: Ninetales|move: Protect
|move|p2a: Klefki|Dazzling Gleam|p1b: Corviknight|[spread] p1a,p1b
|-resisted|p1b: Corviknight
|-damage|p1a: Indeedee|50/100
|-damage|p1b: Corviknight|61/100
|
|-weather|Snowscape|[upkeep]
|-sideend|p1: tf is yaoi|move: Tailwind
|upkeep
|turn|5
|
|t:|1757933254
|switch|p1a: Tyranitar|Tyranitar, L50, M|93/100
|-weather|Sandstorm|[from] ability: Sand Stream|[of] p1a: Tyranitar
|move|p2a: Klefki|Misty Terrain|p2a: Klefki
|-fieldstart|move: Misty Terrain
|move|p2b: Ninetales|Blizzard|p1a: Tyranitar|[spread] p1a,p1b
|-damage|p1a: Tyranitar|80/100
|-damage|p1b: Corviknight|35/100
|-enditem|p1b: Corviknight|Sitrus Berry|[eat]
|-heal|p1b: Corviknight|60/100|[from] item: Sitrus Berry
|move|p1b: Corviknight|Brave Bird|p2b: Ninetales
|-damage|p2b: Ninetales|0 fnt
|faint|p2b: Ninetales
|-damage|p1b: Corviknight|46/100|[from] Recoil
|
|-weather|Sandstorm|[upkeep]
|upkeep
|
|t:|1757933270
|switch|p2b: Annihilape|Annihilape, L50, M|100/100
|turn|6
|
|t:|1757933290
|switch|p1a: Annihilape|Annihilape, L50, M|100/100
|-terastallize|p2b: Annihilape|Fire
|move|p2b: Annihilape|Bulk Up|p2b: Annihilape
|-boost|p2b: Annihilape|atk|1
|-boost|p2b: Annihilape|def|1
|move|p1b: Corviknight|Roost|p1b: Corviknight
|-heal|p1b: Corviknight|96/100
|-singleturn|p1b: Corviknight|move: Roost
|move|p2a: Klefki|Dazzling Gleam|p1b: Corviknight|[spread] p1a,p1b
|-supereffective|p1a: Annihilape
|-resisted|p1b: Corviknight
|-damage|p1a: Annihilape|68/100
|-damage|p1b: Corviknight|89/100
|
|-weather|Sandstorm|[upkeep]
|-damage|p2b: Annihilape|94/100|[from] Sandstorm
|-heal|p2b: Annihilape|100/100|[from] item: Leftovers
|upkeep
|turn|7
|inactive|tf is yaoi has 30 seconds left.
|
|t:|1757933318
|move|p2b: Annihilape|Bulk Up|p2b: Annihilape
|-boost|p2b: Annihilape|atk|1
|-boost|p2b: Annihilape|def|1
|move|p1a: Annihilape|Final Gambit|p2a: Klefki
|-damage|p2a: Klefki|3/100
|faint|p1a: Annihilape
|move|p1b: Corviknight|Tailwind|p1b: Corviknight
|-sidestart|p1: tf is yaoi|move: Tailwind
|move|p2a: Klefki|Dazzling Gleam|p1b: Corviknight
|-resisted|p1b: Corviknight
|-damage|p1b: Corviknight|78/100
|
|-weather|Sandstorm|[upkeep]
|-damage|p2b: Annihilape|94/100|[from] Sandstorm
|-heal|p2b: Annihilape|100/100|[from] item: Leftovers
|upkeep
|
|t:|1757933329
|switch|p1a: Tyranitar|Tyranitar, L50, M|80/100
|turn|8
|
|t:|1757933341
|-terastallize|p1a: Tyranitar|Flying
|move|p1a: Tyranitar|Low Kick|p2a: Klefki
|-damage|p2a: Klefki|0 fnt
|faint|p2a: Klefki
|move|p1b: Corviknight|Bulk Up|p1b: Corviknight
|-boost|p1b: Corviknight|atk|1
|-boost|p1b: Corviknight|def|1
|move|p2b: Annihilape|Drain Punch|p1b: Corviknight
|-crit|p1b: Corviknight
|-damage|p1b: Corviknight|3/100
|
|-weather|Sandstorm|[upkeep]
|-damage|p1a: Tyranitar|74/100|[from] Sandstorm
|-damage|p2b: Annihilape|94/100|[from] Sandstorm
|-heal|p2b: Annihilape|100/100|[from] item: Leftovers
|upkeep
|
|t:|1757933353
|switch|p2a: Ursaluna|Ursaluna-Bloodmoon, L50, M|100/100
|turn|9
|
|t:|1757933374
|move|p2a: Ursaluna|Vacuum Wave|p1b: Corviknight
|-damage|p1b: Corviknight|0 fnt
|faint|p1b: Corviknight
|move|p1a: Tyranitar|Rock Slide|p2b: Annihilape|[spread] p2a,p2b
|-resisted|p2a: Ursaluna
|-crit|p2a: Ursaluna
|-supereffective|p2b: Annihilape
|-damage|p2a: Ursaluna|84/100
|-damage|p2b: Annihilape|77/100
|move|p2b: Annihilape|Rage Fist|p1a: Tyranitar
|-damage|p1a: Tyranitar|0 fnt
|faint|p1a: Tyranitar
|
|-weather|none
|-heal|p2b: Annihilape|84/100|[from] item: Leftovers
|-sideend|p2: boober_magmar|Reflect
|-fieldend|Misty Terrain
|upkeep
|-message|tf is yaoi forfeited.
|
|win|boober_magmar
|l|☆tf is yaoi
|player|p1|
||tf is yaoi is ready for game 2.
||boober_magmar is ready for game 2.
|uhtml|next|Next: Game 2 of 3
|l|☆boober_magmar
|player|p2|
