|j|☆standardamerican
|j|☆Lord_Matrix24
|html|standardamericanLord_Matrix24    
|uhtml|bestof|Game 1 of a best-of-3
|t:|1784740386
|gametype|doubles
|player|p1|standardamerican|266|
|player|p2|Lord_Matrix24|steven|
|gen|9
|tier|[Gen 9 Champions] VGC 2026 Reg M-B (Bo3)
|rule|Species Clause: Limit one of each Pokémon
|rule|Item Clause: Limit 1 of each item
|clearpoke
|poke|p1|Sinistcha, L50|
|poke|p1|Incineroar, L50, M|
|poke|p1|Milotic, L50, F|
|poke|p1|Raichu, L50, M|
|poke|p1|Gardevoir, L50, F|
|poke|p1|Ceruledge, L50, F|
|poke|p2|Charizard, L50, M|
|poke|p2|Venusaur, L50, M|
|poke|p2|Hydreigon, L50, F|
|poke|p2|Incineroar, L50, M|
|poke|p2|Toxapex, L50, M|
|poke|p2|Sylveon, L50, F|
|teampreview|4
|showteam|p1|Sinistcha||KasibBerry|Hospitality|MatchaGotcha,Imprison,RagePowder,Protect|Relaxed|||||50|]Incineroar||SitrusBerry|Intimidate|FlareBlitz,DarkestLariat,FakeOut,PartingShot|Careful||M|||50|]Milotic||Leftovers|Competitive|MuddyWater,Coil,Hypnosis,Protect|Calm||F|||50|]Raichu||RaichuniteY|LightningRod|ZapCannon,FocusBlast,FakeOut,Protect|Timid||M|||50|]Gardevoir||Gardevoirite|Trace|HyperVoice,Psyshock,TrickRoom,Protect|Modest||F|||50|]Ceruledge||ColburBerry|FlashFire|BitterBlade,ShadowSneak,BulkUp,Protect|Adamant||F|||50|
|showteam|p2|Charizard||CharizarditeY|Blaze|HeatWave,SolarBeam,WeatherBall,Protect|Bold||M|||50|]Venusaur||FocusSash|Chlorophyll|SludgeBomb,EarthPower,SleepPowder,Protect|Modest||M|||50|]Hydreigon||ChoiceScarf|Levitate|DarkPulse,DracoMeteor,Uturn,EarthPower|Modest||F|||50|]Incineroar||SitrusBerry|Intimidate|FlareBlitz,DarkestLariat,FakeOut,PartingShot|Impish||M|||50|]Toxapex||Leftovers|Regenerator|Infestation,Toxic,WideGuard,BanefulBunker|Impish||M|||50|]Sylveon||FairyFeather|Pixilate|HyperVoice,QuickAttack,HyperBeam,Detect|Bold||F|||50|
|
|t:|1784740427
|teamsize|p1|4
|teamsize|p2|4
|start
|switch|p1a: Incineroar|Incineroar, L50, M|100/100
|switch|p1b: Gardevoir|Gardevoir, L50, F|100/100
|switch|p2a: Charizard|Charizard, L50, M|100/100
|switch|p2b: Incineroar|Incineroar, L50, M|100/100
|-ability|p1b: Gardevoir|Intimidate|Trace|[from] ability: Trace|[of] p2b: Incineroar
|-ability|p1b: Gardevoir|Intimidate|boost
|-unboost|p2a: Charizard|atk|1
|-unboost|p2b: Incineroar|atk|1
|-ability|p1a: Incineroar|Intimidate|boost
|-unboost|p2a: Charizard|atk|1
|-unboost|p2b: Incineroar|atk|1
|-ability|p2b: Incineroar|Intimidate|boost
|-unboost|p1a: Incineroar|atk|1
|-unboost|p1b: Gardevoir|atk|1
|turn|1
|inactive|Battle timer is ON: inactive players will automatically lose when time's up. (requested by Lord_Matrix24)
|
|t:|1784740461
|switch|p1b: Ceruledge|Ceruledge, L50, F|100/100
|move|p2a: Charizard|Protect|p2a: Charizard
|-singleturn|p2a: Charizard|Protect
|move|p1a: Incineroar|Fake Out|p2b: Incineroar
|-damage|p2b: Incineroar|93/100
|cant|p2b: Incineroar|flinch
|
|upkeep
|turn|2
|
|t:|1784740481
|switch|p2a: Hydreigon|Hydreigon, L50, F|100/100
|move|p1b: Ceruledge|Bulk Up|p1b: Ceruledge
|-boost|p1b: Ceruledge|atk|1
|-boost|p1b: Ceruledge|def|1
|move|p1a: Incineroar|Parting Shot|p2b: Incineroar
|-unboost|p2b: Incineroar|atk|1
|-unboost|p2b: Incineroar|spa|1
|
|t:|1784740489
|switch|p1a: Gardevoir|Gardevoir, L50, F|100/100|[from] Parting Shot
|-ability|p1a: Gardevoir|Intimidate|Trace|[from] ability: Trace|[of] p2b: Incineroar
|-ability|p1a: Gardevoir|Intimidate|boost
|-unboost|p2a: Hydreigon|atk|1
|-unboost|p2b: Incineroar|atk|1
|move|p2b: Incineroar|Parting Shot|p1b: Ceruledge
|-unboost|p1b: Ceruledge|atk|1
|-unboost|p1b: Ceruledge|spa|1
|
|t:|1784740506
|switch|p2b: Charizard|Charizard, L50, M|100/100|[from] Parting Shot
|
|upkeep
|turn|3
|
|t:|1784740526
|switch|p1b: Incineroar|Incineroar, L50, M|100/100
|-ability|p1b: Incineroar|Intimidate|boost
|-unboost|p2a: Hydreigon|atk|1
|-unboost|p2b: Charizard|atk|1
|detailschange|p2b: Charizard|Charizard-Mega-Y, L50, M
|-mega|p2b: Charizard|Charizard|Charizardite Y
|-weather|SunnyDay|[from] ability: Drought|[of] p2b: Charizard
|detailschange|p1a: Gardevoir|Gardevoir-Mega, L50, F
|-mega|p1a: Gardevoir|Gardevoir|Gardevoirite
|move|p2a: Hydreigon|U-turn|p1a: Gardevoir
|-damage|p1a: Gardevoir|90/100
|
|t:|1784740541
|switch|p2a: Incineroar|Incineroar, L50, M|93/100|[from] U-turn
|-ability|p2a: Incineroar|Intimidate|boost
|-unboost|p1a: Gardevoir|atk|1
|-unboost|p1b: Incineroar|atk|1
|move|p2b: Charizard|Weather Ball|p1a: Gardevoir
|-damage|p1a: Gardevoir|23/100
|move|p1a: Gardevoir|Trick Room|p1a: Gardevoir
|-fieldstart|move: Trick Room|[of] p1a: Gardevoir
|
|-weather|SunnyDay|[upkeep]
|upkeep
|turn|4
|inactive|standardamerican has 30 seconds left.
|
|t:|1784740569
|move|p2a: Incineroar|Fake Out|p1b: Incineroar
|-damage|p1b: Incineroar|91/100
|cant|p1b: Incineroar|flinch
|move|p1a: Gardevoir|Hyper Voice|p2b: Charizard|[spread] p2a,p2b
|-resisted|p2b: Charizard|1
|-damage|p2a: Incineroar|45/100
|-damage|p2b: Charizard|77/100
|-enditem|p2a: Incineroar|Sitrus Berry|[eat]
|-heal|p2a: Incineroar|70/100|[from] item: Sitrus Berry
|move|p2b: Charizard|Heat Wave|p1a: Gardevoir|[spread] p1a,p1b
|-resisted|p1b: Incineroar|1
|-damage|p1a: Gardevoir|0 fnt
|-damage|p1b: Incineroar|69/100
|faint|p1a: Gardevoir
|
|-weather|SunnyDay|[upkeep]
|upkeep
|
|t:|1784740583
|switch|p1a: Ceruledge|Ceruledge, L50, F|100/100
|turn|5
|
|t:|1784740603
|switch|p1a: Milotic|Milotic, L50, F|100/100
|switch|p2b: Hydreigon|Hydreigon, L50, F|100/100
|move|p2a: Incineroar|Darkest Lariat|p1a: Milotic
|-damage|p1a: Milotic|72/100
|move|p1b: Incineroar|Flare Blitz|p2b: Hydreigon
|-resisted|p2b: Hydreigon|1
|-damage|p2b: Hydreigon|71/100
|-damage|p1b: Incineroar|61/100|[from] Recoil
|
|-weather|SunnyDay|[upkeep]
|-heal|p1a: Milotic|78/100|[from] item: Leftovers
|upkeep
|turn|6
|inactive|Lord_Matrix24 has 30 seconds left.
|inactive|Lord_Matrix24 has 20 seconds left.
|inactive|Lord_Matrix24 has 15 seconds left.
|
|t:|1784740643
|switch|p2a: Venusaur|Venusaur, L50, M|100/100
|move|p1b: Incineroar|Parting Shot|p2b: Hydreigon
|-unboost|p2b: Hydreigon|atk|1
|-unboost|p2b: Hydreigon|spa|1
|
|t:|1784740650
|switch|p1b: Ceruledge|Ceruledge, L50, F|100/100|[from] Parting Shot
|move|p1a: Milotic|Coil|p1a: Milotic
|-boost|p1a: Milotic|atk|1
|-boost|p1a: Milotic|def|1
|-boost|p1a: Milotic|accuracy|1
|move|p2b: Hydreigon|Draco Meteor|p1a: Milotic
|-damage|p1a: Milotic|49/100
|-unboost|p2b: Hydreigon|spa|2
|
|-weather|SunnyDay|[upkeep]
|-heal|p1a: Milotic|54/100|[from] item: Leftovers
|upkeep
|turn|7
|inactive|standardamerican has 30 seconds left.
|
|t:|1784740680
|switch|p1b: Incineroar|Incineroar, L50, M|61/100
|-ability|p1b: Incineroar|Intimidate|boost
|-unboost|p2a: Venusaur|atk|1
|-unboost|p2b: Hydreigon|atk|1
|switch|p2b: Incineroar|Incineroar, L50, M|70/100
|-ability|p2b: Incineroar|Intimidate|boost
|-unboost|p1a: Milotic|atk|1
|-ability|p1a: Milotic|Competitive|boost
|-boost|p1a: Milotic|spa|2
|-unboost|p1b: Incineroar|atk|1
|move|p2a: Venusaur|Protect|p2a: Venusaur
|-singleturn|p2a: Venusaur|Protect
|move|p1a: Milotic|Hypnosis|p2b: Incineroar
|-status|p2b: Incineroar|slp|[from] move: Hypnosis
|
|-weather|none
|-heal|p1a: Milotic|60/100|[from] item: Leftovers
|-fieldend|move: Trick Room
|upkeep
|turn|8
|inactive|Lord_Matrix24 has 30 seconds left.
|
|t:|1784740714
|switch|p2a: Charizard|Charizard-Mega-Y, L50, M|77/100
|-weather|SunnyDay|[from] ability: Drought|[of] p2a: Charizard
|switch|p2b: Hydreigon|Hydreigon, L50, F|71/100
|move|p1b: Incineroar|Fake Out|p2a: Charizard
|-damage|p2a: Charizard|69/100
|move|p1a: Milotic|Hypnosis|p2a: Charizard
|-status|p2a: Charizard|slp|[from] move: Hypnosis
|
|-weather|SunnyDay|[upkeep]
|-heal|p1a: Milotic|66/100|[from] item: Leftovers
|upkeep
|turn|9
|
|t:|1784740732
|switch|p2a: Incineroar|Incineroar, L50, M|70/100 slp
|-ability|p2a: Incineroar|Intimidate|boost
|-unboost|p1a: Milotic|atk|1
|-ability|p1a: Milotic|Competitive|boost
|-boost|p1a: Milotic|spa|2
|-unboost|p1b: Incineroar|atk|1
|move|p1a: Milotic|Protect|p1a: Milotic
|-singleturn|p1a: Milotic|Protect
|move|p2b: Hydreigon|Earth Power|p1b: Incineroar
|-supereffective|p1b: Incineroar|1
|-damage|p1b: Incineroar|10/100
|-enditem|p1b: Incineroar|Sitrus Berry|[eat]
|-heal|p1b: Incineroar|35/100|[from] item: Sitrus Berry
|move|p1b: Incineroar|Parting Shot|p2b: Hydreigon
|-unboost|p2b: Hydreigon|atk|1
|-unboost|p2b: Hydreigon|spa|1
|
|t:|1784740749
|switch|p1b: Ceruledge|Ceruledge, L50, F|100/100|[from] Parting Shot
|
|-weather|SunnyDay|[upkeep]
|-heal|p1a: Milotic|72/100|[from] item: Leftovers
|upkeep
|turn|10
|
|t:|1784740763
|move|p2b: Hydreigon|Earth Power|p1b: Ceruledge
|-supereffective|p1b: Ceruledge|1
|-damage|p1b: Ceruledge|51/100
|move|p1b: Ceruledge|Bulk Up|p1b: Ceruledge
|-boost|p1b: Ceruledge|atk|1
|-boost|p1b: Ceruledge|def|1
|move|p1a: Milotic|Muddy Water|p2b: Hydreigon|[spread] p2a,p2b
|-supereffective|p2a: Incineroar|1
|-resisted|p2b: Hydreigon|1
|-damage|p2a: Incineroar|15/100 slp
|-damage|p2b: Hydreigon|50/100g
|cant|p2a: Incineroar|slp
|
|-weather|SunnyDay|[upkeep]
|-heal|p1a: Milotic|78/100|[from] item: Leftovers
|upkeep
|turn|11
|
|t:|1784740787
|move|p2b: Hydreigon|Earth Power|p1a: Milotic
|-damage|p1a: Milotic|63/100
|move|p1b: Ceruledge|Bitter Blade|p2b: Hydreigon
|-resisted|p2b: Hydreigon|1
|-damage|p2b: Hydreigon|0 fnt
|-heal|p1b: Ceruledge|75/100|[from] drain|[of] p2b: Hydreigon
|faint|p2b: Hydreigon
|move|p1a: Milotic|Coil|p1a: Milotic
|-boost|p1a: Milotic|atk|1
|-boost|p1a: Milotic|def|1
|-boost|p1a: Milotic|accuracy|1
|cant|p2a: Incineroar|slp
|
|-weather|SunnyDay|[upkeep]
|-heal|p1a: Milotic|69/100|[from] item: Leftovers
|upkeep
|
|t:|1784740801
|switch|p2b: Venusaur|Venusaur, L50, M|100/100
|turn|12
|
|t:|1784740819
|move|p2b: Venusaur|Protect|p2b: Venusaur
|-singleturn|p2b: Venusaur|Protect
|move|p1b: Ceruledge|Protect|p1b: Ceruledge
|-singleturn|p1b: Ceruledge|Protect
|move|p1a: Milotic|Protect|p1a: Milotic
|-singleturn|p1a: Milotic|Protect
|-curestatus|p2a: Incineroar|slp|[msg]
|move|p2a: Incineroar|Darkest Lariat|p1b: Ceruledge
|-activate|p1b: Ceruledge|move: Protect
|
|-weather|none
|-heal|p1a: Milotic|75/100|[from] item: Leftovers
|upkeep
|turn|13
|
|t:|1784740841
|switch|p2b: Charizard|Charizard-Mega-Y, L50, M|69/100 slp
|-weather|SunnyDay|[from] ability: Drought|[of] p2b: Charizard
|move|p1b: Ceruledge|Shadow Sneak|p2b: Charizard
|-damage|p2b: Charizard|36/100 slp
|move|p1a: Milotic|Hypnosis|p2b: Charizard
|-fail|p2b: Charizard|slp
|move|p2a: Incineroar|Darkest Lariat|p1b: Ceruledge
|-supereffective|p1b: Ceruledge|1
|-enditem|p1b: Ceruledge|Colbur Berry|[eat]
|-enditem|p1b: Ceruledge|Colbur Berry|[weaken]
|-damage|p1b: Ceruledge|43/100
|
|-weather|SunnyDay|[upkeep]
|-heal|p1a: Milotic|81/100|[from] item: Leftovers
|upkeep
|turn|14
|
|t:|1784740860
|cant|p2b: Charizard|slp
|move|p1b: Ceruledge|Bulk Up|p1b: Ceruledge
|-boost|p1b: Ceruledge|atk|1
|-boost|p1b: Ceruledge|def|1
|move|p1a: Milotic|Muddy Water|p2b: Charizard|[spread] p2a,p2b
|-supereffective|p2a: Incineroar|1
|-supereffective|p2b: Charizard|1
|-damage|p2a: Incineroar|0 fnt
|-damage|p2b: Charizard|0 fnt
|faint|p2a: Incineroar
|faint|p2b: Charizard
|
|-weather|SunnyDay|[upkeep]
|-heal|p1a: Milotic|87/100|[from] item: Leftovers
|upkeep
|
|t:|1784740873
|switch|p2a: Venusaur|Venusaur, L50, M|100/100
|turn|15
|
|t:|1784740883
|move|p1b: Ceruledge|Shadow Sneak|p2a: Venusaur
|-damage|p2a: Venusaur|49/100
|move|p2a: Venusaur|Earth Power|p1b: Ceruledge
|-supereffective|p1b: Ceruledge|1
|-damage|p1b: Ceruledge|0 fnt
|faint|p1b: Ceruledge
|move|p1a: Milotic|Hypnosis|p2a: Venusaur
|-status|p2a: Venusaur|slp|[from] move: Hypnosis
|
|-weather|SunnyDay|[upkeep]
|-heal|p1a: Milotic|93/100|[from] item: Leftovers
|upkeep
|
|t:|1784740889
|switch|p1b: Incineroar|Incineroar, L50, M|35/100
|-ability|p1b: Incineroar|Intimidate|boost
|-unboost|p2a: Venusaur|atk|1
|turn|16
|
|t:|1784740895
|cant|p2a: Venusaur|slp
|move|p1a: Milotic|Muddy Water|p2a: Venusaur
|-resisted|p2a: Venusaur|1
|-damage|p2a: Venusaur|26/100 slp
|move|p1b: Incineroar|Flare Blitz|p2a: Venusaur
|-supereffective|p2a: Venusaur|1
|-damage|p2a: Venusaur|0 fnt
|faint|p2a: Venusaur
|-damage|p1b: Incineroar|28/100|[from] Recoil
|
|win|standardamerican
