|j|☆Alfaceb
|j|☆testforlose
|html|Alfacebtestforlose    
|uhtml|bestof|Game 1 of a best-of-3
|t:|1782654442
|gametype|doubles
|player|p1|Alfaceb|pokefan|1134
|player|p2|testforlose|ghetsis-gen5bw|1294
|gen|9
|tier|[Gen 9 Champions] VGC 2026 Reg M-B (Bo3)
|rated|
|rule|Species Clause: Limit one of each Pokémon
|rule|Item Clause: Limit 1 of each item
|clearpoke
|poke|p1|Charizard, L50, M|
|poke|p1|Aerodactyl, L50, F, shiny|
|poke|p1|Venusaur, L50, M|
|poke|p1|Clefable, L50, F|
|poke|p1|Blastoise, L50, M|
|poke|p1|Kangaskhan, L50, F|
|poke|p2|Charizard, L50, F|
|poke|p2|Garchomp, L50, F|
|poke|p2|Aerodactyl, L50, M|
|poke|p2|Farigiraf, L50, M|
|poke|p2|Kingambit, L50, F|
|poke|p2|Sylveon, L50, F|
|teampreview|4
|showteam|p1|Charizard||CharizarditeY|SolarPower|HeatWave,WeatherBall,Protect,SolarBeam|Modest||M|||50|]Aerodactyl||FocusSash|Unnerve|DualWingbeat,RockSlide,Protect,Tailwind|Jolly||F|||50|]Venusaur||LifeOrb|Chlorophyll|SleepPowder,SludgeBomb,EnergyBall,Protect|Modest||M|||50|]Clefable||FairyFeather|Unaware|FollowMe,Moonblast,LifeDew,HelpingHand|Modest||F|||50|]Blastoise||Blastoisinite|Torrent|ShellSmash,WaterSpout,AuraSphere,Protect|Modest||M|||50|]Kangaskhan||SilkScarf|Scrappy|FakeOut,LastResort|Adamant||F|||50|
|showteam|p2|Charizard||CharizarditeY|Blaze|HeatWave,WeatherBall,SolarBeam,Protect|Modest||F|||50|]Garchomp||LifeOrb|RoughSkin|Earthquake,DragonClaw,StompingTantrum,Protect|Jolly||F|||50|]Aerodactyl||Aerodactylite|Unnerve|RockSlide,DualWingbeat,IceFang,Tailwind|Jolly||M|||50|]Farigiraf||SitrusBerry|ArmorTail|Psychic,Thunderbolt,TrickRoom,Protect|Bold||M|||50|]Kingambit||FocusSash|Defiant|KowtowCleave,IronHead,SuckerPunch,LowKick|Adamant||F|||50|]Sylveon||FairyFeather|Pixilate|HyperVoice,HyperBeam,QuickAttack,Detect|Modest||F|||50|
|l|☆Alfaceb
|player|p1|
|j|☆Alfaceb
|player|p1|Alfaceb|pokefan|
|inactive|Battle timer is ON: inactive players will automatically lose when time's up. (requested by testforlose)
|l|☆Alfaceb
|inactive|Alfaceb disconnected and has a minute to reconnect!
|player|p1|
|j|☆Alfaceb
|inactive|Alfaceb reconnected and has 70 seconds left.
|player|p1|Alfaceb|pokefan|
|
|t:|1782654500
|teamsize|p1|4
|teamsize|p2|4
|start
|switch|p1a: Blastoise|Blastoise, L50, M|100/100
|switch|p1b: Kangaskhan|Kangaskhan, L50, F|100/100
|switch|p2a: Aerodactyl|Aerodactyl, L50, M|100/100
|switch|p2b: Garchomp|Garchomp, L50, F|100/100
|-ability|p2a: Aerodactyl|Unnerve
|turn|1
|inactive|testforlose has 30 seconds left.
|inactive|testforlose has 20 seconds left.
|inactive|testforlose has 15 seconds left.
|inactive|testforlose has 10 seconds left.
|
|t:|1782654547
|switch|p2b: Farigiraf|Farigiraf, L50, M|100/100
|detailschange|p2a: Aerodactyl|Aerodactyl-Mega, L50, M
|-mega|p2a: Aerodactyl|Aerodactyl|Aerodactylite
|detailschange|p1a: Blastoise|Blastoise-Mega, L50, M
|-mega|p1a: Blastoise|Blastoise|Blastoisinite
|move|p1b: Kangaskhan|Fake Out||[still]
|cant|p2b: Farigiraf|ability: Armor Tail|Fake Out|[of] p1b: Kangaskhan
|move|p2a: Aerodactyl|Tailwind|p2a: Aerodactyl
|-sidestart|p2: testforlose|move: Tailwind
|move|p1a: Blastoise|Shell Smash|p1a: Blastoise
|-unboost|p1a: Blastoise|def|1
|-unboost|p1a: Blastoise|spd|1
|-boost|p1a: Blastoise|atk|2
|-boost|p1a: Blastoise|spa|2
|-boost|p1a: Blastoise|spe|2
|
|upkeep
|turn|2
|l|☆Alfaceb
|inactive|Alfaceb disconnected and has a minute to reconnect!
|player|p1|
|j|☆Alfaceb
|inactive|Alfaceb reconnected and has 35 seconds left.
|player|p1|Alfaceb|pokefan|
|inactive|Alfaceb has 30 seconds left.
|inactive|Alfaceb has 20 seconds left.
|
|t:|1782654582
|move|p2a: Aerodactyl|Rock Slide|p1b: Kangaskhan|[spread] p1a,p1b
|-crit|p1b: Kangaskhan
|-damage|p1a: Blastoise|63/100
|-damage|p1b: Kangaskhan|53/100
|move|p1a: Blastoise|Water Spout|p2b: Farigiraf|[spread] p2a,p2b
|-supereffective|p2a: Aerodactyl|1
|-damage|p2a: Aerodactyl|0 fnt
|-damage|p2b: Farigiraf|23/100
|-enditem|p2b: Farigiraf|Sitrus Berry|[eat]
|-heal|p2b: Farigiraf|48/100|[from] item: Sitrus Berry
|faint|p2a: Aerodactyl
|move|p2b: Farigiraf|Thunderbolt|p1a: Blastoise
|-supereffective|p1a: Blastoise|1
|-damage|p1a: Blastoise|1/100
|move|p1b: Kangaskhan|Last Resort|p2b: Farigiraf
|-damage|p2b: Farigiraf|0 fnt
|faint|p2b: Farigiraf
|
|upkeep
|
|t:|1782654597
|switch|p2a: Kingambit|Kingambit, L50, F|100/100
|switch|p2b: Garchomp|Garchomp, L50, F|100/100
|turn|3
|inactive|testforlose has 30 seconds left.
|inactive|testforlose has 20 seconds left.
|inactive|Alfaceb has 30 seconds left.
|
|t:|1782654638
|move|p1a: Blastoise|Protect|p1a: Blastoise
|-singleturn|p1a: Blastoise|Protect
|move|p2b: Garchomp|Stomping Tantrum|p1a: Blastoise
|-activate|p1a: Blastoise|move: Protect
|move|p2a: Kingambit|Iron Head|p1b: Kangaskhan
|-damage|p1b: Kangaskhan|0 fnt
|faint|p1b: Kangaskhan
|
|upkeep
|
|t:|1782654656
|switch|p1b: Clefable|Clefable, L50, F|100/100
|turn|4
|
|t:|1782654675
|move|p2b: Garchomp|Earthquake|p1b: Clefable|[spread] p2a,p1a,p1b
|-supereffective|p2a: Kingambit|1
|-damage|p2a: Kingambit|7/100
|-damage|p1a: Blastoise|0 fnt
|-damage|p1b: Clefable|49/100
|faint|p1a: Blastoise
|-damage|p2b: Garchomp|90/100|[from] item: Life Orb
|move|p2a: Kingambit|Iron Head|p1b: Clefable
|-supereffective|p1b: Clefable|1
|-damage|p1b: Clefable|0 fnt
|faint|p1b: Clefable
|
|-sideend|p2: testforlose|move: Tailwind
|upkeep
|
|t:|1782654694
|switch|p1b: Aerodactyl|Aerodactyl, L50, F, shiny|100/100
|-ability|p1b: Aerodactyl|Unnerve
|turn|5
|
|t:|1782654702
|move|p2a: Kingambit|Sucker Punch|p1b: Aerodactyl
|-damage|p1b: Aerodactyl|28/100
|move|p1b: Aerodactyl|Rock Slide|p2b: Garchomp|[spread] p2a,p2b
|-resisted|p2a: Kingambit|1
|-resisted|p2b: Garchomp|1
|-damage|p2a: Kingambit|0 fnt
|-damage|p2b: Garchomp|77/100
|faint|p2a: Kingambit
|cant|p2b: Garchomp|flinch
|
|upkeep
|turn|6
|
|t:|1782654715
|move|p1b: Aerodactyl|Dual Wingbeat|p2b: Garchomp
|-damage|p2b: Garchomp|60/100
|-damage|p1b: Aerodactyl|16/100|[from] ability: Rough Skin|[of] p2b: Garchomp
|-damage|p2b: Garchomp|40/100
|-damage|p1b: Aerodactyl|4/100|[from] ability: Rough Skin|[of] p2b: Garchomp
|-hitcount|p2b: Garchomp|2
|move|p2b: Garchomp|Dragon Claw|p1b: Aerodactyl
|-damage|p1b: Aerodactyl|0 fnt
|faint|p1b: Aerodactyl
|-damage|p2b: Garchomp|30/100|[from] item: Life Orb
|
|win|testforlose
||testforlose is ready for game 2.
|inactive|Alfaceb has 30 seconds to confirm battle start!
