|j|☆SFmrmimers
|j|☆MoodyMukVGC
|html|SFmrmimersMoodyMukVGC    
|uhtml|bestof|Game 1 of a best-of-3
|t:|1757639676
|gametype|doubles
|player|p1|SFmrmimers|n|1108
|player|p2|MoodyMukVGC|bugsy|1257
|gen|9
|tier|[Gen 9] VGC 2025 Reg H (Bo3)
|rated|
|rule|Species Clause: Limit one of each Pokémon
|rule|Item Clause: Limit 1 of each item
|clearpoke
|poke|p1|Tyranitar, L50, M|
|poke|p1|Garchomp, L50, M|
|poke|p1|Gholdengo, L50|
|poke|p1|Amoonguss, L50, M|
|poke|p1|Kilowattrel, L50, F|
|poke|p1|Incineroar, L50, F|
|poke|p2|Ursaluna, L50, M|
|poke|p2|Jumpluff, L50, M|
|poke|p2|Charizard, L50, M|
|poke|p2|Torkoal, L50, M|
|poke|p2|Incineroar, L50, M|
|poke|p2|Porygon2, L50|
|teampreview|4
|showteam|p1|Tyranitar||AssaultVest|SandStream|RockSlide,KnockOff,TeraBlast,LowKick|||M|||50|,,,,,Flying]Garchomp||LifeOrb|RoughSkin|Earthquake,StompingTantrum,DragonClaw,Protect|||M|||50|,,,,,Fire]Gholdengo||IronPlate|GoodasGold|MakeItRain,ShadowBall,NastyPlot,Protect||||||50|,,,,,Flying]Amoonguss||SitrusBerry|Regenerator|Spore,RagePowder,PollenPuff,Protect|||M|||50|,,,,,Water]Kilowattrel||FocusSash|Competitive|Thunderbolt,Protect,Tailwind,AirSlash|||F|||50|,,,,,Ghost]Incineroar||SafetyGoggles|Intimidate|FakeOut,PartingShot,KnockOff,FlareBlitz|||F|||50|,,,,,Ghost
|showteam|p2|Ursaluna||FlameOrb|Guts|HeadlongRush,Facade,Earthquake,Protect|||M|||50|,,,,,Ghost]Jumpluff||CovertCloak|Chlorophyll|SleepPowder,SunnyDay,Tailwind,RagePowder|||M|||50|,,,,,Water]Charizard||ChoiceSpecs|SolarPower|AirSlash,HeatWave,Overheat,WeatherBall|||M|||50|,,,,,Ghost]Torkoal||EjectPack|Drought|ClearSmog,Eruption,Overheat,Protect|||M|||50|,,,,,Fire]Incineroar||SafetyGoggles|Intimidate|FakeOut,FlareBlitz,KnockOff,PartingShot|||M|||50|,,,,,Ghost]Porygon2||Eviolite|Download|TeraBlast,IceBeam,Recover,TrickRoom||||||50|,,,,,Fighting
|
|t:|1757639735
|teamsize|p1|4
|teamsize|p2|4
|start
|switch|p1a: Kilowattrel|Kilowattrel, L50, F|100/100
|switch|p1b: Incineroar|Incineroar, L50, F, shiny|100/100
|switch|p2a: Incineroar|Incineroar, L50, M, shiny|100/100
|switch|p2b: Porygon2|Porygon2, L50, shiny|100/100
|-ability|p1b: Incineroar|Intimidate|boost
|-unboost|p2a: Incineroar|atk|1
|-unboost|p2b: Porygon2|atk|1
|-ability|p2a: Incineroar|Intimidate|boost
|-unboost|p1a: Kilowattrel|atk|1
|-ability|p1a: Kilowattrel|Competitive|boost
|-boost|p1a: Kilowattrel|spa|2
|-unboost|p1b: Incineroar|atk|1
|-ability|p2b: Porygon2|Download|boost
|-boost|p2b: Porygon2|atk|1
|turn|1
|
|t:|1757639766
|-terastallize|p1a: Kilowattrel|Ghost
|move|p1b: Incineroar|Fake Out|p2b: Porygon2
|-damage|p2b: Porygon2|95/100
|move|p1a: Kilowattrel|Thunderbolt|p2a: Incineroar
|-damage|p2a: Incineroar|45/100
|move|p2a: Incineroar|Knock Off|p1a: Kilowattrel
|-supereffective|p1a: Kilowattrel
|-damage|p1a: Kilowattrel|8/100
|-enditem|p1a: Kilowattrel|Focus Sash|[from] move: Knock Off|[of] p2a: Incineroar
|cant|p2b: Porygon2|flinch
|
|upkeep
|turn|2
|
|t:|1757639782
|move|p1a: Kilowattrel|Thunderbolt|p2a: Incineroar
|-damage|p2a: Incineroar|0 fnt
|faint|p2a: Incineroar
|move|p1b: Incineroar|Knock Off|p2b: Porygon2
|-damage|p2b: Porygon2|78/100
|-enditem|p2b: Porygon2|Eviolite|[from] move: Knock Off|[of] p1b: Incineroar
|move|p2b: Porygon2|Trick Room|p2b: Porygon2
|-fieldstart|move: Trick Room|[of] p2b: Porygon2
|
|upkeep
|
|t:|1757639793
|switch|p2a: Torkoal|Torkoal, L50, M, shiny|100/100
|-weather|SunnyDay|[from] ability: Drought|[of] p2a: Torkoal
|turn|3
|
|t:|1757639805
|switch|p1a: Tyranitar|Tyranitar, L50, M|100/100
|-weather|Sandstorm|[from] ability: Sand Stream|[of] p1a: Tyranitar
|-terastallize|p2b: Porygon2|Fighting
|move|p2a: Torkoal|Overheat|p1b: Incineroar
|-resisted|p1b: Incineroar
|-damage|p1b: Incineroar|74/100
|-unboost|p2a: Torkoal|spa|2
|-enditem|p2a: Torkoal|Eject Pack
|
|t:|1757639815
|switch|p2a: Ursaluna|Ursaluna, L50, M, shiny|100/100
|move|p2b: Porygon2|Tera Blast|p1b: Incineroar|[anim] Tera Blast Fighting
|-supereffective|p1b: Incineroar
|-damage|p1b: Incineroar|7/100
|move|p1b: Incineroar|Parting Shot|p2a: Ursaluna
|-unboost|p2a: Ursaluna|atk|1
|-unboost|p2a: Ursaluna|spa|1
|
|t:|1757639829
|switch|p1b: Garchomp|Garchomp, L50, M|100/100|[from] Parting Shot
|
|-weather|Sandstorm|[upkeep]
|-damage|p2b: Porygon2|71/100|[from] Sandstorm
|-status|p2a: Ursaluna|brn|[from] item: Flame Orb
|upkeep
|turn|4
|inactive|Battle timer is ON: inactive players will automatically lose when time's up. (requested by SFmrmimers)
|
|t:|1757639848
|switch|p1a: Incineroar|Incineroar, L50, F, shiny|7/100
|-ability|p1a: Incineroar|Intimidate|boost
|-unboost|p2a: Ursaluna|atk|1
|-unboost|p2b: Porygon2|atk|1
|move|p1b: Garchomp|Protect|p1b: Garchomp
|-singleturn|p1b: Garchomp|Protect
|move|p2b: Porygon2|Ice Beam|p1b: Garchomp
|-activate|p1b: Garchomp|move: Protect
|move|p2a: Ursaluna|Headlong Rush|p1a: Incineroar
|-supereffective|p1a: Incineroar
|-damage|p1a: Incineroar|0 fnt
|-unboost|p2a: Ursaluna|def|1
|-unboost|p2a: Ursaluna|spd|1
|faint|p1a: Incineroar
|
|-weather|Sandstorm|[upkeep]
|-damage|p2b: Porygon2|65/100|[from] Sandstorm
|-damage|p2a: Ursaluna|94/100 brn|[from] brn
|upkeep
|inactive|SFmrmimers has 30 seconds left.
|inactive|SFmrmimers has 20 seconds left.
|inactive|SFmrmimers has 15 seconds left.
|inactive|SFmrmimers has 10 seconds left.
|inactive|SFmrmimers has 5 seconds left.
|
|t:|1757639903
|switch|p1a: Kilowattrel|Kilowattrel, L50, F, tera:Ghost|8/100
|turn|5
|
|t:|1757639920
|switch|p1b: Tyranitar|Tyranitar, L50, M|100/100
|move|p1a: Kilowattrel|Protect|p1a: Kilowattrel
|-singleturn|p1a: Kilowattrel|Protect
|move|p2b: Porygon2|Ice Beam|p1b: Tyranitar
|-damage|p1b: Tyranitar|88/100
|move|p2a: Ursaluna|Headlong Rush|p1a: Kilowattrel
|-activate|p1a: Kilowattrel|move: Protect
|
|-weather|Sandstorm|[upkeep]
|-damage|p2b: Porygon2|59/100|[from] Sandstorm
|-damage|p1a: Kilowattrel|2/100|[from] Sandstorm
|-damage|p2a: Ursaluna|88/100 brn|[from] brn
|upkeep
|turn|6
|
|t:|1757639939
|switch|p1a: Garchomp|Garchomp, L50, M|100/100
|move|p2b: Porygon2|Recover|p2b: Porygon2
|-heal|p2b: Porygon2|100/100
|move|p2a: Ursaluna|Headlong Rush|p1b: Tyranitar
|-supereffective|p1b: Tyranitar
|-damage|p1b: Tyranitar|0 fnt
|-unboost|p2a: Ursaluna|def|1
|-unboost|p2a: Ursaluna|spd|1
|faint|p1b: Tyranitar
|
|-weather|Sandstorm|[upkeep]
|-damage|p2b: Porygon2|94/100|[from] Sandstorm
|-damage|p2a: Ursaluna|82/100 brn|[from] brn
|-fieldend|move: Trick Room
|upkeep
|
|t:|1757639952
|switch|p1b: Kilowattrel|Kilowattrel, L50, F, tera:Ghost|2/100
|turn|7
|
|t:|1757639961
|move|p1b: Kilowattrel|Air Slash|p2b: Porygon2
|-supereffective|p2b: Porygon2
|-damage|p2b: Porygon2|22/100
|move|p1a: Garchomp|Earthquake|p2a: Ursaluna|[spread] p1b,p2a,p2b
|-damage|p1b: Kilowattrel|0 fnt
|-damage|p2a: Ursaluna|0 fnt
|-damage|p2b: Porygon2|0 fnt
|faint|p1b: Kilowattrel
|faint|p2a: Ursaluna
|faint|p2b: Porygon2
|-damage|p1a: Garchomp|91/100|[from] item: Life Orb
|
|-weather|none
|upkeep
|
|t:|1757639967
|switch|p2b: Torkoal|Torkoal, L50, M, shiny|100/100
|-weather|SunnyDay|[from] ability: Drought|[of] p2b: Torkoal
|turn|8
|-message|MoodyMukVGC forfeited.
|
|win|SFmrmimers
|l|☆MoodyMukVGC
|player|p2|
||SFmrmimers is ready for game 2.
||MoodyMukVGC is ready for game 2.
|uhtml|next|Next: Game 2 of 3
|l|☆SFmrmimers
|player|p1|
|j|☆MoodyMukVGC
|player|p2|MoodyMukVGC|bugsy|
