|j|☆littu_bulba
|j|☆slimeygang
|html|littu_bulbaslimeygang    
|uhtml|bestof|Game 3 of a best-of-3
|t:|1784253647
|gametype|doubles
|player|p1|littu_bulba|brock|
|player|p2|slimeygang|#orascliizekroms|
|gen|9
|tier|[Gen 9 Champions] VGC 2026 Reg M-B (Bo3)
|rule|Species Clause: Limit one of each Pokémon
|rule|Item Clause: Limit 1 of each item
|clearpoke
|poke|p1|Gengar, L50, F|
|poke|p1|Incineroar, L50, M|
|poke|p1|Maushold, L50|
|poke|p1|Politoed, L50, M|
|poke|p1|Kommo-o, L50, F|
|poke|p1|Hydrapple, L50, M|
|poke|p2|Aerodactyl, L50, F|
|poke|p2|Decidueye-Hisui, L50, F, shiny|
|poke|p2|Drampa, L50, M|
|poke|p2|Kangaskhan, L50, F|
|poke|p2|Mamoswine, L50, M|
|poke|p2|Farigiraf, L50, M|
|teampreview|4
|showteam|p1|Gengar||Gengarite|CursedBody|PerishSong,DazzlingGleam,SludgeWave,ShadowBall|Modest||F|||50|]Incineroar||SitrusBerry|Intimidate|FakeOut,PartingShot,FlareBlitz,Crunch|Sassy||M|||50|]Maushold||FocusSash|Technician|FollowMe,HelpingHand,Protect,PopulationBomb|Jolly|||||50|]Politoed||Leftovers|Drizzle|Protect,Surf,HyperVoice,IcyWind|Sassy||M|||50|]Kommo-o||LifeOrb|Soundproof|ClangingScales,ClangorousSoul,CloseCombat,IronHead|Relaxed||F|||50|]Hydrapple||ExpertBelt|Regenerator|FickleBeam,DracoMeteor,EarthPower,EnergyBall|Quiet||M|||50|
|showteam|p2|Aerodactyl||Aerodactylite|Unnerve|RockSlide,SunnyDay,Tailwind,Taunt|Jolly||F|||50|]Decidueye-Hisui||LifeOrb|Scrappy|CloseCombat,LeafBlade,SuckerPunch,Protect|Adamant||F|||50|]Drampa||Drampanite|CloudNine|HyperVoice,EarthPower,DragonPulse,Protect|Quiet||M|||50|]Kangaskhan||SilkScarf|Scrappy|FakeOut,LastResort|Jolly||F|||50|]Mamoswine||FocusSash|Oblivious|HighHorsepower,IcicleCrash,IceShard,Protect|Adamant||M|||50|]Farigiraf||SitrusBerry|ArmorTail|Psychic,LightScreen,TrickRoom,HelpingHand|Calm||M|||50|
|c|☆littu_bulba|gg2
|
|t:|1784253669
|teamsize|p1|4
|teamsize|p2|4
|start
|switch|p1a: Gengar|Gengar, L50, F|100/100
|switch|p1b: Kommo-o|Kommo-o, L50, F|100/100
|switch|p2a: Kangaskhan|Kangaskhan, L50, F|100/100
|switch|p2b: Aerodactyl|Aerodactyl, L50, F|100/100
|-ability|p2b: Aerodactyl|Unnerve
|turn|1
|j| Tidal
|
|t:|1784253693
|detailschange|p2b: Aerodactyl|Aerodactyl-Mega, L50, F
|-mega|p2b: Aerodactyl|Aerodactyl|Aerodactylite
|detailschange|p1a: Gengar|Gengar-Mega, L50, F
|-mega|p1a: Gengar|Gengar|Gengarite
|move|p2a: Kangaskhan|Fake Out|p1b: Kommo-o
|-damage|p1b: Kommo-o|84/100
|move|p2b: Aerodactyl|Taunt|p1a: Gengar
|-start|p1a: Gengar|move: Taunt
|cant|p1a: Gengar|move: Taunt|Perish Song
|cant|p1b: Kommo-o|flinch
|
|upkeep
|turn|2
|
|t:|1784253723
|move|p2b: Aerodactyl|Rock Slide|p1b: Kommo-o|[spread] p1a,p1b
|-resisted|p1b: Kommo-o|1
|-damage|p1a: Gengar|48/100
|-damage|p1b: Kommo-o|72/100
|move|p1a: Gengar|Dazzling Gleam|p2b: Aerodactyl|[spread] p2a,p2b
|-damage|p2a: Kangaskhan|70/100
|-damage|p2b: Aerodactyl|71/100
|move|p2a: Kangaskhan|Last Resort|p1b: Kommo-o
|-damage|p1b: Kommo-o|16/100
|move|p1b: Kommo-o|Close Combat|p2a: Kangaskhan
|-supereffective|p2a: Kangaskhan|1
|-damage|p2a: Kangaskhan|0 fnt
|-unboost|p1b: Kommo-o|def|1
|-unboost|p1b: Kommo-o|spd|1
|faint|p2a: Kangaskhan
|-damage|p1b: Kommo-o|6/100|[from] item: Life Orb
|
|upkeep
|
|t:|1784253738
|switch|p2a: Mamoswine|Mamoswine, L50, M|100/100
|turn|3
|
|t:|1784253751
|move|p2a: Mamoswine|Ice Shard|p1b: Kommo-o
|-supereffective|p1b: Kommo-o|1
|-damage|p1b: Kommo-o|0 fnt
|faint|p1b: Kommo-o
|move|p2b: Aerodactyl|Rock Slide|p1a: Gengar
|-damage|p1a: Gengar|0 fnt
|faint|p1a: Gengar
|
|upkeep
|
|t:|1784253759
|switch|p1a: Maushold|Maushold, L50|100/100
|switch|p1b: Politoed|Politoed, L50, M|100/100
|-weather|RainDance|[from] ability: Drizzle|[of] p1b: Politoed
|turn|4
|
|t:|1784253781
|move|p1a: Maushold|Protect|p1a: Maushold
|-singleturn|p1a: Maushold|Protect
|move|p2a: Mamoswine|Protect|p2a: Mamoswine
|-singleturn|p2a: Mamoswine|Protect
|move|p2b: Aerodactyl|Tailwind|p2b: Aerodactyl
|-sidestart|p2: slimeygang|move: Tailwind
|move|p1b: Politoed|Surf|p2a: Mamoswine|[spread] p2b
|-activate|p1a: Maushold|move: Protect
|-activate|p2a: Mamoswine|move: Protect
|-supereffective|p2b: Aerodactyl|1
|-damage|p2b: Aerodactyl|0 fnt
|faint|p2b: Aerodactyl
|
|-weather|RainDance|[upkeep]
|upkeep
|
|t:|1784253785
|switch|p2b: Decidueye|Decidueye-Hisui, L50, F, shiny|100/100
|turn|5
|
|t:|1784253812
|move|p2a: Mamoswine|Ice Shard|p1a: Maushold
|-damage|p1a: Maushold|59/100
|move|p2b: Decidueye|Close Combat|p1a: Maushold
|-supereffective|p1a: Maushold|1
|-damage|p1a: Maushold|0 fnt
|-unboost|p2b: Decidueye|def|1
|-unboost|p2b: Decidueye|spd|1
|faint|p1a: Maushold
|-damage|p2b: Decidueye|90/100|[from] item: Life Orb
|move|p1b: Politoed|Surf|p2b: Decidueye|[spread] p2a,p2b
|-supereffective|p2a: Mamoswine|1
|-resisted|p2b: Decidueye|1
|-damage|p2a: Mamoswine|3/100
|-damage|p2b: Decidueye|57/100
|
|-weather|RainDance|[upkeep]
|upkeep
|turn|6
|
|t:|1784253831
|move|p2a: Mamoswine|High Horsepower|p1b: Politoed
|-damage|p1b: Politoed|30/100
|move|p2b: Decidueye|Leaf Blade|p1b: Politoed
|-supereffective|p1b: Politoed|1
|-damage|p1b: Politoed|0 fnt
|faint|p1b: Politoed
|-damage|p2b: Decidueye|47/100|[from] item: Life Orb
|
|win|slimeygang
|c|☆slimeygang|gg
|c|☆littu_bulba|ggs
