|j|☆kazthespaz
|j|☆B-LIME-58
|html|kazthespazB-LIME-58    
|uhtml|bestof|Game 3 of a best-of-3
|t:|1783533258
|gametype|doubles
|player|p1|kazthespaz|cynthia|
|player|p2|B-LIME-58|roughneck-gen4|
|gen|9
|tier|[Gen 9 Champions] VGC 2026 Reg M-B (Bo3)
|rule|Species Clause: Limit one of each Pokémon
|rule|Item Clause: Limit 1 of each item
|clearpoke
|poke|p1|Arcanine, L50, F|
|poke|p1|Toxapex, L50, M|
|poke|p1|Staraptor, L50, M|
|poke|p1|Garchomp, L50, M|
|poke|p1|Whimsicott, L50, M|
|poke|p1|Barbaracle, L50, M|
|poke|p2|Froslass, L50, F|
|poke|p2|Infernape, L50, M|
|poke|p2|Kingambit, L50, M|
|poke|p2|Sylveon, L50, M|
|poke|p2|Greninja, L50, M|
|poke|p2|Emolga, L50, M|
|teampreview|4
|showteam|p1|Arcanine||ChoiceScarf|Intimidate|FlareBlitz,WildCharge,PsychicFangs,IronHead|Adamant||F|||50|]Toxapex||Leftovers|Regenerator|Liquidation,Toxic,Recover,BanefulBunker|Calm||M|||50|]Staraptor||Staraptite|Intimidate|BraveBird,Protect,Roost,CloseCombat|Adamant||M|||50|]Garchomp||LifeOrb|RoughSkin|Earthquake,RockSlide,Protect,PoisonJab|Adamant||M|||50|]Whimsicott||FocusSash|Prankster|Protect,Moonblast,Tailwind,SunnyDay|Timid||M|||50|]Barbaracle||Barbaracite|ToughClaws|ShellSmash,RockSlide,BrickBreak,Protect|Adamant||M|||50|
|showteam|p2|Froslass||Froslassite|SnowCloak|AuroraVeil,IceBeam,Protect,ShadowBall|Timid||F|||50|]Infernape||ShellBell|Blaze|DrainPunch,FlameCharge,FlareBlitz,BrickBreak|Jolly||M|||50|]Kingambit||Leftovers|Pressure|IronHead,KowtowCleave,LowSweep,SwordsDance|Careful||M|||50|]Sylveon||Metronome|Pixilate|HyperVoice,DrainingKiss,Yawn,MysticalFire|Modest||M|||50|]Greninja||Greninjite|Protean|WaterShuriken,FlipTurn,ToxicSpikes,DarkPulse|Calm||M|||50|]Emolga||FocusSash|MotorDrive|AirSlash,Electroweb,Nuzzle,QuickAttack|Brave||M|||50|
|j| Jabby Wabby
|
|t:|1783533279
|teamsize|p1|4
|teamsize|p2|4
|start
|switch|p1a: Staraptor|Staraptor, L50, M|100/100
|switch|p1b: Whimsicott|Whimsicott, L50, M|100/100
|switch|p2a: Froslass|Froslass, L50, F|100/100
|switch|p2b: Infernape|Infernape, L50, M|100/100
|-ability|p1a: Staraptor|Intimidate|boost
|-unboost|p2a: Froslass|atk|1
|-unboost|p2b: Infernape|atk|1
|turn|1
|
|t:|1783533312
|detailschange|p2a: Froslass|Froslass-Mega, L50, F
|-mega|p2a: Froslass|Froslass|Froslassite
|-weather|Snowscape|[from] ability: Snow Warning|[of] p2a: Froslass
|detailschange|p1a: Staraptor|Staraptor-Mega, L50, M
|-mega|p1a: Staraptor|Staraptor|Staraptite
|move|p1a: Staraptor|Protect|p1a: Staraptor
|-singleturn|p1a: Staraptor|Protect
|move|p1b: Whimsicott|Sunny Day|p1b: Whimsicott
|-weather|SunnyDay
|move|p2a: Froslass|Aurora Veil||[still]
|-fail|p2a: Froslass
|move|p2b: Infernape|Flame Charge|p1b: Whimsicott
|-supereffective|p1b: Whimsicott|1
|-damage|p1b: Whimsicott|39/100
|-boost|p2b: Infernape|spe|1
|
|-weather|SunnyDay|[upkeep]
|upkeep
|turn|2
|
|t:|1783533335
|switch|p2a: Sylveon|Sylveon, L50, M|100/100
|move|p1b: Whimsicott|Tailwind|p1b: Whimsicott
|-sidestart|p1: kazthespaz|move: Tailwind
|move|p1a: Staraptor|Close Combat|p2b: Infernape
|-damage|p2b: Infernape|0 fnt
|-boost|p1a: Staraptor|def|1
|-boost|p1a: Staraptor|spd|1
|faint|p2b: Infernape
|
|-weather|SunnyDay|[upkeep]
|upkeep
|
|t:|1783533347
|switch|p2b: Froslass|Froslass-Mega, L50, F|100/100
|-weather|Snowscape|[from] ability: Snow Warning|[of] p2b: Froslass
|turn|3
|
|t:|1783533370
|move|p1b: Whimsicott|Sunny Day|p1b: Whimsicott
|-weather|SunnyDay
|move|p1a: Staraptor|Close Combat|p2a: Sylveon
|-resisted|p2a: Sylveon|1
|-damage|p2a: Sylveon|51/100
|-boost|p1a: Staraptor|def|1
|-boost|p1a: Staraptor|spd|1
|move|p2b: Froslass|Aurora Veil||[still]
|-fail|p2b: Froslass
|move|p2a: Sylveon|Hyper Voice|p1b: Whimsicott|[spread] p1a,p1b
|-supereffective|p1a: Staraptor|1
|-damage|p1a: Staraptor|55/100
|-damage|p1b: Whimsicott|0 fnt
|faint|p1b: Whimsicott
|
|-weather|SunnyDay|[upkeep]
|upkeep
|
|t:|1783533385
|switch|p1b: Arcanine|Arcanine, L50, F|100/100
|-ability|p1b: Arcanine|Intimidate|boost
|-unboost|p2a: Sylveon|atk|1
|-unboost|p2b: Froslass|atk|1
|turn|4
|
|t:|1783533404
|switch|p2b: Kingambit|Kingambit, L50, M|100/100
|-ability|p2b: Kingambit|Pressure
|move|p1b: Arcanine|Iron Head|p2a: Sylveon
|-supereffective|p2a: Sylveon|1
|-damage|p2a: Sylveon|0 fnt
|faint|p2a: Sylveon
|move|p1a: Staraptor|Roost|p1a: Staraptor
|-heal|p1a: Staraptor|100/100
|-singleturn|p1a: Staraptor|move: Roost
|
|-weather|SunnyDay|[upkeep]
|upkeep
|
|t:|1783533415
|switch|p2a: Froslass|Froslass-Mega, L50, F|100/100
|-weather|Snowscape|[from] ability: Snow Warning|[of] p2a: Froslass
|turn|5
|
|t:|1783533429
|switch|p1b: Garchomp|Garchomp, L50, M|100/100
|move|p1a: Staraptor|Close Combat|p2b: Kingambit
|-supereffective|p2b: Kingambit|2
|-damage|p2b: Kingambit|0 fnt
|-boost|p1a: Staraptor|def|1
|-boost|p1a: Staraptor|spd|1
|faint|p2b: Kingambit
|move|p2a: Froslass|Aurora Veil|p2a: Froslass
|-sidestart|p2: B-LIME-58|move: Aurora Veil
|
|-weather|Snowscape|[upkeep]
|-sideend|p1: kazthespaz|move: Tailwind
|upkeep
|turn|6
|
|t:|1783533448
|switch|p1b: Arcanine|Arcanine, L50, F|100/100
|-ability|p1b: Arcanine|Intimidate|boost
|-unboost|p2a: Froslass|atk|1
|move|p2a: Froslass|Ice Beam|p1a: Staraptor
|-supereffective|p1a: Staraptor|1
|-damage|p1a: Staraptor|50/100y
|move|p1a: Staraptor|Brave Bird|p2a: Froslass
|-crit|p2a: Froslass
|-damage|p2a: Froslass|0 fnt
|faint|p2a: Froslass
|-damage|p1a: Staraptor|20/100r|[from] Recoil
|
|win|kazthespaz
|c|☆kazthespaz|jesos
|c|☆kazthespaz|ggs
|c|☆B-LIME-58|ggs
|l|☆B-LIME-58
|player|p2|
