|j|☆satandagiii2005
|j|☆bcam1
|html|satandagiii2005bcam1    
|uhtml|bestof|Game 2 of a best-of-3
|t:|1786035532
|gametype|doubles
|player|p1|satandagiii2005|byron|1102
|player|p2|bcam1|169|1062
|gen|9
|tier|[Gen 9 Champions] VGC 2026 Reg M-B (Bo3)
|rated|
|rule|Species Clause: Limit one of each Pokémon
|rule|Item Clause: Limit 1 of each item
|clearpoke
|poke|p1|Raichu, L50, F|
|poke|p1|Staraptor, L50, F|
|poke|p1|Arcanine-Hisui, L50, M|
|poke|p1|Farigiraf, L50, M|
|poke|p1|Sylveon, L50, F|
|poke|p1|Kingambit, L50, M|
|poke|p2|Floette-Eternal, L50, F|
|poke|p2|Sylveon, L50, F|
|poke|p2|Aegislash, L50, M|
|poke|p2|Pelipper, L50, M|
|poke|p2|Swampert, L50, M|
|poke|p2|Palafin, L50, F|
|teampreview|4
|showteam|p1|Raichu||RaichuniteY|LightningRod|ZapCannon,FocusBlast,FakeOut,Protect|Timid||F|||50|]Staraptor||Staraptite|Intimidate|CloseCombat,DualWingbeat,Tailwind,Protect|Jolly||F|||50|]Arcanine-Hisui||FocusSash|RockHead|FlareBlitz,HeadSmash,ExtremeSpeed,Protect|Jolly||M|||50|]Farigiraf||SitrusBerry|ArmorTail|Psychic,HelpingHand,TrickRoom,Protect|Calm||M|||50|]Sylveon||FairyFeather|Pixilate|HyperVoice,QuickAttack,HyperBeam,Detect|Modest||F|||50|]Kingambit||LifeOrb|Defiant|KowtowCleave,SuckerPunch,SwordsDance,Protect|Adamant||M|||50|
|showteam|p2|Floette-Eternal||Floettite|FlowerVeil|CalmMind,Protect,DazzlingGleam,GigaDrain|Timid||F|||50|]Sylveon||FairyFeather|Pixilate|Protect,Wish,HyperVoice,MysticalFire|Calm||F|||50|]Aegislash||Leftovers|StanceChange|KingsShield,ShadowSneak,IronHead,SwordsDance|Adamant||M|||50|]Pelipper||SitrusBerry|Drizzle|Protect,Tailwind,MuddyWater,WideGuard|Bold||M|||50|]Swampert||Swampertite|Torrent|IcePunch,WaveCrash,FlipTurn,Earthquake|Adamant||M|||50|]Palafin||ChoiceScarf|ZerotoHero|FlipTurn,CloseCombat,WaveCrash,IronHead|Jolly||F|||50|
|inactive|Battle timer is ON: inactive players will automatically lose when time's up. (requested by bcam1)
|
|t:|1786035540
|teamsize|p1|4
|teamsize|p2|4
|start
|switch|p1a: Staraptor|Staraptor, L50, F|100/100
|switch|p1b: Farigiraf|Farigiraf, L50, M|100/100
|switch|p2a: Pelipper|Pelipper, L50, M|100/100
|switch|p2b: Palafin|Palafin, L50, F|100/100
|-ability|p1a: Staraptor|Intimidate|boost
|-unboost|p2a: Pelipper|atk|1
|-unboost|p2b: Palafin|atk|1
|-weather|RainDance|[from] ability: Drizzle|[of] p2a: Pelipper
|turn|1
|
|t:|1786035556
|detailschange|p1a: Staraptor|Staraptor-Mega, L50, F
|-mega|p1a: Staraptor|Staraptor|Staraptite
|move|p1b: Farigiraf|Helping Hand|p1a: Staraptor
|-singleturn|p1a: Staraptor|Helping Hand|[of] p1b: Farigiraf
|move|p2b: Palafin|Flip Turn|p1a: Staraptor
|-damage|p1a: Staraptor|79/100
|
|t:|1786035559
|detailschange|p2b: Palafin|Palafin-Hero, L50, F
|switch|p2b: Aegislash|Aegislash, L50, M|100/100|[from] Flip Turn
|move|p1a: Staraptor|Close Combat|p2b: Aegislash
|-immune|p2b: Aegislash
|move|p2a: Pelipper|Muddy Water|p1b: Farigiraf|[spread] p1a,p1b
|-damage|p1a: Staraptor|37/100
|-damage|p1b: Farigiraf|72/100
|-unboost|p1b: Farigiraf|accuracy|1
|
|-weather|RainDance|[upkeep]
|upkeep
|turn|2
|
|t:|1786035573
|move|p1b: Farigiraf|Helping Hand|p1a: Staraptor
|-singleturn|p1a: Staraptor|Helping Hand|[of] p1b: Farigiraf
|move|p1a: Staraptor|Close Combat|p2a: Pelipper
|-resisted|p2a: Pelipper|1
|-damage|p2a: Pelipper|63/100
|-boost|p1a: Staraptor|def|1
|-boost|p1a: Staraptor|spd|1
|move|p2a: Pelipper|Tailwind|p2a: Pelipper
|-sidestart|p2: bcam1|move: Tailwind
|move|p2b: Aegislash|Swords Dance|p2b: Aegislash
|-boost|p2b: Aegislash|atk|2
|
|-weather|RainDance|[upkeep]
|upkeep
|turn|3
|
|t:|1786035586
|move|p1a: Staraptor|Protect|p1a: Staraptor
|-singleturn|p1a: Staraptor|Protect
|move|p2a: Pelipper|Muddy Water|p1b: Farigiraf|[spread] p1b
|-activate|p1a: Staraptor|move: Protect
|-damage|p1b: Farigiraf|45/100
|-enditem|p1b: Farigiraf|Sitrus Berry|[eat]
|-heal|p1b: Farigiraf|70/100|[from] item: Sitrus Berry
|-formechange|p2b: Aegislash|Aegislash-Blade|
|move|p2b: Aegislash|Iron Head|p1a: Staraptor
|-activate|p1a: Staraptor|move: Protect
|move|p1b: Farigiraf|Trick Room|p1b: Farigiraf
|-fieldstart|move: Trick Room|[of] p1b: Farigiraf
|
|-weather|RainDance|[upkeep]
|upkeep
|turn|4
|
|t:|1786035600
|move|p1b: Farigiraf|Helping Hand|p1a: Staraptor
|-singleturn|p1a: Staraptor|Helping Hand|[of] p1b: Farigiraf
|-formechange|p2b: Aegislash|Aegislash|
|move|p2b: Aegislash|King's Shield|p2b: Aegislash
|-singleturn|p2b: Aegislash|Protect
|move|p2a: Pelipper|Muddy Water|p1a: Staraptor|[spread] p1a,p1b
|-damage|p1a: Staraptor|9/100
|-damage|p1b: Farigiraf|45/100
|-unboost|p1b: Farigiraf|accuracy|1
|move|p1a: Staraptor|Close Combat|p2a: Pelipper
|-resisted|p2a: Pelipper|1
|-damage|p2a: Pelipper|29/100
|-boost|p1a: Staraptor|def|1
|-boost|p1a: Staraptor|spd|1
|-enditem|p2a: Pelipper|Sitrus Berry|[eat]
|-heal|p2a: Pelipper|54/100|[from] item: Sitrus Berry
|
|-weather|RainDance|[upkeep]
|upkeep
|turn|5
|inactive|satandagiii2005 has 30 seconds left.
|
|t:|1786035627
|switch|p1b: Kingambit|Kingambit, L50, M|100/100
|move|p2a: Pelipper|Protect|p2a: Pelipper
|-singleturn|p2a: Pelipper|Protect
|-formechange|p2b: Aegislash|Aegislash-Blade|
|move|p2b: Aegislash|Iron Head|p1a: Staraptor
|-damage|p1a: Staraptor|0 fnt
|faint|p1a: Staraptor
|
|-weather|none
|-sideend|p2: bcam1|move: Tailwind
|upkeep
|
|t:|1786035639
|switch|p1a: Farigiraf|Farigiraf, L50, M|45/100
|turn|6
|inactive|bcam1 has 30 seconds left.
|
|t:|1786035668
|-formechange|p2b: Aegislash|Aegislash|
|move|p2b: Aegislash|King's Shield|p2b: Aegislash
|-singleturn|p2b: Aegislash|Protect
|move|p1b: Kingambit|Swords Dance|p1b: Kingambit
|-boost|p1b: Kingambit|atk|2
|move|p1a: Farigiraf|Psychic|p2a: Pelipper
|-damage|p2a: Pelipper|4/100
|move|p2a: Pelipper|Muddy Water|p1b: Kingambit|[spread] p1a
|-miss|p2a: Pelipper|p1b: Kingambit
|-damage|p1a: Farigiraf|26/100
|-unboost|p1a: Farigiraf|accuracy|1
|
|upkeep
|turn|7
|inactive|bcam1 has 30 seconds left.
|inactive|satandagiii2005 has 30 seconds left.
|inactive|bcam1 has 20 seconds left.
|
|t:|1786035705
|switch|p1a: Arcanine|Arcanine-Hisui, L50, M|100/100
|move|p1b: Kingambit|Kowtow Cleave|p2a: Pelipper
|-damage|p2a: Pelipper|0 fnt
|faint|p2a: Pelipper
|-damage|p1b: Kingambit|90/100|[from] item: Life Orb
|-formechange|p2b: Aegislash|Aegislash-Blade|
|move|p2b: Aegislash|Iron Head|p1b: Kingambit
|-resisted|p1b: Kingambit|1
|-damage|p1b: Kingambit|54/100
|
|-fieldend|move: Trick Room
|upkeep
|
|t:|1786035720
|switch|p2a: Palafin|Palafin-Hero, L50, F|100/100
|-activate|p2a: Palafin|ability: Zero to Hero
|turn|8
|
|t:|1786035731
|-formechange|p2b: Aegislash|Aegislash|
|move|p2b: Aegislash|King's Shield|p2b: Aegislash
|-singleturn|p2b: Aegislash|Protect
|move|p1a: Arcanine|Extreme Speed|p2a: Palafin
|-damage|p2a: Palafin|72/100
|move|p1b: Kingambit|Sucker Punch|p2a: Palafin
|-damage|p2a: Palafin|0 fnt
|faint|p2a: Palafin
|-damage|p1b: Kingambit|44/100|[from] item: Life Orb
|
|upkeep
|
|t:|1786035741
|switch|p2a: Swampert|Swampert, L50, M|100/100
|turn|9
|
|t:|1786035759
|detailschange|p2a: Swampert|Swampert-Mega, L50, M
|-mega|p2a: Swampert|Swampert|Swampertite
|move|p1a: Arcanine|Extreme Speed|p2a: Swampert
|-damage|p2a: Swampert|75/100
|move|p1b: Kingambit|Sucker Punch|p2a: Swampert
|-damage|p2a: Swampert|0 fnt
|faint|p2a: Swampert
|-damage|p1b: Kingambit|34/100|[from] item: Life Orb
|-formechange|p2b: Aegislash|Aegislash-Blade|
|move|p2b: Aegislash|Iron Head|p1a: Arcanine
|-enditem|p1a: Arcanine|Focus Sash
|-damage|p1a: Arcanine|1/100
|
|upkeep
|turn|10
|
|t:|1786035776
|move|p1a: Arcanine|Protect|p1a: Arcanine
|-singleturn|p1a: Arcanine|Protect
|-formechange|p2b: Aegislash|Aegislash|
|move|p2b: Aegislash|King's Shield|p2b: Aegislash
|-singleturn|p2b: Aegislash|Protect
|move|p1b: Kingambit|Sucker Punch||[still]
|-fail|p1b: Kingambit
|
|upkeep
|turn|11
|
|t:|1786035784
|-formechange|p2b: Aegislash|Aegislash-Blade|
|move|p2b: Aegislash|Shadow Sneak|p1a: Arcanine
|-damage|p1a: Arcanine|0 fnt
|faint|p1a: Arcanine
|move|p1b: Kingambit|Sucker Punch||[still]
|-fail|p1b: Kingambit
|
|upkeep
|
|t:|1786035790
|switch|p1a: Farigiraf|Farigiraf, L50, M|26/100
|turn|12
|
|t:|1786035796
|move|p2b: Aegislash|Iron Head|p1a: Farigiraf
|-damage|p1a: Farigiraf|0 fnt
|faint|p1a: Farigiraf
|move|p1b: Kingambit|Kowtow Cleave|p2b: Aegislash
|-supereffective|p2b: Aegislash|1
|-crit|p2b: Aegislash
|-damage|p2b: Aegislash|0 fnt
|faint|p2b: Aegislash
|-damage|p1b: Kingambit|25/100|[from] item: Life Orb
|
|win|satandagiii2005
|raw|satandagiii2005's rating: 1102 → 1124(+22 for winning)
|raw|bcam1's rating: 1062 → 1045(-17 for losing)
|l|☆bcam1
|player|p2|
|c|☆satandagiii2005|gg
|n|☆satandagiii2005|satandagiii2005
