|j|☆aqoursfan1
|j|☆tmjp01
|html|aqoursfan1tmjp01    
|uhtml|bestof|Game 2 of a best-of-3
|t:|1786074999
|gametype|doubles
|player|p1|aqoursfan1|anabel-gen7|1308
|player|p2|tmjp01|265|1221
|gen|9
|tier|[Gen 9 Champions] VGC 2026 Reg M-B (Bo3)
|rated|
|rule|Species Clause: Limit one of each Pokémon
|rule|Item Clause: Limit 1 of each item
|clearpoke
|poke|p1|Raichu, L50, M|
|poke|p1|Kingambit, L50, F|
|poke|p1|Whimsicott, L50, F|
|poke|p1|Basculegion, L50, M|
|poke|p1|Arcanine-Hisui, L50, M|
|poke|p1|Farigiraf, L50, F|
|poke|p2|Basculegion, L50, M|
|poke|p2|Whimsicott, L50, F|
|poke|p2|Kommo-o, L50, M|
|poke|p2|Ninetales-Alola, L50, M|
|poke|p2|Glimmora, L50, M|
|poke|p2|Kingambit, L50, F|
|teampreview|4
|showteam|p1|Raichu||RaichuniteY|LightningRod|ZapCannon,FocusBlast,FakeOut,Protect|Timid||M|||50|]Kingambit||ChopleBerry|Defiant|KowtowCleave,SuckerPunch,IronHead,Protect|Adamant||F|||50|]Whimsicott||LifeOrb|Prankster|Moonblast,Encore,Tailwind,Protect|Timid||F|||50|]Basculegion||MysticWater|Adaptability|WaveCrash,LastRespects,AquaJet,Protect|Adamant||M|||50|]Arcanine-Hisui||FocusSash|Intimidate|FlareBlitz,HeadSmash,ExtremeSpeed,Protect|Adamant||M|||50|]Farigiraf||SitrusBerry|ArmorTail|Psychic,GrassKnot,HelpingHand,TrickRoom|Modest||F|||50|
|showteam|p2|Basculegion||ChoiceScarf|Adaptability|FlipTurn,AquaJet,LastRespects,WaveCrash|Jolly||M|||50|]Whimsicott||FocusSash|Prankster|Moonblast,Protect,Encore,Tailwind|Timid||F|||50|]Kommo-o||LifeOrb|Soundproof|ClangingScales,AuraSphere,VacuumWave,Protect|Modest||M|||50|]Ninetales-Alola||NeverMeltIce|SnowWarning|Protect,Encore,Blizzard,FreezeDry|Timid||M|||50|]Glimmora||Glimmoranite|ToxicDebris|SludgeBomb,PowerGem,SpikyShield,EarthPower|Modest||M|||50|]Kingambit||ChopleBerry|Defiant|KowtowCleave,SuckerPunch,IronHead,LowKick|Adamant||F|||50|
|inactive|Battle timer is ON: inactive players will automatically lose when time's up. (requested by aqoursfan1)
|inactive|tmjp01 has 60 seconds left.
|
|t:|1786075031
|teamsize|p1|4
|teamsize|p2|4
|start
|switch|p1a: Whimsicott|Whimsicott, L50, F|100/100
|switch|p1b: Raichu|Raichu, L50, M|100/100
|switch|p2a: Kingambit|Kingambit, L50, F|100/100
|switch|p2b: Kommo-o|Kommo-o, L50, M|100/100
|turn|1
|
|t:|1786075048
|detailschange|p1b: Raichu|Raichu-Mega-Y, L50, M
|-mega|p1b: Raichu|Raichu|Raichunite Y
|move|p2a: Kingambit|Sucker Punch|p1b: Raichu
|-damage|p1b: Raichu|47/100
|move|p1b: Raichu|Zap Cannon|p2a: Kingambit
|-damage|p2a: Kingambit|47/100
|-status|p2a: Kingambit|par
|move|p1a: Whimsicott|Moonblast|p2a: Kingambit
|-damage|p2a: Kingambit|8/100 par
|-damage|p1a: Whimsicott|90/100|[from] item: Life Orb
|move|p2b: Kommo-o|Aura Sphere|p1b: Raichu
|-damage|p1b: Raichu|0 fnt
|faint|p1b: Raichu
|-damage|p2b: Kommo-o|90/100|[from] item: Life Orb
|
|upkeep
|
|t:|1786075056
|switch|p1b: Arcanine|Arcanine-Hisui, L50, M|100/100
|-ability|p1b: Arcanine|Intimidate|boost
|-unboost|p2a: Kingambit|atk|1
|-ability|p2a: Kingambit|Defiant|boost
|-boost|p2a: Kingambit|atk|2
|-unboost|p2b: Kommo-o|atk|1
|turn|2
|
|t:|1786075076
|move|p1b: Arcanine|Extreme Speed|p2a: Kingambit
|-resisted|p2a: Kingambit|1
|-damage|p2a: Kingambit|0 fnt
|faint|p2a: Kingambit
|move|p2b: Kommo-o|Vacuum Wave|p1b: Arcanine
|-supereffective|p1b: Arcanine|1
|-damage|p1b: Arcanine|39/100
|-damage|p2b: Kommo-o|81/100|[from] item: Life Orb
|move|p1a: Whimsicott|Moonblast|p2b: Kommo-o
|-supereffective|p2b: Kommo-o|2
|-damage|p2b: Kommo-o|0 fnt
|faint|p2b: Kommo-o
|-damage|p1a: Whimsicott|80/100|[from] item: Life Orb
|
|upkeep
|
|t:|1786075084
|switch|p2b: Glimmora|Glimmora, L50, M|100/100
|switch|p2a: Basculegion|Basculegion, L50, M|100/100
|turn|3
|
|t:|1786075102
|switch|p1a: Farigiraf|Farigiraf, L50, F|100/100
|detailschange|p2b: Glimmora|Glimmora-Mega, L50, M
|-mega|p2b: Glimmora|Glimmora|Glimmoranite
|move|p2a: Basculegion|Last Respects|p1a: Farigiraf
|-immune|p1a: Farigiraf
|move|p2b: Glimmora|Earth Power|p1b: Arcanine
|-supereffective|p1b: Arcanine|2
|-damage|p1b: Arcanine|0 fnt
|faint|p1b: Arcanine
|
|upkeep
|
|t:|1786075113
|switch|p1b: Whimsicott|Whimsicott, L50, F|80/100
|turn|4
|inactive|tmjp01 has 30 seconds left.
|
|t:|1786075143
|move|p1b: Whimsicott|Encore|p2b: Glimmora
|-start|p2b: Glimmora|Encore
|move|p2a: Basculegion|Last Respects|p1b: Whimsicott
|-damage|p1b: Whimsicott|0 fnt
|faint|p1b: Whimsicott
|move|p2b: Glimmora|Earth Power|p1a: Farigiraf
|-damage|p1a: Farigiraf|68/100
|move|p1a: Farigiraf|Psychic|p2b: Glimmora
|-supereffective|p2b: Glimmora|1
|-damage|p2b: Glimmora|15/100
|
|upkeep
|turn|5
|
|t:|1786075155
|move|p2a: Basculegion|Last Respects|p1a: Farigiraf
|-immune|p1a: Farigiraf
|move|p2b: Glimmora|Earth Power|p1a: Farigiraf
|-damage|p1a: Farigiraf|35/100
|-enditem|p1a: Farigiraf|Sitrus Berry|[eat]
|-heal|p1a: Farigiraf|60/100|[from] item: Sitrus Berry
|move|p1a: Farigiraf|Psychic|p2b: Glimmora
|-supereffective|p2b: Glimmora|1
|-damage|p2b: Glimmora|0 fnt
|faint|p2b: Glimmora
|
|upkeep
|turn|6
|
|t:|1786075158
|move|p2a: Basculegion|Last Respects|p1a: Farigiraf
|-immune|p1a: Farigiraf
|move|p1a: Farigiraf|Grass Knot|p2a: Basculegion
|-supereffective|p2a: Basculegion|1
|-crit|p2a: Basculegion
|-damage|p2a: Basculegion|6/100
|
|upkeep
|turn|7
|
|t:|1786075161
|move|p2a: Basculegion|Last Respects|p1a: Farigiraf
|-immune|p1a: Farigiraf
|move|p1a: Farigiraf|Grass Knot|p2a: Basculegion
|-supereffective|p2a: Basculegion|1
|-damage|p2a: Basculegion|0 fnt
|faint|p2a: Basculegion
|
|win|aqoursfan1
|raw|aqoursfan1's rating: 1308 → 1323(+15 for winning)
|raw|tmjp01's rating: 1221 → 1202(-19 for losing)
