|j|☆testdigi
|j|☆tamagotchai-01
|html|testdigitamagotchai-01    
|uhtml|bestof|Game 3 of a best-of-3
|t:|1784893703
|gametype|doubles
|player|p1|testdigi|101|1091
|player|p2|tamagotchai-01|266|1096
|gen|9
|tier|[Gen 9 Champions] VGC 2026 Reg M-B (Bo3)
|rated|
|rule|Species Clause: Limit one of each Pokémon
|rule|Item Clause: Limit 1 of each item
|clearpoke
|poke|p1|Raichu, L50, M|
|poke|p1|Toxapex, L50, F|
|poke|p1|Mamoswine, L50, F|
|poke|p1|Sylveon, L50, M|
|poke|p1|Corviknight, L50, F|
|poke|p1|Basculegion, L50, M|
|poke|p2|Floette-Eternal, L50, F|
|poke|p2|Charizard, L50, M|
|poke|p2|Whimsicott, L50, M|
|poke|p2|Garchomp, L50, M|
|poke|p2|Basculegion, L50, M|
|poke|p2|Kingambit, L50, M|
|teampreview|4
|showteam|p1|Raichu||RaichuniteY|LightningRod|ZapCannon,FocusBlast,FakeOut,Protect|Timid||M|||50|]Toxapex||Leftovers|Regenerator|Infestation,Toxic,WideGuard,BanefulBunker|Relaxed||F|||50|]Mamoswine||LifeOrb|Oblivious|StompingTantrum,IceShard,RockSlide,Protect|Adamant||F|||50|]Sylveon||FairyFeather|Pixilate|HyperVoice,QuickAttack,Yawn,Detect|Modest||M|||50|]Corviknight||OccaBerry|MirrorArmor|IronHead,BraveBird,Tailwind,Protect|Adamant||F|||50|]Basculegion||FocusSash|Adaptability|LastRespects,Liquidation,AquaJet,Protect|Adamant||M|||50|
|showteam|p2|Floette-Eternal||Floettite|FlowerVeil|Moonblast,DazzlingGleam,LightofRuin,Protect|Modest||F|||50|]Charizard||CharizarditeY|SolarPower|HeatWave,SolarBeam,WeatherBall,Protect|Modest||M|||50|]Whimsicott||FocusSash|Prankster|Moonblast,Tailwind,Encore,Protect|Timid||M|||50|]Garchomp||RoseliBerry|RoughSkin|StompingTantrum,DragonClaw,PoisonJab,RockSlide|Adamant||M|||50|]Basculegion||LifeOrb|Adaptability|WaveCrash,LastRespects,AquaJet,Protect|Adamant||M|||50|]Kingambit||OccaBerry|Defiant|KowtowCleave,LowKick,SuckerPunch,IronHead|Adamant||M|||50|
|inactive|Battle timer is ON: inactive players will automatically lose when time's up. (requested by tamagotchai-01)
|inactive|testdigi has 60 seconds left.
|
|t:|1784893756
|teamsize|p1|4
|teamsize|p2|4
|start
|switch|p1a: Toxapex|Toxapex, L50, F|100/100
|switch|p1b: Basculegion|Basculegion, L50, M|100/100
|switch|p2a: Charizard|Charizard, L50, M|100/100
|switch|p2b: Whimsicott|Whimsicott, L50, M|100/100
|turn|1
|
|t:|1784893778
|detailschange|p2a: Charizard|Charizard-Mega-Y, L50, M
|-mega|p2a: Charizard|Charizard|Charizardite Y
|-weather|SunnyDay|[from] ability: Drought|[of] p2a: Charizard
|move|p2b: Whimsicott|Moonblast|p1b: Basculegion
|-damage|p1b: Basculegion|58/100
|move|p2a: Charizard|Heat Wave|p1b: Basculegion|[spread] p1a,p1b
|-resisted|p1a: Toxapex|1
|-resisted|p1b: Basculegion|1
|-damage|p1a: Toxapex|78/100
|-damage|p1b: Basculegion|23/100
|move|p1b: Basculegion|Liquidation|p2a: Charizard
|-supereffective|p2a: Charizard|1
|-damage|p2a: Charizard|33/100
|-unboost|p2a: Charizard|def|1
|move|p1a: Toxapex|Infestation|p2a: Charizard
|-resisted|p2a: Charizard|2
|-damage|p2a: Charizard|32/100
|-activate|p2a: Charizard|move: Infestation|[of] p1a: Toxapex
|
|-weather|SunnyDay|[upkeep]
|-heal|p1a: Toxapex|84/100|[from] item: Leftovers
|-damage|p2a: Charizard|20/100y|[from] move: Infestation|[partiallytrapped]
|upkeep
|turn|2
|
|t:|1784893788
|move|p1b: Basculegion|Protect|p1b: Basculegion
|-singleturn|p1b: Basculegion|Protect
|move|p2b: Whimsicott|Moonblast|p1a: Toxapex
|-resisted|p1a: Toxapex|1
|-damage|p1a: Toxapex|71/100
|move|p2a: Charizard|Weather Ball|p1a: Toxapex
|-resisted|p1a: Toxapex|1
|-damage|p1a: Toxapex|41/100
|move|p1a: Toxapex|Infestation|p2b: Whimsicott
|-crit|p2b: Whimsicott
|-damage|p2b: Whimsicott|91/100
|-activate|p2b: Whimsicott|move: Infestation|[of] p1a: Toxapex
|
|-weather|SunnyDay|[upkeep]
|-heal|p1a: Toxapex|47/100|[from] item: Leftovers
|-damage|p2b: Whimsicott|78/100|[from] move: Infestation|[partiallytrapped]
|-damage|p2a: Charizard|7/100|[from] move: Infestation|[partiallytrapped]
|upkeep
|turn|3
|
|t:|1784893799
|move|p1a: Toxapex|Baneful Bunker|p1a: Toxapex
|-singleturn|p1a: Toxapex|move: Protect
|move|p2b: Whimsicott|Encore|p1b: Basculegion
|-start|p1b: Basculegion|Encore
|move|p1b: Basculegion|Protect||[still]
|-fail|p1b: Basculegion
|move|p2a: Charizard|Heat Wave|p1a: Toxapex|[spread] 
|-activate|p1a: Toxapex|move: Protect
|-miss|p2a: Charizard|p1b: Basculegion
|
|-weather|SunnyDay|[upkeep]
|-heal|p1a: Toxapex|52/100|[from] item: Leftovers
|-damage|p2b: Whimsicott|66/100|[from] move: Infestation|[partiallytrapped]
|-damage|p2a: Charizard|0 fnt|[from] move: Infestation|[partiallytrapped]
|faint|p2a: Charizard
|upkeep
|
|t:|1784893799
|switch|p2a: Kingambit|Kingambit, L50, M|100/100
|turn|4
|inactive|testdigi has 30 seconds left.
|
|t:|1784893827
|-heal|p1a: Toxapex|85/100|[from] ability: Regenerator|[silent]
|switch|p1a: Sylveon|Sylveon, L50, M|100/100
|move|p1b: Basculegion|Protect|p1b: Basculegion
|-singleturn|p1b: Basculegion|Protect
|move|p2b: Whimsicott|Tailwind|p2b: Whimsicott
|-sidestart|p2: tamagotchai-01|move: Tailwind
|move|p2a: Kingambit|Kowtow Cleave|p1a: Sylveon
|-resisted|p1a: Sylveon|1
|-damage|p1a: Sylveon|77/100
|
|-weather|SunnyDay|[upkeep]
|-end|p2b: Whimsicott|Infestation|[partiallytrapped]|[silent]
|upkeep
|turn|5
|
|t:|1784893834
|switch|p1b: Toxapex|Toxapex, L50, F|85/100
|move|p2b: Whimsicott|Moonblast|p1a: Sylveon
|-damage|p1a: Sylveon|52/100
|move|p2a: Kingambit|Kowtow Cleave|p1a: Sylveon
|-resisted|p1a: Sylveon|1
|-damage|p1a: Sylveon|28/100
|move|p1a: Sylveon|Yawn|p2a: Kingambit
|-start|p2a: Kingambit|move: Yawn|[of] p1a: Sylveon
|
|-weather|none
|-heal|p1b: Toxapex|91/100|[from] item: Leftovers
|upkeep
|turn|6
|
|t:|1784893848
|move|p1a: Sylveon|Detect|p1a: Sylveon
|-singleturn|p1a: Sylveon|Protect
|move|p2b: Whimsicott|Moonblast|p1a: Sylveon
|-activate|p1a: Sylveon|move: Protect
|move|p2a: Kingambit|Kowtow Cleave|p1a: Sylveon
|-activate|p1a: Sylveon|move: Protect
|move|p1b: Toxapex|Toxic|p2b: Whimsicott
|-status|p2b: Whimsicott|tox
|
|-heal|p1b: Toxapex|97/100|[from] item: Leftovers
|-damage|p2b: Whimsicott|60/100 tox|[from] psn
|-end|p2a: Kingambit|move: Yawn|[silent]
|-status|p2a: Kingambit|slp
|upkeep
|turn|7
|
|t:|1784893862
|switch|p2a: Garchomp|Garchomp, L50, M|100/100
|switch|p1a: Basculegion|Basculegion, L50, M|23/100
|move|p2b: Whimsicott|Moonblast|p1a: Basculegion
|-damage|p1a: Basculegion|0 fnt
|faint|p1a: Basculegion
|move|p1b: Toxapex|Infestation|p2b: Whimsicott
|-damage|p2b: Whimsicott|55/100 tox
|-activate|p2b: Whimsicott|move: Infestation|[of] p1b: Toxapex
|
|-heal|p1b: Toxapex|100/100|[from] item: Leftovers
|-damage|p2b: Whimsicott|43/100 tox|[from] psn
|-damage|p2b: Whimsicott|31/100 tox|[from] move: Infestation|[partiallytrapped]
|-sideend|p2: tamagotchai-01|move: Tailwind
|upkeep
|
|t:|1784893869
|switch|p1a: Raichu|Raichu, L50, M|100/100
|turn|8
|
|t:|1784893877
|detailschange|p1a: Raichu|Raichu-Mega-Y, L50, M
|-mega|p1a: Raichu|Raichu|Raichunite Y
|move|p1a: Raichu|Fake Out|p2a: Garchomp
|-damage|p2a: Garchomp|92/100
|-damage|p1a: Raichu|87/100|[from] ability: Rough Skin|[of] p2a: Garchomp
|move|p2b: Whimsicott|Moonblast|p1a: Raichu
|-damage|p1a: Raichu|40/100
|cant|p2a: Garchomp|flinch
|move|p1b: Toxapex|Infestation|p2a: Garchomp
|-damage|p2a: Garchomp|89/100
|-activate|p2a: Garchomp|move: Infestation|[of] p1b: Toxapex
|-damage|p1b: Toxapex|87/100|[from] ability: Rough Skin|[of] p2a: Garchomp
|
|-heal|p1b: Toxapex|93/100|[from] item: Leftovers
|-damage|p2b: Whimsicott|13/100 tox|[from] psn
|-damage|p2b: Whimsicott|1/100 tox|[from] move: Infestation|[partiallytrapped]
|-damage|p2a: Garchomp|76/100|[from] move: Infestation|[partiallytrapped]
|upkeep
|turn|9
|
|t:|1784893883
|move|p1a: Raichu|Protect|p1a: Raichu
|-singleturn|p1a: Raichu|Protect
|move|p2b: Whimsicott|Moonblast|p1a: Raichu
|-activate|p1a: Raichu|move: Protect
|move|p2a: Garchomp|Stomping Tantrum|p1b: Toxapex
|-supereffective|p1b: Toxapex|1
|-damage|p1b: Toxapex|0 fnt
|faint|p1b: Toxapex
|
|-damage|p2b: Whimsicott|0 fnt|[from] psn
|faint|p2b: Whimsicott
|-end|p2a: Garchomp|Infestation|[partiallytrapped]|[silent]
|upkeep
|
|t:|1784893894
|switch|p2b: Kingambit|Kingambit, L50, M|100/100 slp
|switch|p1b: Sylveon|Sylveon, L50, M|28/100
|turn|10
|
|t:|1784893900
|cant|p2b: Kingambit|slp
|move|p1a: Raichu|Focus Blast|p2b: Kingambit
|-supereffective|p2b: Kingambit|2
|-damage|p2b: Kingambit|0 fnt
|faint|p2b: Kingambit
|move|p2a: Garchomp|Stomping Tantrum|p1a: Raichu
|-supereffective|p1a: Raichu|1
|-damage|p1a: Raichu|0 fnt
|faint|p1a: Raichu
|move|p1b: Sylveon|Hyper Voice|p2a: Garchomp
|-supereffective|p2a: Garchomp|1
|-enditem|p2a: Garchomp|Roseli Berry|[eat]
|-enditem|p2a: Garchomp|Roseli Berry|[weaken]
|-damage|p2a: Garchomp|16/100
|
|upkeep
|turn|11
|
|t:|1784893903
|move|p1b: Sylveon|Quick Attack|p2a: Garchomp
|-supereffective|p2a: Garchomp|1
|-damage|p2a: Garchomp|0 fnt
|-damage|p1b: Sylveon|16/100|[from] ability: Rough Skin|[of] p2a: Garchomp
|faint|p2a: Garchomp
|
|win|testdigi
