|j|☆MiraiQuaza
|j|☆gargatest
|html|MiraiQuazagargatest    
|uhtml|bestof|Game 1 of a best-of-3
|t:|1756556609
|gametype|doubles
|player|p1|MiraiQuaza|lucas|1200
|player|p2|gargatest|cyclist|1122
|gen|9
|tier|[Gen 9] VGC 2025 Reg H (Bo3)
|rated|
|rule|Species Clause: Limit one of each Pokémon
|rule|Item Clause: Limit 1 of each item
|clearpoke
|poke|p1|Charizard, L50, M|
|poke|p1|Archaludon, L50, M|
|poke|p1|Dragonite, L50, M|
|poke|p1|Whimsicott, L50, F|
|poke|p1|Incineroar, L50, M|
|poke|p1|Amoonguss, L50, F|
|poke|p2|Gyarados, L50, M|
|poke|p2|Sneasler, L50, M|
|poke|p2|Indeedee, L50, M|
|poke|p2|Volcarona, L50, F|
|poke|p2|Ursaluna-Bloodmoon, L50, M|
|poke|p2|Tyranitar, L50, M|
|teampreview|4
|showteam|p1|Charizard||ChoiceSpecs|SolarPower|HeatWave,AirSlash,SolarBeam,Overheat|||M|||50|,,,,,Fire]Archaludon||AssaultVest|Stamina|DracoMeteor,ElectroShot,BodyPress,Snarl|||M|||50|,,,,,Grass]Dragonite||LoadedDice|InnerFocus|ScaleShot,TeraBlast,Haze,Protect|||M|||50|,,,,,Poison]Whimsicott||CovertCloak|Prankster|Tailwind,SunnyDay,Moonblast,BeatUp|||F|||50|,,,,,Ghost]Incineroar||SafetyGoggles|Intimidate|PartingShot,KnockOff,FlareBlitz,FakeOut|||M|||50|,,,,,Ghost]Amoonguss||Leftovers|Regenerator|Spore,PollenPuff,RagePowder,Protect|||F|||50|,,,,,Water
|showteam|p2|Gyarados||SafetyGoggles|Intimidate|Taunt,ThunderWave,Waterfall,Protect|||M|||50|,,,,,Steel]Sneasler||PsychicSeed|Unburden|CloseCombat,DireClaw,ThroatChop,Protect|||M|||50|,,,,,Dark]Indeedee||ChoiceScarf|PsychicSurge|ExpandingForce,TeraBlast,Trick,Protect|||M|||50|,,,,,Psychic]Volcarona||SitrusBerry|FlameBody|Overheat,StruggleBug,RagePowder,Tailwind|||F|||50|,,,,,Grass]Ursaluna-Bloodmoon||LifeOrb|MindsEye|HyperVoice,BloodMoon,EarthPower,Protect|||M|||50|,,,,,Normal]Tyranitar||AssaultVest|SandStream|LowKick,TeraBlast,KnockOff,RockSlide|||M|||50|,,,,,Flying
|inactive|Battle timer is ON: inactive players will automatically lose when time's up. (requested by MiraiQuaza)
|inactive|gargatest has 60 seconds left.
|inactive|gargatest has 30 seconds left.
|inactive|gargatest has 20 seconds left.
|inactive|gargatest has 15 seconds left.
|inactive|gargatest has 10 seconds left.
|inactive|gargatest has 5 seconds left.
|
|t:|1756556695
|teamsize|p1|4
|teamsize|p2|4
|start
|switch|p1a: Charizard|Charizard, L50, M, shiny|100/100
|switch|p1b: Whimsicott|Whimsicott, L50, F|100/100
|switch|p2a: Sneasler|Sneasler, L50, M|100/100
|switch|p2b: Indeedee|Indeedee, L50, M, shiny|100/100
|-fieldstart|move: Psychic Terrain|[from] ability: Psychic Surge|[of] p2b: Indeedee
|-enditem|p2a: Sneasler|Psychic Seed
|-boost|p2a: Sneasler|spd|1|[from] item: Psychic Seed
|turn|1
|
|t:|1756556716
|switch|p2b: Tyranitar|Tyranitar, L50, M, shiny|100/100
|-weather|Sandstorm|[from] ability: Sand Stream|[of] p2b: Tyranitar
|switch|p1a: Archaludon|Archaludon, L50, M|100/100
|move|p1b: Whimsicott|Tailwind|p1b: Whimsicott
|-sidestart|p1: MiraiQuaza|move: Tailwind
|move|p2a: Sneasler|Dire Claw|p1b: Whimsicott
|-supereffective|p1b: Whimsicott
|-damage|p1b: Whimsicott|0 fnt
|faint|p1b: Whimsicott
|
|-weather|Sandstorm|[upkeep]
|-damage|p2a: Sneasler|95/100|[from] Sandstorm
|upkeep
|
|t:|1756556731
|switch|p1b: Incineroar|Incineroar, L50, M|100/100
|-ability|p1b: Incineroar|Intimidate|boost
|-unboost|p2a: Sneasler|atk|1
|-unboost|p2b: Tyranitar|atk|1
|turn|2
|inactive|MiraiQuaza has 30 seconds left.
|
|t:|1756556766
|switch|p2b: Gyarados|Gyarados, L50, M, shiny|100/100
|-ability|p2b: Gyarados|Intimidate|boost
|-unboost|p1a: Archaludon|atk|1
|-unboost|p1b: Incineroar|atk|1
|move|p1b: Incineroar|Fake Out|p2b: Gyarados
|-hint|Psychic Terrain doesn't affect Pokémon immune to Ground.
|-damage|p2b: Gyarados|93/100
|move|p2a: Sneasler|Close Combat|p1b: Incineroar
|-supereffective|p1b: Incineroar
|-damage|p1b: Incineroar|13/100
|-unboost|p2a: Sneasler|def|1
|-unboost|p2a: Sneasler|spd|1
|move|p1a: Archaludon|Draco Meteor|p2a: Sneasler
|-damage|p2a: Sneasler|11/100
|-unboost|p1a: Archaludon|spa|2
|
|-weather|Sandstorm|[upkeep]
|-damage|p2a: Sneasler|5/100|[from] Sandstorm
|upkeep
|turn|3
|
|t:|1756556789
|switch|p2a: Tyranitar|Tyranitar, L50, M, shiny|100/100
|switch|p1a: Charizard|Charizard, L50, M, shiny|100/100
|move|p1b: Incineroar|Knock Off|p2b: Gyarados
|-damage|p2b: Gyarados|70/100
|-enditem|p2b: Gyarados|Safety Goggles|[from] move: Knock Off|[of] p1b: Incineroar
|move|p2b: Gyarados|Waterfall|p1b: Incineroar
|-supereffective|p1b: Incineroar
|-damage|p1b: Incineroar|0 fnt
|faint|p1b: Incineroar
|
|-weather|Sandstorm|[upkeep]
|-damage|p1a: Charizard|95/100|[from] Sandstorm
|-damage|p2b: Gyarados|64/100|[from] Sandstorm
|upkeep
|
|t:|1756556803
|switch|p1b: Archaludon|Archaludon, L50, M|100/100
|turn|4
|
|t:|1756556818
|move|p1a: Charizard|Overheat|p2a: Tyranitar
|-resisted|p2a: Tyranitar
|-damage|p2a: Tyranitar|83/100
|-unboost|p1a: Charizard|spa|2
|move|p1b: Archaludon|Body Press|p2a: Tyranitar
|-supereffective|p2a: Tyranitar
|-damage|p2a: Tyranitar|11/100
|move|p2b: Gyarados|Waterfall|p1a: Charizard
|-supereffective|p1a: Charizard
|-damage|p1a: Charizard|11/100
|move|p2a: Tyranitar|Rock Slide|p1a: Charizard|[spread] p1a,p1b
|-supereffective|p1a: Charizard
|-resisted|p1b: Archaludon
|-damage|p1a: Charizard|0 fnt
|-damage|p1b: Archaludon|89/100
|-ability|p1b: Archaludon|Stamina|boost
|-boost|p1b: Archaludon|def|1
|faint|p1a: Charizard
|
|-weather|Sandstorm|[upkeep]
|-damage|p2b: Gyarados|58/100|[from] Sandstorm
|-sideend|p1: MiraiQuaza|move: Tailwind
|upkeep
|turn|5
|inactive|MiraiQuaza has 30 seconds left.
|inactive|gargatest has 30 seconds left.
|
|t:|1756556843
|switch|p2a: Sneasler|Sneasler, L50, M|5/100
|move|p1b: Archaludon|Draco Meteor|p2b: Gyarados
|-damage|p2b: Gyarados|9/100
|-unboost|p1b: Archaludon|spa|2
|move|p2b: Gyarados|Thunder Wave|p1b: Archaludon
|-status|p1b: Archaludon|par
|
|-weather|none
|-fieldend|move: Psychic Terrain
|upkeep
|turn|6
|
|t:|1756556862
|move|p2b: Gyarados|Protect|p2b: Gyarados
|-singleturn|p2b: Gyarados|Protect
|move|p2a: Sneasler|Close Combat|p1b: Archaludon
|-supereffective|p1b: Archaludon
|-damage|p1b: Archaludon|24/100 par
|-unboost|p2a: Sneasler|def|1
|-unboost|p2a: Sneasler|spd|1
|-ability|p1b: Archaludon|Stamina|boost
|-boost|p1b: Archaludon|def|1
|move|p1b: Archaludon|Body Press|p2b: Gyarados
|-activate|p2b: Gyarados|move: Protect
|
|upkeep
|turn|7
|-message|MiraiQuaza forfeited.
|
|win|gargatest
|l|☆MiraiQuaza
|player|p1|
||MiraiQuaza is ready for game 2.
||gargatest is ready for game 2.
|uhtml|next|Next: Game 2 of 3
