|j|☆dreamswgh
|j|☆Fell Blue
|html|dreamswghFell Blue    
|uhtml|bestof|Game 1 of a best-of-3
|t:|1783465846
|gametype|doubles
|player|p1|dreamswgh|1|
|player|p2|Fell Blue|fantina|
|gen|9
|tier|[Gen 9 Champions] VGC 2026 Reg M-B (Bo3)
|rule|Species Clause: Limit one of each Pokémon
|rule|Item Clause: Limit 1 of each item
|clearpoke
|poke|p1|Mawile, L50, F|
|poke|p1|Hydreigon, L50, F|
|poke|p1|Delphox, L50, M|
|poke|p1|Sneasler, L50, M|
|poke|p1|Sinistcha, L50|
|poke|p1|Incineroar, L50, M|
|poke|p2|Metagross, L50|
|poke|p2|Pelipper, L50, M|
|poke|p2|Sinistcha, L50|
|poke|p2|Archaludon, L50, M|
|poke|p2|Swampert, L50, M|
|poke|p2|Grimmsnarl, L50, M|
|teampreview|4
|showteam|p1|Mawile||Mawilite|HyperCutter|SuckerPunch,PlayRough,SwordsDance,Protect|Brave||F|||50|]Hydreigon||ChoiceScarf|Levitate|DarkPulse,DracoMeteor,EarthPower,Snarl|Modest||F|||50|]Delphox||Delphoxite|Blaze|HeatWave,Psychic,NastyPlot,Protect|Timid||M|||50|]Sneasler||FocusSash|PoisonTouch|DireClaw,CloseCombat,QuickGuard,FakeOut|Adamant||M|||50|]Sinistcha||KasibBerry|Hospitality|Hex,TrickRoom,MatchaGotcha,RagePowder|Bold|||||50|]Incineroar||SitrusBerry|Intimidate|FlareBlitz,ThroatChop,PartingShot,FakeOut|Impish||M|||50|
|showteam|p2|Metagross||Metagrossite|ClearBody|IronHead,PsychicFangs,BodyPress,Protect|Jolly|||||50|]Pelipper||SitrusBerry|Drizzle|Hurricane,WeatherBall,Tailwind,WideGuard|Modest||M|||50|]Sinistcha||KasibBerry|Hospitality|MatchaGotcha,RagePowder,TrickRoom,Protect|Relaxed|||||50|]Archaludon||Leftovers|Stamina|ElectroShot,DragonPulse,FlashCannon,Protect|Modest||M|||50|]Swampert||Swampertite|Damp|WaveCrash,Earthquake,IcePunch,Protect|Adamant||M|||50|]Grimmsnarl||LightClay|Prankster|FoulPlay,PartingShot,Reflect,LightScreen|Calm||M|||50|
|c|☆dreamswgh|yoooo!!
|
|t:|1783465948
|teamsize|p1|4
|teamsize|p2|4
|start
|switch|p1a: Incineroar|Incineroar, L50, M|100/100
|switch|p1b: Mawile|Mawile, L50, F|100/100
|switch|p2a: Pelipper|Pelipper, L50, M|100/100
|switch|p2b: Swampert|Swampert, L50, M|100/100
|-weather|RainDance|[from] ability: Drizzle|[of] p2a: Pelipper
|-ability|p1a: Incineroar|Intimidate|boost
|-unboost|p2a: Pelipper|atk|1
|-unboost|p2b: Swampert|atk|1
|turn|1
|
|t:|1783465978
|detailschange|p2b: Swampert|Swampert-Mega, L50, M
|-mega|p2b: Swampert|Swampert|Swampertite
|detailschange|p1b: Mawile|Mawile-Mega, L50, F
|-mega|p1b: Mawile|Mawile|Mawilite
|move|p1a: Incineroar|Fake Out|p2b: Swampert
|-damage|p2b: Swampert|90/100
|cant|p2b: Swampert|flinch
|move|p2a: Pelipper|Weather Ball|p1b: Mawile
|-damage|p1b: Mawile|33/100
|move|p1b: Mawile|Swords Dance|p1b: Mawile
|-boost|p1b: Mawile|atk|2
|
|-weather|RainDance|[upkeep]
|upkeep
|turn|2
|c|☆Fell Blue|Hey! Sorry it took me a bit
|
|t:|1783466011
|switch|p2b: Grimmsnarl|Grimmsnarl, L50, M|100/100
|switch|p1a: Sinistcha|Sinistcha, L50|100/100
|-heal|p1b: Mawile|57/100|[from] ability: Hospitality|[of] p1a: Sinistcha
|move|p1b: Mawile|Protect|p1b: Mawile
|-singleturn|p1b: Mawile|Protect
|move|p2a: Pelipper|Weather Ball|p1b: Mawile
|-activate|p1b: Mawile|move: Protect
|
|-weather|RainDance|[upkeep]
|upkeep
|turn|3
|c|☆dreamswgh|haha no issue
|
|t:|1783466038
|move|p1a: Sinistcha|Rage Powder|p1a: Sinistcha
|-singleturn|p1a: Sinistcha|move: Rage Powder
|move|p2b: Grimmsnarl|Reflect|p2b: Grimmsnarl
|-sidestart|p2: Fell Blue|Reflect
|move|p2a: Pelipper|Hurricane|p1a: Sinistcha
|-supereffective|p1a: Sinistcha|1
|-damage|p1a: Sinistcha|8/100
|-start|p1a: Sinistcha|confusion
|move|p1b: Mawile|Play Rough|p2b: Grimmsnarl
|-supereffective|p2b: Grimmsnarl|1
|-damage|p2b: Grimmsnarl|0 fnt
|faint|p2b: Grimmsnarl
|
|-weather|RainDance|[upkeep]
|upkeep
|c|☆Fell Blue|Ye,don't really play this team but i could see there was some threating things to it from the get go
|
|t:|1783466052
|switch|p2b: Swampert|Swampert-Mega, L50, M|90/100
|turn|4
|
|t:|1783466068
|switch|p1a: Incineroar|Incineroar, L50, M|100/100
|-ability|p1a: Incineroar|Intimidate|boost
|-unboost|p2a: Pelipper|atk|1
|-unboost|p2b: Swampert|atk|1
|move|p1b: Mawile|Protect|p1b: Mawile
|-singleturn|p1b: Mawile|Protect
|move|p2b: Swampert|Earthquake|p1b: Mawile|[spread] p1a
|-activate|p1b: Mawile|move: Protect
|-immune|p2a: Pelipper
|-supereffective|p1a: Incineroar|1
|-damage|p1a: Incineroar|46/100
|-enditem|p1a: Incineroar|Sitrus Berry|[eat]
|-heal|p1a: Incineroar|71/100|[from] item: Sitrus Berry
|move|p2a: Pelipper|Weather Ball|p1b: Mawile
|-activate|p1b: Mawile|move: Protect
|
|-weather|RainDance|[upkeep]
|upkeep
|turn|5
|
|t:|1783466094
|move|p1a: Incineroar|Fake Out|p2a: Pelipper
|-damage|p2a: Pelipper|92/100
|move|p2b: Swampert|Earthquake|p1b: Mawile|[spread] p1a,p1b
|-immune|p2a: Pelipper
|-supereffective|p1a: Incineroar|1
|-supereffective|p1b: Mawile|1
|-damage|p1a: Incineroar|16/100
|-damage|p1b: Mawile|0 fnt
|faint|p1b: Mawile
|cant|p2a: Pelipper|flinch
|
|-weather|none
|upkeep
|
|t:|1783466112
|switch|p1b: Hydreigon|Hydreigon, L50, F|100/100
|turn|6
|
|t:|1783466142
|switch|p2a: Archaludon|Archaludon, L50, M|100/100
|move|p1b: Hydreigon|Dark Pulse|p2a: Archaludon
|-damage|p2a: Archaludon|58/100
|-ability|p2a: Archaludon|Stamina|boost
|-boost|p2a: Archaludon|def|1
|move|p2b: Swampert|Ice Punch|p1b: Hydreigon
|-supereffective|p1b: Hydreigon|1
|-damage|p1b: Hydreigon|50/100g
|move|p1a: Incineroar|Parting Shot|p2b: Swampert
|-unboost|p2b: Swampert|atk|1
|-unboost|p2b: Swampert|spa|1
|
|t:|1783466153
|switch|p1a: Sinistcha|Sinistcha, L50|8/100|[from] Parting Shot
|-heal|p1b: Hydreigon|75/100|[from] ability: Hospitality|[of] p1a: Sinistcha
|
|-heal|p2a: Archaludon|64/100|[from] item: Leftovers
|upkeep
|turn|7
|
|t:|1783466178
|switch|p2b: Pelipper|Pelipper, L50, M|92/100
|-weather|RainDance|[from] ability: Drizzle|[of] p2b: Pelipper
|move|p1a: Sinistcha|Rage Powder|p1a: Sinistcha
|-singleturn|p1a: Sinistcha|move: Rage Powder
|move|p1b: Hydreigon|Dark Pulse|p2a: Archaludon
|-damage|p2a: Archaludon|19/100
|-ability|p2a: Archaludon|Stamina|boost
|-boost|p2a: Archaludon|def|1
|move|p2a: Archaludon|Electro Shot||[still]
|-prepare|p2a: Archaludon|Electro Shot
|-boost|p2a: Archaludon|spa|1
|-anim|p2a: Archaludon|Electro Shot|p1a: Sinistcha
|-resisted|p1a: Sinistcha|1
|-damage|p1a: Sinistcha|0 fnt
|faint|p1a: Sinistcha
|
|-weather|RainDance|[upkeep]
|-heal|p2a: Archaludon|25/100|[from] item: Leftovers
|upkeep
|
|t:|1783466189
|switch|p1a: Incineroar|Incineroar, L50, M|16/100
|-ability|p1a: Incineroar|Intimidate|boost
|-unboost|p2a: Archaludon|atk|1
|-unboost|p2b: Pelipper|atk|1
|turn|8
|
|t:|1783466199
|move|p2a: Archaludon|Protect|p2a: Archaludon
|-singleturn|p2a: Archaludon|Protect
|move|p1a: Incineroar|Fake Out|p2a: Archaludon
|-activate|p2a: Archaludon|move: Protect
|move|p1b: Hydreigon|Dark Pulse|p2b: Pelipper
|-damage|p2b: Pelipper|43/100
|-enditem|p2b: Pelipper|Sitrus Berry|[eat]
|-heal|p2b: Pelipper|67/100|[from] item: Sitrus Berry
|cant|p2b: Pelipper|flinch
|
|-weather|RainDance|[upkeep]
|-heal|p2a: Archaludon|31/100|[from] item: Leftovers
|upkeep
|turn|9
|
|t:|1783466217
|move|p2a: Archaludon|Protect||[still]
|-fail|p2a: Archaludon
|move|p1b: Hydreigon|Dark Pulse|p2a: Archaludon
|-damage|p2a: Archaludon|0 fnt
|faint|p2a: Archaludon
|move|p2b: Pelipper|Tailwind|p2b: Pelipper
|-sidestart|p2: Fell Blue|move: Tailwind
|move|p1a: Incineroar|Throat Chop|p2b: Pelipper
|-damage|p2b: Pelipper|46/100
|-start|p2b: Pelipper|Throat Chop|[silent]
|
|-weather|RainDance|[upkeep]
|upkeep
|
|t:|1783466220
|switch|p2a: Swampert|Swampert-Mega, L50, M|90/100
|turn|10
|
|t:|1783466239
|move|p2a: Swampert|Ice Punch|p1b: Hydreigon
|-supereffective|p1b: Hydreigon|1
|-damage|p1b: Hydreigon|4/100
|move|p1b: Hydreigon|Dark Pulse|p2a: Swampert
|-damage|p2a: Swampert|54/100
|move|p2b: Pelipper|Weather Ball|p1a: Incineroar
|-supereffective|p1a: Incineroar|1
|-damage|p1a: Incineroar|0 fnt
|faint|p1a: Incineroar
|
|-weather|RainDance|[upkeep]
|-end|p2b: Pelipper|Throat Chop|[silent]
|-sideend|p2: Fell Blue|Reflect
|upkeep
|turn|11
|
|t:|1783466250
|move|p2a: Swampert|Ice Punch|p1b: Hydreigon
|-supereffective|p1b: Hydreigon|1
|-damage|p1b: Hydreigon|0 fnt
|faint|p1b: Hydreigon
|
|win|Fell Blue
||Fell Blue is ready for game 2.
|inactive|dreamswgh has 30 seconds to confirm battle start!
||dreamswgh is ready for game 2.
|uhtml|next|Next: Game 2 of 3
