|j|☆EnigmaEUW
|j|☆Rodrigo21amz
|html|EnigmaEUWRodrigo21amz    
|uhtml|bestof|Game 2 of a best-of-3
|t:|1756320436
|gametype|doubles
|player|p1|EnigmaEUW|ingo|1034
|player|p2|Rodrigo21amz|volkner|1033
|gen|9
|tier|[Gen 9] VGC 2025 Reg H (Bo3)
|rated|
|rule|Species Clause: Limit one of each Pokémon
|rule|Item Clause: Limit 1 of each item
|clearpoke
|poke|p1|Pelipper, L50, M|
|poke|p1|Archaludon, L50, F|
|poke|p1|Grimmsnarl, L50, M|
|poke|p1|Hydreigon, L50, M|
|poke|p1|Ursaluna, L50, F|
|poke|p1|Amoonguss, L50, M|
|poke|p2|Whimsicott, L50, F|
|poke|p2|Ursaluna-Bloodmoon, L50, M|
|poke|p2|Typhlosion-Hisui, L50, F|
|poke|p2|Sneasler, L50, F|
|poke|p2|Dragapult, L50, F|
|poke|p2|Indeedee, L50, M|
|teampreview|4
|showteam|p1|Pelipper||CovertCloak|Drizzle|WeatherBall,Hurricane,Tailwind,Protect|||M|||50|,,,,,Grass]Archaludon||AssaultVest|Stamina|ElectroShot,BodyPress,DracoMeteor,FlashCannon|||F|||50|,,,,,Bug]Grimmsnarl||LightClay|Prankster|LightScreen,Reflect,ThunderWave,SpiritBreak|||M|||50|,,,,,Ghost]Hydreigon||SafetyGoggles|Levitate|Snarl,DracoMeteor,Tailwind,Protect|||M|||50|,,,,,Poison]Ursaluna||FlameOrb|Guts|Facade,Earthquake,HeadlongRush,Protect|||F|||50|,,,,,Ghost]Amoonguss||SitrusBerry|Regenerator|Spore,RagePowder,PollenPuff,Protect|||M|||50|,,,,,Electric
|showteam|p2|Whimsicott||CovertCloak|Prankster|Tailwind,SunnyDay,Moonblast,Encore|||F|||50|,,,,,Steel]Ursaluna-Bloodmoon||LifeOrb|MindsEye|BloodMoon,HyperVoice,EarthPower,Protect|||M|||50|,,,,,Normal]Typhlosion-Hisui||ChoiceScarf|Blaze|Eruption,ShadowBall,HeatWave,Overheat|||F|||50|,,,,,Fire]Sneasler||PsychicSeed|Unburden|Protect,CloseCombat,DireClaw,ThroatChop|||F|||50|,,,,,Dark]Dragapult||ChoiceBand|ClearBody|DragonDarts,Outrage,Uturn,PhantomForce|||F|||50|,,,,,Dragon]Indeedee||FocusSash|PsychicSurge|ExpandingForce,TeraBlast,HyperVoice,Protect|||M|||50|,,,,,Fighting
|inactive|Battle timer is ON: inactive players will automatically lose when time's up. (requested by EnigmaEUW)
|
|t:|1756320461
|teamsize|p1|4
|teamsize|p2|4
|start
|switch|p1a: Grimmsnarl|Grimmsnarl, L50, M|100/100
|switch|p1b: Amoonguss|Amoonguss, L50, M|100/100
|switch|p2a: Indeedee|Indeedee, L50, M|100/100
|switch|p2b: Sneasler|Sneasler, L50, F|100/100
|-fieldstart|move: Psychic Terrain|[from] ability: Psychic Surge|[of] p2a: Indeedee
|-enditem|p2b: Sneasler|Psychic Seed
|-boost|p2b: Sneasler|spd|1|[from] item: Psychic Seed
|turn|1
|inactive|EnigmaEUW has 30 seconds left.
|inactive|EnigmaEUW has 20 seconds left.
|inactive|EnigmaEUW has 15 seconds left.
|
|t:|1756320504
|-terastallize|p1b: Amoonguss|Electric
|move|p1a: Grimmsnarl|Reflect|p1a: Grimmsnarl
|-sidestart|p1: EnigmaEUW|Reflect
|move|p2b: Sneasler|Dire Claw|p1a: Grimmsnarl
|-supereffective|p1a: Grimmsnarl
|-damage|p1a: Grimmsnarl|46/100
|-status|p1a: Grimmsnarl|psn
|move|p2a: Indeedee|Expanding Force|p1b: Amoonguss|[spread] p1b
|-immune|p1a: Grimmsnarl
|-damage|p1b: Amoonguss|54/100
|move|p1b: Amoonguss|Spore|p2b: Sneasler
|-status|p2b: Sneasler|slp|[from] move: Spore
|
|-damage|p1a: Grimmsnarl|34/100 psn|[from] psn
|upkeep
|turn|2
|inactive|EnigmaEUW has 30 seconds left.
|inactive|Rodrigo21amz has 30 seconds left.
|inactive|Rodrigo21amz has 20 seconds left.
|
|t:|1756320542
|cant|p2b: Sneasler|slp
|move|p1a: Grimmsnarl|Light Screen|p1a: Grimmsnarl
|-sidestart|p1: EnigmaEUW|move: Light Screen
|move|p2a: Indeedee|Expanding Force|p1a: Grimmsnarl|[spread] p1b
|-immune|p1a: Grimmsnarl
|-damage|p1b: Amoonguss|22/100
|-enditem|p1b: Amoonguss|Sitrus Berry|[eat]
|-heal|p1b: Amoonguss|47/100|[from] item: Sitrus Berry
|move|p1b: Amoonguss|Pollen Puff|p1a: Grimmsnarl
|-heal|p1a: Grimmsnarl|84/100 psn
|
|-damage|p1a: Grimmsnarl|71/100 psn|[from] psn
|upkeep
|turn|3
|
|t:|1756320567
|switch|p1b: Archaludon|Archaludon, L50, F|100/100
|cant|p2b: Sneasler|slp
|move|p2a: Indeedee|Expanding Force|p1a: Grimmsnarl|[spread] p1b
|-immune|p1a: Grimmsnarl
|-resisted|p1b: Archaludon
|-damage|p1b: Archaludon|88/100
|-ability|p1b: Archaludon|Stamina|boost
|-boost|p1b: Archaludon|def|1
|move|p1a: Grimmsnarl|Spirit Break|p2a: Indeedee
|-damage|p2a: Indeedee|38/100
|-unboost|p2a: Indeedee|spa|1
|
|-damage|p1a: Grimmsnarl|59/100 psn|[from] psn
|upkeep
|turn|4
|inactive|EnigmaEUW has 30 seconds left.
|inactive|Rodrigo21amz has 30 seconds left.
|inactive|EnigmaEUW has 20 seconds left.
|inactive|EnigmaEUW has 15 seconds left.
|
|t:|1756320612
|move|p2a: Indeedee|Protect|p2a: Indeedee
|-singleturn|p2a: Indeedee|Protect
|cant|p2b: Sneasler|slp
|move|p1b: Archaludon|Flash Cannon|p2a: Indeedee
|-activate|p2a: Indeedee|move: Protect
|move|p1a: Grimmsnarl|Spirit Break|p2b: Sneasler
|-damage|p2b: Sneasler|46/100 slp
|-unboost|p2b: Sneasler|spa|1
|
|-damage|p1a: Grimmsnarl|46/100 psn|[from] psn
|upkeep
|turn|5
|inactive|EnigmaEUW has 30 seconds left.
|inactive|Rodrigo21amz has 30 seconds left.
|inactive|EnigmaEUW has 20 seconds left.
|inactive|EnigmaEUW has 15 seconds left.
|inactive|EnigmaEUW has 10 seconds left.
|inactive|Rodrigo21amz has 20 seconds left.
|inactive|Rodrigo21amz has 15 seconds left.
|inactive|Rodrigo21amz has 10 seconds left.
|inactive|EnigmaEUW has 5 seconds left.
|
|t:|1756320677
|switch|p1a: Pelipper|Pelipper, L50, M|100/100
|-weather|RainDance|[from] ability: Drizzle|[of] p1a: Pelipper
|-curestatus|p2b: Sneasler|slp|[msg]
|move|p2b: Sneasler|Dire Claw|p1a: Pelipper
|-damage|p1a: Pelipper|75/100
|move|p2a: Indeedee|Expanding Force|p1a: Pelipper|[spread] p1a,p1b
|-resisted|p1b: Archaludon
|-damage|p1a: Pelipper|37/100
|-damage|p1b: Archaludon|78/100
|-ability|p1b: Archaludon|Stamina|boost
|-boost|p1b: Archaludon|def|1
|move|p1b: Archaludon|Electro Shot||[still]
|-prepare|p1b: Archaludon|Electro Shot
|-boost|p1b: Archaludon|spa|1
|-anim|p1b: Archaludon|Electro Shot|p2b: Sneasler
|-damage|p2b: Sneasler|0 fnt
|faint|p2b: Sneasler
|
|-weather|RainDance|[upkeep]
|-fieldend|move: Psychic Terrain
|upkeep
|
|t:|1756320702
|switch|p2b: Whimsicott|Whimsicott, L50, F|100/100
|turn|6
|inactive|EnigmaEUW has 30 seconds left.
|inactive|Rodrigo21amz has 30 seconds left.
|inactive|EnigmaEUW has 20 seconds left.
|inactive|EnigmaEUW has 15 seconds left.
|inactive|EnigmaEUW has 10 seconds left.
|
|t:|1756320747
|-terastallize|p2b: Whimsicott|Steel
|move|p2b: Whimsicott|Sunny Day|p2b: Whimsicott
|-weather|SunnyDay
|move|p2a: Indeedee|Expanding Force|p1a: Pelipper
|-damage|p1a: Pelipper|11/100
|move|p1b: Archaludon|Flash Cannon|p2b: Whimsicott
|-resisted|p2b: Whimsicott
|-damage|p2b: Whimsicott|49/100
|move|p1a: Pelipper|Weather Ball|p2b: Whimsicott
|-supereffective|p2b: Whimsicott
|-crit|p2b: Whimsicott
|-damage|p2b: Whimsicott|0 fnt
|faint|p2b: Whimsicott
|
|-weather|SunnyDay|[upkeep]
|upkeep
|inactive|Rodrigo21amz has 30 seconds left.
|
|t:|1756320774
|switch|p2b: Typhlosion|Typhlosion-Hisui, L50, F|100/100
|turn|7
|
|t:|1756320794
|switch|p1b: Amoonguss|Amoonguss, L50, M, tera:Electric|80/100
|switch|p1a: Grimmsnarl|Grimmsnarl, L50, M|46/100 psn
|move|p2b: Typhlosion|Eruption|p1b: Amoonguss|[spread] p1a,p1b
|-damage|p1a: Grimmsnarl|0 fnt
|-damage|p1b: Amoonguss|27/100
|faint|p1a: Grimmsnarl
|move|p2a: Indeedee|Expanding Force|p1b: Amoonguss
|-damage|p1b: Amoonguss|13/100
|
|-weather|SunnyDay|[upkeep]
|upkeep
|-message|Rodrigo21amz forfeited.
|
|win|EnigmaEUW
|l|☆Rodrigo21amz
|player|p2|
||Rodrigo21amz is ready for game 3.
||EnigmaEUW is ready for game 3.
|uhtml|next|Next: Game 3 of 3
