|j|☆VGCsoul
|j|‽Juaner95
|html|VGCsoulJuaner95    
|uhtml|bestof|Game 1 of a best-of-3
|t:|1783645656
|gametype|doubles
|player|p1|VGCsoul|lance|1063
|player|p2|Juaner95|ash-johto|1040
|gen|9
|tier|[Gen 9 Champions] VGC 2026 Reg M-B (Bo3)
|rated|
|rule|Species Clause: Limit one of each Pokémon
|rule|Item Clause: Limit 1 of each item
|clearpoke
|poke|p1|Gengar, L50, M|
|poke|p1|Politoed, L50, F|
|poke|p1|Archaludon, L50, M|
|poke|p1|Talonflame, L50, M|
|poke|p1|Swampert, L50, M|
|poke|p1|Meowscarada, L50, M|
|poke|p2|Scovillain, L50, M|
|poke|p2|Basculegion, L50, M, shiny|
|poke|p2|Sylveon, L50, F, shiny|
|poke|p2|Garchomp, L50, M|
|poke|p2|Aerodactyl, L50, M|
|poke|p2|Kingambit, L50, M|
|teampreview|4
|showteam|p1|Gengar||Gengarite|CursedBody|ShadowBall,Taunt,Substitute,Protect|Timid||M|||50|]Politoed||MysticWater|Drizzle|PerishSong,HydroPump,IceBeam,Protect|Calm||F|||50|]Archaludon||Leftovers|Stamina|FlashCannon,DracoMeteor,Thunder,Protect|Timid||M|||50|]Talonflame||SharpBeak|GaleWings|BraveBird,Tailwind,FlareBlitz,Protect|Jolly||M|||50|]Swampert||Swampertite|Torrent|Liquidation,HighHorsepower,IcePunch,Protect|Adamant||M|||50|]Meowscarada||LifeOrb|Protean|FlowerTrick,ShadowClaw,PlayRough,KnockOff|Jolly||M|||50|
|showteam|p2|Scovillain||Scovillainite|Moody|Overheat,LeechSeed,RagePowder,Protect|Calm||M|||50|]Basculegion||ChoiceScarf|Adaptability|WaveCrash,LastRespects,FlipTurn,AquaJet|Jolly||M|||50|]Sylveon||FairyFeather|Pixilate|HyperVoice,HyperBeam,QuickAttack,Detect|Modest||F|||50|]Garchomp||SitrusBerry|RoughSkin|Earthquake,DragonClaw,PoisonJab,Protect|Adamant||M|||50|]Aerodactyl||Aerodactylite|Unnerve|RockSlide,DualWingbeat,Tailwind,Protect|Jolly||M|||50|]Kingambit||FocusSash|Defiant|KowtowCleave,IronHead,LowKick,SuckerPunch|Adamant||M|||50|
|inactive|Battle timer is ON: inactive players will automatically lose when time's up. (requested by VGCsoul)
|inactive|Juaner95 has 60 seconds left.
|inactive|Juaner95 has 30 seconds left.
|inactive|Juaner95 has 20 seconds left.
|inactive|Juaner95 has 15 seconds left.
|inactive|Juaner95 has 10 seconds left.
|inactive|Juaner95 has 5 seconds left.
|
|t:|1783645813
|teamsize|p1|4
|teamsize|p2|4
|start
|switch|p1a: Gengar|Gengar, L50, M|100/100
|switch|p1b: Politoed|Politoed, L50, F|100/100
|switch|p2a: Scovillain|Scovillain, L50, M|100/100
|switch|p2b: Basculegion|Basculegion, L50, M, shiny|100/100
|-weather|RainDance|[from] ability: Drizzle|[of] p1b: Politoed
|turn|1
|
|t:|1783645837
|detailschange|p1a: Gengar|Gengar-Mega, L50, M
|-mega|p1a: Gengar|Gengar|Gengarite
|move|p2a: Scovillain|Protect|p2a: Scovillain
|-singleturn|p2a: Scovillain|Protect
|move|p2b: Basculegion|Flip Turn|p1a: Gengar
|-damage|p1a: Gengar|28/100
|
|t:|1783645845
|switch|p2b: Garchomp|Garchomp, L50, M|100/100|[from] Flip Turn
|move|p1a: Gengar|Substitute|p1a: Gengar
|-start|p1a: Gengar|Substitute
|-damage|p1a: Gengar|3/100
|move|p1b: Politoed|Perish Song|p1b: Politoed
|-start|p1a: Gengar|perish3|[silent]
|-start|p1b: Politoed|perish3|[silent]
|-start|p2a: Scovillain|perish3|[silent]
|-start|p2b: Garchomp|perish3|[silent]
|-fieldactivate|move: Perish Song
|
|-weather|RainDance|[upkeep]
|-start|p1a: Gengar|perish3
|-start|p2b: Garchomp|perish3
|-start|p2a: Scovillain|perish3
|-start|p1b: Politoed|perish3
|-ability|p2a: Scovillain|Moody|boost
|-boost|p2a: Scovillain|spe|2
|-unboost|p2a: Scovillain|spa|1
|upkeep
|turn|2
|inactive|VGCsoul has 30 seconds left.
|
|t:|1783645875
|detailschange|p2a: Scovillain|Scovillain-Mega, L50, M
|-mega|p2a: Scovillain|Scovillain|Scovillainite
|move|p2a: Scovillain|Rage Powder|p2a: Scovillain
|-singleturn|p2a: Scovillain|move: Rage Powder
|move|p1a: Gengar|Taunt|p2a: Scovillain
|-start|p2a: Scovillain|move: Taunt
|move|p2b: Garchomp|Dragon Claw|p1a: Gengar
|-end|p1a: Gengar|Substitute
|move|p1b: Politoed|Ice Beam|p2a: Scovillain
|-damage|p2a: Scovillain|80/100
|-status|p1b: Politoed|brn|[from] ability: Spicy Spray|[of] p2a: Scovillain
|
|-weather|RainDance|[upkeep]
|-damage|p1b: Politoed|93/100 brn|[from] brn
|-start|p1a: Gengar|perish2
|-start|p2a: Scovillain|perish2
|-start|p2b: Garchomp|perish2
|-start|p1b: Politoed|perish2
|upkeep
|turn|3
|inactive|Juaner95 has 30 seconds left.
|
|t:|1783645902
|move|p1a: Gengar|Protect|p1a: Gengar
|-singleturn|p1a: Gengar|Protect
|move|p2a: Scovillain|Overheat|p1a: Gengar
|-activate|p1a: Gengar|move: Protect
|move|p2b: Garchomp|Dragon Claw|p1a: Gengar
|-activate|p1a: Gengar|move: Protect
|move|p1b: Politoed|Ice Beam|p2b: Garchomp
|-supereffective|p2b: Garchomp|2
|-damage|p2b: Garchomp|25/100
|-enditem|p2b: Garchomp|Sitrus Berry|[eat]
|-heal|p2b: Garchomp|50/100y|[from] item: Sitrus Berry
|
|-weather|RainDance|[upkeep]
|-damage|p1b: Politoed|87/100 brn|[from] brn
|-start|p1a: Gengar|perish1
|-start|p2a: Scovillain|perish1
|-start|p2b: Garchomp|perish1
|-start|p1b: Politoed|perish1
|upkeep
|turn|4
|
|t:|1783645925
|switch|p1a: Talonflame|Talonflame, L50, M|100/100
|switch|p1b: Meowscarada|Meowscarada, L50, M|100/100
|move|p2a: Scovillain|Overheat|p1a: Talonflame
|-resisted|p1a: Talonflame|1
|-crit|p1a: Talonflame
|-damage|p1a: Talonflame|63/100
|-unboost|p2a: Scovillain|spa|2
|move|p2b: Garchomp|Dragon Claw|p1a: Talonflame
|-damage|p1a: Talonflame|0 fnt
|faint|p1a: Talonflame
|
|-weather|RainDance|[upkeep]
|-start|p2a: Scovillain|perish0
|-start|p2b: Garchomp|perish0
|upkeep
|faint|p2a: Scovillain
|faint|p2b: Garchomp
|
|t:|1783645946
|switch|p1a: Politoed|Politoed, L50, F|87/100 brn
|switch|p2b: Sylveon|Sylveon, L50, F, shiny|100/100
|switch|p2a: Basculegion|Basculegion, L50, M, shiny|100/100
|turn|5
|
|t:|1783645968
|move|p2a: Basculegion|Last Respects|p1a: Politoed
|-damage|p1a: Politoed|0 fnt
|faint|p1a: Politoed
|move|p1b: Meowscarada|Flower Trick|p2a: Basculegion
|-start|p1b: Meowscarada|typechange|Grass|[from] ability: Protean
|-supereffective|p2a: Basculegion|1
|-crit|p2a: Basculegion
|-damage|p2a: Basculegion|0 fnt
|faint|p2a: Basculegion
|-damage|p1b: Meowscarada|90/100|[from] item: Life Orb
|move|p2b: Sylveon|Hyper Voice|p1b: Meowscarada
|-damage|p1b: Meowscarada|0 fnt
|faint|p1b: Meowscarada
|
|-weather|none
|upkeep
|
|t:|1783645983
|switch|p1a: Gengar|Gengar-Mega, L50, M|3/100
|turn|6
|
|t:|1783645988
|move|p2b: Sylveon|Quick Attack|p1a: Gengar
|-resisted|p1a: Gengar|1
|-damage|p1a: Gengar|0 fnt
|faint|p1a: Gengar
|
|win|Juaner95
||VGCsoul is ready for game 2.
|inactive|Juaner95 has 30 seconds to confirm battle start!
|inactive|Juaner95 has 20 seconds to confirm battle start!
|inactive|Juaner95 has 10 seconds to confirm battle start!
|uhtml|next|Next: Game 2 of 3
|l|☆VGCsoul
|player|p1|
|l|‽Juaner95
|player|p2|
|j|‽Juaner95
|player|p2|Juaner95|ash-johto|
