|j|☆MrTedno
|j|☆kojay
|html|MrTednokojay    
|uhtml|bestof|Game 2 of a best-of-3
|t:|1756837850
|gametype|doubles
|player|p1|MrTedno|barry|1145
|player|p2|kojay|kamado-armor|1200
|gen|9
|tier|[Gen 9] VGC 2025 Reg H (Bo3)
|rated|
|rule|Species Clause: Limit one of each Pokémon
|rule|Item Clause: Limit 1 of each item
|clearpoke
|poke|p1|Ninetales-Alola, L50, F|
|poke|p1|Garchomp, L50, M|
|poke|p1|Dragonite, L50, M|
|poke|p1|Incineroar, L50, M|
|poke|p1|Gholdengo, L50|
|poke|p1|Farigiraf, L50, F|
|poke|p2|Garchomp, L50, M|
|poke|p2|Sneasler, L50, F|
|poke|p2|Incineroar, L50, M|
|poke|p2|Dragonite, L50, M|
|poke|p2|Gholdengo, L50|
|poke|p2|Talonflame, L50, M|
|teampreview|4
|showteam|p1|Ninetales-Alola||FocusSash|SnowWarning|Moonblast,Blizzard,FreezeDry,Protect|||F|||50|,,,,,Ghost]Garchomp||LifeOrb|RoughSkin|Earthquake,DragonClaw,StompingTantrum,Protect|||M|||50|,,,,,Ground]Dragonite||LumBerry|InnerFocus|TeraBlast,LowKick,ExtremeSpeed,Protect|||M|||50|,,,,,Flying]Incineroar||SafetyGoggles|Intimidate|FakeOut,PartingShot,FlareBlitz,KnockOff|||M|||50|,,,,,Ghost]Gholdengo||Leftovers|GoodasGold|ShadowBall,MakeItRain,NastyPlot,Protect||||||50|,,,,,Flying]Farigiraf||SitrusBerry|ArmorTail|TrickRoom,Protect,TeraBlast,Psychic|||F|||50|,,,,,Fighting
|showteam|p2|Garchomp||LifeOrb|RoughSkin|Earthquake,DragonClaw,StompingTantrum,Protect|||M|||50|,,,,,Ground]Sneasler||WhiteHerb|Unburden|Coaching,Protect,DireClaw,CloseCombat|||F|||50|,,,,,Ghost]Incineroar||SafetyGoggles|Intimidate|FakeOut,FlareBlitz,KnockOff,PartingShot|||M|||50|,,,,,Ghost]Dragonite||LoadedDice|InnerFocus|TeraBlast,ScaleShot,Haze,Protect|||M|||50|,,,,,Flying]Gholdengo||ChoiceScarf|GoodasGold|MakeItRain,ShadowBall,Trick,Protect||||||50|,,,,,Steel]Talonflame||WideLens|GaleWings|Tailwind,Overheat,Taunt,WillOWisp|||M|||50|,,,,,Ghost
|
|t:|1756837872
|teamsize|p1|4
|teamsize|p2|4
|start
|switch|p1a: Julien|Incineroar, L50, M|100/100
|switch|p1b: Melman|Farigiraf, L50, F|100/100
|switch|p2a: Sneasler|Sneasler, L50, F|100/100
|switch|p2b: Gholdengo|Gholdengo, L50|100/100
|-ability|p1a: Julien|Intimidate|boost
|-unboost|p2a: Sneasler|atk|1
|-unboost|p2b: Gholdengo|atk|1
|-enditem|p2a: Sneasler|White Herb
|-clearnegativeboost|p2a: Sneasler|[silent]
|turn|1
|inactive|Battle timer is ON: inactive players will automatically lose when time's up. (requested by kojay)
|
|t:|1756837925
|-terastallize|p2a: Sneasler|Ghost
|move|p1b: Melman|Protect|p1b: Melman
|-singleturn|p1b: Melman|Protect
|move|p2a: Sneasler|Close Combat|p1b: Melman
|-activate|p1b: Melman|move: Protect
|move|p2b: Gholdengo|Make It Rain|p1a: Julien|[spread] p1a
|-activate|p1b: Melman|move: Protect
|-resisted|p1a: Julien
|-damage|p1a: Julien|76/100
|-unboost|p2b: Gholdengo|spa|1
|move|p1a: Julien|Parting Shot|p2a: Sneasler
|-unboost|p2a: Sneasler|atk|1
|-unboost|p2a: Sneasler|spa|1
|inactive|MrTedno has 30 seconds left.
|inactive|MrTedno has 20 seconds left.
|
|t:|1756837964
|switch|p1a: Gloria|Ninetales-Alola, L50, F|100/100|[from] Parting Shot
|-weather|Snowscape|[from] ability: Snow Warning|[of] p1a: Gloria
|
|-weather|Snowscape|[upkeep]
|upkeep
|turn|2
|
|t:|1756837980
|switch|p1a: Julien|Incineroar, L50, M|76/100
|-ability|p1a: Julien|Intimidate|boost
|-unboost|p2a: Sneasler|atk|1
|-unboost|p2b: Gholdengo|atk|1
|move|p2a: Sneasler|Close Combat|p1b: Melman
|-damage|p1b: Melman|70/100
|-unboost|p2a: Sneasler|def|1
|-unboost|p2a: Sneasler|spd|1
|move|p2b: Gholdengo|Make It Rain|p1b: Melman|[spread] p1a,p1b
|-resisted|p1a: Julien
|-damage|p1a: Julien|59/100
|-damage|p1b: Melman|41/100
|-unboost|p2b: Gholdengo|spa|1
|-enditem|p1b: Melman|Sitrus Berry|[eat]
|-heal|p1b: Melman|66/100|[from] item: Sitrus Berry
|move|p1b: Melman|Trick Room|p1b: Melman
|-fieldstart|move: Trick Room|[of] p1b: Melman
|
|-weather|Snowscape|[upkeep]
|upkeep
|turn|3
|inactive|MrTedno has 30 seconds left.
|inactive|kojay has 30 seconds left.
|inactive|MrTedno has 20 seconds left.
|inactive|MrTedno has 15 seconds left.
|inactive|MrTedno has 10 seconds left.
|
|t:|1756838029
|switch|p1b: Alex|Garchomp, L50, M|100/100
|switch|p2b: Dalinar|Incineroar, L50, M, shiny|100/100
|-ability|p2b: Dalinar|Intimidate|boost
|-unboost|p1a: Julien|atk|1
|-unboost|p1b: Alex|atk|1
|move|p2a: Sneasler|Protect|p2a: Sneasler
|-singleturn|p2a: Sneasler|Protect
|move|p1a: Julien|Knock Off|p2a: Sneasler
|-activate|p2a: Sneasler|move: Protect
|
|-weather|Snowscape|[upkeep]
|upkeep
|turn|4
|inactive|MrTedno has 30 seconds left.
|inactive|MrTedno has 20 seconds left.
|
|t:|1756838069
|move|p1a: Julien|Knock Off|p2a: Sneasler
|-supereffective|p2a: Sneasler
|-damage|p2a: Sneasler|0 fnt
|faint|p2a: Sneasler
|move|p2b: Dalinar|Parting Shot|p1b: Alex
|-unboost|p1b: Alex|atk|1
|-unboost|p1b: Alex|spa|1
|
|t:|1756838074
|switch|p2b: Kaladin|Garchomp, L50, M, shiny|100/100|[from] Parting Shot
|move|p1b: Alex|Stomping Tantrum|p2b: Kaladin
|-damage|p2b: Kaladin|73/100
|-damage|p1b: Alex|88/100|[from] ability: Rough Skin|[of] p2b: Kaladin
|-damage|p1b: Alex|78/100|[from] item: Life Orb
|
|-weather|Snowscape|[upkeep]
|upkeep
|
|t:|1756838082
|switch|p2a: Dalinar|Incineroar, L50, M, shiny|100/100
|-ability|p2a: Dalinar|Intimidate|boost
|-unboost|p1a: Julien|atk|1
|-unboost|p1b: Alex|atk|1
|turn|5
|inactive|MrTedno has 30 seconds left.
|
|t:|1756838116
|switch|p1b: Melman|Farigiraf, L50, F|66/100
|move|p1a: Julien|Parting Shot|p2b: Kaladin
|-unboost|p2b: Kaladin|atk|1
|-unboost|p2b: Kaladin|spa|1
|inactive|MrTedno has 30 seconds left.
|
|t:|1756838149
|switch|p1a: Alex|Garchomp, L50, M|78/100|[from] Parting Shot
|move|p2a: Dalinar|Knock Off|p1a: Alex
|-damage|p1a: Alex|29/100
|-damage|p2a: Dalinar|88/100|[from] ability: Rough Skin|[of] p1a: Alex
|-enditem|p1a: Alex|Life Orb|[from] move: Knock Off|[of] p2a: Dalinar
|move|p2b: Kaladin|Stomping Tantrum|p1a: Alex
|-damage|p1a: Alex|0 fnt
|-damage|p2b: Kaladin|61/100|[from] ability: Rough Skin|[of] p1a: Alex
|faint|p1a: Alex
|-damage|p2b: Kaladin|51/100|[from] item: Life Orb
|
|-weather|none
|upkeep
|
|t:|1756838165
|switch|p1a: Julien|Incineroar, L50, M|59/100
|-ability|p1a: Julien|Intimidate|boost
|-unboost|p2a: Dalinar|atk|1
|-unboost|p2b: Kaladin|atk|1
|turn|6
|
|t:|1756838188
|-terastallize|p1b: Melman|Fighting
|move|p1b: Melman|Tera Blast|p2a: Dalinar|[anim] Tera Blast Fighting
|-supereffective|p2a: Dalinar
|-damage|p2a: Dalinar|19/100
|move|p1a: Julien|Parting Shot|p2a: Dalinar
|-unboost|p2a: Dalinar|atk|1
|-unboost|p2a: Dalinar|spa|1
|
|t:|1756838194
|switch|p1a: Gloria|Ninetales-Alola, L50, F|100/100|[from] Parting Shot
|-weather|Snowscape|[from] ability: Snow Warning|[of] p1a: Gloria
|move|p2a: Dalinar|Parting Shot|p1a: Gloria
|-unboost|p1a: Gloria|atk|1
|-unboost|p1a: Gloria|spa|1
|
|t:|1756838201
|switch|p2a: Gholdengo|Gholdengo, L50|100/100|[from] Parting Shot
|move|p2b: Kaladin|Stomping Tantrum|p1b: Melman
|-damage|p1b: Melman|42/100
|-damage|p2b: Kaladin|41/100|[from] item: Life Orb
|
|-weather|Snowscape|[upkeep]
|-fieldend|move: Trick Room
|upkeep
|turn|7
|inactive|MrTedno has 30 seconds left.
|inactive|kojay has 30 seconds left.
|inactive|MrTedno has 20 seconds left.
|inactive|MrTedno has 15 seconds left.
|inactive|MrTedno has 10 seconds left.
|
|t:|1756838247
|switch|p1a: Julien|Incineroar, L50, M|59/100
|-ability|p1a: Julien|Intimidate|boost
|-unboost|p2a: Gholdengo|atk|1
|-unboost|p2b: Kaladin|atk|1
|switch|p2b: Dalinar|Incineroar, L50, M, shiny|19/100
|-ability|p2b: Dalinar|Intimidate|boost
|-unboost|p1a: Julien|atk|1
|-unboost|p1b: Melman|atk|1
|move|p2a: Gholdengo|Make It Rain|p1b: Melman|[spread] p1a,p1b
|-resisted|p1a: Julien
|-damage|p1a: Julien|35/100
|-damage|p1b: Melman|0 fnt
|-unboost|p2a: Gholdengo|spa|1
|faint|p1b: Melman
|
|-weather|Snowscape|[upkeep]
|upkeep
|
|t:|1756838253
|switch|p1b: Gloria|Ninetales-Alola, L50, F|100/100
|turn|8
|
|t:|1756838260
|move|p1b: Gloria|Protect|p1b: Gloria
|-singleturn|p1b: Gloria|Protect
|move|p2b: Dalinar|Fake Out|p1a: Julien
|-damage|p1a: Julien|23/100
|move|p2a: Gholdengo|Make It Rain|p1a: Julien|[spread] p1a
|-activate|p1b: Gloria|move: Protect
|-resisted|p1a: Julien
|-crit|p1a: Julien
|-damage|p1a: Julien|0 fnt
|-unboost|p2a: Gholdengo|spa|1
|faint|p1a: Julien
|
|-weather|Snowscape|[upkeep]
|upkeep
|turn|9
|
|t:|1756838269
|move|p2a: Gholdengo|Make It Rain|p1b: Gloria
|-supereffective|p1b: Gloria
|-enditem|p1b: Gloria|Focus Sash
|-damage|p1b: Gloria|1/100
|-unboost|p2a: Gholdengo|spa|1
|move|p1b: Gloria|Blizzard|p2b: Dalinar|[spread] p2a,p2b
|-resisted|p2a: Gholdengo
|-resisted|p2b: Dalinar
|-damage|p2a: Gholdengo|81/100
|-damage|p2b: Dalinar|5/100
|move|p2b: Dalinar|Flare Blitz|p1b: Gloria
|-supereffective|p1b: Gloria
|-damage|p1b: Gloria|0 fnt
|faint|p1b: Gloria
|-damage|p2b: Dalinar|5/100|[from] Recoil
|
|win|kojay
|raw|MrTedno's rating: 1145 → 1124(-21 for losing)
|raw|kojay's rating: 1200 → 1221(+21 for winning)
