|j|☆UtsuruK
|j|☆DibraldinhoVGC
|html|UtsuruKDibraldinhoVGC    
|uhtml|bestof|Game 1 of a best-of-3
|t:|1784680989
|gametype|doubles
|player|p1|UtsuruK|depotagent|
|player|p2|DibraldinhoVGC|1|
|gen|9
|tier|[Gen 9 Champions] VGC 2026 Reg M-B (Bo3)
|rule|Species Clause: Limit one of each Pokémon
|rule|Item Clause: Limit 1 of each item
|clearpoke
|poke|p1|Farigiraf, L50, M|
|poke|p1|Dragalge, L50, M|
|poke|p1|Mawile, L50, M|
|poke|p1|Incineroar, L50, F|
|poke|p1|Sinistcha, L50|
|poke|p1|Camerupt, L50, M|
|poke|p2|Grimmsnarl, L50, M, shiny|
|poke|p2|Pelipper, L50, M|
|poke|p2|Archaludon, L50, M|
|poke|p2|Venusaur, L50, M|
|poke|p2|Charizard, L50, M, shiny|
|poke|p2|Basculegion, L50, M|
|teampreview|4
|showteam|p1|Farigiraf||ColburBerry|ArmorTail|TrickRoom,TwinBeam,Thunderbolt,HelpingHand|Relaxed||M|||50|]Dragalge||LifeOrb|Adaptability|DracoMeteor,SludgeBomb,FlipTurn,Protect|Quiet||M|||50|]Mawile||Mawilite|HyperCutter|PlayRough,SuckerPunch,IronHead,Protect|Brave||M|||50|]Incineroar||ChopleBerry|Intimidate|FlareBlitz,FakeOut,PartingShot,Snarl|Sassy||F|||50|]Sinistcha||CobaBerry|Hospitality|MatchaGotcha,RagePowder,LifeDew,TrickRoom|Relaxed|||||50|]Camerupt||Cameruptite|SolidRock|AncientPower,EarthPower,HeatWave,Protect|Modest||M|||50|
|showteam|p2|Grimmsnarl||LightClay|Prankster|SpiritBreak,PartingShot,Reflect,LightScreen|Sassy||M|||50|]Pelipper||SitrusBerry|Drizzle|Hurricane,WeatherBall,Tailwind,WideGuard|Modest||M|||50|]Archaludon||Leftovers|Stamina|ElectroShot,DragonPulse,FlashCannon,Protect|Modest||M|||50|]Venusaur||FocusSash|Chlorophyll|SludgeBomb,EarthPower,SleepPowder,Protect|Modest||M|||50|]Charizard||CharizarditeY|Blaze|HeatWave,WeatherBall,SolarBeam,Protect|Modest||M|||50|]Basculegion||ChoiceScarf|Adaptability|WaveCrash,LastRespects,FlipTurn,AquaJet|Jolly||M|||50|
|
|t:|1784681058
|teamsize|p1|4
|teamsize|p2|4
|start
|switch|p1a: Farigiraf|Farigiraf, L50, M|100/100
|switch|p1b: Dragalge|Dragalge, L50, M|100/100
|switch|p2a: Charizard|Charizard, L50, M, shiny|100/100
|switch|p2b: Venusaur|Venusaur, L50, M|100/100
|turn|1
|
|t:|1784681086
|detailschange|p2a: Charizard|Charizard-Mega-Y, L50, M, shiny
|-mega|p2a: Charizard|Charizard|Charizardite Y
|-weather|SunnyDay|[from] ability: Drought|[of] p2a: Charizard
|move|p2b: Venusaur|Sludge Bomb|p1a: Farigiraf
|-damage|p1a: Farigiraf|65/100
|move|p2a: Charizard|Weather Ball|p1a: Farigiraf
|-damage|p1a: Farigiraf|0 fnt
|faint|p1a: Farigiraf
|move|p1b: Dragalge|Draco Meteor|p2b: Venusaur|[miss]
|-miss|p1b: Dragalge|p2b: Venusaur
|
|-weather|SunnyDay|[upkeep]
|upkeep
|
|t:|1784681099
|switch|p1a: Camerupt|Camerupt, L50, M|100/100
|turn|2
|
|t:|1784681125
|switch|p2b: Pelipper|Pelipper, L50, M|100/100
|-weather|RainDance|[from] ability: Drizzle|[of] p2b: Pelipper
|detailschange|p1a: Camerupt|Camerupt-Mega, L50, M
|-mega|p1a: Camerupt|Camerupt|Cameruptite
|move|p2a: Charizard|Weather Ball|p1a: Camerupt
|-supereffective|p1a: Camerupt|2
|-damage|p1a: Camerupt|0 fnt
|faint|p1a: Camerupt
|move|p1b: Dragalge|Flip Turn|p2a: Charizard
|-supereffective|p2a: Charizard|1
|-damage|p2a: Charizard|50/100g
|-damage|p1b: Dragalge|90/100|[from] item: Life Orb
|
|t:|1784681139
|switch|p1b: Sinistcha|Sinistcha, L50|100/100|[from] Flip Turn
|
|-weather|RainDance|[upkeep]
|upkeep
|
|t:|1784681143
|switch|p1a: Dragalge|Dragalge, L50, M|90/100
|turn|3
|
|t:|1784681168
|move|p2a: Charizard|Heat Wave|p1a: Dragalge|[spread] p1a,p1b
|-resisted|p1a: Dragalge|1
|-supereffective|p1b: Sinistcha|1
|-damage|p1a: Dragalge|81/100
|-damage|p1b: Sinistcha|56/100
|move|p2b: Pelipper|Hurricane|p1b: Sinistcha
|-supereffective|p1b: Sinistcha|1
|-enditem|p1b: Sinistcha|Coba Berry|[eat]
|-enditem|p1b: Sinistcha|Coba Berry|[weaken]
|-damage|p1b: Sinistcha|11/100
|move|p1b: Sinistcha|Life Dew|p1b: Sinistcha|[spread] p1a,p1b
|-heal|p1a: Dragalge|100/100
|-heal|p1b: Sinistcha|37/100
|move|p1a: Dragalge|Draco Meteor|p2b: Pelipper
|-damage|p2b: Pelipper|0 fnt
|-unboost|p1a: Dragalge|spa|2
|faint|p2b: Pelipper
|-damage|p1a: Dragalge|90/100|[from] item: Life Orb
|
|-weather|RainDance|[upkeep]
|upkeep
|
|t:|1784681192
|switch|p2b: Venusaur|Venusaur, L50, M|100/100
|turn|4
|
|t:|1784681202
|move|p1b: Sinistcha|Rage Powder|p1b: Sinistcha
|-singleturn|p1b: Sinistcha|move: Rage Powder
|move|p2a: Charizard|Weather Ball|p1b: Sinistcha
|-resisted|p1b: Sinistcha|1
|-damage|p1b: Sinistcha|3/100
|move|p2b: Venusaur|Sludge Bomb|p1b: Sinistcha
|-damage|p1b: Sinistcha|0 fnt
|faint|p1b: Sinistcha
|move|p1a: Dragalge|Sludge Bomb|p2a: Charizard
|-damage|p2a: Charizard|13/100
|-status|p2a: Charizard|psn
|-damage|p1a: Dragalge|80/100|[from] item: Life Orb
|
|-weather|RainDance|[upkeep]
|-damage|p2a: Charizard|1/100 psn|[from] psn
|upkeep
|turn|5
|
|t:|1784681227
|switch|p2a: Grimmsnarl|Grimmsnarl, L50, M, shiny|100/100
|move|p2b: Venusaur|Earth Power|p1a: Dragalge
|-supereffective|p1a: Dragalge|1
|-damage|p1a: Dragalge|31/100
|move|p1a: Dragalge|Sludge Bomb|p2b: Venusaur
|-damage|p2b: Venusaur|60/100
|-damage|p1a: Dragalge|21/100|[from] item: Life Orb
|
|-weather|RainDance|[upkeep]
|upkeep
|turn|6
|
|t:|1784681244
|move|p2b: Venusaur|Sludge Bomb|p1a: Dragalge
|-resisted|p1a: Dragalge|1
|-damage|p1a: Dragalge|1/100
|move|p2a: Grimmsnarl|Spirit Break|p1a: Dragalge
|-damage|p1a: Dragalge|0 fnt
|faint|p1a: Dragalge
|
|win|DibraldinhoVGC
