|j|☆KLOEEE
|j|☆ming0mang0
|html|KLOEEEming0mang0    
|uhtml|bestof|Game 2 of a best-of-3
|t:|1756234876
|gametype|doubles
|player|p1|KLOEEE|caitlin-masters|1123
|player|p2|ming0mang0|harlequin|1120
|gen|9
|tier|[Gen 9] VGC 2025 Reg H (Bo3)
|rated|
|rule|Species Clause: Limit one of each Pokémon
|rule|Item Clause: Limit 1 of each item
|clearpoke
|poke|p1|Archaludon, L50, F|
|poke|p1|Annihilape, L50, F|
|poke|p1|Maushold-Four, L50|
|poke|p1|Kingambit, L50, F|
|poke|p1|Talonflame, L50, F|
|poke|p1|Politoed, L50, M|
|poke|p2|Pelipper, L50, F|
|poke|p2|Archaludon, L50, M|
|poke|p2|Basculegion, L50, M|
|poke|p2|Toxicroak, L50, F|
|poke|p2|Incineroar, L50, M|
|poke|p2|Amoonguss, L50, F|
|teampreview|4
|showteam|p1|Archaludon||AssaultVest|Stamina|ElectroShot,BodyPress,FlashCannon,DracoMeteor|||F|||50|,,,,,Grass]Annihilape||SafetyGoggles|Defiant|DrainPunch,RageFist,BulkUp,Protect|||F|||50|,,,,,Water]Maushold-Four||BrightPowder|FriendGuard|FollowMe,BeatUp,Taunt,Protect||||||50|,,,,,Ghost]Kingambit||BlackGlasses|Defiant|KowtowCleave,SuckerPunch,Protect,SwordsDance|||F|||50|,,,,,Dark]Talonflame||CovertCloak|GaleWings|BraveBird,Tailwind,FlareBlitz,Taunt|||F|||50|,,,,,Ghost]Politoed||FocusSash|Drizzle|WeatherBall,Endeavor,PerishSong,Protect|||M|||50|,,,,,Dragon
|showteam|p2|Pelipper||FocusSash|Drizzle|WeatherBall,Hurricane,Tailwind,Protect|||F|||50|,,,,,Ghost]Archaludon||AssaultVest|Stamina|ElectroShot,BodyPress,DracoMeteor,FlashCannon|||M|||50|,,,,,Grass]Basculegion||ChoiceBand|SwiftSwim|WaveCrash,FlipTurn,LastRespects,AquaJet|||M|||50|,,,,,Water]Toxicroak||ClearAmulet|DrySkin|GunkShot,CloseCombat,SuckerPunch,FakeOut|||F|||50|,,,,,Dark]Incineroar||SafetyGoggles|Intimidate|FakeOut,KnockOff,Taunt,PartingShot|||M|||50|,,,,,Ghost]Amoonguss||SitrusBerry|Regenerator|PollenPuff,Spore,RagePowder,ClearSmog|||F|||50|,,,,,Water
|inactive|Battle timer is ON: inactive players will automatically lose when time's up. (requested by KLOEEE)
|inactive|ming0mang0 has 60 seconds left.
|inactive|ming0mang0 has 30 seconds left.
|inactive|ming0mang0 has 20 seconds left.
|inactive|ming0mang0 has 15 seconds left.
|inactive|ming0mang0 has 10 seconds left.
|inactive|ming0mang0 has 5 seconds left.
|
|t:|1756234968
|teamsize|p1|4
|teamsize|p2|4
|start
|switch|p1a: Archaludon|Archaludon, L50, F|100/100
|switch|p1b: Maushold|Maushold-Four, L50|100/100
|switch|p2a: Pelipper|Pelipper, L50, F|100/100
|switch|p2b: Archaludon|Archaludon, L50, M|100/100
|-weather|RainDance|[from] ability: Drizzle|[of] p2a: Pelipper
|turn|1
|inactive|KLOEEE has 30 seconds left.
|inactive|ming0mang0 has 30 seconds left.
|inactive|KLOEEE has 20 seconds left.
|inactive|ming0mang0 has 20 seconds left.
|
|t:|1756235007
|move|p2a: Pelipper|Protect|p2a: Pelipper
|-singleturn|p2a: Pelipper|Protect
|move|p1b: Maushold|Beat Up|p1a: Archaludon
|-damage|p1a: Archaludon|98/100
|-ability|p1a: Archaludon|Stamina|boost
|-boost|p1a: Archaludon|def|1
|-damage|p1a: Archaludon|97/100
|-ability|p1a: Archaludon|Stamina|boost
|-boost|p1a: Archaludon|def|1
|-damage|p1a: Archaludon|96/100
|-ability|p1a: Archaludon|Stamina|boost
|-boost|p1a: Archaludon|def|1
|-damage|p1a: Archaludon|96/100
|-ability|p1a: Archaludon|Stamina|boost
|-boost|p1a: Archaludon|def|1
|-hitcount|p1a: Archaludon|4
|move|p1a: Archaludon|Electro Shot||[still]
|-prepare|p1a: Archaludon|Electro Shot
|-boost|p1a: Archaludon|spa|1
|-anim|p1a: Archaludon|Electro Shot|p2a: Pelipper
|-activate|p2a: Pelipper|move: Protect
|move|p2b: Archaludon|Electro Shot||[still]
|-prepare|p2b: Archaludon|Electro Shot
|-boost|p2b: Archaludon|spa|1
|-anim|p2b: Archaludon|Electro Shot|p1b: Maushold
|-damage|p1b: Maushold|23/100
|
|-weather|RainDance|[upkeep]
|upkeep
|turn|2
|inactive|KLOEEE has 30 seconds left.
|inactive|ming0mang0 has 30 seconds left.
|inactive|KLOEEE has 20 seconds left.
|inactive|ming0mang0 has 20 seconds left.
|inactive|ming0mang0 has 15 seconds left.
|inactive|ming0mang0 has 10 seconds left.
|inactive|ming0mang0 has 5 seconds left.
|
|t:|1756235057
|switch|p2b: Basculegion|Basculegion, L50, M|100/100
|move|p1b: Maushold|Beat Up|p2a: Pelipper
|-damage|p2a: Pelipper|96/100
|-damage|p2a: Pelipper|92/100
|-damage|p2a: Pelipper|88/100
|-damage|p2a: Pelipper|84/100
|-hitcount|p2a: Pelipper|4
|move|p2a: Pelipper|Tailwind|p2a: Pelipper
|-sidestart|p2: ming0mang0|move: Tailwind
|move|p1a: Archaludon|Body Press|p2b: Basculegion
|-immune|p2b: Basculegion
|
|-weather|RainDance|[upkeep]
|upkeep
|turn|3
|inactive|KLOEEE has 30 seconds left.
|inactive|ming0mang0 has 30 seconds left.
|inactive|ming0mang0 has 20 seconds left.
|inactive|ming0mang0 has 15 seconds left.
|inactive|ming0mang0 has 10 seconds left.
|inactive|ming0mang0 has 5 seconds left.
|
|t:|1756235111
|move|p2a: Pelipper|Protect|p2a: Pelipper
|-singleturn|p2a: Pelipper|Protect
|move|p1b: Maushold|Follow Me|p1b: Maushold
|-singleturn|p1b: Maushold|move: Follow Me
|move|p2b: Basculegion|Flip Turn|p1b: Maushold
|-damage|p1b: Maushold|0 fnt
|faint|p1b: Maushold
|inactive|ming0mang0 has 30 seconds left.
|inactive|ming0mang0 has 20 seconds left.
|inactive|ming0mang0 has 15 seconds left.
|inactive|ming0mang0 has 10 seconds left.
|
|t:|1756235157
|switch|p2b: Toxicroak|Toxicroak, L50, F|100/100|[from] Flip Turn
|move|p1a: Archaludon|Electro Shot||[still]
|-prepare|p1a: Archaludon|Electro Shot
|-boost|p1a: Archaludon|spa|1
|-anim|p1a: Archaludon|Electro Shot|p2b: Toxicroak
|-damage|p2b: Toxicroak|0 fnt
|faint|p2b: Toxicroak
|
|-weather|RainDance|[upkeep]
|upkeep
|inactive|ming0mang0 has 30 seconds left.
|
|t:|1756235186
|switch|p1b: Kingambit|Kingambit, L50, F, shiny|100/100
|switch|p2b: Archaludon|Archaludon, L50, M|100/100
|turn|4
|inactive|ming0mang0 has 30 seconds left.
|inactive|KLOEEE has 30 seconds left.
|inactive|ming0mang0 has 20 seconds left.
|inactive|KLOEEE has 20 seconds left.
|inactive|ming0mang0 has 15 seconds left.
|inactive|KLOEEE has 15 seconds left.
|inactive|ming0mang0 has 10 seconds left.
|
|t:|1756235235
|-terastallize|p2b: Archaludon|Grass
|-terastallize|p1b: Kingambit|Dark
|move|p2a: Pelipper|Weather Ball|p1b: Kingambit
|-damage|p1b: Kingambit|28/100
|move|p2b: Archaludon|Electro Shot||[still]
|-prepare|p2b: Archaludon|Electro Shot
|-boost|p2b: Archaludon|spa|1
|-anim|p2b: Archaludon|Electro Shot|p1b: Kingambit
|-damage|p1b: Kingambit|0 fnt
|faint|p1b: Kingambit
|move|p1a: Archaludon|Body Press|p2b: Archaludon
|-damage|p2b: Archaludon|53/100
|-ability|p2b: Archaludon|Stamina|boost
|-boost|p2b: Archaludon|def|1
|
|-weather|RainDance|[upkeep]
|upkeep
|
|t:|1756235247
|switch|p1b: Annihilape|Annihilape, L50, F|100/100
|turn|5
|
|t:|1756235265
|move|p2a: Pelipper|Hurricane|p1b: Annihilape
|-supereffective|p1b: Annihilape
|-damage|p1b: Annihilape|10/100
|move|p2b: Archaludon|Body Press|p1a: Archaludon
|-supereffective|p1a: Archaludon
|-damage|p1a: Archaludon|80/100
|-ability|p1a: Archaludon|Stamina|boost
|-boost|p1a: Archaludon|def|1
|move|p1b: Annihilape|Bulk Up|p1b: Annihilape
|-boost|p1b: Annihilape|atk|1
|-boost|p1b: Annihilape|def|1
|move|p1a: Archaludon|Electro Shot||[still]
|-prepare|p1a: Archaludon|Electro Shot
|-boost|p1a: Archaludon|spa|1
|-anim|p1a: Archaludon|Electro Shot|p2a: Pelipper
|-supereffective|p2a: Pelipper
|-damage|p2a: Pelipper|0 fnt
|faint|p2a: Pelipper
|
|-weather|none
|-sideend|p2: ming0mang0|move: Tailwind
|upkeep
|
|t:|1756235283
|switch|p2a: Basculegion|Basculegion, L50, M|100/100
|turn|6
|inactive|ming0mang0 has 30 seconds left.
|inactive|ming0mang0 has 20 seconds left.
|
|t:|1756235319
|move|p1b: Annihilape|Protect|p1b: Annihilape
|-singleturn|p1b: Annihilape|Protect
|move|p2a: Basculegion|Last Respects|p1a: Archaludon
|-damage|p1a: Archaludon|56/100
|-ability|p1a: Archaludon|Stamina|boost
|-boost|p1a: Archaludon|def|1
|move|p1a: Archaludon|Electro Shot||[still]
|-prepare|p1a: Archaludon|Electro Shot
|-boost|p1a: Archaludon|spa|1
|move|p2b: Archaludon|Electro Shot||[still]
|-prepare|p2b: Archaludon|Electro Shot
|-boost|p2b: Archaludon|spa|1
|
|upkeep
|turn|7
|inactive|ming0mang0 has 30 seconds left.
|
|t:|1756235345
|move|p1b: Annihilape|Rage Fist|p2a: Basculegion
|-supereffective|p2a: Basculegion
|-damage|p2a: Basculegion|0 fnt
|faint|p2a: Basculegion
|move|p1a: Archaludon|Electro Shot|p2b: Archaludon|[from] lockedmove
|-resisted|p2b: Archaludon
|-damage|p2b: Archaludon|15/100
|-ability|p2b: Archaludon|Stamina|boost
|-boost|p2b: Archaludon|def|1
|move|p2b: Archaludon|Electro Shot|p1b: Annihilape|[from] lockedmove
|-damage|p1b: Annihilape|0 fnt
|faint|p1b: Annihilape
|
|upkeep
|turn|8
|
|t:|1756235363
|move|p1a: Archaludon|Body Press|p2b: Archaludon
|-damage|p2b: Archaludon|0 fnt
|faint|p2b: Archaludon
|
|win|KLOEEE
|raw|KLOEEE's rating: 1123 → 1148(+25 for winning)
|raw|ming0mang0's rating: 1120 → 1095(-25 for losing)
