|j|☆davirru6
|j|☆dfjkhbf
|html|davirru6dfjkhbf    
|uhtml|bestof|Game 3 of a best-of-3
|t:|1756908229
|gametype|doubles
|player|p1|davirru6|1|1160
|player|p2|dfjkhbf|dawn|1116
|gen|9
|tier|[Gen 9] VGC 2025 Reg H (Bo3)
|rated|
|rule|Species Clause: Limit one of each Pokémon
|rule|Item Clause: Limit 1 of each item
|clearpoke
|poke|p1|Pelipper, L50, F|
|poke|p1|Archaludon, L50, M|
|poke|p1|Basculegion, L50, M|
|poke|p1|Amoonguss, L50, M|
|poke|p1|Gholdengo, L50|
|poke|p1|Incineroar, L50, M|
|poke|p2|Lilligant-Hisui, L50, F|
|poke|p2|Torkoal, L50, M|
|poke|p2|Indeedee-F, L50, F|
|poke|p2|Hatterene, L50, F|
|poke|p2|Ursaluna, L50, M|
|poke|p2|Typhlosion-Hisui, L50, M|
|teampreview|4
|showteam|p1|Pelipper||FocusSash|Drizzle|Hurricane,WeatherBall,Tailwind,Protect|||F|||50|,,,,,Stellar]Archaludon||AssaultVest|Stamina|ElectroShot,DracoMeteor,Snarl,BodyPress|||M|||50|,,,,,Grass]Basculegion||ChoiceBand|SwiftSwim|WaveCrash,FlipTurn,AquaJet,LastRespects|||M|||50|,,,,,Water]Amoonguss||SitrusBerry|Regenerator|Spore,PollenPuff,RagePowder,Protect|||M|||50|,,,,,Water]Gholdengo||LifeOrb|GoodasGold|MakeItRain,ShadowBall,NastyPlot,Protect||||||50|,,,,,Water]Incineroar||RockyHelmet|Intimidate|KnockOff,FakeOut,Taunt,PartingShot|||M|||50|,,,,,Ghost
|showteam|p2|Lilligant-Hisui||FocusSash|Chlorophyll|Protect,CloseCombat,LeafBlade,AfterYou|||F|||50|,,,,,Ghost]Torkoal||Charcoal|Drought|Protect,Eruption,WeatherBall,HeatWave|||M|||50|,,,,,Fire]Indeedee-F||SafetyGoggles|PsychicSurge|FollowMe,TrickRoom,HelpingHand,Psychic|||F|||50|,,,,,Fairy]Hatterene||LifeOrb|MagicBounce|ExpandingForce,DazzlingGleam,TeraBlast,TrickRoom|||F|||50|,,,,,Fire]Ursaluna||FlameOrb|Guts|Protect,Facade,Earthquake,HeadlongRush|||M|||50|,,,,,Ghost]Typhlosion-Hisui||ChoiceScarf|Blaze|Eruption,HeatWave,Overheat,ShadowBall|||M|||50|,,,,,Fire
|inactive|Battle timer is ON: inactive players will automatically lose when time's up. (requested by davirru6)
|inactive|dfjkhbf also wants the timer to be on.
|
|t:|1756908242
|teamsize|p1|4
|teamsize|p2|4
|start
|switch|p1a: Archaludon|Archaludon, L50, M|100/100
|switch|p1b: Incineroar|Incineroar, L50, M|100/100
|switch|p2a: Typhlosion|Typhlosion-Hisui, L50, M|100/100
|switch|p2b: Indeedee|Indeedee-F, L50, F|100/100
|-fieldstart|move: Psychic Terrain|[from] ability: Psychic Surge|[of] p2b: Indeedee
|-ability|p1b: Incineroar|Intimidate|boost
|-unboost|p2a: Typhlosion|atk|1
|-unboost|p2b: Indeedee|atk|1
|turn|1
|
|t:|1756908263
|switch|p1b: Pelipper|Pelipper, L50, F|100/100
|-weather|RainDance|[from] ability: Drizzle|[of] p1b: Pelipper
|-terastallize|p2a: Typhlosion|Fire
|move|p2b: Indeedee|Helping Hand|p2a: Typhlosion
|-singleturn|p2a: Typhlosion|Helping Hand|[of] p2b: Indeedee
|move|p2a: Typhlosion|Eruption|p1a: Archaludon|[spread] p1a,p1b
|-resisted|p1b: Pelipper
|-damage|p1a: Archaludon|54/100
|-damage|p1b: Pelipper|46/100
|-ability|p1a: Archaludon|Stamina|boost
|-boost|p1a: Archaludon|def|1
|move|p1a: Archaludon|Snarl|p2a: Typhlosion|[spread] p2a,p2b
|-supereffective|p2b: Indeedee
|-damage|p2a: Typhlosion|81/100
|-damage|p2b: Indeedee|73/100
|-unboost|p2a: Typhlosion|spa|1
|-unboost|p2b: Indeedee|spa|1
|
|-weather|RainDance|[upkeep]
|upkeep
|turn|2
|
|t:|1756908285
|switch|p2b: Torkoal|Torkoal, L50, M|100/100
|-weather|SunnyDay|[from] ability: Drought|[of] p2b: Torkoal
|move|p2a: Typhlosion|Eruption|p1b: Pelipper|[spread] p1a,p1b
|-resisted|p1b: Pelipper
|-damage|p1a: Archaludon|7/100
|-damage|p1b: Pelipper|0 fnt
|-ability|p1a: Archaludon|Stamina|boost
|-boost|p1a: Archaludon|def|1
|faint|p1b: Pelipper
|move|p1a: Archaludon|Body Press|p2a: Typhlosion
|-damage|p2a: Typhlosion|15/100
|
|-weather|SunnyDay|[upkeep]
|upkeep
|
|t:|1756908292
|switch|p1b: Incineroar|Incineroar, L50, M|100/100
|-ability|p1b: Incineroar|Intimidate|boost
|-unboost|p2a: Typhlosion|atk|1
|-unboost|p2b: Torkoal|atk|1
|turn|3
|
|t:|1756908313
|switch|p2a: Indeedee|Indeedee-F, L50, F|73/100
|move|p2b: Torkoal|Protect|p2b: Torkoal
|-singleturn|p2b: Torkoal|Protect
|move|p1b: Incineroar|Fake Out|p2a: Indeedee
|-activate|p2a: Indeedee|move: Psychic Terrain
|move|p1a: Archaludon|Snarl|p2b: Torkoal|[spread] 
|-activate|p2b: Torkoal|move: Protect
|-miss|p1a: Archaludon|p2a: Indeedee
|
|-weather|SunnyDay|[upkeep]
|upkeep
|turn|4
|
|t:|1756908334
|move|p2a: Indeedee|Helping Hand|p2b: Torkoal
|-singleturn|p2b: Torkoal|Helping Hand|[of] p2a: Indeedee
|move|p1a: Archaludon|Snarl|p2a: Indeedee|[spread] p2a,p2b
|-supereffective|p2a: Indeedee
|-damage|p2a: Indeedee|50/100
|-damage|p2b: Torkoal|81/100
|-unboost|p2a: Indeedee|spa|1
|-unboost|p2b: Torkoal|spa|1
|move|p1b: Incineroar|Knock Off|p2a: Indeedee
|-supereffective|p2a: Indeedee
|-damage|p2a: Indeedee|0 fnt
|-enditem|p2a: Indeedee|Safety Goggles|[from] move: Knock Off|[of] p1b: Incineroar
|faint|p2a: Indeedee
|move|p2b: Torkoal|Heat Wave|p1a: Archaludon|[spread] p1a,p1b
|-resisted|p1b: Incineroar
|-damage|p1a: Archaludon|0 fnt
|-damage|p1b: Incineroar|77/100
|faint|p1a: Archaludon
|
|-weather|SunnyDay|[upkeep]
|upkeep
|
|t:|1756908341
|switch|p1a: Gholdengo|Gholdengo, L50|100/100
|switch|p2a: Lilligant|Lilligant-Hisui, L50, F|100/100
|turn|5
|inactive|davirru6 has 30 seconds left.
|inactive|davirru6 has 20 seconds left.
|inactive|davirru6 has 15 seconds left.
|inactive|davirru6 has 10 seconds left.
|inactive|davirru6 has 5 seconds left.
|
|t:|1756908393
|move|p2a: Lilligant|Close Combat|p1b: Incineroar
|-supereffective|p1b: Incineroar
|-damage|p1b: Incineroar|0 fnt
|-unboost|p2a: Lilligant|def|1
|-unboost|p2a: Lilligant|spd|1
|-damage|p2a: Lilligant|84/100|[from] item: Rocky Helmet|[of] p1b: Incineroar
|faint|p1b: Incineroar
|move|p1a: Gholdengo|Shadow Ball|p2b: Torkoal
|-damage|p2b: Torkoal|8/100
|-unboost|p2b: Torkoal|spd|1
|-damage|p1a: Gholdengo|90/100|[from] item: Life Orb
|move|p2b: Torkoal|Heat Wave|p1a: Gholdengo
|-supereffective|p1a: Gholdengo
|-crit|p1a: Gholdengo
|-damage|p1a: Gholdengo|0 fnt
|faint|p1a: Gholdengo
|
|win|dfjkhbf
|raw|davirru6's rating: 1160 → 1132(-28 for losing)
|raw|dfjkhbf's rating: 1116 → 1144(+28 for winning)
|l|☆dfjkhbf
|player|p2|
