|j|☆Meliodasanbu90
|j|☆augusto987
|html|Meliodasanbu90augusto987    
|uhtml|bestof|Game 2 of a best-of-3
|t:|1782431324
|gametype|doubles
|player|p1|Meliodasanbu90|101|1055
|player|p2|augusto987|marlon|1000
|gen|9
|tier|[Gen 9 Champions] VGC 2026 Reg M-B (Bo3)
|rated|
|rule|Species Clause: Limit one of each Pokémon
|rule|Item Clause: Limit 1 of each item
|clearpoke
|poke|p1|Corviknight, L50, M, shiny|
|poke|p1|Sableye, L50, M|
|poke|p1|Swampert, L50, M|
|poke|p1|Archaludon, L50, F|
|poke|p1|Basculegion, L50, M|
|poke|p1|Venusaur, L50, F|
|poke|p2|Metagross, L50|
|poke|p2|Swampert, L50, M|
|poke|p2|Pelipper, L50, F|
|poke|p2|Archaludon, L50, F|
|poke|p2|Sinistcha, L50|
|poke|p2|Grimmsnarl, L50, M|
|teampreview|4
|showteam|p1|Corviknight||ShellBell|MirrorArmor|Tailwind,BodyPress,IronDefense,Uturn|Jolly||M|||50|]Sableye||RoseliBerry|Prankster|LightScreen,Reflect,RainDance,SunnyDay|Bold||M|||50|]Swampert||Swampertite|Torrent|Liquidation,Earthquake,Protect,IcePunch|Brave||M|||50|]Archaludon||Leftovers|Stamina|FlashCannon,DracoMeteor,Protect,ElectroShot|Timid||F|||50|]Basculegion||ChoiceScarf|SwiftSwim|AquaJet,WaveCrash,LastRespects,Protect|Adamant||M|||50|]Venusaur||FocusSash|Chlorophyll|EnergyBall,SludgeBomb,Protect,EarthPower|Modest||F|||50|
|showteam|p2|Metagross||Metagrossite|ClearBody|IronHead,PsychicFangs,BulletPunch,Protect|Adamant|||||50|]Swampert||Swampertite|Torrent|WaveCrash,HighHorsepower,IcePunch,Protect|Adamant||M|||50|]Pelipper||FocusSash|Drizzle|WeatherBall,Hurricane,Tailwind,WideGuard|Modest||F|||50|]Archaludon||Leftovers|Stamina|DragonPulse,ElectroShot,AuraSphere,Protect|Modest||F|||50|]Sinistcha||SitrusBerry|Hospitality|MatchaGotcha,RagePowder,TrickRoom,Protect|Bold|||||50|]Grimmsnarl||LightClay|Prankster|Reflect,LightScreen,PartingShot,FakeOut|Impish||M|||50|
|
|t:|1782431344
|teamsize|p1|4
|teamsize|p2|4
|start
|switch|p1a: Sableye|Sableye, L50, M|100/100
|switch|p1b: Venusaur|Venusaur, L50, F|100/100
|switch|p2a: Archaludon|Archaludon, L50, F|100/100
|switch|p2b: Swampert|Swampert, L50, M|100/100
|turn|1
|
|t:|1782431361
|switch|p2b: Pelipper|Pelipper, L50, F|100/100
|-weather|RainDance|[from] ability: Drizzle|[of] p2b: Pelipper
|move|p1a: Sableye|Sunny Day|p1a: Sableye
|-weather|SunnyDay
|move|p1b: Venusaur|Earth Power|p2a: Archaludon
|-supereffective|p2a: Archaludon|1
|-damage|p2a: Archaludon|40/100
|-ability|p2a: Archaludon|Stamina|boost
|-boost|p2a: Archaludon|def|1
|move|p2a: Archaludon|Electro Shot||[still]
|-prepare|p2a: Archaludon|Electro Shot
|-boost|p2a: Archaludon|spa|1
|
|-weather|SunnyDay|[upkeep]
|-heal|p2a: Archaludon|46/100|[from] item: Leftovers
|upkeep
|turn|2
|
|t:|1782431381
|move|p1a: Sableye|Light Screen|p1a: Sableye
|-sidestart|p1: Meliodasanbu90|move: Light Screen
|move|p1b: Venusaur|Earth Power|p2a: Archaludon
|-supereffective|p2a: Archaludon|1
|-damage|p2a: Archaludon|0 fnt
|faint|p2a: Archaludon
|move|p2b: Pelipper|Weather Ball|p1b: Venusaur
|-supereffective|p1b: Venusaur|1
|-crit|p1b: Venusaur
|-enditem|p1b: Venusaur|Focus Sash
|-damage|p1b: Venusaur|1/100
|
|-weather|SunnyDay|[upkeep]
|upkeep
|
|t:|1782431393
|switch|p2a: Sinistcha|Sinistcha, L50|100/100
|turn|3
|
|t:|1782431410
|switch|p1a: Corviknight|Corviknight, L50, M, shiny|100/100
|move|p1b: Venusaur|Protect|p1b: Venusaur
|-singleturn|p1b: Venusaur|Protect
|move|p2a: Sinistcha|Matcha Gotcha|p1a: Corviknight|[spread] p1a
|-activate|p1b: Venusaur|move: Protect
|-resisted|p1a: Corviknight|2
|-damage|p1a: Corviknight|96/100
|-status|p1a: Corviknight|brn
|move|p2b: Pelipper|Tailwind|p2b: Pelipper
|-sidestart|p2: augusto987|move: Tailwind
|
|-weather|SunnyDay|[upkeep]
|-damage|p1a: Corviknight|90/100 brn|[from] brn
|upkeep
|turn|4
|
|t:|1782431433
|move|p1b: Venusaur|Sludge Bomb|p2b: Pelipper
|-damage|p2b: Pelipper|45/100
|move|p2a: Sinistcha|Matcha Gotcha|p1b: Venusaur|[spread] p1a,p1b
|-resisted|p1a: Corviknight|2
|-resisted|p1b: Venusaur|2
|-damage|p1a: Corviknight|86/100 brn
|-damage|p1b: Venusaur|0 fnt
|faint|p1b: Venusaur
|move|p2b: Pelipper|Weather Ball|p1a: Corviknight
|-supereffective|p1a: Corviknight|1
|-damage|p1a: Corviknight|28/100 brn
|move|p1a: Corviknight|Tailwind|p1a: Corviknight
|-sidestart|p1: Meliodasanbu90|move: Tailwind
|
|-weather|SunnyDay|[upkeep]
|-damage|p1a: Corviknight|22/100 brn|[from] brn
|upkeep
|
|t:|1782431451
|switch|p1b: Sableye|Sableye, L50, M|100/100
|turn|5
|
|t:|1782431465
|move|p2a: Sinistcha|Rage Powder|p2a: Sinistcha
|-singleturn|p2a: Sinistcha|move: Rage Powder
|move|p1b: Sableye|Reflect|p1b: Sableye
|-sidestart|p1: Meliodasanbu90|Reflect
|move|p1a: Corviknight|Body Press|p2a: Sinistcha
|-immune|p2a: Sinistcha
|move|p2b: Pelipper|Weather Ball|p1a: Corviknight
|-supereffective|p1a: Corviknight|1
|-damage|p1a: Corviknight|0 fnt
|faint|p1a: Corviknight
|
|-weather|none
|upkeep
|
|t:|1782431475
|switch|p1a: Swampert|Swampert, L50, M|100/100
|turn|6
|
|t:|1782431490
|detailschange|p1a: Swampert|Swampert-Mega, L50, M
|-mega|p1a: Swampert|Swampert|Swampertite
|move|p1b: Sableye|Rain Dance|p1b: Sableye
|-weather|RainDance
|move|p1a: Swampert|Ice Punch|p2a: Sinistcha
|-supereffective|p2a: Sinistcha|1
|-damage|p2a: Sinistcha|48/100
|-enditem|p2a: Sinistcha|Sitrus Berry|[eat]
|-heal|p2a: Sinistcha|73/100|[from] item: Sitrus Berry
|move|p2a: Sinistcha|Matcha Gotcha|p1a: Swampert|[spread] p1a,p1b
|-supereffective|p1a: Swampert|2
|-damage|p1a: Swampert|48/100
|-heal|p2a: Sinistcha|100/100|[from] drain|[of] p1a: Swampert
|-damage|p1b: Sableye|75/100
|move|p2b: Pelipper|Tailwind||[still]
|-fail|p2b: Pelipper
|
|-weather|RainDance|[upkeep]
|-sideend|p1: Meliodasanbu90|move: Light Screen
|-sideend|p2: augusto987|move: Tailwind
|upkeep
|turn|7
|
|t:|1782431514
|move|p2a: Sinistcha|Protect|p2a: Sinistcha
|-singleturn|p2a: Sinistcha|Protect
|move|p1b: Sableye|Light Screen|p1b: Sableye
|-sidestart|p1: Meliodasanbu90|move: Light Screen
|move|p1a: Swampert|Ice Punch|p2a: Sinistcha
|-activate|p2a: Sinistcha|move: Protect
|move|p2b: Pelipper|Tailwind|p2b: Pelipper
|-sidestart|p2: augusto987|move: Tailwind
|
|-weather|RainDance|[upkeep]
|-sideend|p1: Meliodasanbu90|move: Tailwind
|upkeep
|turn|8
|
|t:|1782431529
|move|p1b: Sableye|Light Screen||[still]
|-fail|p1b: Sableye
|move|p2a: Sinistcha|Matcha Gotcha|p1b: Sableye|[spread] p1a,p1b
|-supereffective|p1a: Swampert|2
|-damage|p1a: Swampert|0 fnt
|-damage|p1b: Sableye|47/100
|faint|p1a: Swampert
|move|p2b: Pelipper|Hurricane|p1b: Sableye
|-damage|p1b: Sableye|0 fnt
|faint|p1b: Sableye
|
|win|augusto987
|raw|Meliodasanbu90's rating: 1055 → 1034(-21 for losing)
|raw|augusto987's rating: 1000 → 1046(+46 for winning)
