|j|☆timmytheglueeater
|j|☆girasolia
|html|timmytheglueeatergirasolia    
|uhtml|bestof|Game 1 of a best-of-3
|t:|1757777001
|gametype|doubles
|player|p1|timmytheglueeater|265|1402
|player|p2|girasolia|dawn-gen4pt|1336
|gen|9
|tier|[Gen 9] VGC 2025 Reg H (Bo3)
|rated|
|rule|Species Clause: Limit one of each Pokémon
|rule|Item Clause: Limit 1 of each item
|clearpoke
|poke|p1|Excadrill, L50, M|
|poke|p1|Tyranitar, L50, M|
|poke|p1|Kommo-o, L50, M|
|poke|p1|Sinistcha, L50|
|poke|p1|Incineroar, L50, M|
|poke|p1|Basculegion, L50, M|
|poke|p2|Delphox, L50, F|
|poke|p2|Indeedee-F, L50, F|
|poke|p2|Ursaluna, L50, M|
|poke|p2|Porygon2, L50|
|poke|p2|Torkoal, L50, F|
|poke|p2|Dragonite, L50, F|
|teampreview|4
|showteam|p1|Excadrill||FocusSash|SandRush|Protect,HighHorsepower,Earthquake,IronHead|||M|||50|,,,,,Ghost]Tyranitar||AssaultVest|SandStream|RockSlide,KnockOff,LowKick,TeraBlast|||M|||50|,,,,,Flying]Kommo-o||ThroatSpray|Overcoat|ClangingScales,ClangorousSoul,AuraSphere,Protect|||M|||50|,,,,,Steel]Sinistcha||SitrusBerry|Hospitality|MatchaGotcha,RagePowder,LifeDew,TrickRoom||||||50|,,,,,Water]Incineroar||SafetyGoggles|Intimidate|KnockOff,FakeOut,FlareBlitz,PartingShot|||M|||50|,,,,,Ghost]Basculegion||ChoiceScarf|Adaptability|WaveCrash,FlipTurn,LastRespects,TeraBlast|||M|||50|,,,,,Grass
|showteam|p2|Delphox||FocusSash|Blaze|ExpandingForce,HeatWave,DazzlingGleam,Protect|||F|||50|,,,,,Stellar]Indeedee-F||PsychicSeed|PsychicSurge|Psychic,FollowMe,TrickRoom,HelpingHand|||F|||50|,,,,,Fairy]Ursaluna||FlameOrb|Guts|Facade,HeadlongRush,Earthquake,Protect|||M|||50|,,,,,Ghost]Porygon2||Eviolite|Download|TeraBlast,IceBeam,TrickRoom,Recover||||||50|,,,,,Fighting]Torkoal||Charcoal|Drought|Eruption,Flamethrower,HelpingHand,Protect|||F|||50|,,,,,Fire]Dragonite||LoadedDice|Multiscale|ScaleShot,Haze,Tailwind,Protect|||F|||50|,,,,,Steel
|inactive|Battle timer is ON: inactive players will automatically lose when time's up. (requested by girasolia)
|inactive|timmytheglueeater also wants the timer to be on.
|inactive|timmytheglueeater has 60 seconds left.
|inactive|girasolia has 60 seconds left.
|
|t:|1757777057
|teamsize|p1|4
|teamsize|p2|4
|start
|switch|p1a: Kommo-o|Kommo-o, L50, M|100/100
|switch|p1b: Incineroar|Incineroar, L50, M|100/100
|switch|p2a: Indeedee|Indeedee-F, L50, F|100/100
|switch|p2b: Porygon2|Porygon2, L50|100/100
|-fieldstart|move: Psychic Terrain|[from] ability: Psychic Surge|[of] p2a: Indeedee
|-enditem|p2a: Indeedee|Psychic Seed
|-boost|p2a: Indeedee|spd|1|[from] item: Psychic Seed
|-ability|p1b: Incineroar|Intimidate|boost
|-unboost|p2a: Indeedee|atk|1
|-unboost|p2b: Porygon2|atk|1
|-ability|p2b: Porygon2|Download|boost
|-boost|p2b: Porygon2|spa|1
|turn|1
|inactive|timmytheglueeater has 30 seconds left.
|
|t:|1757777091
|-terastallize|p1a: Kommo-o|Steel
|move|p2a: Indeedee|Follow Me|p2a: Indeedee
|-singleturn|p2a: Indeedee|move: Follow Me
|move|p1a: Kommo-o|Clangorous Soul|p1a: Kommo-o
|-boost|p1a: Kommo-o|atk|1
|-boost|p1a: Kommo-o|def|1
|-boost|p1a: Kommo-o|spa|1
|-boost|p1a: Kommo-o|spd|1
|-boost|p1a: Kommo-o|spe|1
|-damage|p1a: Kommo-o|68/100
|-enditem|p1a: Kommo-o|Throat Spray
|-boost|p1a: Kommo-o|spa|1|[from] item: Throat Spray
|move|p1b: Incineroar|Parting Shot|p2a: Indeedee
|-unboost|p2a: Indeedee|atk|1
|-unboost|p2a: Indeedee|spa|1
|
|t:|1757777103
|switch|p1b: Sinistcha|Sinistcha, L50|100/100|[from] Parting Shot
|-heal|p1a: Kommo-o|93/100|[from] ability: Hospitality|[of] p1b: Sinistcha
|move|p2b: Porygon2|Trick Room|p2b: Porygon2
|-fieldstart|move: Trick Room|[of] p2b: Porygon2
|
|upkeep
|turn|2
|inactive|girasolia has 30 seconds left.
|
|t:|1757777133
|move|p1b: Sinistcha|Rage Powder|p1b: Sinistcha
|-singleturn|p1b: Sinistcha|move: Rage Powder
|move|p2b: Porygon2|Ice Beam|p1b: Sinistcha
|-supereffective|p1b: Sinistcha
|-damage|p1b: Sinistcha|41/100
|-enditem|p1b: Sinistcha|Sitrus Berry|[eat]
|-heal|p1b: Sinistcha|65/100|[from] item: Sitrus Berry
|move|p2a: Indeedee|Psychic|p1b: Sinistcha
|-damage|p1b: Sinistcha|42/100
|move|p1a: Kommo-o|Clanging Scales|p2b: Porygon2|[spread] p2a,p2b
|-damage|p2a: Indeedee|51/100
|-damage|p2b: Porygon2|49/100
|-unboost|p1a: Kommo-o|def|1
|
|upkeep
|turn|3
|inactive|girasolia has 30 seconds left.
|inactive|girasolia has 20 seconds left.
|inactive|girasolia has 15 seconds left.
|inactive|girasolia has 10 seconds left.
|
|t:|1757777180
|move|p1b: Sinistcha|Rage Powder|p1b: Sinistcha
|-singleturn|p1b: Sinistcha|move: Rage Powder
|move|p2b: Porygon2|Ice Beam|p1b: Sinistcha
|-supereffective|p1b: Sinistcha
|-damage|p1b: Sinistcha|0 fnt
|faint|p1b: Sinistcha
|move|p2a: Indeedee|Psychic|p1a: Kommo-o
|-resisted|p1a: Kommo-o
|-damage|p1a: Kommo-o|83/100
|move|p1a: Kommo-o|Clanging Scales|p2b: Porygon2|[spread] p2a,p2b
|-damage|p2a: Indeedee|2/100
|-damage|p2b: Porygon2|2/100
|-unboost|p1a: Kommo-o|def|1
|
|upkeep
|
|t:|1757777196
|switch|p1b: Incineroar|Incineroar, L50, M|100/100
|-ability|p1b: Incineroar|Intimidate|boost
|-unboost|p2a: Indeedee|atk|1
|-unboost|p2b: Porygon2|atk|1
|turn|4
|
|t:|1757777212
|move|p1a: Kommo-o|Protect|p1a: Kommo-o
|-singleturn|p1a: Kommo-o|Protect
|move|p2a: Indeedee|Follow Me|p2a: Indeedee
|-singleturn|p2a: Indeedee|move: Follow Me
|move|p2b: Porygon2|Recover|p2b: Porygon2
|-heal|p2b: Porygon2|52/100
|move|p1b: Incineroar|Knock Off|p2a: Indeedee
|-supereffective|p2a: Indeedee
|-damage|p2a: Indeedee|0 fnt
|faint|p2a: Indeedee
|
|upkeep
|
|t:|1757777238
|switch|p2a: Ursaluna|Ursaluna, L50, M, shiny|100/100
|turn|5
|
|t:|1757777255
|switch|p1b: Tyranitar|Tyranitar, L50, M|100/100
|-weather|Sandstorm|[from] ability: Sand Stream|[of] p1b: Tyranitar
|move|p2b: Porygon2|Recover|p2b: Porygon2
|-heal|p2b: Porygon2|100/100
|move|p2a: Ursaluna|Earthquake|p1b: Tyranitar|[spread] p2b,p1a,p1b
|-supereffective|p1a: Kommo-o
|-supereffective|p1b: Tyranitar
|-damage|p2b: Porygon2|79/100
|-damage|p1a: Kommo-o|0 fnt
|-damage|p1b: Tyranitar|21/100
|faint|p1a: Kommo-o
|
|-weather|Sandstorm|[upkeep]
|-damage|p2b: Porygon2|72/100|[from] Sandstorm
|-fieldend|move: Trick Room
|-fieldend|move: Psychic Terrain
|-status|p2a: Ursaluna|brn|[from] item: Flame Orb
|upkeep
|-message|timmytheglueeater forfeited.
|
|win|girasolia
||timmytheglueeater is ready for game 2.
||girasolia is ready for game 2.
|uhtml|next|Next: Game 2 of 3
