|j|☆mikewwm8
|j|☆is_katabo
|html|mikewwm8is_katabo    
|uhtml|bestof|Game 2 of a best-of-3
|t:|1785285503
|gametype|doubles
|player|p1|mikewwm8|265|1362
|player|p2|is_katabo|youngster-gen4dp|1301
|gen|9
|tier|[Gen 9 Champions] VGC 2026 Reg M-B (Bo3)
|rated|
|rule|Species Clause: Limit one of each Pokémon
|rule|Item Clause: Limit 1 of each item
|clearpoke
|poke|p1|Froslass, L50, F|
|poke|p1|Basculegion, L50, M|
|poke|p1|Kingambit, L50, M|
|poke|p1|Sneasler, L50, M|
|poke|p1|Lycanroc-Dusk, L50, F|
|poke|p1|Scovillain, L50, M, shiny|
|poke|p2|Tyranitar, L50, M|
|poke|p2|Garchomp, L50, F|
|poke|p2|Incineroar, L50, F|
|poke|p2|Farigiraf, L50, F|
|poke|p2|Milotic, L50, F|
|poke|p2|Houndstone, L50, M|
|teampreview|4
|showteam|p1|Froslass||Froslassite|CursedBody|Blizzard,ShadowBall,AuroraVeil,Protect|Timid||F|||50|]Basculegion||SitrusBerry|Adaptability|WaveCrash,LastRespects,AquaJet,Protect|Adamant||M|||50|]Kingambit||LifeOrb|Defiant|KowtowCleave,SuckerPunch,SwordsDance,Protect|Adamant||M|||50|]Sneasler||WhiteHerb|Unburden|CloseCombat,GunkShot,Protect,FakeOut|Adamant||M|||50|]Lycanroc-Dusk||FocusSash|ToughClaws|CloseCombat,Accelerock,RockSlide,Protect|Adamant||F|||50|]Scovillain||Scovillainite|Moody|GigaDrain,Overheat,RagePowder,Protect|Bold||M|||50|
|showteam|p2|Tyranitar||ChoiceScarf|SandStream|RockSlide,KnockOff,LowKick,IcePunch|Jolly||M|||50|]Garchomp||Garchompite|RoughSkin|EarthPower,DracoMeteor,PowerGem,Protect|Modest||F|||50|]Incineroar||SitrusBerry|Intimidate|FakeOut,ThroatChop,FlareBlitz,PartingShot|Careful||F|||50|]Farigiraf||ColburBerry|ArmorTail|Psychic,HelpingHand,TrickRoom,Protect|Calm||F|||50|]Milotic||Leftovers|Competitive|Scald,IceBeam,Haze,Protect|Modest||F|||50|]Houndstone||FocusSash|SandRush|Poltergeist,BodyPress,ShadowSneak,Protect|Adamant||M|||50|
|
|t:|1785285529
|teamsize|p1|4
|teamsize|p2|4
|start
|switch|p1a: Scovillain|Scovillain, L50, M, shiny|100/100
|switch|p1b: Basculegion|Basculegion, L50, M|100/100
|switch|p2a: Tyranitar|Tyranitar, L50, M|100/100
|switch|p2b: Garchomp|Garchomp, L50, F|100/100
|-weather|Sandstorm|[from] ability: Sand Stream|[of] p2a: Tyranitar
|turn|1
|
|t:|1785285557
|switch|p2a: Incineroar|Incineroar, L50, F|100/100
|-ability|p2a: Incineroar|Intimidate|boost
|-unboost|p1a: Scovillain|atk|1
|-unboost|p1b: Basculegion|atk|1
|detailschange|p2b: Garchomp|Garchomp-Mega, L50, F
|-mega|p2b: Garchomp|Garchomp|Garchompite
|detailschange|p1a: Scovillain|Scovillain-Mega, L50, M, shiny
|-mega|p1a: Scovillain|Scovillain|Scovillainite
|move|p1b: Basculegion|Protect|p1b: Basculegion
|-singleturn|p1b: Basculegion|Protect
|move|p1a: Scovillain|Rage Powder|p1a: Scovillain
|-singleturn|p1a: Scovillain|move: Rage Powder
|move|p2b: Garchomp|Power Gem|p1a: Scovillain
|-supereffective|p1a: Scovillain|1
|-damage|p1a: Scovillain|20/100y
|-status|p2b: Garchomp|brn|[from] ability: Spicy Spray|[of] p1a: Scovillain
|
|-weather|Sandstorm|[upkeep]
|-damage|p1a: Scovillain|15/100|[from] Sandstorm
|-damage|p1b: Basculegion|94/100|[from] Sandstorm
|-damage|p2a: Incineroar|94/100|[from] Sandstorm
|-damage|p2b: Garchomp|94/100 brn|[from] brn
|upkeep
|turn|2
|
|t:|1785285583
|move|p2a: Incineroar|Fake Out|p1a: Scovillain
|-damage|p1a: Scovillain|4/100
|-immune|p2a: Incineroar
|cant|p1a: Scovillain|flinch
|move|p2b: Garchomp|Draco Meteor|p1b: Basculegion
|-damage|p1b: Basculegion|25/100
|-unboost|p2b: Garchomp|spa|2
|-enditem|p1b: Basculegion|Sitrus Berry|[eat]
|-heal|p1b: Basculegion|49/100|[from] item: Sitrus Berry
|move|p1b: Basculegion|Wave Crash|p2a: Incineroar
|-supereffective|p2a: Incineroar|1
|-damage|p2a: Incineroar|4/100
|-enditem|p2a: Incineroar|Sitrus Berry|[eat]
|-heal|p2a: Incineroar|29/100|[from] item: Sitrus Berry
|-damage|p1b: Basculegion|22/100|[from] Recoil
|
|-weather|Sandstorm|[upkeep]
|-damage|p1a: Scovillain|0 fnt|[from] Sandstorm
|-damage|p1b: Basculegion|16/100|[from] Sandstorm
|-damage|p2a: Incineroar|23/100|[from] Sandstorm
|faint|p1a: Scovillain
|-damage|p2b: Garchomp|88/100 brn|[from] brn
|upkeep
|
|t:|1785285599
|switch|p1a: Kingambit|Kingambit, L50, M|100/100
|turn|3
|
|t:|1785285643
|switch|p2b: Tyranitar|Tyranitar, L50, M|100/100
|move|p1b: Basculegion|Aqua Jet|p2a: Incineroar
|-supereffective|p2a: Incineroar|1
|-crit|p2a: Incineroar
|-damage|p2a: Incineroar|0 fnt
|faint|p2a: Incineroar
|move|p1a: Kingambit|Swords Dance|p1a: Kingambit
|-boost|p1a: Kingambit|atk|2
|
|-weather|Sandstorm|[upkeep]
|-damage|p1b: Basculegion|10/100|[from] Sandstorm
|upkeep
|
|t:|1785285661
|switch|p2a: Garchomp|Garchomp-Mega, L50, F|88/100 brn
|turn|4
|
|t:|1785285677
|move|p1a: Kingambit|Protect|p1a: Kingambit
|-singleturn|p1a: Kingambit|Protect
|move|p2b: Tyranitar|Low Kick|p1a: Kingambit
|-activate|p1a: Kingambit|move: Protect
|move|p2a: Garchomp|Earth Power|p1a: Kingambit
|-activate|p1a: Kingambit|move: Protect
|move|p1b: Basculegion|Wave Crash|p2b: Tyranitar
|-supereffective|p2b: Tyranitar|1
|-damage|p2b: Tyranitar|1/100
|-damage|p1b: Basculegion|0 fnt|[from] Recoil
|faint|p1b: Basculegion
|
|-weather|Sandstorm|[upkeep]
|-damage|p2a: Garchomp|82/100 brn|[from] brn
|upkeep
|
|t:|1785285686
|switch|p1b: Lycanroc|Lycanroc-Dusk, L50, F|100/100
|turn|5
|
|t:|1785285723
|move|p1b: Lycanroc|Accelerock|p2b: Tyranitar
|-damage|p2b: Tyranitar|0 fnt
|faint|p2b: Tyranitar
|move|p1a: Kingambit|Sucker Punch|p2a: Garchomp
|-damage|p2a: Garchomp|0 fnt
|faint|p2a: Garchomp
|-damage|p1a: Kingambit|90/100|[from] item: Life Orb
|
|-weather|none
|upkeep
|
|t:|1785285731
|switch|p2b: Milotic|Milotic, L50, F|100/100
|turn|6
|
|t:|1785285737
|move|p1b: Lycanroc|Rock Slide|p2b: Milotic
|-damage|p2b: Milotic|60/100
|move|p2b: Milotic|Haze|p2b: Milotic
|-clearallboost
|move|p1a: Kingambit|Kowtow Cleave|p2b: Milotic
|-damage|p2b: Milotic|1/100
|-damage|p1a: Kingambit|80/100|[from] item: Life Orb
|
|-heal|p2b: Milotic|6/100|[from] item: Leftovers
|upkeep
|turn|7
|-message|is_katabo forfeited.
|
|win|mikewwm8
|raw|mikewwm8's rating: 1362 → 1379(+17 for winning)
|raw|is_katabo's rating: 1301 → 1284(-17 for losing)
|l|☆mikewwm8
|player|p1|
