|j|☆Bruthathechosen
|j|☆D10_O1
|html|BruthathechosenD10_O1    
|uhtml|bestof|Game 3 of a best-of-3
|t:|1757074778
|gametype|doubles
|player|p1|Bruthathechosen|lady-gen4|1146
|player|p2|D10_O1|101|1131
|gen|9
|tier|[Gen 9] VGC 2025 Reg H (Bo3)
|rated|
|rule|Species Clause: Limit one of each Pokémon
|rule|Item Clause: Limit 1 of each item
|clearpoke
|poke|p1|Kingambit, L50, M|
|poke|p1|Rillaboom, L50, F|
|poke|p1|Hydreigon, L50, F|
|poke|p1|Sneasler, L50, M|
|poke|p1|Electabuzz, L50, F|
|poke|p1|Volcarona, L50, F|
|poke|p2|Rillaboom, L50, M|
|poke|p2|Ninetales-Alola, L50, F|
|poke|p2|Volcarona, L50, F|
|poke|p2|Amoonguss, L50, F|
|poke|p2|Sneasler, L50, F|
|poke|p2|Baxcalibur, L50, F|
|teampreview|4
|showteam|p1|Kingambit||BlackGlasses|Defiant|SuckerPunch,KowtowCleave,SwordsDance,Protect|||M|||50|,,,,,Dark]Rillaboom||AssaultVest|GrassySurge|FakeOut,GrassyGlide,HighHorsepower,Uturn|||F|||50|,,,,,Water]Hydreigon||ChoiceSpecs|Levitate|DarkPulse,DracoMeteor,Snarl,Uturn|||F|||50|,,,,,Ghost]Sneasler||GrassySeed|Unburden|FakeOut,CloseCombat,DireClaw,Protect|||M|||50|,,,,,Stellar]Electabuzz||Eviolite|VitalSpirit|Taunt,Thunderbolt,FollowMe,Protect|||F|||50|,,,,,Dragon]Volcarona||CovertCloak|FlameBody|QuiverDance,HeatWave,TeraBlast,Protect|||F|||50|,,,,,Fairy
|showteam|p2|Rillaboom||MiracleSeed|GrassySurge|WoodHammer,GrassyGlide,FakeOut,Taunt|||M|||50|,,,,,Fire]Ninetales-Alola||NeverMeltIce|SnowWarning|Blizzard,Moonblast,AuroraVeil,Protect|||F|||50|,,,,,Fire]Volcarona||Leftovers|FlameBody|GigaDrain,FieryDance,QuiverDance,Protect|||F|||50|,,,,,Grass]Amoonguss||MentalHerb|Regenerator|Spore,RagePowder,Protect,SludgeBomb|||F|||50|,,,,,Water]Sneasler||GrassySeed|Unburden|CloseCombat,FakeOut,DireClaw,Coaching|||F|||50|,,,,,Dark]Baxcalibur||LoadedDice|ThermalExchange|ScaleShot,IcicleSpear,Protect,IceShard|||F|||50|,,,,,Poison
|
|t:|1757074817
|teamsize|p1|4
|teamsize|p2|4
|start
|switch|p1a: Rillaboom|Rillaboom, L50, F|100/100
|switch|p1b: Kingambit|Kingambit, L50, M|100/100
|switch|p2a: Ninetales|Ninetales-Alola, L50, F|100/100
|switch|p2b: THE GOAT|Amoonguss, L50, F, shiny|100/100
|-weather|Snowscape|[from] ability: Snow Warning|[of] p2a: Ninetales
|-fieldstart|move: Grassy Terrain|[from] ability: Grassy Surge|[of] p1a: Rillaboom
|turn|1
|
|t:|1757074833
|move|p2a: Ninetales|Protect|p2a: Ninetales
|-singleturn|p2a: Ninetales|Protect
|move|p1a: Rillaboom|Fake Out|p2b: THE GOAT
|-damage|p2b: THE GOAT|87/100
|move|p1b: Kingambit|Swords Dance|p1b: Kingambit
|-boost|p1b: Kingambit|atk|2
|cant|p2b: THE GOAT|flinch
|
|-weather|Snowscape|[upkeep]
|-heal|p2b: THE GOAT|93/100|[from] Grassy Terrain
|upkeep
|turn|2
|
|t:|1757074853
|switch|p2a: Sneasler|Sneasler, L50, F|100/100
|-enditem|p2a: Sneasler|Grassy Seed
|-boost|p2a: Sneasler|def|1|[from] item: Grassy Seed
|move|p1b: Kingambit|Protect|p1b: Kingambit
|-singleturn|p1b: Kingambit|Protect
|move|p1a: Rillaboom|U-turn|p2b: THE GOAT
|-damage|p2b: THE GOAT|71/100
|
|t:|1757074860
|switch|p1a: Electabuzz|Electabuzz, L50, F|100/100|[from] U-turn
|move|p2b: THE GOAT|Spore|p1b: Kingambit
|-activate|p1b: Kingambit|move: Protect
|
|-weather|Snowscape|[upkeep]
|-heal|p2b: THE GOAT|77/100|[from] Grassy Terrain
|upkeep
|turn|3
|
|t:|1757074871
|-terastallize|p1b: Kingambit|Dark
|move|p2a: Sneasler|Fake Out|p1a: Electabuzz
|-damage|p1a: Electabuzz|84/100
|cant|p1a: Electabuzz|flinch
|move|p1b: Kingambit|Kowtow Cleave|p2b: THE GOAT
|-damage|p2b: THE GOAT|0 fnt
|faint|p2b: THE GOAT
|
|-weather|Snowscape|[upkeep]
|-heal|p1a: Electabuzz|90/100|[from] Grassy Terrain
|upkeep
|
|t:|1757074874
|switch|p2b: Ninetales|Ninetales-Alola, L50, F|100/100
|turn|4
|
|t:|1757074891
|move|p1b: Kingambit|Protect|p1b: Kingambit
|-singleturn|p1b: Kingambit|Protect
|move|p2a: Sneasler|Close Combat|p1b: Kingambit
|-activate|p1b: Kingambit|move: Protect
|move|p2b: Ninetales|Aurora Veil|p2b: Ninetales
|-sidestart|p2: D10_O1|move: Aurora Veil
|move|p1a: Electabuzz|Thunderbolt|p2a: Sneasler
|-damage|p2a: Sneasler|73/100
|
|-weather|Snowscape|[upkeep]
|-heal|p2a: Sneasler|79/100|[from] Grassy Terrain
|-heal|p1a: Electabuzz|96/100|[from] Grassy Terrain
|upkeep
|turn|5
|
|t:|1757074908
|move|p1a: Electabuzz|Follow Me|p1a: Electabuzz
|-singleturn|p1a: Electabuzz|move: Follow Me
|move|p2a: Sneasler|Close Combat|p1a: Electabuzz
|-damage|p1a: Electabuzz|20/100
|-unboost|p2a: Sneasler|def|1
|-unboost|p2a: Sneasler|spd|1
|move|p2b: Ninetales|Blizzard|p1a: Electabuzz|[spread] p1a,p1b
|-crit|p1a: Electabuzz
|-damage|p1a: Electabuzz|0 fnt
|-damage|p1b: Kingambit|69/100
|faint|p1a: Electabuzz
|move|p1b: Kingambit|Swords Dance|p1b: Kingambit
|-boost|p1b: Kingambit|atk|2
|
|-weather|none
|-heal|p2a: Sneasler|85/100|[from] Grassy Terrain
|-heal|p1b: Kingambit|75/100|[from] Grassy Terrain
|-fieldend|move: Grassy Terrain
|upkeep
|
|t:|1757074922
|switch|p1a: Rillaboom|Rillaboom, L50, F|100/100
|-fieldstart|move: Grassy Terrain|[from] ability: Grassy Surge|[of] p1a: Rillaboom
|turn|6
|
|t:|1757074939
|switch|p2b: Baxcalibur|Baxcalibur, L50, F|100/100
|move|p1a: Rillaboom|Fake Out|p2a: Sneasler
|-damage|p2a: Sneasler|70/100
|cant|p2a: Sneasler|flinch
|move|p1b: Kingambit|Kowtow Cleave|p2a: Sneasler
|-resisted|p2a: Sneasler
|-damage|p2a: Sneasler|0 fnt
|faint|p2a: Sneasler
|
|-heal|p1b: Kingambit|81/100|[from] Grassy Terrain
|upkeep
|
|t:|1757074941
|switch|p2a: Ninetales|Ninetales-Alola, L50, F|100/100
|-weather|Snowscape|[from] ability: Snow Warning|[of] p2a: Ninetales
|turn|7
|
|t:|1757074959
|switch|p1a: Sneasler|Sneasler, L50, M|100/100
|-enditem|p1a: Sneasler|Grassy Seed
|-boost|p1a: Sneasler|def|1|[from] item: Grassy Seed
|move|p1b: Kingambit|Sucker Punch|p2b: Baxcalibur
|-damage|p2b: Baxcalibur|25/100
|move|p2a: Ninetales|Blizzard|p1a: Sneasler|[spread] p1a,p1b
|-damage|p1a: Sneasler|56/100
|-damage|p1b: Kingambit|48/100
|move|p2b: Baxcalibur|Scale Shot|p1b: Kingambit
|-damage|p1b: Kingambit|37/100
|-damage|p1b: Kingambit|26/100
|-damage|p1b: Kingambit|16/100
|-damage|p1b: Kingambit|4/100
|-hitcount|p1b: Kingambit|4
|-unboost|p2b: Baxcalibur|def|1
|-boost|p2b: Baxcalibur|spe|1
|
|-weather|Snowscape|[upkeep]
|-heal|p1a: Sneasler|62/100|[from] Grassy Terrain
|-heal|p2b: Baxcalibur|31/100|[from] Grassy Terrain
|-heal|p1b: Kingambit|10/100|[from] Grassy Terrain
|upkeep
|turn|8
|
|t:|1757074982
|move|p2b: Baxcalibur|Ice Shard|p1b: Kingambit
|-damage|p1b: Kingambit|0 fnt
|faint|p1b: Kingambit
|move|p1a: Sneasler|Close Combat|p2b: Baxcalibur
|-supereffective|p2b: Baxcalibur
|-damage|p2b: Baxcalibur|0 fnt
|-unboost|p1a: Sneasler|def|1
|-unboost|p1a: Sneasler|spd|1
|faint|p2b: Baxcalibur
|move|p2a: Ninetales|Moonblast|p1a: Sneasler
|-damage|p1a: Sneasler|0 fnt
|faint|p1a: Sneasler
|
|-weather|Snowscape|[upkeep]
|-sideend|p2: D10_O1|move: Aurora Veil
|upkeep
|
|t:|1757074989
|switch|p1b: Rillaboom|Rillaboom, L50, F|100/100
|turn|9
|
|t:|1757074994
|-terastallize|p2a: Ninetales|Fire
|move|p1b: Rillaboom|Grassy Glide|p2a: Ninetales
|-resisted|p2a: Ninetales
|-damage|p2a: Ninetales|75/100
|move|p2a: Ninetales|Blizzard|p1b: Rillaboom
|-supereffective|p1b: Rillaboom
|-damage|p1b: Rillaboom|37/100
|
|-weather|Snowscape|[upkeep]
|-heal|p2a: Ninetales|81/100|[from] Grassy Terrain
|-heal|p1b: Rillaboom|43/100|[from] Grassy Terrain
|upkeep
|turn|10
|
|t:|1757074998
|move|p2a: Ninetales|Blizzard|p1b: Rillaboom
|-supereffective|p1b: Rillaboom
|-damage|p1b: Rillaboom|0 fnt
|faint|p1b: Rillaboom
|
|win|D10_O1
|raw|Bruthathechosen's rating: 1146 → 1120(-26 for losing)
|raw|D10_O1's rating: 1131 → 1157(+26 for winning)
