|j|☆Castl3ofgl4ss
|j|☆marriage4ever
|html|Castl3ofgl4ssmarriage4ever    
|uhtml|bestof|Game 1 of a best-of-3
|t:|1783471333
|gametype|doubles
|player|p1|Castl3ofgl4ss|265|1106
|player|p2|marriage4ever|backersf|1134
|gen|9
|tier|[Gen 9 Champions] VGC 2026 Reg M-B (Bo3)
|rated|
|rule|Species Clause: Limit one of each Pokémon
|rule|Item Clause: Limit 1 of each item
|clearpoke
|poke|p1|Staraptor, L50, F|
|poke|p1|Grimmsnarl, L50, M|
|poke|p1|Sinistcha, L50|
|poke|p1|Archaludon, L50, F|
|poke|p1|Pelipper, L50, F|
|poke|p1|Basculegion, L50, M|
|poke|p2|Floette-Eternal, L50, F|
|poke|p2|Basculegion, L50, M|
|poke|p2|Kingambit, L50, M|
|poke|p2|Sinistcha, L50|
|poke|p2|Sneasler, L50, M|
|poke|p2|Ceruledge, L50, F|
|teampreview|4
|showteam|p1|Staraptor||Staraptite|Intimidate|CloseCombat,BraveBird,Roost,Protect|Jolly||F|||50|]Grimmsnarl||LightClay|Prankster|PartingShot,LightScreen,Reflect,SpiritBreak|Careful||M|||50|]Sinistcha||SitrusBerry|Hospitality|RagePowder,LifeDew,MatchaGotcha,ShadowBall|Calm|||||50|]Archaludon||Leftovers|Stamina|ElectroShot,FlashCannon,DragonPulse,Protect|Modest||F|||50|]Pelipper||FocusSash|Drizzle|Tailwind,WideGuard,Hurricane,WeatherBall|Bold||F|||50|]Basculegion||ChoiceScarf|Adaptability|WaveCrash,LastRespects,FlipTurn,AquaJet|Adamant||M|||50|
|showteam|p2|Floette-Eternal||Floettite|FlowerVeil|Moonblast,CalmMind,Protect,DazzlingGleam|Modest||F|||50|]Basculegion||ChoiceScarf|Adaptability|WaveCrash,FlipTurn,AquaJet,LastRespects|Jolly||M|||50|]Kingambit||BlackGlasses|Defiant|KowtowCleave,IronHead,SuckerPunch,Protect|Adamant||M|||50|]Sinistcha||Leftovers|Hospitality|RagePowder,MatchaGotcha,TrickRoom,LifeDew|Bold|||||50|]Sneasler||WhiteHerb|Unburden|DireClaw,FakeOut,Coaching,CloseCombat|Jolly||M|||50|]Ceruledge||ColburBerry|FlashFire|BulkUp,BitterBlade,Protect,ShadowSneak|Adamant||F|||50|
|inactive|Battle timer is ON: inactive players will automatically lose when time's up. (requested by marriage4ever)
|
|t:|1783471358
|teamsize|p1|4
|teamsize|p2|4
|start
|switch|p1a: Staraptor|Staraptor, L50, F|100/100
|switch|p1b: Grimmsnarl|Grimmsnarl, L50, M|100/100
|switch|p2a: Iris|Floette-Eternal, L50, F|100/100
|switch|p2b: Seaora|Sneasler, L50, M|100/100
|-ability|p1a: Staraptor|Intimidate|boost
|-unboost|p2a: Iris|atk|1
|-unboost|p2b: Seaora|atk|1
|-enditem|p2b: Seaora|White Herb
|-clearnegativeboost|p2b: Seaora|[silent]
|turn|1
|
|t:|1783471379
|switch|p1a: Basculegion|Basculegion, L50, M|100/100
|detailschange|p2a: Iris|Floette-Mega, L50, F
|-mega|p2a: Iris|Floette|Floettite
|-ability|p2a: Iris|Fairy Aura
|move|p1b: Grimmsnarl|Light Screen|p1b: Grimmsnarl
|-sidestart|p1: Castl3ofgl4ss|move: Light Screen
|move|p2b: Seaora|Coaching|p2a: Iris
|-boost|p2a: Iris|atk|1
|-boost|p2a: Iris|def|1
|move|p2a: Iris|Moonblast|p1a: Basculegion
|-damage|p1a: Basculegion|44/100
|
|upkeep
|turn|2
|inactive|Castl3ofgl4ss has 30 seconds left.
|
|t:|1783471407
|move|p1b: Grimmsnarl|Parting Shot|p2a: Iris
|-unboost|p2a: Iris|atk|1
|-unboost|p2a: Iris|spa|1
|
|t:|1783471410
|switch|p1b: Sinistcha|Sinistcha, L50|100/100|[from] Parting Shot
|-heal|p1a: Basculegion|69/100|[from] ability: Hospitality|[of] p1b: Sinistcha
|move|p2b: Seaora|Coaching|p2a: Iris
|-boost|p2a: Iris|atk|1
|-boost|p2a: Iris|def|1
|move|p1a: Basculegion|Wave Crash|p2a: Iris
|-damage|p2a: Iris|60/100
|-damage|p1a: Basculegion|56/100|[from] Recoil
|move|p2a: Iris|Calm Mind|p2a: Iris
|-boost|p2a: Iris|spa|1
|-boost|p2a: Iris|spd|1
|
|upkeep
|turn|3
|
|t:|1783471432
|move|p2b: Seaora|Coaching|p2a: Iris
|-boost|p2a: Iris|atk|1
|-boost|p2a: Iris|def|1
|move|p1a: Basculegion|Wave Crash|p2a: Iris
|-damage|p2a: Iris|23/100
|-damage|p1a: Basculegion|45/100|[from] Recoil
|move|p2a: Iris|Calm Mind|p2a: Iris
|-boost|p2a: Iris|spa|1
|-boost|p2a: Iris|spd|1
|move|p1b: Sinistcha|Matcha Gotcha|p2a: Iris|[spread] p2b
|-miss|p1b: Sinistcha|p2a: Iris
|-resisted|p2b: Seaora|1
|-damage|p2b: Seaora|85/100
|
|upkeep
|turn|4
|
|t:|1783471449
|switch|p2b: Goober|Sinistcha, L50|100/100
|-heal|p2a: Iris|48/100|[from] ability: Hospitality|[of] p2b: Goober
|move|p1b: Sinistcha|Rage Powder|p1b: Sinistcha
|-singleturn|p1b: Sinistcha|move: Rage Powder
|move|p1a: Basculegion|Wave Crash|p2a: Iris
|-crit|p2a: Iris
|-damage|p2a: Iris|0 fnt
|faint|p2a: Iris
|-damage|p1a: Basculegion|30/100|[from] Recoil
|
|upkeep
|
|t:|1783471459
|switch|p2a: Queen Ebony|Kingambit, L50, M|100/100
|turn|5
|
|t:|1783471471
|switch|p1a: Grimmsnarl|Grimmsnarl, L50, M|100/100
|switch|p1b: Staraptor|Staraptor, L50, F|100/100
|-ability|p1b: Staraptor|Intimidate|boost
|-unboost|p2a: Queen Ebony|atk|1
|-ability|p2a: Queen Ebony|Defiant|boost
|-boost|p2a: Queen Ebony|atk|2
|-unboost|p2b: Goober|atk|1
|move|p2b: Goober|Matcha Gotcha|p1a: Grimmsnarl|[spread] p1a,p1b
|-crit|p1a: Grimmsnarl
|-resisted|p1b: Staraptor|1
|-damage|p1a: Grimmsnarl|67/100
|-damage|p1b: Staraptor|88/100
|-status|p1a: Grimmsnarl|brn
|move|p2a: Queen Ebony|Kowtow Cleave|p1b: Staraptor
|-damage|p1b: Staraptor|0 fnt
|faint|p1b: Staraptor
|
|-damage|p1a: Grimmsnarl|61/100 brn|[from] brn
|upkeep
|
|t:|1783471475
|switch|p1b: Basculegion|Basculegion, L50, M|30/100
|turn|6
|c|☆marriage4ever|welp, now i kind of just lose
|c|☆marriage4ever|or not
|inactive|marriage4ever has 30 seconds left.
|
|t:|1783471501
|move|p1a: Grimmsnarl|Reflect|p1a: Grimmsnarl
|-sidestart|p1: Castl3ofgl4ss|Reflect
|move|p2a: Queen Ebony|Sucker Punch|p1b: Basculegion
|-supereffective|p1b: Basculegion|1
|-damage|p1b: Basculegion|0 fnt
|faint|p1b: Basculegion
|move|p2b: Goober|Matcha Gotcha|p1a: Grimmsnarl
|-damage|p1a: Grimmsnarl|42/100 brn
|
|-damage|p1a: Grimmsnarl|36/100 brn|[from] brn
|upkeep
|-message|Castl3ofgl4ss forfeited.
|
|win|marriage4ever
|l|☆Castl3ofgl4ss
|player|p1|
||Castl3ofgl4ss is ready for game 2.
