|j|☆LorGhez
|j|☆piktocat
|html|LorGhezpiktocat    
|uhtml|bestof|Game 3 of a best-of-3
|t:|1782758356
|gametype|doubles
|player|p1|LorGhez|169|1146
|player|p2|piktocat|caitlin|1153
|gen|9
|tier|[Gen 9 Champions] VGC 2026 Reg M-B (Bo3)
|rated|
|rule|Species Clause: Limit one of each Pokémon
|rule|Item Clause: Limit 1 of each item
|clearpoke
|poke|p1|Sceptile, L50, F|
|poke|p1|Sylveon, L50, F|
|poke|p1|Rotom-Wash, L50|
|poke|p1|Aerodactyl, L50, M|
|poke|p1|Incineroar, L50, M|
|poke|p1|Kingambit, L50, F|
|poke|p2|Mawile, L50, M|
|poke|p2|Farigiraf, L50, F|
|poke|p2|Incineroar, L50, M|
|poke|p2|Basculegion, L50, M|
|poke|p2|Staraptor, L50, M|
|poke|p2|Maushold, L50|
|teampreview|4
|showteam|p1|Sceptile||Sceptilite|Overgrow|Protect,LeafStorm,DragonPulse,EarthPower|Timid||F|||50|]Sylveon||FairyFeather|Pixilate|Protect,HyperBeam,HyperVoice,QuickAttack|Modest||F|||50|]Rotom-Wash||Leftovers|Levitate|WillOWisp,Discharge,HydroPump,LightScreen|Modest|||||50|]Aerodactyl||Aerodactylite|Unnerve|Protect,Tailwind,RockSlide,IceFang|Jolly||M|||50|]Incineroar||SitrusBerry|Intimidate|FakeOut,PartingShot,ThroatChop,FlareBlitz|Careful||M|||50|]Kingambit||BlackGlasses|Defiant|Protect,SuckerPunch,KowtowCleave,IronHead|Adamant||F|||50|
|showteam|p2|Mawile||Mawilite|HyperCutter|IronHead,PlayRough,SuckerPunch,Protect|Adamant||M|||50|]Farigiraf||SitrusBerry|ArmorTail|HyperVoice,TwinBeam,TrickRoom,HelpingHand|Bold||F|||50|]Incineroar||PasshoBerry|Intimidate|FlareBlitz,ThroatChop,FakeOut,PartingShot|Adamant||M|||50|]Basculegion||MysticWater|Adaptability|WaveCrash,AquaJet,LastRespects,Protect|Adamant||M|||50|]Staraptor||Staraptite|Reckless|CloseCombat,BraveBird,Tailwind,Protect|Adamant||M|||50|]Maushold||WideLens|Technician|PopulationBomb,FollowMe,Charm,Protect|Jolly|||||50|
|inactive|Battle timer is ON: inactive players will automatically lose when time's up. (requested by piktocat)
|inactive|LorGhez has 60 seconds left.
|inactive|LorGhez has 30 seconds left.
|
|t:|1782758419
|teamsize|p1|4
|teamsize|p2|4
|start
|switch|p1a: Sceptile|Sceptile, L50, F|100/100
|switch|p1b: Incineroar|Incineroar, L50, M|100/100
|switch|p2a: Farigiraf|Farigiraf, L50, F|100/100
|switch|p2b: Basculegion|Basculegion, L50, M|100/100
|-ability|p1b: Incineroar|Intimidate|boost
|-unboost|p2a: Farigiraf|atk|1
|-unboost|p2b: Basculegion|atk|1
|turn|1
|inactive|LorGhez has 30 seconds left.
|inactive|piktocat has 30 seconds left.
|inactive|LorGhez has 20 seconds left.
|inactive|piktocat has 20 seconds left.
|inactive|LorGhez has 15 seconds left.
|inactive|piktocat has 15 seconds left.
|inactive|LorGhez has 10 seconds left.
|inactive|piktocat has 10 seconds left.
|inactive|piktocat has 5 seconds left.
|
|t:|1782758471
|switch|p1a: Sylveon|Sylveon, L50, F|100/100
|switch|p2b: Incineroar|Incineroar, L50, M|100/100
|-ability|p2b: Incineroar|Intimidate|boost
|-unboost|p1a: Sylveon|atk|1
|-unboost|p1b: Incineroar|atk|1
|switch|p2a: Mawile|Mawile, L50, M|100/100
|move|p1b: Incineroar|Throat Chop|p2a: Mawile
|-resisted|p2a: Mawile|1
|-damage|p2a: Mawile|83/100
|-start|p2a: Mawile|Throat Chop|[silent]
|
|upkeep
|turn|2
|inactive|LorGhez has 30 seconds left.
|
|t:|1782758505
|switch|p1a: Rotom|Rotom-Wash, L50|100/100
|detailschange|p2a: Mawile|Mawile-Mega, L50, M
|-mega|p2a: Mawile|Mawile|Mawilite
|move|p2b: Incineroar|Fake Out|p1b: Incineroar
|-damage|p1b: Incineroar|87/100
|move|p2a: Mawile|Iron Head|p1a: Rotom
|-resisted|p1a: Rotom|2
|-damage|p1a: Rotom|78/100
|cant|p1b: Incineroar|flinch
|
|-heal|p1a: Rotom|84/100|[from] item: Leftovers
|-end|p2a: Mawile|Throat Chop|[silent]
|upkeep
|turn|3
|inactive|piktocat has 30 seconds left.
|
|t:|1782758531
|switch|p2a: Farigiraf|Farigiraf, L50, F|100/100
|move|p1a: Rotom|Will-O-Wisp|p2a: Farigiraf|[miss]
|-miss|p1a: Rotom|p2a: Farigiraf
|move|p2b: Incineroar|Parting Shot|p1a: Rotom
|-unboost|p1a: Rotom|atk|1
|-unboost|p1a: Rotom|spa|1
|
|t:|1782758538
|switch|p2b: Basculegion|Basculegion, L50, M|100/100|[from] Parting Shot
|move|p1b: Incineroar|Parting Shot|p2b: Basculegion
|-unboost|p2b: Basculegion|atk|1
|-unboost|p2b: Basculegion|spa|1
|
|t:|1782758548
|switch|p1b: Sceptile|Sceptile, L50, F|100/100|[from] Parting Shot
|
|-heal|p1a: Rotom|89/100|[from] item: Leftovers
|upkeep
|turn|4
|
|t:|1782758562
|switch|p2b: Incineroar|Incineroar, L50, M|100/100
|-ability|p2b: Incineroar|Intimidate|boost
|-unboost|p1a: Rotom|atk|1
|-unboost|p1b: Sceptile|atk|1
|detailschange|p1b: Sceptile|Sceptile-Mega, L50, F
|-mega|p1b: Sceptile|Sceptile|Sceptilite
|move|p1b: Sceptile|Earth Power|p2b: Incineroar
|-supereffective|p2b: Incineroar|1
|-damage|p2b: Incineroar|41/100
|move|p1a: Rotom|Discharge|p2a: Farigiraf|[spread] p2a,p2b
|-ability|p1b: Sceptile|Lightning Rod|boost
|-boost|p1b: Sceptile|spa|1
|-damage|p2a: Farigiraf|86/100
|-damage|p2b: Incineroar|24/100
|move|p2a: Farigiraf|Trick Room|p2a: Farigiraf
|-fieldstart|move: Trick Room|[of] p2a: Farigiraf
|
|-heal|p1a: Rotom|95/100|[from] item: Leftovers
|upkeep
|turn|5
|
|t:|1782758581
|move|p2a: Farigiraf|Helping Hand|p2b: Incineroar
|-singleturn|p2b: Incineroar|Helping Hand|[of] p2a: Farigiraf
|move|p2b: Incineroar|Flare Blitz|p1b: Sceptile
|-damage|p1b: Sceptile|0 fnt
|faint|p1b: Sceptile
|-damage|p2b: Incineroar|0 fnt|[from] Recoil
|faint|p2b: Incineroar
|move|p1a: Rotom|Discharge|p2a: Farigiraf
|-damage|p2a: Farigiraf|66/100
|
|-heal|p1a: Rotom|100/100|[from] item: Leftovers
|upkeep
|
|t:|1782758594
|switch|p2b: Basculegion|Basculegion, L50, M|100/100
|switch|p1b: Sylveon|Sylveon, L50, F|100/100
|turn|6
|
|t:|1782758605
|switch|p1a: Incineroar|Incineroar, L50, M|87/100
|-ability|p1a: Incineroar|Intimidate|boost
|-unboost|p2a: Farigiraf|atk|1
|-unboost|p2b: Basculegion|atk|1
|move|p1b: Sylveon|Protect|p1b: Sylveon
|-singleturn|p1b: Sylveon|Protect
|move|p2a: Farigiraf|Hyper Voice|p1a: Incineroar|[spread] p1a
|-activate|p1b: Sylveon|move: Protect
|-damage|p1a: Incineroar|67/100
|move|p2b: Basculegion|Wave Crash|p1b: Sylveon
|-activate|p1b: Sylveon|move: Protect
|
|upkeep
|turn|7
|
|t:|1782758623
|switch|p2a: Mawile|Mawile-Mega, L50, M|83/100
|move|p1a: Incineroar|Throat Chop|p2b: Basculegion
|-supereffective|p2b: Basculegion|1
|-damage|p2b: Basculegion|36/100
|-start|p2b: Basculegion|Throat Chop|[silent]
|move|p1b: Sylveon|Hyper Voice|p2b: Basculegion|[spread] p2a,p2b
|-resisted|p2a: Mawile|1
|-crit|p2a: Mawile
|-damage|p2a: Mawile|39/100
|-damage|p2b: Basculegion|0 fnt
|faint|p2b: Basculegion
|
|upkeep
|
|t:|1782758631
|switch|p2b: Farigiraf|Farigiraf, L50, F|66/100
|turn|8
|inactive|LorGhez has 30 seconds left.
|
|t:|1782758657
|switch|p1a: Rotom|Rotom-Wash, L50|100/100
|move|p1b: Sylveon|Protect|p1b: Sylveon
|-singleturn|p1b: Sylveon|Protect
|move|p2a: Mawile|Protect|p2a: Mawile
|-singleturn|p2a: Mawile|Protect
|move|p2b: Farigiraf|Hyper Voice|p1a: Rotom|[spread] p1a
|-activate|p1b: Sylveon|move: Protect
|-damage|p1a: Rotom|71/100
|
|-heal|p1a: Rotom|77/100|[from] item: Leftovers
|-fieldend|move: Trick Room
|upkeep
|turn|9
|
|t:|1782758673
|move|p1a: Rotom|Discharge|p2a: Mawile|[spread] p1b,p2a,p2b
|-damage|p1b: Sylveon|79/100
|-damage|p2a: Mawile|7/100
|-damage|p2b: Farigiraf|44/100
|-status|p2b: Farigiraf|par
|-enditem|p2b: Farigiraf|Sitrus Berry|[eat]
|-heal|p2b: Farigiraf|69/100 par|[from] item: Sitrus Berry
|move|p2a: Mawile|Play Rough|p1a: Rotom
|-damage|p1a: Rotom|0 fnt
|faint|p1a: Rotom
|move|p1b: Sylveon|Hyper Voice|p2a: Mawile|[spread] p2a,p2b
|-resisted|p2a: Mawile|1
|-damage|p2a: Mawile|0 fnt
|-damage|p2b: Farigiraf|33/100 par
|faint|p2a: Mawile
|move|p2b: Farigiraf|Hyper Voice|p1b: Sylveon
|-damage|p1b: Sylveon|52/100
|
|upkeep
|-message|piktocat forfeited.
|raw|LorGhez's rating: 1146 → 1172(+26 for winning)
|raw|piktocat's rating: 1153 → 1127(-26 for losing)
|
|win|LorGhez
|l|☆piktocat
|player|p2|
