|j|‽monster231
|j|☆1TarsierFan
|html|monster2311TarsierFan    
|uhtml|bestof|Game 2 of a best-of-3
|t:|1782407158
|gametype|doubles
|player|p1|monster231|parasollady|1110
|player|p2|1TarsierFan|pokemaniac|1206
|gen|9
|tier|[Gen 9 Champions] VGC 2026 Reg M-B (Bo3)
|rated|
|rule|Species Clause: Limit one of each Pokémon
|rule|Item Clause: Limit 1 of each item
|clearpoke
|poke|p1|Garchomp, L50, M|
|poke|p1|Tyranitar, L50, M|
|poke|p1|Sinistcha, L50|
|poke|p1|Alcremie, L50, F, shiny|
|poke|p1|Whimsicott, L50, M|
|poke|p1|Scrafty, L50, M|
|poke|p2|Blaziken, L50, M|
|poke|p2|Aerodactyl, L50, F|
|poke|p2|Basculegion, L50, M|
|poke|p2|Kingambit, L50, M|
|poke|p2|Sylveon, L50, F|
|poke|p2|Sinistcha, L50|
|teampreview|4
|showteam|p1|Garchomp||Garchompite|RoughSkin|RockSlide,Earthquake,IronHead,Protect|Brave||M|||50|]Tyranitar||Metronome|SandStream|RockSlide,BreakingSwipe,KnockOff,Protect|Brave||M|||50|]Sinistcha||Leftovers|Hospitality|ShadowBall,MatchaGotcha,TrickRoom,StrengthSap|Bold|||||50|]Alcremie||FairyFeather|AromaVeil|Decorate,DrainingKiss,Encore,Protect|Sassy||F|||50|]Whimsicott||MentalHerb|Prankster|Taunt,TrickRoom,Tailwind,EnergyBall|Timid||M|||50|]Scrafty||Scraftinite|Intimidate|DrainPunch,FakeOut,KnockOff,QuickGuard|Impish||M|||50|
|showteam|p2|Blaziken||Blazikenite|SpeedBoost|FlareBlitz,RockSlide,CloseCombat,Detect|Adamant||M|||50|]Aerodactyl||Aerodactylite|Unnerve|RockSlide,IceFang,DualWingbeat,Tailwind|Jolly||F|||50|]Basculegion||LifeOrb|Adaptability|WaveCrash,AquaJet,LastRespects,Protect|Adamant||M|||50|]Kingambit||FocusSash|Defiant|KowtowCleave,SuckerPunch,IronHead,LowKick|Adamant||M|||50|]Sylveon||FairyFeather|Pixilate|HyperBeam,HyperVoice,Detect,QuickAttack|Modest||F|||50|]Sinistcha||KasibBerry|Hospitality|MatchaGotcha,RagePowder,TrickRoom,Protect|Bold|||||50|
|
|t:|1782407217
|teamsize|p1|4
|teamsize|p2|4
|start
|switch|p1a: Garchomp|Garchomp, L50, M|100/100
|switch|p1b: Scrafty|Scrafty, L50, M|100/100
|switch|p2a: Aerodactyl|Aerodactyl, L50, F|100/100
|switch|p2b: Sylveon|Sylveon, L50, F|100/100
|-ability|p2a: Aerodactyl|Unnerve
|-ability|p1b: Scrafty|Intimidate|boost
|-unboost|p2a: Aerodactyl|atk|1
|-unboost|p2b: Sylveon|atk|1
|turn|1
|
|t:|1782407233
|switch|p2a: Sinistcha|Sinistcha, L50|100/100
|detailschange|p1a: Garchomp|Garchomp-Mega, L50, M
|-mega|p1a: Garchomp|Garchomp|Garchompite
|move|p2b: Sylveon|Detect|p2b: Sylveon
|-singleturn|p2b: Sylveon|Protect
|move|p1b: Scrafty|Fake Out|p2a: Sinistcha
|-immune|p2a: Sinistcha
|move|p1a: Garchomp|Iron Head|p2a: Sinistcha
|-damage|p2a: Sinistcha|74/100
|
|upkeep
|turn|2
|
|t:|1782407257
|switch|p1b: Whimsicott|Whimsicott, L50, M|100/100
|move|p2a: Sinistcha|Rage Powder|p2a: Sinistcha
|-singleturn|p2a: Sinistcha|move: Rage Powder
|move|p1a: Garchomp|Iron Head|p2a: Sinistcha
|-damage|p2a: Sinistcha|48/100
|move|p2b: Sylveon|Hyper Voice|p1b: Whimsicott|[spread] p1a,p1b
|-supereffective|p1a: Garchomp|1
|-damage|p1a: Garchomp|20/100y
|-damage|p1b: Whimsicott|32/100
|
|upkeep
|turn|3
|
|t:|1782407290
|move|p1a: Garchomp|Protect|p1a: Garchomp
|-singleturn|p1a: Garchomp|Protect
|move|p2a: Sinistcha|Protect|p2a: Sinistcha
|-singleturn|p2a: Sinistcha|Protect
|move|p1b: Whimsicott|Taunt|p2a: Sinistcha
|-activate|p2a: Sinistcha|move: Protect
|move|p2b: Sylveon|Hyper Voice|p1a: Garchomp|[spread] p1b
|-activate|p1a: Garchomp|move: Protect
|-damage|p1b: Whimsicott|0 fnt
|faint|p1b: Whimsicott
|
|upkeep
|
|t:|1782407306
|switch|p1b: Scrafty|Scrafty, L50, M|100/100
|-ability|p1b: Scrafty|Intimidate|boost
|-unboost|p2a: Sinistcha|atk|1
|-unboost|p2b: Sylveon|atk|1
|turn|4
|
|t:|1782407337
|move|p2b: Sylveon|Detect|p2b: Sylveon
|-singleturn|p2b: Sylveon|Protect
|move|p1a: Garchomp|Iron Head|p2b: Sylveon
|-activate|p2b: Sylveon|move: Protect
|move|p2a: Sinistcha|Matcha Gotcha|p1b: Scrafty|[spread] p1a,p1b
|-damage|p1a: Garchomp|2/100
|-heal|p2a: Sinistcha|59/100|[from] drain|[of] p1a: Garchomp
|-damage|p1b: Scrafty|80/100
|-heal|p2a: Sinistcha|68/100|[from] drain|[of] p1b: Scrafty
|move|p1b: Scrafty|Knock Off|p2a: Sinistcha
|-supereffective|p2a: Sinistcha|1
|-damage|p2a: Sinistcha|23/100
|-enditem|p2a: Sinistcha|Kasib Berry|[from] move: Knock Off|[of] p1b: Scrafty
|
|upkeep
|turn|5
|
|t:|1782407377
|switch|p1b: Tyranitar|Tyranitar, L50, M|100/100
|-weather|Sandstorm|[from] ability: Sand Stream|[of] p1b: Tyranitar
|move|p1a: Garchomp|Protect|p1a: Garchomp
|-singleturn|p1a: Garchomp|Protect
|move|p2a: Sinistcha|Rage Powder|p2a: Sinistcha
|-singleturn|p2a: Sinistcha|move: Rage Powder
|move|p2b: Sylveon|Hyper Voice|p1b: Tyranitar|[spread] p1b
|-activate|p1a: Garchomp|move: Protect
|-supereffective|p1b: Tyranitar|1
|-damage|p1b: Tyranitar|41/100
|
|-weather|Sandstorm|[upkeep]
|-damage|p2b: Sylveon|93/100|[from] Sandstorm
|-damage|p2a: Sinistcha|17/100|[from] Sandstorm
|upkeep
|turn|6
|
|t:|1782407405
|switch|p2a: Kingambit|Kingambit, L50, M|100/100
|move|p1b: Tyranitar|Protect|p1b: Tyranitar
|-singleturn|p1b: Tyranitar|Protect
|move|p2b: Sylveon|Quick Attack|p1a: Garchomp
|-supereffective|p1a: Garchomp|1
|-damage|p1a: Garchomp|0 fnt
|faint|p1a: Garchomp
|
|-weather|Sandstorm|[upkeep]
|-damage|p2b: Sylveon|87/100|[from] Sandstorm
|upkeep
|-message|monster231 forfeited.
|
|win|1TarsierFan
|raw|monster231's rating: 1110 → 1092(-18 for losing)
|raw|1TarsierFan's rating: 1206 → 1224(+18 for winning)
|l|‽monster231
|player|p1|
