|j|☆Notaplaceofhonor
|j|☆huusjsj
|html|Notaplaceofhonorhuusjsj    
|uhtml|bestof|Game 3 of a best-of-3
|t:|1754935049
|gametype|doubles
|player|p1|Notaplaceofhonor|juan-gen3|1232
|player|p2|huusjsj|clay|1440
|gen|9
|tier|[Gen 9] VGC 2025 Reg H (Bo3)
|rated|
|rule|Species Clause: Limit one of each Pokémon
|rule|Item Clause: Limit 1 of each item
|clearpoke
|poke|p1|Dondozo, L50, F|
|poke|p1|Tatsugiri, L50, M|
|poke|p1|Talonflame, L50, M|
|poke|p1|Gholdengo, L50|
|poke|p1|Indeedee, L50, M|
|poke|p1|Sneasler, L50, M|
|poke|p2|Annihilape, L50, F|
|poke|p2|Sinistcha, L50|
|poke|p2|Maushold-Four, L50|
|poke|p2|Klefki, L50, F|
|poke|p2|Ursaluna-Bloodmoon, L50, M|
|poke|p2|Ninetales-Alola, L50, F|
|teampreview|4
|showteam|p1|Dondozo||Leftovers|Unaware|Protect,WaveCrash,OrderUp,Earthquake|||F|||50|,,,,,Grass]Tatsugiri||ChoiceScarf|Commander|DragonPulse,DracoMeteor,MuddyWater,IcyWind|||M|||50|,,,,,Ghost]Talonflame||SharpBeak|GaleWings|Protect,Tailwind,BraveBird,FlareBlitz|||M|||50|,,,,,Flying]Gholdengo||LifeOrb|GoodasGold|Protect,NastyPlot,MakeItRain,ShadowBall||||||50|,,,,,Water]Indeedee||FocusSash|PsychicSurge|Protect,ExpandingForce,TeraBlast,Encore|||M|||50|,,,,,Ground]Sneasler||PsychicSeed|Unburden|Protect,CloseCombat,DireClaw,ThroatChop|||M|||50|,,,,,Dark
|showteam|p2|Annihilape||Leftovers|Defiant|Protect,BulkUp,DrainPunch,RageFist|||F|||50|,,,,,Fire]Sinistcha||SitrusBerry|Hospitality|MatchaGotcha,TrickRoom,LifeDew,RagePowder||||||50|,,,,,Water]Maushold-Four||SafetyGoggles|FriendGuard|FollowMe,Taunt,BeatUp,Protect||||||50|,,,,,Ghost]Klefki||LightClay|Prankster|Reflect,LightScreen,MistyTerrain,DazzlingGleam|||F|||50|,,,,,Ghost]Ursaluna-Bloodmoon||AssaultVest|MindsEye|BloodMoon,HyperVoice,EarthPower,VacuumWave|||M|||50|,,,,,Water]Ninetales-Alola||ChoiceSpecs|SnowWarning|Moonblast,FreezeDry,IcyWind,Blizzard|||F|||50|,,,,,Ice
|inactive|Battle timer is ON: inactive players will automatically lose when time's up. (requested by huusjsj)
|inactive|huusjsj has 60 seconds left.
|
|t:|1754935096
|teamsize|p1|4
|teamsize|p2|4
|start
|switch|p1a: Indeedee|Indeedee, L50, M|100/100
|switch|p1b: Sneasler|Sneasler, L50, M|100/100
|switch|p2a: Klefki|Klefki, L50, F|100/100
|switch|p2b: Annihilape|Annihilape, L50, F, shiny|100/100
|-fieldstart|move: Psychic Terrain|[from] ability: Psychic Surge|[of] p1a: Indeedee
|-enditem|p1b: Sneasler|Psychic Seed
|-boost|p1b: Sneasler|spd|1|[from] item: Psychic Seed
|turn|1
|inactive|huusjsj has 30 seconds left.
|
|t:|1754935126
|move|p2a: Klefki|Light Screen|p2a: Klefki
|-sidestart|p2: huusjsj|move: Light Screen
|move|p1b: Sneasler|Close Combat|p2a: Klefki
|-damage|p2a: Klefki|20/100
|-unboost|p1b: Sneasler|def|1
|-unboost|p1b: Sneasler|spd|1
|move|p1a: Indeedee|Expanding Force|p2b: Annihilape|[spread] p2a,p2b
|-resisted|p2a: Klefki
|-supereffective|p2b: Annihilape
|-damage|p2a: Klefki|5/100
|-damage|p2b: Annihilape|35/100
|move|p2b: Annihilape|Drain Punch|p1a: Indeedee
|-damage|p1a: Indeedee|40/100
|-heal|p2b: Annihilape|54/100|[from] drain|[of] p1a: Indeedee
|
|-heal|p2b: Annihilape|61/100|[from] item: Leftovers
|upkeep
|turn|2
|
|t:|1754935143
|move|p2a: Klefki|Misty Terrain|p2a: Klefki
|-fieldstart|move: Misty Terrain
|move|p1b: Sneasler|Dire Claw|p2b: Annihilape
|-resisted|p2b: Annihilape
|-damage|p2b: Annihilape|39/100
|move|p1a: Indeedee|Expanding Force|p2a: Klefki
|-resisted|p2a: Klefki
|-damage|p2a: Klefki|0 fnt
|faint|p2a: Klefki
|move|p2b: Annihilape|Drain Punch|p1a: Indeedee
|-damage|p1a: Indeedee|0 fnt
|-heal|p2b: Annihilape|52/100|[from] drain|[of] p1a: Indeedee
|faint|p1a: Indeedee
|
|-heal|p2b: Annihilape|58/100|[from] item: Leftovers
|upkeep
|
|t:|1754935161
|switch|p1a: Dondozo|Dondozo, L50, F|100/100
|switch|p2a: Sinistcha|Sinistcha, L50|100/100
|-heal|p2b: Annihilape|83/100|[from] ability: Hospitality|[of] p2a: Sinistcha
|turn|3
|inactive|Notaplaceofhonor has 30 seconds left.
|inactive|Notaplaceofhonor has 20 seconds left.
|inactive|Notaplaceofhonor has 15 seconds left.
|inactive|Notaplaceofhonor has 10 seconds left.
|inactive|Notaplaceofhonor has 5 seconds left.
|
|t:|1754935213
|move|p1b: Sneasler|Protect|p1b: Sneasler
|-singleturn|p1b: Sneasler|Protect
|move|p1a: Dondozo|Protect|p1a: Dondozo
|-singleturn|p1a: Dondozo|Protect
|move|p2b: Annihilape|Rage Fist|p1b: Sneasler
|-activate|p1b: Sneasler|move: Protect
|move|p2a: Sinistcha|Trick Room|p2a: Sinistcha
|-fieldstart|move: Trick Room|[of] p2a: Sinistcha
|
|-heal|p2b: Annihilape|89/100|[from] item: Leftovers
|upkeep
|turn|4
|
|t:|1754935236
|-terastallize|p1a: Dondozo|Grass
|move|p2a: Sinistcha|Matcha Gotcha|p1a: Dondozo|[spread] p1a
|-miss|p2a: Sinistcha|p1b: Sneasler
|-resisted|p1a: Dondozo
|-damage|p1a: Dondozo|89/100
|move|p1a: Dondozo|Wave Crash|p2b: Annihilape
|-damage|p2b: Annihilape|44/100
|-damage|p1a: Dondozo|75/100|[from] Recoil
|move|p2b: Annihilape|Rage Fist|p1a: Dondozo
|-damage|p1a: Dondozo|23/100
|move|p1b: Sneasler|Dire Claw|p2a: Sinistcha
|-crit|p2a: Sinistcha
|-damage|p2a: Sinistcha|46/100
|-enditem|p2a: Sinistcha|Sitrus Berry|[eat]
|-heal|p2a: Sinistcha|71/100|[from] item: Sitrus Berry
|
|-heal|p1a: Dondozo|29/100|[from] item: Leftovers
|-heal|p2b: Annihilape|50/100|[from] item: Leftovers
|upkeep
|turn|5
|inactive|Notaplaceofhonor has 30 seconds left.
|
|t:|1754935265
|move|p1a: Dondozo|Protect|p1a: Dondozo
|-singleturn|p1a: Dondozo|Protect
|move|p2a: Sinistcha|Life Dew|p2a: Sinistcha|[spread] p2a,p2b
|-heal|p2a: Sinistcha|96/100
|-heal|p2b: Annihilape|75/100
|move|p2b: Annihilape|Rage Fist|p1a: Dondozo
|-activate|p1a: Dondozo|move: Protect
|move|p1b: Sneasler|Dire Claw|p2a: Sinistcha
|-damage|p2a: Sinistcha|62/100
|
|-heal|p1a: Dondozo|35/100|[from] item: Leftovers
|-heal|p2b: Annihilape|82/100|[from] item: Leftovers
|upkeep
|turn|6
|
|t:|1754935283
|switch|p1b: Tatsugiri|Tatsugiri, L50, M|100/100
|-activate|p1b: Tatsugiri|ability: Commander|[of] p1a: Dondozo
|-boost|p1a: Dondozo|atk|2
|-boost|p1a: Dondozo|spa|2
|-boost|p1a: Dondozo|spe|2
|-boost|p1a: Dondozo|def|2
|-boost|p1a: Dondozo|spd|2
|move|p2a: Sinistcha|Life Dew|p2a: Sinistcha|[spread] p2a,p2b
|-heal|p2a: Sinistcha|88/100
|-heal|p2b: Annihilape|100/100
|move|p2b: Annihilape|Rage Fist|p1a: Dondozo
|-damage|p1a: Dondozo|9/100
|move|p1a: Dondozo|Wave Crash|p2b: Annihilape
|-damage|p2b: Annihilape|8/100
|-damage|p1a: Dondozo|0 fnt|[from] Recoil
|faint|p1a: Dondozo
|
|-heal|p2b: Annihilape|14/100|[from] item: Leftovers
|-fieldend|Misty Terrain
|upkeep
|
|t:|1754935300
|switch|p1a: Sneasler|Sneasler, L50, M|100/100
|turn|7
|
|t:|1754935309
|move|p2a: Sinistcha|Rage Powder|p2a: Sinistcha
|-singleturn|p2a: Sinistcha|move: Rage Powder
|move|p2b: Annihilape|Rage Fist|p1b: Tatsugiri
|-damage|p1b: Tatsugiri|0 fnt
|faint|p1b: Tatsugiri
|move|p1a: Sneasler|Dire Claw|p2a: Sinistcha
|-damage|p2a: Sinistcha|50/100
|-status|p2a: Sinistcha|par
|
|-heal|p2b: Annihilape|20/100|[from] item: Leftovers
|-fieldend|move: Trick Room
|upkeep
|turn|8
|
|t:|1754935321
|move|p2a: Sinistcha|Rage Powder|p2a: Sinistcha
|-singleturn|p2a: Sinistcha|move: Rage Powder
|move|p1a: Sneasler|Dire Claw|p2a: Sinistcha
|-damage|p2a: Sinistcha|11/100 par
|move|p2b: Annihilape|Rage Fist|p1a: Sneasler
|-damage|p1a: Sneasler|0 fnt
|faint|p1a: Sneasler
|
|win|huusjsj
|raw|Notaplaceofhonor's rating: 1232 → 1220(-12 for losing)
|raw|huusjsj's rating: 1440 → 1449(+9 for winning)
