|j|☆Pelosis
|j|☆zhz2021
|html|Pelosiszhz2021    
|uhtml|bestof|Game 2 of a best-of-3
|t:|1784130147
|gametype|doubles
|player|p1|Pelosis|101|1125
|player|p2|zhz2021|265|1209
|gen|9
|tier|[Gen 9 Champions] VGC 2026 Reg M-B (Bo3)
|rated|
|rule|Species Clause: Limit one of each Pokémon
|rule|Item Clause: Limit 1 of each item
|clearpoke
|poke|p1|Staraptor, L50, M|
|poke|p1|Grimmsnarl, L50, M|
|poke|p1|Sinistcha-Masterpiece, L50|
|poke|p1|Sylveon, L50, F|
|poke|p1|Garchomp, L50, F|
|poke|p1|Ditto, L50, shiny|
|poke|p2|Orthworm, L50, M|
|poke|p2|Basculegion, L50, M|
|poke|p2|Incineroar, L50, F|
|poke|p2|Garchomp, L50, F|
|poke|p2|Tyranitar, L50, M|
|poke|p2|Sinistcha-Masterpiece, L50|
|teampreview|4
|showteam|p1|Staraptor||Staraptite|Intimidate|Protect,Roost,CloseCombat,BraveBird|Jolly||M|||50|]Grimmsnarl||LightClay|Prankster|PartingShot,Reflect,LightScreen,FakeOut|Careful||M|||50|]Sinistcha-Masterpiece||KasibBerry|Hospitality|RagePowder,MatchaGotcha,ShadowBall,TrickRoom|Bold|||||50|]Sylveon||FairyFeather|Pixilate|Protect,CalmMind,DrainingKiss,HyperVoice|Modest||F|||50|]Garchomp||ChoiceScarf|RoughSkin|RockSlide,Earthquake,DragonClaw,PoisonJab|Adamant||F|||50|]Ditto||SitrusBerry|Imposter|Transform|Timid|||||50|
|showteam|p2|Orthworm||SitrusBerry|EarthEater|ShedTail,HelpingHand,Protect,BodyPress|Relaxed||M|||50|]Basculegion||ChoiceScarf|Adaptability|WaveCrash,LastRespects,FlipTurn,AquaJet|Jolly||M|||50|]Incineroar||ChopleBerry|Intimidate|FakeOut,PartingShot,FlareBlitz,DarkestLariat|Sassy||F|||50|]Garchomp||LifeOrb|SandVeil|Protect,RockSlide,Earthquake,StompingTantrum|Jolly||F|||50|]Tyranitar||Tyranitarite|SandStream|RockSlide,DragonDance,KnockOff,Protect|Adamant||M|||50|]Sinistcha-Masterpiece||OccaBerry|Hospitality|RagePowder,MatchaGotcha,Protect,ShadowBall|Bold|||||50|
|inactive|Battle timer is ON: inactive players will automatically lose when time's up. (requested by Pelosis)
|inactive|Pelosis has 60 seconds left.
|
|t:|1784130197
|teamsize|p1|4
|teamsize|p2|4
|start
|switch|p1a: Grimmsnarl|Grimmsnarl, L50, M|100/100
|switch|p1b: Sylveon|Sylveon, L50, F|100/100
|switch|p2a: Tyranitar|Tyranitar, L50, M|100/100
|switch|p2b: Orthworm|Orthworm, L50, M|100/100
|-weather|Sandstorm|[from] ability: Sand Stream|[of] p2a: Tyranitar
|turn|1
|
|t:|1784130218
|detailschange|p2a: Tyranitar|Tyranitar-Mega, L50, M
|-mega|p2a: Tyranitar|Tyranitar|Tyranitarite
|move|p1a: Grimmsnarl|Fake Out|p2b: Orthworm
|-resisted|p2b: Orthworm|1
|-damage|p2b: Orthworm|96/100
|move|p2a: Tyranitar|Dragon Dance|p2a: Tyranitar
|-boost|p2a: Tyranitar|atk|1
|-boost|p2a: Tyranitar|spe|1
|move|p1b: Sylveon|Calm Mind|p1b: Sylveon
|-boost|p1b: Sylveon|spa|1
|-boost|p1b: Sylveon|spd|1
|cant|p2b: Orthworm|flinch
|
|-weather|Sandstorm|[upkeep]
|-damage|p1b: Sylveon|93/100|[from] Sandstorm
|-damage|p1a: Grimmsnarl|94/100|[from] Sandstorm
|upkeep
|turn|2
|inactive|Pelosis has 30 seconds left.
|
|t:|1784130247
|move|p2b: Orthworm|Helping Hand|p2a: Tyranitar
|-singleturn|p2a: Tyranitar|Helping Hand|[of] p2b: Orthworm
|move|p1a: Grimmsnarl|Reflect|p1a: Grimmsnarl
|-sidestart|p1: Pelosis|Reflect
|move|p2a: Tyranitar|Rock Slide|p1b: Sylveon|[spread] 
|-miss|p2a: Tyranitar|p1a: Grimmsnarl
|-miss|p2a: Tyranitar|p1b: Sylveon
|move|p1b: Sylveon|Hyper Voice|p2b: Orthworm|[spread] p2a,p2b
|-supereffective|p2a: Tyranitar|1
|-resisted|p2b: Orthworm|1
|-damage|p2a: Tyranitar|29/100
|-damage|p2b: Orthworm|52/100
|
|-weather|Sandstorm|[upkeep]
|-damage|p1b: Sylveon|87/100|[from] Sandstorm
|-damage|p1a: Grimmsnarl|88/100|[from] Sandstorm
|upkeep
|turn|3
|c|☆Pelosis|ups
|inactive|Pelosis has 30 seconds left.
|
|t:|1784130279
|switch|p1b: Staraptor|Staraptor, L50, M|100/100
|-ability|p1b: Staraptor|Intimidate|boost
|-unboost|p2a: Tyranitar|atk|1
|-unboost|p2b: Orthworm|atk|1
|move|p2b: Orthworm|Helping Hand|p2a: Tyranitar
|-singleturn|p2a: Tyranitar|Helping Hand|[of] p2b: Orthworm
|move|p1a: Grimmsnarl|Parting Shot|p2a: Tyranitar
|-hint|Since gen 7, Dark is immune to Prankster moves.
|-immune|p2a: Tyranitar
|move|p2a: Tyranitar|Rock Slide|p1b: Staraptor|[spread] p1a,p1b
|-supereffective|p1b: Staraptor|1
|-damage|p1a: Grimmsnarl|54/100
|-damage|p1b: Staraptor|24/100
|
|-weather|Sandstorm|[upkeep]
|-damage|p1b: Staraptor|18/100|[from] Sandstorm
|-damage|p1a: Grimmsnarl|49/100|[from] Sandstorm
|upkeep
|turn|4
|c|☆Pelosis|fail
|inactive|Pelosis has 30 seconds left.
|
|t:|1784130309
|switch|p1b: Sinistcha|Sinistcha-Masterpiece, L50|100/100
|-heal|p1a: Grimmsnarl|73/100|[from] ability: Hospitality|[of] p1b: Sinistcha
|move|p1a: Grimmsnarl|Parting Shot|p2b: Orthworm
|-unboost|p2b: Orthworm|atk|1
|-unboost|p2b: Orthworm|spa|1
|
|t:|1784130316
|switch|p1a: Sylveon|Sylveon, L50, F|87/100|[from] Parting Shot
|move|p2a: Tyranitar|Rock Slide|p1a: Sylveon|[spread] p1a,p1b
|-damage|p1a: Sylveon|61/100
|-damage|p1b: Sinistcha|80/100
|move|p2b: Orthworm|Body Press|p1b: Sinistcha
|-immune|p1b: Sinistcha
|
|-weather|Sandstorm|[upkeep]
|-damage|p1b: Sinistcha|74/100|[from] Sandstorm
|-damage|p1a: Sylveon|55/100|[from] Sandstorm
|upkeep
|turn|5
|
|t:|1784130333
|move|p2b: Orthworm|Protect|p2b: Orthworm
|-singleturn|p2b: Orthworm|Protect
|move|p1b: Sinistcha|Rage Powder|p1b: Sinistcha
|-singleturn|p1b: Sinistcha|move: Rage Powder
|move|p2a: Tyranitar|Knock Off|p1b: Sinistcha
|-supereffective|p1b: Sinistcha|1
|-damage|p1b: Sinistcha|15/100
|-enditem|p1b: Sinistcha|Kasib Berry|[from] move: Knock Off|[of] p2a: Tyranitar
|move|p1a: Sylveon|Draining Kiss|p2a: Tyranitar
|-supereffective|p2a: Tyranitar|1
|-damage|p2a: Tyranitar|1/100
|-heal|p1a: Sylveon|80/100|[from] drain|[of] p2a: Tyranitar
|
|-weather|none
|upkeep
|turn|6
|
|t:|1784130353
|switch|p1b: Grimmsnarl|Grimmsnarl, L50, M|73/100
|move|p2b: Orthworm|Helping Hand|p2a: Tyranitar
|-singleturn|p2a: Tyranitar|Helping Hand|[of] p2b: Orthworm
|move|p2a: Tyranitar|Rock Slide|p1b: Grimmsnarl|[spread] p1a,p1b
|-damage|p1a: Sylveon|43/100
|-damage|p1b: Grimmsnarl|42/100
|cant|p1a: Sylveon|flinch
|
|upkeep
|turn|7
|
|t:|1784130373
|move|p2a: Tyranitar|Protect|p2a: Tyranitar
|-singleturn|p2a: Tyranitar|Protect
|move|p2b: Orthworm|Protect|p2b: Orthworm
|-singleturn|p2b: Orthworm|Protect
|move|p1b: Grimmsnarl|Fake Out|p2a: Tyranitar
|-activate|p2a: Tyranitar|move: Protect
|move|p1a: Sylveon|Calm Mind|p1a: Sylveon
|-boost|p1a: Sylveon|spa|1
|-boost|p1a: Sylveon|spd|1
|
|upkeep
|turn|8
|
|t:|1784130389
|switch|p1b: Sinistcha|Sinistcha-Masterpiece, L50|15/100
|-heal|p1a: Sylveon|68/100|[from] ability: Hospitality|[of] p1b: Sinistcha
|move|p2b: Orthworm|Helping Hand|p2a: Tyranitar
|-singleturn|p2a: Tyranitar|Helping Hand|[of] p2b: Orthworm
|move|p2a: Tyranitar|Rock Slide|p1a: Sylveon|[spread] p1a,p1b
|-damage|p1a: Sylveon|35/100
|-damage|p1b: Sinistcha|0 fnt
|faint|p1b: Sinistcha
|move|p1a: Sylveon|Hyper Voice|p2a: Tyranitar|[spread] p2a,p2b
|-supereffective|p2a: Tyranitar|1
|-resisted|p2b: Orthworm|1
|-damage|p2a: Tyranitar|0 fnt
|-damage|p2b: Orthworm|7/100
|-enditem|p2b: Orthworm|Sitrus Berry|[eat]
|-heal|p2b: Orthworm|32/100|[from] item: Sitrus Berry
|faint|p2a: Tyranitar
|
|upkeep
|
|t:|1784130409
|switch|p2a: Garchomp|Garchomp, L50, F|100/100
|switch|p1b: Grimmsnarl|Grimmsnarl, L50, M|42/100
|turn|9
|inactive|Pelosis has 30 seconds left.
|
|t:|1784130438
|switch|p1b: Staraptor|Staraptor, L50, M|18/100
|-ability|p1b: Staraptor|Intimidate|boost
|-unboost|p2a: Garchomp|atk|1
|-unboost|p2b: Orthworm|atk|1
|move|p2b: Orthworm|Helping Hand|p2a: Garchomp
|-singleturn|p2a: Garchomp|Helping Hand|[of] p2b: Orthworm
|move|p2a: Garchomp|Earthquake|p1a: Sylveon|[spread] p1a
|-heal|p2b: Orthworm|57/100|[from] ability: Earth Eater|[of] p2a: Garchomp
|-immune|p1b: Staraptor
|-damage|p1a: Sylveon|0 fnt
|faint|p1a: Sylveon
|-damage|p2a: Garchomp|90/100|[from] item: Life Orb
|
|-sideend|p1: Pelosis|Reflect
|upkeep
|
|t:|1784130452
|switch|p1a: Grimmsnarl|Grimmsnarl, L50, M|42/100
|turn|10
|
|t:|1784130468
|detailschange|p1b: Staraptor|Staraptor-Mega, L50, M
|-mega|p1b: Staraptor|Staraptor|Staraptite
|move|p1a: Grimmsnarl|Fake Out|p2a: Garchomp
|-damage|p2a: Garchomp|80/100
|move|p1b: Staraptor|Roost|p1b: Staraptor
|-heal|p1b: Staraptor|68/100
|-singleturn|p1b: Staraptor|move: Roost
|cant|p2a: Garchomp|flinch
|move|p2b: Orthworm|Body Press|p1b: Staraptor
|-damage|p1b: Staraptor|40/100
|
|upkeep
|turn|11
|
|t:|1784130481
|move|p2b: Orthworm|Helping Hand|p2a: Garchomp
|-singleturn|p2a: Garchomp|Helping Hand|[of] p2b: Orthworm
|move|p1a: Grimmsnarl|Parting Shot|p2a: Garchomp
|-unboost|p2a: Garchomp|atk|1
|-unboost|p2a: Garchomp|spa|1
|move|p1b: Staraptor|Roost|p1b: Staraptor
|-heal|p1b: Staraptor|90/100
|-singleturn|p1b: Staraptor|move: Roost
|move|p2a: Garchomp|Rock Slide|p1b: Staraptor|[spread] p1a,p1b
|-resisted|p1b: Staraptor|1
|-damage|p1a: Grimmsnarl|21/100
|-damage|p1b: Staraptor|81/100
|-damage|p2a: Garchomp|70/100|[from] item: Life Orb
|
|upkeep
|turn|12
|
|t:|1784130497
|move|p1a: Grimmsnarl|Reflect|p1a: Grimmsnarl
|-sidestart|p1: Pelosis|Reflect
|move|p1b: Staraptor|Close Combat|p2b: Orthworm
|-supereffective|p2b: Orthworm|1
|-damage|p2b: Orthworm|0 fnt
|-boost|p1b: Staraptor|def|1
|-boost|p1b: Staraptor|spd|1
|faint|p2b: Orthworm
|move|p2a: Garchomp|Stomping Tantrum|p1a: Grimmsnarl
|-damage|p1a: Grimmsnarl|3/100
|-damage|p2a: Garchomp|60/100|[from] item: Life Orb
|
|upkeep
|
|t:|1784130502
|switch|p2b: Basculegion|Basculegion, L50, M|100/100
|turn|13
|
|t:|1784130527
|move|p1b: Staraptor|Protect|p1b: Staraptor
|-singleturn|p1b: Staraptor|Protect
|move|p1a: Grimmsnarl|Parting Shot|p2b: Basculegion
|-unboost|p2b: Basculegion|atk|1
|-unboost|p2b: Basculegion|spa|1
|move|p2b: Basculegion|Last Respects|p1a: Grimmsnarl
|-resisted|p1a: Grimmsnarl|1
|-damage|p1a: Grimmsnarl|0 fnt
|faint|p1a: Grimmsnarl
|move|p2a: Garchomp|Rock Slide|p1b: Staraptor
|-activate|p1b: Staraptor|move: Protect
|
|upkeep
|turn|14
|
|t:|1784130546
|move|p2b: Basculegion|Last Respects|p1b: Staraptor
|-damage|p1b: Staraptor|55/100
|move|p1b: Staraptor|Close Combat|p2a: Garchomp
|-damage|p2a: Garchomp|0 fnt
|-boost|p1b: Staraptor|def|1
|-boost|p1b: Staraptor|spd|1
|faint|p2a: Garchomp
|
|upkeep
|turn|15
|
|t:|1784130554
|move|p2b: Basculegion|Last Respects|p1b: Staraptor
|-damage|p1b: Staraptor|29/100
|move|p1b: Staraptor|Roost|p1b: Staraptor
|-heal|p1b: Staraptor|79/100
|-singleturn|p1b: Staraptor|move: Roost
|
|upkeep
|turn|16
|c|☆Pelosis|gg
|
|t:|1784130562
|move|p2b: Basculegion|Last Respects|p1b: Staraptor
|-damage|p1b: Staraptor|52/100
|move|p1b: Staraptor|Roost|p1b: Staraptor
|-heal|p1b: Staraptor|100/100
|-singleturn|p1b: Staraptor|move: Roost
|
|upkeep
|turn|17
|
|t:|1784130571
|move|p2b: Basculegion|Last Respects|p1b: Staraptor
|-damage|p1b: Staraptor|75/100
|move|p1b: Staraptor|Brave Bird|p2b: Basculegion
|-damage|p2b: Basculegion|26/100
|-damage|p1b: Staraptor|49/100|[from] Recoil
|
|upkeep
|turn|18
|
|t:|1784130578
|move|p2b: Basculegion|Last Respects|p1b: Staraptor
|-damage|p1b: Staraptor|26/100
|move|p1b: Staraptor|Roost|p1b: Staraptor
|-heal|p1b: Staraptor|76/100
|-singleturn|p1b: Staraptor|move: Roost
|
|upkeep
|turn|19
|
|t:|1784130587
|move|p2b: Basculegion|Last Respects|p1b: Staraptor
|-damage|p1b: Staraptor|51/100
|move|p1b: Staraptor|Roost|p1b: Staraptor
|-heal|p1b: Staraptor|100/100
|-singleturn|p1b: Staraptor|move: Roost
|
|-sideend|p1: Pelosis|Reflect
|upkeep
|turn|20
|
|t:|1784130596
|move|p2b: Basculegion|Last Respects|p1b: Staraptor
|-damage|p1b: Staraptor|60/100
|move|p1b: Staraptor|Brave Bird|p2b: Basculegion
|-damage|p2b: Basculegion|0 fnt
|faint|p2b: Basculegion
|-damage|p1b: Staraptor|51/100|[from] Recoil
|
|win|Pelosis
|raw|Pelosis's rating: 1125 → 1154(+29 for winning)
|raw|zhz2021's rating: 1186 → 1157(-29 for losing)
|l|☆zhz2021
|player|p2|
