|j|☆Squashies1234
|j|☆Get flinched on
|html|Squashies1234Get flinched on    
|uhtml|bestof|Game 1 of a best-of-3
|t:|1782558421
|gametype|doubles
|player|p1|Squashies1234|169|1040
|player|p2|Get flinched on|clown|1146
|gen|9
|tier|[Gen 9 Champions] VGC 2026 Reg M-B (Bo3)
|rated|
|rule|Species Clause: Limit one of each Pokémon
|rule|Item Clause: Limit 1 of each item
|clearpoke
|poke|p1|Blaziken, L50, F|
|poke|p1|Morpeko, L50, F|
|poke|p1|Sinistcha-Masterpiece, L50|
|poke|p1|Drampa, L50, F|
|poke|p1|Gholdengo, L50|
|poke|p1|Clawitzer, L50, F|
|poke|p2|Whimsicott, L50, F|
|poke|p2|Glimmora, L50, F|
|poke|p2|Charizard, L50, F|
|poke|p2|Garchomp, L50, M|
|poke|p2|Kingambit, L50, M|
|poke|p2|Basculegion, L50, M|
|teampreview|4
|showteam|p1|Blaziken||Blazikenite|SpeedBoost|CloseCombat,FlareBlitz,ThunderPunch,Protect|Adamant||F|||50|]Morpeko||FocusSash|HungerSwitch|FakeOut,PartingShot,AuraWheel,SeedBomb|Jolly||F|||50|]Sinistcha-Masterpiece||SitrusBerry|Hospitality|RagePowder,TrickRoom,MatchaGotcha,StrengthSap|Relaxed|||||50|]Drampa||Drampanite|CloudNine|DracoMeteor,HyperVoice,EarthPower,Protect|Quiet||F|||50|]Gholdengo||ChoiceScarf|GoodasGold|DazzlingGleam,MakeItRain,ShadowBall,Thunderbolt|Modest|||||50|]Clawitzer||LifeOrb|MegaLauncher|AuraSphere,DarkPulse,SludgeBomb,WaterPulse|Quiet||F|||50|
|showteam|p2|Whimsicott||FairyFeather|Prankster|Moonblast,Tailwind,Encore,Protect|Timid||F|||50|]Glimmora||FocusSash|ToxicDebris|PowerGem,SludgeBomb,EarthPower,SpikyShield|Timid||F|||50|]Charizard||CharizarditeY|SolarPower|HeatWave,WeatherBall,SolarBeam,Protect|Modest||F|||50|]Garchomp||SitrusBerry|RoughSkin|Earthquake,DragonClaw,PoisonJab,Protect|Adamant||M|||50|]Kingambit||ChopleBerry|Defiant|KowtowCleave,IronHead,SuckerPunch,LowKick|Adamant||M|||50|]Basculegion||MysticWater|Adaptability|WaveCrash,LastRespects,AquaJet,Protect|Adamant||M|||50|
|inactive|Battle timer is ON: inactive players will automatically lose when time's up. (requested by Get flinched on)
|
|t:|1782558450
|teamsize|p1|4
|teamsize|p2|4
|start
|switch|p1a: Morpeko|Morpeko, L50, F|100/100
|switch|p1b: Sinistcha|Sinistcha-Masterpiece, L50|100/100
|switch|p2a: Whimsicott|Whimsicott, L50, F|100/100
|switch|p2b: Charizard|Charizard, L50, F|100/100
|turn|1
|
|t:|1782558466
|switch|p2b: Garchomp|Garchomp, L50, M|100/100
|move|p1a: Morpeko|Fake Out|p2b: Garchomp
|-damage|p2b: Garchomp|90/100
|-damage|p1a: Morpeko|88/100|[from] ability: Rough Skin|[of] p2b: Garchomp
|move|p2a: Whimsicott|Moonblast|p1a: Morpeko
|-supereffective|p1a: Morpeko|1
|-damage|p1a: Morpeko|0 fnt
|faint|p1a: Morpeko
|move|p1b: Sinistcha|Trick Room|p1b: Sinistcha
|-fieldstart|move: Trick Room|[of] p1b: Sinistcha
|
|upkeep
|inactive|Squashies1234 has 30 seconds left.
|
|t:|1782558492
|switch|p1a: Drampa|Drampa, L50, F|100/100
|-ability|p1a: Drampa|Cloud Nine
|turn|2
|
|t:|1782558514
|switch|p1b: Clawitzer|Clawitzer, L50, F|100/100
|detailschange|p1a: Drampa|Drampa-Mega, L50, F
|-mega|p1a: Drampa|Drampa|Drampanite
|move|p2b: Garchomp|Protect|p2b: Garchomp
|-singleturn|p2b: Garchomp|Protect
|move|p2a: Whimsicott|Encore||[still]
|-fail|p2a: Whimsicott
|move|p1a: Drampa|Draco Meteor|p2b: Garchomp
|-activate|p2b: Garchomp|move: Protect
|
|upkeep
|turn|3
|
|t:|1782558524
|switch|p2b: Kingambit|Kingambit, L50, M|100/100
|move|p2a: Whimsicott|Encore|p1a: Drampa
|-start|p1a: Drampa|Encore
|move|p1a: Drampa|Draco Meteor|p2b: Kingambit
|-resisted|p2b: Kingambit|1
|-damage|p2b: Kingambit|55/100
|-unboost|p1a: Drampa|spa|2
|move|p1b: Clawitzer|Sludge Bomb|p2a: Whimsicott
|-supereffective|p2a: Whimsicott|2
|-crit|p2a: Whimsicott
|-damage|p2a: Whimsicott|0 fnt
|faint|p2a: Whimsicott
|-damage|p1b: Clawitzer|90/100|[from] item: Life Orb
|
|upkeep
|
|t:|1782558538
|switch|p2a: Garchomp|Garchomp, L50, M|90/100
|turn|4
|
|t:|1782558544
|switch|p1a: Sinistcha|Sinistcha-Masterpiece, L50|100/100
|-heal|p1b: Clawitzer|100/100|[from] ability: Hospitality|[of] p1a: Sinistcha
|move|p1b: Clawitzer|Aura Sphere|p2b: Kingambit
|-supereffective|p2b: Kingambit|2
|-enditem|p2b: Kingambit|Chople Berry|[eat]
|-enditem|p2b: Kingambit|Chople Berry|[weaken]
|-damage|p2b: Kingambit|0 fnt
|faint|p2b: Kingambit
|-damage|p1b: Clawitzer|90/100|[from] item: Life Orb
|move|p2a: Garchomp|Dragon Claw|p1a: Sinistcha
|-damage|p1a: Sinistcha|70/100
|
|upkeep
|
|t:|1782558547
|switch|p2b: Charizard|Charizard, L50, F|100/100
|turn|5
|inactive|Squashies1234 has 30 seconds left.
|inactive|Squashies1234 has 20 seconds left.
|
|t:|1782558587
|move|p2b: Charizard|Protect|p2b: Charizard
|-singleturn|p2b: Charizard|Protect
|move|p2a: Garchomp|Protect|p2a: Garchomp
|-singleturn|p2a: Garchomp|Protect
|move|p1b: Clawitzer|Dark Pulse|p2a: Garchomp
|-activate|p2a: Garchomp|move: Protect
|move|p1a: Sinistcha|Strength Sap|p2a: Garchomp
|-activate|p2a: Garchomp|move: Protect
|
|-fieldend|move: Trick Room
|upkeep
|turn|6
|
|t:|1782558599
|detailschange|p2b: Charizard|Charizard-Mega-Y, L50, F
|-mega|p2b: Charizard|Charizard|Charizardite Y
|-weather|SunnyDay|[from] ability: Drought|[of] p2b: Charizard
|move|p2a: Garchomp|Dragon Claw|p1b: Clawitzer
|-damage|p1b: Clawitzer|38/100
|move|p2b: Charizard|Heat Wave|p1a: Sinistcha|[spread] p1a
|-miss|p2b: Charizard|p1b: Clawitzer
|-supereffective|p1a: Sinistcha|1
|-damage|p1a: Sinistcha|0 fnt
|faint|p1a: Sinistcha
|move|p1b: Clawitzer|Dark Pulse|p2a: Garchomp
|-damage|p2a: Garchomp|37/100
|-enditem|p2a: Garchomp|Sitrus Berry|[eat]
|-heal|p2a: Garchomp|62/100|[from] item: Sitrus Berry
|-damage|p1b: Clawitzer|28/100|[from] item: Life Orb
|
|-weather|SunnyDay|[upkeep]
|upkeep
|
|t:|1782558611
|switch|p1a: Drampa|Drampa-Mega, L50, F|100/100
|turn|7
|
|t:|1782558617
|move|p2a: Garchomp|Dragon Claw|p1a: Drampa
|-supereffective|p1a: Drampa|1
|-damage|p1a: Drampa|25/100
|-ability|p1a: Drampa|Berserk|boost
|-boost|p1a: Drampa|spa|1
|move|p2b: Charizard|Heat Wave|p1a: Drampa|[spread] p1a,p1b
|-resisted|p1a: Drampa|1
|-resisted|p1b: Clawitzer|1
|-damage|p1a: Drampa|0 fnt
|-damage|p1b: Clawitzer|0 fnt
|faint|p1a: Drampa
|faint|p1b: Clawitzer
|
|win|Get flinched on
