|j|☆HenriqueZVGC
|j|☆PonchoTheCat
|html|HenriqueZVGCPonchoTheCat    
|uhtml|bestof|Game 1 of a best-of-3
|t:|1784587814
|gametype|doubles
|player|p1|HenriqueZVGC|steven|1140
|player|p2|PonchoTheCat|169|1051
|gen|9
|tier|[Gen 9 Champions] VGC 2026 Reg M-B (Bo3)
|rated|
|rule|Species Clause: Limit one of each Pokémon
|rule|Item Clause: Limit 1 of each item
|clearpoke
|poke|p1|Malamar, L50, M|
|poke|p1|Maushold, L50|
|poke|p1|Mawile, L50, F|
|poke|p1|Sinistcha, L50|
|poke|p1|Whimsicott, L50, M|
|poke|p1|Incineroar, L50, M|
|poke|p2|Venusaur, L50, M|
|poke|p2|Toxapex, L50, M|
|poke|p2|Charizard, L50, F|
|poke|p2|Garchomp, L50, F|
|poke|p2|Incineroar, L50, F|
|poke|p2|Annihilape, L50, M|
|teampreview|4
|showteam|p1|Malamar||Malamarite|Contrary|Superpower,KnockOff,TrickRoom,Protect|Adamant||M|||50|]Maushold||WideLens|Technician|PopulationBomb,FollowMe,Feint,Protect|Jolly|||||50|]Mawile||Mawilite|HyperCutter|PlayRough,RockSlide,SuckerPunch,Protect|Brave||F|||50|]Sinistcha||ColburBerry|Hospitality|MatchaGotcha,LifeDew,RagePowder,Protect|Calm|||||50|]Whimsicott||FocusSash|Prankster|Moonblast,Tailwind,Charm,SunnyDay|Modest||M|||50|]Incineroar||LifeOrb|Intimidate|FlareBlitz,DarkestLariat,PartingShot,FakeOut|Brave||M|||50|
|showteam|p2|Venusaur||LifeOrb|Chlorophyll|EarthPower,Protect,SludgeBomb,SleepPowder|Serious||M|||50|]Toxapex||Leftovers|Regenerator|BanefulBunker,Toxic,Infestation,WideGuard|Serious||M|||50|]Charizard||CharizarditeY|Blaze|Protect,WeatherBall,HeatWave,SolarBeam|Timid||F|||50|]Garchomp||ChoiceScarf|RoughSkin|DragonClaw,RockSlide,Earthquake,StompingTantrum|Jolly||F|||50|]Incineroar||SitrusBerry|Blaze|FakeOut,PartingShot,FlareBlitz,ThroatChop|Serious||F|||50|]Annihilape||FocusSash|Defiant|Protect,CloseCombat,RageFist,RockTomb|Serious||M|||50|
|inactive|Battle timer is ON: inactive players will automatically lose when time's up. (requested by HenriqueZVGC)
|inactive|PonchoTheCat has 60 seconds left.
|
|t:|1784587851
|teamsize|p1|4
|teamsize|p2|4
|start
|switch|p1a: Maushold|Maushold, L50|100/100
|switch|p1b: Whimsicott|Whimsicott, L50, M|100/100
|switch|p2a: Charizard|Charizard, L50, F|100/100
|switch|p2b: Annihilape|Annihilape, L50, M|100/100
|turn|1
|
|t:|1784587873
|detailschange|p2a: Charizard|Charizard-Mega-Y, L50, F
|-mega|p2a: Charizard|Charizard|Charizardite Y
|-weather|SunnyDay|[from] ability: Drought|[of] p2a: Charizard
|move|p1b: Whimsicott|Tailwind|p1b: Whimsicott
|-sidestart|p1: HenriqueZVGC|move: Tailwind
|move|p1a: Maushold|Population Bomb|p2a: Charizard
|-damage|p2a: Charizard|82/100
|-damage|p2a: Charizard|66/100
|-damage|p2a: Charizard|50/100g
|-damage|p2a: Charizard|33/100
|-damage|p2a: Charizard|18/100
|-damage|p2a: Charizard|1/100
|-damage|p2a: Charizard|0 fnt
|faint|p2a: Charizard
|-hitcount|p2: Charizard|7
|move|p2b: Annihilape|Rock Tomb|p1b: Whimsicott
|-damage|p1b: Whimsicott|76/100
|-unboost|p1b: Whimsicott|spe|1
|
|-weather|SunnyDay|[upkeep]
|upkeep
|inactive|PonchoTheCat has 30 seconds left.
|inactive|PonchoTheCat has 20 seconds left.
|inactive|PonchoTheCat has 15 seconds left.
|inactive|PonchoTheCat has 10 seconds left.
|inactive|PonchoTheCat has 5 seconds left.
|
|t:|1784587925
|switch|p2a: Venusaur|Venusaur, L50, M|100/100
|turn|2
|inactive|HenriqueZVGC has 30 seconds left.
|
|t:|1784587956
|move|p1a: Maushold|Population Bomb|p2a: Venusaur
|-damage|p2a: Venusaur|85/100
|-damage|p2a: Venusaur|70/100
|-damage|p2a: Venusaur|54/100
|-crit|p2a: Venusaur
|-damage|p2a: Venusaur|31/100
|-damage|p2a: Venusaur|16/100
|-damage|p2a: Venusaur|2/100
|-damage|p2a: Venusaur|0 fnt
|faint|p2a: Venusaur
|-hitcount|p2: Venusaur|7
|move|p1b: Whimsicott|Moonblast|p2b: Annihilape
|-supereffective|p2b: Annihilape|1
|-damage|p2b: Annihilape|19/100
|move|p2b: Annihilape|Close Combat|p1a: Maushold
|-supereffective|p1a: Maushold|1
|-damage|p1a: Maushold|0 fnt
|-unboost|p2b: Annihilape|def|1
|-unboost|p2b: Annihilape|spd|1
|faint|p1a: Maushold
|
|-weather|SunnyDay|[upkeep]
|upkeep
|
|t:|1784587979
|switch|p1a: Mawile|Mawile, L50, F|100/100
|switch|p2a: Garchomp|Garchomp, L50, F|100/100
|turn|3
|
|t:|1784587996
|detailschange|p1a: Mawile|Mawile-Mega, L50, F
|-mega|p1a: Mawile|Mawile|Mawilite
|move|p2a: Garchomp|Stomping Tantrum|p1a: Mawile
|-supereffective|p1a: Mawile|1
|-damage|p1a: Mawile|29/100
|move|p1b: Whimsicott|Moonblast|p2b: Annihilape
|-supereffective|p2b: Annihilape|1
|-damage|p2b: Annihilape|0 fnt
|faint|p2b: Annihilape
|move|p1a: Mawile|Play Rough|p2a: Garchomp|[miss]
|-miss|p1a: Mawile|p2a: Garchomp
|
|-weather|SunnyDay|[upkeep]
|upkeep
|turn|4
|
|t:|1784588010
|move|p1a: Mawile|Protect|p1a: Mawile
|-singleturn|p1a: Mawile|Protect
|move|p2a: Garchomp|Stomping Tantrum|p1a: Mawile
|-activate|p1a: Mawile|move: Protect
|move|p1b: Whimsicott|Moonblast|p2a: Garchomp
|-supereffective|p2a: Garchomp|1
|-damage|p2a: Garchomp|17/100
|
|-weather|SunnyDay|[upkeep]
|-sideend|p1: HenriqueZVGC|move: Tailwind
|upkeep
|turn|5
|
|t:|1784588026
|switch|p1a: Malamar|Malamar, L50, M|100/100
|move|p2a: Garchomp|Stomping Tantrum|p1a: Malamar
|-damage|p1a: Malamar|62/100
|move|p1b: Whimsicott|Moonblast|p2a: Garchomp
|-supereffective|p2a: Garchomp|1
|-damage|p2a: Garchomp|0 fnt
|faint|p2a: Garchomp
|
|win|HenriqueZVGC
