|j|☆TheRainRainRain
|j|☆CrazyyBoi
|html|TheRainRainRainCrazyyBoi    
|uhtml|bestof|Game 3 of a best-of-3
|t:|1757239045
|gametype|doubles
|player|p1|TheRainRainRain|sailor|1275
|player|p2|CrazyyBoi|102|1217
|gen|9
|tier|[Gen 9] VGC 2025 Reg H (Bo3)
|rated|
|rule|Species Clause: Limit one of each Pokémon
|rule|Item Clause: Limit 1 of each item
|clearpoke
|poke|p1|Incineroar, L50, F|
|poke|p1|Ursaluna-Bloodmoon, L50, M|
|poke|p1|Gholdengo, L50|
|poke|p1|Rillaboom, L50, M|
|poke|p1|Dragonite, L50, M|
|poke|p1|Sneasler, L50, F|
|poke|p2|Maushold-Four, L50|
|poke|p2|Sableye, L50, F|
|poke|p2|Gothitelle, L50, F|
|poke|p2|Kommo-o, L50, F|
|poke|p2|Incineroar, L50, F|
|poke|p2|Primarina, L50, F|
|teampreview|4
|showteam|p1|Incineroar||SafetyGoggles|Intimidate|FlareBlitz,KnockOff,FakeOut,PartingShot|||F|||50|,,,,,Ghost]Ursaluna-Bloodmoon||Leftovers|MindsEye|BloodMoon,EarthPower,CalmMind,Protect|||M|||50|,,,,,Electric]Gholdengo||LifeOrb|GoodasGold|MakeItRain,ShadowBall,NastyPlot,Protect||||||50|,,,,,Water]Rillaboom||AssaultVest|GrassySurge|FakeOut,GrassyGlide,WoodHammer,HighHorsepower|||M|||50|,,,,,Fire]Dragonite||LoadedDice|Multiscale|Tailwind,ScaleShot,Protect,Haze|||M|||50|,,,,,Fairy]Sneasler||FocusSash|PoisonTouch|CloseCombat,DireClaw,Coaching,FakeOut|||F|||50|,,,,,Ghost
|showteam|p2|Maushold-Four||WideLens|Technician|Protect,PopulationBomb,Bite,FollowMe||||||50|,,,,,Poison]Sableye||FocusSash|Prankster|FakeOut,Quash,Disable,Encore|||F|||50|,,,,,Grass]Gothitelle||SitrusBerry|ShadowTag|FakeOut,Psychic,TrickRoom,Protect|||F|||50|,,,,,Steel]Kommo-o||ThroatSpray|Overcoat|ClangorousSoul,ClangingScales,Protect,AuraSphere|||F|||50|,,,,,Steel]Incineroar||SafetyGoggles|Intimidate|FakeOut,PartingShot,KnockOff,Taunt|||F|||50|,,,,,Ghost]Primarina||LifeOrb|LiquidVoice|HyperVoice,Moonblast,PerishSong,Protect|||F|||50|,,,,,Dragon
|inactive|Battle timer is ON: inactive players will automatically lose when time's up. (requested by CrazyyBoi)
|
|t:|1757239071
|teamsize|p1|4
|teamsize|p2|4
|start
|switch|p1a: Gholdengo|Gholdengo, L50|100/100
|switch|p1b: Sneasler|Sneasler, L50, F|100/100
|switch|p2a: Gothitelle|Gothitelle, L50, F|100/100
|switch|p2b: Maushold|Maushold-Four, L50|100/100
|turn|1
|inactive|CrazyyBoi has 30 seconds left.
|
|t:|1757239099
|switch|p2a: Incineroar|Incineroar, L50, F|100/100
|-ability|p2a: Incineroar|Intimidate|boost
|-unboost|p1a: Gholdengo|atk|1
|-unboost|p1b: Sneasler|atk|1
|-terastallize|p1a: Gholdengo|Water
|move|p1b: Sneasler|Fake Out|p2a: Incineroar
|-damage|p2a: Incineroar|92/100
|move|p2b: Maushold|Bite|p1a: Gholdengo
|-damage|p1a: Gholdengo|76/100
|move|p1a: Gholdengo|Nasty Plot|p1a: Gholdengo
|-boost|p1a: Gholdengo|spa|2
|
|upkeep
|turn|2
|inactive|TheRainRainRain has 30 seconds left.
|inactive|CrazyyBoi has 30 seconds left.
|
|t:|1757239135
|switch|p1b: Rillaboom|Rillaboom, L50, M|100/100
|-fieldstart|move: Grassy Terrain|[from] ability: Grassy Surge|[of] p1b: Rillaboom
|switch|p2a: Gothitelle|Gothitelle, L50, F|100/100
|move|p1a: Gholdengo|Protect|p1a: Gholdengo
|-singleturn|p1a: Gholdengo|Protect
|move|p2b: Maushold|Population Bomb|p1b: Rillaboom
|-damage|p1b: Rillaboom|91/100
|-damage|p1b: Rillaboom|82/100
|-damage|p1b: Rillaboom|71/100
|-damage|p1b: Rillaboom|60/100
|-damage|p1b: Rillaboom|49/100
|-damage|p1b: Rillaboom|40/100
|-damage|p1b: Rillaboom|29/100
|-damage|p1b: Rillaboom|20/100
|-damage|p1b: Rillaboom|9/100
|-damage|p1b: Rillaboom|0 fnt
|faint|p1b: Rillaboom
|-hitcount|p1: Rillaboom|10
|
|-heal|p1a: Gholdengo|82/100|[from] Grassy Terrain
|upkeep
|
|t:|1757239144
|switch|p1b: Sneasler|Sneasler, L50, F|100/100
|turn|3
|
|t:|1757239167
|switch|p2a: Incineroar|Incineroar, L50, F|92/100
|-ability|p2a: Incineroar|Intimidate|boost
|-unboost|p1a: Gholdengo|atk|1
|-unboost|p1b: Sneasler|atk|1
|move|p2b: Maushold|Protect|p2b: Maushold
|-singleturn|p2b: Maushold|Protect
|move|p1b: Sneasler|Close Combat|p2b: Maushold
|-activate|p2b: Maushold|move: Protect
|move|p1a: Gholdengo|Make It Rain|p2b: Maushold|[spread] p2a
|-activate|p2b: Maushold|move: Protect
|-resisted|p2a: Incineroar
|-damage|p2a: Incineroar|47/100
|-unboost|p1a: Gholdengo|spa|1
|-damage|p1a: Gholdengo|73/100|[from] item: Life Orb
|
|-heal|p1a: Gholdengo|79/100|[from] Grassy Terrain
|-heal|p2a: Incineroar|53/100|[from] Grassy Terrain
|upkeep
|turn|4
|inactive|TheRainRainRain has 30 seconds left.
|inactive|CrazyyBoi has 30 seconds left.
|inactive|TheRainRainRain has 20 seconds left.
|
|t:|1757239204
|move|p2a: Incineroar|Fake Out|p1b: Sneasler
|-damage|p1b: Sneasler|83/100
|cant|p1b: Sneasler|flinch
|move|p2b: Maushold|Population Bomb|p1b: Sneasler
|-damage|p1b: Sneasler|65/100
|-damage|p1b: Sneasler|48/100
|-damage|p1b: Sneasler|28/100
|-damage|p1b: Sneasler|9/100
|-damage|p1b: Sneasler|0 fnt
|faint|p1b: Sneasler
|-hitcount|p1: Sneasler|5
|move|p1a: Gholdengo|Make It Rain|p2a: Incineroar|[spread] p2a,p2b
|-resisted|p2a: Incineroar
|-damage|p2a: Incineroar|23/100
|-damage|p2b: Maushold|0 fnt
|-unboost|p1a: Gholdengo|spa|1
|faint|p2b: Maushold
|-damage|p1a: Gholdengo|69/100|[from] item: Life Orb
|
|-heal|p1a: Gholdengo|76/100|[from] Grassy Terrain
|-heal|p2a: Incineroar|29/100|[from] Grassy Terrain
|upkeep
|
|t:|1757239224
|switch|p1b: Ursaluna|Ursaluna-Bloodmoon, L50, M|100/100
|switch|p2b: Gothitelle|Gothitelle, L50, F|100/100
|turn|5
|inactive|CrazyyBoi has 30 seconds left.
|inactive|TheRainRainRain has 30 seconds left.
|inactive|CrazyyBoi has 20 seconds left.
|
|t:|1757239260
|switch|p2a: Primarina|Primarina, L50, F|100/100
|move|p1a: Gholdengo|Protect|p1a: Gholdengo
|-singleturn|p1a: Gholdengo|Protect
|move|p1b: Ursaluna|Calm Mind|p1b: Ursaluna
|-boost|p1b: Ursaluna|spa|1
|-boost|p1b: Ursaluna|spd|1
|move|p2b: Gothitelle|Trick Room|p2b: Gothitelle
|-fieldstart|move: Trick Room|[of] p2b: Gothitelle
|
|-heal|p1a: Gholdengo|82/100|[from] Grassy Terrain
|upkeep
|turn|6
|inactive|TheRainRainRain has 30 seconds left.
|inactive|CrazyyBoi has 30 seconds left.
|inactive|CrazyyBoi has 20 seconds left.
|inactive|CrazyyBoi has 15 seconds left.
|inactive|CrazyyBoi has 10 seconds left.
|
|t:|1757239307
|move|p2b: Gothitelle|Psychic|p1b: Ursaluna
|-damage|p1b: Ursaluna|83/100
|-unboost|p1b: Ursaluna|spd|1
|move|p2a: Primarina|Hyper Voice|p1a: Gholdengo|[spread] p1a,p1b
|-resisted|p1a: Gholdengo
|-supereffective|p1b: Ursaluna
|-damage|p1a: Gholdengo|55/100
|-damage|p1b: Ursaluna|0 fnt
|faint|p1b: Ursaluna
|-damage|p2a: Primarina|91/100|[from] item: Life Orb
|move|p1a: Gholdengo|Shadow Ball|p2b: Gothitelle
|-supereffective|p2b: Gothitelle
|-damage|p2b: Gothitelle|20/100
|-enditem|p2b: Gothitelle|Sitrus Berry|[eat]
|-heal|p2b: Gothitelle|45/100|[from] item: Sitrus Berry
|-damage|p1a: Gholdengo|45/100|[from] item: Life Orb
|
|-heal|p2b: Gothitelle|51/100|[from] Grassy Terrain
|-heal|p2a: Primarina|97/100|[from] Grassy Terrain
|-heal|p1a: Gholdengo|51/100|[from] Grassy Terrain
|-fieldend|move: Grassy Terrain
|upkeep
|turn|7
|
|t:|1757239323
|move|p2b: Gothitelle|Psychic|p1a: Gholdengo
|-damage|p1a: Gholdengo|22/100
|move|p2a: Primarina|Moonblast|p1a: Gholdengo
|-damage|p1a: Gholdengo|0 fnt
|faint|p1a: Gholdengo
|-damage|p2a: Primarina|87/100|[from] item: Life Orb
|
|win|CrazyyBoi
|raw|TheRainRainRain's rating: 1275 → 1246(-29 for losing)
|raw|CrazyyBoi's rating: 1217 → 1246(+29 for winning)
|l|☆CrazyyBoi
|player|p2|
