|j|☆Lacossg
|j|☆Realfrytki
|html|LacossgRealfrytki    
|uhtml|bestof|Game 3 of a best-of-3
|t:|1755073910
|gametype|doubles
|player|p1|Lacossg|265|1166
|player|p2|Realfrytki|veteranf|1404
|gen|9
|tier|[Gen 9] VGC 2025 Reg H (Bo3)
|rated|
|rule|Species Clause: Limit one of each Pokémon
|rule|Item Clause: Limit 1 of each item
|clearpoke
|poke|p1|Rabsca, L50, M|
|poke|p1|Pincurchin, L50, M|
|poke|p1|Azumarill, L50, M|
|poke|p1|Indeedee-F, L50, F|
|poke|p1|Torkoal, L50, F|
|poke|p1|Hatterene, L50, F|
|poke|p2|Volcarona, L50, M|
|poke|p2|Rillaboom, L50, M|
|poke|p2|Dragonite, L50, M|
|poke|p2|Kingambit, L50, M|
|poke|p2|Sneasler, L50, M|
|poke|p2|Gastrodon, L50, M|
|teampreview|4
|showteam|p1|Rabsca||FocusSash|Synchronize|TrickRoom,RevivalBlessing,Psychic,BugBuzz|||M|||50|,,,,,Ghost]Pincurchin||EjectButton|LightningRod|RainDance,Scald,Thunderbolt,Protect|||M|||50|,,,,,Bug]Azumarill||ChoiceBand|HugePower|AquaJet,Waterfall,PlayRough,IceSpinner|||M|||50|,,,,,Water]Indeedee-F||MentalHerb|PsychicSurge|TrickRoom,FollowMe,HelpingHand,Psychic|||F|||50|,,,,,Fairy]Torkoal||ChoiceSpecs|Drought|Eruption,WeatherBall,HeatWave,EarthPower|||F|||50|,,,,,Fire]Hatterene||LifeOrb|MagicBounce|ExpandingForce,DazzlingGleam,MysticalFire,TrickRoom|||F|||50|,,,,,Stellar
|showteam|p2|Volcarona||Leftovers|FlameBody|HeatWave,TeraBlast,QuiverDance,Protect|||M|||50|,,,,,Fairy]Rillaboom||MiracleSeed|GrassySurge|WoodHammer,GrassyGlide,FakeOut,Protect|||M|||50|,,,,,Fire]Dragonite||LoadedDice|Multiscale|ScaleShot,ExtremeSpeed,Haze,Protect|||M|||50|,,,,,Steel]Kingambit||AssaultVest|Defiant|KowtowCleave,SuckerPunch,IronHead,TeraBlast|||M|||50|,,,,,Flying]Sneasler||FocusSash|Unburden|CloseCombat,DireClaw,Coaching,FakeOut|||M|||50|,,,,,Stellar]Gastrodon||SitrusBerry|StormDrain|EarthPower,IceBeam,Yawn,Protect|||M|||50|,,,,,Poison
|
|t:|1755073931
|teamsize|p1|4
|teamsize|p2|4
|start
|switch|p1a: Indeedee|Indeedee-F, L50, F|100/100
|switch|p1b: Hatterene|Hatterene, L50, F|100/100
|switch|p2a: Sneasler|Sneasler, L50, M|100/100
|switch|p2b: Dragonite|Dragonite, L50, M|100/100
|-fieldstart|move: Psychic Terrain|[from] ability: Psychic Surge|[of] p1a: Indeedee
|turn|1
|
|t:|1755073949
|switch|p2a: Rillaboom|Rillaboom, L50, M|100/100
|-fieldstart|move: Grassy Terrain|[from] ability: Grassy Surge|[of] p2a: Rillaboom
|-terastallize|p1a: Indeedee|Fairy
|move|p2b: Dragonite|Scale Shot|p1a: Indeedee
|-immune|p1a: Indeedee
|move|p1b: Hatterene|Dazzling Gleam|p2a: Rillaboom|[spread] p2a,p2b
|-supereffective|p2b: Dragonite
|-damage|p2a: Rillaboom|47/100
|-damage|p2b: Dragonite|47/100
|-damage|p1b: Hatterene|91/100|[from] item: Life Orb
|move|p1a: Indeedee|Trick Room|p1a: Indeedee
|-fieldstart|move: Trick Room|[of] p1a: Indeedee
|
|-heal|p1b: Hatterene|97/100|[from] Grassy Terrain
|-heal|p2a: Rillaboom|53/100|[from] Grassy Terrain
|upkeep
|turn|2
|
|t:|1755073969
|switch|p1b: Torkoal|Torkoal, L50, F|100/100
|-weather|SunnyDay|[from] ability: Drought|[of] p1b: Torkoal
|switch|p1a: Azumarill|Azumarill, L50, M|100/100
|switch|p2b: Gastrodon|Gastrodon, L50, M|100/100
|move|p2a: Rillaboom|Fake Out|p1b: Torkoal
|-damage|p1b: Torkoal|89/100
|
|-weather|SunnyDay|[upkeep]
|-heal|p1b: Torkoal|95/100|[from] Grassy Terrain
|-heal|p2a: Rillaboom|59/100|[from] Grassy Terrain
|upkeep
|turn|3
|
|t:|1755073993
|-terastallize|p2a: Rillaboom|Fire
|move|p2a: Rillaboom|Grassy Glide|p1a: Azumarill
|-supereffective|p1a: Azumarill
|-damage|p1a: Azumarill|2/100
|move|p1b: Torkoal|Eruption|p2a: Rillaboom|[spread] p2a,p2b
|-resisted|p2a: Rillaboom
|-resisted|p2b: Gastrodon
|-damage|p2a: Rillaboom|7/100
|-damage|p2b: Gastrodon|56/100
|move|p1a: Azumarill|Play Rough|p2b: Gastrodon
|-damage|p2b: Gastrodon|0 fnt
|faint|p2b: Gastrodon
|
|-weather|SunnyDay|[upkeep]
|-heal|p1b: Torkoal|100/100|[from] Grassy Terrain
|-heal|p1a: Azumarill|8/100|[from] Grassy Terrain
|-heal|p2a: Rillaboom|13/100|[from] Grassy Terrain
|upkeep
|
|t:|1755074008
|switch|p2b: Sneasler|Sneasler, L50, M|100/100
|turn|4
|
|t:|1755074019
|switch|p1a: Indeedee|Indeedee-F, L50, F, tera:Fairy|100/100
|-fieldstart|move: Psychic Terrain|[from] ability: Psychic Surge|[of] p1a: Indeedee
|move|p2b: Sneasler|Fake Out|p1b: Torkoal
|-activate|p1b: Torkoal|move: Psychic Terrain
|move|p1b: Torkoal|Eruption|p2b: Sneasler|[spread] p2a,p2b
|-resisted|p2a: Rillaboom
|-crit|p2b: Sneasler
|-damage|p2a: Rillaboom|0 fnt
|-enditem|p2b: Sneasler|Focus Sash
|-damage|p2b: Sneasler|1/100
|faint|p2a: Rillaboom
|
|-weather|SunnyDay|[upkeep]
|upkeep
|
|t:|1755074032
|switch|p2a: Dragonite|Dragonite, L50, M|47/100
|turn|5
|
|t:|1755074038
|move|p2a: Dragonite|Protect|p2a: Dragonite
|-singleturn|p2a: Dragonite|Protect
|move|p1b: Torkoal|Eruption|p2b: Sneasler|[spread] p2b
|-activate|p2a: Dragonite|move: Protect
|-damage|p2b: Sneasler|0 fnt
|faint|p2b: Sneasler
|move|p1a: Indeedee|Psychic|p2a: Dragonite
|-activate|p2a: Dragonite|move: Protect
|
|-weather|SunnyDay|[upkeep]
|-fieldend|move: Trick Room
|upkeep
|turn|6
|-message|Realfrytki forfeited.
|
|win|Lacossg
|raw|Lacossg's rating: 1166 → 1206(+40 for winning)
|raw|Realfrytki's rating: 1404 → 1372(-32 for losing)
|l|☆Realfrytki
|player|p2|
