|j|☆mikodex
|j|☆Bruthathechosen
|html|mikodexBruthathechosen    
|uhtml|bestof|Game 2 of a best-of-3
|t:|1757188312
|gametype|doubles
|player|p1|mikodex|102|1101
|player|p2|Bruthathechosen|lady-gen4|1099
|gen|9
|tier|[Gen 9] VGC 2025 Reg H (Bo3)
|rated|
|rule|Species Clause: Limit one of each Pokémon
|rule|Item Clause: Limit 1 of each item
|clearpoke
|poke|p1|Dragonite, L50, F|
|poke|p1|Sneasler, L50, M|
|poke|p1|Kingambit, L50, M|
|poke|p1|Amoonguss, L50, F|
|poke|p1|Rillaboom, L50, F|
|poke|p1|Ursaluna-Bloodmoon, L50, M|
|poke|p2|Kingambit, L50, F|
|poke|p2|Rillaboom, L50, F|
|poke|p2|Hydreigon, L50, F|
|poke|p2|Sneasler, L50, M|
|poke|p2|Electabuzz, L50, M|
|poke|p2|Volcarona, L50, M|
|teampreview|4
|showteam|p1|Dragonite||LoadedDice|Multiscale|Tailwind,TeraBlast,ScaleShot,Protect|||F|||50|,,,,,Flying]Sneasler||FocusSash|PoisonTouch|DireClaw,CloseCombat,Coaching,FakeOut|||M|||50|,,,,,Ghost]Kingambit||AssaultVest|Defiant|KowtowCleave,IronHead,SuckerPunch,LowKick|||M|||50|,,,,,Water]Amoonguss||CovertCloak|Regenerator|PollenPuff,ClearSmog,RagePowder,Spore|||F|||50|,,,,,Dark]Rillaboom||MiracleSeed|GrassySurge|FakeOut,Uturn,WoodHammer,GrassyGlide|||F|||50|,,,,,Fire]Ursaluna-Bloodmoon||LifeOrb|MindsEye|BloodMoon,EarthPower,HyperVoice,Protect|||M|||50|,,,,,Water
|showteam|p2|Kingambit||BlackGlasses|Defiant|SuckerPunch,KowtowCleave,SwordsDance,Protect|||F|||50|,,,,,Dark]Rillaboom||AssaultVest|GrassySurge|FakeOut,GrassyGlide,HighHorsepower,Uturn|||F|||50|,,,,,Water]Hydreigon||ChoiceSpecs|Levitate|DarkPulse,DracoMeteor,Snarl,Uturn|||F|||50|,,,,,Ghost]Sneasler||GrassySeed|Unburden|FakeOut,CloseCombat,DireClaw,Protect|||M|||50|,,,,,Stellar]Electabuzz||Eviolite|VitalSpirit|Taunt,Thunderbolt,FollowMe,Protect|||M|||50|,,,,,Dragon]Volcarona||CovertCloak|FlameBody|QuiverDance,HeatWave,TeraBlast,Protect|||M|||50|,,,,,Fairy
|inactive|Battle timer is ON: inactive players will automatically lose when time's up. (requested by mikodex)
|inactive|mikodex has 60 seconds left.
|
|t:|1757188372
|teamsize|p1|4
|teamsize|p2|4
|start
|switch|p1a: Ursaluna|Ursaluna-Bloodmoon, L50, M|100/100
|switch|p1b: serapina|Sneasler, L50, M|100/100
|switch|p2a: Hydreigon|Hydreigon, L50, F|100/100
|switch|p2b: Rillaboom|Rillaboom, L50, F|100/100
|-fieldstart|move: Grassy Terrain|[from] ability: Grassy Surge|[of] p2b: Rillaboom
|turn|1
|inactive|mikodex has 30 seconds left.
|inactive|Bruthathechosen has 30 seconds left.
|inactive|mikodex has 20 seconds left.
|
|t:|1757188409
|switch|p1a: knox|Kingambit, L50, M|100/100
|-terastallize|p2a: Hydreigon|Ghost
|move|p1b: serapina|Fake Out|p2b: Rillaboom
|-damage|p2b: Rillaboom|88/100
|move|p2a: Hydreigon|Snarl|p1a: knox|[spread] p1a,p1b
|-resisted|p1a: knox
|-resisted|p1b: serapina
|-damage|p1a: knox|89/100
|-damage|p1b: serapina|77/100
|-unboost|p1a: knox|spa|1
|-ability|p1a: knox|Defiant|boost
|-boost|p1a: knox|atk|2
|-unboost|p1b: serapina|spa|1
|cant|p2b: Rillaboom|flinch
|
|-heal|p1b: serapina|83/100|[from] Grassy Terrain
|-heal|p2b: Rillaboom|94/100|[from] Grassy Terrain
|-heal|p1a: knox|95/100|[from] Grassy Terrain
|upkeep
|turn|2
|inactive|mikodex has 30 seconds left.
|
|t:|1757188441
|switch|p2a: Sneasler|Sneasler, L50, M|100/100
|-enditem|p2a: Sneasler|Grassy Seed
|-boost|p2a: Sneasler|def|1|[from] item: Grassy Seed
|move|p1a: knox|Sucker Punch||[still]
|-fail|p1a: knox
|move|p1b: serapina|Coaching|p1a: knox
|-boost|p1a: knox|atk|1
|-boost|p1a: knox|def|1
|move|p2b: Rillaboom|U-turn|p1a: knox
|-crit|p1a: knox
|-damage|p1a: knox|69/100
|
|t:|1757188456
|switch|p2b: Kingambit|Kingambit, L50, F|100/100|[from] U-turn
|
|-heal|p1b: serapina|89/100|[from] Grassy Terrain
|-heal|p1a: knox|75/100|[from] Grassy Terrain
|upkeep
|turn|3
|inactive|mikodex has 30 seconds left.
|
|t:|1757188483
|switch|p2b: Hydreigon|Hydreigon, L50, F, tera:Ghost|100/100
|move|p1a: knox|Sucker Punch|p2a: Sneasler
|-resisted|p2a: Sneasler
|-damage|p2a: Sneasler|46/100
|move|p2a: Sneasler|Close Combat|p1a: knox
|-supereffective|p1a: knox
|-damage|p1a: knox|0 fnt
|-unboost|p2a: Sneasler|def|1
|-unboost|p2a: Sneasler|spd|1
|faint|p1a: knox
|move|p1b: serapina|Dire Claw|p2a: Sneasler
|-resisted|p2a: Sneasler
|-damage|p2a: Sneasler|15/100
|
|-heal|p2a: Sneasler|21/100|[from] Grassy Terrain
|-heal|p1b: serapina|95/100|[from] Grassy Terrain
|upkeep
|
|t:|1757188502
|switch|p1a: mac|Dragonite, L50, F|100/100
|turn|4
|
|t:|1757188517
|-terastallize|p1a: mac|Flying
|move|p2a: Sneasler|Dire Claw|p1a: mac
|-damage|p1a: mac|75/100
|move|p1b: serapina|Dire Claw|p2b: Hydreigon
|-resisted|p2b: Hydreigon
|-damage|p2b: Hydreigon|74/100
|move|p2b: Hydreigon|Draco Meteor|p1a: mac
|-damage|p1a: mac|0 fnt
|-unboost|p2b: Hydreigon|spa|2
|faint|p1a: mac
|
|-heal|p2a: Sneasler|27/100|[from] Grassy Terrain
|-heal|p1b: serapina|100/100|[from] Grassy Terrain
|upkeep
|
|t:|1757188530
|switch|p1a: Ursaluna|Ursaluna-Bloodmoon, L50, M|100/100
|turn|5
|
|t:|1757188553
|switch|p2b: Rillaboom|Rillaboom, L50, F|94/100
|move|p2a: Sneasler|Protect|p2a: Sneasler
|-singleturn|p2a: Sneasler|Protect
|move|p1b: serapina|Dire Claw|p2b: Rillaboom
|-supereffective|p2b: Rillaboom
|-damage|p2b: Rillaboom|18/100
|move|p1a: Ursaluna|Earth Power|p2a: Sneasler
|-activate|p2a: Sneasler|move: Protect
|
|-heal|p2a: Sneasler|32/100|[from] Grassy Terrain
|-heal|p2b: Rillaboom|24/100|[from] Grassy Terrain
|-fieldend|move: Grassy Terrain
|upkeep
|turn|6
|inactive|mikodex has 30 seconds left.
|
|t:|1757188587
|move|p2b: Rillaboom|Fake Out|p1b: serapina
|-damage|p1b: serapina|76/100
|move|p2a: Sneasler|Close Combat|p1a: Ursaluna
|-supereffective|p1a: Ursaluna
|-damage|p1a: Ursaluna|0 fnt
|-unboost|p2a: Sneasler|def|1
|-unboost|p2a: Sneasler|spd|1
|faint|p1a: Ursaluna
|cant|p1b: serapina|flinch
|
|upkeep
|turn|7
|
|t:|1757188605
|switch|p2b: Hydreigon|Hydreigon, L50, F, tera:Ghost|74/100
|move|p2a: Sneasler|Close Combat|p1b: serapina
|-resisted|p1b: serapina
|-damage|p1b: serapina|19/100
|-unboost|p2a: Sneasler|def|1
|-unboost|p2a: Sneasler|spd|1
|move|p1b: serapina|Dire Claw|p2a: Sneasler
|-resisted|p2a: Sneasler
|-damage|p2a: Sneasler|0 fnt
|faint|p2a: Sneasler
|
|upkeep
|
|t:|1757188615
|switch|p2a: Rillaboom|Rillaboom, L50, F|24/100
|-fieldstart|move: Grassy Terrain|[from] ability: Grassy Surge|[of] p2a: Rillaboom
|turn|8
|
|t:|1757188624
|move|p2a: Rillaboom|Fake Out|p1b: serapina
|-damage|p1b: serapina|0 fnt
|faint|p1b: serapina
|
|win|Bruthathechosen
|l|☆mikodex
|player|p1|
||Bruthathechosen is ready for game 3.
|raw|mikodex's rating: 1101 → 1076(-25 for losing)
|raw|Bruthathechosen's rating: 1099 → 1124(+25 for winning)
