|j|☆m111naaaa
|j|‽arkjsmith
|html|m111naaaaarkjsmith    
|uhtml|bestof|Game 1 of a best-of-3
|t:|1756341105
|gametype|doubles
|player|p1|m111naaaa|jasmine|1130
|player|p2|arkjsmith|roxie|1172
|gen|9
|tier|[Gen 9] VGC 2025 Reg H (Bo3)
|rated|
|rule|Species Clause: Limit one of each Pokémon
|rule|Item Clause: Limit 1 of each item
|clearpoke
|poke|p1|Kilowattrel, L50, M|
|poke|p1|Amoonguss, L50, F|
|poke|p1|Incineroar, L50, F|
|poke|p1|Porygon2, L50|
|poke|p1|Gholdengo, L50|
|poke|p1|Ursaluna, L50, M|
|poke|p2|Dragonite, L50, M|
|poke|p2|Gholdengo, L50|
|poke|p2|Ursaluna-Bloodmoon, L50, M|
|poke|p2|Indeedee, L50, M|
|poke|p2|Tyranitar, L50, M|
|poke|p2|Kleavor, L50, M|
|teampreview|4
|showteam|p1|Kilowattrel||FocusSash|Competitive|Thunderbolt,AirSlash,Tailwind,Protect|||M|||50|,,,,,Ghost]Amoonguss||SitrusBerry|Regenerator|PollenPuff,Spore,RagePowder,Protect|||F|||50|,,,,,Water]Incineroar||SafetyGoggles|Intimidate|FakeOut,FlareBlitz,KnockOff,PartingShot|||F|||50|,,,,,Ghost]Porygon2||Eviolite|Download|TeraBlast,IceBeam,Recover,TrickRoom||||||50|,,,,,Fighting]Gholdengo||MetalCoat|GoodasGold|MakeItRain,ShadowBall,NastyPlot,Protect||||||50|,,,,,Flying]Ursaluna||FlameOrb|Guts|Facade,HeadlongRush,Earthquake,Protect|||M|||50|,,,,,Ghost
|showteam|p2|Dragonite||LoadedDice|Multiscale|ScaleShot,ExtremeSpeed,Haze,Protect|||M|||50|,,,,,Fairy]Gholdengo||LifeOrb|GoodasGold|MakeItRain,ShadowBall,NastyPlot,Protect||||||50|,,,,,Water]Ursaluna-Bloodmoon||AssaultVest|MindsEye|BloodMoon,HyperVoice,EarthPower,VacuumWave|||M|||50|,,,,,Water]Indeedee||ChoiceScarf|PsychicSurge|ExpandingForce,TeraBlast,Trick,Protect|||M|||50|,,,,,Fighting]Tyranitar||PsychicSeed|SandStream|KnockOff,RockSlide,LowKick,TeraBlast|||M|||50|,,,,,Ghost]Kleavor||ClearAmulet|Sharpness|XScissor,StoneAxe,Tailwind,Protect|||M|||50|,,,,,Grass
|inactive|Battle timer is ON: inactive players will automatically lose when time's up. (requested by arkjsmith)
|inactive|m111naaaa has 60 seconds left.
|inactive|arkjsmith has 60 seconds left.
|
|t:|1756341166
|teamsize|p1|4
|teamsize|p2|4
|start
|switch|p1a: Kilowattrel|Kilowattrel, L50, M|100/100
|switch|p1b: Incineroar|Incineroar, L50, F|100/100
|switch|p2a: Indeedee|Indeedee, L50, M|100/100
|switch|p2b: Kleavor|Kleavor, L50, M|100/100
|-fieldstart|move: Psychic Terrain|[from] ability: Psychic Surge|[of] p2a: Indeedee
|-ability|p1b: Incineroar|Intimidate|boost
|-unboost|p2a: Indeedee|atk|1
|-fail|p2b: Kleavor|unboost|[from] item: Clear Amulet|[of] p2b: Kleavor
|turn|1
|inactive|arkjsmith has 30 seconds left.
|inactive|arkjsmith has 20 seconds left.
|inactive|arkjsmith has 15 seconds left.
|inactive|m111naaaa has 30 seconds left.
|inactive|arkjsmith has 10 seconds left.
|
|t:|1756341215
|switch|p1b: Gholdengo|Gholdengo, L50|100/100
|move|p2a: Indeedee|Expanding Force|p1a: Kilowattrel|[spread] p1a,p1b
|-resisted|p1b: Gholdengo
|-enditem|p1a: Kilowattrel|Focus Sash
|-damage|p1a: Kilowattrel|1/100
|-damage|p1b: Gholdengo|67/100
|move|p1a: Kilowattrel|Tailwind|p1a: Kilowattrel
|-sidestart|p1: m111naaaa|move: Tailwind
|move|p2b: Kleavor|Tailwind|p2b: Kleavor
|-sidestart|p2: arkjsmith|move: Tailwind
|
|upkeep
|turn|2
|inactive|m111naaaa has 30 seconds left.
|inactive|arkjsmith has 30 seconds left.
|inactive|m111naaaa has 20 seconds left.
|inactive|arkjsmith has 20 seconds left.
|inactive|arkjsmith has 15 seconds left.
|inactive|arkjsmith has 10 seconds left.
|
|t:|1756341261
|switch|p1a: Incineroar|Incineroar, L50, F|100/100
|-ability|p1a: Incineroar|Intimidate|boost
|-unboost|p2a: Indeedee|atk|1
|-fail|p2b: Kleavor|unboost|[from] item: Clear Amulet|[of] p2b: Kleavor
|move|p2a: Indeedee|Expanding Force|p1a: Incineroar|[spread] p1b
|-immune|p1a: Incineroar
|-resisted|p1b: Gholdengo
|-damage|p1b: Gholdengo|35/100
|move|p1b: Gholdengo|Make It Rain|p2a: Indeedee|[spread] p2a,p2b
|-supereffective|p2b: Kleavor
|-damage|p2a: Indeedee|18/100
|-damage|p2b: Kleavor|0 fnt
|-unboost|p1b: Gholdengo|spa|1
|faint|p2b: Kleavor
|
|upkeep
|
|t:|1756341273
|switch|p2b: Tyranitar|Tyranitar, L50, M|100/100
|-weather|Sandstorm|[from] ability: Sand Stream|[of] p2b: Tyranitar
|-enditem|p2b: Tyranitar|Psychic Seed
|-boost|p2b: Tyranitar|spd|1|[from] item: Psychic Seed
|turn|3
|inactive|m111naaaa has 30 seconds left.
|
|t:|1756341307
|move|p2a: Indeedee|Expanding Force|p1b: Gholdengo|[spread] p1b
|-immune|p1a: Incineroar
|-resisted|p1b: Gholdengo
|-damage|p1b: Gholdengo|4/100
|move|p1b: Gholdengo|Make It Rain|p2b: Tyranitar|[spread] p2a,p2b
|-supereffective|p2b: Tyranitar
|-damage|p2a: Indeedee|0 fnt
|-damage|p2b: Tyranitar|69/100
|-unboost|p1b: Gholdengo|spa|1
|faint|p2a: Indeedee
|move|p1a: Incineroar|Parting Shot|p2b: Tyranitar
|-unboost|p2b: Tyranitar|atk|1
|-unboost|p2b: Tyranitar|spa|1
|
|t:|1756341319
|switch|p1a: Kilowattrel|Kilowattrel, L50, M|1/100|[from] Parting Shot
|move|p2b: Tyranitar|Rock Slide|p1a: Kilowattrel|[spread] p1a,p1b
|-supereffective|p1a: Kilowattrel
|-resisted|p1b: Gholdengo
|-damage|p1a: Kilowattrel|0 fnt
|-damage|p1b: Gholdengo|0 fnt
|faint|p1a: Kilowattrel
|faint|p1b: Gholdengo
|
|-weather|Sandstorm|[upkeep]
|upkeep
|
|t:|1756341326
|switch|p1a: Incineroar|Incineroar, L50, F|100/100
|switch|p2a: Ursaluna|Ursaluna-Bloodmoon, L50, M|100/100
|switch|p1b: Ursaluna|Ursaluna, L50, M|100/100
|-ability|p1a: Incineroar|Intimidate|boost
|-unboost|p2a: Ursaluna|atk|1
|-unboost|p2b: Tyranitar|atk|1
|turn|4
|inactive|m111naaaa has 30 seconds left.
|inactive|arkjsmith has 30 seconds left.
|
|t:|1756341356
|move|p1b: Ursaluna|Protect|p1b: Ursaluna
|-singleturn|p1b: Ursaluna|Protect
|move|p1a: Incineroar|Knock Off|p2a: Ursaluna
|-damage|p2a: Ursaluna|64/100
|-enditem|p2a: Ursaluna|Assault Vest|[from] move: Knock Off|[of] p1a: Incineroar
|move|p2b: Tyranitar|Rock Slide|p1b: Ursaluna|[spread] p1a
|-activate|p1b: Ursaluna|move: Protect
|-supereffective|p1a: Incineroar
|-damage|p1a: Incineroar|71/100
|move|p2a: Ursaluna|Earth Power|p1a: Incineroar
|-supereffective|p1a: Incineroar
|-damage|p1a: Incineroar|0 fnt
|faint|p1a: Incineroar
|
|-weather|Sandstorm|[upkeep]
|-sideend|p1: m111naaaa|move: Tailwind
|-sideend|p2: arkjsmith|move: Tailwind
|-status|p1b: Ursaluna|brn|[from] item: Flame Orb
|upkeep
|turn|5
|
|t:|1756341376
|-terastallize|p1b: Ursaluna|Ghost
|-terastallize|p2b: Tyranitar|Ghost
|move|p1b: Ursaluna|Facade|p2a: Ursaluna
|-damage|p2a: Ursaluna|0 fnt
|faint|p2a: Ursaluna
|move|p2b: Tyranitar|Low Kick|p1b: Ursaluna
|-immune|p1b: Ursaluna
|
|-weather|Sandstorm|[upkeep]
|-damage|p1b: Ursaluna|94/100 brn|[from] Sandstorm
|-damage|p2b: Tyranitar|63/100|[from] Sandstorm
|-damage|p1b: Ursaluna|88/100 brn|[from] brn
|-fieldend|move: Psychic Terrain
|upkeep
|turn|6
|
|t:|1756341391
|move|p1b: Ursaluna|Headlong Rush|p2b: Tyranitar
|-damage|p2b: Tyranitar|0 fnt
|-unboost|p1b: Ursaluna|def|1
|-unboost|p1b: Ursaluna|spd|1
|faint|p2b: Tyranitar
|
|win|m111naaaa
||arkjsmith is ready for game 2.
||m111naaaa is ready for game 2.
|uhtml|next|Next: Game 2 of 3
