|j|☆Shiboha
|j|☆Champ.Braeden
|html|ShibohaChamp.Braeden    
|uhtml|bestof|Game 1 of a best-of-3
|t:|1756672285
|gametype|doubles
|player|p1|Shiboha|steven|1136
|player|p2|Champ.Braeden|hoopster|1140
|gen|9
|tier|[Gen 9] VGC 2025 Reg H (Bo3)
|rated|
|rule|Species Clause: Limit one of each Pokémon
|rule|Item Clause: Limit 1 of each item
|clearpoke
|poke|p1|Incineroar, L50, F|
|poke|p1|Tatsugiri, L50, M|
|poke|p1|Dondozo, L50, F|
|poke|p1|Gholdengo, L50|
|poke|p1|Ninetales-Alola, L50, F|
|poke|p1|Garchomp, L50, M|
|poke|p2|Dragonite, L50, F|
|poke|p2|Pelipper, L50, F|
|poke|p2|Archaludon, L50, M|
|poke|p2|Basculegion, L50, M|
|poke|p2|Incineroar, L50, M|
|poke|p2|Farigiraf, L50, F|
|teampreview|4
|showteam|p1|Incineroar||RockyHelmet|Intimidate|FakeOut,FlareBlitz,KnockOff,PartingShot|||F|||50|,,,,,Grass]Tatsugiri||FocusSash|Commander|MuddyWater,DracoMeteor,IcyWind,Protect|||M|||50|,,,,,Steel]Dondozo||Leftovers|Unaware|WaveCrash,Earthquake,Yawn,Protect|||F|||50|,,,,,Grass]Gholdengo||MetalCoat|GoodasGold|MakeItRain,ShadowBall,NastyPlot,Protect||||||50|,,,,,Steel]Ninetales-Alola||CovertCloak|SnowWarning|Blizzard,Moonblast,AuroraVeil,Encore|||F|||50|,,,,,Water]Garchomp||LifeOrb|RoughSkin|Earthquake,StompingTantrum,Outrage,Protect|||M|||50|,,,,,Fire
|showteam|p2|Dragonite||LoadedDice|InnerFocus|ScaleShot,LowKick,Haze,Protect|||F|||50|,,,,,Fairy]Pelipper||FocusSash|Drizzle|MuddyWater,Hurricane,Tailwind,Protect|||F|||50|,,,,,Dark]Archaludon||AssaultVest|Stamina|ElectroShot,DracoMeteor,FlashCannon,BodyPress|||M|||50|,,,,,Fighting]Basculegion||LifeOrb|SwiftSwim|WaveCrash,LastRespects,AquaJet,Protect|||M|||50|,,,,,Water]Incineroar||SafetyGoggles|Intimidate|KnockOff,Taunt,FakeOut,PartingShot|||M|||50|,,,,,Ghost]Farigiraf||ThroatSpray|ArmorTail|HyperVoice,Imprison,TrickRoom,PsychicNoise|||F|||50|,,,,,Dark
|inactive|Battle timer is ON: inactive players will automatically lose when time's up. (requested by Champ.Braeden)
|l|☆Champ.Braeden
|inactive|Champ.Braeden disconnected and has a minute to reconnect!
|player|p2|
|j|☆Champ.Braeden
|inactive|Champ.Braeden reconnected.
|player|p2|Champ.Braeden|hoopster|
|
|t:|1756672340
|teamsize|p1|4
|teamsize|p2|4
|start
|switch|p1a: Gholdengo|Gholdengo, L50|100/100
|switch|p1b: Dondozo|Dondozo, L50, F|100/100
|switch|p2a: Archaludon|Archaludon, L50, M|100/100
|switch|p2b: Dragonite|Dragonite, L50, F|100/100
|turn|1
|inactive|Shiboha has 30 seconds left.
|inactive|Champ.Braeden has 30 seconds left.
|inactive|Shiboha has 20 seconds left.
|
|t:|1756672380
|switch|p2b: Pelipper|Pelipper, L50, F|100/100
|-weather|RainDance|[from] ability: Drizzle|[of] p2b: Pelipper
|move|p1a: Gholdengo|Shadow Ball|p2b: Pelipper
|-damage|p2b: Pelipper|23/100
|move|p2a: Archaludon|Electro Shot||[still]
|-prepare|p2a: Archaludon|Electro Shot
|-boost|p2a: Archaludon|spa|1
|-anim|p2a: Archaludon|Electro Shot|p1a: Gholdengo
|-damage|p1a: Gholdengo|27/100
|move|p1b: Dondozo|Yawn|p2b: Pelipper
|-start|p2b: Pelipper|move: Yawn|[of] p1b: Dondozo
|
|-weather|RainDance|[upkeep]
|upkeep
|turn|2
|l|☆Champ.Braeden
|inactive|Champ.Braeden disconnected and has a minute to reconnect!
|player|p2|
|j|☆Champ.Braeden
|inactive|Champ.Braeden reconnected and has 50 seconds left.
|player|p2|Champ.Braeden|hoopster|
|inactive|Shiboha has 30 seconds left.
|inactive|Champ.Braeden has 30 seconds left.
|inactive|Shiboha has 20 seconds left.
|
|t:|1756672417
|switch|p1a: Ninetales|Ninetales-Alola, L50, F|100/100
|-weather|Snowscape|[from] ability: Snow Warning|[of] p1a: Ninetales
|switch|p2b: Dragonite|Dragonite, L50, F|100/100
|move|p2a: Archaludon|Electro Shot||[still]
|-prepare|p2a: Archaludon|Electro Shot
|-boost|p2a: Archaludon|spa|1
|move|p1b: Dondozo|Wave Crash|p2b: Dragonite
|-resisted|p2b: Dragonite
|-damage|p2b: Dragonite|69/100
|-damage|p1b: Dondozo|93/100|[from] Recoil
|
|-weather|Snowscape|[upkeep]
|-heal|p1b: Dondozo|99/100|[from] item: Leftovers
|upkeep
|turn|3
|inactive|Shiboha has 30 seconds left.
|l|☆Champ.Braeden
|inactive|Champ.Braeden disconnected and has a minute to reconnect!
|player|p2|
|
|t:|1756672451
|switch|p2b: Pelipper|Pelipper, L50, F|23/100
|-weather|RainDance|[from] ability: Drizzle|[of] p2b: Pelipper
|move|p1a: Ninetales|Blizzard|p2a: Archaludon|[spread] p2a,p2b
|-damage|p2a: Archaludon|81/100
|-damage|p2b: Pelipper|0 fnt
|-ability|p2a: Archaludon|Stamina|boost
|-boost|p2a: Archaludon|def|1
|faint|p2b: Pelipper
|move|p2a: Archaludon|Electro Shot|p1b: Dondozo|[from] lockedmove
|-supereffective|p1b: Dondozo
|-damage|p1b: Dondozo|14/100
|move|p1b: Dondozo|Wave Crash|p2a: Archaludon
|-resisted|p2a: Archaludon
|-damage|p2a: Archaludon|52/100
|-ability|p2a: Archaludon|Stamina|boost
|-boost|p2a: Archaludon|def|1
|-damage|p1b: Dondozo|6/100|[from] Recoil
|
|-weather|RainDance|[upkeep]
|-heal|p1b: Dondozo|12/100|[from] item: Leftovers
|upkeep
|j|☆Champ.Braeden
|inactive|Champ.Braeden reconnected and has 50 seconds left.
|player|p2|Champ.Braeden|hoopster|
|
|t:|1756672472
|switch|p2b: Basculegion|Basculegion, L50, M|100/100
|turn|4
|
|t:|1756672488
|switch|p1b: Tatsugiri|Tatsugiri, L50, M|100/100
|move|p2b: Basculegion|Wave Crash|p1b: Tatsugiri
|-resisted|p1b: Tatsugiri
|-damage|p1b: Tatsugiri|42/100
|-damage|p2b: Basculegion|86/100|[from] Recoil
|-damage|p2b: Basculegion|77/100|[from] item: Life Orb
|move|p1a: Ninetales|Moonblast|p2b: Basculegion
|-damage|p2b: Basculegion|44/100
|move|p2a: Archaludon|Electro Shot||[still]
|-prepare|p2a: Archaludon|Electro Shot
|-boost|p2a: Archaludon|spa|1
|-anim|p2a: Archaludon|Electro Shot|p1a: Ninetales
|-damage|p1a: Ninetales|0 fnt
|faint|p1a: Ninetales
|
|-weather|RainDance|[upkeep]
|upkeep
|
|t:|1756672510
|switch|p1a: Dondozo|Dondozo, L50, F|12/100
|-activate|p1b: Tatsugiri|ability: Commander|[of] p1a: Dondozo
|-boost|p1a: Dondozo|atk|2
|-boost|p1a: Dondozo|spa|2
|-boost|p1a: Dondozo|spe|2
|-boost|p1a: Dondozo|def|2
|-boost|p1a: Dondozo|spd|2
|turn|5
|
|t:|1756672517
|move|p1a: Dondozo|Protect|p1a: Dondozo
|-singleturn|p1a: Dondozo|Protect
|move|p2b: Basculegion|Last Respects|p1a: Dondozo
|-activate|p1a: Dondozo|move: Protect
|move|p2a: Archaludon|Electro Shot||[still]
|-prepare|p2a: Archaludon|Electro Shot
|-boost|p2a: Archaludon|spa|1
|-anim|p2a: Archaludon|Electro Shot|p1a: Dondozo
|-activate|p1a: Dondozo|move: Protect
|
|-weather|RainDance|[upkeep]
|-heal|p1a: Dondozo|18/100|[from] item: Leftovers
|upkeep
|turn|6
|
|t:|1756672532
|-terastallize|p1a: Dondozo|Grass
|move|p2b: Basculegion|Last Respects|p1a: Dondozo
|-damage|p1a: Dondozo|0 fnt
|faint|p1a: Dondozo
|-damage|p2b: Basculegion|34/100|[from] item: Life Orb
|move|p2a: Archaludon|Electro Shot||[still]
|-prepare|p2a: Archaludon|Electro Shot
|-boost|p2a: Archaludon|spa|1
|-anim|p2a: Archaludon|Electro Shot|p1b: Tatsugiri
|-damage|p1b: Tatsugiri|0 fnt
|faint|p1b: Tatsugiri
|
|-weather|RainDance|[upkeep]
|upkeep
|
|t:|1756672547
|switch|p1b: Gholdengo|Gholdengo, L50|27/100
|turn|7
|
|t:|1756672550
|move|p2b: Basculegion|Wave Crash|p1b: Gholdengo
|-damage|p1b: Gholdengo|0 fnt
|faint|p1b: Gholdengo
|-damage|p2b: Basculegion|27/100|[from] Recoil
|-damage|p2b: Basculegion|17/100|[from] item: Life Orb
|
|win|Champ.Braeden
||Shiboha is ready for game 2.
||Champ.Braeden is ready for game 2.
|uhtml|next|Next: Game 2 of 3
|l|☆Champ.Braeden
|player|p2|
