|j|☆katkraydel
|j|☆exessvgc
|html|katkraydelexessvgc    
|uhtml|bestof|Game 1 of a best-of-3
|t:|1784751174
|gametype|doubles
|player|p1|katkraydel|lebanne|
|player|p2|exessvgc|266|
|gen|9
|tier|[Gen 9 Champions] VGC 2026 Reg M-B (Bo3)
|rule|Species Clause: Limit one of each Pokémon
|rule|Item Clause: Limit 1 of each item
|clearpoke
|poke|p1|Raichu, L50, M|
|poke|p1|Ninetales-Alola, L50, F|
|poke|p1|Talonflame, L50, F|
|poke|p1|Garchomp, L50, M|
|poke|p1|Basculegion, L50, M|
|poke|p1|Tsareena, L50, F|
|poke|p2|Farigiraf, L50, M|
|poke|p2|Aerodactyl, L50, F|
|poke|p2|Sylveon, L50, F|
|poke|p2|Kingambit, L50, M|
|poke|p2|Garchomp, L50, M|
|poke|p2|Charizard, L50, M|
|teampreview|4
|showteam|p1|Raichu||RaichuniteY|LightningRod|FakeOut,ZapCannon,FocusBlast,Protect|Timid||M|||50|]Ninetales-Alola||NeverMeltIce|SnowWarning|Blizzard,FreezeDry,Encore,Protect|Timid||F|||50|]Talonflame||SharpBeak|GaleWings|FlareBlitz,DualWingbeat,Tailwind,Protect|Jolly||F|||50|]Garchomp||LifeOrb|RoughSkin|Earthquake,DragonClaw,RockSlide,Protect|Jolly||M|||50|]Basculegion||MysticWater|Adaptability|WaveCrash,LastRespects,AquaJet,Protect|Adamant||M|||50|]Tsareena||ExpertBelt|QueenlyMajesty|TropKick,LowKick,HelpingHand,Protect|Jolly||F|||50|
|showteam|p2|Farigiraf||SitrusBerry|ArmorTail|TrickRoom,TwinBeam,HelpingHand,Thunderbolt|Bold||M|||50|]Aerodactyl||Aerodactylite|Unnerve|RockSlide,Protect,Tailwind,Taunt|Jolly||F|||50|]Sylveon||FairyFeather|Pixilate|HyperVoice,HyperBeam,Protect,ShadowBall|Modest||F|||50|]Kingambit||FocusSash|Defiant|IronHead,SuckerPunch,LowKick,Protect|Adamant||M|||50|]Garchomp||LifeOrb|RoughSkin|DragonClaw,Earthquake,StompingTantrum,Protect|Adamant||M|||50|]Charizard||CharizarditeY|Blaze|WeatherBall,HeatWave,SolarBeam,Protect|Modest||M|||50|
|inactive|Battle timer is ON: inactive players will automatically lose when time's up. (requested by exessvgc)
|inactive|katkraydel has 60 seconds left.
|
|t:|1784751229
|teamsize|p1|4
|teamsize|p2|4
|start
|switch|p1a: Garchomp|Garchomp, L50, M|100/100
|switch|p1b: Ninetales|Ninetales-Alola, L50, F|100/100
|switch|p2a: Charizard|Charizard, L50, M|100/100
|switch|p2b: LA GIRAFFA|Farigiraf, L50, M|100/100
|-weather|Snowscape|[from] ability: Snow Warning|[of] p1b: Ninetales
|turn|1
|inactive|exessvgc has 30 seconds left.
|inactive|exessvgc has 20 seconds left.
|inactive|exessvgc has 15 seconds left.
|
|t:|1784751270
|detailschange|p2a: Charizard|Charizard-Mega-Y, L50, M
|-mega|p2a: Charizard|Charizard|Charizardite Y
|-weather|SunnyDay|[from] ability: Drought|[of] p2a: Charizard
|move|p2a: Charizard|Protect|p2a: Charizard
|-singleturn|p2a: Charizard|Protect
|move|p1b: Ninetales|Blizzard|p2a: Charizard|[spread] 
|-activate|p2a: Charizard|move: Protect
|-miss|p1b: Ninetales|p2b: LA GIRAFFA
|move|p1a: Garchomp|Rock Slide|p2a: Charizard|[spread] p2b
|-activate|p2a: Charizard|move: Protect
|-damage|p2b: LA GIRAFFA|78/100
|-damage|p1a: Garchomp|90/100|[from] item: Life Orb
|cant|p2b: LA GIRAFFA|flinch
|
|-weather|SunnyDay|[upkeep]
|upkeep
|turn|2
|inactive|exessvgc has 30 seconds left.
|inactive|exessvgc has 20 seconds left.
|
|t:|1784751306
|switch|p2a: Marianela|Sylveon, L50, F|100/100
|move|p1b: Ninetales|Encore||[still]
|-fail|p1b: Ninetales
|move|p1a: Garchomp|Rock Slide|p2a: Marianela|[spread] p2a,p2b
|-damage|p2a: Marianela|71/100
|-damage|p2b: LA GIRAFFA|58/100
|-damage|p1a: Garchomp|80/100|[from] item: Life Orb
|move|p2b: LA GIRAFFA|Trick Room|p2b: LA GIRAFFA
|-fieldstart|move: Trick Room|[of] p2b: LA GIRAFFA
|
|-weather|SunnyDay|[upkeep]
|upkeep
|turn|3
|
|t:|1784751321
|switch|p1a: Talonflame|Talonflame, L50, F|100/100
|move|p2b: LA GIRAFFA|Helping Hand|p2a: Marianela
|-singleturn|p2a: Marianela|Helping Hand|[of] p2b: LA GIRAFFA
|move|p2a: Marianela|Hyper Voice|p1b: Ninetales|[spread] p1a,p1b
|-resisted|p1a: Talonflame|1
|-damage|p1a: Talonflame|48/100
|-damage|p1b: Ninetales|17/100
|move|p1b: Ninetales|Encore|p2b: LA GIRAFFA
|-start|p2b: LA GIRAFFA|Encore
|
|-weather|SunnyDay|[upkeep]
|upkeep
|turn|4
|
|t:|1784751332
|move|p2b: LA GIRAFFA|Helping Hand|p2a: Marianela
|-singleturn|p2a: Marianela|Helping Hand|[of] p2b: LA GIRAFFA
|move|p1b: Ninetales|Protect|p1b: Ninetales
|-singleturn|p1b: Ninetales|Protect
|move|p1a: Talonflame|Protect|p1a: Talonflame
|-singleturn|p1a: Talonflame|Protect
|move|p2a: Marianela|Hyper Voice|p1b: Ninetales|[spread] 
|-activate|p1a: Talonflame|move: Protect
|-activate|p1b: Ninetales|move: Protect
|
|-weather|SunnyDay|[upkeep]
|upkeep
|turn|5
|
|t:|1784751344
|switch|p1a: Tsareena|Tsareena, L50, F|100/100
|move|p2b: LA GIRAFFA|Helping Hand|p2a: Marianela
|-singleturn|p2a: Marianela|Helping Hand|[of] p2b: LA GIRAFFA
|move|p1b: Ninetales|Protect|p1b: Ninetales
|-singleturn|p1b: Ninetales|Protect
|move|p2a: Marianela|Hyper Voice|p1a: Tsareena|[spread] p1a
|-activate|p1b: Ninetales|move: Protect
|-damage|p1a: Tsareena|32/100
|
|-weather|none
|upkeep
|turn|6
|
|t:|1784751362
|switch|p1b: Talonflame|Talonflame, L50, F|48/100
|move|p2b: LA GIRAFFA|Helping Hand|p2a: Marianela
|-singleturn|p2a: Marianela|Helping Hand|[of] p2b: LA GIRAFFA
|move|p1a: Tsareena|Protect|p1a: Tsareena
|-singleturn|p1a: Tsareena|Protect
|move|p2a: Marianela|Hyper Voice|p1a: Tsareena|[spread] p1b
|-activate|p1a: Tsareena|move: Protect
|-resisted|p1b: Talonflame|1
|-damage|p1b: Talonflame|0 fnt
|faint|p1b: Talonflame
|
|-end|p2b: LA GIRAFFA|Encore
|-fieldend|move: Trick Room
|upkeep
|
|t:|1784751376
|switch|p1b: Garchomp|Garchomp, L50, M|80/100
|turn|7
|
|t:|1784751391
|move|p1b: Garchomp|Rock Slide|p2b: LA GIRAFFA|[spread] p2a,p2b
|-damage|p2a: Marianela|44/100
|-damage|p2b: LA GIRAFFA|38/100
|-enditem|p2b: LA GIRAFFA|Sitrus Berry|[eat]
|-heal|p2b: LA GIRAFFA|63/100|[from] item: Sitrus Berry
|-damage|p1b: Garchomp|70/100|[from] item: Life Orb
|move|p1a: Tsareena|Trop Kick|p2a: Marianela
|-damage|p2a: Marianela|0 fnt
|faint|p2a: Marianela
|move|p2b: LA GIRAFFA|Trick Room|p2b: LA GIRAFFA
|-fieldstart|move: Trick Room|[of] p2b: LA GIRAFFA
|
|upkeep
|
|t:|1784751412
|switch|p2a: Charizard|Charizard-Mega-Y, L50, M|100/100
|-weather|SunnyDay|[from] ability: Drought|[of] p2a: Charizard
|turn|8
|
|t:|1784751427
|switch|p1a: Ninetales|Ninetales-Alola, L50, F|17/100
|-weather|Snowscape|[from] ability: Snow Warning|[of] p1a: Ninetales
|move|p2b: LA GIRAFFA|Twin Beam|p1b: Garchomp
|-damage|p1b: Garchomp|54/100
|-damage|p1b: Garchomp|37/100
|-hitcount|p1b: Garchomp|2
|move|p2a: Charizard|Weather Ball|p1b: Garchomp
|-supereffective|p1b: Garchomp|2
|-damage|p1b: Garchomp|0 fnt
|faint|p1b: Garchomp
|
|-weather|Snowscape|[upkeep]
|upkeep
|
|t:|1784751444
|switch|p1b: Tsareena|Tsareena, L50, F|32/100
|turn|9
|
|t:|1784751457
|move|p2b: LA GIRAFFA|Twin Beam|p1a: Ninetales
|-damage|p1a: Ninetales|0 fnt
|faint|p1a: Ninetales
|-hitcount|p1: Ninetales|1
|move|p1b: Tsareena|Trop Kick|p2b: LA GIRAFFA
|-damage|p2b: LA GIRAFFA|29/100
|-unboost|p2b: LA GIRAFFA|atk|1
|move|p2a: Charizard|Weather Ball|p1b: Tsareena
|-supereffective|p1b: Tsareena|1
|-damage|p1b: Tsareena|0 fnt
|faint|p1b: Tsareena
|
|win|exessvgc
||katkraydel is ready for game 2.
|c|☆katkraydel|I don't get that play tbh
|inactive|exessvgc has 30 seconds to confirm battle start!
||exessvgc is ready for game 2.
|uhtml|next|Next: Game 2 of 3
|l|☆katkraydel
|player|p1|
|l|☆exessvgc
|player|p2|
|j|☆exessvgc
|player|p2|exessvgc|266|
