|j|☆Kalycgos
|j|☆logan_mdl
|html|Kalycgoslogan_mdl    
|uhtml|bestof|Game 1 of a best-of-3
|t:|1783875919
|gametype|doubles
|player|p1|Kalycgos|102|1000
|player|p2|logan_mdl|1|1000
|gen|9
|tier|[Gen 9 Champions] VGC 2026 Reg M-B (Bo3)
|rated|
|rule|Species Clause: Limit one of each Pokémon
|rule|Item Clause: Limit 1 of each item
|clearpoke
|poke|p1|Garchomp, L50, M, shiny|
|poke|p1|Charizard, L50, M, shiny|
|poke|p1|Whimsicott, L50, F|
|poke|p1|Floette-Eternal, L50, F|
|poke|p1|Kingambit, L50, M|
|poke|p1|Basculegion, L50, M|
|poke|p2|Meowscarada, L50, M, shiny|
|poke|p2|Talonflame, L50, F|
|poke|p2|Rotom-Wash, L50|
|poke|p2|Sneasler, L50, F|
|poke|p2|Sylveon, L50, M|
|poke|p2|Dragonite, L50, F|
|teampreview|4
|showteam|p1|Garchomp||LifeOrb|RoughSkin|DragonClaw,Earthquake,RockSlide,Protect|Jolly||M|||50|]Charizard||CharizarditeY|Blaze|HeatWave,SolarBeam,AncientPower,Protect|Modest||M|||50|]Whimsicott||FocusSash|Prankster|Moonblast,Tailwind,Encore,Protect|Timid||F|||50|]Floette-Eternal||Floettite|FlowerVeil|LightofRuin,Moonblast,DazzlingGleam,Protect|Timid||F|||50|]Kingambit||BlackGlasses|Defiant|KowtowCleave,SuckerPunch,LowKick,Protect|Adamant||M|||50|]Basculegion||MysticWater|Adaptability|LastRespects,WaveCrash,AquaJet,Protect|Adamant||M|||50|
|showteam|p2|Meowscarada||LifeOrb|Protean|FlowerTrick,Protect,SuckerPunch,TripleAxel|Jolly||M|||50|]Talonflame||FocusSash|GaleWings|Tailwind,BraveBird,Protect,FlareBlitz|Adamant||F|||50|]Rotom-Wash||ChoiceScarf|Levitate|VoltSwitch,Thunderbolt,HydroPump,Trick|Modest|||||50|]Sneasler||WhiteHerb|Unburden|BrickBreak,CloseCombat,FakeOut,DireClaw|Adamant||F|||50|]Sylveon||FairyFeather|Pixilate|HyperVoice,Detect,QuickAttack,HyperBeam|Modest||M|||50|]Dragonite||Dragoninite|Multiscale|DragonPulse,Flamethrower,Protect,Tailwind|Modest||F|||50|
|
|t:|1783875972
|teamsize|p1|4
|teamsize|p2|4
|start
|switch|p1a: Bard|Whimsicott, L50, F|100/100
|switch|p1b: Black Mage|Charizard, L50, M, shiny|100/100
|switch|p2a: Talonflame|Talonflame, L50, F|100/100
|switch|p2b: Meowscarada|Meowscarada, L50, M, shiny|100/100
|turn|1
|
|t:|1783875993
|switch|p2b: Sylveon|Sylveon, L50, M|100/100
|detailschange|p1b: Black Mage|Charizard-Mega-Y, L50, M, shiny
|-mega|p1b: Black Mage|Charizard|Charizardite Y
|-weather|SunnyDay|[from] ability: Drought|[of] p1b: Black Mage
|move|p1a: Bard|Tailwind|p1a: Bard
|-sidestart|p1: Kalycgos|move: Tailwind
|move|p2a: Talonflame|Tailwind|p2a: Talonflame
|-sidestart|p2: logan_mdl|move: Tailwind
|move|p1b: Black Mage|Ancient Power|p2a: Talonflame
|-supereffective|p2a: Talonflame|2
|-enditem|p2a: Talonflame|Focus Sash
|-damage|p2a: Talonflame|1/100
|
|-weather|SunnyDay|[upkeep]
|upkeep
|turn|2
|
|t:|1783876014
|move|p1a: Bard|Encore|p2a: Talonflame
|-start|p2a: Talonflame|Encore
|move|p2a: Talonflame|Tailwind||[still]
|-fail|p2a: Talonflame
|move|p1b: Black Mage|Heat Wave|p2a: Talonflame|[spread] p2a,p2b
|-resisted|p2a: Talonflame|1
|-damage|p2a: Talonflame|0 fnt
|-damage|p2b: Sylveon|43/100
|faint|p2a: Talonflame
|move|p2b: Sylveon|Hyper Voice|p1b: Black Mage|[spread] p1a,p1b
|-resisted|p1b: Black Mage|1
|-damage|p1a: Bard|14/100
|-damage|p1b: Black Mage|73/100
|
|-weather|SunnyDay|[upkeep]
|upkeep
|
|t:|1783876026
|switch|p2a: Meowscarada|Meowscarada, L50, M, shiny|100/100
|turn|3
|
|t:|1783876036
|move|p2a: Meowscarada|Sucker Punch|p1b: Black Mage
|-start|p2a: Meowscarada|typechange|Dark|[from] ability: Protean
|-damage|p1b: Black Mage|20/100y
|-damage|p2a: Meowscarada|90/100|[from] item: Life Orb
|move|p2b: Sylveon|Quick Attack|p1b: Black Mage
|-resisted|p1b: Black Mage|1
|-damage|p1b: Black Mage|12/100
|move|p1a: Bard|Moonblast|p2b: Sylveon
|-damage|p2b: Sylveon|15/100
|move|p1b: Black Mage|Heat Wave|p2a: Meowscarada|[spread] p2a,p2b
|-damage|p2a: Meowscarada|0 fnt
|-damage|p2b: Sylveon|0 fnt
|faint|p2a: Meowscarada
|faint|p2b: Sylveon
|
|-weather|SunnyDay|[upkeep]
|upkeep
|
|t:|1783876069
|switch|p2a: Sneasler|Sneasler, L50, F|100/100
|turn|4
|
|t:|1783876074
|move|p1a: Bard|Protect|p1a: Bard
|-singleturn|p1a: Bard|Protect
|move|p1b: Black Mage|Protect|p1b: Black Mage
|-singleturn|p1b: Black Mage|Protect
|move|p2a: Sneasler|Fake Out|p1b: Black Mage
|-activate|p1b: Black Mage|move: Protect
|
|-weather|SunnyDay|[upkeep]
|-sideend|p1: Kalycgos|move: Tailwind
|-sideend|p2: logan_mdl|move: Tailwind
|upkeep
|turn|5
|
|t:|1783876086
|move|p1a: Bard|Encore|p2a: Sneasler
|-start|p2a: Sneasler|Encore
|move|p2a: Sneasler|Fake Out||[still]
|-hint|Fake Out only works on your first turn out.
|-fail|p2a: Sneasler
|move|p1b: Black Mage|Heat Wave|p2a: Sneasler
|-damage|p2a: Sneasler|0 fnt
|faint|p2a: Sneasler
|
|win|Kalycgos
||Kalycgos is ready for game 2.
|inactive|logan_mdl has 30 seconds to confirm battle start!
|l|☆logan_mdl
|player|p2|
|inactive|logan_mdl has 20 seconds to confirm battle start!
