|j|☆Rodolfus
|j|☆rooofe
|html|Rodolfusrooofe    
|uhtml|bestof|Game 1 of a best-of-3
|t:|1786050192
|gametype|doubles
|player|p1|Rodolfus|102|
|player|p2|rooofe|1|
|gen|9
|tier|[Gen 9 Champions] VGC 2026 Reg M-B (Bo3)
|rule|Species Clause: Limit one of each Pokémon
|rule|Item Clause: Limit 1 of each item
|clearpoke
|poke|p1|Swampert, L50, M|
|poke|p1|Pelipper, L50, M|
|poke|p1|Talonflame, L50, M|
|poke|p1|Pinsir, L50, M|
|poke|p1|Hydreigon, L50, M|
|poke|p1|Archaludon, L50, M|
|poke|p2|Sceptile, L50, M|
|poke|p2|Basculegion, L50, M|
|poke|p2|Aerodactyl, L50, M|
|poke|p2|Rotom-Heat, L50|
|poke|p2|Zoroark-Hisui, L50, F|
|poke|p2|Hippowdon, L50, F|
|teampreview|4
|showteam|p1|Swampert||Swampertite|Torrent|Liquidation,Earthquake,RockSlide,Protect|Adamant||M|||50|]Pelipper||FocusSash|Drizzle|Surf,Hurricane,Protect,Tailwind|Serious||M|||50|]Talonflame||LifeOrb|GaleWings|Tailwind,Protect,FlareBlitz,BraveBird|Adamant||M|||50|]Pinsir||Pinsirite|HyperCutter|RockSlide,BodySlam,Protect,Lunge|Jolly||M|||50|]Hydreigon||ChoiceScarf|Levitate|DracoMeteor,DarkPulse,Flamethrower,FocusBlast|Modest||M|||50|]Archaludon||Leftovers|Stamina|FlashCannon,Protect,ElectroShot,DracoMeteor|Modest||M|||50|
|showteam|p2|Sceptile||Sceptilite|Overgrow|GrassKnot,DragonPulse,EarthPower,Detect|Timid||M|||50|]Basculegion||SitrusBerry|SwiftSwim|LastRespects,WaveCrash,Protect,AquaJet|Hasty||M|||50|]Aerodactyl||FocusSash|Unnerve|RockSlide,DualWingbeat,Tailwind,Protect|Jolly||M|||50|]Rotom-Heat||ChoiceScarf|Levitate|Overheat,Thunderbolt,VoltSwitch,Discharge|Timid|||||50|]Zoroark-Hisui||Leftovers|Illusion|ShadowBall,DarkPulse,ConfuseRay,Detect|Timid||F|||50|]Hippowdon||LifeOrb|SandStream|HighHorsepower,RockSlide,Protect,Yawn|Careful||F|||50|
|
|t:|1786050221
|teamsize|p1|4
|teamsize|p2|4
|start
|switch|p1a: Archaludon|Archaludon, L50, M|100/100
|switch|p1b: Pelipper|Pelipper, L50, M|100/100
|switch|p2a: Hippowdon|Hippowdon, L50, F|100/100
|switch|p2b: Aerodactyl|Aerodactyl, L50, M|100/100
|-ability|p2b: Aerodactyl|Unnerve
|-weather|RainDance|[from] ability: Drizzle|[of] p1b: Pelipper
|-weather|Sandstorm|[from] ability: Sand Stream|[of] p2a: Hippowdon
|turn|1
|
|t:|1786050244
|switch|p1b: Hydreigon|Hydreigon, L50, M|100/100
|move|p1a: Archaludon|Protect|p1a: Archaludon
|-singleturn|p1a: Archaludon|Protect
|move|p2b: Aerodactyl|Tailwind|p2b: Aerodactyl
|-sidestart|p2: rooofe|move: Tailwind
|move|p2a: Hippowdon|High Horsepower|p1a: Archaludon
|-activate|p1a: Archaludon|move: Protect
|
|-weather|Sandstorm|[upkeep]
|-damage|p1b: Hydreigon|94/100|[from] Sandstorm
|upkeep
|turn|2
|
|t:|1786050285
|switch|p1b: Pelipper|Pelipper, L50, M|100/100
|-weather|RainDance|[from] ability: Drizzle|[of] p1b: Pelipper
|move|p2b: Aerodactyl|Rock Slide|p1b: Pelipper|[spread] p1a,p1b
|-resisted|p1a: Archaludon|1
|-supereffective|p1b: Pelipper|1
|-damage|p1a: Archaludon|91/100
|-damage|p1b: Pelipper|42/100
|-ability|p1a: Archaludon|Stamina|boost
|-boost|p1a: Archaludon|def|1
|move|p2a: Hippowdon|High Horsepower|p1a: Archaludon
|-supereffective|p1a: Archaludon|1
|-damage|p1a: Archaludon|38/100
|-ability|p1a: Archaludon|Stamina|boost
|-boost|p1a: Archaludon|def|1
|-damage|p2a: Hippowdon|90/100|[from] item: Life Orb
|move|p1a: Archaludon|Electro Shot||[still]
|-prepare|p1a: Archaludon|Electro Shot
|-boost|p1a: Archaludon|spa|1
|-anim|p1a: Archaludon|Electro Shot|p2b: Aerodactyl
|-supereffective|p2b: Aerodactyl|1
|-enditem|p2b: Aerodactyl|Focus Sash
|-damage|p2b: Aerodactyl|1/100
|
|-weather|RainDance|[upkeep]
|-heal|p1a: Archaludon|44/100|[from] item: Leftovers
|upkeep
|turn|3
|
|t:|1786050331
|switch|p2a: Sceptile|Sceptile, L50, M|100/100
|move|p2b: Aerodactyl|Protect|p2b: Aerodactyl
|-singleturn|p2b: Aerodactyl|Protect
|move|p1a: Archaludon|Protect|p1a: Archaludon
|-singleturn|p1a: Archaludon|Protect
|move|p1b: Pelipper|Surf|p2a: Sceptile|[spread] p2a
|-activate|p1a: Archaludon|move: Protect
|-activate|p2b: Aerodactyl|move: Protect
|-resisted|p2a: Sceptile|1
|-damage|p2a: Sceptile|74/100
|
|-weather|RainDance|[upkeep]
|-heal|p1a: Archaludon|50/100g|[from] item: Leftovers
|upkeep
|turn|4
|
|t:|1786050356
|switch|p2b: Hippowdon|Hippowdon, L50, F|90/100
|-weather|Sandstorm|[from] ability: Sand Stream|[of] p2b: Hippowdon
|detailschange|p2a: Sceptile|Sceptile-Mega, L50, M
|-mega|p2a: Sceptile|Sceptile|Sceptilite
|move|p1b: Pelipper|Protect|p1b: Pelipper
|-singleturn|p1b: Pelipper|Protect
|move|p2a: Sceptile|Earth Power|p1a: Archaludon
|-supereffective|p1a: Archaludon|1
|-damage|p1a: Archaludon|0 fnt
|faint|p1a: Archaludon
|
|-weather|Sandstorm|[upkeep]
|-damage|p2a: Sceptile|68/100|[from] Sandstorm
|-damage|p1b: Pelipper|36/100|[from] Sandstorm
|-sideend|p2: rooofe|move: Tailwind
|upkeep
|
|t:|1786050381
|switch|p1a: Pinsir|Pinsir, L50, M|100/100
|turn|5
|
|t:|1786050401
|move|p2a: Sceptile|Detect|p2a: Sceptile
|-singleturn|p2a: Sceptile|Protect
|move|p1a: Pinsir|Protect|p1a: Pinsir
|-singleturn|p1a: Pinsir|Protect
|move|p2b: Hippowdon|Rock Slide|p1a: Pinsir|[spread] p1b
|-activate|p1a: Pinsir|move: Protect
|-supereffective|p1b: Pelipper|1
|-damage|p1b: Pelipper|0 fnt
|faint|p1b: Pelipper
|-damage|p2b: Hippowdon|80/100|[from] item: Life Orb
|
|-weather|Sandstorm|[upkeep]
|-damage|p2a: Sceptile|62/100|[from] Sandstorm
|-damage|p1a: Pinsir|94/100|[from] Sandstorm
|upkeep
|
|t:|1786050414
|switch|p1b: Hydreigon|Hydreigon, L50, M|94/100
|turn|6
|
|t:|1786050434
|detailschange|p1a: Pinsir|Pinsir-Mega, L50, M
|-mega|p1a: Pinsir|Pinsir|Pinsirite
|move|p1b: Hydreigon|Dark Pulse|p2b: Hippowdon
|-damage|p2b: Hippowdon|29/100
|move|p2a: Sceptile|Dragon Pulse|p1b: Hydreigon
|-supereffective|p1b: Hydreigon|1
|-damage|p1b: Hydreigon|0 fnt
|faint|p1b: Hydreigon
|move|p1a: Pinsir|Body Slam|p2a: Sceptile
|-supereffective|p2a: Sceptile|1
|-damage|p2a: Sceptile|0 fnt
|faint|p2a: Sceptile
|move|p2b: Hippowdon|Rock Slide|p1a: Pinsir
|-supereffective|p1a: Pinsir|2
|-damage|p1a: Pinsir|0 fnt
|faint|p1a: Pinsir
|-damage|p2b: Hippowdon|20/100r|[from] item: Life Orb
|
|win|rooofe
|inactive|Rodolfus has 30 seconds to confirm battle start!
|inactive|rooofe has 30 seconds to confirm battle start!
|inactive|Rodolfus has 20 seconds to confirm battle start!
|inactive|rooofe has 20 seconds to confirm battle start!
||Rodolfus is ready for game 2.
|inactive|rooofe has 10 seconds to confirm battle start!
||rooofe is ready for game 2.
|uhtml|next|Next: Game 2 of 3
