|j|☆elmono11
|j|☆scawy monsta
|html|elmono11scawy monsta    
|uhtml|bestof|Game 2 of a best-of-3
|t:|1785276562
|gametype|doubles
|player|p1|elmono11|2|1431
|player|p2|scawy monsta|roxie|1377
|gen|9
|tier|[Gen 9 Champions] VGC 2026 Reg M-B (Bo3)
|rated|
|rule|Species Clause: Limit one of each Pokémon
|rule|Item Clause: Limit 1 of each item
|clearpoke
|poke|p1|Charizard, L50, M|
|poke|p1|Glimmora, L50, M|
|poke|p1|Whimsicott, L50, M|
|poke|p1|Ninetales-Alola, L50, F|
|poke|p1|Kingambit, L50, M|
|poke|p1|Kommo-o, L50, F|
|poke|p2|Staraptor, L50, M|
|poke|p2|Gholdengo, L50|
|poke|p2|Whimsicott, L50, M, shiny|
|poke|p2|Samurott-Hisui, L50, M|
|poke|p2|Glimmora, L50, M|
|poke|p2|Blastoise, L50, F|
|teampreview|4
|showteam|p1|Charizard||CharizarditeY|Blaze|HeatWave,WeatherBall,SolarBeam,Protect|Modest||M|||50|]Glimmora||Glimmoranite|ToxicDebris|SludgeBomb,PowerGem,EarthPower,SpikyShield|Modest||M|||50|]Whimsicott||FocusSash|Prankster|Moonblast,Tailwind,Encore,Protect|Timid||M|||50|]Ninetales-Alola||NeverMeltIce|SnowWarning|Blizzard,FreezeDry,Disable,Protect|Timid||F|||50|]Kingambit||BlackGlasses|Defiant|KowtowCleave,SuckerPunch,IronHead,Protect|Adamant||M|||50|]Kommo-o||LifeOrb|Overcoat|ClangingScales,AuraSphere,VacuumWave,Protect|Modest||F|||50|
|showteam|p2|Staraptor||Staraptite|Intimidate|CloseCombat,BraveBird,Roost,Protect|Jolly||M|||50|]Gholdengo||LifeOrb|GoodasGold|MakeItRain,ShadowBall,NastyPlot,Protect|Modest|||||50|]Whimsicott||FocusSash|Prankster|Tailwind,Encore,Protect,Moonblast|Timid||M|||50|]Samurott-Hisui||BlackGlasses|Sharpness|NightSlash,SuckerPunch,SacredSword,Protect|Adamant||M|||50|]Glimmora||ExpertBelt|ToxicDebris|PowerGem,EarthPower,SludgeBomb,SpikyShield|Timid||M|||50|]Blastoise||Blastoisinite|Torrent|WaterSpout,WaterPulse,DarkPulse,Protect|Modest||F|||50|
|inactive|Battle timer is ON: inactive players will automatically lose when time's up. (requested by scawy monsta)
|inactive|elmono11 also wants the timer to be on.
|inactive|elmono11 has 60 seconds left.
|
|t:|1785276593
|teamsize|p1|4
|teamsize|p2|4
|start
|switch|p1a: Ninetales|Ninetales-Alola, L50, F|100/100
|switch|p1b: Kommo-o|Kommo-o, L50, F|100/100
|switch|p2a: Glimmora|Glimmora, L50, M|100/100
|switch|p2b: Whimsicott|Whimsicott, L50, M, shiny|100/100
|-weather|Snowscape|[from] ability: Snow Warning|[of] p1a: Ninetales
|turn|1
|inactive|elmono11 has 30 seconds left.
|inactive|elmono11 has 20 seconds left.
|
|t:|1785276628
|move|p1a: Ninetales|Protect|p1a: Ninetales
|-singleturn|p1a: Ninetales|Protect
|move|p2b: Whimsicott|Tailwind|p2b: Whimsicott
|-sidestart|p2: scawy monsta|move: Tailwind
|move|p2a: Glimmora|Power Gem|p1a: Ninetales
|-activate|p1a: Ninetales|move: Protect
|move|p1b: Kommo-o|Aura Sphere|p2a: Glimmora
|-damage|p2a: Glimmora|37/100
|-damage|p1b: Kommo-o|90/100|[from] item: Life Orb
|
|-weather|Snowscape|[upkeep]
|upkeep
|turn|2
|inactive|elmono11 has 30 seconds left.
|inactive|scawy monsta has 30 seconds left.
|inactive|scawy monsta has 20 seconds left.
|
|t:|1785276664
|switch|p1a: Whimsicott|Whimsicott, L50, M|100/100
|switch|p1b: Charizard|Charizard, L50, M|100/100
|move|p2b: Whimsicott|Moonblast|p1b: Charizard
|-resisted|p1b: Charizard|1
|-damage|p1b: Charizard|80/100
|move|p2a: Glimmora|Sludge Bomb|p1a: Whimsicott
|-supereffective|p1a: Whimsicott|2
|-crit|p1a: Whimsicott
|-enditem|p1a: Whimsicott|Focus Sash
|-damage|p1a: Whimsicott|1/100
|
|-weather|Snowscape|[upkeep]
|upkeep
|turn|3
|inactive|elmono11 has 30 seconds left.
|inactive|elmono11 has 20 seconds left.
|inactive|elmono11 has 15 seconds left.
|inactive|elmono11 has 10 seconds left.
|
|t:|1785276712
|detailschange|p1b: Charizard|Charizard-Mega-Y, L50, M
|-mega|p1b: Charizard|Charizard|Charizardite Y
|-weather|SunnyDay|[from] ability: Drought|[of] p1b: Charizard
|move|p1a: Whimsicott|Encore|p2a: Glimmora
|-start|p2a: Glimmora|Encore
|move|p2b: Whimsicott|Moonblast|p1a: Whimsicott
|-damage|p1a: Whimsicott|0 fnt
|faint|p1a: Whimsicott
|move|p2a: Glimmora|Sludge Bomb|p1b: Charizard
|-damage|p1b: Charizard|38/100
|-status|p1b: Charizard|psn
|move|p1b: Charizard|Heat Wave|p2a: Glimmora|[spread] p2a,p2b
|-resisted|p2a: Glimmora|1
|-supereffective|p2b: Whimsicott|1
|-damage|p2a: Glimmora|0 fnt
|-enditem|p2b: Whimsicott|Focus Sash
|-damage|p2b: Whimsicott|1/100
|faint|p2a: Glimmora
|
|-weather|SunnyDay|[upkeep]
|-damage|p1b: Charizard|26/100 psn|[from] psn
|upkeep
|
|t:|1785276725
|switch|p1a: Ninetales|Ninetales-Alola, L50, F|100/100
|switch|p2a: Staraptor|Staraptor, L50, M|100/100
|-ability|p2a: Staraptor|Intimidate|boost
|-unboost|p1a: Ninetales|atk|1
|-unboost|p1b: Charizard|atk|1
|-weather|Snowscape|[from] ability: Snow Warning|[of] p1a: Ninetales
|turn|4
|
|t:|1785276736
|move|p2b: Whimsicott|Protect|p2b: Whimsicott
|-singleturn|p2b: Whimsicott|Protect
|move|p2a: Staraptor|Protect|p2a: Staraptor
|-singleturn|p2a: Staraptor|Protect
|move|p1a: Ninetales|Blizzard|p2a: Staraptor|[spread] 
|-activate|p2a: Staraptor|move: Protect
|-activate|p2b: Whimsicott|move: Protect
|move|p1b: Charizard|Weather Ball|p2a: Staraptor
|-activate|p2a: Staraptor|move: Protect
|
|-weather|Snowscape|[upkeep]
|-damage|p1b: Charizard|14/100 psn|[from] psn
|-sideend|p2: scawy monsta|move: Tailwind
|upkeep
|turn|5
|
|t:|1785276761
|detailschange|p2a: Staraptor|Staraptor-Mega, L50, M
|-mega|p2a: Staraptor|Staraptor|Staraptite
|move|p1b: Charizard|Protect|p1b: Charizard
|-singleturn|p1b: Charizard|Protect
|move|p2b: Whimsicott|Tailwind|p2b: Whimsicott
|-sidestart|p2: scawy monsta|move: Tailwind
|move|p2a: Staraptor|Close Combat|p1b: Charizard
|-activate|p1b: Charizard|move: Protect
|move|p1a: Ninetales|Blizzard|p2a: Staraptor|[spread] p2a,p2b
|-supereffective|p2a: Staraptor|1
|-supereffective|p2b: Whimsicott|1
|-damage|p2a: Staraptor|15/100
|-damage|p2b: Whimsicott|0 fnt
|faint|p2b: Whimsicott
|
|-weather|Snowscape|[upkeep]
|-damage|p1b: Charizard|2/100 psn|[from] psn
|upkeep
|
|t:|1785276765
|switch|p2b: Samurott|Samurott-Hisui, L50, M|100/100
|turn|6
|
|t:|1785276777
|move|p1a: Ninetales|Protect|p1a: Ninetales
|-singleturn|p1a: Ninetales|Protect
|move|p2a: Staraptor|Roost|p2a: Staraptor
|-heal|p2a: Staraptor|65/100
|-singleturn|p2a: Staraptor|move: Roost
|move|p2b: Samurott|Sacred Sword|p1a: Ninetales
|-activate|p1a: Ninetales|move: Protect
|move|p1b: Charizard|Weather Ball|p2a: Staraptor
|-damage|p2a: Staraptor|20/100y
|
|-weather|Snowscape|[upkeep]
|-damage|p1b: Charizard|0 fnt|[from] psn
|faint|p1b: Charizard
|upkeep
|
|t:|1785276782
|switch|p1b: Kommo-o|Kommo-o, L50, F|90/100
|turn|7
|
|t:|1785276800
|move|p1b: Kommo-o|Protect|p1b: Kommo-o
|-singleturn|p1b: Kommo-o|Protect
|move|p2a: Staraptor|Brave Bird|p1b: Kommo-o
|-activate|p1b: Kommo-o|move: Protect
|move|p2b: Samurott|Sacred Sword|p1a: Ninetales
|-damage|p1a: Ninetales|51/100
|move|p1a: Ninetales|Blizzard|p2a: Staraptor|[spread] p2a,p2b
|-supereffective|p2a: Staraptor|1
|-resisted|p2b: Samurott|1
|-damage|p2a: Staraptor|0 fnt
|-damage|p2b: Samurott|74/100
|faint|p2a: Staraptor
|
|-weather|Snowscape|[upkeep]
|upkeep
|turn|8
|-message|scawy monsta forfeited.
|
|win|elmono11
|raw|elmono11's rating: 1431 → 1448(+17 for winning)
|raw|scawy monsta's rating: 1377 → 1360(-17 for losing)
