|j|☆Slowjow
|j|☆Aotius
|html|SlowjowAotius    
|uhtml|bestof|Game 2 of a best-of-3
|t:|1757720632
|gametype|doubles
|player|p1|Slowjow|1|1281
|player|p2|Aotius|170|1183
|gen|9
|tier|[Gen 9] VGC 2025 Reg H (Bo3)
|rated|
|rule|Species Clause: Limit one of each Pokémon
|rule|Item Clause: Limit 1 of each item
|clearpoke
|poke|p1|Gliscor, L50, F|
|poke|p1|Electabuzz, L50, F|
|poke|p1|Tauros-Paldea-Blaze, L50, M|
|poke|p1|Gastrodon, L50, M|
|poke|p1|Kingambit, L50, M|
|poke|p1|Ninetales-Alola, L50, M|
|poke|p2|Gholdengo, L50|
|poke|p2|Sneasler, L50, M|
|poke|p2|Rillaboom, L50, M|
|poke|p2|Dragonite, L50, F|
|poke|p2|Ninetales-Alola, L50, M|
|poke|p2|Arcanine-Hisui, L50, M|
|teampreview|4
|showteam|p1|Gliscor||ToxicOrb|PoisonHeal|HighHorsepower,DualWingbeat,SwordsDance,Protect|||F|||50|,,,,,Water]Electabuzz||Eviolite|VitalSpirit|Electroweb,Taunt,FollowMe,Protect|||F|||50|,,,,,Ghost]Tauros-Paldea-Blaze||MirrorHerb|Intimidate|RagingBull,CloseCombat,WillOWisp,Protect|||M|||50|,,,,,Grass]Gastrodon||Leftovers|StormDrain|MuddyWater,ClearSmog,Yawn,Protect|||M|||50|,,,,,Fire]Kingambit||BlackGlasses|Defiant|KowtowCleave,SuckerPunch,SwordsDance,Protect|||M|||50|,,,,,Dark]Ninetales-Alola||LightClay|SnowWarning|AuroraVeil,FreezeDry,Encore,Protect|||M|||50|,,,,,Water
|showteam|p2|Gholdengo||GrassySeed|GoodasGold|NastyPlot,MakeItRain,ShadowBall,Protect||||||50|,,,,,Water]Sneasler||WhiteHerb|Unburden|CloseCombat,DireClaw,Coaching,Protect|||M|||50|,,,,,Ghost]Rillaboom||AssaultVest|GrassySurge|FakeOut,GrassyGlide,DrumBeating,HighHorsepower|||M|||50|,,,,,Fire]Dragonite||LoadedDice|Multiscale|ScaleShot,StompingTantrum,Tailwind,Protect|||F|||50|,,,,,Ground]Ninetales-Alola||FocusSash|SnowWarning|Blizzard,IcyWind,Encore,AuroraVeil|||M|||50|,,,,,Ghost]Arcanine-Hisui||ClearAmulet|Intimidate|RockSlide,FlareBlitz,ExtremeSpeed,Protect|||M|||50|,,,,,Water
|
|t:|1757720644
|teamsize|p1|4
|teamsize|p2|4
|start
|switch|p1a: Electabuzz|Electabuzz, L50, F|100/100
|switch|p1b: Kingambit|Kingambit, L50, M|100/100
|switch|p2a: Sneasler|Sneasler, L50, M|100/100
|switch|p2b: Arcanine|Arcanine-Hisui, L50, M|100/100
|-ability|p2b: Arcanine|Intimidate|boost
|-unboost|p1a: Electabuzz|atk|1
|-unboost|p1b: Kingambit|atk|1
|-ability|p1b: Kingambit|Defiant|boost
|-boost|p1b: Kingambit|atk|2
|turn|1
|inactive|Battle timer is ON: inactive players will automatically lose when time's up. (requested by Aotius)
|
|t:|1757720660
|move|p2b: Arcanine|Protect|p2b: Arcanine
|-singleturn|p2b: Arcanine|Protect
|move|p1a: Electabuzz|Follow Me|p1a: Electabuzz
|-singleturn|p1a: Electabuzz|move: Follow Me
|move|p2a: Sneasler|Coaching|p2b: Arcanine
|-boost|p2b: Arcanine|atk|1
|-boost|p2b: Arcanine|def|1
|move|p1b: Kingambit|Kowtow Cleave|p2b: Arcanine
|-activate|p2b: Arcanine|move: Protect
|
|upkeep
|turn|2
|
|t:|1757720677
|move|p1b: Kingambit|Protect|p1b: Kingambit
|-singleturn|p1b: Kingambit|Protect
|move|p2a: Sneasler|Close Combat|p1b: Kingambit
|-activate|p1b: Kingambit|move: Protect
|move|p2b: Arcanine|Rock Slide|p1a: Electabuzz|[spread] p1a
|-activate|p1b: Kingambit|move: Protect
|-damage|p1a: Electabuzz|74/100
|cant|p1a: Electabuzz|flinch
|
|upkeep
|turn|3
|
|t:|1757720692
|move|p1a: Electabuzz|Follow Me|p1a: Electabuzz
|-singleturn|p1a: Electabuzz|move: Follow Me
|move|p2a: Sneasler|Close Combat|p1a: Electabuzz
|-damage|p1a: Electabuzz|28/100
|-unboost|p2a: Sneasler|def|1
|-unboost|p2a: Sneasler|spd|1
|-enditem|p2a: Sneasler|White Herb
|-clearnegativeboost|p2a: Sneasler|[silent]
|move|p2b: Arcanine|Rock Slide|p1b: Kingambit|[spread] p1a,p1b
|-resisted|p1b: Kingambit
|-damage|p1a: Electabuzz|2/100
|-damage|p1b: Kingambit|87/100
|cant|p1b: Kingambit|flinch
|
|upkeep
|turn|4
|inactive|Slowjow has 30 seconds left.
|
|t:|1757720718
|move|p1b: Kingambit|Protect|p1b: Kingambit
|-singleturn|p1b: Kingambit|Protect
|move|p1a: Electabuzz|Follow Me|p1a: Electabuzz
|-singleturn|p1a: Electabuzz|move: Follow Me
|move|p2a: Sneasler|Close Combat|p1a: Electabuzz
|-damage|p1a: Electabuzz|0 fnt
|-unboost|p2a: Sneasler|def|1
|-unboost|p2a: Sneasler|spd|1
|faint|p1a: Electabuzz
|move|p2b: Arcanine|Flare Blitz|p1b: Kingambit
|-activate|p1b: Kingambit|move: Protect
|
|upkeep
|
|t:|1757720738
|switch|p1a: Gastrodon|Gastrodon, L50, M|100/100
|turn|5
|
|t:|1757720755
|-terastallize|p2b: Arcanine|Water
|-terastallize|p1b: Kingambit|Dark
|move|p1b: Kingambit|Sucker Punch|p2a: Sneasler
|-resisted|p2a: Sneasler
|-damage|p2a: Sneasler|3/100
|move|p2a: Sneasler|Close Combat|p1b: Kingambit
|-supereffective|p1b: Kingambit
|-damage|p1b: Kingambit|2/100
|-unboost|p2a: Sneasler|def|1
|-unboost|p2a: Sneasler|spd|1
|move|p2b: Arcanine|Flare Blitz|p1b: Kingambit
|-crit|p1b: Kingambit
|-damage|p1b: Kingambit|0 fnt
|faint|p1b: Kingambit
|-damage|p2b: Arcanine|99/100|[from] Recoil
|move|p1a: Gastrodon|Muddy Water|p2a: Sneasler|[spread] p2b
|-miss|p1a: Gastrodon|p2a: Sneasler
|-resisted|p2b: Arcanine
|-crit|p2b: Arcanine
|-damage|p2b: Arcanine|81/100
|
|upkeep
|
|t:|1757720777
|switch|p1b: Tauros|Tauros-Paldea-Blaze, L50, M|100/100
|-ability|p1b: Tauros|Intimidate|boost
|-unboost|p2a: Sneasler|atk|1
|-fail|p2b: Arcanine|unboost|[from] item: Clear Amulet|[of] p2b: Arcanine
|turn|6
|
|t:|1757720801
|move|p1b: Tauros|Protect|p1b: Tauros
|-singleturn|p1b: Tauros|Protect
|move|p2a: Sneasler|Coaching|p2b: Arcanine
|-boost|p2b: Arcanine|atk|1
|-boost|p2b: Arcanine|def|1
|-enditem|p1b: Tauros|Mirror Herb
|-boost|p1b: Tauros|atk|1|[from] item: Mirror Herb
|-boost|p1b: Tauros|def|1|[from] item: Mirror Herb
|move|p2b: Arcanine|Rock Slide|p1b: Tauros|[spread] p1a
|-activate|p1b: Tauros|move: Protect
|-resisted|p1a: Gastrodon
|-damage|p1a: Gastrodon|79/100
|move|p1a: Gastrodon|Yawn|p2b: Arcanine
|-start|p2b: Arcanine|move: Yawn|[of] p1a: Gastrodon
|
|-heal|p1a: Gastrodon|85/100|[from] item: Leftovers
|upkeep
|turn|7
|inactive|Aotius has 30 seconds left.
|inactive|Aotius has 20 seconds left.
|
|t:|1757720839
|move|p2a: Sneasler|Dire Claw|p1b: Tauros
|-damage|p1b: Tauros|82/100
|move|p1b: Tauros|Raging Bull|p2b: Arcanine
|-resisted|p2b: Arcanine
|-damage|p2b: Arcanine|61/100
|move|p2b: Arcanine|Flare Blitz|p1b: Tauros
|-resisted|p1b: Tauros
|-damage|p1b: Tauros|39/100
|-damage|p2b: Arcanine|48/100|[from] Recoil
|move|p1a: Gastrodon|Muddy Water|p2b: Arcanine|[spread] p2a
|-miss|p1a: Gastrodon|p2b: Arcanine
|-damage|p2a: Sneasler|0 fnt
|faint|p2a: Sneasler
|
|-heal|p1a: Gastrodon|91/100|[from] item: Leftovers
|-end|p2b: Arcanine|move: Yawn|[silent]
|-status|p2b: Arcanine|slp
|upkeep
|
|t:|1757720852
|switch|p2a: Ninetales|Ninetales-Alola, L50, M|100/100
|-weather|Snowscape|[from] ability: Snow Warning|[of] p2a: Ninetales
|turn|8
|
|t:|1757720867
|cant|p2b: Arcanine|slp
|move|p2a: Ninetales|Aurora Veil|p2a: Ninetales
|-sidestart|p2: Aotius|move: Aurora Veil
|move|p1b: Tauros|Raging Bull|p2a: Ninetales
|-sideend|p2: Aotius|move: Aurora Veil
|-supereffective|p2a: Ninetales
|-enditem|p2a: Ninetales|Focus Sash
|-damage|p2a: Ninetales|1/100
|move|p1a: Gastrodon|Muddy Water|p2b: Arcanine|[spread] p2a,p2b
|-resisted|p2b: Arcanine
|-damage|p2a: Ninetales|0 fnt
|-damage|p2b: Arcanine|35/100 slp
|faint|p2a: Ninetales
|
|-weather|Snowscape|[upkeep]
|-heal|p1a: Gastrodon|97/100|[from] item: Leftovers
|upkeep
|
|t:|1757720873
|switch|p2a: Rillaboom|Rillaboom, L50, M|100/100
|-fieldstart|move: Grassy Terrain|[from] ability: Grassy Surge|[of] p2a: Rillaboom
|turn|9
|
|t:|1757720893
|move|p1b: Tauros|Close Combat|p2b: Arcanine
|-damage|p2b: Arcanine|0 fnt
|-unboost|p1b: Tauros|def|1
|-unboost|p1b: Tauros|spd|1
|faint|p2b: Arcanine
|move|p2a: Rillaboom|Drum Beating|p1a: Gastrodon
|-supereffective|p1a: Gastrodon
|-damage|p1a: Gastrodon|0 fnt
|faint|p1a: Gastrodon
|
|-weather|Snowscape|[upkeep]
|-heal|p1b: Tauros|45/100|[from] Grassy Terrain
|upkeep
|turn|10
|
|t:|1757720914
|move|p1b: Tauros|Will-O-Wisp|p2a: Rillaboom
|-status|p2a: Rillaboom|brn
|move|p2a: Rillaboom|High Horsepower|p1b: Tauros
|-supereffective|p1b: Tauros
|-damage|p1b: Tauros|12/100
|
|-weather|Snowscape|[upkeep]
|-heal|p1b: Tauros|18/100|[from] Grassy Terrain
|-damage|p2a: Rillaboom|95/100 brn|[from] brn
|upkeep
|turn|11
|
|t:|1757720926
|move|p1b: Tauros|Protect|p1b: Tauros
|-singleturn|p1b: Tauros|Protect
|move|p2a: Rillaboom|Drum Beating|p1b: Tauros
|-activate|p1b: Tauros|move: Protect
|
|-weather|Snowscape|[upkeep]
|-heal|p1b: Tauros|24/100|[from] Grassy Terrain
|-heal|p2a: Rillaboom|100/100 brn|[from] Grassy Terrain
|-damage|p2a: Rillaboom|95/100 brn|[from] brn
|upkeep
|turn|12
|
|t:|1757720936
|move|p1b: Tauros|Raging Bull|p2a: Rillaboom
|-supereffective|p2a: Rillaboom
|-damage|p2a: Rillaboom|0 fnt
|faint|p2a: Rillaboom
|
|win|Slowjow
||Aotius is ready for game 3.
|inactive|Slowjow has 30 seconds to confirm battle start!
||Slowjow is ready for game 3.
|uhtml|next|Next: Game 3 of 3
