|j|☆el1azsm
|j|☆Hossss
|html|el1azsmHossss    
|uhtml|bestof|Game 2 of a best-of-3
|t:|1757791503
|gametype|doubles
|player|p1|el1azsm|proton|1078
|player|p2|Hossss|n|1111
|gen|9
|tier|[Gen 9] VGC 2025 Reg H (Bo3)
|rated|
|rule|Species Clause: Limit one of each Pokémon
|rule|Item Clause: Limit 1 of each item
|clearpoke
|poke|p1|Torkoal, L50, M|
|poke|p1|Porygon2, L50|
|poke|p1|Ursaluna, L50, F|
|poke|p1|Charizard, L50, F|
|poke|p1|Incineroar, L50, M|
|poke|p1|Whimsicott, L50, F|
|poke|p2|Politoed, L50, M|
|poke|p2|Archaludon, L50, M|
|poke|p2|Kingdra, L50, F|
|poke|p2|Incineroar, L50, M|
|poke|p2|Amoonguss, L50, F|
|poke|p2|Gothitelle, L50, M|
|teampreview|4
|showteam|p1|Torkoal||EjectPack|Drought|Protect,EarthPower,Overheat,Eruption|||M|||50|,,,,,Fire]Porygon2||Eviolite|Analytic|TeraBlast,TrickRoom,IceBeam,Recover||||||50|,,,,,Fighting]Ursaluna||FlameOrb|Guts|Protect,HeadlongRush,Earthquake,Facade|||F|||50|,,,,,Ghost]Charizard||ChoiceSpecs|SolarPower|HeatWave,Overheat,WeatherBall,AirSlash|||F|||50|,,,,,Fire]Incineroar||AssaultVest|Intimidate|KnockOff,FakeOut,FlareBlitz,Uturn|||M|||50|,,,,,Grass]Whimsicott||CovertCloak|Prankster|Moonblast,Tailwind,SunnyDay,LightScreen|||F|||50|,,,,,Dark
|showteam|p2|Politoed||Leftovers|Drizzle|Protect,WeatherBall,PerishSong,Encore|||M|||50|,,,,,Grass]Archaludon||PowerHerb|Sturdy|Protect,ElectroShot,FlashCannon,DragonPulse|||M|||50|,,,,,Electric]Kingdra||LifeOrb|SwiftSwim|Protect,DracoMeteor,WeatherBall,MuddyWater|||F|||50|,,,,,Stellar]Incineroar||SafetyGoggles|Intimidate|FakeOut,KnockOff,PartingShot,Protect|||M|||50|,,,,,Ghost]Amoonguss||EjectButton|Regenerator|Protect,RagePowder,Spore,PollenPuff|||F|||50|,,,,,Fairy]Gothitelle||SitrusBerry|ShadowTag|Protect,Psychic,FakeOut,TrickRoom|||M|||50|,,,,,Dark
|inactive|Battle timer is ON: inactive players will automatically lose when time's up. (requested by Hossss)
|inactive|el1azsm has 60 seconds left.
|
|t:|1757791582
|teamsize|p1|4
|teamsize|p2|4
|start
|switch|p1a: Whimsicott|Whimsicott, L50, F|100/100
|switch|p1b: Incineroar|Incineroar, L50, M|100/100
|switch|p2a: Kingdra|Kingdra, L50, F|100/100
|switch|p2b: Incineroar|Incineroar, L50, M|100/100
|-ability|p1b: Incineroar|Intimidate|boost
|-unboost|p2a: Kingdra|atk|1
|-unboost|p2b: Incineroar|atk|1
|-ability|p2b: Incineroar|Intimidate|boost
|-unboost|p1a: Whimsicott|atk|1
|-unboost|p1b: Incineroar|atk|1
|turn|1
|inactive|Hossss has 30 seconds left.
|
|t:|1757791607
|move|p1b: Incineroar|Fake Out|p2a: Kingdra
|-crit|p2a: Kingdra
|-damage|p2a: Kingdra|78/100
|move|p1a: Whimsicott|Tailwind|p1a: Whimsicott
|-sidestart|p1: el1azsm|move: Tailwind
|cant|p2a: Kingdra|flinch
|move|p2b: Incineroar|Knock Off|p1b: Incineroar
|-resisted|p1b: Incineroar
|-damage|p1b: Incineroar|90/100
|-enditem|p1b: Incineroar|Assault Vest|[from] move: Knock Off|[of] p2b: Incineroar
|
|upkeep
|turn|2
|inactive|Hossss has 30 seconds left.
|
|t:|1757791636
|move|p2a: Kingdra|Protect|p2a: Kingdra
|-singleturn|p2a: Kingdra|Protect
|move|p2b: Incineroar|Protect|p2b: Incineroar
|-singleturn|p2b: Incineroar|Protect
|move|p1a: Whimsicott|Light Screen|p1a: Whimsicott
|-sidestart|p1: el1azsm|move: Light Screen
|move|p1b: Incineroar|Knock Off|p2a: Kingdra
|-activate|p2a: Kingdra|move: Protect
|
|upkeep
|turn|3
|
|t:|1757791653
|switch|p2b: Politoed|Politoed, L50, M|100/100
|-weather|RainDance|[from] ability: Drizzle|[of] p2b: Politoed
|-terastallize|p2a: Kingdra|Stellar
|move|p1a: Whimsicott|Sunny Day|p1a: Whimsicott
|-weather|SunnyDay
|move|p1b: Incineroar|Knock Off|p2a: Kingdra
|-damage|p2a: Kingdra|44/100
|-enditem|p2a: Kingdra|Life Orb|[from] move: Knock Off|[of] p1b: Incineroar
|move|p2a: Kingdra|Weather Ball|p1b: Incineroar
|-resisted|p1b: Incineroar
|-damage|p1b: Incineroar|73/100
|
|-weather|SunnyDay|[upkeep]
|upkeep
|turn|4
|inactive|el1azsm has 30 seconds left.
|
|t:|1757791679
|switch|p2a: Incineroar|Incineroar, L50, M|100/100
|-ability|p2a: Incineroar|Intimidate|boost
|-unboost|p1a: Whimsicott|atk|1
|-unboost|p1b: Incineroar|atk|1
|move|p1a: Whimsicott|Moonblast|p2a: Incineroar
|-damage|p2a: Incineroar|75/100
|-unboost|p2a: Incineroar|spa|1
|move|p1b: Incineroar|Knock Off|p2b: Politoed
|-damage|p2b: Politoed|80/100
|-enditem|p2b: Politoed|Leftovers|[from] move: Knock Off|[of] p1b: Incineroar
|move|p2b: Politoed|Weather Ball|p1a: Whimsicott
|-supereffective|p1a: Whimsicott
|-damage|p1a: Whimsicott|27/100
|
|-weather|SunnyDay|[upkeep]
|-sideend|p1: el1azsm|move: Tailwind
|upkeep
|turn|5
|inactive|el1azsm has 30 seconds left.
|inactive|Hossss has 30 seconds left.
|inactive|el1azsm has 20 seconds left.
|inactive|Hossss has 20 seconds left.
|inactive|el1azsm has 15 seconds left.
|inactive|Hossss has 15 seconds left.
|inactive|Hossss has 10 seconds left.
|inactive|Hossss has 5 seconds left.
|
|t:|1757791731
|switch|p1a: Charizard|Charizard, L50, F|100/100
|move|p2b: Politoed|Weather Ball|p1a: Charizard
|-resisted|p1a: Charizard
|-damage|p1a: Charizard|87/100
|move|p1b: Incineroar|U-turn|p2a: Incineroar
|-damage|p2a: Incineroar|65/100
|
|t:|1757791742
|switch|p1b: Whimsicott|Whimsicott, L50, F|27/100|[from] U-turn
|move|p2a: Incineroar|Parting Shot|p1b: Whimsicott
|-unboost|p1b: Whimsicott|atk|1
|-unboost|p1b: Whimsicott|spa|1
|
|t:|1757791750
|switch|p2a: Gothitelle|Gothitelle, L50, M|100/100|[from] Parting Shot
|
|-weather|SunnyDay|[upkeep]
|-damage|p1a: Charizard|75/100|[from] ability: Solar Power|[of] p1a: Charizard
|upkeep
|turn|6
|
|t:|1757791772
|move|p2a: Gothitelle|Fake Out|p1a: Charizard
|-damage|p1a: Charizard|66/100
|move|p1b: Whimsicott|Sunny Day||[still]
|-fail|p1b: Whimsicott
|cant|p1a: Charizard|flinch
|move|p2b: Politoed|Encore|p1b: Whimsicott
|-start|p1b: Whimsicott|Encore
|
|-weather|SunnyDay|[upkeep]
|-damage|p1a: Charizard|53/100|[from] ability: Solar Power|[of] p1a: Charizard
|-sideend|p1: el1azsm|move: Light Screen
|upkeep
|turn|7
|inactive|Hossss has 30 seconds left.
|
|t:|1757791802
|-terastallize|p1a: Charizard|Fire
|move|p2a: Gothitelle|Protect|p2a: Gothitelle
|-singleturn|p2a: Gothitelle|Protect
|move|p1b: Whimsicott|Sunny Day||[still]
|-fail|p1b: Whimsicott
|move|p1a: Charizard|Heat Wave|p2a: Gothitelle|[spread] p2b
|-activate|p2a: Gothitelle|move: Protect
|-resisted|p2b: Politoed
|-damage|p2b: Politoed|27/100
|move|p2b: Politoed|Weather Ball|p1a: Charizard
|-resisted|p1a: Charizard
|-damage|p1a: Charizard|30/100
|
|-weather|none
|upkeep
|turn|8
|
|t:|1757791826
|switch|p2b: Kingdra|Kingdra, L50, F, tera:Stellar|44/100
|switch|p2a: Incineroar|Incineroar, L50, M|65/100
|-ability|p2a: Incineroar|Intimidate|boost
|-unboost|p1a: Charizard|atk|1
|-unboost|p1b: Whimsicott|atk|1
|move|p1b: Whimsicott|Sunny Day|p1b: Whimsicott
|-weather|SunnyDay
|move|p1a: Charizard|Heat Wave|p2b: Kingdra|[spread] p2b
|-miss|p1a: Charizard|p2a: Incineroar
|-resisted|p2b: Kingdra
|-damage|p2b: Kingdra|0 fnt
|faint|p2b: Kingdra
|
|-weather|SunnyDay|[upkeep]
|-damage|p1a: Charizard|17/100|[from] ability: Solar Power|[of] p1a: Charizard
|upkeep
|
|t:|1757791843
|switch|p2b: Gothitelle|Gothitelle, L50, M|100/100
|turn|9
|
|t:|1757791855
|move|p2a: Incineroar|Fake Out|p1a: Charizard
|-damage|p1a: Charizard|2/100
|move|p1b: Whimsicott|Sunny Day||[still]
|-fail|p1b: Whimsicott
|cant|p1a: Charizard|flinch
|move|p2b: Gothitelle|Psychic|p1b: Whimsicott
|-damage|p1b: Whimsicott|0 fnt
|faint|p1b: Whimsicott
|
|-weather|SunnyDay|[upkeep]
|-damage|p1a: Charizard|0 fnt|[from] ability: Solar Power|[of] p1a: Charizard
|faint|p1a: Charizard
|upkeep
|j| sam smithy
|
|t:|1757791866
|switch|p1b: Porygon2|Porygon2, L50|100/100
|switch|p1a: Incineroar|Incineroar, L50, M|73/100
|-ability|p1a: Incineroar|Intimidate|boost
|-unboost|p2a: Incineroar|atk|1
|-unboost|p2b: Gothitelle|atk|1
|turn|10
|
|t:|1757791885
|move|p2b: Gothitelle|Protect|p2b: Gothitelle
|-singleturn|p2b: Gothitelle|Protect
|move|p1a: Incineroar|Fake Out|p2b: Gothitelle
|-activate|p2b: Gothitelle|move: Protect
|move|p1b: Porygon2|Tera Blast|p2b: Gothitelle
|-activate|p2b: Gothitelle|move: Protect
|move|p2a: Incineroar|Parting Shot|p1b: Porygon2
|-unboost|p1b: Porygon2|atk|1
|-unboost|p1b: Porygon2|spa|1
|
|t:|1757791896
|switch|p2a: Politoed|Politoed, L50, M|27/100|[from] Parting Shot
|-weather|RainDance|[from] ability: Drizzle|[of] p2a: Politoed
|
|-weather|RainDance|[upkeep]
|upkeep
|turn|11
|
|t:|1757791906
|switch|p2b: Incineroar|Incineroar, L50, M|65/100
|-ability|p2b: Incineroar|Intimidate|boost
|-unboost|p1a: Incineroar|atk|1
|-unboost|p1b: Porygon2|atk|1
|move|p2a: Politoed|Perish Song|p2a: Politoed
|-start|p1a: Incineroar|perish3|[silent]
|-start|p1b: Porygon2|perish3|[silent]
|-start|p2a: Politoed|perish3|[silent]
|-start|p2b: Incineroar|perish3|[silent]
|-fieldactivate|move: Perish Song
|move|p1a: Incineroar|Knock Off|p2b: Incineroar
|-resisted|p2b: Incineroar
|-crit|p2b: Incineroar
|-damage|p2b: Incineroar|37/100
|-enditem|p2b: Incineroar|Safety Goggles|[from] move: Knock Off|[of] p1a: Incineroar
|move|p1b: Porygon2|Tera Blast|p2a: Politoed
|-damage|p2a: Politoed|2/100
|
|-weather|RainDance|[upkeep]
|-start|p2a: Politoed|perish3
|-start|p1a: Incineroar|perish3
|-start|p1b: Porygon2|perish3
|-start|p2b: Incineroar|perish3
|upkeep
|turn|12
|
|t:|1757791929
|move|p2a: Politoed|Protect|p2a: Politoed
|-singleturn|p2a: Politoed|Protect
|move|p2b: Incineroar|Protect|p2b: Incineroar
|-singleturn|p2b: Incineroar|Protect
|move|p1a: Incineroar|Knock Off|p2a: Politoed
|-activate|p2a: Politoed|move: Protect
|move|p1b: Porygon2|Tera Blast|p2b: Incineroar
|-activate|p2b: Incineroar|move: Protect
|
|-weather|RainDance|[upkeep]
|-start|p2a: Politoed|perish2
|-start|p1a: Incineroar|perish2
|-start|p1b: Porygon2|perish2
|-start|p2b: Incineroar|perish2
|upkeep
|turn|13
|
|t:|1757791951
|move|p2a: Politoed|Weather Ball|p1a: Incineroar
|-supereffective|p1a: Incineroar
|-damage|p1a: Incineroar|0 fnt
|faint|p1a: Incineroar
|move|p1b: Porygon2|Tera Blast|p2b: Incineroar
|-damage|p2b: Incineroar|21/100
|move|p2b: Incineroar|Parting Shot|p1b: Porygon2
|-unboost|p1b: Porygon2|atk|1
|-unboost|p1b: Porygon2|spa|1
|
|t:|1757791961
|switch|p2b: Gothitelle|Gothitelle, L50, M|100/100|[from] Parting Shot
|
|-weather|RainDance|[upkeep]
|-start|p2a: Politoed|perish1
|-start|p1b: Porygon2|perish1
|upkeep
|turn|14
|-message|el1azsm forfeited.
|
|win|Hossss
|raw|el1azsm's rating: 1078 → 1058(-20 for losing)
|raw|Hossss's rating: 1111 → 1134(+23 for winning)
|l|☆el1azsm
|player|p1|
