|j|☆grfynnvgc
|j|☆ladysylmanar
|html|grfynnvgcladysylmanar    
|uhtml|bestof|Game 1 of a best-of-3
|t:|1784677388
|gametype|doubles
|player|p1|grfynnvgc|boarder|1118
|player|p2|ladysylmanar|1|1148
|gen|9
|tier|[Gen 9 Champions] VGC 2026 Reg M-B (Bo3)
|rated|
|rule|Species Clause: Limit one of each Pokémon
|rule|Item Clause: Limit 1 of each item
|clearpoke
|poke|p1|Tyranitar, L50, F|
|poke|p1|Excadrill, L50, F|
|poke|p1|Milotic, L50, M|
|poke|p1|Sinistcha, L50|
|poke|p1|Staraptor, L50, F|
|poke|p1|Gholdengo, L50|
|poke|p2|Sinistcha, L50|
|poke|p2|Gholdengo, L50|
|poke|p2|Palafin, L50, F|
|poke|p2|Barbaracle, L50, F|
|poke|p2|Whimsicott, L50, F|
|poke|p2|Incineroar, L50, F|
|teampreview|4
|showteam|p1|Tyranitar||Tyranitarite|SandStream|RockSlide,KnockOff,HighHorsepower,Protect|Jolly||F|||50|]Excadrill||FocusSash|SandRush|IronHead,Earthquake,RockSlide,Protect|Jolly||F|||50|]Milotic||SitrusBerry|Competitive|Scald,IcyWind,Haze,Protect|Calm||M|||50|]Sinistcha||ColburBerry|Hospitality|MatchaGotcha,ShadowBall,RagePowder,Protect|Bold|||||50|]Staraptor||Staraptite|Intimidate|CloseCombat,BraveBird,Tailwind,Protect|Jolly||F|||50|]Gholdengo||LifeOrb|GoodasGold|ShadowBall,MakeItRain,NastyPlot,Protect|Modest|||||50|
|showteam|p2|Sinistcha||ColburBerry|Hospitality|MatchaGotcha,RagePowder,LifeDew,Protect|Bold|||||50|]Gholdengo||LifeOrb|GoodasGold|NastyPlot,MakeItRain,ShadowBall,Protect|Timid|||||50|]Palafin||ChoiceScarf|ZerotoHero|FlipTurn,WaveCrash,CloseCombat,JetPunch|Jolly||F|||50|]Barbaracle||Barbaracite|ToughClaws|ShellSmash,RockSlide,CloseCombat,Protect|Adamant||F|||50|]Whimsicott||FocusSash|Prankster|Tailwind,Moonblast,HelpingHand,Protect|Bold||F|||50|]Incineroar||SitrusBerry|Intimidate|FlareBlitz,DarkestLariat,PartingShot,FakeOut|Careful||F|||50|
|inactive|Battle timer is ON: inactive players will automatically lose when time's up. (requested by grfynnvgc)
|
|t:|1784677443
|teamsize|p1|4
|teamsize|p2|4
|start
|switch|p1a: Staraptor|Staraptor, L50, F|100/100
|switch|p1b: Milotic|Milotic, L50, M|100/100
|switch|p2a: Palafin|Palafin, L50, F|100/100
|switch|p2b: Barbaracle|Barbaracle, L50, F|100/100
|-ability|p1a: Staraptor|Intimidate|boost
|-unboost|p2a: Palafin|atk|1
|-unboost|p2b: Barbaracle|atk|1
|turn|1
|inactive|grfynnvgc has 30 seconds left.
|inactive|ladysylmanar has 30 seconds left.
|
|t:|1784677473
|switch|p2b: Sinistcha|Sinistcha, L50|100/100
|detailschange|p1a: Staraptor|Staraptor-Mega, L50, F
|-mega|p1a: Staraptor|Staraptor|Staraptite
|move|p2a: Palafin|Flip Turn|p1a: Staraptor
|-damage|p1a: Staraptor|86/100
|
|t:|1784677479
|detailschange|p2a: Palafin|Palafin-Hero, L50, F
|switch|p2a: Barbaracle|Barbaracle, L50, F|100/100|[from] Flip Turn
|move|p1a: Staraptor|Close Combat|p2b: Sinistcha
|-immune|p2b: Sinistcha
|move|p1b: Milotic|Scald|p2a: Barbaracle
|-crit|p2a: Barbaracle
|-damage|p2a: Barbaracle|41/100
|
|upkeep
|turn|2
|
|t:|1784677496
|move|p2b: Sinistcha|Rage Powder|p2b: Sinistcha
|-singleturn|p2b: Sinistcha|move: Rage Powder
|move|p1a: Staraptor|Brave Bird|p2b: Sinistcha
|-supereffective|p2b: Sinistcha|1
|-damage|p2b: Sinistcha|15/100
|-damage|p1a: Staraptor|60/100|[from] Recoil
|move|p2a: Barbaracle|Shell Smash|p2a: Barbaracle
|-unboost|p2a: Barbaracle|def|1
|-unboost|p2a: Barbaracle|spd|1
|-boost|p2a: Barbaracle|atk|2
|-boost|p2a: Barbaracle|spa|2
|-boost|p2a: Barbaracle|spe|2
|move|p1b: Milotic|Icy Wind|p2b: Sinistcha|[spread] p2a,p2b
|-resisted|p2a: Barbaracle|1
|-supereffective|p2b: Sinistcha|1
|-damage|p2a: Barbaracle|31/100
|-damage|p2b: Sinistcha|0 fnt
|-unboost|p2a: Barbaracle|spe|1
|faint|p2b: Sinistcha
|
|upkeep
|
|t:|1784677515
|switch|p2b: Whimsicott|Whimsicott, L50, F|100/100
|turn|3
|
|t:|1784677534
|switch|p1a: Sinistcha|Sinistcha, L50|100/100
|detailschange|p2a: Barbaracle|Barbaracle-Mega, L50, F
|-mega|p2a: Barbaracle|Barbaracle|Barbaracite
|move|p2b: Whimsicott|Helping Hand|p2a: Barbaracle
|-singleturn|p2a: Barbaracle|Helping Hand|[of] p2b: Whimsicott
|move|p2a: Barbaracle|Rock Slide|p1b: Milotic|[spread] p1a,p1b
|-damage|p1a: Sinistcha|20/100y
|-damage|p1b: Milotic|6/100
|-enditem|p1b: Milotic|Sitrus Berry|[eat]
|-heal|p1b: Milotic|31/100|[from] item: Sitrus Berry
|move|p1b: Milotic|Icy Wind|p2b: Whimsicott|[spread] p2a,p2b
|-supereffective|p2b: Whimsicott|1
|-damage|p2a: Barbaracle|13/100
|-damage|p2b: Whimsicott|72/100
|-unboost|p2a: Barbaracle|spe|1
|-unboost|p2b: Whimsicott|spe|1
|
|upkeep
|turn|4
|inactive|grfynnvgc has 30 seconds left.
|
|t:|1784677561
|move|p2b: Whimsicott|Tailwind|p2b: Whimsicott
|-sidestart|p2: ladysylmanar|move: Tailwind
|move|p2a: Barbaracle|Rock Slide|p1a: Sinistcha|[spread] p1a,p1b
|-damage|p1a: Sinistcha|0 fnt
|-damage|p1b: Milotic|0 fnt
|faint|p1a: Sinistcha
|faint|p1b: Milotic
|
|upkeep
|
|t:|1784677566
|switch|p1b: Gholdengo|Gholdengo, L50|100/100
|switch|p1a: Staraptor|Staraptor-Mega, L50, F|60/100
|turn|5
|
|t:|1784677589
|move|p2a: Barbaracle|Rock Slide|p1a: Staraptor|[spread] p1a,p1b
|-crit|p1a: Staraptor
|-resisted|p1b: Gholdengo|1
|-damage|p1a: Staraptor|0 fnt
|-damage|p1b: Gholdengo|70/100
|faint|p1a: Staraptor
|move|p2b: Whimsicott|Moonblast|p1b: Gholdengo
|-resisted|p1b: Gholdengo|1
|-damage|p1b: Gholdengo|57/100
|cant|p1b: Gholdengo|flinch
|
|upkeep
|turn|6
|-message|grfynnvgc forfeited.
|
|win|ladysylmanar
