|j|☆Bellbottoms
|j|☆palle synchro
|html|Bellbottomspalle synchro    
|uhtml|bestof|Game 2 of a best-of-3
|t:|1757080631
|gametype|doubles
|player|p1|Bellbottoms|pokemonbreederf-gen4|1474
|player|p2|palle synchro|volkner|1414
|gen|9
|tier|[Gen 9] VGC 2025 Reg H (Bo3)
|rated|
|rule|Species Clause: Limit one of each Pokémon
|rule|Item Clause: Limit 1 of each item
|clearpoke
|poke|p1|Gholdengo, L50|
|poke|p1|Rillaboom, L50, F|
|poke|p1|Arcanine-Hisui, L50, F|
|poke|p1|Sneasler, L50, F|
|poke|p1|Dragonite, L50, F|
|poke|p1|Ninetales-Alola, L50, F|
|poke|p2|Whimsicott, L50, F|
|poke|p2|Annihilape, L50, F|
|poke|p2|Indeedee, L50, M|
|poke|p2|Sneasler, L50, M|
|poke|p2|Ursaluna-Bloodmoon, L50, M|
|poke|p2|Archaludon, L50, F|
|teampreview|4
|showteam|p1|Gholdengo||GrassySeed|GoodasGold|MakeItRain,NastyPlot,ShadowBall,Protect||||||50|,,,,,Water]Rillaboom||AssaultVest|GrassySurge|WoodHammer,GrassyGlide,FakeOut,Uturn|||F|||50|,,,,,Fire]Arcanine-Hisui||ClearAmulet|Intimidate|RockSlide,FlareBlitz,ExtremeSpeed,Protect|||F|||50|,,,,,Water]Sneasler||WhiteHerb|Unburden|CloseCombat,DireClaw,Coaching,Protect|||F|||50|,,,,,Ghost]Dragonite||LoadedDice|Multiscale|ScaleShot,StompingTantrum,Protect,Tailwind|||F|||50|,,,,,Ground]Ninetales-Alola||FocusSash|SnowWarning|Blizzard,IcyWind,AuroraVeil,Encore|||F|||50|,,,,,Ghost
|showteam|p2|Whimsicott||CovertCloak|Prankster|Moonblast,Taunt,Tailwind,FakeTears|||F|||50|,,,,,Water]Annihilape||SafetyGoggles|Defiant|CloseCombat,RageFist,FinalGambit,Taunt|||F|||50|,,,,,Water]Indeedee||FocusSash|PsychicSurge|ExpandingForce,TeraBlast,Imprison,TrickRoom|||M|||50|,,,,,Psychic]Sneasler||PsychicSeed|Unburden|CloseCombat,DireClaw,ThroatChop,Protect|||M|||50|,,,,,Dark]Ursaluna-Bloodmoon||LifeOrb|MindsEye|HyperVoice,BloodMoon,EarthPower,Protect|||M|||50|,,,,,Normal]Archaludon||PowerHerb|Sturdy|ElectroShot,DragonPulse,Thunderbolt,Protect|||F|||50|,,,,,Electric
|inactive|Battle timer is ON: inactive players will automatically lose when time's up. (requested by palle synchro)
|
|t:|1757080655
|teamsize|p1|4
|teamsize|p2|4
|start
|switch|p1a: Nice Nature|Sneasler, L50, F|100/100
|switch|p1b: Agnes Tachyon|Dragonite, L50, F|100/100
|switch|p2a: Annihilape|Annihilape, L50, F|100/100
|switch|p2b: Sneasler|Sneasler, L50, M|100/100
|turn|1
|
|t:|1757080675
|switch|p1b: Gold Ship|Gholdengo, L50, shiny|100/100
|move|p1a: Nice Nature|Dire Claw|p2b: Sneasler
|-resisted|p2b: Sneasler
|-damage|p2b: Sneasler|66/100
|move|p2b: Sneasler|Dire Claw|p1a: Nice Nature
|-resisted|p1a: Nice Nature
|-damage|p1a: Nice Nature|63/100
|move|p2a: Annihilape|Final Gambit|p1b: Gold Ship
|-immune|p1b: Gold Ship
|
|upkeep
|turn|2
|
|t:|1757080687
|move|p1b: Gold Ship|Protect|p1b: Gold Ship
|-singleturn|p1b: Gold Ship|Protect
|move|p1a: Nice Nature|Close Combat|p2b: Sneasler
|-resisted|p2b: Sneasler
|-crit|p2b: Sneasler
|-damage|p2b: Sneasler|0 fnt
|-unboost|p1a: Nice Nature|def|1
|-unboost|p1a: Nice Nature|spd|1
|faint|p2b: Sneasler
|-enditem|p1a: Nice Nature|White Herb
|-clearnegativeboost|p1a: Nice Nature|[silent]
|move|p2a: Annihilape|Rage Fist|p1a: Nice Nature
|-damage|p1a: Nice Nature|23/100
|
|upkeep
|
|t:|1757080696
|switch|p2b: Archaludon|Archaludon, L50, F|100/100
|turn|3
|
|t:|1757080701
|switch|p1b: Grass Wonder|Rillaboom, L50, F|100/100
|-fieldstart|move: Grassy Terrain|[from] ability: Grassy Surge|[of] p1b: Grass Wonder
|-terastallize|p2b: Archaludon|Electric
|move|p1a: Nice Nature|Close Combat|p2b: Archaludon
|-damage|p2b: Archaludon|53/100
|-unboost|p1a: Nice Nature|def|1
|-unboost|p1a: Nice Nature|spd|1
|move|p2a: Annihilape|Rage Fist|p1a: Nice Nature
|-damage|p1a: Nice Nature|0 fnt
|faint|p1a: Nice Nature
|move|p2b: Archaludon|Electro Shot||[still]
|-prepare|p2b: Archaludon|Electro Shot
|-boost|p2b: Archaludon|spa|1
|-enditem|p2b: Archaludon|Power Herb
|-anim|p2b: Archaludon|Electro Shot|p1b: Grass Wonder
|-resisted|p1b: Grass Wonder
|-damage|p1b: Grass Wonder|61/100
|
|-heal|p2b: Archaludon|59/100|[from] Grassy Terrain
|-heal|p1b: Grass Wonder|67/100|[from] Grassy Terrain
|upkeep
|
|t:|1757080704
|switch|p1a: Agnes Tachyon|Dragonite, L50, F|100/100
|turn|4
|
|t:|1757080715
|switch|p1b: Gold Ship|Gholdengo, L50, shiny|100/100
|-enditem|p1b: Gold Ship|Grassy Seed
|-boost|p1b: Gold Ship|def|1|[from] item: Grassy Seed
|-terastallize|p1a: Agnes Tachyon|Ground
|move|p2b: Archaludon|Protect|p2b: Archaludon
|-singleturn|p2b: Archaludon|Protect
|move|p2a: Annihilape|Taunt|p1a: Agnes Tachyon
|-start|p1a: Agnes Tachyon|move: Taunt
|move|p1a: Agnes Tachyon|Stomping Tantrum|p2b: Archaludon
|-activate|p2b: Archaludon|move: Protect
|
|-heal|p2b: Archaludon|65/100|[from] Grassy Terrain
|upkeep
|turn|5
|
|t:|1757080730
|move|p1b: Gold Ship|Protect|p1b: Gold Ship
|-singleturn|p1b: Gold Ship|Protect
|move|p2a: Annihilape|Rage Fist|p1a: Agnes Tachyon
|-damage|p1a: Agnes Tachyon|88/100
|move|p2b: Archaludon|Dragon Pulse|p1a: Agnes Tachyon
|-damage|p1a: Agnes Tachyon|17/100
|move|p1a: Agnes Tachyon|Stomping Tantrum|p2b: Archaludon
|-supereffective|p2b: Archaludon
|-damage|p2b: Archaludon|0 fnt
|faint|p2b: Archaludon
|
|-heal|p1a: Agnes Tachyon|23/100|[from] Grassy Terrain
|upkeep
|
|t:|1757080738
|switch|p2b: Indeedee|Indeedee, L50, M|100/100
|-fieldstart|move: Psychic Terrain|[from] ability: Psychic Surge|[of] p2b: Indeedee
|turn|6
|
|t:|1757080752
|switch|p1a: Grass Wonder|Rillaboom, L50, F|67/100
|-fieldstart|move: Grassy Terrain|[from] ability: Grassy Surge|[of] p1a: Grass Wonder
|move|p2b: Indeedee|Expanding Force|p1a: Grass Wonder
|-damage|p1a: Grass Wonder|40/100
|move|p2a: Annihilape|Rage Fist|p1b: Gold Ship
|-supereffective|p1b: Gold Ship
|-damage|p1b: Gold Ship|69/100
|move|p1b: Gold Ship|Nasty Plot|p1b: Gold Ship
|-boost|p1b: Gold Ship|spa|2
|
|-heal|p1b: Gold Ship|75/100|[from] Grassy Terrain
|-heal|p1a: Grass Wonder|46/100|[from] Grassy Terrain
|upkeep
|turn|7
|-message|palle synchro forfeited.
|
|win|Bellbottoms
|raw|Bellbottoms's rating: 1474 → 1491(+17 for winning)
|raw|palle synchro's rating: 1414 → 1397(-17 for losing)
