|j|☆hugoantelo
|j|☆Refanner
|html|hugoanteloRefanner    
|uhtml|bestof|Game 2 of a best-of-3
|t:|1782740011
|gametype|doubles
|player|p1|hugoantelo|karen|1071
|player|p2|Refanner|102|1102
|gen|9
|tier|[Gen 9 Champions] VGC 2026 Reg M-B (Bo3)
|rated|
|rule|Species Clause: Limit one of each Pokémon
|rule|Item Clause: Limit 1 of each item
|clearpoke
|poke|p1|Pyroar, L50, F|
|poke|p1|Floette-Eternal, L50, F|
|poke|p1|Ninetales, L50, M, shiny|
|poke|p1|Farigiraf, L50, F|
|poke|p1|Basculegion, L50, M|
|poke|p1|Whimsicott, L50, M, shiny|
|poke|p2|Staraptor, L50, F|
|poke|p2|Raichu, L50, F|
|poke|p2|Sinistcha-Masterpiece, L50|
|poke|p2|Incineroar, L50, M|
|poke|p2|Metagross, L50|
|poke|p2|Hydreigon, L50, F|
|teampreview|4
|showteam|p1|Pyroar||Pyroarite|Unnerve|Protect,Overheat,SolarBeam,HeatWave|Modest||F|||50|]Floette-Eternal||Floettite|FlowerVeil|LightofRuin,DazzlingGleam,Moonblast,Protect|Modest||F|||50|]Ninetales||ChoiceScarf|Drought|FakeTears,Overheat,HeatWave,SolarBeam|Modest||M|||50|]Farigiraf||SitrusBerry|ArmorTail|TwinBeam,HelpingHand,TrickRoom,Thunderbolt|Bold||F|||50|]Basculegion||LifeOrb|Adaptability|AquaJet,LastRespects,WaveCrash,Protect|Adamant||M|||50|]Whimsicott||FocusSash|Prankster|SunnyDay,Moonblast,Protect,Tailwind|Modest||M|||50|
|showteam|p2|Staraptor||Staraptite|Intimidate|CloseCombat,BraveBird,Roost,Protect|Adamant||F|||50|]Raichu||RaichuniteX|LightningRod|VoltTackle,VoltSwitch,PlayRough,FakeOut|Hasty||F|||50|]Sinistcha-Masterpiece||KasibBerry|Hospitality|MatchaGotcha,RagePowder,TrickRoom,Protect|Bold|||||50|]Incineroar||SitrusBerry|Intimidate|FlareBlitz,FakeOut,DarkestLariat,PartingShot|Adamant||M|||50|]Metagross||MetalCoat|ClearBody|IronHead,PsychicFangs,StompingTantrum,Protect|Adamant|||||50|]Hydreigon||ChoiceScarf|Levitate|DarkPulse,Snarl,DracoMeteor,EarthPower|Timid||F|||50|
|inactive|Battle timer is ON: inactive players will automatically lose when time's up. (requested by hugoantelo)
|
|t:|1782740037
|teamsize|p1|4
|teamsize|p2|4
|start
|switch|p1a: Pyroar|Pyroar, L50, F|100/100
|switch|p1b: Ninetales|Ninetales, L50, M, shiny|100/100
|switch|p2a: Metagross|Metagross, L50|100/100
|switch|p2b: Hydreigon|Hydreigon, L50, F|100/100
|-ability|p1a: Pyroar|Unnerve
|-weather|SunnyDay|[from] ability: Drought|[of] p1b: Ninetales
|turn|1
|
|t:|1782740062
|switch|p2a: Incineroar|Incineroar, L50, M|100/100
|-ability|p2a: Incineroar|Intimidate|boost
|-unboost|p1a: Pyroar|atk|1
|-unboost|p1b: Ninetales|atk|1
|detailschange|p1a: Pyroar|Pyroar-Mega, L50, F
|-mega|p1a: Pyroar|Pyroar|Pyroarite
|move|p2b: Hydreigon|Snarl|p1b: Ninetales|[spread] p1a,p1b
|-damage|p1a: Pyroar|72/100
|-damage|p1b: Ninetales|75/100
|-unboost|p1a: Pyroar|spa|1
|-unboost|p1b: Ninetales|spa|1
|move|p1b: Ninetales|Heat Wave|p2b: Hydreigon|[spread] p2a,p2b
|-resisted|p2a: Incineroar|1
|-resisted|p2b: Hydreigon|1
|-damage|p2a: Incineroar|88/100
|-damage|p2b: Hydreigon|83/100
|move|p1a: Pyroar|Overheat|p2b: Hydreigon
|-resisted|p2b: Hydreigon|1
|-damage|p2b: Hydreigon|23/100
|-unboost|p1a: Pyroar|spa|2
|
|-weather|SunnyDay|[upkeep]
|upkeep
|turn|2
|inactive|Refanner has 30 seconds left.
|inactive|Refanner has 20 seconds left.
|
|t:|1782740099
|switch|p2b: Staraptor|Staraptor, L50, F|100/100
|-ability|p2b: Staraptor|Intimidate|boost
|-unboost|p1a: Pyroar|atk|1
|-unboost|p1b: Ninetales|atk|1
|switch|p1a: Basculegion|Basculegion, L50, M|100/100
|move|p1b: Ninetales|Heat Wave|p2b: Staraptor|[spread] p2a,p2b
|-resisted|p2a: Incineroar|1
|-damage|p2a: Incineroar|75/100
|-damage|p2b: Staraptor|60/100
|move|p2a: Incineroar|Darkest Lariat|p1b: Ninetales
|-damage|p1b: Ninetales|17/100
|
|-weather|SunnyDay|[upkeep]
|upkeep
|turn|3
|inactive|Refanner has 30 seconds left.
|inactive|hugoantelo has 30 seconds left.
|
|t:|1782740133
|switch|p2a: Metagross|Metagross, L50|100/100
|detailschange|p2b: Staraptor|Staraptor-Mega, L50, F
|-mega|p2b: Staraptor|Staraptor|Staraptite
|move|p1b: Ninetales|Heat Wave|p2b: Staraptor|[spread] p2a,p2b
|-supereffective|p2a: Metagross|1
|-damage|p2a: Metagross|46/100
|-damage|p2b: Staraptor|33/100
|-status|p2a: Metagross|brn
|-status|p2b: Staraptor|brn
|move|p2b: Staraptor|Roost|p2b: Staraptor
|-heal|p2b: Staraptor|83/100 brn
|-singleturn|p2b: Staraptor|move: Roost
|move|p1a: Basculegion|Wave Crash|p2b: Staraptor
|-damage|p2b: Staraptor|31/100 brn
|-damage|p1a: Basculegion|83/100|[from] Recoil
|-damage|p1a: Basculegion|73/100|[from] item: Life Orb
|
|-weather|SunnyDay|[upkeep]
|-damage|p2b: Staraptor|26/100 brn|[from] brn
|-damage|p2a: Metagross|40/100 brn|[from] brn
|upkeep
|turn|4
|inactive|hugoantelo has 30 seconds left.
|inactive|Refanner has 30 seconds left.
|
|t:|1782740163
|move|p1b: Ninetales|Heat Wave|p2a: Metagross|[spread] p2a,p2b
|-supereffective|p2a: Metagross|1
|-damage|p2a: Metagross|0 fnt
|-damage|p2b: Staraptor|0 fnt
|faint|p2a: Metagross
|faint|p2b: Staraptor
|move|p1a: Basculegion|Wave Crash|p2: Metagross|[notarget]
|-fail|p1a: Basculegion
|
|-weather|SunnyDay|[upkeep]
|upkeep
|
|t:|1782740166
|switch|p2b: Hydreigon|Hydreigon, L50, F|23/100
|switch|p2a: Incineroar|Incineroar, L50, M|75/100
|-ability|p2a: Incineroar|Intimidate|boost
|-unboost|p1a: Basculegion|atk|1
|-unboost|p1b: Ninetales|atk|1
|turn|5
|
|t:|1782740187
|move|p2a: Incineroar|Fake Out|p1b: Ninetales
|-damage|p1b: Ninetales|0 fnt
|faint|p1b: Ninetales
|move|p2b: Hydreigon|Dark Pulse|p1a: Basculegion
|-supereffective|p1a: Basculegion|1
|-damage|p1a: Basculegion|0 fnt
|faint|p1a: Basculegion
|
|-weather|none
|upkeep
|
|t:|1782740193
|switch|p1b: Whimsicott|Whimsicott, L50, M, shiny|100/100
|switch|p1a: Pyroar|Pyroar-Mega, L50, F|72/100
|turn|6
|
|t:|1782740211
|move|p1b: Whimsicott|Sunny Day|p1b: Whimsicott
|-weather|SunnyDay
|move|p2b: Hydreigon|Dark Pulse|p1a: Pyroar
|-damage|p1a: Pyroar|24/100
|move|p1a: Pyroar|Heat Wave|p2b: Hydreigon|[spread] p2a,p2b
|-resisted|p2a: Incineroar|1
|-resisted|p2b: Hydreigon|1
|-damage|p2a: Incineroar|38/100
|-damage|p2b: Hydreigon|0 fnt
|-enditem|p2a: Incineroar|Sitrus Berry|[eat]
|-heal|p2a: Incineroar|63/100|[from] item: Sitrus Berry
|faint|p2b: Hydreigon
|move|p2a: Incineroar|Darkest Lariat|p1a: Pyroar
|-damage|p1a: Pyroar|0 fnt
|faint|p1a: Pyroar
|
|-weather|SunnyDay|[upkeep]
|upkeep
|turn|7
|
|t:|1782740222
|move|p1b: Whimsicott|Moonblast|p2a: Incineroar
|-damage|p2a: Incineroar|33/100
|move|p2a: Incineroar|Darkest Lariat|p1b: Whimsicott
|-resisted|p1b: Whimsicott|1
|-damage|p1b: Whimsicott|72/100
|
|-weather|SunnyDay|[upkeep]
|upkeep
|turn|8
|
|t:|1782740234
|move|p1b: Whimsicott|Moonblast|p2a: Incineroar
|-damage|p2a: Incineroar|0 fnt
|faint|p2a: Incineroar
|
|win|hugoantelo
|raw|hugoantelo's rating: 1071 → 1103(+32 for winning)
|raw|Refanner's rating: 1102 → 1075(-27 for losing)
|l|☆hugoantelo
|player|p1|
