|j|☆Lorido
|j|☆Pointee
|html|LoridoPointee    
|uhtml|bestof|Game 1 of a best-of-3
|t:|1785078812
|gametype|doubles
|player|p1|Lorido|2|1255
|player|p2|Pointee|wallace-masters|1256
|gen|9
|tier|[Gen 9 Champions] VGC 2026 Reg M-B (Bo3)
|rated|
|rule|Species Clause: Limit one of each Pokémon
|rule|Item Clause: Limit 1 of each item
|clearpoke
|poke|p1|Aerodactyl, L50, M|
|poke|p1|Kingambit, L50, F|
|poke|p1|Sylveon, L50, F|
|poke|p1|Charizard, L50, M|
|poke|p1|Garchomp, L50, F|
|poke|p1|Farigiraf, L50, M|
|poke|p2|Sinistcha, L50|
|poke|p2|Incineroar, L50, M|
|poke|p2|Floette-Eternal, L50, F|
|poke|p2|Ceruledge, L50, M|
|poke|p2|Palafin, L50, F|
|poke|p2|Raichu, L50, M|
|teampreview|4
|showteam|p1|Aerodactyl||Aerodactylite|Unnerve|RockSlide,DualWingbeat,IceFang,Tailwind|Jolly||M|||50|]Kingambit||BlackGlasses|Defiant|KowtowCleave,IronHead,SuckerPunch,Protect|Adamant||F|||50|]Sylveon||FairyFeather|Pixilate|HyperVoice,QuickAttack,HyperBeam,Detect|Modest||F|||50|]Charizard||CharizarditeY|Blaze|HeatWave,WeatherBall,SolarBeam,Protect|Modest||M|||50|]Garchomp||LifeOrb|RoughSkin|DragonClaw,Earthquake,RockSlide,Protect|Jolly||F|||50|]Farigiraf||SitrusBerry|ArmorTail|TwinBeam,Thunderbolt,TrickRoom,HelpingHand|Relaxed||M|||50|
|showteam|p2|Sinistcha||KasibBerry|Hospitality|MatchaGotcha,TrickRoom,RagePowder,Protect|Bold|||||50|]Incineroar||PasshoBerry|Intimidate|FlareBlitz,DarkestLariat,FakeOut,PartingShot|Adamant||M|||50|]Floette-Eternal||Floettite|FlowerVeil|DazzlingGleam,DrainingKiss,CalmMind,Protect|Timid||F|||50|]Ceruledge||ColburBerry|FlashFire|BitterBlade,ShadowSneak,BulkUp,Protect|Adamant||M|||50|]Palafin||Leftovers|ZerotoHero|WaveCrash,JetPunch,CloseCombat,Protect|Adamant||F|||50|]Raichu||RaichuniteY|LightningRod|FocusBlast,ZapCannon,FakeOut,Protect|Timid||M|||50|
|inactive|Battle timer is ON: inactive players will automatically lose when time's up. (requested by Lorido)
|inactive|Lorido has 60 seconds left.
|inactive|Pointee has 60 seconds left.
|inactive|Lorido has 30 seconds left.
|inactive|Pointee has 30 seconds left.
|inactive|Lorido has 20 seconds left.
|inactive|Pointee has 20 seconds left.
|inactive|Pointee has 15 seconds left.
|inactive|Pointee has 10 seconds left.
|
|t:|1785078896
|teamsize|p1|4
|teamsize|p2|4
|start
|switch|p1a: Aerodactyl|Aerodactyl, L50, M|100/100
|switch|p1b: Garchomp|Garchomp, L50, F|100/100
|switch|p2a: Raichu|Raichu, L50, M|100/100
|switch|p2b: Palafin|Palafin, L50, F|100/100
|-ability|p1a: Aerodactyl|Unnerve
|turn|1
|inactive|Pointee has 30 seconds left.
|inactive|Lorido has 30 seconds left.
|inactive|Pointee has 20 seconds left.
|inactive|Pointee has 15 seconds left.
|inactive|Pointee has 10 seconds left.
|inactive|Lorido has 20 seconds left.
|inactive|Pointee has 5 seconds left.
|
|t:|1785078949
|detailschange|p2b: Palafin|Palafin-Hero, L50, F
|switch|p2b: Incineroar|Incineroar, L50, M|100/100
|-ability|p2b: Incineroar|Intimidate|boost
|-unboost|p1a: Aerodactyl|atk|1
|-unboost|p1b: Garchomp|atk|1
|detailschange|p1a: Aerodactyl|Aerodactyl-Mega, L50, M
|-mega|p1a: Aerodactyl|Aerodactyl|Aerodactylite
|detailschange|p2a: Raichu|Raichu-Mega-Y, L50, M
|-mega|p2a: Raichu|Raichu|Raichunite Y
|move|p2a: Raichu|Fake Out|p1b: Garchomp
|-damage|p1b: Garchomp|91/100
|-damage|p2a: Raichu|87/100|[from] ability: Rough Skin|[of] p1b: Garchomp
|move|p1a: Aerodactyl|Tailwind|p1a: Aerodactyl
|-sidestart|p1: Lorido|move: Tailwind
|cant|p1b: Garchomp|flinch
|
|upkeep
|turn|2
|inactive|Lorido has 30 seconds left.
|inactive|Pointee has 30 seconds left.
|inactive|Lorido has 20 seconds left.
|inactive|Pointee has 20 seconds left.
|
|t:|1785078988
|switch|p1a: Sylveon|Sylveon, L50, F|100/100
|move|p1b: Garchomp|Protect|p1b: Garchomp
|-singleturn|p1b: Garchomp|Protect
|move|p2b: Incineroar|Fake Out|p1b: Garchomp
|-activate|p1b: Garchomp|move: Protect
|move|p2a: Raichu|Zap Cannon|p1a: Sylveon
|-damage|p1a: Sylveon|43/100
|-status|p1a: Sylveon|par
|
|upkeep
|turn|3
|inactive|Pointee has 30 seconds left.
|
|t:|1785079019
|switch|p2b: Palafin|Palafin-Hero, L50, F|100/100
|-activate|p2b: Palafin|ability: Zero to Hero
|move|p2a: Raichu|Protect|p2a: Raichu
|-singleturn|p2a: Raichu|Protect
|move|p1b: Garchomp|Earthquake|p2a: Raichu|[spread] p1a,p2b
|-activate|p2a: Raichu|move: Protect
|-damage|p1a: Sylveon|12/100 par
|-damage|p2b: Palafin|70/100
|-damage|p1b: Garchomp|81/100|[from] item: Life Orb
|move|p1a: Sylveon|Hyper Beam|p2b: Palafin
|-damage|p2b: Palafin|0 fnt
|-mustrecharge|p1a: Sylveon
|faint|p2b: Palafin
|
|upkeep
|
|t:|1785079028
|switch|p2b: Incineroar|Incineroar, L50, M|100/100
|-ability|p2b: Incineroar|Intimidate|boost
|-unboost|p1a: Sylveon|atk|1
|-unboost|p1b: Garchomp|atk|1
|turn|4
|
|t:|1785079044
|switch|p1b: Aerodactyl|Aerodactyl-Mega, L50, M|100/100
|move|p2a: Raichu|Zap Cannon|p1b: Aerodactyl
|-supereffective|p1b: Aerodactyl|1
|-damage|p1b: Aerodactyl|0 fnt
|faint|p1b: Aerodactyl
|move|p2b: Incineroar|Flare Blitz|p1a: Sylveon
|-crit|p1a: Sylveon
|-damage|p1a: Sylveon|0 fnt
|faint|p1a: Sylveon
|-damage|p2b: Incineroar|96/100|[from] Recoil
|
|-sideend|p1: Lorido|move: Tailwind
|upkeep
|
|t:|1785079053
|switch|p1b: Kingambit|Kingambit, L50, F|100/100
|switch|p1a: Garchomp|Garchomp, L50, F|81/100
|turn|5
|inactive|Pointee has 30 seconds left.
|
|t:|1785079081
|move|p2a: Raichu|Protect|p2a: Raichu
|-singleturn|p2a: Raichu|Protect
|move|p1b: Kingambit|Sucker Punch||[still]
|-fail|p1b: Kingambit
|move|p1a: Garchomp|Dragon Claw|p2b: Incineroar
|-damage|p2b: Incineroar|47/100
|-damage|p1a: Garchomp|71/100|[from] item: Life Orb
|move|p2b: Incineroar|Parting Shot|p1a: Garchomp
|-unboost|p1a: Garchomp|atk|1
|-unboost|p1a: Garchomp|spa|1
|
|t:|1785079088
|switch|p2b: Sinistcha|Sinistcha, L50|100/100|[from] Parting Shot
|-heal|p2a: Raichu|100/100|[from] ability: Hospitality|[of] p2b: Sinistcha
|
|upkeep
|turn|6
|
|t:|1785079110
|move|p1a: Garchomp|Protect|p1a: Garchomp
|-singleturn|p1a: Garchomp|Protect
|move|p2a: Raichu|Focus Blast|p1a: Garchomp
|-activate|p1a: Garchomp|move: Protect
|move|p2b: Sinistcha|Matcha Gotcha|p1a: Garchomp|[spread] p1b
|-activate|p1a: Garchomp|move: Protect
|-resisted|p1b: Kingambit|1
|-damage|p1b: Kingambit|90/100
|move|p1b: Kingambit|Kowtow Cleave|p2a: Raichu
|-damage|p2a: Raichu|7/100
|
|upkeep
|turn|7
|inactive|Lorido has 30 seconds left.
|
|t:|1785079135
|move|p2b: Sinistcha|Rage Powder|p2b: Sinistcha
|-singleturn|p2b: Sinistcha|move: Rage Powder
|move|p2a: Raichu|Focus Blast|p1b: Kingambit
|-supereffective|p1b: Kingambit|2
|-damage|p1b: Kingambit|0 fnt
|faint|p1b: Kingambit
|move|p1a: Garchomp|Rock Slide|p2b: Sinistcha|[spread] p2a,p2b
|-damage|p2a: Raichu|0 fnt
|-damage|p2b: Sinistcha|87/100
|faint|p2a: Raichu
|-damage|p1a: Garchomp|62/100|[from] item: Life Orb
|
|upkeep
|
|t:|1785079140
|switch|p2a: Incineroar|Incineroar, L50, M|47/100
|-ability|p2a: Incineroar|Intimidate|boost
|-unboost|p1a: Garchomp|atk|1
|turn|8
|
|t:|1785079154
|move|p1a: Garchomp|Protect|p1a: Garchomp
|-singleturn|p1a: Garchomp|Protect
|move|p2a: Incineroar|Fake Out|p1a: Garchomp
|-activate|p1a: Garchomp|move: Protect
|move|p2b: Sinistcha|Trick Room|p2b: Sinistcha
|-fieldstart|move: Trick Room|[of] p2b: Sinistcha
|
|upkeep
|turn|9
|
|t:|1785079162
|move|p2b: Sinistcha|Matcha Gotcha|p1a: Garchomp
|-damage|p1a: Garchomp|24/100
|-heal|p2b: Sinistcha|100/100|[from] drain|[of] p1a: Garchomp
|move|p2a: Incineroar|Darkest Lariat|p1a: Garchomp
|-damage|p1a: Garchomp|0 fnt
|-damage|p2a: Incineroar|34/100|[from] ability: Rough Skin|[of] p1a: Garchomp
|faint|p1a: Garchomp
|
|win|Pointee
