|j|☆Bowdidee
|j|☆vilan333
|html|Bowdideevilan333    
|uhtml|bestof|Game 2 of a best-of-3
|t:|1785942261
|gametype|doubles
|player|p1|Bowdidee|youngster-gen4dp|1144
|player|p2|vilan333|marshal|1254
|gen|9
|tier|[Gen 9 Champions] VGC 2026 Reg M-B (Bo3)
|rated|
|rule|Species Clause: Limit one of each Pokémon
|rule|Item Clause: Limit 1 of each item
|clearpoke
|poke|p1|Aerodactyl, L50, M|
|poke|p1|Raichu, L50, F|
|poke|p1|Qwilfish, L50, M|
|poke|p1|Sinistcha, L50|
|poke|p1|Sylveon, L50, M|
|poke|p1|Kingambit, L50, F|
|poke|p2|Raichu, L50, M|
|poke|p2|Staraptor, L50, M|
|poke|p2|Arcanine-Hisui, L50, F|
|poke|p2|Kingambit, L50, F|
|poke|p2|Sylveon, L50, F|
|poke|p2|Farigiraf, L50, F|
|teampreview|4
|showteam|p1|Aerodactyl||Aerodactylite|Unnerve|RockSlide,DualWingbeat,WideGuard,Tailwind|Jolly||M|||50|]Raichu||RaichuniteY|LightningRod|FakeOut,ZapCannon,FocusBlast,Protect|Modest||F|||50|]Qwilfish||FocusSash|Intimidate|FlipTurn,AquaJet,Taunt,Protect|Jolly||M|||50|]Sinistcha||SitrusBerry|Hospitality|MatchaGotcha,TrickRoom,RagePowder,Protect|Relaxed|||||50|]Sylveon||FairyFeather|Pixilate|HyperBeam,HyperVoice,CalmMind,Protect|Modest||M|||50|]Kingambit||LifeOrb|Defiant|SuckerPunch,KowtowCleave,IronHead,Protect|Brave||F|||50|
|showteam|p2|Raichu||RaichuniteY|LightningRod|Protect,FakeOut,ZapCannon,FocusBlast|Timid||M|||50|]Staraptor||Staraptite|Intimidate|Protect,CloseCombat,BraveBird,Tailwind|Jolly||M|||50|]Arcanine-Hisui||FocusSash|RockHead|Protect,HeadSmash,FlareBlitz,ExtremeSpeed|Adamant||F|||50|]Kingambit||LifeOrb|Defiant|Protect,KowtowCleave,SuckerPunch,SwordsDance|Adamant||F|||50|]Sylveon||FairyFeather|Pixilate|Protect,HyperBeam,HyperVoice,QuickAttack|Modest||F|||50|]Farigiraf||SitrusBerry|ArmorTail|Protect,Psychic,HelpingHand,TrickRoom|Calm||F|||50|
|
|t:|1785942285
|teamsize|p1|4
|teamsize|p2|4
|start
|switch|p1a: Raichu|Raichu, L50, F|100/100
|switch|p1b: Sinistcha|Sinistcha, L50|100/100
|switch|p2a: Sylveon|Sylveon, L50, F|100/100
|switch|p2b: Raichu|Raichu, L50, M|100/100
|turn|1
|
|t:|1785942305
|detailschange|p2b: Raichu|Raichu-Mega-Y, L50, M
|-mega|p2b: Raichu|Raichu|Raichunite Y
|move|p1a: Raichu|Protect|p1a: Raichu
|-singleturn|p1a: Raichu|Protect
|move|p2b: Raichu|Fake Out|p1a: Raichu
|-activate|p1a: Raichu|move: Protect
|move|p1b: Sinistcha|Matcha Gotcha|p2b: Raichu|[spread] p2b
|-miss|p1b: Sinistcha|p2a: Sylveon
|-damage|p2b: Raichu|66/100
|-status|p2b: Raichu|brn
|move|p2a: Sylveon|Hyper Voice|p1a: Raichu|[spread] p1b
|-activate|p1a: Raichu|move: Protect
|-damage|p1b: Sinistcha|44/100
|-enditem|p1b: Sinistcha|Sitrus Berry|[eat]
|-heal|p1b: Sinistcha|69/100|[from] item: Sitrus Berry
|
|-damage|p2b: Raichu|60/100 brn|[from] brn
|upkeep
|turn|2
|
|t:|1785942352
|switch|p2b: Farigiraf|Farigiraf, L50, F|100/100
|detailschange|p1a: Raichu|Raichu-Mega-Y, L50, F
|-mega|p1a: Raichu|Raichu|Raichunite Y
|move|p1b: Sinistcha|Rage Powder|p1b: Sinistcha
|-singleturn|p1b: Sinistcha|move: Rage Powder
|move|p1a: Raichu|Zap Cannon|p2a: Sylveon
|-damage|p2a: Sylveon|45/100
|-status|p2a: Sylveon|par
|move|p2a: Sylveon|Hyper Voice|p1a: Raichu|[spread] p1a,p1b
|-damage|p1a: Raichu|35/100
|-damage|p1b: Sinistcha|9/100
|
|upkeep
|turn|3
|
|t:|1785942376
|move|p2a: Sylveon|Protect|p2a: Sylveon
|-singleturn|p2a: Sylveon|Protect
|move|p1a: Raichu|Zap Cannon|p2b: Farigiraf
|-damage|p2b: Farigiraf|34/100
|-status|p2b: Farigiraf|par
|-enditem|p2b: Farigiraf|Sitrus Berry|[eat]
|-heal|p2b: Farigiraf|59/100 par|[from] item: Sitrus Berry
|move|p1b: Sinistcha|Matcha Gotcha|p2a: Sylveon|[spread] p2b
|-activate|p2a: Sylveon|move: Protect
|-damage|p2b: Farigiraf|37/100 par
|-heal|p1b: Sinistcha|24/100|[from] drain|[of] p2b: Farigiraf
|move|p2b: Farigiraf|Trick Room|p2b: Farigiraf
|-fieldstart|move: Trick Room|[of] p2b: Farigiraf
|
|upkeep
|turn|4
|
|t:|1785942404
|switch|p1a: Sylveon|Sylveon, L50, M|100/100
|cant|p2a: Sylveon|par
|move|p2b: Farigiraf|Psychic|p1a: Sylveon
|-crit|p1a: Sylveon
|-damage|p1a: Sylveon|62/100
|move|p1b: Sinistcha|Matcha Gotcha|p2b: Farigiraf|[spread] p2a,p2b
|-damage|p2a: Sylveon|27/100 par
|-heal|p1b: Sinistcha|33/100|[from] drain|[of] p2a: Sylveon
|-damage|p2b: Farigiraf|15/100 par
|-heal|p1b: Sinistcha|47/100|[from] drain|[of] p2b: Farigiraf
|
|upkeep
|turn|5
|
|t:|1785942423
|move|p2a: Sylveon|Hyper Voice|p1a: Sylveon|[spread] p1a,p1b
|-damage|p1a: Sylveon|28/100
|-damage|p1b: Sinistcha|0 fnt
|faint|p1b: Sinistcha
|move|p2b: Farigiraf|Psychic|p1a: Sylveon
|-damage|p1a: Sylveon|5/100
|move|p1a: Sylveon|Hyper Voice|p2b: Farigiraf|[spread] p2a,p2b
|-damage|p2a: Sylveon|0 fnt
|-damage|p2b: Farigiraf|0 fnt
|faint|p2a: Sylveon
|faint|p2b: Farigiraf
|
|upkeep
|
|t:|1785942436
|switch|p2a: Raichu|Raichu-Mega-Y, L50, M|60/100 brn
|switch|p2b: Kingambit|Kingambit, L50, F|100/100
|switch|p1b: Raichu|Raichu-Mega-Y, L50, F|35/100
|turn|6
|
|t:|1785942449
|move|p1b: Raichu|Fake Out|p2b: Kingambit
|-resisted|p2b: Kingambit|1
|-damage|p2b: Kingambit|97/100
|move|p2a: Raichu|Fake Out|p1a: Sylveon
|-damage|p1a: Sylveon|0 fnt
|faint|p1a: Sylveon
|cant|p2b: Kingambit|flinch
|
|-damage|p2a: Raichu|54/100 brn|[from] brn
|upkeep
|
|t:|1785942457
|switch|p1a: Aerodactyl|Aerodactyl, L50, M|100/100
|-ability|p1a: Aerodactyl|Unnerve
|turn|7
|
|t:|1785942469
|move|p1b: Raichu|Protect|p1b: Raichu
|-singleturn|p1b: Raichu|Protect
|move|p2b: Kingambit|Kowtow Cleave|p1b: Raichu
|-activate|p1b: Raichu|move: Protect
|move|p2a: Raichu|Zap Cannon|p1a: Aerodactyl
|-supereffective|p1a: Aerodactyl|1
|-damage|p1a: Aerodactyl|0 fnt
|faint|p1a: Aerodactyl
|
|-damage|p2a: Raichu|48/100 brn|[from] brn
|-fieldend|move: Trick Room
|upkeep
|turn|8
|
|t:|1785942486
|move|p2a: Raichu|Focus Blast|p1b: Raichu
|-crit|p1b: Raichu
|-damage|p1b: Raichu|0 fnt
|faint|p1b: Raichu
|
|win|vilan333
||Bowdidee is ready for game 3.
|inactive|vilan333 has 29 seconds to confirm battle start!
|inactive|vilan333 has 19 seconds to confirm battle start!
|inactive|vilan333 has 9 seconds to confirm battle start!
