|j|☆bigwooperenerg
|j|☆Yakaio
|html|bigwooperenergYakaio    
|uhtml|bestof|Game 1 of a best-of-3
|t:|1786072001
|gametype|doubles
|player|p1|bigwooperenerg|1|1033
|player|p2|Yakaio|169|1000
|gen|9
|tier|[Gen 9 Champions] VGC 2026 Reg M-B (Bo3)
|rated|
|rule|Species Clause: Limit one of each Pokémon
|rule|Item Clause: Limit 1 of each item
|clearpoke
|poke|p1|Emolga, L50, M|
|poke|p1|Arcanine-Hisui, L50, M|
|poke|p1|Banette, L50, M|
|poke|p1|Garchomp, L50, F|
|poke|p1|Sinistcha, L50|
|poke|p1|Primarina, L50, F|
|poke|p2|Tsareena, L50, F, shiny|
|poke|p2|Sceptile, L50, M, shiny|
|poke|p2|Rotom-Mow, L50, shiny|
|poke|p2|Scovillain, L50, F, shiny|
|poke|p2|Sinistcha, L50, shiny|
|poke|p2|Abomasnow, L50, F, shiny|
|teampreview|4
|showteam|p1|Emolga||FocusSash|Static|Electroweb,AirSlash,Thunderbolt,Protect|Adamant||M|||50|]Arcanine-Hisui||LifeOrb|RockHead|FlareBlitz,Protect,HeadSmash,Howl|Jolly||M|||50|]Banette||Banettite|Frisk|DestinyBond,ScaryFace,Poltergeist,GunkShot|Impish||M|||50|]Garchomp||Garchompite|RoughSkin|Protect,ScaleShot,StompingTantrum,RockSlide|Timid||F|||50|]Sinistcha||SitrusBerry|Hospitality|RagePowder,LifeDew,StrengthSap,MatchaGotcha|Bold|||||50|]Primarina||Leftovers|LiquidVoice|Protect,HyperVoice,Moonblast,CalmMind|Modest||F|||50|
|showteam|p2|Tsareena||FocusSash|QueenlyMajesty|TripleAxel,TropKick,Uturn,TeeterDance|Jolly||F|||50|]Sceptile||ChoiceScarf|Unburden|ShedTail,LeafStorm,EarthPower,Roar|Timid||M|||50|]Rotom-Mow|||Levitate|WillOWisp,VoltSwitch,RainDance,PainSplit|Timid|||||50|]Scovillain||Scovillainite|Chlorophyll|Overheat,RagePowder,Protect,Rest|Bold||F|||50|]Sinistcha||OccaBerry|Hospitality|MatchaGotcha,Scald,NastyPlot,Protect|Timid|||||50|]Abomasnow||Abomasite|SnowWarning|AuroraVeil,Protect,Blizzard,EarthPower|Quiet||F|||50|
|inactive|Battle timer is ON: inactive players will automatically lose when time's up. (requested by bigwooperenerg)
|
|t:|1786072035
|teamsize|p1|4
|teamsize|p2|4
|start
|switch|p1a: Arcanine|Arcanine-Hisui, L50, M|100/100
|switch|p1b: Banette|Banette, L50, M|100/100
|switch|p2a: Tsareena|Tsareena, L50, F, shiny|100/100
|switch|p2b: Sceptile|Sceptile, L50, M, shiny|100/100
|-item|p2a: Tsareena|Focus Sash|[from] ability: Frisk|[of] p1b: Banette
|-item|p2b: Sceptile|Choice Scarf|[from] ability: Frisk|[of] p1b: Banette
|turn|1
|
|t:|1786072054
|detailschange|p1b: Banette|Banette-Mega, L50, M
|-mega|p1b: Banette|Banette|Banettite
|move|p1a: Arcanine|Protect|p1a: Arcanine
|-singleturn|p1a: Arcanine|Protect
|move|p2b: Sceptile|Shed Tail|p2b: Sceptile
|-start|p2b: Sceptile|Substitute|[from] move: Shed Tail
|-damage|p2b: Sceptile|49/100
|
|t:|1786072064
|switch|p2b: Sinistcha|Sinistcha, L50, shiny|100/100|[from] Shed Tail
|move|p2a: Tsareena|Teeter Dance||[still]|[spread] p2b,p1b
|-activate|p1a: Arcanine|move: Protect
|-fail|p2a: Tsareena
|-start|p1b: Banette|confusion
|-activate|p1b: Banette|confusion
|move|p1b: Banette|Gunk Shot|p2a: Tsareena
|-supereffective|p2a: Tsareena|1
|-enditem|p2a: Tsareena|Focus Sash
|-damage|p2a: Tsareena|1/100
|
|upkeep
|turn|2
|inactive|bigwooperenerg has 30 seconds left.
|inactive|Yakaio has 30 seconds left.
|inactive|bigwooperenerg has 20 seconds left.
|inactive|bigwooperenerg has 15 seconds left.
|
|t:|1786072108
|switch|p1a: Garchomp|Garchomp, L50, F|100/100
|move|p2a: Tsareena|Teeter Dance||[still]|[spread] p2b,p1a,p1b
|-fail|p2a: Tsareena
|-start|p1a: Garchomp|confusion
|move|p2b: Sinistcha|Nasty Plot|p2b: Sinistcha
|-boost|p2b: Sinistcha|spa|2
|-activate|p1b: Banette|confusion
|move|p1b: Banette|Poltergeist||[still]
|-fail|p1b: Banette
|
|upkeep
|turn|3
|inactive|bigwooperenerg has 30 seconds left.
|inactive|Yakaio has 30 seconds left.
|
|t:|1786072141
|-activate|p1a: Garchomp|confusion
|move|p1a: Garchomp|Scale Shot|p2a: Tsareena
|-damage|p2a: Tsareena|0 fnt
|faint|p2a: Tsareena
|-hitcount|p2: Tsareena|1
|-unboost|p1a: Garchomp|def|1
|-boost|p1a: Garchomp|spe|1
|move|p2b: Sinistcha|Matcha Gotcha|p1b: Banette|[spread] p1a
|-miss|p2b: Sinistcha|p1b: Banette
|-damage|p1a: Garchomp|32/100
|-activate|p1b: Banette|confusion
|move|p1b: Banette|Poltergeist|p2b: Sinistcha|[miss]
|-miss|p1b: Banette|p2b: Sinistcha
|
|upkeep
|
|t:|1786072155
|switch|p2a: Scovillain|Scovillain, L50, F, shiny|100/100
|turn|4
|
|t:|1786072170
|detailschange|p2a: Scovillain|Scovillain-Mega, L50, F, shiny
|-mega|p2a: Scovillain|Scovillain|Scovillainite
|-activate|p1a: Garchomp|confusion
|move|p1a: Garchomp|Protect|p1a: Garchomp
|-singleturn|p1a: Garchomp|Protect
|move|p2a: Scovillain|Rage Powder|p2a: Scovillain
|-singleturn|p2a: Scovillain|move: Rage Powder
|move|p2b: Sinistcha|Matcha Gotcha|p1a: Garchomp|[spread] 
|-activate|p1a: Garchomp|move: Protect
|-miss|p2b: Sinistcha|p1b: Banette
|-activate|p1b: Banette|confusion
|move|p1b: Banette|Gunk Shot|p2a: Scovillain
|-supereffective|p2a: Scovillain|1
|-damage|p2a: Scovillain|15/100
|-status|p1b: Banette|brn|[from] ability: Spicy Spray|[of] p2a: Scovillain
|
|-damage|p1b: Banette|94/100 brn|[from] brn
|upkeep
|turn|5
|inactive|bigwooperenerg has 30 seconds left.
|
|t:|1786072196
|switch|p1a: Emolga|Emolga, L50, M|100/100
|move|p2b: Sinistcha|Matcha Gotcha|p1b: Banette|[spread] p1a,p1b
|-resisted|p1a: Emolga|1
|-damage|p1a: Emolga|40/100
|-damage|p1b: Banette|15/100 brn
|-end|p1b: Banette|confusion
|move|p1b: Banette|Poltergeist|p2a: Scovillain
|-activate|p2a: Scovillain|move: Poltergeist|Scovillainite
|-damage|p2a: Scovillain|0 fnt
|faint|p2a: Scovillain
|
|-damage|p1b: Banette|9/100 brn|[from] brn
|upkeep
|
|t:|1786072213
|switch|p2a: Sceptile|Sceptile, L50, M, shiny|49/100
|turn|6
|inactive|bigwooperenerg has 30 seconds left.
|inactive|bigwooperenerg has 20 seconds left.
|
|t:|1786072257
|move|p1a: Emolga|Protect|p1a: Emolga
|-singleturn|p1a: Emolga|Protect
|move|p1b: Banette|Scary Face|p2a: Sceptile
|-unboost|p2a: Sceptile|spe|2
|move|p2a: Sceptile|Earth Power|p1b: Banette
|-damage|p1b: Banette|0 fnt
|faint|p1b: Banette
|move|p2b: Sinistcha|Matcha Gotcha|p1a: Emolga
|-activate|p1a: Emolga|move: Protect
|
|upkeep
|
|t:|1786072272
|switch|p1b: Garchomp|Garchomp, L50, F|32/100
|turn|7
|
|t:|1786072288
|move|p1b: Garchomp|Protect|p1b: Garchomp
|-singleturn|p1b: Garchomp|Protect
|move|p1a: Emolga|Electroweb|p2b: Sinistcha|[spread] p2a
|-miss|p1a: Emolga|p2b: Sinistcha
|-resisted|p2a: Sceptile|1
|-damage|p2a: Sceptile|43/100
|-unboost|p2a: Sceptile|spe|1
|move|p2b: Sinistcha|Matcha Gotcha|p1a: Emolga|[spread] 
|-activate|p1b: Garchomp|move: Protect
|-miss|p2b: Sinistcha|p1a: Emolga
|move|p2a: Sceptile|Earth Power|p1b: Garchomp
|-activate|p1b: Garchomp|move: Protect
|
|upkeep
|turn|8
|
|t:|1786072307
|move|p1b: Garchomp|Scale Shot|p2a: Sceptile
|-damage|p2a: Sceptile|28/100
|-damage|p2a: Sceptile|12/100
|-damage|p2a: Sceptile|0 fnt
|faint|p2a: Sceptile
|-hitcount|p2: Sceptile|3
|-unboost|p1b: Garchomp|def|1
|-boost|p1b: Garchomp|spe|1
|move|p1a: Emolga|Air Slash|p2b: Sinistcha
|-supereffective|p2b: Sinistcha|1
|-end|p2b: Sinistcha|Substitute
|move|p2b: Sinistcha|Matcha Gotcha|p1b: Garchomp|[spread] p1a,p1b
|-resisted|p1a: Emolga|1
|-damage|p1a: Emolga|0 fnt
|-damage|p1b: Garchomp|0 fnt
|faint|p1a: Emolga
|faint|p1b: Garchomp
|
|upkeep
|
|t:|1786072323
|switch|p1b: Arcanine|Arcanine-Hisui, L50, M|100/100
|turn|9
|
|t:|1786072331
|move|p2b: Sinistcha|Scald|p1b: Arcanine
|-supereffective|p1b: Arcanine|2
|-damage|p1b: Arcanine|0 fnt
|faint|p1b: Arcanine
|
|win|Yakaio
