|j|☆JP the president
|j|☆falafamiredosidofa
|html|JP the presidentfalafamiredosidofa    
|uhtml|bestof|Game 2 of a best-of-3
|t:|1785782818
|gametype|doubles
|player|p1|JP the president|steven|1116
|player|p2|falafamiredosidofa|steven|1050
|gen|9
|tier|[Gen 9 Champions] VGC 2026 Reg M-B (Bo3)
|rated|
|rule|Species Clause: Limit one of each Pokémon
|rule|Item Clause: Limit 1 of each item
|clearpoke
|poke|p1|Sableye, L50, M, shiny|
|poke|p1|Incineroar, L50, M, shiny|
|poke|p1|Basculegion, L50, M, shiny|
|poke|p1|Charizard, L50, M, shiny|
|poke|p1|Venusaur, L50, M, shiny|
|poke|p1|Garchomp, L50, M|
|poke|p2|Garchomp, L50, M|
|poke|p2|Venusaur, L50, F|
|poke|p2|Incineroar, L50, F|
|poke|p2|Charizard, L50, M|
|poke|p2|Toxapex, L50, F|
|poke|p2|Annihilape, L50, F|
|teampreview|4
|showteam|p1|Sableye||FocusSash|Prankster|ThunderWave,Disable,Encore,RainDance|Calm||M|||50|]Incineroar||SitrusBerry|Intimidate|FakeOut,FlareBlitz,PartingShot,Protect|Careful||M|||50|]Basculegion||ChoiceScarf|Adaptability|AquaJet,FlipTurn,LastRespects,WaveCrash|Hasty||M|||50|]Charizard||CharizarditeY|SolarPower|HeatWave,AncientPower,Protect,SolarBeam|Hasty||M|||50|]Venusaur||OccaBerry|Chlorophyll|EarthPower,SludgeBomb,SleepPowder,Protect|Modest||M|||50|]Garchomp||LifeOrb|RoughSkin|Earthquake,Protect,RockSlide,DragonClaw|Jolly||M|||50|
|showteam|p2|Garchomp||ChoiceScarf|RoughSkin|Earthquake,RockSlide,DragonClaw,StompingTantrum|Adamant||M|||50|]Venusaur||LifeOrb|Chlorophyll|SludgeBomb,SolarBeam,EarthPower,Protect|Modest||F|||50|]Incineroar||SitrusBerry|Intimidate|FakeOut,FlareBlitz,ThroatChop,PartingShot|Impish||F|||50|]Charizard||CharizarditeY|Blaze|HeatWave,WeatherBall,Protect,HelpingHand|Modest||M|||50|]Toxapex||Leftovers|Regenerator|Infestation,Toxic,WideGuard,BanefulBunker|Impish||F|||50|]Annihilape||FocusSash|Defiant|CloseCombat,PhantomForce,RockTomb,Protect|Jolly||F|||50|
|inactive|Battle timer is ON: inactive players will automatically lose when time's up. (requested by JP the president)
|inactive|falafamiredosidofa has 60 seconds left.
|inactive|falafamiredosidofa has 30 seconds left.
|inactive|falafamiredosidofa has 20 seconds left.
|
|t:|1785782928
|teamsize|p1|4
|teamsize|p2|4
|start
|switch|p1a: Lizardo|Charizard, L50, M, shiny|100/100
|switch|p1b: Greed|Sableye, L50, M, shiny|100/100
|switch|p2a: Garchomp|Garchomp, L50, M|100/100
|switch|p2b: Incineroar|Incineroar, L50, F|100/100
|-ability|p2b: Incineroar|Intimidate|boost
|-unboost|p1a: Lizardo|atk|1
|-unboost|p1b: Greed|atk|1
|turn|1
|inactive|JP the president has 30 seconds left.
|inactive|falafamiredosidofa has 30 seconds left.
|inactive|falafamiredosidofa has 20 seconds left.
|
|t:|1785782963
|move|p1a: Lizardo|Protect|p1a: Lizardo
|-singleturn|p1a: Lizardo|Protect
|move|p1b: Greed|Thunder Wave|p2a: Garchomp
|-immune|p2a: Garchomp
|move|p2a: Garchomp|Dragon Claw|p1b: Greed
|-damage|p1b: Greed|40/100
|move|p2b: Incineroar|Flare Blitz|p1b: Greed
|-crit|p1b: Greed
|-damage|p1b: Greed|0 fnt
|faint|p1b: Greed
|-damage|p2b: Incineroar|89/100|[from] Recoil
|
|upkeep
|
|t:|1785782980
|switch|p1b: Leaf tea|Venusaur, L50, M, shiny|100/100
|turn|2
|
|t:|1785782999
|detailschange|p1a: Lizardo|Charizard-Mega-Y, L50, M, shiny
|-mega|p1a: Lizardo|Charizard|Charizardite Y
|-weather|SunnyDay|[from] ability: Drought|[of] p1a: Lizardo
|move|p1b: Leaf tea|Sleep Powder|p2b: Incineroar|[miss]
|-miss|p1b: Leaf tea|p2b: Incineroar
|move|p2a: Garchomp|Dragon Claw|p1a: Lizardo
|-damage|p1a: Lizardo|34/100
|move|p1a: Lizardo|Heat Wave|p2b: Incineroar|[spread] p2a,p2b
|-resisted|p2a: Garchomp|1
|-resisted|p2b: Incineroar|1
|-damage|p2a: Garchomp|69/100
|-damage|p2b: Incineroar|61/100
|move|p2b: Incineroar|Flare Blitz|p1b: Leaf tea
|-supereffective|p1b: Leaf tea|1
|-enditem|p1b: Leaf tea|Occa Berry|[eat]
|-enditem|p1b: Leaf tea|Occa Berry|[weaken]
|-damage|p1b: Leaf tea|7/100
|-damage|p2b: Incineroar|36/100|[from] Recoil
|-enditem|p2b: Incineroar|Sitrus Berry|[eat]
|-heal|p2b: Incineroar|60/100|[from] item: Sitrus Berry
|
|-weather|SunnyDay|[upkeep]
|upkeep
|turn|3
|inactive|JP the president has 30 seconds left.
|
|t:|1785783028
|switch|p1a: Star scream|Garchomp, L50, M|100/100
|move|p1b: Leaf tea|Sleep Powder|p2a: Garchomp
|-status|p2a: Garchomp|slp|[from] move: Sleep Powder
|cant|p2a: Garchomp|slp
|move|p2b: Incineroar|Flare Blitz|p1b: Leaf tea
|-supereffective|p1b: Leaf tea|1
|-damage|p1b: Leaf tea|0 fnt
|faint|p1b: Leaf tea
|-damage|p2b: Incineroar|58/100|[from] Recoil
|
|-weather|SunnyDay|[upkeep]
|upkeep
|
|t:|1785783043
|switch|p1b: Lizardo|Charizard-Mega-Y, L50, M, shiny|34/100
|turn|4
|
|t:|1785783063
|switch|p2a: Toxapex|Toxapex, L50, F|100/100
|switch|p2b: Charizard|Charizard, L50, M|100/100
|move|p1a: Star scream|Earthquake|p2b: Charizard|[spread] p2a
|-immune|p1b: Lizardo
|-immune|p2b: Charizard
|-supereffective|p2a: Toxapex|1
|-damage|p2a: Toxapex|35/100
|-damage|p1a: Star scream|90/100|[from] item: Life Orb
|move|p1b: Lizardo|Solar Beam||[still]
|-prepare|p1b: Lizardo|Solar Beam
|-anim|p1b: Lizardo|Solar Beam|p2a: Toxapex
|-crit|p2a: Toxapex
|-damage|p2a: Toxapex|0 fnt
|faint|p2a: Toxapex
|
|-weather|SunnyDay|[upkeep]
|upkeep
|
|t:|1785783078
|switch|p2a: Incineroar|Incineroar, L50, F|58/100
|-ability|p2a: Incineroar|Intimidate|boost
|-unboost|p1a: Star scream|atk|1
|-unboost|p1b: Lizardo|atk|1
|turn|5
|
|t:|1785783100
|detailschange|p2b: Charizard|Charizard-Mega-Y, L50, M
|-mega|p2b: Charizard|Charizard|Charizardite Y
|move|p2a: Incineroar|Fake Out|p1a: Star scream
|-damage|p1a: Star scream|78/100
|-damage|p2a: Incineroar|46/100|[from] ability: Rough Skin|[of] p1a: Star scream
|cant|p1a: Star scream|flinch
|move|p1b: Lizardo|Ancient Power|p2b: Charizard
|-supereffective|p2b: Charizard|2
|-damage|p2b: Charizard|13/100
|move|p2b: Charizard|Weather Ball|p1b: Lizardo
|-resisted|p1b: Lizardo|1
|-damage|p1b: Lizardo|0 fnt
|faint|p1b: Lizardo
|
|-weather|SunnyDay|[upkeep]
|upkeep
|turn|6
|
|t:|1785783123
|move|p2b: Charizard|Protect|p2b: Charizard
|-singleturn|p2b: Charizard|Protect
|move|p1a: Star scream|Rock Slide|p2a: Incineroar|[spread] 
|-activate|p2b: Charizard|move: Protect
|-miss|p1a: Star scream|p2a: Incineroar
|move|p2a: Incineroar|Parting Shot|p1a: Star scream
|-unboost|p1a: Star scream|atk|1
|-unboost|p1a: Star scream|spa|1
|
|t:|1785783130
|switch|p2a: Garchomp|Garchomp, L50, M|69/100 slp|[from] Parting Shot
|
|-weather|none
|upkeep
|turn|7
|
|t:|1785783142
|-curestatus|p2a: Garchomp|slp|[msg]
|move|p2a: Garchomp|Dragon Claw|p1a: Star scream
|-supereffective|p1a: Star scream|1
|-damage|p1a: Star scream|0 fnt
|-damage|p2a: Garchomp|56/100|[from] ability: Rough Skin|[of] p1a: Star scream
|faint|p1a: Star scream
|
|win|falafamiredosidofa
|raw|JP the president's rating: 1116 → 1086(-30 for losing)
|raw|falafamiredosidofa's rating: 1050 → 1089(+39 for winning)
