|j|☆6010woodspring
|j|☆gundot
|html|6010woodspringgundot    
|uhtml|bestof|Game 1 of a best-of-3
|t:|1786009372
|gametype|doubles
|player|p1|6010woodspring|waitress|1255
|player|p2|gundot|2|1218
|gen|9
|tier|[Gen 9 Champions] VGC 2026 Reg M-B (Bo3)
|rated|
|rule|Species Clause: Limit one of each Pokémon
|rule|Item Clause: Limit 1 of each item
|clearpoke
|poke|p1|Pyroar, L50, F, shiny|
|poke|p1|Whimsicott, L50, F|
|poke|p1|Zoroark-Hisui, L50, M, shiny|
|poke|p1|Basculegion, L50, M, shiny|
|poke|p1|Kingambit, L50, M|
|poke|p1|Raichu, L50, F|
|poke|p2|Charizard, L50, F, shiny|
|poke|p2|Whimsicott, L50, F|
|poke|p2|Mawile, L50, F, shiny|
|poke|p2|Kingambit, L50, F|
|poke|p2|Farigiraf, L50, F|
|poke|p2|Basculegion, L50, M, shiny|
|teampreview|4
|showteam|p1|Pyroar||Pyroarite|Rivalry|HeatWave,Overheat,ScorchingSands,Protect|Modest||F|||50|]Whimsicott||FocusSash|Prankster|Tailwind,Moonblast,Encore,SunnyDay|Timid||F|||50|]Zoroark-Hisui||LifeOrb|Illusion|HyperVoice,ShadowBall,IcyWind,GrassKnot|Timid||M|||50|]Basculegion||MysticWater|Adaptability|WaveCrash,AquaJet,LastRespects,Protect|Adamant||M|||50|]Kingambit||BlackGlasses|Defiant|KowtowCleave,SuckerPunch,SwordsDance,Protect|Adamant||M|||50|]Raichu||RaichuniteY|LightningRod|FakeOut,ZapCannon,FocusBlast,Encore|Timid||F|||50|
|showteam|p2|Charizard||CharizarditeY|SolarPower|HeatWave,WeatherBall,SolarBeam,Protect|Modest||F|||50|]Whimsicott||FocusSash|Prankster|Moonblast,Tailwind,Encore,Protect|Timid||F|||50|]Mawile||Mawilite|HyperCutter|PlayRough,Protect,RockSlide,SuckerPunch|Adamant||F|||50|]Kingambit||LifeOrb|Defiant|KowtowCleave,SuckerPunch,SwordsDance,Protect|Adamant||F|||50|]Farigiraf||SitrusBerry|ArmorTail|Psychic,Thunderbolt,TrickRoom,HelpingHand|Modest||F|||50|]Basculegion||MysticWater|Adaptability|WaveCrash,AquaJet,LastRespects,Protect|Adamant||M|||50|
|inactive|Battle timer is ON: inactive players will automatically lose when time's up. (requested by gundot)
|inactive|6010woodspring has 60 seconds left.
|inactive|gundot has 60 seconds left.
|inactive|gundot has 30 seconds left.
|inactive|gundot has 20 seconds left.
|inactive|gundot has 15 seconds left.
|inactive|gundot has 10 seconds left.
|inactive|gundot has 5 seconds left.
|
|t:|1786009458
|teamsize|p1|4
|teamsize|p2|4
|start
|switch|p1a: Pyroar|Pyroar, L50, F, shiny|100/100
|switch|p1b: Whimsicott|Whimsicott, L50, F|100/100
|switch|p2a: Whimsicott|Whimsicott, L50, F|100/100
|switch|p2b: Basculegion|Basculegion, L50, M, shiny|100/100
|turn|1
|
|t:|1786009470
|move|p1b: Whimsicott|Tailwind|p1b: Whimsicott
|-sidestart|p1: 6010woodspring|move: Tailwind
|move|p1a: Pyroar|Shadow Ball|p2b: Basculegion
|-supereffective|p2b: Basculegion|1
|-damage|p2b: Basculegion|0 fnt
|faint|p2b: Basculegion
|-damage|p1a: Pyroar|90/100|[from] item: Life Orb
|move|p2a: Whimsicott|Moonblast|p1a: Pyroar
|-damage|p1a: Pyroar|16/100
|replace|p1a: Zoroark|Zoroark-Hisui, L50, M, shiny
|-end|p1a: Zoroark|Illusion
|
|upkeep
|
|t:|1786009479
|switch|p2b: Kingambit|Kingambit, L50, F|100/100
|turn|2
|inactive|gundot has 30 seconds left.
|
|t:|1786009507
|move|p2a: Whimsicott|Protect|p2a: Whimsicott
|-singleturn|p2a: Whimsicott|Protect
|move|p1b: Whimsicott|Moonblast|p2b: Kingambit
|-damage|p2b: Kingambit|67/100
|move|p1a: Zoroark|Hyper Voice|p2a: Whimsicott|[spread] p2b
|-activate|p2a: Whimsicott|move: Protect
|-resisted|p2b: Kingambit|1
|-damage|p2b: Kingambit|44/100
|-damage|p1a: Zoroark|6/100|[from] item: Life Orb
|move|p2b: Kingambit|Swords Dance|p2b: Kingambit
|-boost|p2b: Kingambit|atk|2
|
|upkeep
|turn|3
|
|t:|1786009525
|switch|p2a: Charizard|Charizard, L50, F, shiny|100/100
|move|p2b: Kingambit|Sucker Punch|p1a: Zoroark
|-supereffective|p1a: Zoroark|1
|-damage|p1a: Zoroark|0 fnt
|faint|p1a: Zoroark
|-damage|p2b: Kingambit|35/100|[from] item: Life Orb
|move|p1b: Whimsicott|Moonblast|p2b: Kingambit
|-damage|p2b: Kingambit|3/100
|-unboost|p2b: Kingambit|spa|1
|-ability|p2b: Kingambit|Defiant|boost
|-boost|p2b: Kingambit|atk|2
|
|upkeep
|
|t:|1786009544
|switch|p1a: Kingambit|Kingambit, L50, M|100/100
|turn|4
|j| toonslim
|l| toonslim
|
|t:|1786009559
|detailschange|p2a: Charizard|Charizard-Mega-Y, L50, F, shiny
|-mega|p2a: Charizard|Charizard|Charizardite Y
|-weather|SunnyDay|[from] ability: Drought|[of] p2a: Charizard
|move|p2b: Kingambit|Protect|p2b: Kingambit
|-singleturn|p2b: Kingambit|Protect
|move|p1a: Kingambit|Sucker Punch|p2a: Charizard
|-crit|p2a: Charizard
|-damage|p2a: Charizard|32/100
|move|p1b: Whimsicott|Moonblast|p2b: Kingambit
|-activate|p2b: Kingambit|move: Protect
|move|p2a: Charizard|Heat Wave|p1b: Whimsicott|[spread] p1a,p1b
|-supereffective|p1a: Kingambit|1
|-supereffective|p1b: Whimsicott|1
|-damage|p1a: Kingambit|0 fnt
|-enditem|p1b: Whimsicott|Focus Sash
|-damage|p1b: Whimsicott|1/100
|faint|p1a: Kingambit
|
|-weather|SunnyDay|[upkeep]
|-sideend|p1: 6010woodspring|move: Tailwind
|upkeep
|
|t:|1786009567
|switch|p1a: Pyroar|Pyroar, L50, F, shiny|100/100
|turn|5
|
|t:|1786009579
|detailschange|p1a: Pyroar|Pyroar-Mega, L50, F, shiny
|-mega|p1a: Pyroar|Pyroar|Pyroarite
|move|p1a: Pyroar|Protect|p1a: Pyroar
|-singleturn|p1a: Pyroar|Protect
|move|p2b: Kingambit|Sucker Punch||[still]
|-fail|p2b: Kingambit
|move|p1b: Whimsicott|Moonblast|p2b: Kingambit
|-damage|p2b: Kingambit|0 fnt
|faint|p2b: Kingambit
|move|p2a: Charizard|Weather Ball|p1b: Whimsicott
|-supereffective|p1b: Whimsicott|1
|-damage|p1b: Whimsicott|0 fnt
|faint|p1b: Whimsicott
|
|-weather|SunnyDay|[upkeep]
|upkeep
|
|t:|1786009584
|switch|p2b: Whimsicott|Whimsicott, L50, F|100/100
|turn|6
|-message|6010woodspring forfeited.
|
|win|gundot
