|j|☆vilan333
|j|☆Imreesithink
|html|vilan333Imreesithink    
|uhtml|bestof|Game 1 of a best-of-3
|t:|1785947637
|gametype|doubles
|player|p1|vilan333|marshal|1252
|player|p2|Imreesithink|102|1295
|gen|9
|tier|[Gen 9 Champions] VGC 2026 Reg M-B (Bo3)
|rated|
|rule|Species Clause: Limit one of each Pokémon
|rule|Item Clause: Limit 1 of each item
|clearpoke
|poke|p1|Raichu, L50, F|
|poke|p1|Staraptor, L50, F|
|poke|p1|Arcanine-Hisui, L50, M|
|poke|p1|Kingambit, L50, F|
|poke|p1|Sylveon, L50, F|
|poke|p1|Farigiraf, L50, M|
|poke|p2|Staraptor, L50, M, shiny|
|poke|p2|Raichu, L50, M, shiny|
|poke|p2|Sylveon, L50, M, shiny|
|poke|p2|Farigiraf, L50, M, shiny|
|poke|p2|Arcanine-Hisui, L50, M, shiny|
|poke|p2|Kingambit, L50, M, shiny|
|teampreview|4
|showteam|p1|Raichu||RaichuniteY|LightningRod|Protect,FakeOut,ZapCannon,FocusBlast|Timid||F|||50|]Staraptor||Staraptite|Intimidate|Protect,CloseCombat,BraveBird,Tailwind|Jolly||F|||50|]Arcanine-Hisui||FocusSash|RockHead|Protect,HeadSmash,FlareBlitz,ExtremeSpeed|Adamant||M|||50|]Kingambit||LifeOrb|Defiant|Protect,KowtowCleave,SuckerPunch,SwordsDance|Adamant||F|||50|]Sylveon||FairyFeather|Pixilate|Protect,HyperBeam,HyperVoice,QuickAttack|Modest||F|||50|]Farigiraf||SitrusBerry|ArmorTail|Protect,Psychic,HelpingHand,TrickRoom|Calm||M|||50|
|showteam|p2|Staraptor||Staraptite|Intimidate|Tailwind,Protect,CloseCombat,DualWingbeat|Jolly||M|||50|]Raichu||RaichuniteY|LightningRod|FakeOut,ZapCannon,FocusBlast,Protect|Timid||M|||50|]Sylveon||FairyFeather|Pixilate|Detect,HyperVoice,QuickAttack,HyperBeam|Modest||M|||50|]Farigiraf||SitrusBerry|ArmorTail|Psychic,TrickRoom,HelpingHand,Protect|Sassy||M|||50|]Arcanine-Hisui||FocusSash|RockHead|Protect,ExtremeSpeed,HeadSmash,FlareBlitz|Jolly||M|||50|]Kingambit||LifeOrb|Defiant|Protect,KowtowCleave,SwordsDance,SuckerPunch|Adamant||M|||50|
|inactive|Battle timer is ON: inactive players will automatically lose when time's up. (requested by Imreesithink)
|inactive|vilan333 has 60 seconds left.
|inactive|Imreesithink has 60 seconds left.
|inactive|Imreesithink has 30 seconds left.
|inactive|Imreesithink has 20 seconds left.
|
|t:|1785947711
|teamsize|p1|4
|teamsize|p2|4
|start
|switch|p1a: Raichu|Raichu, L50, F|100/100
|switch|p1b: Sylveon|Sylveon, L50, F|100/100
|switch|p2a: Raichu|Raichu, L50, M, shiny|100/100
|switch|p2b: Kingambit|Kingambit, L50, M, shiny|100/100
|turn|1
|inactive|vilan333 has 30 seconds left.
|
|t:|1785947742
|detailschange|p2a: Raichu|Raichu-Mega-Y, L50, M, shiny
|-mega|p2a: Raichu|Raichu|Raichunite Y
|move|p2a: Raichu|Fake Out|p1a: Raichu
|-damage|p1a: Raichu|86/100
|cant|p1a: Raichu|flinch
|move|p1b: Sylveon|Hyper Voice|p2b: Kingambit|[spread] p2a,p2b
|-damage|p2a: Raichu|43/100
|-damage|p2b: Kingambit|54/100
|move|p2b: Kingambit|Swords Dance|p2b: Kingambit
|-boost|p2b: Kingambit|atk|2
|
|upkeep
|turn|2
|
|t:|1785947765
|switch|p1b: Farigiraf|Farigiraf, L50, M|100/100
|detailschange|p1a: Raichu|Raichu-Mega-Y, L50, F
|-mega|p1a: Raichu|Raichu|Raichunite Y
|move|p2b: Kingambit|Sucker Punch||[still]
|cant|p1b: Farigiraf|ability: Armor Tail|Sucker Punch|[of] p2b: Kingambit
|move|p1a: Raichu|Focus Blast|p2b: Kingambit
|-supereffective|p2b: Kingambit|2
|-damage|p2b: Kingambit|0 fnt
|faint|p2b: Kingambit
|move|p2a: Raichu|Zap Cannon|p1b: Farigiraf
|-damage|p1b: Farigiraf|47/100
|-status|p1b: Farigiraf|par
|-enditem|p1b: Farigiraf|Sitrus Berry|[eat]
|-heal|p1b: Farigiraf|71/100 par|[from] item: Sitrus Berry
|
|upkeep
|
|t:|1785947771
|switch|p2b: Sylveon|Sylveon, L50, M, shiny|100/100
|turn|3
|inactive|vilan333 has 30 seconds left.
|
|t:|1785947799
|move|p1a: Raichu|Zap Cannon|p2b: Sylveon
|-damage|p2b: Sylveon|50/100g
|-status|p2b: Sylveon|par
|move|p2a: Raichu|Focus Blast|p1a: Raichu
|-damage|p1a: Raichu|33/100
|move|p2b: Sylveon|Hyper Voice|p1b: Farigiraf|[spread] p1a,p1b
|-damage|p1a: Raichu|0 fnt
|-damage|p1b: Farigiraf|34/100 par
|faint|p1a: Raichu
|move|p1b: Farigiraf|Psychic|p2b: Sylveon
|-damage|p2b: Sylveon|22/100 par
|
|upkeep
|
|t:|1785947814
|switch|p1a: Sylveon|Sylveon, L50, F|100/100
|turn|4
|
|t:|1785947821
|move|p2a: Raichu|Zap Cannon|p1a: Sylveon
|-damage|p1a: Sylveon|53/100
|-status|p1a: Sylveon|par
|move|p2b: Sylveon|Hyper Voice|p1b: Farigiraf|[spread] p1a,p1b
|-damage|p1a: Sylveon|10/100 par
|-damage|p1b: Farigiraf|0 fnt
|faint|p1b: Farigiraf
|move|p1a: Sylveon|Hyper Voice|p2a: Raichu|[spread] p2a,p2b
|-damage|p2a: Raichu|0 fnt
|-damage|p2b: Sylveon|0 fnt
|faint|p2a: Raichu
|faint|p2b: Sylveon
|
|upkeep
|
|t:|1785947834
|switch|p2b: Staraptor|Staraptor, L50, M, shiny|100/100
|switch|p1b: Kingambit|Kingambit, L50, F|100/100
|-ability|p2b: Staraptor|Intimidate|boost
|-unboost|p1a: Sylveon|atk|1
|-unboost|p1b: Kingambit|atk|1
|-ability|p1b: Kingambit|Defiant|boost
|-boost|p1b: Kingambit|atk|2
|turn|5
|
|t:|1785947847
|move|p1b: Kingambit|Sucker Punch|p2b: Staraptor
|-damage|p2b: Staraptor|15/100
|-damage|p1b: Kingambit|90/100|[from] item: Life Orb
|move|p2b: Staraptor|Close Combat|p1b: Kingambit
|-supereffective|p1b: Kingambit|2
|-damage|p1b: Kingambit|0 fnt
|-unboost|p2b: Staraptor|def|1
|-unboost|p2b: Staraptor|spd|1
|faint|p1b: Kingambit
|cant|p1a: Sylveon|par
|
|upkeep
|turn|6
|
|t:|1785947860
|move|p1a: Sylveon|Quick Attack|p2b: Staraptor
|-damage|p2b: Staraptor|0 fnt
|faint|p2b: Staraptor
|
|win|vilan333
||Imreesithink is ready for game 2.
