|j|☆Kylliza
|j|☆Mattack10
|html|KyllizaMattack10    
|uhtml|bestof|Game 1 of a best-of-3
|t:|1782340609
|gametype|doubles
|player|p1|Kylliza|265|1088
|player|p2|Mattack10|acetrainer|1103
|gen|9
|tier|[Gen 9 Champions] VGC 2026 Reg M-B (Bo3)
|rated|
|rule|Species Clause: Limit one of each Pokémon
|rule|Item Clause: Limit 1 of each item
|clearpoke
|poke|p1|Blaziken, L50, M|
|poke|p1|Whimsicott, L50, F|
|poke|p1|Incineroar, L50, F|
|poke|p1|Sylveon, L50, F|
|poke|p1|Basculegion, L50, M|
|poke|p1|Froslass, L50, F|
|poke|p2|Dragalge, L50, M|
|poke|p2|Farigiraf, L50, M|
|poke|p2|Kingambit, L50, M|
|poke|p2|Incineroar, L50, F, shiny|
|poke|p2|Sinistcha, L50|
|poke|p2|Primarina, L50, M|
|teampreview|4
|showteam|p1|Blaziken||Blazikenite|SpeedBoost|FlareBlitz,CloseCombat,RockSlide,Protect|Adamant||M|||50|]Whimsicott||FocusSash|Prankster|Moonblast,Tailwind,Encore,Protect|Timid||F|||50|]Incineroar||SitrusBerry|Intimidate|FakeOut,FlareBlitz,ThroatChop,PartingShot|Careful||F|||50|]Sylveon||FairyFeather|Pixilate|HyperVoice,HyperBeam,QuickAttack,Protect|Modest||F|||50|]Basculegion||ChoiceScarf|Adaptability|WaveCrash,LastRespects,AquaJet,FlipTurn|Jolly||M|||50|]Froslass||Froslassite|CursedBody|Blizzard,ShadowBall,AuroraVeil,Protect|Timid||F|||50|
|showteam|p2|Dragalge||Dragalgite|PoisonPoint|DracoMeteor,SludgeBomb,Protect,FlipTurn|Quiet||M|||50|]Farigiraf||ColburBerry|ArmorTail|HyperVoice,Psychic,HelpingHand,TrickRoom|Relaxed||M|||50|]Kingambit||ChopleBerry|Defiant|KowtowCleave,SuckerPunch,Protect,LowKick|Brave||M|||50|]Incineroar||ShucaBerry|Intimidate|FakeOut,FlareBlitz,ThroatChop,PartingShot|Sassy||F|||50|]Sinistcha||SitrusBerry|Hospitality|RagePowder,MatchaGotcha,TrickRoom,StrengthSap|Relaxed|||||50|]Primarina||Leftovers|LiquidVoice|HyperVoice,Moonblast,CalmMind,Protect|Quiet||M|||50|
|inactive|Battle timer is ON: inactive players will automatically lose when time's up. (requested by Kylliza)
|inactive|Mattack10 has 60 seconds left.
|inactive|Mattack10 has 30 seconds left.
|inactive|Mattack10 has 20 seconds left.
|inactive|Mattack10 has 15 seconds left.
|inactive|Mattack10 has 10 seconds left.
|
|t:|1782340726
|teamsize|p1|4
|teamsize|p2|4
|start
|switch|p1a: Sylveon|Sylveon, L50, F|100/100
|switch|p1b: Froslass|Froslass, L50, F|100/100
|switch|p2a: Dragalge|Dragalge, L50, M|100/100
|switch|p2b: Farigiraf|Farigiraf, L50, M|100/100
|turn|1
|
|t:|1782340750
|detailschange|p1b: Froslass|Froslass-Mega, L50, F
|-mega|p1b: Froslass|Froslass|Froslassite
|-weather|Snowscape|[from] ability: Snow Warning|[of] p1b: Froslass
|detailschange|p2a: Dragalge|Dragalge-Mega, L50, M
|-mega|p2a: Dragalge|Dragalge|Dragalgite
|move|p2a: Dragalge|Protect|p2a: Dragalge
|-singleturn|p2a: Dragalge|Protect
|move|p1b: Froslass|Blizzard|p2b: Farigiraf|[spread] p2b
|-activate|p2a: Dragalge|move: Protect
|-crit|p2b: Farigiraf
|-damage|p2b: Farigiraf|51/100
|move|p1a: Sylveon|Hyper Beam|p2b: Farigiraf
|-damage|p2b: Farigiraf|0 fnt
|-mustrecharge|p1a: Sylveon
|faint|p2b: Farigiraf
|
|-weather|Snowscape|[upkeep]
|upkeep
|
|t:|1782340760
|switch|p2b: Kingambit|Kingambit, L50, M|100/100
|turn|2
|
|t:|1782340782
|move|p1b: Froslass|Aurora Veil|p1b: Froslass
|-sidestart|p1: Kylliza|move: Aurora Veil
|cant|p1a: Sylveon|recharge
|move|p2b: Kingambit|Kowtow Cleave|p1a: Sylveon
|-resisted|p1a: Sylveon|1
|-damage|p1a: Sylveon|82/100
|move|p2a: Dragalge|Sludge Bomb|p1a: Sylveon
|-supereffective|p1a: Sylveon|1
|-damage|p1a: Sylveon|30/100
|-status|p1a: Sylveon|psn
|
|-weather|Snowscape|[upkeep]
|-damage|p1a: Sylveon|18/100 psn|[from] psn
|upkeep
|turn|3
|inactive|Kylliza has 30 seconds left.
|
|t:|1782340809
|switch|p1a: Incineroar|Incineroar, L50, F|100/100
|-ability|p1a: Incineroar|Intimidate|boost
|-unboost|p2a: Dragalge|atk|1
|-unboost|p2b: Kingambit|atk|1
|-ability|p2b: Kingambit|Defiant|boost
|-boost|p2b: Kingambit|atk|2
|switch|p2a: Incineroar|Incineroar, L50, F, shiny|100/100
|-ability|p2a: Incineroar|Intimidate|boost
|-unboost|p1a: Incineroar|atk|1
|-unboost|p1b: Froslass|atk|1
|move|p2b: Kingambit|Sucker Punch|p1b: Froslass
|-supereffective|p1b: Froslass|1
|-damage|p1b: Froslass|20/100y
|move|p1b: Froslass|Blizzard|p2a: Incineroar|[spread] p2a,p2b
|-resisted|p2a: Incineroar|1
|-resisted|p2b: Kingambit|1
|-damage|p2a: Incineroar|85/100
|-damage|p2b: Kingambit|80/100
|
|-weather|Snowscape|[upkeep]
|upkeep
|turn|4
|inactive|Kylliza has 30 seconds left.
|
|t:|1782340838
|move|p2b: Kingambit|Protect|p2b: Kingambit
|-singleturn|p2b: Kingambit|Protect
|move|p1a: Incineroar|Fake Out|p2b: Kingambit
|-activate|p2b: Kingambit|move: Protect
|move|p1b: Froslass|Blizzard|p2a: Incineroar|[spread] p2a
|-activate|p2b: Kingambit|move: Protect
|-resisted|p2a: Incineroar|1
|-damage|p2a: Incineroar|69/100
|move|p2a: Incineroar|Flare Blitz|p1b: Froslass
|-supereffective|p1b: Froslass|1
|-damage|p1b: Froslass|0 fnt
|faint|p1b: Froslass
|-damage|p2a: Incineroar|63/100|[from] Recoil
|
|-weather|Snowscape|[upkeep]
|upkeep
|
|t:|1782340855
|switch|p1b: Basculegion|Basculegion, L50, M|100/100
|turn|5
|
|t:|1782340861
|switch|p1b: Sylveon|Sylveon, L50, F|18/100 psn
|switch|p2a: Dragalge|Dragalge-Mega, L50, M|100/100
|move|p2b: Kingambit|Sucker Punch||[still]
|-fail|p2b: Kingambit
|move|p1a: Incineroar|Flare Blitz|p2b: Kingambit
|-supereffective|p2b: Kingambit|1
|-damage|p2b: Kingambit|29/100
|-damage|p1a: Incineroar|83/100|[from] Recoil
|
|-weather|none
|-damage|p1b: Sylveon|6/100 psn|[from] psn
|upkeep
|turn|6
|
|t:|1782340880
|move|p2b: Kingambit|Protect|p2b: Kingambit
|-singleturn|p2b: Kingambit|Protect
|move|p1b: Sylveon|Hyper Voice|p2b: Kingambit|[spread] p2a
|-activate|p2b: Kingambit|move: Protect
|-damage|p2a: Dragalge|64/100
|move|p1a: Incineroar|Flare Blitz|p2b: Kingambit
|-activate|p2b: Kingambit|move: Protect
|move|p2a: Dragalge|Draco Meteor|p1a: Incineroar
|-damage|p1a: Incineroar|40/100
|-unboost|p2a: Dragalge|spa|2
|-enditem|p1a: Incineroar|Sitrus Berry|[eat]
|-heal|p1a: Incineroar|64/100|[from] item: Sitrus Berry
|
|-damage|p1b: Sylveon|0 fnt|[from] psn
|faint|p1b: Sylveon
|-sideend|p1: Kylliza|move: Aurora Veil
|upkeep
|
|t:|1782340896
|switch|p1b: Basculegion|Basculegion, L50, M|100/100
|turn|7
|inactive|Kylliza has 30 seconds left.
|
|t:|1782340925
|move|p1b: Basculegion|Aqua Jet|p2a: Dragalge
|-resisted|p2a: Dragalge|1
|-damage|p2a: Dragalge|52/100
|move|p2b: Kingambit|Sucker Punch||[still]
|-fail|p2b: Kingambit
|move|p1a: Incineroar|Flare Blitz|p2b: Kingambit
|-supereffective|p2b: Kingambit|1
|-damage|p2b: Kingambit|0 fnt
|faint|p2b: Kingambit
|-damage|p1a: Incineroar|54/100|[from] Recoil
|move|p2a: Dragalge|Flip Turn|p1a: Incineroar
|-supereffective|p1a: Incineroar|1
|-damage|p1a: Incineroar|36/100
|
|t:|1782340931
|-heal|p2a: Dragalge|85/100|[from] ability: Regenerator|[silent]
|switch|p2a: Incineroar|Incineroar, L50, F, shiny|63/100|[from] Flip Turn
|-ability|p2a: Incineroar|Intimidate|boost
|-unboost|p1a: Incineroar|atk|1
|-unboost|p1b: Basculegion|atk|1
|
|upkeep
|
|t:|1782340932
|switch|p2b: Dragalge|Dragalge-Mega, L50, M|85/100
|turn|8
|
|t:|1782340951
|move|p2a: Incineroar|Fake Out|p1a: Incineroar
|-damage|p1a: Incineroar|27/100
|move|p1b: Basculegion|Aqua Jet|p2a: Incineroar
|-supereffective|p2a: Incineroar|1
|-damage|p2a: Incineroar|32/100
|cant|p1a: Incineroar|flinch
|move|p2b: Dragalge|Sludge Bomb|p1a: Incineroar
|-damage|p1a: Incineroar|0 fnt
|faint|p1a: Incineroar
|
|upkeep
|turn|9
|
|t:|1782340961
|move|p1b: Basculegion|Aqua Jet|p2a: Incineroar
|-supereffective|p2a: Incineroar|1
|-damage|p2a: Incineroar|1/100
|move|p2a: Incineroar|Throat Chop|p1b: Basculegion
|-supereffective|p1b: Basculegion|1
|-damage|p1b: Basculegion|22/100
|-start|p1b: Basculegion|Throat Chop|[silent]
|move|p2b: Dragalge|Sludge Bomb|p1b: Basculegion
|-resisted|p1b: Basculegion|1
|-damage|p1b: Basculegion|0 fnt
|faint|p1b: Basculegion
|
|win|Mattack10
