|j|☆reifard
|j|☆zanfire73
|html|reifardzanfire73    
|uhtml|bestof|Game 2 of a best-of-3
|t:|1785785491
|gametype|doubles
|player|p1|reifard|lance-masters2|
|player|p2|zanfire73|steven|
|gen|9
|tier|[Gen 9 Champions] VGC 2026 Reg M-B (Bo3)
|rule|Species Clause: Limit one of each Pokémon
|rule|Item Clause: Limit 1 of each item
|clearpoke
|poke|p1|Golurk, L50|
|poke|p1|Oranguru, L50, F, shiny|
|poke|p1|Torkoal, L50, M|
|poke|p1|Chandelure, L50, F|
|poke|p1|Farigiraf, L50, F, shiny|
|poke|p1|Venusaur, L50, F|
|poke|p2|Cofagrigus, L50, F|
|poke|p2|Incineroar, L50, F|
|poke|p2|Sylveon, L50, F|
|poke|p2|Camerupt, L50, F|
|poke|p2|Araquanid, L50, F|
|poke|p2|Dragalge, L50, M|
|teampreview|4
|showteam|p1|Golurk||Golurkite|IronFist|HeadlongRush,Poltergeist,Protect,IcePunch|Brave|||||50|]Oranguru||ColburBerry|InnerFocus|Instruct,TrickRoom,Protect,Psychic|Sassy||F|||50|]Torkoal||Charcoal|Drought|Eruption,Protect,WeatherBall,EarthPower|Quiet||M|||50|]Chandelure||Chandelurite|FlashFire|HeatWave,ShadowBall,CalmMind,TrickRoom|Modest||F|||50|]Farigiraf||SitrusBerry|ArmorTail|TrickRoom,Psychic,Thunderbolt,HelpingHand|Quiet||F|||50|]Venusaur||FocusSash|Chlorophyll|SleepPowder,SludgeBomb,Protect,GigaDrain|Modest||F|||50|
|showteam|p2|Cofagrigus||Leftovers|Mummy|BodyPress,WillOWisp,TrickRoom,Disable|Relaxed||F|||50|]Incineroar||ChopleBerry|Intimidate|FakeOut,PartingShot,DarkestLariat,FlareBlitz|Impish||F|||50|]Sylveon||FairyFeather|Pixilate|MysticalFire,HyperBeam,HyperVoice,Detect|Modest||F|||50|]Camerupt||Cameruptite|SolidRock|EarthPower,Eruption,HeatWave,Protect|Quiet||F|||50|]Araquanid||LifeOrb|WaterBubble|LeechLife,WideGuard,Liquidation,Protect|Adamant||F|||50|]Dragalge||ExpertBelt|Adaptability|DragonPulse,SludgeBomb,AcidSpray,Protect|Quiet||M|||50|
|j| Alex Agni
|j| Raspree
|j| MomijiTheTengu
|c| Raspree|Potete cominciare. Buona fortuna
|
|t:|1785785708
|teamsize|p1|4
|teamsize|p2|4
|start
|switch|p1a: Avanger|Venusaur, L50, F|100/100
|switch|p1b: Alter-Ego|Chandelure, L50, F|100/100
|switch|p2a: TheCat|Incineroar, L50, F|100/100
|switch|p2b: TheCow|Camerupt, L50, F|100/100
|-ability|p2a: TheCat|Intimidate|boost
|-unboost|p1a: Avanger|atk|1
|-unboost|p1b: Alter-Ego|atk|1
|turn|1
|
|t:|1785785740
|detailschange|p1b: Alter-Ego|Chandelure-Mega, L50, F
|-mega|p1b: Alter-Ego|Chandelure|Chandelurite
|detailschange|p2b: TheCow|Camerupt-Mega, L50, F
|-mega|p2b: TheCow|Camerupt|Cameruptite
|move|p1a: Avanger|Protect|p1a: Avanger
|-singleturn|p1a: Avanger|Protect
|move|p2a: TheCat|Fake Out|p1a: Avanger
|-activate|p1a: Avanger|move: Protect
|move|p1b: Alter-Ego|Calm Mind|p1b: Alter-Ego
|-boost|p1b: Alter-Ego|spa|1
|-boost|p1b: Alter-Ego|spd|1
|move|p2b: TheCow|Earth Power|p1b: Alter-Ego
|-supereffective|p1b: Alter-Ego|1
|-damage|p1b: Alter-Ego|2/100
|
|upkeep
|turn|2
|
|t:|1785785760
|move|p1a: Avanger|Sleep Powder|p2a: TheCat
|-status|p2a: TheCat|slp|[from] move: Sleep Powder
|move|p1b: Alter-Ego|Heat Wave|p2a: TheCat|[spread] p2a,p2b
|-resisted|p2a: TheCat|1
|-resisted|p2b: TheCow|1
|-damage|p2a: TheCat|67/100 slp
|-damage|p2b: TheCow|63/100
|cant|p2a: TheCat|slp
|move|p2b: TheCow|Heat Wave|p1a: Avanger|[spread] p1a,p1b
|-supereffective|p1a: Avanger|1
|-resisted|p1b: Alter-Ego|1
|-enditem|p1a: Avanger|Focus Sash
|-damage|p1a: Avanger|1/100
|-damage|p1b: Alter-Ego|0 fnt
|faint|p1b: Alter-Ego
|
|upkeep
|
|t:|1785785771
|switch|p1b: Lancer|Torkoal, L50, M|100/100
|-weather|SunnyDay|[from] ability: Drought|[of] p1b: Lancer
|turn|3
|
|t:|1785785786
|move|p2b: TheCow|Protect|p2b: TheCow
|-singleturn|p2b: TheCow|Protect
|move|p1a: Avanger|Giga Drain|p2b: TheCow
|-activate|p2b: TheCow|move: Protect
|cant|p2a: TheCat|slp
|move|p1b: Lancer|Eruption|p2b: TheCow|[spread] p2a
|-activate|p2b: TheCow|move: Protect
|-resisted|p2a: TheCat|1
|-damage|p2a: TheCat|27/100 slp
|
|-weather|SunnyDay|[upkeep]
|upkeep
|turn|4
|
|t:|1785785827
|switch|p2b: TheSpider|Araquanid, L50, F|100/100
|move|p1a: Avanger|Sleep Powder|p2b: TheSpider
|-status|p2b: TheSpider|slp|[from] move: Sleep Powder
|-curestatus|p2a: TheCat|slp|[msg]
|move|p2a: TheCat|Flare Blitz|p1a: Avanger
|-supereffective|p1a: Avanger|1
|-damage|p1a: Avanger|0 fnt
|faint|p1a: Avanger
|-damage|p2a: TheCat|27/100|[from] Recoil
|move|p1b: Lancer|Eruption|p2b: TheSpider|[spread] p2a,p2b
|-resisted|p2a: TheCat|1
|-crit|p2b: TheSpider
|-damage|p2a: TheCat|0 fnt
|-damage|p2b: TheSpider|42/100 slp
|faint|p2a: TheCat
|
|-weather|SunnyDay|[upkeep]
|upkeep
|
|t:|1785785844
|switch|p1a: Berserker|Golurk, L50|100/100
|switch|p2a: TheCow|Camerupt-Mega, L50, F|63/100
|turn|5
|
|t:|1785785865
|move|p2a: TheCow|Protect|p2a: TheCow
|-singleturn|p2a: TheCow|Protect
|cant|p2b: TheSpider|slp
|move|p1a: Berserker|Headlong Rush|p2a: TheCow
|-activate|p2a: TheCow|move: Protect
|move|p1b: Lancer|Eruption|p2b: TheSpider|[spread] p2b
|-activate|p2a: TheCow|move: Protect
|-damage|p2b: TheSpider|1/100 slp
|
|-weather|SunnyDay|[upkeep]
|upkeep
|turn|6
|
|t:|1785785918
|switch|p2a: TheDog|Sylveon, L50, F|100/100
|move|p1a: Berserker|Headlong Rush|p2a: TheDog
|-damage|p2a: TheDog|0 fnt
|-unboost|p1a: Berserker|def|1
|-unboost|p1a: Berserker|spd|1
|faint|p2a: TheDog
|-curestatus|p2b: TheSpider|slp|[msg]
|move|p2b: TheSpider|Liquidation|p1a: Berserker
|-supereffective|p1a: Berserker|1
|-damage|p1a: Berserker|0 fnt
|faint|p1a: Berserker
|-damage|p2b: TheSpider|0 fnt|[from] item: Life Orb
|faint|p2b: TheSpider
|move|p1b: Lancer|Weather Ball|p2: TheDog|[notarget]
|-fail|p1b: Lancer
|
|-weather|SunnyDay|[upkeep]
|upkeep
|
|t:|1785785935
|switch|p2a: TheCow|Camerupt-Mega, L50, F|63/100
|turn|7
|
|t:|1785785944
|move|p1b: Lancer|Earth Power|p2a: TheCow
|-supereffective|p2a: TheCow|1
|-damage|p2a: TheCow|10/100
|-unboost|p2a: TheCow|spd|1
|move|p2a: TheCow|Earth Power|p1b: Lancer
|-supereffective|p1b: Lancer|1
|-damage|p1b: Lancer|0 fnt
|faint|p1b: Lancer
|
|win|zanfire73
|inactive|reifard has 30 seconds to confirm battle start!
|inactive|zanfire73 has 30 seconds to confirm battle start!
