|j|☆222salad
|j|☆namboyVGC
|html|222saladnamboyVGC    
|uhtml|bestof|Game 3 of a best-of-3
|t:|1783973079
|gametype|doubles
|player|p1|222salad|guitarist|1086
|player|p2|namboyVGC|pokemonranger-gen4|1144
|gen|9
|tier|[Gen 9 Champions] VGC 2026 Reg M-B (Bo3)
|rated|
|rule|Species Clause: Limit one of each Pokémon
|rule|Item Clause: Limit 1 of each item
|clearpoke
|poke|p1|Gengar, L50, F|
|poke|p1|Incineroar, L50, M|
|poke|p1|Politoed, L50, M|
|poke|p1|Archaludon, L50, F|
|poke|p1|Charizard, L50, M|
|poke|p1|Venusaur, L50, M|
|poke|p2|Tyranitar, L50, M|
|poke|p2|Excadrill, L50, F|
|poke|p2|Milotic, L50, M|
|poke|p2|Sinistcha, L50|
|poke|p2|Staraptor, L50, F|
|poke|p2|Gholdengo, L50|
|teampreview|4
|showteam|p1|Gengar||Gengarite|CursedBody|SludgeBomb,ShadowBall,PerishSong,Protect|Modest||F|||50|]Incineroar||PasshoBerry|Intimidate|FlareBlitz,PartingShot,FakeOut,Protect|Relaxed||M|||50|]Politoed||SitrusBerry|Drizzle|WeatherBall,Encore,PerishSong,Protect|Bold||M|||50|]Archaludon||Leftovers|Stamina|DragonPulse,FlashCannon,ElectroShot,Protect|Bold||F|||50|]Charizard||CharizarditeY|Blaze|HeatWave,WeatherBall,SolarBeam,Protect|Modest||M|||50|]Venusaur||FocusSash|Chlorophyll|SludgeBomb,EarthPower,SleepPowder,Protect|Modest||M|||50|
|showteam|p2|Tyranitar||Tyranitarite|SandStream|KnockOff,RockSlide,HighHorsepower,Protect|Jolly||M|||50|]Excadrill||FocusSash|SandRush|Earthquake,IronHead,RockSlide,Protect|Adamant||F|||50|]Milotic||SitrusBerry|Competitive|Scald,IcyWind,Haze,Protect|Calm||M|||50|]Sinistcha||ColburBerry|Hospitality|MatchaGotcha,ShadowBall,Protect,RagePowder|Bold|||||50|]Staraptor||Staraptite|Intimidate|CloseCombat,BraveBird,Tailwind,Protect|Jolly||F|||50|]Gholdengo||LifeOrb|GoodasGold|MakeItRain,ShadowBall,NastyPlot,Protect|Modest|||||50|
|inactive|Battle timer is ON: inactive players will automatically lose when time's up. (requested by 222salad)
|inactive|namboyVGC also wants the timer to be on.
|
|t:|1783973098
|teamsize|p1|4
|teamsize|p2|4
|start
|switch|p1a: Charizard|Charizard, L50, M|100/100
|switch|p1b: Venusaur|Venusaur, L50, M|100/100
|switch|p2a: Milotic|Milotic, L50, M|100/100
|switch|p2b: Staraptor|Staraptor, L50, F|100/100
|-ability|p2b: Staraptor|Intimidate|boost
|-unboost|p1a: Charizard|atk|1
|-unboost|p1b: Venusaur|atk|1
|turn|1
|inactive|222salad has 30 seconds left.
|inactive|222salad has 20 seconds left.
|
|t:|1783973136
|switch|p2a: Tyranitar|Tyranitar, L50, M|100/100
|-weather|Sandstorm|[from] ability: Sand Stream|[of] p2a: Tyranitar
|detailschange|p2b: Staraptor|Staraptor-Mega, L50, F
|-mega|p2b: Staraptor|Staraptor|Staraptite
|move|p2b: Staraptor|Brave Bird|p1b: Venusaur
|-supereffective|p1b: Venusaur|1
|-enditem|p1b: Venusaur|Focus Sash
|-damage|p1b: Venusaur|1/100
|-damage|p2b: Staraptor|73/100|[from] Recoil
|move|p1a: Charizard|Heat Wave|p2a: Tyranitar|[spread] p2a
|-miss|p1a: Charizard|p2b: Staraptor
|-resisted|p2a: Tyranitar|1
|-damage|p2a: Tyranitar|91/100
|move|p1b: Venusaur|Sleep Powder|p2a: Tyranitar
|-status|p2a: Tyranitar|slp|[from] move: Sleep Powder
|
|-weather|Sandstorm|[upkeep]
|-damage|p2b: Staraptor|67/100|[from] Sandstorm
|-damage|p1a: Charizard|94/100|[from] Sandstorm
|-damage|p1b: Venusaur|0 fnt|[from] Sandstorm
|faint|p1b: Venusaur
|upkeep
|inactive|222salad has 30 seconds left.
|inactive|222salad has 20 seconds left.
|inactive|222salad has 15 seconds left.
|
|t:|1783973179
|switch|p1b: Politoed|Politoed, L50, M|100/100
|-weather|RainDance|[from] ability: Drizzle|[of] p1b: Politoed
|turn|2
|inactive|222salad has 30 seconds left.
|
|t:|1783973205
|detailschange|p1a: Charizard|Charizard-Mega-Y, L50, M
|-mega|p1a: Charizard|Charizard|Charizardite Y
|-weather|SunnyDay|[from] ability: Drought|[of] p1a: Charizard
|move|p2b: Staraptor|Close Combat|p1b: Politoed
|-damage|p1b: Politoed|53/100
|-boost|p2b: Staraptor|def|1
|-boost|p2b: Staraptor|spd|1
|move|p1a: Charizard|Solar Beam||[still]
|-prepare|p1a: Charizard|Solar Beam
|-anim|p1a: Charizard|Solar Beam|p2a: Tyranitar
|-supereffective|p2a: Tyranitar|1
|-damage|p2a: Tyranitar|9/100 slp
|cant|p2a: Tyranitar|slp
|move|p1b: Politoed|Weather Ball|p2b: Staraptor
|-damage|p2b: Staraptor|44/100
|
|-weather|SunnyDay|[upkeep]
|upkeep
|turn|3
|
|t:|1783973226
|move|p1b: Politoed|Protect|p1b: Politoed
|-singleturn|p1b: Politoed|Protect
|move|p2b: Staraptor|Tailwind|p2b: Staraptor
|-sidestart|p2: namboyVGC|move: Tailwind
|cant|p2a: Tyranitar|slp
|move|p1a: Charizard|Heat Wave|p2b: Staraptor|[spread] p2a,p2b
|-resisted|p2a: Tyranitar|1
|-damage|p2a: Tyranitar|0 fnt
|-damage|p2b: Staraptor|1/100
|faint|p2a: Tyranitar
|
|-weather|SunnyDay|[upkeep]
|upkeep
|
|t:|1783973232
|switch|p2a: Milotic|Milotic, L50, M|100/100
|turn|4
|inactive|222salad has 30 seconds left.
|
|t:|1783973258
|move|p2b: Staraptor|Brave Bird|p1a: Charizard
|-damage|p1a: Charizard|33/100
|-damage|p2b: Staraptor|0 fnt|[from] Recoil
|faint|p2b: Staraptor
|move|p2a: Milotic|Icy Wind|p1a: Charizard|[spread] p1a,p1b
|-resisted|p1b: Politoed|1
|-damage|p1a: Charizard|25/100
|-damage|p1b: Politoed|48/100
|-unboost|p1a: Charizard|spe|1
|-unboost|p1b: Politoed|spe|1
|-enditem|p1b: Politoed|Sitrus Berry|[eat]
|-heal|p1b: Politoed|73/100|[from] item: Sitrus Berry
|move|p1a: Charizard|Heat Wave|p2a: Milotic|[miss]
|-miss|p1a: Charizard|p2a: Milotic
|move|p1b: Politoed|Perish Song|p1b: Politoed
|-start|p1a: Charizard|perish3|[silent]
|-start|p1b: Politoed|perish3|[silent]
|-start|p2a: Milotic|perish3|[silent]
|-fieldactivate|move: Perish Song
|
|-weather|SunnyDay|[upkeep]
|-start|p2a: Milotic|perish3
|-start|p1a: Charizard|perish3
|-start|p1b: Politoed|perish3
|upkeep
|
|t:|1783973267
|switch|p2b: Gholdengo|Gholdengo, L50|100/100
|turn|5
|
|t:|1783973288
|switch|p1a: Archaludon|Archaludon, L50, F|100/100
|move|p2a: Milotic|Scald|p1a: Archaludon
|-resisted|p1a: Archaludon|1
|-damage|p1a: Archaludon|93/100
|-ability|p1a: Archaludon|Stamina|boost
|-boost|p1a: Archaludon|def|1
|move|p2b: Gholdengo|Nasty Plot|p2b: Gholdengo
|-boost|p2b: Gholdengo|spa|2
|move|p1b: Politoed|Weather Ball|p2b: Gholdengo
|-supereffective|p2b: Gholdengo|1
|-damage|p2b: Gholdengo|40/100
|
|-weather|SunnyDay|[upkeep]
|-heal|p1a: Archaludon|99/100|[from] item: Leftovers
|-start|p2a: Milotic|perish2
|-start|p1b: Politoed|perish2
|upkeep
|turn|6
|
|t:|1783973310
|move|p2a: Milotic|Icy Wind|p1b: Politoed|[spread] p1a,p1b
|-resisted|p1b: Politoed|1
|-damage|p1a: Archaludon|89/100
|-damage|p1b: Politoed|68/100
|-unboost|p1a: Archaludon|spe|1
|-unboost|p1b: Politoed|spe|1
|-ability|p1a: Archaludon|Stamina|boost
|-boost|p1a: Archaludon|def|1
|move|p2b: Gholdengo|Shadow Ball|p1b: Politoed
|-damage|p1b: Politoed|0 fnt
|faint|p1b: Politoed
|-damage|p2b: Gholdengo|31/100|[from] item: Life Orb
|move|p1a: Archaludon|Electro Shot||[still]
|-prepare|p1a: Archaludon|Electro Shot
|-boost|p1a: Archaludon|spa|1
|
|-weather|none
|-heal|p1a: Archaludon|95/100|[from] item: Leftovers
|-start|p2a: Milotic|perish1
|-sideend|p2: namboyVGC|move: Tailwind
|upkeep
|
|t:|1783973326
|switch|p1b: Charizard|Charizard-Mega-Y, L50, M|25/100
|-weather|SunnyDay|[from] ability: Drought|[of] p1b: Charizard
|turn|7
|
|t:|1783973339
|move|p1b: Charizard|Protect|p1b: Charizard
|-singleturn|p1b: Charizard|Protect
|move|p2b: Gholdengo|Protect|p2b: Gholdengo
|-singleturn|p2b: Gholdengo|Protect
|move|p2a: Milotic|Scald|p1b: Charizard
|-activate|p1b: Charizard|move: Protect
|move|p1a: Archaludon|Electro Shot|p2b: Gholdengo|[from] lockedmove
|-activate|p2b: Gholdengo|move: Protect
|
|-weather|SunnyDay|[upkeep]
|-heal|p1a: Archaludon|100/100|[from] item: Leftovers
|-start|p2a: Milotic|perish0
|faint|p2a: Milotic
|upkeep
|turn|8
|-message|namboyVGC forfeited.
|
|win|222salad
|raw|222salad's rating: 1086 → 1118(+32 for winning)
|raw|namboyVGC's rating: 1144 → 1115(-29 for losing)
