|j|☆zardingit
|j|☆BVSelf
|html|zardingitBVSelf    
|uhtml|bestof|Game 2 of a best-of-3
|t:|1783850488
|gametype|doubles
|player|p1|zardingit|265|1315
|player|p2|BVSelf|juan|1427
|gen|9
|tier|[Gen 9 Champions] VGC 2026 Reg M-B (Bo3)
|rated|
|rule|Species Clause: Limit one of each Pokémon
|rule|Item Clause: Limit 1 of each item
|clearpoke
|poke|p1|Charizard, L50, F|
|poke|p1|Garchomp, L50, M|
|poke|p1|Venusaur, L50, M|
|poke|p1|Grimmsnarl, L50, M|
|poke|p1|Aegislash, L50, F|
|poke|p1|Farigiraf, L50, F|
|poke|p2|Delphox, L50, M|
|poke|p2|Incineroar, L50, F|
|poke|p2|Maushold-Four, L50|
|poke|p2|Sinistcha, L50|
|poke|p2|Sneasler, L50, M|
|poke|p2|Blastoise, L50, F|
|teampreview|4
|showteam|p1|Charizard||CharizarditeY|Blaze|WeatherBall,HeatWave,HelpingHand,Protect|Modest||F|||50|]Garchomp||ChoiceScarf|RoughSkin|Earthquake,RockSlide,DragonClaw,StompingTantrum|Adamant||M|||50|]Venusaur||LifeOrb|Chlorophyll|SludgeBomb,LeafStorm,SleepPowder,Protect|Timid||M|||50|]Grimmsnarl||LightClay|Prankster|Reflect,LightScreen,PartingShot,SpiritBreak|Careful||M|||50|]Aegislash||FocusSash|StanceChange|Poltergeist,ShadowSneak,CloseCombat,WideGuard|Adamant||F|||50|]Farigiraf||SitrusBerry|ArmorTail|TrickRoom,TwinBeam,Thunderbolt,Protect|Calm||F|||50|
|showteam|p2|Delphox||Delphoxite|Blaze|HeatWave,Psyshock,NastyPlot,Protect|Modest||M|||50|]Incineroar||SitrusBerry|Intimidate|FlareBlitz,FakeOut,ThroatChop,PartingShot|Impish||F|||50|]Maushold-Four||ChopleBerry|FriendGuard|Feint,HelpingHand,FollowMe,Protect|Impish|||||50|]Sinistcha||KasibBerry|Hospitality|Protect,MatchaGotcha,RagePowder,TrickRoom|Relaxed|||||50|]Sneasler||FocusSash|Unburden|CloseCombat,DireClaw,QuickGuard,FakeOut|Adamant||M|||50|]Blastoise||Blastoisinite|RainDish|Protect,ShellSmash,WaterSpout,DarkPulse|Modest||F|||50|
|
|t:|1783850506
|teamsize|p1|4
|teamsize|p2|4
|start
|switch|p1a: Charizard|Charizard, L50, F|100/100
|switch|p1b: Aegislash|Aegislash, L50, F|100/100
|switch|p2a: Delphox|Delphox, L50, M|100/100
|switch|p2b: Incineroar|Incineroar, L50, F|100/100
|-ability|p2b: Incineroar|Intimidate|boost
|-unboost|p1a: Charizard|atk|1
|-unboost|p1b: Aegislash|atk|1
|turn|1
|inactive|Battle timer is ON: inactive players will automatically lose when time's up. (requested by zardingit)
|
|t:|1783850549
|detailschange|p1a: Charizard|Charizard-Mega-Y, L50, F
|-mega|p1a: Charizard|Charizard|Charizardite Y
|-weather|SunnyDay|[from] ability: Drought|[of] p1a: Charizard
|move|p1a: Charizard|Helping Hand|p1b: Aegislash
|-singleturn|p1b: Aegislash|Helping Hand|[of] p1a: Charizard
|move|p2a: Delphox|Protect|p2a: Delphox
|-singleturn|p2a: Delphox|Protect
|-formechange|p1b: Aegislash|Aegislash-Blade|
|move|p1b: Aegislash|Close Combat|p2b: Incineroar
|-supereffective|p2b: Incineroar|1
|-damage|p2b: Incineroar|32/100
|-unboost|p1b: Aegislash|def|1
|-unboost|p1b: Aegislash|spd|1
|-enditem|p2b: Incineroar|Sitrus Berry|[eat]
|-heal|p2b: Incineroar|57/100|[from] item: Sitrus Berry
|move|p2b: Incineroar|Throat Chop|p1b: Aegislash
|-supereffective|p1b: Aegislash|1
|-enditem|p1b: Aegislash|Focus Sash
|-damage|p1b: Aegislash|1/100
|-start|p1b: Aegislash|Throat Chop|[silent]
|
|-weather|SunnyDay|[upkeep]
|upkeep
|turn|2
|inactive|BVSelf has 30 seconds left.
|
|t:|1783850584
|detailschange|p2a: Delphox|Delphox-Mega, L50, M
|-mega|p2a: Delphox|Delphox|Delphoxite
|move|p1b: Aegislash|Shadow Sneak|p2a: Delphox
|-supereffective|p2a: Delphox|1
|-damage|p2a: Delphox|58/100
|move|p2a: Delphox|Heat Wave|p1b: Aegislash|[spread] p1a,p1b
|-resisted|p1a: Charizard|1
|-supereffective|p1b: Aegislash|1
|-damage|p1a: Charizard|66/100
|-damage|p1b: Aegislash|0 fnt
|faint|p1b: Aegislash
|move|p1a: Charizard|Heat Wave|p2a: Delphox|[spread] p2a,p2b
|-resisted|p2a: Delphox|1
|-resisted|p2b: Incineroar|1
|-damage|p2a: Delphox|28/100
|-damage|p2b: Incineroar|24/100
|move|p2b: Incineroar|Parting Shot|p1a: Charizard
|-unboost|p1a: Charizard|atk|1
|-unboost|p1a: Charizard|spa|1
|
|t:|1783850597
|switch|p2b: Sinistcha|Sinistcha, L50|100/100|[from] Parting Shot
|-heal|p2a: Delphox|53/100|[from] ability: Hospitality|[of] p2b: Sinistcha
|
|-weather|SunnyDay|[upkeep]
|upkeep
|
|t:|1783850604
|switch|p1b: Venusaur|Venusaur, L50, M|100/100
|turn|3
|
|t:|1783850611
|switch|p2b: Incineroar|Incineroar, L50, F|24/100
|-ability|p2b: Incineroar|Intimidate|boost
|-unboost|p1a: Charizard|atk|1
|-unboost|p1b: Venusaur|atk|1
|move|p2a: Delphox|Protect|p2a: Delphox
|-singleturn|p2a: Delphox|Protect
|move|p1b: Venusaur|Sleep Powder|p2a: Delphox
|-activate|p2a: Delphox|move: Protect
|move|p1a: Charizard|Weather Ball|p2b: Incineroar
|-resisted|p2b: Incineroar|1
|-damage|p2b: Incineroar|0 fnt
|faint|p2b: Incineroar
|
|-weather|SunnyDay|[upkeep]
|upkeep
|
|t:|1783850619
|switch|p2b: Maushold|Maushold-Four, L50|100/100
|turn|4
|
|t:|1783850635
|move|p1b: Venusaur|Protect|p1b: Venusaur
|-singleturn|p1b: Venusaur|Protect
|move|p2b: Maushold|Follow Me|p2b: Maushold
|-singleturn|p2b: Maushold|move: Follow Me
|move|p2a: Delphox|Nasty Plot|p2a: Delphox
|-boost|p2a: Delphox|spa|2
|move|p1a: Charizard|Weather Ball|p2b: Maushold
|-damage|p2b: Maushold|25/100
|
|-weather|SunnyDay|[upkeep]
|upkeep
|turn|5
|inactive|zardingit has 30 seconds left.
|
|t:|1783850661
|switch|p1a: Farigiraf|Farigiraf, L50, F|100/100
|move|p2b: Maushold|Follow Me|p2b: Maushold
|-singleturn|p2b: Maushold|move: Follow Me
|move|p1b: Venusaur|Sludge Bomb|p2b: Maushold
|-damage|p2b: Maushold|0 fnt
|faint|p2b: Maushold
|-damage|p1b: Venusaur|90/100|[from] item: Life Orb
|move|p2a: Delphox|Heat Wave|p1a: Farigiraf|[spread] p1a,p1b
|-supereffective|p1b: Venusaur|1
|-damage|p1a: Farigiraf|0 fnt
|-damage|p1b: Venusaur|0 fnt
|faint|p1a: Farigiraf
|faint|p1b: Venusaur
|
|-weather|none
|upkeep
|
|t:|1783850672
|switch|p1b: Charizard|Charizard-Mega-Y, L50, F|66/100
|switch|p2b: Sinistcha|Sinistcha, L50|100/100
|-weather|SunnyDay|[from] ability: Drought|[of] p1b: Charizard
|-heal|p2a: Delphox|78/100|[from] ability: Hospitality|[of] p2b: Sinistcha
|turn|6
|
|t:|1783850676
|move|p2b: Sinistcha|Rage Powder|p2b: Sinistcha
|-singleturn|p2b: Sinistcha|move: Rage Powder
|move|p2a: Delphox|Psyshock|p1b: Charizard
|-damage|p1b: Charizard|0 fnt
|faint|p1b: Charizard
|
|win|BVSelf
||zardingit is ready for game 3.
||BVSelf is ready for game 3.
|uhtml|next|Next: Game 3 of 3
|l|☆zardingit
|player|p1|
