|j|☆void25o
|j|☆prof.jirofales
|html|void25oprof.jirofales    
|uhtml|bestof|Game 3 of a best-of-3
|t:|1754760832
|gametype|doubles
|player|p1|void25o|miku-ghost|1249
|player|p2|prof.jirofales|170|1217
|gen|9
|tier|[Gen 9] VGC 2025 Reg H (Bo3)
|rated|
|rule|Species Clause: Limit one of each Pokémon
|rule|Item Clause: Limit 1 of each item
|clearpoke
|poke|p1|Pelipper, L50, F|
|poke|p1|Archaludon, L50, M|
|poke|p1|Maushold-Four, L50|
|poke|p1|Overqwil, L50, F|
|poke|p1|Indeedee, L50, M|
|poke|p1|Basculegion-F, L50, F|
|poke|p2|Baxcalibur, L50, F|
|poke|p2|Basculegion, L50, M|
|poke|p2|Rillaboom, L50, M|
|poke|p2|Volcarona, L50, F|
|poke|p2|Sneasler, L50, F|
|poke|p2|Corviknight, L50, M|
|teampreview|4
|showteam|p1|Pelipper||FocusSash|Drizzle|WeatherBall,Hurricane,Tailwind,Protect|||F|||50|,,,,,Flying]Archaludon||AssaultVest|Stamina|DragonPulse,ElectroShot,FlashCannon,BodyPress|||M|||50|,,,,,Grass]Maushold-Four||WideLens|Technician|PopulationBomb,FollowMe,Taunt,Protect||||||50|,,,,,Ghost]Overqwil||ClearAmulet|SwiftSwim|ThroatChop,GunkShot,Haze,Protect|||F|||50|,,,,,Fairy]Indeedee||ChoiceScarf|PsychicSurge|ExpandingForce,HelpingHand,DazzlingGleam,TeraBlast|||M|||50|,,,,,Fighting]Basculegion-F||LifeOrb|SwiftSwim|MuddyWater,HydroPump,ShadowBall,Protect|||F|||50|,,,,,Water
|showteam|p2|Baxcalibur||LoadedDice|ThermalExchange|IcicleSpear,ScaleShot,IceShard,Protect|||F|||50|,,,,,Ghost]Basculegion||ChoiceScarf|Adaptability|FlipTurn,WaveCrash,LastRespects,TeraBlast|||M|||50|,,,,,Fairy]Rillaboom||AssaultVest|GrassySurge|FakeOut,GrassyGlide,WoodHammer,Uturn|||M|||50|,,,,,Fire]Volcarona||CovertCloak|FlameBody|HeatWave,TeraBlast,QuiverDance,Protect|||F|||50|,,,,,Fairy]Sneasler||FocusSash|Unburden|FakeOut,DireClaw,CloseCombat,Coaching|||F|||50|,,,,,Ghost]Corviknight||MirrorHerb|MirrorArmor|BraveBird,IronHead,Tailwind,Protect|||M|||50|,,,,,Water
|
|t:|1754760891
|teamsize|p1|4
|teamsize|p2|4
|start
|switch|p1a: Indeedee|Indeedee, L50, M|100/100
|switch|p1b: Basculegion|Basculegion-F, L50, F|100/100
|switch|p2a: Baxcalibur|Baxcalibur, L50, F|100/100
|switch|p2b: Sneasler|Sneasler, L50, F|100/100
|-fieldstart|move: Psychic Terrain|[from] ability: Psychic Surge|[of] p1a: Indeedee
|turn|1
|
|t:|1754760909
|switch|p2b: Rillaboom|Rillaboom, L50, M|100/100
|-fieldstart|move: Grassy Terrain|[from] ability: Grassy Surge|[of] p2b: Rillaboom
|move|p2a: Baxcalibur|Protect|p2a: Baxcalibur
|-singleturn|p2a: Baxcalibur|Protect
|move|p1a: Indeedee|Expanding Force|p2b: Rillaboom
|-damage|p2b: Rillaboom|70/100
|move|p1b: Basculegion|Muddy Water|p2b: Rillaboom|[spread] p2b
|-activate|p2a: Baxcalibur|move: Protect
|-resisted|p2b: Rillaboom
|-damage|p2b: Rillaboom|53/100
|-damage|p1b: Basculegion|91/100|[from] item: Life Orb
|
|-heal|p1b: Basculegion|97/100|[from] Grassy Terrain
|-heal|p2b: Rillaboom|60/100|[from] Grassy Terrain
|upkeep
|turn|2
|
|t:|1754760935
|switch|p1a: Overqwil|Overqwil, L50, F|100/100
|move|p1b: Basculegion|Protect|p1b: Basculegion
|-singleturn|p1b: Basculegion|Protect
|move|p2a: Baxcalibur|Scale Shot|p1b: Basculegion
|-activate|p1b: Basculegion|move: Protect
|move|p2b: Rillaboom|U-turn|p1a: Overqwil
|-damage|p1a: Overqwil|73/100
|
|t:|1754760946
|switch|p2b: Sneasler|Sneasler, L50, F|100/100|[from] U-turn
|
|-heal|p1a: Overqwil|79/100|[from] Grassy Terrain
|-heal|p1b: Basculegion|100/100|[from] Grassy Terrain
|upkeep
|turn|3
|
|t:|1754760958
|switch|p1b: Pelipper|Pelipper, L50, F, shiny|100/100
|-weather|RainDance|[from] ability: Drizzle|[of] p1b: Pelipper
|move|p2a: Baxcalibur|Protect|p2a: Baxcalibur
|-singleturn|p2a: Baxcalibur|Protect
|move|p1a: Overqwil|Gunk Shot|p2a: Baxcalibur
|-activate|p2a: Baxcalibur|move: Protect
|move|p2b: Sneasler|Coaching|p2a: Baxcalibur
|-boost|p2a: Baxcalibur|atk|1
|-boost|p2a: Baxcalibur|def|1
|
|-weather|RainDance|[upkeep]
|-heal|p1a: Overqwil|86/100|[from] Grassy Terrain
|upkeep
|turn|4
|
|t:|1754760986
|move|p1a: Overqwil|Gunk Shot|p2a: Baxcalibur|[miss]
|-miss|p1a: Overqwil|p2a: Baxcalibur
|move|p2b: Sneasler|Close Combat|p1a: Overqwil
|-crit|p1a: Overqwil
|-damage|p1a: Overqwil|0 fnt
|-unboost|p2b: Sneasler|def|1
|-unboost|p2b: Sneasler|spd|1
|faint|p1a: Overqwil
|move|p2a: Baxcalibur|Scale Shot|p1b: Pelipper|[miss]
|-miss|p2a: Baxcalibur|p1b: Pelipper
|move|p1b: Pelipper|Weather Ball|p2b: Sneasler
|-enditem|p2b: Sneasler|Focus Sash
|-damage|p2b: Sneasler|1/100
|
|-weather|RainDance|[upkeep]
|-heal|p2b: Sneasler|7/100|[from] Grassy Terrain
|upkeep
|
|t:|1754760992
|switch|p1a: Basculegion|Basculegion-F, L50, F|100/100
|turn|5
|
|t:|1754761029
|-terastallize|p1a: Basculegion|Water
|move|p2b: Sneasler|Coaching|p2a: Baxcalibur
|-boost|p2a: Baxcalibur|atk|1
|-boost|p2a: Baxcalibur|def|1
|move|p1a: Basculegion|Muddy Water|p2b: Sneasler|[spread] p2b
|-miss|p1a: Basculegion|p2a: Baxcalibur
|-damage|p2b: Sneasler|0 fnt
|faint|p2b: Sneasler
|-damage|p1a: Basculegion|91/100|[from] item: Life Orb
|move|p2a: Baxcalibur|Scale Shot|p1b: Pelipper|[miss]
|-miss|p2a: Baxcalibur|p1b: Pelipper
|move|p1b: Pelipper|Tailwind|p1b: Pelipper
|-sidestart|p1: void25o|move: Tailwind
|
|-weather|RainDance|[upkeep]
|-heal|p1a: Basculegion|97/100|[from] Grassy Terrain
|-fieldend|move: Grassy Terrain
|upkeep
|
|t:|1754761045
|switch|p2b: Rillaboom|Rillaboom, L50, M|60/100
|-fieldstart|move: Grassy Terrain|[from] ability: Grassy Surge|[of] p2b: Rillaboom
|turn|6
|
|t:|1754761057
|switch|p1b: Indeedee|Indeedee, L50, M|100/100
|-fieldstart|move: Psychic Terrain|[from] ability: Psychic Surge|[of] p1b: Indeedee
|move|p2b: Rillaboom|Fake Out|p1b: Indeedee
|-activate|p1b: Indeedee|move: Psychic Terrain
|move|p1a: Basculegion|Muddy Water|p2a: Baxcalibur|[spread] p2a
|-miss|p1a: Basculegion|p2b: Rillaboom
|-resisted|p2a: Baxcalibur
|-damage|p2a: Baxcalibur|60/100
|-damage|p1a: Basculegion|87/100|[from] item: Life Orb
|move|p2a: Baxcalibur|Scale Shot|p1a: Basculegion
|-damage|p1a: Basculegion|47/100
|-damage|p1a: Basculegion|5/100
|-damage|p1a: Basculegion|0 fnt
|faint|p1a: Basculegion
|-hitcount|p1: Basculegion|3
|-unboost|p2a: Baxcalibur|def|1
|-boost|p2a: Baxcalibur|spe|1
|
|-weather|RainDance|[upkeep]
|upkeep
|
|t:|1754761067
|switch|p1a: Pelipper|Pelipper, L50, F, shiny|100/100
|turn|7
|
|t:|1754761080
|switch|p2b: Volcarona|Volcarona, L50, F|100/100
|move|p2a: Baxcalibur|Protect|p2a: Baxcalibur
|-singleturn|p2a: Baxcalibur|Protect
|move|p1b: Indeedee|Expanding Force|p2a: Baxcalibur|[spread] p2b
|-activate|p2a: Baxcalibur|move: Protect
|-damage|p2b: Volcarona|49/100
|move|p1a: Pelipper|Hurricane|p2b: Volcarona
|-supereffective|p2b: Volcarona
|-damage|p2b: Volcarona|0 fnt
|faint|p2b: Volcarona
|
|-weather|none
|upkeep
|inactive|Battle timer is ON: inactive players will automatically lose when time's up. (requested by void25o)
|
|t:|1754761126
|switch|p2b: Rillaboom|Rillaboom, L50, M|60/100
|-fieldstart|move: Grassy Terrain|[from] ability: Grassy Surge|[of] p2b: Rillaboom
|turn|8
|
|t:|1754761134
|move|p2b: Rillaboom|Fake Out|p1a: Pelipper
|-damage|p1a: Pelipper|80/100
|move|p1b: Indeedee|Expanding Force|p2a: Baxcalibur
|-damage|p2a: Baxcalibur|19/100
|cant|p1a: Pelipper|flinch
|move|p2a: Baxcalibur|Icicle Spear|p1b: Indeedee
|-damage|p1b: Indeedee|39/100
|-damage|p1b: Indeedee|0 fnt
|faint|p1b: Indeedee
|-hitcount|p1: Indeedee|2
|
|-heal|p2a: Baxcalibur|25/100|[from] Grassy Terrain
|-heal|p2b: Rillaboom|66/100|[from] Grassy Terrain
|-sideend|p1: void25o|move: Tailwind
|upkeep
|turn|9
|
|t:|1754761149
|move|p2a: Baxcalibur|Icicle Spear|p1a: Pelipper
|-damage|p1a: Pelipper|40/100
|-damage|p1a: Pelipper|0 fnt
|faint|p1a: Pelipper
|-hitcount|p1: Pelipper|2
|
|win|prof.jirofales
|raw|void25o's rating: 1249 → 1222(-27 for losing)
|raw|prof.jirofales's rating: 1217 → 1244(+27 for winning)
