|j|☆yizhongchang
|j|☆lettitripppp
|html|yizhongchanglettitripppp    
|uhtml|bestof|Game 2 of a best-of-3
|t:|1783736071
|gametype|doubles
|player|p1|yizhongchang|1|1157
|player|p2|lettitripppp|lucas|1255
|gen|9
|tier|[Gen 9 Champions] VGC 2026 Reg M-B (Bo3)
|rated|
|rule|Species Clause: Limit one of each Pokémon
|rule|Item Clause: Limit 1 of each item
|clearpoke
|poke|p1|Charizard, L50, F|
|poke|p1|Aerodactyl, L50, F|
|poke|p1|Garchomp, L50, F|
|poke|p1|Incineroar, L50, M|
|poke|p1|Farigiraf, L50, M|
|poke|p1|Sylveon, L50, F|
|poke|p2|Charizard, L50, M|
|poke|p2|Basculegion, L50, M|
|poke|p2|Whimsicott, L50, F, shiny|
|poke|p2|Garchomp, L50, F, shiny|
|poke|p2|Floette-Eternal, L50, F|
|poke|p2|Kingambit, L50, F, shiny|
|teampreview|4
|showteam|p1|Charizard||CharizarditeY|Blaze|HeatWave,WeatherBall,SolarBeam,Protect|Modest||F|||50|]Aerodactyl||FocusSash|Unnerve|RockSlide,Tailwind,WideGuard,Protect|Jolly||F|||50|]Garchomp||LifeOrb|RoughSkin|Earthquake,StompingTantrum,DragonClaw,Protect|Jolly||F|||50|]Incineroar||Charcoal|Intimidate|FakeOut,FlareBlitz,DarkestLariat,PartingShot|Brave||M|||50|]Farigiraf||SitrusBerry|ArmorTail|Psyshock,TrickRoom,HelpingHand,Protect|Calm||M|||50|]Sylveon||FairyFeather|Pixilate|HyperVoice,QuickAttack,Moonblast,Protect|Modest||F|||50|
|showteam|p2|Charizard||CharizarditeY|Blaze|WeatherBall,SolarBeam,HeatWave,Protect|Modest||M|||50|]Basculegion||MysticWater|Adaptability|LastRespects,WaveCrash,AquaJet,Protect|Adamant||M|||50|]Whimsicott||FocusSash|Prankster|Moonblast,Tailwind,Encore,Protect|Timid||F|||50|]Garchomp||LifeOrb|RoughSkin|DragonClaw,Earthquake,RockSlide,Protect|Jolly||F|||50|]Floette-Eternal||Floettite|FlowerVeil|DazzlingGleam,LightofRuin,Moonblast,Protect|Modest||F|||50|]Kingambit||ChopleBerry|Defiant|KowtowCleave,SuckerPunch,IronHead,LowKick|Adamant||F|||50|
|inactive|Battle timer is ON: inactive players will automatically lose when time's up. (requested by lettitripppp)
|
|t:|1783736101
|teamsize|p1|4
|teamsize|p2|4
|start
|switch|p1a: Aerodactyl|Aerodactyl, L50, F|100/100
|switch|p1b: Charizard|Charizard, L50, F|100/100
|switch|p2a: GHOSTWAVE|Basculegion, L50, M|100/100
|switch|p2b: LETS GO GO|Whimsicott, L50, F, shiny|100/100
|-ability|p1a: Aerodactyl|Unnerve
|turn|1
|
|t:|1783736109
|detailschange|p1b: Charizard|Charizard-Mega-Y, L50, F
|-mega|p1b: Charizard|Charizard|Charizardite Y
|-weather|SunnyDay|[from] ability: Drought|[of] p1b: Charizard
|move|p2b: LETS GO GO|Tailwind|p2b: LETS GO GO
|-sidestart|p2: lettitripppp|move: Tailwind
|move|p2a: GHOSTWAVE|Wave Crash|p1b: Charizard
|-supereffective|p1b: Charizard|1
|-damage|p1b: Charizard|0 fnt
|faint|p1b: Charizard
|-damage|p2a: GHOSTWAVE|70/100|[from] Recoil
|move|p1a: Aerodactyl|Tailwind|p1a: Aerodactyl
|-sidestart|p1: yizhongchang|move: Tailwind
|
|-weather|SunnyDay|[upkeep]
|upkeep
|
|t:|1783736116
|switch|p1b: Sylveon|Sylveon, L50, F|100/100
|turn|2
|
|t:|1783736123
|switch|p1a: Incineroar|Incineroar, L50, M|100/100
|-ability|p1a: Incineroar|Intimidate|boost
|-unboost|p2a: GHOSTWAVE|atk|1
|-unboost|p2b: LETS GO GO|atk|1
|move|p2b: LETS GO GO|Encore|p1a: Incineroar
|-hint|Since gen 7, Dark is immune to Prankster moves.
|-immune|p1a: Incineroar
|move|p2a: GHOSTWAVE|Wave Crash|p1b: Sylveon
|-damage|p1b: Sylveon|65/100
|-damage|p2a: GHOSTWAVE|59/100|[from] Recoil
|move|p1b: Sylveon|Hyper Voice|p2b: LETS GO GO|[spread] p2a,p2b
|-damage|p2a: GHOSTWAVE|13/100
|-damage|p2b: LETS GO GO|25/100
|
|-weather|SunnyDay|[upkeep]
|upkeep
|turn|3
|
|t:|1783736143
|move|p1a: Incineroar|Fake Out|p2b: LETS GO GO
|-damage|p2b: LETS GO GO|8/100
|cant|p2b: LETS GO GO|flinch
|move|p2a: GHOSTWAVE|Wave Crash|p1a: Incineroar
|-supereffective|p1a: Incineroar|1
|-damage|p1a: Incineroar|48/100
|-damage|p2a: GHOSTWAVE|0 fnt|[from] Recoil
|faint|p2a: GHOSTWAVE
|move|p1b: Sylveon|Hyper Voice|p2b: LETS GO GO
|-damage|p2b: LETS GO GO|0 fnt
|faint|p2b: LETS GO GO
|
|-weather|SunnyDay|[upkeep]
|upkeep
|
|t:|1783736153
|switch|p2b: CRUSH SHARK|Garchomp, L50, F, shiny|100/100
|switch|p2a: GENERAL BLADUS|Kingambit, L50, F, shiny|100/100
|turn|4
|
|t:|1783736168
|switch|p1a: Aerodactyl|Aerodactyl, L50, F|100/100
|-ability|p1a: Aerodactyl|Unnerve
|move|p2b: CRUSH SHARK|Earthquake|p1b: Sylveon|[spread] p2a,p1b
|-immune|p1a: Aerodactyl
|-supereffective|p2a: GENERAL BLADUS|1
|-damage|p2a: GENERAL BLADUS|17/100
|-damage|p1b: Sylveon|11/100
|-damage|p2b: CRUSH SHARK|90/100|[from] item: Life Orb
|move|p2a: GENERAL BLADUS|Iron Head|p1b: Sylveon
|-supereffective|p1b: Sylveon|1
|-damage|p1b: Sylveon|0 fnt
|faint|p1b: Sylveon
|
|-weather|SunnyDay|[upkeep]
|-sideend|p1: yizhongchang|move: Tailwind
|-sideend|p2: lettitripppp|move: Tailwind
|upkeep
|
|t:|1783736178
|switch|p1b: Incineroar|Incineroar, L50, M|48/100
|-ability|p1b: Incineroar|Intimidate|boost
|-unboost|p2a: GENERAL BLADUS|atk|1
|-ability|p2a: GENERAL BLADUS|Defiant|boost
|-boost|p2a: GENERAL BLADUS|atk|2
|-unboost|p2b: CRUSH SHARK|atk|1
|turn|5
|
|t:|1783736186
|move|p1a: Aerodactyl|Tailwind|p1a: Aerodactyl
|-sidestart|p1: yizhongchang|move: Tailwind
|move|p2b: CRUSH SHARK|Rock Slide|p1b: Incineroar|[spread] p1a,p1b
|-supereffective|p1a: Aerodactyl|1
|-supereffective|p1b: Incineroar|1
|-damage|p1a: Aerodactyl|47/100
|-damage|p1b: Incineroar|17/100
|-damage|p2b: CRUSH SHARK|80/100|[from] item: Life Orb
|move|p1b: Incineroar|Flare Blitz|p2a: GENERAL BLADUS
|-supereffective|p2a: GENERAL BLADUS|1
|-damage|p2a: GENERAL BLADUS|0 fnt
|faint|p2a: GENERAL BLADUS
|-damage|p1b: Incineroar|12/100|[from] Recoil
|
|-weather|none
|upkeep
|turn|6
|
|t:|1783736197
|move|p1a: Aerodactyl|Rock Slide|p2b: CRUSH SHARK
|-resisted|p2b: CRUSH SHARK|1
|-damage|p2b: CRUSH SHARK|62/100
|move|p2b: CRUSH SHARK|Dragon Claw|p1b: Incineroar
|-damage|p1b: Incineroar|0 fnt
|faint|p1b: Incineroar
|-damage|p2b: CRUSH SHARK|52/100|[from] item: Life Orb
|
|upkeep
|turn|7
|
|t:|1783736206
|move|p1a: Aerodactyl|Rock Slide|p2b: CRUSH SHARK
|-resisted|p2b: CRUSH SHARK|1
|-damage|p2b: CRUSH SHARK|35/100
|move|p2b: CRUSH SHARK|Dragon Claw|p1a: Aerodactyl
|-damage|p1a: Aerodactyl|0 fnt
|faint|p1a: Aerodactyl
|-damage|p2b: CRUSH SHARK|25/100|[from] item: Life Orb
|
|win|lettitripppp
|raw|yizhongchang's rating: 1157 → 1139(-18 for losing)
|raw|lettitripppp's rating: 1255 → 1273(+18 for winning)
|l|☆yizhongchang
|player|p1|
