|j|☆jANMxRin
|j|☆EggoWafflez
|html|jANMxRinEggoWafflez    
|uhtml|bestof|Game 1 of a best-of-3
|t:|1783693612
|gametype|doubles
|player|p1|jANMxRin|1|1237
|player|p2|EggoWafflez|maylene|1406
|gen|9
|tier|[Gen 9 Champions] VGC 2026 Reg M-B (Bo3)
|rated|
|rule|Species Clause: Limit one of each Pokémon
|rule|Item Clause: Limit 1 of each item
|clearpoke
|poke|p1|Delphox, L50, M|
|poke|p1|Incineroar, L50, M|
|poke|p1|Sinistcha, L50|
|poke|p1|Maushold, L50|
|poke|p1|Grimmsnarl, L50, M|
|poke|p1|Floette-Eternal, L50, F|
|poke|p2|Aerodactyl, L50, M|
|poke|p2|Charizard, L50, M|
|poke|p2|Garchomp, L50, F|
|poke|p2|Sylveon, L50, F|
|poke|p2|Farigiraf, L50, M|
|poke|p2|Incineroar, L50, F|
|teampreview|4
|showteam|p1|Delphox||Delphoxite|Blaze|Protect,NastyPlot,Psyshock,HeatWave|Timid||M|||50|]Incineroar||SitrusBerry|Intimidate|FlareBlitz,ThroatChop,FakeOut,PartingShot|Careful||M|||50|]Sinistcha||KasibBerry|Hospitality|RagePowder,LifeDew,TrickRoom,MatchaGotcha|Bold|||||50|]Maushold||FocusSash|FriendGuard|Protect,FollowMe,SuperFang,Encore|Timid|||||50|]Grimmsnarl||LightClay|Prankster|FakeOut,Reflect,ScaryFace,PartingShot|Careful||M|||50|]Floette-Eternal||Floettite|FlowerVeil|Protect,CalmMind,DazzlingGleam,DrainingKiss|Bold||F|||50|
|showteam|p2|Aerodactyl||Aerodactylite|Unnerve|RockSlide,DualWingbeat,Protect,Tailwind|Jolly||M|||50|]Charizard||CharizarditeY|Blaze|HeatWave,SolarBeam,Protect,WeatherBall|Modest||M|||50|]Garchomp||LifeOrb|RoughSkin|Earthquake,DragonClaw,Protect,StompingTantrum|Jolly||F|||50|]Sylveon||FairyFeather|Pixilate|HyperVoice,Moonblast,Protect,Yawn|Modest||F|||50|]Farigiraf||ColburBerry|ArmorTail|Psychic,HelpingHand,Protect,TrickRoom|Sassy||M|||50|]Incineroar||Charcoal|Intimidate|FlareBlitz,DarkestLariat,FakeOut,PartingShot|Brave||F|||50|
|inactive|Battle timer is ON: inactive players will automatically lose when time's up. (requested by jANMxRin)
|
|t:|1783693676
|teamsize|p1|4
|teamsize|p2|4
|start
|switch|p1a: Incineroar|Incineroar, L50, M|100/100
|switch|p1b: Grimmsnarl|Grimmsnarl, L50, M|100/100
|switch|p2a: Gangle|Sylveon, L50, F|100/100
|switch|p2b: Incineroar|Incineroar, L50, F|100/100
|-ability|p1a: Incineroar|Intimidate|boost
|-unboost|p2a: Gangle|atk|1
|-unboost|p2b: Incineroar|atk|1
|-ability|p2b: Incineroar|Intimidate|boost
|-unboost|p1a: Incineroar|atk|1
|-unboost|p1b: Grimmsnarl|atk|1
|turn|1
|inactive|jANMxRin has 30 seconds left.
|inactive|EggoWafflez has 30 seconds left.
|inactive|jANMxRin has 20 seconds left.
|inactive|EggoWafflez has 20 seconds left.
|
|t:|1783693715
|move|p1b: Grimmsnarl|Fake Out|p2b: Incineroar
|-damage|p2b: Incineroar|93/100
|cant|p2b: Incineroar|flinch
|move|p1a: Incineroar|Throat Chop|p2a: Gangle
|-resisted|p2a: Gangle|1
|-damage|p2a: Gangle|89/100
|-start|p2a: Gangle|Throat Chop|[silent]
|cant|p2a: Gangle|move: Throat Chop
|
|upkeep
|turn|2
|
|t:|1783693740
|move|p1b: Grimmsnarl|Reflect|p1b: Grimmsnarl
|-sidestart|p1: jANMxRin|Reflect
|move|p1a: Incineroar|Parting Shot|p2a: Gangle
|-unboost|p2a: Gangle|atk|1
|-unboost|p2a: Gangle|spa|1
|
|t:|1783693745
|switch|p1a: Floette|Floette-Eternal, L50, F|100/100|[from] Parting Shot
|move|p2a: Gangle|Moonblast|p1b: Grimmsnarl
|-supereffective|p1b: Grimmsnarl|1
|-damage|p1b: Grimmsnarl|46/100
|move|p2b: Incineroar|Flare Blitz|p1b: Grimmsnarl
|-damage|p1b: Grimmsnarl|11/100
|-damage|p2b: Incineroar|82/100|[from] Recoil
|
|-end|p2a: Gangle|Throat Chop|[silent]
|upkeep
|turn|3
|inactive|jANMxRin has 30 seconds left.
|
|t:|1783693778
|switch|p2b: Charizard|Charizard, L50, M|100/100
|detailschange|p1a: Floette|Floette-Mega, L50, F
|-mega|p1a: Floette|Floette|Floettite
|-ability|p1a: Floette|Fairy Aura
|move|p1b: Grimmsnarl|Parting Shot|p2a: Gangle
|-unboost|p2a: Gangle|atk|1
|-unboost|p2a: Gangle|spa|1
|
|t:|1783693787
|switch|p1b: Incineroar|Incineroar, L50, M|100/100|[from] Parting Shot
|-ability|p1b: Incineroar|Intimidate|boost
|-unboost|p2a: Gangle|atk|1
|-unboost|p2b: Charizard|atk|1
|move|p1a: Floette|Calm Mind|p1a: Floette
|-boost|p1a: Floette|spa|1
|-boost|p1a: Floette|spd|1
|move|p2a: Gangle|Yawn|p1a: Floette
|-start|p1a: Floette|move: Yawn|[of] p2a: Gangle
|
|upkeep
|turn|4
|inactive|EggoWafflez has 30 seconds left.
|
|t:|1783693816
|switch|p2a: Zooble|Farigiraf, L50, M|100/100
|detailschange|p2b: Charizard|Charizard-Mega-Y, L50, M
|-mega|p2b: Charizard|Charizard|Charizardite Y
|-weather|SunnyDay|[from] ability: Drought|[of] p2b: Charizard
|move|p1b: Incineroar|Fake Out||[still]
|cant|p2a: Zooble|ability: Armor Tail|Fake Out|[of] p1b: Incineroar
|move|p2b: Charizard|Weather Ball|p1a: Floette
|-damage|p1a: Floette|50/100g
|move|p1a: Floette|Calm Mind|p1a: Floette
|-boost|p1a: Floette|spa|1
|-boost|p1a: Floette|spd|1
|
|-weather|SunnyDay|[upkeep]
|-end|p1a: Floette|move: Yawn|[silent]
|-status|p1a: Floette|slp
|upkeep
|turn|5
|
|t:|1783693839
|switch|p1b: Sinistcha|Sinistcha, L50|100/100
|-heal|p1a: Floette|74/100 slp|[from] ability: Hospitality|[of] p1b: Sinistcha
|move|p2a: Zooble|Helping Hand|p2b: Charizard
|-singleturn|p2b: Charizard|Helping Hand|[of] p2a: Zooble
|move|p2b: Charizard|Heat Wave|p1b: Sinistcha|[spread] p1a,p1b
|-supereffective|p1b: Sinistcha|1
|-damage|p1a: Floette|35/100 slp
|-damage|p1b: Sinistcha|0 fnt
|faint|p1b: Sinistcha
|cant|p1a: Floette|slp
|
|-weather|SunnyDay|[upkeep]
|upkeep
|
|t:|1783693853
|switch|p1b: Grimmsnarl|Grimmsnarl, L50, M|11/100
|turn|6
|
|t:|1783693875
|switch|p1b: Incineroar|Incineroar, L50, M|100/100
|-ability|p1b: Incineroar|Intimidate|boost
|-unboost|p2a: Zooble|atk|1
|-unboost|p2b: Charizard|atk|1
|move|p2a: Zooble|Helping Hand|p2b: Charizard
|-singleturn|p2b: Charizard|Helping Hand|[of] p2a: Zooble
|move|p2b: Charizard|Weather Ball|p1a: Floette
|-damage|p1a: Floette|0 fnt
|faint|p1a: Floette
|
|-weather|SunnyDay|[upkeep]
|upkeep
|-message|jANMxRin forfeited.
|
|win|EggoWafflez
