|j|☆Lorido
|j|☆pyrolytic
|html|Loridopyrolytic    
|uhtml|bestof|Game 1 of a best-of-3
|t:|1782414155
|gametype|doubles
|player|p1|Lorido|265|1124
|player|p2|pyrolytic|n|1097
|gen|9
|tier|[Gen 9 Champions] VGC 2026 Reg M-B (Bo3)
|rated|
|rule|Species Clause: Limit one of each Pokémon
|rule|Item Clause: Limit 1 of each item
|clearpoke
|poke|p1|Charizard, L50, F|
|poke|p1|Floette-Eternal, L50, F|
|poke|p1|Whimsicott, L50, M|
|poke|p1|Kingambit, L50, M|
|poke|p1|Garchomp, L50, F|
|poke|p1|Basculegion, L50, M|
|poke|p2|Gengar, L50, M|
|poke|p2|Staraptor, L50, F|
|poke|p2|Primarina, L50, F|
|poke|p2|Incineroar, L50, M|
|poke|p2|Sinistcha, L50|
|poke|p2|Whimsicott, L50, M|
|teampreview|4
|showteam|p1|Charizard||CharizarditeY|Blaze|HeatWave,WeatherBall,SolarBeam,Protect|Modest||F|||50|]Floette-Eternal||Floettite|FlowerVeil|DazzlingGleam,Protect,Moonblast,LightofRuin|Modest||F|||50|]Whimsicott||FocusSash|Prankster|Moonblast,Protect,Tailwind,Encore|Timid||M|||50|]Kingambit||ChopleBerry|Defiant|KowtowCleave,SuckerPunch,IronHead,LowKick|Adamant||M|||50|]Garchomp||LifeOrb|RoughSkin|DragonClaw,StompingTantrum,RockSlide,Protect|Jolly||F|||50|]Basculegion||MysticWater|Adaptability|WaveCrash,LastRespects,AquaJet,Protect|Adamant||M|||50|
|showteam|p2|Gengar||Gengarite|CursedBody|ShadowBall,SludgeBomb,Protect,WillOWisp|Timid||M|||50|]Staraptor||Staraptite|Intimidate|BraveBird,Protect,CloseCombat,Uturn|Jolly||F|||50|]Primarina||SitrusBerry|LiquidVoice|HyperVoice,Protect,PerishSong,Moonblast|Calm||F|||50|]Incineroar||ShucaBerry|Intimidate|FakeOut,Protect,PartingShot,Snarl|Sassy||M|||50|]Sinistcha||KasibBerry|Hospitality|MatchaGotcha,Protect,RagePowder,ShadowBall|Bold|||||50|]Whimsicott||FocusSash|Prankster|Tickle,Endeavor,Tailwind,Moonblast|Bold||M|||50|
|inactive|Battle timer is ON: inactive players will automatically lose when time's up. (requested by pyrolytic)
|inactive|Lorido has 60 seconds left.
|inactive|Lorido has 30 seconds left.
|inactive|Lorido has 20 seconds left.
|inactive|Lorido has 15 seconds left.
|
|t:|1782414239
|teamsize|p1|4
|teamsize|p2|4
|start
|switch|p1a: Floette|Floette-Eternal, L50, F|100/100
|switch|p1b: Whimsicott|Whimsicott, L50, M|100/100
|switch|p2a: Gengar|Gengar, L50, M|100/100
|switch|p2b: Incineroar|Incineroar, L50, M|100/100
|-ability|p2b: Incineroar|Intimidate|boost
|-unboost|p1a: Floette|atk|1
|-block|p1b: Whimsicott|ability: Flower Veil|[of] p1a: Floette
|turn|1
|
|t:|1782414263
|detailschange|p2a: Gengar|Gengar-Mega, L50, M
|-mega|p2a: Gengar|Gengar|Gengarite
|move|p1b: Whimsicott|Protect|p1b: Whimsicott
|-singleturn|p1b: Whimsicott|Protect
|move|p1a: Floette|Protect|p1a: Floette
|-singleturn|p1a: Floette|Protect
|move|p2b: Incineroar|Fake Out|p1a: Floette
|-activate|p1a: Floette|move: Protect
|move|p2a: Gengar|Sludge Bomb|p1b: Whimsicott
|-activate|p1b: Whimsicott|move: Protect
|
|upkeep
|turn|2
|
|t:|1782414283
|switch|p2a: Sinistcha|Sinistcha, L50|100/100
|detailschange|p1a: Floette|Floette-Mega, L50, F
|-mega|p1a: Floette|Floette|Floettite
|-ability|p1a: Floette|Fairy Aura
|move|p1b: Whimsicott|Tailwind|p1b: Whimsicott
|-sidestart|p1: Lorido|move: Tailwind
|move|p1a: Floette|Light of Ruin|p2a: Sinistcha
|-damage|p2a: Sinistcha|0 fnt
|faint|p2a: Sinistcha
|-damage|p1a: Floette|43/100|[from] Recoil
|move|p2b: Incineroar|Parting Shot|p1a: Floette
|-unboost|p1a: Floette|atk|1
|-unboost|p1a: Floette|spa|1
|
|t:|1782414301
|switch|p2b: Gengar|Gengar-Mega, L50, M|100/100|[from] Parting Shot
|
|upkeep
|
|t:|1782414305
|switch|p2a: Incineroar|Incineroar, L50, M|100/100
|-ability|p2a: Incineroar|Intimidate|boost
|-unboost|p1a: Floette|atk|1
|-unboost|p1b: Whimsicott|atk|1
|turn|3
|
|t:|1782414321
|switch|p2a: Primarina|Primarina, L50, F|100/100
|move|p1b: Whimsicott|Protect|p1b: Whimsicott
|-singleturn|p1b: Whimsicott|Protect
|move|p1a: Floette|Protect|p1a: Floette
|-singleturn|p1a: Floette|Protect
|move|p2b: Gengar|Sludge Bomb|p1b: Whimsicott
|-activate|p1b: Whimsicott|move: Protect
|
|upkeep
|turn|4
|
|t:|1782414339
|move|p2a: Primarina|Protect|p2a: Primarina
|-singleturn|p2a: Primarina|Protect
|move|p1b: Whimsicott|Moonblast|p2a: Primarina
|-activate|p2a: Primarina|move: Protect
|move|p1a: Floette|Light of Ruin|p2a: Primarina
|-activate|p2a: Primarina|move: Protect
|move|p2b: Gengar|Sludge Bomb|p1a: Floette
|-supereffective|p1a: Floette|1
|-damage|p1a: Floette|0 fnt
|faint|p1a: Floette
|
|upkeep
|
|t:|1782414349
|switch|p1a: Kingambit|Kingambit, L50, M|100/100
|turn|5
|
|t:|1782414367
|switch|p2a: Incineroar|Incineroar, L50, M|100/100
|-ability|p2a: Incineroar|Intimidate|boost
|-unboost|p1a: Kingambit|atk|1
|-ability|p1a: Kingambit|Defiant|boost
|-boost|p1a: Kingambit|atk|2
|-unboost|p1b: Whimsicott|atk|1
|move|p1b: Whimsicott|Encore|p2a: Incineroar
|-hint|Since gen 7, Dark is immune to Prankster moves.
|-immune|p2a: Incineroar
|move|p2b: Gengar|Will-O-Wisp|p1a: Kingambit
|-status|p1a: Kingambit|brn
|move|p1a: Kingambit|Kowtow Cleave|p2b: Gengar
|-supereffective|p2b: Gengar|1
|-damage|p2b: Gengar|0 fnt
|faint|p2b: Gengar
|
|-damage|p1a: Kingambit|94/100 brn|[from] brn
|-sideend|p1: Lorido|move: Tailwind
|upkeep
|
|t:|1782414386
|switch|p2b: Primarina|Primarina, L50, F|100/100
|turn|6
|
|t:|1782414400
|move|p1b: Whimsicott|Protect|p1b: Whimsicott
|-singleturn|p1b: Whimsicott|Protect
|move|p2a: Incineroar|Fake Out|p1b: Whimsicott
|-activate|p1b: Whimsicott|move: Protect
|move|p2b: Primarina|Moonblast|p1a: Kingambit
|-damage|p1a: Kingambit|55/100 brn
|move|p1a: Kingambit|Low Kick|p2a: Incineroar
|-supereffective|p2a: Incineroar|1
|-damage|p2a: Incineroar|56/100
|
|-damage|p1a: Kingambit|49/100 brn|[from] brn
|upkeep
|turn|7
|
|t:|1782414420
|move|p2a: Incineroar|Protect|p2a: Incineroar
|-singleturn|p2a: Incineroar|Protect
|move|p1b: Whimsicott|Moonblast|p2a: Incineroar
|-activate|p2a: Incineroar|move: Protect
|move|p2b: Primarina|Hyper Voice|p1a: Kingambit|[spread] p1a,p1b
|-resisted|p1b: Whimsicott|1
|-damage|p1a: Kingambit|21/100 brn
|-damage|p1b: Whimsicott|75/100
|move|p1a: Kingambit|Low Kick|p2a: Incineroar
|-activate|p2a: Incineroar|move: Protect
|
|-damage|p1a: Kingambit|15/100 brn|[from] brn
|upkeep
|turn|8
|
|t:|1782414438
|move|p1b: Whimsicott|Moonblast|p2a: Incineroar
|-damage|p2a: Incineroar|32/100
|-unboost|p2a: Incineroar|spa|1
|move|p2b: Primarina|Hyper Voice|p1b: Whimsicott|[spread] p1a,p1b
|-resisted|p1b: Whimsicott|1
|-damage|p1a: Kingambit|0 fnt
|-damage|p1b: Whimsicott|53/100
|faint|p1a: Kingambit
|move|p2a: Incineroar|Parting Shot|p1b: Whimsicott
|-unboost|p1b: Whimsicott|atk|1
|-unboost|p1b: Whimsicott|spa|1
|
|upkeep
|
|t:|1782414448
|switch|p1a: Basculegion|Basculegion, L50, M|100/100
|turn|9
|
|t:|1782414466
|move|p1a: Basculegion|Aqua Jet|p2a: Incineroar
|-supereffective|p2a: Incineroar|1
|-damage|p2a: Incineroar|0 fnt
|faint|p2a: Incineroar
|move|p1b: Whimsicott|Moonblast|p2b: Primarina
|-damage|p2b: Primarina|83/100
|move|p2b: Primarina|Moonblast|p1a: Basculegion
|-damage|p1a: Basculegion|51/100
|
|upkeep
|turn|10
|-message|pyrolytic forfeited.
|raw|Lorido's rating: 1124 → 1147(+23 for winning)
|raw|pyrolytic's rating: 1097 → 1074(-23 for losing)
|
|win|Lorido
