|j|☆kietdepzai123
|j|☆bupbe
|html|kietdepzai123bupbe    
|uhtml|bestof|Game 2 of a best-of-3
|t:|1785328064
|gametype|doubles
|player|p1|kietdepzai123|fisherman|
|player|p2|bupbe|101|
|gen|9
|tier|[Gen 9 Champions] VGC 2026 Reg M-B (Bo3)
|rule|Species Clause: Limit one of each Pokémon
|rule|Item Clause: Limit 1 of each item
|clearpoke
|poke|p1|Charizard, L50, F|
|poke|p1|Venusaur, L50, F|
|poke|p1|Pelipper, L50, F|
|poke|p1|Archaludon, L50, F|
|poke|p1|Basculegion, L50, M|
|poke|p1|Grimmsnarl, L50, M|
|poke|p2|Froslass, L50, F|
|poke|p2|Slowking-Galar, L50, M|
|poke|p2|Mamoswine, L50, M|
|poke|p2|Pyroar, L50, M|
|poke|p2|Sneasler, L50, M|
|poke|p2|Corviknight, L50, M|
|teampreview|4
|showteam|p1|Charizard||CharizarditeY|SolarPower|SolarBeam,HeatWave,WeatherBall,Protect|Timid||F|||50|]Venusaur||WideLens|Chlorophyll|SludgeBomb,Earthquake,SleepPowder,Protect|Hasty||F|||50|]Pelipper||SitrusBerry|Drizzle|Hurricane,WeatherBall,Protect,Tailwind|Bold||F|||50|]Archaludon||Leftovers|Stamina|ElectroShot,DragonPulse,FlashCannon,Protect|Timid||F|||50|]Basculegion||LifeOrb|Adaptability|AquaJet,LastRespects,WaveCrash,FlipTurn|Jolly||M|||50|]Grimmsnarl||LightClay|Prankster|LightScreen,Reflect,PartingShot,SpiritBreak|Careful||M|||50|
|showteam|p2|Froslass||Froslassite|CursedBody|ShadowBall,Blizzard,AuroraVeil,Protect|Timid||F|||50|]Slowking-Galar||MentalHerb|Regenerator|ChillyReception,TrickRoom,Snarl,Yawn|Calm||M|||50|]Mamoswine||LifeOrb|ThickFat|IceShard,Earthquake,IcicleCrash,Protect|Jolly||M|||50|]Pyroar||Pyroarite|Unnerve|HeatWave,HyperVoice,Overheat,Protect|Timid||M|||50|]Sneasler||WhiteHerb|Unburden|FakeOut,CloseCombat,DireClaw,Protect|Jolly||M|||50|]Corviknight||Leftovers|MirrorArmor|HeavySlam,BodyPress,Tailwind,Roost|Impish||M|||50|
|
|t:|1785328102
|teamsize|p1|4
|teamsize|p2|4
|start
|switch|p1a: Charizard|Charizard, L50, F|100/100
|switch|p1b: Venusaur|Venusaur, L50, F|100/100
|switch|p2a: Pyroar|Pyroar, L50, M|100/100
|switch|p2b: Sneasler|Sneasler, L50, M|100/100
|-ability|p2a: Pyroar|Unnerve
|turn|1
|
|t:|1785328131
|switch|p1b: Pelipper|Pelipper, L50, F|100/100
|-weather|RainDance|[from] ability: Drizzle|[of] p1b: Pelipper
|detailschange|p2a: Pyroar|Pyroar-Mega, L50, M
|-mega|p2a: Pyroar|Pyroar|Pyroarite
|detailschange|p1a: Charizard|Charizard-Mega-Y, L50, F
|-mega|p1a: Charizard|Charizard|Charizardite Y
|-weather|SunnyDay|[from] ability: Drought|[of] p1a: Charizard
|move|p2b: Sneasler|Fake Out|p1b: Pelipper
|-damage|p1b: Pelipper|87/100
|move|p2a: Pyroar|Heat Wave|p1a: Charizard|[spread] p1a,p1b
|-resisted|p1a: Charizard|1
|-resisted|p1b: Pelipper|1
|-damage|p1a: Charizard|57/100
|-damage|p1b: Pelipper|31/100
|-status|p1b: Pelipper|brn
|-enditem|p1b: Pelipper|Sitrus Berry|[eat]
|-heal|p1b: Pelipper|55/100 brn|[from] item: Sitrus Berry
|move|p1a: Charizard|Weather Ball|p2a: Pyroar
|-resisted|p2a: Pyroar|1
|-damage|p2a: Pyroar|42/100
|
|-weather|SunnyDay|[upkeep]
|-damage|p1b: Pelipper|49/100 brn|[from] brn
|upkeep
|turn|2
|
|t:|1785328163
|move|p2a: Pyroar|Protect|p2a: Pyroar
|-singleturn|p2a: Pyroar|Protect
|move|p2b: Sneasler|Dire Claw|p1a: Charizard
|-damage|p1a: Charizard|0 fnt
|faint|p1a: Charizard
|move|p1b: Pelipper|Hurricane|p2b: Sneasler
|-supereffective|p2b: Sneasler|1
|-damage|p2b: Sneasler|0 fnt
|faint|p2b: Sneasler
|
|-weather|SunnyDay|[upkeep]
|-damage|p1b: Pelipper|43/100 brn|[from] brn
|upkeep
|
|t:|1785328179
|switch|p2b: Mamoswine|Mamoswine, L50, M|100/100
|switch|p1a: Archaludon|Archaludon, L50, F|100/100
|turn|3
|
|t:|1785328202
|switch|p2a: Corviknight|Corviknight, L50, M|100/100
|move|p1a: Archaludon|Protect|p1a: Archaludon
|-singleturn|p1a: Archaludon|Protect
|move|p2b: Mamoswine|Earthquake|p1a: Archaludon|[spread] 
|-activate|p1a: Archaludon|move: Protect
|-immune|p2a: Corviknight
|-immune|p1b: Pelipper
|move|p1b: Pelipper|Tailwind|p1b: Pelipper
|-sidestart|p1: kietdepzai123|move: Tailwind
|
|-weather|SunnyDay|[upkeep]
|-damage|p1b: Pelipper|37/100 brn|[from] brn
|upkeep
|turn|4
|
|t:|1785328229
|move|p1a: Archaludon|Flash Cannon|p2b: Mamoswine
|-supereffective|p2b: Mamoswine|1
|-damage|p2b: Mamoswine|0 fnt
|faint|p2b: Mamoswine
|move|p1b: Pelipper|Weather Ball|p2a: Corviknight
|-supereffective|p2a: Corviknight|1
|-damage|p2a: Corviknight|34/100
|move|p2a: Corviknight|Tailwind|p2a: Corviknight
|-sidestart|p2: bupbe|move: Tailwind
|
|-weather|SunnyDay|[upkeep]
|-heal|p2a: Corviknight|40/100|[from] item: Leftovers
|-damage|p1b: Pelipper|31/100 brn|[from] brn
|upkeep
|
|t:|1785328242
|switch|p2b: Pyroar|Pyroar-Mega, L50, M|42/100
|turn|5
|
|t:|1785328253
|move|p2b: Pyroar|Heat Wave|p1b: Pelipper|[spread] p1a,p1b
|-resisted|p1b: Pelipper|1
|-damage|p1a: Archaludon|0 fnt
|-damage|p1b: Pelipper|0 fnt
|faint|p1a: Archaludon
|faint|p1b: Pelipper
|move|p2a: Corviknight|Roost|p2a: Corviknight
|-heal|p2a: Corviknight|90/100
|-singleturn|p2a: Corviknight|move: Roost
|
|-weather|none
|-heal|p2a: Corviknight|96/100|[from] item: Leftovers
|upkeep
|
|t:|1785328257
|switch|p1b: Venusaur|Venusaur, L50, F|100/100
|turn|6
|
|t:|1785328271
|move|p2b: Pyroar|Overheat|p1b: Venusaur|[miss]
|-miss|p2b: Pyroar|p1b: Venusaur
|move|p1b: Venusaur|Earthquake|p2a: Corviknight|[spread] p2b
|-immune|p2a: Corviknight
|-supereffective|p2b: Pyroar|1
|-crit|p2b: Pyroar
|-damage|p2b: Pyroar|0 fnt
|faint|p2b: Pyroar
|move|p2a: Corviknight|Body Press|p1b: Venusaur
|-resisted|p1b: Venusaur|1
|-damage|p1b: Venusaur|85/100
|
|-heal|p2a: Corviknight|100/100|[from] item: Leftovers
|-sideend|p1: kietdepzai123|move: Tailwind
|upkeep
|turn|7
|
|t:|1785328289
|move|p2a: Corviknight|Heavy Slam|p1b: Venusaur
|-damage|p1b: Venusaur|66/100
|move|p1b: Venusaur|Sleep Powder|p2a: Corviknight
|-status|p2a: Corviknight|slp|[from] move: Sleep Powder
|
|-sideend|p2: bupbe|move: Tailwind
|upkeep
|turn|8
|
|t:|1785328299
|move|p1b: Venusaur|Earthquake|p2a: Corviknight
|-immune|p2a: Corviknight
|cant|p2a: Corviknight|slp
|
|upkeep
|turn|9
|-message|kietdepzai123 forfeited.
|
|win|bupbe
