|j|☆prove it to ya
|j|☆Gundnub
|html|prove it to yaGundnub    
|uhtml|bestof|Game 3 of a best-of-3
|t:|1786059623
|gametype|doubles
|player|p1|prove it to ya|pokemonranger-gen4|
|player|p2|Gundnub|169|
|gen|9
|tier|[Gen 9 Champions] VGC 2026 Reg M-B (Bo3)
|rule|Species Clause: Limit one of each Pokémon
|rule|Item Clause: Limit 1 of each item
|clearpoke
|poke|p1|Kingambit, L50, M|
|poke|p1|Gardevoir, L50, M|
|poke|p1|Talonflame, L50, F|
|poke|p1|Maushold, L50|
|poke|p1|Basculegion, L50, M|
|poke|p1|Garchomp, L50, F|
|poke|p2|Staraptor, L50, M|
|poke|p2|Garchomp, L50, M|
|poke|p2|Whimsicott, L50, M|
|poke|p2|Delphox, L50, M|
|poke|p2|Glimmora, L50, M|
|poke|p2|Kingambit, L50, M|
|teampreview|4
|showteam|p1|Kingambit||FocusSash|Defiant|KowtowCleave,IronHead,SuckerPunch,LowKick|Adamant||M|||50|]Gardevoir||Gardevoirite|Telepathy|HyperVoice,Psyshock,TrickRoom,Protect|Modest||M|||50|]Talonflame||LifeOrb|GaleWings|DualWingbeat,FlareBlitz,Tailwind,Protect|Jolly||F|||50|]Maushold||ChopleBerry|FriendGuard|Feint,SuperFang,FollowMe,Protect|Impish|||||50|]Basculegion||MysticWater|Adaptability|WaveCrash,LastRespects,AquaJet,Protect|Adamant||M|||50|]Garchomp||SitrusBerry|RoughSkin|Earthquake,StompingTantrum,RockTomb,Protect|Adamant||F|||50|
|showteam|p2|Staraptor||Staraptite|Intimidate|Protect,Roost,CloseCombat,BraveBird|Jolly||M|||50|]Garchomp||LifeOrb|RoughSkin|Protect,RockSlide,Earthquake,DragonClaw|Jolly||M|||50|]Whimsicott||OccaBerry|Prankster|Moonblast,Tailwind,Charm,LightScreen|Timid||M|||50|]Delphox||Delphoxite|Magician|Protect,Psychic,HeatWave,Substitute|Timid||M|||50|]Glimmora||FocusSash|ToxicDebris|SpikyShield,SludgeBomb,EarthPower,PowerGem|Timid||M|||50|]Kingambit||ChopleBerry|Defiant|SuckerPunch,LowKick,IronHead,KowtowCleave|Adamant||M|||50|
|
|t:|1786059751
|teamsize|p1|4
|teamsize|p2|4
|start
|switch|p1a: Kingambit|Kingambit, L50, M|100/100
|switch|p1b: Gardevoir|Gardevoir, L50, M|100/100
|switch|p2a: Delphox|Delphox, L50, M|100/100
|switch|p2b: Glimmora|Glimmora, L50, M|100/100
|turn|1
|
|t:|1786059770
|detailschange|p2a: Delphox|Delphox-Mega, L50, M
|-mega|p2a: Delphox|Delphox|Delphoxite
|detailschange|p1b: Gardevoir|Gardevoir-Mega, L50, M
|-mega|p1b: Gardevoir|Gardevoir|Gardevoirite
|move|p1a: Kingambit|Sucker Punch|p2a: Delphox
|-supereffective|p2a: Delphox|1
|-damage|p2a: Delphox|0 fnt
|faint|p2a: Delphox
|move|p2b: Glimmora|Earth Power|p1a: Kingambit
|-supereffective|p1a: Kingambit|1
|-damage|p1a: Kingambit|24/100
|move|p1b: Gardevoir|Trick Room|p1b: Gardevoir
|-fieldstart|move: Trick Room|[of] p1b: Gardevoir
|
|upkeep
|
|t:|1786059772
|switch|p2a: Kingambit|Kingambit, L50, M|100/100
|turn|2
|
|t:|1786059814
|move|p1b: Gardevoir|Protect|p1b: Gardevoir
|-singleturn|p1b: Gardevoir|Protect
|move|p2b: Glimmora|Spiky Shield|p2b: Glimmora
|-singleturn|p2b: Glimmora|move: Protect
|move|p2a: Kingambit|Low Kick|p1a: Kingambit
|-supereffective|p1a: Kingambit|2
|-damage|p1a: Kingambit|0 fnt
|faint|p1a: Kingambit
|
|upkeep
|
|t:|1786059820
|switch|p1a: Garchomp|Garchomp, L50, F|100/100
|turn|3
|
|t:|1786059861
|move|p2a: Kingambit|Iron Head|p1b: Gardevoir
|-supereffective|p1b: Gardevoir|1
|-damage|p1b: Gardevoir|0 fnt
|faint|p1b: Gardevoir
|move|p1a: Garchomp|Earthquake|p2b: Glimmora|[spread] p2a,p2b
|-supereffective|p2a: Kingambit|1
|-supereffective|p2b: Glimmora|2
|-damage|p2a: Kingambit|44/100
|-enditem|p2b: Glimmora|Focus Sash
|-damage|p2b: Glimmora|1/100
|-activate|p2b: Glimmora|ability: Toxic Debris
|-sidestart|p1: prove it to ya|move: Toxic Spikes
|move|p2b: Glimmora|Earth Power|p1a: Garchomp
|-damage|p1a: Garchomp|68/100
|
|upkeep
|
|t:|1786059865
|switch|p1b: Basculegion|Basculegion, L50, M|100/100
|-status|p1b: Basculegion|psn
|turn|4
|
|t:|1786059925
|move|p1b: Basculegion|Aqua Jet|p2b: Glimmora
|-supereffective|p2b: Glimmora|1
|-damage|p2b: Glimmora|0 fnt
|-activate|p2b: Glimmora|ability: Toxic Debris
|-sidestart|p1: prove it to ya|move: Toxic Spikes
|faint|p2b: Glimmora
|move|p2a: Kingambit|Kowtow Cleave|p1a: Garchomp
|-damage|p1a: Garchomp|25/100
|-damage|p2a: Kingambit|32/100|[from] ability: Rough Skin|[of] p1a: Garchomp
|-enditem|p1a: Garchomp|Sitrus Berry|[eat]
|-heal|p1a: Garchomp|50/100g|[from] item: Sitrus Berry
|move|p1a: Garchomp|Stomping Tantrum|p2a: Kingambit
|-supereffective|p2a: Kingambit|1
|-damage|p2a: Kingambit|0 fnt
|faint|p2a: Kingambit
|
|-damage|p1b: Basculegion|87/100 psn|[from] psn
|upkeep
|
|t:|1786059930
|switch|p2a: Garchomp|Garchomp, L50, M|100/100
|turn|5
|
|t:|1786059944
|move|p2a: Garchomp|Protect|p2a: Garchomp
|-singleturn|p2a: Garchomp|Protect
|move|p1b: Basculegion|Last Respects|p2a: Garchomp
|-activate|p2a: Garchomp|move: Protect
|move|p1a: Garchomp|Rock Tomb|p2a: Garchomp
|-activate|p2a: Garchomp|move: Protect
|
|-damage|p1b: Basculegion|75/100 psn|[from] psn
|-fieldend|move: Trick Room
|upkeep
|turn|6
|
|t:|1786059965
|move|p2a: Garchomp|Earthquake|p1a: Garchomp|[spread] p1a,p1b
|-damage|p1a: Garchomp|10/100
|-damage|p1b: Basculegion|23/100 psn
|-damage|p2a: Garchomp|90/100|[from] item: Life Orb
|move|p1a: Garchomp|Rock Tomb|p2a: Garchomp
|-resisted|p2a: Garchomp|1
|-damage|p2a: Garchomp|79/100
|-unboost|p2a: Garchomp|spe|1
|move|p1b: Basculegion|Last Respects|p2a: Garchomp
|-damage|p2a: Garchomp|0 fnt
|faint|p2a: Garchomp
|
|win|prove it to ya
