|j|☆kyoshi44
|j|☆Kampfstube
|html|kyoshi44Kampfstube    
|uhtml|bestof|Game 3 of a best-of-3
|t:|1756626086
|gametype|doubles
|player|p1|kyoshi44|dawn-gen4pt|1090
|player|p2|Kampfstube|n|1099
|gen|9
|tier|[Gen 9] VGC 2025 Reg H (Bo3)
|rated|
|rule|Species Clause: Limit one of each Pokémon
|rule|Item Clause: Limit 1 of each item
|clearpoke
|poke|p1|Armarouge, L50, M|
|poke|p1|Primarina, L50, F|
|poke|p1|Sneasler, L50, M|
|poke|p1|Dragonite, L50, F|
|poke|p1|Indeedee-F, L50, F|
|poke|p1|Gastrodon-East, L50, M|
|poke|p2|Grimmsnarl, L50, M|
|poke|p2|Volcarona, L50, F|
|poke|p2|Annihilape, L50, M|
|poke|p2|Ursaluna-Bloodmoon, L50, M|
|poke|p2|Dragonite, L50, F|
|poke|p2|Maushold, L50|
|teampreview|4
|showteam|p1|Armarouge||WeaknessPolicy|WeakArmor|HeatWave,StoredPower,Protect,ExpandingForce|||M|||50|,,,,,Fire]Primarina||AssaultVest|LiquidVoice|HyperVoice,DazzlingGleam,AquaJet,EnergyBall|||F|||50|,,,,,Grass]Sneasler||WhiteHerb|Unburden|CloseCombat,DireClaw,FakeOut,Protect|||M|||50|,,,,,Stellar]Dragonite||LoadedDice|Multiscale|ScaleShot,Protect,Haze,ExtremeSpeed|||F|||50|,,,,,Fairy]Indeedee-F||RockyHelmet|PsychicSurge|FollowMe,TrickRoom,Imprison,Psychic|||F|||50|,,,,,Fairy]Gastrodon-East||Leftovers|StormDrain|IceBeam,EarthPower,Protect,Recover|||M|||50|,,,,,Fairy
|showteam|p2|Grimmsnarl||CovertCloak|Prankster|SpiritBreak,LightScreen,Reflect,ThunderWave|||M|||50|,,,,,Steel]Volcarona||Leftovers|FlameBody|GigaDrain,QuiverDance,HeatWave,Protect|||F|||50|,,,,,Grass]Annihilape||SafetyGoggles|Defiant|BulkUp,DrainPunch,Protect,RageFist|||M|||50|,,,,,Fire]Ursaluna-Bloodmoon||AssaultVest|MindsEye|EarthPower,BloodMoon,HyperVoice,VacuumWave|||M|||50|,,,,,Water]Dragonite||LoadedDice|Multiscale|ScaleShot,ExtremeSpeed,Protect,Haze|||F|||50|,,,,,Fairy]Maushold||WideLens|FriendGuard|PopulationBomb,BeatUp,Protect,FollowMe||||||50|,,,,,Ghost
|inactive|Battle timer is ON: inactive players will automatically lose when time's up. (requested by Kampfstube)
|
|t:|1756626103
|teamsize|p1|4
|teamsize|p2|4
|start
|switch|p1a: Sneasler|Sneasler, L50, M|100/100
|switch|p1b: Dragonite|Dragonite, L50, F|100/100
|switch|p2a: Grimmsnarl|Grimmsnarl, L50, M|100/100
|switch|p2b: Volcarona|Volcarona, L50, F, shiny|100/100
|turn|1
|inactive|kyoshi44 has 30 seconds left.
|inactive|Kampfstube has 30 seconds left.
|
|t:|1756626132
|move|p2b: Volcarona|Protect|p2b: Volcarona
|-singleturn|p2b: Volcarona|Protect
|move|p1b: Dragonite|Protect|p1b: Dragonite
|-singleturn|p1b: Dragonite|Protect
|move|p1a: Sneasler|Fake Out|p2b: Volcarona
|-activate|p2b: Volcarona|move: Protect
|move|p2a: Grimmsnarl|Reflect|p2a: Grimmsnarl
|-sidestart|p2: Kampfstube|Reflect
|
|upkeep
|turn|2
|
|t:|1756626148
|-terastallize|p2a: Grimmsnarl|Steel
|move|p1a: Sneasler|Dire Claw|p2b: Volcarona
|-damage|p2b: Volcarona|75/100
|-status|p2b: Volcarona|psn
|-status|p1a: Sneasler|brn|[from] ability: Flame Body|[of] p2b: Volcarona
|move|p2b: Volcarona|Quiver Dance|p2b: Volcarona
|-boost|p2b: Volcarona|spa|1
|-boost|p2b: Volcarona|spd|1
|-boost|p2b: Volcarona|spe|1
|move|p1b: Dragonite|Scale Shot|p2b: Volcarona
|-damage|p2b: Volcarona|67/100 psn
|-damage|p2b: Volcarona|58/100 psn
|-damage|p2b: Volcarona|48/100 psn
|-damage|p2b: Volcarona|39/100 psn
|-hitcount|p2b: Volcarona|4
|-unboost|p1b: Dragonite|def|1
|-boost|p1b: Dragonite|spe|1
|move|p2a: Grimmsnarl|Spirit Break|p1b: Dragonite
|-supereffective|p1b: Dragonite
|-damage|p1b: Dragonite|53/100
|-unboost|p1b: Dragonite|spa|1
|
|-heal|p2b: Volcarona|45/100 psn|[from] item: Leftovers
|-damage|p2b: Volcarona|33/100 psn|[from] psn
|-damage|p1a: Sneasler|95/100 brn|[from] brn
|upkeep
|turn|3
|inactive|kyoshi44 has 30 seconds left.
|inactive|Kampfstube has 30 seconds left.
|
|t:|1756626177
|move|p1b: Dragonite|Protect|p1b: Dragonite
|-singleturn|p1b: Dragonite|Protect
|move|p2a: Grimmsnarl|Thunder Wave||[still]
|-fail|p2a: Grimmsnarl
|move|p1a: Sneasler|Close Combat|p2a: Grimmsnarl
|-supereffective|p2a: Grimmsnarl
|-damage|p2a: Grimmsnarl|58/100
|-unboost|p1a: Sneasler|def|1
|-unboost|p1a: Sneasler|spd|1
|-enditem|p1a: Sneasler|White Herb
|-clearnegativeboost|p1a: Sneasler|[silent]
|move|p2b: Volcarona|Heat Wave|p1a: Sneasler|[spread] p1a
|-activate|p1b: Dragonite|move: Protect
|-damage|p1a: Sneasler|33/100 brn
|
|-heal|p2b: Volcarona|39/100 psn|[from] item: Leftovers
|-damage|p2b: Volcarona|27/100 psn|[from] psn
|-damage|p1a: Sneasler|27/100 brn|[from] brn
|upkeep
|turn|4
|
|t:|1756626197
|move|p2a: Grimmsnarl|Thunder Wave|p1b: Dragonite
|-status|p1b: Dragonite|par
|move|p1a: Sneasler|Close Combat|p2a: Grimmsnarl
|-supereffective|p2a: Grimmsnarl
|-damage|p2a: Grimmsnarl|17/100
|-unboost|p1a: Sneasler|def|1
|-unboost|p1a: Sneasler|spd|1
|move|p2b: Volcarona|Heat Wave|p1b: Dragonite|[spread] p1a,p1b
|-resisted|p1b: Dragonite
|-damage|p1a: Sneasler|0 fnt
|-damage|p1b: Dragonite|27/100 par
|faint|p1a: Sneasler
|cant|p1b: Dragonite|par
|
|-heal|p2b: Volcarona|33/100 psn|[from] item: Leftovers
|-damage|p2b: Volcarona|20/100 psn|[from] psn
|upkeep
|
|t:|1756626213
|switch|p1a: Primarina|Primarina, L50, F|100/100
|turn|5
|
|t:|1756626224
|-terastallize|p1a: Primarina|Grass
|cant|p1b: Dragonite|par
|move|p2a: Grimmsnarl|Light Screen|p2a: Grimmsnarl
|-sidestart|p2: Kampfstube|move: Light Screen
|move|p2b: Volcarona|Heat Wave|p1b: Dragonite|[spread] p1a,p1b
|-supereffective|p1a: Primarina
|-resisted|p1b: Dragonite
|-damage|p1a: Primarina|44/100
|-damage|p1b: Dragonite|1/100 par
|move|p1a: Primarina|Hyper Voice|p2a: Grimmsnarl|[spread] p2a,p2b
|-supereffective|p2b: Volcarona
|-damage|p2a: Grimmsnarl|0 fnt
|-damage|p2b: Volcarona|0 fnt
|faint|p2a: Grimmsnarl
|faint|p2b: Volcarona
|
|-sideend|p2: Kampfstube|Reflect
|upkeep
|
|t:|1756626235
|switch|p2b: Maushold|Maushold, L50|100/100
|switch|p2a: Dragonite|Dragonite, L50, F|100/100
|turn|6
|
|t:|1756626248
|move|p2a: Dragonite|Extreme Speed|p1b: Dragonite
|-damage|p1b: Dragonite|0 fnt
|faint|p1b: Dragonite
|move|p2b: Maushold|Population Bomb|p1a: Primarina
|-damage|p1a: Primarina|35/100
|-damage|p1a: Primarina|26/100
|-damage|p1a: Primarina|16/100
|-damage|p1a: Primarina|7/100
|-damage|p1a: Primarina|0 fnt
|faint|p1a: Primarina
|-hitcount|p1: Primarina|5
|
|upkeep
|
|t:|1756626251
|switch|p1a: Armarouge|Armarouge, L50, M|100/100
|turn|7
|-message|kyoshi44 forfeited.
|
|win|Kampfstube
|raw|kyoshi44's rating: 1090 → 1067(-23 for losing)
|raw|Kampfstube's rating: 1099 → 1123(+24 for winning)
