|j|☆Zain06
|j|☆PaquitoelBollito
|html|Zain06PaquitoelBollito    
|uhtml|bestof|Game 2 of a best-of-3
|t:|1783804321
|gametype|doubles
|player|p1|Zain06|hilbert|1093
|player|p2|PaquitoelBollito|102|1053
|gen|9
|tier|[Gen 9 Champions] VGC 2026 Reg M-B (Bo3)
|rated|
|rule|Species Clause: Limit one of each Pokémon
|rule|Item Clause: Limit 1 of each item
|clearpoke
|poke|p1|Archaludon, L50, F|
|poke|p1|Grimmsnarl, L50, M|
|poke|p1|Charizard, L50, M|
|poke|p1|Venusaur, L50, M|
|poke|p1|Pelipper, L50, F|
|poke|p1|Basculegion, L50, M|
|poke|p2|Aerodactyl, L50, F|
|poke|p2|Kingambit, L50, M|
|poke|p2|Garchomp, L50, F|
|poke|p2|Whimsicott, L50, F|
|poke|p2|Incineroar, L50, M|
|poke|p2|Floette-Eternal, L50, F|
|teampreview|4
|showteam|p1|Archaludon||Leftovers|Stamina|ElectroShot,DragonPulse,FlashCannon,Protect|Modest||F|||50|]Grimmsnarl||LightClay|Prankster|LightScreen,Reflect,PartingShot,SpiritBreak|Careful||M|||50|]Charizard||CharizarditeY|Blaze|Protect,WeatherBall,HeatWave,SolarBeam|Modest||M|||50|]Venusaur||Venusaurite|Chlorophyll|SleepPowder,GigaDrain,EarthPower,SludgeBomb|Modest||M|||50|]Pelipper||SitrusBerry|Drizzle|WeatherBall,Protect,Tailwind,Hurricane|Modest||F|||50|]Basculegion||ChoiceScarf|Adaptability|WaveCrash,FlipTurn,AquaJet,LastRespects|Jolly||M|||50|
|showteam|p2|Aerodactyl||Aerodactylite|Unnerve|Tailwind,DualWingbeat,IceFang,RockSlide|Jolly||F|||50|]Kingambit||BlackGlasses|Defiant|SuckerPunch,KowtowCleave,Protect,IronHead|Adamant||M|||50|]Garchomp||LifeOrb|RoughSkin|Protect,DragonClaw,RockSlide,StompingTantrum|Jolly||F|||50|]Whimsicott||FocusSash|Prankster|Tailwind,Moonblast,Protect,Encore|Timid||F|||50|]Incineroar||SitrusBerry|Intimidate|FakeOut,PartingShot,FlareBlitz,ThroatChop|Relaxed||M|||50|]Floette-Eternal||Floettite|FlowerVeil|Protect,DazzlingGleam,Moonblast,LightofRuin|Timid||F|||50|
|inactive|Battle timer is ON: inactive players will automatically lose when time's up. (requested by PaquitoelBollito)
|
|t:|1783804338
|teamsize|p1|4
|teamsize|p2|4
|start
|switch|p1a: Archaludon|Archaludon, L50, F|100/100
|switch|p1b: Pelipper|Pelipper, L50, F|100/100
|switch|p2a: Whimsicott|Whimsicott, L50, F|100/100
|switch|p2b: Floette|Floette-Eternal, L50, F|100/100
|-weather|RainDance|[from] ability: Drizzle|[of] p1b: Pelipper
|turn|1
|inactive|PaquitoelBollito has 30 seconds left.
|inactive|PaquitoelBollito has 20 seconds left.
|inactive|PaquitoelBollito has 15 seconds left.
|inactive|PaquitoelBollito has 10 seconds left.
|inactive|PaquitoelBollito has 5 seconds left.
|
|t:|1783804391
|detailschange|p2b: Floette|Floette-Mega, L50, F
|-mega|p2b: Floette|Floette|Floettite
|-ability|p2b: Floette|Fairy Aura
|move|p2a: Whimsicott|Tailwind|p2a: Whimsicott
|-sidestart|p2: PaquitoelBollito|move: Tailwind
|move|p2b: Floette|Light of Ruin|p1a: Archaludon
|-damage|p1a: Archaludon|0 fnt
|faint|p1a: Archaludon
|-damage|p2b: Floette|34/100|[from] Recoil
|move|p1b: Pelipper|Tailwind|p1b: Pelipper
|-sidestart|p1: Zain06|move: Tailwind
|
|-weather|RainDance|[upkeep]
|upkeep
|
|t:|1783804401
|switch|p1a: Venusaur|Venusaur, L50, M|100/100
|turn|2
|inactive|PaquitoelBollito has 30 seconds left.
|
|t:|1783804436
|detailschange|p1a: Venusaur|Venusaur-Mega, L50, M
|-mega|p1a: Venusaur|Venusaur|Venusaurite
|move|p2a: Whimsicott|Encore|p1b: Pelipper
|-start|p1b: Pelipper|Encore
|move|p2b: Floette|Dazzling Gleam|p1b: Pelipper|[spread] p1a,p1b
|-resisted|p1a: Venusaur|1
|-crit|p1b: Pelipper
|-damage|p1a: Venusaur|78/100
|-damage|p1b: Pelipper|18/100
|-enditem|p1b: Pelipper|Sitrus Berry|[eat]
|-heal|p1b: Pelipper|43/100|[from] item: Sitrus Berry
|move|p1a: Venusaur|Sludge Bomb|p2b: Floette
|-supereffective|p2b: Floette|1
|-damage|p2b: Floette|0 fnt
|faint|p2b: Floette
|move|p1b: Pelipper|Tailwind||[still]
|-fail|p1b: Pelipper
|
|-weather|RainDance|[upkeep]
|upkeep
|
|t:|1783804449
|switch|p2b: Garchomp|Garchomp, L50, F|100/100
|turn|3
|
|t:|1783804472
|move|p2a: Whimsicott|Moonblast|p1a: Venusaur
|-resisted|p1a: Venusaur|1
|-damage|p1a: Venusaur|62/100
|move|p2b: Garchomp|Stomping Tantrum|p1a: Venusaur
|-damage|p1a: Venusaur|12/100
|-damage|p2b: Garchomp|90/100|[from] item: Life Orb
|move|p1a: Venusaur|Sludge Bomb|p2a: Whimsicott
|-supereffective|p2a: Whimsicott|2
|-enditem|p2a: Whimsicott|Focus Sash
|-damage|p2a: Whimsicott|1/100
|move|p1b: Pelipper|Tailwind||[still]
|-fail|p1b: Pelipper
|
|-weather|RainDance|[upkeep]
|upkeep
|turn|4
|inactive|Zain06 has 30 seconds left.
|
|t:|1783804498
|move|p2a: Whimsicott|Moonblast|p1a: Venusaur
|-resisted|p1a: Venusaur|1
|-damage|p1a: Venusaur|0 fnt
|faint|p1a: Venusaur
|move|p2b: Garchomp|Rock Slide|p1b: Pelipper
|-supereffective|p1b: Pelipper|1
|-damage|p1b: Pelipper|0 fnt
|faint|p1b: Pelipper
|-damage|p2b: Garchomp|80/100|[from] item: Life Orb
|
|-weather|RainDance|[upkeep]
|-sideend|p2: PaquitoelBollito|move: Tailwind
|-sideend|p1: Zain06|move: Tailwind
|upkeep
|
|t:|1783804504
|switch|p1b: Basculegion|Basculegion, L50, M|100/100
|turn|5
|inactive|PaquitoelBollito has 30 seconds left.
|
|t:|1783804535
|move|p2a: Whimsicott|Protect|p2a: Whimsicott
|-singleturn|p2a: Whimsicott|Protect
|move|p2b: Garchomp|Protect|p2b: Garchomp
|-singleturn|p2b: Garchomp|Protect
|move|p1b: Basculegion|Last Respects|p2a: Whimsicott
|-activate|p2a: Whimsicott|move: Protect
|
|-weather|none
|upkeep
|turn|6
|inactive|PaquitoelBollito has 30 seconds left.
|
|t:|1783804567
|move|p1b: Basculegion|Last Respects|p2b: Garchomp
|-damage|p2b: Garchomp|0 fnt
|faint|p2b: Garchomp
|move|p2a: Whimsicott|Moonblast|p1b: Basculegion
|-damage|p1b: Basculegion|58/100
|
|upkeep
|
|t:|1783804573
|switch|p2b: Kingambit|Kingambit, L50, M|100/100
|turn|7
|
|t:|1783804581
|move|p2b: Kingambit|Sucker Punch|p1b: Basculegion
|-supereffective|p1b: Basculegion|1
|-damage|p1b: Basculegion|0 fnt
|faint|p1b: Basculegion
|
|win|PaquitoelBollito
