|j|☆spodermees
|j|☆DuelSkiller
|html|spodermeesDuelSkiller    
|uhtml|bestof|Game 2 of a best-of-3
|t:|1783856176
|gametype|doubles
|player|p1|spodermees|sailor|1039
|player|p2|DuelSkiller|169|1129
|gen|9
|tier|[Gen 9 Champions] VGC 2026 Reg M-B (Bo3)
|rated|
|rule|Species Clause: Limit one of each Pokémon
|rule|Item Clause: Limit 1 of each item
|clearpoke
|poke|p1|Swampert, L50, M|
|poke|p1|Raichu, L50, M|
|poke|p1|Pelipper, L50, M|
|poke|p1|Sableye, L50, F|
|poke|p1|Incineroar, L50, F|
|poke|p1|Archaludon, L50, F|
|poke|p2|Charizard, L50, M|
|poke|p2|Incineroar, L50, F|
|poke|p2|Milotic, L50, F|
|poke|p2|Sinistcha, L50|
|poke|p2|Sneasler, L50, F|
|poke|p2|Mawile, L50, F|
|teampreview|4
|showteam|p1|Swampert||Swampertite|Damp|WaveCrash,Earthquake,IcePunch,Protect|Adamant||M|||50|]Raichu||RaichuniteY|LightningRod|FakeOut,Protect,ZapCannon,FocusBlast|Hasty||M|||50|]Pelipper||FocusSash|Drizzle|WeatherBall,Hurricane,WideGuard,Tailwind|Modest||M|||50|]Sableye||RoseliBerry|Prankster|RainDance,FakeOut,LightScreen,Reflect|Careful||F|||50|]Incineroar||SitrusBerry|Intimidate|FakeOut,PartingShot,WillOWisp,ThroatChop|Careful||F|||50|]Archaludon||Leftovers|Stamina|ElectroShot,DracoMeteor,FlashCannon,Protect|Modest||F|||50|
|showteam|p2|Charizard||CharizarditeX|Blaze|Protect,DragonDance,DragonClaw,FlareBlitz|Serious||M|||50|]Incineroar||SitrusBerry|Intimidate|FakeOut,PartingShot,ThroatChop,SunnyDay|Adamant||F|||50|]Milotic||Leftovers|Competitive|Recover,IceBeam,Scald,IcyWind|Modest||F|||50|]Sinistcha||KasibBerry|Hospitality|MatchaGotcha,LifeDew,RagePowder,TrickRoom|Calm|||||50|]Sneasler||FocusSash|Unburden|FakeOut,Coaching,DireClaw,CloseCombat|Jolly||F|||50|]Mawile||Mawilite|Intimidate|IronHead,PlayRough,KnockOff,Protect|Adamant||F|||50|
|inactive|Battle timer is ON: inactive players will automatically lose when time's up. (requested by spodermees)
|inactive|DuelSkiller has 60 seconds left.
|
|t:|1783856215
|teamsize|p1|4
|teamsize|p2|4
|start
|switch|p1a: Swampert|Swampert, L50, M|100/100
|switch|p1b: Sableye|Sableye, L50, F|100/100
|switch|p2a: Charizard|Charizard, L50, M|100/100
|switch|p2b: Sneasler|Sneasler, L50, F|100/100
|turn|1
|inactive|spodermees has 30 seconds left.
|inactive|DuelSkiller has 30 seconds left.
|
|t:|1783856241
|detailschange|p1a: Swampert|Swampert-Mega, L50, M
|-mega|p1a: Swampert|Swampert|Swampertite
|move|p1a: Swampert|Protect|p1a: Swampert
|-singleturn|p1a: Swampert|Protect
|move|p1b: Sableye|Fake Out|p2b: Sneasler
|-damage|p2b: Sneasler|87/100
|cant|p2b: Sneasler|flinch
|move|p2a: Charizard|Dragon Dance|p2a: Charizard
|-boost|p2a: Charizard|atk|1
|-boost|p2a: Charizard|spe|1
|
|upkeep
|turn|2
|
|t:|1783856266
|move|p2a: Charizard|Protect|p2a: Charizard
|-singleturn|p2a: Charizard|Protect
|move|p1b: Sableye|Rain Dance|p1b: Sableye
|-weather|RainDance
|move|p1a: Swampert|Wave Crash|p2a: Charizard
|-activate|p2a: Charizard|move: Protect
|move|p2b: Sneasler|Coaching|p2a: Charizard
|-boost|p2a: Charizard|atk|1
|-boost|p2a: Charizard|def|1
|
|-weather|RainDance|[upkeep]
|upkeep
|turn|3
|inactive|DuelSkiller has 30 seconds left.
|
|t:|1783856297
|switch|p2b: Mawile|Mawile, L50, F|100/100
|-ability|p2b: Mawile|Intimidate|boost
|-unboost|p1a: Swampert|atk|1
|-unboost|p1b: Sableye|atk|1
|detailschange|p2a: Charizard|Charizard-Mega-X, L50, M
|-mega|p2a: Charizard|Charizard|Charizardite X
|move|p1b: Sableye|Reflect|p1b: Sableye
|-sidestart|p1: spodermees|Reflect
|move|p1a: Swampert|Wave Crash|p2a: Charizard
|-damage|p2a: Charizard|54/100
|-damage|p1a: Swampert|84/100|[from] Recoil
|move|p2a: Charizard|Dragon Claw|p1a: Swampert
|-damage|p1a: Swampert|30/100
|
|-weather|RainDance|[upkeep]
|upkeep
|turn|4
|
|t:|1783856321
|switch|p2b: Sinistcha|Sinistcha, L50|100/100
|-heal|p2a: Charizard|79/100|[from] ability: Hospitality|[of] p2b: Sinistcha
|switch|p1b: Pelipper|Pelipper, L50, M|100/100
|move|p1a: Swampert|Earthquake|p2a: Charizard|[spread] p2a,p2b
|-immune|p1b: Pelipper
|-supereffective|p2a: Charizard|1
|-resisted|p2b: Sinistcha|1
|-damage|p2a: Charizard|40/100
|-damage|p2b: Sinistcha|86/100
|move|p2a: Charizard|Dragon Claw|p1b: Pelipper
|-damage|p1b: Pelipper|36/100
|
|-weather|RainDance|[upkeep]
|upkeep
|turn|5
|
|t:|1783856342
|move|p2a: Charizard|Protect|p2a: Charizard
|-singleturn|p2a: Charizard|Protect
|move|p1a: Swampert|Earthquake|p2a: Charizard|[spread] p2b
|-activate|p2a: Charizard|move: Protect
|-immune|p1b: Pelipper
|-resisted|p2b: Sinistcha|1
|-damage|p2b: Sinistcha|73/100
|move|p1b: Pelipper|Hurricane|p2b: Sinistcha
|-supereffective|p2b: Sinistcha|1
|-damage|p2b: Sinistcha|0 fnt
|faint|p2b: Sinistcha
|
|-weather|RainDance|[upkeep]
|upkeep
|
|t:|1783856358
|switch|p2b: Mawile|Mawile, L50, F|100/100
|-ability|p2b: Mawile|Intimidate|boost
|-unboost|p1a: Swampert|atk|1
|-unboost|p1b: Pelipper|atk|1
|turn|6
|
|t:|1783856373
|move|p1a: Swampert|Earthquake|p2b: Mawile|[spread] p2a,p2b
|-immune|p1b: Pelipper
|-supereffective|p2a: Charizard|1
|-supereffective|p2b: Mawile|1
|-damage|p2a: Charizard|14/100
|-damage|p2b: Mawile|33/100
|move|p2a: Charizard|Dragon Claw|p1a: Swampert
|-damage|p1a: Swampert|0 fnt
|faint|p1a: Swampert
|move|p1b: Pelipper|Weather Ball|p2a: Charizard
|-damage|p2a: Charizard|0 fnt
|faint|p2a: Charizard
|move|p2b: Mawile|Knock Off|p1b: Pelipper
|-damage|p1b: Pelipper|15/100
|-enditem|p1b: Pelipper|Focus Sash|[from] move: Knock Off|[of] p2b: Mawile
|
|-weather|none
|upkeep
|c|☆spodermees|why no sneasler????
|
|t:|1783856391
|switch|p2a: Sneasler|Sneasler, L50, F|87/100
|switch|p1a: Archaludon|Archaludon, L50, F|100/100
|turn|7
|c|☆spodermees|you had win with fake out
|
|t:|1783856415
|move|p1a: Archaludon|Protect|p1a: Archaludon
|-singleturn|p1a: Archaludon|Protect
|move|p2a: Sneasler|Close Combat|p1a: Archaludon
|-activate|p1a: Archaludon|move: Protect
|move|p1b: Pelipper|Tailwind|p1b: Pelipper
|-sidestart|p1: spodermees|move: Tailwind
|move|p2b: Mawile|Iron Head|p1b: Pelipper
|-resisted|p1b: Pelipper|1
|-damage|p1b: Pelipper|3/100
|
|-sideend|p1: spodermees|Reflect
|upkeep
|turn|8
|
|t:|1783856439
|switch|p1b: Sableye|Sableye, L50, F|100/100
|move|p1a: Archaludon|Flash Cannon|p2b: Mawile
|-damage|p2b: Mawile|0 fnt
|faint|p2b: Mawile
|move|p2a: Sneasler|Close Combat|p1a: Archaludon
|-supereffective|p1a: Archaludon|1
|-damage|p1a: Archaludon|10/100
|-unboost|p2a: Sneasler|def|1
|-unboost|p2a: Sneasler|spd|1
|-ability|p1a: Archaludon|Stamina|boost
|-boost|p1a: Archaludon|def|1
|
|-heal|p1a: Archaludon|16/100|[from] item: Leftovers
|upkeep
|turn|9
|
|t:|1783856454
|move|p1b: Sableye|Fake Out|p2a: Sneasler
|-damage|p2a: Sneasler|66/100
|move|p1a: Archaludon|Flash Cannon|p2a: Sneasler
|-damage|p2a: Sneasler|0 fnt
|faint|p2a: Sneasler
|
|win|spodermees
|raw|spodermees's rating: 1039 → 1082(+43 for winning)
|raw|DuelSkiller's rating: 1129 → 1098(-31 for losing)
