|j|☆vilan333
|j|☆MRLLMK
|html|vilan333MRLLMK    
|uhtml|bestof|Game 1 of a best-of-3
|t:|1783345969
|gametype|doubles
|player|p1|vilan333|marshal|1107
|player|p2|MRLLMK|skyla|1000
|gen|9
|tier|[Gen 9 Champions] VGC 2026 Reg M-B (Bo3)
|rated|
|rule|Species Clause: Limit one of each Pokémon
|rule|Item Clause: Limit 1 of each item
|clearpoke
|poke|p1|Annihilape, L50, F|
|poke|p1|Whimsicott, L50, M|
|poke|p1|Floette-Eternal, L50, F|
|poke|p1|Maushold-Four, L50|
|poke|p1|Kingambit, L50, F|
|poke|p1|Charizard, L50, M|
|poke|p2|Ditto, L50|
|poke|p2|Dedenne, L50, F|
|poke|p2|Whimsicott, L50, M|
|poke|p2|Chimecho, L50, M|
|poke|p2|Floette-Eternal, L50, F|
|poke|p2|Maushold, L50|
|teampreview|4
|showteam|p1|Annihilape||ChoiceScarf|Defiant|RageFist,CloseCombat,RockSlide,Uturn|Adamant||F|||50|]Whimsicott||FocusSash|Prankster|Moonblast,Tailwind,Protect,Encore|Timid||M|||50|]Floette-Eternal||Floettite|FlowerVeil|Protect,Moonblast,DazzlingGleam,LightofRuin|Modest||F|||50|]Maushold-Four||WideLens|Technician|PopulationBomb,BeatUp,FollowMe,Protect|Jolly|||||50|]Kingambit||LifeOrb|SupremeOverlord|KowtowCleave,SuckerPunch,LowKick,Protect|Adamant||F|||50|]Charizard||CharizarditeY|Blaze|HeatWave,WeatherBall,SolarBeam,Protect|Modest||M|||50|
|showteam|p2|Ditto||LifeOrb|Imposter|Transform|Adamant|||||50|]Dedenne||SitrusBerry|CheekPouch|Thunderbolt,Thunder,DazzlingGleam,Protect|Modest||F|||50|]Whimsicott||FocusSash|Prankster|DazzlingGleam,Tailwind,Moonblast,Protect|Timid||M|||50|]Chimecho||Chimechite|Levitate|Boomburst,CalmMind,Recover,Protect|Modest||M|||50|]Floette-Eternal||Floettite|FlowerVeil|DazzlingGleam,RainDance,Protect,DrainingKiss|Modest||F|||50|]Maushold||MentalHerb|FriendGuard|PopulationBomb,FollowMe,Protect,Encore|Adamant|||||50|
|inactive|Battle timer is ON: inactive players will automatically lose when time's up. (requested by MRLLMK)
|
|t:|1783346003
|teamsize|p1|4
|teamsize|p2|4
|start
|switch|p1a: Charizard|Charizard, L50, M|100/100
|switch|p1b: Whimsicott|Whimsicott, L50, M|100/100
|switch|p2a: Whimsicott|Whimsicott, L50, M|100/100
|switch|p2b: Chimecho|Chimecho, L50, M|100/100
|turn|1
|inactive|MRLLMK has 30 seconds left.
|inactive|MRLLMK has 20 seconds left.
|
|t:|1783346040
|detailschange|p1a: Charizard|Charizard-Mega-Y, L50, M
|-mega|p1a: Charizard|Charizard|Charizardite Y
|-weather|SunnyDay|[from] ability: Drought|[of] p1a: Charizard
|detailschange|p2b: Chimecho|Chimecho-Mega, L50, M
|-mega|p2b: Chimecho|Chimecho|Chimechite
|move|p2a: Whimsicott|Tailwind|p2a: Whimsicott
|-sidestart|p2: MRLLMK|move: Tailwind
|move|p1b: Whimsicott|Tailwind|p1b: Whimsicott
|-sidestart|p1: vilan333|move: Tailwind
|move|p1a: Charizard|Heat Wave|p2b: Chimecho|[spread] p2a,p2b
|-supereffective|p2a: Whimsicott|1
|-supereffective|p2b: Chimecho|1
|-enditem|p2a: Whimsicott|Focus Sash
|-damage|p2a: Whimsicott|1/100
|-damage|p2b: Chimecho|0 fnt
|faint|p2b: Chimecho
|
|-weather|SunnyDay|[upkeep]
|upkeep
|
|t:|1783346059
|switch|p2b: Ditto|Ditto, L50|100/100
|-transform|p2b: Ditto|p1a: Charizard|[from] ability: Imposter
|turn|2
|
|t:|1783346068
|switch|p2a: Maushold|Maushold, L50|100/100
|move|p1b: Whimsicott|Encore||[still]
|-fail|p1b: Whimsicott
|move|p2b: Ditto|Heat Wave|p1a: Charizard|[spread] p1a,p1b
|-resisted|p1a: Charizard|1
|-supereffective|p1b: Whimsicott|1
|-damage|p1a: Charizard|66/100
|-enditem|p1b: Whimsicott|Focus Sash
|-damage|p1b: Whimsicott|1/100
|-damage|p2b: Ditto|90/100|[from] item: Life Orb
|move|p1a: Charizard|Heat Wave|p2a: Maushold|[spread] p2a
|-miss|p1a: Charizard|p2b: Ditto
|-damage|p2a: Maushold|10/100
|
|-weather|SunnyDay|[upkeep]
|upkeep
|turn|3
|inactive|MRLLMK has 30 seconds left.
|inactive|MRLLMK has 20 seconds left.
|inactive|MRLLMK has 15 seconds left.
|
|t:|1783346109
|switch|p1b: Kingambit|Kingambit, L50, F|100/100
|move|p2a: Maushold|Protect|p2a: Maushold
|-singleturn|p2a: Maushold|Protect
|move|p1a: Charizard|Protect|p1a: Charizard
|-singleturn|p1a: Charizard|Protect
|move|p2b: Ditto|Heat Wave|p1b: Kingambit|[spread] p1b
|-activate|p1a: Charizard|move: Protect
|-supereffective|p1b: Kingambit|1
|-damage|p1b: Kingambit|0 fnt
|faint|p1b: Kingambit
|-end|p1b: Kingambit|fallenundefined|[silent]
|-damage|p2b: Ditto|80/100|[from] item: Life Orb
|
|-weather|SunnyDay|[upkeep]
|upkeep
|
|t:|1783346125
|switch|p1b: Annihilape|Annihilape, L50, F|100/100
|turn|4
|
|t:|1783346136
|move|p2b: Ditto|Protect|p2b: Ditto
|-singleturn|p2b: Ditto|Protect
|move|p2a: Maushold|Follow Me|p2a: Maushold
|-singleturn|p2a: Maushold|move: Follow Me
|move|p1b: Annihilape|Rock Slide|p2a: Maushold|[spread] p2a
|-activate|p2b: Ditto|move: Protect
|-damage|p2a: Maushold|0 fnt
|faint|p2a: Maushold
|move|p1a: Charizard|Heat Wave|p2b: Ditto
|-activate|p2b: Ditto|move: Protect
|
|-weather|SunnyDay|[upkeep]
|-sideend|p1: vilan333|move: Tailwind
|-sideend|p2: MRLLMK|move: Tailwind
|upkeep
|
|t:|1783346152
|switch|p2a: Whimsicott|Whimsicott, L50, M|1/100
|turn|5
|
|t:|1783346170
|move|p1b: Annihilape|Rock Slide|p2a: Whimsicott|[spread] p2b
|-miss|p1b: Annihilape|p2a: Whimsicott
|-supereffective|p2b: Ditto|2
|-damage|p2b: Ditto|0 fnt
|faint|p2b: Ditto
|move|p2a: Whimsicott|Dazzling Gleam|p1b: Annihilape|[spread] p1a,p1b
|-resisted|p1a: Charizard|1
|-supereffective|p1b: Annihilape|1
|-damage|p1a: Charizard|58/100
|-damage|p1b: Annihilape|61/100
|move|p1a: Charizard|Heat Wave|p2a: Whimsicott|[miss]
|-miss|p1a: Charizard|p2a: Whimsicott
|
|-weather|none
|upkeep
|turn|6
|
|t:|1783346187
|move|p1b: Annihilape|Rock Slide|p2a: Whimsicott
|-damage|p2a: Whimsicott|0 fnt
|faint|p2a: Whimsicott
|
|win|vilan333
||MRLLMK is ready for game 2.
|inactive|vilan333 has 30 seconds to confirm battle start!
