|j|☆crullvgc
|j|☆C0ozer
|html|crullvgcC0ozer    
|uhtml|bestof|Game 2 of a best-of-3
|t:|1757087912
|gametype|doubles
|player|p1|crullvgc|janitor|1078
|player|p2|C0ozer|2|1072
|gen|9
|tier|[Gen 9] VGC 2025 Reg H (Bo3)
|rated|
|rule|Species Clause: Limit one of each Pokémon
|rule|Item Clause: Limit 1 of each item
|clearpoke
|poke|p1|Garchomp, L50, F|
|poke|p1|Talonflame, L50, F|
|poke|p1|Primarina, L50, F|
|poke|p1|Electabuzz, L50, F|
|poke|p1|Rillaboom, L50, M|
|poke|p1|Gholdengo, L50|
|poke|p2|Ursaluna-Bloodmoon, L50, M|
|poke|p2|Gholdengo, L50|
|poke|p2|Dragonite, L50, F|
|poke|p2|Sneasler, L50, M|
|poke|p2|Incineroar, L50, M|
|poke|p2|Amoonguss, L50, F|
|teampreview|4
|showteam|p1|Garchomp||LifeOrb|RoughSkin|StompingTantrum,Earthquake,DragonClaw,Protect|||F|||50|,,,,,Fire]Talonflame||CovertCloak|GaleWings|Tailwind,WillOWisp,DualWingbeat,Taunt|||F|||50|,,,,,Dark]Primarina||ThroatSpray|LiquidVoice|HyperVoice,Moonblast,Haze,Protect|||F|||50|,,,,,Poison]Electabuzz||Eviolite|VitalSpirit|FollowMe,Electroweb,HelpingHand,Protect|||F|||50|,,,,,Ghost]Rillaboom||AssaultVest|GrassySurge|FakeOut,GrassyGlide,WoodHammer,HighHorsepower|||M|||50|,,,,,Fire]Gholdengo||MetalCoat|GoodasGold|MakeItRain,ShadowBall,NastyPlot,Protect||||||50|,,,,,Steel
|showteam|p2|Ursaluna-Bloodmoon||AssaultVest|MindsEye|BloodMoon,EarthPower,VacuumWave,HyperVoice|||M|||50|,,,,,Water]Gholdengo||LifeOrb|GoodasGold|Protect,MakeItRain,ShadowBall,NastyPlot||||||50|,,,,,Water]Dragonite||LoadedDice|Multiscale|ScaleShot,Tailwind,Haze,Protect|||F|||50|,,,,,Fairy]Sneasler||FocusSash|Unburden|Protect,DireClaw,CloseCombat,ThroatChop|||M|||50|,,,,,Stellar]Incineroar||SafetyGoggles|Intimidate|KnockOff,PartingShot,FlareBlitz,FakeOut|||M|||50|,,,,,Ghost]Amoonguss||SitrusBerry|Regenerator|RagePowder,Spore,PollenPuff,Protect|||F|||50|,,,,,Water
|inactive|Battle timer is ON: inactive players will automatically lose when time's up. (requested by C0ozer)
|
|t:|1757087941
|teamsize|p1|4
|teamsize|p2|4
|start
|switch|p1a: Garchomp|Garchomp, L50, F|100/100
|switch|p1b: Talonflame|Talonflame, L50, F|100/100
|switch|p2a: Incineroar|Incineroar, L50, M, shiny|100/100
|switch|p2b: Dragonite|Dragonite, L50, F, shiny|100/100
|-ability|p2a: Incineroar|Intimidate|boost
|-unboost|p1a: Garchomp|atk|1
|-unboost|p1b: Talonflame|atk|1
|turn|1
|
|t:|1757087965
|move|p1b: Talonflame|Will-O-Wisp|p2b: Dragonite
|-status|p2b: Dragonite|brn
|move|p1a: Garchomp|Earthquake|p2b: Dragonite|[spread] p2a
|-immune|p1b: Talonflame
|-immune|p2b: Dragonite
|-supereffective|p2a: Incineroar
|-damage|p2a: Incineroar|38/100
|-damage|p1a: Garchomp|91/100|[from] item: Life Orb
|move|p2b: Dragonite|Scale Shot|p1b: Talonflame|[miss]
|-miss|p2b: Dragonite|p1b: Talonflame
|move|p2a: Incineroar|Knock Off|p1b: Talonflame
|-damage|p1b: Talonflame|38/100
|-enditem|p1b: Talonflame|Covert Cloak|[from] move: Knock Off|[of] p2a: Incineroar
|
|-damage|p2b: Dragonite|94/100 brn|[from] brn
|upkeep
|turn|2
|inactive|C0ozer has 30 seconds left.
|inactive|C0ozer has 20 seconds left.
|
|t:|1757088002
|switch|p2a: Ursaluna|Ursaluna-Bloodmoon, L50, M|100/100
|move|p1b: Talonflame|Tailwind|p1b: Talonflame
|-sidestart|p1: crullvgc|move: Tailwind
|move|p1a: Garchomp|Earthquake|p2a: Ursaluna|[spread] p2a
|-immune|p1b: Talonflame
|-immune|p2b: Dragonite
|-damage|p2a: Ursaluna|77/100
|-damage|p1a: Garchomp|81/100|[from] item: Life Orb
|move|p2b: Dragonite|Tailwind|p2b: Dragonite
|-sidestart|p2: C0ozer|move: Tailwind
|
|-damage|p2b: Dragonite|88/100 brn|[from] brn
|upkeep
|turn|3
|
|t:|1757088026
|move|p1b: Talonflame|Dual Wingbeat|p2a: Ursaluna
|-damage|p2a: Ursaluna|70/100
|-damage|p2a: Ursaluna|63/100
|-hitcount|p2a: Ursaluna|2
|move|p1a: Garchomp|Dragon Claw|p2a: Ursaluna
|-damage|p2a: Ursaluna|35/100
|-damage|p1a: Garchomp|71/100|[from] item: Life Orb
|move|p2b: Dragonite|Scale Shot|p1a: Garchomp
|-supereffective|p1a: Garchomp
|-damage|p1a: Garchomp|54/100
|-supereffective|p1a: Garchomp
|-damage|p1a: Garchomp|37/100
|-supereffective|p1a: Garchomp
|-damage|p1a: Garchomp|21/100
|-supereffective|p1a: Garchomp
|-damage|p1a: Garchomp|6/100
|-supereffective|p1a: Garchomp
|-damage|p1a: Garchomp|0 fnt
|faint|p1a: Garchomp
|-hitcount|p1: Garchomp|5
|-unboost|p2b: Dragonite|def|1
|-boost|p2b: Dragonite|spe|1
|move|p2a: Ursaluna|Hyper Voice|p1b: Talonflame
|-damage|p1b: Talonflame|0 fnt
|faint|p1b: Talonflame
|
|-damage|p2b: Dragonite|82/100 brn|[from] brn
|upkeep
|
|t:|1757088046
|switch|p1b: Electabuzz|Electabuzz, L50, F|100/100
|switch|p1a: Primarina|Primarina, L50, F|100/100
|turn|4
|inactive|C0ozer has 30 seconds left.
|
|t:|1757088079
|-terastallize|p2a: Ursaluna|Water
|move|p2b: Dragonite|Protect|p2b: Dragonite
|-singleturn|p2b: Dragonite|Protect
|move|p1b: Electabuzz|Follow Me|p1b: Electabuzz
|-singleturn|p1b: Electabuzz|move: Follow Me
|move|p1a: Primarina|Moonblast|p2a: Ursaluna
|-damage|p2a: Ursaluna|2/100
|move|p2a: Ursaluna|Earth Power|p1b: Electabuzz
|-supereffective|p1b: Electabuzz
|-damage|p1b: Electabuzz|25/100
|
|-damage|p2b: Dragonite|76/100 brn|[from] brn
|upkeep
|turn|5
|
|t:|1757088103
|switch|p2a: Incineroar|Incineroar, L50, M, shiny|38/100
|-ability|p2a: Incineroar|Intimidate|boost
|-unboost|p1a: Primarina|atk|1
|-unboost|p1b: Electabuzz|atk|1
|move|p1b: Electabuzz|Protect|p1b: Electabuzz
|-singleturn|p1b: Electabuzz|Protect
|move|p2b: Dragonite|Scale Shot|p1b: Electabuzz
|-activate|p1b: Electabuzz|move: Protect
|move|p1a: Primarina|Hyper Voice|p2b: Dragonite|[spread] p2a,p2b
|-supereffective|p2a: Incineroar
|-resisted|p2b: Dragonite
|-damage|p2a: Incineroar|0 fnt
|-damage|p2b: Dragonite|58/100 brn
|faint|p2a: Incineroar
|-enditem|p1a: Primarina|Throat Spray
|-boost|p1a: Primarina|spa|1|[from] item: Throat Spray
|
|-damage|p2b: Dragonite|52/100 brn|[from] brn
|-sideend|p2: C0ozer|move: Tailwind
|-sideend|p1: crullvgc|move: Tailwind
|upkeep
|
|t:|1757088120
|switch|p2a: Sneasler|Sneasler, L50, M, shiny|100/100
|turn|6
|
|t:|1757088132
|move|p1b: Electabuzz|Follow Me|p1b: Electabuzz
|-singleturn|p1b: Electabuzz|move: Follow Me
|move|p2b: Dragonite|Haze|p2b: Dragonite
|-clearallboost
|move|p2a: Sneasler|Dire Claw|p1b: Electabuzz
|-damage|p1b: Electabuzz|0 fnt
|faint|p1b: Electabuzz
|move|p1a: Primarina|Moonblast|p2b: Dragonite
|-supereffective|p2b: Dragonite
|-damage|p2b: Dragonite|0 fnt
|faint|p2b: Dragonite
|
|upkeep
|
|t:|1757088143
|switch|p2b: Ursaluna|Ursaluna-Bloodmoon, L50, M, tera:Water|2/100
|turn|7
|
|t:|1757088159
|-terastallize|p1a: Primarina|Poison
|move|p2b: Ursaluna|Vacuum Wave|p1a: Primarina
|-resisted|p1a: Primarina
|-damage|p1a: Primarina|94/100
|move|p2a: Sneasler|Throat Chop|p1a: Primarina
|-damage|p1a: Primarina|59/100
|-start|p1a: Primarina|Throat Chop|[silent]
|cant|p1a: Primarina|move: Throat Chop
|
|upkeep
|turn|8
|c|☆crullvgc|lol good one
|
|t:|1757088175
|move|p2b: Ursaluna|Vacuum Wave|p1a: Primarina
|-resisted|p1a: Primarina
|-damage|p1a: Primarina|53/100
|move|p2a: Sneasler|Close Combat|p1a: Primarina
|-resisted|p1a: Primarina
|-damage|p1a: Primarina|15/100
|-unboost|p2a: Sneasler|def|1
|-unboost|p2a: Sneasler|spd|1
|move|p1a: Primarina|Moonblast|p2b: Ursaluna
|-damage|p2b: Ursaluna|0 fnt
|faint|p2b: Ursaluna
|
|-end|p1a: Primarina|Throat Chop|[silent]
|upkeep
|turn|9
|
|t:|1757088186
|move|p2a: Sneasler|Dire Claw|p1a: Primarina
|-resisted|p1a: Primarina
|-damage|p1a: Primarina|0 fnt
|faint|p1a: Primarina
|
|win|C0ozer
||C0ozer is ready for game 3.
