|j|☆TheGayOne420
|j|☆tamagotchai-04
|html|TheGayOne420tamagotchai-04    
|uhtml|bestof|Game 2 of a best-of-3
|t:|1785964201
|gametype|doubles
|player|p1|TheGayOne420|170|1100
|player|p2|tamagotchai-04|101|1156
|gen|9
|tier|[Gen 9 Champions] VGC 2026 Reg M-B (Bo3)
|rated|
|rule|Species Clause: Limit one of each Pokémon
|rule|Item Clause: Limit 1 of each item
|clearpoke
|poke|p1|Eelektross, L50, F|
|poke|p1|Sinistcha, L50|
|poke|p1|Staraptor, L50, M|
|poke|p1|Talonflame, L50, M|
|poke|p1|Incineroar, L50, M|
|poke|p1|Garchomp, L50, M|
|poke|p2|Garchomp, L50, M|
|poke|p2|Venusaur, L50, F|
|poke|p2|Incineroar, L50, M|
|poke|p2|Charizard, L50, F|
|poke|p2|Toxapex, L50, M|
|poke|p2|Annihilape, L50, F|
|teampreview|4
|showteam|p1|Eelektross||LifeOrb|Levitate|Thunderbolt,Flamethrower,Protect,GigaDrain|Modest||F|||50|]Sinistcha||OccaBerry|Hospitality|ShadowBall,MatchaGotcha,LifeDew,RagePowder|Modest|||||50|]Staraptor||Staraptite|Intimidate|CloseCombat,Roost,Protect,BraveBird|Jolly||M|||50|]Talonflame||FocusSash|GaleWings|DualWingbeat,FeatherDance,Protect,Tailwind|Adamant||M|||50|]Incineroar||SitrusBerry|Intimidate|FakeOut,FlareBlitz,PartingShot,DarkestLariat|Adamant||M|||50|]Garchomp||WideLens|SandVeil|RockSlide,DragonRush,Protect,Earthquake|Jolly||M|||50|
|showteam|p2|Garchomp||ChoiceScarf|RoughSkin|Earthquake,RockSlide,DragonClaw,StompingTantrum|Adamant||M|||50|]Venusaur||LifeOrb|Chlorophyll|SludgeBomb,SolarBeam,EarthPower,Protect|Modest||F|||50|]Incineroar||SitrusBerry|Intimidate|FakeOut,FlareBlitz,ThroatChop,PartingShot|Impish||M|||50|]Charizard||CharizarditeY|Blaze|HeatWave,WeatherBall,Protect,HelpingHand|Modest||F|||50|]Toxapex||Leftovers|Regenerator|Infestation,Toxic,WideGuard,BanefulBunker|Impish||M|||50|]Annihilape||FocusSash|Defiant|CloseCombat,PhantomForce,RockTomb,Protect|Jolly||F|||50|
|inactive|Battle timer is ON: inactive players will automatically lose when time's up. (requested by tamagotchai-04)
|inactive|TheGayOne420 has 60 seconds left.
|
|t:|1785964236
|teamsize|p1|4
|teamsize|p2|4
|start
|switch|p1a: Garchomp|Garchomp, L50, M|100/100
|switch|p1b: Talonflame|Talonflame, L50, M|100/100
|switch|p2a: Charizard|Charizard, L50, F|100/100
|switch|p2b: Annihilape|Annihilape, L50, F|100/100
|turn|1
|
|t:|1785964249
|switch|p2b: Garchomp|Garchomp, L50, M|100/100
|detailschange|p2a: Charizard|Charizard-Mega-Y, L50, F
|-mega|p2a: Charizard|Charizard|Charizardite Y
|-weather|SunnyDay|[from] ability: Drought|[of] p2a: Charizard
|move|p2a: Charizard|Protect|p2a: Charizard
|-singleturn|p2a: Charizard|Protect
|move|p1b: Talonflame|Tailwind|p1b: Talonflame
|-sidestart|p1: TheGayOne420|move: Tailwind
|move|p1a: Garchomp|Rock Slide|p2b: Garchomp|[spread] p2b
|-activate|p2a: Charizard|move: Protect
|-resisted|p2b: Garchomp|1
|-damage|p2b: Garchomp|90/100
|
|-weather|SunnyDay|[upkeep]
|upkeep
|turn|2
|
|t:|1785964268
|move|p1b: Talonflame|Feather Dance|p2b: Garchomp
|-unboost|p2b: Garchomp|atk|2
|move|p1a: Garchomp|Rock Slide|p2a: Charizard|[spread] p2a,p2b
|-supereffective|p2a: Charizard|2
|-resisted|p2b: Garchomp|1
|-damage|p2a: Charizard|27/100
|-damage|p2b: Garchomp|80/100
|cant|p2b: Garchomp|flinch
|move|p2a: Charizard|Heat Wave|p1b: Talonflame|[spread] p1a,p1b
|-resisted|p1a: Garchomp|1
|-resisted|p1b: Talonflame|1
|-damage|p1a: Garchomp|67/100
|-damage|p1b: Talonflame|53/100
|
|-weather|SunnyDay|[upkeep]
|upkeep
|turn|3
|
|t:|1785964289
|switch|p2a: Incineroar|Incineroar, L50, M|100/100
|-ability|p2a: Incineroar|Intimidate|boost
|-unboost|p1a: Garchomp|atk|1
|-unboost|p1b: Talonflame|atk|1
|move|p1b: Talonflame|Dual Wingbeat|p2a: Incineroar
|-damage|p2a: Incineroar|92/100
|-damage|p2a: Incineroar|83/100
|-hitcount|p2a: Incineroar|2
|move|p1a: Garchomp|Rock Slide|p2b: Garchomp|[spread] p2a,p2b
|-supereffective|p2a: Incineroar|1
|-resisted|p2b: Garchomp|1
|-damage|p2a: Incineroar|63/100
|-damage|p2b: Garchomp|74/100
|move|p2b: Garchomp|Dragon Claw|p1a: Garchomp
|-supereffective|p1a: Garchomp|1
|-damage|p1a: Garchomp|23/100
|
|-weather|SunnyDay|[upkeep]
|upkeep
|turn|4
|inactive|TheGayOne420 has 30 seconds left.
|
|t:|1785964317
|switch|p2a: Annihilape|Annihilape, L50, F|100/100
|move|p1b: Talonflame|Feather Dance|p2a: Annihilape
|-unboost|p2a: Annihilape|atk|2
|-ability|p2a: Annihilape|Defiant|boost
|-boost|p2a: Annihilape|atk|2
|move|p1a: Garchomp|Dragon Rush|p2b: Garchomp
|-supereffective|p2b: Garchomp|1
|-damage|p2b: Garchomp|3/100
|-damage|p1a: Garchomp|11/100|[from] ability: Rough Skin|[of] p2b: Garchomp
|move|p2b: Garchomp|Dragon Claw|p1a: Garchomp
|-supereffective|p1a: Garchomp|1
|-damage|p1a: Garchomp|0 fnt
|faint|p1a: Garchomp
|
|-weather|SunnyDay|[upkeep]
|-sideend|p1: TheGayOne420|move: Tailwind
|upkeep
|
|t:|1785964334
|switch|p1a: Sinistcha|Sinistcha, L50|100/100
|-heal|p1b: Talonflame|78/100|[from] ability: Hospitality|[of] p1a: Sinistcha
|turn|5
|
|t:|1785964352
|switch|p2b: Incineroar|Incineroar, L50, M|63/100
|-ability|p2b: Incineroar|Intimidate|boost
|-unboost|p1a: Sinistcha|atk|1
|-unboost|p1b: Talonflame|atk|1
|move|p1b: Talonflame|Tailwind|p1b: Talonflame
|-sidestart|p1: TheGayOne420|move: Tailwind
|move|p1a: Sinistcha|Matcha Gotcha|p2b: Incineroar|[spread] p2a,p2b
|-resisted|p2b: Incineroar|1
|-damage|p2a: Annihilape|67/100
|-damage|p2b: Incineroar|48/100
|-enditem|p2b: Incineroar|Sitrus Berry|[eat]
|-heal|p2b: Incineroar|72/100|[from] item: Sitrus Berry
|move|p2a: Annihilape|Rock Tomb|p1b: Talonflame
|-supereffective|p1b: Talonflame|2
|-damage|p1b: Talonflame|0 fnt
|faint|p1b: Talonflame
|
|-weather|none
|upkeep
|
|t:|1785964368
|switch|p1b: Staraptor|Staraptor, L50, M|100/100
|-ability|p1b: Staraptor|Intimidate|boost
|-unboost|p2a: Annihilape|atk|1
|-ability|p2a: Annihilape|Defiant|boost
|-boost|p2a: Annihilape|atk|2
|-unboost|p2b: Incineroar|atk|1
|turn|6
|inactive|TheGayOne420 has 30 seconds left.
|
|t:|1785964396
|detailschange|p1b: Staraptor|Staraptor-Mega, L50, M
|-mega|p1b: Staraptor|Staraptor|Staraptite
|move|p2a: Annihilape|Protect|p2a: Annihilape
|-singleturn|p2a: Annihilape|Protect
|move|p1a: Sinistcha|Rage Powder|p1a: Sinistcha
|-singleturn|p1a: Sinistcha|move: Rage Powder
|move|p1b: Staraptor|Brave Bird|p2a: Annihilape
|-activate|p2a: Annihilape|move: Protect
|move|p2b: Incineroar|Throat Chop|p1a: Sinistcha
|-supereffective|p1a: Sinistcha|1
|-damage|p1a: Sinistcha|53/100
|-start|p1a: Sinistcha|Throat Chop|[silent]
|
|upkeep
|turn|7
|
|t:|1785964413
|switch|p2a: Garchomp|Garchomp, L50, M|3/100
|move|p1a: Sinistcha|Rage Powder|p1a: Sinistcha
|-singleturn|p1a: Sinistcha|move: Rage Powder
|move|p1b: Staraptor|Brave Bird|p2a: Garchomp
|-damage|p2a: Garchomp|0 fnt
|-damage|p1b: Staraptor|87/100|[from] ability: Rough Skin|[of] p2a: Garchomp
|faint|p2a: Garchomp
|-damage|p1b: Staraptor|86/100|[from] Recoil
|move|p2b: Incineroar|Parting Shot|p1a: Sinistcha
|-unboost|p1a: Sinistcha|atk|1
|-unboost|p1a: Sinistcha|spa|1
|
|t:|1785964413
|switch|p2b: Charizard|Charizard-Mega-Y, L50, F|27/100|[from] Parting Shot
|-weather|SunnyDay|[from] ability: Drought|[of] p2b: Charizard
|
|-weather|SunnyDay|[upkeep]
|-end|p1a: Sinistcha|Throat Chop|[silent]
|upkeep
|
|t:|1785964413
|switch|p2a: Incineroar|Incineroar, L50, M|72/100
|-ability|p2a: Incineroar|Intimidate|boost
|-unboost|p1a: Sinistcha|atk|1
|-boost|p1b: Staraptor|atk|1
|turn|8
|inactive|TheGayOne420 has 30 seconds left.
|inactive|TheGayOne420 has 20 seconds left.
|inactive|TheGayOne420 has 15 seconds left.
|
|t:|1785964457
|move|p1b: Staraptor|Protect|p1b: Staraptor
|-singleturn|p1b: Staraptor|Protect
|move|p1a: Sinistcha|Life Dew|p1a: Sinistcha|[spread] p1a,p1b
|-heal|p1a: Sinistcha|78/100
|-heal|p1b: Staraptor|100/100
|move|p2b: Charizard|Heat Wave|p1a: Sinistcha|[spread] p1a
|-activate|p1b: Staraptor|move: Protect
|-supereffective|p1a: Sinistcha|1
|-enditem|p1a: Sinistcha|Occa Berry|[eat]
|-enditem|p1a: Sinistcha|Occa Berry|[weaken]
|-damage|p1a: Sinistcha|8/100
|move|p2a: Incineroar|Throat Chop|p1a: Sinistcha
|-supereffective|p1a: Sinistcha|1
|-damage|p1a: Sinistcha|0 fnt
|faint|p1a: Sinistcha
|
|-weather|SunnyDay|[upkeep]
|-sideend|p1: TheGayOne420|move: Tailwind
|upkeep
|turn|9
|
|t:|1785964481
|move|p1b: Staraptor|Close Combat|p2a: Incineroar
|-supereffective|p2a: Incineroar|1
|-damage|p2a: Incineroar|0 fnt
|-boost|p1b: Staraptor|def|1
|-boost|p1b: Staraptor|spd|1
|faint|p2a: Incineroar
|move|p2b: Charizard|Heat Wave|p1b: Staraptor
|-damage|p1b: Staraptor|38/100
|
|-weather|SunnyDay|[upkeep]
|upkeep
|
|t:|1785964481
|switch|p2a: Annihilape|Annihilape, L50, F|67/100
|turn|10
|
|t:|1785964496
|move|p1b: Staraptor|Roost|p1b: Staraptor
|-heal|p1b: Staraptor|88/100
|-singleturn|p1b: Staraptor|move: Roost
|move|p2a: Annihilape|Rock Tomb|p1b: Staraptor
|-resisted|p1b: Staraptor|1
|-damage|p1b: Staraptor|80/100
|-boost|p1b: Staraptor|spe|1
|move|p2b: Charizard|Heat Wave|p1b: Staraptor
|-damage|p1b: Staraptor|19/100
|
|-weather|SunnyDay|[upkeep]
|upkeep
|turn|11
|
|t:|1785964510
|move|p1b: Staraptor|Roost|p1b: Staraptor
|-heal|p1b: Staraptor|69/100
|-singleturn|p1b: Staraptor|move: Roost
|move|p2a: Annihilape|Close Combat|p1b: Staraptor
|-damage|p1b: Staraptor|28/100
|-unboost|p2a: Annihilape|def|1
|-unboost|p2a: Annihilape|spd|1
|move|p2b: Charizard|Weather Ball|p1b: Staraptor
|-damage|p1b: Staraptor|0 fnt
|faint|p1b: Staraptor
|
|win|tamagotchai-04
|raw|TheGayOne420's rating: 1100 → 1077(-23 for losing)
|raw|tamagotchai-04's rating: 1129 → 1152(+23 for winning)
