|j|☆Digao19
|j|☆clarocojones
|html|Digao19clarocojones    
|uhtml|bestof|Game 3 of a best-of-3
|t:|1786122973
|gametype|doubles
|player|p1|Digao19|266|1284
|player|p2|clarocojones|striker|1364
|gen|9
|tier|[Gen 9 Champions] VGC 2026 Reg M-B (Bo3)
|rated|
|rule|Species Clause: Limit one of each Pokémon
|rule|Item Clause: Limit 1 of each item
|clearpoke
|poke|p1|Charizard, L50, M, shiny|
|poke|p1|Venusaur, L50, M|
|poke|p1|Grimmsnarl, L50, M|
|poke|p1|Archaludon, L50, F|
|poke|p1|Pelipper, L50, F|
|poke|p1|Swampert, L50, F|
|poke|p2|Floette-Eternal, L50, F|
|poke|p2|Incineroar, L50, F, shiny|
|poke|p2|Sinistcha-Masterpiece, L50, shiny|
|poke|p2|Milotic, L50, M|
|poke|p2|Raichu, L50, F|
|poke|p2|Ceruledge, L50, M|
|teampreview|4
|showteam|p1|Charizard||CharizarditeY|Blaze|HeatWave,Hurricane,WeatherBall,Protect|Modest||M|||50|]Venusaur||FocusSash|Chlorophyll|LeafStorm,SludgeBomb,SleepPowder,Protect|Timid||M|||50|]Grimmsnarl||LightClay|Prankster|SpiritBreak,PartingShot,LightScreen,Reflect|Careful||M|||50|]Archaludon||Leftovers|Stamina|ElectroShot,DragonPulse,FlashCannon,Protect|Bold||F|||50|]Pelipper||SitrusBerry|Drizzle|WeatherBall,Hurricane,Tailwind,WideGuard|Modest||F|||50|]Swampert||Swampertite|Damp|WaveCrash,Earthquake,IcePunch,Protect|Adamant||F|||50|
|showteam|p2|Floette-Eternal||Floettite|FlowerVeil|Moonblast,DazzlingGleam,CalmMind,Protect|Modest||F|||50|]Incineroar||SitrusBerry|Intimidate|FakeOut,PartingShot,ThroatChop,FlareBlitz|Careful||F|||50|]Sinistcha-Masterpiece||KasibBerry|Hospitality|MatchaGotcha,LifeDew,RagePowder,TrickRoom|Bold|||||50|]Milotic||Leftovers|Competitive|MuddyWater,Coil,Hypnosis,Recover|Calm||M|||50|]Raichu||RaichuniteY|Static|FakeOut,ZapCannon,FocusBlast,Protect|Timid||F|||50|]Ceruledge||ColburBerry|FlashFire|BitterBlade,ShadowSneak,BulkUp,Protect|Adamant||M|||50|
|inactive|Battle timer is ON: inactive players will automatically lose when time's up. (requested by clarocojones)
|
|t:|1786123004
|teamsize|p1|4
|teamsize|p2|4
|start
|switch|p1a: Swampert|Swampert, L50, F|100/100
|switch|p1b: Pelipper|Pelipper, L50, F|100/100
|switch|p2a: Friends Take|Incineroar, L50, F, shiny|100/100
|switch|p2b: Felicidad|Floette-Eternal, L50, F|100/100
|-ability|p2a: Friends Take|Intimidate|boost
|-unboost|p1a: Swampert|atk|1
|-unboost|p1b: Pelipper|atk|1
|-weather|RainDance|[from] ability: Drizzle|[of] p1b: Pelipper
|turn|1
|
|t:|1786123016
|switch|p1a: Archaludon|Archaludon, L50, F|100/100
|detailschange|p2b: Felicidad|Floette-Mega, L50, F
|-mega|p2b: Felicidad|Floette|Floettite
|-ability|p2b: Felicidad|Fairy Aura
|move|p2a: Friends Take|Fake Out|p1a: Archaludon
|-resisted|p1a: Archaludon|1
|-damage|p1a: Archaludon|96/100
|-ability|p1a: Archaludon|Stamina|boost
|-boost|p1a: Archaludon|def|1
|move|p2b: Felicidad|Moonblast|p1b: Pelipper
|-damage|p1b: Pelipper|10/100
|-enditem|p1b: Pelipper|Sitrus Berry|[eat]
|-heal|p1b: Pelipper|35/100|[from] item: Sitrus Berry
|move|p1b: Pelipper|Weather Ball|p2a: Friends Take
|-supereffective|p2a: Friends Take|1
|-damage|p2a: Friends Take|6/100
|-enditem|p2a: Friends Take|Sitrus Berry|[eat]
|-heal|p2a: Friends Take|31/100|[from] item: Sitrus Berry
|
|-weather|RainDance|[upkeep]
|-heal|p1a: Archaludon|100/100|[from] item: Leftovers
|upkeep
|turn|2
|inactive|Digao19 has 30 seconds left.
|
|t:|1786123041
|move|p2b: Felicidad|Moonblast|p1b: Pelipper
|-damage|p1b: Pelipper|0 fnt
|faint|p1b: Pelipper
|move|p1a: Archaludon|Electro Shot||[still]
|-prepare|p1a: Archaludon|Electro Shot
|-boost|p1a: Archaludon|spa|1
|-anim|p1a: Archaludon|Electro Shot|p2b: Felicidad
|-damage|p2b: Felicidad|60/100
|move|p2a: Friends Take|Parting Shot|p1a: Archaludon
|-unboost|p1a: Archaludon|atk|1
|-unboost|p1a: Archaludon|spa|1
|
|t:|1786123049
|switch|p2a: DON JULIO|Sinistcha-Masterpiece, L50, shiny|100/100|[from] Parting Shot
|-heal|p2b: Felicidad|85/100|[from] ability: Hospitality|[of] p2a: DON JULIO
|
|-weather|RainDance|[upkeep]
|upkeep
|
|t:|1786123058
|switch|p1b: Venusaur|Venusaur, L50, M|100/100
|turn|3
|
|t:|1786123081
|move|p2a: DON JULIO|Rage Powder|p2a: DON JULIO
|-singleturn|p2a: DON JULIO|move: Rage Powder
|move|p1b: Venusaur|Sludge Bomb|p2b: Felicidad
|-supereffective|p2b: Felicidad|1
|-damage|p2b: Felicidad|28/100
|move|p2b: Felicidad|Calm Mind|p2b: Felicidad
|-boost|p2b: Felicidad|spa|1
|-boost|p2b: Felicidad|spd|1
|move|p1a: Archaludon|Electro Shot||[still]
|-prepare|p1a: Archaludon|Electro Shot
|-boost|p1a: Archaludon|spa|1
|-anim|p1a: Archaludon|Electro Shot|p2a: DON JULIO
|-resisted|p2a: DON JULIO|1
|-damage|p2a: DON JULIO|76/100
|
|-weather|RainDance|[upkeep]
|upkeep
|turn|4
|
|t:|1786123100
|switch|p2a: Friends Take|Incineroar, L50, F, shiny|31/100
|-ability|p2a: Friends Take|Intimidate|boost
|-unboost|p1a: Archaludon|atk|1
|-unboost|p1b: Venusaur|atk|1
|move|p2b: Felicidad|Protect|p2b: Felicidad
|-singleturn|p2b: Felicidad|Protect
|move|p1b: Venusaur|Sludge Bomb|p2b: Felicidad
|-activate|p2b: Felicidad|move: Protect
|move|p1a: Archaludon|Electro Shot||[still]
|-prepare|p1a: Archaludon|Electro Shot
|-boost|p1a: Archaludon|spa|1
|-anim|p1a: Archaludon|Electro Shot|p2b: Felicidad
|-activate|p2b: Felicidad|move: Protect
|
|-weather|RainDance|[upkeep]
|upkeep
|turn|5
|
|t:|1786123124
|move|p1b: Venusaur|Protect|p1b: Venusaur
|-singleturn|p1b: Venusaur|Protect
|move|p2a: Friends Take|Fake Out|p1b: Venusaur
|-activate|p1b: Venusaur|move: Protect
|move|p2b: Felicidad|Moonblast|p1a: Archaludon
|-damage|p1a: Archaludon|0 fnt
|faint|p1a: Archaludon
|
|-weather|none
|upkeep
|
|t:|1786123132
|switch|p1a: Swampert|Swampert, L50, F|100/100
|turn|6
|
|t:|1786123145
|detailschange|p1a: Swampert|Swampert-Mega, L50, F
|-mega|p1a: Swampert|Swampert|Swampertite
|move|p2b: Felicidad|Protect|p2b: Felicidad
|-singleturn|p2b: Felicidad|Protect
|move|p1b: Venusaur|Sludge Bomb|p2a: Friends Take
|-damage|p2a: Friends Take|1/100
|move|p1a: Swampert|Wave Crash|p2b: Felicidad
|-activate|p2b: Felicidad|move: Protect
|move|p2a: Friends Take|Parting Shot|p1a: Swampert
|-unboost|p1a: Swampert|atk|1
|-unboost|p1a: Swampert|spa|1
|
|t:|1786123151
|switch|p2a: DON JULIO|Sinistcha-Masterpiece, L50, shiny|76/100|[from] Parting Shot
|-heal|p2b: Felicidad|53/100|[from] ability: Hospitality|[of] p2a: DON JULIO
|
|upkeep
|turn|7
|
|t:|1786123164
|move|p1b: Venusaur|Sludge Bomb|p2b: Felicidad
|-supereffective|p2b: Felicidad|1
|-damage|p2b: Felicidad|16/100
|move|p2b: Felicidad|Dazzling Gleam|p1b: Venusaur|[spread] p1a,p1b
|-crit|p1a: Swampert
|-resisted|p1b: Venusaur|1
|-damage|p1a: Swampert|1/100
|-damage|p1b: Venusaur|60/100
|move|p1a: Swampert|Wave Crash|p2b: Felicidad
|-crit|p2b: Felicidad
|-damage|p2b: Felicidad|0 fnt
|faint|p2b: Felicidad
|-damage|p1a: Swampert|0 fnt|[from] Recoil
|faint|p1a: Swampert
|move|p2a: DON JULIO|Matcha Gotcha|p1b: Venusaur
|-resisted|p1b: Venusaur|2
|-damage|p1b: Venusaur|51/100
|-heal|p2a: DON JULIO|80/100|[from] drain|[of] p1b: Venusaur
|-status|p1b: Venusaur|brn
|
|-damage|p1b: Venusaur|45/100 brn|[from] brn
|upkeep
|
|t:|1786123176
|switch|p2b: Friends Take|Incineroar, L50, F, shiny|1/100
|-ability|p2b: Friends Take|Intimidate|boost
|-unboost|p1b: Venusaur|atk|1
|turn|8
|
|t:|1786123179
|move|p1b: Venusaur|Protect|p1b: Venusaur
|-singleturn|p1b: Venusaur|Protect
|move|p2b: Friends Take|Fake Out|p1b: Venusaur
|-activate|p1b: Venusaur|move: Protect
|move|p2a: DON JULIO|Trick Room|p2a: DON JULIO
|-fieldstart|move: Trick Room|[of] p2a: DON JULIO
|
|-damage|p1b: Venusaur|40/100 brn|[from] brn
|upkeep
|turn|9
|-message|Digao19 forfeited.
|raw|Digao19's rating: 1284 → 1265(-19 for losing)
|raw|clarocojones's rating: 1364 → 1379(+15 for winning)
|
|win|clarocojones
