|j|☆CalliopeOKBH
|j|☆pollonetor
|html|CalliopeOKBHpollonetor    
|uhtml|bestof|Game 3 of a best-of-3
|t:|1757202135
|gametype|doubles
|player|p1|CalliopeOKBH|zinnia|1108
|player|p2|pollonetor|2|1053
|gen|9
|tier|[Gen 9] VGC 2025 Reg H (Bo3)
|rated|
|rule|Species Clause: Limit one of each Pokémon
|rule|Item Clause: Limit 1 of each item
|clearpoke
|poke|p1|Indeedee, L50, M|
|poke|p1|Sneasler, L50, F|
|poke|p1|Hatterene, L50, F|
|poke|p1|Ursaluna-Bloodmoon, L50, M|
|poke|p1|Kingambit, L50, F|
|poke|p1|Gallade, L50, M|
|poke|p2|Conkeldurr, L50, M|
|poke|p2|Skeledirge, L50, M|
|poke|p2|Indeedee-F, L50, F|
|poke|p2|Arboliva, L50, M|
|poke|p2|Basculegion, L50, M|
|poke|p2|Hatterene, L50, F|
|teampreview|4
|showteam|p1|Indeedee||SitrusBerry|PsychicSurge|ExpandingForce,DazzlingGleam,Protect,TrickRoom|||M|||50|,,,,,Steel]Sneasler||PsychicSeed|Unburden|CloseCombat,DireClaw,ThroatChop,Protect|||F|||50|,,,,,Dark]Hatterene||LifeOrb|MagicBounce|Trick,ExpandingForce,DazzlingGleam,Protect|||F|||50|,,,,,Psychic]Ursaluna-Bloodmoon||Leftovers|MindsEye|BloodMoon,HyperVoice,EarthPower,CalmMind|||M|||50|,,,,,Normal]Kingambit||AssaultVest|Defiant|KowtowCleave,LowKick,IronHead,SuckerPunch|||F|||50|,,,,,Fire]Gallade||ClearAmulet|Sharpness|SacredSword,PsychoCut,TrickRoom,WideGuard|||M|||50|,,,,,Ghost
|showteam|p2|Conkeldurr||FlameOrb|Guts|DrainPunch,Facade,KnockOff,Protect|||M|||50|,,,,,Steel]Skeledirge||ThroatSpray|Unaware|HyperVoice,TorchSong,ShadowBall,Protect|||M|||50|,,,,,Dark]Indeedee-F||PsychicSeed|PsychicSurge|Psychic,FollowMe,HelpingHand,TrickRoom|||F|||50|,,,,,Water]Arboliva||Leftovers|SeedSower|LeechSeed,HyperVoice,GigaDrain,StrengthSap|||M|||50|,,,,,Grass]Basculegion||ChoiceBand|Adaptability|WaveCrash,LastRespects,PhantomForce,Outrage|||M|||50|,,,,,Water]Hatterene||LifeOrb|MagicBounce|DazzlingGleam,ExpandingForce,Protect,TrickRoom|||F|||50|,,,,,Dark
|inactive|Battle timer is ON: inactive players will automatically lose when time's up. (requested by CalliopeOKBH)
|
|t:|1757202162
|teamsize|p1|4
|teamsize|p2|4
|start
|switch|p1a: Indeedee|Indeedee, L50, M|100/100
|switch|p1b: Sneasler|Sneasler, L50, F|100/100
|switch|p2a: Indeedee|Indeedee-F, L50, F|100/100
|switch|p2b: Basculegion|Basculegion, L50, M|100/100
|-fieldstart|move: Psychic Terrain|[from] ability: Psychic Surge|[of] p1a: Indeedee
|-enditem|p1b: Sneasler|Psychic Seed
|-boost|p1b: Sneasler|spd|1|[from] item: Psychic Seed
|-enditem|p2a: Indeedee|Psychic Seed
|-boost|p2a: Indeedee|spd|1|[from] item: Psychic Seed
|turn|1
|
|t:|1757202184
|-terastallize|p1b: Sneasler|Dark
|-terastallize|p2b: Basculegion|Water
|move|p2a: Indeedee|Follow Me|p2a: Indeedee
|-singleturn|p2a: Indeedee|move: Follow Me
|move|p1b: Sneasler|Dire Claw|p2a: Indeedee
|-damage|p2a: Indeedee|59/100
|move|p1a: Indeedee|Expanding Force|p2b: Basculegion|[spread] p2a,p2b
|-resisted|p2a: Indeedee
|-damage|p2a: Indeedee|41/100
|-damage|p2b: Basculegion|48/100
|move|p2b: Basculegion|Wave Crash|p1b: Sneasler
|-damage|p1b: Sneasler|0 fnt
|faint|p1b: Sneasler
|-damage|p2b: Basculegion|25/100|[from] Recoil
|
|upkeep
|
|t:|1757202196
|switch|p1b: Kingambit|Kingambit, L50, F|100/100
|turn|2
|
|t:|1757202209
|switch|p2b: Arboliva|Arboliva, L50, M|100/100
|move|p1a: Indeedee|Expanding Force|p2a: Indeedee|[spread] p2a,p2b
|-resisted|p2a: Indeedee
|-damage|p2a: Indeedee|24/100
|-damage|p2b: Arboliva|49/100
|-fieldstart|move: Grassy Terrain|[from] ability: Seed Sower|[of] p2b: Arboliva
|move|p1b: Kingambit|Kowtow Cleave|p2b: Arboliva
|-crit|p2b: Arboliva
|-damage|p2b: Arboliva|0 fnt
|faint|p2b: Arboliva
|move|p2a: Indeedee|Trick Room|p2a: Indeedee
|-fieldstart|move: Trick Room|[of] p2a: Indeedee
|
|-heal|p2a: Indeedee|30/100|[from] Grassy Terrain
|upkeep
|
|t:|1757202216
|switch|p2b: Hatterene|Hatterene, L50, F|100/100
|turn|3
|
|t:|1757202229
|move|p2a: Indeedee|Follow Me|p2a: Indeedee
|-singleturn|p2a: Indeedee|move: Follow Me
|move|p2b: Hatterene|Dazzling Gleam|p1a: Indeedee|[spread] p1a,p1b
|-damage|p1a: Indeedee|45/100
|-damage|p1b: Kingambit|69/100
|-enditem|p1a: Indeedee|Sitrus Berry|[eat]
|-heal|p1a: Indeedee|70/100|[from] item: Sitrus Berry
|-damage|p2b: Hatterene|91/100|[from] item: Life Orb
|move|p1b: Kingambit|Iron Head|p2a: Indeedee
|-damage|p2a: Indeedee|0 fnt
|faint|p2a: Indeedee
|move|p1a: Indeedee|Dazzling Gleam|p2b: Hatterene
|-damage|p2b: Hatterene|65/100
|
|-heal|p2b: Hatterene|71/100|[from] Grassy Terrain
|-heal|p1b: Kingambit|75/100|[from] Grassy Terrain
|-heal|p1a: Indeedee|76/100|[from] Grassy Terrain
|upkeep
|
|t:|1757202240
|switch|p2a: Basculegion|Basculegion, L50, M, tera:Water|25/100
|turn|4
|
|t:|1757202255
|move|p1b: Kingambit|Sucker Punch|p2a: Basculegion
|-damage|p2a: Basculegion|0 fnt
|faint|p2a: Basculegion
|move|p2b: Hatterene|Dazzling Gleam|p1a: Indeedee|[spread] p1a,p1b
|-damage|p1a: Indeedee|23/100
|-damage|p1b: Kingambit|47/100
|-damage|p2b: Hatterene|61/100|[from] item: Life Orb
|move|p1a: Indeedee|Dazzling Gleam|p2b: Hatterene
|-damage|p2b: Hatterene|32/100
|
|-heal|p2b: Hatterene|38/100|[from] Grassy Terrain
|-heal|p1b: Kingambit|53/100|[from] Grassy Terrain
|-heal|p1a: Indeedee|29/100|[from] Grassy Terrain
|upkeep
|turn|5
|
|t:|1757202262
|move|p2b: Hatterene|Dazzling Gleam|p1b: Kingambit|[spread] p1a,p1b
|-damage|p1a: Indeedee|0 fnt
|-damage|p1b: Kingambit|23/100
|faint|p1a: Indeedee
|-damage|p2b: Hatterene|29/100|[from] item: Life Orb
|move|p1b: Kingambit|Iron Head|p2b: Hatterene
|-supereffective|p2b: Hatterene
|-damage|p2b: Hatterene|0 fnt
|faint|p2b: Hatterene
|
|win|CalliopeOKBH
|raw|CalliopeOKBH's rating: 1108 → 1129(+21 for winning)
|raw|pollonetor's rating: 1053 → 1038(-15 for losing)
|l|☆pollonetor
|player|p2|
|l|☆CalliopeOKBH
|player|p1|
|j|☆CalliopeOKBH
|player|p1|CalliopeOKBH|zinnia|
