|j|☆gamma_90
|j|☆pronounced_bilth
|html|gamma_90pronounced_bilth    
|uhtml|bestof|Game 1 of a best-of-3
|t:|1782966705
|gametype|doubles
|player|p1|gamma_90|101|1092
|player|p2|pronounced_bilth|li|1005
|gen|9
|tier|[Gen 9 Champions] VGC 2026 Reg M-B (Bo3)
|rated|
|rule|Species Clause: Limit one of each Pokémon
|rule|Item Clause: Limit 1 of each item
|clearpoke
|poke|p1|Annihilape, L50, M|
|poke|p1|Incineroar, L50, M|
|poke|p1|Delphox, L50, M|
|poke|p1|Maushold-Four, L50|
|poke|p1|Froslass, L50, F|
|poke|p1|Gholdengo, L50|
|poke|p2|Raichu, L50, F|
|poke|p2|Jolteon, L50, M|
|poke|p2|Swampert, L50, M|
|poke|p2|Archaludon, L50, F|
|poke|p2|Sinistcha, L50|
|poke|p2|Pelipper, L50, F|
|teampreview|4
|showteam|p1|Annihilape||Leftovers|Defiant|DrainPunch,RageFist,BulkUp,Protect|Adamant||M|||50|]Incineroar||PasshoBerry|Intimidate|PartingShot,DarkestLariat,WillOWisp,FakeOut|Careful||M|||50|]Delphox||Delphoxite|Blaze|HeatWave,Psychic,NastyPlot,Protect|Timid||M|||50|]Maushold-Four||ChopleBerry|FriendGuard|BeatUp,FollowMe,Taunt,Protect|Timid|||||50|]Froslass||Froslassite|SnowCloak|Blizzard,ShadowBall,AuroraVeil,Protect|Timid||F|||50|]Gholdengo||ChoiceScarf|GoodasGold|MakeItRain,ShadowBall,FlashCannon,PowerGem|Timid|||||50|
|showteam|p2|Raichu||RaichuniteX|LightningRod|FakeOut,Encore,RisingVoltage,Protect|Timid||F|||50|]Jolteon||FocusSash|VoltAbsorb|Thunder,Discharge,RainDance,Detect|Timid||M|||50|]Swampert||Swampertite|Torrent|WaveCrash,Earthquake,IcePunch,Protect|Adamant||M|||50|]Archaludon||Leftovers|Stamina|ElectroShot,AuraSphere,FlashCannon,DracoMeteor|Timid||F|||50|]Sinistcha||LifeOrb|Hospitality|RagePowder,MatchaGotcha,LifeDew,Imprison|Bold|||||50|]Pelipper||SitrusBerry|Drizzle|Tailwind,Hurricane,WeatherBall,WideGuard|Timid||F|||50|
|
|t:|1782966746
|teamsize|p1|4
|teamsize|p2|4
|start
|switch|p1a: Annihilape|Annihilape, L50, M|100/100
|switch|p1b: Maushold|Maushold-Four, L50|100/100
|switch|p2a: Raichu|Raichu, L50, F|100/100
|switch|p2b: Jolteon|Jolteon, L50, M|100/100
|turn|1
|
|t:|1782966771
|detailschange|p2a: Raichu|Raichu-Mega-X, L50, F
|-mega|p2a: Raichu|Raichu|Raichunite X
|-fieldstart|move: Electric Terrain|[from] ability: Electric Surge|[of] p2a: Raichu
|move|p1b: Maushold|Protect|p1b: Maushold
|-singleturn|p1b: Maushold|Protect
|move|p2b: Jolteon|Discharge|p1b: Maushold|[spread] p2a,p1a
|-activate|p1b: Maushold|move: Protect
|-resisted|p2a: Raichu|1
|-damage|p2a: Raichu|76/100
|-damage|p1a: Annihilape|78/100
|move|p2a: Raichu|Rising Voltage|p1a: Annihilape
|-hint|Rising Voltage's BP doubled on grounded target.
|-damage|p1a: Annihilape|28/100
|move|p1a: Annihilape|Bulk Up|p1a: Annihilape
|-boost|p1a: Annihilape|atk|1
|-boost|p1a: Annihilape|def|1
|
|-heal|p1a: Annihilape|34/100|[from] item: Leftovers
|upkeep
|turn|2
|
|t:|1782966825
|move|p1b: Maushold|Follow Me|p1b: Maushold
|-singleturn|p1b: Maushold|move: Follow Me
|move|p2b: Jolteon|Discharge|p1a: Annihilape|[spread] p2a,p1a,p1b
|-resisted|p2a: Raichu|1
|-damage|p2a: Raichu|49/100
|-damage|p1a: Annihilape|12/100
|-damage|p1b: Maushold|56/100
|move|p2a: Raichu|Rising Voltage|p1b: Maushold
|-hint|Rising Voltage's BP doubled on grounded target.
|-damage|p1b: Maushold|0 fnt
|faint|p1b: Maushold
|move|p1a: Annihilape|Drain Punch|p2b: Jolteon
|-enditem|p2b: Jolteon|Focus Sash
|-damage|p2b: Jolteon|1/100
|-heal|p1a: Annihilape|45/100|[from] drain|[of] p2b: Jolteon
|
|-heal|p1a: Annihilape|51/100|[from] item: Leftovers
|upkeep
|
|t:|1782966832
|switch|p1b: Incineroar|Incineroar, L50, M|100/100
|-ability|p1b: Incineroar|Intimidate|boost
|-unboost|p2a: Raichu|atk|1
|-unboost|p2b: Jolteon|atk|1
|turn|3
|
|t:|1782966854
|move|p2b: Jolteon|Detect|p2b: Jolteon
|-singleturn|p2b: Jolteon|Protect
|move|p2a: Raichu|Protect|p2a: Raichu
|-singleturn|p2a: Raichu|Protect
|move|p1b: Incineroar|Fake Out|p2b: Jolteon
|-activate|p2b: Jolteon|move: Protect
|move|p1a: Annihilape|Drain Punch|p2a: Raichu
|-activate|p2a: Raichu|move: Protect
|
|-heal|p1a: Annihilape|57/100|[from] item: Leftovers
|upkeep
|turn|4
|
|t:|1782966879
|move|p1a: Annihilape|Protect|p1a: Annihilape
|-singleturn|p1a: Annihilape|Protect
|move|p2b: Jolteon|Rain Dance|p2b: Jolteon
|-weather|RainDance
|move|p2a: Raichu|Rising Voltage|p1a: Annihilape
|-activate|p1a: Annihilape|move: Protect
|move|p1b: Incineroar|Darkest Lariat|p2a: Raichu
|-damage|p2a: Raichu|2/100
|
|-weather|RainDance|[upkeep]
|-heal|p1a: Annihilape|63/100|[from] item: Leftovers
|upkeep
|turn|5
|inactive|Battle timer is ON: inactive players will automatically lose when time's up. (requested by gamma_90)
|
|t:|1782966934
|switch|p1b: Froslass|Froslass, L50, F|100/100
|move|p2b: Jolteon|Thunder|p1a: Annihilape
|-damage|p1a: Annihilape|10/100
|-status|p1a: Annihilape|par
|move|p2a: Raichu|Rising Voltage|p1a: Annihilape
|-hint|Rising Voltage's BP doubled on grounded target.
|-damage|p1a: Annihilape|0 fnt
|faint|p1a: Annihilape
|
|-weather|RainDance|[upkeep]
|-fieldend|move: Electric Terrain
|upkeep
|
|t:|1782966940
|switch|p1a: Incineroar|Incineroar, L50, M|100/100
|-ability|p1a: Incineroar|Intimidate|boost
|-unboost|p2a: Raichu|atk|1
|-unboost|p2b: Jolteon|atk|1
|turn|6
|
|t:|1782966959
|switch|p2a: Sinistcha|Sinistcha, L50|100/100
|-heal|p2b: Jolteon|25/100|[from] ability: Hospitality|[of] p2a: Sinistcha
|detailschange|p1b: Froslass|Froslass-Mega, L50, F
|-mega|p1b: Froslass|Froslass|Froslassite
|-weather|Snowscape|[from] ability: Snow Warning|[of] p1b: Froslass
|move|p2b: Jolteon|Detect|p2b: Jolteon
|-singleturn|p2b: Jolteon|Protect
|move|p1b: Froslass|Aurora Veil|p1b: Froslass
|-sidestart|p1: gamma_90|move: Aurora Veil
|move|p1a: Incineroar|Darkest Lariat|p2b: Jolteon
|-activate|p2b: Jolteon|move: Protect
|
|-weather|Snowscape|[upkeep]
|upkeep
|turn|7
|inactive|gamma_90 has 30 seconds left.
|inactive|pronounced_bilth has 30 seconds left.
|inactive|pronounced_bilth has 20 seconds left.
|inactive|pronounced_bilth has 15 seconds left.
|inactive|pronounced_bilth has 10 seconds left.
|inactive|pronounced_bilth has 5 seconds left.
|
|t:|1782967013
|move|p2a: Sinistcha|Rage Powder|p2a: Sinistcha
|-singleturn|p2a: Sinistcha|move: Rage Powder
|move|p2b: Jolteon|Rain Dance|p2b: Jolteon
|-weather|RainDance
|move|p1b: Froslass|Blizzard|p2a: Sinistcha|[spread] p2a,p2b
|-supereffective|p2a: Sinistcha|1
|-damage|p2a: Sinistcha|8/100
|-damage|p2b: Jolteon|0 fnt
|faint|p2b: Jolteon
|move|p1a: Incineroar|Darkest Lariat|p2a: Sinistcha
|-supereffective|p2a: Sinistcha|1
|-damage|p2a: Sinistcha|0 fnt
|faint|p2a: Sinistcha
|
|-weather|RainDance|[upkeep]
|upkeep
|
|t:|1782967024
|switch|p2b: Raichu|Raichu-Mega-X, L50, F|2/100
|switch|p2a: Archaludon|Archaludon, L50, F|100/100
|-fieldstart|move: Electric Terrain|[from] ability: Electric Surge|[of] p2b: Raichu
|turn|8
|inactive|gamma_90 has 30 seconds left.
|
|t:|1782967057
|move|p2b: Raichu|Fake Out|p1a: Incineroar
|-damage|p1a: Incineroar|93/100
|move|p1b: Froslass|Shadow Ball|p2a: Archaludon
|-damage|p2a: Archaludon|34/100
|-unboost|p2a: Archaludon|spd|1
|-ability|p2a: Archaludon|Stamina|boost
|-boost|p2a: Archaludon|def|1
|move|p2a: Archaludon|Flash Cannon|p1b: Froslass
|-supereffective|p1b: Froslass|1
|-damage|p1b: Froslass|39/100
|cant|p1a: Incineroar|flinch
|
|-weather|RainDance|[upkeep]
|-heal|p2a: Archaludon|40/100|[from] item: Leftovers
|upkeep
|turn|9
|
|t:|1782967078
|move|p1b: Froslass|Shadow Ball|p2a: Archaludon
|-damage|p2a: Archaludon|0 fnt
|faint|p2a: Archaludon
|move|p2b: Raichu|Rising Voltage|p1b: Froslass
|-hint|Rising Voltage's BP doubled on grounded target.
|-damage|p1b: Froslass|0 fnt
|faint|p1b: Froslass
|move|p1a: Incineroar|Darkest Lariat|p2b: Raichu
|-damage|p2b: Raichu|0 fnt
|faint|p2b: Raichu
|
|win|gamma_90
||gamma_90 is ready for game 2.
|inactive|pronounced_bilth has 30 seconds to confirm battle start!
||pronounced_bilth is ready for game 2.
|uhtml|next|Next: Game 2 of 3
|l|☆pronounced_bilth
|player|p2|
