|j|☆kariuus
|j|☆ew stinky monkey
|html|kariuusew stinky monkey    
|uhtml|bestof|Game 2 of a best-of-3
|t:|1756502205
|gametype|doubles
|player|p1|kariuus|102|1067
|player|p2|ew stinky monkey|beauty-gen2jp|1000
|gen|9
|tier|[Gen 9] VGC 2025 Reg H (Bo3)
|rated|
|rule|Species Clause: Limit one of each Pokémon
|rule|Item Clause: Limit 1 of each item
|clearpoke
|poke|p1|Annihilape, L50, M|
|poke|p1|Sinistcha, L50|
|poke|p1|Ursaluna, L50, F|
|poke|p1|Pelipper, L50, M|
|poke|p1|Maushold, L50|
|poke|p1|Archaludon, L50, F|
|poke|p2|Indeedee-F, L50, F|
|poke|p2|Delphox, L50, M|
|poke|p2|Dragonite, L50, F|
|poke|p2|Annihilape, L50, F|
|poke|p2|Ursaluna, L50, F|
|poke|p2|Porygon2, L50|
|teampreview|4
|showteam|p1|Annihilape||Leftovers|Defiant|DrainPunch,RageFist,BulkUp,Protect|||M|||50|,,,,,Water]Sinistcha||SitrusBerry|Hospitality|MatchaGotcha,RagePowder,LifeDew,Protect||||||50|,,,,,Water]Ursaluna||FlameOrb|Guts|Facade,HeadlongRush,Earthquake,Protect|||F|||50|,,,,,Ghost]Pelipper||FocusSash|Drizzle|WeatherBall,Protect,Tailwind,Hurricane|||M|||50|,,,,,Ghost]Maushold||SafetyGoggles|FriendGuard|Taunt,BeatUp,FollowMe,Protect||||||50|,,,,,Ghost]Archaludon||AssaultVest|Stamina|DracoMeteor,ElectroShot,Snarl,BodyPress|||F|||50|,,,,,Bug
|showteam|p2|Indeedee-F||SitrusBerry|PsychicSurge|Protect,HelpingHand,FollowMe,Psychic|||F|||50|,,,,,Fairy]Delphox||LifeOrb|Blaze|Protect,ExpandingForce,Flamethrower,TeraBlast|||M|||50|,,,,,Fighting]Dragonite||LoadedDice|Multiscale|Protect,ScaleShot,LowKick,Tailwind|||F|||50|,,,,,Fairy]Annihilape||SafetyGoggles|Defiant|RageFist,CloseCombat,Coaching,Taunt|||F|||50|,,,,,Steel]Ursaluna||FlameOrb|Guts|Protect,HeadlongRush,Earthquake,Facade|||F|||50|,,,,,Water]Porygon2||Eviolite|Download|TeraBlast,IceBeam,TrickRoom,Recover||||||50|,,,,,Ground
|
|t:|1756502268
|teamsize|p1|4
|teamsize|p2|4
|start
|switch|p1a: Pelipper|Pelipper, L50, M|100/100
|switch|p1b: Archaludon|Archaludon, L50, F|100/100
|switch|p2a: Indeedee|Indeedee-F, L50, F|100/100
|switch|p2b: Delphox|Delphox, L50, M|100/100
|-fieldstart|move: Psychic Terrain|[from] ability: Psychic Surge|[of] p2a: Indeedee
|-weather|RainDance|[from] ability: Drizzle|[of] p1a: Pelipper
|turn|1
|
|t:|1756502311
|-terastallize|p2b: Delphox|Fighting
|move|p2a: Indeedee|Helping Hand|p2b: Delphox
|-singleturn|p2b: Delphox|Helping Hand|[of] p2a: Indeedee
|move|p2b: Delphox|Tera Blast|p1b: Archaludon|[anim] Tera Blast Fighting
|-supereffective|p1b: Archaludon
|-damage|p1b: Archaludon|0 fnt
|faint|p1b: Archaludon
|-damage|p2b: Delphox|91/100|[from] item: Life Orb
|move|p1a: Pelipper|Weather Ball|p2b: Delphox
|-damage|p2b: Delphox|34/100
|
|-weather|RainDance|[upkeep]
|upkeep
|
|t:|1756502329
|switch|p1b: Annihilape|Annihilape, L50, M|100/100
|turn|2
|
|t:|1756502356
|move|p1b: Annihilape|Protect|p1b: Annihilape
|-singleturn|p1b: Annihilape|Protect
|move|p2a: Indeedee|Follow Me|p2a: Indeedee
|-singleturn|p2a: Indeedee|move: Follow Me
|move|p2b: Delphox|Expanding Force|p1a: Pelipper|[spread] p1a
|-activate|p1b: Annihilape|move: Protect
|-damage|p1a: Pelipper|14/100
|-damage|p2b: Delphox|24/100|[from] item: Life Orb
|move|p1a: Pelipper|Hurricane|p2a: Indeedee
|-damage|p2a: Indeedee|64/100
|
|-weather|RainDance|[upkeep]
|upkeep
|turn|3
|inactive|Battle timer is ON: inactive players will automatically lose when time's up. (requested by ew stinky monkey)
|
|t:|1756502423
|-terastallize|p1b: Annihilape|Water
|move|p2a: Indeedee|Follow Me|p2a: Indeedee
|-singleturn|p2a: Indeedee|move: Follow Me
|move|p2b: Delphox|Expanding Force|p1a: Pelipper|[spread] p1a,p1b
|-crit|p1a: Pelipper
|-damage|p1a: Pelipper|0 fnt
|-damage|p1b: Annihilape|34/100
|faint|p1a: Pelipper
|-damage|p2b: Delphox|14/100|[from] item: Life Orb
|move|p1b: Annihilape|Drain Punch|p2a: Indeedee
|-damage|p2a: Indeedee|37/100
|-heal|p1b: Annihilape|46/100|[from] drain|[of] p2a: Indeedee
|-enditem|p2a: Indeedee|Sitrus Berry|[eat]
|-heal|p2a: Indeedee|62/100|[from] item: Sitrus Berry
|
|-weather|RainDance|[upkeep]
|-heal|p1b: Annihilape|52/100|[from] item: Leftovers
|upkeep
|inactive|kariuus has 30 seconds left.
|
|t:|1756502453
|switch|p1a: Maushold|Maushold, L50|100/100
|turn|4
|
|t:|1756502471
|move|p1b: Annihilape|Protect|p1b: Annihilape
|-singleturn|p1b: Annihilape|Protect
|move|p2a: Indeedee|Follow Me|p2a: Indeedee
|-singleturn|p2a: Indeedee|move: Follow Me
|move|p2b: Delphox|Expanding Force|p1b: Annihilape|[spread] p1a
|-activate|p1b: Annihilape|move: Protect
|-damage|p1a: Maushold|16/100
|-damage|p2b: Delphox|4/100|[from] item: Life Orb
|move|p1a: Maushold|Taunt|p2a: Indeedee
|-start|p2a: Indeedee|move: Taunt
|
|-weather|RainDance|[upkeep]
|-heal|p1b: Annihilape|59/100|[from] item: Leftovers
|upkeep
|turn|5
|inactive|kariuus has 30 seconds left.
|
|t:|1756502501
|switch|p2b: Porygon2|Porygon2, L50|100/100
|-ability|p2b: Porygon2|Download|boost
|-boost|p2b: Porygon2|atk|1
|move|p1a: Maushold|Protect|p1a: Maushold
|-singleturn|p1a: Maushold|Protect
|move|p1b: Annihilape|Drain Punch|p2a: Indeedee
|-damage|p2a: Indeedee|33/100
|-heal|p1b: Annihilape|71/100|[from] drain|[of] p2a: Indeedee
|move|p2a: Indeedee|Psychic|p1a: Maushold
|-activate|p1a: Maushold|move: Protect
|
|-weather|none
|-heal|p1b: Annihilape|77/100|[from] item: Leftovers
|-fieldend|move: Psychic Terrain
|upkeep
|turn|6
|inactive|kariuus has 30 seconds left.
|inactive|kariuus has 20 seconds left.
|
|t:|1756502540
|move|p1a: Maushold|Protect|p1a: Maushold
|-singleturn|p1a: Maushold|Protect
|move|p1b: Annihilape|Drain Punch|p2b: Porygon2
|-supereffective|p2b: Porygon2
|-damage|p2b: Porygon2|59/100
|-heal|p1b: Annihilape|96/100|[from] drain|[of] p2b: Porygon2
|move|p2a: Indeedee|Psychic|p1a: Maushold
|-activate|p1a: Maushold|move: Protect
|move|p2b: Porygon2|Tera Blast|p1a: Maushold
|-activate|p1a: Maushold|move: Protect
|
|-heal|p1b: Annihilape|100/100|[from] item: Leftovers
|upkeep
|turn|7
|inactive|kariuus has 30 seconds left.
|inactive|ew stinky monkey has 30 seconds left.
|inactive|kariuus has 20 seconds left.
|inactive|kariuus has 15 seconds left.
|
|t:|1756502582
|move|p1a: Maushold|Beat Up|p1b: Annihilape
|-damage|p1b: Annihilape|99/100
|-damage|p1b: Annihilape|96/100
|-hitcount|p1b: Annihilape|2
|move|p1b: Annihilape|Drain Punch|p2a: Indeedee
|-damage|p2a: Indeedee|4/100
|-heal|p1b: Annihilape|100/100|[from] drain|[of] p2a: Indeedee
|move|p2a: Indeedee|Psychic|p1a: Maushold
|-damage|p1a: Maushold|0 fnt
|faint|p1a: Maushold
|move|p2b: Porygon2|Tera Blast|p1b: Annihilape
|-damage|p1b: Annihilape|70/100
|
|-heal|p1b: Annihilape|76/100|[from] item: Leftovers
|-end|p2a: Indeedee|move: Taunt
|upkeep
|turn|8
|
|t:|1756502606
|move|p1b: Annihilape|Drain Punch|p2a: Indeedee
|-damage|p2a: Indeedee|0 fnt
|-heal|p1b: Annihilape|77/100|[from] drain|[of] p2a: Indeedee
|faint|p2a: Indeedee
|move|p2b: Porygon2|Tera Blast|p1b: Annihilape
|-crit|p1b: Annihilape
|-damage|p1b: Annihilape|32/100
|
|-heal|p1b: Annihilape|38/100|[from] item: Leftovers
|upkeep
|
|t:|1756502609
|switch|p2a: Delphox|Delphox, L50, M, tera:Fighting|4/100
|turn|9
|
|t:|1756502630
|move|p2a: Delphox|Expanding Force|p1b: Annihilape
|-damage|p1b: Annihilape|0 fnt
|faint|p1b: Annihilape
|-damage|p2a: Delphox|0 fnt|[from] item: Life Orb
|faint|p2a: Delphox
|
|win|ew stinky monkey
|raw|kariuus's rating: 1067 → 1043(-24 for losing)
|raw|ew stinky monkey's rating: 1000 → 1048(+48 for winning)
