|j|☆SeanClubcardcoach
|j|☆A_TerroneVGC
|html|SeanClubcardcoachA_TerroneVGC    
|uhtml|bestof|Game 2 of a best-of-3
|t:|1754673093
|gametype|doubles
|player|p1|SeanClubcardcoach|alder|1265
|player|p2|A_TerroneVGC|265|1207
|gen|9
|tier|[Gen 9] VGC 2025 Reg H (Bo3)
|rated|
|rule|Species Clause: Limit one of each Pokémon
|rule|Item Clause: Limit 1 of each item
|clearpoke
|poke|p1|Tyranitar, L50, F|
|poke|p1|Kommo-o, L50, M|
|poke|p1|Rillaboom, L50, F|
|poke|p1|Volcarona, L50, M|
|poke|p1|Whimsicott, L50, F|
|poke|p1|Palafin, L50, M|
|poke|p2|Basculegion, L50, M|
|poke|p2|Archaludon, L50, M|
|poke|p2|Kingambit, L50, M|
|poke|p2|Rillaboom, L50, M|
|poke|p2|Pelipper, L50, M|
|poke|p2|Electabuzz, L50, M|
|teampreview|4
|showteam|p1|Tyranitar||AssaultVest|SandStream|KnockOff,RockSlide,LowKick,TeraBlast|||F|||50|,,,,,Flying]Kommo-o||ChoiceSpecs|Overcoat|ClangingScales,AuraSphere,Flamethrower,DracoMeteor|||M|||50|,,,,,Fire]Rillaboom||MiracleSeed|GrassySurge|Protect,WoodHammer,GrassyGlide,FakeOut|||F|||50|,,,,,Grass]Volcarona||GrassySeed|FlameBody|Protect,RagePowder,WillOWisp,HeatWave|||M|||50|,,,,,Dragon]Whimsicott||CovertCloak|Prankster|Tailwind,Moonblast,Encore,FakeTears|||F|||50|,,,,,Fire]Palafin||MysticWater|ZerotoHero|WaveCrash,JetPunch,Haze,Protect|||M|||50|,,,,,Water
|showteam|p2|Basculegion||ChoiceBand|SwiftSwim|WaveCrash,LastRespects,FlipTurn,AquaJet|||M|||50|,,,,,Grass]Archaludon||AssaultVest|Stamina|FlashCannon,DracoMeteor,ElectroShot,BodyPress|||M|||50|,,,,,Fairy]Kingambit||BlackGlasses|Defiant|KowtowCleave,SuckerPunch,SwordsDance,Protect|||M|||50|,,,,,Dark]Rillaboom||LoadedDice|GrassySurge|BulletSeed,GrassyGlide,HighHorsepower,FakeOut|||M|||50|,,,,,Fire]Pelipper||FocusSash|Drizzle|WeatherBall,Hurricane,Tailwind,Protect|||M|||50|,,,,,Ghost]Electabuzz||Eviolite|VitalSpirit|Electroweb,Taunt,FollowMe,Protect|||M|||50|,,,,,Ghost
|inactive|Battle timer is ON: inactive players will automatically lose when time's up. (requested by SeanClubcardcoach)
|inactive|SeanClubcardcoach has 60 seconds left.
|inactive|A_TerroneVGC has 60 seconds left.
|inactive|A_TerroneVGC has 30 seconds left.
|inactive|A_TerroneVGC has 20 seconds left.
|inactive|A_TerroneVGC has 15 seconds left.
|
|t:|1754673171
|teamsize|p1|4
|teamsize|p2|4
|start
|switch|p1a: Whimsicott|Whimsicott, L50, F|100/100
|switch|p1b: Palafin|Palafin, L50, M|100/100
|switch|p2a: Rillaboom|Rillaboom, L50, M|100/100
|switch|p2b: Archaludon|Archaludon, L50, M|100/100
|-fieldstart|move: Grassy Terrain|[from] ability: Grassy Surge|[of] p2a: Rillaboom
|turn|1
|inactive|A_TerroneVGC has 30 seconds left.
|
|t:|1754673204
|detailschange|p1b: Palafin|Palafin-Hero, L50, M
|switch|p1b: Rillaboom|Rillaboom, L50, F, shiny|100/100
|move|p1a: Whimsicott|Moonblast|p2a: Rillaboom
|-damage|p2a: Rillaboom|72/100
|move|p2a: Rillaboom|Bullet Seed|p2b: Archaludon
|-resisted|p2b: Archaludon
|-damage|p2b: Archaludon|97/100
|-ability|p2b: Archaludon|Stamina|boost
|-boost|p2b: Archaludon|def|1
|-resisted|p2b: Archaludon
|-damage|p2b: Archaludon|95/100
|-ability|p2b: Archaludon|Stamina|boost
|-boost|p2b: Archaludon|def|1
|-resisted|p2b: Archaludon
|-damage|p2b: Archaludon|94/100
|-ability|p2b: Archaludon|Stamina|boost
|-boost|p2b: Archaludon|def|1
|-resisted|p2b: Archaludon
|-damage|p2b: Archaludon|93/100
|-ability|p2b: Archaludon|Stamina|boost
|-boost|p2b: Archaludon|def|1
|-resisted|p2b: Archaludon
|-damage|p2b: Archaludon|92/100
|-ability|p2b: Archaludon|Stamina|boost
|-boost|p2b: Archaludon|def|1
|-hitcount|p2b: Archaludon|5
|move|p2b: Archaludon|Body Press|p1b: Rillaboom
|-damage|p1b: Rillaboom|22/100
|
|-heal|p2a: Rillaboom|78/100|[from] Grassy Terrain
|-heal|p2b: Archaludon|98/100|[from] Grassy Terrain
|-heal|p1b: Rillaboom|27/100|[from] Grassy Terrain
|upkeep
|turn|2
|inactive|A_TerroneVGC has 30 seconds left.
|
|t:|1754673237
|move|p1b: Rillaboom|Fake Out|p2b: Archaludon
|-resisted|p2b: Archaludon
|-damage|p2b: Archaludon|96/100
|-ability|p2b: Archaludon|Stamina|boost
|-boost|p2b: Archaludon|def|1
|move|p1a: Whimsicott|Fake Tears|p2b: Archaludon
|-unboost|p2b: Archaludon|spd|2
|move|p2a: Rillaboom|Grassy Glide|p1a: Whimsicott
|-resisted|p1a: Whimsicott
|-damage|p1a: Whimsicott|79/100
|cant|p2b: Archaludon|flinch
|
|-heal|p1a: Whimsicott|84/100|[from] Grassy Terrain
|-heal|p2a: Rillaboom|84/100|[from] Grassy Terrain
|-heal|p2b: Archaludon|100/100|[from] Grassy Terrain
|-heal|p1b: Rillaboom|33/100|[from] Grassy Terrain
|upkeep
|turn|3
|inactive|A_TerroneVGC has 30 seconds left.
|inactive|A_TerroneVGC has 20 seconds left.
|inactive|A_TerroneVGC has 15 seconds left.
|inactive|A_TerroneVGC has 10 seconds left.
|
|t:|1754673284
|switch|p2b: Basculegion|Basculegion, L50, M|100/100
|move|p1b: Rillaboom|Protect|p1b: Rillaboom
|-singleturn|p1b: Rillaboom|Protect
|move|p1a: Whimsicott|Fake Tears|p2b: Basculegion
|-unboost|p2b: Basculegion|spd|2
|move|p2a: Rillaboom|Bullet Seed|p1b: Rillaboom
|-activate|p1b: Rillaboom|move: Protect
|
|-heal|p1a: Whimsicott|90/100|[from] Grassy Terrain
|-heal|p2a: Rillaboom|90/100|[from] Grassy Terrain
|-heal|p1b: Rillaboom|39/100|[from] Grassy Terrain
|upkeep
|turn|4
|
|t:|1754673309
|switch|p2b: Archaludon|Archaludon, L50, M|100/100
|move|p1b: Rillaboom|Grassy Glide|p2b: Archaludon
|-resisted|p2b: Archaludon
|-damage|p2b: Archaludon|93/100
|-ability|p2b: Archaludon|Stamina|boost
|-boost|p2b: Archaludon|def|1
|move|p1a: Whimsicott|Moonblast|p2a: Rillaboom
|-crit|p2a: Rillaboom
|-damage|p2a: Rillaboom|45/100
|move|p2a: Rillaboom|Bullet Seed|p1b: Rillaboom
|-resisted|p1b: Rillaboom
|-damage|p1b: Rillaboom|31/100
|-resisted|p1b: Rillaboom
|-damage|p1b: Rillaboom|23/100
|-resisted|p1b: Rillaboom
|-damage|p1b: Rillaboom|14/100
|-resisted|p1b: Rillaboom
|-damage|p1b: Rillaboom|6/100
|-resisted|p1b: Rillaboom
|-damage|p1b: Rillaboom|0 fnt
|faint|p1b: Rillaboom
|-hitcount|p1: Rillaboom|5
|
|-heal|p1a: Whimsicott|96/100|[from] Grassy Terrain
|-heal|p2a: Rillaboom|51/100|[from] Grassy Terrain
|-heal|p2b: Archaludon|99/100|[from] Grassy Terrain
|upkeep
|
|t:|1754673315
|switch|p1b: Kommo-o|Kommo-o, L50, M|100/100
|turn|5
|inactive|A_TerroneVGC has 30 seconds left.
|inactive|SeanClubcardcoach has 30 seconds left.
|inactive|A_TerroneVGC has 20 seconds left.
|inactive|A_TerroneVGC has 15 seconds left.
|
|t:|1754673359
|switch|p2a: Pelipper|Pelipper, L50, M|100/100
|-weather|RainDance|[from] ability: Drizzle|[of] p2a: Pelipper
|-terastallize|p1b: Kommo-o|Fire
|-terastallize|p2b: Archaludon|Fairy
|move|p1a: Whimsicott|Fake Tears|p2b: Archaludon
|-unboost|p2b: Archaludon|spd|2
|move|p1b: Kommo-o|Flamethrower|p2b: Archaludon
|-damage|p2b: Archaludon|52/100
|-status|p2b: Archaludon|brn
|-ability|p2b: Archaludon|Stamina|boost
|-boost|p2b: Archaludon|def|1
|move|p2b: Archaludon|Flash Cannon|p1a: Whimsicott
|-supereffective|p1a: Whimsicott
|-damage|p1a: Whimsicott|7/100
|
|-weather|RainDance|[upkeep]
|-heal|p1a: Whimsicott|13/100|[from] Grassy Terrain
|-heal|p2b: Archaludon|58/100 brn|[from] Grassy Terrain
|-damage|p2b: Archaludon|52/100 brn|[from] brn
|-fieldend|move: Grassy Terrain
|upkeep
|turn|6
|inactive|SeanClubcardcoach has 30 seconds left.
|inactive|A_TerroneVGC has 30 seconds left.
|inactive|SeanClubcardcoach has 20 seconds left.
|inactive|A_TerroneVGC has 20 seconds left.
|inactive|A_TerroneVGC has 15 seconds left.
|
|t:|1754673401
|switch|p1b: Palafin|Palafin-Hero, L50, M|100/100
|-activate|p1b: Palafin|ability: Zero to Hero
|move|p1a: Whimsicott|Moonblast|p2b: Archaludon
|-damage|p2b: Archaludon|11/100 brn
|-ability|p2b: Archaludon|Stamina|boost
|-boost|p2b: Archaludon|def|1
|move|p2b: Archaludon|Flash Cannon|p1a: Whimsicott
|-supereffective|p1a: Whimsicott
|-damage|p1a: Whimsicott|0 fnt
|faint|p1a: Whimsicott
|move|p2a: Pelipper|Weather Ball|p1b: Palafin
|-resisted|p1b: Palafin
|-damage|p1b: Palafin|59/100
|
|-weather|RainDance|[upkeep]
|-damage|p2b: Archaludon|5/100 brn|[from] brn
|upkeep
|
|t:|1754673413
|switch|p1a: Kommo-o|Kommo-o, L50, M, tera:Fire|100/100
|turn|7
|
|t:|1754673434
|move|p1b: Palafin|Jet Punch|p2a: Pelipper
|-resisted|p2a: Pelipper
|-damage|p2a: Pelipper|52/100
|move|p1a: Kommo-o|Clanging Scales|p2b: Archaludon|[spread] p2a
|-immune|p2b: Archaludon
|-damage|p2a: Pelipper|0 fnt
|faint|p2a: Pelipper
|-unboost|p1a: Kommo-o|def|1
|move|p2b: Archaludon|Electro Shot||[still]
|-prepare|p2b: Archaludon|Electro Shot
|-boost|p2b: Archaludon|spa|1
|-anim|p2b: Archaludon|Electro Shot|p1a: Kommo-o
|-damage|p1a: Kommo-o|38/100
|
|-weather|RainDance|[upkeep]
|-damage|p2b: Archaludon|0 fnt|[from] brn
|faint|p2b: Archaludon
|upkeep
|
|t:|1754673449
|switch|p2b: Basculegion|Basculegion, L50, M|100/100
|switch|p2a: Rillaboom|Rillaboom, L50, M|51/100
|-fieldstart|move: Grassy Terrain|[from] ability: Grassy Surge|[of] p2a: Rillaboom
|turn|8
|
|t:|1754673467
|move|p2a: Rillaboom|Fake Out|p1b: Palafin
|-damage|p1b: Palafin|46/100
|move|p2b: Basculegion|Last Respects|p1a: Kommo-o
|-damage|p1a: Kommo-o|0 fnt
|faint|p1a: Kommo-o
|cant|p1b: Palafin|flinch
|
|-weather|RainDance|[upkeep]
|-heal|p1b: Palafin|52/100|[from] Grassy Terrain
|-heal|p2a: Rillaboom|57/100|[from] Grassy Terrain
|upkeep
|turn|9
|
|t:|1754673479
|move|p2a: Rillaboom|Grassy Glide|p1b: Palafin
|-supereffective|p1b: Palafin
|-damage|p1b: Palafin|0 fnt
|faint|p1b: Palafin
|
|win|A_TerroneVGC
|raw|SeanClubcardcoach's rating: 1265 → 1236(-29 for losing)
|raw|A_TerroneVGC's rating: 1207 → 1236(+29 for winning)
