|j|‽ziggleroid_don
|j|‽LovelyDovelyMoment
|html|ziggleroid_donLovelyDovelyMoment    
|uhtml|bestof|Game 2 of a best-of-3
|t:|1785663261
|gametype|doubles
|player|p1|ziggleroid_don|265|
|player|p2|LovelyDovelyMoment|iris-gen5bw2|
|gen|9
|tier|[Gen 9 Champions] VGC 2026 Reg M-B (Bo3)
|rule|Species Clause: Limit one of each Pokémon
|rule|Item Clause: Limit 1 of each item
|clearpoke
|poke|p1|Heliolisk, L50, M|
|poke|p1|Simisear, L50, M|
|poke|p1|Zoroark, L50, M|
|poke|p1|Tinkaton, L50, F|
|poke|p1|Simipour, L50, M|
|poke|p1|Runerigus, L50, F|
|poke|p2|Tinkaton, L50, F|
|poke|p2|Mr. Rime, L50, M|
|poke|p2|Heliolisk, L50, F|
|poke|p2|Simipour, L50, F|
|poke|p2|Simisear, L50, F|
|poke|p2|Runerigus, L50, M|
|teampreview|4
|showteam|p1|Heliolisk||ChoiceScarf|SolarPower|Thunderbolt,VoltSwitch,Uturn,GrassKnot|Timid||M|||50|]Simisear||LifeOrb|Gluttony|RockSlide,FlameCharge,FlareBlitz,Protect|Jolly||M|||50|]Zoroark||HeatRock|Illusion|SunnyDay,Crunch,Protect,Uturn|Jolly||M|||50|]Tinkaton||Leftovers|MoldBreaker|FakeOut,GigatonHammer,KnockOff,Encore|Serious||F|||50|]Simipour||SitrusBerry|Gluttony|FakeOut,ChillingWater,Scald,Protect|Modest||M|||50|]Runerigus||RindoBerry|WanderingSpirit|BodyPress,IronDefense,WillOWisp,Protect|Bold||F|||50|
|showteam|p2|Tinkaton||SitrusBerry|Pickpocket|FakeOut,GigatonHammer,IceHammer,Protect|Adamant||F|||50|]Mr. Rime||LightClay|ScreenCleaner|TeeterDance,FreezeDry,FocusBlast,FakeOut|Timid||M|||50|]Heliolisk||LifeOrb|DrySkin|HyperVoice,Thunder,Protect,WeatherBall|Timid||F|||50|]Simipour||DampRock|Torrent|RainDance,FlipTurn,FakeOut,ThroatChop|Jolly||F|||50|]Simisear||ChoiceScarf|Blaze|Overheat,FocusBlast,SunnyDay,HeatWave|Modest||F|||50|]Runerigus||Leftovers|WanderingSpirit|GuardSwap,BodyPress,Protect,Bulldoze|Sassy||M|||50|
|
|t:|1785663284
|teamsize|p1|4
|teamsize|p2|4
|start
|switch|p1a: Simisear|Simisear, L50, M|100/100
|switch|p1b: Tinkaton|Tinkaton, L50, F|100/100
|switch|p2a: Runerigus|Runerigus, L50, M|100/100
|switch|p2b: Simisear|Simisear, L50, F|100/100
|turn|1
|
|t:|1785663325
|move|p2b: Simisear|Overheat|p1b: Tinkaton
|-damage|p1b: Tinkaton|0 fnt
|-unboost|p2b: Simisear|spa|2
|replace|p1b: Zoroark|Zoroark, L50, M
|-end|p1b: Zoroark|Illusion
|faint|p1b: Zoroark
|move|p1a: Simisear|Flame Charge|p2a: Runerigus
|-damage|p2a: Runerigus|78/100
|-boost|p1a: Simisear|spe|1
|-activate|p1a: Simisear|Skill Swap|Wandering Spirit|Gluttony|[of] p2a: Runerigus
|-damage|p1a: Simisear|90/100|[from] item: Life Orb
|move|p2a: Runerigus|Bulldoze|p1a: Simisear|[spread] p2b,p1a
|-supereffective|p2b: Simisear|1
|-supereffective|p1a: Simisear|1
|-damage|p2b: Simisear|51/100
|-damage|p1a: Simisear|38/100
|-unboost|p2b: Simisear|spe|1
|-unboost|p1a: Simisear|spe|1
|
|-heal|p2a: Runerigus|84/100|[from] item: Leftovers
|upkeep
|
|t:|1785663355
|switch|p1b: Heliolisk|Heliolisk, L50, M|100/100
|turn|2
|
|t:|1785663364
|move|p1b: Heliolisk|Grass Knot|p2a: Runerigus
|-supereffective|p2a: Runerigus|1
|-damage|p2a: Runerigus|49/100
|move|p1a: Simisear|Rock Slide|p2b: Simisear|[spread] p2a,p2b
|-resisted|p2a: Runerigus|1
|-supereffective|p2b: Simisear|1
|-damage|p2a: Runerigus|41/100
|-damage|p2b: Simisear|0 fnt
|faint|p2b: Simisear
|-damage|p1a: Simisear|28/100|[from] item: Life Orb
|move|p2a: Runerigus|Bulldoze|p1b: Heliolisk|[spread] p1a,p1b
|-supereffective|p1a: Simisear|1
|-supereffective|p1b: Heliolisk|1
|-damage|p1a: Simisear|0 fnt
|-damage|p1b: Heliolisk|33/100
|-unboost|p1b: Heliolisk|spe|1
|faint|p1a: Simisear
|
|-heal|p2a: Runerigus|47/100|[from] item: Leftovers
|upkeep
|
|t:|1785663382
|switch|p1a: Tinkaton|Tinkaton, L50, F|100/100
|switch|p2b: Simipour|Simipour, L50, F|100/100
|-ability|p1a: Tinkaton|Mold Breaker
|turn|3
|
|t:|1785663404
|move|p2b: Simipour|Fake Out|p1b: Heliolisk
|-damage|p1b: Heliolisk|10/100
|move|p1a: Tinkaton|Fake Out|p2b: Simipour
|-damage|p2b: Simipour|86/100
|cant|p1b: Heliolisk|flinch
|move|p2a: Runerigus|Bulldoze|p1a: Tinkaton|[spread] p2b,p1a,p1b
|-supereffective|p1a: Tinkaton|1
|-supereffective|p1b: Heliolisk|1
|-damage|p2b: Simipour|62/100
|-damage|p1a: Tinkaton|64/100
|-damage|p1b: Heliolisk|0 fnt
|-unboost|p2b: Simipour|spe|1
|-unboost|p1a: Tinkaton|spe|1
|faint|p1b: Heliolisk
|
|-heal|p1a: Tinkaton|70/100|[from] item: Leftovers
|-heal|p2a: Runerigus|53/100|[from] item: Leftovers
|upkeep
|turn|4
|
|t:|1785663424
|move|p2b: Simipour|Rain Dance|p2b: Simipour
|-weather|RainDance
|move|p1a: Tinkaton|Knock Off|p2a: Runerigus
|-supereffective|p2a: Runerigus|1
|-damage|p2a: Runerigus|25/100
|-enditem|p2a: Runerigus|Leftovers|[from] move: Knock Off|[of] p1a: Tinkaton
|move|p2a: Runerigus|Bulldoze|p1a: Tinkaton|[spread] p2b,p1a
|-supereffective|p1a: Tinkaton|1
|-damage|p2b: Simipour|38/100
|-damage|p1a: Tinkaton|35/100
|-unboost|p2b: Simipour|spe|1
|-unboost|p1a: Tinkaton|spe|1
|
|-weather|RainDance|[upkeep]
|-heal|p1a: Tinkaton|41/100|[from] item: Leftovers
|upkeep
|turn|5
|-message|ziggleroid_don forfeited.
|
|win|LovelyDovelyMoment
||LovelyDovelyMoment is ready for game 3.
||ziggleroid_don is ready for game 3.
|uhtml|next|Next: Game 3 of 3
