|j|☆MrMaro
|j|☆gingerlike
|html|MrMarogingerlike    
|uhtml|bestof|Game 3 of a best-of-3
|t:|1782324638
|gametype|doubles
|player|p1|MrMaro|265|
|player|p2|gingerlike|101|
|gen|9
|tier|[Gen 9 Champions] VGC 2026 Reg M-B (Bo3)
|rule|Species Clause: Limit one of each Pokémon
|rule|Item Clause: Limit 1 of each item
|clearpoke
|poke|p1|Staraptor, L50, M|
|poke|p1|Scovillain, L50, M|
|poke|p1|Garchomp, L50, M|
|poke|p1|Basculegion, L50, M|
|poke|p1|Sylveon, L50, F|
|poke|p1|Grimmsnarl, L50, M|
|poke|p2|Metagross, L50|
|poke|p2|Charizard, L50, F|
|poke|p2|Whimsicott, L50, M|
|poke|p2|Annihilape, L50, F|
|poke|p2|Farigiraf, L50, F|
|poke|p2|Grimmsnarl, L50, M|
|teampreview|4
|showteam|p1|Staraptor||Staraptite|Intimidate|BraveBird,CloseCombat,Roost,Protect|Jolly||M|||50|]Scovillain||Scovillainite|Moody|Overheat,LeechSeed,RagePowder,Protect|Bold||M|||50|]Garchomp||LifeOrb|RoughSkin|DragonClaw,Earthquake,RockSlide,Protect|Jolly||M|||50|]Basculegion||ChoiceScarf|Adaptability|LastRespects,WaveCrash,AquaJet,FlipTurn|Jolly||M|||50|]Sylveon||FairyFeather|Pixilate|HyperVoice,QuickAttack,Yawn,Protect|Modest||F|||50|]Grimmsnarl||LightClay|Prankster|FoulPlay,Reflect,LightScreen,PartingShot|Impish||M|||50|
|showteam|p2|Metagross||Metagrossite|ClearBody|IronHead,PsychicFangs,RockTomb,Protect|Jolly|||||50|]Charizard||CharizarditeY|Blaze|WeatherBall,HeatWave,SolarBeam,Protect|Timid||F|||50|]Whimsicott||FocusSash|Prankster|Moonblast,Tailwind,Encore,SunnyDay|Timid||M|||50|]Annihilape||LifeOrb|Defiant|DrainPunch,RageFist,Protect,RockTomb|Jolly||F|||50|]Farigiraf||SitrusBerry|ArmorTail|TwinBeam,Thunderbolt,Roar,TrickRoom|Quiet||F|||50|]Grimmsnarl||LightClay|Prankster|LightScreen,Reflect,SpiritBreak,PartingShot|Careful||M|||50|
|inactive|Battle timer is ON: inactive players will automatically lose when time's up. (requested by gingerlike)
|inactive|gingerlike has 60 seconds left.
|
|t:|1782324680
|teamsize|p1|4
|teamsize|p2|4
|start
|switch|p1a: Scovillain|Scovillain, L50, M|100/100
|switch|p1b: Grimmsnarl|Grimmsnarl, L50, M|100/100
|switch|p2a: Metagross|Metagross, L50|100/100
|switch|p2b: Whimsicott|Whimsicott, L50, M|100/100
|turn|1
|inactive|gingerlike has 30 seconds left.
|
|t:|1782324707
|detailschange|p2a: Metagross|Metagross-Mega, L50
|-mega|p2a: Metagross|Metagross|Metagrossite
|detailschange|p1a: Scovillain|Scovillain-Mega, L50, M
|-mega|p1a: Scovillain|Scovillain|Scovillainite
|move|p1b: Grimmsnarl|Reflect|p1b: Grimmsnarl
|-sidestart|p1: MrMaro|Reflect
|move|p2b: Whimsicott|Moonblast|p1b: Grimmsnarl
|-supereffective|p1b: Grimmsnarl|1
|-damage|p1b: Grimmsnarl|36/100
|move|p2a: Metagross|Psychic Fangs|p1a: Scovillain
|-sideend|p1: MrMaro|Reflect
|-damage|p1a: Scovillain|50/100g
|-status|p2a: Metagross|brn|[from] ability: Spicy Spray|[of] p1a: Scovillain
|move|p1a: Scovillain|Overheat|p2a: Metagross
|-supereffective|p2a: Metagross|1
|-damage|p2a: Metagross|0 fnt
|-unboost|p1a: Scovillain|spa|2
|faint|p2a: Metagross
|
|upkeep
|
|t:|1782324723
|switch|p2a: Annihilape|Annihilape, L50, F|100/100
|turn|2
|
|t:|1782324745
|move|p2b: Whimsicott|Encore|p1a: Scovillain
|-start|p1a: Scovillain|Encore
|move|p1b: Grimmsnarl|Reflect|p1b: Grimmsnarl
|-sidestart|p1: MrMaro|Reflect
|move|p2a: Annihilape|Drain Punch|p1b: Grimmsnarl
|-damage|p1b: Grimmsnarl|9/100
|-damage|p2a: Annihilape|90/100|[from] item: Life Orb
|move|p1a: Scovillain|Overheat|p2b: Whimsicott
|-supereffective|p2b: Whimsicott|1
|-damage|p2b: Whimsicott|3/100
|-unboost|p1a: Scovillain|spa|2
|
|upkeep
|turn|3
|inactive|gingerlike has 30 seconds left.
|
|t:|1782324775
|move|p2b: Whimsicott|Moonblast|p1a: Scovillain
|-resisted|p1a: Scovillain|1
|-damage|p1a: Scovillain|30/100
|-status|p2b: Whimsicott|brn|[from] ability: Spicy Spray|[of] p1a: Scovillain
|move|p2a: Annihilape|Drain Punch|p1b: Grimmsnarl
|-damage|p1b: Grimmsnarl|0 fnt
|-heal|p2a: Annihilape|95/100|[from] drain|[of] p1b: Grimmsnarl
|faint|p1b: Grimmsnarl
|-damage|p2a: Annihilape|85/100|[from] item: Life Orb
|move|p1a: Scovillain|Overheat|p2b: Whimsicott
|-supereffective|p2b: Whimsicott|1
|-damage|p2b: Whimsicott|0 fnt
|-unboost|p1a: Scovillain|spa|2
|faint|p2b: Whimsicott
|
|upkeep
|
|t:|1782324793
|switch|p2b: Grimmsnarl|Grimmsnarl, L50, M|100/100
|switch|p1b: Sylveon|Sylveon, L50, F|100/100
|turn|4
|
|t:|1782324811
|switch|p1a: Garchomp|Garchomp, L50, M|100/100
|move|p2b: Grimmsnarl|Light Screen|p2b: Grimmsnarl
|-sidestart|p2: gingerlike|move: Light Screen
|move|p2a: Annihilape|Rage Fist|p1b: Sylveon
|-damage|p1b: Sylveon|79/100
|-damage|p2a: Annihilape|76/100|[from] item: Life Orb
|move|p1b: Sylveon|Yawn|p2a: Annihilape
|-start|p2a: Annihilape|move: Yawn|[of] p1b: Sylveon
|
|upkeep
|turn|5
|inactive|gingerlike has 30 seconds left.
|
|t:|1782324844
|switch|p1a: Scovillain|Scovillain-Mega, L50, M|30/100
|move|p1b: Sylveon|Protect|p1b: Sylveon
|-singleturn|p1b: Sylveon|Protect
|move|p2a: Annihilape|Drain Punch|p1a: Scovillain
|-damage|p1a: Scovillain|2/100
|-heal|p2a: Annihilape|89/100|[from] drain|[of] p1a: Scovillain
|-status|p2a: Annihilape|brn|[from] ability: Spicy Spray|[of] p1a: Scovillain
|-damage|p2a: Annihilape|79/100 brn|[from] item: Life Orb
|move|p2b: Grimmsnarl|Spirit Break|p1a: Scovillain
|-resisted|p1a: Scovillain|1
|-damage|p1a: Scovillain|0 fnt
|-status|p2b: Grimmsnarl|brn|[from] ability: Spicy Spray|[of] p1a: Scovillain
|faint|p1a: Scovillain
|
|-damage|p2a: Annihilape|73/100 brn|[from] brn
|-damage|p2b: Grimmsnarl|94/100 brn|[from] brn
|-end|p2a: Annihilape|move: Yawn|[silent]
|upkeep
|
|t:|1782324862
|switch|p1a: Garchomp|Garchomp, L50, M|100/100
|turn|6
|
|t:|1782324876
|move|p1a: Garchomp|Protect|p1a: Garchomp
|-singleturn|p1a: Garchomp|Protect
|move|p2a: Annihilape|Protect|p2a: Annihilape
|-singleturn|p2a: Annihilape|Protect
|move|p2b: Grimmsnarl|Parting Shot|p1b: Sylveon
|-unboost|p1b: Sylveon|atk|1
|-unboost|p1b: Sylveon|spa|1
|move|p1b: Sylveon|Hyper Voice|p2a: Annihilape|[spread] p2b
|-activate|p2a: Annihilape|move: Protect
|-supereffective|p2b: Grimmsnarl|1
|-damage|p2b: Grimmsnarl|66/100 brn
|
|-damage|p2a: Annihilape|67/100 brn|[from] brn
|-damage|p2b: Grimmsnarl|60/100 brn|[from] brn
|upkeep
|turn|7
|
|t:|1782324893
|move|p2b: Grimmsnarl|Reflect|p2b: Grimmsnarl
|-sidestart|p2: gingerlike|Reflect
|move|p1a: Garchomp|Dragon Claw|p2a: Annihilape
|-damage|p2a: Annihilape|27/100 brn
|-damage|p1a: Garchomp|90/100|[from] item: Life Orb
|move|p2a: Annihilape|Drain Punch|p1a: Garchomp
|-damage|p1a: Garchomp|74/100
|-heal|p2a: Annihilape|35/100 brn|[from] drain|[of] p1a: Garchomp
|-damage|p2a: Annihilape|23/100 brn|[from] ability: Rough Skin|[of] p1a: Garchomp
|-damage|p2a: Annihilape|13/100 brn|[from] item: Life Orb
|move|p1b: Sylveon|Hyper Voice|p2a: Annihilape|[spread] p2a,p2b
|-supereffective|p2a: Annihilape|1
|-supereffective|p2b: Grimmsnarl|1
|-damage|p2a: Annihilape|0 fnt
|-damage|p2b: Grimmsnarl|30/100 brn
|faint|p2a: Annihilape
|
|-damage|p2b: Grimmsnarl|24/100 brn|[from] brn
|upkeep
|turn|8
|-message|gingerlike forfeited.
|
|win|MrMaro
