|j|☆GGCompaq1
|j|☆NoiceDynamite
|html|GGCompaq1NoiceDynamite    
|uhtml|bestof|Game 2 of a best-of-3
|t:|1757772991
|gametype|doubles
|player|p1|GGCompaq1|265|1053
|player|p2|NoiceDynamite|cynthia|1040
|gen|9
|tier|[Gen 9] VGC 2025 Reg H (Bo3)
|rated|
|rule|Species Clause: Limit one of each Pokémon
|rule|Item Clause: Limit 1 of each item
|clearpoke
|poke|p1|Pelipper, L50, M|
|poke|p1|Archaludon, L50, F|
|poke|p1|Gholdengo, L50|
|poke|p1|Rillaboom, L50, M|
|poke|p1|Incineroar, L50, M|
|poke|p1|Kingdra, L50, M|
|poke|p2|Archaludon, L50, M|
|poke|p2|Pelipper, L50, M|
|poke|p2|Basculegion, L50, M|
|poke|p2|Amoonguss, L50, M|
|poke|p2|Incineroar, L50, F|
|poke|p2|Gholdengo, L50|
|teampreview|4
|showteam|p1|Pelipper||FocusSash|Drizzle|Hurricane,WideGuard,Tailwind,Protect|||M|||50|,,,,,Steel]Archaludon||AssaultVest|Stamina|DracoMeteor,ElectroShot,FlashCannon,BodyPress|||F|||50|,,,,,Grass]Gholdengo||ChoiceSpecs|GoodasGold|MakeItRain,ShadowBall,PowerGem,Thunder||||||50|,,,,,Steel]Rillaboom||MiracleSeed|GrassySurge|GrassyGlide,Uturn,FakeOut,Protect|||M|||50|,,,,,Fire]Incineroar||RockyHelmet|Intimidate|KnockOff,FakeOut,PartingShot,Protect|||M|||50|,,,,,Ghost]Kingdra||LifeOrb|SwiftSwim|MuddyWater,DracoMeteor,IceBeam,Protect|||M|||50|,,,,,Water
|showteam|p2|Archaludon||AssaultVest|Stamina|DragonPulse,ElectroShot,FlashCannon,BodyPress|||M|||50|,,,,,Bug]Pelipper||FocusSash|Drizzle|WeatherBall,Hurricane,Tailwind,Protect|||M|||50|,,,,,Ground]Basculegion||ChoiceBand|SwiftSwim|WaveCrash,LastRespects,AquaJet,FlipTurn|||M|||50|,,,,,Grass]Amoonguss||CovertCloak|Regenerator|PollenPuff,RagePowder,Spore,Protect|||M|||50|,,,,,Water]Incineroar||SafetyGoggles|Intimidate|KnockOff,FakeOut,PartingShot,Taunt|||F|||50|,,,,,Ghost]Gholdengo||LifeOrb|GoodasGold|MakeItRain,ShadowBall,NastyPlot,Protect||||||50|,,,,,Water
|
|t:|1757773028
|teamsize|p1|4
|teamsize|p2|4
|start
|switch|p1a: Gholdengo|Gholdengo, L50|100/100
|switch|p1b: Archaludon|Archaludon, L50, F|100/100
|switch|p2a: Archaludon|Archaludon, L50, M|100/100
|switch|p2b: Basculegion|Basculegion, L50, M|100/100
|turn|1
|
|t:|1757773078
|switch|p2b: Amoonguss|Amoonguss, L50, M|100/100
|-terastallize|p1a: Gholdengo|Steel
|move|p1a: Gholdengo|Shadow Ball|p2b: Amoonguss
|-damage|p2b: Amoonguss|51/100
|move|p2a: Archaludon|Dragon Pulse|p1a: Gholdengo
|-resisted|p1a: Gholdengo
|-damage|p1a: Gholdengo|76/100
|move|p1b: Archaludon|Body Press|p2a: Archaludon
|-supereffective|p2a: Archaludon
|-damage|p2a: Archaludon|67/100
|-ability|p2a: Archaludon|Stamina|boost
|-boost|p2a: Archaludon|def|1
|
|upkeep
|turn|2
|
|t:|1757773097
|move|p1a: Gholdengo|Shadow Ball|p2a: Archaludon
|-damage|p2a: Archaludon|17/100
|-ability|p2a: Archaludon|Stamina|boost
|-boost|p2a: Archaludon|def|1
|move|p2a: Archaludon|Body Press|p1a: Gholdengo
|-supereffective|p1a: Gholdengo
|-damage|p1a: Gholdengo|0 fnt
|faint|p1a: Gholdengo
|move|p1b: Archaludon|Draco Meteor|p2a: Archaludon|[miss]
|-miss|p1b: Archaludon|p2a: Archaludon
|move|p2b: Amoonguss|Spore|p1b: Archaludon
|-status|p1b: Archaludon|slp|[from] move: Spore
|
|upkeep
|
|t:|1757773109
|switch|p1a: Incineroar|Incineroar, L50, M|100/100
|-ability|p1a: Incineroar|Intimidate|boost
|-unboost|p2a: Archaludon|atk|1
|-unboost|p2b: Amoonguss|atk|1
|turn|3
|
|t:|1757773124
|switch|p1b: Kingdra|Kingdra, L50, M|100/100
|move|p1a: Incineroar|Fake Out|p2a: Archaludon
|-resisted|p2a: Archaludon
|-damage|p2a: Archaludon|15/100
|-ability|p2a: Archaludon|Stamina|boost
|-boost|p2a: Archaludon|def|1
|cant|p2a: Archaludon|flinch
|move|p2b: Amoonguss|Spore|p1a: Incineroar
|-status|p1a: Incineroar|slp|[from] move: Spore
|
|upkeep
|turn|4
|
|t:|1757773163
|move|p1b: Kingdra|Muddy Water|p2a: Archaludon|[spread] p2a,p2b
|-resisted|p2a: Archaludon
|-resisted|p2b: Amoonguss
|-damage|p2a: Archaludon|0 fnt
|-damage|p2b: Amoonguss|34/100
|faint|p2a: Archaludon
|-damage|p1b: Kingdra|90/100|[from] item: Life Orb
|cant|p1a: Incineroar|slp
|move|p2b: Amoonguss|Spore|p1b: Kingdra
|-status|p1b: Kingdra|slp|[from] move: Spore
|
|upkeep
|
|t:|1757773173
|switch|p2a: Gholdengo|Gholdengo, L50|100/100
|turn|5
|
|t:|1757773187
|move|p2b: Amoonguss|Rage Powder|p2b: Amoonguss
|-singleturn|p2b: Amoonguss|move: Rage Powder
|move|p2a: Gholdengo|Nasty Plot|p2a: Gholdengo
|-boost|p2a: Gholdengo|spa|2
|cant|p1b: Kingdra|slp
|-curestatus|p1a: Incineroar|slp|[msg]
|move|p1a: Incineroar|Knock Off|p2b: Amoonguss
|-damage|p2b: Amoonguss|6/100
|-enditem|p2b: Amoonguss|Covert Cloak|[from] move: Knock Off|[of] p1a: Incineroar
|
|upkeep
|turn|6
|
|t:|1757773210
|-terastallize|p2a: Gholdengo|Water
|move|p2b: Amoonguss|Rage Powder|p2b: Amoonguss
|-singleturn|p2b: Amoonguss|move: Rage Powder
|move|p2a: Gholdengo|Shadow Ball|p1b: Kingdra
|-damage|p1b: Kingdra|0 fnt
|faint|p1b: Kingdra
|-damage|p2a: Gholdengo|91/100|[from] item: Life Orb
|move|p1a: Incineroar|Knock Off|p2b: Amoonguss
|-damage|p2b: Amoonguss|0 fnt
|faint|p2b: Amoonguss
|
|upkeep
|
|t:|1757773226
|switch|p1b: Archaludon|Archaludon, L50, F|100/100 slp
|switch|p2b: Basculegion|Basculegion, L50, M|100/100
|turn|7
|
|t:|1757773271
|move|p1a: Incineroar|Protect|p1a: Incineroar
|-singleturn|p1a: Incineroar|Protect
|move|p2a: Gholdengo|Make It Rain|p1a: Incineroar|[spread] p1b
|-activate|p1a: Incineroar|move: Protect
|-resisted|p1b: Archaludon
|-damage|p1b: Archaludon|61/100 slp
|-unboost|p2a: Gholdengo|spa|1
|-ability|p1b: Archaludon|Stamina|boost
|-boost|p1b: Archaludon|def|1
|-damage|p2a: Gholdengo|82/100|[from] item: Life Orb
|move|p2b: Basculegion|Wave Crash|p1a: Incineroar
|-activate|p1a: Incineroar|move: Protect
|cant|p1b: Archaludon|slp
|
|upkeep
|turn|8
|
|t:|1757773292
|move|p2a: Gholdengo|Make It Rain|p1a: Incineroar|[spread] p1a,p1b
|-resisted|p1a: Incineroar
|-resisted|p1b: Archaludon
|-damage|p1a: Incineroar|70/100
|-damage|p1b: Archaludon|33/100 slp
|-unboost|p2a: Gholdengo|spa|1
|-ability|p1b: Archaludon|Stamina|boost
|-boost|p1b: Archaludon|def|1
|-damage|p2a: Gholdengo|72/100|[from] item: Life Orb
|move|p2b: Basculegion|Wave Crash|p1a: Incineroar
|-supereffective|p1a: Incineroar
|-damage|p1a: Incineroar|0 fnt
|-damage|p2b: Basculegion|84/100|[from] item: Rocky Helmet|[of] p1a: Incineroar
|faint|p1a: Incineroar
|-damage|p2b: Basculegion|62/100|[from] Recoil
|cant|p1b: Archaludon|slp
|
|upkeep
|turn|9
|
|t:|1757773310
|move|p2a: Gholdengo|Shadow Ball|p1b: Archaludon
|-damage|p1b: Archaludon|0 fnt
|faint|p1b: Archaludon
|-damage|p2a: Gholdengo|63/100|[from] item: Life Orb
|
|win|NoiceDynamite
|raw|GGCompaq1's rating: 1053 → 1034(-19 for losing)
|raw|NoiceDynamite's rating: 1040 → 1075(+35 for winning)
|c|☆NoiceDynamite|gg
|l|☆GGCompaq1
|player|p1|
