|j|☆Wooperdooperpooper
|j|☆gene takavic
|html|Wooperdooperpoopergene takavic    
|uhtml|bestof|Game 1 of a best-of-3
|t:|1756535178
|gametype|doubles
|player|p1|Wooperdooperpooper|2|1317
|player|p2|gene takavic|pryce|1197
|gen|9
|tier|[Gen 9] VGC 2025 Reg H (Bo3)
|rated|
|rule|Species Clause: Limit one of each Pokémon
|rule|Item Clause: Limit 1 of each item
|clearpoke
|poke|p1|Charizard, L50, F|
|poke|p1|Indeedee-F, L50, F|
|poke|p1|Ursaluna, L50, F|
|poke|p1|Torkoal, L50, M|
|poke|p1|Gallade, L50, M|
|poke|p1|Hatterene, L50, F|
|poke|p2|Charizard, L50, M|
|poke|p2|Torkoal, L50, F|
|poke|p2|Porygon2, L50|
|poke|p2|Incineroar, L50, F|
|poke|p2|Jumpluff, L50, M|
|poke|p2|Ursaluna, L50, F|
|teampreview|4
|showteam|p1|Charizard||ChoiceScarf|SolarPower|HeatWave,Overheat,WeatherBall,ScorchingSands|||F|||50|,,,,,Fire]Indeedee-F||SafetyGoggles|PsychicSurge|DazzlingGleam,FollowMe,TrickRoom,HelpingHand|||F|||50|,,,,,Water]Ursaluna||FlameOrb|Guts|HeadlongRush,Facade,RockSlide,Protect|||F|||50|,,,,,Dragon]Torkoal||Charcoal|Drought|Eruption,Overheat,HelpingHand,Protect|||M|||50|,,,,,Fire]Gallade||ClearAmulet|Sharpness|SacredSword,PsychoCut,TrickRoom,WideGuard|||M|||50|,,,,,Grass]Hatterene||LifeOrb|MagicBounce|ExpandingForce,DazzlingGleam,TrickRoom,Protect|||F|||50|,,,,,Water
|showteam|p2|Charizard||ChoiceSpecs|SolarPower|HeatWave,Overheat,WeatherBall,AirSlash|||M|||50|,,,,,Ghost]Torkoal||EjectPack|Drought|Eruption,Overheat,HelpingHand,Protect|||F|||50|,,,,,Fire]Porygon2||Eviolite|Download|TeraBlast,IceBeam,Recover,TrickRoom||||||50|,,,,,Fighting]Incineroar||SitrusBerry|Intimidate|FlareBlitz,KnockOff,FakeOut,PartingShot|||F|||50|,,,,,Ghost]Jumpluff||CovertCloak|Chlorophyll|SleepPowder,SunnyDay,RagePowder,Tailwind|||M|||50|,,,,,Water]Ursaluna||FlameOrb|Guts|HeadlongRush,Facade,Earthquake,Protect|||F|||50|,,,,,Ghost
|inactive|Battle timer is ON: inactive players will automatically lose when time's up. (requested by gene takavic)
|inactive|gene takavic has 60 seconds left.
|inactive|gene takavic has 30 seconds left.
|
|t:|1756535242
|teamsize|p1|4
|teamsize|p2|4
|start
|switch|p1a: Hatterene|Hatterene, L50, F|100/100
|switch|p1b: Indeedee|Indeedee-F, L50, F|100/100
|switch|p2a: Porygon2|Porygon2, L50|100/100
|switch|p2b: Incineroar|Incineroar, L50, F|100/100
|-ability|p2b: Incineroar|Intimidate|boost
|-unboost|p1a: Hatterene|atk|1
|-unboost|p1b: Indeedee|atk|1
|-ability|p2a: Porygon2|Download|boost
|-boost|p2a: Porygon2|atk|1
|-fieldstart|move: Psychic Terrain|[from] ability: Psychic Surge|[of] p1b: Indeedee
|turn|1
|
|t:|1756535255
|switch|p1b: Ursaluna|Ursaluna, L50, F|100/100
|move|p2b: Incineroar|Parting Shot|p1a: Hatterene
|move|p1a: Hatterene|Parting Shot|p2b: Incineroar|[from] ability: Magic Bounce
|-unboost|p2b: Incineroar|atk|1
|-unboost|p2b: Incineroar|spa|1
|
|t:|1756535261
|switch|p1a: Indeedee|Indeedee-F, L50, F|100/100|[from] Parting Shot
|move|p2a: Porygon2|Trick Room|p2a: Porygon2
|-fieldstart|move: Trick Room|[of] p2a: Porygon2
|
|-status|p1b: Ursaluna|brn|[from] item: Flame Orb
|upkeep
|turn|2
|
|t:|1756535275
|move|p1a: Indeedee|Helping Hand|p1b: Ursaluna
|-singleturn|p1b: Ursaluna|Helping Hand|[of] p1a: Indeedee
|move|p1b: Ursaluna|Facade|p2a: Porygon2
|-damage|p2a: Porygon2|0 fnt
|faint|p2a: Porygon2
|move|p2b: Incineroar|Parting Shot|p1b: Ursaluna
|-unboost|p1b: Ursaluna|atk|1
|-unboost|p1b: Ursaluna|spa|1
|
|t:|1756535278
|switch|p2b: Charizard|Charizard, L50, M|100/100|[from] Parting Shot
|
|-damage|p1b: Ursaluna|95/100 brn|[from] brn
|upkeep
|
|t:|1756535280
|switch|p2a: Incineroar|Incineroar, L50, F|100/100
|-ability|p2a: Incineroar|Intimidate|boost
|-unboost|p1a: Indeedee|atk|1
|-unboost|p1b: Ursaluna|atk|1
|turn|3
|
|t:|1756535289
|-terastallize|p2b: Charizard|Ghost
|move|p1a: Indeedee|Helping Hand|p1b: Ursaluna
|-singleturn|p1b: Ursaluna|Helping Hand|[of] p1a: Indeedee
|move|p1b: Ursaluna|Rock Slide|p2a: Incineroar|[spread] p2a,p2b
|-supereffective|p2a: Incineroar
|-crit|p2a: Incineroar
|-damage|p2a: Incineroar|0 fnt
|-damage|p2b: Charizard|61/100
|faint|p2a: Incineroar
|move|p2b: Charizard|Heat Wave|p1b: Ursaluna|[spread] p1a,p1b
|-damage|p1a: Indeedee|58/100
|-damage|p1b: Ursaluna|56/100 brn
|-status|p1a: Indeedee|brn
|
|-damage|p1b: Ursaluna|50/100 brn|[from] brn
|-damage|p1a: Indeedee|52/100 brn|[from] brn
|upkeep
|
|t:|1756535291
|switch|p2a: Ursaluna|Ursaluna, L50, F|100/100
|turn|4
|
|t:|1756535301
|move|p1a: Indeedee|Follow Me|p1a: Indeedee
|-singleturn|p1a: Indeedee|move: Follow Me
|move|p1b: Ursaluna|Headlong Rush|p2b: Charizard
|-damage|p2b: Charizard|0 fnt
|-unboost|p1b: Ursaluna|def|1
|-unboost|p1b: Ursaluna|spd|1
|faint|p2b: Charizard
|move|p2a: Ursaluna|Earthquake|p1b: Ursaluna|[spread] p1a,p1b
|-damage|p1a: Indeedee|4/100 brn
|-damage|p1b: Ursaluna|0 fnt
|faint|p1b: Ursaluna
|
|-damage|p1a: Indeedee|0 fnt|[from] brn
|faint|p1a: Indeedee
|-status|p2a: Ursaluna|brn|[from] item: Flame Orb
|upkeep
|
|t:|1756535309
|switch|p1b: Charizard|Charizard, L50, F|100/100
|switch|p1a: Hatterene|Hatterene, L50, F|100/100
|turn|5
|
|t:|1756535318
|move|p1a: Hatterene|Expanding Force|p2a: Ursaluna
|-damage|p2a: Ursaluna|0 fnt
|faint|p2a: Ursaluna
|-damage|p1a: Hatterene|91/100|[from] item: Life Orb
|
|win|Wooperdooperpooper
