|j|☆SoundsGoodra
|j|☆testdigi
|html|SoundsGoodratestdigi    
|uhtml|bestof|Game 3 of a best-of-3
|t:|1785174512
|gametype|doubles
|player|p1|SoundsGoodra|dragontamer|1208
|player|p2|testdigi|169|1175
|gen|9
|tier|[Gen 9 Champions] VGC 2026 Reg M-B (Bo3)
|rated|
|rule|Species Clause: Limit one of each Pokémon
|rule|Item Clause: Limit 1 of each item
|clearpoke
|poke|p1|Raichu, L50, F, shiny|
|poke|p1|Sinistcha, L50, shiny|
|poke|p1|Incineroar, L50, M, shiny|
|poke|p1|Sylveon, L50, M, shiny|
|poke|p1|Metagross, L50, shiny|
|poke|p1|Hydreigon, L50, F, shiny|
|poke|p2|Raichu, L50, M|
|poke|p2|Toxapex, L50, F|
|poke|p2|Mamoswine, L50, F|
|poke|p2|Sylveon, L50, M|
|poke|p2|Corviknight, L50, F|
|poke|p2|Basculegion, L50, M|
|teampreview|4
|showteam|p1|Raichu||RaichuniteY|LightningRod|ZapCannon,FocusBlast,FakeOut,Protect|Timid||F|||50|]Sinistcha||SitrusBerry|Hospitality|MatchaGotcha,RagePowder,TrickRoom,Protect|Bold|||||50|]Incineroar||ShucaBerry|Intimidate|FlareBlitz,DarkestLariat,PartingShot,FakeOut|Careful||M|||50|]Sylveon||FairyFeather|Pixilate|HyperVoice,Moonblast,CalmMind,Protect|Modest||M|||50|]Metagross||Metagrossite|ClearBody|HardPress,PsychicFangs,BodyPress,Protect|Adamant|||||50|]Hydreigon||ChoiceScarf|Levitate|DracoMeteor,DarkPulse,EarthPower,Snarl|Modest||F|||50|
|showteam|p2|Raichu||RaichuniteY|LightningRod|ZapCannon,FocusBlast,FakeOut,Protect|Timid||M|||50|]Toxapex||Leftovers|Regenerator|Infestation,Toxic,WideGuard,BanefulBunker|Relaxed||F|||50|]Mamoswine||LifeOrb|Oblivious|StompingTantrum,IceShard,RockSlide,Protect|Adamant||F|||50|]Sylveon||FairyFeather|Pixilate|HyperVoice,QuickAttack,Yawn,Detect|Modest||M|||50|]Corviknight||OccaBerry|MirrorArmor|IronHead,BraveBird,Tailwind,Protect|Adamant||F|||50|]Basculegion||FocusSash|Adaptability|LastRespects,Liquidation,AquaJet,Protect|Adamant||M|||50|
|inactive|Battle timer is ON: inactive players will automatically lose when time's up. (requested by testdigi)
|
|t:|1785174558
|teamsize|p1|4
|teamsize|p2|4
|start
|switch|p1a: Metagross|Metagross, L50, shiny|100/100
|switch|p1b: Raichu|Raichu, L50, F, shiny|100/100
|switch|p2a: Corviknight|Corviknight, L50, F|100/100
|switch|p2b: Raichu|Raichu, L50, M|100/100
|turn|1
|
|t:|1785174578
|switch|p1b: Hydreigon|Hydreigon, L50, F, shiny|100/100
|detailschange|p2b: Raichu|Raichu-Mega-Y, L50, M
|-mega|p2b: Raichu|Raichu|Raichunite Y
|move|p2b: Raichu|Fake Out|p1a: Metagross
|-resisted|p1a: Metagross|1
|-damage|p1a: Metagross|96/100
|cant|p1a: Metagross|flinch
|move|p2a: Corviknight|Tailwind|p2a: Corviknight
|-sidestart|p2: testdigi|move: Tailwind
|
|upkeep
|turn|2
|
|t:|1785174601
|move|p2b: Raichu|Zap Cannon|p1a: Metagross
|-damage|p1a: Metagross|37/100
|-status|p1a: Metagross|par
|move|p1b: Hydreigon|Dark Pulse|p2a: Corviknight
|-damage|p2a: Corviknight|57/100
|move|p2a: Corviknight|Iron Head|p1b: Hydreigon
|-damage|p1b: Hydreigon|64/100
|cant|p1a: Metagross|par
|
|upkeep
|turn|3
|
|t:|1785174619
|switch|p1b: Sylveon|Sylveon, L50, M, shiny|100/100
|move|p2b: Raichu|Focus Blast|p1b: Sylveon
|-resisted|p1b: Sylveon|1
|-damage|p1b: Sylveon|85/100
|move|p2a: Corviknight|Iron Head|p1a: Metagross
|-resisted|p1a: Metagross|1
|-damage|p1a: Metagross|24/100 par
|move|p1a: Metagross|Psychic Fangs|p2b: Raichu
|-damage|p2b: Raichu|21/100
|
|upkeep
|turn|4
|
|t:|1785174633
|move|p1b: Sylveon|Protect|p1b: Sylveon
|-singleturn|p1b: Sylveon|Protect
|move|p2b: Raichu|Focus Blast|p1a: Metagross
|-damage|p1a: Metagross|0 fnt
|faint|p1a: Metagross
|move|p2a: Corviknight|Iron Head|p1b: Sylveon
|-activate|p1b: Sylveon|move: Protect
|
|-sideend|p2: testdigi|move: Tailwind
|upkeep
|
|t:|1785174643
|switch|p1a: Raichu|Raichu, L50, F, shiny|100/100
|turn|5
|
|t:|1785174655
|detailschange|p1a: Raichu|Raichu-Mega-Y, L50, F, shiny
|-mega|p1a: Raichu|Raichu|Raichunite Y
|move|p2b: Raichu|Protect|p2b: Raichu
|-singleturn|p2b: Raichu|Protect
|move|p2a: Corviknight|Protect|p2a: Corviknight
|-singleturn|p2a: Corviknight|Protect
|move|p1a: Raichu|Zap Cannon|p2a: Corviknight
|-activate|p2a: Corviknight|move: Protect
|move|p1b: Sylveon|Hyper Voice|p2b: Raichu|[spread] 
|-activate|p2a: Corviknight|move: Protect
|-activate|p2b: Raichu|move: Protect
|
|upkeep
|turn|6
|
|t:|1785174670
|switch|p2a: Mamoswine|Mamoswine, L50, F|100/100
|move|p1b: Sylveon|Protect|p1b: Sylveon
|-singleturn|p1b: Sylveon|Protect
|move|p2b: Raichu|Zap Cannon|p1b: Sylveon
|-activate|p1b: Sylveon|move: Protect
|move|p1a: Raichu|Zap Cannon|p2a: Mamoswine
|-immune|p2a: Mamoswine
|
|upkeep
|turn|7
|
|t:|1785174680
|move|p2b: Raichu|Zap Cannon|p1b: Sylveon
|-damage|p1b: Sylveon|41/100
|-status|p1b: Sylveon|par
|move|p1a: Raichu|Focus Blast|p2a: Mamoswine
|-supereffective|p2a: Mamoswine|1
|-damage|p2a: Mamoswine|0 fnt
|faint|p2a: Mamoswine
|move|p1b: Sylveon|Hyper Voice|p2b: Raichu
|-damage|p2b: Raichu|0 fnt
|faint|p2b: Raichu
|
|upkeep
|
|t:|1785174687
|switch|p2b: Basculegion|Basculegion, L50, M|100/100
|switch|p2a: Corviknight|Corviknight, L50, F|57/100
|turn|8
|
|t:|1785174703
|move|p2b: Basculegion|Protect|p2b: Basculegion
|-singleturn|p2b: Basculegion|Protect
|move|p1a: Raichu|Zap Cannon|p2b: Basculegion
|-activate|p2b: Basculegion|move: Protect
|move|p2a: Corviknight|Tailwind|p2a: Corviknight
|-sidestart|p2: testdigi|move: Tailwind
|move|p1b: Sylveon|Hyper Voice|p2b: Basculegion|[spread] p2a
|-activate|p2b: Basculegion|move: Protect
|-resisted|p2a: Corviknight|1
|-crit|p2a: Corviknight
|-damage|p2a: Corviknight|23/100
|
|upkeep
|turn|9
|
|t:|1785174713
|move|p1a: Raichu|Protect|p1a: Raichu
|-singleturn|p1a: Raichu|Protect
|move|p1b: Sylveon|Protect|p1b: Sylveon
|-singleturn|p1b: Sylveon|Protect
|move|p2b: Basculegion|Last Respects|p1a: Raichu
|-activate|p1a: Raichu|move: Protect
|move|p2a: Corviknight|Iron Head|p1b: Sylveon
|-activate|p1b: Sylveon|move: Protect
|
|upkeep
|turn|10
|
|t:|1785174732
|switch|p1a: Hydreigon|Hydreigon, L50, F, shiny|64/100
|move|p2b: Basculegion|Last Respects|p1a: Hydreigon
|-resisted|p1a: Hydreigon|1
|-damage|p1a: Hydreigon|8/100
|move|p2a: Corviknight|Iron Head|p1b: Sylveon
|-supereffective|p1b: Sylveon|1
|-damage|p1b: Sylveon|0 fnt
|faint|p1b: Sylveon
|
|upkeep
|
|t:|1785174740
|switch|p1b: Raichu|Raichu-Mega-Y, L50, F, shiny|100/100
|turn|11
|
|t:|1785174752
|move|p2b: Basculegion|Last Respects|p1b: Raichu
|-damage|p1b: Raichu|0 fnt
|faint|p1b: Raichu
|move|p1a: Hydreigon|Snarl|p2b: Basculegion|[spread] p2a,p2b
|-supereffective|p2b: Basculegion|1
|-damage|p2a: Corviknight|2/100
|-damage|p2b: Basculegion|50/100g
|-ability|p2a: Corviknight|Mirror Armor
|-unboost|p1a: Hydreigon|spa|1
|-unboost|p2b: Basculegion|spa|1
|move|p2a: Corviknight|Iron Head|p1a: Hydreigon
|-damage|p1a: Hydreigon|0 fnt
|faint|p1a: Hydreigon
|
|win|testdigi
|raw|SoundsGoodra's rating: 1208 → 1181(-27 for losing)
|raw|testdigi's rating: 1175 → 1202(+27 for winning)
