|j|☆KrsCrossAppleSauce
|j|☆Sincubii
|html|KrsCrossAppleSauceSincubii    
|uhtml|bestof|Game 2 of a best-of-3
|t:|1756294205
|gametype|doubles
|player|p1|KrsCrossAppleSauce|green|1191
|player|p2|Sincubii|palmer|1175
|gen|9
|tier|[Gen 9] VGC 2025 Reg H (Bo3)
|rated|
|rule|Species Clause: Limit one of each Pokémon
|rule|Item Clause: Limit 1 of each item
|clearpoke
|poke|p1|Sneasler, L50, M|
|poke|p1|Gholdengo, L50|
|poke|p1|Dondozo, L50, F|
|poke|p1|Rillaboom, L50, M|
|poke|p1|Volcarona, L50, M|
|poke|p1|Electabuzz, L50, M|
|poke|p2|Weavile, L50, F|
|poke|p2|Rillaboom, L50, M|
|poke|p2|Magnezone, L50|
|poke|p2|Dragonite, L50, F|
|poke|p2|Ursaluna-Bloodmoon, L50, M|
|poke|p2|Infernape, L50, F|
|teampreview|4
|showteam|p1|Sneasler||FocusSash|PoisonTouch|FakeOut,DireClaw,CloseCombat,Protect|||M|||50|,,,,,Dark]Gholdengo||LifeOrb|GoodasGold|MakeItRain,ShadowBall,NastyPlot,Protect||||||50|,,,,,Water]Dondozo||Leftovers|Unaware|WaveCrash,Yawn,Fissure,Protect|||F|||50|,,,,,Steel]Rillaboom||AssaultVest|GrassySurge|FakeOut,WoodHammer,GrassyGlide,HighHorsepower|||M|||50|,,,,,Fire]Volcarona||CovertCloak|FlameBody|HeatWave,QuiverDance,TeraBlast,Protect|||M|||50|,,,,,Fairy]Electabuzz||Eviolite|VitalSpirit|Thunderbolt,FollowMe,Taunt,Protect|||M|||50|,,,,,Ghost
|showteam|p2|Weavile||LifeOrb|Pressure|IceSpinner,FakeOut,KnockOff,IceShard|||F|||50|,,,,,Ghost]Rillaboom||MiracleSeed|GrassySurge|FakeOut,GrassyGlide,WoodHammer,Protect|||M|||50|,,,,,Grass]Magnezone||ChoiceSpecs|Analytic|VoltSwitch,Electroweb,Thunderbolt,FlashCannon||||||50|,,,,,Grass]Dragonite||LoadedDice|Multiscale|Protect,ScaleShot,Tailwind,Haze|||F|||50|,,,,,Fairy]Ursaluna-Bloodmoon||AssaultVest|MindsEye|BloodMoon,HyperVoice,EarthPower,VacuumWave|||M|||50|,,,,,Normal]Infernape||FocusSash|Blaze|MachPunch,Overheat,CloseCombat,FakeOut|||F|||50|,,,,,Fire
|inactive|Battle timer is ON: inactive players will automatically lose when time's up. (requested by Sincubii)
|
|t:|1756294269
|teamsize|p1|4
|teamsize|p2|4
|start
|switch|p1a: Volcarona|Volcarona, L50, M|100/100
|switch|p1b: Electabuzz|Electabuzz, L50, M|100/100
|switch|p2a: Infernape|Infernape, L50, F|100/100
|switch|p2b: Dragonite|Dragonite, L50, F|100/100
|turn|1
|
|t:|1756294292
|move|p2a: Infernape|Fake Out|p1b: Electabuzz
|-damage|p1b: Electabuzz|93/100
|cant|p1b: Electabuzz|flinch
|move|p1a: Volcarona|Heat Wave|p2a: Infernape|[spread] p2a,p2b
|-resisted|p2a: Infernape
|-resisted|p2b: Dragonite
|-damage|p2a: Infernape|71/100
|-damage|p2b: Dragonite|93/100
|move|p2b: Dragonite|Tailwind|p2b: Dragonite
|-sidestart|p2: Sincubii|move: Tailwind
|
|upkeep
|turn|2
|
|t:|1756294312
|-terastallize|p1a: Volcarona|Fairy
|move|p1b: Electabuzz|Follow Me|p1b: Electabuzz
|-singleturn|p1b: Electabuzz|move: Follow Me
|move|p2a: Infernape|Close Combat|p1b: Electabuzz
|-damage|p1b: Electabuzz|58/100
|-unboost|p2a: Infernape|def|1
|-unboost|p2a: Infernape|spd|1
|move|p2b: Dragonite|Scale Shot|p1b: Electabuzz
|-damage|p1b: Electabuzz|47/100
|-damage|p1b: Electabuzz|35/100
|-damage|p1b: Electabuzz|23/100
|-damage|p1b: Electabuzz|10/100
|-damage|p1b: Electabuzz|0 fnt
|faint|p1b: Electabuzz
|-hitcount|p1: Electabuzz|5
|-unboost|p2b: Dragonite|def|1
|-boost|p2b: Dragonite|spe|1
|move|p1a: Volcarona|Tera Blast|p2b: Dragonite|[anim] Tera Blast Fairy
|-supereffective|p2b: Dragonite
|-damage|p2b: Dragonite|22/100
|
|upkeep
|
|t:|1756294324
|switch|p1b: Sneasler|Sneasler, L50, M|100/100
|turn|3
|inactive|Sincubii has 30 seconds left.
|
|t:|1756294354
|switch|p2b: Magnezone|Magnezone, L50|100/100
|-terastallize|p2a: Infernape|Fire
|move|p1b: Sneasler|Fake Out|p2b: Magnezone
|-resisted|p2b: Magnezone
|-damage|p2b: Magnezone|94/100
|move|p2a: Infernape|Overheat|p1a: Volcarona
|-damage|p1a: Volcarona|28/100
|-unboost|p2a: Infernape|spa|2
|move|p1a: Volcarona|Quiver Dance|p1a: Volcarona
|-boost|p1a: Volcarona|spa|1
|-boost|p1a: Volcarona|spd|1
|-boost|p1a: Volcarona|spe|1
|
|upkeep
|turn|4
|inactive|Sincubii has 30 seconds left.
|inactive|Sincubii has 20 seconds left.
|
|t:|1756294392
|move|p1a: Volcarona|Protect|p1a: Volcarona
|-singleturn|p1a: Volcarona|Protect
|move|p1b: Sneasler|Protect|p1b: Sneasler
|-singleturn|p1b: Sneasler|Protect
|move|p2a: Infernape|Overheat|p1a: Volcarona
|-activate|p1a: Volcarona|move: Protect
|move|p2b: Magnezone|Electroweb|p1b: Sneasler|[spread] 
|-activate|p1a: Volcarona|move: Protect
|-activate|p1b: Sneasler|move: Protect
|
|-sideend|p2: Sincubii|move: Tailwind
|upkeep
|turn|5
|inactive|KrsCrossAppleSauce has 30 seconds left.
|
|t:|1756294420
|move|p2a: Infernape|Mach Punch|p1b: Sneasler
|-resisted|p1b: Sneasler
|-damage|p1b: Sneasler|89/100
|move|p1a: Volcarona|Heat Wave|p2b: Magnezone|[spread] p2b
|-miss|p1a: Volcarona|p2a: Infernape
|-supereffective|p2b: Magnezone
|-damage|p2b: Magnezone|0 fnt
|faint|p2b: Magnezone
|move|p1b: Sneasler|Close Combat|p2a: Infernape
|-damage|p2a: Infernape|0 fnt
|-unboost|p1b: Sneasler|def|1
|-unboost|p1b: Sneasler|spd|1
|faint|p2a: Infernape
|
|upkeep
|
|t:|1756294433
|switch|p2a: Weavile|Weavile, L50, F|100/100
|switch|p2b: Dragonite|Dragonite, L50, F|22/100
|-ability|p2a: Weavile|Pressure
|turn|6
|
|t:|1756294453
|move|p2a: Weavile|Ice Shard|p1a: Volcarona
|-damage|p1a: Volcarona|0 fnt
|faint|p1a: Volcarona
|-damage|p2a: Weavile|91/100|[from] item: Life Orb
|move|p1b: Sneasler|Dire Claw|p2b: Dragonite
|-damage|p2b: Dragonite|0 fnt
|faint|p2b: Dragonite
|
|upkeep
|
|t:|1756294460
|switch|p1a: Dondozo|Dondozo, L50, F|100/100
|turn|7
|
|t:|1756294476
|move|p2a: Weavile|Ice Spinner|p1b: Sneasler
|-damage|p1b: Sneasler|0 fnt
|faint|p1b: Sneasler
|-damage|p2a: Weavile|81/100|[from] item: Life Orb
|move|p1a: Dondozo|Yawn|p2a: Weavile
|-start|p2a: Weavile|move: Yawn|[of] p1a: Dondozo
|
|upkeep
|turn|8
|
|t:|1756294483
|move|p1a: Dondozo|Protect|p1a: Dondozo
|-singleturn|p1a: Dondozo|Protect
|move|p2a: Weavile|Knock Off|p1a: Dondozo
|-activate|p1a: Dondozo|move: Protect
|
|-end|p2a: Weavile|move: Yawn|[silent]
|-status|p2a: Weavile|slp
|upkeep
|turn|9
|
|t:|1756294486
|cant|p2a: Weavile|slp
|move|p1a: Dondozo|Wave Crash|p2a: Weavile
|-damage|p2a: Weavile|11/100 slp
|-damage|p1a: Dondozo|86/100|[from] Recoil
|
|-heal|p1a: Dondozo|93/100|[from] item: Leftovers
|upkeep
|turn|10
|
|t:|1756294491
|cant|p2a: Weavile|slp
|move|p1a: Dondozo|Wave Crash|p2a: Weavile
|-damage|p2a: Weavile|0 fnt
|faint|p2a: Weavile
|-damage|p1a: Dondozo|91/100|[from] Recoil
|
|win|KrsCrossAppleSauce
|raw|KrsCrossAppleSauce's rating: 1191 → 1215(+24 for winning)
|raw|Sincubii's rating: 1175 → 1151(-24 for losing)
|l|☆Sincubii
|player|p2|
