|j|☆GokuVGC01
|j|☆Cfing
|html|GokuVGC01Cfing    
|uhtml|bestof|Game 2 of a best-of-3
|t:|1757713981
|gametype|doubles
|player|p1|GokuVGC01|102|1167
|player|p2|Cfing|hiker-gen4|1197
|gen|9
|tier|[Gen 9] VGC 2025 Reg H (Bo3)
|rated|
|rule|Species Clause: Limit one of each Pokémon
|rule|Item Clause: Limit 1 of each item
|clearpoke
|poke|p1|Gholdengo, L50|
|poke|p1|Electabuzz, L50, M|
|poke|p1|Pelipper, L50, F|
|poke|p1|Basculegion, L50, M|
|poke|p1|Archaludon, L50, F|
|poke|p1|Incineroar, L50, F|
|poke|p2|Whimsicott, L50, F|
|poke|p2|Annihilape, L50, F|
|poke|p2|Pelipper, L50, M|
|poke|p2|Archaludon, L50, M|
|poke|p2|Sneasler, L50, M|
|poke|p2|Indeedee, L50, M|
|teampreview|4
|showteam|p1|Gholdengo||LifeOrb|GoodasGold|MakeItRain,ShadowBall,NastyPlot,Protect||||||50|,,,,,Water]Electabuzz||Eviolite|VitalSpirit|Electroweb,Taunt,FollowMe,Protect|||M|||50|,,,,,Ghost]Pelipper||FocusSash|Drizzle|WeatherBall,Hurricane,Tailwind,Protect|||F|||50|,,,,,Ghost]Basculegion||ChoiceBand|SwiftSwim|WaveCrash,FlipTurn,LastRespects,AquaJet|||M|||50|,,,,,Water]Archaludon||AssaultVest|Stamina|ElectroShot,FlashCannon,DracoMeteor,BodyPress|||F|||50|,,,,,Grass]Incineroar||SafetyGoggles|Intimidate|KnockOff,PartingShot,Taunt,FakeOut|||F|||50|,,,,,Ghost
|showteam|p2|Whimsicott||FocusSash|Prankster|Tailwind,Taunt,Moonblast,BeatUp|||F|||50|,,,,,Ghost]Annihilape||AssaultVest|Defiant|RageFist,CloseCombat,RockSlide,DrainPunch|||F|||50|,,,,,Fire]Pelipper||CovertCloak|Drizzle|Tailwind,Hurricane,WeatherBall,Protect|||M|||50|,,,,,Ground]Archaludon||LifeOrb|Stamina|ElectroShot,Protect,DracoMeteor,BodyPress|||M|||50|,,,,,Stellar]Sneasler||PsychicSeed|Unburden|Acrobatics,CloseCombat,DireClaw,ThroatChop|||M|||50|,,,,,Dark]Indeedee||ChoiceSpecs|PsychicSurge|ExpandingForce,Imprison,TrickRoom,Trick|||M|||50|,,,,,Psychic
|inactive|Battle timer is ON: inactive players will automatically lose when time's up. (requested by Cfing)
|
|t:|1757713995
|teamsize|p1|4
|teamsize|p2|4
|start
|switch|p1a: Basculegion|Basculegion, L50, M|100/100
|switch|p1b: Incineroar|Incineroar, L50, F|100/100
|switch|p2a: Whimsicott|Whimsicott, L50, F|100/100
|switch|p2b: Archaludon|Archaludon, L50, M|100/100
|-ability|p1b: Incineroar|Intimidate|boost
|-unboost|p2a: Whimsicott|atk|1
|-unboost|p2b: Archaludon|atk|1
|turn|1
|inactive|GokuVGC01 has 30 seconds left.
|inactive|Cfing has 30 seconds left.
|inactive|GokuVGC01 has 20 seconds left.
|inactive|Cfing has 20 seconds left.
|inactive|GokuVGC01 has 15 seconds left.
|inactive|Cfing has 15 seconds left.
|inactive|GokuVGC01 has 10 seconds left.
|inactive|GokuVGC01 has 5 seconds left.
|
|t:|1757714046
|-terastallize|p2b: Archaludon|Stellar
|move|p2a: Whimsicott|Tailwind|p2a: Whimsicott
|-sidestart|p2: Cfing|move: Tailwind
|move|p2b: Archaludon|Draco Meteor|p1a: Basculegion
|-damage|p1a: Basculegion|0 fnt
|-unboost|p2b: Archaludon|spa|2
|faint|p1a: Basculegion
|-damage|p2b: Archaludon|91/100|[from] item: Life Orb
|move|p1b: Incineroar|Knock Off|p2b: Archaludon
|-damage|p2b: Archaludon|58/100
|-ability|p2b: Archaludon|Stamina|boost
|-boost|p2b: Archaludon|def|1
|-enditem|p2b: Archaludon|Life Orb|[from] move: Knock Off|[of] p1b: Incineroar
|
|upkeep
|
|t:|1757714067
|switch|p1a: Gholdengo|Gholdengo, L50|100/100
|turn|2
|inactive|GokuVGC01 has 30 seconds left.
|
|t:|1757714093
|move|p2a: Whimsicott|Taunt|p1a: Gholdengo
|-immune|p1a: Gholdengo|[from] ability: Good as Gold
|move|p2b: Archaludon|Body Press|p1b: Incineroar
|-supereffective|p1b: Incineroar
|-damage|p1b: Incineroar|18/100
|move|p1a: Gholdengo|Make It Rain|p2a: Whimsicott|[spread] p2a,p2b
|-supereffective|p2a: Whimsicott
|-resisted|p2b: Archaludon
|-enditem|p2a: Whimsicott|Focus Sash
|-damage|p2a: Whimsicott|1/100
|-damage|p2b: Archaludon|16/100
|-unboost|p1a: Gholdengo|spa|1
|-ability|p2b: Archaludon|Stamina|boost
|-boost|p2b: Archaludon|def|1
|-damage|p1a: Gholdengo|91/100|[from] item: Life Orb
|move|p1b: Incineroar|Parting Shot|p2b: Archaludon
|-unboost|p2b: Archaludon|atk|1
|-unboost|p2b: Archaludon|spa|1
|
|t:|1757714110
|switch|p1b: Pelipper|Pelipper, L50, F|100/100|[from] Parting Shot
|-weather|RainDance|[from] ability: Drizzle|[of] p1b: Pelipper
|
|-weather|RainDance|[upkeep]
|upkeep
|turn|3
|inactive|GokuVGC01 has 30 seconds left.
|inactive|GokuVGC01 has 20 seconds left.
|inactive|GokuVGC01 has 15 seconds left.
|inactive|GokuVGC01 has 10 seconds left.
|inactive|GokuVGC01 has 5 seconds left.
|
|t:|1757714161
|move|p2a: Whimsicott|Moonblast|p1a: Gholdengo
|-resisted|p1a: Gholdengo
|-damage|p1a: Gholdengo|69/100
|move|p2b: Archaludon|Electro Shot||[still]
|-prepare|p2b: Archaludon|Electro Shot
|-boost|p2b: Archaludon|spa|1
|-anim|p2b: Archaludon|Electro Shot|p1b: Pelipper
|-supereffective|p1b: Pelipper
|-enditem|p1b: Pelipper|Focus Sash
|-damage|p1b: Pelipper|1/100
|move|p1a: Gholdengo|Nasty Plot|p1a: Gholdengo
|-boost|p1a: Gholdengo|spa|2
|move|p1b: Pelipper|Tailwind|p1b: Pelipper
|-sidestart|p1: GokuVGC01|move: Tailwind
|
|-weather|RainDance|[upkeep]
|upkeep
|turn|4
|inactive|GokuVGC01 has 30 seconds left.
|inactive|Cfing has 30 seconds left.
|inactive|GokuVGC01 has 20 seconds left.
|
|t:|1757714201
|move|p2b: Archaludon|Protect|p2b: Archaludon
|-singleturn|p2b: Archaludon|Protect
|move|p1b: Pelipper|Protect|p1b: Pelipper
|-singleturn|p1b: Pelipper|Protect
|move|p2a: Whimsicott|Moonblast|p1a: Gholdengo
|-resisted|p1a: Gholdengo
|-damage|p1a: Gholdengo|48/100
|move|p1a: Gholdengo|Shadow Ball|p2a: Whimsicott
|-damage|p2a: Whimsicott|0 fnt
|faint|p2a: Whimsicott
|-damage|p1a: Gholdengo|39/100|[from] item: Life Orb
|
|-weather|RainDance|[upkeep]
|-sideend|p2: Cfing|move: Tailwind
|upkeep
|
|t:|1757714223
|switch|p2a: Annihilape|Annihilape, L50, F|100/100
|turn|5
|inactive|GokuVGC01 has 30 seconds left.
|
|t:|1757714254
|move|p1a: Gholdengo|Make It Rain|p2b: Archaludon|[spread] p2a,p2b
|-resisted|p2b: Archaludon
|-damage|p2a: Annihilape|45/100
|-damage|p2b: Archaludon|0 fnt
|-unboost|p1a: Gholdengo|spa|1
|faint|p2b: Archaludon
|-damage|p1a: Gholdengo|29/100|[from] item: Life Orb
|move|p1b: Pelipper|Hurricane|p2a: Annihilape
|-supereffective|p2a: Annihilape
|-damage|p2a: Annihilape|0 fnt
|faint|p2a: Annihilape
|
|-weather|RainDance|[upkeep]
|upkeep
|inactive|Cfing has 30 seconds left.
|-message|Cfing forfeited.
|
|win|GokuVGC01
|raw|GokuVGC01's rating: 1167 → 1194(+27 for winning)
|raw|Cfing's rating: 1197 → 1170(-27 for losing)
|l|☆Cfing
|player|p2|
