|j|☆TrainerChrxs
|j|☆Pokeventurer
|html|TrainerChrxsPokeventurer    
|uhtml|bestof|Game 2 of a best-of-3
|t:|1757106194
|gametype|doubles
|player|p1|TrainerChrxs|psychic-gen4|1275
|player|p2|Pokeventurer|2|1194
|gen|9
|tier|[Gen 9] VGC 2025 Reg H (Bo3)
|rated|
|rule|Species Clause: Limit one of each Pokémon
|rule|Item Clause: Limit 1 of each item
|clearpoke
|poke|p1|Ninetales-Alola, L50, F|
|poke|p1|Baxcalibur, L50, F|
|poke|p1|Rillaboom, L50, M|
|poke|p1|Electabuzz, L50, M|
|poke|p1|Tauros-Paldea-Blaze, L50, M|
|poke|p1|Hydreigon, L50, F|
|poke|p2|Basculegion, L50, M|
|poke|p2|Pelipper, L50, F|
|poke|p2|Archaludon, L50, M|
|poke|p2|Rillaboom, L50, M|
|poke|p2|Maushold, L50|
|poke|p2|Annihilape, L50, F|
|teampreview|4
|showteam|p1|Ninetales-Alola||LightClay|SnowWarning|Protect,FreezeDry,Moonblast,AuroraVeil|||F|||50|,,,,,Water]Baxcalibur||LoadedDice|IceBody|Protect,GlaiveRush,IcicleSpear,SwordsDance|||F|||50|,,,,,Fire]Rillaboom||AssaultVest|GrassySurge|FakeOut,WoodHammer,GrassyGlide,Uturn|||M|||50|,,,,,Rock]Electabuzz||Eviolite|VitalSpirit|Protect,FollowMe,VoltSwitch,Electroweb|||M|||50|,,,,,Dragon]Tauros-Paldea-Blaze||ClearAmulet|Intimidate|Protect,RagingBull,CloseCombat,WillOWisp|||M|||50|,,,,,Ghost]Hydreigon||LifeOrb|Levitate|Protect,HeatWave,DarkPulse,NastyPlot|||F|||50|,,,,,Fire
|showteam|p2|Basculegion||ChoiceBand|SwiftSwim|WaveCrash,FlipTurn,LastRespects,AquaJet|||M|||50|,,,,,Water]Pelipper||FocusSash|Drizzle|WeatherBall,Hurricane,Tailwind,Protect|||F|||50|,,,,,Stellar]Archaludon||AssaultVest|Stamina|ElectroShot,FlashCannon,Snarl,BodyPress|||M|||50|,,,,,Grass]Rillaboom||CobaBerry|GrassySurge|FakeOut,GrassyGlide,WoodHammer,Uturn|||M|||50|,,,,,Steel]Maushold||CovertCloak|FriendGuard|FollowMe,BeatUp,SuperFang,Taunt||||||50|,,,,,Ghost]Annihilape||SafetyGoggles|Defiant|DrainPunch,RageFist,BulkUp,Protect|||F|||50|,,,,,Fire
|inactive|Battle timer is ON: inactive players will automatically lose when time's up. (requested by Pokeventurer)
|
|t:|1757106217
|teamsize|p1|4
|teamsize|p2|4
|start
|switch|p1a: Electabuzz|Electabuzz, L50, M|100/100
|switch|p1b: Hydreigon|Hydreigon, L50, F, shiny|100/100
|switch|p2a: London Paris&Tokyo|Archaludon, L50, M|100/100
|switch|p2b: MouseySee|Maushold, L50|100/100
|turn|1
|
|t:|1757106228
|move|p1a: Electabuzz|Follow Me|p1a: Electabuzz
|-singleturn|p1a: Electabuzz|move: Follow Me
|move|p2b: MouseySee|Beat Up|p1a: Electabuzz
|-damage|p1a: Electabuzz|98/100
|-damage|p1a: Electabuzz|95/100
|-damage|p1a: Electabuzz|93/100
|-damage|p1a: Electabuzz|90/100
|-hitcount|p1a: Electabuzz|4
|move|p1b: Hydreigon|Nasty Plot|p1b: Hydreigon
|-boost|p1b: Hydreigon|spa|2
|move|p2a: London Paris&Tokyo|Body Press|p1a: Electabuzz
|-damage|p1a: Electabuzz|67/100
|
|upkeep
|turn|2
|
|t:|1757106253
|switch|p2b: BigMouth|Pelipper, L50, F|100/100
|-weather|RainDance|[from] ability: Drizzle|[of] p2b: BigMouth
|switch|p2a: Zoom!Wake|Basculegion, L50, M|100/100
|move|p1a: Electabuzz|Follow Me|p1a: Electabuzz
|-singleturn|p1a: Electabuzz|move: Follow Me
|move|p1b: Hydreigon|Dark Pulse|p2b: BigMouth
|-enditem|p2b: BigMouth|Focus Sash
|-damage|p2b: BigMouth|1/100
|-damage|p1b: Hydreigon|91/100|[from] item: Life Orb
|
|-weather|RainDance|[upkeep]
|upkeep
|turn|3
|inactive|TrainerChrxs has 30 seconds left.
|inactive|TrainerChrxs has 20 seconds left.
|
|t:|1757106291
|switch|p1a: Ninetales|Ninetales-Alola, L50, F|100/100
|-weather|Snowscape|[from] ability: Snow Warning|[of] p1a: Ninetales
|move|p1b: Hydreigon|Dark Pulse|p2a: Zoom!Wake
|-supereffective|p2a: Zoom!Wake
|-damage|p2a: Zoom!Wake|0 fnt
|faint|p2a: Zoom!Wake
|-damage|p1b: Hydreigon|81/100|[from] item: Life Orb
|move|p2b: BigMouth|Tailwind|p2b: BigMouth
|-sidestart|p2: Pokeventurer|move: Tailwind
|
|-weather|Snowscape|[upkeep]
|upkeep
|
|t:|1757106304
|switch|p2a: London Paris&Tokyo|Archaludon, L50, M|100/100
|turn|4
|
|t:|1757106321
|-terastallize|p2b: BigMouth|Stellar
|-terastallize|p1b: Hydreigon|Fire
|move|p2a: London Paris&Tokyo|Flash Cannon|p1a: Ninetales
|-supereffective|p1a: Ninetales
|-damage|p1a: Ninetales|0 fnt
|faint|p1a: Ninetales
|move|p2b: BigMouth|Weather Ball|p1b: Hydreigon
|-resisted|p1b: Hydreigon
|-damage|p1b: Hydreigon|65/100
|move|p1b: Hydreigon|Heat Wave|p2a: London Paris&Tokyo|[spread] p2b
|-miss|p1b: Hydreigon|p2a: London Paris&Tokyo
|-resisted|p2b: BigMouth
|-damage|p2b: BigMouth|0 fnt
|faint|p2b: BigMouth
|-damage|p1b: Hydreigon|56/100|[from] item: Life Orb
|
|-weather|Snowscape|[upkeep]
|upkeep
|
|t:|1757106345
|switch|p1a: Electabuzz|Electabuzz, L50, M|67/100
|switch|p2b: MouseySee|Maushold, L50|100/100
|turn|5
|l|☆Pokeventurer
|inactive|Pokeventurer disconnected and has a minute to reconnect!
|player|p2|
|inactive|TrainerChrxs has 30 seconds left.
|inactive|Pokeventurer has 30 seconds left.
|j|☆Pokeventurer
|inactive|Pokeventurer reconnected and has 30 seconds left.
|player|p2|Pokeventurer|2|
|inactive|Pokeventurer has 20 seconds left.
|inactive|Pokeventurer has 15 seconds left.
|
|t:|1757106388
|move|p1a: Electabuzz|Follow Me|p1a: Electabuzz
|-singleturn|p1a: Electabuzz|move: Follow Me
|move|p2b: MouseySee|Beat Up|p1a: Electabuzz
|-damage|p1a: Electabuzz|64/100
|-damage|p1a: Electabuzz|62/100
|-hitcount|p1a: Electabuzz|2
|move|p2a: London Paris&Tokyo|Body Press|p1a: Electabuzz
|-damage|p1a: Electabuzz|39/100
|move|p1b: Hydreigon|Heat Wave|p2a: London Paris&Tokyo|[spread] p2a,p2b
|-damage|p2a: London Paris&Tokyo|40/100
|-damage|p2b: MouseySee|0 fnt
|-status|p2a: London Paris&Tokyo|brn
|-ability|p2a: London Paris&Tokyo|Stamina|boost
|-boost|p2a: London Paris&Tokyo|def|1
|faint|p2b: MouseySee
|-damage|p1b: Hydreigon|46/100|[from] item: Life Orb
|
|-weather|Snowscape|[upkeep]
|-damage|p2a: London Paris&Tokyo|34/100 brn|[from] brn
|upkeep
|turn|6
|
|t:|1757106410
|move|p1a: Electabuzz|Protect|p1a: Electabuzz
|-singleturn|p1a: Electabuzz|Protect
|move|p1b: Hydreigon|Protect|p1b: Hydreigon
|-singleturn|p1b: Hydreigon|Protect
|move|p2a: London Paris&Tokyo|Electro Shot||[still]
|-prepare|p2a: London Paris&Tokyo|Electro Shot
|-boost|p2a: London Paris&Tokyo|spa|1
|
|-weather|Snowscape|[upkeep]
|-damage|p2a: London Paris&Tokyo|28/100 brn|[from] brn
|-sideend|p2: Pokeventurer|move: Tailwind
|upkeep
|turn|7
|
|t:|1757106422
|move|p1a: Electabuzz|Follow Me|p1a: Electabuzz
|-singleturn|p1a: Electabuzz|move: Follow Me
|move|p1b: Hydreigon|Dark Pulse|p2a: London Paris&Tokyo
|-damage|p2a: London Paris&Tokyo|0 fnt
|faint|p2a: London Paris&Tokyo
|-damage|p1b: Hydreigon|37/100|[from] item: Life Orb
|
|win|TrainerChrxs
||Pokeventurer is ready for game 3.
|inactive|TrainerChrxs has 30 seconds to confirm battle start!
||TrainerChrxs is ready for game 3.
|uhtml|next|Next: Game 3 of 3
