|j|☆hood by airstream
|j|☆Como Se Dice Ben
|html|hood by airstreamComo Se Dice Ben    
|uhtml|bestof|Game 3 of a best-of-3
|t:|1754957818
|gametype|doubles
|player|p1|hood by airstream|acetrainer-gen2|1152
|player|p2|Como Se Dice Ben|li|1242
|gen|9
|tier|[Gen 9] VGC 2025 Reg H (Bo3)
|rated|
|rule|Species Clause: Limit one of each Pokémon
|rule|Item Clause: Limit 1 of each item
|clearpoke
|poke|p1|Incineroar, L50, M|
|poke|p1|Baxcalibur, L50, M|
|poke|p1|Farigiraf, L50, F|
|poke|p1|Primarina, L50, F|
|poke|p1|Gholdengo, L50|
|poke|p1|Vivillon-Fancy, L50, M|
|poke|p2|Pelipper, L50, F|
|poke|p2|Ursaluna, L50, F|
|poke|p2|Dragapult, L50, F|
|poke|p2|Incineroar, L50, M|
|poke|p2|Porygon2, L50|
|poke|p2|Amoonguss, L50, M|
|teampreview|4
|showteam|p1|Incineroar||SafetyGoggles|Intimidate|FakeOut,Taunt,PartingShot,KnockOff|||M|||50|,,,,,Poison]Baxcalibur||ClearAmulet|ThermalExchange|IcicleCrash,IceShard,GlaiveRush,Protect|||M|||50|,,,,,Water]Farigiraf||ThroatSpray|ArmorTail|HyperVoice,PsychicNoise,Protect,TrickRoom|||F|||50|,,,,,Water]Primarina||ChoiceSpecs|LiquidVoice|HyperVoice,Moonblast,IceBeam,Haze|||F|||50|,,,,,Poison]Gholdengo||Leftovers|GoodasGold|MakeItRain,ShadowBall,Protect,NastyPlot||||||50|,,,,,Dragon]Vivillon-Fancy||FocusSash|FriendGuard|Protect,Tailwind,RagePowder,PollenPuff|||M|||50|,,,,,Ghost
|showteam|p2|Pelipper||LifeOrb|Drizzle|WeatherBall,Hurricane,Protect,WideGuard|||F|||50|,,,,,Grass]Ursaluna||FlameOrb|Guts|Facade,HeadlongRush,Earthquake,Protect|||F|||50|,,,,,Ghost]Dragapult||ChoiceBand|ClearBody|DragonDarts,PhantomForce,Uturn,Outrage|||F|||50|,,,,,Dragon]Incineroar||SafetyGoggles|Intimidate|FakeOut,PartingShot,KnockOff,HelpingHand|||M|||50|,,,,,Ghost]Porygon2||Eviolite|Download|TeraBlast,IceBeam,TrickRoom,Recover||||||50|,,,,,Fighting]Amoonguss||CovertCloak|Regenerator|Spore,Protect,RagePowder,PollenPuff|||M|||50|,,,,,Water
|
|t:|1754957886
|teamsize|p1|4
|teamsize|p2|4
|start
|switch|p1a: Gholdengo|Gholdengo, L50|100/100
|switch|p1b: Vivillon|Vivillon-Fancy, L50, M|100/100
|switch|p2a: GO!!!|Porygon2, L50|100/100
|switch|p2b: FLOW|Incineroar, L50, M|100/100
|-ability|p2b: FLOW|Intimidate|boost
|-unboost|p1a: Gholdengo|atk|1
|-unboost|p1b: Vivillon|atk|1
|-ability|p2a: GO!!!|Download|boost
|-boost|p2a: GO!!!|spa|1
|turn|1
|
|t:|1754957907
|switch|p1b: Incineroar|Incineroar, L50, M|100/100
|-ability|p1b: Incineroar|Intimidate|boost
|-unboost|p2a: GO!!!|atk|1
|-unboost|p2b: FLOW|atk|1
|move|p1a: Gholdengo|Protect|p1a: Gholdengo
|-singleturn|p1a: Gholdengo|Protect
|move|p2b: FLOW|Knock Off|p1a: Gholdengo
|-activate|p1a: Gholdengo|move: Protect
|move|p2a: GO!!!|Trick Room|p2a: GO!!!
|-fieldstart|move: Trick Room|[of] p2a: GO!!!
|
|upkeep
|turn|2
|
|t:|1754957939
|switch|p2b: Steg|Ursaluna, L50, F, shiny|100/100
|switch|p1a: Primarina|Primarina, L50, F|100/100
|-terastallize|p2a: GO!!!|Fighting
|move|p2a: GO!!!|Tera Blast|p1b: Incineroar|[anim] Tera Blast Fighting
|-supereffective|p1b: Incineroar
|-damage|p1b: Incineroar|27/100
|move|p1b: Incineroar|Knock Off|p2b: Steg
|-damage|p2b: Steg|71/100
|-enditem|p2b: Steg|Flame Orb|[from] move: Knock Off|[of] p1b: Incineroar
|
|upkeep
|turn|3
|
|t:|1754957983
|switch|p2a: Pelistorm|Pelipper, L50, F, shiny|100/100
|-weather|RainDance|[from] ability: Drizzle|[of] p2a: Pelistorm
|switch|p1b: Vivillon|Vivillon-Fancy, L50, M|100/100
|move|p2b: Steg|Protect|p2b: Steg
|-singleturn|p2b: Steg|Protect
|move|p1a: Primarina|Hyper Voice|p2b: Steg|[spread] p2a
|-activate|p2b: Steg|move: Protect
|-resisted|p2a: Pelistorm
|-damage|p2a: Pelistorm|37/100
|
|-weather|RainDance|[upkeep]
|upkeep
|turn|4
|
|t:|1754958003
|switch|p1a: Incineroar|Incineroar, L50, M|27/100
|-ability|p1a: Incineroar|Intimidate|boost
|-unboost|p2a: Pelistorm|atk|1
|-unboost|p2b: Steg|atk|1
|move|p2a: Pelistorm|Wide Guard|p2a: Pelistorm
|-singleturn|p2a: Pelistorm|Wide Guard
|move|p2b: Steg|Headlong Rush|p1a: Incineroar
|-supereffective|p1a: Incineroar
|-damage|p1a: Incineroar|0 fnt
|-unboost|p2b: Steg|def|1
|-unboost|p2b: Steg|spd|1
|faint|p1a: Incineroar
|move|p1b: Vivillon|Pollen Puff|p1: Incineroar|[notarget]
|-fail|p1b: Vivillon
|
|-weather|RainDance|[upkeep]
|upkeep
|
|t:|1754958009
|switch|p1a: Gholdengo|Gholdengo, L50|100/100
|turn|5
|
|t:|1754958025
|switch|p2b: GO!!!|Porygon2, L50, tera:Fighting|100/100
|-ability|p2b: GO!!!|Download|boost
|-boost|p2b: GO!!!|spa|1
|switch|p2a: FLOW|Incineroar, L50, M|100/100
|-ability|p2a: FLOW|Intimidate|boost
|-unboost|p1a: Gholdengo|atk|1
|-unboost|p1b: Vivillon|atk|1
|move|p1a: Gholdengo|Protect|p1a: Gholdengo
|-singleturn|p1a: Gholdengo|Protect
|move|p1b: Vivillon|Pollen Puff|p2b: GO!!!
|-resisted|p2b: GO!!!
|-damage|p2b: GO!!!|92/100
|
|-weather|RainDance|[upkeep]
|-fieldend|move: Trick Room
|upkeep
|turn|6
|
|t:|1754958059
|switch|p1a: Primarina|Primarina, L50, F|100/100
|move|p1b: Vivillon|Pollen Puff|p2a: FLOW
|-damage|p2a: FLOW|74/100
|move|p2a: FLOW|Knock Off|p1a: Primarina
|-resisted|p1a: Primarina
|-damage|p1a: Primarina|84/100
|-enditem|p1a: Primarina|Choice Specs|[from] move: Knock Off|[of] p2a: FLOW
|move|p2b: GO!!!|Trick Room|p2b: GO!!!
|-fieldstart|move: Trick Room|[of] p2b: GO!!!
|
|-weather|RainDance|[upkeep]
|upkeep
|turn|7
|
|t:|1754958080
|move|p2b: GO!!!|Ice Beam|p1b: Vivillon
|-supereffective|p1b: Vivillon
|-crit|p1b: Vivillon
|-enditem|p1b: Vivillon|Focus Sash
|-damage|p1b: Vivillon|1/100
|move|p1a: Primarina|Hyper Voice|p2b: GO!!!|[spread] p2a,p2b
|-supereffective|p2a: FLOW
|-damage|p2a: FLOW|0 fnt
|-damage|p2b: GO!!!|60/100
|faint|p2a: FLOW
|move|p1b: Vivillon|Pollen Puff|p1a: Primarina
|-heal|p1a: Primarina|100/100
|
|-weather|none
|upkeep
|
|t:|1754958097
|switch|p2a: Pelistorm|Pelipper, L50, F, shiny|37/100
|-weather|RainDance|[from] ability: Drizzle|[of] p2a: Pelistorm
|turn|8
|
|t:|1754958116
|move|p1b: Vivillon|Rage Powder|p1b: Vivillon
|-singleturn|p1b: Vivillon|move: Rage Powder
|move|p2b: GO!!!|Ice Beam|p1b: Vivillon
|-supereffective|p1b: Vivillon
|-damage|p1b: Vivillon|0 fnt
|faint|p1b: Vivillon
|move|p2a: Pelistorm|Weather Ball|p1a: Primarina
|-resisted|p1a: Primarina
|-damage|p1a: Primarina|63/100
|-damage|p2a: Pelistorm|27/100|[from] item: Life Orb
|move|p1a: Primarina|Moonblast|p2b: GO!!!
|-supereffective|p2b: GO!!!
|-crit|p2b: GO!!!
|-damage|p2b: GO!!!|0 fnt
|faint|p2b: GO!!!
|
|-weather|RainDance|[upkeep]
|upkeep
|
|t:|1754958130
|switch|p2b: Steg|Ursaluna, L50, F, shiny|71/100
|switch|p1b: Gholdengo|Gholdengo, L50|100/100
|turn|9
|
|t:|1754958162
|-terastallize|p1b: Gholdengo|Dragon
|move|p2b: Steg|Earthquake|p1a: Primarina|[spread] p1a,p1b
|-immune|p2a: Pelistorm
|-damage|p1a: Primarina|7/100
|-damage|p1b: Gholdengo|62/100
|move|p2a: Pelistorm|Hurricane|p1a: Primarina
|-damage|p1a: Primarina|0 fnt
|faint|p1a: Primarina
|-damage|p2a: Pelistorm|18/100|[from] item: Life Orb
|move|p1b: Gholdengo|Shadow Ball|p2a: Pelistorm
|-damage|p2a: Pelistorm|0 fnt
|faint|p2a: Pelistorm
|
|-weather|RainDance|[upkeep]
|-heal|p1b: Gholdengo|68/100|[from] item: Leftovers
|upkeep
|turn|10
|
|t:|1754958180
|move|p1b: Gholdengo|Protect|p1b: Gholdengo
|-singleturn|p1b: Gholdengo|Protect
|move|p2b: Steg|Headlong Rush|p1b: Gholdengo
|-activate|p1b: Gholdengo|move: Protect
|
|-weather|RainDance|[upkeep]
|-heal|p1b: Gholdengo|74/100|[from] item: Leftovers
|-fieldend|move: Trick Room
|upkeep
|turn|11
|
|t:|1754958193
|move|p1b: Gholdengo|Make It Rain|p2b: Steg
|-damage|p2b: Steg|6/100
|-unboost|p1b: Gholdengo|spa|1
|move|p2b: Steg|Headlong Rush|p1b: Gholdengo
|-damage|p1b: Gholdengo|9/100
|-unboost|p2b: Steg|def|1
|-unboost|p2b: Steg|spd|1
|
|-weather|RainDance|[upkeep]
|-heal|p1b: Gholdengo|15/100|[from] item: Leftovers
|upkeep
|turn|12
|c|☆Como Se Dice Ben|gg
|c|☆hood by airstream|gg
|
|t:|1754958202
|move|p1b: Gholdengo|Make It Rain|p2b: Steg
|-damage|p2b: Steg|0 fnt
|-unboost|p1b: Gholdengo|spa|1
|faint|p2b: Steg
|
|win|hood by airstream
|raw|hood by airstream's rating: 1152 → 1183(+31 for winning)
|raw|Como Se Dice Ben's rating: 1242 → 1211(-31 for losing)
|l|☆hood by airstream
|player|p1|
