|j|☆TheLeoj
|j|☆kerlinn
|html|TheLeojkerlinn    
|uhtml|bestof|Game 1 of a best-of-3
|t:|1784648693
|gametype|doubles
|player|p1|TheLeoj|266|
|player|p2|kerlinn|colress|
|gen|9
|tier|[Gen 9 Champions] VGC 2026 Reg M-B (Bo3)
|rule|Species Clause: Limit one of each Pokémon
|rule|Item Clause: Limit 1 of each item
|clearpoke
|poke|p1|Charizard, L50, F, shiny|
|poke|p1|Grimmsnarl, L50, M, shiny|
|poke|p1|Pelipper, L50, F, shiny|
|poke|p1|Archaludon, L50, F, shiny|
|poke|p1|Basculegion, L50, M, shiny|
|poke|p1|Venusaur, L50, F, shiny|
|poke|p2|Umbreon, L50, M|
|poke|p2|Meganium, L50, M|
|poke|p2|Palafin, L50, F|
|poke|p2|Politoed, L50, F|
|poke|p2|Aegislash, L50, M|
|poke|p2|Meowstic, L50, M|
|teampreview|4
|showteam|p1|Charizard||CharizarditeY|Blaze|Protect,HeatWave,WeatherBall,SolarBeam|Modest||F|||50|]Grimmsnarl||LightClay|Prankster|SpiritBreak,Reflect,LightScreen,PartingShot|Sassy||M|||50|]Pelipper||SitrusBerry|Drizzle|Hurricane,WeatherBall,Tailwind,WideGuard|Modest||F|||50|]Archaludon||Leftovers|Stamina|Protect,ElectroShot,DragonPulse,FlashCannon|Calm||F|||50|]Basculegion||ChoiceScarf|Adaptability|FlipTurn,WaveCrash,AquaJet,LastRespects|Jolly||M|||50|]Venusaur||FocusSash|Chlorophyll|Protect,SleepPowder,SludgeBomb,EarthPower|Modest||F|||50|
|showteam|p2|Umbreon||Leftovers|InnerFocus|Taunt,Snarl,FoulPlay,Moonlight|Bold||M|||50|]Meganium||Meganiumite|Overgrow|Protect,WeatherBall,SolarBeam,DazzlingGleam|Modest||M|||50|]Palafin||ChoiceScarf|ZerotoHero|IcePunch,FlipTurn,JetPunch,WaveCrash|Adamant||F|||50|]Politoed||SitrusBerry|Drizzle|Protect,IcyWind,WeatherBall,EarthPower|Bold||F|||50|]Aegislash||SpellTag|StanceChange|KingsShield,ShadowSneak,Poltergeist,SacredSword|Brave||M|||50|]Meowstic||LightClay|Prankster|Reflect,LightScreen,ThunderWave,PsychicNoise|Bold||M|||50|
|inactive|Battle timer is ON: inactive players will automatically lose when time's up. (requested by TheLeoj)
|inactive|TheLeoj has 60 seconds left.
|inactive|kerlinn has 60 seconds left.
|inactive|kerlinn has 30 seconds left.
|inactive|kerlinn has 20 seconds left.
|
|t:|1784648769
|teamsize|p1|4
|teamsize|p2|4
|start
|switch|p1a: Charizard|Charizard, L50, F, shiny|100/100
|switch|p1b: Venusaur|Venusaur, L50, F, shiny|100/100
|switch|p2a: Umbreon|Umbreon, L50, M|100/100
|switch|p2b: Meganium|Meganium, L50, M|100/100
|turn|1
|inactive|kerlinn has 30 seconds left.
|inactive|kerlinn has 20 seconds left.
|
|t:|1784648807
|switch|p2b: Politoed|Politoed, L50, F|100/100
|-weather|RainDance|[from] ability: Drizzle|[of] p2b: Politoed
|detailschange|p1a: Charizard|Charizard-Mega-Y, L50, F, shiny
|-mega|p1a: Charizard|Charizard|Charizardite Y
|-weather|SunnyDay|[from] ability: Drought|[of] p1a: Charizard
|move|p1b: Venusaur|Sleep Powder|p2a: Umbreon
|-status|p2a: Umbreon|slp|[from] move: Sleep Powder
|move|p1a: Charizard|Heat Wave|p2a: Umbreon|[spread] p2a
|-miss|p1a: Charizard|p2b: Politoed
|-damage|p2a: Umbreon|57/100 slp
|cant|p2a: Umbreon|slp
|
|-weather|SunnyDay|[upkeep]
|-heal|p2a: Umbreon|63/100 slp|[from] item: Leftovers
|upkeep
|turn|2
|inactive|TheLeoj has 30 seconds left.
|inactive|kerlinn has 30 seconds left.
|c|☆kerlinn|Troquei a ordem dos acontecimentos na cabeça ksksk
|inactive|kerlinn has 20 seconds left.
|inactive|kerlinn has 15 seconds left.
|inactive|kerlinn has 10 seconds left.
|inactive|kerlinn has 5 seconds left.
|
|t:|1784648858
|move|p2b: Politoed|Protect|p2b: Politoed
|-singleturn|p2b: Politoed|Protect
|move|p1b: Venusaur|Sludge Bomb|p2a: Umbreon
|-damage|p2a: Umbreon|34/100 slp
|move|p1a: Charizard|Solar Beam||[still]
|-prepare|p1a: Charizard|Solar Beam
|-anim|p1a: Charizard|Solar Beam|p2b: Politoed
|-activate|p2b: Politoed|move: Protect
|cant|p2a: Umbreon|slp
|
|-weather|SunnyDay|[upkeep]
|-heal|p2a: Umbreon|40/100 slp|[from] item: Leftovers
|upkeep
|turn|3
|inactive|TheLeoj has 30 seconds left.
|
|t:|1784648887
|switch|p2b: Meganium|Meganium, L50, M|100/100
|move|p1b: Venusaur|Sleep Powder|p2b: Meganium
|-immune|p2b: Meganium
|move|p1a: Charizard|Heat Wave|p2a: Umbreon|[spread] p2a,p2b
|-supereffective|p2b: Meganium|1
|-damage|p2a: Umbreon|2/100 slp
|-damage|p2b: Meganium|0 fnt
|faint|p2b: Meganium
|-curestatus|p2a: Umbreon|slp|[msg]
|move|p2a: Umbreon|Moonlight|p2a: Umbreon
|-heal|p2a: Umbreon|69/100
|
|-weather|SunnyDay|[upkeep]
|-heal|p2a: Umbreon|75/100|[from] item: Leftovers
|upkeep
|
|t:|1784648901
|switch|p2b: Politoed|Politoed, L50, F|100/100
|-weather|RainDance|[from] ability: Drizzle|[of] p2b: Politoed
|turn|4
|inactive|kerlinn has 30 seconds left.
|
|t:|1784648930
|switch|p1a: Archaludon|Archaludon, L50, F, shiny|100/100
|move|p2b: Politoed|Protect|p2b: Politoed
|-singleturn|p2b: Politoed|Protect
|move|p1b: Venusaur|Sleep Powder|p2a: Umbreon
|-status|p2a: Umbreon|slp|[from] move: Sleep Powder
|cant|p2a: Umbreon|slp
|
|-weather|RainDance|[upkeep]
|-heal|p2a: Umbreon|81/100 slp|[from] item: Leftovers
|upkeep
|turn|5
|
|t:|1784648949
|move|p1b: Venusaur|Earth Power|p2a: Umbreon
|-damage|p2a: Umbreon|62/100 slp
|move|p1a: Archaludon|Electro Shot||[still]
|-prepare|p1a: Archaludon|Electro Shot
|-boost|p1a: Archaludon|spa|1
|-anim|p1a: Archaludon|Electro Shot|p2b: Politoed
|-supereffective|p2b: Politoed|1
|-damage|p2b: Politoed|0 fnt
|faint|p2b: Politoed
|-curestatus|p2a: Umbreon|slp|[msg]
|move|p2a: Umbreon|Foul Play|p1a: Archaludon
|-damage|p1a: Archaludon|76/100
|-ability|p1a: Archaludon|Stamina|boost
|-boost|p1a: Archaludon|def|1
|
|-weather|RainDance|[upkeep]
|-heal|p1a: Archaludon|82/100|[from] item: Leftovers
|-heal|p2a: Umbreon|68/100|[from] item: Leftovers
|upkeep
|
|t:|1784648956
|switch|p2b: Aegislash|Aegislash, L50, M|100/100
|turn|6
|
|t:|1784648977
|move|p1b: Venusaur|Earth Power|p2b: Aegislash
|-supereffective|p2b: Aegislash|1
|-damage|p2b: Aegislash|52/100
|move|p1a: Archaludon|Electro Shot||[still]
|-prepare|p1a: Archaludon|Electro Shot
|-boost|p1a: Archaludon|spa|1
|-anim|p1a: Archaludon|Electro Shot|p2a: Umbreon
|-damage|p2a: Umbreon|25/100
|move|p2a: Umbreon|Taunt|p1b: Venusaur
|-start|p1b: Venusaur|move: Taunt
|-formechange|p2b: Aegislash|Aegislash-Blade|
|move|p2b: Aegislash|Sacred Sword|p1a: Archaludon
|-supereffective|p1a: Archaludon|1
|-damage|p1a: Archaludon|30/100
|-ability|p1a: Archaludon|Stamina|boost
|-boost|p1a: Archaludon|def|1
|
|-weather|RainDance|[upkeep]
|-heal|p1a: Archaludon|36/100|[from] item: Leftovers
|-heal|p2a: Umbreon|31/100|[from] item: Leftovers
|upkeep
|turn|7
|inactive|kerlinn has 30 seconds left.
|
|t:|1784649003
|move|p1a: Archaludon|Protect|p1a: Archaludon
|-singleturn|p1a: Archaludon|Protect
|-formechange|p2b: Aegislash|Aegislash|
|move|p2b: Aegislash|King's Shield|p2b: Aegislash
|-singleturn|p2b: Aegislash|Protect
|move|p1b: Venusaur|Earth Power|p2a: Umbreon
|-damage|p2a: Umbreon|11/100
|move|p2a: Umbreon|Moonlight|p2a: Umbreon
|-heal|p2a: Umbreon|36/100
|
|-weather|RainDance|[upkeep]
|-heal|p1a: Archaludon|43/100|[from] item: Leftovers
|-heal|p2a: Umbreon|42/100|[from] item: Leftovers
|upkeep
|turn|8
|
|t:|1784649028
|move|p1b: Venusaur|Earth Power|p2b: Aegislash
|-supereffective|p2b: Aegislash|1
|-damage|p2b: Aegislash|2/100
|move|p1a: Archaludon|Electro Shot||[still]
|-prepare|p1a: Archaludon|Electro Shot
|-boost|p1a: Archaludon|spa|1
|-anim|p1a: Archaludon|Electro Shot|p2a: Umbreon
|-damage|p2a: Umbreon|0 fnt
|faint|p2a: Umbreon
|-formechange|p2b: Aegislash|Aegislash-Blade|
|move|p2b: Aegislash|Sacred Sword|p1a: Archaludon
|-supereffective|p1a: Archaludon|1
|-damage|p1a: Archaludon|0 fnt
|faint|p1a: Archaludon
|
|-weather|none
|upkeep
|
|t:|1784649032
|switch|p1a: Basculegion|Basculegion, L50, M, shiny|100/100
|turn|9
|
|t:|1784649046
|-formechange|p2b: Aegislash|Aegislash|
|move|p2b: Aegislash|King's Shield|p2b: Aegislash
|-singleturn|p2b: Aegislash|Protect
|move|p1a: Basculegion|Aqua Jet|p2b: Aegislash
|-activate|p2b: Aegislash|move: Protect
|-unboost|p1a: Basculegion|atk|1
|move|p1b: Venusaur|Earth Power|p2b: Aegislash
|-activate|p2b: Aegislash|move: Protect
|
|-end|p1b: Venusaur|move: Taunt
|upkeep
|turn|10
|
|t:|1784649062
|move|p1a: Basculegion|Aqua Jet|p2b: Aegislash
|-damage|p2b: Aegislash|0 fnt
|faint|p2b: Aegislash
|
|win|TheLeoj
