|j|☆PokeMooney
|j|☆uglybeast
|html|PokeMooneyuglybeast    
|uhtml|bestof|Game 1 of a best-of-3
|t:|1756159909
|gametype|doubles
|player|p1|PokeMooney|giovanni|1110
|player|p2|uglybeast|lucas|1218
|gen|9
|tier|[Gen 9] VGC 2025 Reg H (Bo3)
|rated|
|rule|Species Clause: Limit one of each Pokémon
|rule|Item Clause: Limit 1 of each item
|clearpoke
|poke|p1|Tyranitar, L50, F|
|poke|p1|Excadrill, L50, F|
|poke|p1|Kilowattrel, L50, M|
|poke|p1|Kommo-o, L50, F|
|poke|p1|Amoonguss, L50, F|
|poke|p1|Incineroar, L50, F|
|poke|p2|Murkrow, L50, F|
|poke|p2|Ursaluna-Bloodmoon, L50, M|
|poke|p2|Sneasler, L50, F|
|poke|p2|Dragapult, L50, F|
|poke|p2|Armarouge, L50, M|
|poke|p2|Indeedee-F, L50, F|
|teampreview|4
|showteam|p1|Tyranitar||AssaultVest|SandStream|RockSlide,KnockOff,TeraBlast,LowKick|||F|||50|,,,,,Flying]Excadrill||ClearAmulet|SandRush|Earthquake,RockSlide,IronHead,Protect|||F|||50|,,,,,Ground]Kilowattrel||FocusSash|Competitive|AirSlash,Thunderbolt,Tailwind,Protect|||M|||50|,,,,,Ghost]Kommo-o||ThroatSpray|Overcoat|ClangingScales,Flamethrower,ClangorousSoul,Protect|||F|||50|,,,,,Steel]Amoonguss||SitrusBerry|Regenerator|Spore,RagePowder,PollenPuff,Protect|||F|||50|,,,,,Water]Incineroar||SafetyGoggles|Intimidate|FakeOut,FlareBlitz,KnockOff,PartingShot|||F|||50|,,,,,Dragon
|showteam|p2|Murkrow||Eviolite|Prankster|Haze,SunnyDay,Tailwind,BraveBird|||F|||50|,,,,,Ghost]Ursaluna-Bloodmoon||LifeOrb|MindsEye|BloodMoon,HyperVoice,Protect,EarthPower|||M|||50|,,,,,Normal]Sneasler||PsychicSeed|Unburden|ThroatChop,DireClaw,CloseCombat,Protect|||F|||50|,,,,,Dark]Dragapult||ChoiceBand|ClearBody|DragonDarts,Outrage,Uturn,PhantomForce|||F|||50|,,,,,Dragon]Armarouge||PowerHerb|FlashFire|HeatWave,MeteorBeam,ExpandingForce,Protect|||M|||50|,,,,,Grass]Indeedee-F||RockyHelmet|PsychicSurge|DazzlingGleam,FollowMe,HelpingHand,TrickRoom|||F|||50|,,,,,Grass
|
|t:|1756159959
|teamsize|p1|4
|teamsize|p2|4
|start
|switch|p1a: Tyranitar|Tyranitar, L50, F|100/100
|switch|p1b: Excadrill|Excadrill, L50, F|100/100
|switch|p2a: Blade|Indeedee-F, L50, F|100/100
|switch|p2b: Anagnoman|Sneasler, L50, F|100/100
|-fieldstart|move: Psychic Terrain|[from] ability: Psychic Surge|[of] p2a: Blade
|-enditem|p2b: Anagnoman|Psychic Seed
|-boost|p2b: Anagnoman|spd|1|[from] item: Psychic Seed
|-weather|Sandstorm|[from] ability: Sand Stream|[of] p1a: Tyranitar
|turn|1
|
|t:|1756160021
|switch|p1b: Incineroar|Incineroar, L50, F|100/100
|-ability|p1b: Incineroar|Intimidate|boost
|-unboost|p2a: Blade|atk|1
|-unboost|p2b: Anagnoman|atk|1
|-terastallize|p1a: Tyranitar|Flying
|move|p2a: Blade|Follow Me|p2a: Blade
|-singleturn|p2a: Blade|move: Follow Me
|move|p2b: Anagnoman|Close Combat|p1b: Incineroar
|-supereffective|p1b: Incineroar
|-damage|p1b: Incineroar|19/100
|-unboost|p2b: Anagnoman|def|1
|-unboost|p2b: Anagnoman|spd|1
|move|p1a: Tyranitar|Tera Blast|p2a: Blade|[anim] Tera Blast Flying
|-damage|p2a: Blade|59/100
|
|-weather|Sandstorm|[upkeep]
|-damage|p2b: Anagnoman|95/100|[from] Sandstorm
|-damage|p2a: Blade|53/100|[from] Sandstorm
|-damage|p1a: Tyranitar|95/100|[from] Sandstorm
|upkeep
|turn|2
|
|t:|1756160068
|switch|p1b: Kommo-o|Kommo-o, L50, F|100/100
|move|p2a: Blade|Follow Me|p2a: Blade
|-singleturn|p2a: Blade|move: Follow Me
|move|p2b: Anagnoman|Dire Claw|p1a: Tyranitar
|-damage|p1a: Tyranitar|69/100
|-status|p1a: Tyranitar|psn
|move|p1a: Tyranitar|Knock Off|p2a: Blade
|-supereffective|p2a: Blade
|-damage|p2a: Blade|0 fnt
|-damage|p1a: Tyranitar|52/100 psn|[from] item: Rocky Helmet|[of] p2a: Blade
|-enditem|p2a: Blade|Rocky Helmet|[from] move: Knock Off|[of] p1a: Tyranitar
|faint|p2a: Blade
|
|-weather|Sandstorm|[upkeep]
|-damage|p2b: Anagnoman|89/100|[from] Sandstorm
|-damage|p1a: Tyranitar|46/100 psn|[from] Sandstorm
|-damage|p1a: Tyranitar|34/100 psn|[from] psn
|upkeep
|
|t:|1756160101
|switch|p2a: Laz|Dragapult, L50, F|100/100
|turn|3
|
|t:|1756160135
|switch|p1b: Incineroar|Incineroar, L50, F|19/100
|-ability|p1b: Incineroar|Intimidate|boost
|-fail|p2a: Laz|unboost|[from] ability: Clear Body|[of] p2a: Laz
|-unboost|p2b: Anagnoman|atk|1
|-terastallize|p2a: Laz|Dragon
|move|p2b: Anagnoman|Dire Claw|p1b: Incineroar
|-damage|p1b: Incineroar|0 fnt
|faint|p1b: Incineroar
|move|p2a: Laz|Dragon Darts|p1a: Tyranitar
|-damage|p1a: Tyranitar|0 fnt
|faint|p1a: Tyranitar
|
|-weather|Sandstorm|[upkeep]
|-damage|p2b: Anagnoman|83/100|[from] Sandstorm
|-damage|p2a: Laz|94/100|[from] Sandstorm
|upkeep
|
|t:|1756160153
|switch|p1a: Kommo-o|Kommo-o, L50, F|100/100
|switch|p1b: Excadrill|Excadrill, L50, F|100/100
|turn|4
|
|t:|1756160167
|move|p1a: Kommo-o|Protect|p1a: Kommo-o
|-singleturn|p1a: Kommo-o|Protect
|move|p2b: Anagnoman|Close Combat|p1b: Excadrill
|-supereffective|p1b: Excadrill
|-damage|p1b: Excadrill|5/100
|-unboost|p2b: Anagnoman|def|1
|-unboost|p2b: Anagnoman|spd|1
|move|p1b: Excadrill|Rock Slide|p2a: Laz|[spread] p2a,p2b
|-resisted|p2b: Anagnoman
|-damage|p2a: Laz|63/100
|-damage|p2b: Anagnoman|44/100
|move|p2a: Laz|Dragon Darts|p1b: Excadrill
|-resisted|p1b: Excadrill
|-damage|p1b: Excadrill|0 fnt
|faint|p1b: Excadrill
|
|-weather|Sandstorm|[upkeep]
|-damage|p2b: Anagnoman|38/100|[from] Sandstorm
|-damage|p2a: Laz|57/100|[from] Sandstorm
|upkeep
|turn|5
|-message|PokeMooney forfeited.
|
|win|uglybeast
|l|☆PokeMooney
|player|p1|
||uglybeast is ready for game 2.
||PokeMooney is ready for game 2.
|uhtml|next|Next: Game 2 of 3
