|j|☆melon storme
|j|☆rokotroko
|html|melon stormerokotroko    
|uhtml|bestof|Game 3 of a best-of-3
|t:|1785881944
|gametype|doubles
|player|p1|melon storme|kieran-masters|1145
|player|p2|rokotroko|170|1123
|gen|9
|tier|[Gen 9 Champions] VGC 2026 Reg M-B (Bo3)
|rated|
|rule|Species Clause: Limit one of each Pokémon
|rule|Item Clause: Limit 1 of each item
|clearpoke
|poke|p1|Pyroar, L50, F|
|poke|p1|Aerodactyl, L50, M|
|poke|p1|Torkoal, L50, M|
|poke|p1|Vileplume, L50, M|
|poke|p1|Farigiraf, L50, F, shiny|
|poke|p1|Mawile, L50, F|
|poke|p2|Aerodactyl, L50, F|
|poke|p2|Tyranitar, L50, M|
|poke|p2|Whimsicott, L50, F|
|poke|p2|Dragapult, L50, F|
|poke|p2|Sylveon, L50, F|
|poke|p2|Metagross, L50|
|teampreview|4
|showteam|p1|Pyroar||Pyroarite|Rivalry|Taunt,HeatWave,Overheat,Protect|Timid||F|||50|]Aerodactyl||SitrusBerry|Unnerve|RockSlide,Tailwind,WideGuard,DualWingbeat|Jolly||M|||50|]Torkoal||Charcoal|Drought|Eruption,HeatWave,SolarBeam,Protect|Quiet||M|||50|]Vileplume||FocusSash|Chlorophyll|EnergyBall,SludgeBomb,AfterYou,SleepPowder|Timid||M|||50|]Farigiraf||Leftovers|ArmorTail|HyperVoice,Psychic,Protect,TrickRoom|Relaxed||F|||50|]Mawile||Mawilite|Intimidate|IronHead,PlayRough,SwordsDance,SuckerPunch|Sassy||F|||50|
|showteam|p2|Aerodactyl||Aerodactylite|Unnerve|RockSlide,IceFang,DualWingbeat,Protect|Jolly||F|||50|]Tyranitar||ChoiceScarf|SandStream|RockSlide,KnockOff,LowKick,HighHorsepower|Jolly||M|||50|]Whimsicott||FocusSash|Prankster|Encore,Tailwind,EnergyBall,Moonblast|Timid||F|||50|]Dragapult||LifeOrb|ClearBody|Protect,SuckerPunch,DragonDarts,PhantomForce|Jolly||F|||50|]Sylveon||FairyFeather|Pixilate|HyperBeam,QuickAttack,HyperVoice,Detect|Modest||F|||50|]Metagross||Metagrossite|ClearBody|Protect,IronHead,PsychicFangs,ThunderPunch|Adamant|||||50|
|inactive|Battle timer is ON: inactive players will automatically lose when time's up. (requested by rokotroko)
|
|t:|1785881964
|teamsize|p1|4
|teamsize|p2|4
|start
|switch|p1a: Groblodyte|Mawile, L50, F|100/100
|switch|p1b: Can of Soup|Farigiraf, L50, F, shiny|100/100
|switch|p2a: Tyranitar|Tyranitar, L50, M|100/100
|switch|p2b: Sylveon|Sylveon, L50, F|100/100
|-weather|Sandstorm|[from] ability: Sand Stream|[of] p2a: Tyranitar
|-ability|p1a: Groblodyte|Intimidate|boost
|-unboost|p2a: Tyranitar|atk|1
|-unboost|p2b: Sylveon|atk|1
|turn|1
|
|t:|1785881988
|detailschange|p1a: Groblodyte|Mawile-Mega, L50, F
|-mega|p1a: Groblodyte|Mawile|Mawilite
|move|p1b: Can of Soup|Protect|p1b: Can of Soup
|-singleturn|p1b: Can of Soup|Protect
|move|p2a: Tyranitar|Knock Off|p1b: Can of Soup
|-activate|p1b: Can of Soup|move: Protect
|move|p2b: Sylveon|Hyper Voice|p1b: Can of Soup|[spread] p1a
|-activate|p1b: Can of Soup|move: Protect
|-resisted|p1a: Groblodyte|1
|-damage|p1a: Groblodyte|77/100
|move|p1a: Groblodyte|Iron Head|p2b: Sylveon
|-supereffective|p2b: Sylveon|1
|-damage|p2b: Sylveon|0 fnt
|faint|p2b: Sylveon
|
|-weather|Sandstorm|[upkeep]
|-damage|p1b: Can of Soup|93/100|[from] Sandstorm
|-heal|p1b: Can of Soup|100/100|[from] item: Leftovers
|upkeep
|
|t:|1785882012
|switch|p2b: Dragapult|Dragapult, L50, F|100/100
|turn|2
|
|t:|1785882018
|move|p1a: Groblodyte|Sucker Punch|p2b: Dragapult
|-supereffective|p2b: Dragapult|1
|-damage|p2b: Dragapult|3/100
|move|p2b: Dragapult|Dragon Darts|p1b: Can of Soup
|-damage|p1b: Can of Soup|71/100
|-anim|p2b: Dragapult|Dragon Darts|p1b: Can of Soup
|-damage|p1b: Can of Soup|43/100
|-damage|p2b: Dragapult|0 fnt|[from] item: Life Orb
|faint|p2b: Dragapult
|move|p2a: Tyranitar|Knock Off|p1b: Can of Soup
|-supereffective|p1b: Can of Soup|1
|-damage|p1b: Can of Soup|0 fnt
|-enditem|p1b: Can of Soup|Leftovers|[from] move: Knock Off|[of] p2a: Tyranitar
|faint|p1b: Can of Soup
|
|-weather|Sandstorm|[upkeep]
|upkeep
|
|t:|1785882041
|switch|p2b: Aerodactyl|Aerodactyl, L50, F|100/100
|switch|p1b: Mr bean|Vileplume, L50, M|100/100
|-ability|p2b: Aerodactyl|Unnerve
|turn|3
|
|t:|1785882051
|switch|p1a: Ghengas Khan|Torkoal, L50, M|100/100
|-weather|SunnyDay|[from] ability: Drought|[of] p1a: Ghengas Khan
|detailschange|p2b: Aerodactyl|Aerodactyl-Mega, L50, F
|-mega|p2b: Aerodactyl|Aerodactyl|Aerodactylite
|move|p1b: Mr bean|Sleep Powder|p2b: Aerodactyl
|-status|p2b: Aerodactyl|slp|[from] move: Sleep Powder
|cant|p2b: Aerodactyl|slp
|move|p2a: Tyranitar|Knock Off|p1a: Ghengas Khan
|-damage|p1a: Ghengas Khan|71/100
|-enditem|p1a: Ghengas Khan|Charcoal|[from] move: Knock Off|[of] p2a: Tyranitar
|
|-weather|SunnyDay|[upkeep]
|upkeep
|turn|4
|
|t:|1785882071
|move|p1b: Mr bean|Energy Ball|p2b: Aerodactyl
|-damage|p2b: Aerodactyl|52/100 slp
|cant|p2b: Aerodactyl|slp
|move|p2a: Tyranitar|Knock Off|p1b: Mr bean
|-damage|p1b: Mr bean|53/100
|-enditem|p1b: Mr bean|Focus Sash|[from] move: Knock Off|[of] p2a: Tyranitar
|move|p1a: Ghengas Khan|Solar Beam||[still]
|-prepare|p1a: Ghengas Khan|Solar Beam
|-anim|p1a: Ghengas Khan|Solar Beam|p2b: Aerodactyl
|-damage|p2b: Aerodactyl|14/100 slp
|
|-weather|SunnyDay|[upkeep]
|upkeep
|turn|5
|
|t:|1785882090
|-curestatus|p2b: Aerodactyl|slp|[msg]
|move|p2b: Aerodactyl|Protect|p2b: Aerodactyl
|-singleturn|p2b: Aerodactyl|Protect
|move|p1b: Mr bean|Energy Ball|p2b: Aerodactyl
|-activate|p2b: Aerodactyl|move: Protect
|move|p2a: Tyranitar|Knock Off|p1b: Mr bean
|-damage|p1b: Mr bean|22/100
|move|p1a: Ghengas Khan|Solar Beam||[still]
|-prepare|p1a: Ghengas Khan|Solar Beam
|-anim|p1a: Ghengas Khan|Solar Beam|p2a: Tyranitar
|-supereffective|p2a: Tyranitar|1
|-damage|p2a: Tyranitar|31/100
|
|-weather|SunnyDay|[upkeep]
|upkeep
|turn|6
|c|☆melon storme|ggs
|
|t:|1785882106
|move|p1b: Mr bean|Energy Ball|p2b: Aerodactyl
|-damage|p2b: Aerodactyl|0 fnt
|faint|p2b: Aerodactyl
|move|p2a: Tyranitar|Knock Off|p1b: Mr bean
|-damage|p1b: Mr bean|0 fnt
|faint|p1b: Mr bean
|move|p1a: Ghengas Khan|Solar Beam||[still]
|-prepare|p1a: Ghengas Khan|Solar Beam
|-anim|p1a: Ghengas Khan|Solar Beam|p2a: Tyranitar
|-supereffective|p2a: Tyranitar|1
|-damage|p2a: Tyranitar|0 fnt
|faint|p2a: Tyranitar
|
|win|melon storme
|raw|melon storme's rating: 1145 → 1168(+23 for winning)
|raw|rokotroko's rating: 1123 → 1100(-23 for losing)
|l|☆rokotroko
|player|p2|
