|j|☆spellbreakvgc
|j|☆DoubleBad17
|html|spellbreakvgcDoubleBad17    
|uhtml|bestof|Game 1 of a best-of-3
|t:|1756933313
|gametype|doubles
|player|p1|spellbreakvgc|lance|1221
|player|p2|DoubleBad17|102|1188
|gen|9
|tier|[Gen 9] VGC 2025 Reg H (Bo3)
|rated|
|rule|Species Clause: Limit one of each Pokémon
|rule|Item Clause: Limit 1 of each item
|clearpoke
|poke|p1|Glimmora, L50, F|
|poke|p1|Dondozo, L50, F|
|poke|p1|Tatsugiri-Droopy, L50, M|
|poke|p1|Archaludon, L50, F|
|poke|p1|Gholdengo, L50|
|poke|p1|Maushold, L50|
|poke|p2|Sneasler, L50, M|
|poke|p2|Electabuzz, L50, F|
|poke|p2|Rillaboom, L50, F|
|poke|p2|Basculegion, L50, M|
|poke|p2|Volcarona, L50, M|
|poke|p2|Kingambit, L50, M|
|teampreview|4
|showteam|p1|Glimmora||CovertCloak|ToxicDebris|MortalSpin,PowerGem,EarthPower,SpikyShield|||F|||50|,,,,,Bug]Dondozo||Leftovers|Unaware|Earthquake,OrderUp,BodyPress,Protect|||F|||50|,,,,,Grass]Tatsugiri-Droopy||FocusSash|Commander|DracoMeteor,MuddyWater,HelpingHand,Protect|||M|||50|,,,,,Stellar]Archaludon||AssaultVest|Stamina|ElectroShot,FlashCannon,DragonPulse,BodyPress|||F|||50|,,,,,Bug]Gholdengo||ChoiceScarf|GoodasGold|MakeItRain,ShadowBall,DazzlingGleam,Trick||||||50|,,,,,Fairy]Maushold||SafetyGoggles|FriendGuard|BeatUp,Taunt,FollowMe,Protect||||||50|,,,,,Ghost
|showteam|p2|Sneasler||FocusSash|Unburden|CloseCombat,DireClaw,Protect,Coaching|||M|||50|,,,,,Stellar]Electabuzz||Eviolite|VitalSpirit|FollowMe,Electroweb,Taunt,Thunderbolt|||F|||50|,,,,,Ghost]Rillaboom||SitrusBerry|GrassySurge|Protect,DrainPunch,LeechSeed,FakeOut|||F|||50|,,,,,Fire]Basculegion||ChoiceScarf|Adaptability|WaveCrash,FlipTurn,LastRespects,AquaJet|||M|||50|,,,,,Water]Volcarona||Leftovers|FlameBody|HeatWave,TeraBlast,QuiverDance,Protect|||M|||50|,,,,,Fairy]Kingambit||SafetyGoggles|Defiant|KowtowCleave,SuckerPunch,SwordsDance,Protect|||M|||50|,,,,,Dark
|inactive|Battle timer is ON: inactive players will automatically lose when time's up. (requested by spellbreakvgc)
|inactive|spellbreakvgc has 60 seconds left.
|inactive|DoubleBad17 has 60 seconds left.
|inactive|DoubleBad17 has 30 seconds left.
|
|t:|1756933386
|teamsize|p1|4
|teamsize|p2|4
|start
|switch|p1a: Dondozo|Dondozo, L50, F|100/100
|switch|p1b: Maushold|Maushold, L50|100/100
|switch|p2a: Basculegion|Basculegion, L50, M|100/100
|switch|p2b: Sneasler|Sneasler, L50, M|100/100
|turn|1
|inactive|DoubleBad17 has 30 seconds left.
|
|t:|1756933417
|switch|p1a: Glimmora|Glimmora, L50, F|100/100
|-terastallize|p1b: Maushold|Ghost
|move|p2a: Basculegion|Flip Turn|p1a: Glimmora
|-supereffective|p1a: Glimmora
|-damage|p1a: Glimmora|39/100
|-activate|p1a: Glimmora|ability: Toxic Debris
|-sidestart|p2: DoubleBad17|move: Toxic Spikes
|
|t:|1756933435
|switch|p2a: Volcarona|Volcarona, L50, M|100/100|[from] Flip Turn
|-status|p2a: Volcarona|psn
|move|p2b: Sneasler|Dire Claw|p1a: Glimmora
|-resisted|p1a: Glimmora
|-damage|p1a: Glimmora|30/100
|-activate|p1a: Glimmora|ability: Toxic Debris
|-sidestart|p2: DoubleBad17|move: Toxic Spikes
|move|p1b: Maushold|Beat Up|p1a: Glimmora
|-damage|p1a: Glimmora|29/100
|-damage|p1a: Glimmora|27/100
|-damage|p1a: Glimmora|25/100
|-damage|p1a: Glimmora|24/100
|-hitcount|p1a: Glimmora|4
|
|-damage|p2a: Volcarona|88/100 psn|[from] psn
|upkeep
|turn|2
|inactive|spellbreakvgc has 30 seconds left.
|inactive|DoubleBad17 has 30 seconds left.
|
|t:|1756933467
|move|p2b: Sneasler|Dire Claw|p1a: Glimmora
|-resisted|p1a: Glimmora
|-damage|p1a: Glimmora|16/100
|move|p1b: Maushold|Taunt|p2a: Volcarona
|-start|p2a: Volcarona|move: Taunt
|move|p2a: Volcarona|Heat Wave|p1b: Maushold|[spread] p1a,p1b
|-resisted|p1a: Glimmora
|-damage|p1a: Glimmora|1/100
|-damage|p1b: Maushold|59/100
|move|p1a: Glimmora|Mortal Spin|p2b: Sneasler|[spread] p2a,p2b
|-resisted|p2b: Sneasler
|-damage|p2a: Volcarona|83/100 psn
|-damage|p2b: Sneasler|97/100
|
|-heal|p2a: Volcarona|90/100 psn|[from] item: Leftovers
|-damage|p2a: Volcarona|77/100 psn|[from] psn
|upkeep
|turn|3
|inactive|DoubleBad17 has 30 seconds left.
|
|t:|1756933492
|switch|p2b: Rillaboom|Rillaboom, L50, F|100/100
|-status|p2b: Rillaboom|tox
|-fieldstart|move: Grassy Terrain|[from] ability: Grassy Surge|[of] p2b: Rillaboom
|move|p1b: Maushold|Protect|p1b: Maushold
|-singleturn|p1b: Maushold|Protect
|move|p1a: Glimmora|Spiky Shield|p1a: Glimmora
|-singleturn|p1a: Glimmora|move: Protect
|move|p2a: Volcarona|Heat Wave|p1b: Maushold|[spread] 
|-activate|p1a: Glimmora|move: Protect
|-activate|p1b: Maushold|move: Protect
|
|-heal|p1b: Maushold|65/100|[from] Grassy Terrain
|-heal|p2a: Volcarona|83/100 psn|[from] Grassy Terrain
|-heal|p2a: Volcarona|90/100 psn|[from] item: Leftovers
|-heal|p1a: Glimmora|7/100|[from] Grassy Terrain
|-damage|p2a: Volcarona|77/100 psn|[from] psn
|-damage|p2b: Rillaboom|95/100 tox|[from] psn
|upkeep
|turn|4
|inactive|spellbreakvgc has 30 seconds left.
|inactive|spellbreakvgc has 20 seconds left.
|
|t:|1756933527
|switch|p1a: Tatsugiri|Tatsugiri-Droopy, L50, M, shiny|100/100
|move|p1b: Maushold|Follow Me|p1b: Maushold
|-singleturn|p1b: Maushold|move: Follow Me
|move|p2a: Volcarona|Heat Wave|p1a: Tatsugiri|[spread] p1a,p1b
|-resisted|p1a: Tatsugiri
|-crit|p1b: Maushold
|-damage|p1a: Tatsugiri|91/100
|-damage|p1b: Maushold|3/100
|move|p2b: Rillaboom|Leech Seed|p1b: Maushold|[miss]
|-miss|p2b: Rillaboom|p1b: Maushold
|
|-heal|p1b: Maushold|9/100|[from] Grassy Terrain
|-heal|p1a: Tatsugiri|98/100|[from] Grassy Terrain
|-heal|p2a: Volcarona|83/100 psn|[from] Grassy Terrain
|-heal|p2a: Volcarona|90/100 psn|[from] item: Leftovers
|-heal|p2b: Rillaboom|100/100 tox|[from] Grassy Terrain
|-damage|p2a: Volcarona|77/100 psn|[from] psn
|-damage|p2b: Rillaboom|89/100 tox|[from] psn
|-end|p2a: Volcarona|move: Taunt
|upkeep
|turn|5
|inactive|spellbreakvgc has 30 seconds left.
|
|t:|1756933558
|move|p1b: Maushold|Taunt|p2a: Volcarona
|-start|p2a: Volcarona|move: Taunt
|move|p1a: Tatsugiri|Muddy Water|p2b: Rillaboom|[spread] p2b
|-miss|p1a: Tatsugiri|p2a: Volcarona
|-resisted|p2b: Rillaboom
|-damage|p2b: Rillaboom|72/100 tox
|move|p2a: Volcarona|Heat Wave|p1a: Tatsugiri|[spread] p1a,p1b
|-resisted|p1a: Tatsugiri
|-damage|p1a: Tatsugiri|89/100
|-damage|p1b: Maushold|0 fnt
|faint|p1b: Maushold
|move|p2b: Rillaboom|Leech Seed|p1a: Tatsugiri
|-start|p1a: Tatsugiri|move: Leech Seed
|
|-heal|p1a: Tatsugiri|96/100|[from] Grassy Terrain
|-heal|p2a: Volcarona|83/100 psn|[from] Grassy Terrain
|-heal|p2a: Volcarona|90/100 psn|[from] item: Leftovers
|-heal|p2b: Rillaboom|78/100 tox|[from] Grassy Terrain
|-damage|p1a: Tatsugiri|83/100|[from] Leech Seed|[of] p2b: Rillaboom
|-heal|p2b: Rillaboom|87/100 tox|[silent]
|-damage|p2a: Volcarona|77/100 psn|[from] psn
|-damage|p2b: Rillaboom|69/100 tox|[from] psn
|upkeep
|
|t:|1756933579
|switch|p1b: Glimmora|Glimmora, L50, F|7/100
|turn|6
|
|t:|1756933599
|switch|p1a: Dondozo|Dondozo, L50, F|100/100
|-terastallize|p2a: Volcarona|Fairy
|move|p1b: Glimmora|Spiky Shield|p1b: Glimmora
|-singleturn|p1b: Glimmora|move: Protect
|move|p2a: Volcarona|Heat Wave|p1b: Glimmora|[spread] p1a
|-activate|p1b: Glimmora|move: Protect
|-resisted|p1a: Dondozo
|-damage|p1a: Dondozo|85/100
|move|p2b: Rillaboom|Leech Seed|p1b: Glimmora
|-activate|p1b: Glimmora|move: Protect
|
|-heal|p2a: Volcarona|83/100 psn|[from] Grassy Terrain
|-heal|p2a: Volcarona|90/100 psn|[from] item: Leftovers
|-heal|p1b: Glimmora|13/100|[from] Grassy Terrain
|-heal|p2b: Rillaboom|75/100 tox|[from] Grassy Terrain
|-heal|p1a: Dondozo|92/100|[from] Grassy Terrain
|-heal|p1a: Dondozo|98/100|[from] item: Leftovers
|-damage|p2a: Volcarona|77/100 psn|[from] psn
|-damage|p2b: Rillaboom|52/100 tox|[from] psn
|upkeep
|turn|7
|
|t:|1756933624
|switch|p1b: Tatsugiri|Tatsugiri-Droopy, L50, M, shiny|83/100
|-activate|p1b: Tatsugiri|ability: Commander|[of] p1a: Dondozo
|-boost|p1a: Dondozo|atk|2
|-boost|p1a: Dondozo|spa|2
|-boost|p1a: Dondozo|spe|2
|-boost|p1a: Dondozo|def|2
|-boost|p1a: Dondozo|spd|2
|move|p1a: Dondozo|Protect|p1a: Dondozo
|-singleturn|p1a: Dondozo|Protect
|move|p2a: Volcarona|Heat Wave|p1b: Tatsugiri|[spread] 
|-miss|p2a: Volcarona|p1b: Tatsugiri
|-activate|p1a: Dondozo|move: Protect
|move|p2b: Rillaboom|Leech Seed|p1a: Dondozo
|-activate|p1a: Dondozo|move: Protect
|
|-heal|p1b: Tatsugiri|89/100|[from] Grassy Terrain
|-heal|p2a: Volcarona|83/100 psn|[from] Grassy Terrain
|-heal|p2a: Volcarona|90/100 psn|[from] item: Leftovers
|-heal|p1a: Dondozo|100/100|[from] Grassy Terrain
|-heal|p2b: Rillaboom|58/100 tox|[from] Grassy Terrain
|-damage|p2a: Volcarona|77/100 psn|[from] psn
|-damage|p2b: Rillaboom|28/100 tox|[from] psn
|-end|p2a: Volcarona|move: Taunt
|-fieldend|move: Grassy Terrain
|upkeep
|-enditem|p2b: Rillaboom|Sitrus Berry|[eat]
|-heal|p2b: Rillaboom|53/100 tox|[from] item: Sitrus Berry
|turn|8
|inactive|spellbreakvgc has 30 seconds left.
|inactive|DoubleBad17 has 30 seconds left.
|inactive|spellbreakvgc has 20 seconds left.
|inactive|spellbreakvgc has 15 seconds left.
|
|t:|1756933664
|move|p2a: Volcarona|Tera Blast|p1a: Dondozo|[anim] Tera Blast Fairy
|-damage|p1a: Dondozo|83/100
|move|p1a: Dondozo|Earthquake|p2b: Rillaboom|[spread] p2a,p2b
|-miss|p1a: Dondozo|p1b: Tatsugiri
|-resisted|p2b: Rillaboom
|-damage|p2a: Volcarona|39/100 psn
|-damage|p2b: Rillaboom|39/100 tox
|move|p2b: Rillaboom|Leech Seed|p1a: Dondozo
|-start|p1a: Dondozo|move: Leech Seed
|
|-heal|p2a: Volcarona|45/100 psn|[from] item: Leftovers
|-heal|p1a: Dondozo|89/100|[from] item: Leftovers
|-damage|p1a: Dondozo|77/100|[from] Leech Seed|[of] p2b: Rillaboom
|-heal|p2b: Rillaboom|53/100 tox|[silent]
|-damage|p2a: Volcarona|33/100 psn|[from] psn
|-damage|p2b: Rillaboom|18/100 tox|[from] psn
|upkeep
|turn|9
|inactive|DoubleBad17 has 30 seconds left.
|
|t:|1756933695
|move|p2a: Volcarona|Tera Blast|p1a: Dondozo|[anim] Tera Blast Fairy
|-damage|p1a: Dondozo|60/100
|move|p1a: Dondozo|Earthquake|p2b: Rillaboom|[spread] p2a,p2b
|-miss|p1a: Dondozo|p1b: Tatsugiri
|-resisted|p2b: Rillaboom
|-damage|p2a: Volcarona|0 fnt
|-damage|p2b: Rillaboom|2/100 tox
|faint|p2a: Volcarona
|move|p2b: Rillaboom|Drain Punch|p1a: Dondozo
|-damage|p1a: Dondozo|53/100
|-heal|p2b: Rillaboom|6/100 tox|[from] drain|[of] p1a: Dondozo
|
|-heal|p1a: Dondozo|60/100|[from] item: Leftovers
|-damage|p1a: Dondozo|47/100|[from] Leech Seed|[of] p2b: Rillaboom
|-heal|p2b: Rillaboom|20/100 tox|[silent]
|-damage|p2b: Rillaboom|0 fnt|[from] psn
|faint|p2b: Rillaboom
|upkeep
|
|t:|1756933711
|switch|p2a: Basculegion|Basculegion, L50, M|100/100
|switch|p2b: Sneasler|Sneasler, L50, M|97/100
|-status|p2a: Basculegion|tox
|-sideend|p2: DoubleBad17|move: Toxic Spikes|[of] p2b: Sneasler
|turn|10
|
|t:|1756933723
|move|p1a: Dondozo|Protect|p1a: Dondozo
|-singleturn|p1a: Dondozo|Protect
|move|p2a: Basculegion|Last Respects|p1a: Dondozo
|-activate|p1a: Dondozo|move: Protect
|move|p2b: Sneasler|Dire Claw|p1a: Dondozo
|-activate|p1a: Dondozo|move: Protect
|
|-heal|p1a: Dondozo|53/100|[from] item: Leftovers
|-damage|p1a: Dondozo|41/100|[from] Leech Seed|[of] p2b: Sneasler
|-heal|p2b: Sneasler|100/100|[silent]
|-damage|p2a: Basculegion|94/100 tox|[from] psn
|upkeep
|turn|11
|
|t:|1756933739
|move|p2a: Basculegion|Last Respects|p1a: Dondozo
|-damage|p1a: Dondozo|18/100
|move|p2b: Sneasler|Dire Claw|p1a: Dondozo
|-damage|p1a: Dondozo|6/100
|-status|p1a: Dondozo|slp
|cant|p1a: Dondozo|slp
|
|-heal|p1a: Dondozo|13/100 slp|[from] item: Leftovers
|-damage|p1a: Dondozo|0 fnt|[from] Leech Seed|[of] p2b: Sneasler
|faint|p1a: Dondozo
|-damage|p2a: Basculegion|82/100 tox|[from] psn
|upkeep
|
|t:|1756933756
|switch|p1a: Glimmora|Glimmora, L50, F|13/100
|turn|12
|
|t:|1756933765
|move|p1b: Tatsugiri|Protect|p1b: Tatsugiri
|-singleturn|p1b: Tatsugiri|Protect
|move|p1a: Glimmora|Spiky Shield|p1a: Glimmora
|-singleturn|p1a: Glimmora|move: Protect
|move|p2a: Basculegion|Last Respects|p1b: Tatsugiri
|-activate|p1b: Tatsugiri|move: Protect
|move|p2b: Sneasler|Close Combat|p1a: Glimmora
|-activate|p1a: Glimmora|move: Protect
|-damage|p2b: Sneasler|88/100|[from] Spiky Shield|[of] p1a: Glimmora
|
|-damage|p2a: Basculegion|64/100 tox|[from] psn
|upkeep
|turn|13
|
|t:|1756933782
|move|p1a: Glimmora|Spiky Shield|p1a: Glimmora
|-singleturn|p1a: Glimmora|move: Protect
|move|p2a: Basculegion|Last Respects|p1b: Tatsugiri
|-damage|p1b: Tatsugiri|0 fnt
|faint|p1b: Tatsugiri
|move|p2b: Sneasler|Close Combat|p1a: Glimmora
|-activate|p1a: Glimmora|move: Protect
|-damage|p2b: Sneasler|76/100|[from] Spiky Shield|[of] p1a: Glimmora
|
|-damage|p2a: Basculegion|39/100 tox|[from] psn
|upkeep
|turn|14
|-message|spellbreakvgc forfeited.
|
|win|DoubleBad17
