|j|☆JNEST
|j|☆Itz_Invis
|html|JNESTItz_Invis    
|uhtml|bestof|Game 1 of a best-of-3
|t:|1756216724
|gametype|doubles
|player|p1|JNEST|veteran-gen4|1103
|player|p2|Itz_Invis|morty|1061
|gen|9
|tier|[Gen 9] VGC 2025 Reg H (Bo3)
|rated|
|rule|Species Clause: Limit one of each Pokémon
|rule|Item Clause: Limit 1 of each item
|clearpoke
|poke|p1|Weezing, L50, M|
|poke|p1|Indeedee, L50, M|
|poke|p1|Incineroar, L50, M|
|poke|p1|Ursaluna-Bloodmoon, L50, M|
|poke|p1|Annihilape, L50, M|
|poke|p1|Tyranitar, L50, M|
|poke|p2|Whimsicott, L50, F|
|poke|p2|Charizard, L50, M|
|poke|p2|Archaludon, L50, F|
|poke|p2|Gallade, L50, M|
|poke|p2|Incineroar, L50, M|
|poke|p2|Ninetales, L50, F|
|teampreview|4
|showteam|p1|Weezing||SitrusBerry|NeutralizingGas|Protect,Taunt,WillOWisp,SludgeBomb|||M|||50|,,,,,Ghost]Indeedee||ChoiceScarf|PsychicSurge|ExpandingForce,TeraBlast,Trick,HyperVoice|||M|||50|,,,,,Fighting]Incineroar||AbilityShield|Intimidate|KnockOff,FlareBlitz,FakeOut,PartingShot|||M|||50|,,,,,Ghost]Ursaluna-Bloodmoon||LifeOrb|MindsEye|Protect,HyperVoice,EarthPower,BloodMoon|||M|||50|,,,,,Normal]Annihilape||SafetyGoggles|Defiant|Taunt,RageFist,CloseCombat,FinalGambit|||M|||50|,,,,,Fairy]Tyranitar||AssaultVest|SandStream|RockSlide,KnockOff,TeraBlast,LowKick|||M|||50|,,,,,Flying
|showteam|p2|Whimsicott||CovertCloak|Prankster|Tailwind,Moonblast,SunnyDay,Taunt|||F|||50|,,,,,Dark]Charizard||ChoiceScarf|SolarPower|HeatWave,WeatherBall,SolarBeam,AirSlash|||M|||50|,,,,,Fire]Archaludon||AssaultVest|Stamina|BodyPress,ElectroShot,FlashCannon,DragonPulse|||F|||50|,,,,,Flying]Gallade||ChoiceBand|Sharpness|SacredSword,PsychoCut,LeafBlade,AquaCutter|||M|||50|,,,,,Ghost]Incineroar||SafetyGoggles|Intimidate|FakeOut,FlareBlitz,KnockOff,Protect|||M|||50|,,,,,Ghost]Ninetales||ChoiceSpecs|Drought|DarkPulse,SolarBeam,HeatWave,Overheat|||F|||50|,,,,,Fire
|inactive|Battle timer is ON: inactive players will automatically lose when time's up. (requested by JNEST)
|inactive|Itz_Invis has 60 seconds left.
|
|t:|1756216756
|teamsize|p1|4
|teamsize|p2|4
|start
|switch|p1a: Weezing|Weezing, L50, M|100/100
|switch|p1b: Annihilape|Annihilape, L50, M|100/100
|switch|p2a: Ninetales|Ninetales, L50, F|100/100
|switch|p2b: Charizard|Charizard, L50, M|100/100
|-ability|p1a: Weezing|Neutralizing Gas
|turn|1
|
|t:|1756216775
|-end|p1a: Weezing|ability: Neutralizing Gas
|-weather|SunnyDay|[from] ability: Drought|[of] p2a: Ninetales
|switch|p1a: Tyranitar|Tyranitar, L50, M|100/100
|-weather|Sandstorm|[from] ability: Sand Stream|[of] p1a: Tyranitar
|-terastallize|p1b: Annihilape|Fairy
|move|p2b: Charizard|Heat Wave|p1a: Tyranitar|[spread] p1a,p1b
|-resisted|p1a: Tyranitar
|-damage|p1a: Tyranitar|93/100
|-damage|p1b: Annihilape|63/100
|move|p1b: Annihilape|Close Combat|p2a: Ninetales
|-damage|p2a: Ninetales|26/100
|-unboost|p1b: Annihilape|def|1
|-unboost|p1b: Annihilape|spd|1
|move|p2a: Ninetales|Overheat|p1a: Tyranitar
|-resisted|p1a: Tyranitar
|-damage|p1a: Tyranitar|76/100
|-unboost|p2a: Ninetales|spa|2
|
|-weather|Sandstorm|[upkeep]
|-damage|p2b: Charizard|94/100|[from] Sandstorm
|-damage|p2a: Ninetales|20/100|[from] Sandstorm
|upkeep
|turn|2
|
|t:|1756216796
|switch|p1b: Weezing|Weezing, L50, M|100/100
|-ability|p1b: Weezing|Neutralizing Gas
|switch|p2a: Incineroar|Incineroar, L50, M|100/100
|move|p2b: Charizard|Heat Wave|p1a: Tyranitar|[spread] p1b
|-miss|p2b: Charizard|p1a: Tyranitar
|-damage|p1b: Weezing|66/100
|move|p1a: Tyranitar|Rock Slide|p2a: Incineroar|[spread] p2a,p2b
|-supereffective|p2a: Incineroar
|-supereffective|p2b: Charizard
|-damage|p2a: Incineroar|41/100
|-damage|p2b: Charizard|0 fnt
|faint|p2b: Charizard
|
|-weather|Sandstorm|[upkeep]
|-damage|p1b: Weezing|60/100|[from] Sandstorm
|upkeep
|
|t:|1756216809
|switch|p2b: Gallade|Gallade, L50, M|100/100
|turn|3
|
|t:|1756216822
|switch|p1a: Annihilape|Annihilape, L50, M, tera:Fairy|63/100
|move|p1b: Weezing|Protect|p1b: Weezing
|-singleturn|p1b: Weezing|Protect
|move|p2a: Incineroar|Fake Out|p1a: Annihilape
|-damage|p1a: Annihilape|49/100
|move|p2b: Gallade|Leaf Blade|p1a: Annihilape
|-crit|p1a: Annihilape
|-damage|p1a: Annihilape|0 fnt
|faint|p1a: Annihilape
|
|-weather|Sandstorm|[upkeep]
|-damage|p2b: Gallade|94/100|[from] Sandstorm
|-damage|p1b: Weezing|54/100|[from] Sandstorm
|upkeep
|
|t:|1756216833
|switch|p1a: Tyranitar|Tyranitar, L50, M|76/100
|turn|4
|
|t:|1756216841
|move|p2b: Gallade|Leaf Blade|p1a: Tyranitar
|-supereffective|p1a: Tyranitar
|-damage|p1a: Tyranitar|0 fnt
|faint|p1a: Tyranitar
|move|p1b: Weezing|Will-O-Wisp|p2b: Gallade
|-status|p2b: Gallade|brn
|move|p2a: Incineroar|Flare Blitz|p1b: Weezing
|-damage|p1b: Weezing|2/100
|-enditem|p1b: Weezing|Sitrus Berry|[eat]
|-heal|p1b: Weezing|27/100|[from] item: Sitrus Berry
|-damage|p2a: Incineroar|26/100|[from] Recoil
|
|-weather|Sandstorm|[upkeep]
|-damage|p2b: Gallade|88/100 brn|[from] Sandstorm
|-damage|p1b: Weezing|21/100|[from] Sandstorm
|-damage|p2b: Gallade|82/100 brn|[from] brn
|upkeep
|
|t:|1756216846
|switch|p1a: Ursaluna|Ursaluna-Bloodmoon, L50, M|100/100
|turn|5
|
|t:|1756216859
|move|p2b: Gallade|Leaf Blade|p1a: Ursaluna
|-supereffective|p1a: Ursaluna
|-damage|p1a: Ursaluna|62/100
|move|p1a: Ursaluna|Hyper Voice|p2b: Gallade|[spread] p2a,p2b
|-damage|p2a: Incineroar|0 fnt
|-damage|p2b: Gallade|27/100 brn
|faint|p2a: Incineroar
|-damage|p1a: Ursaluna|52/100|[from] item: Life Orb
|move|p1b: Weezing|Sludge Bomb|p2b: Gallade
|-damage|p2b: Gallade|0 fnt
|faint|p2b: Gallade
|
|-weather|none
|upkeep
|
|t:|1756216866
|switch|p2a: Ninetales|Ninetales, L50, F|20/100
|turn|6
|
|t:|1756216872
|-terastallize|p2a: Ninetales|Fire
|move|p2a: Ninetales|Heat Wave|p1a: Ursaluna|[spread] p1a,p1b
|-damage|p1a: Ursaluna|0 fnt
|-damage|p1b: Weezing|0 fnt
|faint|p1a: Ursaluna
|faint|p1b: Weezing
|-end|p1b: Weezing|ability: Neutralizing Gas
|-weather|SunnyDay|[from] ability: Drought|[of] p2a: Ninetales
|
|win|Itz_Invis
