|j|☆Drunk express
|j|☆Cozmoonshowdown
|html|Drunk expressCozmoonshowdown    
|uhtml|bestof|Game 1 of a best-of-3
|t:|1783514739
|gametype|doubles
|player|p1|Drunk express|102|1166
|player|p2|Cozmoonshowdown|kieran-champion|1083
|gen|9
|tier|[Gen 9 Champions] VGC 2026 Reg M-B (Bo3)
|rated|
|rule|Species Clause: Limit one of each Pokémon
|rule|Item Clause: Limit 1 of each item
|clearpoke
|poke|p1|Tyranitar, L50, M|
|poke|p1|Pelipper, L50, M, shiny|
|poke|p1|Raichu, L50, M|
|poke|p1|Archaludon, L50, F|
|poke|p1|Ninetales-Alola, L50, F|
|poke|p1|Zoroark-Hisui, L50, M|
|poke|p2|Metagross, L50, shiny|
|poke|p2|Swampert, L50, F, shiny|
|poke|p2|Archaludon, L50, M|
|poke|p2|Pelipper, L50, M|
|poke|p2|Grimmsnarl, L50, M|
|poke|p2|Sinistcha, L50|
|teampreview|4
|showteam|p1|Tyranitar||Tyranitarite|Unnerve|DragonDance,RockSlide,Protect,KnockOff|Adamant||M|||50|]Pelipper||FocusSash|Drizzle|Tailwind,Hurricane,WeatherBall,IcyWind|Modest||M|||50|]Raichu||RaichuniteY|LightningRod|FakeOut,FocusBlast,ZapCannon,Protect|Timid||M|||50|]Archaludon||ShucaBerry|Stalwart|ElectroShot,DracoMeteor,Protect,FlashCannon|Modest||F|||50|]Ninetales-Alola||LightClay|SnowWarning|AuroraVeil,Protect,Moonblast,IcyWind|Timid||F|||50|]Zoroark-Hisui||SilkScarf|Illusion|Roar,ShadowBall,HyperBeam,HyperVoice|Timid||M|||50|
|showteam|p2|Metagross||Metagrossite|ClearBody|IronHead,BodyPress,PsychicFangs,Protect|Jolly|||||50|]Swampert||Swampertite|Torrent|WaveCrash,IcePunch,Earthquake,Protect|Adamant||F|||50|]Archaludon||Leftovers|Stamina|ElectroShot,Protect,DracoMeteor,FlashCannon|Modest||M|||50|]Pelipper||SitrusBerry|Drizzle|Hurricane,WeatherBall,Tailwind,WideGuard|Modest||M|||50|]Grimmsnarl||LightClay|Prankster|LightScreen,Reflect,FoulPlay,PartingShot|Careful||M|||50|]Sinistcha||KasibBerry|Hospitality|TrickRoom,MatchaGotcha,RagePowder,LifeDew|Bold|||||50|
|inactive|Battle timer is ON: inactive players will automatically lose when time's up. (requested by Cozmoonshowdown)
|inactive|Drunk express has 60 seconds left.
|inactive|Cozmoonshowdown has 60 seconds left.
|inactive|Drunk express has 30 seconds left.
|
|t:|1783514805
|teamsize|p1|4
|teamsize|p2|4
|start
|switch|p1a: Pelipper|Pelipper, L50, M, shiny|100/100
|switch|p1b: Ninetales|Ninetales-Alola, L50, F|100/100
|switch|p2a: Noelle in the lake|Swampert, L50, F, shiny|100/100
|switch|p2b: I CAN DO ANYTHING!|Grimmsnarl, L50, M|100/100
|-weather|Snowscape|[from] ability: Snow Warning|[of] p1b: Ninetales
|-weather|RainDance|[from] ability: Drizzle|[of] p1a: Pelipper
|turn|1
|inactive|Cozmoonshowdown has 30 seconds left.
|
|t:|1783514834
|detailschange|p2a: Noelle in the lake|Swampert-Mega, L50, F, shiny
|-mega|p2a: Noelle in the lake|Swampert|Swampertite
|move|p2b: I CAN DO ANYTHING!|Light Screen|p2b: I CAN DO ANYTHING!
|-sidestart|p2: Cozmoonshowdown|move: Light Screen
|move|p2a: Noelle in the lake|Wave Crash|p1b: Ninetales
|-damage|p1b: Ninetales|0 fnt
|faint|p1b: Ninetales
|-damage|p2a: Noelle in the lake|74/100|[from] Recoil
|move|p1a: Pelipper|Weather Ball|p2b: I CAN DO ANYTHING!
|-crit|p2b: I CAN DO ANYTHING!
|-damage|p2b: I CAN DO ANYTHING!|12/100
|
|-weather|RainDance|[upkeep]
|upkeep
|
|t:|1783514850
|switch|p1b: Tyranitar|Tyranitar, L50, M|100/100
|-ability|p1b: Tyranitar|Unnerve
|turn|2
|
|t:|1783514872
|move|p1b: Tyranitar|Protect|p1b: Tyranitar
|-singleturn|p1b: Tyranitar|Protect
|move|p2b: I CAN DO ANYTHING!|Parting Shot|p1a: Pelipper
|-unboost|p1a: Pelipper|atk|1
|-unboost|p1a: Pelipper|spa|1
|
|t:|1783514875
|switch|p2b: Mine? Mine? Mine?|Pelipper, L50, M|100/100|[from] Parting Shot
|move|p2a: Noelle in the lake|Wave Crash|p1b: Tyranitar
|-activate|p1b: Tyranitar|move: Protect
|move|p1a: Pelipper|Tailwind|p1a: Pelipper
|-sidestart|p1: Drunk express|move: Tailwind
|
|-weather|RainDance|[upkeep]
|upkeep
|turn|3
|inactive|Drunk express has 30 seconds left.
|
|t:|1783514904
|switch|p2b: Cyber City Bridge|Archaludon, L50, M|100/100
|detailschange|p1b: Tyranitar|Tyranitar-Mega, L50, M
|-mega|p1b: Tyranitar|Tyranitar|Tyranitarite
|-weather|Sandstorm|[from] ability: Sand Stream|[of] p1b: Tyranitar
|move|p1b: Tyranitar|Rock Slide|p2b: Cyber City Bridge|[spread] p2a,p2b
|-resisted|p2a: Noelle in the lake|1
|-resisted|p2b: Cyber City Bridge|1
|-damage|p2a: Noelle in the lake|56/100
|-damage|p2b: Cyber City Bridge|85/100
|-ability|p2b: Cyber City Bridge|Stamina|boost
|-boost|p2b: Cyber City Bridge|def|1
|move|p1a: Pelipper|Icy Wind|p2b: Cyber City Bridge|[spread] p2a,p2b
|-damage|p2a: Noelle in the lake|52/100
|-damage|p2b: Cyber City Bridge|80/100
|-unboost|p2a: Noelle in the lake|spe|1
|-unboost|p2b: Cyber City Bridge|spe|1
|-ability|p2b: Cyber City Bridge|Stamina|boost
|-boost|p2b: Cyber City Bridge|def|1
|move|p2a: Noelle in the lake|Wave Crash|p1b: Tyranitar
|-supereffective|p1b: Tyranitar|1
|-crit|p1b: Tyranitar
|-damage|p1b: Tyranitar|0 fnt
|faint|p1b: Tyranitar
|-damage|p2a: Noelle in the lake|22/100|[from] Recoil
|
|-weather|Sandstorm|[upkeep]
|-damage|p1a: Pelipper|94/100|[from] Sandstorm
|-heal|p2b: Cyber City Bridge|86/100|[from] item: Leftovers
|upkeep
|
|t:|1783514918
|switch|p1b: Zoroark|Zoroark-Hisui, L50, M|100/100
|turn|4
|
|t:|1783514938
|switch|p2a: Mine? Mine? Mine?|Pelipper, L50, M|100/100
|-weather|RainDance|[from] ability: Drizzle|[of] p2a: Mine? Mine? Mine?
|move|p1b: Zoroark|Hyper Voice|p2b: Cyber City Bridge|[spread] p2a,p2b
|-resisted|p2b: Cyber City Bridge|1
|-damage|p2a: Mine? Mine? Mine?|69/100
|-damage|p2b: Cyber City Bridge|74/100
|-ability|p2b: Cyber City Bridge|Stamina|boost
|-boost|p2b: Cyber City Bridge|def|1
|move|p1a: Pelipper|Hurricane|p2a: Mine? Mine? Mine?
|-damage|p2a: Mine? Mine? Mine?|40/100
|-enditem|p2a: Mine? Mine? Mine?|Sitrus Berry|[eat]
|-heal|p2a: Mine? Mine? Mine?|64/100|[from] item: Sitrus Berry
|move|p2b: Cyber City Bridge|Electro Shot||[still]
|-prepare|p2b: Cyber City Bridge|Electro Shot
|-boost|p2b: Cyber City Bridge|spa|1
|-anim|p2b: Cyber City Bridge|Electro Shot|p1a: Pelipper
|-supereffective|p1a: Pelipper|2
|-damage|p1a: Pelipper|0 fnt
|faint|p1a: Pelipper
|
|-weather|RainDance|[upkeep]
|-heal|p2b: Cyber City Bridge|80/100|[from] item: Leftovers
|upkeep
|turn|5
|-message|Drunk express forfeited.
|
|win|Cozmoonshowdown
|l|☆Drunk express
|player|p1|
||Drunk express is ready for game 2.
|l|☆Cozmoonshowdown
|player|p2|
||Cozmoonshowdown is ready for game 2.
|uhtml|next|Next: Game 2 of 3
|j|☆Cozmoonshowdown
|player|p2|Cozmoonshowdown|kieran-champion|
