|j|â˜†direclawexperience
|j|â˜†TailwindMakeItRain
|html|direclawexperienceTailwindMakeItRain    
|uhtml|bestof|Game 3 of a best-of-3
|t:|1755441205
|gametype|doubles
|player|p1|direclawexperience|benga|1320
|player|p2|TailwindMakeItRain|iris|1413
|gen|9
|tier|[Gen 9] VGC 2025 Reg H (Bo3)
|rated|
|rule|Species Clause: Limit one of each PokÃ©mon
|rule|Item Clause: Limit 1 of each item
|clearpoke
|poke|p1|Incineroar, L50, M|
|poke|p1|Sylveon, L50, M|
|poke|p1|Amoonguss, L50, M|
|poke|p1|Annihilape, L50, F|
|poke|p1|Hydreigon, L50, M|
|poke|p1|Porygon2, L50|
|poke|p2|Gholdengo, L50|
|poke|p2|Incineroar, L50, M|
|poke|p2|Amoonguss, L50, F|
|poke|p2|Sneasler, L50, F|
|poke|p2|Dragonite, L50, F|
|poke|p2|Ursaluna-Bloodmoon, L50, M|
|teampreview|4
|showteam|p1|Incineroar||SafetyGoggles|Intimidate|KnockOff,FlareBlitz,PartingShot,FakeOut|||M|||50|,,,,,Ghost]Sylveon||PixiePlate|Pixilate|HyperVoice,Moonblast,QuickAttack,Protect|||M|||50|,,,,,Fairy]Amoonguss||SitrusBerry|Regenerator|Spore,RagePowder,PollenPuff,ClearSmog|||M|||50|,,,,,Water]Annihilape||WeaknessPolicy|Defiant|DrainPunch,RageFist,FinalGambit,Protect|||F|||50|,,,,,Fire]Hydreigon||CovertCloak|Levitate|Snarl,DracoMeteor,Tailwind,Protect|||M|||50|,,,,,Fire]Porygon2||Eviolite|Download|TeraBlast,IceBeam,Recover,TrickRoom||||||50|,,,,,Ground
|showteam|p2|Gholdengo||LifeOrb|GoodasGold|MakeItRain,ShadowBall,NastyPlot,Protect||||||50|,,,,,Water]Incineroar||SafetyGoggles|Intimidate|PartingShot,FlareBlitz,KnockOff,FakeOut|||M|||50|,,,,,Ghost]Amoonguss||CovertCloak|Regenerator|Spore,RagePowder,PollenPuff,Protect|||F|||50|,,,,,Psychic]Sneasler||FocusSash|Unburden|DireClaw,CloseCombat,ThroatChop,Protect|||F|||50|,,,,,Stellar]Dragonite||LoadedDice|Multiscale|ScaleShot,Tailwind,Haze,Protect|||F|||50|,,,,,Fairy]Ursaluna-Bloodmoon||AssaultVest|MindsEye|BloodMoon,EarthPower,HyperVoice,VacuumWave|||M|||50|,,,,,Normal
|inactive|Battle timer is ON: inactive players will automatically lose when time's up. (requested by direclawexperience)
|c|â˜†direclawexperience|peak skill expression
|c|â˜†direclawexperience|acc feels fun
|inactive|direclawexperience has 60 seconds left.
|c|â˜†TailwindMakeItRain|Ong
|inactive|direclawexperience has 30 seconds left.
|inactive|direclawexperience has 20 seconds left.
|inactive|direclawexperience has 15 seconds left.
|inactive|direclawexperience has 10 seconds left.
|inactive|direclawexperience has 5 seconds left.
|
|t:|1755441299
|teamsize|p1|4
|teamsize|p2|4
|start
|switch|p1a: Incineroar|Incineroar, L50, M|100/100
|switch|p1b: Sylveon|Sylveon, L50, M|100/100
|switch|p2a: Incineroar|Incineroar, L50, M|100/100
|switch|p2b: Amoonguss|Amoonguss, L50, F, shiny|100/100
|-ability|p2a: Incineroar|Intimidate|boost
|-unboost|p1a: Incineroar|atk|1
|-unboost|p1b: Sylveon|atk|1
|-ability|p1a: Incineroar|Intimidate|boost
|-unboost|p2a: Incineroar|atk|1
|-unboost|p2b: Amoonguss|atk|1
|turn|1
|inactive|direclawexperience has 30 seconds left.
|inactive|direclawexperience has 20 seconds left.
|inactive|direclawexperience has 15 seconds left.
|inactive|direclawexperience has 10 seconds left.
|inactive|direclawexperience has 5 seconds left.
|
|t:|1755441350
|move|p2a: Incineroar|Knock Off|p1a: Incineroar
|-resisted|p1a: Incineroar
|-crit|p1a: Incineroar
|-damage|p1a: Incineroar|71/100
|-enditem|p1a: Incineroar|Safety Goggles|[from] move: Knock Off|[of] p2a: Incineroar
|move|p1a: Incineroar|Parting Shot|p2a: Incineroar
|-unboost|p2a: Incineroar|atk|1
|-unboost|p2a: Incineroar|spa|1
|
|t:|1755441357
|switch|p1a: Amoonguss|Amoonguss, L50, M|100/100|[from] Parting Shot
|move|p1b: Sylveon|Hyper Voice|p2b: Amoonguss|[spread] p2a,p2b
|-resisted|p2b: Amoonguss
|-damage|p2a: Incineroar|59/100
|-damage|p2b: Amoonguss|81/100
|move|p2b: Amoonguss|Spore|p1a: Amoonguss
|-immune|p1a: Amoonguss
|
|upkeep
|turn|2
|inactive|direclawexperience has 30 seconds left.
|inactive|direclawexperience has 20 seconds left.
|inactive|direclawexperience has 15 seconds left.
|inactive|direclawexperience has 10 seconds left.
|inactive|direclawexperience has 5 seconds left.
|
|t:|1755441410
|switch|p1a: Hydreigon|Hydreigon, L50, M|100/100
|move|p2a: Incineroar|Parting Shot|p1a: Hydreigon
|-unboost|p1a: Hydreigon|atk|1
|-unboost|p1a: Hydreigon|spa|1
|
|t:|1755441415
|switch|p2a: Gholdengo|Gholdengo, L50|100/100|[from] Parting Shot
|move|p1b: Sylveon|Hyper Voice|p2a: Gholdengo|[spread] p2a,p2b
|-resisted|p2a: Gholdengo
|-resisted|p2b: Amoonguss
|-damage|p2a: Gholdengo|74/100
|-damage|p2b: Amoonguss|62/100
|move|p2b: Amoonguss|Spore|p1b: Sylveon
|-status|p1b: Sylveon|slp|[from] move: Spore
|
|upkeep
|turn|3
|
|t:|1755441438
|switch|p1b: Incineroar|Incineroar, L50, M|71/100
|-ability|p1b: Incineroar|Intimidate|boost
|-unboost|p2a: Gholdengo|atk|1
|-unboost|p2b: Amoonguss|atk|1
|move|p1a: Hydreigon|Protect|p1a: Hydreigon
|-singleturn|p1a: Hydreigon|Protect
|move|p2a: Gholdengo|Nasty Plot|p2a: Gholdengo
|-boost|p2a: Gholdengo|spa|2
|move|p2b: Amoonguss|Spore|p1b: Incineroar
|-status|p1b: Incineroar|slp|[from] move: Spore
|
|upkeep
|turn|4
|c|â˜†direclawexperience|damn
|
|t:|1755441459
|-terastallize|p1a: Hydreigon|Fire
|move|p1a: Hydreigon|Snarl|p2b: Amoonguss|[spread] p2a,p2b
|-supereffective|p2a: Gholdengo
|-damage|p2a: Gholdengo|49/100
|-damage|p2b: Amoonguss|53/100
|-unboost|p2a: Gholdengo|spa|1
|move|p2a: Gholdengo|Make It Rain|p1b: Incineroar|[spread] p1a,p1b
|-resisted|p1a: Hydreigon
|-resisted|p1b: Incineroar
|-damage|p1a: Hydreigon|59/100
|-damage|p1b: Incineroar|37/100 slp
|-unboost|p2a: Gholdengo|spa|1
|-damage|p2a: Gholdengo|40/100|[from] item: Life Orb
|cant|p1b: Incineroar|slp
|move|p2b: Amoonguss|Spore|p1a: Hydreigon
|-status|p1a: Hydreigon|slp|[from] move: Spore
|
|upkeep
|turn|5
|c|â˜†TailwindMakeItRain|Weâ€™ve played each other too much
|
|t:|1755441478
|move|p2b: Amoonguss|Rage Powder|p2b: Amoonguss
|-singleturn|p2b: Amoonguss|move: Rage Powder
|cant|p1a: Hydreigon|slp
|move|p2a: Gholdengo|Shadow Ball|p1b: Incineroar
|-resisted|p1b: Incineroar
|-damage|p1b: Incineroar|18/100 slp
|-damage|p2a: Gholdengo|30/100|[from] item: Life Orb
|cant|p1b: Incineroar|slp
|
|upkeep
|turn|6
|
|t:|1755441501
|move|p2b: Amoonguss|Rage Powder|p2b: Amoonguss
|-singleturn|p2b: Amoonguss|move: Rage Powder
|cant|p1a: Hydreigon|slp
|move|p2a: Gholdengo|Make It Rain|p1a: Hydreigon|[spread] p1a,p1b
|-resisted|p1a: Hydreigon
|-resisted|p1b: Incineroar
|-damage|p1a: Hydreigon|32/100 slp
|-damage|p1b: Incineroar|0 fnt
|-unboost|p2a: Gholdengo|spa|1
|faint|p1b: Incineroar
|-damage|p2a: Gholdengo|21/100|[from] item: Life Orb
|
|upkeep
|
|t:|1755441514
|switch|p1b: Amoonguss|Amoonguss, L50, M|100/100
|turn|7
|inactive|direclawexperience has 30 seconds left.
|inactive|direclawexperience has 20 seconds left.
|inactive|direclawexperience has 15 seconds left.
|
|t:|1755441555
|switch|p2a: Incineroar|Incineroar, L50, M|59/100
|-ability|p2a: Incineroar|Intimidate|boost
|-unboost|p1a: Hydreigon|atk|1
|-unboost|p1b: Amoonguss|atk|1
|-curestatus|p1a: Hydreigon|slp|[msg]
|move|p1a: Hydreigon|Snarl|p2b: Amoonguss|[spread] p2a,p2b
|-resisted|p2a: Incineroar
|-damage|p2a: Incineroar|53/100
|-damage|p2b: Amoonguss|43/100
|-unboost|p2a: Incineroar|spa|1
|move|p1b: Amoonguss|Pollen Puff|p1a: Hydreigon
|-heal|p1a: Hydreigon|82/100
|move|p2b: Amoonguss|Spore|p1a: Hydreigon
|-status|p1a: Hydreigon|slp|[from] move: Spore
|
|upkeep
|turn|8
|
|t:|1755441572
|cant|p1a: Hydreigon|slp
|move|p2a: Incineroar|Parting Shot|p1a: Hydreigon
|-unboost|p1a: Hydreigon|atk|1
|-unboost|p1a: Hydreigon|spa|1
|
|t:|1755441574
|switch|p2a: Gholdengo|Gholdengo, L50|21/100|[from] Parting Shot
|move|p1b: Amoonguss|Pollen Puff|p2b: Amoonguss
|-damage|p2b: Amoonguss|27/100
|move|p2b: Amoonguss|Pollen Puff|p2a: Gholdengo
|-heal|p2a: Gholdengo|70/100
|
|upkeep
|turn|9
|
|t:|1755441595
|-curestatus|p1a: Hydreigon|slp|[msg]
|move|p1a: Hydreigon|Snarl|p2a: Gholdengo|[spread] p2a,p2b
|-supereffective|p2a: Gholdengo
|-crit|p2a: Gholdengo
|-damage|p2a: Gholdengo|16/100
|-damage|p2b: Amoonguss|19/100
|-unboost|p2a: Gholdengo|spa|1
|move|p2a: Gholdengo|Shadow Ball|p1a: Hydreigon
|-damage|p1a: Hydreigon|46/100
|-damage|p2a: Gholdengo|6/100|[from] item: Life Orb
|move|p1b: Amoonguss|Pollen Puff|p2b: Amoonguss
|-damage|p2b: Amoonguss|4/100
|move|p2b: Amoonguss|Spore|p1a: Hydreigon
|-status|p1a: Hydreigon|slp|[from] move: Spore
|
|upkeep
|turn|10
|
|t:|1755441617
|switch|p2b: Incineroar|Incineroar, L50, M|53/100
|-ability|p2b: Incineroar|Intimidate|boost
|-unboost|p1a: Hydreigon|atk|1
|-unboost|p1b: Amoonguss|atk|1
|move|p2a: Gholdengo|Protect|p2a: Gholdengo
|-singleturn|p2a: Gholdengo|Protect
|cant|p1a: Hydreigon|slp
|move|p1b: Amoonguss|Pollen Puff|p2b: Incineroar
|-damage|p2b: Incineroar|39/100
|
|upkeep
|turn|11
|
|t:|1755441631
|switch|p2a: Amoonguss|Amoonguss, L50, F, shiny|37/100
|cant|p1a: Hydreigon|slp
|move|p2b: Incineroar|Knock Off|p1a: Hydreigon
|-damage|p1a: Hydreigon|4/100 slp
|-enditem|p1a: Hydreigon|Covert Cloak|[from] move: Knock Off|[of] p2b: Incineroar
|move|p1b: Amoonguss|Pollen Puff|p1a: Hydreigon
|-heal|p1a: Hydreigon|54/100 slp
|
|upkeep
|turn|12
|
|t:|1755441649
|switch|p1a: Sylveon|Sylveon, L50, M|100/100 slp
|move|p2b: Incineroar|Parting Shot|p1b: Amoonguss
|-unboost|p1b: Amoonguss|atk|1
|-unboost|p1b: Amoonguss|spa|1
|
|t:|1755441663
|switch|p2b: Sneasler|Sneasler, L50, F|100/100|[from] Parting Shot
|move|p1b: Amoonguss|Pollen Puff|p2b: Sneasler
|-resisted|p2b: Sneasler
|-damage|p2b: Sneasler|97/100
|move|p2a: Amoonguss|Spore|p1a: Sylveon
|-fail|p1a: Sylveon|slp
|
|upkeep
|turn|13
|
|t:|1755441682
|switch|p2b: Incineroar|Incineroar, L50, M|39/100
|-ability|p2b: Incineroar|Intimidate|boost
|-unboost|p1a: Sylveon|atk|1
|-unboost|p1b: Amoonguss|atk|1
|cant|p1a: Sylveon|slp
|move|p1b: Amoonguss|Pollen Puff|p2b: Incineroar
|-damage|p2b: Incineroar|28/100
|move|p2a: Amoonguss|Pollen Puff|p2b: Incineroar
|-heal|p2b: Incineroar|78/100
|
|upkeep
|turn|14
|
|t:|1755441703
|switch|p1b: Hydreigon|Hydreigon, L50, M, tera:Fire|54/100 slp
|switch|p2a: Sneasler|Sneasler, L50, F|97/100
|move|p2b: Incineroar|Flare Blitz|p1b: Hydreigon
|-resisted|p1b: Hydreigon
|-damage|p1b: Hydreigon|26/100 slp
|-damage|p2b: Incineroar|69/100|[from] Recoil
|cant|p1a: Sylveon|slp
|
|upkeep
|turn|15
|
|t:|1755441725
|switch|p1b: Amoonguss|Amoonguss, L50, M|100/100
|-terastallize|p2a: Sneasler|Stellar
|move|p2a: Sneasler|Dire Claw|p1b: Amoonguss
|-damage|p1b: Amoonguss|56/100
|move|p2b: Incineroar|Flare Blitz|p1a: Sylveon
|-damage|p1a: Sylveon|29/100 slp
|-damage|p2b: Incineroar|46/100|[from] Recoil
|-curestatus|p1a: Sylveon|slp|[msg]
|move|p1a: Sylveon|Hyper Voice|p2b: Incineroar|[spread] p2a,p2b
|-crit|p2b: Incineroar
|-damage|p2a: Sneasler|27/100
|-damage|p2b: Incineroar|0 fnt
|faint|p2b: Incineroar
|
|upkeep
|
|t:|1755441730
|switch|p2b: Gholdengo|Gholdengo, L50|6/100
|turn|16
|c|â˜†direclawexperience|that crit sold oml
|c|â˜†direclawexperience|really wp
|inactive|direclawexperience has 30 seconds left.
|inactive|TailwindMakeItRain has 30 seconds left.
|c|â˜†TailwindMakeItRain|Rip
|inactive|direclawexperience has 20 seconds left.
|inactive|TailwindMakeItRain has 20 seconds left.
|inactive|direclawexperience has 15 seconds left.
|inactive|direclawexperience has 10 seconds left.
|inactive|direclawexperience has 5 seconds left.
|
|t:|1755441784
|switch|p2b: Amoonguss|Amoonguss, L50, F, shiny|71/100
|move|p2a: Sneasler|Protect|p2a: Sneasler
|-singleturn|p2a: Sneasler|Protect
|move|p1b: Amoonguss|Rage Powder|p1b: Amoonguss
|-singleturn|p1b: Amoonguss|move: Rage Powder
|move|p1a: Sylveon|Quick Attack|p2b: Amoonguss
|-resisted|p2b: Amoonguss
|-damage|p2b: Amoonguss|67/100
|
|upkeep
|turn|17
|inactive|direclawexperience has 25 seconds left this turn.
|inactive|direclawexperience has 20 seconds left.
|inactive|direclawexperience has 15 seconds left.
|inactive|direclawexperience has 10 seconds left.
|
|t:|1755441801
|switch|p2a: Gholdengo|Gholdengo, L50|6/100
|move|p1b: Amoonguss|Rage Powder|p1b: Amoonguss
|-singleturn|p1b: Amoonguss|move: Rage Powder
|move|p1a: Sylveon|Hyper Voice|p2b: Amoonguss|[spread] p2a,p2b
|-resisted|p2a: Gholdengo
|-resisted|p2b: Amoonguss
|-damage|p2a: Gholdengo|0 fnt
|-damage|p2b: Amoonguss|45/100
|faint|p2a: Gholdengo
|move|p2b: Amoonguss|Pollen Puff|p2: Gholdengo|[notarget]
|-fail|p2b: Amoonguss
|
|upkeep
|
|t:|1755441807
|switch|p2a: Sneasler|Sneasler, L50, F, tera:Stellar|27/100
|turn|18
|inactive|direclawexperience has 10 seconds left this turn.
|inactive|direclawexperience has 5 seconds left.
|c|â˜†TailwindMakeItRain|Unfort ggs
|inactiveoff|Battle timer is now OFF.
|
|t:|1755441828
|move|p1b: Amoonguss|Rage Powder|p1b: Amoonguss
|-singleturn|p1b: Amoonguss|move: Rage Powder
|move|p2a: Sneasler|Dire Claw|p1b: Amoonguss
|-damage|p1b: Amoonguss|23/100
|-enditem|p1b: Amoonguss|Sitrus Berry|[eat]
|-heal|p1b: Amoonguss|48/100|[from] item: Sitrus Berry
|move|p1a: Sylveon|Hyper Voice|p2a: Sneasler|[spread] p2a,p2b
|-resisted|p2b: Amoonguss
|-damage|p2a: Sneasler|0 fnt
|-damage|p2b: Amoonguss|27/100
|faint|p2a: Sneasler
|move|p2b: Amoonguss|Spore|p1a: Sylveon
|-status|p1a: Sylveon|slp|[from] move: Spore
|
|upkeep
|turn|19
|-message|TailwindMakeItRain forfeited.
|
|win|direclawexperience
|raw|direclawexperience's rating: 1320 → 1345(+25 for winning)
|raw|TailwindMakeItRain's rating: 1413 → 1388(-25 for losing)
|c|â˜†direclawexperience|wow
|c|â˜†direclawexperience|save replay and post
|c|â˜†direclawexperience|this game was wild
