|j|☆Cristante terabug
|j|☆livelaughlotad1
|html|Cristante terabuglivelaughlotad1    
|uhtml|bestof|Game 2 of a best-of-3
|t:|1757019611
|gametype|doubles
|player|p1|Cristante terabug|kieran-champion|1255
|player|p2|livelaughlotad1|acetrainerf|1146
|gen|9
|tier|[Gen 9] VGC 2025 Reg H (Bo3)
|rated|
|rule|Species Clause: Limit one of each Pokémon
|rule|Item Clause: Limit 1 of each item
|clearpoke
|poke|p1|Incineroar, L50, M|
|poke|p1|Pelipper, L50, M|
|poke|p1|Archaludon, L50, M|
|poke|p1|Dragonite, L50, M|
|poke|p1|Sinistcha, L50|
|poke|p1|Ursaluna, L50, M|
|poke|p2|Kilowattrel, L50, F|
|poke|p2|Annihilape, L50, M|
|poke|p2|Ursaluna, L50, M|
|poke|p2|Amoonguss, L50, M|
|poke|p2|Farigiraf, L50, F|
|poke|p2|Incineroar, L50, M|
|teampreview|4
|showteam|p1|Incineroar||SafetyGoggles|Intimidate|FakeOut,PartingShot,KnockOff,Taunt|||M|||50|,,,,,Ghost]Pelipper||FocusSash|Drizzle|Hurricane,MuddyWater,Tailwind,Protect|||M|||50|,,,,,Ghost]Archaludon||AssaultVest|Stamina|ElectroShot,Snarl,FlashCannon,BodyPress|||M|||50|,,,,,Fighting]Dragonite||LoadedDice|Multiscale|ScaleShot,Tailwind,Haze,Protect|||M|||50|,,,,,Fairy]Sinistcha||SitrusBerry|Hospitality|MatchaGotcha,RagePowder,LifeDew,TrickRoom||||||50|,,,,,Dark]Ursaluna||FlameOrb|Guts|Earthquake,Facade,HeadlongRush,Protect|||M|||50|,,,,,Ghost
|showteam|p2|Kilowattrel||FocusSash|Competitive|Discharge,AirSlash,Tailwind,Protect|||F|||50|,,,,,Ghost]Annihilape||SitrusBerry|Defiant|RageFist,DrainPunch,CloseCombat,Protect|||M|||50|,,,,,Grass]Ursaluna||FlameOrb|Guts|Facade,Earthquake,HeadlongRush,Protect|||M|||50|,,,,,Ghost]Amoonguss||EjectButton|Regenerator|Spore,SludgeBomb,RagePowder,Protect|||M|||50|,,,,,Water]Farigiraf||ThroatSpray|ArmorTail|HyperVoice,Psychic,TrickRoom,Protect|||F|||50|,,,,,Fairy]Incineroar||SafetyGoggles|Intimidate|FakeOut,KnockOff,FlareBlitz,PartingShot|||M|||50|,,,,,Grass
|inactive|Battle timer is ON: inactive players will automatically lose when time's up. (requested by Cristante terabug)
|
|t:|1757019631
|teamsize|p1|4
|teamsize|p2|4
|start
|switch|p1a: Paolo|Dragonite, L50, M|100/100
|switch|p1b: Olmo|Ursaluna, L50, M|100/100
|switch|p2a: Incineroar|Incineroar, L50, M|100/100
|switch|p2b: Farigiraf|Farigiraf, L50, F|100/100
|-ability|p2a: Incineroar|Intimidate|boost
|-unboost|p1a: Paolo|atk|1
|-unboost|p1b: Olmo|atk|1
|turn|1
|
|t:|1757019647
|switch|p1a: Luca|Archaludon, L50, M|100/100
|move|p1b: Olmo|Protect|p1b: Olmo
|-singleturn|p1b: Olmo|Protect
|move|p2a: Incineroar|Fake Out|p1a: Luca
|-resisted|p1a: Luca
|-damage|p1a: Luca|96/100
|-ability|p1a: Luca|Stamina|boost
|-boost|p1a: Luca|def|1
|move|p2b: Farigiraf|Trick Room|p2b: Farigiraf
|-fieldstart|move: Trick Room|[of] p2b: Farigiraf
|
|-status|p1b: Olmo|brn|[from] item: Flame Orb
|upkeep
|turn|2
|inactive|livelaughlotad1 has 30 seconds left.
|
|t:|1757019676
|move|p2b: Farigiraf|Protect|p2b: Farigiraf
|-singleturn|p2b: Farigiraf|Protect
|move|p2a: Incineroar|Parting Shot|p1a: Luca
|-unboost|p1a: Luca|atk|1
|-unboost|p1a: Luca|spa|1
|j| DShinobii
|
|t:|1757019682
|switch|p2a: Amoonguss|Amoonguss, L50, M|100/100|[from] Parting Shot
|move|p1b: Olmo|Facade|p2b: Farigiraf
|-activate|p2b: Farigiraf|move: Protect
|move|p1a: Luca|Body Press|p2a: Amoonguss
|-resisted|p2a: Amoonguss
|-damage|p2a: Amoonguss|85/100
|-enditem|p2a: Amoonguss|Eject Button
|l| DShinobii
|
|t:|1757019698
|switch|p2a: Ursaluna|Ursaluna, L50, M|100/100
|
|-damage|p1b: Olmo|94/100 brn|[from] brn
|-status|p2a: Ursaluna|brn|[from] item: Flame Orb
|upkeep
|turn|3
|
|t:|1757019715
|switch|p1b: De Marinis|Incineroar, L50, M|100/100
|-ability|p1b: De Marinis|Intimidate|boost
|-unboost|p2a: Ursaluna|atk|1
|-unboost|p2b: Farigiraf|atk|1
|-terastallize|p2a: Ursaluna|Ghost
|-terastallize|p1a: Luca|Fighting
|move|p2a: Ursaluna|Headlong Rush|p1a: Luca
|-damage|p1a: Luca|67/100
|-unboost|p2a: Ursaluna|def|1
|-unboost|p2a: Ursaluna|spd|1
|-ability|p1a: Luca|Stamina|boost
|-boost|p1a: Luca|def|1
|move|p2b: Farigiraf|Hyper Voice|p1b: De Marinis|[spread] p1a,p1b
|-damage|p1a: Luca|47/100
|-damage|p1b: De Marinis|77/100
|-ability|p1a: Luca|Stamina|boost
|-boost|p1a: Luca|def|1
|-enditem|p2b: Farigiraf|Throat Spray
|-boost|p2b: Farigiraf|spa|1|[from] item: Throat Spray
|move|p1a: Luca|Body Press|p2a: Ursaluna
|-immune|p2a: Ursaluna
|
|-damage|p2a: Ursaluna|95/100 brn|[from] brn
|upkeep
|turn|4
|inactive|livelaughlotad1 has 30 seconds left.
|
|t:|1757019740
|move|p2a: Ursaluna|Headlong Rush|p1b: De Marinis
|-supereffective|p1b: De Marinis
|-damage|p1b: De Marinis|0 fnt
|-unboost|p2a: Ursaluna|def|1
|-unboost|p2a: Ursaluna|spd|1
|faint|p1b: De Marinis
|move|p2b: Farigiraf|Psychic|p1a: Luca
|-supereffective|p1a: Luca
|-damage|p1a: Luca|0 fnt
|faint|p1a: Luca
|
|-damage|p2a: Ursaluna|89/100 brn|[from] brn
|upkeep
|
|t:|1757019749
|switch|p1b: Olmo|Ursaluna, L50, M|94/100 brn
|switch|p1a: Paolo|Dragonite, L50, M|100/100
|turn|5
|
|t:|1757019763
|switch|p2a: Incineroar|Incineroar, L50, M|100/100
|-ability|p2a: Incineroar|Intimidate|boost
|-unboost|p1a: Paolo|atk|1
|-unboost|p1b: Olmo|atk|1
|move|p1b: Olmo|Protect|p1b: Olmo
|-singleturn|p1b: Olmo|Protect
|move|p2b: Farigiraf|Protect|p2b: Farigiraf
|-singleturn|p2b: Farigiraf|Protect
|move|p1a: Paolo|Scale Shot|p2b: Farigiraf
|-activate|p2b: Farigiraf|move: Protect
|
|-damage|p1b: Olmo|88/100 brn|[from] brn
|-fieldend|move: Trick Room
|upkeep
|turn|6
|inactive|livelaughlotad1 has 30 seconds left.
|
|t:|1757019791
|move|p2a: Incineroar|Fake Out|p1b: Olmo
|-damage|p1b: Olmo|78/100 brn
|move|p1a: Paolo|Scale Shot|p2b: Farigiraf
|-damage|p2b: Farigiraf|89/100
|-damage|p2b: Farigiraf|78/100
|-damage|p2b: Farigiraf|68/100
|-damage|p2b: Farigiraf|57/100
|-damage|p2b: Farigiraf|47/100
|-hitcount|p2b: Farigiraf|5
|-unboost|p1a: Paolo|def|1
|-boost|p1a: Paolo|spe|1
|cant|p1b: Olmo|flinch
|move|p2b: Farigiraf|Trick Room|p2b: Farigiraf
|-fieldstart|move: Trick Room|[of] p2b: Farigiraf
|
|-damage|p1b: Olmo|72/100 brn|[from] brn
|upkeep
|turn|7
|
|t:|1757019809
|move|p2b: Farigiraf|Protect|p2b: Farigiraf
|-singleturn|p2b: Farigiraf|Protect
|move|p2a: Incineroar|Parting Shot|p1b: Olmo
|-unboost|p1b: Olmo|atk|1
|-unboost|p1b: Olmo|spa|1
|
|t:|1757019814
|switch|p2a: Amoonguss|Amoonguss, L50, M|100/100|[from] Parting Shot
|move|p1b: Olmo|Earthquake|p2a: Amoonguss|[spread] p2a
|-activate|p2b: Farigiraf|move: Protect
|-immune|p1a: Paolo
|-damage|p2a: Amoonguss|72/100
|move|p1a: Paolo|Scale Shot|p2b: Farigiraf
|-activate|p2b: Farigiraf|move: Protect
|
|-damage|p1b: Olmo|66/100 brn|[from] brn
|upkeep
|turn|8
|inactive|livelaughlotad1 has 30 seconds left.
|
|t:|1757019839
|switch|p2b: Incineroar|Incineroar, L50, M|100/100
|-ability|p2b: Incineroar|Intimidate|boost
|-unboost|p1a: Paolo|atk|1
|-unboost|p1b: Olmo|atk|1
|move|p1a: Paolo|Protect|p1a: Paolo
|-singleturn|p1a: Paolo|Protect
|move|p2a: Amoonguss|Spore|p1a: Paolo
|-activate|p1a: Paolo|move: Protect
|move|p1b: Olmo|Facade|p2a: Amoonguss
|-crit|p2a: Amoonguss
|-damage|p2a: Amoonguss|0 fnt
|faint|p2a: Amoonguss
|
|-damage|p1b: Olmo|60/100 brn|[from] brn
|upkeep
|
|t:|1757019857
|switch|p2a: Ursaluna|Ursaluna, L50, M, tera:Ghost|89/100 brn
|turn|9
|
|t:|1757019877
|move|p2b: Incineroar|Fake Out|p1a: Paolo
|-damage|p1a: Paolo|90/100
|move|p2a: Ursaluna|Facade|p1b: Olmo
|-damage|p1b: Olmo|0 fnt
|faint|p1b: Olmo
|cant|p1a: Paolo|flinch
|
|-damage|p2a: Ursaluna|83/100 brn|[from] brn
|upkeep
|turn|10
|-message|Cristante terabug forfeited.
|
|win|livelaughlotad1
