|j|☆FarigiBoy
|j|☆MEGA FRAUD
|html|FarigiBoyMEGA FRAUD    
|uhtml|bestof|Game 1 of a best-of-3
|t:|1785317423
|gametype|doubles
|player|p1|FarigiBoy|102|1317
|player|p2|MEGA FRAUD|266|1154
|gen|9
|tier|[Gen 9 Champions] VGC 2026 Reg M-B (Bo3)
|rated|
|rule|Species Clause: Limit one of each Pokémon
|rule|Item Clause: Limit 1 of each item
|clearpoke
|poke|p1|Floette-Eternal, L50, F|
|poke|p1|Delphox, L50, M|
|poke|p1|Kingambit, L50, M|
|poke|p1|Sneasler, L50, F|
|poke|p1|Sinistcha, L50|
|poke|p1|Incineroar, L50, F|
|poke|p2|Tyranitar, L50, M|
|poke|p2|Excadrill, L50, F|
|poke|p2|Milotic, L50, M|
|poke|p2|Sinistcha, L50|
|poke|p2|Staraptor, L50, F|
|poke|p2|Gholdengo, L50|
|teampreview|4
|showteam|p1|Floette-Eternal||Floettite|FlowerVeil|DazzlingGleam,DrainingKiss,CalmMind,Protect|Modest||F|||50|]Delphox||Delphoxite|Blaze|HeatWave,Psyshock,NastyPlot,Protect|Timid||M|||50|]Kingambit||BlackGlasses|Defiant|KowtowCleave,SuckerPunch,SwordsDance,Protect|Adamant||M|||50|]Sneasler||FocusSash|PoisonTouch|CloseCombat,PoisonJab,FakeOut,QuickGuard|Jolly||F|||50|]Sinistcha||ColburBerry|Hospitality|MatchaGotcha,RagePowder,TrickRoom,Protect|Bold|||||50|]Incineroar||SitrusBerry|Intimidate|FlareBlitz,ThroatChop,PartingShot,FakeOut|Impish||F|||50|
|showteam|p2|Tyranitar||Tyranitarite|SandStream|KnockOff,RockSlide,LowKick,Protect|Jolly||M|||50|]Excadrill||FocusSash|SandRush|Earthquake,IronHead,RockSlide,Protect|Adamant||F|||50|]Milotic||SitrusBerry|Competitive|Scald,IcyWind,IceBeam,Protect|Calm||M|||50|]Sinistcha||ColburBerry|Hospitality|MatchaGotcha,ShadowBall,Protect,RagePowder|Bold|||||50|]Staraptor||Staraptite|Intimidate|CloseCombat,BraveBird,Tailwind,Protect|Jolly||F|||50|]Gholdengo||LifeOrb|GoodasGold|MakeItRain,ShadowBall,NastyPlot,Protect|Modest|||||50|
|
|t:|1785317448
|teamsize|p1|4
|teamsize|p2|4
|start
|switch|p1a: Floette|Floette-Eternal, L50, F|100/100
|switch|p1b: Sneasler|Sneasler, L50, F|100/100
|switch|p2a: Staraptor|Staraptor, L50, F|100/100
|switch|p2b: Excadrill|Excadrill, L50, F|100/100
|-ability|p2a: Staraptor|Intimidate|boost
|-unboost|p1a: Floette|atk|1
|-unboost|p1b: Sneasler|atk|1
|turn|1
|inactive|Battle timer is ON: inactive players will automatically lose when time's up. (requested by MEGA FRAUD)
|
|t:|1785317479
|detailschange|p2a: Staraptor|Staraptor-Mega, L50, F
|-mega|p2a: Staraptor|Staraptor|Staraptite
|detailschange|p1a: Floette|Floette-Mega, L50, F
|-mega|p1a: Floette|Floette|Floettite
|-ability|p1a: Floette|Fairy Aura
|move|p1b: Sneasler|Fake Out|p2b: Excadrill
|-resisted|p2b: Excadrill|1
|-damage|p2b: Excadrill|93/100
|move|p2a: Staraptor|Close Combat|p1b: Sneasler
|-resisted|p1b: Sneasler|1
|-damage|p1b: Sneasler|52/100
|-boost|p2a: Staraptor|def|1
|-boost|p2a: Staraptor|spd|1
|cant|p2b: Excadrill|flinch
|move|p1a: Floette|Dazzling Gleam|p2b: Excadrill|[spread] p2a,p2b
|-supereffective|p2a: Staraptor|1
|-resisted|p2b: Excadrill|1
|-damage|p2a: Staraptor|42/100
|-damage|p2b: Excadrill|59/100
|
|upkeep
|turn|2
|
|t:|1785317500
|move|p1b: Sneasler|Close Combat|p2b: Excadrill
|-supereffective|p2b: Excadrill|1
|-damage|p2b: Excadrill|0 fnt
|-unboost|p1b: Sneasler|def|1
|-unboost|p1b: Sneasler|spd|1
|faint|p2b: Excadrill
|move|p2a: Staraptor|Tailwind|p2a: Staraptor
|-sidestart|p2: MEGA FRAUD|move: Tailwind
|move|p1a: Floette|Dazzling Gleam|p2a: Staraptor
|-supereffective|p2a: Staraptor|1
|-damage|p2a: Staraptor|0 fnt
|faint|p2a: Staraptor
|
|upkeep
|
|t:|1785317505
|switch|p2a: Tyranitar|Tyranitar, L50, M|100/100
|switch|p2b: Gholdengo|Gholdengo, L50|100/100
|-weather|Sandstorm|[from] ability: Sand Stream|[of] p2a: Tyranitar
|turn|3
|
|t:|1785317527
|switch|p1b: Incineroar|Incineroar, L50, F|100/100
|-ability|p1b: Incineroar|Intimidate|boost
|-unboost|p2a: Tyranitar|atk|1
|-unboost|p2b: Gholdengo|atk|1
|move|p2a: Tyranitar|Rock Slide|p1b: Incineroar|[spread] p1a,p1b
|-supereffective|p1b: Incineroar|1
|-damage|p1a: Floette|83/100
|-damage|p1b: Incineroar|70/100
|move|p2b: Gholdengo|Nasty Plot|p2b: Gholdengo
|-boost|p2b: Gholdengo|spa|2
|move|p1a: Floette|Draining Kiss|p2a: Tyranitar
|-supereffective|p2a: Tyranitar|1
|-damage|p2a: Tyranitar|50/100y
|-heal|p1a: Floette|100/100|[from] drain|[of] p2a: Tyranitar
|
|-weather|Sandstorm|[upkeep]
|-damage|p1a: Floette|93/100|[from] Sandstorm
|-damage|p1b: Incineroar|64/100|[from] Sandstorm
|upkeep
|turn|4
|inactive|FarigiBoy has 30 seconds left.
|
|t:|1785317558
|switch|p1b: Sneasler|Sneasler, L50, F|52/100
|move|p1a: Floette|Protect|p1a: Floette
|-singleturn|p1a: Floette|Protect
|move|p2a: Tyranitar|Rock Slide|p1b: Sneasler|[spread] p1b
|-activate|p1a: Floette|move: Protect
|-resisted|p1b: Sneasler|1
|-damage|p1b: Sneasler|36/100
|move|p2b: Gholdengo|Nasty Plot|p2b: Gholdengo
|-boost|p2b: Gholdengo|spa|2
|
|-weather|Sandstorm|[upkeep]
|-damage|p1b: Sneasler|31/100|[from] Sandstorm
|-damage|p1a: Floette|87/100|[from] Sandstorm
|upkeep
|turn|5
|
|t:|1785317583
|move|p1a: Floette|Protect|p1a: Floette
|-singleturn|p1a: Floette|Protect
|move|p1b: Sneasler|Fake Out|p2a: Tyranitar
|-resisted|p2a: Tyranitar|1
|-damage|p2a: Tyranitar|43/100
|cant|p2a: Tyranitar|flinch
|move|p2b: Gholdengo|Make It Rain|p1b: Sneasler|[spread] p1b
|-activate|p1a: Floette|move: Protect
|-damage|p1b: Sneasler|0 fnt
|-unboost|p2b: Gholdengo|spa|2
|faint|p1b: Sneasler
|-damage|p2b: Gholdengo|90/100|[from] item: Life Orb
|
|-weather|Sandstorm|[upkeep]
|-damage|p1a: Floette|81/100|[from] Sandstorm
|-sideend|p2: MEGA FRAUD|move: Tailwind
|upkeep
|
|t:|1785317589
|switch|p1b: Incineroar|Incineroar, L50, F|64/100
|-ability|p1b: Incineroar|Intimidate|boost
|-unboost|p2a: Tyranitar|atk|1
|-unboost|p2b: Gholdengo|atk|1
|turn|6
|
|t:|1785317596
|switch|p1a: Sinistcha|Sinistcha, L50|100/100
|-heal|p1b: Incineroar|89/100|[from] ability: Hospitality|[of] p1a: Sinistcha
|move|p2a: Tyranitar|Protect|p2a: Tyranitar
|-singleturn|p2a: Tyranitar|Protect
|move|p2b: Gholdengo|Make It Rain|p1a: Sinistcha|[spread] p1a,p1b
|-resisted|p1b: Incineroar|1
|-damage|p1a: Sinistcha|0 fnt
|-damage|p1b: Incineroar|42/100
|-unboost|p2b: Gholdengo|spa|2
|-enditem|p1b: Incineroar|Sitrus Berry|[eat]
|-heal|p1b: Incineroar|67/100|[from] item: Sitrus Berry
|faint|p1a: Sinistcha
|-damage|p2b: Gholdengo|80/100|[from] item: Life Orb
|move|p1b: Incineroar|Flare Blitz|p2b: Gholdengo
|-supereffective|p2b: Gholdengo|1
|-damage|p2b: Gholdengo|1/100
|-damage|p1b: Incineroar|42/100|[from] Recoil
|
|-weather|Sandstorm|[upkeep]
|-damage|p1b: Incineroar|36/100|[from] Sandstorm
|upkeep
|
|t:|1785317613
|switch|p1a: Floette|Floette-Mega, L50, F|81/100
|-ability|p1a: Floette|Fairy Aura
|turn|7
|
|t:|1785317617
|move|p1a: Floette|Dazzling Gleam|p2a: Tyranitar|[spread] p2a,p2b
|-supereffective|p2a: Tyranitar|1
|-resisted|p2b: Gholdengo|1
|-damage|p2a: Tyranitar|0 fnt
|-damage|p2b: Gholdengo|0 fnt
|faint|p2a: Tyranitar
|faint|p2b: Gholdengo
|
|win|FarigiBoy
||MEGA FRAUD is ready for game 2.
||FarigiBoy is ready for game 2.
|uhtml|next|Next: Game 2 of 3
|l|☆FarigiBoy
|player|p1|
