|j|☆Slacklax
|j|☆KingKlangg
|html|SlacklaxKingKlangg    
|uhtml|bestof|Game 1 of a best-of-3
|t:|1757794999
|gametype|doubles
|player|p1|Slacklax|1|1082
|player|p2|KingKlangg|pokemaniac|1096
|gen|9
|tier|[Gen 9] VGC 2025 Reg H (Bo3)
|rated|
|rule|Species Clause: Limit one of each Pokémon
|rule|Item Clause: Limit 1 of each item
|clearpoke
|poke|p1|Rillaboom, L50, F|
|poke|p1|Incineroar, L50, M|
|poke|p1|Baxcalibur, L50, F|
|poke|p1|Cetitan, L50, F|
|poke|p1|Pincurchin, L50, M|
|poke|p1|Ninetales-Alola, L50, F|
|poke|p2|Volcarona, L50, M|
|poke|p2|Grimmsnarl, L50, M|
|poke|p2|Rillaboom, L50, F|
|poke|p2|Ursaluna, L50, M|
|poke|p2|Primarina, L50, F|
|poke|p2|Indeedee-F, L50, F|
|teampreview|4
|showteam|p1|Rillaboom||AssaultVest|GrassySurge|GrassyGlide,FakeOut,WoodHammer,Uturn|||F|||50|,,,,,Fire]Incineroar||SafetyGoggles|Intimidate|FlareBlitz,FakeOut,Protect,PartingShot|||M|||50|,,,,,Ghost]Baxcalibur||LoadedDice|ThermalExchange|IcicleSpear,Protect,ScaleShot,DragonDance|||F|||50|,,,,,Fairy]Cetitan||SitrusBerry|SlushRush|BellyDrum,IceShard,IcicleCrash,Liquidation|||F|||50|,,,,,Ice]Pincurchin||Leftovers|ElectricSurge|Electroweb,SuckerPunch,Protect,ThunderWave|||M|||50|,,,,,Steel]Ninetales-Alola||LightClay|SnowWarning|AuroraVeil,IcyWind,DazzlingGleam,Protect|||F|||50|,,,,,Water
|showteam|p2|Volcarona||CovertCloak|FlameBody|HeatWave,Protect,QuiverDance,GigaDrain|||M|||50|,,,,,Water]Grimmsnarl||LightClay|Prankster|Reflect,LightScreen,ThunderWave,FoulPlay|||M|||50|,,,,,Ghost]Rillaboom||AssaultVest|GrassySurge|WoodHammer,GrassyGlide,Uturn,FakeOut|||F|||50|,,,,,Fire]Ursaluna||FlameOrb|Guts|Facade,HeadlongRush,Protect,Substitute|||M|||50|,,,,,Ghost]Primarina||ThroatSpray|LiquidVoice|Protect,Moonblast,HyperVoice,Haze|||F|||50|,,,,,Poison]Indeedee-F||SafetyGoggles|PsychicSurge|TrickRoom,FollowMe,HelpingHand,Psychic|||F|||50|,,,,,Fairy
|inactive|Battle timer is ON: inactive players will automatically lose when time's up. (requested by Slacklax)
|inactive|KingKlangg has 60 seconds left.
|inactive|KingKlangg has 30 seconds left.
|
|t:|1757795066
|teamsize|p1|4
|teamsize|p2|4
|start
|switch|p1a: Ninetales|Ninetales-Alola, L50, F|100/100
|switch|p1b: Baxcalibur|Baxcalibur, L50, F|100/100
|switch|p2a: Volcarona|Volcarona, L50, M|100/100
|switch|p2b: Indeedee|Indeedee-F, L50, F|100/100
|-weather|Snowscape|[from] ability: Snow Warning|[of] p1a: Ninetales
|-fieldstart|move: Psychic Terrain|[from] ability: Psychic Surge|[of] p2b: Indeedee
|turn|1
|inactive|Slacklax has 30 seconds left.
|inactive|KingKlangg has 30 seconds left.
|inactive|KingKlangg has 20 seconds left.
|
|t:|1757795105
|-terastallize|p1b: Baxcalibur|Fairy
|move|p1a: Ninetales|Aurora Veil|p1a: Ninetales
|-sidestart|p1: Slacklax|move: Aurora Veil
|move|p2a: Volcarona|Quiver Dance|p2a: Volcarona
|-boost|p2a: Volcarona|spa|1
|-boost|p2a: Volcarona|spd|1
|-boost|p2a: Volcarona|spe|1
|move|p1b: Baxcalibur|Scale Shot|p2a: Volcarona
|-damage|p2a: Volcarona|80/100
|-damage|p2a: Volcarona|60/100
|-damage|p2a: Volcarona|40/100
|-damage|p2a: Volcarona|19/100
|-hitcount|p2a: Volcarona|4
|-unboost|p1b: Baxcalibur|def|1
|-boost|p1b: Baxcalibur|spe|1
|move|p2b: Indeedee|Trick Room|p2b: Indeedee
|-fieldstart|move: Trick Room|[of] p2b: Indeedee
|
|-weather|Snowscape|[upkeep]
|upkeep
|turn|2
|inactive|Slacklax has 30 seconds left.
|inactive|KingKlangg has 30 seconds left.
|inactive|KingKlangg has 20 seconds left.
|inactive|KingKlangg has 15 seconds left.
|inactive|KingKlangg has 10 seconds left.
|
|t:|1757795158
|switch|p1a: Incineroar|Incineroar, L50, M|100/100
|-ability|p1a: Incineroar|Intimidate|boost
|-unboost|p2a: Volcarona|atk|1
|-unboost|p2b: Indeedee|atk|1
|move|p2b: Indeedee|Follow Me|p2b: Indeedee
|-singleturn|p2b: Indeedee|move: Follow Me
|move|p1b: Baxcalibur|Icicle Spear|p2b: Indeedee
|-damage|p2b: Indeedee|84/100
|-damage|p2b: Indeedee|67/100
|-damage|p2b: Indeedee|51/100
|-crit|p2b: Indeedee
|-damage|p2b: Indeedee|30/100
|-hitcount|p2b: Indeedee|4
|move|p2a: Volcarona|Giga Drain|p1b: Baxcalibur
|-damage|p1b: Baxcalibur|76/100
|-heal|p2a: Volcarona|31/100|[from] drain|[of] p1b: Baxcalibur
|
|-weather|Snowscape|[upkeep]
|upkeep
|turn|3
|inactive|Slacklax has 30 seconds left.
|inactive|KingKlangg has 30 seconds left.
|
|t:|1757795192
|switch|p2b: Primarina|Primarina, L50, F|100/100
|move|p2a: Volcarona|Protect|p2a: Volcarona
|-singleturn|p2a: Volcarona|Protect
|move|p1a: Incineroar|Flare Blitz|p2a: Volcarona
|-activate|p2a: Volcarona|move: Protect
|move|p1b: Baxcalibur|Icicle Spear|p2b: Primarina
|-resisted|p2b: Primarina
|-damage|p2b: Primarina|92/100
|-resisted|p2b: Primarina
|-damage|p2b: Primarina|82/100
|-resisted|p2b: Primarina
|-crit|p2b: Primarina
|-damage|p2b: Primarina|69/100
|-resisted|p2b: Primarina
|-damage|p2b: Primarina|59/100
|-resisted|p2b: Primarina
|-damage|p2b: Primarina|50/100
|-hitcount|p2b: Primarina|5
|
|-weather|Snowscape|[upkeep]
|upkeep
|turn|4
|inactive|Slacklax has 30 seconds left.
|inactive|Slacklax has 20 seconds left.
|
|t:|1757795228
|move|p1a: Incineroar|Flare Blitz|p2a: Volcarona
|-damage|p2a: Volcarona|0 fnt
|faint|p2a: Volcarona
|-damage|p1a: Incineroar|91/100|[from] Recoil
|move|p2b: Primarina|Hyper Voice|p1a: Incineroar|[spread] p1a,p1b
|-supereffective|p1a: Incineroar
|-damage|p1a: Incineroar|61/100
|-damage|p1b: Baxcalibur|56/100
|-enditem|p2b: Primarina|Throat Spray
|-boost|p2b: Primarina|spa|1|[from] item: Throat Spray
|move|p1b: Baxcalibur|Icicle Spear|p2b: Primarina
|-resisted|p2b: Primarina
|-damage|p2b: Primarina|41/100
|-resisted|p2b: Primarina
|-damage|p2b: Primarina|32/100
|-resisted|p2b: Primarina
|-damage|p2b: Primarina|23/100
|-resisted|p2b: Primarina
|-damage|p2b: Primarina|15/100
|-resisted|p2b: Primarina
|-damage|p2b: Primarina|5/100
|-hitcount|p2b: Primarina|5
|
|-weather|Snowscape|[upkeep]
|upkeep
|
|t:|1757795252
|switch|p2a: Ursaluna|Ursaluna, L50, M|100/100
|turn|5
|
|t:|1757795275
|move|p2a: Ursaluna|Protect|p2a: Ursaluna
|-singleturn|p2a: Ursaluna|Protect
|move|p1a: Incineroar|Parting Shot|p2a: Ursaluna
|-activate|p2a: Ursaluna|move: Protect
|move|p2b: Primarina|Hyper Voice|p1a: Incineroar|[spread] p1a,p1b
|-supereffective|p1a: Incineroar
|-damage|p1a: Incineroar|17/100
|-damage|p1b: Baxcalibur|23/100
|move|p1b: Baxcalibur|Icicle Spear|p2b: Primarina
|-resisted|p2b: Primarina
|-damage|p2b: Primarina|0 fnt
|faint|p2b: Primarina
|-hitcount|p2: Primarina|1
|
|-weather|none
|-fieldend|move: Trick Room
|-fieldend|move: Psychic Terrain
|-status|p2a: Ursaluna|brn|[from] item: Flame Orb
|upkeep
|
|t:|1757795289
|switch|p2b: Indeedee|Indeedee-F, L50, F|30/100
|-fieldstart|move: Psychic Terrain|[from] ability: Psychic Surge|[of] p2b: Indeedee
|turn|6
|
|t:|1757795311
|switch|p1a: Ninetales|Ninetales-Alola, L50, F|100/100
|-weather|Snowscape|[from] ability: Snow Warning|[of] p1a: Ninetales
|move|p2b: Indeedee|Follow Me|p2b: Indeedee
|-singleturn|p2b: Indeedee|move: Follow Me
|move|p1b: Baxcalibur|Icicle Spear|p2b: Indeedee
|-damage|p2b: Indeedee|16/100
|-damage|p2b: Indeedee|0 fnt
|faint|p2b: Indeedee
|-hitcount|p2: Indeedee|2
|move|p2a: Ursaluna|Facade|p1b: Baxcalibur
|-damage|p1b: Baxcalibur|0 fnt
|faint|p1b: Baxcalibur
|
|-weather|Snowscape|[upkeep]
|-damage|p2a: Ursaluna|95/100 brn|[from] brn
|upkeep
|
|t:|1757795329
|switch|p1b: Cetitan|Cetitan, L50, F|100/100
|turn|7
|
|t:|1757795349
|switch|p1a: Incineroar|Incineroar, L50, M|17/100
|-ability|p1a: Incineroar|Intimidate|boost
|-unboost|p2a: Ursaluna|atk|1
|-terastallize|p2a: Ursaluna|Ghost
|move|p1b: Cetitan|Icicle Crash|p2a: Ursaluna
|-damage|p2a: Ursaluna|65/100 brn
|move|p2a: Ursaluna|Facade|p1b: Cetitan
|-damage|p1b: Cetitan|66/100
|
|-weather|Snowscape|[upkeep]
|-damage|p2a: Ursaluna|59/100 brn|[from] brn
|upkeep
|turn|8
|
|t:|1757795372
|move|p1b: Cetitan|Icicle Crash|p2a: Ursaluna
|-damage|p2a: Ursaluna|31/100 brn
|move|p1a: Incineroar|Parting Shot|p2a: Ursaluna
|-unboost|p2a: Ursaluna|atk|1
|-unboost|p2a: Ursaluna|spa|1
|
|t:|1757795378
|switch|p1a: Ninetales|Ninetales-Alola, L50, F|100/100|[from] Parting Shot
|move|p2a: Ursaluna|Facade|p1a: Ninetales
|-damage|p1a: Ninetales|57/100
|
|-weather|Snowscape|[upkeep]
|-damage|p2a: Ursaluna|25/100 brn|[from] brn
|-sideend|p1: Slacklax|move: Aurora Veil
|upkeep
|turn|9
|
|t:|1757795392
|move|p1b: Cetitan|Icicle Crash|p2a: Ursaluna
|-damage|p2a: Ursaluna|0 fnt
|faint|p2a: Ursaluna
|
|win|Slacklax
|l|☆KingKlangg
|player|p2|
||KingKlangg is ready for game 2.
||Slacklax is ready for game 2.
|uhtml|next|Next: Game 2 of 3
