|j|☆Treit_3
|j|☆D-Rex22
|html|Treit_3D-Rex22    
|uhtml|bestof|Game 1 of a best-of-3
|t:|1785948798
|gametype|doubles
|player|p1|Treit_3|marshal|1149
|player|p2|D-Rex22|alder|1036
|gen|9
|tier|[Gen 9 Champions] VGC 2026 Reg M-B (Bo3)
|rated|
|rule|Species Clause: Limit one of each Pokémon
|rule|Item Clause: Limit 1 of each item
|clearpoke
|poke|p1|Gholdengo, L50|
|poke|p1|Sinistcha, L50|
|poke|p1|Glimmora, L50, M|
|poke|p1|Talonflame, L50, F|
|poke|p1|Ninetales-Alola, L50, M|
|poke|p1|Basculegion, L50, M|
|poke|p2|Cofagrigus, L50, M|
|poke|p2|Espathra, L50, F, shiny|
|poke|p2|Lucario, L50, M|
|poke|p2|Torkoal, L50, M|
|poke|p2|Krookodile, L50, F, shiny|
|poke|p2|Volcarona, L50, F|
|teampreview|4
|showteam|p1|Gholdengo||SpellTag|GoodasGold|Protect,NastyPlot,MakeItRain,ShadowBall|Modest|||||50|]Sinistcha||CobaBerry|Hospitality|RagePowder,MatchaGotcha,TrickRoom,LifeDew|Bold|||||50|]Glimmora||Glimmoranite|ToxicDebris|SpikyShield,PowerGem,SludgeBomb,EarthPower|Modest||M|||50|]Talonflame||SharpBeak|GaleWings|QuickGuard,Tailwind,DualWingbeat,WillOWisp|Adamant||F|||50|]Ninetales-Alola||FocusSash|SnowWarning|Protect,AuroraVeil,Blizzard,FreezeDry|Timid||M|||50|]Basculegion||ChoiceScarf|Adaptability|WaveCrash,LastRespects,AquaJet,Liquidation|Jolly||M|||50|
|showteam|p2|Cofagrigus||Leftovers|Mummy|BodyPress,AllySwitch,TrickRoom,WillOWisp|Careful||M|||50|]Espathra||FocusSash|SpeedBoost|ShadowBall,Protect,SkillSwap,LuminaCrash|Hasty||F|||50|]Lucario||Lucarionite|InnerFocus|FinalGambit,HelpingHand,BulletPunch,Protect|Rash||M|||50|]Torkoal||Charcoal|Drought|Eruption,EarthPower,Protect,HeatWave|Calm||M|||50|]Krookodile||ExpertBelt|Intimidate|Taunt,KnockOff,LowKick,HighHorsepower|Naive||F|||50|]Volcarona||SitrusBerry|FlameBody|Tailwind,RagePowder,GigaDrain,FieryDance|Modest||F|||50|
|inactive|Battle timer is ON: inactive players will automatically lose when time's up. (requested by D-Rex22)
|
|t:|1785948826
|teamsize|p1|4
|teamsize|p2|4
|start
|switch|p1a: Talonflame|Talonflame, L50, F|100/100
|switch|p1b: Glimmora|Glimmora, L50, M|100/100
|switch|p2a: Tutankamón|Cofagrigus, L50, M|100/100
|switch|p2b: Owei|Torkoal, L50, M|100/100
|-weather|SunnyDay|[from] ability: Drought|[of] p2b: Owei
|turn|1
|
|t:|1785948843
|switch|p1a: Ninetales|Ninetales-Alola, L50, M|100/100
|-weather|Snowscape|[from] ability: Snow Warning|[of] p1a: Ninetales
|detailschange|p1b: Glimmora|Glimmora-Mega, L50, M
|-mega|p1b: Glimmora|Glimmora|Glimmoranite
|move|p2b: Owei|Protect|p2b: Owei
|-singleturn|p2b: Owei|Protect
|move|p1b: Glimmora|Power Gem|p2b: Owei
|-activate|p2b: Owei|move: Protect
|move|p2a: Tutankamón|Trick Room|p2a: Tutankamón
|-fieldstart|move: Trick Room|[of] p2a: Tutankamón
|
|-weather|Snowscape|[upkeep]
|upkeep
|turn|2
|inactive|D-Rex22 has 30 seconds left.
|
|t:|1785948876
|move|p2a: Tutankamón|Ally Switch|p2a: Tutankamón
|swap|p2a: Tutankamón|1|[from] move: Ally Switch
|move|p2a: Owei|Eruption|p1a: Ninetales|[spread] p1a,p1b
|-supereffective|p1a: Ninetales|1
|-resisted|p1b: Glimmora|1
|-enditem|p1a: Ninetales|Focus Sash
|-damage|p1a: Ninetales|1/100
|-damage|p1b: Glimmora|71/100
|move|p1b: Glimmora|Power Gem|p2b: Tutankamón
|-damage|p2b: Tutankamón|40/100
|move|p1a: Ninetales|Blizzard|p2b: Tutankamón|[spread] p2a,p2b
|-resisted|p2a: Owei|1
|-damage|p2a: Owei|81/100
|-damage|p2b: Tutankamón|12/100
|-status|p2a: Owei|frz
|
|-weather|Snowscape|[upkeep]
|-heal|p2b: Tutankamón|18/100|[from] item: Leftovers
|upkeep
|turn|3
|inactive|Treit_3 has 30 seconds left.
|inactive|D-Rex22 has 30 seconds left.
|
|t:|1785948909
|move|p1a: Ninetales|Protect|p1a: Ninetales
|-singleturn|p1a: Ninetales|Protect
|cant|p2a: Owei|frz
|move|p2b: Tutankamón|Body Press|p1b: Glimmora
|-damage|p1b: Glimmora|44/100
|move|p1b: Glimmora|Earth Power|p2b: Tutankamón
|-damage|p2b: Tutankamón|0 fnt
|faint|p2b: Tutankamón
|
|-weather|Snowscape|[upkeep]
|upkeep
|
|t:|1785948928
|switch|p2b: Mothra|Volcarona, L50, F|100/100
|turn|4
|
|t:|1785948940
|switch|p1a: Sinistcha|Sinistcha, L50|100/100
|-heal|p1b: Glimmora|69/100|[from] ability: Hospitality|[of] p1a: Sinistcha
|cant|p2a: Owei|frz
|move|p2b: Mothra|Fiery Dance|p1a: Sinistcha
|-supereffective|p1a: Sinistcha|1
|-damage|p1a: Sinistcha|14/100
|-boost|p2b: Mothra|spa|1
|move|p1b: Glimmora|Power Gem|p2a: Owei
|-supereffective|p2a: Owei|1
|-damage|p2a: Owei|0 fnt
|faint|p2a: Owei
|
|-weather|Snowscape|[upkeep]
|upkeep
|
|t:|1785948961
|switch|p2a: Cleo|Espathra, L50, F, shiny|100/100
|turn|5
|
|t:|1785948985
|move|p1a: Sinistcha|Life Dew|p1a: Sinistcha|[spread] p1a,p1b
|-heal|p1a: Sinistcha|39/100
|-heal|p1b: Glimmora|94/100
|move|p2b: Mothra|Fiery Dance|p1a: Sinistcha
|-supereffective|p1a: Sinistcha|1
|-damage|p1a: Sinistcha|0 fnt
|faint|p1a: Sinistcha
|move|p1b: Glimmora|Power Gem|p2b: Mothra
|-supereffective|p2b: Mothra|2
|-damage|p2b: Mothra|0 fnt
|faint|p2b: Mothra
|move|p2a: Cleo|Lumina Crash|p1b: Glimmora
|-supereffective|p1b: Glimmora|1
|-damage|p1b: Glimmora|13/100
|-unboost|p1b: Glimmora|spd|2
|
|-weather|none
|-fieldend|move: Trick Room
|-ability|p2a: Cleo|Speed Boost|boost
|-boost|p2a: Cleo|spe|1
|upkeep
|
|t:|1785948994
|switch|p1a: Talonflame|Talonflame, L50, F|100/100
|turn|6
|inactive|D-Rex22 has 30 seconds left.
|
|t:|1785949021
|move|p1a: Talonflame|Tailwind|p1a: Talonflame
|-sidestart|p1: Treit_3|move: Tailwind
|move|p1b: Glimmora|Sludge Bomb|p2a: Cleo
|-enditem|p2a: Cleo|Focus Sash
|-damage|p2a: Cleo|1/100
|move|p2a: Cleo|Lumina Crash|p1b: Glimmora
|-supereffective|p1b: Glimmora|1
|-damage|p1b: Glimmora|0 fnt
|faint|p1b: Glimmora
|
|-ability|p2a: Cleo|Speed Boost|boost
|-boost|p2a: Cleo|spe|1
|upkeep
|
|t:|1785949028
|switch|p1b: Ninetales|Ninetales-Alola, L50, M|1/100
|-weather|Snowscape|[from] ability: Snow Warning|[of] p1b: Ninetales
|turn|7
|
|t:|1785949045
|move|p1a: Talonflame|Dual Wingbeat|p2a: Cleo
|-damage|p2a: Cleo|0 fnt
|faint|p2a: Cleo
|-hitcount|p2: Cleo|1
|
|win|Treit_3
||Treit_3 is ready for game 2.
