|j|☆tailmyroom
|j|☆Calamella
|html|tailmyroomCalamella    
|uhtml|bestof|Game 3 of a best-of-3
|t:|1756219228
|gametype|doubles
|player|p1|tailmyroom|scientist-gen4dp|1157
|player|p2|Calamella|170|1152
|gen|9
|tier|[Gen 9] VGC 2025 Reg H (Bo3)
|rated|
|rule|Species Clause: Limit one of each Pokémon
|rule|Item Clause: Limit 1 of each item
|clearpoke
|poke|p1|Gholdengo, L50|
|poke|p1|Sneasler, L50, M|
|poke|p1|Rillaboom, L50, M|
|poke|p1|Dragonite, L50, F|
|poke|p1|Ninetales-Alola, L50, M|
|poke|p1|Arcanine-Hisui, L50, M|
|poke|p2|Garchomp, L50, M|
|poke|p2|Jumpluff, L50, F|
|poke|p2|Torkoal, L50, F|
|poke|p2|Dragonite, L50, F|
|poke|p2|Kingambit, L50, F|
|poke|p2|Typhlosion-Hisui, L50, M|
|teampreview|4
|showteam|p1|Gholdengo||GrassySeed|GoodasGold|NastyPlot,MakeItRain,ShadowBall,Protect||||||50|,,,,,Water]Sneasler||WhiteHerb|Unburden|CloseCombat,DireClaw,Coaching,Protect|||M|||50|,,,,,Ghost]Rillaboom||AssaultVest|GrassySurge|FakeOut,GrassyGlide,DrumBeating,HighHorsepower|||M|||50|,,,,,Fire]Dragonite||LoadedDice|Multiscale|ScaleShot,StompingTantrum,Tailwind,Protect|||F|||50|,,,,,Ground]Ninetales-Alola||FocusSash|SnowWarning|Blizzard,IcyWind,Encore,AuroraVeil|||M|||50|,,,,,Ghost]Arcanine-Hisui||ClearAmulet|Intimidate|RockSlide,FlareBlitz,ExtremeSpeed,Protect|||M|||50|,,,,,Water
|showteam|p2|Garchomp||LifeOrb|RoughSkin|DragonClaw,StompingTantrum,Earthquake,Protect|||M|||50|,,,,,Fire]Jumpluff||CovertCloak|Chlorophyll|LeafStorm,SleepPowder,Encore,Tailwind|||F|||50|,,,,,Poison]Torkoal||EjectPack|Drought|Overheat,BurningJealousy,HelpingHand,Protect|||F|||50|,,,,,Flying]Dragonite||LoadedDice|Multiscale|Haze,ScaleShot,IceSpinner,Protect|||F|||50|,,,,,Fairy]Kingambit||SafetyGoggles|Defiant|Protect,KowtowCleave,SuckerPunch,SwordsDance|||F|||50|,,,,,Dark]Typhlosion-Hisui||ChoiceSpecs|Blaze|Eruption,ShadowBall,HeatWave,Overheat|||M|||50|,,,,,Fire
|inactive|Battle timer is ON: inactive players will automatically lose when time's up. (requested by Calamella)
|inactive|tailmyroom has 60 seconds left.
|
|t:|1756219340
|teamsize|p1|4
|teamsize|p2|4
|start
|switch|p1a: Dragonite|Dragonite, L50, F|100/100
|switch|p1b: Rillaboom|Rillaboom, L50, M|100/100
|switch|p2a: Jumpluff|Jumpluff, L50, F|100/100
|switch|p2b: Torkoal|Torkoal, L50, F|100/100
|-fieldstart|move: Grassy Terrain|[from] ability: Grassy Surge|[of] p1b: Rillaboom
|-weather|SunnyDay|[from] ability: Drought|[of] p2b: Torkoal
|turn|1
|
|t:|1756219351
|move|p1b: Rillaboom|Fake Out|p2b: Torkoal
|-damage|p2b: Torkoal|90/100
|move|p2a: Jumpluff|Sleep Powder|p1a: Dragonite
|-status|p1a: Dragonite|slp|[from] move: Sleep Powder
|cant|p1a: Dragonite|slp
|cant|p2b: Torkoal|flinch
|
|-weather|SunnyDay|[upkeep]
|-heal|p2b: Torkoal|97/100|[from] Grassy Terrain
|upkeep
|turn|2
|inactive|tailmyroom has 30 seconds left.
|inactive|tailmyroom has 20 seconds left.
|
|t:|1756219387
|switch|p1b: Arcanine|Arcanine-Hisui, L50, M|100/100
|-ability|p1b: Arcanine|Intimidate|boost
|-unboost|p2a: Jumpluff|atk|1
|-unboost|p2b: Torkoal|atk|1
|-enditem|p2b: Torkoal|Eject Pack
|
|t:|1756219397
|switch|p2b: Dragonite|Dragonite, L50, F, shiny|100/100
|move|p2a: Jumpluff|Tailwind|p2a: Jumpluff
|-sidestart|p2: Calamella|move: Tailwind
|cant|p1a: Dragonite|slp
|
|-weather|SunnyDay|[upkeep]
|upkeep
|turn|3
|
|t:|1756219418
|switch|p1b: Ninetales|Ninetales-Alola, L50, M|100/100
|-weather|Snowscape|[from] ability: Snow Warning|[of] p1b: Ninetales
|-curestatus|p1a: Dragonite|slp|[msg]
|move|p1a: Dragonite|Protect|p1a: Dragonite
|-singleturn|p1a: Dragonite|Protect
|move|p2a: Jumpluff|Sleep Powder|p1b: Ninetales|[miss]
|-miss|p2a: Jumpluff|p1b: Ninetales
|move|p2b: Dragonite|Scale Shot|p1a: Dragonite
|-activate|p1a: Dragonite|move: Protect
|
|-weather|Snowscape|[upkeep]
|upkeep
|turn|4
|inactive|Calamella has 30 seconds left.
|inactive|tailmyroom has 30 seconds left.
|inactive|Calamella has 20 seconds left.
|
|t:|1756219463
|switch|p1a: Arcanine|Arcanine-Hisui, L50, M|100/100
|-ability|p1a: Arcanine|Intimidate|boost
|-unboost|p2a: Jumpluff|atk|1
|-unboost|p2b: Dragonite|atk|1
|move|p2a: Jumpluff|Sleep Powder|p1b: Ninetales
|-status|p1b: Ninetales|slp|[from] move: Sleep Powder
|move|p2b: Dragonite|Scale Shot|p1a: Arcanine
|-damage|p1a: Arcanine|88/100
|-damage|p1a: Arcanine|75/100
|-damage|p1a: Arcanine|62/100
|-damage|p1a: Arcanine|49/100
|-hitcount|p1a: Arcanine|4
|-unboost|p2b: Dragonite|def|1
|-boost|p2b: Dragonite|spe|1
|cant|p1b: Ninetales|slp
|
|-weather|Snowscape|[upkeep]
|-heal|p1a: Arcanine|55/100|[from] Grassy Terrain
|upkeep
|turn|5
|inactive|Calamella has 30 seconds left.
|inactive|Calamella has 20 seconds left.
|
|t:|1756219500
|move|p1a: Arcanine|Protect|p1a: Arcanine
|-singleturn|p1a: Arcanine|Protect
|move|p2b: Dragonite|Scale Shot|p1a: Arcanine
|-activate|p1a: Arcanine|move: Protect
|move|p2a: Jumpluff|Leaf Storm|p1b: Ninetales
|-damage|p1b: Ninetales|68/100 slp
|-unboost|p2a: Jumpluff|spa|2
|cant|p1b: Ninetales|slp
|
|-weather|Snowscape|[upkeep]
|-heal|p1b: Ninetales|74/100 slp|[from] Grassy Terrain
|-heal|p1a: Arcanine|61/100|[from] Grassy Terrain
|-sideend|p2: Calamella|move: Tailwind
|-fieldend|move: Grassy Terrain
|upkeep
|turn|6
|inactive|tailmyroom has 30 seconds left.
|inactive|Calamella has 30 seconds left.
|inactive|tailmyroom has 20 seconds left.
|inactive|Calamella has 20 seconds left.
|inactive|tailmyroom has 15 seconds left.
|inactive|Calamella has 15 seconds left.
|inactive|tailmyroom has 10 seconds left.
|
|t:|1756219546
|switch|p2b: Torkoal|Torkoal, L50, F|97/100
|-weather|SunnyDay|[from] ability: Drought|[of] p2b: Torkoal
|move|p2a: Jumpluff|Encore|p1a: Arcanine
|-start|p1a: Arcanine|Encore
|-curestatus|p1b: Ninetales|slp|[msg]
|move|p1b: Ninetales|Blizzard|p2a: Jumpluff|[spread] p2b
|-miss|p1b: Ninetales|p2a: Jumpluff
|-resisted|p2b: Torkoal
|-damage|p2b: Torkoal|76/100
|move|p1a: Arcanine|Protect||[still]
|-fail|p1a: Arcanine
|
|-weather|SunnyDay|[upkeep]
|upkeep
|turn|7
|inactive|tailmyroom has 30 seconds left.
|
|t:|1756219579
|switch|p1a: Dragonite|Dragonite, L50, F|100/100
|move|p2a: Jumpluff|Sleep Powder|p1b: Ninetales|[miss]
|-miss|p2a: Jumpluff|p1b: Ninetales
|move|p1b: Ninetales|Blizzard|p2b: Torkoal|[spread] p2b
|-miss|p1b: Ninetales|p2a: Jumpluff
|-resisted|p2b: Torkoal
|-damage|p2b: Torkoal|55/100
|move|p2b: Torkoal|Burning Jealousy|p1a: Dragonite|[spread] p1a,p1b
|-resisted|p1a: Dragonite
|-supereffective|p1b: Ninetales
|-damage|p1a: Dragonite|91/100
|-damage|p1b: Ninetales|0 fnt
|faint|p1b: Ninetales
|
|-weather|SunnyDay|[upkeep]
|upkeep
|
|t:|1756219598
|switch|p1b: Arcanine|Arcanine-Hisui, L50, M|61/100
|-ability|p1b: Arcanine|Intimidate|boost
|-unboost|p2a: Jumpluff|atk|1
|-unboost|p2b: Torkoal|atk|1
|turn|8
|inactive|Calamella has 30 seconds left.
|
|t:|1756219623
|switch|p2b: Dragonite|Dragonite, L50, F, shiny|100/100
|move|p2a: Jumpluff|Sleep Powder|p1a: Dragonite
|-status|p1a: Dragonite|slp|[from] move: Sleep Powder
|move|p1b: Arcanine|Rock Slide|p2b: Dragonite|[spread] p2a
|-miss|p1b: Arcanine|p2b: Dragonite
|-supereffective|p2a: Jumpluff
|-damage|p2a: Jumpluff|32/100
|cant|p1a: Dragonite|slp
|
|-weather|SunnyDay|[upkeep]
|upkeep
|turn|9
|inactive|tailmyroom has 30 seconds left.
|
|t:|1756219655
|cant|p1a: Dragonite|slp
|move|p2a: Jumpluff|Sleep Powder|p1b: Arcanine
|-status|p1b: Arcanine|slp|[from] move: Sleep Powder
|cant|p1b: Arcanine|slp
|move|p2b: Dragonite|Scale Shot|p1a: Dragonite
|-supereffective|p1a: Dragonite
|-crit|p1a: Dragonite
|-damage|p1a: Dragonite|37/100 slp
|-supereffective|p1a: Dragonite
|-damage|p1a: Dragonite|5/100 slp
|-supereffective|p1a: Dragonite
|-damage|p1a: Dragonite|0 fnt
|faint|p1a: Dragonite
|-hitcount|p1: Dragonite|3
|-unboost|p2b: Dragonite|def|1
|-boost|p2b: Dragonite|spe|1
|
|-weather|SunnyDay|[upkeep]
|upkeep
|
|t:|1756219663
|switch|p1a: Rillaboom|Rillaboom, L50, M|100/100
|-fieldstart|move: Grassy Terrain|[from] ability: Grassy Surge|[of] p1a: Rillaboom
|turn|10
|
|t:|1756219675
|move|p2b: Dragonite|Protect|p2b: Dragonite
|-singleturn|p2b: Dragonite|Protect
|move|p1a: Rillaboom|Fake Out|p2b: Dragonite
|-activate|p2b: Dragonite|move: Protect
|move|p2a: Jumpluff|Tailwind|p2a: Jumpluff
|-sidestart|p2: Calamella|move: Tailwind
|-curestatus|p1b: Arcanine|slp|[msg]
|move|p1b: Arcanine|Rock Slide|p2b: Dragonite|[spread] 
|-activate|p2b: Dragonite|move: Protect
|-miss|p1b: Arcanine|p2a: Jumpluff
|
|-weather|none
|-heal|p1b: Arcanine|67/100|[from] Grassy Terrain
|upkeep
|turn|11
|inactive|tailmyroom has 30 seconds left.
|
|t:|1756219707
|move|p1a: Rillaboom|Grassy Glide|p2b: Dragonite
|-resisted|p2b: Dragonite
|-damage|p2b: Dragonite|94/100
|move|p2b: Dragonite|Scale Shot|p1b: Arcanine
|-damage|p1b: Arcanine|46/100
|-damage|p1b: Arcanine|26/100
|-damage|p1b: Arcanine|7/100
|-damage|p1b: Arcanine|0 fnt
|faint|p1b: Arcanine
|-hitcount|p1: Arcanine|4
|-unboost|p2b: Dragonite|def|1
|-boost|p2b: Dragonite|spe|1
|move|p2a: Jumpluff|Sleep Powder|p1a: Rillaboom
|-immune|p1a: Rillaboom
|
|upkeep
|turn|12
|
|t:|1756219725
|switch|p2a: Torkoal|Torkoal, L50, F|55/100
|-weather|SunnyDay|[from] ability: Drought|[of] p2a: Torkoal
|move|p2b: Dragonite|Protect|p2b: Dragonite
|-singleturn|p2b: Dragonite|Protect
|move|p1a: Rillaboom|Grassy Glide|p1: Arcanine|[notarget]
|-fail|p1a: Rillaboom
|
|-weather|SunnyDay|[upkeep]
|-heal|p2a: Torkoal|62/100|[from] Grassy Terrain
|upkeep
|turn|13
|
|t:|1756219743
|-terastallize|p1a: Rillaboom|Fire
|move|p2b: Dragonite|Scale Shot|p1a: Rillaboom
|-damage|p1a: Rillaboom|84/100
|-damage|p1a: Rillaboom|69/100
|-damage|p1a: Rillaboom|53/100
|-damage|p1a: Rillaboom|37/100
|-damage|p1a: Rillaboom|21/100
|-hitcount|p1a: Rillaboom|5
|-unboost|p2b: Dragonite|def|1
|-boost|p2b: Dragonite|spe|1
|move|p1a: Rillaboom|High Horsepower|p2a: Torkoal
|-supereffective|p2a: Torkoal
|-damage|p2a: Torkoal|12/100
|move|p2a: Torkoal|Overheat|p1a: Rillaboom|[miss]
|-miss|p2a: Torkoal|p1a: Rillaboom
|
|-weather|SunnyDay|[upkeep]
|-heal|p1a: Rillaboom|26/100|[from] Grassy Terrain
|-heal|p2a: Torkoal|18/100|[from] Grassy Terrain
|-sideend|p2: Calamella|move: Tailwind
|upkeep
|turn|14
|c|☆Calamella|gg
|c|☆tailmyroom|gg
|
|t:|1756219764
|move|p2a: Torkoal|Helping Hand|p2b: Dragonite
|-singleturn|p2b: Dragonite|Helping Hand|[of] p2a: Torkoal
|move|p2b: Dragonite|Scale Shot|p1a: Rillaboom
|-damage|p1a: Rillaboom|5/100
|-crit|p1a: Rillaboom
|-damage|p1a: Rillaboom|0 fnt
|faint|p1a: Rillaboom
|-hitcount|p1: Rillaboom|2
|
|win|Calamella
|raw|tailmyroom's rating: 1157 → 1132(-25 for losing)
|raw|Calamella's rating: 1152 → 1177(+25 for winning)
|l|☆tailmyroom
|player|p1|
