|j|☆NotThinkingVGC
|j|☆AdvaiLuffy
|html|NotThinkingVGCAdvaiLuffy    
|uhtml|bestof|Game 1 of a best-of-3
|t:|1783326699
|gametype|doubles
|player|p1|NotThinkingVGC|volkner|1079
|player|p2|AdvaiLuffy|steven|1100
|gen|9
|tier|[Gen 9 Champions] VGC 2026 Reg M-B (Bo3)
|rated|
|rule|Species Clause: Limit one of each Pokémon
|rule|Item Clause: Limit 1 of each item
|clearpoke
|poke|p1|Kingambit, L50, F|
|poke|p1|Charizard, L50, M|
|poke|p1|Aerodactyl, L50, F|
|poke|p1|Farigiraf, L50, M|
|poke|p1|Garchomp, L50, F|
|poke|p1|Sylveon, L50, M|
|poke|p2|Grimmsnarl, L50, M|
|poke|p2|Swampert, L50, M|
|poke|p2|Pelipper, L50, M|
|poke|p2|Archaludon, L50, M|
|poke|p2|Kingambit, L50, M|
|poke|p2|Metagross, L50|
|teampreview|4
|showteam|p1|Kingambit||FocusSash|Defiant|KowtowCleave,IronHead,SuckerPunch,LowKick|Adamant||F|||50|]Charizard||CharizarditeY|Blaze|HeatWave,SolarBeam,WeatherBall,Protect|Modest||M|||50|]Aerodactyl||Aerodactylite|Unnerve|RockSlide,DualWingbeat,IceFang,Tailwind|Jolly||F|||50|]Farigiraf||SitrusBerry|ArmorTail|Psychic,Thunderbolt,TrickRoom,Protect|Bold||M|||50|]Garchomp||LifeOrb|RoughSkin|Earthquake,DragonClaw,StompingTantrum,Protect|Jolly||F|||50|]Sylveon||FairyFeather|Pixilate|HyperVoice,HyperBeam,QuickAttack,Protect|Modest||M|||50|
|showteam|p2|Grimmsnarl||LightClay|Prankster|FoulPlay,PartingShot,Reflect,LightScreen|Calm||M|||50|]Swampert||Swampertite|Damp|WaveCrash,Earthquake,IcePunch,Protect|Adamant||M|||50|]Pelipper||SitrusBerry|Drizzle|Hurricane,WeatherBall,Tailwind,WideGuard|Modest||M|||50|]Archaludon||Leftovers|Stamina|ElectroShot,DragonPulse,FlashCannon,Protect|Modest||M|||50|]Kingambit||BlackGlasses|Defiant|KowtowCleave,SuckerPunch,LowKick,Protect|Adamant||M|||50|]Metagross||Metagrossite|ClearBody|IronHead,PsychicFangs,BodyPress,Protect|Jolly|||||50|
|inactive|Battle timer is ON: inactive players will automatically lose when time's up. (requested by NotThinkingVGC)
|inactive|AdvaiLuffy also wants the timer to be on.
|inactive|NotThinkingVGC has 60 seconds left.
|inactive|AdvaiLuffy has 60 seconds left.
|inactive|NotThinkingVGC has 30 seconds left.
|inactive|AdvaiLuffy has 30 seconds left.
|inactive|AdvaiLuffy has 20 seconds left.
|inactive|AdvaiLuffy has 15 seconds left.
|inactive|AdvaiLuffy has 10 seconds left.
|inactive|AdvaiLuffy has 5 seconds left.
|
|t:|1783326790
|teamsize|p1|4
|teamsize|p2|4
|start
|switch|p1a: Farigiraf|Farigiraf, L50, M|100/100
|switch|p1b: Sylveon|Sylveon, L50, M|100/100
|switch|p2a: Grimmsnarl|Grimmsnarl, L50, M|100/100
|switch|p2b: Swampert|Swampert, L50, M|100/100
|turn|1
|inactive|AdvaiLuffy has 30 seconds left.
|inactive|AdvaiLuffy has 20 seconds left.
|
|t:|1783326826
|detailschange|p2b: Swampert|Swampert-Mega, L50, M
|-mega|p2b: Swampert|Swampert|Swampertite
|move|p2a: Grimmsnarl|Light Screen|p2a: Grimmsnarl
|-sidestart|p2: AdvaiLuffy|move: Light Screen
|move|p2b: Swampert|Wave Crash|p1b: Sylveon
|-damage|p1b: Sylveon|12/100
|-damage|p2b: Swampert|73/100|[from] Recoil
|move|p1b: Sylveon|Hyper Voice|p2b: Swampert|[spread] p2a,p2b
|-supereffective|p2a: Grimmsnarl|1
|-crit|p2a: Grimmsnarl
|-damage|p2a: Grimmsnarl|0 fnt
|-damage|p2b: Swampert|45/100
|faint|p2a: Grimmsnarl
|move|p1a: Farigiraf|Trick Room|p1a: Farigiraf
|-fieldstart|move: Trick Room|[of] p1a: Farigiraf
|
|upkeep
|
|t:|1783326839
|switch|p2a: Archaludon|Archaludon, L50, M|100/100
|turn|2
|
|t:|1783326851
|move|p2a: Archaludon|Protect|p2a: Archaludon
|-singleturn|p2a: Archaludon|Protect
|move|p1a: Farigiraf|Psychic|p2a: Archaludon
|-activate|p2a: Archaludon|move: Protect
|move|p1b: Sylveon|Hyper Voice|p2b: Swampert|[spread] p2b
|-activate|p2a: Archaludon|move: Protect
|-damage|p2b: Swampert|17/100
|move|p2b: Swampert|Earthquake|p1b: Sylveon|[spread] p1a,p1b
|-activate|p2a: Archaludon|move: Protect
|-damage|p1a: Farigiraf|64/100
|-damage|p1b: Sylveon|0 fnt
|faint|p1b: Sylveon
|
|upkeep
|
|t:|1783326861
|switch|p1b: Kingambit|Kingambit, L50, F|100/100
|turn|3
|
|t:|1783326873
|move|p1a: Farigiraf|Psychic|p2b: Swampert
|-damage|p2b: Swampert|0 fnt
|faint|p2b: Swampert
|move|p1b: Kingambit|Low Kick|p2a: Archaludon
|-supereffective|p2a: Archaludon|1
|-damage|p2a: Archaludon|53/100
|-ability|p2a: Archaludon|Stamina|boost
|-boost|p2a: Archaludon|def|1
|move|p2a: Archaludon|Flash Cannon|p1b: Kingambit
|-resisted|p1b: Kingambit|1
|-damage|p1b: Kingambit|79/100
|
|-heal|p2a: Archaludon|59/100|[from] item: Leftovers
|upkeep
|
|t:|1783326886
|switch|p2b: Pelipper|Pelipper, L50, M|100/100
|-weather|RainDance|[from] ability: Drizzle|[of] p2b: Pelipper
|turn|4
|
|t:|1783326895
|move|p1a: Farigiraf|Thunderbolt|p2b: Pelipper
|-supereffective|p2b: Pelipper|2
|-damage|p2b: Pelipper|25/100
|-enditem|p2b: Pelipper|Sitrus Berry|[eat]
|-heal|p2b: Pelipper|49/100|[from] item: Sitrus Berry
|move|p2b: Pelipper|Weather Ball|p1b: Kingambit
|-damage|p1b: Kingambit|9/100
|move|p1b: Kingambit|Kowtow Cleave|p2b: Pelipper
|-damage|p2b: Pelipper|0 fnt
|faint|p2b: Pelipper
|move|p2a: Archaludon|Electro Shot||[still]
|-prepare|p2a: Archaludon|Electro Shot
|-boost|p2a: Archaludon|spa|1
|-anim|p2a: Archaludon|Electro Shot|p1a: Farigiraf
|-damage|p1a: Farigiraf|7/100
|-enditem|p1a: Farigiraf|Sitrus Berry|[eat]
|-heal|p1a: Farigiraf|32/100|[from] item: Sitrus Berry
|
|-weather|RainDance|[upkeep]
|-heal|p2a: Archaludon|65/100|[from] item: Leftovers
|upkeep
|turn|5
|
|t:|1783326916
|move|p1a: Farigiraf|Protect|p1a: Farigiraf
|-singleturn|p1a: Farigiraf|Protect
|move|p2a: Archaludon|Protect|p2a: Archaludon
|-singleturn|p2a: Archaludon|Protect
|move|p1b: Kingambit|Low Kick|p2a: Archaludon
|-activate|p2a: Archaludon|move: Protect
|
|-weather|RainDance|[upkeep]
|-heal|p2a: Archaludon|71/100|[from] item: Leftovers
|-fieldend|move: Trick Room
|upkeep
|turn|6
|
|t:|1783326927
|move|p2a: Archaludon|Electro Shot||[still]
|-prepare|p2a: Archaludon|Electro Shot
|-boost|p2a: Archaludon|spa|1
|-anim|p2a: Archaludon|Electro Shot|p1a: Farigiraf
|-damage|p1a: Farigiraf|0 fnt
|faint|p1a: Farigiraf
|move|p1b: Kingambit|Low Kick|p2a: Archaludon
|-supereffective|p2a: Archaludon|1
|-crit|p2a: Archaludon
|-damage|p2a: Archaludon|5/100
|-ability|p2a: Archaludon|Stamina|boost
|-boost|p2a: Archaludon|def|1
|
|-weather|RainDance|[upkeep]
|-heal|p2a: Archaludon|11/100|[from] item: Leftovers
|upkeep
|
|t:|1783326935
|switch|p1a: Charizard|Charizard, L50, M|100/100
|turn|7
|
|t:|1783326944
|detailschange|p1a: Charizard|Charizard-Mega-Y, L50, M
|-mega|p1a: Charizard|Charizard|Charizardite Y
|-weather|SunnyDay|[from] ability: Drought|[of] p1a: Charizard
|move|p1b: Kingambit|Sucker Punch|p2a: Archaludon
|-damage|p2a: Archaludon|0 fnt
|faint|p2a: Archaludon
|
|win|NotThinkingVGC
