|j|☆capacete5
|j|☆tipolucha
|html|capacete5tipolucha    
|uhtml|bestof|Game 1 of a best-of-3
|t:|1782426836
|gametype|doubles
|player|p1|capacete5|byron|1091
|player|p2|tipolucha|170|1048
|gen|9
|tier|[Gen 9 Champions] VGC 2026 Reg M-B (Bo3)
|rated|
|rule|Species Clause: Limit one of each Pokémon
|rule|Item Clause: Limit 1 of each item
|clearpoke
|poke|p1|Aerodactyl, L50, F|
|poke|p1|Garchomp, L50, M|
|poke|p1|Kingambit, L50, M|
|poke|p1|Farigiraf, L50, M|
|poke|p1|Sylveon, L50, M|
|poke|p1|Charizard, L50, M|
|poke|p2|Sableye, L50, M|
|poke|p2|Kingambit, L50, M|
|poke|p2|Pelipper, L50, F|
|poke|p2|Milotic, L50, F|
|poke|p2|Swampert, L50, M|
|poke|p2|Scizor, L50, M|
|teampreview|4
|showteam|p1|Aerodactyl||Aerodactylite|Unnerve|RockSlide,IceFang,DualWingbeat,Tailwind|Jolly||F|||50|]Garchomp||LifeOrb|RoughSkin|Protect,DragonClaw,Earthquake,StompingTantrum|Adamant||M|||50|]Kingambit||FocusSash|Defiant|LowKick,IronHead,SuckerPunch,Protect|Adamant||M|||50|]Farigiraf||SitrusBerry|ArmorTail|HelpingHand,Psychic,TrickRoom,EnergyBall|Bold||M|||50|]Sylveon||FairyFeather|Pixilate|HyperVoice,Protect,HyperBeam,QuickAttack|Bold||M|||50|]Charizard||CharizarditeY|Blaze|HeatWave,WeatherBall,SolarBeam,Protect|Modest||M|||50|
|showteam|p2|Sableye||SitrusBerry|Prankster|RainDance,Encore,FakeOut,WillOWisp|Careful||M|||50|]Kingambit||BlackGlasses|Defiant|KowtowCleave,LowKick,SuckerPunch,Protect|Adamant||M|||50|]Pelipper||FocusSash|Drizzle|WideGuard,Tailwind,Hurricane,WeatherBall|Modest||F|||50|]Milotic||LifeOrb|Competitive|Scald,IcyWind,AlluringVoice,Protect|Timid||F|||50|]Swampert||Swampertite|Torrent|IcePunch,WaveCrash,RockSlide,Protect|Adamant||M|||50|]Scizor||Scizorite|Technician|BulletPunch,XScissor,CloseCombat,Protect|Adamant||M|||50|
|inactive|Battle timer is ON: inactive players will automatically lose when time's up. (requested by capacete5)
|inactive|capacete5 has 60 seconds left.
|inactive|tipolucha has 60 seconds left.
|inactive|capacete5 has 30 seconds left.
|inactive|capacete5 has 20 seconds left.
|inactive|capacete5 has 15 seconds left.
|inactive|capacete5 has 10 seconds left.
|inactive|capacete5 has 5 seconds left.
|
|t:|1782426923
|teamsize|p1|4
|teamsize|p2|4
|start
|switch|p1a: Sylveon|Sylveon, L50, M|100/100
|switch|p1b: Farigiraf|Farigiraf, L50, M|100/100
|switch|p2a: Sableye|Sableye, L50, M|100/100
|switch|p2b: Scizor|Scizor, L50, M|100/100
|turn|1
|inactive|capacete5 has 30 seconds left.
|inactive|tipolucha has 30 seconds left.
|inactive|capacete5 has 20 seconds left.
|inactive|capacete5 has 15 seconds left.
|inactive|capacete5 has 10 seconds left.
|
|t:|1782426971
|detailschange|p2b: Scizor|Scizor-Mega, L50, M
|-mega|p2b: Scizor|Scizor|Scizorite
|move|p2a: Sableye|Rain Dance|p2a: Sableye
|-weather|RainDance
|move|p2b: Scizor|X-Scissor|p1b: Farigiraf
|-supereffective|p1b: Farigiraf|1
|-damage|p1b: Farigiraf|22/100
|-enditem|p1b: Farigiraf|Sitrus Berry|[eat]
|-heal|p1b: Farigiraf|47/100|[from] item: Sitrus Berry
|move|p1a: Sylveon|Hyper Voice|p2b: Scizor|[spread] p2a,p2b
|-supereffective|p2a: Sableye|1
|-resisted|p2b: Scizor|1
|-damage|p2a: Sableye|3/100
|-damage|p2b: Scizor|77/100
|-enditem|p2a: Sableye|Sitrus Berry|[eat]
|-heal|p2a: Sableye|28/100|[from] item: Sitrus Berry
|move|p1b: Farigiraf|Energy Ball|p2a: Sableye
|-damage|p2a: Sableye|1/100
|
|-weather|RainDance|[upkeep]
|upkeep
|turn|2
|inactive|capacete5 has 30 seconds left.
|inactive|tipolucha has 30 seconds left.
|inactive|capacete5 has 20 seconds left.
|inactive|capacete5 has 15 seconds left.
|inactive|capacete5 has 10 seconds left.
|
|t:|1782427016
|switch|p1b: Charizard|Charizard, L50, M|100/100
|switch|p2a: Milotic|Milotic, L50, F|100/100
|move|p2b: Scizor|X-Scissor|p1b: Charizard
|-resisted|p1b: Charizard|2
|-damage|p1b: Charizard|89/100
|move|p1a: Sylveon|Hyper Beam|p2b: Scizor
|-resisted|p2b: Scizor|1
|-damage|p2b: Scizor|24/100
|-mustrecharge|p1a: Sylveon
|
|-weather|RainDance|[upkeep]
|upkeep
|turn|3
|inactive|capacete5 has 30 seconds left.
|
|t:|1782427043
|detailschange|p1b: Charizard|Charizard-Mega-Y, L50, M
|-mega|p1b: Charizard|Charizard|Charizardite Y
|-weather|SunnyDay|[from] ability: Drought|[of] p1b: Charizard
|move|p2b: Scizor|Protect|p2b: Scizor
|-singleturn|p2b: Scizor|Protect
|move|p2a: Milotic|Scald|p1b: Charizard
|-supereffective|p1b: Charizard|1
|-damage|p1b: Charizard|47/100
|-damage|p2a: Milotic|90/100|[from] item: Life Orb
|move|p1b: Charizard|Heat Wave|p2a: Milotic|[spread] p2a
|-activate|p2b: Scizor|move: Protect
|-resisted|p2a: Milotic|1
|-damage|p2a: Milotic|62/100
|cant|p1a: Sylveon|recharge
|
|-weather|SunnyDay|[upkeep]
|upkeep
|turn|4
|
|t:|1782427066
|switch|p2b: Pelipper|Pelipper, L50, F|100/100
|-weather|RainDance|[from] ability: Drizzle|[of] p2b: Pelipper
|move|p1b: Charizard|Protect|p1b: Charizard
|-singleturn|p1b: Charizard|Protect
|move|p2a: Milotic|Scald|p1b: Charizard
|-activate|p1b: Charizard|move: Protect
|move|p1a: Sylveon|Hyper Voice|p2b: Pelipper|[spread] p2a,p2b
|-damage|p2a: Milotic|21/100
|-damage|p2b: Pelipper|37/100
|
|-weather|RainDance|[upkeep]
|upkeep
|turn|5
|
|t:|1782427087
|switch|p1b: Farigiraf|Farigiraf, L50, M|47/100
|move|p2b: Pelipper|Wide Guard|p2b: Pelipper
|-singleturn|p2b: Pelipper|Wide Guard
|move|p2a: Milotic|Scald|p1b: Farigiraf
|-damage|p1b: Farigiraf|0 fnt
|faint|p1b: Farigiraf
|-damage|p2a: Milotic|11/100|[from] item: Life Orb
|move|p1a: Sylveon|Hyper Voice|p2a: Milotic|[spread] 
|-activate|p2a: Milotic|move: Wide Guard
|-activate|p2b: Pelipper|move: Wide Guard
|
|-weather|RainDance|[upkeep]
|upkeep
|
|t:|1782427100
|switch|p1b: Charizard|Charizard-Mega-Y, L50, M|47/100
|-weather|SunnyDay|[from] ability: Drought|[of] p1b: Charizard
|turn|6
|
|t:|1782427118
|switch|p2b: Sableye|Sableye, L50, M|1/100
|move|p2a: Milotic|Protect|p2a: Milotic
|-singleturn|p2a: Milotic|Protect
|move|p1a: Sylveon|Quick Attack|p2a: Milotic
|-activate|p2a: Milotic|move: Protect
|move|p1b: Charizard|Solar Beam||[still]
|-prepare|p1b: Charizard|Solar Beam
|-anim|p1b: Charizard|Solar Beam|p2b: Sableye
|-damage|p2b: Sableye|0 fnt
|faint|p2b: Sableye
|
|-weather|SunnyDay|[upkeep]
|upkeep
|
|t:|1782427129
|switch|p2b: Pelipper|Pelipper, L50, F|37/100
|-weather|RainDance|[from] ability: Drizzle|[of] p2b: Pelipper
|turn|7
|
|t:|1782427144
|move|p1b: Charizard|Protect|p1b: Charizard
|-singleturn|p1b: Charizard|Protect
|move|p2a: Milotic|Scald|p1a: Sylveon
|-damage|p1a: Sylveon|44/100
|-damage|p2a: Milotic|1/100|[from] item: Life Orb
|move|p1a: Sylveon|Hyper Beam|p2b: Pelipper
|-damage|p2b: Pelipper|0 fnt
|-mustrecharge|p1a: Sylveon
|faint|p2b: Pelipper
|
|-weather|RainDance|[upkeep]
|upkeep
|
|t:|1782427155
|switch|p2b: Scizor|Scizor-Mega, L50, M|24/100
|turn|8
|
|t:|1782427162
|switch|p1b: Kingambit|Kingambit, L50, M|100/100
|move|p2b: Scizor|Bullet Punch|p1a: Sylveon
|-supereffective|p1a: Sylveon|1
|-damage|p1a: Sylveon|0 fnt
|faint|p1a: Sylveon
|move|p2a: Milotic|Scald|p1b: Kingambit
|-damage|p1b: Kingambit|26/100
|-damage|p2a: Milotic|0 fnt|[from] item: Life Orb
|faint|p2a: Milotic
|
|-weather|RainDance|[upkeep]
|upkeep
|-message|tipolucha forfeited.
|
|win|capacete5
