|j|☆d1mo22
|j|☆AceSama(YT)
|html|d1mo22AceSama(YT)    
|uhtml|bestof|Game 1 of a best-of-3
|t:|1784659787
|gametype|doubles
|player|p1|d1mo22|skier|1263
|player|p2|AceSama(YT)|169|1413
|gen|9
|tier|[Gen 9 Champions] VGC 2026 Reg M-B (Bo3)
|rated|
|rule|Species Clause: Limit one of each Pokémon
|rule|Item Clause: Limit 1 of each item
|clearpoke
|poke|p1|Raichu, L50, M|
|poke|p1|Gyarados, L50, M, shiny|
|poke|p1|Mamoswine, L50, F|
|poke|p1|Ceruledge, L50, F|
|poke|p1|Sinistcha, L50|
|poke|p1|Kingambit, L50, M, shiny|
|poke|p2|Delphox, L50, F|
|poke|p2|Sneasler, L50, F|
|poke|p2|Whimsicott, L50, F|
|poke|p2|Meowscarada, L50, F|
|poke|p2|Milotic, L50, F|
|poke|p2|Farigiraf, L50, M|
|teampreview|4
|showteam|p1|Raichu||RaichuniteY|LightningRod|FakeOut,Encore,ZapCannon,FocusBlast|Timid||M|||50|]Gyarados||Gyaradosite|Intimidate|LashOut,Waterfall,DragonDance,Protect|Adamant||M|||50|]Mamoswine||LifeOrb|Oblivious|Protect,IcicleCrash,IceShard,HighHorsepower|Jolly||F|||50|]Ceruledge||ColburBerry|FlashFire|BitterBlade,ShadowSneak,BulkUp,Protect|Adamant||F|||50|]Sinistcha||SitrusBerry|Hospitality|Protect,RagePowder,MatchaGotcha,LifeDew|Bold|||||50|]Kingambit||FocusSash|Defiant|Protect,SuckerPunch,KowtowCleave,IronHead|Adamant||M|||50|
|showteam|p2|Delphox||Delphoxite|Blaze|HeatWave,Psychic,GrassKnot,Protect|Timid||F|||50|]Sneasler||WhiteHerb|Unburden|DireClaw,CloseCombat,RockSlide,FakeOut|Jolly||F|||50|]Whimsicott||FocusSash|Prankster|SunnyDay,Tailwind,Encore,Moonblast|Timid||F|||50|]Meowscarada||ChoiceScarf|Protean|FlowerTrick,TripleAxel,KnockOff,LowKick|Jolly||F|||50|]Milotic||Leftovers|Competitive|Scald,LifeDew,Protect,IcyWind|Bold||F|||50|]Farigiraf||ColburBerry|ArmorTail|Psychic,Imprison,TrickRoom,HelpingHand|Bold||M|||50|
|inactive|Battle timer is ON: inactive players will automatically lose when time's up. (requested by d1mo22)
|c|☆AceSama(YT)|good luck
|inactive|d1mo22 has 60 seconds left.
|inactive|AceSama(YT) has 60 seconds left.
|inactive|d1mo22 has 30 seconds left.
|inactive|d1mo22 has 20 seconds left.
|inactive|d1mo22 has 15 seconds left.
|inactive|d1mo22 has 10 seconds left.
|
|t:|1784659871
|teamsize|p1|4
|teamsize|p2|4
|start
|switch|p1a: Raichu|Raichu, L50, M|100/100
|switch|p1b: Ceruledge|Ceruledge, L50, F|100/100
|switch|p2a: Delphox|Delphox, L50, F|100/100
|switch|p2b: Sneasler|Sneasler, L50, F|100/100
|turn|1
|inactive|d1mo22 has 30 seconds left.
|inactive|AceSama(YT) has 30 seconds left.
|inactive|d1mo22 has 20 seconds left.
|inactive|d1mo22 has 15 seconds left.
|inactive|d1mo22 has 10 seconds left.
|inactive|d1mo22 has 5 seconds left.
|
|t:|1784659923
|switch|p2a: Farigiraf|Farigiraf, L50, M|100/100
|detailschange|p1a: Raichu|Raichu-Mega-Y, L50, M
|-mega|p1a: Raichu|Raichu|Raichunite Y
|move|p1a: Raichu|Fake Out||[still]
|cant|p2a: Farigiraf|ability: Armor Tail|Fake Out|[of] p1a: Raichu
|move|p2b: Sneasler|Close Combat|p1a: Raichu
|-damage|p1a: Raichu|1/100
|-unboost|p2b: Sneasler|def|1
|-unboost|p2b: Sneasler|spd|1
|-enditem|p2b: Sneasler|White Herb
|-clearnegativeboost|p2b: Sneasler|[silent]
|move|p1b: Ceruledge|Bulk Up|p1b: Ceruledge
|-boost|p1b: Ceruledge|atk|1
|-boost|p1b: Ceruledge|def|1
|
|upkeep
|turn|2
|inactive|d1mo22 has 30 seconds left.
|inactive|d1mo22 has 20 seconds left.
|inactive|d1mo22 has 15 seconds left.
|inactive|d1mo22 has 10 seconds left.
|
|t:|1784659973
|switch|p1a: Kingambit|Kingambit, L50, M, shiny|100/100
|move|p2b: Sneasler|Rock Slide|p1b: Ceruledge|[spread] p1a,p1b
|-resisted|p1a: Kingambit|1
|-supereffective|p1b: Ceruledge|1
|-damage|p1a: Kingambit|92/100
|-damage|p1b: Ceruledge|67/100
|move|p1b: Ceruledge|Bitter Blade|p2a: Farigiraf
|-crit|p2a: Farigiraf
|-damage|p2a: Farigiraf|22/100
|-heal|p1b: Ceruledge|100/100|[from] drain|[of] p2a: Farigiraf
|move|p2a: Farigiraf|Psychic|p1b: Ceruledge
|-damage|p1b: Ceruledge|70/100
|-unboost|p1b: Ceruledge|spd|1
|
|upkeep
|turn|3
|inactive|d1mo22 has 30 seconds left.
|inactive|d1mo22 has 20 seconds left.
|inactive|d1mo22 has 15 seconds left.
|
|t:|1784660014
|switch|p1a: Sinistcha|Sinistcha, L50|100/100
|-heal|p1b: Ceruledge|95/100|[from] ability: Hospitality|[of] p1a: Sinistcha
|move|p2a: Farigiraf|Helping Hand|p2b: Sneasler
|-singleturn|p2b: Sneasler|Helping Hand|[of] p2a: Farigiraf
|move|p2b: Sneasler|Rock Slide|p1b: Ceruledge|[spread] p1a,p1b
|-supereffective|p1b: Ceruledge|1
|-damage|p1a: Sinistcha|73/100
|-damage|p1b: Ceruledge|48/100
|move|p1b: Ceruledge|Bitter Blade|p2b: Sneasler
|-damage|p2b: Sneasler|0 fnt
|-heal|p1b: Ceruledge|92/100|[from] drain|[of] p2b: Sneasler
|faint|p2b: Sneasler
|
|upkeep
|
|t:|1784660025
|switch|p2b: Delphox|Delphox, L50, F|100/100
|turn|4
|inactive|d1mo22 has 30 seconds left.
|inactive|AceSama(YT) has 30 seconds left.
|inactive|d1mo22 has 20 seconds left.
|inactive|AceSama(YT) has 20 seconds left.
|inactive|AceSama(YT) has 15 seconds left.
|inactive|AceSama(YT) has 10 seconds left.
|
|t:|1784660071
|detailschange|p2b: Delphox|Delphox-Mega, L50, F
|-mega|p2b: Delphox|Delphox|Delphoxite
|move|p1a: Sinistcha|Rage Powder|p1a: Sinistcha
|-singleturn|p1a: Sinistcha|move: Rage Powder
|move|p2b: Delphox|Heat Wave|p1b: Ceruledge|[spread] p1a
|-start|p1b: Ceruledge|ability: Flash Fire
|-supereffective|p1a: Sinistcha|1
|-damage|p1a: Sinistcha|0 fnt
|faint|p1a: Sinistcha
|move|p1b: Ceruledge|Bitter Blade|p2a: Farigiraf
|-damage|p2a: Farigiraf|0 fnt
|-heal|p1b: Ceruledge|100/100|[from] drain|[of] p2a: Farigiraf
|faint|p2a: Farigiraf
|
|upkeep
|inactive|d1mo22 has 30 seconds left.
|
|t:|1784660100
|switch|p1a: Kingambit|Kingambit, L50, M, shiny|92/100
|switch|p2a: Meowscarada|Meowscarada, L50, F|100/100
|turn|5
|
|t:|1784660122
|move|p2b: Delphox|Protect|p2b: Delphox
|-singleturn|p2b: Delphox|Protect
|move|p1b: Ceruledge|Protect|p1b: Ceruledge
|-singleturn|p1b: Ceruledge|Protect
|move|p1a: Kingambit|Protect|p1a: Kingambit
|-singleturn|p1a: Kingambit|Protect
|move|p2a: Meowscarada|Low Kick|p1a: Kingambit
|-start|p2a: Meowscarada|typechange|Fighting|[from] ability: Protean
|-activate|p1a: Kingambit|move: Protect
|
|upkeep
|turn|6
|
|t:|1784660139
|move|p2b: Delphox|Protect||[still]
|-fail|p2b: Delphox
|move|p1b: Ceruledge|Shadow Sneak|p2b: Delphox
|-supereffective|p2b: Delphox|1
|-damage|p2b: Delphox|1/100
|move|p1a: Kingambit|Sucker Punch||[still]
|-fail|p1a: Kingambit
|move|p2a: Meowscarada|Low Kick|p1a: Kingambit
|-supereffective|p1a: Kingambit|2
|-damage|p1a: Kingambit|0 fnt
|faint|p1a: Kingambit
|
|upkeep
|
|t:|1784660148
|switch|p1a: Raichu|Raichu-Mega-Y, L50, M|1/100
|turn|7
|
|t:|1784660157
|move|p1a: Raichu|Fake Out|p2a: Meowscarada
|-damage|p2a: Meowscarada|86/100
|move|p1b: Ceruledge|Shadow Sneak|p2b: Delphox
|-supereffective|p2b: Delphox|1
|-damage|p2b: Delphox|0 fnt
|faint|p2b: Delphox
|cant|p2a: Meowscarada|flinch
|
|upkeep
|turn|8
|-message|AceSama(YT) forfeited.
|
|win|d1mo22
|l|☆AceSama(YT)
|player|p2|
||AceSama(YT) is ready for game 2.
