|j|☆pfizerlordozai
|j|☆Gunkqing
|html|pfizerlordozaiGunkqing    
|uhtml|bestof|Game 1 of a best-of-3
|t:|1757169788
|gametype|doubles
|player|p1|pfizerlordozai|bruno|
|player|p2|Gunkqing|266|
|gen|9
|tier|[Gen 9] VGC 2025 Reg H (Bo3)
|rule|Species Clause: Limit one of each Pokémon
|rule|Item Clause: Limit 1 of each item
|clearpoke
|poke|p1|Pelipper, L50, F|
|poke|p1|Archaludon, L50, M|
|poke|p1|Ursaluna, L50, M|
|poke|p1|Sinistcha, L50|
|poke|p1|Incineroar, L50, M|
|poke|p1|Sneasler, L50, M|
|poke|p2|Rillaboom, L50, M|
|poke|p2|Electabuzz, L50, F|
|poke|p2|Kommo-o, L50, F|
|poke|p2|Incineroar, L50, M|
|poke|p2|Basculegion, L50, M|
|poke|p2|Sylveon, L50, F|
|teampreview|4
|showteam|p1|Pelipper||CovertCloak|Drizzle|WeatherBall,Hurricane,Tailwind,Protect|||F|||50|,,,,,Fairy]Archaludon||PowerHerb|Sturdy|ElectroShot,DragonPulse,FlashCannon,Protect|||M|||50|,,,,,Electric]Ursaluna||FlameOrb|Guts|Facade,HeadlongRush,Earthquake,Protect|||M|||50|,,,,,Ghost]Sinistcha||SitrusBerry|Hospitality|MatchaGotcha,ShadowBall,TrickRoom,RagePowder||||||50|,,,,,Dark]Incineroar||AssaultVest|Intimidate|FlareBlitz,KnockOff,Uturn,FakeOut|||M|||50|,,,,,Grass]Sneasler||FocusSash|Unburden|FakeOut,CloseCombat,DireClaw,Protect|||M|||50|,,,,,Ghost
|showteam|p2|Rillaboom||MeadowPlate|GrassySurge|FakeOut,WoodHammer,GrassyGlide,Uturn|||M|||50|,,,,,Fire]Electabuzz||Eviolite|VitalSpirit|FollowMe,Thunderbolt,Taunt,Protect|||F|||50|,,,,,Ghost]Kommo-o||Leftovers|Soundproof|ClangingScales,ClangorousSoul,Flamethrower,Protect|||F|||50|,,,,,Fire]Incineroar||AssaultVest|Intimidate|FakeOut,FlareBlitz,KnockOff,Uturn|||M|||50|,,,,,Ghost]Basculegion||ChoiceScarf|Adaptability|WaveCrash,AquaJet,LastRespects,FlipTurn|||M|||50|,,,,,Grass]Sylveon||LifeOrb|Pixilate|HyperVoice,Moonblast,Detect,QuickAttack|||F|||50|,,,,,Fairy
|inactive|Battle timer is ON: inactive players will automatically lose when time's up. (requested by Gunkqing)
|c|☆Gunkqing|Glhf!
|c|☆pfizerlordozai|u2
|inactive|pfizerlordozai has 60 seconds left.
|inactive|pfizerlordozai has 30 seconds left.
|
|t:|1757169850
|teamsize|p1|4
|teamsize|p2|4
|start
|switch|p1a: Incineroar|Incineroar, L50, M|100/100
|switch|p1b: Sinistcha|Sinistcha, L50|100/100
|switch|p2a: Electabuzz|Electabuzz, L50, F|100/100
|switch|p2b: Sylveon|Sylveon, L50, F|100/100
|-ability|p1a: Incineroar|Intimidate|boost
|-unboost|p2a: Electabuzz|atk|1
|-unboost|p2b: Sylveon|atk|1
|turn|1
|
|t:|1757169870
|switch|p1b: Ursaluna|Ursaluna, L50, M|100/100
|move|p1a: Incineroar|Fake Out|p2b: Sylveon
|-damage|p2b: Sylveon|84/100
|move|p2a: Electabuzz|Taunt|p1b: Ursaluna
|-start|p1b: Ursaluna|move: Taunt
|cant|p2b: Sylveon|flinch
|
|-status|p1b: Ursaluna|brn|[from] item: Flame Orb
|upkeep
|turn|2
|inactive|pfizerlordozai has 30 seconds left.
|inactive|Gunkqing has 30 seconds left.
|inactive|pfizerlordozai has 20 seconds left.
|
|t:|1757169907
|-terastallize|p2b: Sylveon|Fairy
|move|p2a: Electabuzz|Follow Me|p2a: Electabuzz
|-singleturn|p2a: Electabuzz|move: Follow Me
|move|p2b: Sylveon|Hyper Voice|p1b: Ursaluna|[spread] p1a,p1b
|-damage|p1a: Incineroar|57/100
|-damage|p1b: Ursaluna|38/100 brn
|-damage|p2b: Sylveon|74/100|[from] item: Life Orb
|move|p1a: Incineroar|U-turn|p2a: Electabuzz
|-damage|p2a: Electabuzz|85/100
|
|t:|1757169922
|switch|p1a: Sinistcha|Sinistcha, L50|100/100|[from] U-turn
|-heal|p1b: Ursaluna|62/100 brn|[from] ability: Hospitality|[of] p1a: Sinistcha
|move|p1b: Ursaluna|Earthquake|p2b: Sylveon|[spread] p1a,p2a,p2b
|-resisted|p1a: Sinistcha
|-supereffective|p2a: Electabuzz
|-damage|p1a: Sinistcha|70/100
|-damage|p2a: Electabuzz|0 fnt
|-damage|p2b: Sylveon|0 fnt
|faint|p2a: Electabuzz
|faint|p2b: Sylveon
|
|-damage|p1b: Ursaluna|57/100 brn|[from] brn
|upkeep
|
|t:|1757169926
|switch|p2a: Rillaboom|Rillaboom, L50, M|100/100
|switch|p2b: Basculegion|Basculegion, L50, M|100/100
|-fieldstart|move: Grassy Terrain|[from] ability: Grassy Surge|[of] p2a: Rillaboom
|turn|3
|inactive|pfizerlordozai has 30 seconds left.
|inactive|pfizerlordozai has 20 seconds left.
|inactive|pfizerlordozai has 15 seconds left.
|inactive|pfizerlordozai has 10 seconds left.
|
|t:|1757169972
|switch|p1a: Incineroar|Incineroar, L50, M|57/100
|-ability|p1a: Incineroar|Intimidate|boost
|-unboost|p2a: Rillaboom|atk|1
|-unboost|p2b: Basculegion|atk|1
|-terastallize|p1b: Ursaluna|Ghost
|move|p2b: Basculegion|Wave Crash|p1b: Ursaluna
|-damage|p1b: Ursaluna|16/100 brn
|-damage|p2b: Basculegion|85/100|[from] Recoil
|move|p2a: Rillaboom|Wood Hammer|p1b: Ursaluna
|-damage|p1b: Ursaluna|0 fnt
|faint|p1b: Ursaluna
|-damage|p2a: Rillaboom|95/100|[from] Recoil
|
|-heal|p2b: Basculegion|91/100|[from] Grassy Terrain
|-heal|p2a: Rillaboom|100/100|[from] Grassy Terrain
|-heal|p1a: Incineroar|63/100|[from] Grassy Terrain
|upkeep
|
|t:|1757169985
|switch|p1b: Sinistcha|Sinistcha, L50|70/100
|-heal|p1a: Incineroar|88/100|[from] ability: Hospitality|[of] p1b: Sinistcha
|turn|4
|inactive|pfizerlordozai has 30 seconds left.
|inactive|pfizerlordozai has 20 seconds left.
|
|t:|1757170023
|move|p1a: Incineroar|Fake Out|p2a: Rillaboom
|-damage|p2a: Rillaboom|90/100
|move|p2b: Basculegion|Wave Crash|p1a: Incineroar
|-supereffective|p1a: Incineroar
|-damage|p1a: Incineroar|10/100
|-damage|p2b: Basculegion|65/100|[from] Recoil
|cant|p2a: Rillaboom|flinch
|move|p1b: Sinistcha|Matcha Gotcha|p2a: Rillaboom|[spread] p2a,p2b
|-resisted|p2a: Rillaboom
|-supereffective|p2b: Basculegion
|-damage|p2a: Rillaboom|72/100
|-heal|p1b: Sinistcha|80/100|[from] drain|[of] p2a: Rillaboom
|-damage|p2b: Basculegion|0 fnt
|-heal|p1b: Sinistcha|100/100|[from] drain|[of] p2b: Basculegion
|faint|p2b: Basculegion
|
|-heal|p2a: Rillaboom|78/100|[from] Grassy Terrain
|-heal|p1a: Incineroar|16/100|[from] Grassy Terrain
|upkeep
|turn|5
|
|t:|1757170041
|move|p2a: Rillaboom|Grassy Glide|p1a: Incineroar
|-resisted|p1a: Incineroar
|-damage|p1a: Incineroar|6/100
|move|p1b: Sinistcha|Shadow Ball|p2a: Rillaboom
|-damage|p2a: Rillaboom|42/100
|move|p1a: Incineroar|Flare Blitz|p2a: Rillaboom
|-supereffective|p2a: Rillaboom
|-damage|p2a: Rillaboom|0 fnt
|faint|p2a: Rillaboom
|-damage|p1a: Incineroar|0 fnt|[from] Recoil
|faint|p1a: Incineroar
|
|win|pfizerlordozai
||pfizerlordozai is ready for game 2.
||Gunkqing is ready for game 2.
|uhtml|next|Next: Game 2 of 3
|j| pokemaster777888
|l| pokemaster777888
|l|☆Gunkqing
|player|p2|
