|j|☆Mortipherus
|j|☆panijc
|html|Mortipheruspanijc    
|uhtml|bestof|Game 1 of a best-of-3
|t:|1785615324
|gametype|doubles
|player|p1|Mortipherus|biker-gen4|1145
|player|p2|panijc|170|1227
|gen|9
|tier|[Gen 9 Champions] VGC 2026 Reg M-B (Bo3)
|rated|
|rule|Species Clause: Limit one of each Pokémon
|rule|Item Clause: Limit 1 of each item
|clearpoke
|poke|p1|Blastoise, L50, M|
|poke|p1|Talonflame, L50, F, shiny|
|poke|p1|Farigiraf, L50, M|
|poke|p1|Sinistcha, L50|
|poke|p1|Gardevoir, L50, M, shiny|
|poke|p1|Garchomp, L50, F, shiny|
|poke|p2|Raichu, L50, M|
|poke|p2|Mamoswine, L50, M|
|poke|p2|Sylveon, L50, F|
|poke|p2|Incineroar, L50, F|
|poke|p2|Basculegion, L50, M|
|poke|p2|Whimsicott, L50, F|
|teampreview|4
|showteam|p1|Blastoise||Blastoisinite|RainDish|Protect,WaterSpout,DarkPulse,IceBeam|Modest||M|||50|]Talonflame||LifeOrb|GaleWings|Protect,Tailwind,RainDance,DualWingbeat|Jolly||F|||50|]Farigiraf||ColburBerry|ArmorTail|Protect,TrickRoom,HelpingHand,TwinBeam|Bold||M|||50|]Sinistcha||SitrusBerry|Hospitality|TrickRoom,RagePowder,LifeDew,MatchaGotcha|Bold|||||50|]Gardevoir||Gardevoirite|Telepathy|Protect,CalmMind,HyperVoice,Psyshock|Modest||M|||50|]Garchomp||ChoiceScarf|RoughSkin|DragonClaw,StompingTantrum,IronHead,RockSlide|Adamant||F|||50|
|showteam|p2|Raichu||RaichuniteY|LightningRod|ZapCannon,FocusBlast,FakeOut,Protect|Timid||M|||50|]Mamoswine||LifeOrb|Oblivious|IcicleCrash,HighHorsepower,IceShard,Protect|Adamant||M|||50|]Sylveon||FairyFeather|Pixilate|HyperVoice,HyperBeam,Detect,Yawn|Modest||F|||50|]Incineroar||SitrusBerry|Intimidate|ThroatChop,FlareBlitz,FakeOut,PartingShot|Impish||F|||50|]Basculegion||MysticWater|Adaptability|WaveCrash,LastRespects,AquaJet,Protect|Adamant||M|||50|]Whimsicott||FocusSash|Prankster|Moonblast,Tailwind,Protect,Encore|Timid||F|||50|
|
|t:|1785615406
|teamsize|p1|4
|teamsize|p2|4
|start
|switch|p1a: Talonflame|Talonflame, L50, F, shiny|100/100
|switch|p1b: Gardevoir|Gardevoir, L50, M, shiny|100/100
|switch|p2a: Mamoswine|Mamoswine, L50, M|100/100
|switch|p2b: Raichu|Raichu, L50, M|100/100
|turn|1
|inactive|Battle timer is ON: inactive players will automatically lose when time's up. (requested by panijc)
|
|t:|1785615428
|detailschange|p2b: Raichu|Raichu-Mega-Y, L50, M
|-mega|p2b: Raichu|Raichu|Raichunite Y
|move|p1a: Talonflame|Protect|p1a: Talonflame
|-singleturn|p1a: Talonflame|Protect
|move|p1b: Gardevoir|Protect|p1b: Gardevoir
|-singleturn|p1b: Gardevoir|Protect
|move|p2b: Raichu|Fake Out|p1b: Gardevoir
|-activate|p1b: Gardevoir|move: Protect
|move|p2a: Mamoswine|Ice Shard|p1a: Talonflame
|-activate|p1a: Talonflame|move: Protect
|
|upkeep
|turn|2
|
|t:|1785615447
|detailschange|p1b: Gardevoir|Gardevoir-Mega, L50, M, shiny
|-mega|p1b: Gardevoir|Gardevoir|Gardevoirite
|move|p1a: Talonflame|Tailwind|p1a: Talonflame
|-sidestart|p1: Mortipherus|move: Tailwind
|move|p1b: Gardevoir|Hyper Voice|p2b: Raichu|[spread] p2a,p2b
|-damage|p2a: Mamoswine|36/100
|-damage|p2b: Raichu|24/100
|move|p2b: Raichu|Zap Cannon|p1a: Talonflame
|-supereffective|p1a: Talonflame|1
|-damage|p1a: Talonflame|0 fnt
|faint|p1a: Talonflame
|move|p2a: Mamoswine|High Horsepower|p1b: Gardevoir
|-damage|p1b: Gardevoir|15/100
|-damage|p2a: Mamoswine|27/100|[from] item: Life Orb
|
|upkeep
|inactive|Mortipherus has 30 seconds left.
|inactive|Mortipherus has 20 seconds left.
|
|t:|1785615487
|switch|p1a: Farigiraf|Farigiraf, L50, M|100/100
|turn|3
|inactive|panijc has 30 seconds left.
|
|t:|1785615519
|switch|p2a: Sylveon|Sylveon, L50, F|100/100
|move|p1a: Farigiraf|Helping Hand|p1b: Gardevoir
|-singleturn|p1b: Gardevoir|Helping Hand|[of] p1a: Farigiraf
|move|p2b: Raichu|Protect|p2b: Raichu
|-singleturn|p2b: Raichu|Protect
|move|p1b: Gardevoir|Hyper Voice|p2b: Raichu|[spread] p2a
|-activate|p2b: Raichu|move: Protect
|-damage|p2a: Sylveon|35/100
|
|upkeep
|turn|4
|inactive|panijc has 30 seconds left.
|
|t:|1785615544
|move|p1a: Farigiraf|Helping Hand|p1b: Gardevoir
|-singleturn|p1b: Gardevoir|Helping Hand|[of] p1a: Farigiraf
|move|p2a: Sylveon|Detect|p2a: Sylveon
|-singleturn|p2a: Sylveon|Protect
|move|p1b: Gardevoir|Hyper Voice|p2b: Raichu|[spread] p2b
|-activate|p2a: Sylveon|move: Protect
|-damage|p2b: Raichu|0 fnt
|faint|p2b: Raichu
|
|upkeep
|
|t:|1785615554
|switch|p2b: Basculegion|Basculegion, L50, M|100/100
|turn|5
|
|t:|1785615566
|move|p1a: Farigiraf|Helping Hand|p1b: Gardevoir
|-singleturn|p1b: Gardevoir|Helping Hand|[of] p1a: Farigiraf
|move|p1b: Gardevoir|Hyper Voice|p2a: Sylveon|[spread] p2a,p2b
|-damage|p2a: Sylveon|0 fnt
|-damage|p2b: Basculegion|23/100
|faint|p2a: Sylveon
|move|p2b: Basculegion|Last Respects|p1b: Gardevoir
|-supereffective|p1b: Gardevoir|1
|-damage|p1b: Gardevoir|0 fnt
|faint|p1b: Gardevoir
|
|-sideend|p1: Mortipherus|move: Tailwind
|upkeep
|
|t:|1785615577
|switch|p1b: Garchomp|Garchomp, L50, F, shiny|100/100
|switch|p2a: Mamoswine|Mamoswine, L50, M|27/100
|turn|6
|
|t:|1785615592
|move|p1a: Farigiraf|Helping Hand|p1b: Garchomp
|-singleturn|p1b: Garchomp|Helping Hand|[of] p1a: Farigiraf
|move|p1b: Garchomp|Rock Slide|p2b: Basculegion|[spread] p2a,p2b
|-damage|p2a: Mamoswine|0 fnt
|-damage|p2b: Basculegion|0 fnt
|faint|p2a: Mamoswine
|faint|p2b: Basculegion
|
|win|Mortipherus
||panijc is ready for game 2.
||Mortipherus is ready for game 2.
|uhtml|next|Next: Game 2 of 3
|l|☆Mortipherus
|player|p1|
