|j|☆richardlt
|j|☆castoriceball
|html|richardltcastoriceball    
|uhtml|bestof|Game 2 of a best-of-3
|t:|1784324547
|gametype|doubles
|player|p1|richardlt|102|1192
|player|p2|castoriceball|miku-flying|1350
|gen|9
|tier|[Gen 9 Champions] VGC 2026 Reg M-B (Bo3)
|rated|
|rule|Species Clause: Limit one of each Pokémon
|rule|Item Clause: Limit 1 of each item
|clearpoke
|poke|p1|Blastoise, L50, M|
|poke|p1|Incineroar, L50, M|
|poke|p1|Sinistcha, L50|
|poke|p1|Farigiraf, L50, F|
|poke|p1|Sylveon, L50, M|
|poke|p1|Camerupt, L50, M|
|poke|p2|Sneasler, L50, M|
|poke|p2|Blastoise, L50, M|
|poke|p2|Kingambit, L50, M|
|poke|p2|Incineroar, L50, M|
|poke|p2|Delphox, L50, F|
|poke|p2|Sinistcha, L50|
|teampreview|4
|showteam|p1|Blastoise||Blastoisinite|RainDish|WaterSpout,DarkPulse,AuraSphere,FakeOut|Quiet||M|||50|]Incineroar||PasshoBerry|Intimidate|FlareBlitz,ThroatChop,FakeOut,Roar|Brave||M|||50|]Sinistcha||KasibBerry|Hospitality|MatchaGotcha,ShadowBall,RagePowder,TrickRoom|Relaxed|||||50|]Farigiraf||FocusSash|ArmorTail|Psyshock,Thunderbolt,NastyPlot,TrickRoom|Quiet||F|||50|]Sylveon||FairyFeather|Pixilate|HyperVoice,HyperBeam,QuickAttack,CalmMind|Quiet||M|||50|]Camerupt||Cameruptite|SolidRock|Eruption,EarthPower,AncientPower,Protect|Quiet||M|||50|
|showteam|p2|Sneasler||FocusSash|PoisonTouch|PoisonJab,CloseCombat,FakeOut,QuickGuard|Jolly||M|||50|]Blastoise||Blastoisinite|RainDish|DarkPulse,WaterSpout,ShellSmash,Protect|Modest||M|||50|]Kingambit||BlackGlasses|Defiant|KowtowCleave,SuckerPunch,SwordsDance,Protect|Adamant||M|||50|]Incineroar||SitrusBerry|Intimidate|FlareBlitz,HelpingHand,PartingShot,FakeOut|Adamant||M|||50|]Delphox||Delphoxite|Blaze|HeatWave,NastyPlot,Psyshock,Protect|Modest||F|||50|]Sinistcha||KasibBerry|Hospitality|MatchaGotcha,RagePowder,TrickRoom,Protect|Bold|||||50|
|inactive|Battle timer is ON: inactive players will automatically lose when time's up. (requested by richardlt)
|inactive|richardlt has 60 seconds left.
|inactive|richardlt has 30 seconds left.
|
|t:|1784324660
|teamsize|p1|4
|teamsize|p2|4
|start
|switch|p1a: Blastoise|Blastoise, L50, M|100/100
|switch|p1b: Farigiraf|Farigiraf, L50, F|100/100
|switch|p2a: Sneasler|Sneasler, L50, M|100/100
|switch|p2b: Blastoise|Blastoise, L50, M|100/100
|turn|1
|inactive|richardlt has 30 seconds left.
|inactive|richardlt has 20 seconds left.
|
|t:|1784324698
|switch|p2b: Kingambit|Kingambit, L50, M|100/100
|detailschange|p1a: Blastoise|Blastoise-Mega, L50, M
|-mega|p1a: Blastoise|Blastoise|Blastoisinite
|move|p1a: Blastoise|Fake Out|p2a: Sneasler
|-damage|p2a: Sneasler|83/100
|cant|p2a: Sneasler|flinch
|move|p1b: Farigiraf|Thunderbolt|p2b: Kingambit
|-damage|p2b: Kingambit|74/100
|
|upkeep
|turn|2
|inactive|richardlt has 30 seconds left.
|
|t:|1784324727
|switch|p2b: Sinistcha|Sinistcha, L50|100/100
|-heal|p2a: Sneasler|100/100|[from] ability: Hospitality|[of] p2b: Sinistcha
|move|p2a: Sneasler|Close Combat|p1a: Blastoise
|-damage|p1a: Blastoise|49/100
|-unboost|p2a: Sneasler|def|1
|-unboost|p2a: Sneasler|spd|1
|-status|p1a: Blastoise|psn|[from] ability: Poison Touch|[of] p2a: Sneasler
|move|p1a: Blastoise|Aura Sphere|p2b: Sinistcha
|-immune|p2b: Sinistcha
|move|p1b: Farigiraf|Trick Room|p1b: Farigiraf
|-fieldstart|move: Trick Room|[of] p1b: Farigiraf
|
|-damage|p1a: Blastoise|37/100 psn|[from] psn
|upkeep
|turn|3
|
|t:|1784324750
|move|p1b: Farigiraf|Psyshock|p2a: Sneasler
|-supereffective|p2a: Sneasler|2
|-enditem|p2a: Sneasler|Focus Sash
|-damage|p2a: Sneasler|1/100
|move|p1a: Blastoise|Dark Pulse|p2b: Sinistcha
|-supereffective|p2b: Sinistcha|1
|-damage|p2b: Sinistcha|10/100
|move|p2a: Sneasler|Close Combat|p1b: Farigiraf
|-crit|p1b: Farigiraf
|-damage|p1b: Farigiraf|4/100
|-unboost|p2a: Sneasler|def|1
|-unboost|p2a: Sneasler|spd|1
|cant|p2b: Sinistcha|flinch
|
|-damage|p1a: Blastoise|24/100 psn|[from] psn
|upkeep
|turn|4
|c|☆castoriceball|fml
|
|t:|1784324768
|switch|p1b: Sinistcha|Sinistcha, L50|100/100
|-heal|p1a: Blastoise|49/100 psn|[from] ability: Hospitality|[of] p1b: Sinistcha
|switch|p2a: Kingambit|Kingambit, L50, M|74/100
|move|p2b: Sinistcha|Protect|p2b: Sinistcha
|-singleturn|p2b: Sinistcha|Protect
|move|p1a: Blastoise|Water Spout|p2a: Kingambit|[spread] p2a
|-activate|p2b: Sinistcha|move: Protect
|-damage|p2a: Kingambit|51/100
|
|-damage|p1a: Blastoise|37/100 psn|[from] psn
|upkeep
|turn|5
|inactive|richardlt has 30 seconds left.
|inactive|richardlt has 20 seconds left.
|inactive|castoriceball has 30 seconds left.
|inactive|richardlt has 15 seconds left.
|inactive|richardlt has 10 seconds left.
|inactive|richardlt has 5 seconds left.
|
|t:|1784324820
|switch|p1b: Farigiraf|Farigiraf, L50, F|4/100
|move|p2a: Kingambit|Kowtow Cleave|p1b: Farigiraf
|-supereffective|p1b: Farigiraf|1
|-damage|p1b: Farigiraf|0 fnt
|faint|p1b: Farigiraf
|move|p1a: Blastoise|Dark Pulse|p2b: Sinistcha
|-supereffective|p2b: Sinistcha|1
|-damage|p2b: Sinistcha|0 fnt
|faint|p2b: Sinistcha
|
|-damage|p1a: Blastoise|24/100 psn|[from] psn
|upkeep
|
|t:|1784324831
|switch|p1b: Sinistcha|Sinistcha, L50|100/100
|switch|p2b: Blastoise|Blastoise, L50, M|100/100
|-heal|p1a: Blastoise|49/100 psn|[from] ability: Hospitality|[of] p1b: Sinistcha
|turn|6
|inactive|richardlt has 30 seconds left.
|inactive|richardlt has 20 seconds left.
|inactive|richardlt has 15 seconds left.
|inactive|castoriceball has 30 seconds left.
|inactive|richardlt has 10 seconds left.
|inactive|richardlt has 5 seconds left.
|
|t:|1784324881
|detailschange|p2b: Blastoise|Blastoise-Mega, L50, M
|-mega|p2b: Blastoise|Blastoise|Blastoisinite
|move|p2b: Blastoise|Protect|p2b: Blastoise
|-singleturn|p2b: Blastoise|Protect
|move|p2a: Kingambit|Kowtow Cleave|p1b: Sinistcha
|-supereffective|p1b: Sinistcha|1
|-damage|p1b: Sinistcha|28/100
|move|p1b: Sinistcha|Matcha Gotcha|p2b: Blastoise|[spread] p2a
|-activate|p2b: Blastoise|move: Protect
|-resisted|p2a: Kingambit|1
|-damage|p2a: Kingambit|42/100
|-heal|p1b: Sinistcha|33/100|[from] drain|[of] p2a: Kingambit
|move|p1a: Blastoise|Aura Sphere|p2a: Kingambit
|-supereffective|p2a: Kingambit|2
|-damage|p2a: Kingambit|0 fnt
|faint|p2a: Kingambit
|
|-damage|p1a: Blastoise|37/100 psn|[from] psn
|-fieldend|move: Trick Room
|upkeep
|
|t:|1784324890
|switch|p2a: Sneasler|Sneasler, L50, M|1/100
|turn|7
|inactive|richardlt has 30 seconds left.
|inactive|richardlt has 20 seconds left.
|inactive|richardlt has 15 seconds left.
|
|t:|1784324934
|move|p2a: Sneasler|Poison Jab|p1b: Sinistcha
|-damage|p1b: Sinistcha|0 fnt
|faint|p1b: Sinistcha
|move|p2b: Blastoise|Dark Pulse|p1a: Blastoise
|-damage|p1a: Blastoise|0 fnt
|faint|p1a: Blastoise
|
|upkeep
|
|t:|1784324941
|switch|p1a: Sylveon|Sylveon, L50, M|100/100
|turn|8
|inactive|richardlt has 30 seconds left.
|inactive|richardlt has 20 seconds left.
|
|t:|1784324977
|move|p1a: Sylveon|Quick Attack|p2a: Sneasler
|-damage|p2a: Sneasler|0 fnt
|faint|p2a: Sneasler
|move|p2b: Blastoise|Water Spout|p1a: Sylveon
|-damage|p1a: Sylveon|30/100
|
|upkeep
|turn|9
|
|t:|1784325000
|move|p2b: Blastoise|Water Spout|p1a: Sylveon
|-damage|p1a: Sylveon|0 fnt
|faint|p1a: Sylveon
|
|win|castoriceball
||richardlt is ready for game 3.
|inactive|castoriceball has 30 seconds to confirm battle start!
|inactive|castoriceball has 20 seconds to confirm battle start!
|inactive|castoriceball has 10 seconds to confirm battle start!
