|j|☆monado476
|j|☆WASHINGTONGARGACHA
|html|monado476WASHINGTONGARGACHA    
|uhtml|bestof|Game 2 of a best-of-3
|t:|1756430509
|gametype|doubles
|player|p1|monado476|volkner|1021
|player|p2|WASHINGTONGARGACHA|265|1062
|gen|9
|tier|[Gen 9] VGC 2025 Reg H (Bo3)
|rated|
|rule|Species Clause: Limit one of each Pokémon
|rule|Item Clause: Limit 1 of each item
|clearpoke
|poke|p1|Incineroar, L50, F|
|poke|p1|Whimsicott, L50, M|
|poke|p1|Gastrodon, L50, F|
|poke|p1|Kleavor, L50, M|
|poke|p1|Gholdengo, L50|
|poke|p1|Primarina, L50, M|
|poke|p2|Gholdengo, L50|
|poke|p2|Ursaluna, L50, M|
|poke|p2|Archaludon, L50, M|
|poke|p2|Murkrow, L50, F|
|poke|p2|Farigiraf, L50, M|
|poke|p2|Palafin, L50, M|
|teampreview|4
|showteam|p1|Incineroar||SafetyGoggles|Intimidate|FakeOut,PartingShot,KnockOff,FlareBlitz|||F|||50|,,,,,Grass]Whimsicott||FocusSash|Prankster|Moonblast,Tailwind,Encore,Taunt|||M|||50|,,,,,Ghost]Gastrodon||Leftovers|StormDrain|IcyWind,Recover,Yawn,EarthPower|||F|||50|,,,,,Fire]Kleavor||LifeOrb|Sharpness|StoneAxe,NightSlash,XScissor,Protect|||M|||50|,,,,,Steel]Gholdengo||MetalCoat|GoodasGold|MakeItRain,ShadowBall,NastyPlot,Protect||||||50|,,,,,Steel]Primarina||CovertCloak|LiquidVoice|Haze,HyperVoice,Moonblast,Protect|||M|||50|,,,,,Poison
|showteam|p2|Gholdengo||SitrusBerry|GoodasGold|ShadowBall,MakeItRain,NastyPlot,Protect||||||50|,,,,,Water]Ursaluna||FlameOrb|Guts|Facade,Earthquake,Protect,HeadlongRush|||M|||50|,,,,,Ghost]Archaludon||PowerHerb|Stamina|ElectroShot,FlashCannon,DracoMeteor,Protect|||M|||50|,,,,,Grass]Murkrow||Eviolite|Prankster|Tailwind,RainDance,FoulPlay,Haze|||F|||50|,,,,,Dark]Farigiraf||ThroatSpray|ArmorTail|HyperVoice,TrickRoom,Psychic,Protect|||M|||50|,,,,,Fairy]Palafin||MysticWater|ZerotoHero|FlipTurn,Protect,JetPunch,WaveCrash|||M|||50|,,,,,Water
|inactive|Battle timer is ON: inactive players will automatically lose when time's up. (requested by monado476)
|
|t:|1756430539
|teamsize|p1|4
|teamsize|p2|4
|start
|switch|p1a: Kleavor|Kleavor, L50, M|100/100
|switch|p1b: Primarina|Primarina, L50, M|100/100
|switch|p2a: Farigiraf|Farigiraf, L50, M|100/100
|switch|p2b: Ursaluna|Ursaluna, L50, M|100/100
|turn|1
|inactive|monado476 has 30 seconds left.
|inactive|WASHINGTONGARGACHA has 30 seconds left.
|inactive|monado476 has 20 seconds left.
|inactive|monado476 has 15 seconds left.
|
|t:|1756430583
|move|p2a: Farigiraf|Protect|p2a: Farigiraf
|-singleturn|p2a: Farigiraf|Protect
|move|p1a: Kleavor|Stone Axe|p2a: Farigiraf
|-activate|p2a: Farigiraf|move: Protect
|move|p1b: Primarina|Moonblast|p2a: Farigiraf
|-activate|p2a: Farigiraf|move: Protect
|move|p2b: Ursaluna|Earthquake|p1b: Primarina|[spread] p1a,p1b
|-activate|p2a: Farigiraf|move: Protect
|-damage|p1a: Kleavor|43/100
|-damage|p1b: Primarina|38/100
|
|-status|p2b: Ursaluna|brn|[from] item: Flame Orb
|upkeep
|turn|2
|inactive|WASHINGTONGARGACHA has 30 seconds left.
|
|t:|1756430612
|move|p2b: Ursaluna|Protect|p2b: Ursaluna
|-singleturn|p2b: Ursaluna|Protect
|move|p1a: Kleavor|X-Scissor|p2a: Farigiraf
|-supereffective|p2a: Farigiraf
|-damage|p2a: Farigiraf|0 fnt
|faint|p2a: Farigiraf
|-damage|p1a: Kleavor|33/100|[from] item: Life Orb
|move|p1b: Primarina|Hyper Voice|p2b: Ursaluna
|-activate|p2b: Ursaluna|move: Protect
|
|-damage|p2b: Ursaluna|94/100 brn|[from] brn
|upkeep
|
|t:|1756430623
|switch|p2a: Gholdengo|Gholdengo, L50|100/100
|turn|3
|inactive|monado476 has 30 seconds left.
|inactive|monado476 has 20 seconds left.
|
|t:|1756430661
|move|p1a: Kleavor|Protect|p1a: Kleavor
|-singleturn|p1a: Kleavor|Protect
|move|p2a: Gholdengo|Protect|p2a: Gholdengo
|-singleturn|p2a: Gholdengo|Protect
|move|p1b: Primarina|Protect|p1b: Primarina
|-singleturn|p1b: Primarina|Protect
|move|p2b: Ursaluna|Earthquake|p1a: Kleavor|[spread] 
|-activate|p2a: Gholdengo|move: Protect
|-activate|p1a: Kleavor|move: Protect
|-activate|p1b: Primarina|move: Protect
|
|-damage|p2b: Ursaluna|88/100 brn|[from] brn
|upkeep
|turn|4
|inactive|monado476 has 30 seconds left.
|inactive|WASHINGTONGARGACHA has 30 seconds left.
|inactive|WASHINGTONGARGACHA has 20 seconds left.
|inactive|WASHINGTONGARGACHA has 15 seconds left.
|inactive|WASHINGTONGARGACHA has 10 seconds left.
|
|t:|1756430710
|move|p1a: Kleavor|Stone Axe|p2a: Gholdengo
|-resisted|p2a: Gholdengo
|-damage|p2a: Gholdengo|69/100
|-sidestart|p2: WASHINGTONGARGACHA|move: Stealth Rock
|-damage|p1a: Kleavor|24/100|[from] item: Life Orb
|move|p2a: Gholdengo|Make It Rain|p1b: Primarina|[spread] p1a,p1b
|-supereffective|p1a: Kleavor
|-damage|p1a: Kleavor|0 fnt
|-damage|p1b: Primarina|0 fnt
|-unboost|p2a: Gholdengo|spa|1
|faint|p1a: Kleavor
|faint|p1b: Primarina
|move|p2b: Ursaluna|Facade|p1: Kleavor|[notarget]
|-fail|p2b: Ursaluna
|
|-damage|p2b: Ursaluna|82/100 brn|[from] brn
|upkeep
|
|t:|1756430724
|switch|p1a: Incineroar|Incineroar, L50, F|100/100
|switch|p1b: Gastrodon|Gastrodon, L50, F|100/100
|-ability|p1a: Incineroar|Intimidate|boost
|-unboost|p2a: Gholdengo|atk|1
|-unboost|p2b: Ursaluna|atk|1
|turn|5
|inactive|monado476 has 30 seconds left.
|
|t:|1756430751
|-terastallize|p1a: Incineroar|Grass
|-terastallize|p2b: Ursaluna|Ghost
|move|p2a: Gholdengo|Protect|p2a: Gholdengo
|-singleturn|p2a: Gholdengo|Protect
|move|p1a: Incineroar|Knock Off|p2a: Gholdengo
|-activate|p2a: Gholdengo|move: Protect
|move|p2b: Ursaluna|Earthquake|p1a: Incineroar|[spread] p1a,p1b
|-activate|p2a: Gholdengo|move: Protect
|-resisted|p1a: Incineroar
|-crit|p1a: Incineroar
|-damage|p1a: Incineroar|54/100
|-damage|p1b: Gastrodon|63/100
|move|p1b: Gastrodon|Icy Wind|p2a: Gholdengo|[spread] p2b
|-activate|p2a: Gholdengo|move: Protect
|-damage|p2b: Ursaluna|73/100 brn
|-unboost|p2b: Ursaluna|spe|1
|
|-heal|p1b: Gastrodon|69/100|[from] item: Leftovers
|-damage|p2b: Ursaluna|67/100 brn|[from] brn
|upkeep
|turn|6
|inactive|monado476 has 30 seconds left.
|inactive|WASHINGTONGARGACHA has 30 seconds left.
|
|t:|1756430784
|move|p2b: Ursaluna|Protect|p2b: Ursaluna
|-singleturn|p2b: Ursaluna|Protect
|move|p2a: Gholdengo|Nasty Plot|p2a: Gholdengo
|-boost|p2a: Gholdengo|spa|2
|move|p1a: Incineroar|Knock Off|p2b: Ursaluna
|-activate|p2b: Ursaluna|move: Protect
|move|p1b: Gastrodon|Earth Power|p2a: Gholdengo
|-supereffective|p2a: Gholdengo
|-damage|p2a: Gholdengo|18/100
|-enditem|p2a: Gholdengo|Sitrus Berry|[eat]
|-heal|p2a: Gholdengo|43/100|[from] item: Sitrus Berry
|
|-heal|p1b: Gastrodon|74/100|[from] item: Leftovers
|-damage|p2b: Ursaluna|61/100 brn|[from] brn
|upkeep
|turn|7
|
|t:|1756430802
|move|p2a: Gholdengo|Make It Rain|p1a: Incineroar|[spread] p1a,p1b
|-resisted|p1b: Gastrodon
|-damage|p1a: Incineroar|0 fnt
|-damage|p1b: Gastrodon|50/100
|-unboost|p2a: Gholdengo|spa|1
|faint|p1a: Incineroar
|move|p2b: Ursaluna|Earthquake|p1b: Gastrodon|[spread] p2a,p1b
|-supereffective|p2a: Gholdengo
|-damage|p2a: Gholdengo|0 fnt
|-damage|p1b: Gastrodon|8/100
|faint|p2a: Gholdengo
|move|p1b: Gastrodon|Earth Power|p2b: Ursaluna
|-damage|p2b: Ursaluna|34/100 brn
|
|-heal|p1b: Gastrodon|14/100|[from] item: Leftovers
|-damage|p2b: Ursaluna|28/100 brn|[from] brn
|upkeep
|
|t:|1756430816
|switch|p2a: Archaludon|Archaludon, L50, M|100/100
|-damage|p2a: Archaludon|94/100|[from] Stealth Rock
|turn|8
|
|t:|1756430825
|move|p2a: Archaludon|Flash Cannon|p1b: Gastrodon
|-resisted|p1b: Gastrodon
|-damage|p1b: Gastrodon|0 fnt
|faint|p1b: Gastrodon
|
|win|WASHINGTONGARGACHA
