|j|☆Jferiz11
|j|☆testkaka
|html|Jferiz11testkaka    
|uhtml|bestof|Game 1 of a best-of-3
|t:|1782526877
|gametype|doubles
|player|p1|Jferiz11|265|1033
|player|p2|testkaka|170|1135
|gen|9
|tier|[Gen 9 Champions] VGC 2026 Reg M-B (Bo3)
|rated|
|rule|Species Clause: Limit one of each Pokémon
|rule|Item Clause: Limit 1 of each item
|clearpoke
|poke|p1|Tyranitar, L50, F|
|poke|p1|Sneasler, L50, F|
|poke|p1|Sinistcha, L50|
|poke|p1|Talonflame, L50, M|
|poke|p1|Rotom-Wash, L50|
|poke|p1|Excadrill, L50, F|
|poke|p2|Froslass, L50, F|
|poke|p2|Whimsicott, L50, F|
|poke|p2|Garchomp, L50, F|
|poke|p2|Kingambit, L50, F|
|poke|p2|Basculegion, L50, M|
|poke|p2|Glimmora, L50, M|
|teampreview|4
|showteam|p1|Tyranitar||Tyranitarite|SandStream|Protect,RockSlide,KnockOff,DragonDance|Jolly||F|||50|]Sneasler||WhiteHerb|Unburden|Protect,CloseCombat,DireClaw,FakeOut|Jolly||F|||50|]Sinistcha||SitrusBerry|Hospitality|RagePowder,TrickRoom,MatchaGotcha,Protect|Relaxed|||||50|]Talonflame||SharpBeak|GaleWings|BraveBird,FlareBlitz,Protect,Tailwind|Jolly||M|||50|]Rotom-Wash||Leftovers|Levitate|WillOWisp,Thunderbolt,HydroPump,LightScreen|Bold|||||50|]Excadrill||Excadrite|SandRush|HighHorsepower,Protect,IronHead,SwordsDance|Adamant||F|||50|
|showteam|p2|Froslass||Froslassite|CursedBody|Protect,Blizzard,ShadowBall,AuroraVeil|Modest||F|||50|]Whimsicott||FocusSash|Prankster|Protect,Moonblast,Tailwind,Encore|Timid||F|||50|]Garchomp||LifeOrb|RoughSkin|Protect,Earthquake,DragonClaw,RockSlide|Jolly||F|||50|]Kingambit||BlackGlasses|Defiant|Protect,KowtowCleave,SuckerPunch,SwordsDance|Adamant||F|||50|]Basculegion||MysticWater|Adaptability|Protect,WaveCrash,LastRespects,AquaJet|Adamant||M|||50|]Glimmora||Glimmoranite|ToxicDebris|SpikyShield,SludgeBomb,PowerGem,EarthPower|Timid||M|||50|
|inactive|Battle timer is ON: inactive players will automatically lose when time's up. (requested by testkaka)
|inactive|testkaka has 60 seconds left.
|inactive|testkaka has 30 seconds left.
|
|t:|1782526939
|teamsize|p1|4
|teamsize|p2|4
|start
|switch|p1a: Tyranitar|Tyranitar, L50, F|100/100
|switch|p1b: Excadrill|Excadrill, L50, F|100/100
|switch|p2a: Whimsicott|Whimsicott, L50, F|100/100
|switch|p2b: Basculegion|Basculegion, L50, M|100/100
|-weather|Sandstorm|[from] ability: Sand Stream|[of] p1a: Tyranitar
|turn|1
|inactive|Jferiz11 has 30 seconds left.
|inactive|Jferiz11 has 20 seconds left.
|inactive|Jferiz11 has 15 seconds left.
|inactive|Jferiz11 has 10 seconds left.
|inactive|Jferiz11 has 5 seconds left.
|
|t:|1782526992
|move|p2a: Whimsicott|Tailwind|p2a: Whimsicott
|-sidestart|p2: testkaka|move: Tailwind
|move|p2b: Basculegion|Wave Crash|p1a: Tyranitar
|-supereffective|p1a: Tyranitar|1
|-damage|p1a: Tyranitar|0 fnt
|faint|p1a: Tyranitar
|-damage|p2b: Basculegion|70/100|[from] Recoil
|move|p1b: Excadrill|Iron Head|p2a: Whimsicott
|-supereffective|p2a: Whimsicott|1
|-enditem|p2a: Whimsicott|Focus Sash
|-damage|p2a: Whimsicott|1/100
|
|-weather|Sandstorm|[upkeep]
|-damage|p2a: Whimsicott|0 fnt|[from] Sandstorm
|-damage|p2b: Basculegion|64/100|[from] Sandstorm
|faint|p2a: Whimsicott
|upkeep
|inactive|testkaka has 30 seconds left.
|inactive|testkaka has 20 seconds left.
|
|t:|1782527031
|switch|p2a: Garchomp|Garchomp, L50, F|100/100
|switch|p1a: Sneasler|Sneasler, L50, F|100/100
|turn|2
|inactive|testkaka has 30 seconds left.
|inactive|testkaka has 20 seconds left.
|inactive|testkaka has 15 seconds left.
|inactive|testkaka has 10 seconds left.
|
|t:|1782527076
|detailschange|p1b: Excadrill|Excadrill-Mega, L50, F
|-mega|p1b: Excadrill|Excadrill|Excadrite
|move|p2a: Garchomp|Protect|p2a: Garchomp
|-singleturn|p2a: Garchomp|Protect
|move|p1b: Excadrill|Protect|p1b: Excadrill
|-singleturn|p1b: Excadrill|Protect
|move|p2b: Basculegion|Wave Crash|p1b: Excadrill
|-activate|p1b: Excadrill|move: Protect
|move|p1a: Sneasler|Close Combat|p2a: Garchomp
|-activate|p2a: Garchomp|move: Protect
|
|-weather|Sandstorm|[upkeep]
|-damage|p2b: Basculegion|58/100|[from] Sandstorm
|-damage|p1a: Sneasler|94/100|[from] Sandstorm
|upkeep
|turn|3
|inactive|Jferiz11 has 30 seconds left.
|inactive|testkaka has 30 seconds left.
|inactive|testkaka has 20 seconds left.
|inactive|testkaka has 15 seconds left.
|inactive|testkaka has 10 seconds left.
|inactive|testkaka has 5 seconds left.
|
|t:|1782527131
|switch|p1b: Sinistcha|Sinistcha, L50|100/100
|-heal|p1a: Sneasler|100/100|[from] ability: Hospitality|[of] p1b: Sinistcha
|move|p2a: Garchomp|Earthquake|p1a: Sneasler|[spread] p2b,p1a,p1b
|-supereffective|p1a: Sneasler|1
|-resisted|p1b: Sinistcha|1
|-damage|p2b: Basculegion|4/100
|-damage|p1a: Sneasler|0 fnt
|-damage|p1b: Sinistcha|82/100
|faint|p1a: Sneasler
|-damage|p2a: Garchomp|90/100|[from] item: Life Orb
|move|p2b: Basculegion|Wave Crash|p1b: Sinistcha
|-resisted|p1b: Sinistcha|1
|-damage|p1b: Sinistcha|47/100
|-enditem|p1b: Sinistcha|Sitrus Berry|[eat]
|-heal|p1b: Sinistcha|72/100|[from] item: Sitrus Berry
|-damage|p2b: Basculegion|0 fnt|[from] Recoil
|faint|p2b: Basculegion
|
|-weather|Sandstorm|[upkeep]
|-damage|p1b: Sinistcha|66/100|[from] Sandstorm
|upkeep
|
|t:|1782527152
|switch|p1a: Excadrill|Excadrill-Mega, L50, F|100/100
|switch|p2b: Glimmora|Glimmora, L50, M|100/100
|turn|4
|inactive|testkaka has 30 seconds left.
|inactive|testkaka has 20 seconds left.
|inactive|testkaka has 15 seconds left.
|
|t:|1782527195
|detailschange|p2b: Glimmora|Glimmora-Mega, L50, M
|-mega|p2b: Glimmora|Glimmora|Glimmoranite
|move|p1a: Excadrill|Protect|p1a: Excadrill
|-singleturn|p1a: Excadrill|Protect
|move|p1b: Sinistcha|Protect|p1b: Sinistcha
|-singleturn|p1b: Sinistcha|Protect
|move|p2a: Garchomp|Dragon Claw|p1a: Excadrill
|-activate|p1a: Excadrill|move: Protect
|move|p2b: Glimmora|Sludge Bomb|p1b: Sinistcha
|-activate|p1b: Sinistcha|move: Protect
|
|-weather|Sandstorm|[upkeep]
|-damage|p1b: Sinistcha|60/100|[from] Sandstorm
|-sideend|p2: testkaka|move: Tailwind
|upkeep
|turn|5
|inactive|Jferiz11 has 30 seconds left.
|inactive|Jferiz11 has 20 seconds left.
|inactive|Jferiz11 has 15 seconds left.
|inactive|Jferiz11 has 10 seconds left.
|
|t:|1782527241
|move|p1b: Sinistcha|Rage Powder|p1b: Sinistcha
|-singleturn|p1b: Sinistcha|move: Rage Powder
|move|p2a: Garchomp|Dragon Claw|p1b: Sinistcha
|-damage|p1b: Sinistcha|21/100
|-damage|p2a: Garchomp|80/100|[from] item: Life Orb
|move|p2b: Glimmora|Sludge Bomb|p1b: Sinistcha
|-damage|p1b: Sinistcha|0 fnt
|faint|p1b: Sinistcha
|move|p1a: Excadrill|High Horsepower|p2a: Garchomp
|-damage|p2a: Garchomp|15/100
|-damage|p1a: Excadrill|87/100|[from] ability: Rough Skin|[of] p2a: Garchomp
|
|-weather|none
|upkeep
|turn|6
|inactive|Jferiz11 has 30 seconds left.
|
|t:|1782527268
|move|p2a: Garchomp|Protect|p2a: Garchomp
|-singleturn|p2a: Garchomp|Protect
|move|p2b: Glimmora|Earth Power|p1a: Excadrill
|-supereffective|p1a: Excadrill|1
|-damage|p1a: Excadrill|1/100
|move|p1a: Excadrill|High Horsepower|p2b: Glimmora
|-supereffective|p2b: Glimmora|2
|-damage|p2b: Glimmora|0 fnt
|faint|p2b: Glimmora
|
|upkeep
|turn|7
|
|t:|1782527292
|move|p2a: Garchomp|Earthquake|p1a: Excadrill
|-supereffective|p1a: Excadrill|1
|-damage|p1a: Excadrill|0 fnt
|faint|p1a: Excadrill
|-damage|p2a: Garchomp|5/100|[from] item: Life Orb
|
|win|testkaka
|raw|Jferiz11's rating: 1033 → 1022(-11 for losing)
|raw|testkaka's rating: 1135 → 1153(+18 for winning)
|l|☆Jferiz11
|player|p1|
