|j|☆chocokoala vgc
|j|☆ggfsb
|html|chocokoala vgcggfsb    
|uhtml|bestof|Game 1 of a best-of-3
|t:|1784731329
|gametype|doubles
|player|p1|chocokoala vgc|benga|1241
|player|p2|ggfsb|palmer|1332
|gen|9
|tier|[Gen 9 Champions] VGC 2026 Reg M-B (Bo3)
|rated|
|rule|Species Clause: Limit one of each Pokémon
|rule|Item Clause: Limit 1 of each item
|clearpoke
|poke|p1|Scovillain, L50, M|
|poke|p1|Primarina, L50, F|
|poke|p1|Aerodactyl, L50, M|
|poke|p1|Garchomp, L50, M|
|poke|p1|Gholdengo, L50|
|poke|p1|Grimmsnarl, L50, M|
|poke|p2|Blastoise, L50, F|
|poke|p2|Incineroar, L50, F|
|poke|p2|Delphox, L50, F|
|poke|p2|Sneasler, L50, M|
|poke|p2|Sinistcha, L50|
|poke|p2|Kingambit, L50, F|
|teampreview|4
|showteam|p1|Scovillain||Scovillainite|Moody|Flamethrower,GigaDrain,Protect,RagePowder|Bold||M|||50|]Primarina||Leftovers|LiquidVoice|HyperVoice,Moonblast,Protect,CalmMind|Modest||F|||50|]Aerodactyl||Aerodactylite|Unnerve|RockSlide,DualWingbeat,Protect,Tailwind|Jolly||M|||50|]Garchomp||SoftSand|RoughSkin|Earthquake,StompingTantrum,Protect,DragonClaw|Jolly||M|||50|]Gholdengo||LifeOrb|GoodasGold|MakeItRain,ShadowBall,Protect,NastyPlot|Modest|||||50|]Grimmsnarl||LightClay|Prankster|LightScreen,Reflect,PartingShot,SpiritBreak|Sassy||M|||50|
|showteam|p2|Blastoise||Blastoisinite|RainDish|WaterSpout,DarkPulse,ShellSmash,Protect|Modest||F|||50|]Incineroar||SitrusBerry|Intimidate|FakeOut,PartingShot,ThroatChop,FlareBlitz|Careful||F|||50|]Delphox||Delphoxite|Blaze|HeatWave,Psychic,NastyPlot,Protect|Timid||F|||50|]Sneasler||FocusSash|PoisonTouch|FakeOut,CloseCombat,DireClaw,QuickGuard|Jolly||M|||50|]Sinistcha||ColburBerry|Hospitality|MatchaGotcha,RagePowder,TrickRoom,Protect|Relaxed|||||50|]Kingambit||BlackGlasses|Defiant|KowtowCleave,SuckerPunch,SwordsDance,Protect|Adamant||F|||50|
|inactive|Battle timer is ON: inactive players will automatically lose when time's up. (requested by ggfsb)
|inactive|chocokoala vgc also wants the timer to be on.
|inactive|ggfsb has 60 seconds left.
|
|t:|1784731378
|teamsize|p1|4
|teamsize|p2|4
|start
|switch|p1a: Primarina|Primarina, L50, F|100/100
|switch|p1b: Grimmsnarl|Grimmsnarl, L50, M|100/100
|switch|p2a: Delphox|Delphox, L50, F|100/100
|switch|p2b: Incineroar|Incineroar, L50, F|100/100
|-ability|p2b: Incineroar|Intimidate|boost
|-unboost|p1a: Primarina|atk|1
|-unboost|p1b: Grimmsnarl|atk|1
|turn|1
|
|t:|1784731394
|detailschange|p2a: Delphox|Delphox-Mega, L50, F
|-mega|p2a: Delphox|Delphox|Delphoxite
|move|p2b: Incineroar|Fake Out|p1a: Primarina
|-damage|p1a: Primarina|86/100
|move|p1b: Grimmsnarl|Light Screen|p1b: Grimmsnarl
|-sidestart|p1: chocokoala vgc|move: Light Screen
|move|p2a: Delphox|Nasty Plot|p2a: Delphox
|-boost|p2a: Delphox|spa|2
|cant|p1a: Primarina|flinch
|
|-heal|p1a: Primarina|92/100|[from] item: Leftovers
|upkeep
|turn|2
|inactive|ggfsb has 30 seconds left.
|
|t:|1784731427
|move|p1a: Primarina|Protect|p1a: Primarina
|-singleturn|p1a: Primarina|Protect
|move|p1b: Grimmsnarl|Parting Shot|p2a: Delphox
|-unboost|p2a: Delphox|atk|1
|-unboost|p2a: Delphox|spa|1
|
|t:|1784731436
|switch|p1b: Scovillain|Scovillain, L50, M|100/100|[from] Parting Shot
|move|p2a: Delphox|Psychic|p1a: Primarina
|-activate|p1a: Primarina|move: Protect
|move|p2b: Incineroar|Parting Shot|p1a: Primarina
|-activate|p1a: Primarina|move: Protect
|
|-heal|p1a: Primarina|98/100|[from] item: Leftovers
|-ability|p1b: Scovillain|Moody|boost
|-boost|p1b: Scovillain|spa|2
|-unboost|p1b: Scovillain|def|1
|upkeep
|turn|3
|
|t:|1784731450
|detailschange|p1b: Scovillain|Scovillain-Mega, L50, M
|-mega|p1b: Scovillain|Scovillain|Scovillainite
|move|p1b: Scovillain|Rage Powder|p1b: Scovillain
|-singleturn|p1b: Scovillain|move: Rage Powder
|move|p2a: Delphox|Nasty Plot|p2a: Delphox
|-boost|p2a: Delphox|spa|2
|move|p2b: Incineroar|Throat Chop|p1b: Scovillain
|-damage|p1b: Scovillain|49/100
|-start|p1b: Scovillain|Throat Chop|[silent]
|-immune|p2b: Incineroar
|move|p1a: Primarina|Hyper Voice|p2a: Delphox|[spread] p2a,p2b
|-supereffective|p2a: Delphox|1
|-supereffective|p2b: Incineroar|1
|-damage|p2a: Delphox|39/100
|-damage|p2b: Incineroar|40/100
|-enditem|p2b: Incineroar|Sitrus Berry|[eat]
|-heal|p2b: Incineroar|65/100|[from] item: Sitrus Berry
|
|-heal|p1a: Primarina|100/100|[from] item: Leftovers
|upkeep
|turn|4
|
|t:|1784731473
|move|p2a: Delphox|Protect|p2a: Delphox
|-singleturn|p2a: Delphox|Protect
|move|p1a: Primarina|Protect|p1a: Primarina
|-singleturn|p1a: Primarina|Protect
|move|p1b: Scovillain|Protect|p1b: Scovillain
|-singleturn|p1b: Scovillain|Protect
|move|p2b: Incineroar|Parting Shot|p1a: Primarina
|-activate|p1a: Primarina|move: Protect
|
|-end|p1b: Scovillain|Throat Chop|[silent]
|upkeep
|turn|5
|
|t:|1784731495
|move|p1b: Scovillain|Rage Powder|p1b: Scovillain
|-singleturn|p1b: Scovillain|move: Rage Powder
|move|p2a: Delphox|Heat Wave|p1a: Primarina|[spread] p1a,p1b
|-resisted|p1a: Primarina|1
|-damage|p1a: Primarina|75/100
|-damage|p1b: Scovillain|0 fnt
|-immune|p2a: Delphox
|faint|p1b: Scovillain
|move|p2b: Incineroar|Throat Chop|p1a: Primarina
|-resisted|p1a: Primarina|1
|-damage|p1a: Primarina|55/100
|-start|p1a: Primarina|Throat Chop|[silent]
|cant|p1a: Primarina|move: Throat Chop
|
|-heal|p1a: Primarina|61/100|[from] item: Leftovers
|upkeep
|
|t:|1784731508
|switch|p1b: Grimmsnarl|Grimmsnarl, L50, M|100/100
|turn|6
|
|t:|1784731517
|move|p1a: Primarina|Protect|p1a: Primarina
|-singleturn|p1a: Primarina|Protect
|move|p2a: Delphox|Nasty Plot|p2a: Delphox
|-boost|p2a: Delphox|spa|2
|move|p2b: Incineroar|Parting Shot|p1b: Grimmsnarl
|-unboost|p1b: Grimmsnarl|atk|1
|-unboost|p1b: Grimmsnarl|spa|1
|
|t:|1784731523
|switch|p2b: Sinistcha|Sinistcha, L50|100/100|[from] Parting Shot
|-heal|p2a: Delphox|64/100|[from] ability: Hospitality|[of] p2b: Sinistcha
|move|p1b: Grimmsnarl|Spirit Break|p2a: Delphox
|-resisted|p2a: Delphox|1
|-damage|p2a: Delphox|52/100
|-unboost|p2a: Delphox|spa|1
|
|-heal|p1a: Primarina|67/100|[from] item: Leftovers
|-end|p1a: Primarina|Throat Chop|[silent]
|upkeep
|turn|7
|-message|chocokoala vgc forfeited.
|
|win|ggfsb
