|j|☆LastHorzion
|j|☆gostzin
|html|LastHorziongostzin    
|uhtml|bestof|Game 1 of a best-of-3
|t:|1757126815
|gametype|doubles
|player|p1|LastHorzion|steven|1338
|player|p2|gostzin|101|1269
|gen|9
|tier|[Gen 9] VGC 2025 Reg H (Bo3)
|rated|
|rule|Species Clause: Limit one of each Pokémon
|rule|Item Clause: Limit 1 of each item
|clearpoke
|poke|p1|Sneasler, L50, F|
|poke|p1|Indeedee, L50, M|
|poke|p1|Ursaluna-Bloodmoon, L50, M|
|poke|p1|Electabuzz, L50, M|
|poke|p1|Tyranitar, L50, M|
|poke|p1|Dragapult, L50, F|
|poke|p2|Incineroar, L50, F|
|poke|p2|Volcarona, L50, F|
|poke|p2|Ninetales-Alola, L50, M|
|poke|p2|Ursaluna-Bloodmoon, L50, M|
|poke|p2|Indeedee-F, L50, F|
|poke|p2|Sneasler, L50, M|
|teampreview|4
|showteam|p1|Sneasler||PsychicSeed|Unburden|CloseCombat,DireClaw,ThroatChop,Protect|||F|||50|,,,,,Dark]Indeedee||FocusSash|PsychicSurge|ExpandingForce,TrickRoom,Imprison,Protect|||M|||50|,,,,,Psychic]Ursaluna-Bloodmoon||LifeOrb|MindsEye|BloodMoon,HyperVoice,EarthPower,Protect|||M|||50|,,,,,Normal]Electabuzz||Eviolite|VitalSpirit|Electroweb,FollowMe,Taunt,Protect|||M|||50|,,,,,Dragon]Tyranitar||AssaultVest|SandStream|KnockOff,TeraBlast,RockSlide,LowKick|||M|||50|,,,,,Flying]Dragapult||ChoiceBand|ClearBody|DragonDarts,Uturn,PhantomForce,Outrage|||F|||50|,,,,,Dragon
|showteam|p2|Incineroar||SafetyGoggles|Intimidate|WillOWisp,FakeOut,Taunt,KnockOff|||F|||50|,,,,,Ghost]Volcarona||CovertCloak|FlameBody|QuiverDance,FieryDance,GigaDrain,Protect|||F|||50|,,,,,Fairy]Ninetales-Alola||FocusSash|SnowWarning|Blizzard,FreezeDry,IcyWind,AuroraVeil|||M|||50|,,,,,Ghost]Ursaluna-Bloodmoon||AssaultVest|MindsEye|BloodMoon,EarthPower,HyperVoice,VacuumWave|||M|||50|,,,,,Ghost]Indeedee-F||RockyHelmet|PsychicSurge|TrickRoom,FollowMe,DazzlingGleam,HelpingHand|||F|||50|,,,,,Grass]Sneasler||PsychicSeed|Unburden|CloseCombat,DireClaw,Protect,ThroatChop|||M|||50|,,,,,Stellar
|inactive|Battle timer is ON: inactive players will automatically lose when time's up. (requested by LastHorzion)
|inactive|LastHorzion has 60 seconds left.
|
|t:|1757126851
|teamsize|p1|4
|teamsize|p2|4
|start
|switch|p1a: Electabuzz|Electabuzz, L50, M|100/100
|switch|p1b: Ursaluna|Ursaluna-Bloodmoon, L50, M|100/100
|switch|p2a: Sneasler|Sneasler, L50, M|100/100
|switch|p2b: Ursaluna|Ursaluna-Bloodmoon, L50, M|100/100
|turn|1
|
|t:|1757126872
|move|p2a: Sneasler|Protect|p2a: Sneasler
|-singleturn|p2a: Sneasler|Protect
|move|p1a: Electabuzz|Follow Me|p1a: Electabuzz
|-singleturn|p1a: Electabuzz|move: Follow Me
|move|p1b: Ursaluna|Hyper Voice|p2b: Ursaluna|[spread] p2b
|-activate|p2a: Sneasler|move: Protect
|-damage|p2b: Ursaluna|63/100
|-damage|p1b: Ursaluna|91/100|[from] item: Life Orb
|move|p2b: Ursaluna|Earth Power|p1a: Electabuzz
|-supereffective|p1a: Electabuzz
|-damage|p1a: Electabuzz|16/100
|
|upkeep
|turn|2
|
|t:|1757126891
|switch|p2a: Ninetales|Ninetales-Alola, L50, M, shiny|100/100
|-weather|Snowscape|[from] ability: Snow Warning|[of] p2a: Ninetales
|move|p1a: Electabuzz|Follow Me|p1a: Electabuzz
|-singleturn|p1a: Electabuzz|move: Follow Me
|move|p1b: Ursaluna|Blood Moon|p2b: Ursaluna
|-damage|p2b: Ursaluna|0 fnt
|faint|p2b: Ursaluna
|-damage|p1b: Ursaluna|81/100|[from] item: Life Orb
|
|-weather|Snowscape|[upkeep]
|upkeep
|
|t:|1757126902
|switch|p2b: Volcarona|Volcarona, L50, F, shiny|100/100
|turn|3
|
|t:|1757126926
|move|p1b: Ursaluna|Protect|p1b: Ursaluna
|-singleturn|p1b: Ursaluna|Protect
|move|p2a: Ninetales|Blizzard|p1b: Ursaluna|[spread] p1a
|-activate|p1b: Ursaluna|move: Protect
|-damage|p1a: Electabuzz|0 fnt
|faint|p1a: Electabuzz
|move|p2b: Volcarona|Quiver Dance|p2b: Volcarona
|-boost|p2b: Volcarona|spa|1
|-boost|p2b: Volcarona|spd|1
|-boost|p2b: Volcarona|spe|1
|
|-weather|Snowscape|[upkeep]
|upkeep
|inactive|LastHorzion has 30 seconds left.
|inactive|LastHorzion has 20 seconds left.
|inactive|LastHorzion has 15 seconds left.
|
|t:|1757126969
|switch|p1a: Sneasler|Sneasler, L50, F|100/100
|turn|4
|
|t:|1757126993
|-terastallize|p1b: Ursaluna|Normal
|move|p2b: Volcarona|Protect|p2b: Volcarona
|-singleturn|p2b: Volcarona|Protect
|move|p2a: Ninetales|Aurora Veil|p2a: Ninetales
|-sidestart|p2: gostzin|move: Aurora Veil
|move|p1a: Sneasler|Dire Claw|p2a: Ninetales
|-supereffective|p2a: Ninetales
|-damage|p2a: Ninetales|52/100
|-status|p2a: Ninetales|par
|move|p1b: Ursaluna|Blood Moon|p2b: Volcarona
|-activate|p2b: Volcarona|move: Protect
|
|-weather|Snowscape|[upkeep]
|upkeep
|turn|5
|
|t:|1757127011
|move|p2b: Volcarona|Fiery Dance|p1a: Sneasler
|-damage|p1a: Sneasler|29/100
|move|p1a: Sneasler|Dire Claw|p2b: Volcarona
|-damage|p2b: Volcarona|59/100
|move|p1b: Ursaluna|Hyper Voice|p2a: Ninetales|[spread] p2a,p2b
|-damage|p2a: Ninetales|0 fnt
|-damage|p2b: Volcarona|33/100
|faint|p2a: Ninetales
|-damage|p1b: Ursaluna|72/100|[from] item: Life Orb
|
|-weather|Snowscape|[upkeep]
|upkeep
|
|t:|1757127021
|switch|p2a: Sneasler|Sneasler, L50, M|100/100
|turn|6
|
|t:|1757127033
|move|p1a: Sneasler|Protect|p1a: Sneasler
|-singleturn|p1a: Sneasler|Protect
|move|p1b: Ursaluna|Protect|p1b: Ursaluna
|-singleturn|p1b: Ursaluna|Protect
|move|p2b: Volcarona|Fiery Dance|p1a: Sneasler
|-activate|p1a: Sneasler|move: Protect
|move|p2a: Sneasler|Close Combat|p1b: Ursaluna
|-activate|p1b: Ursaluna|move: Protect
|
|-weather|none
|upkeep
|turn|7
|
|t:|1757127050
|switch|p1b: Indeedee|Indeedee, L50, M|100/100
|-fieldstart|move: Psychic Terrain|[from] ability: Psychic Surge|[of] p1b: Indeedee
|-enditem|p1a: Sneasler|Psychic Seed
|-boost|p1a: Sneasler|spd|1|[from] item: Psychic Seed
|-enditem|p2a: Sneasler|Psychic Seed
|-boost|p2a: Sneasler|spd|1|[from] item: Psychic Seed
|move|p1a: Sneasler|Dire Claw|p2b: Volcarona
|-damage|p2b: Volcarona|0 fnt
|-status|p1a: Sneasler|brn|[from] ability: Flame Body|[of] p2b: Volcarona
|faint|p2b: Volcarona
|move|p2a: Sneasler|Close Combat|p1b: Indeedee
|-crit|p1b: Indeedee
|-enditem|p1b: Indeedee|Focus Sash
|-damage|p1b: Indeedee|1/100
|-unboost|p2a: Sneasler|def|1
|-unboost|p2a: Sneasler|spd|1
|
|-damage|p1a: Sneasler|23/100 brn|[from] brn
|upkeep
|turn|8
|inactive|LastHorzion has 30 seconds left.
|
|t:|1757127075
|move|p1b: Indeedee|Protect|p1b: Indeedee
|-singleturn|p1b: Indeedee|Protect
|move|p2a: Sneasler|Dire Claw|p1b: Indeedee
|-activate|p1b: Indeedee|move: Protect
|move|p1a: Sneasler|Dire Claw|p2a: Sneasler
|-resisted|p2a: Sneasler
|-damage|p2a: Sneasler|82/100
|-status|p2a: Sneasler|par
|
|-damage|p1a: Sneasler|17/100 brn|[from] brn
|-sideend|p2: gostzin|move: Aurora Veil
|upkeep
|turn|9
|
|t:|1757127088
|move|p1a: Sneasler|Close Combat|p2a: Sneasler
|-resisted|p2a: Sneasler
|-damage|p2a: Sneasler|38/100 par
|-unboost|p1a: Sneasler|def|1
|-unboost|p1a: Sneasler|spd|1
|move|p2a: Sneasler|Dire Claw|p1b: Indeedee
|-damage|p1b: Indeedee|0 fnt
|faint|p1b: Indeedee
|
|-damage|p1a: Sneasler|11/100 brn|[from] brn
|upkeep
|
|t:|1757127098
|switch|p1b: Ursaluna|Ursaluna-Bloodmoon, L50, M, tera:Normal|72/100
|turn|10
|
|t:|1757127107
|move|p2a: Sneasler|Protect|p2a: Sneasler
|-singleturn|p2a: Sneasler|Protect
|move|p1a: Sneasler|Close Combat|p2a: Sneasler
|-activate|p2a: Sneasler|move: Protect
|move|p1b: Ursaluna|Blood Moon|p2a: Sneasler
|-activate|p2a: Sneasler|move: Protect
|
|-damage|p1a: Sneasler|6/100 brn|[from] brn
|upkeep
|turn|11
|
|t:|1757127117
|move|p2a: Sneasler|Protect||[still]
|-fail|p2a: Sneasler
|move|p1a: Sneasler|Close Combat|p2a: Sneasler
|-resisted|p2a: Sneasler
|-damage|p2a: Sneasler|0 fnt
|-unboost|p1a: Sneasler|def|1
|-unboost|p1a: Sneasler|spd|1
|faint|p2a: Sneasler
|
|win|LastHorzion
||gostzin is ready for game 2.
||LastHorzion is ready for game 2.
|uhtml|next|Next: Game 2 of 3
