|j|☆lightjkookie
|j|☆FatherPenguin
|html|lightjkookieFatherPenguin    
|uhtml|bestof|Game 3 of a best-of-3
|t:|1785443964
|gametype|doubles
|player|p1|lightjkookie|brycen|1119
|player|p2|FatherPenguin|acetrainersnow|1166
|gen|9
|tier|[Gen 9 Champions] VGC 2026 Reg M-B (Bo3)
|rated|
|rule|Species Clause: Limit one of each Pokémon
|rule|Item Clause: Limit 1 of each item
|clearpoke
|poke|p1|Gardevoir, L50, F, shiny|
|poke|p1|Gallade, L50, M, shiny|
|poke|p1|Incineroar, L50, M|
|poke|p1|Garchomp, L50, F|
|poke|p1|Sinistcha, L50|
|poke|p1|Aerodactyl, L50, M|
|poke|p2|Staraptor, L50, M|
|poke|p2|Glimmora, L50, M|
|poke|p2|Whimsicott, L50, M|
|poke|p2|Kingambit, L50, F|
|poke|p2|Garchomp, L50, F|
|poke|p2|Delphox, L50, M|
|teampreview|4
|showteam|p1|Gardevoir||Gardevoirite|Telepathy|ShadowBall,Psyshock,HyperVoice,Protect|Modest||F|||50|]Gallade||Galladite|Sharpness|Protect,CloseCombat,PoisonJab,KnockOff|Jolly||M|||50|]Incineroar||ShucaBerry|Intimidate|FakeOut,FlareBlitz,HelpingHand,PartingShot|Careful||M|||50|]Garchomp||LifeOrb|RoughSkin|Protect,RockSlide,Earthquake,DragonClaw|Jolly||F|||50|]Sinistcha||SitrusBerry|Hospitality|MatchaGotcha,TrickRoom,LifeDew,RagePowder|Calm|||||50|]Aerodactyl||FocusSash|Unnerve|Protect,WideGuard,DualWingbeat,Tailwind|Jolly||M|||50|
|showteam|p2|Staraptor||Staraptite|Intimidate|CloseCombat,BraveBird,Roost,Protect|Jolly||M|||50|]Glimmora||FocusSash|ToxicDebris|PowerGem,SludgeBomb,EarthPower,SpikyShield|Modest||M|||50|]Whimsicott||OccaBerry|Prankster|Tailwind,Moonblast,Charm,LightScreen|Timid||M|||50|]Kingambit||ChopleBerry|Defiant|KowtowCleave,IronHead,LowKick,SuckerPunch|Adamant||F|||50|]Garchomp||LifeOrb|RoughSkin|Earthquake,DragonClaw,RockSlide,Protect|Jolly||F|||50|]Delphox||Delphoxite|Blaze|HeatWave,Psychic,Substitute,Protect|Timid||M|||50|
|inactive|Battle timer is ON: inactive players will automatically lose when time's up. (requested by lightjkookie)
|inactive|FatherPenguin has 60 seconds left.
|inactive|FatherPenguin has 30 seconds left.
|inactive|FatherPenguin has 20 seconds left.
|inactive|FatherPenguin has 15 seconds left.
|
|t:|1785444042
|teamsize|p1|4
|teamsize|p2|4
|start
|switch|p1a: Aerodactyl|Aerodactyl, L50, M|100/100
|switch|p1b: Gallade|Gallade, L50, M, shiny|100/100
|switch|p2a: Whimsicott|Whimsicott, L50, M|100/100
|switch|p2b: Kingambit|Kingambit, L50, F|100/100
|-ability|p1a: Aerodactyl|Unnerve
|turn|1
|inactive|FatherPenguin has 30 seconds left.
|
|t:|1785444070
|detailschange|p1b: Gallade|Gallade-Mega, L50, M, shiny
|-mega|p1b: Gallade|Gallade|Galladite
|move|p1a: Aerodactyl|Tailwind|p1a: Aerodactyl
|-sidestart|p1: lightjkookie|move: Tailwind
|move|p1b: Gallade|Close Combat|p2b: Kingambit
|-supereffective|p2b: Kingambit|2
|-damage|p2b: Kingambit|0 fnt
|-unboost|p1b: Gallade|def|1
|-unboost|p1b: Gallade|spd|1
|faint|p2b: Kingambit
|move|p2a: Whimsicott|Moonblast|p1b: Gallade
|-supereffective|p1b: Gallade|1
|-damage|p1b: Gallade|7/100
|
|upkeep
|
|t:|1785444088
|switch|p2b: Garchomp|Garchomp, L50, F|100/100
|turn|2
|
|t:|1785444102
|switch|p1b: Incineroar|Incineroar, L50, M|100/100
|-ability|p1b: Incineroar|Intimidate|boost
|-unboost|p2a: Whimsicott|atk|1
|-unboost|p2b: Garchomp|atk|1
|move|p2a: Whimsicott|Tailwind|p2a: Whimsicott
|-sidestart|p2: FatherPenguin|move: Tailwind
|move|p1a: Aerodactyl|Dual Wingbeat|p2a: Whimsicott
|-supereffective|p2a: Whimsicott|1
|-damage|p2a: Whimsicott|66/100
|-supereffective|p2a: Whimsicott|1
|-damage|p2a: Whimsicott|33/100
|-hitcount|p2a: Whimsicott|2
|move|p2b: Garchomp|Rock Slide|p1b: Incineroar|[spread] p1a,p1b
|-supereffective|p1a: Aerodactyl|1
|-supereffective|p1b: Incineroar|1
|-damage|p1a: Aerodactyl|43/100
|-damage|p1b: Incineroar|71/100
|-damage|p2b: Garchomp|90/100|[from] item: Life Orb
|
|upkeep
|turn|3
|inactive|lightjkookie has 30 seconds left.
|inactive|FatherPenguin has 30 seconds left.
|inactive|lightjkookie has 20 seconds left.
|inactive|lightjkookie has 15 seconds left.
|inactive|lightjkookie has 10 seconds left.
|inactive|lightjkookie has 5 seconds left.
|
|t:|1785444152
|switch|p2a: Staraptor|Staraptor, L50, M|100/100
|-ability|p2a: Staraptor|Intimidate|boost
|-unboost|p1a: Aerodactyl|atk|1
|-unboost|p1b: Incineroar|atk|1
|move|p1a: Aerodactyl|Wide Guard|p1a: Aerodactyl
|-singleturn|p1a: Aerodactyl|Wide Guard
|move|p2b: Garchomp|Rock Slide|p1a: Aerodactyl|[spread] 
|-activate|p1a: Aerodactyl|move: Wide Guard
|-activate|p1b: Incineroar|move: Wide Guard
|move|p1b: Incineroar|Parting Shot|p2b: Garchomp
|-unboost|p2b: Garchomp|atk|1
|-unboost|p2b: Garchomp|spa|1
|
|t:|1785444176
|switch|p1b: Garchomp|Garchomp, L50, F|100/100|[from] Parting Shot
|
|upkeep
|turn|4
|
|t:|1785444199
|detailschange|p2a: Staraptor|Staraptor-Mega, L50, M
|-mega|p2a: Staraptor|Staraptor|Staraptite
|move|p2b: Garchomp|Protect|p2b: Garchomp
|-singleturn|p2b: Garchomp|Protect
|move|p1a: Aerodactyl|Dual Wingbeat|p2a: Staraptor|[miss]
|-miss|p1a: Aerodactyl|p2a: Staraptor
|move|p2a: Staraptor|Close Combat|p1a: Aerodactyl
|-damage|p1a: Aerodactyl|0 fnt
|-boost|p2a: Staraptor|def|1
|-boost|p2a: Staraptor|spd|1
|faint|p1a: Aerodactyl
|move|p1b: Garchomp|Dragon Claw|p2b: Garchomp
|-activate|p2b: Garchomp|move: Protect
|
|-sideend|p1: lightjkookie|move: Tailwind
|upkeep
|
|t:|1785444208
|switch|p1a: Gallade|Gallade-Mega, L50, M, shiny|7/100
|turn|5
|inactive|FatherPenguin has 30 seconds left.
|
|t:|1785444236
|move|p1a: Gallade|Protect|p1a: Gallade
|-singleturn|p1a: Gallade|Protect
|move|p1b: Garchomp|Protect|p1b: Garchomp
|-singleturn|p1b: Garchomp|Protect
|move|p2a: Staraptor|Close Combat|p1a: Gallade
|-activate|p1a: Gallade|move: Protect
|move|p2b: Garchomp|Dragon Claw|p1b: Garchomp
|-activate|p1b: Garchomp|move: Protect
|
|-sideend|p2: FatherPenguin|move: Tailwind
|upkeep
|turn|6
|inactive|lightjkookie has 30 seconds left.
|
|t:|1785444263
|switch|p2b: Whimsicott|Whimsicott, L50, M|33/100
|move|p2a: Staraptor|Protect|p2a: Staraptor
|-singleturn|p2a: Staraptor|Protect
|move|p1a: Gallade|Poison Jab|p2a: Staraptor
|-activate|p2a: Staraptor|move: Protect
|move|p1b: Garchomp|Dragon Claw|p2b: Whimsicott
|-immune|p2b: Whimsicott
|
|upkeep
|turn|7
|
|t:|1785444281
|move|p2b: Whimsicott|Tailwind|p2b: Whimsicott
|-sidestart|p2: FatherPenguin|move: Tailwind
|move|p2a: Staraptor|Close Combat|p1a: Gallade
|-resisted|p1a: Gallade|1
|-damage|p1a: Gallade|0 fnt
|-boost|p2a: Staraptor|def|1
|-boost|p2a: Staraptor|spd|1
|faint|p1a: Gallade
|move|p1b: Garchomp|Dragon Claw|p2a: Staraptor
|-damage|p2a: Staraptor|75/100
|-damage|p1b: Garchomp|90/100|[from] item: Life Orb
|
|upkeep
|-message|lightjkookie forfeited.
|
|win|FatherPenguin
|raw|lightjkookie's rating: 1119 → 1097(-22 for losing)
|raw|FatherPenguin's rating: 1166 → 1188(+22 for winning)
|l|☆lightjkookie
|player|p1|
