|j|☆Manitarenios ht
|j|☆yonis37
|html|Manitarenios htyonis37    
|uhtml|bestof|Game 1 of a best-of-3
|t:|1757784198
|gametype|doubles
|player|p1|Manitarenios ht|101|
|player|p2|yonis37|1|
|gen|9
|tier|[Gen 9] VGC 2025 Reg H (Bo3)
|rule|Species Clause: Limit one of each Pokémon
|rule|Item Clause: Limit 1 of each item
|clearpoke
|poke|p1|Toedscruel, L50, M|
|poke|p1|Weezing-Galar, L50, F|
|poke|p1|Corviknight, L50, F|
|poke|p1|Pawmot, L50, F|
|poke|p1|Garchomp, L50, F|
|poke|p1|Typhlosion-Hisui, L50, F|
|poke|p2|Archaludon, L50, M|
|poke|p2|Rillaboom, L50, F|
|poke|p2|Basculegion, L50, M|
|poke|p2|Kingambit, L50, M|
|poke|p2|Pelipper, L50, M|
|poke|p2|Electabuzz, L50, M|
|teampreview|4
|showteam|p1|Toedscruel||CovertCloak|MyceliumMight|Spore,EarthPower,AcidSpray,RagePowder|||M|||50|,,,,,Water]Weezing-Galar||ChoiceSpecs|NeutralizingGas|DazzlingGleam,SludgeBomb,StrangeSteam,Flamethrower|||F|||50|,,,,,Fire]Corviknight||SitrusBerry|MirrorArmor|Protect,Tailwind,Roost,BraveBird|||F|||50|,,,,,Dragon]Pawmot||FocusSash|NaturalCure|Protect,CloseCombat,DoubleShock,FakeOut|||F|||50|,,,,,Electric]Garchomp||LifeOrb|RoughSkin|Protect,Earthquake,DragonClaw,StompingTantrum|||F|||50|,,,,,Ground]Typhlosion-Hisui||ChoiceScarf|Blaze|Eruption,SleepTalk,HeatWave,ShadowBall|||F|||50|,,,,,Fire
|showteam|p2|Archaludon||AssaultVest|Stamina|ElectroShot,DracoMeteor,FlashCannon,BodyPress|||M|||50|,,,,,Fairy]Rillaboom||GrassySeed|GrassySurge|WoodHammer,GrassyGlide,FakeOut,HighHorsepower|||F|||50|,,,,,Fire]Basculegion||ChoiceBand|SwiftSwim|WaveCrash,LastRespects,FlipTurn,AquaJet|||M|||50|,,,,,Grass]Kingambit||BlackGlasses|Defiant|KowtowCleave,SuckerPunch,SwordsDance,Protect|||M|||50|,,,,,Dark]Pelipper||FocusSash|Drizzle|WeatherBall,Hurricane,Tailwind,Protect|||M|||50|,,,,,Ghost]Electabuzz||Eviolite|VitalSpirit|Electroweb,Taunt,FollowMe,Protect|||M|||50|,,,,,Ghost
|inactive|Battle timer is ON: inactive players will automatically lose when time's up. (requested by Manitarenios ht)
|inactive|Manitarenios ht has 60 seconds left.
|
|t:|1757784286
|teamsize|p1|4
|teamsize|p2|4
|start
|switch|p1a: Weezing|Weezing-Galar, L50, F|100/100
|switch|p1b: Toedscruel|Toedscruel, L50, M|100/100
|switch|p2a: Electabuzz|Electabuzz, L50, M|100/100
|switch|p2b: Kingambit|Kingambit, L50, M|100/100
|-ability|p1a: Weezing|Neutralizing Gas
|turn|1
|inactive|yonis37 has 30 seconds left.
|
|t:|1757784319
|-end|p1a: Weezing|ability: Neutralizing Gas
|switch|p1a: Typhlosion|Typhlosion-Hisui, L50, F|100/100
|-terastallize|p2b: Kingambit|Dark
|move|p1b: Toedscruel|Spore|p2b: Kingambit
|-status|p2b: Kingambit|slp|[from] move: Spore
|move|p2a: Electabuzz|Taunt|p1b: Toedscruel
|-start|p1b: Toedscruel|move: Taunt
|cant|p2b: Kingambit|slp
|
|upkeep
|turn|2
|inactive|Manitarenios ht has 30 seconds left.
|inactive|yonis37 has 30 seconds left.
|inactive|yonis37 has 20 seconds left.
|
|t:|1757784357
|switch|p2b: Pelipper|Pelipper, L50, M|100/100
|-weather|RainDance|[from] ability: Drizzle|[of] p2b: Pelipper
|-terastallize|p1a: Typhlosion|Fire
|move|p1a: Typhlosion|Eruption|p2b: Pelipper|[spread] p2a,p2b
|-resisted|p2b: Pelipper
|-damage|p2a: Electabuzz|68/100
|-damage|p2b: Pelipper|64/100
|move|p1b: Toedscruel|Acid Spray|p2a: Electabuzz
|-damage|p2a: Electabuzz|61/100
|-unboost|p2a: Electabuzz|spd|2
|move|p2a: Electabuzz|Electroweb|p1b: Toedscruel|[spread] p1a
|-immune|p1b: Toedscruel
|-damage|p1a: Typhlosion|84/100
|-unboost|p1a: Typhlosion|spe|1
|
|-weather|RainDance|[upkeep]
|upkeep
|turn|3
|inactive|Manitarenios ht has 30 seconds left.
|inactive|yonis37 has 30 seconds left.
|inactive|Manitarenios ht has 20 seconds left.
|inactive|Manitarenios ht has 15 seconds left.
|
|t:|1757784399
|switch|p1b: Weezing|Weezing-Galar, L50, F|100/100
|-ability|p1b: Weezing|Neutralizing Gas
|switch|p1a: Pawmot|Pawmot, L50, F|100/100
|move|p2a: Electabuzz|Protect|p2a: Electabuzz
|-singleturn|p2a: Electabuzz|Protect
|move|p2b: Pelipper|Weather Ball|p1a: Pawmot
|-enditem|p1a: Pawmot|Focus Sash
|-damage|p1a: Pawmot|1/100
|
|-weather|RainDance|[upkeep]
|upkeep
|turn|4
|inactive|yonis37 has 30 seconds left.
|
|t:|1757784429
|switch|p2b: Archaludon|Archaludon, L50, M|100/100
|move|p1a: Pawmot|Double Shock|p2b: Archaludon
|-resisted|p2b: Archaludon
|-damage|p2b: Archaludon|80/100
|-start|p1a: Pawmot|typechange|???/Fighting|[from] move: Double Shock
|move|p2a: Electabuzz|Electroweb|p1b: Weezing|[spread] p1a,p1b
|-damage|p1a: Pawmot|0 fnt
|-damage|p1b: Weezing|83/100
|-unboost|p1b: Weezing|spe|1
|faint|p1a: Pawmot
|move|p1b: Weezing|Dazzling Gleam|p2a: Electabuzz|[spread] p2a,p2b
|-damage|p2a: Electabuzz|3/100
|-damage|p2b: Archaludon|52/100
|
|-weather|RainDance|[upkeep]
|upkeep
|
|t:|1757784443
|switch|p1a: Typhlosion|Typhlosion-Hisui, L50, F, tera:Fire|84/100
|turn|5
|
|t:|1757784459
|move|p2a: Electabuzz|Protect|p2a: Electabuzz
|-singleturn|p2a: Electabuzz|Protect
|move|p1a: Typhlosion|Shadow Ball|p2b: Archaludon
|-damage|p2b: Archaludon|19/100
|move|p2b: Archaludon|Electro Shot||[still]
|-prepare|p2b: Archaludon|Electro Shot
|-boost|p2b: Archaludon|spa|1
|-anim|p2b: Archaludon|Electro Shot|p1b: Weezing
|-damage|p1b: Weezing|8/100
|move|p1b: Weezing|Dazzling Gleam|p2b: Archaludon|[spread] p2b
|-activate|p2a: Electabuzz|move: Protect
|-damage|p2b: Archaludon|0 fnt
|faint|p2b: Archaludon
|
|-weather|RainDance|[upkeep]
|upkeep
|
|t:|1757784475
|switch|p2b: Kingambit|Kingambit, L50, M, tera:Dark|100/100 slp
|turn|6
|
|t:|1757784488
|move|p2a: Electabuzz|Follow Me|p2a: Electabuzz
|-singleturn|p2a: Electabuzz|move: Follow Me
|-curestatus|p2b: Kingambit|slp|[msg]
|move|p2b: Kingambit|Sucker Punch|p1b: Weezing
|-resisted|p1b: Weezing
|-damage|p1b: Weezing|0 fnt
|faint|p1b: Weezing
|-end|p1b: Weezing|ability: Neutralizing Gas
|move|p1a: Typhlosion|Shadow Ball|p2a: Electabuzz
|-damage|p2a: Electabuzz|0 fnt
|faint|p2a: Electabuzz
|
|-weather|none
|upkeep
|
|t:|1757784499
|switch|p2a: Pelipper|Pelipper, L50, M|64/100
|switch|p1b: Toedscruel|Toedscruel, L50, M|100/100
|-weather|RainDance|[from] ability: Drizzle|[of] p2a: Pelipper
|turn|7
|
|t:|1757784514
|move|p1a: Typhlosion|Shadow Ball|p2b: Kingambit
|-resisted|p2b: Kingambit
|-damage|p2b: Kingambit|81/100
|move|p2a: Pelipper|Tailwind|p2a: Pelipper
|-sidestart|p2: yonis37|move: Tailwind
|move|p2b: Kingambit|Swords Dance|p2b: Kingambit
|-boost|p2b: Kingambit|atk|2
|move|p1b: Toedscruel|Spore|p2a: Pelipper
|-status|p2a: Pelipper|slp|[from] move: Spore
|
|-weather|RainDance|[upkeep]
|upkeep
|turn|8
|
|t:|1757784532
|cant|p2a: Pelipper|slp
|move|p1a: Typhlosion|Shadow Ball|p2a: Pelipper
|-damage|p2a: Pelipper|0 fnt
|faint|p2a: Pelipper
|move|p2b: Kingambit|Kowtow Cleave|p1b: Toedscruel
|-damage|p1b: Toedscruel|0 fnt
|faint|p1b: Toedscruel
|
|-weather|RainDance|[upkeep]
|upkeep
|turn|9
|
|t:|1757784545
|move|p1a: Typhlosion|Shadow Ball|p2b: Kingambit
|-resisted|p2b: Kingambit
|-damage|p2b: Kingambit|59/100
|move|p2b: Kingambit|Kowtow Cleave|p1a: Typhlosion
|-damage|p1a: Typhlosion|0 fnt
|faint|p1a: Typhlosion
|
|win|yonis37
||Manitarenios ht is ready for game 2.
|inactive|yonis37 has 30 seconds to confirm battle start!
||yonis37 is ready for game 2.
|uhtml|next|Next: Game 2 of 3
