|j|☆VOVOMAXBEN10
|j|☆seis sietee
|html|VOVOMAXBEN10seis sietee    
|uhtml|bestof|Game 3 of a best-of-3
|t:|1783370417
|gametype|doubles
|player|p1|VOVOMAXBEN10|wattson|1387
|player|p2|seis sietee|266|1401
|gen|9
|tier|[Gen 9 Champions] VGC 2026 Reg M-B (Bo3)
|rated|
|rule|Species Clause: Limit one of each Pokémon
|rule|Item Clause: Limit 1 of each item
|clearpoke
|poke|p1|Sinistcha, L50|
|poke|p1|Incineroar, L50, M|
|poke|p1|Milotic, L50, M|
|poke|p1|Raichu, L50, F|
|poke|p1|Floette-Eternal, L50, F|
|poke|p1|Ceruledge, L50, F|
|poke|p2|Aerodactyl, L50, M|
|poke|p2|Charizard, L50, M|
|poke|p2|Kingambit, L50, F|
|poke|p2|Sylveon, L50, F|
|poke|p2|Farigiraf, L50, F|
|poke|p2|Garchomp, L50, F|
|teampreview|4
|showteam|p1|Sinistcha||KasibBerry|Hospitality|MatchaGotcha,LifeDew,RagePowder,Protect|Relaxed|||||50|]Incineroar||SitrusBerry|Intimidate|FlareBlitz,ThroatChop,FakeOut,PartingShot|Impish||M|||50|]Milotic||Leftovers|Competitive|MuddyWater,Coil,Hypnosis,Recover|Calm||M|||50|]Raichu||RaichuniteY|LightningRod|ZapCannon,FocusBlast,FakeOut,Protect|Timid||F|||50|]Floette-Eternal||Floettite|FlowerVeil|DazzlingGleam,DrainingKiss,CalmMind,Protect|Timid||F|||50|]Ceruledge||ColburBerry|FlashFire|BitterBlade,ShadowSneak,BulkUp,Protect|Adamant||F|||50|
|showteam|p2|Aerodactyl||Aerodactylite|Unnerve|RockSlide,DualWingbeat,Tailwind,IceFang|Jolly||M|||50|]Charizard||CharizarditeY|Blaze|HeatWave,WeatherBall,SolarBeam,Protect|Modest||M|||50|]Kingambit||FocusSash|Defiant|KowtowCleave,SuckerPunch,LowKick,IronHead|Adamant||F|||50|]Sylveon||FairyFeather|Pixilate|HyperVoice,HyperBeam,QuickAttack,Protect|Modest||F|||50|]Farigiraf||SitrusBerry|ArmorTail|TwinBeam,Thunderbolt,TrickRoom,Roar|Bold||F|||50|]Garchomp||LifeOrb|RoughSkin|DragonClaw,StompingTantrum,Earthquake,Protect|Jolly||F|||50|
|
|t:|1783370442
|teamsize|p1|4
|teamsize|p2|4
|start
|switch|p1a: Floette|Floette-Eternal, L50, F|100/100
|switch|p1b: Milotic|Milotic, L50, M|100/100
|switch|p2a: Aerodactyl|Aerodactyl, L50, M|100/100
|switch|p2b: Kingambit|Kingambit, L50, F|100/100
|-ability|p2a: Aerodactyl|Unnerve
|turn|1
|
|t:|1783370454
|detailschange|p2a: Aerodactyl|Aerodactyl-Mega, L50, M
|-mega|p2a: Aerodactyl|Aerodactyl|Aerodactylite
|detailschange|p1a: Floette|Floette-Mega, L50, F
|-mega|p1a: Floette|Floette|Floettite
|-ability|p1a: Floette|Fairy Aura
|move|p2a: Aerodactyl|Rock Slide|p1a: Floette|[spread] p1a,p1b
|-damage|p1a: Floette|68/100
|-damage|p1b: Milotic|74/100
|move|p1a: Floette|Dazzling Gleam|p2b: Kingambit|[spread] p2a,p2b
|-damage|p2a: Aerodactyl|53/100
|-damage|p2b: Kingambit|55/100
|move|p1b: Milotic|Coil|p1b: Milotic
|-boost|p1b: Milotic|atk|1
|-boost|p1b: Milotic|def|1
|-boost|p1b: Milotic|accuracy|1
|move|p2b: Kingambit|Kowtow Cleave|p1b: Milotic
|-damage|p1b: Milotic|47/100
|
|-heal|p1b: Milotic|52/100|[from] item: Leftovers
|upkeep
|turn|2
|
|t:|1783370479
|switch|p1a: Sinistcha|Sinistcha, L50|100/100
|-heal|p1b: Milotic|77/100|[from] ability: Hospitality|[of] p1a: Sinistcha
|move|p2a: Aerodactyl|Tailwind|p2a: Aerodactyl
|-sidestart|p2: seis sietee|move: Tailwind
|move|p2b: Kingambit|Iron Head|p1a: Sinistcha
|-damage|p1a: Sinistcha|62/100
|move|p1b: Milotic|Coil|p1b: Milotic
|-boost|p1b: Milotic|atk|1
|-boost|p1b: Milotic|def|1
|-boost|p1b: Milotic|accuracy|1
|
|-heal|p1b: Milotic|83/100|[from] item: Leftovers
|upkeep
|turn|3
|
|t:|1783370494
|move|p1a: Sinistcha|Protect|p1a: Sinistcha
|-singleturn|p1a: Sinistcha|Protect
|move|p2a: Aerodactyl|Dual Wingbeat|p1a: Sinistcha
|-activate|p1a: Sinistcha|move: Protect
|move|p2b: Kingambit|Kowtow Cleave|p1b: Milotic
|-damage|p1b: Milotic|62/100
|move|p1b: Milotic|Hypnosis|p2b: Kingambit
|-status|p2b: Kingambit|slp|[from] move: Hypnosis
|
|-heal|p1b: Milotic|68/100|[from] item: Leftovers
|upkeep
|turn|4
|
|t:|1783370505
|switch|p1a: Incineroar|Incineroar, L50, M|100/100
|-ability|p1a: Incineroar|Intimidate|boost
|-unboost|p2a: Aerodactyl|atk|1
|-unboost|p2b: Kingambit|atk|1
|-ability|p2b: Kingambit|Defiant|boost
|-boost|p2b: Kingambit|atk|2
|move|p2a: Aerodactyl|Rock Slide|p1b: Milotic|[spread] p1a,p1b
|-supereffective|p1a: Incineroar|1
|-damage|p1a: Incineroar|69/100
|-damage|p1b: Milotic|59/100
|cant|p2b: Kingambit|slp
|cant|p1b: Milotic|flinch
|
|-heal|p1b: Milotic|65/100|[from] item: Leftovers
|upkeep
|turn|5
|
|t:|1783370530
|switch|p2a: Charizard|Charizard, L50, M|100/100
|cant|p2b: Kingambit|slp
|move|p1b: Milotic|Muddy Water|p2b: Kingambit|[spread] p2a,p2b
|-supereffective|p2a: Charizard|1
|-damage|p2a: Charizard|34/100
|-damage|p2b: Kingambit|31/100 slp
|-unboost|p2b: Kingambit|accuracy|1
|-ability|p2b: Kingambit|Defiant|boost
|-boost|p2b: Kingambit|atk|2
|move|p1a: Incineroar|Flare Blitz|p2b: Kingambit
|-supereffective|p2b: Kingambit|1
|-damage|p2b: Kingambit|0 fnt
|faint|p2b: Kingambit
|-damage|p1a: Incineroar|59/100|[from] Recoil
|
|-heal|p1b: Milotic|71/100|[from] item: Leftovers
|-sideend|p2: seis sietee|move: Tailwind
|upkeep
|
|t:|1783370538
|switch|p2b: Aerodactyl|Aerodactyl-Mega, L50, M|53/100
|turn|6
|
|t:|1783370549
|switch|p1a: Sinistcha|Sinistcha, L50|62/100
|-heal|p1b: Milotic|96/100|[from] ability: Hospitality|[of] p1a: Sinistcha
|move|p2b: Aerodactyl|Tailwind|p2b: Aerodactyl
|-sidestart|p2: seis sietee|move: Tailwind
|move|p2a: Charizard|Heat Wave|p1a: Sinistcha|[spread] p1a,p1b
|-supereffective|p1a: Sinistcha|1
|-resisted|p1b: Milotic|1
|-damage|p1a: Sinistcha|0 fnt
|-damage|p1b: Milotic|84/100
|faint|p1a: Sinistcha
|move|p1b: Milotic|Muddy Water|p2a: Charizard|[spread] p2a,p2b
|-supereffective|p2a: Charizard|1
|-supereffective|p2b: Aerodactyl|1
|-damage|p2a: Charizard|0 fnt
|-damage|p2b: Aerodactyl|2/100
|faint|p2a: Charizard
|
|-heal|p1b: Milotic|90/100|[from] item: Leftovers
|upkeep
|c|☆VOVOMAXBEN10|gg
|
|t:|1783370557
|switch|p2a: Sylveon|Sylveon, L50, F|100/100
|switch|p1a: Incineroar|Incineroar, L50, M|59/100
|-ability|p1a: Incineroar|Intimidate|boost
|-unboost|p2a: Sylveon|atk|1
|-unboost|p2b: Aerodactyl|atk|1
|turn|7
|
|t:|1783370568
|move|p1a: Incineroar|Fake Out|p2b: Aerodactyl
|-resisted|p2b: Aerodactyl|1
|-damage|p2b: Aerodactyl|0 fnt
|faint|p2b: Aerodactyl
|move|p2a: Sylveon|Hyper Voice|p1a: Incineroar|[spread] p1a,p1b
|-damage|p1a: Incineroar|16/100
|-damage|p1b: Milotic|60/100
|-enditem|p1a: Incineroar|Sitrus Berry|[eat]
|-heal|p1a: Incineroar|41/100|[from] item: Sitrus Berry
|move|p1b: Milotic|Hypnosis|p2a: Sylveon
|-status|p2a: Sylveon|slp|[from] move: Hypnosis
|
|-heal|p1b: Milotic|66/100|[from] item: Leftovers
|upkeep
|turn|8
|
|t:|1783370576
|cant|p2a: Sylveon|slp
|move|p1b: Milotic|Muddy Water|p2a: Sylveon
|-damage|p2a: Sylveon|78/100 slp
|move|p1a: Incineroar|Flare Blitz|p2a: Sylveon
|-damage|p2a: Sylveon|15/100 slp
|-damage|p1a: Incineroar|20/100y|[from] Recoil
|
|-heal|p1b: Milotic|72/100|[from] item: Leftovers
|upkeep
|turn|9
|
|t:|1783370581
|-curestatus|p2a: Sylveon|slp|[msg]
|move|p2a: Sylveon|Hyper Voice|p1a: Incineroar|[spread] p1a,p1b
|-damage|p1a: Incineroar|0 fnt
|-damage|p1b: Milotic|39/100
|faint|p1a: Incineroar
|move|p1b: Milotic|Muddy Water|p2a: Sylveon
|-damage|p2a: Sylveon|0 fnt
|faint|p2a: Sylveon
|
|win|VOVOMAXBEN10
|raw|VOVOMAXBEN10's rating: 1387 → 1408(+21 for winning)
|raw|seis sietee's rating: 1401 → 1380(-21 for losing)
|l|☆seis sietee
|player|p2|
