|j|☆B South
|j|☆detoxfilms
|html|B Southdetoxfilms    
|uhtml|bestof|Game 2 of a best-of-3
|t:|1757781940
|gametype|doubles
|player|p1|B South|101|1162
|player|p2|detoxfilms|266|1130
|gen|9
|tier|[Gen 9] VGC 2025 Reg H (Bo3)
|rated|
|rule|Species Clause: Limit one of each Pokémon
|rule|Item Clause: Limit 1 of each item
|clearpoke
|poke|p1|Pelipper, L50, F|
|poke|p1|Archaludon, L50, F|
|poke|p1|Basculegion, L50, M|
|poke|p1|Barraskewda, L50, F|
|poke|p1|Maushold, L50|
|poke|p1|Annihilape, L50, M|
|poke|p2|Gothitelle, L50, F|
|poke|p2|Lapras, L50, M|
|poke|p2|Incineroar, L50, F|
|poke|p2|Dondozo, L50, M|
|poke|p2|Tatsugiri, L50, F|
|poke|p2|Dragapult, L50, M|
|teampreview|4
|showteam|p1|Pelipper||ChoiceScarf|Drizzle|Tailwind,WeatherBall,Hurricane,WideGuard|||F|||50|,,,,,Stellar]Archaludon||AssaultVest|Stamina|ElectroShot,BodyPress,DracoMeteor,FlashCannon|||F|||50|,,,,,Bug]Basculegion||MysticWater|SwiftSwim|AquaJet,FlipTurn,WaveCrash,LastRespects|||M|||50|,,,,,Water]Barraskewda||ChoiceBand|PropellerTail|FlipTurn,Liquidation,CloseCombat,AquaJet|||F|||50|,,,,,Fighting]Maushold||SafetyGoggles|FriendGuard|BeatUp,FollowMe,Taunt,Protect||||||50|,,,,,Ghost]Annihilape||Leftovers|Defiant|BulkUp,RageFist,DrainPunch,Protect|||M|||50|,,,,,Grass
|showteam|p2|Gothitelle||SitrusBerry|ShadowTag|FakeOut,Psychic,TrickRoom,Protect|||F|||50|,,,,,Dark]Lapras||Leftovers|WaterAbsorb|Protect,MuddyWater,HelpingHand,PerishSong|||M|||50|,,,,,Grass]Incineroar||SafetyGoggles|Intimidate|FakeOut,FlareBlitz,PartingShot,Protect|||F|||50|,,,,,Bug]Dondozo||ClearAmulet|Unaware|Protect,WaveCrash,OrderUp,Yawn|||M|||50|,,,,,Grass]Tatsugiri||FocusSash|Commander|Protect,MuddyWater,DracoMeteor,HelpingHand|||F|||50|,,,,,Water]Dragapult||ChoiceBand|ClearBody|TeraBlast,PhantomForce,DragonDarts,Uturn|||M|||50|,,,,,Ghost
|
|t:|1757781972
|teamsize|p1|4
|teamsize|p2|4
|start
|switch|p1a: Maushold|Maushold, L50|100/100
|switch|p1b: Annihilape|Annihilape, L50, M|100/100
|switch|p2a: Gothitelle|Gothitelle, L50, F|100/100
|switch|p2b: Dondozo|Dondozo, L50, M|100/100
|turn|1
|inactive|Battle timer is ON: inactive players will automatically lose when time's up. (requested by B South)
|
|t:|1757781988
|switch|p2a: Tatsugiri|Tatsugiri, L50, F|100/100
|-activate|p2a: Tatsugiri|ability: Commander|[of] p2b: Dondozo
|-boost|p2b: Dondozo|atk|2
|-boost|p2b: Dondozo|spa|2
|-boost|p2b: Dondozo|spe|2
|-boost|p2b: Dondozo|def|2
|-boost|p2b: Dondozo|spd|2
|-terastallize|p1b: Annihilape|Grass
|move|p1a: Maushold|Beat Up|p1b: Annihilape
|-damage|p1b: Annihilape|99/100
|-crit|p1b: Annihilape
|-damage|p1b: Annihilape|95/100
|-damage|p1b: Annihilape|94/100
|-damage|p1b: Annihilape|92/100
|-hitcount|p1b: Annihilape|4
|move|p2b: Dondozo|Wave Crash|p1b: Annihilape
|-resisted|p1b: Annihilape
|-damage|p1b: Annihilape|59/100
|-damage|p2b: Dondozo|91/100|[from] Recoil
|move|p1b: Annihilape|Rage Fist|p2b: Dondozo
|-damage|p2b: Dondozo|54/100
|
|-heal|p1b: Annihilape|65/100|[from] item: Leftovers
|upkeep
|turn|2
|inactive|B South has 30 seconds left.
|inactive|detoxfilms has 30 seconds left.
|
|t:|1757782016
|move|p1a: Maushold|Taunt|p2b: Dondozo
|-start|p2b: Dondozo|move: Taunt
|cant|p2b: Dondozo|move: Taunt|Yawn
|move|p1b: Annihilape|Rage Fist|p2b: Dondozo
|-damage|p2b: Dondozo|13/100
|
|-heal|p1b: Annihilape|71/100|[from] item: Leftovers
|upkeep
|turn|3
|
|t:|1757782030
|move|p1a: Maushold|Follow Me|p1a: Maushold
|-singleturn|p1a: Maushold|move: Follow Me
|move|p2b: Dondozo|Wave Crash|p1a: Maushold
|-damage|p1a: Maushold|0 fnt
|faint|p1a: Maushold
|-damage|p2b: Dondozo|0 fnt|[from] Recoil
|faint|p2b: Dondozo
|move|p1b: Annihilape|Rage Fist|p2a: Tatsugiri
|-enditem|p2a: Tatsugiri|Focus Sash
|-damage|p2a: Tatsugiri|1/100
|
|-heal|p1b: Annihilape|77/100|[from] item: Leftovers
|upkeep
|
|t:|1757782047
|switch|p1a: Peeko|Pelipper, L50, F, shiny|100/100
|switch|p2b: Gothitelle|Gothitelle, L50, F|100/100
|-weather|RainDance|[from] ability: Drizzle|[of] p1a: Peeko
|turn|4
|
|t:|1757782066
|move|p2b: Gothitelle|Fake Out|p1a: Peeko
|-damage|p1a: Peeko|92/100
|cant|p1a: Peeko|flinch
|move|p2a: Tatsugiri|Draco Meteor|p1a: Peeko
|-damage|p1a: Peeko|0 fnt
|-unboost|p2a: Tatsugiri|spa|2
|faint|p1a: Peeko
|move|p1b: Annihilape|Drain Punch|p2a: Tatsugiri
|-damage|p2a: Tatsugiri|0 fnt
|-heal|p1b: Annihilape|77/100|[from] drain|[of] p2a: Tatsugiri
|faint|p2a: Tatsugiri
|
|-weather|RainDance|[upkeep]
|-heal|p1b: Annihilape|83/100|[from] item: Leftovers
|upkeep
|
|t:|1757782083
|switch|p2a: Lapras|Lapras, L50, M|100/100
|switch|p1a: Archaludon|Archaludon, L50, F|100/100
|turn|5
|
|t:|1757782096
|-terastallize|p2a: Lapras|Grass
|move|p2b: Gothitelle|Protect|p2b: Gothitelle
|-singleturn|p2b: Gothitelle|Protect
|move|p1b: Annihilape|Rage Fist|p2a: Lapras
|-damage|p2a: Lapras|0 fnt
|faint|p2a: Lapras
|move|p1a: Archaludon|Draco Meteor|p2b: Gothitelle
|-activate|p2b: Gothitelle|move: Protect
|
|-weather|RainDance|[upkeep]
|-heal|p1b: Annihilape|89/100|[from] item: Leftovers
|upkeep
|turn|6
|-message|detoxfilms forfeited.
|
|win|B South
|raw|B South's rating: 1162 → 1185(+23 for winning)
|raw|detoxfilms's rating: 1130 → 1107(-23 for losing)
|l|☆detoxfilms
|player|p2|
