|j|☆ApostrofoRosaVGC
|j|☆A Regu1ar Guy
|html|ApostrofoRosaVGCA Regu1ar Guy    
|uhtml|bestof|Game 3 of a best-of-3
|t:|1755776067
|gametype|doubles
|player|p1|ApostrofoRosaVGC|2|1263
|player|p2|A Regu1ar Guy|elesa|1351
|gen|9
|tier|[Gen 9] VGC 2025 Reg H (Bo3)
|rated|
|rule|Species Clause: Limit one of each Pokémon
|rule|Item Clause: Limit 1 of each item
|clearpoke
|poke|p1|Gholdengo, L50|
|poke|p1|Archaludon, L50, M|
|poke|p1|Dragonite, L50, M|
|poke|p1|Pelipper, L50, M|
|poke|p1|Maushold-Four, L50|
|poke|p1|Grimmsnarl, L50, M|
|poke|p2|Volcarona, L50, F|
|poke|p2|Rillaboom, L50, M|
|poke|p2|Electabuzz, L50, M|
|poke|p2|Incineroar, L50, F|
|poke|p2|Ninetales-Alola, L50, M|
|poke|p2|Garchomp, L50, F|
|teampreview|4
|showteam|p1|Gholdengo||LifeOrb|GoodasGold|MakeItRain,ShadowBall,NastyPlot,Protect||||||50|,,,,,Water]Archaludon||AssaultVest|Stamina|DragonPulse,ElectroShot,BodyPress,Snarl|||M|||50|,,,,,Bug]Dragonite||LoadedDice|Multiscale|ScaleShot,ExtremeSpeed,Tailwind,Protect|||M|||50|,,,,,Steel]Pelipper||FocusSash|Drizzle|WeatherBall,Hurricane,Tailwind,Protect|||M|||50|,,,,,Ground]Maushold-Four||SafetyGoggles|FriendGuard|BeatUp,Taunt,FollowMe,Protect||||||50|,,,,,Ghost]Grimmsnarl||LightClay|Prankster|SpiritBreak,ThunderWave,Reflect,LightScreen|||M|||50|,,,,,Ghost
|showteam|p2|Volcarona||GrassySeed|FlameBody|HeatWave,GigaDrain,QuiverDance,Protect|||F|||50|,,,,,Grass]Rillaboom||AssaultVest|GrassySurge|FakeOut,WoodHammer,GrassyGlide,HighHorsepower|||M|||50|,,,,,Fire]Electabuzz||Eviolite|VitalSpirit|Thunderbolt,FollowMe,Taunt,Protect|||M|||50|,,,,,Ghost]Incineroar||SafetyGoggles|Intimidate|FakeOut,KnockOff,FlareBlitz,PartingShot|||F|||50|,,,,,Ghost]Ninetales-Alola||FocusSash|SnowWarning|Blizzard,Encore,AuroraVeil,HelpingHand|||M|||50|,,,,,Ghost]Garchomp||LifeOrb|RoughSkin|StompingTantrum,Earthquake,DragonClaw,Protect|||F|||50|,,,,,Steel
|
|t:|1755776092
|teamsize|p1|4
|teamsize|p2|4
|start
|switch|p1a: Grimmsnarl|Grimmsnarl, L50, M|100/100
|switch|p1b: Dragonite|Dragonite, L50, M|100/100
|switch|p2a: Garchomp|Garchomp, L50, F|100/100
|switch|p2b: Electabuzz|Electabuzz, L50, M|100/100
|turn|1
|
|t:|1755776108
|move|p2a: Garchomp|Protect|p2a: Garchomp
|-singleturn|p2a: Garchomp|Protect
|move|p1b: Dragonite|Scale Shot|p2b: Electabuzz
|-damage|p2b: Electabuzz|88/100
|-damage|p2b: Electabuzz|76/100
|-damage|p2b: Electabuzz|64/100
|-damage|p2b: Electabuzz|52/100
|-damage|p2b: Electabuzz|40/100
|-hitcount|p2b: Electabuzz|5
|-unboost|p1b: Dragonite|def|1
|-boost|p1b: Dragonite|spe|1
|move|p2b: Electabuzz|Taunt|p1a: Grimmsnarl
|-start|p1a: Grimmsnarl|move: Taunt
|move|p1a: Grimmsnarl|Spirit Break|p2b: Electabuzz
|-damage|p2b: Electabuzz|15/100
|-unboost|p2b: Electabuzz|spa|1
|
|upkeep
|turn|2
|
|t:|1755776156
|switch|p1a: Archaludon|Archaludon, L50, M|100/100
|-terastallize|p2a: Garchomp|Steel
|move|p1b: Dragonite|Extreme Speed|p2b: Electabuzz
|-damage|p2b: Electabuzz|0 fnt
|faint|p2b: Electabuzz
|move|p2a: Garchomp|Dragon Claw|p1b: Dragonite
|-supereffective|p1b: Dragonite
|-damage|p1b: Dragonite|5/100
|-damage|p2a: Garchomp|91/100|[from] item: Life Orb
|
|upkeep
|
|t:|1755776166
|switch|p2b: Ninetales|Ninetales-Alola, L50, M|100/100
|-weather|Snowscape|[from] ability: Snow Warning|[of] p2b: Ninetales
|turn|3
|inactive|Battle timer is ON: inactive players will automatically lose when time's up. (requested by ApostrofoRosaVGC)
|
|t:|1755776195
|move|p1b: Dragonite|Scale Shot|p1a: Archaludon
|-damage|p1a: Archaludon|91/100
|-ability|p1a: Archaludon|Stamina|boost
|-boost|p1a: Archaludon|def|1
|-damage|p1a: Archaludon|84/100
|-ability|p1a: Archaludon|Stamina|boost
|-boost|p1a: Archaludon|def|1
|-damage|p1a: Archaludon|79/100
|-ability|p1a: Archaludon|Stamina|boost
|-boost|p1a: Archaludon|def|1
|-damage|p1a: Archaludon|75/100
|-ability|p1a: Archaludon|Stamina|boost
|-boost|p1a: Archaludon|def|1
|-hitcount|p1a: Archaludon|4
|-unboost|p1b: Dragonite|def|1
|-boost|p1b: Dragonite|spe|1
|move|p2b: Ninetales|Blizzard|p1a: Archaludon|[spread] p1a,p1b
|-supereffective|p1b: Dragonite
|-damage|p1a: Archaludon|53/100
|-damage|p1b: Dragonite|0 fnt
|-ability|p1a: Archaludon|Stamina|boost
|-boost|p1a: Archaludon|def|1
|faint|p1b: Dragonite
|move|p2a: Garchomp|Stomping Tantrum|p1a: Archaludon
|-supereffective|p1a: Archaludon
|-damage|p1a: Archaludon|33/100
|-ability|p1a: Archaludon|Stamina|boost
|-boost|p1a: Archaludon|def|1
|-damage|p2a: Garchomp|81/100|[from] item: Life Orb
|move|p1a: Archaludon|Body Press|p2a: Garchomp
|-supereffective|p2a: Garchomp
|-damage|p2a: Garchomp|0 fnt
|-damage|p1a: Archaludon|20/100|[from] ability: Rough Skin|[of] p2a: Garchomp
|faint|p2a: Garchomp
|
|-weather|Snowscape|[upkeep]
|upkeep
|
|t:|1755776212
|switch|p2a: Volcarona|Volcarona, L50, F, shiny|100/100
|switch|p1b: Grimmsnarl|Grimmsnarl, L50, M|100/100
|turn|4
|inactive|ApostrofoRosaVGC has 30 seconds left.
|
|t:|1755776239
|move|p1b: Grimmsnarl|Thunder Wave|p2a: Volcarona
|-status|p2a: Volcarona|par
|move|p2b: Ninetales|Blizzard|p1b: Grimmsnarl|[spread] p1a,p1b
|-damage|p1a: Archaludon|0 fnt
|-damage|p1b: Grimmsnarl|71/100
|faint|p1a: Archaludon
|move|p2a: Volcarona|Heat Wave|p1b: Grimmsnarl|[miss]
|-miss|p2a: Volcarona|p1b: Grimmsnarl
|
|-weather|Snowscape|[upkeep]
|upkeep
|
|t:|1755776251
|switch|p1a: Gholdengo|Gholdengo, L50|100/100
|turn|5
|
|t:|1755776268
|-terastallize|p1a: Gholdengo|Water
|move|p1b: Grimmsnarl|Light Screen|p1b: Grimmsnarl
|-sidestart|p1: ApostrofoRosaVGC|move: Light Screen
|move|p2b: Ninetales|Aurora Veil|p2b: Ninetales
|-sidestart|p2: A Regu1ar Guy|move: Aurora Veil
|move|p1a: Gholdengo|Nasty Plot|p1a: Gholdengo
|-boost|p1a: Gholdengo|spa|2
|move|p2a: Volcarona|Quiver Dance|p2a: Volcarona
|-boost|p2a: Volcarona|spa|1
|-boost|p2a: Volcarona|spd|1
|-boost|p2a: Volcarona|spe|1
|
|-weather|Snowscape|[upkeep]
|upkeep
|turn|6
|inactive|ApostrofoRosaVGC has 30 seconds left.
|
|t:|1755776303
|move|p2b: Ninetales|Encore|p1b: Grimmsnarl
|-start|p1b: Grimmsnarl|Encore
|move|p1a: Gholdengo|Shadow Ball|p2a: Volcarona
|-damage|p2a: Volcarona|57/100 par
|-damage|p1a: Gholdengo|91/100|[from] item: Life Orb
|cant|p2a: Volcarona|par
|move|p1b: Grimmsnarl|Light Screen||[still]
|-fail|p1b: Grimmsnarl
|
|-weather|Snowscape|[upkeep]
|upkeep
|turn|7
|
|t:|1755776320
|move|p2b: Ninetales|Helping Hand|p2a: Volcarona
|-singleturn|p2a: Volcarona|Helping Hand|[of] p2b: Ninetales
|move|p1b: Grimmsnarl|Light Screen||[still]
|-fail|p1b: Grimmsnarl
|move|p1a: Gholdengo|Nasty Plot|p1a: Gholdengo
|-boost|p1a: Gholdengo|spa|2
|move|p2a: Volcarona|Giga Drain|p1a: Gholdengo
|-supereffective|p1a: Gholdengo
|-damage|p1a: Gholdengo|0 fnt
|-heal|p2a: Volcarona|97/100 par|[from] drain|[of] p1a: Gholdengo
|faint|p1a: Gholdengo
|
|-weather|none
|upkeep
|turn|8
|
|t:|1755776324
|move|p1b: Grimmsnarl|Light Screen||[still]
|-fail|p1b: Grimmsnarl
|move|p2b: Ninetales|Blizzard|p1b: Grimmsnarl
|-damage|p1b: Grimmsnarl|45/100
|move|p2a: Volcarona|Heat Wave|p1b: Grimmsnarl
|-damage|p1b: Grimmsnarl|4/100
|
|-end|p1b: Grimmsnarl|Encore
|upkeep
|turn|9
|
|t:|1755776328
|move|p2b: Ninetales|Blizzard|p1b: Grimmsnarl
|-damage|p1b: Grimmsnarl|0 fnt
|faint|p1b: Grimmsnarl
|
|win|A Regu1ar Guy
|raw|ApostrofoRosaVGC's rating: 1263 → 1244(-19 for losing)
|raw|A Regu1ar Guy's rating: 1351 → 1366(+15 for winning)
