|j|☆guga2
|j|☆Olciax34
|html|guga2Olciax34    
|uhtml|bestof|Game 1 of a best-of-3
|t:|1784920929
|gametype|doubles
|player|p1|guga2|170|1340
|player|p2|Olciax34|169|1343
|gen|9
|tier|[Gen 9 Champions] VGC 2026 Reg M-B (Bo3)
|rated|
|rule|Species Clause: Limit one of each Pokémon
|rule|Item Clause: Limit 1 of each item
|clearpoke
|poke|p1|Tyranitar, L50, M|
|poke|p1|Excadrill, L50, F|
|poke|p1|Milotic, L50, F|
|poke|p1|Sinistcha, L50|
|poke|p1|Staraptor, L50, M|
|poke|p1|Gholdengo, L50|
|poke|p2|Charizard, L50, M|
|poke|p2|Whimsicott, L50, M|
|poke|p2|Garchomp, L50, M|
|poke|p2|Basculegion, L50, M|
|poke|p2|Metagross, L50|
|poke|p2|Sylveon, L50, M|
|teampreview|4
|showteam|p1|Tyranitar||Tyranitarite|SandStream|KnockOff,RockSlide,HighHorsepower,Protect|Jolly||M|||50|]Excadrill||FocusSash|SandRush|Earthquake,IronHead,RockSlide,Protect|Adamant||F|||50|]Milotic||SitrusBerry|Competitive|Scald,IcyWind,Haze,Protect|Calm||F|||50|]Sinistcha||ColburBerry|Hospitality|MatchaGotcha,ShadowBall,Protect,RagePowder|Bold|||||50|]Staraptor||Staraptite|Intimidate|CloseCombat,BraveBird,Tailwind,Protect|Jolly||M|||50|]Gholdengo||LifeOrb|GoodasGold|MakeItRain,ShadowBall,NastyPlot,Protect|Modest|||||50|
|showteam|p2|Charizard||CharizarditeY|SolarPower|HeatWave,WeatherBall,SolarBeam,Protect|Modest||M|||50|]Whimsicott||FocusSash|Prankster|Moonblast,Tailwind,Encore,Protect|Timid||M|||50|]Garchomp||LifeOrb|RoughSkin|Earthquake,DragonClaw,RockSlide,Protect|Jolly||M|||50|]Basculegion||ChoiceScarf|Adaptability|WaveCrash,FlipTurn,LastRespects,AquaJet|Jolly||M|||50|]Metagross||Metagrossite|ClearBody|IronHead,PsychicFangs,BodyPress,Protect|Jolly|||||50|]Sylveon||FairyFeather|Pixilate|HyperVoice,HyperBeam,Yawn,Protect|Modest||M|||50|
|inactive|Battle timer is ON: inactive players will automatically lose when time's up. (requested by Olciax34)
|inactive|guga2 has 60 seconds left.
|
|t:|1784920969
|teamsize|p1|4
|teamsize|p2|4
|start
|switch|p1a: Tyranitar|Tyranitar, L50, M|100/100
|switch|p1b: Excadrill|Excadrill, L50, F|100/100
|switch|p2a: Whimsicott|Whimsicott, L50, M|100/100
|switch|p2b: Basculegion|Basculegion, L50, M|100/100
|-weather|Sandstorm|[from] ability: Sand Stream|[of] p1a: Tyranitar
|turn|1
|inactive|Olciax34 has 30 seconds left.
|
|t:|1784921000
|move|p1a: Tyranitar|Protect|p1a: Tyranitar
|-singleturn|p1a: Tyranitar|Protect
|move|p2a: Whimsicott|Tailwind|p2a: Whimsicott
|-sidestart|p2: Olciax34|move: Tailwind
|move|p2b: Basculegion|Flip Turn|p1a: Tyranitar
|-activate|p1a: Tyranitar|move: Protect
|move|p1b: Excadrill|Earthquake|p2a: Whimsicott|[spread] p2a,p2b
|-activate|p1a: Tyranitar|move: Protect
|-resisted|p2a: Whimsicott|1
|-damage|p2a: Whimsicott|64/100
|-damage|p2b: Basculegion|42/100
|
|-weather|Sandstorm|[upkeep]
|-damage|p2b: Basculegion|36/100|[from] Sandstorm
|-damage|p2a: Whimsicott|58/100|[from] Sandstorm
|upkeep
|turn|2
|
|t:|1784921017
|switch|p1a: Milotic|Milotic, L50, F|100/100
|move|p2b: Basculegion|Flip Turn|p1b: Excadrill
|-supereffective|p1b: Excadrill|1
|-enditem|p1b: Excadrill|Focus Sash
|-damage|p1b: Excadrill|1/100
|
|t:|1784921024
|switch|p2b: Metagross|Metagross, L50|100/100|[from] Flip Turn
|move|p2a: Whimsicott|Moonblast|p1b: Excadrill
|-resisted|p1b: Excadrill|1
|-damage|p1b: Excadrill|0 fnt
|faint|p1b: Excadrill
|
|-weather|Sandstorm|[upkeep]
|-damage|p2a: Whimsicott|52/100|[from] Sandstorm
|-damage|p1a: Milotic|94/100|[from] Sandstorm
|upkeep
|
|t:|1784921040
|switch|p1b: Staraptor|Staraptor, L50, M|100/100
|-ability|p1b: Staraptor|Intimidate|boost
|-unboost|p2a: Whimsicott|atk|1
|-fail|p2b: Metagross|unboost|[from] ability: Clear Body|[of] p2b: Metagross
|turn|3
|
|t:|1784921055
|detailschange|p2b: Metagross|Metagross-Mega, L50
|-mega|p2b: Metagross|Metagross|Metagrossite
|move|p1b: Staraptor|Protect|p1b: Staraptor
|-singleturn|p1b: Staraptor|Protect
|move|p2a: Whimsicott|Moonblast|p1b: Staraptor
|-activate|p1b: Staraptor|move: Protect
|move|p2b: Metagross|Psychic Fangs|p1b: Staraptor
|-activate|p1b: Staraptor|move: Protect
|move|p1a: Milotic|Icy Wind|p2b: Metagross|[spread] p2a,p2b
|-supereffective|p2a: Whimsicott|1
|-resisted|p2b: Metagross|1
|-damage|p2a: Whimsicott|21/100
|-damage|p2b: Metagross|94/100
|-unboost|p2a: Whimsicott|spe|1
|-unboost|p2b: Metagross|spe|1
|
|-weather|Sandstorm|[upkeep]
|-damage|p2a: Whimsicott|15/100|[from] Sandstorm
|-damage|p1b: Staraptor|94/100|[from] Sandstorm
|-damage|p1a: Milotic|88/100|[from] Sandstorm
|upkeep
|turn|4
|inactive|Olciax34 has 30 seconds left.
|
|t:|1784921084
|switch|p1b: Tyranitar|Tyranitar, L50, M|100/100
|move|p2a: Whimsicott|Protect|p2a: Whimsicott
|-singleturn|p2a: Whimsicott|Protect
|move|p2b: Metagross|Psychic Fangs|p1b: Tyranitar
|-immune|p1b: Tyranitar
|move|p1a: Milotic|Icy Wind|p2a: Whimsicott|[spread] p2b
|-activate|p2a: Whimsicott|move: Protect
|-resisted|p2b: Metagross|1
|-damage|p2b: Metagross|89/100
|-unboost|p2b: Metagross|spe|1
|
|-weather|Sandstorm|[upkeep]
|-damage|p2a: Whimsicott|9/100|[from] Sandstorm
|-damage|p1a: Milotic|82/100|[from] Sandstorm
|-sideend|p2: Olciax34|move: Tailwind
|upkeep
|turn|5
|
|t:|1784921107
|switch|p2b: Sylveon|Sylveon, L50, M|100/100
|move|p1b: Tyranitar|Protect|p1b: Tyranitar
|-singleturn|p1b: Tyranitar|Protect
|move|p2a: Whimsicott|Tailwind|p2a: Whimsicott
|-sidestart|p2: Olciax34|move: Tailwind
|move|p1a: Milotic|Icy Wind|p2a: Whimsicott|[spread] p2a,p2b
|-supereffective|p2a: Whimsicott|1
|-damage|p2a: Whimsicott|0 fnt
|-damage|p2b: Sylveon|92/100
|-unboost|p2b: Sylveon|spe|1
|faint|p2a: Whimsicott
|
|-weather|none
|upkeep
|
|t:|1784921131
|switch|p2a: Basculegion|Basculegion, L50, M|36/100
|turn|6
|
|t:|1784921145
|move|p1b: Tyranitar|Protect||[still]
|-fail|p1b: Tyranitar
|move|p2a: Basculegion|Wave Crash|p1b: Tyranitar
|-supereffective|p1b: Tyranitar|1
|-damage|p1b: Tyranitar|0 fnt
|faint|p1b: Tyranitar
|-damage|p2a: Basculegion|4/100|[from] Recoil
|move|p1a: Milotic|Icy Wind|p2a: Basculegion|[spread] p2a,p2b
|-resisted|p2a: Basculegion|1
|-damage|p2a: Basculegion|0 fnt
|-damage|p2b: Sylveon|83/100
|-unboost|p2b: Sylveon|spe|1
|faint|p2a: Basculegion
|move|p2b: Sylveon|Hyper Voice|p1a: Milotic
|-damage|p1a: Milotic|35/100
|-enditem|p1a: Milotic|Sitrus Berry|[eat]
|-heal|p1a: Milotic|60/100|[from] item: Sitrus Berry
|
|upkeep
|-message|guga2 forfeited.
|
|win|Olciax34
|l|☆guga2
|player|p1|
||guga2 is ready for game 2.
||Olciax34 is ready for game 2.
|uhtml|next|Next: Game 2 of 3
