|j|☆lordtentacle69
|j|☆dragonisfinal
|html|lordtentacle69dragonisfinal    
|uhtml|bestof|Game 1 of a best-of-3
|t:|1782966480
|gametype|doubles
|player|p1|lordtentacle69|corbeau|1053
|player|p2|dragonisfinal|iris-gen5bw2|1146
|gen|9
|tier|[Gen 9 Champions] VGC 2026 Reg M-B (Bo3)
|rated|
|rule|Species Clause: Limit one of each Pokémon
|rule|Item Clause: Limit 1 of each item
|clearpoke
|poke|p1|Aerodactyl, L50, F|
|poke|p1|Charizard, L50, M|
|poke|p1|Kingambit, L50, F|
|poke|p1|Sylveon, L50, F|
|poke|p1|Farigiraf, L50, F|
|poke|p1|Garchomp, L50, M|
|poke|p2|Charizard, L50, M|
|poke|p2|Garchomp, L50, F|
|poke|p2|Pelipper, L50, F|
|poke|p2|Archaludon, L50, M|
|poke|p2|Basculegion, L50, M|
|poke|p2|Grimmsnarl, L50, M|
|teampreview|4
|showteam|p1|Aerodactyl||Aerodactylite|Unnerve|RockSlide,DualWingbeat,IceFang,Tailwind|Jolly||F|||50|]Charizard||CharizarditeY|Blaze|HeatWave,Protect,SolarBeam,WeatherBall|Modest||M|||50|]Kingambit||FocusSash|Defiant|KowtowCleave,SuckerPunch,LowKick,IronHead|Adamant||F|||50|]Sylveon||FairyFeather|Pixilate|HyperVoice,HyperBeam,QuickAttack,Protect|Modest||F|||50|]Farigiraf||SitrusBerry|ArmorTail|Psychic,Protect,TrickRoom,Thunderbolt|Bold||F|||50|]Garchomp||LifeOrb|RoughSkin|Earthquake,StompingTantrum,DragonClaw,Protect|Jolly||M|||50|
|showteam|p2|Charizard||CharizarditeY|Blaze|HeatWave,Protect,WeatherBall,ScorchingSands|Modest||M|||50|]Garchomp||LifeOrb|RoughSkin|Earthquake,DragonClaw,Protect,RockSlide|Adamant||F|||50|]Pelipper||MysticWater|Drizzle|WeatherBall,Tailwind,Hurricane,Protect|Bold||F|||50|]Archaludon||Leftovers|Stamina|ElectroShot,DragonPulse,Protect,FlashCannon|Modest||M|||50|]Basculegion||ChoiceScarf|Adaptability|LastRespects,WaveCrash,FlipTurn,PsychicFangs|Adamant||M|||50|]Grimmsnarl||SitrusBerry|Prankster|Reflect,PartingShot,PlayRough,LightScreen|Impish||M|||50|
|inactive|Battle timer is ON: inactive players will automatically lose when time's up. (requested by dragonisfinal)
|inactive|lordtentacle69 has 60 seconds left.
|inactive|dragonisfinal has 60 seconds left.
|inactive|lordtentacle69 has 30 seconds left.
|
|t:|1782966541
|teamsize|p1|4
|teamsize|p2|4
|start
|switch|p1a: Sylveon|Sylveon, L50, F|100/100
|switch|p1b: Charizard|Charizard, L50, M|100/100
|switch|p2a: Pelipper|Pelipper, L50, F|100/100
|switch|p2b: Garchomp|Garchomp, L50, F|100/100
|-weather|RainDance|[from] ability: Drizzle|[of] p2a: Pelipper
|turn|1
|
|t:|1782966564
|move|p2b: Garchomp|Protect|p2b: Garchomp
|-singleturn|p2b: Garchomp|Protect
|move|p1b: Charizard|Protect|p1b: Charizard
|-singleturn|p1b: Charizard|Protect
|move|p1a: Sylveon|Hyper Voice|p2b: Garchomp|[spread] p2a
|-activate|p2b: Garchomp|move: Protect
|-damage|p2a: Pelipper|37/100
|move|p2a: Pelipper|Tailwind|p2a: Pelipper
|-sidestart|p2: dragonisfinal|move: Tailwind
|
|-weather|RainDance|[upkeep]
|upkeep
|turn|2
|
|t:|1782966587
|switch|p1b: Garchomp|Garchomp, L50, M|100/100
|move|p2b: Garchomp|Earthquake|p1b: Garchomp|[spread] p1a,p1b
|-immune|p2a: Pelipper
|-damage|p1a: Sylveon|43/100
|-damage|p1b: Garchomp|46/100
|-damage|p2b: Garchomp|90/100|[from] item: Life Orb
|move|p2a: Pelipper|Weather Ball|p1a: Sylveon
|-damage|p1a: Sylveon|0 fnt
|faint|p1a: Sylveon
|
|-weather|RainDance|[upkeep]
|upkeep
|
|t:|1782966599
|switch|p1a: Charizard|Charizard, L50, M|100/100
|turn|3
|
|t:|1782966607
|move|p1b: Garchomp|Protect|p1b: Garchomp
|-singleturn|p1b: Garchomp|Protect
|move|p1a: Charizard|Protect|p1a: Charizard
|-singleturn|p1a: Charizard|Protect
|move|p2b: Garchomp|Rock Slide|p1b: Garchomp|[spread] 
|-activate|p1a: Charizard|move: Protect
|-activate|p1b: Garchomp|move: Protect
|move|p2a: Pelipper|Weather Ball|p1b: Garchomp
|-activate|p1b: Garchomp|move: Protect
|
|-weather|RainDance|[upkeep]
|upkeep
|turn|4
|inactive|lordtentacle69 has 30 seconds left.
|
|t:|1782966637
|detailschange|p1a: Charizard|Charizard-Mega-Y, L50, M
|-mega|p1a: Charizard|Charizard|Charizardite Y
|-weather|SunnyDay|[from] ability: Drought|[of] p1a: Charizard
|move|p2b: Garchomp|Rock Slide|p1b: Garchomp|[spread] p1a,p1b
|-supereffective|p1a: Charizard|2
|-resisted|p1b: Garchomp|1
|-damage|p1a: Charizard|0 fnt
|-damage|p1b: Garchomp|34/100
|faint|p1a: Charizard
|-damage|p2b: Garchomp|80/100|[from] item: Life Orb
|move|p2a: Pelipper|Weather Ball|p1b: Garchomp
|-resisted|p1b: Garchomp|1
|-damage|p1b: Garchomp|16/100
|cant|p1b: Garchomp|flinch
|
|-weather|SunnyDay|[upkeep]
|-sideend|p2: dragonisfinal|move: Tailwind
|upkeep
|
|t:|1782966651
|switch|p1a: Farigiraf|Farigiraf, L50, F|100/100
|turn|5
|inactive|dragonisfinal has 30 seconds left.
|
|t:|1782966677
|move|p1b: Garchomp|Protect|p1b: Garchomp
|-singleturn|p1b: Garchomp|Protect
|move|p2a: Pelipper|Protect|p2a: Pelipper
|-singleturn|p2a: Pelipper|Protect
|move|p2b: Garchomp|Earthquake|p1b: Garchomp|[spread] p1a
|-activate|p2a: Pelipper|move: Protect
|-activate|p1b: Garchomp|move: Protect
|-damage|p1a: Farigiraf|63/100
|-damage|p2b: Garchomp|70/100|[from] item: Life Orb
|move|p1a: Farigiraf|Psychic|p2b: Garchomp
|-damage|p2b: Garchomp|36/100
|-unboost|p2b: Garchomp|spd|1
|
|-weather|SunnyDay|[upkeep]
|upkeep
|turn|6
|inactive|lordtentacle69 has 30 seconds left.
|
|t:|1782966704
|move|p1b: Garchomp|Earthquake|p2b: Garchomp|[spread] p1a,p2b
|-immune|p2a: Pelipper
|-crit|p2b: Garchomp
|-damage|p1a: Farigiraf|26/100
|-damage|p2b: Garchomp|0 fnt
|-enditem|p1a: Farigiraf|Sitrus Berry|[eat]
|-heal|p1a: Farigiraf|51/100|[from] item: Sitrus Berry
|faint|p2b: Garchomp
|-damage|p1b: Garchomp|7/100|[from] item: Life Orb
|move|p2a: Pelipper|Weather Ball|p1a: Farigiraf
|-damage|p1a: Farigiraf|20/100y
|move|p1a: Farigiraf|Thunderbolt|p2a: Pelipper
|-supereffective|p2a: Pelipper|2
|-damage|p2a: Pelipper|0 fnt
|faint|p2a: Pelipper
|
|-weather|SunnyDay|[upkeep]
|upkeep
|
|t:|1782966711
|switch|p2b: Charizard|Charizard, L50, M|100/100
|switch|p2a: Basculegion|Basculegion, L50, M|100/100
|turn|7
|inactive|lordtentacle69 has 30 seconds left.
|
|t:|1782966737
|move|p2a: Basculegion|Wave Crash|p1b: Garchomp
|-damage|p1b: Garchomp|0 fnt
|-damage|p2a: Basculegion|87/100|[from] ability: Rough Skin|[of] p1b: Garchomp
|faint|p1b: Garchomp
|-damage|p2a: Basculegion|85/100|[from] Recoil
|move|p2b: Charizard|Scorching Sands|p1a: Farigiraf
|-damage|p1a: Farigiraf|0 fnt
|faint|p1a: Farigiraf
|
|win|dragonisfinal
||dragonisfinal is ready for game 2.
|l|☆dragonisfinal
|player|p2|
|inactive|lordtentacle69 has 30 seconds to confirm battle start!
