|j|☆ZephyrWasTakenxD
|j|☆KNRayquaza
|html|ZephyrWasTakenxDKNRayquaza    
|uhtml|bestof|Game 1 of a best-of-3
|t:|1785352835
|gametype|doubles
|player|p1|ZephyrWasTakenxD|brycenman|1165
|player|p2|KNRayquaza|cynthia|1056
|gen|9
|tier|[Gen 9 Champions] VGC 2026 Reg M-B (Bo3)
|rated|
|rule|Species Clause: Limit one of each Pokémon
|rule|Item Clause: Limit 1 of each item
|clearpoke
|poke|p1|Gengar, L50, M, shiny|
|poke|p1|Incineroar, L50, M, shiny|
|poke|p1|Kingambit, L50, M, shiny|
|poke|p1|Ninetales-Alola, L50, F|
|poke|p1|Vivillon, L50, M|
|poke|p1|Garchomp, L50, M, shiny|
|poke|p2|Staraptor, L50, F|
|poke|p2|Whimsicott, L50, M|
|poke|p2|Greninja, L50, M|
|poke|p2|Ninetales-Alola, L50, M|
|poke|p2|Incineroar, L50, M|
|poke|p2|Basculegion, L50, M|
|teampreview|4
|showteam|p1|Gengar||Gengarite|CursedBody|SludgeBomb,ShadowBall,Substitute,Protect|Modest||M|||50|]Incineroar||SitrusBerry|Intimidate|FlareBlitz,ThroatChop,FakeOut,PartingShot|Careful||M|||50|]Kingambit||BlackGlasses|Defiant|KowtowCleave,SuckerPunch,LowKick,Protect|Adamant||M|||50|]Ninetales-Alola||NeverMeltIce|SnowWarning|Blizzard,FreezeDry,Encore,Protect|Timid||F|||50|]Vivillon||FocusSash|CompoundEyes|Hurricane,RagePowder,Tailwind,Protect|Timid||M|||50|]Garchomp||LifeOrb|RoughSkin|RockSlide,DragonClaw,Earthquake,Protect|Jolly||M|||50|
|showteam|p2|Staraptor||Staraptite|Intimidate|CloseCombat,BraveBird,Roost,Protect|Jolly||F|||50|]Whimsicott||FocusSash|Prankster|Moonblast,Tailwind,Charm,Encore|Timid||M|||50|]Greninja||Greninjite|Protean|DarkPulse,Blizzard,HydroPump,Uturn|Timid||M|||50|]Ninetales-Alola||BabiriBerry|SnowWarning|Blizzard,AuroraVeil,FreezeDry,Moonblast|Timid||M|||50|]Incineroar||SitrusBerry|Intimidate|FakeOut,FlareBlitz,DarkestLariat,PartingShot|Adamant||M|||50|]Basculegion||ChoiceScarf|Adaptability|WaveCrash,LastRespects,FlipTurn,AquaJet|Jolly||M|||50|
|inactive|Battle timer is ON: inactive players will automatically lose when time's up. (requested by KNRayquaza)
|inactive|ZephyrWasTakenxD also wants the timer to be on.
|inactive|ZephyrWasTakenxD has 60 seconds left.
|inactive|KNRayquaza has 60 seconds left.
|
|t:|1785352884
|teamsize|p1|4
|teamsize|p2|4
|start
|switch|p1a: Kingambit|Kingambit, L50, M, shiny|100/100
|switch|p1b: Ninetales|Ninetales-Alola, L50, F|100/100
|switch|p2a: Basculegion|Basculegion, L50, M|100/100
|switch|p2b: Greninja|Greninja, L50, M|100/100
|-weather|Snowscape|[from] ability: Snow Warning|[of] p1b: Ninetales
|turn|1
|
|t:|1785352904
|move|p1a: Kingambit|Sucker Punch|p2a: Basculegion
|-supereffective|p2a: Basculegion|1
|-damage|p2a: Basculegion|0 fnt
|faint|p2a: Basculegion
|move|p2b: Greninja|Hydro Pump|p1b: Ninetales
|-start|p2b: Greninja|typechange|Water|[from] ability: Protean
|-damage|p1b: Ninetales|41/100
|move|p1b: Ninetales|Blizzard|p2b: Greninja
|-resisted|p2b: Greninja|1
|-damage|p2b: Greninja|59/100
|
|-weather|Snowscape|[upkeep]
|upkeep
|
|t:|1785352911
|switch|p2a: Staraptor|Staraptor, L50, F|100/100
|-ability|p2a: Staraptor|Intimidate|boost
|-unboost|p1a: Kingambit|atk|1
|-ability|p1a: Kingambit|Defiant|boost
|-boost|p1a: Kingambit|atk|2
|-unboost|p1b: Ninetales|atk|1
|turn|2
|
|t:|1785352921
|detailschange|p2a: Staraptor|Staraptor-Mega, L50, F
|-mega|p2a: Staraptor|Staraptor|Staraptite
|move|p1a: Kingambit|Sucker Punch|p2b: Greninja
|-damage|p2b: Greninja|0 fnt
|faint|p2b: Greninja
|move|p2a: Staraptor|Close Combat|p1a: Kingambit
|-supereffective|p1a: Kingambit|2
|-damage|p1a: Kingambit|0 fnt
|-boost|p2a: Staraptor|def|1
|-boost|p2a: Staraptor|spd|1
|faint|p1a: Kingambit
|move|p1b: Ninetales|Blizzard|p2a: Staraptor
|-supereffective|p2a: Staraptor|1
|-damage|p2a: Staraptor|34/100
|
|-weather|Snowscape|[upkeep]
|upkeep
|
|t:|1785352944
|switch|p2b: Whimsicott|Whimsicott, L50, M|100/100
|switch|p1a: Gengar|Gengar, L50, M, shiny|100/100
|turn|3
|inactive|KNRayquaza has 30 seconds left.
|
|t:|1785352977
|detailschange|p1a: Gengar|Gengar-Mega, L50, M, shiny
|-mega|p1a: Gengar|Gengar|Gengarite
|move|p2b: Whimsicott|Tailwind|p2b: Whimsicott
|-sidestart|p2: KNRayquaza|move: Tailwind
|move|p2a: Staraptor|Close Combat|p1b: Ninetales
|-damage|p1b: Ninetales|0 fnt
|-boost|p2a: Staraptor|def|1
|-boost|p2a: Staraptor|spd|1
|faint|p1b: Ninetales
|move|p1a: Gengar|Sludge Bomb|p2a: Staraptor
|-damage|p2a: Staraptor|1/100
|
|-weather|Snowscape|[upkeep]
|upkeep
|
|t:|1785352988
|switch|p1b: Vivillon|Vivillon, L50, M|100/100
|turn|4
|
|t:|1785353000
|move|p1b: Vivillon|Rage Powder|p1b: Vivillon
|-singleturn|p1b: Vivillon|move: Rage Powder
|move|p2b: Whimsicott|Encore|p1a: Gengar
|-start|p1a: Gengar|Encore
|move|p2a: Staraptor|Roost|p2a: Staraptor
|-heal|p2a: Staraptor|51/100
|-singleturn|p2a: Staraptor|move: Roost
|move|p1a: Gengar|Sludge Bomb|p2a: Staraptor
|-damage|p2a: Staraptor|18/100
|
|-weather|Snowscape|[upkeep]
|upkeep
|turn|5
|
|t:|1785353020
|move|p2b: Whimsicott|Encore|p1b: Vivillon
|-start|p1b: Vivillon|Encore
|move|p1b: Vivillon|Rage Powder|p1b: Vivillon
|-singleturn|p1b: Vivillon|move: Rage Powder
|move|p2a: Staraptor|Roost|p2a: Staraptor
|-heal|p2a: Staraptor|68/100
|-singleturn|p2a: Staraptor|move: Roost
|move|p1a: Gengar|Sludge Bomb|p2b: Whimsicott
|-supereffective|p2b: Whimsicott|2
|-enditem|p2b: Whimsicott|Focus Sash
|-damage|p2b: Whimsicott|1/100
|
|-weather|none
|upkeep
|turn|6
|
|t:|1785353034
|move|p1b: Vivillon|Rage Powder|p1b: Vivillon
|-singleturn|p1b: Vivillon|move: Rage Powder
|move|p2b: Whimsicott|Charm|p2a: Staraptor
|-boost|p2a: Staraptor|atk|2
|move|p2a: Staraptor|Brave Bird|p1b: Vivillon
|-supereffective|p1b: Vivillon|1
|-enditem|p1b: Vivillon|Focus Sash
|-damage|p1b: Vivillon|1/100
|-damage|p2a: Staraptor|41/100|[from] Recoil
|move|p1a: Gengar|Sludge Bomb|p2a: Staraptor
|-damage|p2a: Staraptor|10/100
|
|-end|p1a: Gengar|Encore
|-sideend|p2: KNRayquaza|move: Tailwind
|upkeep
|turn|7
|j| tedidn
|
|t:|1785353053
|move|p1b: Vivillon|Rage Powder|p1b: Vivillon
|-singleturn|p1b: Vivillon|move: Rage Powder
|move|p2b: Whimsicott|Tailwind|p2b: Whimsicott
|-sidestart|p2: KNRayquaza|move: Tailwind
|move|p2a: Staraptor|Roost|p2a: Staraptor
|-heal|p2a: Staraptor|60/100
|-singleturn|p2a: Staraptor|move: Roost
|move|p1a: Gengar|Sludge Bomb|p2a: Staraptor
|-damage|p2a: Staraptor|29/100
|
|-end|p1b: Vivillon|Encore
|upkeep
|turn|8
|
|t:|1785353067
|move|p1b: Vivillon|Rage Powder|p1b: Vivillon
|-singleturn|p1b: Vivillon|move: Rage Powder
|move|p2b: Whimsicott|Moonblast|p1b: Vivillon
|-crit|p1b: Vivillon
|-damage|p1b: Vivillon|0 fnt
|faint|p1b: Vivillon
|move|p2a: Staraptor|Brave Bird|p1a: Gengar
|-damage|p1a: Gengar|0 fnt
|faint|p1a: Gengar
|-damage|p2a: Staraptor|5/100|[from] Recoil
|
|win|KNRayquaza
