|j|☆Gen5spizzle
|j|☆iliteratepineapple
|html|Gen5spizzleiliteratepineapple    
|uhtml|bestof|Game 2 of a best-of-3
|t:|1756154988
|gametype|doubles
|player|p1|Gen5spizzle|265|1108
|player|p2|iliteratepineapple|169|1104
|gen|9
|tier|[Gen 9] VGC 2025 Reg H (Bo3)
|rated|
|rule|Species Clause: Limit one of each Pokémon
|rule|Item Clause: Limit 1 of each item
|clearpoke
|poke|p1|Flamigo, L50, M|
|poke|p1|Gholdengo, L50|
|poke|p1|Incineroar, L50, M|
|poke|p1|Ursaluna, L50, F|
|poke|p1|Porygon2, L50|
|poke|p1|Amoonguss, L50, F|
|poke|p2|Ninetales-Alola, L50, F|
|poke|p2|Gothitelle, L50, M|
|poke|p2|Murkrow, L50, F|
|poke|p2|Incineroar, L50, F|
|poke|p2|Sinistcha-Masterpiece, L50|
|poke|p2|Ursaluna, L50, F|
|teampreview|4
|showteam|p1|Flamigo||FocusSash|Scrappy|CloseCombat,BraveBird,WideGuard,Protect|||M|||50|,,,,,Ghost]Gholdengo||LifeOrb|GoodasGold|MakeItRain,ShadowBall,Protect,NastyPlot||||||50|,,,,,Dragon]Incineroar||SafetyGoggles|Intimidate|KnockOff,FlareBlitz,PartingShot,FakeOut|||M|||50|,,,,,Grass]Ursaluna||FlameOrb|Guts|Facade,HeadlongRush,Protect,Earthquake|||F|||50|,,,,,Ghost]Porygon2||Eviolite|Download|TrickRoom,Recover,IceBeam,TeraBlast||||||50|,,,,,Fighting]Amoonguss||MentalHerb|Regenerator|Spore,RagePowder,PollenPuff,SludgeBomb|||F|||50|,,,,,Water
|showteam|p2|Ninetales-Alola||FocusSash|SnowWarning|Blizzard,Encore,Disable,Protect|||F|||50|,,,,,Dark]Gothitelle||Leftovers|ShadowTag|Protect,Psychic,FakeOut,Taunt|||M|||50|,,,,,Water]Murkrow||Eviolite|Prankster|DualWingbeat,Tailwind,PerishSong,FeatherDance|||F|||50|,,,,,Ghost]Incineroar||AssaultVest|Intimidate|KnockOff,FlareBlitz,Uturn,FakeOut|||F|||50|,,,,,Bug]Sinistcha-Masterpiece||SitrusBerry|Hospitality|MatchaGotcha,RagePowder,TrickRoom,LifeDew||||||50|,,,,,Dark]Ursaluna||FlameOrb|Guts|Facade,HeadlongRush,Earthquake,Protect|||F|||50|,,,,,Ghost
|inactive|Battle timer is ON: inactive players will automatically lose when time's up. (requested by iliteratepineapple)
|inactive|Gen5spizzle has 60 seconds left.
|
|t:|1756155112
|teamsize|p1|4
|teamsize|p2|4
|start
|switch|p1a: Bouncer|Incineroar, L50, M, shiny|100/100
|switch|p1b: JG FENTWORTH|Gholdengo, L50|100/100
|switch|p2a: Gothitelle|Gothitelle, L50, M|100/100
|switch|p2b: Incineroar|Incineroar, L50, F|100/100
|-ability|p2b: Incineroar|Intimidate|boost
|-unboost|p1a: Bouncer|atk|1
|-unboost|p1b: JG FENTWORTH|atk|1
|-ability|p1a: Bouncer|Intimidate|boost
|-unboost|p2a: Gothitelle|atk|1
|-unboost|p2b: Incineroar|atk|1
|turn|1
|inactive|Gen5spizzle has 30 seconds left.
|inactive|iliteratepineapple has 30 seconds left.
|inactive|Gen5spizzle has 20 seconds left.
|inactive|Gen5spizzle has 15 seconds left.
|inactive|Gen5spizzle has 10 seconds left.
|inactive|Gen5spizzle has 5 seconds left.
|
|t:|1756155164
|move|p1b: JG FENTWORTH|Protect|p1b: JG FENTWORTH
|-singleturn|p1b: JG FENTWORTH|Protect
|move|p2a: Gothitelle|Protect|p2a: Gothitelle
|-singleturn|p2a: Gothitelle|Protect
|move|p2b: Incineroar|Knock Off|p1b: JG FENTWORTH
|-activate|p1b: JG FENTWORTH|move: Protect
|move|p1a: Bouncer|Knock Off|p2a: Gothitelle
|-activate|p2a: Gothitelle|move: Protect
|
|upkeep
|turn|2
|inactive|Gen5spizzle has 30 seconds left.
|inactive|Gen5spizzle has 20 seconds left.
|inactive|Gen5spizzle has 15 seconds left.
|inactive|Gen5spizzle has 10 seconds left.
|inactive|Gen5spizzle has 5 seconds left.
|
|t:|1756155218
|switch|p1b: Featherstone|Flamigo, L50, M|100/100
|-terastallize|p2a: Gothitelle|Water
|move|p2b: Incineroar|Knock Off|p1b: Featherstone
|-resisted|p1b: Featherstone
|-crit|p1b: Featherstone
|-damage|p1b: Featherstone|51/100
|-enditem|p1b: Featherstone|Focus Sash|[from] move: Knock Off|[of] p2b: Incineroar
|move|p2a: Gothitelle|Psychic|p1b: Featherstone
|-supereffective|p1b: Featherstone
|-damage|p1b: Featherstone|0 fnt
|faint|p1b: Featherstone
|move|p1a: Bouncer|Parting Shot|p2a: Gothitelle
|-unboost|p2a: Gothitelle|atk|1
|-unboost|p2a: Gothitelle|spa|1
|
|t:|1756155236
|switch|p1a: DJ DAFT|Porygon2, L50, shiny|100/100|[from] Parting Shot
|-ability|p1a: DJ DAFT|Download|boost
|-boost|p1a: DJ DAFT|spa|1
|
|upkeep
|
|t:|1756155250
|switch|p1b: Bouncer|Incineroar, L50, M, shiny|100/100
|-ability|p1b: Bouncer|Intimidate|boost
|-unboost|p2a: Gothitelle|atk|1
|-unboost|p2b: Incineroar|atk|1
|turn|3
|inactive|Gen5spizzle has 30 seconds left.
|inactive|Gen5spizzle has 20 seconds left.
|inactive|Gen5spizzle has 15 seconds left.
|
|t:|1756155294
|-terastallize|p1a: DJ DAFT|Fighting
|move|p2b: Incineroar|U-turn|p1a: DJ DAFT
|-resisted|p1a: DJ DAFT
|-damage|p1a: DJ DAFT|97/100
|
|t:|1756155311
|switch|p2b: Sinistcha|Sinistcha-Masterpiece, L50|100/100|[from] U-turn
|move|p2a: Gothitelle|Taunt|p1a: DJ DAFT
|-start|p1a: DJ DAFT|move: Taunt
|move|p1b: Bouncer|Parting Shot|p2a: Gothitelle
|-unboost|p2a: Gothitelle|atk|1
|-unboost|p2a: Gothitelle|spa|1
|
|t:|1756155321
|switch|p1b: JG FENTWORTH|Gholdengo, L50|100/100|[from] Parting Shot
|move|p1a: DJ DAFT|Tera Blast|p2b: Sinistcha|[anim] Tera Blast Fighting
|-immune|p2b: Sinistcha
|
|upkeep
|turn|4
|inactive|Gen5spizzle has 30 seconds left.
|inactive|iliteratepineapple has 30 seconds left.
|inactive|Gen5spizzle has 20 seconds left.
|inactive|iliteratepineapple has 20 seconds left.
|inactive|Gen5spizzle has 15 seconds left.
|inactive|iliteratepineapple has 15 seconds left.
|inactive|Gen5spizzle has 10 seconds left.
|inactive|iliteratepineapple has 10 seconds left.
|inactive|Gen5spizzle has 5 seconds left.
|inactive|iliteratepineapple has 5 seconds left.
|
|t:|1756155374
|switch|p2b: Incineroar|Incineroar, L50, F|100/100
|-ability|p2b: Incineroar|Intimidate|boost
|-unboost|p1a: DJ DAFT|atk|1
|-unboost|p1b: JG FENTWORTH|atk|1
|move|p2a: Gothitelle|Protect|p2a: Gothitelle
|-singleturn|p2a: Gothitelle|Protect
|move|p1b: JG FENTWORTH|Nasty Plot|p1b: JG FENTWORTH
|-boost|p1b: JG FENTWORTH|spa|2
|move|p1a: DJ DAFT|Ice Beam|p2b: Incineroar
|-resisted|p2b: Incineroar
|-damage|p2b: Incineroar|86/100
|
|upkeep
|turn|5
|inactive|Gen5spizzle has 30 seconds left.
|inactive|iliteratepineapple has 30 seconds left.
|inactive|Gen5spizzle has 20 seconds left.
|
|t:|1756155410
|switch|p2a: Sinistcha|Sinistcha-Masterpiece, L50|100/100
|-heal|p2b: Incineroar|100/100|[from] ability: Hospitality|[of] p2a: Sinistcha
|move|p1b: JG FENTWORTH|Protect|p1b: JG FENTWORTH
|-singleturn|p1b: JG FENTWORTH|Protect
|move|p2b: Incineroar|U-turn|p1a: DJ DAFT
|-resisted|p1a: DJ DAFT
|-damage|p1a: DJ DAFT|90/100
|
|t:|1756155418
|switch|p2b: Gothitelle|Gothitelle, L50, M, tera:Water|100/100|[from] U-turn
|move|p1a: DJ DAFT|Tera Blast|p2b: Gothitelle|[anim] Tera Blast Fighting
|-damage|p2b: Gothitelle|55/100
|
|-heal|p2b: Gothitelle|61/100|[from] item: Leftovers
|-end|p1a: DJ DAFT|move: Taunt
|upkeep
|turn|6
|inactive|Gen5spizzle has 30 seconds left.
|inactive|Gen5spizzle has 20 seconds left.
|inactive|Gen5spizzle has 15 seconds left.
|inactive|Gen5spizzle has 10 seconds left.
|inactive|iliteratepineapple has 30 seconds left.
|
|t:|1756155471
|switch|p2a: Incineroar|Incineroar, L50, F|100/100
|-ability|p2a: Incineroar|Intimidate|boost
|-unboost|p1a: DJ DAFT|atk|1
|-unboost|p1b: JG FENTWORTH|atk|1
|move|p1b: JG FENTWORTH|Make It Rain|p2b: Gothitelle|[spread] p2a,p2b
|-resisted|p2a: Incineroar
|-resisted|p2b: Gothitelle
|-damage|p2a: Incineroar|49/100
|-damage|p2b: Gothitelle|0 fnt
|-unboost|p1b: JG FENTWORTH|spa|1
|faint|p2b: Gothitelle
|-damage|p1b: JG FENTWORTH|91/100|[from] item: Life Orb
|move|p1a: DJ DAFT|Tera Blast|p2a: Incineroar|[anim] Tera Blast Fighting
|-supereffective|p2a: Incineroar
|-damage|p2a: Incineroar|0 fnt
|faint|p2a: Incineroar
|
|upkeep
|
|t:|1756155486
|switch|p2a: Sinistcha|Sinistcha-Masterpiece, L50|100/100
|switch|p2b: Ursaluna|Ursaluna, L50, F|100/100
|turn|7
|inactive|iliteratepineapple has 30 seconds left.
|
|t:|1756155518
|move|p2a: Sinistcha|Rage Powder|p2a: Sinistcha
|-singleturn|p2a: Sinistcha|move: Rage Powder
|move|p1b: JG FENTWORTH|Make It Rain|p2b: Ursaluna|[spread] p2a,p2b
|-damage|p2a: Sinistcha|12/100
|-damage|p2b: Ursaluna|0 fnt
|-unboost|p1b: JG FENTWORTH|spa|1
|-enditem|p2a: Sinistcha|Sitrus Berry|[eat]
|-heal|p2a: Sinistcha|37/100|[from] item: Sitrus Berry
|faint|p2b: Ursaluna
|-damage|p1b: JG FENTWORTH|81/100|[from] item: Life Orb
|move|p1a: DJ DAFT|Ice Beam|p2a: Sinistcha
|-supereffective|p2a: Sinistcha
|-damage|p2a: Sinistcha|0 fnt
|faint|p2a: Sinistcha
|
|win|Gen5spizzle
||Gen5spizzle is ready for game 3.
|inactive|iliteratepineapple has 30 seconds to confirm battle start!
||iliteratepineapple is ready for game 3.
|uhtml|next|Next: Game 3 of 3
|l|☆Gen5spizzle
|player|p1|
