|j|☆Uscorp
|j|☆Mongoos19
|html|UscorpMongoos19    
|uhtml|bestof|Game 1 of a best-of-3
|t:|1756842510
|gametype|doubles
|player|p1|Uscorp|hiker-gen4|1096
|player|p2|Mongoos19|169|1172
|gen|9
|tier|[Gen 9] VGC 2025 Reg H (Bo3)
|rated|
|rule|Species Clause: Limit one of each Pokémon
|rule|Item Clause: Limit 1 of each item
|clearpoke
|poke|p1|Kingambit, L50, F|
|poke|p1|Primarina, L50, M|
|poke|p1|Sneasler, L50, M|
|poke|p1|Magmar, L50, F|
|poke|p1|Rillaboom, L50, M|
|poke|p1|Dragapult, L50, M|
|poke|p2|Rillaboom, L50, M|
|poke|p2|Incineroar, L50, F|
|poke|p2|Tauros-Paldea-Aqua, L50, M|
|poke|p2|Yanmega, L50, F|
|poke|p2|Glimmora, L50, F|
|poke|p2|Dachsbun, L50, F|
|teampreview|4
|showteam|p1|Kingambit||BlackGlasses|Defiant|KowtowCleave,SuckerPunch,SwordsDance,Protect|||F|||50|,,,,,Dark]Primarina||SitrusBerry|LiquidVoice|HyperVoice,Moonblast,Haze,Protect|||M|||50|,,,,,Poison]Sneasler||FocusSash|Unburden|CloseCombat,DireClaw,Coaching,Protect|||M|||50|,,,,,Stellar]Magmar||Eviolite|VitalSpirit|HeatWave,WillOWisp,FollowMe,Protect|||F|||50|,,,,,Ghost]Rillaboom||AssaultVest|GrassySurge|WoodHammer,GrassyGlide,HighHorsepower,FakeOut|||M|||50|,,,,,Fire]Dragapult||ChoiceBand|ClearBody|DragonDarts,PhantomForce,TeraBlast,Uturn|||M|||50|,,,,,Ghost
|showteam|p2|Rillaboom||AssaultVest|GrassySurge|FakeOut,WoodHammer,GrassyGlide,Uturn|||M|||50|,,,,,Fire]Incineroar||SafetyGoggles|Intimidate|FakeOut,FlareBlitz,KnockOff,PartingShot|||F|||50|,,,,,Ghost]Tauros-Paldea-Aqua||LifeOrb|Intimidate|WaveCrash,CloseCombat,WildCharge,Protect|||M|||50|,,,,,Fire]Yanmega||FocusSash|SpeedBoost|ShadowBall,AirSlash,Tailwind,Protect|||F|||50|,,,,,Ghost]Glimmora||PowerHerb|ToxicDebris|SludgeBomb,EarthPower,MeteorBeam,SpikyShield|||F|||50|,,,,,Grass]Dachsbun||Leftovers|WellBakedBody|BodyPress,PlayRough,HelpingHand,Protect|||F|||50|,,,,,Dark
|inactive|Battle timer is ON: inactive players will automatically lose when time's up. (requested by Mongoos19)
|inactive|Uscorp has 60 seconds left.
|inactive|Mongoos19 has 60 seconds left.
|inactive|Uscorp has 30 seconds left.
|
|t:|1756842576
|teamsize|p1|4
|teamsize|p2|4
|start
|switch|p1a: Primarina|Primarina, L50, M|100/100
|switch|p1b: Dragapult|Dragapult, L50, M|100/100
|switch|p2a: Yanmega|Yanmega, L50, F|100/100
|switch|p2b: Incineroar|Incineroar, L50, F, shiny|100/100
|-ability|p2b: Incineroar|Intimidate|boost
|-unboost|p1a: Primarina|atk|1
|-fail|p1b: Dragapult|unboost|[from] ability: Clear Body|[of] p1b: Dragapult
|turn|1
|
|t:|1756842596
|move|p2b: Incineroar|Fake Out|p1a: Primarina
|-damage|p1a: Primarina|90/100
|move|p1b: Dragapult|Dragon Darts|p2b: Incineroar
|-damage|p2b: Incineroar|64/100
|-anim|p1b: Dragapult|Dragon Darts|p2a: Yanmega
|-damage|p2a: Yanmega|46/100
|move|p2a: Yanmega|Tailwind|p2a: Yanmega
|-sidestart|p2: Mongoos19|move: Tailwind
|cant|p1a: Primarina|flinch
|
|-ability|p2a: Yanmega|Speed Boost|boost
|-boost|p2a: Yanmega|spe|1
|upkeep
|turn|2
|
|t:|1756842616
|switch|p1b: Magmar|Magmar, L50, F|100/100
|move|p2a: Yanmega|Protect|p2a: Yanmega
|-singleturn|p2a: Yanmega|Protect
|move|p2b: Incineroar|Knock Off|p1b: Magmar
|-damage|p1b: Magmar|71/100
|-enditem|p1b: Magmar|Eviolite|[from] move: Knock Off|[of] p2b: Incineroar
|move|p1a: Primarina|Hyper Voice|p2a: Yanmega|[spread] p2b
|-activate|p2a: Yanmega|move: Protect
|-supereffective|p2b: Incineroar
|-damage|p2b: Incineroar|10/100
|
|-ability|p2a: Yanmega|Speed Boost|boost
|-boost|p2a: Yanmega|spe|1
|upkeep
|turn|3
|inactive|Uscorp has 30 seconds left.
|
|t:|1756842650
|switch|p2a: Tauros|Tauros-Paldea-Aqua, L50, M|100/100
|-ability|p2a: Tauros|Intimidate|boost
|-unboost|p1a: Primarina|atk|1
|-unboost|p1b: Magmar|atk|1
|move|p1b: Magmar|Follow Me|p1b: Magmar
|-singleturn|p1b: Magmar|move: Follow Me
|move|p2b: Incineroar|Parting Shot|p1b: Magmar
|-unboost|p1b: Magmar|atk|1
|-unboost|p1b: Magmar|spa|1
|
|t:|1756842666
|switch|p2b: Yanmega|Yanmega, L50, F|46/100|[from] Parting Shot
|move|p1a: Primarina|Hyper Voice|p2b: Yanmega|[spread] p2a,p2b
|-resisted|p2a: Tauros
|-damage|p2a: Tauros|76/100
|-damage|p2b: Yanmega|0 fnt
|faint|p2b: Yanmega
|
|upkeep
|inactive|Mongoos19 has 30 seconds left.
|inactive|Mongoos19 has 20 seconds left.
|inactive|Mongoos19 has 15 seconds left.
|inactive|Mongoos19 has 10 seconds left.
|
|t:|1756842715
|switch|p2b: Incineroar|Incineroar, L50, F, shiny|10/100
|-ability|p2b: Incineroar|Intimidate|boost
|-unboost|p1a: Primarina|atk|1
|-unboost|p1b: Magmar|atk|1
|turn|4
|
|t:|1756842726
|move|p1b: Magmar|Protect|p1b: Magmar
|-singleturn|p1b: Magmar|Protect
|move|p1a: Primarina|Protect|p1a: Primarina
|-singleturn|p1a: Primarina|Protect
|move|p2b: Incineroar|Fake Out|p1a: Primarina
|-activate|p1a: Primarina|move: Protect
|move|p2a: Tauros|Wave Crash|p1b: Magmar
|-activate|p1b: Magmar|move: Protect
|
|-sideend|p2: Mongoos19|move: Tailwind
|upkeep
|turn|5
|inactive|Mongoos19 has 30 seconds left.
|inactive|Mongoos19 has 20 seconds left.
|
|t:|1756842765
|switch|p1b: Dragapult|Dragapult, L50, M|100/100
|move|p2a: Tauros|Wave Crash|p1b: Dragapult
|-resisted|p1b: Dragapult
|-damage|p1b: Dragapult|51/100
|-damage|p2a: Tauros|58/100|[from] Recoil
|-damage|p2a: Tauros|48/100|[from] item: Life Orb
|move|p1a: Primarina|Hyper Voice|p2a: Tauros|[spread] p2a,p2b
|-resisted|p2a: Tauros
|-supereffective|p2b: Incineroar
|-crit|p2b: Incineroar
|-damage|p2a: Tauros|25/100
|-damage|p2b: Incineroar|0 fnt
|faint|p2b: Incineroar
|
|upkeep
|inactive|Mongoos19 has 30 seconds left.
|inactive|Mongoos19 has 20 seconds left.
|inactive|Mongoos19 has 15 seconds left.
|
|t:|1756842810
|switch|p2b: Glimmora|Glimmora, L50, F|100/100
|turn|6
|
|t:|1756842820
|-terastallize|p2b: Glimmora|Grass
|move|p1b: Dragapult|Dragon Darts|p2a: Tauros
|-damage|p2a: Tauros|0 fnt
|-anim|p1b: Dragapult|Dragon Darts|p2b: Glimmora
|-damage|p2b: Glimmora|49/100
|-activate|p2b: Glimmora|ability: Toxic Debris
|-sidestart|p1: Uscorp|move: Toxic Spikes
|faint|p2a: Tauros
|move|p2b: Glimmora|Meteor Beam||[still]
|-prepare|p2b: Glimmora|Meteor Beam
|-boost|p2b: Glimmora|spa|1
|-enditem|p2b: Glimmora|Power Herb
|-anim|p2b: Glimmora|Meteor Beam|p1b: Dragapult
|-damage|p1b: Dragapult|0 fnt
|faint|p1b: Dragapult
|move|p1a: Primarina|Hyper Voice|p2b: Glimmora
|-resisted|p2b: Glimmora
|-damage|p2b: Glimmora|21/100
|
|upkeep
|
|t:|1756842836
|switch|p1b: Magmar|Magmar, L50, F|71/100
|-status|p1b: Magmar|psn
|turn|7
|
|t:|1756842851
|move|p1b: Magmar|Follow Me|p1b: Magmar
|-singleturn|p1b: Magmar|move: Follow Me
|move|p2b: Glimmora|Earth Power|p1b: Magmar
|-supereffective|p1b: Magmar
|-damage|p1b: Magmar|0 fnt
|faint|p1b: Magmar
|move|p1a: Primarina|Hyper Voice|p2b: Glimmora
|-resisted|p2b: Glimmora
|-damage|p2b: Glimmora|0 fnt
|faint|p2b: Glimmora
|
|win|Uscorp
||Mongoos19 is ready for game 2.
|inactive|Uscorp has 30 seconds to confirm battle start!
||Uscorp is ready for game 2.
|uhtml|next|Next: Game 2 of 3
