|j|☆Spiritneko666
|j|☆Tanisha
|html|Spiritneko666Tanisha    
|uhtml|bestof|Game 3 of a best-of-3
|t:|1755900114
|gametype|doubles
|player|p1|Spiritneko666|psychic-gen4|1172
|player|p2|Tanisha|jupiter|1303
|gen|9
|tier|[Gen 9] VGC 2025 Reg H (Bo3)
|rated|
|rule|Species Clause: Limit one of each Pokémon
|rule|Item Clause: Limit 1 of each item
|clearpoke
|poke|p1|Sneasler, L50, M|
|poke|p1|Indeedee, L50, M|
|poke|p1|Ursaluna-Bloodmoon, L50, M|
|poke|p1|Electabuzz, L50, F|
|poke|p1|Incineroar, L50, M|
|poke|p1|Talonflame, L50, F|
|poke|p2|Dragonite, L50, M|
|poke|p2|Ninetales-Alola, L50, F|
|poke|p2|Rillaboom, L50, F|
|poke|p2|Gholdengo, L50|
|poke|p2|Annihilape, L50, F|
|poke|p2|Ursaluna-Bloodmoon, L50, M|
|teampreview|4
|showteam|p1|Sneasler||PsychicSeed|Unburden|CloseCombat,DireClaw,ThroatChop,Protect|||M|||50|,,,,,Dark]Indeedee||FocusSash|PsychicSurge|ExpandingForce,TrickRoom,HelpingHand,Protect|||M|||50|,,,,,Psychic]Ursaluna-Bloodmoon||LifeOrb|MindsEye|BloodMoon,HyperVoice,EarthPower,Protect|||M|||50|,,,,,Normal]Electabuzz||Eviolite|VitalSpirit|Electroweb,FollowMe,Taunt,Protect|||F|||50|,,,,,Dragon]Incineroar||SafetyGoggles|Intimidate|FlareBlitz,KnockOff,PartingShot,FakeOut|||M|||50|,,,,,Ghost]Talonflame||CovertCloak|GaleWings|FlareBlitz,DualWingbeat,WillOWisp,Tailwind|||F|||50|,,,,,Fairy
|showteam|p2|Dragonite||LoadedDice|Multiscale|ScaleShot,ExtremeSpeed,Haze,Protect|||M|||50|,,,,,Fairy]Ninetales-Alola||LightClay|SnowWarning|IcicleSpear,AuroraVeil,Blizzard,IcyWind|||F|||50|,,,,,Ghost]Rillaboom||MiracleSeed|GrassySurge|WoodHammer,GrassyGlide,FakeOut,Protect|||F|||50|,,,,,Grass]Gholdengo||LifeOrb|GoodasGold|MakeItRain,ShadowBall,NastyPlot,Protect||||||50|,,,,,Water]Annihilape||SafetyGoggles|Defiant|RageFist,DrainPunch,BulkUp,Protect|||F|||50|,,,,,Fire]Ursaluna-Bloodmoon||AssaultVest|MindsEye|BloodMoon,HyperVoice,EarthPower,VacuumWave|||M|||50|,,,,,Ghost
|inactive|Battle timer is ON: inactive players will automatically lose when time's up. (requested by Spiritneko666)
|inactive|Spiritneko666 has 60 seconds left.
|inactive|Tanisha has 60 seconds left.
|
|t:|1755900167
|teamsize|p1|4
|teamsize|p2|4
|start
|switch|p1a: Sneasler|Sneasler, L50, M|100/100
|switch|p1b: Ursaluna|Ursaluna-Bloodmoon, L50, M|100/100
|switch|p2a: Annihilape|Annihilape, L50, F|100/100
|switch|p2b: Ninetales|Ninetales-Alola, L50, F|100/100
|-weather|Snowscape|[from] ability: Snow Warning|[of] p2b: Ninetales
|turn|1
|inactive|Tanisha has 30 seconds left.
|inactive|Tanisha has 20 seconds left.
|inactive|Tanisha has 15 seconds left.
|
|t:|1755900209
|switch|p1b: Indeedee|Indeedee, L50, M|100/100
|-fieldstart|move: Psychic Terrain|[from] ability: Psychic Surge|[of] p1b: Indeedee
|-enditem|p1a: Sneasler|Psychic Seed
|-boost|p1a: Sneasler|spd|1|[from] item: Psychic Seed
|move|p1a: Sneasler|Dire Claw|p2b: Ninetales
|-supereffective|p2b: Ninetales
|-damage|p2b: Ninetales|28/100
|move|p2b: Ninetales|Icicle Spear|p2a: Annihilape
|-damage|p2a: Annihilape|94/100
|-damage|p2a: Annihilape|88/100
|-damage|p2a: Annihilape|83/100
|-hitcount|p2a: Annihilape|3
|move|p2a: Annihilape|Rage Fist|p1a: Sneasler
|-damage|p1a: Sneasler|0 fnt
|faint|p1a: Sneasler
|
|-weather|Snowscape|[upkeep]
|upkeep
|
|t:|1755900215
|switch|p1a: Talonflame|Talonflame, L50, F|100/100
|turn|2
|inactive|Tanisha has 30 seconds left.
|inactive|Tanisha has 20 seconds left.
|
|t:|1755900252
|switch|p2a: Rillaboom|Rillaboom, L50, F|100/100
|-fieldstart|move: Grassy Terrain|[from] ability: Grassy Surge|[of] p2a: Rillaboom
|move|p1a: Talonflame|Tailwind|p1a: Talonflame
|-sidestart|p1: Spiritneko666|move: Tailwind
|move|p1b: Indeedee|Expanding Force|p2a: Rillaboom
|-damage|p2a: Rillaboom|52/100
|move|p2b: Ninetales|Aurora Veil|p2b: Ninetales
|-sidestart|p2: Tanisha|move: Aurora Veil
|
|-weather|Snowscape|[upkeep]
|-heal|p2b: Ninetales|34/100|[from] Grassy Terrain
|-heal|p2a: Rillaboom|58/100|[from] Grassy Terrain
|upkeep
|turn|3
|inactive|Spiritneko666 has 30 seconds left.
|inactive|Tanisha has 30 seconds left.
|inactive|Spiritneko666 has 20 seconds left.
|inactive|Tanisha has 20 seconds left.
|inactive|Spiritneko666 has 15 seconds left.
|inactive|Tanisha has 15 seconds left.
|inactive|Spiritneko666 has 10 seconds left.
|inactive|Tanisha has 10 seconds left.
|
|t:|1755900301
|move|p1b: Indeedee|Protect|p1b: Indeedee
|-singleturn|p1b: Indeedee|Protect
|move|p2a: Rillaboom|Fake Out|p1b: Indeedee
|-activate|p1b: Indeedee|move: Protect
|move|p1a: Talonflame|Flare Blitz|p2b: Ninetales
|-supereffective|p2b: Ninetales
|-damage|p2b: Ninetales|0 fnt
|faint|p2b: Ninetales
|-damage|p1a: Talonflame|88/100|[from] Recoil
|
|-weather|Snowscape|[upkeep]
|-heal|p2a: Rillaboom|65/100|[from] Grassy Terrain
|upkeep
|
|t:|1755900313
|switch|p2b: Ursaluna|Ursaluna-Bloodmoon, L50, M|100/100
|turn|4
|
|t:|1755900333
|move|p2a: Rillaboom|Protect|p2a: Rillaboom
|-singleturn|p2a: Rillaboom|Protect
|move|p1a: Talonflame|Flare Blitz|p2a: Rillaboom
|-activate|p2a: Rillaboom|move: Protect
|move|p1b: Indeedee|Expanding Force|p2b: Ursaluna
|-damage|p2b: Ursaluna|85/100
|move|p2b: Ursaluna|Blood Moon|p1a: Talonflame
|-damage|p1a: Talonflame|0 fnt
|faint|p1a: Talonflame
|
|-weather|Snowscape|[upkeep]
|-heal|p2a: Rillaboom|71/100|[from] Grassy Terrain
|-heal|p2b: Ursaluna|91/100|[from] Grassy Terrain
|upkeep
|inactive|Spiritneko666 has 30 seconds left.
|inactive|Spiritneko666 has 20 seconds left.
|inactive|Spiritneko666 has 15 seconds left.
|inactive|Spiritneko666 has 10 seconds left.
|inactive|Spiritneko666 has 5 seconds left.
|
|t:|1755900388
|switch|p1a: Ursaluna|Ursaluna-Bloodmoon, L50, M|100/100
|turn|5
|inactive|Tanisha has 30 seconds left.
|
|t:|1755900416
|-terastallize|p1a: Ursaluna|Normal
|move|p1b: Indeedee|Helping Hand|p1a: Ursaluna
|-singleturn|p1a: Ursaluna|Helping Hand|[of] p1b: Indeedee
|move|p2a: Rillaboom|Grassy Glide|p1b: Indeedee
|-enditem|p1b: Indeedee|Focus Sash
|-damage|p1b: Indeedee|1/100
|move|p1a: Ursaluna|Hyper Voice|p2a: Rillaboom|[spread] p2a,p2b
|-damage|p2a: Rillaboom|0 fnt
|-damage|p2b: Ursaluna|50/100
|faint|p2a: Rillaboom
|-damage|p1a: Ursaluna|91/100|[from] item: Life Orb
|move|p2b: Ursaluna|Hyper Voice|p1b: Indeedee|[spread] p1a,p1b
|-damage|p1a: Ursaluna|38/100
|-damage|p1b: Indeedee|0 fnt
|faint|p1b: Indeedee
|
|-weather|none
|-heal|p1a: Ursaluna|44/100|[from] Grassy Terrain
|-heal|p2b: Ursaluna|56/100|[from] Grassy Terrain
|-sideend|p1: Spiritneko666|move: Tailwind
|upkeep
|
|t:|1755900430
|switch|p2a: Annihilape|Annihilape, L50, F|83/100
|turn|6
|-message|Spiritneko666 forfeited.
|
|win|Tanisha
|raw|Spiritneko666's rating: 1172 → 1156(-16 for losing)
|raw|Tanisha's rating: 1303 → 1316(+13 for winning)
|l|☆Spiritneko666
|player|p1|
|j|☆Spiritneko666
|player|p1|Spiritneko666|psychic-gen4|
