|j|☆kris778
|j|☆mountainman46
|html|kris778mountainman46    
|uhtml|bestof|Game 2 of a best-of-3
|t:|1756506897
|gametype|doubles
|player|p1|kris778|nate|1179
|player|p2|mountainman46|265|1082
|gen|9
|tier|[Gen 9] VGC 2025 Reg H (Bo3)
|rated|
|rule|Species Clause: Limit one of each Pokémon
|rule|Item Clause: Limit 1 of each item
|clearpoke
|poke|p1|Indeedee, L50, M|
|poke|p1|Sneasler, L50, F|
|poke|p1|Excadrill, L50, M|
|poke|p1|Magmar, L50, F|
|poke|p1|Corviknight, L50, M|
|poke|p1|Tyranitar, L50, M|
|poke|p2|Incineroar, L50, M|
|poke|p2|Ursaluna, L50, F|
|poke|p2|Pelipper, L50, M|
|poke|p2|Sinistcha, L50|
|poke|p2|Archaludon, L50, M|
|poke|p2|Dragonite, L50, M|
|teampreview|4
|showteam|p1|Indeedee||ChoiceScarf|PsychicSurge|ExpandingForce,TeraBlast,Trick,Protect|||M|||50|,,,,,Psychic]Sneasler||WhiteHerb|Unburden|FakeOut,CloseCombat,DireClaw,Coaching|||F|||50|,,,,,Flying]Excadrill||FocusSash|SandRush|Earthquake,IronHead,SwordsDance,Protect|||M|||50|,,,,,Ground]Magmar||Eviolite|VitalSpirit|HeatWave,FollowMe,HelpingHand,Protect|||F|||50|,,,,,Flying]Corviknight||PsychicSeed|MirrorArmor|BraveBird,PowerTrip,BulkUp,Roost|||M|||50|,,,,,Water]Tyranitar||AssaultVest|SandStream|RockSlide,KnockOff,LowKick,TeraBlast|||M|||50|,,,,,Flying
|showteam|p2|Incineroar||SafetyGoggles|Intimidate|FlareBlitz,KnockOff,FakeOut,PartingShot|||M|||50|,,,,,Ghost]Ursaluna||FlameOrb|Guts|Protect,Facade,HeadlongRush,Earthquake|||F|||50|,,,,,Psychic]Pelipper||FocusSash|Drizzle|Protect,MuddyWater,Hurricane,Tailwind|||M|||50|,,,,,Ground]Sinistcha||SitrusBerry|Hospitality|MatchaGotcha,LifeDew,RagePowder,TrickRoom||||||50|,,,,,Dark]Archaludon||AssaultVest|Stamina|FlashCannon,BodyPress,ElectroShot,Snarl|||M|||50|,,,,,Bug]Dragonite||LoadedDice|Multiscale|Protect,ScaleShot,Tailwind,Haze|||M|||50|,,,,,Steel
|inactive|Battle timer is ON: inactive players will automatically lose when time's up. (requested by mountainman46)
|
|t:|1756506947
|teamsize|p1|4
|teamsize|p2|4
|start
|switch|p1a: Sneasler|Sneasler, L50, F|100/100
|switch|p1b: Excadrill|Excadrill, L50, M|100/100
|switch|p2a: Incineroar|Incineroar, L50, M|100/100
|switch|p2b: Archaludon|Archaludon, L50, M|100/100
|-ability|p2a: Incineroar|Intimidate|boost
|-unboost|p1a: Sneasler|atk|1
|-unboost|p1b: Excadrill|atk|1
|-enditem|p1a: Sneasler|White Herb
|-clearnegativeboost|p1a: Sneasler|[silent]
|turn|1
|inactive|kris778 has 30 seconds left.
|inactive|mountainman46 has 30 seconds left.
|inactive|mountainman46 has 20 seconds left.
|
|t:|1756506986
|-terastallize|p2b: Archaludon|Bug
|move|p1a: Sneasler|Fake Out|p2a: Incineroar
|-damage|p2a: Incineroar|88/100
|cant|p2a: Incineroar|flinch
|move|p1b: Excadrill|Swords Dance|p1b: Excadrill
|-boost|p1b: Excadrill|atk|2
|move|p2b: Archaludon|Body Press|p1a: Sneasler
|-resisted|p1a: Sneasler
|-damage|p1a: Sneasler|81/100
|
|upkeep
|turn|2
|inactive|kris778 has 30 seconds left.
|inactive|mountainman46 has 30 seconds left.
|inactive|kris778 has 20 seconds left.
|
|t:|1756507021
|move|p1a: Sneasler|Dire Claw|p2b: Archaludon
|-damage|p2b: Archaludon|73/100
|-status|p2b: Archaludon|par
|-ability|p2b: Archaludon|Stamina|boost
|-boost|p2b: Archaludon|def|1
|move|p1b: Excadrill|Iron Head|p2b: Archaludon
|-damage|p2b: Archaludon|43/100 par
|-ability|p2b: Archaludon|Stamina|boost
|-boost|p2b: Archaludon|def|1
|move|p2a: Incineroar|Parting Shot|p1b: Excadrill
|-unboost|p1b: Excadrill|atk|1
|-unboost|p1b: Excadrill|spa|1
|
|t:|1756507036
|switch|p2a: Pelipper|Pelipper, L50, M|100/100|[from] Parting Shot
|-weather|RainDance|[from] ability: Drizzle|[of] p2a: Pelipper
|move|p2b: Archaludon|Body Press|p1b: Excadrill
|-supereffective|p1b: Excadrill
|-crit|p1b: Excadrill
|-enditem|p1b: Excadrill|Focus Sash
|-damage|p1b: Excadrill|1/100
|
|-weather|RainDance|[upkeep]
|upkeep
|turn|3
|inactive|kris778 has 30 seconds left.
|inactive|mountainman46 has 30 seconds left.
|inactive|kris778 has 20 seconds left.
|inactive|mountainman46 has 20 seconds left.
|inactive|kris778 has 15 seconds left.
|inactive|mountainman46 has 15 seconds left.
|
|t:|1756507077
|switch|p1a: Tyranitar|Tyranitar, L50, M|100/100
|-weather|Sandstorm|[from] ability: Sand Stream|[of] p1a: Tyranitar
|switch|p1b: Corviknight|Corviknight, L50, M|100/100
|switch|p2b: Incineroar|Incineroar, L50, M|88/100
|-ability|p2b: Incineroar|Intimidate|boost
|-unboost|p1a: Tyranitar|atk|1
|-ability|p1b: Corviknight|Mirror Armor
|-unboost|p2b: Incineroar|atk|1
|move|p2a: Pelipper|Muddy Water|p1b: Corviknight|[spread] p1a,p1b
|-supereffective|p1a: Tyranitar
|-damage|p1a: Tyranitar|82/100
|-damage|p1b: Corviknight|71/100
|
|-weather|Sandstorm|[upkeep]
|-damage|p2a: Pelipper|95/100|[from] Sandstorm
|upkeep
|turn|4
|inactive|kris778 has 30 seconds left.
|inactive|mountainman46 has 30 seconds left.
|
|t:|1756507108
|switch|p2a: Ursaluna|Ursaluna, L50, F|100/100
|move|p1b: Corviknight|Bulk Up|p1b: Corviknight
|-boost|p1b: Corviknight|atk|1
|-boost|p1b: Corviknight|def|1
|move|p2b: Incineroar|Flare Blitz|p1b: Corviknight
|-supereffective|p1b: Corviknight
|-damage|p1b: Corviknight|28/100
|-damage|p2b: Incineroar|74/100|[from] Recoil
|move|p1a: Tyranitar|Rock Slide|p2a: Ursaluna|[spread] p2a,p2b
|-resisted|p2a: Ursaluna
|-supereffective|p2b: Incineroar
|-damage|p2a: Ursaluna|94/100
|-damage|p2b: Incineroar|38/100
|
|-weather|Sandstorm|[upkeep]
|-status|p2a: Ursaluna|brn|[from] item: Flame Orb
|upkeep
|turn|5
|inactive|kris778 has 30 seconds left.
|inactive|mountainman46 has 30 seconds left.
|inactive|kris778 has 20 seconds left.
|inactive|mountainman46 has 20 seconds left.
|
|t:|1756507147
|-terastallize|p1b: Corviknight|Water
|move|p2a: Ursaluna|Protect|p2a: Ursaluna
|-singleturn|p2a: Ursaluna|Protect
|move|p1b: Corviknight|Power Trip|p2a: Ursaluna
|-activate|p2a: Ursaluna|move: Protect
|move|p2b: Incineroar|Flare Blitz|p1b: Corviknight
|-resisted|p1b: Corviknight
|-damage|p1b: Corviknight|19/100
|-damage|p2b: Incineroar|35/100|[from] Recoil
|move|p1a: Tyranitar|Low Kick|p2a: Ursaluna
|-activate|p2a: Ursaluna|move: Protect
|
|-weather|Sandstorm|[upkeep]
|-damage|p1b: Corviknight|13/100|[from] Sandstorm
|-damage|p2a: Ursaluna|88/100 brn|[from] brn
|upkeep
|turn|6
|inactive|mountainman46 has 30 seconds left.
|
|t:|1756507176
|switch|p2a: Pelipper|Pelipper, L50, M|95/100
|-weather|RainDance|[from] ability: Drizzle|[of] p2a: Pelipper
|move|p1b: Corviknight|Roost|p1b: Corviknight
|-heal|p1b: Corviknight|63/100
|move|p2b: Incineroar|Knock Off|p1a: Tyranitar
|-resisted|p1a: Tyranitar
|-damage|p1a: Tyranitar|70/100
|-enditem|p1a: Tyranitar|Assault Vest|[from] move: Knock Off|[of] p2b: Incineroar
|move|p1a: Tyranitar|Low Kick|p2a: Pelipper
|-resisted|p2a: Pelipper
|-damage|p2a: Pelipper|84/100
|
|-weather|RainDance|[upkeep]
|upkeep
|turn|7
|inactive|kris778 has 30 seconds left.
|
|t:|1756507203
|switch|p2b: Archaludon|Archaludon, L50, M, tera:Bug|43/100 par
|switch|p1a: Sneasler|Sneasler, L50, F|81/100
|move|p2a: Pelipper|Tailwind|p2a: Pelipper
|-sidestart|p2: mountainman46|move: Tailwind
|move|p1b: Corviknight|Brave Bird|p2a: Pelipper
|-damage|p2a: Pelipper|0 fnt
|faint|p2a: Pelipper
|-damage|p1b: Corviknight|45/100|[from] Recoil
|
|-weather|RainDance|[upkeep]
|upkeep
|
|t:|1756507219
|switch|p2a: Incineroar|Incineroar, L50, M|35/100
|-ability|p2a: Incineroar|Intimidate|boost
|-unboost|p1a: Sneasler|atk|1
|-ability|p1b: Corviknight|Mirror Armor
|-unboost|p2a: Incineroar|atk|1
|turn|8
|inactive|mountainman46 has 30 seconds left.
|inactive|mountainman46 has 20 seconds left.
|inactive|mountainman46 has 15 seconds left.
|inactive|mountainman46 has 10 seconds left.
|inactive|mountainman46 has 5 seconds left.
|
|t:|1756507269
|move|p1a: Sneasler|Fake Out|p2a: Incineroar
|-damage|p2a: Incineroar|26/100
|cant|p2a: Incineroar|flinch
|move|p2b: Archaludon|Body Press|p1b: Corviknight
|-damage|p1b: Corviknight|31/100
|move|p1b: Corviknight|Roost|p1b: Corviknight
|-heal|p1b: Corviknight|81/100
|
|-weather|RainDance|[upkeep]
|upkeep
|turn|9
|
|t:|1756507293
|move|p2a: Incineroar|Parting Shot|p1a: Sneasler
|-unboost|p1a: Sneasler|atk|1
|-unboost|p1a: Sneasler|spa|1
|
|t:|1756507296
|switch|p2a: Ursaluna|Ursaluna, L50, F|88/100 brn|[from] Parting Shot
|move|p1a: Sneasler|Close Combat|p2a: Ursaluna
|-supereffective|p2a: Ursaluna
|-damage|p2a: Ursaluna|45/100 brn
|-unboost|p1a: Sneasler|def|1
|-unboost|p1a: Sneasler|spd|1
|move|p2b: Archaludon|Electro Shot||[still]
|-prepare|p2b: Archaludon|Electro Shot
|-boost|p2b: Archaludon|spa|1
|-anim|p2b: Archaludon|Electro Shot|p1b: Corviknight
|-supereffective|p1b: Corviknight
|-damage|p1b: Corviknight|0 fnt
|faint|p1b: Corviknight
|
|-weather|RainDance|[upkeep]
|-damage|p2a: Ursaluna|39/100 brn|[from] brn
|upkeep
|
|t:|1756507312
|switch|p1b: Tyranitar|Tyranitar, L50, M|70/100
|-weather|Sandstorm|[from] ability: Sand Stream|[of] p1b: Tyranitar
|turn|10
|inactive|mountainman46 has 30 seconds left.
|inactive|mountainman46 has 20 seconds left.
|
|t:|1756507347
|switch|p2a: Incineroar|Incineroar, L50, M|26/100
|-ability|p2a: Incineroar|Intimidate|boost
|-unboost|p1a: Sneasler|atk|1
|-unboost|p1b: Tyranitar|atk|1
|move|p1a: Sneasler|Dire Claw|p2b: Archaludon
|-damage|p2b: Archaludon|32/100 par
|-ability|p2b: Archaludon|Stamina|boost
|-boost|p2b: Archaludon|def|1
|move|p2b: Archaludon|Flash Cannon|p1b: Tyranitar
|-supereffective|p1b: Tyranitar
|-crit|p1b: Tyranitar
|-damage|p1b: Tyranitar|0 fnt
|faint|p1b: Tyranitar
|
|-weather|Sandstorm|[upkeep]
|-damage|p1a: Sneasler|75/100|[from] Sandstorm
|-damage|p2b: Archaludon|26/100 par|[from] Sandstorm
|-sideend|p2: mountainman46|move: Tailwind
|upkeep
|
|t:|1756507363
|switch|p1b: Excadrill|Excadrill, L50, M|1/100
|turn|11
|inactive|mountainman46 has 30 seconds left.
|
|t:|1756507388
|switch|p2a: Ursaluna|Ursaluna, L50, F|39/100 brn
|move|p1b: Excadrill|Protect|p1b: Excadrill
|-singleturn|p1b: Excadrill|Protect
|move|p1a: Sneasler|Close Combat|p2a: Ursaluna
|-supereffective|p2a: Ursaluna
|-damage|p2a: Ursaluna|0 fnt
|-unboost|p1a: Sneasler|def|1
|-unboost|p1a: Sneasler|spd|1
|faint|p2a: Ursaluna
|move|p2b: Archaludon|Flash Cannon|p1a: Sneasler
|-damage|p1a: Sneasler|0 fnt
|faint|p1a: Sneasler
|
|-weather|Sandstorm|[upkeep]
|-damage|p2b: Archaludon|20/100 par|[from] Sandstorm
|upkeep
|
|t:|1756507403
|switch|p2a: Incineroar|Incineroar, L50, M|26/100
|-ability|p2a: Incineroar|Intimidate|boost
|-unboost|p1b: Excadrill|atk|1
|turn|12
|
|t:|1756507422
|move|p1b: Excadrill|Protect||[still]
|-fail|p1b: Excadrill
|move|p2a: Incineroar|Fake Out|p1b: Excadrill
|-resisted|p1b: Excadrill
|-damage|p1b: Excadrill|0 fnt
|faint|p1b: Excadrill
|
|win|mountainman46
|raw|kris778's rating: 1179 → 1147(-32 for losing)
|raw|mountainman46's rating: 1082 → 1117(+35 for winning)
|l|☆kris778
|player|p1|
