|j|☆znivs
|j|☆Alj-kun
|html|znivsAlj-kun    
|uhtml|bestof|Game 1 of a best-of-3
|t:|1784295365
|gametype|doubles
|player|p1|znivs|101|
|player|p2|Alj-kun|benga|
|gen|9
|tier|[Gen 9 Champions] VGC 2026 Reg M-B (Bo3)
|rule|Species Clause: Limit one of each Pokémon
|rule|Item Clause: Limit 1 of each item
|clearpoke
|poke|p1|Charizard, L50, F|
|poke|p1|Kingambit, L50, M|
|poke|p1|Farigiraf, L50, M|
|poke|p1|Sylveon, L50, M|
|poke|p1|Garchomp, L50, M|
|poke|p1|Aerodactyl, L50, F|
|poke|p2|Froslass, L50, F|
|poke|p2|Blaziken, L50, F|
|poke|p2|Dragonite, L50, F|
|poke|p2|Toxapex, L50, F|
|poke|p2|Sneasler, L50, M|
|poke|p2|Kingambit, L50, F|
|teampreview|4
|showteam|p1|Charizard||CharizarditeY|Blaze|HeatWave,WeatherBall,SolarBeam,Protect|Modest||F|||50|]Kingambit||FocusSash|Defiant|KowtowCleave,SuckerPunch,IronHead,LowKick|Adamant||M|||50|]Farigiraf||SitrusBerry|ArmorTail|TwinBeam,Thunderbolt,TrickRoom,HelpingHand|Bold||M|||50|]Sylveon||FairyFeather|Pixilate|HyperVoice,Yawn,QuickAttack,Detect|Modest||M|||50|]Garchomp||LifeOrb|RoughSkin|Earthquake,StompingTantrum,DragonClaw,Protect|Jolly||M|||50|]Aerodactyl||Aerodactylite|Unnerve|RockSlide,DualWingbeat,IceFang,Tailwind|Jolly||F|||50|
|showteam|p2|Froslass||Froslassite|SnowCloak|AuroraVeil,Blizzard,ShadowBall,Protect|Timid||F|||50|]Blaziken||Blazikenite|SpeedBoost|CloseCombat,FlareBlitz,RockSlide,Detect|Adamant||F|||50|]Dragonite||LifeOrb|InnerFocus|DragonClaw,ExtremeSpeed,LowKick,Protect|Jolly||F|||50|]Toxapex||Leftovers|Regenerator|Infestation,Toxic,WideGuard,BanefulBunker|Bold||F|||50|]Sneasler||FocusSash|PoisonTouch|CloseCombat,PoisonJab,FakeOut,Protect|Adamant||M|||50|]Kingambit||BlackGlasses|Defiant|SuckerPunch,IronHead,KowtowCleave,Protect|Adamant||F|||50|
|inactive|Battle timer is ON: inactive players will automatically lose when time's up. (requested by znivs)
|
|t:|1784295448
|teamsize|p1|4
|teamsize|p2|4
|start
|switch|p1a: Aerodactyl|Aerodactyl, L50, F|100/100
|switch|p1b: Garchomp|Garchomp, L50, M|100/100
|switch|p2a: Froslass|Froslass, L50, F|100/100
|switch|p2b: Blaziken|Blaziken, L50, F|100/100
|-ability|p1a: Aerodactyl|Unnerve
|turn|1
|
|t:|1784295467
|detailschange|p2a: Froslass|Froslass-Mega, L50, F
|-mega|p2a: Froslass|Froslass|Froslassite
|-weather|Snowscape|[from] ability: Snow Warning|[of] p2a: Froslass
|move|p1b: Garchomp|Protect|p1b: Garchomp
|-singleturn|p1b: Garchomp|Protect
|move|p2b: Blaziken|Detect|p2b: Blaziken
|-singleturn|p2b: Blaziken|Protect
|move|p1a: Aerodactyl|Tailwind|p1a: Aerodactyl
|-sidestart|p1: znivs|move: Tailwind
|move|p2a: Froslass|Aurora Veil|p2a: Froslass
|-sidestart|p2: Alj-kun|move: Aurora Veil
|
|-weather|Snowscape|[upkeep]
|-ability|p2b: Blaziken|Speed Boost|boost
|-boost|p2b: Blaziken|spe|1
|upkeep
|turn|2
|inactive|Alj-kun has 30 seconds left.
|
|t:|1784295492
|switch|p2b: Dragonite|Dragonite, L50, F|100/100
|move|p1a: Aerodactyl|Rock Slide|p2b: Dragonite|[spread] p2a,p2b
|-supereffective|p2a: Froslass|1
|-supereffective|p2b: Dragonite|1
|-damage|p2a: Froslass|76/100
|-damage|p2b: Dragonite|77/100
|move|p1b: Garchomp|Earthquake|p2b: Dragonite|[spread] p2a
|-immune|p1a: Aerodactyl
|-immune|p2b: Dragonite
|-damage|p2a: Froslass|50/100g
|-damage|p1b: Garchomp|90/100|[from] item: Life Orb
|move|p2a: Froslass|Blizzard|p1b: Garchomp|[spread] p1a,p1b
|-supereffective|p1a: Aerodactyl|1
|-supereffective|p1b: Garchomp|2
|-damage|p1a: Aerodactyl|6/100
|-damage|p1b: Garchomp|0 fnt
|faint|p1b: Garchomp
|
|-weather|Snowscape|[upkeep]
|upkeep
|
|t:|1784295515
|switch|p1b: Charizard|Charizard, L50, F|100/100
|turn|3
|
|t:|1784295528
|detailschange|p1b: Charizard|Charizard-Mega-Y, L50, F
|-mega|p1b: Charizard|Charizard|Charizardite Y
|-weather|SunnyDay|[from] ability: Drought|[of] p1b: Charizard
|move|p2a: Froslass|Protect|p2a: Froslass
|-singleturn|p2a: Froslass|Protect
|move|p2b: Dragonite|Extreme Speed|p1a: Aerodactyl
|-resisted|p1a: Aerodactyl|1
|-damage|p1a: Aerodactyl|0 fnt
|faint|p1a: Aerodactyl
|-damage|p2b: Dragonite|67/100|[from] item: Life Orb
|move|p1b: Charizard|Heat Wave|p2a: Froslass|[spread] 
|-activate|p2a: Froslass|move: Protect
|-miss|p1b: Charizard|p2b: Dragonite
|
|-weather|SunnyDay|[upkeep]
|upkeep
|
|t:|1784295535
|switch|p1a: Farigiraf|Farigiraf, L50, M|100/100
|turn|4
|
|t:|1784295548
|switch|p2a: Blaziken|Blaziken, L50, F|100/100
|move|p1a: Farigiraf|Helping Hand|p1b: Charizard
|-singleturn|p1b: Charizard|Helping Hand|[of] p1a: Farigiraf
|move|p2b: Dragonite|Protect|p2b: Dragonite
|-singleturn|p2b: Dragonite|Protect
|move|p1b: Charizard|Heat Wave|p2a: Blaziken|[spread] p2a
|-activate|p2b: Dragonite|move: Protect
|-resisted|p2a: Blaziken|1
|-damage|p2a: Blaziken|57/100
|
|-weather|SunnyDay|[upkeep]
|-sideend|p1: znivs|move: Tailwind
|upkeep
|turn|5
|inactive|Alj-kun has 30 seconds left.
|inactive|Alj-kun has 20 seconds left.
|inactive|znivs has 30 seconds left.
|
|t:|1784295589
|move|p1b: Charizard|Protect|p1b: Charizard
|-singleturn|p1b: Charizard|Protect
|move|p2a: Blaziken|Detect|p2a: Blaziken
|-singleturn|p2a: Blaziken|Protect
|move|p2b: Dragonite|Dragon Claw|p1b: Charizard
|-activate|p1b: Charizard|move: Protect
|move|p1a: Farigiraf|Trick Room|p1a: Farigiraf
|-fieldstart|move: Trick Room|[of] p1a: Farigiraf
|
|-weather|SunnyDay|[upkeep]
|-sideend|p2: Alj-kun|move: Aurora Veil
|-ability|p2a: Blaziken|Speed Boost|boost
|-boost|p2a: Blaziken|spe|1
|upkeep
|turn|6
|inactive|Alj-kun has 30 seconds left.
|inactive|Alj-kun has 20 seconds left.
|inactive|Alj-kun has 15 seconds left.
|inactive|Alj-kun has 10 seconds left.
|inactive|Alj-kun has 5 seconds left.
|
|t:|1784295644
|move|p1a: Farigiraf|Twin Beam|p2a: Blaziken
|-supereffective|p2a: Blaziken|1
|-damage|p2a: Blaziken|9/100
|-supereffective|p2a: Blaziken|1
|-damage|p2a: Blaziken|0 fnt
|faint|p2a: Blaziken
|-hitcount|p2: Blaziken|2
|move|p2b: Dragonite|Dragon Claw|p1b: Charizard
|-damage|p1b: Charizard|42/100
|-damage|p2b: Dragonite|58/100|[from] item: Life Orb
|move|p1b: Charizard|Heat Wave|p2b: Dragonite
|-resisted|p2b: Dragonite|1
|-damage|p2b: Dragonite|17/100
|
|-weather|SunnyDay|[upkeep]
|upkeep
|
|t:|1784295658
|switch|p2a: Froslass|Froslass-Mega, L50, F|50/100g
|-weather|Snowscape|[from] ability: Snow Warning|[of] p2a: Froslass
|turn|7
|
|t:|1784295666
|move|p2b: Dragonite|Extreme Speed||[still]
|cant|p1a: Farigiraf|ability: Armor Tail|Extreme Speed|[of] p2b: Dragonite
|move|p1a: Farigiraf|Thunderbolt|p2b: Dragonite
|-damage|p2b: Dragonite|0 fnt
|faint|p2b: Dragonite
|move|p1b: Charizard|Heat Wave|p2a: Froslass
|-supereffective|p2a: Froslass|1
|-damage|p2a: Froslass|0 fnt
|faint|p2a: Froslass
|
|-weather|Snowscape|[upkeep]
|upkeep
|
|t:|1784295678
|switch|p2a: Kingambit|Kingambit, L50, F|100/100
|turn|8
|
|t:|1784295684
|move|p1a: Farigiraf|Helping Hand|p1b: Charizard
|-singleturn|p1b: Charizard|Helping Hand|[of] p1a: Farigiraf
|move|p2a: Kingambit|Sucker Punch||[still]
|cant|p1a: Farigiraf|ability: Armor Tail|Sucker Punch|[of] p2a: Kingambit
|move|p1b: Charizard|Heat Wave|p2a: Kingambit
|-supereffective|p2a: Kingambit|1
|-damage|p2a: Kingambit|0 fnt
|faint|p2a: Kingambit
|
|win|znivs
|inactive|znivs has 30 seconds to confirm battle start!
|inactive|Alj-kun has 30 seconds to confirm battle start!
||znivs is ready for game 2.
|l|☆Alj-kun
|player|p2|
|inactive|Alj-kun has 20 seconds to confirm battle start!
|inactive|Alj-kun has 10 seconds to confirm battle start!
||Alj-kun is ready for game 2.
|uhtml|next|Next: Game 2 of 3
