|j|â˜†snailboss
|j|â˜†AntiSemeticWolfe
|html|snailbossAntiSemeticWolfe    
|uhtml|bestof|Game 3 of a best-of-3
|t:|1756688264
|gametype|doubles
|player|p1|snailboss|102|1101
|player|p2|AntiSemeticWolfe|jessiejames-gen1|1103
|gen|9
|tier|[Gen 9] VGC 2025 Reg H (Bo3)
|rated|
|rule|Species Clause: Limit one of each PokÃ©mon
|rule|Item Clause: Limit 1 of each item
|clearpoke
|poke|p1|Zoroark-Hisui, L50, M|
|poke|p1|Tyranitar, L50, F|
|poke|p1|Excadrill, L50, M|
|poke|p1|Indeedee-F, L50, F|
|poke|p1|Gallade, L50, M|
|poke|p1|Talonflame, L50, M|
|poke|p2|Talonflame, L50, F|
|poke|p2|Garchomp, L50, M|
|poke|p2|Corviknight, L50, F|
|poke|p2|Tyranitar, L50, M|
|poke|p2|Primarina, L50, F|
|poke|p2|Archaludon, L50, M|
|teampreview|4
|showteam|p1|Zoroark-Hisui||ChoiceSpecs|Illusion|HyperVoice,Flamethrower,ShadowBall,HyperBeam|||M|||50|,,,,,Normal]Tyranitar||AssaultVest|SandStream|RockSlide,KnockOff,LowKick,TeraBlast|||F|||50|,,,,,Flying]Excadrill||FocusSash|SandRush|IronHead,Protect,SwordsDance,Earthquake|||M|||50|,,,,,Ground]Indeedee-F||SafetyGoggles|PsychicSurge|TrickRoom,FollowMe,Psychic,HelpingHand|||F|||50|,,,,,Water]Gallade||ClearAmulet|Sharpness|PsychoCut,TrickRoom,WideGuard,SacredSword|||M|||50|,,,,,Grass]Talonflame||CovertCloak|GaleWings|Tailwind,BraveBird,FlareBlitz,Taunt|||M|||50|,,,,,Stellar
|showteam|p2|Talonflame||SafetyGoggles|GaleWings|DualWingbeat,Tailwind,Taunt,Protect|||F|||50|,,,,,Ghost]Garchomp||BrightPowder|SandVeil|Earthquake,StompingTantrum,DragonClaw,Protect|||M|||50|,,,,,Fire]Corviknight||Leftovers|MirrorArmor|IronDefense,BodyPress,Protect,BraveBird|||F|||50|,,,,,Dark]Tyranitar||AssaultVest|SandStream|KnockOff,TeraBlast,RockSlide,LowKick|||M|||50|,,,,,Flying]Primarina||SitrusBerry|LiquidVoice|HyperVoice,Moonblast,Haze,Protect|||F|||50|,,,,,Poison]Archaludon||PowerHerb|Sturdy|ElectroShot,FlashCannon,DragonPulse,Protect|||M|||50|,,,,,Stellar
|inactive|Battle timer is ON: inactive players will automatically lose when time's up. (requested by AntiSemeticWolfe)
|
|t:|1756688322
|teamsize|p1|4
|teamsize|p2|4
|start
|switch|p1a: Butter|Indeedee-F, L50, F|100/100
|switch|p1b: Alistair|Gallade, L50, M|100/100
|switch|p2a: Primarina|Primarina, L50, F|100/100
|switch|p2b: Tyranitar|Tyranitar, L50, M|100/100
|-fieldstart|move: Psychic Terrain|[from] ability: Psychic Surge|[of] p1a: Butter
|-weather|Sandstorm|[from] ability: Sand Stream|[of] p2b: Tyranitar
|turn|1
|inactive|snailboss has 30 seconds left.
|inactive|snailboss has 20 seconds left.
|
|t:|1756688363
|move|p1a: Butter|Follow Me|p1a: Butter
|-singleturn|p1a: Butter|move: Follow Me
|move|p2b: Tyranitar|Rock Slide|p1a: Butter|[spread] p1a,p1b
|-resisted|p1b: Alistair
|-damage|p1a: Butter|69/100
|-damage|p1b: Alistair|77/100
|cant|p1b: Alistair|flinch
|move|p2a: Primarina|Hyper Voice|p1a: Butter|[spread] p1a,p1b
|-damage|p1a: Butter|32/100
|-damage|p1b: Alistair|45/100
|
|-weather|Sandstorm|[upkeep]
|-damage|p2a: Primarina|94/100|[from] Sandstorm
|-damage|p1b: Alistair|40/100|[from] Sandstorm
|upkeep
|turn|2
|inactive|AntiSemeticWolfe has 30 seconds left.
|inactive|AntiSemeticWolfe has 20 seconds left.
|
|t:|1756688400
|move|p1b: Alistair|Wide Guard|p1b: Alistair
|-singleturn|p1b: Alistair|Wide Guard
|move|p2a: Primarina|Hyper Voice|p1a: Butter|[spread] 
|-activate|p1a: Butter|move: Wide Guard
|-activate|p1b: Alistair|move: Wide Guard
|move|p2b: Tyranitar|Knock Off|p1a: Butter
|-supereffective|p1a: Butter
|-damage|p1a: Butter|0 fnt
|-enditem|p1a: Butter|Safety Goggles|[from] move: Knock Off|[of] p2b: Tyranitar
|faint|p1a: Butter
|
|-weather|Sandstorm|[upkeep]
|-damage|p1b: Alistair|34/100|[from] Sandstorm
|-damage|p2a: Primarina|88/100|[from] Sandstorm
|upkeep
|
|t:|1756688414
|switch|p1a: Alice|Tyranitar, L50, F|100/100
|turn|3
|inactive|snailboss has 30 seconds left.
|inactive|AntiSemeticWolfe has 30 seconds left.
|inactive|snailboss has 20 seconds left.
|inactive|AntiSemeticWolfe has 20 seconds left.
|inactive|snailboss has 15 seconds left.
|inactive|snailboss has 10 seconds left.
|
|t:|1756688460
|switch|p2b: Corviknight|Corviknight, L50, F|100/100
|move|p1b: Alistair|Wide Guard|p1b: Alistair
|-singleturn|p1b: Alistair|Wide Guard
|move|p1a: Alice|Hyper Voice|p2a: Primarina|[spread] p2a,p2b
|-resisted|p2b: Corviknight
|-damage|p2a: Primarina|46/100
|-damage|p2b: Corviknight|81/100
|-enditem|p2a: Primarina|Sitrus Berry|[eat]
|-heal|p2a: Primarina|71/100|[from] item: Sitrus Berry
|move|p2a: Primarina|Moonblast|p1b: Alistair
|-supereffective|p1b: Alistair
|-damage|p1b: Alistair|0 fnt
|faint|p1b: Alistair
|
|-weather|Sandstorm|[upkeep]
|-damage|p1a: Alice|94/100|[from] Sandstorm
|-damage|p2a: Primarina|65/100|[from] Sandstorm
|-heal|p2b: Corviknight|87/100|[from] item: Leftovers
|upkeep
|
|t:|1756688472
|switch|p1b: Alice|Tyranitar, L50, F|100/100
|turn|4
|
|t:|1756688485
|-terastallize|p1b: Alice|Flying
|move|p2b: Corviknight|Protect|p2b: Corviknight
|-singleturn|p2b: Corviknight|Protect
|move|p2a: Primarina|Protect|p2a: Primarina
|-singleturn|p2a: Primarina|Protect
|move|p1a: Alice|Hyper Voice|p2a: Primarina|[spread] 
|-activate|p2a: Primarina|move: Protect
|-activate|p2b: Corviknight|move: Protect
|move|p1b: Alice|Rock Slide|p2b: Corviknight|[spread] 
|-activate|p2a: Primarina|move: Protect
|-activate|p2b: Corviknight|move: Protect
|
|-weather|Sandstorm|[upkeep]
|-damage|p1a: Alice|88/100|[from] Sandstorm
|-damage|p1b: Alice|95/100|[from] Sandstorm
|-damage|p2a: Primarina|59/100|[from] Sandstorm
|-heal|p2b: Corviknight|93/100|[from] item: Leftovers
|upkeep
|turn|5
|
|t:|1756688500
|move|p1a: Alice|Hyper Voice|p2b: Corviknight|[spread] p2a,p2b
|-resisted|p2b: Corviknight
|-damage|p2a: Primarina|16/100
|-damage|p2b: Corviknight|76/100
|move|p1b: Alice|Rock Slide|p2a: Primarina|[spread] p2a,p2b
|-damage|p2a: Primarina|0 fnt
|-damage|p2b: Corviknight|51/100
|faint|p2a: Primarina
|cant|p2b: Corviknight|flinch
|
|-weather|none
|-heal|p2b: Corviknight|57/100|[from] item: Leftovers
|-fieldend|move: Psychic Terrain
|upkeep
|j|@pants
|l|@pants
|c|â˜†snailboss|behold my double godzilla attack
|
|t:|1756688514
|switch|p2a: Archaludon|Archaludon, L50, M|100/100
|turn|6
|
|t:|1756688535
|move|p2b: Corviknight|Protect|p2b: Corviknight
|-singleturn|p2b: Corviknight|Protect
|move|p1a: Alice|Hyper Voice|p2a: Archaludon|[spread] p2a
|-activate|p2b: Corviknight|move: Protect
|-resisted|p2a: Archaludon
|-damage|p2a: Archaludon|59/100
|move|p2a: Archaludon|Electro Shot||[still]
|-prepare|p2a: Archaludon|Electro Shot
|-boost|p2a: Archaludon|spa|1
|-enditem|p2a: Archaludon|Power Herb
|-anim|p2a: Archaludon|Electro Shot|p1b: Alice
|-supereffective|p1b: Alice
|-damage|p1b: Alice|1/100
|move|p1b: Alice|Rock Slide|p2b: Corviknight|[spread] p2a
|-activate|p2b: Corviknight|move: Protect
|-resisted|p2a: Archaludon
|-damage|p2a: Archaludon|46/100
|
|-heal|p2b: Corviknight|63/100|[from] item: Leftovers
|upkeep
|turn|7
|
|t:|1756688556
|switch|p2b: Tyranitar|Tyranitar, L50, M|100/100
|-weather|Sandstorm|[from] ability: Sand Stream|[of] p2b: Tyranitar
|move|p2a: Archaludon|Protect|p2a: Archaludon
|-singleturn|p2a: Archaludon|Protect
|move|p1a: Alice|Hyper Voice|p2a: Archaludon|[spread] p2b
|-activate|p2a: Archaludon|move: Protect
|-resisted|p2b: Tyranitar
|-damage|p2b: Tyranitar|91/100
|move|p1b: Alice|Rock Slide|p2b: Tyranitar|[spread] p2b
|-activate|p2a: Archaludon|move: Protect
|-damage|p2b: Tyranitar|66/100
|
|-weather|Sandstorm|[upkeep]
|-damage|p1a: Alice|82/100|[from] Sandstorm
|-damage|p1b: Alice|0 fnt|[from] Sandstorm
|faint|p1b: Alice
|upkeep
|turn|8
|-message|snailboss forfeited.
|
|win|AntiSemeticWolfe
|raw|snailboss's rating: 1101 → 1076(-25 for losing)
|raw|AntiSemeticWolfe's rating: 1103 → 1128(+25 for winning)
