|j|☆Gottkomplexe
|j|☆Ethan159
|html|GottkomplexeEthan159    
|uhtml|bestof|Game 3 of a best-of-3
|t:|1783531230
|gametype|doubles
|player|p1|Gottkomplexe|ilima|
|player|p2|Ethan159|steven|
|gen|9
|tier|[Gen 9 Champions] VGC 2026 Reg M-B (Bo3)
|rule|Species Clause: Limit one of each Pokémon
|rule|Item Clause: Limit 1 of each item
|clearpoke
|poke|p1|Charizard, L50, M|
|poke|p1|Annihilape, L50, M|
|poke|p1|Incineroar, L50, F|
|poke|p1|Sneasler, L50, M|
|poke|p1|Sinistcha, L50|
|poke|p1|Floette-Eternal, L50, F|
|poke|p2|Altaria, L50, F|
|poke|p2|Gengar, L50, M|
|poke|p2|Scrafty, L50, F|
|poke|p2|Whimsicott, L50, M|
|poke|p2|Meowstic, L50, M|
|poke|p2|Bastiodon, L50, F|
|teampreview|4
|showteam|p1|Charizard||CharizarditeX|Blaze|FlareBlitz,DragonClaw,DragonDance,Protect|Adamant||M|||50|]Annihilape||ChoiceScarf|Defiant|CloseCombat,ShadowClaw,RageFist,Coaching|Adamant||M|||50|]Incineroar||Leftovers|Intimidate|FlareBlitz,FakeOut,PartingShot,HelpingHand|Sassy||F|||50|]Sneasler||FocusSash|PoisonTouch|CloseCombat,PoisonJab,FakeOut,Protect|Jolly||M|||50|]Sinistcha||SitrusBerry|Hospitality|MatchaGotcha,RagePowder,TrickRoom,Protect|Bold|||||50|]Floette-Eternal||Floettite|FlowerVeil|DazzlingGleam,DrainingKiss,CalmMind,Protect|Modest||F|||50|
|showteam|p2|Altaria||Altarianite|CloudNine|Protect,HyperVoice,CottonGuard,PerishSong|Modest||F|||50|]Gengar||Gengarite|CursedBody|Protect,ShadowBall,PerishSong,EnergyBall|Timid||M|||50|]Scrafty||RoseliBerry|Moxie|Payback,Detect,DrainPunch,RockSlide|Adamant||F|||50|]Whimsicott||FocusSash|Prankster|Protect,Encore,Tailwind,Moonblast|Timid||M|||50|]Meowstic||ColburBerry|Prankster|FakeTears,PsychicNoise,RainDance,Charm|Calm||M|||50|]Bastiodon||ChopleBerry|Soundproof|BodyPress,HeavySlam,Protect,Roar|Impish||F|||50|
|inactive|Battle timer is ON: inactive players will automatically lose when time's up. (requested by Gottkomplexe)
|inactive|Gottkomplexe has 60 seconds left.
|inactive|Ethan159 has 60 seconds left.
|
|t:|1783531287
|teamsize|p1|4
|teamsize|p2|4
|start
|switch|p1a: Annihilape|Annihilape, L50, M|100/100
|switch|p1b: Floette|Floette-Eternal, L50, F|100/100
|switch|p2a: Altaria|Altaria, L50, F|100/100
|switch|p2b: Whimsicott|Whimsicott, L50, M|100/100
|-ability|p2a: Altaria|Cloud Nine
|turn|1
|inactive|Gottkomplexe has 30 seconds left.
|inactive|Ethan159 has 30 seconds left.
|
|t:|1783531315
|switch|p1a: Incineroar|Incineroar, L50, F|100/100
|-ability|p1a: Incineroar|Intimidate|boost
|-unboost|p2a: Altaria|atk|1
|-unboost|p2b: Whimsicott|atk|1
|detailschange|p2a: Altaria|Altaria-Mega, L50, F
|-mega|p2a: Altaria|Altaria|Altarianite
|move|p2b: Whimsicott|Moonblast|p1a: Incineroar
|-damage|p1a: Incineroar|75/100
|move|p1b: Floette|Calm Mind|p1b: Floette
|-boost|p1b: Floette|spa|1
|-boost|p1b: Floette|spd|1
|move|p2a: Altaria|Hyper Voice|p1a: Incineroar|[spread] p1a,p1b
|-crit|p1b: Floette
|-damage|p1a: Incineroar|44/100
|-damage|p1b: Floette|47/100
|
|-heal|p1a: Incineroar|50/100g|[from] item: Leftovers
|upkeep
|turn|2
|inactive|Ethan159 has 30 seconds left.
|
|t:|1783531341
|detailschange|p1b: Floette|Floette-Mega, L50, F
|-mega|p1b: Floette|Floette|Floettite
|-ability|p1b: Floette|Fairy Aura
|move|p2b: Whimsicott|Protect|p2b: Whimsicott
|-singleturn|p2b: Whimsicott|Protect
|move|p2a: Altaria|Protect|p2a: Altaria
|-singleturn|p2a: Altaria|Protect
|move|p1a: Incineroar|Fake Out|p2b: Whimsicott
|-activate|p2b: Whimsicott|move: Protect
|move|p1b: Floette|Dazzling Gleam|p2a: Altaria|[spread] 
|-activate|p2a: Altaria|move: Protect
|-activate|p2b: Whimsicott|move: Protect
|
|-heal|p1a: Incineroar|56/100|[from] item: Leftovers
|upkeep
|turn|3
|
|t:|1783531363
|switch|p1a: Sinistcha|Sinistcha, L50|100/100
|-heal|p1b: Floette|72/100|[from] ability: Hospitality|[of] p1a: Sinistcha
|move|p2b: Whimsicott|Tailwind|p2b: Whimsicott
|-sidestart|p2: Ethan159|move: Tailwind
|move|p2a: Altaria|Hyper Voice|p1a: Sinistcha|[spread] p1a,p1b
|-crit|p1b: Floette
|-damage|p1a: Sinistcha|47/100
|-damage|p1b: Floette|15/100
|-enditem|p1a: Sinistcha|Sitrus Berry|[eat]
|-heal|p1a: Sinistcha|72/100|[from] item: Sitrus Berry
|move|p1b: Floette|Dazzling Gleam|p2a: Altaria|[spread] p2a,p2b
|-supereffective|p2a: Altaria|1
|-damage|p2a: Altaria|0 fnt
|-enditem|p2b: Whimsicott|Focus Sash
|-damage|p2b: Whimsicott|1/100
|faint|p2a: Altaria
|
|upkeep
|
|t:|1783531382
|switch|p2a: Scrafty|Scrafty, L50, F|100/100
|turn|4
|
|t:|1783531402
|switch|p1a: Incineroar|Incineroar, L50, F|56/100
|-ability|p1a: Incineroar|Intimidate|boost
|-unboost|p2a: Scrafty|atk|1
|-unboost|p2b: Whimsicott|atk|1
|move|p1b: Floette|Protect|p1b: Floette
|-singleturn|p1b: Floette|Protect
|move|p2b: Whimsicott|Moonblast|p1b: Floette
|-activate|p1b: Floette|move: Protect
|move|p2a: Scrafty|Payback|p1a: Incineroar
|-resisted|p1a: Incineroar|1
|-damage|p1a: Incineroar|50/100g
|
|-heal|p1a: Incineroar|56/100|[from] item: Leftovers
|upkeep
|turn|5
|inactive|Gottkomplexe has 30 seconds left.
|
|t:|1783531434
|switch|p1a: Sinistcha|Sinistcha, L50|72/100
|-heal|p1b: Floette|40/100|[from] ability: Hospitality|[of] p1a: Sinistcha
|move|p2b: Whimsicott|Protect|p2b: Whimsicott
|-singleturn|p2b: Whimsicott|Protect
|move|p2a: Scrafty|Detect|p2a: Scrafty
|-singleturn|p2a: Scrafty|Protect
|move|p1b: Floette|Draining Kiss|p2a: Scrafty
|-activate|p2a: Scrafty|move: Protect
|
|upkeep
|turn|6
|inactive|Ethan159 has 30 seconds left.
|inactive|Ethan159 has 20 seconds left.
|inactive|Ethan159 has 15 seconds left.
|inactive|Ethan159 has 10 seconds left.
|
|t:|1783531482
|move|p1a: Sinistcha|Rage Powder|p1a: Sinistcha
|-singleturn|p1a: Sinistcha|move: Rage Powder
|move|p2b: Whimsicott|Moonblast|p1b: Floette
|-damage|p1b: Floette|15/100
|move|p2a: Scrafty|Rock Slide|p1b: Floette|[spread] p1a,p1b
|-crit|p1a: Sinistcha
|-damage|p1a: Sinistcha|51/100
|-damage|p1b: Floette|5/100
|cant|p1b: Floette|flinch
|
|-sideend|p2: Ethan159|move: Tailwind
|upkeep
|turn|7
|inactive|Gottkomplexe has 30 seconds left.
|inactive|Ethan159 has 30 seconds left.
|inactive|Ethan159 has 20 seconds left.
|
|t:|1783531519
|switch|p1b: Incineroar|Incineroar, L50, F|56/100
|-ability|p1b: Incineroar|Intimidate|boost
|-unboost|p2a: Scrafty|atk|1
|-unboost|p2b: Whimsicott|atk|1
|move|p2b: Whimsicott|Moonblast|p1b: Incineroar
|-damage|p1b: Incineroar|28/100
|move|p2a: Scrafty|Rock Slide|p1b: Incineroar|[spread] p1a,p1b
|-supereffective|p1b: Incineroar|1
|-damage|p1a: Sinistcha|45/100
|-damage|p1b: Incineroar|15/100
|move|p1a: Sinistcha|Trick Room|p1a: Sinistcha
|-fieldstart|move: Trick Room|[of] p1a: Sinistcha
|
|-heal|p1b: Incineroar|21/100|[from] item: Leftovers
|upkeep
|turn|8
|inactive|Ethan159 has 30 seconds left.
|inactive|Ethan159 has 20 seconds left.
|inactive|Ethan159 has 15 seconds left.
|inactive|Gottkomplexe has 30 seconds left.
|inactive|Ethan159 has 10 seconds left.
|
|t:|1783531570
|switch|p1a: Annihilape|Annihilape, L50, M|100/100
|switch|p2b: Meowstic|Meowstic, L50, M|100/100
|move|p1b: Incineroar|Fake Out|p2b: Meowstic
|-damage|p2b: Meowstic|87/100
|move|p2a: Scrafty|Rock Slide|p1a: Annihilape|[spread] p1a,p1b
|-resisted|p1a: Annihilape|1
|-supereffective|p1b: Incineroar|1
|-damage|p1a: Annihilape|95/100
|-damage|p1b: Incineroar|7/100
|
|-heal|p1b: Incineroar|13/100|[from] item: Leftovers
|upkeep
|turn|9
|inactive|Gottkomplexe has 30 seconds left.
|inactive|Ethan159 has 30 seconds left.
|inactive|Gottkomplexe has 20 seconds left.
|
|t:|1783531609
|switch|p1b: Sinistcha|Sinistcha, L50|45/100
|-heal|p1a: Annihilape|100/100|[from] ability: Hospitality|[of] p1b: Sinistcha
|switch|p1a: Floette|Floette-Mega, L50, F|5/100
|-ability|p1a: Floette|Fairy Aura
|move|p2a: Scrafty|Rock Slide|p1b: Sinistcha|[spread] p1a
|-miss|p2a: Scrafty|p1b: Sinistcha
|-damage|p1a: Floette|0 fnt
|faint|p1a: Floette
|-ability|p2a: Scrafty|Moxie|boost
|-boost|p2a: Scrafty|atk|1
|move|p2b: Meowstic|Psychic Noise|p1b: Sinistcha
|-damage|p1b: Sinistcha|22/100
|-start|p1b: Sinistcha|move: Heal Block
|
|upkeep
|
|t:|1783531621
|switch|p1a: Incineroar|Incineroar, L50, F|13/100
|-ability|p1a: Incineroar|Intimidate|boost
|-unboost|p2a: Scrafty|atk|1
|-unboost|p2b: Meowstic|atk|1
|turn|10
|inactive|Ethan159 has 30 seconds left.
|
|t:|1783531655
|switch|p2a: Whimsicott|Whimsicott, L50, M|1/100
|move|p1b: Sinistcha|Protect|p1b: Sinistcha
|-singleturn|p1b: Sinistcha|Protect
|move|p1a: Incineroar|Fake Out|p2a: Whimsicott
|-damage|p2a: Whimsicott|0 fnt
|faint|p2a: Whimsicott
|move|p2b: Meowstic|Psychic Noise|p1b: Sinistcha
|-activate|p1b: Sinistcha|move: Protect
|
|-heal|p1a: Incineroar|19/100|[from] item: Leftovers
|-end|p1b: Sinistcha|move: Heal Block
|upkeep
|
|t:|1783531670
|switch|p2a: Scrafty|Scrafty, L50, F|100/100
|turn|11
|
|t:|1783531685
|move|p1a: Incineroar|Flare Blitz|p2b: Meowstic
|-damage|p2b: Meowstic|35/100
|-damage|p1a: Incineroar|6/100|[from] Recoil
|move|p2a: Scrafty|Rock Slide|p1b: Sinistcha|[spread] p1a,p1b
|-supereffective|p1a: Incineroar|1
|-damage|p1a: Incineroar|0 fnt
|-damage|p1b: Sinistcha|9/100
|faint|p1a: Incineroar
|-ability|p2a: Scrafty|Moxie|boost
|-boost|p2a: Scrafty|atk|1
|cant|p1b: Sinistcha|flinch
|move|p2b: Meowstic|Psychic Noise|p1b: Sinistcha
|-damage|p1b: Sinistcha|0 fnt
|faint|p1b: Sinistcha
|
|-fieldend|move: Trick Room
|upkeep
|inactive|Gottkomplexe has 30 seconds left.
|c|☆Gottkomplexe|says "lucky" while it doesn´t do anything is crazy
|
|t:|1783531717
|switch|p1b: Annihilape|Annihilape, L50, M|100/100
|turn|12
|inactive|Ethan159 has 30 seconds left.
|inactive|Ethan159 has 20 seconds left.
|
|t:|1783531756
|move|p2b: Meowstic|Charm|p1b: Annihilape
|-unboost|p1b: Annihilape|atk|2
|-ability|p1b: Annihilape|Defiant|boost
|-boost|p1b: Annihilape|atk|2
|move|p1b: Annihilape|Close Combat|p2b: Meowstic
|-resisted|p2b: Meowstic|1
|-damage|p2b: Meowstic|1/100
|-unboost|p1b: Annihilape|def|1
|-unboost|p1b: Annihilape|spd|1
|move|p2a: Scrafty|Payback|p1b: Annihilape
|-damage|p1b: Annihilape|0 fnt
|faint|p1b: Annihilape
|
|win|Ethan159
|c|☆Ethan159|gg
|l|☆Ethan159
|player|p2|
