|j|☆naibot2814
|j|☆KingKlangg
|html|naibot2814KingKlangg    
|uhtml|bestof|Game 1 of a best-of-3
|t:|1782254465
|gametype|doubles
|player|p1|naibot2814|ghetsis|1291
|player|p2|KingKlangg|pokemaniac|1181
|gen|9
|tier|[Gen 9 Champions] VGC 2026 Reg M-B (Bo3)
|rated|
|rule|Species Clause: Limit one of each Pokémon
|rule|Item Clause: Limit 1 of each item
|clearpoke
|poke|p1|Aerodactyl, L50, M|
|poke|p1|Charizard, L50, M|
|poke|p1|Kingambit, L50, M|
|poke|p1|Sylveon, L50, F|
|poke|p1|Garchomp, L50, M, shiny|
|poke|p1|Farigiraf, L50, F|
|poke|p2|Swampert, L50, M|
|poke|p2|Archaludon, L50, M|
|poke|p2|Pelipper, L50, M|
|poke|p2|Sinistcha, L50|
|poke|p2|Sableye, L50, M|
|poke|p2|Annihilape, L50, M|
|teampreview|4
|showteam|p1|Aerodactyl||Aerodactylite|Unnerve|RockSlide,DualWingbeat,IceFang,Tailwind|Jolly||M|||50|]Charizard||CharizarditeY|Blaze|WeatherBall,HeatWave,SolarBeam,Protect|Modest||M|||50|]Kingambit||FocusSash|Defiant|KowtowCleave,SuckerPunch,LowKick,IronHead|Adamant||M|||50|]Sylveon||FairyFeather|Pixilate|HyperVoice,HyperBeam,QuickAttack,Protect|Serious||F|||50|]Garchomp||LifeOrb|SandVeil|DragonClaw,StompingTantrum,Earthquake,Protect|Jolly||M|||50|]Farigiraf||SitrusBerry|ArmorTail|TwinBeam,Thunderbolt,TrickRoom,Roar|Bold||F|||50|
|showteam|p2|Swampert||Swampertite|Torrent|Protect,WaveCrash,HighHorsepower,IcePunch|Jolly||M|||50|]Archaludon||Leftovers|Stamina|ElectroShot,Protect,FlashCannon,DragonPulse|Modest||M|||50|]Pelipper||SitrusBerry|Drizzle|WeatherBall,Tailwind,Hurricane,WideGuard|Modest||M|||50|]Sinistcha||KasibBerry|Hospitality|RagePowder,MatchaGotcha,TrickRoom,Protect|Modest|||||50|]Sableye||RoseliBerry|Prankster|RainDance,WillOWisp,Reflect,LightScreen|Serious||M|||50|]Annihilape||LifeOrb|Defiant|DrainPunch,RageFist,BulkUp,Protect|Adamant||M|||50|
|inactive|Battle timer is ON: inactive players will automatically lose when time's up. (requested by KingKlangg)
|
|t:|1782254504
|teamsize|p1|4
|teamsize|p2|4
|start
|switch|p1a: Sylveon|Sylveon, L50, F|100/100
|switch|p1b: Farigiraf|Farigiraf, L50, F|100/100
|switch|p2a: Swampert|Swampert, L50, M|100/100
|switch|p2b: Sableye|Sableye, L50, M|100/100
|turn|1
|inactive|naibot2814 has 30 seconds left.
|
|t:|1782254530
|detailschange|p2a: Swampert|Swampert-Mega, L50, M
|-mega|p2a: Swampert|Swampert|Swampertite
|move|p1a: Sylveon|Protect|p1a: Sylveon
|-singleturn|p1a: Sylveon|Protect
|move|p2b: Sableye|Rain Dance|p2b: Sableye
|-weather|RainDance
|move|p2a: Swampert|Wave Crash|p1b: Farigiraf
|-damage|p1b: Farigiraf|13/100
|-enditem|p1b: Farigiraf|Sitrus Berry|[eat]
|-heal|p1b: Farigiraf|38/100|[from] item: Sitrus Berry
|-damage|p2a: Swampert|64/100|[from] Recoil
|move|p1b: Farigiraf|Trick Room|p1b: Farigiraf
|-fieldstart|move: Trick Room|[of] p1b: Farigiraf
|
|-weather|RainDance|[upkeep]
|upkeep
|turn|2
|
|t:|1782254547
|switch|p2a: Archaludon|Archaludon, L50, M|100/100
|move|p2b: Sableye|Light Screen|p2b: Sableye
|-sidestart|p2: KingKlangg|move: Light Screen
|move|p1a: Sylveon|Hyper Beam|p2a: Archaludon
|-damage|p2a: Archaludon|40/100
|-mustrecharge|p1a: Sylveon
|-ability|p2a: Archaludon|Stamina|boost
|-boost|p2a: Archaludon|def|1
|move|p1b: Farigiraf|Roar|p1a: Sylveon
|drag|p1a: Kingambit|Kingambit, L50, M|100/100
|
|-weather|RainDance|[upkeep]
|-heal|p2a: Archaludon|46/100|[from] item: Leftovers
|upkeep
|turn|3
|
|t:|1782254570
|switch|p1b: Sylveon|Sylveon, L50, F|100/100
|move|p2b: Sableye|Will-O-Wisp|p1a: Kingambit
|-hint|Since gen 7, Dark is immune to Prankster moves.
|-immune|p1a: Kingambit
|move|p1a: Kingambit|Kowtow Cleave|p2b: Sableye
|-damage|p2b: Sableye|40/100
|move|p2a: Archaludon|Electro Shot||[still]
|-prepare|p2a: Archaludon|Electro Shot
|-boost|p2a: Archaludon|spa|1
|-anim|p2a: Archaludon|Electro Shot|p1b: Sylveon
|-damage|p1b: Sylveon|50/100g
|
|-weather|RainDance|[upkeep]
|-heal|p2a: Archaludon|52/100|[from] item: Leftovers
|upkeep
|turn|4
|
|t:|1782254591
|move|p2b: Sableye|Reflect|p2b: Sableye
|-sidestart|p2: KingKlangg|Reflect
|move|p1b: Sylveon|Hyper Beam|p2a: Archaludon
|-damage|p2a: Archaludon|0 fnt
|-mustrecharge|p1b: Sylveon
|faint|p2a: Archaludon
|move|p1a: Kingambit|Kowtow Cleave|p2b: Sableye
|-damage|p2b: Sableye|0 fnt
|faint|p2b: Sableye
|
|-weather|RainDance|[upkeep]
|upkeep
|
|t:|1782254597
|switch|p2b: Annihilape|Annihilape, L50, M|100/100
|switch|p2a: Swampert|Swampert-Mega, L50, M|64/100
|turn|5
|
|t:|1782254610
|cant|p1b: Sylveon|recharge
|move|p1a: Kingambit|Kowtow Cleave|p2a: Swampert
|-damage|p2a: Swampert|35/100
|move|p2b: Annihilape|Bulk Up|p2b: Annihilape
|-boost|p2b: Annihilape|atk|1
|-boost|p2b: Annihilape|def|1
|move|p2a: Swampert|High Horsepower|p1a: Kingambit
|-supereffective|p1a: Kingambit|1
|-damage|p1a: Kingambit|10/100
|
|-weather|none
|-fieldend|move: Trick Room
|upkeep
|turn|6
|inactive|KingKlangg has 30 seconds left.
|inactive|KingKlangg has 20 seconds left.
|
|t:|1782254646
|move|p1a: Kingambit|Sucker Punch|p2a: Swampert
|-damage|p2a: Swampert|10/100
|move|p1b: Sylveon|Quick Attack|p2a: Swampert
|-damage|p2a: Swampert|1/100
|move|p2b: Annihilape|Drain Punch|p1a: Kingambit
|-supereffective|p1a: Kingambit|2
|-damage|p1a: Kingambit|0 fnt
|faint|p1a: Kingambit
|-damage|p2b: Annihilape|90/100|[from] item: Life Orb
|move|p2a: Swampert|Wave Crash|p1b: Sylveon
|-damage|p1b: Sylveon|0 fnt
|faint|p1b: Sylveon
|-damage|p2a: Swampert|0 fnt|[from] Recoil
|faint|p2a: Swampert
|
|-sideend|p2: KingKlangg|move: Light Screen
|upkeep
|
|t:|1782254656
|switch|p1a: Charizard|Charizard, L50, M|100/100
|switch|p1b: Farigiraf|Farigiraf, L50, F|38/100
|turn|7
|
|t:|1782254675
|detailschange|p1a: Charizard|Charizard-Mega-Y, L50, M
|-mega|p1a: Charizard|Charizard|Charizardite Y
|-weather|SunnyDay|[from] ability: Drought|[of] p1a: Charizard
|move|p2b: Annihilape|Protect|p2b: Annihilape
|-singleturn|p2b: Annihilape|Protect
|move|p1a: Charizard|Weather Ball|p2b: Annihilape
|-activate|p2b: Annihilape|move: Protect
|move|p1b: Farigiraf|Trick Room|p1b: Farigiraf
|-fieldstart|move: Trick Room|[of] p1b: Farigiraf
|
|-weather|SunnyDay|[upkeep]
|upkeep
|turn|8
|
|t:|1782254691
|move|p1b: Farigiraf|Twin Beam|p2b: Annihilape
|-supereffective|p2b: Annihilape|1
|-damage|p2b: Annihilape|55/100
|-supereffective|p2b: Annihilape|1
|-damage|p2b: Annihilape|21/100
|-hitcount|p2b: Annihilape|2
|move|p1a: Charizard|Weather Ball|p2b: Annihilape
|-damage|p2b: Annihilape|0 fnt
|faint|p2b: Annihilape
|
|win|naibot2814
||KingKlangg is ready for game 2.
|inactive|naibot2814 has 30 seconds to confirm battle start!
||naibot2814 is ready for game 2.
|uhtml|next|Next: Game 2 of 3
|l|☆KingKlangg
|player|p2|
