|j|☆blfuller_4
|j|☆wester7
|html|blfuller_4wester7    
|uhtml|bestof|Game 1 of a best-of-3
|t:|1757743028
|gametype|doubles
|player|p1|blfuller_4|skyla|1310
|player|p2|wester7|1|1229
|gen|9
|tier|[Gen 9] VGC 2025 Reg H (Bo3)
|rated|
|rule|Species Clause: Limit one of each Pokémon
|rule|Item Clause: Limit 1 of each item
|clearpoke
|poke|p1|Incineroar, L50, M|
|poke|p1|Jumpluff, L50, M|
|poke|p1|Torkoal, L50, F|
|poke|p1|Porygon2, L50|
|poke|p1|Ursaluna, L50, F|
|poke|p1|Typhlosion-Hisui, L50, F|
|poke|p2|Orthworm, L50, F|
|poke|p2|Ursaluna, L50, M|
|poke|p2|Dragonite, L50, F|
|poke|p2|Ninetales-Alola, L50, M|
|poke|p2|Incineroar, L50, M|
|poke|p2|Rabsca, L50, M|
|teampreview|4
|showteam|p1|Incineroar||SafetyGoggles|Intimidate|FlareBlitz,KnockOff,PartingShot,FakeOut|||M|||50|,,,,,Ghost]Jumpluff||CovertCloak|Chlorophyll|SleepPowder,Tailwind,RagePowder,SunnyDay|||M|||50|,,,,,Water]Torkoal||EjectPack|Drought|Overheat,HelpingHand,Eruption,Protect|||F|||50|,,,,,Fire]Porygon2||Eviolite|Download|IceBeam,TeraBlast,TrickRoom,Recover||||||50|,,,,,Fighting]Ursaluna||FlameOrb|Guts|HeadlongRush,Earthquake,Facade,Protect|||F|||50|,,,,,Ghost]Typhlosion-Hisui||ChoiceSpecs|Blaze|Eruption,Overheat,HeatWave,ShadowBall|||F|||50|,,,,,Fire
|showteam|p2|Orthworm||SitrusBerry|EarthEater|HeavySlam,ShedTail,BodyPress,Protect|||F|||50|,,,,,Poison]Ursaluna||FlameOrb|Guts|Facade,Earthquake,HeadlongRush,Protect|||M|||50|,,,,,Ghost]Dragonite||LoadedDice|Multiscale|ScaleShot,Tailwind,Haze,Protect|||F|||50|,,,,,Fairy]Ninetales-Alola||FocusSash|SnowWarning|AuroraVeil,Blizzard,Moonblast,Protect|||M|||50|,,,,,Ghost]Incineroar||AssaultVest|Intimidate|FakeOut,FlareBlitz,KnockOff,Uturn|||M|||50|,,,,,Grass]Rabsca||SafetyGoggles|Telepathy|TrickRoom,RevivalBlessing,EarthPower,Psychic|||M|||50|,,,,,Ground
|
|t:|1757743059
|teamsize|p1|4
|teamsize|p2|4
|start
|switch|p1a: Jumpluff|Jumpluff, L50, M|100/100
|switch|p1b: Typhlosion|Typhlosion-Hisui, L50, F|100/100
|switch|p2a: Incineroar|Incineroar, L50, M|100/100
|switch|p2b: Rabsca|Rabsca, L50, M|100/100
|-ability|p2a: Incineroar|Intimidate|boost
|-unboost|p1a: Jumpluff|atk|1
|-unboost|p1b: Typhlosion|atk|1
|turn|1
|
|t:|1757743082
|-terastallize|p1b: Typhlosion|Fire
|-terastallize|p2b: Rabsca|Ground
|move|p2a: Incineroar|Fake Out|p1b: Typhlosion
|-damage|p1b: Typhlosion|84/100
|move|p1a: Jumpluff|Sleep Powder|p2a: Incineroar
|-status|p2a: Incineroar|slp|[from] move: Sleep Powder
|cant|p1b: Typhlosion|flinch
|move|p2b: Rabsca|Trick Room|p2b: Rabsca
|-fieldstart|move: Trick Room|[of] p2b: Rabsca
|
|upkeep
|turn|2
|
|t:|1757743108
|switch|p2a: Ursaluna|Ursaluna, L50, M|100/100
|switch|p1b: Ursaluna|Ursaluna, L50, F|100/100
|move|p2b: Rabsca|Earth Power|p1b: Ursaluna
|-damage|p1b: Ursaluna|57/100
|-unboost|p1b: Ursaluna|spd|1
|move|p1a: Jumpluff|Sleep Powder|p2a: Ursaluna
|-status|p2a: Ursaluna|slp|[from] move: Sleep Powder
|
|-status|p1b: Ursaluna|brn|[from] item: Flame Orb
|upkeep
|turn|3
|
|t:|1757743147
|switch|p2b: Incineroar|Incineroar, L50, M|100/100 slp
|-ability|p2b: Incineroar|Intimidate|boost
|-unboost|p1a: Jumpluff|atk|1
|-unboost|p1b: Ursaluna|atk|1
|switch|p2a: Ninetales|Ninetales-Alola, L50, M|100/100
|-weather|Snowscape|[from] ability: Snow Warning|[of] p2a: Ninetales
|switch|p1a: Incineroar|Incineroar, L50, M|100/100
|-ability|p1a: Incineroar|Intimidate|boost
|-unboost|p2a: Ninetales|atk|1
|-unboost|p2b: Incineroar|atk|1
|move|p1b: Ursaluna|Protect||[still]
|-fail|p1b: Ursaluna
|
|-weather|Snowscape|[upkeep]
|-damage|p1b: Ursaluna|51/100 brn|[from] brn
|upkeep
|turn|4
|
|t:|1757743198
|cant|p2b: Incineroar|slp
|move|p1a: Incineroar|Fake Out|p2a: Ninetales
|-damage|p2a: Ninetales|89/100
|move|p1b: Ursaluna|Facade|p2b: Incineroar
|-damage|p2b: Incineroar|40/100 slp
|cant|p2a: Ninetales|flinch
|
|-weather|Snowscape|[upkeep]
|-damage|p1b: Ursaluna|45/100 brn|[from] brn
|upkeep
|turn|5
|
|t:|1757743226
|move|p2a: Ninetales|Protect|p2a: Ninetales
|-singleturn|p2a: Ninetales|Protect
|cant|p2b: Incineroar|slp
|move|p1b: Ursaluna|Facade|p2a: Ninetales
|-activate|p2a: Ninetales|move: Protect
|move|p1a: Incineroar|Flare Blitz|p2a: Ninetales
|-activate|p2a: Ninetales|move: Protect
|
|-weather|Snowscape|[upkeep]
|-damage|p1b: Ursaluna|39/100 brn|[from] brn
|-fieldend|move: Trick Room
|upkeep
|turn|6
|
|t:|1757743270
|move|p1b: Ursaluna|Protect|p1b: Ursaluna
|-singleturn|p1b: Ursaluna|Protect
|move|p2a: Ninetales|Aurora Veil|p2a: Ninetales
|-sidestart|p2: wester7|move: Aurora Veil
|move|p1a: Incineroar|Parting Shot|p2a: Ninetales
|-unboost|p2a: Ninetales|atk|1
|-unboost|p2a: Ninetales|spa|1
|
|t:|1757743277
|switch|p1a: Jumpluff|Jumpluff, L50, M|100/100|[from] Parting Shot
|-curestatus|p2b: Incineroar|slp|[msg]
|move|p2b: Incineroar|U-turn|p1a: Jumpluff
|-damage|p1a: Jumpluff|84/100
|
|t:|1757743298
|switch|p2b: Rabsca|Rabsca, L50, M, tera:Ground|100/100|[from] U-turn
|
|-weather|Snowscape|[upkeep]
|-damage|p1b: Ursaluna|34/100 brn|[from] brn
|upkeep
|turn|7
|
|t:|1757743319
|switch|p2a: Ursaluna|Ursaluna, L50, M|100/100 slp
|move|p1a: Jumpluff|Sleep Powder|p2a: Ursaluna
|-fail|p2a: Ursaluna|slp
|move|p1b: Ursaluna|Facade|p2b: Rabsca
|-damage|p2b: Rabsca|48/100
|move|p2b: Rabsca|Trick Room|p2b: Rabsca
|-fieldstart|move: Trick Room|[of] p2b: Rabsca
|
|-weather|none
|-damage|p1b: Ursaluna|28/100 brn|[from] brn
|upkeep
|turn|8
|
|t:|1757743340
|switch|p2a: Incineroar|Incineroar, L50, M|40/100
|-ability|p2a: Incineroar|Intimidate|boost
|-unboost|p1a: Jumpluff|atk|1
|-unboost|p1b: Ursaluna|atk|1
|switch|p1a: Incineroar|Incineroar, L50, M|100/100
|-ability|p1a: Incineroar|Intimidate|boost
|-unboost|p2a: Incineroar|atk|1
|-unboost|p2b: Rabsca|atk|1
|move|p1b: Ursaluna|Protect|p1b: Ursaluna
|-singleturn|p1b: Ursaluna|Protect
|move|p2b: Rabsca|Psychic|p1b: Ursaluna
|-activate|p1b: Ursaluna|move: Protect
|
|-damage|p1b: Ursaluna|22/100 brn|[from] brn
|upkeep
|turn|9
|
|t:|1757743364
|switch|p1b: Jumpluff|Jumpluff, L50, M|84/100
|move|p2a: Incineroar|Fake Out|p1a: Incineroar
|-damage|p1a: Incineroar|94/100
|move|p2b: Rabsca|Psychic|p1b: Jumpluff
|-damage|p1b: Jumpluff|38/100
|cant|p1a: Incineroar|flinch
|
|upkeep
|turn|10
|
|t:|1757743393
|move|p2b: Rabsca|Psychic|p1b: Jumpluff
|-damage|p1b: Jumpluff|0 fnt
|faint|p1b: Jumpluff
|move|p2a: Incineroar|U-turn|p1a: Incineroar
|-damage|p1a: Incineroar|82/100
|
|t:|1757743399
|switch|p2a: Ursaluna|Ursaluna, L50, M|100/100 slp|[from] U-turn
|move|p1a: Incineroar|Knock Off|p2a: Ursaluna
|-damage|p2a: Ursaluna|78/100 slp
|-enditem|p2a: Ursaluna|Flame Orb|[from] move: Knock Off|[of] p1a: Incineroar
|
|-sideend|p2: wester7|move: Aurora Veil
|upkeep
|
|t:|1757743406
|switch|p1b: Ursaluna|Ursaluna, L50, F|22/100 brn
|turn|11
|
|t:|1757743417
|move|p1b: Ursaluna|Protect|p1b: Ursaluna
|-singleturn|p1b: Ursaluna|Protect
|move|p2b: Rabsca|Earth Power|p1a: Incineroar
|-supereffective|p1a: Incineroar
|-damage|p1a: Incineroar|0 fnt
|faint|p1a: Incineroar
|cant|p2a: Ursaluna|slp
|
|-damage|p1b: Ursaluna|16/100 brn|[from] brn
|-fieldend|move: Trick Room
|upkeep
|
|t:|1757743426
|switch|p1a: Typhlosion|Typhlosion-Hisui, L50, F, tera:Fire|84/100
|turn|12
|inactive|Battle timer is ON: inactive players will automatically lose when time's up. (requested by blfuller_4)
|
|t:|1757743495
|move|p1a: Typhlosion|Eruption|p2b: Rabsca|[spread] p2a,p2b
|-damage|p2a: Ursaluna|1/100 slp
|-damage|p2b: Rabsca|0 fnt
|faint|p2b: Rabsca
|move|p1b: Ursaluna|Headlong Rush|p2a: Ursaluna
|-damage|p2a: Ursaluna|0 fnt
|-unboost|p1b: Ursaluna|def|1
|-unboost|p1b: Ursaluna|spd|1
|faint|p2a: Ursaluna
|
|-damage|p1b: Ursaluna|10/100 brn|[from] brn
|upkeep
|
|t:|1757743501
|switch|p2a: Ninetales|Ninetales-Alola, L50, M|89/100
|switch|p2b: Incineroar|Incineroar, L50, M|40/100
|-weather|Snowscape|[from] ability: Snow Warning|[of] p2a: Ninetales
|-ability|p2b: Incineroar|Intimidate|boost
|-unboost|p1a: Typhlosion|atk|1
|-unboost|p1b: Ursaluna|atk|1
|turn|13
|
|t:|1757743516
|move|p1b: Ursaluna|Protect|p1b: Ursaluna
|-singleturn|p1b: Ursaluna|Protect
|move|p2b: Incineroar|Fake Out|p1a: Typhlosion
|-damage|p1a: Typhlosion|67/100
|move|p2a: Ninetales|Blizzard|p1a: Typhlosion|[spread] p1a
|-activate|p1b: Ursaluna|move: Protect
|-resisted|p1a: Typhlosion
|-damage|p1a: Typhlosion|46/100
|cant|p1a: Typhlosion|flinch
|
|-weather|Snowscape|[upkeep]
|-damage|p1b: Ursaluna|4/100 brn|[from] brn
|upkeep
|turn|14
|
|t:|1757743528
|move|p1b: Ursaluna|Protect||[still]
|-fail|p1b: Ursaluna
|move|p2a: Ninetales|Blizzard|p1b: Ursaluna|[spread] p1a,p1b
|-resisted|p1a: Typhlosion
|-supereffective|p1b: Ursaluna
|-damage|p1a: Typhlosion|26/100
|-damage|p1b: Ursaluna|0 fnt
|faint|p1b: Ursaluna
|move|p1a: Typhlosion|Eruption|p2a: Ninetales|[spread] p2a,p2b
|-supereffective|p2a: Ninetales
|-resisted|p2b: Incineroar
|-damage|p2a: Ninetales|0 fnt
|-damage|p2b: Incineroar|27/100
|faint|p2a: Ninetales
|move|p2b: Incineroar|Knock Off|p1a: Typhlosion
|-damage|p1a: Typhlosion|0 fnt
|-enditem|p1a: Typhlosion|Choice Specs|[from] move: Knock Off|[of] p2b: Incineroar
|faint|p1a: Typhlosion
|
|win|wester7
||blfuller_4 is ready for game 2.
|inactive|wester7 has 30 seconds to confirm battle start!
||wester7 is ready for game 2.
|uhtml|next|Next: Game 2 of 3
