|j|☆b7blastoise
|j|☆INT JAGUARR
|html|b7blastoiseINT JAGUARR    
|uhtml|bestof|Game 2 of a best-of-3
|t:|1784503383
|gametype|doubles
|player|p1|b7blastoise|lance|
|player|p2|INT JAGUARR|ethan|
|gen|9
|tier|[Gen 9 Champions] VGC 2026 Reg M-B (Bo3)
|rule|Species Clause: Limit one of each Pokémon
|rule|Item Clause: Limit 1 of each item
|clearpoke
|poke|p1|Staraptor, L50, M|
|poke|p1|Maushold-Four, L50|
|poke|p1|Basculegion, L50, M|
|poke|p1|Delphox, L50, F|
|poke|p1|Ninetales-Alola, L50, F|
|poke|p1|Kingambit, L50, F|
|poke|p2|Gardevoir, L50, F, shiny|
|poke|p2|Maushold, L50, shiny|
|poke|p2|Kingambit, L50, F, shiny|
|poke|p2|Talonflame, L50, M|
|poke|p2|Basculegion, L50, M|
|poke|p2|Kommo-o, L50, F|
|teampreview|4
|showteam|p1|Staraptor||Staraptite|Intimidate|Protect,Tailwind,CloseCombat,BraveBird|Adamant||M|||50|]Maushold-Four||FocusSash|FriendGuard|Protect,SuperFang,FollowMe,Encore|Jolly|||||50|]Basculegion||ChoiceScarf|Adaptability|WaveCrash,FlipTurn,AquaJet,LastRespects|Jolly||M|||50|]Delphox||Delphoxite|Blaze|Protect,Substitute,HeatWave,Psyshock|Timid||F|||50|]Ninetales-Alola||NeverMeltIce|SnowWarning|Protect,IcyWind,Blizzard,FreezeDry|Timid||F|||50|]Kingambit||BlackGlasses|Defiant|Protect,IronHead,SuckerPunch,KowtowCleave|Adamant||F|||50|
|showteam|p2|Gardevoir||Gardevoirite|Trace|HyperVoice,Protect,VacuumWave,Psyshock|Modest||F|||50|]Maushold||FocusSash|FriendGuard|FollowMe,Protect,Taunt,SuperFang|Timid|||||50|]Kingambit||BlackGlasses|Defiant|KowtowCleave,Protect,LowKick,SuckerPunch|Adamant||F|||50|]Talonflame||SharpBeak|GaleWings|BraveBird,Protect,Tailwind,QuickGuard|Adamant||M|||50|]Basculegion||ChoiceScarf|Adaptability|WaveCrash,FlipTurn,AquaJet,LastRespects|Jolly||M|||50|]Kommo-o||LifeOrb|Soundproof|ClangingScales,AuraSphere,DracoMeteor,Protect|Modest||F|||50|
|inactive|Battle timer is ON: inactive players will automatically lose when time's up. (requested by INT JAGUARR)
|
|t:|1784503411
|teamsize|p1|4
|teamsize|p2|4
|start
|switch|p1a: Basculegion|Basculegion, L50, M|100/100
|switch|p1b: Delphox|Delphox, L50, F|100/100
|switch|p2a: Kommo-o|Kommo-o, L50, F|100/100
|switch|p2b: Basculegion|Basculegion, L50, M|100/100
|turn|1
|
|t:|1784503429
|switch|p2b: Maushold|Maushold, L50, shiny|100/100
|move|p1b: Delphox|Protect|p1b: Delphox
|-singleturn|p1b: Delphox|Protect
|move|p1a: Basculegion|Last Respects|p2b: Maushold
|-immune|p2b: Maushold
|move|p2a: Kommo-o|Clanging Scales|p1a: Basculegion|[spread] p1a
|-activate|p1b: Delphox|move: Protect
|-damage|p1a: Basculegion|42/100
|-unboost|p2a: Kommo-o|def|1
|-damage|p2a: Kommo-o|90/100|[from] item: Life Orb
|
|upkeep
|turn|2
|
|t:|1784503449
|switch|p1a: Ninetales|Ninetales-Alola, L50, F|100/100
|-weather|Snowscape|[from] ability: Snow Warning|[of] p1a: Ninetales
|detailschange|p1b: Delphox|Delphox-Mega, L50, F
|-mega|p1b: Delphox|Delphox|Delphoxite
|move|p1b: Delphox|Heat Wave|p2b: Maushold|[spread] p2a,p2b
|-resisted|p2a: Kommo-o|1
|-damage|p2a: Kommo-o|72/100
|-damage|p2b: Maushold|47/100
|move|p2b: Maushold|Super Fang|p1a: Ninetales
|-damage|p1a: Ninetales|50/100y
|move|p2a: Kommo-o|Clanging Scales|p1a: Ninetales|[spread] p1b
|-immune|p1a: Ninetales
|-damage|p1b: Delphox|48/100
|-unboost|p2a: Kommo-o|def|1
|-damage|p2a: Kommo-o|62/100|[from] item: Life Orb
|
|-weather|Snowscape|[upkeep]
|upkeep
|turn|3
|inactive|b7blastoise has 30 seconds left.
|inactive|INT JAGUARR has 30 seconds left.
|inactive|INT JAGUARR has 20 seconds left.
|
|t:|1784503489
|move|p2b: Maushold|Protect|p2b: Maushold
|-singleturn|p2b: Maushold|Protect
|move|p1b: Delphox|Psyshock|p2b: Maushold
|-activate|p2b: Maushold|move: Protect
|move|p1a: Ninetales|Freeze-Dry|p2a: Kommo-o
|-supereffective|p2a: Kommo-o|1
|-damage|p2a: Kommo-o|5/100
|move|p2a: Kommo-o|Draco Meteor|p1b: Delphox
|-damage|p1b: Delphox|0 fnt
|-unboost|p2a: Kommo-o|spa|2
|faint|p1b: Delphox
|-damage|p2a: Kommo-o|0 fnt|[from] item: Life Orb
|faint|p2a: Kommo-o
|
|-weather|Snowscape|[upkeep]
|upkeep
|
|t:|1784503505
|switch|p1b: Basculegion|Basculegion, L50, M|42/100
|switch|p2a: Gardevoir|Gardevoir, L50, F, shiny|100/100
|-ability|p2a: Gardevoir|Adaptability|Trace|[from] ability: Trace|[of] p1b: Basculegion
|turn|4
|
|t:|1784503520
|detailschange|p2a: Gardevoir|Gardevoir-Mega, L50, F, shiny
|-mega|p2a: Gardevoir|Gardevoir|Gardevoirite
|move|p2b: Maushold|Follow Me|p2b: Maushold
|-singleturn|p2b: Maushold|move: Follow Me
|move|p1b: Basculegion|Flip Turn|p2b: Maushold
|-damage|p2b: Maushold|0 fnt
|faint|p2b: Maushold
|
|t:|1784503527
|switch|p1b: Maushold|Maushold-Four, L50|100/100|[from] Flip Turn
|move|p1a: Ninetales|Blizzard|p2a: Gardevoir
|-crit|p2a: Gardevoir
|-damage|p2a: Gardevoir|22/100
|move|p2a: Gardevoir|Hyper Voice|p1a: Ninetales|[spread] p1a,p1b
|-damage|p1a: Ninetales|1/100
|-damage|p1b: Maushold|34/100
|
|-weather|Snowscape|[upkeep]
|upkeep
|
|t:|1784503536
|switch|p2b: Basculegion|Basculegion, L50, M|100/100
|turn|5
|
|t:|1784503552
|move|p1b: Maushold|Protect|p1b: Maushold
|-singleturn|p1b: Maushold|Protect
|move|p2a: Gardevoir|Vacuum Wave|p1b: Maushold
|-activate|p1b: Maushold|move: Protect
|move|p2b: Basculegion|Last Respects|p1a: Ninetales
|-damage|p1a: Ninetales|0 fnt
|faint|p1a: Ninetales
|
|-weather|Snowscape|[upkeep]
|upkeep
|
|t:|1784503561
|switch|p1a: Basculegion|Basculegion, L50, M|42/100
|turn|6
|
|t:|1784503580
|move|p1b: Maushold|Follow Me|p1b: Maushold
|-singleturn|p1b: Maushold|move: Follow Me
|move|p2a: Gardevoir|Vacuum Wave|p1b: Maushold
|-supereffective|p1b: Maushold|1
|-damage|p1b: Maushold|0 fnt
|faint|p1b: Maushold
|move|p2b: Basculegion|Last Respects|p1a: Basculegion
|-supereffective|p1a: Basculegion|1
|-damage|p1a: Basculegion|0 fnt
|faint|p1a: Basculegion
|
|win|INT JAGUARR
||b7blastoise is ready for game 3.
||INT JAGUARR is ready for game 3.
|uhtml|next|Next: Game 3 of 3
|l|☆b7blastoise
|player|p1|
