|j|☆furretusedpunch
|j|☆its eeffoc tuah!
|html|furretusedpunchits eeffoc tuah!    
|uhtml|bestof|Game 1 of a best-of-3
|t:|1756623478
|gametype|doubles
|player|p1|furretusedpunch|lacey|1213
|player|p2|its eeffoc tuah!|carmine-festival|1133
|gen|9
|tier|[Gen 9] VGC 2025 Reg H (Bo3)
|rated|
|rule|Species Clause: Limit one of each Pokémon
|rule|Item Clause: Limit 1 of each item
|clearpoke
|poke|p1|Gholdengo, L50|
|poke|p1|Sneasler, L50, M|
|poke|p1|Rillaboom, L50, M|
|poke|p1|Dragonite, L50, M|
|poke|p1|Ninetales-Alola, L50, M|
|poke|p1|Arcanine-Hisui, L50, M|
|poke|p2|Pelipper, L50, F|
|poke|p2|Basculegion, L50, M|
|poke|p2|Incineroar, L50, F|
|poke|p2|Archaludon, L50, M|
|poke|p2|Sinistcha, L50|
|poke|p2|Ursaluna, L50, M|
|teampreview|4
|showteam|p1|Gholdengo||GrassySeed|GoodasGold|NastyPlot,MakeItRain,ShadowBall,Protect||||||50|,,,,,Water]Sneasler||WhiteHerb|Unburden|CloseCombat,DireClaw,Coaching,Protect|||M|||50|,,,,,Ghost]Rillaboom||AssaultVest|GrassySurge|FakeOut,GrassyGlide,DrumBeating,HighHorsepower|||M|||50|,,,,,Fire]Dragonite||LoadedDice|Multiscale|ScaleShot,StompingTantrum,Tailwind,Protect|||M|||50|,,,,,Ground]Ninetales-Alola||FocusSash|SnowWarning|IcyWind,Encore,FreezeDry,AuroraVeil|||M|||50|,,,,,Ghost]Arcanine-Hisui||SafetyGoggles|Intimidate|RockSlide,FlareBlitz,Snarl,Protect|||M|||50|,,,,,Water
|showteam|p2|Pelipper||FocusSash|Drizzle|Protect,Hurricane,WeatherBall,Tailwind|||F|||50|,,,,,Stellar]Basculegion||ChoiceBand|SwiftSwim|WaveCrash,AquaJet,FlipTurn,LastRespects|||M|||50|,,,,,Water]Incineroar||SafetyGoggles|Intimidate|Taunt,KnockOff,FakeOut,PartingShot|||F|||50|,,,,,Flying]Archaludon||AssaultVest|Stamina|ElectroShot,BodyPress,Snarl,DragonPulse|||M|||50|,,,,,Bug]Sinistcha||SitrusBerry|Hospitality|MatchaGotcha,RagePowder,LifeDew,TrickRoom||||||50|,,,,,Water]Ursaluna||FlameOrb|Guts|Protect,HeadlongRush,Facade,Earthquake|||M|||50|,,,,,Ghost
|
|t:|1756623519
|teamsize|p1|4
|teamsize|p2|4
|start
|switch|p1a: Rillaboom|Rillaboom, L50, M|100/100
|switch|p1b: Gholdengo|Gholdengo, L50|100/100
|switch|p2a: Sinistcha|Sinistcha, L50|100/100
|switch|p2b: Incineroar|Incineroar, L50, F|100/100
|-fieldstart|move: Grassy Terrain|[from] ability: Grassy Surge|[of] p1a: Rillaboom
|-enditem|p1b: Gholdengo|Grassy Seed
|-boost|p1b: Gholdengo|def|1|[from] item: Grassy Seed
|-ability|p2b: Incineroar|Intimidate|boost
|-unboost|p1a: Rillaboom|atk|1
|-unboost|p1b: Gholdengo|atk|1
|turn|1
|
|t:|1756623549
|move|p1a: Rillaboom|Drum Beating|p2b: Incineroar
|-resisted|p2b: Incineroar
|-damage|p2b: Incineroar|85/100
|-unboost|p2b: Incineroar|spe|1
|move|p1b: Gholdengo|Nasty Plot|p1b: Gholdengo
|-boost|p1b: Gholdengo|spa|2
|move|p2b: Incineroar|Knock Off|p1b: Gholdengo
|-supereffective|p1b: Gholdengo
|-damage|p1b: Gholdengo|65/100
|move|p2a: Sinistcha|Trick Room|p2a: Sinistcha
|-fieldstart|move: Trick Room|[of] p2a: Sinistcha
|
|-heal|p2b: Incineroar|91/100|[from] Grassy Terrain
|-heal|p1b: Gholdengo|71/100|[from] Grassy Terrain
|upkeep
|turn|2
|
|t:|1756623579
|move|p2b: Incineroar|Knock Off|p1b: Gholdengo
|-supereffective|p1b: Gholdengo
|-damage|p1b: Gholdengo|36/100
|move|p2a: Sinistcha|Matcha Gotcha|p1a: Rillaboom|[spread] p1a,p1b
|-resisted|p1a: Rillaboom
|-resisted|p1b: Gholdengo
|-damage|p1a: Rillaboom|86/100
|-damage|p1b: Gholdengo|22/100
|move|p1b: Gholdengo|Shadow Ball|p2a: Sinistcha
|-supereffective|p2a: Sinistcha
|-damage|p2a: Sinistcha|0 fnt
|faint|p2a: Sinistcha
|move|p1a: Rillaboom|Drum Beating|p2b: Incineroar
|-resisted|p2b: Incineroar
|-damage|p2b: Incineroar|74/100
|-unboost|p2b: Incineroar|spe|1
|
|-heal|p2b: Incineroar|80/100|[from] Grassy Terrain
|-heal|p1b: Gholdengo|28/100|[from] Grassy Terrain
|-heal|p1a: Rillaboom|92/100|[from] Grassy Terrain
|upkeep
|
|t:|1756623590
|switch|p2a: Ursaluna|Ursaluna, L50, M|100/100
|turn|3
|
|t:|1756623622
|move|p2a: Ursaluna|Protect|p2a: Ursaluna
|-singleturn|p2a: Ursaluna|Protect
|move|p1b: Gholdengo|Protect|p1b: Gholdengo
|-singleturn|p1b: Gholdengo|Protect
|move|p2b: Incineroar|Knock Off|p1a: Rillaboom
|-damage|p1a: Rillaboom|52/100
|-enditem|p1a: Rillaboom|Assault Vest|[from] move: Knock Off|[of] p2b: Incineroar
|move|p1a: Rillaboom|Drum Beating|p2a: Ursaluna
|-activate|p2a: Ursaluna|move: Protect
|
|-heal|p2b: Incineroar|86/100|[from] Grassy Terrain
|-heal|p1b: Gholdengo|34/100|[from] Grassy Terrain
|-heal|p1a: Rillaboom|58/100|[from] Grassy Terrain
|-status|p2a: Ursaluna|brn|[from] item: Flame Orb
|upkeep
|turn|4
|
|t:|1756623651
|switch|p2b: Pelipper|Pelipper, L50, F|100/100
|-weather|RainDance|[from] ability: Drizzle|[of] p2b: Pelipper
|-terastallize|p2a: Ursaluna|Ghost
|move|p2a: Ursaluna|Earthquake|p1b: Gholdengo|[spread] p1a,p1b
|-immune|p2b: Pelipper
|-resisted|p1a: Rillaboom
|-crit|p1a: Rillaboom
|-supereffective|p1b: Gholdengo
|-damage|p1a: Rillaboom|32/100
|-damage|p1b: Gholdengo|0 fnt
|faint|p1b: Gholdengo
|move|p1a: Rillaboom|Drum Beating|p2a: Ursaluna
|-damage|p2a: Ursaluna|77/100 brn
|-unboost|p2a: Ursaluna|spe|1
|
|-weather|RainDance|[upkeep]
|-heal|p2a: Ursaluna|83/100 brn|[from] Grassy Terrain
|-heal|p1a: Rillaboom|38/100|[from] Grassy Terrain
|-damage|p2a: Ursaluna|77/100 brn|[from] brn
|upkeep
|
|t:|1756623670
|switch|p1b: Sneasler|Sneasler, L50, M|100/100
|turn|5
|
|t:|1756623701
|-terastallize|p1b: Sneasler|Ghost
|move|p1a: Rillaboom|Grassy Glide|p2b: Pelipper
|-damage|p2b: Pelipper|73/100
|move|p2a: Ursaluna|Earthquake|p1b: Sneasler|[spread] p1a,p1b
|-immune|p2b: Pelipper
|-resisted|p1a: Rillaboom
|-damage|p1a: Rillaboom|21/100
|-damage|p1b: Sneasler|44/100
|move|p2b: Pelipper|Hurricane|p1a: Rillaboom
|-supereffective|p1a: Rillaboom
|-damage|p1a: Rillaboom|0 fnt
|faint|p1a: Rillaboom
|move|p1b: Sneasler|Close Combat|p2b: Pelipper
|-resisted|p2b: Pelipper
|-damage|p2b: Pelipper|31/100
|-unboost|p1b: Sneasler|def|1
|-unboost|p1b: Sneasler|spd|1
|-enditem|p1b: Sneasler|White Herb
|-clearnegativeboost|p1b: Sneasler|[silent]
|
|-weather|RainDance|[upkeep]
|-heal|p2a: Ursaluna|83/100 brn|[from] Grassy Terrain
|-heal|p1b: Sneasler|50/100|[from] Grassy Terrain
|-damage|p2a: Ursaluna|77/100 brn|[from] brn
|-fieldend|move: Trick Room
|-fieldend|move: Grassy Terrain
|upkeep
|
|t:|1756623712
|switch|p1a: Ninetales|Ninetales-Alola, L50, M|100/100
|-weather|Snowscape|[from] ability: Snow Warning|[of] p1a: Ninetales
|turn|6
|
|t:|1756623744
|switch|p2b: Incineroar|Incineroar, L50, F|86/100
|-ability|p2b: Incineroar|Intimidate|boost
|-unboost|p1a: Ninetales|atk|1
|-unboost|p1b: Sneasler|atk|1
|move|p1b: Sneasler|Dire Claw|p2b: Incineroar
|-damage|p2b: Incineroar|55/100
|move|p1a: Ninetales|Freeze-Dry|p2a: Ursaluna
|-damage|p2a: Ursaluna|53/100 brn
|move|p2a: Ursaluna|Headlong Rush|p1a: Ninetales
|-enditem|p1a: Ninetales|Focus Sash
|-damage|p1a: Ninetales|1/100
|-unboost|p2a: Ursaluna|def|1
|-unboost|p2a: Ursaluna|spd|1
|
|-weather|Snowscape|[upkeep]
|-damage|p2a: Ursaluna|47/100 brn|[from] brn
|upkeep
|turn|7
|
|t:|1756623779
|move|p2b: Incineroar|Fake Out|p1a: Ninetales
|-damage|p1a: Ninetales|0 fnt
|faint|p1a: Ninetales
|move|p1b: Sneasler|Dire Claw|p2a: Ursaluna
|-resisted|p2a: Ursaluna
|-damage|p2a: Ursaluna|31/100 brn
|move|p2a: Ursaluna|Headlong Rush|p1b: Sneasler
|-damage|p1b: Sneasler|0 fnt
|-unboost|p2a: Ursaluna|def|1
|-unboost|p2a: Ursaluna|spd|1
|faint|p1b: Sneasler
|
|win|its eeffoc tuah!
