|j|☆Pineyfressh
|j|☆PizzaSanwitch
|html|PineyfresshPizzaSanwitch    
|uhtml|bestof|Game 3 of a best-of-3
|t:|1783556901
|gametype|doubles
|player|p1|Pineyfressh|169|1024
|player|p2|PizzaSanwitch|2|1053
|gen|9
|tier|[Gen 9 Champions] VGC 2026 Reg M-B (Bo3)
|rated|
|rule|Species Clause: Limit one of each Pokémon
|rule|Item Clause: Limit 1 of each item
|clearpoke
|poke|p1|Gengar, L50, M|
|poke|p1|Heracross, L50, M|
|poke|p1|Maushold-Four, L50|
|poke|p1|Appletun, L50, M|
|poke|p1|Vaporeon, L50, F|
|poke|p1|Charizard, L50, F|
|poke|p2|Pelipper, L50, M|
|poke|p2|Archaludon, L50, M|
|poke|p2|Swampert, L50, M|
|poke|p2|Venusaur, L50, M|
|poke|p2|Basculegion, L50, M|
|poke|p2|Grimmsnarl, L50, M|
|teampreview|4
|showteam|p1|Gengar||FocusSash|CursedBody|PerishSong,DestinyBond,Protect,SludgeBomb|Timid||M|||50|]Heracross||Heracronite|Swarm|RockBlast,KnockOff,BrickBreak,PinMissile|Adamant||M|||50|]Maushold-Four||MentalHerb|FriendGuard|HelpingHand,FollowMe,Protect,Taunt|Timid|||||50|]Appletun||SitrusBerry|ThickFat|LeechSeed,Recover,Protect,AppleAcid|Calm||M|||50|]Vaporeon||Leftovers|WaterAbsorb|Protect,Wish,Scald,Yawn|Bold||F|||50|]Charizard||CharizarditeY|Blaze|HeatWave,SolarBeam,Overheat,Protect|Timid||F|||50|
|showteam|p2|Pelipper||FocusSash|Drizzle|WeatherBall,Hurricane,Tailwind,Protect|Modest||M|||50|]Archaludon||Leftovers|Stamina|ElectroShot,FlashCannon,DragonPulse,Protect|Modest||M|||50|]Swampert||Swampertite|Damp|WaveCrash,Earthquake,IcePunch,Protect|Adamant||M|||50|]Venusaur||Venusaurite|Chlorophyll|GigaDrain,SludgeBomb,EarthPower,Protect|Modest||M|||50|]Basculegion||ChoiceScarf|Adaptability|WaveCrash,LastRespects,AquaJet,FlipTurn|Jolly||M|||50|]Grimmsnarl||LightClay|Prankster|SpiritBreak,Reflect,LightScreen,PartingShot|Careful||M|||50|
|
|t:|1783556913
|teamsize|p1|4
|teamsize|p2|4
|start
|switch|p1a: Charizard|Charizard, L50, F|100/100
|switch|p1b: Maushold|Maushold-Four, L50|100/100
|switch|p2a: Pelipper|Pelipper, L50, M|100/100
|switch|p2b: Basculegion|Basculegion, L50, M|100/100
|-weather|RainDance|[from] ability: Drizzle|[of] p2a: Pelipper
|turn|1
|inactive|Battle timer is ON: inactive players will automatically lose when time's up. (requested by PizzaSanwitch)
|
|t:|1783556930
|switch|p2a: Archaludon|Archaludon, L50, M|100/100
|detailschange|p1a: Charizard|Charizard-Mega-Y, L50, F
|-mega|p1a: Charizard|Charizard|Charizardite Y
|-weather|SunnyDay|[from] ability: Drought|[of] p1a: Charizard
|move|p1b: Maushold|Follow Me|p1b: Maushold
|-singleturn|p1b: Maushold|move: Follow Me
|move|p2b: Basculegion|Flip Turn|p1b: Maushold
|-damage|p1b: Maushold|75/100
|
|t:|1783556939
|switch|p2b: Pelipper|Pelipper, L50, M|100/100|[from] Flip Turn
|-weather|RainDance|[from] ability: Drizzle|[of] p2b: Pelipper
|move|p1a: Charizard|Solar Beam||[still]
|-prepare|p1a: Charizard|Solar Beam
|
|-weather|RainDance|[upkeep]
|upkeep
|turn|2
|inactive|PizzaSanwitch has 30 seconds left.
|
|t:|1783556970
|switch|p2b: Venusaur|Venusaur, L50, M|100/100
|move|p1b: Maushold|Follow Me|p1b: Maushold
|-singleturn|p1b: Maushold|move: Follow Me
|move|p1a: Charizard|Solar Beam|p2b: Venusaur|[from] lockedmove
|-resisted|p2b: Venusaur|2
|-damage|p2b: Venusaur|94/100
|move|p2a: Archaludon|Electro Shot||[still]
|-prepare|p2a: Archaludon|Electro Shot
|-boost|p2a: Archaludon|spa|1
|-anim|p2a: Archaludon|Electro Shot|p1b: Maushold
|-damage|p1b: Maushold|1/100
|
|-weather|RainDance|[upkeep]
|upkeep
|turn|3
|inactive|PizzaSanwitch has 30 seconds left.
|
|t:|1783556996
|switch|p1a: Gengar|Gengar, L50, M|100/100
|detailschange|p2b: Venusaur|Venusaur-Mega, L50, M
|-mega|p2b: Venusaur|Venusaur|Venusaurite
|move|p1b: Maushold|Protect|p1b: Maushold
|-singleturn|p1b: Maushold|Protect
|move|p2a: Archaludon|Electro Shot||[still]
|-prepare|p2a: Archaludon|Electro Shot
|-boost|p2a: Archaludon|spa|1
|-anim|p2a: Archaludon|Electro Shot|p1a: Gengar
|-damage|p1a: Gengar|19/100
|move|p2b: Venusaur|Giga Drain|p1b: Maushold
|-activate|p1b: Maushold|move: Protect
|
|-weather|RainDance|[upkeep]
|upkeep
|turn|4
|inactive|Pineyfressh has 30 seconds left.
|
|t:|1783557028
|switch|p2b: Basculegion|Basculegion, L50, M|100/100
|move|p1b: Maushold|Protect||[still]
|-fail|p1b: Maushold
|move|p1a: Gengar|Destiny Bond|p1a: Gengar
|-singlemove|p1a: Gengar|Destiny Bond
|move|p2a: Archaludon|Dragon Pulse|p1b: Maushold
|-damage|p1b: Maushold|0 fnt
|faint|p1b: Maushold
|
|-weather|RainDance|[upkeep]
|upkeep
|
|t:|1783557039
|switch|p1b: Vaporeon|Vaporeon, L50, F|100/100
|turn|5
|
|t:|1783557055
|switch|p2b: Pelipper|Pelipper, L50, M|100/100
|move|p1a: Gengar|Destiny Bond||[still]
|-fail|p1a: Gengar
|move|p2a: Archaludon|Electro Shot||[still]
|-prepare|p2a: Archaludon|Electro Shot
|-boost|p2a: Archaludon|spa|1
|-anim|p2a: Archaludon|Electro Shot|p1b: Vaporeon
|-supereffective|p1b: Vaporeon|1
|-damage|p1b: Vaporeon|0 fnt
|faint|p1b: Vaporeon
|
|-weather|none
|upkeep
|
|t:|1783557066
|switch|p1b: Charizard|Charizard-Mega-Y, L50, F|100/100
|-weather|SunnyDay|[from] ability: Drought|[of] p1b: Charizard
|turn|6
|
|t:|1783557073
|switch|p2b: Basculegion|Basculegion, L50, M|100/100
|move|p1a: Gengar|Protect|p1a: Gengar
|-singleturn|p1a: Gengar|Protect
|move|p2a: Archaludon|Protect|p2a: Archaludon
|-singleturn|p2a: Archaludon|Protect
|move|p1b: Charizard|Heat Wave|p2b: Basculegion|[spread] p2b
|-activate|p2a: Archaludon|move: Protect
|-resisted|p2b: Basculegion|1
|-damage|p2b: Basculegion|65/100
|
|-weather|SunnyDay|[upkeep]
|upkeep
|turn|7
|-message|Pineyfressh forfeited.
|raw|Pineyfressh's rating: 1024 → 1012(-12 for losing)
|raw|PizzaSanwitch's rating: 1053 → 1082(+29 for winning)
|
|win|PizzaSanwitch
|l|☆Pineyfressh
|player|p1|
