|j|☆PaniniWeenie
|j|☆DewosZz
|html|PaniniWeenieDewosZz    
|uhtml|bestof|Game 2 of a best-of-3
|t:|1756994176
|gametype|doubles
|player|p1|PaniniWeenie|pokemaniac|1401
|player|p2|DewosZz|101|1274
|gen|9
|tier|[Gen 9] VGC 2025 Reg H (Bo3)
|rated|
|rule|Species Clause: Limit one of each Pokémon
|rule|Item Clause: Limit 1 of each item
|clearpoke
|poke|p1|Sneasler, L50, M|
|poke|p1|Volcarona, L50, F|
|poke|p1|Dragonite, L50, M|
|poke|p1|Rillaboom, L50, F|
|poke|p1|Electabuzz, L50, F|
|poke|p1|Kingambit, L50, M|
|poke|p2|Annihilape, L50, F|
|poke|p2|Sinistcha, L50|
|poke|p2|Maushold-Four, L50|
|poke|p2|Klefki, L50, M|
|poke|p2|Ursaluna-Bloodmoon, L50, M|
|poke|p2|Ninetales-Alola, L50, F|
|teampreview|4
|showteam|p1|Sneasler||FocusSash|PoisonTouch|DireClaw,CloseCombat,FakeOut,Coaching|||M|||50|,,,,,Stellar]Volcarona||Leftovers|FlameBody|HeatWave,QuiverDance,Protect,TeraBlast|||F|||50|,,,,,Fairy]Dragonite||LoadedDice|Multiscale|ScaleShot,ExtremeSpeed,Haze,Protect|||M|||50|,,,,,Steel]Rillaboom||AssaultVest|GrassySurge|WoodHammer,GrassyGlide,HighHorsepower,FakeOut|||F|||50|,,,,,Fire]Electabuzz||Eviolite|VitalSpirit|FollowMe,Thunderbolt,Taunt,Protect|||F|||50|,,,,,Ghost]Kingambit||BlackGlasses|Defiant|KowtowCleave,SuckerPunch,SwordsDance,Protect|||M|||50|,,,,,Dark
|showteam|p2|Annihilape||Leftovers|Defiant|Protect,BulkUp,DrainPunch,RageFist|||F|||50|,,,,,Fire]Sinistcha||SitrusBerry|Hospitality|MatchaGotcha,TrickRoom,LifeDew,RagePowder||||||50|,,,,,Water]Maushold-Four||SafetyGoggles|FriendGuard|FollowMe,Taunt,BeatUp,Protect||||||50|,,,,,Ghost]Klefki||LightClay|Prankster|Reflect,LightScreen,MistyTerrain,DazzlingGleam|||M|||50|,,,,,Ghost]Ursaluna-Bloodmoon||AssaultVest|MindsEye|BloodMoon,HyperVoice,EarthPower,VacuumWave|||M|||50|,,,,,Water]Ninetales-Alola||FocusSash|SnowWarning|Protect,Encore,FreezeDry,Blizzard|||F|||50|,,,,,Ghost
|inactive|Battle timer is ON: inactive players will automatically lose when time's up. (requested by PaniniWeenie)
|
|t:|1756994195
|teamsize|p1|4
|teamsize|p2|4
|start
|switch|p1a: Electabuzz|Electabuzz, L50, F|100/100
|switch|p1b: Kingambit|Kingambit, L50, M|100/100
|switch|p2a: Klefki|Klefki, L50, M|100/100
|switch|p2b: Annihilape|Annihilape, L50, F, shiny|100/100
|turn|1
|
|t:|1756994209
|move|p2a: Klefki|Reflect|p2a: Klefki
|-sidestart|p2: DewosZz|Reflect
|move|p2b: Annihilape|Bulk Up|p2b: Annihilape
|-boost|p2b: Annihilape|atk|1
|-boost|p2b: Annihilape|def|1
|move|p1a: Electabuzz|Taunt|p2a: Klefki
|-start|p2a: Klefki|move: Taunt
|move|p1b: Kingambit|Swords Dance|p1b: Kingambit
|-boost|p1b: Kingambit|atk|2
|
|upkeep
|turn|2
|
|t:|1756994219
|switch|p2a: Maushold|Maushold-Four, L50|100/100
|move|p1a: Electabuzz|Follow Me|p1a: Electabuzz
|-singleturn|p1a: Electabuzz|move: Follow Me
|move|p2b: Annihilape|Drain Punch|p1a: Electabuzz
|-crit|p1a: Electabuzz
|-damage|p1a: Electabuzz|53/100
|move|p1b: Kingambit|Swords Dance|p1b: Kingambit
|-boost|p1b: Kingambit|atk|2
|
|upkeep
|turn|3
|
|t:|1756994230
|-terastallize|p1b: Kingambit|Dark
|move|p2a: Maushold|Beat Up|p2b: Annihilape
|-damage|p2b: Annihilape|99/100
|-damage|p2b: Annihilape|99/100
|-damage|p2b: Annihilape|98/100
|-damage|p2b: Annihilape|97/100
|-hitcount|p2b: Annihilape|4
|move|p2b: Annihilape|Rage Fist|p1a: Electabuzz
|-damage|p1a: Electabuzz|0 fnt
|faint|p1a: Electabuzz
|move|p1b: Kingambit|Kowtow Cleave|p2b: Annihilape
|-damage|p2b: Annihilape|14/100
|
|-heal|p2b: Annihilape|20/100|[from] item: Leftovers
|upkeep
|
|t:|1756994242
|switch|p1a: Volcarona|Volcarona, L50, F|100/100
|turn|4
|
|t:|1756994251
|move|p2a: Maushold|Follow Me|p2a: Maushold
|-singleturn|p2a: Maushold|move: Follow Me
|move|p2b: Annihilape|Drain Punch|p1b: Kingambit
|-supereffective|p1b: Kingambit
|-damage|p1b: Kingambit|29/100
|-heal|p2b: Annihilape|55/100|[from] drain|[of] p1b: Kingambit
|move|p1a: Volcarona|Quiver Dance|p1a: Volcarona
|-boost|p1a: Volcarona|spa|1
|-boost|p1a: Volcarona|spd|1
|-boost|p1a: Volcarona|spe|1
|move|p1b: Kingambit|Kowtow Cleave|p2a: Maushold
|-damage|p2a: Maushold|0 fnt
|faint|p2a: Maushold
|
|-heal|p2b: Annihilape|62/100|[from] item: Leftovers
|upkeep
|
|t:|1756994257
|switch|p2a: Sinistcha|Sinistcha, L50|100/100
|-heal|p2b: Annihilape|87/100|[from] ability: Hospitality|[of] p2a: Sinistcha
|turn|5
|
|t:|1756994273
|-terastallize|p2b: Annihilape|Fire
|move|p1b: Kingambit|Protect|p1b: Kingambit
|-singleturn|p1b: Kingambit|Protect
|move|p2a: Sinistcha|Rage Powder|p2a: Sinistcha
|-singleturn|p2a: Sinistcha|move: Rage Powder
|move|p1a: Volcarona|Heat Wave|p2b: Annihilape|[spread] p2a,p2b
|-supereffective|p2a: Sinistcha
|-resisted|p2b: Annihilape
|-damage|p2a: Sinistcha|0 fnt
|-damage|p2b: Annihilape|62/100
|faint|p2a: Sinistcha
|move|p2b: Annihilape|Drain Punch|p1b: Kingambit
|-activate|p1b: Kingambit|move: Protect
|
|-heal|p2b: Annihilape|68/100|[from] item: Leftovers
|upkeep
|
|t:|1756994276
|switch|p2a: Klefki|Klefki, L50, M|100/100
|turn|6
|
|t:|1756994288
|move|p2b: Annihilape|Protect|p2b: Annihilape
|-singleturn|p2b: Annihilape|Protect
|move|p1b: Kingambit|Sucker Punch||[still]
|-fail|p1b: Kingambit
|move|p1a: Volcarona|Heat Wave|p2b: Annihilape|[spread] p2a
|-activate|p2b: Annihilape|move: Protect
|-supereffective|p2a: Klefki
|-damage|p2a: Klefki|0 fnt
|faint|p2a: Klefki
|
|-heal|p2b: Annihilape|75/100|[from] item: Leftovers
|upkeep
|turn|7
|
|t:|1756994297
|move|p1b: Kingambit|Sucker Punch|p2b: Annihilape
|-damage|p2b: Annihilape|0 fnt
|faint|p2b: Annihilape
|
|win|PaniniWeenie
||DewosZz is ready for game 3.
||PaniniWeenie is ready for game 3.
|uhtml|next|Next: Game 3 of 3
|l|☆DewosZz
|player|p2|
