|j|☆Bbob415
|j|☆jaybee394
|html|Bbob415jaybee394    
|uhtml|bestof|Game 3 of a best-of-3
|t:|1782592927
|gametype|doubles
|player|p1|Bbob415|n|
|player|p2|jaybee394|2|
|gen|9
|tier|[Gen 9 Champions] VGC 2026 Reg M-B (Bo3)
|rule|Species Clause: Limit one of each Pokémon
|rule|Item Clause: Limit 1 of each item
|clearpoke
|poke|p1|Raichu, L50, M|
|poke|p1|Basculegion, L50, M|
|poke|p1|Garchomp, L50, M|
|poke|p1|Aerodactyl, L50, F|
|poke|p1|Farigiraf, L50, M|
|poke|p1|Venusaur, L50, M|
|poke|p2|Swampert, L50, F|
|poke|p2|Pelipper, L50, F|
|poke|p2|Archaludon, L50, F|
|poke|p2|Sinistcha, L50|
|poke|p2|Gholdengo, L50|
|poke|p2|Grimmsnarl, L50, M|
|teampreview|4
|showteam|p1|Raichu||RaichuniteY|LightningRod|ZapCannon,FocusBlast,FakeOut,Protect|Timid||M|||50|]Basculegion||ChoiceScarf|Adaptability|LastRespects,WaveCrash,FlipTurn,AquaJet|Adamant||M|||50|]Garchomp||LifeOrb|RoughSkin|DragonClaw,StompingTantrum,RockSlide,Protect|Jolly||M|||50|]Aerodactyl||FocusSash|Unnerve|RockSlide,DualWingbeat,Tailwind,Protect|Jolly||F|||50|]Farigiraf||SitrusBerry|ArmorTail|TwinBeam,GrassKnot,TrickRoom,Protect|Quiet||M|||50|]Venusaur||Venusaurite|Chlorophyll|GigaDrain,SludgeBomb,EarthPower,Protect|Bold||M|||50|
|showteam|p2|Swampert||Swampertite|Torrent|WaveCrash,RockSlide,Earthquake,Protect|Adamant||F|||50|]Pelipper||FocusSash|Drizzle|WeatherBall,Hurricane,Tailwind,Protect|Modest||F|||50|]Archaludon||Leftovers|Stamina|FlashCannon,ElectroShot,DragonPulse,Protect|Modest||F|||50|]Sinistcha||BigRoot|Hospitality|MatchaGotcha,RagePowder,LifeDew,Protect|Modest|||||50|]Gholdengo||LifeOrb|GoodasGold|Protect,MakeItRain,ShadowBall,NastyPlot|Timid|||||50|]Grimmsnarl||LightClay|Prankster|LightScreen,Reflect,FakeOut,SpiritBreak|Impish||M|||50|
|j| TemporalDonut
|j| Autin Mago
|j| Izzywooperstan
|j| VioletVeiledQueen
|j| ZardiCharVGC
|j| PolaroidVGC
|j| eevee1ynn
|
|t:|1782593030
|teamsize|p1|4
|teamsize|p2|4
|start
|switch|p1a: Raichu|Raichu, L50, M|100/100
|switch|p1b: Venusaur|Venusaur, L50, M|100/100
|switch|p2a: Pelipper|Pelipper, L50, F|100/100
|switch|p2b: Grimmsnarl|Grimmsnarl, L50, M|100/100
|-weather|RainDance|[from] ability: Drizzle|[of] p2a: Pelipper
|turn|1
|
|t:|1782593090
|detailschange|p1b: Venusaur|Venusaur-Mega, L50, M
|-mega|p1b: Venusaur|Venusaur|Venusaurite
|move|p1a: Raichu|Fake Out|p2a: Pelipper
|-damage|p2a: Pelipper|89/100
|move|p2b: Grimmsnarl|Light Screen|p2b: Grimmsnarl
|-sidestart|p2: jaybee394|move: Light Screen
|cant|p2a: Pelipper|flinch
|move|p1b: Venusaur|Giga Drain|p2a: Pelipper
|-damage|p2a: Pelipper|51/100
|
|-weather|RainDance|[upkeep]
|upkeep
|turn|2
|
|t:|1782593117
|switch|p1a: Basculegion|Basculegion, L50, M|100/100
|switch|p2a: Gholdengo|Gholdengo, L50|100/100
|move|p1b: Venusaur|Sludge Bomb|p2b: Grimmsnarl
|-supereffective|p2b: Grimmsnarl|1
|-damage|p2b: Grimmsnarl|44/100
|-status|p2b: Grimmsnarl|psn
|move|p2b: Grimmsnarl|Spirit Break|p1b: Venusaur
|-resisted|p1b: Venusaur|1
|-damage|p1b: Venusaur|90/100
|-unboost|p1b: Venusaur|spa|1
|
|-weather|RainDance|[upkeep]
|-damage|p2b: Grimmsnarl|32/100 psn|[from] psn
|upkeep
|turn|3
|
|t:|1782593148
|switch|p2a: Swampert|Swampert, L50, F|100/100
|move|p1b: Venusaur|Protect|p1b: Venusaur
|-singleturn|p1b: Venusaur|Protect
|move|p2b: Grimmsnarl|Reflect|p2b: Grimmsnarl
|-sidestart|p2: jaybee394|Reflect
|move|p1a: Basculegion|Last Respects|p2a: Swampert
|-crit|p2a: Swampert
|-damage|p2a: Swampert|49/100
|
|-weather|RainDance|[upkeep]
|-damage|p2b: Grimmsnarl|19/100 psn|[from] psn
|upkeep
|turn|4
|
|t:|1782593186
|move|p2a: Swampert|Protect|p2a: Swampert
|-singleturn|p2a: Swampert|Protect
|move|p1a: Basculegion|Last Respects|p2b: Grimmsnarl
|-resisted|p2b: Grimmsnarl|1
|-damage|p2b: Grimmsnarl|10/100 psn
|move|p1b: Venusaur|Giga Drain|p2a: Swampert
|-activate|p2a: Swampert|move: Protect
|move|p2b: Grimmsnarl|Spirit Break|p1b: Venusaur
|-resisted|p1b: Venusaur|1
|-damage|p1b: Venusaur|79/100
|-unboost|p1b: Venusaur|spa|1
|
|-weather|RainDance|[upkeep]
|-damage|p2b: Grimmsnarl|0 fnt|[from] psn
|faint|p2b: Grimmsnarl
|upkeep
|
|t:|1782593216
|switch|p2b: Gholdengo|Gholdengo, L50|100/100
|turn|5
|
|t:|1782593241
|switch|p2b: Pelipper|Pelipper, L50, F|51/100
|switch|p1b: Garchomp|Garchomp, L50, M|100/100
|detailschange|p2a: Swampert|Swampert-Mega, L50, F
|-mega|p2a: Swampert|Swampert|Swampertite
|move|p2a: Swampert|Earthquake|p1a: Basculegion|[spread] p1a,p1b
|-immune|p2b: Pelipper
|-damage|p1a: Basculegion|47/100
|-damage|p1b: Garchomp|55/100
|move|p1a: Basculegion|Last Respects|p2b: Pelipper
|-damage|p2b: Pelipper|20/100y
|
|-weather|none
|upkeep
|turn|6
|
|t:|1782593304
|move|p1a: Basculegion|Last Respects|p2b: Pelipper
|-damage|p2b: Pelipper|0 fnt
|faint|p2b: Pelipper
|move|p1b: Garchomp|Stomping Tantrum|p2a: Swampert
|-damage|p2a: Swampert|19/100
|-damage|p1b: Garchomp|45/100|[from] item: Life Orb
|move|p2a: Swampert|Earthquake|p1b: Garchomp|[spread] p1a,p1b
|-damage|p1a: Basculegion|0 fnt
|-damage|p1b: Garchomp|3/100
|faint|p1a: Basculegion
|
|upkeep
|
|t:|1782593319
|switch|p1a: Raichu|Raichu, L50, M|100/100
|switch|p2b: Gholdengo|Gholdengo, L50|100/100
|turn|7
|
|t:|1782593341
|move|p2b: Gholdengo|Protect|p2b: Gholdengo
|-singleturn|p2b: Gholdengo|Protect
|move|p2a: Swampert|Protect|p2a: Swampert
|-singleturn|p2a: Swampert|Protect
|move|p1a: Raichu|Fake Out|p2a: Swampert
|-activate|p2a: Swampert|move: Protect
|move|p1b: Garchomp|Stomping Tantrum|p2b: Gholdengo
|-activate|p2b: Gholdengo|move: Protect
|
|upkeep
|turn|8
|
|t:|1782593376
|switch|p1a: Venusaur|Venusaur-Mega, L50, M|79/100
|move|p1b: Garchomp|Stomping Tantrum|p2b: Gholdengo
|-supereffective|p2b: Gholdengo|1
|-damage|p2b: Gholdengo|40/100
|-damage|p1b: Garchomp|0 fnt|[from] item: Life Orb
|faint|p1b: Garchomp
|move|p2b: Gholdengo|Nasty Plot|p2b: Gholdengo
|-boost|p2b: Gholdengo|spa|2
|move|p2a: Swampert|Wave Crash|p1a: Venusaur
|-resisted|p1a: Venusaur|1
|-damage|p1a: Venusaur|55/100
|-damage|p2a: Swampert|11/100|[from] Recoil
|
|-sideend|p2: jaybee394|move: Light Screen
|upkeep
|
|t:|1782593393
|switch|p1b: Raichu|Raichu, L50, M|100/100
|turn|9
|inactive|Battle timer is ON: inactive players will automatically lose when time's up. (requested by Bbob415)
|
|t:|1782593455
|move|p2a: Swampert|Protect|p2a: Swampert
|-singleturn|p2a: Swampert|Protect
|move|p1b: Raichu|Fake Out|p2a: Swampert
|-activate|p2a: Swampert|move: Protect
|move|p2b: Gholdengo|Shadow Ball|p1a: Venusaur
|-crit|p1a: Venusaur
|-damage|p1a: Venusaur|0 fnt
|faint|p1a: Venusaur
|-damage|p2b: Gholdengo|30/100|[from] item: Life Orb
|
|upkeep
|turn|10
|inactive|jaybee394 has 30 seconds left.
|inactive|jaybee394 has 20 seconds left.
|
|t:|1782593491
|move|p1b: Raichu|Zap Cannon|p2b: Gholdengo|[miss]
|-miss|p1b: Raichu|p2b: Gholdengo
|move|p2b: Gholdengo|Shadow Ball|p1b: Raichu
|-damage|p1b: Raichu|0 fnt
|faint|p1b: Raichu
|-damage|p2b: Gholdengo|20/100y|[from] item: Life Orb
|
|win|jaybee394
|l|☆Bbob415
|player|p1|
|l| Autin Mago
|c|☆jaybee394|Ggs
|l| Izzywooperstan
|l| TemporalDonut
