|j|☆HopsVGC
|j|☆exessvgc
|html|HopsVGCexessvgc    
|uhtml|bestof|Game 3 of a best-of-3
|t:|1784142163
|gametype|doubles
|player|p1|HopsVGC|265|
|player|p2|exessvgc|lucas|
|gen|9
|tier|[Gen 9 Champions] VGC 2026 Reg M-B (Bo3)
|rule|Species Clause: Limit one of each Pokémon
|rule|Item Clause: Limit 1 of each item
|clearpoke
|poke|p1|Venusaur, L50, M, shiny|
|poke|p1|Grimmsnarl, L50, M|
|poke|p1|Pelipper, L50, M|
|poke|p1|Archaludon, L50, M|
|poke|p1|Basculegion, L50, M|
|poke|p1|Sinistcha, L50|
|poke|p2|Farigiraf, L50, M|
|poke|p2|Aerodactyl, L50, M|
|poke|p2|Sylveon, L50, F|
|poke|p2|Kingambit, L50, F|
|poke|p2|Garchomp, L50, M|
|poke|p2|Charizard, L50, F|
|teampreview|4
|showteam|p1|Venusaur||Venusaurite|Chlorophyll|SludgeBomb,EarthPower,LeechSeed,Protect|Modest||M|||50|]Grimmsnarl||LightClay|Prankster|SpiritBreak,Reflect,LightScreen,FakeOut|Impish||M|||50|]Pelipper||FocusSash|Drizzle|WeatherBall,Hurricane,Tailwind,Protect|Timid||M|||50|]Archaludon||Leftovers|Stamina|ElectroShot,AuraSphere,FlashCannon,Protect|Modest||M|||50|]Basculegion||ChoiceScarf|SwiftSwim|WaveCrash,FlipTurn,AquaJet,LastRespects|Adamant||M|||50|]Sinistcha||SitrusBerry|Hospitality|MatchaGotcha,RagePowder,TrickRoom,LifeDew|Relaxed|||||50|
|showteam|p2|Farigiraf||SitrusBerry|ArmorTail|TrickRoom,TwinBeam,HelpingHand,Thunderbolt|Bold||M|||50|]Aerodactyl||Aerodactylite|Unnerve|RockSlide,Protect,Tailwind,Taunt|Jolly||M|||50|]Sylveon||FairyFeather|Pixilate|HyperVoice,HyperBeam,Protect,ShadowBall|Modest||F|||50|]Kingambit||FocusSash|Defiant|KowtowCleave,SuckerPunch,SwordsDance,Protect|Adamant||F|||50|]Garchomp||LifeOrb|RoughSkin|DragonClaw,Earthquake,RockSlide,Protect|Adamant||M|||50|]Charizard||CharizarditeY|Blaze|WeatherBall,HeatWave,SolarBeam,Protect|Modest||F|||50|
|
|t:|1784142269
|teamsize|p1|4
|teamsize|p2|4
|start
|switch|p1a: Venusaur|Venusaur, L50, M, shiny|100/100
|switch|p1b: Basculegion|Basculegion, L50, M|100/100
|switch|p2a: Garchomp|Garchomp, L50, M|100/100
|switch|p2b: Charizard|Charizard, L50, F|100/100
|turn|1
|
|t:|1784142313
|detailschange|p1a: Venusaur|Venusaur-Mega, L50, M, shiny
|-mega|p1a: Venusaur|Venusaur|Venusaurite
|move|p2b: Charizard|Protect|p2b: Charizard
|-singleturn|p2b: Charizard|Protect
|move|p2a: Garchomp|Protect|p2a: Garchomp
|-singleturn|p2a: Garchomp|Protect
|move|p1b: Basculegion|Flip Turn|p2b: Charizard
|-activate|p2b: Charizard|move: Protect
|move|p1a: Venusaur|Leech Seed|p2a: Garchomp
|-activate|p2a: Garchomp|move: Protect
|
|upkeep
|turn|2
|j| trevYAH
|inactive|Battle timer is ON: inactive players will automatically lose when time's up. (requested by HopsVGC)
|
|t:|1784142354
|switch|p2b: LA GIRAFFA|Farigiraf, L50, M|100/100
|move|p1b: Basculegion|Flip Turn|p2b: LA GIRAFFA
|-damage|p2b: LA GIRAFFA|73/100
|
|t:|1784142359
|switch|p1b: Grimmsnarl|Grimmsnarl, L50, M|100/100|[from] Flip Turn
|move|p2a: Garchomp|Rock Slide|p1b: Grimmsnarl|[spread] p1b
|-miss|p2a: Garchomp|p1a: Venusaur
|-damage|p1b: Grimmsnarl|72/100
|-damage|p2a: Garchomp|90/100|[from] item: Life Orb
|move|p1a: Venusaur|Leech Seed|p2a: Garchomp
|-start|p2a: Garchomp|move: Leech Seed
|
|-damage|p2a: Garchomp|78/100|[from] Leech Seed|[of] p1a: Venusaur
|upkeep
|turn|3
|inactive|exessvgc has 30 seconds left.
|inactive|exessvgc has 20 seconds left.
|inactive|exessvgc has 15 seconds left.
|
|t:|1784142403
|switch|p2a: Kingambit|Kingambit, L50, F|100/100
|move|p1b: Grimmsnarl|Light Screen|p1b: Grimmsnarl
|-sidestart|p1: HopsVGC|move: Light Screen
|move|p1a: Venusaur|Leech Seed|p2b: LA GIRAFFA
|-start|p2b: LA GIRAFFA|move: Leech Seed
|move|p2b: LA GIRAFFA|Twin Beam|p1a: Venusaur
|-supereffective|p1a: Venusaur|1
|-damage|p1a: Venusaur|85/100
|-supereffective|p1a: Venusaur|1
|-damage|p1a: Venusaur|69/100
|-hitcount|p1a: Venusaur|2
|
|-damage|p2b: LA GIRAFFA|60/100|[from] Leech Seed|[of] p1a: Venusaur
|-heal|p1a: Venusaur|83/100|[silent]
|upkeep
|turn|4
|inactive|exessvgc has 30 seconds left.
|inactive|exessvgc has 20 seconds left.
|
|t:|1784142440
|move|p1a: Venusaur|Leech Seed|p2a: Kingambit
|-start|p2a: Kingambit|move: Leech Seed
|move|p2a: Kingambit|Swords Dance|p2a: Kingambit
|-boost|p2a: Kingambit|atk|2
|move|p1b: Grimmsnarl|Spirit Break|p2b: LA GIRAFFA
|-damage|p2b: LA GIRAFFA|38/100
|-unboost|p2b: LA GIRAFFA|spa|1
|-enditem|p2b: LA GIRAFFA|Sitrus Berry|[eat]
|-heal|p2b: LA GIRAFFA|63/100|[from] item: Sitrus Berry
|move|p2b: LA GIRAFFA|Twin Beam|p1a: Venusaur
|-supereffective|p1a: Venusaur|1
|-damage|p1a: Venusaur|74/100
|-supereffective|p1a: Venusaur|1
|-damage|p1a: Venusaur|63/100
|-hitcount|p1a: Venusaur|2
|
|-damage|p2a: Kingambit|87/100|[from] Leech Seed|[of] p1a: Venusaur
|-heal|p1a: Venusaur|76/100|[silent]
|-damage|p2b: LA GIRAFFA|51/100|[from] Leech Seed|[of] p1a: Venusaur
|-heal|p1a: Venusaur|90/100|[silent]
|upkeep
|turn|5
|inactive|exessvgc has 30 seconds left.
|
|t:|1784142474
|move|p2b: LA GIRAFFA|Helping Hand|p2a: Kingambit
|-singleturn|p2a: Kingambit|Helping Hand|[of] p2b: LA GIRAFFA
|move|p2a: Kingambit|Sucker Punch|p1a: Venusaur
|-damage|p1a: Venusaur|0 fnt
|faint|p1a: Venusaur
|move|p1b: Grimmsnarl|Reflect|p1b: Grimmsnarl
|-sidestart|p1: HopsVGC|Reflect
|
|upkeep
|
|t:|1784142481
|switch|p1a: Pelipper|Pelipper, L50, M|100/100
|-weather|RainDance|[from] ability: Drizzle|[of] p1a: Pelipper
|turn|6
|inactive|exessvgc has 30 seconds left.
|
|t:|1784142511
|move|p2a: Kingambit|Sucker Punch||[still]
|-fail|p2a: Kingambit
|move|p1a: Pelipper|Tailwind|p1a: Pelipper
|-sidestart|p1: HopsVGC|move: Tailwind
|move|p1b: Grimmsnarl|Spirit Break|p2b: LA GIRAFFA
|-damage|p2b: LA GIRAFFA|25/100
|-unboost|p2b: LA GIRAFFA|spa|1
|move|p2b: LA GIRAFFA|Thunderbolt|p1a: Pelipper
|-supereffective|p1a: Pelipper|2
|-damage|p1a: Pelipper|47/100
|
|-weather|RainDance|[upkeep]
|-damage|p2a: Kingambit|75/100|[from] Leech Seed|[of] p1a: Pelipper
|-heal|p1a: Pelipper|64/100|[silent]
|-damage|p2b: LA GIRAFFA|13/100|[from] Leech Seed|[of] p1a: Pelipper
|-heal|p1a: Pelipper|84/100|[silent]
|upkeep
|turn|7
|inactive|exessvgc has 30 seconds left.
|inactive|HopsVGC has 30 seconds left.
|inactive|exessvgc has 20 seconds left.
|inactive|exessvgc has 15 seconds left.
|inactive|exessvgc has 10 seconds left.
|l| trevYAH
|inactive|HopsVGC has 20 seconds left.
|
|t:|1784142561
|move|p2b: LA GIRAFFA|Helping Hand|p2a: Kingambit
|-singleturn|p2a: Kingambit|Helping Hand|[of] p2b: LA GIRAFFA
|move|p1a: Pelipper|Protect|p1a: Pelipper
|-singleturn|p1a: Pelipper|Protect
|move|p2a: Kingambit|Sucker Punch||[still]
|-fail|p2a: Kingambit
|move|p1b: Grimmsnarl|Spirit Break|p2a: Kingambit
|-damage|p2a: Kingambit|52/100
|-unboost|p2a: Kingambit|spa|1
|-ability|p2a: Kingambit|Defiant|boost
|-boost|p2a: Kingambit|atk|2
|
|-weather|RainDance|[upkeep]
|-damage|p2a: Kingambit|39/100|[from] Leech Seed|[of] p1a: Pelipper
|-heal|p1a: Pelipper|100/100|[silent]
|-damage|p2b: LA GIRAFFA|1/100|[from] Leech Seed|[of] p1a: Pelipper
|upkeep
|turn|8
|inactive|exessvgc has 30 seconds left.
|inactive|exessvgc has 20 seconds left.
|inactive|HopsVGC has 30 seconds left.
|inactive|exessvgc has 15 seconds left.
|inactive|exessvgc has 10 seconds left.
|inactive|HopsVGC has 20 seconds left.
|inactive|exessvgc has 5 seconds left.
|inactive|HopsVGC has 15 seconds left.
|inactive|HopsVGC has 10 seconds left.
|
|t:|1784142625
|switch|p1b: Basculegion|Basculegion, L50, M|100/100
|switch|p2b: Garchomp|Garchomp, L50, M|78/100
|move|p2a: Kingambit|Protect|p2a: Kingambit
|-singleturn|p2a: Kingambit|Protect
|move|p1a: Pelipper|Weather Ball|p2a: Kingambit
|-activate|p2a: Kingambit|move: Protect
|
|-weather|RainDance|[upkeep]
|-damage|p2a: Kingambit|27/100|[from] Leech Seed|[of] p1a: Pelipper
|upkeep
|turn|9
|inactive|exessvgc has 30 seconds left.
|inactive|exessvgc has 20 seconds left.
|
|t:|1784142661
|switch|p1b: Grimmsnarl|Grimmsnarl, L50, M|72/100
|switch|p2b: LA GIRAFFA|Farigiraf, L50, M|1/100
|move|p2a: Kingambit|Sucker Punch||[still]
|-fail|p2a: Kingambit
|move|p1a: Pelipper|Weather Ball|p2a: Kingambit
|-damage|p2a: Kingambit|0 fnt
|faint|p2a: Kingambit
|
|-weather|RainDance|[upkeep]
|-sideend|p1: HopsVGC|move: Tailwind
|upkeep
|inactive|exessvgc has 30 seconds left.
|
|t:|1784142695
|switch|p2a: Charizard|Charizard, L50, F|100/100
|turn|10
|inactive|HopsVGC has 30 seconds left.
|inactive|exessvgc has 30 seconds left.
|
|t:|1784142727
|detailschange|p2a: Charizard|Charizard-Mega-Y, L50, F
|-mega|p2a: Charizard|Charizard|Charizardite Y
|-weather|SunnyDay|[from] ability: Drought|[of] p2a: Charizard
|move|p2b: LA GIRAFFA|Helping Hand|p2a: Charizard
|-singleturn|p2a: Charizard|Helping Hand|[of] p2b: LA GIRAFFA
|move|p2a: Charizard|Weather Ball|p1b: Grimmsnarl
|-damage|p1b: Grimmsnarl|0 fnt
|faint|p1b: Grimmsnarl
|move|p1a: Pelipper|Tailwind|p1a: Pelipper
|-sidestart|p1: HopsVGC|move: Tailwind
|
|-weather|SunnyDay|[upkeep]
|-sideend|p1: HopsVGC|move: Light Screen
|upkeep
|
|t:|1784142731
|switch|p1b: Basculegion|Basculegion, L50, M|100/100
|turn|11
|inactive|exessvgc has 30 seconds left.
|inactive|exessvgc has 20 seconds left.
|
|t:|1784142769
|switch|p2b: Garchomp|Garchomp, L50, M|78/100
|move|p2a: Charizard|Protect|p2a: Charizard
|-singleturn|p2a: Charizard|Protect
|move|p1b: Basculegion|Last Respects|p2a: Charizard
|-activate|p2a: Charizard|move: Protect
|move|p1a: Pelipper|Weather Ball|p2b: Garchomp
|-resisted|p2b: Garchomp|1
|-damage|p2b: Garchomp|60/100
|
|-weather|SunnyDay|[upkeep]
|upkeep
|turn|12
|
|t:|1784142793
|switch|p2b: LA GIRAFFA|Farigiraf, L50, M|1/100
|move|p1b: Basculegion|Last Respects|p2b: LA GIRAFFA
|-immune|p2b: LA GIRAFFA
|move|p1a: Pelipper|Weather Ball|p2a: Charizard
|-resisted|p2a: Charizard|1
|-damage|p2a: Charizard|79/100
|move|p2a: Charizard|Solar Beam||[still]
|-prepare|p2a: Charizard|Solar Beam
|-anim|p2a: Charizard|Solar Beam|p1b: Basculegion
|-supereffective|p1b: Basculegion|1
|-damage|p1b: Basculegion|0 fnt
|faint|p1b: Basculegion
|
|-weather|SunnyDay|[upkeep]
|-sideend|p1: HopsVGC|Reflect
|upkeep
|turn|13
|
|t:|1784142811
|move|p1a: Pelipper|Weather Ball|p2a: Charizard
|-resisted|p2a: Charizard|1
|-damage|p2a: Charizard|61/100
|move|p2a: Charizard|Solar Beam||[still]
|-prepare|p2a: Charizard|Solar Beam
|-anim|p2a: Charizard|Solar Beam|p1a: Pelipper
|-damage|p1a: Pelipper|19/100
|move|p2b: LA GIRAFFA|Thunderbolt|p1a: Pelipper
|-supereffective|p1a: Pelipper|2
|-damage|p1a: Pelipper|0 fnt
|faint|p1a: Pelipper
|
|win|exessvgc
|l|☆HopsVGC
|player|p1|
|c|☆exessvgc|gg
