|j|☆llufamistica
|j|☆Camerupt4Ever
|html|llufamisticaCamerupt4Ever    
|uhtml|bestof|Game 2 of a best-of-3
|t:|1756324744
|gametype|doubles
|player|p1|llufamistica|101|1135
|player|p2|Camerupt4Ever|102|1069
|gen|9
|tier|[Gen 9] VGC 2025 Reg H (Bo3)
|rated|
|rule|Species Clause: Limit one of each Pokémon
|rule|Item Clause: Limit 1 of each item
|clearpoke
|poke|p1|Murkrow, L50, M|
|poke|p1|Garchomp, L50, M|
|poke|p1|Toxtricity, L50, M|
|poke|p1|Zoroark-Hisui, L50, F|
|poke|p1|Indeedee-F, L50, F|
|poke|p1|Annihilape, L50, F|
|poke|p2|Wyrdeer, L50, F|
|poke|p2|Indeedee-F, L50, F|
|poke|p2|Annihilape, L50, F|
|poke|p2|Torkoal, L50, F|
|poke|p2|Delphox, L50, F|
|poke|p2|Kingambit, L50, F|
|teampreview|4
|showteam|p1|Murkrow||Eviolite|Prankster|Tailwind,BraveBird,Quash,Haze|||M|||50|,,,,,Ghost]Garchomp||LifeOrb|RoughSkin|Earthquake,IronHead,RockSlide,Protect|||M|||50|,,,,,Steel]Toxtricity||ChoiceSpecs|PunkRock|Boomburst,Overdrive,VoltSwitch,SludgeBomb|||M|||50|,,,,,Normal]Zoroark-Hisui||FocusSash|Illusion|ShadowBall,Protect,HyperVoice,NastyPlot|||F|||50|,,,,,Stellar]Indeedee-F||SafetyGoggles|Synchronize|FollowMe,HelpingHand,FakeOut,ShadowBall|||F|||50|,,,,,Ghost]Annihilape||ChoiceScarf|Defiant|FinalGambit,HelpingHand,ShadowClaw,CloseCombat|||F|||50|,,,,,Grass
|showteam|p2|Wyrdeer||Leftovers|Intimidate|Protect,TrickRoom,ExpandingForce,EarthPower|||F|||50|,,,,,Ground]Indeedee-F||RockyHelmet|PsychicSurge|Imprison,FollowMe,TrickRoom,Psychic|||F|||50|,,,,,Grass]Annihilape||SafetyGoggles|Defiant|DrainPunch,Taunt,RageFist,Protect|||F|||50|,,,,,Fire]Torkoal||Charcoal|Drought|Eruption,HelpingHand,Protect,WeatherBall|||F|||50|,,,,,Grass]Delphox||ChoiceScarf|Blaze|HeatWave,ExpandingForce,DazzlingGleam,Flamethrower|||F|||50|,,,,,Fairy]Kingambit||AssaultVest|Defiant|KowtowCleave,SuckerPunch,IronHead,LowKick|||F|||50|,,,,,Poison
|inactive|Battle timer is ON: inactive players will automatically lose when time's up. (requested by llufamistica)
|inactive|llufamistica has 60 seconds left.
|inactive|llufamistica has 30 seconds left.
|
|t:|1756324818
|teamsize|p1|4
|teamsize|p2|4
|start
|switch|p1a: Toxtricity|Toxtricity, L50, M, shiny|100/100
|switch|p1b: Annihilape|Annihilape, L50, F, shiny|100/100
|switch|p2a: Torkoal|Torkoal, L50, F|100/100
|switch|p2b: Delphox|Delphox, L50, F|100/100
|-weather|SunnyDay|[from] ability: Drought|[of] p2a: Torkoal
|turn|1
|inactive|llufamistica has 30 seconds left.
|inactive|llufamistica has 20 seconds left.
|inactive|llufamistica has 15 seconds left.
|inactive|llufamistica has 10 seconds left.
|
|t:|1756324867
|-terastallize|p1a: Toxtricity|Normal
|move|p1b: Annihilape|Helping Hand|p1a: Toxtricity
|-singleturn|p1a: Toxtricity|Helping Hand|[of] p1b: Annihilape
|move|p2a: Torkoal|Helping Hand|p2b: Delphox
|-singleturn|p2b: Delphox|Helping Hand|[of] p2a: Torkoal
|move|p2b: Delphox|Heat Wave|p1b: Annihilape|[spread] p1a,p1b
|-damage|p1a: Toxtricity|0 fnt
|-damage|p1b: Annihilape|23/100
|faint|p1a: Toxtricity
|
|-weather|SunnyDay|[upkeep]
|upkeep
|
|t:|1756324879
|switch|p1a: Garchomp|Garchomp, L50, M, shiny|100/100
|turn|2
|inactive|Camerupt4Ever has 30 seconds left.
|
|t:|1756324913
|switch|p2b: Wyrdeer|Wyrdeer, L50, F|100/100
|-ability|p2b: Wyrdeer|Intimidate|boost
|-unboost|p1a: Garchomp|atk|1
|-unboost|p1b: Annihilape|atk|1
|-ability|p1b: Annihilape|Defiant|boost
|-boost|p1b: Annihilape|atk|2
|move|p1b: Annihilape|Helping Hand|p1a: Garchomp
|-singleturn|p1a: Garchomp|Helping Hand|[of] p1b: Annihilape
|move|p2a: Torkoal|Protect|p2a: Torkoal
|-singleturn|p2a: Torkoal|Protect
|move|p1a: Garchomp|Hyper Voice|p2a: Torkoal|[spread] p2b
|-activate|p2a: Torkoal|move: Protect
|-damage|p2b: Wyrdeer|43/100
|
|-weather|SunnyDay|[upkeep]
|-heal|p2b: Wyrdeer|50/100|[from] item: Leftovers
|upkeep
|turn|3
|inactive|llufamistica has 30 seconds left.
|inactive|Camerupt4Ever has 30 seconds left.
|inactive|llufamistica has 20 seconds left.
|
|t:|1756324952
|move|p1b: Annihilape|Helping Hand|p1a: Garchomp
|-singleturn|p1a: Garchomp|Helping Hand|[of] p1b: Annihilape
|move|p2b: Wyrdeer|Protect|p2b: Wyrdeer
|-singleturn|p2b: Wyrdeer|Protect
|move|p1a: Garchomp|Hyper Voice|p2a: Torkoal|[spread] p2a
|-activate|p2b: Wyrdeer|move: Protect
|-damage|p2a: Torkoal|32/100
|move|p2a: Torkoal|Weather Ball|p1a: Garchomp
|-enditem|p1a: Garchomp|Focus Sash
|-damage|p1a: Garchomp|1/100
|replace|p1a: Zoroark|Zoroark-Hisui, L50, F, shiny
|-end|p1a: Zoroark|Illusion
|
|-weather|SunnyDay|[upkeep]
|-heal|p2b: Wyrdeer|56/100|[from] item: Leftovers
|upkeep
|turn|4
|
|t:|1756324974
|switch|p2a: Indeedee|Indeedee-F, L50, F|100/100
|-fieldstart|move: Psychic Terrain|[from] ability: Psychic Surge|[of] p2a: Indeedee
|move|p1b: Annihilape|Helping Hand|p1a: Zoroark
|-singleturn|p1a: Zoroark|Helping Hand|[of] p1b: Annihilape
|move|p1a: Zoroark|Hyper Voice|p2b: Wyrdeer|[spread] p2a,p2b
|-damage|p2a: Indeedee|48/100
|-damage|p2b: Wyrdeer|0 fnt
|faint|p2b: Wyrdeer
|
|-weather|SunnyDay|[upkeep]
|upkeep
|
|t:|1756324979
|switch|p2b: Delphox|Delphox, L50, F|100/100
|turn|5
|inactive|llufamistica has 30 seconds left.
|inactive|llufamistica has 20 seconds left.
|inactive|llufamistica has 15 seconds left.
|inactive|llufamistica has 10 seconds left.
|
|t:|1756325025
|move|p1b: Annihilape|Helping Hand|p1a: Zoroark
|-singleturn|p1a: Zoroark|Helping Hand|[of] p1b: Annihilape
|move|p2b: Delphox|Dazzling Gleam|p1a: Zoroark|[spread] p1a,p1b
|-supereffective|p1b: Annihilape
|-damage|p1a: Zoroark|0 fnt
|-damage|p1b: Annihilape|0 fnt
|faint|p1a: Zoroark
|faint|p1b: Annihilape
|move|p2a: Indeedee|Psychic|p1: Zoroark|[notarget]
|-fail|p2a: Indeedee
|
|-weather|none
|upkeep
|
|t:|1756325036
|switch|p1b: Garchomp|Garchomp, L50, M, shiny|100/100
|turn|6
|
|t:|1756325041
|-terastallize|p2b: Delphox|Fairy
|move|p2a: Indeedee|Follow Me|p2a: Indeedee
|-singleturn|p2a: Indeedee|move: Follow Me
|move|p2b: Delphox|Dazzling Gleam|p1b: Garchomp
|-supereffective|p1b: Garchomp
|-damage|p1b: Garchomp|4/100
|move|p1b: Garchomp|Earthquake|p2a: Indeedee|[spread] p2a,p2b
|-damage|p2a: Indeedee|0 fnt
|-damage|p2b: Delphox|16/100
|faint|p2a: Indeedee
|-damage|p1b: Garchomp|0 fnt|[from] item: Life Orb
|faint|p1b: Garchomp
|
|win|Camerupt4Ever
||Camerupt4Ever is ready for game 3.
|inactive|llufamistica has 30 seconds to confirm battle start!
||llufamistica is ready for game 3.
|uhtml|next|Next: Game 3 of 3
|l|☆llufamistica
|player|p1|
