|j|☆bonczy
|j|☆seymour747
|html|bonczyseymour747    
|uhtml|bestof|Game 1 of a best-of-3
|t:|1783612865
|gametype|doubles
|player|p1|bonczy|blue-lgpe|
|player|p2|seymour747|acetrainersnowf|
|gen|9
|tier|[Gen 9 Champions] VGC 2026 Reg M-B (Bo3)
|rule|Species Clause: Limit one of each Pokémon
|rule|Item Clause: Limit 1 of each item
|clearpoke
|poke|p1|Metagross, L50|
|poke|p1|Raichu, L50, F|
|poke|p1|Grimmsnarl, L50, M|
|poke|p1|Sinistcha, L50|
|poke|p1|Basculegion, L50, M|
|poke|p1|Pelipper, L50, M|
|poke|p2|Kommo-o, L50, F|
|poke|p2|Gholdengo, L50|
|poke|p2|Floette-Eternal, L50, F|
|poke|p2|Tsareena, L50, F|
|poke|p2|Incineroar, L50, M|
|poke|p2|Aerodactyl, L50, F, shiny|
|teampreview|4
|showteam|p1|Metagross||Metagrossite|ClearBody|MeteorMash,ZenHeadbutt,BrickBreak,Protect|Adamant|||||50|]Raichu||RaichuniteY|LightningRod|ZapCannon,Electroweb,FocusBlast,Protect|Timid||F|||50|]Grimmsnarl||LightClay|Prankster|SpiritBreak,SuckerPunch,LightScreen,Reflect|Adamant||M|||50|]Sinistcha||ColburBerry|Hospitality|MatchaGotcha,ShadowBall,LifeDew,Protect|Bold|||||50|]Basculegion||ChoiceScarf|Adaptability|LastRespects,WaveCrash,Liquidation,FlipTurn|Jolly||M|||50|]Pelipper||DampRock|Drizzle|Hurricane,WeatherBall,Tailwind,Protect|Calm||M|||50|
|showteam|p2|Kommo-o||DragonFang|Soundproof|ClangingScales,AuraSphere,ClangorousSoul,Protect|Modest||F|||50|]Gholdengo||LifeOrb|GoodasGold|MakeItRain,ShadowBall,NastyPlot,Protect|Modest|||||50|]Floette-Eternal||Floettite|FlowerVeil|LightofRuin,DazzlingGleam,CalmMind,Protect|Modest||F|||50|]Tsareena||WideLens|QueenlyMajesty|PowerWhip,TripleAxel,ZenHeadbutt,Protect|Impish||F|||50|]Incineroar||SitrusBerry|Intimidate|FlareBlitz,ThroatChop,PartingShot,FakeOut|Careful||M|||50|]Aerodactyl||Aerodactylite|Unnerve|RockSlide,DualWingbeat,WideGuard,Tailwind|Jolly||F|||50|
|c|☆bonczy|glhf
|c|☆seymour747|glhf
|
|t:|1783612924
|teamsize|p1|4
|teamsize|p2|4
|start
|switch|p1a: SURPRISE 2|Grimmsnarl, L50, M|100/100
|switch|p1b: Rain Summoner|Pelipper, L50, M|100/100
|switch|p2a: METHOD_REPLEKIA/.|Aerodactyl, L50, F, shiny|100/100
|switch|p2b: Aurica|Kommo-o, L50, F|100/100
|-ability|p2a: METHOD_REPLEKIA/.|Unnerve
|-weather|RainDance|[from] ability: Drizzle|[of] p1b: Rain Summoner
|turn|1
|
|t:|1783612977
|detailschange|p2a: METHOD_REPLEKIA/.|Aerodactyl-Mega, L50, F, shiny
|-mega|p2a: METHOD_REPLEKIA/.|Aerodactyl|Aerodactylite
|move|p1a: SURPRISE 2|Reflect|p1a: SURPRISE 2
|-sidestart|p1: bonczy|Reflect
|move|p2a: METHOD_REPLEKIA/.|Tailwind|p2a: METHOD_REPLEKIA/.
|-sidestart|p2: seymour747|move: Tailwind
|move|p2b: Aurica|Clangorous Soul|p2b: Aurica
|-boost|p2b: Aurica|atk|1
|-boost|p2b: Aurica|def|1
|-boost|p2b: Aurica|spa|1
|-boost|p2b: Aurica|spd|1
|-boost|p2b: Aurica|spe|1
|-damage|p2b: Aurica|67/100
|move|p1b: Rain Summoner|Weather Ball|p2a: METHOD_REPLEKIA/.
|-supereffective|p2a: METHOD_REPLEKIA/.|1
|-damage|p2a: METHOD_REPLEKIA/.|0 fnt
|faint|p2a: METHOD_REPLEKIA/.
|
|-weather|RainDance|[upkeep]
|upkeep
|
|t:|1783613003
|switch|p2a: Gewalt|Gholdengo, L50|100/100
|turn|2
|
|t:|1783613036
|move|p2b: Aurica|Protect|p2b: Aurica
|-singleturn|p2b: Aurica|Protect
|move|p1a: SURPRISE 2|Sucker Punch|p2a: Gewalt
|-supereffective|p2a: Gewalt|1
|-damage|p2a: Gewalt|28/100
|move|p2a: Gewalt|Make It Rain|p1a: SURPRISE 2|[spread] p1b
|-miss|p2a: Gewalt|p1a: SURPRISE 2
|-resisted|p1b: Rain Summoner|1
|-damage|p1b: Rain Summoner|71/100
|-unboost|p2a: Gewalt|spa|2
|-damage|p2a: Gewalt|18/100|[from] item: Life Orb
|move|p1b: Rain Summoner|Hurricane|p2b: Aurica
|-activate|p2b: Aurica|move: Protect
|
|-weather|RainDance|[upkeep]
|upkeep
|turn|3
|c|☆bonczy|oof
|
|t:|1783613073
|move|p1a: SURPRISE 2|Light Screen|p1a: SURPRISE 2
|-sidestart|p1: bonczy|move: Light Screen
|move|p2b: Aurica|Clanging Scales|p1a: SURPRISE 2|[spread] p1b
|-immune|p1a: SURPRISE 2
|-damage|p1b: Rain Summoner|22/100
|-unboost|p2b: Aurica|def|1
|move|p2a: Gewalt|Nasty Plot|p2a: Gewalt
|-boost|p2a: Gewalt|spa|2
|move|p1b: Rain Summoner|Hurricane|p2b: Aurica
|-supereffective|p2b: Aurica|1
|-damage|p2b: Aurica|17/100
|-start|p2b: Aurica|confusion
|
|-weather|RainDance|[upkeep]
|upkeep
|turn|4
|
|t:|1783613147
|move|p2a: Gewalt|Protect|p2a: Gewalt
|-singleturn|p2a: Gewalt|Protect
|-activate|p2b: Aurica|confusion
|move|p2b: Aurica|Aura Sphere|p1b: Rain Summoner
|-resisted|p1b: Rain Summoner|1
|-damage|p1b: Rain Summoner|4/100
|move|p1b: Rain Summoner|Weather Ball|p2a: Gewalt
|-activate|p2a: Gewalt|move: Protect
|move|p1a: SURPRISE 2|Spirit Break|p2b: Aurica
|-supereffective|p2b: Aurica|2
|-damage|p2b: Aurica|0 fnt
|faint|p2b: Aurica
|
|-weather|RainDance|[upkeep]
|-sideend|p2: seymour747|move: Tailwind
|upkeep
|
|t:|1783613160
|switch|p2b: Audhumla|Incineroar, L50, M|100/100
|-ability|p2b: Audhumla|Intimidate|boost
|-unboost|p1a: SURPRISE 2|atk|1
|-unboost|p1b: Rain Summoner|atk|1
|turn|5
|
|t:|1783613189
|switch|p1a: Basculegion|Basculegion, L50, M|100/100
|move|p2b: Audhumla|Fake Out|p1b: Rain Summoner
|-damage|p1b: Rain Summoner|0 fnt
|faint|p1b: Rain Summoner
|move|p2a: Gewalt|Make It Rain|p1a: Basculegion
|-resisted|p1a: Basculegion|1
|-damage|p1a: Basculegion|69/100
|-unboost|p2a: Gewalt|spa|2
|-damage|p2a: Gewalt|8/100|[from] item: Life Orb
|
|-weather|RainDance|[upkeep]
|upkeep
|
|t:|1783613199
|switch|p1b: SURPRISE 2|Grimmsnarl, L50, M|100/100
|turn|6
|
|t:|1783613210
|move|p1b: SURPRISE 2|Sucker Punch|p2a: Gewalt
|-supereffective|p2a: Gewalt|1
|-damage|p2a: Gewalt|0 fnt
|faint|p2a: Gewalt
|move|p1a: Basculegion|Wave Crash|p2b: Audhumla
|-supereffective|p2b: Audhumla|1
|-damage|p2b: Audhumla|0 fnt
|faint|p2b: Audhumla
|-damage|p1a: Basculegion|35/100|[from] Recoil
|
|win|bonczy
||bonczy is ready for game 2.
