|j|☆marcosdeltasena31
|j|☆melon storme
|html|marcosdeltasena31melon storme    
|uhtml|bestof|Game 2 of a best-of-3
|t:|1785964073
|gametype|doubles
|player|p1|marcosdeltasena31|hilbert|1331
|player|p2|melon storme|kieran-masters|1183
|gen|9
|tier|[Gen 9 Champions] VGC 2026 Reg M-B (Bo3)
|rated|
|rule|Species Clause: Limit one of each Pokémon
|rule|Item Clause: Limit 1 of each item
|clearpoke
|poke|p1|Charizard, L50, M, shiny|
|poke|p1|Raichu, L50, F|
|poke|p1|Sylveon, L50, F|
|poke|p1|Whimsicott, L50, F|
|poke|p1|Garchomp, L50, M|
|poke|p1|Kingambit, L50, F|
|poke|p2|Pyroar, L50, F|
|poke|p2|Aerodactyl, L50, M|
|poke|p2|Torkoal, L50, M|
|poke|p2|Vileplume, L50, M|
|poke|p2|Farigiraf, L50, F, shiny|
|poke|p2|Mawile, L50, F|
|teampreview|4
|showteam|p1|Charizard||CharizarditeY|Blaze|HeatWave,WeatherBall,SolarBeam,Protect|Modest||M|||50|]Raichu||RaichuniteY|LightningRod|ZapCannon,FocusBlast,FakeOut,Protect|Timid||F|||50|]Sylveon||FairyFeather|Pixilate|HyperVoice,HyperBeam,QuickAttack,Protect|Modest||F|||50|]Whimsicott||FocusSash|Prankster|Moonblast,Tailwind,Encore,Protect|Timid||F|||50|]Garchomp||LifeOrb|RoughSkin|RockSlide,DragonClaw,Earthquake,Protect|Jolly||M|||50|]Kingambit||ChopleBerry|Defiant|KowtowCleave,IronHead,SuckerPunch,LowKick|Adamant||F|||50|
|showteam|p2|Pyroar||Pyroarite|Rivalry|Taunt,HeatWave,Overheat,Protect|Timid||F|||50|]Aerodactyl||SitrusBerry|Unnerve|RockSlide,Tailwind,WideGuard,DualWingbeat|Jolly||M|||50|]Torkoal||Charcoal|Drought|Eruption,HeatWave,SolarBeam,Protect|Quiet||M|||50|]Vileplume||FocusSash|Chlorophyll|EnergyBall,SludgeBomb,AfterYou,SleepPowder|Timid||M|||50|]Farigiraf||Leftovers|ArmorTail|HyperVoice,Psychic,Protect,TrickRoom|Relaxed||F|||50|]Mawile||Mawilite|Intimidate|IronHead,PlayRough,SwordsDance,SuckerPunch|Sassy||F|||50|
|
|t:|1785964104
|teamsize|p1|4
|teamsize|p2|4
|start
|switch|p1a: Kingambit|Kingambit, L50, F|100/100
|switch|p1b: Garchomp|Garchomp, L50, M|100/100
|switch|p2a: Mahrukasha|Aerodactyl, L50, M|100/100
|switch|p2b: Can of Soup|Farigiraf, L50, F, shiny|100/100
|-ability|p2a: Mahrukasha|Unnerve
|turn|1
|
|t:|1785964115
|move|p2a: Mahrukasha|Tailwind|p2a: Mahrukasha
|-sidestart|p2: melon storme|move: Tailwind
|move|p1b: Garchomp|Dragon Claw|p2b: Can of Soup
|-damage|p2b: Can of Soup|57/100
|-damage|p1b: Garchomp|90/100|[from] item: Life Orb
|move|p2b: Can of Soup|Hyper Voice|p1a: Kingambit|[spread] p1a,p1b
|-resisted|p1a: Kingambit|1
|-crit|p1b: Garchomp
|-damage|p1a: Kingambit|86/100
|-damage|p1b: Garchomp|45/100
|move|p1a: Kingambit|Kowtow Cleave|p2b: Can of Soup
|-supereffective|p2b: Can of Soup|1
|-damage|p2b: Can of Soup|0 fnt
|faint|p2b: Can of Soup
|
|upkeep
|
|t:|1785964125
|switch|p2b: 4-loko|Pyroar, L50, F|100/100
|turn|2
|
|t:|1785964137
|switch|p2a: Ghengas Khan|Torkoal, L50, M|100/100
|-weather|SunnyDay|[from] ability: Drought|[of] p2a: Ghengas Khan
|detailschange|p2b: 4-loko|Pyroar-Mega, L50, F
|-mega|p2b: 4-loko|Pyroar|Pyroarite
|move|p1b: Garchomp|Protect|p1b: Garchomp
|-singleturn|p1b: Garchomp|Protect
|move|p1a: Kingambit|Sucker Punch|p2b: 4-loko
|-damage|p2b: 4-loko|52/100
|move|p2b: 4-loko|Heat Wave|p1a: Kingambit|[spread] 
|-activate|p1b: Garchomp|move: Protect
|-miss|p2b: 4-loko|p1a: Kingambit
|
|-weather|SunnyDay|[upkeep]
|upkeep
|turn|3
|
|t:|1785964156
|move|p1a: Kingambit|Sucker Punch|p2b: 4-loko
|-damage|p2b: 4-loko|1/100
|move|p2b: 4-loko|Heat Wave|p1b: Garchomp|[spread] p1a,p1b
|-supereffective|p1a: Kingambit|1
|-resisted|p1b: Garchomp|1
|-damage|p1a: Kingambit|0 fnt
|-damage|p1b: Garchomp|0 fnt
|faint|p1a: Kingambit
|faint|p1b: Garchomp
|move|p2a: Ghengas Khan|Heat Wave|p1: Kingambit|[notarget]
|-fail|p2a: Ghengas Khan
|
|-weather|SunnyDay|[upkeep]
|upkeep
|
|t:|1785964163
|switch|p1b: Whimsicott|Whimsicott, L50, F|100/100
|switch|p1a: Charizard|Charizard, L50, M, shiny|100/100
|turn|4
|
|t:|1785964174
|move|p1b: Whimsicott|Protect|p1b: Whimsicott
|-singleturn|p1b: Whimsicott|Protect
|move|p1a: Charizard|Protect|p1a: Charizard
|-singleturn|p1a: Charizard|Protect
|move|p2b: 4-loko|Heat Wave|p1b: Whimsicott|[spread] 
|-activate|p1a: Charizard|move: Protect
|-activate|p1b: Whimsicott|move: Protect
|move|p2a: Ghengas Khan|Eruption|p1b: Whimsicott|[spread] 
|-activate|p1a: Charizard|move: Protect
|-activate|p1b: Whimsicott|move: Protect
|
|-weather|SunnyDay|[upkeep]
|-sideend|p2: melon storme|move: Tailwind
|upkeep
|turn|5
|
|t:|1785964181
|detailschange|p1a: Charizard|Charizard-Mega-Y, L50, M, shiny
|-mega|p1a: Charizard|Charizard|Charizardite Y
|move|p1b: Whimsicott|Tailwind|p1b: Whimsicott
|-sidestart|p1: marcosdeltasena31|move: Tailwind
|move|p1a: Charizard|Heat Wave|p2b: 4-loko|[spread] p2a,p2b
|-resisted|p2a: Ghengas Khan|1
|-resisted|p2b: 4-loko|1
|-damage|p2a: Ghengas Khan|61/100
|-damage|p2b: 4-loko|0 fnt
|faint|p2b: 4-loko
|move|p2a: Ghengas Khan|Heat Wave|p1b: Whimsicott|[spread] p1a,p1b
|-resisted|p1a: Charizard|1
|-supereffective|p1b: Whimsicott|1
|-damage|p1a: Charizard|75/100
|-enditem|p1b: Whimsicott|Focus Sash
|-damage|p1b: Whimsicott|1/100
|
|-weather|SunnyDay|[upkeep]
|upkeep
|
|t:|1785964193
|switch|p2b: Mahrukasha|Aerodactyl, L50, M|100/100
|-ability|p2b: Mahrukasha|Unnerve
|turn|6
|
|t:|1785964203
|move|p1b: Whimsicott|Moonblast|p2b: Mahrukasha
|-damage|p2b: Mahrukasha|60/100
|-unboost|p2b: Mahrukasha|spa|1
|move|p1a: Charizard|Solar Beam||[still]
|-prepare|p1a: Charizard|Solar Beam
|-anim|p1a: Charizard|Solar Beam|p2b: Mahrukasha
|-damage|p2b: Mahrukasha|4/100
|-enditem|p2b: Mahrukasha|Sitrus Berry|[eat]
|-heal|p2b: Mahrukasha|29/100|[from] item: Sitrus Berry
|move|p2b: Mahrukasha|Rock Slide|p1b: Whimsicott|[spread] p1a,p1b
|-supereffective|p1a: Charizard|2
|-damage|p1a: Charizard|0 fnt
|-damage|p1b: Whimsicott|0 fnt
|faint|p1a: Charizard
|faint|p1b: Whimsicott
|
|win|melon storme
|raw|marcosdeltasena31's rating: 1331 → 1304(-27 for losing)
|raw|melon storme's rating: 1201 → 1235(+34 for winning)
|l|☆marcosdeltasena31
|player|p1|
|c|☆melon storme|ggs
