|j|☆Tamejo
|j|☆gtgnimbus
|html|Tamejogtgnimbus    
|uhtml|bestof|Game 2 of a best-of-3
|t:|1784134141
|gametype|doubles
|player|p1|Tamejo|caitlin|1046
|player|p2|gtgnimbus|wallace|1166
|gen|9
|tier|[Gen 9 Champions] VGC 2026 Reg M-B (Bo3)
|rated|
|rule|Species Clause: Limit one of each Pokémon
|rule|Item Clause: Limit 1 of each item
|clearpoke
|poke|p1|Mamoswine, L50, F|
|poke|p1|Gyarados, L50, F|
|poke|p1|Sneasler, L50, F|
|poke|p1|Sinistcha, L50|
|poke|p1|Talonflame, L50, M|
|poke|p1|Metagross, L50|
|poke|p2|Incineroar, L50, M|
|poke|p2|Blastoise, L50, M|
|poke|p2|Sinistcha, L50|
|poke|p2|Kingambit, L50, F|
|poke|p2|Delphox, L50, F|
|poke|p2|Sneasler, L50, M|
|teampreview|4
|showteam|p1|Mamoswine||LifeOrb|Oblivious|HighHorsepower,IceShard,RockSlide,Protect|Adamant||F|||50|]Gyarados||Gyaradosite|Intimidate|Waterfall,LashOut,DragonDance,Protect|Jolly||F|||50|]Sneasler||FocusSash|PoisonTouch|PoisonJab,CloseCombat,FakeOut,Coaching|Jolly||F|||50|]Sinistcha||OccaBerry|Hospitality|MatchaGotcha,RagePowder,LifeDew,Protect|Bold|||||50|]Talonflame||SharpBeak|GaleWings|DualWingbeat,Tailwind,Taunt,QuickGuard|Jolly||M|||50|]Metagross||Metagrossite|ClearBody|PsychicFangs,IronHead,BodyPress,Protect|Adamant|||||50|
|showteam|p2|Incineroar||SitrusBerry|Intimidate|FlareBlitz,HelpingHand,PartingShot,FakeOut|Careful||M|||50|]Blastoise||Blastoisinite|RainDish|WaterSpout,DarkPulse,ShellSmash,Protect|Modest||M|||50|]Sinistcha||KasibBerry|Hospitality|MatchaGotcha,TrickRoom,RagePowder,Protect|Bold|||||50|]Kingambit||BlackGlasses|Defiant|KowtowCleave,SuckerPunch,SwordsDance,Protect|Adamant||F|||50|]Delphox||Delphoxite|Blaze|HeatWave,Psyshock,NastyPlot,Protect|Modest||F|||50|]Sneasler||FocusSash|PoisonTouch|CloseCombat,PoisonJab,QuickGuard,FakeOut|Jolly||M|||50|
|
|t:|1784134165
|teamsize|p1|4
|teamsize|p2|4
|start
|switch|p1a: Gyarados|Gyarados, L50, F|100/100
|switch|p1b: Sneasler|Sneasler, L50, F|100/100
|switch|p2a: Incineroar|Incineroar, L50, M|100/100
|switch|p2b: Blastoise|Blastoise, L50, M|100/100
|-ability|p1a: Gyarados|Intimidate|boost
|-unboost|p2a: Incineroar|atk|1
|-unboost|p2b: Blastoise|atk|1
|-ability|p2a: Incineroar|Intimidate|boost
|-unboost|p1a: Gyarados|atk|1
|-unboost|p1b: Sneasler|atk|1
|turn|1
|
|t:|1784134179
|switch|p2b: Sneasler|Sneasler, L50, M|100/100
|move|p1b: Sneasler|Fake Out|p2b: Sneasler
|-damage|p2b: Sneasler|82/100
|move|p2a: Incineroar|Fake Out|p1a: Gyarados
|-damage|p1a: Gyarados|91/100
|cant|p1a: Gyarados|flinch
|
|upkeep
|turn|2
|
|t:|1784134191
|move|p2b: Sneasler|Fake Out|p1b: Sneasler
|-damage|p1b: Sneasler|74/100
|cant|p1b: Sneasler|flinch
|move|p1a: Gyarados|Dragon Dance|p1a: Gyarados
|-boost|p1a: Gyarados|atk|1
|-boost|p1a: Gyarados|spe|1
|move|p2a: Incineroar|Parting Shot|p1b: Sneasler
|-unboost|p1b: Sneasler|atk|1
|-unboost|p1b: Sneasler|spa|1
|l|☆Tamejo
|player|p1|
|
|t:|1784134201
|switch|p2a: Sinistcha|Sinistcha, L50|100/100|[from] Parting Shot
|-heal|p2b: Sneasler|100/100|[from] ability: Hospitality|[of] p2a: Sinistcha
|
|upkeep
|turn|3
|j|☆Tamejo
|player|p1|Tamejo|caitlin|
|
|t:|1784134218
|switch|p2b: Incineroar|Incineroar, L50, M|100/100
|-ability|p2b: Incineroar|Intimidate|boost
|-unboost|p1a: Gyarados|atk|1
|-unboost|p1b: Sneasler|atk|1
|move|p1a: Gyarados|Dragon Dance|p1a: Gyarados
|-boost|p1a: Gyarados|atk|1
|-boost|p1a: Gyarados|spe|1
|move|p1b: Sneasler|Coaching|p1a: Gyarados
|-boost|p1a: Gyarados|atk|1
|-boost|p1a: Gyarados|def|1
|move|p2a: Sinistcha|Matcha Gotcha|p1b: Sneasler|[spread] p1a,p1b
|-resisted|p1b: Sneasler|1
|-damage|p1a: Gyarados|67/100
|-damage|p1b: Sneasler|56/100
|
|upkeep
|turn|4
|inactive|Battle timer is ON: inactive players will automatically lose when time's up. (requested by gtgnimbus)
|inactive|Tamejo has 60 seconds left.
|
|t:|1784134253
|switch|p1b: Sinistcha|Sinistcha, L50|100/100
|-heal|p1a: Gyarados|92/100|[from] ability: Hospitality|[of] p1b: Sinistcha
|move|p2b: Incineroar|Fake Out|p1a: Gyarados
|-damage|p1a: Gyarados|83/100
|cant|p1a: Gyarados|flinch
|move|p2a: Sinistcha|Matcha Gotcha|p1a: Gyarados|[spread] p1a,p1b
|-resisted|p1b: Sinistcha|1
|-damage|p1a: Gyarados|56/100
|-damage|p1b: Sinistcha|87/100
|
|upkeep
|turn|5
|
|t:|1784134277
|move|p1a: Gyarados|Waterfall|p2b: Incineroar
|-supereffective|p2b: Incineroar|1
|-damage|p2b: Incineroar|0 fnt
|faint|p2b: Incineroar
|move|p2a: Sinistcha|Matcha Gotcha|p1b: Sinistcha|[spread] p1a,p1b
|-resisted|p1b: Sinistcha|1
|-crit|p1b: Sinistcha
|-damage|p1a: Gyarados|29/100
|-damage|p1b: Sinistcha|70/100
|move|p1b: Sinistcha|Life Dew|p1b: Sinistcha|[spread] p1a,p1b
|-heal|p1a: Gyarados|54/100
|-heal|p1b: Sinistcha|95/100
|
|upkeep
|
|t:|1784134291
|switch|p2b: Sneasler|Sneasler, L50, M|100/100
|turn|6
|
|t:|1784134304
|move|p1a: Gyarados|Protect|p1a: Gyarados
|-singleturn|p1a: Gyarados|Protect
|move|p2b: Sneasler|Fake Out|p1a: Gyarados
|-activate|p1a: Gyarados|move: Protect
|move|p1b: Sinistcha|Life Dew|p1b: Sinistcha|[spread] p1a,p1b
|-heal|p1a: Gyarados|79/100
|-heal|p1b: Sinistcha|100/100
|move|p2a: Sinistcha|Trick Room|p2a: Sinistcha
|-fieldstart|move: Trick Room|[of] p2a: Sinistcha
|
|upkeep
|turn|7
|
|t:|1784134319
|move|p2a: Sinistcha|Matcha Gotcha|p1b: Sinistcha|[spread] p1a,p1b
|-resisted|p1b: Sinistcha|1
|-damage|p1a: Gyarados|57/100
|-damage|p1b: Sinistcha|88/100
|-status|p1a: Gyarados|brn
|move|p1b: Sinistcha|Matcha Gotcha|p2b: Sneasler|[spread] p2a,p2b
|-resisted|p2a: Sinistcha|1
|-resisted|p2b: Sneasler|1
|-damage|p2a: Sinistcha|88/100
|-heal|p1b: Sinistcha|93/100|[from] drain|[of] p2a: Sinistcha
|-damage|p2b: Sneasler|83/100
|-heal|p1b: Sinistcha|100/100|[from] drain|[of] p2b: Sneasler
|-status|p2a: Sinistcha|brn
|move|p2b: Sneasler|Poison Jab|p1a: Gyarados
|-damage|p1a: Gyarados|23/100 brn
|move|p1a: Gyarados|Waterfall|p2b: Sneasler
|-damage|p2b: Sneasler|35/100
|
|-damage|p2a: Sinistcha|82/100 brn|[from] brn
|-damage|p1a: Gyarados|16/100 brn|[from] brn
|upkeep
|turn|8
|inactive|Tamejo has 30 seconds left.
|
|t:|1784134348
|move|p1a: Gyarados|Protect|p1a: Gyarados
|-singleturn|p1a: Gyarados|Protect
|move|p1b: Sinistcha|Life Dew||[still]|[spread] p1a,p1b
|-heal|p1a: Gyarados|42/100 brn
|-fail|p1b: Sinistcha|heal
|move|p2a: Sinistcha|Matcha Gotcha|p1b: Sinistcha|[spread] p1b
|-activate|p1a: Gyarados|move: Protect
|-resisted|p1b: Sinistcha|1
|-damage|p1b: Sinistcha|88/100
|-heal|p2a: Sinistcha|88/100 brn|[from] drain|[of] p1b: Sinistcha
|move|p2b: Sneasler|Poison Jab|p1b: Sinistcha
|-damage|p1b: Sinistcha|56/100
|-status|p1b: Sinistcha|psn
|
|-damage|p1b: Sinistcha|43/100 psn|[from] psn
|-damage|p2a: Sinistcha|82/100 brn|[from] brn
|-damage|p1a: Gyarados|35/100 brn|[from] brn
|upkeep
|turn|9
|
|t:|1784134373
|move|p2a: Sinistcha|Matcha Gotcha|p1a: Gyarados|[spread] p1a,p1b
|-crit|p1a: Gyarados
|-resisted|p1b: Sinistcha|1
|-crit|p1b: Sinistcha
|-damage|p1a: Gyarados|0 fnt
|-heal|p2a: Sinistcha|100/100 brn|[from] drain|[of] p1a: Gyarados
|-damage|p1b: Sinistcha|25/100 psn
|faint|p1a: Gyarados
|move|p1b: Sinistcha|Life Dew|p1b: Sinistcha
|-heal|p1b: Sinistcha|50/100g psn
|move|p2b: Sneasler|Poison Jab|p1b: Sinistcha
|-damage|p1b: Sinistcha|20/100y psn
|
|-damage|p1b: Sinistcha|7/100 psn|[from] psn
|-damage|p2a: Sinistcha|93/100 brn|[from] brn
|upkeep
|c|☆Tamejo|Lo
|c|☆Tamejo|lol
|
|t:|1784134397
|switch|p1a: Talonflame|Talonflame, L50, M|100/100
|turn|10
|
|t:|1784134415
|switch|p1b: Sneasler|Sneasler, L50, F|56/100
|move|p1a: Talonflame|Dual Wingbeat|p2b: Sneasler
|-supereffective|p2b: Sneasler|1
|-damage|p2b: Sneasler|0 fnt
|faint|p2b: Sneasler
|-hitcount|p2: Sneasler|1
|move|p2a: Sinistcha|Matcha Gotcha|p1a: Talonflame|[spread] p1a,p1b
|-resisted|p1a: Talonflame|2
|-resisted|p1b: Sneasler|1
|-damage|p1a: Talonflame|90/100
|-heal|p2a: Sinistcha|97/100 brn|[from] drain|[of] p1a: Talonflame
|-damage|p1b: Sneasler|40/100
|-heal|p2a: Sinistcha|100/100 brn|[from] drain|[of] p1b: Sneasler
|
|-damage|p2a: Sinistcha|93/100 brn|[from] brn
|-fieldend|move: Trick Room
|upkeep
|
|t:|1784134429
|switch|p2b: Blastoise|Blastoise, L50, M|100/100
|turn|11
|inactive|Tamejo has 30 seconds left.
|
|t:|1784134463
|move|p2b: Blastoise|Protect|p2b: Blastoise
|-singleturn|p2b: Blastoise|Protect
|move|p2a: Sinistcha|Protect|p2a: Sinistcha
|-singleturn|p2a: Sinistcha|Protect
|move|p1b: Sneasler|Fake Out|p2b: Blastoise
|-activate|p2b: Blastoise|move: Protect
|move|p1a: Talonflame|Taunt|p2a: Sinistcha
|-activate|p2a: Sinistcha|move: Protect
|
|-damage|p2a: Sinistcha|87/100 brn|[from] brn
|upkeep
|turn|12
|
|t:|1784134477
|detailschange|p2b: Blastoise|Blastoise-Mega, L50, M
|-mega|p2b: Blastoise|Blastoise|Blastoisinite
|move|p2a: Sinistcha|Rage Powder|p2a: Sinistcha
|-singleturn|p2a: Sinistcha|move: Rage Powder
|move|p1a: Talonflame|Dual Wingbeat|p2a: Sinistcha
|-supereffective|p2a: Sinistcha|1
|-damage|p2a: Sinistcha|53/100 brn
|-supereffective|p2a: Sinistcha|1
|-damage|p2a: Sinistcha|22/100 brn
|-hitcount|p2a: Sinistcha|2
|move|p1b: Sneasler|Poison Jab|p2a: Sinistcha
|-damage|p2a: Sinistcha|0 fnt
|faint|p2a: Sinistcha
|move|p2b: Blastoise|Water Spout|p1b: Sneasler|[spread] p1a,p1b
|-supereffective|p1a: Talonflame|1
|-damage|p1a: Talonflame|0 fnt
|-damage|p1b: Sneasler|0 fnt
|faint|p1a: Talonflame
|faint|p1b: Sneasler
|
|upkeep
|
|t:|1784134486
|switch|p1b: Sinistcha|Sinistcha, L50|7/100 psn
|turn|13
|
|t:|1784134492
|move|p2b: Blastoise|Protect|p2b: Blastoise
|-singleturn|p2b: Blastoise|Protect
|move|p1b: Sinistcha|Life Dew|p1b: Sinistcha
|-heal|p1b: Sinistcha|33/100 psn
|
|-damage|p1b: Sinistcha|20/100y psn|[from] psn
|upkeep
|turn|14
|
|t:|1784134498
|move|p2b: Blastoise|Dark Pulse|p1b: Sinistcha
|-supereffective|p1b: Sinistcha|1
|-damage|p1b: Sinistcha|0 fnt
|faint|p1b: Sinistcha
|
|win|gtgnimbus
|raw|Tamejo's rating: 1046 → 1035(-11 for losing)
|raw|gtgnimbus's rating: 1166 → 1183(+17 for winning)
|c|☆Tamejo|Ggs
