|j|☆AbadanRiyi92
|j|☆Tyrunt Jumpman
|html|AbadanRiyi92Tyrunt Jumpman    
|uhtml|bestof|Game 3 of a best-of-3
|t:|1785426493
|gametype|doubles
|player|p1|AbadanRiyi92|colress|1158
|player|p2|Tyrunt Jumpman|hiker-gen4|1305
|gen|9
|tier|[Gen 9 Champions] VGC 2026 Reg M-B (Bo3)
|rated|
|rule|Species Clause: Limit one of each Pokémon
|rule|Item Clause: Limit 1 of each item
|clearpoke
|poke|p1|Gengar, L50, F, shiny|
|poke|p1|Maushold-Four, L50|
|poke|p1|Annihilape, L50, F|
|poke|p1|Incineroar, L50, F|
|poke|p1|Politoed, L50, M, shiny|
|poke|p1|Archaludon, L50, F|
|poke|p2|Tyranitar, L50, F|
|poke|p2|Excadrill, L50, F|
|poke|p2|Milotic, L50, M|
|poke|p2|Sinistcha, L50|
|poke|p2|Staraptor, L50, M|
|poke|p2|Gholdengo, L50|
|teampreview|4
|showteam|p1|Gengar||Gengarite|CursedBody|ShadowBall,Disable,PerishSong,Protect|Timid||F|||50|]Maushold-Four||FocusSash|FriendGuard|FollowMe,Encore,BeatUp,Protect|Jolly|||||50|]Annihilape||RoseliBerry|Defiant|RageFist,CloseCombat,Encore,Protect|Jolly||F|||50|]Incineroar||PasshoBerry|Intimidate|PartingShot,ThroatChop,Protect,FakeOut|Sassy||F|||50|]Politoed||SitrusBerry|Drizzle|WeatherBall,Encore,PerishSong,Protect|Calm||M|||50|]Archaludon||Leftovers|Stamina|DragonPulse,FlashCannon,ElectroShot,Protect|Bold||F|||50|
|showteam|p2|Tyranitar||Tyranitarite|SandStream|KnockOff,RockSlide,HighHorsepower,Protect|Jolly||F|||50|]Excadrill||FocusSash|SandRush|Earthquake,IronHead,RockSlide,Protect|Adamant||F|||50|]Milotic||SitrusBerry|Competitive|Scald,IceBeam,IcyWind,Protect|Calm||M|||50|]Sinistcha||ColburBerry|Hospitality|MatchaGotcha,ShadowBall,Protect,RagePowder|Bold|||||50|]Staraptor||Staraptite|Intimidate|CloseCombat,BraveBird,Tailwind,Protect|Jolly||M|||50|]Gholdengo||LifeOrb|GoodasGold|MakeItRain,ShadowBall,NastyPlot,Protect|Modest|||||50|
|inactive|Battle timer is ON: inactive players will automatically lose when time's up. (requested by AbadanRiyi92)
|inactive|Tyrunt Jumpman has 60 seconds left.
|inactive|Tyrunt Jumpman has 30 seconds left.
|inactive|Tyrunt Jumpman has 20 seconds left.
|
|t:|1785426575
|teamsize|p1|4
|teamsize|p2|4
|start
|switch|p1a: Gengar|Gengar, L50, F, shiny|100/100
|switch|p1b: Incineroar|Incineroar, L50, F|100/100
|switch|p2a: Staraptor|Staraptor, L50, M|100/100
|switch|p2b: Gholdengo|Gholdengo, L50|100/100
|-ability|p2a: Staraptor|Intimidate|boost
|-unboost|p1a: Gengar|atk|1
|-unboost|p1b: Incineroar|atk|1
|-ability|p1b: Incineroar|Intimidate|boost
|-unboost|p2a: Staraptor|atk|1
|-unboost|p2b: Gholdengo|atk|1
|turn|1
|inactive|AbadanRiyi92 has 30 seconds left.
|inactive|Tyrunt Jumpman has 30 seconds left.
|inactive|Tyrunt Jumpman has 20 seconds left.
|
|t:|1785426612
|switch|p2b: Tyranitar|Tyranitar, L50, F|100/100
|-weather|Sandstorm|[from] ability: Sand Stream|[of] p2b: Tyranitar
|detailschange|p1a: Gengar|Gengar-Mega, L50, F, shiny
|-mega|p1a: Gengar|Gengar|Gengarite
|move|p1b: Incineroar|Fake Out|p2a: Staraptor
|-damage|p2a: Staraptor|90/100
|move|p1a: Gengar|Shadow Ball|p2b: Tyranitar
|-resisted|p2b: Tyranitar|1
|-damage|p2b: Tyranitar|85/100
|-unboost|p2b: Tyranitar|spd|1
|cant|p2a: Staraptor|flinch
|
|-weather|Sandstorm|[upkeep]
|-damage|p1a: Gengar|93/100|[from] Sandstorm
|-damage|p2a: Staraptor|84/100|[from] Sandstorm
|-damage|p1b: Incineroar|94/100|[from] Sandstorm
|upkeep
|turn|2
|inactive|AbadanRiyi92 has 30 seconds left.
|inactive|Tyrunt Jumpman has 30 seconds left.
|
|t:|1785426643
|switch|p1b: Politoed|Politoed, L50, M, shiny|100/100
|-weather|RainDance|[from] ability: Drizzle|[of] p1b: Politoed
|move|p1a: Gengar|Protect|p1a: Gengar
|-singleturn|p1a: Gengar|Protect
|move|p2a: Staraptor|Tailwind|p2a: Staraptor
|-sidestart|p2: Tyrunt Jumpman|move: Tailwind
|move|p2b: Tyranitar|Knock Off|p1a: Gengar
|-activate|p1a: Gengar|move: Protect
|
|-weather|RainDance|[upkeep]
|upkeep
|turn|3
|inactive|AbadanRiyi92 has 30 seconds left.
|inactive|Tyrunt Jumpman has 30 seconds left.
|inactive|AbadanRiyi92 has 20 seconds left.
|inactive|Tyrunt Jumpman has 20 seconds left.
|inactive|Tyrunt Jumpman has 15 seconds left.
|inactive|Tyrunt Jumpman has 10 seconds left.
|inactive|Tyrunt Jumpman has 5 seconds left.
|
|t:|1785426693
|switch|p1b: Incineroar|Incineroar, L50, F|94/100
|-ability|p1b: Incineroar|Intimidate|boost
|-unboost|p2a: Staraptor|atk|1
|-unboost|p2b: Tyranitar|atk|1
|detailschange|p2b: Tyranitar|Tyranitar-Mega, L50, F
|-mega|p2b: Tyranitar|Tyranitar|Tyranitarite
|-weather|Sandstorm|[from] ability: Sand Stream|[of] p2b: Tyranitar
|move|p2a: Staraptor|Close Combat|p1b: Incineroar
|-supereffective|p1b: Incineroar|1
|-damage|p1b: Incineroar|68/100
|-unboost|p2a: Staraptor|def|1
|-unboost|p2a: Staraptor|spd|1
|move|p2b: Tyranitar|Rock Slide|p1b: Incineroar|[spread] p1a,p1b
|-supereffective|p1b: Incineroar|1
|-damage|p1a: Gengar|70/100
|-damage|p1b: Incineroar|32/100
|cant|p1a: Gengar|flinch
|
|-weather|Sandstorm|[upkeep]
|-damage|p2a: Staraptor|78/100|[from] Sandstorm
|-damage|p1a: Gengar|64/100|[from] Sandstorm
|-damage|p1b: Incineroar|26/100|[from] Sandstorm
|upkeep
|turn|4
|inactive|AbadanRiyi92 has 30 seconds left.
|inactive|Tyrunt Jumpman has 30 seconds left.
|c|☆AbadanRiyi92|omfg the flinch
|inactive|AbadanRiyi92 has 20 seconds left.
|inactive|Tyrunt Jumpman has 20 seconds left.
|inactive|Tyrunt Jumpman has 15 seconds left.
|inactive|Tyrunt Jumpman has 10 seconds left.
|
|t:|1785426739
|move|p1b: Incineroar|Fake Out|p2b: Tyranitar
|-resisted|p2b: Tyranitar|1
|-damage|p2b: Tyranitar|82/100
|move|p2a: Staraptor|Close Combat|p1b: Incineroar
|-supereffective|p1b: Incineroar|1
|-damage|p1b: Incineroar|0 fnt
|-unboost|p2a: Staraptor|def|1
|-unboost|p2a: Staraptor|spd|1
|faint|p1b: Incineroar
|cant|p2b: Tyranitar|flinch
|move|p1a: Gengar|Perish Song|p1a: Gengar
|-start|p1a: Gengar|perish3|[silent]
|-start|p2a: Staraptor|perish3|[silent]
|-start|p2b: Tyranitar|perish3|[silent]
|-fieldactivate|move: Perish Song
|
|-weather|Sandstorm|[upkeep]
|-damage|p2a: Staraptor|73/100|[from] Sandstorm
|-damage|p1a: Gengar|58/100|[from] Sandstorm
|-start|p2a: Staraptor|perish3
|-start|p2b: Tyranitar|perish3
|-start|p1a: Gengar|perish3
|upkeep
|
|t:|1785426757
|switch|p1b: Archaludon|Archaludon, L50, F|100/100
|turn|5
|
|t:|1785426776
|move|p2a: Staraptor|Protect|p2a: Staraptor
|-singleturn|p2a: Staraptor|Protect
|move|p1a: Gengar|Protect|p1a: Gengar
|-singleturn|p1a: Gengar|Protect
|move|p1b: Archaludon|Protect|p1b: Archaludon
|-singleturn|p1b: Archaludon|Protect
|move|p2b: Tyranitar|Knock Off|p1a: Gengar
|-activate|p1a: Gengar|move: Protect
|
|-weather|Sandstorm|[upkeep]
|-damage|p2a: Staraptor|67/100|[from] Sandstorm
|-damage|p1a: Gengar|52/100|[from] Sandstorm
|-start|p2a: Staraptor|perish2
|-start|p2b: Tyranitar|perish2
|-start|p1a: Gengar|perish2
|-sideend|p2: Tyrunt Jumpman|move: Tailwind
|upkeep
|turn|6
|inactive|AbadanRiyi92 has 30 seconds left.
|
|t:|1785426802
|move|p1a: Gengar|Disable|p2b: Tyranitar
|-start|p2b: Tyranitar|Disable|Knock Off
|move|p2a: Staraptor|Tailwind|p2a: Staraptor
|-sidestart|p2: Tyrunt Jumpman|move: Tailwind
|cant|p2b: Tyranitar|Disable|Knock Off
|move|p1b: Archaludon|Flash Cannon|p2a: Staraptor
|-damage|p2a: Staraptor|0 fnt
|faint|p2a: Staraptor
|
|-weather|Sandstorm|[upkeep]
|-damage|p1a: Gengar|46/100|[from] Sandstorm
|-start|p2b: Tyranitar|perish1
|-start|p1a: Gengar|perish1
|upkeep
|
|t:|1785426823
|switch|p2a: Gholdengo|Gholdengo, L50|100/100
|turn|7
|inactive|Tyrunt Jumpman has 30 seconds left.
|inactive|Tyrunt Jumpman has 20 seconds left.
|inactive|Tyrunt Jumpman has 15 seconds left.
|inactive|Tyrunt Jumpman has 10 seconds left.
|inactive|Tyrunt Jumpman has 5 seconds left.
|
|t:|1785426877
|switch|p1a: Politoed|Politoed, L50, M, shiny|100/100
|-weather|RainDance|[from] ability: Drizzle|[of] p1a: Politoed
|move|p2a: Gholdengo|Protect|p2a: Gholdengo
|-singleturn|p2a: Gholdengo|Protect
|move|p2b: Tyranitar|Rock Slide|p1a: Politoed|[spread] p1a
|-miss|p2b: Tyranitar|p1b: Archaludon
|-damage|p1a: Politoed|80/100
|move|p1b: Archaludon|Electro Shot||[still]
|-prepare|p1b: Archaludon|Electro Shot
|-boost|p1b: Archaludon|spa|1
|-anim|p1b: Archaludon|Electro Shot|p2a: Gholdengo
|-activate|p2a: Gholdengo|move: Protect
|
|-weather|RainDance|[upkeep]
|-start|p2b: Tyranitar|perish0
|faint|p2b: Tyranitar
|upkeep
|
|t:|1785426893
|switch|p2b: Sinistcha|Sinistcha, L50|100/100
|turn|8
|inactive|AbadanRiyi92 has 30 seconds left.
|
|t:|1785426919
|move|p2b: Sinistcha|Rage Powder|p2b: Sinistcha
|-singleturn|p2b: Sinistcha|move: Rage Powder
|move|p2a: Gholdengo|Nasty Plot|p2a: Gholdengo
|-boost|p2a: Gholdengo|spa|2
|move|p1b: Archaludon|Electro Shot||[still]
|-prepare|p1b: Archaludon|Electro Shot
|-boost|p1b: Archaludon|spa|1
|-anim|p1b: Archaludon|Electro Shot|p2b: Sinistcha
|-resisted|p2b: Sinistcha|1
|-damage|p2b: Sinistcha|66/100
|move|p1a: Politoed|Weather Ball|p2b: Sinistcha
|-resisted|p2b: Sinistcha|1
|-damage|p2b: Sinistcha|41/100
|
|-weather|RainDance|[upkeep]
|upkeep
|turn|9
|inactive|AbadanRiyi92 has 30 seconds left.
|inactive|Tyrunt Jumpman has 30 seconds left.
|inactive|Tyrunt Jumpman has 20 seconds left.
|inactive|Tyrunt Jumpman has 15 seconds left.
|inactive|Tyrunt Jumpman has 10 seconds left.
|
|t:|1785426964
|move|p2a: Gholdengo|Shadow Ball|p1b: Archaludon
|-damage|p1b: Archaludon|7/100
|-ability|p1b: Archaludon|Stamina|boost
|-boost|p1b: Archaludon|def|1
|-damage|p2a: Gholdengo|90/100|[from] item: Life Orb
|move|p2b: Sinistcha|Matcha Gotcha|p1a: Politoed|[spread] p1a,p1b
|-supereffective|p1a: Politoed|1
|-resisted|p1b: Archaludon|2
|-damage|p1a: Politoed|39/100
|-heal|p2b: Sinistcha|64/100|[from] drain|[of] p1a: Politoed
|-damage|p1b: Archaludon|1/100
|-heal|p2b: Sinistcha|68/100|[from] drain|[of] p1b: Archaludon
|-status|p1b: Archaludon|brn
|-ability|p1b: Archaludon|Stamina|boost
|-boost|p1b: Archaludon|def|1
|-enditem|p1a: Politoed|Sitrus Berry|[eat]
|-heal|p1a: Politoed|64/100|[from] item: Sitrus Berry
|move|p1b: Archaludon|Electro Shot||[still]
|-prepare|p1b: Archaludon|Electro Shot
|-boost|p1b: Archaludon|spa|1
|-anim|p1b: Archaludon|Electro Shot|p2a: Gholdengo
|-damage|p2a: Gholdengo|3/100
|move|p1a: Politoed|Weather Ball|p2a: Gholdengo
|-damage|p2a: Gholdengo|0 fnt
|faint|p2a: Gholdengo
|
|-weather|RainDance|[upkeep]
|-heal|p1b: Archaludon|7/100 brn|[from] item: Leftovers
|-damage|p1b: Archaludon|1/100 brn|[from] brn
|-sideend|p2: Tyrunt Jumpman|move: Tailwind
|upkeep
|turn|10
|inactive|AbadanRiyi92 has 30 seconds left.
|inactive|Tyrunt Jumpman has 30 seconds left.
|
|t:|1785426998
|move|p1b: Archaludon|Electro Shot||[still]
|-prepare|p1b: Archaludon|Electro Shot
|-boost|p1b: Archaludon|spa|1
|-anim|p1b: Archaludon|Electro Shot|p2b: Sinistcha
|-resisted|p2b: Sinistcha|1
|-damage|p2b: Sinistcha|12/100
|move|p1a: Politoed|Weather Ball|p2b: Sinistcha
|-resisted|p2b: Sinistcha|1
|-damage|p2b: Sinistcha|0 fnt
|faint|p2b: Sinistcha
|
|win|AbadanRiyi92
|raw|AbadanRiyi92's rating: 1158 → 1193(+35 for winning)
|raw|Tyrunt Jumpman's rating: 1305 → 1277(-28 for losing)
|l|☆Tyrunt Jumpman
|player|p2|
|c|☆AbadanRiyi92|arch hanging on for dear life
