|j|☆SP-9733
|j|☆owbd
|html|SP-9733owbd    
|uhtml|bestof|Game 3 of a best-of-3
|t:|1784794126
|gametype|doubles
|player|p1|SP-9733|n|1216
|player|p2|owbd|cynthia-gen4|1217
|gen|9
|tier|[Gen 9 Champions] VGC 2026 Reg M-B (Bo3)
|rated|
|rule|Species Clause: Limit one of each Pokémon
|rule|Item Clause: Limit 1 of each item
|clearpoke
|poke|p1|Staraptor, L50, M, shiny|
|poke|p1|Garchomp, L50, F|
|poke|p1|Grimmsnarl, L50, M|
|poke|p1|Sylveon, L50, F, shiny|
|poke|p1|Sinistcha-Masterpiece, L50|
|poke|p1|Blastoise, L50, M|
|poke|p2|Charizard, L50, M|
|poke|p2|Floette-Eternal, L50, F|
|poke|p2|Kingambit, L50, F|
|poke|p2|Garchomp, L50, F|
|poke|p2|Basculegion, L50, M|
|poke|p2|Whimsicott, L50, M|
|teampreview|4
|showteam|p1|Staraptor||Staraptite|Intimidate|CloseCombat,DualWingbeat,Protect,Roost|Jolly||M|||50|]Garchomp||LifeOrb|RoughSkin|StompingTantrum,DragonClaw,Protect,RockSlide|Jolly||F|||50|]Grimmsnarl||LightClay|Prankster|LightScreen,Reflect,PartingShot,SpiritBreak|Careful||M|||50|]Sylveon||FairyFeather|Pixilate|HyperVoice,HyperBeam,Detect,QuickAttack|Quiet||F|||50|]Sinistcha-Masterpiece||ColburBerry|Hospitality|TrickRoom,StrengthSap,RagePowder,MatchaGotcha|Bold|||||50|]Blastoise||Blastoisinite|Torrent|FakeOut,WaterSpout,DarkPulse,ShellSmash|Modest||M|||50|
|showteam|p2|Charizard||CharizarditeY|Blaze|HeatWave,WeatherBall,SolarBeam,Protect|Modest||M|||50|]Floette-Eternal||Floettite|FlowerVeil|Moonblast,DazzlingGleam,LightofRuin,Protect|Modest||F|||50|]Kingambit||BlackGlasses|Defiant|IronHead,KowtowCleave,SuckerPunch,Protect|Adamant||F|||50|]Garchomp||LifeOrb|RoughSkin|RockSlide,DragonClaw,Earthquake,Protect|Jolly||F|||50|]Basculegion||MysticWater|Adaptability|WaveCrash,LastRespects,AquaJet,Protect|Adamant||M|||50|]Whimsicott||FocusSash|Prankster|Moonblast,Encore,Tailwind,Protect|Timid||M|||50|
|inactive|Battle timer is ON: inactive players will automatically lose when time's up. (requested by owbd)
|
|t:|1784794155
|teamsize|p1|4
|teamsize|p2|4
|start
|switch|p1a: Sinistcha|Sinistcha-Masterpiece, L50|100/100
|switch|p1b: Grimmsnarl|Grimmsnarl, L50, M|100/100
|switch|p2a: Floette|Floette-Eternal, L50, F|100/100
|switch|p2b: Charizard|Charizard, L50, M|100/100
|turn|1
|inactive|owbd has 30 seconds left.
|
|t:|1784794182
|switch|p1a: Blastoise|Blastoise, L50, M|100/100
|detailschange|p2b: Charizard|Charizard-Mega-Y, L50, M
|-mega|p2b: Charizard|Charizard|Charizardite Y
|-weather|SunnyDay|[from] ability: Drought|[of] p2b: Charizard
|move|p1b: Grimmsnarl|Light Screen|p1b: Grimmsnarl
|-sidestart|p1: SP-9733|move: Light Screen
|move|p2a: Floette|Light of Ruin|p1b: Grimmsnarl
|-supereffective|p1b: Grimmsnarl|1
|-damage|p1b: Grimmsnarl|2/100
|-damage|p2a: Floette|34/100|[from] Recoil
|move|p2b: Charizard|Heat Wave|p1b: Grimmsnarl|[spread] p1a
|-miss|p2b: Charizard|p1b: Grimmsnarl
|-resisted|p1a: Blastoise|1
|-damage|p1a: Blastoise|80/100
|
|-weather|SunnyDay|[upkeep]
|upkeep
|turn|2
|inactive|SP-9733 has 30 seconds left.
|
|t:|1784794214
|detailschange|p1a: Blastoise|Blastoise-Mega, L50, M
|-mega|p1a: Blastoise|Blastoise|Blastoisinite
|move|p1a: Blastoise|Fake Out|p2b: Charizard
|-damage|p2b: Charizard|91/100
|move|p1b: Grimmsnarl|Parting Shot|p2a: Floette
|-unboost|p2a: Floette|atk|1
|-unboost|p2a: Floette|spa|1
|
|t:|1784794221
|switch|p1b: Sinistcha|Sinistcha-Masterpiece, L50|100/100|[from] Parting Shot
|-heal|p1a: Blastoise|100/100|[from] ability: Hospitality|[of] p1b: Sinistcha
|move|p2a: Floette|Dazzling Gleam|p1a: Blastoise|[spread] p1a,p1b
|-damage|p1a: Blastoise|88/100
|-damage|p1b: Sinistcha|83/100
|cant|p2b: Charizard|flinch
|
|-weather|SunnyDay|[upkeep]
|upkeep
|turn|3
|
|t:|1784794240
|switch|p2a: Basculegion|Basculegion, L50, M|100/100
|move|p1b: Sinistcha|Rage Powder|p1b: Sinistcha
|-singleturn|p1b: Sinistcha|move: Rage Powder
|move|p2b: Charizard|Heat Wave|p1b: Sinistcha|[spread] p1a,p1b
|-resisted|p1a: Blastoise|1
|-supereffective|p1b: Sinistcha|1
|-damage|p1a: Blastoise|71/100
|-damage|p1b: Sinistcha|0 fnt
|faint|p1b: Sinistcha
|move|p1a: Blastoise|Shell Smash|p1a: Blastoise
|-unboost|p1a: Blastoise|def|1
|-unboost|p1a: Blastoise|spd|1
|-boost|p1a: Blastoise|atk|2
|-boost|p1a: Blastoise|spa|2
|-boost|p1a: Blastoise|spe|2
|
|-weather|SunnyDay|[upkeep]
|upkeep
|inactive|SP-9733 has 30 seconds left.
|
|t:|1784794270
|switch|p1b: Sylveon|Sylveon, L50, F, shiny|100/100
|turn|4
|
|t:|1784794288
|move|p2a: Basculegion|Aqua Jet|p1a: Blastoise
|-resisted|p1a: Blastoise|1
|-damage|p1a: Blastoise|62/100
|move|p1a: Blastoise|Water Spout|p2a: Basculegion|[spread] p2a,p2b
|-resisted|p2a: Basculegion|1
|-supereffective|p2b: Charizard|1
|-damage|p2a: Basculegion|80/100
|-damage|p2b: Charizard|18/100
|move|p2b: Charizard|Heat Wave|p1a: Blastoise|[spread] p1a,p1b
|-resisted|p1a: Blastoise|1
|-crit|p1b: Sylveon
|-damage|p1a: Blastoise|36/100
|-damage|p1b: Sylveon|37/100
|move|p1b: Sylveon|Hyper Voice|p2b: Charizard|[spread] p2a,p2b
|-resisted|p2b: Charizard|1
|-damage|p2a: Basculegion|28/100
|-damage|p2b: Charizard|0 fnt
|faint|p2b: Charizard
|
|-weather|SunnyDay|[upkeep]
|upkeep
|
|t:|1784794304
|switch|p2b: Kingambit|Kingambit, L50, F|100/100
|turn|5
|
|t:|1784794316
|move|p2b: Kingambit|Sucker Punch|p1a: Blastoise
|-damage|p1a: Blastoise|0 fnt
|faint|p1a: Blastoise
|move|p2a: Basculegion|Last Respects|p1b: Sylveon
|-damage|p1b: Sylveon|0 fnt
|faint|p1b: Sylveon
|
|-weather|none
|upkeep
|-message|SP-9733 forfeited.
|raw|SP-9733's rating: 1216 → 1191(-25 for losing)
|raw|owbd's rating: 1217 → 1242(+25 for winning)
|
|win|owbd
|l|☆SP-9733
|player|p1|
