|j|☆ben harpic
|j|☆indigo dye
|html|ben harpicindigo dye    
|uhtml|bestof|Game 2 of a best-of-3
|t:|1755560262
|gametype|doubles
|player|p1|ben harpic|101|1192
|player|p2|indigo dye|lady|1283
|gen|9
|tier|[Gen 9] VGC 2025 Reg H (Bo3)
|rated|
|rule|Species Clause: Limit one of each Pokémon
|rule|Item Clause: Limit 1 of each item
|clearpoke
|poke|p1|Volcarona, L50, M|
|poke|p1|Dragapult, L50, M|
|poke|p1|Rillaboom, L50, F|
|poke|p1|Annihilape, L50, M|
|poke|p1|Maushold-Four, L50|
|poke|p1|Weezing, L50, F|
|poke|p2|Gholdengo, L50|
|poke|p2|Sneasler, L50, M|
|poke|p2|Rillaboom, L50, F|
|poke|p2|Dragonite, L50, M|
|poke|p2|Ninetales-Alola, L50, F|
|poke|p2|Arcanine-Hisui, L50, M|
|teampreview|4
|showteam|p1|Volcarona||CovertCloak|FlameBody|HeatWave,Protect,QuiverDance,AirSlash|||M|||50|,,,,,Dragon]Dragapult||LightClay|ClearBody|DragonDarts,Reflect,LightScreen,ThunderWave|||M|||50|,,,,,Dark]Rillaboom||MiracleSeed|GrassySurge|WoodHammer,FakeOut,WorrySeed,GrassyGlide|||F|||50|,,,,,Grass]Annihilape||Leftovers|Defiant|RageFist,Protect,BulkUp,DrainPunch|||M|||50|,,,,,Normal]Maushold-Four||WideLens|FriendGuard|PopulationBomb,Protect,Taunt,ThunderWave||||||50|,,,,,Ghost]Weezing||WikiBerry|NeutralizingGas|SludgeBomb,Protect,Taunt,WillOWisp|||F|||50|,,,,,Ghost
|showteam|p2|Gholdengo||GrassySeed|GoodasGold|NastyPlot,MakeItRain,ShadowBall,Protect||||||50|,,,,,Water]Sneasler||WhiteHerb|Unburden|CloseCombat,DireClaw,Coaching,Protect|||M|||50|,,,,,Ghost]Rillaboom||AssaultVest|GrassySurge|FakeOut,GrassyGlide,DrumBeating,HighHorsepower|||F|||50|,,,,,Fire]Dragonite||LoadedDice|Multiscale|ScaleShot,StompingTantrum,Tailwind,Protect|||M|||50|,,,,,Ground]Ninetales-Alola||FocusSash|SnowWarning|Blizzard,IcyWind,Encore,AuroraVeil|||F|||50|,,,,,Ghost]Arcanine-Hisui||ClearAmulet|Intimidate|RockSlide,FlareBlitz,ExtremeSpeed,Protect|||M|||50|,,,,,Water
|
|t:|1755560296
|teamsize|p1|4
|teamsize|p2|4
|start
|switch|p1a: Dragapult|Dragapult, L50, M|100/100
|switch|p1b: Weezing|Weezing, L50, F|100/100
|switch|p2a: Gholdengo|Gholdengo, L50|100/100
|switch|p2b: Dragonite|Dragonite, L50, M|100/100
|-ability|p1b: Weezing|Neutralizing Gas
|turn|1
|inactive|Battle timer is ON: inactive players will automatically lose when time's up. (requested by indigo dye)
|
|t:|1755560343
|move|p1a: Dragapult|Thunder Wave|p2b: Dragonite
|-status|p2b: Dragonite|par
|move|p2a: Gholdengo|Nasty Plot|p2a: Gholdengo
|-boost|p2a: Gholdengo|spa|2
|move|p1b: Weezing|Taunt|p2a: Gholdengo
|-start|p2a: Gholdengo|move: Taunt
|move|p2b: Dragonite|Scale Shot|p1a: Dragapult
|-supereffective|p1a: Dragapult
|-crit|p1a: Dragapult
|-damage|p1a: Dragapult|47/100
|-supereffective|p1a: Dragapult
|-damage|p1a: Dragapult|10/100
|-supereffective|p1a: Dragapult
|-damage|p1a: Dragapult|0 fnt
|faint|p1a: Dragapult
|-hitcount|p1: Dragapult|3
|-unboost|p2b: Dragonite|def|1
|-boost|p2b: Dragonite|spe|1
|
|upkeep
|
|t:|1755560350
|switch|p1a: Volcarona|Volcarona, L50, M|100/100
|turn|2
|
|t:|1755560360
|-terastallize|p2a: Gholdengo|Water
|move|p1a: Volcarona|Quiver Dance|p1a: Volcarona
|-boost|p1a: Volcarona|spa|1
|-boost|p1a: Volcarona|spd|1
|-boost|p1a: Volcarona|spe|1
|move|p2a: Gholdengo|Make It Rain|p1a: Volcarona|[spread] p1a,p1b
|-resisted|p1a: Volcarona
|-damage|p1a: Volcarona|72/100
|-damage|p1b: Weezing|6/100
|-unboost|p2a: Gholdengo|spa|1
|-enditem|p1b: Weezing|Wiki Berry|[eat]
|-heal|p1b: Weezing|39/100|[from] item: Wiki Berry
|move|p1b: Weezing|Sludge Bomb|p2a: Gholdengo
|-damage|p2a: Gholdengo|70/100
|cant|p2b: Dragonite|par
|
|upkeep
|turn|3
|
|t:|1755560372
|move|p1a: Volcarona|Air Slash|p2a: Gholdengo
|-damage|p2a: Gholdengo|39/100
|move|p2a: Gholdengo|Make It Rain|p1a: Volcarona|[spread] p1a,p1b
|-resisted|p1a: Volcarona
|-damage|p1a: Volcarona|53/100
|-damage|p1b: Weezing|0 fnt
|-unboost|p2a: Gholdengo|spa|1
|faint|p1b: Weezing
|-end|p1b: Weezing|ability: Neutralizing Gas
|move|p2b: Dragonite|Tailwind|p2b: Dragonite
|-sidestart|p2: indigo dye|move: Tailwind
|
|upkeep
|
|t:|1755560377
|switch|p1b: Annihilape|Annihilape, L50, M|100/100
|turn|4
|
|t:|1755560384
|move|p1b: Annihilape|Protect|p1b: Annihilape
|-singleturn|p1b: Annihilape|Protect
|move|p2a: Gholdengo|Shadow Ball|p1b: Annihilape
|-activate|p1b: Annihilape|move: Protect
|move|p1a: Volcarona|Quiver Dance|p1a: Volcarona
|-boost|p1a: Volcarona|spa|1
|-boost|p1a: Volcarona|spd|1
|-boost|p1a: Volcarona|spe|1
|cant|p2b: Dragonite|par
|
|-end|p2a: Gholdengo|move: Taunt
|upkeep
|turn|5
|
|t:|1755560397
|move|p1a: Volcarona|Air Slash|p2a: Gholdengo
|-damage|p2a: Gholdengo|0 fnt
|faint|p2a: Gholdengo
|move|p2b: Dragonite|Scale Shot|p1a: Volcarona
|-damage|p1a: Volcarona|37/100
|-damage|p1a: Volcarona|21/100
|-damage|p1a: Volcarona|7/100
|-damage|p1a: Volcarona|0 fnt
|faint|p1a: Volcarona
|-hitcount|p1: Volcarona|4
|-unboost|p2b: Dragonite|def|1
|-boost|p2b: Dragonite|spe|1
|move|p1b: Annihilape|Bulk Up|p1b: Annihilape
|-boost|p1b: Annihilape|atk|1
|-boost|p1b: Annihilape|def|1
|
|upkeep
|
|t:|1755560400
|switch|p2a: Ninetales|Ninetales-Alola, L50, F|100/100
|-weather|Snowscape|[from] ability: Snow Warning|[of] p2a: Ninetales
|turn|6
|
|t:|1755560405
|move|p2a: Ninetales|Encore|p1b: Annihilape
|-start|p1b: Annihilape|Encore
|move|p2b: Dragonite|Scale Shot|p1b: Annihilape
|-damage|p1b: Annihilape|90/100
|-damage|p1b: Annihilape|82/100
|-damage|p1b: Annihilape|72/100
|-damage|p1b: Annihilape|62/100
|-hitcount|p1b: Annihilape|4
|-unboost|p2b: Dragonite|def|1
|-boost|p2b: Dragonite|spe|1
|move|p1b: Annihilape|Bulk Up|p1b: Annihilape
|-boost|p1b: Annihilape|atk|1
|-boost|p1b: Annihilape|def|1
|
|-weather|Snowscape|[upkeep]
|-heal|p1b: Annihilape|68/100|[from] item: Leftovers
|-sideend|p2: indigo dye|move: Tailwind
|upkeep
|turn|7
|-message|ben harpic forfeited.
|
|win|indigo dye
|raw|ben harpic's rating: 1192 → 1173(-19 for losing)
|raw|indigo dye's rating: 1283 → 1302(+19 for winning)
|l|☆ben harpic
|player|p1|
