|j|☆viatles
|j|☆archyx05
|html|viatlesarchyx05    
|uhtml|bestof|Game 3 of a best-of-3
|t:|1785273236
|gametype|doubles
|player|p1|viatles|hiker|1154
|player|p2|archyx05|101|1081
|gen|9
|tier|[Gen 9 Champions] VGC 2026 Reg M-B (Bo3)
|rated|
|rule|Species Clause: Limit one of each Pokémon
|rule|Item Clause: Limit 1 of each item
|clearpoke
|poke|p1|Eelektross, L50, F|
|poke|p1|Raichu, L50, F|
|poke|p1|Tyranitar, L50, F|
|poke|p1|Gliscor, L50, F|
|poke|p1|Garchomp, L50, F|
|poke|p1|Sinistcha, L50|
|poke|p2|Sinistcha, L50|
|poke|p2|Garchomp, L50, M|
|poke|p2|Sneasler, L50, M, shiny|
|poke|p2|Floette-Eternal, L50, F|
|poke|p2|Incineroar, L50, M|
|poke|p2|Kingambit, L50, F, shiny|
|teampreview|4
|showteam|p1|Eelektross||Eelektrossite|Levitate|Discharge,Flamethrower,GigaDrain,Protect|Modest||F|||50|]Raichu||FocusSash|LightningRod|FakeOut,Thunderbolt,Endeavor,Protect|Hasty||F|||50|]Tyranitar||Tyranitarite|SandStream|KnockOff,RockSlide,LowKick,Protect|Adamant||F|||50|]Gliscor||BrightPowder|SandVeil|RockSlide,DualWingbeat,Tailwind,Earthquake|Adamant||F|||50|]Garchomp||ChoiceScarf|RoughSkin|DragonClaw,StompingTantrum,RockSlide,Earthquake|Adamant||F|||50|]Sinistcha||SitrusBerry|Hospitality|MatchaGotcha,RagePowder,Imprison,TrickRoom|Bold|||||50|
|showteam|p2|Sinistcha||KasibBerry|Hospitality|MatchaGotcha,RagePowder,TrickRoom,Protect|Bold|||||50|]Garchomp||Garchompite|SandVeil|Protect,RockSlide,Earthquake,StompingTantrum|Adamant||M|||50|]Sneasler||FocusSash|Unburden|CloseCombat,DireClaw,FakeOut,Coaching|Jolly||M|||50|]Floette-Eternal||Floettite|FlowerVeil|Protect,CalmMind,Moonblast,DazzlingGleam|Modest||F|||50|]Incineroar||SitrusBerry|Intimidate|FakeOut,FlareBlitz,DarkestLariat,PartingShot|Impish||M|||50|]Kingambit||ChopleBerry|Defiant|KowtowCleave,SuckerPunch,IronHead,Protect|Adamant||F|||50|
|inactive|Battle timer is ON: inactive players will automatically lose when time's up. (requested by archyx05)
|
|t:|1785273267
|teamsize|p1|4
|teamsize|p2|4
|start
|switch|p1a: Tyranitar|Tyranitar, L50, F|100/100
|switch|p1b: Gliscor|Gliscor, L50, F|100/100
|switch|p2a: Sneasler|Sneasler, L50, M, shiny|100/100
|switch|p2b: Floette|Floette-Eternal, L50, F|100/100
|-weather|Sandstorm|[from] ability: Sand Stream|[of] p1a: Tyranitar
|turn|1
|
|t:|1785273284
|detailschange|p2b: Floette|Floette-Mega, L50, F
|-mega|p2b: Floette|Floette|Floettite
|-ability|p2b: Floette|Fairy Aura
|move|p1a: Tyranitar|Protect|p1a: Tyranitar
|-singleturn|p1a: Tyranitar|Protect
|move|p2a: Sneasler|Fake Out|p1b: Gliscor
|-damage|p1b: Gliscor|89/100
|move|p2b: Floette|Calm Mind|p2b: Floette
|-boost|p2b: Floette|spa|1
|-boost|p2b: Floette|spd|1
|cant|p1b: Gliscor|flinch
|
|-weather|Sandstorm|[upkeep]
|-damage|p2a: Sneasler|94/100|[from] Sandstorm
|-damage|p2b: Floette|94/100|[from] Sandstorm
|upkeep
|turn|2
|inactive|viatles has 30 seconds left.
|
|t:|1785273313
|switch|p1a: Eelektross|Eelektross, L50, F|100/100
|move|p2a: Sneasler|Coaching|p2b: Floette
|-boost|p2b: Floette|atk|1
|-boost|p2b: Floette|def|1
|move|p2b: Floette|Dazzling Gleam|p1a: Eelektross|[spread] p1a
|-miss|p2b: Floette|p1b: Gliscor
|-damage|p1a: Eelektross|21/100
|move|p1b: Gliscor|Tailwind|p1b: Gliscor
|-sidestart|p1: viatles|move: Tailwind
|
|-weather|Sandstorm|[upkeep]
|-damage|p2a: Sneasler|88/100|[from] Sandstorm
|-damage|p1a: Eelektross|15/100|[from] Sandstorm
|-damage|p2b: Floette|88/100|[from] Sandstorm
|upkeep
|turn|3
|
|t:|1785273333
|switch|p2a: Garchomp|Garchomp, L50, M|100/100
|detailschange|p1a: Eelektross|Eelektross-Mega, L50, F
|-mega|p1a: Eelektross|Eelektross|Eelektrossite
|move|p1a: Eelektross|Giga Drain|p2b: Floette
|-damage|p2b: Floette|73/100
|-heal|p1a: Eelektross|22/100|[from] drain|[of] p2b: Floette
|move|p1b: Gliscor|Dual Wingbeat|p2a: Garchomp|[miss]
|-miss|p1b: Gliscor|p2a: Garchomp
|move|p2b: Floette|Dazzling Gleam|p1b: Gliscor|[spread] p1a
|-miss|p2b: Floette|p1b: Gliscor
|-damage|p1a: Eelektross|0 fnt
|faint|p1a: Eelektross
|
|-weather|Sandstorm|[upkeep]
|-damage|p2b: Floette|67/100|[from] Sandstorm
|upkeep
|
|t:|1785273349
|switch|p1a: Tyranitar|Tyranitar, L50, F|100/100
|turn|4
|
|t:|1785273363
|switch|p2a: Sinistcha|Sinistcha, L50|100/100
|-heal|p2b: Floette|92/100|[from] ability: Hospitality|[of] p2a: Sinistcha
|move|p1b: Gliscor|Rock Slide|p2b: Floette|[spread] p2a,p2b
|-damage|p2a: Sinistcha|87/100
|-damage|p2b: Floette|83/100
|move|p1a: Tyranitar|Rock Slide|p2a: Sinistcha|[spread] p2a,p2b
|-damage|p2a: Sinistcha|61/100
|-damage|p2b: Floette|59/100
|cant|p2b: Floette|flinch
|
|-weather|Sandstorm|[upkeep]
|-damage|p2b: Floette|54/100|[from] Sandstorm
|-damage|p2a: Sinistcha|55/100|[from] Sandstorm
|upkeep
|turn|5
|
|t:|1785273381
|switch|p2a: Garchomp|Garchomp, L50, M|100/100
|move|p2b: Floette|Protect|p2b: Floette
|-singleturn|p2b: Floette|Protect
|move|p1b: Gliscor|Rock Slide|p2b: Floette|[spread] p2a
|-activate|p2b: Floette|move: Protect
|-resisted|p2a: Garchomp|1
|-damage|p2a: Garchomp|94/100
|move|p1a: Tyranitar|Rock Slide|p2a: Garchomp|[spread] p2a
|-activate|p2b: Floette|move: Protect
|-resisted|p2a: Garchomp|1
|-damage|p2a: Garchomp|79/100
|
|-weather|none
|-sideend|p1: viatles|move: Tailwind
|upkeep
|turn|6
|inactive|viatles has 30 seconds left.
|
|t:|1785273413
|move|p1a: Tyranitar|Protect|p1a: Tyranitar
|-singleturn|p1a: Tyranitar|Protect
|move|p2b: Floette|Moonblast|p1b: Gliscor
|-damage|p1b: Gliscor|0 fnt
|faint|p1b: Gliscor
|move|p2a: Garchomp|Rock Slide|p1a: Tyranitar
|-activate|p1a: Tyranitar|move: Protect
|
|upkeep
|
|t:|1785273419
|switch|p1b: Raichu|Raichu, L50, F|100/100
|turn|7
|inactive|viatles has 30 seconds left.
|
|t:|1785273446
|move|p2b: Floette|Protect|p2b: Floette
|-singleturn|p2b: Floette|Protect
|move|p1b: Raichu|Thunderbolt|p2b: Floette
|-activate|p2b: Floette|move: Protect
|move|p2a: Garchomp|Earthquake|p1b: Raichu|[spread] p1a,p1b
|-activate|p2b: Floette|move: Protect
|-supereffective|p1a: Tyranitar|1
|-supereffective|p1b: Raichu|1
|-damage|p1a: Tyranitar|34/100
|-enditem|p1b: Raichu|Focus Sash
|-damage|p1b: Raichu|1/100
|move|p1a: Tyranitar|Rock Slide|p2b: Floette|[spread] p2a
|-activate|p2b: Floette|move: Protect
|-resisted|p2a: Garchomp|1
|-damage|p2a: Garchomp|65/100
|
|upkeep
|turn|8
|
|t:|1785273467
|switch|p2b: Sinistcha|Sinistcha, L50|55/100
|-heal|p2a: Garchomp|90/100|[from] ability: Hospitality|[of] p2b: Sinistcha
|move|p1b: Raichu|Endeavor|p2b: Sinistcha
|-immune|p2b: Sinistcha
|move|p2a: Garchomp|Earthquake|p1b: Raichu|[spread] p2b,p1a,p1b
|-resisted|p2b: Sinistcha|1
|-supereffective|p1a: Tyranitar|1
|-supereffective|p1b: Raichu|1
|-damage|p2b: Sinistcha|40/100
|-damage|p1a: Tyranitar|0 fnt
|-damage|p1b: Raichu|0 fnt
|faint|p1a: Tyranitar
|faint|p1b: Raichu
|
|win|archyx05
|raw|viatles's rating: 1154 → 1124(-30 for losing)
|raw|archyx05's rating: 1081 → 1115(+34 for winning)
|c|☆viatles|buen juegos por lo menos alcanse a hucar la estratejia una vez lol
