|j|☆CrustleUK
|j|☆Lord_of_Ewoks
|html|CrustleUKLord_of_Ewoks    
|uhtml|bestof|Game 1 of a best-of-3
|t:|1756746246
|gametype|doubles
|player|p1|CrustleUK|acetrainersnow|1153
|player|p2|Lord_of_Ewoks|2|1101
|gen|9
|tier|[Gen 9] VGC 2025 Reg H (Bo3)
|rated|
|rule|Species Clause: Limit one of each Pokémon
|rule|Item Clause: Limit 1 of each item
|clearpoke
|poke|p1|Ursaluna, L50, M|
|poke|p1|Gholdengo, L50|
|poke|p1|Sneasler, L50, M|
|poke|p1|Incineroar, L50, M|
|poke|p1|Porygon2, L50|
|poke|p1|Amoonguss, L50, M|
|poke|p2|Blaziken, L50, M|
|poke|p2|Primarina, L50, F|
|poke|p2|Serperior, L50, M|
|poke|p2|Incineroar, L50, F|
|poke|p2|Indeedee-F, L50, F|
|poke|p2|Dragapult, L50, M|
|teampreview|4
|showteam|p1|Ursaluna||FlameOrb|Guts|Facade,HeadlongRush,Earthquake,Protect|||M|||50|,,,,,Ghost]Gholdengo||MetalCoat|GoodasGold|MakeItRain,ShadowBall,NastyPlot,Protect||||||50|,,,,,Dragon]Sneasler||FocusSash|PoisonTouch|CloseCombat,DireClaw,FakeOut,Protect|||M|||50|,,,,,Stellar]Incineroar||AssaultVest|Intimidate|FlareBlitz,KnockOff,Uturn,FakeOut|||M|||50|,,,,,Grass]Porygon2||Eviolite|Download|TeraBlast,IceBeam,TrickRoom,Recover||||||50|,,,,,Flying]Amoonguss||SitrusBerry|Regenerator|PollenPuff,Spore,RagePowder,Protect|||M|||50|,,,,,Water
|showteam|p2|Blaziken||ClearAmulet|SpeedBoost|FirePledge,CloseCombat,RockSlide,Protect|||M|||50|,,,,,Ghost]Primarina||LifeOrb|LiquidVoice|HyperVoice,Moonblast,WaterPledge,Protect|||F|||50|,,,,,Poison]Serperior||FocusSash|Contrary|LeafStorm,TeraBlast,GrassPledge,Protect|||M|||50|,,,,,Stellar]Incineroar||SitrusBerry|Intimidate|FakeOut,PartingShot,KnockOff,WillOWisp|||F|||50|,,,,,Ghost]Indeedee-F||SafetyGoggles|PsychicSurge|FollowMe,Protect,TrickRoom,Psychic|||F|||50|,,,,,Dark]Dragapult||ChoiceBand|ClearBody|DragonDarts,PhantomForce,Uturn,PsychicFangs|||M|||50|,,,,,Dragon
|inactive|Battle timer is ON: inactive players will automatically lose when time's up. (requested by CrustleUK)
|inactive|CrustleUK has 60 seconds left.
|inactive|Lord_of_Ewoks has 60 seconds left.
|
|t:|1756746296
|teamsize|p1|4
|teamsize|p2|4
|start
|switch|p1a: Porygon2|Porygon2, L50|100/100
|switch|p1b: Incineroar|Incineroar, L50, M|100/100
|switch|p2a: Indeedee|Indeedee-F, L50, F|100/100
|switch|p2b: Dragapult|Dragapult, L50, M|100/100
|-fieldstart|move: Psychic Terrain|[from] ability: Psychic Surge|[of] p2a: Indeedee
|-ability|p1b: Incineroar|Intimidate|boost
|-unboost|p2a: Indeedee|atk|1
|-fail|p2b: Dragapult|unboost|[from] ability: Clear Body|[of] p2b: Dragapult
|-ability|p1a: Porygon2|Download|boost
|-boost|p1a: Porygon2|atk|1
|turn|1
|inactive|CrustleUK has 30 seconds left.
|inactive|Lord_of_Ewoks has 30 seconds left.
|inactive|Lord_of_Ewoks has 20 seconds left.
|inactive|Lord_of_Ewoks has 15 seconds left.
|
|t:|1756746336
|-terastallize|p2a: Indeedee|Dark
|move|p2b: Dragapult|U-turn|p1b: Incineroar
|-damage|p1b: Incineroar|71/100
|
|t:|1756746339
|switch|p2b: Primarina|Primarina, L50, F|100/100|[from] U-turn
|move|p1b: Incineroar|U-turn|p2a: Indeedee
|-supereffective|p2a: Indeedee
|-damage|p2a: Indeedee|52/100
|
|t:|1756746347
|switch|p1b: Ursaluna|Ursaluna, L50, M|100/100|[from] U-turn
|move|p2a: Indeedee|Trick Room|p2a: Indeedee
|-fieldstart|move: Trick Room|[of] p2a: Indeedee
|move|p1a: Porygon2|Trick Room|p1a: Porygon2
|-fieldend|move: Trick Room
|
|-status|p1b: Ursaluna|brn|[from] item: Flame Orb
|upkeep
|turn|2
|
|t:|1756746369
|-terastallize|p1b: Ursaluna|Ghost
|move|p2a: Indeedee|Psychic|p1a: Porygon2
|-damage|p1a: Porygon2|75/100
|move|p2b: Primarina|Hyper Voice|p1a: Porygon2|[spread] p1a,p1b
|-damage|p1a: Porygon2|45/100
|-damage|p1b: Ursaluna|61/100 brn
|-damage|p2b: Primarina|91/100|[from] item: Life Orb
|move|p1b: Ursaluna|Earthquake|p2a: Indeedee|[spread] p1a,p2a,p2b
|-damage|p1a: Porygon2|4/100
|-damage|p2a: Indeedee|0 fnt
|-damage|p2b: Primarina|23/100
|faint|p2a: Indeedee
|move|p1a: Porygon2|Trick Room|p1a: Porygon2
|-fieldstart|move: Trick Room|[of] p1a: Porygon2
|
|-damage|p1b: Ursaluna|55/100 brn|[from] brn
|upkeep
|
|t:|1756746380
|switch|p2a: Incineroar|Incineroar, L50, F|100/100
|-ability|p2a: Incineroar|Intimidate|boost
|-unboost|p1a: Porygon2|atk|1
|-unboost|p1b: Ursaluna|atk|1
|turn|3
|
|t:|1756746394
|move|p1b: Ursaluna|Earthquake|p2a: Incineroar|[spread] p1a,p2a,p2b
|-supereffective|p2a: Incineroar
|-damage|p1a: Porygon2|0 fnt
|-damage|p2a: Incineroar|25/100
|-damage|p2b: Primarina|0 fnt
|-enditem|p2a: Incineroar|Sitrus Berry|[eat]
|-heal|p2a: Incineroar|50/100|[from] item: Sitrus Berry
|faint|p1a: Porygon2
|faint|p2b: Primarina
|move|p2a: Incineroar|Knock Off|p1b: Ursaluna
|-supereffective|p1b: Ursaluna
|-damage|p1b: Ursaluna|0 fnt
|-enditem|p1b: Ursaluna|Flame Orb|[from] move: Knock Off|[of] p2a: Incineroar
|faint|p1b: Ursaluna
|
|upkeep
|
|t:|1756746404
|switch|p1b: Amoonguss|Amoonguss, L50, M|100/100
|switch|p1a: Incineroar|Incineroar, L50, M|71/100
|switch|p2b: Dragapult|Dragapult, L50, M|100/100
|-ability|p1a: Incineroar|Intimidate|boost
|-unboost|p2a: Incineroar|atk|1
|-fail|p2b: Dragapult|unboost|[from] ability: Clear Body|[of] p2b: Dragapult
|turn|4
|
|t:|1756746421
|move|p1b: Amoonguss|Spore|p2a: Incineroar
|-status|p2a: Incineroar|slp|[from] move: Spore
|move|p1a: Incineroar|Knock Off|p2b: Dragapult
|-supereffective|p2b: Dragapult
|-damage|p2b: Dragapult|0 fnt
|-enditem|p2b: Dragapult|Choice Band|[from] move: Knock Off|[of] p1a: Incineroar
|faint|p2b: Dragapult
|cant|p2a: Incineroar|slp
|
|upkeep
|turn|5
|-message|Lord_of_Ewoks forfeited.
|
|win|CrustleUK
||Lord_of_Ewoks is ready for game 2.
|l|☆CrustleUK
|player|p1|
||CrustleUK is ready for game 2.
|uhtml|next|Next: Game 2 of 3
|j|☆CrustleUK
|player|p1|CrustleUK|acetrainersnow|
|l|☆Lord_of_Ewoks
|player|p2|
