|j|☆Bolsa_25
|j|☆SloKoi
|html|Bolsa_25SloKoi    
|uhtml|bestof|Game 3 of a best-of-3
|t:|1757104524
|gametype|doubles
|player|p1|Bolsa_25|265|1103
|player|p2|SloKoi|red-gen7|1047
|gen|9
|tier|[Gen 9] VGC 2025 Reg H (Bo3)
|rated|
|rule|Species Clause: Limit one of each Pokémon
|rule|Item Clause: Limit 1 of each item
|clearpoke
|poke|p1|Gholdengo, L50|
|poke|p1|Magmar, L50, M|
|poke|p1|Dragonite, L50, M|
|poke|p1|Rillaboom, L50, M|
|poke|p1|Annihilape, L50, M|
|poke|p1|Sylveon, L50, M|
|poke|p2|Baxcalibur, L50, F|
|poke|p2|Rillaboom, L50, F|
|poke|p2|Ninetales-Alola, L50, M|
|poke|p2|Primarina, L50, M|
|poke|p2|Incineroar, L50, M|
|poke|p2|Sneasler, L50, F|
|teampreview|4
|showteam|p1|Gholdengo||LifeOrb|GoodasGold|Protect,NastyPlot,MakeItRain,ShadowBall||||||50|,,,,,Water]Magmar||Eviolite|VitalSpirit|Taunt,WillOWisp,FollowMe,BurningJealousy|||M|||50|,,,,,Ghost]Dragonite||LoadedDice|Multiscale|Protect,Haze,Tailwind,ScaleShot|||M|||50|,,,,,Fairy]Rillaboom||AssaultVest|GrassySurge|FakeOut,GrassyGlide,WoodHammer,HighHorsepower|||M|||50|,,,,,Fire]Annihilape||SafetyGoggles|Defiant|Protect,BulkUp,RageFist,DrainPunch|||M|||50|,,,,,Steel]Sylveon||ThroatSpray|Pixilate|TeraBlast,HyperVoice,Protect,BabyDollEyes|||M|||50|,,,,,Water
|showteam|p2|Baxcalibur||Leftovers|ThermalExchange|Protect,DragonDance,IcicleCrash,GlaiveRush|||F|||50|,,,,,Water]Rillaboom||AssaultVest|GrassySurge|FakeOut,WoodHammer,GrassyGlide,Uturn|||F|||50|,,,,,Fire]Ninetales-Alola||LightClay|SnowWarning|IcyWind,Howl,AuroraVeil,FreezeDry|||M|||50|,,,,,Ghost]Primarina||ThroatSpray|LiquidVoice|HyperVoice,Moonblast,Blizzard,Protect|||M|||50|,,,,,Dragon]Incineroar||SafetyGoggles|Intimidate|FakeOut,KnockOff,FlareBlitz,PartingShot|||M|||50|,,,,,Ghost]Sneasler||FocusSash|Unburden|FakeOut,CloseCombat,DireClaw,Uturn|||F|||50|,,,,,Dark
|inactive|Battle timer is ON: inactive players will automatically lose when time's up. (requested by Bolsa_25)
|
|t:|1757104545
|teamsize|p1|4
|teamsize|p2|4
|start
|switch|p1a: Annihilape|Annihilape, L50, M|100/100
|switch|p1b: Gholdengo|Gholdengo, L50|100/100
|switch|p2a: Ninetales|Ninetales-Alola, L50, M|100/100
|switch|p2b: Primarina|Primarina, L50, M|100/100
|-weather|Snowscape|[from] ability: Snow Warning|[of] p2a: Ninetales
|turn|1
|
|t:|1757104575
|move|p2a: Ninetales|Aurora Veil|p2a: Ninetales
|-sidestart|p2: SloKoi|move: Aurora Veil
|move|p1b: Gholdengo|Nasty Plot|p1b: Gholdengo
|-boost|p1b: Gholdengo|spa|2
|move|p1a: Annihilape|Bulk Up|p1a: Annihilape
|-boost|p1a: Annihilape|atk|1
|-boost|p1a: Annihilape|def|1
|move|p2b: Primarina|Hyper Voice|p1b: Gholdengo|[spread] p1a,p1b
|-damage|p1a: Annihilape|68/100
|-damage|p1b: Gholdengo|63/100
|-enditem|p2b: Primarina|Throat Spray
|-boost|p2b: Primarina|spa|1|[from] item: Throat Spray
|
|-weather|Snowscape|[upkeep]
|upkeep
|turn|2
|
|t:|1757104597
|move|p1a: Annihilape|Protect|p1a: Annihilape
|-singleturn|p1a: Annihilape|Protect
|move|p2a: Ninetales|Icy Wind|p1b: Gholdengo|[spread] p1b
|-activate|p1a: Annihilape|move: Protect
|-resisted|p1b: Gholdengo
|-damage|p1b: Gholdengo|56/100
|-unboost|p1b: Gholdengo|spe|1
|move|p1b: Gholdengo|Make It Rain|p2b: Primarina|[spread] p2a,p2b
|-supereffective|p2a: Ninetales
|-damage|p2a: Ninetales|0 fnt
|-damage|p2b: Primarina|24/100
|-unboost|p1b: Gholdengo|spa|1
|faint|p2a: Ninetales
|-damage|p1b: Gholdengo|47/100|[from] item: Life Orb
|move|p2b: Primarina|Blizzard|p1a: Annihilape|[spread] p1b
|-activate|p1a: Annihilape|move: Protect
|-resisted|p1b: Gholdengo
|-damage|p1b: Gholdengo|24/100
|
|-weather|Snowscape|[upkeep]
|upkeep
|
|t:|1757104604
|switch|p2a: Sneasler|Sneasler, L50, F|100/100
|turn|3
|
|t:|1757104623
|move|p2b: Primarina|Protect|p2b: Primarina
|-singleturn|p2b: Primarina|Protect
|move|p2a: Sneasler|Dire Claw|p1a: Annihilape
|-resisted|p1a: Annihilape
|-damage|p1a: Annihilape|55/100
|-status|p1a: Annihilape|slp
|cant|p1a: Annihilape|slp
|move|p1b: Gholdengo|Make It Rain|p2b: Primarina|[spread] p2a
|-activate|p2b: Primarina|move: Protect
|-damage|p2a: Sneasler|14/100
|-unboost|p1b: Gholdengo|spa|1
|-damage|p1b: Gholdengo|14/100|[from] item: Life Orb
|
|-weather|Snowscape|[upkeep]
|upkeep
|turn|4
|
|t:|1757104639
|move|p2a: Sneasler|U-turn|p1a: Annihilape
|-resisted|p1a: Annihilape
|-damage|p1a: Annihilape|51/100 slp
|
|t:|1757104642
|switch|p2a: Incineroar|Incineroar, L50, M|100/100|[from] U-turn
|-ability|p2a: Incineroar|Intimidate|boost
|-unboost|p1a: Annihilape|atk|1
|-ability|p1a: Annihilape|Defiant|boost
|-boost|p1a: Annihilape|atk|2
|-unboost|p1b: Gholdengo|atk|1
|cant|p1a: Annihilape|slp
|move|p1b: Gholdengo|Make It Rain|p2a: Incineroar|[spread] p2a,p2b
|-resisted|p2a: Incineroar
|-damage|p2a: Incineroar|85/100
|-damage|p2b: Primarina|0 fnt
|-unboost|p1b: Gholdengo|spa|1
|faint|p2b: Primarina
|-damage|p1b: Gholdengo|5/100|[from] item: Life Orb
|
|-weather|Snowscape|[upkeep]
|upkeep
|
|t:|1757104657
|switch|p2b: Sneasler|Sneasler, L50, F|14/100
|turn|5
|
|t:|1757104665
|cant|p1a: Annihilape|slp
|move|p2b: Sneasler|U-turn|p1b: Gholdengo
|-resisted|p1b: Gholdengo
|-damage|p1b: Gholdengo|0 fnt
|faint|p1b: Gholdengo
|move|p2a: Incineroar|Knock Off|p1a: Annihilape
|-damage|p1a: Annihilape|23/100 slp
|-enditem|p1a: Annihilape|Safety Goggles|[from] move: Knock Off|[of] p2a: Incineroar
|
|-weather|none
|upkeep
|
|t:|1757104670
|switch|p1b: Magmar|Magmar, L50, M|100/100
|turn|6
|
|t:|1757104681
|move|p1b: Magmar|Follow Me|p1b: Magmar
|-singleturn|p1b: Magmar|move: Follow Me
|move|p2b: Sneasler|Dire Claw|p1b: Magmar
|-damage|p1b: Magmar|67/100
|-curestatus|p1a: Annihilape|slp|[msg]
|move|p1a: Annihilape|Drain Punch|p2a: Incineroar
|-supereffective|p2a: Incineroar
|-damage|p2a: Incineroar|4/100
|-heal|p1a: Annihilape|64/100|[from] drain|[of] p2a: Incineroar
|move|p2a: Incineroar|Knock Off|p1b: Magmar
|-damage|p1b: Magmar|32/100
|-enditem|p1b: Magmar|Eviolite|[from] move: Knock Off|[of] p2a: Incineroar
|
|upkeep
|turn|7
|
|t:|1757104703
|-terastallize|p1b: Magmar|Ghost
|-terastallize|p2a: Incineroar|Ghost
|move|p2b: Sneasler|Dire Claw|p1b: Magmar
|-resisted|p1b: Magmar
|-damage|p1b: Magmar|4/100
|move|p1a: Annihilape|Drain Punch|p2a: Incineroar
|-immune|p2a: Incineroar
|move|p1b: Magmar|Burning Jealousy|p2b: Sneasler|[spread] p2a,p2b
|-damage|p2a: Incineroar|0 fnt
|-damage|p2b: Sneasler|0 fnt
|faint|p2a: Incineroar
|faint|p2b: Sneasler
|
|win|Bolsa_25
|raw|Bolsa_25's rating: 1103 → 1124(+21 for winning)
|raw|SloKoi's rating: 1047 → 1033(-14 for losing)
|l|☆SloKoi
|player|p2|
