|j|☆EnzoPS
|j|☆yassineVGC
|html|EnzoPSyassineVGC    
|uhtml|bestof|Game 2 of a best-of-3
|t:|1757709109
|gametype|doubles
|player|p1|EnzoPS|cynthia-gen4|1109
|player|p2|yassineVGC|hilbert|1157
|gen|9
|tier|[Gen 9] VGC 2025 Reg H (Bo3)
|rated|
|rule|Species Clause: Limit one of each Pokémon
|rule|Item Clause: Limit 1 of each item
|clearpoke
|poke|p1|Pelipper, L50, M|
|poke|p1|Amoonguss, L50, M|
|poke|p1|Archaludon, L50, M|
|poke|p1|Basculegion, L50, M|
|poke|p1|Gholdengo, L50|
|poke|p1|Incineroar, L50, F|
|poke|p2|Espathra, L50, F|
|poke|p2|Indeedee-F, L50, F|
|poke|p2|Gholdengo, L50|
|poke|p2|Sneasler, L50, M|
|poke|p2|Ursaluna, L50, M|
|poke|p2|Dragonite, L50, M|
|teampreview|4
|showteam|p1|Pelipper||FocusSash|Drizzle|Protect,WeatherBall,Hurricane,Tailwind|||M|||50|,,,,,Ground]Amoonguss||SitrusBerry|Regenerator|Protect,Spore,RagePowder,PollenPuff|||M|||50|,,,,,Water]Archaludon||AssaultVest|Stamina|DragonPulse,ElectroShot,FlashCannon,BodyPress|||M|||50|,,,,,Grass]Basculegion||ChoiceBand|SwiftSwim|FlipTurn,WaveCrash,AquaJet,LastRespects|||M|||50|,,,,,Grass]Gholdengo||LifeOrb|GoodasGold|Protect,MakeItRain,ShadowBall,NastyPlot||||||50|,,,,,Water]Incineroar||SafetyGoggles|Intimidate|FlareBlitz,KnockOff,PartingShot,FakeOut|||F|||50|,,,,,Ghost
|showteam|p2|Espathra||FocusSash|SpeedBoost|ExpandingForce,LuminaCrash,Protect,DazzlingGleam|||F|||50|,,,,,Psychic]Indeedee-F||PsychicSeed|PsychicSurge|FollowMe,Psychic,TrickRoom,HelpingHand|||F|||50|,,,,,Fairy]Gholdengo||ChoiceScarf|GoodasGold|MakeItRain,ShadowBall,PowerGem,Trick||||||50|,,,,,Flying]Sneasler||WhiteHerb|Unburden|DireClaw,CloseCombat,Protect,ThroatChop|||M|||50|,,,,,Flying]Ursaluna||FlameOrb|Guts|Earthquake,Protect,Facade,HeadlongRush|||M|||50|,,,,,Ghost]Dragonite||LoadedDice|Multiscale|Tailwind,ScaleShot,Protect,Haze|||M|||50|,,,,,Fairy
|inactive|Battle timer is ON: inactive players will automatically lose when time's up. (requested by yassineVGC)
|inactive|yassineVGC has 60 seconds left.
|inactive|yassineVGC has 30 seconds left.
|
|t:|1757709175
|teamsize|p1|4
|teamsize|p2|4
|start
|switch|p1a: Gholdengo|Gholdengo, L50|100/100
|switch|p1b: Amoonguss|Amoonguss, L50, M|100/100
|switch|p2a: Dragonite|Dragonite, L50, M|100/100
|switch|p2b: Espathra|Espathra, L50, F|100/100
|turn|1
|inactive|EnzoPS has 30 seconds left.
|inactive|yassineVGC has 30 seconds left.
|inactive|EnzoPS has 20 seconds left.
|inactive|yassineVGC has 20 seconds left.
|inactive|EnzoPS has 15 seconds left.
|inactive|yassineVGC has 15 seconds left.
|
|t:|1757709217
|-terastallize|p1b: Amoonguss|Water
|move|p2b: Espathra|Protect|p2b: Espathra
|-singleturn|p2b: Espathra|Protect
|move|p1a: Gholdengo|Make It Rain|p2b: Espathra|[spread] p2a
|-activate|p2b: Espathra|move: Protect
|-damage|p2a: Dragonite|66/100
|-unboost|p1a: Gholdengo|spa|1
|-damage|p1a: Gholdengo|91/100|[from] item: Life Orb
|move|p2a: Dragonite|Scale Shot|p1a: Gholdengo
|-resisted|p1a: Gholdengo
|-damage|p1a: Gholdengo|82/100
|-resisted|p1a: Gholdengo
|-damage|p1a: Gholdengo|74/100
|-resisted|p1a: Gholdengo
|-damage|p1a: Gholdengo|66/100
|-resisted|p1a: Gholdengo
|-damage|p1a: Gholdengo|58/100
|-resisted|p1a: Gholdengo
|-damage|p1a: Gholdengo|51/100
|-hitcount|p1a: Gholdengo|5
|-unboost|p2a: Dragonite|def|1
|-boost|p2a: Dragonite|spe|1
|move|p1b: Amoonguss|Spore|p2a: Dragonite
|-status|p2a: Dragonite|slp|[from] move: Spore
|
|-ability|p2b: Espathra|Speed Boost|boost
|-boost|p2b: Espathra|spe|1
|upkeep
|turn|2
|inactive|yassineVGC has 30 seconds left.
|inactive|yassineVGC has 20 seconds left.
|inactive|yassineVGC has 15 seconds left.
|inactive|yassineVGC has 10 seconds left.
|
|t:|1757709266
|switch|p2b: Indeedee|Indeedee-F, L50, F|100/100
|-fieldstart|move: Psychic Terrain|[from] ability: Psychic Surge|[of] p2b: Indeedee
|-enditem|p2b: Indeedee|Psychic Seed
|-boost|p2b: Indeedee|spd|1|[from] item: Psychic Seed
|switch|p2a: Gholdengo|Gholdengo, L50|100/100
|switch|p1a: Incineroar|Incineroar, L50, F|100/100
|-ability|p1a: Incineroar|Intimidate|boost
|-unboost|p2a: Gholdengo|atk|1
|-unboost|p2b: Indeedee|atk|1
|move|p1b: Amoonguss|Spore|p2b: Indeedee
|-status|p2b: Indeedee|slp|[from] move: Spore
|
|upkeep
|turn|3
|inactive|EnzoPS has 30 seconds left.
|inactive|yassineVGC has 30 seconds left.
|inactive|yassineVGC has 20 seconds left.
|
|t:|1757709306
|switch|p2a: Dragonite|Dragonite, L50, M|66/100 slp
|-terastallize|p2b: Indeedee|Fairy
|move|p1b: Amoonguss|Rage Powder|p1b: Amoonguss
|-singleturn|p1b: Amoonguss|move: Rage Powder
|cant|p2b: Indeedee|slp
|move|p1a: Incineroar|Knock Off|p2a: Dragonite
|-damage|p2a: Dragonite|14/100 slp
|-enditem|p2a: Dragonite|Loaded Dice|[from] move: Knock Off|[of] p1a: Incineroar
|
|upkeep
|turn|4
|inactive|EnzoPS has 30 seconds left.
|
|t:|1757709337
|cant|p2b: Indeedee|slp
|cant|p2a: Dragonite|slp
|move|p1a: Incineroar|Parting Shot|p2b: Indeedee
|-unboost|p2b: Indeedee|atk|1
|-unboost|p2b: Indeedee|spa|1
|
|t:|1757709343
|switch|p1a: Gholdengo|Gholdengo, L50|51/100|[from] Parting Shot
|move|p1b: Amoonguss|Pollen Puff|p1a: Gholdengo
|-heal|p1a: Gholdengo|100/100
|
|upkeep
|turn|5
|
|t:|1757709360
|cant|p2b: Indeedee|slp
|move|p1a: Gholdengo|Nasty Plot|p1a: Gholdengo
|-boost|p1a: Gholdengo|spa|2
|cant|p2a: Dragonite|slp
|move|p1b: Amoonguss|Spore|p2a: Dragonite
|-fail|p2a: Dragonite|slp
|
|upkeep
|turn|6
|
|t:|1757709374
|-curestatus|p2b: Indeedee|slp|[msg]
|move|p2b: Indeedee|Helping Hand|p2a: Dragonite
|-singleturn|p2a: Dragonite|Helping Hand|[of] p2b: Indeedee
|move|p1a: Gholdengo|Shadow Ball|p2a: Dragonite
|-damage|p2a: Dragonite|0 fnt
|faint|p2a: Dragonite
|-damage|p1a: Gholdengo|91/100|[from] item: Life Orb
|move|p1b: Amoonguss|Spore|p2b: Indeedee
|-status|p2b: Indeedee|slp|[from] move: Spore
|
|-fieldend|move: Psychic Terrain
|upkeep
|inactive|yassineVGC has 30 seconds left.
|inactive|yassineVGC has 20 seconds left.
|-message|yassineVGC forfeited.
|
|win|EnzoPS
||yassineVGC is ready for game 3.
||EnzoPS is ready for game 3.
|uhtml|next|Next: Game 3 of 3
