|j|☆vilan333
|j|☆Beatyful
|html|vilan333Beatyful    
|uhtml|bestof|Game 2 of a best-of-3
|t:|1756762008
|gametype|doubles
|player|p1|vilan333|265|1159
|player|p2|Beatyful|miku-water|1142
|gen|9
|tier|[Gen 9] VGC 2025 Reg H (Bo3)
|rated|
|rule|Species Clause: Limit one of each Pokémon
|rule|Item Clause: Limit 1 of each item
|clearpoke
|poke|p1|Sneasler, L50, M|
|poke|p1|Indeedee, L50, M|
|poke|p1|Porygon2, L50|
|poke|p1|Ursaluna, L50, M|
|poke|p1|Dragapult, L50, F|
|poke|p1|Talonflame, L50, M|
|poke|p2|Volcarona, L50, F|
|poke|p2|Dragonite, L50, M|
|poke|p2|Annihilape, L50, M|
|poke|p2|Sneasler, L50, M|
|poke|p2|Rillaboom, L50, F|
|poke|p2|Incineroar, L50, M|
|teampreview|4
|showteam|p1|Sneasler||PsychicSeed|Unburden|Protect,CloseCombat,DireClaw,ThroatChop|||M|||50|,,,,,Dark]Indeedee||FocusSash|PsychicSurge|Imprison,TrickRoom,ExpandingForce,Protect|||M|||50|,,,,,Fighting]Porygon2||Eviolite|Download|Recover,TeraBlast,IceBeam,TrickRoom||||||50|,,,,,Fighting]Ursaluna||FlameOrb|Guts|Protect,Facade,HeadlongRush,Substitute|||M|||50|,,,,,Water]Dragapult||ChoiceBand|ClearBody|DragonDarts,TeraBlast,PhantomForce,Outrage|||F|||50|,,,,,Fairy]Talonflame||CovertCloak|GaleWings|Tailwind,WillOWisp,DualWingbeat,FlareBlitz|||M|||50|,,,,,Fairy
|showteam|p2|Volcarona||Leftovers|FlameBody|HeatWave,TeraBlast,QuiverDance,Protect|||F|||50|,,,,,Fairy]Dragonite||LoadedDice|Multiscale|ScaleShot,ExtremeSpeed,Haze,Protect|||M|||50|,,,,,Steel]Annihilape||SafetyGoggles|Defiant|CloseCombat,RageFist,Taunt,FinalGambit|||M|||50|,,,,,Fire]Sneasler||FocusSash|Unburden|CloseCombat,DireClaw,Coaching,Protect|||M|||50|,,,,,Stellar]Rillaboom||AssaultVest|GrassySurge|WoodHammer,GrassyGlide,HighHorsepower,FakeOut|||F|||50|,,,,,Fire]Incineroar||RockyHelmet|Intimidate|FakeOut,KnockOff,FlareBlitz,PartingShot|||M|||50|,,,,,Grass
|inactive|Battle timer is ON: inactive players will automatically lose when time's up. (requested by Beatyful)
|
|t:|1756762074
|teamsize|p1|4
|teamsize|p2|4
|start
|switch|p1a: Dragapult|Dragapult, L50, F|100/100
|switch|p1b: Talonflame|Talonflame, L50, M, shiny|100/100
|switch|p2a: Incineroar|Incineroar, L50, M|100/100
|switch|p2b: Volcarona|Volcarona, L50, F|100/100
|-ability|p2a: Incineroar|Intimidate|boost
|-fail|p1a: Dragapult|unboost|[from] ability: Clear Body|[of] p1a: Dragapult
|-unboost|p1b: Talonflame|atk|1
|turn|1
|inactive|Beatyful has 30 seconds left.
|inactive|Beatyful has 20 seconds left.
|inactive|Beatyful has 15 seconds left.
|inactive|Beatyful has 10 seconds left.
|
|t:|1756762121
|-terastallize|p2b: Volcarona|Fairy
|move|p1b: Talonflame|Dual Wingbeat|p2b: Volcarona|[miss]
|-miss|p1b: Talonflame|p2b: Volcarona
|move|p1a: Dragapult|Dragon Darts|p2a: Incineroar
|-damage|p2a: Incineroar|65/100
|-anim|p1a: Dragapult|Dragon Darts|p2a: Incineroar
|-damage|p2a: Incineroar|32/100
|move|p2b: Volcarona|Quiver Dance|p2b: Volcarona
|-boost|p2b: Volcarona|spa|1
|-boost|p2b: Volcarona|spd|1
|-boost|p2b: Volcarona|spe|1
|move|p2a: Incineroar|Knock Off|p1a: Dragapult
|-supereffective|p1a: Dragapult
|-damage|p1a: Dragapult|0 fnt
|-enditem|p1a: Dragapult|Choice Band|[from] move: Knock Off|[of] p2a: Incineroar
|faint|p1a: Dragapult
|
|upkeep
|
|t:|1756762140
|switch|p1a: Lewyn II|Sneasler, L50, M|100/100
|turn|2
|
|t:|1756762160
|switch|p2a: Rillaboom|Rillaboom, L50, F|100/100
|-fieldstart|move: Grassy Terrain|[from] ability: Grassy Surge|[of] p2a: Rillaboom
|move|p1b: Talonflame|Tailwind|p1b: Talonflame
|-sidestart|p1: vilan333|move: Tailwind
|move|p1a: Lewyn II|Dire Claw|p2a: Rillaboom
|-supereffective|p2a: Rillaboom
|-damage|p2a: Rillaboom|20/100
|move|p2b: Volcarona|Heat Wave|p1b: Talonflame|[spread] p1a,p1b
|-resisted|p1b: Talonflame
|-damage|p1a: Lewyn II|35/100
|-damage|p1b: Talonflame|58/100
|
|-heal|p1a: Lewyn II|41/100|[from] Grassy Terrain
|-heal|p2a: Rillaboom|26/100|[from] Grassy Terrain
|upkeep
|turn|3
|
|t:|1756762182
|switch|p1b: TacticaNurse|Indeedee, L50, M|100/100
|-fieldstart|move: Psychic Terrain|[from] ability: Psychic Surge|[of] p1b: TacticaNurse
|-enditem|p1a: Lewyn II|Psychic Seed
|-boost|p1a: Lewyn II|spd|1|[from] item: Psychic Seed
|switch|p2a: Incineroar|Incineroar, L50, M|32/100
|-ability|p2a: Incineroar|Intimidate|boost
|-unboost|p1a: Lewyn II|atk|1
|-unboost|p1b: TacticaNurse|atk|1
|move|p1a: Lewyn II|Dire Claw|p2b: Volcarona
|-supereffective|p2b: Volcarona
|-damage|p2b: Volcarona|25/100
|move|p2b: Volcarona|Heat Wave|p1b: TacticaNurse|[spread] p1b
|-miss|p2b: Volcarona|p1a: Lewyn II
|-damage|p1b: TacticaNurse|27/100
|
|-heal|p2b: Volcarona|32/100|[from] item: Leftovers
|upkeep
|turn|4
|inactive|vilan333 has 30 seconds left.
|inactive|Beatyful has 30 seconds left.
|
|t:|1756762216
|switch|p1b: Talonflame|Talonflame, L50, M, shiny|58/100
|move|p1a: Lewyn II|Protect|p1a: Lewyn II
|-singleturn|p1a: Lewyn II|Protect
|move|p2b: Volcarona|Heat Wave|p1a: Lewyn II|[spread] p1b
|-activate|p1a: Lewyn II|move: Protect
|-resisted|p1b: Talonflame
|-damage|p1b: Talonflame|13/100
|move|p2a: Incineroar|Flare Blitz|p1a: Lewyn II
|-activate|p1a: Lewyn II|move: Protect
|
|-heal|p2b: Volcarona|38/100|[from] item: Leftovers
|upkeep
|turn|5
|
|t:|1756762236
|switch|p2a: Rillaboom|Rillaboom, L50, F|26/100
|-fieldstart|move: Grassy Terrain|[from] ability: Grassy Surge|[of] p2a: Rillaboom
|move|p2b: Volcarona|Protect|p2b: Volcarona
|-singleturn|p2b: Volcarona|Protect
|move|p1a: Lewyn II|Dire Claw|p2b: Volcarona
|-activate|p2b: Volcarona|move: Protect
|move|p1b: Talonflame|Dual Wingbeat|p2a: Rillaboom
|-supereffective|p2a: Rillaboom
|-damage|p2a: Rillaboom|0 fnt
|faint|p2a: Rillaboom
|-hitcount|p2: Rillaboom|1
|
|-heal|p1a: Lewyn II|47/100|[from] Grassy Terrain
|-heal|p2b: Volcarona|44/100|[from] Grassy Terrain
|-heal|p2b: Volcarona|50/100|[from] item: Leftovers
|-sideend|p1: vilan333|move: Tailwind
|upkeep
|
|t:|1756762254
|switch|p2a: Incineroar|Incineroar, L50, M|32/100
|-ability|p2a: Incineroar|Intimidate|boost
|-unboost|p1a: Lewyn II|atk|1
|-unboost|p1b: Talonflame|atk|1
|turn|6
|
|t:|1756762271
|switch|p1b: TacticaNurse|Indeedee, L50, M|27/100
|-fieldstart|move: Psychic Terrain|[from] ability: Psychic Surge|[of] p1b: TacticaNurse
|move|p2a: Incineroar|Fake Out|p1b: TacticaNurse
|-activate|p1b: TacticaNurse|move: Psychic Terrain
|move|p1a: Lewyn II|Dire Claw|p2b: Volcarona
|-supereffective|p2b: Volcarona
|-damage|p2b: Volcarona|0 fnt
|faint|p2b: Volcarona
|
|upkeep
|
|t:|1756762281
|switch|p2b: Dragonite|Dragonite, L50, M|100/100
|turn|7
|
|t:|1756762303
|move|p1a: Lewyn II|Dire Claw|p2a: Incineroar
|-damage|p2a: Incineroar|11/100
|-status|p2a: Incineroar|slp
|-damage|p1a: Lewyn II|30/100|[from] item: Rocky Helmet|[of] p2a: Incineroar
|move|p1b: TacticaNurse|Expanding Force|p2b: Dragonite|[spread] p2b
|-immune|p2a: Incineroar
|-damage|p2b: Dragonite|74/100
|move|p2b: Dragonite|Scale Shot|p1a: Lewyn II
|-damage|p1a: Lewyn II|5/100
|-damage|p1a: Lewyn II|0 fnt
|faint|p1a: Lewyn II
|-hitcount|p1: Lewyn II|2
|-unboost|p2b: Dragonite|def|1
|-boost|p2b: Dragonite|spe|1
|cant|p2a: Incineroar|slp
|
|upkeep
|
|t:|1756762322
|switch|p1a: Talonflame|Talonflame, L50, M, shiny|13/100
|turn|8
|
|t:|1756762339
|move|p2b: Dragonite|Extreme Speed|p1a: Talonflame
|-hint|Psychic Terrain doesn't affect Pokémon immune to Ground.
|-damage|p1a: Talonflame|0 fnt
|faint|p1a: Talonflame
|move|p1b: TacticaNurse|Expanding Force|p2a: Incineroar|[spread] p2b
|-immune|p2a: Incineroar
|-damage|p2b: Dragonite|21/100
|cant|p2a: Incineroar|slp
|
|upkeep
|turn|9
|-message|vilan333 forfeited.
|
|win|Beatyful
|l|☆vilan333
|player|p1|
||vilan333 is ready for game 3.
||Beatyful is ready for game 3.
|uhtml|next|Next: Game 3 of 3
