|j|☆razorsharp01
|j|☆CryForCrys
|html|razorsharp01CryForCrys    
|uhtml|bestof|Game 2 of a best-of-3
|t:|1756976474
|gametype|doubles
|player|p1|razorsharp01|falkner|
|player|p2|CryForCrys|caitlin|
|gen|9
|tier|[Gen 9] VGC 2025 Reg H (Bo3)
|rule|Species Clause: Limit one of each Pokémon
|rule|Item Clause: Limit 1 of each item
|clearpoke
|poke|p1|Archaludon, L50, F|
|poke|p1|Maushold, L50|
|poke|p1|Porygon2, L50|
|poke|p1|Incineroar, L50, M|
|poke|p1|Ursaluna, L50, M|
|poke|p1|Smeargle, L50, M|
|poke|p2|Ursaluna-Bloodmoon, L50, M|
|poke|p2|Porygon2, L50|
|poke|p2|Amoonguss, L50, F|
|poke|p2|Incineroar, L50, F|
|poke|p2|Dragapult, L50, M|
|poke|p2|Sneasler, L50, M|
|teampreview|4
|showteam|p1|Archaludon||PowerHerb|Stamina|ElectroShot,DragonPulse,Thunderbolt,BodyPress|||F|||50|,,,,,Electric]Maushold||SilkScarf|FriendGuard|PopulationBomb,Encore,HelpingHand,DoubleEdge||||||50|,,,,,Ghost]Porygon2||Eviolite|Download|IceBeam,Recover,TrickRoom,TeraBlast||||||50|,,,,,Fighting]Incineroar||AssaultVest|Intimidate|FakeOut,FlareBlitz,KnockOff,Uturn|||M|||50|,,,,,Ghost]Ursaluna||FlameOrb|Guts|Facade,Earthquake,Protect,CloseCombat|||M|||50|,,,,,Normal]Smeargle||FocusSash|Moody|FakeOut,Decorate,Spore,FollowMe|||M|||50|,,,,,Normal
|showteam|p2|Ursaluna-Bloodmoon||AssaultVest|MindsEye|BloodMoon,HyperVoice,EarthPower,VacuumWave|||M|||50|,,,,,Normal]Porygon2||Eviolite|Trace|IceBeam,Thunderbolt,Recover,TrickRoom||||||50|,,,,,Ghost]Amoonguss||CovertCloak|Regenerator|Spore,RagePowder,PollenPuff,SludgeBomb|||F|||50|,,,,,Water]Incineroar||SafetyGoggles|Intimidate|KnockOff,FakeOut,PartingShot,FlareBlitz|||F|||50|,,,,,Ghost]Dragapult||ChoiceBand|ClearBody|DragonDarts,PhantomForce,Uturn,Outrage|||M|||50|,,,,,Fairy]Sneasler||FocusSash|PoisonTouch|CloseCombat,DireClaw,ThroatChop,FakeOut|||M|||50|,,,,,Dark
|l|☆razorsharp01
|player|p1|
|j|☆razorsharp01
|player|p1|razorsharp01|falkner|
|
|t:|1756976559
|teamsize|p1|4
|teamsize|p2|4
|start
|switch|p1a: Porygon2|Porygon2, L50, shiny|100/100
|switch|p1b: Smeargle|Smeargle, L50, M|100/100
|switch|p2a: Sneasler|Sneasler, L50, M|100/100
|switch|p2b: Dragapult|Dragapult, L50, M|100/100
|-ability|p1a: Porygon2|Download|boost
|-boost|p1a: Porygon2|atk|1
|turn|1
|
|t:|1756976577
|move|p2a: Sneasler|Fake Out|p1b: Smeargle
|-damage|p1b: Smeargle|67/100
|move|p2b: Dragapult|Dragon Darts|p1a: Porygon2
|-damage|p1a: Porygon2|73/100
|-anim|p2b: Dragapult|Dragon Darts|p1b: Smeargle
|-damage|p1b: Smeargle|0 fnt
|faint|p1b: Smeargle
|move|p1a: Porygon2|Ice Beam|p2b: Dragapult
|-supereffective|p2b: Dragapult
|-damage|p2b: Dragapult|27/100
|
|upkeep
|
|t:|1756976584
|switch|p1b: Archaludon|Archaludon, L50, F|100/100
|turn|2
|
|t:|1756976599
|move|p2b: Dragapult|Dragon Darts|p1b: Archaludon
|-damage|p1b: Archaludon|75/100
|-ability|p1b: Archaludon|Stamina|boost
|-boost|p1b: Archaludon|def|1
|-anim|p2b: Dragapult|Dragon Darts|p1a: Porygon2
|-damage|p1a: Porygon2|47/100
|move|p2a: Sneasler|Close Combat|p1a: Porygon2
|-supereffective|p1a: Porygon2
|-damage|p1a: Porygon2|0 fnt
|-unboost|p2a: Sneasler|def|1
|-unboost|p2a: Sneasler|spd|1
|faint|p1a: Porygon2
|move|p1b: Archaludon|Dragon Pulse|p2a: Sneasler
|-damage|p2a: Sneasler|12/100
|
|upkeep
|
|t:|1756976609
|switch|p1a: Ursaluna|Ursaluna, L50, M|100/100
|turn|3
|
|t:|1756976627
|move|p1a: Ursaluna|Protect|p1a: Ursaluna
|-singleturn|p1a: Ursaluna|Protect
|move|p2b: Dragapult|Dragon Darts|p1b: Archaludon
|-damage|p1b: Archaludon|57/100
|-ability|p1b: Archaludon|Stamina|boost
|-boost|p1b: Archaludon|def|1
|-anim|p2b: Dragapult|Dragon Darts|p1b: Archaludon
|-damage|p1b: Archaludon|44/100
|-ability|p1b: Archaludon|Stamina|boost
|-boost|p1b: Archaludon|def|1
|move|p2a: Sneasler|Close Combat|p1a: Ursaluna
|-activate|p1a: Ursaluna|move: Protect
|move|p1b: Archaludon|Thunderbolt|p2a: Sneasler
|-damage|p2a: Sneasler|0 fnt
|faint|p2a: Sneasler
|
|-status|p1a: Ursaluna|brn|[from] item: Flame Orb
|upkeep
|
|t:|1756976664
|switch|p2a: Incineroar|Incineroar, L50, F|100/100
|-ability|p2a: Incineroar|Intimidate|boost
|-unboost|p1a: Ursaluna|atk|1
|-unboost|p1b: Archaludon|atk|1
|turn|4
|
|t:|1756976676
|-terastallize|p1b: Archaludon|Electric
|-terastallize|p2a: Incineroar|Ghost
|move|p2a: Incineroar|Fake Out|p1b: Archaludon
|-damage|p1b: Archaludon|40/100
|-ability|p1b: Archaludon|Stamina|boost
|-boost|p1b: Archaludon|def|1
|move|p2b: Dragapult|Dragon Darts|p1a: Ursaluna
|-damage|p1a: Ursaluna|74/100 brn
|-anim|p2b: Dragapult|Dragon Darts|p1b: Archaludon
|-damage|p1b: Archaludon|30/100
|-ability|p1b: Archaludon|Stamina|boost
|-boost|p1b: Archaludon|def|1
|cant|p1b: Archaludon|flinch
|move|p1a: Ursaluna|Facade|p2a: Incineroar
|-immune|p2a: Incineroar
|
|-damage|p1a: Ursaluna|68/100 brn|[from] brn
|upkeep
|turn|5
|
|t:|1756976709
|move|p1a: Ursaluna|Protect|p1a: Ursaluna
|-singleturn|p1a: Ursaluna|Protect
|move|p2b: Dragapult|Dragon Darts|p1b: Archaludon
|-damage|p1b: Archaludon|23/100
|-ability|p1b: Archaludon|Stamina|boost
|-boost|p1b: Archaludon|def|1
|-anim|p2b: Dragapult|Dragon Darts|p1b: Archaludon
|-damage|p1b: Archaludon|16/100
|move|p1b: Archaludon|Electro Shot||[still]
|-prepare|p1b: Archaludon|Electro Shot
|-boost|p1b: Archaludon|spa|1
|-enditem|p1b: Archaludon|Power Herb
|-anim|p1b: Archaludon|Electro Shot|p2a: Incineroar
|-damage|p2a: Incineroar|16/100
|move|p2a: Incineroar|Knock Off|p1b: Archaludon
|-damage|p1b: Archaludon|11/100
|
|-damage|p1a: Ursaluna|62/100 brn|[from] brn
|upkeep
|turn|6
|
|t:|1756976740
|move|p1a: Ursaluna|Protect|p1a: Ursaluna
|-singleturn|p1a: Ursaluna|Protect
|move|p2b: Dragapult|Dragon Darts|p1b: Archaludon
|-damage|p1b: Archaludon|4/100
|-anim|p2b: Dragapult|Dragon Darts|p1b: Archaludon
|-damage|p1b: Archaludon|0 fnt
|faint|p1b: Archaludon
|move|p2a: Incineroar|Parting Shot|p1a: Ursaluna
|-activate|p1a: Ursaluna|move: Protect
|
|-damage|p1a: Ursaluna|56/100 brn|[from] brn
|upkeep
|turn|7
|
|t:|1756976757
|move|p2b: Dragapult|Dragon Darts|p1a: Ursaluna
|-damage|p1a: Ursaluna|27/100 brn
|-anim|p2b: Dragapult|Dragon Darts|p1a: Ursaluna
|-damage|p1a: Ursaluna|0 fnt
|faint|p1a: Ursaluna
|
|win|CryForCrys
