|j|☆LuisLM95
|j|☆komsu
|html|LuisLM95komsu    
|uhtml|bestof|Game 1 of a best-of-3
|t:|1783743252
|gametype|doubles
|player|p1|LuisLM95|riley|1089
|player|p2|komsu|gambler|1167
|gen|9
|tier|[Gen 9 Champions] VGC 2026 Reg M-B (Bo3)
|rated|
|rule|Species Clause: Limit one of each Pokémon
|rule|Item Clause: Limit 1 of each item
|clearpoke
|poke|p1|Milotic, L50, F|
|poke|p1|Sinistcha, L50|
|poke|p1|Grimmsnarl, L50, M|
|poke|p1|Gengar, L50, M|
|poke|p1|Clefable, L50, F|
|poke|p1|Sableye, L50, M|
|poke|p2|Kingambit, L50, F|
|poke|p2|Charizard, L50, F|
|poke|p2|Aerodactyl, L50, M|
|poke|p2|Incineroar, L50, F|
|poke|p2|Garchomp, L50, M|
|poke|p2|Sylveon, L50, M|
|teampreview|4
|showteam|p1|Milotic||Leftovers|Competitive|Scald,Hypnosis,Coil,Protect|Relaxed||F|||50|]Sinistcha||WiseGlasses|Hospitality|MatchaGotcha,ShadowBall,TrickRoom,LifeDew|Sassy|||||50|]Grimmsnarl||LightClay|Prankster|SpiritBreak,LightScreen,Reflect,PartingShot|Relaxed||M|||50|]Gengar||Gengarite|CursedBody|ShadowBall,SludgeBomb,PerishSong,Protect|Bold||M|||50|]Clefable||LifeOrb|MagicGuard|Moonblast,FollowMe,LifeDew,Protect|Relaxed||F|||50|]Sableye||SitrusBerry|Prankster|Snarl,WillOWisp,Taunt,PainSplit|Sassy||M|||50|
|showteam|p2|Kingambit||FocusSash|Defiant|KowtowCleave,IronHead,SuckerPunch,LowKick|Adamant||F|||50|]Charizard||CharizarditeY|Blaze|HeatWave,SolarBeam,WeatherBall,Protect|Modest||F|||50|]Aerodactyl||Aerodactylite|Unnerve|RockSlide,DualWingbeat,Protect,Tailwind|Jolly||M|||50|]Incineroar||SitrusBerry|Intimidate|FlareBlitz,FakeOut,PartingShot,DarkestLariat|Careful||F|||50|]Garchomp||LifeOrb|RoughSkin|Earthquake,DragonClaw,RockSlide,Protect|Jolly||M|||50|]Sylveon||FairyFeather|Pixilate|HyperVoice,HyperBeam,QuickAttack,Protect|Modest||M|||50|
|inactive|Battle timer is ON: inactive players will automatically lose when time's up. (requested by LuisLM95)
|
|t:|1783743319
|teamsize|p1|4
|teamsize|p2|4
|start
|switch|p1a: Milotic|Milotic, L50, F|100/100
|switch|p1b: Grimmsnarl|Grimmsnarl, L50, M|100/100
|switch|p2a: Kingambit|Kingambit, L50, F|100/100
|switch|p2b: Charizard|Charizard, L50, F|100/100
|turn|1
|inactive|komsu has 30 seconds left.
|
|t:|1783743349
|detailschange|p2b: Charizard|Charizard-Mega-Y, L50, F
|-mega|p2b: Charizard|Charizard|Charizardite Y
|-weather|SunnyDay|[from] ability: Drought|[of] p2b: Charizard
|move|p1b: Grimmsnarl|Reflect|p1b: Grimmsnarl
|-sidestart|p1: LuisLM95|Reflect
|move|p2b: Charizard|Solar Beam||[still]
|-prepare|p2b: Charizard|Solar Beam
|-anim|p2b: Charizard|Solar Beam|p1a: Milotic
|-supereffective|p1a: Milotic|1
|-damage|p1a: Milotic|18/100
|move|p2a: Kingambit|Iron Head|p1b: Grimmsnarl
|-supereffective|p1b: Grimmsnarl|1
|-damage|p1b: Grimmsnarl|41/100
|move|p1a: Milotic|Coil|p1a: Milotic
|-boost|p1a: Milotic|atk|1
|-boost|p1a: Milotic|def|1
|-boost|p1a: Milotic|accuracy|1
|
|-weather|SunnyDay|[upkeep]
|-heal|p1a: Milotic|24/100|[from] item: Leftovers
|upkeep
|turn|2
|inactive|LuisLM95 has 30 seconds left.
|
|t:|1783743375
|move|p1a: Milotic|Protect|p1a: Milotic
|-singleturn|p1a: Milotic|Protect
|move|p1b: Grimmsnarl|Reflect||[still]
|-fail|p1b: Grimmsnarl
|move|p2b: Charizard|Solar Beam||[still]
|-prepare|p2b: Charizard|Solar Beam
|-anim|p2b: Charizard|Solar Beam|p1a: Milotic
|-activate|p1a: Milotic|move: Protect
|move|p2a: Kingambit|Iron Head|p1b: Grimmsnarl
|-supereffective|p1b: Grimmsnarl|1
|-damage|p1b: Grimmsnarl|0 fnt
|faint|p1b: Grimmsnarl
|
|-weather|SunnyDay|[upkeep]
|-heal|p1a: Milotic|30/100|[from] item: Leftovers
|upkeep
|
|t:|1783743388
|switch|p1b: Sinistcha|Sinistcha, L50|100/100
|-heal|p1a: Milotic|55/100|[from] ability: Hospitality|[of] p1b: Sinistcha
|turn|3
|
|t:|1783743403
|move|p2b: Charizard|Protect|p2b: Charizard
|-singleturn|p2b: Charizard|Protect
|move|p2a: Kingambit|Kowtow Cleave|p1b: Sinistcha
|-supereffective|p1b: Sinistcha|1
|-damage|p1b: Sinistcha|39/100
|move|p1a: Milotic|Hypnosis|p2b: Charizard
|-activate|p2b: Charizard|move: Protect
|move|p1b: Sinistcha|Life Dew|p1b: Sinistcha|[spread] p1a,p1b
|-heal|p1a: Milotic|80/100
|-heal|p1b: Sinistcha|64/100
|
|-weather|SunnyDay|[upkeep]
|-heal|p1a: Milotic|86/100|[from] item: Leftovers
|upkeep
|turn|4
|inactive|komsu has 30 seconds left.
|inactive|komsu has 20 seconds left.
|inactive|komsu has 15 seconds left.
|
|t:|1783743446
|move|p2b: Charizard|Heat Wave|p1b: Sinistcha|[spread] p1a,p1b
|-resisted|p1a: Milotic|1
|-supereffective|p1b: Sinistcha|1
|-damage|p1a: Milotic|59/100
|-damage|p1b: Sinistcha|0 fnt
|faint|p1b: Sinistcha
|move|p2a: Kingambit|Kowtow Cleave|p1a: Milotic
|-damage|p1a: Milotic|41/100
|move|p1a: Milotic|Hypnosis|p2b: Charizard
|-status|p2b: Charizard|slp|[from] move: Hypnosis
|
|-weather|SunnyDay|[upkeep]
|-heal|p1a: Milotic|47/100|[from] item: Leftovers
|upkeep
|
|t:|1783743456
|switch|p1b: Gengar|Gengar, L50, M|100/100
|turn|5
|-message|LuisLM95 forfeited.
|
|win|komsu
|l|☆LuisLM95
|player|p1|
||LuisLM95 is ready for game 2.
