|j|☆SurfingJackal
|j|☆plebston mcbacon
|html|SurfingJackalplebston mcbacon    
|uhtml|bestof|Game 2 of a best-of-3
|t:|1783257801
|gametype|doubles
|player|p1|SurfingJackal|archie-gen6|
|player|p2|plebston mcbacon|will|
|gen|9
|tier|[Gen 9 Champions] VGC 2026 Reg M-B (Bo3)
|rule|Species Clause: Limit one of each Pokémon
|rule|Item Clause: Limit 1 of each item
|clearpoke
|poke|p1|Swampert, L50, M|
|poke|p1|Pelipper, L50, F|
|poke|p1|Archaludon, L50, F|
|poke|p1|Basculegion, L50, M|
|poke|p1|Grimmsnarl, L50, M|
|poke|p1|Venusaur, L50, F|
|poke|p2|Meganium, L50, M|
|poke|p2|Pelipper, L50, F|
|poke|p2|Archaludon, L50, M|
|poke|p2|Basculegion, L50, M|
|poke|p2|Sinistcha, L50|
|poke|p2|Swampert, L50, M|
|teampreview|4
|showteam|p1|Swampert||Swampertite|Torrent|WaveCrash,HighHorsepower,IcePunch,Protect|Adamant||M|||50|]Pelipper||SitrusBerry|Drizzle|Tailwind,WeatherBall,Protect,Hurricane|Modest||F|||50|]Archaludon||Leftovers|Stamina|Protect,DragonPulse,ElectroShot,FlashCannon|Modest||F|||50|]Basculegion||ChoiceScarf|Adaptability|WaveCrash,LastRespects,AquaJet,FlipTurn|Adamant||M|||50|]Grimmsnarl||LightClay|Prankster|LightScreen,Reflect,PartingShot,SpiritBreak|Impish||M|||50|]Venusaur||Venusaurite|Chlorophyll|EarthPower,SludgeBomb,Protect,GigaDrain|Modest||F|||50|
|showteam|p2|Meganium||Meganiumite|Overgrow|SolarBeam,WeatherBall,DazzlingGleam,Protect|Modest||M|||50|]Pelipper||FocusSash|Drizzle|Hurricane,Tailwind,HelpingHand,Protect|Modest||F|||50|]Archaludon||Leftovers|Stamina|ElectroShot,FlashCannon,DracoMeteor,Protect|Modest||M|||50|]Basculegion||ChoiceScarf|Adaptability|WaveCrash,LastRespects,Liquidation,FlipTurn|Adamant||M|||50|]Sinistcha||ColburBerry|Hospitality|LifeDew,RagePowder,MatchaGotcha,Protect|Calm|||||50|]Swampert||Swampertite|Torrent|WaveCrash,Earthquake,StompingTantrum,Protect|Adamant||M|||50|
|j| Izzywooperstan
|j| wearesudozzen
|j| ZardiCharVGC
|c| wearesudozzen|hearthhomeeee
|
|t:|1783257845
|teamsize|p1|4
|teamsize|p2|4
|start
|switch|p1a: Venusaur|Venusaur, L50, F|100/100
|switch|p1b: Grimmsnarl|Grimmsnarl, L50, M|100/100
|switch|p2a: Archaludon|Archaludon, L50, M|100/100
|switch|p2b: Meganium|Meganium, L50, M|100/100
|turn|1
|
|t:|1783257863
|switch|p2a: Pelipper|Pelipper, L50, F|100/100
|-weather|RainDance|[from] ability: Drizzle|[of] p2a: Pelipper
|detailschange|p1a: Venusaur|Venusaur-Mega, L50, F
|-mega|p1a: Venusaur|Venusaur|Venusaurite
|move|p2b: Meganium|Protect|p2b: Meganium
|-singleturn|p2b: Meganium|Protect
|move|p1b: Grimmsnarl|Light Screen|p1b: Grimmsnarl
|-sidestart|p1: SurfingJackal|move: Light Screen
|move|p1a: Venusaur|Sludge Bomb|p2b: Meganium
|-activate|p2b: Meganium|move: Protect
|
|-weather|RainDance|[upkeep]
|upkeep
|turn|2
|j| RiberaRepipi
|
|t:|1783257880
|switch|p2b: Archaludon|Archaludon, L50, M|100/100
|move|p1b: Grimmsnarl|Parting Shot|p2a: Pelipper
|-unboost|p2a: Pelipper|atk|1
|-unboost|p2a: Pelipper|spa|1
|
|t:|1783257887
|switch|p1b: Archaludon|Archaludon, L50, F|100/100|[from] Parting Shot
|move|p2a: Pelipper|Tailwind|p2a: Pelipper
|-sidestart|p2: plebston mcbacon|move: Tailwind
|move|p1a: Venusaur|Earth Power|p2b: Archaludon
|-supereffective|p2b: Archaludon|1
|-damage|p2b: Archaludon|34/100
|-ability|p2b: Archaludon|Stamina|boost
|-boost|p2b: Archaludon|def|1
|
|-weather|RainDance|[upkeep]
|-heal|p2b: Archaludon|40/100|[from] item: Leftovers
|upkeep
|turn|3
|
|t:|1783257903
|switch|p1b: Grimmsnarl|Grimmsnarl, L50, M|100/100
|move|p2a: Pelipper|Helping Hand|p2b: Archaludon
|-singleturn|p2b: Archaludon|Helping Hand|[of] p2a: Pelipper
|move|p2b: Archaludon|Draco Meteor|p1a: Venusaur
|-damage|p1a: Venusaur|48/100
|-unboost|p2b: Archaludon|spa|2
|move|p1a: Venusaur|Earth Power|p2b: Archaludon
|-supereffective|p2b: Archaludon|1
|-damage|p2b: Archaludon|0 fnt
|faint|p2b: Archaludon
|
|-weather|RainDance|[upkeep]
|upkeep
|
|t:|1783257920
|switch|p2b: Basculegion|Basculegion, L50, M|100/100
|turn|4
|
|t:|1783257944
|move|p2a: Pelipper|Protect|p2a: Pelipper
|-singleturn|p2a: Pelipper|Protect
|move|p1b: Grimmsnarl|Parting Shot|p2a: Pelipper
|-activate|p2a: Pelipper|move: Protect
|move|p2b: Basculegion|Last Respects|p1a: Venusaur
|-damage|p1a: Venusaur|5/100
|move|p1a: Venusaur|Giga Drain|p2b: Basculegion
|-supereffective|p2b: Basculegion|1
|-crit|p2b: Basculegion
|-damage|p2b: Basculegion|0 fnt
|-heal|p1a: Venusaur|60/100|[from] drain|[of] p2b: Basculegion
|faint|p2b: Basculegion
|
|-weather|RainDance|[upkeep]
|upkeep
|j| the crimson craig
|
|t:|1783257954
|switch|p2b: Meganium|Meganium, L50, M|100/100
|turn|5
|l|☆plebston mcbacon
|player|p2|
|j|☆plebston mcbacon
|player|p2|plebston mcbacon|will|
|c|☆plebston mcbacon|Wifi keeps cutting out soz
|
|t:|1783258024
|detailschange|p2b: Meganium|Meganium-Mega, L50, M
|-mega|p2b: Meganium|Meganium|Meganiumite
|move|p1a: Venusaur|Protect|p1a: Venusaur
|-singleturn|p1a: Venusaur|Protect
|move|p1b: Grimmsnarl|Parting Shot|p2a: Pelipper
|-unboost|p2a: Pelipper|atk|1
|-unboost|p2a: Pelipper|spa|1
|
|t:|1783258031
|switch|p1b: Archaludon|Archaludon, L50, F|100/100|[from] Parting Shot
|move|p2a: Pelipper|Hurricane|p1b: Archaludon
|-resisted|p1b: Archaludon|1
|-damage|p1b: Archaludon|91/100
|-ability|p1b: Archaludon|Stamina|boost
|-boost|p1b: Archaludon|def|1
|move|p2b: Meganium|Weather Ball|p1a: Venusaur
|-activate|p1a: Venusaur|move: Protect
|
|-weather|none
|-heal|p1b: Archaludon|97/100|[from] item: Leftovers
|-sideend|p2: plebston mcbacon|move: Tailwind
|upkeep
|turn|6
|
|t:|1783258045
|move|p2a: Pelipper|Helping Hand|p2b: Meganium
|-singleturn|p2b: Meganium|Helping Hand|[of] p2a: Pelipper
|move|p1b: Archaludon|Flash Cannon|p2b: Meganium
|-supereffective|p2b: Meganium|1
|-damage|p2b: Meganium|41/100
|move|p1a: Venusaur|Sludge Bomb|p2b: Meganium
|-supereffective|p2b: Meganium|2
|-damage|p2b: Meganium|0 fnt
|faint|p2b: Meganium
|
|-heal|p1b: Archaludon|100/100|[from] item: Leftovers
|upkeep
|turn|7
|c|☆plebston mcbacon|Gg
|c|☆plebston mcbacon|Well played boss
|c|☆SurfingJackal|GGs man
|-message|plebston mcbacon forfeited.
|
|win|SurfingJackal
|l|☆plebston mcbacon
|player|p2|
|j|☆plebston mcbacon
|player|p2|plebston mcbacon|will|
|l| wearesudozzen
|l| Izzywooperstan
|j| wearesudozzen
|l|☆SurfingJackal
|player|p1|
|l| wearesudozzen
|l| ZardiCharVGC
|l|☆plebston mcbacon
|player|p2|
|j| Gehtgutdigga
|j|☆SurfingJackal
|player|p1|SurfingJackal|archie-gen6|
|l| Gehtgutdigga
|l|☆SurfingJackal
|player|p1|
|l| the crimson craig
|j|☆SurfingJackal
|player|p1|SurfingJackal|archie-gen6|
