|j|☆sbhaga34
|j|‽tryson69
|html|sbhaga34tryson69    
|uhtml|bestof|Game 1 of a best-of-3
|t:|1784578939
|gametype|doubles
|player|p1|sbhaga34|hugh|1333
|player|p2|tryson69|crasherwake|1408
|gen|9
|tier|[Gen 9 Champions] VGC 2026 Reg M-B (Bo3)
|rated|
|rule|Species Clause: Limit one of each Pokémon
|rule|Item Clause: Limit 1 of each item
|clearpoke
|poke|p1|Excadrill, L50, M|
|poke|p1|Tyranitar, L50, M|
|poke|p1|Corviknight, L50, F|
|poke|p1|Rotom-Wash, L50|
|poke|p1|Chandelure, L50, F|
|poke|p1|Scovillain, L50, F|
|poke|p2|Raichu, L50, F|
|poke|p2|Gholdengo, L50|
|poke|p2|Garchomp, L50, F|
|poke|p2|Incineroar, L50, F|
|poke|p2|Milotic, L50, F|
|poke|p2|Whimsicott, L50, F|
|teampreview|4
|showteam|p1|Excadrill||FocusSash|SandRush|Earthquake,IronHead,SwordsDance,Protect|Adamant||M|||50|]Tyranitar||Tyranitarite|SandStream|RockSlide,KnockOff,LowKick,Protect|Adamant||M|||50|]Corviknight||SharpBeak|MirrorArmor|BraveBird,Tailwind,BulkUp,Roost|Careful||F|||50|]Rotom-Wash||ChoiceScarf|Levitate|VoltSwitch,Thunderbolt,Electroweb,HydroPump|Timid|||||50|]Chandelure||ShucaBerry|FlashFire|HeatWave,ShadowBall,TrickRoom,Protect|Modest||F|||50|]Scovillain||Scovillainite|Chlorophyll|RagePowder,Overheat,GigaDrain,Protect|Calm||F|||50|
|showteam|p2|Raichu||RaichuniteY|LightningRod|ZapCannon,FocusBlast,Protect,FakeOut|Timid||F|||50|]Gholdengo||SpellTag|GoodasGold|NastyPlot,ShadowBall,Protect,MakeItRain|Modest|||||50|]Garchomp||LifeOrb|RoughSkin|Earthquake,RockSlide,Protect,DragonClaw|Adamant||F|||50|]Incineroar||SitrusBerry|Intimidate|FakeOut,FlareBlitz,DarkestLariat,PartingShot|Impish||F|||50|]Milotic||Leftovers|Competitive|Coil,HydroPump,Hypnosis,Recover|Calm||F|||50|]Whimsicott||FocusSash|Prankster|Tailwind,Moonblast,Encore,Protect|Timid||F|||50|
|inactive|Battle timer is ON: inactive players will automatically lose when time's up. (requested by tryson69)
|
|t:|1784579015
|teamsize|p1|4
|teamsize|p2|4
|start
|switch|p1a: Corviknight|Corviknight, L50, F|100/100
|switch|p1b: Rotom|Rotom-Wash, L50|100/100
|switch|p2a: Raichu|Raichu, L50, F|100/100
|switch|p2b: Milotic|Milotic, L50, F|100/100
|turn|1
|inactive|sbhaga34 has 30 seconds left.
|inactive|sbhaga34 has 20 seconds left.
|
|t:|1784579053
|switch|p1b: Tyranitar|Tyranitar, L50, M|100/100
|-weather|Sandstorm|[from] ability: Sand Stream|[of] p1b: Tyranitar
|move|p2a: Raichu|Fake Out|p1a: Corviknight
|-resisted|p1a: Corviknight|1
|-damage|p1a: Corviknight|96/100
|cant|p1a: Corviknight|flinch
|move|p2b: Milotic|Coil|p2b: Milotic
|-boost|p2b: Milotic|atk|1
|-boost|p2b: Milotic|def|1
|-boost|p2b: Milotic|accuracy|1
|
|-weather|Sandstorm|[upkeep]
|-damage|p2a: Raichu|94/100|[from] Sandstorm
|-damage|p2b: Milotic|94/100|[from] Sandstorm
|-heal|p2b: Milotic|100/100|[from] item: Leftovers
|upkeep
|turn|2
|
|t:|1784579075
|detailschange|p2a: Raichu|Raichu-Mega-Y, L50, F
|-mega|p2a: Raichu|Raichu|Raichunite Y
|detailschange|p1b: Tyranitar|Tyranitar-Mega, L50, M
|-mega|p1b: Tyranitar|Tyranitar|Tyranitarite
|move|p2a: Raichu|Focus Blast|p1b: Tyranitar
|-supereffective|p1b: Tyranitar|2
|-damage|p1b: Tyranitar|0 fnt
|faint|p1b: Tyranitar
|move|p1a: Corviknight|Tailwind|p1a: Corviknight
|-sidestart|p1: sbhaga34|move: Tailwind
|move|p2b: Milotic|Hypnosis|p1a: Corviknight
|-status|p1a: Corviknight|slp|[from] move: Hypnosis
|
|-weather|Sandstorm|[upkeep]
|-damage|p2a: Raichu|88/100|[from] Sandstorm
|-damage|p2b: Milotic|94/100|[from] Sandstorm
|-heal|p2b: Milotic|100/100|[from] item: Leftovers
|upkeep
|
|t:|1784579084
|switch|p1b: Excadrill|Excadrill, L50, M|100/100
|turn|3
|
|t:|1784579097
|move|p1b: Excadrill|Protect|p1b: Excadrill
|-singleturn|p1b: Excadrill|Protect
|move|p2a: Raichu|Protect|p2a: Raichu
|-singleturn|p2a: Raichu|Protect
|cant|p1a: Corviknight|slp
|move|p2b: Milotic|Hydro Pump|p1b: Excadrill
|-activate|p1b: Excadrill|move: Protect
|
|-weather|Sandstorm|[upkeep]
|-damage|p2a: Raichu|82/100|[from] Sandstorm
|-damage|p2b: Milotic|94/100|[from] Sandstorm
|-heal|p2b: Milotic|100/100|[from] item: Leftovers
|upkeep
|turn|4
|
|t:|1784579107
|switch|p2a: Incineroar|Incineroar, L50, F|100/100
|-ability|p2a: Incineroar|Intimidate|boost
|-ability|p1a: Corviknight|Mirror Armor
|-unboost|p2a: Incineroar|atk|1
|-unboost|p1b: Excadrill|atk|1
|move|p1b: Excadrill|Earthquake|p2a: Incineroar|[spread] p2a,p2b
|-immune|p1a: Corviknight
|-supereffective|p2a: Incineroar|1
|-damage|p2a: Incineroar|55/100
|-damage|p2b: Milotic|80/100
|cant|p1a: Corviknight|slp
|move|p2b: Milotic|Hypnosis|p1b: Excadrill
|-status|p1b: Excadrill|slp|[from] move: Hypnosis
|
|-weather|Sandstorm|[upkeep]
|-damage|p2b: Milotic|74/100|[from] Sandstorm
|-damage|p2a: Incineroar|49/100|[from] Sandstorm
|-enditem|p2a: Incineroar|Sitrus Berry|[eat]
|-heal|p2a: Incineroar|74/100|[from] item: Sitrus Berry
|-heal|p2b: Milotic|80/100|[from] item: Leftovers
|upkeep
|turn|5
|
|t:|1784579122
|switch|p1b: Rotom|Rotom-Wash, L50|100/100
|-curestatus|p1a: Corviknight|slp|[msg]
|move|p1a: Corviknight|Bulk Up|p1a: Corviknight
|-boost|p1a: Corviknight|atk|1
|-boost|p1a: Corviknight|def|1
|move|p2b: Milotic|Hydro Pump|p1b: Rotom
|-resisted|p1b: Rotom|1
|-damage|p1b: Rotom|78/100
|move|p2a: Incineroar|Flare Blitz|p1b: Rotom
|-resisted|p1b: Rotom|1
|-damage|p1b: Rotom|61/100
|-status|p1b: Rotom|brn
|-damage|p2a: Incineroar|69/100|[from] Recoil
|
|-weather|none
|-heal|p2b: Milotic|86/100|[from] item: Leftovers
|-damage|p1b: Rotom|56/100 brn|[from] brn
|-sideend|p1: sbhaga34|move: Tailwind
|upkeep
|turn|6
|
|t:|1784579142
|move|p1b: Rotom|Thunderbolt|p2b: Milotic
|-supereffective|p2b: Milotic|1
|-damage|p2b: Milotic|41/100
|move|p1a: Corviknight|Tailwind|p1a: Corviknight
|-sidestart|p1: sbhaga34|move: Tailwind
|move|p2b: Milotic|Hypnosis|p1a: Corviknight
|-status|p1a: Corviknight|slp|[from] move: Hypnosis
|move|p2a: Incineroar|Darkest Lariat|p1b: Rotom
|-damage|p1b: Rotom|33/100 brn
|
|-heal|p2b: Milotic|47/100|[from] item: Leftovers
|-damage|p1b: Rotom|27/100 brn|[from] brn
|upkeep
|turn|7
|
|t:|1784579157
|move|p1b: Rotom|Thunderbolt|p2b: Milotic
|-supereffective|p2b: Milotic|1
|-damage|p2b: Milotic|4/100
|cant|p1a: Corviknight|slp
|move|p2b: Milotic|Recover|p2b: Milotic
|-heal|p2b: Milotic|54/100
|move|p2a: Incineroar|Darkest Lariat|p1b: Rotom
|-damage|p1b: Rotom|4/100 brn
|
|-heal|p2b: Milotic|60/100|[from] item: Leftovers
|-damage|p1b: Rotom|0 fnt|[from] brn
|faint|p1b: Rotom
|upkeep
|
|t:|1784579167
|switch|p1b: Excadrill|Excadrill, L50, M|100/100 slp
|turn|8
|
|t:|1784579172
|cant|p1b: Excadrill|slp
|cant|p1a: Corviknight|slp
|move|p2b: Milotic|Hydro Pump|p1b: Excadrill
|-supereffective|p1b: Excadrill|1
|-enditem|p1b: Excadrill|Focus Sash
|-damage|p1b: Excadrill|1/100 slp
|move|p2a: Incineroar|Flare Blitz|p1b: Excadrill
|-supereffective|p1b: Excadrill|1
|-damage|p1b: Excadrill|0 fnt
|faint|p1b: Excadrill
|-damage|p2a: Incineroar|69/100|[from] Recoil
|
|-heal|p2b: Milotic|66/100|[from] item: Leftovers
|upkeep
|turn|9
|-message|sbhaga34 forfeited.
|
|win|tryson69
||tryson69 is ready for game 2.
||sbhaga34 is ready for game 2.
|uhtml|next|Next: Game 2 of 3
