|j|☆RedGenji195
|j|☆ming0mang0
|html|RedGenji195ming0mang0    
|uhtml|bestof|Game 2 of a best-of-3
|t:|1756587153
|gametype|doubles
|player|p1|RedGenji195|101|1000
|player|p2|ming0mang0|harlequin|1117
|gen|9
|tier|[Gen 9] VGC 2025 Reg H (Bo3)
|rated|
|rule|Species Clause: Limit one of each Pokémon
|rule|Item Clause: Limit 1 of each item
|clearpoke
|poke|p1|Pelipper, L50, F|
|poke|p1|Archaludon, L50, M|
|poke|p1|Basculegion, L50, M|
|poke|p1|Electabuzz, L50, F|
|poke|p1|Ursaluna-Bloodmoon, L50, M|
|poke|p1|Kingdra, L50, M|
|poke|p2|Porygon2, L50|
|poke|p2|Hydreigon, L50, F|
|poke|p2|Incineroar, L50, F|
|poke|p2|Garchomp, L50, M|
|poke|p2|Amoonguss, L50, M|
|poke|p2|Gholdengo, L50|
|teampreview|4
|showteam|p1|Pelipper||FocusSash|Drizzle|Hurricane,WeatherBall,Tailwind,WideGuard|||F|||50|,,,,,Ghost]Archaludon||AssaultVest|Stamina|ElectroShot,DragonPulse,FlashCannon,BodyPress|||M|||50|,,,,,Grass]Basculegion||MysticWater|SwiftSwim|Protect,WaveCrash,AquaJet,FlipTurn|||M|||50|,,,,,Water]Electabuzz||Eviolite|VitalSpirit|Electroweb,FollowMe,Taunt,Protect|||F|||50|,,,,,Ghost]Ursaluna-Bloodmoon||LifeOrb|MindsEye|BloodMoon,HyperVoice,EarthPower,Protect|||M|||50|,,,,,Ghost]Kingdra||ChoiceSpecs|SwiftSwim|IceBeam,DracoMeteor,WeatherBall,MuddyWater|||M|||50|,,,,,Dragon
|showteam|p2|Porygon2||Eviolite|Download|TeraBlast,IceBeam,TrickRoom,Recover||||||50|,,,,,Fighting]Hydreigon||SafetyGoggles|Levitate|Snarl,DracoMeteor,Tailwind,Protect|||F|||50|,,,,,Ghost]Incineroar||SitrusBerry|Intimidate|FlareBlitz,KnockOff,PartingShot,FakeOut|||F|||50|,,,,,Grass]Garchomp||LoadedDice|RoughSkin|ScaleShot,Earthquake,StompingTantrum,Protect|||M|||50|,,,,,Fire]Amoonguss||CovertCloak|Regenerator|PollenPuff,Spore,RagePowder,Protect|||M|||50|,,,,,Fire]Gholdengo||MetalCoat|GoodasGold|MakeItRain,ShadowBall,NastyPlot,Protect||||||50|,,,,,Flying
|inactive|Battle timer is ON: inactive players will automatically lose when time's up. (requested by RedGenji195)
|
|t:|1756587216
|teamsize|p1|4
|teamsize|p2|4
|start
|switch|p1a: Pelipper|Pelipper, L50, F|100/100
|switch|p1b: Archaludon|Archaludon, L50, M|100/100
|switch|p2a: Hydreigon|Hydreigon, L50, F, shiny|100/100
|switch|p2b: Incineroar|Incineroar, L50, F, shiny|100/100
|-weather|RainDance|[from] ability: Drizzle|[of] p1a: Pelipper
|-ability|p2b: Incineroar|Intimidate|boost
|-unboost|p1a: Pelipper|atk|1
|-unboost|p1b: Archaludon|atk|1
|turn|1
|inactive|RedGenji195 has 30 seconds left.
|inactive|ming0mang0 has 30 seconds left.
|inactive|RedGenji195 has 20 seconds left.
|inactive|ming0mang0 has 20 seconds left.
|inactive|RedGenji195 has 15 seconds left.
|inactive|ming0mang0 has 15 seconds left.
|
|t:|1756587260
|switch|p1a: Kingdra|Kingdra, L50, M|100/100
|move|p2a: Hydreigon|Tailwind|p2a: Hydreigon
|-sidestart|p2: ming0mang0|move: Tailwind
|move|p2b: Incineroar|Knock Off|p1a: Kingdra
|-damage|p1a: Kingdra|51/100
|-enditem|p1a: Kingdra|Choice Specs|[from] move: Knock Off|[of] p2b: Incineroar
|move|p1b: Archaludon|Dragon Pulse|p2a: Hydreigon
|-supereffective|p2a: Hydreigon
|-damage|p2a: Hydreigon|8/100
|
|-weather|RainDance|[upkeep]
|upkeep
|turn|2
|inactive|RedGenji195 has 30 seconds left.
|inactive|ming0mang0 has 30 seconds left.
|inactive|ming0mang0 has 20 seconds left.
|
|t:|1756587300
|switch|p1b: Pelipper|Pelipper, L50, F|100/100
|move|p2a: Hydreigon|Snarl|p1b: Pelipper|[spread] p1a,p1b
|-damage|p1a: Kingdra|24/100
|-damage|p1b: Pelipper|65/100
|-unboost|p1a: Kingdra|spa|1
|-unboost|p1b: Pelipper|spa|1
|move|p1a: Kingdra|Weather Ball|p2b: Incineroar
|-supereffective|p2b: Incineroar
|-damage|p2b: Incineroar|15/100
|-enditem|p2b: Incineroar|Sitrus Berry|[eat]
|-heal|p2b: Incineroar|40/100|[from] item: Sitrus Berry
|move|p2b: Incineroar|Parting Shot|p1b: Pelipper
|-unboost|p1b: Pelipper|atk|1
|-unboost|p1b: Pelipper|spa|1
|
|t:|1756587315
|switch|p2b: Amoonguss|Amoonguss, L50, M, shiny|100/100|[from] Parting Shot
|
|-weather|RainDance|[upkeep]
|upkeep
|turn|3
|
|t:|1756587335
|move|p2a: Hydreigon|Protect|p2a: Hydreigon
|-singleturn|p2a: Hydreigon|Protect
|move|p1a: Kingdra|Muddy Water|p2a: Hydreigon|[spread] p2b
|-activate|p2a: Hydreigon|move: Protect
|-resisted|p2b: Amoonguss
|-damage|p2b: Amoonguss|90/100
|move|p1b: Pelipper|Hurricane|p2b: Amoonguss
|-supereffective|p2b: Amoonguss
|-damage|p2b: Amoonguss|54/100
|move|p2b: Amoonguss|Spore|p1a: Kingdra
|-status|p1a: Kingdra|slp|[from] move: Spore
|
|-weather|RainDance|[upkeep]
|upkeep
|turn|4
|
|t:|1756587354
|move|p2a: Hydreigon|Snarl|p1a: Kingdra|[spread] p1a,p1b
|-damage|p1a: Kingdra|0 fnt
|-damage|p1b: Pelipper|32/100
|-unboost|p1b: Pelipper|spa|1
|faint|p1a: Kingdra
|move|p1b: Pelipper|Tailwind|p1b: Pelipper
|-sidestart|p1: RedGenji195|move: Tailwind
|move|p2b: Amoonguss|Pollen Puff|p2a: Hydreigon
|-heal|p2a: Hydreigon|58/100
|
|-weather|RainDance|[upkeep]
|-sideend|p2: ming0mang0|move: Tailwind
|upkeep
|inactive|RedGenji195 has 30 seconds left.
|
|t:|1756587382
|switch|p1a: Archaludon|Archaludon, L50, M|100/100
|turn|5
|inactive|ming0mang0 has 30 seconds left.
|inactive|ming0mang0 has 20 seconds left.
|inactive|ming0mang0 has 15 seconds left.
|
|t:|1756587426
|switch|p1b: Ursaluna|Ursaluna-Bloodmoon, L50, M|100/100
|-terastallize|p1a: Archaludon|Grass
|move|p2a: Hydreigon|Protect|p2a: Hydreigon
|-singleturn|p2a: Hydreigon|Protect
|move|p1a: Archaludon|Dragon Pulse|p2a: Hydreigon
|-activate|p2a: Hydreigon|move: Protect
|move|p2b: Amoonguss|Spore|p1b: Ursaluna
|-status|p1b: Ursaluna|slp|[from] move: Spore
|
|-weather|none
|upkeep
|turn|6
|inactive|ming0mang0 has 30 seconds left.
|inactive|ming0mang0 has 20 seconds left.
|inactive|ming0mang0 has 15 seconds left.
|inactive|ming0mang0 has 10 seconds left.
|
|t:|1756587473
|move|p2b: Amoonguss|Rage Powder|p2b: Amoonguss
|-singleturn|p2b: Amoonguss|move: Rage Powder
|move|p1a: Archaludon|Dragon Pulse|p2a: Hydreigon
|-supereffective|p2a: Hydreigon
|-damage|p2a: Hydreigon|0 fnt
|faint|p2a: Hydreigon
|cant|p1b: Ursaluna|slp
|
|upkeep
|
|t:|1756587491
|switch|p2a: Incineroar|Incineroar, L50, F, shiny|40/100
|-ability|p2a: Incineroar|Intimidate|boost
|-unboost|p1a: Archaludon|atk|1
|-unboost|p1b: Ursaluna|atk|1
|turn|7
|inactive|RedGenji195 has 30 seconds left.
|inactive|ming0mang0 has 30 seconds left.
|inactive|RedGenji195 has 20 seconds left.
|inactive|RedGenji195 has 15 seconds left.
|inactive|RedGenji195 has 10 seconds left.
|
|t:|1756587537
|switch|p1a: Pelipper|Pelipper, L50, F|32/100
|-weather|RainDance|[from] ability: Drizzle|[of] p1a: Pelipper
|move|p2a: Incineroar|Fake Out|p1a: Pelipper
|-damage|p1a: Pelipper|15/100
|cant|p1b: Ursaluna|slp
|move|p2b: Amoonguss|Spore|p1b: Ursaluna
|-fail|p1b: Ursaluna|slp
|
|-weather|RainDance|[upkeep]
|-sideend|p1: RedGenji195|move: Tailwind
|upkeep
|turn|8
|inactive|RedGenji195 has 30 seconds left.
|inactive|ming0mang0 has 30 seconds left.
|inactive|ming0mang0 has 20 seconds left.
|inactive|ming0mang0 has 15 seconds left.
|inactive|ming0mang0 has 10 seconds left.
|inactive|ming0mang0 has 5 seconds left.
|
|t:|1756587587
|-terastallize|p2a: Incineroar|Grass
|move|p1a: Pelipper|Tailwind|p1a: Pelipper
|-sidestart|p1: RedGenji195|move: Tailwind
|-curestatus|p1b: Ursaluna|slp|[msg]
|move|p1b: Ursaluna|Hyper Voice|p2a: Incineroar|[spread] p2a,p2b
|-damage|p2a: Incineroar|0 fnt
|-damage|p2b: Amoonguss|14/100
|faint|p2a: Incineroar
|-damage|p1b: Ursaluna|91/100|[from] item: Life Orb
|move|p2b: Amoonguss|Spore|p1a: Pelipper
|-status|p1a: Pelipper|slp|[from] move: Spore
|
|-weather|RainDance|[upkeep]
|upkeep
|
|t:|1756587600
|switch|p2a: Gholdengo|Gholdengo, L50, shiny|100/100
|turn|9
|inactive|ming0mang0 has 30 seconds left.
|inactive|ming0mang0 has 20 seconds left.
|inactive|ming0mang0 has 15 seconds left.
|inactive|ming0mang0 has 10 seconds left.
|inactive|ming0mang0 has 5 seconds left.
|
|t:|1756587650
|cant|p1a: Pelipper|slp
|move|p1b: Ursaluna|Hyper Voice|p2b: Amoonguss|[spread] p2a,p2b
|-resisted|p2a: Gholdengo
|-damage|p2a: Gholdengo|73/100
|-damage|p2b: Amoonguss|0 fnt
|faint|p2b: Amoonguss
|-damage|p1b: Ursaluna|81/100|[from] item: Life Orb
|move|p2a: Gholdengo|Make It Rain|p1b: Ursaluna|[spread] p1a,p1b
|-resisted|p1a: Pelipper
|-damage|p1a: Pelipper|0 fnt
|-damage|p1b: Ursaluna|0 fnt
|-unboost|p2a: Gholdengo|spa|1
|faint|p1a: Pelipper
|faint|p1b: Ursaluna
|
|-weather|RainDance|[upkeep]
|upkeep
|
|t:|1756587664
|switch|p1b: Archaludon|Archaludon, L50, M, tera:Grass|100/100
|turn|10
|
|t:|1756587684
|move|p1b: Archaludon|Electro Shot||[still]
|-prepare|p1b: Archaludon|Electro Shot
|-boost|p1b: Archaludon|spa|1
|-anim|p1b: Archaludon|Electro Shot|p2a: Gholdengo
|-damage|p2a: Gholdengo|8/100
|move|p2a: Gholdengo|Nasty Plot|p2a: Gholdengo
|-boost|p2a: Gholdengo|spa|2
|
|-weather|RainDance|[upkeep]
|upkeep
|turn|11
|
|t:|1756587695
|move|p2a: Gholdengo|Protect|p2a: Gholdengo
|-singleturn|p2a: Gholdengo|Protect
|move|p1b: Archaludon|Electro Shot||[still]
|-prepare|p1b: Archaludon|Electro Shot
|-boost|p1b: Archaludon|spa|1
|-anim|p1b: Archaludon|Electro Shot|p2a: Gholdengo
|-activate|p2a: Gholdengo|move: Protect
|
|-weather|none
|-sideend|p1: RedGenji195|move: Tailwind
|upkeep
|turn|12
|inactive|ming0mang0 has 30 seconds left.
|
|t:|1756587705
|move|p1b: Archaludon|Dragon Pulse|p2a: Gholdengo
|-resisted|p2a: Gholdengo
|-damage|p2a: Gholdengo|0 fnt
|faint|p2a: Gholdengo
|
|win|RedGenji195
|raw|RedGenji195's rating: 1000 → 1053(+53 for winning)
|raw|ming0mang0's rating: 1117 → 1084(-33 for losing)
|l|☆RedGenji195
|player|p1|
