|j|☆natsukivgc
|j|‽daniiivgc
|html|natsukivgcdaniiivgc    
|uhtml|bestof|Game 2 of a best-of-3
|t:|1785699414
|gametype|doubles
|player|p1|natsukivgc|102|1282
|player|p2|daniiivgc|giovanni|1384
|gen|9
|tier|[Gen 9 Champions] VGC 2026 Reg M-B (Bo3)
|rated|
|rule|Species Clause: Limit one of each Pokémon
|rule|Item Clause: Limit 1 of each item
|clearpoke
|poke|p1|Garchomp, L50, F|
|poke|p1|Charizard, L50, F|
|poke|p1|Kingambit, L50, M|
|poke|p1|Basculegion, L50, M|
|poke|p1|Whimsicott, L50, F|
|poke|p1|Floette-Eternal, L50, F|
|poke|p2|Kangaskhan, L50, F|
|poke|p2|Farigiraf, L50, F|
|poke|p2|Camerupt, L50, F|
|poke|p2|Vivillon, L50, M|
|poke|p2|Abomasnow, L50, M|
|poke|p2|Kingambit, L50, M|
|teampreview|4
|showteam|p1|Garchomp||SitrusBerry|RoughSkin|RockSlide,DragonTail,StompingTantrum,PoisonJab|Adamant||F|||50|]Charizard||CharizarditeY|Blaze|HeatWave,SolarBeam,WeatherBall,Protect|Modest||F|||50|]Kingambit||LifeOrb|Defiant|KowtowCleave,IronHead,SuckerPunch,LowKick|Adamant||M|||50|]Basculegion||ChoiceScarf|Adaptability|LastRespects,WaveCrash,FlipTurn,AquaJet|Jolly||M|||50|]Whimsicott||FocusSash|Prankster|Tailwind,Moonblast,Encore,Protect|Timid||F|||50|]Floette-Eternal||Floettite|FlowerVeil|DazzlingGleam,Moonblast,LightofRuin,Protect|Modest||F|||50|
|showteam|p2|Kangaskhan||SilkScarf|Scrappy|FakeOut,DoubleEdge,LowKick,Crunch|Brave||F|||50|]Farigiraf||SitrusBerry|ArmorTail|Psychic,Thunderbolt,TrickRoom,Protect|Bold||F|||50|]Camerupt||Cameruptite|SolidRock|HeatWave,EarthPower,AncientPower,Protect|Quiet||F|||50|]Vivillon||FocusSash|CompoundEyes|Hurricane,SleepPowder,RagePowder,Protect|Timid||M|||50|]Abomasnow||LifeOrb|SnowWarning|Blizzard,GrassKnot,IceShard,WeatherBall|Quiet||M|||50|]Kingambit||ChopleBerry|Defiant|KowtowCleave,SuckerPunch,IronHead,SwordsDance|Brave||M|||50|
|inactive|Battle timer is ON: inactive players will automatically lose when time's up. (requested by daniiivgc)
|
|t:|1785699453
|teamsize|p1|4
|teamsize|p2|4
|start
|switch|p1a: Whimsicott|Whimsicott, L50, F|100/100
|switch|p1b: Charizard|Charizard, L50, F|100/100
|switch|p2a: Vivillon|Vivillon, L50, M|100/100
|switch|p2b: Farigiraf|Farigiraf, L50, F|100/100
|turn|1
|
|t:|1785699477
|detailschange|p1b: Charizard|Charizard-Mega-Y, L50, F
|-mega|p1b: Charizard|Charizard|Charizardite Y
|-weather|SunnyDay|[from] ability: Drought|[of] p1b: Charizard
|move|p1a: Whimsicott|Moonblast|p2a: Vivillon
|-damage|p2a: Vivillon|35/100
|move|p2a: Vivillon|Sleep Powder|p1b: Charizard
|-status|p1b: Charizard|slp|[from] move: Sleep Powder
|cant|p1b: Charizard|slp
|move|p2b: Farigiraf|Trick Room|p2b: Farigiraf
|-fieldstart|move: Trick Room|[of] p2b: Farigiraf
|
|-weather|SunnyDay|[upkeep]
|upkeep
|turn|2
|inactive|natsukivgc has 30 seconds left.
|inactive|natsukivgc has 20 seconds left.
|inactive|natsukivgc has 15 seconds left.
|
|t:|1785699519
|switch|p2a: Camerupt|Camerupt, L50, F|100/100
|move|p2b: Farigiraf|Psychic|p1a: Whimsicott
|-damage|p1a: Whimsicott|43/100
|cant|p1b: Charizard|slp
|move|p1a: Whimsicott|Moonblast|p2b: Farigiraf
|-damage|p2b: Farigiraf|68/100
|
|-weather|SunnyDay|[upkeep]
|upkeep
|turn|3
|
|t:|1785699541
|detailschange|p2a: Camerupt|Camerupt-Mega, L50, F
|-mega|p2a: Camerupt|Camerupt|Cameruptite
|move|p1a: Whimsicott|Protect|p1a: Whimsicott
|-singleturn|p1a: Whimsicott|Protect
|-curestatus|p1b: Charizard|slp|[msg]
|move|p1b: Charizard|Protect|p1b: Charizard
|-singleturn|p1b: Charizard|Protect
|move|p2a: Camerupt|Ancient Power|p1b: Charizard
|-activate|p1b: Charizard|move: Protect
|move|p2b: Farigiraf|Psychic|p1a: Whimsicott
|-activate|p1a: Whimsicott|move: Protect
|
|-weather|SunnyDay|[upkeep]
|upkeep
|turn|4
|
|t:|1785699562
|switch|p1b: Kingambit|Kingambit, L50, M|100/100
|move|p1a: Whimsicott|Tailwind|p1a: Whimsicott
|-sidestart|p1: natsukivgc|move: Tailwind
|move|p2a: Camerupt|Heat Wave|p1b: Kingambit|[spread] p1a,p1b
|-supereffective|p1a: Whimsicott|1
|-supereffective|p1b: Kingambit|1
|-crit|p1b: Kingambit
|-damage|p1a: Whimsicott|0 fnt
|-damage|p1b: Kingambit|0 fnt
|faint|p1a: Whimsicott
|faint|p1b: Kingambit
|move|p2b: Farigiraf|Thunderbolt|p1: Whimsicott|[notarget]
|-fail|p2b: Farigiraf
|
|-weather|SunnyDay|[upkeep]
|upkeep
|
|t:|1785699574
|switch|p1b: Basculegion|Basculegion, L50, M|100/100
|switch|p1a: Charizard|Charizard-Mega-Y, L50, F|100/100
|turn|5
|
|t:|1785699594
|move|p2a: Camerupt|Earth Power|p1b: Basculegion
|-damage|p1b: Basculegion|16/100
|move|p2b: Farigiraf|Thunderbolt|p1b: Basculegion
|-supereffective|p1b: Basculegion|1
|-damage|p1b: Basculegion|0 fnt
|faint|p1b: Basculegion
|move|p1a: Charizard|Solar Beam||[still]
|-prepare|p1a: Charizard|Solar Beam
|-anim|p1a: Charizard|Solar Beam|p2b: Farigiraf
|-damage|p2b: Farigiraf|23/100
|-enditem|p2b: Farigiraf|Sitrus Berry|[eat]
|-heal|p2b: Farigiraf|48/100|[from] item: Sitrus Berry
|
|-weather|none
|-fieldend|move: Trick Room
|upkeep
|turn|6
|-message|natsukivgc forfeited.
|
|win|daniiivgc
|raw|natsukivgc's rating: 1282 → 1264(-18 for losing)
|raw|daniiivgc's rating: 1384 → 1398(+14 for winning)
