|j|☆OdeioPeugeot
|j|☆FieryFIame
|html|OdeioPeugeotFieryFIame    
|uhtml|bestof|Game 1 of a best-of-3
|t:|1785415976
|gametype|doubles
|player|p1|OdeioPeugeot|swimmer-gen4dp|1398
|player|p2|FieryFIame|266|1407
|gen|9
|tier|[Gen 9 Champions] VGC 2026 Reg M-B (Bo3)
|rated|
|rule|Species Clause: Limit one of each Pokémon
|rule|Item Clause: Limit 1 of each item
|clearpoke
|poke|p1|Gardevoir, L50, F|
|poke|p1|Talonflame, L50, M|
|poke|p1|Kingambit, L50, F|
|poke|p1|Basculegion, L50, M|
|poke|p1|Kommo-o, L50, F|
|poke|p1|Maushold-Four, L50|
|poke|p2|Staraptor, L50, M|
|poke|p2|Garchomp, L50, F|
|poke|p2|Whimsicott, L50, F|
|poke|p2|Delphox, L50, F|
|poke|p2|Glimmora, L50, M|
|poke|p2|Kingambit, L50, F|
|teampreview|4
|showteam|p1|Gardevoir||Gardevoirite|Synchronize|HyperVoice,Psychic,Thunderbolt,Protect|Modest||F|||50|]Talonflame||SharpBeak|GaleWings|DualWingbeat,FlareBlitz,Tailwind,Protect|Jolly||M|||50|]Kingambit||ExpertBelt|Defiant|KowtowCleave,SuckerPunch,IronHead,LowKick|Adamant||F|||50|]Basculegion||ChoiceScarf|Adaptability|WaveCrash,LastRespects,FlipTurn,AquaJet|Jolly||M|||50|]Kommo-o||LifeOrb|Soundproof|ClangingScales,AuraSphere,DracoMeteor,Protect|Modest||F|||50|]Maushold-Four||FocusSash|FriendGuard|FollowMe,Feint,SuperFang,Protect|Jolly|||||50|
|showteam|p2|Staraptor||Staraptite|Intimidate|Protect,Roost,CloseCombat,BraveBird|Jolly||M|||50|]Garchomp||LifeOrb|RoughSkin|Protect,RockSlide,Earthquake,DragonClaw|Jolly||F|||50|]Whimsicott||OccaBerry|Prankster|Moonblast,Tailwind,Charm,LightScreen|Timid||F|||50|]Delphox||Delphoxite|Blaze|Protect,HeatWave,Psychic,Substitute|Timid||F|||50|]Glimmora||FocusSash|ToxicDebris|SpikyShield,SludgeBomb,EarthPower,PowerGem|Timid||M|||50|]Kingambit||ChopleBerry|Defiant|SuckerPunch,LowKick,IronHead,KowtowCleave|Adamant||F|||50|
|inactive|Battle timer is ON: inactive players will automatically lose when time's up. (requested by OdeioPeugeot)
|inactive|FieryFIame has 60 seconds left.
|inactive|FieryFIame has 30 seconds left.
|inactive|FieryFIame has 20 seconds left.
|inactive|FieryFIame has 15 seconds left.
|
|t:|1785416053
|teamsize|p1|4
|teamsize|p2|4
|start
|switch|p1a: Maushold|Maushold-Four, L50|100/100
|switch|p1b: Gardevoir|Gardevoir, L50, F|100/100
|switch|p2a: Kingambit|Kingambit, L50, F|100/100
|switch|p2b: Whimsicott|Whimsicott, L50, F|100/100
|turn|1
|inactive|OdeioPeugeot has 30 seconds left.
|
|t:|1785416079
|switch|p2a: Delphox|Delphox, L50, F|100/100
|detailschange|p1b: Gardevoir|Gardevoir-Mega, L50, F
|-mega|p1b: Gardevoir|Gardevoir|Gardevoirite
|move|p1a: Maushold|Follow Me|p1a: Maushold
|-singleturn|p1a: Maushold|move: Follow Me
|move|p2b: Whimsicott|Light Screen|p2b: Whimsicott
|-sidestart|p2: FieryFIame|move: Light Screen
|move|p1b: Gardevoir|Hyper Voice|p2b: Whimsicott|[spread] p2a,p2b
|-resisted|p2a: Delphox|1
|-damage|p2a: Delphox|81/100
|-damage|p2b: Whimsicott|43/100
|
|upkeep
|turn|2
|
|t:|1785416103
|detailschange|p2a: Delphox|Delphox-Mega, L50, F
|-mega|p2a: Delphox|Delphox|Delphoxite
|move|p2b: Whimsicott|Tailwind|p2b: Whimsicott
|-sidestart|p2: FieryFIame|move: Tailwind
|move|p2a: Delphox|Substitute|p2a: Delphox
|-start|p2a: Delphox|Substitute
|-damage|p2a: Delphox|57/100
|move|p1a: Maushold|Super Fang|p2a: Delphox
|-end|p2a: Delphox|Substitute
|move|p1b: Gardevoir|Hyper Voice|p2b: Whimsicott|[spread] p2a,p2b
|-resisted|p2a: Delphox|1
|-damage|p2a: Delphox|42/100
|-damage|p2b: Whimsicott|0 fnt
|faint|p2b: Whimsicott
|
|upkeep
|
|t:|1785416112
|switch|p2b: Garchomp|Garchomp, L50, F|100/100
|turn|3
|
|t:|1785416126
|move|p2a: Delphox|Heat Wave|p1a: Maushold|[spread] p1a,p1b
|-damage|p1a: Maushold|51/100
|-damage|p1b: Gardevoir|73/100
|move|p2b: Garchomp|Earthquake|p1a: Maushold|[spread] p1a,p1b
|-immune|p2a: Delphox|[from] ability: Levitate
|-damage|p1a: Maushold|0 fnt
|-damage|p1b: Gardevoir|15/100
|faint|p1a: Maushold
|-damage|p2b: Garchomp|90/100|[from] item: Life Orb
|move|p1b: Gardevoir|Hyper Voice|p2a: Delphox|[spread] p2a,p2b
|-resisted|p2a: Delphox|1
|-supereffective|p2b: Garchomp|1
|-damage|p2a: Delphox|25/100
|-damage|p2b: Garchomp|7/100
|
|upkeep
|
|t:|1785416144
|switch|p1a: Talonflame|Talonflame, L50, M|100/100
|turn|4
|inactive|OdeioPeugeot has 30 seconds left.
|
|t:|1785416175
|switch|p1b: Basculegion|Basculegion, L50, M|100/100
|move|p1a: Talonflame|Protect|p1a: Talonflame
|-singleturn|p1a: Talonflame|Protect
|move|p2a: Delphox|Psychic|p1a: Talonflame
|-activate|p1a: Talonflame|move: Protect
|move|p2b: Garchomp|Rock Slide|p1a: Talonflame|[spread] p1b
|-activate|p1a: Talonflame|move: Protect
|-damage|p1b: Basculegion|73/100
|-damage|p2b: Garchomp|0 fnt|[from] item: Life Orb
|faint|p2b: Garchomp
|
|upkeep
|
|t:|1785416181
|switch|p2b: Kingambit|Kingambit, L50, F|100/100
|turn|5
|
|t:|1785416192
|move|p2a: Delphox|Protect|p2a: Delphox
|-singleturn|p2a: Delphox|Protect
|move|p1b: Basculegion|Aqua Jet|p2a: Delphox
|-activate|p2a: Delphox|move: Protect
|move|p1a: Talonflame|Tailwind|p1a: Talonflame
|-sidestart|p1: OdeioPeugeot|move: Tailwind
|move|p2b: Kingambit|Sucker Punch||[still]
|-fail|p2b: Kingambit
|
|-sideend|p2: FieryFIame|move: Light Screen
|-sideend|p2: FieryFIame|move: Tailwind
|upkeep
|turn|6
|-message|FieryFIame forfeited.
|
|win|OdeioPeugeot
|l|☆FieryFIame
|player|p2|
||OdeioPeugeot is ready for game 2.
||FieryFIame is ready for game 2.
|uhtml|next|Next: Game 2 of 3
