|j|☆Bulba_Ssauroo
|j|☆Gworf
|html|Bulba_SsaurooGworf    
|uhtml|bestof|Game 1 of a best-of-3
|t:|1757699519
|gametype|doubles
|player|p1|Bulba_Ssauroo|2|1057
|player|p2|Gworf|acetrainer-gen4dp|1067
|gen|9
|tier|[Gen 9] VGC 2025 Reg H (Bo3)
|rated|
|rule|Species Clause: Limit one of each Pokémon
|rule|Item Clause: Limit 1 of each item
|clearpoke
|poke|p1|Gholdengo, L50|
|poke|p1|Sneasler, L50, M|
|poke|p1|Rillaboom, L50, M|
|poke|p1|Dragonite, L50, F|
|poke|p1|Ninetales-Alola, L50, M|
|poke|p1|Arcanine-Hisui, L50, F|
|poke|p2|Ninetales, L50, M|
|poke|p2|Scizor, L50, M|
|poke|p2|Charizard, L50, F|
|poke|p2|Jumpluff, L50, F|
|poke|p2|Zoroark-Hisui, L50, M|
|poke|p2|Gastrodon, L50, F|
|teampreview|4
|showteam|p1|Gholdengo||GrassySeed|GoodasGold|NastyPlot,MakeItRain,ShadowBall,Protect||||||50|,,,,,Water]Sneasler||WhiteHerb|Unburden|CloseCombat,DireClaw,Coaching,Protect|||M|||50|,,,,,Ghost]Rillaboom||AssaultVest|GrassySurge|FakeOut,GrassyGlide,DrumBeating,HighHorsepower|||M|||50|,,,,,Fire]Dragonite||LoadedDice|Multiscale|ScaleShot,StompingTantrum,Tailwind,Protect|||F|||50|,,,,,Ground]Ninetales-Alola||FocusSash|SnowWarning|Blizzard,IcyWind,Encore,AuroraVeil|||M|||50|,,,,,Ghost]Arcanine-Hisui||ClearAmulet|Intimidate|RockSlide,FlareBlitz,ExtremeSpeed,Protect|||F|||50|,,,,,Water
|showteam|p2|Ninetales||LifeOrb|Drought|HeatWave,CalmMind,WillOWisp,Protect|||M|||50|,,,,,Grass]Scizor||ChoiceBand|Technician|BulletPunch,CloseCombat,Uturn,BugBite|||M|||50|,,,,,Steel]Charizard||ChoiceSpecs|SolarPower|HeatWave,FireBlast,ScorchingSands,Hurricane|||F|||50|,,,,,Ghost]Jumpluff||MentalHerb|Chlorophyll|Tailwind,RagePowder,SleepPowder,LeafStorm|||F|||50|,,,,,Ghost]Zoroark-Hisui||FocusSash|Illusion|BitterMalice,HyperVoice,NastyPlot,Protect|||M|||50|,,,,,Normal]Gastrodon||AssaultVest|StormDrain|EarthPower,WeatherBall,IcyWind,MuddyWater|||F|||50|,,,,,Fire
|inactive|Battle timer is ON: inactive players will automatically lose when time's up. (requested by Gworf)
|inactive|Bulba_Ssauroo has 60 seconds left.
|inactive|Gworf has 60 seconds left.
|
|t:|1757699579
|teamsize|p1|4
|teamsize|p2|4
|start
|switch|p1a: Arcanine|Arcanine-Hisui, L50, F|100/100
|switch|p1b: Rillaboom|Rillaboom, L50, M|100/100
|switch|p2a: Gastrodon|Gastrodon, L50, F|100/100
|switch|p2b: Scizor|Scizor, L50, M|100/100
|-ability|p1a: Arcanine|Intimidate|boost
|-unboost|p2a: Gastrodon|atk|1
|-unboost|p2b: Scizor|atk|1
|-fieldstart|move: Grassy Terrain|[from] ability: Grassy Surge|[of] p1b: Rillaboom
|turn|1
|inactive|Gworf has 30 seconds left.
|inactive|Gworf has 20 seconds left.
|inactive|Gworf has 15 seconds left.
|inactive|Gworf has 10 seconds left.
|inactive|Gworf has 5 seconds left.
|
|t:|1757699630
|switch|p2a: Scizor|Scizor, L50, M|100/100
|move|p2b: Scizor|Bitter Malice|p1a: Arcanine
|-damage|p1a: Arcanine|55/100
|move|p1a: Arcanine|Flare Blitz|p2b: Scizor
|-enditem|p2b: Scizor|Focus Sash
|-damage|p2b: Scizor|1/100
|replace|p2b: Zoroark|Zoroark-Hisui, L50, M
|-end|p2b: Zoroark|Illusion
|-damage|p1a: Arcanine|30/100|[from] Recoil
|move|p1b: Rillaboom|Drum Beating|p2a: Scizor
|-resisted|p2a: Scizor
|-damage|p2a: Scizor|89/100
|-unboost|p2a: Scizor|spe|1
|
|-heal|p2b: Zoroark|7/100|[from] Grassy Terrain
|-heal|p1a: Arcanine|36/100|[from] Grassy Terrain
|-heal|p2a: Scizor|95/100|[from] Grassy Terrain
|upkeep
|turn|2
|inactive|Bulba_Ssauroo has 30 seconds left.
|inactive|Gworf has 30 seconds left.
|
|t:|1757699665
|-terastallize|p2a: Scizor|Steel
|move|p1a: Arcanine|Extreme Speed|p2b: Zoroark
|-immune|p2b: Zoroark
|move|p2a: Scizor|Bullet Punch|p1a: Arcanine
|-damage|p1a: Arcanine|0 fnt
|faint|p1a: Arcanine
|move|p2b: Zoroark|Hyper Voice|p1b: Rillaboom
|-damage|p1b: Rillaboom|65/100
|move|p1b: Rillaboom|High Horsepower|p2a: Scizor
|-supereffective|p2a: Scizor
|-damage|p2a: Scizor|37/100
|
|-heal|p2b: Zoroark|13/100|[from] Grassy Terrain
|-heal|p1b: Rillaboom|71/100|[from] Grassy Terrain
|-heal|p2a: Scizor|43/100|[from] Grassy Terrain
|upkeep
|
|t:|1757699681
|switch|p1a: Sneasler|Sneasler, L50, M|100/100
|turn|3
|inactive|Gworf has 30 seconds left.
|inactive|Gworf has 20 seconds left.
|inactive|Gworf has 15 seconds left.
|
|t:|1757699721
|move|p1b: Rillaboom|Grassy Glide|p2b: Zoroark
|-crit|p2b: Zoroark
|-damage|p2b: Zoroark|0 fnt
|faint|p2b: Zoroark
|move|p2a: Scizor|Bullet Punch|p1b: Rillaboom
|-damage|p1b: Rillaboom|6/100
|move|p1a: Sneasler|Close Combat|p2a: Scizor
|-supereffective|p2a: Scizor
|-damage|p2a: Scizor|0 fnt
|-unboost|p1a: Sneasler|def|1
|-unboost|p1a: Sneasler|spd|1
|faint|p2a: Scizor
|-enditem|p1a: Sneasler|White Herb
|-clearnegativeboost|p1a: Sneasler|[silent]
|
|-heal|p1b: Rillaboom|12/100|[from] Grassy Terrain
|upkeep
|
|t:|1757699725
|switch|p2b: Ninetales|Ninetales, L50, M, shiny|100/100
|switch|p2a: Gastrodon|Gastrodon, L50, F|100/100
|-weather|SunnyDay|[from] ability: Drought|[of] p2b: Ninetales
|turn|4
|inactive|Bulba_Ssauroo has 30 seconds left.
|
|t:|1757699757
|move|p1b: Rillaboom|Grassy Glide|p2a: Gastrodon
|-supereffective|p2a: Gastrodon
|-damage|p2a: Gastrodon|0 fnt
|faint|p2a: Gastrodon
|move|p1a: Sneasler|Dire Claw|p2b: Ninetales
|-damage|p2b: Ninetales|47/100
|-status|p2b: Ninetales|par
|move|p2b: Ninetales|Heat Wave|p1b: Rillaboom|[spread] p1a
|-miss|p2b: Ninetales|p1b: Rillaboom
|-damage|p1a: Sneasler|47/100
|-damage|p2b: Ninetales|38/100 par|[from] item: Life Orb
|
|-weather|SunnyDay|[upkeep]
|-heal|p1a: Sneasler|54/100|[from] Grassy Terrain
|-heal|p1b: Rillaboom|18/100|[from] Grassy Terrain
|-heal|p2b: Ninetales|44/100 par|[from] Grassy Terrain
|upkeep
|turn|5
|-message|Gworf forfeited.
|
|win|Bulba_Ssauroo
|l|☆Gworf
|player|p2|
|j|☆Gworf
|player|p2|Gworf|acetrainer-gen4dp|
||Gworf is ready for game 2.
|inactive|Bulba_Ssauroo has 30 seconds to confirm battle start!
||Bulba_Ssauroo is ready for game 2.
|uhtml|next|Next: Game 2 of 3
