|j|☆ShackWoods
|j|☆zach_lucius
|html|ShackWoodszach_lucius    
|uhtml|bestof|Game 2 of a best-of-3
|t:|1756322881
|gametype|doubles
|player|p1|ShackWoods|korrina|1181
|player|p2|zach_lucius|briar|1246
|gen|9
|tier|[Gen 9] VGC 2025 Reg H (Bo3)
|rated|
|rule|Species Clause: Limit one of each Pokémon
|rule|Item Clause: Limit 1 of each item
|clearpoke
|poke|p1|Lilligant-Hisui, L50, F|
|poke|p1|Armarouge, L50, F|
|poke|p1|Indeedee-F, L50, F|
|poke|p1|Torkoal, L50, F|
|poke|p1|Ursaluna, L50, F|
|poke|p1|Hatterene, L50, F|
|poke|p2|Indeedee-F, L50, F|
|poke|p2|Sneasler, L50, F|
|poke|p2|Armarouge, L50, F|
|poke|p2|Torkoal, L50, F|
|poke|p2|Lilligant-Hisui, L50, F|
|poke|p2|Gallade, L50, M|
|teampreview|4
|showteam|p1|Lilligant-Hisui||FocusSash|Chlorophyll|SolarBlade,CloseCombat,TripleAxel,AfterYou|||F|||50|,,,,,Ghost]Armarouge||PsychicSeed|FlashFire|ExpandingForce,ArmorCannon,WideGuard,TrickRoom|||F|||50|,,,,,Grass]Indeedee-F||RockyHelmet|PsychicSurge|AlluringVoice,HelpingHand,FollowMe,TrickRoom|||F|||50|,,,,,Grass]Torkoal||Charcoal|Drought|Eruption,WeatherBall,ClearSmog,Protect|||F|||50|,,,,,Fire]Ursaluna||FlameOrb|Guts|Facade,HeadlongRush,Substitute,Protect|||F|||50|,,,,,Ghost]Hatterene||LifeOrb|MagicBounce|ExpandingForce,DazzlingGleam,MysticalFire,TrickRoom|||F|||50|,,,,,Fire
|showteam|p2|Indeedee-F||SafetyGoggles|PsychicSurge|Psychic,HelpingHand,FollowMe,TrickRoom|||F|||50|,,,,,Fairy]Sneasler||PsychicSeed|Unburden|DireClaw,CloseCombat,ThroatChop,Protect|||F|||50|,,,,,Dark]Armarouge||LifeOrb|FlashFire|ExpandingForce,ArmorCannon,TrickRoom,Protect|||F|||50|,,,,,Grass]Torkoal||Charcoal|Drought|Eruption,WeatherBall,ClearSmog,Protect|||F|||50|,,,,,Fire]Lilligant-Hisui||FocusSash|Chlorophyll|CloseCombat,SolarBlade,IceSpinner,AfterYou|||F|||50|,,,,,Ghost]Gallade||ClearAmulet|Sharpness|SacredSword,PsychoCut,WideGuard,TrickRoom|||M|||50|,,,,,Steel
|c|☆ShackWoods|gl hf
|
|t:|1756322911
|teamsize|p1|4
|teamsize|p2|4
|start
|switch|p1a: Lilligant|Lilligant-Hisui, L50, F|100/100
|switch|p1b: Torkoal|Torkoal, L50, F|100/100
|switch|p2a: Gallade|Gallade, L50, M|100/100
|switch|p2b: Armarouge|Armarouge, L50, F|100/100
|-weather|SunnyDay|[from] ability: Drought|[of] p1b: Torkoal
|turn|1
|
|t:|1756322942
|switch|p2a: Indeedee|Indeedee-F, L50, F|100/100
|-fieldstart|move: Psychic Terrain|[from] ability: Psychic Surge|[of] p2a: Indeedee
|move|p1a: Lilligant|After You|p1b: Torkoal
|-activate|p1b: Torkoal|move: After You
|move|p1b: Torkoal|Weather Ball|p2a: Indeedee
|-damage|p2a: Indeedee|24/100
|move|p2b: Armarouge|Expanding Force|p1a: Lilligant|[spread] p1a,p1b
|-supereffective|p1a: Lilligant
|-enditem|p1a: Lilligant|Focus Sash
|-damage|p1a: Lilligant|1/100
|-damage|p1b: Torkoal|0 fnt
|faint|p1b: Torkoal
|-damage|p2b: Armarouge|91/100|[from] item: Life Orb
|
|-weather|SunnyDay|[upkeep]
|upkeep
|
|t:|1756322956
|switch|p1b: Armarouge|Armarouge, L50, F|100/100
|-enditem|p1b: Armarouge|Psychic Seed
|-boost|p1b: Armarouge|spd|1|[from] item: Psychic Seed
|turn|2
|
|t:|1756322966
|move|p2a: Indeedee|Follow Me|p2a: Indeedee
|-singleturn|p2a: Indeedee|move: Follow Me
|move|p1a: Lilligant|Solar Blade||[still]
|-prepare|p1a: Lilligant|Solar Blade
|-anim|p1a: Lilligant|Solar Blade|p2a: Indeedee
|-damage|p2a: Indeedee|0 fnt
|faint|p2a: Indeedee
|move|p2b: Armarouge|Expanding Force|p1b: Armarouge|[spread] p1a,p1b
|-supereffective|p1a: Lilligant
|-resisted|p1b: Armarouge
|-damage|p1a: Lilligant|0 fnt
|-damage|p1b: Armarouge|68/100
|faint|p1a: Lilligant
|-damage|p2b: Armarouge|81/100|[from] item: Life Orb
|move|p1b: Armarouge|Trick Room|p1b: Armarouge
|-fieldstart|move: Trick Room|[of] p1b: Armarouge
|
|-weather|SunnyDay|[upkeep]
|upkeep
|
|t:|1756322979
|switch|p2a: Gallade|Gallade, L50, M|100/100
|switch|p1a: Ursaluna|Ursaluna, L50, F|100/100
|turn|3
|
|t:|1756323004
|-terastallize|p2b: Armarouge|Grass
|move|p2a: Gallade|Wide Guard|p2a: Gallade
|-singleturn|p2a: Gallade|Wide Guard
|move|p1a: Ursaluna|Substitute|p1a: Ursaluna
|-start|p1a: Ursaluna|Substitute
|-damage|p1a: Ursaluna|76/100
|move|p1b: Armarouge|Trick Room|p1b: Armarouge
|-fieldend|move: Trick Room
|move|p2b: Armarouge|Trick Room|p2b: Armarouge
|-fieldstart|move: Trick Room|[of] p2b: Armarouge
|
|-weather|SunnyDay|[upkeep]
|-status|p1a: Ursaluna|brn|[from] item: Flame Orb
|upkeep
|turn|4
|
|t:|1756323026
|move|p2b: Armarouge|Protect|p2b: Armarouge
|-singleturn|p2b: Armarouge|Protect
|move|p1a: Ursaluna|Facade|p2b: Armarouge
|-activate|p2b: Armarouge|move: Protect
|move|p1b: Armarouge|Armor Cannon|p2a: Gallade
|-damage|p2a: Gallade|3/100
|-unboost|p1b: Armarouge|def|1
|-unboost|p1b: Armarouge|spd|1
|move|p2a: Gallade|Trick Room|p2a: Gallade
|-fieldend|move: Trick Room
|
|-weather|SunnyDay|[upkeep]
|-damage|p1a: Ursaluna|70/100 brn|[from] brn
|upkeep
|turn|5
|
|t:|1756323046
|move|p2a: Gallade|Psycho Cut|p1b: Armarouge
|-resisted|p1b: Armarouge
|-damage|p1b: Armarouge|17/100
|move|p2b: Armarouge|Expanding Force|p1b: Armarouge|[spread] p1a,p1b
|-end|p1a: Ursaluna|Substitute
|-resisted|p1b: Armarouge
|-damage|p1b: Armarouge|0 fnt
|faint|p1b: Armarouge
|-damage|p2b: Armarouge|72/100|[from] item: Life Orb
|move|p1a: Ursaluna|Facade|p2b: Armarouge
|-damage|p2b: Armarouge|0 fnt
|faint|p2b: Armarouge
|
|-weather|none
|-damage|p1a: Ursaluna|64/100 brn|[from] brn
|-fieldend|move: Psychic Terrain
|upkeep
|
|t:|1756323051
|switch|p2b: Sneasler|Sneasler, L50, F|100/100
|turn|6
|
|t:|1756323071
|move|p1a: Ursaluna|Protect|p1a: Ursaluna
|-singleturn|p1a: Ursaluna|Protect
|move|p2b: Sneasler|Throat Chop|p1a: Ursaluna
|-activate|p1a: Ursaluna|move: Protect
|move|p2a: Gallade|Psycho Cut|p1a: Ursaluna
|-activate|p1a: Ursaluna|move: Protect
|
|-damage|p1a: Ursaluna|58/100 brn|[from] brn
|upkeep
|turn|7
|
|t:|1756323089
|move|p2b: Sneasler|Throat Chop|p1a: Ursaluna
|-damage|p1a: Ursaluna|37/100 brn
|-start|p1a: Ursaluna|Throat Chop|[silent]
|move|p2a: Gallade|Psycho Cut|p1a: Ursaluna
|-damage|p1a: Ursaluna|0 fnt
|faint|p1a: Ursaluna
|
|win|zach_lucius
|raw|ShackWoods's rating: 1181 → 1161(-20 for losing)
|raw|zach_lucius's rating: 1246 → 1266(+20 for winning)
|c|☆ShackWoods|gg
|c|☆zach_lucius|gg
|l|☆zach_lucius
|player|p2|
