|j|☆DrXJ13
|j|☆kerzz49
|html|DrXJ13kerzz49    
|uhtml|bestof|Game 2 of a best-of-3
|t:|1783241960
|gametype|doubles
|player|p1|DrXJ13|cyrus|1313
|player|p2|kerzz49|cilan|1269
|gen|9
|tier|[Gen 9 Champions] VGC 2026 Reg M-B (Bo3)
|rated|
|rule|Species Clause: Limit one of each Pokémon
|rule|Item Clause: Limit 1 of each item
|clearpoke
|poke|p1|Froslass, L50, F|
|poke|p1|Sneasler, L50, M|
|poke|p1|Kingambit, L50, F|
|poke|p1|Scovillain, L50, F|
|poke|p1|Basculegion, L50, M|
|poke|p1|Lycanroc-Dusk, L50, M|
|poke|p2|Beedrill, L50, F|
|poke|p2|Archaludon, L50, M|
|poke|p2|Swampert, L50, F|
|poke|p2|Pelipper, L50, F|
|poke|p2|Farigiraf, L50, F|
|poke|p2|Incineroar, L50, M|
|teampreview|4
|showteam|p1|Froslass||Froslassite|CursedBody|Blizzard,ShadowBall,AuroraVeil,Protect|Modest||F|||50|]Sneasler||WhiteHerb|Unburden|FakeOut,CloseCombat,DireClaw,Protect|Jolly||M|||50|]Kingambit||BlackGlasses|Defiant|SwordsDance,SuckerPunch,Protect,KowtowCleave|Adamant||F|||50|]Scovillain||Scovillainite|Moody|Overheat,GigaDrain,RagePowder,Protect|Bold||F|||50|]Basculegion||ChoiceScarf|Adaptability|AquaJet,FlipTurn,WaveCrash,LastRespects|Jolly||M|||50|]Lycanroc-Dusk||FocusSash|ToughClaws|Accelerock,CloseCombat,RockSlide,Protect|Adamant||M|||50|
|showteam|p2|Beedrill||Beedrillite|Swarm|Uturn,PoisonJab,DrillRun,Protect|Adamant||F|||50|]Archaludon||Leftovers|Stamina|ElectroShot,FlashCannon,DragonPulse,Protect|Modest||M|||50|]Swampert||Swampertite|Torrent|WaveCrash,RockSlide,HighHorsepower,Protect|Adamant||F|||50|]Pelipper||LifeOrb|Drizzle|WeatherBall,Hurricane,WideGuard,Tailwind|Modest||F|||50|]Farigiraf||SitrusBerry|ArmorTail|HelpingHand,TrickRoom,Psychic,RainDance|Bold||F|||50|]Incineroar||PasshoBerry|Intimidate|FakeOut,ThroatChop,FlareBlitz,PartingShot|Adamant||M|||50|
|inactive|Battle timer is ON: inactive players will automatically lose when time's up. (requested by DrXJ13)
|
|t:|1783241990
|teamsize|p1|4
|teamsize|p2|4
|start
|switch|p1a: Kingambit|Kingambit, L50, F|100/100
|switch|p1b: Scovillain|Scovillain, L50, F|100/100
|switch|p2a: Incineroar|Incineroar, L50, M|100/100
|switch|p2b: Swampert|Swampert, L50, F|100/100
|-ability|p2a: Incineroar|Intimidate|boost
|-unboost|p1a: Kingambit|atk|1
|-ability|p1a: Kingambit|Defiant|boost
|-boost|p1a: Kingambit|atk|2
|-unboost|p1b: Scovillain|atk|1
|turn|1
|
|t:|1783242003
|detailschange|p2b: Swampert|Swampert-Mega, L50, F
|-mega|p2b: Swampert|Swampert|Swampertite
|detailschange|p1b: Scovillain|Scovillain-Mega, L50, F
|-mega|p1b: Scovillain|Scovillain|Scovillainite
|move|p1a: Kingambit|Protect|p1a: Kingambit
|-singleturn|p1a: Kingambit|Protect
|move|p2a: Incineroar|Fake Out|p1b: Scovillain
|-damage|p1b: Scovillain|87/100
|-immune|p2a: Incineroar
|move|p2b: Swampert|High Horsepower|p1a: Kingambit
|-activate|p1a: Kingambit|move: Protect
|cant|p1b: Scovillain|flinch
|
|upkeep
|turn|2
|
|t:|1783242023
|switch|p2b: Archaludon|Archaludon, L50, M|100/100
|move|p1b: Scovillain|Rage Powder|p1b: Scovillain
|-singleturn|p1b: Scovillain|move: Rage Powder
|move|p2a: Incineroar|Flare Blitz|p1b: Scovillain
|-damage|p1b: Scovillain|34/100
|-immune|p2a: Incineroar
|-damage|p2a: Incineroar|85/100|[from] Recoil
|move|p1a: Kingambit|Kowtow Cleave|p2b: Archaludon
|-damage|p2b: Archaludon|41/100
|-ability|p2b: Archaludon|Stamina|boost
|-boost|p2b: Archaludon|def|1
|
|-heal|p2b: Archaludon|47/100|[from] item: Leftovers
|upkeep
|turn|3
|
|t:|1783242044
|move|p2b: Archaludon|Protect|p2b: Archaludon
|-singleturn|p2b: Archaludon|Protect
|move|p1b: Scovillain|Protect|p1b: Scovillain
|-singleturn|p1b: Scovillain|Protect
|move|p1a: Kingambit|Protect|p1a: Kingambit
|-singleturn|p1a: Kingambit|Protect
|move|p2a: Incineroar|Flare Blitz|p1a: Kingambit
|-activate|p1a: Kingambit|move: Protect
|
|-heal|p2b: Archaludon|53/100|[from] item: Leftovers
|upkeep
|turn|4
|
|t:|1783242065
|switch|p2a: Pelipper|Pelipper, L50, F|100/100
|-weather|RainDance|[from] ability: Drizzle|[of] p2a: Pelipper
|move|p1b: Scovillain|Rage Powder|p1b: Scovillain
|-singleturn|p1b: Scovillain|move: Rage Powder
|move|p2b: Archaludon|Electro Shot||[still]
|-prepare|p2b: Archaludon|Electro Shot
|-boost|p2b: Archaludon|spa|1
|-anim|p2b: Archaludon|Electro Shot|p1b: Scovillain
|-resisted|p1b: Scovillain|1
|-damage|p1b: Scovillain|5/100
|-status|p2b: Archaludon|brn|[from] ability: Spicy Spray|[of] p1b: Scovillain
|move|p1a: Kingambit|Swords Dance|p1a: Kingambit
|-boost|p1a: Kingambit|atk|2
|
|-weather|RainDance|[upkeep]
|-heal|p2b: Archaludon|59/100 brn|[from] item: Leftovers
|-damage|p2b: Archaludon|53/100 brn|[from] brn
|upkeep
|turn|5
|inactive|DrXJ13 has 30 seconds left.
|
|t:|1783242098
|move|p1b: Scovillain|Rage Powder|p1b: Scovillain
|-singleturn|p1b: Scovillain|move: Rage Powder
|move|p2b: Archaludon|Electro Shot||[still]
|-prepare|p2b: Archaludon|Electro Shot
|-boost|p2b: Archaludon|spa|1
|-anim|p2b: Archaludon|Electro Shot|p1b: Scovillain
|-resisted|p1b: Scovillain|1
|-damage|p1b: Scovillain|0 fnt
|faint|p1b: Scovillain
|move|p2a: Pelipper|Weather Ball|p1a: Kingambit
|-damage|p1a: Kingambit|9/100
|-damage|p2a: Pelipper|90/100|[from] item: Life Orb
|move|p1a: Kingambit|Kowtow Cleave|p2a: Pelipper
|-damage|p2a: Pelipper|0 fnt
|faint|p2a: Pelipper
|
|-weather|RainDance|[upkeep]
|-heal|p2b: Archaludon|59/100 brn|[from] item: Leftovers
|-damage|p2b: Archaludon|53/100 brn|[from] brn
|upkeep
|
|t:|1783242122
|switch|p1b: Sneasler|Sneasler, L50, M|100/100
|switch|p2a: Swampert|Swampert-Mega, L50, F|100/100
|turn|6
|
|t:|1783242145
|move|p1a: Kingambit|Sucker Punch|p2a: Swampert
|-crit|p2a: Swampert
|-damage|p2a: Swampert|0 fnt
|faint|p2a: Swampert
|move|p1b: Sneasler|Close Combat|p2b: Archaludon
|-supereffective|p2b: Archaludon|1
|-damage|p2b: Archaludon|2/100 brn
|-unboost|p1b: Sneasler|def|1
|-unboost|p1b: Sneasler|spd|1
|-ability|p2b: Archaludon|Stamina|boost
|-boost|p2b: Archaludon|def|1
|-enditem|p1b: Sneasler|White Herb
|-clearnegativeboost|p1b: Sneasler|[silent]
|move|p2b: Archaludon|Electro Shot||[still]
|-prepare|p2b: Archaludon|Electro Shot
|-boost|p2b: Archaludon|spa|1
|-anim|p2b: Archaludon|Electro Shot|p1a: Kingambit
|-crit|p1a: Kingambit
|-damage|p1a: Kingambit|0 fnt
|faint|p1a: Kingambit
|
|-weather|RainDance|[upkeep]
|-heal|p2b: Archaludon|8/100 brn|[from] item: Leftovers
|-damage|p2b: Archaludon|2/100 brn|[from] brn
|upkeep
|-message|kerzz49 forfeited.
|
|win|DrXJ13
