|j|☆zhipiyy
|j|☆rolandruina
|html|zhipiyyrolandruina    
|uhtml|bestof|Game 2 of a best-of-3
|t:|1782493784
|gametype|doubles
|player|p1|zhipiyy|n|1168
|player|p2|rolandruina|169|1141
|gen|9
|tier|[Gen 9 Champions] VGC 2026 Reg M-B (Bo3)
|rated|
|rule|Species Clause: Limit one of each Pokémon
|rule|Item Clause: Limit 1 of each item
|clearpoke
|poke|p1|Whimsicott, L50, F|
|poke|p1|Froslass, L50, F|
|poke|p1|Sneasler, L50, M|
|poke|p1|Lycanroc-Dusk, L50, M|
|poke|p1|Kingambit, L50, F|
|poke|p1|Rotom-Wash, L50|
|poke|p2|Swampert, L50, M|
|poke|p2|Metagross, L50|
|poke|p2|Archaludon, L50, M|
|poke|p2|Grimmsnarl, L50, M|
|poke|p2|Pelipper, L50, F|
|poke|p2|Sinistcha, L50|
|teampreview|4
|showteam|p1|Whimsicott||OccaBerry|Prankster|Tailwind,Protect,Moonblast,Encore|Timid||F|||50|]Froslass||Froslassite|CursedBody|AuroraVeil,Blizzard,ShadowBall,Protect|Timid||F|||50|]Sneasler||WhiteHerb|Unburden|CloseCombat,DireClaw,Protect,FakeOut|Adamant||M|||50|]Lycanroc-Dusk||FocusSash|ToughClaws|Protect,Accelerock,RockSlide,CloseCombat|Jolly||M|||50|]Kingambit||LifeOrb|Defiant|Protect,KowtowCleave,SuckerPunch,IronHead|Adamant||F|||50|]Rotom-Wash||SitrusBerry|Levitate|HydroPump,Thunderbolt,WillOWisp,Protect|Calm|||||50|
|showteam|p2|Swampert||Swampertite|Damp|WaveCrash,HighHorsepower,IcePunch,Protect|Adamant||M|||50|]Metagross||Metagrossite|ClearBody|IronHead,PsychicFangs,BodyPress,Protect|Jolly|||||50|]Archaludon||Leftovers|Stamina|DragonPulse,FlashCannon,ElectroShot,Protect|Calm||M|||50|]Grimmsnarl||LightClay|Prankster|FoulPlay,PartingShot,LightScreen,Reflect|Calm||M|||50|]Pelipper||FocusSash|Drizzle|Hurricane,WeatherBall,Tailwind,Protect|Modest||F|||50|]Sinistcha||KasibBerry|Hospitality|MatchaGotcha,RagePowder,LifeDew,TrickRoom|Bold|||||50|
|inactive|Battle timer is ON: inactive players will automatically lose when time's up. (requested by rolandruina)
|inactive|zhipiyy has 60 seconds left.
|
|t:|1782493829
|teamsize|p1|4
|teamsize|p2|4
|start
|switch|p1a: Whimsicott|Whimsicott, L50, F|100/100
|switch|p1b: Rotom|Rotom-Wash, L50|100/100
|switch|p2a: Grimmsnarl|Grimmsnarl, L50, M|100/100
|switch|p2b: Metagross|Metagross, L50|100/100
|turn|1
|inactive|zhipiyy has 30 seconds left.
|inactive|zhipiyy has 20 seconds left.
|inactive|zhipiyy has 15 seconds left.
|
|t:|1782493874
|detailschange|p2b: Metagross|Metagross-Mega, L50
|-mega|p2b: Metagross|Metagross|Metagrossite
|move|p2a: Grimmsnarl|Light Screen|p2a: Grimmsnarl
|-sidestart|p2: rolandruina|move: Light Screen
|move|p1a: Whimsicott|Moonblast|p2a: Grimmsnarl
|-supereffective|p2a: Grimmsnarl|1
|-damage|p2a: Grimmsnarl|63/100
|move|p2b: Metagross|Iron Head|p1a: Whimsicott
|-supereffective|p1a: Whimsicott|1
|-damage|p1a: Whimsicott|0 fnt
|faint|p1a: Whimsicott
|move|p1b: Rotom|Will-O-Wisp|p2b: Metagross
|-status|p2b: Metagross|brn
|
|-damage|p2b: Metagross|94/100 brn|[from] brn
|upkeep
|inactive|zhipiyy has 30 seconds left.
|inactive|zhipiyy has 20 seconds left.
|inactive|zhipiyy has 15 seconds left.
|inactive|zhipiyy has 10 seconds left.
|
|t:|1782493922
|switch|p1a: Froslass|Froslass, L50, F|100/100
|turn|2
|
|t:|1782493945
|move|p1a: Froslass|Protect|p1a: Froslass
|-singleturn|p1a: Froslass|Protect
|move|p2a: Grimmsnarl|Parting Shot|p1a: Froslass
|-activate|p1a: Froslass|move: Protect
|move|p2b: Metagross|Psychic Fangs|p1b: Rotom
|-crit|p1b: Rotom
|-damage|p1b: Rotom|52/100
|move|p1b: Rotom|Hydro Pump|p2b: Metagross
|-damage|p2b: Metagross|65/100 brn
|
|-damage|p2b: Metagross|59/100 brn|[from] brn
|upkeep
|turn|3
|inactive|zhipiyy has 30 seconds left.
|inactive|rolandruina has 30 seconds left.
|
|t:|1782493972
|switch|p1a: Sneasler|Sneasler, L50, M|100/100
|move|p2a: Grimmsnarl|Parting Shot|p1a: Sneasler
|-unboost|p1a: Sneasler|atk|1
|-unboost|p1a: Sneasler|spa|1
|
|t:|1782493979
|switch|p2a: Archaludon|Archaludon, L50, M|100/100|[from] Parting Shot
|-enditem|p1a: Sneasler|White Herb
|-clearnegativeboost|p1a: Sneasler|[silent]
|move|p2b: Metagross|Psychic Fangs|p1a: Sneasler
|-supereffective|p1a: Sneasler|2
|-damage|p1a: Sneasler|0 fnt
|faint|p1a: Sneasler
|move|p1b: Rotom|Thunderbolt|p2a: Archaludon
|-resisted|p2a: Archaludon|1
|-damage|p2a: Archaludon|90/100
|-status|p2a: Archaludon|par
|-ability|p2a: Archaludon|Stamina|boost
|-boost|p2a: Archaludon|def|1
|
|-heal|p2a: Archaludon|96/100 par|[from] item: Leftovers
|-damage|p2b: Metagross|54/100 brn|[from] brn
|upkeep
|
|t:|1782493988
|switch|p1a: Froslass|Froslass, L50, F|100/100
|turn|4
|
|t:|1782494007
|detailschange|p1a: Froslass|Froslass-Mega, L50, F
|-mega|p1a: Froslass|Froslass|Froslassite
|-weather|Snowscape|[from] ability: Snow Warning|[of] p1a: Froslass
|move|p1a: Froslass|Protect|p1a: Froslass
|-singleturn|p1a: Froslass|Protect
|move|p2b: Metagross|Protect|p2b: Metagross
|-singleturn|p2b: Metagross|Protect
|move|p1b: Rotom|Hydro Pump|p2b: Metagross
|-activate|p2b: Metagross|move: Protect
|cant|p2a: Archaludon|par
|
|-weather|Snowscape|[upkeep]
|-heal|p2a: Archaludon|100/100 par|[from] item: Leftovers
|-damage|p2b: Metagross|48/100 brn|[from] brn
|upkeep
|turn|5
|
|t:|1782494025
|switch|p2b: Pelipper|Pelipper, L50, F|100/100
|-weather|RainDance|[from] ability: Drizzle|[of] p2b: Pelipper
|move|p1b: Rotom|Protect|p1b: Rotom
|-singleturn|p1b: Rotom|Protect
|move|p1a: Froslass|Shadow Ball|p2b: Pelipper
|-crit|p2b: Pelipper
|-enditem|p2b: Pelipper|Focus Sash
|-damage|p2b: Pelipper|1/100
|move|p2a: Archaludon|Electro Shot||[still]
|-prepare|p2a: Archaludon|Electro Shot
|-boost|p2a: Archaludon|spa|1
|-anim|p2a: Archaludon|Electro Shot|p1b: Rotom
|-activate|p1b: Rotom|move: Protect
|
|-weather|RainDance|[upkeep]
|upkeep
|turn|6
|
|t:|1782494048
|move|p1a: Froslass|Blizzard|p2b: Pelipper|[spread] p2a
|-miss|p1a: Froslass|p2b: Pelipper
|-damage|p2a: Archaludon|70/100 par
|-ability|p2a: Archaludon|Stamina|boost
|-boost|p2a: Archaludon|def|1
|move|p2b: Pelipper|Tailwind|p2b: Pelipper
|-sidestart|p2: rolandruina|move: Tailwind
|move|p2a: Archaludon|Electro Shot||[still]
|-prepare|p2a: Archaludon|Electro Shot
|-boost|p2a: Archaludon|spa|1
|-anim|p2a: Archaludon|Electro Shot|p1b: Rotom
|-damage|p1b: Rotom|0 fnt
|faint|p1b: Rotom
|
|-weather|RainDance|[upkeep]
|-heal|p2a: Archaludon|76/100 par|[from] item: Leftovers
|upkeep
|turn|7
|
|t:|1782494060
|move|p2b: Pelipper|Weather Ball|p1a: Froslass
|-damage|p1a: Froslass|14/100
|move|p1a: Froslass|Blizzard|p2a: Archaludon|[spread] p2a,p2b
|-damage|p2a: Archaludon|50/100g par
|-damage|p2b: Pelipper|0 fnt
|-ability|p2a: Archaludon|Stamina|boost
|-boost|p2a: Archaludon|def|1
|faint|p2b: Pelipper
|move|p2a: Archaludon|Flash Cannon|p1a: Froslass
|-supereffective|p1a: Froslass|1
|-damage|p1a: Froslass|0 fnt
|faint|p1a: Froslass
|
|win|rolandruina
||rolandruina is ready for game 3.
||zhipiyy is ready for game 3.
|uhtml|next|Next: Game 3 of 3
|l|☆zhipiyy
|player|p1|
