|j|☆Il Mule
|j|☆Kravell
|html|Il MuleKravell    
|uhtml|bestof|Game 1 of a best-of-3
|t:|1783069456
|gametype|doubles
|player|p1|Il Mule|salvatore|1378
|player|p2|Kravell|backersf|1359
|gen|9
|tier|[Gen 9 Champions] VGC 2026 Reg M-B (Bo3)
|rated|
|rule|Species Clause: Limit one of each Pokémon
|rule|Item Clause: Limit 1 of each item
|clearpoke
|poke|p1|Excadrill, L50, F|
|poke|p1|Tyranitar, L50, F|
|poke|p1|Sneasler, L50, F|
|poke|p1|Incineroar, L50, F|
|poke|p1|Froslass, L50, F|
|poke|p1|Sinistcha, L50|
|poke|p2|Blastoise, L50, M|
|poke|p2|Sinistcha, L50|
|poke|p2|Incineroar, L50, M|
|poke|p2|Sneasler, L50, F|
|poke|p2|Delphox, L50, F|
|poke|p2|Kingambit, L50, F|
|teampreview|4
|showteam|p1|Excadrill||FocusSash|SandRush|HighHorsepower,RockSlide,IronHead,Protect|Adamant||F|||50|]Tyranitar||Tyranitarite|SandStream|KnockOff,RockSlide,DragonDance,Protect|Adamant||F|||50|]Sneasler||WhiteHerb|Unburden|CloseCombat,DireClaw,Coaching,FakeOut|Jolly||F|||50|]Incineroar||SitrusBerry|Intimidate|FlareBlitz,HelpingHand,PartingShot,FakeOut|Impish||F|||50|]Froslass||Froslassite|CursedBody|Blizzard,ShadowBall,NastyPlot,Protect|Timid||F|||50|]Sinistcha||ColburBerry|Hospitality|MatchaGotcha,ShadowBall,RagePowder,Protect|Bold|||||50|
|showteam|p2|Blastoise||Blastoisinite|RainDish|WaterSpout,DarkPulse,ShellSmash,Protect|Modest||M|||50|]Sinistcha||KasibBerry|Hospitality|MatchaGotcha,RagePowder,TrickRoom,Protect|Relaxed|||||50|]Incineroar||SitrusBerry|Intimidate|FlareBlitz,FakeOut,PartingShot,HelpingHand|Impish||M|||50|]Sneasler||FocusSash|Unburden|DireClaw,CloseCombat,FakeOut,QuickGuard|Jolly||F|||50|]Delphox||Delphoxite|Blaze|HeatWave,Psychic,NastyPlot,Protect|Timid||F|||50|]Kingambit||BlackGlasses|Defiant|KowtowCleave,SuckerPunch,SwordsDance,Protect|Adamant||F|||50|
|
|t:|1783069522
|teamsize|p1|4
|teamsize|p2|4
|start
|switch|p1a: Sabotage|Sneasler, L50, F|100/100
|switch|p1b: Gervasoni|Excadrill, L50, F|100/100
|switch|p2a: Delphox|Delphox, L50, F|100/100
|switch|p2b: Sneasler|Sneasler, L50, F|100/100
|turn|1
|inactive|Battle timer is ON: inactive players will automatically lose when time's up. (requested by Il Mule)
|
|t:|1783069570
|detailschange|p2a: Delphox|Delphox-Mega, L50, F
|-mega|p2a: Delphox|Delphox|Delphoxite
|move|p1b: Gervasoni|Protect|p1b: Gervasoni
|-singleturn|p1b: Gervasoni|Protect
|move|p1a: Sabotage|Fake Out|p2a: Delphox
|-damage|p2a: Delphox|85/100
|cant|p2a: Delphox|flinch
|move|p2b: Sneasler|Close Combat|p1b: Gervasoni
|-activate|p1b: Gervasoni|move: Protect
|
|upkeep
|turn|2
|inactive|Il Mule has 30 seconds left.
|inactive|Il Mule has 20 seconds left.
|inactive|Il Mule has 15 seconds left.
|
|t:|1783069615
|switch|p1a: la sburè|Sinistcha, L50|100/100
|move|p2a: Delphox|Heat Wave|p1a: la sburè|[spread] p1a,p1b
|-supereffective|p1a: la sburè|1
|-supereffective|p1b: Gervasoni|1
|-damage|p1a: la sburè|29/100
|-damage|p1b: Gervasoni|1/100
|move|p2b: Sneasler|Close Combat|p1a: la sburè
|-immune|p1a: la sburè
|move|p1b: Gervasoni|High Horsepower|p2b: Sneasler
|-supereffective|p2b: Sneasler|1
|-enditem|p2b: Sneasler|Focus Sash
|-damage|p2b: Sneasler|1/100
|
|upkeep
|turn|3
|inactive|Kravell has 30 seconds left.
|inactive|Kravell has 20 seconds left.
|inactive|Kravell has 15 seconds left.
|inactive|Kravell has 10 seconds left.
|
|t:|1783069663
|switch|p2a: Sinistcha|Sinistcha, L50|100/100
|-heal|p2b: Sneasler|25/100|[from] ability: Hospitality|[of] p2a: Sinistcha
|switch|p1a: Quando provo|Tyranitar, L50, F|100/100
|-weather|Sandstorm|[from] ability: Sand Stream|[of] p1a: Quando provo
|move|p2b: Sneasler|Close Combat|p1a: Quando provo
|-supereffective|p1a: Quando provo|2
|-damage|p1a: Quando provo|0 fnt
|-unboost|p2b: Sneasler|def|1
|-unboost|p2b: Sneasler|spd|1
|faint|p1a: Quando provo
|move|p1b: Gervasoni|Rock Slide|p2b: Sneasler|[spread] p2a,p2b
|-resisted|p2b: Sneasler|1
|-damage|p2a: Sinistcha|81/100
|-damage|p2b: Sneasler|0 fnt
|faint|p2b: Sneasler
|
|-weather|Sandstorm|[upkeep]
|-damage|p2a: Sinistcha|75/100|[from] Sandstorm
|upkeep
|inactive|Kravell has 30 seconds left.
|
|t:|1783069694
|switch|p2b: Incineroar|Incineroar, L50, M|100/100
|switch|p1a: Sabotage|Sneasler, L50, F|100/100
|-ability|p2b: Incineroar|Intimidate|boost
|-unboost|p1a: Sabotage|atk|1
|-unboost|p1b: Gervasoni|atk|1
|-enditem|p1a: Sabotage|White Herb
|-clearnegativeboost|p1a: Sabotage|[silent]
|turn|4
|
|t:|1783069717
|switch|p1b: la sburè|Sinistcha, L50|29/100
|move|p1a: Sabotage|Fake Out|p2b: Incineroar
|-damage|p2b: Incineroar|92/100
|cant|p2b: Incineroar|flinch
|move|p2a: Sinistcha|Matcha Gotcha|p1a: Sabotage|[spread] p1a
|-miss|p2a: Sinistcha|p1b: la sburè
|-resisted|p1a: Sabotage|1
|-crit|p1a: Sabotage
|-damage|p1a: Sabotage|75/100
|-heal|p2a: Sinistcha|87/100|[from] drain|[of] p1a: Sabotage
|
|-weather|Sandstorm|[upkeep]
|-damage|p1a: Sabotage|69/100|[from] Sandstorm
|-damage|p1b: la sburè|23/100|[from] Sandstorm
|-damage|p2b: Incineroar|86/100|[from] Sandstorm
|-damage|p2a: Sinistcha|81/100|[from] Sandstorm
|upkeep
|turn|5
|inactive|Kravell has 30 seconds left.
|inactive|Kravell has 20 seconds left.
|inactive|Kravell has 15 seconds left.
|inactive|Kravell has 10 seconds left.
|
|t:|1783069765
|move|p1b: la sburè|Protect|p1b: la sburè
|-singleturn|p1b: la sburè|Protect
|move|p2a: Sinistcha|Rage Powder|p2a: Sinistcha
|-singleturn|p2a: Sinistcha|move: Rage Powder
|move|p1a: Sabotage|Dire Claw|p2a: Sinistcha
|-damage|p2a: Sinistcha|50/100g
|-status|p2a: Sinistcha|psn
|move|p2b: Incineroar|Flare Blitz|p1a: Sabotage
|-damage|p1a: Sabotage|4/100
|-damage|p2b: Incineroar|67/100|[from] Recoil
|
|-weather|Sandstorm|[upkeep]
|-damage|p1a: Sabotage|0 fnt|[from] Sandstorm
|-damage|p1b: la sburè|16/100|[from] Sandstorm
|-damage|p2b: Incineroar|61/100|[from] Sandstorm
|-damage|p2a: Sinistcha|44/100 psn|[from] Sandstorm
|faint|p1a: Sabotage
|-damage|p2a: Sinistcha|32/100 psn|[from] psn
|upkeep
|
|t:|1783069776
|switch|p1a: Gervasoni|Excadrill, L50, F|1/100
|turn|6
|
|t:|1783069796
|move|p1a: Gervasoni|Rock Slide|p2a: Sinistcha|[spread] p2a,p2b
|-crit|p2a: Sinistcha
|-supereffective|p2b: Incineroar|1
|-damage|p2a: Sinistcha|3/100 psn
|-damage|p2b: Incineroar|30/100
|-enditem|p2b: Incineroar|Sitrus Berry|[eat]
|-heal|p2b: Incineroar|54/100|[from] item: Sitrus Berry
|move|p1b: la sburè|Matcha Gotcha|p2a: Sinistcha|[spread] p2a,p2b
|-resisted|p2a: Sinistcha|1
|-resisted|p2b: Incineroar|1
|-damage|p2a: Sinistcha|0 fnt
|-heal|p1b: la sburè|18/100|[from] drain|[of] p2a: Sinistcha
|-damage|p2b: Incineroar|44/100
|-heal|p1b: la sburè|24/100|[from] drain|[of] p2b: Incineroar
|faint|p2a: Sinistcha
|cant|p2b: Incineroar|flinch
|
|-weather|Sandstorm|[upkeep]
|-damage|p1b: la sburè|18/100|[from] Sandstorm
|-damage|p2b: Incineroar|38/100|[from] Sandstorm
|upkeep
|
|t:|1783069797
|switch|p2a: Delphox|Delphox-Mega, L50, F|85/100
|turn|7
|inactive|Kravell has 30 seconds left.
|
|t:|1783069830
|move|p1a: Gervasoni|Rock Slide|p2b: Incineroar|[spread] p2a,p2b
|-supereffective|p2a: Delphox|1
|-supereffective|p2b: Incineroar|1
|-damage|p2a: Delphox|35/100
|-damage|p2b: Incineroar|4/100
|cant|p2a: Delphox|flinch
|move|p1b: la sburè|Shadow Ball|p2b: Incineroar
|-resisted|p2b: Incineroar|1
|-damage|p2b: Incineroar|0 fnt
|faint|p2b: Incineroar
|
|-weather|none
|upkeep
|turn|8
|
|t:|1783069841
|move|p2a: Delphox|Heat Wave|p1a: Gervasoni|[spread] p1a,p1b
|-supereffective|p1a: Gervasoni|1
|-supereffective|p1b: la sburè|1
|-damage|p1a: Gervasoni|0 fnt
|-damage|p1b: la sburè|0 fnt
|faint|p1a: Gervasoni
|faint|p1b: la sburè
|
|win|Kravell
||Il Mule is ready for game 2.
