|j|☆lysydzik_4
|j|☆carmelotb
|html|lysydzik_4carmelotb    
|uhtml|bestof|Game 1 of a best-of-3
|t:|1786025626
|gametype|doubles
|player|p1|lysydzik_4|steven|1169
|player|p2|carmelotb|pilot|1073
|gen|9
|tier|[Gen 9 Champions] VGC 2026 Reg M-B (Bo3)
|rated|
|rule|Species Clause: Limit one of each Pokémon
|rule|Item Clause: Limit 1 of each item
|clearpoke
|poke|p1|Aggron, L50, F, shiny|
|poke|p1|Sinistcha-Masterpiece, L50, shiny|
|poke|p1|Pelipper, L50, M, shiny|
|poke|p1|Swampert, L50, M, shiny|
|poke|p1|Sylveon, L50, F, shiny|
|poke|p1|Garchomp, L50, F|
|poke|p2|Staraptor, L50, M|
|poke|p2|Tyranitar, L50, M|
|poke|p2|Venusaur, L50, F|
|poke|p2|Milotic, L50, M|
|poke|p2|Excadrill, L50, M|
|poke|p2|Sinistcha-Masterpiece, L50|
|teampreview|4
|showteam|p1|Aggron||Aggronite|HeavyMetal|BodyPress,HeavySlam,Protect,IronDefense|Sassy||F|||50|]Sinistcha-Masterpiece||ColburBerry|Hospitality|TrickRoom,Protect,MatchaGotcha,ShadowBall|Relaxed|||||50|]Pelipper||FocusSash|Drizzle|Tailwind,WideGuard,WeatherBall,Hurricane|Modest||M|||50|]Swampert||Swampertite|Torrent|Liquidation,Earthquake,Protect,PoisonJab|Adamant||M|||50|]Sylveon||FairyFeather|Pixilate|QuickAttack,HyperVoice,HyperBeam,Protect|Modest||F|||50|]Garchomp||LifeOrb|RoughSkin|Protect,RockSlide,DragonClaw,FireFang|Jolly||F|||50|
|showteam|p2|Staraptor||Staraptite|Intimidate|Tailwind,CloseCombat,BraveBird,Protect|Jolly||M|||50|]Tyranitar||ChoiceScarf|SandStream|RockSlide,HighHorsepower,KnockOff,IcePunch|Jolly||M|||50|]Venusaur||Venusaurite|Chlorophyll|EarthPower,GigaDrain,SludgeBomb,Protect|Modest||F|||50|]Milotic||Leftovers|Competitive|Scald,IcyWind,Protect,Recover|Calm||M|||50|]Excadrill||FocusSash|SandRush|Earthquake,RockSlide,IronHead,Protect|Adamant||M|||50|]Sinistcha-Masterpiece||SitrusBerry|Hospitality|MatchaGotcha,RagePowder,LifeDew,TrickRoom|Bold|||||50|
|inactive|Battle timer is ON: inactive players will automatically lose when time's up. (requested by carmelotb)
|
|t:|1786025663
|teamsize|p1|4
|teamsize|p2|4
|start
|switch|p1a: Aggron|Aggron, L50, F, shiny|100/100
|switch|p1b: Sylveon|Sylveon, L50, F, shiny|100/100
|switch|p2a: Staraptor|Staraptor, L50, M|100/100
|switch|p2b: Venusaur|Venusaur, L50, F|100/100
|-ability|p2a: Staraptor|Intimidate|boost
|-unboost|p1a: Aggron|atk|1
|-unboost|p1b: Sylveon|atk|1
|turn|1
|
|t:|1786025679
|detailschange|p2b: Venusaur|Venusaur-Mega, L50, F
|-mega|p2b: Venusaur|Venusaur|Venusaurite
|move|p2a: Staraptor|Protect|p2a: Staraptor
|-singleturn|p2a: Staraptor|Protect
|move|p1a: Aggron|Protect|p1a: Aggron
|-singleturn|p1a: Aggron|Protect
|move|p2b: Venusaur|Sludge Bomb|p1b: Sylveon
|-supereffective|p1b: Sylveon|1
|-damage|p1b: Sylveon|31/100
|move|p1b: Sylveon|Hyper Beam|p2a: Staraptor
|-activate|p2a: Staraptor|move: Protect
|
|upkeep
|turn|2
|
|t:|1786025697
|detailschange|p1a: Aggron|Aggron-Mega, L50, F, shiny
|-mega|p1a: Aggron|Aggron|Aggronite
|move|p2a: Staraptor|Brave Bird|p1b: Sylveon
|-damage|p1b: Sylveon|0 fnt
|faint|p1b: Sylveon
|-damage|p2a: Staraptor|89/100|[from] Recoil
|move|p2b: Venusaur|Earth Power|p1a: Aggron
|-supereffective|p1a: Aggron|1
|-damage|p1a: Aggron|60/100
|move|p1a: Aggron|Iron Defense|p1a: Aggron
|-boost|p1a: Aggron|def|2
|
|upkeep
|
|t:|1786025704
|switch|p1b: Sinistcha|Sinistcha-Masterpiece, L50, shiny|100/100
|-heal|p1a: Aggron|85/100|[from] ability: Hospitality|[of] p1b: Sinistcha
|turn|3
|
|t:|1786025722
|move|p2a: Staraptor|Brave Bird|p1b: Sinistcha
|-supereffective|p1b: Sinistcha|1
|-damage|p1b: Sinistcha|22/100
|-damage|p2a: Staraptor|65/100|[from] Recoil
|move|p2b: Venusaur|Earth Power|p1a: Aggron
|-supereffective|p1a: Aggron|1
|-damage|p1a: Aggron|46/100
|move|p1a: Aggron|Body Press|p2a: Staraptor
|-damage|p2a: Staraptor|0 fnt
|faint|p2a: Staraptor
|move|p1b: Sinistcha|Trick Room|p1b: Sinistcha
|-fieldstart|move: Trick Room|[of] p1b: Sinistcha
|
|upkeep
|
|t:|1786025738
|switch|p2a: Tyranitar|Tyranitar, L50, M|100/100
|-weather|Sandstorm|[from] ability: Sand Stream|[of] p2a: Tyranitar
|turn|4
|
|t:|1786025753
|move|p1a: Aggron|Protect|p1a: Aggron
|-singleturn|p1a: Aggron|Protect
|move|p1b: Sinistcha|Shadow Ball|p2b: Venusaur
|-damage|p2b: Venusaur|72/100
|move|p2b: Venusaur|Earth Power|p1a: Aggron
|-activate|p1a: Aggron|move: Protect
|move|p2a: Tyranitar|Knock Off|p1b: Sinistcha
|-supereffective|p1b: Sinistcha|1
|-enditem|p1b: Sinistcha|Colbur Berry|[eat]
|-enditem|p1b: Sinistcha|Colbur Berry|[weaken]
|-damage|p1b: Sinistcha|0 fnt
|faint|p1b: Sinistcha
|
|-weather|Sandstorm|[upkeep]
|-damage|p2b: Venusaur|66/100|[from] Sandstorm
|upkeep
|
|t:|1786025762
|switch|p1b: Pelipper|Pelipper, L50, M, shiny|100/100
|-weather|RainDance|[from] ability: Drizzle|[of] p1b: Pelipper
|turn|5
|
|t:|1786025775
|move|p2b: Venusaur|Protect|p2b: Venusaur
|-singleturn|p2b: Venusaur|Protect
|move|p1a: Aggron|Body Press|p2a: Tyranitar
|-supereffective|p2a: Tyranitar|2
|-damage|p2a: Tyranitar|0 fnt
|faint|p2a: Tyranitar
|move|p1b: Pelipper|Hurricane|p2b: Venusaur
|-activate|p2b: Venusaur|move: Protect
|
|-weather|RainDance|[upkeep]
|upkeep
|
|t:|1786025784
|switch|p2a: Excadrill|Excadrill, L50, M|100/100
|turn|6
|
|t:|1786025793
|move|p1a: Aggron|Body Press|p2a: Excadrill
|-supereffective|p2a: Excadrill|1
|-crit|p2a: Excadrill
|-enditem|p2a: Excadrill|Focus Sash
|-damage|p2a: Excadrill|1/100
|move|p2b: Venusaur|Earth Power|p1a: Aggron
|-supereffective|p1a: Aggron|1
|-damage|p1a: Aggron|9/100
|move|p1b: Pelipper|Hurricane|p2b: Venusaur
|-supereffective|p2b: Venusaur|1
|-damage|p2b: Venusaur|0 fnt
|faint|p2b: Venusaur
|move|p2a: Excadrill|Rock Slide|p1a: Aggron|[spread] p1a,p1b
|-resisted|p1a: Aggron|1
|-supereffective|p1b: Pelipper|1
|-damage|p1a: Aggron|6/100
|-damage|p1b: Pelipper|45/100
|
|-weather|RainDance|[upkeep]
|upkeep
|turn|7
|inactive|lysydzik_4 has 30 seconds left.
|
|t:|1786025822
|move|p2a: Excadrill|Protect|p2a: Excadrill
|-singleturn|p2a: Excadrill|Protect
|move|p1a: Aggron|Body Press|p2a: Excadrill
|-activate|p2a: Excadrill|move: Protect
|move|p1b: Pelipper|Weather Ball|p2a: Excadrill
|-activate|p2a: Excadrill|move: Protect
|
|-weather|RainDance|[upkeep]
|-fieldend|move: Trick Room
|upkeep
|turn|8
|
|t:|1786025830
|move|p2a: Excadrill|Rock Slide|p1a: Aggron|[spread] p1a,p1b
|-resisted|p1a: Aggron|1
|-supereffective|p1b: Pelipper|1
|-damage|p1a: Aggron|3/100
|-damage|p1b: Pelipper|0 fnt
|faint|p1b: Pelipper
|cant|p1a: Aggron|flinch
|
|-weather|RainDance|[upkeep]
|upkeep
|turn|9
|
|t:|1786025842
|move|p2a: Excadrill|Earthquake|p1a: Aggron
|-supereffective|p1a: Aggron|1
|-damage|p1a: Aggron|0 fnt
|faint|p1a: Aggron
|
|win|carmelotb
