|j|☆cereales raton
|j|☆sedrav
|html|cereales ratonsedrav    
|uhtml|bestof|Game 2 of a best-of-3
|t:|1757023822
|gametype|doubles
|player|p1|cereales raton|101|1265
|player|p2|sedrav|hilbert|1248
|gen|9
|tier|[Gen 9] VGC 2025 Reg H (Bo3)
|rated|
|rule|Species Clause: Limit one of each Pokémon
|rule|Item Clause: Limit 1 of each item
|clearpoke
|poke|p1|Dragonite, L50, M|
|poke|p1|Ursaluna-Bloodmoon, L50, M|
|poke|p1|Gholdengo, L50|
|poke|p1|Amoonguss, L50, M|
|poke|p1|Sneasler, L50, M|
|poke|p1|Incineroar, L50, F|
|poke|p2|Garchomp, L50, M|
|poke|p2|Talonflame, L50, M|
|poke|p2|Gholdengo, L50|
|poke|p2|Tyranitar, L50, M|
|poke|p2|Amoonguss, L50, M|
|poke|p2|Milotic, L50, M|
|teampreview|4
|showteam|p1|Dragonite||LoadedDice|Multiscale|ScaleShot,Tailwind,Haze,Protect|||M|||50|,,,,,Fairy]Ursaluna-Bloodmoon||AssaultVest|MindsEye|BloodMoon,EarthPower,VacuumWave,HyperVoice|||M|||50|,,,,,Water]Gholdengo||LifeOrb|GoodasGold|Protect,MakeItRain,ShadowBall,NastyPlot||||||50|,,,,,Water]Amoonguss||SitrusBerry|Regenerator|RagePowder,Spore,PollenPuff,Protect|||M|||50|,,,,,Psychic]Sneasler||FocusSash|Unburden|Protect,DireClaw,CloseCombat,ThroatChop|||M|||50|,,,,,Stellar]Incineroar||SafetyGoggles|Intimidate|KnockOff,PartingShot,FlareBlitz,FakeOut|||F|||50|,,,,,Ghost
|showteam|p2|Garchomp||LifeOrb|RoughSkin|DragonClaw,StompingTantrum,Earthquake,Protect|||M|||50|,,,,,Fairy]Talonflame||CovertCloak|GaleWings|BraveBird,Tailwind,WillOWisp,Taunt|||M|||50|,,,,,Grass]Gholdengo||MetalCoat|GoodasGold|MakeItRain,ShadowBall,NastyPlot,Protect||||||50|,,,,,Flying]Tyranitar||AssaultVest|SandStream|RockSlide,KnockOff,LowKick,TeraBlast|||M|||50|,,,,,Flying]Amoonguss||SitrusBerry|Regenerator|Spore,RagePowder,PollenPuff,Protect|||M|||50|,,,,,Water]Milotic||SafetyGoggles|Competitive|Scald,IcyWind,Haze,Protect|||M|||50|,,,,,Dragon
|inactive|Battle timer is ON: inactive players will automatically lose when time's up. (requested by sedrav)
|inactive|cereales raton has 60 seconds left.
|
|t:|1757023867
|teamsize|p1|4
|teamsize|p2|4
|start
|switch|p1a: Golden Wind|Dragonite, L50, M|100/100
|switch|p1b: Tony|Ursaluna-Bloodmoon, L50, M|100/100
|switch|p2a: Amoonguss|Amoonguss, L50, M|100/100
|switch|p2b: Milotic|Milotic, L50, M|100/100
|turn|1
|
|t:|1757023879
|switch|p1a: Zzzzzzzz|Amoonguss, L50, M|100/100
|switch|p1b: Say Cheese|Gholdengo, L50|100/100
|move|p2a: Amoonguss|Protect|p2a: Amoonguss
|-singleturn|p2a: Amoonguss|Protect
|move|p2b: Milotic|Icy Wind|p1a: Zzzzzzzz|[spread] p1a,p1b
|-supereffective|p1a: Zzzzzzzz
|-resisted|p1b: Say Cheese
|-damage|p1a: Zzzzzzzz|81/100
|-damage|p1b: Say Cheese|95/100
|-unboost|p1a: Zzzzzzzz|spe|1
|-unboost|p1b: Say Cheese|spe|1
|
|upkeep
|turn|2
|
|t:|1757023897
|move|p2b: Milotic|Icy Wind|p1b: Say Cheese|[spread] p1a,p1b
|-supereffective|p1a: Zzzzzzzz
|-resisted|p1b: Say Cheese
|-damage|p1a: Zzzzzzzz|63/100
|-damage|p1b: Say Cheese|90/100
|-unboost|p1a: Zzzzzzzz|spe|1
|-unboost|p1b: Say Cheese|spe|1
|move|p1b: Say Cheese|Nasty Plot|p1b: Say Cheese
|-boost|p1b: Say Cheese|spa|2
|move|p2a: Amoonguss|Pollen Puff|p2b: Milotic
|move|p1a: Zzzzzzzz|Pollen Puff|p1b: Say Cheese
|-heal|p1b: Say Cheese|100/100
|
|upkeep
|turn|3
|inactive|sedrav has 30 seconds left.
|inactive|cereales raton has 30 seconds left.
|inactive|sedrav has 20 seconds left.
|inactive|sedrav has 15 seconds left.
|
|t:|1757023938
|switch|p2a: Garchomp|Garchomp, L50, M|100/100
|switch|p1a: Golden Wind|Dragonite, L50, M|100/100
|move|p2b: Milotic|Icy Wind|p1a: Golden Wind|[spread] p1a,p1b
|-supereffective|p1a: Golden Wind
|-resisted|p1b: Say Cheese
|-damage|p1a: Golden Wind|78/100
|-damage|p1b: Say Cheese|95/100
|-unboost|p1a: Golden Wind|spe|1
|-unboost|p1b: Say Cheese|spe|1
|move|p1b: Say Cheese|Nasty Plot|p1b: Say Cheese
|-boost|p1b: Say Cheese|spa|2
|
|upkeep
|turn|4
|inactive|sedrav has 30 seconds left.
|inactive|sedrav has 20 seconds left.
|inactive|sedrav has 15 seconds left.
|
|t:|1757023980
|-terastallize|p1a: Golden Wind|Fairy
|move|p2a: Garchomp|Protect|p2a: Garchomp
|-singleturn|p2a: Garchomp|Protect
|move|p1b: Say Cheese|Protect|p1b: Say Cheese
|-singleturn|p1b: Say Cheese|Protect
|move|p2b: Milotic|Haze|p2b: Milotic
|-clearallboost
|move|p1a: Golden Wind|Tailwind|p1a: Golden Wind
|-sidestart|p1: cereales raton|move: Tailwind
|
|upkeep
|turn|5
|inactive|sedrav has 30 seconds left.
|inactive|sedrav has 20 seconds left.
|
|t:|1757024017
|-terastallize|p2a: Garchomp|Fairy
|move|p2b: Milotic|Protect|p2b: Milotic
|-singleturn|p2b: Milotic|Protect
|move|p1b: Say Cheese|Make It Rain|p2b: Milotic|[spread] p2a
|-activate|p2b: Milotic|move: Protect
|-supereffective|p2a: Garchomp
|-damage|p2a: Garchomp|0 fnt
|-unboost|p1b: Say Cheese|spa|1
|faint|p2a: Garchomp
|-damage|p1b: Say Cheese|86/100|[from] item: Life Orb
|move|p1a: Golden Wind|Scale Shot|p2b: Milotic
|-activate|p2b: Milotic|move: Protect
|
|upkeep
|
|t:|1757024033
|switch|p2a: Amoonguss|Amoonguss, L50, M|100/100
|turn|6
|
|t:|1757024052
|switch|p1a: Zzzzzzzz|Amoonguss, L50, M|96/100
|move|p1b: Say Cheese|Nasty Plot|p1b: Say Cheese
|-boost|p1b: Say Cheese|spa|2
|move|p2b: Milotic|Scald|p1b: Say Cheese
|-damage|p1b: Say Cheese|54/100
|move|p2a: Amoonguss|Pollen Puff|p2b: Milotic
|
|upkeep
|turn|7
|
|t:|1757024077
|move|p2a: Amoonguss|Rage Powder|p2a: Amoonguss
|-singleturn|p2a: Amoonguss|move: Rage Powder
|move|p1b: Say Cheese|Nasty Plot|p1b: Say Cheese
|-boost|p1b: Say Cheese|spa|2
|move|p2b: Milotic|Scald|p1b: Say Cheese
|-damage|p1b: Say Cheese|18/100
|move|p1a: Zzzzzzzz|Pollen Puff|p1b: Say Cheese
|-heal|p1b: Say Cheese|68/100
|
|-sideend|p1: cereales raton|move: Tailwind
|upkeep
|turn|8
|
|t:|1757024101
|move|p1b: Say Cheese|Shadow Ball|p2b: Milotic
|-crit|p2b: Milotic
|-damage|p2b: Milotic|0 fnt
|faint|p2b: Milotic
|-damage|p1b: Say Cheese|59/100|[from] item: Life Orb
|move|p1a: Zzzzzzzz|Pollen Puff|p1b: Say Cheese
|-heal|p1b: Say Cheese|100/100
|move|p2a: Amoonguss|Pollen Puff|p2: Milotic|[notarget]
|-fail|p2a: Amoonguss
|
|upkeep
|-message|sedrav forfeited.
|
|win|cereales raton
|raw|cereales raton's rating: 1265 → 1289(+24 for winning)
|raw|sedrav's rating: 1248 → 1224(-24 for losing)
|l|☆sedrav
|player|p2|
|j|☆sedrav
|player|p2|sedrav|hilbert|
