|j|☆Delta-Scorch
|j|☆ItzS1N
|html|Delta-ScorchItzS1N    
|uhtml|bestof|Game 1 of a best-of-3
|t:|1784395452
|gametype|doubles
|player|p1|Delta-Scorch|worker|
|player|p2|ItzS1N|lucas-gen4pt|
|gen|9
|tier|[Gen 9 Champions] VGC 2026 Reg M-B (Bo3)
|rule|Species Clause: Limit one of each Pokémon
|rule|Item Clause: Limit 1 of each item
|clearpoke
|poke|p1|Noivern, L50, M|
|poke|p1|Swampert, L50, F|
|poke|p1|Sableye, L50, M|
|poke|p1|Bellibolt, L50, F|
|poke|p1|Metagross, L50|
|poke|p1|Meganium, L50, M|
|poke|p2|Venusaur, L50, F|
|poke|p2|Ariados, L50, F|
|poke|p2|Tinkaton, L50, F|
|poke|p2|Espathra, L50, F|
|poke|p2|Liepard, L50, F|
|poke|p2|Typhlosion-Hisui, L50, F|
|teampreview|4
|showteam|p1|Noivern||WiseGlasses|Telepathy|Tailwind,SuperFang,DracoMeteor,Hurricane|Serious||M|||50|]Swampert||Swampertite|Torrent|Waterfall,RockSlide,Earthquake,Protect|Serious||F|||50|]Sableye||MentalHerb|Prankster|FoulPlay,ThunderWave,Encore,RainDance|Serious||M|||50|]Bellibolt||Leftovers|Electromorphosis|ParabolicCharge,Soak,HyperVoice,Protect|Serious||F|||50|]Metagross||LumBerry|ClearBody|IcePunch,MeteorMash,PsychicFangs,Explosion|Jolly|||||50|]Meganium||Meganiumite|Overgrow|DazzlingGleam,SolarBeam,WeatherBall,Protect|Quiet||M|||50|
|showteam|p2|Venusaur||Venusaurite|Chlorophyll|GigaDrain,SludgeBomb,EarthPower,Protect|Modest||F|||50|]Ariados||FocusSash|Insomnia|StringShot,StickyWeb,RagePowder,Infestation|Bold||F|||50|]Tinkaton||Leftovers|OwnTempo|FakeOut,KnockOff,GigatonHammer,Protect|Adamant||F|||50|]Espathra||LifeOrb|SpeedBoost|LuminaCrash,FlashCannon,DazzlingGleam,Protect|Modest||F|||50|]Liepard||MentalHerb|Prankster|Encore,SunnyDay,Taunt,FakeOut|Impish||F|||50|]Typhlosion-Hisui||ChoiceScarf|Frisk|Eruption,HeatWave,Flamethrower,ShadowBall|Timid||F|||50|
|c|☆Delta-Scorch|gl!
|c|☆Delta-Scorch|are all the settings right?
|c|☆ItzS1N|its meant to be CTS
|c|☆ItzS1N|not open
|c|☆Delta-Scorch|ahh
|c|☆ItzS1N|theres a command on the sheet xD
|c|☆Delta-Scorch|im not looking
|c|☆Delta-Scorch|promise
|c|☆Delta-Scorch|my bad
|c|☆ItzS1N|all g
|
|t:|1784395596
|teamsize|p1|4
|teamsize|p2|4
|start
|switch|p1a: Noivern|Noivern, L50, M|100/100
|switch|p1b: Metagross|Metagross, L50|100/100
|switch|p2a: Ariados|Ariados, L50, F|100/100
|switch|p2b: Tinkaton|Tinkaton, L50, F|100/100
|turn|1
|
|t:|1784395639
|move|p1a: Noivern|Tailwind|p1a: Noivern
|-sidestart|p1: Delta-Scorch|move: Tailwind
|move|p1b: Metagross|Psychic Fangs|p2a: Ariados
|-supereffective|p2a: Ariados|1
|-damage|p2a: Ariados|10/100
|move|p2b: Tinkaton|Knock Off|p1b: Metagross
|-supereffective|p1b: Metagross|1
|-damage|p1b: Metagross|54/100
|-enditem|p1b: Metagross|Lum Berry|[from] move: Knock Off|[of] p2b: Tinkaton
|move|p2a: Ariados|Sticky Web|p1a: Noivern
|-sidestart|p1: Delta-Scorch|move: Sticky Web
|
|upkeep
|turn|2
|
|t:|1784395693
|move|p1a: Noivern|Super Fang|p2b: Tinkaton
|-damage|p2b: Tinkaton|50/100y
|move|p1b: Metagross|Psychic Fangs|p2a: Ariados
|-supereffective|p2a: Ariados|1
|-damage|p2a: Ariados|0 fnt
|faint|p2a: Ariados
|move|p2b: Tinkaton|Knock Off|p1a: Noivern
|-damage|p1a: Noivern|66/100
|-enditem|p1a: Noivern|Wise Glasses|[from] move: Knock Off|[of] p2b: Tinkaton
|
|-heal|p2b: Tinkaton|56/100|[from] item: Leftovers
|upkeep
|j| Beembuh
|
|t:|1784395707
|switch|p2a: Venusaur|Venusaur, L50, F|100/100
|turn|3
|
|t:|1784395729
|move|p2a: Venusaur|Protect|p2a: Venusaur
|-singleturn|p2a: Venusaur|Protect
|move|p1a: Noivern|Hurricane|p2a: Venusaur
|-activate|p2a: Venusaur|move: Protect
|move|p1b: Metagross|Psychic Fangs|p2a: Venusaur
|-activate|p2a: Venusaur|move: Protect
|move|p2b: Tinkaton|Knock Off|p1b: Metagross
|-supereffective|p1b: Metagross|1
|-damage|p1b: Metagross|22/100
|
|-heal|p2b: Tinkaton|62/100|[from] item: Leftovers
|upkeep
|turn|4
|
|t:|1784395766
|detailschange|p2a: Venusaur|Venusaur-Mega, L50, F
|-mega|p2a: Venusaur|Venusaur|Venusaurite
|move|p1a: Noivern|Super Fang|p2a: Venusaur
|-damage|p2a: Venusaur|50/100g
|move|p1b: Metagross|Psychic Fangs|p2a: Venusaur
|-supereffective|p2a: Venusaur|1
|-damage|p2a: Venusaur|0 fnt
|faint|p2a: Venusaur
|move|p2b: Tinkaton|Gigaton Hammer|p1a: Noivern
|-damage|p1a: Noivern|0 fnt
|faint|p1a: Noivern
|
|-heal|p2b: Tinkaton|68/100|[from] item: Leftovers
|-sideend|p1: Delta-Scorch|move: Tailwind
|upkeep
|
|t:|1784395779
|switch|p1a: Swampert|Swampert, L50, F|100/100
|switch|p2a: Espathra|Espathra, L50, F|100/100
|-activate|p1a: Swampert|move: Sticky Web
|-unboost|p1a: Swampert|spe|1
|turn|5
|
|t:|1784395807
|detailschange|p1a: Swampert|Swampert-Mega, L50, F
|-mega|p1a: Swampert|Swampert|Swampertite
|move|p1a: Swampert|Protect|p1a: Swampert
|-singleturn|p1a: Swampert|Protect
|move|p2a: Espathra|Lumina Crash|p1a: Swampert
|-activate|p1a: Swampert|move: Protect
|move|p1b: Metagross|Explosion|p2b: Tinkaton|[spread] p2a,p2b
|-activate|p1a: Swampert|move: Protect
|-resisted|p2b: Tinkaton|1
|-damage|p2a: Espathra|3/100
|-damage|p2b: Tinkaton|29/100
|faint|p1b: Metagross
|move|p2b: Tinkaton|Knock Off|p1a: Swampert
|-activate|p1a: Swampert|move: Protect
|
|-heal|p2b: Tinkaton|35/100|[from] item: Leftovers
|-ability|p2a: Espathra|Speed Boost|boost
|-boost|p2a: Espathra|spe|1
|upkeep
|
|t:|1784395823
|switch|p1b: Sableye|Sableye, L50, M|100/100
|-activate|p1b: Sableye|move: Sticky Web
|-unboost|p1b: Sableye|spe|1
|turn|6
|c|☆ItzS1N|im fighting a psyco
|c|☆Delta-Scorch|hahaha
|
|t:|1784395852
|move|p1b: Sableye|Rain Dance|p1b: Sableye
|-weather|RainDance
|move|p2a: Espathra|Lumina Crash|p1a: Swampert
|-damage|p1a: Swampert|53/100
|-unboost|p1a: Swampert|spd|2
|-damage|p2a: Espathra|0 fnt|[from] item: Life Orb
|faint|p2a: Espathra
|move|p1a: Swampert|Earthquake|p2b: Tinkaton|[spread] p1b,p2b
|-supereffective|p2b: Tinkaton|1
|-damage|p1b: Sableye|43/100
|-damage|p2b: Tinkaton|0 fnt
|faint|p2b: Tinkaton
|
|win|Delta-Scorch
||ItzS1N is ready for game 2.
|inactive|Delta-Scorch has 30 seconds to confirm battle start!
||Delta-Scorch is ready for game 2.
|uhtml|next|Next: Game 2 of 3
|l| Beembuh
|j| Beembuh
|l| Beembuh
