|j|☆x-demon18
|j|☆Mr James Freak
|html|x-demon18Mr James Freak    
|uhtml|bestof|Game 2 of a best-of-3
|t:|1784171073
|gametype|doubles
|player|p1|x-demon18|lucas|1204
|player|p2|Mr James Freak|scientist|1330
|gen|9
|tier|[Gen 9 Champions] VGC 2026 Reg M-B (Bo3)
|rated|
|rule|Species Clause: Limit one of each Pokémon
|rule|Item Clause: Limit 1 of each item
|clearpoke
|poke|p1|Incineroar, L50, F|
|poke|p1|Rotom-Wash, L50|
|poke|p1|Venusaur, L50, M|
|poke|p1|Garchomp, L50, M|
|poke|p1|Corviknight, L50, F|
|poke|p1|Sylveon, L50, F|
|poke|p2|Sinistcha-Masterpiece, L50, shiny|
|poke|p2|Sneasler, L50, F, shiny|
|poke|p2|Delphox, L50, F, shiny|
|poke|p2|Kingambit, L50, F, shiny|
|poke|p2|Incineroar, L50, M, shiny|
|poke|p2|Ninetales-Alola, L50, M, shiny|
|teampreview|4
|showteam|p1|Incineroar||ExpertBelt|Intimidate|FakeOut,TemperFlare,ThroatChop,PartingShot|Adamant||F|||50|]Rotom-Wash||SitrusBerry|Levitate|HydroPump,Electroweb,WillOWisp,VoltSwitch|Calm|||||50|]Venusaur||Venusaurite|Chlorophyll|GigaDrain,SludgeBomb,EarthPower,Protect|Modest||M|||50|]Garchomp||LifeOrb|RoughSkin|RockSlide,DragonClaw,StompingTantrum,Protect|Jolly||M|||50|]Corviknight||OccaBerry|MirrorArmor|Tailwind,BraveBird,IronHead,BodyPress|Careful||F|||50|]Sylveon||FairyFeather|Pixilate|HyperVoice,QuickAttack,Yawn,Detect|Modest||F|||50|
|showteam|p2|Sinistcha-Masterpiece||OccaBerry|Hospitality|MatchaGotcha,RagePowder,TrickRoom,Protect|Bold|||||50|]Sneasler||WhiteHerb|Unburden|CloseCombat,DireClaw,FakeOut,QuickGuard|Jolly||F|||50|]Delphox||Delphoxite|Blaze|HeatWave,Psyshock,NastyPlot,Protect|Timid||F|||50|]Kingambit||ChopleBerry|Defiant|KowtowCleave,SuckerPunch,LowKick,Protect|Adamant||F|||50|]Incineroar||PasshoBerry|Intimidate|FakeOut,PartingShot,FlareBlitz,ThroatChop|Careful||M|||50|]Ninetales-Alola||FocusSash|SnowWarning|Blizzard,FreezeDry,Encore,Protect|Timid||M|||50|
|inactive|Battle timer is ON: inactive players will automatically lose when time's up. (requested by Mr James Freak)
|
|t:|1784171115
|teamsize|p1|4
|teamsize|p2|4
|start
|switch|p1a: Griffith|Corviknight, L50, F|100/100
|switch|p1b: Frieren|Sylveon, L50, F|100/100
|switch|p2a: Delphox|Delphox, L50, F, shiny|100/100
|switch|p2b: Sneasler|Sneasler, L50, F, shiny|100/100
|turn|1
|
|t:|1784171130
|switch|p1b: Wolverine|Incineroar, L50, F|100/100
|-ability|p1b: Wolverine|Intimidate|boost
|-unboost|p2a: Delphox|atk|1
|-unboost|p2b: Sneasler|atk|1
|-enditem|p2b: Sneasler|White Herb
|-clearnegativeboost|p2b: Sneasler|[silent]
|detailschange|p2a: Delphox|Delphox-Mega, L50, F, shiny
|-mega|p2a: Delphox|Delphox|Delphoxite
|move|p2b: Sneasler|Fake Out|p1a: Griffith
|-resisted|p1a: Griffith|1
|-damage|p1a: Griffith|93/100
|move|p2a: Delphox|Nasty Plot|p2a: Delphox
|-boost|p2a: Delphox|spa|2
|cant|p1a: Griffith|flinch
|
|upkeep
|turn|2
|inactive|x-demon18 has 30 seconds left.
|
|t:|1784171157
|switch|p1b: Frieren|Sylveon, L50, F|100/100
|move|p2b: Sneasler|Close Combat|p1b: Frieren
|-resisted|p1b: Frieren|1
|-damage|p1b: Frieren|71/100
|-unboost|p2b: Sneasler|def|1
|-unboost|p2b: Sneasler|spd|1
|move|p2a: Delphox|Heat Wave|p1a: Griffith|[spread] p1b
|-miss|p2a: Delphox|p1a: Griffith
|-damage|p1b: Frieren|14/100
|-status|p1b: Frieren|brn
|move|p1a: Griffith|Brave Bird|p2b: Sneasler
|-supereffective|p2b: Sneasler|1
|-damage|p2b: Sneasler|0 fnt
|faint|p2b: Sneasler
|-damage|p1a: Griffith|67/100|[from] Recoil
|
|-damage|p1b: Frieren|8/100 brn|[from] brn
|upkeep
|
|t:|1784171173
|switch|p2b: Ninetales|Ninetales-Alola, L50, M, shiny|100/100
|-weather|Snowscape|[from] ability: Snow Warning|[of] p2b: Ninetales
|turn|3
|
|t:|1784171185
|move|p1b: Frieren|Detect|p1b: Frieren
|-singleturn|p1b: Frieren|Protect
|move|p2a: Delphox|Heat Wave|p1b: Frieren|[spread] 
|-activate|p1b: Frieren|move: Protect
|-miss|p2a: Delphox|p1a: Griffith
|move|p2b: Ninetales|Blizzard|p1a: Griffith|[spread] p1a
|-activate|p1b: Frieren|move: Protect
|-damage|p1a: Griffith|41/100
|-status|p1a: Griffith|frz
|cant|p1a: Griffith|frz
|
|-weather|Snowscape|[upkeep]
|-damage|p1b: Frieren|2/100 brn|[from] brn
|upkeep
|turn|4
|
|t:|1784171209
|switch|p1b: Wolverine|Incineroar, L50, F|100/100
|-ability|p1b: Wolverine|Intimidate|boost
|-unboost|p2a: Delphox|atk|1
|-unboost|p2b: Ninetales|atk|1
|move|p2a: Delphox|Heat Wave|p1a: Griffith|[spread] p1b
|-miss|p2a: Delphox|p1a: Griffith
|-resisted|p1b: Wolverine|1
|-damage|p1b: Wolverine|69/100
|move|p2b: Ninetales|Blizzard|p1b: Wolverine|[spread] p1a,p1b
|-resisted|p1b: Wolverine|1
|-damage|p1a: Griffith|14/100 frz
|-damage|p1b: Wolverine|56/100
|-curestatus|p1a: Griffith|frz|[msg]
|move|p1a: Griffith|Iron Head|p2b: Ninetales
|-supereffective|p2b: Ninetales|2
|-enditem|p2b: Ninetales|Focus Sash
|-damage|p2b: Ninetales|1/100
|
|-weather|Snowscape|[upkeep]
|upkeep
|turn|5
|inactive|Mr James Freak has 30 seconds left.
|
|t:|1784171236
|move|p2a: Delphox|Heat Wave|p1a: Griffith|[spread] p1a,p1b
|-supereffective|p1a: Griffith|1
|-enditem|p1a: Griffith|Occa Berry|[eat]
|-enditem|p1a: Griffith|Occa Berry|[weaken]
|-resisted|p1b: Wolverine|1
|-damage|p1a: Griffith|0 fnt
|-damage|p1b: Wolverine|25/100
|faint|p1a: Griffith
|move|p2b: Ninetales|Blizzard|p1b: Wolverine
|-resisted|p1b: Wolverine|1
|-damage|p1b: Wolverine|6/100
|move|p1b: Wolverine|Throat Chop|p2a: Delphox
|-supereffective|p2a: Delphox|1
|-damage|p2a: Delphox|2/100
|-start|p2a: Delphox|Throat Chop|[silent]
|
|-weather|Snowscape|[upkeep]
|upkeep
|
|t:|1784171257
|switch|p1a: Frieren|Sylveon, L50, F|2/100 brn
|turn|6
|
|t:|1784171281
|switch|p2b: Sinistcha|Sinistcha-Masterpiece, L50, shiny|100/100
|-heal|p2a: Delphox|27/100|[from] ability: Hospitality|[of] p2b: Sinistcha
|switch|p1a: Berserk|Garchomp, L50, M|100/100
|move|p2a: Delphox|Protect|p2a: Delphox
|-singleturn|p2a: Delphox|Protect
|move|p1b: Wolverine|Temper Flare|p2b: Sinistcha
|-supereffective|p2b: Sinistcha|1
|-enditem|p2b: Sinistcha|Occa Berry|[eat]
|-enditem|p2b: Sinistcha|Occa Berry|[weaken]
|-damage|p2b: Sinistcha|65/100
|
|-weather|Snowscape|[upkeep]
|-end|p2a: Delphox|Throat Chop|[silent]
|upkeep
|turn|7
|inactive|x-demon18 has 30 seconds left.
|
|t:|1784171309
|move|p2a: Delphox|Heat Wave|p1b: Wolverine|[spread] p1a,p1b
|-resisted|p1a: Berserk|1
|-resisted|p1b: Wolverine|1
|-damage|p1a: Berserk|65/100
|-damage|p1b: Wolverine|0 fnt
|faint|p1b: Wolverine
|move|p1a: Berserk|Rock Slide|p2a: Delphox|[spread] p2a,p2b
|-supereffective|p2a: Delphox|1
|-damage|p2a: Delphox|0 fnt
|-damage|p2b: Sinistcha|47/100
|faint|p2a: Delphox
|-damage|p1a: Berserk|55/100|[from] item: Life Orb
|move|p2b: Sinistcha|Matcha Gotcha|p1a: Berserk
|-damage|p1a: Berserk|18/100
|-heal|p2b: Sinistcha|66/100|[from] drain|[of] p1a: Berserk
|
|-weather|none
|upkeep
|
|t:|1784171327
|switch|p2a: Ninetales|Ninetales-Alola, L50, M, shiny|1/100
|switch|p1b: Frieren|Sylveon, L50, F|2/100 brn
|-weather|Snowscape|[from] ability: Snow Warning|[of] p2a: Ninetales
|turn|8
|
|t:|1784171341
|move|p2a: Ninetales|Protect|p2a: Ninetales
|-singleturn|p2a: Ninetales|Protect
|move|p2b: Sinistcha|Protect|p2b: Sinistcha
|-singleturn|p2b: Sinistcha|Protect
|move|p1a: Berserk|Dragon Claw|p2b: Sinistcha
|-activate|p2b: Sinistcha|move: Protect
|move|p1b: Frieren|Hyper Voice|p2b: Sinistcha|[spread] 
|-activate|p2a: Ninetales|move: Protect
|-activate|p2b: Sinistcha|move: Protect
|
|-weather|Snowscape|[upkeep]
|-damage|p1b: Frieren|0 fnt|[from] brn
|faint|p1b: Frieren
|upkeep
|turn|9
|
|t:|1784171358
|move|p2a: Ninetales|Freeze-Dry|p1a: Berserk
|-supereffective|p1a: Berserk|2
|-damage|p1a: Berserk|0 fnt
|faint|p1a: Berserk
|
|win|Mr James Freak
|raw|x-demon18's rating: 1204 → 1188(-16 for losing)
|raw|Mr James Freak's rating: 1330 → 1343(+13 for winning)
|l|☆Mr James Freak
|player|p2|
