|j|☆squalogni
|j|☆GS Barnabe
|html|squalogniGS Barnabe    
|uhtml|bestof|Game 1 of a best-of-3
|t:|1785417304
|gametype|doubles
|player|p1|squalogni|169|1088
|player|p2|GS Barnabe|101|1064
|gen|9
|tier|[Gen 9 Champions] VGC 2026 Reg M-B (Bo3)
|rated|
|rule|Species Clause: Limit one of each Pokémon
|rule|Item Clause: Limit 1 of each item
|clearpoke
|poke|p1|Annihilape, L50, M|
|poke|p1|Incineroar, L50, F|
|poke|p1|Maushold-Four, L50|
|poke|p1|Garchomp, L50, M|
|poke|p1|Charizard, L50, F|
|poke|p1|Venusaur, L50, M|
|poke|p2|Meowstic, L50, M|
|poke|p2|Tyranitar, L50, F|
|poke|p2|Scovillain, L50, M|
|poke|p2|Houndstone, L50, M|
|poke|p2|Corviknight, L50, F|
|poke|p2|Garchomp, L50, F|
|teampreview|4
|showteam|p1|Annihilape||Leftovers|Defiant|Protect,DrainPunch,RageFist,BulkUp|Careful||M|||50|]Incineroar||SitrusBerry|Intimidate|FakeOut,FlareBlitz,ThroatChop,PartingShot|Impish||F|||50|]Maushold-Four||FocusSash|FriendGuard|FollowMe,Taunt,Protect,SuperFang|Calm|||||50|]Garchomp||LifeOrb|RoughSkin|RockSlide,Earthquake,DragonClaw,Protect|Jolly||M|||50|]Charizard||CharizarditeY|SolarPower|SolarBeam,HeatWave,WeatherBall,Protect|Timid||F|||50|]Venusaur||Venusaurite|Chlorophyll|SludgeBomb,EarthPower,SleepPowder,Protect|Calm||M|||50|
|showteam|p2|Meowstic||LightClay|Prankster|FakeOut,Reflect,LightScreen,PsychicNoise|Bold||M|||50|]Tyranitar||ChoiceScarf|SandStream|RockSlide,KnockOff,IcePunch,Superpower|Jolly||F|||50|]Scovillain||Scovillainite|Moody|Overheat,LeechSeed,RagePowder,Protect|Calm||M|||50|]Houndstone||SitrusBerry|SandRush|LastRespects,Disable,AllySwitch,Protect|Adamant||M|||50|]Corviknight||LifeOrb|MirrorArmor|IronHead,BraveBird,Tailwind,Protect|Adamant||F|||50|]Garchomp||Garchompite|RoughSkin|DracoMeteor,EarthPower,PowerGem,Protect|Modest||F|||50|
|
|t:|1785417348
|teamsize|p1|4
|teamsize|p2|4
|start
|switch|p1a: Charizard|Charizard, L50, F|100/100
|switch|p1b: Venusaur|Venusaur, L50, M|100/100
|switch|p2a: Garchomp|Garchomp, L50, F|100/100
|switch|p2b: Corviknight|Corviknight, L50, F|100/100
|turn|1
|
|t:|1785417375
|detailschange|p1a: Charizard|Charizard-Mega-Y, L50, F
|-mega|p1a: Charizard|Charizard|Charizardite Y
|-weather|SunnyDay|[from] ability: Drought|[of] p1a: Charizard
|detailschange|p2a: Garchomp|Garchomp-Mega, L50, F
|-mega|p2a: Garchomp|Garchomp|Garchompite
|move|p1b: Venusaur|Sleep Powder|p2a: Garchomp
|-status|p2a: Garchomp|slp|[from] move: Sleep Powder
|move|p1a: Charizard|Heat Wave|p2b: Corviknight|[spread] p2b
|-miss|p1a: Charizard|p2a: Garchomp
|-supereffective|p2b: Corviknight|1
|-damage|p2b: Corviknight|0 fnt
|faint|p2b: Corviknight
|cant|p2a: Garchomp|slp
|
|-weather|SunnyDay|[upkeep]
|upkeep
|
|t:|1785417389
|switch|p2b: Tyranitar|Tyranitar, L50, F|100/100
|-weather|Sandstorm|[from] ability: Sand Stream|[of] p2b: Tyranitar
|turn|2
|
|t:|1785417412
|switch|p1a: Garchomp|Garchomp, L50, M|100/100
|move|p2b: Tyranitar|Rock Slide|p1b: Venusaur|[spread] p1a,p1b
|-resisted|p1a: Garchomp|1
|-damage|p1a: Garchomp|84/100
|-damage|p1b: Venusaur|72/100
|cant|p2a: Garchomp|slp
|cant|p1b: Venusaur|flinch
|
|-weather|Sandstorm|[upkeep]
|-damage|p1b: Venusaur|66/100|[from] Sandstorm
|upkeep
|turn|3
|
|t:|1785417436
|move|p2b: Tyranitar|Rock Slide|p1a: Garchomp|[spread] p1a,p1b
|-resisted|p1a: Garchomp|1
|-damage|p1a: Garchomp|69/100
|-damage|p1b: Venusaur|35/100
|move|p1a: Garchomp|Dragon Claw|p2a: Garchomp
|-supereffective|p2a: Garchomp|1
|-damage|p2a: Garchomp|13/100 slp
|-damage|p1a: Garchomp|60/100|[from] item: Life Orb
|-curestatus|p2a: Garchomp|slp|[msg]
|move|p2a: Garchomp|Draco Meteor|p1a: Garchomp
|-supereffective|p1a: Garchomp|1
|-damage|p1a: Garchomp|0 fnt
|-unboost|p2a: Garchomp|spa|2
|faint|p1a: Garchomp
|move|p1b: Venusaur|Earth Power|p2a: Garchomp
|-damage|p2a: Garchomp|0 fnt
|faint|p2a: Garchomp
|
|-weather|Sandstorm|[upkeep]
|-damage|p1b: Venusaur|29/100|[from] Sandstorm
|upkeep
|
|t:|1785417456
|switch|p1a: Incineroar|Incineroar, L50, F|100/100
|switch|p2a: Houndstone|Houndstone, L50, M|100/100
|-ability|p1a: Incineroar|Intimidate|boost
|-unboost|p2a: Houndstone|atk|1
|-unboost|p2b: Tyranitar|atk|1
|turn|4
|
|t:|1785417473
|move|p1b: Venusaur|Protect|p1b: Venusaur
|-singleturn|p1b: Venusaur|Protect
|move|p2a: Houndstone|Last Respects|p1b: Venusaur
|-activate|p1b: Venusaur|move: Protect
|move|p2b: Tyranitar|Rock Slide|p1a: Incineroar|[spread] p1a
|-activate|p1b: Venusaur|move: Protect
|-supereffective|p1a: Incineroar|1
|-damage|p1a: Incineroar|73/100
|move|p1a: Incineroar|Parting Shot|p2b: Tyranitar
|-unboost|p2b: Tyranitar|atk|1
|-unboost|p2b: Tyranitar|spa|1
|
|t:|1785417484
|switch|p1a: Charizard|Charizard-Mega-Y, L50, F|100/100|[from] Parting Shot
|-weather|SunnyDay|[from] ability: Drought|[of] p1a: Charizard
|
|-weather|SunnyDay|[upkeep]
|upkeep
|turn|5
|
|t:|1785417498
|switch|p1a: Incineroar|Incineroar, L50, F|73/100
|-ability|p1a: Incineroar|Intimidate|boost
|-unboost|p2a: Houndstone|atk|1
|-unboost|p2b: Tyranitar|atk|1
|move|p1b: Venusaur|Sleep Powder|p2a: Houndstone|[miss]
|-miss|p1b: Venusaur|p2a: Houndstone
|move|p2b: Tyranitar|Rock Slide|p1a: Incineroar|[spread] p1a
|-miss|p2b: Tyranitar|p1b: Venusaur
|-supereffective|p1a: Incineroar|1
|-damage|p1a: Incineroar|52/100
|move|p2a: Houndstone|Last Respects|p1b: Venusaur
|-damage|p1b: Venusaur|0 fnt
|faint|p1b: Venusaur
|
|-weather|SunnyDay|[upkeep]
|upkeep
|
|t:|1785417504
|switch|p1b: Charizard|Charizard-Mega-Y, L50, F|100/100
|turn|6
|
|t:|1785417524
|move|p1a: Incineroar|Fake Out|p2b: Tyranitar
|-resisted|p2b: Tyranitar|1
|-damage|p2b: Tyranitar|94/100
|cant|p2b: Tyranitar|flinch
|move|p1b: Charizard|Weather Ball|p2a: Houndstone
|-crit|p2a: Houndstone
|-damage|p2a: Houndstone|0 fnt
|faint|p2a: Houndstone
|
|-weather|SunnyDay|[upkeep]
|upkeep
|turn|7
|
|t:|1785417536
|move|p2b: Tyranitar|Rock Slide|p1a: Incineroar|[spread] p1a
|-miss|p2b: Tyranitar|p1b: Charizard
|-supereffective|p1a: Incineroar|1
|-damage|p1a: Incineroar|33/100
|-enditem|p1a: Incineroar|Sitrus Berry|[eat]
|-heal|p1a: Incineroar|58/100|[from] item: Sitrus Berry
|move|p1b: Charizard|Solar Beam||[still]
|-prepare|p1b: Charizard|Solar Beam
|-anim|p1b: Charizard|Solar Beam|p2b: Tyranitar
|-supereffective|p2b: Tyranitar|1
|-damage|p2b: Tyranitar|8/100
|move|p1a: Incineroar|Throat Chop|p2b: Tyranitar
|-resisted|p2b: Tyranitar|1
|-damage|p2b: Tyranitar|0 fnt
|faint|p2b: Tyranitar
|
|win|squalogni
||GS Barnabe is ready for game 2.
|inactive|squalogni has 30 seconds to confirm battle start!
||squalogni is ready for game 2.
|uhtml|next|Next: Game 2 of 3
