|j|☆starlight74
|j|☆kk1pper1314
|html|starlight74kk1pper1314    
|uhtml|bestof|Game 3 of a best-of-3
|t:|1784683007
|gametype|doubles
|player|p1|starlight74|anabel-gen7|1478
|player|p2|kk1pper1314|2|1407
|gen|9
|tier|[Gen 9 Champions] VGC 2026 Reg M-B (Bo3)
|rated|
|rule|Species Clause: Limit one of each Pokémon
|rule|Item Clause: Limit 1 of each item
|clearpoke
|poke|p1|Raichu, L50, M|
|poke|p1|Meganium, L50, F|
|poke|p1|Pelipper, L50, F|
|poke|p1|Archaludon, L50, M|
|poke|p1|Basculegion, L50, M|
|poke|p1|Grimmsnarl, L50, M|
|poke|p2|Tyranitar, L50, M|
|poke|p2|Excadrill, L50, F|
|poke|p2|Milotic, L50, F|
|poke|p2|Talonflame, L50, M|
|poke|p2|Raichu, L50, M|
|poke|p2|Staraptor, L50, F|
|teampreview|4
|showteam|p1|Raichu||RaichuniteX|LightningRod|VoltTackle,VoltSwitch,FakeOut,Protect|Jolly||M|||50|]Meganium||Meganiumite|LeafGuard|SolarBeam,DazzlingGleam,WeatherBall,Protect|Modest||F|||50|]Pelipper||ChoiceScarf|Drizzle|WeatherBall,Hurricane,Soak,RainDance|Timid||F|||50|]Archaludon||Leftovers|Stamina|ElectroShot,FlashCannon,DragonPulse,Protect|Modest||M|||50|]Basculegion||LifeOrb|SwiftSwim|WaveCrash,LastRespects,AquaJet,Protect|Adamant||M|||50|]Grimmsnarl||LightClay|Prankster|LightScreen,Reflect,PartingShot,SpiritBreak|Sassy||M|||50|
|showteam|p2|Tyranitar||ChoiceScarf|SandStream|KnockOff,RockSlide,IcePunch,LowKick|Jolly||M|||50|]Excadrill||FocusSash|SandRush|Protect,IronHead,HighHorsepower,RockTomb|Jolly||F|||50|]Milotic||Leftovers|Competitive|Protect,Scald,IceBeam,Haze|Calm||F|||50|]Talonflame||LifeOrb|GaleWings|Protect,QuickGuard,Tailwind,BraveBird|Jolly||M|||50|]Raichu||RaichuniteY|LightningRod|Protect,FakeOut,ZapCannon,FocusBlast|Timid||M|||50|]Staraptor||Staraptite|Intimidate|Protect,Roost,BraveBird,CloseCombat|Jolly||F|||50|
|inactive|Battle timer is ON: inactive players will automatically lose when time's up. (requested by kk1pper1314)
|inactive|starlight74 also wants the timer to be on.
|
|t:|1784683029
|teamsize|p1|4
|teamsize|p2|4
|start
|switch|p1a: Basculegion|Basculegion, L50, M|100/100
|switch|p1b: Meganium|Meganium, L50, F|100/100
|switch|p2a: Staraptor|Staraptor, L50, F|100/100
|switch|p2b: Milotic|Milotic, L50, F|100/100
|-ability|p2a: Staraptor|Intimidate|boost
|-unboost|p1a: Basculegion|atk|1
|-unboost|p1b: Meganium|atk|1
|turn|1
|
|t:|1784683046
|detailschange|p1b: Meganium|Meganium-Mega, L50, F
|-mega|p1b: Meganium|Meganium|Meganiumite
|move|p2a: Staraptor|Protect|p2a: Staraptor
|-singleturn|p2a: Staraptor|Protect
|move|p1b: Meganium|Protect|p1b: Meganium
|-singleturn|p1b: Meganium|Protect
|move|p1a: Basculegion|Wave Crash|p2a: Staraptor
|-activate|p2a: Staraptor|move: Protect
|move|p2b: Milotic|Ice Beam|p1b: Meganium
|-activate|p1b: Meganium|move: Protect
|
|upkeep
|turn|2
|
|t:|1784683060
|switch|p1b: Pelipper|Pelipper, L50, F|100/100
|-weather|RainDance|[from] ability: Drizzle|[of] p1b: Pelipper
|detailschange|p2a: Staraptor|Staraptor-Mega, L50, F
|-mega|p2a: Staraptor|Staraptor|Staraptite
|move|p1a: Basculegion|Wave Crash|p2a: Staraptor
|-damage|p2a: Staraptor|20/100y
|-damage|p1a: Basculegion|75/100|[from] Recoil
|-damage|p1a: Basculegion|65/100|[from] item: Life Orb
|move|p2a: Staraptor|Close Combat|p1b: Pelipper
|-resisted|p1b: Pelipper|1
|-damage|p1b: Pelipper|64/100
|-boost|p2a: Staraptor|def|1
|-boost|p2a: Staraptor|spd|1
|move|p2b: Milotic|Scald|p1a: Basculegion
|-resisted|p1a: Basculegion|1
|-damage|p1a: Basculegion|41/100
|
|-weather|RainDance|[upkeep]
|upkeep
|turn|3
|inactive|kk1pper1314 has 30 seconds left.
|
|t:|1784683088
|move|p2a: Staraptor|Protect|p2a: Staraptor
|-singleturn|p2a: Staraptor|Protect
|move|p1a: Basculegion|Wave Crash|p2b: Milotic
|-resisted|p2b: Milotic|1
|-damage|p2b: Milotic|65/100
|-damage|p1a: Basculegion|29/100|[from] Recoil
|-damage|p1a: Basculegion|20/100y|[from] item: Life Orb
|move|p1b: Pelipper|Weather Ball|p2a: Staraptor
|-activate|p2a: Staraptor|move: Protect
|move|p2b: Milotic|Scald|p1a: Basculegion
|-resisted|p1a: Basculegion|1
|-crit|p1a: Basculegion
|-damage|p1a: Basculegion|0 fnt
|faint|p1a: Basculegion
|
|-weather|RainDance|[upkeep]
|-heal|p2b: Milotic|71/100|[from] item: Leftovers
|upkeep
|
|t:|1784683093
|switch|p1a: Meganium|Meganium-Mega, L50, F|100/100
|turn|4
|
|t:|1784683112
|switch|p2a: Tyranitar|Tyranitar, L50, M|100/100
|-weather|Sandstorm|[from] ability: Sand Stream|[of] p2a: Tyranitar
|move|p1b: Pelipper|Weather Ball|p2a: Tyranitar
|-damage|p2a: Tyranitar|80/100
|move|p1a: Meganium|Solar Beam||[still]
|-prepare|p1a: Meganium|Solar Beam
|-activate|p1a: Meganium|ability: Mega Sol
|-anim|p1a: Meganium|Solar Beam|p2b: Milotic
|-supereffective|p2b: Milotic|1
|-damage|p2b: Milotic|0 fnt
|faint|p2b: Milotic
|
|-weather|Sandstorm|[upkeep]
|-damage|p1b: Pelipper|58/100|[from] Sandstorm
|-damage|p1a: Meganium|93/100|[from] Sandstorm
|upkeep
|
|t:|1784683123
|switch|p2b: Excadrill|Excadrill, L50, F|100/100
|turn|5
|
|t:|1784683130
|switch|p1b: Archaludon|Archaludon, L50, M|100/100
|move|p1a: Meganium|Protect|p1a: Meganium
|-singleturn|p1a: Meganium|Protect
|move|p2b: Excadrill|Iron Head|p1a: Meganium
|-activate|p1a: Meganium|move: Protect
|move|p2a: Tyranitar|Rock Slide|p1b: Archaludon|[spread] p1b
|-activate|p1a: Meganium|move: Protect
|-resisted|p1b: Archaludon|1
|-damage|p1b: Archaludon|89/100
|-ability|p1b: Archaludon|Stamina|boost
|-boost|p1b: Archaludon|def|1
|
|-weather|Sandstorm|[upkeep]
|-damage|p1a: Meganium|87/100|[from] Sandstorm
|-heal|p1b: Archaludon|95/100|[from] item: Leftovers
|upkeep
|turn|6
|inactive|kk1pper1314 has 30 seconds left.
|
|t:|1784683156
|switch|p2a: Staraptor|Staraptor-Mega, L50, F|20/100y
|move|p2b: Excadrill|Iron Head|p1a: Meganium
|-supereffective|p1a: Meganium|1
|-damage|p1a: Meganium|9/100
|move|p1a: Meganium|Solar Beam||[still]
|-prepare|p1a: Meganium|Solar Beam
|-activate|p1a: Meganium|ability: Mega Sol
|-anim|p1a: Meganium|Solar Beam|p2a: Staraptor
|-resisted|p2a: Staraptor|1
|-damage|p2a: Staraptor|0 fnt
|faint|p2a: Staraptor
|move|p1b: Archaludon|Flash Cannon|p2b: Excadrill
|-resisted|p2b: Excadrill|1
|-damage|p2b: Excadrill|74/100
|
|-weather|Sandstorm|[upkeep]
|-damage|p1a: Meganium|3/100|[from] Sandstorm
|-heal|p1b: Archaludon|100/100|[from] item: Leftovers
|upkeep
|
|t:|1784683161
|switch|p2a: Tyranitar|Tyranitar, L50, M|80/100
|turn|7
|
|t:|1784683177
|move|p1b: Archaludon|Protect|p1b: Archaludon
|-singleturn|p1b: Archaludon|Protect
|move|p2b: Excadrill|High Horsepower|p1b: Archaludon
|-activate|p1b: Archaludon|move: Protect
|move|p2a: Tyranitar|Knock Off|p1b: Archaludon
|-activate|p1b: Archaludon|move: Protect
|move|p1a: Meganium|Solar Beam||[still]
|-prepare|p1a: Meganium|Solar Beam
|-activate|p1a: Meganium|ability: Mega Sol
|-anim|p1a: Meganium|Solar Beam|p2a: Tyranitar
|-supereffective|p2a: Tyranitar|1
|-damage|p2a: Tyranitar|0 fnt
|faint|p2a: Tyranitar
|
|-weather|Sandstorm|[upkeep]
|-damage|p1a: Meganium|0 fnt|[from] Sandstorm
|faint|p1a: Meganium
|upkeep
|-message|kk1pper1314 forfeited.
|
|win|starlight74
|raw|starlight74's rating: 1478 → 1494(+16 for winning)
|raw|kk1pper1314's rating: 1407 → 1391(-16 for losing)
