|j|☆Jack Hexapod
|j|☆Seven_Summits
|html|Jack HexapodSeven_Summits    
|uhtml|bestof|Game 2 of a best-of-3
|t:|1782277423
|gametype|doubles
|player|p1|Jack Hexapod|bugcatcher-gen4dp|1083
|player|p2|Seven_Summits|guitarist|1044
|gen|9
|tier|[Gen 9 Champions] VGC 2026 Reg M-B (Bo3)
|rated|
|rule|Species Clause: Limit one of each Pokémon
|rule|Item Clause: Limit 1 of each item
|clearpoke
|poke|p1|Sinistcha, L50, shiny|
|poke|p1|Grimmsnarl, L50, M, shiny|
|poke|p1|Pelipper, L50, M, shiny|
|poke|p1|Archaludon, L50, M, shiny|
|poke|p1|Swampert, L50, F|
|poke|p1|Metagross, L50, shiny|
|poke|p2|Staraptor, L50, M|
|poke|p2|Whimsicott, L50, F|
|poke|p2|Garchomp, L50, F|
|poke|p2|Delphox, L50, F|
|poke|p2|Sinistcha-Masterpiece, L50|
|poke|p2|Incineroar, L50, F|
|teampreview|4
|showteam|p1|Sinistcha||KasibBerry|Hospitality|MatchaGotcha,RagePowder,TrickRoom,Protect|Relaxed|||||50|]Grimmsnarl||LightClay|Prankster|SpiritBreak,Reflect,LightScreen,PartingShot|Careful||M|||50|]Pelipper||SitrusBerry|Drizzle|Hurricane,WeatherBall,Tailwind,WideGuard|Modest||M|||50|]Archaludon||Leftovers|Stamina|ElectroShot,FlashCannon,DragonPulse,Protect|Modest||M|||50|]Swampert||Swampertite|Damp|WaveCrash,Earthquake,IcePunch,Protect|Adamant||F|||50|]Metagross||Metagrossite|ClearBody|PsychicFangs,IronHead,StompingTantrum,Protect|Jolly|||||50|
|showteam|p2|Staraptor||Staraptite|Intimidate|Protect,Roost,BraveBird,CloseCombat|Jolly||M|||50|]Whimsicott||FocusSash|Prankster|Encore,Tailwind,Charm,Moonblast|Timid||F|||50|]Garchomp||LifeOrb|RoughSkin|Protect,Earthquake,RockSlide,DragonClaw|Jolly||F|||50|]Delphox||Delphoxite|Blaze|HeatWave,Psyshock,NastyPlot,Protect|Timid||F|||50|]Sinistcha-Masterpiece||KasibBerry|Hospitality|Protect,RagePowder,StrengthSap,MatchaGotcha|Bold|||||50|]Incineroar||SitrusBerry|Intimidate|FakeOut,PartingShot,ThroatChop,FlareBlitz|Careful||F|||50|
|inactive|Battle timer is ON: inactive players will automatically lose when time's up. (requested by Jack Hexapod)
|inactive|Jack Hexapod has 60 seconds left.
|
|t:|1782277460
|teamsize|p1|4
|teamsize|p2|4
|start
|switch|p1a: Inoxidavel|Metagross, L50, shiny|100/100
|switch|p1b: Caipiroto|Grimmsnarl, L50, M, shiny|100/100
|switch|p2a: Garchomp|Garchomp, L50, F|100/100
|switch|p2b: Whimsicott|Whimsicott, L50, F|100/100
|turn|1
|
|t:|1782277483
|detailschange|p1a: Inoxidavel|Metagross-Mega, L50, shiny
|-mega|p1a: Inoxidavel|Metagross|Metagrossite
|move|p2b: Whimsicott|Charm|p1a: Inoxidavel
|-unboost|p1a: Inoxidavel|atk|2
|move|p1b: Caipiroto|Reflect|p1b: Caipiroto
|-sidestart|p1: Jack Hexapod|Reflect
|move|p1a: Inoxidavel|Iron Head|p2b: Whimsicott
|-supereffective|p2b: Whimsicott|1
|-damage|p2b: Whimsicott|10/100
|move|p2a: Garchomp|Earthquake|p1a: Inoxidavel|[spread] p2b,p1a,p1b
|-resisted|p2b: Whimsicott|1
|-supereffective|p1a: Inoxidavel|1
|-crit|p1b: Caipiroto
|-damage|p2b: Whimsicott|0 fnt
|-damage|p1a: Inoxidavel|52/100
|-damage|p1b: Caipiroto|26/100
|faint|p2b: Whimsicott
|-damage|p2a: Garchomp|90/100|[from] item: Life Orb
|
|upkeep
|
|t:|1782277497
|switch|p2b: Staraptor|Staraptor, L50, M|100/100
|-ability|p2b: Staraptor|Intimidate|boost
|-unboost|p1a: Inoxidavel|atk|1
|-unboost|p1b: Caipiroto|atk|1
|turn|2
|
|t:|1782277507
|switch|p1a: Chrono|Pelipper, L50, M, shiny|100/100
|-weather|RainDance|[from] ability: Drizzle|[of] p1a: Chrono
|detailschange|p2b: Staraptor|Staraptor-Mega, L50, M
|-mega|p2b: Staraptor|Staraptor|Staraptite
|move|p1b: Caipiroto|Parting Shot|p2a: Garchomp
|-unboost|p2a: Garchomp|atk|1
|-unboost|p2a: Garchomp|spa|1
|
|t:|1782277520
|switch|p1b: Palace|Archaludon, L50, M, shiny|100/100|[from] Parting Shot
|move|p2b: Staraptor|Close Combat|p1a: Chrono
|-resisted|p1a: Chrono|1
|-damage|p1a: Chrono|77/100
|-boost|p2b: Staraptor|def|1
|-boost|p2b: Staraptor|spd|1
|move|p2a: Garchomp|Earthquake|p1a: Chrono|[spread] p1b
|-immune|p2b: Staraptor
|-immune|p1a: Chrono
|-supereffective|p1b: Palace|1
|-damage|p1b: Palace|70/100
|-ability|p1b: Palace|Stamina|boost
|-boost|p1b: Palace|def|1
|-damage|p2a: Garchomp|80/100|[from] item: Life Orb
|
|-weather|RainDance|[upkeep]
|-heal|p1b: Palace|76/100|[from] item: Leftovers
|upkeep
|turn|3
|
|t:|1782277541
|switch|p2a: Sinistcha|Sinistcha-Masterpiece, L50|100/100
|move|p2b: Staraptor|Close Combat|p1b: Palace
|-supereffective|p1b: Palace|1
|-damage|p1b: Palace|35/100
|-boost|p2b: Staraptor|def|1
|-boost|p2b: Staraptor|spd|1
|-ability|p1b: Palace|Stamina|boost
|-boost|p1b: Palace|def|1
|move|p1b: Palace|Electro Shot||[still]
|-prepare|p1b: Palace|Electro Shot
|-boost|p1b: Palace|spa|1
|-anim|p1b: Palace|Electro Shot|p2b: Staraptor
|-supereffective|p2b: Staraptor|1
|-damage|p2b: Staraptor|20/100y
|move|p1a: Chrono|Tailwind|p1a: Chrono
|-sidestart|p1: Jack Hexapod|move: Tailwind
|
|-weather|RainDance|[upkeep]
|-heal|p1b: Palace|41/100|[from] item: Leftovers
|upkeep
|turn|4
|
|t:|1782277565
|move|p2a: Sinistcha|Rage Powder|p2a: Sinistcha
|-singleturn|p2a: Sinistcha|move: Rage Powder
|move|p1b: Palace|Dragon Pulse|p2a: Sinistcha
|-damage|p2a: Sinistcha|38/100
|move|p1a: Chrono|Hurricane|p2a: Sinistcha
|-supereffective|p2a: Sinistcha|1
|-damage|p2a: Sinistcha|0 fnt
|faint|p2a: Sinistcha
|move|p2b: Staraptor|Roost|p2b: Staraptor
|-heal|p2b: Staraptor|70/100
|-singleturn|p2b: Staraptor|move: Roost
|
|-weather|RainDance|[upkeep]
|-heal|p1b: Palace|47/100|[from] item: Leftovers
|upkeep
|
|t:|1782277571
|switch|p2a: Garchomp|Garchomp, L50, F|80/100
|turn|5
|
|t:|1782277587
|move|p2a: Garchomp|Protect|p2a: Garchomp
|-singleturn|p2a: Garchomp|Protect
|move|p1b: Palace|Dragon Pulse|p2a: Garchomp
|-activate|p2a: Garchomp|move: Protect
|move|p1a: Chrono|Hurricane|p2b: Staraptor
|-supereffective|p2b: Staraptor|1
|-damage|p2b: Staraptor|15/100
|move|p2b: Staraptor|Close Combat|p1b: Palace
|-supereffective|p1b: Palace|1
|-damage|p1b: Palace|14/100
|-boost|p2b: Staraptor|def|1
|-boost|p2b: Staraptor|spd|1
|-ability|p1b: Palace|Stamina|boost
|-boost|p1b: Palace|def|1
|
|-weather|RainDance|[upkeep]
|-heal|p1b: Palace|20/100y|[from] item: Leftovers
|upkeep
|turn|6
|
|t:|1782277608
|move|p2b: Staraptor|Protect|p2b: Staraptor
|-singleturn|p2b: Staraptor|Protect
|move|p2a: Garchomp|Protect||[still]
|-fail|p2a: Garchomp
|move|p1b: Palace|Dragon Pulse|p2a: Garchomp
|-supereffective|p2a: Garchomp|1
|-damage|p2a: Garchomp|0 fnt
|faint|p2a: Garchomp
|move|p1a: Chrono|Hurricane|p2b: Staraptor
|-activate|p2b: Staraptor|move: Protect
|
|-weather|none
|-heal|p1b: Palace|26/100|[from] item: Leftovers
|-sideend|p1: Jack Hexapod|move: Tailwind
|upkeep
|turn|7
|-message|Seven_Summits forfeited.
|
|win|Jack Hexapod
||Seven_Summits is ready for game 3.
||Jack Hexapod is ready for game 3.
|uhtml|next|Next: Game 3 of 3
|l|☆Jack Hexapod
|player|p1|
