|j|☆GWMicroK
|j|☆bearlover997
|html|GWMicroKbearlover997    
|uhtml|bestof|Game 1 of a best-of-3
|t:|1783618018
|gametype|doubles
|player|p1|GWMicroK|169|1040
|player|p2|bearlover997|sage|1046
|gen|9
|tier|[Gen 9 Champions] VGC 2026 Reg M-B (Bo3)
|rated|
|rule|Species Clause: Limit one of each Pokémon
|rule|Item Clause: Limit 1 of each item
|clearpoke
|poke|p1|Ditto, L50, shiny|
|poke|p1|Sinistcha-Masterpiece, L50, shiny|
|poke|p1|Pelipper, L50, F|
|poke|p1|Swampert, L50, F|
|poke|p1|Tyranitar, L50, F|
|poke|p1|Archaludon, L50, F|
|poke|p2|Mamoswine, L50, M, shiny|
|poke|p2|Sinistcha, L50|
|poke|p2|Eelektross, L50, M, shiny|
|poke|p2|Oranguru, L50, F|
|poke|p2|Whimsicott, L50, M|
|poke|p2|Incineroar, L50, M|
|teampreview|4
|showteam|p1|Ditto||QuickClaw|Imposter|Transform|Relaxed|||||50|]Sinistcha-Masterpiece||SitrusBerry|Hospitality|MatchaGotcha,TrickRoom,LifeDew,RagePowder|Bold|||||50|]Pelipper||FocusSash|Drizzle|WeatherBall,Hurricane,WideGuard,Tailwind|Timid||F|||50|]Swampert||Swampertite|Damp|WaveCrash,Earthquake,IcePunch,Protect|Adamant||F|||50|]Tyranitar||Tyranitarite|SandStream|KnockOff,RockSlide,DragonDance,Protect|Adamant||F|||50|]Archaludon||Leftovers|Stamina|DragonPulse,FlashCannon,ElectroShot,Protect|Modest||F|||50|
|showteam|p2|Mamoswine||LifeOrb|Oblivious|IceShard,Earthquake,Protect,RockSlide|Adamant||M|||50|]Sinistcha||Leftovers|Hospitality|MatchaGotcha,RagePowder,Protect,TrickRoom|Relaxed|||||50|]Eelektross||Eelektrossite|Levitate|Discharge,Protect,Flamethrower,GigaDrain|Modest||M|||50|]Oranguru||MentalHerb|Telepathy|TrickRoom,Instruct,Protect,PsychicNoise|Sassy||F|||50|]Whimsicott||FocusSash|Prankster|Tailwind,Protect,Moonblast,Encore|Bold||M|||50|]Incineroar||PasshoBerry|Intimidate|FakeOut,PartingShot,FlareBlitz,CloseCombat|Adamant||M|||50|
|inactive|Battle timer is ON: inactive players will automatically lose when time's up. (requested by bearlover997)
|inactive|GWMicroK has 60 seconds left.
|
|t:|1783618051
|teamsize|p1|4
|teamsize|p2|4
|start
|switch|p1a: Archaludon|Archaludon, L50, F|100/100
|switch|p1b: Sinistcha|Sinistcha-Masterpiece, L50, shiny|100/100
|switch|p2a: Sinistcha|Sinistcha, L50|100/100
|switch|p2b: Incineroar|Incineroar, L50, M|100/100
|-ability|p2b: Incineroar|Intimidate|boost
|-unboost|p1a: Archaludon|atk|1
|-unboost|p1b: Sinistcha|atk|1
|turn|1
|inactive|GWMicroK has 30 seconds left.
|inactive|bearlover997 has 30 seconds left.
|l|☆GWMicroK
|inactive|GWMicroK disconnected and has a minute to reconnect!
|player|p1|
|inactive|GWMicroK has 20 seconds left.
|j|☆GWMicroK
|inactive|GWMicroK reconnected and has 20 seconds left.
|player|p1|GWMicroK|169|
|inactive|GWMicroK has 15 seconds left.
|inactive|GWMicroK has 10 seconds left.
|inactive|GWMicroK has 5 seconds left.
|
|t:|1783618104
|switch|p1a: Ditto|Ditto, L50, shiny|100/100
|-transform|p1a: Ditto|p2b: Incineroar|[from] ability: Imposter
|-ability|p1a: Ditto|Intimidate|boost
|-unboost|p2a: Sinistcha|atk|1
|-unboost|p2b: Incineroar|atk|1
|switch|p2a: Eelektross|Eelektross, L50, M, shiny|100/100
|move|p1b: Sinistcha|Matcha Gotcha|p2a: Eelektross|[spread] p2a,p2b
|-resisted|p2b: Incineroar|1
|-damage|p2a: Eelektross|73/100
|-damage|p2b: Incineroar|89/100
|move|p2b: Incineroar|Flare Blitz|p1b: Sinistcha
|-supereffective|p1b: Sinistcha|1
|-damage|p1b: Sinistcha|31/100
|-enditem|p1b: Sinistcha|Sitrus Berry|[eat]
|-heal|p1b: Sinistcha|56/100|[from] item: Sitrus Berry
|-damage|p2b: Incineroar|69/100|[from] Recoil
|
|upkeep
|turn|2
|inactive|GWMicroK has 30 seconds left.
|inactive|GWMicroK has 20 seconds left.
|
|t:|1783618141
|switch|p1b: Tyranitar|Tyranitar, L50, F|100/100
|-weather|Sandstorm|[from] ability: Sand Stream|[of] p1b: Tyranitar
|switch|p2b: Sinistcha|Sinistcha, L50|100/100
|-heal|p2a: Eelektross|98/100|[from] ability: Hospitality|[of] p2b: Sinistcha
|detailschange|p2a: Eelektross|Eelektross-Mega, L50, M, shiny
|-mega|p2a: Eelektross|Eelektross|Eelektrossite
|move|p2a: Eelektross|Protect|p2a: Eelektross
|-singleturn|p2a: Eelektross|Protect
|move|p1a: Ditto|Parting Shot|p2a: Eelektross
|-activate|p2a: Eelektross|move: Protect
|
|-weather|Sandstorm|[upkeep]
|-damage|p2a: Eelektross|91/100|[from] Sandstorm
|-damage|p2b: Sinistcha|93/100|[from] Sandstorm
|-damage|p1a: Ditto|94/100|[from] Sandstorm
|-heal|p2b: Sinistcha|100/100|[from] item: Leftovers
|upkeep
|turn|3
|inactive|GWMicroK has 30 seconds left.
|inactive|GWMicroK has 20 seconds left.
|
|t:|1783618177
|switch|p2b: Incineroar|Incineroar, L50, M|69/100
|-ability|p2b: Incineroar|Intimidate|boost
|-unboost|p1a: Ditto|atk|1
|-unboost|p1b: Tyranitar|atk|1
|detailschange|p1b: Tyranitar|Tyranitar-Mega, L50, F
|-mega|p1b: Tyranitar|Tyranitar|Tyranitarite
|move|p1b: Tyranitar|Knock Off|p2b: Incineroar
|-resisted|p2b: Incineroar|1
|-damage|p2b: Incineroar|50/100g
|-enditem|p2b: Incineroar|Passho Berry|[from] move: Knock Off|[of] p1b: Tyranitar
|move|p2a: Eelektross|Discharge|p1a: Ditto|[spread] p2b,p1a,p1b
|-damage|p2b: Incineroar|18/100
|-damage|p1a: Ditto|47/100
|-damage|p1b: Tyranitar|82/100
|-status|p2b: Incineroar|par
|-status|p1a: Ditto|par
|move|p1a: Ditto|Parting Shot|p2a: Eelektross
|-unboost|p2a: Eelektross|atk|1
|-unboost|p2a: Eelektross|spa|1
|
|t:|1783618197
|switch|p1a: Sinistcha|Sinistcha-Masterpiece, L50, shiny|56/100|[from] Parting Shot
|-heal|p1b: Tyranitar|100/100|[from] ability: Hospitality|[of] p1a: Sinistcha
|
|-weather|Sandstorm|[upkeep]
|-damage|p2a: Eelektross|85/100|[from] Sandstorm
|-damage|p1a: Sinistcha|50/100y|[from] Sandstorm
|-damage|p2b: Incineroar|12/100 par|[from] Sandstorm
|upkeep
|turn|4
|
|t:|1783618212
|switch|p1a: Archaludon|Archaludon, L50, F|100/100
|move|p2b: Incineroar|Fake Out|p1b: Tyranitar
|-resisted|p1b: Tyranitar|1
|-damage|p1b: Tyranitar|96/100
|cant|p1b: Tyranitar|flinch
|move|p2a: Eelektross|Flamethrower|p1a: Archaludon
|-damage|p1a: Archaludon|71/100
|-ability|p1a: Archaludon|Stamina|boost
|-boost|p1a: Archaludon|def|1
|
|-weather|Sandstorm|[upkeep]
|-damage|p2a: Eelektross|79/100|[from] Sandstorm
|-damage|p2b: Incineroar|6/100 par|[from] Sandstorm
|-heal|p1a: Archaludon|77/100|[from] item: Leftovers
|upkeep
|turn|5
|inactive|bearlover997 has 30 seconds left.
|
|t:|1783618238
|switch|p1b: Ditto|Ditto, L50, shiny|47/100 par
|-transform|p1b: Ditto|p2a: Eelektross|[from] ability: Imposter
|move|p1a: Archaludon|Dragon Pulse|p2b: Incineroar
|-damage|p2b: Incineroar|0 fnt
|faint|p2b: Incineroar
|move|p2a: Eelektross|Discharge|p1a: Archaludon|[spread] p1a,p1b
|-resisted|p1a: Archaludon|1
|-resisted|p1b: Ditto|1
|-damage|p1a: Archaludon|63/100
|-damage|p1b: Ditto|36/100 par
|-ability|p1a: Archaludon|Stamina|boost
|-boost|p1a: Archaludon|def|1
|
|-weather|Sandstorm|[upkeep]
|-damage|p2a: Eelektross|73/100|[from] Sandstorm
|-damage|p1b: Ditto|30/100 par|[from] Sandstorm
|-heal|p1a: Archaludon|69/100|[from] item: Leftovers
|upkeep
|
|t:|1783618254
|switch|p2b: Mamoswine|Mamoswine, L50, M, shiny|100/100
|turn|6
|
|t:|1783618267
|move|p1a: Archaludon|Flash Cannon|p2b: Mamoswine
|-supereffective|p2b: Mamoswine|1
|-damage|p2b: Mamoswine|0 fnt
|faint|p2b: Mamoswine
|move|p2a: Eelektross|Discharge|p1a: Archaludon|[spread] p1a,p1b
|-resisted|p1a: Archaludon|1
|-resisted|p1b: Ditto|1
|-damage|p1a: Archaludon|55/100
|-damage|p1b: Ditto|20/100y par
|-status|p1a: Archaludon|par
|-ability|p1a: Archaludon|Stamina|boost
|-boost|p1a: Archaludon|def|1
|move|p1b: Ditto|Giga Drain|p2a: Eelektross
|-damage|p2a: Eelektross|55/100
|-heal|p1b: Ditto|30/100 par|[from] drain|[of] p2a: Eelektross
|
|-weather|none
|-heal|p1a: Archaludon|61/100 par|[from] item: Leftovers
|upkeep
|
|t:|1783618279
|switch|p2b: Sinistcha|Sinistcha, L50|100/100
|-heal|p2a: Eelektross|80/100|[from] ability: Hospitality|[of] p2b: Sinistcha
|turn|7
|
|t:|1783618300
|switch|p1b: Sinistcha|Sinistcha-Masterpiece, L50, shiny|50/100y
|-heal|p1a: Archaludon|86/100 par|[from] ability: Hospitality|[of] p1b: Sinistcha
|move|p2a: Eelektross|Flamethrower|p1a: Archaludon
|-damage|p1a: Archaludon|61/100 par
|-ability|p1a: Archaludon|Stamina|boost
|-boost|p1a: Archaludon|def|1
|move|p2b: Sinistcha|Matcha Gotcha|p1a: Archaludon|[spread] p1b
|-miss|p2b: Sinistcha|p1a: Archaludon
|-resisted|p1b: Sinistcha|1
|-damage|p1b: Sinistcha|38/100
|move|p1a: Archaludon|Flash Cannon|p2b: Sinistcha
|-damage|p2b: Sinistcha|51/100
|-unboost|p2b: Sinistcha|spd|1
|
|-heal|p2b: Sinistcha|57/100|[from] item: Leftovers
|-heal|p1a: Archaludon|67/100 par|[from] item: Leftovers
|upkeep
|turn|8
|inactive|GWMicroK has 30 seconds left.
|
|t:|1783618331
|move|p2a: Eelektross|Flamethrower|p1b: Sinistcha
|-supereffective|p1b: Sinistcha|1
|-damage|p1b: Sinistcha|0 fnt
|faint|p1b: Sinistcha
|-ability|p2a: Eelektross|Eelevate|boost
|-boost|p2a: Eelektross|spa|1
|move|p1a: Archaludon|Dragon Pulse|p2a: Eelektross
|-damage|p2a: Eelektross|38/100
|move|p2b: Sinistcha|Trick Room|p2b: Sinistcha
|-fieldstart|move: Trick Room|[of] p2b: Sinistcha
|
|-heal|p1a: Archaludon|73/100 par|[from] item: Leftovers
|-heal|p2b: Sinistcha|63/100|[from] item: Leftovers
|upkeep
|
|t:|1783618346
|switch|p1b: Ditto|Ditto, L50, shiny|30/100 par
|-transform|p1b: Ditto|p2a: Eelektross|[from] ability: Imposter
|turn|9
|
|t:|1783618360
|move|p2a: Eelektross|Protect|p2a: Eelektross
|-singleturn|p2a: Eelektross|Protect
|move|p1b: Ditto|Flamethrower|p2b: Sinistcha
|-supereffective|p2b: Sinistcha|1
|-damage|p2b: Sinistcha|0 fnt
|faint|p2b: Sinistcha
|-ability|p1b: Ditto|Eelevate|boost
|-boost|p1b: Ditto|spa|1
|move|p1a: Archaludon|Dragon Pulse|p2a: Eelektross
|-activate|p2a: Eelektross|move: Protect
|
|-heal|p1a: Archaludon|79/100 par|[from] item: Leftovers
|upkeep
|turn|10
|l|☆bearlover997
|inactive|bearlover997 disconnected and has a minute to reconnect!
|player|p2|
|
|t:|1783618378
|move|p1b: Ditto|Giga Drain|p2a: Eelektross
|-damage|p2a: Eelektross|0 fnt
|-heal|p1b: Ditto|50/100g par|[from] drain|[of] p2a: Eelektross
|faint|p2a: Eelektross
|
|win|GWMicroK
