|j|☆swordkn
|j|☆ground tera
|html|swordknground tera    
|uhtml|bestof|Game 3 of a best-of-3
|t:|1784311834
|gametype|doubles
|player|p1|swordkn|bugcatcher-gen4dp|1192
|player|p2|ground tera|2|1249
|gen|9
|tier|[Gen 9 Champions] VGC 2026 Reg M-B (Bo3)
|rated|
|rule|Species Clause: Limit one of each Pokémon
|rule|Item Clause: Limit 1 of each item
|clearpoke
|poke|p1|Gardevoir, L50, F, shiny|
|poke|p1|Basculegion, L50, M, shiny|
|poke|p1|Talonflame, L50, M, shiny|
|poke|p1|Maushold, L50|
|poke|p1|Kingambit, L50, F|
|poke|p1|Kommo-o, L50, F|
|poke|p2|Floette-Eternal, L50, F|
|poke|p2|Gyarados, L50, M|
|poke|p2|Sneasler, L50, F|
|poke|p2|Incineroar, L50, M|
|poke|p2|Sinistcha, L50|
|poke|p2|Garchomp, L50, M|
|teampreview|4
|showteam|p1|Gardevoir||Gardevoirite|Trace|HyperVoice,Psychic,Thunderbolt,Protect|Modest||F|||50|]Basculegion||ChoiceScarf|Adaptability|WaveCrash,LastRespects,FlipTurn,AquaJet|Jolly||M|||50|]Talonflame||SharpBeak|GaleWings|DualWingbeat,FlareBlitz,Tailwind,Protect|Jolly||M|||50|]Maushold||FocusSash|FriendGuard|SuperFang,Feint,FollowMe,Protect|Jolly|||||50|]Kingambit||ExpertBelt|Defiant|KowtowCleave,SuckerPunch,IronHead,LowKick|Jolly||F|||50|]Kommo-o||LifeOrb|Soundproof|ClangingScales,DracoMeteor,AuraSphere,Protect|Modest||F|||50|
|showteam|p2|Floette-Eternal||Floettite|FlowerVeil|Protect,CalmMind,Moonblast,DazzlingGleam|Modest||F|||50|]Gyarados||Gyaradosite|Moxie|Protect,DragonDance,Waterfall,Crunch|Adamant||M|||50|]Sneasler||FocusSash|Unburden|FakeOut,DireClaw,CloseCombat,Coaching|Naive||F|||50|]Incineroar||ShucaBerry|Intimidate|FakeOut,PartingShot,FlareBlitz,ThroatChop|Impish||M|||50|]Sinistcha||SitrusBerry|Hospitality|Protect,MatchaGotcha,RagePowder,TrickRoom|Bold|||||50|]Garchomp||LifeOrb|RoughSkin|Protect,StompingTantrum,RockSlide,DragonClaw|Jolly||M|||50|
|inactive|Battle timer is ON: inactive players will automatically lose when time's up. (requested by ground tera)
|c|☆swordkn|When every prediction turns out right:
|c|☆ground tera|learn to play
|inactive|swordkn has 60 seconds left.
|inactive|swordkn has 30 seconds left.
|
|t:|1784311895
|teamsize|p1|4
|teamsize|p2|4
|start
|switch|p1a: Talonflame|Talonflame, L50, M, shiny|100/100
|switch|p1b: Kingambit|Kingambit, L50, F|100/100
|switch|p2a: Sneasler|Sneasler, L50, F|100/100
|switch|p2b: Floette|Floette-Eternal, L50, F|100/100
|turn|1
|c|☆swordkn|Self-criticism?
|
|t:|1784311917
|switch|p2b: Incineroar|Incineroar, L50, M|100/100
|-ability|p2b: Incineroar|Intimidate|boost
|-unboost|p1a: Talonflame|atk|1
|-unboost|p1b: Kingambit|atk|1
|-ability|p1b: Kingambit|Defiant|boost
|-boost|p1b: Kingambit|atk|2
|move|p1a: Talonflame|Tailwind|p1a: Talonflame
|-sidestart|p1: swordkn|move: Tailwind
|move|p1b: Kingambit|Iron Head|p2b: Incineroar
|-resisted|p2b: Incineroar|1
|-damage|p2b: Incineroar|75/100
|move|p2a: Sneasler|Close Combat|p1b: Kingambit
|-supereffective|p1b: Kingambit|2
|-damage|p1b: Kingambit|0 fnt
|-unboost|p2a: Sneasler|def|1
|-unboost|p2a: Sneasler|spd|1
|faint|p1b: Kingambit
|
|upkeep
|
|t:|1784311929
|switch|p1b: Gardevoir|Gardevoir, L50, F, shiny|100/100
|-ability|p1b: Gardevoir|Unburden|Trace|[from] ability: Trace|[of] p2a: Sneasler
|turn|2
|
|t:|1784311950
|detailschange|p1b: Gardevoir|Gardevoir-Mega, L50, F, shiny
|-mega|p1b: Gardevoir|Gardevoir|Gardevoirite
|move|p2b: Incineroar|Fake Out|p1a: Talonflame
|-crit|p1a: Talonflame
|-damage|p1a: Talonflame|77/100
|cant|p1a: Talonflame|flinch
|move|p1b: Gardevoir|Hyper Voice|p2a: Sneasler|[spread] p2a,p2b
|-crit|p2b: Incineroar
|-enditem|p2a: Sneasler|Focus Sash
|-damage|p2a: Sneasler|1/100
|-damage|p2b: Incineroar|4/100
|move|p2a: Sneasler|Dire Claw|p1b: Gardevoir
|-supereffective|p1b: Gardevoir|1
|-damage|p1b: Gardevoir|0 fnt
|faint|p1b: Gardevoir
|
|upkeep
|
|t:|1784311959
|switch|p1b: Basculegion|Basculegion, L50, M, shiny|100/100
|turn|3
|inactive|ground tera has 30 seconds left.
|
|t:|1784311994
|switch|p2b: Sinistcha|Sinistcha, L50|100/100
|-heal|p2a: Sneasler|25/100|[from] ability: Hospitality|[of] p2b: Sinistcha
|move|p1b: Basculegion|Last Respects|p2a: Sneasler
|-damage|p2a: Sneasler|0 fnt
|faint|p2a: Sneasler
|move|p1a: Talonflame|Dual Wingbeat|p2b: Sinistcha
|-supereffective|p2b: Sinistcha|1
|-damage|p2b: Sinistcha|78/100
|-supereffective|p2b: Sinistcha|1
|-damage|p2b: Sinistcha|56/100
|-hitcount|p2b: Sinistcha|2
|
|upkeep
|
|t:|1784312002
|switch|p2a: Floette|Floette-Eternal, L50, F|100/100
|turn|4
|
|t:|1784312022
|switch|p2b: Incineroar|Incineroar, L50, M|4/100
|-ability|p2b: Incineroar|Intimidate|boost
|-unboost|p1a: Talonflame|atk|1
|-unboost|p1b: Basculegion|atk|1
|detailschange|p2a: Floette|Floette-Mega, L50, F
|-mega|p2a: Floette|Floette|Floettite
|-ability|p2a: Floette|Fairy Aura
|move|p1b: Basculegion|Last Respects|p2a: Floette
|-damage|p2a: Floette|45/100
|move|p1a: Talonflame|Flare Blitz|p2a: Floette
|-damage|p2a: Floette|20/100y
|-damage|p1a: Talonflame|69/100|[from] Recoil
|move|p2a: Floette|Dazzling Gleam|p1a: Talonflame|[spread] p1a,p1b
|-resisted|p1a: Talonflame|1
|-damage|p1a: Talonflame|32/100
|-damage|p1b: Basculegion|48/100
|
|-sideend|p1: swordkn|move: Tailwind
|upkeep
|turn|5
|
|t:|1784312043
|move|p2a: Floette|Protect|p2a: Floette
|-singleturn|p2a: Floette|Protect
|move|p1b: Basculegion|Last Respects|p2a: Floette
|-activate|p2a: Floette|move: Protect
|move|p1a: Talonflame|Dual Wingbeat|p2b: Incineroar
|-damage|p2b: Incineroar|0 fnt
|faint|p2b: Incineroar
|-hitcount|p2: Incineroar|1
|
|upkeep
|
|t:|1784312050
|switch|p2b: Sinistcha|Sinistcha, L50|56/100
|-heal|p2a: Floette|45/100|[from] ability: Hospitality|[of] p2b: Sinistcha
|turn|6
|
|t:|1784312062
|move|p2b: Sinistcha|Rage Powder|p2b: Sinistcha
|-singleturn|p2b: Sinistcha|move: Rage Powder
|move|p1b: Basculegion|Last Respects|p2b: Sinistcha
|-supereffective|p2b: Sinistcha|1
|-damage|p2b: Sinistcha|0 fnt
|faint|p2b: Sinistcha
|move|p1a: Talonflame|Dual Wingbeat|p2a: Floette
|-damage|p2a: Floette|36/100
|-damage|p2a: Floette|25/100
|-hitcount|p2a: Floette|2
|move|p2a: Floette|Dazzling Gleam|p1a: Talonflame|[spread] p1a,p1b
|-resisted|p1a: Talonflame|1
|-damage|p1a: Talonflame|0 fnt
|-damage|p1b: Basculegion|0 fnt
|faint|p1a: Talonflame
|faint|p1b: Basculegion
|
|win|ground tera
|raw|swordkn's rating: 1192 → 1171(-21 for losing)
|raw|ground tera's rating: 1249 → 1270(+21 for winning)
|c|☆swordkn|haha
|c|☆swordkn|its funny
|l|☆swordkn
|player|p1|
