|j|☆limestone7276
|j|☆Trainer208
|html|limestone7276Trainer208    
|uhtml|bestof|Game 2 of a best-of-3
|t:|1756569476
|gametype|doubles
|player|p1|limestone7276|170|1037
|player|p2|Trainer208|gambler|1046
|gen|9
|tier|[Gen 9] VGC 2025 Reg H (Bo3)
|rated|
|rule|Species Clause: Limit one of each Pokémon
|rule|Item Clause: Limit 1 of each item
|clearpoke
|poke|p1|Porygon-Z, L50|
|poke|p1|Palafin, L50, M|
|poke|p1|Vulpix-Alola, L50, M|
|poke|p1|Volcarona, L50, F|
|poke|p1|Rillaboom, L50, M|
|poke|p1|Ursaluna, L50, M|
|poke|p2|Garganacl, L50, M|
|poke|p2|Scovillain, L50, M|
|poke|p2|Minior-Indigo, L50|
|poke|p2|Kommo-o, L50, M|
|poke|p2|Goodra-Hisui, L50, M|
|poke|p2|Charjabug, L50, M|
|teampreview|4
|showteam|p1|Porygon-Z||LifeOrb|Adaptability|Blizzard,HyperBeam,Protect,TriAttack||||||50|,,,,,Normal]Palafin||MysticWater|ZerotoHero|FlipTurn,IronHead,JetPunch,WaveCrash|||M|||50|,,,,,Water]Vulpix-Alola||Eviolite|SnowWarning|AuroraVeil,FoulPlay,HelpingHand,PainSplit|||M|||50|,,,,,Water]Volcarona||RockyHelmet|FlameBody|FieryDance,Protect,RagePowder,Tailwind|||F|||50|,,,,,Grass]Rillaboom||AssaultVest|GrassySurge|FakeOut,GrassyGlide,Uturn,WoodHammer|||M|||50|,,,,,Fire]Ursaluna||FlameOrb|Guts|Earthquake,Facade,HeadlongRush,Protect|||M|||50|,,,,,Ghost
|showteam|p2|Garganacl||RockyHelmet|PurifyingSalt|SaltCure,Sandstorm,Recover,WideGuard|||M|||50|,,,,,Ghost]Scovillain||AguavBerry|Moody|Flamethrower,GigaDrain,LeechSeed,Protect|||M|||50|,,,,,Grass]Minior-Indigo||PowerHerb|ShieldsDown|MeteorBeam,EarthPower,DazzlingGleam,ShellSmash||||||50|,,,,,Ground]Kommo-o||MagoBerry|Overcoat|ClangingScales,FlashCannon,VacuumWave,ClangorousSoul|||M|||50|,,,,,Steel]Goodra-Hisui||Leftovers|Gooey|MuddyWater,AcidSpray,LifeDew,Protect|||M|||50|,,,,,Steel]Charjabug||Eviolite|Battery|Lunge,WildCharge,EerieImpulse,Protect|||M|||50|,,,,,Electric
|
|t:|1756569511
|teamsize|p1|4
|teamsize|p2|4
|start
|switch|p1a: Vulpix|Vulpix-Alola, L50, M|100/100
|switch|p1b: Palafin|Palafin, L50, M|100/100
|switch|p2a: Garganacl|Garganacl, L50, M|100/100
|switch|p2b: Kommo-o|Kommo-o, L50, M|100/100
|-weather|Snowscape|[from] ability: Snow Warning|[of] p1a: Vulpix
|turn|1
|
|t:|1756569536
|move|p1b: Palafin|Flip Turn|p2a: Garganacl
|-supereffective|p2a: Garganacl
|-damage|p2a: Garganacl|65/100
|-damage|p1b: Palafin|84/100|[from] item: Rocky Helmet|[of] p2a: Garganacl
|
|t:|1756569541
|detailschange|p1b: Palafin|Palafin-Hero, L50, M
|switch|p1b: Volcarona|Volcarona, L50, F|100/100|[from] Flip Turn
|move|p2b: Kommo-o|Clangorous Soul|p2b: Kommo-o
|-boost|p2b: Kommo-o|atk|1
|-boost|p2b: Kommo-o|def|1
|-boost|p2b: Kommo-o|spa|1
|-boost|p2b: Kommo-o|spd|1
|-boost|p2b: Kommo-o|spe|1
|-damage|p2b: Kommo-o|68/100
|move|p1a: Vulpix|Aurora Veil|p1a: Vulpix
|-sidestart|p1: limestone7276|move: Aurora Veil
|move|p2a: Garganacl|Sandstorm|p2a: Garganacl
|-weather|Sandstorm
|
|-weather|Sandstorm|[upkeep]
|-damage|p1b: Volcarona|94/100|[from] Sandstorm
|-damage|p1a: Vulpix|94/100|[from] Sandstorm
|upkeep
|turn|2
|
|t:|1756569593
|-terastallize|p1b: Volcarona|Grass
|move|p2b: Kommo-o|Flash Cannon|p1a: Vulpix
|-supereffective|p1a: Vulpix
|-damage|p1a: Vulpix|45/100
|move|p1b: Volcarona|Fiery Dance|p2a: Garganacl
|-resisted|p2a: Garganacl
|-damage|p2a: Garganacl|56/100
|move|p1a: Vulpix|Foul Play|p2a: Garganacl
|-damage|p2a: Garganacl|41/100
|-damage|p1a: Vulpix|28/100|[from] item: Rocky Helmet|[of] p2a: Garganacl
|move|p2a: Garganacl|Salt Cure|p1b: Volcarona
|-damage|p1b: Volcarona|83/100
|-start|p1b: Volcarona|Salt Cure
|
|-weather|Sandstorm|[upkeep]
|-damage|p1b: Volcarona|77/100|[from] Sandstorm
|-damage|p1a: Vulpix|22/100|[from] Sandstorm
|-damage|p1b: Volcarona|64/100|[from] Salt Cure
|upkeep
|turn|3
|
|t:|1756569640
|move|p1a: Vulpix|Helping Hand|p1b: Volcarona
|-singleturn|p1b: Volcarona|Helping Hand|[of] p1a: Vulpix
|move|p2b: Kommo-o|Clanging Scales|p1b: Volcarona|[spread] p1a,p1b
|-damage|p1a: Vulpix|0 fnt
|-damage|p1b: Volcarona|30/100
|faint|p1a: Vulpix
|-unboost|p2b: Kommo-o|def|1
|move|p1b: Volcarona|Fiery Dance|p2b: Kommo-o
|-resisted|p2b: Kommo-o
|-damage|p2b: Kommo-o|46/100
|-boost|p1b: Volcarona|spa|1
|move|p2a: Garganacl|Recover|p2a: Garganacl
|-heal|p2a: Garganacl|91/100
|
|-weather|Sandstorm|[upkeep]
|-damage|p1b: Volcarona|24/100|[from] Sandstorm
|-damage|p1b: Volcarona|11/100|[from] Salt Cure
|upkeep
|
|t:|1756569655
|switch|p1a: Palafin|Palafin-Hero, L50, M|84/100
|-activate|p1a: Palafin|ability: Zero to Hero
|turn|4
|
|t:|1756569689
|move|p2b: Kommo-o|Vacuum Wave|p1a: Palafin
|-crit|p1a: Palafin
|-damage|p1a: Palafin|31/100
|move|p1a: Palafin|Jet Punch|p2a: Garganacl
|-supereffective|p2a: Garganacl
|-damage|p2a: Garganacl|25/100
|-damage|p1a: Palafin|14/100|[from] item: Rocky Helmet|[of] p2a: Garganacl
|move|p1b: Volcarona|Tailwind|p1b: Volcarona
|-sidestart|p1: limestone7276|move: Tailwind
|move|p2a: Garganacl|Salt Cure|p1a: Palafin
|-damage|p1a: Palafin|4/100
|-start|p1a: Palafin|Salt Cure
|
|-weather|Sandstorm|[upkeep]
|-damage|p1a: Palafin|0 fnt|[from] Sandstorm
|-damage|p1b: Volcarona|5/100|[from] Sandstorm
|faint|p1a: Palafin
|-damage|p1b: Volcarona|0 fnt|[from] Salt Cure
|faint|p1b: Volcarona
|upkeep
|
|t:|1756569696
|switch|p1b: Porygon-Z|Porygon-Z, L50|100/100
|turn|5
|
|t:|1756569723
|-terastallize|p2a: Garganacl|Ghost
|move|p1b: Porygon-Z|Blizzard|p2b: Kommo-o|[spread] p2a,p2b
|-supereffective|p2b: Kommo-o
|-crit|p2b: Kommo-o
|-damage|p2a: Garganacl|0 fnt
|-damage|p2b: Kommo-o|0 fnt
|faint|p2a: Garganacl
|faint|p2b: Kommo-o
|-damage|p1b: Porygon-Z|91/100|[from] item: Life Orb
|
|-weather|none
|-sideend|p1: limestone7276|move: Aurora Veil
|upkeep
|
|t:|1756569736
|switch|p2b: Charjabug|Charjabug, L50, M|100/100
|switch|p2a: Goodra|Goodra-Hisui, L50, M|100/100
|turn|6
|
|t:|1756569760
|move|p1b: Porygon-Z|Blizzard|p2a: Goodra|[spread] p2b
|-miss|p1b: Porygon-Z|p2a: Goodra
|-damage|p2b: Charjabug|65/100
|-damage|p1b: Porygon-Z|81/100|[from] item: Life Orb
|move|p2a: Goodra|Muddy Water|p1b: Porygon-Z
|-damage|p1b: Porygon-Z|44/100
|move|p2b: Charjabug|Wild Charge|p1b: Porygon-Z
|-damage|p1b: Porygon-Z|0 fnt
|faint|p1b: Porygon-Z
|-damage|p2b: Charjabug|53/100|[from] Recoil
|
|win|Trainer208
||limestone7276 is ready for game 3.
|inactive|Trainer208 has 30 seconds to confirm battle start!
||Trainer208 is ready for game 3.
|uhtml|next|Next: Game 3 of 3
|l|☆Trainer208
|player|p2|
