|j|‽jesus.0513
|j|☆Toninitest
|html|jesus.0513Toninitest    
|uhtml|bestof|Game 1 of a best-of-3
|t:|1785593801
|gametype|doubles
|player|p1|jesus.0513|lucas|1112
|player|p2|Toninitest|266|1000
|gen|9
|tier|[Gen 9 Champions] VGC 2026 Reg M-B (Bo3)
|rated|
|rule|Species Clause: Limit one of each Pokémon
|rule|Item Clause: Limit 1 of each item
|clearpoke
|poke|p1|Aerodactyl, L50, F|
|poke|p1|Charizard, L50, F|
|poke|p1|Garchomp, L50, M|
|poke|p1|Gholdengo, L50|
|poke|p1|Maushold-Four, L50|
|poke|p1|Incineroar, L50, F|
|poke|p2|Starmie, L50|
|poke|p2|Sneasler, L50, F|
|poke|p2|Pelipper, L50, F|
|poke|p2|Archaludon, L50, M|
|poke|p2|Sinistcha, L50|
|poke|p2|Kingambit, L50, M|
|teampreview|4
|showteam|p1|Aerodactyl||Aerodactylite|Unnerve|WideGuard,RockSlide,Tailwind,DualWingbeat|Adamant||F|||50|]Charizard||CharizarditeY|Blaze|HeatWave,SolarBeam,AncientPower,Protect|Modest||F|||50|]Garchomp||ChoiceScarf|RoughSkin|RockSlide,Earthquake,DragonClaw,PoisonJab|Jolly||M|||50|]Gholdengo||ExpertBelt|GoodasGold|FlashCannon,ShadowBall,NastyPlot,Protect|Timid|||||50|]Maushold-Four||FocusSash|FriendGuard|Encore,FollowMe,PopulationBomb,Taunt|Jolly|||||50|]Incineroar||ChopleBerry|Intimidate|FakeOut,FlareBlitz,CloseCombat,DarkestLariat|Adamant||F|||50|
|showteam|p2|Starmie||Starminite|NaturalCure|Liquidation,IceSpinner,AquaJet,Protect|Adamant|||||50|]Sneasler||FocusSash|Unburden|DireClaw,CloseCombat,FakeOut,Coaching|Adamant||F|||50|]Pelipper||SitrusBerry|Drizzle|Tailwind,WeatherBall,Hurricane,WideGuard|Calm||F|||50|]Archaludon||Leftovers|Stamina|ElectroShot,FlashCannon,DragonPulse,Protect|Modest||M|||50|]Sinistcha||ColburBerry|Hospitality|MatchaGotcha,TrickRoom,RagePowder,LifeDew|Bold|||||50|]Kingambit||BlackGlasses|Defiant|KowtowCleave,SuckerPunch,IronHead,Protect|Adamant||M|||50|
|inactive|Battle timer is ON: inactive players will automatically lose when time's up. (requested by jesus.0513)
|inactive|Toninitest also wants the timer to be on.
|inactive|Toninitest has 60 seconds left.
|
|t:|1785593862
|teamsize|p1|4
|teamsize|p2|4
|start
|switch|p1a: Maushold|Maushold-Four, L50|100/100
|switch|p1b: Aerodactyl|Aerodactyl, L50, F|100/100
|switch|p2a: Starmie|Starmie, L50|100/100
|switch|p2b: Kingambit|Kingambit, L50, M|100/100
|-ability|p1b: Aerodactyl|Unnerve
|turn|1
|inactive|jesus.0513 has 30 seconds left.
|inactive|jesus.0513 has 20 seconds left.
|
|t:|1785593900
|switch|p1b: Gholdengo|Gholdengo, L50|100/100
|detailschange|p2a: Starmie|Starmie-Mega, L50
|-mega|p2a: Starmie|Starmie|Starminite
|move|p2a: Starmie|Protect|p2a: Starmie
|-singleturn|p2a: Starmie|Protect
|move|p1a: Maushold|Population Bomb|p2a: Starmie
|-activate|p2a: Starmie|move: Protect
|move|p2b: Kingambit|Kowtow Cleave|p1a: Maushold
|-crit|p1a: Maushold
|-enditem|p1a: Maushold|Focus Sash
|-damage|p1a: Maushold|1/100
|
|upkeep
|turn|2
|inactive|jesus.0513 has 30 seconds left.
|inactive|Toninitest has 30 seconds left.
|inactive|Toninitest has 20 seconds left.
|inactive|Toninitest has 15 seconds left.
|inactive|Toninitest has 10 seconds left.
|
|t:|1785593947
|switch|p2a: Archaludon|Archaludon, L50, M|100/100
|switch|p1b: Charizard|Charizard, L50, F|100/100
|move|p1a: Maushold|Encore||[still]
|-fail|p1a: Maushold
|move|p2b: Kingambit|Kowtow Cleave|p1a: Maushold
|-damage|p1a: Maushold|0 fnt
|faint|p1a: Maushold
|
|upkeep
|
|t:|1785593968
|switch|p1a: Aerodactyl|Aerodactyl, L50, F|100/100
|-ability|p1a: Aerodactyl|Unnerve
|turn|3
|
|t:|1785593979
|detailschange|p1b: Charizard|Charizard-Mega-Y, L50, F
|-mega|p1b: Charizard|Charizard|Charizardite Y
|-weather|SunnyDay|[from] ability: Drought|[of] p1b: Charizard
|move|p2a: Archaludon|Protect|p2a: Archaludon
|-singleturn|p2a: Archaludon|Protect
|move|p2b: Kingambit|Protect|p2b: Kingambit
|-singleturn|p2b: Kingambit|Protect
|move|p1a: Aerodactyl|Rock Slide|p2b: Kingambit|[spread] 
|-activate|p2a: Archaludon|move: Protect
|-activate|p2b: Kingambit|move: Protect
|move|p1b: Charizard|Heat Wave|p2b: Kingambit|[spread] 
|-activate|p2a: Archaludon|move: Protect
|-activate|p2b: Kingambit|move: Protect
|
|-weather|SunnyDay|[upkeep]
|upkeep
|turn|4
|
|t:|1785594004
|switch|p1b: Gholdengo|Gholdengo, L50|100/100
|switch|p2b: Pelipper|Pelipper, L50, F|100/100
|-weather|RainDance|[from] ability: Drizzle|[of] p2b: Pelipper
|move|p1a: Aerodactyl|Tailwind|p1a: Aerodactyl
|-sidestart|p1: jesus.0513|move: Tailwind
|move|p2a: Archaludon|Electro Shot||[still]
|-prepare|p2a: Archaludon|Electro Shot
|-boost|p2a: Archaludon|spa|1
|-anim|p2a: Archaludon|Electro Shot|p1a: Aerodactyl
|-supereffective|p1a: Aerodactyl|1
|-damage|p1a: Aerodactyl|0 fnt
|faint|p1a: Aerodactyl
|
|-weather|RainDance|[upkeep]
|upkeep
|
|t:|1785594020
|switch|p1a: Charizard|Charizard-Mega-Y, L50, F|100/100
|-weather|SunnyDay|[from] ability: Drought|[of] p1a: Charizard
|turn|5
|
|t:|1785594032
|move|p2a: Archaludon|Protect|p2a: Archaludon
|-singleturn|p2a: Archaludon|Protect
|move|p1b: Gholdengo|Nasty Plot|p1b: Gholdengo
|-boost|p1b: Gholdengo|spa|2
|move|p1a: Charizard|Heat Wave|p2a: Archaludon|[spread] p2b
|-activate|p2a: Archaludon|move: Protect
|-resisted|p2b: Pelipper|1
|-damage|p2b: Pelipper|61/100
|move|p2b: Pelipper|Weather Ball|p1b: Gholdengo
|-supereffective|p1b: Gholdengo|1
|-damage|p1b: Gholdengo|20/100y
|
|-weather|SunnyDay|[upkeep]
|upkeep
|turn|6
|inactive|Toninitest has 30 seconds left.
|inactive|jesus.0513 has 30 seconds left.
|inactive|Toninitest has 20 seconds left.
|
|t:|1785594071
|move|p2b: Pelipper|Wide Guard|p2b: Pelipper
|-singleturn|p2b: Pelipper|Wide Guard
|move|p1b: Gholdengo|Shadow Ball|p2b: Pelipper
|-damage|p2b: Pelipper|0 fnt
|faint|p2b: Pelipper
|move|p1a: Charizard|Heat Wave|p2a: Archaludon
|-activate|p2a: Archaludon|move: Wide Guard
|move|p2a: Archaludon|Dragon Pulse|p1b: Gholdengo
|-resisted|p1b: Gholdengo|1
|-damage|p1b: Gholdengo|0 fnt
|faint|p1b: Gholdengo
|
|-weather|SunnyDay|[upkeep]
|upkeep
|
|t:|1785594086
|switch|p2b: Kingambit|Kingambit, L50, M|100/100
|turn|7
|
|t:|1785594092
|move|p2b: Kingambit|Sucker Punch|p1a: Charizard
|-damage|p1a: Charizard|38/100
|move|p1a: Charizard|Heat Wave|p2b: Kingambit|[spread] p2a,p2b
|-supereffective|p2b: Kingambit|1
|-damage|p2a: Archaludon|30/100
|-damage|p2b: Kingambit|0 fnt
|-ability|p2a: Archaludon|Stamina|boost
|-boost|p2a: Archaludon|def|1
|faint|p2b: Kingambit
|move|p2a: Archaludon|Dragon Pulse|p1a: Charizard
|-damage|p1a: Charizard|0 fnt
|faint|p1a: Charizard
|
|win|Toninitest
|inactive|jesus.0513 has 30 seconds to confirm battle start!
|inactive|Toninitest has 30 seconds to confirm battle start!
||jesus.0513 is ready for game 2.
|inactive|Toninitest has 20 seconds to confirm battle start!
