|j|☆mousse Maracuja
|j|☆yuriquars
|html|mousse Maracujayuriquars    
|uhtml|bestof|Game 3 of a best-of-3
|t:|1757188714
|gametype|doubles
|player|p1|mousse Maracuja|265|
|player|p2|yuriquars|lass-gen4dp|
|gen|9
|tier|[Gen 9] VGC 2025 Reg H (Bo3)
|rule|Species Clause: Limit one of each Pokémon
|rule|Item Clause: Limit 1 of each item
|clearpoke
|poke|p1|Gastrodon-East, L50, F|
|poke|p1|Incineroar, L50, M|
|poke|p1|Sneasler, L50, M|
|poke|p1|Dragonite, L50, M|
|poke|p1|Gholdengo, L50|
|poke|p1|Rillaboom, L50, M|
|poke|p2|Incineroar, L50, F|
|poke|p2|Ursaluna-Bloodmoon, L50, M|
|poke|p2|Gholdengo, L50|
|poke|p2|Dragonite, L50, F|
|poke|p2|Rillaboom, L50, F|
|poke|p2|Annihilape, L50, M|
|teampreview|4
|showteam|p1|Gastrodon-East||CovertCloak|StormDrain|IceBeam,EarthPower,Recover,Protect|||F|||50|,,,,,Fairy]Incineroar||AssaultVest|Intimidate|FlareBlitz,KnockOff,Uturn,FakeOut|||M|||50|,,,,,Ghost]Sneasler||FocusSash|PoisonTouch|DireClaw,CloseCombat,Coaching,Protect|||M|||50|,,,,,Ghost]Dragonite||LoadedDice|Multiscale|ScaleShot,ExtremeSpeed,Haze,Protect|||M|||50|,,,,,Fairy]Gholdengo||LifeOrb|GoodasGold|MakeItRain,ShadowBall,NastyPlot,Protect||||||50|,,,,,Water]Rillaboom||MiracleSeed|GrassySurge|WoodHammer,GrassyGlide,HighHorsepower,Protect|||M|||50|,,,,,Fire
|showteam|p2|Incineroar||SitrusBerry|Intimidate|FlareBlitz,KnockOff,PartingShot,FakeOut|||F|||50|,,,,,Ghost]Ursaluna-Bloodmoon||AssaultVest|MindsEye|HyperVoice,BloodMoon,EarthPower,VacuumWave|||M|||50|,,,,,Water]Gholdengo||LifeOrb|GoodasGold|MakeItRain,ShadowBall,NastyPlot,Protect||||||50|,,,,,Water]Dragonite||LoadedDice|Multiscale|ScaleShot,Tailwind,Haze,Protect|||F|||50|,,,,,Fairy]Rillaboom||MiracleSeed|GrassySurge|GrassyGlide,FakeOut,WoodHammer,HighHorsepower|||F|||50|,,,,,Fire]Annihilape||FocusSash|Defiant|RageFist,CloseCombat,Taunt,Coaching|||M|||50|,,,,,Stellar
|j| heichur
|j| Musashii23_
|inactive|Battle timer is ON: inactive players will automatically lose when time's up. (requested by yuriquars)
|
|t:|1757188740
|teamsize|p1|4
|teamsize|p2|4
|start
|switch|p1a: Gholdengo|Gholdengo, L50|100/100
|switch|p1b: Gastrodon|Gastrodon-East, L50, F|100/100
|switch|p2a: Rillaboom|Rillaboom, L50, F|100/100
|switch|p2b: Incineroar|Incineroar, L50, F|100/100
|-fieldstart|move: Grassy Terrain|[from] ability: Grassy Surge|[of] p2a: Rillaboom
|-ability|p2b: Incineroar|Intimidate|boost
|-unboost|p1a: Gholdengo|atk|1
|-unboost|p1b: Gastrodon|atk|1
|turn|1
|
|t:|1757188755
|-terastallize|p1b: Gastrodon|Fairy
|move|p1a: Gholdengo|Shadow Ball|p2a: Rillaboom
|-damage|p2a: Rillaboom|42/100
|-damage|p1a: Gholdengo|91/100|[from] item: Life Orb
|move|p2a: Rillaboom|Wood Hammer|p1b: Gastrodon
|-damage|p1b: Gastrodon|19/100
|-damage|p2a: Rillaboom|14/100|[from] Recoil
|move|p2b: Incineroar|Knock Off|p1a: Gholdengo
|-supereffective|p1a: Gholdengo
|-damage|p1a: Gholdengo|0 fnt
|-enditem|p1a: Gholdengo|Life Orb|[from] move: Knock Off|[of] p2b: Incineroar
|faint|p1a: Gholdengo
|move|p1b: Gastrodon|Ice Beam|p2a: Rillaboom
|-supereffective|p2a: Rillaboom
|-damage|p2a: Rillaboom|0 fnt
|faint|p2a: Rillaboom
|
|-heal|p1b: Gastrodon|25/100|[from] Grassy Terrain
|upkeep
|
|t:|1757188778
|switch|p1a: Sneasler|Sneasler, L50, M|100/100
|switch|p2a: Gholdengo|Gholdengo, L50|100/100
|turn|2
|inactive|mousse Maracuja has 30 seconds left.
|
|t:|1757188813
|switch|p1b: Incineroar|Incineroar, L50, M|100/100
|-ability|p1b: Incineroar|Intimidate|boost
|-unboost|p2a: Gholdengo|atk|1
|-unboost|p2b: Incineroar|atk|1
|-terastallize|p2b: Incineroar|Ghost
|move|p1a: Sneasler|Dire Claw|p2b: Incineroar
|-resisted|p2b: Incineroar
|-damage|p2b: Incineroar|80/100
|-status|p2b: Incineroar|slp
|move|p2a: Gholdengo|Make It Rain|p1a: Sneasler|[spread] p1a,p1b
|-resisted|p1b: Incineroar
|-damage|p1a: Sneasler|24/100
|-damage|p1b: Incineroar|82/100
|-unboost|p2a: Gholdengo|spa|1
|-damage|p2a: Gholdengo|91/100|[from] item: Life Orb
|cant|p2b: Incineroar|slp
|
|-heal|p1a: Sneasler|30/100|[from] Grassy Terrain
|-heal|p2a: Gholdengo|97/100|[from] Grassy Terrain
|-heal|p1b: Incineroar|88/100|[from] Grassy Terrain
|-heal|p2b: Incineroar|86/100 slp|[from] Grassy Terrain
|upkeep
|turn|3
|inactive|mousse Maracuja has 30 seconds left.
|
|t:|1757188841
|switch|p2b: Annihilape|Annihilape, L50, M|100/100
|move|p1a: Sneasler|Protect|p1a: Sneasler
|-singleturn|p1a: Sneasler|Protect
|move|p2a: Gholdengo|Protect|p2a: Gholdengo
|-singleturn|p2a: Gholdengo|Protect
|move|p1b: Incineroar|Flare Blitz|p2a: Gholdengo
|-activate|p2a: Gholdengo|move: Protect
|
|-heal|p1a: Sneasler|36/100|[from] Grassy Terrain
|-heal|p2a: Gholdengo|100/100|[from] Grassy Terrain
|-heal|p1b: Incineroar|94/100|[from] Grassy Terrain
|upkeep
|turn|4
|
|t:|1757188861
|switch|p2a: Incineroar|Incineroar, L50, F, tera:Ghost|86/100 slp
|-ability|p2a: Incineroar|Intimidate|boost
|-unboost|p1a: Sneasler|atk|1
|-unboost|p1b: Incineroar|atk|1
|move|p1a: Sneasler|Dire Claw|p2b: Annihilape
|-resisted|p2b: Annihilape
|-damage|p2b: Annihilape|83/100
|-status|p2b: Annihilape|slp
|cant|p2b: Annihilape|slp
|move|p1b: Incineroar|Flare Blitz|p2a: Incineroar
|-damage|p2a: Incineroar|51/100 slp
|-damage|p1b: Incineroar|82/100|[from] Recoil
|
|-heal|p1a: Sneasler|42/100|[from] Grassy Terrain
|-heal|p2b: Annihilape|89/100 slp|[from] Grassy Terrain
|-heal|p1b: Incineroar|89/100|[from] Grassy Terrain
|-heal|p2a: Incineroar|57/100 slp|[from] Grassy Terrain
|upkeep
|turn|5
|c|☆mousse Maracuja|kkkk
|c|☆yuriquars|ah irmao
|c|☆yuriquars|para
|c|☆yuriquars|por favor
|c|☆mousse Maracuja|ta com azar dms
|c| Musashii23_|isso aqui e bizarro ta
|
|t:|1757188890
|switch|p1a: Gastrodon|Gastrodon-East, L50, F, tera:Fairy|25/100
|cant|p2b: Annihilape|slp
|move|p1b: Incineroar|U-turn|p2b: Annihilape
|-resisted|p2b: Annihilape
|-damage|p2b: Annihilape|85/100 slp
|
|t:|1757188895
|switch|p1b: Sneasler|Sneasler, L50, M|42/100|[from] U-turn
|cant|p2a: Incineroar|slp
|
|-heal|p1b: Sneasler|48/100|[from] Grassy Terrain
|-heal|p2b: Annihilape|91/100 slp|[from] Grassy Terrain
|-heal|p2a: Incineroar|63/100 slp|[from] Grassy Terrain
|-heal|p1a: Gastrodon|31/100|[from] Grassy Terrain
|-fieldend|move: Grassy Terrain
|upkeep
|turn|6
|
|t:|1757188903
|move|p1b: Sneasler|Dire Claw|p2a: Incineroar
|-resisted|p2a: Incineroar
|-damage|p2a: Incineroar|44/100 slp
|-enditem|p2a: Incineroar|Sitrus Berry|[eat]
|-heal|p2a: Incineroar|69/100 slp|[from] item: Sitrus Berry
|-curestatus|p2b: Annihilape|slp|[msg]
|move|p2b: Annihilape|Rage Fist|p1a: Gastrodon
|-damage|p1a: Gastrodon|0 fnt
|faint|p1a: Gastrodon
|-curestatus|p2a: Incineroar|slp|[msg]
|move|p2a: Incineroar|Flare Blitz|p1b: Sneasler
|-damage|p1b: Sneasler|0 fnt
|faint|p1b: Sneasler
|-damage|p2a: Incineroar|57/100|[from] Recoil
|
|upkeep
|c|☆mousse Maracuja|f kkk
|
|t:|1757188912
|switch|p1b: Incineroar|Incineroar, L50, M|89/100
|-ability|p1b: Incineroar|Intimidate|boost
|-unboost|p2a: Incineroar|atk|1
|-unboost|p2b: Annihilape|atk|1
|-ability|p2b: Annihilape|Defiant|boost
|-boost|p2b: Annihilape|atk|2
|turn|7
|c|☆yuriquars|tmj
|
|t:|1757188917
|move|p2b: Annihilape|Close Combat|p1b: Incineroar
|-supereffective|p1b: Incineroar
|-damage|p1b: Incineroar|0 fnt
|-unboost|p2b: Annihilape|def|1
|-unboost|p2b: Annihilape|spd|1
|faint|p1b: Incineroar
|
|win|yuriquars
