|j|☆Luisnm01
|j|☆ImAtWorkVGC
|html|Luisnm01ImAtWorkVGC    
|uhtml|bestof|Game 1 of a best-of-3
|t:|1786037348
|gametype|doubles
|player|p1|Luisnm01|1|1137
|player|p2|ImAtWorkVGC|102|1206
|gen|9
|tier|[Gen 9 Champions] VGC 2026 Reg M-B (Bo3)
|rated|
|rule|Species Clause: Limit one of each Pokémon
|rule|Item Clause: Limit 1 of each item
|clearpoke
|poke|p1|Archaludon, L50, F|
|poke|p1|Pelipper, L50, F|
|poke|p1|Basculegion, L50, M|
|poke|p1|Sinistcha, L50|
|poke|p1|Sableye, L50, F|
|poke|p1|Meganium, L50, M|
|poke|p2|Ceruledge, L50, M|
|poke|p2|Raichu, L50, F, shiny|
|poke|p2|Kingambit, L50, F|
|poke|p2|Clefable, L50, M, shiny|
|poke|p2|Ninetales-Alola, L50, F|
|poke|p2|Gyarados, L50, M|
|teampreview|4
|showteam|p1|Archaludon||Leftovers|Stamina|Protect,ElectroShot,FlashCannon,DragonPulse|Modest||F|||50|]Pelipper||LifeOrb|Drizzle|Protect,Hurricane,WeatherBall,Tailwind|Timid||F|||50|]Basculegion||ChoiceScarf|Adaptability|LastRespects,AquaJet,WaveCrash,FlipTurn|Jolly||M|||50|]Sinistcha||KasibBerry|Hospitality|RagePowder,MatchaGotcha,LifeDew,TrickRoom|Bold|||||50|]Sableye||LightClay|Prankster|LightScreen,Reflect,RainDance,Encore|Calm||F|||50|]Meganium||Meganiumite|Overgrow|SolarBeam,Protect,DazzlingGleam,WeatherBall|Modest||M|||50|
|showteam|p2|Ceruledge||Leftovers|FlashFire|Protect,BitterBlade,ShadowSneak,BulkUp|Adamant||M|||50|]Raichu||RaichuniteY|LightningRod|Protect,FakeOut,ZapCannon,FocusBlast|Timid||F|||50|]Kingambit||FocusSash|Defiant|Protect,KowtowCleave,SuckerPunch,IronHead|Adamant||F|||50|]Clefable||KebiaBerry|Unaware|FollowMe,Moonblast,HelpingHand,Protect|Bold||M|||50|]Ninetales-Alola||NeverMeltIce|SnowWarning|Blizzard,FreezeDry,AuroraVeil,Protect|Timid||F|||50|]Gyarados||SitrusBerry|Intimidate|Protect,Waterfall,PowerWhip,DragonDance|Adamant||M|||50|
|inactive|Battle timer is ON: inactive players will automatically lose when time's up. (requested by ImAtWorkVGC)
|inactive|Luisnm01 has 60 seconds left.
|
|t:|1786037446
|teamsize|p1|4
|teamsize|p2|4
|start
|switch|p1a: Sableye|Sableye, L50, F|100/100
|switch|p1b: Archaludon|Archaludon, L50, F|100/100
|switch|p2a: Raichu|Raichu, L50, F, shiny|100/100
|switch|p2b: Kingambit|Kingambit, L50, F|100/100
|turn|1
|
|t:|1786037464
|detailschange|p2a: Raichu|Raichu-Mega-Y, L50, F, shiny
|-mega|p2a: Raichu|Raichu|Raichunite Y
|move|p1b: Archaludon|Protect|p1b: Archaludon
|-singleturn|p1b: Archaludon|Protect
|move|p1a: Sableye|Reflect|p1a: Sableye
|-sidestart|p1: Luisnm01|Reflect
|move|p2a: Raichu|Zap Cannon|p1a: Sableye
|-damage|p1a: Sableye|21/100
|-status|p1a: Sableye|par
|move|p2b: Kingambit|Kowtow Cleave|p1a: Sableye
|-damage|p1a: Sableye|0 fnt
|faint|p1a: Sableye
|
|upkeep
|
|t:|1786037476
|switch|p1a: Meganium|Meganium, L50, M|100/100
|turn|2
|
|t:|1786037484
|switch|p1b: Pelipper|Pelipper, L50, F|100/100
|-weather|RainDance|[from] ability: Drizzle|[of] p1b: Pelipper
|switch|p2b: Ceruledge|Ceruledge, L50, M|100/100
|detailschange|p1a: Meganium|Meganium-Mega, L50, M
|-mega|p1a: Meganium|Meganium|Meganiumite
|move|p2a: Raichu|Focus Blast|p1b: Pelipper
|-resisted|p1b: Pelipper|1
|-damage|p1b: Pelipper|58/100
|move|p1a: Meganium|Dazzling Gleam|p2a: Raichu|[spread] p2a,p2b
|-resisted|p2b: Ceruledge|1
|-damage|p2a: Raichu|47/100
|-damage|p2b: Ceruledge|85/100
|
|-weather|RainDance|[upkeep]
|-heal|p2b: Ceruledge|91/100|[from] item: Leftovers
|upkeep
|turn|3
|
|t:|1786037508
|move|p2a: Raichu|Protect|p2a: Raichu
|-singleturn|p2a: Raichu|Protect
|move|p1b: Pelipper|Protect|p1b: Pelipper
|-singleturn|p1b: Pelipper|Protect
|move|p2b: Ceruledge|Bulk Up|p2b: Ceruledge
|-boost|p2b: Ceruledge|atk|1
|-boost|p2b: Ceruledge|def|1
|move|p1a: Meganium|Dazzling Gleam|p2a: Raichu|[spread] p2b
|-activate|p2a: Raichu|move: Protect
|-resisted|p2b: Ceruledge|1
|-damage|p2b: Ceruledge|74/100
|
|-weather|RainDance|[upkeep]
|-heal|p2b: Ceruledge|80/100|[from] item: Leftovers
|upkeep
|turn|4
|
|t:|1786037520
|switch|p2a: Ninetales|Ninetales-Alola, L50, F|100/100
|-weather|Snowscape|[from] ability: Snow Warning|[of] p2a: Ninetales
|move|p1b: Pelipper|Weather Ball|p2b: Ceruledge
|-resisted|p2b: Ceruledge|1
|-damage|p2b: Ceruledge|63/100
|-damage|p1b: Pelipper|48/100|[from] item: Life Orb
|move|p2b: Ceruledge|Bitter Blade|p1a: Meganium
|-supereffective|p1a: Meganium|1
|-damage|p1a: Meganium|29/100
|-heal|p2b: Ceruledge|100/100|[from] drain|[of] p1a: Meganium
|move|p1a: Meganium|Dazzling Gleam|p2a: Ninetales|[spread] p2a,p2b
|-resisted|p2b: Ceruledge|1
|-damage|p2a: Ninetales|58/100
|-damage|p2b: Ceruledge|85/100
|
|-weather|Snowscape|[upkeep]
|-heal|p2b: Ceruledge|91/100|[from] item: Leftovers
|upkeep
|turn|5
|inactive|Luisnm01 has 30 seconds left.
|
|t:|1786037546
|switch|p1b: Archaludon|Archaludon, L50, F|100/100
|move|p2a: Ninetales|Freeze-Dry|p1a: Meganium
|-supereffective|p1a: Meganium|1
|-damage|p1a: Meganium|0 fnt
|faint|p1a: Meganium
|move|p2b: Ceruledge|Bulk Up|p2b: Ceruledge
|-boost|p2b: Ceruledge|atk|1
|-boost|p2b: Ceruledge|def|1
|
|-weather|Snowscape|[upkeep]
|-heal|p2b: Ceruledge|97/100|[from] item: Leftovers
|upkeep
|
|t:|1786037551
|switch|p1a: Pelipper|Pelipper, L50, F|48/100
|-weather|RainDance|[from] ability: Drizzle|[of] p1a: Pelipper
|turn|6
|
|t:|1786037559
|switch|p2a: Kingambit|Kingambit, L50, F|100/100
|move|p2b: Ceruledge|Protect|p2b: Ceruledge
|-singleturn|p2b: Ceruledge|Protect
|move|p1a: Pelipper|Tailwind|p1a: Pelipper
|-sidestart|p1: Luisnm01|move: Tailwind
|move|p1b: Archaludon|Electro Shot||[still]
|-prepare|p1b: Archaludon|Electro Shot
|-boost|p1b: Archaludon|spa|1
|-anim|p1b: Archaludon|Electro Shot|p2a: Kingambit
|-damage|p2a: Kingambit|32/100
|
|-weather|RainDance|[upkeep]
|-heal|p2b: Ceruledge|100/100|[from] item: Leftovers
|upkeep
|turn|7
|inactive|Luisnm01 has 30 seconds left.
|
|t:|1786037589
|switch|p2a: Ninetales|Ninetales-Alola, L50, F|58/100
|-weather|Snowscape|[from] ability: Snow Warning|[of] p2a: Ninetales
|move|p1a: Pelipper|Weather Ball|p2b: Ceruledge
|-resisted|p2b: Ceruledge|1
|-damage|p2b: Ceruledge|83/100
|-damage|p1a: Pelipper|39/100|[from] item: Life Orb
|move|p1b: Archaludon|Flash Cannon|p2a: Ninetales
|-supereffective|p2a: Ninetales|2
|-damage|p2a: Ninetales|0 fnt
|faint|p2a: Ninetales
|move|p2b: Ceruledge|Bulk Up|p2b: Ceruledge
|-boost|p2b: Ceruledge|atk|1
|-boost|p2b: Ceruledge|def|1
|
|-weather|Snowscape|[upkeep]
|-heal|p2b: Ceruledge|89/100|[from] item: Leftovers
|upkeep
|
|t:|1786037598
|switch|p2a: Kingambit|Kingambit, L50, F|32/100
|turn|8
|
|t:|1786037607
|move|p2b: Ceruledge|Protect|p2b: Ceruledge
|-singleturn|p2b: Ceruledge|Protect
|move|p2a: Kingambit|Protect|p2a: Kingambit
|-singleturn|p2a: Kingambit|Protect
|move|p1a: Pelipper|Hurricane|p2a: Kingambit
|-activate|p2a: Kingambit|move: Protect
|move|p1b: Archaludon|Dragon Pulse|p2b: Ceruledge
|-activate|p2b: Ceruledge|move: Protect
|
|-weather|Snowscape|[upkeep]
|-heal|p2b: Ceruledge|95/100|[from] item: Leftovers
|-sideend|p1: Luisnm01|Reflect
|upkeep
|turn|9
|
|t:|1786037613
|move|p2a: Kingambit|Sucker Punch|p1a: Pelipper
|-damage|p1a: Pelipper|0 fnt
|faint|p1a: Pelipper
|move|p1b: Archaludon|Dragon Pulse|p2b: Ceruledge
|-damage|p2b: Ceruledge|34/100
|move|p2b: Ceruledge|Bitter Blade|p1b: Archaludon
|-damage|p1b: Archaludon|18/100
|-heal|p2b: Ceruledge|78/100|[from] drain|[of] p1b: Archaludon
|-ability|p1b: Archaludon|Stamina|boost
|-boost|p1b: Archaludon|def|1
|
|-weather|Snowscape|[upkeep]
|-heal|p1b: Archaludon|24/100|[from] item: Leftovers
|-heal|p2b: Ceruledge|84/100|[from] item: Leftovers
|-sideend|p1: Luisnm01|move: Tailwind
|upkeep
|turn|10
|
|t:|1786037628
|move|p2a: Kingambit|Sucker Punch|p1b: Archaludon
|-damage|p1b: Archaludon|4/100
|-ability|p1b: Archaludon|Stamina|boost
|-boost|p1b: Archaludon|def|1
|move|p1b: Archaludon|Dragon Pulse|p2b: Ceruledge
|-damage|p2b: Ceruledge|25/100
|move|p2b: Ceruledge|Bulk Up|p2b: Ceruledge
|-boost|p2b: Ceruledge|atk|1
|-boost|p2b: Ceruledge|def|1
|
|-weather|Snowscape|[upkeep]
|-heal|p1b: Archaludon|10/100|[from] item: Leftovers
|-heal|p2b: Ceruledge|31/100|[from] item: Leftovers
|upkeep
|turn|11
|
|t:|1786037635
|move|p2b: Ceruledge|Shadow Sneak|p1b: Archaludon
|-damage|p1b: Archaludon|0 fnt
|faint|p1b: Archaludon
|
|win|ImAtWorkVGC
||Luisnm01 is ready for game 2.
||ImAtWorkVGC is ready for game 2.
|uhtml|next|Next: Game 2 of 3
