|j|☆lettitripppp
|j|☆probandoteammvp
|html|lettitrippppprobandoteammvp    
|uhtml|bestof|Game 1 of a best-of-3
|t:|1783364441
|gametype|doubles
|player|p1|lettitripppp|lucas|1320
|player|p2|probandoteammvp|hilbert|1284
|gen|9
|tier|[Gen 9 Champions] VGC 2026 Reg M-B (Bo3)
|rated|
|rule|Species Clause: Limit one of each Pokémon
|rule|Item Clause: Limit 1 of each item
|clearpoke
|poke|p1|Charizard, L50, F|
|poke|p1|Basculegion, L50, M|
|poke|p1|Whimsicott, L50, M, shiny|
|poke|p1|Garchomp, L50, F, shiny|
|poke|p1|Floette-Eternal, L50, F|
|poke|p1|Kingambit, L50, F, shiny|
|poke|p2|Blastoise, L50, M, shiny|
|poke|p2|Vivillon-Fancy, L50, F, shiny|
|poke|p2|Sinistcha, L50, shiny|
|poke|p2|Farigiraf, L50, F, shiny|
|poke|p2|Sylveon, L50, F, shiny|
|poke|p2|Pelipper, L50, M, shiny|
|teampreview|4
|showteam|p1|Charizard||CharizarditeY|Blaze|WeatherBall,SolarBeam,HeatWave,Protect|Modest||F|||50|]Basculegion||MysticWater|Adaptability|LastRespects,WaveCrash,AquaJet,Protect|Adamant||M|||50|]Whimsicott||FocusSash|Prankster|Moonblast,Tailwind,Encore,Protect|Timid||M|||50|]Garchomp||LifeOrb|RoughSkin|DragonClaw,Earthquake,RockSlide,Protect|Jolly||F|||50|]Floette-Eternal||Floettite|FlowerVeil|DazzlingGleam,LightofRuin,Moonblast,Protect|Modest||F|||50|]Kingambit||ChopleBerry|Defiant|KowtowCleave,SuckerPunch,IronHead,LowKick|Adamant||F|||50|
|showteam|p2|Blastoise||Blastoisinite|RainDish|WaterSpout,DarkPulse,ShellSmash,Protect|Modest||M|||50|]Vivillon-Fancy||ChoiceScarf|CompoundEyes|Hurricane,PollenPuff,SleepPowder,RagePowder|Timid||F|||50|]Sinistcha||ColburBerry|Hospitality|RagePowder,MatchaGotcha,TrickRoom,Protect|Relaxed|||||50|]Farigiraf||SitrusBerry|ArmorTail|TwinBeam,HelpingHand,TrickRoom,Protect|Quiet||F|||50|]Sylveon||FairyFeather|Pixilate|HyperVoice,HyperBeam,Moonblast,Protect|Modest||F|||50|]Pelipper||FocusSash|Drizzle|Hurricane,Tailwind,HelpingHand,Protect|Timid||M|||50|
|inactive|Battle timer is ON: inactive players will automatically lose when time's up. (requested by lettitripppp)
|
|t:|1783364467
|teamsize|p1|4
|teamsize|p2|4
|start
|switch|p1a: GHOSTWAVE|Basculegion, L50, M|100/100
|switch|p1b: LETS GO GO|Whimsicott, L50, M, shiny|100/100
|switch|p2a: Tortugueitor|Blastoise, L50, M, shiny|100/100
|switch|p2b: Jirafona|Farigiraf, L50, F, shiny|100/100
|turn|1
|
|t:|1783364476
|detailschange|p2a: Tortugueitor|Blastoise-Mega, L50, M, shiny
|-mega|p2a: Tortugueitor|Blastoise|Blastoisinite
|move|p2b: Jirafona|Protect|p2b: Jirafona
|-singleturn|p2b: Jirafona|Protect
|move|p1b: LETS GO GO|Moonblast|p2b: Jirafona
|-activate|p2b: Jirafona|move: Protect
|move|p2a: Tortugueitor|Water Spout|p1b: LETS GO GO|[spread] p1a,p1b
|-resisted|p1a: GHOSTWAVE|1
|-resisted|p1b: LETS GO GO|1
|-crit|p1b: LETS GO GO
|-damage|p1a: GHOSTWAVE|64/100
|-damage|p1b: LETS GO GO|35/100
|move|p1a: GHOSTWAVE|Wave Crash|p2b: Jirafona
|-activate|p2b: Jirafona|move: Protect
|
|upkeep
|turn|2
|
|t:|1783364496
|move|p1b: LETS GO GO|Moonblast|p2b: Jirafona
|-damage|p2b: Jirafona|77/100
|move|p2a: Tortugueitor|Dark Pulse|p1a: GHOSTWAVE
|-supereffective|p1a: GHOSTWAVE|1
|-damage|p1a: GHOSTWAVE|0 fnt
|faint|p1a: GHOSTWAVE
|move|p2b: Jirafona|Twin Beam|p1b: LETS GO GO
|-damage|p1b: LETS GO GO|11/100
|-damage|p1b: LETS GO GO|0 fnt
|faint|p1b: LETS GO GO
|-hitcount|p1: LETS GO GO|2
|
|upkeep
|
|t:|1783364504
|switch|p1b: GENERAL BLADUS|Kingambit, L50, F, shiny|100/100
|switch|p1a: AGNI|Charizard, L50, F|100/100
|turn|3
|inactive|probandoteammvp has 30 seconds left.
|
|t:|1783364536
|detailschange|p1a: AGNI|Charizard-Mega-Y, L50, F
|-mega|p1a: AGNI|Charizard|Charizardite Y
|-weather|SunnyDay|[from] ability: Drought|[of] p1a: AGNI
|move|p2a: Tortugueitor|Protect|p2a: Tortugueitor
|-singleturn|p2a: Tortugueitor|Protect
|move|p1a: AGNI|Solar Beam||[still]
|-prepare|p1a: AGNI|Solar Beam
|-anim|p1a: AGNI|Solar Beam|p2a: Tortugueitor
|-activate|p2a: Tortugueitor|move: Protect
|move|p2b: Jirafona|Twin Beam|p1a: AGNI
|-damage|p1a: AGNI|84/100
|-damage|p1a: AGNI|68/100
|-hitcount|p1a: AGNI|2
|move|p1b: GENERAL BLADUS|Kowtow Cleave|p2b: Jirafona
|-supereffective|p2b: Jirafona|1
|-damage|p2b: Jirafona|0 fnt
|faint|p2b: Jirafona
|
|-weather|SunnyDay|[upkeep]
|upkeep
|
|t:|1783364554
|switch|p2b: Tacita|Sinistcha, L50, shiny|100/100
|turn|4
|
|t:|1783364563
|move|p2b: Tacita|Rage Powder|p2b: Tacita
|-singleturn|p2b: Tacita|move: Rage Powder
|move|p1a: AGNI|Heat Wave|p2a: Tortugueitor|[spread] p2a,p2b
|-resisted|p2a: Tortugueitor|1
|-supereffective|p2b: Tacita|1
|-damage|p2a: Tortugueitor|68/100
|-damage|p2b: Tacita|0 fnt
|faint|p2b: Tacita
|move|p2a: Tortugueitor|Water Spout|p1b: GENERAL BLADUS|[spread] p1a,p1b
|-supereffective|p1a: AGNI|1
|-damage|p1a: AGNI|26/100
|-damage|p1b: GENERAL BLADUS|79/100
|move|p1b: GENERAL BLADUS|Kowtow Cleave|p2a: Tortugueitor
|-damage|p2a: Tortugueitor|21/100
|
|-weather|SunnyDay|[upkeep]
|upkeep
|
|t:|1783364566
|switch|p2b: Mr Ribbons|Sylveon, L50, F, shiny|100/100
|turn|5
|
|t:|1783364579
|move|p2a: Tortugueitor|Protect|p2a: Tortugueitor
|-singleturn|p2a: Tortugueitor|Protect
|move|p1a: AGNI|Heat Wave|p2a: Tortugueitor|[spread] p2b
|-activate|p2a: Tortugueitor|move: Protect
|-damage|p2b: Mr Ribbons|52/100
|move|p2b: Mr Ribbons|Hyper Beam|p1b: GENERAL BLADUS
|-damage|p1b: GENERAL BLADUS|0 fnt
|-mustrecharge|p2b: Mr Ribbons
|faint|p1b: GENERAL BLADUS
|
|-weather|SunnyDay|[upkeep]
|upkeep
|turn|6
|
|t:|1783364593
|move|p1a: AGNI|Heat Wave|p2b: Mr Ribbons|[spread] p2a,p2b
|-resisted|p2a: Tortugueitor|1
|-damage|p2a: Tortugueitor|0 fnt
|-damage|p2b: Mr Ribbons|0 fnt
|faint|p2a: Tortugueitor
|faint|p2b: Mr Ribbons
|
|win|lettitripppp
||probandoteammvp is ready for game 2.
