|j|☆glofer
|j|☆ClasiusClap
|html|gloferClasiusClap    
|uhtml|bestof|Game 2 of a best-of-3
|t:|1786199248
|gametype|doubles
|player|p1|glofer|blackbelt|1092
|player|p2|ClasiusClap|2|1113
|gen|9
|tier|[Gen 9 Champions] VGC 2026 Reg M-B (Bo3)
|rated|
|rule|Species Clause: Limit one of each Pokémon
|rule|Item Clause: Limit 1 of each item
|clearpoke
|poke|p1|Sandaconda, L50, F|
|poke|p1|Mamoswine, L50, F|
|poke|p1|Garchomp, L50, M|
|poke|p1|Steelix, L50, M|
|poke|p1|Krookodile, L50, M|
|poke|p1|Gliscor, L50, F|
|poke|p2|Charizard, L50, F|
|poke|p2|Garchomp, L50, M|
|poke|p2|Sylveon, L50, F|
|poke|p2|Incineroar, L50, M|
|poke|p2|Whimsicott, L50, F|
|poke|p2|Basculegion, L50, M|
|teampreview|4
|showteam|p1|Sandaconda||Leftovers|SandSpit|SandTomb,DragonRush,Coil,Protect|Careful||F|||50|]Mamoswine||LifeOrb|Oblivious|HighHorsepower,IcicleCrash,IceShard,Protect|Adamant||F|||50|]Garchomp||Garchompite|RoughSkin|Earthquake,DragonClaw,RockSlide,Protect|Adamant||M|||50|]Steelix||Steelixite|Sturdy|DrillRun,HeavySlam,BodyPress,WideGuard|Adamant||M|||50|]Krookodile||ExpertBelt|Intimidate|StompingTantrum,KnockOff,SmackDown,Protect|Impish||M|||50|]Gliscor||FocusSash|HyperCutter|Bulldoze,DualWingbeat,Tailwind,Protect|Adamant||F|||50|
|showteam|p2|Charizard||CharizarditeY|Blaze|HeatWave,SolarBeam,WeatherBall,Protect|Timid||F|||50|]Garchomp||LifeOrb|RoughSkin|Earthquake,DragonClaw,StompingTantrum,Protect|Jolly||M|||50|]Sylveon||FairyFeather|Pixilate|HyperVoice,HyperBeam,Yawn,Detect|Modest||F|||50|]Incineroar||PasshoBerry|Intimidate|ThroatChop,FlareBlitz,FakeOut,PartingShot|Impish||M|||50|]Whimsicott||FocusSash|Prankster|Tailwind,Moonblast,Encore,Protect|Timid||F|||50|]Basculegion||MysticWater|Adaptability|WaveCrash,AquaJet,LastRespects,Protect|Adamant||M|||50|
|inactive|Battle timer is ON: inactive players will automatically lose when time's up. (requested by glofer)
|
|t:|1786199291
|teamsize|p1|4
|teamsize|p2|4
|start
|switch|p1a: Mamoswine|Mamoswine, L50, F|100/100
|switch|p1b: Gliscor|Gliscor, L50, F|100/100
|switch|p2a: Charizard|Charizard, L50, F|100/100
|switch|p2b: Whimsicott|Whimsicott, L50, F|100/100
|turn|1
|
|t:|1786199311
|detailschange|p2a: Charizard|Charizard-Mega-Y, L50, F
|-mega|p2a: Charizard|Charizard|Charizardite Y
|-weather|SunnyDay|[from] ability: Drought|[of] p2a: Charizard
|move|p1a: Mamoswine|Protect|p1a: Mamoswine
|-singleturn|p1a: Mamoswine|Protect
|move|p2b: Whimsicott|Tailwind|p2b: Whimsicott
|-sidestart|p2: ClasiusClap|move: Tailwind
|move|p2a: Charizard|Heat Wave|p1b: Gliscor|[spread] p1b
|-activate|p1a: Mamoswine|move: Protect
|-damage|p1b: Gliscor|14/100
|move|p1b: Gliscor|Dual Wingbeat|p2b: Whimsicott
|-supereffective|p2b: Whimsicott|1
|-crit|p2b: Whimsicott
|-damage|p2b: Whimsicott|21/100
|-supereffective|p2b: Whimsicott|1
|-damage|p2b: Whimsicott|0 fnt
|faint|p2b: Whimsicott
|-hitcount|p2: Whimsicott|2
|
|-weather|SunnyDay|[upkeep]
|upkeep
|
|t:|1786199328
|switch|p2b: Basculegion|Basculegion, L50, M|100/100
|turn|2
|inactive|glofer has 30 seconds left.
|
|t:|1786199356
|move|p2b: Basculegion|Aqua Jet|p1b: Gliscor
|-supereffective|p1b: Gliscor|1
|-damage|p1b: Gliscor|0 fnt
|faint|p1b: Gliscor
|move|p1a: Mamoswine|Ice Shard|p2a: Charizard
|-damage|p2a: Charizard|63/100
|-damage|p1a: Mamoswine|90/100|[from] item: Life Orb
|move|p2a: Charizard|Weather Ball|p1a: Mamoswine
|-supereffective|p1a: Mamoswine|1
|-damage|p1a: Mamoswine|0 fnt
|faint|p1a: Mamoswine
|
|-weather|SunnyDay|[upkeep]
|upkeep
|
|t:|1786199367
|switch|p1b: Krookodile|Krookodile, L50, M|100/100
|switch|p1a: Steelix|Steelix, L50, M|100/100
|-ability|p1b: Krookodile|Intimidate|boost
|-unboost|p2a: Charizard|atk|1
|-unboost|p2b: Basculegion|atk|1
|turn|3
|inactive|ClasiusClap has 30 seconds left.
|
|t:|1786199396
|detailschange|p1a: Steelix|Steelix-Mega, L50, M
|-mega|p1a: Steelix|Steelix|Steelixite
|move|p2a: Charizard|Weather Ball|p1a: Steelix
|-supereffective|p1a: Steelix|1
|-damage|p1a: Steelix|0 fnt
|faint|p1a: Steelix
|move|p2b: Basculegion|Wave Crash|p1b: Krookodile
|-supereffective|p1b: Krookodile|1
|-damage|p1b: Krookodile|36/100
|-damage|p2b: Basculegion|79/100|[from] Recoil
|move|p1b: Krookodile|Knock Off|p2b: Basculegion
|-supereffective|p2b: Basculegion|1
|-damage|p2b: Basculegion|0 fnt
|-enditem|p2b: Basculegion|Mystic Water|[from] move: Knock Off|[of] p1b: Krookodile
|faint|p2b: Basculegion
|
|-weather|SunnyDay|[upkeep]
|upkeep
|
|t:|1786199406
|switch|p2b: Sylveon|Sylveon, L50, F|100/100
|turn|4
|
|t:|1786199409
|move|p1b: Krookodile|Protect|p1b: Krookodile
|-singleturn|p1b: Krookodile|Protect
|move|p2a: Charizard|Heat Wave|p1b: Krookodile
|-activate|p1b: Krookodile|move: Protect
|move|p2b: Sylveon|Hyper Voice|p1b: Krookodile
|-activate|p1b: Krookodile|move: Protect
|
|-weather|SunnyDay|[upkeep]
|-sideend|p2: ClasiusClap|move: Tailwind
|upkeep
|turn|5
|
|t:|1786199414
|move|p2a: Charizard|Heat Wave|p1b: Krookodile
|-damage|p1b: Krookodile|0 fnt
|faint|p1b: Krookodile
|
|win|ClasiusClap
