|j|☆InkVG
|j|☆CondorNJ
|html|InkVGCondorNJ    
|uhtml|bestof|Game 2 of a best-of-3
|t:|1784478104
|gametype|doubles
|player|p1|InkVG|#inkvg|
|player|p2|CondorNJ|#smogonxnpa2024draftee|
|gen|9
|tier|[Gen 9 Champions] VGC 2026 Reg M-B (Bo3)
|rule|Species Clause: Limit one of each Pokémon
|rule|Item Clause: Limit 1 of each item
|clearpoke
|poke|p1|Whimsicott, L50, F|
|poke|p1|Floette-Eternal, L50, F|
|poke|p1|Charizard, L50, M|
|poke|p1|Garchomp, L50, F|
|poke|p1|Kingambit, L50, M|
|poke|p1|Basculegion, L50, M|
|poke|p2|Blaziken, L50, M|
|poke|p2|Venusaur, L50, F|
|poke|p2|Ninetales-Alola, L50, M|
|poke|p2|Lycanroc-Dusk, L50, F|
|poke|p2|Kingambit, L50, F|
|poke|p2|Basculegion, L50, M|
|teampreview|4
|showteam|p1|Whimsicott||FocusSash|Prankster|Moonblast,Tailwind,Encore,Protect|Timid||F|||50|]Floette-Eternal||Floettite|FlowerVeil|Moonblast,DazzlingGleam,LightofRuin,Protect|Timid||F|||50|]Charizard||CharizarditeY|Blaze|WeatherBall,HeatWave,SolarBeam,Protect|Modest||M|||50|]Garchomp||LifeOrb|RoughSkin|Earthquake,DragonClaw,RockSlide,Protect|Jolly||F|||50|]Kingambit||BlackGlasses|Defiant|KowtowCleave,SuckerPunch,IronHead,Protect|Adamant||M|||50|]Basculegion||MysticWater|Adaptability|WaveCrash,AquaJet,LastRespects,Protect|Adamant||M|||50|
|showteam|p2|Blaziken||Blazikenite|SpeedBoost|CloseCombat,FlareBlitz,StoneEdge,Detect|Adamant||M|||50|]Venusaur||Venusaurite|Chlorophyll|GigaDrain,SludgeBomb,EarthPower,Protect|Modest||F|||50|]Ninetales-Alola||NeverMeltIce|SnowWarning|Blizzard,FreezeDry,Encore,Protect|Timid||M|||50|]Lycanroc-Dusk||FocusSash|ToughClaws|Accelerock,RockSlide,CloseCombat,Protect|Adamant||F|||50|]Kingambit||LifeOrb|Defiant|KowtowCleave,SuckerPunch,IronHead,Protect|Adamant||F|||50|]Basculegion||ChoiceScarf|Adaptability|WaveCrash,LastRespects,FlipTurn,AquaJet|Jolly||M|||50|
|j|+Aldrich
|j| PandaMan7567
|j| thacrow
|j| basket wrench
|j| naddydaddy
|j| marilli
|j| Finabas
|j| Carneyasada
|j| A Regu1ar Guy
|j| Lorcylovesyou
|j| Flarefox
|l| naddydaddy
|j| djfdbdjfbdf
|j| Lorenzaooo
|j| rovbmc
|j| kunal
|j| minamisimp
|
|t:|1784478133
|teamsize|p1|4
|teamsize|p2|4
|start
|switch|p1a: Whimsicott|Whimsicott, L50, F|100/100
|switch|p1b: Basculegion|Basculegion, L50, M|100/100
|switch|p2a: Ninetales|Ninetales-Alola, L50, M|100/100
|switch|p2b: Lycanroc|Lycanroc-Dusk, L50, F|100/100
|-weather|Snowscape|[from] ability: Snow Warning|[of] p2a: Ninetales
|turn|1
|
|t:|1784478151
|move|p1a: Whimsicott|Tailwind|p1a: Whimsicott
|-sidestart|p1: InkVG|move: Tailwind
|move|p1b: Basculegion|Wave Crash|p2a: Ninetales
|-damage|p2a: Ninetales|9/100
|-damage|p1b: Basculegion|77/100|[from] Recoil
|move|p2a: Ninetales|Blizzard|p1a: Whimsicott|[spread] p1a,p1b
|-supereffective|p1a: Whimsicott|1
|-resisted|p1b: Basculegion|1
|-enditem|p1a: Whimsicott|Focus Sash
|-damage|p1a: Whimsicott|1/100
|-damage|p1b: Basculegion|54/100
|move|p2b: Lycanroc|Rock Slide|p1a: Whimsicott|[spread] p1a,p1b
|-damage|p1a: Whimsicott|0 fnt
|-damage|p1b: Basculegion|25/100
|faint|p1a: Whimsicott
|
|-weather|Snowscape|[upkeep]
|upkeep
|
|t:|1784478155
|switch|p1a: Garchomp|Garchomp, L50, F|100/100
|turn|2
|l|+Aldrich
|j| naddydaddy
|j| Snorlaxpikachu1
|j| Code
|
|t:|1784478204
|switch|p2b: Kingambit|Kingambit, L50, F|100/100
|move|p2a: Ninetales|Protect|p2a: Ninetales
|-singleturn|p2a: Ninetales|Protect
|move|p1b: Basculegion|Aqua Jet|p2b: Kingambit
|-damage|p2b: Kingambit|77/100
|move|p1a: Garchomp|Rock Slide|p2b: Kingambit|[spread] p2b
|-activate|p2a: Ninetales|move: Protect
|-resisted|p2b: Kingambit|1
|-damage|p2b: Kingambit|69/100
|-damage|p1a: Garchomp|90/100|[from] item: Life Orb
|
|-weather|Snowscape|[upkeep]
|upkeep
|turn|3
|
|t:|1784478241
|switch|p1b: Charizard|Charizard, L50, M|100/100
|switch|p2a: Lycanroc|Lycanroc-Dusk, L50, F|100/100
|move|p1a: Garchomp|Earthquake|p2b: Kingambit|[spread] p2a,p2b
|-immune|p1b: Charizard
|-supereffective|p2a: Lycanroc|1
|-supereffective|p2b: Kingambit|1
|-enditem|p2a: Lycanroc|Focus Sash
|-damage|p2a: Lycanroc|1/100
|-damage|p2b: Kingambit|0 fnt
|faint|p2b: Kingambit
|-damage|p1a: Garchomp|80/100|[from] item: Life Orb
|
|-weather|Snowscape|[upkeep]
|upkeep
|l| marilli
|j|+Aldrich
|
|t:|1784478252
|switch|p2b: Blaziken|Blaziken, L50, M|100/100
|turn|4
|
|t:|1784478271
|detailschange|p2b: Blaziken|Blaziken-Mega, L50, M
|-mega|p2b: Blaziken|Blaziken|Blazikenite
|move|p1b: Charizard|Protect|p1b: Charizard
|-singleturn|p1b: Charizard|Protect
|move|p2a: Lycanroc|Protect|p2a: Lycanroc
|-singleturn|p2a: Lycanroc|Protect
|move|p2b: Blaziken|Detect|p2b: Blaziken
|-singleturn|p2b: Blaziken|Protect
|move|p1a: Garchomp|Earthquake|p2a: Lycanroc|[spread] 
|-activate|p1b: Charizard|move: Protect
|-activate|p2a: Lycanroc|move: Protect
|-activate|p2b: Blaziken|move: Protect
|
|-weather|Snowscape|[upkeep]
|-sideend|p1: InkVG|move: Tailwind
|-ability|p2b: Blaziken|Speed Boost|boost
|-boost|p2b: Blaziken|spe|1
|upkeep
|turn|5
|j| Paywall vgc
|
|t:|1784478289
|detailschange|p1b: Charizard|Charizard-Mega-Y, L50, M
|-mega|p1b: Charizard|Charizard|Charizardite Y
|-weather|SunnyDay|[from] ability: Drought|[of] p1b: Charizard
|move|p1a: Garchomp|Protect|p1a: Garchomp
|-singleturn|p1a: Garchomp|Protect
|move|p2b: Blaziken|Close Combat|p1a: Garchomp
|-activate|p1a: Garchomp|move: Protect
|move|p2a: Lycanroc|Rock Slide|p1b: Charizard|[spread] p1b
|-activate|p1a: Garchomp|move: Protect
|-supereffective|p1b: Charizard|2
|-damage|p1b: Charizard|0 fnt
|faint|p1b: Charizard
|
|-weather|SunnyDay|[upkeep]
|-ability|p2b: Blaziken|Speed Boost|boost
|-boost|p2b: Blaziken|spe|1
|upkeep
|
|t:|1784478299
|switch|p1b: Basculegion|Basculegion, L50, M|25/100
|turn|6
|l| naddydaddy
|-message|InkVG forfeited.
|
|win|CondorNJ
|l| PandaMan7567
|c|☆CondorNJ|ggs boss
|l| djfdbdjfbdf
|l| Paywall vgc
|c|☆InkVG|ggs
|j| switch era dropout
