|j|☆lancepp
|j|☆Gabeeel
|html|lanceppGabeeel    
|uhtml|bestof|Game 2 of a best-of-3
|t:|1784327249
|gametype|doubles
|player|p1|lancepp|2|
|player|p2|Gabeeel|iris|
|gen|9
|tier|[Gen 9 Champions] VGC 2026 Reg M-B (Bo3)
|rule|Species Clause: Limit one of each Pokémon
|rule|Item Clause: Limit 1 of each item
|clearpoke
|poke|p1|Talonflame, L50, F|
|poke|p1|Politoed, L50, M|
|poke|p1|Basculegion-F, L50, F|
|poke|p1|Dragonite, L50, F|
|poke|p1|Metagross, L50|
|poke|p1|Krookodile, L50, M|
|poke|p2|Scrafty, L50, M, shiny|
|poke|p2|Glimmora, L50, F|
|poke|p2|Talonflame, L50, F|
|poke|p2|Primarina, L50, M|
|poke|p2|Mamoswine, L50, F|
|poke|p2|Metagross, L50|
|teampreview|4
|showteam|p1|Talonflame||SharpBeak|GaleWings|Protect,Hurricane,Tailwind,Overheat|Modest||F|||50|]Politoed||SitrusBerry|Drizzle|WeatherBall,Encore,MuddyWater,Protect|Calm||M|||50|]Basculegion-F||ChoiceScarf|Adaptability|WaveCrash,FlipTurn,LastRespects,AquaJet|Jolly||F|||50|]Dragonite||Dragoninite|Multiscale|DracoMeteor,Protect,Thunder,Hurricane|Modest||F|||50|]Metagross||LifeOrb|ClearBody|PsychicFangs,Protect,BulletPunch,IronHead|Adamant|||||50|]Krookodile||FocusSash|Intimidate|Earthquake,Protect,KnockOff,HighHorsepower|Jolly||M|||50|
|showteam|p2|Scrafty||Scraftinite|Intimidate|FakeOut,DrainPunch,KnockOff,HelpingHand|Adamant||M|||50|]Glimmora||Glimmoranite|ToxicDebris|SludgeBomb,PowerGem,EarthPower,SpikyShield|Modest||F|||50|]Talonflame||ExpertBelt|GaleWings|BraveBird,FlareBlitz,Tailwind,Protect|Jolly||F|||50|]Primarina||Leftovers|LiquidVoice|HyperVoice,Moonblast,CalmMind,Protect|Modest||M|||50|]Mamoswine||FocusSash|Oblivious|Earthquake,HighHorsepower,IceShard,Protect|Adamant||F|||50|]Metagross||ColburBerry|ClearBody|PsychicFangs,IronHead,BulletPunch,Protect|Adamant|||||50|
|
|t:|1784327312
|teamsize|p1|4
|teamsize|p2|4
|start
|switch|p1a: Dragonite|Dragonite, L50, F|100/100
|switch|p1b: Basculegion|Basculegion-F, L50, F|100/100
|switch|p2a: Aviões do Forró|Talonflame, L50, F|100/100
|switch|p2b: Puterrier|Scrafty, L50, M, shiny|100/100
|-ability|p2b: Puterrier|Intimidate|boost
|-unboost|p1a: Dragonite|atk|1
|-unboost|p1b: Basculegion|atk|1
|turn|1
|
|t:|1784327356
|switch|p1a: Politoed|Politoed, L50, M|100/100
|-weather|RainDance|[from] ability: Drizzle|[of] p1a: Politoed
|detailschange|p2b: Puterrier|Scrafty-Mega, L50, M, shiny
|-mega|p2b: Puterrier|Scrafty|Scraftinite
|-ability|p2b: Puterrier|Intimidate|boost
|-unboost|p1a: Politoed|atk|1
|-unboost|p1b: Basculegion|atk|1
|move|p2a: Aviões do Forró|Tailwind|p2a: Aviões do Forró
|-sidestart|p2: Gabeeel|move: Tailwind
|move|p1b: Basculegion|Flip Turn|p2a: Aviões do Forró
|-supereffective|p2a: Aviões do Forró|1
|-damage|p2a: Aviões do Forró|20/100r
|
|t:|1784327377
|switch|p1b: Talonflame|Talonflame, L50, F|100/100|[from] Flip Turn
|move|p2b: Puterrier|Knock Off|p1b: Talonflame
|-damage|p1b: Talonflame|22/100
|-enditem|p1b: Talonflame|Sharp Beak|[from] move: Knock Off|[of] p2b: Puterrier
|
|-weather|RainDance|[upkeep]
|upkeep
|turn|2
|
|t:|1784327446
|move|p1b: Talonflame|Protect|p1b: Talonflame
|-singleturn|p1b: Talonflame|Protect
|move|p2a: Aviões do Forró|Brave Bird|p1b: Talonflame
|-activate|p1b: Talonflame|move: Protect
|move|p2b: Puterrier|Knock Off|p1a: Politoed
|-damage|p1a: Politoed|41/100
|-enditem|p1a: Politoed|Sitrus Berry|[from] move: Knock Off|[of] p2b: Puterrier
|move|p1a: Politoed|Muddy Water|p2a: Aviões do Forró|[spread] p2a,p2b
|-supereffective|p2a: Aviões do Forró|1
|-damage|p2a: Aviões do Forró|0 fnt
|-damage|p2b: Puterrier|73/100
|-unboost|p2b: Puterrier|accuracy|1
|faint|p2a: Aviões do Forró
|
|-weather|RainDance|[upkeep]
|upkeep
|
|t:|1784327464
|switch|p2a: Banda Grafith|Mamoswine, L50, F|100/100
|turn|3
|
|t:|1784327497
|move|p1a: Politoed|Protect|p1a: Politoed
|-singleturn|p1a: Politoed|Protect
|move|p2a: Banda Grafith|Ice Shard|p1b: Talonflame
|-damage|p1b: Talonflame|0 fnt
|faint|p1b: Talonflame
|move|p2b: Puterrier|Drain Punch|p1a: Politoed
|-activate|p1a: Politoed|move: Protect
|
|-weather|RainDance|[upkeep]
|upkeep
|
|t:|1784327511
|switch|p1b: Basculegion|Basculegion-F, L50, F|100/100
|turn|4
|
|t:|1784327539
|switch|p2b: Pabllo Vittar|Primarina, L50, M|100/100
|move|p2a: Banda Grafith|High Horsepower|p1a: Politoed
|-damage|p1a: Politoed|0 fnt
|faint|p1a: Politoed
|move|p1b: Basculegion|Flip Turn|p2b: Pabllo Vittar
|-resisted|p2b: Pabllo Vittar|1
|-damage|p2b: Pabllo Vittar|76/100
|
|t:|1784327547
|switch|p1b: Dragonite|Dragonite, L50, F|100/100|[from] Flip Turn
|
|-weather|RainDance|[upkeep]
|-heal|p2b: Pabllo Vittar|82/100|[from] item: Leftovers
|-sideend|p2: Gabeeel|move: Tailwind
|upkeep
|
|t:|1784327553
|switch|p1a: Basculegion|Basculegion-F, L50, F|100/100
|turn|5
|
|t:|1784327596
|detailschange|p1b: Dragonite|Dragonite-Mega, L50, F
|-mega|p1b: Dragonite|Dragonite|Dragoninite
|move|p2a: Banda Grafith|Protect|p2a: Banda Grafith
|-singleturn|p2a: Banda Grafith|Protect
|move|p1a: Basculegion|Aqua Jet|p2a: Banda Grafith
|-activate|p2a: Banda Grafith|move: Protect
|move|p1b: Dragonite|Thunder|p2b: Pabllo Vittar
|-supereffective|p2b: Pabllo Vittar|1
|-damage|p2b: Pabllo Vittar|5/100
|-status|p2b: Pabllo Vittar|par
|move|p2b: Pabllo Vittar|Moonblast|p1b: Dragonite
|-supereffective|p1b: Dragonite|1
|-damage|p1b: Dragonite|57/100
|
|-weather|none
|-heal|p2b: Pabllo Vittar|11/100 par|[from] item: Leftovers
|upkeep
|turn|6
|
|t:|1784327625
|move|p1a: Basculegion|Aqua Jet|p2a: Banda Grafith
|-supereffective|p2a: Banda Grafith|1
|-damage|p2a: Banda Grafith|44/100
|move|p2a: Banda Grafith|Ice Shard|p1b: Dragonite
|-supereffective|p1b: Dragonite|2
|-damage|p1b: Dragonite|0 fnt
|faint|p1b: Dragonite
|move|p2b: Pabllo Vittar|Moonblast|p1a: Basculegion
|-damage|p1a: Basculegion|40/100
|
|-heal|p2b: Pabllo Vittar|17/100 par|[from] item: Leftovers
|upkeep
|turn|7
|
|t:|1784327648
|move|p1a: Basculegion|Aqua Jet|p2a: Banda Grafith
|-supereffective|p2a: Banda Grafith|1
|-damage|p2a: Banda Grafith|0 fnt
|faint|p2a: Banda Grafith
|cant|p2b: Pabllo Vittar|par
|
|-heal|p2b: Pabllo Vittar|23/100 par|[from] item: Leftovers
|upkeep
|
|t:|1784327652
|switch|p2a: Puterrier|Scrafty-Mega, L50, M, shiny|73/100
|-ability|p2a: Puterrier|Intimidate|boost
|-unboost|p1a: Basculegion|atk|1
|turn|8
|c|☆lancepp|Ouu shii right
|c|☆lancepp|That guy existed
|-message|lancepp forfeited.
|
|win|Gabeeel
|c|☆Gabeeel|ggs
|c|☆lancepp|Ggs
|c|☆Gabeeel|re?
|c|☆lancepp|Nah need to work on this lmao
|c|☆lancepp|Prim is a really bad mu
|c|☆Gabeeel|fine
|c|☆Gabeeel|yea
