|j|☆Alecat
|j|☆higigig
|html|Alecathigigig    
|uhtml|bestof|Game 2 of a best-of-3
|t:|1757067473
|gametype|doubles
|player|p1|Alecat|scientistf|1054
|player|p2|higigig|sisandbro|1089
|gen|9
|tier|[Gen 9] VGC 2025 Reg H (Bo3)
|rated|
|rule|Species Clause: Limit one of each Pokémon
|rule|Item Clause: Limit 1 of each item
|clearpoke
|poke|p1|Pawmot, L50, F|
|poke|p1|Gyarados, L50, F|
|poke|p1|Volcarona, L50, M|
|poke|p1|Murkrow, L50, F|
|poke|p1|Incineroar, L50, M|
|poke|p1|Archaludon, L50, M|
|poke|p2|Sneasler, L50, F|
|poke|p2|Gholdengo, L50|
|poke|p2|Amoonguss, L50, M|
|poke|p2|Incineroar, L50, M|
|poke|p2|Ursaluna-Bloodmoon, L50, M|
|poke|p2|Farigiraf, L50, M|
|teampreview|4
|showteam|p1|Pawmot||FocusSash|VoltAbsorb|DoubleShock,Coaching,CloseCombat,Protect|||F|||50|,,,,,Electric]Gyarados||ClearAmulet|Moxie|Waterfall,DragonDance,Earthquake,Protect|||F|||50|,,,,,Ground]Volcarona||SitrusBerry|FlameBody|Overheat,StruggleBug,RagePowder,Tailwind|||M|||50|,,,,,Grass]Murkrow||Eviolite|Prankster|FoulPlay,RainDance,Tailwind,SunnyDay|||F|||50|,,,,,Dark]Incineroar||SafetyGoggles|Intimidate|FlareBlitz,FakeOut,Bulldoze,Taunt|||M|||50|,,,,,Ghost]Archaludon||PowerHerb|Stalwart|DragonTail,FlashCannon,ElectroShot,Protect|||M|||50|,,,,,Grass
|showteam|p2|Sneasler||ClearAmulet|PoisonTouch|FakeOut,CloseCombat,DireClaw,Protect|||F|||50|,,,,,Steel]Gholdengo||MetalCoat|GoodasGold|NastyPlot,MakeItRain,ShadowBall,Protect||||||50|,,,,,Water]Amoonguss||SitrusBerry|Regenerator|Spore,RagePowder,PollenPuff,Protect|||M|||50|,,,,,Water]Incineroar||SafetyGoggles|Intimidate|FakeOut,FlareBlitz,KnockOff,PartingShot|||M|||50|,,,,,Ghost]Ursaluna-Bloodmoon||LifeOrb|MindsEye|CalmMind,EarthPower,BloodMoon,Protect|||M|||50|,,,,,Poison]Farigiraf||MentalHerb|ArmorTail|Psychic,HelpingHand,TrickRoom,Protect|||M|||50|,,,,,Dragon
|inactive|Battle timer is ON: inactive players will automatically lose when time's up. (requested by higigig)
|inactive|Alecat also wants the timer to be on.
|inactive|Alecat has 60 seconds left.
|inactive|higigig has 60 seconds left.
|inactive|higigig has 30 seconds left.
|inactive|higigig has 20 seconds left.
|inactive|higigig has 15 seconds left.
|
|t:|1757067551
|teamsize|p1|4
|teamsize|p2|4
|start
|switch|p1a: Archaludon|Archaludon, L50, M|100/100
|switch|p1b: Murkrow|Murkrow, L50, F|100/100
|switch|p2a: Amoonguss|Amoonguss, L50, M|100/100
|switch|p2b: Incineroar|Incineroar, L50, M|100/100
|-ability|p2b: Incineroar|Intimidate|boost
|-unboost|p1a: Archaludon|atk|1
|-unboost|p1b: Murkrow|atk|1
|turn|1
|inactive|Alecat has 30 seconds left.
|inactive|higigig has 30 seconds left.
|inactive|Alecat has 20 seconds left.
|inactive|Alecat has 15 seconds left.
|
|t:|1757067593
|-terastallize|p1a: Archaludon|Grass
|move|p2b: Incineroar|Fake Out|p1b: Murkrow
|-damage|p1b: Murkrow|84/100
|cant|p1b: Murkrow|flinch
|move|p2a: Amoonguss|Spore|p1b: Murkrow
|-status|p1b: Murkrow|slp|[from] move: Spore
|move|p1a: Archaludon|Dragon Tail|p2a: Amoonguss
|-damage|p2a: Amoonguss|87/100
|drag|p2a: Ursaluna|Ursaluna-Bloodmoon, L50, M|100/100
|
|upkeep
|turn|2
|inactive|Alecat has 30 seconds left.
|inactive|higigig has 30 seconds left.
|
|t:|1757067623
|switch|p1a: Incineroar|Incineroar, L50, M|100/100
|-ability|p1a: Incineroar|Intimidate|boost
|-unboost|p2a: Ursaluna|atk|1
|-unboost|p2b: Incineroar|atk|1
|cant|p1b: Murkrow|slp
|move|p2a: Ursaluna|Calm Mind|p2a: Ursaluna
|-boost|p2a: Ursaluna|spa|1
|-boost|p2a: Ursaluna|spd|1
|move|p2b: Incineroar|Parting Shot|p1a: Incineroar
|-unboost|p1a: Incineroar|atk|1
|-unboost|p1a: Incineroar|spa|1
|
|t:|1757067644
|switch|p2b: Sneasler|Sneasler, L50, F|100/100|[from] Parting Shot
|
|upkeep
|turn|3
|inactive|higigig has 30 seconds left.
|inactive|higigig has 20 seconds left.
|inactive|higigig has 15 seconds left.
|inactive|higigig has 10 seconds left.
|
|t:|1757067693
|move|p2b: Sneasler|Fake Out|p1a: Incineroar
|-damage|p1a: Incineroar|85/100
|cant|p1b: Murkrow|slp
|cant|p1a: Incineroar|flinch
|move|p2a: Ursaluna|Earth Power|p1a: Incineroar
|-supereffective|p1a: Incineroar
|-damage|p1a: Incineroar|0 fnt
|faint|p1a: Incineroar
|-damage|p2a: Ursaluna|91/100|[from] item: Life Orb
|
|upkeep
|
|t:|1757067712
|switch|p1a: Volcarona|Volcarona, L50, M|100/100
|turn|4
|
|t:|1757067719
|-curestatus|p1b: Murkrow|slp|[msg]
|move|p1b: Murkrow|Tailwind|p1b: Murkrow
|-sidestart|p1: Alecat|move: Tailwind
|move|p1a: Volcarona|Overheat|p2b: Sneasler
|-damage|p2b: Sneasler|28/100
|-unboost|p1a: Volcarona|spa|2
|move|p2b: Sneasler|Dire Claw|p1a: Volcarona
|-damage|p1a: Volcarona|42/100
|-status|p1a: Volcarona|slp
|-enditem|p1a: Volcarona|Sitrus Berry|[eat]
|-heal|p1a: Volcarona|67/100 slp|[from] item: Sitrus Berry
|move|p2a: Ursaluna|Blood Moon|p1b: Murkrow
|-damage|p1b: Murkrow|0 fnt
|faint|p1b: Murkrow
|-damage|p2a: Ursaluna|81/100|[from] item: Life Orb
|
|upkeep
|
|t:|1757067737
|switch|p1b: Archaludon|Archaludon, L50, M, tera:Grass|100/100
|turn|5
|
|t:|1757067752
|cant|p1a: Volcarona|slp
|move|p2b: Sneasler|Dire Claw|p1b: Archaludon
|-supereffective|p1b: Archaludon
|-damage|p1b: Archaludon|24/100
|move|p2a: Ursaluna|Earth Power|p1a: Volcarona
|-damage|p1a: Volcarona|0 fnt
|faint|p1a: Volcarona
|-damage|p2a: Ursaluna|72/100|[from] item: Life Orb
|move|p1b: Archaludon|Dragon Tail|p2a: Ursaluna
|-damage|p2a: Ursaluna|56/100
|drag|p2a: Amoonguss|Amoonguss, L50, M|100/100
|
|upkeep
|turn|6
|
|t:|1757067767
|move|p1b: Archaludon|Electro Shot||[still]
|-prepare|p1b: Archaludon|Electro Shot
|-boost|p1b: Archaludon|spa|1
|-enditem|p1b: Archaludon|Power Herb
|-anim|p1b: Archaludon|Electro Shot|p2b: Sneasler
|-damage|p2b: Sneasler|0 fnt
|faint|p2b: Sneasler
|move|p2a: Amoonguss|Pollen Puff|p2: Sneasler|[notarget]
|-fail|p2a: Amoonguss
|
|upkeep
|c|☆higigig|ggwp
|
|t:|1757067776
|switch|p2b: Incineroar|Incineroar, L50, M|100/100
|-ability|p2b: Incineroar|Intimidate|boost
|-unboost|p1b: Archaludon|atk|1
|turn|7
|
|t:|1757067784
|move|p1b: Archaludon|Protect|p1b: Archaludon
|-singleturn|p1b: Archaludon|Protect
|move|p2b: Incineroar|Fake Out|p1b: Archaludon
|-activate|p1b: Archaludon|move: Protect
|move|p2a: Amoonguss|Pollen Puff|p1b: Archaludon
|-activate|p1b: Archaludon|move: Protect
|
|-sideend|p1: Alecat|move: Tailwind
|upkeep
|turn|8
|c|☆Alecat|gg
|
|t:|1757067802
|move|p1b: Archaludon|Electro Shot||[still]
|-prepare|p1b: Archaludon|Electro Shot
|-boost|p1b: Archaludon|spa|1
|move|p2b: Incineroar|Flare Blitz|p1b: Archaludon
|-supereffective|p1b: Archaludon
|-damage|p1b: Archaludon|0 fnt
|faint|p1b: Archaludon
|-damage|p2b: Incineroar|94/100|[from] Recoil
|
|win|higigig
|raw|Alecat's rating: 1054 → 1038(-16 for losing)
|raw|higigig's rating: 1089 → 1113(+24 for winning)
