|j|â˜†crosseczek
|j|â˜†Belinvgc
|html|crosseczekBelinvgc    
|uhtml|bestof|Game 3 of a best-of-3
|t:|1784140886
|gametype|doubles
|player|p1|crosseczek|101|
|player|p2|Belinvgc|265|
|gen|9
|tier|[Gen 9 Champions] VGC 2026 Reg M-B (Bo3)
|rule|Species Clause: Limit one of each PokÃ©mon
|rule|Item Clause: Limit 1 of each item
|clearpoke
|poke|p1|Mawile, L50, F|
|poke|p1|Garchomp, L50, M|
|poke|p1|Whimsicott, L50, M|
|poke|p1|Raichu, L50, F|
|poke|p1|Incineroar, L50, M|
|poke|p1|Farigiraf, L50, M|
|poke|p2|Blastoise, L50, F|
|poke|p2|Incineroar, L50, M|
|poke|p2|Sinistcha, L50|
|poke|p2|Floette-Eternal, L50, F|
|poke|p2|Sneasler, L50, M|
|poke|p2|Maushold, L50|
|teampreview|4
|showteam|p1|Mawile||Mawilite|HyperCutter|PlayRough,SuckerPunch,SwordsDance,Protect|Brave||F|||50|]Garchomp||SitrusBerry|RoughSkin|DragonClaw,StompingTantrum,RockSlide,Protect|Adamant||M|||50|]Whimsicott||FocusSash|Prankster|Moonblast,Encore,Tailwind,Protect|Modest||M|||50|]Raichu||RaichuniteY|LightningRod|ZapCannon,FocusBlast,GrassKnot,Protect|Modest||F|||50|]Incineroar||Charcoal|Intimidate|FlareBlitz,ThroatChop,PartingShot,FakeOut|Adamant||M|||50|]Farigiraf||ColburBerry|ArmorTail|Psychic,Imprison,TrickRoom,Protect|Modest||M|||50|
|showteam|p2|Blastoise||Blastoisinite|RainDish|WaterSpout,DarkPulse,ShellSmash,Protect|Modest||F|||50|]Incineroar||SitrusBerry|Intimidate|FlareBlitz,FakeOut,PartingShot,HelpingHand|Impish||M|||50|]Sinistcha||OccaBerry|Hospitality|MatchaGotcha,RagePowder,TrickRoom,Protect|Relaxed|||||50|]Floette-Eternal||Floettite|FlowerVeil|DazzlingGleam,DrainingKiss,CalmMind,Protect|Modest||F|||50|]Sneasler||FocusSash|PoisonTouch|DireClaw,CloseCombat,FakeOut,QuickGuard|Jolly||M|||50|]Maushold||LumBerry|FriendGuard|SuperFang,FollowMe,Feint,Protect|Timid|||||50|
|
|t:|1784140933
|teamsize|p1|4
|teamsize|p2|4
|start
|switch|p1a: Raichu|Raichu, L50, F|100/100
|switch|p1b: Whimsicott|Whimsicott, L50, M|100/100
|switch|p2a: Blastoise|Blastoise, L50, F|100/100
|switch|p2b: Sneasler|Sneasler, L50, M|100/100
|turn|1
|
|t:|1784140981
|switch|p1b: Farigiraf|Farigiraf, L50, M|100/100
|detailschange|p1a: Raichu|Raichu-Mega-Y, L50, F
|-mega|p1a: Raichu|Raichu|Raichunite Y
|detailschange|p2a: Blastoise|Blastoise-Mega, L50, F
|-mega|p2a: Blastoise|Blastoise|Blastoisinite
|move|p2b: Sneasler|Fake Out||[still]
|cant|p1b: Farigiraf|ability: Armor Tail|Fake Out|[of] p2b: Sneasler
|move|p1a: Raichu|Zap Cannon|p2a: Blastoise
|-supereffective|p2a: Blastoise|1
|-damage|p2a: Blastoise|0 fnt
|faint|p2a: Blastoise
|
|upkeep
|
|t:|1784140998
|switch|p2a: Maushold|Maushold, L50|100/100
|turn|2
|
|t:|1784141018
|move|p2b: Sneasler|Close Combat|p1b: Farigiraf
|-damage|p1b: Farigiraf|38/100
|-unboost|p2b: Sneasler|def|1
|-unboost|p2b: Sneasler|spd|1
|move|p2a: Maushold|Super Fang|p1b: Farigiraf|[miss]
|-miss|p2a: Maushold|p1b: Farigiraf
|move|p1a: Raichu|Focus Blast|p2a: Maushold
|-supereffective|p2a: Maushold|1
|-damage|p2a: Maushold|0 fnt
|faint|p2a: Maushold
|move|p1b: Farigiraf|Psychic|p2b: Sneasler
|-supereffective|p2b: Sneasler|2
|-enditem|p2b: Sneasler|Focus Sash
|-damage|p2b: Sneasler|1/100
|
|upkeep
|
|t:|1784141022
|switch|p2a: Sinistcha|Sinistcha, L50|100/100
|-heal|p2b: Sneasler|25/100|[from] ability: Hospitality|[of] p2a: Sinistcha
|turn|3
|
|t:|1784141056
|move|p2a: Sinistcha|Rage Powder|p2a: Sinistcha
|-singleturn|p2a: Sinistcha|move: Rage Powder
|move|p2b: Sneasler|Close Combat|p1b: Farigiraf
|-damage|p1b: Farigiraf|0 fnt
|-unboost|p2b: Sneasler|def|1
|-unboost|p2b: Sneasler|spd|1
|faint|p1b: Farigiraf
|move|p1a: Raichu|Zap Cannon|p2a: Sinistcha
|-resisted|p2a: Sinistcha|1
|-damage|p2a: Sinistcha|67/100
|-status|p2a: Sinistcha|par
|
|upkeep
|
|t:|1784141061
|switch|p1b: Whimsicott|Whimsicott, L50, M|100/100
|turn|4
|c|â˜†crosseczek|GG
|c|â˜†crosseczek|Dam it was stressful
|
|t:|1784141085
|move|p2b: Sneasler|Dire Claw|p1b: Whimsicott
|-supereffective|p1b: Whimsicott|2
|-enditem|p1b: Whimsicott|Focus Sash
|-damage|p1b: Whimsicott|1/100
|move|p1a: Raichu|Zap Cannon|p2a: Sinistcha
|-resisted|p2a: Sinistcha|1
|-damage|p2a: Sinistcha|33/100 par
|move|p1b: Whimsicott|Moonblast|p2b: Sneasler
|-damage|p2b: Sneasler|0 fnt
|faint|p2b: Sneasler
|move|p2a: Sinistcha|Matcha Gotcha|p1b: Whimsicott|[spread] p1a
|-miss|p2a: Sinistcha|p1b: Whimsicott
|-damage|p1a: Raichu|70/100
|-heal|p2a: Sinistcha|47/100 par|[from] drain|[of] p1a: Raichu
|
|upkeep
|turn|5
|
|t:|1784141099
|move|p1a: Raichu|Zap Cannon|p2a: Sinistcha
|-resisted|p2a: Sinistcha|1
|-damage|p2a: Sinistcha|14/100 par
|move|p1b: Whimsicott|Moonblast|p2a: Sinistcha
|-damage|p2a: Sinistcha|0 fnt
|faint|p2a: Sinistcha
|
|win|crosseczek
|l|â˜†crosseczek
|player|p1|
|l|â˜†Belinvgc
|player|p2|
|j|â˜†crosseczek
|player|p1|crosseczek|101|
