|j|☆kronblake
|j|☆saboyita
|html|kronblakesaboyita    
|uhtml|bestof|Game 1 of a best-of-3
|t:|1756497535
|gametype|doubles
|player|p1|kronblake|265|1133
|player|p2|saboyita|grimsley|1041
|gen|9
|tier|[Gen 9] VGC 2025 Reg H (Bo3)
|rated|
|rule|Species Clause: Limit one of each Pokémon
|rule|Item Clause: Limit 1 of each item
|clearpoke
|poke|p1|Arcanine-Hisui, L50, F|
|poke|p1|Whimsicott, L50, F|
|poke|p1|Sneasler, L50, M|
|poke|p1|Indeedee, L50, M|
|poke|p1|Ursaluna-Bloodmoon, L50, M|
|poke|p1|Amoonguss, L50, F|
|poke|p2|Amoonguss, L50, M|
|poke|p2|Hydreigon, L50, M|
|poke|p2|Whimsicott, L50, F|
|poke|p2|Maushold-Four, L50|
|poke|p2|Annihilape, L50, M|
|poke|p2|Ursaluna-Bloodmoon, L50, M|
|teampreview|4
|showteam|p1|Arcanine-Hisui||ChoiceBand|Intimidate|RockSlide,FlareBlitz,CloseCombat,ExtremeSpeed|||F|||50|,,,,,Grass]Whimsicott||CovertCloak|Prankster|Tailwind,SunnyDay,Encore,Moonblast|||F|||50|,,,,,Water]Sneasler||PsychicSeed|Unburden|Protect,CloseCombat,DireClaw,ThroatChop|||M|||50|,,,,,Dark]Indeedee||FocusSash|PsychicSurge|ExpandingForce,Imprison,TrickRoom,TeraBlast|||M|||50|,,,,,Fighting]Ursaluna-Bloodmoon||LifeOrb|MindsEye|Protect,HyperVoice,EarthPower,BloodMoon|||M|||50|,,,,,Normal]Amoonguss||RockyHelmet|Regenerator|RagePowder,Spore,Protect,ClearSmog|||F|||50|,,,,,Fairy
|showteam|p2|Amoonguss||MentalHerb|Regenerator|ClearSmog,Spore,RagePowder,Protect|||M|||50|,,,,,Water]Hydreigon||ChoiceSpecs|Levitate|Snarl,HeatWave,DarkPulse,DracoMeteor|||M|||50|,,,,,Ghost]Whimsicott||CovertCloak|Prankster|BeatUp,Encore,HelpingHand,Tailwind|||F|||50|,,,,,Dark]Maushold-Four||WideLens|Technician|PopulationBomb,Taunt,FollowMe,Protect||||||50|,,,,,Ghost]Annihilape||Leftovers|Defiant|RageFist,CloseCombat,FinalGambit,Protect|||M|||50|,,,,,Fire]Ursaluna-Bloodmoon||LifeOrb|MindsEye|HyperVoice,EarthPower,BloodMoon,Protect|||M|||50|,,,,,Water
|inactive|Battle timer is ON: inactive players will automatically lose when time's up. (requested by saboyita)
|inactive|kronblake has 60 seconds left.
|
|t:|1756497580
|teamsize|p1|4
|teamsize|p2|4
|start
|switch|p1a: Arcanine|Arcanine-Hisui, L50, F|100/100
|switch|p1b: Indeedee|Indeedee, L50, M|100/100
|switch|p2a: Amoonguss|Amoonguss, L50, M|100/100
|switch|p2b: Hydreigon|Hydreigon, L50, M|100/100
|-fieldstart|move: Psychic Terrain|[from] ability: Psychic Surge|[of] p1b: Indeedee
|-ability|p1a: Arcanine|Intimidate|boost
|-unboost|p2a: Amoonguss|atk|1
|-unboost|p2b: Hydreigon|atk|1
|turn|1
|inactive|kronblake has 30 seconds left.
|inactive|saboyita has 30 seconds left.
|inactive|saboyita has 20 seconds left.
|inactive|saboyita has 15 seconds left.
|
|t:|1756497632
|-terastallize|p2a: Amoonguss|Water
|move|p2a: Amoonguss|Rage Powder|p2a: Amoonguss
|-singleturn|p2a: Amoonguss|move: Rage Powder
|move|p1b: Indeedee|Expanding Force|p2a: Amoonguss|[spread] p2a
|-immune|p2b: Hydreigon
|-damage|p2a: Amoonguss|58/100
|move|p1a: Arcanine|Rock Slide|p2b: Hydreigon|[spread] p2b
|-miss|p1a: Arcanine|p2a: Amoonguss
|-damage|p2b: Hydreigon|55/100
|move|p2b: Hydreigon|Snarl|p1b: Indeedee|[spread] p1b
|-miss|p2b: Hydreigon|p1a: Arcanine
|-supereffective|p1b: Indeedee
|-enditem|p1b: Indeedee|Focus Sash
|-damage|p1b: Indeedee|1/100
|-unboost|p1b: Indeedee|spa|1
|
|upkeep
|turn|2
|inactive|saboyita has 30 seconds left.
|
|t:|1756497661
|switch|p1b: Sneasler|Sneasler, L50, M|100/100
|-enditem|p1b: Sneasler|Psychic Seed
|-boost|p1b: Sneasler|spd|1|[from] item: Psychic Seed
|switch|p2a: Annihilape|Annihilape, L50, M|100/100
|-terastallize|p1a: Arcanine|Grass
|move|p1a: Arcanine|Rock Slide|p2a: Annihilape|[spread] p2a,p2b
|-resisted|p2a: Annihilape
|-damage|p2a: Annihilape|80/100
|-damage|p2b: Hydreigon|10/100
|move|p2b: Hydreigon|Snarl|p1b: Sneasler|[spread] p1a,p1b
|-resisted|p1b: Sneasler
|-damage|p1a: Arcanine|60/100
|-damage|p1b: Sneasler|86/100
|-unboost|p1a: Arcanine|spa|1
|-unboost|p1b: Sneasler|spa|1
|
|-heal|p2a: Annihilape|87/100|[from] item: Leftovers
|upkeep
|turn|3
|inactive|kronblake has 30 seconds left.
|inactive|saboyita has 30 seconds left.
|
|t:|1756497692
|switch|p2b: Amoonguss|Amoonguss, L50, M, tera:Water|91/100
|move|p1b: Sneasler|Throat Chop|p2a: Annihilape
|-damage|p2a: Annihilape|59/100
|-start|p2a: Annihilape|Throat Chop|[silent]
|move|p1a: Arcanine|Rock Slide|p2a: Annihilape|[spread] p2a,p2b
|-resisted|p2a: Annihilape
|-damage|p2a: Annihilape|37/100
|-damage|p2b: Amoonguss|51/100
|cant|p2a: Annihilape|flinch
|
|-heal|p2a: Annihilape|44/100|[from] item: Leftovers
|upkeep
|turn|4
|
|t:|1756497709
|move|p2b: Amoonguss|Rage Powder|p2b: Amoonguss
|-singleturn|p2b: Amoonguss|move: Rage Powder
|move|p1b: Sneasler|Dire Claw|p2b: Amoonguss
|-damage|p2b: Amoonguss|12/100
|move|p1a: Arcanine|Rock Slide|p2a: Annihilape|[spread] p2a,p2b
|-resisted|p2a: Annihilape
|-damage|p2a: Annihilape|20/100
|-damage|p2b: Amoonguss|0 fnt
|faint|p2b: Amoonguss
|cant|p2a: Annihilape|flinch
|
|-heal|p2a: Annihilape|27/100|[from] item: Leftovers
|-end|p2a: Annihilape|Throat Chop|[silent]
|upkeep
|
|t:|1756497721
|switch|p2b: Maushold|Maushold-Four, L50|100/100
|turn|5
|
|t:|1756497730
|move|p2b: Maushold|Protect|p2b: Maushold
|-singleturn|p2b: Maushold|Protect
|move|p1b: Sneasler|Close Combat|p2b: Maushold
|-activate|p2b: Maushold|move: Protect
|move|p1a: Arcanine|Rock Slide|p2a: Annihilape|[spread] p2a
|-activate|p2b: Maushold|move: Protect
|-resisted|p2a: Annihilape
|-damage|p2a: Annihilape|6/100
|move|p2a: Annihilape|Rage Fist|p1b: Sneasler
|-damage|p1b: Sneasler|0 fnt
|faint|p1b: Sneasler
|
|-heal|p2a: Annihilape|12/100|[from] item: Leftovers
|-fieldend|move: Psychic Terrain
|upkeep
|
|t:|1756497747
|switch|p1b: Indeedee|Indeedee, L50, M|1/100
|-fieldstart|move: Psychic Terrain|[from] ability: Psychic Surge|[of] p1b: Indeedee
|turn|6
|
|t:|1756497762
|switch|p1a: Ursaluna|Ursaluna-Bloodmoon, L50, M|100/100
|move|p2a: Annihilape|Protect|p2a: Annihilape
|-singleturn|p2a: Annihilape|Protect
|move|p2b: Maushold|Population Bomb|p1b: Indeedee
|-damage|p1b: Indeedee|0 fnt
|faint|p1b: Indeedee
|-hitcount|p1: Indeedee|1
|
|-heal|p2a: Annihilape|18/100|[from] item: Leftovers
|upkeep
|
|t:|1756497769
|switch|p1b: Arcanine|Arcanine-Hisui, L50, F, tera:Grass|60/100
|-ability|p1b: Arcanine|Intimidate|boost
|-unboost|p2a: Annihilape|atk|1
|-ability|p2a: Annihilape|Defiant|boost
|-boost|p2a: Annihilape|atk|2
|-unboost|p2b: Maushold|atk|1
|turn|7
|
|t:|1756497794
|move|p2b: Maushold|Population Bomb|p1b: Arcanine
|-damage|p1b: Arcanine|50/100
|-damage|p1b: Arcanine|39/100
|-damage|p1b: Arcanine|30/100
|-damage|p1b: Arcanine|20/100
|-damage|p1b: Arcanine|11/100
|-damage|p1b: Arcanine|2/100
|-damage|p1b: Arcanine|0 fnt
|faint|p1b: Arcanine
|-hitcount|p1: Arcanine|7
|move|p2a: Annihilape|Close Combat|p1a: Ursaluna
|-supereffective|p1a: Ursaluna
|-damage|p1a: Ursaluna|0 fnt
|-unboost|p2a: Annihilape|def|1
|-unboost|p2a: Annihilape|spd|1
|faint|p1a: Ursaluna
|
|win|saboyita
||kronblake is ready for game 2.
|inactive|saboyita has 30 seconds to confirm battle start!
