|j|☆Sammias
|j|☆Mateadelvgc
|html|SammiasMateadelvgc    
|uhtml|bestof|Game 1 of a best-of-3
|t:|1756152024
|gametype|doubles
|player|p1|Sammias|miku-ground|1133
|player|p2|Mateadelvgc|giovanni|1218
|gen|9
|tier|[Gen 9] VGC 2025 Reg H (Bo3)
|rated|
|rule|Species Clause: Limit one of each Pokémon
|rule|Item Clause: Limit 1 of each item
|clearpoke
|poke|p1|Torkoal, L50, M|
|poke|p1|Typhlosion-Hisui, L50, M|
|poke|p1|Indeedee-F, L50, F|
|poke|p1|Amoonguss, L50, F|
|poke|p1|Sneasler, L50, M|
|poke|p1|Primarina, L50, F|
|poke|p2|Rillaboom, L50, M|
|poke|p2|Maushold-Four, L50|
|poke|p2|Dragonite, L50, M|
|poke|p2|Gholdengo, L50|
|poke|p2|Ursaluna-Bloodmoon, L50, M|
|poke|p2|Annihilape, L50, M|
|teampreview|4
|showteam|p1|Torkoal||Charcoal|Drought|Eruption,Overheat,EarthPower,Protect|||M|||50|,,,,,Fire]Typhlosion-Hisui||ChoiceScarf|Blaze|Eruption,HeatWave,ShadowBall,SolarBeam|||M|||50|,,,,,Fire]Indeedee-F||SitrusBerry|PsychicSurge|FollowMe,TrickRoom,HelpingHand,Psychic|||F|||50|,,,,,Fairy]Amoonguss||RockyHelmet|Regenerator|RagePowder,Spore,ClearSmog,PollenPuff|||F|||50|,,,,,Psychic]Sneasler||PsychicSeed|Unburden|DireClaw,CloseCombat,Taunt,Protect|||M|||50|,,,,,Dark]Primarina||ThroatSpray|LiquidVoice|HyperVoice,Moonblast,CalmMind,Protect|||F|||50|,,,,,Poison
|showteam|p2|Rillaboom||MiracleSeed|GrassySurge|WoodHammer,GrassyGlide,FakeOut,HighHorsepower|||M|||50|,,,,,Fire]Maushold-Four||WideLens|Technician|PopulationBomb,FollowMe,BeatUp,Protect||||||50|,,,,,Ghost]Dragonite||LoadedDice|Multiscale|Tailwind,ExtremeSpeed,Protect,ScaleShot|||M|||50|,,,,,Steel]Gholdengo||LifeOrb|GoodasGold|MakeItRain,ShadowBall,NastyPlot,Protect||||||50|,,,,,Water]Ursaluna-Bloodmoon||AssaultVest|MindsEye|VacuumWave,BloodMoon,HyperVoice,EarthPower|||M|||50|,,,,,Poison]Annihilape||SafetyGoggles|Defiant|DrainPunch,RageFist,BulkUp,Protect|||M|||50|,,,,,Fire
|inactive|Battle timer is ON: inactive players will automatically lose when time's up. (requested by Sammias)
|inactive|Sammias has 60 seconds left.
|inactive|Mateadelvgc has 60 seconds left.
|inactive|Sammias has 30 seconds left.
|inactive|Mateadelvgc has 30 seconds left.
|inactive|Mateadelvgc has 20 seconds left.
|inactive|Mateadelvgc has 15 seconds left.
|
|t:|1756152100
|teamsize|p1|4
|teamsize|p2|4
|start
|switch|p1a: Indeedee|Indeedee-F, L50, F|100/100
|switch|p1b: Typhlosion|Typhlosion-Hisui, L50, M|100/100
|switch|p2a: Dragonite|Dragonite, L50, M, shiny|100/100
|switch|p2b: Gholdengo|Gholdengo, L50, shiny|100/100
|-fieldstart|move: Psychic Terrain|[from] ability: Psychic Surge|[of] p1a: Indeedee
|turn|1
|inactive|Sammias has 30 seconds left.
|inactive|Mateadelvgc has 30 seconds left.
|inactive|Mateadelvgc has 20 seconds left.
|inactive|Mateadelvgc has 15 seconds left.
|
|t:|1756152143
|-terastallize|p2b: Gholdengo|Water
|move|p1a: Indeedee|Follow Me|p1a: Indeedee
|-singleturn|p1a: Indeedee|move: Follow Me
|move|p1b: Typhlosion|Shadow Ball|p2b: Gholdengo
|-damage|p2b: Gholdengo|53/100
|move|p2b: Gholdengo|Make It Rain|p1b: Typhlosion|[spread] p1a,p1b
|-resisted|p1b: Typhlosion
|-damage|p1a: Indeedee|56/100
|-damage|p1b: Typhlosion|58/100
|-unboost|p2b: Gholdengo|spa|1
|-damage|p2b: Gholdengo|43/100|[from] item: Life Orb
|move|p2a: Dragonite|Scale Shot|p1a: Indeedee
|-damage|p1a: Indeedee|36/100
|-enditem|p1a: Indeedee|Sitrus Berry|[eat]
|-heal|p1a: Indeedee|61/100|[from] item: Sitrus Berry
|-damage|p1a: Indeedee|39/100
|-crit|p1a: Indeedee
|-damage|p1a: Indeedee|8/100
|-damage|p1a: Indeedee|0 fnt
|faint|p1a: Indeedee
|-hitcount|p1: Indeedee|4
|-unboost|p2a: Dragonite|def|1
|-boost|p2a: Dragonite|spe|1
|
|upkeep
|
|t:|1756152162
|switch|p1a: Sneasler|Sneasler, L50, M|100/100
|-enditem|p1a: Sneasler|Psychic Seed
|-boost|p1a: Sneasler|spd|1|[from] item: Psychic Seed
|turn|2
|inactive|Mateadelvgc has 30 seconds left.
|
|t:|1756152197
|switch|p2b: Rillaboom|Rillaboom, L50, M, shiny|100/100
|-fieldstart|move: Grassy Terrain|[from] ability: Grassy Surge|[of] p2b: Rillaboom
|move|p1a: Sneasler|Dire Claw|p2a: Dragonite
|-damage|p2a: Dragonite|70/100
|-status|p2a: Dragonite|par
|move|p1b: Typhlosion|Shadow Ball|p2b: Rillaboom
|-damage|p2b: Rillaboom|58/100
|move|p2a: Dragonite|Scale Shot|p1a: Sneasler
|-damage|p1a: Sneasler|79/100
|-damage|p1a: Sneasler|54/100
|-damage|p1a: Sneasler|29/100
|-damage|p1a: Sneasler|4/100
|-damage|p1a: Sneasler|0 fnt
|faint|p1a: Sneasler
|-hitcount|p1: Sneasler|5
|-unboost|p2a: Dragonite|def|1
|-boost|p2a: Dragonite|spe|1
|
|-heal|p1b: Typhlosion|64/100|[from] Grassy Terrain
|-heal|p2b: Rillaboom|64/100|[from] Grassy Terrain
|upkeep
|
|t:|1756152214
|switch|p1a: Primarina|Primarina, L50, F|100/100
|turn|3
|inactive|Mateadelvgc has 30 seconds left.
|inactive|Mateadelvgc has 20 seconds left.
|
|t:|1756152249
|move|p1a: Primarina|Protect|p1a: Primarina
|-singleturn|p1a: Primarina|Protect
|move|p1b: Typhlosion|Shadow Ball|p2a: Dragonite
|-damage|p2a: Dragonite|28/100 par
|move|p2a: Dragonite|Tailwind|p2a: Dragonite
|-sidestart|p2: Mateadelvgc|move: Tailwind
|move|p2b: Rillaboom|High Horsepower|p1b: Typhlosion
|-supereffective|p1b: Typhlosion
|-damage|p1b: Typhlosion|0 fnt
|faint|p1b: Typhlosion
|
|-heal|p2b: Rillaboom|70/100|[from] Grassy Terrain
|upkeep
|turn|4
|inactive|Mateadelvgc has 30 seconds left.
|
|t:|1756152276
|-terastallize|p1a: Primarina|Poison
|move|p2a: Dragonite|Extreme Speed|p1a: Primarina
|-damage|p1a: Primarina|66/100
|move|p2b: Rillaboom|Wood Hammer|p1a: Primarina
|-resisted|p1a: Primarina
|-damage|p1a: Primarina|1/100
|-damage|p2b: Rillaboom|50/100|[from] Recoil
|move|p1a: Primarina|Moonblast|p2b: Rillaboom
|-damage|p2b: Rillaboom|0 fnt
|faint|p2b: Rillaboom
|
|-heal|p1a: Primarina|7/100|[from] Grassy Terrain
|upkeep
|
|t:|1756152294
|switch|p2b: Gholdengo|Gholdengo, L50, shiny, tera:Water|43/100
|turn|5
|
|t:|1756152299
|cant|p2a: Dragonite|par
|move|p2b: Gholdengo|Shadow Ball|p1a: Primarina
|-damage|p1a: Primarina|0 fnt
|faint|p1a: Primarina
|-damage|p2b: Gholdengo|34/100|[from] item: Life Orb
|
|win|Mateadelvgc
|c|☆Sammias|ggwp
||Mateadelvgc is ready for game 2.
||Sammias is ready for game 2.
|uhtml|next|Next: Game 2 of 3
|l|☆Mateadelvgc
|player|p2|
