|j|☆Littlenap
|j|☆Alecat
|html|LittlenapAlecat    
|uhtml|bestof|Game 2 of a best-of-3
|t:|1757064301
|gametype|doubles
|player|p1|Littlenap|dawn|1077
|player|p2|Alecat|scientistf|1032
|gen|9
|tier|[Gen 9] VGC 2025 Reg H (Bo3)
|rated|
|rule|Species Clause: Limit one of each Pokémon
|rule|Item Clause: Limit 1 of each item
|clearpoke
|poke|p1|Dragonite, L50, F|
|poke|p1|Sneasler, L50, M|
|poke|p1|Rillaboom, L50, M|
|poke|p1|Volcarona, L50, F|
|poke|p1|Basculegion, L50, M|
|poke|p1|Maushold, L50|
|poke|p2|Pawmot, L50, F|
|poke|p2|Gyarados, L50, F|
|poke|p2|Volcarona, L50, M|
|poke|p2|Murkrow, L50, F|
|poke|p2|Incineroar, L50, F|
|poke|p2|Archaludon, L50, M|
|teampreview|4
|showteam|p1|Dragonite||LoadedDice|Multiscale|ExtremeSpeed,Protect,ScaleShot,Haze|||F|||50|,,,,,Steel]Sneasler||GrassySeed|Unburden|DireClaw,CloseCombat,Protect,ThroatChop|||M|||50|,,,,,Dark]Rillaboom||AssaultVest|GrassySurge|GrassyGlide,WoodHammer,HighHorsepower,FakeOut|||M|||50|,,,,,Fire]Volcarona||Leftovers|FlameBody|QuiverDance,TeraBlast,HeatWave,Protect|||F|||50|,,,,,Fairy]Basculegion||ChoiceScarf|Adaptability|WaveCrash,LastRespects,AquaJet,FlipTurn|||M|||50|,,,,,Water]Maushold||RockyHelmet|FriendGuard|Taunt,FollowMe,SuperFang,Protect||||||50|,,,,,Poison
|showteam|p2|Pawmot||FocusSash|VoltAbsorb|DoubleShock,Coaching,CloseCombat,Protect|||F|||50|,,,,,Electric]Gyarados||ClearAmulet|Moxie|Waterfall,DragonDance,Earthquake,Protect|||F|||50|,,,,,Ground]Volcarona||SitrusBerry|FlameBody|Overheat,StruggleBug,RagePowder,Tailwind|||M|||50|,,,,,Grass]Murkrow||Eviolite|Prankster|FoulPlay,RainDance,Tailwind,SunnyDay|||F|||50|,,,,,Dark]Incineroar||SafetyGoggles|Intimidate|FlareBlitz,FakeOut,Bulldoze,Taunt|||F|||50|,,,,,Ghost]Archaludon||PowerHerb|Stalwart|DragonTail,FlashCannon,ElectroShot,Protect|||M|||50|,,,,,Grass
|inactive|Battle timer is ON: inactive players will automatically lose when time's up. (requested by Littlenap)
|inactive|Alecat also wants the timer to be on.
|
|t:|1757064317
|teamsize|p1|4
|teamsize|p2|4
|start
|switch|p1a: Volcarona|Volcarona, L50, F|100/100
|switch|p1b: Maushold|Maushold, L50|100/100
|switch|p2a: Archaludon|Archaludon, L50, M|100/100
|switch|p2b: Murkrow|Murkrow, L50, F|100/100
|turn|1
|
|t:|1757064340
|move|p2b: Murkrow|Tailwind|p2b: Murkrow
|-sidestart|p2: Alecat|move: Tailwind
|move|p2a: Archaludon|Electro Shot||[still]
|-prepare|p2a: Archaludon|Electro Shot
|-boost|p2a: Archaludon|spa|1
|-enditem|p2a: Archaludon|Power Herb
|-anim|p2a: Archaludon|Electro Shot|p1a: Volcarona
|-damage|p1a: Volcarona|61/100
|move|p1b: Maushold|Taunt|p2b: Murkrow
|-start|p2b: Murkrow|move: Taunt
|move|p1a: Volcarona|Quiver Dance|p1a: Volcarona
|-boost|p1a: Volcarona|spa|1
|-boost|p1a: Volcarona|spd|1
|-boost|p1a: Volcarona|spe|1
|
|-heal|p1a: Volcarona|66/100|[from] item: Leftovers
|upkeep
|turn|2
|
|t:|1757064360
|move|p1b: Maushold|Follow Me|p1b: Maushold
|-singleturn|p1b: Maushold|move: Follow Me
|move|p2b: Murkrow|Foul Play|p1b: Maushold
|-damage|p1b: Maushold|75/100
|-damage|p2b: Murkrow|84/100|[from] item: Rocky Helmet|[of] p1b: Maushold
|move|p1a: Volcarona|Quiver Dance|p1a: Volcarona
|-boost|p1a: Volcarona|spa|1
|-boost|p1a: Volcarona|spd|1
|-boost|p1a: Volcarona|spe|1
|move|p2a: Archaludon|Dragon Tail|p1a: Volcarona
|-damage|p1a: Volcarona|44/100
|-status|p2a: Archaludon|brn|[from] ability: Flame Body|[of] p1a: Volcarona
|drag|p1a: Dragonite|Dragonite, L50, F|100/100
|
|-damage|p2a: Archaludon|94/100 brn|[from] brn
|upkeep
|turn|3
|inactive|Littlenap has 30 seconds left.
|inactive|Littlenap has 20 seconds left.
|inactive|Littlenap has 15 seconds left.
|inactive|Littlenap has 10 seconds left.
|
|t:|1757064409
|switch|p2a: Incineroar|Incineroar, L50, F|100/100
|-ability|p2a: Incineroar|Intimidate|boost
|-unboost|p1a: Dragonite|atk|1
|-unboost|p1b: Maushold|atk|1
|move|p2b: Murkrow|Foul Play|p1b: Maushold
|-damage|p1b: Maushold|59/100
|-damage|p2b: Murkrow|68/100|[from] item: Rocky Helmet|[of] p1b: Maushold
|move|p1b: Maushold|Super Fang|p2a: Incineroar
|-damage|p2a: Incineroar|51/100
|move|p1a: Dragonite|Scale Shot|p2b: Murkrow|[miss]
|-miss|p1a: Dragonite|p2b: Murkrow
|
|upkeep
|turn|4
|
|t:|1757064431
|switch|p1a: Basculegion|Basculegion, L50, M|100/100
|move|p2a: Incineroar|Fake Out|p1a: Basculegion
|-immune|p1a: Basculegion
|move|p1b: Maushold|Follow Me|p1b: Maushold
|-singleturn|p1b: Maushold|move: Follow Me
|move|p2b: Murkrow|Foul Play|p1b: Maushold
|-damage|p1b: Maushold|42/100
|-damage|p2b: Murkrow|52/100|[from] item: Rocky Helmet|[of] p1b: Maushold
|
|-end|p2b: Murkrow|move: Taunt
|-sideend|p2: Alecat|move: Tailwind
|upkeep
|turn|5
|
|t:|1757064453
|move|p2b: Murkrow|Sunny Day|p2b: Murkrow
|-weather|SunnyDay
|move|p1b: Maushold|Super Fang|p2a: Incineroar|[miss]
|-miss|p1b: Maushold|p2a: Incineroar
|move|p1a: Basculegion|Flip Turn|p2a: Incineroar
|-supereffective|p2a: Incineroar
|-damage|p2a: Incineroar|6/100
|
|t:|1757064464
|switch|p1a: Dragonite|Dragonite, L50, F|100/100|[from] Flip Turn
|move|p2a: Incineroar|Bulldoze|p1b: Maushold|[spread] p1b
|-immune|p2b: Murkrow
|-immune|p1a: Dragonite
|-damage|p1b: Maushold|25/100
|-unboost|p1b: Maushold|spe|1
|
|-weather|SunnyDay|[upkeep]
|upkeep
|turn|6
|
|t:|1757064482
|switch|p2a: Archaludon|Archaludon, L50, M|94/100 brn
|move|p2b: Murkrow|Tailwind|p2b: Murkrow
|-sidestart|p2: Alecat|move: Tailwind
|move|p1a: Dragonite|Scale Shot|p2a: Archaludon
|-damage|p2a: Archaludon|80/100 brn
|-damage|p2a: Archaludon|67/100 brn
|-damage|p2a: Archaludon|56/100 brn
|-damage|p2a: Archaludon|44/100 brn
|-damage|p2a: Archaludon|31/100 brn
|-hitcount|p2a: Archaludon|5
|-unboost|p1a: Dragonite|def|1
|-boost|p1a: Dragonite|spe|1
|move|p1b: Maushold|Taunt|p2b: Murkrow
|-start|p2b: Murkrow|move: Taunt
|
|-weather|SunnyDay|[upkeep]
|-damage|p2a: Archaludon|25/100 brn|[from] brn
|upkeep
|turn|7
|inactive|Littlenap has 30 seconds left.
|inactive|Alecat has 30 seconds left.
|
|t:|1757064513
|move|p1a: Dragonite|Protect|p1a: Dragonite
|-singleturn|p1a: Dragonite|Protect
|move|p2a: Archaludon|Flash Cannon|p1b: Maushold
|-damage|p1b: Maushold|0 fnt
|faint|p1b: Maushold
|move|p2b: Murkrow|Foul Play|p1a: Dragonite
|-activate|p1a: Dragonite|move: Protect
|
|-weather|SunnyDay|[upkeep]
|-damage|p2a: Archaludon|19/100 brn|[from] brn
|upkeep
|
|t:|1757064526
|switch|p1b: Volcarona|Volcarona, L50, F|44/100
|turn|8
|
|t:|1757064546
|-terastallize|p1a: Dragonite|Steel
|move|p1a: Dragonite|Extreme Speed|p2a: Archaludon
|-resisted|p2a: Archaludon
|-damage|p2a: Archaludon|5/100 brn
|move|p2a: Archaludon|Flash Cannon|p1a: Dragonite
|-resisted|p1a: Dragonite
|-damage|p1a: Dragonite|89/100
|move|p2b: Murkrow|Foul Play|p1a: Dragonite
|-damage|p1a: Dragonite|0 fnt
|faint|p1a: Dragonite
|move|p1b: Volcarona|Quiver Dance|p1b: Volcarona
|-boost|p1b: Volcarona|spa|1
|-boost|p1b: Volcarona|spd|1
|-boost|p1b: Volcarona|spe|1
|
|-weather|SunnyDay|[upkeep]
|-heal|p1b: Volcarona|50/100|[from] item: Leftovers
|-damage|p2a: Archaludon|0 fnt|[from] brn
|faint|p2a: Archaludon
|upkeep
|
|t:|1757064565
|switch|p2a: Incineroar|Incineroar, L50, F|6/100
|switch|p1a: Basculegion|Basculegion, L50, M|100/100
|-ability|p2a: Incineroar|Intimidate|boost
|-unboost|p1a: Basculegion|atk|1
|-unboost|p1b: Volcarona|atk|1
|turn|9
|
|t:|1757064586
|-terastallize|p2b: Murkrow|Dark
|move|p2a: Incineroar|Fake Out|p1b: Volcarona
|-damage|p1b: Volcarona|33/100
|move|p1a: Basculegion|Aqua Jet|p2b: Murkrow
|-damage|p2b: Murkrow|39/100
|move|p2b: Murkrow|Foul Play|p1a: Basculegion
|-supereffective|p1a: Basculegion
|-damage|p1a: Basculegion|6/100
|cant|p1b: Volcarona|flinch
|
|-weather|none
|-heal|p1b: Volcarona|39/100|[from] item: Leftovers
|-end|p2b: Murkrow|move: Taunt
|-sideend|p2: Alecat|move: Tailwind
|upkeep
|turn|10
|inactive|Alecat has 30 seconds left.
|inactive|Alecat has 20 seconds left.
|
|t:|1757064623
|switch|p2a: Gyarados|Gyarados, L50, F|100/100
|move|p1a: Basculegion|Aqua Jet|p2a: Gyarados
|-resisted|p2a: Gyarados
|-damage|p2a: Gyarados|88/100
|move|p2b: Murkrow|Tailwind|p2b: Murkrow
|-sidestart|p2: Alecat|move: Tailwind
|move|p1b: Volcarona|Heat Wave|p2a: Gyarados|[spread] p2a
|-miss|p1b: Volcarona|p2b: Murkrow
|-resisted|p2a: Gyarados
|-damage|p2a: Gyarados|63/100
|
|-heal|p1b: Volcarona|44/100|[from] item: Leftovers
|upkeep
|turn|11
|
|t:|1757064641
|move|p1a: Basculegion|Aqua Jet|p2b: Murkrow
|-damage|p2b: Murkrow|11/100
|move|p2a: Gyarados|Earthquake|p1a: Basculegion|[spread] p2b,p1a,p1b
|-damage|p2b: Murkrow|0 fnt
|-damage|p1a: Basculegion|0 fnt
|-damage|p1b: Volcarona|9/100
|faint|p2b: Murkrow
|faint|p1a: Basculegion
|-ability|p2a: Gyarados|Moxie|boost
|-boost|p2a: Gyarados|atk|2
|move|p1b: Volcarona|Quiver Dance|p1b: Volcarona
|-boost|p1b: Volcarona|spa|1
|-boost|p1b: Volcarona|spd|1
|-boost|p1b: Volcarona|spe|1
|
|-heal|p1b: Volcarona|15/100|[from] item: Leftovers
|upkeep
|
|t:|1757064654
|switch|p2b: Incineroar|Incineroar, L50, F|6/100
|-ability|p2b: Incineroar|Intimidate|boost
|-unboost|p1b: Volcarona|atk|1
|turn|12
|
|t:|1757064665
|move|p1b: Volcarona|Protect|p1b: Volcarona
|-singleturn|p1b: Volcarona|Protect
|move|p2b: Incineroar|Fake Out|p1b: Volcarona
|-activate|p1b: Volcarona|move: Protect
|move|p2a: Gyarados|Dragon Dance|p2a: Gyarados
|-boost|p2a: Gyarados|atk|1
|-boost|p2a: Gyarados|spe|1
|
|-heal|p1b: Volcarona|21/100|[from] item: Leftovers
|upkeep
|turn|13
|
|t:|1757064677
|move|p1b: Volcarona|Protect||[still]
|-fail|p1b: Volcarona
|move|p2a: Gyarados|Dragon Dance|p2a: Gyarados
|-boost|p2a: Gyarados|atk|1
|-boost|p2a: Gyarados|spe|1
|move|p2b: Incineroar|Flare Blitz|p1b: Volcarona
|-damage|p1b: Volcarona|0 fnt
|faint|p1b: Volcarona
|-damage|p2b: Incineroar|0 fnt|[from] Recoil
|faint|p2b: Incineroar
|
|win|Alecat
|raw|Littlenap's rating: 1077 → 1053(-24 for losing)
|raw|Alecat's rating: 1032 → 1072(+40 for winning)
|l|☆Littlenap
|player|p1|
