|j|☆LuckyShellSmash
|j|☆DonpiDavs
|html|LuckyShellSmashDonpiDavs    
|uhtml|bestof|Game 1 of a best-of-3
|t:|1785072487
|gametype|doubles
|player|p1|LuckyShellSmash|1|1189
|player|p2|DonpiDavs|265|1327
|gen|9
|tier|[Gen 9 Champions] VGC 2026 Reg M-B (Bo3)
|rated|
|rule|Species Clause: Limit one of each Pokémon
|rule|Item Clause: Limit 1 of each item
|clearpoke
|poke|p1|Annihilape, L50, M|
|poke|p1|Incineroar, L50, M|
|poke|p1|Kingambit, L50, F|
|poke|p1|Farigiraf, L50, F|
|poke|p1|Charizard, L50, F|
|poke|p1|Scizor, L50, F|
|poke|p2|Staraptor, L50, M|
|poke|p2|Charizard, L50, F|
|poke|p2|Glimmora, L50, F|
|poke|p2|Whimsicott, L50, F|
|poke|p2|Basculegion, L50, M|
|poke|p2|Garchomp, L50, M|
|teampreview|4
|showteam|p1|Annihilape||Leftovers|Defiant|Coaching,DrainPunch,RageFist,Protect|Adamant||M|||50|]Incineroar||ChopleBerry|Intimidate|FakeOut,FlareBlitz,PartingShot,Protect|Adamant||M|||50|]Kingambit||FocusSash|Defiant|SuckerPunch,IronHead,KowtowCleave,Protect|Brave||F|||50|]Farigiraf||SitrusBerry|ArmorTail|TrickRoom,Psychic,HelpingHand,Protect|Sassy||F|||50|]Charizard||CharizarditeY|SolarPower|WeatherBall,SolarBeam,AncientPower,Protect|Timid||F|||50|]Scizor||Scizorite|Technician|BulletPunch,BugBite,CloseCombat,Protect|Adamant||F|||50|
|showteam|p2|Staraptor||Staraptite|Intimidate|DualWingbeat,CloseCombat,Roost,Protect|Jolly||M|||50|]Charizard||CharizarditeY|Blaze|HeatWave,SolarBeam,WeatherBall,Protect|Modest||F|||50|]Glimmora||FocusSash|ToxicDebris|PowerGem,SludgeBomb,EarthPower,SpikyShield|Modest||F|||50|]Whimsicott||LifeOrb|Prankster|Moonblast,GrassKnot,Tailwind,Protect|Modest||F|||50|]Basculegion||ChoiceScarf|Adaptability|WaveCrash,LastRespects,AquaJet,FlipTurn|Jolly||M|||50|]Garchomp||SitrusBerry|RoughSkin|Earthquake,RockSlide,PoisonJab,DragonTail|Adamant||M|||50|
|inactive|Battle timer is ON: inactive players will automatically lose when time's up. (requested by LuckyShellSmash)
|
|t:|1785072541
|teamsize|p1|4
|teamsize|p2|4
|start
|switch|p1a: Annihilape|Annihilape, L50, M|100/100
|switch|p1b: Scizor|Scizor, L50, F|100/100
|switch|p2a: Glimmora|Glimmora, L50, F|100/100
|switch|p2b: Whimsicott|Whimsicott, L50, F|100/100
|turn|1
|inactive|LuckyShellSmash has 30 seconds left.
|inactive|DonpiDavs has 30 seconds left.
|
|t:|1785072570
|switch|p2a: Garchomp|Garchomp, L50, M|100/100
|detailschange|p1b: Scizor|Scizor-Mega, L50, F
|-mega|p1b: Scizor|Scizor|Scizorite
|move|p1b: Scizor|Bullet Punch|p2b: Whimsicott
|-supereffective|p2b: Whimsicott|1
|-damage|p2b: Whimsicott|0 fnt
|faint|p2b: Whimsicott
|move|p1a: Annihilape|Coaching|p1b: Scizor
|-boost|p1b: Scizor|atk|1
|-boost|p1b: Scizor|def|1
|
|upkeep
|
|t:|1785072582
|switch|p2b: Charizard|Charizard, L50, F|100/100
|turn|2
|inactive|DonpiDavs has 30 seconds left.
|
|t:|1785072613
|detailschange|p2b: Charizard|Charizard-Mega-Y, L50, F
|-mega|p2b: Charizard|Charizard|Charizardite Y
|-weather|SunnyDay|[from] ability: Drought|[of] p2b: Charizard
|move|p1b: Scizor|Protect|p1b: Scizor
|-singleturn|p1b: Scizor|Protect
|move|p2b: Charizard|Heat Wave|p1b: Scizor|[spread] p1a
|-activate|p1b: Scizor|move: Protect
|-damage|p1a: Annihilape|51/100
|-status|p1a: Annihilape|brn
|move|p2a: Garchomp|Earthquake|p1a: Annihilape|[spread] p1a
|-activate|p1b: Scizor|move: Protect
|-immune|p2b: Charizard
|-damage|p1a: Annihilape|20/100y brn
|move|p1a: Annihilape|Coaching|p1b: Scizor
|-boost|p1b: Scizor|atk|1
|-boost|p1b: Scizor|def|1
|
|-weather|SunnyDay|[upkeep]
|-heal|p1a: Annihilape|26/100 brn|[from] item: Leftovers
|-damage|p1a: Annihilape|20/100y brn|[from] brn
|upkeep
|turn|3
|inactive|LuckyShellSmash has 30 seconds left.
|inactive|DonpiDavs has 30 seconds left.
|inactive|LuckyShellSmash has 20 seconds left.
|
|t:|1785072648
|move|p1b: Scizor|Bullet Punch|p2a: Garchomp
|-crit|p2a: Garchomp
|-damage|p2a: Garchomp|8/100
|-damage|p1b: Scizor|87/100|[from] ability: Rough Skin|[of] p2a: Garchomp
|-enditem|p2a: Garchomp|Sitrus Berry|[eat]
|-heal|p2a: Garchomp|33/100|[from] item: Sitrus Berry
|move|p2b: Charizard|Heat Wave|p1b: Scizor|[spread] p1a,p1b
|-supereffective|p1b: Scizor|2
|-damage|p1a: Annihilape|0 fnt
|-damage|p1b: Scizor|0 fnt
|faint|p1a: Annihilape
|faint|p1b: Scizor
|move|p2a: Garchomp|Dragon Tail|p1: Annihilape|[notarget]
|-fail|p2a: Garchomp
|
|-weather|SunnyDay|[upkeep]
|upkeep
|
|t:|1785072657
|switch|p1a: Incineroar|Incineroar, L50, M|100/100
|switch|p1b: Farigiraf|Farigiraf, L50, F|100/100
|-ability|p1a: Incineroar|Intimidate|boost
|-unboost|p2a: Garchomp|atk|1
|-unboost|p2b: Charizard|atk|1
|turn|4
|
|t:|1785072671
|switch|p2a: Glimmora|Glimmora, L50, F|100/100
|move|p1a: Incineroar|Fake Out|p2b: Charizard
|-damage|p2b: Charizard|86/100
|cant|p2b: Charizard|flinch
|move|p1b: Farigiraf|Trick Room|p1b: Farigiraf
|-fieldstart|move: Trick Room|[of] p1b: Farigiraf
|
|-weather|SunnyDay|[upkeep]
|upkeep
|turn|5
|
|t:|1785072692
|move|p1b: Farigiraf|Psychic|p2a: Glimmora
|-supereffective|p2a: Glimmora|1
|-damage|p2a: Glimmora|9/100
|move|p1a: Incineroar|Flare Blitz|p2a: Glimmora
|-resisted|p2a: Glimmora|1
|-damage|p2a: Glimmora|0 fnt
|-activate|p2a: Glimmora|ability: Toxic Debris
|-sidestart|p1: LuckyShellSmash|move: Toxic Spikes
|faint|p2a: Glimmora
|-damage|p1a: Incineroar|97/100|[from] Recoil
|move|p2b: Charizard|Weather Ball|p1b: Farigiraf
|-damage|p1b: Farigiraf|28/100
|-enditem|p1b: Farigiraf|Sitrus Berry|[eat]
|-heal|p1b: Farigiraf|52/100|[from] item: Sitrus Berry
|
|-weather|SunnyDay|[upkeep]
|upkeep
|
|t:|1785072697
|switch|p2a: Garchomp|Garchomp, L50, M|33/100
|turn|6
|inactive|LuckyShellSmash has 30 seconds left.
|
|t:|1785072725
|move|p1b: Farigiraf|Psychic|p2b: Charizard
|-damage|p2b: Charizard|55/100
|move|p1a: Incineroar|Flare Blitz|p2b: Charizard
|-resisted|p2b: Charizard|1
|-damage|p2b: Charizard|12/100
|-damage|p1a: Incineroar|85/100|[from] Recoil
|move|p2a: Garchomp|Earthquake|p1a: Incineroar|[spread] p1a,p1b
|-immune|p2b: Charizard
|-supereffective|p1a: Incineroar|1
|-damage|p1a: Incineroar|11/100
|-damage|p1b: Farigiraf|15/100
|move|p2b: Charizard|Weather Ball|p1b: Farigiraf
|-damage|p1b: Farigiraf|0 fnt
|faint|p1b: Farigiraf
|
|-weather|none
|upkeep
|turn|7
|j| tedidn
|
|t:|1785072742
|move|p1a: Incineroar|Flare Blitz|p2a: Garchomp
|-resisted|p2a: Garchomp|1
|-damage|p2a: Garchomp|11/100
|-damage|p1a: Incineroar|0 fnt|[from] ability: Rough Skin|[of] p2a: Garchomp
|faint|p1a: Incineroar
|
|win|DonpiDavs
