|j|☆Govek314
|j|☆Archu2167
|html|Govek314Archu2167    
|uhtml|bestof|Game 2 of a best-of-3
|t:|1756853327
|gametype|doubles
|player|p1|Govek314|2|1096
|player|p2|Archu2167|bruno|1020
|gen|9
|tier|[Gen 9] VGC 2025 Reg H (Bo3)
|rated|
|rule|Species Clause: Limit one of each Pokémon
|rule|Item Clause: Limit 1 of each item
|clearpoke
|poke|p1|Hydreigon, L50, F|
|poke|p1|Ursaluna-Bloodmoon, L50, M|
|poke|p1|Gholdengo, L50|
|poke|p1|Weezing-Galar, L50, M|
|poke|p1|Porygon2, L50|
|poke|p1|Incineroar, L50, F|
|poke|p2|Sceptile, L50, M|
|poke|p2|Ninetales-Alola, L50, F|
|poke|p2|Umbreon, L50, M|
|poke|p2|Annihilape, L50, M|
|poke|p2|Metagross, L50|
|poke|p2|Grimmsnarl, L50, M|
|teampreview|4
|showteam|p1|Hydreigon||SafetyGoggles|Levitate|DracoMeteor,Snarl,Tailwind,Protect|||F|||50|,,,,,Ghost]Ursaluna-Bloodmoon||LifeOrb|MindsEye|BloodMoon,HyperVoice,Protect,EarthPower|||M|||50|,,,,,Normal]Gholdengo||ChoiceSpecs|GoodasGold|ShadowBall,DazzlingGleam,Thunderbolt,MakeItRain||||||50|,,,,,Fairy]Weezing-Galar||SitrusBerry|NeutralizingGas|GunkShot,PlayRough,Haze,Protect|||M|||50|,,,,,Water]Porygon2||Eviolite|Download|TeraBlast,IceBeam,Recover,TrickRoom||||||50|,,,,,Fighting]Incineroar||AbilityShield|Intimidate|FakeOut,FlareBlitz,KnockOff,PartingShot|||F|||50|,,,,,Ghost
|showteam|p2|Sceptile||WeaknessPolicy|Unburden|Acrobatics,LeafBlade,Protect,SwordsDance|||M|||50|,,,,,Flying]Ninetales-Alola||LightClay|SnowWarning|AuroraVeil,Moonblast,Blizzard,IceShard|||F|||50|,,,,,Water]Umbreon||Leftovers|Synchronize|HelpingHand,Yawn,FoulPlay,Snarl|||M|||50|,,,,,Ghost]Annihilape||LumBerry|InnerFocus|RageFist,DrainPunch,BulkUp,Protect|||M|||50|,,,,,Ghost]Metagross||LifeOrb|ClearBody|IronHead,ZenHeadbutt,IcePunch,BulletPunch||||||50|,,,,,Steel]Grimmsnarl||MentalHerb|Prankster|Reflect,LightScreen,SpiritBreak,ThunderWave|||M|||50|,,,,,Dark
|
|t:|1756853345
|teamsize|p1|4
|teamsize|p2|4
|start
|switch|p1a: Weezing|Weezing-Galar, L50, M, shiny|100/100
|switch|p1b: Hydreigon|Hydreigon, L50, F|100/100
|switch|p2a: Metagross|Metagross, L50, shiny|100/100
|switch|p2b: Umbreon|Umbreon, L50, M, shiny|100/100
|-ability|p1a: Weezing|Neutralizing Gas
|turn|1
|
|t:|1756853371
|move|p1b: Hydreigon|Protect|p1b: Hydreigon
|-singleturn|p1b: Hydreigon|Protect
|move|p1a: Weezing|Protect|p1a: Weezing
|-singleturn|p1a: Weezing|Protect
|move|p2a: Metagross|Ice Punch|p1b: Hydreigon
|-activate|p1b: Hydreigon|move: Protect
|move|p2b: Umbreon|Yawn|p1a: Weezing
|-activate|p1a: Weezing|move: Protect
|
|upkeep
|turn|2
|
|t:|1756853405
|-terastallize|p1b: Hydreigon|Ghost
|move|p2b: Umbreon|Helping Hand|p2a: Metagross
|-singleturn|p2a: Metagross|Helping Hand|[of] p2b: Umbreon
|move|p1b: Hydreigon|Draco Meteor|p2b: Umbreon
|-damage|p2b: Umbreon|64/100
|-unboost|p1b: Hydreigon|spa|2
|move|p2a: Metagross|Zen Headbutt|p1a: Weezing
|-supereffective|p1a: Weezing
|-damage|p1a: Weezing|0 fnt
|faint|p1a: Weezing
|-end|p1a: Weezing|ability: Neutralizing Gas
|-damage|p2a: Metagross|91/100|[from] item: Life Orb
|
|-heal|p2b: Umbreon|70/100|[from] item: Leftovers
|upkeep
|
|t:|1756853419
|switch|p1a: Incineroar|Incineroar, L50, F, shiny|100/100
|-ability|p1a: Incineroar|Intimidate|boost
|-fail|p2a: Metagross|unboost|[from] ability: Clear Body|[of] p2a: Metagross
|-unboost|p2b: Umbreon|atk|1
|turn|3
|
|t:|1756853441
|move|p1b: Hydreigon|Protect|p1b: Hydreigon
|-singleturn|p1b: Hydreigon|Protect
|move|p2a: Metagross|Bullet Punch|p1a: Incineroar
|-resisted|p1a: Incineroar
|-crit|p1a: Incineroar
|-damage|p1a: Incineroar|79/100
|-damage|p2a: Metagross|81/100|[from] item: Life Orb
|move|p1a: Incineroar|Knock Off|p2a: Metagross
|-supereffective|p2a: Metagross
|-damage|p2a: Metagross|0 fnt
|-enditem|p2a: Metagross|Life Orb|[from] move: Knock Off|[of] p1a: Incineroar
|faint|p2a: Metagross
|move|p2b: Umbreon|Yawn|p1b: Hydreigon
|-activate|p1b: Hydreigon|move: Protect
|
|-heal|p2b: Umbreon|75/100|[from] item: Leftovers
|upkeep
|
|t:|1756853456
|switch|p2a: Annihilape|Annihilape, L50, M|100/100
|turn|4
|
|t:|1756853479
|switch|p1a: Gholdengo|Gholdengo, L50, shiny|100/100
|move|p1b: Hydreigon|Tailwind|p1b: Hydreigon
|-sidestart|p1: Govek314|move: Tailwind
|move|p2a: Annihilape|Drain Punch|p1a: Gholdengo
|-immune|p1a: Gholdengo
|move|p2b: Umbreon|Snarl|p1b: Hydreigon|[spread] p1a,p1b
|-supereffective|p1a: Gholdengo
|-supereffective|p1b: Hydreigon
|-damage|p1a: Gholdengo|82/100
|-damage|p1b: Hydreigon|79/100
|-unboost|p1a: Gholdengo|spa|1
|-unboost|p1b: Hydreigon|spa|1
|
|-heal|p2b: Umbreon|81/100|[from] item: Leftovers
|upkeep
|turn|5
|
|t:|1756853506
|move|p1b: Hydreigon|Draco Meteor|p2a: Annihilape
|-damage|p2a: Annihilape|77/100
|-unboost|p1b: Hydreigon|spa|2
|move|p1a: Gholdengo|Dazzling Gleam|p2a: Annihilape|[spread] p2a,p2b
|-supereffective|p2a: Annihilape
|-supereffective|p2b: Umbreon
|-damage|p2a: Annihilape|34/100
|-damage|p2b: Umbreon|52/100
|move|p2a: Annihilape|Rage Fist|p1a: Gholdengo
|-supereffective|p1a: Gholdengo
|-damage|p1a: Gholdengo|0 fnt
|faint|p1a: Gholdengo
|move|p2b: Umbreon|Yawn|p1b: Hydreigon
|-start|p1b: Hydreigon|move: Yawn|[of] p2b: Umbreon
|
|-heal|p2b: Umbreon|58/100|[from] item: Leftovers
|upkeep
|
|t:|1756853522
|switch|p1a: Incineroar|Incineroar, L50, F, shiny|79/100
|-ability|p1a: Incineroar|Intimidate|boost
|-fail|p2a: Annihilape|unboost|Attack|[from] ability: Inner Focus|[of] p2a: Annihilape
|-unboost|p2b: Umbreon|atk|1
|turn|6
|
|t:|1756853543
|move|p2a: Annihilape|Protect|p2a: Annihilape
|-singleturn|p2a: Annihilape|Protect
|move|p1b: Hydreigon|Draco Meteor|p2a: Annihilape
|-activate|p2a: Annihilape|move: Protect
|move|p1a: Incineroar|Knock Off|p2a: Annihilape
|-activate|p2a: Annihilape|move: Protect
|move|p2b: Umbreon|Yawn|p1a: Incineroar
|-start|p1a: Incineroar|move: Yawn|[of] p2b: Umbreon
|
|-heal|p2b: Umbreon|64/100|[from] item: Leftovers
|-end|p1b: Hydreigon|move: Yawn|[silent]
|-status|p1b: Hydreigon|slp
|upkeep
|turn|7
|
|t:|1756853574
|cant|p1b: Hydreigon|slp
|move|p1a: Incineroar|Knock Off|p2a: Annihilape
|-damage|p2a: Annihilape|0 fnt
|-enditem|p2a: Annihilape|Lum Berry|[from] move: Knock Off|[of] p1a: Incineroar
|faint|p2a: Annihilape
|move|p2b: Umbreon|Snarl|p1b: Hydreigon|[spread] p1a,p1b
|-resisted|p1a: Incineroar
|-supereffective|p1b: Hydreigon
|-damage|p1a: Incineroar|74/100
|-damage|p1b: Hydreigon|57/100 slp
|-unboost|p1a: Incineroar|spa|1
|-unboost|p1b: Hydreigon|spa|1
|
|-heal|p2b: Umbreon|70/100|[from] item: Leftovers
|-end|p1a: Incineroar|move: Yawn|[silent]
|-status|p1a: Incineroar|slp
|-sideend|p1: Govek314|move: Tailwind
|upkeep
|
|t:|1756853588
|switch|p2a: Grimmsnarl|Grimmsnarl, L50, M|100/100
|turn|8
|
|t:|1756853616
|-curestatus|p1b: Hydreigon|slp|[msg]
|move|p1b: Hydreigon|Tailwind|p1b: Hydreigon
|-sidestart|p1: Govek314|move: Tailwind
|cant|p1a: Incineroar|slp
|move|p2b: Umbreon|Foul Play|p1a: Incineroar
|-resisted|p1a: Incineroar
|-damage|p1a: Incineroar|50/100 slp
|move|p2a: Grimmsnarl|Spirit Break|p1b: Hydreigon
|-damage|p1b: Hydreigon|25/100
|
|-heal|p2b: Umbreon|75/100|[from] item: Leftovers
|upkeep
|turn|9
|
|t:|1756853655
|move|p1b: Hydreigon|Draco Meteor|p2b: Umbreon|[miss]
|-miss|p1b: Hydreigon|p2b: Umbreon
|cant|p1a: Incineroar|slp
|move|p2b: Umbreon|Foul Play|p1b: Hydreigon
|-supereffective|p1b: Hydreigon
|-damage|p1b: Hydreigon|0 fnt
|faint|p1b: Hydreigon
|move|p2a: Grimmsnarl|Spirit Break|p1a: Incineroar
|-damage|p1a: Incineroar|23/100 slp
|-unboost|p1a: Incineroar|spa|1
|
|-heal|p2b: Umbreon|81/100|[from] item: Leftovers
|upkeep
|turn|10
|-message|Govek314 forfeited.
|
|win|Archu2167
|l|☆Govek314
|player|p1|
|j|☆Govek314
|player|p1|Govek314|2|
||Archu2167 is ready for game 3.
