|j|☆gonnatortureyou
|j|☆Beeetch
|html|gonnatortureyouBeeetch    
|uhtml|bestof|Game 2 of a best-of-3
|t:|1757203942
|gametype|doubles
|player|p1|gonnatortureyou|2|1221
|player|p2|Beeetch|beauty-gen4dp|1316
|gen|9
|tier|[Gen 9] VGC 2025 Reg H (Bo3)
|rated|
|rule|Species Clause: Limit one of each Pokémon
|rule|Item Clause: Limit 1 of each item
|clearpoke
|poke|p1|Dragonite, L50, F|
|poke|p1|Kingambit, L50, F|
|poke|p1|Electabuzz, L50, F|
|poke|p1|Rillaboom, L50, M|
|poke|p1|Volcarona, L50, M|
|poke|p1|Sneasler, L50, F|
|poke|p2|Excadrill, L50, F|
|poke|p2|Tyranitar, L50, M|
|poke|p2|Sneasler, L50, M|
|poke|p2|Indeedee, L50, M|
|poke|p2|Corviknight, L50, F|
|poke|p2|Annihilape, L50, M|
|teampreview|4
|showteam|p1|Dragonite||LoadedDice|Multiscale|ScaleShot,ExtremeSpeed,Haze,Protect|||F|||50|,,,,,Steel]Kingambit||BlackGlasses|Defiant|KowtowCleave,SuckerPunch,SwordsDance,Protect|||F|||50|,,,,,Dark]Electabuzz||Eviolite|VitalSpirit|Thunderbolt,Taunt,FollowMe,Protect|||F|||50|,,,,,Ghost]Rillaboom||AssaultVest|GrassySurge|WoodHammer,GrassyGlide,HighHorsepower,FakeOut|||M|||50|,,,,,Fire]Volcarona||Leftovers|FlameBody|HeatWave,TeraBlast,QuiverDance,Protect|||M|||50|,,,,,Fairy]Sneasler||FocusSash|Unburden|CloseCombat,DireClaw,Coaching,Protect|||F|||50|,,,,,Stellar
|showteam|p2|Excadrill||FocusSash|SandRush|IronHead,HighHorsepower,Earthquake,Protect|||F|||50|,,,,,Stellar]Tyranitar||AssaultVest|SandStream|RockSlide,KnockOff,TeraBlast,LowKick|||M|||50|,,,,,Flying]Sneasler||PsychicSeed|Unburden|DireClaw,CloseCombat,ThroatChop,Protect|||M|||50|,,,,,Dark]Indeedee||ChoiceScarf|PsychicSurge|ExpandingForce,TeraBlast,Protect,Trick|||M|||50|,,,,,Psychic]Corviknight||Leftovers|MirrorArmor|BraveBird,BulkUp,Roost,Tailwind|||F|||50|,,,,,Dragon]Annihilape||SafetyGoggles|Defiant|CloseCombat,FinalGambit,RageFist,Taunt|||M|||50|,,,,,Water
|inactive|Battle timer is ON: inactive players will automatically lose when time's up. (requested by gonnatortureyou)
|inactive|Beeetch has 60 seconds left.
|
|t:|1757203978
|teamsize|p1|4
|teamsize|p2|4
|start
|switch|p1a: Electabuzz|Electabuzz, L50, F|100/100
|switch|p1b: Volcarona|Volcarona, L50, M|100/100
|switch|p2a: Excadrill|Excadrill, L50, F, shiny|100/100
|switch|p2b: Tyranitar|Tyranitar, L50, M, shiny|100/100
|-weather|Sandstorm|[from] ability: Sand Stream|[of] p2b: Tyranitar
|turn|1
|
|t:|1757203997
|switch|p1a: Rillaboom|Rillaboom, L50, M|100/100
|-fieldstart|move: Grassy Terrain|[from] ability: Grassy Surge|[of] p1a: Rillaboom
|-terastallize|p1b: Volcarona|Fairy
|-terastallize|p2b: Tyranitar|Flying
|move|p2a: Excadrill|Earthquake|p1a: Rillaboom|[spread] p1a,p1b
|-immune|p2b: Tyranitar
|-resisted|p1a: Rillaboom
|-damage|p1a: Rillaboom|91/100
|-damage|p1b: Volcarona|76/100
|move|p1b: Volcarona|Quiver Dance|p1b: Volcarona
|-boost|p1b: Volcarona|spa|1
|-boost|p1b: Volcarona|spd|1
|-boost|p1b: Volcarona|spe|1
|move|p2b: Tyranitar|Tera Blast|p1b: Volcarona|[anim] Tera Blast Flying
|-damage|p1b: Volcarona|26/100
|
|-weather|Sandstorm|[upkeep]
|-damage|p1b: Volcarona|20/100|[from] Sandstorm
|-damage|p1a: Rillaboom|85/100|[from] Sandstorm
|-damage|p2b: Tyranitar|95/100|[from] Sandstorm
|-heal|p1b: Volcarona|26/100|[from] Grassy Terrain
|-heal|p1b: Volcarona|32/100|[from] item: Leftovers
|-heal|p1a: Rillaboom|91/100|[from] Grassy Terrain
|upkeep
|turn|2
|inactive|Beeetch has 30 seconds left.
|inactive|Beeetch has 20 seconds left.
|inactive|Beeetch has 15 seconds left.
|inactive|Beeetch has 10 seconds left.
|inactive|Beeetch has 5 seconds left.
|
|t:|1757204051
|switch|p2a: Indeedee|Indeedee, L50, M, shiny|100/100
|-fieldstart|move: Psychic Terrain|[from] ability: Psychic Surge|[of] p2a: Indeedee
|move|p1b: Volcarona|Heat Wave|p2a: Indeedee|[spread] p2a,p2b
|-damage|p2a: Indeedee|32/100
|-damage|p2b: Tyranitar|62/100
|move|p1a: Rillaboom|Grassy Glide|p2a: Indeedee
|-damage|p2a: Indeedee|0 fnt
|faint|p2a: Indeedee
|move|p2b: Tyranitar|Tera Blast|p1a: Rillaboom|[anim] Tera Blast Flying
|-supereffective|p1a: Rillaboom
|-damage|p1a: Rillaboom|3/100
|
|-weather|Sandstorm|[upkeep]
|-damage|p1b: Volcarona|26/100|[from] Sandstorm
|-damage|p1a: Rillaboom|0 fnt|[from] Sandstorm
|-damage|p2b: Tyranitar|57/100|[from] Sandstorm
|faint|p1a: Rillaboom
|-heal|p1b: Volcarona|32/100|[from] item: Leftovers
|upkeep
|
|t:|1757204066
|switch|p2a: Sneasler|Sneasler, L50, M, shiny|100/100
|switch|p1a: Electabuzz|Electabuzz, L50, F|100/100
|-enditem|p2a: Sneasler|Psychic Seed
|-boost|p2a: Sneasler|spd|1|[from] item: Psychic Seed
|turn|3
|
|t:|1757204076
|move|p2a: Sneasler|Protect|p2a: Sneasler
|-singleturn|p2a: Sneasler|Protect
|move|p1a: Electabuzz|Follow Me|p1a: Electabuzz
|-singleturn|p1a: Electabuzz|move: Follow Me
|move|p1b: Volcarona|Heat Wave|p2a: Sneasler|[spread] p2b
|-activate|p2a: Sneasler|move: Protect
|-damage|p2b: Tyranitar|25/100
|move|p2b: Tyranitar|Rock Slide|p1a: Electabuzz|[spread] p1a,p1b
|-damage|p1a: Electabuzz|74/100
|-damage|p1b: Volcarona|0 fnt
|faint|p1b: Volcarona
|
|-weather|Sandstorm|[upkeep]
|-damage|p2a: Sneasler|94/100|[from] Sandstorm
|-damage|p1a: Electabuzz|68/100|[from] Sandstorm
|-damage|p2b: Tyranitar|19/100|[from] Sandstorm
|upkeep
|
|t:|1757204086
|switch|p1b: Kingambit|Kingambit, L50, F|100/100
|turn|4
|inactive|Beeetch has 30 seconds left.
|
|t:|1757204119
|move|p1a: Electabuzz|Follow Me|p1a: Electabuzz
|-singleturn|p1a: Electabuzz|move: Follow Me
|move|p2a: Sneasler|Close Combat|p1a: Electabuzz
|-damage|p1a: Electabuzz|18/100
|-unboost|p2a: Sneasler|def|1
|-unboost|p2a: Sneasler|spd|1
|move|p2b: Tyranitar|Knock Off|p1a: Electabuzz
|-damage|p1a: Electabuzz|0 fnt
|-enditem|p1a: Electabuzz|Eviolite|[from] move: Knock Off|[of] p2b: Tyranitar
|faint|p1a: Electabuzz
|move|p1b: Kingambit|Kowtow Cleave|p2a: Sneasler
|-resisted|p2a: Sneasler
|-damage|p2a: Sneasler|21/100
|
|-weather|Sandstorm|[upkeep]
|-damage|p2a: Sneasler|15/100|[from] Sandstorm
|-damage|p2b: Tyranitar|13/100|[from] Sandstorm
|upkeep
|turn|5
|
|t:|1757204134
|move|p1b: Kingambit|Sucker Punch|p2a: Sneasler
|-activate|p2a: Sneasler|move: Psychic Terrain
|move|p2a: Sneasler|Close Combat|p1b: Kingambit
|-supereffective|p1b: Kingambit
|-damage|p1b: Kingambit|0 fnt
|-unboost|p2a: Sneasler|def|1
|-unboost|p2a: Sneasler|spd|1
|faint|p1b: Kingambit
|
|win|Beeetch
||gonnatortureyou is ready for game 3.
|inactive|Beeetch has 30 seconds to confirm battle start!
||Beeetch is ready for game 3.
|uhtml|next|Next: Game 3 of 3
|l|☆Beeetch
|player|p2|
