|j|☆UndeadParadox
|j|☆PikaTROD
|html|UndeadParadoxPikaTROD    
|uhtml|bestof|Game 2 of a best-of-3
|t:|1756954659
|gametype|doubles
|player|p1|UndeadParadox|guitarist|1319
|player|p2|PikaTROD|102|1530
|gen|9
|tier|[Gen 9] VGC 2025 Reg H (Bo3)
|rated|
|rule|Species Clause: Limit one of each Pokémon
|rule|Item Clause: Limit 1 of each item
|clearpoke
|poke|p1|Sneasler, L50, F|
|poke|p1|Rillaboom, L50, M|
|poke|p1|Incineroar, L50, M|
|poke|p1|Gholdengo, L50|
|poke|p1|Hydreigon, L50, F|
|poke|p1|Gengar, L50, M|
|poke|p2|Kingambit, L50, M|
|poke|p2|Primarina, L50, M|
|poke|p2|Sneasler, L50, F|
|poke|p2|Magmar, L50, F|
|poke|p2|Rillaboom, L50, F|
|poke|p2|Dragapult, L50, M|
|teampreview|4
|showteam|p1|Sneasler||GrassySeed|Unburden|CloseCombat,DireClaw,Acrobatics,Protect|||F|||50|,,,,,Flying]Rillaboom||AssaultVest|GrassySurge|WoodHammer,GrassyGlide,FakeOut,HighHorsepower|||M|||50|,,,,,Fire]Incineroar||SafetyGoggles|Intimidate|FlareBlitz,KnockOff,PartingShot,FakeOut|||M|||50|,,,,,Ghost]Gholdengo||MetalCoat|GoodasGold|Protect,MakeItRain,ShadowBall,NastyPlot||||||50|,,,,,Water]Hydreigon||LifeOrb|Levitate|Flamethrower,DracoMeteor,DarkPulse,Protect|||F|||50|,,,,,Fire]Gengar||FocusSash|CursedBody|ShadowBall,Haze,Taunt,IcyWind|||M|||50|,,,,,Ghost
|showteam|p2|Kingambit||BlackGlasses|Defiant|KowtowCleave,SuckerPunch,SwordsDance,Protect|||M|||50|,,,,,Dark]Primarina||SitrusBerry|LiquidVoice|HyperVoice,Moonblast,Haze,Protect|||M|||50|,,,,,Water]Sneasler||FocusSash|Unburden|CloseCombat,DireClaw,FakeOut,Protect|||F|||50|,,,,,Stellar]Magmar||Eviolite|VitalSpirit|Overheat,WillOWisp,FollowMe,Protect|||F|||50|,,,,,Ghost]Rillaboom||AssaultVest|GrassySurge|WoodHammer,GrassyGlide,HighHorsepower,FakeOut|||F|||50|,,,,,Fire]Dragapult||ChoiceBand|ClearBody|DragonDarts,PhantomForce,Outrage,Uturn|||M|||50|,,,,,Dragon
|
|t:|1756954692
|teamsize|p1|4
|teamsize|p2|4
|start
|switch|p1a: Gholdengo|Gholdengo, L50, shiny|100/100
|switch|p1b: Incineroar|Incineroar, L50, M, shiny|100/100
|switch|p2a: Magmar|Magmar, L50, F|100/100
|switch|p2b: Dragapult|Dragapult, L50, M|100/100
|-ability|p1b: Incineroar|Intimidate|boost
|-unboost|p2a: Magmar|atk|1
|-fail|p2b: Dragapult|unboost|[from] ability: Clear Body|[of] p2b: Dragapult
|turn|1
|inactive|Battle timer is ON: inactive players will automatically lose when time's up. (requested by PikaTROD)
|j| teamthief420
|inactive|PikaTROD has 60 seconds left.
|
|t:|1756954751
|switch|p2a: Kingambit|Kingambit, L50, M|100/100
|move|p1b: Incineroar|Fake Out|p2a: Kingambit
|-resisted|p2a: Kingambit
|-damage|p2a: Kingambit|96/100
|move|p2b: Dragapult|U-turn|p1b: Incineroar
|-damage|p1b: Incineroar|64/100
|
|t:|1756954756
|switch|p2b: Magmar|Magmar, L50, F|100/100|[from] U-turn
|move|p1a: Gholdengo|Nasty Plot|p1a: Gholdengo
|-boost|p1a: Gholdengo|spa|2
|
|upkeep
|turn|2
|inactive|PikaTROD has 30 seconds left.
|inactive|UndeadParadox has 30 seconds left.
|
|t:|1756954792
|switch|p1b: Rillaboom|Rillaboom, L50, M|100/100
|-fieldstart|move: Grassy Terrain|[from] ability: Grassy Surge|[of] p1b: Rillaboom
|-terastallize|p1a: Gholdengo|Water
|move|p2b: Magmar|Follow Me|p2b: Magmar
|-singleturn|p2b: Magmar|move: Follow Me
|move|p1a: Gholdengo|Shadow Ball|p2b: Magmar
|-damage|p2b: Magmar|27/100
|move|p2a: Kingambit|Swords Dance|p2a: Kingambit
|-boost|p2a: Kingambit|atk|2
|
|-heal|p2b: Magmar|32/100|[from] Grassy Terrain
|-heal|p2a: Kingambit|100/100|[from] Grassy Terrain
|upkeep
|turn|3
|inactive|UndeadParadox has 30 seconds left.
|inactive|UndeadParadox has 20 seconds left.
|
|t:|1756954831
|move|p2b: Magmar|Protect|p2b: Magmar
|-singleturn|p2b: Magmar|Protect
|move|p2a: Kingambit|Protect|p2a: Kingambit
|-singleturn|p2a: Kingambit|Protect
|move|p1b: Rillaboom|Fake Out|p2b: Magmar
|-activate|p2b: Magmar|move: Protect
|move|p1a: Gholdengo|Shadow Ball|p2b: Magmar
|-activate|p2b: Magmar|move: Protect
|
|-heal|p2b: Magmar|38/100|[from] Grassy Terrain
|upkeep
|turn|4
|
|t:|1756954856
|move|p2b: Magmar|Follow Me|p2b: Magmar
|-singleturn|p2b: Magmar|move: Follow Me
|move|p1a: Gholdengo|Make It Rain|p2b: Magmar|[spread] p2a,p2b
|-resisted|p2a: Kingambit
|-resisted|p2b: Magmar
|-damage|p2a: Kingambit|42/100
|-damage|p2b: Magmar|0 fnt
|-unboost|p1a: Gholdengo|spa|1
|faint|p2b: Magmar
|move|p1b: Rillaboom|High Horsepower|p2a: Kingambit
|-supereffective|p2a: Kingambit
|-damage|p2a: Kingambit|0 fnt
|faint|p2a: Kingambit
|
|upkeep
|
|t:|1756954862
|switch|p2b: Sneasler|Sneasler, L50, F|100/100
|switch|p2a: Dragapult|Dragapult, L50, M|100/100
|turn|5
|inactive|PikaTROD has 30 seconds left.
|inactive|PikaTROD has 20 seconds left.
|inactive|PikaTROD has 15 seconds left.
|
|t:|1756954906
|-terastallize|p2b: Sneasler|Stellar
|move|p1b: Rillaboom|Grassy Glide|p2b: Sneasler
|-resisted|p2b: Sneasler
|-damage|p2b: Sneasler|68/100
|move|p2a: Dragapult|Phantom Force||[still]
|-prepare|p2a: Dragapult|Phantom Force
|move|p2b: Sneasler|Dire Claw|p1b: Rillaboom
|-supereffective|p1b: Rillaboom
|-damage|p1b: Rillaboom|0 fnt
|faint|p1b: Rillaboom
|move|p1a: Gholdengo|Make It Rain|p2a: Dragapult|[spread] p2b
|-miss|p1a: Gholdengo|p2a: Dragapult
|-damage|p2b: Sneasler|0 fnt
|-unboost|p1a: Gholdengo|spa|1
|faint|p2b: Sneasler
|
|upkeep
|
|t:|1756954923
|switch|p1b: Incineroar|Incineroar, L50, M, shiny|64/100
|-ability|p1b: Incineroar|Intimidate|boost
|-fail|p2a: Dragapult|unboost|[from] ability: Clear Body|[of] p2a: Dragapult
|turn|6
|
|t:|1756954929
|move|p2a: Dragapult|Phantom Force|p1a: Gholdengo|[from] lockedmove
|-damage|p1a: Gholdengo|16/100
|move|p1a: Gholdengo|Shadow Ball|p2a: Dragapult
|-supereffective|p2a: Dragapult
|-damage|p2a: Dragapult|0 fnt
|faint|p2a: Dragapult
|
|win|UndeadParadox
||PikaTROD is ready for game 3.
||UndeadParadox is ready for game 3.
|uhtml|next|Next: Game 3 of 3
|l| teamthief420
|l|☆UndeadParadox
|player|p1|
