|j|☆jaborro95
|j|☆amnek
|html|jaborro95amnek    
|uhtml|bestof|Game 2 of a best-of-3
|t:|1756650737
|gametype|doubles
|player|p1|jaborro95|101|
|player|p2|amnek|101|
|gen|9
|tier|[Gen 9] VGC 2025 Reg H (Bo3)
|rule|Species Clause: Limit one of each Pokémon
|rule|Item Clause: Limit 1 of each item
|clearpoke
|poke|p1|Dragonite, L50, M|
|poke|p1|Volcarona, L50, F|
|poke|p1|Sneasler, L50, M|
|poke|p1|Rillaboom, L50, M|
|poke|p1|Electabuzz, L50, M|
|poke|p1|Kingambit, L50, M|
|poke|p2|Garchomp, L50, F|
|poke|p2|Gholdengo, L50|
|poke|p2|Sneasler, L50, M|
|poke|p2|Dragonite, L50, M|
|poke|p2|Incineroar, L50, M|
|poke|p2|Whimsicott, L50, F|
|teampreview|4
|showteam|p1|Dragonite||LoadedDice|Multiscale|ScaleShot,ExtremeSpeed,Haze,Protect|||M|||50|,,,,,Fairy]Volcarona||CovertCloak|FlameBody|HeatWave,TeraBlast,QuiverDance,Protect|||F|||50|,,,,,Fairy]Sneasler||FocusSash|Unburden|CloseCombat,DireClaw,Coaching,Protect|||M|||50|,,,,,Stellar]Rillaboom||AssaultVest|GrassySurge|WoodHammer,GrassyGlide,HighHorsepower,FakeOut|||M|||50|,,,,,Water]Electabuzz||Eviolite|VitalSpirit|Thunderbolt,FollowMe,Taunt,Protect|||M|||50|,,,,,Ghost]Kingambit||BlackGlasses|Defiant|KowtowCleave,SuckerPunch,SwordsDance,Protect|||M|||50|,,,,,Dark
|showteam|p2|Garchomp||LifeOrb|RoughSkin|Protect,Earthquake,StompingTantrum,DragonClaw|||F|||50|,,,,,Ground]Gholdengo||ChoiceSpecs|GoodasGold|Thunderbolt,MakeItRain,ShadowBall,Trick||||||50|,,,,,Steel]Sneasler||WhiteHerb|Unburden|FakeOut,Protect,CloseCombat,DireClaw|||M|||50|,,,,,Stellar]Dragonite||ChoiceBand|InnerFocus|Outrage,ExtremeSpeed,IceSpinner,StompingTantrum|||M|||50|,,,,,Normal]Incineroar||AssaultVest|Intimidate|FakeOut,KnockOff,FlareBlitz,Uturn|||M|||50|,,,,,Grass]Whimsicott||FocusSash|Prankster|Protect,Tailwind,Moonblast,Encore|||F|||50|,,,,,Ghost
|c|☆jaborro95|El Nite ese es el diablo jajaja
|c|☆amnek|JAJAJAJ epega como loco
|
|t:|1756650772
|teamsize|p1|4
|teamsize|p2|4
|start
|switch|p1a: Volcarona|Volcarona, L50, F|100/100
|switch|p1b: Electabuzz|Electabuzz, L50, M|100/100
|switch|p2a: Dragonite|Dragonite, L50, M|100/100
|switch|p2b: Sneasler|Sneasler, L50, M|100/100
|turn|1
|
|t:|1756650802
|-terastallize|p2a: Dragonite|Normal
|move|p1a: Volcarona|Protect|p1a: Volcarona
|-singleturn|p1a: Volcarona|Protect
|move|p1b: Electabuzz|Protect|p1b: Electabuzz
|-singleturn|p1b: Electabuzz|Protect
|move|p2a: Dragonite|Extreme Speed|p1a: Volcarona
|-activate|p1a: Volcarona|move: Protect
|move|p2b: Sneasler|Dire Claw|p1b: Electabuzz
|-activate|p1b: Electabuzz|move: Protect
|
|upkeep
|turn|2
|
|t:|1756650834
|-terastallize|p1a: Volcarona|Fairy
|move|p1b: Electabuzz|Follow Me|p1b: Electabuzz
|-singleturn|p1b: Electabuzz|move: Follow Me
|move|p2a: Dragonite|Extreme Speed|p1b: Electabuzz
|-damage|p1b: Electabuzz|51/100
|move|p2b: Sneasler|Dire Claw|p1b: Electabuzz
|-damage|p1b: Electabuzz|16/100
|move|p1a: Volcarona|Tera Blast|p2a: Dragonite|[anim] Tera Blast Fairy
|-damage|p2a: Dragonite|64/100
|
|upkeep
|turn|3
|
|t:|1756650852
|move|p1b: Electabuzz|Follow Me|p1b: Electabuzz
|-singleturn|p1b: Electabuzz|move: Follow Me
|move|p2a: Dragonite|Extreme Speed|p1b: Electabuzz
|-damage|p1b: Electabuzz|0 fnt
|faint|p1b: Electabuzz
|move|p2b: Sneasler|Dire Claw|p1a: Volcarona
|-supereffective|p1a: Volcarona
|-damage|p1a: Volcarona|0 fnt
|faint|p1a: Volcarona
|
|upkeep
|
|t:|1756650863
|switch|p1a: Dragonite|Dragonite, L50, M|100/100
|switch|p1b: Kingambit|Kingambit, L50, M, shiny|100/100
|turn|4
|
|t:|1756650883
|move|p2a: Dragonite|Extreme Speed|p1a: Dragonite
|-damage|p1a: Dragonite|62/100
|move|p2b: Sneasler|Close Combat|p1b: Kingambit
|-supereffective|p1b: Kingambit
|-damage|p1b: Kingambit|0 fnt
|-unboost|p2b: Sneasler|def|1
|-unboost|p2b: Sneasler|spd|1
|faint|p1b: Kingambit
|-enditem|p2b: Sneasler|White Herb
|-clearnegativeboost|p2b: Sneasler|[silent]
|move|p1a: Dragonite|Scale Shot|p2b: Sneasler
|-damage|p2b: Sneasler|78/100
|-damage|p2b: Sneasler|52/100
|-damage|p2b: Sneasler|29/100
|-damage|p2b: Sneasler|4/100
|-hitcount|p2b: Sneasler|4
|-unboost|p1a: Dragonite|def|1
|-boost|p1a: Dragonite|spe|1
|
|upkeep
|turn|5
|c|☆jaborro95|Olvidé que habías tirado el tera con el Nite y te he tirado tera Fairy jajaja
|
|t:|1756650909
|move|p1a: Dragonite|Extreme Speed|p2a: Dragonite
|-damage|p2a: Dragonite|34/100
|move|p2a: Dragonite|Extreme Speed|p1a: Dragonite
|-damage|p1a: Dragonite|0 fnt
|faint|p1a: Dragonite
|
|win|amnek
