|j|☆KayDeeVGC
|j|☆joeryvught
|html|KayDeeVGCjoeryvught    
|uhtml|bestof|Game 1 of a best-of-3
|t:|1782669617
|gametype|doubles
|player|p1|KayDeeVGC|1|
|player|p2|joeryvught|266|
|gen|9
|tier|[Gen 9 Champions] VGC 2026 Reg M-B (Bo3)
|rule|Species Clause: Limit one of each Pokémon
|rule|Item Clause: Limit 1 of each item
|clearpoke
|poke|p1|Swampert, L50, F|
|poke|p1|Mawile, L50, F|
|poke|p1|Archaludon, L50, M|
|poke|p1|Pelipper, L50, M|
|poke|p1|Sinistcha, L50|
|poke|p1|Armarouge, L50, F|
|poke|p2|Torkoal, L50, M|
|poke|p2|Oranguru, L50, F|
|poke|p2|Scrafty, L50, M|
|poke|p2|Gardevoir, L50, M|
|poke|p2|Vileplume, L50, F|
|poke|p2|Lucario, L50, M|
|teampreview|4
|showteam|p1|Swampert||Swampertite|Torrent|WaveCrash,HighHorsepower,IcePunch,Protect|Adamant||F|||50|]Mawile||Mawilite|Intimidate|IronHead,PlayRough,SuckerPunch,Protect|Brave||F|||50|]Archaludon||Leftovers|Stamina|FlashCannon,DragonPulse,ElectroShot,Protect|Modest||M|||50|]Pelipper||LifeOrb|Drizzle|WeatherBall,Hurricane,Tailwind,Protect|Timid||M|||50|]Sinistcha||KasibBerry|Hospitality|MatchaGotcha,RagePowder,TrickRoom,Protect|Bold|||||50|]Armarouge||SitrusBerry|FlashFire|Psychic,WideGuard,TrickRoom,ArmorCannon|Quiet||F|||50|
|showteam|p2|Torkoal||Charcoal|Drought|Eruption,WeatherBall,EarthPower,Protect|Quiet||M|||50|]Oranguru||WhiteHerb|InnerFocus|Instruct,Encore,TrickRoom,Protect|Bold||F|||50|]Scrafty||Scraftinite|Intimidate|FakeOut,DrainPunch,KnockOff,RockSlide|Brave||M|||50|]Gardevoir||Gardevoirite|Synchronize|Psychic,Moonblast,HyperVoice,Protect|Timid||M|||50|]Vileplume||FocusSash|Chlorophyll|LeafStorm,SludgeBomb,SleepPowder,AfterYou|Modest||F|||50|]Lucario||ChoiceScarf|InnerFocus|SteelBeam,FinalGambit,HelpingHand,SunnyDay|Timid||M|||50|
|j| robbie0301
|c|☆KayDeeVGC|Heb de links gedeeld!
|c|☆joeryvught|Succes en veel plezier! :)
|c|☆KayDeeVGC|Yess jij ook
|j| sambalman
|j| Jorijn
|c|☆joeryvught|Dankje!
|inactive|Battle timer is ON: inactive players will automatically lose when time's up. (requested by joeryvught)
|l| sambalman
|j| zion suzuki
|j| sambalman
|j| GielBakker
|inactive|KayDeeVGC has 60 seconds left.
|inactive|joeryvught has 60 seconds left.
|j| JeSuffeMoeder
|l| JeSuffeMoeder
|inactive|joeryvught has 30 seconds left.
|j| JeSuffeMoeder
|j| yasmina blubberbil
|l| sambalman
|inactive|joeryvught has 20 seconds left.
|inactive|joeryvught has 15 seconds left.
|
|t:|1782669736
|teamsize|p1|4
|teamsize|p2|4
|start
|switch|p1a: Puente|Archaludon, L50, M|100/100
|switch|p1b: Brazotes|Swampert, L50, F|100/100
|switch|p2a: Vileplume|Vileplume, L50, F|100/100
|switch|p2b: Gardevoir|Gardevoir, L50, M|100/100
|turn|1
|l| JeSuffeMoeder
|inactive|KayDeeVGC has 30 seconds left.
|inactive|joeryvught has 30 seconds left.
|j| sambalman
|inactive|joeryvught has 20 seconds left.
|j| JeSuffeMoeder
|inactive|joeryvught has 15 seconds left.
|
|t:|1782669776
|move|p2b: Gardevoir|Protect|p2b: Gardevoir
|-singleturn|p2b: Gardevoir|Protect
|move|p1b: Brazotes|Protect|p1b: Brazotes
|-singleturn|p1b: Brazotes|Protect
|move|p1a: Puente|Protect|p1a: Puente
|-singleturn|p1a: Puente|Protect
|move|p2a: Vileplume|Sleep Powder|p1a: Puente
|-activate|p1a: Puente|move: Protect
|
|upkeep
|turn|2
|l| JeSuffeMoeder
|j| JeSuffeMoeder
|inactive|KayDeeVGC has 30 seconds left.
|inactive|joeryvught has 30 seconds left.
|
|t:|1782669810
|switch|p1a: Tacho|Pelipper, L50, M|100/100
|-weather|RainDance|[from] ability: Drizzle|[of] p1a: Tacho
|detailschange|p2b: Gardevoir|Gardevoir-Mega, L50, M
|-mega|p2b: Gardevoir|Gardevoir|Gardevoirite
|detailschange|p1b: Brazotes|Swampert-Mega, L50, F
|-mega|p1b: Brazotes|Swampert|Swampertite
|move|p1b: Brazotes|Wave Crash|p2b: Gardevoir
|-damage|p2b: Gardevoir|0 fnt
|faint|p2b: Gardevoir
|-damage|p1b: Brazotes|73/100|[from] Recoil
|move|p2a: Vileplume|Sleep Powder|p1a: Tacho
|-status|p1a: Tacho|slp|[from] move: Sleep Powder
|
|-weather|RainDance|[upkeep]
|upkeep
|
|t:|1782669830
|switch|p2b: Oranguru|Oranguru, L50, F|100/100
|turn|3
|
|t:|1782669841
|switch|p2a: Torkoal|Torkoal, L50, M|100/100
|-weather|SunnyDay|[from] ability: Drought|[of] p2a: Torkoal
|cant|p1a: Tacho|slp
|move|p1b: Brazotes|Wave Crash|p2b: Oranguru
|-damage|p2b: Oranguru|70/100
|-damage|p1b: Brazotes|62/100|[from] Recoil
|move|p2b: Oranguru|Trick Room|p2b: Oranguru
|-fieldstart|move: Trick Room|[of] p2b: Oranguru
|
|-weather|SunnyDay|[upkeep]
|upkeep
|turn|4
|
|t:|1782669860
|switch|p1a: Armarouge|Armarouge, L50, F|100/100
|move|p1b: Brazotes|Protect|p1b: Brazotes
|-singleturn|p1b: Brazotes|Protect
|move|p2a: Torkoal|Eruption|p1a: Armarouge|[spread] 
|-activate|p1b: Brazotes|move: Protect
|-start|p1a: Armarouge|ability: Flash Fire
|move|p2b: Oranguru|Instruct|p2a: Torkoal
|-singleturn|p2a: Torkoal|move: Instruct|[of] p2b: Oranguru
|move|p2a: Torkoal|Eruption|p1b: Brazotes|[spread] 
|-activate|p1b: Brazotes|move: Protect
|-immune|p1a: Armarouge|[from] ability: Flash Fire
|
|-weather|SunnyDay|[upkeep]
|upkeep
|turn|5
|l| sambalman
|inactive|KayDeeVGC has 30 seconds left.
|
|t:|1782669886
|switch|p1b: Tacho|Pelipper, L50, M|100/100 slp
|-weather|RainDance|[from] ability: Drizzle|[of] p1b: Tacho
|move|p2a: Torkoal|Earth Power|p1a: Armarouge
|-supereffective|p1a: Armarouge|1
|-damage|p1a: Armarouge|43/100
|-enditem|p1a: Armarouge|Sitrus Berry|[eat]
|-heal|p1a: Armarouge|68/100|[from] item: Sitrus Berry
|move|p2b: Oranguru|Encore||[still]
|-fail|p2b: Oranguru
|move|p1a: Armarouge|Armor Cannon|p2b: Oranguru
|-damage|p2b: Oranguru|35/100
|-unboost|p1a: Armarouge|def|1
|-unboost|p1a: Armarouge|spd|1
|
|-weather|RainDance|[upkeep]
|upkeep
|turn|6
|l| JeSuffeMoeder
|inactive|KayDeeVGC has 30 seconds left.
|j| JeSuffeMoeder
|
|t:|1782669919
|switch|p2b: Vileplume|Vileplume, L50, F|100/100
|move|p2a: Torkoal|Earth Power|p1a: Armarouge
|-supereffective|p1a: Armarouge|1
|-damage|p1a: Armarouge|0 fnt
|faint|p1a: Armarouge
|-curestatus|p1b: Tacho|slp|[msg]
|move|p1b: Tacho|Weather Ball|p2a: Torkoal
|-supereffective|p2a: Torkoal|1
|-damage|p2a: Torkoal|0 fnt
|faint|p2a: Torkoal
|-damage|p1b: Tacho|90/100|[from] item: Life Orb
|
|-weather|RainDance|[upkeep]
|upkeep
|
|t:|1782669932
|switch|p2a: Oranguru|Oranguru, L50, F|35/100
|switch|p1a: Puente|Archaludon, L50, M|100/100
|turn|7
|l| yasmina blubberbil
|
|t:|1782669946
|move|p1b: Tacho|Protect|p1b: Tacho
|-singleturn|p1b: Tacho|Protect
|move|p2a: Oranguru|Encore|p1b: Tacho
|-activate|p1b: Tacho|move: Protect
|move|p2b: Vileplume|Sleep Powder|p1a: Puente|[miss]
|-miss|p2b: Vileplume|p1a: Puente
|move|p1a: Puente|Electro Shot||[still]
|-prepare|p1a: Puente|Electro Shot
|-boost|p1a: Puente|spa|1
|-anim|p1a: Puente|Electro Shot|p2b: Vileplume
|-resisted|p2b: Vileplume|1
|-damage|p2b: Vileplume|60/100
|
|-weather|RainDance|[upkeep]
|-fieldend|move: Trick Room
|upkeep
|turn|8
|l| JeSuffeMoeder
|j| JeSuffeMoeder
|inactive|joeryvught has 30 seconds left.
|
|t:|1782669972
|move|p1b: Tacho|Hurricane|p2b: Vileplume
|-supereffective|p2b: Vileplume|1
|-damage|p2b: Vileplume|0 fnt
|faint|p2b: Vileplume
|-damage|p1b: Tacho|81/100|[from] item: Life Orb
|move|p1a: Puente|Electro Shot||[still]
|-prepare|p1a: Puente|Electro Shot
|-boost|p1a: Puente|spa|1
|-anim|p1a: Puente|Electro Shot|p2a: Oranguru
|-damage|p2a: Oranguru|0 fnt
|faint|p2a: Oranguru
|
|win|KayDeeVGC
||joeryvught is ready for game 2.
||KayDeeVGC is ready for game 2.
|uhtml|next|Next: Game 2 of 3
|j| CarrotsAreVeryPog
|l| CarrotsAreVeryPog
|l| JeSuffeMoeder
|j| JeSuffeMoeder
|l| JeSuffeMoeder
|l| GielBakker
|l| zion suzuki
