|j|☆Govek314
|j|☆ScillyWi11y
|html|Govek314ScillyWi11y    
|uhtml|bestof|Game 3 of a best-of-3
|t:|1756857572
|gametype|doubles
|player|p1|Govek314|2|1101
|player|p2|ScillyWi11y|170|1156
|gen|9
|tier|[Gen 9] VGC 2025 Reg H (Bo3)
|rated|
|rule|Species Clause: Limit one of each Pokémon
|rule|Item Clause: Limit 1 of each item
|clearpoke
|poke|p1|Hydreigon, L50, F|
|poke|p1|Ursaluna-Bloodmoon, L50, M|
|poke|p1|Gholdengo, L50|
|poke|p1|Weezing-Galar, L50, M|
|poke|p1|Porygon2, L50|
|poke|p1|Incineroar, L50, M|
|poke|p2|Garchomp, L50, F|
|poke|p2|Whimsicott, L50, M|
|poke|p2|Incineroar, L50, M|
|poke|p2|Gengar, L50, M|
|poke|p2|Primarina, L50, M|
|poke|p2|Kingambit, L50, M|
|teampreview|4
|showteam|p1|Hydreigon||SafetyGoggles|Levitate|DracoMeteor,Snarl,Tailwind,Protect|||F|||50|,,,,,Ghost]Ursaluna-Bloodmoon||LifeOrb|MindsEye|BloodMoon,HyperVoice,Protect,EarthPower|||M|||50|,,,,,Normal]Gholdengo||ChoiceSpecs|GoodasGold|ShadowBall,DazzlingGleam,Thunderbolt,MakeItRain||||||50|,,,,,Fairy]Weezing-Galar||SitrusBerry|NeutralizingGas|GunkShot,PlayRough,Haze,Protect|||M|||50|,,,,,Water]Porygon2||Eviolite|Download|TeraBlast,IceBeam,Recover,TrickRoom||||||50|,,,,,Fighting]Incineroar||AbilityShield|Intimidate|FakeOut,FlareBlitz,KnockOff,PartingShot|||M|||50|,,,,,Ghost
|showteam|p2|Garchomp||LifeOrb|RoughSkin|Earthquake,Protect,DragonClaw,StompingTantrum|||F|||50|,,,,,Fairy]Whimsicott||CovertCloak|Prankster|Tailwind,FakeTears,Taunt,Moonblast|||M|||50|,,,,,Fairy]Incineroar||SafetyGoggles|Intimidate|FakeOut,Protect,PartingShot,KnockOff|||M|||50|,,,,,Bug]Gengar||FocusSash|CursedBody|SludgeBomb,ShadowBall,Protect,TrickRoom|||M|||50|,,,,,Grass]Primarina||ThroatSpray|LiquidVoice|Moonblast,HyperVoice,CalmMind,Protect|||M|||50|,,,,,Water]Kingambit||BlackGlasses|Defiant|SuckerPunch,KowtowCleave,Protect,IronHead|||M|||50|,,,,,Flying
|
|t:|1756857607
|teamsize|p1|4
|teamsize|p2|4
|start
|switch|p1a: Porygon2|Porygon2, L50, shiny|100/100
|switch|p1b: Hydreigon|Hydreigon, L50, F|100/100
|switch|p2a: Garchomp|Garchomp, L50, F|100/100
|switch|p2b: Incineroar|Incineroar, L50, M|100/100
|-ability|p1a: Porygon2|Download|boost
|-boost|p1a: Porygon2|atk|1
|-ability|p2b: Incineroar|Intimidate|boost
|-unboost|p1a: Porygon2|atk|1
|-unboost|p1b: Hydreigon|atk|1
|turn|1
|
|t:|1756857645
|-terastallize|p1b: Hydreigon|Ghost
|move|p2b: Incineroar|Fake Out|p1a: Porygon2
|-damage|p1a: Porygon2|94/100
|move|p1b: Hydreigon|Tailwind|p1b: Hydreigon
|-sidestart|p1: Govek314|move: Tailwind
|cant|p1a: Porygon2|flinch
|move|p2a: Garchomp|Dragon Claw|p1b: Hydreigon
|-damage|p1b: Hydreigon|40/100
|-damage|p2a: Garchomp|91/100|[from] item: Life Orb
|
|upkeep
|turn|2
|
|t:|1756857697
|switch|p2a: Primarina|Primarina, L50, M|100/100
|move|p1b: Hydreigon|Draco Meteor|p2b: Incineroar
|-damage|p2b: Incineroar|54/100
|-unboost|p1b: Hydreigon|spa|2
|move|p1a: Porygon2|Tera Blast|p2b: Incineroar
|-damage|p2b: Incineroar|30/100
|move|p2b: Incineroar|Knock Off|p1b: Hydreigon
|-supereffective|p1b: Hydreigon
|-damage|p1b: Hydreigon|0 fnt
|-enditem|p1b: Hydreigon|Safety Goggles|[from] move: Knock Off|[of] p2b: Incineroar
|faint|p1b: Hydreigon
|
|upkeep
|
|t:|1756857710
|switch|p1b: Ursaluna|Ursaluna-Bloodmoon, L50, M|100/100
|turn|3
|
|t:|1756857757
|move|p2b: Incineroar|Protect|p2b: Incineroar
|-singleturn|p2b: Incineroar|Protect
|move|p1b: Ursaluna|Blood Moon|p2a: Primarina
|-damage|p2a: Primarina|12/100
|-damage|p1b: Ursaluna|91/100|[from] item: Life Orb
|move|p1a: Porygon2|Tera Blast|p2a: Primarina
|-damage|p2a: Primarina|0 fnt
|faint|p2a: Primarina
|
|upkeep
|
|t:|1756857769
|switch|p2a: Whimsicott|Whimsicott, L50, M|100/100
|turn|4
|
|t:|1756857781
|move|p2a: Whimsicott|Taunt|p1a: Porygon2
|-start|p1a: Porygon2|move: Taunt
|move|p1b: Ursaluna|Hyper Voice|p2b: Incineroar|[spread] p2a,p2b
|-damage|p2a: Whimsicott|30/100
|-damage|p2b: Incineroar|0 fnt
|faint|p2b: Incineroar
|-damage|p1b: Ursaluna|81/100|[from] item: Life Orb
|move|p1a: Porygon2|Ice Beam|p2a: Whimsicott
|-supereffective|p2a: Whimsicott
|-damage|p2a: Whimsicott|0 fnt
|faint|p2a: Whimsicott
|
|-sideend|p1: Govek314|move: Tailwind
|upkeep
|
|t:|1756857788
|switch|p2b: Garchomp|Garchomp, L50, F|91/100
|turn|5
|
|t:|1756857802
|move|p2b: Garchomp|Earthquake|p1b: Ursaluna|[spread] p1a,p1b
|-damage|p1a: Porygon2|59/100
|-damage|p1b: Ursaluna|40/100
|-damage|p2b: Garchomp|81/100|[from] item: Life Orb
|move|p1b: Ursaluna|Blood Moon|p2b: Garchomp
|-damage|p2b: Garchomp|0 fnt
|faint|p2b: Garchomp
|-damage|p1b: Ursaluna|31/100|[from] item: Life Orb
|
|win|Govek314
|raw|Govek314's rating: 1101 → 1130(+29 for winning)
|raw|ScillyWi11y's rating: 1156 → 1127(-29 for losing)
|l|☆ScillyWi11y
|player|p2|
|l|☆Govek314
|player|p1|
|j|☆Govek314
|player|p1|Govek314|2|
|l|☆Govek314
|player|p1|
|j|☆Govek314
|player|p1|Govek314|2|
