|j|☆Romain093
|j|☆Surwiival
|html|Romain093Surwiival    
|uhtml|bestof|Game 1 of a best-of-3
|t:|1756405218
|gametype|doubles
|player|p1|Romain093|102|1117
|player|p2|Surwiival|169|1085
|gen|9
|tier|[Gen 9] VGC 2025 Reg H (Bo3)
|rated|
|rule|Species Clause: Limit one of each Pokémon
|rule|Item Clause: Limit 1 of each item
|clearpoke
|poke|p1|Incineroar, L50, M|
|poke|p1|Kingambit, L50, F|
|poke|p1|Archaludon, L50, M|
|poke|p1|Pelipper, L50, M|
|poke|p1|Rillaboom, L50, M|
|poke|p1|Sneasler, L50, F|
|poke|p2|Incineroar, L50, F|
|poke|p2|Sneasler, L50, M|
|poke|p2|Kingambit, L50, F|
|poke|p2|Electabuzz, L50, F|
|poke|p2|Baxcalibur, L50, F|
|poke|p2|Primarina, L50, M|
|teampreview|4
|showteam|p1|Incineroar||SafetyGoggles|Intimidate|FakeOut,FlareBlitz,KnockOff,Taunt|||M|||50|,,,,,Bug]Kingambit||BlackGlasses|Defiant|SwordsDance,Protect,KowtowCleave,SuckerPunch|||F|||50|,,,,,Dark]Archaludon||PowerHerb|Stamina|ElectroShot,DragonPulse,AuraSphere,Protect|||M|||50|,,,,,Grass]Pelipper||CovertCloak|Drizzle|Tailwind,Hurricane,WeatherBall,Protect|||M|||50|,,,,,Ghost]Rillaboom||AssaultVest|GrassySurge|FakeOut,BulletSeed,GrassyGlide,HighHorsepower|||M|||50|,,,,,Fire]Sneasler||GrassySeed|PoisonTouch|FakeOut,CloseCombat,DireClaw,Protect|||F|||50|,,,,,Stellar
|showteam|p2|Incineroar||SitrusBerry|Intimidate|FakeOut,PartingShot,FlareBlitz,KnockOff|||F|||50|,,,,,Grass]Sneasler||FocusSash|Unburden|FakeOut,CloseCombat,DireClaw,Coaching|||M|||50|,,,,,Stellar]Kingambit||SafetyGoggles|Defiant|KowtowCleave,SuckerPunch,SwordsDance,Protect|||F|||50|,,,,,Ghost]Electabuzz||Eviolite|VitalSpirit|VoltSwitch,Taunt,FollowMe,Protect|||F|||50|,,,,,Ghost]Baxcalibur||LoadedDice|ThermalExchange|ScaleShot,IcicleSpear,IceShard,Protect|||F|||50|,,,,,Poison]Primarina||ThroatSpray|LiquidVoice|HyperVoice,Moonblast,Haze,Protect|||M|||50|,,,,,Water
|inactive|Battle timer is ON: inactive players will automatically lose when time's up. (requested by Romain093)
|inactive|Romain093 has 60 seconds left.
|inactive|Surwiival has 60 seconds left.
|
|t:|1756405271
|teamsize|p1|4
|teamsize|p2|4
|start
|switch|p1a: Rillaboom|Rillaboom, L50, M|100/100
|switch|p1b: Sneasler|Sneasler, L50, F|100/100
|switch|p2a: Primarina|Primarina, L50, M|100/100
|switch|p2b: Incineroar|Incineroar, L50, F, shiny|100/100
|-fieldstart|move: Grassy Terrain|[from] ability: Grassy Surge|[of] p1a: Rillaboom
|-enditem|p1b: Sneasler|Grassy Seed
|-boost|p1b: Sneasler|def|1|[from] item: Grassy Seed
|-ability|p2b: Incineroar|Intimidate|boost
|-unboost|p1a: Rillaboom|atk|1
|-unboost|p1b: Sneasler|atk|1
|turn|1
|inactive|Romain093 has 30 seconds left.
|inactive|Surwiival has 30 seconds left.
|inactive|Romain093 has 20 seconds left.
|inactive|Surwiival has 20 seconds left.
|inactive|Romain093 has 15 seconds left.
|inactive|Surwiival has 15 seconds left.
|
|t:|1756405315
|switch|p2b: Electabuzz|Electabuzz, L50, F|100/100
|move|p2a: Primarina|Protect|p2a: Primarina
|-singleturn|p2a: Primarina|Protect
|move|p1a: Rillaboom|Fake Out|p2a: Primarina
|-activate|p2a: Primarina|move: Protect
|move|p1b: Sneasler|Dire Claw|p2a: Primarina
|-activate|p2a: Primarina|move: Protect
|
|upkeep
|turn|2
|inactive|Romain093 has 30 seconds left.
|inactive|Surwiival has 30 seconds left.
|
|t:|1756405345
|switch|p1b: Incineroar|Incineroar, L50, M|100/100
|-ability|p1b: Incineroar|Intimidate|boost
|-unboost|p2a: Primarina|atk|1
|-unboost|p2b: Electabuzz|atk|1
|-terastallize|p2b: Electabuzz|Ghost
|move|p2b: Electabuzz|Follow Me|p2b: Electabuzz
|-singleturn|p2b: Electabuzz|move: Follow Me
|move|p1a: Rillaboom|High Horsepower|p2b: Electabuzz
|-damage|p2b: Electabuzz|79/100
|move|p2a: Primarina|Hyper Voice|p1a: Rillaboom|[spread] p1a,p1b
|-resisted|p1a: Rillaboom
|-supereffective|p1b: Incineroar
|-damage|p1a: Rillaboom|83/100
|-damage|p1b: Incineroar|46/100
|-enditem|p2a: Primarina|Throat Spray
|-boost|p2a: Primarina|spa|1|[from] item: Throat Spray
|
|-heal|p1a: Rillaboom|89/100|[from] Grassy Terrain
|-heal|p2b: Electabuzz|85/100|[from] Grassy Terrain
|-heal|p1b: Incineroar|52/100|[from] Grassy Terrain
|upkeep
|turn|3
|inactive|Surwiival has 30 seconds left.
|inactive|Romain093 has 30 seconds left.
|inactive|Surwiival has 20 seconds left.
|inactive|Romain093 has 20 seconds left.
|inactive|Surwiival has 15 seconds left.
|inactive|Romain093 has 15 seconds left.
|inactive|Surwiival has 10 seconds left.
|inactive|Romain093 has 10 seconds left.
|inactive|Romain093 has 5 seconds left.
|
|t:|1756405405
|move|p2a: Primarina|Protect|p2a: Primarina
|-singleturn|p2a: Primarina|Protect
|move|p1a: Rillaboom|Fake Out||[still]
|-hint|Fake Out only works on your first turn out.
|-fail|p1a: Rillaboom
|move|p1b: Incineroar|Fake Out|p2b: Electabuzz
|-immune|p2b: Electabuzz
|move|p2b: Electabuzz|Taunt|p1b: Incineroar
|-start|p1b: Incineroar|move: Taunt
|
|-heal|p1a: Rillaboom|95/100|[from] Grassy Terrain
|-heal|p2b: Electabuzz|91/100|[from] Grassy Terrain
|-heal|p1b: Incineroar|58/100|[from] Grassy Terrain
|upkeep
|turn|4
|
|t:|1756405423
|switch|p1a: Archaludon|Archaludon, L50, M|100/100
|-terastallize|p1b: Incineroar|Bug
|move|p2b: Electabuzz|Follow Me|p2b: Electabuzz
|-singleturn|p2b: Electabuzz|move: Follow Me
|move|p2a: Primarina|Hyper Voice|p1b: Incineroar|[spread] p1a,p1b
|-resisted|p1a: Archaludon
|-crit|p1a: Archaludon
|-damage|p1a: Archaludon|47/100
|-damage|p1b: Incineroar|11/100
|-ability|p1a: Archaludon|Stamina|boost
|-boost|p1a: Archaludon|def|1
|move|p1b: Incineroar|Knock Off|p2b: Electabuzz
|-supereffective|p2b: Electabuzz
|-damage|p2b: Electabuzz|16/100
|-enditem|p2b: Electabuzz|Eviolite|[from] move: Knock Off|[of] p1b: Incineroar
|
|-heal|p1a: Archaludon|53/100|[from] Grassy Terrain
|-heal|p2b: Electabuzz|22/100|[from] Grassy Terrain
|-heal|p1b: Incineroar|17/100|[from] Grassy Terrain
|upkeep
|turn|5
|inactive|Surwiival has 30 seconds left.
|
|t:|1756405450
|switch|p1b: Rillaboom|Rillaboom, L50, M|95/100
|move|p1a: Archaludon|Protect|p1a: Archaludon
|-singleturn|p1a: Archaludon|Protect
|move|p2b: Electabuzz|Follow Me|p2b: Electabuzz
|-singleturn|p2b: Electabuzz|move: Follow Me
|move|p2a: Primarina|Hyper Voice|p1b: Rillaboom|[spread] p1b
|-activate|p1a: Archaludon|move: Protect
|-resisted|p1b: Rillaboom
|-damage|p1b: Rillaboom|72/100
|
|-heal|p1b: Rillaboom|78/100|[from] Grassy Terrain
|-heal|p1a: Archaludon|59/100|[from] Grassy Terrain
|-heal|p2b: Electabuzz|28/100|[from] Grassy Terrain
|-fieldend|move: Grassy Terrain
|upkeep
|turn|6
|inactive|Surwiival has 30 seconds left.
|
|t:|1756405484
|move|p2a: Primarina|Protect|p2a: Primarina
|-singleturn|p2a: Primarina|Protect
|move|p1b: Rillaboom|Fake Out|p2a: Primarina
|-activate|p2a: Primarina|move: Protect
|move|p1a: Archaludon|Dragon Pulse|p2b: Electabuzz
|-damage|p2b: Electabuzz|0 fnt
|faint|p2b: Electabuzz
|
|upkeep
|
|t:|1756405496
|switch|p2b: Sneasler|Sneasler, L50, M|100/100
|turn|7
|
|t:|1756405507
|switch|p1b: Incineroar|Incineroar, L50, M, tera:Bug|17/100
|-ability|p1b: Incineroar|Intimidate|boost
|-unboost|p2a: Primarina|atk|1
|-unboost|p2b: Sneasler|atk|1
|switch|p2a: Incineroar|Incineroar, L50, F, shiny|100/100
|-ability|p2a: Incineroar|Intimidate|boost
|-unboost|p1a: Archaludon|atk|1
|-unboost|p1b: Incineroar|atk|1
|move|p1a: Archaludon|Protect|p1a: Archaludon
|-singleturn|p1a: Archaludon|Protect
|move|p2b: Sneasler|Dire Claw|p1b: Incineroar
|-damage|p1b: Incineroar|0 fnt
|faint|p1b: Incineroar
|
|upkeep
|inactive|Romain093 has 30 seconds left.
|
|t:|1756405536
|switch|p1b: Sneasler|Sneasler, L50, F|100/100
|turn|8
|inactive|Romain093 has 30 seconds left.
|inactive|Surwiival has 30 seconds left.
|inactive|Romain093 has 20 seconds left.
|
|t:|1756405575
|move|p1a: Archaludon|Protect||[still]
|-fail|p1a: Archaludon
|move|p2a: Incineroar|Fake Out|p1b: Sneasler
|-damage|p1b: Sneasler|81/100
|cant|p1b: Sneasler|flinch
|move|p2b: Sneasler|Close Combat|p1a: Archaludon
|-supereffective|p1a: Archaludon
|-damage|p1a: Archaludon|12/100
|-unboost|p2b: Sneasler|def|1
|-unboost|p2b: Sneasler|spd|1
|-ability|p1a: Archaludon|Stamina|boost
|-boost|p1a: Archaludon|def|1
|
|upkeep
|turn|9
|-message|Romain093 forfeited.
|
|win|Surwiival
|l|☆Romain093
|player|p1|
||Romain093 is ready for game 2.
|inactive|Surwiival has 30 seconds to confirm battle start!
