|j|☆sedrav
|j|☆Daniw9
|html|sedravDaniw9    
|uhtml|bestof|Game 1 of a best-of-3
|t:|1756337437
|gametype|doubles
|player|p1|sedrav|hilbert|1144
|player|p2|Daniw9|2|1140
|gen|9
|tier|[Gen 9] VGC 2025 Reg H (Bo3)
|rated|
|rule|Species Clause: Limit one of each Pokémon
|rule|Item Clause: Limit 1 of each item
|clearpoke
|poke|p1|Dragonite, L50, M|
|poke|p1|Rillaboom, L50, M|
|poke|p1|Arcanine-Hisui, L50, F|
|poke|p1|Sneasler, L50, F|
|poke|p1|Ninetales-Alola, L50, F|
|poke|p1|Gholdengo, L50|
|poke|p2|Garchomp, L50, M|
|poke|p2|Tyranitar, L50, M|
|poke|p2|Delphox, L50, M|
|poke|p2|Indeedee-F, L50, F|
|poke|p2|Gallade, L50, M|
|poke|p2|Whimsicott, L50, F|
|teampreview|4
|showteam|p1|Dragonite||LoadedDice|Multiscale|ScaleShot,Tailwind,StompingTantrum,Protect|||M|||50|,,,,,Ground]Rillaboom||AssaultVest|GrassySurge|DrumBeating,GrassyGlide,HighHorsepower,FakeOut|||M|||50|,,,,,Fire]Arcanine-Hisui||ClearAmulet|Intimidate|FlareBlitz,RockSlide,ExtremeSpeed,Protect|||F|||50|,,,,,Water]Sneasler||WhiteHerb|Unburden|CloseCombat,DireClaw,Coaching,Protect|||F|||50|,,,,,Ghost]Ninetales-Alola||FocusSash|SnowWarning|Blizzard,Encore,IcyWind,AuroraVeil|||F|||50|,,,,,Ghost]Gholdengo||GrassySeed|GoodasGold|MakeItRain,ShadowBall,NastyPlot,Protect||||||50|,,,,,Water
|showteam|p2|Garchomp||LifeOrb|RoughSkin|Earthquake,StompingTantrum,Protect,DragonClaw|||M|||50|,,,,,Steel]Tyranitar||AssaultVest|SandStream|RockSlide,TeraBlast,KnockOff,LowKick|||M|||50|,,,,,Flying]Delphox||PsychicSeed|Magician|ExpandingForce,HeatWave,TeraBlast,Protect|||M|||50|,,,,,Fairy]Indeedee-F||SafetyGoggles|PsychicSurge|DazzlingGleam,TrickRoom,FollowMe,HelpingHand|||F|||50|,,,,,Water]Gallade||ClearAmulet|Sharpness|SacredSword,PsychoCut,TrickRoom,Protect|||M|||50|,,,,,Grass]Whimsicott||CovertCloak|Prankster|Moonblast,Tailwind,Encore,Protect|||F|||50|,,,,,Ghost
|inactive|Battle timer is ON: inactive players will automatically lose when time's up. (requested by sedrav)
|inactive|sedrav has 60 seconds left.
|inactive|Daniw9 has 60 seconds left.
|
|t:|1756337481
|teamsize|p1|4
|teamsize|p2|4
|start
|switch|p1a: Gholdengo|Gholdengo, L50|100/100
|switch|p1b: Arcanine|Arcanine-Hisui, L50, F|100/100
|switch|p2a: Garchomp|Garchomp, L50, M|100/100
|switch|p2b: Whimsicott|Whimsicott, L50, F|100/100
|-ability|p1b: Arcanine|Intimidate|boost
|-unboost|p2a: Garchomp|atk|1
|-unboost|p2b: Whimsicott|atk|1
|turn|1
|inactive|sedrav has 30 seconds left.
|
|t:|1756337511
|switch|p1b: Rillaboom|Rillaboom, L50, M|100/100
|-fieldstart|move: Grassy Terrain|[from] ability: Grassy Surge|[of] p1b: Rillaboom
|-enditem|p1a: Gholdengo|Grassy Seed
|-boost|p1a: Gholdengo|def|1|[from] item: Grassy Seed
|move|p2b: Whimsicott|Tailwind|p2b: Whimsicott
|-sidestart|p2: Daniw9|move: Tailwind
|move|p2a: Garchomp|Earthquake|p1b: Rillaboom|[spread] p2b,p1a,p1b
|-resisted|p2b: Whimsicott
|-supereffective|p1a: Gholdengo
|-resisted|p1b: Rillaboom
|-damage|p2b: Whimsicott|90/100
|-damage|p1a: Gholdengo|76/100
|-damage|p1b: Rillaboom|91/100
|-damage|p2a: Garchomp|91/100|[from] item: Life Orb
|move|p1a: Gholdengo|Nasty Plot|p1a: Gholdengo
|-boost|p1a: Gholdengo|spa|2
|
|-heal|p2b: Whimsicott|96/100|[from] Grassy Terrain
|-heal|p2a: Garchomp|97/100|[from] Grassy Terrain
|-heal|p1b: Rillaboom|97/100|[from] Grassy Terrain
|-heal|p1a: Gholdengo|82/100|[from] Grassy Terrain
|upkeep
|turn|2
|inactive|sedrav has 30 seconds left.
|inactive|sedrav has 20 seconds left.
|inactive|sedrav has 15 seconds left.
|
|t:|1756337552
|switch|p2b: Delphox|Delphox, L50, M|100/100
|-terastallize|p1a: Gholdengo|Water
|move|p2a: Garchomp|Protect|p2a: Garchomp
|-singleturn|p2a: Garchomp|Protect
|move|p1b: Rillaboom|Drum Beating|p2a: Garchomp
|-activate|p2a: Garchomp|move: Protect
|move|p1a: Gholdengo|Make It Rain|p2a: Garchomp|[spread] p2b
|-activate|p2a: Garchomp|move: Protect
|-resisted|p2b: Delphox
|-damage|p2b: Delphox|49/100
|-unboost|p1a: Gholdengo|spa|1
|
|-heal|p2b: Delphox|55/100|[from] Grassy Terrain
|-heal|p2a: Garchomp|100/100|[from] Grassy Terrain
|-heal|p1b: Rillaboom|100/100|[from] Grassy Terrain
|-heal|p1a: Gholdengo|89/100|[from] Grassy Terrain
|upkeep
|turn|3
|inactive|sedrav has 30 seconds left.
|inactive|Daniw9 has 30 seconds left.
|inactive|sedrav has 20 seconds left.
|inactive|sedrav has 15 seconds left.
|
|t:|1756337596
|switch|p1b: Ninetales|Ninetales-Alola, L50, F|100/100
|-weather|Snowscape|[from] ability: Snow Warning|[of] p1b: Ninetales
|move|p1a: Gholdengo|Protect|p1a: Gholdengo
|-singleturn|p1a: Gholdengo|Protect
|move|p2b: Delphox|Heat Wave|p1a: Gholdengo|[spread] p1b
|-activate|p1a: Gholdengo|move: Protect
|-supereffective|p1b: Ninetales
|-damage|p1b: Ninetales|11/100
|move|p2a: Garchomp|Dragon Claw|p1b: Ninetales
|-immune|p1b: Ninetales
|
|-weather|Snowscape|[upkeep]
|-heal|p2b: Delphox|61/100|[from] Grassy Terrain
|-heal|p1b: Ninetales|17/100|[from] Grassy Terrain
|-heal|p1a: Gholdengo|95/100|[from] Grassy Terrain
|upkeep
|turn|4
|inactive|sedrav has 30 seconds left.
|inactive|Daniw9 has 30 seconds left.
|inactive|sedrav has 20 seconds left.
|
|t:|1756337632
|switch|p1b: Arcanine|Arcanine-Hisui, L50, F|100/100
|-ability|p1b: Arcanine|Intimidate|boost
|-unboost|p2a: Garchomp|atk|1
|-unboost|p2b: Delphox|atk|1
|move|p2b: Delphox|Heat Wave|p1a: Gholdengo|[spread] p1a,p1b
|-resisted|p1a: Gholdengo
|-resisted|p1b: Arcanine
|-damage|p1a: Gholdengo|77/100
|-damage|p1b: Arcanine|90/100
|move|p2a: Garchomp|Stomping Tantrum|p1a: Gholdengo
|-damage|p1a: Gholdengo|43/100
|-damage|p2a: Garchomp|91/100|[from] item: Life Orb
|move|p1a: Gholdengo|Shadow Ball|p2b: Delphox
|-supereffective|p2b: Delphox
|-damage|p2b: Delphox|0 fnt
|faint|p2b: Delphox
|
|-weather|Snowscape|[upkeep]
|-heal|p2a: Garchomp|97/100|[from] Grassy Terrain
|-heal|p1b: Arcanine|96/100|[from] Grassy Terrain
|-heal|p1a: Gholdengo|49/100|[from] Grassy Terrain
|-sideend|p2: Daniw9|move: Tailwind
|upkeep
|
|t:|1756337652
|switch|p2b: Whimsicott|Whimsicott, L50, F|96/100
|turn|5
|
|t:|1756337674
|switch|p1b: Ninetales|Ninetales-Alola, L50, F|17/100
|-terastallize|p2a: Garchomp|Steel
|move|p2b: Whimsicott|Tailwind|p2b: Whimsicott
|-sidestart|p2: Daniw9|move: Tailwind
|move|p2a: Garchomp|Stomping Tantrum|p1b: Ninetales
|-damage|p1b: Ninetales|0 fnt
|faint|p1b: Ninetales
|-damage|p2a: Garchomp|87/100|[from] item: Life Orb
|move|p1a: Gholdengo|Nasty Plot|p1a: Gholdengo
|-boost|p1a: Gholdengo|spa|2
|
|-weather|Snowscape|[upkeep]
|-heal|p2b: Whimsicott|100/100|[from] Grassy Terrain
|-heal|p2a: Garchomp|93/100|[from] Grassy Terrain
|-heal|p1a: Gholdengo|55/100|[from] Grassy Terrain
|-fieldend|move: Grassy Terrain
|upkeep
|
|t:|1756337697
|switch|p1b: Arcanine|Arcanine-Hisui, L50, F|96/100
|-ability|p1b: Arcanine|Intimidate|boost
|-unboost|p2a: Garchomp|atk|1
|-unboost|p2b: Whimsicott|atk|1
|turn|6
|
|t:|1756337713
|switch|p1b: Rillaboom|Rillaboom, L50, M|100/100
|-fieldstart|move: Grassy Terrain|[from] ability: Grassy Surge|[of] p1b: Rillaboom
|move|p2b: Whimsicott|Moonblast|p1a: Gholdengo
|-damage|p1a: Gholdengo|29/100
|move|p2a: Garchomp|Stomping Tantrum|p1a: Gholdengo
|-damage|p1a: Gholdengo|12/100
|-damage|p2a: Garchomp|83/100|[from] item: Life Orb
|move|p1a: Gholdengo|Make It Rain|p2a: Garchomp|[spread] p2a,p2b
|-resisted|p2a: Garchomp
|-supereffective|p2b: Whimsicott
|-damage|p2a: Garchomp|28/100
|-damage|p2b: Whimsicott|0 fnt
|-unboost|p1a: Gholdengo|spa|1
|faint|p2b: Whimsicott
|
|-weather|Snowscape|[upkeep]
|-heal|p2a: Garchomp|34/100|[from] Grassy Terrain
|-heal|p1a: Gholdengo|19/100|[from] Grassy Terrain
|upkeep
|
|t:|1756337717
|switch|p2b: Tyranitar|Tyranitar, L50, M|100/100
|-weather|Sandstorm|[from] ability: Sand Stream|[of] p2b: Tyranitar
|turn|7
|inactive|sedrav has 30 seconds left.
|inactive|sedrav has 20 seconds left.
|inactive|sedrav has 15 seconds left.
|
|t:|1756337759
|move|p1a: Gholdengo|Protect|p1a: Gholdengo
|-singleturn|p1a: Gholdengo|Protect
|move|p2a: Garchomp|Stomping Tantrum|p1a: Gholdengo
|-activate|p1a: Gholdengo|move: Protect
|move|p2b: Tyranitar|Rock Slide|p1a: Gholdengo|[spread] 
|-activate|p1a: Gholdengo|move: Protect
|-miss|p2b: Tyranitar|p1b: Rillaboom
|move|p1b: Rillaboom|High Horsepower|p2a: Garchomp
|-supereffective|p2a: Garchomp
|-damage|p2a: Garchomp|0 fnt
|-damage|p1b: Rillaboom|88/100|[from] ability: Rough Skin|[of] p2a: Garchomp
|faint|p2a: Garchomp
|
|-weather|Sandstorm|[upkeep]
|-damage|p1b: Rillaboom|83/100|[from] Sandstorm
|-damage|p1a: Gholdengo|12/100|[from] Sandstorm
|-heal|p1b: Rillaboom|88/100|[from] Grassy Terrain
|-heal|p1a: Gholdengo|19/100|[from] Grassy Terrain
|upkeep
|turn|8
|-message|Daniw9 forfeited.
|
|win|sedrav
|l|☆Daniw9
|player|p2|
||Daniw9 is ready for game 2.
||sedrav is ready for game 2.
|uhtml|next|Next: Game 2 of 3
|j|☆Daniw9
|player|p2|Daniw9|2|
|l|☆sedrav
|player|p1|
