|j|☆bioraza
|j|☆ArchBS
|html|biorazaArchBS    
|uhtml|bestof|Game 3 of a best-of-3
|t:|1782390878
|gametype|doubles
|player|p1|bioraza|n-masters|1140
|player|p2|ArchBS|dahlia|1132
|gen|9
|tier|[Gen 9 Champions] VGC 2026 Reg M-B (Bo3)
|rated|
|rule|Species Clause: Limit one of each Pokémon
|rule|Item Clause: Limit 1 of each item
|clearpoke
|poke|p1|Hydreigon, L50, M|
|poke|p1|Garchomp, L50, M|
|poke|p1|Metagross, L50|
|poke|p1|Charizard, L50, F|
|poke|p1|Grimmsnarl, L50, M|
|poke|p1|Toxapex, L50, M|
|poke|p2|Floette-Eternal, L50, F|
|poke|p2|Charizard, L50, M|
|poke|p2|Whimsicott, L50, M|
|poke|p2|Garchomp, L50, M|
|poke|p2|Basculegion, L50, M|
|poke|p2|Kingambit, L50, M|
|teampreview|4
|showteam|p1|Hydreigon||ChoiceScarf|Levitate|DarkPulse,DracoMeteor,EarthPower,Snarl|Modest||M|||50|]Garchomp||SitrusBerry|RoughSkin|DragonClaw,Earthquake,SwordsDance,Protect|Adamant||M|||50|]Metagross||Metagrossite|ClearBody|IronHead,HammerArm,BulletPunch,Protect|Adamant|||||50|]Charizard||CharizarditeY|Blaze|HeatWave,WeatherBall,SolarBeam,Protect|Timid||F|||50|]Grimmsnarl||RoseliBerry|Prankster|FakeOut,FoulPlay,Reflect,PartingShot|Sassy||M|||50|]Toxapex||Leftovers|Merciless|WideGuard,Infestation,Toxic,BanefulBunker|Bold||M|||50|
|showteam|p2|Floette-Eternal||Floettite|FlowerVeil|Moonblast,DazzlingGleam,LightofRuin,Protect|Modest||F|||50|]Charizard||CharizarditeY|Blaze|HeatWave,SolarBeam,WeatherBall,Protect|Modest||M|||50|]Whimsicott||FocusSash|Prankster|Moonblast,Tailwind,Encore,Protect|Timid||M|||50|]Garchomp||RoseliBerry|RoughSkin|DragonClaw,StompingTantrum,RockSlide,Protect|Jolly||M|||50|]Basculegion||LifeOrb|Adaptability|WaveCrash,LastRespects,AquaJet,Protect|Adamant||M|||50|]Kingambit||ChopleBerry|Defiant|KowtowCleave,IronHead,SuckerPunch,LowKick|Adamant||M|||50|
|inactive|Battle timer is ON: inactive players will automatically lose when time's up. (requested by bioraza)
|inactive|bioraza has 60 seconds left.
|
|t:|1782390922
|teamsize|p1|4
|teamsize|p2|4
|start
|switch|p1a: Grimmsnarl|Grimmsnarl, L50, M|100/100
|switch|p1b: Toxapex|Toxapex, L50, M|100/100
|switch|p2a: Whimsicott|Whimsicott, L50, M|100/100
|switch|p2b: Basculegion|Basculegion, L50, M|100/100
|turn|1
|
|t:|1782390946
|switch|p2b: Garchomp|Garchomp, L50, M|100/100
|move|p1a: Grimmsnarl|Reflect|p1a: Grimmsnarl
|-sidestart|p1: bioraza|Reflect
|move|p2a: Whimsicott|Moonblast|p1a: Grimmsnarl
|-supereffective|p1a: Grimmsnarl|1
|-enditem|p1a: Grimmsnarl|Roseli Berry|[eat]
|-enditem|p1a: Grimmsnarl|Roseli Berry|[weaken]
|-damage|p1a: Grimmsnarl|67/100
|move|p1b: Toxapex|Toxic|p2a: Whimsicott
|-status|p2a: Whimsicott|tox
|
|-damage|p2a: Whimsicott|94/100 tox|[from] psn
|upkeep
|turn|2
|inactive|bioraza has 30 seconds left.
|
|t:|1782390971
|move|p2b: Garchomp|Protect|p2b: Garchomp
|-singleturn|p2b: Garchomp|Protect
|move|p1b: Toxapex|Baneful Bunker|p1b: Toxapex
|-singleturn|p1b: Toxapex|move: Protect
|move|p1a: Grimmsnarl|Parting Shot|p2b: Garchomp
|-activate|p2b: Garchomp|move: Protect
|move|p2a: Whimsicott|Moonblast|p1a: Grimmsnarl
|-supereffective|p1a: Grimmsnarl|1
|-damage|p1a: Grimmsnarl|4/100
|
|-damage|p2a: Whimsicott|82/100 tox|[from] psn
|upkeep
|turn|3
|inactive|ArchBS has 30 seconds left.
|
|t:|1782390996
|move|p2a: Whimsicott|Tailwind|p2a: Whimsicott
|-sidestart|p2: ArchBS|move: Tailwind
|move|p1a: Grimmsnarl|Parting Shot|p2b: Garchomp
|-unboost|p2b: Garchomp|atk|1
|-unboost|p2b: Garchomp|spa|1
|
|t:|1782391002
|switch|p1a: Charizard|Charizard, L50, F|100/100|[from] Parting Shot
|move|p2b: Garchomp|Stomping Tantrum|p1b: Toxapex
|-supereffective|p1b: Toxapex|1
|-damage|p1b: Toxapex|74/100
|move|p1b: Toxapex|Toxic|p2b: Garchomp
|-status|p2b: Garchomp|tox
|
|-heal|p1b: Toxapex|80/100|[from] item: Leftovers
|-damage|p2a: Whimsicott|64/100 tox|[from] psn
|-damage|p2b: Garchomp|93/100 tox|[from] psn
|upkeep
|turn|4
|inactive|bioraza has 30 seconds left.
|inactive|ArchBS has 30 seconds left.
|
|t:|1782391033
|switch|p2a: Basculegion|Basculegion, L50, M|100/100
|switch|p2b: Charizard|Charizard, L50, M|100/100
|detailschange|p1a: Charizard|Charizard-Mega-Y, L50, F
|-mega|p1a: Charizard|Charizard|Charizardite Y
|-weather|SunnyDay|[from] ability: Drought|[of] p1a: Charizard
|move|p1a: Charizard|Solar Beam||[still]
|-prepare|p1a: Charizard|Solar Beam
|-anim|p1a: Charizard|Solar Beam|p2b: Charizard
|-resisted|p2b: Charizard|2
|-damage|p2b: Charizard|87/100
|move|p1b: Toxapex|Infestation|p2a: Basculegion
|-resisted|p2a: Basculegion|1
|-damage|p2a: Basculegion|98/100
|-activate|p2a: Basculegion|move: Infestation|[of] p1b: Toxapex
|
|-weather|SunnyDay|[upkeep]
|-heal|p1b: Toxapex|85/100|[from] item: Leftovers
|-damage|p2a: Basculegion|86/100|[from] move: Infestation|[partiallytrapped]
|upkeep
|turn|5
|inactive|bioraza has 30 seconds left.
|inactive|ArchBS has 30 seconds left.
|
|t:|1782391061
|detailschange|p2b: Charizard|Charizard-Mega-Y, L50, M
|-mega|p2b: Charizard|Charizard|Charizardite Y
|move|p2b: Charizard|Solar Beam||[still]
|-prepare|p2b: Charizard|Solar Beam
|-anim|p2b: Charizard|Solar Beam|p1b: Toxapex
|-damage|p1b: Toxapex|47/100
|move|p2a: Basculegion|Wave Crash|p1a: Charizard
|-supereffective|p1a: Charizard|1
|-damage|p1a: Charizard|27/100
|-damage|p2a: Basculegion|65/100|[from] Recoil
|-damage|p2a: Basculegion|56/100|[from] item: Life Orb
|move|p1a: Charizard|Heat Wave|p2a: Basculegion|[spread] p2a,p2b
|-resisted|p2a: Basculegion|1
|-resisted|p2b: Charizard|1
|-damage|p2a: Basculegion|25/100
|-damage|p2b: Charizard|62/100
|move|p1b: Toxapex|Toxic|p2a: Basculegion
|-status|p2a: Basculegion|tox
|
|-weather|SunnyDay|[upkeep]
|-heal|p1b: Toxapex|52/100|[from] item: Leftovers
|-damage|p2a: Basculegion|19/100 tox|[from] psn
|-damage|p2a: Basculegion|7/100 tox|[from] move: Infestation|[partiallytrapped]
|-sideend|p1: bioraza|Reflect
|upkeep
|turn|6
|inactive|bioraza has 30 seconds left.
|inactive|ArchBS has 30 seconds left.
|
|t:|1782391093
|switch|p2a: Garchomp|Garchomp, L50, M|93/100 tox
|move|p1a: Charizard|Protect|p1a: Charizard
|-singleturn|p1a: Charizard|Protect
|move|p1b: Toxapex|Baneful Bunker|p1b: Toxapex
|-singleturn|p1b: Toxapex|move: Protect
|move|p2b: Charizard|Heat Wave|p1a: Charizard|[spread] 
|-activate|p1a: Charizard|move: Protect
|-activate|p1b: Toxapex|move: Protect
|
|-weather|SunnyDay|[upkeep]
|-heal|p1b: Toxapex|58/100|[from] item: Leftovers
|-damage|p2a: Garchomp|87/100 tox|[from] psn
|-sideend|p2: ArchBS|move: Tailwind
|upkeep
|turn|7
|
|t:|1782391116
|switch|p1a: Hydreigon|Hydreigon, L50, M|100/100
|move|p2a: Garchomp|Stomping Tantrum|p1b: Toxapex
|-supereffective|p1b: Toxapex|1
|-damage|p1b: Toxapex|7/100
|move|p2b: Charizard|Weather Ball|p1a: Hydreigon
|-resisted|p1a: Hydreigon|1
|-damage|p1a: Hydreigon|47/100
|move|p1b: Toxapex|Toxic|p2b: Charizard
|-status|p2b: Charizard|tox
|
|-weather|SunnyDay|[upkeep]
|-heal|p1b: Toxapex|13/100|[from] item: Leftovers
|-damage|p2a: Garchomp|75/100 tox|[from] psn
|-damage|p2b: Charizard|56/100 tox|[from] psn
|upkeep
|turn|8
|inactive|bioraza has 30 seconds left.
|inactive|bioraza has 20 seconds left.
|inactive|bioraza has 15 seconds left.
|inactive|bioraza has 10 seconds left.
|inactive|bioraza has 5 seconds left.
|
|t:|1782391166
|move|p1b: Toxapex|Baneful Bunker|p1b: Toxapex
|-singleturn|p1b: Toxapex|move: Protect
|move|p1a: Hydreigon|Draco Meteor|p2a: Garchomp
|-supereffective|p2a: Garchomp|1
|-damage|p2a: Garchomp|0 fnt
|-unboost|p1a: Hydreigon|spa|2
|faint|p2a: Garchomp
|move|p2b: Charizard|Weather Ball|p1a: Hydreigon
|-resisted|p1a: Hydreigon|1
|-damage|p1a: Hydreigon|0 fnt
|faint|p1a: Hydreigon
|
|-weather|none
|-heal|p1b: Toxapex|19/100|[from] item: Leftovers
|-damage|p2b: Charizard|44/100 tox|[from] psn
|upkeep
|
|t:|1782391184
|switch|p2a: Basculegion|Basculegion, L50, M|7/100 tox
|switch|p1a: Grimmsnarl|Grimmsnarl, L50, M|4/100
|turn|9
|
|t:|1782391199
|switch|p1b: Charizard|Charizard-Mega-Y, L50, F|27/100
|-weather|SunnyDay|[from] ability: Drought|[of] p1b: Charizard
|move|p1a: Grimmsnarl|Fake Out|p2b: Charizard
|-damage|p2b: Charizard|33/100 tox
|cant|p2b: Charizard|flinch
|move|p2a: Basculegion|Last Respects|p1b: Charizard
|-damage|p1b: Charizard|0 fnt
|faint|p1b: Charizard
|-damage|p2a: Basculegion|0 fnt|[from] item: Life Orb
|faint|p2a: Basculegion
|
|-weather|SunnyDay|[upkeep]
|-damage|p2b: Charizard|15/100 tox|[from] psn
|upkeep
|
|t:|1782391210
|switch|p1b: Toxapex|Toxapex, L50, M|19/100
|switch|p2a: Whimsicott|Whimsicott, L50, M|64/100 tox
|turn|10
|inactive|bioraza has 30 seconds left.
|
|t:|1782391244
|move|p1b: Toxapex|Baneful Bunker|p1b: Toxapex
|-singleturn|p1b: Toxapex|move: Protect
|move|p1a: Grimmsnarl|Parting Shot|p2b: Charizard
|-unboost|p2b: Charizard|atk|1
|-unboost|p2b: Charizard|spa|1
|move|p2a: Whimsicott|Moonblast|p1b: Toxapex
|-activate|p1b: Toxapex|move: Protect
|move|p2b: Charizard|Heat Wave|p1b: Toxapex|[spread] p1a
|-activate|p1b: Toxapex|move: Protect
|-damage|p1a: Grimmsnarl|0 fnt
|faint|p1a: Grimmsnarl
|
|-weather|SunnyDay|[upkeep]
|-heal|p1b: Toxapex|24/100|[from] item: Leftovers
|-damage|p2a: Whimsicott|59/100 tox|[from] psn
|-damage|p2b: Charizard|0 fnt|[from] psn
|faint|p2b: Charizard
|upkeep
|turn|11
|
|t:|1782391261
|move|p2a: Whimsicott|Moonblast|p1b: Toxapex
|-resisted|p1b: Toxapex|1
|-damage|p1b: Toxapex|10/100
|move|p1b: Toxapex|Infestation|p2a: Whimsicott
|-crit|p2a: Whimsicott
|-damage|p2a: Whimsicott|51/100 tox
|-activate|p2a: Whimsicott|move: Infestation|[of] p1b: Toxapex
|
|-weather|SunnyDay|[upkeep]
|-heal|p1b: Toxapex|15/100|[from] item: Leftovers
|-damage|p2a: Whimsicott|39/100 tox|[from] psn
|-damage|p2a: Whimsicott|27/100 tox|[from] move: Infestation|[partiallytrapped]
|upkeep
|turn|12
|
|t:|1782391271
|move|p1b: Toxapex|Baneful Bunker|p1b: Toxapex
|-singleturn|p1b: Toxapex|move: Protect
|move|p2a: Whimsicott|Moonblast|p1b: Toxapex
|-activate|p1b: Toxapex|move: Protect
|
|-weather|SunnyDay|[upkeep]
|-heal|p1b: Toxapex|21/100|[from] item: Leftovers
|-damage|p2a: Whimsicott|9/100 tox|[from] psn
|-damage|p2a: Whimsicott|0 fnt|[from] move: Infestation|[partiallytrapped]
|faint|p2a: Whimsicott
|
|win|bioraza
|raw|bioraza's rating: 1140 → 1164(+24 for winning)
|raw|ArchBS's rating: 1132 → 1108(-24 for losing)
|l|☆ArchBS
|player|p2|
