|j|вҳҶar1stoteles vgc
|j|вҳҶPoppoVGC
|html|ar1stoteles vgcPoppoVGC    
|uhtml|bestof|Game 1 of a best-of-3
|t:|1757005013
|gametype|doubles
|player|p1|ar1stoteles vgc|alder|1214
|player|p2|PoppoVGC|169|1268
|gen|9
|tier|[Gen 9] VGC 2025 Reg H (Bo3)
|rated|
|rule|Species Clause: Limit one of each PokГ©mon
|rule|Item Clause: Limit 1 of each item
|clearpoke
|poke|p1|Indeedee-F, L50, F|
|poke|p1|Hatterene, L50, F|
|poke|p1|Gallade, L50, M|
|poke|p1|Ursaluna, L50, M|
|poke|p1|Lilligant-Hisui, L50, F|
|poke|p1|Torkoal, L50, M|
|poke|p2|Talonflame, L50, F|
|poke|p2|Gholdengo, L50|
|poke|p2|Annihilape, L50, M|
|poke|p2|Ninetales-Alola, L50, F|
|poke|p2|Rillaboom, L50, M|
|poke|p2|Ursaluna-Bloodmoon, L50, M|
|teampreview|4
|showteam|p1|Indeedee-F||PsychicSeed|PsychicSurge|TrickRoom,FollowMe,HelpingHand,DazzlingGleam|||F|||50|,,,,,Fire]Hatterene||LifeOrb|MagicBounce|ExpandingForce,TrickRoom,DazzlingGleam,Protect|||F|||50|,,,,,Psychic]Gallade||ClearAmulet|Sharpness|PsychoCut,TrickRoom,SacredSword,WideGuard|||M|||50|,,,,,Grass]Ursaluna||FlameOrb|Guts|HeadlongRush,Facade,SwordsDance,Protect|||M|||50|,,,,,Ghost]Lilligant-Hisui||FocusSash|Chlorophyll|SolarBlade,SleepPowder,CloseCombat,AfterYou|||F|||50|,,,,,Ghost]Torkoal||ChoiceSpecs|Drought|Eruption,HeatWave,WeatherBall,EarthPower|||M|||50|,,,,,Fire
|showteam|p2|Talonflame||CovertCloak|GaleWings|BraveBird,FlareBlitz,Taunt,Tailwind|||F|||50|,,,,,Stellar]Gholdengo||LifeOrb|GoodasGold|Protect,MakeItRain,ShadowBall,NastyPlot||||||50|,,,,,Dragon]Annihilape||SitrusBerry|Defiant|Protect,RageFist,DrainPunch,BulkUp|||M|||50|,,,,,Water]Ninetales-Alola||LoadedDice|SnowWarning|Protect,IcicleSpear,MistyTerrain,AuroraVeil|||F|||50|,,,,,Ghost]Rillaboom||AssaultVest|GrassySurge|FakeOut,WoodHammer,GrassyGlide,Uturn|||M|||50|,,,,,Fire]Ursaluna-Bloodmoon||SilkScarf|MindsEye|BloodMoon,HyperVoice,EarthPower,Protect|||M|||50|,,,,,Normal
|inactive|Battle timer is ON: inactive players will automatically lose when time's up. (requested by ar1stoteles vgc)
|inactive|PoppoVGC has 60 seconds left.
|
|t:|1757005051
|teamsize|p1|4
|teamsize|p2|4
|start
|switch|p1a: зҙ«з«Ҫи¶…еҸҜж„ӣ|Indeedee-F, L50, F, shiny|100/100
|switch|p1b: зҙ«з«ҪиҰӘиЎӣйҡҠ|Gallade, L50, M, shiny|100/100
|switch|p2a: Ninetales|Ninetales-Alola, L50, F|100/100
|switch|p2b: Gholdengo|Gholdengo, L50|100/100
|-weather|Snowscape|[from] ability: Snow Warning|[of] p2a: Ninetales
|-fieldstart|move: Psychic Terrain|[from] ability: Psychic Surge|[of] p1a: зҙ«з«Ҫи¶…еҸҜж„ӣ
|-enditem|p1a: зҙ«з«Ҫи¶…еҸҜж„ӣ|Psychic Seed
|-boost|p1a: зҙ«з«Ҫи¶…еҸҜж„ӣ|spd|1|[from] item: Psychic Seed
|turn|1
|inactive|ar1stoteles vgc has 30 seconds left.
|inactive|ar1stoteles vgc has 20 seconds left.
|
|t:|1757005088
|move|p2a: Ninetales|Misty Terrain|p2a: Ninetales
|-fieldstart|move: Misty Terrain
|move|p2b: Gholdengo|Nasty Plot|p2b: Gholdengo
|-boost|p2b: Gholdengo|spa|2
|move|p1a: зҙ«з«Ҫи¶…еҸҜж„ӣ|Trick Room|p1a: зҙ«з«Ҫи¶…еҸҜж„ӣ
|-fieldstart|move: Trick Room|[of] p1a: зҙ«з«Ҫи¶…еҸҜж„ӣ
|move|p1b: зҙ«з«ҪиҰӘиЎӣйҡҠ|Trick Room|p1b: зҙ«з«ҪиҰӘиЎӣйҡҠ
|-fieldend|move: Trick Room
|
|-weather|Snowscape|[upkeep]
|upkeep
|turn|2
|
|t:|1757005107
|move|p1b: зҙ«з«ҪиҰӘиЎӣйҡҠ|Wide Guard|p1b: зҙ«з«ҪиҰӘиЎӣйҡҠ
|-singleturn|p1b: зҙ«з«ҪиҰӘиЎӣйҡҠ|Wide Guard
|move|p2a: Ninetales|Aurora Veil|p2a: Ninetales
|-sidestart|p2: PoppoVGC|move: Aurora Veil
|move|p2b: Gholdengo|Make It Rain|p1b: зҙ«з«ҪиҰӘиЎӣйҡҠ|[spread] 
|-activate|p1a: зҙ«з«Ҫи¶…еҸҜж„ӣ|move: Wide Guard
|-activate|p1b: зҙ«з«ҪиҰӘиЎӣйҡҠ|move: Wide Guard
|move|p1a: зҙ«з«Ҫи¶…еҸҜж„ӣ|Trick Room|p1a: зҙ«з«Ҫи¶…еҸҜж„ӣ
|-fieldstart|move: Trick Room|[of] p1a: зҙ«з«Ҫи¶…еҸҜж„ӣ
|
|-weather|Snowscape|[upkeep]
|upkeep
|turn|3
|inactive|ar1stoteles vgc has 30 seconds left.
|inactive|PoppoVGC has 30 seconds left.
|inactive|PoppoVGC has 20 seconds left.
|inactive|ar1stoteles vgc has 20 seconds left.
|inactive|PoppoVGC has 15 seconds left.
|inactive|PoppoVGC has 10 seconds left.
|
|t:|1757005153
|switch|p2a: Rillaboom|Rillaboom, L50, M|100/100
|-fieldstart|move: Grassy Terrain|[from] ability: Grassy Surge|[of] p2a: Rillaboom
|move|p1a: зҙ«з«Ҫи¶…еҸҜж„ӣ|Helping Hand|p1b: зҙ«з«ҪиҰӘиЎӣйҡҠ
|-singleturn|p1b: зҙ«з«ҪиҰӘиЎӣйҡҠ|Helping Hand|[of] p1a: зҙ«з«Ҫи¶…еҸҜж„ӣ
|move|p1b: зҙ«з«ҪиҰӘиЎӣйҡҠ|Psycho Cut|p2a: Rillaboom
|-damage|p2a: Rillaboom|46/100
|move|p2b: Gholdengo|Shadow Ball|p1a: зҙ«з«Ҫи¶…еҸҜж„ӣ
|-immune|p1a: зҙ«з«Ҫи¶…еҸҜж„ӣ
|
|-weather|Snowscape|[upkeep]
|-heal|p2a: Rillaboom|53/100|[from] Grassy Terrain
|upkeep
|turn|4
|inactive|ar1stoteles vgc has 30 seconds left.
|
|t:|1757005181
|switch|p1b: дёҖжӢіжңҲжңҲзҶҠ|Ursaluna, L50, M, shiny|100/100
|move|p2a: Rillaboom|Fake Out|p1b: дёҖжӢіжңҲжңҲзҶҠ
|-damage|p1b: дёҖжӢіжңҲжңҲзҶҠ|90/100
|move|p1a: зҙ«з«Ҫи¶…еҸҜж„ӣ|Follow Me|p1a: зҙ«з«Ҫи¶…еҸҜж„ӣ
|-singleturn|p1a: зҙ«з«Ҫи¶…еҸҜж„ӣ|move: Follow Me
|move|p2b: Gholdengo|Make It Rain|p1b: дёҖжӢіжңҲжңҲзҶҠ|[spread] p1a,p1b
|-damage|p1a: зҙ«з«Ҫи¶…еҸҜж„ӣ|29/100
|-damage|p1b: дёҖжӢіжңҲжңҲзҶҠ|2/100
|-unboost|p2b: Gholdengo|spa|1
|-damage|p2b: Gholdengo|91/100|[from] item: Life Orb
|
|-weather|Snowscape|[upkeep]
|-heal|p1b: дёҖжӢіжңҲжңҲзҶҠ|8/100|[from] Grassy Terrain
|-heal|p1a: зҙ«з«Ҫи¶…еҸҜж„ӣ|36/100|[from] Grassy Terrain
|-heal|p2a: Rillaboom|59/100|[from] Grassy Terrain
|-heal|p2b: Gholdengo|97/100|[from] Grassy Terrain
|-status|p1b: дёҖжӢіжңҲжңҲзҶҠ|brn|[from] item: Flame Orb
|upkeep
|turn|5
|inactive|PoppoVGC has 30 seconds left.
|
|t:|1757005215
|move|p2b: Gholdengo|Protect|p2b: Gholdengo
|-singleturn|p2b: Gholdengo|Protect
|move|p1a: зҙ«з«Ҫи¶…еҸҜж„ӣ|Follow Me|p1a: зҙ«з«Ҫи¶…еҸҜж„ӣ
|-singleturn|p1a: зҙ«з«Ҫи¶…еҸҜж„ӣ|move: Follow Me
|move|p1b: дёҖжӢіжңҲжңҲзҶҠ|Facade|p2a: Rillaboom
|-damage|p2a: Rillaboom|0 fnt
|faint|p2a: Rillaboom
|
|-weather|none
|-heal|p1b: дёҖжӢіжңҲжңҲзҶҠ|14/100 brn|[from] Grassy Terrain
|-heal|p1a: зҙ«з«Ҫи¶…еҸҜж„ӣ|42/100|[from] Grassy Terrain
|-heal|p2b: Gholdengo|100/100|[from] Grassy Terrain
|-damage|p1b: дёҖжӢіжңҲжңҲзҶҠ|8/100 brn|[from] brn
|upkeep
|
|t:|1757005228
|switch|p2a: Ursaluna|Ursaluna-Bloodmoon, L50, M|100/100
|turn|6
|
|t:|1757005252
|-terastallize|p2b: Gholdengo|Dragon
|move|p1a: зҙ«з«Ҫи¶…еҸҜж„ӣ|Follow Me|p1a: зҙ«з«Ҫи¶…еҸҜж„ӣ
|-singleturn|p1a: зҙ«з«Ҫи¶…еҸҜж„ӣ|move: Follow Me
|move|p1b: дёҖжӢіжңҲжңҲзҶҠ|Headlong Rush|p2b: Gholdengo
|-damage|p2b: Gholdengo|31/100
|-unboost|p1b: дёҖжӢіжңҲжңҲзҶҠ|def|1
|-unboost|p1b: дёҖжӢіжңҲжңҲзҶҠ|spd|1
|move|p2a: Ursaluna|Hyper Voice|p1b: дёҖжӢіжңҲжңҲзҶҠ|[spread] p1a,p1b
|-damage|p1a: зҙ«з«Ҫи¶…еҸҜж„ӣ|10/100
|-damage|p1b: дёҖжӢіжңҲжңҲзҶҠ|0 fnt
|faint|p1b: дёҖжӢіжңҲжңҲзҶҠ
|move|p2b: Gholdengo|Nasty Plot|p2b: Gholdengo
|-boost|p2b: Gholdengo|spa|2
|
|-heal|p1a: зҙ«з«Ҫи¶…еҸҜж„ӣ|16/100|[from] Grassy Terrain
|-heal|p2b: Gholdengo|37/100|[from] Grassy Terrain
|-sideend|p2: PoppoVGC|move: Aurora Veil
|-fieldend|move: Trick Room
|upkeep
|
|t:|1757005258
|switch|p1b: зҙ«з«ҪиҰӘиЎӣйҡҠ|Gallade, L50, M, shiny|100/100
|turn|7
|inactive|PoppoVGC has 30 seconds left.
|
|t:|1757005291
|move|p1a: зҙ«з«Ҫи¶…еҸҜж„ӣ|Follow Me|p1a: зҙ«з«Ҫи¶…еҸҜж„ӣ
|-singleturn|p1a: зҙ«з«Ҫи¶…еҸҜж„ӣ|move: Follow Me
|move|p2b: Gholdengo|Make It Rain|p1b: зҙ«з«ҪиҰӘиЎӣйҡҠ|[spread] p1a,p1b
|-damage|p1a: зҙ«з«Ҫи¶…еҸҜж„ӣ|0 fnt
|-damage|p1b: зҙ«з«ҪиҰӘиЎӣйҡҠ|0 fnt
|-unboost|p2b: Gholdengo|spa|1
|faint|p1a: зҙ«з«Ҫи¶…еҸҜж„ӣ
|faint|p1b: зҙ«з«ҪиҰӘиЎӣйҡҠ
|-damage|p2b: Gholdengo|27/100|[from] item: Life Orb
|move|p2a: Ursaluna|Earth Power|p1: зҙ«з«Ҫи¶…еҸҜж„ӣ|[notarget]
|-fail|p2a: Ursaluna
|
|-heal|p2b: Gholdengo|33/100|[from] Grassy Terrain
|-fieldend|move: Grassy Terrain
|upkeep
|-message|ar1stoteles vgc forfeited.
|
|win|PoppoVGC
|l|вҳҶar1stoteles vgc
|player|p1|
||PoppoVGC is ready for game 2.
||ar1stoteles vgc is ready for game 2.
|uhtml|next|Next: Game 2 of 3
