|j|ŌśåXeroxyx
|j|ŌśåFruitloopsFL
|html|XeroxyxFruitloopsFL    
|uhtml|bestof|Game 2 of a best-of-3
|t:|1783366958
|gametype|doubles
|player|p1|Xeroxyx|hilbert|
|player|p2|FruitloopsFL|alder|
|gen|9
|tier|[Gen 9 Champions] VGC 2026 Reg M-B (Bo3)
|rule|Species Clause: Limit one of each Pok├®mon
|rule|Item Clause: Limit 1 of each item
|clearpoke
|poke|p1|Gholdengo, L50|
|poke|p1|Incineroar, L50, F|
|poke|p1|Basculegion, L50, M|
|poke|p1|Garchomp, L50, F|
|poke|p1|Charizard, L50, M|
|poke|p1|Whimsicott, L50, M|
|poke|p2|Toucannon, L50, F|
|poke|p2|Grimmsnarl, L50, M|
|poke|p2|Raichu, L50, M|
|poke|p2|Garchomp, L50, F|
|poke|p2|Annihilape, L50, M|
|poke|p2|Volcarona, L50, M|
|teampreview|4
|showteam|p1|Gholdengo||SpellTag|GoodasGold|MakeItRain,ShadowBall,NastyPlot,Protect|Modest|||||50|]Incineroar||SitrusBerry|Intimidate|PartingShot,FlareBlitz,ThroatChop,FakeOut|Impish||F|||50|]Basculegion||ChoiceScarf|Adaptability|WaveCrash,LastRespects,AquaJet,FlipTurn|Jolly||M|||50|]Garchomp||LifeOrb|RoughSkin|Earthquake,DragonClaw,RockSlide,Protect|Jolly||F|||50|]Charizard||CharizarditeY|Blaze|HeatWave,SolarBeam,WeatherBall,Protect|Modest||M|||50|]Whimsicott||FocusSash|Prankster|Tailwind,Encore,Moonblast,Protect|Timid||M|||50|
|showteam|p2|Toucannon||SilkScarf|SkillLink|Tailwind,BulletSeed,Boomburst,Protect|Impish||F|||50|]Grimmsnarl||LightClay|Prankster|FakeOut,PartingShot,Reflect,LightScreen|Careful||M|||50|]Raichu||RaichuniteY|LightningRod|FakeOut,GrassKnot,FocusBlast,ZapCannon|Hasty||M|||50|]Garchomp||LifeOrb|RoughSkin|RockSlide,Earthquake,DragonClaw,Protect|Jolly||F|||50|]Annihilape||Leftovers|Defiant|IcePunch,RageFist,DrainPunch,Protect|Adamant||M|||50|]Volcarona||ChartiBerry|FlameBody|RagePowder,MorningSun,WillOWisp,HeatWave|Calm||M|||50|
|j| electro94
|c| electro94|Go!
|c| electro94|Go!
|c|ŌśåXeroxyx|alright
|inactive|Battle timer is ON: inactive players will automatically lose when time's up. (requested by Xeroxyx)
|c|ŌśåXeroxyx|i might've got the jump on you that game but i think you'll still winoverall
|
|t:|1783367015
|teamsize|p1|4
|teamsize|p2|4
|start
|switch|p1a: Whimsicott|Whimsicott, L50, M|100/100
|switch|p1b: Gholdengo|Gholdengo, L50|100/100
|switch|p2a: Volcarona|Volcarona, L50, M|100/100
|switch|p2b: Grimmsnarl|Grimmsnarl, L50, M|100/100
|turn|1
|c|ŌśåXeroxyx|glhf
|c|ŌśåFruitloopsFL|glhf
|inactive|FruitloopsFL has 30 seconds left.
|inactive|Xeroxyx has 30 seconds left.
|
|t:|1783367046
|move|p1a: Whimsicott|Protect|p1a: Whimsicott
|-singleturn|p1a: Whimsicott|Protect
|move|p1b: Gholdengo|Protect|p1b: Gholdengo
|-singleturn|p1b: Gholdengo|Protect
|move|p2b: Grimmsnarl|Fake Out|p1a: Whimsicott
|-activate|p1a: Whimsicott|move: Protect
|move|p2a: Volcarona|Heat Wave|p1a: Whimsicott|[spread] 
|-activate|p1a: Whimsicott|move: Protect
|-activate|p1b: Gholdengo|move: Protect
|
|upkeep
|turn|2
|
|t:|1783367066
|switch|p1b: Charizard|Charizard, L50, M|100/100
|move|p1a: Whimsicott|Tailwind|p1a: Whimsicott
|-sidestart|p1: Xeroxyx|move: Tailwind
|move|p2b: Grimmsnarl|Light Screen|p2b: Grimmsnarl
|-sidestart|p2: FruitloopsFL|move: Light Screen
|move|p2a: Volcarona|Heat Wave|p1b: Charizard|[spread] p1a,p1b
|-supereffective|p1a: Whimsicott|1
|-resisted|p1b: Charizard|1
|-enditem|p1a: Whimsicott|Focus Sash
|-damage|p1a: Whimsicott|1/100
|-damage|p1b: Charizard|82/100
|
|upkeep
|turn|3
|
|t:|1783367082
|detailschange|p1b: Charizard|Charizard-Mega-Y, L50, M
|-mega|p1b: Charizard|Charizard|Charizardite Y
|-weather|SunnyDay|[from] ability: Drought|[of] p1b: Charizard
|move|p2a: Volcarona|Rage Powder|p2a: Volcarona
|-singleturn|p2a: Volcarona|move: Rage Powder
|move|p2b: Grimmsnarl|Parting Shot|p1b: Charizard
|-unboost|p1b: Charizard|atk|1
|-unboost|p1b: Charizard|spa|1
|
|t:|1783367095
|switch|p2b: Raichu|Raichu, L50, M|100/100|[from] Parting Shot
|move|p1a: Whimsicott|Moonblast|p2b: Raichu
|-damage|p2b: Raichu|63/100
|move|p1b: Charizard|Heat Wave|p2b: Raichu|[spread] p2a
|-miss|p1b: Charizard|p2b: Raichu
|-damage|p2a: Volcarona|81/100
|
|-weather|SunnyDay|[upkeep]
|upkeep
|turn|4
|c|ŌśåXeroxyx|what a painful whiff
|inactive|Xeroxyx has 30 seconds left.
|inactive|FruitloopsFL has 30 seconds left.
|
|t:|1783367130
|switch|p2a: Grimmsnarl|Grimmsnarl, L50, M|100/100
|detailschange|p2b: Raichu|Raichu-Mega-Y, L50, M
|-mega|p2b: Raichu|Raichu|Raichunite Y
|move|p1b: Charizard|Protect|p1b: Charizard
|-singleturn|p1b: Charizard|Protect
|move|p2b: Raichu|Fake Out|p1a: Whimsicott
|-damage|p1a: Whimsicott|0 fnt
|faint|p1a: Whimsicott
|
|-weather|SunnyDay|[upkeep]
|upkeep
|
|t:|1783367141
|switch|p1a: Garchomp|Garchomp, L50, F|100/100
|turn|5
|inactive|FruitloopsFL has 30 seconds left.
|
|t:|1783367166
|switch|p2b: Annihilape|Annihilape, L50, M|100/100
|move|p1a: Garchomp|Protect|p1a: Garchomp
|-singleturn|p1a: Garchomp|Protect
|move|p2a: Grimmsnarl|Reflect|p2a: Grimmsnarl
|-sidestart|p2: FruitloopsFL|Reflect
|move|p1b: Charizard|Heat Wave|p2a: Grimmsnarl|[spread] p2b
|-miss|p1b: Charizard|p2a: Grimmsnarl
|-damage|p2b: Annihilape|72/100
|
|-weather|SunnyDay|[upkeep]
|-heal|p2b: Annihilape|78/100|[from] item: Leftovers
|-sideend|p1: Xeroxyx|move: Tailwind
|upkeep
|turn|6
|c|ŌśåXeroxyx|why do my moves keep missing
|inactive|Xeroxyx has 30 seconds left.
|
|t:|1783367193
|move|p2a: Grimmsnarl|Parting Shot|p1a: Garchomp
|-unboost|p1a: Garchomp|atk|1
|-unboost|p1a: Garchomp|spa|1
|c|ŌśåFruitloopsFL|no zoom lens
|c| electro94|Wow Heat wave decided to fuck you specifically
|c|ŌśåXeroxyx|twice
|
|t:|1783367201
|switch|p2a: Volcarona|Volcarona, L50, M|81/100|[from] Parting Shot
|move|p1a: Garchomp|Earthquake|p2b: Annihilape|[spread] p2a,p2b
|-immune|p1b: Charizard
|-damage|p2a: Volcarona|50/100g
|-damage|p2b: Annihilape|54/100
|-damage|p1a: Garchomp|90/100|[from] item: Life Orb
|move|p1b: Charizard|Weather Ball|p2b: Annihilape
|-damage|p2b: Annihilape|16/100
|move|p2b: Annihilape|Ice Punch|p1a: Garchomp
|-supereffective|p1a: Garchomp|2
|-damage|p1a: Garchomp|0 fnt
|-damage|p2b: Annihilape|3/100|[from] ability: Rough Skin|[of] p1a: Garchomp
|faint|p1a: Garchomp
|
|-weather|SunnyDay|[upkeep]
|-heal|p2b: Annihilape|9/100|[from] item: Leftovers
|upkeep
|c|ŌśåXeroxyx|i was waiting on that
|
|t:|1783367220
|switch|p1a: Gholdengo|Gholdengo, L50|100/100
|turn|7
|
|t:|1783367230
|move|p1a: Gholdengo|Protect|p1a: Gholdengo
|-singleturn|p1a: Gholdengo|Protect
|move|p2b: Annihilape|Protect|p2b: Annihilape
|-singleturn|p2b: Annihilape|Protect
|move|p1b: Charizard|Heat Wave|p2a: Volcarona|[spread] p2a
|-activate|p2b: Annihilape|move: Protect
|-damage|p2a: Volcarona|31/100
|move|p2a: Volcarona|Heat Wave|p1b: Charizard|[spread] p1b
|-activate|p1a: Gholdengo|move: Protect
|-resisted|p1b: Charizard|1
|-damage|p1b: Charizard|62/100
|
|-weather|none
|-heal|p2b: Annihilape|15/100|[from] item: Leftovers
|upkeep
|turn|8
|inactive|FruitloopsFL has 30 seconds left.
|
|t:|1783367259
|switch|p2b: Grimmsnarl|Grimmsnarl, L50, M|100/100
|move|p1a: Gholdengo|Shadow Ball|p2a: Volcarona
|-damage|p2a: Volcarona|8/100
|move|p1b: Charizard|Heat Wave|p2a: Volcarona|[spread] p2a
|-miss|p1b: Charizard|p2b: Grimmsnarl
|-damage|p2a: Volcarona|0 fnt
|faint|p2a: Volcarona
|
|upkeep
|c|ŌśåXeroxyx|ok
|
|t:|1783367267
|switch|p2a: Raichu|Raichu-Mega-Y, L50, M|63/100
|turn|9
|c| electro94|Wow
|c|ŌśåFruitloopsFL|there's something about this spot
|j| coggs's
|c| electro94|That is just sad
|inactive|Xeroxyx has 30 seconds left.
|inactive|FruitloopsFL has 30 seconds left.
|c| electro94|Hi coggs
|
|t:|1783367302
|move|p2b: Grimmsnarl|Fake Out|p1b: Charizard
|-damage|p1b: Charizard|49/100
|move|p2a: Raichu|Zap Cannon|p1a: Gholdengo
|-damage|p1a: Gholdengo|16/100
|-status|p1a: Gholdengo|par
|cant|p1b: Charizard|flinch
|move|p1a: Gholdengo|Make It Rain|p2b: Grimmsnarl|[spread] p2a,p2b
|-resisted|p2a: Raichu|1
|-supereffective|p2b: Grimmsnarl|1
|-damage|p2a: Raichu|39/100
|-damage|p2b: Grimmsnarl|42/100
|-unboost|p1a: Gholdengo|spa|2
|
|-sideend|p2: FruitloopsFL|move: Light Screen
|upkeep
|turn|10
|c| coggs's|hi
|inactive|FruitloopsFL has 30 seconds left.
|c|ŌśåXeroxyx|i'm pretty sure this game is lost, but let's see
|
|t:|1783367331
|move|p1a: Gholdengo|Protect|p1a: Gholdengo
|-singleturn|p1a: Gholdengo|Protect
|move|p2b: Grimmsnarl|Light Screen|p2b: Grimmsnarl
|-sidestart|p2: FruitloopsFL|move: Light Screen
|move|p2a: Raichu|Zap Cannon|p1a: Gholdengo
|-activate|p1a: Gholdengo|move: Protect
|move|p1b: Charizard|Heat Wave|p2a: Raichu|[spread] p2a
|-miss|p1b: Charizard|p2b: Grimmsnarl
|-damage|p2a: Raichu|7/100
|
|upkeep
|turn|11
|c|ŌśåXeroxyx|that's 3 heat wave whiffs in one game??
|c|ŌśåXeroxyx|what the fuck
|c| electro94|4
|c|ŌśåXeroxyx|4?
|c|ŌśåFruitloopsFL|nah this game is haunted
|inactive|Xeroxyx has 30 seconds left.
|c|ŌśåXeroxyx|i'm getting the hax'd award i swear
|c| coggs's|evil showdown
|inactive|Xeroxyx has 20 seconds left.
|
|t:|1783367366
|move|p1b: Charizard|Protect|p1b: Charizard
|-singleturn|p1b: Charizard|Protect
|move|p2b: Grimmsnarl|Parting Shot|p1b: Charizard
|-activate|p1b: Charizard|move: Protect
|move|p2a: Raichu|Zap Cannon|p1b: Charizard
|-activate|p1b: Charizard|move: Protect
|move|p1a: Gholdengo|Make It Rain|p2b: Grimmsnarl|[spread] p2a,p2b
|-resisted|p2a: Raichu|1
|-supereffective|p2b: Grimmsnarl|1
|-damage|p2a: Raichu|0 fnt
|-damage|p2b: Grimmsnarl|18/100
|-unboost|p1a: Gholdengo|spa|2
|faint|p2a: Raichu
|
|upkeep
|c| electro94|This isn't top 8 sadly
|
|t:|1783367373
|switch|p2a: Annihilape|Annihilape, L50, M|15/100
|turn|12
|inactive|FruitloopsFL has 30 seconds left.
|
|t:|1783367407
|move|p2a: Annihilape|Protect|p2a: Annihilape
|-singleturn|p2a: Annihilape|Protect
|move|p1a: Gholdengo|Protect|p1a: Gholdengo
|-singleturn|p1a: Gholdengo|Protect
|move|p2b: Grimmsnarl|Parting Shot|p1b: Charizard
|-unboost|p1b: Charizard|atk|1
|-unboost|p1b: Charizard|spa|1
|move|p1b: Charizard|Heat Wave|p2b: Grimmsnarl|[spread] p2b
|-activate|p2a: Annihilape|move: Protect
|-damage|p2b: Grimmsnarl|6/100
|
|-heal|p2a: Annihilape|21/100|[from] item: Leftovers
|-sideend|p2: FruitloopsFL|Reflect
|upkeep
|turn|13
|c| coggs's|just crit ­¤æŹ
|c|ŌśåXeroxyx|would be nice
|
|t:|1783367426
|move|p1b: Charizard|Protect|p1b: Charizard
|-singleturn|p1b: Charizard|Protect
|move|p2b: Grimmsnarl|Parting Shot|p1b: Charizard
|-activate|p1b: Charizard|move: Protect
|move|p2a: Annihilape|Rage Fist|p1a: Gholdengo
|-supereffective|p1a: Gholdengo|1
|-damage|p1a: Gholdengo|0 fnt
|faint|p1a: Gholdengo
|
|-heal|p2a: Annihilape|27/100|[from] item: Leftovers
|upkeep
|turn|14
|
|t:|1783367438
|move|p2a: Annihilape|Protect|p2a: Annihilape
|-singleturn|p2a: Annihilape|Protect
|move|p2b: Grimmsnarl|Parting Shot|p1b: Charizard
|-unboost|p1b: Charizard|atk|1
|-unboost|p1b: Charizard|spa|1
|move|p1b: Charizard|Heat Wave|p2b: Grimmsnarl|[spread] p2b
|-activate|p2a: Annihilape|move: Protect
|-damage|p2b: Grimmsnarl|0 fnt
|faint|p2b: Grimmsnarl
|
|-heal|p2a: Annihilape|33/100|[from] item: Leftovers
|upkeep
|turn|15
|c|ŌśåXeroxyx|sir please stop spamming parting shot
|
|t:|1783367455
|move|p1b: Charizard|Protect|p1b: Charizard
|-singleturn|p1b: Charizard|Protect
|move|p2a: Annihilape|Drain Punch|p1b: Charizard
|-activate|p1b: Charizard|move: Protect
|
|-heal|p2a: Annihilape|39/100|[from] item: Leftovers
|upkeep
|turn|16
|
|t:|1783367461
|move|p1b: Charizard|Heat Wave|p2a: Annihilape
|-damage|p2a: Annihilape|26/100
|move|p2a: Annihilape|Rage Fist|p1b: Charizard
|-damage|p1b: Charizard|0 fnt
|faint|p1b: Charizard
|
|win|FruitloopsFL
|c|ŌśåXeroxyx|ggwp
|c|ŌśåFruitloopsFL|gg
