|j|☆mysteriousmothman
|j|☆Rorox641
|html|mysteriousmothmanRorox641    
|uhtml|bestof|Game 3 of a best-of-3
|t:|1755450059
|gametype|doubles
|player|p1|mysteriousmothman|skier|1197
|player|p2|Rorox641|ghetsis-gen5bw|1198
|gen|9
|tier|[Gen 9] VGC 2025 Reg H (Bo3)
|rated|
|rule|Species Clause: Limit one of each Pokémon
|rule|Item Clause: Limit 1 of each item
|clearpoke
|poke|p1|Porygon2, L50|
|poke|p1|Hydreigon, L50, F|
|poke|p1|Incineroar, L50, M|
|poke|p1|Garchomp, L50, M|
|poke|p1|Amoonguss, L50, F|
|poke|p1|Gholdengo, L50|
|poke|p2|Sneasler, L50, M|
|poke|p2|Dragapult, L50, F|
|poke|p2|Primarina, L50, M|
|poke|p2|Rillaboom, L50, M|
|poke|p2|Kingambit, L50, F|
|poke|p2|Magmar, L50, F|
|teampreview|4
|showteam|p1|Porygon2||Eviolite|Download|TeraBlast,IceBeam,TrickRoom,Recover||||||50|,,,,,Fighting]Hydreigon||SafetyGoggles|Levitate|Snarl,DracoMeteor,Tailwind,Protect|||F|||50|,,,,,Ghost]Incineroar||SitrusBerry|Intimidate|FlareBlitz,KnockOff,PartingShot,FakeOut|||M|||50|,,,,,Grass]Garchomp||LoadedDice|RoughSkin|ScaleShot,Earthquake,StompingTantrum,Protect|||M|||50|,,,,,Fire]Amoonguss||CovertCloak|Regenerator|PollenPuff,Spore,RagePowder,Protect|||F|||50|,,,,,Fire]Gholdengo||MetalCoat|GoodasGold|MakeItRain,ShadowBall,NastyPlot,Protect||||||50|,,,,,Flying
|showteam|p2|Sneasler||FocusSash|PoisonTouch|CloseCombat,DireClaw,FakeOut,Protect|||M|||50|,,,,,Stellar]Dragapult||ChoiceBand|ClearBody|DragonDarts,TeraBlast,PhantomForce,Uturn|||F|||50|,,,,,Ghost]Primarina||SitrusBerry|LiquidVoice|HyperVoice,Moonblast,Haze,Protect|||M|||50|,,,,,Water]Rillaboom||AssaultVest|GrassySurge|WoodHammer,GrassyGlide,HighHorsepower,FakeOut|||M|||50|,,,,,Fire]Kingambit||BlackGlasses|Defiant|KowtowCleave,SuckerPunch,SwordsDance,Protect|||F|||50|,,,,,Ghost]Magmar||Eviolite|VitalSpirit|Overheat,WillOWisp,FollowMe,Protect|||F|||50|,,,,,Ghost
|inactive|Battle timer is ON: inactive players will automatically lose when time's up. (requested by Rorox641)
|j| TailwindBest
|inactive|mysteriousmothman has 60 seconds left.
|
|t:|1755450122
|teamsize|p1|4
|teamsize|p2|4
|start
|switch|p1a: Garchomp|Garchomp, L50, M, shiny|100/100
|switch|p1b: Hydreigon|Hydreigon, L50, F, shiny|100/100
|switch|p2a: Dragapult|Dragapult, L50, F|100/100
|switch|p2b: Sneasler|Sneasler, L50, M|100/100
|turn|1
|inactive|mysteriousmothman has 30 seconds left.
|inactive|Rorox641 has 30 seconds left.
|
|t:|1755450153
|-terastallize|p1b: Hydreigon|Ghost
|move|p2b: Sneasler|Fake Out|p1b: Hydreigon
|-immune|p1b: Hydreigon
|move|p2a: Dragapult|Dragon Darts|p1b: Hydreigon
|-damage|p1b: Hydreigon|63/100
|-anim|p2a: Dragapult|Dragon Darts|p1a: Garchomp
|-supereffective|p1a: Garchomp
|-damage|p1a: Garchomp|21/100
|move|p1b: Hydreigon|Tailwind|p1b: Hydreigon
|-sidestart|p1: mysteriousmothman|move: Tailwind
|move|p1a: Garchomp|Scale Shot|p2b: Sneasler
|-damage|p2b: Sneasler|77/100
|-damage|p2b: Sneasler|50/100
|-damage|p2b: Sneasler|22/100
|-damage|p2b: Sneasler|0 fnt
|faint|p2b: Sneasler
|-hitcount|p2: Sneasler|4
|-unboost|p1a: Garchomp|def|1
|-boost|p1a: Garchomp|spe|1
|
|upkeep
|
|t:|1755450165
|switch|p2b: Rillaboom|Rillaboom, L50, M|100/100
|-fieldstart|move: Grassy Terrain|[from] ability: Grassy Surge|[of] p2b: Rillaboom
|turn|2
|
|t:|1755450189
|switch|p1a: Incineroar|Incineroar, L50, M, shiny|100/100
|-ability|p1a: Incineroar|Intimidate|boost
|-fail|p2a: Dragapult|unboost|[from] ability: Clear Body|[of] p2a: Dragapult
|-unboost|p2b: Rillaboom|atk|1
|-terastallize|p2a: Dragapult|Ghost
|move|p2b: Rillaboom|Grassy Glide|p1b: Hydreigon
|-damage|p1b: Hydreigon|32/100
|move|p1b: Hydreigon|Draco Meteor|p2a: Dragapult
|-damage|p2a: Dragapult|12/100
|-unboost|p1b: Hydreigon|spa|2
|move|p2a: Dragapult|Dragon Darts|p1a: Incineroar
|-damage|p1a: Incineroar|67/100
|-anim|p2a: Dragapult|Dragon Darts|p1b: Hydreigon
|-damage|p1b: Hydreigon|0 fnt
|faint|p1b: Hydreigon
|
|-heal|p1a: Incineroar|73/100|[from] Grassy Terrain
|-heal|p2a: Dragapult|18/100|[from] Grassy Terrain
|upkeep
|inactive|mysteriousmothman has 30 seconds left.
|
|t:|1755450220
|switch|p1b: Gholdengo|Gholdengo, L50, shiny|100/100
|turn|3
|
|t:|1755450232
|switch|p2a: Magmar|Magmar, L50, F|100/100
|move|p1a: Incineroar|Flare Blitz|p2b: Rillaboom
|-supereffective|p2b: Rillaboom
|-damage|p2b: Rillaboom|0 fnt
|faint|p2b: Rillaboom
|-damage|p1a: Incineroar|40/100|[from] Recoil
|-enditem|p1a: Incineroar|Sitrus Berry|[eat]
|-heal|p1a: Incineroar|65/100|[from] item: Sitrus Berry
|move|p1b: Gholdengo|Make It Rain|p2a: Magmar
|-resisted|p2a: Magmar
|-damage|p2a: Magmar|70/100
|-unboost|p1b: Gholdengo|spa|1
|
|-heal|p1a: Incineroar|71/100|[from] Grassy Terrain
|-heal|p2a: Magmar|75/100|[from] Grassy Terrain
|upkeep
|
|t:|1755450247
|switch|p2b: Dragapult|Dragapult, L50, F, tera:Ghost|18/100
|turn|4
|
|t:|1755450259
|move|p1a: Incineroar|Knock Off|p2a: Magmar
|-damage|p2a: Magmar|37/100
|-enditem|p2a: Magmar|Eviolite|[from] move: Knock Off|[of] p1a: Incineroar
|move|p1b: Gholdengo|Make It Rain|p2a: Magmar|[spread] p2a,p2b
|-resisted|p2a: Magmar
|-damage|p2a: Magmar|11/100
|-damage|p2b: Dragapult|0 fnt
|-unboost|p1b: Gholdengo|spa|1
|faint|p2b: Dragapult
|move|p2a: Magmar|Overheat|p1b: Gholdengo
|-supereffective|p1b: Gholdengo
|-damage|p1b: Gholdengo|15/100
|-unboost|p2a: Magmar|spa|2
|
|-heal|p1a: Incineroar|77/100|[from] Grassy Terrain
|-heal|p1b: Gholdengo|20/100|[from] Grassy Terrain
|-heal|p2a: Magmar|17/100|[from] Grassy Terrain
|-sideend|p1: mysteriousmothman|move: Tailwind
|upkeep
|turn|5
|-message|Rorox641 forfeited.
|
|win|mysteriousmothman
|raw|mysteriousmothman's rating: 1197 → 1222(+25 for winning)
|raw|Rorox641's rating: 1198 → 1173(-25 for losing)
|c|☆mysteriousmothman|ggs
|l|☆Rorox641
|player|p2|
|l| TailwindBest
