|j|☆TheLambasEffigy
|j|☆vilan333
|html|TheLambasEffigyvilan333    
|uhtml|bestof|Game 1 of a best-of-3
|t:|1782426971
|gametype|doubles
|player|p1|TheLambasEffigy|2|1104
|player|p2|vilan333|marshal|1187
|gen|9
|tier|[Gen 9 Champions] VGC 2026 Reg M-B (Bo3)
|rated|
|rule|Species Clause: Limit one of each Pokémon
|rule|Item Clause: Limit 1 of each item
|clearpoke
|poke|p1|Floette-Eternal, L50, F|
|poke|p1|Aerodactyl, L50, M|
|poke|p1|Tinkaton, L50, F|
|poke|p1|Kingambit, L50, F|
|poke|p1|Basculegion, L50, M|
|poke|p1|Sneasler, L50, F|
|poke|p2|Kangaskhan, L50, F|
|poke|p2|Mawile, L50, M|
|poke|p2|Farigiraf, L50, F|
|poke|p2|Torkoal, L50, M|
|poke|p2|Pyroar, L50, M|
|poke|p2|Aerodactyl, L50, M|
|teampreview|4
|showteam|p1|Floette-Eternal||Floettite|FlowerVeil|GigaDrain,DazzlingGleam,Protect,CalmMind|Bold||F|||50|]Aerodactyl||Aerodactylite|Unnerve|Tailwind,DualWingbeat,Protect,RockSlide|Jolly||M|||50|]Tinkaton||ShucaBerry|MoldBreaker|FakeOut,Encore,Protect,GigatonHammer|Careful||F|||50|]Kingambit||BlackGlasses|Defiant|KowtowCleave,SuckerPunch,SwordsDance,Protect|Adamant||F|||50|]Basculegion||LifeOrb|Adaptability|LastRespects,WaveCrash,AquaJet,Protect|Adamant||M|||50|]Sneasler||WhiteHerb|Unburden|Protect,DireClaw,FakeOut,CloseCombat|Jolly||F|||50|
|showteam|p2|Kangaskhan||LifeOrb|Scrappy|FakeOut,DoubleEdge,HammerArm,IcePunch|Adamant||F|||50|]Mawile||Mawilite|Intimidate|SuckerPunch,PlayRough,SwordsDance,IronHead|Brave||M|||50|]Farigiraf||ColburBerry|ArmorTail|Thunderbolt,Psychic,TrickRoom,HelpingHand|Quiet||F|||50|]Torkoal||Charcoal|Drought|Eruption,WeatherBall,EarthPower,Protect|Quiet||M|||50|]Pyroar||Pyroarite|Unnerve|Protect,HeatWave,Overheat,SolarBeam|Timid||M|||50|]Aerodactyl||FocusSash|Unnerve|RockSlide,Tailwind,DualWingbeat,WideGuard|Jolly||M|||50|
|inactive|Battle timer is ON: inactive players will automatically lose when time's up. (requested by vilan333)
|
|t:|1782427050
|teamsize|p1|4
|teamsize|p2|4
|start
|switch|p1a: Tinkaton|Tinkaton, L50, F|100/100
|switch|p1b: Floette|Floette-Eternal, L50, F|100/100
|switch|p2a: Pyroar|Pyroar, L50, M|100/100
|switch|p2b: Aerodactyl|Aerodactyl, L50, M|100/100
|-ability|p2b: Aerodactyl|Unnerve
|-ability|p2a: Pyroar|Unnerve
|-ability|p1a: Tinkaton|Mold Breaker
|turn|1
|inactive|TheLambasEffigy has 30 seconds left.
|
|t:|1782427076
|detailschange|p2a: Pyroar|Pyroar-Mega, L50, M
|-mega|p2a: Pyroar|Pyroar|Pyroarite
|detailschange|p1b: Floette|Floette-Mega, L50, F
|-mega|p1b: Floette|Floette|Floettite
|-ability|p1b: Floette|Fairy Aura
|move|p1a: Tinkaton|Fake Out|p2a: Pyroar
|-damage|p2a: Pyroar|90/100
|move|p2b: Aerodactyl|Tailwind|p2b: Aerodactyl
|-sidestart|p2: vilan333|move: Tailwind
|cant|p2a: Pyroar|flinch
|move|p1b: Floette|Calm Mind|p1b: Floette
|-boost|p1b: Floette|spa|1
|-boost|p1b: Floette|spd|1
|
|upkeep
|turn|2
|inactive|TheLambasEffigy has 30 seconds left.
|
|t:|1782427105
|switch|p2b: Torkoal|Torkoal, L50, M|100/100
|-weather|SunnyDay|[from] ability: Drought|[of] p2b: Torkoal
|move|p1a: Tinkaton|Protect|p1a: Tinkaton
|-singleturn|p1a: Tinkaton|Protect
|move|p2a: Pyroar|Heat Wave|p1b: Floette|[spread] 
|-activate|p1a: Tinkaton|move: Protect
|-miss|p2a: Pyroar|p1b: Floette
|move|p1b: Floette|Giga Drain|p2b: Torkoal
|-resisted|p2b: Torkoal|1
|-damage|p2b: Torkoal|71/100
|
|-weather|SunnyDay|[upkeep]
|upkeep
|turn|3
|
|t:|1782427128
|switch|p1a: Basculegion|Basculegion, L50, M|100/100
|move|p2a: Pyroar|Heat Wave|p1a: Basculegion|[spread] p1a,p1b
|-resisted|p1a: Basculegion|1
|-damage|p1a: Basculegion|50/100g
|-damage|p1b: Floette|52/100
|move|p1b: Floette|Dazzling Gleam|p2a: Pyroar|[spread] p2a,p2b
|-resisted|p2a: Pyroar|1
|-resisted|p2b: Torkoal|1
|-damage|p2a: Pyroar|44/100
|-damage|p2b: Torkoal|25/100
|move|p2b: Torkoal|Weather Ball|p1b: Floette
|-damage|p1b: Floette|12/100
|
|-weather|SunnyDay|[upkeep]
|upkeep
|turn|4
|inactive|TheLambasEffigy has 30 seconds left.
|
|t:|1782427160
|switch|p2b: Kangaskhan|Kangaskhan, L50, F|100/100
|move|p1b: Floette|Protect|p1b: Floette
|-singleturn|p1b: Floette|Protect
|move|p1a: Basculegion|Aqua Jet|p2b: Kangaskhan
|-crit|p2b: Kangaskhan
|-damage|p2b: Kangaskhan|75/100
|-damage|p1a: Basculegion|40/100|[from] item: Life Orb
|move|p2a: Pyroar|Heat Wave|p1a: Basculegion|[spread] p1a
|-activate|p1b: Floette|move: Protect
|-resisted|p1a: Basculegion|1
|-damage|p1a: Basculegion|0 fnt
|faint|p1a: Basculegion
|
|-weather|SunnyDay|[upkeep]
|-sideend|p2: vilan333|move: Tailwind
|upkeep
|
|t:|1782427169
|switch|p1a: Tinkaton|Tinkaton, L50, F|100/100
|-ability|p1a: Tinkaton|Mold Breaker
|turn|5
|
|t:|1782427186
|switch|p1b: Kingambit|Kingambit, L50, F|100/100
|move|p1a: Tinkaton|Fake Out|p2a: Pyroar
|-damage|p2a: Pyroar|34/100
|move|p2b: Kangaskhan|Fake Out|p1b: Kingambit
|-resisted|p1b: Kingambit|1
|-damage|p1b: Kingambit|90/100
|-damage|p2b: Kangaskhan|65/100|[from] item: Life Orb
|cant|p2a: Pyroar|flinch
|
|-weather|SunnyDay|[upkeep]
|upkeep
|turn|6
|inactive|vilan333 has 30 seconds left.
|inactive|TheLambasEffigy has 30 seconds left.
|inactive|vilan333 has 20 seconds left.
|inactive|vilan333 has 15 seconds left.
|inactive|vilan333 has 10 seconds left.
|inactive|vilan333 has 5 seconds left.
|
|t:|1782427240
|switch|p2a: Aerodactyl|Aerodactyl, L50, M|100/100
|-ability|p2a: Aerodactyl|Unnerve
|move|p1b: Kingambit|Sucker Punch||[still]
|-fail|p1b: Kingambit
|move|p1a: Tinkaton|Gigaton Hammer|p2b: Kangaskhan
|-damage|p2b: Kangaskhan|20/100y
|move|p2b: Kangaskhan|Hammer Arm|p1b: Kingambit
|-supereffective|p1b: Kingambit|2
|-damage|p1b: Kingambit|0 fnt
|-unboost|p2b: Kangaskhan|spe|1
|faint|p1b: Kingambit
|-damage|p2b: Kangaskhan|10/100|[from] item: Life Orb
|
|-weather|none
|upkeep
|
|t:|1782427249
|switch|p1b: Floette|Floette-Mega, L50, F|12/100
|-ability|p1b: Floette|Fairy Aura
|turn|7
|
|t:|1782427268
|switch|p2b: Torkoal|Torkoal, L50, M|25/100
|-weather|SunnyDay|[from] ability: Drought|[of] p2b: Torkoal
|move|p2a: Aerodactyl|Tailwind|p2a: Aerodactyl
|-sidestart|p2: vilan333|move: Tailwind
|move|p1a: Tinkaton|Encore||[still]
|-fail|p1a: Tinkaton
|move|p1b: Floette|Giga Drain|p2a: Aerodactyl
|-damage|p2a: Aerodactyl|55/100
|-heal|p1b: Floette|34/100|[from] drain|[of] p2a: Aerodactyl
|
|-weather|SunnyDay|[upkeep]
|upkeep
|turn|8
|
|t:|1782427286
|move|p2a: Aerodactyl|Rock Slide|p1b: Floette|[spread] p1a,p1b
|-resisted|p1a: Tinkaton|1
|-damage|p1a: Tinkaton|81/100
|-damage|p1b: Floette|12/100
|cant|p1a: Tinkaton|flinch
|move|p1b: Floette|Dazzling Gleam|p2a: Aerodactyl|[spread] p2a,p2b
|-resisted|p2b: Torkoal|1
|-damage|p2a: Aerodactyl|0 fnt
|-damage|p2b: Torkoal|0 fnt
|faint|p2a: Aerodactyl
|faint|p2b: Torkoal
|
|-weather|SunnyDay|[upkeep]
|upkeep
|
|t:|1782427299
|switch|p2a: Pyroar|Pyroar-Mega, L50, M|34/100
|switch|p2b: Kangaskhan|Kangaskhan, L50, F|10/100
|turn|9
|
|t:|1782427322
|move|p1a: Tinkaton|Protect|p1a: Tinkaton
|-singleturn|p1a: Tinkaton|Protect
|move|p1b: Floette|Protect|p1b: Floette
|-singleturn|p1b: Floette|Protect
|move|p2b: Kangaskhan|Fake Out|p1a: Tinkaton
|-activate|p1a: Tinkaton|move: Protect
|move|p2a: Pyroar|Heat Wave|p1b: Floette|[spread] 
|-activate|p1a: Tinkaton|move: Protect
|-activate|p1b: Floette|move: Protect
|
|-weather|SunnyDay|[upkeep]
|upkeep
|turn|10
|
|t:|1782427339
|move|p1a: Tinkaton|Protect||[still]
|-fail|p1a: Tinkaton
|move|p1b: Floette|Protect||[still]
|-fail|p1b: Floette
|move|p2a: Pyroar|Heat Wave|p1a: Tinkaton|[spread] p1a,p1b
|-supereffective|p1a: Tinkaton|1
|-damage|p1a: Tinkaton|0 fnt
|-damage|p1b: Floette|0 fnt
|faint|p1a: Tinkaton
|faint|p1b: Floette
|
|win|vilan333
||TheLambasEffigy is ready for game 2.
|inactive|vilan333 has 30 seconds to confirm battle start!
