|j|☆95boheme
|j|☆lirtyz0977
|html|95bohemelirtyz0977    
|uhtml|bestof|Game 2 of a best-of-3
|t:|1783092684
|gametype|doubles
|player|p1|95boheme|sabrina|1000
|player|p2|lirtyz0977|giovanni|1027
|gen|9
|tier|[Gen 9 Champions] VGC 2026 Reg M-B (Bo3)
|rated|
|rule|Species Clause: Limit one of each Pokémon
|rule|Item Clause: Limit 1 of each item
|clearpoke
|poke|p1|Swampert, L50, M|
|poke|p1|Pelipper, L50, F|
|poke|p1|Sableye, L50, M|
|poke|p1|Incineroar, L50, M|
|poke|p1|Sneasler, L50, M|
|poke|p1|Archaludon, L50, M|
|poke|p2|Charizard, L50, M|
|poke|p2|Venusaur, L50, M|
|poke|p2|Pikachu, L50, M|
|poke|p2|Snorlax, L50, M|
|poke|p2|Espeon, L50, M|
|poke|p2|Blastoise, L50, M|
|teampreview|4
|showteam|p1|Swampert||Swampertite|Torrent|WaveCrash,Earthquake,BulkUp,Protect|Adamant||M|||50|]Pelipper||FocusSash|Drizzle|WeatherBall,Hurricane,Protect,Tailwind|Timid||F|||50|]Sableye||RoseliBerry|Prankster|RainDance,ThunderWave,Reflect,LightScreen|Serious||M|||50|]Incineroar||SitrusBerry|Intimidate|WillOWisp,ThroatChop,PartingShot,FakeOut|Impish||M|||50|]Sneasler||WhiteHerb|Unburden|DireClaw,CloseCombat,Protect,FakeOut|Adamant||M|||50|]Archaludon||Leftovers|Stamina|ElectroShot,DragonPulse,FlashCannon,Protect|Modest||M|||50|
|showteam|p2|Charizard||CharizarditeY|Blaze|WeatherBall,AirSlash,SolarBeam,Earthquake|Hasty||M|||50|]Venusaur||MiracleSeed|Chlorophyll|Growth,SludgeWave,GigaDrain,EarthPower|Modest||M|||50|]Pikachu||LightBall|LightningRod|WildCharge,PlayRough,Surf,FakeOut|Hasty||M|||50|]Snorlax||SitrusBerry|Gluttony|BellyDrum,BodySlam,Earthquake,ZenHeadbutt|Adamant||M|||50|]Espeon||FocusSash|MagicBounce|CalmMind,Psychic,ShadowBall,AlluringVoice|Timid||M|||50|]Blastoise||Blastoisinite|Torrent|ShellSmash,WaterPulse,DarkPulse,AuraSphere|Modest||M|||50|
|inactive|Battle timer is ON: inactive players will automatically lose when time's up. (requested by lirtyz0977)
|
|t:|1783092703
|teamsize|p1|4
|teamsize|p2|4
|start
|switch|p1a: Swampert|Swampert, L50, M|100/100
|switch|p1b: Incineroar|Incineroar, L50, M|100/100
|switch|p2a: Venusaur|Venusaur, L50, M|100/100
|switch|p2b: Charizard|Charizard, L50, M|100/100
|-ability|p1b: Incineroar|Intimidate|boost
|-unboost|p2a: Venusaur|atk|1
|-unboost|p2b: Charizard|atk|1
|turn|1
|
|t:|1783092729
|detailschange|p1a: Swampert|Swampert-Mega, L50, M
|-mega|p1a: Swampert|Swampert|Swampertite
|move|p1a: Swampert|Protect|p1a: Swampert
|-singleturn|p1a: Swampert|Protect
|move|p2b: Charizard|Air Slash|p1b: Incineroar
|-damage|p1b: Incineroar|68/100
|move|p2a: Venusaur|Growth|p2a: Venusaur
|-boost|p2a: Venusaur|atk|1
|-boost|p2a: Venusaur|spa|1
|move|p1b: Incineroar|Parting Shot|p2b: Charizard
|-unboost|p2b: Charizard|atk|1
|-unboost|p2b: Charizard|spa|1
|
|t:|1783092743
|switch|p1b: Archaludon|Archaludon, L50, M|100/100|[from] Parting Shot
|
|upkeep
|turn|2
|
|t:|1783092765
|switch|p2b: Snorlax|Snorlax, L50, M|100/100
|switch|p1b: Pelipper|Pelipper, L50, F|100/100
|-weather|RainDance|[from] ability: Drizzle|[of] p1b: Pelipper
|move|p1a: Swampert|Wave Crash|p2b: Snorlax
|-damage|p2b: Snorlax|0 fnt
|faint|p2b: Snorlax
|-damage|p1a: Swampert|49/100|[from] Recoil
|move|p2a: Venusaur|Giga Drain|p1a: Swampert
|-supereffective|p1a: Swampert|2
|-damage|p1a: Swampert|0 fnt
|faint|p1a: Swampert
|
|-weather|RainDance|[upkeep]
|upkeep
|
|t:|1783092779
|switch|p1a: Incineroar|Incineroar, L50, M|68/100
|switch|p2b: Charizard|Charizard, L50, M|100/100
|-ability|p1a: Incineroar|Intimidate|boost
|-unboost|p2a: Venusaur|atk|1
|-unboost|p2b: Charizard|atk|1
|turn|3
|
|t:|1783092793
|detailschange|p2b: Charizard|Charizard-Mega-Y, L50, M
|-mega|p2b: Charizard|Charizard|Charizardite Y
|-weather|SunnyDay|[from] ability: Drought|[of] p2b: Charizard
|move|p1a: Incineroar|Fake Out|p2b: Charizard
|-damage|p2b: Charizard|82/100
|move|p2a: Venusaur|Growth|p2a: Venusaur
|-boost|p2a: Venusaur|atk|2
|-boost|p2a: Venusaur|spa|2
|cant|p2b: Charizard|flinch
|move|p1b: Pelipper|Hurricane|p2a: Venusaur|[miss]
|-miss|p1b: Pelipper|p2a: Venusaur
|
|-weather|SunnyDay|[upkeep]
|upkeep
|turn|4
|
|t:|1783092813
|move|p1b: Pelipper|Protect|p1b: Pelipper
|-singleturn|p1b: Pelipper|Protect
|move|p2a: Venusaur|Giga Drain|p1b: Pelipper
|-activate|p1b: Pelipper|move: Protect
|move|p2b: Charizard|Air Slash|p1b: Pelipper
|-activate|p1b: Pelipper|move: Protect
|move|p1a: Incineroar|Throat Chop|p2b: Charizard
|-damage|p2b: Charizard|29/100
|-start|p2b: Charizard|Throat Chop|[silent]
|
|-weather|SunnyDay|[upkeep]
|upkeep
|turn|5
|
|t:|1783092826
|switch|p1b: Archaludon|Archaludon, L50, M|100/100
|move|p2a: Venusaur|Earth Power|p1a: Incineroar
|-supereffective|p1a: Incineroar|1
|-damage|p1a: Incineroar|0 fnt
|faint|p1a: Incineroar
|move|p2b: Charizard|Air Slash|p1b: Archaludon
|-resisted|p1b: Archaludon|1
|-damage|p1b: Archaludon|74/100
|-ability|p1b: Archaludon|Stamina|boost
|-boost|p1b: Archaludon|def|1
|
|-weather|SunnyDay|[upkeep]
|-heal|p1b: Archaludon|80/100|[from] item: Leftovers
|-end|p2b: Charizard|Throat Chop|[silent]
|upkeep
|
|t:|1783092837
|switch|p1a: Pelipper|Pelipper, L50, F|100/100
|-weather|RainDance|[from] ability: Drizzle|[of] p1a: Pelipper
|turn|6
|
|t:|1783092848
|move|p2b: Charizard|Air Slash|p1a: Pelipper
|-damage|p1a: Pelipper|20/100r
|move|p2a: Venusaur|Earth Power|p1b: Archaludon
|-supereffective|p1b: Archaludon|1
|-damage|p1b: Archaludon|0 fnt
|faint|p1b: Archaludon
|move|p1a: Pelipper|Hurricane|p2a: Venusaur
|-supereffective|p2a: Venusaur|1
|-damage|p2a: Venusaur|0 fnt
|faint|p2a: Venusaur
|
|-weather|RainDance|[upkeep]
|upkeep
|
|t:|1783092860
|switch|p2a: Espeon|Espeon, L50, M|100/100
|turn|7
|-message|95boheme forfeited.
|
|win|lirtyz0977
|l|☆95boheme
|player|p1|
||95boheme is ready for game 3.
||lirtyz0977 is ready for game 3.
|uhtml|next|Next: Game 3 of 3
|l|☆lirtyz0977
|player|p2|
|j|☆95boheme
|player|p1|95boheme|sabrina|
