|j|☆pastapastayumyum
|j|☆Kdbc73
|html|pastapastayumyumKdbc73    
|uhtml|bestof|Game 2 of a best-of-3
|t:|1756177999
|gametype|doubles
|player|p1|pastapastayumyum|101|1060
|player|p2|Kdbc73|preschoolerf|1116
|gen|9
|tier|[Gen 9] VGC 2025 Reg H (Bo3)
|rated|
|rule|Species Clause: Limit one of each Pokémon
|rule|Item Clause: Limit 1 of each item
|clearpoke
|poke|p1|Dragonite, L50, F|
|poke|p1|Electabuzz, L50, M|
|poke|p1|Incineroar, L50, F|
|poke|p1|Gholdengo, L50|
|poke|p1|Rillaboom, L50, F|
|poke|p1|Sneasler, L50, M|
|poke|p2|Sneasler, L50, M|
|poke|p2|Indeedee, L50, M|
|poke|p2|Ursaluna-Bloodmoon, L50, M|
|poke|p2|Electabuzz, L50, F|
|poke|p2|Incineroar, L50, F|
|poke|p2|Talonflame, L50, M|
|teampreview|4
|showteam|p1|Dragonite||LoadedDice|Multiscale|Protect,ScaleShot,Tailwind,Haze|||F|||50|,,,,,Fairy]Electabuzz||Eviolite|VitalSpirit|Protect,Electroweb,VoltSwitch,FollowMe|||M|||50|,,,,,Dragon]Incineroar||SitrusBerry|Intimidate|KnockOff,FlareBlitz,FakeOut,PartingShot|||F|||50|,,,,,Ghost]Gholdengo||LifeOrb|GoodasGold|Protect,NastyPlot,MakeItRain,ShadowBall||||||50|,,,,,Water]Rillaboom||AssaultVest|GrassySurge|GrassyGlide,WoodHammer,FakeOut,Uturn|||F|||50|,,,,,Fire]Sneasler||FocusSash|PoisonTouch|DireClaw,CloseCombat,Protect,ThroatChop|||M|||50|,,,,,Stellar
|showteam|p2|Sneasler||PsychicSeed|Unburden|CloseCombat,DireClaw,ThroatChop,Protect|||M|||50|,,,,,Dark]Indeedee||FocusSash|PsychicSurge|ExpandingForce,TrickRoom,HelpingHand,Protect|||M|||50|,,,,,Psychic]Ursaluna-Bloodmoon||LifeOrb|MindsEye|BloodMoon,HyperVoice,EarthPower,Protect|||M|||50|,,,,,Normal]Electabuzz||Eviolite|VitalSpirit|Electroweb,FollowMe,Taunt,Protect|||F|||50|,,,,,Dragon]Incineroar||SafetyGoggles|Intimidate|FlareBlitz,KnockOff,PartingShot,FakeOut|||F|||50|,,,,,Ghost]Talonflame||CovertCloak|GaleWings|FlareBlitz,DualWingbeat,WillOWisp,Tailwind|||M|||50|,,,,,Fairy
|
|t:|1756178027
|teamsize|p1|4
|teamsize|p2|4
|start
|switch|p1a: Electabuzz|Electabuzz, L50, M|100/100
|switch|p1b: Incineroar|Incineroar, L50, F|100/100
|switch|p2a: Ursaluna|Ursaluna-Bloodmoon, L50, M|100/100
|switch|p2b: Electabuzz|Electabuzz, L50, F|100/100
|-ability|p1b: Incineroar|Intimidate|boost
|-unboost|p2a: Ursaluna|atk|1
|-unboost|p2b: Electabuzz|atk|1
|turn|1
|
|t:|1756178064
|move|p1b: Incineroar|Fake Out|p2a: Ursaluna
|-damage|p2a: Ursaluna|92/100
|move|p2b: Electabuzz|Electroweb|p1b: Incineroar|[spread] p1a,p1b
|-resisted|p1a: Electabuzz
|-damage|p1a: Electabuzz|95/100
|-damage|p1b: Incineroar|90/100
|-unboost|p1a: Electabuzz|spe|1
|-unboost|p1b: Incineroar|spe|1
|move|p1a: Electabuzz|Volt Switch|p2b: Electabuzz
|-resisted|p2b: Electabuzz
|-damage|p2b: Electabuzz|91/100
|
|t:|1756178074
|switch|p1a: Rillaboom|Rillaboom, L50, F|100/100|[from] Volt Switch
|-fieldstart|move: Grassy Terrain|[from] ability: Grassy Surge|[of] p1a: Rillaboom
|cant|p2a: Ursaluna|flinch
|
|-heal|p2b: Electabuzz|97/100|[from] Grassy Terrain
|-heal|p2a: Ursaluna|98/100|[from] Grassy Terrain
|-heal|p1b: Incineroar|96/100|[from] Grassy Terrain
|upkeep
|turn|2
|
|t:|1756178100
|-terastallize|p2a: Ursaluna|Normal
|move|p1a: Rillaboom|Fake Out|p2b: Electabuzz
|-damage|p2b: Electabuzz|82/100
|cant|p2b: Electabuzz|flinch
|move|p2a: Ursaluna|Blood Moon|p1a: Rillaboom
|-damage|p1a: Rillaboom|0 fnt
|faint|p1a: Rillaboom
|-damage|p2a: Ursaluna|88/100|[from] item: Life Orb
|move|p1b: Incineroar|Parting Shot|p2a: Ursaluna
|-unboost|p2a: Ursaluna|atk|1
|-unboost|p2a: Ursaluna|spa|1
|
|t:|1756178113
|switch|p1b: Gholdengo|Gholdengo, L50|100/100|[from] Parting Shot
|
|-heal|p2b: Electabuzz|87/100|[from] Grassy Terrain
|-heal|p2a: Ursaluna|94/100|[from] Grassy Terrain
|upkeep
|
|t:|1756178120
|switch|p1a: Incineroar|Incineroar, L50, F|96/100
|-ability|p1a: Incineroar|Intimidate|boost
|-unboost|p2a: Ursaluna|atk|1
|-unboost|p2b: Electabuzz|atk|1
|turn|3
|
|t:|1756178133
|switch|p2a: Indeedee|Indeedee, L50, M|100/100
|-fieldstart|move: Psychic Terrain|[from] ability: Psychic Surge|[of] p2a: Indeedee
|move|p1a: Incineroar|Fake Out|p2b: Electabuzz
|-activate|p2b: Electabuzz|move: Psychic Terrain
|move|p2b: Electabuzz|Electroweb|p1b: Gholdengo|[spread] p1a,p1b
|-damage|p1a: Incineroar|83/100
|-damage|p1b: Gholdengo|86/100
|-unboost|p1a: Incineroar|spe|1
|-unboost|p1b: Gholdengo|spe|1
|move|p1b: Gholdengo|Nasty Plot|p1b: Gholdengo
|-boost|p1b: Gholdengo|spa|2
|
|upkeep
|turn|4
|
|t:|1756178160
|move|p2a: Indeedee|Protect|p2a: Indeedee
|-singleturn|p2a: Indeedee|Protect
|move|p2b: Electabuzz|Electroweb|p1a: Incineroar|[spread] p1a
|-miss|p2b: Electabuzz|p1b: Gholdengo
|-damage|p1a: Incineroar|73/100
|-unboost|p1a: Incineroar|spe|1
|move|p1b: Gholdengo|Shadow Ball|p2a: Indeedee
|-activate|p2a: Indeedee|move: Protect
|move|p1a: Incineroar|Knock Off|p2a: Indeedee
|-activate|p2a: Indeedee|move: Protect
|
|upkeep
|turn|5
|
|t:|1756178184
|move|p2b: Electabuzz|Electroweb|p1a: Incineroar|[spread] p1a,p1b
|-damage|p1a: Incineroar|62/100
|-damage|p1b: Gholdengo|72/100
|-unboost|p1a: Incineroar|spe|1
|-unboost|p1b: Gholdengo|spe|1
|move|p2a: Indeedee|Expanding Force|p1a: Incineroar|[spread] p1b
|-immune|p1a: Incineroar
|-resisted|p1b: Gholdengo
|-damage|p1b: Gholdengo|43/100
|move|p1b: Gholdengo|Make It Rain|p2b: Electabuzz|[spread] p2a,p2b
|-resisted|p2b: Electabuzz
|-enditem|p2a: Indeedee|Focus Sash
|-damage|p2a: Indeedee|1/100
|-damage|p2b: Electabuzz|41/100
|-unboost|p1b: Gholdengo|spa|1
|-damage|p1b: Gholdengo|34/100|[from] item: Life Orb
|move|p1a: Incineroar|Parting Shot|p2a: Indeedee
|-unboost|p2a: Indeedee|atk|1
|-unboost|p2a: Indeedee|spa|1
|
|t:|1756178202
|switch|p1a: Electabuzz|Electabuzz, L50, M|95/100|[from] Parting Shot
|
|upkeep
|turn|6
|
|t:|1756178225
|move|p2b: Electabuzz|Electroweb|p1a: Electabuzz|[spread] p1a,p1b
|-resisted|p1a: Electabuzz
|-damage|p1a: Electabuzz|90/100
|-damage|p1b: Gholdengo|21/100
|-unboost|p1a: Electabuzz|spe|1
|-unboost|p1b: Gholdengo|spe|1
|move|p2a: Indeedee|Expanding Force|p1a: Electabuzz|[spread] p1a,p1b
|-resisted|p1b: Gholdengo
|-damage|p1a: Electabuzz|63/100
|-damage|p1b: Gholdengo|3/100
|move|p1a: Electabuzz|Electroweb|p2a: Indeedee|[spread] p2a,p2b
|-resisted|p2b: Electabuzz
|-damage|p2a: Indeedee|0 fnt
|-damage|p2b: Electabuzz|35/100
|-unboost|p2b: Electabuzz|spe|1
|faint|p2a: Indeedee
|move|p1b: Gholdengo|Shadow Ball|p2b: Electabuzz
|-damage|p2b: Electabuzz|0 fnt
|faint|p2b: Electabuzz
|-damage|p1b: Gholdengo|0 fnt|[from] item: Life Orb
|faint|p1b: Gholdengo
|
|upkeep
|
|t:|1756178242
|switch|p2b: Sneasler|Sneasler, L50, M|100/100
|switch|p2a: Ursaluna|Ursaluna-Bloodmoon, L50, M, tera:Normal|94/100
|switch|p1b: Incineroar|Incineroar, L50, F|62/100
|-ability|p1b: Incineroar|Intimidate|boost
|-unboost|p2a: Ursaluna|atk|1
|-unboost|p2b: Sneasler|atk|1
|-enditem|p2b: Sneasler|Psychic Seed
|-boost|p2b: Sneasler|spd|1|[from] item: Psychic Seed
|turn|7
|
|t:|1756178262
|-terastallize|p1b: Incineroar|Ghost
|move|p2b: Sneasler|Protect|p2b: Sneasler
|-singleturn|p2b: Sneasler|Protect
|move|p1b: Incineroar|Fake Out|p2b: Sneasler
|-activate|p2b: Sneasler|move: Psychic Terrain
|move|p1a: Electabuzz|Electroweb|p2b: Sneasler|[spread] p2a
|-activate|p2b: Sneasler|move: Protect
|-damage|p2a: Ursaluna|77/100
|-unboost|p2a: Ursaluna|spe|1
|move|p2a: Ursaluna|Blood Moon|p1a: Electabuzz
|-damage|p1a: Electabuzz|0 fnt
|faint|p1a: Electabuzz
|-damage|p2a: Ursaluna|67/100|[from] item: Life Orb
|
|-fieldend|move: Psychic Terrain
|upkeep
|turn|8
|-message|pastapastayumyum forfeited.
|raw|pastapastayumyum's rating: 1060 → 1044(-16 for losing)
|raw|Kdbc73's rating: 1116 → 1137(+21 for winning)
|
|win|Kdbc73
|l|☆pastapastayumyum
|player|p1|
