|j|☆MetagrossMasher
|j|☆riegeljr
|html|MetagrossMasherriegeljr    
|uhtml|bestof|Game 1 of a best-of-3
|t:|1756539235
|gametype|doubles
|player|p1|MetagrossMasher|265|1078
|player|p2|riegeljr|infielder|1072
|gen|9
|tier|[Gen 9] VGC 2025 Reg H (Bo3)
|rated|
|rule|Species Clause: Limit one of each Pokémon
|rule|Item Clause: Limit 1 of each item
|clearpoke
|poke|p1|Amoonguss, L50, F|
|poke|p1|Incineroar, L50, M|
|poke|p1|Rillaboom, L50, F|
|poke|p1|Gholdengo, L50|
|poke|p1|Garchomp, L50, F|
|poke|p1|Annihilape, L50, F|
|poke|p2|Gothitelle, L50, F|
|poke|p2|Primarina, L50, F|
|poke|p2|Volcarona, L50, F|
|poke|p2|Baxcalibur, L50, F|
|poke|p2|Incineroar, L50, F|
|poke|p2|Rillaboom, L50, M|
|teampreview|4
|showteam|p1|Amoonguss||CovertCloak|Regenerator|Spore,PollenPuff,RagePowder,Protect|||F|||50|,,,,,Water]Incineroar||SitrusBerry|Intimidate|FlareBlitz,FakeOut,PartingShot,WillOWisp|||M|||50|,,,,,Water]Rillaboom||AssaultVest|GrassySurge|GrassyGlide,WoodHammer,Uturn,FakeOut|||F|||50|,,,,,Fire]Gholdengo||GrassySeed|GoodasGold|NastyPlot,MakeItRain,Protect,ShadowBall||||||50|,,,,,Steel]Garchomp||LifeOrb|RoughSkin|Earthquake,DragonClaw,Protect,StompingTantrum|||F|||50|,,,,,Fire]Annihilape||SafetyGoggles|Defiant|BulkUp,Protect,RageFist,DrainPunch|||F|||50|,,,,,Stellar
|showteam|p2|Gothitelle||Leftovers|ShadowTag|FakeOut,PsychicNoise,TrickRoom,Protect|||F|||50|,,,,,Normal]Primarina||SitrusBerry|LiquidVoice|HyperVoice,Moonblast,PerishSong,Protect|||F|||50|,,,,,Poison]Volcarona||GrassySeed|FlameBody|HeatWave,GigaDrain,QuiverDance,Protect|||F|||50|,,,,,Grass]Baxcalibur||LoadedDice|ThermalExchange|IcicleSpear,IceShard,ScaleShot,Protect|||F|||50|,,,,,Dragon]Incineroar||SafetyGoggles|Intimidate|FakeOut,KnockOff,PartingShot,Protect|||F|||50|,,,,,Ghost]Rillaboom||AssaultVest|GrassySurge|FakeOut,WoodHammer,HighHorsepower,Uturn|||M|||50|,,,,,Ground
|inactive|Battle timer is ON: inactive players will automatically lose when time's up. (requested by riegeljr)
|inactive|MetagrossMasher has 60 seconds left.
|inactive|riegeljr has 60 seconds left.
|inactive|riegeljr has 30 seconds left.
|
|t:|1756539300
|teamsize|p1|4
|teamsize|p2|4
|start
|switch|p1a: Annihilape|Annihilape, L50, F|100/100
|switch|p1b: Amoonguss|Amoonguss, L50, F|100/100
|switch|p2a: Volcarona|Volcarona, L50, F|100/100
|switch|p2b: Rillaboom|Rillaboom, L50, M|100/100
|-fieldstart|move: Grassy Terrain|[from] ability: Grassy Surge|[of] p2b: Rillaboom
|-enditem|p2a: Volcarona|Grassy Seed
|-boost|p2a: Volcarona|def|1|[from] item: Grassy Seed
|turn|1
|inactive|MetagrossMasher has 30 seconds left.
|inactive|riegeljr has 30 seconds left.
|
|t:|1756539335
|-terastallize|p2a: Volcarona|Grass
|move|p1a: Annihilape|Bulk Up|p1a: Annihilape
|-boost|p1a: Annihilape|atk|1
|-boost|p1a: Annihilape|def|1
|move|p2a: Volcarona|Quiver Dance|p2a: Volcarona
|-boost|p2a: Volcarona|spa|1
|-boost|p2a: Volcarona|spd|1
|-boost|p2a: Volcarona|spe|1
|move|p2b: Rillaboom|Wood Hammer|p1a: Annihilape
|-damage|p1a: Annihilape|40/100
|-damage|p2b: Rillaboom|78/100|[from] Recoil
|move|p1b: Amoonguss|Spore|p2a: Volcarona
|-immune|p2a: Volcarona
|
|-heal|p1a: Annihilape|46/100|[from] Grassy Terrain
|-heal|p2b: Rillaboom|85/100|[from] Grassy Terrain
|upkeep
|turn|2
|inactive|MetagrossMasher has 30 seconds left.
|inactive|riegeljr has 30 seconds left.
|
|t:|1756539367
|switch|p1b: Incineroar|Incineroar, L50, M|100/100
|-ability|p1b: Incineroar|Intimidate|boost
|-unboost|p2a: Volcarona|atk|1
|-unboost|p2b: Rillaboom|atk|1
|-terastallize|p1a: Annihilape|Stellar
|move|p2a: Volcarona|Heat Wave|p1b: Incineroar|[spread] p1b
|-miss|p2a: Volcarona|p1a: Annihilape
|-resisted|p1b: Incineroar
|-damage|p1b: Incineroar|76/100
|move|p1a: Annihilape|Drain Punch|p2a: Volcarona
|-damage|p2a: Volcarona|46/100
|-heal|p1a: Annihilape|73/100|[from] drain|[of] p2a: Volcarona
|move|p2b: Rillaboom|Wood Hammer|p1b: Incineroar
|-resisted|p1b: Incineroar
|-damage|p1b: Incineroar|49/100
|-enditem|p1b: Incineroar|Sitrus Berry|[eat]
|-heal|p1b: Incineroar|73/100|[from] item: Sitrus Berry
|-damage|p2b: Rillaboom|75/100|[from] Recoil
|
|-heal|p2a: Volcarona|53/100|[from] Grassy Terrain
|-heal|p1a: Annihilape|79/100|[from] Grassy Terrain
|-heal|p2b: Rillaboom|81/100|[from] Grassy Terrain
|-heal|p1b: Incineroar|79/100|[from] Grassy Terrain
|upkeep
|turn|3
|inactive|MetagrossMasher has 30 seconds left.
|inactive|riegeljr has 30 seconds left.
|
|t:|1756539398
|move|p1b: Incineroar|Fake Out|p2a: Volcarona
|-damage|p2a: Volcarona|41/100
|cant|p2a: Volcarona|flinch
|move|p1a: Annihilape|Drain Punch|p2a: Volcarona
|-damage|p2a: Volcarona|5/100
|-heal|p1a: Annihilape|97/100|[from] drain|[of] p2a: Volcarona
|move|p2b: Rillaboom|U-turn|p1a: Annihilape
|-resisted|p1a: Annihilape
|-damage|p1a: Annihilape|94/100
|
|t:|1756539410
|switch|p2b: Baxcalibur|Baxcalibur, L50, F|100/100|[from] U-turn
|
|-heal|p2a: Volcarona|11/100|[from] Grassy Terrain
|-heal|p1a: Annihilape|100/100|[from] Grassy Terrain
|-heal|p1b: Incineroar|86/100|[from] Grassy Terrain
|upkeep
|turn|4
|inactive|MetagrossMasher has 30 seconds left.
|
|t:|1756539441
|move|p2a: Volcarona|Protect|p2a: Volcarona
|-singleturn|p2a: Volcarona|Protect
|move|p2b: Baxcalibur|Protect|p2b: Baxcalibur
|-singleturn|p2b: Baxcalibur|Protect
|move|p1a: Annihilape|Drain Punch|p2b: Baxcalibur
|-activate|p2b: Baxcalibur|move: Protect
|move|p1b: Incineroar|Flare Blitz|p2a: Volcarona
|-activate|p2a: Volcarona|move: Protect
|
|-heal|p2a: Volcarona|18/100|[from] Grassy Terrain
|-heal|p1b: Incineroar|92/100|[from] Grassy Terrain
|upkeep
|turn|5
|
|t:|1756539463
|move|p2b: Baxcalibur|Ice Shard|p1a: Annihilape
|-damage|p1a: Annihilape|81/100
|move|p2a: Volcarona|Giga Drain|p1a: Annihilape
|-damage|p1a: Annihilape|7/100
|-heal|p2a: Volcarona|56/100|[from] drain|[of] p1a: Annihilape
|move|p1a: Annihilape|Drain Punch|p2b: Baxcalibur
|-supereffective|p2b: Baxcalibur
|-damage|p2b: Baxcalibur|13/100
|-heal|p1a: Annihilape|57/100|[from] drain|[of] p2b: Baxcalibur
|move|p1b: Incineroar|Flare Blitz|p2a: Volcarona
|-supereffective|p2a: Volcarona
|-damage|p2a: Volcarona|0 fnt
|faint|p2a: Volcarona
|-damage|p1b: Incineroar|74/100|[from] Recoil
|
|-heal|p1a: Annihilape|63/100|[from] Grassy Terrain
|-heal|p2b: Baxcalibur|19/100|[from] Grassy Terrain
|-heal|p1b: Incineroar|80/100|[from] Grassy Terrain
|-fieldend|move: Grassy Terrain
|upkeep
|
|t:|1756539480
|switch|p2a: Rillaboom|Rillaboom, L50, M|81/100
|-fieldstart|move: Grassy Terrain|[from] ability: Grassy Surge|[of] p2a: Rillaboom
|turn|6
|
|t:|1756539493
|move|p2b: Baxcalibur|Protect|p2b: Baxcalibur
|-singleturn|p2b: Baxcalibur|Protect
|move|p1a: Annihilape|Drain Punch|p2b: Baxcalibur
|-activate|p2b: Baxcalibur|move: Protect
|move|p2a: Rillaboom|High Horsepower|p1b: Incineroar
|-supereffective|p1b: Incineroar
|-damage|p1b: Incineroar|14/100
|move|p1b: Incineroar|Flare Blitz|p2a: Rillaboom
|-supereffective|p2a: Rillaboom
|-damage|p2a: Rillaboom|0 fnt
|faint|p2a: Rillaboom
|-damage|p1b: Incineroar|0 fnt|[from] Recoil
|faint|p1b: Incineroar
|
|-heal|p1a: Annihilape|69/100|[from] Grassy Terrain
|-heal|p2b: Baxcalibur|25/100|[from] Grassy Terrain
|upkeep
|-message|riegeljr forfeited.
|
|win|MetagrossMasher
|l|☆riegeljr
|player|p2|
||riegeljr is ready for game 2.
||MetagrossMasher is ready for game 2.
|uhtml|next|Next: Game 2 of 3
