|j|☆x-demon18
|j|☆ninjablaze07
|html|x-demon18ninjablaze07    
|uhtml|bestof|Game 1 of a best-of-3
|t:|1785365171
|gametype|doubles
|player|p1|x-demon18|pokefan-gen4|1094
|player|p2|ninjablaze07|shadowtriad|1000
|gen|9
|tier|[Gen 9 Champions] VGC 2026 Reg M-B (Bo3)
|rated|
|rule|Species Clause: Limit one of each Pokémon
|rule|Item Clause: Limit 1 of each item
|clearpoke
|poke|p1|Incineroar, L50, F|
|poke|p1|Rotom-Wash, L50|
|poke|p1|Venusaur, L50, M|
|poke|p1|Corviknight, L50, M|
|poke|p1|Sylveon, L50, F|
|poke|p1|Garchomp, L50, M|
|poke|p2|Dragalge, L50, F|
|poke|p2|Sinistcha, L50|
|poke|p2|Incineroar, L50, M|
|poke|p2|Sylveon, L50, F|
|poke|p2|Gyarados, L50, F|
|poke|p2|Grimmsnarl, L50, M|
|teampreview|4
|showteam|p1|Incineroar||ExpertBelt|Intimidate|FakeOut,TemperFlare,ThroatChop,PartingShot|Adamant||F|||50|]Rotom-Wash||RindoBerry|Levitate|HydroPump,Electroweb,WillOWisp,VoltSwitch|Modest|||||50|]Venusaur||Venusaurite|Chlorophyll|GigaDrain,SludgeBomb,EarthPower,Protect|Modest||M|||50|]Corviknight||OccaBerry|MirrorArmor|Tailwind,DualWingbeat,IronHead,BodyPress|Adamant||M|||50|]Sylveon||FairyFeather|Pixilate|HyperVoice,QuickAttack,Yawn,Detect|Modest||F|||50|]Garchomp||LifeOrb|RoughSkin|RockSlide,DragonClaw,StompingTantrum,Protect|Jolly||M|||50|
|showteam|p2|Dragalge||Dragalgite|Adaptability|SludgeBomb,DracoMeteor,ShadowBall,Protect|Bold||F|||50|]Sinistcha||KasibBerry|Hospitality|MatchaGotcha,RagePowder,LifeDew,Protect|Calm|||||50|]Incineroar||SitrusBerry|Intimidate|FlareBlitz,ThroatChop,FakeOut,PartingShot|Impish||M|||50|]Sylveon||FairyFeather|Pixilate|HyperVoice,QuickAttack,MysticalFire,Protect|Modest||F|||50|]Gyarados||Gyaradosite|Intimidate|Waterfall,Crunch,DragonDance,Protect|Jolly||F|||50|]Grimmsnarl||LightClay|Prankster|LightScreen,Reflect,FakeOut,SpiritBreak|Impish||M|||50|
|
|t:|1785365205
|teamsize|p1|4
|teamsize|p2|4
|start
|switch|p1a: Yggdrasil|Venusaur, L50, M|100/100
|switch|p1b: Griffith|Corviknight, L50, M|100/100
|switch|p2a: Dragalge|Dragalge, L50, F|100/100
|switch|p2b: Grimmsnarl|Grimmsnarl, L50, M|100/100
|turn|1
|
|t:|1785365225
|detailschange|p1a: Yggdrasil|Venusaur-Mega, L50, M
|-mega|p1a: Yggdrasil|Venusaur|Venusaurite
|detailschange|p2a: Dragalge|Dragalge-Mega, L50, F
|-mega|p2a: Dragalge|Dragalge|Dragalgite
|move|p2b: Grimmsnarl|Fake Out|p1b: Griffith
|-resisted|p1b: Griffith|1
|-damage|p1b: Griffith|95/100
|move|p1a: Yggdrasil|Sludge Bomb|p2b: Grimmsnarl
|-supereffective|p2b: Grimmsnarl|1
|-damage|p2b: Grimmsnarl|13/100
|cant|p1b: Griffith|flinch
|move|p2a: Dragalge|Sludge Bomb|p1a: Yggdrasil
|-damage|p1a: Yggdrasil|67/100
|
|upkeep
|turn|2
|
|t:|1785365266
|switch|p2b: Gyarados|Gyarados, L50, F|100/100
|-ability|p2b: Gyarados|Intimidate|boost
|-unboost|p1a: Yggdrasil|atk|1
|-ability|p1b: Griffith|Mirror Armor
|-unboost|p2b: Gyarados|atk|1
|move|p1a: Yggdrasil|Protect|p1a: Yggdrasil
|-singleturn|p1a: Yggdrasil|Protect
|move|p1b: Griffith|Tailwind|p1b: Griffith
|-sidestart|p1: x-demon18|move: Tailwind
|move|p2a: Dragalge|Shadow Ball|p1a: Yggdrasil
|-activate|p1a: Yggdrasil|move: Protect
|
|upkeep
|turn|3
|
|t:|1785365306
|move|p1a: Yggdrasil|Giga Drain|p2b: Gyarados
|-damage|p2b: Gyarados|67/100
|-heal|p1a: Yggdrasil|85/100|[from] drain|[of] p2b: Gyarados
|move|p1b: Griffith|Iron Head|p2a: Dragalge
|-damage|p2a: Dragalge|75/100
|move|p2b: Gyarados|Dragon Dance|p2b: Gyarados
|-boost|p2b: Gyarados|atk|1
|-boost|p2b: Gyarados|spe|1
|move|p2a: Dragalge|Draco Meteor|p1a: Yggdrasil
|-damage|p1a: Yggdrasil|37/100
|-unboost|p2a: Dragalge|spa|2
|
|upkeep
|turn|4
|
|t:|1785365330
|-heal|p2a: Dragalge|100/100|[from] ability: Regenerator|[silent]
|switch|p2a: Incineroar|Incineroar, L50, M|100/100
|-ability|p2a: Incineroar|Intimidate|boost
|-unboost|p1a: Yggdrasil|atk|1
|-ability|p1b: Griffith|Mirror Armor
|-unboost|p2a: Incineroar|atk|1
|move|p1a: Yggdrasil|Giga Drain|p2b: Gyarados
|-damage|p2b: Gyarados|31/100
|-heal|p1a: Yggdrasil|57/100|[from] drain|[of] p2b: Gyarados
|move|p2b: Gyarados|Dragon Dance|p2b: Gyarados
|-boost|p2b: Gyarados|atk|1
|-boost|p2b: Gyarados|spe|1
|move|p1b: Griffith|Iron Head|p2b: Gyarados
|-resisted|p2b: Gyarados|1
|-damage|p2b: Gyarados|15/100
|
|upkeep
|turn|5
|
|t:|1785365367
|switch|p1a: Berserk|Garchomp, L50, M|100/100
|move|p2b: Gyarados|Protect|p2b: Gyarados
|-singleturn|p2b: Gyarados|Protect
|move|p1b: Griffith|Iron Head|p2b: Gyarados
|-activate|p2b: Gyarados|move: Protect
|move|p2a: Incineroar|Flare Blitz|p1b: Griffith
|-supereffective|p1b: Griffith|1
|-enditem|p1b: Griffith|Occa Berry|[eat]
|-enditem|p1b: Griffith|Occa Berry|[weaken]
|-damage|p1b: Griffith|69/100
|-status|p1b: Griffith|brn
|-damage|p2a: Incineroar|91/100|[from] Recoil
|
|-damage|p1b: Griffith|63/100 brn|[from] brn
|-sideend|p1: x-demon18|move: Tailwind
|upkeep
|turn|6
|
|t:|1785365392
|move|p2b: Gyarados|Waterfall|p1b: Griffith
|-damage|p1b: Griffith|14/100 brn
|move|p1a: Berserk|Rock Slide|p2a: Incineroar|[spread] p2a,p2b
|-supereffective|p2a: Incineroar|1
|-supereffective|p2b: Gyarados|1
|-damage|p2a: Incineroar|50/100y
|-damage|p2b: Gyarados|0 fnt
|-enditem|p2a: Incineroar|Sitrus Berry|[eat]
|-heal|p2a: Incineroar|74/100|[from] item: Sitrus Berry
|faint|p2b: Gyarados
|-damage|p1a: Berserk|90/100|[from] item: Life Orb
|move|p1b: Griffith|Tailwind|p1b: Griffith
|-sidestart|p1: x-demon18|move: Tailwind
|move|p2a: Incineroar|Parting Shot|p1a: Berserk
|-unboost|p1a: Berserk|atk|1
|-unboost|p1a: Berserk|spa|1
|
|t:|1785365400
|switch|p2a: Grimmsnarl|Grimmsnarl, L50, M|13/100|[from] Parting Shot
|
|-damage|p1b: Griffith|8/100 brn|[from] brn
|upkeep
|
|t:|1785365405
|switch|p2b: Incineroar|Incineroar, L50, M|74/100
|-ability|p2b: Incineroar|Intimidate|boost
|-unboost|p1a: Berserk|atk|1
|-ability|p1b: Griffith|Mirror Armor
|-unboost|p2b: Incineroar|atk|1
|turn|7
|
|t:|1785365423
|move|p1a: Berserk|Protect|p1a: Berserk
|-singleturn|p1a: Berserk|Protect
|move|p2b: Incineroar|Fake Out|p1b: Griffith
|-resisted|p1b: Griffith|1
|-crit|p1b: Griffith
|-damage|p1b: Griffith|2/100 brn
|move|p2a: Grimmsnarl|Reflect|p2a: Grimmsnarl
|-sidestart|p2: ninjablaze07|Reflect
|cant|p1b: Griffith|flinch
|
|-damage|p1b: Griffith|0 fnt|[from] brn
|faint|p1b: Griffith
|upkeep
|
|t:|1785365436
|switch|p1b: Frieren|Sylveon, L50, F|100/100
|turn|8
|
|t:|1785365455
|switch|p1a: Yggdrasil|Venusaur-Mega, L50, M|57/100
|move|p2a: Grimmsnarl|Light Screen|p2a: Grimmsnarl
|-sidestart|p2: ninjablaze07|move: Light Screen
|move|p1b: Frieren|Hyper Voice|p2a: Grimmsnarl|[spread] p2a,p2b
|-supereffective|p2a: Grimmsnarl|1
|-damage|p2a: Grimmsnarl|0 fnt
|-damage|p2b: Incineroar|49/100
|faint|p2a: Grimmsnarl
|move|p2b: Incineroar|Parting Shot|p1b: Frieren
|-unboost|p1b: Frieren|atk|1
|-unboost|p1b: Frieren|spa|1
|
|t:|1785365460
|switch|p2b: Dragalge|Dragalge-Mega, L50, F|100/100|[from] Parting Shot
|
|upkeep
|
|t:|1785365463
|switch|p2a: Incineroar|Incineroar, L50, M|49/100
|-ability|p2a: Incineroar|Intimidate|boost
|-unboost|p1a: Yggdrasil|atk|1
|-unboost|p1b: Frieren|atk|1
|turn|9
|
|t:|1785365481
|move|p1a: Yggdrasil|Protect|p1a: Yggdrasil
|-singleturn|p1a: Yggdrasil|Protect
|move|p1b: Frieren|Detect|p1b: Frieren
|-singleturn|p1b: Frieren|Protect
|move|p2a: Incineroar|Fake Out|p1b: Frieren
|-activate|p1b: Frieren|move: Protect
|move|p2b: Dragalge|Sludge Bomb|p1a: Yggdrasil
|-activate|p1a: Yggdrasil|move: Protect
|
|-sideend|p1: x-demon18|move: Tailwind
|upkeep
|turn|10
|
|t:|1785365506
|move|p2b: Dragalge|Protect|p2b: Dragalge
|-singleturn|p2b: Dragalge|Protect
|move|p1a: Yggdrasil|Earth Power|p2a: Incineroar
|-supereffective|p2a: Incineroar|1
|-damage|p2a: Incineroar|14/100
|move|p1b: Frieren|Hyper Voice|p2b: Dragalge|[spread] p2a
|-activate|p2b: Dragalge|move: Protect
|-damage|p2a: Incineroar|1/100
|move|p2a: Incineroar|Flare Blitz|p1a: Yggdrasil
|-supereffective|p1a: Yggdrasil|1
|-damage|p1a: Yggdrasil|18/100
|-damage|p2a: Incineroar|0 fnt|[from] Recoil
|faint|p2a: Incineroar
|
|upkeep
|turn|11
|
|t:|1785365530
|move|p1a: Yggdrasil|Earth Power|p2b: Dragalge
|-supereffective|p2b: Dragalge|1
|-damage|p2b: Dragalge|69/100
|move|p1b: Frieren|Yawn|p2b: Dragalge
|-start|p2b: Dragalge|move: Yawn|[of] p1b: Frieren
|move|p2b: Dragalge|Sludge Bomb|p1b: Frieren
|-supereffective|p1b: Frieren|1
|-damage|p1b: Frieren|35/100
|-status|p1b: Frieren|psn
|
|-damage|p1b: Frieren|23/100 psn|[from] psn
|upkeep
|turn|12
|
|t:|1785365545
|move|p1a: Yggdrasil|Earth Power|p2b: Dragalge
|-supereffective|p2b: Dragalge|1
|-damage|p2b: Dragalge|39/100
|move|p1b: Frieren|Hyper Voice|p2b: Dragalge
|-damage|p2b: Dragalge|23/100
|move|p2b: Dragalge|Sludge Bomb|p1b: Frieren
|-supereffective|p1b: Frieren|1
|-damage|p1b: Frieren|0 fnt
|faint|p1b: Frieren
|
|-end|p2b: Dragalge|move: Yawn|[silent]
|-status|p2b: Dragalge|slp
|upkeep
|
|t:|1785365558
|switch|p1b: Berserk|Garchomp, L50, M|90/100
|turn|13
|
|t:|1785365583
|move|p1b: Berserk|Dragon Claw|p2b: Dragalge
|-supereffective|p2b: Dragalge|1
|-damage|p2b: Dragalge|0 fnt
|faint|p2b: Dragalge
|-damage|p1b: Berserk|80/100|[from] item: Life Orb
|
|win|x-demon18
||ninjablaze07 is ready for game 2.
