|j|☆KChiefs7
|j|☆No.1AnicredibleFan
|html|KChiefs7No.1AnicredibleFan    
|uhtml|bestof|Game 2 of a best-of-3
|t:|1756403484
|gametype|doubles
|player|p1|KChiefs7|swimmer-gen4|1075
|player|p2|No.1AnicredibleFan|hilbert|1052
|gen|9
|tier|[Gen 9] VGC 2025 Reg H (Bo3)
|rated|
|rule|Species Clause: Limit one of each Pokémon
|rule|Item Clause: Limit 1 of each item
|clearpoke
|poke|p1|Gholdengo, L50|
|poke|p1|Incineroar, L50, M|
|poke|p1|Amoonguss, L50, F|
|poke|p1|Archaludon, L50, M|
|poke|p1|Pelipper, L50, F|
|poke|p1|Basculegion, L50, M|
|poke|p2|Baxcalibur, L50, F|
|poke|p2|Ursaluna-Bloodmoon, L50, M|
|poke|p2|Farigiraf, L50, M|
|poke|p2|Murkrow, L50, M|
|poke|p2|Arcanine-Hisui, L50, F|
|poke|p2|Amoonguss, L50, M|
|teampreview|4
|showteam|p1|Gholdengo||LifeOrb|GoodasGold|MakeItRain,ShadowBall,NastyPlot,Protect||||||50|,,,,,Water]Incineroar||RockyHelmet|Intimidate|Taunt,KnockOff,PartingShot,FakeOut|||M|||50|,,,,,Ghost]Amoonguss||SitrusBerry|Regenerator|PollenPuff,Spore,RagePowder,Protect|||F|||50|,,,,,Water]Archaludon||AssaultVest|Stamina|DragonPulse,FlashCannon,ElectroShot,BodyPress|||M|||50|,,,,,Bug]Pelipper||FocusSash|Drizzle|WeatherBall,Hurricane,Tailwind,Protect|||F|||50|,,,,,Ground]Basculegion||ChoiceBand|SwiftSwim|WaveCrash,LastRespects,FlipTurn,AquaJet|||M|||50|,,,,,Water
|showteam|p2|Baxcalibur||LoadedDice|ThermalExchange|Protect,SwordsDance,ScaleShot,IcicleSpear|||F|||50|,,,,,Poison]Ursaluna-Bloodmoon||LifeOrb|MindsEye|Protect,EarthPower,HyperVoice,BloodMoon|||M|||50|,,,,,Normal]Farigiraf||ThroatSpray|ArmorTail|Protect,TrickRoom,HyperVoice,Psychic|||M|||50|,,,,,Water]Murkrow||Eviolite|Prankster|Protect,Tailwind,Snarl,Haze|||M|||50|,,,,,Ghost]Arcanine-Hisui||ChoiceBand|Intimidate|FlareBlitz,RockSlide,ExtremeSpeed,CloseCombat|||F|||50|,,,,,Grass]Amoonguss||SitrusBerry|Regenerator|Protect,RagePowder,PollenPuff,Spore|||M|||50|,,,,,Water
|inactive|Battle timer is ON: inactive players will automatically lose when time's up. (requested by KChiefs7)
|
|t:|1756403506
|teamsize|p1|4
|teamsize|p2|4
|start
|switch|p1a: Gholdengo|Gholdengo, L50|100/100
|switch|p1b: Basculegion|Basculegion, L50, M|100/100
|switch|p2a: Murkrow|Murkrow, L50, M|100/100
|switch|p2b: Arcanine|Arcanine-Hisui, L50, F|100/100
|-ability|p2b: Arcanine|Intimidate|boost
|-unboost|p1a: Gholdengo|atk|1
|-unboost|p1b: Basculegion|atk|1
|turn|1
|
|t:|1756403529
|switch|p2b: Amoonguss|Amoonguss, L50, M|100/100
|-terastallize|p1a: Gholdengo|Water
|move|p1b: Basculegion|Aqua Jet|p2b: Amoonguss
|-resisted|p2b: Amoonguss
|-damage|p2b: Amoonguss|92/100
|move|p1a: Gholdengo|Nasty Plot|p1a: Gholdengo
|-boost|p1a: Gholdengo|spa|2
|move|p2a: Murkrow|Snarl|p1a: Gholdengo|[spread] p1a,p1b
|-supereffective|p1b: Basculegion
|-damage|p1a: Gholdengo|87/100
|-damage|p1b: Basculegion|72/100
|-unboost|p1a: Gholdengo|spa|1
|-unboost|p1b: Basculegion|spa|1
|
|upkeep
|turn|2
|inactive|No.1AnicredibleFan has 30 seconds left.
|inactive|KChiefs7 has 30 seconds left.
|
|t:|1756403559
|switch|p1b: Incineroar|Incineroar, L50, M|100/100
|-ability|p1b: Incineroar|Intimidate|boost
|-unboost|p2a: Murkrow|atk|1
|-unboost|p2b: Amoonguss|atk|1
|-terastallize|p2b: Amoonguss|Water
|move|p2a: Murkrow|Tailwind|p2a: Murkrow
|-sidestart|p2: No.1AnicredibleFan|move: Tailwind
|move|p1a: Gholdengo|Nasty Plot|p1a: Gholdengo
|-boost|p1a: Gholdengo|spa|2
|move|p2b: Amoonguss|Spore|p1b: Incineroar
|-status|p1b: Incineroar|slp|[from] move: Spore
|
|upkeep
|turn|3
|inactive|KChiefs7 has 30 seconds left.
|inactive|No.1AnicredibleFan has 30 seconds left.
|
|t:|1756403591
|switch|p1b: Pelipper|Pelipper, L50, F|100/100
|-weather|RainDance|[from] ability: Drizzle|[of] p1b: Pelipper
|switch|p2b: Arcanine|Arcanine-Hisui, L50, F|100/100
|-ability|p2b: Arcanine|Intimidate|boost
|-unboost|p1a: Gholdengo|atk|1
|-unboost|p1b: Pelipper|atk|1
|move|p2a: Murkrow|Haze|p2a: Murkrow
|-clearallboost
|move|p1a: Gholdengo|Nasty Plot|p1a: Gholdengo
|-boost|p1a: Gholdengo|spa|2
|
|-weather|RainDance|[upkeep]
|upkeep
|turn|4
|
|t:|1756403610
|move|p1a: Gholdengo|Protect|p1a: Gholdengo
|-singleturn|p1a: Gholdengo|Protect
|move|p2a: Murkrow|Haze|p2a: Murkrow
|-clearallboost
|move|p2b: Arcanine|Rock Slide|p1b: Pelipper|[spread] p1b
|-activate|p1a: Gholdengo|move: Protect
|-supereffective|p1b: Pelipper
|-enditem|p1b: Pelipper|Focus Sash
|-damage|p1b: Pelipper|1/100
|move|p1b: Pelipper|Tailwind|p1b: Pelipper
|-sidestart|p1: KChiefs7|move: Tailwind
|
|-weather|RainDance|[upkeep]
|upkeep
|turn|5
|inactive|KChiefs7 has 30 seconds left.
|inactive|No.1AnicredibleFan has 30 seconds left.
|inactive|KChiefs7 has 20 seconds left.
|inactive|No.1AnicredibleFan has 20 seconds left.
|
|t:|1756403649
|switch|p2b: Amoonguss|Amoonguss, L50, M, tera:Water|100/100
|switch|p1b: Basculegion|Basculegion, L50, M|72/100
|move|p1a: Gholdengo|Make It Rain|p2a: Murkrow|[spread] p2a,p2b
|-resisted|p2b: Amoonguss
|-damage|p2a: Murkrow|42/100
|-damage|p2b: Amoonguss|76/100
|-unboost|p1a: Gholdengo|spa|1
|-damage|p1a: Gholdengo|78/100|[from] item: Life Orb
|move|p2a: Murkrow|Snarl|p1b: Basculegion|[spread] p1a,p1b
|-supereffective|p1b: Basculegion
|-damage|p1a: Gholdengo|64/100
|-damage|p1b: Basculegion|43/100
|-unboost|p1a: Gholdengo|spa|1
|-unboost|p1b: Basculegion|spa|1
|
|-weather|RainDance|[upkeep]
|-sideend|p2: No.1AnicredibleFan|move: Tailwind
|upkeep
|turn|6
|inactive|KChiefs7 has 30 seconds left.
|inactive|No.1AnicredibleFan has 30 seconds left.
|
|t:|1756403682
|move|p2b: Amoonguss|Rage Powder|p2b: Amoonguss
|-singleturn|p2b: Amoonguss|move: Rage Powder
|move|p2a: Murkrow|Tailwind|p2a: Murkrow
|-sidestart|p2: No.1AnicredibleFan|move: Tailwind
|move|p1b: Basculegion|Flip Turn|p2b: Amoonguss
|-resisted|p2b: Amoonguss
|-damage|p2b: Amoonguss|49/100
|-enditem|p2b: Amoonguss|Sitrus Berry|[eat]
|-heal|p2b: Amoonguss|74/100|[from] item: Sitrus Berry
|
|t:|1756403690
|switch|p1b: Incineroar|Incineroar, L50, M|100/100 slp|[from] Flip Turn
|-ability|p1b: Incineroar|Intimidate|boost
|-unboost|p2a: Murkrow|atk|1
|-unboost|p2b: Amoonguss|atk|1
|move|p1a: Gholdengo|Nasty Plot|p1a: Gholdengo
|-boost|p1a: Gholdengo|spa|2
|
|-weather|RainDance|[upkeep]
|upkeep
|turn|7
|
|t:|1756403710
|switch|p2b: Arcanine|Arcanine-Hisui, L50, F|100/100
|-ability|p2b: Arcanine|Intimidate|boost
|-unboost|p1a: Gholdengo|atk|1
|-unboost|p1b: Incineroar|atk|1
|move|p1a: Gholdengo|Protect|p1a: Gholdengo
|-singleturn|p1a: Gholdengo|Protect
|cant|p1b: Incineroar|slp
|move|p2a: Murkrow|Snarl|p1b: Incineroar|[spread] p1b
|-activate|p1a: Gholdengo|move: Protect
|-resisted|p1b: Incineroar
|-damage|p1b: Incineroar|95/100 slp
|-unboost|p1b: Incineroar|spa|1
|
|-weather|none
|-sideend|p1: KChiefs7|move: Tailwind
|upkeep
|turn|8
|
|t:|1756403729
|switch|p1a: Pelipper|Pelipper, L50, F|1/100
|-weather|RainDance|[from] ability: Drizzle|[of] p1a: Pelipper
|switch|p1b: Basculegion|Basculegion, L50, M|43/100
|move|p2b: Arcanine|Rock Slide|p1b: Basculegion|[spread] p1a,p1b
|-supereffective|p1a: Pelipper
|-damage|p1a: Pelipper|0 fnt
|-damage|p1b: Basculegion|0 fnt
|faint|p1a: Pelipper
|faint|p1b: Basculegion
|move|p2a: Murkrow|Snarl|p1: Pelipper|[notarget]
|-fail|p2a: Murkrow
|
|-weather|RainDance|[upkeep]
|upkeep
|
|t:|1756403738
|switch|p1b: Gholdengo|Gholdengo, L50, tera:Water|64/100
|switch|p1a: Incineroar|Incineroar, L50, M|95/100 slp
|-ability|p1a: Incineroar|Intimidate|boost
|-unboost|p2a: Murkrow|atk|1
|-unboost|p2b: Arcanine|atk|1
|turn|9
|inactive|KChiefs7 has 30 seconds left.
|
|t:|1756403765
|move|p2a: Murkrow|Protect|p2a: Murkrow
|-singleturn|p2a: Murkrow|Protect
|-curestatus|p1a: Incineroar|slp|[msg]
|move|p1a: Incineroar|Fake Out|p2b: Arcanine
|-resisted|p2b: Arcanine
|-damage|p2b: Arcanine|94/100
|cant|p2b: Arcanine|flinch
|move|p1b: Gholdengo|Nasty Plot|p1b: Gholdengo
|-boost|p1b: Gholdengo|spa|2
|
|-weather|RainDance|[upkeep]
|-sideend|p2: No.1AnicredibleFan|move: Tailwind
|upkeep
|turn|10
|
|t:|1756403789
|move|p2a: Murkrow|Tailwind|p2a: Murkrow
|-sidestart|p2: No.1AnicredibleFan|move: Tailwind
|move|p2b: Arcanine|Rock Slide|p1b: Gholdengo|[spread] p1a,p1b
|-supereffective|p1a: Incineroar
|-damage|p1a: Incineroar|37/100
|-damage|p1b: Gholdengo|34/100
|move|p1b: Gholdengo|Make It Rain|p2b: Arcanine|[spread] p2a,p2b
|-damage|p2a: Murkrow|0 fnt
|-damage|p2b: Arcanine|0 fnt
|-unboost|p1b: Gholdengo|spa|1
|faint|p2a: Murkrow
|faint|p2b: Arcanine
|-damage|p1b: Gholdengo|24/100|[from] item: Life Orb
|move|p1a: Incineroar|Knock Off|p2: Murkrow|[notarget]
|-fail|p1a: Incineroar
|
|-weather|RainDance|[upkeep]
|upkeep
|
|t:|1756403804
|switch|p2b: Amoonguss|Amoonguss, L50, M, tera:Water|100/100
|switch|p2a: Ursaluna|Ursaluna-Bloodmoon, L50, M|100/100
|turn|11
|c|☆No.1AnicredibleFan|gg
|inactive|KChiefs7 has 30 seconds left.
|inactive|No.1AnicredibleFan has 30 seconds left.
|inactive|KChiefs7 has 20 seconds left.
|inactive|KChiefs7 has 15 seconds left.
|inactive|KChiefs7 has 10 seconds left.
|inactive|KChiefs7 has 5 seconds left.
|
|t:|1756403860
|move|p2a: Ursaluna|Hyper Voice|p1b: Gholdengo|[spread] p1a,p1b
|-damage|p1a: Incineroar|0 fnt
|-damage|p1b: Gholdengo|0 fnt
|faint|p1a: Incineroar
|faint|p1b: Gholdengo
|-damage|p2a: Ursaluna|91/100|[from] item: Life Orb
|
|win|No.1AnicredibleFan
|raw|KChiefs7's rating: 1075 → 1055(-20 for losing)
|raw|No.1AnicredibleFan's rating: 1090 → 1115(+25 for winning)
|c|☆KChiefs7|ggs
|c|☆KChiefs7|I should of had you game one
|c|☆KChiefs7|I ran out of time lol
|l|☆KChiefs7
|player|p1|
|j|☆KChiefs7
|player|p1|KChiefs7|swimmer-gen4|
|l|☆KChiefs7
|player|p1|
