|j|☆Nussloni
|j|☆AllHailCowMoo
|html|NussloniAllHailCowMoo    
|uhtml|bestof|Game 1 of a best-of-3
|t:|1757712075
|gametype|doubles
|player|p1|Nussloni|169|1463
|player|p2|AllHailCowMoo|lance|1591
|gen|9
|tier|[Gen 9] VGC 2025 Reg H (Bo3)
|rated|
|rule|Species Clause: Limit one of each Pokémon
|rule|Item Clause: Limit 1 of each item
|clearpoke
|poke|p1|Sneasler, L50, F|
|poke|p1|Indeedee, L50, M|
|poke|p1|Ursaluna-Bloodmoon, L50, M|
|poke|p1|Electabuzz, L50, F|
|poke|p1|Incineroar, L50, M|
|poke|p1|Talonflame, L50, F|
|poke|p2|Whimsicott, L50, F|
|poke|p2|Smeargle, L50, M|
|poke|p2|Arcanine-Hisui, L50, F|
|poke|p2|Gholdengo, L50|
|poke|p2|Rillaboom, L50, M|
|poke|p2|Kommo-o, L50, F|
|teampreview|4
|showteam|p1|Sneasler||PsychicSeed|Unburden|DireClaw,CloseCombat,ThroatChop,Protect|||F|||50|,,,,,Dark]Indeedee||FocusSash|PsychicSurge|ExpandingForce,HelpingHand,TrickRoom,Protect|||M|||50|,,,,,Psychic]Ursaluna-Bloodmoon||LifeOrb|MindsEye|BloodMoon,EarthPower,HyperVoice,Protect|||M|||50|,,,,,Normal]Electabuzz||Eviolite|VitalSpirit|FollowMe,Electroweb,Taunt,Protect|||F|||50|,,,,,Dragon]Incineroar||SafetyGoggles|Intimidate|FlareBlitz,KnockOff,FakeOut,PartingShot|||M|||50|,,,,,Fire]Talonflame||CovertCloak|GaleWings|DualWingbeat,FlareBlitz,Tailwind,WillOWisp|||F|||50|,,,,,Fairy
|showteam|p2|Whimsicott||CovertCloak|Prankster|Moonblast,Tailwind,Encore,FakeTears|||F|||50|,,,,,Electric]Smeargle||FocusSash|Moody|Spore,Decorate,FollowMe,SpikyShield|||M|||50|,,,,,Ghost]Arcanine-Hisui||ClearAmulet|Intimidate|FlareBlitz,RockSlide,ExtremeSpeed,Protect|||F|||50|,,,,,Ghost]Gholdengo||MetalCoat|GoodasGold|MakeItRain,ShadowBall,NastyPlot,Protect||||||50|,,,,,Water]Rillaboom||AssaultVest|GrassySurge|WoodHammer,GrassyGlide,HighHorsepower,FakeOut|||M|||50|,,,,,Ghost]Kommo-o||LifeOrb|Soundproof|ClangingScales,AuraSphere,Flamethrower,Protect|||F|||50|,,,,,Fire
|inactive|Battle timer is ON: inactive players will automatically lose when time's up. (requested by AllHailCowMoo)
|l|☆Nussloni
|inactive|Nussloni disconnected and has a minute to reconnect!
|player|p1|
|inactive|Nussloni has 30 seconds to reconnect!
|j|☆Nussloni
|inactive|Nussloni reconnected and has 40 seconds left.
|player|p1|Nussloni|169|
|inactive|Nussloni has 30 seconds left.
|
|t:|1757712140
|teamsize|p1|4
|teamsize|p2|4
|start
|switch|p1a: Ursaluna|Ursaluna-Bloodmoon, L50, M|100/100
|switch|p1b: Electabuzz|Electabuzz, L50, F|100/100
|switch|p2a: Joan of Harc|Arcanine-Hisui, L50, F|100/100
|switch|p2b: Monkey Gong|Rillaboom, L50, M|100/100
|-ability|p2a: Joan of Harc|Intimidate|boost
|-unboost|p1a: Ursaluna|atk|1
|-unboost|p1b: Electabuzz|atk|1
|-fieldstart|move: Grassy Terrain|[from] ability: Grassy Surge|[of] p2b: Monkey Gong
|turn|1
|inactive|Nussloni has 30 seconds left.
|
|t:|1757712171
|switch|p2a: Kommodo-Moʻo|Kommo-o, L50, F, shiny|100/100
|move|p1b: Electabuzz|Protect|p1b: Electabuzz
|-singleturn|p1b: Electabuzz|Protect
|move|p1a: Ursaluna|Protect|p1a: Ursaluna
|-singleturn|p1a: Ursaluna|Protect
|move|p2b: Monkey Gong|High Horsepower|p1b: Electabuzz
|-activate|p1b: Electabuzz|move: Protect
|
|upkeep
|turn|2
|inactive|Nussloni has 30 seconds left.
|inactive|Nussloni has 20 seconds left.
|inactive|Nussloni has 15 seconds left.
|inactive|Nussloni has 10 seconds left.
|inactive|Nussloni has 5 seconds left.
|
|t:|1757712226
|move|p1b: Electabuzz|Follow Me|p1b: Electabuzz
|-singleturn|p1b: Electabuzz|move: Follow Me
|move|p2a: Kommodo-Moʻo|Clanging Scales|p1b: Electabuzz|[spread] p1a,p1b
|-damage|p1a: Ursaluna|34/100
|-damage|p1b: Electabuzz|59/100
|-unboost|p2a: Kommodo-Moʻo|def|1
|-damage|p2a: Kommodo-Moʻo|91/100|[from] item: Life Orb
|move|p2b: Monkey Gong|Wood Hammer|p1b: Electabuzz
|-damage|p1b: Electabuzz|0 fnt
|faint|p1b: Electabuzz
|-damage|p2b: Monkey Gong|84/100|[from] Recoil
|move|p1a: Ursaluna|Blood Moon|p2b: Monkey Gong
|-damage|p2b: Monkey Gong|7/100
|-damage|p1a: Ursaluna|24/100|[from] item: Life Orb
|
|-heal|p2a: Kommodo-Moʻo|97/100|[from] Grassy Terrain
|-heal|p2b: Monkey Gong|13/100|[from] Grassy Terrain
|-heal|p1a: Ursaluna|30/100|[from] Grassy Terrain
|upkeep
|inactive|Nussloni has 30 seconds left.
|
|t:|1757712258
|switch|p1b: Indeedee|Indeedee, L50, M|100/100
|-fieldstart|move: Psychic Terrain|[from] ability: Psychic Surge|[of] p1b: Indeedee
|turn|3
|
|t:|1757712279
|switch|p2b: Joan of Harc|Arcanine-Hisui, L50, F|100/100
|-ability|p2b: Joan of Harc|Intimidate|boost
|-unboost|p1a: Ursaluna|atk|1
|-unboost|p1b: Indeedee|atk|1
|switch|p1a: Sneasler|Sneasler, L50, F|100/100
|-enditem|p1a: Sneasler|Psychic Seed
|-boost|p1a: Sneasler|spd|1|[from] item: Psychic Seed
|move|p2a: Kommodo-Moʻo|Protect|p2a: Kommodo-Moʻo
|-singleturn|p2a: Kommodo-Moʻo|Protect
|move|p1b: Indeedee|Expanding Force|p2a: Kommodo-Moʻo|[spread] p2b
|-activate|p2a: Kommodo-Moʻo|move: Protect
|-damage|p2b: Joan of Harc|40/100
|
|upkeep
|turn|4
|inactive|Nussloni has 30 seconds left.
|
|t:|1757712309
|switch|p2b: Steely Dan|Gholdengo, L50|100/100
|switch|p2a: Monkey Gong|Rillaboom, L50, M|13/100
|-fieldstart|move: Grassy Terrain|[from] ability: Grassy Surge|[of] p2a: Monkey Gong
|move|p1a: Sneasler|Dire Claw|p2a: Monkey Gong
|-supereffective|p2a: Monkey Gong
|-damage|p2a: Monkey Gong|0 fnt
|faint|p2a: Monkey Gong
|move|p1b: Indeedee|Expanding Force|p2b: Steely Dan
|-resisted|p2b: Steely Dan
|-damage|p2b: Steely Dan|85/100
|
|-heal|p2b: Steely Dan|91/100|[from] Grassy Terrain
|upkeep
|
|t:|1757712318
|switch|p2a: Joan of Harc|Arcanine-Hisui, L50, F|40/100
|-ability|p2a: Joan of Harc|Intimidate|boost
|-unboost|p1a: Sneasler|atk|1
|-unboost|p1b: Indeedee|atk|1
|turn|5
|inactive|Nussloni has 30 seconds left.
|inactive|AllHailCowMoo has 30 seconds left.
|inactive|Nussloni has 20 seconds left.
|inactive|Nussloni has 15 seconds left.
|
|t:|1757712362
|-terastallize|p2b: Steely Dan|Water
|move|p1b: Indeedee|Protect|p1b: Indeedee
|-singleturn|p1b: Indeedee|Protect
|move|p2a: Joan of Harc|Extreme Speed|p1b: Indeedee
|-activate|p1b: Indeedee|move: Protect
|move|p1a: Sneasler|Close Combat|p2a: Joan of Harc
|-supereffective|p2a: Joan of Harc
|-damage|p2a: Joan of Harc|0 fnt
|-unboost|p1a: Sneasler|def|1
|-unboost|p1a: Sneasler|spd|1
|faint|p2a: Joan of Harc
|move|p2b: Steely Dan|Make It Rain|p1a: Sneasler|[spread] p1a
|-activate|p1b: Indeedee|move: Protect
|-damage|p1a: Sneasler|24/100
|-unboost|p2b: Steely Dan|spa|1
|
|-heal|p1a: Sneasler|30/100|[from] Grassy Terrain
|-heal|p2b: Steely Dan|97/100|[from] Grassy Terrain
|upkeep
|
|t:|1757712366
|switch|p2a: Kommodo-Moʻo|Kommo-o, L50, F, shiny|97/100
|turn|6
|inactive|Nussloni has 30 seconds left.
|inactive|Nussloni has 20 seconds left.
|inactive|Nussloni has 15 seconds left.
|
|t:|1757712408
|switch|p1b: Ursaluna|Ursaluna-Bloodmoon, L50, M|30/100
|move|p1a: Sneasler|Protect|p1a: Sneasler
|-singleturn|p1a: Sneasler|Protect
|move|p2a: Kommodo-Moʻo|Protect|p2a: Kommodo-Moʻo
|-singleturn|p2a: Kommodo-Moʻo|Protect
|move|p2b: Steely Dan|Make It Rain|p1b: Ursaluna|[spread] p1b
|-activate|p1a: Sneasler|move: Protect
|-damage|p1b: Ursaluna|0 fnt
|-unboost|p2b: Steely Dan|spa|1
|faint|p1b: Ursaluna
|
|-heal|p1a: Sneasler|36/100|[from] Grassy Terrain
|-heal|p2a: Kommodo-Moʻo|100/100|[from] Grassy Terrain
|-heal|p2b: Steely Dan|100/100|[from] Grassy Terrain
|upkeep
|
|t:|1757712423
|switch|p1b: Indeedee|Indeedee, L50, M|100/100
|-fieldstart|move: Psychic Terrain|[from] ability: Psychic Surge|[of] p1b: Indeedee
|turn|7
|
|t:|1757712430
|-terastallize|p1b: Indeedee|Psychic
|move|p1a: Sneasler|Close Combat|p2b: Steely Dan
|-damage|p2b: Steely Dan|55/100
|-unboost|p1a: Sneasler|def|1
|-unboost|p1a: Sneasler|spd|1
|move|p1b: Indeedee|Expanding Force|p2b: Steely Dan|[spread] p2a,p2b
|-supereffective|p2a: Kommodo-Moʻo
|-damage|p2a: Kommodo-Moʻo|0 fnt
|-damage|p2b: Steely Dan|0 fnt
|faint|p2a: Kommodo-Moʻo
|faint|p2b: Steely Dan
|
|win|Nussloni
