|j|☆MmoC1
|j|☆zady11
|html|MmoC1zady11    
|uhtml|bestof|Game 1 of a best-of-3
|t:|1783767737
|gametype|doubles
|player|p1|MmoC1|skierf|
|player|p2|zady11|guitarist|
|gen|9
|tier|[Gen 9 Champions] VGC 2026 Reg M-B (Bo3)
|rule|Species Clause: Limit one of each Pokémon
|rule|Item Clause: Limit 1 of each item
|clearpoke
|poke|p1|Charizard, L50, M|
|poke|p1|Sylveon, L50, M|
|poke|p1|Aerodactyl, L50, M|
|poke|p1|Kingambit, L50, F|
|poke|p1|Garchomp, L50, F|
|poke|p1|Farigiraf, L50, M|
|poke|p2|Charizard, L50, M|
|poke|p2|Aerodactyl, L50, F|
|poke|p2|Kingambit, L50, F|
|poke|p2|Sylveon, L50, F|
|poke|p2|Garchomp, L50, M|
|poke|p2|Farigiraf, L50, M|
|teampreview|4
|showteam|p1|Charizard||CharizarditeY|SolarPower|Protect,HeatWave,WeatherBall,SolarBeam|Modest||M|||50|]Sylveon||FairyFeather|Pixilate|Protect,HyperVoice,HyperBeam,QuickAttack|Modest||M|||50|]Aerodactyl||Aerodactylite|RockHead|RockSlide,DualWingbeat,IceFang,Tailwind|Jolly||M|||50|]Kingambit||FocusSash|Defiant|KowtowCleave,SuckerPunch,IronHead,LowKick|Jolly||F|||50|]Garchomp||LifeOrb|RoughSkin|Protect,StompingTantrum,Earthquake,DragonClaw|Jolly||F|||50|]Farigiraf||SitrusBerry|ArmorTail|Psychic,Thunderbolt,Roar,TrickRoom|Bold||M|||50|
|showteam|p2|Charizard||CharizarditeY|Blaze|HeatWave,WeatherBall,SolarBeam,Protect|Modest||M|||50|]Aerodactyl||Aerodactylite|RockHead|RockSlide,DualWingbeat,IceFang,Tailwind|Jolly||F|||50|]Kingambit||FocusSash|Defiant|KowtowCleave,SuckerPunch,IronHead,LowKick|Adamant||F|||50|]Sylveon||FairyFeather|Pixilate|HyperVoice,QuickAttack,HyperBeam,Protect|Modest||F|||50|]Garchomp||LifeOrb|RoughSkin|DragonClaw,StompingTantrum,Earthquake,Protect|Jolly||M|||50|]Farigiraf||SitrusBerry|ArmorTail|TwinBeam,Thunderbolt,Roar,TrickRoom|Bold||M|||50|
|inactive|Battle timer is ON: inactive players will automatically lose when time's up. (requested by zady11)
|
|t:|1783767761
|teamsize|p1|4
|teamsize|p2|4
|start
|switch|p1a: Aerodactyl|Aerodactyl, L50, M|100/100
|switch|p1b: Kingambit|Kingambit, L50, F|100/100
|switch|p2a: Aerodactyl|Aerodactyl, L50, F|100/100
|switch|p2b: Kingambit|Kingambit, L50, F|100/100
|turn|1
|inactive|MmoC1 has 30 seconds left.
|
|t:|1783767790
|detailschange|p2a: Aerodactyl|Aerodactyl-Mega, L50, F
|-mega|p2a: Aerodactyl|Aerodactyl|Aerodactylite
|detailschange|p1a: Aerodactyl|Aerodactyl-Mega, L50, M
|-mega|p1a: Aerodactyl|Aerodactyl|Aerodactylite
|move|p2a: Aerodactyl|Rock Slide|p1b: Kingambit|[spread] p1a,p1b
|-supereffective|p1a: Aerodactyl|1
|-resisted|p1b: Kingambit|1
|-damage|p1a: Aerodactyl|27/100
|-damage|p1b: Kingambit|85/100
|move|p1a: Aerodactyl|Rock Slide|p2a: Aerodactyl|[spread] p2b
|-miss|p1a: Aerodactyl|p2a: Aerodactyl
|-resisted|p2b: Kingambit|1
|-damage|p2b: Kingambit|88/100
|move|p1b: Kingambit|Iron Head|p2a: Aerodactyl
|-supereffective|p2a: Aerodactyl|1
|-damage|p2a: Aerodactyl|0 fnt
|faint|p2a: Aerodactyl
|move|p2b: Kingambit|Low Kick|p1b: Kingambit
|-supereffective|p1b: Kingambit|2
|-damage|p1b: Kingambit|0 fnt
|faint|p1b: Kingambit
|
|upkeep
|
|t:|1783767812
|switch|p2a: Sylveon|Sylveon, L50, F|100/100
|switch|p1b: Garchomp|Garchomp, L50, F|100/100
|turn|2
|
|t:|1783767831
|switch|p2b: Garchomp|Garchomp, L50, M|100/100
|move|p1b: Garchomp|Protect|p1b: Garchomp
|-singleturn|p1b: Garchomp|Protect
|move|p1a: Aerodactyl|Tailwind|p1a: Aerodactyl
|-sidestart|p1: MmoC1|move: Tailwind
|move|p2a: Sylveon|Hyper Voice|p1a: Aerodactyl|[spread] p1a
|-activate|p1b: Garchomp|move: Protect
|-damage|p1a: Aerodactyl|0 fnt
|faint|p1a: Aerodactyl
|
|upkeep
|
|t:|1783767840
|switch|p1a: Sylveon|Sylveon, L50, M|100/100
|turn|3
|
|t:|1783767854
|move|p2b: Garchomp|Protect|p2b: Garchomp
|-singleturn|p2b: Garchomp|Protect
|move|p1b: Garchomp|Stomping Tantrum|p2a: Sylveon
|-damage|p2a: Sylveon|42/100
|-damage|p1b: Garchomp|90/100|[from] item: Life Orb
|move|p1a: Sylveon|Hyper Voice|p2b: Garchomp|[spread] p2a
|-activate|p2b: Garchomp|move: Protect
|-damage|p2a: Sylveon|2/100
|move|p2a: Sylveon|Hyper Voice|p1b: Garchomp|[spread] p1a,p1b
|-supereffective|p1b: Garchomp|1
|-damage|p1a: Sylveon|60/100
|-damage|p1b: Garchomp|0 fnt
|faint|p1b: Garchomp
|
|upkeep
|turn|4
|inactive|zady11 has 30 seconds left.
|inactive|zady11 has 20 seconds left.
|
|t:|1783767894
|switch|p2b: Kingambit|Kingambit, L50, F|88/100
|move|p2a: Sylveon|Protect|p2a: Sylveon
|-singleturn|p2a: Sylveon|Protect
|move|p1a: Sylveon|Hyper Voice|p2a: Sylveon|[spread] p2b
|-activate|p2a: Sylveon|move: Protect
|-damage|p2b: Kingambit|34/100
|
|upkeep
|turn|5
|
|t:|1783767911
|move|p2b: Kingambit|Sucker Punch|p1a: Sylveon
|-resisted|p1a: Sylveon|1
|-damage|p1a: Sylveon|37/100
|move|p2a: Sylveon|Quick Attack|p1a: Sylveon
|-damage|p1a: Sylveon|22/100
|move|p1a: Sylveon|Hyper Voice|p2a: Sylveon|[spread] p2a,p2b
|-damage|p2a: Sylveon|0 fnt
|-damage|p2b: Kingambit|0 fnt
|faint|p2a: Sylveon
|faint|p2b: Kingambit
|
|-sideend|p1: MmoC1|move: Tailwind
|upkeep
|
|t:|1783767919
|switch|p2a: Garchomp|Garchomp, L50, M|100/100
|turn|6
|
|t:|1783767925
|move|p2a: Garchomp|Earthquake|p1a: Sylveon
|-damage|p1a: Sylveon|0 fnt
|faint|p1a: Sylveon
|-damage|p2a: Garchomp|90/100|[from] item: Life Orb
|
|win|zady11
||zady11 is ready for game 2.
||MmoC1 is ready for game 2.
|uhtml|next|Next: Game 2 of 3
