|j|â˜†SkullHammer257
|j|â˜†NorfOrSomething
|html|SkullHammer257NorfOrSomething    
|uhtml|bestof|Game 3 of a best-of-3
|t:|1757101822
|gametype|doubles
|player|p1|SkullHammer257|caitlin|
|player|p2|NorfOrSomething|artist-gen4|
|gen|9
|tier|[Gen 9] VGC 2025 Reg H (Bo3)
|rule|Species Clause: Limit one of each PokÃ©mon
|rule|Item Clause: Limit 1 of each item
|clearpoke
|poke|p1|Incineroar, L50, F|
|poke|p1|Porygon2, L50|
|poke|p1|Yanmega, L50, M|
|poke|p1|Sneasler, L50, M|
|poke|p1|Ursaluna, L50, F|
|poke|p1|Archaludon, L50, F|
|poke|p2|Tyranitar, L50, F|
|poke|p2|Excadrill, L50, F|
|poke|p2|Indeedee, L50, M|
|poke|p2|Sneasler, L50, M|
|poke|p2|Annihilape, L50, M|
|poke|p2|Dragonite, L50, F|
|teampreview|4
|showteam|p1|Incineroar||SafetyGoggles|Intimidate|FakeOut,PartingShot,FlareBlitz,KnockOff|||F|||50|,,,,,Ghost]Porygon2||Eviolite|Download|Recover,IceBeam,TeraBlast,TrickRoom||||||50|,,,,,Flying]Yanmega||FocusSash|SpeedBoost|Detect,AirSlash,BugBuzz,Tailwind|||M|||50|,,,,,Ghost]Sneasler||WhiteHerb|Unburden|Protect,CloseCombat,ThroatChop,DireClaw|||M|||50|,,,,,Stellar]Ursaluna||FlameOrb|Guts|Protect,Earthquake,Facade,HeadlongRush|||F|||50|,,,,,Ghost]Archaludon||PowerHerb|Stalwart|Protect,ElectroShot,DragonPulse,Thunderbolt|||F|||50|,,,,,Electric
|showteam|p2|Tyranitar||AssaultVest|SandStream|KnockOff,LowKick,RockSlide,TeraBlast|||F|||50|,,,,,Flying]Excadrill||FocusSash|SandRush|Earthquake,IronHead,HighHorsepower,Protect|||F|||50|,,,,,Stellar]Indeedee||ChoiceScarf|PsychicSurge|ExpandingForce,TeraBlast,Trick,Psyshock|||M|||50|,,,,,Ground]Sneasler||PsychicSeed|Unburden|CloseCombat,DireClaw,LashOut,Protect|||M|||50|,,,,,Stellar]Annihilape||SafetyGoggles|Defiant|CloseCombat,RageFist,FinalGambit,Coaching|||M|||50|,,,,,Stellar]Dragonite||LoadedDice|Multiscale|ScaleShot,Tailwind,Protect,StompingTantrum|||F|||50|,,,,,Steel
|c|â˜†SkullHammer257|Gl hf
|c|â˜†NorfOrSomething|glhf
|c|â˜†SkullHammer257|This was really nice btw
|c|â˜†NorfOrSomething|absolutely
|
|t:|1757101888
|teamsize|p1|4
|teamsize|p2|4
|start
|switch|p1a: Archaludon|Archaludon, L50, F|100/100
|switch|p1b: Incineroar|Incineroar, L50, F|100/100
|switch|p2a: Dragonite|Dragonite, L50, F|100/100
|switch|p2b: Annihilape|Annihilape, L50, M|100/100
|-ability|p1b: Incineroar|Intimidate|boost
|-unboost|p2a: Dragonite|atk|1
|-unboost|p2b: Annihilape|atk|1
|-ability|p2b: Annihilape|Defiant|boost
|-boost|p2b: Annihilape|atk|2
|turn|1
|
|t:|1757101931
|switch|p1b: Porygon2|Porygon2, L50|100/100
|-ability|p1b: Porygon2|Download|boost
|-boost|p1b: Porygon2|atk|1
|-terastallize|p1a: Archaludon|Electric
|move|p2a: Dragonite|Protect|p2a: Dragonite
|-singleturn|p2a: Dragonite|Protect
|move|p2b: Annihilape|Close Combat|p1a: Archaludon
|-damage|p1a: Archaludon|43/100
|-unboost|p2b: Annihilape|def|1
|-unboost|p2b: Annihilape|spd|1
|move|p1a: Archaludon|Electro Shot||[still]
|-prepare|p1a: Archaludon|Electro Shot
|-boost|p1a: Archaludon|spa|1
|-enditem|p1a: Archaludon|Power Herb
|-anim|p1a: Archaludon|Electro Shot|p2a: Dragonite
|-activate|p2a: Dragonite|move: Protect
|
|upkeep
|turn|2
|c|â˜†SkullHammer257|You piece of shit
|c|â˜†NorfOrSomething|heh
|
|t:|1757101987
|-terastallize|p2b: Annihilape|Stellar
|move|p1a: Archaludon|Protect|p1a: Archaludon
|-singleturn|p1a: Archaludon|Protect
|move|p2b: Annihilape|Close Combat|p1b: Porygon2
|-supereffective|p1b: Porygon2
|-damage|p1b: Porygon2|0 fnt
|-unboost|p2b: Annihilape|def|1
|-unboost|p2b: Annihilape|spd|1
|faint|p1b: Porygon2
|move|p2a: Dragonite|Tailwind|p2a: Dragonite
|-sidestart|p2: NorfOrSomething|move: Tailwind
|
|upkeep
|c|â˜†SkullHammer257|Fuck
|
|t:|1757102007
|switch|p1b: Sneasler|Sneasler, L50, M|100/100
|turn|3
|
|t:|1757102031
|move|p2b: Annihilape|Close Combat|p1a: Archaludon
|-damage|p1a: Archaludon|0 fnt
|-unboost|p2b: Annihilape|def|1
|-unboost|p2b: Annihilape|spd|1
|faint|p1a: Archaludon
|move|p2a: Dragonite|Scale Shot|p1b: Sneasler
|-damage|p1b: Sneasler|86/100
|-crit|p1b: Sneasler
|-damage|p1b: Sneasler|53/100
|-damage|p1b: Sneasler|39/100
|-damage|p1b: Sneasler|24/100
|-hitcount|p1b: Sneasler|4
|-unboost|p2a: Dragonite|def|1
|-boost|p2a: Dragonite|spe|1
|move|p1b: Sneasler|Dire Claw|p2a: Dragonite
|-damage|p2a: Dragonite|64/100
|-status|p2a: Dragonite|psn
|
|-damage|p2a: Dragonite|52/100 psn|[from] psn
|upkeep
|c|â˜†SkullHammer257|Damn
|
|t:|1757102054
|switch|p1a: Incineroar|Incineroar, L50, F|100/100
|-ability|p1a: Incineroar|Intimidate|boost
|-unboost|p2a: Dragonite|atk|1
|-unboost|p2b: Annihilape|atk|1
|-ability|p2b: Annihilape|Defiant|boost
|-boost|p2b: Annihilape|atk|2
|turn|4
|c|â˜†SkullHammer257|That's annoying
|c|â˜†NorfOrSomething|monkeyh
|
|t:|1757102078
|move|p1a: Incineroar|Fake Out|p2a: Dragonite
|-damage|p2a: Dragonite|36/100 psn
|cant|p2a: Dragonite|flinch
|move|p2b: Annihilape|Close Combat|p1a: Incineroar
|-supereffective|p1a: Incineroar
|-damage|p1a: Incineroar|0 fnt
|-unboost|p2b: Annihilape|def|1
|-unboost|p2b: Annihilape|spd|1
|faint|p1a: Incineroar
|move|p1b: Sneasler|Dire Claw|p2b: Annihilape
|-resisted|p2b: Annihilape
|-damage|p2b: Annihilape|37/100
|
|-damage|p2a: Dragonite|24/100 psn|[from] psn
|upkeep
|turn|5
|c|â˜†SkullHammer257|no status??
|c|â˜†NorfOrSomething|ikr wild
|
|t:|1757102112
|move|p1b: Sneasler|Protect|p1b: Sneasler
|-singleturn|p1b: Sneasler|Protect
|move|p2a: Dragonite|Scale Shot|p1b: Sneasler
|-activate|p1b: Sneasler|move: Protect
|move|p2b: Annihilape|Final Gambit|p1b: Sneasler
|-activate|p1b: Sneasler|move: Protect
|
|-damage|p2a: Dragonite|12/100 psn|[from] psn
|-sideend|p2: NorfOrSomething|move: Tailwind
|upkeep
|turn|6
|
|t:|1757102124
|move|p1b: Sneasler|Protect||[still]
|-fail|p1b: Sneasler
|move|p2a: Dragonite|Scale Shot|p1b: Sneasler
|-damage|p1b: Sneasler|13/100
|-damage|p1b: Sneasler|2/100
|-damage|p1b: Sneasler|0 fnt
|faint|p1b: Sneasler
|-hitcount|p1: Sneasler|3
|
|win|NorfOrSomething
|c|â˜†NorfOrSomething|gg
|c|â˜†SkullHammer257|I was praying for double
|c|â˜†SkullHammer257|Gg
|c|â˜†SkullHammer257|At least there was no money on the line
|c|â˜†NorfOrSomething|yeah
