|j|☆Duca_tommy
|j|☆TreyBayBay
|html|Duca_tommyTreyBayBay    
|uhtml|bestof|Game 1 of a best-of-3
|t:|1757701569
|gametype|doubles
|player|p1|Duca_tommy|169|1211
|player|p2|TreyBayBay|ninjaboy|1097
|gen|9
|tier|[Gen 9] VGC 2025 Reg H (Bo3)
|rated|
|rule|Species Clause: Limit one of each Pokémon
|rule|Item Clause: Limit 1 of each item
|clearpoke
|poke|p1|Hydrapple, L50, M|
|poke|p1|Indeedee-F, L50, F|
|poke|p1|Gallade, L50, M|
|poke|p1|Torkoal, L50, F|
|poke|p1|Zoroark-Hisui, L50, M|
|poke|p1|Hatterene, L50, F|
|poke|p2|Ninetales-Alola, L50, M|
|poke|p2|Farigiraf, L50, M|
|poke|p2|Sneasler, L50, F|
|poke|p2|Incineroar, L50, M|
|poke|p2|Archaludon, L50, F|
|poke|p2|Hydreigon, L50, M|
|teampreview|4
|showteam|p1|Hydrapple||AssaultVest|Regenerator|PollenPuff,SolarBeam,EnergyBall,FickleBeam|||M|||50|,,,,,Poison]Indeedee-F||PsychicSeed|PsychicSurge|TrickRoom,FollowMe,HelpingHand,Psychic|||F|||50|,,,,,Grass]Gallade||ClearAmulet|Sharpness|PsychoCut,SacredSword,WideGuard,TrickRoom|||M|||50|,,,,,Grass]Torkoal||Charcoal|Drought|Eruption,HeatWave,WeatherBall,Protect|||F|||50|,,,,,Fire]Zoroark-Hisui||ChoiceSpecs|Illusion|HyperBeam,HyperVoice,BitterMalice,ShadowBall|||M|||50|,,,,,Normal]Hatterene||LifeOrb|MagicBounce|TrickRoom,ExpandingForce,DazzlingGleam,Protect|||F|||50|,,,,,Fire
|showteam|p2|Ninetales-Alola||LightClay|SnowWarning|Protect,Blizzard,Moonblast,AuroraVeil|||M|||50|,,,,,Ghost]Farigiraf||ThroatSpray|ArmorTail|ExpandingForce,HyperVoice,TrickRoom,Imprison|||M|||50|,,,,,Fairy]Sneasler||FocusSash|PoisonTouch|FakeOut,DireClaw,CloseCombat,Taunt|||F|||50|,,,,,Stellar]Incineroar||SafetyGoggles|Intimidate|FakeOut,FlareBlitz,KnockOff,WillOWisp|||M|||50|,,,,,Ghost]Archaludon||AssaultVest|Stamina|DracoMeteor,FlashCannon,BodyPress,Snarl|||F|||50|,,,,,Bug]Hydreigon||CovertCloak|Levitate|DarkPulse,EarthPower,NastyPlot,Tailwind|||M|||50|,,,,,Ghost
|inactive|Battle timer is ON: inactive players will automatically lose when time's up. (requested by Duca_tommy)
|inactive|Duca_tommy has 60 seconds left.
|inactive|TreyBayBay has 60 seconds left.
|
|t:|1757701618
|teamsize|p1|4
|teamsize|p2|4
|start
|switch|p1a: Indeedee|Indeedee-F, L50, F|100/100
|switch|p1b: Gallade|Gallade, L50, M|100/100
|switch|p2a: Hydreigon|Hydreigon, L50, M, shiny|100/100
|switch|p2b: Farigiraf|Farigiraf, L50, M, shiny|100/100
|-fieldstart|move: Psychic Terrain|[from] ability: Psychic Surge|[of] p1a: Indeedee
|-enditem|p1a: Indeedee|Psychic Seed
|-boost|p1a: Indeedee|spd|1|[from] item: Psychic Seed
|turn|1
|inactive|Duca_tommy has 30 seconds left.
|inactive|TreyBayBay has 30 seconds left.
|inactive|TreyBayBay has 20 seconds left.
|inactive|TreyBayBay has 15 seconds left.
|
|t:|1757701660
|switch|p2a: Ninetales|Ninetales-Alola, L50, M, shiny|100/100
|-weather|Snowscape|[from] ability: Snow Warning|[of] p2a: Ninetales
|-terastallize|p1b: Gallade|Normal
|move|p1b: Gallade|Hyper Beam|p2b: Farigiraf
|-damage|p2b: Farigiraf|0 fnt
|-mustrecharge|p1b: Gallade
|faint|p2b: Farigiraf
|move|p1a: Indeedee|Trick Room|p1a: Indeedee
|-fieldstart|move: Trick Room|[of] p1a: Indeedee
|
|-weather|Snowscape|[upkeep]
|upkeep
|
|t:|1757701670
|switch|p2b: Archaludon|Archaludon, L50, F, shiny|100/100
|turn|2
|
|t:|1757701688
|switch|p1a: Torkoal|Torkoal, L50, F|100/100
|-weather|SunnyDay|[from] ability: Drought|[of] p1a: Torkoal
|switch|p2a: Hydreigon|Hydreigon, L50, M, shiny|100/100
|move|p2b: Archaludon|Snarl|p1b: Gallade|[spread] p1a,p1b
|-crit|p1a: Torkoal
|-damage|p1a: Torkoal|75/100
|-damage|p1b: Gallade|75/100
|-unboost|p1a: Torkoal|spa|1
|-unboost|p1b: Gallade|spa|1
|replace|p1b: Zoroark|Zoroark-Hisui, L50, M
|-end|p1b: Zoroark|Illusion
|cant|p1b: Zoroark|recharge
|
|-weather|SunnyDay|[upkeep]
|upkeep
|turn|3
|inactive|Duca_tommy has 30 seconds left.
|
|t:|1757701713
|switch|p1a: Gallade|Gallade, L50, M|100/100
|move|p2b: Archaludon|Snarl|p1a: Gallade|[spread] p1a,p1b
|-damage|p1a: Gallade|88/100
|-damage|p1b: Zoroark|50/100
|-unboost|p1b: Zoroark|spa|1
|move|p2a: Hydreigon|Earth Power|p1a: Gallade
|-crit|p1a: Gallade
|-damage|p1a: Gallade|44/100
|move|p1b: Zoroark|Hyper Beam|p2b: Archaludon
|-resisted|p2b: Archaludon
|-damage|p2b: Archaludon|74/100
|-mustrecharge|p1b: Zoroark
|-ability|p2b: Archaludon|Stamina|boost
|-boost|p2b: Archaludon|def|1
|
|-weather|SunnyDay|[upkeep]
|upkeep
|turn|4
|inactive|TreyBayBay has 30 seconds left.
|
|t:|1757701742
|move|p1a: Gallade|Sacred Sword|p2a: Hydreigon
|-supereffective|p2a: Hydreigon
|-crit|p2a: Hydreigon
|-damage|p2a: Hydreigon|0 fnt
|faint|p2a: Hydreigon
|move|p2b: Archaludon|Draco Meteor|p1a: Gallade
|-damage|p1a: Gallade|0 fnt
|-unboost|p2b: Archaludon|spa|2
|faint|p1a: Gallade
|cant|p1b: Zoroark|recharge
|
|-weather|SunnyDay|[upkeep]
|upkeep
|
|t:|1757701753
|switch|p1a: Indeedee|Indeedee-F, L50, F|100/100
|switch|p2a: Ninetales|Ninetales-Alola, L50, M, shiny|100/100
|-weather|Snowscape|[from] ability: Snow Warning|[of] p2a: Ninetales
|turn|5
|
|t:|1757701774
|switch|p1b: Torkoal|Torkoal, L50, F|75/100
|-weather|SunnyDay|[from] ability: Drought|[of] p1b: Torkoal
|move|p1a: Indeedee|Psychic|p2a: Ninetales
|-damage|p2a: Ninetales|56/100
|move|p2b: Archaludon|Snarl|p1a: Indeedee|[spread] p1a,p1b
|-supereffective|p1a: Indeedee
|-damage|p1a: Indeedee|88/100
|-damage|p1b: Torkoal|67/100
|-unboost|p1a: Indeedee|spa|1
|-unboost|p1b: Torkoal|spa|1
|move|p2a: Ninetales|Moonblast|p1a: Indeedee
|-damage|p1a: Indeedee|52/100
|
|-weather|SunnyDay|[upkeep]
|-fieldend|move: Trick Room
|-fieldend|move: Psychic Terrain
|upkeep
|turn|6
|inactive|Duca_tommy has 30 seconds left.
|inactive|TreyBayBay has 30 seconds left.
|
|t:|1757701816
|switch|p1a: Indeedee|Indeedee-F, L50, F, tera:Normal|50/100
|move|p2a: Ninetales|Moonblast|p1a: Indeedee
|-damage|p1a: Indeedee|0 fnt
|replace|p1a: Zoroark|Zoroark-Hisui, L50, M
|-end|p1a: Zoroark|Illusion
|faint|p1a: Zoroark
|move|p2b: Archaludon|Snarl|p1b: Torkoal
|-damage|p1b: Torkoal|55/100
|-unboost|p1b: Torkoal|spa|1
|move|p1b: Torkoal|Heat Wave|p2a: Ninetales|[spread] p2a,p2b
|-supereffective|p2a: Ninetales
|-damage|p2a: Ninetales|0 fnt
|-damage|p2b: Archaludon|54/100
|-ability|p2b: Archaludon|Stamina|boost
|-boost|p2b: Archaludon|def|1
|faint|p2a: Ninetales
|
|-weather|SunnyDay|[upkeep]
|upkeep
|
|t:|1757701822
|switch|p1a: Indeedee|Indeedee-F, L50, F|52/100
|-fieldstart|move: Psychic Terrain|[from] ability: Psychic Surge|[of] p1a: Indeedee
|turn|7
|
|t:|1757701838
|move|p2b: Archaludon|Snarl|p1b: Torkoal|[spread] p1a,p1b
|-supereffective|p1a: Indeedee
|-crit|p1a: Indeedee
|-damage|p1a: Indeedee|15/100
|-damage|p1b: Torkoal|46/100
|-unboost|p1a: Indeedee|spa|1
|-unboost|p1b: Torkoal|spa|1
|move|p1b: Torkoal|Weather Ball|p2b: Archaludon
|-damage|p2b: Archaludon|34/100
|-ability|p2b: Archaludon|Stamina|boost
|-boost|p2b: Archaludon|def|1
|move|p1a: Indeedee|Trick Room|p1a: Indeedee
|-fieldstart|move: Trick Room|[of] p1a: Indeedee
|
|-weather|SunnyDay|[upkeep]
|upkeep
|turn|8
|
|t:|1757701850
|move|p1b: Torkoal|Weather Ball|p2b: Archaludon
|-crit|p2b: Archaludon
|-damage|p2b: Archaludon|0 fnt
|faint|p2b: Archaludon
|
|win|Duca_tommy
||Duca_tommy is ready for game 2.
