|j|☆itmaybetime
|j|☆cygneve
|html|itmaybetimecygneve    
|uhtml|bestof|Game 2 of a best-of-3
|t:|1782254923
|gametype|doubles
|player|p1|itmaybetime|101|1000
|player|p2|cygneve|waitress|1025
|gen|9
|tier|[Gen 9 Champions] VGC 2026 Reg M-B (Bo3)
|rated|
|rule|Species Clause: Limit one of each Pokémon
|rule|Item Clause: Limit 1 of each item
|clearpoke
|poke|p1|Gholdengo, L50|
|poke|p1|Incineroar, L50, F|
|poke|p1|Garchomp, L50, F|
|poke|p1|Charizard, L50, M|
|poke|p1|Basculegion, L50, M|
|poke|p1|Whimsicott, L50, M|
|poke|p2|Chimecho, L50, F|
|poke|p2|Garchomp, L50, F|
|poke|p2|Sylveon, L50, F|
|poke|p2|Whimsicott, L50, M|
|poke|p2|Kangaskhan, L50, F|
|poke|p2|Torkoal, L50, M|
|teampreview|4
|showteam|p1|Gholdengo||SpellTag|GoodasGold|MakeItRain,ShadowBall,NastyPlot,Protect|Modest|||||50|]Incineroar||SitrusBerry|Intimidate|PartingShot,FlareBlitz,ThroatChop,FakeOut|Impish||F|||50|]Garchomp||LifeOrb|RoughSkin|Earthquake,DragonClaw,RockSlide,Protect|Jolly||F|||50|]Charizard||CharizarditeY|Blaze|HeatWave,SolarBeam,WeatherBall,Protect|Modest||M|||50|]Basculegion||ChoiceScarf|Adaptability|WaveCrash,LastRespects,AquaJet,FlipTurn|Jolly||M|||50|]Whimsicott||FocusSash|Prankster|Tailwind,Encore,Moonblast,Protect|Timid||M|||50|
|showteam|p2|Chimecho||Chimechite|Levitate|AllySwitch,TrickRoom,Psychic,Protect|Modest||F|||50|]Garchomp||ChoiceScarf|SandVeil|DragonClaw,Earthquake,RockSlide,BrickBreak|Adamant||F|||50|]Sylveon||Leftovers|Pixilate|HyperVoice,Protect,QuickAttack,HelpingHand|Modest||F|||50|]Whimsicott||LifeOrb|Prankster|Tailwind,EnergyBall,Encore,LightScreen|Timid||M|||50|]Kangaskhan||Kangaskhanite|InnerFocus|FakeOut,SuckerPunch,DoubleEdge,Protect|Serious||F|||50|]Torkoal||FocusSash|Drought|Eruption,SludgeBomb,Protect,SolarBeam|Serious||M|||50|
|
|t:|1782254948
|teamsize|p1|4
|teamsize|p2|4
|start
|switch|p1a: Gholdengo|Gholdengo, L50|100/100
|switch|p1b: Charizard|Charizard, L50, M|100/100
|switch|p2a: Whimsicott|Whimsicott, L50, M|100/100
|switch|p2b: Kangaskhan|Kangaskhan, L50, F|100/100
|turn|1
|
|t:|1782254967
|detailschange|p1b: Charizard|Charizard-Mega-Y, L50, M
|-mega|p1b: Charizard|Charizard|Charizardite Y
|-weather|SunnyDay|[from] ability: Drought|[of] p1b: Charizard
|move|p2b: Kangaskhan|Fake Out|p1b: Charizard
|-damage|p1b: Charizard|81/100
|move|p2a: Whimsicott|Tailwind|p2a: Whimsicott
|-sidestart|p2: cygneve|move: Tailwind
|move|p1a: Gholdengo|Make It Rain|p2b: Kangaskhan|[spread] p2a,p2b
|-supereffective|p2a: Whimsicott|1
|-damage|p2a: Whimsicott|0 fnt
|-damage|p2b: Kangaskhan|51/100
|-unboost|p1a: Gholdengo|spa|2
|faint|p2a: Whimsicott
|cant|p1b: Charizard|flinch
|
|-weather|SunnyDay|[upkeep]
|upkeep
|
|t:|1782254981
|switch|p2a: Garchomp|Garchomp, L50, F|100/100
|turn|2
|
|t:|1782254988
|switch|p1a: Incineroar|Incineroar, L50, F|100/100
|-ability|p1a: Incineroar|Intimidate|boost
|-unboost|p2a: Garchomp|atk|1
|-fail|p2b: Kangaskhan|unboost|Attack|[from] ability: Inner Focus|[of] p2b: Kangaskhan
|move|p1b: Charizard|Protect|p1b: Charizard
|-singleturn|p1b: Charizard|Protect
|move|p2b: Kangaskhan|Sucker Punch||[still]
|-fail|p2b: Kangaskhan
|move|p2a: Garchomp|Rock Slide|p1b: Charizard|[spread] p1a
|-activate|p1b: Charizard|move: Protect
|-supereffective|p1a: Incineroar|1
|-damage|p1a: Incineroar|79/100
|
|-weather|SunnyDay|[upkeep]
|upkeep
|turn|3
|
|t:|1782255008
|move|p1a: Incineroar|Fake Out|p2a: Garchomp
|-damage|p2a: Garchomp|90/100
|cant|p2a: Garchomp|flinch
|move|p2b: Kangaskhan|Double-Edge|p1b: Charizard
|-damage|p1b: Charizard|29/100
|-damage|p2b: Kangaskhan|37/100|[from] Recoil
|move|p1b: Charizard|Weather Ball|p2b: Kangaskhan
|-damage|p2b: Kangaskhan|0 fnt
|faint|p2b: Kangaskhan
|
|-weather|SunnyDay|[upkeep]
|upkeep
|
|t:|1782255018
|switch|p2b: Chimecho|Chimecho, L50, F|100/100
|turn|4
|
|t:|1782255026
|switch|p1b: Whimsicott|Whimsicott, L50, M|100/100
|detailschange|p2b: Chimecho|Chimecho-Mega, L50, F
|-mega|p2b: Chimecho|Chimecho|Chimechite
|move|p2b: Chimecho|Protect|p2b: Chimecho
|-singleturn|p2b: Chimecho|Protect
|move|p2a: Garchomp|Rock Slide|p1a: Incineroar|[spread] p1a,p1b
|-supereffective|p1a: Incineroar|1
|-damage|p1a: Incineroar|58/100
|-damage|p1b: Whimsicott|79/100
|cant|p1a: Incineroar|flinch
|
|-weather|SunnyDay|[upkeep]
|-sideend|p2: cygneve|move: Tailwind
|upkeep
|turn|5
|
|t:|1782255054
|move|p1b: Whimsicott|Encore|p2b: Chimecho
|-start|p2b: Chimecho|Encore
|move|p2b: Chimecho|Protect||[still]
|-fail|p2b: Chimecho
|move|p2a: Garchomp|Rock Slide|p1a: Incineroar|[spread] p1a,p1b
|-supereffective|p1a: Incineroar|1
|-damage|p1a: Incineroar|36/100
|-damage|p1b: Whimsicott|58/100
|-enditem|p1a: Incineroar|Sitrus Berry|[eat]
|-heal|p1a: Incineroar|61/100|[from] item: Sitrus Berry
|cant|p1a: Incineroar|flinch
|
|-weather|none
|upkeep
|turn|6
|
|t:|1782255073
|move|p2b: Chimecho|Protect|p2b: Chimecho
|-singleturn|p2b: Chimecho|Protect
|move|p1b: Whimsicott|Moonblast|p2a: Garchomp
|-supereffective|p2a: Garchomp|1
|-damage|p2a: Garchomp|23/100
|move|p2a: Garchomp|Rock Slide|p1b: Whimsicott|[spread] p1a,p1b
|-supereffective|p1a: Incineroar|1
|-damage|p1a: Incineroar|39/100
|-damage|p1b: Whimsicott|38/100
|cant|p1a: Incineroar|flinch
|
|upkeep
|turn|7
|
|t:|1782255104
|move|p2b: Chimecho|Protect|p2b: Chimecho
|-singleturn|p2b: Chimecho|Protect
|move|p1b: Whimsicott|Moonblast|p2a: Garchomp
|-supereffective|p2a: Garchomp|1
|-damage|p2a: Garchomp|0 fnt
|faint|p2a: Garchomp
|move|p1a: Incineroar|Parting Shot|p2b: Chimecho
|-activate|p2b: Chimecho|move: Protect
|
|-end|p2b: Chimecho|Encore
|upkeep
|turn|8
|-message|cygneve forfeited.
|
|win|itmaybetime
|raw|itmaybetime's rating: 1000 → 1043(+43 for winning)
|raw|cygneve's rating: 1025 → 1010(-15 for losing)
|l|☆cygneve
|player|p2|
