|j|☆1Pat_mud
|j|☆hanfugun
|html|1Pat_mudhanfugun    
|uhtml|bestof|Game 1 of a best-of-3
|t:|1785422970
|gametype|doubles
|player|p1|1Pat_mud|101|
|player|p2|hanfugun|brock|
|gen|9
|tier|[Gen 9 Champions] VGC 2026 Reg M-B (Bo3)
|rule|Species Clause: Limit one of each Pokémon
|rule|Item Clause: Limit 1 of each item
|clearpoke
|poke|p1|Rotom-Wash, L50, shiny|
|poke|p1|Venusaur, L50, F, shiny|
|poke|p1|Incineroar, L50, M, shiny|
|poke|p1|Ninetales-Alola, L50, F, shiny|
|poke|p1|Kommo-o, L50, M, shiny|
|poke|p1|Scizor, L50, M, shiny|
|poke|p2|Incineroar, L50, M|
|poke|p2|Whimsicott, L50, M, shiny|
|poke|p2|Blaziken, L50, F, shiny|
|poke|p2|Kingambit, L50, M, shiny|
|poke|p2|Floette-Eternal, L50, F|
|poke|p2|Basculegion, L50, M, shiny|
|teampreview|4
|showteam|p1|Rotom-Wash||SitrusBerry|Levitate|HydroPump,Electroweb,VoltSwitch,WillOWisp|Bold|||||50|]Venusaur||Venusaurite|Overgrow|Protect,GigaDrain,SludgeBomb,LeechSeed|Modest||F|||50|]Incineroar||LifeOrb|Intimidate|FakeOut,FlareBlitz,Assurance,PartingShot|Adamant||M|||50|]Ninetales-Alola||FocusSash|SnowWarning|Protect,Blizzard,FreezeDry,Encore|Timid||F|||50|]Kommo-o||Leftovers|Soundproof|Protect,ClangingScales,AuraSphere,ClangorousSoul|Modest||M|||50|]Scizor||Scizorite|Technician|Protect,BulletPunch,SwordsDance,KnockOff|Adamant||M|||50|
|showteam|p2|Incineroar||SitrusBerry|Intimidate|FakeOut,PartingShot,ThroatChop,FlareBlitz|Impish||M|||50|]Whimsicott||FocusSash|Prankster|Encore,Moonblast,Tailwind,Protect|Timid||M|||50|]Blaziken||Blazikenite|SpeedBoost|Detect,FlareBlitz,CloseCombat,RockSlide|Adamant||F|||50|]Kingambit||BlackGlasses|Defiant|KowtowCleave,SuckerPunch,IronHead,LowKick|Adamant||M|||50|]Floette-Eternal||Floettite|FlowerVeil|Protect,LightofRuin,Moonblast,DazzlingGleam|Modest||F|||50|]Basculegion||ChoiceScarf|Adaptability|FlipTurn,WaveCrash,LastRespects,AquaJet|Jolly||M|||50|
|c|☆hanfugun|我貼一下連結
|j| Hankk1995
|j| ramentsukemen
|j| eight-clouds
|c|☆hanfugun|我可以了
|c|☆1Pat_mud|我也ok了
|j| zuutokei2
|
|t:|1785423148
|teamsize|p1|4
|teamsize|p2|4
|start
|switch|p1a: 洗衣機的樣子|Rotom-Wash, L50, shiny|100/100
|switch|p1b: 環保洛克人|Scizor, L50, M, shiny|100/100
|switch|p2a: 卡璞•棉棉|Whimsicott, L50, M, shiny|100/100
|switch|p2b: 四之宮•攻|Kingambit, L50, M, shiny|100/100
|turn|1
|c|☆hanfugun|那就開始吧 可以不要開表嗎 我手機訊號不好怕斷線
|c|☆1Pat_mud|沒問題
|
|t:|1785423184
|detailschange|p1b: 環保洛克人|Scizor-Mega, L50, M, shiny
|-mega|p1b: 環保洛克人|Scizor|Scizorite
|move|p2a: 卡璞•棉棉|Tailwind|p2a: 卡璞•棉棉
|-sidestart|p2: hanfugun|move: Tailwind
|move|p2b: 四之宮•攻|Kowtow Cleave|p1a: 洗衣機的樣子
|-damage|p1a: 洗衣機的樣子|47/100
|-enditem|p1a: 洗衣機的樣子|Sitrus Berry|[eat]
|-heal|p1a: 洗衣機的樣子|72/100|[from] item: Sitrus Berry
|move|p1a: 洗衣機的樣子|Will-O-Wisp|p2b: 四之宮•攻
|-status|p2b: 四之宮•攻|brn
|move|p1b: 環保洛克人|Swords Dance|p1b: 環保洛克人
|-boost|p1b: 環保洛克人|atk|2
|
|-damage|p2b: 四之宮•攻|94/100 brn|[from] brn
|upkeep
|turn|2
|c| ramentsukemen|我還以為你們要用OTS打CTS
|
|t:|1785423220
|move|p2a: 卡璞•棉棉|Encore|p1b: 環保洛克人
|-start|p1b: 環保洛克人|Encore
|move|p2b: 四之宮•攻|Low Kick|p1a: 洗衣機的樣子
|-damage|p1a: 洗衣機的樣子|68/100
|move|p1a: 洗衣機的樣子|Hydro Pump|p2a: 卡璞•棉棉
|-resisted|p2a: 卡璞•棉棉|1
|-damage|p2a: 卡璞•棉棉|64/100
|move|p1b: 環保洛克人|Swords Dance|p1b: 環保洛克人
|-boost|p1b: 環保洛克人|atk|2
|
|-damage|p2b: 四之宮•攻|88/100 brn|[from] brn
|upkeep
|turn|3
|
|t:|1785423244
|move|p2a: 卡璞•棉棉|Moonblast|p1a: 洗衣機的樣子
|-damage|p1a: 洗衣機的樣子|30/100
|move|p2b: 四之宮•攻|Kowtow Cleave|p1a: 洗衣機的樣子
|-damage|p1a: 洗衣機的樣子|3/100
|move|p1a: 洗衣機的樣子|Hydro Pump|p2a: 卡璞•棉棉
|-resisted|p2a: 卡璞•棉棉|1
|-damage|p2a: 卡璞•棉棉|27/100
|move|p1b: 環保洛克人|Swords Dance|p1b: 環保洛克人
|-boost|p1b: 環保洛克人|atk|2
|
|-damage|p2b: 四之宮•攻|82/100 brn|[from] brn
|upkeep
|turn|4
|
|t:|1785423287
|move|p2a: 卡璞•棉棉|Moonblast|p1a: 洗衣機的樣子
|-damage|p1a: 洗衣機的樣子|0 fnt
|faint|p1a: 洗衣機的樣子
|move|p2b: 四之宮•攻|Kowtow Cleave|p1b: 環保洛克人
|-damage|p1b: 環保洛克人|78/100
|move|p1b: 環保洛克人|Swords Dance|p1b: 環保洛克人
|-boost|p1b: 環保洛克人|atk|0
|
|-damage|p2b: 四之宮•攻|76/100 brn|[from] brn
|-end|p1b: 環保洛克人|Encore
|-sideend|p2: hanfugun|move: Tailwind
|upkeep
|
|t:|1785423298
|switch|p1a: 宇宙最强|Incineroar, L50, M, shiny|100/100
|-ability|p1a: 宇宙最强|Intimidate|boost
|-unboost|p2a: 卡璞•棉棉|atk|1
|-unboost|p2b: 四之宮•攻|atk|1
|-ability|p2b: 四之宮•攻|Defiant|boost
|-boost|p2b: 四之宮•攻|atk|2
|turn|5
|
|t:|1785423311
|move|p2a: 卡璞•棉棉|Protect|p2a: 卡璞•棉棉
|-singleturn|p2a: 卡璞•棉棉|Protect
|move|p1a: 宇宙最强|Fake Out|p2a: 卡璞•棉棉
|-activate|p2a: 卡璞•棉棉|move: Protect
|move|p1b: 環保洛克人|Bullet Punch|p2b: 四之宮•攻
|-resisted|p2b: 四之宮•攻|1
|-damage|p2b: 四之宮•攻|18/100 brn
|move|p2b: 四之宮•攻|Low Kick|p1a: 宇宙最强
|-supereffective|p1a: 宇宙最强|1
|-damage|p1a: 宇宙最强|56/100
|
|-damage|p2b: 四之宮•攻|12/100 brn|[from] brn
|upkeep
|turn|6
|
|t:|1785423372
|move|p1b: 環保洛克人|Bullet Punch|p2b: 四之宮•攻
|-resisted|p2b: 四之宮•攻|1
|-damage|p2b: 四之宮•攻|0 fnt
|faint|p2b: 四之宮•攻
|move|p2a: 卡璞•棉棉|Moonblast|p1a: 宇宙最强
|-damage|p1a: 宇宙最强|26/100
|-unboost|p1a: 宇宙最强|spa|1
|move|p1a: 宇宙最强|Flare Blitz|p2a: 卡璞•棉棉
|-supereffective|p2a: 卡璞•棉棉|1
|-damage|p2a: 卡璞•棉棉|0 fnt
|faint|p2a: 卡璞•棉棉
|-damage|p1a: 宇宙最强|20/100y|[from] Recoil
|-damage|p1a: 宇宙最强|10/100|[from] item: Life Orb
|
|upkeep
|
|t:|1785423376
|switch|p2a: 滅盡•鬼鮫|Basculegion, L50, M, shiny|100/100
|switch|p2b: 火焰•羈絆|Blaziken, L50, F, shiny|100/100
|turn|7
|
|t:|1785423388
|switch|p1a: 影色舞|Kommo-o, L50, M, shiny|100/100
|detailschange|p2b: 火焰•羈絆|Blaziken-Mega, L50, F, shiny
|-mega|p2b: 火焰•羈絆|Blaziken|Blazikenite
|move|p1b: 環保洛克人|Bullet Punch|p2b: 火焰•羈絆
|-resisted|p2b: 火焰•羈絆|1
|-damage|p2b: 火焰•羈絆|0 fnt
|faint|p2b: 火焰•羈絆
|move|p2a: 滅盡•鬼鮫|Last Respects|p1a: 影色舞
|-damage|p1a: 影色舞|0 fnt
|faint|p1a: 影色舞
|
|upkeep
|
|t:|1785423398
|switch|p1a: 宇宙最强|Incineroar, L50, M, shiny|10/100
|-ability|p1a: 宇宙最强|Intimidate|boost
|-unboost|p2a: 滅盡•鬼鮫|atk|1
|turn|8
|
|t:|1785423403
|move|p1b: 環保洛克人|Bullet Punch|p2a: 滅盡•鬼鮫
|-resisted|p2a: 滅盡•鬼鮫|1
|-damage|p2a: 滅盡•鬼鮫|12/100
|move|p2a: 滅盡•鬼鮫|Last Respects|p1b: 環保洛克人
|-damage|p1b: 環保洛克人|23/100
|move|p1a: 宇宙最强|Assurance|p2a: 滅盡•鬼鮫
|-supereffective|p2a: 滅盡•鬼鮫|1
|-crit|p2a: 滅盡•鬼鮫
|-damage|p2a: 滅盡•鬼鮫|0 fnt
|faint|p2a: 滅盡•鬼鮫
|-damage|p1a: 宇宙最强|1/100|[from] item: Life Orb
|
|win|1Pat_mud
||1Pat_mud is ready for game 2.
||hanfugun is ready for game 2.
|uhtml|next|Next: Game 2 of 3
|j| kuoli00021
|l| eight-clouds
|j| Midoria100
|l| zuutokei2
|l|☆hanfugun
|player|p2|
