|j|☆farangjake
|j|☆sleepykittybun
|html|farangjakesleepykittybun    
|uhtml|bestof|Game 2 of a best-of-3
|t:|1783191752
|gametype|doubles
|player|p1|farangjake|hilbert|
|player|p2|sleepykittybun|candice|
|gen|9
|tier|[Gen 9 Champions] VGC 2026 Reg M-B (Bo3)
|rule|Species Clause: Limit one of each Pokémon
|rule|Item Clause: Limit 1 of each item
|clearpoke
|poke|p1|Charizard, L50, F|
|poke|p1|Whimsicott, L50, F|
|poke|p1|Basculegion, L50, M|
|poke|p1|Garchomp, L50, M|
|poke|p1|Sylveon, L50, M, shiny|
|poke|p1|Farigiraf, L50, F|
|poke|p2|Mamoswine, L50, M|
|poke|p2|Talonflame, L50, F|
|poke|p2|Eelektross, L50, M|
|poke|p2|Oranguru, L50, F|
|poke|p2|Mawile, L50, F|
|poke|p2|Hydreigon, L50, F|
|teampreview|4
|showteam|p1|Charizard||CharizarditeY|Blaze|SolarBeam,Overheat,HeatWave,Protect|Timid||F|||50|]Whimsicott||FocusSash|Prankster|Moonblast,SunnyDay,Encore,Tailwind|Timid||F|||50|]Basculegion||ChoiceScarf|Adaptability|WaveCrash,LastRespects,FlipTurn,AquaJet|Jolly||M|||50|]Garchomp||Garchompite|RoughSkin|DragonClaw,Earthquake,Protect,RockSlide|Jolly||M|||50|]Sylveon||FairyFeather|Pixilate|QuickAttack,HyperVoice,HyperBeam,Protect|Bold||M|||50|]Farigiraf||SitrusBerry|ArmorTail|TwinBeam,Protect,TrickRoom,HelpingHand|Bold||F|||50|
|showteam|p2|Mamoswine||LifeOrb|Oblivious|Earthquake,IcicleCrash,RockSlide,Protect|Adamant||M|||50|]Talonflame|||GaleWings|Tailwind,BraveBird,WillOWisp,Protect|Jolly||F|||50|]Eelektross||Eelektrossite|Levitate|Discharge,GigaDrain,Flamethrower,Protect|Modest||M|||50|]Oranguru||Leftovers|Telepathy|TrickRoom,Instruct,Encore,Psychic|Sassy||F|||50|]Mawile||Mawilite|HyperCutter|IronHead,PlayRough,SuckerPunch,Protect|Adamant||F|||50|]Hydreigon||ChoiceScarf|Levitate|DarkPulse,DracoMeteor,FocusBlast,Flamethrower|Modest||F|||50|
|inactive|Battle timer is ON: inactive players will automatically lose when time's up. (requested by farangjake)
|
|t:|1783191793
|teamsize|p1|4
|teamsize|p2|4
|start
|switch|p1a: Charizard|Charizard, L50, F|100/100
|switch|p1b: Whimsicott|Whimsicott, L50, F|100/100
|switch|p2a: Oranguru|Oranguru, L50, F|100/100
|switch|p2b: Mamoswine|Mamoswine, L50, M|100/100
|turn|1
|inactive|farangjake has 30 seconds left.
|inactive|sleepykittybun has 30 seconds left.
|
|t:|1783191820
|detailschange|p1a: Charizard|Charizard-Mega-Y, L50, F
|-mega|p1a: Charizard|Charizard|Charizardite Y
|-weather|SunnyDay|[from] ability: Drought|[of] p1a: Charizard
|move|p2b: Mamoswine|Protect|p2b: Mamoswine
|-singleturn|p2b: Mamoswine|Protect
|move|p1b: Whimsicott|Moonblast|p2a: Oranguru
|-damage|p2a: Oranguru|75/100
|move|p1a: Charizard|Heat Wave|p2b: Mamoswine|[spread] p2a
|-activate|p2b: Mamoswine|move: Protect
|-damage|p2a: Oranguru|33/100
|move|p2a: Oranguru|Encore|p1b: Whimsicott
|-start|p1b: Whimsicott|Encore
|
|-weather|SunnyDay|[upkeep]
|-heal|p2a: Oranguru|39/100|[from] item: Leftovers
|upkeep
|turn|2
|inactive|sleepykittybun has 30 seconds left.
|inactive|sleepykittybun has 20 seconds left.
|
|t:|1783191858
|switch|p2a: Hydreigon|Hydreigon, L50, F|100/100
|move|p1b: Whimsicott|Moonblast|p2b: Mamoswine
|-damage|p2b: Mamoswine|55/100
|move|p1a: Charizard|Heat Wave|p2a: Hydreigon|[spread] p2a,p2b
|-resisted|p2a: Hydreigon|1
|-supereffective|p2b: Mamoswine|1
|-damage|p2a: Hydreigon|60/100
|-damage|p2b: Mamoswine|0 fnt
|faint|p2b: Mamoswine
|
|-weather|SunnyDay|[upkeep]
|upkeep
|
|t:|1783191868
|switch|p2b: Mawile|Mawile, L50, F|100/100
|turn|3
|
|t:|1783191875
|detailschange|p2b: Mawile|Mawile-Mega, L50, F
|-mega|p2b: Mawile|Mawile|Mawilite
|move|p2b: Mawile|Sucker Punch|p1a: Charizard
|-damage|p1a: Charizard|32/100
|move|p2a: Hydreigon|Dark Pulse|p1a: Charizard
|-damage|p1a: Charizard|0 fnt
|faint|p1a: Charizard
|move|p1b: Whimsicott|Moonblast|p2a: Hydreigon
|-supereffective|p2a: Hydreigon|2
|-damage|p2a: Hydreigon|0 fnt
|faint|p2a: Hydreigon
|
|-weather|SunnyDay|[upkeep]
|upkeep
|
|t:|1783191894
|switch|p1a: Sylveon|Sylveon, L50, M, shiny|100/100
|switch|p2a: Oranguru|Oranguru, L50, F|39/100
|turn|4
|
|t:|1783191902
|move|p1b: Whimsicott|Moonblast|p2a: Oranguru
|-damage|p2a: Oranguru|15/100
|move|p1a: Sylveon|Hyper Voice|p2a: Oranguru|[spread] p2a,p2b
|-resisted|p2b: Mawile|1
|-damage|p2a: Oranguru|0 fnt
|-damage|p2b: Mawile|70/100
|faint|p2a: Oranguru
|move|p2b: Mawile|Iron Head|p1a: Sylveon
|-supereffective|p1a: Sylveon|1
|-damage|p1a: Sylveon|0 fnt
|faint|p1a: Sylveon
|
|-weather|SunnyDay|[upkeep]
|-end|p1b: Whimsicott|Encore
|upkeep
|
|t:|1783191910
|switch|p1a: Farigiraf|Farigiraf, L50, F|100/100
|turn|5
|
|t:|1783191920
|move|p1b: Whimsicott|Moonblast|p2b: Mawile
|-resisted|p2b: Mawile|1
|-damage|p2b: Mawile|49/100
|move|p2b: Mawile|Iron Head|p1a: Farigiraf
|-damage|p1a: Farigiraf|39/100
|-enditem|p1a: Farigiraf|Sitrus Berry|[eat]
|-heal|p1a: Farigiraf|64/100|[from] item: Sitrus Berry
|move|p1a: Farigiraf|Twin Beam|p2b: Mawile
|-resisted|p2b: Mawile|1
|-damage|p2b: Mawile|38/100
|-resisted|p2b: Mawile|1
|-damage|p2b: Mawile|29/100
|-hitcount|p2b: Mawile|2
|
|-weather|none
|upkeep
|turn|6
|
|t:|1783191934
|move|p1b: Whimsicott|Moonblast|p2b: Mawile
|-resisted|p2b: Mawile|1
|-damage|p2b: Mawile|5/100
|move|p2b: Mawile|Iron Head|p1a: Farigiraf
|-damage|p1a: Farigiraf|4/100
|move|p1a: Farigiraf|Twin Beam|p2b: Mawile
|-resisted|p2b: Mawile|1
|-damage|p2b: Mawile|0 fnt
|faint|p2b: Mawile
|-hitcount|p2: Mawile|1
|
|win|farangjake
|l|☆sleepykittybun
|player|p2|
