|j|☆toobadforalt
|j|☆bigj009
|html|toobadforaltbigj009    
|uhtml|bestof|Game 1 of a best-of-3
|t:|1757798762
|gametype|doubles
|player|p1|toobadforalt|2|1238
|player|p2|bigj009|lucas|1214
|gen|9
|tier|[Gen 9] VGC 2025 Reg H (Bo3)
|rated|
|rule|Species Clause: Limit one of each Pokémon
|rule|Item Clause: Limit 1 of each item
|clearpoke
|poke|p1|Dragapult, L50, M|
|poke|p1|Magmar, L50, F|
|poke|p1|Rillaboom, L50, M|
|poke|p1|Kingambit, L50, M|
|poke|p1|Sneasler, L50, F|
|poke|p1|Milotic, L50, F|
|poke|p2|Pelipper, L50, F|
|poke|p2|Gholdengo, L50|
|poke|p2|Basculegion, L50, M|
|poke|p2|Sneasler, L50, M|
|poke|p2|Garchomp, L50, F|
|poke|p2|Archaludon, L50, F|
|teampreview|4
|showteam|p1|Dragapult||ChoiceBand|ClearBody|DragonDarts,Uturn,PhantomForce,TeraBlast|||M|||50|,,,,,Ghost]Magmar||Eviolite|VitalSpirit|FollowMe,Overheat,Taunt,WillOWisp|||F|||50|,,,,,Ghost]Rillaboom||AssaultVest|GrassySurge|FakeOut,WoodHammer,GrassyGlide,HighHorsepower|||M|||50|,,,,,Fire]Kingambit||SafetyGoggles|Defiant|SwordsDance,KowtowCleave,SuckerPunch,Protect|||M|||50|,,,,,Flying]Sneasler||FocusSash|Unburden|FakeOut,DireClaw,CloseCombat,Protect|||F|||50|,,,,,Stellar]Milotic||Leftovers|Competitive|Scald,IcyWind,Haze,Protect|||F|||50|,,,,,Grass
|showteam|p2|Pelipper||CovertCloak|Drizzle|Tailwind,Hurricane,WeatherBall,HelpingHand|||F|||50|,,,,,Grass]Gholdengo||ChoiceSpecs|GoodasGold|MakeItRain,ShadowBall,Thunderbolt,PowerGem||||||50|,,,,,Steel]Basculegion||ChoiceBand|SwiftSwim|AquaJet,LastRespects,FlipTurn,WaveCrash|||M|||50|,,,,,Water]Sneasler||WhiteHerb|Unburden|FakeOut,CloseCombat,DireClaw,ThroatChop|||M|||50|,,,,,Dark]Garchomp||ClearAmulet|RoughSkin|DragonClaw,Earthquake,StompingTantrum,Protect|||F|||50|,,,,,Fire]Archaludon||AssaultVest|Stamina|BodyPress,DragonPulse,ElectroShot,Snarl|||F|||50|,,,,,Grass
|inactive|Battle timer is ON: inactive players will automatically lose when time's up. (requested by bigj009)
|
|t:|1757798791
|teamsize|p1|4
|teamsize|p2|4
|start
|switch|p1a: Kingambit|Kingambit, L50, M|100/100
|switch|p1b: Dragapult|Dragapult, L50, M|100/100
|switch|p2a: Pelipper|Pelipper, L50, F|100/100
|switch|p2b: Basculegion|Basculegion, L50, M|100/100
|-weather|RainDance|[from] ability: Drizzle|[of] p2a: Pelipper
|turn|1
|
|t:|1757798814
|-terastallize|p2b: Basculegion|Water
|-terastallize|p1b: Dragapult|Ghost
|move|p1a: Kingambit|Sucker Punch|p2b: Basculegion
|-damage|p2b: Basculegion|48/100
|move|p2b: Basculegion|Wave Crash|p1a: Kingambit
|-damage|p1a: Kingambit|0 fnt
|faint|p1a: Kingambit
|-damage|p2b: Basculegion|15/100|[from] Recoil
|move|p1b: Dragapult|Tera Blast|p2a: Pelipper|[anim] Tera Blast Ghost
|-damage|p2a: Pelipper|2/100
|move|p2a: Pelipper|Tailwind|p2a: Pelipper
|-sidestart|p2: bigj009|move: Tailwind
|
|-weather|RainDance|[upkeep]
|upkeep
|
|t:|1757798829
|switch|p1a: Rillaboom|Rillaboom, L50, M|100/100
|-fieldstart|move: Grassy Terrain|[from] ability: Grassy Surge|[of] p1a: Rillaboom
|turn|2
|
|t:|1757798836
|switch|p2b: Archaludon|Archaludon, L50, F|100/100
|switch|p1b: Sneasler|Sneasler, L50, F|100/100
|move|p1a: Rillaboom|Grassy Glide|p2a: Pelipper
|-damage|p2a: Pelipper|0 fnt
|faint|p2a: Pelipper
|
|-weather|RainDance|[upkeep]
|upkeep
|
|t:|1757798850
|switch|p2a: Garchomp|Garchomp, L50, F|100/100
|turn|3
|
|t:|1757798857
|move|p1b: Sneasler|Protect|p1b: Sneasler
|-singleturn|p1b: Sneasler|Protect
|move|p2a: Garchomp|Earthquake|p1a: Rillaboom|[spread] p2b,p1a
|-activate|p1b: Sneasler|move: Protect
|-supereffective|p2b: Archaludon
|-resisted|p1a: Rillaboom
|-damage|p2b: Archaludon|73/100
|-damage|p1a: Rillaboom|91/100
|-ability|p2b: Archaludon|Stamina|boost
|-boost|p2b: Archaludon|def|1
|move|p2b: Archaludon|Electro Shot||[still]
|-prepare|p2b: Archaludon|Electro Shot
|-boost|p2b: Archaludon|spa|1
|-anim|p2b: Archaludon|Electro Shot|p1b: Sneasler
|-activate|p1b: Sneasler|move: Protect
|move|p1a: Rillaboom|Wood Hammer|p2a: Garchomp
|-damage|p2a: Garchomp|16/100
|-damage|p1a: Rillaboom|79/100|[from] ability: Rough Skin|[of] p2a: Garchomp
|-damage|p1a: Rillaboom|52/100|[from] Recoil
|
|-weather|RainDance|[upkeep]
|-heal|p2a: Garchomp|22/100|[from] Grassy Terrain
|-heal|p2b: Archaludon|79/100|[from] Grassy Terrain
|-heal|p1a: Rillaboom|58/100|[from] Grassy Terrain
|upkeep
|turn|4
|
|t:|1757798881
|move|p2a: Garchomp|Protect|p2a: Garchomp
|-singleturn|p2a: Garchomp|Protect
|move|p1a: Rillaboom|Grassy Glide|p2a: Garchomp
|-activate|p2a: Garchomp|move: Protect
|move|p2b: Archaludon|Body Press|p1a: Rillaboom
|-damage|p1a: Rillaboom|27/100
|move|p1b: Sneasler|Close Combat|p2b: Archaludon
|-supereffective|p2b: Archaludon
|-damage|p2b: Archaludon|14/100
|-unboost|p1b: Sneasler|def|1
|-unboost|p1b: Sneasler|spd|1
|-ability|p2b: Archaludon|Stamina|boost
|-boost|p2b: Archaludon|def|1
|
|-weather|RainDance|[upkeep]
|-heal|p2a: Garchomp|28/100|[from] Grassy Terrain
|-heal|p2b: Archaludon|20/100|[from] Grassy Terrain
|-heal|p1a: Rillaboom|33/100|[from] Grassy Terrain
|-sideend|p2: bigj009|move: Tailwind
|upkeep
|turn|5
|
|t:|1757798895
|move|p1a: Rillaboom|Grassy Glide|p2a: Garchomp
|-damage|p2a: Garchomp|0 fnt
|-damage|p1a: Rillaboom|21/100|[from] ability: Rough Skin|[of] p2a: Garchomp
|faint|p2a: Garchomp
|move|p1b: Sneasler|Close Combat|p2b: Archaludon
|-supereffective|p2b: Archaludon
|-damage|p2b: Archaludon|0 fnt
|-unboost|p1b: Sneasler|def|1
|-unboost|p1b: Sneasler|spd|1
|faint|p2b: Archaludon
|
|-weather|none
|-heal|p1a: Rillaboom|27/100|[from] Grassy Terrain
|upkeep
|-message|bigj009 forfeited.
|
|win|toobadforalt
|l|☆bigj009
|player|p2|
||bigj009 is ready for game 2.
||toobadforalt is ready for game 2.
|uhtml|next|Next: Game 2 of 3
