|j|☆batata2418
|j|☆CretaceousDraconid
|html|batata2418CretaceousDraconid    
|uhtml|bestof|Game 3 of a best-of-3
|t:|1757840594
|gametype|doubles
|player|p1|batata2418|169|1023
|player|p2|CretaceousDraconid|zinnia-masters|1165
|gen|9
|tier|[Gen 9] VGC 2025 Reg H (Bo3)
|rated|
|rule|Species Clause: Limit one of each Pokémon
|rule|Item Clause: Limit 1 of each item
|clearpoke
|poke|p1|Palafin, L50, M|
|poke|p1|Whimsicott, L50, F|
|poke|p1|Incineroar, L50, M|
|poke|p1|Amoonguss, L50, M|
|poke|p1|Farigiraf, L50, F|
|poke|p1|Ursaluna-Bloodmoon, L50, M|
|poke|p2|Rillaboom, L50, M|
|poke|p2|Incineroar, L50, M|
|poke|p2|Salamence, L50, F|
|poke|p2|Garchomp, L50, M|
|poke|p2|Sneasler, L50, F|
|poke|p2|Ninetales-Alola, L50, M|
|teampreview|4
|showteam|p1|Palafin||MysticWater|ZerotoHero|Protect,JetPunch,WaveCrash,CloseCombat|||M|||50|,,,,,Water]Whimsicott||CovertCloak|Prankster|Moonblast,Tailwind,Encore,HelpingHand|||F|||50|,,,,,Ghost]Incineroar||SafetyGoggles|Intimidate|FakeOut,FlareBlitz,KnockOff,PartingShot|||M|||50|,,,,,Ghost]Amoonguss||MentalHerb|Regenerator|Protect,RagePowder,Spore,SludgeBomb|||M|||50|,,,,,Fairy]Farigiraf||SitrusBerry|ArmorTail|Protect,HelpingHand,Psychic,TrickRoom|||F|||50|,,,,,Water]Ursaluna-Bloodmoon||LifeOrb|MindsEye|Protect,BloodMoon,HyperVoice,EarthPower|||M|||50|,,,,,Normal
|showteam|p2|Rillaboom||AssaultVest|GrassySurge|FakeOut,HighHorsepower,Uturn,WoodHammer|||M|||50|,,,,,Fire]Incineroar||SafetyGoggles|Intimidate|FakeOut,Taunt,PartingShot,KnockOff|||M|||50|,,,,,Ghost]Salamence||ChoiceSpecs|Intimidate|Hurricane,HeatWave,DracoMeteor,HydroPump|||F|||50|,,,,,Fire]Garchomp||LoadedDice|RoughSkin|StompingTantrum,Earthquake,ScaleShot,Protect|||M|||50|,,,,,Fairy]Sneasler||FocusSash|PoisonTouch|DireClaw,CloseCombat,Coaching,Protect|||F|||50|,,,,,Fairy]Ninetales-Alola||NeverMeltIce|SnowWarning|FreezeDry,Blizzard,AuroraVeil,Protect|||M|||50|,,,,,Ghost
|
|t:|1757840611
|teamsize|p1|4
|teamsize|p2|4
|start
|switch|p1a: The puffball|Whimsicott, L50, F|100/100
|switch|p1b: The hero|Palafin, L50, M|100/100
|switch|p2a: Incineroar|Incineroar, L50, M|100/100
|switch|p2b: TheFuckYouGuy|Sneasler, L50, F|100/100
|-ability|p2a: Incineroar|Intimidate|boost
|-unboost|p1a: The puffball|atk|1
|-unboost|p1b: The hero|atk|1
|turn|1
|
|t:|1757840630
|detailschange|p1b: The hero|Palafin-Hero, L50, M
|switch|p1b: The sleepy|Amoonguss, L50, M|100/100
|move|p1a: The puffball|Tailwind|p1a: The puffball
|-sidestart|p1: batata2418|move: Tailwind
|move|p2b: TheFuckYouGuy|Dire Claw|p1a: The puffball
|-supereffective|p1a: The puffball
|-damage|p1a: The puffball|0 fnt
|faint|p1a: The puffball
|move|p2a: Incineroar|Parting Shot|p1b: The sleepy
|-unboost|p1b: The sleepy|atk|1
|-unboost|p1b: The sleepy|spa|1
|
|t:|1757840637
|switch|p2a: Ninetales|Ninetales-Alola, L50, M|100/100|[from] Parting Shot
|-weather|Snowscape|[from] ability: Snow Warning|[of] p2a: Ninetales
|
|-weather|Snowscape|[upkeep]
|upkeep
|
|t:|1757840643
|switch|p1a: The nuke|Ursaluna-Bloodmoon, L50, M|100/100
|turn|2
|
|t:|1757840652
|-terastallize|p1a: The nuke|Normal
|move|p2b: TheFuckYouGuy|Protect|p2b: TheFuckYouGuy
|-singleturn|p2b: TheFuckYouGuy|Protect
|move|p1b: The sleepy|Rage Powder|p1b: The sleepy
|-singleturn|p1b: The sleepy|move: Rage Powder
|move|p1a: The nuke|Hyper Voice|p2a: Ninetales|[spread] p2a
|-activate|p2b: TheFuckYouGuy|move: Protect
|-damage|p2a: Ninetales|33/100
|-damage|p1a: The nuke|91/100|[from] item: Life Orb
|move|p2a: Ninetales|Aurora Veil|p2a: Ninetales
|-sidestart|p2: CretaceousDraconid|move: Aurora Veil
|
|-weather|Snowscape|[upkeep]
|upkeep
|turn|3
|
|t:|1757840663
|switch|p2b: Incineroar|Incineroar, L50, M|100/100
|-ability|p2b: Incineroar|Intimidate|boost
|-unboost|p1a: The nuke|atk|1
|-unboost|p1b: The sleepy|atk|1
|move|p1b: The sleepy|Rage Powder|p1b: The sleepy
|-singleturn|p1b: The sleepy|move: Rage Powder
|move|p1a: The nuke|Hyper Voice|p2a: Ninetales|[spread] p2a,p2b
|-damage|p2a: Ninetales|0 fnt
|-damage|p2b: Incineroar|55/100
|faint|p2a: Ninetales
|-damage|p1a: The nuke|81/100|[from] item: Life Orb
|
|-weather|Snowscape|[upkeep]
|upkeep
|
|t:|1757840673
|switch|p2a: TheFuckYouGuy|Sneasler, L50, F|100/100
|turn|4
|
|t:|1757840718
|move|p1a: The nuke|Protect|p1a: The nuke
|-singleturn|p1a: The nuke|Protect
|move|p2a: TheFuckYouGuy|Protect|p2a: TheFuckYouGuy
|-singleturn|p2a: TheFuckYouGuy|Protect
|move|p2b: Incineroar|Fake Out|p1a: The nuke
|-activate|p1a: The nuke|move: Protect
|move|p1b: The sleepy|Spore|p2a: TheFuckYouGuy
|-activate|p2a: TheFuckYouGuy|move: Protect
|
|-weather|Snowscape|[upkeep]
|-sideend|p1: batata2418|move: Tailwind
|upkeep
|turn|5
|
|t:|1757840735
|move|p1b: The sleepy|Rage Powder|p1b: The sleepy
|-singleturn|p1b: The sleepy|move: Rage Powder
|move|p2a: TheFuckYouGuy|Coaching|p2b: Incineroar
|-boost|p2b: Incineroar|atk|1
|-boost|p2b: Incineroar|def|1
|move|p2b: Incineroar|Knock Off|p1a: The nuke
|-damage|p1a: The nuke|35/100
|-enditem|p1a: The nuke|Life Orb|[from] move: Knock Off|[of] p2b: Incineroar
|move|p1a: The nuke|Hyper Voice|p2b: Incineroar|[spread] p2a,p2b
|-damage|p2a: TheFuckYouGuy|47/100
|-damage|p2b: Incineroar|18/100
|
|-weather|none
|upkeep
|turn|6
|
|t:|1757840773
|move|p2a: TheFuckYouGuy|Coaching|p2b: Incineroar
|-boost|p2b: Incineroar|atk|1
|-boost|p2b: Incineroar|def|1
|move|p2b: Incineroar|Knock Off|p1a: The nuke
|-damage|p1a: The nuke|0 fnt
|faint|p1a: The nuke
|move|p1b: The sleepy|Sludge Bomb|p2b: Incineroar
|-damage|p2b: Incineroar|6/100
|-status|p2b: Incineroar|psn
|
|-damage|p2b: Incineroar|0 fnt|[from] psn
|faint|p2b: Incineroar
|-sideend|p2: CretaceousDraconid|move: Aurora Veil
|upkeep
|
|t:|1757840788
|switch|p2b: Salamence|Salamence, L50, F|100/100
|switch|p1a: The hero|Palafin-Hero, L50, M|100/100
|-ability|p2b: Salamence|Intimidate|boost
|-unboost|p1a: The hero|atk|1
|-unboost|p1b: The sleepy|atk|1
|-activate|p1a: The hero|ability: Zero to Hero
|turn|7
|
|t:|1757840797
|move|p2a: TheFuckYouGuy|Protect|p2a: TheFuckYouGuy
|-singleturn|p2a: TheFuckYouGuy|Protect
|move|p1a: The hero|Jet Punch|p2a: TheFuckYouGuy
|-activate|p2a: TheFuckYouGuy|move: Protect
|move|p2b: Salamence|Hurricane|p1a: The hero|[miss]
|-miss|p2b: Salamence|p1a: The hero
|move|p1b: The sleepy|Spore|p2b: Salamence
|-status|p2b: Salamence|slp|[from] move: Spore
|
|upkeep
|turn|8
|
|t:|1757840817
|move|p1a: The hero|Jet Punch|p2a: TheFuckYouGuy
|-damage|p2a: TheFuckYouGuy|0 fnt
|faint|p2a: TheFuckYouGuy
|cant|p2b: Salamence|slp
|move|p1b: The sleepy|Sludge Bomb|p2b: Salamence
|-damage|p2b: Salamence|78/100 slp
|
|upkeep
|turn|9
|
|t:|1757840838
|cant|p2b: Salamence|slp
|move|p1a: The hero|Wave Crash|p2b: Salamence
|-resisted|p2b: Salamence
|-damage|p2b: Salamence|41/100 slp
|-damage|p1a: The hero|89/100|[from] Recoil
|move|p1b: The sleepy|Sludge Bomb|p2b: Salamence
|-damage|p2b: Salamence|19/100 slp
|
|upkeep
|turn|10
|
|t:|1757840850
|move|p1b: The sleepy|Rage Powder|p1b: The sleepy
|-singleturn|p1b: The sleepy|move: Rage Powder
|move|p1a: The hero|Wave Crash|p2b: Salamence
|-resisted|p2b: Salamence
|-damage|p2b: Salamence|0 fnt
|faint|p2b: Salamence
|-damage|p1a: The hero|83/100|[from] Recoil
|
|win|batata2418
|raw|batata2418's rating: 1023 → 1074(+51 for winning)
|raw|CretaceousDraconid's rating: 1165 → 1130(-35 for losing)
|l|☆CretaceousDraconid
|player|p2|
|j|☆CretaceousDraconid
|player|p2|CretaceousDraconid|zinnia-masters|
