|j|☆washingtongargacha
|j|☆CretaceousDraconid
|html|washingtongargachaCretaceousDraconid    
|uhtml|bestof|Game 3 of a best-of-3
|t:|1757070950
|gametype|doubles
|player|p1|washingtongargacha|2|1150
|player|p2|CretaceousDraconid|zinnia-masters|1232
|gen|9
|tier|[Gen 9] VGC 2025 Reg H (Bo3)
|rated|
|rule|Species Clause: Limit one of each Pokémon
|rule|Item Clause: Limit 1 of each item
|clearpoke
|poke|p1|Talonflame, L50, M|
|poke|p1|Gholdengo, L50|
|poke|p1|Dragonite, L50, F|
|poke|p1|Archaludon, L50, M|
|poke|p1|Tyranitar, L50, F|
|poke|p1|Garchomp, L50, M|
|poke|p2|Bastiodon, L50, F|
|poke|p2|Rillaboom, L50, F|
|poke|p2|Incineroar, L50, F|
|poke|p2|Salamence, L50, F|
|poke|p2|Garchomp, L50, M|
|poke|p2|Sneasler, L50, F|
|teampreview|4
|showteam|p1|Talonflame||CovertCloak|GaleWings|Tailwind,BraveBird,Taunt,WillOWisp|||M|||50|,,,,,Ghost]Gholdengo||ChoiceSpecs|GoodasGold|MakeItRain,SteelBeam,ShadowBall,PowerGem||||||50|,,,,,Steel]Dragonite||LoadedDice|Multiscale|ScaleShot,IceSpinner,Haze,Protect|||F|||50|,,,,,Steel]Archaludon||PowerHerb|Sturdy|FlashCannon,ElectroShot,DracoMeteor,Protect|||M|||50|,,,,,Flying]Tyranitar||AssaultVest|SandStream|KnockOff,RockSlide,TeraBlast,LowKick|||F|||50|,,,,,Flying]Garchomp||LifeOrb|RoughSkin|DragonClaw,StompingTantrum,Earthquake,Protect|||M|||50|,,,,,Steel
|showteam|p2|Bastiodon||CovertCloak|Soundproof|BodyPress,IceBeam,IronDefense,WideGuard|||F|||50|,,,,,Electric]Rillaboom||AssaultVest|GrassySurge|FakeOut,WoodHammer,HighHorsepower,GrassyGlide|||F|||50|,,,,,Fire]Incineroar||SafetyGoggles|Intimidate|FakeOut,Taunt,PartingShot,KnockOff|||F|||50|,,,,,Ghost]Salamence||ChoiceSpecs|Intimidate|AirSlash,HeatWave,DracoMeteor,HydroPump|||F|||50|,,,,,Fire]Garchomp||LoadedDice|RoughSkin|StompingTantrum,Earthquake,ScaleShot,Protect|||M|||50|,,,,,Ghost]Sneasler||FocusSash|PoisonTouch|DireClaw,CloseCombat,Coaching,Protect|||F|||50|,,,,,Fairy
|
|t:|1757070967
|teamsize|p1|4
|teamsize|p2|4
|start
|switch|p1a: Gholdengo|Gholdengo, L50|100/100
|switch|p1b: Dragonite|Dragonite, L50, F|100/100
|switch|p2a: Incineroar|Incineroar, L50, F|100/100
|switch|p2b: Salamence|Salamence, L50, F|100/100
|-ability|p2b: Salamence|Intimidate|boost
|-unboost|p1a: Gholdengo|atk|1
|-unboost|p1b: Dragonite|atk|1
|-ability|p2a: Incineroar|Intimidate|boost
|-unboost|p1a: Gholdengo|atk|1
|-unboost|p1b: Dragonite|atk|1
|turn|1
|
|t:|1757070991
|switch|p1b: Garchomp|Garchomp, L50, M|100/100
|switch|p1a: Tyranitar|Tyranitar, L50, F|100/100
|-weather|Sandstorm|[from] ability: Sand Stream|[of] p1a: Tyranitar
|move|p2b: Salamence|Heat Wave|p1b: Garchomp|[spread] p1a,p1b
|-resisted|p1a: Tyranitar
|-resisted|p1b: Garchomp
|-damage|p1a: Tyranitar|94/100
|-damage|p1b: Garchomp|81/100
|move|p2a: Incineroar|Knock Off|p1a: Tyranitar
|-resisted|p1a: Tyranitar
|-damage|p1a: Tyranitar|79/100
|-enditem|p1a: Tyranitar|Assault Vest|[from] move: Knock Off|[of] p2a: Incineroar
|
|-weather|Sandstorm|[upkeep]
|-damage|p2b: Salamence|95/100|[from] Sandstorm
|upkeep
|turn|2
|
|t:|1757071023
|switch|p2b: Bastiodon|Bastiodon, L50, F|100/100
|switch|p2a: Rillaboom|Rillaboom, L50, F|100/100
|-fieldstart|move: Grassy Terrain|[from] ability: Grassy Surge|[of] p2a: Rillaboom
|-terastallize|p1a: Tyranitar|Flying
|move|p1b: Garchomp|Dragon Claw|p2b: Bastiodon
|-resisted|p2b: Bastiodon
|-damage|p2b: Bastiodon|83/100
|-damage|p1b: Garchomp|71/100|[from] item: Life Orb
|move|p1a: Tyranitar|Rock Slide|p2b: Bastiodon|[spread] p2a,p2b
|-resisted|p2b: Bastiodon
|-damage|p2a: Rillaboom|73/100
|-damage|p2b: Bastiodon|72/100
|
|-weather|Sandstorm|[upkeep]
|-damage|p2a: Rillaboom|67/100|[from] Sandstorm
|-damage|p1a: Tyranitar|73/100|[from] Sandstorm
|-heal|p1b: Garchomp|77/100|[from] Grassy Terrain
|-heal|p2a: Rillaboom|73/100|[from] Grassy Terrain
|-heal|p2b: Bastiodon|78/100|[from] Grassy Terrain
|upkeep
|turn|3
|
|t:|1757071055
|switch|p1b: Gholdengo|Gholdengo, L50|100/100
|switch|p2a: Incineroar|Incineroar, L50, F|100/100
|-ability|p2a: Incineroar|Intimidate|boost
|-unboost|p1a: Tyranitar|atk|1
|-unboost|p1b: Gholdengo|atk|1
|switch|p2b: Salamence|Salamence, L50, F|95/100
|-ability|p2b: Salamence|Intimidate|boost
|-unboost|p1a: Tyranitar|atk|1
|-unboost|p1b: Gholdengo|atk|1
|move|p1a: Tyranitar|Knock Off|p2b: Salamence
|-damage|p2b: Salamence|59/100
|-enditem|p2b: Salamence|Choice Specs|[from] move: Knock Off|[of] p1a: Tyranitar
|
|-weather|Sandstorm|[upkeep]
|-damage|p2b: Salamence|53/100|[from] Sandstorm
|-damage|p1a: Tyranitar|67/100|[from] Sandstorm
|upkeep
|turn|4
|
|t:|1757071091
|move|p2b: Salamence|Heat Wave|p1a: Tyranitar|[spread] p1a,p1b
|-supereffective|p1b: Gholdengo
|-damage|p1a: Tyranitar|47/100
|-damage|p1b: Gholdengo|55/100
|-status|p1a: Tyranitar|brn
|move|p2a: Incineroar|Knock Off|p1b: Gholdengo
|-supereffective|p1b: Gholdengo
|-damage|p1b: Gholdengo|0 fnt
|-enditem|p1b: Gholdengo|Choice Specs|[from] move: Knock Off|[of] p2a: Incineroar
|faint|p1b: Gholdengo
|move|p1a: Tyranitar|Rock Slide|p2a: Incineroar|[spread] p2a
|-miss|p1a: Tyranitar|p2b: Salamence
|-supereffective|p2a: Incineroar
|-damage|p2a: Incineroar|87/100
|
|-weather|Sandstorm|[upkeep]
|-damage|p2b: Salamence|47/100|[from] Sandstorm
|-damage|p1a: Tyranitar|41/100 brn|[from] Sandstorm
|-heal|p2a: Incineroar|93/100|[from] Grassy Terrain
|-damage|p1a: Tyranitar|36/100 brn|[from] brn
|upkeep
|
|t:|1757071109
|switch|p1b: Garchomp|Garchomp, L50, M|77/100
|turn|5
|
|t:|1757071117
|switch|p1a: Dragonite|Dragonite, L50, F|100/100
|move|p1b: Garchomp|Earthquake|p2b: Salamence|[spread] p2a
|-immune|p1a: Dragonite
|-immune|p2b: Salamence
|-supereffective|p2a: Incineroar
|-damage|p2a: Incineroar|46/100
|-damage|p1b: Garchomp|67/100|[from] item: Life Orb
|move|p2b: Salamence|Draco Meteor|p1b: Garchomp
|-supereffective|p1b: Garchomp
|-damage|p1b: Garchomp|0 fnt
|-unboost|p2b: Salamence|spa|2
|faint|p1b: Garchomp
|move|p2a: Incineroar|Parting Shot|p1a: Dragonite
|-unboost|p1a: Dragonite|atk|1
|-unboost|p1a: Dragonite|spa|1
|
|t:|1757071127
|switch|p2a: Bastiodon|Bastiodon, L50, F|78/100|[from] Parting Shot
|
|-weather|none
|-heal|p2a: Bastiodon|84/100|[from] Grassy Terrain
|upkeep
|
|t:|1757071135
|switch|p1b: Tyranitar|Tyranitar, L50, F, tera:Flying|36/100 brn
|-weather|Sandstorm|[from] ability: Sand Stream|[of] p1b: Tyranitar
|turn|6
|
|t:|1757071159
|switch|p2b: Incineroar|Incineroar, L50, F|46/100
|-ability|p2b: Incineroar|Intimidate|boost
|-unboost|p1a: Dragonite|atk|1
|-unboost|p1b: Tyranitar|atk|1
|move|p1a: Dragonite|Ice Spinner|p2a: Bastiodon
|-resisted|p2a: Bastiodon
|-damage|p2a: Bastiodon|78/100
|-fieldend|move: Grassy Terrain
|move|p1b: Tyranitar|Knock Off|p2a: Bastiodon
|-damage|p2a: Bastiodon|68/100
|-enditem|p2a: Bastiodon|Covert Cloak|[from] move: Knock Off|[of] p1b: Tyranitar
|move|p2a: Bastiodon|Ice Beam|p1b: Tyranitar
|-supereffective|p1b: Tyranitar
|-damage|p1b: Tyranitar|13/100 brn
|
|-weather|Sandstorm|[upkeep]
|-damage|p1a: Dragonite|95/100|[from] Sandstorm
|-damage|p1b: Tyranitar|7/100 brn|[from] Sandstorm
|-damage|p1b: Tyranitar|1/100 brn|[from] brn
|upkeep
|turn|7
|
|t:|1757071177
|move|p1a: Dragonite|Haze|p1a: Dragonite
|-clearallboost
|move|p2b: Incineroar|Parting Shot|p1a: Dragonite
|-unboost|p1a: Dragonite|atk|1
|-unboost|p1a: Dragonite|spa|1
|
|t:|1757071181
|switch|p2b: Salamence|Salamence, L50, F|47/100|[from] Parting Shot
|-ability|p2b: Salamence|Intimidate|boost
|-unboost|p1a: Dragonite|atk|1
|-unboost|p1b: Tyranitar|atk|1
|move|p1b: Tyranitar|Rock Slide|p2b: Salamence|[spread] p2a
|-miss|p1b: Tyranitar|p2b: Salamence
|-resisted|p2a: Bastiodon
|-damage|p2a: Bastiodon|65/100
|cant|p2a: Bastiodon|flinch
|
|-weather|Sandstorm|[upkeep]
|-damage|p2b: Salamence|41/100|[from] Sandstorm
|-damage|p1a: Dragonite|89/100|[from] Sandstorm
|-damage|p1b: Tyranitar|0 fnt|[from] Sandstorm
|faint|p1b: Tyranitar
|upkeep
|turn|8
|-message|washingtongargacha forfeited.
|
|win|CretaceousDraconid
|raw|washingtongargacha's rating: 1150 → 1131(-19 for losing)
|raw|CretaceousDraconid's rating: 1232 → 1251(+19 for winning)
