|j|☆yippeeeeeeeevgc
|j|☆fluffym1n
|html|yippeeeeeeeevgcfluffym1n    
|uhtml|bestof|Game 1 of a best-of-3
|t:|1756408800
|gametype|doubles
|player|p1|yippeeeeeeeevgc|265|
|player|p2|fluffym1n|lucas-gen4pt|
|gen|9
|tier|[Gen 9] VGC 2025 Reg H (Bo3)
|rule|Species Clause: Limit one of each Pokémon
|rule|Item Clause: Limit 1 of each item
|clearpoke
|poke|p1|Talonflame, L50, F|
|poke|p1|Gholdengo, L50|
|poke|p1|Rillaboom, L50, F|
|poke|p1|Ninetales-Alola, L50, F|
|poke|p1|Annihilape, L50, M|
|poke|p1|Maushold-Four, L50|
|poke|p2|Incineroar, L50, F|
|poke|p2|Sneasler, L50, M|
|poke|p2|Amoonguss, L50, M|
|poke|p2|Garchomp, L50, F|
|poke|p2|Gholdengo, L50|
|poke|p2|Porygon2, L50|
|teampreview|4
|showteam|p1|Talonflame||CovertCloak|GaleWings|BraveBird,FlareBlitz,Tailwind,Taunt|||F|||50|,,,,,Ghost]Gholdengo||LifeOrb|GoodasGold|MakeItRain,ShadowBall,NastyPlot,Protect||||||50|,,,,,Dragon]Rillaboom||AssaultVest|GrassySurge|WoodHammer,GrassyGlide,Uturn,FakeOut|||F|||50|,,,,,Grass]Ninetales-Alola||LightClay|SnowWarning|FreezeDry,AuroraVeil,Disable,Encore|||F|||50|,,,,,Water]Annihilape||LumBerry|Defiant|RageFist,DrainPunch,BulkUp,Protect|||M|||50|,,,,,Fire]Maushold-Four||WideLens|FriendGuard|PopulationBomb,BeatUp,FollowMe,Protect||||||50|,,,,,Ghost
|showteam|p2|Incineroar||SafetyGoggles|Intimidate|FakeOut,KnockOff,FlareBlitz,PartingShot|||F|||50|,,,,,Ghost]Sneasler||FocusSash|Unburden|DireClaw,CloseCombat,FakeOut,Protect|||M|||50|,,,,,Stellar]Amoonguss||SitrusBerry|Regenerator|PollenPuff,Spore,RagePowder,Protect|||M|||50|,,,,,Water]Garchomp||LifeOrb|RoughSkin|Earthquake,DragonClaw,StompingTantrum,Protect|||F|||50|,,,,,Water]Gholdengo||MetalCoat|GoodasGold|MakeItRain,ShadowBall,NastyPlot,Protect||||||50|,,,,,Water]Porygon2||Eviolite|Download|IceBeam,TeraBlast,Recover,TrickRoom||||||50|,,,,,Flying
|c|☆fluffym1n|glhf :)
|c|☆yippeeeeeeeevgc|glhf
|
|t:|1756408857
|teamsize|p1|4
|teamsize|p2|4
|start
|switch|p1a: Ninetales|Ninetales-Alola, L50, F|100/100
|switch|p1b: Annihilape|Annihilape, L50, M|100/100
|switch|p2a: Sneasler|Sneasler, L50, M|100/100
|switch|p2b: Incineroar|Incineroar, L50, F|100/100
|-weather|Snowscape|[from] ability: Snow Warning|[of] p1a: Ninetales
|-ability|p2b: Incineroar|Intimidate|boost
|-unboost|p1a: Ninetales|atk|1
|-unboost|p1b: Annihilape|atk|1
|-ability|p1b: Annihilape|Defiant|boost
|-boost|p1b: Annihilape|atk|2
|turn|1
|inactive|Battle timer is ON: inactive players will automatically lose when time's up. (requested by fluffym1n)
|inactive|yippeeeeeeeevgc has 60 seconds left.
|
|t:|1756408896
|-terastallize|p1a: Ninetales|Water
|move|p2b: Incineroar|Fake Out|p1a: Ninetales
|-crit|p1a: Ninetales
|-damage|p1a: Ninetales|76/100
|move|p2a: Sneasler|Dire Claw|p1a: Ninetales
|-damage|p1a: Ninetales|16/100
|-status|p1a: Ninetales|psn
|cant|p1a: Ninetales|flinch
|move|p1b: Annihilape|Bulk Up|p1b: Annihilape
|-boost|p1b: Annihilape|atk|1
|-boost|p1b: Annihilape|def|1
|
|-weather|Snowscape|[upkeep]
|-damage|p1a: Ninetales|4/100 psn|[from] psn
|upkeep
|turn|2
|inactive|yippeeeeeeeevgc has 30 seconds left.
|inactive|fluffym1n has 30 seconds left.
|
|t:|1756408933
|move|p2a: Sneasler|Dire Claw|p1a: Ninetales
|-damage|p1a: Ninetales|0 fnt
|faint|p1a: Ninetales
|move|p1b: Annihilape|Rage Fist|p2a: Sneasler
|-damage|p2a: Sneasler|17/100
|move|p2b: Incineroar|Knock Off|p1b: Annihilape
|-damage|p1b: Annihilape|77/100
|-enditem|p1b: Annihilape|Lum Berry|[from] move: Knock Off|[of] p2b: Incineroar
|
|-weather|Snowscape|[upkeep]
|upkeep
|
|t:|1756408952
|switch|p1a: Talonflame|Talonflame, L50, F|100/100
|turn|3
|
|t:|1756408974
|move|p2a: Sneasler|Protect|p2a: Sneasler
|-singleturn|p2a: Sneasler|Protect
|move|p1a: Talonflame|Brave Bird|p2a: Sneasler
|-activate|p2a: Sneasler|move: Protect
|move|p1b: Annihilape|Bulk Up|p1b: Annihilape
|-boost|p1b: Annihilape|atk|1
|-boost|p1b: Annihilape|def|1
|move|p2b: Incineroar|Parting Shot|p1a: Talonflame
|-unboost|p1a: Talonflame|atk|1
|-unboost|p1a: Talonflame|spa|1
|
|t:|1756408981
|switch|p2b: Amoonguss|Amoonguss, L50, M|100/100|[from] Parting Shot
|
|-weather|Snowscape|[upkeep]
|upkeep
|turn|4
|inactive|yippeeeeeeeevgc has 30 seconds left.
|
|t:|1756409007
|-terastallize|p2a: Sneasler|Stellar
|move|p2b: Amoonguss|Rage Powder|p2b: Amoonguss
|-singleturn|p2b: Amoonguss|move: Rage Powder
|move|p1a: Talonflame|Brave Bird|p2b: Amoonguss
|-supereffective|p2b: Amoonguss
|-damage|p2b: Amoonguss|51/100
|-damage|p1a: Talonflame|77/100|[from] Recoil
|move|p2a: Sneasler|Dire Claw|p1a: Talonflame
|-damage|p1a: Talonflame|0 fnt
|faint|p1a: Talonflame
|move|p1b: Annihilape|Rage Fist|p2b: Amoonguss
|-damage|p2b: Amoonguss|0 fnt
|faint|p2b: Amoonguss
|
|-weather|Snowscape|[upkeep]
|upkeep
|
|t:|1756409024
|switch|p1a: Gholdengo|Gholdengo, L50|100/100
|switch|p2b: Gholdengo|Gholdengo, L50|100/100
|turn|5
|inactive|yippeeeeeeeevgc has 30 seconds left.
|
|t:|1756409050
|move|p2a: Sneasler|Dire Claw|p1b: Annihilape
|-resisted|p1b: Annihilape
|-damage|p1b: Annihilape|66/100
|move|p1a: Gholdengo|Shadow Ball|p2a: Sneasler
|-damage|p2a: Sneasler|0 fnt
|faint|p2a: Sneasler
|-damage|p1a: Gholdengo|91/100|[from] item: Life Orb
|move|p2b: Gholdengo|Shadow Ball|p1b: Annihilape
|-supereffective|p1b: Annihilape
|-damage|p1b: Annihilape|0 fnt
|faint|p1b: Annihilape
|
|-weather|none
|upkeep
|
|t:|1756409060
|switch|p2a: Incineroar|Incineroar, L50, F|100/100
|-ability|p2a: Incineroar|Intimidate|boost
|-unboost|p1a: Gholdengo|atk|1
|turn|6
|
|t:|1756409071
|move|p1a: Gholdengo|Shadow Ball|p2b: Gholdengo
|-supereffective|p2b: Gholdengo
|-damage|p2b: Gholdengo|0 fnt
|faint|p2b: Gholdengo
|-damage|p1a: Gholdengo|81/100|[from] item: Life Orb
|move|p2a: Incineroar|Flare Blitz|p1a: Gholdengo
|-supereffective|p1a: Gholdengo
|-damage|p1a: Gholdengo|0 fnt
|faint|p1a: Gholdengo
|-damage|p2a: Incineroar|79/100|[from] Recoil
|
|win|fluffym1n
||fluffym1n is ready for game 2.
|inactive|yippeeeeeeeevgc has 30 seconds to confirm battle start!
|c|☆yippeeeeeeeevgc|gg
||yippeeeeeeeevgc is ready for game 2.
|uhtml|next|Next: Game 2 of 3
