|j|☆bellytelevision
|j|☆B1g b3luga
|html|bellytelevisionB1g b3luga    
|uhtml|bestof|Game 1 of a best-of-3
|t:|1784827576
|gametype|doubles
|player|p1|bellytelevision|dawn|1107
|player|p2|B1g b3luga|101|1092
|gen|9
|tier|[Gen 9 Champions] VGC 2026 Reg M-B (Bo3)
|rated|
|rule|Species Clause: Limit one of each Pokémon
|rule|Item Clause: Limit 1 of each item
|clearpoke
|poke|p1|Venusaur, L50, M, shiny|
|poke|p1|Metagross, L50|
|poke|p1|Sinistcha, L50|
|poke|p1|Pelipper, L50, F|
|poke|p1|Archaludon, L50, M, shiny|
|poke|p1|Sableye, L50, F, shiny|
|poke|p2|Sceptile, L50, M, shiny|
|poke|p2|Swampert, L50, F|
|poke|p2|Pelipper, L50, M|
|poke|p2|Sylveon, L50, F|
|poke|p2|Archaludon, L50, F|
|poke|p2|Basculegion, L50, M|
|teampreview|4
|showteam|p1|Venusaur||Venusaurite|Chlorophyll|GigaDrain,SludgeBomb,Protect,EarthPower|Modest||M|||50|]Metagross||Metagrossite|ClearBody|IronHead,PsychicFangs,IcePunch,Protect|Jolly|||||50|]Sinistcha||ColburBerry|Hospitality|RagePowder,MatchaGotcha,LifeDew,TrickRoom|Sassy|||||50|]Pelipper||SitrusBerry|Drizzle|Tailwind,Hurricane,WeatherBall,WideGuard|Bold||F|||50|]Archaludon||Leftovers|Stamina|ElectroShot,FlashCannon,DragonPulse,Protect|Modest||M|||50|]Sableye||LightClay|Prankster|RainDance,Reflect,LightScreen,WillOWisp|Sassy||F|||50|
|showteam|p2|Sceptile||Sceptilite|Unburden|Detect,LeafStorm,DragonPulse,EarthPower|Timid||M|||50|]Swampert||Swampertite|Damp|WaveCrash,Earthquake,KnockOff,Protect|Adamant||F|||50|]Pelipper||FocusSash|Drizzle|WeatherBall,Tailwind,WideGuard,Hurricane|Timid||M|||50|]Sylveon||FairyFeather|Pixilate|HyperBeam,HyperVoice,QuickAttack,Detect|Modest||F|||50|]Archaludon||Leftovers|Stamina|FlashCannon,Protect,ElectroShot,DragonPulse|Timid||F|||50|]Basculegion||LifeOrb|Adaptability|WaveCrash,LastRespects,AquaJet,Protect|Adamant||M|||50|
|inactive|Battle timer is ON: inactive players will automatically lose when time's up. (requested by B1g b3luga)
|
|t:|1784827606
|teamsize|p1|4
|teamsize|p2|4
|start
|switch|p1a: Venusaur|Venusaur, L50, M, shiny|100/100
|switch|p1b: Sableye|Sableye, L50, F, shiny|100/100
|switch|p2a: Sceptile|Sceptile, L50, M, shiny|100/100
|switch|p2b: Basculegion|Basculegion, L50, M|100/100
|turn|1
|inactive|B1g b3luga has 30 seconds left.
|inactive|B1g b3luga has 20 seconds left.
|
|t:|1784827650
|switch|p2b: Pelipper|Pelipper, L50, M|100/100
|-weather|RainDance|[from] ability: Drizzle|[of] p2b: Pelipper
|detailschange|p2a: Sceptile|Sceptile-Mega, L50, M, shiny
|-mega|p2a: Sceptile|Sceptile|Sceptilite
|move|p1b: Sableye|Light Screen|p1b: Sableye
|-sidestart|p1: bellytelevision|move: Light Screen
|move|p2a: Sceptile|Leaf Storm|p1b: Sableye
|-damage|p1b: Sableye|42/100
|-unboost|p2a: Sceptile|spa|2
|move|p1a: Venusaur|Giga Drain|p2b: Pelipper
|-damage|p2b: Pelipper|43/100
|
|-weather|RainDance|[upkeep]
|upkeep
|turn|2
|inactive|bellytelevision has 30 seconds left.
|inactive|bellytelevision has 20 seconds left.
|
|t:|1784827687
|switch|p2a: Archaludon|Archaludon, L50, F|100/100
|switch|p1b: Archaludon|Archaludon, L50, M, shiny|100/100
|move|p2b: Pelipper|Hurricane|p1a: Venusaur
|-supereffective|p1a: Venusaur|1
|-damage|p1a: Venusaur|30/100
|move|p1a: Venusaur|Giga Drain|p2b: Pelipper
|-damage|p2b: Pelipper|0 fnt
|-heal|p1a: Venusaur|48/100|[from] drain|[of] p2b: Pelipper
|faint|p2b: Pelipper
|
|-weather|RainDance|[upkeep]
|upkeep
|
|t:|1784827704
|switch|p2b: Sceptile|Sceptile-Mega, L50, M, shiny|100/100
|turn|3
|
|t:|1784827719
|switch|p1b: Sinistcha|Sinistcha, L50|100/100
|-heal|p1a: Venusaur|72/100|[from] ability: Hospitality|[of] p1b: Sinistcha
|detailschange|p1a: Venusaur|Venusaur-Mega, L50, M, shiny
|-mega|p1a: Venusaur|Venusaur|Venusaurite
|move|p2b: Sceptile|Detect|p2b: Sceptile
|-singleturn|p2b: Sceptile|Protect
|move|p2a: Archaludon|Dragon Pulse|p1a: Venusaur
|-crit|p1a: Venusaur
|-damage|p1a: Venusaur|18/100
|move|p1a: Venusaur|Earth Power|p2a: Archaludon
|-supereffective|p2a: Archaludon|1
|-damage|p2a: Archaludon|24/100
|-ability|p2a: Archaludon|Stamina|boost
|-boost|p2a: Archaludon|def|1
|
|-weather|RainDance|[upkeep]
|-heal|p2a: Archaludon|30/100|[from] item: Leftovers
|upkeep
|turn|4
|
|t:|1784827742
|move|p1a: Venusaur|Protect|p1a: Venusaur
|-singleturn|p1a: Venusaur|Protect
|move|p2b: Sceptile|Dragon Pulse|p1a: Venusaur
|-activate|p1a: Venusaur|move: Protect
|move|p2a: Archaludon|Electro Shot||[still]
|-activate|p2b: Sceptile|ability: Lightning Rod
|-prepare|p2a: Archaludon|Electro Shot
|-boost|p2a: Archaludon|spa|1
|-anim|p2a: Archaludon|Electro Shot|p2b: Sceptile
|-ability|p2b: Sceptile|Lightning Rod|boost
|-boost|p2b: Sceptile|spa|1
|move|p1b: Sinistcha|Life Dew||[still]|[spread] p1a,p1b
|-heal|p1a: Venusaur|44/100
|-fail|p1b: Sinistcha|heal
|
|-weather|RainDance|[upkeep]
|-heal|p2a: Archaludon|36/100|[from] item: Leftovers
|upkeep
|turn|5
|inactive|bellytelevision has 30 seconds left.
|inactive|bellytelevision has 20 seconds left.
|
|t:|1784827782
|switch|p1a: Sableye|Sableye, L50, F, shiny|42/100
|move|p2b: Sceptile|Dragon Pulse|p1a: Sableye
|-damage|p1a: Sableye|0 fnt
|faint|p1a: Sableye
|move|p2a: Archaludon|Dragon Pulse|p1b: Sinistcha
|-damage|p1b: Sinistcha|64/100
|move|p1b: Sinistcha|Trick Room|p1b: Sinistcha
|-fieldstart|move: Trick Room|[of] p1b: Sinistcha
|
|-weather|none
|-heal|p2a: Archaludon|43/100|[from] item: Leftovers
|upkeep
|
|t:|1784827793
|switch|p1a: Venusaur|Venusaur-Mega, L50, M, shiny|44/100
|turn|6
|
|t:|1784827816
|move|p1b: Sinistcha|Life Dew|p1b: Sinistcha|[spread] p1a,p1b
|-heal|p1a: Venusaur|69/100
|-heal|p1b: Sinistcha|89/100
|move|p1a: Venusaur|Earth Power|p2a: Archaludon
|-supereffective|p2a: Archaludon|1
|-damage|p2a: Archaludon|0 fnt
|faint|p2a: Archaludon
|move|p2b: Sceptile|Dragon Pulse|p1b: Sinistcha
|-damage|p1b: Sinistcha|43/100
|
|upkeep
|
|t:|1784827823
|switch|p2a: Basculegion|Basculegion, L50, M|100/100
|turn|7
|inactive|bellytelevision has 30 seconds left.
|
|t:|1784827855
|move|p2a: Basculegion|Protect|p2a: Basculegion
|-singleturn|p2a: Basculegion|Protect
|move|p1b: Sinistcha|Matcha Gotcha|p2a: Basculegion|[spread] p2b
|-activate|p2a: Basculegion|move: Protect
|-resisted|p2b: Sceptile|2
|-damage|p2b: Sceptile|91/100
|-heal|p1b: Sinistcha|47/100|[from] drain|[of] p2b: Sceptile
|move|p1a: Venusaur|Sludge Bomb|p2b: Sceptile
|-supereffective|p2b: Sceptile|1
|-damage|p2b: Sceptile|0 fnt
|faint|p2b: Sceptile
|
|upkeep
|turn|8
|
|t:|1784827873
|move|p1b: Sinistcha|Matcha Gotcha|p2a: Basculegion|[miss]
|-miss|p1b: Sinistcha|p2a: Basculegion
|move|p2a: Basculegion|Last Respects|p1a: Venusaur
|-damage|p1a: Venusaur|0 fnt
|faint|p1a: Venusaur
|-damage|p2a: Basculegion|90/100|[from] item: Life Orb
|
|-sideend|p1: bellytelevision|move: Light Screen
|upkeep
|
|t:|1784827883
|switch|p1a: Archaludon|Archaludon, L50, M, shiny|100/100
|turn|9
|
|t:|1784827900
|move|p2a: Basculegion|Protect|p2a: Basculegion
|-singleturn|p2a: Basculegion|Protect
|move|p1b: Sinistcha|Matcha Gotcha|p2a: Basculegion
|-activate|p2a: Basculegion|move: Protect
|move|p1a: Archaludon|Electro Shot||[still]
|-prepare|p1a: Archaludon|Electro Shot
|-boost|p1a: Archaludon|spa|1
|
|-fieldend|move: Trick Room
|upkeep
|turn|10
|
|t:|1784827913
|move|p1b: Sinistcha|Rage Powder|p1b: Sinistcha
|-singleturn|p1b: Sinistcha|move: Rage Powder
|move|p1a: Archaludon|Electro Shot|p2a: Basculegion|[from] lockedmove
|-supereffective|p2a: Basculegion|1
|-damage|p2a: Basculegion|0 fnt
|faint|p2a: Basculegion
|
|win|bellytelevision
|l|☆B1g b3luga
|player|p2|
||bellytelevision is ready for game 2.
|inactive|B1g b3luga has 30 seconds to confirm battle start!
||B1g b3luga is ready for game 2.
|uhtml|next|Next: Game 2 of 3
