|j|☆jamaicanboyvgc
|j|☆ciaranburks
|html|jamaicanboyvgcciaranburks    
|uhtml|bestof|Game 2 of a best-of-3
|t:|1757679581
|gametype|doubles
|player|p1|jamaicanboyvgc|266|1099
|player|p2|ciaranburks|169|1052
|gen|9
|tier|[Gen 9] VGC 2025 Reg H (Bo3)
|rated|
|rule|Species Clause: Limit one of each Pokémon
|rule|Item Clause: Limit 1 of each item
|clearpoke
|poke|p1|Grimmsnarl, L50, M|
|poke|p1|Zoroark-Hisui, L50, F|
|poke|p1|Volcarona, L50, F|
|poke|p1|Gyarados, L50, M|
|poke|p1|Amoonguss, L50, F|
|poke|p1|Kingambit, L50, M|
|poke|p2|Charizard, L50, M|
|poke|p2|Arcanine, L50, F|
|poke|p2|Clefairy, L50, M|
|poke|p2|Dragonite, L50, F|
|poke|p2|Venusaur, L50, F|
|poke|p2|Ninetales, L50, F|
|teampreview|4
|showteam|p1|Grimmsnarl||LightClay|Prankster|LightScreen,PartingShot,Reflect,SpiritBreak|||M|||50|,,,,,Ghost]Zoroark-Hisui||FocusSash|Illusion|Protect,BitterMalice,WillOWisp,Snarl|||F|||50|,,,,,Ghost]Volcarona||Leftovers|FlameBody|Protect,FieryDance,GigaDrain,QuiverDance|||F|||50|,,,,,Grass]Gyarados||SafetyGoggles|Intimidate|Protect,Waterfall,TeraBlast,DragonDance|||M|||50|,,,,,Flying]Amoonguss||SitrusBerry|Regenerator|Protect,Spore,RagePowder,PollenPuff|||F|||50|,,,,,Dark]Kingambit||BlackGlasses|Defiant|Protect,KowtowCleave,SuckerPunch,SwordsDance|||M|||50|,,,,,Dark
|showteam|p2|Charizard||LifeOrb|SolarPower|FlameCharge,AirSlash,HeatWave,Protect|||M|||50|,,,,,Fire]Arcanine||ChoiceBand|FlashFire|CloseCombat,FlareBlitz,WildCharge,PlayRough|||F|||50|,,,,,Fighting]Clefairy||Eviolite|FriendGuard|FollowMe,Moonblast,SunnyDay,AfterYou|||M|||50|,,,,,Steel]Dragonite||SafetyGoggles|InnerFocus|ExtremeSpeed,IceSpinner,Tailwind,StoneEdge|||F|||50|,,,,,Normal]Venusaur||CovertCloak|Chlorophyll|SleepPowder,EarthPower,SludgeBomb,Protect|||F|||50|,,,,,Ground]Ninetales||FocusSash|Drought|SolarBeam,HeatWave,Protect,NastyPlot|||F|||50|,,,,,Grass
|
|t:|1757679624
|teamsize|p1|4
|teamsize|p2|4
|start
|switch|p1a: Grimmsnarl|Grimmsnarl, L50, M|100/100
|switch|p1b: Amoonguss|Amoonguss, L50, F|100/100
|switch|p2a: Arcanine|Arcanine, L50, F|100/100
|switch|p2b: Clefairy|Clefairy, L50, M|100/100
|turn|1
|
|t:|1757679638
|switch|p1b: Gyarados|Gyarados, L50, M|100/100
|-ability|p1b: Gyarados|Intimidate|boost
|-unboost|p2a: Arcanine|atk|1
|-unboost|p2b: Clefairy|atk|1
|switch|p2b: Ninetales|Ninetales, L50, F|100/100
|-weather|SunnyDay|[from] ability: Drought|[of] p2b: Ninetales
|move|p1a: Grimmsnarl|Reflect|p1a: Grimmsnarl
|-sidestart|p1: jamaicanboyvgc|Reflect
|move|p2a: Arcanine|Flare Blitz|p1b: Gyarados
|-resisted|p1b: Gyarados
|-damage|p1b: Gyarados|66/100
|-damage|p2a: Arcanine|87/100|[from] Recoil
|
|-weather|SunnyDay|[upkeep]
|upkeep
|turn|2
|
|t:|1757679668
|switch|p2b: Venusaur|Venusaur, L50, F|100/100
|switch|p2a: Clefairy|Clefairy, L50, M|100/100
|move|p1a: Grimmsnarl|Light Screen|p1a: Grimmsnarl
|-sidestart|p1: jamaicanboyvgc|move: Light Screen
|move|p1b: Gyarados|Dragon Dance|p1b: Gyarados
|-boost|p1b: Gyarados|atk|1
|-boost|p1b: Gyarados|spe|1
|
|-weather|SunnyDay|[upkeep]
|upkeep
|turn|3
|
|t:|1757679696
|move|p1b: Gyarados|Protect|p1b: Gyarados
|-singleturn|p1b: Gyarados|Protect
|move|p2a: Clefairy|Follow Me|p2a: Clefairy
|-singleturn|p2a: Clefairy|move: Follow Me
|move|p1a: Grimmsnarl|Parting Shot|p2a: Clefairy
|-unboost|p2a: Clefairy|atk|1
|-unboost|p2a: Clefairy|spa|1
|
|t:|1757679705
|switch|p1a: Amoonguss|Amoonguss, L50, F|100/100|[from] Parting Shot
|move|p2b: Venusaur|Sludge Bomb|p1b: Gyarados
|-activate|p1b: Gyarados|move: Protect
|
|-weather|SunnyDay|[upkeep]
|upkeep
|turn|4
|
|t:|1757679719
|-terastallize|p1b: Gyarados|Flying
|move|p2a: Clefairy|Follow Me|p2a: Clefairy
|-singleturn|p2a: Clefairy|move: Follow Me
|move|p2b: Venusaur|Sludge Bomb|p1b: Gyarados
|-damage|p1b: Gyarados|40/100
|move|p1b: Gyarados|Tera Blast|p2a: Clefairy|[anim] Tera Blast Flying
|-damage|p2a: Clefairy|4/100
|move|p1a: Amoonguss|Pollen Puff|p2a: Clefairy
|-resisted|p2a: Clefairy
|-damage|p2a: Clefairy|0 fnt
|faint|p2a: Clefairy
|
|-weather|SunnyDay|[upkeep]
|upkeep
|
|t:|1757679747
|switch|p2a: Ninetales|Ninetales, L50, F|100/100
|turn|5
|
|t:|1757679764
|move|p1b: Gyarados|Protect|p1b: Gyarados
|-singleturn|p1b: Gyarados|Protect
|move|p2b: Venusaur|Sludge Bomb|p1b: Gyarados
|-activate|p1b: Gyarados|move: Protect
|move|p2a: Ninetales|Heat Wave|p1b: Gyarados|[spread] p1a
|-activate|p1b: Gyarados|move: Protect
|-supereffective|p1a: Amoonguss
|-damage|p1a: Amoonguss|51/100
|move|p1a: Amoonguss|Spore|p2a: Ninetales
|-status|p2a: Ninetales|slp|[from] move: Spore
|
|-weather|none
|upkeep
|turn|6
|
|t:|1757679787
|-terastallize|p2b: Venusaur|Ground
|move|p1b: Gyarados|Tera Blast|p2b: Venusaur|[anim] Tera Blast Flying
|-damage|p2b: Venusaur|0 fnt
|faint|p2b: Venusaur
|cant|p2a: Ninetales|slp
|move|p1a: Amoonguss|Pollen Puff|p1b: Gyarados
|-heal|p1b: Gyarados|90/100
|
|upkeep
|
|t:|1757679798
|switch|p2b: Arcanine|Arcanine, L50, F|87/100
|turn|7
|
|t:|1757679805
|move|p1a: Amoonguss|Rage Powder|p1a: Amoonguss
|-singleturn|p1a: Amoonguss|move: Rage Powder
|move|p1b: Gyarados|Tera Blast|p2b: Arcanine|[anim] Tera Blast Flying
|-damage|p2b: Arcanine|0 fnt
|faint|p2b: Arcanine
|cant|p2a: Ninetales|slp
|
|upkeep
|turn|8
|
|t:|1757679817
|move|p1b: Gyarados|Waterfall|p2a: Ninetales
|-supereffective|p2a: Ninetales
|-enditem|p2a: Ninetales|Focus Sash
|-damage|p2a: Ninetales|1/100 slp
|-curestatus|p2a: Ninetales|slp|[msg]
|move|p2a: Ninetales|Heat Wave|p1b: Gyarados|[spread] p1a,p1b
|-supereffective|p1a: Amoonguss
|-damage|p1a: Amoonguss|22/100
|-damage|p1b: Gyarados|73/100
|-enditem|p1a: Amoonguss|Sitrus Berry|[eat]
|-heal|p1a: Amoonguss|47/100|[from] item: Sitrus Berry
|move|p1a: Amoonguss|Pollen Puff|p2a: Ninetales
|-resisted|p2a: Ninetales
|-damage|p2a: Ninetales|0 fnt
|faint|p2a: Ninetales
|
|win|jamaicanboyvgc
||jamaicanboyvgc is ready for game 3.
|inactive|ciaranburks has 30 seconds to confirm battle start!
|l|☆ciaranburks
|player|p2|
||ciaranburks is ready for game 3.
|uhtml|next|Next: Game 3 of 3
