|j|‽battle sim trainer
|j|☆Farkz7
|html|battle sim trainerFarkz7    
|uhtml|bestof|Game 3 of a best-of-3
|t:|1783624175
|gametype|doubles
|player|p1|battle sim trainer|turo|1142
|player|p2|Farkz7|266|1000
|gen|9
|tier|[Gen 9 Champions] VGC 2026 Reg M-B (Bo3)
|rated|
|rule|Species Clause: Limit one of each Pokémon
|rule|Item Clause: Limit 1 of each item
|clearpoke
|poke|p1|Swampert, L50, M|
|poke|p1|Pelipper, L50, M|
|poke|p1|Archaludon, L50, F|
|poke|p1|Grimmsnarl, L50, M|
|poke|p1|Annihilape, L50, F|
|poke|p1|Greninja, L50, M|
|poke|p2|Camerupt, L50, M|
|poke|p2|Hydreigon, L50, M|
|poke|p2|Hawlucha, L50, M|
|poke|p2|Abomasnow, L50, M|
|poke|p2|Farigiraf, L50, M|
|poke|p2|Hatterene, L50, F|
|teampreview|4
|showteam|p1|Swampert||Swampertite|Damp|WaveCrash,Earthquake,IcePunch,Protect|Adamant||M|||50|]Pelipper||SitrusBerry|Drizzle|Hurricane,WeatherBall,Tailwind,Protect|Modest||M|||50|]Archaludon||Leftovers|Stamina|ElectroShot,DragonPulse,FlashCannon,Protect|Modest||F|||50|]Grimmsnarl||LightClay|Prankster|SpiritBreak,Reflect,LightScreen,PartingShot|Careful||M|||50|]Annihilape||ChoiceScarf|Defiant|RageFist,CloseCombat,Uturn,Coaching|Adamant||F|||50|]Greninja||Greninjite|Protean|WaterShuriken,DarkPulse,LowKick,WeatherBall|Modest||M|||50|
|showteam|p2|Camerupt||Cameruptite|SolidRock|LavaPlume,Eruption,Earthquake,Protect|Quiet||M|||50|]Hydreigon||ChoiceScarf|Levitate|DarkPulse,EarthPower,DragonDance,Flamethrower|Modest||M|||50|]Hawlucha|||MoldBreaker|CloseCombat,BraveBird,StoneEdge,Protect|Jolly||M|||50|]Abomasnow||Abomasite|SnowWarning|Blizzard,GigaDrain,Protect,EarthPower|Modest||M|||50|]Farigiraf||SitrusBerry|ArmorTail|Thunderbolt,Protect,TrickRoom,HyperVoice|Sassy||M|||50|]Hatterene||LifeOrb|MagicBounce|DazzlingGleam,Psychic,Protect,TrickRoom|Serious||F|||50|
|
|t:|1783624199
|teamsize|p1|4
|teamsize|p2|4
|start
|switch|p1a: Annihilape|Annihilape, L50, F|100/100
|switch|p1b: Swampert|Swampert, L50, M|100/100
|switch|p2a: Hydreigon|Hydreigon, L50, M|100/100
|switch|p2b: Farigiraf|Farigiraf, L50, M|100/100
|turn|1
|
|t:|1783624220
|detailschange|p1b: Swampert|Swampert-Mega, L50, M
|-mega|p1b: Swampert|Swampert|Swampertite
|move|p2b: Farigiraf|Protect|p2b: Farigiraf
|-singleturn|p2b: Farigiraf|Protect
|move|p2a: Hydreigon|Dark Pulse|p1a: Annihilape
|-damage|p1a: Annihilape|56/100
|move|p1a: Annihilape|U-turn|p2a: Hydreigon
|-supereffective|p2a: Hydreigon|1
|-damage|p2a: Hydreigon|46/100
|
|t:|1783624234
|switch|p1a: Pelipper|Pelipper, L50, M|100/100|[from] U-turn
|-weather|RainDance|[from] ability: Drizzle|[of] p1a: Pelipper
|move|p1b: Swampert|Wave Crash|p2b: Farigiraf
|-activate|p2b: Farigiraf|move: Protect
|
|-weather|RainDance|[upkeep]
|upkeep
|turn|2
|
|t:|1783624249
|move|p1b: Swampert|Wave Crash|p2b: Farigiraf
|-damage|p2b: Farigiraf|0 fnt
|faint|p2b: Farigiraf
|-damage|p1b: Swampert|57/100|[from] Recoil
|move|p2a: Hydreigon|Dark Pulse|p1a: Pelipper
|-damage|p1a: Pelipper|50/100g
|move|p1a: Pelipper|Weather Ball|p2a: Hydreigon
|-resisted|p2a: Hydreigon|1
|-damage|p2a: Hydreigon|16/100
|
|-weather|RainDance|[upkeep]
|upkeep
|
|t:|1783624264
|switch|p2b: Hatterene|Hatterene, L50, F|100/100
|turn|3
|
|t:|1783624286
|move|p1b: Swampert|Wave Crash|p2a: Hydreigon
|-resisted|p2a: Hydreigon|1
|-damage|p2a: Hydreigon|0 fnt
|faint|p2a: Hydreigon
|-damage|p1b: Swampert|52/100|[from] Recoil
|move|p1a: Pelipper|Hurricane|p2b: Hatterene
|-damage|p2b: Hatterene|54/100
|move|p2b: Hatterene|Trick Room|p2b: Hatterene
|-fieldstart|move: Trick Room|[of] p2b: Hatterene
|
|-weather|RainDance|[upkeep]
|upkeep
|
|t:|1783624296
|switch|p2a: Camerupt|Camerupt, L50, M|100/100
|turn|4
|
|t:|1783624316
|detailschange|p2a: Camerupt|Camerupt-Mega, L50, M
|-mega|p2a: Camerupt|Camerupt|Cameruptite
|move|p1a: Pelipper|Protect|p1a: Pelipper
|-singleturn|p1a: Pelipper|Protect
|move|p1b: Swampert|Protect|p1b: Swampert
|-singleturn|p1b: Swampert|Protect
|move|p2a: Camerupt|Eruption|p1a: Pelipper|[spread] 
|-activate|p1a: Pelipper|move: Protect
|-activate|p1b: Swampert|move: Protect
|move|p2b: Hatterene|Dazzling Gleam|p1b: Swampert|[spread] 
|-activate|p1a: Pelipper|move: Protect
|-activate|p1b: Swampert|move: Protect
|
|-weather|RainDance|[upkeep]
|upkeep
|turn|5
|
|t:|1783624358
|switch|p1a: Annihilape|Annihilape, L50, F|56/100
|switch|p1b: Greninja|Greninja, L50, M|100/100
|move|p2a: Camerupt|Protect|p2a: Camerupt
|-singleturn|p2a: Camerupt|Protect
|move|p2b: Hatterene|Psychic|p1b: Greninja
|-immune|p1b: Greninja
|
|-weather|none
|upkeep
|turn|6
|
|t:|1783624404
|move|p1b: Greninja|Water Shuriken|p2a: Camerupt
|-start|p1b: Greninja|typechange|Water|[from] ability: Protean
|-supereffective|p2a: Camerupt|2
|-damage|p2a: Camerupt|72/100
|-supereffective|p2a: Camerupt|2
|-damage|p2a: Camerupt|45/100
|-supereffective|p2a: Camerupt|2
|-damage|p2a: Camerupt|16/100
|-supereffective|p2a: Camerupt|2
|-damage|p2a: Camerupt|0 fnt
|faint|p2a: Camerupt
|-hitcount|p2: Camerupt|4
|move|p2b: Hatterene|Dazzling Gleam|p1b: Greninja|[spread] p1a,p1b
|-supereffective|p1a: Annihilape|1
|-crit|p1a: Annihilape
|-damage|p1a: Annihilape|0 fnt
|-damage|p1b: Greninja|38/100
|faint|p1a: Annihilape
|-damage|p2b: Hatterene|44/100|[from] item: Life Orb
|
|upkeep
|
|t:|1783624419
|switch|p1a: Pelipper|Pelipper, L50, M|50/100g
|-weather|RainDance|[from] ability: Drizzle|[of] p1a: Pelipper
|turn|7
|
|t:|1783624424
|move|p1a: Pelipper|Protect|p1a: Pelipper
|-singleturn|p1a: Pelipper|Protect
|move|p1b: Greninja|Water Shuriken|p2b: Hatterene
|-damage|p2b: Hatterene|31/100
|-damage|p2b: Hatterene|18/100
|-damage|p2b: Hatterene|5/100
|-hitcount|p2b: Hatterene|3
|move|p2b: Hatterene|Psychic|p1a: Pelipper
|-activate|p1a: Pelipper|move: Protect
|
|-weather|RainDance|[upkeep]
|-fieldend|move: Trick Room
|upkeep
|turn|8
|
|t:|1783624436
|move|p1b: Greninja|Water Shuriken|p2b: Hatterene
|-damage|p2b: Hatterene|0 fnt
|faint|p2b: Hatterene
|-hitcount|p2: Hatterene|1
|
|win|battle sim trainer
|raw|battle sim trainer's rating: 1142 → 1157(+15 for winning)
|raw|Farkz7's rating: 1000 → 1000(+0 for losing)
