|j|☆llamitas_73
|j|☆Prepucio Santos
|html|llamitas_73Prepucio Santos    
|uhtml|bestof|Game 1 of a best-of-3
|t:|1783107306
|gametype|doubles
|player|p1|llamitas_73|rocketgrunt|1113
|player|p2|Prepucio Santos|striker|1180
|gen|9
|tier|[Gen 9 Champions] VGC 2026 Reg M-B (Bo3)
|rated|
|rule|Species Clause: Limit one of each Pokémon
|rule|Item Clause: Limit 1 of each item
|clearpoke
|poke|p1|Blaziken, L50, M|
|poke|p1|Metagross, L50, shiny|
|poke|p1|Basculegion, L50, M|
|poke|p1|Hydreigon, L50, F|
|poke|p1|Whimsicott, L50, F|
|poke|p1|Farigiraf, L50, F|
|poke|p2|Incineroar, L50, M|
|poke|p2|Sinistcha-Masterpiece, L50, shiny|
|poke|p2|Floette-Eternal, L50, F|
|poke|p2|Kingambit, L50, M|
|poke|p2|Sneasler, L50, F|
|poke|p2|Delphox, L50, M, shiny|
|teampreview|4
|showteam|p1|Blaziken||Blazikenite|SpeedBoost|Detect,CloseCombat,FlareBlitz,RockSlide|Adamant||M|||50|]Metagross||Metagrossite|ClearBody|Protect,PsychicFangs,IronHead,StompingTantrum|Jolly|||||50|]Basculegion||LifeOrb|Adaptability|Protect,WaveCrash,LastRespects,AquaJet|Adamant||M|||50|]Hydreigon||ChoiceScarf|Levitate|DarkPulse,Snarl,EarthPower,DracoMeteor|Modest||F|||50|]Whimsicott||FocusSash|Prankster|Protect,Moonblast,Tailwind,SunnyDay|Timid||F|||50|]Farigiraf||SitrusBerry|ArmorTail|Roar,Thunderbolt,Psychic,TrickRoom|Bold||F|||50|
|showteam|p2|Incineroar||SitrusBerry|Intimidate|FakeOut,PartingShot,ThroatChop,FlareBlitz|Careful||M|||50|]Sinistcha-Masterpiece||KasibBerry|Hospitality|MatchaGotcha,LifeDew,RagePowder,TrickRoom|Bold|||||50|]Floette-Eternal||Floettite|FlowerVeil|Moonblast,DazzlingGleam,CalmMind,Protect|Modest||F|||50|]Kingambit||BlackGlasses|Defiant|KowtowCleave,SuckerPunch,SwordsDance,Protect|Adamant||M|||50|]Sneasler||FocusSash|PoisonTouch|FakeOut,CloseCombat,DireClaw,QuickGuard|Jolly||F|||50|]Delphox||Delphoxite|Blaze|HeatWave,Psyshock,NastyPlot,Protect|Timid||M|||50|
|inactive|Battle timer is ON: inactive players will automatically lose when time's up. (requested by llamitas_73)
|inactive|llamitas_73 has 60 seconds left.
|inactive|Prepucio Santos has 60 seconds left.
|inactive|Prepucio Santos has 30 seconds left.
|inactive|Prepucio Santos has 20 seconds left.
|inactive|Prepucio Santos has 15 seconds left.
|inactive|Prepucio Santos has 10 seconds left.
|inactive|Prepucio Santos has 5 seconds left.
|
|t:|1783107434
|teamsize|p1|4
|teamsize|p2|4
|start
|switch|p1a: Blaziken|Blaziken, L50, M|100/100
|switch|p1b: Whimsicott|Whimsicott, L50, F|100/100
|switch|p2a: Incineroar|Incineroar, L50, M|100/100
|switch|p2b: Sinistcha|Sinistcha-Masterpiece, L50, shiny|100/100
|-ability|p2a: Incineroar|Intimidate|boost
|-unboost|p1a: Blaziken|atk|1
|-unboost|p1b: Whimsicott|atk|1
|turn|1
|inactive|Prepucio Santos has 30 seconds left.
|inactive|Prepucio Santos has 20 seconds left.
|inactive|Prepucio Santos has 15 seconds left.
|
|t:|1783107477
|switch|p2b: Floette|Floette-Eternal, L50, F|100/100
|detailschange|p1a: Blaziken|Blaziken-Mega, L50, M
|-mega|p1a: Blaziken|Blaziken|Blazikenite
|move|p1b: Whimsicott|Protect|p1b: Whimsicott
|-singleturn|p1b: Whimsicott|Protect
|move|p1a: Blaziken|Detect|p1a: Blaziken
|-singleturn|p1a: Blaziken|Protect
|move|p2a: Incineroar|Fake Out|p1b: Whimsicott
|-activate|p1b: Whimsicott|move: Protect
|
|-ability|p1a: Blaziken|Speed Boost|boost
|-boost|p1a: Blaziken|spe|1
|upkeep
|turn|2
|
|t:|1783107499
|detailschange|p2b: Floette|Floette-Mega, L50, F
|-mega|p2b: Floette|Floette|Floettite
|-ability|p2b: Floette|Fairy Aura
|move|p1b: Whimsicott|Tailwind|p1b: Whimsicott
|-sidestart|p1: llamitas_73|move: Tailwind
|move|p1a: Blaziken|Flare Blitz|p2b: Floette
|-damage|p2b: Floette|48/100
|-damage|p1a: Blaziken|80/100|[from] Recoil
|move|p2b: Floette|Dazzling Gleam|p1b: Whimsicott|[spread] p1a,p1b
|-damage|p1a: Blaziken|13/100
|-damage|p1b: Whimsicott|22/100
|move|p2a: Incineroar|Parting Shot|p1a: Blaziken
|-unboost|p1a: Blaziken|atk|1
|-unboost|p1a: Blaziken|spa|1
|
|t:|1783107506
|switch|p2a: Sinistcha|Sinistcha-Masterpiece, L50, shiny|100/100|[from] Parting Shot
|-heal|p2b: Floette|72/100|[from] ability: Hospitality|[of] p2a: Sinistcha
|
|-ability|p1a: Blaziken|Speed Boost|boost
|-boost|p1a: Blaziken|spe|1
|upkeep
|turn|3
|
|t:|1783107525
|switch|p1a: Farigiraf|Farigiraf, L50, F|100/100
|switch|p2a: Incineroar|Incineroar, L50, M|100/100
|-ability|p2a: Incineroar|Intimidate|boost
|-unboost|p1a: Farigiraf|atk|1
|-unboost|p1b: Whimsicott|atk|1
|move|p1b: Whimsicott|Moonblast|p2a: Incineroar
|-damage|p2a: Incineroar|61/100
|move|p2b: Floette|Dazzling Gleam|p1b: Whimsicott|[spread] p1a,p1b
|-damage|p1a: Farigiraf|49/100
|-damage|p1b: Whimsicott|0 fnt
|-enditem|p1a: Farigiraf|Sitrus Berry|[eat]
|-heal|p1a: Farigiraf|74/100|[from] item: Sitrus Berry
|faint|p1b: Whimsicott
|
|upkeep
|
|t:|1783107544
|switch|p1b: Blaziken|Blaziken-Mega, L50, M|13/100
|turn|4
|
|t:|1783107558
|move|p1b: Blaziken|Flare Blitz|p2b: Floette
|-damage|p2b: Floette|0 fnt
|faint|p2b: Floette
|-damage|p1b: Blaziken|0 fnt|[from] Recoil
|faint|p1b: Blaziken
|move|p1a: Farigiraf|Thunderbolt|p2a: Incineroar
|-damage|p2a: Incineroar|42/100
|-status|p2a: Incineroar|par
|-enditem|p2a: Incineroar|Sitrus Berry|[eat]
|-heal|p2a: Incineroar|67/100 par|[from] item: Sitrus Berry
|move|p2a: Incineroar|Throat Chop|p1a: Farigiraf
|-supereffective|p1a: Farigiraf|1
|-damage|p1a: Farigiraf|24/100
|-start|p1a: Farigiraf|Throat Chop|[silent]
|
|upkeep
|
|t:|1783107571
|switch|p1b: Hydreigon|Hydreigon, L50, F|100/100
|switch|p2b: Kingambit|Kingambit, L50, M|100/100
|turn|5
|
|t:|1783107586
|move|p1b: Hydreigon|Earth Power|p2a: Incineroar
|-supereffective|p2a: Incineroar|1
|-damage|p2a: Incineroar|19/100 par
|move|p1a: Farigiraf|Thunderbolt|p2b: Kingambit
|-damage|p2b: Kingambit|75/100
|move|p2b: Kingambit|Kowtow Cleave|p1a: Farigiraf
|-supereffective|p1a: Farigiraf|1
|-damage|p1a: Farigiraf|0 fnt
|faint|p1a: Farigiraf
|move|p2a: Incineroar|Parting Shot|p1b: Hydreigon
|-unboost|p1b: Hydreigon|atk|1
|-unboost|p1b: Hydreigon|spa|1
|
|t:|1783107592
|switch|p2a: Sinistcha|Sinistcha-Masterpiece, L50, shiny|100/100|[from] Parting Shot
|-heal|p2b: Kingambit|100/100|[from] ability: Hospitality|[of] p2a: Sinistcha
|
|-sideend|p1: llamitas_73|move: Tailwind
|upkeep
|turn|6
|-message|llamitas_73 forfeited.
|
|win|Prepucio Santos
|l|☆llamitas_73
|player|p1|
||Prepucio Santos is ready for game 2.
||llamitas_73 is ready for game 2.
|uhtml|next|Next: Game 2 of 3
