|j|☆Wezly_ME
|j|☆puli95
|html|Wezly_MEpuli95    
|uhtml|bestof|Game 1 of a best-of-3
|t:|1757697612
|gametype|doubles
|player|p1|Wezly_ME|palmer|1048
|player|p2|puli95|265|1060
|gen|9
|tier|[Gen 9] VGC 2025 Reg H (Bo3)
|rated|
|rule|Species Clause: Limit one of each Pokémon
|rule|Item Clause: Limit 1 of each item
|clearpoke
|poke|p1|Ursaluna-Bloodmoon, L50, M|
|poke|p1|Sinistcha, L50|
|poke|p1|Smeargle, L50, F|
|poke|p1|Sneasler, L50, M|
|poke|p1|Indeedee, L50, M|
|poke|p1|Bellibolt, L50, F|
|poke|p2|Corviknight, L50, M|
|poke|p2|Primarina, L50, F|
|poke|p2|Incineroar, L50, M|
|poke|p2|Indeedee-F, L50, F|
|poke|p2|Exeggutor, L50, M|
|poke|p2|Torkoal, L50, F|
|teampreview|4
|showteam|p1|Ursaluna-Bloodmoon||AssaultVest|MindsEye|BloodMoon,HyperVoice,EarthPower,VacuumWave|||M|||50|,,,,,Fairy]Sinistcha||Leftovers|Hospitality|Protect,LifeDew,ShadowBall,MatchaGotcha||||||50|,,,,,Water]Smeargle||FocusSash|Moody|FakeOut,FollowMe,Decorate,Spore|||F|||50|,,,,,Ghost]Sneasler||NormalGem|Unburden|FakeOut,NightSlash,DireClaw,CloseCombat|||M|||50|,,,,,Flying]Indeedee||SitrusBerry|PsychicSurge|ExpandingForce,DazzlingGleam,TrickRoom,Protect|||M|||50|,,,,,Fairy]Bellibolt||BigRoot|Electromorphosis|ParabolicCharge,AcidSpray,Soak,Protect|||F|||50|,,,,,Grass
|showteam|p2|Corviknight||PsychicSeed|MirrorArmor|BraveBird,BodyPress,IronDefense,Roost|||M|||50|,,,,,Fire]Primarina||LifeOrb|LiquidVoice|Moonblast,HyperVoice,AquaJet,Protect|||F|||50|,,,,,Poison]Incineroar||ClearAmulet|Intimidate|FlareBlitz,KnockOff,FakeOut,PartingShot|||M|||50|,,,,,Flying]Indeedee-F||SafetyGoggles|PsychicSurge|Psychic,TeraBlast,FollowMe,TrickRoom|||F|||50|,,,,,Fighting]Exeggutor||FocusSash|Chlorophyll|ExpandingForce,EnergyBall,TrickRoom,SleepPowder|||M|||50|,,,,,Stellar]Torkoal||EjectPack|Drought|Eruption,HeatWave,Overheat,EarthPower|||F|||50|,,,,,Fire
|inactive|Battle timer is ON: inactive players will automatically lose when time's up. (requested by Wezly_ME)
|inactive|Wezly_ME has 60 seconds left.
|
|t:|1757697667
|teamsize|p1|4
|teamsize|p2|4
|start
|switch|p1a: Sneasler|Sneasler, L50, M|100/100
|switch|p1b: Sinistcha|Sinistcha, L50|100/100
|switch|p2a: Corviknight|Corviknight, L50, M|100/100
|switch|p2b: Indeedee|Indeedee-F, L50, F|100/100
|-fieldstart|move: Psychic Terrain|[from] ability: Psychic Surge|[of] p2b: Indeedee
|-enditem|p2a: Corviknight|Psychic Seed
|-boost|p2a: Corviknight|spd|1|[from] item: Psychic Seed
|turn|1
|inactive|Wezly_ME has 30 seconds left.
|
|t:|1757697694
|move|p1a: Sneasler|Night Slash|p2b: Indeedee
|-supereffective|p2b: Indeedee
|-crit|p2b: Indeedee
|-damage|p2b: Indeedee|20/100
|move|p2b: Indeedee|Psychic|p1a: Sneasler
|-supereffective|p1a: Sneasler
|-crit|p1a: Sneasler
|-damage|p1a: Sneasler|0 fnt
|faint|p1a: Sneasler
|move|p1b: Sinistcha|Matcha Gotcha|p2a: Corviknight|[spread] p2a,p2b
|-resisted|p2a: Corviknight
|-damage|p2a: Corviknight|97/100
|-damage|p2b: Indeedee|0 fnt
|faint|p2b: Indeedee
|move|p2a: Corviknight|Iron Defense|p2a: Corviknight
|-boost|p2a: Corviknight|def|2
|
|upkeep
|
|t:|1757697712
|switch|p1a: Bellibolt|Bellibolt, L50, F|100/100
|switch|p2b: Exeggutor|Exeggutor, L50, M|100/100
|turn|2
|
|t:|1757697729
|-terastallize|p2a: Corviknight|Fire
|move|p2b: Exeggutor|Expanding Force|p1a: Bellibolt|[spread] p1a,p1b
|-damage|p1a: Bellibolt|55/100
|-damage|p1b: Sinistcha|37/100
|-start|p1a: Bellibolt|Charge|Expanding Force|[from] ability: Electromorphosis
|move|p1b: Sinistcha|Shadow Ball|p2b: Exeggutor
|-supereffective|p2b: Exeggutor
|-crit|p2b: Exeggutor
|-enditem|p2b: Exeggutor|Focus Sash
|-damage|p2b: Exeggutor|1/100
|move|p2a: Corviknight|Brave Bird|p1b: Sinistcha
|-supereffective|p1b: Sinistcha
|-damage|p1b: Sinistcha|0 fnt
|faint|p1b: Sinistcha
|-damage|p2a: Corviknight|86/100|[from] Recoil
|move|p1a: Bellibolt|Parabolic Charge|p2a: Corviknight|[spread] p2a,p2b
|-resisted|p2b: Exeggutor
|-damage|p2a: Corviknight|64/100
|-heal|p1a: Bellibolt|69/100|[from] drain|[of] p2a: Corviknight
|-damage|p2b: Exeggutor|0 fnt
|-heal|p1a: Bellibolt|70/100|[from] drain|[of] p2b: Exeggutor
|faint|p2b: Exeggutor
|-end|p1a: Bellibolt|Charge|[silent]
|
|upkeep
|
|t:|1757697750
|switch|p2b: Torkoal|Torkoal, L50, F|100/100
|switch|p1b: Ursaluna|Ursaluna-Bloodmoon, L50, M|100/100
|-weather|SunnyDay|[from] ability: Drought|[of] p2b: Torkoal
|turn|3
|
|t:|1757697771
|move|p2a: Corviknight|Body Press|p1b: Ursaluna
|-supereffective|p1b: Ursaluna
|-damage|p1b: Ursaluna|21/100
|move|p1b: Ursaluna|Earth Power|p2a: Corviknight
|-supereffective|p2a: Corviknight
|-damage|p2a: Corviknight|0 fnt
|faint|p2a: Corviknight
|move|p1a: Bellibolt|Acid Spray|p2b: Torkoal
|-damage|p2b: Torkoal|86/100
|-unboost|p2b: Torkoal|spd|2
|move|p2b: Torkoal|Heat Wave|p1b: Ursaluna|[spread] p1a,p1b
|-damage|p1a: Bellibolt|32/100
|-damage|p1b: Ursaluna|0 fnt
|-start|p1a: Bellibolt|Charge|Heat Wave|[from] ability: Electromorphosis
|faint|p1b: Ursaluna
|
|-weather|SunnyDay|[upkeep]
|upkeep
|turn|4
|
|t:|1757697790
|move|p1a: Bellibolt|Protect|p1a: Bellibolt
|-singleturn|p1a: Bellibolt|Protect
|move|p2b: Torkoal|Earth Power|p1a: Bellibolt
|-activate|p1a: Bellibolt|move: Protect
|
|-weather|SunnyDay|[upkeep]
|upkeep
|turn|5
|
|t:|1757697798
|-terastallize|p1a: Bellibolt|Grass
|move|p1a: Bellibolt|Parabolic Charge|p2b: Torkoal
|-damage|p2b: Torkoal|0 fnt
|-heal|p1a: Bellibolt|81/100|[from] drain|[of] p2b: Torkoal
|faint|p2b: Torkoal
|-end|p1a: Bellibolt|Charge|[silent]
|
|win|Wezly_ME
||puli95 is ready for game 2.
|l|☆Wezly_ME
|player|p1|
|inactive|Wezly_ME has 30 seconds to confirm battle start!
||Wezly_ME is ready for game 2.
|uhtml|next|Next: Game 2 of 3
