|j|☆Pelosis
|j|☆aztral09
|html|Pelosisaztral09    
|uhtml|bestof|Game 3 of a best-of-3
|t:|1784315576
|gametype|doubles
|player|p1|Pelosis|266|1092
|player|p2|aztral09|170|1119
|gen|9
|tier|[Gen 9 Champions] VGC 2026 Reg M-B (Bo3)
|rated|
|rule|Species Clause: Limit one of each Pokémon
|rule|Item Clause: Limit 1 of each item
|clearpoke
|poke|p1|Mawile, L50, M|
|poke|p1|Farigiraf, L50, F|
|poke|p1|Incineroar, L50, F|
|poke|p1|Torkoal, L50, M|
|poke|p1|Venusaur, L50, M|
|poke|p1|Scrafty, L50, M|
|poke|p2|Aerodactyl, L50, F, shiny|
|poke|p2|Scrafty, L50, F|
|poke|p2|Farigiraf, L50, M|
|poke|p2|Sylveon, L50, F|
|poke|p2|Annihilape, L50, F|
|poke|p2|Sinistcha, L50|
|teampreview|4
|showteam|p1|Mawile||Mawilite|HyperCutter|Protect,PlayRough,RockSlide,SuckerPunch|Brave||M|||50|]Farigiraf||SitrusBerry|ArmorTail|TrickRoom,TwinBeam,Thunderbolt,HelpingHand|Quiet||F|||50|]Incineroar||WhiteHerb|Intimidate|FakeOut,CloseCombat,FlareBlitz,DarkestLariat|Brave||F|||50|]Torkoal||Charcoal|Drought|Protect,Eruption,HeatWave,WeatherBall|Quiet||M|||50|]Venusaur||FocusSash|Chlorophyll|SleepPowder,EarthPower,EnergyBall,SludgeBomb|Modest||M|||50|]Scrafty||Scraftinite|Intimidate|FakeOut,CloseCombat,KnockOff,IcePunch|Brave||M|||50|
|showteam|p2|Aerodactyl||Aerodactylite|Unnerve|RockSlide,Tailwind,IronHead,DualWingbeat|Adamant||F|||50|]Scrafty||Scraftinite|Intimidate|FakeOut,CloseCombat,KnockOff,Detect|Brave||F|||50|]Farigiraf||SitrusBerry|ArmorTail|Psychic,Thunderbolt,TrickRoom,Protect|Modest||M|||50|]Sylveon||FairyFeather|Pixilate|DrainingKiss,HyperVoice,QuickAttack,Detect|Quiet||F|||50|]Annihilape||FocusSash|Defiant|PhantomForce,DrainPunch,RockTomb,Protect|Jolly||F|||50|]Sinistcha||Leftovers|Hospitality|RagePowder,MatchaGotcha,LifeDew,Protect|Modest|||||50|
|inactive|Battle timer is ON: inactive players will automatically lose when time's up. (requested by Pelosis)
|
|t:|1784315609
|teamsize|p1|4
|teamsize|p2|4
|start
|switch|p1a: Farigiraf|Farigiraf, L50, F|100/100
|switch|p1b: Venusaur|Venusaur, L50, M|100/100
|switch|p2a: Farigiraf|Farigiraf, L50, M|100/100
|switch|p2b: Scrafty|Scrafty, L50, F|100/100
|-ability|p2b: Scrafty|Intimidate|boost
|-unboost|p1a: Farigiraf|atk|1
|-unboost|p1b: Venusaur|atk|1
|turn|1
|inactive|Pelosis has 30 seconds left.
|
|t:|1784315634
|detailschange|p2b: Scrafty|Scrafty-Mega, L50, F
|-mega|p2b: Scrafty|Scrafty|Scraftinite
|-ability|p2b: Scrafty|Intimidate|boost
|-unboost|p1a: Farigiraf|atk|1
|-unboost|p1b: Venusaur|atk|1
|move|p1b: Venusaur|Sleep Powder|p2a: Farigiraf
|-status|p2a: Farigiraf|slp|[from] move: Sleep Powder
|cant|p2a: Farigiraf|slp
|move|p2b: Scrafty|Knock Off|p1a: Farigiraf
|-supereffective|p1a: Farigiraf|1
|-damage|p1a: Farigiraf|2/100
|-enditem|p1a: Farigiraf|Sitrus Berry|[from] move: Knock Off|[of] p2b: Scrafty
|move|p1a: Farigiraf|Thunderbolt|p2b: Scrafty
|-damage|p2b: Scrafty|77/100
|-status|p2b: Scrafty|par
|
|upkeep
|turn|2
|
|t:|1784315658
|switch|p1a: Torkoal|Torkoal, L50, M|100/100
|-weather|SunnyDay|[from] ability: Drought|[of] p1a: Torkoal
|move|p2b: Scrafty|Detect|p2b: Scrafty
|-singleturn|p2b: Scrafty|Protect
|move|p1b: Venusaur|Sludge Bomb|p2b: Scrafty
|-activate|p2b: Scrafty|move: Protect
|-curestatus|p2a: Farigiraf|slp|[msg]
|move|p2a: Farigiraf|Psychic|p1b: Venusaur
|-supereffective|p1b: Venusaur|1
|-damage|p1b: Venusaur|18/100
|
|-weather|SunnyDay|[upkeep]
|upkeep
|turn|3
|
|t:|1784315678
|move|p1b: Venusaur|Sleep Powder|p2a: Farigiraf|[miss]
|-miss|p1b: Venusaur|p2a: Farigiraf
|move|p2a: Farigiraf|Psychic|p1b: Venusaur
|-supereffective|p1b: Venusaur|1
|-damage|p1b: Venusaur|0 fnt
|faint|p1b: Venusaur
|move|p2b: Scrafty|Knock Off|p1a: Torkoal
|-damage|p1a: Torkoal|58/100
|-enditem|p1a: Torkoal|Charcoal|[from] move: Knock Off|[of] p2b: Scrafty
|move|p1a: Torkoal|Eruption|p2a: Farigiraf|[spread] p2a,p2b
|-damage|p2a: Farigiraf|61/100
|-damage|p2b: Scrafty|46/100 par
|
|-weather|SunnyDay|[upkeep]
|upkeep
|
|t:|1784315695
|switch|p1b: Mawile|Mawile, L50, M|100/100
|turn|4
|inactive|aztral09 has 30 seconds left.
|
|t:|1784315722
|detailschange|p1b: Mawile|Mawile-Mega, L50, M
|-mega|p1b: Mawile|Mawile|Mawilite
|move|p2b: Scrafty|Detect|p2b: Scrafty
|-singleturn|p2b: Scrafty|Protect
|move|p2a: Farigiraf|Psychic|p1b: Mawile
|-resisted|p1b: Mawile|1
|-damage|p1b: Mawile|82/100
|move|p1b: Mawile|Rock Slide|p2b: Scrafty|[spread] p2a
|-activate|p2b: Scrafty|move: Protect
|-damage|p2a: Farigiraf|29/100
|-enditem|p2a: Farigiraf|Sitrus Berry|[eat]
|-heal|p2a: Farigiraf|54/100|[from] item: Sitrus Berry
|move|p1a: Torkoal|Weather Ball|p2a: Farigiraf
|-damage|p2a: Farigiraf|0 fnt
|faint|p2a: Farigiraf
|
|-weather|SunnyDay|[upkeep]
|upkeep
|
|t:|1784315743
|switch|p2a: Annihilape|Annihilape, L50, F|100/100
|turn|5
|
|t:|1784315761
|move|p2a: Annihilape|Phantom Force||[still]
|-prepare|p2a: Annihilape|Phantom Force
|move|p1b: Mawile|Play Rough|p2b: Scrafty
|-supereffective|p2b: Scrafty|2
|-damage|p2b: Scrafty|0 fnt
|faint|p2b: Scrafty
|move|p1a: Torkoal|Heat Wave|p2a: Annihilape|[miss]
|-miss|p1a: Torkoal|p2a: Annihilape
|
|-weather|SunnyDay|[upkeep]
|upkeep
|
|t:|1784315770
|switch|p2b: Sylveon|Sylveon, L50, F|100/100
|turn|6
|
|t:|1784315781
|move|p2a: Annihilape|Phantom Force|p1b: Mawile|[from] lockedmove
|-damage|p1b: Mawile|39/100
|move|p2b: Sylveon|Hyper Voice|p1b: Mawile|[spread] p1a,p1b
|-resisted|p1a: Torkoal|1
|-resisted|p1b: Mawile|1
|-damage|p1a: Torkoal|28/100
|-damage|p1b: Mawile|15/100
|move|p1b: Mawile|Play Rough|p2a: Annihilape
|-supereffective|p2a: Annihilape|1
|-enditem|p2a: Annihilape|Focus Sash
|-damage|p2a: Annihilape|1/100
|move|p1a: Torkoal|Heat Wave|p2a: Annihilape|[spread] p2a,p2b
|-damage|p2a: Annihilape|0 fnt
|-damage|p2b: Sylveon|65/100
|-status|p2b: Sylveon|brn
|faint|p2a: Annihilape
|
|-weather|none
|-damage|p2b: Sylveon|59/100 brn|[from] brn
|upkeep
|turn|7
|
|t:|1784315804
|move|p1b: Mawile|Sucker Punch|p2b: Sylveon
|-resisted|p2b: Sylveon|1
|-damage|p2b: Sylveon|35/100 brn
|move|p2b: Sylveon|Hyper Voice|p1b: Mawile|[spread] p1a,p1b
|-resisted|p1a: Torkoal|1
|-resisted|p1b: Mawile|1
|-damage|p1a: Torkoal|0 fnt
|-damage|p1b: Mawile|0 fnt
|faint|p1a: Torkoal
|faint|p1b: Mawile
|
|-damage|p2b: Sylveon|29/100 brn|[from] brn
|upkeep
|
|t:|1784315815
|switch|p1b: Farigiraf|Farigiraf, L50, F|2/100
|turn|8
|
|t:|1784315826
|move|p1b: Farigiraf|Twin Beam|p2b: Sylveon
|-damage|p2b: Sylveon|14/100 brn
|-damage|p2b: Sylveon|2/100 brn
|-hitcount|p2b: Sylveon|2
|move|p2b: Sylveon|Hyper Voice|p1b: Farigiraf
|-damage|p1b: Farigiraf|0 fnt
|faint|p1b: Farigiraf
|
|win|aztral09
|raw|Pelosis's rating: 1092 → 1070(-22 for losing)
|raw|aztral09's rating: 1119 → 1142(+23 for winning)
|c|☆Pelosis|gg
