|j|☆klnory
|j|☆Harry Hard TR
|html|klnoryHarry Hard TR    
|uhtml|bestof|Game 1 of a best-of-3
|t:|1785426654
|gametype|doubles
|player|p1|klnory|unknown|1006
|player|p2|Harry Hard TR|lass-gen8|1000
|gen|9
|tier|[Gen 9 Champions] VGC 2026 Reg M-B (Bo3)
|rated|
|rule|Species Clause: Limit one of each Pokémon
|rule|Item Clause: Limit 1 of each item
|clearpoke
|poke|p1|Talonflame, L50, M|
|poke|p1|Incineroar, L50, M|
|poke|p1|Primarina, L50, M|
|poke|p1|Kingambit, L50, M|
|poke|p1|Kleavor, L50, M|
|poke|p1|Mawile, L50, F|
|poke|p2|Pyroar, L50, F|
|poke|p2|Meowscarada, L50, F|
|poke|p2|Whimsicott, L50, F|
|poke|p2|Farigiraf, L50, F|
|poke|p2|Torkoal, L50, F|
|poke|p2|Kangaskhan, L50, F|
|teampreview|4
|showteam|p1|Talonflame||FocusSash|GaleWings|DualWingbeat,Tailwind,Taunt,WillOWisp|Adamant||M|||50|]Incineroar||SitrusBerry|Intimidate|FakeOut,PartingShot,DarkestLariat,FlareBlitz|Jolly||M|||50|]Primarina||Leftovers|LiquidVoice|SparklingAria,DazzlingGleam,EnergyBall,IcyWind|Bold||M|||50|]Kingambit||QuickClaw|SupremeOverlord|SuckerPunch,Protect,KowtowCleave,IronHead|Adamant||M|||50|]Kleavor||LifeOrb|Sharpness|StoneAxe,XScissor,Uturn,CloseCombat|Adamant||M|||50|]Mawile||Mawilite|Intimidate|PlayRough,IronHead,SuckerPunch,RockSlide|Adamant||F|||50|
|showteam|p2|Pyroar||Pyroarite|Unnerve|Protect,Overheat,HeatWave,Substitute|Timid||F|||50|]Meowscarada||ChoiceScarf|Protean|Uturn,FlowerTrick,TripleAxel,ThunderPunch|Adamant||F|||50|]Whimsicott||FocusSash|Prankster|Moonblast,Encore,SunnyDay,Tailwind|Bold||F|||50|]Farigiraf||SitrusBerry|ArmorTail|Psychic,HyperVoice,Imprison,TrickRoom|Quiet||F|||50|]Torkoal||HeatRock|Drought|Protect,Eruption,EarthPower,HelpingHand|Quiet||F|||50|]Kangaskhan||Kangaskhanite|Scrappy|DoubleEdge,LowKick,SuckerPunch,FakeOut|Brave||F|||50|
|inactive|Battle timer is ON: inactive players will automatically lose when time's up. (requested by klnory)
|inactive|klnory has 60 seconds left.
|inactive|Harry Hard TR has 60 seconds left.
|
|t:|1785426712
|teamsize|p1|4
|teamsize|p2|4
|start
|switch|p1a: Talonflame|Talonflame, L50, M|100/100
|switch|p1b: Incineroar|Incineroar, L50, M|100/100
|switch|p2a: Farigiraf|Farigiraf, L50, F|100/100
|switch|p2b: Kangaskhan|Kangaskhan, L50, F|100/100
|-ability|p1b: Incineroar|Intimidate|boost
|-unboost|p2a: Farigiraf|atk|1
|-fail|p2b: Kangaskhan|unboost|Attack|[from] ability: Scrappy|[of] p2b: Kangaskhan
|turn|1
|inactive|klnory has 30 seconds left.
|
|t:|1785426745
|switch|p1b: Primarina|Primarina, L50, M|100/100
|move|p2b: Kangaskhan|Fake Out|p1a: Talonflame
|-damage|p1a: Talonflame|70/100
|cant|p1a: Talonflame|flinch
|move|p2a: Farigiraf|Trick Room|p2a: Farigiraf
|-fieldstart|move: Trick Room|[of] p2a: Farigiraf
|
|upkeep
|turn|2
|inactive|klnory has 30 seconds left.
|
|t:|1785426772
|switch|p2b: Torkoal|Torkoal, L50, F|100/100
|-weather|SunnyDay|[from] ability: Drought|[of] p2b: Torkoal
|move|p2a: Farigiraf|Hyper Voice|p1b: Primarina|[spread] p1a,p1b
|-damage|p1a: Talonflame|23/100
|-damage|p1b: Primarina|70/100
|move|p1b: Primarina|Dazzling Gleam|p2a: Farigiraf|[spread] p2a,p2b
|-resisted|p2b: Torkoal|1
|-damage|p2a: Farigiraf|70/100
|-damage|p2b: Torkoal|81/100
|move|p1a: Talonflame|Will-O-Wisp|p2b: Torkoal
|-immune|p2b: Torkoal
|
|-weather|SunnyDay|[upkeep]
|-heal|p1b: Primarina|76/100|[from] item: Leftovers
|upkeep
|turn|3
|
|t:|1785426795
|move|p2b: Torkoal|Eruption|p1b: Primarina|[spread] p1a,p1b
|-resisted|p1a: Talonflame|1
|-resisted|p1b: Primarina|1
|-damage|p1a: Talonflame|0 fnt
|-damage|p1b: Primarina|49/100
|faint|p1a: Talonflame
|move|p2a: Farigiraf|Psychic|p1b: Primarina
|-damage|p1b: Primarina|6/100
|move|p1b: Primarina|Sparkling Aria|p2a: Farigiraf|[spread] p2a,p2b
|-supereffective|p2b: Torkoal|1
|-damage|p2a: Farigiraf|53/100
|-damage|p2b: Torkoal|40/100
|
|-weather|SunnyDay|[upkeep]
|-heal|p1b: Primarina|12/100|[from] item: Leftovers
|upkeep
|
|t:|1785426811
|switch|p1a: Incineroar|Incineroar, L50, M|100/100
|-ability|p1a: Incineroar|Intimidate|boost
|-unboost|p2a: Farigiraf|atk|1
|-unboost|p2b: Torkoal|atk|1
|turn|4
|
|t:|1785426826
|move|p2b: Torkoal|Earth Power|p1a: Incineroar
|-supereffective|p1a: Incineroar|1
|-damage|p1a: Incineroar|44/100
|-unboost|p1a: Incineroar|spd|1
|-enditem|p1a: Incineroar|Sitrus Berry|[eat]
|-heal|p1a: Incineroar|69/100|[from] item: Sitrus Berry
|move|p2a: Farigiraf|Hyper Voice|p1a: Incineroar|[spread] p1a,p1b
|-damage|p1a: Incineroar|17/100
|-damage|p1b: Primarina|0 fnt
|faint|p1b: Primarina
|move|p1a: Incineroar|Darkest Lariat|p2a: Farigiraf
|-supereffective|p2a: Farigiraf|1
|-crit|p2a: Farigiraf
|-damage|p2a: Farigiraf|0 fnt
|faint|p2a: Farigiraf
|
|-weather|SunnyDay|[upkeep]
|upkeep
|
|t:|1785426841
|switch|p2a: Kangaskhan|Kangaskhan, L50, F|100/100
|switch|p1b: Kleavor|Kleavor, L50, M|100/100
|turn|5
|
|t:|1785426860
|detailschange|p2a: Kangaskhan|Kangaskhan-Mega, L50, F
|-mega|p2a: Kangaskhan|Kangaskhan|Kangaskhanite
|move|p2a: Kangaskhan|Fake Out|p1a: Incineroar
|-damage|p1a: Incineroar|0 fnt
|faint|p1a: Incineroar
|move|p2b: Torkoal|Eruption|p1b: Kleavor
|-damage|p1b: Kleavor|42/100
|move|p1b: Kleavor|Close Combat|p2a: Kangaskhan
|-supereffective|p2a: Kangaskhan|1
|-damage|p2a: Kangaskhan|0 fnt
|-unboost|p1b: Kleavor|def|1
|-unboost|p1b: Kleavor|spd|1
|faint|p2a: Kangaskhan
|-damage|p1b: Kleavor|32/100|[from] item: Life Orb
|
|-weather|SunnyDay|[upkeep]
|-fieldend|move: Trick Room
|upkeep
|
|t:|1785426868
|switch|p2a: Meowscarada|Meowscarada, L50, F|100/100
|turn|6
|
|t:|1785426874
|move|p2a: Meowscarada|Flower Trick|p1b: Kleavor
|-start|p2a: Meowscarada|typechange|Grass|[from] ability: Protean
|-crit|p1b: Kleavor
|-damage|p1b: Kleavor|0 fnt
|faint|p1b: Kleavor
|
|win|Harry Hard TR
