|j|☆Lorido
|j|☆nefifi
|html|Loridonefifi    
|uhtml|bestof|Game 1 of a best-of-3
|t:|1784653690
|gametype|doubles
|player|p1|Lorido|101|1213
|player|p2|nefifi|burglar|1188
|gen|9
|tier|[Gen 9 Champions] VGC 2026 Reg M-B (Bo3)
|rated|
|rule|Species Clause: Limit one of each Pokémon
|rule|Item Clause: Limit 1 of each item
|clearpoke
|poke|p1|Aerodactyl, L50, M|
|poke|p1|Kingambit, L50, F|
|poke|p1|Sylveon, L50, F|
|poke|p1|Charizard, L50, F|
|poke|p1|Garchomp, L50, M|
|poke|p1|Farigiraf, L50, M|
|poke|p2|Primarina, L50, F|
|poke|p2|Froslass, L50, F, shiny|
|poke|p2|Meowstic, L50, M|
|poke|p2|Blaziken, L50, M|
|poke|p2|Lycanroc-Dusk, L50, M|
|poke|p2|Garchomp, L50, F|
|teampreview|4
|showteam|p1|Aerodactyl||Aerodactylite|Unnerve|RockSlide,DualWingbeat,IceFang,Tailwind|Jolly||M|||50|]Kingambit||BlackGlasses|Defiant|KowtowCleave,IronHead,SuckerPunch,LowKick|Jolly||F|||50|]Sylveon||FairyFeather|Pixilate|HyperVoice,QuickAttack,HyperBeam,Detect|Modest||F|||50|]Charizard||CharizarditeY|Blaze|HeatWave,WeatherBall,SolarBeam,Protect|Modest||F|||50|]Garchomp||LifeOrb|RoughSkin|DragonClaw,Earthquake,RockSlide,Protect|Jolly||M|||50|]Farigiraf||SitrusBerry|ArmorTail|TwinBeam,Thunderbolt,TrickRoom,HelpingHand|Relaxed||M|||50|
|showteam|p2|Primarina||ExpertBelt|LiquidVoice|Moonblast,Protect,EnergyBall,HyperVoice|Calm||F|||50|]Froslass||Froslassite|CursedBody|Blizzard,AuroraVeil,Protect,Hex|Modest||F|||50|]Meowstic||FocusSash|Prankster|FakeOut,Psychic,ThunderWave,Protect|Timid||M|||50|]Blaziken||Blazikenite|SpeedBoost|PoisonJab,BrickBreak,BlazeKick,Protect|Adamant||M|||50|]Lycanroc-Dusk||KingsRock|ToughClaws|CloseCombat,Accelerock,RockSlide,Protect|Adamant||M|||50|]Garchomp||MuscleBand|RoughSkin|Earthquake,Outrage,IronHead,Protect|Jolly||F|||50|
|inactive|Battle timer is ON: inactive players will automatically lose when time's up. (requested by Lorido)
|inactive|Lorido has 60 seconds left.
|inactive|nefifi has 60 seconds left.
|inactive|Lorido has 30 seconds left.
|
|t:|1784653753
|teamsize|p1|4
|teamsize|p2|4
|start
|switch|p1a: Kingambit|Kingambit, L50, F|100/100
|switch|p1b: Farigiraf|Farigiraf, L50, M|100/100
|switch|p2a: Primarina|Primarina, L50, F|100/100
|switch|p2b: Lycanroc|Lycanroc-Dusk, L50, M|100/100
|turn|1
|inactive|Lorido has 30 seconds left.
|
|t:|1784653779
|switch|p1a: Sylveon|Sylveon, L50, F|100/100
|move|p2b: Lycanroc|Rock Slide|p1b: Farigiraf|[spread] p1a,p1b
|-damage|p1a: Sylveon|69/100
|-damage|p1b: Farigiraf|78/100
|move|p2a: Primarina|Hyper Voice|p1a: Sylveon|[spread] p1a,p1b
|-crit|p1a: Sylveon
|-damage|p1a: Sylveon|33/100
|-damage|p1b: Farigiraf|42/100
|-enditem|p1b: Farigiraf|Sitrus Berry|[eat]
|-heal|p1b: Farigiraf|67/100|[from] item: Sitrus Berry
|move|p1b: Farigiraf|Twin Beam|p2b: Lycanroc
|-damage|p2b: Lycanroc|76/100
|-damage|p2b: Lycanroc|51/100
|-hitcount|p2b: Lycanroc|2
|
|upkeep
|turn|2
|
|t:|1784653803
|move|p1a: Sylveon|Detect|p1a: Sylveon
|-singleturn|p1a: Sylveon|Protect
|move|p2b: Lycanroc|Rock Slide|p1b: Farigiraf|[spread] p1b
|-activate|p1a: Sylveon|move: Protect
|-damage|p1b: Farigiraf|43/100
|move|p2a: Primarina|Hyper Voice|p1b: Farigiraf|[spread] p1b
|-activate|p1a: Sylveon|move: Protect
|-damage|p1b: Farigiraf|10/100
|move|p1b: Farigiraf|Trick Room|p1b: Farigiraf
|-fieldstart|move: Trick Room|[of] p1b: Farigiraf
|
|upkeep
|turn|3
|
|t:|1784653821
|move|p2b: Lycanroc|Protect|p2b: Lycanroc
|-singleturn|p2b: Lycanroc|Protect
|move|p1b: Farigiraf|Thunderbolt|p2a: Primarina
|-supereffective|p2a: Primarina|1
|-crit|p2a: Primarina
|-damage|p2a: Primarina|43/100
|move|p2a: Primarina|Hyper Voice|p1b: Farigiraf|[spread] p1a,p1b
|-damage|p1a: Sylveon|4/100
|-damage|p1b: Farigiraf|0 fnt
|faint|p1b: Farigiraf
|move|p1a: Sylveon|Hyper Voice|p2b: Lycanroc|[spread] p2a
|-activate|p2b: Lycanroc|move: Protect
|-damage|p2a: Primarina|13/100
|
|upkeep
|
|t:|1784653842
|switch|p1b: Kingambit|Kingambit, L50, F|100/100
|turn|4
|
|t:|1784653863
|move|p1a: Sylveon|Quick Attack|p2a: Primarina
|-damage|p2a: Primarina|0 fnt
|faint|p2a: Primarina
|move|p2b: Lycanroc|Accelerock|p1a: Sylveon
|-damage|p1a: Sylveon|0 fnt
|faint|p1a: Sylveon
|move|p1b: Kingambit|Iron Head|p2b: Lycanroc
|-supereffective|p2b: Lycanroc|1
|-damage|p2b: Lycanroc|0 fnt
|faint|p2b: Lycanroc
|
|upkeep
|
|t:|1784653876
|switch|p2a: Blaziken|Blaziken, L50, M|100/100
|switch|p1a: Charizard|Charizard, L50, F|100/100
|switch|p2b: Froslass|Froslass, L50, F, shiny|100/100
|turn|5
|inactive|Lorido has 30 seconds left.
|inactive|Lorido has 20 seconds left.
|inactive|Lorido has 15 seconds left.
|inactive|Lorido has 10 seconds left.
|
|t:|1784653923
|move|p1a: Charizard|Protect|p1a: Charizard
|-singleturn|p1a: Charizard|Protect
|move|p2a: Blaziken|Protect|p2a: Blaziken
|-singleturn|p2a: Blaziken|Protect
|move|p2b: Froslass|Protect|p2b: Froslass
|-singleturn|p2b: Froslass|Protect
|move|p1b: Kingambit|Iron Head|p2b: Froslass
|-activate|p2b: Froslass|move: Protect
|
|-ability|p2a: Blaziken|Speed Boost|boost
|-boost|p2a: Blaziken|spe|1
|upkeep
|turn|6
|inactive|Lorido has 30 seconds left.
|inactive|Lorido has 20 seconds left.
|
|t:|1784653959
|detailschange|p2b: Froslass|Froslass-Mega, L50, F, shiny
|-mega|p2b: Froslass|Froslass|Froslassite
|-weather|Snowscape|[from] ability: Snow Warning|[of] p2b: Froslass
|move|p1b: Kingambit|Iron Head|p2b: Froslass
|-supereffective|p2b: Froslass|1
|-damage|p2b: Froslass|4/100
|move|p1a: Charizard|Heat Wave|p2a: Blaziken|[spread] p2a,p2b
|-resisted|p2a: Blaziken|1
|-supereffective|p2b: Froslass|1
|-damage|p2a: Blaziken|78/100
|-damage|p2b: Froslass|0 fnt
|faint|p2b: Froslass
|move|p2a: Blaziken|Brick Break|p1b: Kingambit
|-supereffective|p1b: Kingambit|2
|-damage|p1b: Kingambit|0 fnt
|faint|p1b: Kingambit
|
|-weather|Snowscape|[upkeep]
|-fieldend|move: Trick Room
|-ability|p2a: Blaziken|Speed Boost|boost
|-boost|p2a: Blaziken|spe|1
|upkeep
|turn|7
|
|t:|1784653983
|detailschange|p1a: Charizard|Charizard-Mega-Y, L50, F
|-mega|p1a: Charizard|Charizard|Charizardite Y
|-weather|SunnyDay|[from] ability: Drought|[of] p1a: Charizard
|move|p2a: Blaziken|Blaze Kick|p1a: Charizard
|-resisted|p1a: Charizard|1
|-damage|p1a: Charizard|67/100
|move|p1a: Charizard|Weather Ball|p2a: Blaziken
|-resisted|p2a: Blaziken|1
|-damage|p2a: Blaziken|5/100
|
|-weather|SunnyDay|[upkeep]
|-ability|p2a: Blaziken|Speed Boost|boost
|-boost|p2a: Blaziken|spe|1
|upkeep
|turn|8
|
|t:|1784653996
|move|p2a: Blaziken|Blaze Kick|p1a: Charizard|[miss]
|-miss|p2a: Blaziken|p1a: Charizard
|move|p1a: Charizard|Weather Ball|p2a: Blaziken
|-resisted|p2a: Blaziken|1
|-damage|p2a: Blaziken|0 fnt
|faint|p2a: Blaziken
|
|win|Lorido
