|j|☆test_0xp
|j|☆miguelowned
|html|test_0xpmiguelowned    
|uhtml|bestof|Game 1 of a best-of-3
|t:|1757833956
|gametype|doubles
|player|p1|test_0xp|265|1164
|player|p2|miguelowned|102|1319
|gen|9
|tier|[Gen 9] VGC 2025 Reg H (Bo3)
|rated|
|rule|Species Clause: Limit one of each Pokémon
|rule|Item Clause: Limit 1 of each item
|clearpoke
|poke|p1|Charizard, L50, F|
|poke|p1|Jumpluff, L50, M|
|poke|p1|Torkoal, L50, M|
|poke|p1|Ursaluna, L50, F|
|poke|p1|Exeggutor-Alola, L50, M|
|poke|p1|Incineroar, L50, F|
|poke|p2|Gholdengo, L50|
|poke|p2|Incineroar, L50, F|
|poke|p2|Dragonite, L50, F|
|poke|p2|Ursaluna, L50, M|
|poke|p2|Annihilape, L50, F|
|poke|p2|Electabuzz, L50, M|
|teampreview|4
|showteam|p1|Charizard||ChoiceSpecs|SolarPower|HeatWave,Overheat,WeatherBall,DragonPulse|||F|||50|,,,,,Ghost]Jumpluff||CovertCloak|Chlorophyll|RagePowder,SunnyDay,Tailwind,SleepPowder|||M|||50|,,,,,Fire]Torkoal||EjectPack|Drought|Protect,Overheat,Eruption,HelpingHand|||M|||50|,,,,,Fire]Ursaluna||FlameOrb|Guts|Protect,Facade,Earthquake,HeadlongRush|||F|||50|,,,,,Ghost]Exeggutor-Alola||SitrusBerry|Harvest|Protect,TrickRoom,SleepPowder,GigaDrain|||M|||50|,,,,,Steel]Incineroar||SafetyGoggles|Intimidate|FakeOut,PartingShot,FlareBlitz,KnockOff|||F|||50|,,,,,Flying
|showteam|p2|Gholdengo||LifeOrb|GoodasGold|MakeItRain,ShadowBall,NastyPlot,Protect||||||50|,,,,,Water]Incineroar||AssaultVest|Intimidate|FakeOut,FlareBlitz,KnockOff,Uturn|||F|||50|,,,,,Grass]Dragonite||LoadedDice|Multiscale|ScaleShot,Haze,Tailwind,Protect|||F|||50|,,,,,Steel]Ursaluna||FlameOrb|Guts|Facade,HeadlongRush,Earthquake,Protect|||M|||50|,,,,,Ghost]Annihilape||SafetyGoggles|Defiant|Coaching,CloseCombat,RageFist,FinalGambit|||F|||50|,,,,,Steel]Electabuzz||Eviolite|VitalSpirit|Electroweb,Taunt,FollowMe,Protect|||M|||50|,,,,,Dragon
|inactive|Battle timer is ON: inactive players will automatically lose when time's up. (requested by test_0xp)
|inactive|miguelowned has 60 seconds left.
|inactive|miguelowned has 30 seconds left.
|inactive|miguelowned has 20 seconds left.
|inactive|miguelowned has 15 seconds left.
|
|t:|1757834035
|teamsize|p1|4
|teamsize|p2|4
|start
|switch|p1a: Jumpluff|Jumpluff, L50, M|100/100
|switch|p1b: Torkoal|Torkoal, L50, M|100/100
|switch|p2a: Electabuzz|Electabuzz, L50, M|100/100
|switch|p2b: Dragonite|Dragonite, L50, F|100/100
|-weather|SunnyDay|[from] ability: Drought|[of] p1b: Torkoal
|turn|1
|inactive|test_0xp has 30 seconds left.
|inactive|test_0xp has 20 seconds left.
|inactive|test_0xp has 15 seconds left.
|
|t:|1757834077
|switch|p1a: Charizard|Charizard, L50, F|100/100
|move|p2b: Dragonite|Protect|p2b: Dragonite
|-singleturn|p2b: Dragonite|Protect
|move|p2a: Electabuzz|Electroweb|p1b: Torkoal|[spread] p1a,p1b
|-supereffective|p1a: Charizard
|-damage|p1a: Charizard|64/100
|-damage|p1b: Torkoal|83/100
|-unboost|p1a: Charizard|spe|1
|-unboost|p1b: Torkoal|spe|1
|-enditem|p1b: Torkoal|Eject Pack
|
|t:|1757834095
|switch|p1b: Jumpluff|Jumpluff, L50, M|100/100
|
|-weather|SunnyDay|[upkeep]
|-damage|p1a: Charizard|52/100|[from] ability: Solar Power|[of] p1a: Charizard
|upkeep
|turn|2
|inactive|miguelowned has 30 seconds left.
|
|t:|1757834128
|-terastallize|p2a: Electabuzz|Dragon
|move|p1b: Jumpluff|Sleep Powder|p2b: Dragonite
|-status|p2b: Dragonite|slp|[from] move: Sleep Powder
|move|p2a: Electabuzz|Electroweb|p1b: Jumpluff|[spread] p1a
|-miss|p2a: Electabuzz|p1b: Jumpluff
|-supereffective|p1a: Charizard
|-damage|p1a: Charizard|15/100
|-unboost|p1a: Charizard|spe|1
|cant|p2b: Dragonite|slp
|move|p1a: Charizard|Heat Wave|p2a: Electabuzz|[spread] p2a,p2b
|-resisted|p2a: Electabuzz
|-resisted|p2b: Dragonite
|-crit|p2b: Dragonite
|-damage|p2a: Electabuzz|55/100
|-damage|p2b: Dragonite|55/100 slp
|
|-weather|SunnyDay|[upkeep]
|-damage|p1a: Charizard|3/100|[from] ability: Solar Power|[of] p1a: Charizard
|upkeep
|turn|3
|
|t:|1757834144
|move|p1b: Jumpluff|Tailwind|p1b: Jumpluff
|-sidestart|p1: test_0xp|move: Tailwind
|move|p2a: Electabuzz|Electroweb|p1a: Charizard|[spread] p1a,p1b
|-supereffective|p1a: Charizard
|-damage|p1a: Charizard|0 fnt
|-damage|p1b: Jumpluff|87/100
|faint|p1a: Charizard
|-curestatus|p2b: Dragonite|slp|[msg]
|move|p2b: Dragonite|Scale Shot|p1b: Jumpluff
|-damage|p1b: Jumpluff|70/100
|-damage|p1b: Jumpluff|54/100
|-damage|p1b: Jumpluff|37/100
|-damage|p1b: Jumpluff|18/100
|-hitcount|p1b: Jumpluff|4
|-unboost|p2b: Dragonite|def|1
|-boost|p2b: Dragonite|spe|1
|
|-weather|SunnyDay|[upkeep]
|upkeep
|
|t:|1757834151
|switch|p1a: Ursaluna|Ursaluna, L50, F|100/100
|turn|4
|inactive|miguelowned has 30 seconds left.
|inactive|miguelowned has 20 seconds left.
|inactive|miguelowned has 15 seconds left.
|inactive|miguelowned has 10 seconds left.
|inactive|miguelowned has 5 seconds left.
|
|t:|1757834202
|switch|p1b: Torkoal|Torkoal, L50, M|83/100
|move|p1a: Ursaluna|Protect|p1a: Ursaluna
|-singleturn|p1a: Ursaluna|Protect
|move|p2a: Electabuzz|Follow Me|p2a: Electabuzz
|-singleturn|p2a: Electabuzz|move: Follow Me
|move|p2b: Dragonite|Scale Shot|p1b: Torkoal
|-damage|p1b: Torkoal|71/100
|-damage|p1b: Torkoal|60/100
|-damage|p1b: Torkoal|46/100
|-damage|p1b: Torkoal|34/100
|-damage|p1b: Torkoal|22/100
|-hitcount|p1b: Torkoal|5
|-unboost|p2b: Dragonite|def|1
|-boost|p2b: Dragonite|spe|1
|
|-weather|SunnyDay|[upkeep]
|-status|p1a: Ursaluna|brn|[from] item: Flame Orb
|upkeep
|turn|5
|inactive|test_0xp has 30 seconds left.
|inactive|miguelowned has 30 seconds left.
|inactive|test_0xp has 20 seconds left.
|inactive|miguelowned has 20 seconds left.
|inactive|test_0xp has 15 seconds left.
|inactive|miguelowned has 15 seconds left.
|inactive|miguelowned has 10 seconds left.
|
|t:|1757834251
|move|p1b: Torkoal|Protect|p1b: Torkoal
|-singleturn|p1b: Torkoal|Protect
|move|p2a: Electabuzz|Follow Me|p2a: Electabuzz
|-singleturn|p2a: Electabuzz|move: Follow Me
|move|p2b: Dragonite|Scale Shot|p1b: Torkoal
|-activate|p1b: Torkoal|move: Protect
|move|p1a: Ursaluna|Facade|p2a: Electabuzz
|-damage|p2a: Electabuzz|0 fnt
|faint|p2a: Electabuzz
|
|-weather|none
|-damage|p1a: Ursaluna|95/100 brn|[from] brn
|upkeep
|
|t:|1757834260
|switch|p2a: Incineroar|Incineroar, L50, F, shiny|100/100
|-ability|p2a: Incineroar|Intimidate|boost
|-unboost|p1a: Ursaluna|atk|1
|-unboost|p1b: Torkoal|atk|1
|turn|6
|inactive|test_0xp has 30 seconds left.
|inactive|miguelowned has 30 seconds left.
|
|t:|1757834291
|-terastallize|p1a: Ursaluna|Ghost
|move|p1b: Torkoal|Helping Hand|p1a: Ursaluna
|-singleturn|p1a: Ursaluna|Helping Hand|[of] p1b: Torkoal
|move|p2b: Dragonite|Tailwind|p2b: Dragonite
|-sidestart|p2: miguelowned|move: Tailwind
|move|p1a: Ursaluna|Facade|p2b: Dragonite
|-damage|p2b: Dragonite|0 fnt
|faint|p2b: Dragonite
|move|p2a: Incineroar|Knock Off|p1b: Torkoal
|-damage|p1b: Torkoal|3/100
|
|-damage|p1a: Ursaluna|89/100 brn|[from] brn
|-sideend|p1: test_0xp|move: Tailwind
|upkeep
|
|t:|1757834299
|switch|p2b: Annihilape|Annihilape, L50, F|100/100
|turn|7
|inactive|miguelowned has 30 seconds left.
|
|t:|1757834333
|move|p1a: Ursaluna|Protect|p1a: Ursaluna
|-singleturn|p1a: Ursaluna|Protect
|move|p1b: Torkoal|Protect|p1b: Torkoal
|-singleturn|p1b: Torkoal|Protect
|move|p2b: Annihilape|Rage Fist|p1b: Torkoal
|-activate|p1b: Torkoal|move: Protect
|move|p2a: Incineroar|Knock Off|p1a: Ursaluna
|-activate|p1a: Ursaluna|move: Protect
|
|-damage|p1a: Ursaluna|83/100 brn|[from] brn
|upkeep
|turn|8
|inactive|test_0xp has 30 seconds left.
|inactive|test_0xp has 20 seconds left.
|inactive|test_0xp has 15 seconds left.
|inactive|test_0xp has 10 seconds left.
|inactive|test_0xp has 5 seconds left.
|
|t:|1757834384
|move|p1a: Ursaluna|Protect|p1a: Ursaluna
|-singleturn|p1a: Ursaluna|Protect
|move|p2b: Annihilape|Rage Fist|p1a: Ursaluna
|-activate|p1a: Ursaluna|move: Protect
|move|p2a: Incineroar|Knock Off|p1a: Ursaluna
|-activate|p1a: Ursaluna|move: Protect
|move|p1b: Torkoal|Overheat|p2b: Annihilape
|-damage|p2b: Annihilape|46/100
|-unboost|p1b: Torkoal|spa|2
|
|-damage|p1a: Ursaluna|77/100 brn|[from] brn
|upkeep
|turn|9
|c|☆miguelowned|sure
|inactive|test_0xp has 30 seconds left.
|inactive|test_0xp has 20 seconds left.
|inactive|test_0xp has 15 seconds left.
|
|t:|1757834426
|switch|p1a: Jumpluff|Jumpluff, L50, M|18/100
|move|p2b: Annihilape|Rage Fist|p1a: Jumpluff
|-damage|p1a: Jumpluff|0 fnt
|faint|p1a: Jumpluff
|move|p2a: Incineroar|Knock Off|p1b: Torkoal
|-damage|p1b: Torkoal|0 fnt
|faint|p1b: Torkoal
|
|-sideend|p2: miguelowned|move: Tailwind
|upkeep
|
|t:|1757834435
|switch|p1b: Ursaluna|Ursaluna, L50, F, tera:Ghost|77/100 brn
|turn|10
|
|t:|1757834444
|move|p2b: Annihilape|Rage Fist|p1b: Ursaluna
|-supereffective|p1b: Ursaluna
|-damage|p1b: Ursaluna|15/100 brn
|move|p1b: Ursaluna|Earthquake|p2a: Incineroar|[spread] p2a,p2b
|-supereffective|p2a: Incineroar
|-damage|p2a: Incineroar|0 fnt
|-damage|p2b: Annihilape|0 fnt
|faint|p2a: Incineroar
|faint|p2b: Annihilape
|
|win|test_0xp
||test_0xp is ready for game 2.
|inactive|miguelowned has 30 seconds to confirm battle start!
||miguelowned is ready for game 2.
|uhtml|next|Next: Game 2 of 3
|l|☆miguelowned
|player|p2|
