|j|☆rossatwork26
|j|☆jumbomumbomb
|html|rossatwork26jumbomumbomb    
|uhtml|bestof|Game 1 of a best-of-3
|t:|1784229504
|gametype|doubles
|player|p1|rossatwork26|102|1093
|player|p2|jumbomumbomb|2|1116
|gen|9
|tier|[Gen 9 Champions] VGC 2026 Reg M-B (Bo3)
|rated|
|rule|Species Clause: Limit one of each Pokémon
|rule|Item Clause: Limit 1 of each item
|clearpoke
|poke|p1|Sneasler, L50, M|
|poke|p1|Blastoise, L50, M|
|poke|p1|Kingambit, L50, M|
|poke|p1|Incineroar, L50, M|
|poke|p1|Delphox, L50, F|
|poke|p1|Sinistcha, L50|
|poke|p2|Whimsicott, L50, M|
|poke|p2|Staraptor, L50, M|
|poke|p2|Gholdengo, L50|
|poke|p2|Sneasler, L50, M|
|poke|p2|Basculegion, L50, M|
|poke|p2|Incineroar, L50, M|
|teampreview|4
|showteam|p1|Sneasler||FocusSash|PoisonTouch|PoisonJab,CloseCombat,FakeOut,QuickGuard|Jolly||M|||50|]Blastoise||Blastoisinite|RainDish|DarkPulse,WaterSpout,ShellSmash,Protect|Modest||M|||50|]Kingambit||BlackGlasses|Defiant|KowtowCleave,SuckerPunch,SwordsDance,Protect|Adamant||M|||50|]Incineroar||SitrusBerry|Intimidate|FlareBlitz,HelpingHand,PartingShot,FakeOut|Careful||M|||50|]Delphox||Delphoxite|Blaze|HeatWave,NastyPlot,Psyshock,Protect|Modest||F|||50|]Sinistcha||KasibBerry|Hospitality|MatchaGotcha,RagePowder,TrickRoom,Protect|Bold|||||50|
|showteam|p2|Whimsicott||FocusSash|Prankster|Tailwind,Tickle,Encore,Moonblast|Timid||M|||50|]Staraptor||Staraptite|Intimidate|Protect,CloseCombat,Roost,BraveBird|Jolly||M|||50|]Gholdengo||LifeOrb|GoodasGold|Protect,ShadowBall,MakeItRain,NastyPlot|Modest|||||50|]Sneasler||WhiteHerb|Unburden|FakeOut,DireClaw,CloseCombat,Taunt|Jolly||M|||50|]Basculegion||ChoiceScarf|Adaptability|FlipTurn,LastRespects,AquaJet,WaveCrash|Jolly||M|||50|]Incineroar||Leftovers|Intimidate|FakeOut,FlareBlitz,DarkestLariat,PartingShot|Adamant||M|||50|
|inactive|Battle timer is ON: inactive players will automatically lose when time's up. (requested by rossatwork26)
|
|t:|1784229569
|teamsize|p1|4
|teamsize|p2|4
|start
|switch|p1a: Sneasler|Sneasler, L50, M|100/100
|switch|p1b: Delphox|Delphox, L50, F|100/100
|switch|p2a: Sneasler|Sneasler, L50, M|100/100
|switch|p2b: Whimsicott|Whimsicott, L50, M|100/100
|turn|1
|inactive|jumbomumbomb has 30 seconds left.
|
|t:|1784229601
|switch|p2b: Staraptor|Staraptor, L50, M|100/100
|-ability|p2b: Staraptor|Intimidate|boost
|-unboost|p1a: Sneasler|atk|1
|-unboost|p1b: Delphox|atk|1
|detailschange|p1b: Delphox|Delphox-Mega, L50, F
|-mega|p1b: Delphox|Delphox|Delphoxite
|move|p2a: Sneasler|Fake Out|p1b: Delphox
|-damage|p1b: Delphox|82/100
|move|p1a: Sneasler|Quick Guard|p1a: Sneasler
|-singleturn|p1a: Sneasler|Quick Guard
|cant|p1b: Delphox|flinch
|
|upkeep
|turn|2
|inactive|jumbomumbomb has 30 seconds left.
|inactive|jumbomumbomb has 20 seconds left.
|inactive|jumbomumbomb has 15 seconds left.
|inactive|jumbomumbomb has 10 seconds left.
|
|t:|1784229651
|move|p2b: Staraptor|Protect|p2b: Staraptor
|-singleturn|p2b: Staraptor|Protect
|move|p2a: Sneasler|Dire Claw|p1b: Delphox
|-damage|p1b: Delphox|35/100
|move|p1a: Sneasler|Poison Jab|p2b: Staraptor
|-activate|p2b: Staraptor|move: Protect
|move|p1b: Delphox|Heat Wave|p2a: Sneasler|[spread] p2a
|-activate|p2b: Staraptor|move: Protect
|-damage|p2a: Sneasler|46/100
|-status|p2a: Sneasler|brn
|
|-damage|p2a: Sneasler|40/100 brn|[from] brn
|upkeep
|turn|3
|
|t:|1784229672
|switch|p1b: Kingambit|Kingambit, L50, M|100/100
|switch|p2b: Basculegion|Basculegion, L50, M|100/100
|move|p1a: Sneasler|Poison Jab|p2b: Basculegion
|-resisted|p2b: Basculegion|1
|-damage|p2b: Basculegion|83/100
|move|p2a: Sneasler|Dire Claw|p1b: Kingambit
|-immune|p1b: Kingambit
|
|-damage|p2a: Sneasler|35/100 brn|[from] brn
|upkeep
|turn|4
|inactive|rossatwork26 has 30 seconds left.
|
|t:|1784229703
|switch|p2b: Whimsicott|Whimsicott, L50, M|100/100
|move|p1b: Kingambit|Protect|p1b: Kingambit
|-singleturn|p1b: Kingambit|Protect
|move|p2a: Sneasler|Close Combat|p1b: Kingambit
|-activate|p1b: Kingambit|move: Protect
|move|p1a: Sneasler|Close Combat|p2a: Sneasler
|-resisted|p2a: Sneasler|1
|-damage|p2a: Sneasler|1/100 brn
|-unboost|p1a: Sneasler|def|1
|-unboost|p1a: Sneasler|spd|1
|
|-damage|p2a: Sneasler|0 fnt|[from] brn
|faint|p2a: Sneasler
|upkeep
|
|t:|1784229716
|switch|p2a: Staraptor|Staraptor, L50, M|100/100
|-ability|p2a: Staraptor|Intimidate|boost
|-unboost|p1a: Sneasler|atk|1
|-unboost|p1b: Kingambit|atk|1
|-ability|p1b: Kingambit|Defiant|boost
|-boost|p1b: Kingambit|atk|2
|turn|5
|inactive|rossatwork26 has 30 seconds left.
|inactive|jumbomumbomb has 30 seconds left.
|
|t:|1784229744
|switch|p1b: Sinistcha|Sinistcha, L50|100/100
|detailschange|p2a: Staraptor|Staraptor-Mega, L50, M
|-mega|p2a: Staraptor|Staraptor|Staraptite
|move|p2b: Whimsicott|Tickle|p2a: Staraptor
|-boost|p2a: Staraptor|atk|1
|-boost|p2a: Staraptor|def|1
|move|p1a: Sneasler|Poison Jab|p2b: Whimsicott
|-supereffective|p2b: Whimsicott|2
|-enditem|p2b: Whimsicott|Focus Sash
|-damage|p2b: Whimsicott|1/100
|move|p2a: Staraptor|Brave Bird|p1b: Sinistcha
|-supereffective|p1b: Sinistcha|1
|-damage|p1b: Sinistcha|0 fnt
|faint|p1b: Sinistcha
|-damage|p2a: Staraptor|64/100|[from] Recoil
|
|upkeep
|inactive|rossatwork26 has 30 seconds left.
|
|t:|1784229771
|switch|p1b: Kingambit|Kingambit, L50, M|100/100
|turn|6
|
|t:|1784229787
|move|p2b: Whimsicott|Tailwind|p2b: Whimsicott
|-sidestart|p2: jumbomumbomb|move: Tailwind
|move|p1b: Kingambit|Sucker Punch||[still]
|-fail|p1b: Kingambit
|move|p2a: Staraptor|Roost|p2a: Staraptor
|-heal|p2a: Staraptor|100/100
|-singleturn|p2a: Staraptor|move: Roost
|move|p1a: Sneasler|Poison Jab|p2a: Staraptor
|-damage|p2a: Staraptor|83/100
|
|upkeep
|turn|7
|
|t:|1784229804
|move|p1b: Kingambit|Protect|p1b: Kingambit
|-singleturn|p1b: Kingambit|Protect
|move|p2b: Whimsicott|Tickle|p2a: Staraptor
|-boost|p2a: Staraptor|atk|1
|-boost|p2a: Staraptor|def|1
|move|p2a: Staraptor|Close Combat|p1b: Kingambit
|-activate|p1b: Kingambit|move: Protect
|move|p1a: Sneasler|Poison Jab|p2a: Staraptor
|-damage|p2a: Staraptor|70/100
|-status|p2a: Staraptor|psn
|
|-damage|p2a: Staraptor|58/100 psn|[from] psn
|upkeep
|turn|8
|inactive|rossatwork26 has 30 seconds left.
|inactive|jumbomumbomb has 30 seconds left.
|
|t:|1784229839
|switch|p1a: Delphox|Delphox-Mega, L50, F|35/100
|move|p2b: Whimsicott|Encore|p2a: Staraptor
|-start|p2a: Staraptor|Encore
|move|p1b: Kingambit|Sucker Punch|p2a: Staraptor
|-resisted|p2a: Staraptor|1
|-crit|p2a: Staraptor
|-damage|p2a: Staraptor|21/100 psn
|move|p2a: Staraptor|Close Combat|p1b: Kingambit
|-supereffective|p1b: Kingambit|2
|-damage|p1b: Kingambit|0 fnt
|-boost|p2a: Staraptor|def|1
|-boost|p2a: Staraptor|spd|1
|faint|p1b: Kingambit
|
|-damage|p2a: Staraptor|9/100 psn|[from] psn
|upkeep
|
|t:|1784229852
|switch|p1b: Sneasler|Sneasler, L50, M|100/100
|turn|9
|
|t:|1784229866
|switch|p2b: Basculegion|Basculegion, L50, M|83/100
|move|p1a: Delphox|Protect|p1a: Delphox
|-singleturn|p1a: Delphox|Protect
|move|p2a: Staraptor|Close Combat|p1b: Sneasler
|-resisted|p1b: Sneasler|1
|-enditem|p1b: Sneasler|Focus Sash
|-damage|p1b: Sneasler|1/100
|-boost|p2a: Staraptor|def|1
|-boost|p2a: Staraptor|spd|1
|move|p1b: Sneasler|Poison Jab|p2b: Basculegion
|-resisted|p2b: Basculegion|1
|-damage|p2b: Basculegion|55/100
|-status|p2b: Basculegion|psn
|
|-damage|p2b: Basculegion|43/100 psn|[from] psn
|-damage|p2a: Staraptor|0 fnt|[from] psn
|faint|p2a: Staraptor
|-sideend|p2: jumbomumbomb|move: Tailwind
|upkeep
|
|t:|1784229882
|switch|p2a: Whimsicott|Whimsicott, L50, M|1/100
|turn|10
|
|t:|1784229907
|move|p1a: Delphox|Protect||[still]
|-fail|p1a: Delphox
|move|p2a: Whimsicott|Tailwind|p2a: Whimsicott
|-sidestart|p2: jumbomumbomb|move: Tailwind
|move|p2b: Basculegion|Last Respects|p1a: Delphox
|-supereffective|p1a: Delphox|1
|-damage|p1a: Delphox|0 fnt
|faint|p1a: Delphox
|move|p1b: Sneasler|Poison Jab|p2a: Whimsicott
|-supereffective|p2a: Whimsicott|2
|-damage|p2a: Whimsicott|0 fnt
|faint|p2a: Whimsicott
|
|-damage|p2b: Basculegion|31/100 psn|[from] psn
|upkeep
|turn|11
|
|t:|1784229922
|move|p2b: Basculegion|Last Respects|p1b: Sneasler
|-damage|p1b: Sneasler|0 fnt
|faint|p1b: Sneasler
|
|win|jumbomumbomb
||rossatwork26 is ready for game 2.
||jumbomumbomb is ready for game 2.
|uhtml|next|Next: Game 2 of 3
