|j|☆NewAdi6
|j|☆Plopy14
|html|NewAdi6Plopy14    
|uhtml|bestof|Game 2 of a best-of-3
|t:|1783187277
|gametype|doubles
|player|p1|NewAdi6|102|1218
|player|p2|Plopy14|bugcatcher|1238
|gen|9
|tier|[Gen 9 Champions] VGC 2026 Reg M-B (Bo3)
|rated|
|rule|Species Clause: Limit one of each Pokémon
|rule|Item Clause: Limit 1 of each item
|clearpoke
|poke|p1|Tyranitar, L50, M|
|poke|p1|Grimmsnarl, L50, M|
|poke|p1|Excadrill, L50, M|
|poke|p1|Volcarona, L50, F|
|poke|p1|Sinistcha, L50|
|poke|p1|Floette-Eternal, L50, F|
|poke|p2|Incineroar, L50, F|
|poke|p2|Sneasler, L50, F|
|poke|p2|Kingambit, L50, M|
|poke|p2|Sinistcha, L50|
|poke|p2|Delphox, L50, F|
|poke|p2|Blastoise, L50, F|
|teampreview|4
|showteam|p1|Tyranitar||Tyranitarite|SandStream|DragonDance,KnockOff,RockSlide,Protect|Jolly||M|||50|]Grimmsnarl||LightClay|Prankster|FakeOut,Reflect,LightScreen,DazzlingGleam|Calm||M|||50|]Excadrill||LifeOrb|SandRush|HighHorsepower,RockSlide,IronHead,Protect|Adamant||M|||50|]Volcarona||Leftovers|FlameBody|QuiverDance,HeatWave,BugBuzz,Protect|Timid||F|||50|]Sinistcha||SitrusBerry|Hospitality|LifeDew,MatchaGotcha,TrickRoom,RagePowder|Calm|||||50|]Floette-Eternal||Floettite|FlowerVeil|Moonblast,DazzlingGleam,Protect,Copycat|Timid||F|||50|
|showteam|p2|Incineroar||SitrusBerry|Intimidate|FakeOut,FlareBlitz,HelpingHand,PartingShot|Careful||F|||50|]Sneasler||FocusSash|PoisonTouch|FakeOut,PoisonJab,CloseCombat,QuickGuard|Jolly||F|||50|]Kingambit||BlackGlasses|Defiant|KowtowCleave,SuckerPunch,SwordsDance,Protect|Adamant||M|||50|]Sinistcha||KasibBerry|Hospitality|MatchaGotcha,RagePowder,TrickRoom,Protect|Bold|||||50|]Delphox||Delphoxite|Blaze|HeatWave,Psyshock,NastyPlot,Protect|Timid||F|||50|]Blastoise||Blastoisinite|RainDish|WaterSpout,DarkPulse,ShellSmash,Protect|Modest||F|||50|
|
|t:|1783187308
|teamsize|p1|4
|teamsize|p2|4
|start
|switch|p1a: Volcarona|Volcarona, L50, F|100/100
|switch|p1b: Sinistcha|Sinistcha, L50|100/100
|switch|p2a: Delphox|Delphox, L50, F|100/100
|switch|p2b: Incineroar|Incineroar, L50, F|100/100
|-ability|p2b: Incineroar|Intimidate|boost
|-unboost|p1a: Volcarona|atk|1
|-unboost|p1b: Sinistcha|atk|1
|turn|1
|inactive|Battle timer is ON: inactive players will automatically lose when time's up. (requested by NewAdi6)
|
|t:|1783187326
|switch|p1b: Tyranitar|Tyranitar, L50, M|100/100
|-weather|Sandstorm|[from] ability: Sand Stream|[of] p1b: Tyranitar
|detailschange|p2a: Delphox|Delphox-Mega, L50, F
|-mega|p2a: Delphox|Delphox|Delphoxite
|move|p2a: Delphox|Heat Wave|p1b: Tyranitar|[spread] p1a,p1b
|-resisted|p1b: Tyranitar|1
|-damage|p1a: Volcarona|68/100
|-damage|p1b: Tyranitar|88/100
|move|p1a: Volcarona|Quiver Dance|p1a: Volcarona
|-boost|p1a: Volcarona|spa|1
|-boost|p1a: Volcarona|spd|1
|-boost|p1a: Volcarona|spe|1
|move|p2b: Incineroar|Flare Blitz|p1b: Tyranitar
|-resisted|p1b: Tyranitar|1
|-damage|p1b: Tyranitar|66/100
|-damage|p2b: Incineroar|93/100|[from] Recoil
|
|-weather|Sandstorm|[upkeep]
|-damage|p1a: Volcarona|62/100|[from] Sandstorm
|-damage|p2a: Delphox|94/100|[from] Sandstorm
|-damage|p2b: Incineroar|87/100|[from] Sandstorm
|-heal|p1a: Volcarona|68/100|[from] item: Leftovers
|upkeep
|turn|2
|inactive|NewAdi6 has 30 seconds left.
|
|t:|1783187352
|detailschange|p1b: Tyranitar|Tyranitar-Mega, L50, M
|-mega|p1b: Tyranitar|Tyranitar|Tyranitarite
|move|p1a: Volcarona|Quiver Dance|p1a: Volcarona
|-boost|p1a: Volcarona|spa|1
|-boost|p1a: Volcarona|spd|1
|-boost|p1a: Volcarona|spe|1
|move|p2a: Delphox|Psyshock|p1a: Volcarona
|-damage|p1a: Volcarona|23/100
|move|p1b: Tyranitar|Rock Slide|p2b: Incineroar|[spread] p2a,p2b
|-supereffective|p2a: Delphox|1
|-supereffective|p2b: Incineroar|1
|-damage|p2a: Delphox|10/100
|-damage|p2b: Incineroar|24/100
|-enditem|p2b: Incineroar|Sitrus Berry|[eat]
|-heal|p2b: Incineroar|49/100|[from] item: Sitrus Berry
|move|p2b: Incineroar|Parting Shot|p1b: Tyranitar
|-unboost|p1b: Tyranitar|atk|1
|-unboost|p1b: Tyranitar|spa|1
|
|t:|1783187362
|switch|p2b: Sinistcha|Sinistcha, L50|100/100|[from] Parting Shot
|-heal|p2a: Delphox|35/100|[from] ability: Hospitality|[of] p2b: Sinistcha
|
|-weather|Sandstorm|[upkeep]
|-damage|p1a: Volcarona|17/100|[from] Sandstorm
|-damage|p2a: Delphox|30/100|[from] Sandstorm
|-damage|p2b: Sinistcha|93/100|[from] Sandstorm
|-heal|p1a: Volcarona|23/100|[from] item: Leftovers
|upkeep
|turn|3
|
|t:|1783187373
|switch|p2a: Incineroar|Incineroar, L50, F|49/100
|-ability|p2a: Incineroar|Intimidate|boost
|-unboost|p1a: Volcarona|atk|1
|-unboost|p1b: Tyranitar|atk|1
|move|p2b: Sinistcha|Protect|p2b: Sinistcha
|-singleturn|p2b: Sinistcha|Protect
|move|p1a: Volcarona|Heat Wave|p2a: Incineroar|[spread] p2a
|-activate|p2b: Sinistcha|move: Protect
|-resisted|p2a: Incineroar|1
|-damage|p2a: Incineroar|21/100
|move|p1b: Tyranitar|Rock Slide|p2a: Incineroar|[spread] p2a
|-activate|p2b: Sinistcha|move: Protect
|-supereffective|p2a: Incineroar|1
|-damage|p2a: Incineroar|0 fnt
|faint|p2a: Incineroar
|
|-weather|Sandstorm|[upkeep]
|-damage|p1a: Volcarona|17/100|[from] Sandstorm
|-damage|p2b: Sinistcha|87/100|[from] Sandstorm
|-heal|p1a: Volcarona|23/100|[from] item: Leftovers
|upkeep
|
|t:|1783187378
|switch|p2a: Sneasler|Sneasler, L50, F|100/100
|turn|4
|
|t:|1783187390
|switch|p2a: Delphox|Delphox-Mega, L50, F|30/100
|switch|p1b: Sinistcha|Sinistcha, L50|100/100
|-heal|p1a: Volcarona|48/100|[from] ability: Hospitality|[of] p1b: Sinistcha
|move|p1a: Volcarona|Protect|p1a: Volcarona
|-singleturn|p1a: Volcarona|Protect
|move|p2b: Sinistcha|Trick Room|p2b: Sinistcha
|-fieldstart|move: Trick Room|[of] p2b: Sinistcha
|
|-weather|Sandstorm|[upkeep]
|-damage|p2b: Sinistcha|81/100|[from] Sandstorm
|-damage|p1b: Sinistcha|94/100|[from] Sandstorm
|-damage|p2a: Delphox|24/100|[from] Sandstorm
|-damage|p1a: Volcarona|42/100|[from] Sandstorm
|-heal|p1a: Volcarona|48/100|[from] item: Leftovers
|upkeep
|turn|5
|
|t:|1783187403
|move|p1b: Sinistcha|Rage Powder|p1b: Sinistcha
|-singleturn|p1b: Sinistcha|move: Rage Powder
|move|p2b: Sinistcha|Matcha Gotcha|p1b: Sinistcha|[spread] p1a,p1b
|-resisted|p1a: Volcarona|2
|-resisted|p1b: Sinistcha|1
|-damage|p1a: Volcarona|45/100
|-heal|p2b: Sinistcha|83/100|[from] drain|[of] p1a: Volcarona
|-damage|p1b: Sinistcha|82/100
|-heal|p2b: Sinistcha|88/100|[from] drain|[of] p1b: Sinistcha
|-status|p1b: Sinistcha|brn
|move|p2a: Delphox|Heat Wave|p1b: Sinistcha|[spread] p1a,p1b
|-supereffective|p1b: Sinistcha|1
|-damage|p1a: Volcarona|29/100
|-damage|p1b: Sinistcha|9/100 brn
|-enditem|p1b: Sinistcha|Sitrus Berry|[eat]
|-heal|p1b: Sinistcha|34/100 brn|[from] item: Sitrus Berry
|move|p1a: Volcarona|Heat Wave|p2a: Delphox|[spread] p2a,p2b
|-resisted|p2a: Delphox|1
|-supereffective|p2b: Sinistcha|1
|-damage|p2a: Delphox|0 fnt
|-damage|p2b: Sinistcha|0 fnt
|faint|p2a: Delphox
|faint|p2b: Sinistcha
|
|-weather|none
|-heal|p1a: Volcarona|35/100|[from] item: Leftovers
|-damage|p1b: Sinistcha|28/100 brn|[from] brn
|upkeep
|-message|Plopy14 forfeited.
|
|win|NewAdi6
