|j|☆failandimprove2
|j|☆Arhanjunior
|html|failandimprove2Arhanjunior    
|uhtml|bestof|Game 2 of a best-of-3
|t:|1782598480
|gametype|doubles
|player|p1|failandimprove2|2|1104
|player|p2|Arhanjunior|266|1100
|gen|9
|tier|[Gen 9 Champions] VGC 2026 Reg M-B (Bo3)
|rated|
|rule|Species Clause: Limit one of each Pokémon
|rule|Item Clause: Limit 1 of each item
|clearpoke
|poke|p1|Incineroar, L50, F|
|poke|p1|Floette-Eternal, L50, F|
|poke|p1|Kingambit, L50, M|
|poke|p1|Sinistcha, L50|
|poke|p1|Basculegion, L50, M|
|poke|p1|Sneasler, L50, M|
|poke|p2|Swampert, L50, F|
|poke|p2|Pelipper, L50, F|
|poke|p2|Archaludon, L50, M|
|poke|p2|Sinistcha, L50|
|poke|p2|Maushold-Four, L50|
|poke|p2|Gholdengo, L50|
|teampreview|4
|showteam|p1|Incineroar||SitrusBerry|Intimidate|FlareBlitz,FakeOut,PartingShot,HelpingHand|Careful||F|||50|]Floette-Eternal||Floettite|FlowerVeil|DazzlingGleam,DrainingKiss,CalmMind,Protect|Timid||F|||50|]Kingambit||BlackGlasses|Defiant|KowtowCleave,SuckerPunch,SwordsDance,Protect|Adamant||M|||50|]Sinistcha||KasibBerry|Hospitality|MatchaGotcha,RagePowder,TrickRoom,Protect|Bold|||||50|]Basculegion||ChoiceScarf|Adaptability|WaveCrash,FlipTurn,LastRespects,AquaJet|Jolly||M|||50|]Sneasler||FocusSash|PoisonTouch|CloseCombat,DireClaw,FakeOut,Protect|Jolly||M|||50|
|showteam|p2|Swampert||Swampertite|Damp|HighHorsepower,WaveCrash,IcePunch,Protect|Adamant||F|||50|]Pelipper||FocusSash|Drizzle|Hurricane,WeatherBall,Tailwind,WideGuard|Modest||F|||50|]Archaludon||Leftovers|Stamina|DragonPulse,ElectroShot,AuraSphere,Protect|Modest||M|||50|]Sinistcha||SitrusBerry|Hospitality|MatchaGotcha,TrickRoom,RagePowder,LifeDew|Bold|||||50|]Maushold-Four||ChopleBerry|FriendGuard|SuperFang,FollowMe,RainDance,Protect|Timid|||||50|]Gholdengo||LifeOrb|GoodasGold|MakeItRain,ShadowBall,NastyPlot,Protect|Modest|||||50|
|inactive|Battle timer is ON: inactive players will automatically lose when time's up. (requested by Arhanjunior)
|
|t:|1782598520
|teamsize|p1|4
|teamsize|p2|4
|start
|switch|p1a: Floette|Floette-Eternal, L50, F|100/100
|switch|p1b: Incineroar|Incineroar, L50, F|100/100
|switch|p2a: Pelipper|Pelipper, L50, F|100/100
|switch|p2b: Archaludon|Archaludon, L50, M|100/100
|-weather|RainDance|[from] ability: Drizzle|[of] p2a: Pelipper
|-ability|p1b: Incineroar|Intimidate|boost
|-unboost|p2a: Pelipper|atk|1
|-unboost|p2b: Archaludon|atk|1
|turn|1
|
|t:|1782598536
|detailschange|p1a: Floette|Floette-Mega, L50, F
|-mega|p1a: Floette|Floette|Floettite
|-ability|p1a: Floette|Fairy Aura
|move|p1b: Incineroar|Fake Out|p2a: Pelipper
|-damage|p2a: Pelipper|85/100
|move|p1a: Floette|Calm Mind|p1a: Floette
|-boost|p1a: Floette|spa|1
|-boost|p1a: Floette|spd|1
|cant|p2a: Pelipper|flinch
|move|p2b: Archaludon|Electro Shot||[still]
|-prepare|p2b: Archaludon|Electro Shot
|-boost|p2b: Archaludon|spa|1
|-anim|p2b: Archaludon|Electro Shot|p1a: Floette
|-damage|p1a: Floette|66/100
|
|-weather|RainDance|[upkeep]
|upkeep
|turn|2
|
|t:|1782598553
|move|p1a: Floette|Dazzling Gleam|p2b: Archaludon|[spread] p2a,p2b
|-damage|p2a: Pelipper|0 fnt
|-damage|p2b: Archaludon|36/100
|-ability|p2b: Archaludon|Stamina|boost
|-boost|p2b: Archaludon|def|1
|faint|p2a: Pelipper
|move|p2b: Archaludon|Electro Shot||[still]
|-prepare|p2b: Archaludon|Electro Shot
|-boost|p2b: Archaludon|spa|1
|-anim|p2b: Archaludon|Electro Shot|p1a: Floette
|-damage|p1a: Floette|28/100
|move|p1b: Incineroar|Parting Shot|p2b: Archaludon
|-unboost|p2b: Archaludon|atk|1
|-unboost|p2b: Archaludon|spa|1
|
|t:|1782598556
|switch|p1b: Sinistcha|Sinistcha, L50|100/100|[from] Parting Shot
|-heal|p1a: Floette|53/100|[from] ability: Hospitality|[of] p1b: Sinistcha
|
|-weather|RainDance|[upkeep]
|-heal|p2b: Archaludon|42/100|[from] item: Leftovers
|upkeep
|
|t:|1782598564
|switch|p2a: Sinistcha|Sinistcha, L50|100/100
|-heal|p2b: Archaludon|67/100|[from] ability: Hospitality|[of] p2a: Sinistcha
|turn|3
|
|t:|1782598588
|move|p2b: Archaludon|Protect|p2b: Archaludon
|-singleturn|p2b: Archaludon|Protect
|move|p1b: Sinistcha|Rage Powder|p1b: Sinistcha
|-singleturn|p1b: Sinistcha|move: Rage Powder
|move|p1a: Floette|Calm Mind|p1a: Floette
|-boost|p1a: Floette|spa|1
|-boost|p1a: Floette|spd|1
|move|p2a: Sinistcha|Life Dew||[still]|[spread] p2a,p2b
|-fail|p2a: Sinistcha|heal
|-heal|p2b: Archaludon|91/100
|
|-weather|RainDance|[upkeep]
|-heal|p2b: Archaludon|97/100|[from] item: Leftovers
|upkeep
|turn|4
|
|t:|1782598608
|switch|p1b: Incineroar|Incineroar, L50, F|100/100
|-ability|p1b: Incineroar|Intimidate|boost
|-unboost|p2a: Sinistcha|atk|1
|-unboost|p2b: Archaludon|atk|1
|move|p1a: Floette|Protect|p1a: Floette
|-singleturn|p1a: Floette|Protect
|move|p2b: Archaludon|Electro Shot||[still]
|-prepare|p2b: Archaludon|Electro Shot
|-boost|p2b: Archaludon|spa|1
|-anim|p2b: Archaludon|Electro Shot|p1a: Floette
|-activate|p1a: Floette|move: Protect
|move|p2a: Sinistcha|Matcha Gotcha|p1b: Incineroar|[spread] p1b
|-activate|p1a: Floette|move: Protect
|-resisted|p1b: Incineroar|1
|-damage|p1b: Incineroar|91/100
|
|-weather|RainDance|[upkeep]
|-heal|p2b: Archaludon|100/100|[from] item: Leftovers
|upkeep
|turn|5
|
|t:|1782598626
|move|p1b: Incineroar|Fake Out|p2b: Archaludon
|-resisted|p2b: Archaludon|1
|-damage|p2b: Archaludon|97/100
|-ability|p2b: Archaludon|Stamina|boost
|-boost|p2b: Archaludon|def|1
|move|p2a: Sinistcha|Rage Powder|p2a: Sinistcha
|-singleturn|p2a: Sinistcha|move: Rage Powder
|move|p1a: Floette|Draining Kiss|p2a: Sinistcha
|-damage|p2a: Sinistcha|27/100
|-heal|p1a: Floette|100/100|[from] drain|[of] p2a: Sinistcha
|-enditem|p2a: Sinistcha|Sitrus Berry|[eat]
|-heal|p2a: Sinistcha|52/100|[from] item: Sitrus Berry
|cant|p2b: Archaludon|flinch
|
|-weather|none
|-heal|p2b: Archaludon|100/100|[from] item: Leftovers
|upkeep
|turn|6
|inactive|Arhanjunior has 30 seconds left.
|inactive|Arhanjunior has 20 seconds left.
|
|t:|1782598664
|move|p1b: Incineroar|Helping Hand|p1a: Floette
|-singleturn|p1a: Floette|Helping Hand|[of] p1b: Incineroar
|move|p1a: Floette|Dazzling Gleam|p2a: Sinistcha|[spread] p2a,p2b
|-damage|p2a: Sinistcha|0 fnt
|-damage|p2b: Archaludon|0 fnt
|faint|p2a: Sinistcha
|faint|p2b: Archaludon
|
|upkeep
|
|t:|1782598669
|switch|p2b: Swampert|Swampert, L50, F|100/100
|turn|7
|
|t:|1782598674
|detailschange|p2b: Swampert|Swampert-Mega, L50, F
|-mega|p2b: Swampert|Swampert|Swampertite
|move|p1b: Incineroar|Helping Hand|p1a: Floette
|-singleturn|p1a: Floette|Helping Hand|[of] p1b: Incineroar
|move|p1a: Floette|Dazzling Gleam|p2b: Swampert
|-damage|p2b: Swampert|0 fnt
|faint|p2b: Swampert
|
|win|failandimprove2
|raw|failandimprove2's rating: 1104 → 1129(+25 for winning)
|raw|Arhanjunior's rating: 1100 → 1075(-25 for losing)
