|j|☆sanity1907
|j|☆XelaMaster
|html|sanity1907XelaMaster    
|uhtml|bestof|Game 2 of a best-of-3
|t:|1782311442
|gametype|doubles
|player|p1|sanity1907|lucas|1046
|player|p2|XelaMaster|volkner|1040
|gen|9
|tier|[Gen 9 Champions] VGC 2026 Reg M-B (Bo3)
|rated|
|rule|Species Clause: Limit one of each Pokémon
|rule|Item Clause: Limit 1 of each item
|clearpoke
|poke|p1|Blaziken, L50, F|
|poke|p1|Annihilape, L50, M|
|poke|p1|Kangaskhan, L50, F|
|poke|p1|Whimsicott, L50, M|
|poke|p1|Basculegion, L50, M|
|poke|p1|Gholdengo, L50|
|poke|p2|Gardevoir, L50, M|
|poke|p2|Maushold-Four, L50|
|poke|p2|Basculegion, L50, M|
|poke|p2|Kingambit, L50, M|
|poke|p2|Talonflame, L50, F|
|poke|p2|Garchomp, L50, M|
|teampreview|4
|showteam|p1|Blaziken||Blazikenite|SpeedBoost|CloseCombat,FlareBlitz,BraveBird,Detect|Jolly||F|||50|]Annihilape||Leftovers|Defiant|DrainPunch,RageFist,Coaching,Protect|Impish||M|||50|]Kangaskhan||SilkScarf|Scrappy|FakeOut,LastResort|Adamant||F|||50|]Whimsicott||FocusSash|Prankster|Moonblast,Encore,Tailwind,Protect|Modest||M|||50|]Basculegion||ChoiceScarf|Adaptability|WaveCrash,LastRespects,FlipTurn,AquaJet|Jolly||M|||50|]Gholdengo||LifeOrb|GoodasGold|NastyPlot,ShadowBall,MakeItRain,Protect|Modest|||||50|
|showteam|p2|Gardevoir||Gardevoirite|Telepathy|HyperVoice,Protect,Psyshock,TrickRoom|Modest||M|||50|]Maushold-Four||FocusSash|FriendGuard|FollowMe,Encore,SuperFang,Protect|Jolly|||||50|]Basculegion||SitrusBerry|Adaptability|AquaJet,LastRespects,WaveCrash,Protect|Adamant||M|||50|]Kingambit||ChopleBerry|Defiant|Protect,SuckerPunch,KowtowCleave,IronHead|Adamant||M|||50|]Talonflame|||GaleWings|Tailwind,WillOWisp,Acrobatics,Protect|Jolly||F|||50|]Garchomp||WhiteHerb|RoughSkin|Earthquake,RockSlide,DragonClaw,Protect|Adamant||M|||50|
|inactive|Battle timer is ON: inactive players will automatically lose when time's up. (requested by XelaMaster)
|inactive|sanity1907 has 60 seconds left.
|inactive|XelaMaster has 60 seconds left.
|
|t:|1782311490
|teamsize|p1|4
|teamsize|p2|4
|start
|switch|p1a: Annihilape|Annihilape, L50, M|100/100
|switch|p1b: Whimsicott|Whimsicott, L50, M|100/100
|switch|p2a: Talonflame|Talonflame, L50, F|100/100
|switch|p2b: Garchomp|Garchomp, L50, M|100/100
|turn|1
|inactive|XelaMaster has 30 seconds left.
|inactive|XelaMaster has 20 seconds left.
|
|t:|1782311528
|move|p2a: Talonflame|Tailwind|p2a: Talonflame
|-sidestart|p2: XelaMaster|move: Tailwind
|move|p2b: Garchomp|Earthquake|p1a: Annihilape|[spread] p1a,p1b
|-immune|p2a: Talonflame
|-resisted|p1b: Whimsicott|1
|-damage|p1a: Annihilape|67/100
|-damage|p1b: Whimsicott|67/100
|move|p1b: Whimsicott|Moonblast|p2b: Garchomp
|-supereffective|p2b: Garchomp|1
|-damage|p2b: Garchomp|9/100
|move|p1a: Annihilape|Drain Punch|p2b: Garchomp
|-damage|p2b: Garchomp|0 fnt
|-heal|p1a: Annihilape|71/100|[from] drain|[of] p2b: Garchomp
|-damage|p1a: Annihilape|59/100|[from] ability: Rough Skin|[of] p2b: Garchomp
|faint|p2b: Garchomp
|
|-heal|p1a: Annihilape|65/100|[from] item: Leftovers
|upkeep
|
|t:|1782311553
|switch|p2b: Gardevoir|Gardevoir, L50, M|100/100
|turn|2
|
|t:|1782311575
|detailschange|p2b: Gardevoir|Gardevoir-Mega, L50, M
|-mega|p2b: Gardevoir|Gardevoir|Gardevoirite
|move|p2a: Talonflame|Acrobatics|p1b: Whimsicott
|-supereffective|p1b: Whimsicott|1
|-damage|p1b: Whimsicott|0 fnt
|faint|p1b: Whimsicott
|move|p2b: Gardevoir|Hyper Voice|p1a: Annihilape
|-supereffective|p1a: Annihilape|1
|-damage|p1a: Annihilape|0 fnt
|faint|p1a: Annihilape
|
|upkeep
|
|t:|1782311583
|switch|p1b: Blaziken|Blaziken, L50, F|100/100
|switch|p1a: Kangaskhan|Kangaskhan, L50, F|100/100
|turn|3
|
|t:|1782311605
|detailschange|p1b: Blaziken|Blaziken-Mega, L50, F
|-mega|p1b: Blaziken|Blaziken|Blazikenite
|move|p2a: Talonflame|Protect|p2a: Talonflame
|-singleturn|p2a: Talonflame|Protect
|move|p2b: Gardevoir|Protect|p2b: Gardevoir
|-singleturn|p2b: Gardevoir|Protect
|move|p1a: Kangaskhan|Fake Out|p2a: Talonflame
|-activate|p2a: Talonflame|move: Protect
|move|p1b: Blaziken|Brave Bird|p2a: Talonflame
|-activate|p2a: Talonflame|move: Protect
|
|-ability|p1b: Blaziken|Speed Boost|boost
|-boost|p1b: Blaziken|spe|1
|upkeep
|turn|4
|
|t:|1782311621
|move|p1b: Blaziken|Detect|p1b: Blaziken
|-singleturn|p1b: Blaziken|Protect
|move|p2a: Talonflame|Acrobatics|p1b: Blaziken
|-activate|p1b: Blaziken|move: Protect
|move|p2b: Gardevoir|Hyper Voice|p1b: Blaziken|[spread] p1a
|-activate|p1b: Blaziken|move: Protect
|-damage|p1a: Kangaskhan|46/100
|move|p1a: Kangaskhan|Last Resort|p2b: Gardevoir
|-damage|p2b: Gardevoir|10/100
|
|-sideend|p2: XelaMaster|move: Tailwind
|-ability|p1b: Blaziken|Speed Boost|boost
|-boost|p1b: Blaziken|spe|1
|upkeep
|turn|5
|
|t:|1782311641
|switch|p2b: Maushold|Maushold-Four, L50|100/100
|move|p2a: Talonflame|Acrobatics|p1b: Blaziken
|-supereffective|p1b: Blaziken|1
|-damage|p1b: Blaziken|0 fnt
|faint|p1b: Blaziken
|move|p1a: Kangaskhan|Last Resort|p2a: Talonflame
|-damage|p2a: Talonflame|16/100
|
|upkeep
|turn|6
|
|t:|1782311662
|move|p2b: Maushold|Follow Me|p2b: Maushold
|-singleturn|p2b: Maushold|move: Follow Me
|move|p2a: Talonflame|Acrobatics|p1a: Kangaskhan
|-damage|p1a: Kangaskhan|6/100
|move|p1a: Kangaskhan|Last Resort|p2b: Maushold
|-damage|p2b: Maushold|8/100
|
|upkeep
|turn|7
|c|☆XelaMaster|Ggs
|inactive|sanity1907 has 30 seconds left.
|inactive|sanity1907 has 20 seconds left.
|inactive|sanity1907 has 15 seconds left.
|inactive|sanity1907 has 10 seconds left.
|inactive|sanity1907 has 5 seconds left.
|
|t:|1782311717
|move|p2b: Maushold|Follow Me|p2b: Maushold
|-singleturn|p2b: Maushold|move: Follow Me
|move|p2a: Talonflame|Acrobatics|p1a: Kangaskhan
|-damage|p1a: Kangaskhan|0 fnt
|faint|p1a: Kangaskhan
|
|win|XelaMaster
|raw|sanity1907's rating: 1046 → 1029(-17 for losing)
|raw|XelaMaster's rating: 1040 → 1075(+35 for winning)
