|j|☆yzuii
|j|☆an0nymoose
|html|yzuiian0nymoose    
|uhtml|bestof|Game 1 of a best-of-3
|t:|1786172444
|gametype|doubles
|player|p1|yzuii|kimonogirl|1160
|player|p2|an0nymoose|fisherman-gen4|1047
|gen|9
|tier|[Gen 9 Champions] VGC 2026 Reg M-B (Bo3)
|rated|
|rule|Species Clause: Limit one of each Pokémon
|rule|Item Clause: Limit 1 of each item
|clearpoke
|poke|p1|Incineroar, L50, M|
|poke|p1|Gengar, L50, F|
|poke|p1|Kingambit, L50, M|
|poke|p1|Sneasler, L50, M|
|poke|p1|Kommo-o, L50, M|
|poke|p1|Floette-Eternal, L50, F|
|poke|p2|Malamar, L50, M|
|poke|p2|Goodra-Hisui, L50, F|
|poke|p2|Sinistcha-Masterpiece, L50|
|poke|p2|Incineroar, L50, M|
|poke|p2|Grimmsnarl, L50, M|
|poke|p2|Staraptor, L50, M|
|teampreview|4
|showteam|p1|Incineroar||PasshoBerry|Intimidate|Protect,FlareBlitz,FakeOut,PartingShot|Relaxed||M|||50|]Gengar||Gengarite|CursedBody|ShadowBall,PerishSong,Disable,Protect|Modest||F|||50|]Kingambit||BlackGlasses|Defiant|KowtowCleave,SwordsDance,SuckerPunch,Protect|Adamant||M|||50|]Sneasler||WhiteHerb|Unburden|DireClaw,FakeOut,CloseCombat,Protect|Adamant||M|||50|]Kommo-o||Leftovers|Soundproof|ClangingScales,AuraSphere,ClangorousSoul,Protect|Modest||M|||50|]Floette-Eternal||Floettite|FlowerVeil|LightofRuin,DazzlingGleam,Moonblast,Protect|Timid||F|||50|
|showteam|p2|Malamar||Malamarite|Contrary|StoredPower,Superpower,Protect,BrutalSwing|Serious||M|||50|]Goodra-Hisui||Leftovers|Gooey|LifeDew,Bulldoze,MuddyWater,TearfulLook|Sassy||F|||50|]Sinistcha-Masterpiece||SitrusBerry|Hospitality|MatchaGotcha,StrengthSap,RagePowder,ShadowBall|Modest|||||50|]Incineroar||Charcoal|Intimidate|PartingShot,FakeOut,WillOWisp,FlareBlitz|Careful||M|||50|]Grimmsnarl||LightClay|Prankster|Reflect,FakeTears,FakeOut,SpiritBreak|Adamant||M|||50|]Staraptor||Staraptite|Intimidate|CloseCombat,Roost,BraveBird,Tailwind|Adamant||M|||50|
|inactive|Battle timer is ON: inactive players will automatically lose when time's up. (requested by an0nymoose)
|inactive|yzuii has 60 seconds left.
|inactive|an0nymoose has 60 seconds left.
|
|t:|1786172488
|teamsize|p1|4
|teamsize|p2|4
|start
|switch|p1a: Gengar|Gengar, L50, F|100/100
|switch|p1b: Incineroar|Incineroar, L50, M|100/100
|switch|p2a: Grimmsnarl|Grimmsnarl, L50, M|100/100
|switch|p2b: Malamar|Malamar, L50, M|100/100
|-ability|p1b: Incineroar|Intimidate|boost
|-unboost|p2a: Grimmsnarl|atk|1
|-boost|p2b: Malamar|atk|1
|turn|1
|inactive|an0nymoose has 30 seconds left.
|inactive|an0nymoose has 20 seconds left.
|
|t:|1786172524
|detailschange|p1a: Gengar|Gengar-Mega, L50, F
|-mega|p1a: Gengar|Gengar|Gengarite
|move|p2a: Grimmsnarl|Fake Out|p1b: Incineroar
|-damage|p1b: Incineroar|92/100
|cant|p1b: Incineroar|flinch
|move|p1a: Gengar|Perish Song|p1a: Gengar
|-start|p1a: Gengar|perish3|[silent]
|-start|p1b: Incineroar|perish3|[silent]
|-start|p2a: Grimmsnarl|perish3|[silent]
|-start|p2b: Malamar|perish3|[silent]
|-fieldactivate|move: Perish Song
|move|p2b: Malamar|Superpower|p1b: Incineroar
|-supereffective|p1b: Incineroar|1
|-damage|p1b: Incineroar|36/100
|-boost|p2b: Malamar|atk|1
|-boost|p2b: Malamar|def|1
|
|-start|p1a: Gengar|perish3
|-start|p2b: Malamar|perish3
|-start|p2a: Grimmsnarl|perish3
|-start|p1b: Incineroar|perish3
|upkeep
|turn|2
|inactive|an0nymoose has 30 seconds left.
|
|t:|1786172559
|detailschange|p2b: Malamar|Malamar-Mega, L50, M
|-mega|p2b: Malamar|Malamar|Malamarite
|move|p1a: Gengar|Protect|p1a: Gengar
|-singleturn|p1a: Gengar|Protect
|move|p1b: Incineroar|Protect|p1b: Incineroar
|-singleturn|p1b: Incineroar|Protect
|move|p2a: Grimmsnarl|Fake Tears|p2b: Malamar
|-boost|p2b: Malamar|spd|2
|move|p2b: Malamar|Superpower|p1b: Incineroar
|-activate|p1b: Incineroar|move: Protect
|
|-start|p1a: Gengar|perish2
|-start|p2b: Malamar|perish2
|-start|p2a: Grimmsnarl|perish2
|-start|p1b: Incineroar|perish2
|upkeep
|turn|3
|inactive|an0nymoose has 30 seconds left.
|inactive|an0nymoose has 20 seconds left.
|inactive|an0nymoose has 15 seconds left.
|
|t:|1786172604
|switch|p1a: Floette|Floette-Eternal, L50, F|100/100
|move|p2b: Malamar|Brutal Swing|p1a: Floette|[spread] p2a,p1a,p1b
|-resisted|p2a: Grimmsnarl|2
|-resisted|p1a: Floette|1
|-resisted|p1b: Incineroar|1
|-damage|p2a: Grimmsnarl|91/100
|-damage|p1a: Floette|72/100
|-damage|p1b: Incineroar|24/100
|move|p2a: Grimmsnarl|Spirit Break|p1a: Floette
|-damage|p1a: Floette|24/100
|-unboost|p1a: Floette|spa|1
|move|p1b: Incineroar|Parting Shot|p2a: Grimmsnarl
|-unboost|p2a: Grimmsnarl|atk|1
|-unboost|p2a: Grimmsnarl|spa|1
|inactive|yzuii has 30 seconds left.
|inactive|yzuii has 20 seconds left.
|
|t:|1786172640
|switch|p1b: Gengar|Gengar-Mega, L50, F|100/100|[from] Parting Shot
|
|-start|p2b: Malamar|perish1
|-start|p2a: Grimmsnarl|perish1
|upkeep
|turn|4
|
|t:|1786172657
|move|p1a: Floette|Protect|p1a: Floette
|-singleturn|p1a: Floette|Protect
|move|p1b: Gengar|Protect|p1b: Gengar
|-singleturn|p1b: Gengar|Protect
|move|p2a: Grimmsnarl|Reflect|p2a: Grimmsnarl
|-sidestart|p2: an0nymoose|Reflect
|move|p2b: Malamar|Brutal Swing|p1b: Gengar|[spread] p2a
|-activate|p1a: Floette|move: Protect
|-activate|p1b: Gengar|move: Protect
|-resisted|p2a: Grimmsnarl|2
|-damage|p2a: Grimmsnarl|85/100
|
|-start|p2b: Malamar|perish0
|-start|p2a: Grimmsnarl|perish0
|faint|p2b: Malamar
|faint|p2a: Grimmsnarl
|upkeep
|
|t:|1786172673
|switch|p2b: Goodra|Goodra-Hisui, L50, F|100/100
|switch|p2a: Sinistcha|Sinistcha-Masterpiece, L50|100/100
|turn|5
|
|t:|1786172691
|switch|p1a: Incineroar|Incineroar, L50, M|24/100
|-ability|p1a: Incineroar|Intimidate|boost
|-unboost|p2a: Sinistcha|atk|1
|-unboost|p2b: Goodra|atk|1
|move|p1b: Gengar|Perish Song|p1b: Gengar
|-start|p1a: Incineroar|perish3|[silent]
|-start|p1b: Gengar|perish3|[silent]
|-start|p2a: Sinistcha|perish3|[silent]
|-start|p2b: Goodra|perish3|[silent]
|-fieldactivate|move: Perish Song
|move|p2a: Sinistcha|Shadow Ball|p1b: Gengar
|-supereffective|p1b: Gengar|1
|-damage|p1b: Gengar|10/100
|-unboost|p1b: Gengar|spd|1
|move|p2b: Goodra|Bulldoze|p1a: Incineroar|[spread] p2a,p1a,p1b
|-resisted|p2a: Sinistcha|1
|-supereffective|p1a: Incineroar|1
|-supereffective|p1b: Gengar|1
|-damage|p2a: Sinistcha|98/100
|-damage|p1a: Incineroar|14/100
|-damage|p1b: Gengar|0 fnt
|-unboost|p2a: Sinistcha|spe|1
|-unboost|p1a: Incineroar|spe|1
|faint|p1b: Gengar
|
|-start|p2b: Goodra|perish3
|-start|p2a: Sinistcha|perish3
|-start|p1a: Incineroar|perish3
|upkeep
|
|t:|1786172700
|switch|p1b: Sneasler|Sneasler, L50, M|100/100
|turn|6
|
|t:|1786172719
|move|p1b: Sneasler|Fake Out|p2b: Goodra
|-resisted|p2b: Goodra|1
|-damage|p2b: Goodra|94/100
|-ability|p2b: Goodra|Gooey
|-unboost|p1b: Sneasler|spe|1
|-enditem|p1b: Sneasler|White Herb
|-clearnegativeboost|p1b: Sneasler|[silent]
|cant|p2b: Goodra|flinch
|move|p2a: Sinistcha|Matcha Gotcha|p1b: Sneasler|[spread] p1b
|-miss|p2a: Sinistcha|p1a: Incineroar
|-resisted|p1b: Sneasler|1
|-damage|p1b: Sneasler|76/100
|-heal|p2a: Sinistcha|100/100|[from] drain|[of] p1b: Sneasler
|move|p1a: Incineroar|Parting Shot|p2b: Goodra
|-unboost|p2b: Goodra|atk|1
|-unboost|p2b: Goodra|spa|1
|
|t:|1786172734
|switch|p1a: Floette|Floette-Eternal, L50, F|24/100|[from] Parting Shot
|
|-heal|p2b: Goodra|100/100|[from] item: Leftovers
|-start|p2b: Goodra|perish2
|-start|p2a: Sinistcha|perish2
|upkeep
|turn|7
|c|☆an0nymoose|Gg
|c|☆yzuii|gg
|
|t:|1786172750
|switch|p1b: Incineroar|Incineroar, L50, M|14/100
|-ability|p1b: Incineroar|Intimidate|boost
|-unboost|p2a: Sinistcha|atk|1
|-unboost|p2b: Goodra|atk|1
|move|p1a: Floette|Light of Ruin|p2a: Sinistcha
|-damage|p2a: Sinistcha|20/100y
|-enditem|p2a: Sinistcha|Sitrus Berry|[eat]
|-heal|p2a: Sinistcha|44/100|[from] item: Sitrus Berry
|-damage|p1a: Floette|0 fnt|[from] Recoil
|faint|p1a: Floette
|move|p2b: Goodra|Muddy Water|p1b: Incineroar
|-supereffective|p1b: Incineroar|1
|-enditem|p1b: Incineroar|Passho Berry|[eat]
|-enditem|p1b: Incineroar|Passho Berry|[weaken]
|-damage|p1b: Incineroar|1/100
|move|p2a: Sinistcha|Matcha Gotcha|p1b: Incineroar
|-resisted|p1b: Incineroar|1
|-damage|p1b: Incineroar|0 fnt
|-heal|p2a: Sinistcha|46/100|[from] drain|[of] p1b: Incineroar
|faint|p1b: Incineroar
|
|-start|p2b: Goodra|perish1
|-start|p2a: Sinistcha|perish1
|upkeep
|
|t:|1786172758
|switch|p1b: Sneasler|Sneasler, L50, M|76/100
|turn|8
|inactive|an0nymoose has 30 seconds left.
|
|t:|1786172785
|move|p1b: Sneasler|Protect|p1b: Sneasler
|-singleturn|p1b: Sneasler|Protect
|move|p2b: Goodra|Bulldoze|p1b: Sneasler|[spread] p2a
|-activate|p1b: Sneasler|move: Protect
|-resisted|p2a: Sinistcha|1
|-damage|p2a: Sinistcha|44/100
|-unboost|p2a: Sinistcha|spe|1
|move|p2a: Sinistcha|Shadow Ball|p1b: Sneasler
|-activate|p1b: Sneasler|move: Protect
|
|-start|p2b: Goodra|perish0
|-start|p2a: Sinistcha|perish0
|faint|p2b: Goodra
|faint|p2a: Sinistcha
|
|win|yzuii
||an0nymoose is ready for game 2.
|inactive|yzuii has 30 seconds to confirm battle start!
