|j|☆Soraarara
|j|☆Truevillany123
|html|SoraararaTruevillany123    
|uhtml|bestof|Game 1 of a best-of-3
|t:|1757737714
|gametype|doubles
|player|p1|Soraarara|2|1150
|player|p2|Truevillany123|101|1177
|gen|9
|tier|[Gen 9] VGC 2025 Reg H (Bo3)
|rated|
|rule|Species Clause: Limit one of each Pokémon
|rule|Item Clause: Limit 1 of each item
|clearpoke
|poke|p1|Ursaluna, L50, M|
|poke|p1|Jumpluff, L50, F|
|poke|p1|Charizard, L50, F|
|poke|p1|Torkoal, L50, M|
|poke|p1|Incineroar, L50, F|
|poke|p1|Porygon2, L50|
|poke|p2|Dragonite, L50, M|
|poke|p2|Ursaluna-Bloodmoon, L50, M|
|poke|p2|Gholdengo, L50|
|poke|p2|Annihilape, L50, F|
|poke|p2|Ninetales-Alola, L50, F|
|poke|p2|Rillaboom, L50, M|
|teampreview|4
|showteam|p1|Ursaluna||FlameOrb|Guts|HeadlongRush,Facade,Earthquake,Protect|||M|||50|,,,,,Ghost]Jumpluff||CovertCloak|Chlorophyll|SleepPowder,SunnyDay,Tailwind,RagePowder|||F|||50|,,,,,Water]Charizard||ChoiceSpecs|SolarPower|AirSlash,HeatWave,Overheat,WeatherBall|||F|||50|,,,,,Ghost]Torkoal||EjectPack|Drought|HelpingHand,Eruption,Overheat,Protect|||M|||50|,,,,,Fire]Incineroar||SitrusBerry|Intimidate|FakeOut,FlareBlitz,KnockOff,PartingShot|||F|||50|,,,,,Ghost]Porygon2||Eviolite|Download|TeraBlast,IceBeam,Recover,TrickRoom||||||50|,,,,,Fighting
|showteam|p2|Dragonite||LoadedDice|Multiscale|ScaleShot,Protect,Haze,Tailwind|||M|||50|,,,,,Fairy]Ursaluna-Bloodmoon||LifeOrb|MindsEye|BloodMoon,HyperVoice,EarthPower,Protect|||M|||50|,,,,,Normal]Gholdengo||GrassySeed|GoodasGold|MakeItRain,ShadowBall,Protect,NastyPlot||||||50|,,,,,Water]Annihilape||SafetyGoggles|Defiant|DrainPunch,RageFist,Protect,BulkUp|||F|||50|,,,,,Fire]Ninetales-Alola||FocusSash|SnowWarning|FreezeDry,AuroraVeil,Encore,IcicleSpear|||F|||50|,,,,,Ghost]Rillaboom||AssaultVest|GrassySurge|FakeOut,WoodHammer,HighHorsepower,Uturn|||M|||50|,,,,,Fire
|inactive|Battle timer is ON: inactive players will automatically lose when time's up. (requested by Soraarara)
|inactive|Soraarara has 60 seconds left.
|inactive|Soraarara has 30 seconds left.
|inactive|Soraarara has 20 seconds left.
|
|t:|1757737784
|teamsize|p1|4
|teamsize|p2|4
|start
|switch|p1a: Charizard|Charizard, L50, F|100/100
|switch|p1b: Torkoal|Torkoal, L50, M|100/100
|switch|p2a: Gholdengo|Gholdengo, L50|100/100
|switch|p2b: Annihilape|Annihilape, L50, F|100/100
|-weather|SunnyDay|[from] ability: Drought|[of] p1b: Torkoal
|turn|1
|inactive|Soraarara has 30 seconds left.
|inactive|Truevillany123 has 30 seconds left.
|inactive|Soraarara has 20 seconds left.
|inactive|Soraarara has 15 seconds left.
|inactive|Soraarara has 10 seconds left.
|inactive|Soraarara has 5 seconds left.
|
|t:|1757737838
|move|p2b: Annihilape|Protect|p2b: Annihilape
|-singleturn|p2b: Annihilape|Protect
|move|p2a: Gholdengo|Protect|p2a: Gholdengo
|-singleturn|p2a: Gholdengo|Protect
|move|p1a: Charizard|Heat Wave|p2a: Gholdengo|[spread] 
|-activate|p2a: Gholdengo|move: Protect
|-activate|p2b: Annihilape|move: Protect
|move|p1b: Torkoal|Overheat|p2a: Gholdengo
|-activate|p2a: Gholdengo|move: Protect
|
|-weather|SunnyDay|[upkeep]
|-damage|p1a: Charizard|88/100|[from] ability: Solar Power|[of] p1a: Charizard
|upkeep
|turn|2
|inactive|Soraarara has 30 seconds left.
|inactive|Truevillany123 has 30 seconds left.
|inactive|Soraarara has 20 seconds left.
|inactive|Truevillany123 has 20 seconds left.
|
|t:|1757737873
|switch|p2a: Dragonite|Dragonite, L50, M, shiny|100/100
|-terastallize|p2b: Annihilape|Fire
|move|p1b: Torkoal|Helping Hand|p1a: Charizard
|-singleturn|p1a: Charizard|Helping Hand|[of] p1b: Torkoal
|move|p1a: Charizard|Heat Wave|p2b: Annihilape|[spread] p2a,p2b
|-resisted|p2a: Dragonite
|-resisted|p2b: Annihilape
|-damage|p2a: Dragonite|54/100
|-damage|p2b: Annihilape|21/100
|move|p2b: Annihilape|Rage Fist|p1a: Charizard
|-damage|p1a: Charizard|28/100
|
|-weather|SunnyDay|[upkeep]
|-damage|p1a: Charizard|15/100|[from] ability: Solar Power|[of] p1a: Charizard
|upkeep
|turn|3
|inactive|Soraarara has 30 seconds left.
|inactive|Truevillany123 has 30 seconds left.
|inactive|Soraarara has 20 seconds left.
|inactive|Truevillany123 has 20 seconds left.
|inactive|Soraarara has 15 seconds left.
|inactive|Truevillany123 has 15 seconds left.
|
|t:|1757737916
|switch|p2b: Ninetales|Ninetales-Alola, L50, F|100/100
|-weather|Snowscape|[from] ability: Snow Warning|[of] p2b: Ninetales
|move|p1a: Charizard|Heat Wave|p2a: Dragonite|[spread] p2a,p2b
|-resisted|p2a: Dragonite
|-supereffective|p2b: Ninetales
|-damage|p2a: Dragonite|26/100
|-enditem|p2b: Ninetales|Focus Sash
|-damage|p2b: Ninetales|1/100
|move|p2a: Dragonite|Scale Shot|p1b: Torkoal
|-damage|p1b: Torkoal|88/100
|-damage|p1b: Torkoal|77/100
|-damage|p1b: Torkoal|67/100
|-damage|p1b: Torkoal|55/100
|-crit|p1b: Torkoal
|-damage|p1b: Torkoal|36/100
|-hitcount|p1b: Torkoal|5
|-unboost|p2a: Dragonite|def|1
|-boost|p2a: Dragonite|spe|1
|move|p1b: Torkoal|Overheat|p2a: Dragonite
|-resisted|p2a: Dragonite
|-damage|p2a: Dragonite|0 fnt
|-unboost|p1b: Torkoal|spa|2
|faint|p2a: Dragonite
|-enditem|p1b: Torkoal|Eject Pack
|inactive|Soraarara has 30 seconds left.
|inactive|Soraarara has 20 seconds left.
|inactive|Soraarara has 15 seconds left.
|inactive|Soraarara has 10 seconds left.
|
|t:|1757737963
|switch|p1b: Ursaluna|Ursaluna, L50, M|100/100
|
|-weather|Snowscape|[upkeep]
|-status|p1b: Ursaluna|brn|[from] item: Flame Orb
|upkeep
|
|t:|1757737972
|switch|p2a: Annihilape|Annihilape, L50, F, tera:Fire|21/100
|turn|4
|inactive|Soraarara has 30 seconds left.
|inactive|Truevillany123 has 30 seconds left.
|
|t:|1757738005
|switch|p1a: Porygon2|Porygon2, L50|100/100
|-ability|p1a: Porygon2|Download|boost
|-boost|p1a: Porygon2|atk|1
|move|p1b: Ursaluna|Protect|p1b: Ursaluna
|-singleturn|p1b: Ursaluna|Protect
|move|p2b: Ninetales|Freeze-Dry|p1a: Porygon2
|-damage|p1a: Porygon2|81/100
|-status|p1a: Porygon2|frz
|move|p2a: Annihilape|Rage Fist|p1b: Ursaluna
|-activate|p1b: Ursaluna|move: Protect
|
|-weather|Snowscape|[upkeep]
|-damage|p1b: Ursaluna|95/100 brn|[from] brn
|upkeep
|turn|5
|inactive|Soraarara has 30 seconds left.
|
|t:|1757738039
|move|p2b: Ninetales|Encore|p1b: Ursaluna
|-start|p1b: Ursaluna|Encore
|move|p2a: Annihilape|Drain Punch|p1a: Porygon2
|-supereffective|p1a: Porygon2
|-damage|p1a: Porygon2|41/100 frz
|-heal|p2a: Annihilape|40/100|[from] drain|[of] p1a: Porygon2
|move|p1b: Ursaluna|Protect||[still]
|-fail|p1b: Ursaluna
|cant|p1a: Porygon2|frz
|
|-weather|Snowscape|[upkeep]
|-damage|p1b: Ursaluna|89/100 brn|[from] brn
|upkeep
|turn|6
|inactive|Soraarara has 30 seconds left.
|inactive|Soraarara has 20 seconds left.
|
|t:|1757738076
|switch|p1b: Torkoal|Torkoal, L50, M|36/100
|-weather|SunnyDay|[from] ability: Drought|[of] p1b: Torkoal
|move|p2b: Ninetales|Freeze-Dry|p1b: Torkoal
|-resisted|p1b: Torkoal
|-damage|p1b: Torkoal|17/100
|move|p2a: Annihilape|Drain Punch|p1a: Porygon2
|-supereffective|p1a: Porygon2
|-damage|p1a: Porygon2|2/100 frz
|-heal|p2a: Annihilape|58/100|[from] drain|[of] p1a: Porygon2
|cant|p1a: Porygon2|frz
|
|-weather|SunnyDay|[upkeep]
|upkeep
|turn|7
|c|☆Truevillany123|sry dawg
|inactive|Soraarara has 30 seconds left.
|
|t:|1757738104
|move|p2b: Ninetales|Freeze-Dry|p1a: Porygon2
|-damage|p1a: Porygon2|0 fnt
|faint|p1a: Porygon2
|move|p2a: Annihilape|Drain Punch|p1b: Torkoal
|-damage|p1b: Torkoal|0 fnt
|-heal|p2a: Annihilape|65/100|[from] drain|[of] p1b: Torkoal
|faint|p1b: Torkoal
|
|-weather|SunnyDay|[upkeep]
|upkeep
|
|t:|1757738110
|switch|p1a: Ursaluna|Ursaluna, L50, M|89/100 brn
|switch|p1b: Charizard|Charizard, L50, F|15/100
|turn|8
|inactive|Soraarara has 30 seconds left.
|inactive|Soraarara has 20 seconds left.
|
|t:|1757738147
|-terastallize|p1a: Ursaluna|Ghost
|move|p2a: Annihilape|Protect|p2a: Annihilape
|-singleturn|p2a: Annihilape|Protect
|move|p2b: Ninetales|Freeze-Dry|p1b: Charizard
|-damage|p1b: Charizard|0 fnt
|faint|p1b: Charizard
|move|p1a: Ursaluna|Earthquake|p2a: Annihilape|[spread] p2b
|-activate|p2a: Annihilape|move: Protect
|-damage|p2b: Ninetales|0 fnt
|faint|p2b: Ninetales
|
|-weather|SunnyDay|[upkeep]
|-damage|p1a: Ursaluna|83/100 brn|[from] brn
|upkeep
|
|t:|1757738158
|switch|p2b: Gholdengo|Gholdengo, L50|100/100
|turn|9
|
|t:|1757738162
|move|p2a: Annihilape|Rage Fist|p1a: Ursaluna
|-supereffective|p1a: Ursaluna
|-damage|p1a: Ursaluna|26/100 brn
|move|p2b: Gholdengo|Shadow Ball|p1a: Ursaluna
|-supereffective|p1a: Ursaluna
|-damage|p1a: Ursaluna|0 fnt
|faint|p1a: Ursaluna
|
|win|Truevillany123
||Soraarara is ready for game 2.
