|j|☆Monfernep
|j|‽YarikFireDragon
|html|MonfernepYarikFireDragon    
|uhtml|bestof|Game 2 of a best-of-3
|t:|1785678795
|gametype|doubles
|player|p1|Monfernep|skyla|
|player|p2|YarikFireDragon|169|
|gen|9
|tier|[Gen 9 Champions] VGC 2026 Reg M-B (Bo3)
|rule|Species Clause: Limit one of each Pokémon
|rule|Item Clause: Limit 1 of each item
|clearpoke
|poke|p1|Simisear, L50, F|
|poke|p1|Tinkaton, L50, F|
|poke|p1|Garbodor, L50, F|
|poke|p1|Simisage, L50, M|
|poke|p1|Heliolisk, L50, F|
|poke|p1|Zoroark, L50, M|
|poke|p2|Heliolisk, L50, M|
|poke|p2|Mr. Rime, L50, F|
|poke|p2|Runerigus, L50, F|
|poke|p2|Toucannon, L50, F|
|poke|p2|Simipour, L50, M|
|poke|p2|Garbodor, L50, M|
|teampreview|4
|showteam|p1|Simisear||FocusSash|Gluttony|ScorchingSands,NastyPlot,HeatWave,GrassKnot|Timid||F|||50|]Tinkaton||Leftovers|MoldBreaker|FakeOut,GigatonHammer,KnockOff,RockSlide|Jolly||F|||50|]Garbodor||HeatRock|WeakArmor|StompingTantrum,PoisonJab,SunnyDay,Haze|Serious||F|||50|]Simisage||LifeOrb|Overgrow|LowSweep,SolarBlade,Protect,RockSlide|Jolly||M|||50|]Heliolisk||ExpertBelt|SolarPower|SolarBeam,DarkPulse,Uturn,Thunderbolt|Timid||F|||50|]Zoroark||ChoiceScarf|Illusion|GrassKnot,BurningJealousy,DarkPulse,Uturn|Timid||M|||50|
|showteam|p2|Heliolisk||LifeOrb|DrySkin|Electroweb,Thunderbolt,HyperVoice,Glare|Timid||M|||50|]Mr. Rime||IcyRock|IceBody|Protect,AllySwitch,Blizzard,Snowscape|Calm||F|||50|]Runerigus||MentalHerb|WanderingSpirit|TrickRoom,Curse,Protect,Poltergeist|Serious||F|||50|]Toucannon||FocusSash|SkillLink|Tailwind,Protect,RockBlast,BeakBlast|Serious||F|||50|]Simipour||WacanBerry|Gluttony|Surf,Blizzard,FakeOut,NastyPlot|Timid||M|||50|]Garbodor||PoisonBarb|WeakArmor|Explosion,PoisonJab,Haze,Curse|Brave||M|||50|
|
|t:|1785678845
|teamsize|p1|4
|teamsize|p2|4
|start
|switch|p1a: Tinkaton|Tinkaton, L50, F|100/100
|switch|p1b: Threat|Garbodor, L50, F|100/100
|switch|p2a: Heliolisk|Heliolisk, L50, M|100/100
|switch|p2b: Simipour|Simipour, L50, M|100/100
|-ability|p1a: Tinkaton|Mold Breaker
|turn|1
|
|t:|1785678875
|move|p2b: Simipour|Fake Out|p1b: Threat
|-damage|p1b: Threat|87/100
|-ability|p1b: Threat|Weak Armor|boost
|-unboost|p1b: Threat|def|1
|-boost|p1b: Threat|spe|2
|move|p1a: Tinkaton|Fake Out|p2a: Heliolisk
|-damage|p2a: Heliolisk|79/100
|cant|p1b: Threat|flinch
|cant|p2a: Heliolisk|flinch
|
|upkeep
|turn|2
|
|t:|1785678898
|move|p1b: Threat|Sunny Day|p1b: Threat
|-weather|SunnyDay
|move|p2a: Heliolisk|Electroweb|p1a: Tinkaton|[spread] p1a
|-miss|p2a: Heliolisk|p1b: Threat
|-damage|p1a: Tinkaton|70/100
|-unboost|p1a: Tinkaton|spe|1
|-damage|p2a: Heliolisk|70/100|[from] item: Life Orb
|move|p2b: Simipour|Surf|p1b: Threat|[spread] p1a,p1b
|-heal|p2a: Heliolisk|94/100|[from] ability: Dry Skin|[of] p2b: Simipour
|-damage|p1a: Tinkaton|55/100
|-damage|p1b: Threat|69/100
|move|p1a: Tinkaton|Knock Off|p2a: Heliolisk
|-damage|p2a: Heliolisk|39/100
|-enditem|p2a: Heliolisk|Life Orb|[from] move: Knock Off|[of] p1a: Tinkaton
|
|-weather|SunnyDay|[upkeep]
|-damage|p2a: Heliolisk|27/100|[from] ability: Dry Skin|[of] p2a: Heliolisk
|-heal|p1a: Tinkaton|61/100|[from] item: Leftovers
|upkeep
|turn|3
|
|t:|1785678935
|move|p1b: Threat|Stomping Tantrum|p2a: Heliolisk
|-supereffective|p2a: Heliolisk|1
|-damage|p2a: Heliolisk|0 fnt
|faint|p2a: Heliolisk
|move|p2b: Simipour|Nasty Plot|p2b: Simipour
|-boost|p2b: Simipour|spa|2
|move|p1a: Tinkaton|Knock Off|p2b: Simipour
|-crit|p2b: Simipour
|-damage|p2b: Simipour|40/100
|-enditem|p2b: Simipour|Wacan Berry|[from] move: Knock Off|[of] p1a: Tinkaton
|
|-weather|SunnyDay|[upkeep]
|-heal|p1a: Tinkaton|67/100|[from] item: Leftovers
|upkeep
|
|t:|1785678947
|switch|p2a: Toucannon|Toucannon, L50, F|100/100
|turn|4
|
|t:|1785678981
|move|p1b: Threat|Poison Jab|p2b: Simipour
|-damage|p2b: Simipour|0 fnt
|faint|p2b: Simipour
|move|p1a: Tinkaton|Rock Slide|p2a: Toucannon
|-supereffective|p2a: Toucannon|1
|-damage|p2a: Toucannon|59/100
|move|p2a: Toucannon|Rock Blast|p1b: Threat|[miss]
|-miss|p2a: Toucannon|p1b: Threat
|
|-weather|SunnyDay|[upkeep]
|-heal|p1a: Tinkaton|74/100|[from] item: Leftovers
|upkeep
|
|t:|1785678992
|switch|p2b: Garbodor|Garbodor, L50, M|100/100
|turn|5
|
|t:|1785679010
|-singleturn|p2a: Toucannon|move: Beak Blast
|move|p1b: Threat|Stomping Tantrum|p2b: Garbodor
|-supereffective|p2b: Garbodor|1
|-damage|p2b: Garbodor|46/100
|-ability|p2b: Garbodor|Weak Armor|boost
|-unboost|p2b: Garbodor|def|1
|-boost|p2b: Garbodor|spe|2
|move|p2b: Garbodor|Poison Jab|p1b: Threat
|-resisted|p1b: Threat|1
|-damage|p1b: Threat|20/100y
|-ability|p1b: Threat|Weak Armor|boost
|-unboost|p1b: Threat|def|1
|-boost|p1b: Threat|spe|2
|move|p1a: Tinkaton|Rock Slide|p2a: Toucannon|[spread] p2a
|-miss|p1a: Tinkaton|p2b: Garbodor
|-supereffective|p2a: Toucannon|1
|-damage|p2a: Toucannon|27/100
|move|p2a: Toucannon|Beak Blast|p1a: Tinkaton
|-resisted|p1a: Tinkaton|1
|-damage|p1a: Tinkaton|30/100
|
|-weather|SunnyDay|[upkeep]
|-heal|p1a: Tinkaton|36/100|[from] item: Leftovers
|upkeep
|turn|6
|
|t:|1785679046
|-singleturn|p2a: Toucannon|move: Beak Blast
|move|p1b: Threat|Stomping Tantrum|p2b: Garbodor
|-supereffective|p2b: Garbodor|1
|-damage|p2b: Garbodor|0 fnt
|faint|p2b: Garbodor
|move|p1a: Tinkaton|Knock Off|p2a: Toucannon
|-damage|p2a: Toucannon|1/100
|-status|p1a: Tinkaton|brn
|-enditem|p2a: Toucannon|Focus Sash|[from] move: Knock Off|[of] p1a: Tinkaton
|move|p2a: Toucannon|Beak Blast|p1a: Tinkaton
|-resisted|p1a: Tinkaton|1
|-crit|p1a: Tinkaton
|-damage|p1a: Tinkaton|0 fnt
|faint|p1a: Tinkaton
|
|-weather|SunnyDay|[upkeep]
|upkeep
|
|t:|1785679057
|switch|p1a: Hydrogen Baby|Simisear, L50, F|100/100
|turn|7
|
|t:|1785679067
|move|p2a: Toucannon|Protect|p2a: Toucannon
|-singleturn|p2a: Toucannon|Protect
|move|p1b: Threat|Haze|p1b: Threat
|-clearallboost
|move|p1a: Hydrogen Baby|Grass Knot|p2a: Toucannon
|-activate|p2a: Toucannon|move: Protect
|
|-weather|SunnyDay|[upkeep]
|upkeep
|turn|8
|
|t:|1785679090
|move|p1a: Hydrogen Baby|Scorching Sands|p2a: Toucannon
|-immune|p2a: Toucannon
|move|p1b: Threat|Poison Jab|p2a: Toucannon
|-damage|p2a: Toucannon|0 fnt
|faint|p2a: Toucannon
|
|win|Monfernep
