|j|☆FreezyPop439
|j|☆buggybrain
|html|FreezyPop439buggybrain    
|uhtml|bestof|Game 1 of a best-of-3
|t:|1782217775
|gametype|doubles
|player|p1|FreezyPop439|collector|1233
|player|p2|buggybrain|hiker-gen4|1222
|gen|9
|tier|[Gen 9 Champions] VGC 2026 Reg M-B (Bo3)
|rated|
|rule|Species Clause: Limit one of each Pokémon
|rule|Item Clause: Limit 1 of each item
|clearpoke
|poke|p1|Garchomp, L50, M|
|poke|p1|Staraptor, L50, M|
|poke|p1|Grimmsnarl, L50, M|
|poke|p1|Gholdengo, L50|
|poke|p1|Maushold-Four, L50|
|poke|p1|Volcarona, L50, F|
|poke|p2|Whimsicott, L50, F|
|poke|p2|Gholdengo, L50|
|poke|p2|Garchomp, L50, F|
|poke|p2|Charizard, L50, M|
|poke|p2|Basculegion, L50, M|
|poke|p2|Incineroar, L50, F|
|teampreview|4
|showteam|p1|Garchomp||LifeOrb|RoughSkin|Earthquake,DragonClaw,RockSlide,Protect|Jolly||M|||50|]Staraptor||Staraptite|Intimidate|BraveBird,CloseCombat,Roost,Protect|Jolly||M|||50|]Grimmsnarl||LightClay|Prankster|SpiritBreak,LightScreen,Reflect,PartingShot|Careful||M|||50|]Gholdengo||MetalCoat|GoodasGold|MakeItRain,ShadowBall,NastyPlot,Protect|Modest|||||50|]Maushold-Four||FocusSash|FriendGuard|FollowMe,Charm,SuperFang,Protect|Jolly|||||50|]Volcarona||ChartiBerry|FlameBody|HeatWave,StruggleBug,RagePowder,Tailwind|Timid||F|||50|
|showteam|p2|Whimsicott||FocusSash|Prankster|Moonblast,Encore,Protect,Tailwind|Timid||F|||50|]Gholdengo||MetalCoat|GoodasGold|MakeItRain,ShadowBall,Protect,NastyPlot|Modest|||||50|]Garchomp||LifeOrb|RoughSkin|Earthquake,DragonClaw,RockSlide,Protect|Jolly||F|||50|]Charizard||CharizarditeY|Blaze|HeatWave,WeatherBall,SolarBeam,Protect|Modest||M|||50|]Basculegion||ChoiceScarf|Adaptability|WaveCrash,LastRespects,AquaJet,FlipTurn|Jolly||M|||50|]Incineroar||SitrusBerry|Intimidate|PartingShot,ThroatChop,FlareBlitz,FakeOut|Impish||F|||50|
|
|t:|1782217858
|teamsize|p1|4
|teamsize|p2|4
|start
|switch|p1a: Volcarona|Volcarona, L50, F|100/100
|switch|p1b: Garchomp|Garchomp, L50, M|100/100
|switch|p2a: Charizard|Charizard, L50, M|100/100
|switch|p2b: Incineroar|Incineroar, L50, F|100/100
|-ability|p2b: Incineroar|Intimidate|boost
|-unboost|p1a: Volcarona|atk|1
|-unboost|p1b: Garchomp|atk|1
|turn|1
|
|t:|1782217887
|detailschange|p2a: Charizard|Charizard-Mega-Y, L50, M
|-mega|p2a: Charizard|Charizard|Charizardite Y
|-weather|SunnyDay|[from] ability: Drought|[of] p2a: Charizard
|move|p2b: Incineroar|Fake Out|p1b: Garchomp
|-damage|p1b: Garchomp|91/100
|-damage|p2b: Incineroar|87/100|[from] ability: Rough Skin|[of] p1b: Garchomp
|cant|p1b: Garchomp|flinch
|move|p1a: Volcarona|Struggle Bug|p2b: Incineroar|[spread] p2a,p2b
|-resisted|p2a: Charizard|2
|-damage|p2a: Charizard|96/100
|-damage|p2b: Incineroar|72/100
|-unboost|p2a: Charizard|spa|1
|-unboost|p2b: Incineroar|spa|1
|move|p2a: Charizard|Heat Wave|p1a: Volcarona|[spread] p1b
|-miss|p2a: Charizard|p1a: Volcarona
|-resisted|p1b: Garchomp|1
|-damage|p1b: Garchomp|69/100
|
|-weather|SunnyDay|[upkeep]
|upkeep
|turn|2
|
|t:|1782217925
|switch|p1a: Staraptor|Staraptor, L50, M|100/100
|-ability|p1a: Staraptor|Intimidate|boost
|-unboost|p2a: Charizard|atk|1
|-unboost|p2b: Incineroar|atk|1
|switch|p2a: Basculegion|Basculegion, L50, M|100/100
|move|p1b: Garchomp|Earthquake|p2b: Incineroar|[spread] p2a,p2b
|-immune|p1a: Staraptor
|-supereffective|p2b: Incineroar|1
|-damage|p2a: Basculegion|64/100
|-damage|p2b: Incineroar|29/100
|-enditem|p2b: Incineroar|Sitrus Berry|[eat]
|-heal|p2b: Incineroar|53/100|[from] item: Sitrus Berry
|-damage|p1b: Garchomp|59/100|[from] item: Life Orb
|move|p2b: Incineroar|Flare Blitz|p1a: Staraptor
|-damage|p1a: Staraptor|40/100
|-status|p1a: Staraptor|brn
|-damage|p2b: Incineroar|35/100|[from] Recoil
|
|-weather|SunnyDay|[upkeep]
|-damage|p1a: Staraptor|34/100 brn|[from] brn
|upkeep
|turn|3
|
|t:|1782217981
|switch|p1b: Maushold|Maushold-Four, L50|100/100
|switch|p2b: Whimsicott|Whimsicott, L50, F|100/100
|detailschange|p1a: Staraptor|Staraptor-Mega, L50, M
|-mega|p1a: Staraptor|Staraptor|Staraptite
|move|p2a: Basculegion|Wave Crash|p1a: Staraptor
|-damage|p1a: Staraptor|8/100 brn
|-damage|p2a: Basculegion|55/100|[from] Recoil
|move|p1a: Staraptor|Roost|p1a: Staraptor
|-heal|p1a: Staraptor|58/100 brn
|-singleturn|p1a: Staraptor|move: Roost
|
|-weather|SunnyDay|[upkeep]
|-damage|p1a: Staraptor|52/100 brn|[from] brn
|upkeep
|turn|4
|
|t:|1782218032
|switch|p2a: Charizard|Charizard-Mega-Y, L50, M|96/100
|move|p2b: Whimsicott|Protect|p2b: Whimsicott
|-singleturn|p2b: Whimsicott|Protect
|move|p1b: Maushold|Follow Me|p1b: Maushold
|-singleturn|p1b: Maushold|move: Follow Me
|move|p1a: Staraptor|Close Combat|p2b: Whimsicott
|-activate|p2b: Whimsicott|move: Protect
|
|-weather|SunnyDay|[upkeep]
|-damage|p1a: Staraptor|46/100 brn|[from] brn
|upkeep
|turn|5
|
|t:|1782218080
|switch|p2b: Basculegion|Basculegion, L50, M|55/100
|move|p1b: Maushold|Super Fang|p2b: Basculegion
|-immune|p2b: Basculegion
|move|p1a: Staraptor|Roost|p1a: Staraptor
|-heal|p1a: Staraptor|96/100 brn
|-singleturn|p1a: Staraptor|move: Roost
|move|p2a: Charizard|Heat Wave|p1a: Staraptor|[spread] p1a,p1b
|-damage|p1a: Staraptor|48/100 brn
|-damage|p1b: Maushold|14/100
|-status|p1b: Maushold|brn
|
|-weather|none
|-damage|p1b: Maushold|8/100 brn|[from] brn
|-damage|p1a: Staraptor|43/100 brn|[from] brn
|upkeep
|turn|6
|
|t:|1782218108
|switch|p2a: Whimsicott|Whimsicott, L50, F|100/100
|move|p1b: Maushold|Follow Me|p1b: Maushold
|-singleturn|p1b: Maushold|move: Follow Me
|move|p2b: Basculegion|Wave Crash|p1b: Maushold
|-damage|p1b: Maushold|0 fnt
|faint|p1b: Maushold
|-damage|p2b: Basculegion|53/100|[from] Recoil
|move|p1a: Staraptor|Close Combat|p2a: Whimsicott
|-resisted|p2a: Whimsicott|1
|-crit|p2a: Whimsicott
|-damage|p2a: Whimsicott|68/100
|-boost|p1a: Staraptor|def|1
|-boost|p1a: Staraptor|spd|1
|
|-damage|p1a: Staraptor|37/100 brn|[from] brn
|upkeep
|
|t:|1782218124
|switch|p1b: Volcarona|Volcarona, L50, F|100/100
|turn|7
|
|t:|1782218173
|move|p1a: Staraptor|Protect|p1a: Staraptor
|-singleturn|p1a: Staraptor|Protect
|move|p2a: Whimsicott|Encore|p1a: Staraptor
|-activate|p1a: Staraptor|move: Protect
|move|p2b: Basculegion|Wave Crash|p1b: Volcarona
|-supereffective|p1b: Volcarona|1
|-damage|p1b: Volcarona|0 fnt
|-status|p2b: Basculegion|brn|[from] ability: Flame Body|[of] p1b: Volcarona
|faint|p1b: Volcarona
|-damage|p2b: Basculegion|23/100 brn|[from] Recoil
|
|-damage|p2b: Basculegion|17/100 brn|[from] brn
|-damage|p1a: Staraptor|31/100 brn|[from] brn
|upkeep
|
|t:|1782218182
|switch|p1b: Garchomp|Garchomp, L50, M|59/100
|turn|8
|
|t:|1782218207
|move|p2a: Whimsicott|Encore|p1a: Staraptor
|-start|p1a: Staraptor|Encore
|move|p1a: Staraptor|Protect||[still]
|-fail|p1a: Staraptor
|move|p2b: Basculegion|Wave Crash|p1b: Garchomp
|-damage|p1b: Garchomp|27/100
|-damage|p2b: Basculegion|5/100 brn|[from] ability: Rough Skin|[of] p1b: Garchomp
|-damage|p2b: Basculegion|0 fnt|[from] Recoil
|faint|p2b: Basculegion
|move|p1b: Garchomp|Rock Slide|p2a: Whimsicott
|-damage|p2a: Whimsicott|23/100
|-damage|p1b: Garchomp|17/100|[from] item: Life Orb
|
|-damage|p1a: Staraptor|25/100 brn|[from] brn
|upkeep
|
|t:|1782218212
|switch|p2b: Charizard|Charizard-Mega-Y, L50, M|96/100
|-weather|SunnyDay|[from] ability: Drought|[of] p2b: Charizard
|turn|9
|
|t:|1782218216
|move|p1a: Staraptor|Protect|p1a: Staraptor
|-singleturn|p1a: Staraptor|Protect
|move|p1b: Garchomp|Protect|p1b: Garchomp
|-singleturn|p1b: Garchomp|Protect
|move|p2a: Whimsicott|Moonblast|p1b: Garchomp
|-activate|p1b: Garchomp|move: Protect
|move|p2b: Charizard|Weather Ball|p1a: Staraptor
|-activate|p1a: Staraptor|move: Protect
|
|-weather|SunnyDay|[upkeep]
|-damage|p1a: Staraptor|19/100 brn|[from] brn
|upkeep
|turn|10
|
|t:|1782218230
|move|p1a: Staraptor|Protect||[still]
|-fail|p1a: Staraptor
|move|p1b: Garchomp|Protect||[still]
|-fail|p1b: Garchomp
|move|p2a: Whimsicott|Moonblast|p1b: Garchomp
|-supereffective|p1b: Garchomp|1
|-damage|p1b: Garchomp|0 fnt
|faint|p1b: Garchomp
|move|p2b: Charizard|Weather Ball|p1a: Staraptor
|-damage|p1a: Staraptor|0 fnt
|faint|p1a: Staraptor
|
|win|buggybrain
