|j|☆PlayzNSlayz
|j|☆pantalonesHat
|html|PlayzNSlayzpantalonesHat    
|uhtml|bestof|Game 1 of a best-of-3
|t:|1757107321
|gametype|doubles
|player|p1|PlayzNSlayz|backpacker|1059
|player|p2|pantalonesHat|swimmer-gen4dp|1056
|gen|9
|tier|[Gen 9] VGC 2025 Reg H (Bo3)
|rated|
|rule|Species Clause: Limit one of each Pokémon
|rule|Item Clause: Limit 1 of each item
|clearpoke
|poke|p1|Lilligant-Hisui, L50, F|
|poke|p1|Ursaluna, L50, F|
|poke|p1|Hatterene, L50, F|
|poke|p1|Indeedee-F, L50, F|
|poke|p1|Gallade, L50, M|
|poke|p1|Torkoal, L50, F|
|poke|p2|Archaludon, L50, F|
|poke|p2|Gholdengo, L50|
|poke|p2|Incineroar, L50, M|
|poke|p2|Overqwil, L50, M|
|poke|p2|Pelipper, L50, M|
|poke|p2|Amoonguss, L50, F|
|teampreview|4
|showteam|p1|Lilligant-Hisui||FocusSash|Chlorophyll|SolarBlade,CloseCombat,SleepPowder,AfterYou|||F|||50|,,,,,Ghost]Ursaluna||FlameOrb|Guts|Facade,HeadlongRush,Earthquake,Protect|||F|||50|,,,,,Ghost]Hatterene||LifeOrb|MagicBounce|ExpandingForce,DazzlingGleam,TeraBlast,TrickRoom|||F|||50|,,,,,Fire]Indeedee-F||PsychicSeed|PsychicSurge|FollowMe,HelpingHand,TrickRoom,Psyshock|||F|||50|,,,,,Water]Gallade||ClearAmulet|Sharpness|SacredSword,PsychoCut,WideGuard,TrickRoom|||M|||50|,,,,,Grass]Torkoal||ChoiceSpecs|Drought|Eruption,HeatWave,WeatherBall,EarthPower|||F|||50|,,,,,Fire
|showteam|p2|Archaludon||AssaultVest|Stamina|BodyPress,DragonPulse,ElectroShot,FlashCannon|||F|||50|,,,,,Steel]Gholdengo||LifeOrb|GoodasGold|MakeItRain,ShadowBall,NastyPlot,Protect||||||50|,,,,,Water]Incineroar||SafetyGoggles|Intimidate|KnockOff,Taunt,PartingShot,FakeOut|||M|||50|,,,,,Fire]Overqwil||ClearAmulet|SwiftSwim|GunkShot,SwordsDance,AquaTail,Protect|||M|||50|,,,,,Water]Pelipper||CovertCloak|Drizzle|WeatherBall,Hurricane,Protect,Tailwind|||M|||50|,,,,,Ground]Amoonguss||MentalHerb|Regenerator|Spore,RagePowder,Protect,ClearSmog|||F|||50|,,,,,Water
|inactive|Battle timer is ON: inactive players will automatically lose when time's up. (requested by pantalonesHat)
|
|t:|1757107401
|teamsize|p1|4
|teamsize|p2|4
|start
|switch|p1a: Torkoal|Torkoal, L50, F|100/100
|switch|p1b: Gallade|Gallade, L50, M|100/100
|switch|p2a: Incineroar|Incineroar, L50, M|100/100
|switch|p2b: Gholdengo|Gholdengo, L50, shiny|100/100
|-ability|p2a: Incineroar|Intimidate|boost
|-unboost|p1a: Torkoal|atk|1
|-fail|p1b: Gallade|unboost|[from] item: Clear Amulet|[of] p1b: Gallade
|-weather|SunnyDay|[from] ability: Drought|[of] p1a: Torkoal
|turn|1
|inactive|pantalonesHat has 30 seconds left.
|
|t:|1757107432
|switch|p2b: Pelipper|Pelipper, L50, M|100/100
|-weather|RainDance|[from] ability: Drizzle|[of] p2b: Pelipper
|-terastallize|p1a: Torkoal|Fire
|move|p2a: Incineroar|Taunt|p1b: Gallade
|-start|p1b: Gallade|move: Taunt
|move|p1a: Torkoal|Eruption|p2a: Incineroar|[spread] p2a,p2b
|-resisted|p2a: Incineroar
|-resisted|p2b: Pelipper
|-damage|p2a: Incineroar|76/100
|-damage|p2b: Pelipper|67/100
|cant|p1b: Gallade|move: Taunt|Trick Room
|
|-weather|RainDance|[upkeep]
|upkeep
|turn|2
|
|t:|1757107449
|move|p2b: Pelipper|Tailwind|p2b: Pelipper
|-sidestart|p2: pantalonesHat|move: Tailwind
|move|p2a: Incineroar|Parting Shot|p1b: Gallade
|-fail|p1b: Gallade|unboost|[from] item: Clear Amulet|[of] p1b: Gallade
|move|p1b: Gallade|Sacred Sword|p2a: Incineroar
|-supereffective|p2a: Incineroar
|-damage|p2a: Incineroar|0 fnt
|faint|p2a: Incineroar
|move|p1a: Torkoal|Eruption|p2b: Pelipper
|-resisted|p2b: Pelipper
|-damage|p2b: Pelipper|24/100
|
|-weather|RainDance|[upkeep]
|upkeep
|
|t:|1757107462
|switch|p2a: Overqwil|Overqwil, L50, M, shiny|100/100
|turn|3
|inactive|PlayzNSlayz has 30 seconds left.
|inactive|PlayzNSlayz has 20 seconds left.
|inactive|PlayzNSlayz has 15 seconds left.
|inactive|PlayzNSlayz has 10 seconds left.
|inactive|PlayzNSlayz has 5 seconds left.
|
|t:|1757107517
|-terastallize|p2a: Overqwil|Water
|move|p2a: Overqwil|Aqua Tail|p1a: Torkoal
|-supereffective|p1a: Torkoal
|-damage|p1a: Torkoal|0 fnt
|faint|p1a: Torkoal
|move|p2b: Pelipper|Hurricane|p1b: Gallade
|-supereffective|p1b: Gallade
|-damage|p1b: Gallade|38/100
|move|p1b: Gallade|Sacred Sword|p2b: Pelipper
|-resisted|p2b: Pelipper
|-damage|p2b: Pelipper|0 fnt
|faint|p2b: Pelipper
|
|-weather|RainDance|[upkeep]
|-end|p1b: Gallade|move: Taunt
|upkeep
|inactive|PlayzNSlayz has 30 seconds left.
|inactive|PlayzNSlayz has 20 seconds left.
|
|t:|1757107556
|switch|p2b: Gholdengo|Gholdengo, L50, shiny|100/100
|switch|p1a: Hatterene|Hatterene, L50, F|100/100
|turn|4
|
|t:|1757107569
|move|p2a: Overqwil|Gunk Shot|p1a: Hatterene|[miss]
|-miss|p2a: Overqwil|p1a: Hatterene
|move|p2b: Gholdengo|Shadow Ball|p1b: Gallade
|-supereffective|p1b: Gallade
|-damage|p1b: Gallade|0 fnt
|faint|p1b: Gallade
|-damage|p2b: Gholdengo|91/100|[from] item: Life Orb
|move|p1a: Hatterene|Expanding Force|p2b: Gholdengo
|-resisted|p2b: Gholdengo
|-damage|p2b: Gholdengo|57/100
|-damage|p1a: Hatterene|91/100|[from] item: Life Orb
|
|-weather|RainDance|[upkeep]
|upkeep
|
|t:|1757107590
|switch|p1b: Ursaluna|Ursaluna, L50, F|100/100
|turn|5
|
|t:|1757107607
|move|p1b: Ursaluna|Protect|p1b: Ursaluna
|-singleturn|p1b: Ursaluna|Protect
|move|p2a: Overqwil|Aqua Tail|p1b: Ursaluna
|-activate|p1b: Ursaluna|move: Protect
|move|p2b: Gholdengo|Shadow Ball|p1a: Hatterene
|-supereffective|p1a: Hatterene
|-damage|p1a: Hatterene|0 fnt
|faint|p1a: Hatterene
|-damage|p2b: Gholdengo|47/100|[from] item: Life Orb
|
|-weather|none
|-sideend|p2: pantalonesHat|move: Tailwind
|-status|p1b: Ursaluna|brn|[from] item: Flame Orb
|upkeep
|turn|6
|inactive|pantalonesHat has 30 seconds left.
|
|t:|1757107634
|move|p2b: Gholdengo|Protect|p2b: Gholdengo
|-singleturn|p2b: Gholdengo|Protect
|move|p2a: Overqwil|Aqua Tail|p1b: Ursaluna
|-supereffective|p1b: Ursaluna
|-damage|p1b: Ursaluna|35/100 brn
|move|p1b: Ursaluna|Facade|p2a: Overqwil
|-damage|p2a: Overqwil|0 fnt
|faint|p2a: Overqwil
|
|-damage|p1b: Ursaluna|29/100 brn|[from] brn
|upkeep
|turn|7
|
|t:|1757107648
|move|p1b: Ursaluna|Protect|p1b: Ursaluna
|-singleturn|p1b: Ursaluna|Protect
|move|p2b: Gholdengo|Make It Rain|p1b: Ursaluna
|-activate|p1b: Ursaluna|move: Protect
|
|-damage|p1b: Ursaluna|23/100 brn|[from] brn
|upkeep
|turn|8
|
|t:|1757107664
|move|p2b: Gholdengo|Protect|p2b: Gholdengo
|-singleturn|p2b: Gholdengo|Protect
|move|p1b: Ursaluna|Facade|p2b: Gholdengo
|-activate|p2b: Gholdengo|move: Protect
|
|-damage|p1b: Ursaluna|17/100 brn|[from] brn
|upkeep
|turn|9
|
|t:|1757107674
|move|p2b: Gholdengo|Make It Rain|p1b: Ursaluna
|-damage|p1b: Ursaluna|0 fnt
|-unboost|p2b: Gholdengo|spa|1
|faint|p1b: Ursaluna
|-damage|p2b: Gholdengo|37/100|[from] item: Life Orb
|
|win|pantalonesHat
||pantalonesHat is ready for game 2.
|inactive|PlayzNSlayz has 30 seconds to confirm battle start!
|raw|PlayzNSlayz's rating: 1059 → 1040(-19 for losing)
|raw|pantalonesHat's rating: 1056 → 1088(+32 for winning)
|l|☆PlayzNSlayz
|player|p1|
