|j|☆Phix_X
|j|☆boonanar
|html|Phix_Xboonanar    
|uhtml|bestof|Game 2 of a best-of-3
|t:|1783775738
|gametype|doubles
|player|p1|Phix_X|raihan|
|player|p2|boonanar|birdkeeper-gen4dp|
|gen|9
|tier|[Gen 9 Champions] VGC 2026 Reg M-B (Bo3)
|rule|Species Clause: Limit one of each Pokémon
|rule|Item Clause: Limit 1 of each item
|clearpoke
|poke|p1|Staraptor, L50, M|
|poke|p1|Grimmsnarl, L50, M|
|poke|p1|Kingambit, L50, M|
|poke|p1|Glimmora, L50, F|
|poke|p1|Basculegion, L50, M|
|poke|p1|Whimsicott, L50, F|
|poke|p2|Venusaur, L50, M|
|poke|p2|Grimmsnarl, L50, M|
|poke|p2|Pelipper, L50, F|
|poke|p2|Archaludon, L50, F|
|poke|p2|Swampert, L50, M|
|poke|p2|Hydreigon, L50, M|
|teampreview|4
|showteam|p1|Staraptor||Staraptite|Intimidate|BraveBird,CloseCombat,Protect,Roost|Jolly||M|||50|]Grimmsnarl||LightClay|Prankster|SpiritBreak,LightScreen,Reflect,FakeOut|Adamant||M|||50|]Kingambit||BlackGlasses|Defiant|KowtowCleave,SuckerPunch,SwordsDance,Protect|Adamant||M|||50|]Glimmora||FocusSash|ToxicDebris|SludgeBomb,PowerGem,SpikyShield,EarthPower|Timid||F|||50|]Basculegion||ChoiceScarf|Adaptability|LastRespects,AquaJet,WaveCrash,FlipTurn|Jolly||M|||50|]Whimsicott||FairyFeather|Prankster|Moonblast,Charm,Encore,Tailwind|Timid||F|||50|
|showteam|p2|Venusaur||Venusaurite|Chlorophyll|SludgeBomb,EarthPower,GigaDrain,Protect|Modest||M|||50|]Grimmsnarl||LightClay|Prankster|SpiritBreak,Reflect,LightScreen,Swagger|Careful||M|||50|]Pelipper||SitrusBerry|Drizzle|WideGuard,WeatherBall,Hurricane,Tailwind|Modest||F|||50|]Archaludon||Leftovers|Stamina|ElectroShot,DragonPulse,FlashCannon,Protect|Modest||F|||50|]Swampert||Swampertite|Torrent|WaveCrash,Earthquake,IcePunch,Protect|Adamant||M|||50|]Hydreigon||ChoiceScarf|Levitate|DarkPulse,Snarl,DracoMeteor,Uturn|Timid||M|||50|
|inactive|Battle timer is ON: inactive players will automatically lose when time's up. (requested by boonanar)
|inactive|Phix_X also wants the timer to be on.
|c|☆boonanar|Gr
|inactive|boonanar has 60 seconds left.
|inactive|boonanar has 30 seconds left.
|inactive|boonanar has 20 seconds left.
|inactive|boonanar has 15 seconds left.
|inactive|boonanar has 10 seconds left.
|inactive|boonanar has 5 seconds left.
|
|t:|1783775825
|teamsize|p1|4
|teamsize|p2|4
|start
|switch|p1a: Staraptor|Staraptor, L50, M|100/100
|switch|p1b: Whimsicott|Whimsicott, L50, F|100/100
|switch|p2a: Hydreigon|Hydreigon, L50, M|100/100
|switch|p2b: Pelipper|Pelipper, L50, F|100/100
|-ability|p1a: Staraptor|Intimidate|boost
|-unboost|p2a: Hydreigon|atk|1
|-unboost|p2b: Pelipper|atk|1
|-weather|RainDance|[from] ability: Drizzle|[of] p2b: Pelipper
|turn|1
|
|t:|1783775847
|switch|p2a: Grimmsnarl|Grimmsnarl, L50, M|100/100
|detailschange|p1a: Staraptor|Staraptor-Mega, L50, M
|-mega|p1a: Staraptor|Staraptor|Staraptite
|move|p1b: Whimsicott|Moonblast|p2a: Grimmsnarl
|-supereffective|p2a: Grimmsnarl|1
|-damage|p2a: Grimmsnarl|24/100
|move|p1a: Staraptor|Close Combat|p2a: Grimmsnarl
|-damage|p2a: Grimmsnarl|0 fnt
|-boost|p1a: Staraptor|def|1
|-boost|p1a: Staraptor|spd|1
|faint|p2a: Grimmsnarl
|move|p2b: Pelipper|Hurricane|p1a: Staraptor
|-supereffective|p1a: Staraptor|1
|-damage|p1a: Staraptor|35/100
|
|-weather|RainDance|[upkeep]
|upkeep
|
|t:|1783775859
|switch|p2a: Swampert|Swampert, L50, M|100/100
|turn|2
|
|t:|1783775872
|switch|p1a: Glimmora|Glimmora, L50, F|100/100
|detailschange|p2a: Swampert|Swampert-Mega, L50, M
|-mega|p2a: Swampert|Swampert|Swampertite
|move|p1b: Whimsicott|Charm|p2a: Swampert
|-unboost|p2a: Swampert|atk|2
|move|p2a: Swampert|Wave Crash|p1a: Glimmora
|-supereffective|p1a: Glimmora|1
|-enditem|p1a: Glimmora|Focus Sash
|-damage|p1a: Glimmora|1/100
|-activate|p1a: Glimmora|ability: Toxic Debris
|-sidestart|p2: boonanar|move: Toxic Spikes
|-damage|p2a: Swampert|71/100|[from] Recoil
|move|p2b: Pelipper|Hurricane|p1a: Glimmora
|-resisted|p1a: Glimmora|1
|-damage|p1a: Glimmora|0 fnt
|faint|p1a: Glimmora
|
|-weather|RainDance|[upkeep]
|upkeep
|
|t:|1783775890
|switch|p1a: Basculegion|Basculegion, L50, M|100/100
|turn|3
|
|t:|1783775896
|move|p1b: Whimsicott|Tailwind|p1b: Whimsicott
|-sidestart|p1: Phix_X|move: Tailwind
|move|p1a: Basculegion|Last Respects|p2a: Swampert
|-damage|p2a: Swampert|9/100
|move|p2a: Swampert|Ice Punch|p1b: Whimsicott
|-supereffective|p1b: Whimsicott|1
|-damage|p1b: Whimsicott|48/100
|-status|p1b: Whimsicott|frz
|move|p2b: Pelipper|Tailwind|p2b: Pelipper
|-sidestart|p2: boonanar|move: Tailwind
|
|-weather|RainDance|[upkeep]
|upkeep
|turn|4
|
|t:|1783775908
|move|p2a: Swampert|Protect|p2a: Swampert
|-singleturn|p2a: Swampert|Protect
|cant|p1b: Whimsicott|frz
|move|p1a: Basculegion|Last Respects|p2a: Swampert
|-activate|p2a: Swampert|move: Protect
|move|p2b: Pelipper|Hurricane|p1b: Whimsicott
|-supereffective|p1b: Whimsicott|1
|-damage|p1b: Whimsicott|0 fnt
|faint|p1b: Whimsicott
|
|-weather|RainDance|[upkeep]
|upkeep
|
|t:|1783775914
|switch|p1b: Staraptor|Staraptor-Mega, L50, M|35/100
|turn|5
|inactive|boonanar has 30 seconds left.
|inactive|boonanar has 20 seconds left.
|inactive|boonanar has 15 seconds left.
|
|t:|1783775961
|move|p2a: Swampert|Wave Crash|p1b: Staraptor
|-damage|p1b: Staraptor|0 fnt
|faint|p1b: Staraptor
|-damage|p2a: Swampert|0 fnt|[from] Recoil
|faint|p2a: Swampert
|move|p1a: Basculegion|Last Respects|p2b: Pelipper
|-damage|p2b: Pelipper|0 fnt
|faint|p2b: Pelipper
|
|-weather|none
|upkeep
|
|t:|1783775965
|switch|p2b: Hydreigon|Hydreigon, L50, M|100/100
|turn|6
|
|t:|1783775974
|move|p2b: Hydreigon|Dark Pulse|p1a: Basculegion
|-supereffective|p1a: Basculegion|1
|-damage|p1a: Basculegion|10/100
|move|p1a: Basculegion|Last Respects|p2b: Hydreigon
|-resisted|p2b: Hydreigon|1
|-damage|p2b: Hydreigon|23/100
|
|-sideend|p2: boonanar|move: Tailwind
|-sideend|p1: Phix_X|move: Tailwind
|upkeep
|turn|7
|
|t:|1783775982
|move|p2b: Hydreigon|Dark Pulse|p1a: Basculegion
|-supereffective|p1a: Basculegion|1
|-damage|p1a: Basculegion|0 fnt
|faint|p1a: Basculegion
|
|win|boonanar
||Phix_X is ready for game 3.
|l|☆Phix_X
|player|p1|
|inactive|boonanar has 30 seconds to confirm battle start!
|inactive|boonanar has 20 seconds to confirm battle start!
||boonanar is ready for game 3.
|uhtml|next|Next: Game 3 of 3
|j|☆Phix_X
|player|p1|Phix_X|raihan|
|j| YamperIsTheBest
|l| YamperIsTheBest
|l|☆Phix_X
|player|p1|
