|j|☆RillaZardCJM
|j|☆HumanPlaysVGC
|html|RillaZardCJMHumanPlaysVGC    
|uhtml|bestof|Game 1 of a best-of-3
|t:|1756555121
|gametype|doubles
|player|p1|RillaZardCJM|byron|
|player|p2|HumanPlaysVGC|n-masters3|
|gen|9
|tier|[Gen 9] VGC 2025 Reg H (Bo3)
|rule|Species Clause: Limit one of each Pokémon
|rule|Item Clause: Limit 1 of each item
|clearpoke
|poke|p1|Incineroar, L50, F|
|poke|p1|Sneasler, L50, F|
|poke|p1|Ursaluna-Bloodmoon, L50, M|
|poke|p1|Rillaboom, L50, M|
|poke|p1|Gholdengo, L50|
|poke|p1|Indeedee, L50, M|
|poke|p2|Weezing-Galar, L50, F|
|poke|p2|Toedscruel, L50, M|
|poke|p2|Corviknight, L50, F|
|poke|p2|Incineroar, L50, F|
|poke|p2|Garchomp, L50, F|
|poke|p2|Indeedee, L50, M|
|teampreview|4
|showteam|p1|Incineroar||SafetyGoggles|Intimidate|KnockOff,FakeOut,FlareBlitz,PartingShot|||F|||50|,,,,,Ghost]Sneasler||GrassySeed|Unburden|Acrobatics,DireClaw,Protect,CloseCombat|||F|||50|,,,,,Flying]Ursaluna-Bloodmoon||RoomService|MindsEye|BloodMoon,HyperVoice,EarthPower,Protect|||M|||50|,,,,,Normal]Rillaboom||AssaultVest|GrassySurge|FakeOut,WoodHammer,GrassyGlide,Uturn|||M|||50|,,,,,Fire]Gholdengo||LifeOrb|GoodasGold|ShadowBall,MakeItRain,NastyPlot,TeraBlast||||||50|,,,,,Water]Indeedee||FocusSash|PsychicSurge|Imprison,ExpandingForce,Protect,TrickRoom|||M|||50|,,,,,Psychic
|showteam|p2|Weezing-Galar||SitrusBerry|NeutralizingGas|DazzlingGleam,SludgeBomb,Protect,Taunt|||F|||50|,,,,,Grass]Toedscruel||CovertCloak|MyceliumMight|Spore,RagePowder,EarthPower,AcidSpray|||M|||50|,,,,,Water]Corviknight||RockyHelmet|MirrorArmor|Tailwind,BraveBird,Protect,Roost|||F|||50|,,,,,Dragon]Incineroar||AbilityShield|Intimidate|FakeOut,KnockOff,PartingShot,Taunt|||F|||50|,,,,,Ghost]Garchomp||LifeOrb|RoughSkin|DragonClaw,Earthquake,Protect,StompingTantrum|||F|||50|,,,,,Ground]Indeedee||FocusSash|PsychicSurge|ExpandingForce,DazzlingGleam,Protect,TrickRoom|||M|||50|,,,,,Psychic
|
|t:|1756555196
|teamsize|p1|4
|teamsize|p2|4
|start
|switch|p1a: Incineroar|Incineroar, L50, F|100/100
|switch|p1b: Rillaboom|Rillaboom, L50, M|100/100
|switch|p2a: Indeedee|Indeedee, L50, M|100/100
|switch|p2b: Garchomp|Garchomp, L50, F|100/100
|-fieldstart|move: Psychic Terrain|[from] ability: Psychic Surge|[of] p2a: Indeedee
|-fieldstart|move: Grassy Terrain|[from] ability: Grassy Surge|[of] p1b: Rillaboom
|-ability|p1a: Incineroar|Intimidate|boost
|-unboost|p2a: Indeedee|atk|1
|-unboost|p2b: Garchomp|atk|1
|turn|1
|
|t:|1756555254
|switch|p2b: Corviknight|Corviknight, L50, F|100/100
|move|p2a: Indeedee|Protect|p2a: Indeedee
|-singleturn|p2a: Indeedee|Protect
|move|p1b: Rillaboom|Wood Hammer|p2b: Corviknight
|-resisted|p2b: Corviknight
|-damage|p2b: Corviknight|82/100
|-damage|p1b: Rillaboom|84/100|[from] item: Rocky Helmet|[of] p2b: Corviknight
|-damage|p1b: Rillaboom|76/100|[from] Recoil
|move|p1a: Incineroar|Knock Off|p2a: Indeedee
|-activate|p2a: Indeedee|move: Protect
|
|-heal|p1b: Rillaboom|82/100|[from] Grassy Terrain
|upkeep
|turn|2
|
|t:|1756555316
|switch|p2a: Weezing|Weezing-Galar, L50, F|100/100
|-ability|p2a: Weezing|Neutralizing Gas
|switch|p1b: Gholdengo|Gholdengo, L50|100/100
|-terastallize|p2b: Corviknight|Dragon
|move|p2b: Corviknight|Tailwind|p2b: Corviknight
|-sidestart|p2: HumanPlaysVGC|move: Tailwind
|move|p1a: Incineroar|Knock Off|p2a: Weezing
|-resisted|p2a: Weezing
|-damage|p2a: Weezing|82/100
|-enditem|p2a: Weezing|Sitrus Berry|[from] move: Knock Off|[of] p1a: Incineroar
|
|-heal|p2b: Corviknight|88/100|[from] Grassy Terrain
|-heal|p2a: Weezing|88/100|[from] Grassy Terrain
|upkeep
|turn|3
|
|t:|1756555355
|-end|p2a: Weezing|ability: Neutralizing Gas
|-ability|p1a: Incineroar|Intimidate|boost
|-unboost|p2a: Weezing|atk|1
|-ability|p2b: Corviknight|Mirror Armor
|-unboost|p1a: Incineroar|atk|1
|switch|p2a: Garchomp|Garchomp, L50, F|100/100
|move|p2b: Corviknight|Brave Bird|p1a: Incineroar
|-damage|p1a: Incineroar|60/100
|-damage|p2b: Corviknight|75/100|[from] Recoil
|move|p1b: Gholdengo|Nasty Plot|p1b: Gholdengo
|-boost|p1b: Gholdengo|spa|2
|move|p1a: Incineroar|Flare Blitz|p2a: Garchomp
|-resisted|p2a: Garchomp
|-damage|p2a: Garchomp|81/100
|-damage|p1a: Incineroar|48/100|[from] ability: Rough Skin|[of] p2a: Garchomp
|-damage|p1a: Incineroar|42/100|[from] Recoil
|
|-heal|p2a: Garchomp|87/100|[from] Grassy Terrain
|-heal|p2b: Corviknight|81/100|[from] Grassy Terrain
|-heal|p1a: Incineroar|48/100|[from] Grassy Terrain
|upkeep
|turn|4
|
|t:|1756555386
|move|p2a: Garchomp|Earthquake|p1a: Incineroar|[spread] p2b,p1a,p1b
|-supereffective|p1a: Incineroar
|-supereffective|p1b: Gholdengo
|-damage|p2b: Corviknight|60/100
|-damage|p1a: Incineroar|0 fnt
|-damage|p1b: Gholdengo|41/100
|faint|p1a: Incineroar
|-damage|p2a: Garchomp|78/100|[from] item: Life Orb
|move|p2b: Corviknight|Brave Bird|p1b: Gholdengo
|-resisted|p1b: Gholdengo
|-damage|p1b: Gholdengo|19/100
|-damage|p2b: Corviknight|54/100|[from] Recoil
|move|p1b: Gholdengo|Make It Rain|p2b: Corviknight|[spread] p2a,p2b
|-crit|p2b: Corviknight
|-damage|p2a: Garchomp|0 fnt
|-damage|p2b: Corviknight|0 fnt
|-unboost|p1b: Gholdengo|spa|1
|faint|p2a: Garchomp
|faint|p2b: Corviknight
|-damage|p1b: Gholdengo|9/100|[from] item: Life Orb
|
|-heal|p1b: Gholdengo|15/100|[from] Grassy Terrain
|upkeep
|
|t:|1756555407
|switch|p2a: Weezing|Weezing-Galar, L50, F|88/100
|switch|p2b: Indeedee|Indeedee, L50, M|100/100
|switch|p1a: Ursaluna|Ursaluna-Bloodmoon, L50, M|100/100
|-ability|p2a: Weezing|Neutralizing Gas
|turn|5
|
|t:|1756555439
|move|p2a: Weezing|Protect|p2a: Weezing
|-singleturn|p2a: Weezing|Protect
|move|p2b: Indeedee|Dazzling Gleam|p1a: Ursaluna|[spread] p1a,p1b
|-resisted|p1b: Gholdengo
|-damage|p1a: Ursaluna|79/100
|-damage|p1b: Gholdengo|4/100
|move|p1b: Gholdengo|Make It Rain|p2a: Weezing|[spread] p2b
|-activate|p2a: Weezing|move: Protect
|-enditem|p2b: Indeedee|Focus Sash
|-damage|p2b: Indeedee|1/100
|-unboost|p1b: Gholdengo|spa|1
|-damage|p1b: Gholdengo|0 fnt|[from] item: Life Orb
|faint|p1b: Gholdengo
|move|p1a: Ursaluna|Earth Power|p2a: Weezing
|-activate|p2a: Weezing|move: Protect
|
|-heal|p2b: Indeedee|7/100|[from] Grassy Terrain
|-heal|p2a: Weezing|94/100|[from] Grassy Terrain
|-heal|p1a: Ursaluna|85/100|[from] Grassy Terrain
|-sideend|p2: HumanPlaysVGC|move: Tailwind
|-fieldend|move: Grassy Terrain
|upkeep
|
|t:|1756555458
|switch|p1b: Rillaboom|Rillaboom, L50, M|82/100
|turn|6
|
|t:|1756555468
|move|p2b: Indeedee|Protect|p2b: Indeedee
|-singleturn|p2b: Indeedee|Protect
|move|p1b: Rillaboom|Fake Out|p2b: Indeedee
|-activate|p2b: Indeedee|move: Protect
|move|p2a: Weezing|Sludge Bomb|p1b: Rillaboom
|-supereffective|p1b: Rillaboom
|-damage|p1b: Rillaboom|33/100
|move|p1a: Ursaluna|Earth Power|p2a: Weezing
|-supereffective|p2a: Weezing
|-damage|p2a: Weezing|0 fnt
|faint|p2a: Weezing
|-end|p2a: Weezing|ability: Neutralizing Gas
|-fieldstart|move: Psychic Terrain|[from] ability: Psychic Surge|[of] p2b: Indeedee
|-fieldstart|move: Grassy Terrain|[from] ability: Grassy Surge|[of] p1b: Rillaboom
|
|-heal|p2b: Indeedee|13/100|[from] Grassy Terrain
|-heal|p1b: Rillaboom|39/100|[from] Grassy Terrain
|-heal|p1a: Ursaluna|90/100|[from] Grassy Terrain
|upkeep
|turn|7
|
|t:|1756555488
|move|p1b: Rillaboom|Grassy Glide|p2b: Indeedee
|-damage|p2b: Indeedee|0 fnt
|faint|p2b: Indeedee
|
|win|RillaZardCJM
||RillaZardCJM is ready for game 2.
