|j|☆dambro222
|j|☆IshtarVGC26
|html|dambro222IshtarVGC26    
|uhtml|bestof|Game 2 of a best-of-3
|t:|1756799656
|gametype|doubles
|player|p1|dambro222|ethan|1205
|player|p2|IshtarVGC26|juan|1295
|gen|9
|tier|[Gen 9] VGC 2025 Reg H (Bo3)
|rated|
|rule|Species Clause: Limit one of each Pokémon
|rule|Item Clause: Limit 1 of each item
|clearpoke
|poke|p1|Dragonite, L50, M|
|poke|p1|Volcarona, L50, F|
|poke|p1|Sneasler, L50, M|
|poke|p1|Rillaboom, L50, M|
|poke|p1|Electabuzz, L50, M|
|poke|p1|Kingambit, L50, M|
|poke|p2|Tyranitar, L50, M|
|poke|p2|Excadrill, L50, M|
|poke|p2|Sinistcha-Masterpiece, L50|
|poke|p2|Primarina, L50, F|
|poke|p2|Volcarona, L50, M|
|poke|p2|Braviary, L50, M|
|teampreview|4
|showteam|p1|Dragonite||LoadedDice|Multiscale|ScaleShot,ExtremeSpeed,Haze,Protect|||M|||50|,,,,,Fairy]Volcarona||CovertCloak|FlameBody|HeatWave,TeraBlast,QuiverDance,Protect|||F|||50|,,,,,Fairy]Sneasler||FocusSash|Unburden|CloseCombat,DireClaw,RockSlide,Protect|||M|||50|,,,,,Stellar]Rillaboom||AssaultVest|GrassySurge|WoodHammer,GrassyGlide,HighHorsepower,FakeOut|||M|||50|,,,,,Water]Electabuzz||Eviolite|VitalSpirit|Electroweb,FollowMe,Taunt,Protect|||M|||50|,,,,,Ghost]Kingambit||BlackGlasses|Defiant|KowtowCleave,SuckerPunch,SwordsDance,Protect|||M|||50|,,,,,Dark
|showteam|p2|Tyranitar||AssaultVest|SandStream|RockSlide,KnockOff,TeraBlast,BrickBreak|||M|||50|,,,,,Flying]Excadrill||FocusSash|SandRush|Protect,DrillRun,Earthquake,IronHead|||M|||50|,,,,,Dragon]Sinistcha-Masterpiece||RockyHelmet|Hospitality|LifeDew,RagePowder,MatchaGotcha,TrickRoom||||||50|,,,,,Water]Primarina||ThroatSpray|LiquidVoice|Protect,HyperVoice,Moonblast,Haze|||F|||50|,,,,,Water]Volcarona||SitrusBerry|FlameBody|Protect,FieryDance,GigaDrain,QuiverDance|||M|||50|,,,,,Dragon]Braviary||SafetyGoggles|Defiant|Protect,BraveBird,CloseCombat,Tailwind|||M|||50|,,,,,Ghost
|inactive|Battle timer is ON: inactive players will automatically lose when time's up. (requested by dambro222)
|j| Auragap
|inactive|dambro222 has 60 seconds left.
|inactive|IshtarVGC26 has 60 seconds left.
|
|t:|1756799707
|teamsize|p1|4
|teamsize|p2|4
|start
|switch|p1a: Volcarona|Volcarona, L50, F|100/100
|switch|p1b: Rillaboom|Rillaboom, L50, M|100/100
|switch|p2a: Tyranitar|Tyranitar, L50, M|100/100
|switch|p2b: Excadrill|Excadrill, L50, M, shiny|100/100
|-fieldstart|move: Grassy Terrain|[from] ability: Grassy Surge|[of] p1b: Rillaboom
|-weather|Sandstorm|[from] ability: Sand Stream|[of] p2a: Tyranitar
|turn|1
|
|t:|1756799730
|-terastallize|p2a: Tyranitar|Flying
|move|p1b: Rillaboom|Fake Out|p2a: Tyranitar
|-damage|p2a: Tyranitar|85/100
|move|p2b: Excadrill|Drill Run|p1a: Volcarona
|-crit|p1a: Volcarona
|-damage|p1a: Volcarona|8/100
|move|p1a: Volcarona|Heat Wave|p2b: Excadrill|[spread] p2a,p2b
|-supereffective|p2b: Excadrill
|-damage|p2a: Tyranitar|61/100
|-damage|p2b: Excadrill|12/100
|cant|p2a: Tyranitar|flinch
|
|-weather|Sandstorm|[upkeep]
|-damage|p1a: Volcarona|2/100|[from] Sandstorm
|-damage|p1b: Rillaboom|94/100|[from] Sandstorm
|-damage|p2a: Tyranitar|55/100|[from] Sandstorm
|-heal|p2b: Excadrill|18/100|[from] Grassy Terrain
|-heal|p1a: Volcarona|8/100|[from] Grassy Terrain
|-heal|p1b: Rillaboom|100/100|[from] Grassy Terrain
|upkeep
|turn|2
|inactive|dambro222 has 30 seconds left.
|
|t:|1756799758
|switch|p2b: Sinistcha|Sinistcha-Masterpiece, L50|100/100
|-heal|p2a: Tyranitar|80/100|[from] ability: Hospitality|[of] p2b: Sinistcha
|switch|p1b: Electabuzz|Electabuzz, L50, M|100/100
|move|p1a: Volcarona|Protect|p1a: Volcarona
|-singleturn|p1a: Volcarona|Protect
|move|p2a: Tyranitar|Rock Slide|p1b: Electabuzz|[spread] p1b
|-activate|p1a: Volcarona|move: Protect
|-damage|p1b: Electabuzz|74/100
|
|-weather|Sandstorm|[upkeep]
|-damage|p1a: Volcarona|2/100|[from] Sandstorm
|-damage|p1b: Electabuzz|68/100|[from] Sandstorm
|-damage|p2a: Tyranitar|74/100|[from] Sandstorm
|-damage|p2b: Sinistcha|94/100|[from] Sandstorm
|-heal|p1a: Volcarona|8/100|[from] Grassy Terrain
|-heal|p1b: Electabuzz|74/100|[from] Grassy Terrain
|-heal|p2b: Sinistcha|100/100|[from] Grassy Terrain
|upkeep
|turn|3
|
|t:|1756799778
|switch|p1a: Rillaboom|Rillaboom, L50, M|100/100
|switch|p2b: Primarina|Primarina, L50, F|100/100
|move|p1b: Electabuzz|Electroweb|p2a: Tyranitar|[spread] p2a,p2b
|-supereffective|p2a: Tyranitar
|-crit|p2a: Tyranitar
|-supereffective|p2b: Primarina
|-damage|p2a: Tyranitar|45/100
|-damage|p2b: Primarina|76/100
|-unboost|p2a: Tyranitar|spe|1
|-unboost|p2b: Primarina|spe|1
|move|p2a: Tyranitar|Rock Slide|p1b: Electabuzz|[spread] p1a
|-miss|p2a: Tyranitar|p1b: Electabuzz
|-damage|p1a: Rillaboom|66/100
|
|-weather|Sandstorm|[upkeep]
|-damage|p1b: Electabuzz|68/100|[from] Sandstorm
|-damage|p1a: Rillaboom|60/100|[from] Sandstorm
|-damage|p2a: Tyranitar|39/100|[from] Sandstorm
|-damage|p2b: Primarina|70/100|[from] Sandstorm
|-heal|p1b: Electabuzz|74/100|[from] Grassy Terrain
|-heal|p1a: Rillaboom|66/100|[from] Grassy Terrain
|-heal|p2b: Primarina|76/100|[from] Grassy Terrain
|upkeep
|turn|4
|
|t:|1756799800
|switch|p2b: Sinistcha|Sinistcha-Masterpiece, L50|100/100
|-heal|p2a: Tyranitar|64/100|[from] ability: Hospitality|[of] p2b: Sinistcha
|move|p1a: Rillaboom|Fake Out|p2a: Tyranitar
|-damage|p2a: Tyranitar|51/100
|move|p1b: Electabuzz|Electroweb|p2b: Sinistcha|[spread] p2a,p2b
|-supereffective|p2a: Tyranitar
|-resisted|p2b: Sinistcha
|-damage|p2a: Tyranitar|31/100
|-damage|p2b: Sinistcha|94/100
|-unboost|p2a: Tyranitar|spe|1
|-unboost|p2b: Sinistcha|spe|1
|cant|p2a: Tyranitar|flinch
|
|-weather|Sandstorm|[upkeep]
|-damage|p1b: Electabuzz|68/100|[from] Sandstorm
|-damage|p1a: Rillaboom|60/100|[from] Sandstorm
|-damage|p2b: Sinistcha|88/100|[from] Sandstorm
|-damage|p2a: Tyranitar|24/100|[from] Sandstorm
|-heal|p1b: Electabuzz|74/100|[from] Grassy Terrain
|-heal|p1a: Rillaboom|66/100|[from] Grassy Terrain
|-heal|p2b: Sinistcha|94/100|[from] Grassy Terrain
|upkeep
|turn|5
|inactive|dambro222 has 30 seconds left.
|inactive|IshtarVGC26 has 30 seconds left.
|inactive|dambro222 has 20 seconds left.
|
|t:|1756799839
|move|p1a: Rillaboom|Grassy Glide|p2a: Tyranitar
|-resisted|p2a: Tyranitar
|-damage|p2a: Tyranitar|7/100
|move|p1b: Electabuzz|Electroweb|p2a: Tyranitar|[spread] p2a,p2b
|-supereffective|p2a: Tyranitar
|-resisted|p2b: Sinistcha
|-damage|p2a: Tyranitar|0 fnt
|-damage|p2b: Sinistcha|88/100
|-unboost|p2b: Sinistcha|spe|1
|faint|p2a: Tyranitar
|move|p2b: Sinistcha|Matcha Gotcha|p1b: Electabuzz|[spread] p1a,p1b
|-resisted|p1a: Rillaboom
|-crit|p1a: Rillaboom
|-damage|p1a: Rillaboom|47/100
|-heal|p2b: Sinistcha|98/100|[from] drain|[of] p1a: Rillaboom
|-damage|p1b: Electabuzz|50/100
|-heal|p2b: Sinistcha|100/100|[from] drain|[of] p1b: Electabuzz
|
|-weather|none
|-heal|p1b: Electabuzz|56/100|[from] Grassy Terrain
|-heal|p1a: Rillaboom|54/100|[from] Grassy Terrain
|-fieldend|move: Grassy Terrain
|upkeep
|inactive|IshtarVGC26 has 30 seconds left.
|
|t:|1756799866
|switch|p2a: Primarina|Primarina, L50, F|76/100
|turn|6
|
|t:|1756799887
|move|p2a: Primarina|Protect|p2a: Primarina
|-singleturn|p2a: Primarina|Protect
|move|p1b: Electabuzz|Taunt|p2b: Sinistcha
|-start|p2b: Sinistcha|move: Taunt
|move|p1a: Rillaboom|Wood Hammer|p2a: Primarina
|-activate|p2a: Primarina|move: Protect
|move|p2b: Sinistcha|Matcha Gotcha|p1b: Electabuzz|[spread] p1a,p1b
|-resisted|p1a: Rillaboom
|-damage|p1a: Rillaboom|44/100
|-damage|p1b: Electabuzz|38/100
|
|upkeep
|turn|7
|
|t:|1756799902
|switch|p2a: Excadrill|Excadrill, L50, M, shiny|18/100
|move|p1b: Electabuzz|Electroweb|p2b: Sinistcha|[spread] p2b
|-immune|p2a: Excadrill
|-resisted|p2b: Sinistcha
|-damage|p2b: Sinistcha|94/100
|-unboost|p2b: Sinistcha|spe|1
|move|p1a: Rillaboom|Wood Hammer|p2a: Excadrill
|-damage|p2a: Excadrill|0 fnt
|faint|p2a: Excadrill
|-damage|p1a: Rillaboom|39/100|[from] Recoil
|move|p2b: Sinistcha|Matcha Gotcha|p1a: Rillaboom|[spread] p1a
|-miss|p2b: Sinistcha|p1b: Electabuzz
|-resisted|p1a: Rillaboom
|-damage|p1a: Rillaboom|30/100
|-heal|p2b: Sinistcha|99/100|[from] drain|[of] p1a: Rillaboom
|
|upkeep
|
|t:|1756799919
|switch|p2a: Primarina|Primarina, L50, F|76/100
|turn|8
|
|t:|1756799926
|move|p2a: Primarina|Protect|p2a: Primarina
|-singleturn|p2a: Primarina|Protect
|move|p1b: Electabuzz|Electroweb|p2b: Sinistcha|[spread] p2b
|-activate|p2a: Primarina|move: Protect
|-resisted|p2b: Sinistcha
|-damage|p2b: Sinistcha|93/100
|-unboost|p2b: Sinistcha|spe|1
|move|p1a: Rillaboom|Wood Hammer|p2a: Primarina
|-activate|p2a: Primarina|move: Protect
|move|p2b: Sinistcha|Matcha Gotcha|p1b: Electabuzz|[spread] p1a,p1b
|-resisted|p1a: Rillaboom
|-damage|p1a: Rillaboom|20/100
|-heal|p2b: Sinistcha|98/100|[from] drain|[of] p1a: Rillaboom
|-damage|p1b: Electabuzz|19/100
|-heal|p2b: Sinistcha|100/100|[from] drain|[of] p1b: Electabuzz
|-status|p1b: Electabuzz|brn
|
|-damage|p1b: Electabuzz|13/100 brn|[from] brn
|-end|p2b: Sinistcha|move: Taunt
|upkeep
|turn|9
|
|t:|1756799951
|move|p2a: Primarina|Protect||[still]
|-fail|p2a: Primarina
|move|p1b: Electabuzz|Electroweb|p2b: Sinistcha|[spread] p2a,p2b
|-supereffective|p2a: Primarina
|-resisted|p2b: Sinistcha
|-damage|p2a: Primarina|53/100
|-damage|p2b: Sinistcha|94/100
|-unboost|p2a: Primarina|spe|1
|-unboost|p2b: Sinistcha|spe|1
|move|p1a: Rillaboom|Wood Hammer|p2a: Primarina
|-supereffective|p2a: Primarina
|-damage|p2a: Primarina|0 fnt
|faint|p2a: Primarina
|-damage|p1a: Rillaboom|4/100|[from] Recoil
|move|p2b: Sinistcha|Matcha Gotcha|p1a: Rillaboom|[spread] p1a,p1b
|-resisted|p1a: Rillaboom
|-damage|p1a: Rillaboom|0 fnt
|-heal|p2b: Sinistcha|97/100|[from] drain|[of] p1a: Rillaboom
|-damage|p1b: Electabuzz|0 fnt
|-heal|p2b: Sinistcha|100/100|[from] drain|[of] p1b: Electabuzz
|faint|p1a: Rillaboom
|faint|p1b: Electabuzz
|
|upkeep
|
|t:|1756799968
|switch|p1b: Sneasler|Sneasler, L50, M|100/100
|switch|p1a: Volcarona|Volcarona, L50, F|8/100
|turn|10
|
|t:|1756799978
|-terastallize|p1b: Sneasler|Stellar
|move|p1b: Sneasler|Dire Claw|p2b: Sinistcha
|-damage|p2b: Sinistcha|54/100
|-damage|p1b: Sneasler|84/100|[from] item: Rocky Helmet|[of] p2b: Sinistcha
|move|p1a: Volcarona|Heat Wave|p2b: Sinistcha
|-supereffective|p2b: Sinistcha
|-crit|p2b: Sinistcha
|-damage|p2b: Sinistcha|0 fnt
|faint|p2b: Sinistcha
|
|win|dambro222
||dambro222 is ready for game 3.
|inactive|IshtarVGC26 has 30 seconds to confirm battle start!
||IshtarVGC26 is ready for game 3.
|uhtml|next|Next: Game 3 of 3
|l| Auragap
