|j|☆imonx6pace!
|j|☆blackstormgames
|html|imonx6pace!blackstormgames    
|uhtml|bestof|Game 3 of a best-of-3
|t:|1783046151
|gametype|doubles
|player|p1|imonx6pace!|rocketgrunt|1203
|player|p2|blackstormgames|lance|1319
|gen|9
|tier|[Gen 9 Champions] VGC 2026 Reg M-B (Bo3)
|rated|
|rule|Species Clause: Limit one of each Pokémon
|rule|Item Clause: Limit 1 of each item
|clearpoke
|poke|p1|Floette-Eternal, L50, F|
|poke|p1|Sinistcha, L50|
|poke|p1|Sneasler, L50, M|
|poke|p1|Basculegion, L50, M|
|poke|p1|Kingambit, L50, F|
|poke|p1|Talonflame, L50, M|
|poke|p2|Metagross, L50|
|poke|p2|Sneasler, L50, F|
|poke|p2|Whimsicott, L50, F|
|poke|p2|Garchomp, L50, M|
|poke|p2|Milotic, L50, F|
|poke|p2|Charizard, L50, F|
|teampreview|4
|showteam|p1|Floette-Eternal||Floettite|FlowerVeil|CalmMind,Moonblast,DazzlingGleam,Protect|Bold||F|||50|]Sinistcha||SitrusBerry|Hospitality|MatchaGotcha,RagePowder,LifeDew,TrickRoom|Calm|||||50|]Sneasler||WhiteHerb|Unburden|FakeOut,GunkShot,CloseCombat,Protect|Jolly||M|||50|]Basculegion||ChoiceScarf|Adaptability|FlipTurn,WaveCrash,AquaJet,LastRespects|Jolly||M|||50|]Kingambit||ChopleBerry|Defiant|KowtowCleave,SuckerPunch,IronHead,Protect|Adamant||F|||50|]Talonflame||FocusSash|GaleWings|Protect,Tailwind,DualWingbeat,FlareBlitz|Jolly||M|||50|
|showteam|p2|Metagross||Metagrossite|ClearBody|IronHead,PsychicFangs,BodyPress,Protect|Jolly|||||50|]Sneasler||FocusSash|PoisonTouch|FakeOut,GunkShot,CloseCombat,Coaching|Jolly||F|||50|]Whimsicott||OccaBerry|Prankster|Moonblast,Tailwind,Encore,Protect|Bold||F|||50|]Garchomp||LifeOrb|SandVeil|Earthquake,DragonClaw,RockSlide,Protect|Jolly||M|||50|]Milotic||Leftovers|Competitive|MuddyWater,Coil,Recover,Hypnosis|Bold||F|||50|]Charizard||CharizarditeY|Blaze|HeatWave,SolarBeam,Overheat,Protect|Modest||F|||50|
|
|t:|1783046179
|teamsize|p1|4
|teamsize|p2|4
|start
|switch|p1a: Basculegion|Basculegion, L50, M|100/100
|switch|p1b: Sinistcha|Sinistcha, L50|100/100
|switch|p2a: Charizard|Charizard, L50, F|100/100
|switch|p2b: Whimsicott|Whimsicott, L50, F|100/100
|turn|1
|inactive|Battle timer is ON: inactive players will automatically lose when time's up. (requested by imonx6pace!)
|
|t:|1783046200
|detailschange|p2a: Charizard|Charizard-Mega-Y, L50, F
|-mega|p2a: Charizard|Charizard|Charizardite Y
|-weather|SunnyDay|[from] ability: Drought|[of] p2a: Charizard
|move|p1a: Basculegion|Wave Crash|p2a: Charizard
|-supereffective|p2a: Charizard|1
|-damage|p2a: Charizard|15/100
|-damage|p1a: Basculegion|75/100|[from] Recoil
|move|p2b: Whimsicott|Moonblast|p1a: Basculegion
|-damage|p1a: Basculegion|43/100
|move|p2a: Charizard|Heat Wave|p1a: Basculegion|[spread] p1b
|-miss|p2a: Charizard|p1a: Basculegion
|-supereffective|p1b: Sinistcha|1
|-damage|p1b: Sinistcha|0 fnt
|faint|p1b: Sinistcha
|
|-weather|SunnyDay|[upkeep]
|upkeep
|
|t:|1783046207
|switch|p1b: Kingambit|Kingambit, L50, F|100/100
|turn|2
|
|t:|1783046223
|switch|p1a: Floette|Floette-Eternal, L50, F|100/100
|move|p2a: Charizard|Protect|p2a: Charizard
|-singleturn|p2a: Charizard|Protect
|move|p2b: Whimsicott|Tailwind|p2b: Whimsicott
|-sidestart|p2: blackstormgames|move: Tailwind
|move|p1b: Kingambit|Kowtow Cleave|p2a: Charizard
|-activate|p2a: Charizard|move: Protect
|
|-weather|SunnyDay|[upkeep]
|upkeep
|turn|3
|
|t:|1783046236
|switch|p2b: Garchomp|Garchomp, L50, M|100/100
|detailschange|p1a: Floette|Floette-Mega, L50, F
|-mega|p1a: Floette|Floette|Floettite
|-ability|p1a: Floette|Fairy Aura
|move|p1b: Kingambit|Protect|p1b: Kingambit
|-singleturn|p1b: Kingambit|Protect
|move|p2a: Charizard|Heat Wave|p1b: Kingambit|[spread] p1a
|-activate|p1b: Kingambit|move: Protect
|-damage|p1a: Floette|56/100
|move|p1a: Floette|Dazzling Gleam|p2a: Charizard|[spread] p2a,p2b
|-resisted|p2a: Charizard|1
|-supereffective|p2b: Garchomp|1
|-damage|p2a: Charizard|0 fnt
|-damage|p2b: Garchomp|15/100
|faint|p2a: Charizard
|
|-weather|SunnyDay|[upkeep]
|upkeep
|
|t:|1783046252
|switch|p2a: Sneasler|Sneasler, L50, F|100/100
|turn|4
|
|t:|1783046264
|switch|p2b: Whimsicott|Whimsicott, L50, F|100/100
|switch|p1b: Basculegion|Basculegion, L50, M|43/100
|move|p2a: Sneasler|Close Combat|p1b: Basculegion
|-immune|p1b: Basculegion
|move|p1a: Floette|Dazzling Gleam|p2b: Whimsicott|[spread] p2a,p2b
|-crit|p2b: Whimsicott
|-damage|p2a: Sneasler|45/100
|-damage|p2b: Whimsicott|28/100
|
|-weather|SunnyDay|[upkeep]
|upkeep
|turn|5
|
|t:|1783046288
|move|p1a: Floette|Protect|p1a: Floette
|-singleturn|p1a: Floette|Protect
|move|p2a: Sneasler|Gunk Shot|p1a: Floette
|-activate|p1a: Floette|move: Protect
|move|p2b: Whimsicott|Moonblast|p1b: Basculegion
|-damage|p1b: Basculegion|1/100
|move|p1b: Basculegion|Last Respects|p2a: Sneasler
|-damage|p2a: Sneasler|0 fnt
|faint|p2a: Sneasler
|
|-weather|none
|-sideend|p2: blackstormgames|move: Tailwind
|upkeep
|
|t:|1783046300
|switch|p2a: Garchomp|Garchomp, L50, M|15/100
|turn|6
|
|t:|1783046321
|switch|p1b: Kingambit|Kingambit, L50, F|100/100
|move|p2b: Whimsicott|Tailwind|p2b: Whimsicott
|-sidestart|p2: blackstormgames|move: Tailwind
|move|p2a: Garchomp|Earthquake|p1b: Kingambit|[spread] p2b,p1a,p1b
|-resisted|p2b: Whimsicott|1
|-supereffective|p1b: Kingambit|1
|-damage|p2b: Whimsicott|4/100
|-damage|p1a: Floette|19/100
|-damage|p1b: Kingambit|25/100
|-damage|p2a: Garchomp|5/100|[from] item: Life Orb
|move|p1a: Floette|Dazzling Gleam|p2b: Whimsicott|[spread] p2a,p2b
|-supereffective|p2a: Garchomp|1
|-damage|p2a: Garchomp|0 fnt
|-damage|p2b: Whimsicott|0 fnt
|faint|p2a: Garchomp
|faint|p2b: Whimsicott
|
|win|imonx6pace!
|raw|imonx6pace!'s rating: 1203 → 1236(+33 for winning)
|raw|blackstormgames's rating: 1319 → 1293(-26 for losing)
