|j|☆Magicalarcher57
|j|☆jidnxisncson
|html|Magicalarcher57jidnxisncson    
|uhtml|bestof|Game 1 of a best-of-3
|t:|1782471897
|gametype|doubles
|player|p1|Magicalarcher57|diantha|1091
|player|p2|jidnxisncson|cynthia|1000
|gen|9
|tier|[Gen 9 Champions] VGC 2026 Reg M-B (Bo3)
|rated|
|rule|Species Clause: Limit one of each Pokémon
|rule|Item Clause: Limit 1 of each item
|clearpoke
|poke|p1|Raichu, L50, F, shiny|
|poke|p1|Garchomp, L50, F, shiny|
|poke|p1|Whimsicott, L50, M, shiny|
|poke|p1|Kingambit, L50, M, shiny|
|poke|p1|Basculegion, L50, M, shiny|
|poke|p1|Charizard, L50, M, shiny|
|poke|p2|Charizard, L50, M, shiny|
|poke|p2|Whimsicott, L50, F, shiny|
|poke|p2|Garchomp, L50, M, shiny|
|poke|p2|Rotom-Wash, L50, shiny|
|poke|p2|Sneasler, L50, F, shiny|
|poke|p2|Incineroar, L50, M, shiny|
|teampreview|4
|showteam|p1|Raichu||RaichuniteY|LightningRod|FakeOut,FocusBlast,ZapCannon,Protect|Timid||F|||50|]Garchomp||LifeOrb|RoughSkin|DragonClaw,Earthquake,StompingTantrum,Protect|Jolly||F|||50|]Whimsicott||FocusSash|Prankster|Moonblast,Tailwind,SunnyDay,Encore|Timid||M|||50|]Kingambit||BlackGlasses|Defiant|SuckerPunch,KowtowCleave,IronHead,Protect|Adamant||M|||50|]Basculegion||ChoiceScarf|Adaptability|LastRespects,WaveCrash,FlipTurn,AquaJet|Jolly||M|||50|]Charizard||CharizarditeY|Blaze|WeatherBall,SolarBeam,HeatWave,Protect|Modest||M|||50|
|showteam|p2|Charizard||CharizarditeY|Blaze|HeatWave,Protect,SolarBeam,WeatherBall|Modest||M|||50|]Whimsicott||FocusSash|Prankster|Tailwind,Encore,Moonblast,SunnyDay|Timid||F|||50|]Garchomp||ChoiceScarf|RoughSkin|Earthquake,Bulldoze,DragonClaw,RockSlide|Adamant||M|||50|]Rotom-Wash||Leftovers|Levitate|Protect,HydroPump,Thunderbolt,VoltSwitch|Modest|||||50|]Sneasler||WhiteHerb|Unburden|DireClaw,CloseCombat,FakeOut,Protect|Jolly||F|||50|]Incineroar||SitrusBerry|Intimidate|FakeOut,FlareBlitz,PartingShot,Snarl|Impish||M|||50|
|inactive|Battle timer is ON: inactive players will automatically lose when time's up. (requested by Magicalarcher57)
|
|t:|1782471921
|teamsize|p1|4
|teamsize|p2|4
|start
|switch|p1a: Circe|Whimsicott, L50, M, shiny|100/100
|switch|p1b: Hermes|Raichu, L50, F, shiny|100/100
|switch|p2a: Garchomp|Garchomp, L50, M, shiny|100/100
|switch|p2b: Sneasler|Sneasler, L50, F, shiny|100/100
|turn|1
|inactive|Magicalarcher57 has 30 seconds left.
|inactive|jidnxisncson has 30 seconds left.
|inactive|Magicalarcher57 has 20 seconds left.
|
|t:|1782471957
|detailschange|p1b: Hermes|Raichu-Mega-Y, L50, F, shiny
|-mega|p1b: Hermes|Raichu|Raichunite Y
|move|p1b: Hermes|Protect|p1b: Hermes
|-singleturn|p1b: Hermes|Protect
|move|p2b: Sneasler|Fake Out|p1a: Circe
|-damage|p1a: Circe|79/100
|cant|p1a: Circe|flinch
|move|p2a: Garchomp|Earthquake|p1b: Hermes|[spread] p2b,p1a
|-activate|p1b: Hermes|move: Protect
|-supereffective|p2b: Sneasler|1
|-resisted|p1a: Circe|1
|-damage|p2b: Sneasler|0 fnt
|-damage|p1a: Circe|50/100g
|faint|p2b: Sneasler
|
|upkeep
|
|t:|1782471974
|switch|p2b: Rotom|Rotom-Wash, L50, shiny|100/100
|turn|2
|
|t:|1782471987
|move|p1a: Circe|Tailwind|p1a: Circe
|-sidestart|p1: Magicalarcher57|move: Tailwind
|move|p1b: Hermes|Zap Cannon|p2b: Rotom
|-damage|p2b: Rotom|21/100
|move|p2a: Garchomp|Earthquake|p1a: Circe|[spread] p1a,p1b
|-immune|p2b: Rotom|[from] ability: Levitate
|-resisted|p1a: Circe|1
|-supereffective|p1b: Hermes|1
|-crit|p1b: Hermes
|-damage|p1a: Circe|17/100
|-damage|p1b: Hermes|0 fnt
|faint|p1b: Hermes
|move|p2b: Rotom|Thunderbolt|p1a: Circe
|-resisted|p1a: Circe|1
|-damage|p1a: Circe|0 fnt
|faint|p1a: Circe
|
|-heal|p2b: Rotom|26/100|[from] item: Leftovers
|upkeep
|
|t:|1782471989
|switch|p1b: Basculegion|Basculegion, L50, M, shiny|100/100
|switch|p1a: Odysseus|Kingambit, L50, M, shiny|100/100
|turn|3
|inactive|jidnxisncson has 30 seconds left.
|
|t:|1782472015
|move|p1a: Odysseus|Sucker Punch|p2a: Garchomp
|-damage|p2a: Garchomp|49/100
|-damage|p1a: Odysseus|87/100|[from] ability: Rough Skin|[of] p2a: Garchomp
|move|p1b: Basculegion|Last Respects|p2a: Garchomp
|-damage|p2a: Garchomp|0 fnt
|faint|p2a: Garchomp
|move|p2b: Rotom|Volt Switch|p1b: Basculegion
|-supereffective|p1b: Basculegion|1
|-damage|p1b: Basculegion|13/100
|
|t:|1782472028
|switch|p2b: Charizard|Charizard, L50, M, shiny|100/100|[from] Volt Switch
|
|upkeep
|
|t:|1782472033
|switch|p2a: Rotom|Rotom-Wash, L50, shiny|26/100
|turn|4
|
|t:|1782472048
|detailschange|p2b: Charizard|Charizard-Mega-Y, L50, M, shiny
|-mega|p2b: Charizard|Charizard|Charizardite Y
|-weather|SunnyDay|[from] ability: Drought|[of] p2b: Charizard
|move|p2a: Rotom|Protect|p2a: Rotom
|-singleturn|p2a: Rotom|Protect
|move|p1a: Odysseus|Sucker Punch||[still]
|-fail|p1a: Odysseus
|move|p1b: Basculegion|Last Respects|p2b: Charizard
|-damage|p2b: Charizard|0 fnt
|faint|p2b: Charizard
|
|-weather|SunnyDay|[upkeep]
|-heal|p2a: Rotom|32/100|[from] item: Leftovers
|upkeep
|turn|5
|inactive|jidnxisncson has 30 seconds left.
|inactive|jidnxisncson has 20 seconds left.
|inactive|jidnxisncson has 15 seconds left.
|inactive|jidnxisncson has 10 seconds left.
|inactive|jidnxisncson has 5 seconds left.
|
|t:|1782472103
|move|p2a: Rotom|Protect|p2a: Rotom
|-singleturn|p2a: Rotom|Protect
|move|p1a: Odysseus|Sucker Punch||[still]
|-fail|p1a: Odysseus
|move|p1b: Basculegion|Last Respects|p2a: Rotom
|-activate|p2a: Rotom|move: Protect
|
|-weather|SunnyDay|[upkeep]
|-heal|p2a: Rotom|38/100|[from] item: Leftovers
|-sideend|p1: Magicalarcher57|move: Tailwind
|upkeep
|turn|6
|inactive|jidnxisncson has 30 seconds left.
|inactive|jidnxisncson has 20 seconds left.
|inactive|jidnxisncson has 15 seconds left.
|inactive|jidnxisncson has 10 seconds left.
|inactive|jidnxisncson has 5 seconds left.
|
|t:|1782472158
|move|p2a: Rotom|Protect||[still]
|-fail|p2a: Rotom
|move|p1a: Odysseus|Sucker Punch||[still]
|-fail|p1a: Odysseus
|move|p1b: Basculegion|Last Respects|p2a: Rotom
|-damage|p2a: Rotom|0 fnt
|faint|p2a: Rotom
|
|win|Magicalarcher57
