|j|â˜†LyricSum
|j|â˜†ZXMaverickHunter
|html|LyricSumZXMaverickHunter    
|uhtml|bestof|Game 1 of a best-of-3
|t:|1756262340
|gametype|doubles
|player|p1|LyricSum|veteran|1207
|player|p2|ZXMaverickHunter|flint|1112
|gen|9
|tier|[Gen 9] VGC 2025 Reg H (Bo3)
|rated|
|rule|Species Clause: Limit one of each PokÃ©mon
|rule|Item Clause: Limit 1 of each item
|clearpoke
|poke|p1|Krookodile, L50, M|
|poke|p1|Kommo-o, L50, F|
|poke|p1|Talonflame, L50, M|
|poke|p1|Sinistcha-Masterpiece, L50|
|poke|p1|Archaludon, L50, F|
|poke|p1|Primarina, L50, F|
|poke|p2|Basculegion, L50, M|
|poke|p2|Pelipper, L50, F|
|poke|p2|Archaludon, L50, M|
|poke|p2|Incineroar, L50, M|
|poke|p2|Sinistcha, L50|
|poke|p2|Ursaluna, L50, M|
|teampreview|4
|showteam|p1|Krookodile||AssaultVest|Intimidate|KnockOff,Snarl,HighHorsepower,GunkShot|||M|||50|,,,,,Poison]Kommo-o||ThroatSpray|Overcoat|ClangorousSoul,ClangingScales,AuraSphere,Protect|||F|||50|,,,,,Steel]Talonflame||FocusSash|GaleWings|Tailwind,WillOWisp,DualWingbeat,Taunt|||M|||50|,,,,,Ghost]Sinistcha-Masterpiece||SitrusBerry|Hospitality|MatchaGotcha,ShadowBall,RagePowder,LifeDew||||||50|,,,,,Fairy]Archaludon||PowerHerb|Stalwart|ElectroShot,Thunderbolt,DragonPulse,Protect|||F|||50|,,,,,Electric]Primarina||LifeOrb|LiquidVoice|HyperVoice,Moonblast,Haze,Protect|||F|||50|,,,,,Steel
|showteam|p2|Basculegion||ChoiceBand|SwiftSwim|WaveCrash,AquaJet,FlipTurn,LastRespects|||M|||50|,,,,,Water]Pelipper||FocusSash|Drizzle|Protect,Hurricane,WeatherBall,Tailwind|||F|||50|,,,,,Stellar]Archaludon||AssaultVest|Stamina|ElectroShot,Snarl,BodyPress,DragonPulse|||M|||50|,,,,,Bug]Incineroar||SafetyGoggles|Intimidate|FakeOut,KnockOff,Taunt,PartingShot|||M|||50|,,,,,Flying]Sinistcha||SitrusBerry|Hospitality|MatchaGotcha,RagePowder,LifeDew,TrickRoom||||||50|,,,,,Water]Ursaluna||FlameOrb|Guts|Protect,Facade,HeadlongRush,Earthquake|||M|||50|,,,,,Ghost
|inactive|Battle timer is ON: inactive players will automatically lose when time's up. (requested by LyricSum)
|inactive|LyricSum has 60 seconds left.
|inactive|ZXMaverickHunter has 60 seconds left.
|
|t:|1756262392
|teamsize|p1|4
|teamsize|p2|4
|start
|switch|p1a: Krookodile|Krookodile, L50, M|100/100
|switch|p1b: Archaludon|Archaludon, L50, F, shiny|100/100
|switch|p2a: Incineroar|Incineroar, L50, M|100/100
|switch|p2b: Sinistcha|Sinistcha, L50|100/100
|-ability|p1a: Krookodile|Intimidate|boost
|-unboost|p2a: Incineroar|atk|1
|-unboost|p2b: Sinistcha|atk|1
|-ability|p2a: Incineroar|Intimidate|boost
|-unboost|p1a: Krookodile|atk|1
|-unboost|p1b: Archaludon|atk|1
|turn|1
|inactive|LyricSum has 30 seconds left.
|inactive|LyricSum has 20 seconds left.
|inactive|LyricSum has 15 seconds left.
|inactive|LyricSum has 10 seconds left.
|
|t:|1756262441
|move|p1b: Archaludon|Protect|p1b: Archaludon
|-singleturn|p1b: Archaludon|Protect
|move|p2a: Incineroar|Fake Out|p1a: Krookodile
|-damage|p1a: Krookodile|91/100
|cant|p1a: Krookodile|flinch
|move|p2b: Sinistcha|Trick Room|p2b: Sinistcha
|-fieldstart|move: Trick Room|[of] p2b: Sinistcha
|
|upkeep
|turn|2
|
|t:|1756262463
|switch|p1b: Sinistcha|Sinistcha-Masterpiece, L50|100/100
|-heal|p1a: Krookodile|100/100|[from] ability: Hospitality|[of] p1b: Sinistcha
|move|p2a: Incineroar|Knock Off|p1b: Sinistcha
|-supereffective|p1b: Sinistcha
|-damage|p1b: Sinistcha|56/100
|-enditem|p1b: Sinistcha|Sitrus Berry|[from] move: Knock Off|[of] p2a: Incineroar
|move|p2b: Sinistcha|Matcha Gotcha|p1a: Krookodile|[spread] p1a
|-miss|p2b: Sinistcha|p1b: Sinistcha
|-supereffective|p1a: Krookodile
|-damage|p1a: Krookodile|60/100
|move|p1a: Krookodile|Knock Off|p2a: Incineroar
|-resisted|p2a: Incineroar
|-damage|p2a: Incineroar|89/100
|-enditem|p2a: Incineroar|Safety Goggles|[from] move: Knock Off|[of] p1a: Krookodile
|
|upkeep
|turn|3
|inactive|ZXMaverickHunter has 30 seconds left.
|
|t:|1756262492
|move|p2b: Sinistcha|Rage Powder|p2b: Sinistcha
|-singleturn|p2b: Sinistcha|move: Rage Powder
|move|p2a: Incineroar|Parting Shot|p1a: Krookodile
|-unboost|p1a: Krookodile|atk|1
|-unboost|p1a: Krookodile|spa|1
|
|t:|1756262496
|switch|p2a: Ursaluna|Ursaluna, L50, M|100/100|[from] Parting Shot
|move|p1b: Sinistcha|Life Dew|p1b: Sinistcha|[spread] p1a,p1b
|-heal|p1a: Krookodile|85/100
|-heal|p1b: Sinistcha|81/100
|move|p1a: Krookodile|Snarl|p2a: Ursaluna|[spread] p2a,p2b
|-supereffective|p2b: Sinistcha
|-damage|p2a: Ursaluna|95/100
|-damage|p2b: Sinistcha|93/100
|-unboost|p2a: Ursaluna|spa|1
|-unboost|p2b: Sinistcha|spa|1
|
|-status|p2a: Ursaluna|brn|[from] item: Flame Orb
|upkeep
|turn|4
|
|t:|1756262522
|move|p2b: Sinistcha|Matcha Gotcha|p1a: Krookodile|[spread] p1a,p1b
|-supereffective|p1a: Krookodile
|-resisted|p1b: Sinistcha
|-damage|p1a: Krookodile|61/100
|-heal|p2b: Sinistcha|100/100|[from] drain|[of] p1a: Krookodile
|-damage|p1b: Sinistcha|72/100
|move|p2a: Ursaluna|Facade|p1a: Krookodile
|-damage|p1a: Krookodile|0 fnt
|faint|p1a: Krookodile
|move|p1b: Sinistcha|Matcha Gotcha|p2b: Sinistcha|[spread] p2a,p2b
|-supereffective|p2a: Ursaluna
|-resisted|p2b: Sinistcha
|-damage|p2a: Ursaluna|43/100 brn
|-heal|p1b: Sinistcha|100/100|[from] drain|[of] p2a: Ursaluna
|-damage|p2b: Sinistcha|89/100
|-status|p2b: Sinistcha|brn
|
|-damage|p2b: Sinistcha|83/100 brn|[from] brn
|-damage|p2a: Ursaluna|37/100 brn|[from] brn
|upkeep
|
|t:|1756262532
|switch|p1a: Primarina|Primarina, L50, F|100/100
|turn|5
|
|t:|1756262542
|-terastallize|p2a: Ursaluna|Ghost
|move|p1a: Primarina|Protect|p1a: Primarina
|-singleturn|p1a: Primarina|Protect
|move|p2b: Sinistcha|Life Dew|p2b: Sinistcha|[spread] p2a,p2b
|-heal|p2a: Ursaluna|62/100 brn
|-heal|p2b: Sinistcha|100/100 brn
|move|p2a: Ursaluna|Facade|p1a: Primarina
|-activate|p1a: Primarina|move: Protect
|move|p1b: Sinistcha|Shadow Ball|p2b: Sinistcha
|-supereffective|p2b: Sinistcha
|-damage|p2b: Sinistcha|40/100 brn
|-enditem|p2b: Sinistcha|Sitrus Berry|[eat]
|-heal|p2b: Sinistcha|65/100 brn|[from] item: Sitrus Berry
|
|-damage|p2b: Sinistcha|58/100 brn|[from] brn
|-damage|p2a: Ursaluna|56/100 brn|[from] brn
|-fieldend|move: Trick Room
|upkeep
|turn|6
|
|t:|1756262562
|move|p1a: Primarina|Moonblast|p2a: Ursaluna
|-damage|p2a: Ursaluna|0 fnt
|faint|p2a: Ursaluna
|-damage|p1a: Primarina|91/100|[from] item: Life Orb
|move|p1b: Sinistcha|Shadow Ball|p2b: Sinistcha
|-supereffective|p2b: Sinistcha
|-damage|p2b: Sinistcha|0 fnt
|faint|p2b: Sinistcha
|
|upkeep
|
|t:|1756262568
|switch|p2a: Incineroar|Incineroar, L50, M|89/100
|switch|p2b: Archaludon|Archaludon, L50, M|100/100
|-ability|p2a: Incineroar|Intimidate|boost
|-unboost|p1a: Primarina|atk|1
|-unboost|p1b: Sinistcha|atk|1
|turn|7
|
|t:|1756262588
|move|p1a: Primarina|Protect|p1a: Primarina
|-singleturn|p1a: Primarina|Protect
|move|p2b: Archaludon|Electro Shot||[still]
|-prepare|p2b: Archaludon|Electro Shot
|-boost|p2b: Archaludon|spa|1
|move|p1b: Sinistcha|Shadow Ball|p2b: Archaludon
|-damage|p2b: Archaludon|73/100
|-ability|p2b: Archaludon|Stamina|boost
|-boost|p2b: Archaludon|def|1
|move|p2a: Incineroar|Taunt|p1a: Primarina
|-activate|p1a: Primarina|move: Protect
|
|upkeep
|turn|8
|
|t:|1756262606
|move|p1b: Sinistcha|Rage Powder|p1b: Sinistcha
|-singleturn|p1b: Sinistcha|move: Rage Powder
|move|p2b: Archaludon|Electro Shot|p1b: Sinistcha|[from] lockedmove
|-resisted|p1b: Sinistcha
|-damage|p1b: Sinistcha|63/100
|move|p1a: Primarina|Hyper Voice|p2a: Incineroar|[spread] p2a,p2b
|-supereffective|p2a: Incineroar
|-resisted|p2b: Archaludon
|-damage|p2a: Incineroar|18/100
|-damage|p2b: Archaludon|56/100
|-ability|p2b: Archaludon|Stamina|boost
|-boost|p2b: Archaludon|def|1
|-damage|p1a: Primarina|81/100|[from] item: Life Orb
|move|p2a: Incineroar|Knock Off|p1b: Sinistcha
|-supereffective|p1b: Sinistcha
|-damage|p1b: Sinistcha|22/100
|
|upkeep
|turn|9
|
|t:|1756262623
|move|p2b: Archaludon|Snarl|p1b: Sinistcha|[spread] p1a,p1b
|-resisted|p1a: Primarina
|-supereffective|p1b: Sinistcha
|-damage|p1a: Primarina|72/100
|-damage|p1b: Sinistcha|0 fnt
|-unboost|p1a: Primarina|spa|1
|faint|p1b: Sinistcha
|move|p1a: Primarina|Haze|p1a: Primarina
|-clearallboost
|move|p2a: Incineroar|Knock Off|p1a: Primarina
|-resisted|p1a: Primarina
|-damage|p1a: Primarina|44/100
|-enditem|p1a: Primarina|Life Orb|[from] move: Knock Off|[of] p2a: Incineroar
|
|upkeep
|
|t:|1756262626
|switch|p1b: Archaludon|Archaludon, L50, F, shiny|100/100
|turn|10
|
|t:|1756262647
|-terastallize|p1b: Archaludon|Electric
|move|p1b: Archaludon|Electro Shot||[still]
|-prepare|p1b: Archaludon|Electro Shot
|-boost|p1b: Archaludon|spa|1
|-enditem|p1b: Archaludon|Power Herb
|-anim|p1b: Archaludon|Electro Shot|p2a: Incineroar
|-damage|p2a: Incineroar|0 fnt
|faint|p2a: Incineroar
|move|p2b: Archaludon|Snarl|p1a: Primarina|[spread] p1a,p1b
|-resisted|p1a: Primarina
|-damage|p1a: Primarina|39/100
|-damage|p1b: Archaludon|79/100
|-unboost|p1a: Primarina|spa|1
|-unboost|p1b: Archaludon|spa|1
|move|p1a: Primarina|Moonblast|p2b: Archaludon
|-damage|p2b: Archaludon|28/100
|-ability|p2b: Archaludon|Stamina|boost
|-boost|p2b: Archaludon|def|1
|
|upkeep
|turn|11
|
|t:|1756262666
|move|p1b: Archaludon|Dragon Pulse|p2b: Archaludon
|-damage|p2b: Archaludon|0 fnt
|faint|p2b: Archaludon
|
|win|LyricSum
