|j|☆25th_mang
|j|☆castoriceball
|html|25th_mangcastoriceball    
|uhtml|bestof|Game 1 of a best-of-3
|t:|1783570507
|gametype|doubles
|player|p1|25th_mang|ballguy|1239
|player|p2|castoriceball|miku-flying|1226
|gen|9
|tier|[Gen 9 Champions] VGC 2026 Reg M-B (Bo3)
|rated|
|rule|Species Clause: Limit one of each Pokémon
|rule|Item Clause: Limit 1 of each item
|clearpoke
|poke|p1|Blastoise, L50, M|
|poke|p1|Aerodactyl, L50, M|
|poke|p1|Sinistcha, L50|
|poke|p1|Kingambit, L50, F|
|poke|p1|Tsareena, L50, F|
|poke|p1|Metagross, L50, shiny|
|poke|p2|Garchomp, L50, M|
|poke|p2|Floette-Eternal, L50, F|
|poke|p2|Talonflame, L50, M|
|poke|p2|Rotom-Wash, L50, shiny|
|poke|p2|Ceruledge, L50, F|
|poke|p2|Sneasler, L50, M|
|teampreview|4
|showteam|p1|Blastoise||Blastoisinite|RainDish|WaterSpout,AuraSphere,DarkPulse,FakeOut|Modest||M|||50|]Aerodactyl||FocusSash|Unnerve|Tailwind,RainDance,RockSlide,DualWingbeat|Jolly||M|||50|]Sinistcha||SitrusBerry|Hospitality|LifeDew,MatchaGotcha,TrickRoom,RagePowder|Quiet|||||50|]Kingambit||ChopleBerry|Defiant|KowtowCleave,SuckerPunch,LowKick,IronHead|Adamant||F|||50|]Tsareena||WideLens|QueenlyMajesty|TropKick,LowKick,TripleAxel,HelpingHand|Adamant||F|||50|]Metagross||Metagrossite|ClearBody|IronHead,PsychicFangs,IcePunch,Protect|Adamant|||||50|
|showteam|p2|Garchomp||LifeOrb|RoughSkin|DragonClaw,Earthquake,RockSlide,Protect|Adamant||M|||50|]Floette-Eternal||Floettite|FlowerVeil|Moonblast,DazzlingGleam,LightofRuin,Protect|Modest||F|||50|]Talonflame||SharpBeak|GaleWings|Tailwind,DualWingbeat,SunnyDay,Protect|Jolly||M|||50|]Rotom-Wash||Magnet|Levitate|Thunderbolt,HydroPump,Electroweb,Protect|Modest|||||50|]Ceruledge||ColburBerry|FlashFire|Poltergeist,BitterBlade,ShadowSneak,Protect|Adamant||F|||50|]Sneasler||FocusSash|Unburden|FakeOut,DireClaw,CloseCombat,Taunt|Naughty||M|||50|
|inactive|Battle timer is ON: inactive players will automatically lose when time's up. (requested by 25th_mang)
|inactive|25th_mang has 60 seconds left.
|inactive|castoriceball has 60 seconds left.
|inactive|castoriceball has 30 seconds left.
|inactive|castoriceball has 20 seconds left.
|inactive|castoriceball has 15 seconds left.
|inactive|castoriceball has 10 seconds left.
|inactive|castoriceball has 5 seconds left.
|
|t:|1783570596
|teamsize|p1|4
|teamsize|p2|4
|start
|switch|p1a: MONEYBALL|Aerodactyl, L50, M|100/100
|switch|p1b: Voyager|Blastoise, L50, M|100/100
|switch|p2a: BIRDD|Talonflame, L50, M|100/100
|switch|p2b: jarchomp|Garchomp, L50, M|100/100
|-ability|p1a: MONEYBALL|Unnerve
|turn|1
|inactive|25th_mang has 30 seconds left.
|inactive|25th_mang has 20 seconds left.
|inactive|25th_mang has 15 seconds left.
|
|t:|1783570640
|move|p2a: BIRDD|Protect|p2a: BIRDD
|-singleturn|p2a: BIRDD|Protect
|move|p1b: Voyager|Fake Out|p2a: BIRDD
|-activate|p2a: BIRDD|move: Protect
|move|p1a: MONEYBALL|Rock Slide|p2b: jarchomp|[spread] p2b
|-activate|p2a: BIRDD|move: Protect
|-resisted|p2b: jarchomp|1
|-damage|p2b: jarchomp|87/100
|move|p2b: jarchomp|Rock Slide|p1a: MONEYBALL|[spread] p1a,p1b
|-supereffective|p1a: MONEYBALL|1
|-damage|p1a: MONEYBALL|10/100
|-damage|p1b: Voyager|68/100
|-damage|p2b: jarchomp|78/100|[from] item: Life Orb
|
|upkeep
|turn|2
|inactive|25th_mang has 30 seconds left.
|
|t:|1783570665
|detailschange|p1b: Voyager|Blastoise-Mega, L50, M
|-mega|p1b: Voyager|Blastoise|Blastoisinite
|move|p2a: BIRDD|Tailwind|p2a: BIRDD
|-sidestart|p2: castoriceball|move: Tailwind
|move|p2b: jarchomp|Rock Slide|p1b: Voyager|[spread] p1a,p1b
|-supereffective|p1a: MONEYBALL|1
|-damage|p1a: MONEYBALL|0 fnt
|-damage|p1b: Voyager|43/100
|faint|p1a: MONEYBALL
|-damage|p2b: jarchomp|68/100|[from] item: Life Orb
|move|p1b: Voyager|Water Spout|p2a: BIRDD|[spread] p2a,p2b
|-supereffective|p2a: BIRDD|1
|-damage|p2a: BIRDD|14/100
|-damage|p2b: jarchomp|35/100
|
|upkeep
|
|t:|1783570675
|switch|p1a: Her Majesty 5|Tsareena, L50, F|100/100
|turn|3
|
|t:|1783570686
|move|p2a: BIRDD|Dual Wingbeat|p1a: Her Majesty 5
|-supereffective|p1a: Her Majesty 5|1
|-damage|p1a: Her Majesty 5|57/100
|-supereffective|p1a: Her Majesty 5|1
|-damage|p1a: Her Majesty 5|19/100
|-hitcount|p1a: Her Majesty 5|2
|move|p2b: jarchomp|Dragon Claw|p1b: Voyager
|-damage|p1b: Voyager|0 fnt
|faint|p1b: Voyager
|-damage|p2b: jarchomp|26/100|[from] item: Life Orb
|move|p1a: Her Majesty 5|Triple Axel|p2b: jarchomp
|-supereffective|p2b: jarchomp|2
|-damage|p2b: jarchomp|0 fnt
|-damage|p1a: Her Majesty 5|6/100|[from] ability: Rough Skin|[of] p2b: jarchomp
|faint|p2b: jarchomp
|-hitcount|p2: jarchomp|1
|
|upkeep
|
|t:|1783570702
|switch|p2b: $70 flutter|Floette-Eternal, L50, F|100/100
|switch|p1b: George t. L.|Metagross, L50, shiny|100/100
|turn|4
|inactive|25th_mang has 30 seconds left.
|
|t:|1783570727
|switch|p2b: Laundry List|Rotom-Wash, L50, shiny|100/100
|move|p1a: Her Majesty 5|Helping Hand|p1b: George t. L.
|-singleturn|p1b: George t. L.|Helping Hand|[of] p1a: Her Majesty 5
|move|p2a: BIRDD|Dual Wingbeat|p1a: Her Majesty 5
|-supereffective|p1a: Her Majesty 5|1
|-damage|p1a: Her Majesty 5|0 fnt
|faint|p1a: Her Majesty 5
|-hitcount|p1: Her Majesty 5|1
|move|p1b: George t. L.|Iron Head|p2b: Laundry List
|-resisted|p2b: Laundry List|2
|-damage|p2b: Laundry List|82/100
|
|upkeep
|turn|5
|
|t:|1783570739
|move|p2a: BIRDD|Protect|p2a: BIRDD
|-singleturn|p2a: BIRDD|Protect
|move|p2b: Laundry List|Protect|p2b: Laundry List
|-singleturn|p2b: Laundry List|Protect
|move|p1b: George t. L.|Psychic Fangs|p2a: BIRDD
|-activate|p2a: BIRDD|move: Protect
|
|-sideend|p2: castoriceball|move: Tailwind
|upkeep
|turn|6
|
|t:|1783570749
|move|p2a: BIRDD|Tailwind|p2a: BIRDD
|-sidestart|p2: castoriceball|move: Tailwind
|move|p2b: Laundry List|Thunderbolt|p1b: George t. L.
|-damage|p1b: George t. L.|38/100
|move|p1b: George t. L.|Psychic Fangs|p2b: Laundry List
|-damage|p2b: Laundry List|30/100
|
|upkeep
|turn|7
|
|t:|1783570759
|move|p2a: BIRDD|Dual Wingbeat|p1b: George t. L.
|-resisted|p1b: George t. L.|1
|-damage|p1b: George t. L.|31/100
|-resisted|p1b: George t. L.|1
|-damage|p1b: George t. L.|22/100
|-hitcount|p1b: George t. L.|2
|move|p2b: Laundry List|Thunderbolt|p1b: George t. L.
|-damage|p1b: George t. L.|0 fnt
|faint|p1b: George t. L.
|
|win|castoriceball
