|j|☆sweetlysunny
|j|☆thebrickwall285
|html|sweetlysunnythebrickwall285    
|uhtml|bestof|Game 1 of a best-of-3
|t:|1783878980
|gametype|doubles
|player|p1|sweetlysunny|serena|1176
|player|p2|thebrickwall285|2|1097
|gen|9
|tier|[Gen 9 Champions] VGC 2026 Reg M-B (Bo3)
|rated|
|rule|Species Clause: Limit one of each Pokémon
|rule|Item Clause: Limit 1 of each item
|clearpoke
|poke|p1|Torkoal, L50, F|
|poke|p1|Pyroar, L50, M|
|poke|p1|Vileplume, L50, F|
|poke|p1|Scrafty, L50, M|
|poke|p1|Farigiraf, L50, M|
|poke|p1|Sylveon, L50, M|
|poke|p2|Scovillain, L50, M|
|poke|p2|Aerodactyl, L50, M|
|poke|p2|Sylveon, L50, M|
|poke|p2|Salazzle, L50, F|
|poke|p2|Meowstic, L50, M|
|poke|p2|Kingambit, L50, F|
|teampreview|4
|showteam|p1|Torkoal||Charcoal|Drought|HeatWave,Eruption,HelpingHand,Protect|Quiet||F|||50|]Pyroar||Pyroarite|Unnerve|HeatWave,Overheat,ScorchingSands,Protect|Timid||M|||50|]Vileplume||FocusSash|Chlorophyll|EnergyBall,SludgeBomb,SleepPowder,AfterYou|Timid||F|||50|]Scrafty||Scraftinite|Intimidate|FakeOut,CloseCombat,PoisonJab,KnockOff|Brave||M|||50|]Farigiraf||SitrusBerry|ArmorTail|HyperVoice,Psychic,HelpingHand,TrickRoom|Bold||M|||50|]Sylveon||FairyFeather|Pixilate|HyperVoice,HyperBeam,QuickAttack,Protect|Quiet||M|||50|
|showteam|p2|Scovillain||Scovillainite|Chlorophyll|Flamethrower,GigaDrain,RagePowder,LeechSeed|Modest||M|||50|]Aerodactyl||Aerodactylite|RockHead|DragonClaw,Tailwind,DualWingbeat,RockSlide|Jolly||M|||50|]Sylveon||SitrusBerry|Pixilate|CalmMind,Protect,HyperVoice,ShadowBall|Modest||M|||50|]Salazzle||ShellBell|Corrosion|FakeOut,Flamethrower,SludgeBomb,Toxic|Hasty||F|||50|]Meowstic||FocusSash|Prankster|FakeOut,TrickRoom,Psychic,SunnyDay|Sassy||M|||50|]Kingambit||Leftovers|Defiant|IronHead,LowKick,SuckerPunch,KowtowCleave|Adamant||F|||50|
|inactive|Battle timer is ON: inactive players will automatically lose when time's up. (requested by sweetlysunny)
|
|t:|1783879008
|teamsize|p1|4
|teamsize|p2|4
|start
|switch|p1a: Farigiraf|Farigiraf, L50, M|100/100
|switch|p1b: Scrafty|Scrafty, L50, M|100/100
|switch|p2a: Aerodactyl|Aerodactyl, L50, M|100/100
|switch|p2b: Scovillain|Scovillain, L50, M|100/100
|-ability|p1b: Scrafty|Intimidate|boost
|-unboost|p2a: Aerodactyl|atk|1
|-unboost|p2b: Scovillain|atk|1
|turn|1
|
|t:|1783879024
|detailschange|p2a: Aerodactyl|Aerodactyl-Mega, L50, M
|-mega|p2a: Aerodactyl|Aerodactyl|Aerodactylite
|detailschange|p1b: Scrafty|Scrafty-Mega, L50, M
|-mega|p1b: Scrafty|Scrafty|Scraftinite
|-ability|p1b: Scrafty|Intimidate|boost
|-unboost|p2a: Aerodactyl|atk|1
|-unboost|p2b: Scovillain|atk|1
|move|p1b: Scrafty|Fake Out|p2a: Aerodactyl
|-resisted|p2a: Aerodactyl|1
|-damage|p2a: Aerodactyl|89/100
|move|p2b: Scovillain|Rage Powder|p2b: Scovillain
|-singleturn|p2b: Scovillain|move: Rage Powder
|cant|p2a: Aerodactyl|flinch
|move|p1a: Farigiraf|Trick Room|p1a: Farigiraf
|-fieldstart|move: Trick Room|[of] p1a: Farigiraf
|
|upkeep
|turn|2
|
|t:|1783879042
|switch|p2a: Kingambit|Kingambit, L50, F|100/100
|move|p1b: Scrafty|Knock Off|p2a: Kingambit
|-resisted|p2a: Kingambit|1
|-damage|p2a: Kingambit|79/100
|-enditem|p2a: Kingambit|Leftovers|[from] move: Knock Off|[of] p1b: Scrafty
|move|p1a: Farigiraf|Hyper Voice|p2b: Scovillain|[spread] p2a,p2b
|-resisted|p2a: Kingambit|1
|-damage|p2a: Kingambit|67/100
|-damage|p2b: Scovillain|65/100
|move|p2b: Scovillain|Leech Seed|p1a: Farigiraf
|-start|p1a: Farigiraf|move: Leech Seed
|
|-damage|p1a: Farigiraf|87/100|[from] Leech Seed|[of] p2b: Scovillain
|-heal|p2b: Scovillain|80/100|[silent]
|upkeep
|turn|3
|
|t:|1783879064
|move|p2a: Kingambit|Low Kick|p1b: Scrafty
|-supereffective|p1b: Scrafty|1
|-damage|p1b: Scrafty|62/100
|move|p1b: Scrafty|Close Combat|p2a: Kingambit
|-supereffective|p2a: Kingambit|2
|-damage|p2a: Kingambit|0 fnt
|-unboost|p1b: Scrafty|def|1
|-unboost|p1b: Scrafty|spd|1
|faint|p2a: Kingambit
|move|p1a: Farigiraf|Psychic|p2b: Scovillain
|-damage|p2b: Scovillain|29/100
|move|p2b: Scovillain|Leech Seed|p1b: Scrafty
|-start|p1b: Scrafty|move: Leech Seed
|
|-damage|p1b: Scrafty|50/100g|[from] Leech Seed|[of] p2b: Scovillain
|-heal|p2b: Scovillain|41/100|[silent]
|-damage|p1a: Farigiraf|75/100|[from] Leech Seed|[of] p2b: Scovillain
|-heal|p2b: Scovillain|56/100|[silent]
|upkeep
|
|t:|1783879076
|switch|p2a: Aerodactyl|Aerodactyl-Mega, L50, M|89/100
|turn|4
|
|t:|1783879089
|move|p2b: Scovillain|Rage Powder|p2b: Scovillain
|-singleturn|p2b: Scovillain|move: Rage Powder
|move|p1b: Scrafty|Close Combat|p2b: Scovillain
|-damage|p2b: Scovillain|0 fnt
|-unboost|p1b: Scrafty|def|1
|-unboost|p1b: Scrafty|spd|1
|faint|p2b: Scovillain
|move|p1a: Farigiraf|Hyper Voice|p2a: Aerodactyl
|-resisted|p2a: Aerodactyl|1
|-damage|p2a: Aerodactyl|68/100
|move|p2a: Aerodactyl|Dual Wingbeat|p1a: Farigiraf
|-damage|p1a: Farigiraf|54/100
|-damage|p1a: Farigiraf|33/100
|-enditem|p1a: Farigiraf|Sitrus Berry|[eat]
|-heal|p1a: Farigiraf|57/100|[from] item: Sitrus Berry
|-hitcount|p1a: Farigiraf|2
|
|upkeep
|
|t:|1783879103
|switch|p2b: Salazzle|Salazzle, L50, F|100/100
|turn|5
|
|t:|1783879113
|move|p1b: Scrafty|Close Combat|p2a: Aerodactyl
|-damage|p2a: Aerodactyl|0 fnt
|-unboost|p1b: Scrafty|def|1
|-unboost|p1b: Scrafty|spd|1
|faint|p2a: Aerodactyl
|move|p1a: Farigiraf|Psychic|p2b: Salazzle
|-supereffective|p2b: Salazzle|1
|-damage|p2b: Salazzle|0 fnt
|faint|p2b: Salazzle
|
|win|sweetlysunny
||sweetlysunny is ready for game 2.
||thebrickwall285 is ready for game 2.
|uhtml|next|Next: Game 2 of 3
