|j|☆fralb14
|j|☆GryffindorAle
|html|fralb14GryffindorAle    
|uhtml|bestof|Game 2 of a best-of-3
|t:|1756297209
|gametype|doubles
|player|p1|fralb14|2|1180
|player|p2|GryffindorAle|steven|1213
|gen|9
|tier|[Gen 9] VGC 2025 Reg H (Bo3)
|rated|
|rule|Species Clause: Limit one of each Pokémon
|rule|Item Clause: Limit 1 of each item
|clearpoke
|poke|p1|Gholdengo, L50|
|poke|p1|Pelipper, L50, F|
|poke|p1|Archaludon, L50, M|
|poke|p1|Sinistcha, L50|
|poke|p1|Ursaluna, L50, F|
|poke|p1|Dragonite, L50, M|
|poke|p2|Archaludon, L50, F|
|poke|p2|Basculegion, L50, M|
|poke|p2|Sneasler, L50, M|
|poke|p2|Rillaboom, L50, M|
|poke|p2|Politoed, L50, M|
|poke|p2|Incineroar, L50, M|
|teampreview|4
|showteam|p1|Gholdengo||ChoiceScarf|GoodasGold|MakeItRain,ShadowBall,Trick,Protect||||||50|,,,,,Flying]Pelipper||FocusSash|Drizzle|WeatherBall,Hurricane,Tailwind,Protect|||F|||50|,,,,,Ghost]Archaludon||AssaultVest|Stamina|ElectroShot,FlashCannon,BodyPress,Snarl|||M|||50|,,,,,Fighting]Sinistcha||SitrusBerry|Hospitality|MatchaGotcha,LifeDew,RagePowder,TrickRoom||||||50|,,,,,Dark]Ursaluna||FlameOrb|Guts|HeadlongRush,Earthquake,Facade,Protect|||F|||50|,,,,,Ghost]Dragonite||LoadedDice|Multiscale|ScaleShot,Haze,Tailwind,Protect|||M|||50|,,,,,Fairy
|showteam|p2|Archaludon||AssaultVest|Stamina|ElectroShot,DragonPulse,Snarl,BodyPress|||F|||50|,,,,,Bug]Basculegion||ChoiceBand|SwiftSwim|WaveCrash,LastRespects,AquaJet,FlipTurn|||M|||50|,,,,,Grass]Sneasler||GrassySeed|Unburden|CloseCombat,DireClaw,ThroatChop,Protect|||M|||50|,,,,,Dark]Rillaboom||LoadedDice|GrassySurge|GrassyGlide,FakeOut,BulletSeed,Uturn|||M|||50|,,,,,Fire]Politoed||SitrusBerry|Drizzle|WeatherBall,IceBeam,Haze,Protect|||M|||50|,,,,,Dragon]Incineroar||SafetyGoggles|Intimidate|Taunt,FakeOut,PartingShot,KnockOff|||M|||50|,,,,,Ghost
|inactive|Battle timer is ON: inactive players will automatically lose when time's up. (requested by fralb14)
|inactive|fralb14 has 60 seconds left.
|inactive|GryffindorAle has 60 seconds left.
|inactive|fralb14 has 30 seconds left.
|
|t:|1756297272
|teamsize|p1|4
|teamsize|p2|4
|start
|switch|p1a: Gholdengo|Gholdengo, L50|100/100
|switch|p1b: Dragonite|Dragonite, L50, M|100/100
|switch|p2a: Incineroar|Incineroar, L50, M|100/100
|switch|p2b: Archaludon|Archaludon, L50, F|100/100
|-ability|p2a: Incineroar|Intimidate|boost
|-unboost|p1a: Gholdengo|atk|1
|-unboost|p1b: Dragonite|atk|1
|turn|1
|inactive|fralb14 has 30 seconds left.
|inactive|GryffindorAle has 30 seconds left.
|inactive|GryffindorAle has 20 seconds left.
|inactive|GryffindorAle has 15 seconds left.
|inactive|GryffindorAle has 10 seconds left.
|
|t:|1756297319
|switch|p1a: Ursaluna|Ursaluna, L50, F|100/100
|move|p1b: Dragonite|Tailwind|p1b: Dragonite
|-sidestart|p1: fralb14|move: Tailwind
|move|p2b: Archaludon|Dragon Pulse|p1b: Dragonite
|-supereffective|p1b: Dragonite
|-damage|p1b: Dragonite|57/100
|move|p2a: Incineroar|Knock Off|p1a: Ursaluna
|-damage|p1a: Ursaluna|69/100
|-enditem|p1a: Ursaluna|Flame Orb|[from] move: Knock Off|[of] p2a: Incineroar
|
|upkeep
|turn|2
|inactive|fralb14 has 30 seconds left.
|inactive|GryffindorAle has 30 seconds left.
|inactive|fralb14 has 20 seconds left.
|inactive|fralb14 has 15 seconds left.
|inactive|fralb14 has 10 seconds left.
|inactive|fralb14 has 5 seconds left.
|
|t:|1756297370
|switch|p1b: Gholdengo|Gholdengo, L50|100/100
|switch|p2a: Rillaboom|Rillaboom, L50, M|100/100
|-fieldstart|move: Grassy Terrain|[from] ability: Grassy Surge|[of] p2a: Rillaboom
|-terastallize|p2b: Archaludon|Bug
|move|p1a: Ursaluna|Protect|p1a: Ursaluna
|-singleturn|p1a: Ursaluna|Protect
|move|p2b: Archaludon|Dragon Pulse|p1b: Gholdengo
|-resisted|p1b: Gholdengo
|-damage|p1b: Gholdengo|79/100
|
|-heal|p1b: Gholdengo|85/100|[from] Grassy Terrain
|-heal|p1a: Ursaluna|74/100|[from] Grassy Terrain
|upkeep
|turn|3
|inactive|fralb14 has 30 seconds left.
|
|t:|1756297399
|switch|p1a: Dragonite|Dragonite, L50, M|57/100
|move|p1b: Gholdengo|Trick|p2b: Archaludon
|-activate|p1b: Gholdengo|move: Trick|[of] p2b: Archaludon
|-item|p2b: Archaludon|Choice Scarf|[from] move: Trick
|-item|p1b: Gholdengo|Assault Vest|[from] move: Trick
|move|p2b: Archaludon|Snarl|p1a: Dragonite|[spread] p1a,p1b
|-supereffective|p1b: Gholdengo
|-damage|p1a: Dragonite|42/100
|-damage|p1b: Gholdengo|65/100
|-unboost|p1a: Dragonite|spa|1
|-unboost|p1b: Gholdengo|spa|1
|move|p2a: Rillaboom|Bullet Seed|p1a: Dragonite
|-resisted|p1a: Dragonite
|-damage|p1a: Dragonite|37/100
|-resisted|p1a: Dragonite
|-damage|p1a: Dragonite|32/100
|-resisted|p1a: Dragonite
|-damage|p1a: Dragonite|27/100
|-resisted|p1a: Dragonite
|-damage|p1a: Dragonite|22/100
|-hitcount|p1a: Dragonite|4
|
|-heal|p1b: Gholdengo|71/100|[from] Grassy Terrain
|upkeep
|turn|4
|inactive|fralb14 has 30 seconds left.
|inactive|GryffindorAle has 30 seconds left.
|inactive|fralb14 has 20 seconds left.
|inactive|fralb14 has 15 seconds left.
|
|t:|1756297439
|switch|p1b: Ursaluna|Ursaluna, L50, F|74/100
|switch|p2a: Incineroar|Incineroar, L50, M|100/100
|-ability|p2a: Incineroar|Intimidate|boost
|-unboost|p1a: Dragonite|atk|1
|-unboost|p1b: Ursaluna|atk|1
|move|p1a: Dragonite|Scale Shot|p2a: Incineroar
|-damage|p2a: Incineroar|91/100
|-damage|p2a: Incineroar|82/100
|-damage|p2a: Incineroar|73/100
|-damage|p2a: Incineroar|63/100
|-hitcount|p2a: Incineroar|4
|-unboost|p1a: Dragonite|def|1
|-boost|p1a: Dragonite|spe|1
|move|p2b: Archaludon|Snarl|p1b: Ursaluna|[spread] p1a,p1b
|-damage|p1a: Dragonite|7/100
|-damage|p1b: Ursaluna|60/100
|-unboost|p1a: Dragonite|spa|1
|-unboost|p1b: Ursaluna|spa|1
|
|-heal|p1b: Ursaluna|66/100|[from] Grassy Terrain
|-heal|p2a: Incineroar|69/100|[from] Grassy Terrain
|-sideend|p1: fralb14|move: Tailwind
|upkeep
|turn|5
|inactive|fralb14 has 30 seconds left.
|inactive|GryffindorAle has 30 seconds left.
|inactive|fralb14 has 20 seconds left.
|inactive|fralb14 has 15 seconds left.
|
|t:|1756297484
|switch|p1a: Sinistcha|Sinistcha, L50|100/100
|-heal|p1b: Ursaluna|91/100|[from] ability: Hospitality|[of] p1a: Sinistcha
|switch|p2b: Basculegion|Basculegion, L50, M|100/100
|-terastallize|p1b: Ursaluna|Ghost
|move|p2a: Incineroar|Fake Out|p1a: Sinistcha
|-immune|p1a: Sinistcha
|move|p1b: Ursaluna|Earthquake|p2a: Incineroar|[spread] p1a,p2a,p2b
|-resisted|p1a: Sinistcha
|-supereffective|p2a: Incineroar
|-damage|p1a: Sinistcha|95/100
|-damage|p2a: Incineroar|42/100
|-damage|p2b: Basculegion|82/100
|
|-heal|p2b: Basculegion|88/100|[from] Grassy Terrain
|-heal|p1b: Ursaluna|97/100|[from] Grassy Terrain
|-heal|p2a: Incineroar|48/100|[from] Grassy Terrain
|-heal|p1a: Sinistcha|100/100|[from] Grassy Terrain
|upkeep
|turn|6
|inactive|fralb14 has 30 seconds left.
|inactive|fralb14 has 20 seconds left.
|inactive|fralb14 has 15 seconds left.
|
|t:|1756297525
|move|p2b: Basculegion|Last Respects|p1a: Sinistcha
|-supereffective|p1a: Sinistcha
|-damage|p1a: Sinistcha|40/100
|-enditem|p1a: Sinistcha|Sitrus Berry|[eat]
|-heal|p1a: Sinistcha|65/100|[from] item: Sitrus Berry
|move|p1b: Ursaluna|Headlong Rush|p2a: Incineroar
|-supereffective|p2a: Incineroar
|-damage|p2a: Incineroar|0 fnt
|-unboost|p1b: Ursaluna|def|1
|-unboost|p1b: Ursaluna|spd|1
|faint|p2a: Incineroar
|move|p1a: Sinistcha|Matcha Gotcha|p2b: Basculegion|[miss]
|-miss|p1a: Sinistcha|p2b: Basculegion
|
|-heal|p2b: Basculegion|94/100|[from] Grassy Terrain
|-heal|p1b: Ursaluna|100/100|[from] Grassy Terrain
|-heal|p1a: Sinistcha|71/100|[from] Grassy Terrain
|-fieldend|move: Grassy Terrain
|upkeep
|
|t:|1756297543
|switch|p2a: Archaludon|Archaludon, L50, F, tera:Bug|100/100
|turn|7
|
|t:|1756297558
|move|p1a: Sinistcha|Rage Powder|p1a: Sinistcha
|-singleturn|p1a: Sinistcha|move: Rage Powder
|move|p2a: Archaludon|Snarl|p1b: Ursaluna|[spread] p1a,p1b
|-supereffective|p1a: Sinistcha
|-supereffective|p1b: Ursaluna
|-damage|p1a: Sinistcha|46/100
|-damage|p1b: Ursaluna|63/100
|-unboost|p1a: Sinistcha|spa|1
|-unboost|p1b: Ursaluna|spa|1
|move|p2b: Basculegion|Last Respects|p1a: Sinistcha
|-supereffective|p1a: Sinistcha
|-crit|p1a: Sinistcha
|-damage|p1a: Sinistcha|0 fnt
|faint|p1a: Sinistcha
|move|p1b: Ursaluna|Headlong Rush|p2b: Basculegion
|-damage|p2b: Basculegion|34/100
|-unboost|p1b: Ursaluna|def|1
|-unboost|p1b: Ursaluna|spd|1
|
|upkeep
|
|t:|1756297576
|switch|p1a: Dragonite|Dragonite, L50, M|7/100
|turn|8
|
|t:|1756297592
|move|p1b: Ursaluna|Protect|p1b: Ursaluna
|-singleturn|p1b: Ursaluna|Protect
|move|p2a: Archaludon|Snarl|p1a: Dragonite|[spread] p1a
|-activate|p1b: Ursaluna|move: Protect
|-damage|p1a: Dragonite|0 fnt
|faint|p1a: Dragonite
|move|p2b: Basculegion|Last Respects|p1b: Ursaluna
|-activate|p1b: Ursaluna|move: Protect
|
|upkeep
|
|t:|1756297603
|switch|p1a: Gholdengo|Gholdengo, L50|71/100
|turn|9
|-message|fralb14 forfeited.
|
|win|GryffindorAle
|raw|fralb14's rating: 1180 → 1157(-23 for losing)
|raw|GryffindorAle's rating: 1213 → 1236(+23 for winning)
|l|☆GryffindorAle
|player|p2|
