|j|☆lastdanceqq
|j|☆nibblesjibbles
|html|lastdanceqqnibblesjibbles    
|uhtml|bestof|Game 3 of a best-of-3
|t:|1755793043
|gametype|doubles
|player|p1|lastdanceqq|pokemaniac|1216
|player|p2|nibblesjibbles|scientist-gen4|1176
|gen|9
|tier|[Gen 9] VGC 2025 Reg H (Bo3)
|rated|
|rule|Species Clause: Limit one of each Pokémon
|rule|Item Clause: Limit 1 of each item
|clearpoke
|poke|p1|Indeedee-F, L50, F|
|poke|p1|Gallade, L50, M|
|poke|p1|Torkoal, L50, M|
|poke|p1|Ursaluna, L50, F|
|poke|p1|Exeggutor, L50, M|
|poke|p1|Zoroark-Hisui, L50, F|
|poke|p2|Gholdengo, L50|
|poke|p2|Sneasler, L50, M|
|poke|p2|Rillaboom, L50, M|
|poke|p2|Dragonite, L50, M|
|poke|p2|Ninetales-Alola, L50, F|
|poke|p2|Arcanine-Hisui, L50, F|
|teampreview|4
|showteam|p1|Indeedee-F||RockyHelmet|PsychicSurge|Psychic,HelpingHand,FollowMe,TrickRoom|||F|||50|,,,,,Grass]Gallade||ScopeLens|Sharpness|SacredSword,PsychoCut,TrickRoom,WideGuard|||M|||50|,,,,,Grass]Torkoal||Charcoal|Drought|Eruption,WeatherBall,ClearSmog,Protect|||M|||50|,,,,,Fire]Ursaluna||FlameOrb|Guts|Facade,HeadlongRush,Earthquake,Protect|||F|||50|,,,,,Ghost]Exeggutor||FocusSash|Chlorophyll|ExpandingForce,LeafStorm,SleepPowder,TrickRoom|||M|||50|,,,,,Psychic]Zoroark-Hisui||ChoiceSpecs|Illusion|HyperBeam,HyperVoice,ShadowBall,FocusBlast|||F|||50|,,,,,Normal
|showteam|p2|Gholdengo||GrassySeed|GoodasGold|NastyPlot,MakeItRain,ShadowBall,Protect||||||50|,,,,,Water]Sneasler||WhiteHerb|Unburden|CloseCombat,DireClaw,Coaching,Protect|||M|||50|,,,,,Ghost]Rillaboom||AssaultVest|GrassySurge|FakeOut,GrassyGlide,DrumBeating,HighHorsepower|||M|||50|,,,,,Fire]Dragonite||LoadedDice|Multiscale|ScaleShot,StompingTantrum,Tailwind,Protect|||M|||50|,,,,,Ground]Ninetales-Alola||FocusSash|SnowWarning|Blizzard,IcyWind,Encore,AuroraVeil|||F|||50|,,,,,Ghost]Arcanine-Hisui||ClearAmulet|Intimidate|RockSlide,FlareBlitz,ExtremeSpeed,Protect|||F|||50|,,,,,Water
|inactive|Battle timer is ON: inactive players will automatically lose when time's up. (requested by nibblesjibbles)
|inactive|lastdanceqq has 60 seconds left.
|
|t:|1755793103
|teamsize|p1|4
|teamsize|p2|4
|start
|switch|p1a: Indeedee|Indeedee-F, L50, F|100/100
|switch|p1b: Exeggutor|Exeggutor, L50, M|100/100
|switch|p2a: Sneasler|Sneasler, L50, M|100/100
|switch|p2b: Arcanine|Arcanine-Hisui, L50, F|100/100
|-ability|p2b: Arcanine|Intimidate|boost
|-unboost|p1a: Indeedee|atk|1
|-unboost|p1b: Exeggutor|atk|1
|-fieldstart|move: Psychic Terrain|[from] ability: Psychic Surge|[of] p1a: Indeedee
|turn|1
|
|t:|1755793124
|switch|p2a: Rillaboom|Rillaboom, L50, M|100/100
|-fieldstart|move: Grassy Terrain|[from] ability: Grassy Surge|[of] p2a: Rillaboom
|move|p1a: Indeedee|Follow Me|p1a: Indeedee
|-singleturn|p1a: Indeedee|move: Follow Me
|move|p2b: Arcanine|Flare Blitz|p1a: Indeedee
|-damage|p1a: Indeedee|44/100
|-damage|p2b: Arcanine|84/100|[from] item: Rocky Helmet|[of] p1a: Indeedee
|-damage|p2b: Arcanine|65/100|[from] Recoil
|move|p1b: Exeggutor|Trick Room|p1b: Exeggutor
|-fieldstart|move: Trick Room|[of] p1b: Exeggutor
|
|-heal|p1a: Indeedee|50/100|[from] Grassy Terrain
|-heal|p2b: Arcanine|71/100|[from] Grassy Terrain
|upkeep
|turn|2
|
|t:|1755793142
|switch|p1b: Ursaluna|Ursaluna, L50, F|100/100
|move|p2a: Rillaboom|Fake Out|p1b: Ursaluna
|-damage|p1b: Ursaluna|91/100
|move|p1a: Indeedee|Follow Me|p1a: Indeedee
|-singleturn|p1a: Indeedee|move: Follow Me
|move|p2b: Arcanine|Flare Blitz|p1a: Indeedee
|-damage|p1a: Indeedee|0 fnt
|-damage|p2b: Arcanine|54/100|[from] item: Rocky Helmet|[of] p1a: Indeedee
|faint|p1a: Indeedee
|-damage|p2b: Arcanine|37/100|[from] Recoil
|
|-heal|p1b: Ursaluna|97/100|[from] Grassy Terrain
|-heal|p2b: Arcanine|43/100|[from] Grassy Terrain
|-status|p1b: Ursaluna|brn|[from] item: Flame Orb
|upkeep
|
|t:|1755793150
|switch|p1a: Torkoal|Torkoal, L50, M|100/100
|-weather|SunnyDay|[from] ability: Drought|[of] p1a: Torkoal
|turn|3
|inactive|nibblesjibbles has 30 seconds left.
|inactive|nibblesjibbles has 20 seconds left.
|inactive|nibblesjibbles has 15 seconds left.
|
|t:|1755793192
|-terastallize|p1b: Ursaluna|Ghost
|-terastallize|p2a: Rillaboom|Fire
|move|p2b: Arcanine|Extreme Speed|p1a: Torkoal
|-damage|p1a: Torkoal|82/100
|move|p2a: Rillaboom|Grassy Glide|p1b: Ursaluna
|-damage|p1b: Ursaluna|68/100 brn
|move|p1a: Torkoal|Eruption|p2a: Rillaboom|[spread] p2a,p2b
|-resisted|p2a: Rillaboom
|-resisted|p2b: Arcanine
|-damage|p2a: Rillaboom|74/100
|-damage|p2b: Arcanine|22/100
|move|p1b: Ursaluna|Facade|p2a: Rillaboom
|-damage|p2a: Rillaboom|0 fnt
|faint|p2a: Rillaboom
|
|-weather|SunnyDay|[upkeep]
|-heal|p1a: Torkoal|89/100|[from] Grassy Terrain
|-heal|p1b: Ursaluna|74/100 brn|[from] Grassy Terrain
|-heal|p2b: Arcanine|27/100|[from] Grassy Terrain
|-damage|p1b: Ursaluna|68/100 brn|[from] brn
|upkeep
|
|t:|1755793202
|switch|p2a: Ninetales|Ninetales-Alola, L50, F|100/100
|-weather|Snowscape|[from] ability: Snow Warning|[of] p2a: Ninetales
|turn|4
|inactive|lastdanceqq has 30 seconds left.
|inactive|lastdanceqq has 20 seconds left.
|
|t:|1755793238
|move|p1a: Torkoal|Eruption|p2b: Arcanine|[spread] p2a,p2b
|-supereffective|p2a: Ninetales
|-resisted|p2b: Arcanine
|-enditem|p2a: Ninetales|Focus Sash
|-damage|p2a: Ninetales|1/100
|-damage|p2b: Arcanine|12/100
|move|p1b: Ursaluna|Headlong Rush|p2a: Ninetales
|-damage|p2a: Ninetales|0 fnt
|-unboost|p1b: Ursaluna|def|1
|-unboost|p1b: Ursaluna|spd|1
|faint|p2a: Ninetales
|move|p2b: Arcanine|Rock Slide|p1b: Ursaluna|[spread] p1a,p1b
|-supereffective|p1a: Torkoal
|-damage|p1a: Torkoal|47/100
|-damage|p1b: Ursaluna|34/100 brn
|
|-weather|Snowscape|[upkeep]
|-heal|p1a: Torkoal|53/100|[from] Grassy Terrain
|-heal|p1b: Ursaluna|40/100 brn|[from] Grassy Terrain
|-heal|p2b: Arcanine|18/100|[from] Grassy Terrain
|-damage|p1b: Ursaluna|34/100 brn|[from] brn
|upkeep
|
|t:|1755793245
|switch|p2a: Sneasler|Sneasler, L50, M|100/100
|turn|5
|inactive|lastdanceqq has 30 seconds left.
|inactive|lastdanceqq has 20 seconds left.
|inactive|lastdanceqq has 15 seconds left.
|inactive|lastdanceqq has 10 seconds left.
|inactive|lastdanceqq has 5 seconds left.
|
|t:|1755793299
|switch|p1a: Exeggutor|Exeggutor, L50, M|100/100
|move|p2b: Arcanine|Protect|p2b: Arcanine
|-singleturn|p2b: Arcanine|Protect
|move|p2a: Sneasler|Protect|p2a: Sneasler
|-singleturn|p2a: Sneasler|Protect
|move|p1b: Ursaluna|Facade|p2b: Arcanine
|-activate|p2b: Arcanine|move: Protect
|
|-weather|Snowscape|[upkeep]
|-heal|p1b: Ursaluna|40/100 brn|[from] Grassy Terrain
|-heal|p2b: Arcanine|24/100|[from] Grassy Terrain
|-damage|p1b: Ursaluna|34/100 brn|[from] brn
|-fieldend|move: Trick Room
|-fieldend|move: Grassy Terrain
|upkeep
|turn|6
|inactive|lastdanceqq has 30 seconds left.
|
|t:|1755793332
|move|p2a: Sneasler|Protect||[still]
|-fail|p2a: Sneasler
|move|p2b: Arcanine|Flare Blitz|p1a: Exeggutor
|-supereffective|p1a: Exeggutor
|-enditem|p1a: Exeggutor|Focus Sash
|-damage|p1a: Exeggutor|1/100
|-damage|p2b: Arcanine|0 fnt|[from] Recoil
|faint|p2b: Arcanine
|move|p1b: Ursaluna|Headlong Rush|p2a: Sneasler
|-supereffective|p2a: Sneasler
|-damage|p2a: Sneasler|0 fnt
|-unboost|p1b: Ursaluna|def|1
|-unboost|p1b: Ursaluna|spd|1
|faint|p2a: Sneasler
|
|win|lastdanceqq
|raw|lastdanceqq's rating: 1216 → 1238(+22 for winning)
|raw|nibblesjibbles's rating: 1176 → 1154(-22 for losing)
|l|☆nibblesjibbles
|player|p2|
