|j|☆Mr James Freak
|j|☆starlight74
|html|Mr James Freakstarlight74    
|uhtml|bestof|Game 2 of a best-of-3
|t:|1784087688
|gametype|doubles
|player|p1|Mr James Freak|scientist|1405
|player|p2|starlight74|anabel-gen7|1418
|gen|9
|tier|[Gen 9 Champions] VGC 2026 Reg M-B (Bo3)
|rated|
|rule|Species Clause: Limit one of each Pokémon
|rule|Item Clause: Limit 1 of each item
|clearpoke
|poke|p1|Sinistcha-Masterpiece, L50, shiny|
|poke|p1|Sneasler, L50, F, shiny|
|poke|p1|Delphox, L50, M, shiny|
|poke|p1|Kingambit, L50, M, shiny|
|poke|p1|Incineroar, L50, M, shiny|
|poke|p1|Ninetales-Alola, L50, F, shiny|
|poke|p2|Froslass, L50, F|
|poke|p2|Dragonite, L50, F|
|poke|p2|Sneasler, L50, F|
|poke|p2|Kingambit, L50, M|
|poke|p2|Blaziken, L50, M|
|poke|p2|Rotom-Wash, L50|
|teampreview|4
|showteam|p1|Sinistcha-Masterpiece||OccaBerry|Hospitality|MatchaGotcha,RagePowder,TrickRoom,Protect|Bold|||||50|]Sneasler||WhiteHerb|Unburden|CloseCombat,DireClaw,FakeOut,QuickGuard|Jolly||F|||50|]Delphox||Delphoxite|Blaze|HeatWave,Psyshock,NastyPlot,Protect|Timid||M|||50|]Kingambit||ChopleBerry|Defiant|KowtowCleave,SuckerPunch,LowKick,Protect|Adamant||M|||50|]Incineroar||PasshoBerry|Intimidate|FakeOut,PartingShot,FlareBlitz,ThroatChop|Careful||M|||50|]Ninetales-Alola||FocusSash|SnowWarning|Blizzard,FreezeDry,Encore,Protect|Timid||F|||50|
|showteam|p2|Froslass||Froslassite|CursedBody|Blizzard,ShadowBall,AuroraVeil,Protect|Timid||F|||50|]Dragonite||LifeOrb|InnerFocus|DragonClaw,ExtremeSpeed,LowKick,Protect|Adamant||F|||50|]Sneasler||FocusSash|PoisonTouch|CloseCombat,PoisonJab,FakeOut,Protect|Jolly||F|||50|]Kingambit||BlackGlasses|Defiant|KowtowCleave,IronHead,SuckerPunch,Protect|Adamant||M|||50|]Blaziken||Blazikenite|SpeedBoost|CloseCombat,FlareBlitz,RockSlide,Protect|Adamant||M|||50|]Rotom-Wash||ChoiceScarf|Levitate|Thunderbolt,VoltSwitch,HydroPump,Trick|Timid|||||50|
|inactive|Battle timer is ON: inactive players will automatically lose when time's up. (requested by starlight74)
|
|t:|1784087715
|teamsize|p1|4
|teamsize|p2|4
|start
|switch|p1a: Incineroar|Incineroar, L50, M, shiny|100/100
|switch|p1b: Sneasler|Sneasler, L50, F, shiny|100/100
|switch|p2a: Dragonite|Dragonite, L50, F|100/100
|switch|p2b: Froslass|Froslass, L50, F|100/100
|-ability|p1a: Incineroar|Intimidate|boost
|-fail|p2a: Dragonite|unboost|Attack|[from] ability: Inner Focus|[of] p2a: Dragonite
|-unboost|p2b: Froslass|atk|1
|turn|1
|
|t:|1784087734
|detailschange|p2b: Froslass|Froslass-Mega, L50, F
|-mega|p2b: Froslass|Froslass|Froslassite
|-weather|Snowscape|[from] ability: Snow Warning|[of] p2b: Froslass
|move|p1b: Sneasler|Dire Claw|p2a: Dragonite
|-damage|p2a: Dragonite|62/100
|-status|p2a: Dragonite|par
|move|p2b: Froslass|Blizzard|p1b: Sneasler|[spread] p1a,p1b
|-resisted|p1a: Incineroar|1
|-crit|p1a: Incineroar
|-damage|p1a: Incineroar|78/100
|-damage|p1b: Sneasler|48/100
|move|p1a: Incineroar|Parting Shot|p2b: Froslass
|-unboost|p2b: Froslass|atk|1
|-unboost|p2b: Froslass|spa|1
|
|t:|1784087753
|switch|p1a: Delphox|Delphox, L50, M, shiny|100/100|[from] Parting Shot
|move|p2a: Dragonite|Low Kick|p1a: Delphox
|-resisted|p1a: Delphox|1
|-damage|p1a: Delphox|84/100
|-damage|p2a: Dragonite|53/100 par|[from] item: Life Orb
|
|-weather|Snowscape|[upkeep]
|upkeep
|turn|2
|
|t:|1784087776
|switch|p1b: Incineroar|Incineroar, L50, M, shiny|78/100
|-ability|p1b: Incineroar|Intimidate|boost
|-fail|p2a: Dragonite|unboost|Attack|[from] ability: Inner Focus|[of] p2a: Dragonite
|-unboost|p2b: Froslass|atk|1
|detailschange|p1a: Delphox|Delphox-Mega, L50, M, shiny
|-mega|p1a: Delphox|Delphox|Delphoxite
|move|p1a: Delphox|Heat Wave|p2b: Froslass|[spread] p2a,p2b
|-resisted|p2a: Dragonite|1
|-supereffective|p2b: Froslass|1
|-damage|p2a: Dragonite|38/100 par
|-damage|p2b: Froslass|18/100
|move|p2b: Froslass|Shadow Ball|p1a: Delphox
|-supereffective|p1a: Delphox|1
|-damage|p1a: Delphox|40/100
|move|p2a: Dragonite|Dragon Claw|p1a: Delphox
|-damage|p1a: Delphox|0 fnt
|faint|p1a: Delphox
|-damage|p2a: Dragonite|28/100 par|[from] item: Life Orb
|
|-weather|Snowscape|[upkeep]
|upkeep
|
|t:|1784087793
|switch|p1a: Sneasler|Sneasler, L50, F, shiny|48/100
|turn|3
|j| creed revival tour
|
|t:|1784087811
|switch|p2b: Kingambit|Kingambit, L50, M|100/100
|cant|p2a: Dragonite|par
|move|p1a: Sneasler|Dire Claw|p2a: Dragonite
|-damage|p2a: Dragonite|0 fnt
|faint|p2a: Dragonite
|move|p1b: Incineroar|Throat Chop|p2b: Kingambit
|-resisted|p2b: Kingambit|1
|-damage|p2b: Kingambit|88/100
|-start|p2b: Kingambit|Throat Chop|[silent]
|
|-weather|Snowscape|[upkeep]
|upkeep
|
|t:|1784087822
|switch|p2a: Sneasler|Sneasler, L50, F|100/100
|turn|4
|
|t:|1784087839
|switch|p1b: Sinistcha|Sinistcha-Masterpiece, L50, shiny|100/100
|-heal|p1a: Sneasler|73/100|[from] ability: Hospitality|[of] p1b: Sinistcha
|move|p2b: Kingambit|Protect|p2b: Kingambit
|-singleturn|p2b: Kingambit|Protect
|move|p1a: Sneasler|Close Combat|p2a: Sneasler
|-resisted|p2a: Sneasler|1
|-damage|p2a: Sneasler|45/100
|-unboost|p1a: Sneasler|def|1
|-unboost|p1a: Sneasler|spd|1
|-enditem|p1a: Sneasler|White Herb
|-clearnegativeboost|p1a: Sneasler|[silent]
|move|p2a: Sneasler|Close Combat|p1a: Sneasler
|-resisted|p1a: Sneasler|1
|-crit|p1a: Sneasler
|-damage|p1a: Sneasler|0 fnt
|-unboost|p2a: Sneasler|def|1
|-unboost|p2a: Sneasler|spd|1
|faint|p1a: Sneasler
|
|-weather|Snowscape|[upkeep]
|-end|p2b: Kingambit|Throat Chop|[silent]
|upkeep
|
|t:|1784087855
|switch|p1a: Incineroar|Incineroar, L50, M, shiny|78/100
|-ability|p1a: Incineroar|Intimidate|boost
|-unboost|p2a: Sneasler|atk|1
|-unboost|p2b: Kingambit|atk|1
|-ability|p2b: Kingambit|Defiant|boost
|-boost|p2b: Kingambit|atk|2
|turn|5
|
|t:|1784087865
|switch|p2a: Froslass|Froslass-Mega, L50, F|18/100
|move|p1b: Sinistcha|Rage Powder|p1b: Sinistcha
|-singleturn|p1b: Sinistcha|move: Rage Powder
|move|p1a: Incineroar|Flare Blitz|p2b: Kingambit
|-supereffective|p2b: Kingambit|1
|-damage|p2b: Kingambit|15/100
|-damage|p1a: Incineroar|53/100|[from] Recoil
|move|p2b: Kingambit|Kowtow Cleave|p1b: Sinistcha
|-supereffective|p1b: Sinistcha|1
|-damage|p1b: Sinistcha|0 fnt
|faint|p1b: Sinistcha
|
|-weather|none
|upkeep
|turn|6
|
|t:|1784087880
|move|p2b: Kingambit|Sucker Punch|p1a: Incineroar
|-resisted|p1a: Incineroar|1
|-damage|p1a: Incineroar|20/100y
|move|p2a: Froslass|Shadow Ball|p1a: Incineroar
|-resisted|p1a: Incineroar|1
|-damage|p1a: Incineroar|6/100
|move|p1a: Incineroar|Flare Blitz|p2a: Froslass
|-supereffective|p2a: Froslass|1
|-damage|p2a: Froslass|0 fnt
|faint|p2a: Froslass
|-damage|p1a: Incineroar|1/100|[from] Recoil
|
|upkeep
|
|t:|1784087885
|switch|p2a: Sneasler|Sneasler, L50, F|45/100
|turn|7
|
|t:|1784087889
|move|p2a: Sneasler|Fake Out|p1a: Incineroar
|-damage|p1a: Incineroar|0 fnt
|faint|p1a: Incineroar
|
|win|starlight74
|raw|Mr James Freak's rating: 1405 → 1386(-19 for losing)
|raw|starlight74's rating: 1418 → 1437(+19 for winning)
