|j|☆cns14774
|j|☆reallove85tw
|html|cns14774reallove85tw    
|uhtml|bestof|Game 2 of a best-of-3
|t:|1786104518
|gametype|doubles
|player|p1|cns14774|red|
|player|p2|reallove85tw|acerola|
|gen|9
|tier|[Gen 9 Champions] VGC 2026 Reg M-B (Bo3)
|rule|Species Clause: Limit one of each Pokémon
|rule|Item Clause: Limit 1 of each item
|clearpoke
|poke|p1|Raichu, L50, F|
|poke|p1|Staraptor, L50, F|
|poke|p1|Arcanine-Hisui, L50, M|
|poke|p1|Farigiraf, L50, M|
|poke|p1|Sylveon, L50, F|
|poke|p1|Kingambit, L50, M|
|poke|p2|Raichu, L50, F|
|poke|p2|Staraptor, L50, F|
|poke|p2|Arcanine-Hisui, L50, M|
|poke|p2|Farigiraf, L50, M|
|poke|p2|Sylveon, L50, F|
|poke|p2|Kingambit, L50, M|
|teampreview|4
|showteam|p1|Raichu||RaichuniteY|LightningRod|ZapCannon,FocusBlast,FakeOut,Protect|Timid||F|||50|]Staraptor||Staraptite|Intimidate|CloseCombat,DualWingbeat,Tailwind,Protect|Jolly||F|||50|]Arcanine-Hisui||FocusSash|RockHead|FlareBlitz,HeadSmash,ExtremeSpeed,Protect|Jolly||M|||50|]Farigiraf||SitrusBerry|ArmorTail|Psychic,HelpingHand,TrickRoom,Protect|Calm||M|||50|]Sylveon||FairyFeather|Pixilate|HyperVoice,QuickAttack,HyperBeam,Detect|Modest||F|||50|]Kingambit||LifeOrb|Defiant|KowtowCleave,SuckerPunch,SwordsDance,Protect|Adamant||M|||50|
|showteam|p2|Raichu||RaichuniteY|LightningRod|ZapCannon,FocusBlast,FakeOut,Protect|Timid||F|||50|]Staraptor||Staraptite|Intimidate|CloseCombat,DualWingbeat,Tailwind,Protect|Jolly||F|||50|]Arcanine-Hisui||FocusSash|RockHead|FlareBlitz,HeadSmash,ExtremeSpeed,Protect|Jolly||M|||50|]Farigiraf||SitrusBerry|ArmorTail|Psychic,HelpingHand,TrickRoom,Protect|Calm||M|||50|]Sylveon||FairyFeather|Pixilate|HyperVoice,QuickAttack,HyperBeam,Detect|Modest||F|||50|]Kingambit||LifeOrb|Defiant|KowtowCleave,SuckerPunch,SwordsDance,Protect|Adamant||M|||50|
|inactive|Battle timer is ON: inactive players will automatically lose when time's up. (requested by cns14774)
|inactive|cns14774 has 60 seconds left.
|inactive|cns14774 has 30 seconds left.
|inactive|cns14774 has 20 seconds left.
|inactive|cns14774 has 15 seconds left.
|inactive|cns14774 has 10 seconds left.
|inactive|cns14774 has 5 seconds left.
|j| aim1995
|
|t:|1786104607
|teamsize|p1|4
|teamsize|p2|4
|start
|switch|p1a: Raichu|Raichu, L50, F|100/100
|switch|p1b: Sylveon|Sylveon, L50, F|100/100
|switch|p2a: Raichu|Raichu, L50, F|100/100
|switch|p2b: Arcanine|Arcanine-Hisui, L50, M|100/100
|turn|1
|inactive|cns14774 has 30 seconds left.
|
|t:|1786104640
|switch|p1b: Staraptor|Staraptor, L50, F|100/100
|-ability|p1b: Staraptor|Intimidate|boost
|-unboost|p2a: Raichu|atk|1
|-unboost|p2b: Arcanine|atk|1
|move|p1a: Raichu|Fake Out|p2b: Arcanine
|-resisted|p2b: Arcanine|1
|-damage|p2b: Arcanine|95/100
|move|p2a: Raichu|Fake Out|p1a: Raichu
|-damage|p1a: Raichu|91/100
|cant|p2b: Arcanine|flinch
|
|upkeep
|turn|2
|inactive|cns14774 has 30 seconds left.
|inactive|reallove85tw has 30 seconds left.
|inactive|cns14774 has 20 seconds left.
|inactive|reallove85tw has 20 seconds left.
|inactive|cns14774 has 15 seconds left.
|inactive|cns14774 has 10 seconds left.
|
|t:|1786104687
|switch|p2a: Staraptor|Staraptor, L50, F|100/100
|-ability|p2a: Staraptor|Intimidate|boost
|-unboost|p1a: Raichu|atk|1
|-unboost|p1b: Staraptor|atk|1
|switch|p2b: Sylveon|Sylveon, L50, F|100/100
|detailschange|p1b: Staraptor|Staraptor-Mega, L50, F
|-mega|p1b: Staraptor|Staraptor|Staraptite
|move|p1a: Raichu|Focus Blast|p2b: Sylveon
|-resisted|p2b: Sylveon|1
|-damage|p2b: Sylveon|90/100
|move|p1b: Staraptor|Tailwind|p1b: Staraptor
|-sidestart|p1: cns14774|move: Tailwind
|
|upkeep
|turn|3
|inactive|cns14774 has 30 seconds left.
|inactive|reallove85tw has 30 seconds left.
|j| kuoli00021
|inactive|cns14774 has 20 seconds left.
|inactive|cns14774 has 15 seconds left.
|inactive|cns14774 has 10 seconds left.
|
|t:|1786104735
|detailschange|p2a: Staraptor|Staraptor-Mega, L50, F
|-mega|p2a: Staraptor|Staraptor|Staraptite
|move|p1b: Staraptor|Protect|p1b: Staraptor
|-singleturn|p1b: Staraptor|Protect
|move|p1a: Raichu|Zap Cannon|p2a: Staraptor
|-supereffective|p2a: Staraptor|1
|-damage|p2a: Staraptor|9/100
|-status|p2a: Staraptor|par
|move|p2a: Staraptor|Close Combat|p1a: Raichu
|-damage|p1a: Raichu|0 fnt
|-boost|p2a: Staraptor|def|1
|-boost|p2a: Staraptor|spd|1
|faint|p1a: Raichu
|move|p2b: Sylveon|Hyper Voice|p1b: Staraptor
|-activate|p1b: Staraptor|move: Protect
|
|upkeep
|
|t:|1786104744
|switch|p1a: Arcanine|Arcanine-Hisui, L50, M|100/100
|turn|4
|inactive|cns14774 has 30 seconds left.
|inactive|cns14774 has 20 seconds left.
|inactive|cns14774 has 15 seconds left.
|inactive|cns14774 has 10 seconds left.
|
|t:|1786104792
|cant|p2a: Staraptor|par
|move|p2b: Sylveon|Detect|p2b: Sylveon
|-singleturn|p2b: Sylveon|Protect
|move|p1b: Staraptor|Close Combat|p2a: Staraptor
|-resisted|p2a: Staraptor|1
|-damage|p2a: Staraptor|0 fnt
|-boost|p1b: Staraptor|def|1
|-boost|p1b: Staraptor|spd|1
|faint|p2a: Staraptor
|move|p1a: Arcanine|Flare Blitz|p2b: Sylveon
|-activate|p2b: Sylveon|move: Protect
|
|upkeep
|
|t:|1786104807
|switch|p2a: Raichu|Raichu, L50, F|100/100
|turn|5
|inactive|cns14774 has 30 seconds left.
|
|t:|1786104841
|move|p1b: Staraptor|Protect|p1b: Staraptor
|-singleturn|p1b: Staraptor|Protect
|move|p1a: Arcanine|Protect|p1a: Arcanine
|-singleturn|p1a: Arcanine|Protect
|move|p2a: Raichu|Fake Out|p1a: Arcanine
|-activate|p1a: Arcanine|move: Protect
|move|p2b: Sylveon|Hyper Beam|p1b: Staraptor
|-activate|p1b: Staraptor|move: Protect
|
|-sideend|p1: cns14774|move: Tailwind
|upkeep
|turn|6
|inactive|cns14774 has 30 seconds left.
|inactive|cns14774 has 20 seconds left.
|inactive|cns14774 has 15 seconds left.
|
|t:|1786104882
|switch|p1b: Sylveon|Sylveon, L50, F|100/100
|move|p2a: Raichu|Focus Blast|p1a: Arcanine
|-supereffective|p1a: Arcanine|1
|-damage|p1a: Arcanine|37/100
|move|p1a: Arcanine|Flare Blitz|p2a: Raichu
|-damage|p2a: Raichu|8/100
|move|p2b: Sylveon|Hyper Voice|p1b: Sylveon|[spread] p1a,p1b
|-resisted|p1a: Arcanine|1
|-damage|p1a: Arcanine|6/100
|-damage|p1b: Sylveon|60/100
|
|upkeep
|turn|7
|inactive|cns14774 has 30 seconds left.
|j| E10tsetingteam
|inactive|cns14774 has 20 seconds left.
|inactive|cns14774 has 15 seconds left.
|inactive|cns14774 has 10 seconds left.
|inactive|cns14774 has 5 seconds left.
|
|t:|1786104936
|move|p1a: Arcanine|Extreme Speed|p2a: Raichu
|-damage|p2a: Raichu|0 fnt
|faint|p2a: Raichu
|move|p2b: Sylveon|Hyper Beam|p1b: Sylveon
|-damage|p1b: Sylveon|0 fnt
|-mustrecharge|p2b: Sylveon
|faint|p1b: Sylveon
|
|upkeep
|
|t:|1786104939
|switch|p2a: Arcanine|Arcanine-Hisui, L50, M|95/100
|switch|p1b: Staraptor|Staraptor-Mega, L50, F|100/100
|turn|8
|inactive|cns14774 has 30 seconds left.
|inactive|cns14774 has 20 seconds left.
|inactive|cns14774 has 15 seconds left.
|inactive|cns14774 has 10 seconds left.
|
|t:|1786104988
|move|p1b: Staraptor|Tailwind|p1b: Staraptor
|-sidestart|p1: cns14774|move: Tailwind
|move|p1a: Arcanine|Head Smash|p2a: Arcanine
|-supereffective|p2a: Arcanine|1
|-damage|p2a: Arcanine|0 fnt
|faint|p2a: Arcanine
|cant|p2b: Sylveon|recharge
|
|upkeep
|turn|9
|j| ChienX2
|
|t:|1786105012
|move|p2b: Sylveon|Detect|p2b: Sylveon
|-singleturn|p2b: Sylveon|Protect
|move|p1b: Staraptor|Dual Wingbeat|p2b: Sylveon
|-activate|p2b: Sylveon|move: Protect
|move|p1a: Arcanine|Flare Blitz|p2b: Sylveon
|-activate|p2b: Sylveon|move: Protect
|
|upkeep
|turn|10
|
|t:|1786105020
|move|p1b: Staraptor|Dual Wingbeat|p2b: Sylveon|[miss]
|-miss|p1b: Staraptor|p2b: Sylveon
|move|p1a: Arcanine|Flare Blitz|p2b: Sylveon
|-damage|p2b: Sylveon|27/100
|move|p2b: Sylveon|Hyper Voice|p1a: Arcanine|[spread] p1a,p1b
|-resisted|p1a: Arcanine|1
|-supereffective|p1b: Staraptor|1
|-damage|p1a: Arcanine|0 fnt
|-damage|p1b: Staraptor|0 fnt
|faint|p1a: Arcanine
|faint|p1b: Staraptor
|
|win|reallove85tw
||reallove85tw is ready for game 3.
||cns14774 is ready for game 3.
|uhtml|next|Next: Game 3 of 3
|c| kuoli00021|WOW
|j| zuutokei2
|l| E10tsetingteam
|l|☆cns14774
|player|p1|
|l| ChienX2
