|j|☆spellbreakvgc
|j|☆C0ozer
|html|spellbreakvgcC0ozer    
|uhtml|bestof|Game 3 of a best-of-3
|t:|1756754895
|gametype|doubles
|player|p1|spellbreakvgc|lance|1109
|player|p2|C0ozer|266|1025
|gen|9
|tier|[Gen 9] VGC 2025 Reg H (Bo3)
|rated|
|rule|Species Clause: Limit one of each Pokémon
|rule|Item Clause: Limit 1 of each item
|clearpoke
|poke|p1|Charizard, L50, F|
|poke|p1|Torkoal, L50, F|
|poke|p1|Porygon2, L50|
|poke|p1|Incineroar, L50, M|
|poke|p1|Jumpluff, L50, F|
|poke|p1|Ursaluna, L50, F|
|poke|p2|Ursaluna-Bloodmoon, L50, M|
|poke|p2|Gholdengo, L50|
|poke|p2|Dragonite, L50, M|
|poke|p2|Sneasler, L50, F|
|poke|p2|Incineroar, L50, M|
|poke|p2|Amoonguss, L50, M|
|teampreview|4
|showteam|p1|Charizard||ChoiceSpecs|SolarPower|HeatWave,DragonPulse,WeatherBall,AirSlash|||F|||50|,,,,,Ghost]Torkoal||EjectPack|Drought|Eruption,Overheat,HelpingHand,Protect|||F|||50|,,,,,Fire]Porygon2||Eviolite|Download|TeraBlast,IceBeam,Recover,TrickRoom||||||50|,,,,,Fighting]Incineroar||SitrusBerry|Intimidate|FlareBlitz,KnockOff,FakeOut,PartingShot|||M|||50|,,,,,Ghost]Jumpluff||CovertCloak|Chlorophyll|SleepPowder,SunnyDay,RagePowder,Tailwind|||F|||50|,,,,,Water]Ursaluna||FlameOrb|Guts|HeadlongRush,Facade,Earthquake,Protect|||F|||50|,,,,,Ghost
|showteam|p2|Ursaluna-Bloodmoon||AssaultVest|MindsEye|BloodMoon,EarthPower,VacuumWave,HyperVoice|||M|||50|,,,,,Water]Gholdengo||LifeOrb|GoodasGold|Protect,MakeItRain,ShadowBall,NastyPlot||||||50|,,,,,Water]Dragonite||LoadedDice|Multiscale|ScaleShot,Tailwind,Haze,Protect|||M|||50|,,,,,Fairy]Sneasler||FocusSash|Unburden|Protect,DireClaw,CloseCombat,ThroatChop|||F|||50|,,,,,Stellar]Incineroar||SafetyGoggles|Intimidate|KnockOff,PartingShot,FlareBlitz,FakeOut|||M|||50|,,,,,Ghost]Amoonguss||SitrusBerry|Regenerator|RagePowder,Spore,PollenPuff,Protect|||M|||50|,,,,,Psychic
|inactive|Battle timer is ON: inactive players will automatically lose when time's up. (requested by C0ozer)
|
|t:|1756754907
|teamsize|p1|4
|teamsize|p2|4
|start
|switch|p1a: Jumpluff|Jumpluff, L50, F|100/100
|switch|p1b: Charizard|Charizard, L50, F, shiny|100/100
|switch|p2a: Ursaluna|Ursaluna-Bloodmoon, L50, M|100/100
|switch|p2b: Dragonite|Dragonite, L50, M, shiny|100/100
|turn|1
|inactive|spellbreakvgc has 30 seconds left.
|inactive|C0ozer has 30 seconds left.
|
|t:|1756754942
|move|p1a: Jumpluff|Sleep Powder|p2b: Dragonite
|-status|p2b: Dragonite|slp|[from] move: Sleep Powder
|move|p1b: Charizard|Heat Wave|p2b: Dragonite|[spread] p2a,p2b
|-resisted|p2b: Dragonite
|-damage|p2a: Ursaluna|70/100
|-damage|p2b: Dragonite|87/100 slp
|cant|p2b: Dragonite|slp
|move|p2a: Ursaluna|Blood Moon|p1a: Jumpluff
|-crit|p1a: Jumpluff
|-damage|p1a: Jumpluff|0 fnt
|faint|p1a: Jumpluff
|
|upkeep
|
|t:|1756754961
|switch|p1a: Incineroar|Incineroar, L50, M|100/100
|-ability|p1a: Incineroar|Intimidate|boost
|-unboost|p2a: Ursaluna|atk|1
|-unboost|p2b: Dragonite|atk|1
|turn|2
|
|t:|1756754971
|switch|p2b: Incineroar|Incineroar, L50, M, shiny|100/100
|-ability|p2b: Incineroar|Intimidate|boost
|-unboost|p1a: Incineroar|atk|1
|-unboost|p1b: Charizard|atk|1
|move|p1a: Incineroar|Fake Out|p2a: Ursaluna
|-damage|p2a: Ursaluna|64/100
|move|p1b: Charizard|Heat Wave|p2a: Ursaluna|[spread] p2a,p2b
|-resisted|p2b: Incineroar
|-damage|p2a: Ursaluna|32/100
|-damage|p2b: Incineroar|79/100
|cant|p2a: Ursaluna|flinch
|
|upkeep
|turn|3
|inactive|spellbreakvgc has 30 seconds left.
|
|t:|1756755002
|move|p1b: Charizard|Heat Wave|p2a: Ursaluna|[spread] p2b
|-miss|p1b: Charizard|p2a: Ursaluna
|-resisted|p2b: Incineroar
|-damage|p2b: Incineroar|58/100
|move|p1a: Incineroar|Flare Blitz|p2a: Ursaluna
|-damage|p2a: Ursaluna|7/100
|-damage|p1a: Incineroar|92/100|[from] Recoil
|move|p2b: Incineroar|Parting Shot|p1a: Incineroar
|-unboost|p1a: Incineroar|atk|1
|-unboost|p1a: Incineroar|spa|1
|
|t:|1756755016
|switch|p2b: Dragonite|Dragonite, L50, M, shiny|87/100 slp|[from] Parting Shot
|move|p2a: Ursaluna|Earth Power|p1b: Charizard
|-immune|p1b: Charizard
|
|upkeep
|turn|4
|
|t:|1756755027
|switch|p1a: Ursaluna|Ursaluna, L50, F|100/100
|move|p1b: Charizard|Heat Wave|p2b: Dragonite|[spread] p2a,p2b
|-resisted|p2b: Dragonite
|-damage|p2a: Ursaluna|0 fnt
|-damage|p2b: Dragonite|60/100 slp
|faint|p2a: Ursaluna
|cant|p2b: Dragonite|slp
|
|-status|p1a: Ursaluna|brn|[from] item: Flame Orb
|upkeep
|
|t:|1756755036
|switch|p2a: Incineroar|Incineroar, L50, M, shiny|58/100
|-ability|p2a: Incineroar|Intimidate|boost
|-unboost|p1a: Ursaluna|atk|1
|-unboost|p1b: Charizard|atk|1
|turn|5
|
|t:|1756755049
|switch|p1a: Incineroar|Incineroar, L50, M|92/100
|-ability|p1a: Incineroar|Intimidate|boost
|-unboost|p2a: Incineroar|atk|1
|-unboost|p2b: Dragonite|atk|1
|move|p2a: Incineroar|Fake Out|p1a: Incineroar
|-damage|p1a: Incineroar|84/100
|move|p1b: Charizard|Heat Wave|p2b: Dragonite|[spread] p2a,p2b
|-resisted|p2a: Incineroar
|-resisted|p2b: Dragonite
|-damage|p2a: Incineroar|35/100
|-damage|p2b: Dragonite|35/100 slp
|-curestatus|p2b: Dragonite|slp|[msg]
|move|p2b: Dragonite|Tailwind|p2b: Dragonite
|-sidestart|p2: C0ozer|move: Tailwind
|
|upkeep
|turn|6
|
|t:|1756755074
|move|p2b: Dragonite|Protect|p2b: Dragonite
|-singleturn|p2b: Dragonite|Protect
|move|p1a: Incineroar|Fake Out|p2b: Dragonite
|-activate|p2b: Dragonite|move: Protect
|move|p2a: Incineroar|Parting Shot|p1b: Charizard
|-unboost|p1b: Charizard|atk|1
|-unboost|p1b: Charizard|spa|1
|
|t:|1756755082
|switch|p2a: Gholdengo|Gholdengo, L50, shiny|100/100|[from] Parting Shot
|move|p1b: Charizard|Heat Wave|p2b: Dragonite|[spread] p2a
|-activate|p2b: Dragonite|move: Protect
|-supereffective|p2a: Gholdengo
|-damage|p2a: Gholdengo|30/100
|
|upkeep
|turn|7
|
|t:|1756755100
|switch|p1b: Ursaluna|Ursaluna, L50, F|100/100 brn
|-terastallize|p2a: Gholdengo|Water
|move|p2a: Gholdengo|Make It Rain|p1b: Ursaluna|[spread] p1a,p1b
|-resisted|p1a: Incineroar
|-damage|p1a: Incineroar|58/100
|-damage|p1b: Ursaluna|45/100 brn
|-unboost|p2a: Gholdengo|spa|1
|-damage|p2a: Gholdengo|21/100|[from] item: Life Orb
|move|p2b: Dragonite|Scale Shot|p1b: Ursaluna|[miss]
|-miss|p2b: Dragonite|p1b: Ursaluna
|move|p1a: Incineroar|Parting Shot|p2b: Dragonite
|-unboost|p2b: Dragonite|atk|1
|-unboost|p2b: Dragonite|spa|1
|
|t:|1756755119
|switch|p1a: Charizard|Charizard, L50, F, shiny|100/100|[from] Parting Shot
|
|-damage|p1b: Ursaluna|39/100 brn|[from] brn
|upkeep
|turn|8
|
|t:|1756755137
|switch|p2b: Incineroar|Incineroar, L50, M, shiny|35/100
|-ability|p2b: Incineroar|Intimidate|boost
|-unboost|p1a: Charizard|atk|1
|-unboost|p1b: Ursaluna|atk|1
|switch|p1a: Incineroar|Incineroar, L50, M|58/100
|-ability|p1a: Incineroar|Intimidate|boost
|-unboost|p2a: Gholdengo|atk|1
|-unboost|p2b: Incineroar|atk|1
|move|p1b: Ursaluna|Protect|p1b: Ursaluna
|-singleturn|p1b: Ursaluna|Protect
|move|p2a: Gholdengo|Make It Rain|p1b: Ursaluna|[spread] p1a
|-activate|p1b: Ursaluna|move: Protect
|-resisted|p1a: Incineroar
|-damage|p1a: Incineroar|39/100
|-unboost|p2a: Gholdengo|spa|1
|-enditem|p1a: Incineroar|Sitrus Berry|[eat]
|-heal|p1a: Incineroar|63/100|[from] item: Sitrus Berry
|-damage|p2a: Gholdengo|11/100|[from] item: Life Orb
|
|-damage|p1b: Ursaluna|33/100 brn|[from] brn
|-sideend|p2: C0ozer|move: Tailwind
|upkeep
|turn|9
|inactive|spellbreakvgc has 30 seconds left.
|inactive|C0ozer has 30 seconds left.
|
|t:|1756755165
|-terastallize|p1b: Ursaluna|Ghost
|move|p2a: Gholdengo|Protect|p2a: Gholdengo
|-singleturn|p2a: Gholdengo|Protect
|move|p1a: Incineroar|Fake Out|p2a: Gholdengo
|-activate|p2a: Gholdengo|move: Protect
|move|p2b: Incineroar|Fake Out|p1b: Ursaluna
|-immune|p1b: Ursaluna
|move|p1b: Ursaluna|Earthquake|p2b: Incineroar|[spread] p1a,p2b
|-activate|p2a: Gholdengo|move: Protect
|-supereffective|p1a: Incineroar
|-supereffective|p2b: Incineroar
|-damage|p1a: Incineroar|0 fnt
|-damage|p2b: Incineroar|0 fnt
|faint|p1a: Incineroar
|faint|p2b: Incineroar
|
|-damage|p1b: Ursaluna|27/100 brn|[from] brn
|upkeep
|
|t:|1756755180
|switch|p1a: Charizard|Charizard, L50, F, shiny|100/100
|switch|p2b: Dragonite|Dragonite, L50, M, shiny|35/100
|turn|10
|
|t:|1756755202
|move|p1a: Charizard|Heat Wave|p2b: Dragonite|[spread] p2a,p2b
|-resisted|p2a: Gholdengo
|-resisted|p2b: Dragonite
|-damage|p2a: Gholdengo|0 fnt
|-damage|p2b: Dragonite|10/100
|faint|p2a: Gholdengo
|move|p2b: Dragonite|Scale Shot|p1b: Ursaluna
|-damage|p1b: Ursaluna|15/100 brn
|-crit|p1b: Ursaluna
|-damage|p1b: Ursaluna|0 fnt
|faint|p1b: Ursaluna
|-hitcount|p1: Ursaluna|2
|-unboost|p2b: Dragonite|def|1
|-boost|p2b: Dragonite|spe|1
|
|upkeep
|turn|11
|
|t:|1756755215
|move|p2b: Dragonite|Scale Shot|p1a: Charizard|[miss]
|-miss|p2b: Dragonite|p1a: Charizard
|move|p1a: Charizard|Heat Wave|p2b: Dragonite
|-resisted|p2b: Dragonite
|-damage|p2b: Dragonite|0 fnt
|faint|p2b: Dragonite
|
|win|spellbreakvgc
