|j|☆MaxwellBaker
|j|☆Sneasler on Crack
|html|MaxwellBakerSneasler on Crack    
|uhtml|bestof|Game 1 of a best-of-3
|t:|1784923757
|gametype|doubles
|player|p1|MaxwellBaker|102|1082
|player|p2|Sneasler on Crack|giovanni|1203
|gen|9
|tier|[Gen 9 Champions] VGC 2026 Reg M-B (Bo3)
|rated|
|rule|Species Clause: Limit one of each Pokémon
|rule|Item Clause: Limit 1 of each item
|clearpoke
|poke|p1|Decidueye-Hisui, L50, F|
|poke|p1|Florges, L50, F|
|poke|p1|Raichu, L50, F|
|poke|p1|Incineroar, L50, M|
|poke|p1|Staraptor, L50, M|
|poke|p1|Milotic, L50, F|
|poke|p2|Raichu, L50, F|
|poke|p2|Mamoswine, L50, F|
|poke|p2|Farigiraf, L50, F|
|poke|p2|Scovillain, L50, F|
|poke|p2|Basculegion, L50, M|
|poke|p2|Dragonite, L50, M|
|teampreview|4
|showteam|p1|Decidueye-Hisui||ScopeLens|Scrappy|TripleArrows,LeafBlade,SuckerPunch,Protect|Jolly||F|||50|]Florges||LifeOrb|FlowerVeil|Moonblast,Psychic,PollenPuff,Protect|Modest||F|||50|]Raichu||RaichuniteY|LightningRod|FakeOut,ZapCannon,FocusBlast,Protect|Timid||F|||50|]Incineroar||SitrusBerry|Intimidate|FakeOut,FlareBlitz,ThroatChop,PartingShot|Careful||M|||50|]Staraptor||Staraptite|Intimidate|BraveBird,CloseCombat,Tailwind,Protect|Jolly||M|||50|]Milotic||Leftovers|Competitive|Scald,IceBeam,Haze,Protect|Bold||F|||50|
|showteam|p2|Raichu||RaichuniteY|LightningRod|ZapCannon,FocusBlast,FakeOut,Protect|Timid||F|||50|]Mamoswine||LifeOrb|Oblivious|HighHorsepower,IcicleCrash,IceShard,Protect|Adamant||F|||50|]Farigiraf||ColburBerry|ArmorTail|TwinBeam,Thunderbolt,HelpingHand,TrickRoom|Calm||F|||50|]Scovillain||Scovillainite|Insomnia|Flamethrower,LeechSeed,RagePowder,Protect|Bold||F|||50|]Basculegion||ChoiceScarf|Adaptability|WaveCrash,LastRespects,FlipTurn,AquaJet|Jolly||M|||50|]Dragonite||LumBerry|Multiscale|DragonClaw,LowKick,ExtremeSpeed,Protect|Adamant||M|||50|
|
|t:|1784923814
|teamsize|p1|4
|teamsize|p2|4
|start
|switch|p1a: Raichu|Raichu, L50, F|100/100
|switch|p1b: Decidueye|Decidueye-Hisui, L50, F|100/100
|switch|p2a: Scovillain|Scovillain, L50, F|100/100
|switch|p2b: Mamoswine|Mamoswine, L50, F|100/100
|turn|1
|
|t:|1784923870
|switch|p2b: Farigiraf|Farigiraf, L50, F|100/100
|switch|p1b: Incineroar|Incineroar, L50, M|100/100
|-ability|p1b: Incineroar|Intimidate|boost
|-unboost|p2a: Scovillain|atk|1
|-unboost|p2b: Farigiraf|atk|1
|detailschange|p1a: Raichu|Raichu-Mega-Y, L50, F
|-mega|p1a: Raichu|Raichu|Raichunite Y
|detailschange|p2a: Scovillain|Scovillain-Mega, L50, F
|-mega|p2a: Scovillain|Scovillain|Scovillainite
|move|p1a: Raichu|Fake Out||[still]
|cant|p2b: Farigiraf|ability: Armor Tail|Fake Out|[of] p1a: Raichu
|move|p2a: Scovillain|Flamethrower|p1b: Incineroar
|-resisted|p1b: Incineroar|1
|-damage|p1b: Incineroar|85/100
|
|upkeep
|turn|2
|
|t:|1784923905
|move|p1a: Raichu|Focus Blast|p2a: Scovillain
|-damage|p2a: Scovillain|60/100
|-status|p1a: Raichu|brn|[from] ability: Spicy Spray|[of] p2a: Scovillain
|move|p2a: Scovillain|Leech Seed|p1a: Raichu
|-start|p1a: Raichu|move: Leech Seed
|move|p2b: Farigiraf|Twin Beam|p1a: Raichu
|-damage|p1a: Raichu|80/100 brn
|-damage|p1a: Raichu|58/100 brn
|-hitcount|p1a: Raichu|2
|move|p1b: Incineroar|Throat Chop|p2b: Farigiraf
|-supereffective|p2b: Farigiraf|1
|-enditem|p2b: Farigiraf|Colbur Berry|[eat]
|-enditem|p2b: Farigiraf|Colbur Berry|[weaken]
|-damage|p2b: Farigiraf|70/100
|-start|p2b: Farigiraf|Throat Chop|[silent]
|
|-damage|p1a: Raichu|46/100 brn|[from] Leech Seed|[of] p2a: Scovillain
|-heal|p2a: Scovillain|71/100|[silent]
|-damage|p1a: Raichu|41/100 brn|[from] brn
|upkeep
|turn|3
|
|t:|1784923934
|switch|p1a: Florges|Florges, L50, F|100/100
|switch|p2b: Mamoswine|Mamoswine, L50, F|100/100
|move|p2a: Scovillain|Leech Seed|p1a: Florges
|-start|p1a: Florges|move: Leech Seed
|move|p1b: Incineroar|Flare Blitz|p2a: Scovillain
|-damage|p2a: Scovillain|29/100
|-immune|p1b: Incineroar
|-damage|p1b: Incineroar|73/100|[from] Recoil
|
|-damage|p1a: Florges|87/100|[from] Leech Seed|[of] p2a: Scovillain
|-heal|p2a: Scovillain|40/100|[silent]
|upkeep
|turn|4
|
|t:|1784923969
|switch|p1a: Decidueye|Decidueye-Hisui, L50, F|100/100
|move|p2b: Mamoswine|High Horsepower|p1b: Incineroar
|-supereffective|p1b: Incineroar|1
|-damage|p1b: Incineroar|0 fnt
|faint|p1b: Incineroar
|-damage|p2b: Mamoswine|90/100|[from] item: Life Orb
|move|p2a: Scovillain|Flamethrower|p1a: Decidueye
|-supereffective|p1a: Decidueye|1
|-damage|p1a: Decidueye|6/100
|
|upkeep
|
|t:|1784923985
|switch|p1b: Raichu|Raichu-Mega-Y, L50, F|41/100 brn
|turn|5
|
|t:|1784924019
|move|p2b: Mamoswine|Protect|p2b: Mamoswine
|-singleturn|p2b: Mamoswine|Protect
|move|p2a: Scovillain|Protect|p2a: Scovillain
|-singleturn|p2a: Scovillain|Protect
|move|p1b: Raichu|Focus Blast|p2b: Mamoswine
|-activate|p2b: Mamoswine|move: Protect
|move|p1a: Decidueye|Triple Arrows|p2b: Mamoswine
|-activate|p2b: Mamoswine|move: Protect
|
|-damage|p1b: Raichu|35/100 brn|[from] brn
|upkeep
|turn|6
|
|t:|1784924032
|move|p2b: Mamoswine|Ice Shard|p1b: Raichu
|-damage|p1b: Raichu|0 fnt
|faint|p1b: Raichu
|-damage|p2b: Mamoswine|80/100|[from] item: Life Orb
|move|p1a: Decidueye|Triple Arrows|p2b: Mamoswine
|-supereffective|p2b: Mamoswine|1
|-crit|p2b: Mamoswine
|-damage|p2b: Mamoswine|0 fnt
|faint|p2b: Mamoswine
|move|p2a: Scovillain|Flamethrower|p1a: Decidueye
|-supereffective|p1a: Decidueye|1
|-damage|p1a: Decidueye|0 fnt
|faint|p1a: Decidueye
|
|upkeep
|
|t:|1784924050
|switch|p2b: Farigiraf|Farigiraf, L50, F|70/100
|switch|p1a: Florges|Florges, L50, F|87/100
|turn|7
|
|t:|1784924057
|move|p1a: Florges|Pollen Puff|p2b: Farigiraf
|-supereffective|p2b: Farigiraf|1
|-damage|p2b: Farigiraf|4/100
|-damage|p1a: Florges|77/100|[from] item: Life Orb
|move|p2a: Scovillain|Leech Seed|p1a: Florges
|-start|p1a: Florges|move: Leech Seed
|move|p2b: Farigiraf|Twin Beam|p1a: Florges
|-damage|p1a: Florges|65/100
|-damage|p1a: Florges|51/100
|-hitcount|p1a: Florges|2
|
|-damage|p1a: Florges|39/100|[from] Leech Seed|[of] p2a: Scovillain
|-heal|p2a: Scovillain|51/100|[silent]
|upkeep
|turn|8
|
|t:|1784924086
|move|p2a: Scovillain|Rage Powder|p2a: Scovillain
|-singleturn|p2a: Scovillain|move: Rage Powder
|move|p1a: Florges|Psychic|p2a: Scovillain
|-damage|p2a: Scovillain|10/100
|-status|p1a: Florges|brn|[from] ability: Spicy Spray|[of] p2a: Scovillain
|-damage|p1a: Florges|29/100 brn|[from] item: Life Orb
|move|p2b: Farigiraf|Twin Beam|p1a: Florges
|-damage|p1a: Florges|17/100 brn
|-damage|p1a: Florges|3/100 brn
|-hitcount|p1a: Florges|2
|
|-damage|p1a: Florges|0 fnt|[from] Leech Seed|[of] p2a: Scovillain
|-heal|p2a: Scovillain|13/100|[silent]
|faint|p1a: Florges
|
|win|Sneasler on Crack
