|j|☆malaninja
|j|☆sweetlysunny
|html|malaninjasweetlysunny    
|uhtml|bestof|Game 1 of a best-of-3
|t:|1783294448
|gametype|doubles
|player|p1|malaninja|266|1000
|player|p2|sweetlysunny|serena|1059
|gen|9
|tier|[Gen 9 Champions] VGC 2026 Reg M-B (Bo3)
|rated|
|rule|Species Clause: Limit one of each Pokémon
|rule|Item Clause: Limit 1 of each item
|clearpoke
|poke|p1|Mawile, L50, M|
|poke|p1|Farigiraf, L50, M|
|poke|p1|Archaludon, L50, F|
|poke|p1|Torkoal, L50, F|
|poke|p1|Scrafty, L50, M|
|poke|p1|Sinistcha, L50|
|poke|p2|Torkoal, L50, F|
|poke|p2|Pyroar, L50, M|
|poke|p2|Vileplume, L50, M|
|poke|p2|Scrafty, L50, M|
|poke|p2|Farigiraf, L50, M|
|poke|p2|Sylveon, L50, F|
|teampreview|4
|showteam|p1|Mawile||Mawilite|Intimidate|KnockOff,PlayRough,Protect,IronHead|Brave||M|||50|]Farigiraf||ColburBerry|ArmorTail|TrickRoom,TwinBeam,Protect,RainDance|Quiet||M|||50|]Archaludon||BrightPowder|Stamina|ElectroShot,DragonPulse,FlashCannon,AuraSphere|Quiet||F|||50|]Torkoal||Charcoal|Drought|HeatWave,Eruption,Protect,EarthPower|Quiet||F|||50|]Scrafty||Scraftinite|Intimidate|CloseCombat,FakeOut,Protect,KnockOff|Adamant||M|||50|]Sinistcha||Leftovers|Hospitality|MatchaGotcha,TrickRoom,RagePowder,Scald|Quiet|||||50|
|showteam|p2|Torkoal||Charcoal|Drought|HeatWave,Eruption,HelpingHand,Protect|Quiet||F|||50|]Pyroar||Pyroarite|Unnerve|HeatWave,Overheat,ScorchingSands,Protect|Timid||M|||50|]Vileplume||FocusSash|Chlorophyll|EnergyBall,SludgeBomb,SleepPowder,AfterYou|Timid||M|||50|]Scrafty||Scraftinite|Intimidate|FakeOut,CloseCombat,PoisonJab,KnockOff|Brave||M|||50|]Farigiraf||SitrusBerry|ArmorTail|HyperVoice,Psychic,HelpingHand,TrickRoom|Bold||M|||50|]Sylveon||FairyFeather|Pixilate|HyperVoice,HyperBeam,QuickAttack,Protect|Quiet||F|||50|
|inactive|Battle timer is ON: inactive players will automatically lose when time's up. (requested by sweetlysunny)
|c|☆sweetlysunny|hard trick room!
|inactive|malaninja has 60 seconds left.
|inactive|sweetlysunny has 60 seconds left.
|
|t:|1783294501
|teamsize|p1|4
|teamsize|p2|4
|start
|switch|p1a: Farigiraf|Farigiraf, L50, M|100/100
|switch|p1b: Scrafty|Scrafty, L50, M|100/100
|switch|p2a: Pyroar|Pyroar, L50, M|100/100
|switch|p2b: Vileplume|Vileplume, L50, M|100/100
|-ability|p2a: Pyroar|Unnerve
|-ability|p1b: Scrafty|Intimidate|boost
|-unboost|p2a: Pyroar|atk|1
|-unboost|p2b: Vileplume|atk|1
|turn|1
|c|☆malaninja|TRICK ROOM
|inactive|malaninja has 30 seconds left.
|
|t:|1783294527
|switch|p2a: Torkoal|Torkoal, L50, F|100/100
|-weather|SunnyDay|[from] ability: Drought|[of] p2a: Torkoal
|move|p1b: Scrafty|Fake Out|p2a: Torkoal
|-damage|p2a: Torkoal|90/100
|move|p2b: Vileplume|Sleep Powder|p1a: Farigiraf
|-status|p1a: Farigiraf|slp|[from] move: Sleep Powder
|cant|p1a: Farigiraf|slp
|
|-weather|SunnyDay|[upkeep]
|upkeep
|turn|2
|
|t:|1783294546
|move|p1b: Scrafty|Protect|p1b: Scrafty
|-singleturn|p1b: Scrafty|Protect
|move|p2b: Vileplume|After You|p2a: Torkoal
|-activate|p2a: Torkoal|move: After You
|move|p2a: Torkoal|Eruption|p1b: Scrafty|[spread] p1a
|-activate|p1b: Scrafty|move: Protect
|-damage|p1a: Farigiraf|25/100 slp
|-curestatus|p1a: Farigiraf|slp|[msg]
|move|p1a: Farigiraf|Rain Dance|p1a: Farigiraf
|-weather|RainDance
|
|-weather|RainDance|[upkeep]
|upkeep
|turn|3
|
|t:|1783294568
|move|p2a: Torkoal|Protect|p2a: Torkoal
|-singleturn|p2a: Torkoal|Protect
|move|p2b: Vileplume|Sleep Powder|p1b: Scrafty
|-status|p1b: Scrafty|slp|[from] move: Sleep Powder
|cant|p1b: Scrafty|slp
|move|p1a: Farigiraf|Twin Beam|p2b: Vileplume
|-supereffective|p2b: Vileplume|1
|-damage|p2b: Vileplume|54/100
|-supereffective|p2b: Vileplume|1
|-damage|p2b: Vileplume|5/100
|-hitcount|p2b: Vileplume|2
|
|-weather|RainDance|[upkeep]
|upkeep
|turn|4
|inactive|malaninja has 30 seconds left.
|inactive|malaninja has 20 seconds left.
|
|t:|1783294606
|move|p2b: Vileplume|After You|p2a: Torkoal
|-activate|p2a: Torkoal|move: After You
|move|p2a: Torkoal|Eruption|p1b: Scrafty|[spread] p1a,p1b
|-damage|p1a: Farigiraf|1/100
|-damage|p1b: Scrafty|76/100 slp
|cant|p1b: Scrafty|slp
|move|p1a: Farigiraf|Twin Beam|p2b: Vileplume
|-supereffective|p2b: Vileplume|1
|-damage|p2b: Vileplume|0 fnt
|faint|p2b: Vileplume
|-hitcount|p2: Vileplume|1
|
|-weather|RainDance|[upkeep]
|upkeep
|
|t:|1783294614
|switch|p2b: Scrafty|Scrafty, L50, M|100/100
|-ability|p2b: Scrafty|Intimidate|boost
|-unboost|p1a: Farigiraf|atk|1
|-unboost|p1b: Scrafty|atk|1
|turn|5
|
|t:|1783294637
|switch|p2a: Pyroar|Pyroar, L50, M|100/100
|-ability|p2a: Pyroar|Unnerve
|detailschange|p2b: Scrafty|Scrafty-Mega, L50, M
|-mega|p2b: Scrafty|Scrafty|Scraftinite
|-ability|p2b: Scrafty|Intimidate|boost
|-unboost|p1a: Farigiraf|atk|1
|-unboost|p1b: Scrafty|atk|1
|-curestatus|p1b: Scrafty|slp|[msg]
|move|p1b: Scrafty|Protect|p1b: Scrafty
|-singleturn|p1b: Scrafty|Protect
|move|p1a: Farigiraf|Protect|p1a: Farigiraf
|-singleturn|p1a: Farigiraf|Protect
|move|p2b: Scrafty|Close Combat|p1b: Scrafty
|-activate|p1b: Scrafty|move: Protect
|
|-weather|RainDance|[upkeep]
|upkeep
|turn|6
|inactive|malaninja has 30 seconds left.
|inactive|malaninja has 20 seconds left.
|inactive|malaninja has 15 seconds left.
|inactive|malaninja has 10 seconds left.
|
|t:|1783294682
|switch|p2b: Torkoal|Torkoal, L50, F|90/100
|-weather|SunnyDay|[from] ability: Drought|[of] p2b: Torkoal
|move|p2a: Pyroar|Heat Wave|p1a: Farigiraf|[spread] p1a,p1b
|-damage|p1a: Farigiraf|0 fnt
|-damage|p1b: Scrafty|27/100
|faint|p1a: Farigiraf
|move|p1b: Scrafty|Close Combat|p2a: Pyroar
|-supereffective|p2a: Pyroar|1
|-damage|p2a: Pyroar|25/100
|-unboost|p1b: Scrafty|def|1
|-unboost|p1b: Scrafty|spd|1
|
|-weather|SunnyDay|[upkeep]
|upkeep
|
|t:|1783294699
|switch|p1a: Archaludon|Archaludon, L50, F|100/100
|turn|7
|
|t:|1783294719
|move|p2a: Pyroar|Heat Wave|p1b: Scrafty|[spread] p1a,p1b
|-damage|p1a: Archaludon|49/100
|-damage|p1b: Scrafty|0 fnt
|-ability|p1a: Archaludon|Stamina|boost
|-boost|p1a: Archaludon|def|1
|faint|p1b: Scrafty
|move|p1a: Archaludon|Aura Sphere|p2a: Pyroar
|-supereffective|p2a: Pyroar|1
|-damage|p2a: Pyroar|0 fnt
|faint|p2a: Pyroar
|move|p2b: Torkoal|Heat Wave|p1a: Archaludon
|-damage|p1a: Archaludon|0 fnt
|faint|p1a: Archaludon
|
|-weather|SunnyDay|[upkeep]
|upkeep
|
|t:|1783294734
|switch|p2a: Scrafty|Scrafty-Mega, L50, M|100/100
|switch|p1b: Mawile|Mawile, L50, M|100/100
|-ability|p2a: Scrafty|Intimidate|boost
|-unboost|p1b: Mawile|atk|1
|-ability|p1b: Mawile|Intimidate|boost
|-unboost|p2a: Scrafty|atk|1
|-unboost|p2b: Torkoal|atk|1
|turn|8
|
|t:|1783294743
|detailschange|p1b: Mawile|Mawile-Mega, L50, M
|-mega|p1b: Mawile|Mawile|Mawilite
|move|p1b: Mawile|Protect|p1b: Mawile
|-singleturn|p1b: Mawile|Protect
|move|p2a: Scrafty|Fake Out|p1b: Mawile
|-activate|p1b: Mawile|move: Protect
|move|p2b: Torkoal|Eruption|p1b: Mawile
|-activate|p1b: Mawile|move: Protect
|
|-weather|SunnyDay|[upkeep]
|upkeep
|turn|9
|
|t:|1783294763
|move|p2a: Scrafty|Close Combat|p1b: Mawile
|-damage|p1b: Mawile|44/100
|-unboost|p2a: Scrafty|def|1
|-unboost|p2a: Scrafty|spd|1
|move|p1b: Mawile|Play Rough|p2b: Torkoal
|-resisted|p2b: Torkoal|1
|-damage|p2b: Torkoal|68/100
|move|p2b: Torkoal|Heat Wave|p1b: Mawile
|-supereffective|p1b: Mawile|1
|-damage|p1b: Mawile|0 fnt
|faint|p1b: Mawile
|
|win|sweetlysunny
||malaninja is ready for game 2.
||sweetlysunny is ready for game 2.
|uhtml|next|Next: Game 2 of 3
