|j|☆chachidaripper
|j|☆ToastedArt
|html|chachidaripperToastedArt    
|uhtml|bestof|Game 2 of a best-of-3
|t:|1785509148
|gametype|doubles
|player|p1|chachidaripper|169|1092
|player|p2|ToastedArt|iris|1000
|gen|9
|tier|[Gen 9 Champions] VGC 2026 Reg M-B (Bo3)
|rated|
|rule|Species Clause: Limit one of each Pokémon
|rule|Item Clause: Limit 1 of each item
|clearpoke
|poke|p1|Aggron, L50, M|
|poke|p1|Incineroar, L50, M|
|poke|p1|Sinistcha-Masterpiece, L50|
|poke|p1|Tyranitar, L50, F, shiny|
|poke|p1|Toxapex, L50, M, shiny|
|poke|p1|Houndstone, L50, M, shiny|
|poke|p2|Gholdengo, L50|
|poke|p2|Maushold, L50|
|poke|p2|Falinks, L50, shiny|
|poke|p2|Ninetales-Alola, L50, F|
|poke|p2|Hydreigon, L50, M|
|poke|p2|Arcanine-Hisui, L50, M|
|teampreview|4
|showteam|p1|Aggron||Aggronite|Sturdy|BodyPress,HeavySlam,IronDefense,Protect|Impish||M|||50|]Incineroar||SitrusBerry|Intimidate|FakeOut,FlareBlitz,PartingShot,Snarl|Impish||M|||50|]Sinistcha-Masterpiece||KasibBerry|Hospitality|Protect,LifeDew,MatchaGotcha,RagePowder|Calm|||||50|]Tyranitar||Tyranitarite|SandStream|RockSlide,KnockOff,Protect,DragonDance|Adamant||F|||50|]Toxapex||Leftovers|Regenerator|Infestation,Toxic,WideGuard,BanefulBunker|Calm||M|||50|]Houndstone||FocusSash|SandRush|Endeavor,LastRespects,Howl,Protect|Adamant||M|||50|
|showteam|p2|Gholdengo||LifeOrb|GoodasGold|MakeItRain,ShadowBall,NastyPlot,Protect|Modest|||||50|]Maushold||WideLens|Technician|PopulationBomb,FollowMe,Encore,Protect|Jolly|||||50|]Falinks||Falinksite|Defiant|CloseCombat,RockSlide,NoRetreat,Protect|Adamant|||||50|]Ninetales-Alola||NeverMeltIce|SnowWarning|Blizzard,FreezeDry,AuroraVeil,Protect|Timid||F|||50|]Hydreigon||HabanBerry|Levitate|DracoMeteor,DarkPulse,Tailwind,Protect|Modest||M|||50|]Arcanine-Hisui||FocusSash|RockHead|FlareBlitz,HeadSmash,ExtremeSpeed,Protect|Jolly||M|||50|
|inactive|Battle timer is ON: inactive players will automatically lose when time's up. (requested by ToastedArt)
|inactive|chachidaripper has 60 seconds left.
|inactive|ToastedArt has 60 seconds left.
|inactive|ToastedArt has 30 seconds left.
|inactive|ToastedArt has 20 seconds left.
|inactive|ToastedArt has 15 seconds left.
|inactive|ToastedArt has 10 seconds left.
|inactive|ToastedArt has 5 seconds left.
|
|t:|1785509237
|teamsize|p1|4
|teamsize|p2|4
|start
|switch|p1a: Aggron|Aggron, L50, M|100/100
|switch|p1b: Toxapex|Toxapex, L50, M, shiny|100/100
|switch|p2a: Falinks|Falinks, L50, shiny|100/100
|switch|p2b: Maushold|Maushold, L50|100/100
|turn|1
|
|t:|1785509261
|detailschange|p2a: Falinks|Falinks-Mega, L50, shiny
|-mega|p2a: Falinks|Falinks|Falinksite
|detailschange|p1a: Aggron|Aggron-Mega, L50, M
|-mega|p1a: Aggron|Aggron|Aggronite
|move|p2a: Falinks|Protect|p2a: Falinks
|-singleturn|p2a: Falinks|Protect
|move|p2b: Maushold|Population Bomb|p1b: Toxapex
|-damage|p1b: Toxapex|91/100
|-damage|p1b: Toxapex|84/100
|-damage|p1b: Toxapex|75/100
|-damage|p1b: Toxapex|68/100
|-damage|p1b: Toxapex|59/100
|-damage|p1b: Toxapex|51/100
|-damage|p1b: Toxapex|42/100
|-damage|p1b: Toxapex|33/100
|-damage|p1b: Toxapex|25/100
|-damage|p1b: Toxapex|17/100
|-hitcount|p1b: Toxapex|10
|move|p1a: Aggron|Body Press|p2b: Maushold
|-supereffective|p2b: Maushold|1
|-damage|p2b: Maushold|0 fnt
|faint|p2b: Maushold
|move|p1b: Toxapex|Toxic|p2a: Falinks
|-activate|p2a: Falinks|move: Protect
|
|-heal|p1b: Toxapex|22/100|[from] item: Leftovers
|upkeep
|
|t:|1785509274
|switch|p2b: Hydreigon|Hydreigon, L50, M|100/100
|turn|2
|inactive|chachidaripper has 30 seconds left.
|
|t:|1785509300
|switch|p1a: Sinistcha|Sinistcha-Masterpiece, L50|100/100
|-heal|p1b: Toxapex|47/100|[from] ability: Hospitality|[of] p1a: Sinistcha
|-heal|p1b: Toxapex|80/100|[from] ability: Regenerator|[silent]
|switch|p1b: Houndstone|Houndstone, L50, M, shiny|100/100
|move|p2b: Hydreigon|Protect|p2b: Hydreigon
|-singleturn|p2b: Hydreigon|Protect
|move|p2a: Falinks|No Retreat|p2a: Falinks
|-boost|p2a: Falinks|atk|1
|-boost|p2a: Falinks|def|1
|-boost|p2a: Falinks|spa|1
|-boost|p2a: Falinks|spd|1
|-boost|p2a: Falinks|spe|1
|-start|p2a: Falinks|move: No Retreat
|
|upkeep
|turn|3
|
|t:|1785509322
|move|p1a: Sinistcha|Protect|p1a: Sinistcha
|-singleturn|p1a: Sinistcha|Protect
|move|p2a: Falinks|Rock Slide|p1b: Houndstone|[spread] p1b
|-activate|p1a: Sinistcha|move: Protect
|-damage|p1b: Houndstone|61/100
|move|p2b: Hydreigon|Dark Pulse|p1a: Sinistcha
|-activate|p1a: Sinistcha|move: Protect
|move|p1b: Houndstone|Endeavor|p2a: Falinks
|-damage|p2a: Falinks|65/100
|
|upkeep
|turn|4
|
|t:|1785509345
|switch|p1a: Toxapex|Toxapex, L50, M, shiny|80/100
|move|p2a: Falinks|Rock Slide|p1a: Toxapex|[spread] p1a,p1b
|-damage|p1a: Toxapex|56/100
|-damage|p1b: Houndstone|20/100y
|move|p2b: Hydreigon|Dark Pulse|p1b: Houndstone
|-supereffective|p1b: Houndstone|1
|-damage|p1b: Houndstone|0 fnt
|faint|p1b: Houndstone
|
|-heal|p1a: Toxapex|62/100|[from] item: Leftovers
|upkeep
|
|t:|1785509355
|switch|p1b: Sinistcha|Sinistcha-Masterpiece, L50|100/100
|-heal|p1a: Toxapex|87/100|[from] ability: Hospitality|[of] p1b: Sinistcha
|turn|5
|inactive|chachidaripper has 30 seconds left.
|
|t:|1785509388
|move|p1b: Sinistcha|Rage Powder|p1b: Sinistcha
|-singleturn|p1b: Sinistcha|move: Rage Powder
|move|p2a: Falinks|Rock Slide|p1a: Toxapex|[spread] p1a,p1b
|-damage|p1a: Toxapex|64/100
|-damage|p1b: Sinistcha|71/100
|move|p2b: Hydreigon|Dark Pulse|p1b: Sinistcha
|-supereffective|p1b: Sinistcha|1
|-damage|p1b: Sinistcha|0 fnt
|faint|p1b: Sinistcha
|move|p1a: Toxapex|Toxic|p2a: Falinks
|-status|p2a: Falinks|tox
|
|-heal|p1a: Toxapex|70/100|[from] item: Leftovers
|-damage|p2a: Falinks|60/100 tox|[from] psn
|upkeep
|
|t:|1785509398
|switch|p1b: Aggron|Aggron-Mega, L50, M|100/100
|turn|6
|
|t:|1785509420
|move|p1b: Aggron|Protect|p1b: Aggron
|-singleturn|p1b: Aggron|Protect
|move|p1a: Toxapex|Baneful Bunker|p1a: Toxapex
|-singleturn|p1a: Toxapex|move: Protect
|move|p2a: Falinks|Close Combat|p1b: Aggron
|-activate|p1b: Aggron|move: Protect
|move|p2b: Hydreigon|Dark Pulse|p1b: Aggron
|-activate|p1b: Aggron|move: Protect
|
|-heal|p1a: Toxapex|75/100|[from] item: Leftovers
|-damage|p2a: Falinks|48/100 tox|[from] psn
|upkeep
|turn|7
|inactive|chachidaripper has 30 seconds left.
|
|t:|1785509451
|move|p2a: Falinks|Close Combat|p1b: Aggron
|-supereffective|p1b: Aggron|1
|-damage|p1b: Aggron|33/100
|-unboost|p2a: Falinks|def|1
|-unboost|p2a: Falinks|spd|1
|move|p2b: Hydreigon|Dark Pulse|p1b: Aggron
|-damage|p1b: Aggron|0 fnt
|faint|p1b: Aggron
|move|p1a: Toxapex|Toxic|p2b: Hydreigon
|-status|p2b: Hydreigon|tox
|
|-heal|p1a: Toxapex|81/100|[from] item: Leftovers
|-damage|p2a: Falinks|31/100 tox|[from] psn
|-damage|p2b: Hydreigon|94/100 tox|[from] psn
|upkeep
|turn|8
|
|t:|1785509464
|move|p1a: Toxapex|Baneful Bunker|p1a: Toxapex
|-singleturn|p1a: Toxapex|move: Protect
|move|p2a: Falinks|Rock Slide|p1a: Toxapex
|-activate|p1a: Toxapex|move: Protect
|move|p2b: Hydreigon|Draco Meteor|p1a: Toxapex
|-activate|p1a: Toxapex|move: Protect
|
|-heal|p1a: Toxapex|87/100|[from] item: Leftovers
|-damage|p2a: Falinks|8/100 tox|[from] psn
|-damage|p2b: Hydreigon|82/100 tox|[from] psn
|upkeep
|turn|9
|
|t:|1785509478
|move|p1a: Toxapex|Wide Guard|p1a: Toxapex
|-singleturn|p1a: Toxapex|Wide Guard
|move|p2a: Falinks|Close Combat|p1a: Toxapex
|-resisted|p1a: Toxapex|1
|-damage|p1a: Toxapex|49/100
|-unboost|p2a: Falinks|def|1
|-unboost|p2a: Falinks|spd|1
|move|p2b: Hydreigon|Draco Meteor|p1a: Toxapex
|-damage|p1a: Toxapex|0 fnt
|-unboost|p2b: Hydreigon|spa|2
|faint|p1a: Toxapex
|
|win|ToastedArt
|raw|chachidaripper's rating: 1092 → 1062(-30 for losing)
|raw|ToastedArt's rating: 1000 → 1050(+50 for winning)
