|j|☆jdawgin13
|j|☆mr no sauce
|html|jdawgin13mr no sauce    
|uhtml|bestof|Game 1 of a best-of-3
|t:|1756324737
|gametype|doubles
|player|p1|jdawgin13|1|1139
|player|p2|mr no sauce|courtney|1101
|gen|9
|tier|[Gen 9] VGC 2025 Reg H (Bo3)
|rated|
|rule|Species Clause: Limit one of each Pokémon
|rule|Item Clause: Limit 1 of each item
|clearpoke
|poke|p1|Rillaboom, L50, F|
|poke|p1|Ninetales-Alola, L50, F|
|poke|p1|Gholdengo, L50|
|poke|p1|Dragonite, L50, F|
|poke|p1|Annihilape, L50, F|
|poke|p1|Ursaluna-Bloodmoon, L50, M|
|poke|p2|Illumise, L50, F|
|poke|p2|Archaludon, L50, M|
|poke|p2|Pelipper, L50, M|
|poke|p2|Basculegion, L50, M|
|poke|p2|Amoonguss, L50, M|
|poke|p2|Ursaluna, L50, M|
|teampreview|4
|showteam|p1|Rillaboom||MiracleSeed|GrassySurge|WoodHammer,FakeOut,GrassyGlide,Taunt|||F|||50|,,,,,Fire]Ninetales-Alola||LightClay|SnowWarning|IcicleSpear,Blizzard,AuroraVeil,IcyWind|||F|||50|,,,,,Ghost]Gholdengo||ChoiceScarf|GoodasGold|MakeItRain,ShadowBall,Trick,NastyPlot||||||50|,,,,,Steel]Dragonite||LoadedDice|Multiscale|ScaleShot,ExtremeSpeed,Protect,LowKick|||F|||50|,,,,,Normal]Annihilape||SafetyGoggles|Defiant|DrainPunch,RageFist,BulkUp,Protect|||F|||50|,,,,,Fire]Ursaluna-Bloodmoon||AssaultVest|MindsEye|HyperVoice,BloodMoon,EarthPower,VacuumWave|||M|||50|,,,,,Water
|showteam|p2|Illumise||CovertCloak|Prankster|StruggleBug,Tailwind,RainDance,Encore|||F|||50|,,,,,Dark]Archaludon||AssaultVest|Stamina|DragonPulse,FlashCannon,ElectroShot,BodyPress|||M|||50|,,,,,Bug]Pelipper||FocusSash|Drizzle|Hurricane,WeatherBall,WideGuard,Protect|||M|||50|,,,,,Stellar]Basculegion||ChoiceBand|SwiftSwim|WaveCrash,LastRespects,FlipTurn,AquaJet|||M|||50|,,,,,Water]Amoonguss||SitrusBerry|Regenerator|PollenPuff,Spore,RagePowder,Protect|||M|||50|,,,,,Water]Ursaluna||FlameOrb|Guts|Facade,HeadlongRush,Substitute,Protect|||M|||50|,,,,,Poison
|inactive|Battle timer is ON: inactive players will automatically lose when time's up. (requested by jdawgin13)
|
|t:|1756324797
|teamsize|p1|4
|teamsize|p2|4
|start
|switch|p1a: Rillaboom|Rillaboom, L50, F|100/100
|switch|p1b: Annihilape|Annihilape, L50, F|100/100
|switch|p2a: Pelipper|Pelipper, L50, M|100/100
|switch|p2b: Basculegion|Basculegion, L50, M, shiny|100/100
|-weather|RainDance|[from] ability: Drizzle|[of] p2a: Pelipper
|-fieldstart|move: Grassy Terrain|[from] ability: Grassy Surge|[of] p1a: Rillaboom
|turn|1
|inactive|jdawgin13 has 30 seconds left.
|inactive|mr no sauce has 30 seconds left.
|
|t:|1756324827
|switch|p2b: Archaludon|Archaludon, L50, M|100/100
|switch|p1b: Ninetales|Ninetales-Alola, L50, F|100/100
|-weather|Snowscape|[from] ability: Snow Warning|[of] p1b: Ninetales
|move|p2a: Pelipper|Protect|p2a: Pelipper
|-singleturn|p2a: Pelipper|Protect
|move|p1a: Rillaboom|Grassy Glide|p2b: Archaludon
|-resisted|p2b: Archaludon
|-damage|p2b: Archaludon|93/100
|-ability|p2b: Archaludon|Stamina|boost
|-boost|p2b: Archaludon|def|1
|
|-weather|Snowscape|[upkeep]
|-heal|p2b: Archaludon|99/100|[from] Grassy Terrain
|upkeep
|turn|2
|inactive|jdawgin13 has 30 seconds left.
|
|t:|1756324854
|move|p1b: Ninetales|Aurora Veil|p1b: Ninetales
|-sidestart|p1: jdawgin13|move: Aurora Veil
|move|p2a: Pelipper|Weather Ball|p1a: Rillaboom
|-supereffective|p1a: Rillaboom
|-damage|p1a: Rillaboom|57/100
|move|p1a: Rillaboom|Wood Hammer|p2a: Pelipper
|-enditem|p2a: Pelipper|Focus Sash
|-damage|p2a: Pelipper|1/100
|-damage|p1a: Rillaboom|36/100|[from] Recoil
|move|p2b: Archaludon|Flash Cannon|p1b: Ninetales
|-supereffective|p1b: Ninetales
|-damage|p1b: Ninetales|0 fnt
|faint|p1b: Ninetales
|
|-weather|Snowscape|[upkeep]
|-heal|p1a: Rillaboom|41/100|[from] Grassy Terrain
|-heal|p2b: Archaludon|100/100|[from] Grassy Terrain
|upkeep
|inactive|jdawgin13 has 30 seconds left.
|
|t:|1756324883
|switch|p1b: Ursaluna|Ursaluna-Bloodmoon, L50, M|100/100
|turn|3
|
|t:|1756324906
|switch|p2a: Ursaluna|Ursaluna, L50, M, shiny|100/100
|-terastallize|p2b: Archaludon|Bug
|-terastallize|p1b: Ursaluna|Water
|move|p1a: Rillaboom|Grassy Glide|p2a: Ursaluna
|-supereffective|p2a: Ursaluna
|-damage|p2a: Ursaluna|28/100
|move|p2b: Archaludon|Body Press|p1b: Ursaluna
|-damage|p1b: Ursaluna|84/100
|move|p1b: Ursaluna|Earth Power|p2b: Archaludon
|-resisted|p2b: Archaludon
|-damage|p2b: Archaludon|82/100
|-ability|p2b: Archaludon|Stamina|boost
|-boost|p2b: Archaludon|def|1
|
|-weather|Snowscape|[upkeep]
|-heal|p1a: Rillaboom|47/100|[from] Grassy Terrain
|-heal|p2b: Archaludon|88/100|[from] Grassy Terrain
|-heal|p2a: Ursaluna|34/100|[from] Grassy Terrain
|-heal|p1b: Ursaluna|90/100|[from] Grassy Terrain
|-status|p2a: Ursaluna|brn|[from] item: Flame Orb
|upkeep
|turn|4
|inactive|mr no sauce has 30 seconds left.
|inactive|jdawgin13 has 30 seconds left.
|inactive|mr no sauce has 20 seconds left.
|inactive|mr no sauce has 15 seconds left.
|
|t:|1756324950
|switch|p2a: Pelipper|Pelipper, L50, M|1/100
|-weather|RainDance|[from] ability: Drizzle|[of] p2a: Pelipper
|switch|p1b: Annihilape|Annihilape, L50, F|100/100
|move|p1a: Rillaboom|Grassy Glide|p2a: Pelipper
|-damage|p2a: Pelipper|0 fnt
|faint|p2a: Pelipper
|move|p2b: Archaludon|Electro Shot||[still]
|-prepare|p2b: Archaludon|Electro Shot
|-boost|p2b: Archaludon|spa|1
|-anim|p2b: Archaludon|Electro Shot|p1b: Annihilape
|-damage|p1b: Annihilape|58/100
|
|-weather|RainDance|[upkeep]
|-heal|p1b: Annihilape|64/100|[from] Grassy Terrain
|-heal|p1a: Rillaboom|53/100|[from] Grassy Terrain
|-heal|p2b: Archaludon|94/100|[from] Grassy Terrain
|upkeep
|
|t:|1756324966
|switch|p2a: Ursaluna|Ursaluna, L50, M, shiny|34/100 brn
|turn|5
|
|t:|1756324988
|move|p2a: Ursaluna|Protect|p2a: Ursaluna
|-singleturn|p2a: Ursaluna|Protect
|move|p1a: Rillaboom|Grassy Glide|p2a: Ursaluna
|-activate|p2a: Ursaluna|move: Protect
|move|p1b: Annihilape|Rage Fist|p2b: Archaludon
|-damage|p2b: Archaludon|80/100
|-ability|p2b: Archaludon|Stamina|boost
|-boost|p2b: Archaludon|def|1
|move|p2b: Archaludon|Body Press|p1a: Rillaboom
|-damage|p1a: Rillaboom|16/100
|
|-weather|RainDance|[upkeep]
|-heal|p1b: Annihilape|70/100|[from] Grassy Terrain
|-heal|p1a: Rillaboom|22/100|[from] Grassy Terrain
|-heal|p2b: Archaludon|86/100|[from] Grassy Terrain
|-heal|p2a: Ursaluna|40/100 brn|[from] Grassy Terrain
|-damage|p2a: Ursaluna|34/100 brn|[from] brn
|-fieldend|move: Grassy Terrain
|upkeep
|turn|6
|inactive|mr no sauce has 30 seconds left.
|
|t:|1756325022
|switch|p1a: Ursaluna|Ursaluna-Bloodmoon, L50, M, tera:Water|90/100
|switch|p2a: Basculegion|Basculegion, L50, M, shiny|100/100
|move|p1b: Annihilape|Drain Punch|p2a: Basculegion
|-immune|p2a: Basculegion
|move|p2b: Archaludon|Electro Shot||[still]
|-prepare|p2b: Archaludon|Electro Shot
|-boost|p2b: Archaludon|spa|1
|-anim|p2b: Archaludon|Electro Shot|p1a: Ursaluna
|-supereffective|p1a: Ursaluna
|-damage|p1a: Ursaluna|13/100
|
|-weather|RainDance|[upkeep]
|upkeep
|turn|7
|inactive|jdawgin13 has 30 seconds left.
|inactive|mr no sauce has 30 seconds left.
|inactive|jdawgin13 has 20 seconds left.
|inactive|mr no sauce has 20 seconds left.
|inactive|jdawgin13 has 15 seconds left.
|inactive|mr no sauce has 15 seconds left.
|inactive|mr no sauce has 10 seconds left.
|
|t:|1756325067
|move|p2a: Basculegion|Flip Turn|p1a: Ursaluna
|-resisted|p1a: Ursaluna
|-damage|p1a: Ursaluna|0 fnt
|faint|p1a: Ursaluna
|
|t:|1756325070
|switch|p2a: Ursaluna|Ursaluna, L50, M, shiny|34/100 brn|[from] Flip Turn
|move|p1b: Annihilape|Rage Fist|p2a: Ursaluna
|-immune|p2a: Ursaluna
|move|p2b: Archaludon|Electro Shot||[still]
|-prepare|p2b: Archaludon|Electro Shot
|-boost|p2b: Archaludon|spa|1
|-anim|p2b: Archaludon|Electro Shot|p1b: Annihilape
|-damage|p1b: Annihilape|2/100
|
|-weather|RainDance|[upkeep]
|-damage|p2a: Ursaluna|28/100 brn|[from] brn
|upkeep
|
|t:|1756325075
|switch|p1a: Rillaboom|Rillaboom, L50, F|22/100
|-fieldstart|move: Grassy Terrain|[from] ability: Grassy Surge|[of] p1a: Rillaboom
|turn|8
|-message|jdawgin13 forfeited.
|
|win|mr no sauce
|l|☆jdawgin13
|player|p1|
||jdawgin13 is ready for game 2.
||mr no sauce is ready for game 2.
|uhtml|next|Next: Game 2 of 3
|l|☆mr no sauce
|player|p2|
|j|☆mr no sauce
|player|p2|mr no sauce|courtney|
