|j|☆Theelvisboy1
|j|☆Zyennai
|html|Theelvisboy1Zyennai    
|uhtml|bestof|Game 1 of a best-of-3
|t:|1784953490
|gametype|doubles
|player|p1|Theelvisboy1|cynthia|
|player|p2|Zyennai|cynthia-gen4|
|gen|9
|tier|[Gen 9 Champions] VGC 2026 Reg M-B (Bo3)
|rule|Species Clause: Limit one of each Pokémon
|rule|Item Clause: Limit 1 of each item
|clearpoke
|poke|p1|Rhyperior, L50, M|
|poke|p1|Leafeon, L50, M, shiny|
|poke|p1|Torkoal, L50, M|
|poke|p1|Pelipper, L50, M|
|poke|p1|Dragonite, L50, M|
|poke|p1|Absol, L50, F|
|poke|p2|Overqwil, L50, M|
|poke|p2|Klefki, L50, M|
|poke|p2|Sableye, L50, M|
|poke|p2|Meowstic, L50, M|
|poke|p2|Gengar, L50, M|
|poke|p2|Toxapex, L50, F|
|teampreview|4
|showteam|p1|Rhyperior||PasshoBerry|LightningRod|RockSlide,SupercellSlam,Earthquake,HammerArm|Brave||M|||50|]Leafeon||LifeOrb|Chlorophyll|SolarBlade,XScissor,KnockOff,Yawn|Adamant||M|||50|]Torkoal||HeatRock|Drought|StealthRock,RockSlide,HeatWave,WillOWisp|Sassy||M|||50|]Pelipper||DampRock|Drizzle|Protect,Uturn,Tailwind,Hurricane|Bold||M|||50|]Dragonite||ChoiceScarf|Multiscale|HeatWave,Hurricane,Thunder,Surf|Modest||M|||50|]Absol||Absolite|Pressure|SwordsDance,PlayRough,NightSlash,SuckerPunch|Adamant||F|||50|
|showteam|p2|Overqwil||Leftovers|Intimidate|BarbBarrage,Minimize,Stockpile,Protect|Careful||M|||50|]Klefki||SitrusBerry|Prankster|DrainingKiss,CalmMind,PsychUp,Substitute|Calm||M|||50|]Sableye||Sablenite|Prankster|DarkPulse,DazzlingGleam,Protect,Quash|Careful||M|||50|]Meowstic||BrightPowder|Prankster|FakeOut,SkillSwap,SunnyDay,RainDance|Bold||M|||50|]Gengar||Gengarite|CursedBody|PerishSong,Disable,ShadowBall,Protect|Timid||M|||50|]Toxapex||QuickClaw|Regenerator|Infestation,Toxic,WideGuard,BanefulBunker|Bold||F|||50|
|inactive|Battle timer is ON: inactive players will automatically lose when time's up. (requested by Zyennai)
|inactive|Theelvisboy1 has 60 seconds left.
|inactive|Zyennai has 60 seconds left.
|inactive|Theelvisboy1 has 30 seconds left.
|inactiveoff|Battle timer is now OFF.
|
|t:|1784953554
|teamsize|p1|4
|teamsize|p2|4
|start
|switch|p1a: Aesc the Saviour|Absol, L50, F|100/100
|switch|p1b: Castoria|Dragonite, L50, M|100/100
|switch|p2a: Overqwil|Overqwil, L50, M|100/100
|switch|p2b: Meowstic|Meowstic, L50, M|100/100
|-ability|p1a: Aesc the Saviour|Pressure
|-ability|p2a: Overqwil|Intimidate|boost
|-unboost|p1a: Aesc the Saviour|atk|1
|-unboost|p1b: Castoria|atk|1
|turn|1
|
|t:|1784953591
|detailschange|p1a: Aesc the Saviour|Absol-Mega, L50, F
|-mega|p1a: Aesc the Saviour|Absol|Absolite
|move|p2b: Meowstic|Fake Out|p1b: Castoria
|-damage|p1b: Castoria|97/100
|cant|p1b: Castoria|flinch
|move|p1a: Aesc the Saviour|Swords Dance|p1a: Aesc the Saviour
|-boost|p1a: Aesc the Saviour|atk|2
|move|p2a: Overqwil|Minimize|p2a: Overqwil
|-boost|p2a: Overqwil|evasion|2
|
|upkeep
|turn|2
|
|t:|1784953614
|move|p2b: Meowstic|Skill Swap|p1b: Castoria
|-activate|p2b: Meowstic|Skill Swap|Multiscale|Prankster|[of] p1b: Castoria
|move|p1b: Castoria|Heat Wave|p2b: Meowstic|[spread] p2a,p2b
|-damage|p2a: Overqwil|80/100
|-damage|p2b: Meowstic|89/100
|move|p1a: Aesc the Saviour|Night Slash|p2b: Meowstic
|-supereffective|p2b: Meowstic|1
|-crit|p2b: Meowstic
|-damage|p2b: Meowstic|0 fnt
|faint|p2b: Meowstic
|move|p2a: Overqwil|Minimize|p2a: Overqwil
|-boost|p2a: Overqwil|evasion|2
|
|-heal|p2a: Overqwil|86/100|[from] item: Leftovers
|upkeep
|
|t:|1784953633
|switch|p2b: Toxapex|Toxapex, L50, F|100/100
|turn|3
|
|t:|1784953721
|switch|p1b: Baobhan Sith|Leafeon, L50, M, shiny|100/100
|move|p1a: Aesc the Saviour|Swords Dance|p1a: Aesc the Saviour
|-boost|p1a: Aesc the Saviour|atk|2
|move|p2a: Overqwil|Minimize|p2a: Overqwil
|-boost|p2a: Overqwil|evasion|2
|move|p2b: Toxapex|Infestation|p1a: Aesc the Saviour
|-supereffective|p1a: Aesc the Saviour|1
|-damage|p1a: Aesc the Saviour|87/100
|-activate|p1a: Aesc the Saviour|move: Infestation|[of] p2b: Toxapex
|
|-heal|p2a: Overqwil|92/100|[from] item: Leftovers
|-damage|p1a: Aesc the Saviour|75/100|[from] move: Infestation|[partiallytrapped]
|upkeep
|turn|4
|
|t:|1784953742
|move|p2b: Toxapex|Baneful Bunker|p2b: Toxapex
|-singleturn|p2b: Toxapex|move: Protect
|move|p1a: Aesc the Saviour|Night Slash|p2a: Overqwil
|-resisted|p2a: Overqwil|1
|-damage|p2a: Overqwil|35/100
|move|p1b: Baobhan Sith|Yawn|p2b: Toxapex
|-activate|p2b: Toxapex|move: Protect
|move|p2a: Overqwil|Stockpile|p2a: Overqwil
|-start|p2a: Overqwil|stockpile1
|-boost|p2a: Overqwil|def|1
|-boost|p2a: Overqwil|spd|1
|
|-heal|p2a: Overqwil|42/100|[from] item: Leftovers
|-damage|p1a: Aesc the Saviour|62/100|[from] move: Infestation|[partiallytrapped]
|upkeep
|turn|5
|
|t:|1784953762
|move|p2a: Overqwil|Protect|p2a: Overqwil
|-singleturn|p2a: Overqwil|Protect
|move|p1a: Aesc the Saviour|Night Slash|p2a: Overqwil
|-activate|p2a: Overqwil|move: Protect
|move|p1b: Baobhan Sith|Yawn|p2b: Toxapex
|-start|p2b: Toxapex|move: Yawn|[of] p1b: Baobhan Sith
|move|p2b: Toxapex|Toxic|p1a: Aesc the Saviour
|move|p1a: Aesc the Saviour|Toxic|p2b: Toxapex|[from] ability: Magic Bounce
|-immune|p2b: Toxapex
|
|-heal|p2a: Overqwil|48/100|[from] item: Leftovers
|-damage|p1a: Aesc the Saviour|50/100g|[from] move: Infestation|[partiallytrapped]
|upkeep
|turn|6
|
|t:|1784953790
|switch|p2b: Klefki|Klefki, L50, M|100/100
|move|p1a: Aesc the Saviour|Night Slash|p2a: Overqwil|[miss]
|-miss|p1a: Aesc the Saviour|p2a: Overqwil
|move|p1b: Baobhan Sith|Yawn|p2a: Overqwil
|-start|p2a: Overqwil|move: Yawn|[of] p1b: Baobhan Sith
|move|p2a: Overqwil|Stockpile|p2a: Overqwil
|-start|p2a: Overqwil|stockpile2
|-boost|p2a: Overqwil|def|1
|-boost|p2a: Overqwil|spd|1
|
|-heal|p2a: Overqwil|54/100|[from] item: Leftovers
|-end|p1a: Aesc the Saviour|Infestation|[partiallytrapped]|[silent]
|upkeep
|turn|7
|
|t:|1784953832
|switch|p1a: Oberon|Torkoal, L50, M|100/100
|-weather|SunnyDay|[from] ability: Drought|[of] p1a: Oberon
|move|p2a: Overqwil|Protect|p2a: Overqwil
|-singleturn|p2a: Overqwil|Protect
|move|p2b: Klefki|Psych Up|p2a: Overqwil
|-copyboost|p2b: Klefki|p2a: Overqwil|[from] move: Psych Up
|move|p1b: Baobhan Sith|Knock Off|p2b: Klefki
|-resisted|p2b: Klefki|1
|-damage|p2b: Klefki|87/100
|-enditem|p2b: Klefki|Sitrus Berry|[from] move: Knock Off|[of] p1b: Baobhan Sith
|-damage|p1b: Baobhan Sith|90/100|[from] item: Life Orb
|
|-weather|SunnyDay|[upkeep]
|-heal|p2a: Overqwil|60/100|[from] item: Leftovers
|-end|p2a: Overqwil|move: Yawn|[silent]
|-status|p2a: Overqwil|slp
|upkeep
|turn|8
|
|t:|1784953863
|move|p2b: Klefki|Substitute|p2b: Klefki
|-start|p2b: Klefki|Substitute
|-damage|p2b: Klefki|62/100
|move|p1b: Baobhan Sith|Solar Blade||[still]
|-prepare|p1b: Baobhan Sith|Solar Blade
|-anim|p1b: Baobhan Sith|Solar Blade|p2b: Klefki|[miss]
|-miss|p1b: Baobhan Sith|p2b: Klefki
|cant|p2a: Overqwil|slp
|move|p1a: Oberon|Stealth Rock|p2b: Klefki
|-sidestart|p2: Zyennai|move: Stealth Rock
|
|-weather|SunnyDay|[upkeep]
|-heal|p2a: Overqwil|67/100 slp|[from] item: Leftovers
|upkeep
|turn|9
|
|t:|1784953881
|move|p2b: Klefki|Calm Mind|p2b: Klefki
|-boost|p2b: Klefki|spa|1
|-boost|p2b: Klefki|spd|1
|move|p1b: Baobhan Sith|Knock Off|p2a: Overqwil|[miss]
|-miss|p1b: Baobhan Sith|p2a: Overqwil
|-curestatus|p2a: Overqwil|slp|[msg]
|move|p2a: Overqwil|Stockpile|p2a: Overqwil
|-start|p2a: Overqwil|stockpile3
|-boost|p2a: Overqwil|def|1
|-boost|p2a: Overqwil|spd|1
|move|p1a: Oberon|Heat Wave|p2a: Overqwil|[spread] p2b
|-miss|p1a: Oberon|p2a: Overqwil
|-supereffective|p2b: Klefki|1
|-end|p2b: Klefki|Substitute
|
|-weather|SunnyDay|[upkeep]
|-heal|p2a: Overqwil|73/100|[from] item: Leftovers
|upkeep
|turn|10
|
|t:|1784953906
|move|p2b: Klefki|Substitute|p2b: Klefki
|-start|p2b: Klefki|Substitute
|-damage|p2b: Klefki|37/100
|move|p1b: Baobhan Sith|Knock Off|p2a: Overqwil|[miss]
|-miss|p1b: Baobhan Sith|p2a: Overqwil
|move|p2a: Overqwil|Barb Barrage|p1b: Baobhan Sith
|-supereffective|p1b: Baobhan Sith|1
|-damage|p1b: Baobhan Sith|38/100
|move|p1a: Oberon|Heat Wave|p2a: Overqwil|[spread] 
|-miss|p1a: Oberon|p2a: Overqwil
|-miss|p1a: Oberon|p2b: Klefki
|
|-weather|SunnyDay|[upkeep]
|-heal|p2a: Overqwil|79/100|[from] item: Leftovers
|upkeep
|turn|11
|
|t:|1784953921
|move|p2b: Klefki|Calm Mind|p2b: Klefki
|-boost|p2b: Klefki|spa|1
|-boost|p2b: Klefki|spd|1
|move|p1b: Baobhan Sith|Knock Off|p2a: Overqwil
|-resisted|p2a: Overqwil|1
|-damage|p2a: Overqwil|71/100
|-enditem|p2a: Overqwil|Leftovers|[from] move: Knock Off|[of] p1b: Baobhan Sith
|-damage|p1b: Baobhan Sith|28/100|[from] item: Life Orb
|move|p2a: Overqwil|Barb Barrage|p1b: Baobhan Sith
|-supereffective|p1b: Baobhan Sith|1
|-damage|p1b: Baobhan Sith|0 fnt
|faint|p1b: Baobhan Sith
|move|p1a: Oberon|Heat Wave|p2a: Overqwil|[spread] p2b
|-miss|p1a: Oberon|p2a: Overqwil
|-supereffective|p2b: Klefki|1
|-activate|p2b: Klefki|move: Substitute|[damage]
|
|-weather|SunnyDay|[upkeep]
|upkeep
|
|t:|1784953939
|switch|p1b: Castoria|Dragonite, L50, M|97/100
|turn|12
|
|t:|1784953951
|move|p1b: Castoria|Heat Wave|p2b: Klefki|[spread] 
|-miss|p1b: Castoria|p2a: Overqwil
|-miss|p1b: Castoria|p2b: Klefki
|move|p2a: Overqwil|Barb Barrage|p1a: Oberon
|-crit|p1a: Oberon
|-damage|p1a: Oberon|70/100
|-status|p1a: Oberon|psn
|move|p2b: Klefki|Draining Kiss|p1b: Castoria
|-supereffective|p1b: Castoria|1
|-damage|p1b: Castoria|34/100
|-heal|p2b: Klefki|84/100|[from] drain|[of] p1b: Castoria
|move|p1a: Oberon|Heat Wave|p2b: Klefki|[spread] p2b
|-miss|p1a: Oberon|p2a: Overqwil
|-supereffective|p2b: Klefki|1
|-end|p2b: Klefki|Substitute
|
|-weather|SunnyDay|[upkeep]
|-damage|p1a: Oberon|58/100 psn|[from] psn
|upkeep
|turn|13
|
|t:|1784953973
|switch|p1a: Aesc the Saviour|Absol-Mega, L50, F|50/100g
|move|p1b: Castoria|Heat Wave|p2a: Overqwil|[spread] p2b
|-miss|p1b: Castoria|p2a: Overqwil
|-supereffective|p2b: Klefki|1
|-damage|p2b: Klefki|62/100
|move|p2a: Overqwil|Barb Barrage|p1a: Aesc the Saviour
|-damage|p1a: Aesc the Saviour|2/100
|-status|p1a: Aesc the Saviour|psn
|move|p2b: Klefki|Draining Kiss|p1b: Castoria
|-supereffective|p1b: Castoria|1
|-damage|p1b: Castoria|0 fnt
|-heal|p2b: Klefki|89/100|[from] drain|[of] p1b: Castoria
|faint|p1b: Castoria
|
|-weather|SunnyDay|[upkeep]
|-damage|p1a: Aesc the Saviour|0 fnt|[from] psn
|faint|p1a: Aesc the Saviour
|upkeep
|
|t:|1784953982
|switch|p1b: Oberon|Torkoal, L50, M|58/100 psn
|turn|14
|
|t:|1784953996
|move|p2b: Klefki|Substitute|p2b: Klefki
|-start|p2b: Klefki|Substitute
|-damage|p2b: Klefki|64/100
|move|p2a: Overqwil|Barb Barrage|p1b: Oberon
|-damage|p1b: Oberon|23/100 psn
|move|p1b: Oberon|Heat Wave|p2a: Overqwil|[spread] 
|-miss|p1b: Oberon|p2a: Overqwil
|-miss|p1b: Oberon|p2b: Klefki
|
|-weather|none
|-damage|p1b: Oberon|11/100 psn|[from] psn
|upkeep
|turn|15
|
|t:|1784954014
|move|p2a: Overqwil|Barb Barrage|p1b: Oberon
|-damage|p1b: Oberon|0 fnt
|faint|p1b: Oberon
|
|win|Zyennai
||Theelvisboy1 is ready for game 2.
|inactive|Zyennai has 30 seconds to confirm battle start!
|inactive|Zyennai has 20 seconds to confirm battle start!
||Zyennai is ready for game 2.
|uhtml|next|Next: Game 2 of 3
|l|☆Theelvisboy1
|player|p1|
