|j|☆Trinton07
|j|☆robinrambles
|html|Trinton07robinrambles    
|uhtml|bestof|Game 3 of a best-of-3
|t:|1784577482
|gametype|doubles
|player|p1|Trinton07|2|1168
|player|p2|robinrambles|dawn-gen4pt|1146
|gen|9
|tier|[Gen 9 Champions] VGC 2026 Reg M-B (Bo3)
|rated|
|rule|Species Clause: Limit one of each Pokémon
|rule|Item Clause: Limit 1 of each item
|clearpoke
|poke|p1|Grimmsnarl, L50, M|
|poke|p1|Basculegion, L50, M|
|poke|p1|Charizard, L50, F|
|poke|p1|Pelipper, L50, M|
|poke|p1|Venusaur, L50, F|
|poke|p1|Archaludon, L50, F|
|poke|p2|Staraptor, L50, M|
|poke|p2|Whimsicott, L50, F|
|poke|p2|Incineroar, L50, M|
|poke|p2|Sableye, L50, F|
|poke|p2|Excadrill, L50, F|
|poke|p2|Rotom-Wash, L50|
|teampreview|4
|showteam|p1|Grimmsnarl||LightClay|Prankster|SpiritBreak,PartingShot,Reflect,LightScreen|Sassy||M|||50|]Basculegion||ChoiceScarf|Adaptability|LastRespects,WaveCrash,AquaJet,FlipTurn|Jolly||M|||50|]Charizard||CharizarditeY|Blaze|Protect,HeatWave,WeatherBall,SolarBeam|Modest||F|||50|]Pelipper||SitrusBerry|Drizzle|Hurricane,WeatherBall,Tailwind,WideGuard|Modest||M|||50|]Venusaur||FocusSash|Chlorophyll|SludgeBomb,SleepPowder,EarthPower,Protect|Modest||F|||50|]Archaludon||Leftovers|Stamina|ElectroShot,DragonPulse,FlashCannon,Protect|Calm||F|||50|
|showteam|p2|Staraptor||Staraptite|Intimidate|Roost,Protect,CloseCombat,BraveBird|Adamant||M|||50|]Whimsicott||FocusSash|Prankster|Encore,Moonblast,Tailwind,Charm|Bold||F|||50|]Incineroar||WhiteHerb|Intimidate|FakeOut,DarkestLariat,FlareBlitz,PartingShot|Adamant||M|||50|]Sableye||SitrusBerry|Prankster|FakeOut,Taunt,Disable,FoulPlay|Impish||F|||50|]Excadrill||Excadrite|MoldBreaker|HighHorsepower,Protect,IronHead,SwordsDance|Jolly||F|||50|]Rotom-Wash||ChoiceScarf|Levitate|Trick,VoltSwitch,HydroPump,WillOWisp|Modest|||||50|
|
|t:|1784577505
|teamsize|p1|4
|teamsize|p2|4
|start
|switch|p1a: Charizard|Charizard, L50, F|100/100
|switch|p1b: Venusaur|Venusaur, L50, F|100/100
|switch|p2a: Sableye|Sableye, L50, F|100/100
|switch|p2b: Rotom|Rotom-Wash, L50|100/100
|turn|1
|
|t:|1784577526
|switch|p1a: Archaludon|Archaludon, L50, F|100/100
|move|p2a: Sableye|Fake Out|p1a: Archaludon
|-resisted|p1a: Archaludon|1
|-damage|p1a: Archaludon|97/100
|-ability|p1a: Archaludon|Stamina|boost
|-boost|p1a: Archaludon|def|1
|move|p2b: Rotom|Trick|p1b: Venusaur
|-activate|p2b: Rotom|move: Trick|[of] p1b: Venusaur
|-item|p1b: Venusaur|Choice Scarf|[from] move: Trick
|-item|p2b: Rotom|Focus Sash|[from] move: Trick
|move|p1b: Venusaur|Earth Power|p2a: Sableye
|-damage|p2a: Sableye|60/100
|-unboost|p2a: Sableye|spd|1
|
|-heal|p1a: Archaludon|100/100|[from] item: Leftovers
|upkeep
|turn|2
|
|t:|1784577563
|switch|p2b: Incineroar|Incineroar, L50, M|100/100
|-ability|p2b: Incineroar|Intimidate|boost
|-unboost|p1a: Archaludon|atk|1
|-unboost|p1b: Venusaur|atk|1
|move|p2a: Sableye|Disable|p1b: Venusaur
|-start|p1b: Venusaur|Disable|Earth Power
|cant|p1b: Venusaur|Disable|Earth Power
|move|p1a: Archaludon|Dragon Pulse|p2a: Sableye
|-damage|p2a: Sableye|0 fnt
|faint|p2a: Sableye
|
|upkeep
|
|t:|1784577574
|switch|p2a: Staraptor|Staraptor, L50, M|100/100
|-ability|p2a: Staraptor|Intimidate|boost
|-unboost|p1a: Archaludon|atk|1
|-unboost|p1b: Venusaur|atk|1
|turn|3
|
|t:|1784577591
|switch|p1b: Charizard|Charizard, L50, F|100/100
|detailschange|p2a: Staraptor|Staraptor-Mega, L50, M
|-mega|p2a: Staraptor|Staraptor|Staraptite
|move|p2b: Incineroar|Fake Out|p1a: Archaludon
|-resisted|p1a: Archaludon|1
|-damage|p1a: Archaludon|96/100
|-ability|p1a: Archaludon|Stamina|boost
|-boost|p1a: Archaludon|def|1
|move|p2a: Staraptor|Close Combat|p1a: Archaludon
|-supereffective|p1a: Archaludon|1
|-crit|p1a: Archaludon
|-damage|p1a: Archaludon|0 fnt
|-boost|p2a: Staraptor|def|1
|-boost|p2a: Staraptor|spd|1
|faint|p1a: Archaludon
|
|upkeep
|
|t:|1784577604
|switch|p1a: Venusaur|Venusaur, L50, F|100/100
|turn|4
|
|t:|1784577617
|switch|p2b: Rotom|Rotom-Wash, L50|100/100
|detailschange|p1b: Charizard|Charizard-Mega-Y, L50, F
|-mega|p1b: Charizard|Charizard|Charizardite Y
|-weather|SunnyDay|[from] ability: Drought|[of] p1b: Charizard
|move|p2a: Staraptor|Protect|p2a: Staraptor
|-singleturn|p2a: Staraptor|Protect
|move|p1a: Venusaur|Earth Power|p2b: Rotom
|-immune|p2b: Rotom|[from] ability: Levitate
|move|p1b: Charizard|Weather Ball|p2a: Staraptor
|-activate|p2a: Staraptor|move: Protect
|
|-weather|SunnyDay|[upkeep]
|upkeep
|turn|5
|
|t:|1784577644
|switch|p1a: Basculegion|Basculegion, L50, M|100/100
|move|p2a: Staraptor|Brave Bird|p1b: Charizard
|-damage|p1b: Charizard|30/100
|-damage|p2a: Staraptor|78/100|[from] Recoil
|move|p2b: Rotom|Volt Switch|p1b: Charizard
|-supereffective|p1b: Charizard|1
|-damage|p1b: Charizard|0 fnt
|faint|p1b: Charizard
|
|t:|1784577654
|switch|p2b: Incineroar|Incineroar, L50, M|100/100|[from] Volt Switch
|-ability|p2b: Incineroar|Intimidate|boost
|-unboost|p1a: Basculegion|atk|1
|
|-weather|SunnyDay|[upkeep]
|upkeep
|
|t:|1784577659
|switch|p1b: Venusaur|Venusaur, L50, F|100/100
|turn|6
|
|t:|1784577673
|move|p2a: Staraptor|Protect|p2a: Staraptor
|-singleturn|p2a: Staraptor|Protect
|move|p2b: Incineroar|Fake Out|p1b: Venusaur
|-damage|p1b: Venusaur|82/100
|cant|p1b: Venusaur|flinch
|move|p1a: Basculegion|Last Respects|p2a: Staraptor
|-activate|p2a: Staraptor|move: Protect
|
|-weather|SunnyDay|[upkeep]
|upkeep
|turn|7
|
|t:|1784577692
|move|p1b: Venusaur|Sludge Bomb|p2a: Staraptor
|-damage|p2a: Staraptor|50/100y
|-status|p2a: Staraptor|psn
|move|p1a: Basculegion|Last Respects|p2a: Staraptor
|-damage|p2a: Staraptor|10/100 psn
|move|p2a: Staraptor|Brave Bird|p1a: Basculegion
|-damage|p1a: Basculegion|9/100
|-damage|p2a: Staraptor|0 fnt|[from] Recoil
|faint|p2a: Staraptor
|move|p2b: Incineroar|Darkest Lariat|p1a: Basculegion
|-supereffective|p1a: Basculegion|1
|-damage|p1a: Basculegion|0 fnt
|faint|p1a: Basculegion
|
|-weather|SunnyDay|[upkeep]
|upkeep
|
|t:|1784577706
|switch|p2a: Rotom|Rotom-Wash, L50|100/100
|turn|8
|
|t:|1784577713
|move|p1b: Venusaur|Sludge Bomb|p2b: Incineroar
|-damage|p2b: Incineroar|55/100
|-status|p2b: Incineroar|psn
|move|p2a: Rotom|Will-O-Wisp|p1b: Venusaur
|-status|p1b: Venusaur|brn
|move|p2b: Incineroar|Flare Blitz|p1b: Venusaur
|-supereffective|p1b: Venusaur|1
|-damage|p1b: Venusaur|0 fnt
|faint|p1b: Venusaur
|-damage|p2b: Incineroar|33/100 psn|[from] Recoil
|
|win|robinrambles
|raw|Trinton07's rating: 1168 → 1141(-27 for losing)
|raw|robinrambles's rating: 1146 → 1173(+27 for winning)
