|j|â˜†sjogis
|j|â˜†JourneyManV2
|html|sjogisJourneyManV2    
|uhtml|bestof|Game 1 of a best-of-3
|t:|1756574242
|gametype|doubles
|player|p1|sjogis|fisherman-gen4|
|player|p2|JourneyManV2|170|
|gen|9
|tier|[Gen 9] VGC 2025 Reg H (Bo3)
|rule|Species Clause: Limit one of each PokÃ©mon
|rule|Item Clause: Limit 1 of each item
|clearpoke
|poke|p1|Indeedee-F, L50, F|
|poke|p1|Torkoal, L50, F|
|poke|p1|Gallade, L50, M|
|poke|p1|Ursaluna, L50, M|
|poke|p1|Armarouge, L50, M|
|poke|p1|Annihilape, L50, M|
|poke|p2|Gholdengo, L50|
|poke|p2|Palafin, L50, M|
|poke|p2|Murkrow, L50, F|
|poke|p2|Exeggutor-Alola, L50, M|
|poke|p2|Indeedee-F, L50, F|
|poke|p2|Incineroar, L50, M|
|teampreview|4
|showteam|p1|Indeedee-F||RockyHelmet|PsychicSurge|DazzlingGleam,FollowMe,HelpingHand,TrickRoom|||F|||50|,,,,,Fairy]Torkoal||ChoiceSpecs|Drought|Eruption,HelpingHand,Overheat,EarthPower|||F|||50|,,,,,Fire]Gallade||ClearAmulet|Sharpness|PsychoCut,SacredSword,WideGuard,TrickRoom|||M|||50|,,,,,Normal]Ursaluna||FlameOrb|Guts|Facade,Earthquake,HeadlongRush,Protect|||M|||50|,,,,,Ghost]Armarouge||WeaknessPolicy|WeakArmor|Endure,LavaPlume,WeatherBall,ExpandingForce|||M|||50|,,,,,Psychic]Annihilape||ChoiceScarf|Defiant|FinalGambit,CloseCombat,Uturn,RageFist|||M|||50|,,,,,Grass
|showteam|p2|Gholdengo||LifeOrb|GoodasGold|MakeItRain,ShadowBall,NastyPlot,Protect||||||50|,,,,,Steel]Palafin||MysticWater|ZerotoHero|FlipTurn,JetPunch,WaveCrash,Protect|||M|||50|,,,,,Water]Murkrow||FocusSash|Prankster|FoulPlay,SunnyDay,Tailwind,Protect|||F|||50|,,,,,Dark]Exeggutor-Alola||SitrusBerry|Harvest|GigaDrain,Flamethrower,TrickRoom,SleepPowder|||M|||50|,,,,,Fire]Indeedee-F||MentalHerb|PsychicSurge|FollowMe,Protect,Psychic,HelpingHand|||F|||50|,,,,,Psychic]Incineroar||RockyHelmet|Intimidate|KnockOff,FlareBlitz,FakeOut,PartingShot|||M|||50|,,,,,Grass
|c|â˜†sjogis|sick
|c|â˜†sjogis|har ikke sett executor fÃ¸r
|c|â˜†JourneyManV2|Liker han ;)
|
|t:|1756574343
|teamsize|p1|4
|teamsize|p2|4
|start
|switch|p1a: Armarouge|Armarouge, L50, M|100/100
|switch|p1b: Annihilape|Annihilape, L50, M|100/100
|switch|p2a: Incineroar|Incineroar, L50, M|100/100
|switch|p2b: Indeedee|Indeedee-F, L50, F|100/100
|-fieldstart|move: Psychic Terrain|[from] ability: Psychic Surge|[of] p2b: Indeedee
|-ability|p2a: Incineroar|Intimidate|boost
|-unboost|p1a: Armarouge|atk|1
|-unboost|p1b: Annihilape|atk|1
|-ability|p1b: Annihilape|Defiant|boost
|-boost|p1b: Annihilape|atk|2
|turn|1
|
|t:|1756574373
|move|p2b: Indeedee|Follow Me|p2b: Indeedee
|-singleturn|p2b: Indeedee|move: Follow Me
|move|p1b: Annihilape|Close Combat|p2b: Indeedee
|-damage|p2b: Indeedee|0 fnt
|-unboost|p1b: Annihilape|def|1
|-unboost|p1b: Annihilape|spd|1
|faint|p2b: Indeedee
|move|p1a: Armarouge|Lava Plume|p2a: Incineroar|[spread] p1b,p2a
|-resisted|p2a: Incineroar
|-damage|p1b: Annihilape|52/100
|-damage|p2a: Incineroar|85/100
|move|p2a: Incineroar|Knock Off|p1a: Armarouge
|-supereffective|p1a: Armarouge
|-damage|p1a: Armarouge|0 fnt
|-enditem|p1a: Armarouge|Weakness Policy|[from] move: Knock Off|[of] p2a: Incineroar
|faint|p1a: Armarouge
|
|upkeep
|
|t:|1756574404
|switch|p2b: Exeggutor|Exeggutor-Alola, L50, M|100/100
|switch|p1a: Indeedee|Indeedee-F, L50, F|100/100
|turn|2
|
|t:|1756574423
|switch|p2a: Murkrow|Murkrow, L50, F|100/100
|move|p1b: Annihilape|Close Combat|p2a: Murkrow
|-enditem|p2a: Murkrow|Focus Sash
|-damage|p2a: Murkrow|1/100
|-unboost|p1b: Annihilape|def|1
|-unboost|p1b: Annihilape|spd|1
|move|p1a: Indeedee|Trick Room|p1a: Indeedee
|-fieldstart|move: Trick Room|[of] p1a: Indeedee
|move|p2b: Exeggutor|Trick Room|p2b: Exeggutor
|-fieldend|move: Trick Room
|
|upkeep
|turn|3
|
|t:|1756574455
|switch|p1b: Torkoal|Torkoal, L50, F|100/100
|-weather|SunnyDay|[from] ability: Drought|[of] p1b: Torkoal
|move|p2a: Murkrow|Tailwind|p2a: Murkrow
|-sidestart|p2: JourneyManV2|move: Tailwind
|move|p2b: Exeggutor|Sleep Powder|p1b: Torkoal
|-status|p1b: Torkoal|slp|[from] move: Sleep Powder
|move|p1a: Indeedee|Trick Room|p1a: Indeedee
|-fieldstart|move: Trick Room|[of] p1a: Indeedee
|
|-weather|SunnyDay|[upkeep]
|upkeep
|turn|4
|
|t:|1756574480
|switch|p2a: Incineroar|Incineroar, L50, M|85/100
|-ability|p2a: Incineroar|Intimidate|boost
|-unboost|p1a: Indeedee|atk|1
|-unboost|p1b: Torkoal|atk|1
|-terastallize|p1a: Indeedee|Fairy
|cant|p1b: Torkoal|slp
|move|p1a: Indeedee|Dazzling Gleam|p2a: Incineroar|[spread] p2a,p2b
|-supereffective|p2b: Exeggutor
|-damage|p2a: Incineroar|65/100
|-damage|p2b: Exeggutor|58/100
|move|p2b: Exeggutor|Trick Room|p2b: Exeggutor
|-fieldend|move: Trick Room
|
|-weather|SunnyDay|[upkeep]
|upkeep
|turn|5
|
|t:|1756574510
|-terastallize|p2b: Exeggutor|Fire
|cant|p1b: Torkoal|slp
|move|p2a: Incineroar|Parting Shot|p1b: Torkoal
|-unboost|p1b: Torkoal|atk|1
|-unboost|p1b: Torkoal|spa|1
|
|t:|1756574521
|switch|p2a: Murkrow|Murkrow, L50, F|1/100|[from] Parting Shot
|move|p2b: Exeggutor|Sleep Powder|p1a: Indeedee
|-status|p1a: Indeedee|slp|[from] move: Sleep Powder
|cant|p1a: Indeedee|slp
|
|-weather|SunnyDay|[upkeep]
|-fieldend|move: Psychic Terrain
|upkeep
|turn|6
|
|t:|1756574537
|move|p2a: Murkrow|Foul Play|p1b: Torkoal
|-damage|p1b: Torkoal|90/100 slp
|move|p2b: Exeggutor|Flamethrower|p1b: Torkoal
|-resisted|p1b: Torkoal
|-damage|p1b: Torkoal|41/100 slp
|-curestatus|p1b: Torkoal|slp|[msg]
|move|p1b: Torkoal|Eruption|p2a: Murkrow|[spread] p2a,p2b
|-resisted|p2b: Exeggutor
|-damage|p2a: Murkrow|0 fnt
|-damage|p2b: Exeggutor|42/100
|-enditem|p2b: Exeggutor|Sitrus Berry|[eat]
|-heal|p2b: Exeggutor|67/100|[from] item: Sitrus Berry
|faint|p2a: Murkrow
|-curestatus|p1a: Indeedee|slp|[msg]
|move|p1a: Indeedee|Trick Room|p1a: Indeedee
|-fieldstart|move: Trick Room|[of] p1a: Indeedee
|
|-weather|SunnyDay|[upkeep]
|-sideend|p2: JourneyManV2|move: Tailwind
|-item|p2b: Exeggutor|Sitrus Berry|[from] ability: Harvest
|upkeep
|
|t:|1756574560
|switch|p2a: Incineroar|Incineroar, L50, M|65/100
|-ability|p2a: Incineroar|Intimidate|boost
|-unboost|p1a: Indeedee|atk|1
|-unboost|p1b: Torkoal|atk|1
|turn|7
|
|t:|1756574574
|move|p1b: Torkoal|Eruption|p2a: Incineroar|[spread] p2a,p2b
|-resisted|p2a: Incineroar
|-resisted|p2b: Exeggutor
|-damage|p2a: Incineroar|51/100
|-damage|p2b: Exeggutor|52/100
|move|p2b: Exeggutor|Flamethrower|p1a: Indeedee
|-damage|p1a: Indeedee|24/100
|move|p2a: Incineroar|Knock Off|p1a: Indeedee
|-resisted|p1a: Indeedee
|-damage|p1a: Indeedee|0 fnt
|-damage|p2a: Incineroar|35/100|[from] item: Rocky Helmet|[of] p1a: Indeedee
|-enditem|p1a: Indeedee|Rocky Helmet|[from] move: Knock Off|[of] p2a: Incineroar
|faint|p1a: Indeedee
|
|-weather|none
|upkeep
|
|t:|1756574576
|switch|p1a: Annihilape|Annihilape, L50, M|52/100
|turn|8
|
|t:|1756574607
|move|p1b: Torkoal|Eruption|p2b: Exeggutor|[spread] p2a,p2b
|-resisted|p2a: Incineroar
|-resisted|p2b: Exeggutor
|-damage|p2a: Incineroar|26/100
|-damage|p2b: Exeggutor|42/100
|-enditem|p2b: Exeggutor|Sitrus Berry|[eat]
|-heal|p2b: Exeggutor|66/100|[from] item: Sitrus Berry
|move|p2b: Exeggutor|Sleep Powder|p1b: Torkoal
|-status|p1b: Torkoal|slp|[from] move: Sleep Powder
|move|p2a: Incineroar|Knock Off|p1a: Annihilape
|-damage|p1a: Annihilape|1/100
|-enditem|p1a: Annihilape|Choice Scarf|[from] move: Knock Off|[of] p2a: Incineroar
|move|p1a: Annihilape|Close Combat|p2b: Exeggutor
|-damage|p2b: Exeggutor|22/100
|-unboost|p1a: Annihilape|def|1
|-unboost|p1a: Annihilape|spd|1
|
|-item|p2b: Exeggutor|Sitrus Berry|[from] ability: Harvest
|upkeep
|-enditem|p2b: Exeggutor|Sitrus Berry|[eat]
|-heal|p2b: Exeggutor|47/100|[from] item: Sitrus Berry
|turn|9
|
|t:|1756574642
|cant|p1b: Torkoal|slp
|move|p2b: Exeggutor|Giga Drain|p1a: Annihilape
|-damage|p1a: Annihilape|0 fnt
|-heal|p2b: Exeggutor|47/100|[from] drain|[of] p1a: Annihilape
|faint|p1a: Annihilape
|move|p2a: Incineroar|Flare Blitz|p1b: Torkoal
|-resisted|p1b: Torkoal
|-damage|p1b: Torkoal|17/100 slp
|-damage|p2a: Incineroar|19/100|[from] Recoil
|
|-item|p2b: Exeggutor|Sitrus Berry|[from] ability: Harvest
|upkeep
|-enditem|p2b: Exeggutor|Sitrus Berry|[eat]
|-heal|p2b: Exeggutor|72/100|[from] item: Sitrus Berry
|turn|10
|
|t:|1756574663
|cant|p1b: Torkoal|slp
|move|p2b: Exeggutor|Flamethrower|p1b: Torkoal
|-resisted|p1b: Torkoal
|-damage|p1b: Torkoal|0 fnt
|faint|p1b: Torkoal
|
|win|JourneyManV2
||sjogis is ready for game 2.
|inactive|JourneyManV2 has 30 seconds to confirm battle start!
||JourneyManV2 is ready for game 2.
|uhtml|next|Next: Game 2 of 3
