|j|☆delphigni
|j|☆jamirolol
|html|delphignijamirolol    
|uhtml|bestof|Game 2 of a best-of-3
|t:|1757918040
|gametype|doubles
|player|p1|delphigni|2|1236
|player|p2|jamirolol|102|1236
|gen|9
|tier|[Gen 9] VGC 2025 Reg H (Bo3)
|rated|
|rule|Species Clause: Limit one of each Pokémon
|rule|Item Clause: Limit 1 of each item
|clearpoke
|poke|p1|Kommo-o, L50, M|
|poke|p1|Primarina, L50, M|
|poke|p1|Sneasler, L50, M|
|poke|p1|Electabuzz, L50, M|
|poke|p1|Rillaboom, L50, M|
|poke|p1|Talonflame, L50, M|
|poke|p2|Volcarona, L50, F|
|poke|p2|Rillaboom, L50, F|
|poke|p2|Sneasler, L50, F|
|poke|p2|Dragapult, L50, M|
|poke|p2|Oricorio-Sensu, L50, F|
|poke|p2|Tyranitar, L50, F|
|teampreview|4
|showteam|p1|Kommo-o||ThroatSpray|Soundproof|ClangingScales,Flamethrower,ClangorousSoul,Protect|||M|||50|,,,,,Fire]Primarina||LifeOrb|LiquidVoice|HyperVoice,Moonblast,Haze,Protect|||M|||50|,,,,,Poison]Sneasler||FocusSash|Unburden|CloseCombat,DireClaw,ThroatChop,Protect|||M|||50|,,,,,Dark]Electabuzz||Eviolite|VitalSpirit|FollowMe,Electroweb,Taunt,Protect|||M|||50|,,,,,Ghost]Rillaboom||AssaultVest|GrassySurge|GrassyGlide,WoodHammer,FakeOut,HighHorsepower|||M|||50|,,,,,Fire]Talonflame||SharpBeak|GaleWings|BraveBird,WillOWisp,Tailwind,Protect|||M|||50|,,,,,Ghost
|showteam|p2|Volcarona||Leftovers|FlameBody|FieryDance,GigaDrain,QuiverDance,Protect|||F|||50|,,,,,Grass]Rillaboom||AssaultVest|GrassySurge|HighHorsepower,FakeOut,GrassyGlide,WoodHammer|||F|||50|,,,,,Fire]Sneasler||GrassySeed|Unburden|DireClaw,FakeOut,CloseCombat,Protect|||F|||50|,,,,,Dark]Dragapult||ChoiceBand|ClearBody|Uturn,DragonDarts,PhantomForce,PsychicFangs|||M|||50|,,,,,Dragon]Oricorio-Sensu||FocusSash|Dancer|RevelationDance,AlluringVoice,Taunt,Protect|||F|||50|,,,,,Ground]Tyranitar||ClearAmulet|SandStream|Protect,LowKick,RockSlide,KnockOff|||F|||50|,,,,,Water
|inactive|Battle timer is ON: inactive players will automatically lose when time's up. (requested by jamirolol)
|inactive|delphigni also wants the timer to be on.
|inactive|jamirolol has 60 seconds left.
|
|t:|1757918098
|teamsize|p1|4
|teamsize|p2|4
|start
|switch|p1a: Rilleboom|Rillaboom, L50, M, shiny|100/100
|switch|p1b: Yharon|Talonflame, L50, M, shiny|100/100
|switch|p2a: Tyranitar|Tyranitar, L50, F|100/100
|switch|p2b: Sneasler|Sneasler, L50, F, shiny|100/100
|-fieldstart|move: Grassy Terrain|[from] ability: Grassy Surge|[of] p1a: Rilleboom
|-enditem|p2b: Sneasler|Grassy Seed
|-boost|p2b: Sneasler|def|1|[from] item: Grassy Seed
|-weather|Sandstorm|[from] ability: Sand Stream|[of] p2a: Tyranitar
|turn|1
|inactive|jamirolol has 30 seconds left.
|
|t:|1757918126
|move|p2b: Sneasler|Fake Out|p1a: Rilleboom
|-damage|p1a: Rilleboom|84/100
|cant|p1a: Rilleboom|flinch
|move|p1b: Yharon|Brave Bird|p2b: Sneasler
|-supereffective|p2b: Sneasler
|-damage|p2b: Sneasler|9/100
|-damage|p1b: Yharon|72/100|[from] Recoil
|move|p2a: Tyranitar|Rock Slide|p1b: Yharon|[spread] p1a,p1b
|-supereffective|p1b: Yharon
|-damage|p1a: Rilleboom|51/100
|-damage|p1b: Yharon|0 fnt
|faint|p1b: Yharon
|
|-weather|Sandstorm|[upkeep]
|-damage|p2b: Sneasler|3/100|[from] Sandstorm
|-damage|p1a: Rilleboom|45/100|[from] Sandstorm
|-heal|p2b: Sneasler|9/100|[from] Grassy Terrain
|-heal|p1a: Rilleboom|51/100|[from] Grassy Terrain
|upkeep
|
|t:|1757918132
|switch|p1b: Bumblebirb|Electabuzz, L50, M, shiny|100/100
|turn|2
|
|t:|1757918146
|-terastallize|p1a: Rilleboom|Fire
|move|p2b: Sneasler|Protect|p2b: Sneasler
|-singleturn|p2b: Sneasler|Protect
|move|p1b: Bumblebirb|Follow Me|p1b: Bumblebirb
|-singleturn|p1b: Bumblebirb|move: Follow Me
|move|p1a: Rilleboom|Wood Hammer|p2a: Tyranitar
|-supereffective|p2a: Tyranitar
|-damage|p2a: Tyranitar|0 fnt
|faint|p2a: Tyranitar
|-damage|p1a: Rilleboom|16/100|[from] Recoil
|
|-weather|Sandstorm|[upkeep]
|-damage|p2b: Sneasler|3/100|[from] Sandstorm
|-damage|p1b: Bumblebirb|94/100|[from] Sandstorm
|-damage|p1a: Rilleboom|10/100|[from] Sandstorm
|-heal|p2b: Sneasler|9/100|[from] Grassy Terrain
|-heal|p1b: Bumblebirb|100/100|[from] Grassy Terrain
|-heal|p1a: Rilleboom|16/100|[from] Grassy Terrain
|upkeep
|
|t:|1757918156
|switch|p2a: Dragapult|Dragapult, L50, M|100/100
|turn|3
|
|t:|1757918169
|move|p1b: Bumblebirb|Protect|p1b: Bumblebirb
|-singleturn|p1b: Bumblebirb|Protect
|move|p1a: Rilleboom|Grassy Glide|p2b: Sneasler
|-resisted|p2b: Sneasler
|-damage|p2b: Sneasler|0 fnt
|faint|p2b: Sneasler
|move|p2a: Dragapult|Dragon Darts|p1a: Rilleboom
|-damage|p1a: Rilleboom|0 fnt
|faint|p1a: Rilleboom
|
|-weather|Sandstorm|[upkeep]
|-damage|p2a: Dragapult|94/100|[from] Sandstorm
|-damage|p1b: Bumblebirb|94/100|[from] Sandstorm
|-heal|p2a: Dragapult|100/100|[from] Grassy Terrain
|-heal|p1b: Bumblebirb|100/100|[from] Grassy Terrain
|upkeep
|
|t:|1757918176
|switch|p2b: Rillaboom|Rillaboom, L50, F|100/100
|switch|p1a: Calamity|Sneasler, L50, M, shiny|100/100
|turn|4
|
|t:|1757918188
|-terastallize|p2a: Dragapult|Dragon
|move|p1a: Calamity|Protect|p1a: Calamity
|-singleturn|p1a: Calamity|Protect
|move|p1b: Bumblebirb|Protect||[still]
|-fail|p1b: Bumblebirb
|move|p2b: Rillaboom|Fake Out|p1a: Calamity
|-activate|p1a: Calamity|move: Protect
|move|p2a: Dragapult|Dragon Darts|p1b: Bumblebirb
|-crit|p1b: Bumblebirb
|-damage|p1b: Bumblebirb|27/100
|-anim|p2a: Dragapult|Dragon Darts|p1b: Bumblebirb
|-damage|p1b: Bumblebirb|0 fnt
|faint|p1b: Bumblebirb
|
|-weather|Sandstorm|[upkeep]
|-damage|p2a: Dragapult|94/100|[from] Sandstorm
|-damage|p1a: Calamity|95/100|[from] Sandstorm
|-damage|p2b: Rillaboom|95/100|[from] Sandstorm
|-heal|p2a: Dragapult|100/100|[from] Grassy Terrain
|-heal|p1a: Calamity|100/100|[from] Grassy Terrain
|-heal|p2b: Rillaboom|100/100|[from] Grassy Terrain
|upkeep
|turn|5
|
|t:|1757918195
|move|p2b: Rillaboom|Grassy Glide|p1a: Calamity
|-resisted|p1a: Calamity
|-damage|p1a: Calamity|71/100
|move|p2a: Dragapult|Dragon Darts|p1a: Calamity
|-damage|p1a: Calamity|0 fnt
|faint|p1a: Calamity
|
|win|jamirolol
||delphigni is ready for game 3.
|inactive|jamirolol has 30 seconds to confirm battle start!
|inactive|jamirolol has 20 seconds to confirm battle start!
|l|☆jamirolol
|player|p2|
||jamirolol is ready for game 3.
|uhtml|next|Next: Game 3 of 3
|l|☆delphigni
|player|p1|
