|j|â˜†basedfortnitegamer
|j|â˜†WhenSheTerapOnMyCM
|html|basedfortnitegamerWhenSheTerapOnMyCM    
|uhtml|bestof|Game 1 of a best-of-3
|t:|1756170219
|gametype|doubles
|player|p1|basedfortnitegamer|pokefan-gen4|1164
|player|p2|WhenSheTerapOnMyCM|n|1270
|gen|9
|tier|[Gen 9] VGC 2025 Reg H (Bo3)
|rated|
|rule|Species Clause: Limit one of each PokÃ©mon
|rule|Item Clause: Limit 1 of each item
|clearpoke
|poke|p1|Incineroar, L50, M|
|poke|p1|Sinistcha-Masterpiece, L50|
|poke|p1|Ursaluna, L50, F|
|poke|p1|Annihilape, L50, M|
|poke|p1|Ninetales-Alola, L50, M|
|poke|p1|Dragonite, L50, F|
|poke|p2|Kingambit, L50, F|
|poke|p2|Rillaboom, L50, F|
|poke|p2|Electabuzz, L50, M|
|poke|p2|Volcarona, L50, M|
|poke|p2|Sneasler, L50, F|
|poke|p2|Dragonite, L50, M|
|teampreview|4
|showteam|p1|Incineroar||SafetyGoggles|Intimidate|FlareBlitz,KnockOff,FakeOut,PartingShot|||M|||50|,,,,,Ghost]Sinistcha-Masterpiece||SitrusBerry|Hospitality|MatchaGotcha,RagePowder,TrickRoom,LifeDew||||||50|,,,,,Water]Ursaluna||FlameOrb|Guts|Facade,HeadlongRush,Earthquake,Protect|||F|||50|,,,,,Ghost]Annihilape||FocusSash|Defiant|CloseCombat,RageFist,Coaching,Taunt|||M|||50|,,,,,Flying]Ninetales-Alola||NeverMeltIce|SnowWarning|Blizzard,FreezeDry,AuroraVeil,Protect|||M|||50|,,,,,Ghost]Dragonite||LoadedDice|Multiscale|ScaleShot,Tailwind,Haze,Protect|||F|||50|,,,,,Fairy
|showteam|p2|Kingambit||BlackGlasses|Defiant|Protect,KowtowCleave,SuckerPunch,SwordsDance|||F|||50|,,,,,Dark]Rillaboom||AssaultVest|GrassySurge|WoodHammer,GrassyGlide,HighHorsepower,FakeOut|||F|||50|,,,,,Fire]Electabuzz||Eviolite|VitalSpirit|Protect,Thunderbolt,HelpingHand,FollowMe|||M|||50|,,,,,Ghost]Volcarona||CovertCloak|FlameBody|Protect,HeatWave,TeraBlast,QuiverDance|||M|||50|,,,,,Fairy]Sneasler||FocusSash|Unburden|CloseCombat,DireClaw,Coaching,FakeOut|||F|||50|,,,,,Stellar]Dragonite||LoadedDice|Multiscale|ScaleShot,Haze,ExtremeSpeed,Protect|||M|||50|,,,,,Fairy
|inactive|Battle timer is ON: inactive players will automatically lose when time's up. (requested by basedfortnitegamer)
|inactive|basedfortnitegamer has 60 seconds left.
|inactive|WhenSheTerapOnMyCM has 60 seconds left.
|inactive|WhenSheTerapOnMyCM has 30 seconds left.
|inactive|WhenSheTerapOnMyCM has 20 seconds left.
|inactive|WhenSheTerapOnMyCM has 15 seconds left.
|inactive|WhenSheTerapOnMyCM has 10 seconds left.
|inactive|WhenSheTerapOnMyCM has 5 seconds left.
|
|t:|1756170307
|teamsize|p1|4
|teamsize|p2|4
|start
|switch|p1a: Annihilape|Annihilape, L50, M|100/100
|switch|p1b: Dragonite|Dragonite, L50, F|100/100
|switch|p2a: Shigaraki|Sneasler, L50, F|100/100
|switch|p2b: All for One|Dragonite, L50, M|100/100
|turn|1
|inactive|WhenSheTerapOnMyCM has 30 seconds left.
|
|t:|1756170336
|-terastallize|p1b: Dragonite|Fairy
|move|p2a: Shigaraki|Fake Out|p1b: Dragonite
|-damage|p1b: Dragonite|93/100
|move|p1a: Annihilape|Coaching|p1b: Dragonite
|-boost|p1b: Dragonite|atk|1
|-boost|p1b: Dragonite|def|1
|move|p2b: All for One|Scale Shot|p1a: Annihilape
|-damage|p1a: Annihilape|83/100
|-damage|p1a: Annihilape|65/100
|-damage|p1a: Annihilape|46/100
|-damage|p1a: Annihilape|29/100
|-damage|p1a: Annihilape|9/100
|-hitcount|p1a: Annihilape|5
|-unboost|p2b: All for One|def|1
|-boost|p2b: All for One|spe|1
|cant|p1b: Dragonite|flinch
|
|upkeep
|turn|2
|inactive|WhenSheTerapOnMyCM has 30 seconds left.
|
|t:|1756170371
|switch|p1a: Sinistcha|Sinistcha-Masterpiece, L50|100/100
|-heal|p1b: Dragonite|100/100|[from] ability: Hospitality|[of] p1a: Sinistcha
|-terastallize|p2a: Shigaraki|Stellar
|move|p2b: All for One|Scale Shot|p1a: Sinistcha
|-damage|p1a: Sinistcha|90/100
|-damage|p1a: Sinistcha|77/100
|-damage|p1a: Sinistcha|66/100
|-damage|p1a: Sinistcha|54/100
|-hitcount|p1a: Sinistcha|4
|-unboost|p2b: All for One|def|1
|-boost|p2b: All for One|spe|1
|move|p2a: Shigaraki|Dire Claw|p1b: Dragonite
|-supereffective|p1b: Dragonite
|-damage|p1b: Dragonite|57/100
|move|p1b: Dragonite|Scale Shot|p2a: Shigaraki
|-damage|p2a: Shigaraki|65/100
|-damage|p2a: Shigaraki|29/100
|-damage|p2a: Shigaraki|0 fnt
|faint|p2a: Shigaraki
|-hitcount|p2: Shigaraki|3
|-unboost|p1b: Dragonite|def|1
|-boost|p1b: Dragonite|spe|1
|
|upkeep
|
|t:|1756170394
|switch|p2a: Trunkmeister|Rillaboom, L50, F, shiny|100/100
|-fieldstart|move: Grassy Terrain|[from] ability: Grassy Surge|[of] p2a: Trunkmeister
|turn|3
|
|t:|1756170406
|move|p1b: Dragonite|Protect|p1b: Dragonite
|-singleturn|p1b: Dragonite|Protect
|move|p2b: All for One|Extreme Speed|p1b: Dragonite
|-activate|p1b: Dragonite|move: Protect
|move|p2a: Trunkmeister|Grassy Glide|p1b: Dragonite
|-activate|p1b: Dragonite|move: Protect
|move|p1a: Sinistcha|Life Dew|p1a: Sinistcha|[spread] p1a,p1b
|-heal|p1a: Sinistcha|79/100
|-heal|p1b: Dragonite|82/100
|
|-heal|p1b: Dragonite|88/100|[from] Grassy Terrain
|-heal|p1a: Sinistcha|85/100|[from] Grassy Terrain
|upkeep
|turn|4
|
|t:|1756170415
|move|p2b: All for One|Extreme Speed|p1b: Dragonite
|-damage|p1b: Dragonite|52/100
|move|p2a: Trunkmeister|Grassy Glide|p1b: Dragonite
|-damage|p1b: Dragonite|12/100
|move|p1b: Dragonite|Scale Shot|p2b: All for One|[miss]
|-miss|p1b: Dragonite|p2b: All for One
|move|p1a: Sinistcha|Life Dew|p1a: Sinistcha|[spread] p1a,p1b
|-heal|p1a: Sinistcha|100/100
|-heal|p1b: Dragonite|37/100
|
|-heal|p1b: Dragonite|43/100|[from] Grassy Terrain
|upkeep
|turn|5
|inactive|WhenSheTerapOnMyCM has 30 seconds left.
|
|t:|1756170449
|move|p1b: Dragonite|Protect|p1b: Dragonite
|-singleturn|p1b: Dragonite|Protect
|move|p2b: All for One|Extreme Speed|p1b: Dragonite
|-activate|p1b: Dragonite|move: Protect
|move|p2a: Trunkmeister|Grassy Glide|p1b: Dragonite
|-activate|p1b: Dragonite|move: Protect
|move|p1a: Sinistcha|Life Dew||[still]|[spread] p1a,p1b
|-fail|p1a: Sinistcha|heal
|-heal|p1b: Dragonite|69/100
|
|-heal|p1b: Dragonite|75/100|[from] Grassy Terrain
|upkeep
|turn|6
|
|t:|1756170457
|move|p2b: All for One|Protect|p2b: All for One
|-singleturn|p2b: All for One|Protect
|move|p1b: Dragonite|Scale Shot|p2b: All for One
|-activate|p2b: All for One|move: Protect
|move|p2a: Trunkmeister|Wood Hammer|p1b: Dragonite
|-damage|p1b: Dragonite|0 fnt
|faint|p1b: Dragonite
|-damage|p2a: Trunkmeister|81/100|[from] Recoil
|move|p1a: Sinistcha|Life Dew||[still]
|-fail|p1a: Sinistcha|heal
|
|-heal|p2a: Trunkmeister|86/100|[from] Grassy Terrain
|upkeep
|
|t:|1756170464
|switch|p1b: Ursaluna|Ursaluna, L50, F|100/100
|turn|7
|
|t:|1756170479
|switch|p2a: WrathofKhan|Kingambit, L50, F, shiny|100/100
|move|p1b: Ursaluna|Protect|p1b: Ursaluna
|-singleturn|p1b: Ursaluna|Protect
|move|p2b: All for One|Scale Shot|p1a: Sinistcha
|-damage|p1a: Sinistcha|88/100
|-damage|p1a: Sinistcha|76/100
|-damage|p1a: Sinistcha|64/100
|-damage|p1a: Sinistcha|53/100
|-damage|p1a: Sinistcha|42/100
|-enditem|p1a: Sinistcha|Sitrus Berry|[eat]
|-heal|p1a: Sinistcha|66/100|[from] item: Sitrus Berry
|-hitcount|p1a: Sinistcha|5
|-unboost|p2b: All for One|def|1
|-boost|p2b: All for One|spe|1
|move|p1a: Sinistcha|Trick Room|p1a: Sinistcha
|-fieldstart|move: Trick Room|[of] p1a: Sinistcha
|
|-heal|p1a: Sinistcha|72/100|[from] Grassy Terrain
|-fieldend|move: Grassy Terrain
|-status|p1b: Ursaluna|brn|[from] item: Flame Orb
|upkeep
|turn|8
|inactive|WhenSheTerapOnMyCM has 30 seconds left.
|
|t:|1756170506
|move|p2a: WrathofKhan|Kowtow Cleave|p1a: Sinistcha
|-supereffective|p1a: Sinistcha
|-damage|p1a: Sinistcha|0 fnt
|faint|p1a: Sinistcha
|move|p1b: Ursaluna|Headlong Rush|p2a: WrathofKhan
|-supereffective|p2a: WrathofKhan
|-damage|p2a: WrathofKhan|0 fnt
|-unboost|p1b: Ursaluna|def|1
|-unboost|p1b: Ursaluna|spd|1
|faint|p2a: WrathofKhan
|move|p2b: All for One|Scale Shot|p1b: Ursaluna
|-damage|p1b: Ursaluna|83/100 brn
|-damage|p1b: Ursaluna|66/100 brn
|-damage|p1b: Ursaluna|50/100 brn
|-damage|p1b: Ursaluna|33/100 brn
|-hitcount|p1b: Ursaluna|4
|-unboost|p2b: All for One|def|1
|-boost|p2b: All for One|spe|1
|
|-damage|p1b: Ursaluna|27/100 brn|[from] brn
|upkeep
|-message|basedfortnitegamer forfeited.
|
|win|WhenSheTerapOnMyCM
||basedfortnitegamer is ready for game 2.
||WhenSheTerapOnMyCM is ready for game 2.
|uhtml|next|Next: Game 2 of 3
|l|â˜†WhenSheTerapOnMyCM
|player|p2|
