|j|☆fili53
|j|☆MrTedno
|html|fili53MrTedno    
|uhtml|bestof|Game 1 of a best-of-3
|t:|1756160830
|gametype|doubles
|player|p1|fili53|cress|1230
|player|p2|MrTedno|barry|1234
|gen|9
|tier|[Gen 9] VGC 2025 Reg H (Bo3)
|rated|
|rule|Species Clause: Limit one of each Pokémon
|rule|Item Clause: Limit 1 of each item
|clearpoke
|poke|p1|Arcanine-Hisui, L50, M|
|poke|p1|Rillaboom, L50, M|
|poke|p1|Clefable, L50, F|
|poke|p1|Inteleon, L50, M|
|poke|p1|Sneasler, L50, M|
|poke|p1|Dragapult, L50, F|
|poke|p2|Dondozo, L50, M|
|poke|p2|Tatsugiri, L50, M|
|poke|p2|Politoed, L50, M|
|poke|p2|Archaludon, L50, F|
|poke|p2|Amoonguss, L50, M|
|poke|p2|Overqwil, L50, F|
|teampreview|4
|showteam|p1|Arcanine-Hisui||ClearAmulet|Intimidate|FlareBlitz,RockSlide,ExtremeSpeed,Protect|||M|||50|,,,,,Water]Rillaboom||AssaultVest|GrassySurge|WoodHammer,GrassyGlide,HighHorsepower,FakeOut|||M|||50|,,,,,Fire]Clefable||SafetyGoggles|Unaware|Moonblast,FollowMe,HelpingHand,Protect|||F|||50|,,,,,Poison]Inteleon||RazorClaw|Sniper|SnipeShot,IceBeam,Taunt,Protect|||M|||50|,,,,,Water]Sneasler||FocusSash|Unburden|CloseCombat,DireClaw,FakeOut,Protect|||M|||50|,,,,,Stellar]Dragapult||ChoiceBand|ClearBody|DragonDarts,Outrage,PhantomForce,Uturn|||F|||50|,,,,,Dragon
|showteam|p2|Dondozo||LifeOrb|Unaware|Surf,Protect,SleepTalk|||M|||50|,,,,,Water]Tatsugiri||FocusSash|Commander|DracoMeteor,Protect,MuddyWater,Taunt|||M|||50|,,,,,Stellar]Politoed||SitrusBerry|Drizzle|WeatherBall,IceBeam,Haze,Protect|||M|||50|,,,,,Ghost]Archaludon||AssaultVest|Stamina|BodyPress,ElectroShot,DragonPulse,FlashCannon|||F|||50|,,,,,Grass]Amoonguss||RockyHelmet|Regenerator|Spore,RagePowder,PollenPuff,Protect|||M|||50|,,,,,Fairy]Overqwil||ChoiceBand|SwiftSwim|PoisonJab,ThroatChop,Liquidation,PinMissile|||F|||50|,,,,,Ghost
|c|☆MrTedno|glhf
|inactive|Battle timer is ON: inactive players will automatically lose when time's up. (requested by fili53)
|
|t:|1756160906
|teamsize|p1|4
|teamsize|p2|4
|start
|switch|p1a: Inteleon|Inteleon, L50, M|100/100
|switch|p1b: Clefable|Clefable, L50, F|100/100
|switch|p2a: Kwazii|Dondozo, L50, M|100/100
|switch|p2b: Tweak|Politoed, L50, M|100/100
|-weather|RainDance|[from] ability: Drizzle|[of] p2b: Tweak
|turn|1
|inactive|MrTedno has 30 seconds left.
|
|t:|1756160940
|switch|p2b: Peso|Tatsugiri, L50, M|100/100
|-activate|p2b: Peso|ability: Commander|[of] p2a: Kwazii
|-boost|p2a: Kwazii|atk|2
|-boost|p2a: Kwazii|spa|2
|-boost|p2a: Kwazii|spe|2
|-boost|p2a: Kwazii|def|2
|-boost|p2a: Kwazii|spd|2
|-terastallize|p2a: Kwazii|Water
|move|p1b: Clefable|Follow Me|p1b: Clefable
|-singleturn|p1b: Clefable|move: Follow Me
|move|p2a: Kwazii|Surf|p1b: Clefable|[spread] p1a,p1b
|-miss|p2a: Kwazii|p2b: Peso
|-resisted|p1a: Inteleon
|-damage|p1a: Inteleon|0 fnt
|-damage|p1b: Clefable|48/100
|faint|p1a: Inteleon
|-damage|p2a: Kwazii|91/100|[from] item: Life Orb
|
|-weather|RainDance|[upkeep]
|upkeep
|
|t:|1756160947
|switch|p1a: Rillaboom|Rillaboom, L50, M|100/100
|-fieldstart|move: Grassy Terrain|[from] ability: Grassy Surge|[of] p1a: Rillaboom
|turn|2
|
|t:|1756160963
|move|p1a: Rillaboom|Fake Out|p2a: Kwazii
|-damage|p2a: Kwazii|85/100
|cant|p2a: Kwazii|flinch
|move|p1b: Clefable|Moonblast|p2a: Kwazii
|-damage|p2a: Kwazii|48/100
|
|-weather|RainDance|[upkeep]
|-heal|p2a: Kwazii|54/100|[from] Grassy Terrain
|-heal|p1b: Clefable|53/100|[from] Grassy Terrain
|upkeep
|turn|3
|
|t:|1756160979
|move|p1b: Clefable|Helping Hand|p1a: Rillaboom
|-singleturn|p1a: Rillaboom|Helping Hand|[of] p1b: Clefable
|move|p2a: Kwazii|Protect|p2a: Kwazii
|-singleturn|p2a: Kwazii|Protect
|move|p1a: Rillaboom|Grassy Glide|p2a: Kwazii
|-activate|p2a: Kwazii|move: Protect
|
|-weather|RainDance|[upkeep]
|-heal|p2a: Kwazii|61/100|[from] Grassy Terrain
|-heal|p1b: Clefable|59/100|[from] Grassy Terrain
|upkeep
|turn|4
|
|t:|1756160988
|move|p1b: Clefable|Protect|p1b: Clefable
|-singleturn|p1b: Clefable|Protect
|move|p2a: Kwazii|Surf|p1b: Clefable|[spread] p1a
|-miss|p2a: Kwazii|p2b: Peso
|-activate|p1b: Clefable|move: Protect
|-resisted|p1a: Rillaboom
|-damage|p1a: Rillaboom|59/100
|-damage|p2a: Kwazii|51/100|[from] item: Life Orb
|move|p1a: Rillaboom|Wood Hammer|p2a: Kwazii
|-supereffective|p2a: Kwazii
|-damage|p2a: Kwazii|0 fnt
|faint|p2a: Kwazii
|-damage|p1a: Rillaboom|41/100|[from] Recoil
|
|-weather|RainDance|[upkeep]
|-heal|p1a: Rillaboom|47/100|[from] Grassy Terrain
|-heal|p1b: Clefable|65/100|[from] Grassy Terrain
|upkeep
|
|t:|1756160994
|switch|p2a: Shellington|Overqwil, L50, F|100/100
|turn|5
|
|t:|1756161018
|switch|p1a: Sneasler|Sneasler, L50, M|100/100
|-terastallize|p1b: Clefable|Poison
|move|p2a: Shellington|Poison Jab|p1a: Sneasler
|-resisted|p1a: Sneasler
|-damage|p1a: Sneasler|55/100
|move|p2b: Peso|Muddy Water|p1a: Sneasler|[spread] p1a,p1b
|-damage|p1a: Sneasler|0 fnt
|-damage|p1b: Clefable|22/100
|faint|p1a: Sneasler
|move|p1b: Clefable|Moonblast|p2b: Peso
|-supereffective|p2b: Peso
|-damage|p2b: Peso|17/100
|-unboost|p2b: Peso|spa|1
|
|-weather|none
|-heal|p2b: Peso|23/100|[from] Grassy Terrain
|-heal|p1b: Clefable|28/100|[from] Grassy Terrain
|upkeep
|
|t:|1756161026
|switch|p1a: Rillaboom|Rillaboom, L50, M|47/100
|turn|6
|inactive|MrTedno has 30 seconds left.
|
|t:|1756161053
|switch|p2a: Tweak|Politoed, L50, M|100/100
|-weather|RainDance|[from] ability: Drizzle|[of] p2a: Tweak
|move|p1b: Clefable|Follow Me|p1b: Clefable
|-singleturn|p1b: Clefable|move: Follow Me
|move|p2b: Peso|Muddy Water|p1a: Rillaboom|[spread] p1a,p1b
|-resisted|p1a: Rillaboom
|-damage|p1a: Rillaboom|36/100
|-damage|p1b: Clefable|0 fnt
|-unboost|p1a: Rillaboom|accuracy|1
|faint|p1b: Clefable
|move|p1a: Rillaboom|High Horsepower|p2a: Tweak
|-damage|p2a: Tweak|64/100
|
|-weather|RainDance|[upkeep]
|-heal|p2b: Peso|30/100|[from] Grassy Terrain
|-heal|p1a: Rillaboom|42/100|[from] Grassy Terrain
|-heal|p2a: Tweak|70/100|[from] Grassy Terrain
|-fieldend|move: Grassy Terrain
|upkeep
|turn|7
|-message|fili53 forfeited.
|
|win|MrTedno
|l|☆fili53
|player|p1|
||fili53 is ready for game 2.
||MrTedno is ready for game 2.
|uhtml|next|Next: Game 2 of 3
