|j|☆int shadowbtl
|j|☆discord addams
|html|int shadowbtldiscord addams    
|uhtml|bestof|Game 1 of a best-of-3
|t:|1786027088
|gametype|doubles
|player|p1|int shadowbtl|backpacker|1089
|player|p2|discord addams|cynthia-gen4|1040
|gen|9
|tier|[Gen 9 Champions] VGC 2026 Reg M-B (Bo3)
|rated|
|rule|Species Clause: Limit one of each Pokémon
|rule|Item Clause: Limit 1 of each item
|clearpoke
|poke|p1|Venusaur, L50, F|
|poke|p1|Basculegion, L50, M|
|poke|p1|Ninetales-Alola, L50, M|
|poke|p1|Kingambit, L50, F|
|poke|p1|Lycanroc-Dusk, L50, M|
|poke|p1|Blaziken, L50, M|
|poke|p2|Altaria, L50, M|
|poke|p2|Sneasler, L50, M|
|poke|p2|Whimsicott, L50, F|
|poke|p2|Gholdengo, L50|
|poke|p2|Maushold, L50|
|poke|p2|Milotic, L50, F|
|teampreview|4
|showteam|p1|Venusaur||Venusaurite|Chlorophyll|SludgeBomb,GigaDrain,EarthPower,Protect|Modest||F|||50|]Basculegion||ChoiceScarf|Adaptability|WaveCrash,FlipTurn,LastRespects,AquaJet|Jolly||M|||50|]Ninetales-Alola||NeverMeltIce|SnowWarning|Blizzard,FreezeDry,Encore,Protect|Timid||M|||50|]Kingambit||BlackGlasses|Defiant|KowtowCleave,IronHead,SuckerPunch,Protect|Adamant||F|||50|]Lycanroc-Dusk||FocusSash|ToughClaws|RockSlide,CloseCombat,Accelerock,Protect|Adamant||M|||50|]Blaziken||Blazikenite|SpeedBoost|CloseCombat,FlareBlitz,RockSlide,Detect|Adamant||M|||50|
|showteam|p2|Altaria||Altarianite|CloudNine|PlayRough,DragonDance,Protect,Earthquake|Adamant||M|||50|]Sneasler||WhiteHerb|Unburden|DireClaw,CloseCombat,Coaching,FakeOut|Adamant||M|||50|]Whimsicott||MentalHerb|Prankster|Encore,Moonblast,HelpingHand,Tailwind|Serious||F|||50|]Gholdengo||LifeOrb|GoodasGold|ShadowBall,NastyPlot,MakeItRain,Protect|Modest|||||50|]Maushold||FocusSash|FriendGuard|Encore,SuperFang,FollowMe,HelpingHand|Serious|||||50|]Milotic||Leftovers|MarvelScale|Scald,IcyWind,Recover,Protect|Bold||F|||50|
|
|t:|1786027129
|teamsize|p1|4
|teamsize|p2|4
|start
|switch|p1a: Venusaur|Venusaur, L50, F|100/100
|switch|p1b: Basculegion|Basculegion, L50, M|100/100
|switch|p2a: Whimsicott|Whimsicott, L50, F|100/100
|switch|p2b: Sneasler|Sneasler, L50, M|100/100
|turn|1
|inactive|Battle timer is ON: inactive players will automatically lose when time's up. (requested by int shadowbtl)
|inactive|int shadowbtl has 60 seconds left.
|
|t:|1786027162
|detailschange|p1a: Venusaur|Venusaur-Mega, L50, F
|-mega|p1a: Venusaur|Venusaur|Venusaurite
|move|p2b: Sneasler|Fake Out|p1a: Venusaur
|-damage|p1a: Venusaur|87/100
|move|p2a: Whimsicott|Tailwind|p2a: Whimsicott
|-sidestart|p2: discord addams|move: Tailwind
|move|p1b: Basculegion|Wave Crash|p2b: Sneasler
|-damage|p2b: Sneasler|18/100
|-damage|p1b: Basculegion|74/100|[from] Recoil
|cant|p1a: Venusaur|flinch
|
|upkeep
|turn|2
|inactive|discord addams has 30 seconds left.
|
|t:|1786027189
|switch|p2a: Altaria|Altaria, L50, M|100/100
|-ability|p2a: Altaria|Cloud Nine
|move|p2b: Sneasler|Dire Claw|p1a: Venusaur
|-crit|p1a: Venusaur
|-damage|p1a: Venusaur|37/100
|-status|p1a: Venusaur|slp
|move|p1b: Basculegion|Wave Crash|p2b: Sneasler
|-damage|p2b: Sneasler|0 fnt
|faint|p2b: Sneasler
|-damage|p1b: Basculegion|69/100|[from] Recoil
|cant|p1a: Venusaur|slp
|
|upkeep
|
|t:|1786027202
|switch|p2b: Whimsicott|Whimsicott, L50, F|100/100
|turn|3
|
|t:|1786027223
|switch|p1b: Ninetales|Ninetales-Alola, L50, M|100/100
|-weather|Snowscape|[from] ability: Snow Warning|[of] p1b: Ninetales
|detailschange|p2a: Altaria|Altaria-Mega, L50, M
|-mega|p2a: Altaria|Altaria|Altarianite
|move|p2b: Whimsicott|Helping Hand|p2a: Altaria
|-singleturn|p2a: Altaria|Helping Hand|[of] p2b: Whimsicott
|cant|p1a: Venusaur|slp
|move|p2a: Altaria|Play Rough|p1b: Ninetales
|-damage|p1b: Ninetales|35/100
|
|-weather|Snowscape|[upkeep]
|upkeep
|turn|4
|inactive|int shadowbtl has 30 seconds left.
|inactive|discord addams has 30 seconds left.
|
|t:|1786027251
|switch|p1b: Basculegion|Basculegion, L50, M|69/100
|move|p2b: Whimsicott|Helping Hand|p2a: Altaria
|-singleturn|p2a: Altaria|Helping Hand|[of] p2b: Whimsicott
|-curestatus|p1a: Venusaur|slp|[msg]
|move|p1a: Venusaur|Protect|p1a: Venusaur
|-singleturn|p1a: Venusaur|Protect
|move|p2a: Altaria|Play Rough|p1a: Venusaur
|-activate|p1a: Venusaur|move: Protect
|
|-weather|Snowscape|[upkeep]
|-sideend|p2: discord addams|move: Tailwind
|upkeep
|turn|5
|inactive|int shadowbtl has 30 seconds left.
|inactive|discord addams has 30 seconds left.
|
|t:|1786027287
|move|p2a: Altaria|Protect|p2a: Altaria
|-singleturn|p2a: Altaria|Protect
|move|p2b: Whimsicott|Tailwind|p2b: Whimsicott
|-sidestart|p2: discord addams|move: Tailwind
|move|p1b: Basculegion|Flip Turn|p2b: Whimsicott
|-resisted|p2b: Whimsicott|1
|-damage|p2b: Whimsicott|80/100
|
|t:|1786027298
|switch|p1b: Blaziken|Blaziken, L50, M|100/100|[from] Flip Turn
|move|p1a: Venusaur|Sludge Bomb|p2b: Whimsicott
|-supereffective|p2b: Whimsicott|2
|-damage|p2b: Whimsicott|0 fnt
|faint|p2b: Whimsicott
|
|-weather|Snowscape|[upkeep]
|upkeep
|
|t:|1786027304
|switch|p2b: Milotic|Milotic, L50, F|100/100
|turn|6
|
|t:|1786027317
|move|p1b: Blaziken|Detect|p1b: Blaziken
|-singleturn|p1b: Blaziken|Protect
|move|p2a: Altaria|Earthquake|p1b: Blaziken|[spread] p2b,p1a
|-activate|p1b: Blaziken|move: Protect
|-damage|p2b: Milotic|81/100
|-damage|p1a: Venusaur|15/100
|move|p2b: Milotic|Icy Wind|p1a: Venusaur|[spread] p1a
|-activate|p1b: Blaziken|move: Protect
|-supereffective|p1a: Venusaur|1
|-damage|p1a: Venusaur|5/100
|-unboost|p1a: Venusaur|spe|1
|move|p1a: Venusaur|Giga Drain|p2b: Milotic
|-supereffective|p2b: Milotic|1
|-damage|p2b: Milotic|22/100
|-heal|p1a: Venusaur|39/100|[from] drain|[of] p2b: Milotic
|
|-weather|Snowscape|[upkeep]
|-heal|p2b: Milotic|28/100|[from] item: Leftovers
|-ability|p1b: Blaziken|Speed Boost|boost
|-boost|p1b: Blaziken|spe|1
|upkeep
|turn|7
|inactive|int shadowbtl has 30 seconds left.
|inactive|discord addams has 30 seconds left.
|
|t:|1786027345
|move|p2a: Altaria|Play Rough|p1b: Blaziken|[miss]
|-miss|p2a: Altaria|p1b: Blaziken
|move|p2b: Milotic|Icy Wind|p1a: Venusaur|[spread] p1a,p1b
|-supereffective|p1a: Venusaur|1
|-resisted|p1b: Blaziken|1
|-damage|p1a: Venusaur|30/100
|-damage|p1b: Blaziken|92/100
|-unboost|p1a: Venusaur|spe|1
|-unboost|p1b: Blaziken|spe|1
|move|p1b: Blaziken|Rock Slide|p2b: Milotic|[spread] p2a,p2b
|-damage|p2a: Altaria|78/100
|-damage|p2b: Milotic|14/100
|move|p1a: Venusaur|Giga Drain|p2b: Milotic
|-supereffective|p2b: Milotic|1
|-damage|p2b: Milotic|0 fnt
|-heal|p1a: Venusaur|39/100|[from] drain|[of] p2b: Milotic
|faint|p2b: Milotic
|
|-weather|none
|-ability|p1b: Blaziken|Speed Boost|boost
|-boost|p1b: Blaziken|spe|1
|upkeep
|turn|8
|
|t:|1786027370
|move|p1b: Blaziken|Detect|p1b: Blaziken
|-singleturn|p1b: Blaziken|Protect
|move|p2a: Altaria|Earthquake|p1b: Blaziken|[spread] p1a
|-activate|p1b: Blaziken|move: Protect
|-damage|p1a: Venusaur|16/100
|move|p1a: Venusaur|Sludge Bomb|p2a: Altaria
|-supereffective|p2a: Altaria|1
|-damage|p2a: Altaria|0 fnt
|faint|p2a: Altaria
|
|win|int shadowbtl
||int shadowbtl is ready for game 2.
|inactive|discord addams has 30 seconds to confirm battle start!
|inactive|discord addams has 20 seconds to confirm battle start!
|inactive|discord addams has 10 seconds to confirm battle start!
|uhtml|next|Next: Game 2 of 3
|l|☆discord addams
|player|p2|
