|j|☆Astonished25
|j|☆FusionFinn
|html|Astonished25FusionFinn    
|uhtml|bestof|Game 2 of a best-of-3
|t:|1785867869
|gametype|doubles
|player|p1|Astonished25|tate|1087
|player|p2|FusionFinn|wallace|1000
|gen|9
|tier|[Gen 9 Champions] VGC 2026 Reg M-B (Bo3)
|rated|
|rule|Species Clause: Limit one of each Pokémon
|rule|Item Clause: Limit 1 of each item
|clearpoke
|poke|p1|Sinistcha, L50|
|poke|p1|Incineroar, L50, F|
|poke|p1|Floette-Eternal, L50, F|
|poke|p1|Staraptor, L50, M|
|poke|p1|Kingambit, L50, M|
|poke|p1|Maushold, L50|
|poke|p2|Dragonite, L50, F, shiny|
|poke|p2|Altaria, L50, F|
|poke|p2|Pelipper, L50, M|
|poke|p2|Rotom-Heat, L50|
|poke|p2|Sneasler, L50, M|
|poke|p2|Basculegion, L50, M|
|teampreview|4
|showteam|p1|Sinistcha||ColburBerry|Hospitality|MatchaGotcha,RagePowder,TrickRoom,LifeDew|Relaxed|||||50|]Incineroar||PasshoBerry|Intimidate|ThroatChop,FlareBlitz,PartingShot,FakeOut|Adamant||F|||50|]Floette-Eternal||Floettite|FlowerVeil|Protect,CalmMind,Moonblast,DazzlingGleam|Modest||F|||50|]Staraptor||Staraptite|Intimidate|CloseCombat,DualWingbeat,Roost,Protect|Jolly||M|||50|]Kingambit||LifeOrb|Defiant|SuckerPunch,IronHead,KowtowCleave,Protect|Brave||M|||50|]Maushold||ChopleBerry|FriendGuard|Feint,FollowMe,Protect,BabyDollEyes|Careful|||||50|
|showteam|p2|Dragonite||Dragoninite|Multiscale|DragonPulse,Hurricane,Thunder,Protect|Modest||F|||50|]Altaria||Altarianite|CloudNine|HyperVoice,DragonPulse,Roost,Protect|Modest||F|||50|]Pelipper||FocusSash|Drizzle|WeatherBall,Hurricane,Tailwind,Protect|Modest||M|||50|]Rotom-Heat||LumBerry|Levitate|Overheat,Electroweb,LightScreen,WillOWisp|Timid|||||50|]Sneasler||WhiteHerb|Unburden|CloseCombat,DireClaw,FakeOut,Protect|Jolly||M|||50|]Basculegion||ChoiceScarf|Adaptability|WaveCrash,AquaJet,FlipTurn,LastRespects|Adamant||M|||50|
|inactive|Battle timer is ON: inactive players will automatically lose when time's up. (requested by Astonished25)
|inactive|Astonished25 has 60 seconds left.
|inactive|FusionFinn has 60 seconds left.
|inactive|Astonished25 has 30 seconds left.
|inactive|Astonished25 has 20 seconds left.
|
|t:|1785867943
|teamsize|p1|4
|teamsize|p2|4
|start
|switch|p1a: Floette|Floette-Eternal, L50, F|100/100
|switch|p1b: Maushold|Maushold, L50|100/100
|switch|p2a: Rotom|Rotom-Heat, L50|100/100
|switch|p2b: Sneasler|Sneasler, L50, M|100/100
|turn|1
|
|t:|1785867959
|move|p1b: Maushold|Protect|p1b: Maushold
|-singleturn|p1b: Maushold|Protect
|move|p1a: Floette|Protect|p1a: Floette
|-singleturn|p1a: Floette|Protect
|move|p2b: Sneasler|Fake Out|p1a: Floette
|-activate|p1a: Floette|move: Protect
|move|p2a: Rotom|Light Screen|p2a: Rotom
|-sidestart|p2: FusionFinn|move: Light Screen
|
|upkeep
|turn|2
|inactive|Astonished25 has 30 seconds left.
|inactive|Astonished25 has 20 seconds left.
|inactive|Astonished25 has 15 seconds left.
|
|t:|1785868000
|switch|p1a: Incineroar|Incineroar, L50, F|100/100
|-ability|p1a: Incineroar|Intimidate|boost
|-unboost|p2a: Rotom|atk|1
|-unboost|p2b: Sneasler|atk|1
|-enditem|p2b: Sneasler|White Herb
|-clearnegativeboost|p2b: Sneasler|[silent]
|move|p1b: Maushold|Protect||[still]
|-fail|p1b: Maushold
|move|p2b: Sneasler|Close Combat|p1b: Maushold
|-supereffective|p1b: Maushold|1
|-enditem|p1b: Maushold|Chople Berry|[eat]
|-enditem|p1b: Maushold|Chople Berry|[weaken]
|-damage|p1b: Maushold|24/100
|-unboost|p2b: Sneasler|def|1
|-unboost|p2b: Sneasler|spd|1
|move|p2a: Rotom|Electroweb|p1b: Maushold|[spread] p1a,p1b
|-damage|p1a: Incineroar|90/100
|-damage|p1b: Maushold|11/100
|-unboost|p1a: Incineroar|spe|1
|-unboost|p1b: Maushold|spe|1
|
|upkeep
|turn|3
|
|t:|1785868024
|move|p1b: Maushold|Follow Me|p1b: Maushold
|-singleturn|p1b: Maushold|move: Follow Me
|move|p2b: Sneasler|Close Combat|p1b: Maushold
|-supereffective|p1b: Maushold|1
|-damage|p1b: Maushold|0 fnt
|-unboost|p2b: Sneasler|def|1
|-unboost|p2b: Sneasler|spd|1
|faint|p1b: Maushold
|move|p2a: Rotom|Electroweb|p1a: Incineroar
|-damage|p1a: Incineroar|71/100
|-unboost|p1a: Incineroar|spe|1
|move|p1a: Incineroar|Flare Blitz|p2b: Sneasler
|-damage|p2b: Sneasler|0 fnt
|faint|p2b: Sneasler
|-damage|p1a: Incineroar|44/100|[from] Recoil
|
|upkeep
|
|t:|1785868037
|switch|p2b: Pelipper|Pelipper, L50, M|100/100
|switch|p1b: Floette|Floette-Eternal, L50, F|100/100
|-weather|RainDance|[from] ability: Drizzle|[of] p2b: Pelipper
|turn|4
|
|t:|1785868060
|detailschange|p1b: Floette|Floette-Mega, L50, F
|-mega|p1b: Floette|Floette|Floettite
|-ability|p1b: Floette|Fairy Aura
|move|p2a: Rotom|Electroweb|p1a: Incineroar|[spread] p1a,p1b
|-damage|p1a: Incineroar|31/100
|-damage|p1b: Floette|88/100
|-unboost|p1a: Incineroar|spe|1
|-unboost|p1b: Floette|spe|1
|move|p2b: Pelipper|Weather Ball|p1b: Floette
|-damage|p1b: Floette|37/100
|move|p1b: Floette|Calm Mind|p1b: Floette
|-boost|p1b: Floette|spa|1
|-boost|p1b: Floette|spd|1
|move|p1a: Incineroar|Parting Shot|p2b: Pelipper
|-unboost|p2b: Pelipper|atk|1
|-unboost|p2b: Pelipper|spa|1
|
|t:|1785868064
|switch|p1a: Kingambit|Kingambit, L50, M|100/100|[from] Parting Shot
|
|-weather|RainDance|[upkeep]
|upkeep
|turn|5
|
|t:|1785868088
|switch|p1a: Incineroar|Incineroar, L50, F|31/100
|-ability|p1a: Incineroar|Intimidate|boost
|-unboost|p2a: Rotom|atk|1
|-unboost|p2b: Pelipper|atk|1
|move|p2b: Pelipper|Protect|p2b: Pelipper
|-singleturn|p2b: Pelipper|Protect
|move|p2a: Rotom|Will-O-Wisp|p1a: Incineroar
|-immune|p1a: Incineroar
|move|p1b: Floette|Dazzling Gleam|p2a: Rotom|[spread] p2a
|-activate|p2b: Pelipper|move: Protect
|-resisted|p2a: Rotom|1
|-damage|p2a: Rotom|72/100
|
|-weather|RainDance|[upkeep]
|-sideend|p2: FusionFinn|move: Light Screen
|upkeep
|turn|6
|
|t:|1785868101
|move|p1a: Incineroar|Fake Out|p2b: Pelipper
|-damage|p2b: Pelipper|84/100
|move|p2a: Rotom|Light Screen|p2a: Rotom
|-sidestart|p2: FusionFinn|move: Light Screen
|cant|p2b: Pelipper|flinch
|move|p1b: Floette|Moonblast|p2b: Pelipper
|-damage|p2b: Pelipper|0 fnt
|faint|p2b: Pelipper
|
|-weather|RainDance|[upkeep]
|upkeep
|
|t:|1785868107
|switch|p2b: Dragonite|Dragonite, L50, F, shiny|100/100
|turn|7
|
|t:|1785868123
|detailschange|p2b: Dragonite|Dragonite-Mega, L50, F, shiny
|-mega|p2b: Dragonite|Dragonite|Dragoninite
|move|p1b: Floette|Protect|p1b: Floette
|-singleturn|p1b: Floette|Protect
|move|p2b: Dragonite|Hurricane|p1b: Floette
|-activate|p1b: Floette|move: Protect
|move|p2a: Rotom|Electroweb|p1a: Incineroar|[spread] p1a
|-activate|p1b: Floette|move: Protect
|-damage|p1a: Incineroar|18/100
|-unboost|p1a: Incineroar|spe|1
|move|p1a: Incineroar|Parting Shot|p2b: Dragonite
|-unboost|p2b: Dragonite|atk|1
|-unboost|p2b: Dragonite|spa|1
|
|t:|1785868131
|switch|p1a: Kingambit|Kingambit, L50, M|100/100|[from] Parting Shot
|
|-weather|RainDance|[upkeep]
|upkeep
|turn|8
|
|t:|1785868144
|move|p1a: Kingambit|Sucker Punch|p2b: Dragonite
|-damage|p2b: Dragonite|75/100
|-damage|p1a: Kingambit|90/100|[from] item: Life Orb
|move|p2b: Dragonite|Hurricane|p1b: Floette
|-damage|p1b: Floette|12/100
|move|p2a: Rotom|Overheat|p1b: Floette
|-damage|p1b: Floette|0 fnt
|-unboost|p2a: Rotom|spa|2
|faint|p1b: Floette
|
|-weather|none
|upkeep
|
|t:|1785868147
|switch|p1b: Incineroar|Incineroar, L50, F|18/100
|-ability|p1b: Incineroar|Intimidate|boost
|-unboost|p2a: Rotom|atk|1
|-unboost|p2b: Dragonite|atk|1
|turn|9
|
|t:|1785868159
|move|p2b: Dragonite|Protect|p2b: Dragonite
|-singleturn|p2b: Dragonite|Protect
|move|p1b: Incineroar|Fake Out|p2a: Rotom
|-damage|p2a: Rotom|59/100
|cant|p2a: Rotom|flinch
|move|p1a: Kingambit|Kowtow Cleave|p2a: Rotom
|-damage|p2a: Rotom|0 fnt
|faint|p2a: Rotom
|-damage|p1a: Kingambit|80/100|[from] item: Life Orb
|
|upkeep
|turn|10
|
|t:|1785868169
|move|p2b: Dragonite|Dragon Pulse|p1b: Incineroar
|-damage|p1b: Incineroar|0 fnt
|faint|p1b: Incineroar
|move|p1a: Kingambit|Iron Head|p2b: Dragonite
|-damage|p2b: Dragonite|17/100
|-damage|p1a: Kingambit|71/100|[from] item: Life Orb
|
|-sideend|p2: FusionFinn|move: Light Screen
|upkeep
|turn|11
|
|t:|1785868174
|move|p2b: Dragonite|Thunder|p1a: Kingambit
|-damage|p1a: Kingambit|40/100
|move|p1a: Kingambit|Kowtow Cleave|p2b: Dragonite
|-damage|p2b: Dragonite|0 fnt
|faint|p2b: Dragonite
|-damage|p1a: Kingambit|30/100|[from] item: Life Orb
|
|win|Astonished25
|raw|Astonished25's rating: 1087 → 1107(+20 for winning)
|raw|FusionFinn's rating: 1000 → 1000(+0 for losing)
