|j|☆enyelvgc
|j|☆pressinblades
|html|enyelvgcpressinblades    
|uhtml|bestof|Game 1 of a best-of-3
|t:|1783742825
|gametype|doubles
|player|p1|enyelvgc|102|1233
|player|p2|pressinblades|steven|1137
|gen|9
|tier|[Gen 9 Champions] VGC 2026 Reg M-B (Bo3)
|rated|
|rule|Species Clause: Limit one of each Pokémon
|rule|Item Clause: Limit 1 of each item
|clearpoke
|poke|p1|Whimsicott, L50, F, shiny|
|poke|p1|Charizard, L50, M, shiny|
|poke|p1|Garchomp, L50, M|
|poke|p1|Kingambit, L50, M, shiny|
|poke|p1|Sylveon, L50, F, shiny|
|poke|p1|Basculegion, L50, M, shiny|
|poke|p2|Talonflame, L50, M|
|poke|p2|Garchomp, L50, F, shiny|
|poke|p2|Maushold, L50|
|poke|p2|Gardevoir, L50, M, shiny|
|poke|p2|Hydreigon, L50, F, shiny|
|poke|p2|Metagross, L50, shiny|
|teampreview|4
|showteam|p1|Whimsicott||FocusSash|Prankster|Tailwind,Moonblast,HelpingHand,Protect|Timid||F|||50|]Charizard||CharizarditeY|Blaze|HeatWave,SolarBeam,Protect,WeatherBall|Timid||M|||50|]Garchomp||LifeOrb|RoughSkin|DragonClaw,Protect,Earthquake,RockSlide|Jolly||M|||50|]Kingambit||ChopleBerry|Defiant|KowtowCleave,SuckerPunch,IronHead,LowKick|Adamant||M|||50|]Sylveon||FairyFeather|Pixilate|HyperVoice,QuickAttack,HyperBeam,Protect|Modest||F|||50|]Basculegion||MysticWater|Adaptability|LastRespects,Protect,WaveCrash,AquaJet|Adamant||M|||50|
|showteam|p2|Talonflame||SharpBeak|GaleWings|Protect,Tailwind,DualWingbeat,QuickGuard|Jolly||M|||50|]Garchomp||LifeOrb|RoughSkin|Protect,RockSlide,Earthquake,DragonClaw|Adamant||F|||50|]Maushold||FocusSash|FriendGuard|Protect,SuperFang,FollowMe,Encore|Timid|||||50|]Gardevoir||Gardevoirite|Telepathy|Protect,TrickRoom,HyperVoice,Psyshock|Modest||M|||50|]Hydreigon||ExpertBelt|Levitate|Protect,DracoMeteor,DarkPulse,EarthPower|Modest||F|||50|]Metagross||ColburBerry|ClearBody|Protect,BulletPunch,PsychicFangs,HammerArm|Adamant|||||50|
|
|t:|1783742871
|teamsize|p1|4
|teamsize|p2|4
|start
|switch|p1a: Whimsicott|Whimsicott, L50, F, shiny|100/100
|switch|p1b: Charizard|Charizard, L50, M, shiny|100/100
|switch|p2a: Talonflame|Talonflame, L50, M|100/100
|switch|p2b: Garchomp|Garchomp, L50, F, shiny|100/100
|turn|1
|inactive|Battle timer is ON: inactive players will automatically lose when time's up. (requested by enyelvgc)
|
|t:|1783742895
|switch|p1b: Garchomp|Garchomp, L50, M|100/100
|move|p1a: Whimsicott|Protect|p1a: Whimsicott
|-singleturn|p1a: Whimsicott|Protect
|move|p2a: Talonflame|Dual Wingbeat|p1a: Whimsicott
|-activate|p1a: Whimsicott|move: Protect
|move|p2b: Garchomp|Rock Slide|p1a: Whimsicott|[spread] p1b
|-activate|p1a: Whimsicott|move: Protect
|-resisted|p1b: Garchomp|1
|-damage|p1b: Garchomp|87/100
|-damage|p2b: Garchomp|90/100|[from] item: Life Orb
|
|upkeep
|turn|2
|inactive|enyelvgc has 30 seconds left.
|inactive|pressinblades has 30 seconds left.
|
|t:|1783742928
|switch|p1a: Basculegion|Basculegion, L50, M, shiny|100/100
|switch|p2b: Metagross|Metagross, L50, shiny|100/100
|move|p2a: Talonflame|Dual Wingbeat|p1a: Basculegion
|-damage|p1a: Basculegion|81/100
|-damage|p1a: Basculegion|63/100
|-hitcount|p1a: Basculegion|2
|move|p1b: Garchomp|Dragon Claw|p2b: Metagross
|-resisted|p2b: Metagross|1
|-damage|p2b: Metagross|79/100
|-damage|p1b: Garchomp|77/100|[from] item: Life Orb
|
|upkeep
|turn|3
|inactive|pressinblades has 30 seconds left.
|
|t:|1783742956
|switch|p1a: Charizard|Charizard, L50, M, shiny|100/100
|move|p2a: Talonflame|Protect|p2a: Talonflame
|-singleturn|p2a: Talonflame|Protect
|move|p1b: Garchomp|Rock Slide|p2a: Talonflame|[spread] p2b
|-activate|p2a: Talonflame|move: Protect
|-resisted|p2b: Metagross|1
|-damage|p2b: Metagross|70/100
|-damage|p1b: Garchomp|67/100|[from] item: Life Orb
|move|p2b: Metagross|Psychic Fangs|p1a: Charizard
|-damage|p1a: Charizard|26/100
|
|upkeep
|turn|4
|inactive|pressinblades has 30 seconds left.
|inactive|pressinblades has 20 seconds left.
|
|t:|1783742994
|switch|p2b: Garchomp|Garchomp, L50, F, shiny|90/100
|move|p1a: Charizard|Protect|p1a: Charizard
|-singleturn|p1a: Charizard|Protect
|move|p2a: Talonflame|Tailwind|p2a: Talonflame
|-sidestart|p2: pressinblades|move: Tailwind
|move|p1b: Garchomp|Rock Slide|p2b: Garchomp|[spread] p2a
|-miss|p1b: Garchomp|p2b: Garchomp
|-supereffective|p2a: Talonflame|2
|-damage|p2a: Talonflame|0 fnt
|faint|p2a: Talonflame
|-damage|p1b: Garchomp|57/100|[from] item: Life Orb
|
|upkeep
|
|t:|1783743015
|switch|p2a: Metagross|Metagross, L50, shiny|70/100
|turn|5
|
|t:|1783743028
|switch|p1a: Whimsicott|Whimsicott, L50, F, shiny|100/100
|move|p1b: Garchomp|Protect|p1b: Garchomp
|-singleturn|p1b: Garchomp|Protect
|move|p2b: Garchomp|Rock Slide|p1a: Whimsicott|[spread] p1a
|-activate|p1b: Garchomp|move: Protect
|-damage|p1a: Whimsicott|58/100
|-damage|p2b: Garchomp|80/100|[from] item: Life Orb
|move|p2a: Metagross|Psychic Fangs|p1b: Garchomp
|-activate|p1b: Garchomp|move: Protect
|
|upkeep
|turn|6
|
|t:|1783743046
|move|p1a: Whimsicott|Tailwind|p1a: Whimsicott
|-sidestart|p1: enyelvgc|move: Tailwind
|move|p2a: Metagross|Bullet Punch|p1a: Whimsicott
|-supereffective|p1a: Whimsicott|1
|-damage|p1a: Whimsicott|0 fnt
|faint|p1a: Whimsicott
|move|p1b: Garchomp|Earthquake|p2b: Garchomp|[spread] p2a,p2b
|-supereffective|p2a: Metagross|1
|-damage|p2a: Metagross|0 fnt
|-damage|p2b: Garchomp|31/100
|faint|p2a: Metagross
|-damage|p1b: Garchomp|48/100|[from] item: Life Orb
|move|p2b: Garchomp|Dragon Claw|p1b: Garchomp
|-supereffective|p1b: Garchomp|1
|-damage|p1b: Garchomp|0 fnt
|-damage|p2b: Garchomp|19/100|[from] ability: Rough Skin|[of] p1b: Garchomp
|faint|p1b: Garchomp
|-damage|p2b: Garchomp|9/100|[from] item: Life Orb
|
|upkeep
|
|t:|1783743070
|switch|p1a: Basculegion|Basculegion, L50, M, shiny|63/100
|switch|p1b: Charizard|Charizard, L50, M, shiny|26/100
|switch|p2a: Hydreigon|Hydreigon, L50, F, shiny|100/100
|turn|7
|inactive|enyelvgc has 30 seconds left.
|inactive|enyelvgc has 20 seconds left.
|inactive|enyelvgc has 15 seconds left.
|inactive|enyelvgc has 10 seconds left.
|inactive|enyelvgc has 5 seconds left.
|
|t:|1783743120
|detailschange|p1b: Charizard|Charizard-Mega-Y, L50, M, shiny
|-mega|p1b: Charizard|Charizard|Charizardite Y
|-weather|SunnyDay|[from] ability: Drought|[of] p1b: Charizard
|move|p1b: Charizard|Heat Wave|p2a: Hydreigon|[spread] p2a
|-miss|p1b: Charizard|p2b: Garchomp
|-resisted|p2a: Hydreigon|1
|-damage|p2a: Hydreigon|64/100
|move|p2b: Garchomp|Rock Slide|p1b: Charizard|[spread] p1a,p1b
|-supereffective|p1b: Charizard|2
|-damage|p1a: Basculegion|34/100
|-damage|p1b: Charizard|0 fnt
|faint|p1b: Charizard
|-damage|p2b: Garchomp|0 fnt|[from] item: Life Orb
|faint|p2b: Garchomp
|move|p2a: Hydreigon|Dark Pulse|p1a: Basculegion
|-supereffective|p1a: Basculegion|1
|-damage|p1a: Basculegion|0 fnt
|faint|p1a: Basculegion
|
|win|pressinblades
|inactive|enyelvgc has 30 seconds to confirm battle start!
|inactive|pressinblades has 30 seconds to confirm battle start!
||enyelvgc is ready for game 2.
|inactive|pressinblades has 20 seconds to confirm battle start!
|inactive|pressinblades has 10 seconds to confirm battle start!
|uhtml|next|Next: Game 2 of 3
|j| Therazer456
|j| defiantvgc
|l| Therazer456
|j| MultiPokemon
|l| MultiPokemon
|c|☆pressinblades|turn 6
|l| defiantvgc
|l|☆enyelvgc
|player|p1|
