|j|☆cm3112
|j|☆timmytheglueeater
|html|cm3112timmytheglueeater    
|uhtml|bestof|Game 2 of a best-of-3
|t:|1757776458
|gametype|doubles
|player|p1|cm3112|1|1355
|player|p2|timmytheglueeater|265|1426
|gen|9
|tier|[Gen 9] VGC 2025 Reg H (Bo3)
|rated|
|rule|Species Clause: Limit one of each Pokémon
|rule|Item Clause: Limit 1 of each item
|clearpoke
|poke|p1|Archaludon, L50, F|
|poke|p1|Maushold-Four, L50|
|poke|p1|Pelipper, L50, M|
|poke|p1|Basculegion, L50, M|
|poke|p1|Hydreigon, L50, M|
|poke|p1|Incineroar, L50, M|
|poke|p2|Excadrill, L50, F|
|poke|p2|Tyranitar, L50, F|
|poke|p2|Kommo-o, L50, M|
|poke|p2|Sinistcha, L50|
|poke|p2|Incineroar, L50, F|
|poke|p2|Basculegion, L50, M|
|teampreview|4
|showteam|p1|Archaludon||AssaultVest|Stamina|FlashCannon,ElectroShot,DracoMeteor,BodyPress|||F|||50|,,,,,Fairy]Maushold-Four||WideLens|Technician|PopulationBomb,BeatUp,FollowMe,Protect||||||50|,,,,,Ghost]Pelipper||FocusSash|Drizzle|MuddyWater,Hurricane,WideGuard,Protect|||M|||50|,,,,,Grass]Basculegion||ChoiceBand|SwiftSwim|WaveCrash,FlipTurn,AquaJet,LastRespects|||M|||50|,,,,,Grass]Hydreigon||CovertCloak|Levitate|Snarl,DracoMeteor,Tailwind,Protect|||M|||50|,,,,,Steel]Incineroar||SafetyGoggles|Intimidate|FakeOut,PartingShot,KnockOff,WillOWisp|||M|||50|,,,,,Bug
|showteam|p2|Excadrill||FocusSash|SandRush|Protect,HighHorsepower,Earthquake,IronHead|||F|||50|,,,,,Ghost]Tyranitar||AssaultVest|SandStream|RockSlide,KnockOff,LowKick,TeraBlast|||F|||50|,,,,,Flying]Kommo-o||ThroatSpray|Overcoat|ClangingScales,ClangorousSoul,AuraSphere,Protect|||M|||50|,,,,,Steel]Sinistcha||SitrusBerry|Hospitality|MatchaGotcha,RagePowder,LifeDew,TrickRoom||||||50|,,,,,Water]Incineroar||SafetyGoggles|Intimidate|KnockOff,FakeOut,FlareBlitz,PartingShot|||F|||50|,,,,,Ghost]Basculegion||ChoiceScarf|Adaptability|WaveCrash,FlipTurn,LastRespects,TeraBlast|||M|||50|,,,,,Grass
|inactive|Battle timer is ON: inactive players will automatically lose when time's up. (requested by timmytheglueeater)
|inactive|timmytheglueeater has 60 seconds left.
|
|t:|1757776518
|teamsize|p1|4
|teamsize|p2|4
|start
|switch|p1a: Archaludon|Archaludon, L50, F|100/100
|switch|p1b: Basculegion|Basculegion, L50, M|100/100
|switch|p2a: Kommo-o|Kommo-o, L50, M|100/100
|switch|p2b: Basculegion|Basculegion, L50, M|100/100
|turn|1
|
|t:|1757776531
|move|p2b: Basculegion|Flip Turn|p1b: Basculegion
|-resisted|p1b: Basculegion
|-damage|p1b: Basculegion|73/100
|
|t:|1757776537
|switch|p2b: Excadrill|Excadrill, L50, F|100/100|[from] Flip Turn
|move|p2a: Kommo-o|Clangorous Soul|p2a: Kommo-o
|-boost|p2a: Kommo-o|atk|1
|-boost|p2a: Kommo-o|def|1
|-boost|p2a: Kommo-o|spa|1
|-boost|p2a: Kommo-o|spd|1
|-boost|p2a: Kommo-o|spe|1
|-damage|p2a: Kommo-o|68/100
|-enditem|p2a: Kommo-o|Throat Spray
|-boost|p2a: Kommo-o|spa|1|[from] item: Throat Spray
|move|p1b: Basculegion|Flip Turn|p2b: Excadrill
|-supereffective|p2b: Excadrill
|-enditem|p2b: Excadrill|Focus Sash
|-damage|p2b: Excadrill|1/100
|
|t:|1757776554
|switch|p1b: Pelipper|Pelipper, L50, M|100/100|[from] Flip Turn
|-weather|RainDance|[from] ability: Drizzle|[of] p1b: Pelipper
|move|p1a: Archaludon|Body Press|p2a: Kommo-o
|-damage|p2a: Kommo-o|53/100
|
|-weather|RainDance|[upkeep]
|upkeep
|turn|2
|inactive|cm3112 has 30 seconds left.
|inactive|timmytheglueeater has 30 seconds left.
|
|t:|1757776591
|-terastallize|p1a: Archaludon|Fairy
|move|p2a: Kommo-o|Clanging Scales|p1a: Archaludon|[spread] p1b
|-immune|p1a: Archaludon
|-enditem|p1b: Pelipper|Focus Sash
|-damage|p1b: Pelipper|1/100
|-unboost|p2a: Kommo-o|def|1
|move|p2b: Excadrill|High Horsepower|p1a: Archaludon|[miss]
|-miss|p2b: Excadrill|p1a: Archaludon
|move|p1b: Pelipper|Muddy Water|p2a: Kommo-o|[spread] p2a
|-miss|p1b: Pelipper|p2b: Excadrill
|-resisted|p2a: Kommo-o
|-damage|p2a: Kommo-o|36/100
|move|p1a: Archaludon|Draco Meteor|p2a: Kommo-o
|-supereffective|p2a: Kommo-o
|-damage|p2a: Kommo-o|0 fnt
|-unboost|p1a: Archaludon|spa|2
|faint|p2a: Kommo-o
|
|-weather|RainDance|[upkeep]
|upkeep
|
|t:|1757776611
|switch|p2a: Basculegion|Basculegion, L50, M|100/100
|turn|3
|
|t:|1757776624
|switch|p1b: Incineroar|Incineroar, L50, M|100/100
|-ability|p1b: Incineroar|Intimidate|boost
|-unboost|p2a: Basculegion|atk|1
|-unboost|p2b: Excadrill|atk|1
|move|p2a: Basculegion|Wave Crash|p1a: Archaludon
|-damage|p1a: Archaludon|39/100
|-ability|p1a: Archaludon|Stamina|boost
|-boost|p1a: Archaludon|def|1
|-damage|p2a: Basculegion|81/100|[from] Recoil
|move|p2b: Excadrill|Iron Head|p1a: Archaludon
|-supereffective|p1a: Archaludon
|-damage|p1a: Archaludon|5/100
|-ability|p1a: Archaludon|Stamina|boost
|-boost|p1a: Archaludon|def|1
|move|p1a: Archaludon|Flash Cannon|p2b: Excadrill
|-resisted|p2b: Excadrill
|-damage|p2b: Excadrill|0 fnt
|faint|p2b: Excadrill
|
|-weather|RainDance|[upkeep]
|upkeep
|
|t:|1757776640
|switch|p2b: Tyranitar|Tyranitar, L50, F|100/100
|-weather|Sandstorm|[from] ability: Sand Stream|[of] p2b: Tyranitar
|turn|4
|inactive|cm3112 has 30 seconds left.
|
|t:|1757776668
|move|p1b: Incineroar|Fake Out|p2b: Tyranitar
|-resisted|p2b: Tyranitar
|-damage|p2b: Tyranitar|96/100
|move|p2a: Basculegion|Wave Crash|p1a: Archaludon
|-damage|p1a: Archaludon|0 fnt
|faint|p1a: Archaludon
|-damage|p2a: Basculegion|79/100|[from] Recoil
|cant|p2b: Tyranitar|flinch
|
|-weather|Sandstorm|[upkeep]
|-damage|p2a: Basculegion|73/100|[from] Sandstorm
|upkeep
|
|t:|1757776684
|switch|p1a: Basculegion|Basculegion, L50, M|73/100
|turn|5
|
|t:|1757776706
|switch|p1b: Pelipper|Pelipper, L50, M|1/100
|-weather|RainDance|[from] ability: Drizzle|[of] p1b: Pelipper
|-terastallize|p2a: Basculegion|Grass
|move|p1a: Basculegion|Last Respects|p2a: Basculegion
|-damage|p2a: Basculegion|0 fnt
|faint|p2a: Basculegion
|move|p2b: Tyranitar|Rock Slide|p1a: Basculegion|[spread] p1a,p1b
|-supereffective|p1b: Pelipper
|-damage|p1a: Basculegion|35/100
|-damage|p1b: Pelipper|0 fnt
|faint|p1b: Pelipper
|
|-weather|RainDance|[upkeep]
|upkeep
|
|t:|1757776715
|switch|p1b: Incineroar|Incineroar, L50, M|100/100
|-ability|p1b: Incineroar|Intimidate|boost
|-unboost|p2b: Tyranitar|atk|1
|turn|6
|
|t:|1757776722
|move|p1b: Incineroar|Fake Out|p2b: Tyranitar
|-resisted|p2b: Tyranitar
|-damage|p2b: Tyranitar|92/100
|move|p1a: Basculegion|Last Respects|p2b: Tyranitar
|-resisted|p2b: Tyranitar
|-damage|p2b: Tyranitar|42/100
|cant|p2b: Tyranitar|flinch
|
|-weather|RainDance|[upkeep]
|upkeep
|turn|7
|
|t:|1757776731
|move|p1a: Basculegion|Last Respects|p2b: Tyranitar
|-resisted|p2b: Tyranitar
|-damage|p2b: Tyranitar|0 fnt
|faint|p2b: Tyranitar
|
|win|cm3112
||timmytheglueeater is ready for game 3.
||cm3112 is ready for game 3.
|uhtml|next|Next: Game 3 of 3
