|j|☆Sylvers7
|j|☆tamer763
|html|Sylvers7tamer763    
|uhtml|bestof|Game 3 of a best-of-3
|t:|1785689067
|gametype|doubles
|player|p1|Sylvers7|giovanni|
|player|p2|tamer763|roughneck-gen4|
|gen|9
|tier|[Gen 9 Champions] VGC 2026 Reg M-B (Bo3)
|rule|Species Clause: Limit one of each Pokémon
|rule|Item Clause: Limit 1 of each item
|clearpoke
|poke|p1|Staraptor, L50, F, shiny|
|poke|p1|Aerodactyl, L50, M|
|poke|p1|Zoroark-Hisui, L50, M, shiny|
|poke|p1|Gholdengo, L50|
|poke|p1|Grimmsnarl, L50, M, shiny|
|poke|p1|Hatterene, L50, F|
|poke|p2|Charizard, L50, M|
|poke|p2|Venusaur, L50, M|
|poke|p2|Sinistcha-Masterpiece, L50|
|poke|p2|Gardevoir, L50, M|
|poke|p2|Torkoal, L50, M|
|poke|p2|Aegislash, L50, F|
|teampreview|4
|showteam|p1|Staraptor||Staraptite|Intimidate|FinalGambit,CloseCombat,Tailwind,BraveBird|Adamant||F|||50|]Aerodactyl||Aerodactylite|RockHead|DualWingbeat,RockSlide,Taunt,WideGuard|Adamant||M|||50|]Zoroark-Hisui||ExpertBelt|Illusion|HyperVoice,DarkPulse,Protect,ShadowBall|Timid||M|||50|]Gholdengo||LifeOrb|GoodasGold|MakeItRain,DazzlingGleam,Protect,ShadowBall|Timid|||||50|]Grimmsnarl||LightClay|Prankster|Taunt,ThroatChop,FakeOut,LightScreen|Impish||M|||50|]Hatterene||FocusSash|MagicBounce|DarkPulse,Protect,GigaDrain,HelpingHand|Modest||F|||50|
|showteam|p2|Charizard||CharizarditeY|Blaze|WeatherBall,HeatWave,SolarBeam,Protect|Bold||M|||50|]Venusaur||FocusSash|Chlorophyll|SleepPowder,GrassKnot,Protect,EarthPower|Timid||M|||50|]Sinistcha-Masterpiece||SitrusBerry|Hospitality|RagePowder,MatchaGotcha,TrickRoom,LifeDew|Bold|||||50|]Gardevoir||Gardevoirite|Synchronize|Psychic,HyperVoice,Protect,TrickRoom|Modest||M|||50|]Torkoal||Charcoal|Drought|Eruption,HeatWave,HelpingHand,Protect|Modest||M|||50|]Aegislash||LifeOrb|StanceChange|IronHead,ShadowSneak,Poltergeist,KingsShield|Adamant||F|||50|
|inactive|Battle timer is ON: inactive players will automatically lose when time's up. (requested by tamer763)
|j| yuiuh
|inactive|tamer763 has 60 seconds left.
|
|t:|1785689108
|teamsize|p1|4
|teamsize|p2|4
|start
|switch|p1a: Staraptor|Staraptor, L50, F, shiny|100/100
|switch|p1b: Aerodactyl|Aerodactyl, L50, M|100/100
|switch|p2a: Charizard|Charizard, L50, M|100/100
|switch|p2b: Venusaur|Venusaur, L50, M|100/100
|-ability|p1a: Staraptor|Intimidate|boost
|-unboost|p2a: Charizard|atk|1
|-unboost|p2b: Venusaur|atk|1
|turn|1
|inactive|Sylvers7 has 30 seconds left.
|inactive|Sylvers7 has 20 seconds left.
|inactive|Sylvers7 has 15 seconds left.
|inactive|Sylvers7 has 10 seconds left.
|inactive|Sylvers7 has 5 seconds left.
|inactiveoff|Battle timer is now OFF.
|j| roodlethenoodle
|
|t:|1785689179
|detailschange|p2a: Charizard|Charizard-Mega-Y, L50, M
|-mega|p2a: Charizard|Charizard|Charizardite Y
|-weather|SunnyDay|[from] ability: Drought|[of] p2a: Charizard
|move|p2a: Charizard|Protect|p2a: Charizard
|-singleturn|p2a: Charizard|Protect
|move|p2b: Venusaur|Sleep Powder|p1b: Aerodactyl
|-status|p1b: Aerodactyl|slp|[from] move: Sleep Powder
|cant|p1b: Aerodactyl|slp
|move|p1a: Staraptor|Final Gambit|p2a: Charizard
|-activate|p2a: Charizard|move: Protect
|
|-weather|SunnyDay|[upkeep]
|upkeep
|turn|2
|
|t:|1785689225
|move|p2a: Charizard|Protect|p2a: Charizard
|-singleturn|p2a: Charizard|Protect
|move|p2b: Venusaur|Sleep Powder|p1a: Staraptor
|-status|p1a: Staraptor|slp|[from] move: Sleep Powder
|cant|p1b: Aerodactyl|slp
|cant|p1a: Staraptor|slp
|
|-weather|SunnyDay|[upkeep]
|upkeep
|turn|3
|
|t:|1785689247
|switch|p2a: Aegislash|Aegislash, L50, F|100/100
|-curestatus|p1b: Aerodactyl|slp|[msg]
|move|p1b: Aerodactyl|Protect|p1b: Aerodactyl
|-singleturn|p1b: Aerodactyl|Protect
|move|p2b: Venusaur|Grass Knot|p1b: Aerodactyl
|-activate|p1b: Aerodactyl|move: Protect
|cant|p1a: Staraptor|slp
|
|-weather|SunnyDay|[upkeep]
|upkeep
|turn|4
|
|t:|1785689268
|move|p2b: Venusaur|Sleep Powder|p1b: Aerodactyl
|-status|p1b: Aerodactyl|slp|[from] move: Sleep Powder
|cant|p1b: Aerodactyl|slp
|-curestatus|p1a: Staraptor|slp|[msg]
|move|p1a: Staraptor|Brave Bird|p2b: Venusaur
|-supereffective|p2b: Venusaur|1
|-enditem|p2b: Venusaur|Focus Sash
|-damage|p2b: Venusaur|1/100
|-damage|p1a: Staraptor|68/100|[from] Recoil
|-formechange|p2a: Aegislash|Aegislash-Blade|
|move|p2a: Aegislash|Iron Head|p1b: Aerodactyl
|-damage|p1b: Aerodactyl|0 fnt
|replace|p1b: Zoroark|Zoroark-Hisui, L50, M, shiny
|-end|p1b: Zoroark|Illusion
|faint|p1b: Zoroark
|-damage|p2a: Aegislash|90/100|[from] item: Life Orb
|
|-weather|SunnyDay|[upkeep]
|upkeep
|
|t:|1785689283
|switch|p1b: Gholdengo|Gholdengo, L50|100/100
|turn|5
|
|t:|1785689298
|move|p1b: Gholdengo|Protect|p1b: Gholdengo
|-singleturn|p1b: Gholdengo|Protect
|-formechange|p2a: Aegislash|Aegislash|
|move|p2a: Aegislash|King's Shield|p2a: Aegislash
|-singleturn|p2a: Aegislash|Protect
|move|p2b: Venusaur|Sleep Powder|p1a: Staraptor
|-status|p1a: Staraptor|slp|[from] move: Sleep Powder
|cant|p1a: Staraptor|slp
|
|-weather|none
|upkeep
|turn|6
|
|t:|1785689326
|switch|p2a: Charizard|Charizard-Mega-Y, L50, M|100/100
|-weather|SunnyDay|[from] ability: Drought|[of] p2a: Charizard
|move|p2b: Venusaur|Earth Power|p1b: Gholdengo
|-supereffective|p1b: Gholdengo|1
|-damage|p1b: Gholdengo|40/100
|-unboost|p1b: Gholdengo|spd|1
|cant|p1a: Staraptor|slp
|move|p1b: Gholdengo|Shadow Ball|p2a: Charizard
|-damage|p2a: Charizard|55/100
|-damage|p1b: Gholdengo|30/100|[from] item: Life Orb
|
|-weather|SunnyDay|[upkeep]
|upkeep
|turn|7
|
|t:|1785689350
|move|p1b: Gholdengo|Protect|p1b: Gholdengo
|-singleturn|p1b: Gholdengo|Protect
|move|p2b: Venusaur|Earth Power|p1b: Gholdengo
|-activate|p1b: Gholdengo|move: Protect
|-curestatus|p1a: Staraptor|slp|[msg]
|move|p1a: Staraptor|Tailwind|p1a: Staraptor
|-sidestart|p1: Sylvers7|move: Tailwind
|move|p2a: Charizard|Weather Ball|p1a: Staraptor
|-damage|p1a: Staraptor|0 fnt
|faint|p1a: Staraptor
|
|-weather|SunnyDay|[upkeep]
|upkeep
|
|t:|1785689361
|switch|p1a: Aerodactyl|Aerodactyl, L50, M|100/100
|turn|8
|
|t:|1785689374
|detailschange|p1a: Aerodactyl|Aerodactyl-Mega, L50, M
|-mega|p1a: Aerodactyl|Aerodactyl|Aerodactylite
|move|p2a: Charizard|Protect|p2a: Charizard
|-singleturn|p2a: Charizard|Protect
|move|p1a: Aerodactyl|Rock Slide|p2b: Venusaur|[spread] p2b
|-activate|p2a: Charizard|move: Protect
|-damage|p2b: Venusaur|0 fnt
|faint|p2b: Venusaur
|move|p1b: Gholdengo|Shadow Ball|p2a: Charizard
|-activate|p2a: Charizard|move: Protect
|
|-weather|SunnyDay|[upkeep]
|upkeep
|j| PlatinumGamer90
|
|t:|1785689389
|switch|p2b: Aegislash|Aegislash, L50, F|90/100
|turn|9
|
|t:|1785689403
|move|p1b: Gholdengo|Protect|p1b: Gholdengo
|-singleturn|p1b: Gholdengo|Protect
|move|p2b: Aegislash|King's Shield|p2b: Aegislash
|-singleturn|p2b: Aegislash|Protect
|move|p1a: Aerodactyl|Rock Slide|p2a: Charizard|[spread] p2a
|-activate|p2b: Aegislash|move: Protect
|-supereffective|p2a: Charizard|2
|-damage|p2a: Charizard|0 fnt
|faint|p2a: Charizard
|
|-weather|SunnyDay|[upkeep]
|upkeep
|
|t:|1785689416
|switch|p2a: Torkoal|Torkoal, L50, M|100/100
|turn|10
|
|t:|1785689432
|-formechange|p2b: Aegislash|Aegislash-Blade|
|move|p2b: Aegislash|Shadow Sneak|p1b: Gholdengo
|-supereffective|p1b: Gholdengo|1
|-damage|p1b: Gholdengo|0 fnt
|faint|p1b: Gholdengo
|-damage|p2b: Aegislash|80/100|[from] item: Life Orb
|move|p1a: Aerodactyl|Rock Slide|p2a: Torkoal|[spread] p2a
|-miss|p1a: Aerodactyl|p2b: Aegislash
|-supereffective|p2a: Torkoal|1
|-damage|p2a: Torkoal|51/100
|move|p2a: Torkoal|Heat Wave|p1a: Aerodactyl|[miss]
|-miss|p2a: Torkoal|p1a: Aerodactyl
|
|-weather|none
|-sideend|p1: Sylvers7|move: Tailwind
|upkeep
|turn|11
|
|t:|1785689452
|move|p1a: Aerodactyl|Rock Slide|p2b: Aegislash|[spread] p2a,p2b
|-supereffective|p2a: Torkoal|1
|-resisted|p2b: Aegislash|1
|-damage|p2a: Torkoal|2/100
|-damage|p2b: Aegislash|50/100g
|move|p2b: Aegislash|Iron Head|p1a: Aerodactyl
|-supereffective|p1a: Aerodactyl|1
|-damage|p1a: Aerodactyl|0 fnt
|faint|p1a: Aerodactyl
|-damage|p2b: Aegislash|41/100|[from] item: Life Orb
|
|win|tamer763
|l| roodlethenoodle
|l|☆tamer763
|player|p2|
|l|☆Sylvers7
|player|p1|
|l| PlatinumGamer90
