|j|☆UnApostrofoRosaVGC
|j|☆WhenSheTerapOnMyCM
|html|UnApostrofoRosaVGCWhenSheTerapOnMyCM    
|uhtml|bestof|Game 1 of a best-of-3
|t:|1756197618
|gametype|doubles
|player|p1|UnApostrofoRosaVGC|101|1280
|player|p2|WhenSheTerapOnMyCM|n|1317
|gen|9
|tier|[Gen 9] VGC 2025 Reg H (Bo3)
|rated|
|rule|Species Clause: Limit one of each Pokémon
|rule|Item Clause: Limit 1 of each item
|clearpoke
|poke|p1|Indeedee-F, L50, F|
|poke|p1|Armarouge, L50, F|
|poke|p1|Kingambit, L50, F|
|poke|p1|Torkoal, L50, M|
|poke|p1|Gallade, L50, M|
|poke|p1|Maushold-Four, L50|
|poke|p2|Kingambit, L50, F|
|poke|p2|Rillaboom, L50, F|
|poke|p2|Electabuzz, L50, M|
|poke|p2|Volcarona, L50, M|
|poke|p2|Sneasler, L50, M|
|poke|p2|Dragonite, L50, M|
|teampreview|4
|showteam|p1|Indeedee-F||PsychicSeed|PsychicSurge|Psychic,HelpingHand,FollowMe,TrickRoom|||F|||50|,,,,,Grass]Armarouge||LifeOrb|FlashFire|ExpandingForce,ArmorCannon,TrickRoom,Protect|||F|||50|,,,,,Grass]Kingambit||SafetyGoggles|Defiant|KowtowCleave,SuckerPunch,LowKick,SwordsDance|||F|||50|,,,,,Dark]Torkoal||Charcoal|Drought|Eruption,WeatherBall,HeatWave,Protect|||M|||50|,,,,,Fire]Gallade||ClearAmulet|Sharpness|SacredSword,PsychoCut,WideGuard,TrickRoom|||M|||50|,,,,,Grass]Maushold-Four||WideLens|Technician|PopulationBomb,Taunt,FollowMe,Protect||||||50|,,,,,Ghost
|showteam|p2|Kingambit||BlackGlasses|Defiant|Protect,KowtowCleave,SuckerPunch,SwordsDance|||F|||50|,,,,,Dark]Rillaboom||AssaultVest|GrassySurge|WoodHammer,GrassyGlide,HighHorsepower,FakeOut|||F|||50|,,,,,Fire]Electabuzz||Eviolite|VitalSpirit|Protect,Thunderbolt,HelpingHand,FollowMe|||M|||50|,,,,,Ghost]Volcarona||CovertCloak|FlameBody|Protect,HeatWave,TeraBlast,QuiverDance|||M|||50|,,,,,Fairy]Sneasler||FocusSash|Unburden|CloseCombat,DireClaw,Coaching,FakeOut|||M|||50|,,,,,Stellar]Dragonite||LoadedDice|Multiscale|ScaleShot,Haze,ExtremeSpeed,Protect|||M|||50|,,,,,Fairy
|j| porygon-epilepz
|
|t:|1756197660
|teamsize|p1|4
|teamsize|p2|4
|start
|switch|p1a: Maushold|Maushold-Four, L50|100/100
|switch|p1b: Armarouge|Armarouge, L50, F|100/100
|switch|p2a: WrathofKhan|Kingambit, L50, F, shiny|100/100
|switch|p2b: Litofsky|Electabuzz, L50, M, shiny|100/100
|turn|1
|
|t:|1756197681
|-terastallize|p1b: Armarouge|Grass
|move|p2b: Litofsky|Follow Me|p2b: Litofsky
|-singleturn|p2b: Litofsky|move: Follow Me
|move|p1a: Maushold|Taunt|p2b: Litofsky
|-start|p2b: Litofsky|move: Taunt
|move|p2a: WrathofKhan|Swords Dance|p2a: WrathofKhan
|-boost|p2a: WrathofKhan|atk|2
|move|p1b: Armarouge|Trick Room|p1b: Armarouge
|-fieldstart|move: Trick Room|[of] p1b: Armarouge
|
|upkeep
|turn|2
|
|t:|1756197709
|switch|p2b: All for One|Dragonite, L50, M|100/100
|-terastallize|p2a: WrathofKhan|Dark
|move|p1a: Maushold|Follow Me|p1a: Maushold
|-singleturn|p1a: Maushold|move: Follow Me
|move|p2a: WrathofKhan|Kowtow Cleave|p1a: Maushold
|-damage|p1a: Maushold|0 fnt
|faint|p1a: Maushold
|move|p1b: Armarouge|Armor Cannon|p2a: WrathofKhan
|-damage|p2a: WrathofKhan|21/100
|-unboost|p1b: Armarouge|def|1
|-unboost|p1b: Armarouge|spd|1
|-damage|p1b: Armarouge|91/100|[from] item: Life Orb
|
|upkeep
|
|t:|1756197722
|switch|p1a: Torkoal|Torkoal, L50, M|100/100
|-weather|SunnyDay|[from] ability: Drought|[of] p1a: Torkoal
|turn|3
|l| porygon-epilepz
|
|t:|1756197741
|move|p2a: WrathofKhan|Protect|p2a: WrathofKhan
|-singleturn|p2a: WrathofKhan|Protect
|move|p1b: Armarouge|Protect|p1b: Armarouge
|-singleturn|p1b: Armarouge|Protect
|move|p1a: Torkoal|Heat Wave|p2b: All for One|[spread] p2b
|-activate|p2a: WrathofKhan|move: Protect
|-resisted|p2b: All for One
|-damage|p2b: All for One|85/100
|-status|p2b: All for One|brn
|move|p2b: All for One|Scale Shot|p1a: Torkoal
|-damage|p1a: Torkoal|95/100
|-damage|p1a: Torkoal|90/100
|-damage|p1a: Torkoal|85/100
|-damage|p1a: Torkoal|80/100
|-damage|p1a: Torkoal|74/100
|-hitcount|p1a: Torkoal|5
|-unboost|p2b: All for One|def|1
|-boost|p2b: All for One|spe|1
|
|-weather|SunnyDay|[upkeep]
|-damage|p2b: All for One|79/100 brn|[from] brn
|upkeep
|turn|4
|
|t:|1756197775
|switch|p1b: Indeedee|Indeedee-F, L50, F|100/100
|-fieldstart|move: Psychic Terrain|[from] ability: Psychic Surge|[of] p1b: Indeedee
|-enditem|p1b: Indeedee|Psychic Seed
|-boost|p1b: Indeedee|spd|1|[from] item: Psychic Seed
|switch|p2b: Trunkmeister|Rillaboom, L50, F, shiny|100/100
|-fieldstart|move: Grassy Terrain|[from] ability: Grassy Surge|[of] p2b: Trunkmeister
|move|p2a: WrathofKhan|Sucker Punch|p1a: Torkoal
|-damage|p1a: Torkoal|0 fnt
|faint|p1a: Torkoal
|
|-weather|SunnyDay|[upkeep]
|-heal|p2a: WrathofKhan|27/100|[from] Grassy Terrain
|upkeep
|
|t:|1756197788
|switch|p1a: Armarouge|Armarouge, L50, F, tera:Grass|91/100
|turn|5
|
|t:|1756197795
|move|p2b: Trunkmeister|Fake Out|p1a: Armarouge
|-damage|p1a: Armarouge|77/100
|move|p1b: Indeedee|Follow Me|p1b: Indeedee
|-singleturn|p1b: Indeedee|move: Follow Me
|move|p2a: WrathofKhan|Kowtow Cleave|p1b: Indeedee
|-supereffective|p1b: Indeedee
|-damage|p1b: Indeedee|0 fnt
|faint|p1b: Indeedee
|cant|p1a: Armarouge|flinch
|
|-weather|SunnyDay|[upkeep]
|-heal|p2a: WrathofKhan|32/100|[from] Grassy Terrain
|-heal|p1a: Armarouge|83/100|[from] Grassy Terrain
|-fieldend|move: Trick Room
|upkeep
|turn|6
|
|t:|1756197806
|move|p2a: WrathofKhan|Sucker Punch|p1a: Armarouge
|-damage|p1a: Armarouge|0 fnt
|faint|p1a: Armarouge
|
|win|WhenSheTerapOnMyCM
