|j|☆Test13974682
|j|☆Atlanta Rat
|html|Test13974682Atlanta Rat    
|uhtml|bestof|Game 1 of a best-of-3
|t:|1785044196
|gametype|doubles
|player|p1|Test13974682|1|1114
|player|p2|Atlanta Rat|rood|1209
|gen|9
|tier|[Gen 9 Champions] VGC 2026 Reg M-B (Bo3)
|rated|
|rule|Species Clause: Limit one of each Pokémon
|rule|Item Clause: Limit 1 of each item
|clearpoke
|poke|p1|Gholdengo, L50|
|poke|p1|Basculegion, L50, M|
|poke|p1|Whimsicott, L50, F|
|poke|p1|Staraptor, L50, M|
|poke|p1|Garchomp, L50, F|
|poke|p1|Kingambit, L50, M|
|poke|p2|Raichu, L50, F|
|poke|p2|Sinistcha, L50|
|poke|p2|Incineroar, L50, F|
|poke|p2|Sylveon, L50, F|
|poke|p2|Metagross, L50|
|poke|p2|Hydreigon, L50, F|
|teampreview|4
|showteam|p1|Gholdengo||LifeOrb|GoodasGold|MakeItRain,ShadowBall,NastyPlot,Protect|Modest|||||50|]Basculegion||ChoiceScarf|SwiftSwim|LastRespects,WaveCrash,AquaJet,FlipTurn|Jolly||M|||50|]Whimsicott||FocusSash|Prankster|Moonblast,Tailwind,Charm,Protect|Timid||F|||50|]Staraptor||Staraptite|Intimidate|CloseCombat,DualWingbeat,Roost,Protect|Adamant||M|||50|]Garchomp||SitrusBerry|RoughSkin|RockSlide,Earthquake,DragonClaw,Protect|Adamant||F|||50|]Kingambit||ChopleBerry|Defiant|KowtowCleave,SuckerPunch,LowKick,Protect|Adamant||M|||50|
|showteam|p2|Raichu||RaichuniteY|LightningRod|ZapCannon,FocusBlast,FakeOut,Protect|Timid||F|||50|]Sinistcha||SitrusBerry|Hospitality|MatchaGotcha,RagePowder,TrickRoom,Protect|Bold|||||50|]Incineroar||ShucaBerry|Intimidate|FlareBlitz,DarkestLariat,PartingShot,FakeOut|Careful||F|||50|]Sylveon||FairyFeather|Pixilate|HyperVoice,QuickAttack,CalmMind,Protect|Modest||F|||50|]Metagross||Metagrossite|ClearBody|HardPress,BodyPress,PsychicFangs,Protect|Adamant|||||50|]Hydreigon||ChoiceScarf|Levitate|DracoMeteor,DarkPulse,EarthPower,Snarl|Modest||F|||50|
|
|t:|1785044265
|teamsize|p1|4
|teamsize|p2|4
|start
|switch|p1a: Garchomp|Garchomp, L50, F|100/100
|switch|p1b: Kingambit|Kingambit, L50, M|100/100
|switch|p2a: Raichu|Raichu, L50, F|100/100
|switch|p2b: Sylveon|Sylveon, L50, F|100/100
|turn|1
|
|t:|1785044298
|detailschange|p2a: Raichu|Raichu-Mega-Y, L50, F
|-mega|p2a: Raichu|Raichu|Raichunite Y
|move|p1a: Garchomp|Protect|p1a: Garchomp
|-singleturn|p1a: Garchomp|Protect
|move|p2a: Raichu|Fake Out|p1a: Garchomp
|-activate|p1a: Garchomp|move: Protect
|move|p2b: Sylveon|Calm Mind|p2b: Sylveon
|-boost|p2b: Sylveon|spa|1
|-boost|p2b: Sylveon|spd|1
|move|p1b: Kingambit|Kowtow Cleave|p2a: Raichu
|-damage|p2a: Raichu|26/100
|
|upkeep
|turn|2
|
|t:|1785044316
|switch|p2a: Incineroar|Incineroar, L50, F|100/100
|-ability|p2a: Incineroar|Intimidate|boost
|-unboost|p1a: Garchomp|atk|1
|-unboost|p1b: Kingambit|atk|1
|-ability|p1b: Kingambit|Defiant|boost
|-boost|p1b: Kingambit|atk|2
|move|p1b: Kingambit|Protect|p1b: Kingambit
|-singleturn|p1b: Kingambit|Protect
|move|p1a: Garchomp|Earthquake|p2b: Sylveon|[spread] p2a,p2b
|-activate|p1b: Kingambit|move: Protect
|-supereffective|p2a: Incineroar|1
|-enditem|p2a: Incineroar|Shuca Berry|[eat]
|-enditem|p2a: Incineroar|Shuca Berry|[weaken]
|-damage|p2a: Incineroar|72/100
|-damage|p2b: Sylveon|63/100
|move|p2b: Sylveon|Hyper Voice|p1b: Kingambit|[spread] p1a
|-activate|p1b: Kingambit|move: Protect
|-supereffective|p1a: Garchomp|1
|-damage|p1a: Garchomp|0 fnt
|faint|p1a: Garchomp
|
|upkeep
|
|t:|1785044347
|switch|p1a: Staraptor|Staraptor, L50, M|100/100
|-ability|p1a: Staraptor|Intimidate|boost
|-unboost|p2a: Incineroar|atk|1
|-unboost|p2b: Sylveon|atk|1
|turn|3
|
|t:|1785044372
|detailschange|p1a: Staraptor|Staraptor-Mega, L50, M
|-mega|p1a: Staraptor|Staraptor|Staraptite
|move|p1a: Staraptor|Protect|p1a: Staraptor
|-singleturn|p1a: Staraptor|Protect
|move|p2a: Incineroar|Fake Out|p1a: Staraptor
|-activate|p1a: Staraptor|move: Protect
|move|p2b: Sylveon|Hyper Voice|p1b: Kingambit|[spread] p1b
|-activate|p1a: Staraptor|move: Protect
|-damage|p1b: Kingambit|34/100
|move|p1b: Kingambit|Low Kick|p2a: Incineroar
|-supereffective|p2a: Incineroar|1
|-damage|p2a: Incineroar|0 fnt
|faint|p2a: Incineroar
|
|upkeep
|
|t:|1785044383
|switch|p2a: Hydreigon|Hydreigon, L50, F|100/100
|turn|4
|
|t:|1785044399
|switch|p1a: Whimsicott|Whimsicott, L50, F|100/100
|move|p1b: Kingambit|Sucker Punch|p2b: Sylveon
|-resisted|p2b: Sylveon|1
|-damage|p2b: Sylveon|28/100
|move|p2a: Hydreigon|Draco Meteor|p1a: Whimsicott
|-immune|p1a: Whimsicott
|move|p2b: Sylveon|Hyper Voice|p1b: Kingambit|[spread] p1a,p1b
|-crit|p1a: Whimsicott
|-enditem|p1a: Whimsicott|Focus Sash
|-damage|p1a: Whimsicott|1/100
|-damage|p1b: Kingambit|0 fnt
|faint|p1b: Kingambit
|
|upkeep
|
|t:|1785044414
|switch|p1b: Staraptor|Staraptor-Mega, L50, M|100/100
|turn|5
|
|t:|1785044444
|move|p1a: Whimsicott|Protect|p1a: Whimsicott
|-singleturn|p1a: Whimsicott|Protect
|move|p2a: Hydreigon|Draco Meteor|p1b: Staraptor
|-damage|p1b: Staraptor|23/100
|-unboost|p2a: Hydreigon|spa|2
|move|p1b: Staraptor|Dual Wingbeat|p2b: Sylveon
|-damage|p2b: Sylveon|1/100
|-damage|p2b: Sylveon|0 fnt
|faint|p2b: Sylveon
|-hitcount|p2: Sylveon|2
|
|upkeep
|
|t:|1785044458
|switch|p2b: Raichu|Raichu-Mega-Y, L50, F|26/100
|turn|6
|
|t:|1785044479
|move|p1a: Whimsicott|Protect||[still]
|-fail|p1a: Whimsicott
|move|p1b: Staraptor|Protect|p1b: Staraptor
|-singleturn|p1b: Staraptor|Protect
|move|p2b: Raichu|Fake Out|p1a: Whimsicott
|-damage|p1a: Whimsicott|0 fnt
|faint|p1a: Whimsicott
|move|p2a: Hydreigon|Draco Meteor|p1b: Staraptor
|-activate|p1b: Staraptor|move: Protect
|
|upkeep
|turn|7
|-message|Test13974682 forfeited.
|
|win|Atlanta Rat
