|j|☆bman3111
|j|☆eriksp
|html|bman3111eriksp    
|uhtml|bestof|Game 1 of a best-of-3
|t:|1783227628
|gametype|doubles
|player|p1|bman3111|elesa-masters|
|player|p2|eriksp|cynthia-masters4|
|gen|9
|tier|[Gen 9 Champions] VGC 2026 Reg M-B (Bo3)
|rule|Species Clause: Limit one of each Pokémon
|rule|Item Clause: Limit 1 of each item
|clearpoke
|poke|p1|Pelipper, L50, M|
|poke|p1|Archaludon, L50, F|
|poke|p1|Swampert, L50, F|
|poke|p1|Grimmsnarl, L50, M|
|poke|p1|Metagross, L50|
|poke|p1|Sinistcha-Masterpiece, L50|
|poke|p2|Floette-Eternal, L50, F|
|poke|p2|Charizard, L50, F|
|poke|p2|Whimsicott, L50, F|
|poke|p2|Garchomp, L50, M|
|poke|p2|Basculegion, L50, M|
|poke|p2|Kingambit, L50, F|
|teampreview|4
|showteam|p1|Pelipper||FocusSash|Drizzle|WeatherBall,Hurricane,Tailwind,Protect|Timid||M|||50|]Archaludon||Leftovers|Stamina|ElectroShot,DragonPulse,FlashCannon,Protect|Calm||F|||50|]Swampert||Swampertite|Torrent|WaveCrash,Earthquake,IcePunch,Protect|Adamant||F|||50|]Grimmsnarl||LightClay|Prankster|FakeOut,Reflect,LightScreen,PartingShot|Impish||M|||50|]Metagross||Metagrossite|ClearBody|IronHead,PsychicFangs,BodyPress,Protect|Jolly|||||50|]Sinistcha-Masterpiece||SitrusBerry|Hospitality|MatchaGotcha,RagePowder,LifeDew,TrickRoom|Calm|||||50|
|showteam|p2|Floette-Eternal||Floettite|FlowerVeil|Moonblast,DazzlingGleam,LightofRuin,Protect|Modest||F|||50|]Charizard||CharizarditeY|Blaze|HeatWave,WeatherBall,SolarBeam,Protect|Timid||F|||50|]Whimsicott||FocusSash|Prankster|Moonblast,Tailwind,Encore,Protect|Timid||F|||50|]Garchomp||LifeOrb|RoughSkin|DragonClaw,Earthquake,Protect,RockSlide|Jolly||M|||50|]Basculegion||MysticWater|Adaptability|WaveCrash,LastRespects,AquaJet,Protect|Adamant||M|||50|]Kingambit||ChopleBerry|Defiant|KowtowCleave,IronHead,SuckerPunch,LowKick|Adamant||F|||50|
|inactive|Battle timer is ON: inactive players will automatically lose when time's up. (requested by bman3111)
|c|☆bman3111|glhf
|c|☆eriksp|hf
|c|☆eriksp|gl
|inactive|bman3111 has 60 seconds left.
|inactive|eriksp has 60 seconds left.
|inactive|eriksp has 30 seconds left.
|
|t:|1783227695
|teamsize|p1|4
|teamsize|p2|4
|start
|switch|p1a: Grimmsnarl|Grimmsnarl, L50, M|100/100
|switch|p1b: Metagross|Metagross, L50|100/100
|switch|p2a: Whimsicott|Whimsicott, L50, F|100/100
|switch|p2b: Basculegion|Basculegion, L50, M|100/100
|turn|1
|c|☆bman3111|idk if i like this team btw
|inactive|bman3111 has 30 seconds left.
|inactive|eriksp has 30 seconds left.
|inactive|eriksp has 20 seconds left.
|inactive|eriksp has 15 seconds left.
|
|t:|1783227736
|detailschange|p1b: Metagross|Metagross-Mega, L50
|-mega|p1b: Metagross|Metagross|Metagrossite
|move|p2a: Whimsicott|Tailwind|p2a: Whimsicott
|-sidestart|p2: eriksp|move: Tailwind
|move|p1a: Grimmsnarl|Reflect|p1a: Grimmsnarl
|-sidestart|p1: bman3111|Reflect
|move|p2b: Basculegion|Wave Crash|p1a: Grimmsnarl
|-damage|p1a: Grimmsnarl|39/100
|-damage|p2b: Basculegion|78/100|[from] Recoil
|move|p1b: Metagross|Iron Head|p2a: Whimsicott
|-supereffective|p2a: Whimsicott|1
|-enditem|p2a: Whimsicott|Focus Sash
|-damage|p2a: Whimsicott|1/100
|
|upkeep
|turn|2
|
|t:|1783227758
|switch|p1a: Archaludon|Archaludon, L50, F|100/100
|move|p2b: Basculegion|Protect|p2b: Basculegion
|-singleturn|p2b: Basculegion|Protect
|move|p2a: Whimsicott|Moonblast|p1a: Archaludon
|-damage|p1a: Archaludon|65/100
|-unboost|p1a: Archaludon|spa|1
|-ability|p1a: Archaludon|Stamina|boost
|-boost|p1a: Archaludon|def|1
|move|p1b: Metagross|Iron Head|p2a: Whimsicott
|-supereffective|p2a: Whimsicott|1
|-damage|p2a: Whimsicott|0 fnt
|faint|p2a: Whimsicott
|
|-heal|p1a: Archaludon|71/100|[from] item: Leftovers
|upkeep
|
|t:|1783227766
|switch|p2a: Floette|Floette-Eternal, L50, F|100/100
|turn|3
|c|☆bman3111|what is up with u and these moonblast drops
|c|☆eriksp|aura
|inactive|bman3111 has 30 seconds left.
|inactive|eriksp has 30 seconds left.
|inactive|bman3111 has 20 seconds left.
|inactive|bman3111 has 15 seconds left.
|
|t:|1783227807
|detailschange|p2a: Floette|Floette-Mega, L50, F
|-mega|p2a: Floette|Floette|Floettite
|-ability|p2a: Floette|Fairy Aura
|move|p2a: Floette|Moonblast|p1a: Archaludon
|-damage|p1a: Archaludon|2/100
|-ability|p1a: Archaludon|Stamina|boost
|-boost|p1a: Archaludon|def|1
|move|p2b: Basculegion|Last Respects|p1b: Metagross
|-supereffective|p1b: Metagross|1
|-damage|p1b: Metagross|26/100
|move|p1b: Metagross|Iron Head|p2a: Floette
|-supereffective|p2a: Floette|1
|-damage|p2a: Floette|0 fnt
|faint|p2a: Floette
|move|p1a: Archaludon|Dragon Pulse|p2b: Basculegion
|-damage|p2b: Basculegion|49/100
|
|-heal|p1a: Archaludon|8/100|[from] item: Leftovers
|upkeep
|
|t:|1783227817
|switch|p2a: Garchomp|Garchomp, L50, M|100/100
|turn|4
|c|☆eriksp|ok
|c|☆eriksp|fuck
|c|☆eriksp|shouldve doubled
|
|t:|1783227842
|move|p2b: Basculegion|Protect|p2b: Basculegion
|-singleturn|p2b: Basculegion|Protect
|move|p1b: Metagross|Protect|p1b: Metagross
|-singleturn|p1b: Metagross|Protect
|move|p2a: Garchomp|Earthquake|p1b: Metagross|[spread] p1a
|-activate|p2b: Basculegion|move: Protect
|-activate|p1b: Metagross|move: Protect
|-supereffective|p1a: Archaludon|1
|-damage|p1a: Archaludon|0 fnt
|faint|p1a: Archaludon
|-damage|p2a: Garchomp|90/100|[from] item: Life Orb
|
|-sideend|p2: eriksp|move: Tailwind
|upkeep
|c|☆bman3111|yea i thought i was in a bad spot
|
|t:|1783227852
|switch|p1a: Grimmsnarl|Grimmsnarl, L50, M|39/100
|turn|5
|
|t:|1783227875
|move|p1a: Grimmsnarl|Parting Shot|p2b: Basculegion
|-unboost|p2b: Basculegion|atk|1
|-unboost|p2b: Basculegion|spa|1
|
|t:|1783227877
|switch|p1a: Pelipper|Pelipper, L50, M|100/100|[from] Parting Shot
|-weather|RainDance|[from] ability: Drizzle|[of] p1a: Pelipper
|move|p1b: Metagross|Psychic Fangs|p2b: Basculegion
|-damage|p2b: Basculegion|0 fnt
|faint|p2b: Basculegion
|move|p2a: Garchomp|Dragon Claw|p1a: Pelipper
|-damage|p1a: Pelipper|55/100
|-damage|p2a: Garchomp|80/100|[from] item: Life Orb
|
|-weather|RainDance|[upkeep]
|upkeep
|turn|6
|c|☆bman3111|?
|inactive|eriksp has 30 seconds left.
|c|☆eriksp|i lowk forgot you could just target my basc
|inactive|bman3111 has 30 seconds left.
|c|☆eriksp|but what do i do
|inactive|eriksp has 20 seconds left.
|
|t:|1783227916
|move|p1b: Metagross|Psychic Fangs|p2a: Garchomp
|-damage|p2a: Garchomp|17/100
|-damage|p1b: Metagross|14/100|[from] ability: Rough Skin|[of] p2a: Garchomp
|move|p2a: Garchomp|Rock Slide|p1b: Metagross|[spread] p1a,p1b
|-supereffective|p1a: Pelipper|1
|-resisted|p1b: Metagross|1
|-damage|p1a: Pelipper|10/100
|-damage|p1b: Metagross|7/100
|-damage|p2a: Garchomp|7/100|[from] item: Life Orb
|cant|p1a: Pelipper|flinch
|
|-weather|RainDance|[upkeep]
|upkeep
|turn|7
|
|t:|1783227926
|move|p1b: Metagross|Psychic Fangs|p2a: Garchomp
|-damage|p2a: Garchomp|0 fnt
|-damage|p1b: Metagross|0 fnt|[from] ability: Rough Skin|[of] p2a: Garchomp
|faint|p2a: Garchomp
|faint|p1b: Metagross
|
|win|bman3111
