|j|☆laseboya
|j|☆d1mo22
|html|laseboyad1mo22    
|uhtml|bestof|Game 2 of a best-of-3
|t:|1785259303
|gametype|doubles
|player|p1|laseboya|idol|1456
|player|p2|d1mo22|skier|1357
|gen|9
|tier|[Gen 9 Champions] VGC 2026 Reg M-B (Bo3)
|rated|
|rule|Species Clause: Limit one of each Pokémon
|rule|Item Clause: Limit 1 of each item
|clearpoke
|poke|p1|Charizard, L50, M|
|poke|p1|Glimmora, L50, M|
|poke|p1|Kommo-o, L50, M|
|poke|p1|Kingambit, L50, M|
|poke|p1|Ninetales-Alola, L50, F|
|poke|p1|Whimsicott, L50, F|
|poke|p2|Raichu, L50, F|
|poke|p2|Gyarados, L50, M, shiny|
|poke|p2|Mamoswine, L50, M|
|poke|p2|Ceruledge, L50, M|
|poke|p2|Sinistcha, L50|
|poke|p2|Kingambit, L50, F, shiny|
|teampreview|4
|showteam|p1|Charizard||CharizarditeY|Blaze|WeatherBall,SolarBeam,HeatWave,Protect|Modest||M|||50|]Glimmora||Glimmoranite|ToxicDebris|SludgeBomb,PowerGem,EarthPower,SpikyShield|Modest||M|||50|]Kommo-o||LifeOrb|Overcoat|ClangingScales,VacuumWave,AuraSphere,Protect|Modest||M|||50|]Kingambit||BlackGlasses|Defiant|KowtowCleave,SuckerPunch,IronHead,Protect|Adamant||M|||50|]Ninetales-Alola||NeverMeltIce|SnowWarning|FreezeDry,Blizzard,Disable,Protect|Timid||F|||50|]Whimsicott||FocusSash|Prankster|Moonblast,Tailwind,Encore,Protect|Timid||F|||50|
|showteam|p2|Raichu||RaichuniteY|LightningRod|FakeOut,Encore,ZapCannon,FocusBlast|Timid||F|||50|]Gyarados||Gyaradosite|Intimidate|LashOut,Waterfall,DragonDance,Protect|Adamant||M|||50|]Mamoswine||LifeOrb|Oblivious|Protect,IcicleCrash,IceShard,HighHorsepower|Jolly||M|||50|]Ceruledge||ColburBerry|FlashFire|BitterBlade,ShadowSneak,BulkUp,Protect|Adamant||M|||50|]Sinistcha||SitrusBerry|Hospitality|Protect,RagePowder,MatchaGotcha,LifeDew|Bold|||||50|]Kingambit||FocusSash|Defiant|Protect,SuckerPunch,KowtowCleave,IronHead|Adamant||F|||50|
|inactive|Battle timer is ON: inactive players will automatically lose when time's up. (requested by d1mo22)
|
|t:|1785259319
|teamsize|p1|4
|teamsize|p2|4
|start
|switch|p1a: Glimmora|Glimmora, L50, M|100/100
|switch|p1b: Whimsicott|Whimsicott, L50, F|100/100
|switch|p2a: Raichu|Raichu, L50, F|100/100
|switch|p2b: Gyarados|Gyarados, L50, M, shiny|100/100
|-ability|p2b: Gyarados|Intimidate|boost
|-unboost|p1a: Glimmora|atk|1
|-unboost|p1b: Whimsicott|atk|1
|turn|1
|
|t:|1785259336
|detailschange|p1a: Glimmora|Glimmora-Mega, L50, M
|-mega|p1a: Glimmora|Glimmora|Glimmoranite
|move|p2a: Raichu|Fake Out|p1a: Glimmora
|-resisted|p1a: Glimmora|1
|-damage|p1a: Glimmora|96/100
|move|p1b: Whimsicott|Moonblast|p2a: Raichu
|-damage|p2a: Raichu|55/100
|cant|p1a: Glimmora|flinch
|move|p2b: Gyarados|Dragon Dance|p2b: Gyarados
|-boost|p2b: Gyarados|atk|1
|-boost|p2b: Gyarados|spe|1
|
|upkeep
|turn|2
|inactive|d1mo22 has 30 seconds left.
|
|t:|1785259371
|move|p1b: Whimsicott|Tailwind|p1b: Whimsicott
|-sidestart|p1: laseboya|move: Tailwind
|move|p1a: Glimmora|Sludge Bomb|p2a: Raichu
|-damage|p2a: Raichu|0 fnt
|faint|p2a: Raichu
|move|p2b: Gyarados|Waterfall|p1b: Whimsicott
|-resisted|p1b: Whimsicott|1
|-damage|p1b: Whimsicott|57/100
|
|upkeep
|
|t:|1785259379
|switch|p2a: Mamoswine|Mamoswine, L50, M|100/100
|turn|3
|
|t:|1785259389
|move|p1b: Whimsicott|Moonblast|p2a: Mamoswine
|-damage|p2a: Mamoswine|48/100
|move|p1a: Glimmora|Power Gem|p2a: Mamoswine
|-crit|p2a: Mamoswine
|-damage|p2a: Mamoswine|0 fnt
|faint|p2a: Mamoswine
|move|p2b: Gyarados|Dragon Dance|p2b: Gyarados
|-boost|p2b: Gyarados|atk|1
|-boost|p2b: Gyarados|spe|1
|
|upkeep
|
|t:|1785259398
|switch|p2a: Sinistcha|Sinistcha, L50|100/100
|turn|4
|
|t:|1785259409
|move|p2a: Sinistcha|Rage Powder|p2a: Sinistcha
|-singleturn|p2a: Sinistcha|move: Rage Powder
|move|p1b: Whimsicott|Moonblast|p2b: Gyarados
|-damage|p2b: Gyarados|68/100
|move|p1a: Glimmora|Sludge Bomb|p2a: Sinistcha
|-damage|p2a: Sinistcha|29/100
|-enditem|p2a: Sinistcha|Sitrus Berry|[eat]
|-heal|p2a: Sinistcha|54/100|[from] item: Sitrus Berry
|move|p2b: Gyarados|Waterfall|p1a: Glimmora
|-supereffective|p1a: Glimmora|1
|-damage|p1a: Glimmora|0 fnt
|faint|p1a: Glimmora
|
|upkeep
|
|t:|1785259415
|switch|p1a: Kommo-o|Kommo-o, L50, M|100/100
|turn|5
|
|t:|1785259427
|move|p2b: Gyarados|Protect|p2b: Gyarados
|-singleturn|p2b: Gyarados|Protect
|move|p1b: Whimsicott|Moonblast|p2a: Sinistcha
|-damage|p2a: Sinistcha|18/100
|-unboost|p2a: Sinistcha|spa|1
|move|p1a: Kommo-o|Clanging Scales|p2a: Sinistcha|[spread] p2a
|-activate|p2b: Gyarados|move: Protect
|-damage|p2a: Sinistcha|0 fnt
|faint|p2a: Sinistcha
|-unboost|p1a: Kommo-o|def|1
|-damage|p1a: Kommo-o|90/100|[from] item: Life Orb
|
|-sideend|p1: laseboya|move: Tailwind
|upkeep
|turn|6
|
|t:|1785259439
|detailschange|p2b: Gyarados|Gyarados-Mega, L50, M, shiny
|-mega|p2b: Gyarados|Gyarados|Gyaradosite
|-ability|p2b: Gyarados|Mold Breaker
|move|p1b: Whimsicott|Tailwind|p1b: Whimsicott
|-sidestart|p1: laseboya|move: Tailwind
|move|p1a: Kommo-o|Clanging Scales|p2b: Gyarados
|-damage|p2b: Gyarados|21/100
|-unboost|p1a: Kommo-o|def|1
|-damage|p1a: Kommo-o|80/100|[from] item: Life Orb
|move|p2b: Gyarados|Waterfall|p1b: Whimsicott
|-resisted|p1b: Whimsicott|1
|-damage|p1b: Whimsicott|0 fnt
|faint|p1b: Whimsicott
|
|upkeep
|
|t:|1785259443
|switch|p1b: Kingambit|Kingambit, L50, M|100/100
|turn|7
|
|t:|1785259455
|move|p1a: Kommo-o|Vacuum Wave|p2b: Gyarados
|-supereffective|p2b: Gyarados|1
|-damage|p2b: Gyarados|0 fnt
|faint|p2b: Gyarados
|-damage|p1a: Kommo-o|70/100|[from] item: Life Orb
|
|win|laseboya
|raw|laseboya's rating: 1456 → 1470(+14 for winning)
|raw|d1mo22's rating: 1357 → 1343(-14 for losing)
|l|☆laseboya
|player|p1|
|c|☆d1mo22|you are so coinfliper
