|j|☆BoloinaBox
|j|☆Rexolboy
|html|BoloinaBoxRexolboy    
|uhtml|bestof|Game 3 of a best-of-3
|t:|1756547604
|gametype|doubles
|player|p1|BoloinaBox|2|1185
|player|p2|Rexolboy|266|1079
|gen|9
|tier|[Gen 9] VGC 2025 Reg H (Bo3)
|rated|
|rule|Species Clause: Limit one of each Pokémon
|rule|Item Clause: Limit 1 of each item
|clearpoke
|poke|p1|Ceruledge, L50, F|
|poke|p1|Sneasler, L50, F|
|poke|p1|Whimsicott, L50, M|
|poke|p1|Gastrodon, L50, M|
|poke|p1|Dragonite, L50, F|
|poke|p1|Kingambit, L50, F|
|poke|p2|Archaludon, L50, F|
|poke|p2|Incineroar, L50, M|
|poke|p2|Whimsicott, L50, F|
|poke|p2|Ursaluna, L50, F|
|poke|p2|Indeedee-F, L50, F|
|poke|p2|Armarouge, L50, M|
|teampreview|4
|showteam|p1|Ceruledge||ClearAmulet|FlashFire|BitterBlade,Poltergeist,BulkUp,Protect|||F|||50|,,,,,Ghost]Sneasler||GrassySeed|Unburden|CloseCombat,DireClaw,Coaching,FakeOut|||F|||50|,,,,,Ghost]Whimsicott||FocusSash|Prankster|Moonblast,LightScreen,Tailwind,SunnyDay|||M|||50|,,,,,Ghost]Gastrodon||SitrusBerry|StormDrain|IceBeam,EarthPower,Yawn,Protect|||M|||50|,,,,,Fairy]Dragonite||LoadedDice|Multiscale|ScaleShot,Haze,Tailwind,Protect|||F|||50|,,,,,Dragon]Kingambit||AssaultVest|Defiant|SuckerPunch,KowtowCleave,IronHead,LowKick|||F|||50|,,,,,Dark
|showteam|p2|Archaludon||PowerHerb|Stalwart|ElectroShot,FlashCannon,DragonPulse,Protect|||F|||50|,,,,,Electric]Incineroar||SitrusBerry|Intimidate|FlareBlitz,KnockOff,FakeOut,PartingShot|||M|||50|,,,,,Ghost]Whimsicott||CovertCloak|Prankster|Moonblast,Encore,LightScreen,Tailwind|||F|||50|,,,,,Water]Ursaluna||FlameOrb|Guts|Facade,RainDance,HeadlongRush,Protect|||F|||50|,,,,,Ghost]Indeedee-F||SafetyGoggles|PsychicSurge|DazzlingGleam,HelpingHand,FollowMe,TrickRoom|||F|||50|,,,,,Fairy]Armarouge||LifeOrb|FlashFire|ExpandingForce,ArmorCannon,EnergyBall,Protect|||M|||50|,,,,,Stellar
|inactive|Battle timer is ON: inactive players will automatically lose when time's up. (requested by BoloinaBox)
|inactive|Rexolboy has 60 seconds left.
|inactive|Rexolboy has 30 seconds left.
|
|t:|1756547665
|teamsize|p1|4
|teamsize|p2|4
|start
|switch|p1a: Sneasler|Sneasler, L50, F|100/100
|switch|p1b: Ceruledge|Ceruledge, L50, F|100/100
|switch|p2a: Whimsicott|Whimsicott, L50, F|100/100
|switch|p2b: Ursaluna|Ursaluna, L50, F|100/100
|turn|1
|j| Trestkon
|inactive|BoloinaBox has 30 seconds left.
|
|t:|1756547700
|-terastallize|p2b: Ursaluna|Ghost
|move|p2a: Whimsicott|Tailwind|p2a: Whimsicott
|-sidestart|p2: Rexolboy|move: Tailwind
|move|p2b: Ursaluna|Headlong Rush|p1a: Sneasler
|-supereffective|p1a: Sneasler
|-damage|p1a: Sneasler|0 fnt
|-unboost|p2b: Ursaluna|def|1
|-unboost|p2b: Ursaluna|spd|1
|faint|p1a: Sneasler
|move|p1b: Ceruledge|Bulk Up|p1b: Ceruledge
|-boost|p1b: Ceruledge|atk|1
|-boost|p1b: Ceruledge|def|1
|
|-status|p2b: Ursaluna|brn|[from] item: Flame Orb
|upkeep
|
|t:|1756547715
|switch|p1a: Kingambit|Kingambit, L50, F|100/100
|turn|2
|inactive|Rexolboy has 30 seconds left.
|inactive|BoloinaBox has 30 seconds left.
|
|t:|1756547746
|switch|p2b: Armarouge|Armarouge, L50, M|100/100
|-terastallize|p1a: Kingambit|Dark
|move|p2a: Whimsicott|Encore|p1b: Ceruledge
|-start|p1b: Ceruledge|Encore
|move|p1a: Kingambit|Sucker Punch||[still]
|-fail|p1a: Kingambit
|move|p1b: Ceruledge|Bulk Up|p1b: Ceruledge
|-boost|p1b: Ceruledge|atk|1
|-boost|p1b: Ceruledge|def|1
|
|upkeep
|turn|3
|inactive|Rexolboy has 30 seconds left.
|
|t:|1756547772
|switch|p2b: Archaludon|Archaludon, L50, F|100/100
|move|p2a: Whimsicott|Moonblast|p1a: Kingambit
|-supereffective|p1a: Kingambit
|-damage|p1a: Kingambit|73/100
|move|p1b: Ceruledge|Bulk Up|p1b: Ceruledge
|-boost|p1b: Ceruledge|atk|1
|-boost|p1b: Ceruledge|def|1
|move|p1a: Kingambit|Iron Head|p2a: Whimsicott
|-supereffective|p2a: Whimsicott
|-damage|p2a: Whimsicott|11/100
|
|upkeep
|turn|4
|inactive|BoloinaBox has 30 seconds left.
|inactive|Rexolboy has 30 seconds left.
|
|t:|1756547803
|switch|p2a: Ursaluna|Ursaluna, L50, F, tera:Ghost|100/100 brn
|move|p2b: Archaludon|Electro Shot||[still]
|-prepare|p2b: Archaludon|Electro Shot
|-boost|p2b: Archaludon|spa|1
|-enditem|p2b: Archaludon|Power Herb
|-anim|p2b: Archaludon|Electro Shot|p1a: Kingambit
|-damage|p1a: Kingambit|37/100
|move|p1b: Ceruledge|Bulk Up|p1b: Ceruledge
|-boost|p1b: Ceruledge|atk|1
|-boost|p1b: Ceruledge|def|1
|move|p1a: Kingambit|Iron Head|p2a: Ursaluna
|-damage|p2a: Ursaluna|68/100 brn
|
|-damage|p2a: Ursaluna|62/100 brn|[from] brn
|-end|p1b: Ceruledge|Encore
|-sideend|p2: Rexolboy|move: Tailwind
|upkeep
|turn|5
|inactive|BoloinaBox has 30 seconds left.
|inactive|Rexolboy has 30 seconds left.
|
|t:|1756547835
|move|p2a: Ursaluna|Protect|p2a: Ursaluna
|-singleturn|p2a: Ursaluna|Protect
|move|p1a: Kingambit|Sucker Punch||[still]
|-fail|p1a: Kingambit
|move|p2b: Archaludon|Dragon Pulse|p1a: Kingambit
|-damage|p1a: Kingambit|3/100
|move|p1b: Ceruledge|Bitter Blade|p2b: Archaludon
|-damage|p2b: Archaludon|0 fnt
|faint|p2b: Archaludon
|
|-damage|p2a: Ursaluna|56/100 brn|[from] brn
|upkeep
|
|t:|1756547838
|switch|p2b: Whimsicott|Whimsicott, L50, F|11/100
|turn|6
|inactive|BoloinaBox has 30 seconds left.
|inactive|Rexolboy has 30 seconds left.
|l| Trestkon
|
|t:|1756547880
|switch|p2a: Armarouge|Armarouge, L50, M|100/100
|move|p1a: Kingambit|Sucker Punch||[still]
|-fail|p1a: Kingambit
|move|p2b: Whimsicott|Moonblast|p1a: Kingambit
|-supereffective|p1a: Kingambit
|-damage|p1a: Kingambit|0 fnt
|faint|p1a: Kingambit
|move|p1b: Ceruledge|Poltergeist|p2a: Armarouge
|-activate|p2a: Armarouge|move: Poltergeist|Life Orb
|-supereffective|p2a: Armarouge
|-damage|p2a: Armarouge|0 fnt
|faint|p2a: Armarouge
|
|upkeep
|
|t:|1756547893
|switch|p2a: Ursaluna|Ursaluna, L50, F, tera:Ghost|56/100 brn
|switch|p1a: Dragonite|Dragonite, L50, F|100/100
|turn|7
|
|t:|1756547913
|move|p1b: Ceruledge|Protect|p1b: Ceruledge
|-singleturn|p1b: Ceruledge|Protect
|move|p2b: Whimsicott|Tailwind|p2b: Whimsicott
|-sidestart|p2: Rexolboy|move: Tailwind
|move|p2a: Ursaluna|Headlong Rush|p1b: Ceruledge
|-activate|p1b: Ceruledge|move: Protect
|move|p1a: Dragonite|Scale Shot|p2a: Ursaluna
|-damage|p2a: Ursaluna|46/100 brn
|-damage|p2a: Ursaluna|36/100 brn
|-damage|p2a: Ursaluna|26/100 brn
|-damage|p2a: Ursaluna|17/100 brn
|-hitcount|p2a: Ursaluna|4
|-unboost|p1a: Dragonite|def|1
|-boost|p1a: Dragonite|spe|1
|
|-damage|p2a: Ursaluna|11/100 brn|[from] brn
|upkeep
|turn|8
|inactive|BoloinaBox has 30 seconds left.
|
|t:|1756547942
|move|p2b: Whimsicott|Encore|p1b: Ceruledge
|-start|p1b: Ceruledge|Encore
|move|p1a: Dragonite|Scale Shot|p2a: Ursaluna|[miss]
|-miss|p1a: Dragonite|p2a: Ursaluna
|move|p2a: Ursaluna|Facade|p1a: Dragonite
|-damage|p1a: Dragonite|4/100
|move|p1b: Ceruledge|Protect||[still]
|-fail|p1b: Ceruledge
|
|-damage|p2a: Ursaluna|5/100 brn|[from] brn
|upkeep
|turn|9
|
|t:|1756547962
|move|p1b: Ceruledge|Protect|p1b: Ceruledge
|-singleturn|p1b: Ceruledge|Protect
|move|p2b: Whimsicott|Moonblast|p1a: Dragonite
|-supereffective|p1a: Dragonite
|-damage|p1a: Dragonite|0 fnt
|faint|p1a: Dragonite
|move|p2a: Ursaluna|Headlong Rush|p1b: Ceruledge
|-activate|p1b: Ceruledge|move: Protect
|
|-damage|p2a: Ursaluna|0 fnt|[from] brn
|faint|p2a: Ursaluna
|upkeep
|turn|10
|
|t:|1756547978
|move|p1b: Ceruledge|Protect||[still]
|-fail|p1b: Ceruledge
|move|p2b: Whimsicott|Moonblast|p1b: Ceruledge
|-resisted|p1b: Ceruledge
|-damage|p1b: Ceruledge|89/100
|
|-end|p1b: Ceruledge|Encore
|-sideend|p2: Rexolboy|move: Tailwind
|upkeep
|turn|11
|
|t:|1756547987
|move|p2b: Whimsicott|Encore|p1b: Ceruledge
|-start|p1b: Ceruledge|Encore
|move|p1b: Ceruledge|Protect||[still]
|-fail|p1b: Ceruledge
|
|upkeep
|turn|12
|
|t:|1756547992
|move|p1b: Ceruledge|Protect|p1b: Ceruledge
|-singleturn|p1b: Ceruledge|Protect
|move|p2b: Whimsicott|Moonblast|p1b: Ceruledge
|-activate|p1b: Ceruledge|move: Protect
|
|upkeep
|turn|13
|
|t:|1756547995
|move|p1b: Ceruledge|Protect||[still]
|-fail|p1b: Ceruledge
|move|p2b: Whimsicott|Moonblast|p1b: Ceruledge
|-resisted|p1b: Ceruledge
|-damage|p1b: Ceruledge|77/100
|
|-end|p1b: Ceruledge|Encore
|upkeep
|turn|14
|
|t:|1756548002
|move|p2b: Whimsicott|Encore|p1b: Ceruledge
|-start|p1b: Ceruledge|Encore
|move|p1b: Ceruledge|Protect||[still]
|-fail|p1b: Ceruledge
|
|upkeep
|turn|15
|
|t:|1756548008
|move|p1b: Ceruledge|Protect|p1b: Ceruledge
|-singleturn|p1b: Ceruledge|Protect
|move|p2b: Whimsicott|Moonblast|p1b: Ceruledge
|-activate|p1b: Ceruledge|move: Protect
|
|upkeep
|turn|16
|
|t:|1756548011
|move|p1b: Ceruledge|Protect|p1b: Ceruledge
|-singleturn|p1b: Ceruledge|Protect
|move|p2b: Whimsicott|Moonblast|p1b: Ceruledge
|-activate|p1b: Ceruledge|move: Protect
|
|-end|p1b: Ceruledge|Encore
|upkeep
|turn|17
|
|t:|1756548017
|move|p2b: Whimsicott|Encore|p1b: Ceruledge
|-start|p1b: Ceruledge|Encore
|move|p1b: Ceruledge|Protect||[still]
|-fail|p1b: Ceruledge
|
|upkeep
|turn|18
|
|t:|1756548032
|move|p1b: Ceruledge|Protect|p1b: Ceruledge
|-singleturn|p1b: Ceruledge|Protect
|move|p2b: Whimsicott|Moonblast|p1b: Ceruledge
|-activate|p1b: Ceruledge|move: Protect
|
|upkeep
|turn|19
|
|t:|1756548036
|move|p1b: Ceruledge|Protect||[still]
|-fail|p1b: Ceruledge
|move|p2b: Whimsicott|Moonblast|p1b: Ceruledge
|-resisted|p1b: Ceruledge
|-damage|p1b: Ceruledge|65/100
|
|-end|p1b: Ceruledge|Encore
|upkeep
|turn|20
|
|t:|1756548041
|move|p1b: Ceruledge|Protect|p1b: Ceruledge
|-singleturn|p1b: Ceruledge|Protect
|move|p2b: Whimsicott|Encore|p1b: Ceruledge
|-activate|p1b: Ceruledge|move: Protect
|
|upkeep
|turn|21
|
|t:|1756548047
|move|p2b: Whimsicott|Encore|p1b: Ceruledge
|-start|p1b: Ceruledge|Encore
|move|p1b: Ceruledge|Protect||[still]
|-fail|p1b: Ceruledge
|
|upkeep
|turn|22
|
|t:|1756548050
|move|p1b: Ceruledge|Protect|p1b: Ceruledge
|-singleturn|p1b: Ceruledge|Protect
|move|p2b: Whimsicott|Moonblast|p1b: Ceruledge
|-activate|p1b: Ceruledge|move: Protect
|
|-end|p1b: Ceruledge|Encore
|upkeep
|turn|23
|
|t:|1756548055
|move|p2b: Whimsicott|Moonblast|p1b: Ceruledge
|-resisted|p1b: Ceruledge
|-damage|p1b: Ceruledge|53/100
|move|p1b: Ceruledge|Bitter Blade|p2b: Whimsicott
|-supereffective|p2b: Whimsicott
|-damage|p2b: Whimsicott|0 fnt
|-heal|p1b: Ceruledge|58/100|[from] drain|[of] p2b: Whimsicott
|faint|p2b: Whimsicott
|
|win|BoloinaBox
|raw|BoloinaBox's rating: 1185 → 1203(+18 for winning)
|raw|Rexolboy's rating: 1079 → 1064(-15 for losing)
