|j|☆patoathie
|j|☆Aircross360
|html|patoathieAircross360    
|uhtml|bestof|Game 1 of a best-of-3
|t:|1756932164
|gametype|doubles
|player|p1|patoathie|169|1159
|player|p2|Aircross360|lucas|1038
|gen|9
|tier|[Gen 9] VGC 2025 Reg H (Bo3)
|rated|
|rule|Species Clause: Limit one of each Pokémon
|rule|Item Clause: Limit 1 of each item
|clearpoke
|poke|p1|Volcarona, L50, M|
|poke|p1|Sneasler, L50, M|
|poke|p1|Rillaboom, L50, F|
|poke|p1|Dragapult, L50, F|
|poke|p1|Kingambit, L50, M|
|poke|p1|Electabuzz, L50, F|
|poke|p2|Gholdengo, L50|
|poke|p2|Dragonite, L50, F|
|poke|p2|Sneasler, L50, F|
|poke|p2|Ursaluna-Bloodmoon, L50, M|
|poke|p2|Whimsicott, L50, F|
|poke|p2|Magmar, L50, M|
|teampreview|4
|showteam|p1|Volcarona||Leftovers|FlameBody|QuiverDance,HeatWave,TeraBlast,Protect|||M|||50|,,,,,Fairy]Sneasler||FocusSash|Unburden|FakeOut,CloseCombat,DireClaw,Coaching|||M|||50|,,,,,Ghost]Rillaboom||AssaultVest|GrassySurge|FakeOut,WoodHammer,GrassyGlide,Uturn|||F|||50|,,,,,Fire]Dragapult||ChoiceBand|ClearBody|DragonDarts,Outrage,Uturn,PhantomForce|||F|||50|,,,,,Dragon]Kingambit||BlackGlasses|Defiant|SwordsDance,KowtowCleave,SuckerPunch,Protect|||M|||50|,,,,,Dark]Electabuzz||Eviolite|VitalSpirit|FollowMe,Electroweb,HelpingHand,Taunt|||F|||50|,,,,,Ghost
|showteam|p2|Gholdengo||LifeOrb|GoodasGold|MakeItRain,ShadowBall,NastyPlot,Protect||||||50|,,,,,Water]Dragonite||LoadedDice|Multiscale|ScaleShot,ExtremeSpeed,IceSpinner,Protect|||F|||50|,,,,,Fairy]Sneasler||FocusSash|Unburden|DireClaw,CloseCombat,ThroatChop,Protect|||F|||50|,,,,,Stellar]Ursaluna-Bloodmoon||AssaultVest|MindsEye|BloodMoon,HyperVoice,EarthPower,VacuumWave|||M|||50|,,,,,Water]Whimsicott||CovertCloak|Prankster|Tailwind,Moonblast,Encore,LightScreen|||F|||50|,,,,,Water]Magmar||Eviolite|VitalSpirit|FollowMe,Overheat,Taunt,Protect|||M|||50|,,,,,Ghost
|inactive|Battle timer is ON: inactive players will automatically lose when time's up. (requested by patoathie)
|inactive|Aircross360 has 60 seconds left.
|
|t:|1756932251
|teamsize|p1|4
|teamsize|p2|4
|start
|switch|p1a: Kingambit|Kingambit, L50, M|100/100
|switch|p1b: Sneasler|Sneasler, L50, M|100/100
|switch|p2a: Magmar|Magmar, L50, M|100/100
|switch|p2b: Ursaluna|Ursaluna-Bloodmoon, L50, M|100/100
|turn|1
|inactive|Aircross360 has 30 seconds left.
|inactive|patoathie has 30 seconds left.
|inactive|Aircross360 has 20 seconds left.
|inactive|Aircross360 has 15 seconds left.
|inactive|Aircross360 has 10 seconds left.
|inactive|Aircross360 has 5 seconds left.
|
|t:|1756932301
|-terastallize|p1a: Kingambit|Dark
|move|p1b: Sneasler|Fake Out|p2b: Ursaluna
|-damage|p2b: Ursaluna|90/100
|move|p2a: Magmar|Taunt|p1a: Kingambit
|-start|p1a: Kingambit|move: Taunt
|cant|p2b: Ursaluna|flinch
|cant|p1a: Kingambit|move: Taunt|Swords Dance
|
|upkeep
|turn|2
|inactive|Aircross360 has 30 seconds left.
|
|t:|1756932332
|switch|p1a: Rillaboom|Rillaboom, L50, F|100/100
|-fieldstart|move: Grassy Terrain|[from] ability: Grassy Surge|[of] p1a: Rillaboom
|move|p2a: Magmar|Follow Me|p2a: Magmar
|-singleturn|p2a: Magmar|move: Follow Me
|move|p1b: Sneasler|Close Combat|p2a: Magmar
|-damage|p2a: Magmar|51/100
|-unboost|p1b: Sneasler|def|1
|-unboost|p1b: Sneasler|spd|1
|move|p2b: Ursaluna|Hyper Voice|p1a: Rillaboom|[spread] p1a,p1b
|-damage|p1a: Rillaboom|73/100
|-damage|p1b: Sneasler|19/100
|
|-heal|p1b: Sneasler|24/100|[from] Grassy Terrain
|-heal|p2a: Magmar|57/100|[from] Grassy Terrain
|-heal|p1a: Rillaboom|79/100|[from] Grassy Terrain
|-heal|p2b: Ursaluna|96/100|[from] Grassy Terrain
|upkeep
|turn|3
|inactive|patoathie has 30 seconds left.
|inactive|Aircross360 has 30 seconds left.
|inactive|patoathie has 20 seconds left.
|inactive|Aircross360 has 20 seconds left.
|inactive|patoathie has 15 seconds left.
|inactive|Aircross360 has 15 seconds left.
|inactive|Aircross360 has 10 seconds left.
|
|t:|1756932380
|move|p1b: Sneasler|Close Combat|p2b: Ursaluna
|-supereffective|p2b: Ursaluna
|-damage|p2b: Ursaluna|0 fnt
|-unboost|p1b: Sneasler|def|1
|-unboost|p1b: Sneasler|spd|1
|faint|p2b: Ursaluna
|move|p2a: Magmar|Overheat|p1a: Rillaboom
|-supereffective|p1a: Rillaboom
|-damage|p1a: Rillaboom|7/100
|-unboost|p2a: Magmar|spa|2
|move|p1a: Rillaboom|Wood Hammer|p2a: Magmar
|-resisted|p2a: Magmar
|-damage|p2a: Magmar|26/100
|-damage|p1a: Rillaboom|0 fnt|[from] Recoil
|faint|p1a: Rillaboom
|
|-heal|p1b: Sneasler|30/100|[from] Grassy Terrain
|-heal|p2a: Magmar|31/100|[from] Grassy Terrain
|upkeep
|
|t:|1756932395
|switch|p1a: Kingambit|Kingambit, L50, M, tera:Dark|100/100
|switch|p2b: Sneasler|Sneasler, L50, F|100/100
|turn|4
|inactive|Aircross360 has 30 seconds left.
|
|t:|1756932425
|switch|p2a: Dragonite|Dragonite, L50, F|100/100
|move|p1a: Kingambit|Protect|p1a: Kingambit
|-singleturn|p1a: Kingambit|Protect
|move|p2b: Sneasler|Close Combat|p1a: Kingambit
|-activate|p1a: Kingambit|move: Protect
|move|p1b: Sneasler|Coaching|p1a: Kingambit
|-boost|p1a: Kingambit|atk|1
|-boost|p1a: Kingambit|def|1
|
|-heal|p1b: Sneasler|36/100|[from] Grassy Terrain
|upkeep
|turn|5
|inactive|patoathie has 30 seconds left.
|inactive|Aircross360 has 30 seconds left.
|inactive|Aircross360 has 20 seconds left.
|inactive|Aircross360 has 15 seconds left.
|
|t:|1756932473
|-terastallize|p2a: Dragonite|Fairy
|move|p2a: Dragonite|Extreme Speed|p1b: Sneasler
|-damage|p1b: Sneasler|0 fnt
|faint|p1b: Sneasler
|move|p2b: Sneasler|Dire Claw|p1a: Kingambit
|-damage|p1a: Kingambit|79/100
|-status|p1a: Kingambit|psn
|move|p1a: Kingambit|Kowtow Cleave|p2b: Sneasler
|-resisted|p2b: Sneasler
|-damage|p2b: Sneasler|4/100
|
|-heal|p2b: Sneasler|10/100|[from] Grassy Terrain
|-heal|p1a: Kingambit|85/100 psn|[from] Grassy Terrain
|-damage|p1a: Kingambit|72/100 psn|[from] psn
|upkeep
|
|t:|1756932485
|switch|p1b: Electabuzz|Electabuzz, L50, F|100/100
|turn|6
|
|t:|1756932500
|move|p2b: Sneasler|Protect|p2b: Sneasler
|-singleturn|p2b: Sneasler|Protect
|move|p1a: Kingambit|Protect|p1a: Kingambit
|-singleturn|p1a: Kingambit|Protect
|move|p1b: Electabuzz|Electroweb|p2b: Sneasler|[spread] p2a
|-activate|p2b: Sneasler|move: Protect
|-damage|p2a: Dragonite|93/100
|-unboost|p2a: Dragonite|spe|1
|move|p2a: Dragonite|Scale Shot|p1a: Kingambit
|-activate|p1a: Kingambit|move: Protect
|
|-heal|p2b: Sneasler|16/100|[from] Grassy Terrain
|-heal|p2a: Dragonite|99/100|[from] Grassy Terrain
|-heal|p1a: Kingambit|78/100 psn|[from] Grassy Terrain
|-damage|p1a: Kingambit|66/100 psn|[from] psn
|-fieldend|move: Grassy Terrain
|upkeep
|turn|7
|
|t:|1756932518
|switch|p2b: Magmar|Magmar, L50, M|31/100
|move|p1a: Kingambit|Sucker Punch||[still]
|-fail|p1a: Kingambit
|move|p1b: Electabuzz|Electroweb|p2b: Magmar|[spread] p2a,p2b
|-crit|p2b: Magmar
|-damage|p2a: Dragonite|84/100
|-damage|p2b: Magmar|15/100
|-unboost|p2a: Dragonite|spe|1
|-unboost|p2b: Magmar|spe|1
|move|p2a: Dragonite|Scale Shot|p1a: Kingambit
|-damage|p1a: Kingambit|58/100 psn
|-damage|p1a: Kingambit|51/100 psn
|-damage|p1a: Kingambit|43/100 psn
|-damage|p1a: Kingambit|36/100 psn
|-hitcount|p1a: Kingambit|4
|-unboost|p2a: Dragonite|def|1
|-boost|p2a: Dragonite|spe|1
|
|-damage|p1a: Kingambit|24/100 psn|[from] psn
|upkeep
|turn|8
|inactive|Aircross360 has 30 seconds left.
|inactive|Aircross360 has 20 seconds left.
|inactive|Aircross360 has 15 seconds left.
|
|t:|1756932559
|move|p2a: Dragonite|Protect|p2a: Dragonite
|-singleturn|p2a: Dragonite|Protect
|move|p1b: Electabuzz|Electroweb|p2a: Dragonite|[spread] 
|-activate|p2a: Dragonite|move: Protect
|-miss|p1b: Electabuzz|p2b: Magmar
|move|p2b: Magmar|Taunt|p1b: Electabuzz
|-start|p1b: Electabuzz|move: Taunt
|move|p1a: Kingambit|Kowtow Cleave|p2a: Dragonite
|-activate|p2a: Dragonite|move: Protect
|
|-damage|p1a: Kingambit|12/100 psn|[from] psn
|upkeep
|turn|9
|inactive|Aircross360 has 30 seconds left.
|inactive|Aircross360 has 20 seconds left.
|
|t:|1756932597
|move|p2a: Dragonite|Extreme Speed|p1a: Kingambit
|-damage|p1a: Kingambit|0 fnt
|faint|p1a: Kingambit
|move|p1b: Electabuzz|Electroweb|p2b: Magmar|[spread] p2a,p2b
|-damage|p2a: Dragonite|68/100
|-damage|p2b: Magmar|4/100
|-unboost|p2a: Dragonite|spe|1
|-unboost|p2b: Magmar|spe|1
|move|p2b: Magmar|Overheat|p1b: Electabuzz
|-damage|p1b: Electabuzz|67/100
|-unboost|p2b: Magmar|spa|2
|
|upkeep
|turn|10
|inactive|Aircross360 has 30 seconds left.
|
|t:|1756932624
|move|p1b: Electabuzz|Electroweb|p2b: Magmar|[spread] p2a,p2b
|-damage|p2a: Dragonite|52/100
|-damage|p2b: Magmar|0 fnt
|-unboost|p2a: Dragonite|spe|1
|faint|p2b: Magmar
|move|p2a: Dragonite|Scale Shot|p1b: Electabuzz
|-damage|p1b: Electabuzz|56/100
|-damage|p1b: Electabuzz|44/100
|-damage|p1b: Electabuzz|32/100
|-damage|p1b: Electabuzz|20/100
|-hitcount|p1b: Electabuzz|4
|-unboost|p2a: Dragonite|def|1
|-boost|p2a: Dragonite|spe|1
|
|upkeep
|
|t:|1756932634
|switch|p2b: Sneasler|Sneasler, L50, F|16/100
|turn|11
|
|t:|1756932650
|move|p2a: Dragonite|Extreme Speed|p1b: Electabuzz
|-damage|p1b: Electabuzz|0 fnt
|faint|p1b: Electabuzz
|
|win|Aircross360
||Aircross360 is ready for game 2.
|inactive|patoathie has 30 seconds to confirm battle start!
||patoathie is ready for game 2.
|uhtml|next|Next: Game 2 of 3
|l|☆patoathie
|player|p1|
