|j|☆homerj71
|j|☆ImseSixten
|html|homerj71ImseSixten    
|uhtml|bestof|Game 3 of a best-of-3
|t:|1784800309
|gametype|doubles
|player|p1|homerj71|101|1106
|player|p2|ImseSixten|arezu|1181
|gen|9
|tier|[Gen 9 Champions] VGC 2026 Reg M-B (Bo3)
|rated|
|rule|Species Clause: Limit one of each Pokémon
|rule|Item Clause: Limit 1 of each item
|clearpoke
|poke|p1|Sneasler, L50, M|
|poke|p1|Sinistcha, L50|
|poke|p1|Incineroar, L50, M|
|poke|p1|Kingambit, L50, M|
|poke|p1|Delphox, L50, F|
|poke|p1|Blastoise, L50, M|
|poke|p2|Houndoom, L50, M|
|poke|p2|Ninetales, L50, M, shiny|
|poke|p2|Whimsicott, L50, F|
|poke|p2|Floette-Eternal, L50, F|
|poke|p2|Basculegion, L50, M|
|poke|p2|Sneasler, L50, M|
|teampreview|4
|showteam|p1|Sneasler||FocusSash|PoisonTouch|FakeOut,QuickGuard,DireClaw,CloseCombat|Jolly||M|||50|]Sinistcha||OccaBerry|Hospitality|Protect,RagePowder,MatchaGotcha,TrickRoom|Relaxed|||||50|]Incineroar||SitrusBerry|Intimidate|FakeOut,FlareBlitz,ThroatChop,PartingShot|Careful||M|||50|]Kingambit||BlackGlasses|Defiant|KowtowCleave,SwordsDance,SuckerPunch,Protect|Adamant||M|||50|]Delphox||Delphoxite|Blaze|Protect,NastyPlot,HeatWave,Psyshock|Timid||F|||50|]Blastoise||Blastoisinite|RainDish|WaterSpout,DarkPulse,Protect,ShellSmash|Modest||M|||50|
|showteam|p2|Houndoom||Houndoominite|FlashFire|HeatWave,Snarl,Flamethrower,Protect|Timid||M|||50|]Ninetales||ChoiceScarf|Drought|HeatWave,Overheat,SolarBeam,FakeTears|Modest||M|||50|]Whimsicott||FocusSash|Prankster|Moonblast,Tailwind,SunnyDay,Protect|Timid||F|||50|]Floette-Eternal||Floettite|FlowerVeil|Moonblast,DazzlingGleam,LightofRuin,Protect|Modest||F|||50|]Basculegion||MysticWater|Adaptability|WaveCrash,AquaJet,LastRespects,Protect|Adamant||M|||50|]Sneasler||LifeOrb|PoisonTouch|CloseCombat,PoisonJab,RockSlide,Protect|Adamant||M|||50|
|inactive|Battle timer is ON: inactive players will automatically lose when time's up. (requested by homerj71)
|inactive|ImseSixten also wants the timer to be on.
|inactive|ImseSixten has 60 seconds left.
|
|t:|1784800369
|teamsize|p1|4
|teamsize|p2|4
|start
|switch|p1a: Delphox|Delphox, L50, F|100/100
|switch|p1b: Sneasler|Sneasler, L50, M|100/100
|switch|p2a: Whimsicott|Whimsicott, L50, F|100/100
|switch|p2b: Floette|Floette-Eternal, L50, F|100/100
|turn|1
|
|t:|1784800382
|detailschange|p1a: Delphox|Delphox-Mega, L50, F
|-mega|p1a: Delphox|Delphox|Delphoxite
|detailschange|p2b: Floette|Floette-Mega, L50, F
|-mega|p2b: Floette|Floette|Floettite
|-ability|p2b: Floette|Fairy Aura
|move|p2a: Whimsicott|Tailwind|p2a: Whimsicott
|-sidestart|p2: ImseSixten|move: Tailwind
|move|p2b: Floette|Dazzling Gleam|p1a: Delphox|[spread] p1a,p1b
|-resisted|p1a: Delphox|1
|-crit|p1a: Delphox
|-damage|p1a: Delphox|66/100
|-damage|p1b: Sneasler|29/100
|move|p1a: Delphox|Nasty Plot|p1a: Delphox
|-boost|p1a: Delphox|spa|2
|move|p1b: Sneasler|Dire Claw|p2b: Floette
|-supereffective|p2b: Floette|1
|-damage|p2b: Floette|0 fnt
|faint|p2b: Floette
|
|upkeep
|
|t:|1784800395
|switch|p2b: Houndoom|Houndoom, L50, M|100/100
|turn|2
|
|t:|1784800404
|move|p1a: Delphox|Protect|p1a: Delphox
|-singleturn|p1a: Delphox|Protect
|move|p2a: Whimsicott|Moonblast|p1b: Sneasler
|-damage|p1b: Sneasler|0 fnt
|faint|p1b: Sneasler
|move|p2b: Houndoom|Snarl|p1a: Delphox
|-activate|p1a: Delphox|move: Protect
|
|upkeep
|
|t:|1784800409
|switch|p1b: Incineroar|Incineroar, L50, M|100/100
|-ability|p1b: Incineroar|Intimidate|boost
|-unboost|p2a: Whimsicott|atk|1
|-unboost|p2b: Houndoom|atk|1
|turn|3
|
|t:|1784800422
|move|p2a: Whimsicott|Protect|p2a: Whimsicott
|-singleturn|p2a: Whimsicott|Protect
|move|p1b: Incineroar|Fake Out|p2b: Houndoom
|-damage|p2b: Houndoom|78/100
|cant|p2b: Houndoom|flinch
|move|p1a: Delphox|Heat Wave|p2b: Houndoom|[spread] 
|-activate|p2a: Whimsicott|move: Protect
|-start|p2b: Houndoom|ability: Flash Fire
|
|upkeep
|turn|4
|
|t:|1784800437
|move|p2a: Whimsicott|Moonblast|p1b: Incineroar
|-damage|p1b: Incineroar|71/100
|move|p2b: Houndoom|Heat Wave|p1a: Delphox|[spread] p1a,p1b
|-resisted|p1a: Delphox|1
|-resisted|p1b: Incineroar|1
|-damage|p1a: Delphox|42/100
|-damage|p1b: Incineroar|51/100
|move|p1a: Delphox|Heat Wave|p2b: Houndoom|[spread] p2a
|-immune|p2b: Houndoom|[from] ability: Flash Fire
|-supereffective|p2a: Whimsicott|1
|-enditem|p2a: Whimsicott|Focus Sash
|-damage|p2a: Whimsicott|1/100
|move|p1b: Incineroar|Throat Chop|p2b: Houndoom
|-resisted|p2b: Houndoom|1
|-damage|p2b: Houndoom|46/100
|-start|p2b: Houndoom|Throat Chop|[silent]
|
|-sideend|p2: ImseSixten|move: Tailwind
|upkeep
|turn|5
|
|t:|1784800461
|switch|p1b: Sinistcha|Sinistcha, L50|100/100
|-heal|p1a: Delphox|67/100|[from] ability: Hospitality|[of] p1b: Sinistcha
|move|p1a: Delphox|Protect|p1a: Delphox
|-singleturn|p1a: Delphox|Protect
|move|p2b: Houndoom|Protect|p2b: Houndoom
|-singleturn|p2b: Houndoom|Protect
|move|p2a: Whimsicott|Tailwind|p2a: Whimsicott
|-sidestart|p2: ImseSixten|move: Tailwind
|
|-end|p2b: Houndoom|Throat Chop|[silent]
|upkeep
|turn|6
|
|t:|1784800481
|move|p1b: Sinistcha|Rage Powder|p1b: Sinistcha
|-singleturn|p1b: Sinistcha|move: Rage Powder
|move|p2a: Whimsicott|Sunny Day|p2a: Whimsicott
|-weather|SunnyDay
|move|p2b: Houndoom|Flamethrower|p1b: Sinistcha
|-supereffective|p1b: Sinistcha|1
|-enditem|p1b: Sinistcha|Occa Berry|[eat]
|-enditem|p1b: Sinistcha|Occa Berry|[weaken]
|-damage|p1b: Sinistcha|11/100
|move|p1a: Delphox|Heat Wave|p2a: Whimsicott|[spread] p2a
|-immune|p2b: Houndoom|[from] ability: Flash Fire
|-supereffective|p2a: Whimsicott|1
|-damage|p2a: Whimsicott|0 fnt
|faint|p2a: Whimsicott
|
|-weather|SunnyDay|[upkeep]
|upkeep
|
|t:|1784800487
|switch|p2a: Sneasler|Sneasler, L50, M|100/100
|turn|7
|
|t:|1784800497
|move|p1a: Delphox|Protect|p1a: Delphox
|-singleturn|p1a: Delphox|Protect
|move|p2a: Sneasler|Rock Slide|p1b: Sinistcha|[spread] p1b
|-activate|p1a: Delphox|move: Protect
|-damage|p1b: Sinistcha|0 fnt
|faint|p1b: Sinistcha
|-damage|p2a: Sneasler|90/100|[from] item: Life Orb
|move|p2b: Houndoom|Snarl|p1a: Delphox
|-activate|p1a: Delphox|move: Protect
|
|-weather|SunnyDay|[upkeep]
|upkeep
|
|t:|1784800501
|switch|p1b: Incineroar|Incineroar, L50, M|51/100
|-ability|p1b: Incineroar|Intimidate|boost
|-unboost|p2a: Sneasler|atk|1
|-unboost|p2b: Houndoom|atk|1
|turn|8
|
|t:|1784800510
|move|p1b: Incineroar|Fake Out|p2a: Sneasler
|-damage|p2a: Sneasler|72/100
|cant|p2a: Sneasler|flinch
|move|p2b: Houndoom|Snarl|p1b: Incineroar|[spread] p1a,p1b
|-supereffective|p1a: Delphox|1
|-resisted|p1b: Incineroar|1
|-damage|p1a: Delphox|29/100
|-damage|p1b: Incineroar|45/100
|-unboost|p1a: Delphox|spa|1
|-unboost|p1b: Incineroar|spa|1
|-enditem|p1b: Incineroar|Sitrus Berry|[eat]
|-heal|p1b: Incineroar|69/100|[from] item: Sitrus Berry
|move|p1a: Delphox|Psyshock|p2a: Sneasler
|-supereffective|p2a: Sneasler|2
|-damage|p2a: Sneasler|0 fnt
|faint|p2a: Sneasler
|
|-weather|SunnyDay|[upkeep]
|-sideend|p2: ImseSixten|move: Tailwind
|upkeep
|turn|9
|
|t:|1784800524
|move|p1a: Delphox|Nasty Plot|p1a: Delphox
|-boost|p1a: Delphox|spa|2
|move|p2b: Houndoom|Flamethrower|p1b: Incineroar
|-resisted|p1b: Incineroar|1
|-damage|p1b: Incineroar|33/100
|move|p1b: Incineroar|Throat Chop|p2b: Houndoom
|-resisted|p2b: Houndoom|1
|-damage|p2b: Houndoom|16/100
|-start|p2b: Houndoom|Throat Chop|[silent]
|
|-weather|SunnyDay|[upkeep]
|upkeep
|turn|10
|
|t:|1784800538
|move|p1a: Delphox|Protect|p1a: Delphox
|-singleturn|p1a: Delphox|Protect
|move|p2b: Houndoom|Flamethrower|p1b: Incineroar
|-resisted|p1b: Incineroar|1
|-damage|p1b: Incineroar|0 fnt
|faint|p1b: Incineroar
|
|-weather|none
|-end|p2b: Houndoom|Throat Chop|[silent]
|upkeep
|turn|11
|
|t:|1784800546
|move|p1a: Delphox|Heat Wave|p2b: Houndoom
|-immune|p2b: Houndoom|[from] ability: Flash Fire
|move|p2b: Houndoom|Snarl|p1a: Delphox|[miss]
|-miss|p2b: Houndoom|p1a: Delphox
|
|upkeep
|turn|12
|-message|homerj71 forfeited.
|
|win|ImseSixten
|raw|homerj71's rating: 1106 → 1086(-20 for losing)
|raw|ImseSixten's rating: 1181 → 1201(+20 for winning)
|c|☆ImseSixten|gg
