|j|☆Truevillany123
|j|☆Sedrav
|html|Truevillany123Sedrav    
|uhtml|bestof|Game 2 of a best-of-3
|t:|1756948401
|gametype|doubles
|player|p1|Truevillany123|steven|1111
|player|p2|Sedrav|265|1217
|gen|9
|tier|[Gen 9] VGC 2025 Reg H (Bo3)
|rated|
|rule|Species Clause: Limit one of each Pokémon
|rule|Item Clause: Limit 1 of each item
|clearpoke
|poke|p1|Ursaluna-Bloodmoon, L50, M|
|poke|p1|Gholdengo, L50|
|poke|p1|Dragonite, L50, M|
|poke|p1|Sneasler, L50, F|
|poke|p1|Incineroar, L50, M|
|poke|p1|Amoonguss, L50, F|
|poke|p2|Garchomp, L50, M|
|poke|p2|Talonflame, L50, M|
|poke|p2|Gholdengo, L50|
|poke|p2|Tyranitar, L50, F|
|poke|p2|Amoonguss, L50, M|
|poke|p2|Milotic, L50, F|
|teampreview|4
|showteam|p1|Ursaluna-Bloodmoon||AssaultVest|MindsEye|BloodMoon,EarthPower,VacuumWave,HyperVoice|||M|||50|,,,,,Water]Gholdengo||LifeOrb|GoodasGold|Protect,MakeItRain,ShadowBall,NastyPlot||||||50|,,,,,Water]Dragonite||LoadedDice|Multiscale|ScaleShot,Tailwind,Haze,Protect|||M|||50|,,,,,Fairy]Sneasler||FocusSash|Unburden|Protect,DireClaw,CloseCombat,ThroatChop|||F|||50|,,,,,Stellar]Incineroar||SafetyGoggles|Intimidate|KnockOff,PartingShot,FlareBlitz,FakeOut|||M|||50|,,,,,Ghost]Amoonguss||SitrusBerry|Regenerator|RagePowder,Spore,PollenPuff,Protect|||F|||50|,,,,,Psychic
|showteam|p2|Garchomp||LifeOrb|RoughSkin|DragonClaw,StompingTantrum,Earthquake,Protect|||M|||50|,,,,,Fairy]Talonflame||CovertCloak|GaleWings|BraveBird,Tailwind,WillOWisp,Taunt|||M|||50|,,,,,Grass]Gholdengo||MetalCoat|GoodasGold|MakeItRain,ShadowBall,NastyPlot,Protect||||||50|,,,,,Flying]Tyranitar||AssaultVest|SandStream|RockSlide,KnockOff,LowKick,TeraBlast|||F|||50|,,,,,Flying]Amoonguss||SitrusBerry|Regenerator|Spore,RagePowder,PollenPuff,Protect|||M|||50|,,,,,Water]Milotic||SafetyGoggles|Competitive|Scald,IcyWind,Haze,Protect|||F|||50|,,,,,Dragon
|inactive|Battle timer is ON: inactive players will automatically lose when time's up. (requested by Sedrav)
|
|t:|1756948441
|teamsize|p1|4
|teamsize|p2|4
|start
|switch|p1a: Incineroar|Incineroar, L50, M|100/100
|switch|p1b: Dragonite|Dragonite, L50, M|100/100
|switch|p2a: Milotic|Milotic, L50, F|100/100
|switch|p2b: Amoonguss|Amoonguss, L50, M|100/100
|-ability|p1a: Incineroar|Intimidate|boost
|-unboost|p2a: Milotic|atk|1
|-ability|p2a: Milotic|Competitive|boost
|-boost|p2a: Milotic|spa|2
|-unboost|p2b: Amoonguss|atk|1
|turn|1
|
|t:|1756948463
|move|p2a: Milotic|Protect|p2a: Milotic
|-singleturn|p2a: Milotic|Protect
|move|p2b: Amoonguss|Protect|p2b: Amoonguss
|-singleturn|p2b: Amoonguss|Protect
|move|p1b: Dragonite|Haze|p1b: Dragonite
|-clearallboost
|move|p1a: Incineroar|Knock Off|p2b: Amoonguss
|-activate|p2b: Amoonguss|move: Protect
|
|upkeep
|turn|2
|inactive|Sedrav has 30 seconds left.
|
|t:|1756948495
|move|p1b: Dragonite|Protect|p1b: Dragonite
|-singleturn|p1b: Dragonite|Protect
|move|p1a: Incineroar|Knock Off|p2b: Amoonguss
|-damage|p2b: Amoonguss|61/100
|-enditem|p2b: Amoonguss|Sitrus Berry|[from] move: Knock Off|[of] p1a: Incineroar
|move|p2a: Milotic|Scald|p1a: Incineroar
|-supereffective|p1a: Incineroar
|-damage|p1a: Incineroar|48/100
|move|p2b: Amoonguss|Spore|p1b: Dragonite
|-activate|p1b: Dragonite|move: Protect
|
|upkeep
|turn|3
|inactive|Sedrav has 30 seconds left.
|inactive|Truevillany123 has 30 seconds left.
|inactive|Sedrav has 20 seconds left.
|inactive|Sedrav has 15 seconds left.
|inactive|Sedrav has 10 seconds left.
|
|t:|1756948545
|-terastallize|p1a: Incineroar|Ghost
|move|p1b: Dragonite|Scale Shot|p2a: Milotic
|-damage|p2a: Milotic|88/100
|-damage|p2a: Milotic|75/100
|-damage|p2a: Milotic|63/100
|-damage|p2a: Milotic|52/100
|-damage|p2a: Milotic|41/100
|-hitcount|p2a: Milotic|5
|-unboost|p1b: Dragonite|def|1
|-boost|p1b: Dragonite|spe|1
|move|p1a: Incineroar|Flare Blitz|p2b: Amoonguss
|-supereffective|p2b: Amoonguss
|-damage|p2b: Amoonguss|0 fnt
|faint|p2b: Amoonguss
|-damage|p1a: Incineroar|26/100|[from] Recoil
|move|p2a: Milotic|Icy Wind|p1a: Incineroar|[spread] p1a,p1b
|-supereffective|p1b: Dragonite
|-damage|p1a: Incineroar|16/100
|-damage|p1b: Dragonite|78/100
|-unboost|p1a: Incineroar|spe|1
|-unboost|p1b: Dragonite|spe|1
|
|upkeep
|
|t:|1756948567
|switch|p2b: Garchomp|Garchomp, L50, M|100/100
|turn|4
|inactive|Sedrav has 30 seconds left.
|inactive|Sedrav has 20 seconds left.
|inactive|Sedrav has 15 seconds left.
|
|t:|1756948611
|switch|p1a: Ursaluna|Ursaluna-Bloodmoon, L50, M|100/100
|move|p1b: Dragonite|Protect|p1b: Dragonite
|-singleturn|p1b: Dragonite|Protect
|move|p2b: Garchomp|Dragon Claw|p1b: Dragonite
|-activate|p1b: Dragonite|move: Protect
|move|p2a: Milotic|Scald|p1a: Ursaluna
|-supereffective|p1a: Ursaluna
|-damage|p1a: Ursaluna|65/100
|-status|p1a: Ursaluna|brn
|
|-damage|p1a: Ursaluna|59/100 brn|[from] brn
|upkeep
|turn|5
|inactive|Sedrav has 30 seconds left.
|inactive|Truevillany123 has 30 seconds left.
|inactive|Sedrav has 20 seconds left.
|
|t:|1756948653
|move|p2b: Garchomp|Protect|p2b: Garchomp
|-singleturn|p2b: Garchomp|Protect
|move|p1b: Dragonite|Tailwind|p1b: Dragonite
|-sidestart|p1: Truevillany123|move: Tailwind
|move|p1a: Ursaluna|Hyper Voice|p2b: Garchomp|[spread] p2a
|-activate|p2b: Garchomp|move: Protect
|-damage|p2a: Milotic|13/100
|move|p2a: Milotic|Scald|p1a: Ursaluna
|-supereffective|p1a: Ursaluna
|-damage|p1a: Ursaluna|15/100 brn
|
|-damage|p1a: Ursaluna|10/100 brn|[from] brn
|upkeep
|turn|6
|inactive|Sedrav has 30 seconds left.
|inactive|Truevillany123 has 30 seconds left.
|inactive|Sedrav has 20 seconds left.
|inactive|Sedrav has 15 seconds left.
|inactive|Sedrav has 10 seconds left.
|inactive|Sedrav has 5 seconds left.
|
|t:|1756948704
|-terastallize|p2b: Garchomp|Fairy
|move|p1b: Dragonite|Scale Shot|p2a: Milotic|[miss]
|-miss|p1b: Dragonite|p2a: Milotic
|move|p1a: Ursaluna|Blood Moon|p2b: Garchomp
|-damage|p2b: Garchomp|22/100
|move|p2b: Garchomp|Dragon Claw|p1b: Dragonite
|-supereffective|p1b: Dragonite
|-damage|p1b: Dragonite|0 fnt
|faint|p1b: Dragonite
|-damage|p2b: Garchomp|12/100|[from] item: Life Orb
|move|p2a: Milotic|Icy Wind|p1a: Ursaluna
|-supereffective|p1a: Ursaluna
|-damage|p1a: Ursaluna|0 fnt
|faint|p1a: Ursaluna
|
|upkeep
|
|t:|1756948715
|switch|p1b: Sneasler|Sneasler, L50, F|100/100
|switch|p1a: Incineroar|Incineroar, L50, M, tera:Ghost|16/100
|-ability|p1a: Incineroar|Intimidate|boost
|-unboost|p2a: Milotic|atk|1
|-ability|p2a: Milotic|Competitive|boost
|-boost|p2a: Milotic|spa|2
|-unboost|p2b: Garchomp|atk|1
|turn|7
|inactive|Sedrav has 30 seconds left.
|inactive|Sedrav has 20 seconds left.
|inactive|Sedrav has 15 seconds left.
|
|t:|1756948759
|switch|p2b: Talonflame|Talonflame, L50, M|100/100
|move|p2a: Milotic|Protect|p2a: Milotic
|-singleturn|p2a: Milotic|Protect
|move|p1b: Sneasler|Dire Claw|p2a: Milotic
|-activate|p2a: Milotic|move: Protect
|move|p1a: Incineroar|Knock Off|p2b: Talonflame
|-damage|p2b: Talonflame|32/100
|-enditem|p2b: Talonflame|Covert Cloak|[from] move: Knock Off|[of] p1a: Incineroar
|
|upkeep
|turn|8
|inactive|Sedrav has 30 seconds left.
|inactive|Sedrav has 20 seconds left.
|inactive|Sedrav has 15 seconds left.
|inactive|Sedrav has 10 seconds left.
|inactive|Sedrav has 5 seconds left.
|
|t:|1756948811
|switch|p2b: Garchomp|Garchomp, L50, M, tera:Fairy|12/100
|move|p1b: Sneasler|Dire Claw|p2b: Garchomp
|-supereffective|p2b: Garchomp
|-damage|p2b: Garchomp|0 fnt
|-damage|p1b: Sneasler|88/100|[from] ability: Rough Skin|[of] p2b: Garchomp
|faint|p2b: Garchomp
|move|p1a: Incineroar|Knock Off|p2a: Milotic
|-damage|p2a: Milotic|0 fnt
|-enditem|p2a: Milotic|Safety Goggles|[from] move: Knock Off|[of] p1a: Incineroar
|faint|p2a: Milotic
|
|-sideend|p1: Truevillany123|move: Tailwind
|upkeep
|
|t:|1756948824
|switch|p2b: Talonflame|Talonflame, L50, M|32/100
|turn|9
|
|t:|1756948841
|move|p2b: Talonflame|Brave Bird|p1a: Incineroar
|-damage|p1a: Incineroar|0 fnt
|faint|p1a: Incineroar
|-damage|p2b: Talonflame|26/100|[from] Recoil
|move|p1b: Sneasler|Dire Claw|p2b: Talonflame
|-damage|p2b: Talonflame|0 fnt
|faint|p2b: Talonflame
|
|win|Truevillany123
|raw|Truevillany123's rating: 1111 → 1143(+32 for winning)
|raw|Sedrav's rating: 1217 → 1185(-32 for losing)
