|j|☆KudenaVGC
|j|☆Cristante terabug
|html|KudenaVGCCristante terabug    
|uhtml|bestof|Game 1 of a best-of-3
|t:|1756850671
|gametype|doubles
|player|p1|KudenaVGC|ethan|1170
|player|p2|Cristante terabug|kieran-champion|1263
|gen|9
|tier|[Gen 9] VGC 2025 Reg H (Bo3)
|rated|
|rule|Species Clause: Limit one of each Pokémon
|rule|Item Clause: Limit 1 of each item
|clearpoke
|poke|p1|Dragonite, L50, M|
|poke|p1|Gholdengo, L50|
|poke|p1|Rillaboom, L50, M|
|poke|p1|Ursaluna-Bloodmoon, L50, M|
|poke|p1|Maushold-Four, L50|
|poke|p1|Annihilape, L50, M|
|poke|p2|Incineroar, L50, F|
|poke|p2|Pelipper, L50, M|
|poke|p2|Archaludon, L50, M|
|poke|p2|Dragonite, L50, M|
|poke|p2|Sinistcha, L50|
|poke|p2|Ursaluna, L50, F|
|teampreview|4
|showteam|p1|Dragonite||LoadedDice|Multiscale|Tailwind,Haze,Protect,ScaleShot|||M|||50|,,,,,Fairy]Gholdengo||LifeOrb|GoodasGold|MakeItRain,ShadowBall,NastyPlot,Protect||||||50|,,,,,Water]Rillaboom||MiracleSeed|GrassySurge|WoodHammer,GrassyGlide,FakeOut,HighHorsepower|||M|||50|,,,,,Fire]Ursaluna-Bloodmoon||AssaultVest|MindsEye|BloodMoon,EarthPower,HyperVoice,VacuumWave|||M|||50|,,,,,Water]Maushold-Four||FocusSash|FriendGuard|SuperFang,FollowMe,BeatUp,Protect||||||50|,,,,,Ghost]Annihilape||SitrusBerry|Defiant|RageFist,DrainPunch,BulkUp,Protect|||M|||50|,,,,,Fire
|showteam|p2|Incineroar||SafetyGoggles|Intimidate|FakeOut,PartingShot,KnockOff,Taunt|||F|||50|,,,,,Ghost]Pelipper||FocusSash|Drizzle|Hurricane,MuddyWater,Tailwind,Protect|||M|||50|,,,,,Ghost]Archaludon||AssaultVest|Stamina|ElectroShot,Snarl,FlashCannon,BodyPress|||M|||50|,,,,,Fighting]Dragonite||LoadedDice|Multiscale|ScaleShot,Tailwind,Haze,Protect|||M|||50|,,,,,Fairy]Sinistcha||SitrusBerry|Hospitality|MatchaGotcha,RagePowder,LifeDew,TrickRoom||||||50|,,,,,Dark]Ursaluna||FlameOrb|Guts|Earthquake,Facade,HeadlongRush,Protect|||F|||50|,,,,,Ghost
|
|t:|1756850712
|teamsize|p1|4
|teamsize|p2|4
|start
|switch|p1a: Gholdengo|Gholdengo, L50|100/100
|switch|p1b: Dragonite|Dragonite, L50, M|100/100
|switch|p2a: Paolo|Dragonite, L50, M|100/100
|switch|p2b: Olmo|Ursaluna, L50, F|100/100
|turn|1
|inactive|Battle timer is ON: inactive players will automatically lose when time's up. (requested by KudenaVGC)
|
|t:|1756850745
|switch|p2a: Luca|Archaludon, L50, M|100/100
|-terastallize|p1a: Gholdengo|Water
|move|p1a: Gholdengo|Nasty Plot|p1a: Gholdengo
|-boost|p1a: Gholdengo|spa|2
|move|p1b: Dragonite|Tailwind|p1b: Dragonite
|-sidestart|p1: KudenaVGC|move: Tailwind
|move|p2b: Olmo|Headlong Rush|p1a: Gholdengo
|-damage|p1a: Gholdengo|20/100
|-unboost|p2b: Olmo|def|1
|-unboost|p2b: Olmo|spd|1
|
|-status|p2b: Olmo|brn|[from] item: Flame Orb
|upkeep
|turn|2
|inactive|KudenaVGC has 30 seconds left.
|inactive|Cristante terabug has 30 seconds left.
|
|t:|1756850777
|switch|p2b: Silvano|Pelipper, L50, M, shiny|100/100
|-weather|RainDance|[from] ability: Drizzle|[of] p2b: Silvano
|move|p1b: Dragonite|Protect|p1b: Dragonite
|-singleturn|p1b: Dragonite|Protect
|move|p1a: Gholdengo|Make It Rain|p2a: Luca|[spread] p2a,p2b
|-resisted|p2a: Luca
|-resisted|p2b: Silvano
|-damage|p2a: Luca|56/100
|-damage|p2b: Silvano|11/100
|-unboost|p1a: Gholdengo|spa|1
|-ability|p2a: Luca|Stamina|boost
|-boost|p2a: Luca|def|1
|-damage|p1a: Gholdengo|11/100|[from] item: Life Orb
|move|p2a: Luca|Electro Shot||[still]
|-prepare|p2a: Luca|Electro Shot
|-boost|p2a: Luca|spa|1
|-anim|p2a: Luca|Electro Shot|p1a: Gholdengo
|-supereffective|p1a: Gholdengo
|-damage|p1a: Gholdengo|0 fnt
|faint|p1a: Gholdengo
|
|-weather|RainDance|[upkeep]
|upkeep
|
|t:|1756850786
|switch|p1a: Ursaluna|Ursaluna-Bloodmoon, L50, M|100/100
|turn|3
|
|t:|1756850810
|-terastallize|p2a: Luca|Fighting
|move|p1b: Dragonite|Haze|p1b: Dragonite
|-clearallboost
|move|p1a: Ursaluna|Hyper Voice|p2b: Silvano|[spread] p2a,p2b
|-damage|p2a: Luca|28/100
|-damage|p2b: Silvano|0 fnt
|-ability|p2a: Luca|Stamina|boost
|-boost|p2a: Luca|def|1
|faint|p2b: Silvano
|move|p2a: Luca|Body Press|p1a: Ursaluna
|-supereffective|p1a: Ursaluna
|-damage|p1a: Ursaluna|16/100
|
|-weather|RainDance|[upkeep]
|upkeep
|
|t:|1756850835
|switch|p2b: Paolo|Dragonite, L50, M|100/100
|turn|4
|
|t:|1756850851
|move|p1b: Dragonite|Scale Shot|p2b: Paolo
|-supereffective|p2b: Paolo
|-damage|p2b: Paolo|84/100
|-supereffective|p2b: Paolo
|-damage|p2b: Paolo|52/100
|-supereffective|p2b: Paolo
|-damage|p2b: Paolo|20/100
|-supereffective|p2b: Paolo
|-damage|p2b: Paolo|0 fnt
|faint|p2b: Paolo
|-hitcount|p2: Paolo|4
|-unboost|p1b: Dragonite|def|1
|-boost|p1b: Dragonite|spe|1
|move|p1a: Ursaluna|Hyper Voice|p2a: Luca
|-damage|p2a: Luca|0 fnt
|faint|p2a: Luca
|
|-weather|RainDance|[upkeep]
|-sideend|p1: KudenaVGC|move: Tailwind
|upkeep
|
|t:|1756850858
|switch|p2b: Olmo|Ursaluna, L50, F|100/100 brn
|turn|5
|
|t:|1756850873
|move|p1b: Dragonite|Protect|p1b: Dragonite
|-singleturn|p1b: Dragonite|Protect
|move|p2b: Olmo|Facade|p1b: Dragonite
|-activate|p1b: Dragonite|move: Protect
|move|p1a: Ursaluna|Blood Moon|p2b: Olmo
|-damage|p2b: Olmo|29/100 brn
|
|-weather|RainDance|[upkeep]
|-damage|p2b: Olmo|23/100 brn|[from] brn
|upkeep
|turn|6
|-message|Cristante terabug forfeited.
|
|win|KudenaVGC
