|j|☆Jon Mateo
|j|☆guyq
|html|Jon Mateoguyq    
|uhtml|bestof|Game 1 of a best-of-3
|t:|1782418857
|gametype|doubles
|player|p1|Jon Mateo|266|1135
|player|p2|guyq|briar|1291
|gen|9
|tier|[Gen 9 Champions] VGC 2026 Reg M-B (Bo3)
|rated|
|rule|Species Clause: Limit one of each Pokémon
|rule|Item Clause: Limit 1 of each item
|clearpoke
|poke|p1|Ninetales-Alola, L50, F|
|poke|p1|Milotic, L50, F|
|poke|p1|Snorlax, L50, M|
|poke|p1|Blaziken, L50, M|
|poke|p1|Aerodactyl, L50, F|
|poke|p1|Aegislash, L50, M|
|poke|p2|Metagross, L50|
|poke|p2|Staraptor, L50, F|
|poke|p2|Garchomp, L50, F|
|poke|p2|Whimsicott, L50, M|
|poke|p2|Rotom-Wash, L50|
|poke|p2|Incineroar, L50, M|
|teampreview|4
|showteam|p1|Ninetales-Alola||ChoiceScarf|SnowWarning|Blizzard,FreezeDry,Psyshock,Moonblast|Modest||F|||50|]Milotic||Leftovers|Competitive|Scald,Blizzard,Protect,Recover|Bold||F|||50|]Snorlax||SitrusBerry|ThickFat|Curse,BodySlam,Yawn,HighHorsepower|Impish||M|||50|]Blaziken||FocusSash|SpeedBoost|Protect,CloseCombat,BlazeKick,Coaching|Adamant||M|||50|]Aerodactyl||Aerodactylite|Unnerve|DualWingbeat,RockSlide,Protect,Tailwind|Jolly||F|||50|]Aegislash||SpellTag|StanceChange|ShadowSneak,Poltergeist,IronHead,KingsShield|Adamant||M|||50|
|showteam|p2|Metagross||Metagrossite|ClearBody|PsychicFangs,IronHead,StompingTantrum,Protect|Jolly|||||50|]Staraptor||Staraptite|Intimidate|BraveBird,CloseCombat,QuickAttack,Protect|Jolly||F|||50|]Garchomp||LifeOrb|RoughSkin|DragonClaw,Earthquake,RockSlide,Protect|Jolly||F|||50|]Whimsicott||FocusSash|Prankster|Moonblast,Tailwind,Charm,Protect|Timid||M|||50|]Rotom-Wash||Leftovers|Levitate|Thunderbolt,HydroPump,WillOWisp,Protect|Modest|||||50|]Incineroar||SitrusBerry|Intimidate|FlareBlitz,ThroatChop,PartingShot,FakeOut|Adamant||M|||50|
|inactive|Battle timer is ON: inactive players will automatically lose when time's up. (requested by Jon Mateo)
|
|t:|1782418906
|teamsize|p1|4
|teamsize|p2|4
|start
|switch|p1a: Ninetales|Ninetales-Alola, L50, F|100/100
|switch|p1b: Milotic|Milotic, L50, F|100/100
|switch|p2a: Metagross|Metagross, L50|100/100
|switch|p2b: Whimsicott|Whimsicott, L50, M|100/100
|-weather|Snowscape|[from] ability: Snow Warning|[of] p1a: Ninetales
|turn|1
|inactive|guyq has 30 seconds left.
|
|t:|1782418932
|switch|p1a: Aegislash|Aegislash, L50, M|100/100
|detailschange|p2a: Metagross|Metagross-Mega, L50
|-mega|p2a: Metagross|Metagross|Metagrossite
|move|p2b: Whimsicott|Protect|p2b: Whimsicott
|-singleturn|p2b: Whimsicott|Protect
|move|p2a: Metagross|Psychic Fangs|p1b: Milotic
|-damage|p1b: Milotic|43/100
|move|p1b: Milotic|Blizzard|p2b: Whimsicott|[spread] p2a
|-activate|p2b: Whimsicott|move: Protect
|-resisted|p2a: Metagross|1
|-damage|p2a: Metagross|87/100
|
|-weather|Snowscape|[upkeep]
|-heal|p1b: Milotic|50/100y|[from] item: Leftovers
|upkeep
|turn|2
|
|t:|1782418956
|switch|p2b: Incineroar|Incineroar, L50, M|100/100
|-ability|p2b: Incineroar|Intimidate|boost
|-unboost|p1a: Aegislash|atk|1
|-unboost|p1b: Milotic|atk|1
|-ability|p1b: Milotic|Competitive|boost
|-boost|p1b: Milotic|spa|2
|move|p1b: Milotic|Protect|p1b: Milotic
|-singleturn|p1b: Milotic|Protect
|move|p2a: Metagross|Psychic Fangs|p1b: Milotic
|-activate|p1b: Milotic|move: Protect
|-formechange|p1a: Aegislash|Aegislash-Blade|
|move|p1a: Aegislash|Poltergeist|p2a: Metagross
|-activate|p2a: Metagross|move: Poltergeist|Metagrossite
|-supereffective|p2a: Metagross|1
|-damage|p2a: Metagross|5/100
|
|-weather|Snowscape|[upkeep]
|-heal|p1b: Milotic|56/100|[from] item: Leftovers
|upkeep
|turn|3
|inactive|guyq has 30 seconds left.
|inactive|guyq has 20 seconds left.
|inactive|guyq has 15 seconds left.
|inactive|guyq has 10 seconds left.
|
|t:|1782419002
|switch|p2a: Rotom|Rotom-Wash, L50|100/100
|move|p1a: Aegislash|Shadow Sneak|p2a: Rotom
|-damage|p2a: Rotom|80/100
|move|p1b: Milotic|Scald|p2b: Incineroar
|-supereffective|p2b: Incineroar|1
|-damage|p2b: Incineroar|0 fnt
|faint|p2b: Incineroar
|
|-weather|Snowscape|[upkeep]
|-heal|p2a: Rotom|86/100|[from] item: Leftovers
|-heal|p1b: Milotic|62/100|[from] item: Leftovers
|upkeep
|
|t:|1782419013
|switch|p2b: Metagross|Metagross-Mega, L50|5/100
|turn|4
|
|t:|1782419019
|move|p2b: Metagross|Protect|p2b: Metagross
|-singleturn|p2b: Metagross|Protect
|move|p1a: Aegislash|Shadow Sneak|p2b: Metagross
|-activate|p2b: Metagross|move: Protect
|move|p2a: Rotom|Thunderbolt|p1b: Milotic
|-supereffective|p1b: Milotic|1
|-damage|p1b: Milotic|0 fnt
|faint|p1b: Milotic
|
|-weather|Snowscape|[upkeep]
|-heal|p2a: Rotom|92/100|[from] item: Leftovers
|upkeep
|
|t:|1782419023
|switch|p1b: Ninetales|Ninetales-Alola, L50, F|100/100
|turn|5
|
|t:|1782419041
|switch|p2b: Whimsicott|Whimsicott, L50, M|100/100
|move|p1a: Aegislash|Shadow Sneak|p2b: Whimsicott
|-damage|p2b: Whimsicott|70/100
|move|p1b: Ninetales|Freeze-Dry|p2a: Rotom
|-supereffective|p2a: Rotom|1
|-damage|p2a: Rotom|27/100
|move|p2a: Rotom|Will-O-Wisp|p1a: Aegislash
|-status|p1a: Aegislash|brn
|
|-weather|none
|-heal|p2a: Rotom|33/100|[from] item: Leftovers
|-damage|p1a: Aegislash|93/100 brn|[from] brn
|upkeep
|turn|6
|inactive|Jon Mateo has 30 seconds left.
|inactive|Jon Mateo has 20 seconds left.
|inactive|Jon Mateo has 15 seconds left.
|inactive|Jon Mateo has 10 seconds left.
|inactive|Jon Mateo has 5 seconds left.
|
|t:|1782419096
|move|p2b: Whimsicott|Tailwind|p2b: Whimsicott
|-sidestart|p2: guyq|move: Tailwind
|move|p1a: Aegislash|Shadow Sneak|p2a: Rotom
|-damage|p2a: Rotom|24/100
|move|p1b: Ninetales|Freeze-Dry|p2b: Whimsicott
|-supereffective|p2b: Whimsicott|1
|-damage|p2b: Whimsicott|0 fnt
|faint|p2b: Whimsicott
|move|p2a: Rotom|Hydro Pump|p1b: Ninetales
|-damage|p1b: Ninetales|48/100
|
|-heal|p2a: Rotom|29/100|[from] item: Leftovers
|-damage|p1a: Aegislash|87/100 brn|[from] brn
|upkeep
|
|t:|1782419107
|switch|p2b: Metagross|Metagross-Mega, L50|5/100
|turn|7
|
|t:|1782419116
|switch|p1b: Snorlax|Snorlax, L50, M|100/100
|move|p1a: Aegislash|Shadow Sneak|p2b: Metagross
|-supereffective|p2b: Metagross|1
|-damage|p2b: Metagross|0 fnt
|faint|p2b: Metagross
|move|p2a: Rotom|Thunderbolt|p1a: Aegislash
|-damage|p1a: Aegislash|13/100 brn
|
|-heal|p2a: Rotom|35/100|[from] item: Leftovers
|-damage|p1a: Aegislash|7/100 brn|[from] brn
|upkeep
|turn|8
|
|t:|1782419129
|move|p2a: Rotom|Will-O-Wisp|p1b: Snorlax|[miss]
|-miss|p2a: Rotom|p1b: Snorlax
|move|p1a: Aegislash|Poltergeist|p2a: Rotom
|-activate|p2a: Rotom|move: Poltergeist|Leftovers
|-damage|p2a: Rotom|8/100
|move|p1b: Snorlax|Body Slam|p2a: Rotom
|-damage|p2a: Rotom|0 fnt
|faint|p2a: Rotom
|
|win|Jon Mateo
||Jon Mateo is ready for game 2.
||guyq is ready for game 2.
|uhtml|next|Next: Game 2 of 3
|l|☆Jon Mateo
|player|p1|
