|j|☆Cucaro macaro
|j|☆TeyVgc
|html|Cucaro macaroTeyVgc    
|uhtml|bestof|Game 3 of a best-of-3
|t:|1784006033
|gametype|doubles
|player|p1|Cucaro macaro|giovanni|1126
|player|p2|TeyVgc|rood|1246
|gen|9
|tier|[Gen 9 Champions] VGC 2026 Reg M-B (Bo3)
|rated|
|rule|Species Clause: Limit one of each Pokémon
|rule|Item Clause: Limit 1 of each item
|clearpoke
|poke|p1|Alakazam, L50, F|
|poke|p1|Corviknight, L50, M|
|poke|p1|Meowscarada, L50, M|
|poke|p1|Sneasler, L50, F, shiny|
|poke|p1|Arcanine-Hisui, L50, F|
|poke|p1|Primarina, L50, M, shiny|
|poke|p2|Raichu, L50, F|
|poke|p2|Sinistcha, L50|
|poke|p2|Ceruledge, L50, M|
|poke|p2|Milotic, L50, F|
|poke|p2|Incineroar, L50, M|
|poke|p2|Floette-Eternal, L50, F|
|teampreview|4
|showteam|p1|Alakazam||Alakazite|InnerFocus|Psychic,NastyPlot,DazzlingGleam,Protect|Timid||F|||50|]Corviknight||Leftovers|Pressure|Tailwind,Protect,BraveBird,BodyPress|Impish||M|||50|]Meowscarada||FocusSash|Overgrow|Protect,FlowerTrick,KnockOff,SuckerPunch|Jolly||M|||50|]Sneasler||WhiteHerb|Unburden|Protect,QuickGuard,DireClaw,CloseCombat|Adamant||F|||50|]Arcanine-Hisui||ChopleBerry|Intimidate|ExtremeSpeed,FlareBlitz,RockSlide,Protect|Jolly||F|||50|]Primarina||BrightPowder|LiquidVoice|HyperVoice,Moonblast,Protect,Amnesia|Calm||M|||50|
|showteam|p2|Raichu||RaichuniteY|LightningRod|ZapCannon,FocusBlast,FakeOut,Protect|Timid||F|||50|]Sinistcha||KasibBerry|Hospitality|MatchaGotcha,Protect,RagePowder,TrickRoom|Relaxed|||||50|]Ceruledge||ColburBerry|FlashFire|BitterBlade,ShadowSneak,BulkUp,Protect|Adamant||M|||50|]Milotic||Leftovers|Competitive|MuddyWater,Coil,Hypnosis,Recover|Calm||F|||50|]Incineroar||SitrusBerry|Intimidate|FlareBlitz,ThroatChop,FakeOut,PartingShot|Impish||M|||50|]Floette-Eternal||Floettite|FlowerVeil|CalmMind,Protect,Moonblast,DazzlingGleam|Modest||F|||50|
|inactive|Battle timer is ON: inactive players will automatically lose when time's up. (requested by Cucaro macaro)
|
|t:|1784006051
|teamsize|p1|4
|teamsize|p2|4
|start
|switch|p1a: Sneasler|Sneasler, L50, F, shiny|100/100
|switch|p1b: Meowscarada|Meowscarada, L50, M|100/100
|switch|p2a: Raichu|Raichu, L50, F|100/100
|switch|p2b: Ceruledge|Ceruledge, L50, M|100/100
|turn|1
|
|t:|1784006072
|detailschange|p2a: Raichu|Raichu-Mega-Y, L50, F
|-mega|p2a: Raichu|Raichu|Raichunite Y
|move|p1b: Meowscarada|Knock Off|p2b: Ceruledge
|-supereffective|p2b: Ceruledge|1
|-enditem|p2b: Ceruledge|Colbur Berry|[eat]
|-enditem|p2b: Ceruledge|Colbur Berry|[weaken]
|-damage|p2b: Ceruledge|48/100
|move|p2a: Raichu|Zap Cannon|p1a: Sneasler
|-damage|p1a: Sneasler|14/100
|-status|p1a: Sneasler|par
|move|p2b: Ceruledge|Bulk Up|p2b: Ceruledge
|-boost|p2b: Ceruledge|atk|1
|-boost|p2b: Ceruledge|def|1
|move|p1a: Sneasler|Close Combat|p2a: Raichu
|-damage|p2a: Raichu|0 fnt
|-unboost|p1a: Sneasler|def|1
|-unboost|p1a: Sneasler|spd|1
|faint|p2a: Raichu
|-enditem|p1a: Sneasler|White Herb
|-clearnegativeboost|p1a: Sneasler|[silent]
|
|upkeep
|
|t:|1784006091
|switch|p2a: Incineroar|Incineroar, L50, M|100/100
|-ability|p2a: Incineroar|Intimidate|boost
|-unboost|p1a: Sneasler|atk|1
|-unboost|p1b: Meowscarada|atk|1
|turn|2
|
|t:|1784006099
|move|p1b: Meowscarada|Protect|p1b: Meowscarada
|-singleturn|p1b: Meowscarada|Protect
|move|p2b: Ceruledge|Protect|p2b: Ceruledge
|-singleturn|p2b: Ceruledge|Protect
|move|p1a: Sneasler|Quick Guard|p1a: Sneasler
|-singleturn|p1a: Sneasler|Quick Guard
|move|p2a: Incineroar|Flare Blitz|p1b: Meowscarada
|-activate|p1b: Meowscarada|move: Protect
|
|upkeep
|turn|3
|
|t:|1784006109
|switch|p1b: Arcanine|Arcanine-Hisui, L50, F|100/100
|-ability|p1b: Arcanine|Intimidate|boost
|-unboost|p2a: Incineroar|atk|1
|-unboost|p2b: Ceruledge|atk|1
|move|p2b: Ceruledge|Shadow Sneak|p1a: Sneasler
|-damage|p1a: Sneasler|0 fnt
|faint|p1a: Sneasler
|move|p2a: Incineroar|Flare Blitz|p1b: Arcanine
|-resisted|p1b: Arcanine|2
|-crit|p1b: Arcanine
|-damage|p1b: Arcanine|76/100
|-damage|p2a: Incineroar|93/100|[from] Recoil
|
|upkeep
|
|t:|1784006121
|switch|p1a: Primarina|Primarina, L50, M, shiny|100/100
|turn|4
|
|t:|1784006126
|move|p2b: Ceruledge|Protect|p2b: Ceruledge
|-singleturn|p2b: Ceruledge|Protect
|move|p1b: Arcanine|Rock Slide|p2a: Incineroar|[spread] p2a
|-activate|p2b: Ceruledge|move: Protect
|-supereffective|p2a: Incineroar|1
|-damage|p2a: Incineroar|53/100
|move|p2a: Incineroar|Parting Shot|p1a: Primarina
|-unboost|p1a: Primarina|atk|1
|-unboost|p1a: Primarina|spa|1
|
|t:|1784006136
|switch|p2a: Sinistcha|Sinistcha, L50|100/100|[from] Parting Shot
|-heal|p2b: Ceruledge|72/100|[from] ability: Hospitality|[of] p2a: Sinistcha
|move|p1a: Primarina|Hyper Voice|p2b: Ceruledge|[spread] p2a
|-activate|p2b: Ceruledge|move: Protect
|-resisted|p2a: Sinistcha|1
|-damage|p2a: Sinistcha|91/100
|
|upkeep
|turn|5
|
|t:|1784006148
|switch|p2b: Incineroar|Incineroar, L50, M|53/100
|-ability|p2b: Incineroar|Intimidate|boost
|-unboost|p1a: Primarina|atk|1
|-unboost|p1b: Arcanine|atk|1
|switch|p1a: Meowscarada|Meowscarada, L50, M|100/100
|move|p1b: Arcanine|Rock Slide|p2a: Sinistcha|[spread] p2a,p2b
|-supereffective|p2b: Incineroar|1
|-damage|p2a: Sinistcha|75/100
|-damage|p2b: Incineroar|30/100
|-enditem|p2b: Incineroar|Sitrus Berry|[eat]
|-heal|p2b: Incineroar|54/100|[from] item: Sitrus Berry
|move|p2a: Sinistcha|Matcha Gotcha|p1b: Arcanine|[spread] p1a,p1b
|-resisted|p1a: Meowscarada|1
|-damage|p1a: Meowscarada|81/100
|-heal|p2a: Sinistcha|83/100|[from] drain|[of] p1a: Meowscarada
|-damage|p1b: Arcanine|44/100
|-heal|p2a: Sinistcha|98/100|[from] drain|[of] p1b: Arcanine
|
|upkeep
|turn|6
|inactive|TeyVgc has 30 seconds left.
|
|t:|1784006175
|switch|p1b: Primarina|Primarina, L50, M, shiny|100/100
|move|p2b: Incineroar|Fake Out|p1a: Meowscarada
|-damage|p1a: Meowscarada|63/100
|cant|p1a: Meowscarada|flinch
|move|p2a: Sinistcha|Trick Room|p2a: Sinistcha
|-fieldstart|move: Trick Room|[of] p2a: Sinistcha
|
|upkeep
|turn|7
|
|t:|1784006187
|move|p1b: Primarina|Hyper Voice|p2b: Incineroar|[spread] p2a,p2b
|-resisted|p2a: Sinistcha|1
|-supereffective|p2b: Incineroar|1
|-damage|p2a: Sinistcha|84/100
|-damage|p2b: Incineroar|1/100
|move|p2a: Sinistcha|Matcha Gotcha|p1b: Primarina|[spread] p1a
|-miss|p2a: Sinistcha|p1b: Primarina
|-resisted|p1a: Meowscarada|1
|-damage|p1a: Meowscarada|45/100
|-heal|p2a: Sinistcha|92/100|[from] drain|[of] p1a: Meowscarada
|move|p2b: Incineroar|Parting Shot|p1b: Primarina
|-unboost|p1b: Primarina|atk|1
|-unboost|p1b: Primarina|spa|1
|
|t:|1784006199
|switch|p2b: Ceruledge|Ceruledge, L50, M|72/100|[from] Parting Shot
|move|p1a: Meowscarada|Knock Off|p2a: Sinistcha
|-supereffective|p2a: Sinistcha|1
|-damage|p2a: Sinistcha|14/100
|-enditem|p2a: Sinistcha|Kasib Berry|[from] move: Knock Off|[of] p1a: Meowscarada
|
|upkeep
|turn|8
|
|t:|1784006208
|move|p2b: Ceruledge|Protect|p2b: Ceruledge
|-singleturn|p2b: Ceruledge|Protect
|move|p1a: Meowscarada|Sucker Punch|p2a: Sinistcha
|-supereffective|p2a: Sinistcha|1
|-damage|p2a: Sinistcha|0 fnt
|faint|p2a: Sinistcha
|move|p1b: Primarina|Hyper Voice|p2b: Ceruledge
|-activate|p2b: Ceruledge|move: Protect
|
|upkeep
|
|t:|1784006217
|switch|p2a: Incineroar|Incineroar, L50, M|1/100
|-ability|p2a: Incineroar|Intimidate|boost
|-unboost|p1a: Meowscarada|atk|1
|-unboost|p1b: Primarina|atk|1
|turn|9
|
|t:|1784006226
|move|p2a: Incineroar|Fake Out|p1b: Primarina
|-damage|p1b: Primarina|87/100
|move|p1a: Meowscarada|Sucker Punch||[still]
|-fail|p1a: Meowscarada
|cant|p1b: Primarina|flinch
|move|p2b: Ceruledge|Bulk Up|p2b: Ceruledge
|-boost|p2b: Ceruledge|atk|1
|-boost|p2b: Ceruledge|def|1
|
|upkeep
|turn|10
|
|t:|1784006246
|switch|p1a: Arcanine|Arcanine-Hisui, L50, F|44/100
|-ability|p1a: Arcanine|Intimidate|boost
|-unboost|p2a: Incineroar|atk|1
|-unboost|p2b: Ceruledge|atk|1
|move|p2b: Ceruledge|Shadow Sneak|p1b: Primarina
|-damage|p1b: Primarina|59/100
|move|p1b: Primarina|Hyper Voice|p2b: Ceruledge|[spread] p2a,p2b
|-supereffective|p2a: Incineroar|1
|-supereffective|p2b: Ceruledge|1
|-damage|p2a: Incineroar|0 fnt
|-damage|p2b: Ceruledge|33/100
|faint|p2a: Incineroar
|
|-fieldend|move: Trick Room
|upkeep
|turn|11
|-message|TeyVgc forfeited.
|
|win|Cucaro macaro
|raw|Cucaro macaro's rating: 1126 → 1159(+33 for winning)
|raw|TeyVgc's rating: 1246 → 1213(-33 for losing)
