|j|☆NavarroMarin
|j|☆homerj71
|html|NavarroMarinhomerj71    
|uhtml|bestof|Game 2 of a best-of-3
|t:|1784805247
|gametype|doubles
|player|p1|NavarroMarin|norman|1110
|player|p2|homerj71|101|1120
|gen|9
|tier|[Gen 9 Champions] VGC 2026 Reg M-B (Bo3)
|rated|
|rule|Species Clause: Limit one of each Pokémon
|rule|Item Clause: Limit 1 of each item
|clearpoke
|poke|p1|Charizard, L50, M, shiny|
|poke|p1|Garchomp, L50, F|
|poke|p1|Incineroar, L50, M, shiny|
|poke|p1|Venusaur, L50, M, shiny|
|poke|p1|Toxapex, L50, M, shiny|
|poke|p1|Sylveon, L50, M, shiny|
|poke|p2|Sneasler, L50, M|
|poke|p2|Sinistcha, L50|
|poke|p2|Incineroar, L50, F|
|poke|p2|Kingambit, L50, M|
|poke|p2|Delphox, L50, F|
|poke|p2|Blastoise, L50, F|
|teampreview|4
|showteam|p1|Charizard||CharizarditeY|SolarPower|WeatherBall,HeatWave,AncientPower,Protect|Modest||M|||50|]Garchomp||ChoiceScarf|RoughSkin|RockSlide,DragonClaw,Earthquake,StompingTantrum|Adamant||F|||50|]Incineroar||SitrusBerry|Intimidate|FlareBlitz,FakeOut,DarkestLariat,PartingShot|Impish||M|||50|]Venusaur||LifeOrb|Chlorophyll|SludgeBomb,LeafStorm,EarthPower,Protect|Modest||M|||50|]Toxapex||Leftovers|Regenerator|Infestation,Toxic,WideGuard,BanefulBunker|Bold||M|||50|]Sylveon||FairyFeather|Pixilate|HyperVoice,QuickAttack,Yawn,Detect|Modest||M|||50|
|showteam|p2|Sneasler||FocusSash|PoisonTouch|FakeOut,QuickGuard,DireClaw,CloseCombat|Jolly||M|||50|]Sinistcha||OccaBerry|Hospitality|Protect,RagePowder,MatchaGotcha,TrickRoom|Relaxed|||||50|]Incineroar||SitrusBerry|Intimidate|FakeOut,FlareBlitz,ThroatChop,PartingShot|Careful||F|||50|]Kingambit||BlackGlasses|Defiant|KowtowCleave,SwordsDance,SuckerPunch,Protect|Adamant||M|||50|]Delphox||Delphoxite|Blaze|Protect,NastyPlot,HeatWave,Psyshock|Timid||F|||50|]Blastoise||Blastoisinite|RainDish|WaterSpout,DarkPulse,Protect,ShellSmash|Modest||F|||50|
|inactive|Battle timer is ON: inactive players will automatically lose when time's up. (requested by homerj71)
|inactive|homerj71 has 60 seconds left.
|
|t:|1784805289
|teamsize|p1|4
|teamsize|p2|4
|start
|switch|p1a: Toxapex|Toxapex, L50, M, shiny|100/100
|switch|p1b: Charizard|Charizard, L50, M, shiny|100/100
|switch|p2a: Sneasler|Sneasler, L50, M|100/100
|switch|p2b: Kingambit|Kingambit, L50, M|100/100
|turn|1
|
|t:|1784805307
|detailschange|p1b: Charizard|Charizard-Mega-Y, L50, M, shiny
|-mega|p1b: Charizard|Charizard|Charizardite Y
|-weather|SunnyDay|[from] ability: Drought|[of] p1b: Charizard
|move|p2a: Sneasler|Fake Out|p1b: Charizard
|-damage|p1b: Charizard|87/100
|-status|p1b: Charizard|psn|[from] ability: Poison Touch|[of] p2a: Sneasler
|cant|p1b: Charizard|flinch
|move|p2b: Kingambit|Swords Dance|p2b: Kingambit
|-boost|p2b: Kingambit|atk|2
|move|p1a: Toxapex|Infestation|p2b: Kingambit
|-crit|p2b: Kingambit
|-damage|p2b: Kingambit|95/100
|-activate|p2b: Kingambit|move: Infestation|[of] p1a: Toxapex
|
|-weather|SunnyDay|[upkeep]
|-damage|p1b: Charizard|75/100 psn|[from] psn
|-damage|p2b: Kingambit|83/100|[from] move: Infestation|[partiallytrapped]
|upkeep
|turn|2
|inactive|NavarroMarin has 30 seconds left.
|
|t:|1784805334
|move|p2b: Kingambit|Sucker Punch|p1b: Charizard
|-damage|p1b: Charizard|0 fnt
|faint|p1b: Charizard
|move|p2a: Sneasler|Close Combat|p1a: Toxapex
|-resisted|p1a: Toxapex|1
|-damage|p1a: Toxapex|78/100
|-unboost|p2a: Sneasler|def|1
|-unboost|p2a: Sneasler|spd|1
|move|p1a: Toxapex|Toxic|p2b: Kingambit
|-immune|p2b: Kingambit
|
|-weather|SunnyDay|[upkeep]
|-heal|p1a: Toxapex|84/100|[from] item: Leftovers
|-damage|p2b: Kingambit|71/100|[from] move: Infestation|[partiallytrapped]
|upkeep
|
|t:|1784805348
|switch|p1b: Garchomp|Garchomp, L50, F|100/100
|turn|3
|
|t:|1784805359
|switch|p2a: Incineroar|Incineroar, L50, F|100/100
|-ability|p2a: Incineroar|Intimidate|boost
|-unboost|p1a: Toxapex|atk|1
|-unboost|p1b: Garchomp|atk|1
|move|p2b: Kingambit|Protect|p2b: Kingambit
|-singleturn|p2b: Kingambit|Protect
|move|p1a: Toxapex|Wide Guard|p1a: Toxapex
|-singleturn|p1a: Toxapex|Wide Guard
|move|p1b: Garchomp|Earthquake|p2a: Incineroar|[spread] p2a
|-activate|p1a: Toxapex|move: Wide Guard
|-activate|p2b: Kingambit|move: Protect
|-supereffective|p2a: Incineroar|1
|-damage|p2a: Incineroar|46/100
|-enditem|p2a: Incineroar|Sitrus Berry|[eat]
|-heal|p2a: Incineroar|71/100|[from] item: Sitrus Berry
|
|-weather|SunnyDay|[upkeep]
|-heal|p1a: Toxapex|90/100|[from] item: Leftovers
|-damage|p2b: Kingambit|58/100|[from] move: Infestation|[partiallytrapped]
|upkeep
|turn|4
|inactive|homerj71 has 30 seconds left.
|
|t:|1784805385
|switch|p1b: Incineroar|Incineroar, L50, M, shiny|100/100
|-ability|p1b: Incineroar|Intimidate|boost
|-unboost|p2a: Incineroar|atk|1
|-unboost|p2b: Kingambit|atk|1
|-ability|p2b: Kingambit|Defiant|boost
|-boost|p2b: Kingambit|atk|2
|move|p2a: Incineroar|Fake Out|p1b: Incineroar
|-damage|p1b: Incineroar|94/100
|move|p2b: Kingambit|Kowtow Cleave|p1a: Toxapex
|-damage|p1a: Toxapex|0 fnt
|faint|p1a: Toxapex
|
|-weather|SunnyDay|[upkeep]
|-end|p2b: Kingambit|Infestation|[partiallytrapped]|[silent]
|upkeep
|
|t:|1784805397
|switch|p1a: Garchomp|Garchomp, L50, F|100/100
|turn|5
|
|t:|1784805412
|switch|p2a: Sinistcha|Sinistcha, L50|100/100
|-heal|p2b: Kingambit|83/100|[from] ability: Hospitality|[of] p2a: Sinistcha
|move|p2b: Kingambit|Protect|p2b: Kingambit
|-singleturn|p2b: Kingambit|Protect
|move|p1a: Garchomp|Stomping Tantrum|p2b: Kingambit
|-activate|p2b: Kingambit|move: Protect
|move|p1b: Incineroar|Flare Blitz|p2b: Kingambit
|-activate|p2b: Kingambit|move: Protect
|
|-weather|none
|upkeep
|turn|6
|
|t:|1784805428
|move|p2a: Sinistcha|Rage Powder|p2a: Sinistcha
|-singleturn|p2a: Sinistcha|move: Rage Powder
|move|p1a: Garchomp|Stomping Tantrum|p2a: Sinistcha
|-resisted|p2a: Sinistcha|1
|-damage|p2a: Sinistcha|83/100
|move|p1b: Incineroar|Flare Blitz|p2a: Sinistcha
|-supereffective|p2a: Sinistcha|1
|-enditem|p2a: Sinistcha|Occa Berry|[eat]
|-enditem|p2a: Sinistcha|Occa Berry|[weaken]
|-damage|p2a: Sinistcha|47/100
|-damage|p1b: Incineroar|84/100|[from] Recoil
|move|p2b: Kingambit|Kowtow Cleave|p1a: Garchomp
|-damage|p1a: Garchomp|0 fnt
|-damage|p2b: Kingambit|71/100|[from] ability: Rough Skin|[of] p1a: Garchomp
|faint|p1a: Garchomp
|
|upkeep
|turn|7
|-message|NavarroMarin forfeited.
|
|win|homerj71
|raw|NavarroMarin's rating: 1110 → 1086(-24 for losing)
|raw|homerj71's rating: 1120 → 1144(+24 for winning)
