|j|☆Lab01JNEST
|j|☆medwar
|html|Lab01JNESTmedwar    
|uhtml|bestof|Game 3 of a best-of-3
|t:|1757636866
|gametype|doubles
|player|p1|Lab01JNEST|101|1198
|player|p2|medwar|dawn|1057
|gen|9
|tier|[Gen 9] VGC 2025 Reg H (Bo3)
|rated|
|rule|Species Clause: Limit one of each Pokémon
|rule|Item Clause: Limit 1 of each item
|clearpoke
|poke|p1|Tyranitar, L50, M|
|poke|p1|Garchomp, L50, F|
|poke|p1|Sinistcha, L50|
|poke|p1|Dragonite, L50, F|
|poke|p1|Corviknight, L50, M|
|poke|p1|Volcarona, L50, M|
|poke|p2|Pelipper, L50, F|
|poke|p2|Archaludon, L50, M|
|poke|p2|Electabuzz, L50, M|
|poke|p2|Tsareena, L50, F|
|poke|p2|Ursaluna-Bloodmoon, L50, M|
|poke|p2|Basculegion, L50, M|
|teampreview|4
|showteam|p1|Tyranitar||AssaultVest|SandStream|RockSlide,KnockOff,TeraBlast,LowKick|||M|||50|,,,,,Flying]Garchomp||LifeOrb|RoughSkin|Protect,DragonClaw,StompingTantrum,Earthquake|||F|||50|,,,,,Ground]Sinistcha||RockyHelmet|Hospitality|MatchaGotcha,LifeDew,TrickRoom,RagePowder||||||50|,,,,,Dark]Dragonite||ChoiceBand|InnerFocus|Outrage,ExtremeSpeed,IceSpinner,AerialAce|||F|||50|,,,,,Normal]Corviknight||SitrusBerry|MirrorArmor|Tailwind,BulkUp,Roost,BraveBird|||M|||50|,,,,,Dragon]Volcarona||Leftovers|FlameBody|FieryDance,GigaDrain,QuiverDance,Protect|||M|||50|,,,,,Dragon
|showteam|p2|Pelipper||FocusSash|Drizzle|Tailwind,Protect,WeatherBall,Hurricane|||F|||50|,,,,,Ghost]Archaludon||AssaultVest|Stamina|ElectroShot,BodyPress,Snarl,FlashCannon|||M|||50|,,,,,Bug]Electabuzz||Eviolite|VitalSpirit|Taunt,FollowMe,Protect,Thunderbolt|||M|||50|,,,,,Ghost]Tsareena||Leftovers|QueenlyMajesty|KnockOff,TropKick,Protect,TripleAxel|||F|||50|,,,,,Fire]Ursaluna-Bloodmoon||SilkScarf|MindsEye|Protect,BloodMoon,HyperVoice,EarthPower|||M|||50|,,,,,Fairy]Basculegion||MysticWater|SwiftSwim|WaveCrash,Protect,LastRespects,FlipTurn|||M|||50|,,,,,Water
|inactive|Battle timer is ON: inactive players will automatically lose when time's up. (requested by Lab01JNEST)
|
|t:|1757636889
|teamsize|p1|4
|teamsize|p2|4
|start
|switch|p1a: Dragonite|Dragonite, L50, F|100/100
|switch|p1b: Garchomp|Garchomp, L50, F|100/100
|switch|p2a: Electabuzz|Electabuzz, L50, M|100/100
|switch|p2b: Ursaluna|Ursaluna-Bloodmoon, L50, M|100/100
|turn|1
|inactive|medwar has 30 seconds left.
|
|t:|1757636914
|switch|p2a: Pelipper|Pelipper, L50, F, shiny|100/100
|-weather|RainDance|[from] ability: Drizzle|[of] p2a: Pelipper
|-terastallize|p1b: Garchomp|Ground
|move|p1a: Dragonite|Extreme Speed|p2b: Ursaluna
|-damage|p2b: Ursaluna|69/100
|move|p1b: Garchomp|Earthquake|p2a: Pelipper|[spread] p2b
|-immune|p1a: Dragonite
|-immune|p2a: Pelipper
|-damage|p2b: Ursaluna|14/100
|-damage|p1b: Garchomp|91/100|[from] item: Life Orb
|move|p2b: Ursaluna|Blood Moon|p1a: Dragonite
|-damage|p1a: Dragonite|10/100
|
|-weather|RainDance|[upkeep]
|upkeep
|turn|2
|inactive|medwar has 30 seconds left.
|
|t:|1757636940
|move|p2b: Ursaluna|Protect|p2b: Ursaluna
|-singleturn|p2b: Ursaluna|Protect
|move|p1a: Dragonite|Extreme Speed|p2a: Pelipper
|-damage|p2a: Pelipper|37/100
|move|p1b: Garchomp|Dragon Claw|p2b: Ursaluna
|-activate|p2b: Ursaluna|move: Protect
|move|p2a: Pelipper|Weather Ball|p1b: Garchomp
|-supereffective|p1b: Garchomp
|-damage|p1b: Garchomp|0 fnt
|faint|p1b: Garchomp
|
|-weather|RainDance|[upkeep]
|upkeep
|
|t:|1757636947
|switch|p1b: Sinistcha|Sinistcha, L50|100/100
|-heal|p1a: Dragonite|34/100|[from] ability: Hospitality|[of] p1b: Sinistcha
|turn|3
|
|t:|1757636966
|switch|p1a: Tyranitar|Tyranitar, L50, M|100/100
|-weather|Sandstorm|[from] ability: Sand Stream|[of] p1a: Tyranitar
|move|p2a: Pelipper|Hurricane|p1b: Sinistcha|[miss]
|-miss|p2a: Pelipper|p1b: Sinistcha
|move|p1b: Sinistcha|Matcha Gotcha|p2a: Pelipper|[spread] p2a,p2b
|-supereffective|p2b: Ursaluna
|-damage|p2a: Pelipper|0 fnt
|-damage|p2b: Ursaluna|0 fnt
|faint|p2a: Pelipper
|faint|p2b: Ursaluna
|
|-weather|Sandstorm|[upkeep]
|-damage|p1b: Sinistcha|94/100|[from] Sandstorm
|upkeep
|
|t:|1757636980
|switch|p2a: Archaludon|Archaludon, L50, M, shiny|100/100
|switch|p2b: Electabuzz|Electabuzz, L50, M|100/100
|turn|4
|
|t:|1757636992
|move|p1b: Sinistcha|Rage Powder|p1b: Sinistcha
|-singleturn|p1b: Sinistcha|move: Rage Powder
|move|p2b: Electabuzz|Taunt|p1b: Sinistcha
|-start|p1b: Sinistcha|move: Taunt
|move|p2a: Archaludon|Flash Cannon|p1b: Sinistcha
|-damage|p1b: Sinistcha|66/100
|move|p1a: Tyranitar|Knock Off|p2b: Electabuzz
|-damage|p2b: Electabuzz|35/100
|-enditem|p2b: Electabuzz|Eviolite|[from] move: Knock Off|[of] p1a: Tyranitar
|
|-weather|Sandstorm|[upkeep]
|-damage|p2b: Electabuzz|30/100|[from] Sandstorm
|-damage|p1b: Sinistcha|60/100|[from] Sandstorm
|upkeep
|turn|5
|
|t:|1757637007
|move|p2b: Electabuzz|Thunderbolt|p1a: Tyranitar
|-damage|p1a: Tyranitar|87/100
|move|p2a: Archaludon|Body Press|p1a: Tyranitar
|-supereffective|p1a: Tyranitar
|-damage|p1a: Tyranitar|0 fnt
|faint|p1a: Tyranitar
|move|p1b: Sinistcha|Matcha Gotcha|p2b: Electabuzz|[spread] p2a,p2b
|-resisted|p2a: Archaludon
|-damage|p2a: Archaludon|95/100
|-heal|p1b: Sinistcha|63/100|[from] drain|[of] p2a: Archaludon
|-damage|p2b: Electabuzz|3/100
|-heal|p1b: Sinistcha|76/100|[from] drain|[of] p2b: Electabuzz
|-ability|p2a: Archaludon|Stamina|boost
|-boost|p2a: Archaludon|def|1
|
|-weather|Sandstorm|[upkeep]
|-damage|p2b: Electabuzz|0 fnt|[from] Sandstorm
|-damage|p1b: Sinistcha|70/100|[from] Sandstorm
|faint|p2b: Electabuzz
|upkeep
|
|t:|1757637014
|switch|p1a: Dragonite|Dragonite, L50, F|34/100
|turn|6
|inactive|medwar has 30 seconds left.
|
|t:|1757637041
|move|p1a: Dragonite|Outrage|p2a: Archaludon
|-damage|p2a: Archaludon|53/100
|-ability|p2a: Archaludon|Stamina|boost
|-boost|p2a: Archaludon|def|1
|move|p2a: Archaludon|Body Press|p1a: Dragonite
|-resisted|p1a: Dragonite
|-damage|p1a: Dragonite|3/100
|move|p1b: Sinistcha|Matcha Gotcha|p2a: Archaludon|[miss]
|-miss|p1b: Sinistcha|p2a: Archaludon
|
|-weather|Sandstorm|[upkeep]
|-damage|p1a: Dragonite|0 fnt|[from] Sandstorm
|-damage|p1b: Sinistcha|64/100|[from] Sandstorm
|faint|p1a: Dragonite
|upkeep
|turn|7
|
|t:|1757637055
|move|p2a: Archaludon|Snarl|p1b: Sinistcha
|-supereffective|p1b: Sinistcha
|-damage|p1b: Sinistcha|35/100
|-unboost|p1b: Sinistcha|spa|1
|move|p1b: Sinistcha|Matcha Gotcha|p2a: Archaludon
|-resisted|p2a: Archaludon
|-damage|p2a: Archaludon|48/100
|-heal|p1b: Sinistcha|38/100|[from] drain|[of] p2a: Archaludon
|-status|p2a: Archaludon|brn
|-ability|p2a: Archaludon|Stamina|boost
|-boost|p2a: Archaludon|def|1
|
|-weather|none
|-damage|p2a: Archaludon|42/100 brn|[from] brn
|-end|p1b: Sinistcha|move: Taunt
|upkeep
|turn|8
|
|t:|1757637070
|move|p2a: Archaludon|Snarl|p1b: Sinistcha
|-supereffective|p1b: Sinistcha
|-damage|p1b: Sinistcha|13/100
|-unboost|p1b: Sinistcha|spa|1
|move|p1b: Sinistcha|Life Dew|p1b: Sinistcha
|-heal|p1b: Sinistcha|38/100
|
|-damage|p2a: Archaludon|37/100 brn|[from] brn
|upkeep
|turn|9
|-message|Lab01JNEST forfeited.
|
|win|medwar
|raw|Lab01JNEST's rating: 1198 → 1163(-35 for losing)
|raw|medwar's rating: 1057 → 1101(+44 for winning)
