|j|☆tmmc01
|j|☆jiaco5
|html|tmmc01jiaco5    
|uhtml|bestof|Game 3 of a best-of-3
|t:|1784304353
|gametype|doubles
|player|p1|tmmc01|artist-gen4|1169
|player|p2|jiaco5|101|1281
|gen|9
|tier|[Gen 9 Champions] VGC 2026 Reg M-B (Bo3)
|rated|
|rule|Species Clause: Limit one of each Pokémon
|rule|Item Clause: Limit 1 of each item
|clearpoke
|poke|p1|Vileplume, L50, M|
|poke|p1|Charizard, L50, F|
|poke|p1|Farigiraf, L50, M|
|poke|p1|Basculegion, L50, M|
|poke|p1|Kingambit, L50, M|
|poke|p1|Kangaskhan, L50, F|
|poke|p2|Blastoise, L50, M|
|poke|p2|Sinistcha, L50|
|poke|p2|Delphox, L50, F|
|poke|p2|Sneasler, L50, F|
|poke|p2|Incineroar, L50, F|
|poke|p2|Kingambit, L50, F|
|teampreview|4
|showteam|p1|Vileplume||FocusSash|Chlorophyll|Protect,SleepPowder,SludgeBomb,AfterYou|Timid||M|||50|]Charizard||CharizarditeY|Blaze|Protect,HeatWave,SolarBeam,WeatherBall|Modest||F|||50|]Farigiraf||SitrusBerry|ArmorTail|TrickRoom,HelpingHand,PsychicFangs,Thunderbolt|Relaxed||M|||50|]Basculegion||ChoiceScarf|Adaptability|LastRespects,WaveCrash,FlipTurn,Soak|Jolly||M|||50|]Kingambit||BlackGlasses|Defiant|SwordsDance,Protect,KowtowCleave,SuckerPunch|Brave||M|||50|]Kangaskhan||Kangaskhanite|Scrappy|FakeOut,HammerArm,DoubleEdge,SuckerPunch|Brave||F|||50|
|showteam|p2|Blastoise||Blastoisinite|RainDish|WaterSpout,DarkPulse,ShellSmash,Protect|Modest||M|||50|]Sinistcha||OccaBerry|Hospitality|MatchaGotcha,TrickRoom,RagePowder,Protect|Relaxed|||||50|]Delphox||Delphoxite|Blaze|HeatWave,Psychic,NastyPlot,Protect|Timid||F|||50|]Sneasler||FocusSash|PoisonTouch|CloseCombat,PoisonJab,FakeOut,QuickGuard|Jolly||F|||50|]Incineroar||SitrusBerry|Intimidate|FlareBlitz,FakeOut,Taunt,PartingShot|Impish||F|||50|]Kingambit||LifeOrb|Defiant|KowtowCleave,SuckerPunch,SwordsDance,Protect|Adamant||F|||50|
|inactive|Battle timer is ON: inactive players will automatically lose when time's up. (requested by tmmc01)
|
|t:|1784304366
|teamsize|p1|4
|teamsize|p2|4
|start
|switch|p1a: Vileplume|Vileplume, L50, M|100/100
|switch|p1b: Charizard|Charizard, L50, F|100/100
|switch|p2a: Incineroar|Incineroar, L50, F|100/100
|switch|p2b: Sinistcha|Sinistcha, L50|100/100
|-ability|p2a: Incineroar|Intimidate|boost
|-unboost|p1a: Vileplume|atk|1
|-unboost|p1b: Charizard|atk|1
|turn|1
|inactive|tmmc01 has 30 seconds left.
|inactive|tmmc01 has 20 seconds left.
|inactive|tmmc01 has 15 seconds left.
|
|t:|1784304410
|switch|p1b: Farigiraf|Farigiraf, L50, M|100/100
|move|p2a: Incineroar|Fake Out||[still]
|cant|p1b: Farigiraf|ability: Armor Tail|Fake Out|[of] p2a: Incineroar
|move|p1a: Vileplume|Sleep Powder|p2a: Incineroar|[miss]
|-miss|p1a: Vileplume|p2a: Incineroar
|move|p2b: Sinistcha|Trick Room|p2b: Sinistcha
|-fieldstart|move: Trick Room|[of] p2b: Sinistcha
|
|upkeep
|turn|2
|inactive|jiaco5 has 30 seconds left.
|
|t:|1784304437
|switch|p1a: Charizard|Charizard, L50, F|100/100
|move|p2b: Sinistcha|Matcha Gotcha|p1b: Farigiraf|[spread] p1a,p1b
|-resisted|p1a: Charizard|2
|-crit|p1a: Charizard
|-damage|p1a: Charizard|89/100
|-damage|p1b: Farigiraf|76/100
|move|p2a: Incineroar|Taunt|p1a: Charizard
|-start|p1a: Charizard|move: Taunt
|move|p1b: Farigiraf|Trick Room|p1b: Farigiraf
|-fieldend|move: Trick Room
|
|upkeep
|turn|3
|inactive|tmmc01 has 30 seconds left.
|inactive|jiaco5 has 30 seconds left.
|inactive|tmmc01 has 20 seconds left.
|inactive|tmmc01 has 15 seconds left.
|
|t:|1784304483
|detailschange|p1a: Charizard|Charizard-Mega-Y, L50, F
|-mega|p1a: Charizard|Charizard|Charizardite Y
|-weather|SunnyDay|[from] ability: Drought|[of] p1a: Charizard
|move|p1b: Farigiraf|Helping Hand|p1a: Charizard
|-singleturn|p1a: Charizard|Helping Hand|[of] p1b: Farigiraf
|move|p2b: Sinistcha|Protect|p2b: Sinistcha
|-singleturn|p2b: Sinistcha|Protect
|move|p1a: Charizard|Weather Ball|p2a: Incineroar
|-resisted|p2a: Incineroar|1
|-damage|p2a: Incineroar|40/100
|-enditem|p2a: Incineroar|Sitrus Berry|[eat]
|-heal|p2a: Incineroar|65/100|[from] item: Sitrus Berry
|move|p2a: Incineroar|Parting Shot|p1a: Charizard
|-unboost|p1a: Charizard|atk|1
|-unboost|p1a: Charizard|spa|1
|
|t:|1784304499
|switch|p2a: Delphox|Delphox, L50, F|100/100|[from] Parting Shot
|
|-weather|SunnyDay|[upkeep]
|upkeep
|turn|4
|inactive|tmmc01 has 30 seconds left.
|
|t:|1784304528
|switch|p1a: Vileplume|Vileplume, L50, M|100/100
|detailschange|p2a: Delphox|Delphox-Mega, L50, F
|-mega|p2a: Delphox|Delphox|Delphoxite
|move|p2a: Delphox|Heat Wave|p1a: Vileplume|[spread] p1b
|-miss|p2a: Delphox|p1a: Vileplume
|-damage|p1b: Farigiraf|19/100
|-enditem|p1b: Farigiraf|Sitrus Berry|[eat]
|-heal|p1b: Farigiraf|44/100|[from] item: Sitrus Berry
|move|p2b: Sinistcha|Trick Room|p2b: Sinistcha
|-fieldstart|move: Trick Room|[of] p2b: Sinistcha
|move|p1b: Farigiraf|Trick Room|p1b: Farigiraf
|-fieldend|move: Trick Room
|
|-weather|SunnyDay|[upkeep]
|upkeep
|turn|5
|
|t:|1784304550
|move|p2a: Delphox|Protect|p2a: Delphox
|-singleturn|p2a: Delphox|Protect
|move|p1a: Vileplume|Sleep Powder|p2a: Delphox
|-activate|p2a: Delphox|move: Protect
|move|p2b: Sinistcha|Matcha Gotcha|p1a: Vileplume|[spread] p1a,p1b
|-resisted|p1a: Vileplume|2
|-damage|p1a: Vileplume|91/100
|-damage|p1b: Farigiraf|23/100
|move|p1b: Farigiraf|Psychic Fangs|p2b: Sinistcha
|-damage|p2b: Sinistcha|76/100
|
|-weather|SunnyDay|[upkeep]
|upkeep
|turn|6
|
|t:|1784304573
|switch|p1b: Charizard|Charizard-Mega-Y, L50, F|89/100
|move|p1a: Vileplume|Sleep Powder|p2a: Delphox
|-status|p2a: Delphox|slp|[from] move: Sleep Powder
|cant|p2a: Delphox|slp
|move|p2b: Sinistcha|Matcha Gotcha|p1a: Vileplume|[spread] p1a
|-miss|p2b: Sinistcha|p1b: Charizard
|-resisted|p1a: Vileplume|2
|-damage|p1a: Vileplume|83/100
|-heal|p2b: Sinistcha|79/100|[from] drain|[of] p1a: Vileplume
|
|-weather|SunnyDay|[upkeep]
|upkeep
|turn|7
|
|t:|1784304588
|move|p2b: Sinistcha|Protect|p2b: Sinistcha
|-singleturn|p2b: Sinistcha|Protect
|move|p1a: Vileplume|Sludge Bomb|p2b: Sinistcha
|-activate|p2b: Sinistcha|move: Protect
|cant|p2a: Delphox|slp
|move|p1b: Charizard|Heat Wave|p2a: Delphox|[spread] p2a
|-activate|p2b: Sinistcha|move: Protect
|-resisted|p2a: Delphox|1
|-damage|p2a: Delphox|73/100 slp
|
|-weather|none
|upkeep
|turn|8
|
|t:|1784304611
|switch|p1b: Basculegion|Basculegion, L50, M|100/100
|switch|p2b: Incineroar|Incineroar, L50, F|65/100
|-ability|p2b: Incineroar|Intimidate|boost
|-unboost|p1a: Vileplume|atk|1
|-unboost|p1b: Basculegion|atk|1
|move|p1a: Vileplume|Protect|p1a: Vileplume
|-singleturn|p1a: Vileplume|Protect
|-curestatus|p2a: Delphox|slp|[msg]
|move|p2a: Delphox|Nasty Plot|p2a: Delphox
|-boost|p2a: Delphox|spa|2
|
|upkeep
|turn|9
|inactive|tmmc01 has 30 seconds left.
|inactive|tmmc01 has 20 seconds left.
|inactive|jiaco5 has 30 seconds left.
|inactive|tmmc01 has 15 seconds left.
|inactive|tmmc01 has 10 seconds left.
|inactive|tmmc01 has 5 seconds left.
|
|t:|1784304663
|switch|p1a: Charizard|Charizard-Mega-Y, L50, F|89/100
|-weather|SunnyDay|[from] ability: Drought|[of] p1a: Charizard
|switch|p2b: Sinistcha|Sinistcha, L50|79/100
|-heal|p2a: Delphox|97/100|[from] ability: Hospitality|[of] p2b: Sinistcha
|move|p2a: Delphox|Protect|p2a: Delphox
|-singleturn|p2a: Delphox|Protect
|move|p1b: Basculegion|Flip Turn|p2b: Sinistcha
|-resisted|p2b: Sinistcha|1
|-damage|p2b: Sinistcha|74/100
|
|t:|1784304676
|switch|p1b: Vileplume|Vileplume, L50, M|83/100|[from] Flip Turn
|
|-weather|SunnyDay|[upkeep]
|upkeep
|turn|10
|
|t:|1784304688
|switch|p2a: Incineroar|Incineroar, L50, F|65/100
|-ability|p2a: Incineroar|Intimidate|boost
|-unboost|p1a: Charizard|atk|1
|-unboost|p1b: Vileplume|atk|1
|move|p1b: Vileplume|Sleep Powder|p2a: Incineroar
|-status|p2a: Incineroar|slp|[from] move: Sleep Powder
|move|p1a: Charizard|Heat Wave|p2a: Incineroar|[spread] p2b
|-miss|p1a: Charizard|p2a: Incineroar
|-supereffective|p2b: Sinistcha|1
|-enditem|p2b: Sinistcha|Occa Berry|[eat]
|-enditem|p2b: Sinistcha|Occa Berry|[weaken]
|-damage|p2b: Sinistcha|13/100
|move|p2b: Sinistcha|Trick Room|p2b: Sinistcha
|-fieldstart|move: Trick Room|[of] p2b: Sinistcha
|
|-weather|SunnyDay|[upkeep]
|upkeep
|turn|11
|
|t:|1784304709
|move|p2b: Sinistcha|Matcha Gotcha|p1a: Charizard|[spread] p1a
|-miss|p2b: Sinistcha|p1b: Vileplume
|-resisted|p1a: Charizard|2
|-damage|p1a: Charizard|84/100
|-heal|p2b: Sinistcha|16/100|[from] drain|[of] p1a: Charizard
|cant|p2a: Incineroar|slp
|move|p1a: Charizard|Heat Wave|p2a: Incineroar|[spread] p2a,p2b
|-resisted|p2a: Incineroar|1
|-supereffective|p2b: Sinistcha|1
|-damage|p2a: Incineroar|35/100 slp
|-damage|p2b: Sinistcha|0 fnt
|faint|p2b: Sinistcha
|move|p1b: Vileplume|Sludge Bomb|p2a: Incineroar
|-damage|p2a: Incineroar|0 fnt
|faint|p2a: Incineroar
|
|-weather|SunnyDay|[upkeep]
|upkeep
|
|t:|1784304723
|switch|p2b: Kingambit|Kingambit, L50, F|100/100
|switch|p2a: Delphox|Delphox-Mega, L50, F|97/100
|turn|12
|inactive|tmmc01 has 30 seconds left.
|inactive|tmmc01 has 20 seconds left.
|
|t:|1784304759
|switch|p1b: Farigiraf|Farigiraf, L50, M|23/100
|move|p2b: Kingambit|Protect|p2b: Kingambit
|-singleturn|p2b: Kingambit|Protect
|move|p1a: Charizard|Heat Wave|p2a: Delphox|[spread] 
|-activate|p2b: Kingambit|move: Protect
|-miss|p1a: Charizard|p2a: Delphox
|move|p2a: Delphox|Heat Wave|p1a: Charizard|[spread] p1a,p1b
|-resisted|p1a: Charizard|1
|-damage|p1a: Charizard|57/100
|-damage|p1b: Farigiraf|0 fnt
|faint|p1b: Farigiraf
|
|-weather|SunnyDay|[upkeep]
|upkeep
|
|t:|1784304774
|switch|p1b: Vileplume|Vileplume, L50, M|83/100
|turn|13
|
|t:|1784304789
|move|p1b: Vileplume|Protect|p1b: Vileplume
|-singleturn|p1b: Vileplume|Protect
|move|p2b: Kingambit|Kowtow Cleave|p1a: Charizard
|-damage|p1a: Charizard|1/100
|-damage|p2b: Kingambit|90/100|[from] item: Life Orb
|move|p1a: Charizard|Weather Ball|p2b: Kingambit
|-supereffective|p2b: Kingambit|1
|-crit|p2b: Kingambit
|-damage|p2b: Kingambit|0 fnt
|faint|p2b: Kingambit
|move|p2a: Delphox|Psychic|p1b: Vileplume
|-activate|p1b: Vileplume|move: Protect
|
|-weather|none
|upkeep
|turn|14
|inactive|tmmc01 has 30 seconds left.
|inactive|tmmc01 has 20 seconds left.
|
|t:|1784304825
|switch|p1a: Basculegion|Basculegion, L50, M|100/100
|move|p1b: Vileplume|Sleep Powder|p2a: Delphox
|-status|p2a: Delphox|slp|[from] move: Sleep Powder
|cant|p2a: Delphox|slp
|
|-fieldend|move: Trick Room
|upkeep
|turn|15
|
|t:|1784304839
|move|p1a: Basculegion|Last Respects|p2a: Delphox
|-supereffective|p2a: Delphox|1
|-damage|p2a: Delphox|0 fnt
|faint|p2a: Delphox
|
|win|tmmc01
|raw|tmmc01's rating: 1169 → 1202(+33 for winning)
|raw|jiaco5's rating: 1281 → 1248(-33 for losing)
|l|☆jiaco5
|player|p2|
|j|☆jiaco5
|player|p2|jiaco5|101|
|n|☆tmmc01|tmmc01
|n|☆jiaco5|jiaco5
