|j|☆MiraiPidgeon
|j|☆reghgenius
|html|MiraiPidgeonreghgenius    
|uhtml|bestof|Game 3 of a best-of-3
|t:|1756575795
|gametype|doubles
|player|p1|MiraiPidgeon|266|1333
|player|p2|reghgenius|170|1334
|gen|9
|tier|[Gen 9] VGC 2025 Reg H (Bo3)
|rated|
|rule|Species Clause: Limit one of each Pokémon
|rule|Item Clause: Limit 1 of each item
|clearpoke
|poke|p1|Talonflame, L50, F|
|poke|p1|Garchomp, L50, F|
|poke|p1|Annihilape, L50, F|
|poke|p1|Tyranitar, L50, F|
|poke|p1|Gholdengo, L50|
|poke|p1|Amoonguss, L50, M|
|poke|p2|Gholdengo, L50|
|poke|p2|Sneasler, L50, M|
|poke|p2|Rillaboom, L50, M|
|poke|p2|Dragonite, L50, F|
|poke|p2|Ninetales-Alola, L50, M|
|poke|p2|Arcanine-Hisui, L50, F|
|teampreview|4
|showteam|p1|Talonflame||SharpBeak|GaleWings|Tailwind,DualWingbeat,WillOWisp,Protect|||F|||50|,,,,,Ghost]Garchomp||LoadedDice|RoughSkin|Earthquake,ScaleShot,Protect,StompingTantrum|||F|||50|,,,,,Fairy]Annihilape||FocusSash|Defiant|CloseCombat,RageFist,Coaching,Taunt|||F|||50|,,,,,Grass]Tyranitar||AssaultVest|SandStream|KnockOff,RockSlide,LowKick,TeraBlast|||F|||50|,,,,,Flying]Gholdengo||MetalCoat|GoodasGold|MakeItRain,ShadowBall,NastyPlot,Protect||||||50|,,,,,Water]Amoonguss||SitrusBerry|Regenerator|Spore,RagePowder,PollenPuff,ClearSmog|||M|||50|,,,,,Water
|showteam|p2|Gholdengo||GrassySeed|GoodasGold|NastyPlot,MakeItRain,ShadowBall,Protect||||||50|,,,,,Water]Sneasler||WhiteHerb|Unburden|CloseCombat,DireClaw,Coaching,Protect|||M|||50|,,,,,Ghost]Rillaboom||AssaultVest|GrassySurge|FakeOut,GrassyGlide,DrumBeating,HighHorsepower|||M|||50|,,,,,Fire]Dragonite||LoadedDice|Multiscale|ScaleShot,StompingTantrum,Tailwind,Protect|||F|||50|,,,,,Ground]Ninetales-Alola||FocusSash|SnowWarning|Blizzard,IcyWind,Encore,AuroraVeil|||M|||50|,,,,,Ghost]Arcanine-Hisui||ClearAmulet|Intimidate|RockSlide,FlareBlitz,ExtremeSpeed,Protect|||F|||50|,,,,,Water
|inactive|Battle timer is ON: inactive players will automatically lose when time's up. (requested by reghgenius)
|inactive|MiraiPidgeon has 60 seconds left.
|inactive|reghgenius has 60 seconds left.
|inactive|MiraiPidgeon has 30 seconds left.
|inactive|reghgenius has 30 seconds left.
|inactive|MiraiPidgeon has 20 seconds left.
|inactive|MiraiPidgeon has 15 seconds left.
|inactive|MiraiPidgeon has 10 seconds left.
|inactive|MiraiPidgeon has 5 seconds left.
|
|t:|1756575885
|teamsize|p1|4
|teamsize|p2|4
|start
|switch|p1a: Talonflame|Talonflame, L50, F|100/100
|switch|p1b: Garchomp|Garchomp, L50, F|100/100
|switch|p2a: Dragonite|Dragonite, L50, F|100/100
|switch|p2b: Ninetales|Ninetales-Alola, L50, M|100/100
|-weather|Snowscape|[from] ability: Snow Warning|[of] p2b: Ninetales
|turn|1
|
|t:|1756575907
|switch|p2a: Gholdengo|Gholdengo, L50|100/100
|-terastallize|p1b: Garchomp|Fairy
|move|p1a: Talonflame|Tailwind|p1a: Talonflame
|-sidestart|p1: MiraiPidgeon|move: Tailwind
|move|p1b: Garchomp|Scale Shot|p2a: Gholdengo
|-resisted|p2a: Gholdengo
|-damage|p2a: Gholdengo|94/100
|-resisted|p2a: Gholdengo
|-damage|p2a: Gholdengo|88/100
|-resisted|p2a: Gholdengo
|-damage|p2a: Gholdengo|81/100
|-resisted|p2a: Gholdengo
|-damage|p2a: Gholdengo|75/100
|-resisted|p2a: Gholdengo
|-damage|p2a: Gholdengo|68/100
|-hitcount|p2a: Gholdengo|5
|-unboost|p1b: Garchomp|def|1
|-boost|p1b: Garchomp|spe|1
|move|p2b: Ninetales|Icy Wind|p1a: Talonflame|[spread] p1a,p1b
|-damage|p1a: Talonflame|75/100
|-damage|p1b: Garchomp|81/100
|-unboost|p1a: Talonflame|spe|1
|-unboost|p1b: Garchomp|spe|1
|
|-weather|Snowscape|[upkeep]
|upkeep
|turn|2
|inactive|MiraiPidgeon has 30 seconds left.
|inactive|reghgenius has 30 seconds left.
|inactive|MiraiPidgeon has 20 seconds left.
|inactive|MiraiPidgeon has 15 seconds left.
|inactive|MiraiPidgeon has 10 seconds left.
|
|t:|1756575955
|switch|p1a: Tyranitar|Tyranitar, L50, F|100/100
|-weather|Sandstorm|[from] ability: Sand Stream|[of] p1a: Tyranitar
|switch|p2a: Rillaboom|Rillaboom, L50, M|100/100
|-fieldstart|move: Grassy Terrain|[from] ability: Grassy Surge|[of] p2a: Rillaboom
|move|p1b: Garchomp|Stomping Tantrum|p2a: Rillaboom
|-resisted|p2a: Rillaboom
|-damage|p2a: Rillaboom|82/100
|move|p2b: Ninetales|Blizzard|p1b: Garchomp|[spread] p1a,p1b
|-damage|p1a: Tyranitar|88/100
|-damage|p1b: Garchomp|46/100
|-status|p1b: Garchomp|frz
|
|-weather|Sandstorm|[upkeep]
|-damage|p1b: Garchomp|40/100 frz|[from] Sandstorm
|-damage|p2b: Ninetales|94/100|[from] Sandstorm
|-damage|p2a: Rillaboom|76/100|[from] Sandstorm
|-heal|p1b: Garchomp|46/100 frz|[from] Grassy Terrain
|-heal|p1a: Tyranitar|94/100|[from] Grassy Terrain
|-heal|p2b: Ninetales|100/100|[from] Grassy Terrain
|-heal|p2a: Rillaboom|82/100|[from] Grassy Terrain
|upkeep
|turn|3
|
|t:|1756575977
|switch|p1b: Gholdengo|Gholdengo, L50|100/100
|move|p1a: Tyranitar|Rock Slide|p2b: Ninetales|[spread] p2a
|-miss|p1a: Tyranitar|p2b: Ninetales
|-damage|p2a: Rillaboom|51/100
|move|p2b: Ninetales|Icy Wind|p1b: Gholdengo|[spread] p1a,p1b
|-resisted|p1b: Gholdengo
|-damage|p1a: Tyranitar|88/100
|-damage|p1b: Gholdengo|92/100
|-unboost|p1a: Tyranitar|spe|1
|-unboost|p1b: Gholdengo|spe|1
|move|p2a: Rillaboom|Drum Beating|p1a: Tyranitar
|-supereffective|p1a: Tyranitar
|-damage|p1a: Tyranitar|6/100
|-unboost|p1a: Tyranitar|spe|1
|
|-weather|Sandstorm|[upkeep]
|-damage|p2b: Ninetales|94/100|[from] Sandstorm
|-damage|p2a: Rillaboom|45/100|[from] Sandstorm
|-heal|p1b: Gholdengo|98/100|[from] Grassy Terrain
|-heal|p2b: Ninetales|100/100|[from] Grassy Terrain
|-heal|p2a: Rillaboom|51/100|[from] Grassy Terrain
|-heal|p1a: Tyranitar|12/100|[from] Grassy Terrain
|upkeep
|turn|4
|inactive|MiraiPidgeon has 30 seconds left.
|inactive|reghgenius has 30 seconds left.
|inactive|MiraiPidgeon has 20 seconds left.
|inactive|reghgenius has 20 seconds left.
|
|t:|1756576017
|switch|p2b: Gholdengo|Gholdengo, L50|68/100
|-enditem|p2b: Gholdengo|Grassy Seed
|-boost|p2b: Gholdengo|def|1|[from] item: Grassy Seed
|switch|p1a: Talonflame|Talonflame, L50, F|75/100
|move|p1b: Gholdengo|Nasty Plot|p1b: Gholdengo
|-boost|p1b: Gholdengo|spa|2
|move|p2a: Rillaboom|Drum Beating|p1a: Talonflame
|-resisted|p1a: Talonflame
|-damage|p1a: Talonflame|56/100
|-unboost|p1a: Talonflame|spe|1
|
|-weather|Sandstorm|[upkeep]
|-damage|p1a: Talonflame|50/100|[from] Sandstorm
|-damage|p2a: Rillaboom|45/100|[from] Sandstorm
|-heal|p1b: Gholdengo|100/100|[from] Grassy Terrain
|-heal|p2a: Rillaboom|51/100|[from] Grassy Terrain
|-heal|p2b: Gholdengo|74/100|[from] Grassy Terrain
|-sideend|p1: MiraiPidgeon|move: Tailwind
|upkeep
|turn|5
|inactive|reghgenius has 30 seconds left.
|inactive|reghgenius has 20 seconds left.
|inactive|reghgenius has 15 seconds left.
|
|t:|1756576058
|switch|p1a: Garchomp|Garchomp, L50, F, tera:Fairy|46/100 frz
|move|p1b: Gholdengo|Protect|p1b: Gholdengo
|-singleturn|p1b: Gholdengo|Protect
|move|p2a: Rillaboom|High Horsepower|p1b: Gholdengo
|-activate|p1b: Gholdengo|move: Protect
|move|p2b: Gholdengo|Shadow Ball|p1a: Garchomp
|-damage|p1a: Garchomp|5/100 frz
|
|-weather|Sandstorm|[upkeep]
|-damage|p1a: Garchomp|0 fnt|[from] Sandstorm
|-damage|p2a: Rillaboom|45/100|[from] Sandstorm
|faint|p1a: Garchomp
|-heal|p2a: Rillaboom|51/100|[from] Grassy Terrain
|-heal|p2b: Gholdengo|81/100|[from] Grassy Terrain
|upkeep
|
|t:|1756576069
|switch|p1a: Talonflame|Talonflame, L50, F|50/100
|turn|6
|inactive|reghgenius has 30 seconds left.
|inactive|reghgenius has 20 seconds left.
|
|t:|1756576104
|-terastallize|p2b: Gholdengo|Water
|move|p1a: Talonflame|Tailwind|p1a: Talonflame
|-sidestart|p1: MiraiPidgeon|move: Tailwind
|move|p1b: Gholdengo|Shadow Ball|p2a: Rillaboom
|-damage|p2a: Rillaboom|0 fnt
|faint|p2a: Rillaboom
|move|p2b: Gholdengo|Shadow Ball|p1b: Gholdengo
|-supereffective|p1b: Gholdengo
|-damage|p1b: Gholdengo|8/100
|
|-weather|none
|-heal|p1b: Gholdengo|14/100|[from] Grassy Terrain
|-heal|p2b: Gholdengo|87/100|[from] Grassy Terrain
|-fieldend|move: Grassy Terrain
|upkeep
|
|t:|1756576123
|switch|p2a: Dragonite|Dragonite, L50, F|100/100
|turn|7
|
|t:|1756576140
|move|p1a: Talonflame|Dual Wingbeat|p2b: Gholdengo
|-damage|p2b: Gholdengo|74/100
|-crit|p2b: Gholdengo
|-damage|p2b: Gholdengo|46/100
|-hitcount|p2b: Gholdengo|2
|move|p1b: Gholdengo|Shadow Ball|p2b: Gholdengo
|-damage|p2b: Gholdengo|0 fnt
|faint|p2b: Gholdengo
|move|p2a: Dragonite|Scale Shot|p1b: Gholdengo
|-resisted|p1b: Gholdengo
|-damage|p1b: Gholdengo|6/100
|-resisted|p1b: Gholdengo
|-damage|p1b: Gholdengo|0 fnt
|faint|p1b: Gholdengo
|-hitcount|p1: Gholdengo|2
|-unboost|p2a: Dragonite|def|1
|-boost|p2a: Dragonite|spe|1
|
|upkeep
|
|t:|1756576151
|switch|p1b: Tyranitar|Tyranitar, L50, F|12/100
|switch|p2b: Ninetales|Ninetales-Alola, L50, M|100/100
|-weather|Sandstorm|[from] ability: Sand Stream|[of] p1b: Tyranitar
|-weather|Snowscape|[from] ability: Snow Warning|[of] p2b: Ninetales
|turn|8
|inactive|MiraiPidgeon has 30 seconds left.
|
|t:|1756576178
|move|p1a: Talonflame|Dual Wingbeat|p2b: Ninetales|[miss]
|-miss|p1a: Talonflame|p2b: Ninetales
|move|p2a: Dragonite|Stomping Tantrum|p1b: Tyranitar
|-supereffective|p1b: Tyranitar
|-damage|p1b: Tyranitar|0 fnt
|faint|p1b: Tyranitar
|move|p2b: Ninetales|Blizzard|p1a: Talonflame
|-damage|p1a: Talonflame|0 fnt
|faint|p1a: Talonflame
|
|win|reghgenius
|raw|MiraiPidgeon's rating: 1333 → 1313(-20 for losing)
|raw|reghgenius's rating: 1334 → 1354(+20 for winning)
|l|☆MiraiPidgeon
|player|p1|
