|j|☆comicsans223
|j|☆meknomancer
|html|comicsans223meknomancer    
|uhtml|bestof|Game 1 of a best-of-3
|t:|1785371166
|gametype|doubles
|player|p1|comicsans223|n|
|player|p2|meknomancer|allister|
|gen|9
|tier|[Gen 9 Champions] VGC 2026 Reg M-B (Bo3)
|rule|Species Clause: Limit one of each Pokémon
|rule|Item Clause: Limit 1 of each item
|clearpoke
|poke|p1|Chesnaught, L50, M|
|poke|p1|Milotic, L50, F|
|poke|p1|Weavile, L50, M|
|poke|p1|Sinistcha, L50|
|poke|p1|Maushold-Four, L50|
|poke|p1|Ariados, L50, F|
|poke|p2|Kingambit, L50, M|
|poke|p2|Aerodactyl, L50, M|
|poke|p2|Sableye, L50, M|
|poke|p2|Krookodile, L50, M|
|poke|p2|Clefable, L50, F|
|poke|p2|Empoleon, L50, F|
|teampreview|4
|showteam|p1|Chesnaught||Chesnaughtite|Bulletproof|CloseCombat,SeedBomb,Payback,SpikyShield|Adamant||M|||50|]Milotic||Leftovers|Competitive|Scald,IceBeam,AlluringVoice,LifeDew|Calm||F|||50|]Weavile||LifeOrb|Pressure|IceShard,FakeOut,KnockOff,TripleAxel|Adamant||M|||50|]Sinistcha||BigRoot|Hospitality|MatchaGotcha,TrickRoom,Protect,RagePowder|Calm|||||50|]Maushold-Four||FocusSash|FriendGuard|FollowMe,AfterYou,Taunt,HelpingHand|Jolly|||||50|]Ariados||SilverPowder|Swarm|PoisonJab,FirstImpression,LeechLife,RagePowder|Brave||F|||50|
|showteam|p2|Kingambit||LifeOrb|SupremeOverlord|IronHead,LowKick,SuckerPunch,KowtowCleave|Adamant||M|||50|]Aerodactyl||Aerodactylite|Pressure|RockSlide,DualWingbeat,Tailwind,WideGuard|Jolly||M|||50|]Sableye||FocusSash|Prankster|FakeOut,KnockOff,Encore,ThunderWave|Impish||M|||50|]Krookodile||SitrusBerry|Intimidate|Earthquake,Crunch,LowKick,Protect|Jolly||M|||50|]Clefable||BabiriBerry|Unaware|Moonblast,FollowMe,Psychic,Protect|Calm||F|||50|]Empoleon||Leftovers|Competitive|Surf,IcyWind,FlashCannon,Protect|Modest||F|||50|
|
|t:|1785371248
|teamsize|p1|4
|teamsize|p2|4
|start
|switch|p1a: Twice|Maushold-Four, L50|100/100
|switch|p1b: Nacht|Weavile, L50, M|100/100
|switch|p2a: GEM ALARM!!!|Sableye, L50, M|100/100
|switch|p2b: Tailwind Merchant|Aerodactyl, L50, M|100/100
|-ability|p2b: Tailwind Merchant|Pressure
|-ability|p1b: Nacht|Pressure
|turn|1
|
|t:|1785371286
|detailschange|p2b: Tailwind Merchant|Aerodactyl-Mega, L50, M
|-mega|p2b: Tailwind Merchant|Aerodactyl|Aerodactylite
|move|p2a: GEM ALARM!!!|Fake Out|p1b: Nacht
|-damage|p1b: Nacht|91/100
|move|p1a: Twice|Follow Me|p1a: Twice
|-singleturn|p1a: Twice|move: Follow Me
|cant|p1b: Nacht|flinch
|move|p2b: Tailwind Merchant|Rock Slide|p1a: Twice|[spread] p1a,p1b
|-supereffective|p1b: Nacht|1
|-damage|p1a: Twice|56/100
|-damage|p1b: Nacht|15/100
|
|upkeep
|turn|2
|
|t:|1785371325
|move|p1b: Nacht|Ice Shard|p2b: Tailwind Merchant
|-supereffective|p2b: Tailwind Merchant|1
|-damage|p2b: Tailwind Merchant|30/100
|-damage|p1b: Nacht|6/100|[from] item: Life Orb
|move|p2a: GEM ALARM!!!|Thunder Wave|p1b: Nacht
|-hint|Since gen 7, Dark is immune to Prankster moves.
|-immune|p1b: Nacht
|move|p2b: Tailwind Merchant|Rock Slide|p1a: Twice|[spread] p1a,p1b
|-supereffective|p1b: Nacht|1
|-damage|p1a: Twice|16/100
|-damage|p1b: Nacht|0 fnt
|faint|p1b: Nacht
|move|p1a: Twice|Taunt|p2a: GEM ALARM!!!
|-start|p2a: GEM ALARM!!!|move: Taunt
|
|upkeep
|
|t:|1785371375
|switch|p1b: Dimple|Sinistcha, L50|100/100
|-heal|p1a: Twice|41/100|[from] ability: Hospitality|[of] p1b: Dimple
|turn|3
|
|t:|1785371390
|move|p1a: Twice|Follow Me|p1a: Twice
|-singleturn|p1a: Twice|move: Follow Me
|move|p2b: Tailwind Merchant|Dual Wingbeat|p1a: Twice
|-damage|p1a: Twice|7/100
|-damage|p1a: Twice|0 fnt
|faint|p1a: Twice
|-hitcount|p1: Twice|2
|move|p2a: GEM ALARM!!!|Knock Off|p1b: Dimple
|-supereffective|p1b: Dimple|1
|-damage|p1b: Dimple|54/100
|-enditem|p1b: Dimple|Big Root|[from] move: Knock Off|[of] p2a: GEM ALARM!!!
|move|p1b: Dimple|Trick Room|p1b: Dimple
|-fieldstart|move: Trick Room|[of] p1b: Dimple
|
|upkeep
|
|t:|1785371431
|switch|p1a: Gerson|Chesnaught, L50, M|100/100
|turn|4
|
|t:|1785371450
|switch|p2b: Big Clef|Clefable, L50, F|100/100
|detailschange|p1a: Gerson|Chesnaught-Mega, L50, M
|-mega|p1a: Gerson|Chesnaught|Chesnaughtite
|move|p1b: Dimple|Rage Powder|p1b: Dimple
|-singleturn|p1b: Dimple|move: Rage Powder
|move|p1a: Gerson|Seed Bomb|p2a: GEM ALARM!!!
|-damage|p2a: GEM ALARM!!!|54/100
|move|p2a: GEM ALARM!!!|Knock Off|p1b: Dimple
|-supereffective|p1b: Dimple|1
|-damage|p1b: Dimple|21/100
|
|upkeep
|turn|5
|
|t:|1785371498
|move|p2b: Big Clef|Protect|p2b: Big Clef
|-singleturn|p2b: Big Clef|Protect
|move|p1a: Gerson|Seed Bomb|p2a: GEM ALARM!!!
|-damage|p2a: GEM ALARM!!!|2/100
|move|p2a: GEM ALARM!!!|Knock Off|p1b: Dimple
|-supereffective|p1b: Dimple|1
|-damage|p1b: Dimple|0 fnt
|faint|p1b: Dimple
|
|-end|p2a: GEM ALARM!!!|move: Taunt
|upkeep
|turn|6
|
|t:|1785371538
|move|p2a: GEM ALARM!!!|Encore|p1a: Gerson
|-start|p1a: Gerson|Encore
|move|p1a: Gerson|Seed Bomb|p2a: GEM ALARM!!!
|-damage|p2a: GEM ALARM!!!|0 fnt
|faint|p2a: GEM ALARM!!!
|move|p2b: Big Clef|Psychic|p1a: Gerson
|-supereffective|p1a: Gerson|1
|-damage|p1a: Gerson|49/100
|
|upkeep
|
|t:|1785371547
|switch|p2a: WANNA BE CRAZY|Kingambit, L50, M|100/100
|-activate|p2a: WANNA BE CRAZY|ability: Supreme Overlord
|-start|p2a: WANNA BE CRAZY|fallen1|[silent]
|turn|7
|
|t:|1785371565
|move|p2b: Big Clef|Follow Me|p2b: Big Clef
|-singleturn|p2b: Big Clef|move: Follow Me
|move|p1a: Gerson|Seed Bomb|p2b: Big Clef
|-damage|p2b: Big Clef|38/100
|move|p2a: WANNA BE CRAZY|Iron Head|p1a: Gerson
|-damage|p1a: Gerson|12/100
|-damage|p2a: WANNA BE CRAZY|90/100|[from] item: Life Orb
|
|-fieldend|move: Trick Room
|upkeep
|turn|8
|
|t:|1785371580
|move|p2a: WANNA BE CRAZY|Sucker Punch|p1a: Gerson
|-resisted|p1a: Gerson|1
|-damage|p1a: Gerson|0 fnt
|faint|p1a: Gerson
|-damage|p2a: WANNA BE CRAZY|80/100|[from] item: Life Orb
|
|win|meknomancer
||comicsans223 is ready for game 2.
||meknomancer is ready for game 2.
|uhtml|next|Next: Game 2 of 3
|l|☆comicsans223
|player|p1|
