|j|☆vonhemmoltz
|j|☆Pzdns99
|html|vonhemmoltzPzdns99    
|uhtml|bestof|Game 2 of a best-of-3
|t:|1754450551
|gametype|doubles
|player|p1|vonhemmoltz|101|1205
|player|p2|Pzdns99|grimsley|1184
|gen|9
|tier|[Gen 9] VGC 2025 Reg H (Bo3)
|rated|
|rule|Species Clause: Limit one of each Pokémon
|rule|Item Clause: Limit 1 of each item
|clearpoke
|poke|p1|Volcarona, L50, M|
|poke|p1|Tauros-Paldea-Aqua, L50, M|
|poke|p1|Rillaboom, L50, M|
|poke|p1|Electabuzz, L50, M|
|poke|p1|Ursaluna-Bloodmoon, L50, M|
|poke|p1|Dragonite, L50, F|
|poke|p2|Annihilape, L50, F|
|poke|p2|Pelipper, L50, F|
|poke|p2|Archaludon, L50, F|
|poke|p2|Amoonguss, L50, M|
|poke|p2|Lumineon, L50, F|
|poke|p2|Porygon2, L50|
|teampreview|4
|showteam|p1|Volcarona||GrassySeed|FlameBody|FieryDance,GigaDrain,QuiverDance,Protect|||M|||50|,,,,,Water]Tauros-Paldea-Aqua||MirrorHerb|Intimidate|WaveCrash,CloseCombat,AquaJet,Protect|||M|||50|,,,,,Water]Rillaboom||AssaultVest|GrassySurge|FakeOut,WoodHammer,GrassyGlide,Uturn|||M|||50|,,,,,Fire]Electabuzz||Eviolite|VitalSpirit|FollowMe,Taunt,Electroweb,Protect|||M|||50|,,,,,Ghost]Ursaluna-Bloodmoon||LifeOrb|MindsEye|HyperVoice,BloodMoon,EarthPower,Protect|||M|||50|,,,,,Normal]Dragonite||LoadedDice|Multiscale|ScaleShot,Haze,Tailwind,Protect|||F|||50|,,,,,Fairy
|showteam|p2|Annihilape||FocusSash|Defiant|CloseCombat,RageFist,Taunt,Protect|||F|||50|,,,,,Stellar]Pelipper||ChoiceSpecs|Drizzle|Hurricane,MuddyWater,WeatherBall,Uturn|||F|||50|,,,,,Ghost]Archaludon||AssaultVest|Stamina|ElectroShot,BodyPress,FlashCannon,DracoMeteor|||F|||50|,,,,,Bug]Amoonguss||RockyHelmet|Regenerator|PollenPuff,ClearSmog,RagePowder,Spore|||M|||50|,,,,,Water]Lumineon||CovertCloak|SwiftSwim|FlipTurn,Tailwind,Encore,RainDance|||F|||50|,,,,,Grass]Porygon2||Eviolite|Download|IceBeam,TeraBlast,TrickRoom,Recover||||||50|,,,,,Ghost
|inactive|Battle timer is ON: inactive players will automatically lose when time's up. (requested by Pzdns99)
|
|t:|1754450567
|teamsize|p1|4
|teamsize|p2|4
|start
|switch|p1a: Electabuzz|Electabuzz, L50, M|100/100
|switch|p1b: Dragonite|Dragonite, L50, F|100/100
|switch|p2a: Lumineon|Lumineon, L50, F|100/100
|switch|p2b: Pelipper|Pelipper, L50, F|100/100
|-weather|RainDance|[from] ability: Drizzle|[of] p2b: Pelipper
|turn|1
|inactive|Pzdns99 has 30 seconds left.
|
|t:|1754450598
|-terastallize|p2b: Pelipper|Ghost
|move|p2a: Lumineon|Tailwind|p2a: Lumineon
|-sidestart|p2: Pzdns99|move: Tailwind
|move|p2b: Pelipper|Muddy Water|p1a: Electabuzz|[spread] p1a
|-miss|p2b: Pelipper|p1b: Dragonite
|-damage|p1a: Electabuzz|48/100
|-unboost|p1a: Electabuzz|accuracy|1
|move|p1a: Electabuzz|Electroweb|p2b: Pelipper|[spread] p2a
|-miss|p1a: Electabuzz|p2b: Pelipper
|-supereffective|p2a: Lumineon
|-damage|p2a: Lumineon|65/100
|move|p1b: Dragonite|Scale Shot|p2b: Pelipper
|-damage|p2b: Pelipper|82/100
|-damage|p2b: Pelipper|62/100
|-damage|p2b: Pelipper|43/100
|-damage|p2b: Pelipper|25/100
|-damage|p2b: Pelipper|6/100
|-hitcount|p2b: Pelipper|5
|-unboost|p1b: Dragonite|def|1
|-boost|p1b: Dragonite|spe|1
|
|-weather|RainDance|[upkeep]
|upkeep
|turn|2
|inactive|vonhemmoltz has 30 seconds left.
|inactive|Pzdns99 has 30 seconds left.
|
|t:|1754450630
|move|p1a: Electabuzz|Protect|p1a: Electabuzz
|-singleturn|p1a: Electabuzz|Protect
|move|p2a: Lumineon|Flip Turn|p1b: Dragonite
|-resisted|p1b: Dragonite
|-damage|p1b: Dragonite|91/100
|
|t:|1754450635
|switch|p2a: Archaludon|Archaludon, L50, F|100/100|[from] Flip Turn
|move|p2b: Pelipper|Muddy Water|p1a: Electabuzz|[spread] p1b
|-activate|p1a: Electabuzz|move: Protect
|-resisted|p1b: Dragonite
|-damage|p1b: Dragonite|51/100
|move|p1b: Dragonite|Tailwind|p1b: Dragonite
|-sidestart|p1: vonhemmoltz|move: Tailwind
|
|-weather|RainDance|[upkeep]
|upkeep
|turn|3
|
|t:|1754450651
|switch|p2b: Porygon2|Porygon2, L50|100/100
|-ability|p2b: Porygon2|Download|boost
|-boost|p2b: Porygon2|atk|1
|move|p1a: Electabuzz|Follow Me|p1a: Electabuzz
|-singleturn|p1a: Electabuzz|move: Follow Me
|move|p1b: Dragonite|Scale Shot|p2b: Porygon2
|-damage|p2b: Porygon2|91/100
|-damage|p2b: Porygon2|81/100
|-damage|p2b: Porygon2|71/100
|-damage|p2b: Porygon2|62/100
|-damage|p2b: Porygon2|53/100
|-hitcount|p2b: Porygon2|5
|-unboost|p1b: Dragonite|def|1
|-boost|p1b: Dragonite|spe|1
|move|p2a: Archaludon|Electro Shot||[still]
|-prepare|p2a: Archaludon|Electro Shot
|-boost|p2a: Archaludon|spa|1
|-anim|p2a: Archaludon|Electro Shot|p1a: Electabuzz
|-resisted|p1a: Electabuzz
|-damage|p1a: Electabuzz|26/100
|
|-weather|RainDance|[upkeep]
|upkeep
|turn|4
|inactive|vonhemmoltz has 30 seconds left.
|
|t:|1754450686
|move|p1b: Dragonite|Protect|p1b: Dragonite
|-singleturn|p1b: Dragonite|Protect
|move|p1a: Electabuzz|Taunt|p2b: Porygon2
|-start|p2b: Porygon2|move: Taunt
|move|p2a: Archaludon|Electro Shot||[still]
|-prepare|p2a: Archaludon|Electro Shot
|-boost|p2a: Archaludon|spa|1
|-anim|p2a: Archaludon|Electro Shot|p1b: Dragonite
|-activate|p1b: Dragonite|move: Protect
|cant|p2b: Porygon2|move: Taunt|Trick Room
|
|-weather|RainDance|[upkeep]
|-sideend|p2: Pzdns99|move: Tailwind
|upkeep
|turn|5
|inactive|vonhemmoltz has 30 seconds left.
|
|t:|1754450715
|switch|p1b: Rillaboom|Rillaboom, L50, M|100/100
|-fieldstart|move: Grassy Terrain|[from] ability: Grassy Surge|[of] p1b: Rillaboom
|move|p1a: Electabuzz|Protect|p1a: Electabuzz
|-singleturn|p1a: Electabuzz|Protect
|move|p2a: Archaludon|Electro Shot||[still]
|-prepare|p2a: Archaludon|Electro Shot
|-boost|p2a: Archaludon|spa|1
|-anim|p2a: Archaludon|Electro Shot|p1b: Rillaboom
|-resisted|p1b: Rillaboom
|-damage|p1b: Rillaboom|64/100
|move|p2b: Porygon2|Ice Beam|p1b: Rillaboom
|-supereffective|p1b: Rillaboom
|-damage|p1b: Rillaboom|23/100
|
|-weather|none
|-heal|p1a: Electabuzz|31/100|[from] Grassy Terrain
|-heal|p1b: Rillaboom|29/100|[from] Grassy Terrain
|-heal|p2b: Porygon2|59/100|[from] Grassy Terrain
|-sideend|p1: vonhemmoltz|move: Tailwind
|upkeep
|turn|6
|inactive|vonhemmoltz has 30 seconds left.
|inactive|Pzdns99 has 30 seconds left.
|
|t:|1754450744
|switch|p1a: Dragonite|Dragonite, L50, F|51/100
|move|p2a: Archaludon|Flash Cannon|p1b: Rillaboom
|-damage|p1b: Rillaboom|0 fnt
|faint|p1b: Rillaboom
|move|p2b: Porygon2|Tera Blast|p1a: Dragonite
|-damage|p1a: Dragonite|10/100
|
|-heal|p2b: Porygon2|65/100|[from] Grassy Terrain
|-end|p2b: Porygon2|move: Taunt
|upkeep
|
|t:|1754450751
|switch|p1b: Ursaluna|Ursaluna-Bloodmoon, L50, M|100/100
|turn|7
|
|t:|1754450768
|-terastallize|p1b: Ursaluna|Normal
|move|p1a: Dragonite|Scale Shot|p2a: Archaludon
|-damage|p2a: Archaludon|89/100
|-ability|p2a: Archaludon|Stamina|boost
|-boost|p2a: Archaludon|def|1
|-damage|p2a: Archaludon|82/100
|-ability|p2a: Archaludon|Stamina|boost
|-boost|p2a: Archaludon|def|1
|-damage|p2a: Archaludon|75/100
|-ability|p2a: Archaludon|Stamina|boost
|-boost|p2a: Archaludon|def|1
|-damage|p2a: Archaludon|71/100
|-ability|p2a: Archaludon|Stamina|boost
|-boost|p2a: Archaludon|def|1
|-damage|p2a: Archaludon|67/100
|-ability|p2a: Archaludon|Stamina|boost
|-boost|p2a: Archaludon|def|1
|-hitcount|p2a: Archaludon|5
|-unboost|p1a: Dragonite|def|1
|-boost|p1a: Dragonite|spe|1
|move|p2a: Archaludon|Draco Meteor|p1b: Ursaluna
|-damage|p1b: Ursaluna|0 fnt
|-unboost|p2a: Archaludon|spa|2
|faint|p1b: Ursaluna
|move|p2b: Porygon2|Recover|p2b: Porygon2
|-heal|p2b: Porygon2|100/100
|
|-heal|p2a: Archaludon|73/100|[from] Grassy Terrain
|upkeep
|-message|vonhemmoltz forfeited.
|raw|vonhemmoltz's rating: 1205 → 1178(-27 for losing)
|raw|Pzdns99's rating: 1184 → 1211(+27 for winning)
|
|win|Pzdns99
|l|☆vonhemmoltz
|player|p1|
