|j|☆FreezyPop439
|j|☆Davixd2532
|html|FreezyPop439Davixd2532    
|uhtml|bestof|Game 3 of a best-of-3
|t:|1782219687
|gametype|doubles
|player|p1|FreezyPop439|collector|1207
|player|p2|Davixd2532|169|1152
|gen|9
|tier|[Gen 9 Champions] VGC 2026 Reg M-B (Bo3)
|rated|
|rule|Species Clause: Limit one of each Pokémon
|rule|Item Clause: Limit 1 of each item
|clearpoke
|poke|p1|Garchomp, L50, M|
|poke|p1|Staraptor, L50, F|
|poke|p1|Grimmsnarl, L50, M|
|poke|p1|Gholdengo, L50|
|poke|p1|Maushold-Four, L50|
|poke|p1|Volcarona, L50, F|
|poke|p2|Whimsicott, L50, F|
|poke|p2|Staraptor, L50, F, shiny|
|poke|p2|Excadrill, L50, M|
|poke|p2|Tyranitar, L50, F|
|poke|p2|Incineroar, L50, M|
|poke|p2|Sneasler, L50, M|
|teampreview|4
|showteam|p1|Garchomp||LifeOrb|RoughSkin|Earthquake,DragonClaw,RockSlide,Protect|Jolly||M|||50|]Staraptor||Staraptite|Intimidate|BraveBird,CloseCombat,Roost,Protect|Jolly||F|||50|]Grimmsnarl||LightClay|Prankster|SpiritBreak,LightScreen,Reflect,PartingShot|Careful||M|||50|]Gholdengo||MetalCoat|GoodasGold|MakeItRain,ShadowBall,NastyPlot,Protect|Modest|||||50|]Maushold-Four||FocusSash|FriendGuard|FollowMe,Charm,SuperFang,Protect|Jolly|||||50|]Volcarona||ChartiBerry|FlameBody|HeatWave,StruggleBug,RagePowder,Tailwind|Timid||F|||50|
|showteam|p2|Whimsicott||FocusSash|Prankster|Memento,Moonblast,Charm,Tailwind|Timid||F|||50|]Staraptor||Staraptite|Intimidate|CloseCombat,DualWingbeat,Protect,Roost|Jolly||F|||50|]Excadrill||ChoiceScarf|SandForce|RockSlide,IronHead,HighHorsepower,BrickBreak|Adamant||M|||50|]Tyranitar||Tyranitarite|SandStream|Protect,RockSlide,KnockOff,Substitute|Adamant||F|||50|]Incineroar||SitrusBerry|Intimidate|FakeOut,PartingShot,FlareBlitz,HelpingHand|Adamant||M|||50|]Sneasler||WhiteHerb|Unburden|DireClaw,UpperHand,FakeOut,CloseCombat|Jolly||M|||50|
|j| Meditate golisopod
|l| Meditate golisopod
|inactive|Battle timer is ON: inactive players will automatically lose when time's up. (requested by FreezyPop439)
|
|t:|1782219762
|teamsize|p1|4
|teamsize|p2|4
|start
|switch|p1a: Staraptor|Staraptor, L50, F|100/100
|switch|p1b: Volcarona|Volcarona, L50, F|100/100
|switch|p2a: Whimmy|Whimsicott, L50, F|100/100
|switch|p2b: Nicolett|Incineroar, L50, M|100/100
|-ability|p1a: Staraptor|Intimidate|boost
|-unboost|p2a: Whimmy|atk|1
|-unboost|p2b: Nicolett|atk|1
|-ability|p2b: Nicolett|Intimidate|boost
|-unboost|p1a: Staraptor|atk|1
|-unboost|p1b: Volcarona|atk|1
|turn|1
|inactive|Davixd2532 has 30 seconds left.
|
|t:|1782219790
|switch|p2b: Ladín|Staraptor, L50, F, shiny|100/100
|-ability|p2b: Ladín|Intimidate|boost
|-unboost|p1a: Staraptor|atk|1
|-unboost|p1b: Volcarona|atk|1
|detailschange|p1a: Staraptor|Staraptor-Mega, L50, F
|-mega|p1a: Staraptor|Staraptor|Staraptite
|move|p2a: Whimmy|Tailwind|p2a: Whimmy
|-sidestart|p2: Davixd2532|move: Tailwind
|move|p1a: Staraptor|Close Combat|p2b: Ladín
|-damage|p2b: Ladín|55/100
|-boost|p1a: Staraptor|def|1
|-boost|p1a: Staraptor|spd|1
|move|p1b: Volcarona|Heat Wave|p2b: Ladín|[spread] p2a
|-miss|p1b: Volcarona|p2b: Ladín
|-supereffective|p2a: Whimmy|1
|-enditem|p2a: Whimmy|Focus Sash
|-damage|p2a: Whimmy|1/100
|
|upkeep
|turn|2
|inactive|FreezyPop439 has 30 seconds left.
|inactive|Davixd2532 has 30 seconds left.
|inactive|FreezyPop439 has 20 seconds left.
|inactive|Davixd2532 has 20 seconds left.
|inactive|Davixd2532 has 15 seconds left.
|inactive|Davixd2532 has 10 seconds left.
|inactive|Davixd2532 has 5 seconds left.
|
|t:|1782219845
|switch|p2a: Nicolett|Incineroar, L50, M|100/100
|-ability|p2a: Nicolett|Intimidate|boost
|-boost|p1a: Staraptor|atk|1
|-unboost|p1b: Volcarona|atk|1
|detailschange|p2b: Ladín|Staraptor-Mega, L50, F, shiny
|-mega|p2b: Ladín|Staraptor|Staraptite
|move|p2b: Ladín|Protect|p2b: Ladín
|-singleturn|p2b: Ladín|Protect
|move|p1b: Volcarona|Rage Powder|p1b: Volcarona
|-singleturn|p1b: Volcarona|move: Rage Powder
|move|p1a: Staraptor|Brave Bird|p2b: Ladín
|-activate|p2b: Ladín|move: Protect
|
|upkeep
|turn|3
|inactive|FreezyPop439 has 30 seconds left.
|inactive|Davixd2532 has 30 seconds left.
|
|t:|1782219871
|move|p1a: Staraptor|Protect|p1a: Staraptor
|-singleturn|p1a: Staraptor|Protect
|move|p2a: Nicolett|Fake Out|p1a: Staraptor
|-activate|p1a: Staraptor|move: Protect
|move|p2b: Ladín|Dual Wingbeat|p1b: Volcarona
|-supereffective|p1b: Volcarona|1
|-damage|p1b: Volcarona|41/100
|-supereffective|p1b: Volcarona|1
|-damage|p1b: Volcarona|0 fnt
|faint|p1b: Volcarona
|-hitcount|p1: Volcarona|2
|
|upkeep
|
|t:|1782219896
|switch|p1b: Garchomp|Garchomp, L50, M|100/100
|turn|4
|inactive|FreezyPop439 has 30 seconds left.
|
|t:|1782219938
|move|p2b: Ladín|Roost|p2b: Ladín
|-heal|p2b: Ladín|100/100
|-singleturn|p2b: Ladín|move: Roost
|move|p1a: Staraptor|Close Combat|p2a: Nicolett
|-supereffective|p2a: Nicolett|1
|-damage|p2a: Nicolett|39/100
|-boost|p1a: Staraptor|def|1
|-boost|p1a: Staraptor|spd|1
|-enditem|p2a: Nicolett|Sitrus Berry|[eat]
|-heal|p2a: Nicolett|64/100|[from] item: Sitrus Berry
|move|p1b: Garchomp|Rock Slide|p2b: Ladín|[spread] p2a,p2b
|-supereffective|p2a: Nicolett|1
|-resisted|p2b: Ladín|1
|-damage|p2a: Nicolett|27/100
|-damage|p2b: Ladín|86/100
|-damage|p1b: Garchomp|90/100|[from] item: Life Orb
|move|p2a: Nicolett|Parting Shot|p2b: Ladín
|-boost|p2b: Ladín|atk|1
|-boost|p2b: Ladín|spa|1
|inactive|Davixd2532 has 30 seconds left.
|
|t:|1782219970
|switch|p2a: Whimmy|Whimsicott, L50, F|1/100|[from] Parting Shot
|
|-sideend|p2: Davixd2532|move: Tailwind
|upkeep
|turn|5
|
|t:|1782219991
|move|p2a: Whimmy|Charm|p2b: Ladín
|-boost|p2b: Ladín|atk|2
|move|p1a: Staraptor|Brave Bird|p2b: Ladín
|-supereffective|p2b: Ladín|1
|-damage|p2b: Ladín|3/100
|-damage|p1a: Staraptor|76/100|[from] Recoil
|move|p2b: Ladín|Dual Wingbeat|p1a: Staraptor
|-supereffective|p1a: Staraptor|1
|-damage|p1a: Staraptor|27/100
|-supereffective|p1a: Staraptor|1
|-damage|p1a: Staraptor|0 fnt
|faint|p1a: Staraptor
|-hitcount|p1: Staraptor|2
|move|p1b: Garchomp|Rock Slide|p2a: Whimmy|[spread] p2a,p2b
|-damage|p2a: Whimmy|0 fnt
|-damage|p2b: Ladín|0 fnt
|faint|p2a: Whimmy
|faint|p2b: Ladín
|-damage|p1b: Garchomp|80/100|[from] item: Life Orb
|
|upkeep
|
|t:|1782220006
|switch|p2a: Zero|Excadrill, L50, M|100/100
|switch|p1a: Gholdengo|Gholdengo, L50|100/100
|switch|p2b: Nicolett|Incineroar, L50, M|27/100
|-ability|p2b: Nicolett|Intimidate|boost
|-unboost|p1a: Gholdengo|atk|1
|-unboost|p1b: Garchomp|atk|1
|turn|6
|
|t:|1782220022
|move|p1b: Garchomp|Protect|p1b: Garchomp
|-singleturn|p1b: Garchomp|Protect
|move|p1a: Gholdengo|Protect|p1a: Gholdengo
|-singleturn|p1a: Gholdengo|Protect
|move|p2b: Nicolett|Fake Out|p1b: Garchomp
|-activate|p1b: Garchomp|move: Protect
|move|p2a: Zero|High Horsepower|p1a: Gholdengo
|-activate|p1a: Gholdengo|move: Protect
|
|upkeep
|turn|7
|inactive|FreezyPop439 has 30 seconds left.
|inactive|FreezyPop439 has 20 seconds left.
|
|t:|1782220059
|move|p2b: Nicolett|Helping Hand|p2a: Zero
|-singleturn|p2a: Zero|Helping Hand|[of] p2b: Nicolett
|move|p2a: Zero|High Horsepower|p1b: Garchomp
|-damage|p1b: Garchomp|8/100
|-damage|p2a: Zero|87/100|[from] ability: Rough Skin|[of] p1b: Garchomp
|move|p1b: Garchomp|Earthquake|p2b: Nicolett|[spread] p1a,p2a,p2b
|-supereffective|p1a: Gholdengo|1
|-crit|p1a: Gholdengo
|-supereffective|p2a: Zero|1
|-supereffective|p2b: Nicolett|1
|-damage|p1a: Gholdengo|0 fnt
|-damage|p2a: Zero|4/100
|-damage|p2b: Nicolett|0 fnt
|faint|p1a: Gholdengo
|faint|p2b: Nicolett
|-damage|p1b: Garchomp|0 fnt|[from] item: Life Orb
|faint|p1b: Garchomp
|
|win|Davixd2532
|raw|FreezyPop439's rating: 1207 → 1178(-29 for losing)
|raw|Davixd2532's rating: 1152 → 1181(+29 for winning)
