|j|☆mbrown14
|j|☆floflowww
|html|mbrown14floflowww    
|uhtml|bestof|Game 1 of a best-of-3
|t:|1757759759
|gametype|doubles
|player|p1|mbrown14|102|1040
|player|p2|floflowww|chuck|1149
|gen|9
|tier|[Gen 9] VGC 2025 Reg H (Bo3)
|rated|
|rule|Species Clause: Limit one of each Pokémon
|rule|Item Clause: Limit 1 of each item
|clearpoke
|poke|p1|Torkoal, L50, M|
|poke|p1|Arcanine-Hisui, L50, M|
|poke|p1|Venusaur, L50, M|
|poke|p1|Whimsicott, L50, F|
|poke|p1|Incineroar, L50, F|
|poke|p1|Sneasler, L50, F|
|poke|p2|Amoonguss, L50, F|
|poke|p2|Incineroar, L50, F|
|poke|p2|Sneasler, L50, F|
|poke|p2|Dragonite, L50, F|
|poke|p2|Porygon2, L50|
|poke|p2|Gholdengo, L50|
|teampreview|4
|showteam|p1|Torkoal||Charcoal|Drought|Eruption,Protect,HeatWave,BodyPress|||M|||50|,,,,,Grass]Arcanine-Hisui||LifeOrb|RockHead|HeadSmash,Protect,ExtremeSpeed,FlareBlitz|||M|||50|,,,,,Water]Venusaur||AssaultVest|Chlorophyll|SolarBeam,SludgeBomb,EarthPower,WeatherBall|||M|||50|,,,,,Dragon]Whimsicott||FocusSash|Prankster|Moonblast,Taunt,Endeavor,Tailwind|||F|||50|,,,,,Dark]Incineroar||CovertCloak|Intimidate|FakeOut,KnockOff,PartingShot,LowKick|||F|||50|,,,,,Ghost]Sneasler||SitrusBerry|Unburden|DireClaw,CloseCombat,FakeOut,Uturn|||F|||50|,,,,,Dark
|showteam|p2|Amoonguss||SitrusBerry|Regenerator|PollenPuff,Spore,RagePowder,Protect|||F|||50|,,,,,Fairy]Incineroar||SafetyGoggles|Intimidate|FlareBlitz,KnockOff,FakeOut,PartingShot|||F|||50|,,,,,Water]Sneasler||FocusSash|PoisonTouch|CloseCombat,DireClaw,Coaching,Protect|||F|||50|,,,,,Stellar]Dragonite||LoadedDice|Multiscale|ScaleShot,StompingTantrum,Encore,Protect|||F|||50|,,,,,Ground]Porygon2||Eviolite|Download|TeraBlast,IceBeam,TrickRoom,Recover||||||50|,,,,,Ground]Gholdengo||LifeOrb|GoodasGold|MakeItRain,ShadowBall,NastyPlot,Protect||||||50|,,,,,Water
|inactive|Battle timer is ON: inactive players will automatically lose when time's up. (requested by floflowww)
|inactive|mbrown14 has 60 seconds left.
|inactive|floflowww has 60 seconds left.
|
|t:|1757759804
|teamsize|p1|4
|teamsize|p2|4
|start
|switch|p1a: Arcanine|Arcanine-Hisui, L50, M, shiny|100/100
|switch|p1b: Sneasler|Sneasler, L50, F, shiny|100/100
|switch|p2a: Sneasler|Sneasler, L50, F|100/100
|switch|p2b: Dragonite|Dragonite, L50, F|100/100
|turn|1
|inactive|floflowww has 30 seconds left.
|inactive|floflowww has 20 seconds left.
|inactive|floflowww has 15 seconds left.
|inactive|floflowww has 10 seconds left.
|inactive|floflowww has 5 seconds left.
|inactiveoff|Battle timer is now OFF.
|
|t:|1757759867
|-terastallize|p1a: Arcanine|Water
|move|p1b: Sneasler|Fake Out|p2a: Sneasler
|-damage|p2a: Sneasler|76/100
|cant|p2a: Sneasler|flinch
|move|p1a: Arcanine|Head Smash|p2b: Dragonite
|-supereffective|p2b: Dragonite
|-damage|p2b: Dragonite|4/100
|-damage|p1a: Arcanine|90/100|[from] item: Life Orb
|move|p2b: Dragonite|Scale Shot|p1b: Sneasler
|-crit|p1b: Sneasler
|-damage|p1b: Sneasler|68/100
|-damage|p1b: Sneasler|45/100
|-enditem|p1b: Sneasler|Sitrus Berry|[eat]
|-heal|p1b: Sneasler|70/100|[from] item: Sitrus Berry
|-damage|p1b: Sneasler|48/100
|-damage|p1b: Sneasler|23/100
|-hitcount|p1b: Sneasler|4
|-unboost|p2b: Dragonite|def|1
|-boost|p2b: Dragonite|spe|1
|
|upkeep
|turn|2
|
|t:|1757759897
|move|p1a: Arcanine|Extreme Speed|p2b: Dragonite
|-damage|p2b: Dragonite|0 fnt
|faint|p2b: Dragonite
|-damage|p1a: Arcanine|80/100|[from] item: Life Orb
|move|p1b: Sneasler|U-turn|p2a: Sneasler
|-resisted|p2a: Sneasler
|-damage|p2a: Sneasler|64/100
|
|t:|1757759906
|switch|p1b: Incineroar|Incineroar, L50, F|100/100|[from] U-turn
|-ability|p1b: Incineroar|Intimidate|boost
|-unboost|p2a: Sneasler|atk|1
|move|p2a: Sneasler|Dire Claw|p1a: Arcanine
|-damage|p1a: Arcanine|48/100
|
|upkeep
|
|t:|1757759909
|switch|p2b: Incineroar|Incineroar, L50, F|100/100
|-ability|p2b: Incineroar|Intimidate|boost
|-unboost|p1a: Arcanine|atk|1
|-unboost|p1b: Incineroar|atk|1
|turn|3
|
|t:|1757759932
|switch|p2a: Porygon2|Porygon2, L50|100/100
|-ability|p2a: Porygon2|Download|boost
|-boost|p2a: Porygon2|atk|1
|move|p1a: Arcanine|Protect|p1a: Arcanine
|-singleturn|p1a: Arcanine|Protect
|move|p2b: Incineroar|Fake Out|p1a: Arcanine
|-activate|p1a: Arcanine|move: Protect
|move|p1b: Incineroar|Fake Out|p2a: Porygon2
|-damage|p2a: Porygon2|95/100
|
|upkeep
|turn|4
|inactive|Battle timer is ON: inactive players will automatically lose when time's up. (requested by mbrown14)
|
|t:|1757759964
|-terastallize|p2b: Incineroar|Water
|move|p1a: Arcanine|Head Smash|p2b: Incineroar
|-damage|p2b: Incineroar|41/100
|-damage|p1a: Arcanine|38/100|[from] item: Life Orb
|move|p2b: Incineroar|Parting Shot|p1b: Incineroar
|-unboost|p1b: Incineroar|atk|1
|-unboost|p1b: Incineroar|spa|1
|
|t:|1757759971
|switch|p2b: Sneasler|Sneasler, L50, F|64/100|[from] Parting Shot
|move|p1b: Incineroar|Knock Off|p2a: Porygon2
|-damage|p2a: Porygon2|82/100
|-enditem|p2a: Porygon2|Eviolite|[from] move: Knock Off|[of] p1b: Incineroar
|move|p2a: Porygon2|Tera Blast|p1a: Arcanine
|-damage|p1a: Arcanine|0 fnt
|faint|p1a: Arcanine
|
|upkeep
|
|t:|1757759987
|switch|p1a: Sneasler|Sneasler, L50, F, shiny|23/100
|turn|5
|
|t:|1757759999
|switch|p2a: Incineroar|Incineroar, L50, F, tera:Water|41/100
|-ability|p2a: Incineroar|Intimidate|boost
|-unboost|p1a: Sneasler|atk|1
|-unboost|p1b: Incineroar|atk|1
|move|p2b: Sneasler|Protect|p2b: Sneasler
|-singleturn|p2b: Sneasler|Protect
|move|p1a: Sneasler|Close Combat|p2a: Incineroar
|-damage|p2a: Incineroar|0 fnt
|-unboost|p1a: Sneasler|def|1
|-unboost|p1a: Sneasler|spd|1
|faint|p2a: Incineroar
|move|p1b: Incineroar|Parting Shot|p2b: Sneasler
|-activate|p2b: Sneasler|move: Protect
|
|upkeep
|
|t:|1757760008
|switch|p2a: Porygon2|Porygon2, L50|82/100
|-ability|p2a: Porygon2|Download|boost
|-boost|p2a: Porygon2|atk|1
|turn|6
|inactive|floflowww has 30 seconds left.
|
|t:|1757760035
|switch|p1a: Torkoal|Torkoal, L50, M, shiny|100/100
|-weather|SunnyDay|[from] ability: Drought|[of] p1a: Torkoal
|move|p2b: Sneasler|Close Combat|p1b: Incineroar
|-supereffective|p1b: Incineroar
|-damage|p1b: Incineroar|0 fnt
|-unboost|p2b: Sneasler|def|1
|-unboost|p2b: Sneasler|spd|1
|faint|p1b: Incineroar
|move|p2a: Porygon2|Tera Blast|p1a: Torkoal
|-damage|p1a: Torkoal|56/100
|
|-weather|SunnyDay|[upkeep]
|upkeep
|
|t:|1757760049
|switch|p1b: Sneasler|Sneasler, L50, F, shiny|23/100
|turn|7
|
|t:|1757760069
|move|p2b: Sneasler|Dire Claw|p1a: Torkoal
|-damage|p1a: Torkoal|31/100
|-status|p1a: Torkoal|slp
|move|p1b: Sneasler|Close Combat|p2a: Porygon2
|-supereffective|p2a: Porygon2
|-damage|p2a: Porygon2|0 fnt
|-unboost|p1b: Sneasler|def|1
|-unboost|p1b: Sneasler|spd|1
|faint|p2a: Porygon2
|cant|p1a: Torkoal|slp
|
|-weather|SunnyDay|[upkeep]
|upkeep
|turn|8
|inactive|mbrown14 has 30 seconds left.
|
|t:|1757760094
|move|p2b: Sneasler|Dire Claw|p1b: Sneasler
|-resisted|p1b: Sneasler
|-damage|p1b: Sneasler|0 fnt
|faint|p1b: Sneasler
|cant|p1a: Torkoal|slp
|
|-weather|SunnyDay|[upkeep]
|upkeep
|turn|9
|
|t:|1757760102
|move|p2b: Sneasler|Close Combat|p1a: Torkoal
|-damage|p1a: Torkoal|0 fnt
|-unboost|p2b: Sneasler|def|1
|-unboost|p2b: Sneasler|spd|1
|faint|p1a: Torkoal
|
|win|floflowww
||mbrown14 is ready for game 2.
|inactive|floflowww has 30 seconds to confirm battle start!
||floflowww is ready for game 2.
|uhtml|next|Next: Game 2 of 3
|l|☆floflowww
|player|p2|
