|j|☆legionvgc
|j|☆FROZENFLAMEM4
|html|legionvgcFROZENFLAMEM4    
|uhtml|bestof|Game 2 of a best-of-3
|t:|1757779580
|gametype|doubles
|player|p1|legionvgc|170|1200
|player|p2|FROZENFLAMEM4|169|1122
|gen|9
|tier|[Gen 9] VGC 2025 Reg H (Bo3)
|rated|
|rule|Species Clause: Limit one of each Pokémon
|rule|Item Clause: Limit 1 of each item
|clearpoke
|poke|p1|Jumpluff, L50, M|
|poke|p1|Charizard, L50, M|
|poke|p1|Incineroar, L50, M|
|poke|p1|Ursaluna, L50, M|
|poke|p1|Porygon2, L50|
|poke|p1|Torkoal, L50, M|
|poke|p2|Archaludon, L50, F|
|poke|p2|Pelipper, L50, F|
|poke|p2|Basculegion, L50, M|
|poke|p2|Sinistcha, L50|
|poke|p2|Electrode-Hisui, L50|
|poke|p2|Spiritomb, L50, F|
|teampreview|4
|showteam|p1|Jumpluff||CovertCloak|Chlorophyll|RagePowder,SleepPowder,SunnyDay,Tailwind|||M|||50|,,,,,Water]Charizard||ChoiceSpecs|SolarPower|HeatWave,Overheat,WeatherBall,AirSlash|||M|||50|,,,,,Ghost]Incineroar||SafetyGoggles|Intimidate|FlareBlitz,KnockOff,FakeOut,PartingShot|||M|||50|,,,,,Ghost]Ursaluna||FlameOrb|Guts|HeadlongRush,Facade,Earthquake,Protect|||M|||50|,,,,,Ghost]Porygon2||Eviolite|Download|TeraBlast,IceBeam,Recover,TrickRoom||||||50|,,,,,Fighting]Torkoal||EjectPack|Drought|Eruption,Overheat,HelpingHand,Protect|||M|||50|,,,,,Fire
|showteam|p2|Archaludon||AssaultVest|Stamina|DragonPulse,FlashCannon,ElectroShot,BodyPress|||F|||50|,,,,,Bug]Pelipper||FocusSash|Drizzle|WeatherBall,Hurricane,Tailwind,Protect|||F|||50|,,,,,Stellar]Basculegion||LifeOrb|SwiftSwim|WaveCrash,LastRespects,AquaJet,Protect|||M|||50|,,,,,Grass]Sinistcha||SitrusBerry|Hospitality|MatchaGotcha,StrengthSap,RagePowder,TrickRoom||||||50|,,,,,Fire]Electrode-Hisui||LoadedDice|Soundproof|BulletSeed,Electroweb,Taunt,ThunderWave||||||50|,,,,,Ghost]Spiritomb||BlackGlasses|Pressure|DarkPulse,Snarl,TrickRoom,Imprison|||F|||50|,,,,,Water
|inactive|Battle timer is ON: inactive players will automatically lose when time's up. (requested by FROZENFLAMEM4)
|inactive|legionvgc also wants the timer to be on.
|inactive|FROZENFLAMEM4 has 60 seconds left.
|inactive|legionvgc has 60 seconds left.
|
|t:|1757779638
|teamsize|p1|4
|teamsize|p2|4
|start
|switch|p1a: Raven|Charizard, L50, M, shiny|100/100
|switch|p1b: Starbreaker|Porygon2, L50|100/100
|switch|p2a: Basculegion|Basculegion, L50, M|100/100
|switch|p2b: Electrode|Electrode-Hisui, L50|100/100
|-ability|p1b: Starbreaker|Download|boost
|-boost|p1b: Starbreaker|atk|1
|turn|1
|
|t:|1757779656
|switch|p2b: Pelipper|Pelipper, L50, F|100/100
|-weather|RainDance|[from] ability: Drizzle|[of] p2b: Pelipper
|switch|p1b: Turtle|Torkoal, L50, M|100/100
|-weather|SunnyDay|[from] ability: Drought|[of] p1b: Turtle
|move|p1a: Raven|Heat Wave|p2a: Basculegion|[spread] p2a,p2b
|-resisted|p2a: Basculegion
|-crit|p2a: Basculegion
|-resisted|p2b: Pelipper
|-damage|p2a: Basculegion|2/100
|-damage|p2b: Pelipper|1/100
|move|p2a: Basculegion|Wave Crash|p1a: Raven
|-supereffective|p1a: Raven
|-damage|p1a: Raven|0 fnt
|faint|p1a: Raven
|-damage|p2a: Basculegion|0 fnt|[from] Recoil
|faint|p2a: Basculegion
|
|-weather|SunnyDay|[upkeep]
|upkeep
|
|t:|1757779673
|switch|p1a: Starbreaker|Porygon2, L50|100/100
|switch|p2a: Electrode|Electrode-Hisui, L50|100/100
|-ability|p1a: Starbreaker|Download|boost
|-boost|p1a: Starbreaker|spa|1
|turn|2
|
|t:|1757779693
|switch|p2b: Archaludon|Archaludon, L50, F|100/100
|move|p2a: Electrode|Electroweb|p1a: Starbreaker|[spread] p1a,p1b
|-crit|p1b: Turtle
|-damage|p1a: Starbreaker|93/100
|-damage|p1b: Turtle|78/100
|-unboost|p1a: Starbreaker|spe|1
|-unboost|p1b: Turtle|spe|1
|-enditem|p1b: Turtle|Eject Pack
|
|t:|1757779701
|switch|p1b: Baloo|Ursaluna, L50, M, shiny|100/100
|move|p1a: Starbreaker|Ice Beam|p2b: Archaludon
|-damage|p2b: Archaludon|72/100
|-ability|p2b: Archaludon|Stamina|boost
|-boost|p2b: Archaludon|def|1
|
|-weather|SunnyDay|[upkeep]
|-status|p1b: Baloo|brn|[from] item: Flame Orb
|upkeep
|turn|3
|
|t:|1757779725
|-terastallize|p2b: Archaludon|Bug
|-terastallize|p1b: Baloo|Ghost
|move|p2a: Electrode|Bullet Seed|p2b: Archaludon
|-resisted|p2b: Archaludon
|-damage|p2b: Archaludon|70/100
|-ability|p2b: Archaludon|Stamina|boost
|-boost|p2b: Archaludon|def|1
|-resisted|p2b: Archaludon
|-damage|p2b: Archaludon|69/100
|-ability|p2b: Archaludon|Stamina|boost
|-boost|p2b: Archaludon|def|1
|-resisted|p2b: Archaludon
|-damage|p2b: Archaludon|69/100
|-ability|p2b: Archaludon|Stamina|boost
|-boost|p2b: Archaludon|def|1
|-resisted|p2b: Archaludon
|-damage|p2b: Archaludon|68/100
|-ability|p2b: Archaludon|Stamina|boost
|-boost|p2b: Archaludon|def|1
|-hitcount|p2b: Archaludon|4
|move|p2b: Archaludon|Body Press|p1b: Baloo
|-immune|p1b: Baloo
|move|p1b: Baloo|Facade|p2a: Electrode
|-damage|p2a: Electrode|0 fnt
|faint|p2a: Electrode
|move|p1a: Starbreaker|Trick Room|p1a: Starbreaker
|-fieldstart|move: Trick Room|[of] p1a: Starbreaker
|
|-weather|SunnyDay|[upkeep]
|-damage|p1b: Baloo|95/100 brn|[from] brn
|upkeep
|
|t:|1757779730
|switch|p2a: Pelipper|Pelipper, L50, F|1/100
|-weather|RainDance|[from] ability: Drizzle|[of] p2a: Pelipper
|turn|4
|inactive|legionvgc has 30 seconds left.
|inactive|legionvgc has 20 seconds left.
|
|t:|1757779769
|switch|p1a: Turtle|Torkoal, L50, M|78/100
|-weather|SunnyDay|[from] ability: Drought|[of] p1a: Turtle
|move|p2a: Pelipper|Protect|p2a: Pelipper
|-singleturn|p2a: Pelipper|Protect
|move|p1b: Baloo|Facade|p2b: Archaludon
|-damage|p2b: Archaludon|42/100
|-ability|p2b: Archaludon|Stamina|boost
|-boost|p2b: Archaludon|def|1
|move|p2b: Archaludon|Body Press|p1a: Turtle
|-damage|p1a: Turtle|2/100
|
|-weather|SunnyDay|[upkeep]
|-damage|p1b: Baloo|89/100 brn|[from] brn
|upkeep
|turn|5
|
|t:|1757779793
|move|p1a: Turtle|Overheat|p2b: Archaludon
|-supereffective|p2b: Archaludon
|-damage|p2b: Archaludon|0 fnt
|-unboost|p1a: Turtle|spa|2
|faint|p2b: Archaludon
|move|p1b: Baloo|Facade|p2a: Pelipper
|-damage|p2a: Pelipper|0 fnt
|faint|p2a: Pelipper
|
|win|legionvgc
|l|☆FROZENFLAMEM4
|player|p2|
||legionvgc is ready for game 3.
||FROZENFLAMEM4 is ready for game 3.
|uhtml|next|Next: Game 3 of 3
|l|☆legionvgc
|player|p1|
