|j|☆tactical espeonage
|j|☆FlareIsSolar
|html|tactical espeonageFlareIsSolar    
|uhtml|bestof|Game 1 of a best-of-3
|t:|1757772736
|gametype|doubles
|player|p1|tactical espeonage|102|1224
|player|p2|FlareIsSolar|volkner|1201
|gen|9
|tier|[Gen 9] VGC 2025 Reg H (Bo3)
|rated|
|rule|Species Clause: Limit one of each Pokémon
|rule|Item Clause: Limit 1 of each item
|clearpoke
|poke|p1|Indeedee-F, L50, F|
|poke|p1|Espeon, L50, F|
|poke|p1|Tyranitar, L50, F|
|poke|p1|Excadrill, L50, F|
|poke|p1|Annihilape, L50, M|
|poke|p1|Scyther, L50, M|
|poke|p2|Garchomp, L50, F|
|poke|p2|Gholdengo, L50|
|poke|p2|Talonflame, L50, M|
|poke|p2|Amoonguss, L50, M|
|poke|p2|Tyranitar, L50, M|
|poke|p2|Basculegion, L50, M|
|teampreview|4
|showteam|p1|Indeedee-F||PsychicSeed|PsychicSurge|Psychic,FollowMe,HelpingHand,TrickRoom|||F|||50|,,,,,Fairy]Espeon||ChoiceSpecs|MagicBounce|ExpandingForce,ShadowBall,PowerGem,TeraBlast|||F|||50|,,,,,Fighting]Tyranitar||AssaultVest|SandStream|KnockOff,RockSlide,LowKick,TeraBlast|||F|||50|,,,,,Flying]Excadrill||ClearAmulet|SandRush|HighHorsepower,IronHead,Earthquake,Protect|||F|||50|,,,,,Ghost]Annihilape||SafetyGoggles|Defiant|RageFist,CloseCombat,Taunt,Protect|||M|||50|,,,,,Fire]Scyther||Eviolite|Technician|DualWingbeat,StruggleBug,Tailwind,Protect|||M|||50|,,,,,Rock
|showteam|p2|Garchomp||LifeOrb|RoughSkin|DragonClaw,StompingTantrum,Earthquake,Protect|||F|||50|,,,,,Steel]Gholdengo||MetalCoat|GoodasGold|MakeItRain,ShadowBall,NastyPlot,Protect||||||50|,,,,,Flying]Talonflame||CovertCloak|GaleWings|BraveBird,WillOWisp,Tailwind,Taunt|||M|||50|,,,,,Ghost]Amoonguss||SitrusBerry|Regenerator|PollenPuff,Spore,RagePowder,Protect|||M|||50|,,,,,Water]Tyranitar||AssaultVest|SandStream|KnockOff,RockSlide,LowKick,TeraBlast|||M|||50|,,,,,Flying]Basculegion||ChoiceScarf|Adaptability|WaveCrash,LastRespects,FlipTurn,AquaJet|||M|||50|,,,,,Water
|
|t:|1757772811
|teamsize|p1|4
|teamsize|p2|4
|start
|switch|p1a: Scyther|Scyther, L50, M|100/100
|switch|p1b: Tyranitar|Tyranitar, L50, F|100/100
|switch|p2a: Gholdengo|Gholdengo, L50|100/100
|switch|p2b: Talonflame|Talonflame, L50, M|100/100
|-weather|Sandstorm|[from] ability: Sand Stream|[of] p1b: Tyranitar
|turn|1
|
|t:|1757772842
|move|p2b: Talonflame|Will-O-Wisp|p1b: Tyranitar
|-status|p1b: Tyranitar|brn
|move|p1a: Scyther|Tailwind|p1a: Scyther
|-sidestart|p1: tactical espeonage|move: Tailwind
|move|p1b: Tyranitar|Knock Off|p2a: Gholdengo
|-supereffective|p2a: Gholdengo
|-damage|p2a: Gholdengo|38/100
|-enditem|p2a: Gholdengo|Metal Coat|[from] move: Knock Off|[of] p1b: Tyranitar
|move|p2a: Gholdengo|Nasty Plot|p2a: Gholdengo
|-boost|p2a: Gholdengo|spa|2
|
|-weather|Sandstorm|[upkeep]
|-damage|p1a: Scyther|95/100|[from] Sandstorm
|-damage|p2b: Talonflame|94/100|[from] Sandstorm
|-damage|p1b: Tyranitar|95/100 brn|[from] brn
|upkeep
|turn|2
|
|t:|1757772878
|-terastallize|p2b: Talonflame|Ghost
|move|p2a: Gholdengo|Protect|p2a: Gholdengo
|-singleturn|p2a: Gholdengo|Protect
|move|p1a: Scyther|Dual Wingbeat|p2a: Gholdengo
|-activate|p2a: Gholdengo|move: Protect
|move|p1b: Tyranitar|Knock Off|p2a: Gholdengo
|-activate|p2a: Gholdengo|move: Protect
|move|p2b: Talonflame|Tailwind|p2b: Talonflame
|-sidestart|p2: FlareIsSolar|move: Tailwind
|
|-weather|Sandstorm|[upkeep]
|-damage|p2b: Talonflame|88/100|[from] Sandstorm
|-damage|p1a: Scyther|89/100|[from] Sandstorm
|-damage|p1b: Tyranitar|89/100 brn|[from] brn
|upkeep
|turn|3
|
|t:|1757772919
|move|p2b: Talonflame|Brave Bird|p1b: Tyranitar
|-resisted|p1b: Tyranitar
|-damage|p1b: Tyranitar|72/100 brn
|-damage|p2b: Talonflame|82/100|[from] Recoil
|move|p1a: Scyther|Struggle Bug|p2b: Talonflame|[spread] p2a,p2b
|-resisted|p2a: Gholdengo
|-resisted|p2b: Talonflame
|-damage|p2a: Gholdengo|35/100
|-damage|p2b: Talonflame|74/100
|-unboost|p2a: Gholdengo|spa|1
|move|p2a: Gholdengo|Make It Rain|p1a: Scyther|[spread] p1a,p1b
|-supereffective|p1b: Tyranitar
|-damage|p1a: Scyther|31/100
|-damage|p1b: Tyranitar|12/100 brn
|-unboost|p2a: Gholdengo|spa|1
|move|p1b: Tyranitar|Knock Off|p2a: Gholdengo
|-supereffective|p2a: Gholdengo
|-damage|p2a: Gholdengo|0 fnt
|faint|p2a: Gholdengo
|
|-weather|Sandstorm|[upkeep]
|-damage|p2b: Talonflame|68/100|[from] Sandstorm
|-damage|p1a: Scyther|25/100|[from] Sandstorm
|-damage|p1b: Tyranitar|6/100 brn|[from] brn
|upkeep
|
|t:|1757772928
|switch|p2a: Garchomp|Garchomp, L50, F|100/100
|turn|4
|
|t:|1757772971
|switch|p1b: Annihilape|Annihilape, L50, M|100/100
|move|p2b: Talonflame|Brave Bird|p1a: Scyther
|-supereffective|p1a: Scyther
|-damage|p1a: Scyther|0 fnt
|faint|p1a: Scyther
|-damage|p2b: Talonflame|60/100|[from] Recoil
|move|p2a: Garchomp|Dragon Claw|p1b: Annihilape
|-damage|p1b: Annihilape|47/100
|-damage|p2a: Garchomp|91/100|[from] item: Life Orb
|
|-weather|Sandstorm|[upkeep]
|-damage|p2b: Talonflame|54/100|[from] Sandstorm
|-sideend|p1: tactical espeonage|move: Tailwind
|upkeep
|
|t:|1757773000
|switch|p1a: Tyranitar|Tyranitar, L50, F|6/100 brn
|turn|5
|
|t:|1757773036
|move|p2b: Talonflame|Brave Bird|p1a: Tyranitar
|-resisted|p1a: Tyranitar
|-damage|p1a: Tyranitar|0 fnt
|faint|p1a: Tyranitar
|-damage|p2b: Talonflame|51/100|[from] Recoil
|move|p2a: Garchomp|Dragon Claw|p1b: Annihilape
|-damage|p1b: Annihilape|0 fnt
|faint|p1b: Annihilape
|-damage|p2a: Garchomp|81/100|[from] item: Life Orb
|
|-weather|none
|-sideend|p2: FlareIsSolar|move: Tailwind
|upkeep
|
|t:|1757773044
|switch|p1b: Espeon|Espeon, L50, F|100/100
|turn|6
|
|t:|1757773052
|move|p2b: Talonflame|Tailwind|p2b: Talonflame
|-sidestart|p2: FlareIsSolar|move: Tailwind
|move|p2a: Garchomp|Dragon Claw|p1b: Espeon
|-crit|p1b: Espeon
|-damage|p1b: Espeon|0 fnt
|faint|p1b: Espeon
|-damage|p2a: Garchomp|71/100|[from] item: Life Orb
|
|win|FlareIsSolar
||FlareIsSolar is ready for game 2.
|inactive|tactical espeonage has 30 seconds to confirm battle start!
||tactical espeonage is ready for game 2.
|uhtml|next|Next: Game 2 of 3
