|j|☆Bouloukos
|j|☆RICK HAMSTERMAN
|html|BouloukosRICK HAMSTERMAN    
|uhtml|bestof|Game 1 of a best-of-3
|t:|1783360676
|gametype|doubles
|player|p1|Bouloukos|bugcatcher-gen4dp|1215
|player|p2|RICK HAMSTERMAN|n|1143
|gen|9
|tier|[Gen 9 Champions] VGC 2026 Reg M-B (Bo3)
|rated|
|rule|Species Clause: Limit one of each Pokémon
|rule|Item Clause: Limit 1 of each item
|clearpoke
|poke|p1|Blaziken, L50, M|
|poke|p1|Metagross, L50|
|poke|p1|Kingambit, L50, M|
|poke|p1|Basculegion, L50, M|
|poke|p1|Ninetales-Alola, L50, M|
|poke|p1|Dragonite, L50, M|
|poke|p2|Charizard, L50, M|
|poke|p2|Whimsicott, L50, M|
|poke|p2|Kingambit, L50, M|
|poke|p2|Basculegion, L50, M|
|poke|p2|Garchomp, L50, F|
|poke|p2|Floette-Eternal, L50, F|
|teampreview|4
|showteam|p1|Blaziken||FocusSash|SpeedBoost|Detect,Overheat,AuraSphere,Coaching|Timid||M|||50|]Metagross||Metagrossite|ClearBody|Protect,IronHead,PsychicFangs,BodyPress|Jolly|||||50|]Kingambit||BlackGlasses|Defiant|Protect,KowtowCleave,SuckerPunch,IronHead|Adamant||M|||50|]Basculegion||ChoiceScarf|Adaptability|WaveCrash,LastRespects,AquaJet,FlipTurn|Jolly||M|||50|]Ninetales-Alola||LifeOrb|SnowWarning|Protect,Blizzard,Moonblast,FreezeDry|Timid||M|||50|]Dragonite||LumBerry|Multiscale|Protect,DragonClaw,FirePunch,ExtremeSpeed|Adamant||M|||50|
|showteam|p2|Charizard||CharizarditeY|Blaze|HeatWave,SolarBeam,WeatherBall,Protect|Modest||M|||50|]Whimsicott||FocusSash|Prankster|Moonblast,Tailwind,Encore,Protect|Timid||M|||50|]Kingambit||ChopleBerry|Defiant|KowtowCleave,LowKick,SuckerPunch,Protect|Adamant||M|||50|]Basculegion||MysticWater|Adaptability|WaveCrash,LastRespects,AquaJet,Protect|Adamant||M|||50|]Garchomp||LifeOrb|RoughSkin|DragonClaw,Earthquake,RockSlide,PoisonJab|Jolly||F|||50|]Floette-Eternal||Floettite|FlowerVeil|DazzlingGleam,Protect,LightofRuin,Moonblast|Timid||F|||50|
|inactive|Battle timer is ON: inactive players will automatically lose when time's up. (requested by Bouloukos)
|
|t:|1783360768
|teamsize|p1|4
|teamsize|p2|4
|start
|switch|p1a: Blaziken|Blaziken, L50, M|100/100
|switch|p1b: Dragonite|Dragonite, L50, M|100/100
|switch|p2a: Charizard|Charizard, L50, M|100/100
|switch|p2b: Whimsicott|Whimsicott, L50, M|100/100
|turn|1
|
|t:|1783360792
|detailschange|p2a: Charizard|Charizard-Mega-Y, L50, M
|-mega|p2a: Charizard|Charizard|Charizardite Y
|-weather|SunnyDay|[from] ability: Drought|[of] p2a: Charizard
|move|p2b: Whimsicott|Moonblast|p1a: Blaziken
|-damage|p1a: Blaziken|49/100
|move|p1a: Blaziken|Coaching|p1b: Dragonite
|-boost|p1b: Dragonite|atk|1
|-boost|p1b: Dragonite|def|1
|move|p2a: Charizard|Heat Wave|p1b: Dragonite|[spread] p1a,p1b
|-resisted|p1a: Blaziken|1
|-resisted|p1b: Dragonite|1
|-damage|p1a: Blaziken|0 fnt
|-damage|p1b: Dragonite|83/100
|faint|p1a: Blaziken
|move|p1b: Dragonite|Dragon Claw|p2a: Charizard
|-crit|p2a: Charizard
|-damage|p2a: Charizard|0 fnt
|faint|p2a: Charizard
|
|-weather|SunnyDay|[upkeep]
|upkeep
|
|t:|1783360810
|switch|p1a: Metagross|Metagross, L50|100/100
|switch|p2a: Kingambit|Kingambit, L50, M|100/100
|turn|2
|
|t:|1783360832
|detailschange|p1a: Metagross|Metagross-Mega, L50
|-mega|p1a: Metagross|Metagross|Metagrossite
|move|p1b: Dragonite|Extreme Speed|p2b: Whimsicott
|-damage|p2b: Whimsicott|31/100
|move|p2b: Whimsicott|Tailwind|p2b: Whimsicott
|-sidestart|p2: RICK HAMSTERMAN|move: Tailwind
|move|p1a: Metagross|Body Press|p2a: Kingambit
|-supereffective|p2a: Kingambit|2
|-enditem|p2a: Kingambit|Chople Berry|[eat]
|-enditem|p2a: Kingambit|Chople Berry|[weaken]
|-damage|p2a: Kingambit|42/100
|move|p2a: Kingambit|Kowtow Cleave|p1a: Metagross
|-supereffective|p1a: Metagross|1
|-damage|p1a: Metagross|22/100
|
|-weather|SunnyDay|[upkeep]
|upkeep
|turn|3
|
|t:|1783360849
|switch|p2b: Basculegion|Basculegion, L50, M|100/100
|switch|p1a: Basculegion|Basculegion, L50, M|100/100
|move|p1b: Dragonite|Extreme Speed|p2b: Basculegion
|-immune|p2b: Basculegion
|move|p2a: Kingambit|Sucker Punch||[still]
|-fail|p2a: Kingambit
|
|-weather|SunnyDay|[upkeep]
|upkeep
|turn|4
|
|t:|1783360873
|switch|p2b: Whimsicott|Whimsicott, L50, M|31/100
|move|p2a: Kingambit|Sucker Punch|p1a: Basculegion
|-supereffective|p1a: Basculegion|1
|-damage|p1a: Basculegion|15/100
|move|p1a: Basculegion|Flip Turn|p2b: Whimsicott
|-resisted|p2b: Whimsicott|1
|-damage|p2b: Whimsicott|19/100
|
|t:|1783360880
|switch|p1a: Metagross|Metagross-Mega, L50|22/100|[from] Flip Turn
|move|p1b: Dragonite|Fire Punch|p2a: Kingambit
|-supereffective|p2a: Kingambit|1
|-damage|p2a: Kingambit|0 fnt
|faint|p2a: Kingambit
|
|-weather|SunnyDay|[upkeep]
|upkeep
|
|t:|1783360884
|switch|p2a: Basculegion|Basculegion, L50, M|100/100
|turn|5
|
|t:|1783360900
|move|p1a: Metagross|Protect|p1a: Metagross
|-singleturn|p1a: Metagross|Protect
|move|p1b: Dragonite|Extreme Speed|p2b: Whimsicott
|-crit|p2b: Whimsicott
|-damage|p2b: Whimsicott|0 fnt
|faint|p2b: Whimsicott
|move|p2a: Basculegion|Last Respects|p1a: Metagross
|-activate|p1a: Metagross|move: Protect
|
|-weather|none
|-sideend|p2: RICK HAMSTERMAN|move: Tailwind
|upkeep
|turn|6
|
|t:|1783360909
|move|p1a: Metagross|Psychic Fangs|p2a: Basculegion
|-damage|p2a: Basculegion|39/100
|move|p1b: Dragonite|Dragon Claw|p2a: Basculegion
|-damage|p2a: Basculegion|0 fnt
|faint|p2a: Basculegion
|
|win|Bouloukos
||RICK HAMSTERMAN is ready for game 2.
||Bouloukos is ready for game 2.
|uhtml|next|Next: Game 2 of 3
|l|☆RICK HAMSTERMAN
|player|p2|
