|j|☆PapaLima
|j|☆helio list
|html|PapaLimahelio list    
|uhtml|bestof|Game 1 of a best-of-3
|t:|1785598949
|gametype|doubles
|player|p1|PapaLima|265|1337
|player|p2|helio list|170|1476
|gen|9
|tier|[Gen 9 Champions] VGC 2026 Reg M-B (Bo3)
|rated|
|rule|Species Clause: Limit one of each Pokémon
|rule|Item Clause: Limit 1 of each item
|clearpoke
|poke|p1|Tyranitar, L50, F|
|poke|p1|Excadrill, L50, M|
|poke|p1|Gholdengo, L50|
|poke|p1|Milotic, L50, F|
|poke|p1|Sinistcha, L50|
|poke|p1|Staraptor, L50, M|
|poke|p2|Delphox, L50, F|
|poke|p2|Blastoise, L50, F|
|poke|p2|Sneasler, L50, M|
|poke|p2|Incineroar, L50, M|
|poke|p2|Sinistcha, L50|
|poke|p2|Maushold-Four, L50|
|teampreview|4
|showteam|p1|Tyranitar||Tyranitarite|SandStream|RockSlide,KnockOff,LowKick,Protect|Jolly||F|||50|]Excadrill||FocusSash|SandRush|HighHorsepower,IronHead,RockSlide,Protect|Adamant||M|||50|]Gholdengo||LifeOrb|GoodasGold|ShadowBall,MakeItRain,NastyPlot,Protect|Modest|||||50|]Milotic||SitrusBerry|Competitive|Scald,IceBeam,IcyWind,Protect|Calm||F|||50|]Sinistcha||ColburBerry|Hospitality|MatchaGotcha,ShadowBall,RagePowder,Protect|Bold|||||50|]Staraptor||Staraptite|Intimidate|BraveBird,CloseCombat,Tailwind,Protect|Jolly||M|||50|
|showteam|p2|Delphox||Delphoxite|Blaze|Protect,NastyPlot,HeatWave,Psyshock|Modest||F|||50|]Blastoise||Blastoisinite|RainDish|Protect,ShellSmash,WaterSpout,DarkPulse|Modest||F|||50|]Sneasler||WhiteHerb|Unburden|CloseCombat,GunkShot,FakeOut,Protect|Jolly||M|||50|]Incineroar||SitrusBerry|Intimidate|FlareBlitz,FakeOut,ThroatChop,PartingShot|Impish||M|||50|]Sinistcha||KasibBerry|Hospitality|Protect,MatchaGotcha,RagePowder,LifeDew|Bold|||||50|]Maushold-Four||FocusSash|FriendGuard|Protect,FollowMe,SuperFang,Feint|Jolly|||||50|
|inactive|Battle timer is ON: inactive players will automatically lose when time's up. (requested by helio list)
|inactive|PapaLima has 60 seconds left.
|inactive|helio list has 60 seconds left.
|inactive|PapaLima has 30 seconds left.
|inactive|PapaLima has 20 seconds left.
|inactive|PapaLima has 15 seconds left.
|inactive|PapaLima has 10 seconds left.
|
|t:|1785599034
|teamsize|p1|4
|teamsize|p2|4
|start
|switch|p1a: Tyranitar|Tyranitar, L50, F|100/100
|switch|p1b: Excadrill|Excadrill, L50, M|100/100
|switch|p2a: Bubbly|Blastoise, L50, F|100/100
|switch|p2b: Alchemist|Sneasler, L50, M|100/100
|-weather|Sandstorm|[from] ability: Sand Stream|[of] p1a: Tyranitar
|turn|1
|
|t:|1785599054
|switch|p1a: Sinistcha|Sinistcha, L50|100/100
|detailschange|p2a: Bubbly|Blastoise-Mega, L50, F
|-mega|p2a: Bubbly|Blastoise|Blastoisinite
|move|p1b: Excadrill|Protect|p1b: Excadrill
|-singleturn|p1b: Excadrill|Protect
|move|p2b: Alchemist|Fake Out|p1a: Sinistcha
|-immune|p1a: Sinistcha
|move|p2a: Bubbly|Shell Smash|p2a: Bubbly
|-unboost|p2a: Bubbly|def|1
|-unboost|p2a: Bubbly|spd|1
|-boost|p2a: Bubbly|atk|2
|-boost|p2a: Bubbly|spa|2
|-boost|p2a: Bubbly|spe|2
|
|-weather|Sandstorm|[upkeep]
|-damage|p2a: Bubbly|94/100|[from] Sandstorm
|-damage|p2b: Alchemist|94/100|[from] Sandstorm
|-damage|p1a: Sinistcha|94/100|[from] Sandstorm
|upkeep
|turn|2
|inactive|PapaLima has 30 seconds left.
|
|t:|1785599080
|switch|p2b: Everything|Incineroar, L50, M|100/100
|-ability|p2b: Everything|Intimidate|boost
|-unboost|p1a: Sinistcha|atk|1
|-unboost|p1b: Excadrill|atk|1
|move|p1b: Excadrill|High Horsepower|p2a: Bubbly
|-damage|p2a: Bubbly|33/100
|move|p2a: Bubbly|Dark Pulse|p1a: Sinistcha
|-supereffective|p1a: Sinistcha|1
|-enditem|p1a: Sinistcha|Colbur Berry|[eat]
|-enditem|p1a: Sinistcha|Colbur Berry|[weaken]
|-damage|p1a: Sinistcha|0 fnt
|faint|p1a: Sinistcha
|
|-weather|Sandstorm|[upkeep]
|-damage|p2a: Bubbly|28/100|[from] Sandstorm
|-damage|p2b: Everything|94/100|[from] Sandstorm
|upkeep
|
|t:|1785599096
|switch|p1a: Tyranitar|Tyranitar, L50, F|100/100
|turn|3
|
|t:|1785599102
|switch|p2b: Tea Leaves|Sinistcha, L50|100/100
|-heal|p2a: Bubbly|53/100|[from] ability: Hospitality|[of] p2b: Tea Leaves
|move|p1b: Excadrill|Protect|p1b: Excadrill
|-singleturn|p1b: Excadrill|Protect
|move|p2a: Bubbly|Protect|p2a: Bubbly
|-singleturn|p2a: Bubbly|Protect
|move|p1a: Tyranitar|Protect||[still]
|-fail|p1a: Tyranitar
|
|-weather|Sandstorm|[upkeep]
|-damage|p2a: Bubbly|47/100|[from] Sandstorm
|-damage|p2b: Tea Leaves|93/100|[from] Sandstorm
|upkeep
|turn|4
|inactive|helio list has 30 seconds left.
|
|t:|1785599134
|switch|p2a: Everything|Incineroar, L50, M|94/100
|-ability|p2a: Everything|Intimidate|boost
|-unboost|p1a: Tyranitar|atk|1
|-unboost|p1b: Excadrill|atk|1
|detailschange|p1a: Tyranitar|Tyranitar-Mega, L50, F
|-mega|p1a: Tyranitar|Tyranitar|Tyranitarite
|move|p1b: Excadrill|Rock Slide|p2a: Everything|[spread] p2a,p2b
|-supereffective|p2a: Everything|1
|-damage|p2a: Everything|78/100
|-damage|p2b: Tea Leaves|84/100
|move|p1a: Tyranitar|Knock Off|p2b: Tea Leaves
|-supereffective|p2b: Tea Leaves|1
|-damage|p2b: Tea Leaves|23/100
|-enditem|p2b: Tea Leaves|Kasib Berry|[from] move: Knock Off|[of] p1a: Tyranitar
|move|p2b: Tea Leaves|Matcha Gotcha|p1a: Tyranitar|[spread] p1a
|-miss|p2b: Tea Leaves|p1b: Excadrill
|-supereffective|p1a: Tyranitar|1
|-damage|p1a: Tyranitar|73/100
|-heal|p2b: Tea Leaves|36/100|[from] drain|[of] p1a: Tyranitar
|
|-weather|Sandstorm|[upkeep]
|-damage|p2a: Everything|72/100|[from] Sandstorm
|-damage|p2b: Tea Leaves|30/100|[from] Sandstorm
|upkeep
|turn|5
|
|t:|1785599158
|move|p1b: Excadrill|Protect|p1b: Excadrill
|-singleturn|p1b: Excadrill|Protect
|move|p2a: Everything|Fake Out|p1a: Tyranitar
|-resisted|p1a: Tyranitar|1
|-damage|p1a: Tyranitar|70/100
|cant|p1a: Tyranitar|flinch
|move|p2b: Tea Leaves|Matcha Gotcha|p1a: Tyranitar|[spread] p1a
|-activate|p1b: Excadrill|move: Protect
|-supereffective|p1a: Tyranitar|1
|-damage|p1a: Tyranitar|40/100
|-heal|p2b: Tea Leaves|45/100|[from] drain|[of] p1a: Tyranitar
|
|-weather|none
|upkeep
|turn|6
|
|t:|1785599171
|switch|p1a: Milotic|Milotic, L50, F|100/100
|move|p1b: Excadrill|High Horsepower|p2a: Everything
|-supereffective|p2a: Everything|1
|-damage|p2a: Everything|33/100
|-enditem|p2a: Everything|Sitrus Berry|[eat]
|-heal|p2a: Everything|58/100|[from] item: Sitrus Berry
|move|p2a: Everything|Flare Blitz|p1b: Excadrill
|-supereffective|p1b: Excadrill|1
|-enditem|p1b: Excadrill|Focus Sash
|-damage|p1b: Excadrill|1/100
|-damage|p2a: Everything|27/100|[from] Recoil
|move|p2b: Tea Leaves|Matcha Gotcha|p1a: Milotic|[spread] p1a,p1b
|-supereffective|p1a: Milotic|1
|-damage|p1a: Milotic|67/100
|-heal|p2b: Tea Leaves|64/100|[from] drain|[of] p1a: Milotic
|-damage|p1b: Excadrill|0 fnt
|-heal|p2b: Tea Leaves|64/100|[from] drain|[of] p1b: Excadrill
|-status|p1a: Milotic|brn
|faint|p1b: Excadrill
|
|-damage|p1a: Milotic|61/100 brn|[from] brn
|upkeep
|
|t:|1785599173
|switch|p1b: Tyranitar|Tyranitar-Mega, L50, F|40/100
|-weather|Sandstorm|[from] ability: Sand Stream|[of] p1b: Tyranitar
|turn|7
|
|t:|1785599189
|move|p2b: Tea Leaves|Protect|p2b: Tea Leaves
|-singleturn|p2b: Tea Leaves|Protect
|move|p1b: Tyranitar|Rock Slide|p2a: Everything|[spread] 
|-activate|p2b: Tea Leaves|move: Protect
|-miss|p1b: Tyranitar|p2a: Everything
|move|p1a: Milotic|Icy Wind|p2a: Everything|[spread] p2a
|-activate|p2b: Tea Leaves|move: Protect
|-resisted|p2a: Everything|1
|-damage|p2a: Everything|22/100
|-unboost|p2a: Everything|spe|1
|move|p2a: Everything|Parting Shot|p1b: Tyranitar
|-unboost|p1b: Tyranitar|atk|1
|-unboost|p1b: Tyranitar|spa|1
|
|t:|1785599202
|switch|p2a: Alchemist|Sneasler, L50, M|94/100|[from] Parting Shot
|
|-weather|Sandstorm|[upkeep]
|-damage|p2a: Alchemist|88/100|[from] Sandstorm
|-damage|p1a: Milotic|55/100 brn|[from] Sandstorm
|-damage|p2b: Tea Leaves|58/100|[from] Sandstorm
|-damage|p1a: Milotic|49/100 brn|[from] brn
|upkeep
|-enditem|p1a: Milotic|Sitrus Berry|[eat]
|-heal|p1a: Milotic|74/100 brn|[from] item: Sitrus Berry
|turn|8
|
|t:|1785599213
|move|p2a: Alchemist|Protect|p2a: Alchemist
|-singleturn|p2a: Alchemist|Protect
|move|p1b: Tyranitar|Rock Slide|p2b: Tea Leaves|[spread] p2b
|-activate|p2a: Alchemist|move: Protect
|-damage|p2b: Tea Leaves|41/100
|move|p1a: Milotic|Icy Wind|p2b: Tea Leaves|[spread] p2b
|-activate|p2a: Alchemist|move: Protect
|-supereffective|p2b: Tea Leaves|1
|-damage|p2b: Tea Leaves|17/100
|-unboost|p2b: Tea Leaves|spe|1
|move|p2b: Tea Leaves|Matcha Gotcha|p1a: Milotic|[spread] p1a
|-miss|p2b: Tea Leaves|p1b: Tyranitar
|-supereffective|p1a: Milotic|1
|-damage|p1a: Milotic|43/100 brn
|-heal|p2b: Tea Leaves|35/100|[from] drain|[of] p1a: Milotic
|
|-weather|Sandstorm|[upkeep]
|-damage|p2a: Alchemist|82/100|[from] Sandstorm
|-damage|p1a: Milotic|37/100 brn|[from] Sandstorm
|-damage|p2b: Tea Leaves|29/100|[from] Sandstorm
|-damage|p1a: Milotic|31/100 brn|[from] brn
|upkeep
|turn|9
|
|t:|1785599233
|switch|p2b: Everything|Incineroar, L50, M|22/100
|-ability|p2b: Everything|Intimidate|boost
|-unboost|p1a: Milotic|atk|1
|-ability|p1a: Milotic|Competitive|boost
|-boost|p1a: Milotic|spa|2
|-unboost|p1b: Tyranitar|atk|1
|move|p1b: Tyranitar|Protect|p1b: Tyranitar
|-singleturn|p1b: Tyranitar|Protect
|move|p2a: Alchemist|Close Combat|p1b: Tyranitar
|-activate|p1b: Tyranitar|move: Protect
|move|p1a: Milotic|Icy Wind|p2a: Alchemist|[spread] p2a,p2b
|-resisted|p2b: Everything|1
|-damage|p2a: Alchemist|57/100
|-damage|p2b: Everything|12/100
|-unboost|p2a: Alchemist|spe|1
|-unboost|p2b: Everything|spe|1
|-enditem|p2a: Alchemist|White Herb
|-clearnegativeboost|p2a: Alchemist|[silent]
|
|-weather|Sandstorm|[upkeep]
|-damage|p2a: Alchemist|51/100|[from] Sandstorm
|-damage|p1a: Milotic|25/100 brn|[from] Sandstorm
|-damage|p2b: Everything|6/100|[from] Sandstorm
|-damage|p1a: Milotic|19/100 brn|[from] brn
|upkeep
|turn|10
|-message|PapaLima forfeited.
|
|win|helio list
|l|☆PapaLima
|player|p1|
||PapaLima is ready for game 2.
||helio list is ready for game 2.
|uhtml|next|Next: Game 2 of 3
|l|☆helio list
|player|p2|
|j|☆PapaLima
|player|p1|PapaLima|265|
