|j|☆ZaxbysSauce
|j|☆Flaharty4
|html|ZaxbysSauceFlaharty4    
|uhtml|bestof|Game 1 of a best-of-3
|t:|1756244784
|gametype|doubles
|player|p1|ZaxbysSauce|burgh|1060
|player|p2|Flaharty4|169|1000
|gen|9
|tier|[Gen 9] VGC 2025 Reg H (Bo3)
|rated|
|rule|Species Clause: Limit one of each Pokémon
|rule|Item Clause: Limit 1 of each item
|clearpoke
|poke|p1|Pelipper, L50, M|
|poke|p1|Basculegion, L50, M|
|poke|p1|Archaludon, L50, F|
|poke|p1|Dragonite, L50, F|
|poke|p1|Farigiraf, L50, F|
|poke|p1|Magmortar, L50, F|
|poke|p2|Porygon2, L50|
|poke|p2|Sneasler, L50, M|
|poke|p2|Gholdengo, L50|
|poke|p2|Amoonguss, L50, F|
|poke|p2|Garchomp, L50, M|
|poke|p2|Incineroar, L50, M|
|teampreview|4
|showteam|p1|Pelipper||FocusSash|Drizzle|Hurricane,WeatherBall,Tailwind,Protect|||M|||50|,,,,,Ghost]Basculegion||MysticWater|SwiftSwim|Protect,WaveCrash,AquaJet,LastRespects|||M|||50|,,,,,Water]Archaludon||AssaultVest|Stamina|ElectroShot,DragonPulse,FlashCannon,BodyPress|||F|||50|,,,,,Grass]Dragonite||ChoiceBand|InnerFocus|ExtremeSpeed,DragonClaw,AquaJet,AirSlash|||F|||50|,,,,,Normal]Farigiraf||SitrusBerry|ArmorTail|FoulPlay,TrickRoom,HelpingHand,PsychicNoise|||F|||50|,,,,,Fairy]Magmortar||Charcoal|VitalSpirit|Flamethrower,ScorchingSands,FollowMe,Protect|||F|||50|,,,,,Ground
|showteam|p2|Porygon2||Eviolite|Download|TeraBlast,IceBeam,Recover,TrickRoom||||||50|,,,,,Ground]Sneasler||FocusSash|PoisonTouch|CloseCombat,DireClaw,Coaching,Protect|||M|||50|,,,,,Flying]Gholdengo||LifeOrb|GoodasGold|MakeItRain,ShadowBall,NastyPlot,Protect||||||50|,,,,,Water]Amoonguss||SitrusBerry|Regenerator|PollenPuff,Spore,RagePowder,Protect|||F|||50|,,,,,Fairy]Garchomp||ClearAmulet|RoughSkin|Earthquake,StompingTantrum,DragonClaw,Protect|||M|||50|,,,,,Fire]Incineroar||SafetyGoggles|Intimidate|FlareBlitz,KnockOff,FakeOut,PartingShot|||M|||50|,,,,,Ghost
|inactive|Battle timer is ON: inactive players will automatically lose when time's up. (requested by ZaxbysSauce)
|inactive|Flaharty4 has 60 seconds left.
|
|t:|1756244835
|teamsize|p1|4
|teamsize|p2|4
|start
|switch|p1a: Pelipper|Pelipper, L50, M|100/100
|switch|p1b: Basculegion|Basculegion, L50, M|100/100
|switch|p2a: Garchomp|Garchomp, L50, M|100/100
|switch|p2b: Incineroar|Incineroar, L50, M|100/100
|-weather|RainDance|[from] ability: Drizzle|[of] p1a: Pelipper
|-ability|p2b: Incineroar|Intimidate|boost
|-unboost|p1a: Pelipper|atk|1
|-unboost|p1b: Basculegion|atk|1
|turn|1
|inactive|ZaxbysSauce has 30 seconds left.
|
|t:|1756244867
|switch|p1a: Farigiraf|Farigiraf, L50, F|100/100
|-terastallize|p1b: Basculegion|Water
|move|p2a: Garchomp|Protect|p2a: Garchomp
|-singleturn|p2a: Garchomp|Protect
|move|p1b: Basculegion|Wave Crash|p2b: Incineroar
|-supereffective|p2b: Incineroar
|-damage|p2b: Incineroar|0 fnt
|faint|p2b: Incineroar
|-damage|p1b: Basculegion|66/100|[from] Recoil
|
|-weather|RainDance|[upkeep]
|upkeep
|
|t:|1756244883
|switch|p2b: Amoonguss|Amoonguss, L50, F|100/100
|turn|2
|
|t:|1756244904
|move|p1b: Basculegion|Wave Crash|p2a: Garchomp
|-damage|p2a: Garchomp|8/100
|-damage|p1b: Basculegion|54/100|[from] ability: Rough Skin|[of] p2a: Garchomp
|-damage|p1b: Basculegion|25/100|[from] Recoil
|move|p2a: Garchomp|Dragon Claw|p1b: Basculegion
|-damage|p1b: Basculegion|0 fnt
|faint|p1b: Basculegion
|move|p1a: Farigiraf|Psychic Noise|p2b: Amoonguss
|-supereffective|p2b: Amoonguss
|-damage|p2b: Amoonguss|56/100
|-start|p2b: Amoonguss|move: Heal Block
|move|p2b: Amoonguss|Spore|p1a: Farigiraf
|-status|p1a: Farigiraf|slp|[from] move: Spore
|
|-weather|RainDance|[upkeep]
|upkeep
|
|t:|1756244927
|switch|p1b: Pelipper|Pelipper, L50, M|100/100
|turn|3
|
|t:|1756244942
|move|p2a: Garchomp|Protect|p2a: Garchomp
|-singleturn|p2a: Garchomp|Protect
|move|p1b: Pelipper|Hurricane|p2a: Garchomp
|-activate|p2a: Garchomp|move: Protect
|cant|p1a: Farigiraf|slp
|move|p2b: Amoonguss|Spore|p1b: Pelipper
|-status|p1b: Pelipper|slp|[from] move: Spore
|
|-weather|RainDance|[upkeep]
|-end|p2b: Amoonguss|move: Heal Block
|upkeep
|turn|4
|
|t:|1756244967
|switch|p2a: Gholdengo|Gholdengo, L50|100/100
|cant|p1b: Pelipper|slp
|cant|p1a: Farigiraf|slp
|move|p2b: Amoonguss|Pollen Puff|p1a: Farigiraf
|-supereffective|p1a: Farigiraf
|-damage|p1a: Farigiraf|63/100 slp
|
|-weather|RainDance|[upkeep]
|upkeep
|turn|5
|inactive|ZaxbysSauce has 30 seconds left.
|
|t:|1756244997
|move|p2b: Amoonguss|Rage Powder|p2b: Amoonguss
|-singleturn|p2b: Amoonguss|move: Rage Powder
|-curestatus|p1b: Pelipper|slp|[msg]
|move|p1b: Pelipper|Hurricane|p2b: Amoonguss
|-supereffective|p2b: Amoonguss
|-damage|p2b: Amoonguss|0 fnt
|faint|p2b: Amoonguss
|move|p2a: Gholdengo|Nasty Plot|p2a: Gholdengo
|-boost|p2a: Gholdengo|spa|2
|cant|p1a: Farigiraf|slp
|
|-weather|none
|upkeep
|
|t:|1756245011
|switch|p2b: Garchomp|Garchomp, L50, M|8/100
|turn|6
|
|t:|1756245030
|move|p2b: Garchomp|Protect|p2b: Garchomp
|-singleturn|p2b: Garchomp|Protect
|move|p1b: Pelipper|Tailwind|p1b: Pelipper
|-sidestart|p1: ZaxbysSauce|move: Tailwind
|-curestatus|p1a: Farigiraf|slp|[msg]
|move|p1a: Farigiraf|Foul Play|p2a: Gholdengo
|-supereffective|p2a: Gholdengo
|-damage|p2a: Gholdengo|80/100
|move|p2a: Gholdengo|Make It Rain|p1a: Farigiraf|[spread] p1a,p1b
|-crit|p1a: Farigiraf
|-resisted|p1b: Pelipper
|-damage|p1a: Farigiraf|0 fnt
|-enditem|p1b: Pelipper|Focus Sash
|-damage|p1b: Pelipper|1/100
|-unboost|p2a: Gholdengo|spa|1
|faint|p1a: Farigiraf
|-damage|p2a: Gholdengo|71/100|[from] item: Life Orb
|
|upkeep
|
|t:|1756245049
|switch|p1a: Archaludon|Archaludon, L50, F|100/100
|turn|7
|inactive|Flaharty4 has 30 seconds left.
|inactive|Flaharty4 has 20 seconds left.
|inactive|Flaharty4 has 15 seconds left.
|
|t:|1756245091
|move|p2b: Garchomp|Protect||[still]
|-fail|p2b: Garchomp
|move|p1b: Pelipper|Hurricane|p2a: Gholdengo
|-resisted|p2a: Gholdengo
|-damage|p2a: Gholdengo|45/100
|move|p1a: Archaludon|Dragon Pulse|p2b: Garchomp
|-supereffective|p2b: Garchomp
|-damage|p2b: Garchomp|0 fnt
|faint|p2b: Garchomp
|move|p2a: Gholdengo|Shadow Ball|p1b: Pelipper
|-damage|p1b: Pelipper|0 fnt
|faint|p1b: Pelipper
|-damage|p2a: Gholdengo|36/100|[from] item: Life Orb
|
|upkeep
|turn|8
|
|t:|1756245111
|move|p1a: Archaludon|Electro Shot||[still]
|-prepare|p1a: Archaludon|Electro Shot
|-boost|p1a: Archaludon|spa|1
|move|p2a: Gholdengo|Shadow Ball|p1a: Archaludon
|-damage|p1a: Archaludon|47/100
|-ability|p1a: Archaludon|Stamina|boost
|-boost|p1a: Archaludon|def|1
|-damage|p2a: Gholdengo|26/100|[from] item: Life Orb
|
|upkeep
|turn|9
|
|t:|1756245120
|move|p2a: Gholdengo|Protect|p2a: Gholdengo
|-singleturn|p2a: Gholdengo|Protect
|move|p1a: Archaludon|Electro Shot|p2a: Gholdengo|[from] lockedmove
|-activate|p2a: Gholdengo|move: Protect
|
|-sideend|p1: ZaxbysSauce|move: Tailwind
|upkeep
|turn|10
|
|t:|1756245130
|move|p1a: Archaludon|Dragon Pulse|p2a: Gholdengo
|-resisted|p2a: Gholdengo
|-damage|p2a: Gholdengo|0 fnt
|faint|p2a: Gholdengo
|
|win|ZaxbysSauce
