|j|☆lolgz
|j|☆dancingace100
|html|lolgzdancingace100    
|uhtml|bestof|Game 2 of a best-of-3
|t:|1782202412
|gametype|doubles
|player|p1|lolgz|dawn|1211
|player|p2|dancingace100|dragontamer|1118
|gen|9
|tier|[Gen 9 Champions] VGC 2026 Reg M-B (Bo3)
|rated|
|rule|Species Clause: Limit one of each Pokémon
|rule|Item Clause: Limit 1 of each item
|clearpoke
|poke|p1|Torkoal, L50, M|
|poke|p1|Vileplume, L50, M|
|poke|p1|Farigiraf, L50, M|
|poke|p1|Scrafty, L50, F|
|poke|p1|Gallade, L50, M|
|poke|p1|Mawile, L50, F|
|poke|p2|Whimsicott, L50, M|
|poke|p2|Staraptor, L50, M|
|poke|p2|Garchomp, L50, M|
|poke|p2|Basculegion, L50, M|
|poke|p2|Typhlosion-Hisui, L50, F|
|poke|p2|Kingambit, L50, M|
|teampreview|4
|showteam|p1|Torkoal||Charcoal|Drought|Eruption,WeatherBall,EarthPower,Protect|Quiet||M|||50|]Vileplume||FocusSash|Chlorophyll|EnergyBall,SludgeBomb,SleepPowder,AfterYou|Timid||M|||50|]Farigiraf||SitrusBerry|ArmorTail|TrickRoom,Protect,Psychic,HelpingHand|Bold||M|||50|]Scrafty||Scraftinite|Intimidate|CloseCombat,KnockOff,FakeOut,RockSlide|Brave||F|||50|]Gallade||IronBall|Sharpness|SacredSword,PsychoCut,WideGuard,TrickRoom|Brave||M|||50|]Mawile||Mawilite|Intimidate|SuckerPunch,PlayRough,SwordsDance,Protect|Brave||F|||50|
|showteam|p2|Whimsicott||FocusSash|Prankster|Tickle,Tailwind,Moonblast,FakeTears|Timid||M|||50|]Staraptor||Staraptite|Intimidate|BraveBird,CloseCombat,Roost,Protect|Jolly||M|||50|]Garchomp||RoseliBerry|RoughSkin|DragonClaw,StompingTantrum,RockTomb,PoisonJab|Jolly||M|||50|]Basculegion||MysticWater|Adaptability|WaveCrash,LastRespects,AquaJet,Protect|Adamant||M|||50|]Typhlosion-Hisui||ChoiceScarf|Blaze|Eruption,HeatWave,BurnUp,ShadowBall|Modest||F|||50|]Kingambit||ChopleBerry|Defiant|KowtowCleave,IronHead,SuckerPunch,Protect|Adamant||M|||50|
|inactive|Battle timer is ON: inactive players will automatically lose when time's up. (requested by dancingace100)
|inactive|lolgz also wants the timer to be on.
|inactive|dancingace100 has 60 seconds left.
|
|t:|1782202446
|teamsize|p1|4
|teamsize|p2|4
|start
|switch|p1a: Farigiraf|Farigiraf, L50, M|100/100
|switch|p1b: Torkoal|Torkoal, L50, M|100/100
|switch|p2a: Mc Chomp Hammer|Garchomp, L50, M|100/100
|switch|p2b: Kingambit|Kingambit, L50, M|100/100
|-weather|SunnyDay|[from] ability: Drought|[of] p1b: Torkoal
|turn|1
|inactive|dancingace100 has 30 seconds left.
|
|t:|1782202474
|move|p2a: Mc Chomp Hammer|Stomping Tantrum|p1b: Torkoal
|-supereffective|p1b: Torkoal|1
|-damage|p1b: Torkoal|41/100
|move|p2b: Kingambit|Kowtow Cleave|p1a: Farigiraf
|-supereffective|p1a: Farigiraf|1
|-damage|p1a: Farigiraf|19/100
|-enditem|p1a: Farigiraf|Sitrus Berry|[eat]
|-heal|p1a: Farigiraf|44/100|[from] item: Sitrus Berry
|move|p1b: Torkoal|Eruption|p2a: Mc Chomp Hammer|[spread] p2a,p2b
|-resisted|p2a: Mc Chomp Hammer|1
|-supereffective|p2b: Kingambit|1
|-damage|p2a: Mc Chomp Hammer|80/100
|-damage|p2b: Kingambit|36/100
|move|p1a: Farigiraf|Trick Room|p1a: Farigiraf
|-fieldstart|move: Trick Room|[of] p1a: Farigiraf
|
|-weather|SunnyDay|[upkeep]
|upkeep
|turn|2
|inactive|dancingace100 has 30 seconds left.
|inactive|dancingace100 has 20 seconds left.
|
|t:|1782202514
|switch|p2b: Bass Bro shop|Basculegion, L50, M|100/100
|move|p1b: Torkoal|Weather Ball|p2a: Mc Chomp Hammer
|-resisted|p2a: Mc Chomp Hammer|1
|-damage|p2a: Mc Chomp Hammer|33/100
|move|p1a: Farigiraf|Psychic|p2a: Mc Chomp Hammer
|-damage|p2a: Mc Chomp Hammer|0 fnt
|faint|p2a: Mc Chomp Hammer
|
|-weather|SunnyDay|[upkeep]
|upkeep
|
|t:|1782202528
|switch|p2a: 2008's Hot Topic|Staraptor, L50, M|100/100
|-ability|p2a: 2008's Hot Topic|Intimidate|boost
|-unboost|p1a: Farigiraf|atk|1
|-unboost|p1b: Torkoal|atk|1
|turn|3
|
|t:|1782202547
|switch|p2a: Kingambit|Kingambit, L50, M|36/100
|move|p1b: Torkoal|Earth Power|p2b: Bass Bro shop
|-damage|p2b: Bass Bro shop|69/100
|move|p1a: Farigiraf|Psychic|p2b: Bass Bro shop
|-damage|p2b: Bass Bro shop|30/100
|move|p2b: Bass Bro shop|Wave Crash|p1b: Torkoal
|-supereffective|p1b: Torkoal|1
|-damage|p1b: Torkoal|0 fnt
|faint|p1b: Torkoal
|-damage|p2b: Bass Bro shop|18/100|[from] Recoil
|
|-weather|SunnyDay|[upkeep]
|upkeep
|
|t:|1782202554
|switch|p1b: Gallade|Gallade, L50, M|100/100
|turn|4
|
|t:|1782202565
|move|p2a: Kingambit|Protect|p2a: Kingambit
|-singleturn|p2a: Kingambit|Protect
|move|p2b: Bass Bro shop|Protect|p2b: Bass Bro shop
|-singleturn|p2b: Bass Bro shop|Protect
|move|p1b: Gallade|Sacred Sword|p2a: Kingambit
|-activate|p2a: Kingambit|move: Protect
|move|p1a: Farigiraf|Psychic|p2b: Bass Bro shop
|-activate|p2b: Bass Bro shop|move: Protect
|
|-weather|SunnyDay|[upkeep]
|upkeep
|turn|5
|
|t:|1782202586
|switch|p2a: 2008's Hot Topic|Staraptor, L50, M|100/100
|-ability|p2a: 2008's Hot Topic|Intimidate|boost
|-unboost|p1a: Farigiraf|atk|1
|-unboost|p1b: Gallade|atk|1
|move|p2b: Bass Bro shop|Protect||[still]
|-fail|p2b: Bass Bro shop
|move|p1b: Gallade|Sacred Sword|p2a: 2008's Hot Topic
|-damage|p2a: 2008's Hot Topic|32/100
|move|p1a: Farigiraf|Psychic|p2b: Bass Bro shop
|-damage|p2b: Bass Bro shop|0 fnt
|faint|p2b: Bass Bro shop
|
|-weather|none
|-fieldend|move: Trick Room
|upkeep
|
|t:|1782202599
|switch|p2b: Kingambit|Kingambit, L50, M|36/100
|turn|6
|
|t:|1782202611
|detailschange|p2a: 2008's Hot Topic|Staraptor-Mega, L50, M
|-mega|p2a: 2008's Hot Topic|Staraptor|Staraptite
|move|p2a: 2008's Hot Topic|Brave Bird|p1b: Gallade
|-supereffective|p1b: Gallade|1
|-damage|p1b: Gallade|0 fnt
|faint|p1b: Gallade
|-damage|p2a: 2008's Hot Topic|0 fnt|[from] Recoil
|faint|p2a: 2008's Hot Topic
|move|p1a: Farigiraf|Psychic|p2b: Kingambit
|-immune|p2b: Kingambit
|move|p2b: Kingambit|Kowtow Cleave|p1a: Farigiraf
|-supereffective|p1a: Farigiraf|1
|-damage|p1a: Farigiraf|0 fnt
|faint|p1a: Farigiraf
|
|upkeep
|
|t:|1782202618
|switch|p1b: Scrafty|Scrafty, L50, F|100/100
|-ability|p1b: Scrafty|Intimidate|boost
|-unboost|p2b: Kingambit|atk|1
|-ability|p2b: Kingambit|Defiant|boost
|-boost|p2b: Kingambit|atk|2
|turn|7
|
|t:|1782202636
|move|p1b: Scrafty|Fake Out|p2b: Kingambit
|-resisted|p2b: Kingambit|1
|-damage|p2b: Kingambit|31/100
|cant|p2b: Kingambit|flinch
|
|upkeep
|turn|8
|
|t:|1782202658
|move|p2b: Kingambit|Iron Head|p1b: Scrafty
|-damage|p1b: Scrafty|37/100
|cant|p1b: Scrafty|flinch
|
|upkeep
|turn|9
|
|t:|1782202664
|move|p1b: Scrafty|Close Combat|p2b: Kingambit
|-supereffective|p2b: Kingambit|2
|-enditem|p2b: Kingambit|Chople Berry|[eat]
|-enditem|p2b: Kingambit|Chople Berry|[weaken]
|-damage|p2b: Kingambit|0 fnt
|-unboost|p1b: Scrafty|def|1
|-unboost|p1b: Scrafty|spd|1
|faint|p2b: Kingambit
|
|win|lolgz
|raw|lolgz's rating: 1211 → 1229(+18 for winning)
|raw|dancingace100's rating: 1118 → 1100(-18 for losing)
