|j|☆Chocokoala VGC
|j|☆isamino
|html|Chocokoala VGCisamino    
|uhtml|bestof|Game 2 of a best-of-3
|t:|1783400817
|gametype|doubles
|player|p1|Chocokoala VGC|aaron|1265
|player|p2|isamino|nate|1147
|gen|9
|tier|[Gen 9 Champions] VGC 2026 Reg M-B (Bo3)
|rated|
|rule|Species Clause: Limit one of each Pokémon
|rule|Item Clause: Limit 1 of each item
|clearpoke
|poke|p1|Slowbro, L50, F|
|poke|p1|Appletun, L50, M|
|poke|p1|Incineroar, L50, M|
|poke|p1|Aerodactyl, L50, F|
|poke|p1|Mamoswine, L50, F|
|poke|p1|Jolteon, L50, F|
|poke|p2|Ninetales-Alola, L50, M|
|poke|p2|Gholdengo, L50|
|poke|p2|Aerodactyl, L50, M|
|poke|p2|Incineroar, L50, F|
|poke|p2|Eelektross, L50, F|
|poke|p2|Sneasler, L50, F|
|teampreview|4
|showteam|p1|Slowbro||Slowbronite|Regenerator|Psychic,Scald,SlackOff,TrickRoom|Modest||F|||50|]Appletun||Leftovers|ThickFat|AppleAcid,DragonPulse,Protect,LeechSeed|Sassy||M|||50|]Incineroar||SitrusBerry|Intimidate|FakeOut,PartingShot,FlareBlitz,DarkestLariat|Careful||M|||50|]Aerodactyl||Aerodactylite|Unnerve|RockSlide,DualWingbeat,Protect,Tailwind|Jolly||F|||50|]Mamoswine||FocusSash|Oblivious|IceShard,HighHorsepower,Protect,Earthquake|Adamant||F|||50|]Jolteon||LifeOrb|VoltAbsorb|Thunderbolt,VoltSwitch,Protect,CalmMind|Timid||F|||50|
|showteam|p2|Ninetales-Alola||FocusSash|SnowWarning|Blizzard,FreezeDry,AuroraVeil,Protect|Timid||M|||50|]Gholdengo||Leftovers|GoodasGold|Protect,NastyPlot,ShadowBall,MakeItRain|Modest|||||50|]Aerodactyl||Aerodactylite|Unnerve|DualWingbeat,Tailwind,RockSlide,Protect|Jolly||M|||50|]Incineroar||SitrusBerry|Intimidate|FakeOut,FlareBlitz,PartingShot,Taunt|Careful||F|||50|]Eelektross||Eelektrossite|Levitate|Thunderbolt,GigaDrain,Protect,Flamethrower|Timid||F|||50|]Sneasler||WhiteHerb|Unburden|Protect,CloseCombat,DireClaw,FakeOut|Adamant||F|||50|
|inactive|Battle timer is ON: inactive players will automatically lose when time's up. (requested by isamino)
|inactive|Chocokoala VGC also wants the timer to be on.
|
|t:|1783400839
|teamsize|p1|4
|teamsize|p2|4
|start
|switch|p1a: Aerodactyl|Aerodactyl, L50, F|100/100
|switch|p1b: Mamoswine|Mamoswine, L50, F|100/100
|switch|p2a: Eelektross|Eelektross, L50, F|100/100
|switch|p2b: Incineroar|Incineroar, L50, F|100/100
|-ability|p1a: Aerodactyl|Unnerve
|-ability|p2b: Incineroar|Intimidate|boost
|-unboost|p1a: Aerodactyl|atk|1
|-fail|p1b: Mamoswine|unboost|Attack|[from] ability: Oblivious|[of] p1b: Mamoswine
|turn|1
|
|t:|1783400857
|detailschange|p2a: Eelektross|Eelektross-Mega, L50, F
|-mega|p2a: Eelektross|Eelektross|Eelektrossite
|move|p1a: Aerodactyl|Protect|p1a: Aerodactyl
|-singleturn|p1a: Aerodactyl|Protect
|move|p1b: Mamoswine|Protect|p1b: Mamoswine
|-singleturn|p1b: Mamoswine|Protect
|move|p2b: Incineroar|Fake Out|p1b: Mamoswine
|-activate|p1b: Mamoswine|move: Protect
|move|p2a: Eelektross|Thunderbolt|p1a: Aerodactyl
|-activate|p1a: Aerodactyl|move: Protect
|
|upkeep
|turn|2
|
|t:|1783400880
|switch|p1a: Appletun|Appletun, L50, M|100/100
|switch|p2b: Ninetales|Ninetales-Alola, L50, M|100/100
|-weather|Snowscape|[from] ability: Snow Warning|[of] p2b: Ninetales
|move|p2a: Eelektross|Thunderbolt|p1a: Appletun
|-resisted|p1a: Appletun|2
|-damage|p1a: Appletun|90/100
|move|p1b: Mamoswine|High Horsepower|p2b: Ninetales
|-damage|p2b: Ninetales|46/100
|
|-weather|Snowscape|[upkeep]
|-heal|p1a: Appletun|96/100|[from] item: Leftovers
|upkeep
|turn|3
|
|t:|1783400902
|move|p2b: Ninetales|Blizzard|p1a: Appletun|[spread] p1a,p1b
|-supereffective|p1a: Appletun|2
|-damage|p1a: Appletun|44/100
|-damage|p1b: Mamoswine|51/100
|move|p2a: Eelektross|Flamethrower|p1b: Mamoswine
|-supereffective|p1b: Mamoswine|1
|-damage|p1b: Mamoswine|0 fnt
|faint|p1b: Mamoswine
|-ability|p2a: Eelektross|Eelevate|boost
|-boost|p2a: Eelektross|spa|1
|move|p1a: Appletun|Leech Seed|p2a: Eelektross
|-start|p2a: Eelektross|move: Leech Seed
|
|-weather|Snowscape|[upkeep]
|-heal|p1a: Appletun|50/100g|[from] item: Leftovers
|-damage|p2a: Eelektross|87/100|[from] Leech Seed|[of] p1a: Appletun
|-heal|p1a: Appletun|59/100|[silent]
|upkeep
|
|t:|1783400911
|switch|p1b: Aerodactyl|Aerodactyl, L50, F|100/100
|-ability|p1b: Aerodactyl|Unnerve
|turn|4
|
|t:|1783400922
|switch|p2b: Incineroar|Incineroar, L50, F|100/100
|-ability|p2b: Incineroar|Intimidate|boost
|-unboost|p1a: Appletun|atk|1
|-unboost|p1b: Aerodactyl|atk|1
|detailschange|p1b: Aerodactyl|Aerodactyl-Mega, L50, F
|-mega|p1b: Aerodactyl|Aerodactyl|Aerodactylite
|move|p1b: Aerodactyl|Rock Slide|p2a: Eelektross|[spread] p2a
|-miss|p1b: Aerodactyl|p2b: Incineroar
|-damage|p2a: Eelektross|59/100
|move|p2a: Eelektross|Thunderbolt|p1b: Aerodactyl
|-supereffective|p1b: Aerodactyl|1
|-damage|p1b: Aerodactyl|0 fnt
|faint|p1b: Aerodactyl
|-ability|p2a: Eelektross|Eelevate|boost
|-boost|p2a: Eelektross|spa|1
|move|p1a: Appletun|Apple Acid|p2a: Eelektross
|-damage|p2a: Eelektross|22/100
|-unboost|p2a: Eelektross|spd|1
|
|-weather|Snowscape|[upkeep]
|-heal|p1a: Appletun|65/100|[from] item: Leftovers
|-damage|p2a: Eelektross|9/100|[from] Leech Seed|[of] p1a: Appletun
|-heal|p1a: Appletun|75/100|[silent]
|upkeep
|
|t:|1783400935
|switch|p1b: Incineroar|Incineroar, L50, M|100/100
|-ability|p1b: Incineroar|Intimidate|boost
|-unboost|p2a: Eelektross|atk|1
|-unboost|p2b: Incineroar|atk|1
|turn|5
|
|t:|1783400955
|move|p1b: Incineroar|Fake Out|p2a: Eelektross
|-damage|p2a: Eelektross|0 fnt
|faint|p2a: Eelektross
|move|p2b: Incineroar|Fake Out|p1a: Appletun
|-damage|p1a: Appletun|68/100
|cant|p1a: Appletun|flinch
|
|-weather|Snowscape|[upkeep]
|-heal|p1a: Appletun|74/100|[from] item: Leftovers
|upkeep
|
|t:|1783400960
|switch|p2a: Gholdengo|Gholdengo, L50|100/100
|turn|6
|
|t:|1783400975
|move|p2a: Gholdengo|Make It Rain|p1b: Incineroar|[spread] p1a,p1b
|-resisted|p1b: Incineroar|1
|-damage|p1a: Appletun|38/100
|-damage|p1b: Incineroar|83/100
|-unboost|p2a: Gholdengo|spa|2
|move|p1b: Incineroar|Flare Blitz|p2a: Gholdengo
|-supereffective|p2a: Gholdengo|1
|-damage|p2a: Gholdengo|15/100
|-damage|p1b: Incineroar|56/100|[from] Recoil
|move|p2b: Incineroar|Parting Shot|p1b: Incineroar
|-unboost|p1b: Incineroar|atk|1
|-unboost|p1b: Incineroar|spa|1
|
|t:|1783400985
|switch|p2b: Ninetales|Ninetales-Alola, L50, M|46/100|[from] Parting Shot
|move|p1a: Appletun|Leech Seed|p2b: Ninetales
|-start|p2b: Ninetales|move: Leech Seed
|
|-weather|none
|-heal|p2a: Gholdengo|21/100|[from] item: Leftovers
|-heal|p1a: Appletun|44/100|[from] item: Leftovers
|-damage|p2b: Ninetales|34/100|[from] Leech Seed|[of] p1a: Appletun
|-heal|p1a: Appletun|52/100|[silent]
|upkeep
|turn|7
|
|t:|1783401000
|switch|p2a: Incineroar|Incineroar, L50, F|100/100
|-ability|p2a: Incineroar|Intimidate|boost
|-unboost|p1a: Appletun|atk|1
|-unboost|p1b: Incineroar|atk|1
|move|p2b: Ninetales|Protect|p2b: Ninetales
|-singleturn|p2b: Ninetales|Protect
|move|p1b: Incineroar|Flare Blitz|p2b: Ninetales
|-activate|p2b: Ninetales|move: Protect
|move|p1a: Appletun|Leech Seed|p2a: Incineroar
|-start|p2a: Incineroar|move: Leech Seed
|
|-heal|p1a: Appletun|58/100|[from] item: Leftovers
|-damage|p2b: Ninetales|22/100|[from] Leech Seed|[of] p1a: Appletun
|-heal|p1a: Appletun|67/100|[silent]
|-damage|p2a: Incineroar|87/100|[from] Leech Seed|[of] p1a: Appletun
|-heal|p1a: Appletun|78/100|[silent]
|upkeep
|turn|8
|
|t:|1783401020
|switch|p2b: Gholdengo|Gholdengo, L50|21/100
|move|p1a: Appletun|Protect|p1a: Appletun
|-singleturn|p1a: Appletun|Protect
|move|p2a: Incineroar|Fake Out|p1b: Incineroar
|-damage|p1b: Incineroar|46/100
|-enditem|p1b: Incineroar|Sitrus Berry|[eat]
|-heal|p1b: Incineroar|71/100|[from] item: Sitrus Berry
|cant|p1b: Incineroar|flinch
|
|-heal|p2b: Gholdengo|28/100|[from] item: Leftovers
|-heal|p1a: Appletun|84/100|[from] item: Leftovers
|-damage|p2a: Incineroar|75/100|[from] Leech Seed|[of] p1a: Appletun
|-heal|p1a: Appletun|96/100|[silent]
|upkeep
|turn|9
|
|t:|1783401033
|move|p2b: Gholdengo|Make It Rain|p1b: Incineroar|[spread] p1b
|-miss|p2b: Gholdengo|p1a: Appletun
|-resisted|p1b: Incineroar|1
|-damage|p1b: Incineroar|53/100
|-unboost|p2b: Gholdengo|spa|2
|move|p1b: Incineroar|Flare Blitz|p2b: Gholdengo
|-supereffective|p2b: Gholdengo|1
|-damage|p2b: Gholdengo|0 fnt
|faint|p2b: Gholdengo
|-damage|p1b: Incineroar|44/100|[from] Recoil
|move|p2a: Incineroar|Parting Shot|p1b: Incineroar
|-unboost|p1b: Incineroar|atk|1
|-unboost|p1b: Incineroar|spa|1
|
|t:|1783401042
|switch|p2a: Ninetales|Ninetales-Alola, L50, M|22/100|[from] Parting Shot
|-weather|Snowscape|[from] ability: Snow Warning|[of] p2a: Ninetales
|move|p1a: Appletun|Leech Seed|p2a: Ninetales
|-start|p2a: Ninetales|move: Leech Seed
|
|-weather|Snowscape|[upkeep]
|-heal|p1a: Appletun|100/100|[from] item: Leftovers
|-damage|p2a: Ninetales|10/100|[from] Leech Seed|[of] p1a: Appletun
|upkeep
|
|t:|1783401045
|switch|p2b: Incineroar|Incineroar, L50, F|75/100
|-ability|p2b: Incineroar|Intimidate|boost
|-unboost|p1a: Appletun|atk|1
|-unboost|p1b: Incineroar|atk|1
|turn|10
|
|t:|1783401061
|move|p1a: Appletun|Protect|p1a: Appletun
|-singleturn|p1a: Appletun|Protect
|move|p2b: Incineroar|Fake Out|p1b: Incineroar
|-damage|p1b: Incineroar|35/100
|move|p2a: Ninetales|Blizzard|p1b: Incineroar|[spread] p1b
|-activate|p1a: Appletun|move: Protect
|-resisted|p1b: Incineroar|1
|-damage|p1b: Incineroar|23/100
|cant|p1b: Incineroar|flinch
|
|-weather|Snowscape|[upkeep]
|-damage|p2a: Ninetales|0 fnt|[from] Leech Seed|[of] p1a: Appletun
|faint|p2a: Ninetales
|upkeep
|turn|11
|
|t:|1783401071
|move|p1b: Incineroar|Parting Shot|p2b: Incineroar
|-unboost|p2b: Incineroar|atk|1
|-unboost|p2b: Incineroar|spa|1
|move|p2b: Incineroar|Flare Blitz|p1a: Appletun
|-damage|p1a: Appletun|87/100
|-damage|p2b: Incineroar|70/100|[from] Recoil
|move|p1a: Appletun|Leech Seed|p2b: Incineroar
|-start|p2b: Incineroar|move: Leech Seed
|
|-weather|Snowscape|[upkeep]
|-heal|p1a: Appletun|93/100|[from] item: Leftovers
|-damage|p2b: Incineroar|58/100|[from] Leech Seed|[of] p1a: Appletun
|-heal|p1a: Appletun|100/100|[silent]
|upkeep
|turn|12
|
|t:|1783401086
|move|p1a: Appletun|Protect|p1a: Appletun
|-singleturn|p1a: Appletun|Protect
|move|p1b: Incineroar|Parting Shot|p2b: Incineroar
|-unboost|p2b: Incineroar|atk|1
|-unboost|p2b: Incineroar|spa|1
|move|p2b: Incineroar|Flare Blitz|p1b: Incineroar
|-resisted|p1b: Incineroar|1
|-damage|p1b: Incineroar|12/100
|-damage|p2b: Incineroar|54/100|[from] Recoil
|
|-weather|Snowscape|[upkeep]
|-damage|p2b: Incineroar|42/100|[from] Leech Seed|[of] p1a: Appletun
|upkeep
|-enditem|p2b: Incineroar|Sitrus Berry|[eat]
|-heal|p2b: Incineroar|67/100|[from] item: Sitrus Berry
|turn|13
|
|t:|1783401096
|move|p1b: Incineroar|Parting Shot|p2b: Incineroar
|-unboost|p2b: Incineroar|atk|1
|-unboost|p2b: Incineroar|spa|1
|move|p2b: Incineroar|Flare Blitz|p1b: Incineroar
|-resisted|p1b: Incineroar|1
|-damage|p1b: Incineroar|4/100
|-damage|p2b: Incineroar|64/100|[from] Recoil
|move|p1a: Appletun|Dragon Pulse|p2b: Incineroar
|-damage|p2b: Incineroar|42/100
|
|-weather|none
|-damage|p2b: Incineroar|30/100|[from] Leech Seed|[of] p1a: Appletun
|upkeep
|turn|14
|
|t:|1783401115
|move|p1a: Appletun|Protect|p1a: Appletun
|-singleturn|p1a: Appletun|Protect
|move|p1b: Incineroar|Parting Shot|p2b: Incineroar
|-unboost|p2b: Incineroar|atk|1
|-unboost|p2b: Incineroar|spa|1
|move|p2b: Incineroar|Flare Blitz|p1b: Incineroar
|-resisted|p1b: Incineroar|1
|-damage|p1b: Incineroar|0 fnt
|faint|p1b: Incineroar
|-damage|p2b: Incineroar|28/100|[from] Recoil
|
|-damage|p2b: Incineroar|16/100|[from] Leech Seed|[of] p1a: Appletun
|upkeep
|turn|15
|
|t:|1783401124
|move|p2b: Incineroar|Flare Blitz|p1a: Appletun
|-damage|p1a: Appletun|93/100
|-damage|p2b: Incineroar|13/100|[from] Recoil
|move|p1a: Appletun|Dragon Pulse|p2b: Incineroar
|-damage|p2b: Incineroar|0 fnt
|faint|p2b: Incineroar
|
|win|Chocokoala VGC
||isamino is ready for game 3.
||Chocokoala VGC is ready for game 3.
|uhtml|next|Next: Game 3 of 3
