|j|☆cyndaquilhat
|j|☆steelag0
|html|cyndaquilhatsteelag0    
|uhtml|bestof|Game 1 of a best-of-3
|t:|1782426690
|gametype|doubles
|player|p1|cyndaquilhat|backpackerf|1158
|player|p2|steelag0|169|1128
|gen|9
|tier|[Gen 9 Champions] VGC 2026 Reg M-B (Bo3)
|rated|
|rule|Species Clause: Limit one of each Pokémon
|rule|Item Clause: Limit 1 of each item
|clearpoke
|poke|p1|Raichu, L50, F|
|poke|p1|Ninetales-Alola, L50, M|
|poke|p1|Incineroar, L50, M|
|poke|p1|Basculegion, L50, M|
|poke|p1|Gholdengo, L50|
|poke|p1|Lopunny, L50, F|
|poke|p2|Blaziken, L50, M|
|poke|p2|Hydreigon, L50, M|
|poke|p2|Basculegion, L50, M|
|poke|p2|Whimsicott, L50, M|
|poke|p2|Farigiraf, L50, M|
|poke|p2|Metagross, L50|
|teampreview|4
|showteam|p1|Raichu||RaichuniteY|LightningRod|Protect,ZapCannon,FocusBlast,FakeOut|Hasty||F|||50|]Ninetales-Alola||FocusSash|SnowWarning|Protect,Blizzard,Moonblast,AuroraVeil|Timid||M|||50|]Incineroar||SitrusBerry|Intimidate|PartingShot,FakeOut,FlareBlitz,ThroatChop|Adamant||M|||50|]Basculegion||MysticWater|Adaptability|WaveCrash,AquaJet,LastRespects,Protect|Adamant||M|||50|]Gholdengo||Leftovers|GoodasGold|Protect,NastyPlot,MakeItRain,ShadowBall|Timid|||||50|]Lopunny||Lopunnite|CuteCharm|Protect,FakeOut,CloseCombat,AfterYou|Jolly||F|||50|
|showteam|p2|Blaziken||Blazikenite|SpeedBoost|FlareBlitz,CloseCombat,RockSlide,Detect|Adamant||M|||50|]Hydreigon||ChoiceScarf|Levitate|DracoMeteor,DarkPulse,EarthPower,Snarl|Modest||M|||50|]Basculegion||LifeOrb|Adaptability|WaveCrash,LastRespects,AquaJet,Protect|Adamant||M|||50|]Whimsicott||FocusSash|Prankster|Moonblast,EnergyBall,Tailwind,Protect|Timid||M|||50|]Farigiraf||SitrusBerry|ArmorTail|Psychic,Thunderbolt,Roar,TrickRoom|Bold||M|||50|]Metagross||Metagrossite|ClearBody|PsychicFangs,IronHead,StompingTantrum,Protect|Jolly|||||50|
|inactive|Battle timer is ON: inactive players will automatically lose when time's up. (requested by cyndaquilhat)
|inactive|cyndaquilhat has 60 seconds left.
|inactive|steelag0 has 60 seconds left.
|
|t:|1782426726
|teamsize|p1|4
|teamsize|p2|4
|start
|switch|p1a: Raichu|Raichu, L50, F|100/100
|switch|p1b: Ninetales|Ninetales-Alola, L50, M|100/100
|switch|p2a: Hydreigon|Hydreigon, L50, M|100/100
|switch|p2b: Metagross|Metagross, L50|100/100
|-weather|Snowscape|[from] ability: Snow Warning|[of] p1b: Ninetales
|turn|1
|inactive|cyndaquilhat has 30 seconds left.
|inactive|steelag0 has 30 seconds left.
|
|t:|1782426756
|detailschange|p1a: Raichu|Raichu-Mega-Y, L50, F
|-mega|p1a: Raichu|Raichu|Raichunite Y
|detailschange|p2b: Metagross|Metagross-Mega, L50
|-mega|p2b: Metagross|Metagross|Metagrossite
|move|p1a: Raichu|Fake Out|p2b: Metagross
|-resisted|p2b: Metagross|1
|-damage|p2b: Metagross|96/100
|move|p2a: Hydreigon|Earth Power|p1a: Raichu
|-supereffective|p1a: Raichu|1
|-damage|p1a: Raichu|0 fnt
|faint|p1a: Raichu
|cant|p2b: Metagross|flinch
|move|p1b: Ninetales|Moonblast|p2a: Hydreigon
|-supereffective|p2a: Hydreigon|2
|-damage|p2a: Hydreigon|0 fnt
|faint|p2a: Hydreigon
|
|-weather|Snowscape|[upkeep]
|upkeep
|
|t:|1782426774
|switch|p1a: Basculegion|Basculegion, L50, M|100/100
|switch|p2a: Whimsicott|Whimsicott, L50, M|100/100
|turn|2
|
|t:|1782426791
|switch|p1b: Incineroar|Incineroar, L50, M|100/100
|-ability|p1b: Incineroar|Intimidate|boost
|-unboost|p2a: Whimsicott|atk|1
|-unboost|p2b: Metagross|atk|1
|move|p2a: Whimsicott|Energy Ball|p1a: Basculegion
|-supereffective|p1a: Basculegion|1
|-damage|p1a: Basculegion|26/100
|move|p2b: Metagross|Iron Head|p1b: Incineroar
|-resisted|p1b: Incineroar|1
|-damage|p1b: Incineroar|80/100
|move|p1a: Basculegion|Last Respects|p2b: Metagross
|-supereffective|p2b: Metagross|1
|-damage|p2b: Metagross|0 fnt
|faint|p2b: Metagross
|
|-weather|Snowscape|[upkeep]
|upkeep
|
|t:|1782426805
|switch|p2b: Basculegion|Basculegion, L50, M|100/100
|turn|3
|
|t:|1782426821
|move|p2a: Whimsicott|Protect|p2a: Whimsicott
|-singleturn|p2a: Whimsicott|Protect
|move|p2b: Basculegion|Protect|p2b: Basculegion
|-singleturn|p2b: Basculegion|Protect
|move|p1a: Basculegion|Aqua Jet|p2a: Whimsicott
|-activate|p2a: Whimsicott|move: Protect
|move|p1b: Incineroar|Flare Blitz|p2a: Whimsicott
|-activate|p2a: Whimsicott|move: Protect
|
|-weather|Snowscape|[upkeep]
|upkeep
|turn|4
|
|t:|1782426842
|move|p1a: Basculegion|Protect|p1a: Basculegion
|-singleturn|p1a: Basculegion|Protect
|move|p2a: Whimsicott|Tailwind|p2a: Whimsicott
|-sidestart|p2: steelag0|move: Tailwind
|move|p2b: Basculegion|Last Respects|p1a: Basculegion
|-activate|p1a: Basculegion|move: Protect
|move|p1b: Incineroar|Parting Shot|p2b: Basculegion
|-unboost|p2b: Basculegion|atk|1
|-unboost|p2b: Basculegion|spa|1
|
|t:|1782426852
|switch|p1b: Ninetales|Ninetales-Alola, L50, M|100/100|[from] Parting Shot
|
|-weather|Snowscape|[upkeep]
|upkeep
|turn|5
|
|t:|1782426860
|switch|p1a: Incineroar|Incineroar, L50, M|80/100
|-ability|p1a: Incineroar|Intimidate|boost
|-unboost|p2a: Whimsicott|atk|1
|-unboost|p2b: Basculegion|atk|1
|move|p2a: Whimsicott|Energy Ball|p1a: Incineroar
|-resisted|p1a: Incineroar|1
|-damage|p1a: Incineroar|63/100
|move|p2b: Basculegion|Last Respects|p1b: Ninetales
|-damage|p1b: Ninetales|30/100
|-damage|p2b: Basculegion|90/100|[from] item: Life Orb
|move|p1b: Ninetales|Aurora Veil|p1b: Ninetales
|-sidestart|p1: cyndaquilhat|move: Aurora Veil
|
|-weather|none
|upkeep
|turn|6
|
|t:|1782426880
|move|p2a: Whimsicott|Moonblast|p1a: Incineroar
|-damage|p1a: Incineroar|42/100
|-unboost|p1a: Incineroar|spa|1
|-enditem|p1a: Incineroar|Sitrus Berry|[eat]
|-heal|p1a: Incineroar|66/100|[from] item: Sitrus Berry
|move|p2b: Basculegion|Last Respects|p1b: Ninetales
|-damage|p1b: Ninetales|0 fnt
|faint|p1b: Ninetales
|-damage|p2b: Basculegion|80/100|[from] item: Life Orb
|move|p1a: Incineroar|Throat Chop|p2b: Basculegion
|-supereffective|p2b: Basculegion|1
|-damage|p2b: Basculegion|0 fnt
|faint|p2b: Basculegion
|
|upkeep
|
|t:|1782426893
|switch|p1b: Basculegion|Basculegion, L50, M|26/100
|turn|7
|-message|steelag0 forfeited.
|
|win|cyndaquilhat
