|j|☆Vuultur
|j|☆oops all fake outs
|html|Vuulturoops all fake outs    
|uhtml|bestof|Game 1 of a best-of-3
|t:|1756935929
|gametype|doubles
|player|p1|Vuultur|hilbert-wonderlauncher|1264
|player|p2|oops all fake outs|skier|1366
|gen|9
|tier|[Gen 9] VGC 2025 Reg H (Bo3)
|rated|
|rule|Species Clause: Limit one of each Pokémon
|rule|Item Clause: Limit 1 of each item
|clearpoke
|poke|p1|Gholdengo, L50|
|poke|p1|Amoonguss, L50, F|
|poke|p1|Basculegion, L50, M|
|poke|p1|Pelipper, L50, M|
|poke|p1|Incineroar, L50, M|
|poke|p1|Archaludon, L50, M|
|poke|p2|Ninetales-Alola, L50, F|
|poke|p2|Rillaboom, L50, M|
|poke|p2|Magmar, L50, F|
|poke|p2|Sneasler, L50, F|
|poke|p2|Kingambit, L50, F|
|poke|p2|Basculegion, L50, M|
|teampreview|4
|showteam|p1|Gholdengo||LifeOrb|GoodasGold|MakeItRain,ShadowBall,NastyPlot,Protect||||||50|,,,,,Water]Amoonguss||SitrusBerry|Regenerator|Spore,RagePowder,PollenPuff,ClearSmog|||F|||50|,,,,,Psychic]Basculegion||ChoiceBand|SwiftSwim|WaveCrash,FlipTurn,LastRespects,AquaJet|||M|||50|,,,,,Water]Pelipper||FocusSash|Drizzle|WeatherBall,Hurricane,Tailwind,Protect|||M|||50|,,,,,Ground]Incineroar||SafetyGoggles|Intimidate|FlareBlitz,KnockOff,PartingShot,FakeOut|||M|||50|,,,,,Ghost]Archaludon||AssaultVest|Stamina|ElectroShot,FlashCannon,DracoMeteor,BodyPress|||M|||50|,,,,,Bug
|showteam|p2|Ninetales-Alola||LifeOrb|SnowWarning|Blizzard,FreezeDry,Encore,Protect|||F|||50|,,,,,Ghost]Rillaboom||AssaultVest|GrassySurge|WoodHammer,FakeOut,Uturn,GrassyGlide|||M|||50|,,,,,Ghost]Magmar||Eviolite|VitalSpirit|Protect,HeatWave,Taunt,FollowMe|||F|||50|,,,,,Ghost]Sneasler||FocusSash|PoisonTouch|FakeOut,DireClaw,CloseCombat,Protect|||F|||50|,,,,,Ghost]Kingambit||BlackGlasses|Defiant|KowtowCleave,SwordsDance,SuckerPunch,Protect|||F|||50|,,,,,Fire]Basculegion||ChoiceScarf|Adaptability|WaveCrash,LastRespects,FlipTurn,TeraBlast|||M|||50|,,,,,Fighting
|inactive|Battle timer is ON: inactive players will automatically lose when time's up. (requested by oops all fake outs)
|inactive|Vuultur has 60 seconds left.
|
|t:|1756935987
|teamsize|p1|4
|teamsize|p2|4
|start
|switch|p1a: Amoonguss|Amoonguss, L50, F|100/100
|switch|p1b: Gholdengo|Gholdengo, L50|100/100
|switch|p2a: Rillaboom|Rillaboom, L50, M|100/100
|switch|p2b: Kingambit|Kingambit, L50, F|100/100
|-fieldstart|move: Grassy Terrain|[from] ability: Grassy Surge|[of] p2a: Rillaboom
|turn|1
|inactive|oops all fake outs has 30 seconds left.
|j| teamthief420
|
|t:|1756936015
|move|p2a: Rillaboom|Fake Out|p1a: Amoonguss
|-damage|p1a: Amoonguss|89/100
|move|p1b: Gholdengo|Nasty Plot|p1b: Gholdengo
|-boost|p1b: Gholdengo|spa|2
|move|p2b: Kingambit|Swords Dance|p2b: Kingambit
|-boost|p2b: Kingambit|atk|2
|cant|p1a: Amoonguss|flinch
|
|-heal|p1a: Amoonguss|95/100|[from] Grassy Terrain
|upkeep
|turn|2
|inactive|Vuultur has 30 seconds left.
|
|t:|1756936045
|move|p1a: Amoonguss|Rage Powder|p1a: Amoonguss
|-singleturn|p1a: Amoonguss|move: Rage Powder
|move|p1b: Gholdengo|Make It Rain|p2a: Rillaboom|[spread] p2a,p2b
|-resisted|p2b: Kingambit
|-damage|p2a: Rillaboom|22/100
|-damage|p2b: Kingambit|36/100
|-unboost|p1b: Gholdengo|spa|1
|-damage|p1b: Gholdengo|91/100|[from] item: Life Orb
|move|p2a: Rillaboom|U-turn|p1a: Amoonguss
|-damage|p1a: Amoonguss|76/100
|
|t:|1756936050
|switch|p2a: Sneasler|Sneasler, L50, F|100/100|[from] U-turn
|move|p2b: Kingambit|Kowtow Cleave|p1a: Amoonguss
|-damage|p1a: Amoonguss|0 fnt
|faint|p1a: Amoonguss
|
|-heal|p1b: Gholdengo|97/100|[from] Grassy Terrain
|-heal|p2b: Kingambit|42/100|[from] Grassy Terrain
|upkeep
|
|t:|1756936075
|switch|p1a: Pelipper|Pelipper, L50, M|100/100
|-weather|RainDance|[from] ability: Drizzle|[of] p1a: Pelipper
|turn|3
|
|t:|1756936102
|switch|p1a: Archaludon|Archaludon, L50, M|100/100
|move|p2b: Kingambit|Sucker Punch||[still]
|-fail|p2b: Kingambit
|move|p2a: Sneasler|Dire Claw|p1a: Archaludon
|-immune|p1a: Archaludon
|move|p1b: Gholdengo|Nasty Plot|p1b: Gholdengo
|-boost|p1b: Gholdengo|spa|2
|
|-weather|RainDance|[upkeep]
|-heal|p1b: Gholdengo|100/100|[from] Grassy Terrain
|-heal|p2b: Kingambit|48/100|[from] Grassy Terrain
|upkeep
|turn|4
|inactive|oops all fake outs has 30 seconds left.
|
|t:|1756936136
|switch|p2a: Ninetales|Ninetales-Alola, L50, F|100/100
|-weather|Snowscape|[from] ability: Snow Warning|[of] p2a: Ninetales
|-terastallize|p1a: Archaludon|Bug
|move|p1b: Gholdengo|Protect|p1b: Gholdengo
|-singleturn|p1b: Gholdengo|Protect
|move|p2b: Kingambit|Protect|p2b: Kingambit
|-singleturn|p2b: Kingambit|Protect
|move|p1a: Archaludon|Body Press|p2b: Kingambit
|-activate|p2b: Kingambit|move: Protect
|
|-weather|Snowscape|[upkeep]
|-heal|p2b: Kingambit|53/100|[from] Grassy Terrain
|upkeep
|turn|5
|inactive|Vuultur has 30 seconds left.
|
|t:|1756936166
|-terastallize|p2b: Kingambit|Fire
|move|p2b: Kingambit|Sucker Punch||[still]
|-fail|p2b: Kingambit
|move|p2a: Ninetales|Encore|p1a: Archaludon
|-start|p1a: Archaludon|Encore
|move|p1b: Gholdengo|Nasty Plot|p1b: Gholdengo
|-boost|p1b: Gholdengo|spa|2
|move|p1a: Archaludon|Body Press|p2b: Kingambit
|-damage|p2b: Kingambit|34/100
|
|-weather|Snowscape|[upkeep]
|-heal|p2b: Kingambit|40/100|[from] Grassy Terrain
|-fieldend|move: Grassy Terrain
|upkeep
|turn|6
|inactive|oops all fake outs has 30 seconds left.
|inactive|oops all fake outs has 20 seconds left.
|
|t:|1756936202
|switch|p2a: Rillaboom|Rillaboom, L50, M|22/100
|-fieldstart|move: Grassy Terrain|[from] ability: Grassy Surge|[of] p2a: Rillaboom
|move|p1b: Gholdengo|Make It Rain|p2a: Rillaboom|[spread] p2a,p2b
|-resisted|p2b: Kingambit
|-damage|p2a: Rillaboom|0 fnt
|-damage|p2b: Kingambit|0 fnt
|-unboost|p1b: Gholdengo|spa|1
|faint|p2a: Rillaboom
|faint|p2b: Kingambit
|-damage|p1b: Gholdengo|91/100|[from] item: Life Orb
|move|p1a: Archaludon|Body Press|p2: Rillaboom|[notarget]
|-fail|p1a: Archaludon
|
|-weather|Snowscape|[upkeep]
|-heal|p1b: Gholdengo|97/100|[from] Grassy Terrain
|upkeep
|-message|oops all fake outs forfeited.
|
|win|Vuultur
||oops all fake outs is ready for game 2.
||Vuultur is ready for game 2.
|uhtml|next|Next: Game 2 of 3
|l| teamthief420
|l|☆Vuultur
|player|p1|
