|j|☆Pengu
|j|☆thebusinesspiggy2
|html|Penguthebusinesspiggy2    
|uhtml|bestof|Game 1 of a best-of-3
|t:|1757856161
|gametype|doubles
|player|p1|Pengu|rosa-masters|
|player|p2|thebusinesspiggy2|iris-gen5bw2|
|gen|9
|tier|[Gen 9] VGC 2025 Reg H (Bo3)
|rule|Species Clause: Limit one of each Pokémon
|rule|Item Clause: Limit 1 of each item
|clearpoke
|poke|p1|Brambleghast, L50, M|
|poke|p1|Murkrow, L50, F|
|poke|p1|Farigiraf, L50, M|
|poke|p1|Hydreigon, L50, F|
|poke|p1|Typhlosion-Hisui, L50, F|
|poke|p1|Glimmora, L50, F|
|poke|p2|Haxorus, L50, F|
|poke|p2|Altaria, L50, M|
|poke|p2|Bisharp, L50, F|
|poke|p2|Heracross, L50, F|
|poke|p2|Electrode-Hisui, L50|
|poke|p2|Emboar, L50, F|
|teampreview|4
|showteam|p1|Brambleghast||FocusSash|WindRider|Poltergeist,PowerWhip,ShadowSneak,Protect|||M|||50|,,,,,Ghost]Murkrow||Eviolite|Prankster|Tailwind,FoulPlay,SunnyDay,Taunt|||F|||50|,,,,,Ghost]Farigiraf||ThroatSpray|ArmorTail|HyperVoice,DazzlingGleam,Psychic,Protect|||M|||50|,,,,,Fairy]Hydreigon||LifeOrb|Levitate|HeatWave,DracoMeteor,DarkPulse,Protect|||F|||50|,,,,,Fire]Typhlosion-Hisui||ChoiceSpecs|Blaze|Eruption,HeatWave,Overheat,ShadowBall|||F|||50|,,,,,Fire]Glimmora||PowerHerb|ToxicDebris|MeteorBeam,EarthPower,SludgeBomb,SpikyShield|||F|||50|,,,,,Ground
|showteam|p2|Haxorus||LifeOrb|MoldBreaker|DragonClaw,TeraBlast,FirstImpression,Protect|||F|||50|,,,,,Electric]Altaria||SitrusBerry|CloudNine|BreakingSwipe,Haze,HelpingHand,Protect|||M|||50|,,,,,Steel]Bisharp||Eviolite|Defiant|IronHead,ThroatChop,SuckerPunch,Protect|||F|||50|,,,,,Water]Heracross||FlameOrb|Guts|Facade,Megahorn,CloseCombat,Protect|||F|||50|,,,,,Normal]Electrode-Hisui||CovertCloak|Soundproof|Electroweb,Chloroblast,FoulPlay,Taunt||||||50|,,,,,Dark]Emboar||ChoiceBand|Reckless|FlareBlitz,HeadSmash,CloseCombat,WildCharge|||F|||50|,,,,,Fire
|inactive|Battle timer is ON: inactive players will automatically lose when time's up. (requested by Pengu)
|c|☆thebusinesspiggy2|glhf
|c|☆Pengu|u2
|inactive|Pengu has 60 seconds left.
|inactive|thebusinesspiggy2 has 60 seconds left.
|
|t:|1757856201
|teamsize|p1|4
|teamsize|p2|4
|start
|switch|p1a: Murkrow|Murkrow, L50, F|100/100
|switch|p1b: Brambleghast|Brambleghast, L50, M|100/100
|switch|p2a: Electrode|Electrode-Hisui, L50, shiny|100/100
|switch|p2b: Zerkom|Haxorus, L50, F, shiny|100/100
|-ability|p2b: Zerkom|Mold Breaker
|turn|1
|
|t:|1757856213
|move|p2b: Zerkom|First Impression|p1a: Murkrow
|-damage|p1a: Murkrow|43/100
|-damage|p2b: Zerkom|91/100|[from] item: Life Orb
|move|p1a: Murkrow|Tailwind|p1a: Murkrow
|-sidestart|p1: Pengu|move: Tailwind
|-ability|p1b: Brambleghast|Wind Rider|boost
|-boost|p1b: Brambleghast|atk|1
|move|p1b: Brambleghast|Poltergeist|p2a: Electrode
|-activate|p2a: Electrode|move: Poltergeist|Covert Cloak
|-damage|p2a: Electrode|0 fnt
|faint|p2a: Electrode
|
|upkeep
|
|t:|1757856224
|switch|p2a: Kingoobit|Bisharp, L50, F, shiny|100/100
|turn|2
|
|t:|1757856243
|switch|p1a: Farigiraf|Farigiraf, L50, M|100/100
|move|p2b: Zerkom|Protect|p2b: Zerkom
|-singleturn|p2b: Zerkom|Protect
|move|p2a: Kingoobit|Protect|p2a: Kingoobit
|-singleturn|p2a: Kingoobit|Protect
|move|p1b: Brambleghast|Poltergeist|p2b: Zerkom
|-activate|p2b: Zerkom|move: Protect
|
|upkeep
|turn|3
|
|t:|1757856254
|-terastallize|p1b: Brambleghast|Ghost
|move|p1b: Brambleghast|Poltergeist|p2a: Kingoobit
|-activate|p2a: Kingoobit|move: Poltergeist|Eviolite
|-resisted|p2a: Kingoobit
|-damage|p2a: Kingoobit|62/100
|move|p1a: Farigiraf|Hyper Voice|p2a: Kingoobit|[spread] p2a,p2b
|-resisted|p2a: Kingoobit
|-damage|p2a: Kingoobit|47/100
|-damage|p2b: Zerkom|44/100
|-enditem|p1a: Farigiraf|Throat Spray
|-boost|p1a: Farigiraf|spa|1|[from] item: Throat Spray
|move|p2b: Zerkom|Dragon Claw|p1b: Brambleghast
|-enditem|p1b: Brambleghast|Focus Sash
|-damage|p1b: Brambleghast|1/100
|-damage|p2b: Zerkom|34/100|[from] item: Life Orb
|move|p2a: Kingoobit|Throat Chop|p1b: Brambleghast
|-supereffective|p1b: Brambleghast
|-damage|p1b: Brambleghast|0 fnt
|faint|p1b: Brambleghast
|
|upkeep
|
|t:|1757856264
|switch|p1b: Murkrow|Murkrow, L50, F|43/100
|turn|4
|
|t:|1757856268
|move|p2b: Zerkom|Protect|p2b: Zerkom
|-singleturn|p2b: Zerkom|Protect
|move|p2a: Kingoobit|Protect|p2a: Kingoobit
|-singleturn|p2a: Kingoobit|Protect
|move|p1a: Farigiraf|Dazzling Gleam|p2a: Kingoobit|[spread] 
|-activate|p2a: Kingoobit|move: Protect
|-activate|p2b: Zerkom|move: Protect
|move|p1b: Murkrow|Foul Play|p2a: Kingoobit
|-activate|p2a: Kingoobit|move: Protect
|
|-sideend|p1: Pengu|move: Tailwind
|upkeep
|turn|5
|
|t:|1757856289
|move|p1a: Farigiraf|Protect|p1a: Farigiraf
|-singleturn|p1a: Farigiraf|Protect
|move|p1b: Murkrow|Tailwind|p1b: Murkrow
|-sidestart|p1: Pengu|move: Tailwind
|move|p2b: Zerkom|Dragon Claw|p1b: Murkrow
|-damage|p1b: Murkrow|0 fnt
|faint|p1b: Murkrow
|-damage|p2b: Zerkom|24/100|[from] item: Life Orb
|move|p2a: Kingoobit|Throat Chop|p1a: Farigiraf
|-activate|p1a: Farigiraf|move: Protect
|
|upkeep
|
|t:|1757856291
|switch|p1b: Typhlosion|Typhlosion-Hisui, L50, F|100/100
|turn|6
|
|t:|1757856300
|move|p2b: Zerkom|Protect|p2b: Zerkom
|-singleturn|p2b: Zerkom|Protect
|move|p2a: Kingoobit|Protect|p2a: Kingoobit
|-singleturn|p2a: Kingoobit|Protect
|move|p1b: Typhlosion|Heat Wave|p2a: Kingoobit|[spread] 
|-activate|p2a: Kingoobit|move: Protect
|-activate|p2b: Zerkom|move: Protect
|move|p1a: Farigiraf|Dazzling Gleam|p2a: Kingoobit|[spread] 
|-activate|p2a: Kingoobit|move: Protect
|-activate|p2b: Zerkom|move: Protect
|
|upkeep
|turn|7
|
|t:|1757856318
|-terastallize|p2a: Kingoobit|Water
|move|p1b: Typhlosion|Heat Wave|p2a: Kingoobit|[spread] p2a,p2b
|-resisted|p2a: Kingoobit
|-resisted|p2b: Zerkom
|-crit|p2b: Zerkom
|-damage|p2a: Kingoobit|21/100
|-damage|p2b: Zerkom|0 fnt
|faint|p2b: Zerkom
|move|p1a: Farigiraf|Dazzling Gleam|p2a: Kingoobit
|-damage|p2a: Kingoobit|0 fnt
|faint|p2a: Kingoobit
|
|upkeep
|
|t:|1757856326
|switch|p2b: Heracross|Heracross, L50, F|100/100
|turn|8
|
|t:|1757856332
|move|p2b: Heracross|Protect|p2b: Heracross
|-singleturn|p2b: Heracross|Protect
|move|p1b: Typhlosion|Heat Wave|p2b: Heracross
|-activate|p2b: Heracross|move: Protect
|move|p1a: Farigiraf|Psychic|p2b: Heracross
|-activate|p2b: Heracross|move: Protect
|
|-sideend|p1: Pengu|move: Tailwind
|-status|p2b: Heracross|brn|[from] item: Flame Orb
|upkeep
|turn|9
|
|t:|1757856341
|move|p1a: Farigiraf|Protect|p1a: Farigiraf
|-singleturn|p1a: Farigiraf|Protect
|move|p2b: Heracross|Megahorn|p1a: Farigiraf
|-activate|p1a: Farigiraf|move: Protect
|move|p1b: Typhlosion|Heat Wave|p2b: Heracross
|-supereffective|p2b: Heracross
|-crit|p2b: Heracross
|-damage|p2b: Heracross|0 fnt
|faint|p2b: Heracross
|
|win|Pengu
||Pengu is ready for game 2.
||thebusinesspiggy2 is ready for game 2.
|uhtml|next|Next: Game 2 of 3
|l|☆Pengu
|player|p1|
|l|☆thebusinesspiggy2
|player|p2|
