|j|☆Kyooby
|j|☆ruddyreboot
|html|Kyoobyruddyreboot    
|uhtml|bestof|Game 2 of a best-of-3
|t:|1757673985
|gametype|doubles
|player|p1|Kyooby|volkner|1133
|player|p2|ruddyreboot|crasherwake|1127
|gen|9
|tier|[Gen 9] VGC 2025 Reg H (Bo3)
|rated|
|rule|Species Clause: Limit one of each Pokémon
|rule|Item Clause: Limit 1 of each item
|clearpoke
|poke|p1|Sinistcha, L50|
|poke|p1|Archaludon, L50, M|
|poke|p1|Pelipper, L50, M|
|poke|p1|Basculegion, L50, M|
|poke|p1|Hydreigon, L50, M|
|poke|p1|Electrode-Hisui, L50|
|poke|p2|Gallade, L50, M|
|poke|p2|Indeedee-F, L50, F|
|poke|p2|Armarouge, L50, F|
|poke|p2|Torkoal, L50, M|
|poke|p2|Ursaluna, L50, F|
|poke|p2|Grimmsnarl, L50, M|
|teampreview|4
|showteam|p1|Sinistcha||SitrusBerry|Hospitality|MatchaGotcha,StrengthSap,RagePowder,TrickRoom||||||50|,,,,,Fire]Archaludon||AssaultVest|Stamina|DragonPulse,FlashCannon,ElectroShot,BodyPress|||M|||50|,,,,,Bug]Pelipper||FocusSash|Drizzle|WeatherBall,Hurricane,Tailwind,Protect|||M|||50|,,,,,Stellar]Basculegion||LifeOrb|SwiftSwim|WaveCrash,LastRespects,AquaJet,Protect|||M|||50|,,,,,Grass]Hydreigon||ScopeLens|Levitate|DracoMeteor,DarkPulse,FocusEnergy,Protect|||M|||50|,,,,,Steel]Electrode-Hisui||LoadedDice|Soundproof|BulletSeed,Electroweb,Taunt,RainDance||||||50|,,,,,Ghost
|showteam|p2|Gallade||ClearAmulet|Sharpness|SacredSword,PsychoCut,WideGuard,TrickRoom|||M|||50|,,,,,Grass]Indeedee-F||SafetyGoggles|PsychicSurge|FollowMe,TrickRoom,SkillSwap,Psychic|||F|||50|,,,,,Water]Armarouge||LifeOrb|FlashFire|HeatWave,ExpandingForce,ArmorCannon,TrickRoom|||F|||50|,,,,,Grass]Torkoal||Charcoal|Drought|Eruption,ClearSmog,Protect,WeatherBall|||M|||50|,,,,,Fire]Ursaluna||FlameOrb|Guts|Facade,HeadlongRush,Protect,Earthquake|||F|||50|,,,,,Ghost]Grimmsnarl||CovertCloak|Prankster|ThroatChop,FakeOut,Imprison,SpiritBreak|||M|||50|,,,,,Ghost
|inactive|Battle timer is ON: inactive players will automatically lose when time's up. (requested by ruddyreboot)
|inactive|Kyooby also wants the timer to be on.
|
|t:|1757674001
|teamsize|p1|4
|teamsize|p2|4
|start
|switch|p1a: Hydreigon|Hydreigon, L50, M|100/100
|switch|p1b: Basculegion|Basculegion, L50, M|100/100
|switch|p2a: Gallade|Gallade, L50, M|100/100
|switch|p2b: Indeedee|Indeedee-F, L50, F|100/100
|-fieldstart|move: Psychic Terrain|[from] ability: Psychic Surge|[of] p2b: Indeedee
|turn|1
|
|t:|1757674024
|switch|p1a: Sinistcha|Sinistcha, L50|100/100
|-terastallize|p2a: Gallade|Grass
|move|p1b: Basculegion|Wave Crash|p2a: Gallade
|-resisted|p2a: Gallade
|-damage|p2a: Gallade|46/100
|-damage|p1b: Basculegion|85/100|[from] Recoil
|-damage|p1b: Basculegion|75/100|[from] item: Life Orb
|move|p2a: Gallade|Sacred Sword|p1a: Sinistcha
|-immune|p1a: Sinistcha
|move|p2b: Indeedee|Trick Room|p2b: Indeedee
|-fieldstart|move: Trick Room|[of] p2b: Indeedee
|
|upkeep
|turn|2
|
|t:|1757674043
|switch|p2a: Ursaluna|Ursaluna, L50, F|100/100
|move|p1a: Sinistcha|Rage Powder|p1a: Sinistcha
|-singleturn|p1a: Sinistcha|move: Rage Powder
|move|p2b: Indeedee|Psychic|p1b: Basculegion
|-damage|p1b: Basculegion|26/100
|move|p1b: Basculegion|Last Respects|p2a: Ursaluna
|-immune|p2a: Ursaluna
|
|-status|p2a: Ursaluna|brn|[from] item: Flame Orb
|upkeep
|turn|3
|
|t:|1757674067
|move|p1a: Sinistcha|Rage Powder|p1a: Sinistcha
|-singleturn|p1a: Sinistcha|move: Rage Powder
|move|p2a: Ursaluna|Headlong Rush|p1a: Sinistcha
|-resisted|p1a: Sinistcha
|-damage|p1a: Sinistcha|56/100
|-unboost|p2a: Ursaluna|def|1
|-unboost|p2a: Ursaluna|spd|1
|move|p2b: Indeedee|Psychic|p1b: Basculegion
|-damage|p1b: Basculegion|0 fnt
|faint|p1b: Basculegion
|
|-damage|p2a: Ursaluna|95/100 brn|[from] brn
|upkeep
|
|t:|1757674078
|switch|p1b: Hydreigon|Hydreigon, L50, M|100/100
|turn|4
|
|t:|1757674093
|-terastallize|p1b: Hydreigon|Steel
|move|p2a: Ursaluna|Headlong Rush|p1a: Sinistcha
|-resisted|p1a: Sinistcha
|-damage|p1a: Sinistcha|12/100
|-unboost|p2a: Ursaluna|def|1
|-unboost|p2a: Ursaluna|spd|1
|-enditem|p1a: Sinistcha|Sitrus Berry|[eat]
|-heal|p1a: Sinistcha|36/100|[from] item: Sitrus Berry
|move|p1a: Sinistcha|Matcha Gotcha|p2b: Indeedee|[spread] p2a,p2b
|-supereffective|p2a: Ursaluna
|-damage|p2a: Ursaluna|9/100 brn
|-heal|p1a: Sinistcha|94/100|[from] drain|[of] p2a: Ursaluna
|-damage|p2b: Indeedee|78/100
|-heal|p1a: Sinistcha|100/100|[from] drain|[of] p2b: Indeedee
|-status|p2b: Indeedee|brn
|move|p2b: Indeedee|Skill Swap|p1b: Hydreigon
|-activate|p2b: Indeedee|move: Skill Swap|Levitate|Psychic Surge|[of] p1b: Hydreigon
|move|p1b: Hydreigon|Focus Energy|p1b: Hydreigon
|-start|p1b: Hydreigon|move: Focus Energy
|
|-damage|p2a: Ursaluna|3/100 brn|[from] brn
|-damage|p2b: Indeedee|72/100 brn|[from] brn
|upkeep
|turn|5
|inactive|Kyooby has 30 seconds left.
|
|t:|1757674125
|switch|p2a: Gallade|Gallade, L50, M, tera:Grass|46/100
|move|p1b: Hydreigon|Protect|p1b: Hydreigon
|-singleturn|p1b: Hydreigon|Protect
|move|p1a: Sinistcha|Matcha Gotcha|p2a: Gallade|[spread] p2a,p2b
|-resisted|p2a: Gallade
|-damage|p2a: Gallade|36/100
|-damage|p2b: Indeedee|49/100 brn
|move|p2b: Indeedee|Skill Swap|p1a: Sinistcha
|-activate|p2b: Indeedee|move: Skill Swap|Hospitality|Levitate|[of] p1a: Sinistcha
|-heal|p2a: Gallade|60/100|[from] ability: Hospitality|[of] p2b: Indeedee
|
|-damage|p2b: Indeedee|42/100 brn|[from] brn
|-fieldend|move: Trick Room
|-fieldend|move: Psychic Terrain
|upkeep
|turn|6
|inactive|Kyooby has 30 seconds left.
|inactive|Kyooby has 20 seconds left.
|
|t:|1757674161
|move|p2b: Indeedee|Follow Me|p2b: Indeedee
|-singleturn|p2b: Indeedee|move: Follow Me
|move|p1b: Hydreigon|Draco Meteor|p2b: Indeedee
|-crit|p2b: Indeedee
|-damage|p2b: Indeedee|0 fnt
|-unboost|p1b: Hydreigon|spa|2
|faint|p2b: Indeedee
|move|p2a: Gallade|Sacred Sword|p1b: Hydreigon
|-supereffective|p1b: Hydreigon
|-damage|p1b: Hydreigon|0 fnt
|faint|p1b: Hydreigon
|move|p1a: Sinistcha|Trick Room|p1a: Sinistcha
|-fieldstart|move: Trick Room|[of] p1a: Sinistcha
|
|upkeep
|-message|Kyooby forfeited.
|
|win|ruddyreboot
||ruddyreboot is ready for game 3.
||Kyooby is ready for game 3.
|uhtml|next|Next: Game 3 of 3
|l|☆Kyooby
|player|p1|
|l|☆ruddyreboot
|player|p2|
