|j|☆B South
|j|☆BeckVGC
|html|B SouthBeckVGC    
|uhtml|bestof|Game 1 of a best-of-3
|t:|1757693241
|gametype|doubles
|player|p1|B South|169|1045
|player|p2|BeckVGC|roughneck-gen4|1048
|gen|9
|tier|[Gen 9] VGC 2025 Reg H (Bo3)
|rated|
|rule|Species Clause: Limit one of each Pokémon
|rule|Item Clause: Limit 1 of each item
|clearpoke
|poke|p1|Pelipper, L50, F|
|poke|p1|Archaludon, L50, M|
|poke|p1|Basculegion, L50, M|
|poke|p1|Barraskewda, L50, F|
|poke|p1|Maushold, L50|
|poke|p1|Annihilape, L50, M|
|poke|p2|Tyranitar, L50, F|
|poke|p2|Excadrill, L50, M|
|poke|p2|Annihilape, L50, F|
|poke|p2|Amoonguss, L50, F|
|poke|p2|Corviknight, L50, M|
|poke|p2|Basculegion, L50, M|
|teampreview|4
|showteam|p1|Pelipper||ChoiceScarf|Drizzle|Tailwind,WeatherBall,Hurricane,AirSlash|||F|||50|,,,,,Stellar]Archaludon||AssaultVest|Stamina|ElectroShot,BodyPress,DracoMeteor,FlashCannon|||M|||50|,,,,,Bug]Basculegion||MysticWater|SwiftSwim|AquaJet,FlipTurn,WaveCrash,LastRespects|||M|||50|,,,,,Water]Barraskewda||ChoiceBand|SwiftSwim|FlipTurn,Liquidation,CloseCombat,AquaJet|||F|||50|,,,,,Fighting]Maushold||SafetyGoggles|FriendGuard|BeatUp,FollowMe,Taunt,Protect||||||50|,,,,,Ghost]Annihilape||Leftovers|Defiant|BulkUp,RageFist,DrainPunch,Protect|||M|||50|,,,,,Grass
|showteam|p2|Tyranitar||AssaultVest|SandStream|RockSlide,KnockOff,TeraBlast,LowKick|||F|||50|,,,,,Flying]Excadrill||FocusSash|SandRush|HighHorsepower,IronHead,Earthquake,Protect|||M|||50|,,,,,Stellar]Annihilape||SafetyGoggles|Defiant|CloseCombat,RageFist,FinalGambit,Coaching|||F|||50|,,,,,Water]Amoonguss||SitrusBerry|Regenerator|LeafStorm,Spore,RagePowder,Protect|||F|||50|,,,,,Psychic]Corviknight||Leftovers|MirrorArmor|BraveBird,BulkUp,Tailwind,Roost|||M|||50|,,,,,Dragon]Basculegion||ChoiceScarf|Adaptability|WaveCrash,FlipTurn,LastRespects,TeraBlast|||M|||50|,,,,,Fairy
|inactive|Battle timer is ON: inactive players will automatically lose when time's up. (requested by BeckVGC)
|inactive|B South has 60 seconds left.
|
|t:|1757693305
|teamsize|p1|4
|teamsize|p2|4
|start
|switch|p1a: Annihilape|Annihilape, L50, M|100/100
|switch|p1b: Maushold|Maushold, L50|100/100
|switch|p2a: Corviknight|Corviknight, L50, M|100/100
|switch|p2b: Annihilape|Annihilape, L50, F|100/100
|turn|1
|
|t:|1757693325
|-terastallize|p1b: Maushold|Ghost
|move|p1b: Maushold|Beat Up|p1a: Annihilape
|-damage|p1a: Annihilape|99/100
|-damage|p1a: Annihilape|97/100
|-damage|p1a: Annihilape|95/100
|-damage|p1a: Annihilape|94/100
|-hitcount|p1a: Annihilape|4
|move|p2b: Annihilape|Coaching|p2a: Corviknight
|-boost|p2a: Corviknight|atk|1
|-boost|p2a: Corviknight|def|1
|move|p1a: Annihilape|Rage Fist|p2b: Annihilape
|-supereffective|p2b: Annihilape
|-damage|p2b: Annihilape|0 fnt
|faint|p2b: Annihilape
|move|p2a: Corviknight|Bulk Up|p2a: Corviknight
|-boost|p2a: Corviknight|atk|1
|-boost|p2a: Corviknight|def|1
|
|-heal|p1a: Annihilape|99/100|[from] item: Leftovers
|upkeep
|
|t:|1757693335
|switch|p2b: Tyranitar|Tyranitar, L50, F|100/100
|-weather|Sandstorm|[from] ability: Sand Stream|[of] p2b: Tyranitar
|turn|2
|
|t:|1757693360
|-terastallize|p2b: Tyranitar|Flying
|move|p1b: Maushold|Follow Me|p1b: Maushold
|-singleturn|p1b: Maushold|move: Follow Me
|move|p1a: Annihilape|Rage Fist|p2a: Corviknight
|-damage|p2a: Corviknight|63/100
|move|p2a: Corviknight|Bulk Up|p2a: Corviknight
|-boost|p2a: Corviknight|atk|1
|-boost|p2a: Corviknight|def|1
|move|p2b: Tyranitar|Tera Blast|p1b: Maushold|[anim] Tera Blast Flying
|-damage|p1b: Maushold|42/100
|
|-weather|Sandstorm|[upkeep]
|-damage|p1a: Annihilape|94/100|[from] Sandstorm
|-damage|p2b: Tyranitar|94/100|[from] Sandstorm
|-heal|p1a: Annihilape|99/100|[from] item: Leftovers
|-heal|p2a: Corviknight|69/100|[from] item: Leftovers
|upkeep
|turn|3
|
|t:|1757693382
|move|p1b: Maushold|Follow Me|p1b: Maushold
|-singleturn|p1b: Maushold|move: Follow Me
|move|p1a: Annihilape|Rage Fist|p2b: Tyranitar
|-damage|p2b: Tyranitar|21/100
|move|p2a: Corviknight|Tailwind|p2a: Corviknight
|-sidestart|p2: BeckVGC|move: Tailwind
|move|p2b: Tyranitar|Tera Blast|p1b: Maushold|[anim] Tera Blast Flying
|-damage|p1b: Maushold|0 fnt
|faint|p1b: Maushold
|
|-weather|Sandstorm|[upkeep]
|-damage|p2b: Tyranitar|15/100|[from] Sandstorm
|-damage|p1a: Annihilape|94/100|[from] Sandstorm
|-heal|p2a: Corviknight|75/100|[from] item: Leftovers
|-heal|p1a: Annihilape|99/100|[from] item: Leftovers
|upkeep
|
|t:|1757693399
|switch|p1b: Archaludon|Archaludon, L50, M|100/100
|turn|4
|
|t:|1757693409
|switch|p2b: Excadrill|Excadrill, L50, M|100/100
|switch|p1a: Peeko|Pelipper, L50, F, shiny|100/100
|-weather|RainDance|[from] ability: Drizzle|[of] p1a: Peeko
|move|p2a: Corviknight|Brave Bird|p1a: Peeko
|-crit|p1a: Peeko
|-damage|p1a: Peeko|0 fnt
|faint|p1a: Peeko
|-damage|p2a: Corviknight|53/100|[from] Recoil
|move|p1b: Archaludon|Electro Shot||[still]
|-prepare|p1b: Archaludon|Electro Shot
|-boost|p1b: Archaludon|spa|1
|-anim|p1b: Archaludon|Electro Shot|p2a: Corviknight
|-supereffective|p2a: Corviknight
|-damage|p2a: Corviknight|0 fnt
|faint|p2a: Corviknight
|
|-weather|RainDance|[upkeep]
|upkeep
|
|t:|1757693429
|switch|p1a: Annihilape|Annihilape, L50, M|99/100
|switch|p2a: Tyranitar|Tyranitar, L50, F, tera:Flying|15/100
|-weather|Sandstorm|[from] ability: Sand Stream|[of] p2a: Tyranitar
|turn|5
|
|t:|1757693447
|move|p1a: Annihilape|Protect|p1a: Annihilape
|-singleturn|p1a: Annihilape|Protect
|move|p2b: Excadrill|Earthquake|p1a: Annihilape|[spread] p1b
|-activate|p1a: Annihilape|move: Protect
|-immune|p2a: Tyranitar
|-supereffective|p1b: Archaludon
|-damage|p1b: Archaludon|47/100
|-ability|p1b: Archaludon|Stamina|boost
|-boost|p1b: Archaludon|def|1
|move|p2a: Tyranitar|Low Kick|p1b: Archaludon
|-supereffective|p1b: Archaludon
|-damage|p1b: Archaludon|19/100
|-ability|p1b: Archaludon|Stamina|boost
|-boost|p1b: Archaludon|def|1
|move|p1b: Archaludon|Flash Cannon|p2a: Tyranitar
|-damage|p2a: Tyranitar|0 fnt
|faint|p2a: Tyranitar
|
|-weather|Sandstorm|[upkeep]
|-damage|p1a: Annihilape|94/100|[from] Sandstorm
|-heal|p1a: Annihilape|99/100|[from] item: Leftovers
|upkeep
|turn|6
|inactive|B South has 30 seconds left.
|
|t:|1757693476
|move|p2b: Excadrill|Earthquake|p1a: Annihilape|[spread] p1a,p1b
|-supereffective|p1b: Archaludon
|-crit|p1b: Archaludon
|-damage|p1a: Annihilape|62/100
|-damage|p1b: Archaludon|0 fnt
|faint|p1b: Archaludon
|move|p1a: Annihilape|Drain Punch|p2b: Excadrill
|-supereffective|p2b: Excadrill
|-damage|p2b: Excadrill|9/100
|-heal|p1a: Annihilape|100/100|[from] drain|[of] p2b: Excadrill
|
|-weather|Sandstorm|[upkeep]
|-damage|p1a: Annihilape|95/100|[from] Sandstorm
|-heal|p1a: Annihilape|100/100|[from] item: Leftovers
|-sideend|p2: BeckVGC|move: Tailwind
|upkeep
|turn|7
|
|t:|1757693490
|move|p2b: Excadrill|Earthquake|p1a: Annihilape
|-damage|p1a: Annihilape|56/100
|move|p1a: Annihilape|Drain Punch|p2b: Excadrill
|-supereffective|p2b: Excadrill
|-damage|p2b: Excadrill|0 fnt
|-heal|p1a: Annihilape|59/100|[from] drain|[of] p2b: Excadrill
|faint|p2b: Excadrill
|
|win|B South
||BeckVGC is ready for game 2.
|inactive|B South has 30 seconds to confirm battle start!
||B South is ready for game 2.
|uhtml|next|Next: Game 2 of 3
