|j|☆axcoquette
|j|☆neuesspielzeug
|html|axcoquetteneuesspielzeug    
|uhtml|bestof|Game 1 of a best-of-3
|t:|1784593570
|gametype|doubles
|player|p1|axcoquette|2|1216
|player|p2|neuesspielzeug|2|1266
|gen|9
|tier|[Gen 9 Champions] VGC 2026 Reg M-B (Bo3)
|rated|
|rule|Species Clause: Limit one of each Pokémon
|rule|Item Clause: Limit 1 of each item
|clearpoke
|poke|p1|Sneasler, L50, M|
|poke|p1|Blastoise, L50, M|
|poke|p1|Kingambit, L50, M|
|poke|p1|Incineroar, L50, M|
|poke|p1|Delphox, L50, F|
|poke|p1|Sinistcha, L50|
|poke|p2|Charizard, L50, F|
|poke|p2|Floette-Eternal, L50, F|
|poke|p2|Sinistcha, L50|
|poke|p2|Tyranitar, L50, M|
|poke|p2|Gholdengo, L50|
|poke|p2|Basculegion, L50, M|
|teampreview|4
|showteam|p1|Sneasler||FocusSash|PoisonTouch|PoisonJab,CloseCombat,FakeOut,QuickGuard|Jolly||M|||50|]Blastoise||Blastoisinite|RainDish|DarkPulse,WaterSpout,ShellSmash,Protect|Modest||M|||50|]Kingambit||BlackGlasses|Defiant|KowtowCleave,SuckerPunch,SwordsDance,Protect|Adamant||M|||50|]Incineroar||SitrusBerry|Intimidate|FlareBlitz,HelpingHand,PartingShot,FakeOut|Careful||M|||50|]Delphox||Delphoxite|Blaze|HeatWave,NastyPlot,Psyshock,Protect|Modest||F|||50|]Sinistcha||KasibBerry|Hospitality|MatchaGotcha,RagePowder,TrickRoom,Protect|Bold|||||50|
|showteam|p2|Charizard||CharizarditeX|Blaze|BreakingSwipe,WillOWisp,TemperFlare,Protect|Adamant||F|||50|]Floette-Eternal||Floettite|FlowerVeil|DazzlingGleam,Moonblast,LightofRuin,Protect|Timid||F|||50|]Sinistcha||KasibBerry|Hospitality|Protect,TrickRoom,MatchaGotcha,RagePowder|Calm|||||50|]Tyranitar||FocusSash|SandStream|RockSlide,LowKick,KnockOff,Protect|Jolly||M|||50|]Gholdengo||LifeOrb|GoodasGold|NastyPlot,ShadowBall,MakeItRain,Protect|Modest|||||50|]Basculegion||ChoiceScarf|Adaptability|WaveCrash,LastRespects,AquaJet,FlipTurn|Jolly||M|||50|
|inactive|Battle timer is ON: inactive players will automatically lose when time's up. (requested by axcoquette)
|j| brittneysheercold
|inactive|axcoquette has 60 seconds left.
|inactive|neuesspielzeug has 60 seconds left.
|inactive|axcoquette has 30 seconds left.
|inactive|axcoquette has 20 seconds left.
|
|t:|1784593644
|teamsize|p1|4
|teamsize|p2|4
|start
|switch|p1a: Sneasler|Sneasler, L50, M|100/100
|switch|p1b: Kingambit|Kingambit, L50, M|100/100
|switch|p2a: Gholdengo|Gholdengo, L50|100/100
|switch|p2b: Sinistcha|Sinistcha, L50|100/100
|turn|1
|inactive|axcoquette has 30 seconds left.
|inactive|axcoquette has 20 seconds left.
|inactive|axcoquette has 15 seconds left.
|
|t:|1784593684
|move|p1a: Sneasler|Poison Jab|p2b: Sinistcha
|-damage|p2b: Sinistcha|61/100
|move|p2a: Gholdengo|Shadow Ball|p1a: Sneasler
|-damage|p1a: Sneasler|25/100
|-damage|p2a: Gholdengo|90/100|[from] item: Life Orb
|move|p2b: Sinistcha|Matcha Gotcha|p1a: Sneasler|[spread] p1a,p1b
|-resisted|p1a: Sneasler|1
|-resisted|p1b: Kingambit|1
|-damage|p1a: Sneasler|8/100
|-heal|p2b: Sinistcha|68/100|[from] drain|[of] p1a: Sneasler
|-damage|p1b: Kingambit|91/100
|-heal|p2b: Sinistcha|73/100|[from] drain|[of] p1b: Kingambit
|-status|p1a: Sneasler|brn
|move|p1b: Kingambit|Kowtow Cleave|p2a: Gholdengo
|-supereffective|p2a: Gholdengo|1
|-damage|p2a: Gholdengo|1/100
|
|-damage|p1a: Sneasler|3/100 brn|[from] brn
|upkeep
|turn|2
|inactive|axcoquette has 30 seconds left.
|inactive|neuesspielzeug has 30 seconds left.
|inactive|axcoquette has 20 seconds left.
|inactive|axcoquette has 15 seconds left.
|inactive|neuesspielzeug has 20 seconds left.
|inactive|axcoquette has 10 seconds left.
|
|t:|1784593733
|move|p2b: Sinistcha|Protect|p2b: Sinistcha
|-singleturn|p2b: Sinistcha|Protect
|move|p1a: Sneasler|Poison Jab|p2b: Sinistcha
|-activate|p2b: Sinistcha|move: Protect
|move|p2a: Gholdengo|Make It Rain|p1b: Kingambit|[spread] p1a,p1b
|-resisted|p1b: Kingambit|1
|-damage|p1a: Sneasler|0 fnt
|-damage|p1b: Kingambit|68/100
|-unboost|p2a: Gholdengo|spa|2
|faint|p1a: Sneasler
|-damage|p2a: Gholdengo|0 fnt|[from] item: Life Orb
|faint|p2a: Gholdengo
|move|p1b: Kingambit|Kowtow Cleave|p2b: Sinistcha
|-activate|p2b: Sinistcha|move: Protect
|
|upkeep
|inactive|axcoquette has 30 seconds left.
|
|t:|1784593765
|switch|p1a: Sinistcha|Sinistcha, L50|100/100
|switch|p2a: Tyranitar|Tyranitar, L50, M|100/100
|-weather|Sandstorm|[from] ability: Sand Stream|[of] p2a: Tyranitar
|-heal|p1b: Kingambit|92/100|[from] ability: Hospitality|[of] p1a: Sinistcha
|turn|3
|inactive|axcoquette has 30 seconds left.
|inactive|neuesspielzeug has 30 seconds left.
|inactive|axcoquette has 20 seconds left.
|
|t:|1784593801
|move|p2a: Tyranitar|Low Kick|p1b: Kingambit
|-supereffective|p1b: Kingambit|2
|-damage|p1b: Kingambit|0 fnt
|faint|p1b: Kingambit
|move|p1a: Sinistcha|Matcha Gotcha|p2a: Tyranitar|[spread] p2a,p2b
|-supereffective|p2a: Tyranitar|1
|-resisted|p2b: Sinistcha|1
|-damage|p2a: Tyranitar|66/100
|-damage|p2b: Sinistcha|63/100
|move|p2b: Sinistcha|Matcha Gotcha|p1a: Sinistcha
|-resisted|p1a: Sinistcha|1
|-damage|p1a: Sinistcha|84/100
|-heal|p2b: Sinistcha|71/100|[from] drain|[of] p1a: Sinistcha
|
|-weather|Sandstorm|[upkeep]
|-damage|p2b: Sinistcha|65/100|[from] Sandstorm
|-damage|p1a: Sinistcha|78/100|[from] Sandstorm
|upkeep
|
|t:|1784593815
|switch|p1b: Blastoise|Blastoise, L50, M|100/100
|turn|4
|inactive|axcoquette has 30 seconds left.
|
|t:|1784593850
|detailschange|p1b: Blastoise|Blastoise-Mega, L50, M
|-mega|p1b: Blastoise|Blastoise|Blastoisinite
|move|p1a: Sinistcha|Protect|p1a: Sinistcha
|-singleturn|p1a: Sinistcha|Protect
|move|p1b: Blastoise|Dark Pulse|p2b: Sinistcha
|-supereffective|p2b: Sinistcha|1
|-damage|p2b: Sinistcha|0 fnt
|faint|p2b: Sinistcha
|move|p2a: Tyranitar|Knock Off|p1a: Sinistcha
|-activate|p1a: Sinistcha|move: Protect
|
|-weather|Sandstorm|[upkeep]
|-damage|p1b: Blastoise|94/100|[from] Sandstorm
|-damage|p1a: Sinistcha|72/100|[from] Sandstorm
|upkeep
|
|t:|1784593856
|switch|p2b: Charizard|Charizard, L50, F|100/100
|turn|5
|
|t:|1784593867
|detailschange|p2b: Charizard|Charizard-Mega-X, L50, F
|-mega|p2b: Charizard|Charizard|Charizardite X
|move|p1a: Sinistcha|Rage Powder|p1a: Sinistcha
|-singleturn|p1a: Sinistcha|move: Rage Powder
|move|p2b: Charizard|Breaking Swipe|p1a: Sinistcha|[spread] p1a,p1b
|-damage|p1a: Sinistcha|50/100y
|-damage|p1b: Blastoise|68/100
|-unboost|p1a: Sinistcha|atk|1
|-unboost|p1b: Blastoise|atk|1
|move|p1b: Blastoise|Water Spout|p2b: Charizard|[spread] p2a,p2b
|-supereffective|p2a: Tyranitar|1
|-damage|p2a: Tyranitar|1/100
|-damage|p2b: Charizard|49/100
|move|p2a: Tyranitar|Rock Slide|p1a: Sinistcha|[spread] p1a
|-miss|p2a: Tyranitar|p1b: Blastoise
|-damage|p1a: Sinistcha|23/100
|
|-weather|Sandstorm|[upkeep]
|-damage|p2b: Charizard|43/100|[from] Sandstorm
|-damage|p1b: Blastoise|62/100|[from] Sandstorm
|-damage|p1a: Sinistcha|16/100|[from] Sandstorm
|upkeep
|turn|6
|inactive|axcoquette has 30 seconds left.
|inactive|neuesspielzeug has 30 seconds left.
|
|t:|1784593902
|move|p2a: Tyranitar|Protect|p2a: Tyranitar
|-singleturn|p2a: Tyranitar|Protect
|move|p1a: Sinistcha|Protect|p1a: Sinistcha
|-singleturn|p1a: Sinistcha|Protect
|move|p2b: Charizard|Breaking Swipe|p1b: Blastoise|[spread] p1b
|-activate|p1a: Sinistcha|move: Protect
|-damage|p1b: Blastoise|35/100
|-unboost|p1b: Blastoise|atk|1
|move|p1b: Blastoise|Water Spout|p2a: Tyranitar|[spread] p2b
|-activate|p2a: Tyranitar|move: Protect
|-damage|p2b: Charizard|15/100
|
|-weather|Sandstorm|[upkeep]
|-damage|p2b: Charizard|9/100|[from] Sandstorm
|-damage|p1b: Blastoise|29/100|[from] Sandstorm
|-damage|p1a: Sinistcha|10/100|[from] Sandstorm
|upkeep
|turn|7
|inactive|axcoquette has 30 seconds left.
|
|t:|1784593932
|move|p2b: Charizard|Breaking Swipe|p1b: Blastoise|[spread] p1a,p1b
|-damage|p1a: Sinistcha|0 fnt
|-damage|p1b: Blastoise|3/100
|-unboost|p1b: Blastoise|atk|1
|faint|p1a: Sinistcha
|move|p1b: Blastoise|Water Spout|p2a: Tyranitar|[spread] p2a,p2b
|-supereffective|p2a: Tyranitar|1
|-damage|p2a: Tyranitar|0 fnt
|-damage|p2b: Charizard|7/100
|faint|p2a: Tyranitar
|
|-weather|none
|upkeep
|turn|8
|
|t:|1784593950
|move|p2b: Charizard|Breaking Swipe|p1b: Blastoise
|-damage|p1b: Blastoise|0 fnt
|faint|p1b: Blastoise
|
|win|neuesspielzeug
