|j|☆ikerros2010
|j|☆jonixs
|html|ikerros2010jonixs    
|uhtml|bestof|Game 1 of a best-of-3
|t:|1782527451
|gametype|doubles
|player|p1|ikerros2010|169|1123
|player|p2|jonixs|hilda|1198
|gen|9
|tier|[Gen 9 Champions] VGC 2026 Reg M-B (Bo3)
|rated|
|rule|Species Clause: Limit one of each Pokémon
|rule|Item Clause: Limit 1 of each item
|clearpoke
|poke|p1|Delphox, L50, F|
|poke|p1|Kingambit, L50, F|
|poke|p1|Sinistcha, L50|
|poke|p1|Incineroar, L50, F|
|poke|p1|Sneasler, L50, F|
|poke|p1|Sylveon, L50, M|
|poke|p2|Pelipper, L50, M|
|poke|p2|Archaludon, L50, M, shiny|
|poke|p2|Sinistcha, L50|
|poke|p2|Swampert, L50, M|
|poke|p2|Basculegion, L50, M|
|poke|p2|Mawile, L50, M|
|teampreview|4
|showteam|p1|Delphox||Delphoxite|Blaze|HeatWave,Psyshock,NastyPlot,Protect|Timid||F|||50|]Kingambit||BlackGlasses|Defiant|KowtowCleave,SuckerPunch,Protect,SwordsDance|Adamant||F|||50|]Sinistcha||KasibBerry|Hospitality|MatchaGotcha,RagePowder,TrickRoom,Protect|Relaxed|||||50|]Incineroar||SitrusBerry|Intimidate|FlareBlitz,DarkestLariat,FakeOut,PartingShot|Impish||F|||50|]Sneasler||FocusSash|PoisonTouch|CloseCombat,DireClaw,QuickGuard,FakeOut|Jolly||F|||50|]Sylveon||FairyFeather|Pixilate|HyperVoice,Protect,HyperBeam,QuickAttack|Modest||M|||50|
|showteam|p2|Pelipper||SitrusBerry|Drizzle|Hurricane,WeatherBall,Protect,Tailwind|Bold||M|||50|]Archaludon||Leftovers|Stamina|ElectroShot,Protect,FlashCannon,DragonPulse|Modest||M|||50|]Sinistcha||KasibBerry|Hospitality|MatchaGotcha,TrickRoom,RagePowder,Protect|Bold|||||50|]Swampert||Swampertite|Torrent|IcePunch,WaveCrash,HighHorsepower,Protect|Adamant||M|||50|]Basculegion||ChoiceScarf|Adaptability|AquaJet,LastRespects,WaveCrash,FlipTurn|Jolly||M|||50|]Mawile||Mawilite|HyperCutter|PlayRough,IronHead,Protect,SuckerPunch|Adamant||M|||50|
|inactive|Battle timer is ON: inactive players will automatically lose when time's up. (requested by ikerros2010)
|inactive|jonixs has 60 seconds left.
|
|t:|1782527484
|teamsize|p1|4
|teamsize|p2|4
|start
|switch|p1a: Sinistcha|Sinistcha, L50|100/100
|switch|p1b: Incineroar|Incineroar, L50, F|100/100
|switch|p2a: Mawile|Mawile, L50, M|100/100
|switch|p2b: Basculegion|Basculegion, L50, M|100/100
|-ability|p1b: Incineroar|Intimidate|boost
|-fail|p2a: Mawile|unboost|Attack|[from] ability: Hyper Cutter|[of] p2a: Mawile
|-unboost|p2b: Basculegion|atk|1
|turn|1
|inactive|jonixs has 30 seconds left.
|
|t:|1782527512
|detailschange|p2a: Mawile|Mawile-Mega, L50, M
|-mega|p2a: Mawile|Mawile|Mawilite
|move|p1b: Incineroar|Fake Out|p2a: Mawile
|-resisted|p2a: Mawile|1
|-damage|p2a: Mawile|94/100
|move|p2b: Basculegion|Flip Turn|p1b: Incineroar
|-supereffective|p1b: Incineroar|1
|-damage|p1b: Incineroar|64/100
|
|t:|1782527521
|switch|p2b: Sinistcha|Sinistcha, L50|100/100|[from] Flip Turn
|-heal|p2a: Mawile|100/100|[from] ability: Hospitality|[of] p2b: Sinistcha
|cant|p2a: Mawile|flinch
|move|p1a: Sinistcha|Trick Room|p1a: Sinistcha
|-fieldstart|move: Trick Room|[of] p1a: Sinistcha
|
|upkeep
|turn|2
|
|t:|1782527540
|move|p1a: Sinistcha|Matcha Gotcha|p2b: Sinistcha|[spread] p2a,p2b
|-resisted|p2a: Mawile|1
|-resisted|p2b: Sinistcha|1
|-damage|p2a: Mawile|84/100
|-damage|p2b: Sinistcha|88/100
|move|p1b: Incineroar|Flare Blitz|p2a: Mawile
|-supereffective|p2a: Mawile|1
|-damage|p2a: Mawile|0 fnt
|faint|p2a: Mawile
|-damage|p1b: Incineroar|42/100|[from] Recoil
|-enditem|p1b: Incineroar|Sitrus Berry|[eat]
|-heal|p1b: Incineroar|67/100|[from] item: Sitrus Berry
|move|p2b: Sinistcha|Matcha Gotcha|p1a: Sinistcha|[spread] p1a,p1b
|-resisted|p1a: Sinistcha|1
|-resisted|p1b: Incineroar|1
|-damage|p1a: Sinistcha|87/100
|-heal|p2b: Sinistcha|95/100|[from] drain|[of] p1a: Sinistcha
|-damage|p1b: Incineroar|56/100
|-heal|p2b: Sinistcha|100/100|[from] drain|[of] p1b: Incineroar
|
|upkeep
|
|t:|1782527547
|switch|p2a: Pelipper|Pelipper, L50, M|100/100
|-weather|RainDance|[from] ability: Drizzle|[of] p2a: Pelipper
|turn|3
|
|t:|1782527569
|move|p1a: Sinistcha|Matcha Gotcha|p2a: Pelipper|[spread] p2a,p2b
|-resisted|p2b: Sinistcha|1
|-damage|p2a: Pelipper|74/100
|-heal|p1a: Sinistcha|98/100|[from] drain|[of] p2a: Pelipper
|-damage|p2b: Sinistcha|87/100
|-heal|p1a: Sinistcha|100/100|[from] drain|[of] p2b: Sinistcha
|move|p1b: Incineroar|Parting Shot|p2a: Pelipper
|-unboost|p2a: Pelipper|atk|1
|-unboost|p2a: Pelipper|spa|1
|
|t:|1782527579
|switch|p1b: Sylveon|Sylveon, L50, M|100/100|[from] Parting Shot
|move|p2a: Pelipper|Weather Ball|p1b: Sylveon
|-damage|p1b: Sylveon|74/100
|move|p2b: Sinistcha|Trick Room|p2b: Sinistcha
|-fieldend|move: Trick Room
|
|-weather|RainDance|[upkeep]
|upkeep
|turn|4
|
|t:|1782527597
|move|p2b: Sinistcha|Protect|p2b: Sinistcha
|-singleturn|p2b: Sinistcha|Protect
|move|p2a: Pelipper|Tailwind|p2a: Pelipper
|-sidestart|p2: jonixs|move: Tailwind
|move|p1b: Sylveon|Hyper Voice|p2b: Sinistcha|[spread] p2a
|-activate|p2b: Sinistcha|move: Protect
|-damage|p2a: Pelipper|20/100y
|-enditem|p2a: Pelipper|Sitrus Berry|[eat]
|-heal|p2a: Pelipper|44/100|[from] item: Sitrus Berry
|move|p1a: Sinistcha|Matcha Gotcha|p2a: Pelipper|[spread] p2a
|-activate|p2b: Sinistcha|move: Protect
|-damage|p2a: Pelipper|16/100
|-status|p2a: Pelipper|brn
|
|-weather|RainDance|[upkeep]
|-damage|p2a: Pelipper|10/100 brn|[from] brn
|upkeep
|turn|5
|
|t:|1782527620
|move|p2b: Sinistcha|Matcha Gotcha|p1b: Sylveon|[spread] p1b
|-miss|p2b: Sinistcha|p1a: Sinistcha
|-damage|p1b: Sylveon|55/100
|-heal|p2b: Sinistcha|97/100|[from] drain|[of] p1b: Sylveon
|move|p2a: Pelipper|Hurricane|p1a: Sinistcha
|-supereffective|p1a: Sinistcha|1
|-damage|p1a: Sinistcha|52/100
|move|p1b: Sylveon|Hyper Beam|p2b: Sinistcha
|-damage|p2b: Sinistcha|0 fnt
|-mustrecharge|p1b: Sylveon
|faint|p2b: Sinistcha
|move|p1a: Sinistcha|Trick Room|p1a: Sinistcha
|-fieldstart|move: Trick Room|[of] p1a: Sinistcha
|
|-weather|RainDance|[upkeep]
|-damage|p2a: Pelipper|4/100 brn|[from] brn
|upkeep
|
|t:|1782527632
|switch|p2b: Basculegion|Basculegion, L50, M|100/100
|turn|6
|
|t:|1782527644
|move|p1a: Sinistcha|Matcha Gotcha|p2b: Basculegion|[spread] p2a,p2b
|-supereffective|p2b: Basculegion|1
|-damage|p2a: Pelipper|0 fnt
|-heal|p1a: Sinistcha|55/100|[from] drain|[of] p2a: Pelipper
|-damage|p2b: Basculegion|41/100
|-heal|p1a: Sinistcha|87/100|[from] drain|[of] p2b: Basculegion
|faint|p2a: Pelipper
|cant|p1b: Sylveon|recharge
|move|p2b: Basculegion|Last Respects|p1a: Sinistcha
|-supereffective|p1a: Sinistcha|1
|-enditem|p1a: Sinistcha|Kasib Berry|[eat]
|-enditem|p1a: Sinistcha|Kasib Berry|[weaken]
|-damage|p1a: Sinistcha|0 fnt
|faint|p1a: Sinistcha
|
|-weather|RainDance|[upkeep]
|upkeep
|
|t:|1782527659
|switch|p1a: Kingambit|Kingambit, L50, F|100/100
|turn|7
|
|t:|1782527663
|move|p1a: Kingambit|Sucker Punch|p2b: Basculegion
|-supereffective|p2b: Basculegion|1
|-damage|p2b: Basculegion|0 fnt
|faint|p2b: Basculegion
|
|win|ikerros2010
|l|☆jonixs
|player|p2|
|l|☆ikerros2010
|player|p1|
||ikerros2010 is ready for game 2.
||jonixs is ready for game 2.
|uhtml|next|Next: Game 2 of 3
|j|☆ikerros2010
|player|p1|ikerros2010|169|
|l|☆ikerros2010
|player|p1|
|j|☆ikerros2010
|player|p1|ikerros2010|169|
