|j|☆526yamuko
|j|☆4FunWarrior
|html|526yamuko4FunWarrior    
|uhtml|bestof|Game 1 of a best-of-3
|t:|1785672857
|gametype|doubles
|player|p1|526yamuko|smasher|1112
|player|p2|4FunWarrior|gentleman|1106
|gen|9
|tier|[Gen 9 Champions] VGC 2026 Reg M-B (Bo3)
|rated|
|rule|Species Clause: Limit one of each Pokémon
|rule|Item Clause: Limit 1 of each item
|clearpoke
|poke|p1|Tyranitar, L50, F|
|poke|p1|Sinistcha, L50|
|poke|p1|Gholdengo, L50|
|poke|p1|Kangaskhan, L50, F|
|poke|p1|Palafin, L50, M|
|poke|p1|Corviknight, L50, M|
|poke|p2|Grimmsnarl, L50, M, shiny|
|poke|p2|Venusaur, L50, F, shiny|
|poke|p2|Archaludon, L50, F, shiny|
|poke|p2|Pelipper, L50, M|
|poke|p2|Palafin, L50, F, shiny|
|poke|p2|Staraptor, L50, M|
|teampreview|4
|showteam|p1|Tyranitar||Tyranitarite|SandStream|Protect,RockSlide,KnockOff,LowKick|Adamant||F|||50|]Sinistcha||SitrusBerry|Hospitality|TrickRoom,Protect,RagePowder,MatchaGotcha|Calm|||||50|]Gholdengo||LifeOrb|GoodasGold|NastyPlot,Protect,ShadowBall,MakeItRain|Modest|||||50|]Kangaskhan||Kangaskhanite|Scrappy|FakeOut,DoubleEdge,SuckerPunch,DrainPunch|Adamant||F|||50|]Palafin||ChoiceScarf|ZerotoHero|FlipTurn,WaveCrash,CloseCombat,IcePunch|Jolly||M|||50|]Corviknight||MentalHerb|MirrorArmor|Tailwind,BraveBird,Protect,Uturn|Impish||M|||50|
|showteam|p2|Grimmsnarl||LightClay|Prankster|PartingShot,Reflect,LightScreen,SpiritBreak|Careful||M|||50|]Venusaur||Venusaurite|Overgrow|GigaDrain,SludgeBomb,EarthPower,Protect|Modest||F|||50|]Archaludon||Leftovers|Stamina|ElectroShot,DragonPulse,FlashCannon,Protect|Bold||F|||50|]Pelipper||SitrusBerry|Drizzle|Hurricane,WeatherBall,Tailwind,WideGuard|Bold||M|||50|]Palafin||LifeOrb|ZerotoHero|WaveCrash,JetPunch,FlipTurn,Protect|Jolly||F|||50|]Staraptor||Staraptite|Intimidate|BraveBird,CloseCombat,Tailwind,Protect|Jolly||M|||50|
|inactive|Battle timer is ON: inactive players will automatically lose when time's up. (requested by 4FunWarrior)
|inactive|4FunWarrior has 60 seconds left.
|
|t:|1785672890
|teamsize|p1|4
|teamsize|p2|4
|start
|switch|p1a: Kangaskhan|Kangaskhan, L50, F|100/100
|switch|p1b: Palafin|Palafin, L50, M|100/100
|switch|p2a: Palafin|Palafin, L50, F, shiny|100/100
|switch|p2b: Grimmsnarl|Grimmsnarl, L50, M, shiny|100/100
|turn|1
|
|t:|1785672905
|move|p1a: Kangaskhan|Fake Out|p2b: Grimmsnarl
|-damage|p2b: Grimmsnarl|79/100
|cant|p2b: Grimmsnarl|flinch
|move|p1b: Palafin|Flip Turn|p2b: Grimmsnarl
|-damage|p2b: Grimmsnarl|54/100
|
|t:|1785672912
|detailschange|p1b: Palafin|Palafin-Hero, L50, M
|switch|p1b: Corviknight|Corviknight, L50, M|100/100|[from] Flip Turn
|move|p2a: Palafin|Flip Turn|p1a: Kangaskhan
|-damage|p1a: Kangaskhan|66/100
|-damage|p2a: Palafin|90/100|[from] item: Life Orb
|
|t:|1785672920
|detailschange|p2a: Palafin|Palafin-Hero, L50, F, shiny
|switch|p2a: Archaludon|Archaludon, L50, F, shiny|100/100|[from] Flip Turn
|
|upkeep
|turn|2
|
|t:|1785672931
|detailschange|p1a: Kangaskhan|Kangaskhan-Mega, L50, F
|-mega|p1a: Kangaskhan|Kangaskhan|Kangaskhanite
|move|p2b: Grimmsnarl|Reflect|p2b: Grimmsnarl
|-sidestart|p2: 4FunWarrior|Reflect
|move|p1a: Kangaskhan|Drain Punch|p2a: Archaludon
|-supereffective|p2a: Archaludon|1
|-damage|p2a: Archaludon|73/100
|-heal|p1a: Kangaskhan|80/100|[from] drain|[of] p2a: Archaludon
|-ability|p2a: Archaludon|Stamina|boost
|-boost|p2a: Archaludon|def|1
|-supereffective|p2a: Archaludon|1
|-damage|p2a: Archaludon|69/100
|-heal|p1a: Kangaskhan|82/100|[from] drain|[of] p2a: Archaludon
|-ability|p2a: Archaludon|Stamina|boost
|-boost|p2a: Archaludon|def|1
|-hitcount|p2a: Archaludon|2
|move|p2a: Archaludon|Electro Shot||[still]
|-prepare|p2a: Archaludon|Electro Shot
|-boost|p2a: Archaludon|spa|1
|move|p1b: Corviknight|Tailwind|p1b: Corviknight
|-sidestart|p1: 526yamuko|move: Tailwind
|
|-heal|p2a: Archaludon|75/100|[from] item: Leftovers
|upkeep
|turn|3
|
|t:|1785672940
|move|p2b: Grimmsnarl|Parting Shot|p1a: Kangaskhan
|-unboost|p1a: Kangaskhan|atk|1
|-unboost|p1a: Kangaskhan|spa|1
|
|t:|1785672943
|switch|p2b: Pelipper|Pelipper, L50, M|100/100|[from] Parting Shot
|-weather|RainDance|[from] ability: Drizzle|[of] p2b: Pelipper
|move|p1a: Kangaskhan|Drain Punch|p2a: Archaludon
|-supereffective|p2a: Archaludon|1
|-damage|p2a: Archaludon|67/100
|-heal|p1a: Kangaskhan|86/100|[from] drain|[of] p2a: Archaludon
|-ability|p2a: Archaludon|Stamina|boost
|-boost|p2a: Archaludon|def|1
|-supereffective|p2a: Archaludon|1
|-damage|p2a: Archaludon|65/100
|-heal|p1a: Kangaskhan|87/100|[from] drain|[of] p2a: Archaludon
|-ability|p2a: Archaludon|Stamina|boost
|-boost|p2a: Archaludon|def|1
|-hitcount|p2a: Archaludon|2
|move|p1b: Corviknight|U-turn|p2b: Pelipper
|-resisted|p2b: Pelipper|1
|-damage|p2b: Pelipper|95/100
|
|t:|1785672946
|switch|p1b: Palafin|Palafin-Hero, L50, M|100/100|[from] U-turn
|-activate|p1b: Palafin|ability: Zero to Hero
|move|p2a: Archaludon|Electro Shot|p1a: Kangaskhan|[from] lockedmove
|-damage|p1a: Kangaskhan|30/100
|
|-weather|RainDance|[upkeep]
|-heal|p2a: Archaludon|72/100|[from] item: Leftovers
|upkeep
|turn|4
|
|t:|1785672959
|move|p1b: Palafin|Close Combat|p2a: Archaludon
|-supereffective|p2a: Archaludon|1
|-damage|p2a: Archaludon|56/100
|-unboost|p1b: Palafin|def|1
|-unboost|p1b: Palafin|spd|1
|-ability|p2a: Archaludon|Stamina|boost
|-boost|p2a: Archaludon|def|1
|move|p1a: Kangaskhan|Drain Punch|p2a: Archaludon
|-supereffective|p2a: Archaludon|1
|-damage|p2a: Archaludon|51/100
|-heal|p1a: Kangaskhan|33/100|[from] drain|[of] p2a: Archaludon
|-ability|p2a: Archaludon|Stamina|boost
|-boost|p2a: Archaludon|def|1
|-supereffective|p2a: Archaludon|1
|-damage|p2a: Archaludon|51/100
|-heal|p1a: Kangaskhan|33/100|[from] drain|[of] p2a: Archaludon
|-hitcount|p2a: Archaludon|2
|move|p2a: Archaludon|Electro Shot||[still]
|-prepare|p2a: Archaludon|Electro Shot
|-boost|p2a: Archaludon|spa|1
|-anim|p2a: Archaludon|Electro Shot|p1b: Palafin
|-supereffective|p1b: Palafin|1
|-damage|p1b: Palafin|0 fnt
|faint|p1b: Palafin
|move|p2b: Pelipper|Tailwind|p2b: Pelipper
|-sidestart|p2: 4FunWarrior|move: Tailwind
|
|-weather|RainDance|[upkeep]
|-heal|p2a: Archaludon|57/100|[from] item: Leftovers
|upkeep
|
|t:|1785672967
|switch|p1b: Gholdengo|Gholdengo, L50|100/100
|turn|5
|
|t:|1785672976
|move|p1a: Kangaskhan|Double-Edge|p2b: Pelipper
|-damage|p2b: Pelipper|66/100
|-damage|p2b: Pelipper|59/100
|-hitcount|p2b: Pelipper|2
|-damage|p1a: Kangaskhan|23/100|[from] Recoil
|move|p1b: Gholdengo|Shadow Ball|p2a: Archaludon
|-damage|p2a: Archaludon|0 fnt
|faint|p2a: Archaludon
|-damage|p1b: Gholdengo|90/100|[from] item: Life Orb
|move|p2b: Pelipper|Weather Ball|p1b: Gholdengo
|-damage|p1b: Gholdengo|33/100
|
|-weather|RainDance|[upkeep]
|-sideend|p1: 526yamuko|move: Tailwind
|upkeep
|
|t:|1785672988
|switch|p2a: Palafin|Palafin-Hero, L50, F, shiny|90/100
|-activate|p2a: Palafin|ability: Zero to Hero
|turn|6
|inactive|4FunWarrior has 30 seconds left.
|inactive|4FunWarrior has 20 seconds left.
|
|t:|1785673028
|move|p1b: Gholdengo|Protect|p1b: Gholdengo
|-singleturn|p1b: Gholdengo|Protect
|move|p2a: Palafin|Jet Punch|p1b: Gholdengo
|-activate|p1b: Gholdengo|move: Protect
|move|p2b: Pelipper|Weather Ball|p1a: Kangaskhan
|-damage|p1a: Kangaskhan|0 fnt
|faint|p1a: Kangaskhan
|
|-weather|RainDance|[upkeep]
|upkeep
|
|t:|1785673029
|switch|p1a: Corviknight|Corviknight, L50, M|100/100
|turn|7
|
|t:|1785673041
|move|p2a: Palafin|Wave Crash|p1a: Corviknight
|-damage|p1a: Corviknight|4/100
|-damage|p2a: Palafin|54/100|[from] Recoil
|-damage|p2a: Palafin|44/100|[from] item: Life Orb
|move|p2b: Pelipper|Weather Ball|p1b: Gholdengo
|-crit|p1b: Gholdengo
|-damage|p1b: Gholdengo|0 fnt
|faint|p1b: Gholdengo
|move|p1a: Corviknight|Tailwind|p1a: Corviknight
|-sidestart|p1: 526yamuko|move: Tailwind
|
|-weather|none
|-sideend|p2: 4FunWarrior|move: Tailwind
|upkeep
|turn|8
|
|t:|1785673051
|move|p2a: Palafin|Jet Punch|p1a: Corviknight
|-crit|p1a: Corviknight
|-damage|p1a: Corviknight|0 fnt
|faint|p1a: Corviknight
|-damage|p2a: Palafin|35/100|[from] item: Life Orb
|
|win|4FunWarrior
||526yamuko is ready for game 2.
|inactive|4FunWarrior has 30 seconds to confirm battle start!
||4FunWarrior is ready for game 2.
|uhtml|next|Next: Game 2 of 3
