|j|☆swag morra
|j|☆rorain fearow
|html|swag morrarorain fearow    
|uhtml|bestof|Game 1 of a best-of-3
|t:|1757759845
|gametype|doubles
|player|p1|swag morra|maylene|1022
|player|p2|rorain fearow|birdkeeper|1095
|gen|9
|tier|[Gen 9] VGC 2025 Reg H (Bo3)
|rated|
|rule|Species Clause: Limit one of each Pokémon
|rule|Item Clause: Limit 1 of each item
|clearpoke
|poke|p1|Charjabug, L50, F|
|poke|p1|Hatterene, L50, F|
|poke|p1|Ursaluna, L50, M|
|poke|p1|Annihilape, L50, F|
|poke|p1|Primarina, L50, M|
|poke|p1|Sinistcha, L50|
|poke|p2|Talonflame, L50, M|
|poke|p2|Milotic, L50, F|
|poke|p2|Sinistcha, L50|
|poke|p2|Gardevoir, L50, M|
|poke|p2|Dragonite, L50, F|
|poke|p2|Ursaluna, L50, F|
|teampreview|4
|showteam|p1|Charjabug||Eviolite|Battery|Lunge,VoltSwitch,StruggleBug,Protect|||F|||50|,,,,,Water]Hatterene||CovertCloak|MagicBounce|DazzlingGleam,Psychic,Protect,TrickRoom|||F|||50|,,,,,Water]Ursaluna||FlameOrb|Guts|Facade,Protect,Earthquake,Substitute|||M|||50|,,,,,Ghost]Annihilape||ChoiceScarf|Defiant|FinalGambit,CloseCombat,RageFist,Uturn|||F|||50|,,,,,Stellar]Primarina||ThroatSpray|LiquidVoice|HyperVoice,Moonblast,IceBeam,Protect|||M|||50|,,,,,Stellar]Sinistcha||SitrusBerry|Hospitality|TrickRoom,MatchaGotcha,RagePowder,Protect||||||50|,,,,,Dragon
|showteam|p2|Talonflame||FocusSash|GaleWings|WillOWisp,Tailwind,DualWingbeat,Protect|||M|||50|,,,,,Ghost]Milotic||CovertCloak|Competitive|Scald,IcyWind,Recover,Protect|||F|||50|,,,,,Grass]Sinistcha||SitrusBerry|Hospitality|MatchaGotcha,RagePowder,TrickRoom,Protect||||||50|,,,,,Fairy]Gardevoir||KebiaBerry|Telepathy|TrickRoom,Moonblast,DestinyBond,Protect|||M|||50|,,,,,Grass]Dragonite||LoadedDice|InnerFocus|ScaleShot,Tailwind,Haze,Protect|||F|||50|,,,,,Steel]Ursaluna||FlameOrb|Guts|HeadlongRush,Earthquake,Facade,Protect|||F|||50|,,,,,Ghost
|
|t:|1757759890
|teamsize|p1|4
|teamsize|p2|4
|start
|switch|p1a: Sinistcha|Sinistcha, L50|100/100
|switch|p1b: Charjabug|Charjabug, L50, F|100/100
|switch|p2a: Sinistcha|Sinistcha, L50|100/100
|switch|p2b: Ursaluna|Ursaluna, L50, F|100/100
|turn|1
|
|t:|1757759915
|move|p2b: Ursaluna|Protect|p2b: Ursaluna
|-singleturn|p2b: Ursaluna|Protect
|move|p1a: Sinistcha|Matcha Gotcha|p2b: Ursaluna|[spread] p2a
|-activate|p2b: Ursaluna|move: Protect
|-resisted|p2a: Sinistcha
|-damage|p2a: Sinistcha|84/100
|move|p1b: Charjabug|Struggle Bug|p2b: Ursaluna|[spread] p2a
|-activate|p2b: Ursaluna|move: Protect
|-damage|p2a: Sinistcha|76/100
|-unboost|p2a: Sinistcha|spa|1
|move|p2a: Sinistcha|Trick Room|p2a: Sinistcha
|-fieldstart|move: Trick Room|[of] p2a: Sinistcha
|
|-status|p2b: Ursaluna|brn|[from] item: Flame Orb
|upkeep
|turn|2
|
|t:|1757759930
|switch|p2a: Gardevoir|Gardevoir, L50, M|100/100
|-terastallize|p2b: Ursaluna|Ghost
|move|p1b: Charjabug|Lunge|p2b: Ursaluna
|-resisted|p2b: Ursaluna
|-damage|p2b: Ursaluna|92/100 brn
|-unboost|p2b: Ursaluna|atk|1
|move|p1a: Sinistcha|Matcha Gotcha|p2b: Ursaluna|[spread] p2a,p2b
|-damage|p2a: Gardevoir|70/100
|-damage|p2b: Ursaluna|60/100 brn
|move|p2b: Ursaluna|Earthquake|p1a: Sinistcha|[spread] p1a,p1b
|-activate|p2a: Gardevoir|ability: Telepathy
|-resisted|p1a: Sinistcha
|-damage|p1a: Sinistcha|80/100
|-damage|p1b: Charjabug|69/100
|
|-damage|p2b: Ursaluna|54/100 brn|[from] brn
|upkeep
|turn|3
|
|t:|1757759953
|switch|p2b: Sinistcha|Sinistcha, L50|76/100
|-heal|p2a: Gardevoir|94/100|[from] ability: Hospitality|[of] p2b: Sinistcha
|move|p1b: Charjabug|Struggle Bug|p2a: Gardevoir|[spread] p2a,p2b
|-damage|p2a: Gardevoir|87/100
|-damage|p2b: Sinistcha|67/100
|-unboost|p2a: Gardevoir|spa|1
|-unboost|p2b: Sinistcha|spa|1
|move|p1a: Sinistcha|Matcha Gotcha|p2a: Gardevoir|[spread] p2a,p2b
|-resisted|p2b: Sinistcha
|-damage|p2a: Gardevoir|56/100
|-heal|p1a: Sinistcha|95/100|[from] drain|[of] p2a: Gardevoir
|-damage|p2b: Sinistcha|50/100
|-heal|p1a: Sinistcha|100/100|[from] drain|[of] p2b: Sinistcha
|-enditem|p2b: Sinistcha|Sitrus Berry|[eat]
|-heal|p2b: Sinistcha|75/100|[from] item: Sitrus Berry
|move|p2a: Gardevoir|Destiny Bond|p2a: Gardevoir
|-singlemove|p2a: Gardevoir|Destiny Bond
|
|upkeep
|turn|4
|
|t:|1757759979
|switch|p1a: Primarina|Primarina, L50, M|100/100
|move|p1b: Charjabug|Struggle Bug|p2a: Gardevoir|[spread] p2a,p2b
|-damage|p2a: Gardevoir|48/100
|-damage|p2b: Sinistcha|67/100
|-unboost|p2a: Gardevoir|spa|1
|-unboost|p2b: Sinistcha|spa|1
|move|p2b: Sinistcha|Matcha Gotcha|p1a: Primarina|[spread] p1a,p1b
|-supereffective|p1a: Primarina
|-resisted|p1b: Charjabug
|-damage|p1a: Primarina|80/100
|-heal|p2b: Sinistcha|77/100|[from] drain|[of] p1a: Primarina
|-damage|p1b: Charjabug|66/100
|-heal|p2b: Sinistcha|79/100|[from] drain|[of] p1b: Charjabug
|-status|p1a: Primarina|brn
|move|p2a: Gardevoir|Moonblast|p1b: Charjabug
|-crit|p1b: Charjabug
|-damage|p1b: Charjabug|21/100
|
|-damage|p1a: Primarina|74/100 brn|[from] brn
|upkeep
|turn|5
|
|t:|1757760009
|move|p2b: Sinistcha|Protect|p2b: Sinistcha
|-singleturn|p2b: Sinistcha|Protect
|move|p2a: Gardevoir|Protect|p2a: Gardevoir
|-singleturn|p2a: Gardevoir|Protect
|move|p1b: Charjabug|Volt Switch|p2b: Sinistcha
|-activate|p2b: Sinistcha|move: Protect
|move|p1a: Primarina|Hyper Voice|p2b: Sinistcha|[spread] 
|-activate|p2a: Gardevoir|move: Protect
|-activate|p2b: Sinistcha|move: Protect
|
|-damage|p1a: Primarina|68/100 brn|[from] brn
|-fieldend|move: Trick Room
|upkeep
|turn|6
|
|t:|1757760021
|switch|p1b: Sinistcha|Sinistcha, L50|100/100
|-heal|p1a: Primarina|93/100 brn|[from] ability: Hospitality|[of] p1b: Sinistcha
|move|p2a: Gardevoir|Destiny Bond|p2a: Gardevoir
|-singlemove|p2a: Gardevoir|Destiny Bond
|move|p2b: Sinistcha|Matcha Gotcha|p1b: Sinistcha|[spread] p1a,p1b
|-supereffective|p1a: Primarina
|-resisted|p1b: Sinistcha
|-damage|p1a: Primarina|73/100 brn
|-heal|p2b: Sinistcha|90/100|[from] drain|[of] p1a: Primarina
|-damage|p1b: Sinistcha|95/100
|-heal|p2b: Sinistcha|93/100|[from] drain|[of] p1b: Sinistcha
|move|p1a: Primarina|Hyper Voice|p2b: Sinistcha|[spread] p2a,p2b
|-resisted|p2b: Sinistcha
|-damage|p2a: Gardevoir|10/100
|-damage|p2b: Sinistcha|73/100
|-enditem|p1a: Primarina|Throat Spray
|-boost|p1a: Primarina|spa|1|[from] item: Throat Spray
|
|-damage|p1a: Primarina|67/100 brn|[from] brn
|upkeep
|turn|7
|
|t:|1757760042
|move|p2b: Sinistcha|Protect|p2b: Sinistcha
|-singleturn|p2b: Sinistcha|Protect
|move|p1a: Primarina|Ice Beam|p2b: Sinistcha
|-activate|p2b: Sinistcha|move: Protect
|move|p2a: Gardevoir|Trick Room|p2a: Gardevoir
|-fieldstart|move: Trick Room|[of] p2a: Gardevoir
|move|p1b: Sinistcha|Trick Room|p1b: Sinistcha
|-fieldend|move: Trick Room
|
|-damage|p1a: Primarina|61/100 brn|[from] brn
|upkeep
|turn|8
|
|t:|1757760059
|move|p2a: Gardevoir|Destiny Bond|p2a: Gardevoir
|-singlemove|p2a: Gardevoir|Destiny Bond
|move|p2b: Sinistcha|Matcha Gotcha|p1a: Primarina|[spread] p1a,p1b
|-supereffective|p1a: Primarina
|-resisted|p1b: Sinistcha
|-damage|p1a: Primarina|38/100 brn
|-heal|p2b: Sinistcha|85/100|[from] drain|[of] p1a: Primarina
|-damage|p1b: Sinistcha|89/100
|-heal|p2b: Sinistcha|88/100|[from] drain|[of] p1b: Sinistcha
|move|p1a: Primarina|Ice Beam|p2b: Sinistcha
|-supereffective|p2b: Sinistcha
|-damage|p2b: Sinistcha|0 fnt
|faint|p2b: Sinistcha
|move|p1b: Sinistcha|Trick Room|p1b: Sinistcha
|-fieldstart|move: Trick Room|[of] p1b: Sinistcha
|
|-damage|p1a: Primarina|33/100 brn|[from] brn
|upkeep
|
|t:|1757760076
|switch|p2b: Ursaluna|Ursaluna, L50, F, tera:Ghost|54/100 brn
|turn|9
|
|t:|1757760099
|switch|p1b: Charjabug|Charjabug, L50, F|21/100
|move|p1a: Primarina|Protect|p1a: Primarina
|-singleturn|p1a: Primarina|Protect
|move|p2b: Ursaluna|Earthquake|p1b: Charjabug|[spread] p1b
|-activate|p1a: Primarina|move: Protect
|-activate|p2a: Gardevoir|ability: Telepathy
|-damage|p1b: Charjabug|0 fnt
|faint|p1b: Charjabug
|move|p2a: Gardevoir|Moonblast|p1a: Primarina
|-activate|p1a: Primarina|move: Protect
|
|-damage|p1a: Primarina|27/100 brn|[from] brn
|-damage|p2b: Ursaluna|48/100 brn|[from] brn
|upkeep
|
|t:|1757760105
|switch|p1b: Sinistcha|Sinistcha, L50|89/100
|-heal|p1a: Primarina|51/100 brn|[from] ability: Hospitality|[of] p1b: Sinistcha
|turn|10
|
|t:|1757760118
|move|p1a: Primarina|Protect|p1a: Primarina
|-singleturn|p1a: Primarina|Protect
|move|p2a: Gardevoir|Protect|p2a: Gardevoir
|-singleturn|p2a: Gardevoir|Protect
|move|p1b: Sinistcha|Matcha Gotcha|p2b: Ursaluna|[spread] p2b
|-activate|p2a: Gardevoir|move: Protect
|-damage|p2b: Ursaluna|22/100 brn
|-heal|p1b: Sinistcha|100/100|[from] drain|[of] p2b: Ursaluna
|move|p2b: Ursaluna|Earthquake|p1a: Primarina|[spread] p1b
|-activate|p2a: Gardevoir|move: Protect
|-activate|p1a: Primarina|move: Protect
|-resisted|p1b: Sinistcha
|-damage|p1b: Sinistcha|72/100
|
|-damage|p1a: Primarina|45/100 brn|[from] brn
|-damage|p2b: Ursaluna|16/100 brn|[from] brn
|upkeep
|turn|11
|-message|rorain fearow forfeited.
|
|win|swag morra
||rorain fearow is ready for game 2.
||swag morra is ready for game 2.
|uhtml|next|Next: Game 2 of 3
|l|☆rorain fearow
|player|p2|
|l|☆swag morra
|player|p1|
