|j|☆redrog1
|j|☆JNEST
|html|redrog1JNEST    
|uhtml|bestof|Game 2 of a best-of-3
|t:|1756167496
|gametype|doubles
|player|p1|redrog1|dancer|1055
|player|p2|JNEST|veteran-gen4|1107
|gen|9
|tier|[Gen 9] VGC 2025 Reg H (Bo3)
|rated|
|rule|Species Clause: Limit one of each Pokémon
|rule|Item Clause: Limit 1 of each item
|clearpoke
|poke|p1|Electabuzz, L50, M|
|poke|p1|Kingambit, L50, M|
|poke|p1|Volcarona, L50, M|
|poke|p1|Sneasler, L50, M|
|poke|p1|Primarina, L50, F|
|poke|p1|Amoonguss, L50, F|
|poke|p2|Weezing, L50, M|
|poke|p2|Incineroar, L50, M|
|poke|p2|Annihilape, L50, M|
|poke|p2|Tyranitar, L50, M|
|poke|p2|Kommo-o, L50, F|
|teampreview|4
|showteam|p1|Electabuzz||Eviolite|VitalSpirit|Taunt,Electroweb,FollowMe,Protect|||M|||50|,,,,,Ghost]Kingambit||BlackGlasses|Defiant|KowtowCleave,Protect,IronHead,SuckerPunch|||M|||50|,,,,,Dark]Volcarona||CovertCloak|FlameBody|HeatWave,Protect,TeraBlast,QuiverDance|||M|||50|,,,,,Water]Sneasler||FocusSash|Unburden|DireClaw,CloseCombat,Protect,FakeOut|||M|||50|,,,,,Stellar]Primarina||ThroatSpray|LiquidVoice|HyperVoice,Moonblast,LifeDew,Protect|||F|||50|,,,,,Grass]Amoonguss||SitrusBerry|Regenerator|Spore,RagePowder,PollenPuff,Protect|||F|||50|,,,,,Water
|showteam|p2|Weezing||SitrusBerry|NeutralizingGas|Protect,Haze,WillOWisp,SludgeBomb|||M|||50|,,,,,Ghost]Incineroar||AbilityShield|Intimidate|KnockOff,FlareBlitz,FakeOut,PartingShot|||M|||50|,,,,,Ghost]Annihilape||SafetyGoggles|Defiant|Taunt,RageFist,CloseCombat,FinalGambit|||M|||50|,,,,,Fairy]Tyranitar||AssaultVest|SandStream|RockSlide,KnockOff,TeraBlast,LowKick|||M|||50|,,,,,Flying]Kommo-o||ThroatSpray|Overcoat|Protect,ClangorousSoul,ClangingScales,AuraSphere|||F|||50|,,,,,Steel
|inactive|Battle timer is ON: inactive players will automatically lose when time's up. (requested by JNEST)
|inactive|redrog1 has 60 seconds left.
|
|t:|1756167529
|teamsize|p1|4
|teamsize|p2|4
|start
|switch|p1a: Electabuzz|Electabuzz, L50, M|100/100
|switch|p1b: Volcarona|Volcarona, L50, M|100/100
|switch|p2a: Incineroar|Incineroar, L50, M|100/100
|switch|p2b: Kommo-o|Kommo-o, L50, F|100/100
|-ability|p2a: Incineroar|Intimidate|boost
|-unboost|p1a: Electabuzz|atk|1
|-unboost|p1b: Volcarona|atk|1
|turn|1
|
|t:|1756167538
|-terastallize|p1a: Electabuzz|Ghost
|move|p2a: Incineroar|Fake Out|p1a: Electabuzz
|-immune|p1a: Electabuzz
|move|p1a: Electabuzz|Taunt|p2b: Kommo-o
|-start|p2b: Kommo-o|move: Taunt
|move|p1b: Volcarona|Quiver Dance|p1b: Volcarona
|-boost|p1b: Volcarona|spa|1
|-boost|p1b: Volcarona|spd|1
|-boost|p1b: Volcarona|spe|1
|cant|p2b: Kommo-o|move: Taunt|Clangorous Soul
|
|upkeep
|turn|2
|
|t:|1756167546
|move|p1a: Electabuzz|Protect|p1a: Electabuzz
|-singleturn|p1a: Electabuzz|Protect
|move|p1b: Volcarona|Heat Wave|p2b: Kommo-o|[spread] p2a,p2b
|-resisted|p2a: Incineroar
|-crit|p2a: Incineroar
|-resisted|p2b: Kommo-o
|-damage|p2a: Incineroar|55/100
|-damage|p2b: Kommo-o|69/100
|move|p2b: Kommo-o|Clanging Scales|p1a: Electabuzz|[spread] p1b
|-activate|p1a: Electabuzz|move: Protect
|-damage|p1b: Volcarona|76/100
|-unboost|p2b: Kommo-o|def|1
|-enditem|p2b: Kommo-o|Throat Spray
|-boost|p2b: Kommo-o|spa|1|[from] item: Throat Spray
|move|p2a: Incineroar|Flare Blitz|p1b: Volcarona
|-damage|p1b: Volcarona|0 fnt
|faint|p1b: Volcarona
|-damage|p2a: Incineroar|36/100|[from] Recoil
|
|upkeep
|
|t:|1756167558
|switch|p1b: Primarina|Primarina, L50, F|100/100
|turn|3
|
|t:|1756167567
|move|p1a: Electabuzz|Follow Me|p1a: Electabuzz
|-singleturn|p1a: Electabuzz|move: Follow Me
|move|p2b: Kommo-o|Clanging Scales|p1a: Electabuzz|[spread] p1a
|-immune|p1b: Primarina
|-damage|p1a: Electabuzz|60/100
|-unboost|p2b: Kommo-o|def|1
|move|p2a: Incineroar|Parting Shot|p1a: Electabuzz
|-unboost|p1a: Electabuzz|atk|1
|-unboost|p1a: Electabuzz|spa|1
|
|t:|1756167575
|switch|p2a: Tyranitar|Tyranitar, L50, M|100/100|[from] Parting Shot
|-weather|Sandstorm|[from] ability: Sand Stream|[of] p2a: Tyranitar
|move|p1b: Primarina|Hyper Voice|p2a: Tyranitar|[spread] p2a,p2b
|-supereffective|p2a: Tyranitar
|-resisted|p2b: Kommo-o
|-damage|p2a: Tyranitar|72/100
|-damage|p2b: Kommo-o|52/100
|-enditem|p1b: Primarina|Throat Spray
|-boost|p1b: Primarina|spa|1|[from] item: Throat Spray
|
|-weather|Sandstorm|[upkeep]
|-damage|p1a: Electabuzz|54/100|[from] Sandstorm
|-damage|p1b: Primarina|95/100|[from] Sandstorm
|-end|p2b: Kommo-o|move: Taunt
|upkeep
|turn|4
|
|t:|1756167590
|-terastallize|p2b: Kommo-o|Steel
|move|p1a: Electabuzz|Protect|p1a: Electabuzz
|-singleturn|p1a: Electabuzz|Protect
|move|p2b: Kommo-o|Clanging Scales|p1b: Primarina|[spread] 
|-activate|p1a: Electabuzz|move: Protect
|-immune|p1b: Primarina
|move|p2a: Tyranitar|Rock Slide|p1a: Electabuzz|[spread] p1b
|-activate|p1a: Electabuzz|move: Protect
|-damage|p1b: Primarina|58/100
|move|p1b: Primarina|Hyper Voice|p2a: Tyranitar|[spread] p2a,p2b
|-supereffective|p2a: Tyranitar
|-damage|p2a: Tyranitar|30/100
|-damage|p2b: Kommo-o|0 fnt
|faint|p2b: Kommo-o
|
|-weather|Sandstorm|[upkeep]
|-damage|p1a: Electabuzz|48/100|[from] Sandstorm
|-damage|p1b: Primarina|52/100|[from] Sandstorm
|upkeep
|
|t:|1756167597
|switch|p2b: Annihilape|Annihilape, L50, M|100/100
|turn|5
|
|t:|1756167609
|move|p1a: Electabuzz|Follow Me|p1a: Electabuzz
|-singleturn|p1a: Electabuzz|move: Follow Me
|move|p2b: Annihilape|Rage Fist|p1a: Electabuzz
|-supereffective|p1a: Electabuzz
|-damage|p1a: Electabuzz|0 fnt
|faint|p1a: Electabuzz
|move|p2a: Tyranitar|Rock Slide|p1b: Primarina
|-damage|p1b: Primarina|6/100
|move|p1b: Primarina|Moonblast|p2b: Annihilape
|-supereffective|p2b: Annihilape
|-damage|p2b: Annihilape|0 fnt
|faint|p2b: Annihilape
|
|-weather|Sandstorm|[upkeep]
|-damage|p1b: Primarina|0 fnt|[from] Sandstorm
|faint|p1b: Primarina
|upkeep
|-message|redrog1 forfeited.
|
|win|JNEST
|raw|redrog1's rating: 1055 → 1039(-16 for losing)
|raw|JNEST's rating: 1107 → 1128(+21 for winning)
|l|☆redrog1
|player|p1|
