|j|☆tomnumbers
|j|☆IceApfel
|html|tomnumbersIceApfel    
|uhtml|bestof|Game 3 of a best-of-3
|t:|1756219205
|gametype|doubles
|player|p1|tomnumbers|gambler|1230
|player|p2|IceApfel|waiter-gen4|1194
|gen|9
|tier|[Gen 9] VGC 2025 Reg H (Bo3)
|rated|
|rule|Species Clause: Limit one of each Pokémon
|rule|Item Clause: Limit 1 of each item
|clearpoke
|poke|p1|Electabuzz, L50, F|
|poke|p1|Volcarona, L50, F|
|poke|p1|Dragonite, L50, F|
|poke|p1|Rillaboom, L50, M|
|poke|p1|Gholdengo, L50|
|poke|p1|Ursaluna-Bloodmoon, L50, M|
|poke|p2|Archaludon, L50, M|
|poke|p2|Pelipper, L50, F|
|poke|p2|Dragonite, L50, F|
|poke|p2|Ursaluna, L50, F|
|poke|p2|Sinistcha, L50|
|poke|p2|Gholdengo, L50|
|teampreview|4
|showteam|p1|Electabuzz||Eviolite|VitalSpirit|Electroweb,FollowMe,Taunt,Protect|||F|||50|,,,,,Ghost]Volcarona||Leftovers|FlameBody|HeatWave,TeraBlast,QuiverDance,Protect|||F|||50|,,,,,Fairy]Dragonite||LoadedDice|Multiscale|ScaleShot,ExtremeSpeed,Tailwind,Protect|||F|||50|,,,,,Fairy]Rillaboom||AssaultVest|GrassySurge|FakeOut,WoodHammer,GrassyGlide,HighHorsepower|||M|||50|,,,,,Fire]Gholdengo||GrassySeed|GoodasGold|NastyPlot,MakeItRain,ShadowBall,Protect||||||50|,,,,,Water]Ursaluna-Bloodmoon||LifeOrb|MindsEye|BloodMoon,HyperVoice,EarthPower,Protect|||M|||50|,,,,,Normal
|showteam|p2|Archaludon||AssaultVest|Stamina|FlashCannon,BodyPress,ElectroShot,Snarl|||M|||50|,,,,,Fighting]Pelipper||FocusSash|Drizzle|MuddyWater,Hurricane,Tailwind,Protect|||F|||50|,,,,,Ghost]Dragonite||LoadedDice|Multiscale|ScaleShot,Tailwind,Haze,Protect|||F|||50|,,,,,Steel]Ursaluna||FlameOrb|Guts|Facade,HeadlongRush,Earthquake,Protect|||F|||50|,,,,,Ghost]Sinistcha||SitrusBerry|Hospitality|MatchaGotcha,LifeDew,RagePowder,TrickRoom||||||50|,,,,,Dark]Gholdengo||ChoiceScarf|GoodasGold|MakeItRain,ShadowBall,Trick,Protect||||||50|,,,,,Flying
|inactive|Battle timer is ON: inactive players will automatically lose when time's up. (requested by tomnumbers)
|inactive|IceApfel has 60 seconds left.
|inactive|IceApfel has 30 seconds left.
|
|t:|1756219270
|teamsize|p1|4
|teamsize|p2|4
|start
|switch|p1a: Rillaboom|Rillaboom, L50, M|100/100
|switch|p1b: Gholdengo|Gholdengo, L50|100/100
|switch|p2a: Archaludon|Archaludon, L50, M, shiny|100/100
|switch|p2b: Gholdengo|Gholdengo, L50|100/100
|-fieldstart|move: Grassy Terrain|[from] ability: Grassy Surge|[of] p1a: Rillaboom
|-enditem|p1b: Gholdengo|Grassy Seed
|-boost|p1b: Gholdengo|def|1|[from] item: Grassy Seed
|turn|1
|inactive|tomnumbers has 30 seconds left.
|inactive|IceApfel has 30 seconds left.
|
|t:|1756219301
|move|p1b: Gholdengo|Protect|p1b: Gholdengo
|-singleturn|p1b: Gholdengo|Protect
|move|p2b: Gholdengo|Shadow Ball|p1b: Gholdengo
|-activate|p1b: Gholdengo|move: Protect
|move|p2a: Archaludon|Snarl|p1a: Rillaboom|[spread] p1a
|-activate|p1b: Gholdengo|move: Protect
|-damage|p1a: Rillaboom|91/100
|-unboost|p1a: Rillaboom|spa|1
|move|p1a: Rillaboom|High Horsepower|p2b: Gholdengo|[miss]
|-miss|p1a: Rillaboom|p2b: Gholdengo
|
|-heal|p1a: Rillaboom|97/100|[from] Grassy Terrain
|upkeep
|turn|2
|inactive|tomnumbers has 30 seconds left.
|inactive|IceApfel has 30 seconds left.
|
|t:|1756219333
|switch|p2b: Dragonite|Dragonite, L50, F|100/100
|switch|p1a: Electabuzz|Electabuzz, L50, F|100/100
|-terastallize|p1b: Gholdengo|Water
|move|p1b: Gholdengo|Shadow Ball|p2b: Dragonite
|-damage|p2b: Dragonite|77/100
|move|p2a: Archaludon|Snarl|p1a: Electabuzz|[spread] p1b
|-miss|p2a: Archaludon|p1a: Electabuzz
|-damage|p1b: Gholdengo|87/100
|-unboost|p1b: Gholdengo|spa|1
|
|-heal|p1b: Gholdengo|93/100|[from] Grassy Terrain
|upkeep
|turn|3
|inactive|tomnumbers has 30 seconds left.
|inactive|tomnumbers has 20 seconds left.
|inactive|tomnumbers has 15 seconds left.
|
|t:|1756219377
|move|p1a: Electabuzz|Taunt|p2b: Dragonite
|-start|p2b: Dragonite|move: Taunt
|move|p1b: Gholdengo|Nasty Plot|p1b: Gholdengo
|-boost|p1b: Gholdengo|spa|2
|move|p2a: Archaludon|Snarl|p1b: Gholdengo|[spread] p1a,p1b
|-damage|p1a: Electabuzz|91/100
|-damage|p1b: Gholdengo|81/100
|-unboost|p1a: Electabuzz|spa|1
|-unboost|p1b: Gholdengo|spa|1
|cant|p2b: Dragonite|move: Taunt|Tailwind
|
|-heal|p1a: Electabuzz|96/100|[from] Grassy Terrain
|-heal|p1b: Gholdengo|87/100|[from] Grassy Terrain
|upkeep
|turn|4
|inactive|tomnumbers has 30 seconds left.
|
|t:|1756219403
|switch|p2b: Ursaluna|Ursaluna, L50, F|100/100
|move|p1b: Gholdengo|Protect|p1b: Gholdengo
|-singleturn|p1b: Gholdengo|Protect
|move|p1a: Electabuzz|Electroweb|p2b: Ursaluna|[spread] p2a
|-immune|p2b: Ursaluna
|-resisted|p2a: Archaludon
|-damage|p2a: Archaludon|97/100
|-unboost|p2a: Archaludon|spe|1
|-ability|p2a: Archaludon|Stamina|boost
|-boost|p2a: Archaludon|def|1
|move|p2a: Archaludon|Snarl|p1a: Electabuzz|[spread] p1a
|-activate|p1b: Gholdengo|move: Protect
|-damage|p1a: Electabuzz|87/100
|-unboost|p1a: Electabuzz|spa|1
|
|-heal|p1a: Electabuzz|92/100|[from] Grassy Terrain
|-heal|p1b: Gholdengo|92/100|[from] Grassy Terrain
|-heal|p2a: Archaludon|100/100|[from] Grassy Terrain
|-status|p2b: Ursaluna|brn|[from] item: Flame Orb
|upkeep
|turn|5
|inactive|IceApfel has 30 seconds left.
|
|t:|1756219437
|move|p1a: Electabuzz|Follow Me|p1a: Electabuzz
|-singleturn|p1a: Electabuzz|move: Follow Me
|move|p1b: Gholdengo|Nasty Plot|p1b: Gholdengo
|-boost|p1b: Gholdengo|spa|2
|move|p2b: Ursaluna|Facade|p1a: Electabuzz
|-damage|p1a: Electabuzz|0 fnt
|faint|p1a: Electabuzz
|move|p2a: Archaludon|Snarl|p1b: Gholdengo
|-damage|p1b: Gholdengo|75/100
|-unboost|p1b: Gholdengo|spa|1
|
|-heal|p1b: Gholdengo|81/100|[from] Grassy Terrain
|-damage|p2b: Ursaluna|95/100 brn|[from] brn
|-fieldend|move: Grassy Terrain
|upkeep
|
|t:|1756219447
|switch|p1a: Rillaboom|Rillaboom, L50, M|97/100
|-fieldstart|move: Grassy Terrain|[from] ability: Grassy Surge|[of] p1a: Rillaboom
|turn|6
|
|t:|1756219462
|move|p2b: Ursaluna|Protect|p2b: Ursaluna
|-singleturn|p2b: Ursaluna|Protect
|move|p1a: Rillaboom|Fake Out|p2b: Ursaluna
|-activate|p2b: Ursaluna|move: Protect
|move|p1b: Gholdengo|Nasty Plot|p1b: Gholdengo
|-boost|p1b: Gholdengo|spa|2
|move|p2a: Archaludon|Snarl|p1a: Rillaboom|[spread] p1a,p1b
|-damage|p1a: Rillaboom|87/100
|-damage|p1b: Gholdengo|67/100
|-unboost|p1a: Rillaboom|spa|1
|-unboost|p1b: Gholdengo|spa|1
|
|-heal|p1b: Gholdengo|73/100|[from] Grassy Terrain
|-heal|p1a: Rillaboom|93/100|[from] Grassy Terrain
|-heal|p2b: Ursaluna|100/100 brn|[from] Grassy Terrain
|-damage|p2b: Ursaluna|95/100 brn|[from] brn
|upkeep
|turn|7
|inactive|IceApfel has 30 seconds left.
|
|t:|1756219487
|switch|p2b: Dragonite|Dragonite, L50, F|77/100
|move|p1b: Gholdengo|Shadow Ball|p2a: Archaludon
|-damage|p2a: Archaludon|35/100
|-ability|p2a: Archaludon|Stamina|boost
|-boost|p2a: Archaludon|def|1
|move|p1a: Rillaboom|Wood Hammer|p2b: Dragonite
|-resisted|p2b: Dragonite
|-damage|p2b: Dragonite|55/100
|-damage|p1a: Rillaboom|87/100|[from] Recoil
|move|p2a: Archaludon|Snarl|p1b: Gholdengo|[spread] p1a
|-miss|p2a: Archaludon|p1b: Gholdengo
|-damage|p1a: Rillaboom|76/100
|-unboost|p1a: Rillaboom|spa|1
|
|-heal|p1b: Gholdengo|79/100|[from] Grassy Terrain
|-heal|p1a: Rillaboom|82/100|[from] Grassy Terrain
|-heal|p2a: Archaludon|41/100|[from] Grassy Terrain
|upkeep
|turn|8
|inactive|IceApfel has 30 seconds left.
|inactive|IceApfel has 20 seconds left.
|inactive|IceApfel has 15 seconds left.
|inactive|IceApfel has 10 seconds left.
|inactive|IceApfel has 5 seconds left.
|
|t:|1756219539
|move|p1b: Gholdengo|Make It Rain|p2a: Archaludon|[spread] p2a,p2b
|-resisted|p2a: Archaludon
|-damage|p2a: Archaludon|5/100
|-damage|p2b: Dragonite|0 fnt
|-unboost|p1b: Gholdengo|spa|1
|-ability|p2a: Archaludon|Stamina|boost
|-boost|p2a: Archaludon|def|1
|faint|p2b: Dragonite
|move|p1a: Rillaboom|High Horsepower|p2a: Archaludon
|-supereffective|p2a: Archaludon
|-damage|p2a: Archaludon|0 fnt
|faint|p2a: Archaludon
|
|-heal|p1b: Gholdengo|84/100|[from] Grassy Terrain
|-heal|p1a: Rillaboom|88/100|[from] Grassy Terrain
|upkeep
|
|t:|1756219545
|switch|p2a: Gholdengo|Gholdengo, L50|100/100
|switch|p2b: Ursaluna|Ursaluna, L50, F|95/100 brn
|turn|9
|
|t:|1756219566
|-terastallize|p2a: Gholdengo|Flying
|move|p2a: Gholdengo|Shadow Ball|p1b: Gholdengo
|-damage|p1b: Gholdengo|37/100
|move|p1b: Gholdengo|Shadow Ball|p2b: Ursaluna
|-immune|p2b: Ursaluna
|move|p1a: Rillaboom|Wood Hammer|p2b: Ursaluna
|-supereffective|p2b: Ursaluna
|-damage|p2b: Ursaluna|0 fnt
|faint|p2b: Ursaluna
|-damage|p1a: Rillaboom|57/100|[from] Recoil
|
|-heal|p1b: Gholdengo|43/100|[from] Grassy Terrain
|-heal|p1a: Rillaboom|63/100|[from] Grassy Terrain
|upkeep
|turn|10
|-message|IceApfel forfeited.
|
|win|tomnumbers
|raw|tomnumbers's rating: 1230 → 1252(+22 for winning)
|raw|IceApfel's rating: 1194 → 1172(-22 for losing)
|l|☆IceApfel
|player|p2|
