|j|☆hexagonfoot
|j|☆noah100800
|html|hexagonfootnoah100800    
|uhtml|bestof|Game 1 of a best-of-3
|t:|1757818669
|gametype|doubles
|player|p1|hexagonfoot|caitlin|1113
|player|p2|noah100800|265|1074
|gen|9
|tier|[Gen 9] VGC 2025 Reg H (Bo3)
|rated|
|rule|Species Clause: Limit one of each Pokémon
|rule|Item Clause: Limit 1 of each item
|clearpoke
|poke|p1|Gholdengo, L50|
|poke|p1|Sneasler, L50, M|
|poke|p1|Rillaboom, L50, M|
|poke|p1|Dragonite, L50, M|
|poke|p1|Ninetales-Alola, L50, M|
|poke|p1|Arcanine-Hisui, L50, M|
|poke|p2|Gholdengo, L50|
|poke|p2|Pelipper, L50, F|
|poke|p2|Murkrow, L50, M|
|poke|p2|Basculegion, L50, M|
|poke|p2|Archaludon, L50, M|
|poke|p2|Rillaboom, L50, M|
|teampreview|4
|showteam|p1|Gholdengo||GrassySeed|GoodasGold|NastyPlot,MakeItRain,ShadowBall,Protect||||||50|,,,,,Water]Sneasler||WhiteHerb|Unburden|CloseCombat,DireClaw,Coaching,Protect|||M|||50|,,,,,Ghost]Rillaboom||AssaultVest|GrassySurge|FakeOut,GrassyGlide,DrumBeating,HighHorsepower|||M|||50|,,,,,Fire]Dragonite||LoadedDice|Multiscale|ScaleShot,StompingTantrum,Tailwind,Protect|||M|||50|,,,,,Ground]Ninetales-Alola||FocusSash|SnowWarning|Blizzard,IcyWind,Encore,AuroraVeil|||M|||50|,,,,,Ghost]Arcanine-Hisui||ClearAmulet|Intimidate|RockSlide,FlareBlitz,ExtremeSpeed,Protect|||M|||50|,,,,,Water
|showteam|p2|Gholdengo||GrassySeed|GoodasGold|Protect,NastyPlot,ShadowBall,MakeItRain||||||50|,,,,,Steel]Pelipper||FocusSash|Drizzle|Protect,Uturn,Hurricane,WeatherBall|||F|||50|,,,,,Ground]Murkrow||Eviolite|Prankster|Tailwind,RainDance,Quash,FoulPlay|||M|||50|,,,,,Ghost]Basculegion||LifeOrb|SwiftSwim|Protect,LastRespects,WaveCrash,FlipTurn|||M|||50|,,,,,Grass]Archaludon||PowerHerb|Sturdy|Protect,ElectroShot,DragonPulse,AuraSphere|||M|||50|,,,,,Fighting]Rillaboom||AssaultVest|GrassySurge|FakeOut,GrassyGlide,WoodHammer,Uturn|||M|||50|,,,,,Water
|
|t:|1757818746
|teamsize|p1|4
|teamsize|p2|4
|start
|switch|p1a: Silver Street|Gholdengo, L50|100/100
|switch|p1b: Romford|Dragonite, L50, M|100/100
|switch|p2a: Gholdengo|Gholdengo, L50|100/100
|switch|p2b: Basculegion|Basculegion, L50, M|100/100
|turn|1
|
|t:|1757818802
|-terastallize|p1a: Silver Street|Water
|move|p2b: Basculegion|Protect|p2b: Basculegion
|-singleturn|p2b: Basculegion|Protect
|move|p2a: Gholdengo|Make It Rain|p1b: Romford|[spread] p1a,p1b
|-resisted|p1a: Silver Street
|-damage|p1a: Silver Street|80/100
|-damage|p1b: Romford|77/100
|-unboost|p2a: Gholdengo|spa|1
|move|p1a: Silver Street|Nasty Plot|p1a: Silver Street
|-boost|p1a: Silver Street|spa|2
|move|p1b: Romford|Scale Shot|p2b: Basculegion
|-activate|p2b: Basculegion|move: Protect
|
|upkeep
|turn|2
|inactive|Battle timer is ON: inactive players will automatically lose when time's up. (requested by hexagonfoot)
|
|t:|1757818888
|switch|p2b: Archaludon|Archaludon, L50, M|100/100
|move|p2a: Gholdengo|Shadow Ball|p1a: Silver Street
|-damage|p1a: Silver Street|51/100
|move|p1a: Silver Street|Shadow Ball|p2b: Archaludon
|-ability|p2b: Archaludon|Sturdy
|-damage|p2b: Archaludon|1/100
|-unboost|p2b: Archaludon|spd|1
|move|p1b: Romford|Scale Shot|p2b: Archaludon
|-damage|p2b: Archaludon|0 fnt
|faint|p2b: Archaludon
|-hitcount|p2: Archaludon|1
|-unboost|p1b: Romford|def|1
|-boost|p1b: Romford|spe|1
|
|upkeep
|inactive|noah100800 has 30 seconds left.
|
|t:|1757818914
|switch|p2b: Basculegion|Basculegion, L50, M|100/100
|turn|3
|inactive|hexagonfoot has 30 seconds left.
|inactive|noah100800 has 30 seconds left.
|inactive|hexagonfoot has 20 seconds left.
|inactive|hexagonfoot has 15 seconds left.
|inactive|hexagonfoot has 10 seconds left.
|
|t:|1757818960
|move|p2a: Gholdengo|Protect|p2a: Gholdengo
|-singleturn|p2a: Gholdengo|Protect
|move|p2b: Basculegion|Protect|p2b: Basculegion
|-singleturn|p2b: Basculegion|Protect
|move|p1b: Romford|Tailwind|p1b: Romford
|-sidestart|p1: hexagonfoot|move: Tailwind
|move|p1a: Silver Street|Shadow Ball|p2b: Basculegion
|-activate|p2b: Basculegion|move: Protect
|
|upkeep
|turn|4
|inactive|noah100800 has 30 seconds left.
|inactive|hexagonfoot has 30 seconds left.
|inactive|noah100800 has 20 seconds left.
|
|t:|1757818997
|switch|p1b: Hampstead Heath|Rillaboom, L50, M|100/100
|-fieldstart|move: Grassy Terrain|[from] ability: Grassy Surge|[of] p1b: Hampstead Heath
|-enditem|p1a: Silver Street|Grassy Seed
|-boost|p1a: Silver Street|def|1|[from] item: Grassy Seed
|-enditem|p2a: Gholdengo|Grassy Seed
|-boost|p2a: Gholdengo|def|1|[from] item: Grassy Seed
|switch|p2a: Pelipper|Pelipper, L50, F|100/100
|-weather|RainDance|[from] ability: Drizzle|[of] p2a: Pelipper
|-terastallize|p2b: Basculegion|Grass
|move|p1a: Silver Street|Shadow Ball|p2b: Basculegion
|-damage|p2b: Basculegion|10/100
|-unboost|p2b: Basculegion|spd|1
|move|p2b: Basculegion|Last Respects|p1a: Silver Street
|-damage|p1a: Silver Street|10/100
|-damage|p2b: Basculegion|0 fnt|[from] item: Life Orb
|faint|p2b: Basculegion
|
|-weather|RainDance|[upkeep]
|-heal|p1a: Silver Street|17/100|[from] Grassy Terrain
|upkeep
|
|t:|1757819018
|switch|p2b: Gholdengo|Gholdengo, L50|100/100
|turn|5
|inactive|hexagonfoot has 30 seconds left.
|inactive|hexagonfoot has 20 seconds left.
|
|t:|1757819056
|move|p2b: Gholdengo|Protect|p2b: Gholdengo
|-singleturn|p2b: Gholdengo|Protect
|move|p2a: Pelipper|Protect|p2a: Pelipper
|-singleturn|p2a: Pelipper|Protect
|move|p1b: Hampstead Heath|Fake Out|p2a: Pelipper
|-activate|p2a: Pelipper|move: Protect
|move|p1a: Silver Street|Make It Rain|p2a: Pelipper|[spread] 
|-activate|p2a: Pelipper|move: Protect
|-activate|p2b: Gholdengo|move: Protect
|
|-weather|RainDance|[upkeep]
|-heal|p1a: Silver Street|23/100|[from] Grassy Terrain
|upkeep
|turn|6
|
|t:|1757819080
|move|p1b: Hampstead Heath|Drum Beating|p2a: Pelipper
|-damage|p2a: Pelipper|39/100
|-unboost|p2a: Pelipper|spe|1
|move|p1a: Silver Street|Shadow Ball|p2b: Gholdengo
|-supereffective|p2b: Gholdengo
|-damage|p2b: Gholdengo|0 fnt
|faint|p2b: Gholdengo
|move|p2a: Pelipper|Hurricane|p1a: Silver Street
|-damage|p1a: Silver Street|0 fnt
|faint|p1a: Silver Street
|
|-weather|RainDance|[upkeep]
|-sideend|p1: hexagonfoot|move: Tailwind
|upkeep
|-message|noah100800 forfeited.
|
|win|hexagonfoot
||noah100800 is ready for game 2.
||hexagonfoot is ready for game 2.
|uhtml|next|Next: Game 2 of 3
|l|☆noah100800
|player|p2|
