|j|ŌśåJewelpet2002
|j|Ōśåzuiyyy
|html|Jewelpet2002zuiyyy    
|uhtml|bestof|Game 2 of a best-of-3
|t:|1757108352
|gametype|doubles
|player|p1|Jewelpet2002|lady|
|player|p2|zuiyyy|1|
|gen|9
|tier|[Gen 9] VGC 2025 Reg H (Bo3)
|rule|Tera Type Preview: Tera Types are shown at Team Preview
|rule|Species Clause: Limit one of each Pok├®mon
|rule|Item Clause: Limit 1 of each item
|raw|2 custom rules: Tera Type Preview, !Force Open Team Sheets
|clearpoke
|poke|p1|Dragonite, L50, M|
|poke|p1|Ninetales-Alola, L50, M|
|poke|p1|Ceruledge, L50, M|
|poke|p1|Slowking, L50, M|
|poke|p1|Electabuzz, L50, M|
|poke|p1|Hitmontop, L50, M|
|poke|p2|Tyranitar, L50, F|
|poke|p2|Houndstone, L50, M|
|poke|p2|Mimikyu, L50, F|
|poke|p2|Empoleon, L50, M|
|poke|p2|Gliscor, L50, M|
|poke|p2|Kommo-o, L50, F|
|raw|Jewelpet2002's Tera Types: /  /  /  /  / 
|raw|zuiyyy's Tera Types: /  /  /  /  / 
|teampreview|4
|j| Criee
|j| hunterdrago
|j| jfwarriors
|j| freshveggies2
|c|Ōśåzuiyyy|1s mel
|c|Ōśåzuiyyy|irl gap
|c|ŌśåJewelpet2002|okieee
|c| hunterdrago|god dang it buster
|c|ŌśåJewelpet2002|lmk when ur back
|c|Ōśåzuiyyy|sorry its issues w the movie scheduling give me like 5 more min max
|c|ŌśåJewelpet2002|all g
|c|Ōśåzuiyyy|ty for waiting
|c|ŌśåJewelpet2002|take ur time
|c|Ōśåzuiyyy|ok lets just play im still on the phone
|c|Ōśåzuiyyy|i feel bad making u wait
|c|Ōśåzuiyyy|r?
|c|ŌśåJewelpet2002|its ok i dont mind waiting
|c|ŌśåJewelpet2002|yeah im r
|c|ŌśåJewelpet2002|if u need more time its ok
|c|Ōśåzuiyyy|ok
|c|Ōśåzuiyyy|problem solved
|c|Ōśåzuiyyy|im good now
|c|Ōśåzuiyyy|thanks again
|c|Ōśåzuiyyy|im rdy
|c|ŌśåJewelpet2002|np
|
|t:|1757109079
|teamsize|p1|4
|teamsize|p2|4
|start
|switch|p1a: Electabuzz|Electabuzz, L50, M|100/100
|switch|p1b: Dragonite|Dragonite, L50, M|100/100
|switch|p2a: Mimi|Mimikyu, L50, F|100/100
|switch|p2b: Emperor|Empoleon, L50, M|100/100
|turn|1
|
|t:|1757109144
|switch|p2b: LIVEEE ACTIONNN|Tyranitar, L50, F|100/100
|-weather|Sandstorm|[from] ability: Sand Stream|[of] p2b: LIVEEE ACTIONNN
|-terastallize|p1b: Dragonite|Normal
|move|p1b: Dragonite|Stomping Tantrum|p2b: LIVEEE ACTIONNN
|-supereffective|p2b: LIVEEE ACTIONNN
|-damage|p2b: LIVEEE ACTIONNN|62/100
|move|p1a: Electabuzz|Electroweb|p2a: Mimi|[spread] p2a,p2b
|-activate|p2a: Mimi|ability: Disguise
|-damage|p2a: Mimi|100/100
|-damage|p2b: LIVEEE ACTIONNN|53/100
|-unboost|p2a: Mimi|spe|1
|detailschange|p2a: Mimi|Mimikyu-Busted, L50, F
|-damage|p2a: Mimi|88/100|[from] pokemon: Mimikyu-Busted
|move|p2a: Mimi|Will-O-Wisp|p1b: Dragonite
|-status|p1b: Dragonite|brn
|
|-weather|Sandstorm|[upkeep]
|-damage|p1b: Dragonite|95/100 brn|[from] Sandstorm
|-damage|p1a: Electabuzz|95/100|[from] Sandstorm
|-damage|p2a: Mimi|82/100|[from] Sandstorm
|-damage|p1b: Dragonite|89/100 brn|[from] brn
|upkeep
|turn|2
|
|t:|1757109175
|move|p2b: LIVEEE ACTIONNN|Protect|p2b: LIVEEE ACTIONNN
|-singleturn|p2b: LIVEEE ACTIONNN|Protect
|move|p1a: Electabuzz|Follow Me|p1a: Electabuzz
|-singleturn|p1a: Electabuzz|move: Follow Me
|move|p1b: Dragonite|Iron Head|p2a: Mimi
|-supereffective|p2a: Mimi
|-damage|p2a: Mimi|37/100
|move|p2a: Mimi|Trick Room|p2a: Mimi
|-fieldstart|move: Trick Room|[of] p2a: Mimi
|
|-weather|Sandstorm|[upkeep]
|-damage|p2a: Mimi|31/100|[from] Sandstorm
|-damage|p1a: Electabuzz|89/100|[from] Sandstorm
|-damage|p1b: Dragonite|83/100 brn|[from] Sandstorm
|-damage|p1b: Dragonite|77/100 brn|[from] brn
|upkeep
|turn|3
|
|t:|1757109203
|switch|p2a: Emperor|Empoleon, L50, M|100/100
|switch|p1b: Slowking|Slowking, L50, M|100/100
|move|p1a: Electabuzz|Protect|p1a: Electabuzz
|-singleturn|p1a: Electabuzz|Protect
|move|p2b: LIVEEE ACTIONNN|Curse|p2b: LIVEEE ACTIONNN
|-unboost|p2b: LIVEEE ACTIONNN|spe|1
|-boost|p2b: LIVEEE ACTIONNN|atk|1
|-boost|p2b: LIVEEE ACTIONNN|def|1
|
|-weather|Sandstorm|[upkeep]
|-damage|p1b: Slowking|95/100|[from] Sandstorm
|-damage|p1a: Electabuzz|83/100|[from] Sandstorm
|upkeep
|turn|4
|
|t:|1757109251
|-terastallize|p2b: LIVEEE ACTIONNN|Flying
|move|p1a: Electabuzz|Follow Me|p1a: Electabuzz
|-singleturn|p1a: Electabuzz|move: Follow Me
|move|p2b: LIVEEE ACTIONNN|Crunch|p1a: Electabuzz
|-damage|p1a: Electabuzz|43/100
|-unboost|p1a: Electabuzz|def|1
|move|p1b: Slowking|Scald|p2b: LIVEEE ACTIONNN
|-damage|p2b: LIVEEE ACTIONNN|27/100
|-status|p2b: LIVEEE ACTIONNN|brn
|move|p2a: Emperor|Knock Off|p1a: Electabuzz
|-damage|p1a: Electabuzz|21/100
|-enditem|p1a: Electabuzz|Eviolite|[from] move: Knock Off|[of] p2a: Emperor
|
|-weather|Sandstorm|[upkeep]
|-damage|p2b: LIVEEE ACTIONNN|21/100 brn|[from] Sandstorm
|-damage|p1b: Slowking|89/100|[from] Sandstorm
|-damage|p1a: Electabuzz|15/100|[from] Sandstorm
|-damage|p2b: LIVEEE ACTIONNN|15/100 brn|[from] brn
|upkeep
|turn|5
|
|t:|1757109335
|move|p2b: LIVEEE ACTIONNN|Rock Slide|p1a: Electabuzz|[spread] p1a,p1b
|-damage|p1a: Electabuzz|0 fnt
|-damage|p1b: Slowking|72/100
|faint|p1a: Electabuzz
|move|p1b: Slowking|Blizzard|p2b: LIVEEE ACTIONNN|[spread] p2b
|-miss|p1b: Slowking|p2a: Emperor
|-supereffective|p2b: LIVEEE ACTIONNN
|-damage|p2b: LIVEEE ACTIONNN|0 fnt
|faint|p2b: LIVEEE ACTIONNN
|move|p2a: Emperor|Knock Off|p1b: Slowking
|-supereffective|p1b: Slowking
|-enditem|p1b: Slowking|Colbur Berry|[eat]
|-enditem|p1b: Slowking|Colbur Berry|[weaken]
|-damage|p1b: Slowking|54/100
|
|-weather|none
|upkeep
|
|t:|1757109365
|switch|p2b: Mimi|Mimikyu-Busted, L50, F|31/100
|switch|p1a: Dragonite|Dragonite, L50, M, tera:Normal|77/100 brn
|turn|6
|
|t:|1757109422
|move|p2b: Mimi|Shadow Sneak|p1b: Slowking
|-supereffective|p1b: Slowking
|-damage|p1b: Slowking|36/100
|move|p1b: Slowking|Blizzard|p2b: Mimi|[spread] p2a,p2b
|-resisted|p2a: Emperor
|-damage|p2a: Emperor|97/100
|-damage|p2b: Mimi|15/100
|move|p2a: Emperor|Chilling Water|p1a: Dragonite
|-damage|p1a: Dragonite|48/100 brn
|move|p1a: Dragonite|Stomping Tantrum|p2a: Emperor
|-supereffective|p2a: Emperor
|-damage|p2a: Emperor|68/100
|
|-damage|p1a: Dragonite|42/100 brn|[from] brn
|-fieldend|move: Trick Room
|upkeep
|turn|7
|
|t:|1757109470
|move|p2b: Mimi|Shadow Sneak|p1b: Slowking
|-supereffective|p1b: Slowking
|-damage|p1b: Slowking|14/100
|move|p1a: Dragonite|Stomping Tantrum|p2a: Emperor
|-supereffective|p2a: Emperor
|-damage|p2a: Emperor|38/100
|move|p2a: Emperor|Flash Cannon|p1a: Dragonite
|-damage|p1a: Dragonite|2/100 brn
|move|p1b: Slowking|Blizzard|p2a: Emperor|[spread] p2a
|-miss|p1b: Slowking|p2b: Mimi
|-resisted|p2a: Emperor
|-damage|p2a: Emperor|35/100
|
|-damage|p1a: Dragonite|0 fnt|[from] brn
|faint|p1a: Dragonite
|upkeep
|
|t:|1757109483
|switch|p1a: Ceruledge|Ceruledge, L50, M|100/100
|turn|8
|
|t:|1757109508
|move|p1a: Ceruledge|Shadow Sneak|p2b: Mimi
|-supereffective|p2b: Mimi
|-damage|p2b: Mimi|0 fnt
|faint|p2b: Mimi
|-damage|p1a: Ceruledge|90/100|[from] item: Life Orb
|move|p2a: Emperor|Chilling Water|p1a: Ceruledge
|-supereffective|p1a: Ceruledge
|-damage|p1a: Ceruledge|37/100
|-unboost|p1a: Ceruledge|atk|1
|move|p1b: Slowking|Scald|p2a: Emperor
|-resisted|p2a: Emperor
|-damage|p2a: Emperor|26/100
|
|upkeep
|
|t:|1757109520
|switch|p2b: Who Let Da Dog Out|Houndstone, L50, M|100/100
|turn|9
|
|t:|1757109576
|move|p2b: Who Let Da Dog Out|Last Respects|p1b: Slowking
|-supereffective|p1b: Slowking
|-damage|p1b: Slowking|0 fnt
|faint|p1b: Slowking
|-damage|p2b: Who Let Da Dog Out|91/100|[from] item: Life Orb
|move|p1a: Ceruledge|Bitter Blade|p2a: Emperor
|-damage|p2a: Emperor|0 fnt
|-heal|p1a: Ceruledge|50/100|[from] drain|[of] p2a: Emperor
|faint|p2a: Emperor
|-damage|p1a: Ceruledge|40/100|[from] item: Life Orb
|
|upkeep
|turn|10
|
|t:|1757109599
|move|p2b: Who Let Da Dog Out|Last Respects|p1a: Ceruledge
|-supereffective|p1a: Ceruledge
|-damage|p1a: Ceruledge|0 fnt
|faint|p1a: Ceruledge
|-damage|p2b: Who Let Da Dog Out|81/100|[from] item: Life Orb
|
|win|zuiyyy
|c|Ōśåzuiyyy|gg
|l| Criee
|c|ŌśåJewelpet2002|ggs
|c| hunterdrago|zuiys a cheater
|l| freshveggies2
