|j|☆whipq
|j|☆UncAshty
|html|whipqUncAshty    
|uhtml|bestof|Game 2 of a best-of-3
|t:|1785730814
|gametype|doubles
|player|p1|whipq|169|
|player|p2|UncAshty|101|
|gen|9
|tier|[Gen 9 Champions] VGC 2026 Reg M-B (Bo3)
|rule|Species Clause: Limit one of each Pokémon
|rule|Item Clause: Limit 1 of each item
|clearpoke
|poke|p1|Oranguru, L50, F, shiny|
|poke|p1|Aegislash, L50, F, shiny|
|poke|p1|Simipour, L50, F, shiny|
|poke|p1|Chesnaught, L50, F, shiny|
|poke|p1|Snorlax, L50, F, shiny|
|poke|p1|Steelix, L50, F, shiny|
|poke|p2|Palafin, L50, M|
|poke|p2|Pelipper, L50, M|
|poke|p2|Swampert, L50, F|
|poke|p2|Raichu, L50, F|
|poke|p2|Skarmory, L50, M|
|poke|p2|Meganium, L50, F|
|teampreview|4
|showteam|p1|Oranguru||MentalHerb|InnerFocus|Instruct,HyperVoice,Protect,TrickRoom|Sassy||F|||50|]Aegislash||Leftovers|StanceChange|KingsShield,ShadowClaw,IronHead,DestinyBond|Careful||F|||50|]Simipour||SitrusBerry|Gluttony|FlipTurn,FakeOut,GrassKnot,Protect|Hasty||F|||50|]Chesnaught||Chesnaughtite|Bulletproof|DrainPunch,BodyPress,SpikyShield,SeedBomb|Impish||F|||50|]Snorlax||ChestoBerry|ThickFat|Counter,Protect,SupercellSlam,Rest|Careful||F|||50|]Steelix||Steelixite|SheerForce|DrillRun,HeavySlam,FireFang,Protect|Adamant||F|||50|
|showteam|p2|Palafin||MysticWater|ZerotoHero|FlipTurn,JetPunch,DrainPunch,Taunt|Jolly||M|||50|]Pelipper||FocusSash|Drizzle|Tailwind,Protect,WeatherBall,Hurricane|Bold||M|||50|]Swampert||Swampertite|Torrent|Earthquake,WaveCrash,KnockOff,BrickBreak|Adamant||F|||50|]Raichu||RaichuniteY|LightningRod|Thunder,ZapCannon,FocusBlast,FakeOut|Hasty||F|||50|]Skarmory||Leftovers|Sturdy|BraveBird,BodyPress,Spikes,NightSlash|Serious||M|||50|]Meganium||Meganiumite|Overgrow|DazzlingGleam,GigaDrain,WeatherBall,Reflect|Timid||F|||50|
|j| KoopaPlays
|
|t:|1785730907
|teamsize|p1|4
|teamsize|p2|4
|start
|switch|p1a: Simipour|Simipour, L50, F, shiny|100/100
|switch|p1b: the goat|Oranguru, L50, F, shiny|100/100
|switch|p2a: Palafin|Palafin, L50, M|100/100
|switch|p2b: Meganium|Meganium, L50, F|100/100
|turn|1
|
|t:|1785730939
|detailschange|p2b: Meganium|Meganium-Mega, L50, F
|-mega|p2b: Meganium|Meganium|Meganiumite
|move|p1a: Simipour|Fake Out|p2b: Meganium
|-damage|p2b: Meganium|88/100
|move|p2a: Palafin|Flip Turn|p1b: the goat
|-damage|p1b: the goat|72/100
|
|t:|1785730949
|detailschange|p2a: Palafin|Palafin-Hero, L50, M
|switch|p2a: Pelipper|Pelipper, L50, M|100/100|[from] Flip Turn
|-weather|RainDance|[from] ability: Drizzle|[of] p2a: Pelipper
|cant|p2b: Meganium|flinch
|move|p1b: the goat|Trick Room|p1b: the goat
|-fieldstart|move: Trick Room|[of] p1b: the goat
|
|-weather|RainDance|[upkeep]
|upkeep
|turn|2
|
|t:|1785730978
|switch|p1a: Aegislash|Aegislash, L50, F, shiny|100/100
|move|p1b: the goat|Hyper Voice|p2a: Pelipper|[spread] p2a,p2b
|-damage|p2a: Pelipper|68/100
|-damage|p2b: Meganium|68/100
|move|p2a: Pelipper|Hurricane|p1b: the goat
|-damage|p1b: the goat|47/100
|move|p2b: Meganium|Dazzling Gleam|p1b: the goat|[spread] p1a,p1b
|-resisted|p1a: Aegislash|1
|-damage|p1a: Aegislash|91/100
|-damage|p1b: the goat|27/100
|
|-weather|RainDance|[upkeep]
|-heal|p1a: Aegislash|97/100|[from] item: Leftovers
|upkeep
|turn|3
|
|t:|1785730998
|move|p1b: the goat|Protect|p1b: the goat
|-singleturn|p1b: the goat|Protect
|move|p2a: Pelipper|Protect|p2a: Pelipper
|-singleturn|p2a: Pelipper|Protect
|-formechange|p1a: Aegislash|Aegislash-Blade|
|move|p1a: Aegislash|Iron Head|p2b: Meganium
|-supereffective|p2b: Meganium|1
|-damage|p2b: Meganium|0 fnt
|faint|p2b: Meganium
|
|-weather|RainDance|[upkeep]
|-heal|p1a: Aegislash|100/100|[from] item: Leftovers
|upkeep
|
|t:|1785731014
|switch|p2b: Raichu|Raichu, L50, F|100/100
|turn|4
|
|t:|1785731030
|switch|p1b: Steelix|Steelix, L50, F, shiny|100/100
|-formechange|p1a: Aegislash|Aegislash|
|move|p1a: Aegislash|King's Shield|p1a: Aegislash
|-singleturn|p1a: Aegislash|Protect
|move|p2a: Pelipper|Weather Ball|p1b: Steelix
|-supereffective|p1b: Steelix|1
|-damage|p1b: Steelix|0 fnt
|faint|p1b: Steelix
|move|p2b: Raichu|Zap Cannon|p1a: Aegislash
|-activate|p1a: Aegislash|move: Protect
|
|-weather|RainDance|[upkeep]
|upkeep
|
|t:|1785731049
|switch|p1b: Simipour|Simipour, L50, F, shiny|100/100
|turn|5
|
|t:|1785731070
|move|p1b: Simipour|Fake Out|p2b: Raichu
|-damage|p2b: Raichu|73/100
|-formechange|p1a: Aegislash|Aegislash-Blade|
|move|p1a: Aegislash|Shadow Claw|p2b: Raichu
|-damage|p2b: Raichu|0 fnt
|faint|p2b: Raichu
|move|p2a: Pelipper|Weather Ball|p1a: Aegislash
|-damage|p1a: Aegislash|38/100
|
|-weather|none
|-heal|p1a: Aegislash|44/100|[from] item: Leftovers
|-fieldend|move: Trick Room
|upkeep
|
|t:|1785731083
|switch|p2b: Palafin|Palafin-Hero, L50, M|100/100
|-activate|p2b: Palafin|ability: Zero to Hero
|turn|6
|
|t:|1785731111
|-formechange|p1a: Aegislash|Aegislash|
|move|p1a: Aegislash|King's Shield|p1a: Aegislash
|-singleturn|p1a: Aegislash|Protect
|move|p2b: Palafin|Jet Punch|p1a: Aegislash
|-activate|p1a: Aegislash|move: Protect
|-unboost|p2b: Palafin|atk|1
|move|p1b: Simipour|Grass Knot|p2b: Palafin
|-supereffective|p2b: Palafin|1
|-damage|p2b: Palafin|59/100
|move|p2a: Pelipper|Hurricane|p1b: Simipour
|-damage|p1b: Simipour|37/100
|-start|p1b: Simipour|confusion
|-enditem|p1b: Simipour|Sitrus Berry|[eat]
|-heal|p1b: Simipour|62/100|[from] item: Sitrus Berry
|
|-heal|p1a: Aegislash|50/100g|[from] item: Leftovers
|upkeep
|turn|7
|
|t:|1785731170
|move|p2b: Palafin|Jet Punch|p1a: Aegislash
|-damage|p1a: Aegislash|25/100
|-activate|p1b: Simipour|confusion
|move|p1b: Simipour|Grass Knot|p2b: Palafin
|-supereffective|p2b: Palafin|1
|-damage|p2b: Palafin|18/100
|move|p2a: Pelipper|Weather Ball|p1b: Simipour
|-damage|p1b: Simipour|41/100
|-formechange|p1a: Aegislash|Aegislash-Blade|
|move|p1a: Aegislash|Shadow Claw|p2b: Palafin
|-damage|p2b: Palafin|0 fnt
|faint|p2b: Palafin
|
|-heal|p1a: Aegislash|31/100|[from] item: Leftovers
|upkeep
|turn|8
|
|t:|1785731193
|-activate|p1b: Simipour|confusion
|-damage|p1b: Simipour|20/100y|[from] confusion
|-formechange|p1a: Aegislash|Aegislash|
|move|p1a: Aegislash|King's Shield|p1a: Aegislash
|-singleturn|p1a: Aegislash|Protect
|move|p2a: Pelipper|Hurricane|p1b: Simipour
|-damage|p1b: Simipour|0 fnt
|faint|p1b: Simipour
|
|-heal|p1a: Aegislash|37/100|[from] item: Leftovers
|upkeep
|
|t:|1785731203
|switch|p1b: the goat|Oranguru, L50, F, shiny|27/100
|turn|9
|
|t:|1785731219
|move|p2a: Pelipper|Hurricane|p1b: the goat
|-damage|p1b: the goat|3/100
|-formechange|p1a: Aegislash|Aegislash-Blade|
|move|p1a: Aegislash|Shadow Claw|p2a: Pelipper
|-crit|p2a: Pelipper
|-damage|p2a: Pelipper|30/100
|move|p1b: the goat|Hyper Voice|p2a: Pelipper
|-damage|p2a: Pelipper|0 fnt
|faint|p2a: Pelipper
|
|win|whipq
||UncAshty is ready for game 3.
||whipq is ready for game 3.
|uhtml|next|Next: Game 3 of 3
|l|☆UncAshty
|player|p2|
