|j|☆jchase42
|j|‽jfaria97
|html|jchase42jfaria97    
|uhtml|bestof|Game 3 of a best-of-3
|t:|1756435260
|gametype|doubles
|player|p1|jchase42|hiker-gen4|1235
|player|p2|jfaria97|red|1088
|gen|9
|tier|[Gen 9] VGC 2025 Reg H (Bo3)
|rated|
|rule|Species Clause: Limit one of each Pokémon
|rule|Item Clause: Limit 1 of each item
|clearpoke
|poke|p1|Indeedee-F, L50, F|
|poke|p1|Torkoal, L50, M|
|poke|p1|Gallade, L50, M|
|poke|p1|Hatterene, L50, F|
|poke|p1|Maushold-Four, L50|
|poke|p1|Charizard, L50, F|
|poke|p2|Garchomp, L50, M|
|poke|p2|Gholdengo, L50|
|poke|p2|Talonflame, L50, M|
|poke|p2|Weezing-Galar, L50, F|
|poke|p2|Incineroar, L50, F|
|poke|p2|Dragonite, L50, F|
|teampreview|4
|showteam|p1|Indeedee-F||PsychicSeed|PsychicSurge|Psychic,FollowMe,HelpingHand,TrickRoom|||F|||50|,,,,,Grass]Torkoal||ChoiceSpecs|Drought|Eruption,HeatWave,WeatherBall,EarthPower|||M|||50|,,,,,Fire]Gallade||ClearAmulet|Sharpness|PsychoCut,SacredSword,WideGuard,TrickRoom|||M|||50|,,,,,Grass]Hatterene||CovertCloak|MagicBounce|ExpandingForce,DazzlingGleam,MysticalFire,TrickRoom|||F|||50|,,,,,Fire]Maushold-Four||WideLens|Technician|PopulationBomb,Bite,FollowMe,Protect||||||50|,,,,,Fairy]Charizard||ChoiceScarf|SolarPower|HeatWave,Overheat,AirSlash,DragonPulse|||F|||50|,,,,,Fire
|showteam|p2|Garchomp||LifeOrb|SandVeil|Earthquake,StompingTantrum,DragonClaw,Protect|||M|||50|,,,,,Steel]Gholdengo||ChoiceSpecs|GoodasGold|MakeItRain,ShadowBall,Thunderbolt,Trick||||||50|,,,,,Steel]Talonflame||CovertCloak|GaleWings|Tailwind,Taunt,BraveBird,WillOWisp|||M|||50|,,,,,Flying]Weezing-Galar||SitrusBerry|NeutralizingGas|StrangeSteam,SludgeBomb,Taunt,Protect|||F|||50|,,,,,Dark]Incineroar||SafetyGoggles|Intimidate|FlareBlitz,KnockOff,FakeOut,PartingShot|||F|||50|,,,,,Ghost]Dragonite||ChoiceBand|InnerFocus|ExtremeSpeed,Outrage,AerialAce,StompingTantrum|||F|||50|,,,,,Normal
|inactive|Battle timer is ON: inactive players will automatically lose when time's up. (requested by jfaria97)
|
|t:|1756435292
|teamsize|p1|4
|teamsize|p2|4
|start
|switch|p1a: Indeedee|Indeedee-F, L50, F|100/100
|switch|p1b: Hatterene|Hatterene, L50, F|100/100
|switch|p2a: Weezing|Weezing-Galar, L50, F|100/100
|switch|p2b: Dragonite|Dragonite, L50, F|100/100
|-ability|p2a: Weezing|Neutralizing Gas
|turn|1
|inactive|jfaria97 has 30 seconds left.
|inactive|jfaria97 has 20 seconds left.
|inactive|jfaria97 has 15 seconds left.
|inactive|jfaria97 has 10 seconds left.
|inactive|jfaria97 has 5 seconds left.
|
|t:|1756435347
|move|p1a: Indeedee|Follow Me|p1a: Indeedee
|-singleturn|p1a: Indeedee|move: Follow Me
|move|p2b: Dragonite|Extreme Speed|p1a: Indeedee
|-damage|p1a: Indeedee|53/100
|move|p2a: Weezing|Strange Steam|p1a: Indeedee
|-damage|p1a: Indeedee|20/100
|move|p1b: Hatterene|Trick Room|p1b: Hatterene
|-fieldstart|move: Trick Room|[of] p1b: Hatterene
|
|upkeep
|turn|2
|inactive|jchase42 has 30 seconds left.
|
|t:|1756435378
|switch|p1a: Torkoal|Torkoal, L50, M|100/100
|-terastallize|p2a: Weezing|Dark
|move|p2b: Dragonite|Extreme Speed|p1a: Torkoal
|-damage|p1a: Torkoal|63/100
|move|p1b: Hatterene|Expanding Force|p2a: Weezing
|-immune|p2a: Weezing
|move|p2a: Weezing|Sludge Bomb|p1b: Hatterene
|-supereffective|p1b: Hatterene
|-damage|p1b: Hatterene|30/100
|
|upkeep
|turn|3
|inactive|jchase42 has 30 seconds left.
|inactive|jchase42 has 20 seconds left.
|
|t:|1756435415
|switch|p1b: Gallade|Gallade, L50, M|100/100
|-terastallize|p1a: Torkoal|Fire
|move|p2b: Dragonite|Extreme Speed|p1b: Gallade
|-damage|p1b: Gallade|38/100
|move|p1a: Torkoal|Heat Wave|p2a: Weezing|[spread] p2a,p2b
|-crit|p2a: Weezing
|-resisted|p2b: Dragonite
|-damage|p2a: Weezing|0 fnt
|-damage|p2b: Dragonite|72/100
|-status|p2b: Dragonite|brn
|faint|p2a: Weezing
|-end|p2a: Weezing|ability: Neutralizing Gas
|-weather|SunnyDay|[from] ability: Drought|[of] p1a: Torkoal
|
|-weather|SunnyDay|[upkeep]
|-damage|p2b: Dragonite|66/100 brn|[from] brn
|upkeep
|
|t:|1756435428
|switch|p2a: Incineroar|Incineroar, L50, F|100/100
|-ability|p2a: Incineroar|Intimidate|boost
|-unboost|p1a: Torkoal|atk|1
|-fail|p1b: Gallade|unboost|[from] item: Clear Amulet|[of] p1b: Gallade
|turn|4
|
|t:|1756435439
|switch|p1b: Indeedee|Indeedee-F, L50, F|20/100
|-fieldstart|move: Psychic Terrain|[from] ability: Psychic Surge|[of] p1b: Indeedee
|-enditem|p1b: Indeedee|Psychic Seed
|-boost|p1b: Indeedee|spd|1|[from] item: Psychic Seed
|move|p2b: Dragonite|Extreme Speed|p1b: Indeedee
|-activate|p1b: Indeedee|move: Psychic Terrain
|move|p1a: Torkoal|Heat Wave|p2a: Incineroar|[spread] p2a,p2b
|-resisted|p2a: Incineroar
|-resisted|p2b: Dragonite
|-damage|p2a: Incineroar|60/100
|-damage|p2b: Dragonite|28/100 brn
|move|p2a: Incineroar|Knock Off|p1a: Torkoal
|-damage|p1a: Torkoal|34/100
|-enditem|p1a: Torkoal|Choice Specs|[from] move: Knock Off|[of] p2a: Incineroar
|
|-weather|SunnyDay|[upkeep]
|-damage|p2b: Dragonite|22/100 brn|[from] brn
|upkeep
|turn|5
|inactive|jchase42 has 30 seconds left.
|inactive|jchase42 has 20 seconds left.
|
|t:|1756435477
|switch|p1b: Hatterene|Hatterene, L50, F|30/100
|move|p2b: Dragonite|Extreme Speed|p1a: Torkoal
|-activate|p1a: Torkoal|move: Psychic Terrain
|move|p1a: Torkoal|Earth Power|p2a: Incineroar
|-supereffective|p2a: Incineroar
|-damage|p2a: Incineroar|12/100
|move|p2a: Incineroar|Knock Off|p1b: Hatterene
|-damage|p1b: Hatterene|0 fnt
|-enditem|p1b: Hatterene|Covert Cloak|[from] move: Knock Off|[of] p2a: Incineroar
|faint|p1b: Hatterene
|
|-weather|SunnyDay|[upkeep]
|-damage|p2b: Dragonite|16/100 brn|[from] brn
|-fieldend|move: Trick Room
|upkeep
|
|t:|1756435491
|switch|p1b: Indeedee|Indeedee-F, L50, F|20/100
|turn|6
|
|t:|1756435512
|move|p1b: Indeedee|Helping Hand|p1a: Torkoal
|-singleturn|p1a: Torkoal|Helping Hand|[of] p1b: Indeedee
|move|p2b: Dragonite|Extreme Speed|p1a: Torkoal
|-activate|p1a: Torkoal|move: Psychic Terrain
|move|p2a: Incineroar|Knock Off|p1b: Indeedee
|-supereffective|p1b: Indeedee
|-damage|p1b: Indeedee|0 fnt
|faint|p1b: Indeedee
|move|p1a: Torkoal|Heat Wave|p2b: Dragonite|[spread] p2a,p2b
|-resisted|p2a: Incineroar
|-crit|p2a: Incineroar
|-resisted|p2b: Dragonite
|-damage|p2a: Incineroar|0 fnt
|-damage|p2b: Dragonite|0 fnt
|faint|p2a: Incineroar
|faint|p2b: Dragonite
|
|-weather|SunnyDay|[upkeep]
|upkeep
|
|t:|1756435525
|switch|p1b: Gallade|Gallade, L50, M|38/100
|switch|p2b: Gholdengo|Gholdengo, L50|100/100
|turn|7
|
|t:|1756435549
|move|p1b: Gallade|Wide Guard|p1b: Gallade
|-singleturn|p1b: Gallade|Wide Guard
|move|p2b: Gholdengo|Shadow Ball|p1a: Torkoal
|-damage|p1a: Torkoal|0 fnt
|faint|p1a: Torkoal
|
|-weather|none
|upkeep
|turn|8
|c|☆jchase42|gg
|-message|jchase42 forfeited.
|
|win|jfaria97
|raw|jchase42's rating: 1235 → 1200(-35 for losing)
|raw|jfaria97's rating: 1088 → 1126(+38 for winning)
