|j|☆angusgrind13
|j|☆musse67
|html|angusgrind13musse67    
|uhtml|bestof|Game 3 of a best-of-3
|t:|1784811673
|gametype|doubles
|player|p1|angusgrind13|steven|1089
|player|p2|musse67|skier|1091
|gen|9
|tier|[Gen 9 Champions] VGC 2026 Reg M-B (Bo3)
|rated|
|rule|Species Clause: Limit one of each Pokémon
|rule|Item Clause: Limit 1 of each item
|clearpoke
|poke|p1|Kommo-o, L50, M|
|poke|p1|Audino, L50, M|
|poke|p1|Hatterene, L50, F|
|poke|p1|Farigiraf, L50, F|
|poke|p1|Torkoal, L50, M|
|poke|p1|Incineroar, L50, M|
|poke|p2|Tyranitar, L50, M|
|poke|p2|Steelix, L50, F|
|poke|p2|Sinistcha-Masterpiece, L50|
|poke|p2|Rotom-Wash, L50|
|poke|p2|Kommo-o, L50, M|
|poke|p2|Delphox, L50, F|
|teampreview|4
|showteam|p1|Kommo-o||WhiteHerb|Soundproof|ClangingScales,ClangorousSoul,AuraSphere,Boomburst|Timid||M|||50|]Audino||Audinite|Healer|SimpleBeam,HyperVoice,CalmMind,Protect|Bold||M|||50|]Hatterene||LifeOrb|MagicBounce|TrickRoom,DazzlingGleam,Psychic,Protect|Sassy||F|||50|]Farigiraf||MentalHerb|ArmorTail|TrickRoom,HelpingHand,Protect,Psyshock|Sassy||F|||50|]Torkoal||Leftovers|Drought|Eruption,AncientPower,ClearSmog,HeatWave|Quiet||M|||50|]Incineroar||SitrusBerry|Intimidate|FakeOut,FlareBlitz,DarkestLariat,PartingShot|Adamant||M|||50|
|showteam|p2|Tyranitar||ChopleBerry|SandStream|DragonDance,KnockOff,RockSlide,Protect|Adamant||M|||50|]Steelix||Steelixite|Sturdy|HeavySlam,HighHorsepower,WideGuard,Protect|Brave||F|||50|]Sinistcha-Masterpiece||SitrusBerry|Hospitality|TrickRoom,MatchaGotcha,RagePowder,Protect|Relaxed|||||50|]Rotom-Wash||LifeOrb|Levitate|HydroPump,Thunderbolt,WillOWisp,Protect|Calm|||||50|]Kommo-o||Leftovers|Soundproof|ClangorousSoul,ClangingScales,AuraSphere,Protect|Timid||M|||50|]Delphox||Delphoxite|Magician|NastyPlot,Protect,Psychic,HeatWave|Timid||F|||50|
|inactive|Battle timer is ON: inactive players will automatically lose when time's up. (requested by musse67)
|
|t:|1784811679
|teamsize|p1|4
|teamsize|p2|4
|start
|switch|p1a: Audino|Audino, L50, M|100/100
|switch|p1b: Hatterene|Hatterene, L50, F|100/100
|switch|p2a: Rotom|Rotom-Wash, L50|100/100
|switch|p2b: Tyranitar|Tyranitar, L50, M|100/100
|-weather|Sandstorm|[from] ability: Sand Stream|[of] p2b: Tyranitar
|turn|1
|
|t:|1784811694
|detailschange|p1a: Audino|Audino-Mega, L50, M
|-mega|p1a: Audino|Audino|Audinite
|move|p2a: Rotom|Will-O-Wisp|p1a: Audino
|-status|p1a: Audino|brn
|move|p2b: Tyranitar|Knock Off|p1b: Hatterene
|-damage|p1b: Hatterene|45/100
|-enditem|p1b: Hatterene|Life Orb|[from] move: Knock Off|[of] p2b: Tyranitar
|move|p1a: Audino|Simple Beam|p1b: Hatterene
|move|p1b: Hatterene|Simple Beam|p1a: Audino|[from] ability: Magic Bounce
|-ability|p1a: Audino|Simple|Healer|[from] move: Simple Beam
|move|p1b: Hatterene|Trick Room|p1b: Hatterene
|-fieldstart|move: Trick Room|[of] p1b: Hatterene
|
|-weather|Sandstorm|[upkeep]
|-damage|p1b: Hatterene|39/100|[from] Sandstorm
|-damage|p1a: Audino|93/100 brn|[from] Sandstorm
|-damage|p2a: Rotom|94/100|[from] Sandstorm
|-damage|p1a: Audino|87/100 brn|[from] brn
|upkeep
|turn|2
|inactive|musse67 has 30 seconds left.
|
|t:|1784811721
|switch|p2a: Steelix|Steelix, L50, F|100/100
|move|p1b: Hatterene|Dazzling Gleam|p2b: Tyranitar|[spread] p2a,p2b
|-resisted|p2a: Steelix|1
|-supereffective|p2b: Tyranitar|1
|-damage|p2a: Steelix|82/100
|-damage|p2b: Tyranitar|71/100
|move|p1a: Audino|Calm Mind|p1a: Audino
|-boost|p1a: Audino|spa|2
|-boost|p1a: Audino|spd|2
|move|p2b: Tyranitar|Rock Slide|p1b: Hatterene|[spread] p1a,p1b
|-damage|p1a: Audino|72/100 brn
|-damage|p1b: Hatterene|6/100
|
|-weather|Sandstorm|[upkeep]
|-damage|p1b: Hatterene|0 fnt|[from] Sandstorm
|-damage|p1a: Audino|66/100 brn|[from] Sandstorm
|faint|p1b: Hatterene
|-damage|p1a: Audino|60/100 brn|[from] brn
|upkeep
|
|t:|1784811741
|switch|p1b: Farigiraf|Farigiraf, L50, F|100/100
|turn|3
|
|t:|1784811755
|detailschange|p2a: Steelix|Steelix-Mega, L50, F
|-mega|p2a: Steelix|Steelix|Steelixite
|move|p1b: Farigiraf|Helping Hand|p1a: Audino
|-singleturn|p1a: Audino|Helping Hand|[of] p1b: Farigiraf
|move|p2a: Steelix|Heavy Slam|p1a: Audino
|-supereffective|p1a: Audino|1
|-damage|p1a: Audino|0 fnt
|faint|p1a: Audino
|move|p2b: Tyranitar|Knock Off|p1b: Farigiraf
|-supereffective|p1b: Farigiraf|1
|-damage|p1b: Farigiraf|2/100
|-enditem|p1b: Farigiraf|Mental Herb|[from] move: Knock Off|[of] p2b: Tyranitar
|
|-weather|Sandstorm|[upkeep]
|-damage|p1b: Farigiraf|0 fnt|[from] Sandstorm
|faint|p1b: Farigiraf
|upkeep
|
|t:|1784811772
|switch|p1a: Torkoal|Torkoal, L50, M|100/100
|-weather|SunnyDay|[from] ability: Drought|[of] p1a: Torkoal
|turn|4
|
|t:|1784811785
|switch|p2a: Rotom|Rotom-Wash, L50|94/100
|switch|p2b: Sinistcha|Sinistcha-Masterpiece, L50|100/100
|-heal|p2a: Rotom|100/100|[from] ability: Hospitality|[of] p2b: Sinistcha
|move|p1a: Torkoal|Eruption|p2a: Rotom|[spread] p2a,p2b
|-resisted|p2a: Rotom|1
|-supereffective|p2b: Sinistcha|1
|-damage|p2a: Rotom|68/100
|-damage|p2b: Sinistcha|0 fnt
|faint|p2b: Sinistcha
|
|-weather|SunnyDay|[upkeep]
|upkeep
|
|t:|1784811790
|switch|p2b: Tyranitar|Tyranitar, L50, M|71/100
|-weather|Sandstorm|[from] ability: Sand Stream|[of] p2b: Tyranitar
|turn|5
|
|t:|1784811796
|move|p1a: Torkoal|Eruption|p2b: Tyranitar|[spread] p2a,p2b
|-resisted|p2a: Rotom|1
|-resisted|p2b: Tyranitar|1
|-damage|p2a: Rotom|47/100
|-damage|p2b: Tyranitar|57/100
|move|p2b: Tyranitar|Dragon Dance|p2b: Tyranitar
|-boost|p2b: Tyranitar|atk|1
|-boost|p2b: Tyranitar|spe|1
|move|p2a: Rotom|Hydro Pump|p1a: Torkoal
|-supereffective|p1a: Torkoal|1
|-damage|p1a: Torkoal|0 fnt
|faint|p1a: Torkoal
|-damage|p2a: Rotom|38/100|[from] item: Life Orb
|
|win|musse67
|raw|angusgrind13's rating: 1089 → 1066(-23 for losing)
|raw|musse67's rating: 1091 → 1117(+26 for winning)
|l|☆angusgrind13
|player|p1|
|j|☆angusgrind13
|player|p1|angusgrind13|steven|
