|j|☆WolfeWithTheGlicky
|html|dambro222WolfeWithTheGlicky    
|uhtml|bestof|Game 3 of a best-of-3
|t:|1756281704
|gametype|doubles
|player|p1|dambro222|ethan|1147
|player|p2|WolfeWithTheGlicky|policeman-gen4|1156
|gen|9
|tier|[Gen 9] VGC 2025 Reg H (Bo3)
|rated|
|rule|Species Clause: Limit one of each Pokémon
|rule|Item Clause: Limit 1 of each item
|clearpoke
|poke|p1|Dragonite, L50, M|
|poke|p1|Volcarona, L50, F|
|poke|p1|Sneasler, L50, M|
|poke|p1|Rillaboom, L50, M|
|poke|p1|Electabuzz, L50, M|
|poke|p1|Kingambit, L50, M|
|poke|p2|Porygon2, L50|
|poke|p2|Ursaluna, L50, M|
|poke|p2|Volcarona, L50, M|
|poke|p2|Grimmsnarl, L50, M|
|poke|p2|Annihilape, L50, M|
|poke|p2|Gholdengo, L50|
|teampreview|4
|showteam|p1|Dragonite||LoadedDice|Multiscale|ScaleShot,ExtremeSpeed,Haze,Protect|||M|||50|,,,,,Fairy]Volcarona||CovertCloak|FlameBody|HeatWave,TeraBlast,QuiverDance,Protect|||F|||50|,,,,,Fairy]Sneasler||FocusSash|Unburden|CloseCombat,DireClaw,Coaching,Protect|||M|||50|,,,,,Stellar]Rillaboom||AssaultVest|GrassySurge|WoodHammer,GrassyGlide,HighHorsepower,FakeOut|||M|||50|,,,,,Water]Electabuzz||Eviolite|VitalSpirit|Electroweb,FollowMe,Taunt,Protect|||M|||50|,,,,,Ghost]Kingambit||BlackGlasses|Defiant|KowtowCleave,SuckerPunch,SwordsDance,Protect|||M|||50|,,,,,Dark
|showteam|p2|Porygon2||Eviolite|Trace|TriAttack,ShadowBall,Recover,TrickRoom||||||50|,,,,,Ghost]Ursaluna||FlameOrb|Guts|Facade,Earthquake,HeadlongRush,Protect|||M|||50|,,,,,Fairy]Volcarona||CovertCloak|FlameBody|Overheat,StruggleBug,RagePowder,WillOWisp|||M|||50|,,,,,Dragon]Grimmsnarl||LightClay|Prankster|SpiritBreak,Reflect,LightScreen,Taunt|||M|||50|,,,,,Steel]Annihilape||SafetyGoggles|Defiant|RageFist,DrainPunch,Protect,BulkUp|||M|||50|,,,,,Fire]Gholdengo||ChoiceSpecs|GoodasGold|ShadowBall,MakeItRain,PowerGem,Trick||||||50|,,,,,Dragon
|j|☆dambro222
|player|p1|dambro222|ethan|
|inactive|Battle timer is ON: inactive players will automatically lose when time's up. (requested by dambro222)
|
|t:|1756281756
|teamsize|p1|4
|teamsize|p2|4
|start
|switch|p1a: Volcarona|Volcarona, L50, F|100/100
|switch|p1b: Electabuzz|Electabuzz, L50, M|100/100
|switch|p2a: Grimmsnarl|Grimmsnarl, L50, M|100/100
|switch|p2b: Annihilape|Annihilape, L50, M|100/100
|turn|1
|
|t:|1756281779
|move|p1b: Electabuzz|Follow Me|p1b: Electabuzz
|-singleturn|p1b: Electabuzz|move: Follow Me
|move|p2a: Grimmsnarl|Light Screen|p2a: Grimmsnarl
|-sidestart|p2: WolfeWithTheGlicky|move: Light Screen
|move|p1a: Volcarona|Quiver Dance|p1a: Volcarona
|-boost|p1a: Volcarona|spa|1
|-boost|p1a: Volcarona|spd|1
|-boost|p1a: Volcarona|spe|1
|move|p2b: Annihilape|Bulk Up|p2b: Annihilape
|-boost|p2b: Annihilape|atk|1
|-boost|p2b: Annihilape|def|1
|
|upkeep
|turn|2
|
|t:|1756281802
|move|p1b: Electabuzz|Follow Me|p1b: Electabuzz
|-singleturn|p1b: Electabuzz|move: Follow Me
|move|p2a: Grimmsnarl|Taunt|p1b: Electabuzz
|-start|p1b: Electabuzz|move: Taunt
|move|p1a: Volcarona|Quiver Dance|p1a: Volcarona
|-boost|p1a: Volcarona|spa|1
|-boost|p1a: Volcarona|spd|1
|-boost|p1a: Volcarona|spe|1
|move|p2b: Annihilape|Bulk Up|p2b: Annihilape
|-boost|p2b: Annihilape|atk|1
|-boost|p2b: Annihilape|def|1
|
|upkeep
|turn|3
|
|t:|1756281824
|-terastallize|p1a: Volcarona|Fairy
|move|p1a: Volcarona|Tera Blast|p2b: Annihilape|[anim] Tera Blast Fairy
|-supereffective|p2b: Annihilape
|-damage|p2b: Annihilape|6/100
|move|p2b: Annihilape|Rage Fist|p1b: Electabuzz
|-damage|p1b: Electabuzz|39/100
|move|p1b: Electabuzz|Electroweb|p2a: Grimmsnarl|[spread] p2a,p2b
|-damage|p2a: Grimmsnarl|92/100
|-damage|p2b: Annihilape|0 fnt
|-unboost|p2a: Grimmsnarl|spe|1
|faint|p2b: Annihilape
|move|p2a: Grimmsnarl|Spirit Break|p1a: Volcarona
|-damage|p1a: Volcarona|59/100
|
|upkeep
|
|t:|1756281831
|switch|p2b: Porygon2|Porygon2, L50, shiny|100/100
|-ability|p2b: Porygon2|Vital Spirit|Trace|[from] ability: Trace|[of] p1b: Electabuzz
|turn|4
|inactive|dambro222 has 30 seconds left.
|
|t:|1756281861
|switch|p2a: Ursaluna|Ursaluna, L50, M|100/100
|move|p1a: Volcarona|Heat Wave|p2b: Porygon2|[spread] p2b
|-miss|p1a: Volcarona|p2a: Ursaluna
|-damage|p2b: Porygon2|74/100
|move|p1b: Electabuzz|Electroweb|p2a: Ursaluna|[spread] p2b
|-immune|p2a: Ursaluna
|-damage|p2b: Porygon2|68/100
|-unboost|p2b: Porygon2|spe|1
|move|p2b: Porygon2|Trick Room|p2b: Porygon2
|-fieldstart|move: Trick Room|[of] p2b: Porygon2
|
|-status|p2a: Ursaluna|brn|[from] item: Flame Orb
|upkeep
|turn|5
|
|t:|1756281880
|move|p1a: Volcarona|Protect|p1a: Volcarona
|-singleturn|p1a: Volcarona|Protect
|move|p2a: Ursaluna|Facade|p1b: Electabuzz
|-damage|p1b: Electabuzz|0 fnt
|faint|p1b: Electabuzz
|move|p2b: Porygon2|Recover|p2b: Porygon2
|-heal|p2b: Porygon2|100/100
|
|-damage|p2a: Ursaluna|95/100 brn|[from] brn
|upkeep
|
|t:|1756281890
|switch|p1b: Rillaboom|Rillaboom, L50, M|100/100
|-fieldstart|move: Grassy Terrain|[from] ability: Grassy Surge|[of] p1b: Rillaboom
|turn|6
|
|t:|1756281914
|move|p2a: Ursaluna|Protect|p2a: Ursaluna
|-singleturn|p2a: Ursaluna|Protect
|move|p1b: Rillaboom|Fake Out|p2a: Ursaluna
|-activate|p2a: Ursaluna|move: Protect
|move|p2b: Porygon2|Tri Attack|p1b: Rillaboom
|-damage|p1b: Rillaboom|75/100
|move|p1a: Volcarona|Heat Wave|p2a: Ursaluna|[spread] p2b
|-activate|p2a: Ursaluna|move: Protect
|-damage|p2b: Porygon2|71/100
|
|-heal|p2a: Ursaluna|100/100 brn|[from] Grassy Terrain
|-heal|p2b: Porygon2|77/100|[from] Grassy Terrain
|-heal|p1b: Rillaboom|81/100|[from] Grassy Terrain
|-heal|p1a: Volcarona|65/100|[from] Grassy Terrain
|-damage|p2a: Ursaluna|95/100 brn|[from] brn
|upkeep
|turn|7
|inactive|WolfeWithTheGlicky has 30 seconds left.
|
|t:|1756281941
|-terastallize|p2a: Ursaluna|Fairy
|move|p1a: Volcarona|Protect|p1a: Volcarona
|-singleturn|p1a: Volcarona|Protect
|move|p1b: Rillaboom|Grassy Glide|p2a: Ursaluna
|-damage|p2a: Ursaluna|66/100 brn
|move|p2a: Ursaluna|Facade|p1a: Volcarona
|-activate|p1a: Volcarona|move: Protect
|move|p2b: Porygon2|Tri Attack|p1b: Rillaboom
|-damage|p1b: Rillaboom|54/100
|
|-heal|p2a: Ursaluna|72/100 brn|[from] Grassy Terrain
|-heal|p2b: Porygon2|83/100|[from] Grassy Terrain
|-heal|p1b: Rillaboom|60/100|[from] Grassy Terrain
|-heal|p1a: Volcarona|72/100|[from] Grassy Terrain
|-damage|p2a: Ursaluna|66/100 brn|[from] brn
|upkeep
|turn|8
|
|t:|1756281962
|move|p1a: Volcarona|Protect||[still]
|-fail|p1a: Volcarona
|move|p2a: Ursaluna|Facade|p1a: Volcarona
|-damage|p1a: Volcarona|0 fnt
|faint|p1a: Volcarona
|move|p2b: Porygon2|Tri Attack|p1b: Rillaboom
|-damage|p1b: Rillaboom|34/100
|move|p1b: Rillaboom|Wood Hammer|p2a: Ursaluna
|-damage|p2a: Ursaluna|4/100 brn
|-damage|p1b: Rillaboom|10/100|[from] Recoil
|
|-heal|p2a: Ursaluna|10/100 brn|[from] Grassy Terrain
|-heal|p2b: Porygon2|90/100|[from] Grassy Terrain
|-heal|p1b: Rillaboom|16/100|[from] Grassy Terrain
|-damage|p2a: Ursaluna|4/100 brn|[from] brn
|-sideend|p2: WolfeWithTheGlicky|move: Light Screen
|-fieldend|move: Trick Room
|upkeep
|
|t:|1756281979
|switch|p1a: Sneasler|Sneasler, L50, M|100/100
|turn|9
|
|t:|1756282000
|move|p2a: Ursaluna|Protect|p2a: Ursaluna
|-singleturn|p2a: Ursaluna|Protect
|move|p1b: Rillaboom|Grassy Glide|p2a: Ursaluna
|-activate|p2a: Ursaluna|move: Protect
|move|p1a: Sneasler|Close Combat|p2b: Porygon2
|-supereffective|p2b: Porygon2
|-damage|p2b: Porygon2|10/100
|-unboost|p1a: Sneasler|def|1
|-unboost|p1a: Sneasler|spd|1
|move|p2b: Porygon2|Trick Room|p2b: Porygon2
|-fieldstart|move: Trick Room|[of] p2b: Porygon2
|
|-heal|p2a: Ursaluna|10/100 brn|[from] Grassy Terrain
|-heal|p2b: Porygon2|17/100|[from] Grassy Terrain
|-heal|p1b: Rillaboom|22/100|[from] Grassy Terrain
|-damage|p2a: Ursaluna|4/100 brn|[from] brn
|upkeep
|turn|10
|inactive|dambro222 has 30 seconds left.
|inactive|dambro222 has 20 seconds left.
|inactive|dambro222 has 15 seconds left.
|
|t:|1756282040
|move|p1b: Rillaboom|Grassy Glide|p2a: Ursaluna
|-damage|p2a: Ursaluna|0 fnt
|faint|p2a: Ursaluna
|move|p2b: Porygon2|Tri Attack|p1b: Rillaboom
|-damage|p1b: Rillaboom|0 fnt
|faint|p1b: Rillaboom
|move|p1a: Sneasler|Close Combat|p2b: Porygon2
|-supereffective|p2b: Porygon2
|-damage|p2b: Porygon2|0 fnt
|-unboost|p1a: Sneasler|def|1
|-unboost|p1a: Sneasler|spd|1
|faint|p2b: Porygon2
|
|-fieldend|move: Grassy Terrain
|upkeep
|
|t:|1756282043
|switch|p2b: Grimmsnarl|Grimmsnarl, L50, M|92/100
|turn|11
|
|t:|1756282066
|move|p1a: Sneasler|Protect|p1a: Sneasler
|-singleturn|p1a: Sneasler|Protect
|move|p2b: Grimmsnarl|Spirit Break|p1a: Sneasler
|-activate|p1a: Sneasler|move: Protect
|
|upkeep
|turn|12
|
|t:|1756282078
|move|p2b: Grimmsnarl|Spirit Break|p1a: Sneasler
|-enditem|p1a: Sneasler|Focus Sash
|-damage|p1a: Sneasler|1/100
|-unboost|p1a: Sneasler|spa|1
|move|p1a: Sneasler|Dire Claw|p2b: Grimmsnarl
|-supereffective|p2b: Grimmsnarl
|-damage|p2b: Grimmsnarl|15/100
|
|upkeep
|turn|13
|inactive|WolfeWithTheGlicky has 30 seconds left.
|
|t:|1756282110
|move|p1a: Sneasler|Protect|p1a: Sneasler
|-singleturn|p1a: Sneasler|Protect
|move|p2b: Grimmsnarl|Spirit Break|p1a: Sneasler
|-activate|p1a: Sneasler|move: Protect
|
|-fieldend|move: Trick Room
|upkeep
|turn|14
|
|t:|1756282117
|move|p1a: Sneasler|Dire Claw|p2b: Grimmsnarl
|-supereffective|p2b: Grimmsnarl
|-damage|p2b: Grimmsnarl|0 fnt
|faint|p2b: Grimmsnarl
|
|win|dambro222
|raw|dambro222's rating: 1147 → 1173(+26 for winning)
|raw|WolfeWithTheGlicky's rating: 1156 → 1130(-26 for losing)
|c|☆dambro222|gg
