|j|☆BelinVGC
|j|☆Ethan's Bleakmiss
|html|BelinVGCEthan's Bleakmiss    
|uhtml|bestof|Game 2 of a best-of-3
|t:|1784557810
|gametype|doubles
|player|p1|BelinVGC|266|1172
|player|p2|Ethan's Bleakmiss|unknown|1111
|gen|9
|tier|[Gen 9 Champions] VGC 2026 Reg M-B (Bo3)
|rated|
|rule|Species Clause: Limit one of each Pokémon
|rule|Item Clause: Limit 1 of each item
|clearpoke
|poke|p1|Swampert, L50, M|
|poke|p1|Pelipper, L50, M|
|poke|p1|Archaludon, L50, M|
|poke|p1|Venusaur, L50, F|
|poke|p1|Maushold-Four, L50|
|poke|p1|Gholdengo, L50|
|poke|p2|Blaziken, L50, M|
|poke|p2|Ninetales-Alola, L50, F|
|poke|p2|Kingambit, L50, F, shiny|
|poke|p2|Basculegion, L50, M, shiny|
|poke|p2|Farigiraf, L50, F, shiny|
|poke|p2|Slowbro, L50, M, shiny|
|teampreview|4
|showteam|p1|Swampert||Swampertite|Torrent|WaveCrash,HighHorsepower,IcePunch,Protect|Adamant||M|||50|]Pelipper||SitrusBerry|Drizzle|WeatherBall,Hurricane,Tailwind,WideGuard|Modest||M|||50|]Archaludon||Leftovers|Stamina|ElectroShot,DragonPulse,FlashCannon,Protect|Calm||M|||50|]Venusaur||Venusaurite|Chlorophyll|GigaDrain,EarthPower,SludgeBomb,Protect|Modest||F|||50|]Maushold-Four||FocusSash|FriendGuard|FollowMe,SuperFang,RainDance,Protect|Timid|||||50|]Gholdengo||LifeOrb|GoodasGold|MakeItRain,ShadowBall,NastyPlot,Protect|Modest|||||50|
|showteam|p2|Blaziken||Blazikenite|SpeedBoost|CloseCombat,FlareBlitz,StoneEdge,Detect|Adamant||M|||50|]Ninetales-Alola||NeverMeltIce|SnowWarning|Blizzard,FreezeDry,Encore,Protect|Timid||F|||50|]Kingambit||LifeOrb|Defiant|SuckerPunch,KowtowCleave,IronHead,Protect|Brave||F|||50|]Basculegion||ChoiceScarf|Adaptability|WaveCrash,LastRespects,FlipTurn,AquaJet|Adamant||M|||50|]Farigiraf||SitrusBerry|ArmorTail|HyperVoice,Psychic,TrickRoom,HelpingHand|Sassy||F|||50|]Slowbro||Slowbronite|Regenerator|BodyPress,Protect,Scald,Psychic|Quiet||M|||50|
|inactive|Battle timer is ON: inactive players will automatically lose when time's up. (requested by Ethan's Bleakmiss)
|inactive|BelinVGC has 60 seconds left.
|inactive|Ethan's Bleakmiss has 60 seconds left.
|inactive|BelinVGC has 30 seconds left.
|inactive|BelinVGC has 20 seconds left.
|
|t:|1784557883
|teamsize|p1|4
|teamsize|p2|4
|start
|switch|p1a: Venusaur|Venusaur, L50, F|100/100
|switch|p1b: Maushold|Maushold-Four, L50|100/100
|switch|p2a: Blaziken|Blaziken, L50, M|100/100
|switch|p2b: Basculegion|Basculegion, L50, M, shiny|100/100
|turn|1
|
|t:|1784557906
|detailschange|p2a: Blaziken|Blaziken-Mega, L50, M
|-mega|p2a: Blaziken|Blaziken|Blazikenite
|detailschange|p1a: Venusaur|Venusaur-Mega, L50, F
|-mega|p1a: Venusaur|Venusaur|Venusaurite
|move|p2b: Basculegion|Flip Turn|p1b: Maushold
|-damage|p1b: Maushold|43/100
|
|t:|1784557913
|switch|p2b: Ninetales|Ninetales-Alola, L50, F|100/100|[from] Flip Turn
|-weather|Snowscape|[from] ability: Snow Warning|[of] p2b: Ninetales
|move|p1b: Maushold|Rain Dance|p1b: Maushold
|-weather|RainDance
|move|p2a: Blaziken|Flare Blitz|p1a: Venusaur
|-supereffective|p1a: Venusaur|1
|-damage|p1a: Venusaur|75/100
|-damage|p2a: Blaziken|90/100|[from] Recoil
|move|p1a: Venusaur|Earth Power|p2b: Ninetales
|-damage|p2b: Ninetales|63/100
|
|-weather|RainDance|[upkeep]
|-ability|p2a: Blaziken|Speed Boost|boost
|-boost|p2a: Blaziken|spe|1
|upkeep
|turn|2
|inactive|Ethan's Bleakmiss has 30 seconds left.
|
|t:|1784557941
|move|p2a: Blaziken|Detect|p2a: Blaziken
|-singleturn|p2a: Blaziken|Protect
|move|p1b: Maushold|Protect|p1b: Maushold
|-singleturn|p1b: Maushold|Protect
|move|p2b: Ninetales|Encore|p1b: Maushold
|-activate|p1b: Maushold|move: Protect
|move|p1a: Venusaur|Giga Drain|p2b: Ninetales
|-damage|p2b: Ninetales|18/100
|-heal|p1a: Venusaur|94/100|[from] drain|[of] p2b: Ninetales
|
|-weather|RainDance|[upkeep]
|-ability|p2a: Blaziken|Speed Boost|boost
|-boost|p2a: Blaziken|spe|1
|upkeep
|turn|3
|inactive|BelinVGC has 30 seconds left.
|inactive|Ethan's Bleakmiss has 30 seconds left.
|
|t:|1784557968
|move|p1b: Maushold|Follow Me|p1b: Maushold
|-singleturn|p1b: Maushold|move: Follow Me
|move|p2a: Blaziken|Close Combat|p1b: Maushold
|-supereffective|p1b: Maushold|1
|-damage|p1b: Maushold|0 fnt
|-unboost|p2a: Blaziken|def|1
|-unboost|p2a: Blaziken|spd|1
|faint|p1b: Maushold
|move|p2b: Ninetales|Freeze-Dry|p1a: Venusaur
|-supereffective|p1a: Venusaur|1
|-damage|p1a: Venusaur|68/100
|move|p1a: Venusaur|Earth Power|p2a: Blaziken
|-supereffective|p2a: Blaziken|1
|-damage|p2a: Blaziken|0 fnt
|faint|p2a: Blaziken
|
|-weather|RainDance|[upkeep]
|upkeep
|
|t:|1784557985
|switch|p1b: Archaludon|Archaludon, L50, M|100/100
|switch|p2a: Kingambit|Kingambit, L50, F, shiny|100/100
|turn|4
|inactive|BelinVGC has 30 seconds left.
|inactive|BelinVGC has 20 seconds left.
|inactive|BelinVGC has 15 seconds left.
|inactive|BelinVGC has 10 seconds left.
|inactive|BelinVGC has 5 seconds left.
|
|t:|1784558036
|move|p2a: Kingambit|Sucker Punch|p1a: Venusaur
|-damage|p1a: Venusaur|19/100
|-damage|p2a: Kingambit|90/100|[from] item: Life Orb
|move|p2b: Ninetales|Blizzard|p1b: Archaludon|[spread] 
|-miss|p2b: Ninetales|p1a: Venusaur
|-miss|p2b: Ninetales|p1b: Archaludon
|move|p1a: Venusaur|Earth Power|p2a: Kingambit
|-supereffective|p2a: Kingambit|1
|-damage|p2a: Kingambit|34/100
|move|p1b: Archaludon|Electro Shot||[still]
|-prepare|p1b: Archaludon|Electro Shot
|-boost|p1b: Archaludon|spa|1
|-anim|p1b: Archaludon|Electro Shot|p2b: Ninetales
|-damage|p2b: Ninetales|0 fnt
|faint|p2b: Ninetales
|
|-weather|RainDance|[upkeep]
|upkeep
|
|t:|1784558052
|switch|p2b: Basculegion|Basculegion, L50, M, shiny|100/100
|turn|5
|inactive|BelinVGC has 30 seconds left.
|
|t:|1784558080
|move|p2a: Kingambit|Sucker Punch|p1b: Archaludon
|-damage|p1b: Archaludon|58/100
|-ability|p1b: Archaludon|Stamina|boost
|-boost|p1b: Archaludon|def|1
|-damage|p2a: Kingambit|24/100|[from] item: Life Orb
|move|p2b: Basculegion|Last Respects|p1b: Archaludon
|-damage|p1b: Archaludon|10/100
|-ability|p1b: Archaludon|Stamina|boost
|-boost|p1b: Archaludon|def|1
|move|p1a: Venusaur|Earth Power|p2a: Kingambit
|-supereffective|p2a: Kingambit|1
|-damage|p2a: Kingambit|0 fnt
|faint|p2a: Kingambit
|move|p1b: Archaludon|Electro Shot||[still]
|-prepare|p1b: Archaludon|Electro Shot
|-boost|p1b: Archaludon|spa|1
|-anim|p1b: Archaludon|Electro Shot|p2b: Basculegion
|-supereffective|p2b: Basculegion|1
|-damage|p2b: Basculegion|0 fnt
|faint|p2b: Basculegion
|
|win|BelinVGC
|raw|BelinVGC's rating: 1172 → 1193(+21 for winning)
|raw|Ethan's Bleakmiss's rating: 1111 → 1090(-21 for losing)
