|j|☆RustyTacos27
|j|☆SlaymonSays
|html|RustyTacos27SlaymonSays    
|uhtml|bestof|Game 1 of a best-of-3
|t:|1757854581
|gametype|doubles
|player|p1|RustyTacos27|101|1237
|player|p2|SlaymonSays|102|1254
|gen|9
|tier|[Gen 9] VGC 2025 Reg H (Bo3)
|rated|
|rule|Species Clause: Limit one of each Pokémon
|rule|Item Clause: Limit 1 of each item
|clearpoke
|poke|p1|Ursaluna-Bloodmoon, L50, M|
|poke|p1|Grimmsnarl, L50, M|
|poke|p1|Archaludon, L50, M|
|poke|p1|Salamence, L50, F|
|poke|p1|Volcarona, L50, M|
|poke|p1|Gholdengo, L50|
|poke|p2|Ursaluna-Bloodmoon, L50, M|
|poke|p2|Dragonite, L50, F|
|poke|p2|Gholdengo, L50|
|poke|p2|Rillaboom, L50, M|
|poke|p2|Incineroar, L50, F|
|poke|p2|Ninetales-Alola, L50, M|
|teampreview|4
|showteam|p1|Ursaluna-Bloodmoon||LifeOrb|MindsEye|BloodMoon,HyperVoice,EarthPower,Protect|||M|||50|,,,,,Normal]Grimmsnarl||LightClay|Prankster|SpiritBreak,LightScreen,Reflect,ThunderWave|||M|||50|,,,,,Ghost]Archaludon||AssaultVest|Stamina|DracoMeteor,FlashCannon,BodyPress,Snarl|||M|||50|,,,,,Grass]Salamence||LumBerry|Intimidate|DualWingbeat,RockSlide,Tailwind,Protect|||F|||50|,,,,,Steel]Volcarona||SitrusBerry|FlameBody|RagePowder,WillOWisp,HeatWave,Protect|||M|||50|,,,,,Water]Gholdengo||ChoiceSpecs|GoodasGold|MakeItRain,ShadowBall,Thunderbolt,Trick||||||50|,,,,,Steel
|showteam|p2|Ursaluna-Bloodmoon||LifeOrb|MindsEye|BloodMoon,HyperVoice,EarthPower,Protect|||M|||50|,,,,,Ghost]Dragonite||LoadedDice|Multiscale|ScaleShot,Tailwind,Haze,Protect|||F|||50|,,,,,Fairy]Gholdengo||Leftovers|GoodasGold|MakeItRain,ShadowBall,NastyPlot,Protect||||||50|,,,,,Water]Rillaboom||AssaultVest|GrassySurge|FakeOut,GrassyGlide,WoodHammer,HighHorsepower|||M|||50|,,,,,Fire]Incineroar||SafetyGoggles|Intimidate|FakeOut,FlareBlitz,KnockOff,PartingShot|||F|||50|,,,,,Ghost]Ninetales-Alola||ChoiceSpecs|SnowWarning|Blizzard,FreezeDry,Moonblast,AuroraVeil|||M|||50|,,,,,Fire
|inactive|Battle timer is ON: inactive players will automatically lose when time's up. (requested by RustyTacos27)
|
|t:|1757854613
|teamsize|p1|4
|teamsize|p2|4
|start
|switch|p1a: Grimmsnarl|Grimmsnarl, L50, M|100/100
|switch|p1b: Ursaluna|Ursaluna-Bloodmoon, L50, M|100/100
|switch|p2a: Gholdengo|Gholdengo, L50|100/100
|switch|p2b: Incineroar|Incineroar, L50, F|100/100
|-ability|p2b: Incineroar|Intimidate|boost
|-unboost|p1a: Grimmsnarl|atk|1
|-unboost|p1b: Ursaluna|atk|1
|turn|1
|
|t:|1757854626
|-terastallize|p1a: Grimmsnarl|Ghost
|move|p2b: Incineroar|Fake Out|p1b: Ursaluna
|-damage|p1b: Ursaluna|90/100
|move|p1a: Grimmsnarl|Light Screen|p1a: Grimmsnarl
|-sidestart|p1: RustyTacos27|move: Light Screen
|move|p2a: Gholdengo|Nasty Plot|p2a: Gholdengo
|-boost|p2a: Gholdengo|spa|2
|cant|p1b: Ursaluna|flinch
|
|upkeep
|turn|2
|
|t:|1757854641
|move|p2a: Gholdengo|Protect|p2a: Gholdengo
|-singleturn|p2a: Gholdengo|Protect
|move|p1a: Grimmsnarl|Reflect|p1a: Grimmsnarl
|-sidestart|p1: RustyTacos27|Reflect
|move|p1b: Ursaluna|Earth Power|p2a: Gholdengo
|-activate|p2a: Gholdengo|move: Protect
|move|p2b: Incineroar|Parting Shot|p1b: Ursaluna
|-unboost|p1b: Ursaluna|atk|1
|-unboost|p1b: Ursaluna|spa|1
|
|t:|1757854647
|switch|p2b: Rillaboom|Rillaboom, L50, M|100/100|[from] Parting Shot
|-fieldstart|move: Grassy Terrain|[from] ability: Grassy Surge|[of] p2b: Rillaboom
|
|-heal|p1b: Ursaluna|96/100|[from] Grassy Terrain
|upkeep
|turn|3
|
|t:|1757854655
|switch|p1b: Salamence|Salamence, L50, F|100/100
|-ability|p1b: Salamence|Intimidate|boost
|-unboost|p2a: Gholdengo|atk|1
|-unboost|p2b: Rillaboom|atk|1
|move|p2b: Rillaboom|Fake Out|p1b: Salamence
|-damage|p1b: Salamence|93/100
|move|p1a: Grimmsnarl|Thunder Wave|p2b: Rillaboom
|-status|p2b: Rillaboom|par
|move|p2a: Gholdengo|Shadow Ball|p1a: Grimmsnarl
|-supereffective|p1a: Grimmsnarl
|-damage|p1a: Grimmsnarl|0 fnt
|faint|p1a: Grimmsnarl
|
|upkeep
|
|t:|1757854667
|switch|p1a: Gholdengo|Gholdengo, L50|100/100
|turn|4
|
|t:|1757854681
|switch|p2b: Incineroar|Incineroar, L50, F|100/100
|-ability|p2b: Incineroar|Intimidate|boost
|-unboost|p1a: Gholdengo|atk|1
|-unboost|p1b: Salamence|atk|1
|-terastallize|p2a: Gholdengo|Water
|move|p1b: Salamence|Dual Wingbeat|p2b: Incineroar
|-damage|p2b: Incineroar|87/100
|-damage|p2b: Incineroar|72/100
|-hitcount|p2b: Incineroar|2
|move|p1a: Gholdengo|Thunderbolt|p2a: Gholdengo
|-supereffective|p2a: Gholdengo
|-damage|p2a: Gholdengo|16/100
|move|p2a: Gholdengo|Shadow Ball|p1a: Gholdengo
|-supereffective|p1a: Gholdengo
|-damage|p1a: Gholdengo|0 fnt
|faint|p1a: Gholdengo
|
|-heal|p2a: Gholdengo|22/100|[from] Grassy Terrain
|-heal|p2a: Gholdengo|28/100|[from] item: Leftovers
|-heal|p2b: Incineroar|78/100|[from] Grassy Terrain
|upkeep
|
|t:|1757854696
|switch|p1a: Ursaluna|Ursaluna-Bloodmoon, L50, M|96/100
|turn|5
|
|t:|1757854706
|switch|p2b: Rillaboom|Rillaboom, L50, M|100/100 par
|move|p1b: Salamence|Protect|p1b: Salamence
|-singleturn|p1b: Salamence|Protect
|move|p2a: Gholdengo|Protect|p2a: Gholdengo
|-singleturn|p2a: Gholdengo|Protect
|move|p1a: Ursaluna|Protect||[still]
|-fail|p1a: Ursaluna
|
|-heal|p2a: Gholdengo|34/100|[from] Grassy Terrain
|-heal|p2a: Gholdengo|40/100|[from] item: Leftovers
|-heal|p1a: Ursaluna|100/100|[from] Grassy Terrain
|upkeep
|turn|6
|
|t:|1757854716
|move|p2b: Rillaboom|Fake Out|p1b: Salamence
|-damage|p1b: Salamence|81/100
|cant|p1b: Salamence|flinch
|move|p2a: Gholdengo|Make It Rain|p1b: Salamence|[spread] p1a,p1b
|-damage|p1a: Ursaluna|29/100
|-damage|p1b: Salamence|11/100
|-unboost|p2a: Gholdengo|spa|1
|move|p1a: Ursaluna|Hyper Voice|p2a: Gholdengo|[spread] p2a,p2b
|-damage|p2a: Gholdengo|0 fnt
|-damage|p2b: Rillaboom|60/100 par
|faint|p2a: Gholdengo
|-damage|p1a: Ursaluna|20/100|[from] item: Life Orb
|
|-heal|p1a: Ursaluna|25/100|[from] Grassy Terrain
|-heal|p2b: Rillaboom|65/100 par|[from] Grassy Terrain
|-fieldend|move: Grassy Terrain
|upkeep
|
|t:|1757854721
|switch|p2a: Ursaluna|Ursaluna-Bloodmoon, L50, M|100/100
|turn|7
|
|t:|1757854735
|move|p1b: Salamence|Tailwind|p1b: Salamence
|-sidestart|p1: RustyTacos27|move: Tailwind
|move|p1a: Ursaluna|Blood Moon|p2a: Ursaluna
|-damage|p2a: Ursaluna|3/100
|-damage|p1a: Ursaluna|16/100|[from] item: Life Orb
|move|p2b: Rillaboom|Wood Hammer|p1a: Ursaluna
|-supereffective|p1a: Ursaluna
|-damage|p1a: Ursaluna|0 fnt
|faint|p1a: Ursaluna
|-damage|p2b: Rillaboom|60/100 par|[from] Recoil
|move|p2a: Ursaluna|Hyper Voice|p1b: Salamence
|-damage|p1b: Salamence|0 fnt
|faint|p1b: Salamence
|-damage|p2a: Ursaluna|0 fnt|[from] item: Life Orb
|faint|p2a: Ursaluna
|
|win|SlaymonSays
||SlaymonSays is ready for game 2.
|inactive|RustyTacos27 has 30 seconds to confirm battle start!
||RustyTacos27 is ready for game 2.
|uhtml|next|Next: Game 2 of 3
|l|☆SlaymonSays
|player|p2|
