|j|☆higigig
|j|☆causatorres
|html|higigigcausatorres    
|uhtml|bestof|Game 1 of a best-of-3
|t:|1757786763
|gametype|doubles
|player|p1|higigig|sisandbro|1118
|player|p2|causatorres|brendan-e|1216
|gen|9
|tier|[Gen 9] VGC 2025 Reg H (Bo3)
|rated|
|rule|Species Clause: Limit one of each Pokémon
|rule|Item Clause: Limit 1 of each item
|clearpoke
|poke|p1|Sneasler, L50, F|
|poke|p1|Gholdengo, L50|
|poke|p1|Incineroar, L50, F|
|poke|p1|Amoonguss, L50, M|
|poke|p1|Garchomp, L50, F|
|poke|p1|Dragonite, L50, M|
|poke|p2|Torkoal, L50, M|
|poke|p2|Lilligant-Hisui, L50, F|
|poke|p2|Farigiraf, L50, M|
|poke|p2|Incineroar, L50, M|
|poke|p2|Magmar, L50, F|
|poke|p2|Hitmontop, L50, M|
|teampreview|4
|showteam|p1|Sneasler||ClearAmulet|PoisonTouch|FakeOut,CloseCombat,DireClaw,Protect|||F|||50|,,,,,Flying]Gholdengo||MetalCoat|GoodasGold|NastyPlot,MakeItRain,ShadowBall,Protect||||||50|,,,,,Water]Incineroar||SafetyGoggles|Intimidate|FakeOut,FlareBlitz,KnockOff,PartingShot|||F|||50|,,,,,Ghost]Amoonguss||SitrusBerry|Regenerator|Spore,RagePowder,PollenPuff,Protect|||M|||50|,,,,,Psychic]Garchomp||ChoiceBand|RoughSkin|StompingTantrum,DragonClaw,Earthquake,RockSlide|||F|||50|,,,,,Ground]Dragonite||LoadedDice|Multiscale|ScaleShot,Haze,Tailwind,Protect|||M|||50|,,,,,Fairy
|showteam|p2|Torkoal||ChoiceSpecs|Drought|Eruption,WeatherBall,HeatWave,SolarBeam|||M|||50|,,,,,Fire]Lilligant-Hisui||FocusSash|Chlorophyll|LeafBlade,TripleAxel,CloseCombat,AfterYou|||F|||50|,,,,,Ghost]Farigiraf||SitrusBerry|ArmorTail|FoulPlay,HelpingHand,TrickRoom,Psychic|||M|||50|,,,,,Dark]Incineroar||AssaultVest|Intimidate|FakeOut,Uturn,FlareBlitz,KnockOff|||M|||50|,,,,,Ghost]Magmar||Eviolite|FlameBody|FollowMe,Overheat,Taunt,WillOWisp|||F|||50|,,,,,Grass]Hitmontop||EjectButton|Intimidate|SuckerPunch,FakeOut,WideGuard,IceSpinner|||M|||50|,,,,,Dark
|inactive|Battle timer is ON: inactive players will automatically lose when time's up. (requested by higigig)
|inactive|causatorres also wants the timer to be on.
|inactive|higigig has 60 seconds left.
|l|☆causatorres
|inactive|causatorres disconnected and has a minute to reconnect!
|player|p2|
|j|☆causatorres
|inactive|causatorres reconnected.
|player|p2|causatorres|brendan-e|
|inactive|higigig has 30 seconds left.
|inactive|higigig has 20 seconds left.
|inactive|higigig has 15 seconds left.
|inactive|higigig has 10 seconds left.
|inactive|higigig has 5 seconds left.
|
|t:|1757786851
|teamsize|p1|4
|teamsize|p2|4
|start
|switch|p1a: Dragonite|Dragonite, L50, M|100/100
|switch|p1b: Incineroar|Incineroar, L50, F|100/100
|switch|p2a: Torkoal|Torkoal, L50, M|100/100
|switch|p2b: Lilligant|Lilligant-Hisui, L50, F|100/100
|-ability|p1b: Incineroar|Intimidate|boost
|-unboost|p2a: Torkoal|atk|1
|-unboost|p2b: Lilligant|atk|1
|-weather|SunnyDay|[from] ability: Drought|[of] p2a: Torkoal
|turn|1
|
|t:|1757786864
|switch|p2a: Farigiraf|Farigiraf, L50, M|100/100
|-terastallize|p1a: Dragonite|Fairy
|move|p1b: Incineroar|Fake Out||[still]
|cant|p2a: Farigiraf|ability: Armor Tail|Fake Out|[of] p1b: Incineroar
|move|p2b: Lilligant|Triple Axel|p1a: Dragonite
|-damage|p1a: Dragonite|98/100
|-damage|p1a: Dragonite|89/100
|-damage|p1a: Dragonite|74/100
|-hitcount|p1a: Dragonite|3
|move|p1a: Dragonite|Scale Shot|p2b: Lilligant
|-damage|p2b: Lilligant|79/100
|-damage|p2b: Lilligant|58/100
|-damage|p2b: Lilligant|33/100
|-damage|p2b: Lilligant|12/100
|-hitcount|p2b: Lilligant|4
|-unboost|p1a: Dragonite|def|1
|-boost|p1a: Dragonite|spe|1
|
|-weather|SunnyDay|[upkeep]
|upkeep
|turn|2
|inactive|higigig has 30 seconds left.
|inactive|higigig has 20 seconds left.
|inactive|higigig has 15 seconds left.
|inactive|higigig has 10 seconds left.
|inactive|higigig has 5 seconds left.
|
|t:|1757786915
|switch|p2b: Incineroar|Incineroar, L50, M|100/100
|-ability|p2b: Incineroar|Intimidate|boost
|-unboost|p1a: Dragonite|atk|1
|-unboost|p1b: Incineroar|atk|1
|move|p1a: Dragonite|Scale Shot|p2a: Farigiraf
|-damage|p2a: Farigiraf|90/100
|-damage|p2a: Farigiraf|80/100
|-damage|p2a: Farigiraf|70/100
|-damage|p2a: Farigiraf|60/100
|-damage|p2a: Farigiraf|49/100
|-enditem|p2a: Farigiraf|Sitrus Berry|[eat]
|-heal|p2a: Farigiraf|74/100|[from] item: Sitrus Berry
|-hitcount|p2a: Farigiraf|5
|-unboost|p1a: Dragonite|def|1
|-boost|p1a: Dragonite|spe|1
|move|p1b: Incineroar|Knock Off|p2a: Farigiraf
|-supereffective|p2a: Farigiraf
|-damage|p2a: Farigiraf|32/100
|move|p2a: Farigiraf|Trick Room|p2a: Farigiraf
|-fieldstart|move: Trick Room|[of] p2a: Farigiraf
|
|-weather|SunnyDay|[upkeep]
|upkeep
|turn|3
|inactive|higigig has 30 seconds left.
|inactive|causatorres has 30 seconds left.
|inactive|higigig has 20 seconds left.
|inactive|higigig has 15 seconds left.
|inactive|causatorres has 20 seconds left.
|inactive|higigig has 10 seconds left.
|inactive|causatorres has 15 seconds left.
|
|t:|1757786963
|move|p2b: Incineroar|Flare Blitz|p1a: Dragonite
|-damage|p1a: Dragonite|0 fnt
|faint|p1a: Dragonite
|-damage|p2b: Incineroar|81/100|[from] Recoil
|move|p2a: Farigiraf|Foul Play|p1b: Incineroar
|-resisted|p1b: Incineroar
|-damage|p1b: Incineroar|91/100
|move|p1b: Incineroar|Flare Blitz|p2a: Farigiraf
|-damage|p2a: Farigiraf|0 fnt
|faint|p2a: Farigiraf
|-damage|p1b: Incineroar|79/100|[from] Recoil
|
|-weather|SunnyDay|[upkeep]
|upkeep
|
|t:|1757786974
|switch|p2a: Torkoal|Torkoal, L50, M|100/100
|switch|p1a: Sneasler|Sneasler, L50, F|100/100
|turn|4
|inactive|causatorres has 30 seconds left.
|inactive|causatorres has 20 seconds left.
|inactive|causatorres has 15 seconds left.
|inactive|causatorres has 10 seconds left.
|inactive|causatorres has 5 seconds left.
|
|t:|1757787029
|move|p2b: Incineroar|Fake Out||[still]
|-hint|Fake Out only works on your first turn out.
|-fail|p2b: Incineroar
|move|p1a: Sneasler|Fake Out|p2a: Torkoal
|-damage|p2a: Torkoal|88/100
|cant|p2a: Torkoal|flinch
|move|p1b: Incineroar|Knock Off|p2a: Torkoal
|-damage|p2a: Torkoal|64/100
|-enditem|p2a: Torkoal|Choice Specs|[from] move: Knock Off|[of] p1b: Incineroar
|
|-weather|SunnyDay|[upkeep]
|upkeep
|turn|5
|inactive|higigig has 30 seconds left.
|inactive|causatorres has 30 seconds left.
|inactive|higigig has 20 seconds left.
|inactive|higigig has 15 seconds left.
|inactive|higigig has 10 seconds left.
|
|t:|1757787076
|-terastallize|p2a: Torkoal|Fire
|move|p2a: Torkoal|Eruption|p1a: Sneasler|[spread] p1a,p1b
|-resisted|p1b: Incineroar
|-damage|p1a: Sneasler|22/100
|-damage|p1b: Incineroar|53/100
|move|p2b: Incineroar|Flare Blitz|p1b: Incineroar
|-resisted|p1b: Incineroar
|-damage|p1b: Incineroar|15/100
|-damage|p2b: Incineroar|68/100|[from] Recoil
|move|p1b: Incineroar|Parting Shot|p2a: Torkoal
|-unboost|p2a: Torkoal|atk|1
|-unboost|p2a: Torkoal|spa|1
|
|t:|1757787086
|switch|p1b: Gholdengo|Gholdengo, L50|100/100|[from] Parting Shot
|move|p1a: Sneasler|Close Combat|p2b: Incineroar
|-supereffective|p2b: Incineroar
|-damage|p2b: Incineroar|0 fnt
|-unboost|p1a: Sneasler|def|1
|-unboost|p1a: Sneasler|spd|1
|faint|p2b: Incineroar
|
|-weather|none
|upkeep
|
|t:|1757787089
|switch|p2b: Lilligant|Lilligant-Hisui, L50, F|12/100
|turn|6
|inactive|higigig has 30 seconds left.
|inactive|higigig has 20 seconds left.
|inactive|higigig has 15 seconds left.
|inactive|causatorres has 30 seconds left.
|inactive|higigig has 10 seconds left.
|
|t:|1757787137
|move|p1b: Gholdengo|Protect|p1b: Gholdengo
|-singleturn|p1b: Gholdengo|Protect
|move|p1a: Sneasler|Protect|p1a: Sneasler
|-singleturn|p1a: Sneasler|Protect
|move|p2a: Torkoal|Eruption|p1a: Sneasler|[spread] 
|-activate|p1a: Sneasler|move: Protect
|-activate|p1b: Gholdengo|move: Protect
|move|p2b: Lilligant|Leaf Blade|p1b: Gholdengo
|-activate|p1b: Gholdengo|move: Protect
|
|-fieldend|move: Trick Room
|upkeep
|turn|7
|
|t:|1757787145
|move|p1a: Sneasler|Close Combat|p2a: Torkoal
|-damage|p2a: Torkoal|14/100
|-unboost|p1a: Sneasler|def|1
|-unboost|p1a: Sneasler|spd|1
|move|p2b: Lilligant|After You|p2a: Torkoal
|-activate|p2a: Torkoal|move: After You
|move|p2a: Torkoal|Eruption|p1b: Gholdengo|[spread] p1a,p1b
|-supereffective|p1b: Gholdengo
|-damage|p1a: Sneasler|8/100
|-damage|p1b: Gholdengo|86/100
|move|p1b: Gholdengo|Shadow Ball|p2a: Torkoal
|-damage|p2a: Torkoal|0 fnt
|faint|p2a: Torkoal
|
|upkeep
|turn|8
|-message|causatorres forfeited.
|
|win|higigig
