|j|☆Daravones Soup
|j|☆pengu
|html|Daravones Souppengu    
|uhtml|bestof|Game 1 of a best-of-3
|t:|1784980568
|gametype|doubles
|player|p1|Daravones Soup|2|
|player|p2|pengu|rosa-masters2|
|gen|9
|tier|[Gen 9 Champions] VGC 2026 Reg M-B (Bo3)
|rule|Species Clause: Limit one of each Pokémon
|rule|Item Clause: Limit 1 of each item
|clearpoke
|poke|p1|Gengar, L50, F|
|poke|p1|Blastoise, L50, F|
|poke|p1|Scrafty, L50, M|
|poke|p1|Clefable, L50, M|
|poke|p1|Meowscarada, L50, F|
|poke|p1|Volcarona, L50, M|
|poke|p2|Tyranitar, L50, M|
|poke|p2|Gengar, L50, F|
|poke|p2|Kommo-o, L50, M|
|poke|p2|Rotom-Wash, L50|
|poke|p2|Tinkaton, L50, F|
|poke|p2|Arcanine, L50, M|
|teampreview|4
|showteam|p1|Gengar||Gengarite|CursedBody|ShadowBall,Substitute,PerishSong,Protect|Timid||F|||50|]Blastoise||Blastoisinite|RainDish|WaterSpout,DarkPulse,ShellSmash,Protect|Timid||F|||50|]Scrafty||RoseliBerry|Intimidate|FakeOut,CloseCombat,KnockOff,Detect|Careful||M|||50|]Clefable||SitrusBerry|CuteCharm|FollowMe,LifeDew,DazzlingGleam,Protect|Calm||M|||50|]Meowscarada||ChoiceScarf|Protean|Uturn,FlowerTrick,TripleAxel,PollenPuff|Jolly||F|||50|]Volcarona||Leftovers|FlameBody|StruggleBug,QuiverDance,HeatWave,Protect|Modest||M|||50|
|showteam|p2|Tyranitar||Tyranitarite|SandStream|RockSlide,KnockOff,LowKick,Protect|Adamant||M|||50|]Gengar||Gengarite|CursedBody|SludgeBomb,ShadowBall,Substitute,Protect|Timid||F|||50|]Kommo-o||Leftovers|Soundproof|ClangingScales,ClangorousSoul,AuraSphere,Protect|Modest||M|||50|]Rotom-Wash||ChoiceScarf|Levitate|HydroPump,Thunderbolt,VoltSwitch,Electroweb|Modest|||||50|]Tinkaton||MetalCoat|OwnTempo|FakeOut,GigatonHammer,PlayRough,Protect|Jolly||F|||50|]Arcanine||SitrusBerry|Intimidate|FlareBlitz,ExtremeSpeed,Howl,Protect|Adamant||M|||50|
|inactive|Battle timer is ON: inactive players will automatically lose when time's up. (requested by pengu)
|c|☆pengu|hf
|c|☆Daravones Soup|U2
|inactive|Daravones Soup has 60 seconds left.
|
|t:|1784980625
|teamsize|p1|4
|teamsize|p2|4
|start
|switch|p1a: Scrafty|Scrafty, L50, M|100/100
|switch|p1b: Gengar|Gengar, L50, F|100/100
|switch|p2a: Rewind|Tinkaton, L50, F|100/100
|switch|p2b: Hard Candy|Rotom-Wash, L50|100/100
|-ability|p1a: Scrafty|Intimidate|boost
|-fail|p2a: Rewind|unboost|Attack|[from] ability: Own Tempo|[of] p2a: Rewind
|-unboost|p2b: Hard Candy|atk|1
|turn|1
|inactive|Daravones Soup has 30 seconds left.
|inactive|pengu has 30 seconds left.
|
|t:|1784980662
|switch|p1a: Meowscarada|Meowscarada, L50, F|100/100
|detailschange|p1b: Gengar|Gengar-Mega, L50, F
|-mega|p1b: Gengar|Gengar|Gengarite
|move|p1b: Gengar|Protect|p1b: Gengar
|-singleturn|p1b: Gengar|Protect
|move|p2a: Rewind|Fake Out|p1a: Meowscarada
|-damage|p1a: Meowscarada|87/100
|move|p2b: Hard Candy|Volt Switch|p1b: Gengar
|-activate|p1b: Gengar|move: Protect
|
|upkeep
|turn|2
|inactive|Daravones Soup has 30 seconds left.
|inactive|Daravones Soup has 20 seconds left.
|inactive|Daravones Soup has 15 seconds left.
|inactive|Daravones Soup has 10 seconds left.
|
|t:|1784980712
|move|p1a: Meowscarada|Flower Trick|p2b: Hard Candy
|-start|p1a: Meowscarada|typechange|Grass|[from] ability: Protean
|-supereffective|p2b: Hard Candy|1
|-crit|p2b: Hard Candy
|-damage|p2b: Hard Candy|0 fnt
|faint|p2b: Hard Candy
|move|p1b: Gengar|Substitute|p1b: Gengar
|-start|p1b: Gengar|Substitute
|-damage|p1b: Gengar|75/100
|move|p2a: Rewind|Play Rough|p1a: Meowscarada
|-damage|p1a: Meowscarada|46/100
|
|upkeep
|
|t:|1784980719
|switch|p2b: Kiss Of Death|Kommo-o, L50, M|100/100
|turn|3
|
|t:|1784980734
|switch|p1a: Clefable|Clefable, L50, M|100/100
|move|p1b: Gengar|Shadow Ball|p2a: Rewind
|-damage|p2a: Rewind|57/100
|move|p2a: Rewind|Gigaton Hammer|p1b: Gengar
|-end|p1b: Gengar|Substitute
|move|p2b: Kiss Of Death|Clangorous Soul|p2b: Kiss Of Death
|-boost|p2b: Kiss Of Death|atk|1
|-boost|p2b: Kiss Of Death|def|1
|-boost|p2b: Kiss Of Death|spa|1
|-boost|p2b: Kiss Of Death|spd|1
|-boost|p2b: Kiss Of Death|spe|1
|-damage|p2b: Kiss Of Death|67/100
|
|-heal|p2b: Kiss Of Death|73/100|[from] item: Leftovers
|upkeep
|turn|4
|
|t:|1784980759
|switch|p1a: Meowscarada|Meowscarada, L50, F|46/100
|move|p2b: Kiss Of Death|Protect|p2b: Kiss Of Death
|-singleturn|p2b: Kiss Of Death|Protect
|move|p2a: Rewind|Protect|p2a: Rewind
|-singleturn|p2a: Rewind|Protect
|move|p1b: Gengar|Shadow Ball|p2a: Rewind
|-activate|p2a: Rewind|move: Protect
|
|-heal|p2b: Kiss Of Death|80/100|[from] item: Leftovers
|upkeep
|turn|5
|inactive|Daravones Soup has 30 seconds left.
|
|t:|1784980791
|move|p1a: Meowscarada|Triple Axel|p2b: Kiss Of Death
|-start|p1a: Meowscarada|typechange|Ice|[from] ability: Protean
|-supereffective|p2b: Kiss Of Death|1
|-crit|p2b: Kiss Of Death
|-damage|p2b: Kiss Of Death|52/100
|-hitcount|p2b: Kiss Of Death|1
|move|p2b: Kiss Of Death|Clanging Scales|p1a: Meowscarada|[spread] p1a,p1b
|-damage|p1a: Meowscarada|0 fnt
|-damage|p1b: Gengar|7/100
|faint|p1a: Meowscarada
|-unboost|p2b: Kiss Of Death|def|1
|move|p1b: Gengar|Shadow Ball|p2b: Kiss Of Death
|-damage|p2b: Kiss Of Death|18/100
|move|p2a: Rewind|Play Rough|p1b: Gengar
|-resisted|p1b: Gengar|1
|-damage|p1b: Gengar|0 fnt
|faint|p1b: Gengar
|
|-heal|p2b: Kiss Of Death|24/100|[from] item: Leftovers
|upkeep
|
|t:|1784980807
|switch|p1a: Clefable|Clefable, L50, M|100/100
|switch|p1b: Scrafty|Scrafty, L50, M|100/100
|-ability|p1b: Scrafty|Intimidate|boost
|-fail|p2a: Rewind|unboost|Attack|[from] ability: Own Tempo|[of] p2a: Rewind
|-unboost|p2b: Kiss Of Death|atk|1
|turn|6
|
|t:|1784980820
|move|p2b: Kiss Of Death|Protect|p2b: Kiss Of Death
|-singleturn|p2b: Kiss Of Death|Protect
|move|p2a: Rewind|Protect|p2a: Rewind
|-singleturn|p2a: Rewind|Protect
|move|p1a: Clefable|Dazzling Gleam|p2a: Rewind|[spread] 
|-activate|p2a: Rewind|move: Protect
|-activate|p2b: Kiss Of Death|move: Protect
|move|p1b: Scrafty|Knock Off|p2a: Rewind
|-activate|p2a: Rewind|move: Protect
|
|-heal|p2b: Kiss Of Death|30/100|[from] item: Leftovers
|upkeep
|turn|7
|
|t:|1784980833
|move|p1b: Scrafty|Detect|p1b: Scrafty
|-singleturn|p1b: Scrafty|Protect
|move|p2b: Kiss Of Death|Aura Sphere|p1b: Scrafty
|-activate|p1b: Scrafty|move: Protect
|move|p2a: Rewind|Gigaton Hammer|p1a: Clefable
|-supereffective|p1a: Clefable|1
|-damage|p1a: Clefable|0 fnt
|faint|p1a: Clefable
|
|-heal|p2b: Kiss Of Death|36/100|[from] item: Leftovers
|upkeep
|turn|8
|-message|Daravones Soup forfeited.
|
|win|pengu
||Daravones Soup is ready for game 2.
||pengu is ready for game 2.
|uhtml|next|Next: Game 2 of 3
