|j|☆antimatterj
|j|☆Sn0laxSe7en
|html|antimatterjSn0laxSe7en    
|uhtml|bestof|Game 1 of a best-of-3
|t:|1783907775
|gametype|doubles
|player|p1|antimatterj|266|
|player|p2|Sn0laxSe7en|1|
|gen|9
|tier|[Gen 9 Champions] VGC 2026 Reg M-B (Bo3)
|rule|Species Clause: Limit one of each Pokémon
|rule|Item Clause: Limit 1 of each item
|clearpoke
|poke|p1|Basculegion, L50, M, shiny|
|poke|p1|Alakazam, L50, M, shiny|
|poke|p1|Aerodactyl, L50, F, shiny|
|poke|p1|Meowstic, L50, M, shiny|
|poke|p1|Scizor, L50, M, shiny|
|poke|p1|Incineroar, L50, F, shiny|
|poke|p2|Snorlax, L50, F|
|poke|p2|Slowbro-Galar, L50, M|
|poke|p2|Toxapex, L50, F|
|poke|p2|Bastiodon, L50, M|
|poke|p2|Aegislash, L50, M|
|poke|p2|Garganacl, L50, F|
|teampreview|4
|showteam|p1|Basculegion||LifeOrb|Adaptability|AquaJet,IceFang,WaveCrash,LastRespects|Adamant||M|||50|]Alakazam||Alakazite|MagicGuard|NastyPlot,ExpandingForce,Substitute,Protect|Modest||M|||50|]Aerodactyl||FocusSash|Unnerve|RockSlide,Crunch,Tailwind,Taunt|Naughty||F|||50|]Meowstic||Meowsticite|Prankster|FakeOut,PsychicTerrain,TrickRoom,Imprison|Modest||M|||50|]Scizor||Scizorite|Technician|BulletPunch,BugBite,BrutalSwing,SwordsDance|Adamant||M|||50|]Incineroar||SitrusBerry|Intimidate|FakeOut,FlareBlitz,DarkestLariat,PartingShot|Adamant||F|||50|
|showteam|p2|Snorlax||Leftovers|ThickFat|Protect,Yawn,SleepTalk,Superpower|Relaxed||F|||50|]Slowbro-Galar||ChestoBerry|OwnTempo|TrickRoom,Protect,Toxic,ShellSideArm|Serious||M|||50|]Toxapex||ExpertBelt|Limber|Toxic,BanefulBunker,GunkShot,Protect|Impish||F|||50|]Bastiodon||FocusSash|Sturdy|Protect,Earthquake,Thunder,IronDefense|Sassy||M|||50|]Aegislash||LifeOrb|StanceChange|KingsShield,IronDefense,SacredSword,ShadowSneak|Careful||M|||50|]Garganacl||MentalHerb|Sturdy|Earthquake,IronHead,IronDefense,Protect|Careful||F|||50|
|
|t:|1783907807
|teamsize|p1|4
|teamsize|p2|4
|start
|switch|p1a: Meowstic|Meowstic, L50, M, shiny|100/100
|switch|p1b: Alakazam|Alakazam, L50, M, shiny|100/100
|switch|p2a: Snorlax|Snorlax, L50, F|100/100
|switch|p2b: Slowbro|Slowbro-Galar, L50, M|100/100
|turn|1
|
|t:|1783907824
|move|p2a: Snorlax|Protect|p2a: Snorlax
|-singleturn|p2a: Snorlax|Protect
|move|p1a: Meowstic|Fake Out|p2b: Slowbro
|-damage|p2b: Slowbro|95/100
|move|p1b: Alakazam|Nasty Plot|p1b: Alakazam
|-boost|p1b: Alakazam|spa|2
|cant|p2b: Slowbro|flinch
|
|upkeep
|turn|2
|
|t:|1783907841
|move|p1a: Meowstic|Imprison|p1a: Meowstic
|-start|p1a: Meowstic|move: Imprison
|move|p1b: Alakazam|Substitute|p1b: Alakazam
|-start|p1b: Alakazam|Substitute
|-damage|p1b: Alakazam|75/100
|move|p2b: Slowbro|Toxic|p1a: Meowstic
|-status|p1a: Meowstic|tox
|move|p2a: Snorlax|Yawn||[still]
|-fail|p2a: Snorlax
|
|-damage|p1a: Meowstic|93/100 tox|[from] psn
|upkeep
|turn|3
|
|t:|1783907860
|detailschange|p1b: Alakazam|Alakazam-Mega, L50, M, shiny
|-mega|p1b: Alakazam|Alakazam|Alakazite
|-ability|p1b: Alakazam|Thick Fat|Trace|[from] ability: Trace|[of] p2a: Snorlax
|move|p2a: Snorlax|Protect|p2a: Snorlax
|-singleturn|p2a: Snorlax|Protect
|move|p1a: Meowstic|Psychic Terrain|p1a: Meowstic
|-fieldstart|move: Psychic Terrain
|move|p1b: Alakazam|Nasty Plot|p1b: Alakazam
|-boost|p1b: Alakazam|spa|2
|move|p2b: Slowbro|Toxic||[still]
|-fail|p2b: Slowbro
|
|-damage|p1a: Meowstic|81/100 tox|[from] psn
|upkeep
|turn|4
|
|t:|1783907890
|switch|p1a: Incineroar|Incineroar, L50, F, shiny|100/100
|-ability|p1a: Incineroar|Intimidate|boost
|-unboost|p2a: Snorlax|atk|1
|-fail|p2b: Slowbro|unboost|Attack|[from] ability: Own Tempo|[of] p2b: Slowbro
|move|p1b: Alakazam|Expanding Force|p2b: Slowbro|[spread] p2a,p2b
|-damage|p2a: Snorlax|0 fnt
|-damage|p2b: Slowbro|0 fnt
|faint|p2a: Snorlax
|faint|p2b: Slowbro
|
|upkeep
|
|t:|1783907917
|switch|p2b: Aegislash|Aegislash, L50, M|100/100
|switch|p2a: Toxapex|Toxapex, L50, F|100/100
|turn|5
|
|t:|1783907930
|move|p2b: Aegislash|King's Shield|p2b: Aegislash
|-singleturn|p2b: Aegislash|Protect
|move|p2a: Toxapex|Baneful Bunker|p2a: Toxapex
|-singleturn|p2a: Toxapex|move: Protect
|move|p1b: Alakazam|Expanding Force|p2b: Aegislash|[spread] 
|-activate|p2a: Toxapex|move: Protect
|-activate|p2b: Aegislash|move: Protect
|move|p1a: Incineroar|Parting Shot|p2b: Aegislash
|-unboost|p2b: Aegislash|atk|1
|-unboost|p2b: Aegislash|spa|1
|
|t:|1783907944
|switch|p1a: Basculegion|Basculegion, L50, M, shiny|100/100|[from] Parting Shot
|
|upkeep
|turn|6
|
|t:|1783907965
|move|p2a: Toxapex|Baneful Bunker|p2a: Toxapex
|-singleturn|p2a: Toxapex|move: Protect
|-formechange|p2b: Aegislash|Aegislash-Blade|
|move|p2b: Aegislash|Shadow Sneak|p1b: Alakazam
|-activate|p1b: Alakazam|move: Psychic Terrain
|move|p1b: Alakazam|Expanding Force|p2b: Aegislash|[spread] p2b
|-activate|p2a: Toxapex|move: Protect
|-resisted|p2b: Aegislash|1
|-crit|p2b: Aegislash
|-damage|p2b: Aegislash|0 fnt
|faint|p2b: Aegislash
|move|p1a: Basculegion|Last Respects|p2a: Toxapex
|-activate|p2a: Toxapex|move: Protect
|
|upkeep
|turn|7
|
|t:|1783907985
|move|p1b: Alakazam|Expanding Force|p2a: Toxapex
|-supereffective|p2a: Toxapex|1
|-damage|p2a: Toxapex|0 fnt
|faint|p2a: Toxapex
|
|win|antimatterj
