|j|☆Coban7
|j|☆gundnub
|html|Coban7gundnub    
|uhtml|bestof|Game 1 of a best-of-3
|t:|1783362274
|gametype|doubles
|player|p1|Coban7|1|
|player|p2|gundnub|pokemonranger-gen4|
|gen|9
|tier|[Gen 9 Champions] VGC 2026 Reg M-B (Bo3)
|rule|Species Clause: Limit one of each Pokémon
|rule|Item Clause: Limit 1 of each item
|clearpoke
|poke|p1|Umbreon, L50, M, shiny|
|poke|p1|Hippowdon, L50, F|
|poke|p1|Lucario, L50, F|
|poke|p1|Ariados, L50, M|
|poke|p1|Lycanroc, L50, F, shiny|
|poke|p1|Houndstone, L50, M|
|poke|p2|Pidgeot, L50, M|
|poke|p2|Krookodile, L50, M|
|poke|p2|Floette-Eternal, L50, F|
|poke|p2|Toxicroak, L50, M|
|poke|p2|Chandelure, L50, F|
|poke|p2|Goodra-Hisui, L50, M|
|teampreview|4
|showteam|p1|Umbreon||Leftovers|InnerFocus|FoulPlay,Wish,Toxic,Protect|Bold||M|||50|]Hippowdon||SitrusBerry|SandStream|Earthquake,SandTomb,SlackOff,Protect|Brave||F|||50|]Lucario||Lucarionite|InnerFocus|AuraSphere,VacuumWave,Protect,FlashCannon|Timid||F|||50|]Ariados||OccaBerry|Insomnia|Infestation,KnockOff,RagePowder,Protect|Impish||M|||50|]Lycanroc||FocusSash|SandRush|RockSlide,Endeavor,Accelerock,Protect|Adamant||F|||50|]Houndstone||ColburBerry|SandRush|LastRespects,ShadowSneak,BodyPress,Protect|Adamant||M|||50|
|showteam|p2|Pidgeot||Pidgeotite|BigPecks|Protect,Hurricane,HeatWave,Tailwind|Timid||M|||50|]Krookodile||RoseliBerry|Intimidate|IronHead,HighHorsepower,LashOut,Earthquake|Adamant||M|||50|]Floette-Eternal||LifeOrb|FlowerVeil|Protect,Moonblast,DazzlingGleam,LightofRuin|Modest||F|||50|]Toxicroak||FocusSash|DrySkin|Protect,PoisonJab,CloseCombat,FakeOut|Jolly||M|||50|]Chandelure||Chandelurite|FlashFire|Protect,HeatWave,ShadowBall,TrickRoom|Modest||F|||50|]Goodra-Hisui||ExpertBelt|ShellArmor|BodyPress,DragonPulse,HeavySlam,Thunderbolt|Sassy||M|||50|
|inactive|Battle timer is ON: inactive players will automatically lose when time's up. (requested by gundnub)
|c|☆gundnub|glhf
|inactive|Coban7 has 60 seconds left.
|inactive|gundnub has 60 seconds left.
|c|☆Coban7|Glhf!
|inactive|gundnub has 30 seconds left.
|inactive|gundnub has 20 seconds left.
|c|☆gundnub|um not to be that guy but im pretty sure houndstone is banned
|inactiveoff|Battle timer is now OFF.
|
|t:|1783362369
|teamsize|p1|4
|teamsize|p2|4
|start
|switch|p1a: Hippowdon|Hippowdon, L50, F|100/100
|switch|p1b: Umbreon|Umbreon, L50, M, shiny|100/100
|switch|p2a: Pidgeot|Pidgeot, L50, M|100/100
|switch|p2b: Krookodile|Krookodile, L50, M|100/100
|-ability|p2b: Krookodile|Intimidate|boost
|-unboost|p1a: Hippowdon|atk|1
|-fail|p1b: Umbreon|unboost|Attack|[from] ability: Inner Focus|[of] p1b: Umbreon
|-weather|Sandstorm|[from] ability: Sand Stream|[of] p1a: Hippowdon
|turn|1
|
|t:|1783362412
|switch|p2b: Floette|Floette-Eternal, L50, F|100/100
|detailschange|p2a: Pidgeot|Pidgeot-Mega, L50, M
|-mega|p2a: Pidgeot|Pidgeot|Pidgeotite
|move|p2a: Pidgeot|Hurricane|p1b: Umbreon
|-damage|p1b: Umbreon|66/100
|move|p1b: Umbreon|Toxic|p2b: Floette
|-status|p2b: Floette|tox
|move|p1a: Hippowdon|Sand Tomb|p2b: Floette
|-damage|p2b: Floette|84/100 tox
|-activate|p2b: Floette|move: Sand Tomb|[of] p1a: Hippowdon
|
|-weather|Sandstorm|[upkeep]
|-damage|p2a: Pidgeot|94/100|[from] Sandstorm
|-damage|p2b: Floette|78/100 tox|[from] Sandstorm
|-damage|p1b: Umbreon|60/100|[from] Sandstorm
|-heal|p1b: Umbreon|66/100|[from] item: Leftovers
|-damage|p2b: Floette|72/100 tox|[from] psn
|-damage|p2b: Floette|61/100 tox|[from] move: Sand Tomb|[partiallytrapped]
|upkeep
|turn|2
|
|t:|1783362457
|move|p1b: Umbreon|Protect|p1b: Umbreon
|-singleturn|p1b: Umbreon|Protect
|move|p2a: Pidgeot|Hurricane|p1a: Hippowdon
|-damage|p1a: Hippowdon|61/100
|move|p2b: Floette|Moonblast|p1a: Hippowdon
|-damage|p1a: Hippowdon|3/100
|-unboost|p1a: Hippowdon|spa|1
|-enditem|p1a: Hippowdon|Sitrus Berry|[eat]
|-heal|p1a: Hippowdon|28/100|[from] item: Sitrus Berry
|-damage|p2b: Floette|51/100 tox|[from] item: Life Orb
|move|p1a: Hippowdon|Earthquake|p2b: Floette|[spread] p2b
|-activate|p1b: Umbreon|move: Protect
|-immune|p2a: Pidgeot
|-damage|p2b: Floette|21/100 tox
|
|-weather|Sandstorm|[upkeep]
|-damage|p2a: Pidgeot|88/100|[from] Sandstorm
|-damage|p2b: Floette|15/100 tox|[from] Sandstorm
|-damage|p1b: Umbreon|60/100|[from] Sandstorm
|-heal|p1b: Umbreon|66/100|[from] item: Leftovers
|-damage|p2b: Floette|4/100 tox|[from] psn
|-damage|p2b: Floette|0 fnt|[from] move: Sand Tomb|[partiallytrapped]
|faint|p2b: Floette
|upkeep
|
|t:|1783362467
|switch|p2b: Toxicroak|Toxicroak, L50, M|100/100
|turn|3
|
|t:|1783362505
|move|p2a: Pidgeot|Hurricane|p1a: Hippowdon
|-damage|p1a: Hippowdon|0 fnt
|faint|p1a: Hippowdon
|move|p2b: Toxicroak|Close Combat|p1b: Umbreon
|-supereffective|p1b: Umbreon|1
|-crit|p1b: Umbreon
|-damage|p1b: Umbreon|0 fnt
|-unboost|p2b: Toxicroak|def|1
|-unboost|p2b: Toxicroak|spd|1
|faint|p1b: Umbreon
|
|-weather|Sandstorm|[upkeep]
|-damage|p2a: Pidgeot|82/100|[from] Sandstorm
|-damage|p2b: Toxicroak|93/100|[from] Sandstorm
|upkeep
|
|t:|1783362514
|switch|p1b: Ariados|Ariados, L50, M|100/100
|switch|p1a: Lucario|Lucario, L50, F|100/100
|turn|4
|
|t:|1783362538
|detailschange|p1a: Lucario|Lucario-Mega, L50, F
|-mega|p1a: Lucario|Lucario|Lucarionite
|move|p2a: Pidgeot|Protect|p2a: Pidgeot
|-singleturn|p2a: Pidgeot|Protect
|move|p2b: Toxicroak|Protect|p2b: Toxicroak
|-singleturn|p2b: Toxicroak|Protect
|move|p1b: Ariados|Rage Powder|p1b: Ariados
|-singleturn|p1b: Ariados|move: Rage Powder
|move|p1a: Lucario|Aura Sphere|p2a: Pidgeot
|-activate|p2a: Pidgeot|move: Protect
|
|-weather|Sandstorm|[upkeep]
|-damage|p2a: Pidgeot|76/100|[from] Sandstorm
|-damage|p2b: Toxicroak|87/100|[from] Sandstorm
|-damage|p1b: Ariados|93/100|[from] Sandstorm
|upkeep
|turn|5
|
|t:|1783362556
|switch|p2b: Krookodile|Krookodile, L50, M|100/100
|-ability|p2b: Krookodile|Intimidate|boost
|-unboost|p1a: Lucario|atk|1
|-unboost|p1b: Ariados|atk|1
|move|p1b: Ariados|Rage Powder|p1b: Ariados
|-singleturn|p1b: Ariados|move: Rage Powder
|move|p2a: Pidgeot|Tailwind|p2a: Pidgeot
|-sidestart|p2: gundnub|move: Tailwind
|move|p1a: Lucario|Aura Sphere|p2a: Pidgeot
|-damage|p2a: Pidgeot|7/100
|
|-weather|none
|upkeep
|turn|6
|
|t:|1783362581
|move|p2a: Pidgeot|Protect|p2a: Pidgeot
|-singleturn|p2a: Pidgeot|Protect
|move|p1a: Lucario|Vacuum Wave|p2a: Pidgeot
|-activate|p2a: Pidgeot|move: Protect
|move|p2b: Krookodile|Earthquake|p1b: Ariados|[spread] p1a,p1b
|-activate|p2a: Pidgeot|move: Protect
|-supereffective|p1a: Lucario|1
|-damage|p1a: Lucario|0 fnt
|-damage|p1b: Ariados|49/100
|faint|p1a: Lucario
|move|p1b: Ariados|Infestation|p2b: Krookodile
|-supereffective|p2b: Krookodile|1
|-damage|p2b: Krookodile|89/100
|-activate|p2b: Krookodile|move: Infestation|[of] p1b: Ariados
|
|-damage|p2b: Krookodile|77/100|[from] move: Infestation|[partiallytrapped]
|upkeep
|turn|7
|
|t:|1783362592
|move|p2a: Pidgeot|Hurricane|p1b: Ariados
|-supereffective|p1b: Ariados|1
|-damage|p1b: Ariados|0 fnt
|faint|p1b: Ariados
|
|win|gundnub
