|j|☆Mipola
|j|☆theimpactassault
|html|Mipolatheimpactassault    
|uhtml|bestof|Game 3 of a best-of-3
|t:|1783559677
|gametype|doubles
|player|p1|Mipola|169|1102
|player|p2|theimpactassault|102|1076
|gen|9
|tier|[Gen 9 Champions] VGC 2026 Reg M-B (Bo3)
|rated|
|rule|Species Clause: Limit one of each Pokémon
|rule|Item Clause: Limit 1 of each item
|clearpoke
|poke|p1|Aggron, L50, M|
|poke|p1|Slowbro, L50, M|
|poke|p1|Kleavor, L50, M|
|poke|p1|Scrafty, L50, F|
|poke|p1|Sylveon, L50, F|
|poke|p1|Sinistcha, L50|
|poke|p2|Arcanine-Hisui, L50, F|
|poke|p2|Altaria, L50, M|
|poke|p2|Grimmsnarl, L50, M|
|poke|p2|Milotic, L50, M|
|poke|p2|Aggron, L50, F|
|poke|p2|Sinistcha, L50|
|teampreview|4
|showteam|p1|Aggron||Aggronite|Sturdy|Protect,HeavySlam,IronDefense,BodyPress|Impish||M|||50|]Slowbro||Slowbronite|Oblivious|Protect,Psychic,Scald,CalmMind|Modest||M|||50|]Kleavor||ChoiceScarf|Sharpness|XScissor,StoneAxe,AerialAce,NightSlash|Adamant||M|||50|]Scrafty||BrightPowder|Intimidate|FakeOut,KnockOff,CloseCombat,Protect|Serious||F|||50|]Sylveon||ScopeLens|Pixilate|HyperVoice,Protect,CalmMind,Yawn|Modest||F|||50|]Sinistcha||Leftovers|Hospitality|MatchaGotcha,ShadowBall,Protect,TrickRoom|Serious|||||50|
|showteam|p2|Arcanine-Hisui||ChoiceScarf|RockHead|HeadSmash,RockSlide,FlareBlitz,WildCharge|Jolly||F|||50|]Altaria||Altarianite|CloudNine|Roost,HyperVoice,DragonPulse,Protect|Modest||M|||50|]Grimmsnarl||LightClay|Prankster|Reflect,LightScreen,FoulPlay,SpiritBreak|Careful||M|||50|]Milotic||Leftovers|Competitive|Scald,IcyWind,LifeDew,Protect|Calm||M|||50|]Aggron||Aggronite|Sturdy|IronDefense,HeavySlam,BodyPress,Crunch|Relaxed||F|||50|]Sinistcha||SitrusBerry|Hospitality|MatchaGotcha,LifeDew,RagePowder,TrickRoom|Calm|||||50|
|inactive|Battle timer is ON: inactive players will automatically lose when time's up. (requested by Mipola)
|
|t:|1783559704
|teamsize|p1|4
|teamsize|p2|4
|start
|switch|p1a: Sinistcha|Sinistcha, L50|100/100
|switch|p1b: Slowbro|Slowbro, L50, M|100/100
|switch|p2a: Altaria|Altaria, L50, M|100/100
|switch|p2b: Arcanine|Arcanine-Hisui, L50, F|100/100
|-ability|p2a: Altaria|Cloud Nine
|turn|1
|
|t:|1783559723
|detailschange|p2a: Altaria|Altaria-Mega, L50, M
|-mega|p2a: Altaria|Altaria|Altarianite
|detailschange|p1b: Slowbro|Slowbro-Mega, L50, M
|-mega|p1b: Slowbro|Slowbro|Slowbronite
|move|p1a: Sinistcha|Protect|p1a: Sinistcha
|-singleturn|p1a: Sinistcha|Protect
|move|p2b: Arcanine|Rock Slide|p1a: Sinistcha|[spread] p1b
|-activate|p1a: Sinistcha|move: Protect
|-damage|p1b: Slowbro|85/100
|move|p2a: Altaria|Hyper Voice|p1b: Slowbro|[spread] p1b
|-activate|p1a: Sinistcha|move: Protect
|-damage|p1b: Slowbro|44/100
|cant|p1b: Slowbro|flinch
|
|upkeep
|turn|2
|inactive|Mipola has 30 seconds left.
|
|t:|1783559755
|move|p1b: Slowbro|Protect|p1b: Slowbro
|-singleturn|p1b: Slowbro|Protect
|move|p2b: Arcanine|Rock Slide|p1a: Sinistcha|[spread] p1a
|-activate|p1b: Slowbro|move: Protect
|-damage|p1a: Sinistcha|75/100
|move|p2a: Altaria|Hyper Voice|p1a: Sinistcha|[spread] p1a
|-activate|p1b: Slowbro|move: Protect
|-damage|p1a: Sinistcha|22/100
|cant|p1a: Sinistcha|flinch
|
|-heal|p1a: Sinistcha|28/100|[from] item: Leftovers
|upkeep
|turn|3
|
|t:|1783559779
|move|p2b: Arcanine|Rock Slide|p1a: Sinistcha|[spread] p1a,p1b
|-damage|p1a: Sinistcha|4/100
|-damage|p1b: Slowbro|29/100
|move|p2a: Altaria|Hyper Voice|p1b: Slowbro|[spread] p1a,p1b
|-damage|p1a: Sinistcha|0 fnt
|-damage|p1b: Slowbro|0 fnt
|faint|p1a: Sinistcha
|faint|p1b: Slowbro
|
|upkeep
|
|t:|1783559782
|switch|p1a: Kleavor|Kleavor, L50, M|100/100
|switch|p1b: Sylveon|Sylveon, L50, F|100/100
|turn|4
|
|t:|1783559798
|move|p2a: Altaria|Protect|p2a: Altaria
|-singleturn|p2a: Altaria|Protect
|move|p1b: Sylveon|Protect|p1b: Sylveon
|-singleturn|p1b: Sylveon|Protect
|move|p2b: Arcanine|Rock Slide|p1b: Sylveon|[spread] p1a
|-activate|p1b: Sylveon|move: Protect
|-supereffective|p1a: Kleavor|1
|-damage|p1a: Kleavor|36/100
|move|p1a: Kleavor|Stone Axe|p2b: Arcanine
|-supereffective|p2b: Arcanine|1
|-damage|p2b: Arcanine|0 fnt
|-sidestart|p2: theimpactassault|move: Stealth Rock
|faint|p2b: Arcanine
|
|upkeep
|
|t:|1783559814
|switch|p2b: Milotic|Milotic, L50, M|100/100
|-damage|p2b: Milotic|87/100|[from] Stealth Rock
|turn|5
|
|t:|1783559824
|switch|p2a: Sinistcha|Sinistcha, L50|100/100
|-damage|p2a: Sinistcha|87/100|[from] Stealth Rock
|-heal|p2b: Milotic|100/100|[from] ability: Hospitality|[of] p2a: Sinistcha
|move|p1a: Kleavor|Stone Axe|p2a: Sinistcha
|-damage|p2a: Sinistcha|28/100
|-enditem|p2a: Sinistcha|Sitrus Berry|[eat]
|-heal|p2a: Sinistcha|52/100|[from] item: Sitrus Berry
|move|p2b: Milotic|Scald|p1a: Kleavor
|-supereffective|p1a: Kleavor|1
|-damage|p1a: Kleavor|0 fnt
|faint|p1a: Kleavor
|move|p1b: Sylveon|Hyper Voice|p2a: Sinistcha|[spread] p2a,p2b
|-damage|p2a: Sinistcha|20/100y
|-damage|p2b: Milotic|73/100
|
|-heal|p2b: Milotic|79/100|[from] item: Leftovers
|upkeep
|turn|6
|-message|Mipola forfeited.
|raw|Mipola's rating: 1102 → 1075(-27 for losing)
|raw|theimpactassault's rating: 1076 → 1107(+31 for winning)
|
|win|theimpactassault
|l|☆Mipola
|player|p1|
