|j|☆UtsuruK
|j|☆Duhzer4
|html|UtsuruKDuhzer4    
|uhtml|bestof|Game 2 of a best-of-3
|t:|1784677955
|gametype|doubles
|player|p1|UtsuruK|depotagent|
|player|p2|Duhzer4|fantina|
|gen|9
|tier|[Gen 9 Champions] VGC 2026 Reg M-B (Bo3)
|rule|Species Clause: Limit one of each Pokémon
|rule|Item Clause: Limit 1 of each item
|clearpoke
|poke|p1|Farigiraf, L50, F|
|poke|p1|Rotom-Wash, L50|
|poke|p1|Mawile, L50, F|
|poke|p1|Incineroar, L50, M|
|poke|p1|Sinistcha, L50|
|poke|p1|Camerupt, L50, M|
|poke|p2|Kangaskhan, L50, F|
|poke|p2|Basculegion, L50, M|
|poke|p2|Farigiraf, L50, M|
|poke|p2|Torkoal, L50, F|
|poke|p2|Sylveon, L50, M|
|poke|p2|Blastoise, L50, F|
|teampreview|4
|showteam|p1|Farigiraf||ColburBerry|ArmorTail|TrickRoom,TwinBeam,Thunderbolt,HelpingHand|Relaxed||F|||50|]Rotom-Wash||Leftovers|Levitate|WillOWisp,HydroPump,VoltSwitch,Protect|Modest|||||50|]Mawile||Mawilite|HyperCutter|PlayRough,SuckerPunch,IronHead,Protect|Brave||F|||50|]Incineroar||ChopleBerry|Intimidate|FlareBlitz,FakeOut,PartingShot,Snarl|Sassy||M|||50|]Sinistcha||CobaBerry|Hospitality|MatchaGotcha,RagePowder,LifeDew,TrickRoom|Relaxed|||||50|]Camerupt||Cameruptite|SolidRock|AncientPower,EarthPower,HeatWave,Protect|Modest||M|||50|
|showteam|p2|Kangaskhan||LifeOrb|Scrappy|FakeOut,LastResort|Adamant||F|||50|]Basculegion||FocusSash|Adaptability|AquaJet,Liquidation,LastRespects,Protect|Adamant||M|||50|]Farigiraf||ColburBerry|ArmorTail|TrickRoom,HelpingHand,Protect,Psyshock|Relaxed||M|||50|]Torkoal||Charcoal|Drought|Eruption,WeatherBall,AncientPower,Protect|Quiet||F|||50|]Sylveon||FairyFeather|Pixilate|HyperVoice,HyperBeam,QuickAttack,Protect|Modest||M|||50|]Blastoise||Blastoisinite|RainDish|WaterSpout,AuraSphere,DarkPulse,FakeOut|Quiet||F|||50|
|
|t:|1784678007
|teamsize|p1|4
|teamsize|p2|4
|start
|switch|p1a: Farigiraf|Farigiraf, L50, F|100/100
|switch|p1b: Rotom|Rotom-Wash, L50|100/100
|switch|p2a: Kangaskhan|Kangaskhan, L50, F|100/100
|switch|p2b: Blastoise|Blastoise, L50, F|100/100
|turn|1
|
|t:|1784678043
|switch|p2a: Torkoal|Torkoal, L50, F|100/100
|-weather|SunnyDay|[from] ability: Drought|[of] p2a: Torkoal
|switch|p2b: Farigiraf|Farigiraf, L50, M|100/100
|move|p1b: Rotom|Volt Switch|p2b: Farigiraf
|-damage|p2b: Farigiraf|72/100
|
|t:|1784678056
|switch|p1b: Mawile|Mawile, L50, F|100/100|[from] Volt Switch
|move|p1a: Farigiraf|Trick Room|p1a: Farigiraf
|-fieldstart|move: Trick Room|[of] p1a: Farigiraf
|
|-weather|SunnyDay|[upkeep]
|upkeep
|turn|2
|
|t:|1784678082
|switch|p1a: Rotom|Rotom-Wash, L50|100/100
|detailschange|p1b: Mawile|Mawile-Mega, L50, F
|-mega|p1b: Mawile|Mawile|Mawilite
|move|p2b: Farigiraf|Helping Hand|p2a: Torkoal
|-singleturn|p2a: Torkoal|Helping Hand|[of] p2b: Farigiraf
|move|p1b: Mawile|Protect|p1b: Mawile
|-singleturn|p1b: Mawile|Protect
|move|p2a: Torkoal|Eruption|p1a: Rotom|[spread] p1a
|-activate|p1b: Mawile|move: Protect
|-resisted|p1a: Rotom|1
|-damage|p1a: Rotom|33/100
|
|-weather|SunnyDay|[upkeep]
|-heal|p1a: Rotom|39/100|[from] item: Leftovers
|upkeep
|turn|3
|
|t:|1784678104
|switch|p1b: Farigiraf|Farigiraf, L50, F|100/100
|move|p2b: Farigiraf|Helping Hand|p2a: Torkoal
|-singleturn|p2a: Torkoal|Helping Hand|[of] p2b: Farigiraf
|move|p1a: Rotom|Protect|p1a: Rotom
|-singleturn|p1a: Rotom|Protect
|move|p2a: Torkoal|Eruption|p1a: Rotom|[spread] p1b
|-activate|p1a: Rotom|move: Protect
|-damage|p1b: Farigiraf|0 fnt
|faint|p1b: Farigiraf
|
|-weather|SunnyDay|[upkeep]
|-heal|p1a: Rotom|45/100|[from] item: Leftovers
|upkeep
|
|t:|1784678120
|switch|p1b: Sinistcha|Sinistcha, L50|100/100
|-heal|p1a: Rotom|70/100|[from] ability: Hospitality|[of] p1b: Sinistcha
|turn|4
|
|t:|1784678130
|move|p2b: Farigiraf|Helping Hand|p2a: Torkoal
|-singleturn|p2a: Torkoal|Helping Hand|[of] p2b: Farigiraf
|move|p1a: Rotom|Protect|p1a: Rotom
|-singleturn|p1a: Rotom|Protect
|move|p2a: Torkoal|Eruption|p1a: Rotom|[spread] p1b
|-activate|p1a: Rotom|move: Protect
|-supereffective|p1b: Sinistcha|1
|-damage|p1b: Sinistcha|0 fnt
|faint|p1b: Sinistcha
|
|-weather|SunnyDay|[upkeep]
|-heal|p1a: Rotom|75/100|[from] item: Leftovers
|upkeep
|
|t:|1784678141
|switch|p1b: Mawile|Mawile-Mega, L50, F|100/100
|turn|5
|
|t:|1784678159
|move|p1b: Mawile|Protect|p1b: Mawile
|-singleturn|p1b: Mawile|Protect
|move|p2a: Torkoal|Eruption|p1a: Rotom|[spread] p1a
|-activate|p1b: Mawile|move: Protect
|-resisted|p1a: Rotom|1
|-damage|p1a: Rotom|31/100
|move|p2b: Farigiraf|Psyshock|p1a: Rotom
|-damage|p1a: Rotom|4/100
|move|p1a: Rotom|Volt Switch|p2a: Torkoal
|-damage|p2a: Torkoal|63/100
|
|-weather|none
|-heal|p1a: Rotom|10/100|[from] item: Leftovers
|-fieldend|move: Trick Room
|upkeep
|turn|6
|
|t:|1784678192
|switch|p2a: Kangaskhan|Kangaskhan, L50, F|100/100
|move|p2b: Farigiraf|Protect|p2b: Farigiraf
|-singleturn|p2b: Farigiraf|Protect
|move|p1a: Rotom|Volt Switch|p2a: Kangaskhan
|-damage|p2a: Kangaskhan|68/100
|move|p1b: Mawile|Play Rough|p2a: Kangaskhan
|-damage|p2a: Kangaskhan|0 fnt
|faint|p2a: Kangaskhan
|
|-heal|p1a: Rotom|15/100|[from] item: Leftovers
|upkeep
|
|t:|1784678210
|switch|p2a: Blastoise|Blastoise, L50, F|100/100
|turn|7
|
|t:|1784678250
|detailschange|p2a: Blastoise|Blastoise-Mega, L50, F
|-mega|p2a: Blastoise|Blastoise|Blastoisinite
|move|p1a: Rotom|Protect|p1a: Rotom
|-singleturn|p1a: Rotom|Protect
|move|p2a: Blastoise|Fake Out|p1b: Mawile
|-resisted|p1b: Mawile|1
|-damage|p1b: Mawile|96/100
|cant|p1b: Mawile|flinch
|move|p2b: Farigiraf|Trick Room|p2b: Farigiraf
|-fieldstart|move: Trick Room|[of] p2b: Farigiraf
|
|-heal|p1a: Rotom|21/100|[from] item: Leftovers
|upkeep
|turn|8
|
|t:|1784678285
|move|p1a: Rotom|Protect|p1a: Rotom
|-singleturn|p1a: Rotom|Protect
|move|p1b: Mawile|Play Rough|p2a: Blastoise|[miss]
|-miss|p1b: Mawile|p2a: Blastoise
|move|p2b: Farigiraf|Psyshock|p1a: Rotom
|-activate|p1a: Rotom|move: Protect
|move|p2a: Blastoise|Aura Sphere|p1b: Mawile
|-damage|p1b: Mawile|36/100
|
|-heal|p1a: Rotom|27/100|[from] item: Leftovers
|upkeep
|turn|9
|
|t:|1784678303
|move|p1b: Mawile|Play Rough|p2a: Blastoise
|-damage|p2a: Blastoise|25/100
|move|p2b: Farigiraf|Psyshock|p1a: Rotom
|-damage|p1a: Rotom|0 fnt
|faint|p1a: Rotom
|move|p2a: Blastoise|Aura Sphere|p1b: Mawile
|-damage|p1b: Mawile|0 fnt
|faint|p1b: Mawile
|
|win|Duhzer4
|l|☆Duhzer4
|player|p2|
|l|☆UtsuruK
|player|p1|
|j|☆Duhzer4
|player|p2|Duhzer4|fantina|
