|j|☆heycoachitsnate
|j|☆JasonLoserpants
|html|heycoachitsnateJasonLoserpants    
|uhtml|bestof|Game 3 of a best-of-3
|t:|1785903546
|gametype|doubles
|player|p1|heycoachitsnate|n|1135
|player|p2|JasonLoserpants|101|1192
|gen|9
|tier|[Gen 9 Champions] VGC 2026 Reg M-B (Bo3)
|rated|
|rule|Species Clause: Limit one of each Pokémon
|rule|Item Clause: Limit 1 of each item
|clearpoke
|poke|p1|Venusaur, L50, F|
|poke|p1|Charizard, L50, M, shiny|
|poke|p1|Garchomp, L50, M|
|poke|p1|Annihilape, L50, M, shiny|
|poke|p1|Incineroar, L50, M|
|poke|p1|Toxapex, L50, M, shiny|
|poke|p2|Grimmsnarl, L50, M|
|poke|p2|Garchomp, L50, F|
|poke|p2|Sylveon, L50, F|
|poke|p2|Staraptor, L50, M|
|poke|p2|Tyranitar, L50, M|
|poke|p2|Charizard, L50, M|
|teampreview|4
|showteam|p1|Venusaur||LifeOrb|Chlorophyll|SolarBeam,SludgeBomb,EarthPower,Protect|Modest||F|||50|]Charizard||CharizarditeY|Blaze|HeatWave,WeatherBall,HelpingHand,Protect|Bold||M|||50|]Garchomp||ChoiceScarf|RoughSkin|RockSlide,DragonClaw,Earthquake,StompingTantrum|Adamant||M|||50|]Annihilape||FocusSash|Defiant|PhantomForce,CloseCombat,RockTomb,Protect|Jolly||M|||50|]Incineroar||SitrusBerry|Intimidate|FlareBlitz,ThroatChop,PartingShot,FakeOut|Impish||M|||50|]Toxapex||Leftovers|Regenerator|Infestation,Toxic,WideGuard,BanefulBunker|Impish||M|||50|
|showteam|p2|Grimmsnarl||RoseliBerry|Prankster|FakeOut,SpiritBreak,PartingShot,ScaryFace|Sassy||M|||50|]Garchomp||LifeOrb|RoughSkin|DragonClaw,Earthquake,RockSlide,Protect|Jolly||F|||50|]Sylveon||FairyFeather|Pixilate|HyperVoice,QuickAttack,HyperBeam,Detect|Modest||F|||50|]Staraptor||Staraptite|Intimidate|CloseCombat,BraveBird,Roost,Protect|Adamant||M|||50|]Tyranitar||ChoiceScarf|SandStream|RockSlide,KnockOff,IcePunch,LowKick|Jolly||M|||50|]Charizard||CharizarditeY|SolarPower|HeatWave,SolarBeam,WeatherBall,Protect|Modest||M|||50|
|inactive|Battle timer is ON: inactive players will automatically lose when time's up. (requested by heycoachitsnate)
|inactive|JasonLoserpants also wants the timer to be on.
|
|t:|1785903568
|teamsize|p1|4
|teamsize|p2|4
|start
|switch|p1a: Incineroar|Incineroar, L50, M|100/100
|switch|p1b: Toxapex|Toxapex, L50, M, shiny|100/100
|switch|p2a: Staraptor|Staraptor, L50, M|100/100
|switch|p2b: Grimmsnarl|Grimmsnarl, L50, M|100/100
|-ability|p2a: Staraptor|Intimidate|boost
|-unboost|p1a: Incineroar|atk|1
|-unboost|p1b: Toxapex|atk|1
|-ability|p1a: Incineroar|Intimidate|boost
|-unboost|p2a: Staraptor|atk|1
|-unboost|p2b: Grimmsnarl|atk|1
|turn|1
|
|t:|1785903586
|detailschange|p2a: Staraptor|Staraptor-Mega, L50, M
|-mega|p2a: Staraptor|Staraptor|Staraptite
|move|p1a: Incineroar|Fake Out|p2b: Grimmsnarl
|-damage|p2b: Grimmsnarl|93/100
|cant|p2b: Grimmsnarl|flinch
|move|p2a: Staraptor|Close Combat|p1a: Incineroar
|-supereffective|p1a: Incineroar|1
|-damage|p1a: Incineroar|36/100
|-boost|p2a: Staraptor|def|1
|-boost|p2a: Staraptor|spd|1
|-enditem|p1a: Incineroar|Sitrus Berry|[eat]
|-heal|p1a: Incineroar|61/100|[from] item: Sitrus Berry
|move|p1b: Toxapex|Infestation|p2a: Staraptor
|-resisted|p2a: Staraptor|2
|-damage|p2a: Staraptor|99/100
|-activate|p2a: Staraptor|move: Infestation|[of] p1b: Toxapex
|
|-damage|p2a: Staraptor|86/100|[from] move: Infestation|[partiallytrapped]
|upkeep
|turn|2
|inactive|heycoachitsnate has 30 seconds left.
|
|t:|1785903618
|switch|p1a: Charizard|Charizard, L50, M, shiny|100/100
|move|p2a: Staraptor|Close Combat|p1a: Charizard
|-resisted|p1a: Charizard|1
|-damage|p1a: Charizard|80/100
|-boost|p2a: Staraptor|def|1
|-boost|p2a: Staraptor|spd|1
|move|p2b: Grimmsnarl|Spirit Break|p1a: Charizard
|-resisted|p1a: Charizard|1
|-damage|p1a: Charizard|71/100
|-unboost|p1a: Charizard|spa|1
|move|p1b: Toxapex|Toxic|p2a: Staraptor
|-status|p2a: Staraptor|tox
|
|-damage|p2a: Staraptor|80/100 tox|[from] psn
|-damage|p2a: Staraptor|68/100 tox|[from] move: Infestation|[partiallytrapped]
|upkeep
|turn|3
|
|t:|1785903643
|move|p1a: Charizard|Protect|p1a: Charizard
|-singleturn|p1a: Charizard|Protect
|move|p2b: Grimmsnarl|Parting Shot|p2a: Staraptor
|-boost|p2a: Staraptor|atk|1
|-boost|p2a: Staraptor|spa|1
|
|t:|1785903649
|switch|p2b: Garchomp|Garchomp, L50, F|100/100|[from] Parting Shot
|move|p2a: Staraptor|Close Combat|p1a: Charizard
|-activate|p1a: Charizard|move: Protect
|move|p1b: Toxapex|Toxic|p2b: Garchomp
|-status|p2b: Garchomp|tox
|
|-damage|p2b: Garchomp|93/100 tox|[from] psn
|-damage|p2a: Staraptor|55/100 tox|[from] psn
|-damage|p2a: Staraptor|43/100 tox|[from] move: Infestation|[partiallytrapped]
|upkeep
|turn|4
|
|t:|1785903669
|detailschange|p1a: Charizard|Charizard-Mega-Y, L50, M, shiny
|-mega|p1a: Charizard|Charizard|Charizardite Y
|-weather|SunnyDay|[from] ability: Drought|[of] p1a: Charizard
|move|p1b: Toxapex|Wide Guard|p1b: Toxapex
|-singleturn|p1b: Toxapex|Wide Guard
|move|p2b: Garchomp|Dragon Claw|p1a: Charizard
|-damage|p1a: Charizard|19/100
|-damage|p2b: Garchomp|84/100 tox|[from] item: Life Orb
|move|p1a: Charizard|Heat Wave|p2a: Staraptor|[spread] p2a
|-miss|p1a: Charizard|p2b: Garchomp
|-damage|p2a: Staraptor|26/100 tox
|move|p2a: Staraptor|Roost|p2a: Staraptor
|-heal|p2a: Staraptor|76/100 tox
|-singleturn|p2a: Staraptor|move: Roost
|
|-weather|SunnyDay|[upkeep]
|-damage|p2b: Garchomp|72/100 tox|[from] psn
|-damage|p2a: Staraptor|57/100 tox|[from] psn
|-damage|p2a: Staraptor|44/100 tox|[from] move: Infestation|[partiallytrapped]
|upkeep
|turn|5
|inactive|heycoachitsnate has 30 seconds left.
|
|t:|1785903702
|move|p1a: Charizard|Protect|p1a: Charizard
|-singleturn|p1a: Charizard|Protect
|move|p1b: Toxapex|Wide Guard|p1b: Toxapex
|-singleturn|p1b: Toxapex|Wide Guard
|move|p2b: Garchomp|Dragon Claw|p1a: Charizard
|-activate|p1a: Charizard|move: Protect
|move|p2a: Staraptor|Close Combat|p1a: Charizard
|-activate|p1a: Charizard|move: Protect
|
|-weather|SunnyDay|[upkeep]
|-damage|p2b: Garchomp|54/100 tox|[from] psn
|-damage|p2a: Staraptor|19/100 tox|[from] psn
|-damage|p2a: Staraptor|7/100 tox|[from] move: Infestation|[partiallytrapped]
|upkeep
|turn|6
|
|t:|1785903723
|switch|p1a: Garchomp|Garchomp, L50, M|100/100
|move|p1b: Toxapex|Wide Guard|p1b: Toxapex
|-singleturn|p1b: Toxapex|Wide Guard
|move|p2b: Garchomp|Dragon Claw|p1a: Garchomp
|-supereffective|p1a: Garchomp|1
|-damage|p1a: Garchomp|1/100
|-damage|p2b: Garchomp|42/100 tox|[from] ability: Rough Skin|[of] p1a: Garchomp
|-damage|p2b: Garchomp|32/100 tox|[from] item: Life Orb
|move|p2a: Staraptor|Roost|p2a: Staraptor
|-heal|p2a: Staraptor|57/100 tox
|-singleturn|p2a: Staraptor|move: Roost
|
|-weather|SunnyDay|[upkeep]
|-damage|p2b: Garchomp|8/100 tox|[from] psn
|-damage|p2a: Staraptor|26/100 tox|[from] psn
|-end|p2a: Staraptor|Infestation|[partiallytrapped]
|upkeep
|turn|7
|inactive|heycoachitsnate has 30 seconds left.
|inactive|heycoachitsnate has 20 seconds left.
|inactive|heycoachitsnate has 15 seconds left.
|inactive|JasonLoserpants has 30 seconds left.
|
|t:|1785903765
|switch|p2b: Grimmsnarl|Grimmsnarl, L50, M|93/100
|move|p1b: Toxapex|Wide Guard|p1b: Toxapex
|-singleturn|p1b: Toxapex|Wide Guard
|move|p1a: Garchomp|Rock Slide|p2b: Grimmsnarl|[spread] p2a,p2b
|-damage|p2a: Staraptor|17/100 tox
|-damage|p2b: Grimmsnarl|73/100
|move|p2a: Staraptor|Roost|p2a: Staraptor
|-heal|p2a: Staraptor|67/100 tox
|-singleturn|p2a: Staraptor|move: Roost
|
|-weather|SunnyDay|[upkeep]
|-damage|p2a: Staraptor|30/100 tox|[from] psn
|upkeep
|turn|8
|inactive|heycoachitsnate has 30 seconds left.
|
|t:|1785903791
|move|p2b: Grimmsnarl|Fake Out|p1a: Garchomp
|-damage|p1a: Garchomp|0 fnt
|-damage|p2b: Grimmsnarl|60/100|[from] ability: Rough Skin|[of] p1a: Garchomp
|faint|p1a: Garchomp
|move|p2a: Staraptor|Close Combat|p1b: Toxapex
|-resisted|p1b: Toxapex|1
|-damage|p1b: Toxapex|78/100
|-boost|p2a: Staraptor|def|1
|-boost|p2a: Staraptor|spd|1
|move|p1b: Toxapex|Toxic|p2b: Grimmsnarl
|-status|p2b: Grimmsnarl|tox
|
|-weather|none
|-heal|p1b: Toxapex|84/100|[from] item: Leftovers
|-damage|p2a: Staraptor|0 fnt|[from] psn
|faint|p2a: Staraptor
|-damage|p2b: Grimmsnarl|54/100 tox|[from] psn
|upkeep
|
|t:|1785903808
|switch|p1a: Incineroar|Incineroar, L50, M|61/100
|switch|p2a: Tyranitar|Tyranitar, L50, M|100/100
|-weather|Sandstorm|[from] ability: Sand Stream|[of] p2a: Tyranitar
|-ability|p1a: Incineroar|Intimidate|boost
|-unboost|p2a: Tyranitar|atk|1
|-unboost|p2b: Grimmsnarl|atk|1
|turn|9
|
|t:|1785903822
|move|p1a: Incineroar|Fake Out|p2a: Tyranitar
|-resisted|p2a: Tyranitar|1
|-damage|p2a: Tyranitar|94/100
|cant|p2a: Tyranitar|flinch
|move|p2b: Grimmsnarl|Spirit Break|p1a: Incineroar
|-damage|p1a: Incineroar|46/100
|-unboost|p1a: Incineroar|spa|1
|move|p1b: Toxapex|Toxic|p2a: Tyranitar
|-status|p2a: Tyranitar|tox
|
|-weather|Sandstorm|[upkeep]
|-damage|p1a: Incineroar|40/100|[from] Sandstorm
|-damage|p2b: Grimmsnarl|49/100 tox|[from] Sandstorm
|-damage|p1b: Toxapex|78/100|[from] Sandstorm
|-heal|p1b: Toxapex|84/100|[from] item: Leftovers
|-damage|p2a: Tyranitar|89/100 tox|[from] psn
|-damage|p2b: Grimmsnarl|37/100 tox|[from] psn
|upkeep
|turn|10
|
|t:|1785903844
|move|p1b: Toxapex|Baneful Bunker|p1b: Toxapex
|-singleturn|p1b: Toxapex|move: Protect
|move|p2a: Tyranitar|Low Kick|p1a: Incineroar
|-supereffective|p1a: Incineroar|1
|-damage|p1a: Incineroar|9/100
|move|p1a: Incineroar|Parting Shot|p2a: Tyranitar
|-unboost|p2a: Tyranitar|atk|1
|-unboost|p2a: Tyranitar|spa|1
|
|t:|1785903853
|switch|p1a: Charizard|Charizard-Mega-Y, L50, M, shiny|19/100|[from] Parting Shot
|-weather|SunnyDay|[from] ability: Drought|[of] p1a: Charizard
|move|p2b: Grimmsnarl|Spirit Break|p1a: Charizard
|-resisted|p1a: Charizard|1
|-damage|p1a: Charizard|10/100
|-unboost|p1a: Charizard|spa|1
|
|-weather|SunnyDay|[upkeep]
|-heal|p1b: Toxapex|90/100|[from] item: Leftovers
|-damage|p2a: Tyranitar|77/100 tox|[from] psn
|-damage|p2b: Grimmsnarl|19/100 tox|[from] psn
|upkeep
|turn|11
|
|t:|1785903868
|switch|p2a: Garchomp|Garchomp, L50, F|8/100 tox
|move|p2b: Grimmsnarl|Parting Shot|p1b: Toxapex
|-unboost|p1b: Toxapex|atk|1
|-unboost|p1b: Toxapex|spa|1
|
|t:|1785903871
|switch|p2b: Tyranitar|Tyranitar, L50, M|77/100 tox|[from] Parting Shot
|-weather|Sandstorm|[from] ability: Sand Stream|[of] p2b: Tyranitar
|move|p1a: Charizard|Heat Wave|p2a: Garchomp|[spread] p2a,p2b
|-resisted|p2a: Garchomp|1
|-resisted|p2b: Tyranitar|1
|-damage|p2a: Garchomp|0 fnt
|-damage|p2b: Tyranitar|69/100 tox
|faint|p2a: Garchomp
|move|p1b: Toxapex|Infestation|p2b: Tyranitar
|-supereffective|p2b: Tyranitar|1
|-damage|p2b: Tyranitar|66/100 tox
|-activate|p2b: Tyranitar|move: Infestation|[of] p1b: Toxapex
|
|-weather|Sandstorm|[upkeep]
|-damage|p1a: Charizard|4/100|[from] Sandstorm
|-damage|p1b: Toxapex|84/100|[from] Sandstorm
|-heal|p1b: Toxapex|90/100|[from] item: Leftovers
|-damage|p2b: Tyranitar|60/100 tox|[from] psn
|-damage|p2b: Tyranitar|48/100 tox|[from] move: Infestation|[partiallytrapped]
|upkeep
|
|t:|1785903873
|switch|p2a: Grimmsnarl|Grimmsnarl, L50, M|19/100 tox
|turn|12
|inactive|heycoachitsnate has 30 seconds left.
|
|t:|1785903899
|switch|p1a: Incineroar|Incineroar, L50, M|9/100
|-ability|p1a: Incineroar|Intimidate|boost
|-unboost|p2a: Grimmsnarl|atk|1
|-unboost|p2b: Tyranitar|atk|1
|move|p2b: Tyranitar|Knock Off|p1b: Toxapex
|-crit|p1b: Toxapex
|-damage|p1b: Toxapex|36/100
|-enditem|p1b: Toxapex|Leftovers|[from] move: Knock Off|[of] p2b: Tyranitar
|move|p2a: Grimmsnarl|Spirit Break|p1a: Incineroar
|-damage|p1a: Incineroar|0 fnt
|faint|p1a: Incineroar
|move|p1b: Toxapex|Infestation|p2a: Grimmsnarl
|-damage|p2a: Grimmsnarl|17/100 tox
|-activate|p2a: Grimmsnarl|move: Infestation|[of] p1b: Toxapex
|
|-weather|Sandstorm|[upkeep]
|-damage|p2a: Grimmsnarl|11/100 tox|[from] Sandstorm
|-damage|p1b: Toxapex|30/100|[from] Sandstorm
|-damage|p2b: Tyranitar|37/100 tox|[from] psn
|-damage|p2a: Grimmsnarl|5/100 tox|[from] psn
|-damage|p2b: Tyranitar|25/100 tox|[from] move: Infestation|[partiallytrapped]
|-damage|p2a: Grimmsnarl|0 fnt|[from] move: Infestation|[partiallytrapped]
|faint|p2a: Grimmsnarl
|upkeep
|-message|JasonLoserpants forfeited.
|raw|heycoachitsnate's rating: 1135 → 1164(+29 for winning)
|raw|JasonLoserpants's rating: 1192 → 1163(-29 for losing)
|
|win|heycoachitsnate
|l|☆JasonLoserpants
|player|p2|
