|j|☆harrybxrry
|j|☆kDreamzzz
|html|harrybxrrykDreamzzz    
|uhtml|bestof|Game 2 of a best-of-3
|t:|1785690643
|gametype|doubles
|player|p1|harrybxrry|ingo|
|player|p2|kDreamzzz|169|
|gen|9
|tier|[Gen 9 Champions] VGC 2026 Reg M-B (Bo3)
|rule|Species Clause: Limit one of each Pokémon
|rule|Item Clause: Limit 1 of each item
|clearpoke
|poke|p1|Blastoise, L50, M|
|poke|p1|Orthworm, L50, F|
|poke|p1|Sylveon, L50, F, shiny|
|poke|p1|Incineroar, L50, M|
|poke|p1|Banette, L50, F|
|poke|p1|Kleavor, L50, M, shiny|
|poke|p2|Swampert, L50, M|
|poke|p2|Sableye, L50, M|
|poke|p2|Politoed, L50, M|
|poke|p2|Dragonite, L50, M|
|poke|p2|Tsareena, L50, F|
|poke|p2|Corviknight, L50, M|
|teampreview|4
|showteam|p1|Blastoise||Blastoisinite|RainDish|WaterSpout,DarkPulse,FakeOut,ShellSmash|Modest||M|||50|]Orthworm||ChopleBerry|EarthEater|BodyPress,ShedTail,HeavySlam,Protect|Careful||F|||50|]Sylveon||FairyFeather|Pixilate|HyperVoice,Detect,HyperBeam,QuickAttack|Modest||F|||50|]Incineroar||SitrusBerry|Intimidate|FakeOut,PartingShot,FlareBlitz,DarkestLariat|Careful||M|||50|]Banette||Banettite|Frisk|WillOWisp,Encore,Disable,Poltergeist|Adamant||F|||50|]Kleavor||FocusSash|Sharpness|StoneAxe,Protect,XScissor,Tailwind|Adamant||M|||50|
|showteam|p2|Swampert||Swampertite|Torrent|HighHorsepower,WaveCrash,Earthquake,Protect|Adamant||M|||50|]Sableye||KasibBerry|Prankster|Encore,Taunt,FoulPlay,LightScreen|Sassy||M|||50|]Politoed||SitrusBerry|Drizzle|HelpingHand,WeatherBall,Haze,IceBeam|Modest||M|||50|]Dragonite||Dragoninite|Multiscale|Protect,Hurricane,DracoMeteor,Thunder|Modest||M|||50|]Tsareena||WideLens|QueenlyMajesty|TropKick,LowKick,TripleAxel,Protect|Adamant||F|||50|]Corviknight||Leftovers|MirrorArmor|BraveBird,IronHead,Protect,Tailwind|Careful||M|||50|
|
|t:|1785690684
|teamsize|p1|4
|teamsize|p2|4
|start
|switch|p1a: Sally|Orthworm, L50, F|100/100
|switch|p1b: Ruin|Kleavor, L50, M, shiny|100/100
|switch|p2a: Politoed|Politoed, L50, M|100/100
|switch|p2b: Swampert|Swampert, L50, M|100/100
|-weather|RainDance|[from] ability: Drizzle|[of] p2a: Politoed
|turn|1
|
|t:|1785690717
|move|p1b: Ruin|Tailwind|p1b: Ruin
|-sidestart|p1: harrybxrry|move: Tailwind
|move|p1a: Sally|Shed Tail|p1a: Sally
|-start|p1a: Sally|Substitute|[from] move: Shed Tail
|-damage|p1a: Sally|50/100y
|
|t:|1785690726
|switch|p1a: Big Red Button|Sylveon, L50, F, shiny|100/100|[from] Shed Tail
|move|p2b: Swampert|Wave Crash|p1a: Big Red Button
|-end|p1a: Big Red Button|Substitute
|-damage|p2b: Swampert|91/100|[from] Recoil
|move|p2a: Politoed|Weather Ball|p1b: Ruin
|-supereffective|p1b: Ruin|1
|-enditem|p1b: Ruin|Focus Sash
|-damage|p1b: Ruin|1/100
|
|-weather|RainDance|[upkeep]
|upkeep
|turn|2
|
|t:|1785690758
|move|p1a: Big Red Button|Detect|p1a: Big Red Button
|-singleturn|p1a: Big Red Button|Protect
|move|p1b: Ruin|X-Scissor|p2b: Swampert
|-damage|p2b: Swampert|22/100
|move|p2b: Swampert|Wave Crash|p1a: Big Red Button
|-activate|p1a: Big Red Button|move: Protect
|move|p2a: Politoed|Weather Ball|p1b: Ruin
|-supereffective|p1b: Ruin|1
|-damage|p1b: Ruin|0 fnt
|faint|p1b: Ruin
|
|-weather|RainDance|[upkeep]
|upkeep
|
|t:|1785690769
|switch|p1b: Sally|Orthworm, L50, F|50/100y
|turn|3
|
|t:|1785690782
|move|p2b: Swampert|Protect|p2b: Swampert
|-singleturn|p2b: Swampert|Protect
|move|p1b: Sally|Shed Tail|p1b: Sally
|-fail|p1b: Sally|move: Shed Tail|[weak]
|move|p1a: Big Red Button|Hyper Voice|p2a: Politoed|[spread] p2a
|-activate|p2b: Swampert|move: Protect
|-damage|p2a: Politoed|55/100
|move|p2a: Politoed|Weather Ball|p1a: Big Red Button
|-damage|p1a: Big Red Button|56/100
|
|-weather|RainDance|[upkeep]
|upkeep
|turn|4
|c|☆harrybxrry|i thought that would work
|c|☆harrybxrry|fah
|
|t:|1785690831
|detailschange|p2b: Swampert|Swampert-Mega, L50, M
|-mega|p2b: Swampert|Swampert|Swampertite
|move|p2b: Swampert|Wave Crash|p1b: Sally
|-damage|p1b: Sally|0 fnt
|faint|p1b: Sally
|-damage|p2b: Swampert|6/100|[from] Recoil
|move|p1a: Big Red Button|Hyper Voice|p2b: Swampert|[spread] p2a,p2b
|-damage|p2a: Politoed|12/100
|-damage|p2b: Swampert|0 fnt
|-enditem|p2a: Politoed|Sitrus Berry|[eat]
|-heal|p2a: Politoed|37/100|[from] item: Sitrus Berry
|faint|p2b: Swampert
|move|p2a: Politoed|Weather Ball|p1a: Big Red Button
|-damage|p1a: Big Red Button|5/100
|
|-weather|RainDance|[upkeep]
|-sideend|p1: harrybxrry|move: Tailwind
|upkeep
|
|t:|1785690846
|switch|p2b: Corviknight|Corviknight, L50, M|100/100
|switch|p1b: Caravan|Blastoise, L50, M|100/100
|turn|5
|
|t:|1785690866
|detailschange|p1b: Caravan|Blastoise-Mega, L50, M
|-mega|p1b: Caravan|Blastoise|Blastoisinite
|move|p2a: Politoed|Helping Hand|p2b: Corviknight
|-singleturn|p2b: Corviknight|Helping Hand|[of] p2a: Politoed
|move|p1a: Big Red Button|Quick Attack|p2a: Politoed
|-damage|p2a: Politoed|21/100
|move|p1b: Caravan|Shell Smash|p1b: Caravan
|-unboost|p1b: Caravan|def|1
|-unboost|p1b: Caravan|spd|1
|-boost|p1b: Caravan|atk|2
|-boost|p1b: Caravan|spa|2
|-boost|p1b: Caravan|spe|2
|move|p2b: Corviknight|Brave Bird|p1b: Caravan
|-damage|p1b: Caravan|25/100
|-damage|p2b: Corviknight|77/100|[from] Recoil
|
|-weather|none
|-heal|p2b: Corviknight|83/100|[from] item: Leftovers
|upkeep
|turn|6
|
|t:|1785690894
|move|p1a: Big Red Button|Quick Attack|p2a: Politoed
|-damage|p2a: Politoed|7/100
|move|p1b: Caravan|Dark Pulse|p2b: Corviknight
|-damage|p2b: Corviknight|22/100
|move|p2a: Politoed|Ice Beam|p1a: Big Red Button
|-damage|p1a: Big Red Button|0 fnt
|faint|p1a: Big Red Button
|cant|p2b: Corviknight|flinch
|
|-heal|p2b: Corviknight|28/100|[from] item: Leftovers
|upkeep
|turn|7
|
|t:|1785690925
|move|p1b: Caravan|Water Spout|p2a: Politoed|[spread] p2a,p2b
|-resisted|p2a: Politoed|1
|-damage|p2a: Politoed|0 fnt
|-damage|p2b: Corviknight|3/100
|faint|p2a: Politoed
|move|p2b: Corviknight|Brave Bird|p1b: Caravan
|-damage|p1b: Caravan|0 fnt
|faint|p1b: Caravan
|-damage|p2b: Corviknight|0 fnt|[from] Recoil
|faint|p2b: Corviknight
|
|win|kDreamzzz
|c|☆harrybxrry|saved by hax im sorry
|c|☆harrybxrry|ouuuuu shi u live
|c|☆harrybxrry|wow
|c|☆harrybxrry|gg
|c|☆kDreamzzz|gg!
|c|☆kDreamzzz|had me thinking hard man
|c|☆harrybxrry|you played well your team is so good
|c|☆kDreamzzz|thanks! I was honestly scared of your team
|c|☆kDreamzzz|blastoise scares me
|c|☆harrybxrry|did you have dnite in the back
|c|☆kDreamzzz|i did
|c|☆harrybxrry|i seeee
|c|☆harrybxrry|i was scared of clicking fake out
|c|☆kDreamzzz|ah yeah
|c|☆kDreamzzz|do you want me to upload the replays?
|c|☆harrybxrry|yes please
|c|☆kDreamzzz|alr
