|j|☆MoliSodio
|j|☆salmoncashew
|html|MoliSodiosalmoncashew    
|uhtml|bestof|Game 1 of a best-of-3
|t:|1783723147
|gametype|doubles
|player|p1|MoliSodio|rosa|1117
|player|p2|salmoncashew|caitlin|1181
|gen|9
|tier|[Gen 9 Champions] VGC 2026 Reg M-B (Bo3)
|rated|
|rule|Species Clause: Limit one of each Pokémon
|rule|Item Clause: Limit 1 of each item
|clearpoke
|poke|p1|Milotic, L50, M|
|poke|p1|Sylveon, L50, M|
|poke|p1|Charizard, L50, F|
|poke|p1|Metagross, L50|
|poke|p1|Rotom-Wash, L50|
|poke|p1|Sinistcha-Masterpiece, L50|
|poke|p2|Whimsicott, L50, F|
|poke|p2|Sneasler, L50, F|
|poke|p2|Basculegion, L50, M|
|poke|p2|Incineroar, L50, M, shiny|
|poke|p2|Pyroar, L50, F, shiny|
|poke|p2|Garchomp, L50, M|
|teampreview|4
|showteam|p1|Milotic||Leftovers|Competitive|Coil,Recover,MuddyWater,Hypnosis|Calm||M|||50|]Sylveon||FairyFeather|Pixilate|QuickAttack,Detect,HyperBeam,HyperVoice|Modest||M|||50|]Charizard||CharizarditeY|Blaze|SolarBeam,HeatWave,WeatherBall,Protect|Timid||F|||50|]Metagross||Metagrossite|ClearBody|PsychicFangs,IronHead,Protect,BodyPress|Jolly|||||50|]Rotom-Wash||SitrusBerry|Levitate|WillOWisp,Thunderbolt,Protect,HydroPump|Modest|||||50|]Sinistcha-Masterpiece||KasibBerry|Hospitality|LifeDew,MatchaGotcha,StrengthSap,RagePowder|Relaxed|||||50|
|showteam|p2|Whimsicott||FocusSash|Prankster|Protect,Tailwind,SunnyDay,Moonblast|Timid||F|||50|]Sneasler||WhiteHerb|Unburden|Protect,CloseCombat,ThroatChop,GunkShot|Adamant||F|||50|]Basculegion||ChoiceScarf|Adaptability|LastRespects,FlipTurn,WaveCrash,AquaJet|Jolly||M|||50|]Incineroar||SitrusBerry|Intimidate|FakeOut,PartingShot,ThroatChop,FlareBlitz|Adamant||M|||50|]Pyroar||Pyroarite|Unnerve|Protect,HeatWave,Overheat,SolarBeam|Timid||F|||50|]Garchomp||LifeOrb|RoughSkin|Earthquake,DragonClaw,StompingTantrum,Protect|Adamant||M|||50|
|inactive|Battle timer is ON: inactive players will automatically lose when time's up. (requested by salmoncashew)
|inactive|MoliSodio has 60 seconds left.
|inactive|salmoncashew has 60 seconds left.
|
|t:|1783723200
|teamsize|p1|4
|teamsize|p2|4
|start
|switch|p1a: Charizard|Charizard, L50, F|100/100
|switch|p1b: Sinistcha|Sinistcha-Masterpiece, L50|100/100
|switch|p2a: Sneasler|Sneasler, L50, F|100/100
|switch|p2b: Pyroar|Pyroar, L50, F, shiny|100/100
|-ability|p2b: Pyroar|Unnerve
|turn|1
|inactive|MoliSodio has 30 seconds left.
|inactive|MoliSodio has 20 seconds left.
|inactive|MoliSodio has 15 seconds left.
|inactive|MoliSodio has 10 seconds left.
|
|t:|1783723249
|switch|p1b: Rotom|Rotom-Wash, L50|100/100
|detailschange|p2b: Pyroar|Pyroar-Mega, L50, F, shiny
|-mega|p2b: Pyroar|Pyroar|Pyroarite
|detailschange|p1a: Charizard|Charizard-Mega-Y, L50, F
|-mega|p1a: Charizard|Charizard|Charizardite Y
|-weather|SunnyDay|[from] ability: Drought|[of] p1a: Charizard
|move|p1a: Charizard|Protect|p1a: Charizard
|-singleturn|p1a: Charizard|Protect
|move|p2b: Pyroar|Heat Wave|p1b: Rotom|[spread] p1b
|-activate|p1a: Charizard|move: Protect
|-resisted|p1b: Rotom|1
|-damage|p1b: Rotom|58/100
|move|p2a: Sneasler|Gunk Shot|p1a: Charizard
|-activate|p1a: Charizard|move: Protect
|
|-weather|SunnyDay|[upkeep]
|upkeep
|turn|2
|inactive|MoliSodio has 30 seconds left.
|inactive|salmoncashew has 30 seconds left.
|inactive|MoliSodio has 20 seconds left.
|inactive|MoliSodio has 15 seconds left.
|inactive|MoliSodio has 10 seconds left.
|
|t:|1783723297
|move|p1b: Rotom|Protect|p1b: Rotom
|-singleturn|p1b: Rotom|Protect
|move|p2b: Pyroar|Solar Beam||[still]
|-prepare|p2b: Pyroar|Solar Beam
|-anim|p2b: Pyroar|Solar Beam|p1b: Rotom
|-activate|p1b: Rotom|move: Protect
|move|p2a: Sneasler|Gunk Shot|p1a: Charizard|[miss]
|-miss|p2a: Sneasler|p1a: Charizard
|move|p1a: Charizard|Weather Ball|p2a: Sneasler
|-damage|p2a: Sneasler|0 fnt
|faint|p2a: Sneasler
|
|-weather|SunnyDay|[upkeep]
|upkeep
|
|t:|1783723306
|switch|p2a: Garchomp|Garchomp, L50, M|100/100
|turn|3
|inactive|MoliSodio has 30 seconds left.
|inactive|MoliSodio has 20 seconds left.
|inactive|MoliSodio has 15 seconds left.
|
|t:|1783723350
|switch|p1a: Sinistcha|Sinistcha-Masterpiece, L50|100/100
|-heal|p1b: Rotom|83/100|[from] ability: Hospitality|[of] p1a: Sinistcha
|move|p2b: Pyroar|Heat Wave|p1a: Sinistcha|[spread] p1a,p1b
|-supereffective|p1a: Sinistcha|1
|-resisted|p1b: Rotom|1
|-damage|p1a: Sinistcha|0 fnt
|-damage|p1b: Rotom|43/100
|-enditem|p1b: Rotom|Sitrus Berry|[eat]
|-heal|p1b: Rotom|68/100|[from] item: Sitrus Berry
|faint|p1a: Sinistcha
|move|p2a: Garchomp|Dragon Claw|p1b: Rotom
|-damage|p1b: Rotom|1/100
|-damage|p2a: Garchomp|90/100|[from] item: Life Orb
|move|p1b: Rotom|Will-O-Wisp|p2a: Garchomp
|-status|p2a: Garchomp|brn
|
|-weather|SunnyDay|[upkeep]
|-damage|p2a: Garchomp|84/100 brn|[from] brn
|upkeep
|inactive|MoliSodio has 30 seconds left.
|
|t:|1783723379
|switch|p1a: Sylveon|Sylveon, L50, M|100/100
|turn|4
|inactive|MoliSodio has 30 seconds left.
|inactive|MoliSodio has 20 seconds left.
|
|t:|1783723417
|move|p2b: Pyroar|Heat Wave|p1b: Rotom|[spread] p1b
|-miss|p2b: Pyroar|p1a: Sylveon
|-resisted|p1b: Rotom|1
|-damage|p1b: Rotom|0 fnt
|faint|p1b: Rotom
|move|p2a: Garchomp|Stomping Tantrum|p1a: Sylveon
|-damage|p1a: Sylveon|71/100
|-damage|p2a: Garchomp|75/100 brn|[from] item: Life Orb
|move|p1a: Sylveon|Hyper Voice|p2a: Garchomp|[spread] p2a,p2b
|-supereffective|p2a: Garchomp|1
|-resisted|p2b: Pyroar|1
|-damage|p2a: Garchomp|0 fnt
|-damage|p2b: Pyroar|71/100
|faint|p2a: Garchomp
|
|-weather|SunnyDay|[upkeep]
|upkeep
|
|t:|1783723430
|switch|p2a: Basculegion|Basculegion, L50, M|100/100
|switch|p1b: Charizard|Charizard-Mega-Y, L50, F|100/100
|turn|5
|
|t:|1783723444
|move|p1b: Charizard|Protect|p1b: Charizard
|-singleturn|p1b: Charizard|Protect
|move|p2a: Basculegion|Last Respects|p1b: Charizard
|-activate|p1b: Charizard|move: Protect
|move|p2b: Pyroar|Overheat|p1a: Sylveon
|-damage|p1a: Sylveon|0 fnt
|-unboost|p2b: Pyroar|spa|2
|faint|p1a: Sylveon
|
|-weather|none
|upkeep
|turn|6
|
|t:|1783723465
|move|p2a: Basculegion|Last Respects|p1b: Charizard
|-damage|p1b: Charizard|0 fnt
|faint|p1b: Charizard
|
|win|salmoncashew
||MoliSodio is ready for game 2.
