|j|☆sogreenitslime
|j|☆danilr5tdwl
|html|sogreenitslimedanilr5tdwl    
|uhtml|bestof|Game 3 of a best-of-3
|t:|1782580181
|gametype|doubles
|player|p1|sogreenitslime|pokemaniac|1090
|player|p2|danilr5tdwl|roxie|1140
|gen|9
|tier|[Gen 9 Champions] VGC 2026 Reg M-B (Bo3)
|rated|
|rule|Species Clause: Limit one of each Pokémon
|rule|Item Clause: Limit 1 of each item
|clearpoke
|poke|p1|Aerodactyl, L50, M|
|poke|p1|Rotom-Wash, L50|
|poke|p1|Sceptile, L50, F|
|poke|p1|Kingambit, L50, M|
|poke|p1|Sneasler, L50, M|
|poke|p1|Incineroar, L50, M|
|poke|p2|Pelipper, L50, M|
|poke|p2|Basculegion, L50, M|
|poke|p2|Swampert, L50, M|
|poke|p2|Archaludon, L50, M|
|poke|p2|Sinistcha-Masterpiece, L50|
|poke|p2|Sableye, L50, F|
|teampreview|4
|showteam|p1|Aerodactyl||Aerodactylite|Unnerve|Tailwind,RockSlide,DualWingbeat,Protect|Jolly||M|||50|]Rotom-Wash||ChoiceScarf|Levitate|VoltSwitch,Discharge,Electroweb,HydroPump|Timid|||||50|]Sceptile||Sceptilite|Overgrow|EnergyBall,EarthPower,DragonPulse,Protect|Timid||F|||50|]Kingambit||ChopleBerry|Defiant|KowtowCleave,SuckerPunch,IronHead,Protect|Adamant||M|||50|]Sneasler||WhiteHerb|Unburden|DireClaw,CloseCombat,FakeOut,Protect|Jolly||M|||50|]Incineroar||SitrusBerry|Intimidate|WillOWisp,FlareBlitz,PartingShot,FakeOut|Careful||M|||50|
|showteam|p2|Pelipper||DampRock|Drizzle|Tailwind,Hurricane,Protect,Uturn|Bold||M|||50|]Basculegion||ChoiceScarf|SwiftSwim|LastRespects,FlipTurn,WaveCrash,IceFang|Adamant||M|||50|]Swampert||Swampertite|Torrent|Protect,IcePunch,WaveCrash,StompingTantrum|Adamant||M|||50|]Archaludon||Leftovers|Stamina|FlashCannon,ElectroShot,Protect,AuraSphere|Quiet||M|||50|]Sinistcha-Masterpiece||KasibBerry|Hospitality|TrickRoom,MatchaGotcha,RagePowder,StrengthSap|Relaxed|||||50|]Sableye||RoseliBerry|Prankster|RainDance,FakeOut,Disable,Encore|Careful||F|||50|
|inactive|Battle timer is ON: inactive players will automatically lose when time's up. (requested by danilr5tdwl)
|
|t:|1782580219
|teamsize|p1|4
|teamsize|p2|4
|start
|switch|p1a: Rotom|Rotom-Wash, L50|100/100
|switch|p1b: Sneasler|Sneasler, L50, M|100/100
|switch|p2a: Basculegion|Basculegion, L50, M|100/100
|switch|p2b: Archaludon|Archaludon, L50, M|100/100
|turn|1
|
|t:|1782580237
|switch|p2a: Sinistcha|Sinistcha-Masterpiece, L50|100/100
|move|p2b: Archaludon|Protect|p2b: Archaludon
|-singleturn|p2b: Archaludon|Protect
|move|p1a: Rotom|Volt Switch|p2a: Sinistcha
|-resisted|p2a: Sinistcha|1
|-damage|p2a: Sinistcha|80/100
|
|t:|1782580246
|switch|p1a: Kingambit|Kingambit, L50, M|100/100|[from] Volt Switch
|move|p1b: Sneasler|Dire Claw|p2a: Sinistcha
|-damage|p2a: Sinistcha|50/100y
|
|upkeep
|turn|2
|
|t:|1782580258
|move|p2a: Sinistcha|Rage Powder|p2a: Sinistcha
|-singleturn|p2a: Sinistcha|move: Rage Powder
|move|p1b: Sneasler|Dire Claw|p2a: Sinistcha
|-damage|p2a: Sinistcha|20/100y
|-status|p2a: Sinistcha|slp
|move|p2b: Archaludon|Aura Sphere|p1a: Kingambit
|-supereffective|p1a: Kingambit|2
|-enditem|p1a: Kingambit|Chople Berry|[eat]
|-enditem|p1a: Kingambit|Chople Berry|[weaken]
|-damage|p1a: Kingambit|32/100
|move|p1a: Kingambit|Kowtow Cleave|p2a: Sinistcha
|-supereffective|p2a: Sinistcha|1
|-damage|p2a: Sinistcha|0 fnt
|faint|p2a: Sinistcha
|
|upkeep
|
|t:|1782580267
|switch|p2a: Basculegion|Basculegion, L50, M|100/100
|turn|3
|
|t:|1782580274
|switch|p2a: Pelipper|Pelipper, L50, M|100/100
|-weather|RainDance|[from] ability: Drizzle|[of] p2a: Pelipper
|move|p1a: Kingambit|Sucker Punch||[still]
|-fail|p1a: Kingambit
|move|p1b: Sneasler|Dire Claw|p2a: Pelipper
|-damage|p2a: Pelipper|64/100
|-status|p2a: Pelipper|slp
|move|p2b: Archaludon|Aura Sphere|p1a: Kingambit
|-supereffective|p1a: Kingambit|2
|-damage|p1a: Kingambit|0 fnt
|faint|p1a: Kingambit
|
|-weather|RainDance|[upkeep]
|upkeep
|
|t:|1782580296
|switch|p1a: Sceptile|Sceptile, L50, F|100/100
|turn|4
|
|t:|1782580301
|detailschange|p1a: Sceptile|Sceptile-Mega, L50, F
|-mega|p1a: Sceptile|Sceptile|Sceptilite
|move|p1a: Sceptile|Earth Power|p2b: Archaludon
|-supereffective|p2b: Archaludon|1
|-damage|p2b: Archaludon|13/100
|-ability|p2b: Archaludon|Stamina|boost
|-boost|p2b: Archaludon|def|1
|move|p1b: Sneasler|Close Combat|p2b: Archaludon
|-supereffective|p2b: Archaludon|1
|-damage|p2b: Archaludon|0 fnt
|-unboost|p1b: Sneasler|def|1
|-unboost|p1b: Sneasler|spd|1
|faint|p2b: Archaludon
|-enditem|p1b: Sneasler|White Herb
|-clearnegativeboost|p1b: Sneasler|[silent]
|cant|p2a: Pelipper|slp
|
|-weather|RainDance|[upkeep]
|upkeep
|
|t:|1782580305
|switch|p2b: Basculegion|Basculegion, L50, M|100/100
|turn|5
|
|t:|1782580320
|switch|p1a: Rotom|Rotom-Wash, L50|100/100
|move|p2b: Basculegion|Last Respects|p1a: Rotom
|-damage|p1a: Rotom|0 fnt
|faint|p1a: Rotom
|move|p1b: Sneasler|Dire Claw|p2b: Basculegion
|-resisted|p2b: Basculegion|1
|-crit|p2b: Basculegion
|-damage|p2b: Basculegion|57/100
|cant|p2a: Pelipper|slp
|
|-weather|RainDance|[upkeep]
|upkeep
|
|t:|1782580332
|switch|p1a: Sceptile|Sceptile-Mega, L50, F|100/100
|turn|6
|
|t:|1782580337
|move|p1a: Sceptile|Protect|p1a: Sceptile
|-singleturn|p1a: Sceptile|Protect
|move|p2b: Basculegion|Last Respects|p1a: Sceptile
|-activate|p1a: Sceptile|move: Protect
|move|p1b: Sneasler|Dire Claw|p2b: Basculegion
|-resisted|p2b: Basculegion|1
|-damage|p2b: Basculegion|28/100
|-curestatus|p2a: Pelipper|slp|[msg]
|move|p2a: Pelipper|Hurricane|p1a: Sceptile
|-activate|p1a: Sceptile|move: Protect
|
|-weather|RainDance|[upkeep]
|upkeep
|turn|7
|
|t:|1782580352
|move|p2b: Basculegion|Last Respects|p1a: Sceptile
|-damage|p1a: Sceptile|0 fnt
|faint|p1a: Sceptile
|move|p1b: Sneasler|Dire Claw|p2b: Basculegion
|-resisted|p2b: Basculegion|1
|-damage|p2b: Basculegion|0 fnt
|faint|p2b: Basculegion
|move|p2a: Pelipper|Hurricane|p1b: Sneasler
|-supereffective|p1b: Sneasler|1
|-damage|p1b: Sneasler|3/100
|-start|p1b: Sneasler|confusion
|
|-weather|RainDance|[upkeep]
|upkeep
|turn|8
|
|t:|1782580372
|-activate|p1b: Sneasler|confusion
|-damage|p1b: Sneasler|0 fnt|[from] confusion
|faint|p1b: Sneasler
|
|win|danilr5tdwl
|raw|sogreenitslime's rating: 1090 → 1070(-20 for losing)
|raw|danilr5tdwl's rating: 1140 → 1161(+21 for winning)
|l|☆danilr5tdwl
|player|p2|
