|j|☆Peppersalt1
|j|☆dutchilles
|html|Peppersalt1dutchilles    
|uhtml|bestof|Game 1 of a best-of-3
|t:|1784344803
|gametype|doubles
|player|p1|Peppersalt1|teamrocket|
|player|p2|dutchilles|265|
|gen|9
|tier|[Gen 9 Champions] VGC 2026 Reg M-B (Bo3)
|rule|Species Clause: Limit one of each Pokémon
|rule|Item Clause: Limit 1 of each item
|clearpoke
|poke|p1|Venusaur, L50, M|
|poke|p1|Incineroar, L50, M|
|poke|p1|Vivillon, L50, M|
|poke|p1|Farigiraf, L50, F|
|poke|p1|Rotom-Wash, L50|
|poke|p1|Rhyperior, L50, F|
|poke|p2|Primarina, L50, M|
|poke|p2|Metagross, L50|
|poke|p2|Grimmsnarl, L50, M|
|poke|p2|Mimikyu, L50, F|
|poke|p2|Blaziken, L50, F|
|poke|p2|Lucario, L50, M|
|teampreview|4
|showteam|p1|Venusaur||Venusaurite|Overgrow|GigaDrain,SludgeBomb,EarthPower,Protect|Modest||M|||50|]Incineroar||ChopleBerry|Intimidate|FlareBlitz,ThroatChop,FakeOut,PartingShot|Careful||M|||50|]Vivillon||FocusSash|CompoundEyes|Hurricane,SleepPowder,Tailwind,Protect|Timid||M|||50|]Farigiraf||ColburBerry|ArmorTail|HyperVoice,Psychic,HelpingHand,TrickRoom|Modest||F|||50|]Rotom-Wash||ChoiceScarf|Levitate|Thunderbolt,Electroweb,HydroPump,VoltSwitch|Modest|||||50|]Rhyperior||LifeOrb|SolidRock|HighHorsepower,Earthquake,RockSlide,Protect|Brave||F|||50|
|showteam|p2|Primarina||Leftovers|LiquidVoice|HyperVoice,CalmMind,Protect,Surf|Modest||M|||50|]Metagross||Metagrossite|ClearBody|IronHead,PsychicFangs,BulletPunch,Protect|Jolly|||||50|]Grimmsnarl||LightClay|Prankster|SpiritBreak,LightScreen,Reflect,PartingShot|Careful||M|||50|]Mimikyu||LifeOrb|Disguise|PlayRough,ShadowSneak,TrickRoom,ShadowClaw|Adamant||F|||50|]Blaziken||FocusSash|SpeedBoost|CloseCombat,FlareBlitz,RockSlide,Protect|Adamant||F|||50|]Lucario||ChoiceScarf|InnerFocus|AuraSphere,FlashCannon,Protect,VacuumWave|Modest||M|||50|
|inactive|Battle timer is ON: inactive players will automatically lose when time's up. (requested by Peppersalt1)
|c|☆Peppersalt1|g;hf
|inactive|Peppersalt1 has 60 seconds left.
|inactive|dutchilles has 60 seconds left.
|
|t:|1784344846
|teamsize|p1|4
|teamsize|p2|4
|start
|switch|p1a: Incineroar|Incineroar, L50, M|100/100
|switch|p1b: Farigiraf|Farigiraf, L50, F|100/100
|switch|p2a: Metagross|Metagross, L50|100/100
|switch|p2b: Mimikyu|Mimikyu, L50, F|100/100
|-ability|p1a: Incineroar|Intimidate|boost
|-fail|p2a: Metagross|unboost|[from] ability: Clear Body|[of] p2a: Metagross
|-unboost|p2b: Mimikyu|atk|1
|turn|1
|inactive|dutchilles has 30 seconds left.
|inactive|Peppersalt1 has 30 seconds left.
|inactive|dutchilles has 20 seconds left.
|inactive|dutchilles has 15 seconds left.
|
|t:|1784344891
|detailschange|p2a: Metagross|Metagross-Mega, L50
|-mega|p2a: Metagross|Metagross|Metagrossite
|move|p2a: Metagross|Iron Head|p1b: Farigiraf
|-damage|p1b: Farigiraf|53/100
|move|p1b: Farigiraf|Psychic|p2b: Mimikyu
|-activate|p2b: Mimikyu|ability: Disguise
|-damage|p2b: Mimikyu|100/100
|-unboost|p2b: Mimikyu|spd|1
|detailschange|p2b: Mimikyu|Mimikyu-Busted, L50, F
|-damage|p2b: Mimikyu|87/100|[from] pokemon: Mimikyu-Busted
|move|p1a: Incineroar|Flare Blitz|p2a: Metagross
|-supereffective|p2a: Metagross|1
|-damage|p2a: Metagross|19/100
|-damage|p1a: Incineroar|79/100|[from] Recoil
|move|p2b: Mimikyu|Trick Room|p2b: Mimikyu
|-fieldstart|move: Trick Room|[of] p2b: Mimikyu
|
|upkeep
|turn|2
|inactive|dutchilles has 30 seconds left.
|inactive|dutchilles has 20 seconds left.
|inactive|dutchilles has 15 seconds left.
|inactive|dutchilles has 10 seconds left.
|inactive|dutchilles has 5 seconds left.
|
|t:|1784344944
|move|p1b: Farigiraf|Psychic|p2b: Mimikyu
|-damage|p2b: Mimikyu|12/100
|move|p1a: Incineroar|Throat Chop|p2a: Metagross
|-supereffective|p2a: Metagross|1
|-damage|p2a: Metagross|0 fnt
|faint|p2a: Metagross
|move|p2b: Mimikyu|Play Rough|p1b: Farigiraf
|-damage|p1b: Farigiraf|25/100
|-damage|p2b: Mimikyu|3/100|[from] item: Life Orb
|
|upkeep
|
|t:|1784344955
|switch|p2a: Primarina|Primarina, L50, M|100/100
|turn|3
|
|t:|1784344977
|move|p1a: Incineroar|Parting Shot|p2a: Primarina
|-unboost|p2a: Primarina|atk|1
|-unboost|p2a: Primarina|spa|1
|
|t:|1784344980
|switch|p1a: Venusaur|Venusaur, L50, M|100/100|[from] Parting Shot
|move|p1b: Farigiraf|Psychic|p2b: Mimikyu
|-damage|p2b: Mimikyu|0 fnt
|faint|p2b: Mimikyu
|move|p2a: Primarina|Hyper Voice|p1b: Farigiraf|[spread] p1a,p1b
|-resisted|p1a: Venusaur|1
|-damage|p1a: Venusaur|90/100
|-damage|p1b: Farigiraf|4/100
|
|upkeep
|
|t:|1784344989
|switch|p2b: Blaziken|Blaziken, L50, F|100/100
|turn|4
|
|t:|1784344999
|detailschange|p1a: Venusaur|Venusaur-Mega, L50, M
|-mega|p1a: Venusaur|Venusaur|Venusaurite
|move|p2a: Primarina|Protect|p2a: Primarina
|-singleturn|p2a: Primarina|Protect
|move|p2b: Blaziken|Protect|p2b: Blaziken
|-singleturn|p2b: Blaziken|Protect
|move|p1b: Farigiraf|Psychic|p2b: Blaziken
|-activate|p2b: Blaziken|move: Protect
|move|p1a: Venusaur|Earth Power|p2b: Blaziken
|-activate|p2b: Blaziken|move: Protect
|
|-ability|p2b: Blaziken|Speed Boost|boost
|-boost|p2b: Blaziken|spe|1
|upkeep
|turn|5
|inactive|dutchilles has 30 seconds left.
|
|t:|1784345030
|move|p1b: Farigiraf|Psychic|p2b: Blaziken
|-supereffective|p2b: Blaziken|1
|-enditem|p2b: Blaziken|Focus Sash
|-damage|p2b: Blaziken|1/100
|move|p2a: Primarina|Hyper Voice|p1a: Venusaur|[spread] p1a,p1b
|-resisted|p1a: Venusaur|1
|-damage|p1a: Venusaur|81/100
|-damage|p1b: Farigiraf|0 fnt
|faint|p1b: Farigiraf
|move|p1a: Venusaur|Earth Power|p2b: Blaziken
|-supereffective|p2b: Blaziken|1
|-damage|p2b: Blaziken|0 fnt
|faint|p2b: Blaziken
|
|-fieldend|move: Trick Room
|upkeep
|
|t:|1784345040
|switch|p1b: Incineroar|Incineroar, L50, M|79/100
|-ability|p1b: Incineroar|Intimidate|boost
|-unboost|p2a: Primarina|atk|1
|turn|6
|
|t:|1784345052
|move|p1b: Incineroar|Fake Out|p2a: Primarina
|-damage|p2a: Primarina|90/100
|move|p1a: Venusaur|Giga Drain|p2a: Primarina
|-supereffective|p2a: Primarina|1
|-damage|p2a: Primarina|28/100
|-heal|p1a: Venusaur|100/100|[from] drain|[of] p2a: Primarina
|cant|p2a: Primarina|flinch
|
|-heal|p2a: Primarina|34/100|[from] item: Leftovers
|upkeep
|turn|7
|
|t:|1784345064
|move|p1a: Venusaur|Giga Drain|p2a: Primarina
|-supereffective|p2a: Primarina|1
|-damage|p2a: Primarina|0 fnt
|faint|p2a: Primarina
|
|win|Peppersalt1
||Peppersalt1 is ready for game 2.
|inactive|dutchilles has 30 seconds to confirm battle start!
|inactive|dutchilles has 20 seconds to confirm battle start!
|l|☆dutchilles
|player|p2|
|inactive|dutchilles has 10 seconds to confirm battle start!
|uhtml|next|Next: Game 2 of 3
