|j|☆veryreally
|j|☆raikudosenien
|html|veryreallyraikudosenien    
|uhtml|bestof|Game 1 of a best-of-3
|t:|1783343952
|gametype|doubles
|player|p1|veryreally|101|1175
|player|p2|raikudosenien|1|1144
|gen|9
|tier|[Gen 9 Champions] VGC 2026 Reg M-B (Bo3)
|rated|
|rule|Species Clause: Limit one of each Pokémon
|rule|Item Clause: Limit 1 of each item
|clearpoke
|poke|p1|Froslass, L50, F|
|poke|p1|Kingambit, L50, F|
|poke|p1|Garchomp, L50, M|
|poke|p1|Blaziken, L50, M|
|poke|p1|Toxapex, L50, M|
|poke|p1|Charizard, L50, F|
|poke|p2|Grimmsnarl, L50, M|
|poke|p2|Zoroark-Hisui, L50, M|
|poke|p2|Incineroar, L50, F|
|poke|p2|Toxapex, L50, F|
|poke|p2|Tyranitar, L50, M|
|poke|p2|Gengar, L50, M|
|teampreview|4
|showteam|p1|Froslass||Froslassite|CursedBody|Blizzard,ShadowBall,Protect,AuroraVeil|Modest||F|||50|]Kingambit||FocusSash|Defiant|KowtowCleave,SuckerPunch,Protect,IronHead|Adamant||F|||50|]Garchomp||ChoiceScarf|RoughSkin|DragonClaw,PoisonJab,RockSlide,Earthquake|Adamant||M|||50|]Blaziken||PasshoBerry|SpeedBoost|HeatWave,AuraSphere,Detect,SunnyDay|Timid||M|||50|]Toxapex||Leftovers|Regenerator|Infestation,Toxic,BanefulBunker,WideGuard|Bold||M|||50|]Charizard||CharizarditeY|Blaze|HeatWave,WeatherBall,Protect,SolarBeam|Modest||F|||50|
|showteam|p2|Grimmsnarl||BabiriBerry|Prankster|PartingShot,Taunt,SpiritBreak,ThroatChop|Adamant||M|||50|]Zoroark-Hisui||ChoiceScarf|Illusion|Snarl,BitterMalice,Detect,Roar|Timid||M|||50|]Incineroar||SitrusBerry|Intimidate|FakeOut,PartingShot,Protect,DarkestLariat|Careful||F|||50|]Toxapex||Leftovers|Regenerator|BanefulBunker,Recover,Infestation,Toxic|Sassy||F|||50|]Tyranitar||Tyranitarite|SandStream|RockSlide,Crunch,Protect,ThunderPunch|Adamant||M|||50|]Gengar||Gengarite|CursedBody|PerishSong,Protect,Disable,SludgeBomb|Timid||M|||50|
|inactive|Battle timer is ON: inactive players will automatically lose when time's up. (requested by veryreally)
|inactive|veryreally has 60 seconds left.
|
|t:|1783344004
|teamsize|p1|4
|teamsize|p2|4
|start
|switch|p1a: Blaziken|Blaziken, L50, M|100/100
|switch|p1b: Froslass|Froslass, L50, F|100/100
|switch|p2a: Grimmsnarl|Grimmsnarl, L50, M|100/100
|switch|p2b: Gengar|Gengar, L50, M|100/100
|turn|1
|inactive|veryreally has 30 seconds left.
|
|t:|1783344031
|detailschange|p1b: Froslass|Froslass-Mega, L50, F
|-mega|p1b: Froslass|Froslass|Froslassite
|-weather|Snowscape|[from] ability: Snow Warning|[of] p1b: Froslass
|move|p2b: Gengar|Snarl|p1b: Froslass|[spread] p1a,p1b
|-resisted|p1a: Blaziken|1
|-supereffective|p1b: Froslass|1
|-damage|p1a: Blaziken|91/100
|-damage|p1b: Froslass|74/100
|-unboost|p1a: Blaziken|spa|1
|-unboost|p1b: Froslass|spa|1
|move|p1b: Froslass|Shadow Ball|p2b: Gengar
|-immune|p2b: Gengar
|move|p1a: Blaziken|Aura Sphere|p2a: Grimmsnarl
|-damage|p2a: Grimmsnarl|75/100
|move|p2a: Grimmsnarl|Throat Chop|p1b: Froslass
|-supereffective|p1b: Froslass|1
|-damage|p1b: Froslass|0 fnt
|faint|p1b: Froslass
|
|-weather|Snowscape|[upkeep]
|-ability|p1a: Blaziken|Speed Boost|boost
|-boost|p1a: Blaziken|spe|1
|upkeep
|
|t:|1783344042
|switch|p1b: Garchomp|Garchomp, L50, M|100/100
|turn|2
|
|t:|1783344062
|switch|p2b: Gengar|Gengar, L50, M|100/100
|move|p2a: Grimmsnarl|Parting Shot|p1b: Garchomp
|-unboost|p1b: Garchomp|atk|1
|-unboost|p1b: Garchomp|spa|1
|
|t:|1783344069
|switch|p2a: Grimmsnarl|Grimmsnarl, L50, M|100/100|[from] Parting Shot
|move|p1b: Garchomp|Poison Jab|p2a: Grimmsnarl
|-resisted|p2a: Grimmsnarl|1
|-damage|p2a: Grimmsnarl|88/100
|replace|p2a: Zoroark|Zoroark-Hisui, L50, M
|-end|p2a: Zoroark|Illusion
|move|p1a: Blaziken|Heat Wave|p2b: Gengar|[spread] p2a,p2b
|-damage|p2a: Zoroark|60/100
|-damage|p2b: Gengar|73/100
|-status|p2b: Gengar|brn
|
|-weather|Snowscape|[upkeep]
|-damage|p2b: Gengar|67/100 brn|[from] brn
|-ability|p1a: Blaziken|Speed Boost|boost
|-boost|p1a: Blaziken|spe|1
|upkeep
|turn|3
|inactive|raikudosenien has 30 seconds left.
|
|t:|1783344102
|switch|p1b: Kingambit|Kingambit, L50, F|100/100
|detailschange|p2b: Gengar|Gengar-Mega, L50, M
|-mega|p2b: Gengar|Gengar|Gengarite
|move|p1a: Blaziken|Detect|p1a: Blaziken
|-singleturn|p1a: Blaziken|Protect
|move|p2b: Gengar|Protect|p2b: Gengar
|-singleturn|p2b: Gengar|Protect
|move|p2a: Zoroark|Bitter Malice|p1b: Kingambit
|-resisted|p1b: Kingambit|1
|-damage|p1b: Kingambit|81/100
|-unboost|p1b: Kingambit|atk|1
|-ability|p1b: Kingambit|Defiant|boost
|-boost|p1b: Kingambit|atk|2
|
|-weather|Snowscape|[upkeep]
|-damage|p2b: Gengar|61/100 brn|[from] brn
|-ability|p1a: Blaziken|Speed Boost|boost
|-boost|p1a: Blaziken|spe|1
|upkeep
|turn|4
|inactive|raikudosenien has 30 seconds left.
|inactive|veryreally has 30 seconds left.
|
|t:|1783344136
|switch|p2a: Grimmsnarl|Grimmsnarl, L50, M|75/100
|move|p1a: Blaziken|Heat Wave|p2b: Gengar|[spread] p2a,p2b
|-damage|p2a: Grimmsnarl|53/100
|-damage|p2b: Gengar|38/100 brn
|move|p2b: Gengar|Perish Song|p2b: Gengar
|-start|p1a: Blaziken|perish3|[silent]
|-start|p1b: Kingambit|perish3|[silent]
|-start|p2a: Grimmsnarl|perish3|[silent]
|-start|p2b: Gengar|perish3|[silent]
|-fieldactivate|move: Perish Song
|move|p1b: Kingambit|Kowtow Cleave|p2a: Grimmsnarl
|-resisted|p2a: Grimmsnarl|2
|-damage|p2a: Grimmsnarl|28/100
|
|-weather|Snowscape|[upkeep]
|-damage|p2b: Gengar|32/100 brn|[from] brn
|-start|p1a: Blaziken|perish3
|-start|p2b: Gengar|perish3
|-start|p1b: Kingambit|perish3
|-start|p2a: Grimmsnarl|perish3
|-ability|p1a: Blaziken|Speed Boost|boost
|-boost|p1a: Blaziken|spe|1
|upkeep
|turn|5
|inactive|veryreally has 30 seconds left.
|inactive|raikudosenien has 30 seconds left.
|inactive|raikudosenien has 20 seconds left.
|
|t:|1783344174
|switch|p2a: Toxapex|Toxapex, L50, F|100/100
|move|p2b: Gengar|Protect|p2b: Gengar
|-singleturn|p2b: Gengar|Protect
|move|p1a: Blaziken|Heat Wave|p2b: Gengar|[spread] p2a
|-activate|p2b: Gengar|move: Protect
|-resisted|p2a: Toxapex|1
|-damage|p2a: Toxapex|92/100
|move|p1b: Kingambit|Iron Head|p2a: Toxapex
|-resisted|p2a: Toxapex|1
|-damage|p2a: Toxapex|64/100
|
|-weather|none
|-heal|p2a: Toxapex|70/100|[from] item: Leftovers
|-damage|p2b: Gengar|26/100 brn|[from] brn
|-start|p1a: Blaziken|perish2
|-start|p2b: Gengar|perish2
|-start|p1b: Kingambit|perish2
|-ability|p1a: Blaziken|Speed Boost|boost
|-boost|p1a: Blaziken|spe|1
|upkeep
|turn|6
|inactive|raikudosenien has 30 seconds left.
|
|t:|1783344204
|move|p1a: Blaziken|Heat Wave|p2b: Gengar|[spread] p2a,p2b
|-resisted|p2a: Toxapex|1
|-damage|p2a: Toxapex|62/100
|-damage|p2b: Gengar|2/100 brn
|move|p2b: Gengar|Sludge Bomb|p1a: Blaziken
|-damage|p1a: Blaziken|16/100
|move|p1b: Kingambit|Kowtow Cleave|p2a: Toxapex
|-damage|p2a: Toxapex|7/100
|move|p2a: Toxapex|Infestation|p1b: Kingambit
|-damage|p1b: Kingambit|77/100
|-activate|p1b: Kingambit|move: Infestation|[of] p2a: Toxapex
|
|-heal|p2a: Toxapex|12/100|[from] item: Leftovers
|-damage|p2b: Gengar|0 fnt|[from] brn
|faint|p2b: Gengar
|-damage|p1b: Kingambit|64/100|[from] move: Infestation|[partiallytrapped]
|-start|p1a: Blaziken|perish1
|-start|p1b: Kingambit|perish1
|-ability|p1a: Blaziken|Speed Boost|boost
|-boost|p1a: Blaziken|spe|1
|upkeep
|
|t:|1783344228
|switch|p2b: Grimmsnarl|Grimmsnarl, L50, M|60/100
|turn|7
|
|t:|1783344248
|switch|p1a: Garchomp|Garchomp, L50, M|100/100
|-heal|p2a: Toxapex|45/100|[from] ability: Regenerator|[silent]
|switch|p2a: Grimmsnarl|Grimmsnarl, L50, M|28/100
|move|p2b: Grimmsnarl|Bitter Malice|p1a: Garchomp
|-damage|p1a: Garchomp|68/100
|-unboost|p1a: Garchomp|atk|1
|move|p1b: Kingambit|Iron Head|p2b: Grimmsnarl
|-crit|p2b: Grimmsnarl
|-damage|p2b: Grimmsnarl|0 fnt
|replace|p2b: Zoroark|Zoroark-Hisui, L50, M
|-end|p2b: Zoroark|Illusion
|faint|p2b: Zoroark
|
|-end|p1b: Kingambit|Infestation|[partiallytrapped]|[silent]
|-start|p1b: Kingambit|perish0
|upkeep
|faint|p1b: Kingambit
|
|t:|1783344268
|switch|p2b: Toxapex|Toxapex, L50, F|45/100
|switch|p1b: Blaziken|Blaziken, L50, M|16/100
|turn|8
|inactive|raikudosenien has 30 seconds left.
|
|t:|1783344300
|move|p2a: Grimmsnarl|Parting Shot|p1a: Garchomp
|-unboost|p1a: Garchomp|atk|1
|-unboost|p1a: Garchomp|spa|1
|move|p1a: Garchomp|Dragon Claw|p2b: Toxapex
|-damage|p2b: Toxapex|28/100
|move|p1b: Blaziken|Aura Sphere|p2a: Grimmsnarl
|-damage|p2a: Grimmsnarl|0 fnt
|faint|p2a: Grimmsnarl
|move|p2b: Toxapex|Recover|p2b: Toxapex
|-heal|p2b: Toxapex|78/100
|
|-heal|p2b: Toxapex|84/100|[from] item: Leftovers
|-ability|p1b: Blaziken|Speed Boost|boost
|-boost|p1b: Blaziken|spe|1
|upkeep
|turn|9
|
|t:|1783344322
|move|p2b: Toxapex|Baneful Bunker|p2b: Toxapex
|-singleturn|p2b: Toxapex|move: Protect
|move|p1a: Garchomp|Dragon Claw|p2b: Toxapex
|-activate|p2b: Toxapex|move: Protect
|-status|p1a: Garchomp|psn
|move|p1b: Blaziken|Sunny Day|p1b: Blaziken
|-weather|SunnyDay
|
|-weather|SunnyDay|[upkeep]
|-heal|p2b: Toxapex|90/100|[from] item: Leftovers
|-damage|p1a: Garchomp|56/100 psn|[from] psn
|-ability|p1b: Blaziken|Speed Boost|boost
|-boost|p1b: Blaziken|spe|1
|upkeep
|turn|10
|
|t:|1783344336
|move|p1b: Blaziken|Heat Wave|p2b: Toxapex
|-resisted|p2b: Toxapex|1
|-crit|p2b: Toxapex
|-damage|p2b: Toxapex|59/100
|move|p1a: Garchomp|Dragon Claw|p2b: Toxapex
|-damage|p2b: Toxapex|43/100
|move|p2b: Toxapex|Infestation|p1b: Blaziken
|-resisted|p1b: Blaziken|2
|-crit|p1b: Blaziken
|-damage|p1b: Blaziken|14/100
|-activate|p1b: Blaziken|move: Infestation|[of] p2b: Toxapex
|
|-weather|SunnyDay|[upkeep]
|-heal|p2b: Toxapex|49/100|[from] item: Leftovers
|-damage|p1a: Garchomp|44/100 psn|[from] psn
|-damage|p1b: Blaziken|2/100|[from] move: Infestation|[partiallytrapped]
|-ability|p1b: Blaziken|Speed Boost|boost
|-boost|p1b: Blaziken|spe|1
|upkeep
|turn|11
|
|t:|1783344353
|move|p2b: Toxapex|Baneful Bunker|p2b: Toxapex
|-singleturn|p2b: Toxapex|move: Protect
|move|p1b: Blaziken|Heat Wave|p2b: Toxapex
|-activate|p2b: Toxapex|move: Protect
|move|p1a: Garchomp|Dragon Claw|p2b: Toxapex
|-activate|p2b: Toxapex|move: Protect
|
|-weather|SunnyDay|[upkeep]
|-heal|p2b: Toxapex|54/100|[from] item: Leftovers
|-damage|p1a: Garchomp|31/100 psn|[from] psn
|-damage|p1b: Blaziken|0 fnt|[from] move: Infestation|[partiallytrapped]
|faint|p1b: Blaziken
|upkeep
|turn|12
|l|☆veryreally
|inactive|veryreally disconnected and has a minute to reconnect!
|player|p1|
|inactive|veryreally has 30 seconds left.
|inactive|veryreally has 20 seconds left.
|inactive|veryreally has 15 seconds left.
|inactive|veryreally has 10 seconds left.
|inactive|veryreally has 5 seconds left.
|-message|veryreally lost due to inactivity.
|
|win|raikudosenien
