|j|☆teyvgc
|j|☆Naya314
|html|teyvgcNaya314    
|uhtml|bestof|Game 1 of a best-of-3
|t:|1783201408
|gametype|doubles
|player|p1|teyvgc|1|1207
|player|p2|Naya314|candice|1303
|gen|9
|tier|[Gen 9 Champions] VGC 2026 Reg M-B (Bo3)
|rated|
|rule|Species Clause: Limit one of each Pokémon
|rule|Item Clause: Limit 1 of each item
|clearpoke
|poke|p1|Excadrill, L50, M|
|poke|p1|Tyranitar, L50, M|
|poke|p1|Staraptor, L50, M|
|poke|p1|Sinistcha, L50|
|poke|p1|Milotic, L50, F|
|poke|p1|Gholdengo, L50|
|poke|p2|Scizor, L50, F|
|poke|p2|Charizard, L50, F|
|poke|p2|Garchomp, L50, F|
|poke|p2|Basculegion, L50, M|
|poke|p2|Whimsicott, L50, F|
|poke|p2|Floette-Eternal, L50, F|
|teampreview|4
|showteam|p1|Excadrill||FocusSash|SandRush|Earthquake,IronHead,RockSlide,Protect|Adamant||M|||50|]Tyranitar||Tyranitarite|SandStream|RockSlide,KnockOff,DragonDance,Protect|Adamant||M|||50|]Staraptor||Staraptite|Intimidate|BraveBird,CloseCombat,Tailwind,Protect|Jolly||M|||50|]Sinistcha||SitrusBerry|Hospitality|MatchaGotcha,RagePowder,LifeDew,TrickRoom|Calm|||||50|]Milotic||Leftovers|Competitive|Scald,IceBeam,Recover,Protect|Modest||F|||50|]Gholdengo||LifeOrb|GoodasGold|MakeItRain,ShadowBall,NastyPlot,Protect|Modest|||||50|
|showteam|p2|Scizor||ExpertBelt|Technician|BugBite,BulletPunch,CloseCombat,Protect|Adamant||F|||50|]Charizard||CharizarditeY|Blaze|HeatWave,SolarBeam,WeatherBall,Protect|Modest||F|||50|]Garchomp||LifeOrb|RoughSkin|Earthquake,DragonClaw,RockSlide,Protect|Jolly||F|||50|]Basculegion||ChoiceScarf|Adaptability|LastRespects,WaveCrash,AquaJet,FlipTurn|Adamant||M|||50|]Whimsicott||FocusSash|Prankster|Moonblast,Tailwind,Encore,Protect|Timid||F|||50|]Floette-Eternal||Floettite|FlowerVeil|DazzlingGleam,EnergyBall,Moonblast,Protect|Modest||F|||50|
|inactive|Battle timer is ON: inactive players will automatically lose when time's up. (requested by Naya314)
|inactive|Naya314 has 60 seconds left.
|
|t:|1783201467
|teamsize|p1|4
|teamsize|p2|4
|start
|switch|p1a: Staraptor|Staraptor, L50, M|100/100
|switch|p1b: Gholdengo|Gholdengo, L50|100/100
|switch|p2a: Whimsicott|Whimsicott, L50, F|100/100
|switch|p2b: Floette|Floette-Eternal, L50, F|100/100
|-ability|p1a: Staraptor|Intimidate|boost
|-block|p2a: Whimsicott|ability: Flower Veil|[of] p2b: Floette
|-unboost|p2b: Floette|atk|1
|turn|1
|
|t:|1783201490
|switch|p2b: Garchomp|Garchomp, L50, F|100/100
|move|p2a: Whimsicott|Tailwind|p2a: Whimsicott
|-sidestart|p2: Naya314|move: Tailwind
|move|p1a: Staraptor|Tailwind|p1a: Staraptor
|-sidestart|p1: teyvgc|move: Tailwind
|move|p1b: Gholdengo|Nasty Plot|p1b: Gholdengo
|-boost|p1b: Gholdengo|spa|2
|
|upkeep
|turn|2
|
|t:|1783201514
|switch|p1a: Tyranitar|Tyranitar, L50, M|100/100
|-weather|Sandstorm|[from] ability: Sand Stream|[of] p1a: Tyranitar
|move|p1b: Gholdengo|Protect|p1b: Gholdengo
|-singleturn|p1b: Gholdengo|Protect
|move|p2a: Whimsicott|Moonblast|p1a: Tyranitar
|-supereffective|p1a: Tyranitar|1
|-damage|p1a: Tyranitar|58/100
|move|p2b: Garchomp|Earthquake|p1b: Gholdengo|[spread] p2a,p1a
|-activate|p1b: Gholdengo|move: Protect
|-resisted|p2a: Whimsicott|1
|-supereffective|p1a: Tyranitar|1
|-damage|p2a: Whimsicott|62/100
|-damage|p1a: Tyranitar|0 fnt
|faint|p1a: Tyranitar
|-damage|p2b: Garchomp|90/100|[from] item: Life Orb
|
|-weather|Sandstorm|[upkeep]
|-damage|p2a: Whimsicott|56/100|[from] Sandstorm
|upkeep
|
|t:|1783201518
|switch|p1a: Staraptor|Staraptor, L50, M|100/100
|-ability|p1a: Staraptor|Intimidate|boost
|-unboost|p2a: Whimsicott|atk|1
|-unboost|p2b: Garchomp|atk|1
|turn|3
|
|t:|1783201541
|detailschange|p1a: Staraptor|Staraptor-Mega, L50, M
|-mega|p1a: Staraptor|Staraptor|Staraptite
|move|p2a: Whimsicott|Moonblast|p1a: Staraptor
|-supereffective|p1a: Staraptor|1
|-damage|p1a: Staraptor|33/100
|move|p1a: Staraptor|Close Combat|p2b: Garchomp
|-damage|p2b: Garchomp|32/100
|-boost|p1a: Staraptor|def|1
|-boost|p1a: Staraptor|spd|1
|-damage|p1a: Staraptor|20/100y|[from] ability: Rough Skin|[of] p2b: Garchomp
|move|p2b: Garchomp|Earthquake|p1b: Gholdengo|[spread] p2a,p1b
|-immune|p1a: Staraptor
|-resisted|p2a: Whimsicott|1
|-supereffective|p1b: Gholdengo|1
|-damage|p2a: Whimsicott|32/100
|-damage|p1b: Gholdengo|22/100
|-damage|p2b: Garchomp|23/100|[from] item: Life Orb
|move|p1b: Gholdengo|Make It Rain|p2b: Garchomp|[spread] p2a,p2b
|-supereffective|p2a: Whimsicott|1
|-damage|p2a: Whimsicott|0 fnt
|-damage|p2b: Garchomp|0 fnt
|-unboost|p1b: Gholdengo|spa|2
|faint|p2a: Whimsicott
|faint|p2b: Garchomp
|-damage|p1b: Gholdengo|12/100|[from] item: Life Orb
|
|-weather|Sandstorm|[upkeep]
|-damage|p1a: Staraptor|14/100|[from] Sandstorm
|upkeep
|
|t:|1783201565
|switch|p2a: Basculegion|Basculegion, L50, M|100/100
|switch|p2b: Floette|Floette-Eternal, L50, F|100/100
|turn|4
|inactive|teyvgc has 30 seconds left.
|
|t:|1783201597
|detailschange|p2b: Floette|Floette-Mega, L50, F
|-mega|p2b: Floette|Floette|Floettite
|-ability|p2b: Floette|Fairy Aura
|move|p2a: Basculegion|Last Respects|p1a: Staraptor
|-damage|p1a: Staraptor|0 fnt
|faint|p1a: Staraptor
|move|p2b: Floette|Moonblast|p1b: Gholdengo
|-resisted|p1b: Gholdengo|1
|-damage|p1b: Gholdengo|0 fnt
|faint|p1b: Gholdengo
|
|-weather|Sandstorm|[upkeep]
|-damage|p2a: Basculegion|93/100|[from] Sandstorm
|-damage|p2b: Floette|93/100|[from] Sandstorm
|-sideend|p1: teyvgc|move: Tailwind
|-sideend|p2: Naya314|move: Tailwind
|upkeep
|
|t:|1783201607
|switch|p1b: Excadrill|Excadrill, L50, M|100/100
|turn|5
|
|t:|1783201620
|move|p1b: Excadrill|Earthquake|p2b: Floette|[spread] p2a,p2b
|-damage|p2a: Basculegion|39/100
|-damage|p2b: Floette|39/100
|move|p2a: Basculegion|Last Respects|p1b: Excadrill
|-enditem|p1b: Excadrill|Focus Sash
|-damage|p1b: Excadrill|1/100
|move|p2b: Floette|Energy Ball|p1b: Excadrill
|-damage|p1b: Excadrill|0 fnt
|faint|p1b: Excadrill
|
|win|Naya314
