|j|☆dont make me walk
|j|☆Llama_Llord
|html|dont make me walkLlama_Llord    
|uhtml|bestof|Game 2 of a best-of-3
|t:|1756108289
|gametype|doubles
|player|p1|dont make me walk|red-masters3|1264
|player|p2|Llama_Llord|170|1193
|gen|9
|tier|[Gen 9] VGC 2025 Reg H (Bo3)
|rated|
|rule|Species Clause: Limit one of each Pokémon
|rule|Item Clause: Limit 1 of each item
|clearpoke
|poke|p1|Murkrow, L50, F|
|poke|p1|Ursaluna-Bloodmoon, L50, M|
|poke|p1|Gholdengo, L50|
|poke|p1|Farigiraf, L50, F|
|poke|p1|Incineroar, L50, F|
|poke|p1|Basculegion, L50, M|
|poke|p2|Meowscarada, L50, F|
|poke|p2|Primarina, L50, F|
|poke|p2|Indeedee, L50, M|
|poke|p2|Sneasler, L50, M|
|poke|p2|Gholdengo, L50|
|poke|p2|Tatsugiri, L50, M|
|teampreview|4
|showteam|p1|Murkrow||Eviolite|Prankster|Tailwind,FoulPlay,Haze,RainDance|||F|||50|,,,,,Ghost]Ursaluna-Bloodmoon||LifeOrb|MindsEye|Protect,EarthPower,HyperVoice,BloodMoon|||M|||50|,,,,,Normal]Gholdengo||ChoiceSpecs|GoodasGold|MakeItRain,ShadowBall,Thunderbolt,Trick||||||50|,,,,,Steel]Farigiraf||SafetyGoggles|ArmorTail|TrickRoom,Imprison,TeraBlast,Psychic|||F|||50|,,,,,Fighting]Incineroar||AssaultVest|Intimidate|FakeOut,KnockOff,FlareBlitz,Uturn|||F|||50|,,,,,Grass]Basculegion||ChoiceScarf|Adaptability|WaveCrash,LastRespects,FlipTurn,AquaJet|||M|||50|,,,,,Water
|showteam|p2|Meowscarada||FocusSash|Overgrow|GrassPledge,KnockOff,FlowerTrick,Protect|||F|||50|,,,,,Fairy]Primarina||LifeOrb|LiquidVoice|WaterPledge,HyperVoice,Moonblast,Protect|||F|||50|,,,,,Steel]Indeedee||SafetyGoggles|PsychicSurge|ExpandingForce,Protect,TrickRoom,Imprison|||M|||50|,,,,,Fire]Sneasler||PsychicSeed|Unburden|DireClaw,CloseCombat,ThroatChop,Protect|||M|||50|,,,,,Stellar]Gholdengo||MetalCoat|GoodasGold|MakeItRain,ShadowBall,NastyPlot,Protect||||||50|,,,,,Water]Tatsugiri||AssaultVest|StormDrain|DracoMeteor,IcyWind,TeraBlast,Surf|||M|||50|,,,,,Ground
|inactive|Battle timer is ON: inactive players will automatically lose when time's up. (requested by dont make me walk)
|inactive|Llama_Llord also wants the timer to be on.
|
|t:|1756108313
|teamsize|p1|4
|teamsize|p2|4
|start
|switch|p1a: Murkrow|Murkrow, L50, F, shiny|100/100
|switch|p1b: Gholdengo|Gholdengo, L50|100/100
|switch|p2a: Indeedee|Indeedee, L50, M|100/100
|switch|p2b: Sneasler|Sneasler, L50, M|100/100
|-fieldstart|move: Psychic Terrain|[from] ability: Psychic Surge|[of] p2a: Indeedee
|-enditem|p2b: Sneasler|Psychic Seed
|-boost|p2b: Sneasler|spd|1|[from] item: Psychic Seed
|turn|1
|
|t:|1756108335
|move|p1a: Murkrow|Tailwind|p1a: Murkrow
|-sidestart|p1: dont make me walk|move: Tailwind
|move|p2b: Sneasler|Dire Claw|p1a: Murkrow
|-damage|p1a: Murkrow|50/100
|-status|p1a: Murkrow|par
|move|p1b: Gholdengo|Make It Rain|p2b: Sneasler|[spread] p2a,p2b
|-damage|p2a: Indeedee|2/100
|-damage|p2b: Sneasler|30/100
|-unboost|p1b: Gholdengo|spa|1
|move|p2a: Indeedee|Trick Room|p2a: Indeedee
|-fieldstart|move: Trick Room|[of] p2a: Indeedee
|
|upkeep
|turn|2
|inactive|Llama_Llord has 30 seconds left.
|
|t:|1756108372
|switch|p2a: Tatsugiri|Tatsugiri, L50, M|100/100
|cant|p1a: Murkrow|par
|move|p1b: Gholdengo|Make It Rain|p2b: Sneasler|[spread] p2a,p2b
|-resisted|p2a: Tatsugiri
|-damage|p2a: Tatsugiri|80/100
|-damage|p2b: Sneasler|0 fnt
|-unboost|p1b: Gholdengo|spa|1
|faint|p2b: Sneasler
|
|upkeep
|
|t:|1756108380
|switch|p2b: Indeedee|Indeedee, L50, M|2/100
|turn|3
|inactive|dont make me walk has 30 seconds left.
|
|t:|1756108414
|move|p2b: Indeedee|Protect|p2b: Indeedee
|-singleturn|p2b: Indeedee|Protect
|move|p1a: Murkrow|Foul Play|p2b: Indeedee
|-activate|p2b: Indeedee|move: Protect
|move|p2a: Tatsugiri|Surf|p1b: Gholdengo|[spread] p1a,p1b
|-activate|p2b: Indeedee|move: Protect
|-damage|p1a: Murkrow|6/100 par
|-damage|p1b: Gholdengo|58/100
|move|p1b: Gholdengo|Make It Rain|p2a: Tatsugiri|[spread] p2a
|-activate|p2b: Indeedee|move: Protect
|-resisted|p2a: Tatsugiri
|-damage|p2a: Tatsugiri|64/100
|-unboost|p1b: Gholdengo|spa|1
|
|upkeep
|turn|4
|inactive|Llama_Llord has 30 seconds left.
|
|t:|1756108448
|-terastallize|p2a: Tatsugiri|Ground
|move|p2b: Indeedee|Protect||[still]
|-fail|p2b: Indeedee
|move|p1a: Murkrow|Haze|p1a: Murkrow
|-clearallboost
|move|p2a: Tatsugiri|Tera Blast|p1b: Gholdengo|[anim] Tera Blast Ground
|-supereffective|p1b: Gholdengo
|-damage|p1b: Gholdengo|0 fnt
|faint|p1b: Gholdengo
|
|-sideend|p1: dont make me walk|move: Tailwind
|upkeep
|
|t:|1756108456
|switch|p1b: Incineroar|Incineroar, L50, F, shiny|100/100
|-ability|p1b: Incineroar|Intimidate|boost
|-unboost|p2a: Tatsugiri|atk|1
|-unboost|p2b: Indeedee|atk|1
|turn|5
|
|t:|1756108466
|move|p2b: Indeedee|Protect|p2b: Indeedee
|-singleturn|p2b: Indeedee|Protect
|cant|p1a: Murkrow|par
|move|p1b: Incineroar|Knock Off|p2a: Tatsugiri
|-damage|p2a: Tatsugiri|0 fnt
|-enditem|p2a: Tatsugiri|Assault Vest|[from] move: Knock Off|[of] p1b: Incineroar
|faint|p2a: Tatsugiri
|
|-fieldend|move: Trick Room
|-fieldend|move: Psychic Terrain
|upkeep
|
|t:|1756108472
|switch|p2a: Puss in Boots|Meowscarada, L50, F|100/100
|turn|6
|
|t:|1756108482
|move|p1a: Murkrow|Tailwind|p1a: Murkrow
|-sidestart|p1: dont make me walk|move: Tailwind
|move|p1b: Incineroar|Knock Off|p2a: Puss in Boots
|-resisted|p2a: Puss in Boots
|-damage|p2a: Puss in Boots|61/100
|-enditem|p2a: Puss in Boots|Focus Sash|[from] move: Knock Off|[of] p1b: Incineroar
|move|p2a: Puss in Boots|Flower Trick|p1b: Incineroar
|-resisted|p1b: Incineroar
|-crit|p1b: Incineroar
|-damage|p1b: Incineroar|75/100
|move|p2b: Indeedee|Imprison|p2b: Indeedee
|-start|p2b: Indeedee|move: Imprison
|
|upkeep
|turn|7
|-message|Llama_Llord forfeited.
|
|win|dont make me walk
|raw|dont make me walk's rating: 1264 → 1284(+20 for winning)
|raw|Llama_Llord's rating: 1193 → 1173(-20 for losing)
|l|☆Llama_Llord
|player|p2|
