|j|☆rodjilius
|j|☆wweewwzz
|html|rodjiliuswweewwzz    
|uhtml|bestof|Game 1 of a best-of-3
|t:|1756411130
|gametype|doubles
|player|p1|rodjilius|unknown|1394
|player|p2|wweewwzz|pokekid|1374
|gen|9
|tier|[Gen 9] VGC 2025 Reg H (Bo3)
|rated|
|rule|Species Clause: Limit one of each Pokémon
|rule|Item Clause: Limit 1 of each item
|clearpoke
|poke|p1|Dragapult, L50, F|
|poke|p1|Sneasler, L50, M|
|poke|p1|Indeedee, L50, M|
|poke|p1|Incineroar, L50, M|
|poke|p1|Typhlosion-Hisui, L50, F|
|poke|p1|Whimsicott, L50, F|
|poke|p2|Gholdengo, L50|
|poke|p2|Incineroar, L50, F|
|poke|p2|Ursaluna, L50, M|
|poke|p2|Sinistcha, L50|
|poke|p2|Sneasler, L50, M|
|poke|p2|Dragonite, L50, F|
|teampreview|4
|showteam|p1|Dragapult||ChoiceBand|ClearBody|DragonDarts,PhantomForce,Uturn,Outrage|||F|||50|,,,,,Dragon]Sneasler||PsychicSeed|Unburden|DireClaw,CloseCombat,Protect,ThroatChop|||M|||50|,,,,,Dark]Indeedee||FocusSash|PsychicSurge|ExpandingForce,Imprison,TeraBlast,TrickRoom|||M|||50|,,,,,Fighting]Incineroar||SafetyGoggles|Intimidate|FakeOut,FlareBlitz,KnockOff,PartingShot|||M|||50|,,,,,Bug]Typhlosion-Hisui||ChoiceSpecs|Blaze|Eruption,HeatWave,ShadowBall,Overheat|||F|||50|,,,,,Fire]Whimsicott||CovertCloak|Prankster|Moonblast,Protect,Tailwind,SunnyDay|||F|||50|,,,,,Steel
|showteam|p2|Gholdengo||LifeOrb|GoodasGold|MakeItRain,ShadowBall,NastyPlot,Protect||||||50|,,,,,Water]Incineroar||AssaultVest|Intimidate|FakeOut,Uturn,KnockOff,FlareBlitz|||F|||50|,,,,,Ghost]Ursaluna||FlameOrb|Guts|Earthquake,Facade,HeadlongRush,Protect|||M|||50|,,,,,Ghost]Sinistcha||SitrusBerry|Hospitality|MatchaGotcha,LifeDew,RagePowder,TrickRoom||||||50|,,,,,Dark]Sneasler||FocusSash|PoisonTouch|DireClaw,CloseCombat,Coaching,Protect|||M|||50|,,,,,Flying]Dragonite||LoadedDice|Multiscale|ScaleShot,Haze,Tailwind,Protect|||F|||50|,,,,,Fairy
|inactive|Battle timer is ON: inactive players will automatically lose when time's up. (requested by wweewwzz)
|inactive|rodjilius also wants the timer to be on.
|inactive|rodjilius has 60 seconds left.
|inactive|wweewwzz has 60 seconds left.
|
|t:|1756411181
|teamsize|p1|4
|teamsize|p2|4
|start
|switch|p1a: Dragapult|Dragapult, L50, F|100/100
|switch|p1b: Incineroar|Incineroar, L50, M|100/100
|switch|p2a: Incineroar|Incineroar, L50, F|100/100
|switch|p2b: Gholdengo|Gholdengo, L50, shiny|100/100
|-ability|p1b: Incineroar|Intimidate|boost
|-unboost|p2a: Incineroar|atk|1
|-unboost|p2b: Gholdengo|atk|1
|-ability|p2a: Incineroar|Intimidate|boost
|-fail|p1a: Dragapult|unboost|[from] ability: Clear Body|[of] p1a: Dragapult
|-unboost|p1b: Incineroar|atk|1
|turn|1
|
|t:|1756411204
|move|p1b: Incineroar|Fake Out|p2a: Incineroar
|-damage|p2a: Incineroar|93/100
|move|p1a: Dragapult|U-turn|p2a: Incineroar
|-damage|p2a: Incineroar|64/100
|
|t:|1756411210
|switch|p1a: Whimsicott|Whimsicott, L50, F|100/100|[from] U-turn
|move|p2b: Gholdengo|Nasty Plot|p2b: Gholdengo
|-boost|p2b: Gholdengo|spa|2
|cant|p2a: Incineroar|flinch
|
|upkeep
|turn|2
|
|t:|1756411226
|move|p1a: Whimsicott|Protect|p1a: Whimsicott
|-singleturn|p1a: Whimsicott|Protect
|move|p2b: Gholdengo|Protect|p2b: Gholdengo
|-singleturn|p2b: Gholdengo|Protect
|move|p1b: Incineroar|Parting Shot|p2a: Incineroar
|-unboost|p2a: Incineroar|atk|1
|-unboost|p2a: Incineroar|spa|1
|
|t:|1756411237
|switch|p1b: Dragapult|Dragapult, L50, F|100/100|[from] Parting Shot
|move|p2a: Incineroar|U-turn|p1b: Dragapult
|-resisted|p1b: Dragapult
|-damage|p1b: Dragapult|94/100
|
|t:|1756411240
|switch|p2a: Dragonite|Dragonite, L50, F, shiny|100/100|[from] U-turn
|
|upkeep
|turn|3
|inactive|rodjilius has 30 seconds left.
|inactive|rodjilius has 20 seconds left.
|inactive|rodjilius has 15 seconds left.
|
|t:|1756411284
|-terastallize|p1a: Whimsicott|Steel
|move|p1b: Dragapult|Phantom Force||[still]
|-prepare|p1b: Dragapult|Phantom Force
|move|p1a: Whimsicott|Moonblast|p2a: Dragonite
|-supereffective|p2a: Dragonite
|-damage|p2a: Dragonite|61/100
|-unboost|p2a: Dragonite|spa|1
|move|p2b: Gholdengo|Make It Rain|p1b: Dragapult|[spread] p1a
|-miss|p2b: Gholdengo|p1b: Dragapult
|-resisted|p1a: Whimsicott
|-damage|p1a: Whimsicott|15/100
|-unboost|p2b: Gholdengo|spa|1
|-damage|p2b: Gholdengo|91/100|[from] item: Life Orb
|move|p2a: Dragonite|Tailwind|p2a: Dragonite
|-sidestart|p2: wweewwzz|move: Tailwind
|
|upkeep
|turn|4
|inactive|rodjilius has 30 seconds left.
|inactive|rodjilius has 20 seconds left.
|
|t:|1756411323
|switch|p2b: Incineroar|Incineroar, L50, F|64/100
|-ability|p2b: Incineroar|Intimidate|boost
|-unboost|p1a: Whimsicott|atk|1
|-fail|p1b: Dragapult|unboost|[from] ability: Clear Body|[of] p1b: Dragapult
|move|p1a: Whimsicott|Protect|p1a: Whimsicott
|-singleturn|p1a: Whimsicott|Protect
|move|p2a: Dragonite|Scale Shot|p1a: Whimsicott
|-activate|p1a: Whimsicott|move: Protect
|move|p1b: Dragapult|Phantom Force|p2b: Incineroar|[from] lockedmove
|-resisted|p2b: Incineroar
|-damage|p2b: Incineroar|32/100
|
|upkeep
|turn|5
|
|t:|1756411343
|move|p1a: Whimsicott|Tailwind|p1a: Whimsicott
|-sidestart|p1: rodjilius|move: Tailwind
|move|p1b: Dragapult|Phantom Force||[still]
|-prepare|p1b: Dragapult|Phantom Force
|move|p2a: Dragonite|Scale Shot|p1a: Whimsicott
|-resisted|p1a: Whimsicott
|-damage|p1a: Whimsicott|6/100
|-resisted|p1a: Whimsicott
|-damage|p1a: Whimsicott|0 fnt
|faint|p1a: Whimsicott
|-hitcount|p1: Whimsicott|2
|-unboost|p2a: Dragonite|def|1
|-boost|p2a: Dragonite|spe|1
|move|p2b: Incineroar|Knock Off|p1b: Dragapult|[miss]
|-miss|p2b: Incineroar|p1b: Dragapult
|
|upkeep
|inactive|rodjilius has 30 seconds left.
|inactive|rodjilius has 20 seconds left.
|
|t:|1756411379
|switch|p1a: Incineroar|Incineroar, L50, M|100/100
|-ability|p1a: Incineroar|Intimidate|boost
|-unboost|p2a: Dragonite|atk|1
|-unboost|p2b: Incineroar|atk|1
|turn|6
|
|t:|1756411395
|-terastallize|p2b: Incineroar|Ghost
|move|p1a: Incineroar|Fake Out|p2a: Dragonite
|-damage|p2a: Dragonite|43/100
|move|p1b: Dragapult|Phantom Force|p2b: Incineroar|[from] lockedmove
|-supereffective|p2b: Incineroar
|-damage|p2b: Incineroar|0 fnt
|faint|p2b: Incineroar
|cant|p2a: Dragonite|flinch
|
|-sideend|p2: wweewwzz|move: Tailwind
|upkeep
|
|t:|1756411402
|switch|p2b: Sneasler|Sneasler, L50, M, shiny|100/100
|turn|7
|
|t:|1756411414
|move|p1b: Dragapult|Phantom Force||[still]
|-prepare|p1b: Dragapult|Phantom Force
|move|p1a: Incineroar|Flare Blitz|p2b: Sneasler
|-damage|p2b: Sneasler|21/100
|-damage|p1a: Incineroar|80/100|[from] Recoil
|move|p2a: Dragonite|Tailwind|p2a: Dragonite
|-sidestart|p2: wweewwzz|move: Tailwind
|move|p2b: Sneasler|Close Combat|p1a: Incineroar
|-supereffective|p1a: Incineroar
|-damage|p1a: Incineroar|0 fnt
|-unboost|p2b: Sneasler|def|1
|-unboost|p2b: Sneasler|spd|1
|faint|p1a: Incineroar
|
|upkeep
|
|t:|1756411429
|switch|p1a: Typhlosion|Typhlosion-Hisui, L50, F|100/100
|turn|8
|
|t:|1756411442
|move|p1b: Dragapult|Phantom Force|p2a: Dragonite|[from] lockedmove
|-damage|p2a: Dragonite|0 fnt
|faint|p2a: Dragonite
|move|p2b: Sneasler|Dire Claw|p1a: Typhlosion
|-resisted|p1a: Typhlosion
|-damage|p1a: Typhlosion|71/100
|-status|p1a: Typhlosion|psn
|move|p1a: Typhlosion|Shadow Ball|p2b: Sneasler
|-damage|p2b: Sneasler|0 fnt
|faint|p2b: Sneasler
|
|-damage|p1a: Typhlosion|59/100 psn|[from] psn
|-sideend|p1: rodjilius|move: Tailwind
|upkeep
|
|t:|1756411445
|switch|p2b: Gholdengo|Gholdengo, L50, shiny|91/100
|turn|9
|
|t:|1756411467
|move|p2b: Gholdengo|Shadow Ball|p1b: Dragapult
|-supereffective|p1b: Dragapult
|-damage|p1b: Dragapult|0 fnt
|faint|p1b: Dragapult
|-damage|p2b: Gholdengo|82/100|[from] item: Life Orb
|move|p1a: Typhlosion|Shadow Ball|p2b: Gholdengo
|-supereffective|p2b: Gholdengo
|-damage|p2b: Gholdengo|0 fnt
|faint|p2b: Gholdengo
|
|win|rodjilius
||rodjilius is ready for game 2.
||wweewwzz is ready for game 2.
|uhtml|next|Next: Game 2 of 3
