|j|☆SmogonSupervillain
|j|☆MtDrumr
|html|SmogonSupervillainMtDrumr    
|uhtml|bestof|Game 1 of a best-of-3
|t:|1756345278
|gametype|doubles
|player|p1|SmogonSupervillain|170|1017
|player|p2|MtDrumr|169|1071
|gen|9
|tier|[Gen 9] VGC 2025 Reg H (Bo3)
|rated|
|rule|Species Clause: Limit one of each Pokémon
|rule|Item Clause: Limit 1 of each item
|clearpoke
|poke|p1|Gholdengo, L50|
|poke|p1|Archaludon, L50, M|
|poke|p1|Pelipper, L50, M|
|poke|p1|Annihilape, L50, M|
|poke|p1|Maushold, L50|
|poke|p1|Basculegion, L50, M|
|poke|p2|Armarouge, L50, M|
|poke|p2|Indeedee-F, L50, F|
|poke|p2|Torkoal, L50, M|
|poke|p2|Ursaluna, L50, F|
|poke|p2|Amoonguss, L50, M|
|poke|p2|Dusclops, L50, M|
|teampreview|4
|showteam|p1|Gholdengo||LifeOrb|GoodasGold|Protect,NastyPlot,MakeItRain,ShadowBall||||||50|,,,,,Water]Archaludon||AssaultVest|Stamina|BodyPress,ElectroShot,FlashCannon,DracoMeteor|||M|||50|,,,,,Fighting]Pelipper||FocusSash|Drizzle|Tailwind,Hurricane,WeatherBall,Protect|||M|||50|,,,,,Grass]Annihilape||SafetyGoggles|Defiant|RageFist,BulkUp,CloseCombat,Protect|||M|||50|,,,,,Fairy]Maushold||WideLens|FriendGuard|BeatUp,FollowMe,Protect,Taunt||||||50|,,,,,Normal]Basculegion||ChoiceBand|SwiftSwim|WaveCrash,AquaJet,LastRespects,FlipTurn|||M|||50|,,,,,Grass
|showteam|p2|Armarouge||LifeOrb|FlashFire|TrickRoom,AuraSphere,WideGuard,ExpandingForce|||M|||50|,,,,,Grass]Indeedee-F||PsychicSeed|PsychicSurge|Psychic,FollowMe,TrickRoom,HelpingHand|||F|||50|,,,,,Grass]Torkoal||ChoiceSpecs|Drought|Eruption,WeatherBall,HeatWave,SleepTalk|||M|||50|,,,,,Fire]Ursaluna||FlameOrb|Guts|Protect,Facade,Earthquake,ShadowClaw|||F|||50|,,,,,Ghost]Amoonguss||SitrusBerry|Regenerator|Protect,RagePowder,PollenPuff,Spore|||M|||50|,,,,,Grass]Dusclops||Eviolite|Frisk|SkillSwap,PainSplit,TrickRoom,WillOWisp|||M|||50|,,,,,Dark
|
|t:|1756345330
|teamsize|p1|4
|teamsize|p2|4
|start
|switch|p1a: Pelipper|Pelipper, L50, M|100/100
|switch|p1b: Basculegion|Basculegion, L50, M, shiny|100/100
|switch|p2a: Indeedee|Indeedee-F, L50, F|100/100
|switch|p2b: Armarouge|Armarouge, L50, M|100/100
|-weather|RainDance|[from] ability: Drizzle|[of] p1a: Pelipper
|-fieldstart|move: Psychic Terrain|[from] ability: Psychic Surge|[of] p2a: Indeedee
|-enditem|p2a: Indeedee|Psychic Seed
|-boost|p2a: Indeedee|spd|1|[from] item: Psychic Seed
|turn|1
|
|t:|1756345347
|-terastallize|p2a: Indeedee|Grass
|move|p2a: Indeedee|Follow Me|p2a: Indeedee
|-singleturn|p2a: Indeedee|move: Follow Me
|move|p1b: Basculegion|Flip Turn|p2a: Indeedee
|-resisted|p2a: Indeedee
|-damage|p2a: Indeedee|67/100
|
|t:|1756345356
|switch|p1b: Gholdengo|Gholdengo, L50|100/100|[from] Flip Turn
|move|p1a: Pelipper|Hurricane|p2a: Indeedee
|-supereffective|p2a: Indeedee
|-damage|p2a: Indeedee|8/100
|move|p2b: Armarouge|Trick Room|p2b: Armarouge
|-fieldstart|move: Trick Room|[of] p2b: Armarouge
|
|-weather|RainDance|[upkeep]
|upkeep
|turn|2
|
|t:|1756345370
|move|p2b: Armarouge|Expanding Force|p1a: Pelipper|[spread] p1a,p1b
|-resisted|p1b: Gholdengo
|-enditem|p1a: Pelipper|Focus Sash
|-damage|p1a: Pelipper|1/100
|-damage|p1b: Gholdengo|48/100
|-damage|p2b: Armarouge|91/100|[from] item: Life Orb
|move|p2a: Indeedee|Psychic|p1a: Pelipper
|-damage|p1a: Pelipper|0 fnt
|faint|p1a: Pelipper
|move|p1b: Gholdengo|Nasty Plot|p1b: Gholdengo
|-boost|p1b: Gholdengo|spa|2
|
|-weather|RainDance|[upkeep]
|upkeep
|
|t:|1756345374
|switch|p1a: Basculegion|Basculegion, L50, M, shiny|100/100
|turn|3
|
|t:|1756345389
|move|p1b: Gholdengo|Protect|p1b: Gholdengo
|-singleturn|p1b: Gholdengo|Protect
|move|p2b: Armarouge|Expanding Force|p1a: Basculegion|[spread] p1a
|-activate|p1b: Gholdengo|move: Protect
|-damage|p1a: Basculegion|6/100
|-damage|p2b: Armarouge|82/100|[from] item: Life Orb
|move|p2a: Indeedee|Psychic|p1b: Gholdengo
|-activate|p1b: Gholdengo|move: Protect
|move|p1a: Basculegion|Last Respects|p2b: Armarouge
|-supereffective|p2b: Armarouge
|-damage|p2b: Armarouge|0 fnt
|faint|p2b: Armarouge
|
|-weather|RainDance|[upkeep]
|upkeep
|
|t:|1756345402
|switch|p2b: Ursaluna|Ursaluna, L50, F|100/100
|turn|4
|
|t:|1756345417
|move|p2a: Indeedee|Helping Hand|p2b: Ursaluna
|-singleturn|p2b: Ursaluna|Helping Hand|[of] p2a: Indeedee
|move|p2b: Ursaluna|Earthquake|p1b: Gholdengo|[spread] p2a,p1a,p1b
|-resisted|p2a: Indeedee
|-supereffective|p1b: Gholdengo
|-damage|p2a: Indeedee|0 fnt
|-damage|p1a: Basculegion|0 fnt
|-damage|p1b: Gholdengo|0 fnt
|faint|p2a: Indeedee
|faint|p1a: Basculegion
|faint|p1b: Gholdengo
|
|-weather|RainDance|[upkeep]
|-status|p2b: Ursaluna|brn|[from] item: Flame Orb
|upkeep
|
|t:|1756345426
|switch|p2a: Dusclops|Dusclops, L50, M|100/100
|switch|p1b: Annihilape|Annihilape, L50, M|100/100
|-item|p1b: Annihilape|Safety Goggles|[from] ability: Frisk|[of] p2a: Dusclops
|turn|5
|
|t:|1756345447
|move|p1b: Annihilape|Protect|p1b: Annihilape
|-singleturn|p1b: Annihilape|Protect
|move|p2a: Dusclops|Will-O-Wisp|p1b: Annihilape
|-activate|p1b: Annihilape|move: Protect
|move|p2b: Ursaluna|Shadow Claw|p1b: Annihilape
|-activate|p1b: Annihilape|move: Protect
|
|-weather|none
|-damage|p2b: Ursaluna|94/100 brn|[from] brn
|-fieldend|move: Trick Room
|-fieldend|move: Psychic Terrain
|upkeep
|turn|6
|
|t:|1756345458
|move|p1b: Annihilape|Close Combat|p2b: Ursaluna
|-supereffective|p2b: Ursaluna
|-damage|p2b: Ursaluna|17/100 brn
|-unboost|p1b: Annihilape|def|1
|-unboost|p1b: Annihilape|spd|1
|move|p2b: Ursaluna|Shadow Claw|p1b: Annihilape
|-supereffective|p1b: Annihilape
|-damage|p1b: Annihilape|0 fnt
|faint|p1b: Annihilape
|
|win|MtDrumr
||SmogonSupervillain is ready for game 2.
