|j|☆ruddyreboot
|j|☆higigig
|html|ruddyreboothigigig    
|uhtml|bestof|Game 3 of a best-of-3
|t:|1756378879
|gametype|doubles
|player|p1|ruddyreboot|170|1217
|player|p2|higigig|sisandbro|1159
|gen|9
|tier|[Gen 9] VGC 2025 Reg H (Bo3)
|rated|
|rule|Species Clause: Limit one of each Pokémon
|rule|Item Clause: Limit 1 of each item
|clearpoke
|poke|p1|Vivillon-Pokeball, L50, F|
|poke|p1|Garchomp, L50, M|
|poke|p1|Primarina, L50, F|
|poke|p1|Porygon2, L50|
|poke|p1|Corviknight, L50, M|
|poke|p1|Kingambit, L50, M|
|poke|p2|Sneasler, L50, M|
|poke|p2|Ursaluna-Bloodmoon, L50, M|
|poke|p2|Amoonguss, L50, F|
|poke|p2|Incineroar, L50, F|
|poke|p2|Altaria, L50, F|
|poke|p2|Gholdengo, L50|
|teampreview|4
|showteam|p1|Vivillon-Pokeball||FocusSash|CompoundEyes|Hurricane,SleepPowder,RagePowder,Protect|||F|||50|,,,,,Ghost]Garchomp||LifeOrb|RoughSkin|DragonClaw,Earthquake,StompingTantrum,Protect|||M|||50|,,,,,Steel]Primarina||ThroatSpray|LiquidVoice|HyperVoice,Moonblast,Protect,Haze|||F|||50|,,,,,Poison]Porygon2||Eviolite|Download|TrickRoom,Recover,TeraBlast,IceBeam||||||50|,,,,,Flying]Corviknight||Leftovers|MirrorArmor|BraveBird,Roost,Tailwind,BulkUp|||M|||50|,,,,,Dragon]Kingambit||AssaultVest|Defiant|SuckerPunch,KowtowCleave,LowKick,IronHead|||M|||50|,,,,,Flying
|showteam|p2|Sneasler||ClearAmulet|PoisonTouch|FakeOut,CloseCombat,DireClaw,Protect|||M|||50|,,,,,Water]Ursaluna-Bloodmoon||AssaultVest|MindsEye|HyperVoice,EarthPower,BloodMoon,Moonblast|||M|||50|,,,,,Fairy]Amoonguss||SitrusBerry|Regenerator|SludgeBomb,PollenPuff,Spore,RagePowder|||F|||50|,,,,,Dark]Incineroar||SafetyGoggles|Intimidate|FakeOut,FlareBlitz,KnockOff,PartingShot|||F|||50|,,,,,Ghost]Altaria||CovertCloak|CloudNine|BreakingSwipe,Haze,Tailwind,Protect|||F|||50|,,,,,Fairy]Gholdengo||LifeOrb|GoodasGold|NastyPlot,MakeItRain,ShadowBall,Protect||||||50|,,,,,Water
|inactive|Battle timer is ON: inactive players will automatically lose when time's up. (requested by higigig)
|inactive|ruddyreboot also wants the timer to be on.
|inactive|higigig has 60 seconds left.
|
|t:|1756378924
|teamsize|p1|4
|teamsize|p2|4
|start
|switch|p1a: Vivillon|Vivillon-Pokeball, L50, F|100/100
|switch|p1b: Garchomp|Garchomp, L50, M|100/100
|switch|p2a: Incineroar|Incineroar, L50, F|100/100
|switch|p2b: Amoonguss|Amoonguss, L50, F|100/100
|-ability|p2a: Incineroar|Intimidate|boost
|-unboost|p1a: Vivillon|atk|1
|-unboost|p1b: Garchomp|atk|1
|turn|1
|
|t:|1756378947
|switch|p2a: Sneasler|Sneasler, L50, M|100/100
|-terastallize|p1a: Vivillon|Ghost
|move|p1b: Garchomp|Dragon Claw|p2b: Amoonguss
|-damage|p2b: Amoonguss|70/100
|-damage|p1b: Garchomp|91/100|[from] item: Life Orb
|move|p1a: Vivillon|Hurricane|p2b: Amoonguss
|-supereffective|p2b: Amoonguss
|-damage|p2b: Amoonguss|0 fnt
|faint|p2b: Amoonguss
|
|upkeep
|
|t:|1756378957
|switch|p2b: Incineroar|Incineroar, L50, F|100/100
|-ability|p2b: Incineroar|Intimidate|boost
|-unboost|p1a: Vivillon|atk|1
|-unboost|p1b: Garchomp|atk|1
|turn|2
|
|t:|1756378981
|-terastallize|p2a: Sneasler|Water
|move|p1a: Vivillon|Protect|p1a: Vivillon
|-singleturn|p1a: Vivillon|Protect
|move|p1b: Garchomp|Earthquake|p2b: Incineroar|[spread] p2a,p2b
|-activate|p1a: Vivillon|move: Protect
|-supereffective|p2b: Incineroar
|-damage|p2a: Sneasler|56/100
|-damage|p2b: Incineroar|54/100
|-damage|p1b: Garchomp|81/100|[from] item: Life Orb
|move|p2a: Sneasler|Dire Claw|p1b: Garchomp
|-resisted|p1b: Garchomp
|-damage|p1b: Garchomp|55/100
|-damage|p2a: Sneasler|45/100|[from] ability: Rough Skin|[of] p1b: Garchomp
|-status|p1b: Garchomp|psn|[from] ability: Poison Touch|[of] p2a: Sneasler
|move|p2b: Incineroar|Flare Blitz|p1a: Vivillon
|-activate|p1a: Vivillon|move: Protect
|
|-damage|p1b: Garchomp|43/100 psn|[from] psn
|upkeep
|turn|3
|inactive|ruddyreboot has 30 seconds left.
|inactive|higigig has 30 seconds left.
|inactive|higigig has 20 seconds left.
|inactive|higigig has 15 seconds left.
|
|t:|1756379026
|move|p2a: Sneasler|Protect|p2a: Sneasler
|-singleturn|p2a: Sneasler|Protect
|move|p1b: Garchomp|Stomping Tantrum|p2b: Incineroar
|-supereffective|p2b: Incineroar
|-damage|p2b: Incineroar|7/100
|-damage|p1b: Garchomp|33/100 psn|[from] item: Life Orb
|move|p1a: Vivillon|Hurricane|p2a: Sneasler
|-activate|p2a: Sneasler|move: Protect
|move|p2b: Incineroar|Parting Shot|p1b: Garchomp
|-unboost|p1b: Garchomp|atk|1
|-unboost|p1b: Garchomp|spa|1
|
|t:|1756379033
|switch|p2b: Ursaluna|Ursaluna-Bloodmoon, L50, M|100/100|[from] Parting Shot
|
|-damage|p1b: Garchomp|21/100 psn|[from] psn
|upkeep
|turn|4
|
|t:|1756379044
|move|p1b: Garchomp|Dragon Claw|p2a: Sneasler
|-damage|p2a: Sneasler|9/100
|-damage|p1b: Garchomp|11/100 psn|[from] item: Life Orb
|move|p2a: Sneasler|Dire Claw|p1a: Vivillon
|-resisted|p1a: Vivillon
|-damage|p1a: Vivillon|56/100
|move|p1a: Vivillon|Sleep Powder|p2b: Ursaluna
|-status|p2b: Ursaluna|slp|[from] move: Sleep Powder
|cant|p2b: Ursaluna|slp
|
|-damage|p1b: Garchomp|0 fnt|[from] psn
|faint|p1b: Garchomp
|upkeep
|
|t:|1756379058
|switch|p1b: Porygon2|Porygon2, L50|100/100
|-ability|p1b: Porygon2|Download|boost
|-boost|p1b: Porygon2|spa|1
|turn|5
|inactive|higigig has 30 seconds left.
|
|t:|1756379083
|move|p1a: Vivillon|Rage Powder|p1a: Vivillon
|-singleturn|p1a: Vivillon|move: Rage Powder
|move|p2a: Sneasler|Dire Claw|p1a: Vivillon
|-resisted|p1a: Vivillon
|-damage|p1a: Vivillon|15/100
|cant|p2b: Ursaluna|slp
|move|p1b: Porygon2|Tera Blast|p2a: Sneasler
|-damage|p2a: Sneasler|0 fnt
|faint|p2a: Sneasler
|
|upkeep
|
|t:|1756379091
|switch|p2a: Incineroar|Incineroar, L50, F|7/100
|-ability|p2a: Incineroar|Intimidate|boost
|-unboost|p1a: Vivillon|atk|1
|-unboost|p1b: Porygon2|atk|1
|turn|6
|
|t:|1756379097
|move|p2a: Incineroar|Fake Out|p1b: Porygon2
|-damage|p1b: Porygon2|92/100
|move|p1a: Vivillon|Hurricane|p2a: Incineroar
|-damage|p2a: Incineroar|0 fnt
|faint|p2a: Incineroar
|cant|p2b: Ursaluna|slp
|cant|p1b: Porygon2|flinch
|
|upkeep
|turn|7
|
|t:|1756379108
|move|p1a: Vivillon|Protect|p1a: Vivillon
|-singleturn|p1a: Vivillon|Protect
|-curestatus|p2b: Ursaluna|slp|[msg]
|move|p2b: Ursaluna|Hyper Voice|p1b: Porygon2|[spread] p1b
|-activate|p1a: Vivillon|move: Protect
|-damage|p1b: Porygon2|66/100
|move|p1b: Porygon2|Ice Beam|p2b: Ursaluna
|-supereffective|p2b: Ursaluna
|-damage|p2b: Ursaluna|36/100
|-status|p2b: Ursaluna|frz
|
|upkeep
|turn|8
|
|t:|1756379121
|move|p1a: Vivillon|Hurricane|p2b: Ursaluna
|-damage|p2b: Ursaluna|1/100 frz
|-start|p2b: Ursaluna|confusion
|cant|p2b: Ursaluna|frz
|move|p1b: Porygon2|Ice Beam|p2b: Ursaluna
|-supereffective|p2b: Ursaluna
|-damage|p2b: Ursaluna|0 fnt
|faint|p2b: Ursaluna
|
|win|ruddyreboot
|raw|ruddyreboot's rating: 1217 → 1238(+21 for winning)
|raw|higigig's rating: 1159 → 1138(-21 for losing)
