|j|☆Astterio
|j|☆robby w
|html|Astteriorobby w    
|uhtml|bestof|Game 2 of a best-of-3
|t:|1756563946
|gametype|doubles
|player|p1|Astterio|eusine|1287
|player|p2|robby w|pokekid|1320
|gen|9
|tier|[Gen 9] VGC 2025 Reg H (Bo3)
|rated|
|rule|Species Clause: Limit one of each Pokémon
|rule|Item Clause: Limit 1 of each item
|clearpoke
|poke|p1|Porygon2, L50|
|poke|p1|Hydreigon, L50, M|
|poke|p1|Incineroar, L50, M|
|poke|p1|Ursaluna, L50, M|
|poke|p1|Amoonguss, L50, M|
|poke|p1|Gholdengo, L50|
|poke|p2|Dondozo, L50, F|
|poke|p2|Tatsugiri, L50, F|
|poke|p2|Sneasler, L50, M|
|poke|p2|Indeedee, L50, M|
|poke|p2|Ursaluna-Bloodmoon, L50, M|
|poke|p2|Electabuzz, L50, F|
|teampreview|4
|showteam|p1|Porygon2||Eviolite|Download|TeraBlast,IceBeam,TrickRoom,Recover||||||50|,,,,,Fighting]Hydreigon||SafetyGoggles|Levitate|Snarl,DracoMeteor,Tailwind,Protect|||M|||50|,,,,,Ghost]Incineroar||SitrusBerry|Intimidate|FlareBlitz,KnockOff,PartingShot,FakeOut|||M|||50|,,,,,Grass]Ursaluna||FlameOrb|Guts|Facade,HeadlongRush,Earthquake,Protect|||M|||50|,,,,,Ghost]Amoonguss||CovertCloak|Regenerator|PollenPuff,Spore,RagePowder,Protect|||M|||50|,,,,,Fire]Gholdengo||LifeOrb|GoodasGold|MakeItRain,ShadowBall,NastyPlot,Protect||||||50|,,,,,Water
|showteam|p2|Dondozo||Leftovers|Unaware|Protect,WaveCrash,Earthquake,OrderUp|||F|||50|,,,,,Grass]Tatsugiri||ChoiceScarf|Commander|DragonPulse,IcyWind,DracoMeteor,MuddyWater|||F|||50|,,,,,Stellar]Sneasler||PsychicSeed|Unburden|DireClaw,CloseCombat,Protect,ThroatChop|||M|||50|,,,,,Dark]Indeedee||FocusSash|PsychicSurge|DazzlingGleam,TrickRoom,ExpandingForce,Protect|||M|||50|,,,,,Fairy]Ursaluna-Bloodmoon||LifeOrb|MindsEye|BloodMoon,Protect,HyperVoice,EarthPower|||M|||50|,,,,,Normal]Electabuzz||Eviolite|VitalSpirit|Electroweb,Protect,FollowMe,Taunt|||F|||50|,,,,,Ghost
|inactive|Battle timer is ON: inactive players will automatically lose when time's up. (requested by Astterio)
|inactive|Astterio has 60 seconds left.
|
|t:|1756563992
|teamsize|p1|4
|teamsize|p2|4
|start
|switch|p1a: Hydreigon|Hydreigon, L50, M, shiny|100/100
|switch|p1b: Amoonguss|Amoonguss, L50, M, shiny|100/100
|switch|p2a: Dondozo|Dondozo, L50, F, shiny|100/100
|switch|p2b: Sneasler|Sneasler, L50, M|100/100
|turn|1
|
|t:|1756564016
|switch|p2b: Tatsugiri|Tatsugiri, L50, F|100/100
|-activate|p2b: Tatsugiri|ability: Commander|[of] p2a: Dondozo
|-boost|p2a: Dondozo|atk|2
|-boost|p2a: Dondozo|spa|2
|-boost|p2a: Dondozo|spe|2
|-boost|p2a: Dondozo|def|2
|-boost|p2a: Dondozo|spd|2
|-terastallize|p2a: Dondozo|Grass
|move|p1a: Hydreigon|Protect|p1a: Hydreigon
|-singleturn|p1a: Hydreigon|Protect
|move|p2a: Dondozo|Order Up|p1a: Hydreigon
|-activate|p1a: Hydreigon|move: Protect
|move|p1b: Amoonguss|Spore|p2b: Tatsugiri|[miss]
|-miss|p1b: Amoonguss|p2b: Tatsugiri
|
|upkeep
|turn|2
|
|t:|1756564036
|switch|p1a: Porygon2|Porygon2, L50, shiny|100/100
|-ability|p1a: Porygon2|Download|boost
|-boost|p1a: Porygon2|spa|1
|move|p2a: Dondozo|Order Up|p1a: Porygon2
|-damage|p1a: Porygon2|68/100
|-boost|p2a: Dondozo|atk|1
|move|p1b: Amoonguss|Pollen Puff|p2a: Dondozo
|-supereffective|p2a: Dondozo
|-damage|p2a: Dondozo|81/100
|
|-heal|p2a: Dondozo|87/100|[from] item: Leftovers
|upkeep
|turn|3
|
|t:|1756564058
|move|p2a: Dondozo|Wave Crash|p1a: Porygon2
|-damage|p1a: Porygon2|0 fnt
|faint|p1a: Porygon2
|-damage|p2a: Dondozo|68/100|[from] Recoil
|move|p1b: Amoonguss|Pollen Puff|p2a: Dondozo
|-supereffective|p2a: Dondozo
|-damage|p2a: Dondozo|46/100
|
|-heal|p2a: Dondozo|52/100|[from] item: Leftovers
|upkeep
|
|t:|1756564078
|switch|p1a: Hydreigon|Hydreigon, L50, M, shiny|100/100
|turn|4
|
|t:|1756564089
|-terastallize|p1a: Hydreigon|Ghost
|move|p2a: Dondozo|Order Up|p1b: Amoonguss
|-damage|p1b: Amoonguss|43/100
|-boost|p2a: Dondozo|atk|1
|move|p1a: Hydreigon|Draco Meteor|p2a: Dondozo
|-damage|p2a: Dondozo|17/100
|-unboost|p1a: Hydreigon|spa|2
|move|p1b: Amoonguss|Pollen Puff|p2a: Dondozo
|-supereffective|p2a: Dondozo
|-damage|p2a: Dondozo|0 fnt
|faint|p2a: Dondozo
|
|upkeep
|
|t:|1756564107
|switch|p2a: Indeedee|Indeedee, L50, M|100/100
|-fieldstart|move: Psychic Terrain|[from] ability: Psychic Surge|[of] p2a: Indeedee
|turn|5
|inactive|robby w has 30 seconds left.
|
|t:|1756564133
|move|p2b: Tatsugiri|Icy Wind|p1a: Hydreigon|[spread] p1a,p1b
|-supereffective|p1b: Amoonguss
|-damage|p1a: Hydreigon|87/100
|-damage|p1b: Amoonguss|23/100
|-unboost|p1a: Hydreigon|spe|1
|move|p2a: Indeedee|Expanding Force|p1b: Amoonguss|[spread] p1a,p1b
|-crit|p1a: Hydreigon
|-supereffective|p1b: Amoonguss
|-damage|p1a: Hydreigon|0 fnt
|-damage|p1b: Amoonguss|0 fnt
|faint|p1a: Hydreigon
|faint|p1b: Amoonguss
|
|upkeep
|-message|Astterio forfeited.
|
|win|robby w
|l|☆Astterio
|player|p1|
||Astterio is ready for game 3.
||robby w is ready for game 3.
|uhtml|next|Next: Game 3 of 3
