|j|☆negaifreak
|j|☆ogabinha
|html|negaifreakogabinha    
|uhtml|bestof|Game 1 of a best-of-3
|t:|1756648120
|gametype|doubles
|player|p1|negaifreak|nate|1089
|player|p2|ogabinha|lucas|1005
|gen|9
|tier|[Gen 9] VGC 2025 Reg H (Bo3)
|rated|
|rule|Species Clause: Limit one of each Pokémon
|rule|Item Clause: Limit 1 of each item
|clearpoke
|poke|p1|Archaludon, L50, F|
|poke|p1|Pelipper, L50, M|
|poke|p1|Grimmsnarl, L50, M|
|poke|p1|Maushold-Four, L50|
|poke|p1|Sinistcha, L50|
|poke|p1|Annihilape, L50, M|
|poke|p2|Rillaboom, L50, M|
|poke|p2|Palafin, L50, M|
|poke|p2|Pelipper, L50, M|
|poke|p2|Archaludon, L50, F|
|poke|p2|Amoonguss, L50, F|
|poke|p2|Gholdengo, L50|
|teampreview|4
|showteam|p1|Archaludon||AssaultVest|Stamina|ElectroShot,BodyPress,DragonPulse,FlashCannon|||F|||50|,,,,,Bug]Pelipper||FocusSash|Drizzle|Hurricane,Tailwind,WeatherBall,Protect|||M|||50|,,,,,Ghost]Grimmsnarl||LightClay|Prankster|SpiritBreak,LightScreen,Reflect,FakeTears|||M|||50|,,,,,Poison]Maushold-Four||SafetyGoggles|FriendGuard|Taunt,BeatUp,FollowMe,Protect||||||50|,,,,,Ghost]Sinistcha||SitrusBerry|Hospitality|MatchaGotcha,LifeDew,RagePowder,TrickRoom||||||50|,,,,,Fairy]Annihilape||Leftovers|Defiant|RageFist,DrainPunch,BulkUp,Protect|||M|||50|,,,,,Grass
|showteam|p2|Rillaboom||MiracleSeed|GrassySurge|FakeOut,GrassyGlide,WoodHammer,HighHorsepower|||M|||50|,,,,,Ground]Palafin||MysticWater|ZerotoHero|JetPunch,Protect,Haze,CloseCombat|||M|||50|,,,,,Water]Pelipper||FocusSash|Drizzle|Hurricane,Protect,WeatherBall,Tailwind|||M|||50|,,,,,Psychic]Archaludon||AssaultVest|Stamina|ElectroShot,FlashCannon,BodyPress,DracoMeteor|||F|||50|,,,,,Water]Amoonguss||SitrusBerry|Regenerator|Spore,RagePowder,Protect,PollenPuff|||F|||50|,,,,,Normal]Gholdengo||LifeOrb|GoodasGold|ShadowBall,MakeItRain,NastyPlot,Protect||||||50|,,,,,Flying
|
|t:|1756648164
|teamsize|p1|4
|teamsize|p2|4
|start
|switch|p1a: Maushold|Maushold-Four, L50|100/100
|switch|p1b: Annihilape|Annihilape, L50, M|100/100
|switch|p2a: v1 ultrakill|Gholdengo, L50|100/100
|switch|p2b: mamaco|Rillaboom, L50, M|100/100
|-fieldstart|move: Grassy Terrain|[from] ability: Grassy Surge|[of] p2b: mamaco
|turn|1
|c|☆negaifreak|GLHF
|
|t:|1756648196
|-terastallize|p1a: Maushold|Ghost
|-terastallize|p2a: v1 ultrakill|Flying
|move|p2b: mamaco|Fake Out|p1a: Maushold
|-immune|p1a: Maushold
|move|p1a: Maushold|Beat Up|p1b: Annihilape
|-damage|p1b: Annihilape|98/100
|-damage|p1b: Annihilape|96/100
|-damage|p1b: Annihilape|94/100
|-damage|p1b: Annihilape|92/100
|-hitcount|p1b: Annihilape|4
|move|p1b: Annihilape|Rage Fist|p2b: mamaco
|-damage|p2b: mamaco|5/100
|move|p2a: v1 ultrakill|Nasty Plot|p2a: v1 ultrakill
|-boost|p2a: v1 ultrakill|spa|2
|
|-heal|p1b: Annihilape|98/100|[from] Grassy Terrain
|-heal|p1b: Annihilape|100/100|[from] item: Leftovers
|-heal|p2b: mamaco|11/100|[from] Grassy Terrain
|upkeep
|turn|2
|
|t:|1756648248
|move|p2a: v1 ultrakill|Protect|p2a: v1 ultrakill
|-singleturn|p2a: v1 ultrakill|Protect
|move|p2b: mamaco|Grassy Glide|p1a: Maushold
|-damage|p1a: Maushold|41/100
|move|p1a: Maushold|Beat Up|p1b: Annihilape
|-damage|p1b: Annihilape|98/100
|-crit|p1b: Annihilape
|-damage|p1b: Annihilape|95/100
|-damage|p1b: Annihilape|93/100
|-damage|p1b: Annihilape|91/100
|-hitcount|p1b: Annihilape|4
|move|p1b: Annihilape|Rage Fist|p2a: v1 ultrakill
|-activate|p2a: v1 ultrakill|move: Protect
|
|-heal|p1a: Maushold|47/100|[from] Grassy Terrain
|-heal|p1b: Annihilape|97/100|[from] Grassy Terrain
|-heal|p1b: Annihilape|100/100|[from] item: Leftovers
|-heal|p2b: mamaco|16/100|[from] Grassy Terrain
|upkeep
|turn|3
|
|t:|1756648299
|move|p1a: Maushold|Protect|p1a: Maushold
|-singleturn|p1a: Maushold|Protect
|move|p2b: mamaco|Grassy Glide|p1a: Maushold
|-activate|p1a: Maushold|move: Protect
|move|p1b: Annihilape|Rage Fist|p2a: v1 ultrakill
|-damage|p2a: v1 ultrakill|0 fnt
|faint|p2a: v1 ultrakill
|
|-heal|p1a: Maushold|53/100|[from] Grassy Terrain
|-heal|p2b: mamaco|22/100|[from] Grassy Terrain
|upkeep
|
|t:|1756648313
|switch|p2a: free bird|Pelipper, L50, M|100/100
|-weather|RainDance|[from] ability: Drizzle|[of] p2a: free bird
|turn|4
|
|t:|1756648341
|switch|p1a: Archaludon|Archaludon, L50, F|100/100
|move|p2b: mamaco|Grassy Glide|p1a: Archaludon
|-resisted|p1a: Archaludon
|-damage|p1a: Archaludon|91/100
|-ability|p1a: Archaludon|Stamina|boost
|-boost|p1a: Archaludon|def|1
|move|p1b: Annihilape|Rage Fist|p2b: mamaco
|-damage|p2b: mamaco|0 fnt
|faint|p2b: mamaco
|move|p2a: free bird|Hurricane|p1b: Annihilape
|-supereffective|p1b: Annihilape
|-damage|p1b: Annihilape|18/100
|-start|p1b: Annihilape|confusion
|
|-weather|RainDance|[upkeep]
|-heal|p1b: Annihilape|24/100|[from] Grassy Terrain
|-heal|p1b: Annihilape|30/100|[from] item: Leftovers
|-heal|p1a: Archaludon|97/100|[from] Grassy Terrain
|upkeep
|
|t:|1756648359
|switch|p2b: grampo|Archaludon, L50, F|100/100
|turn|5
|-message|ogabinha forfeited.
|
|win|negaifreak
|l|☆ogabinha
|player|p2|
||ogabinha is ready for game 2.
