|j|☆yutaliban
|j|☆Imcat0926
|html|yutalibanImcat0926    
|uhtml|bestof|Game 1 of a best-of-3
|t:|1782297986
|gametype|doubles
|player|p1|yutaliban|1|1121
|player|p2|Imcat0926|266|1037
|gen|9
|tier|[Gen 9 Champions] VGC 2026 Reg M-B (Bo3)
|rated|
|rule|Species Clause: Limit one of each Pokémon
|rule|Item Clause: Limit 1 of each item
|clearpoke
|poke|p1|Aerodactyl, L50, M|
|poke|p1|Gholdengo, L50|
|poke|p1|Maushold, L50|
|poke|p1|Garchomp, L50, M|
|poke|p1|Kingambit, L50, F|
|poke|p1|Floette-Eternal, L50, F|
|poke|p2|Pyroar, L50, M|
|poke|p2|Sylveon, L50, M|
|poke|p2|Ninetales, L50, F|
|poke|p2|Whimsicott, L50, F|
|poke|p2|Farigiraf, L50, F|
|poke|p2|Milotic, L50, F|
|teampreview|4
|showteam|p1|Aerodactyl||Aerodactylite|RockHead|DualWingbeat,RockSlide,IceFang,Tailwind|Adamant||M|||50|]Gholdengo||LifeOrb|GoodasGold|ShadowBall,MakeItRain,NastyPlot,Protect|Modest|||||50|]Maushold||FocusSash|FriendGuard|FollowMe,SuperFang,Taunt,Protect|Jolly|||||50|]Garchomp||SitrusBerry|SandVeil|RockSlide,DragonClaw,Earthquake,Protect|Adamant||M|||50|]Kingambit||BlackGlasses|Defiant|KowtowCleave,LowKick,SuckerPunch,Protect|Adamant||F|||50|]Floette-Eternal||Floettite|FlowerVeil|EnergyBall,Moonblast,DazzlingGleam,Protect|Modest||F|||50|
|showteam|p2|Pyroar||Pyroarite|Unnerve|HeatWave,Overheat,SolarBeam,Protect|Timid||M|||50|]Sylveon||FairyFeather|Pixilate|HyperBeam,HyperVoice,QuickAttack,Detect|Modest||M|||50|]Ninetales||ChoiceScarf|Drought|HeatWave,Overheat,EnergyBall,FakeTears|Modest||F|||50|]Whimsicott||FocusSash|Prankster|Tailwind,SunnyDay,Moonblast,Protect|Timid||F|||50|]Farigiraf||SitrusBerry|ArmorTail|Thunderbolt,GrassKnot,TwinBeam,HelpingHand|Bold||F|||50|]Milotic||LifeOrb|Competitive|Scald,WeatherBall,DrainingKiss,Protect|Timid||F|||50|
|inactive|Battle timer is ON: inactive players will automatically lose when time's up. (requested by yutaliban)
|
|t:|1782298061
|teamsize|p1|4
|teamsize|p2|4
|start
|switch|p1a: Aerodactyl|Aerodactyl, L50, M|100/100
|switch|p1b: Maushold|Maushold, L50|100/100
|switch|p2a: Milotic|Milotic, L50, F|100/100
|switch|p2b: Whimsicott|Whimsicott, L50, F|100/100
|turn|1
|inactive|yutaliban has 30 seconds left.
|
|t:|1782298092
|move|p1b: Maushold|Follow Me|p1b: Maushold
|-singleturn|p1b: Maushold|move: Follow Me
|move|p2b: Whimsicott|Tailwind|p2b: Whimsicott
|-sidestart|p2: Imcat0926|move: Tailwind
|move|p2a: Milotic|Scald|p1b: Maushold
|-damage|p1b: Maushold|39/100
|-damage|p2a: Milotic|90/100|[from] item: Life Orb
|move|p1a: Aerodactyl|Dual Wingbeat|p2b: Whimsicott|[miss]
|-miss|p1a: Aerodactyl|p2b: Whimsicott
|
|upkeep
|turn|2
|
|t:|1782298111
|detailschange|p1a: Aerodactyl|Aerodactyl-Mega, L50, M
|-mega|p1a: Aerodactyl|Aerodactyl|Aerodactylite
|move|p2b: Whimsicott|Protect|p2b: Whimsicott
|-singleturn|p2b: Whimsicott|Protect
|move|p1b: Maushold|Protect|p1b: Maushold
|-singleturn|p1b: Maushold|Protect
|move|p2a: Milotic|Scald|p1b: Maushold
|-activate|p1b: Maushold|move: Protect
|move|p1a: Aerodactyl|Tailwind|p1a: Aerodactyl
|-sidestart|p1: yutaliban|move: Tailwind
|
|upkeep
|turn|3
|
|t:|1782298133
|move|p1a: Aerodactyl|Dual Wingbeat|p2b: Whimsicott
|-supereffective|p2b: Whimsicott|1
|-damage|p2b: Whimsicott|12/100
|-supereffective|p2b: Whimsicott|1
|-damage|p2b: Whimsicott|0 fnt
|faint|p2b: Whimsicott
|-hitcount|p2: Whimsicott|2
|move|p1b: Maushold|Super Fang|p2a: Milotic
|-damage|p2a: Milotic|45/100
|move|p2a: Milotic|Scald|p1a: Aerodactyl
|-supereffective|p1a: Aerodactyl|1
|-damage|p1a: Aerodactyl|36/100
|-damage|p2a: Milotic|35/100|[from] item: Life Orb
|
|upkeep
|
|t:|1782298149
|switch|p2b: Ninetales|Ninetales, L50, F|100/100
|-weather|SunnyDay|[from] ability: Drought|[of] p2b: Ninetales
|turn|4
|inactive|Imcat0926 has 30 seconds left.
|
|t:|1782298176
|move|p2a: Milotic|Protect|p2a: Milotic
|-singleturn|p2a: Milotic|Protect
|move|p2b: Ninetales|Energy Ball|p1a: Aerodactyl
|-damage|p1a: Aerodactyl|17/100
|move|p1a: Aerodactyl|Rock Slide|p2b: Ninetales|[spread] p2b
|-activate|p2a: Milotic|move: Protect
|-supereffective|p2b: Ninetales|1
|-damage|p2b: Ninetales|10/100
|move|p1b: Maushold|Taunt|p2b: Ninetales
|-start|p2b: Ninetales|move: Taunt
|
|-weather|SunnyDay|[upkeep]
|-sideend|p2: Imcat0926|move: Tailwind
|upkeep
|turn|5
|inactive|yutaliban has 30 seconds left.
|inactive|yutaliban has 20 seconds left.
|inactive|yutaliban has 15 seconds left.
|
|t:|1782298219
|move|p1b: Maushold|Protect|p1b: Maushold
|-singleturn|p1b: Maushold|Protect
|move|p1a: Aerodactyl|Rock Slide|p2b: Ninetales|[spread] p2a,p2b
|-crit|p2a: Milotic
|-supereffective|p2b: Ninetales|1
|-damage|p2a: Milotic|0 fnt
|-damage|p2b: Ninetales|0 fnt
|faint|p2a: Milotic
|faint|p2b: Ninetales
|
|-weather|SunnyDay|[upkeep]
|-sideend|p1: yutaliban|move: Tailwind
|upkeep
|
|t:|1782298234
|switch|p2b: Pyroar|Pyroar, L50, M|100/100
|-ability|p2b: Pyroar|Unnerve
|turn|6
|c|☆Imcat0926|Gg
|c|☆Imcat0926|how is aero so tanky DD
|c|☆Imcat0926|XD
|
|t:|1782298252
|switch|p1a: Gholdengo|Gholdengo, L50|100/100
|detailschange|p2b: Pyroar|Pyroar-Mega, L50, M
|-mega|p2b: Pyroar|Pyroar|Pyroarite
|move|p2b: Pyroar|Heat Wave|p1a: Gholdengo|[spread] p1b
|-miss|p2b: Pyroar|p1a: Gholdengo
|-damage|p1b: Maushold|0 fnt
|faint|p1b: Maushold
|
|-weather|SunnyDay|[upkeep]
|upkeep
|c|☆Imcat0926|WHAT
|
|t:|1782298262
|switch|p1b: Aerodactyl|Aerodactyl-Mega, L50, M|17/100
|turn|7
|inactive|yutaliban has 30 seconds left.
|
|t:|1782298293
|move|p2b: Pyroar|Heat Wave|p1b: Aerodactyl|[spread] p1a,p1b
|-supereffective|p1a: Gholdengo|1
|-resisted|p1b: Aerodactyl|1
|-damage|p1a: Gholdengo|0 fnt
|-damage|p1b: Aerodactyl|0 fnt
|faint|p1a: Gholdengo
|faint|p1b: Aerodactyl
|
|-weather|SunnyDay|[upkeep]
|upkeep
|
|t:|1782298305
|switch|p1b: Garchomp|Garchomp, L50, M|100/100
|turn|8
|
|t:|1782298309
|move|p1b: Garchomp|Protect|p1b: Garchomp
|-singleturn|p1b: Garchomp|Protect
|move|p2b: Pyroar|Overheat|p1b: Garchomp
|-activate|p1b: Garchomp|move: Protect
|
|-weather|none
|upkeep
|turn|9
|inactive|Imcat0926 has 30 seconds left.
|
|t:|1782298342
|move|p2b: Pyroar|Protect|p2b: Pyroar
|-singleturn|p2b: Pyroar|Protect
|move|p1b: Garchomp|Earthquake|p2b: Pyroar
|-activate|p2b: Pyroar|move: Protect
|
|upkeep
|turn|10
|
|t:|1782298348
|move|p2b: Pyroar|Overheat|p1b: Garchomp
|-resisted|p1b: Garchomp|1
|-damage|p1b: Garchomp|54/100
|-unboost|p2b: Pyroar|spa|2
|move|p1b: Garchomp|Earthquake|p2b: Pyroar
|-supereffective|p2b: Pyroar|1
|-damage|p2b: Pyroar|0 fnt
|faint|p2b: Pyroar
|
|win|yutaliban
||Imcat0926 is ready for game 2.
|inactive|yutaliban has 30 seconds to confirm battle start!
||yutaliban is ready for game 2.
|uhtml|next|Next: Game 2 of 3
