|j|‽j.arch
|j|☆medwar
|html|j.archmedwar    
|uhtml|bestof|Game 1 of a best-of-3
|t:|1757910688
|gametype|doubles
|player|p1|j.arch|blue|1132
|player|p2|medwar|dawn|1027
|gen|9
|tier|[Gen 9] VGC 2025 Reg H (Bo3)
|rated|
|rule|Species Clause: Limit one of each Pokémon
|rule|Item Clause: Limit 1 of each item
|clearpoke
|poke|p1|Overqwil, L50, F|
|poke|p1|Torterra, L50, M|
|poke|p1|Politoed, L50, F|
|poke|p1|Incineroar, L50, F|
|poke|p1|Gothitelle, L50, M|
|poke|p1|Archaludon, L50, M|
|poke|p2|Ursaluna-Bloodmoon, L50, M|
|poke|p2|Annihilape, L50, F|
|poke|p2|Tsareena, L50, F|
|poke|p2|Whimsicott, L50, F|
|poke|p2|Ninetales-Alola, L50, M|
|poke|p2|Incineroar, L50, F|
|teampreview|4
|showteam|p1|Overqwil||LifeOrb|SwiftSwim|Protect,BarbBarrage,Crunch,Liquidation|||F|||50|,,,,,Water]Torterra||FocusSash|Overgrow|Protect,HeadlongRush,WoodHammer,ShellSmash|||M|||50|,,,,,Fire]Politoed||Leftovers|Drizzle|Protect,WeatherBall,Encore,PerishSong|||F|||50|,,,,,Grass]Incineroar||SafetyGoggles|Intimidate|Protect,KnockOff,FakeOut,PartingShot|||F|||50|,,,,,Ghost]Gothitelle||SitrusBerry|ShadowTag|Protect,Psychic,FakeOut,TrickRoom|||M|||50|,,,,,Dark]Archaludon||PowerHerb|Sturdy|Protect,ElectroShot,DragonPulse,AuraSphere|||M|||50|,,,,,Electric
|showteam|p2|Ursaluna-Bloodmoon||AssaultVest|MindsEye|Moonblast,BloodMoon,HyperVoice,EarthPower|||M|||50|,,,,,Fairy]Annihilape|||Defiant|DrainPunch,RageFist,Protect,BulkUp|||F|||50|,,,,,Fire]Tsareena||Leftovers|QueenlyMajesty|TropKick,Taunt,Trailblaze,Protect|||F|||50|,,,,,Fire]Whimsicott||FocusSash|Prankster|Tailwind,Moonblast,BeatUp,Endeavor|||F|||50|,,,,,Dark]Ninetales-Alola||CovertCloak|SnowWarning|AuroraVeil,Blizzard,Disable,Encore|||M|||50|,,,,,Poison]Incineroar||RockyHelmet|Intimidate|FakeOut,PartingShot,FlareBlitz,KnockOff|||F|||50|,,,,,Ghost
|
|t:|1757910759
|teamsize|p1|4
|teamsize|p2|4
|start
|switch|p1a: Overqwil|Overqwil, L50, F|100/100
|switch|p1b: Politoed|Politoed, L50, F|100/100
|switch|p2a: Whimsicott|Whimsicott, L50, F, shiny|100/100
|switch|p2b: Annihilape|Annihilape, L50, F, shiny|100/100
|-weather|RainDance|[from] ability: Drizzle|[of] p1b: Politoed
|turn|1
|
|t:|1757910792
|move|p1a: Overqwil|Barb Barrage|p2a: Whimsicott
|-supereffective|p2a: Whimsicott
|-enditem|p2a: Whimsicott|Focus Sash
|-damage|p2a: Whimsicott|1/100
|-damage|p1a: Overqwil|91/100|[from] item: Life Orb
|move|p2a: Whimsicott|Beat Up|p2b: Annihilape
|-damage|p2b: Annihilape|99/100
|-damage|p2b: Annihilape|96/100
|-damage|p2b: Annihilape|94/100
|-damage|p2b: Annihilape|91/100
|-hitcount|p2b: Annihilape|4
|move|p2b: Annihilape|Rage Fist|p1b: Politoed
|-damage|p1b: Politoed|0 fnt
|faint|p1b: Politoed
|
|-weather|RainDance|[upkeep]
|upkeep
|
|t:|1757910809
|switch|p1b: Incineroar|Incineroar, L50, F|100/100
|-ability|p1b: Incineroar|Intimidate|boost
|-unboost|p2a: Whimsicott|atk|1
|-unboost|p2b: Annihilape|atk|1
|-ability|p2b: Annihilape|Defiant|boost
|-boost|p2b: Annihilape|atk|2
|turn|2
|
|t:|1757910825
|-terastallize|p1a: Overqwil|Water
|move|p1b: Incineroar|Fake Out|p2a: Whimsicott
|-damage|p2a: Whimsicott|0 fnt
|faint|p2a: Whimsicott
|move|p1a: Overqwil|Liquidation|p2b: Annihilape
|-damage|p2b: Annihilape|1/100
|-damage|p1a: Overqwil|82/100|[from] item: Life Orb
|move|p2b: Annihilape|Drain Punch|p1b: Incineroar
|-supereffective|p1b: Incineroar
|-damage|p1b: Incineroar|11/100
|-heal|p2b: Annihilape|45/100|[from] drain|[of] p1b: Incineroar
|
|-weather|RainDance|[upkeep]
|upkeep
|
|t:|1757910849
|switch|p2a: Ninetales|Ninetales-Alola, L50, M|100/100
|-weather|Snowscape|[from] ability: Snow Warning|[of] p2a: Ninetales
|turn|3
|
|t:|1757910875
|move|p2a: Ninetales|Encore|p1b: Incineroar
|-start|p1b: Incineroar|Encore
|move|p2b: Annihilape|Drain Punch|p1a: Overqwil
|-damage|p1a: Overqwil|27/100
|-heal|p2b: Annihilape|68/100|[from] drain|[of] p1a: Overqwil
|move|p1a: Overqwil|Liquidation|p2b: Annihilape
|-damage|p2b: Annihilape|3/100
|-damage|p1a: Overqwil|18/100|[from] item: Life Orb
|move|p1b: Incineroar|Fake Out||[still]
|-hint|Fake Out only works on your first turn out.
|-fail|p1b: Incineroar
|
|-weather|Snowscape|[upkeep]
|upkeep
|turn|4
|
|t:|1757910906
|switch|p1b: Archaludon|Archaludon, L50, M|100/100
|move|p1a: Overqwil|Protect|p1a: Overqwil
|-singleturn|p1a: Overqwil|Protect
|move|p2a: Ninetales|Blizzard|p1a: Overqwil|[spread] p1b
|-activate|p1a: Overqwil|move: Protect
|-damage|p1b: Archaludon|66/100
|move|p2b: Annihilape|Drain Punch|p1a: Overqwil
|-activate|p1a: Overqwil|move: Protect
|
|-weather|Snowscape|[upkeep]
|upkeep
|turn|5
|
|t:|1757910942
|switch|p1a: Incineroar|Incineroar, L50, F|11/100
|-ability|p1a: Incineroar|Intimidate|boost
|-unboost|p2a: Ninetales|atk|1
|-unboost|p2b: Annihilape|atk|1
|-ability|p2b: Annihilape|Defiant|boost
|-boost|p2b: Annihilape|atk|2
|move|p1b: Archaludon|Dragon Pulse|p2b: Annihilape
|-damage|p2b: Annihilape|0 fnt
|faint|p2b: Annihilape
|move|p2a: Ninetales|Encore||[still]
|-fail|p2a: Ninetales
|
|-weather|Snowscape|[upkeep]
|upkeep
|
|t:|1757910959
|switch|p2b: Ursaluna|Ursaluna-Bloodmoon, L50, M|100/100
|turn|6
|
|t:|1757910990
|-terastallize|p2b: Ursaluna|Fairy
|move|p1a: Incineroar|Fake Out|p2a: Ninetales
|-damage|p2a: Ninetales|92/100
|move|p1b: Archaludon|Aura Sphere|p2b: Ursaluna
|-resisted|p2b: Ursaluna
|-damage|p2b: Ursaluna|91/100
|move|p2a: Ninetales|Encore|p1b: Archaludon
|-start|p1b: Archaludon|Encore
|move|p2b: Ursaluna|Earth Power|p1a: Incineroar
|-supereffective|p1a: Incineroar
|-damage|p1a: Incineroar|0 fnt
|faint|p1a: Incineroar
|
|-weather|Snowscape|[upkeep]
|upkeep
|
|t:|1757911002
|switch|p1a: Overqwil|Overqwil, L50, F, tera:Water|18/100
|turn|7
|
|t:|1757911016
|move|p1b: Archaludon|Aura Sphere|p2a: Ninetales
|-damage|p2a: Ninetales|65/100
|move|p2a: Ninetales|Aurora Veil|p2a: Ninetales
|-sidestart|p2: medwar|move: Aurora Veil
|move|p1a: Overqwil|Barb Barrage|p2b: Ursaluna
|-supereffective|p2b: Ursaluna
|-damage|p2b: Ursaluna|55/100
|-damage|p1a: Overqwil|8/100|[from] item: Life Orb
|move|p2b: Ursaluna|Earth Power|p1b: Archaludon
|-supereffective|p1b: Archaludon
|-damage|p1b: Archaludon|0 fnt
|faint|p1b: Archaludon
|
|-weather|none
|upkeep
|turn|8
|
|t:|1757911034
|move|p2a: Ninetales|Blizzard|p1a: Overqwil|[miss]
|-miss|p2a: Ninetales|p1a: Overqwil
|move|p1a: Overqwil|Barb Barrage|p2b: Ursaluna
|-supereffective|p2b: Ursaluna
|-damage|p2b: Ursaluna|19/100
|-status|p2b: Ursaluna|psn
|-damage|p1a: Overqwil|0 fnt|[from] item: Life Orb
|faint|p1a: Overqwil
|
|win|medwar
||medwar is ready for game 2.
|l|‽j.arch
|player|p1|
|inactive|j.arch has 30 seconds to confirm battle start!
||j.arch is ready for game 2.
|uhtml|next|Next: Game 2 of 3
