|j|☆Da Newnew
|j|☆RamonTheKiller
|html|Da NewnewRamonTheKiller    
|uhtml|bestof|Game 2 of a best-of-3
|t:|1756404951
|gametype|doubles
|player|p1|Da Newnew|169|1162
|player|p2|RamonTheKiller|palmer|1072
|gen|9
|tier|[Gen 9] VGC 2025 Reg H (Bo3)
|rated|
|rule|Species Clause: Limit one of each Pokémon
|rule|Item Clause: Limit 1 of each item
|clearpoke
|poke|p1|Tyranitar, L50, F|
|poke|p1|Volcarona, L50, F|
|poke|p1|Houndstone, L50, M|
|poke|p1|Sneasler, L50, F|
|poke|p1|Rillaboom, L50, M|
|poke|p1|Dragonite, L50, F|
|poke|p2|Incineroar, L50, F|
|poke|p2|Amoonguss, L50, M|
|poke|p2|Gholdengo, L50|
|poke|p2|Dragonite, L50, F|
|poke|p2|Sneasler, L50, M|
|poke|p2|Primarina, L50, M|
|teampreview|4
|showteam|p1|Tyranitar||AssaultVest|SandStream|RockSlide,KnockOff,TeraBlast,LowKick|||F|||50|,,,,,Flying]Volcarona||Leftovers|FlameBody|HeatWave,GigaDrain,QuiverDance,Protect|||F|||50|,,,,,Dragon]Houndstone||ClearAmulet|SandRush|Protect,LastRespects,PsychicFangs,Poltergeist|||M|||50|,,,,,Ghost]Sneasler||GrassySeed|Unburden|Protect,DireClaw,CloseCombat,Coaching|||F|||50|,,,,,Stellar]Rillaboom||MiracleSeed|GrassySurge|FakeOut,GrassyGlide,WoodHammer,HighHorsepower|||M|||50|,,,,,Fire]Dragonite||LoadedDice|Multiscale|ScaleShot,Haze,Tailwind,ExtremeSpeed|||F|||50|,,,,,Dragon
|showteam|p2|Incineroar||SafetyGoggles|Intimidate|KnockOff,FakeOut,PartingShot,FlareBlitz|||F|||50|,,,,,Ghost]Amoonguss||RockyHelmet|Regenerator|RagePowder,PollenPuff,Spore,Protect|||M|||50|,,,,,Fairy]Gholdengo||LifeOrb|GoodasGold|MakeItRain,ShadowBall,NastyPlot,Protect||||||50|,,,,,Water]Dragonite||LoadedDice|Multiscale|ScaleShot,Protect,Tailwind,Haze|||F|||50|,,,,,Fairy]Sneasler||FocusSash|Unburden|DireClaw,CloseCombat,Protect,ThroatChop|||M|||50|,,,,,Stellar]Primarina||AssaultVest|LiquidVoice|HyperVoice,Moonblast,IcyWind,TeraBlast|||M|||50|,,,,,Poison
|inactive|Battle timer is ON: inactive players will automatically lose when time's up. (requested by RamonTheKiller)
|
|t:|1756404991
|teamsize|p1|4
|teamsize|p2|4
|start
|switch|p1a: Tyranitar|Tyranitar, L50, F|100/100
|switch|p1b: Sneasler|Sneasler, L50, F|100/100
|switch|p2a: Dragonite|Dragonite, L50, F|100/100
|switch|p2b: Primarina|Primarina, L50, M|100/100
|-weather|Sandstorm|[from] ability: Sand Stream|[of] p1a: Tyranitar
|turn|1
|
|t:|1756405007
|-terastallize|p2b: Primarina|Poison
|move|p1b: Sneasler|Dire Claw|p2a: Dragonite
|-damage|p2a: Dragonite|75/100
|-status|p2a: Dragonite|slp
|cant|p2a: Dragonite|slp
|move|p1a: Tyranitar|Rock Slide|p2a: Dragonite|[spread] p2b
|-miss|p1a: Tyranitar|p2a: Dragonite
|-damage|p2b: Primarina|63/100
|move|p2b: Primarina|Hyper Voice|p1a: Tyranitar|[spread] p1a,p1b
|-supereffective|p1a: Tyranitar
|-damage|p1a: Tyranitar|70/100
|-damage|p1b: Sneasler|46/100
|
|-weather|Sandstorm|[upkeep]
|-damage|p1b: Sneasler|40/100|[from] Sandstorm
|-damage|p2a: Dragonite|69/100 slp|[from] Sandstorm
|-damage|p2b: Primarina|57/100|[from] Sandstorm
|upkeep
|turn|2
|inactive|RamonTheKiller has 30 seconds left.
|
|t:|1756405035
|move|p1b: Sneasler|Coaching|p1a: Tyranitar
|-boost|p1a: Tyranitar|atk|1
|-boost|p1a: Tyranitar|def|1
|cant|p2a: Dragonite|slp
|move|p1a: Tyranitar|Rock Slide|p2a: Dragonite|[spread] p2a,p2b
|-supereffective|p2a: Dragonite
|-damage|p2a: Dragonite|0 fnt
|-damage|p2b: Primarina|2/100
|faint|p2a: Dragonite
|move|p2b: Primarina|Hyper Voice|p1a: Tyranitar|[spread] p1a,p1b
|-supereffective|p1a: Tyranitar
|-crit|p1a: Tyranitar
|-damage|p1a: Tyranitar|30/100
|-damage|p1b: Sneasler|0 fnt
|faint|p1b: Sneasler
|
|-weather|Sandstorm|[upkeep]
|-damage|p2b: Primarina|0 fnt|[from] Sandstorm
|faint|p2b: Primarina
|upkeep
|
|t:|1756405054
|switch|p1b: Rillaboom|Rillaboom, L50, M|100/100
|switch|p2a: Gholdengo|Gholdengo, L50|100/100
|switch|p2b: Incineroar|Incineroar, L50, F|100/100
|-ability|p2b: Incineroar|Intimidate|boost
|-unboost|p1a: Tyranitar|atk|1
|-unboost|p1b: Rillaboom|atk|1
|-fieldstart|move: Grassy Terrain|[from] ability: Grassy Surge|[of] p1b: Rillaboom
|turn|3
|inactive|Da Newnew has 30 seconds left.
|inactive|Da Newnew has 20 seconds left.
|inactive|Da Newnew has 15 seconds left.
|
|t:|1756405095
|move|p2b: Incineroar|Fake Out|p1a: Tyranitar
|-resisted|p1a: Tyranitar
|-damage|p1a: Tyranitar|27/100
|move|p1b: Rillaboom|Fake Out|p2b: Incineroar
|-damage|p2b: Incineroar|90/100
|move|p2a: Gholdengo|Nasty Plot|p2a: Gholdengo
|-boost|p2a: Gholdengo|spa|2
|cant|p1a: Tyranitar|flinch
|
|-weather|Sandstorm|[upkeep]
|-damage|p1b: Rillaboom|95/100|[from] Sandstorm
|-heal|p2b: Incineroar|96/100|[from] Grassy Terrain
|-heal|p1b: Rillaboom|100/100|[from] Grassy Terrain
|-heal|p1a: Tyranitar|33/100|[from] Grassy Terrain
|upkeep
|turn|4
|
|t:|1756405120
|-terastallize|p1b: Rillaboom|Fire
|move|p2a: Gholdengo|Make It Rain|p1a: Tyranitar|[spread] p1a,p1b
|-supereffective|p1a: Tyranitar
|-resisted|p1b: Rillaboom
|-damage|p1a: Tyranitar|0 fnt
|-damage|p1b: Rillaboom|27/100
|-unboost|p2a: Gholdengo|spa|1
|faint|p1a: Tyranitar
|-damage|p2a: Gholdengo|91/100|[from] item: Life Orb
|move|p2b: Incineroar|Knock Off|p1b: Rillaboom
|-damage|p1b: Rillaboom|0 fnt
|-enditem|p1b: Rillaboom|Miracle Seed|[from] move: Knock Off|[of] p2b: Incineroar
|faint|p1b: Rillaboom
|
|-weather|Sandstorm|[upkeep]
|-heal|p2a: Gholdengo|97/100|[from] Grassy Terrain
|-heal|p2b: Incineroar|100/100|[from] Grassy Terrain
|upkeep
|
|t:|1756405134
|switch|p1b: Dragonite|Dragonite, L50, F|100/100
|turn|5
|
|t:|1756405143
|move|p2a: Gholdengo|Make It Rain|p1b: Dragonite
|-damage|p1b: Dragonite|41/100
|-unboost|p2a: Gholdengo|spa|1
|-damage|p2a: Gholdengo|87/100|[from] item: Life Orb
|move|p1b: Dragonite|Scale Shot|p2b: Incineroar
|-damage|p2b: Incineroar|88/100
|-damage|p2b: Incineroar|75/100
|-damage|p2b: Incineroar|63/100
|-damage|p2b: Incineroar|49/100
|-damage|p2b: Incineroar|35/100
|-hitcount|p2b: Incineroar|5
|-unboost|p1b: Dragonite|def|1
|-boost|p1b: Dragonite|spe|1
|move|p2b: Incineroar|Knock Off|p1b: Dragonite
|-damage|p1b: Dragonite|0 fnt
|-enditem|p1b: Dragonite|Loaded Dice|[from] move: Knock Off|[of] p2b: Incineroar
|faint|p1b: Dragonite
|
|win|RamonTheKiller
|raw|Da Newnew's rating: 1162 → 1131(-31 for losing)
|raw|RamonTheKiller's rating: 1072 → 1109(+37 for winning)
|l|☆Da Newnew
|player|p1|
