|j|Ōśådracojackson
|j|ŌśåRelentlessRogue
|html|dracojacksonRelentlessRogue    
|uhtml|bestof|Game 1 of a best-of-3
|t:|1757005064
|gametype|doubles
|player|p1|dracojackson|hilbert|
|player|p2|RelentlessRogue|ethan|
|gen|9
|tier|[Gen 9] VGC 2025 Reg H (Bo3)
|rule|Species Clause: Limit one of each Pok├®mon
|rule|Item Clause: Limit 1 of each item
|clearpoke
|poke|p1|Porygon2, L50|
|poke|p1|Amoonguss, L50, F|
|poke|p1|Incineroar, L50, M|
|poke|p1|Ursaluna, L50, M|
|poke|p1|Gholdengo, L50|
|poke|p1|Dragonite, L50, M|
|poke|p2|Ursaluna, L50, F|
|poke|p2|Archaludon, L50, F|
|poke|p2|Sinistcha, L50|
|poke|p2|Dragonite, L50, M|
|poke|p2|Pelipper, L50, M|
|poke|p2|Incineroar, L50, F|
|teampreview|4
|showteam|p1|Porygon2||Eviolite|Download|TeraBlast,IceBeam,Recover,TrickRoom||||||50|,,,,,Fighting]Amoonguss||SitrusBerry|Regenerator|PollenPuff,Spore,RagePowder,Protect|||F|||50|,,,,,Water]Incineroar||SafetyGoggles|Intimidate|FakeOut,KnockOff,FlareBlitz,PartingShot|||M|||50|,,,,,Ghost]Ursaluna||FlameOrb|Guts|HeadlongRush,Facade,Earthquake,Protect|||M|||50|,,,,,Ghost]Gholdengo||LifeOrb|GoodasGold|MakeItRain,ShadowBall,NastyPlot,Protect||||||50|,,,,,Dragon]Dragonite||LoadedDice|Multiscale|ScaleShot,Haze,Tailwind,Protect|||M|||50|,,,,,Steel
|showteam|p2|Ursaluna||FlameOrb|Guts|Facade,HeadlongRush,Earthquake,Protect|||F|||50|,,,,,Psychic]Archaludon||AssaultVest|Stamina|FlashCannon,DragonPulse,ElectroShot,BodyPress|||F|||50|,,,,,Fighting]Sinistcha||SitrusBerry|Hospitality|MatchaGotcha,RagePowder,LifeDew,TrickRoom||||||50|,,,,,Dark]Dragonite||LoadedDice|Multiscale|ScaleShot,Tailwind,Haze,Protect|||M|||50|,,,,,Steel]Pelipper||FocusSash|Drizzle|WeatherBall,Hurricane,WideGuard,Protect|||M|||50|,,,,,Stellar]Incineroar||SafetyGoggles|Intimidate|FlareBlitz,KnockOff,PartingShot,FakeOut|||F|||50|,,,,,Ghost
|inactive|Battle timer is ON: inactive players will automatically lose when time's up. (requested by RelentlessRogue)
|c|Ōśådracojackson|timer off?
|c|Ōśådracojackson|plz
|inactiveoff|Battle timer is now OFF.
|c|Ōśådracojackson|ty :)
|c|ŌśåRelentlessRogue|ofc
|
|t:|1757005138
|teamsize|p1|4
|teamsize|p2|4
|start
|switch|p1a: Tomato|Incineroar, L50, M|100/100
|switch|p1b: Windows 11|Porygon2, L50, shiny|100/100
|switch|p2a: Dragonite|Dragonite, L50, M|100/100
|switch|p2b: Ursaluna|Ursaluna, L50, F|100/100
|-ability|p1a: Tomato|Intimidate|boost
|-unboost|p2a: Dragonite|atk|1
|-unboost|p2b: Ursaluna|atk|1
|-ability|p1b: Windows 11|Download|boost
|-boost|p1b: Windows 11|spa|1
|turn|1
|c|Ōśådracojackson|glhf
|c|ŌśåRelentlessRogue|gl hf!
|
|t:|1757005174
|switch|p2a: Incineroar|Incineroar, L50, F|100/100
|-ability|p2a: Incineroar|Intimidate|boost
|-unboost|p1a: Tomato|atk|1
|-unboost|p1b: Windows 11|atk|1
|move|p2b: Ursaluna|Protect|p2b: Ursaluna
|-singleturn|p2b: Ursaluna|Protect
|move|p1a: Tomato|Parting Shot|p2a: Incineroar
|-unboost|p2a: Incineroar|atk|1
|-unboost|p2a: Incineroar|spa|1
|
|t:|1757005188
|switch|p1a: IGOR|Ursaluna, L50, M, shiny|100/100|[from] Parting Shot
|move|p1b: Windows 11|Trick Room|p1b: Windows 11
|-fieldstart|move: Trick Room|[of] p1b: Windows 11
|
|-status|p2b: Ursaluna|brn|[from] item: Flame Orb
|-status|p1a: IGOR|brn|[from] item: Flame Orb
|upkeep
|turn|2
|
|t:|1757005218
|move|p2a: Incineroar|Fake Out|p1a: IGOR
|-damage|p1a: IGOR|95/100 brn
|move|p2b: Ursaluna|Facade|p1b: Windows 11
|-damage|p1b: Windows 11|50/100
|move|p1b: Windows 11|Ice Beam|p2b: Ursaluna
|-supereffective|p2b: Ursaluna
|-damage|p2b: Ursaluna|31/100 brn
|cant|p1a: IGOR|flinch
|
|-damage|p2b: Ursaluna|25/100 brn|[from] brn
|-damage|p1a: IGOR|89/100 brn|[from] brn
|upkeep
|turn|3
|
|t:|1757005256
|switch|p2a: Sinistcha|Sinistcha, L50|100/100
|-heal|p2b: Ursaluna|49/100 brn|[from] ability: Hospitality|[of] p2a: Sinistcha
|switch|p1b: Tomato|Incineroar, L50, M|100/100
|-ability|p1b: Tomato|Intimidate|boost
|-unboost|p2a: Sinistcha|atk|1
|-unboost|p2b: Ursaluna|atk|1
|move|p2b: Ursaluna|Protect|p2b: Ursaluna
|-singleturn|p2b: Ursaluna|Protect
|move|p1a: IGOR|Facade|p2b: Ursaluna
|-activate|p2b: Ursaluna|move: Protect
|
|-damage|p2b: Ursaluna|44/100 brn|[from] brn
|-damage|p1a: IGOR|83/100 brn|[from] brn
|upkeep
|turn|4
|
|t:|1757005330
|switch|p2b: Incineroar|Incineroar, L50, F|100/100
|-ability|p2b: Incineroar|Intimidate|boost
|-unboost|p1a: IGOR|atk|1
|-unboost|p1b: Tomato|atk|1
|switch|p1a: LaFawnduh|Amoonguss, L50, F, shiny|100/100
|move|p1b: Tomato|Fake Out|p2b: Incineroar
|-damage|p2b: Incineroar|93/100
|move|p2a: Sinistcha|Matcha Gotcha|p1b: Tomato|[spread] p1a
|-miss|p2a: Sinistcha|p1b: Tomato
|-resisted|p1a: LaFawnduh
|-damage|p1a: LaFawnduh|95/100
|
|upkeep
|turn|5
|
|t:|1757005374
|switch|p1a: IGOR|Ursaluna, L50, M, shiny|83/100 brn
|move|p2b: Incineroar|Parting Shot|p1b: Tomato
|-unboost|p1b: Tomato|atk|1
|-unboost|p1b: Tomato|spa|1
|
|t:|1757005379
|switch|p2b: Dragonite|Dragonite, L50, M|100/100|[from] Parting Shot
|move|p2a: Sinistcha|Life Dew||[still]|[still]|[spread] 
|-fail|p2a: Sinistcha|heal
|-fail|p2b: Dragonite|heal
|move|p1b: Tomato|Parting Shot|p2b: Dragonite
|-unboost|p2b: Dragonite|atk|1
|-unboost|p2b: Dragonite|spa|1
|
|t:|1757005388
|switch|p1b: Windows 11|Porygon2, L50, shiny|50/100|[from] Parting Shot
|-ability|p1b: Windows 11|Download|boost
|-boost|p1b: Windows 11|spa|1
|
|-damage|p1a: IGOR|77/100 brn|[from] brn
|-fieldend|move: Trick Room
|upkeep
|turn|6
|
|t:|1757005402
|switch|p2b: Incineroar|Incineroar, L50, F|93/100
|-ability|p2b: Incineroar|Intimidate|boost
|-unboost|p1a: IGOR|atk|1
|-unboost|p1b: Windows 11|atk|1
|move|p2a: Sinistcha|Matcha Gotcha|p1a: IGOR|[spread] p1b
|-miss|p2a: Sinistcha|p1a: IGOR
|-damage|p1b: Windows 11|35/100
|move|p1a: IGOR|Facade|p2b: Incineroar
|-damage|p2b: Incineroar|24/100
|move|p1b: Windows 11|Recover|p1b: Windows 11
|-heal|p1b: Windows 11|85/100
|
|-damage|p1a: IGOR|71/100 brn|[from] brn
|upkeep
|turn|7
|
|t:|1757005464
|switch|p1a: Tomato|Incineroar, L50, M|100/100
|-ability|p1a: Tomato|Intimidate|boost
|-unboost|p2a: Sinistcha|atk|1
|-unboost|p2b: Incineroar|atk|1
|-terastallize|p2b: Incineroar|Ghost
|move|p2a: Sinistcha|Matcha Gotcha|p1b: Windows 11|[spread] p1a
|-miss|p2a: Sinistcha|p1b: Windows 11
|-resisted|p1a: Tomato
|-crit|p1a: Tomato
|-damage|p1a: Tomato|82/100
|move|p1b: Windows 11|Ice Beam|p2a: Sinistcha
|-supereffective|p2a: Sinistcha
|-damage|p2a: Sinistcha|28/100
|-enditem|p2a: Sinistcha|Sitrus Berry|[eat]
|-heal|p2a: Sinistcha|53/100|[from] item: Sitrus Berry
|move|p2b: Incineroar|Parting Shot|p1b: Windows 11
|-unboost|p1b: Windows 11|atk|1
|-unboost|p1b: Windows 11|spa|1
|
|t:|1757005479
|switch|p2b: Dragonite|Dragonite, L50, M|100/100|[from] Parting Shot
|
|upkeep
|turn|8
|
|t:|1757005497
|switch|p2a: Incineroar|Incineroar, L50, F, tera:Ghost|24/100
|-ability|p2a: Incineroar|Intimidate|boost
|-unboost|p1a: Tomato|atk|1
|-unboost|p1b: Windows 11|atk|1
|move|p2b: Dragonite|Scale Shot|p1a: Tomato
|-damage|p1a: Tomato|65/100
|-damage|p1a: Tomato|49/100
|-damage|p1a: Tomato|33/100
|-damage|p1a: Tomato|18/100
|-hitcount|p1a: Tomato|4
|-unboost|p2b: Dragonite|def|1
|-boost|p2b: Dragonite|spe|1
|move|p1a: Tomato|Knock Off|p2a: Incineroar
|-supereffective|p2a: Incineroar
|-damage|p2a: Incineroar|0 fnt
|-enditem|p2a: Incineroar|Safety Goggles|[from] move: Knock Off|[of] p1a: Tomato
|faint|p2a: Incineroar
|move|p1b: Windows 11|Trick Room|p1b: Windows 11
|-fieldstart|move: Trick Room|[of] p1b: Windows 11
|
|upkeep
|
|t:|1757005504
|switch|p2a: Ursaluna|Ursaluna, L50, F|44/100 brn
|turn|9
|
|t:|1757005520
|switch|p1a: LaFawnduh|Amoonguss, L50, F, shiny|100/100
|switch|p2b: Sinistcha|Sinistcha, L50|53/100
|-heal|p2a: Ursaluna|68/100 brn|[from] ability: Hospitality|[of] p2b: Sinistcha
|-terastallize|p1b: Windows 11|Fighting
|move|p2a: Ursaluna|Earthquake|p1a: LaFawnduh|[spread] p2b,p1a,p1b
|-resisted|p2b: Sinistcha
|-damage|p2b: Sinistcha|27/100
|-damage|p1a: LaFawnduh|47/100
|-damage|p1b: Windows 11|46/100
|-enditem|p1a: LaFawnduh|Sitrus Berry|[eat]
|-heal|p1a: LaFawnduh|72/100|[from] item: Sitrus Berry
|move|p1b: Windows 11|Tera Blast|p2a: Ursaluna|[anim] Tera Blast Fighting
|-supereffective|p2a: Ursaluna
|-damage|p2a: Ursaluna|8/100 brn
|
|-damage|p2a: Ursaluna|2/100 brn|[from] brn
|upkeep
|turn|10
|
|t:|1757005547
|move|p2a: Ursaluna|Protect|p2a: Ursaluna
|-singleturn|p2a: Ursaluna|Protect
|move|p1a: LaFawnduh|Pollen Puff|p2a: Ursaluna
|-activate|p2a: Ursaluna|move: Protect
|move|p1b: Windows 11|Ice Beam|p2b: Sinistcha
|-supereffective|p2b: Sinistcha
|-damage|p2b: Sinistcha|0 fnt
|faint|p2b: Sinistcha
|
|-damage|p2a: Ursaluna|0 fnt|[from] brn
|faint|p2a: Ursaluna
|upkeep
|
|t:|1757005556
|switch|p2a: Dragonite|Dragonite, L50, M|100/100
|turn|11
|
|t:|1757005562
|move|p1a: LaFawnduh|Pollen Puff|p2a: Dragonite
|-resisted|p2a: Dragonite
|-damage|p2a: Dragonite|96/100
|move|p1b: Windows 11|Ice Beam|p2a: Dragonite
|-supereffective|p2a: Dragonite
|-damage|p2a: Dragonite|0 fnt
|faint|p2a: Dragonite
|
|win|dracojackson
||RelentlessRogue is ready for game 2.
||dracojackson is ready for game 2.
|uhtml|next|Next: Game 2 of 3
