|j|☆MarillRag1
|j|☆sidhuistic
|html|MarillRag1sidhuistic    
|uhtml|bestof|Game 1 of a best-of-3
|t:|1786104772
|gametype|doubles
|player|p1|MarillRag1|2|1234
|player|p2|sidhuistic|richboy-gen4|1187
|gen|9
|tier|[Gen 9 Champions] VGC 2026 Reg M-B (Bo3)
|rated|
|rule|Species Clause: Limit one of each Pokémon
|rule|Item Clause: Limit 1 of each item
|clearpoke
|poke|p1|Pelipper, L50, M|
|poke|p1|Grimmsnarl, L50, M|
|poke|p1|Swampert, L50, F|
|poke|p1|Sinistcha, L50|
|poke|p1|Sneasler, L50, F|
|poke|p1|Gholdengo, L50|
|poke|p2|Garchomp, L50, F|
|poke|p2|Scizor, L50, F|
|poke|p2|Venusaur, L50, F|
|poke|p2|Tyranitar, L50, F|
|poke|p2|Sneasler, L50, F|
|poke|p2|Whimsicott, L50, F|
|teampreview|4
|showteam|p1|Pelipper||SitrusBerry|Drizzle|Hurricane,WeatherBall,WideGuard,Tailwind|Modest||M|||50|]Grimmsnarl||LightClay|Prankster|SpiritBreak,LightScreen,PartingShot,Reflect|Sassy||M|||50|]Swampert||Swampertite|Torrent|Protect,WaveCrash,StompingTantrum,IcePunch|Adamant||F|||50|]Sinistcha||ColburBerry|Hospitality|MatchaGotcha,RagePowder,Protect,TrickRoom|Bold|||||50|]Sneasler||FocusSash|PoisonTouch|CloseCombat,DireClaw,FakeOut,Coaching|Jolly||F|||50|]Gholdengo||LifeOrb|GoodasGold|MakeItRain,ShadowBall,NastyPlot,Protect|Modest|||||50|
|showteam|p2|Garchomp||Garchompite|RoughSkin|EarthPower,DracoMeteor,PowerGem,Protect|Modest||F|||50|]Scizor||LifeOrb|Technician|BulletPunch,BugBite,SwordsDance,Protect|Adamant||F|||50|]Venusaur||Venusaurite|Chlorophyll|GigaDrain,SludgeBomb,EarthPower,Protect|Modest||F|||50|]Tyranitar||ChoiceScarf|SandStream|RockSlide,KnockOff,IcePunch,Superpower|Jolly||F|||50|]Sneasler||WhiteHerb|Unburden|PoisonJab,CloseCombat,FakeOut,Protect|Jolly||F|||50|]Whimsicott||FocusSash|Prankster|Tailwind,Moonblast,Encore,Protect|Timid||F|||50|
|inactive|Battle timer is ON: inactive players will automatically lose when time's up. (requested by sidhuistic)
|
|t:|1786104810
|teamsize|p1|4
|teamsize|p2|4
|start
|switch|p1a: Sneasler|Sneasler, L50, F|100/100
|switch|p1b: Swampert|Swampert, L50, F|100/100
|switch|p2a: Venusaur|Venusaur, L50, F|100/100
|switch|p2b: Whimsicott|Whimsicott, L50, F|100/100
|turn|1
|inactive|MarillRag1 has 30 seconds left.
|
|t:|1786104844
|detailschange|p1b: Swampert|Swampert-Mega, L50, F
|-mega|p1b: Swampert|Swampert|Swampertite
|move|p1b: Swampert|Protect|p1b: Swampert
|-singleturn|p1b: Swampert|Protect
|move|p2a: Venusaur|Protect|p2a: Venusaur
|-singleturn|p2a: Venusaur|Protect
|move|p2b: Whimsicott|Tailwind|p2b: Whimsicott
|-sidestart|p2: sidhuistic|move: Tailwind
|move|p1a: Sneasler|Dire Claw|p2b: Whimsicott
|-supereffective|p2b: Whimsicott|2
|-enditem|p2b: Whimsicott|Focus Sash
|-damage|p2b: Whimsicott|1/100
|-status|p2b: Whimsicott|slp
|
|upkeep
|turn|2
|
|t:|1786104865
|switch|p1b: Pelipper|Pelipper, L50, M|100/100
|-weather|RainDance|[from] ability: Drizzle|[of] p1b: Pelipper
|detailschange|p2a: Venusaur|Venusaur-Mega, L50, F
|-mega|p2a: Venusaur|Venusaur|Venusaurite
|cant|p2b: Whimsicott|slp
|move|p2a: Venusaur|Giga Drain|p1b: Pelipper
|-damage|p1b: Pelipper|56/100
|move|p1a: Sneasler|Dire Claw|p2a: Venusaur
|-damage|p2a: Venusaur|67/100
|
|-weather|RainDance|[upkeep]
|upkeep
|turn|3
|
|t:|1786104884
|move|p2a: Venusaur|Protect|p2a: Venusaur
|-singleturn|p2a: Venusaur|Protect
|cant|p2b: Whimsicott|slp
|move|p1a: Sneasler|Dire Claw|p2b: Whimsicott
|-supereffective|p2b: Whimsicott|2
|-damage|p2b: Whimsicott|0 fnt
|-fail|p2b: Whimsicott
|faint|p2b: Whimsicott
|move|p1b: Pelipper|Tailwind|p1b: Pelipper
|-sidestart|p1: MarillRag1|move: Tailwind
|
|-weather|RainDance|[upkeep]
|upkeep
|
|t:|1786104896
|switch|p2b: Sneasler|Sneasler, L50, F|100/100
|turn|4
|
|t:|1786104918
|switch|p1b: Gholdengo|Gholdengo, L50|100/100
|move|p2b: Sneasler|Fake Out|p1b: Gholdengo
|-immune|p1b: Gholdengo
|move|p1a: Sneasler|Dire Claw|p2a: Venusaur
|-damage|p2a: Venusaur|32/100
|move|p2a: Venusaur|Earth Power|p1a: Sneasler
|-supereffective|p1a: Sneasler|1
|-damage|p1a: Sneasler|19/100
|-unboost|p1a: Sneasler|spd|1
|
|-weather|RainDance|[upkeep]
|-sideend|p2: sidhuistic|move: Tailwind
|upkeep
|turn|5
|
|t:|1786104939
|switch|p2a: Tyranitar|Tyranitar, L50, F|100/100
|-weather|Sandstorm|[from] ability: Sand Stream|[of] p2a: Tyranitar
|move|p1a: Sneasler|Dire Claw|p2a: Tyranitar
|-resisted|p2a: Tyranitar|1
|-damage|p2a: Tyranitar|80/100
|-status|p2a: Tyranitar|psn|[from] ability: Poison Touch|[of] p1a: Sneasler
|move|p1b: Gholdengo|Nasty Plot|p1b: Gholdengo
|-boost|p1b: Gholdengo|spa|2
|move|p2b: Sneasler|Poison Jab|p1a: Sneasler
|-resisted|p1a: Sneasler|1
|-damage|p1a: Sneasler|0 fnt
|faint|p1a: Sneasler
|
|-weather|Sandstorm|[upkeep]
|-damage|p2b: Sneasler|94/100|[from] Sandstorm
|-damage|p2a: Tyranitar|68/100 psn|[from] psn
|upkeep
|inactive|MarillRag1 has 30 seconds left.
|inactive|MarillRag1 has 20 seconds left.
|
|t:|1786104977
|switch|p1a: Pelipper|Pelipper, L50, M|56/100
|-weather|RainDance|[from] ability: Drizzle|[of] p1a: Pelipper
|turn|6
|
|t:|1786104999
|move|p1b: Gholdengo|Protect|p1b: Gholdengo
|-singleturn|p1b: Gholdengo|Protect
|move|p2b: Sneasler|Poison Jab|p1a: Pelipper
|-damage|p1a: Pelipper|11/100
|-status|p1a: Pelipper|psn
|-enditem|p1a: Pelipper|Sitrus Berry|[eat]
|-heal|p1a: Pelipper|36/100 psn|[from] item: Sitrus Berry
|move|p2a: Tyranitar|Knock Off|p1b: Gholdengo
|-activate|p1b: Gholdengo|move: Protect
|move|p1a: Pelipper|Weather Ball|p2a: Tyranitar
|-supereffective|p2a: Tyranitar|1
|-damage|p2a: Tyranitar|0 fnt
|faint|p2a: Tyranitar
|
|-weather|RainDance|[upkeep]
|-damage|p1a: Pelipper|24/100 psn|[from] psn
|-sideend|p1: MarillRag1|move: Tailwind
|upkeep
|
|t:|1786105011
|switch|p2a: Venusaur|Venusaur-Mega, L50, F|32/100
|turn|7
|
|t:|1786105022
|move|p2b: Sneasler|Poison Jab|p1a: Pelipper
|-damage|p1a: Pelipper|0 fnt
|faint|p1a: Pelipper
|move|p1b: Gholdengo|Make It Rain|p2b: Sneasler|[spread] p2a,p2b
|-damage|p2a: Venusaur|0 fnt
|-damage|p2b: Sneasler|0 fnt
|-unboost|p1b: Gholdengo|spa|2
|faint|p2a: Venusaur
|faint|p2b: Sneasler
|-damage|p1b: Gholdengo|90/100|[from] item: Life Orb
|
|win|MarillRag1
||MarillRag1 is ready for game 2.
||sidhuistic is ready for game 2.
|uhtml|next|Next: Game 2 of 3
|l|☆sidhuistic
|player|p2|
