|j|☆KodeBeast0526
|j|☆MapleSyrop
|html|KodeBeast0526MapleSyrop    
|uhtml|bestof|Game 2 of a best-of-3
|t:|1783556430
|gametype|doubles
|player|p1|KodeBeast0526|sailor|1118
|player|p2|MapleSyrop|2|1008
|gen|9
|tier|[Gen 9 Champions] VGC 2026 Reg M-B (Bo3)
|rated|
|rule|Species Clause: Limit one of each Pokémon
|rule|Item Clause: Limit 1 of each item
|clearpoke
|poke|p1|Garchomp, L50, M, shiny|
|poke|p1|Staraptor, L50, M, shiny|
|poke|p1|Whimsicott, L50, M, shiny|
|poke|p1|Incineroar, L50, M, shiny|
|poke|p1|Gholdengo, L50|
|poke|p1|Glimmora, L50, F, shiny|
|poke|p2|Decidueye-Hisui, L50, M|
|poke|p2|Charizard, L50, M|
|poke|p2|Whimsicott, L50, M|
|poke|p2|Garchomp, L50, M|
|poke|p2|Incineroar, L50, F|
|poke|p2|Sinistcha-Masterpiece, L50|
|teampreview|4
|showteam|p1|Garchomp||LifeOrb|RoughSkin|Earthquake,Protect,RockSlide,DragonClaw|Adamant||M|||50|]Staraptor||Staraptite|Intimidate|BraveBird,CloseCombat,Roost,Protect|Jolly||M|||50|]Whimsicott||FocusSash|Prankster|Moonblast,Tailwind,Tickle,FakeTears|Timid||M|||50|]Incineroar||SitrusBerry|Intimidate|FakeOut,PartingShot,FlareBlitz,DarkestLariat|Impish||M|||50|]Gholdengo||MetalCoat|GoodasGold|Protect,ShadowBall,MakeItRain,NastyPlot|Modest|||||50|]Glimmora||Glimmoranite|ToxicDebris|EarthPower,EnergyBall,GunkShot,SpikyShield|Timid||F|||50|
|showteam|p2|Decidueye-Hisui||LifeOrb|Scrappy|TripleArrows,SuckerPunch,LeafBlade,Protect|Adamant||M|||50|]Charizard||CharizarditeY|Blaze|HeatWave,SolarBeam,Protect,WeatherBall|Timid||M|||50|]Whimsicott||FocusSash|Prankster|Tailwind,SunnyDay,Encore,Moonblast|Bold||M|||50|]Garchomp||RoseliBerry|RoughSkin|Earthquake,RockSlide,Protect,DragonClaw|Jolly||M|||50|]Incineroar||SitrusBerry|Intimidate|DarkestLariat,FlareBlitz,FakeOut,PartingShot|Adamant||F|||50|]Sinistcha-Masterpiece||KasibBerry|Hospitality|MatchaGotcha,RagePowder,ShadowBall,Protect|Bold|||||50|
|
|t:|1783556469
|teamsize|p1|4
|teamsize|p2|4
|start
|switch|p1a: Staraptor|Staraptor, L50, M, shiny|100/100
|switch|p1b: Whimsicott|Whimsicott, L50, M, shiny|100/100
|switch|p2a: Whimsicott|Whimsicott, L50, M|100/100
|switch|p2b: Charizard|Charizard, L50, M|100/100
|-ability|p1a: Staraptor|Intimidate|boost
|-unboost|p2a: Whimsicott|atk|1
|-unboost|p2b: Charizard|atk|1
|turn|1
|
|t:|1783556503
|detailschange|p1a: Staraptor|Staraptor-Mega, L50, M, shiny
|-mega|p1a: Staraptor|Staraptor|Staraptite
|move|p2b: Charizard|Protect|p2b: Charizard
|-singleturn|p2b: Charizard|Protect
|move|p1b: Whimsicott|Tickle|p2b: Charizard
|-activate|p2b: Charizard|move: Protect
|move|p2a: Whimsicott|Encore|p1b: Whimsicott
|-start|p1b: Whimsicott|Encore
|move|p1a: Staraptor|Close Combat|p2b: Charizard
|-activate|p2b: Charizard|move: Protect
|
|upkeep
|turn|2
|
|t:|1783556526
|detailschange|p2b: Charizard|Charizard-Mega-Y, L50, M
|-mega|p2b: Charizard|Charizard|Charizardite Y
|-weather|SunnyDay|[from] ability: Drought|[of] p2b: Charizard
|move|p1b: Whimsicott|Tickle|p1a: Staraptor
|-boost|p1a: Staraptor|atk|1
|-boost|p1a: Staraptor|def|1
|move|p2a: Whimsicott|Tailwind|p2a: Whimsicott
|-sidestart|p2: MapleSyrop|move: Tailwind
|move|p2b: Charizard|Heat Wave|p1a: Staraptor|[spread] p1a,p1b
|-supereffective|p1b: Whimsicott|1
|-damage|p1a: Staraptor|26/100
|-enditem|p1b: Whimsicott|Focus Sash
|-damage|p1b: Whimsicott|1/100
|move|p1a: Staraptor|Close Combat|p2b: Charizard
|-resisted|p2b: Charizard|1
|-damage|p2b: Charizard|27/100
|-boost|p1a: Staraptor|def|1
|-boost|p1a: Staraptor|spd|1
|
|-weather|SunnyDay|[upkeep]
|upkeep
|turn|3
|
|t:|1783556549
|switch|p2a: Garchomp|Garchomp, L50, M|100/100
|move|p1b: Whimsicott|Tickle|p1a: Staraptor
|-boost|p1a: Staraptor|atk|1
|-boost|p1a: Staraptor|def|1
|move|p2b: Charizard|Heat Wave|p1a: Staraptor|[spread] p1a,p1b
|-supereffective|p1b: Whimsicott|1
|-damage|p1a: Staraptor|0 fnt
|-damage|p1b: Whimsicott|0 fnt
|faint|p1a: Staraptor
|faint|p1b: Whimsicott
|
|-weather|SunnyDay|[upkeep]
|upkeep
|
|t:|1783556556
|switch|p1b: Incineroar|Incineroar, L50, M, shiny|100/100
|switch|p1a: Garchomp|Garchomp, L50, M, shiny|100/100
|-ability|p1b: Incineroar|Intimidate|boost
|-unboost|p2a: Garchomp|atk|1
|-unboost|p2b: Charizard|atk|1
|turn|4
|
|t:|1783556572
|move|p1b: Incineroar|Fake Out|p2a: Garchomp
|-damage|p2a: Garchomp|89/100
|-damage|p1b: Incineroar|87/100|[from] ability: Rough Skin|[of] p2a: Garchomp
|cant|p2a: Garchomp|flinch
|move|p2b: Charizard|Solar Beam||[still]
|-prepare|p2b: Charizard|Solar Beam
|-anim|p2b: Charizard|Solar Beam|p1a: Garchomp
|-damage|p1a: Garchomp|46/100
|move|p1a: Garchomp|Rock Slide|p2b: Charizard|[spread] p2a,p2b
|-resisted|p2a: Garchomp|1
|-supereffective|p2b: Charizard|2
|-damage|p2a: Garchomp|75/100
|-damage|p2b: Charizard|0 fnt
|faint|p2b: Charizard
|-damage|p1a: Garchomp|36/100|[from] item: Life Orb
|
|-weather|SunnyDay|[upkeep]
|upkeep
|
|t:|1783556591
|switch|p2b: Whimsicott|Whimsicott, L50, M|100/100
|turn|5
|
|t:|1783556604
|move|p1a: Garchomp|Protect|p1a: Garchomp
|-singleturn|p1a: Garchomp|Protect
|move|p2b: Whimsicott|Encore|p1b: Incineroar
|-hint|Since gen 7, Dark is immune to Prankster moves.
|-immune|p1b: Incineroar
|move|p2a: Garchomp|Earthquake|p1b: Incineroar|[spread] p2b,p1b
|-activate|p1a: Garchomp|move: Protect
|-resisted|p2b: Whimsicott|1
|-supereffective|p1b: Incineroar|1
|-damage|p2b: Whimsicott|88/100
|-damage|p1b: Incineroar|49/100
|-enditem|p1b: Incineroar|Sitrus Berry|[eat]
|-heal|p1b: Incineroar|74/100|[from] item: Sitrus Berry
|move|p1b: Incineroar|Flare Blitz|p2b: Whimsicott
|-supereffective|p2b: Whimsicott|1
|-damage|p2b: Whimsicott|0 fnt
|faint|p2b: Whimsicott
|-damage|p1b: Incineroar|48/100|[from] Recoil
|
|-weather|SunnyDay|[upkeep]
|-sideend|p2: MapleSyrop|move: Tailwind
|upkeep
|
|t:|1783556620
|switch|p2b: Sinistcha|Sinistcha-Masterpiece, L50|100/100
|-heal|p2a: Garchomp|100/100|[from] ability: Hospitality|[of] p2b: Sinistcha
|turn|6
|
|t:|1783556633
|move|p2b: Sinistcha|Rage Powder|p2b: Sinistcha
|-singleturn|p2b: Sinistcha|move: Rage Powder
|move|p2a: Garchomp|Earthquake|p1a: Garchomp|[spread] p2b,p1a,p1b
|-resisted|p2b: Sinistcha|1
|-supereffective|p1b: Incineroar|1
|-damage|p2b: Sinistcha|91/100
|-damage|p1a: Garchomp|11/100
|-damage|p1b: Incineroar|8/100
|move|p1a: Garchomp|Rock Slide|p2a: Garchomp|[spread] p2a,p2b
|-resisted|p2a: Garchomp|1
|-crit|p2b: Sinistcha
|-damage|p2a: Garchomp|86/100
|-damage|p2b: Sinistcha|63/100
|-damage|p1a: Garchomp|2/100|[from] item: Life Orb
|move|p1b: Incineroar|Flare Blitz|p2b: Sinistcha
|-supereffective|p2b: Sinistcha|1
|-damage|p2b: Sinistcha|0 fnt
|faint|p2b: Sinistcha
|-damage|p1b: Incineroar|0 fnt|[from] Recoil
|faint|p1b: Incineroar
|
|-weather|none
|upkeep
|turn|7
|
|t:|1783556653
|move|p2a: Garchomp|Dragon Claw|p1a: Garchomp
|-supereffective|p1a: Garchomp|1
|-damage|p1a: Garchomp|0 fnt
|-damage|p2a: Garchomp|74/100|[from] ability: Rough Skin|[of] p1a: Garchomp
|faint|p1a: Garchomp
|
|win|MapleSyrop
|raw|KodeBeast0526's rating: 1118 → 1085(-33 for losing)
|raw|MapleSyrop's rating: 1008 → 1059(+51 for winning)
