|j|☆poopybutt714
|j|☆is_katabo
|html|poopybutt714is_katabo    
|uhtml|bestof|Game 3 of a best-of-3
|t:|1784521028
|gametype|doubles
|player|p1|poopybutt714|102|1263
|player|p2|is_katabo|youngster-gen4dp|1320
|gen|9
|tier|[Gen 9 Champions] VGC 2026 Reg M-B (Bo3)
|rated|
|rule|Species Clause: Limit one of each Pokémon
|rule|Item Clause: Limit 1 of each item
|clearpoke
|poke|p1|Sneasler, L50, M|
|poke|p1|Delphox, L50, M|
|poke|p1|Raichu, L50, M|
|poke|p1|Farigiraf, L50, F|
|poke|p1|Kingambit, L50, F|
|poke|p1|Torkoal, L50, F|
|poke|p2|Metagross, L50|
|poke|p2|Charizard, L50, F|
|poke|p2|Incineroar, L50, F|
|poke|p2|Toxapex, L50, F|
|poke|p2|Garchomp, L50, F|
|poke|p2|Hydreigon, L50, F|
|teampreview|4
|showteam|p1|Sneasler||FocusSash|PoisonTouch|DireClaw,Protect,FakeOut,CloseCombat|Jolly||M|||50|]Delphox||Delphoxite|Blaze|HeatWave,Encore,Protect,ExpandingForce|Timid||M|||50|]Raichu||RaichuniteY|Static|Protect,GrassKnot,FocusBlast,ZapCannon|Timid||M|||50|]Farigiraf||SitrusBerry|ArmorTail|Protect,HyperVoice,Thunderbolt,TrickRoom|Sassy||F|||50|]Kingambit||ExpertBelt|Defiant|Protect,KowtowCleave,IronHead,SuckerPunch|Brave||F|||50|]Torkoal||Charcoal|Drought|HeatWave,SolarBeam,LavaPlume,Eruption|Modest||F|||50|
|showteam|p2|Metagross||Metagrossite|ClearBody|PsychicFangs,BulletPunch,IcePunch,Protect|Jolly|||||50|]Charizard||CharizarditeY|Blaze|WeatherBall,SolarBeam,HeatWave,Protect|Modest||F|||50|]Incineroar||SitrusBerry|Intimidate|FakeOut,ThroatChop,FlareBlitz,PartingShot|Careful||F|||50|]Toxapex||Leftovers|Regenerator|Infestation,Toxic,WideGuard,BanefulBunker|Bold||F|||50|]Garchomp||LifeOrb|RoughSkin|DragonClaw,Earthquake,RockSlide,Protect|Jolly||F|||50|]Hydreigon||ChoiceScarf|Levitate|DracoMeteor,DarkPulse,Snarl,EarthPower|Modest||F|||50|
|
|t:|1784521066
|teamsize|p1|4
|teamsize|p2|4
|start
|switch|p1a: Raichu|Raichu, L50, M|100/100
|switch|p1b: Sneasler|Sneasler, L50, M|100/100
|switch|p2a: Garchomp|Garchomp, L50, F|100/100
|switch|p2b: Hydreigon|Hydreigon, L50, F|100/100
|turn|1
|
|t:|1784521085
|detailschange|p1a: Raichu|Raichu-Mega-Y, L50, M
|-mega|p1a: Raichu|Raichu|Raichunite Y
|move|p1a: Raichu|Protect|p1a: Raichu
|-singleturn|p1a: Raichu|Protect
|move|p1b: Sneasler|Protect|p1b: Sneasler
|-singleturn|p1b: Sneasler|Protect
|move|p2b: Hydreigon|Earth Power|p1a: Raichu
|-activate|p1a: Raichu|move: Protect
|move|p2a: Garchomp|Earthquake|p1b: Sneasler|[spread] 
|-activate|p1a: Raichu|move: Protect
|-activate|p1b: Sneasler|move: Protect
|-immune|p2b: Hydreigon|[from] ability: Levitate
|
|upkeep
|turn|2
|inactive|Battle timer is ON: inactive players will automatically lose when time's up. (requested by poopybutt714)
|
|t:|1784521097
|switch|p1a: Farigiraf|Farigiraf, L50, F|100/100
|move|p2b: Hydreigon|Earth Power|p1b: Sneasler
|-supereffective|p1b: Sneasler|1
|-damage|p1b: Sneasler|12/100
|move|p1b: Sneasler|Close Combat|p2b: Hydreigon
|-supereffective|p2b: Hydreigon|1
|-damage|p2b: Hydreigon|0 fnt
|-unboost|p1b: Sneasler|def|1
|-unboost|p1b: Sneasler|spd|1
|faint|p2b: Hydreigon
|move|p2a: Garchomp|Earthquake|p1a: Farigiraf|[spread] p1a,p1b
|-supereffective|p1b: Sneasler|1
|-damage|p1a: Farigiraf|55/100
|-damage|p1b: Sneasler|0 fnt
|faint|p1b: Sneasler
|-damage|p2a: Garchomp|90/100|[from] item: Life Orb
|
|upkeep
|
|t:|1784521110
|switch|p1b: Raichu|Raichu-Mega-Y, L50, M|100/100
|switch|p2b: Incineroar|Incineroar, L50, F|100/100
|-ability|p2b: Incineroar|Intimidate|boost
|-unboost|p1a: Farigiraf|atk|1
|-unboost|p1b: Raichu|atk|1
|turn|3
|
|t:|1784521128
|move|p1b: Raichu|Focus Blast|p2b: Incineroar
|-supereffective|p2b: Incineroar|1
|-damage|p2b: Incineroar|21/100
|-unboost|p2b: Incineroar|spd|1
|-enditem|p2b: Incineroar|Sitrus Berry|[eat]
|-heal|p2b: Incineroar|46/100|[from] item: Sitrus Berry
|move|p2a: Garchomp|Dragon Claw|p1a: Farigiraf
|-damage|p1a: Farigiraf|3/100
|-enditem|p1a: Farigiraf|Sitrus Berry|[eat]
|-heal|p1a: Farigiraf|28/100|[from] item: Sitrus Berry
|-damage|p2a: Garchomp|80/100|[from] item: Life Orb
|move|p2b: Incineroar|Flare Blitz|p1b: Raichu
|-damage|p1b: Raichu|5/100
|-damage|p2b: Incineroar|25/100|[from] Recoil
|move|p1a: Farigiraf|Trick Room|p1a: Farigiraf
|-fieldstart|move: Trick Room|[of] p1a: Farigiraf
|
|upkeep
|turn|4
|inactive|poopybutt714 has 30 seconds left.
|
|t:|1784521154
|switch|p1b: Kingambit|Kingambit, L50, F|100/100
|move|p1a: Farigiraf|Hyper Voice|p2a: Garchomp|[spread] p2a,p2b
|-crit|p2b: Incineroar
|-damage|p2a: Garchomp|55/100
|-damage|p2b: Incineroar|0 fnt
|faint|p2b: Incineroar
|move|p2a: Garchomp|Rock Slide|p1a: Farigiraf|[spread] p1a,p1b
|-resisted|p1b: Kingambit|1
|-damage|p1a: Farigiraf|4/100
|-damage|p1b: Kingambit|90/100
|-damage|p2a: Garchomp|45/100|[from] item: Life Orb
|
|upkeep
|
|t:|1784521159
|switch|p2b: Charizard|Charizard, L50, F|100/100
|turn|5
|
|t:|1784521170
|detailschange|p2b: Charizard|Charizard-Mega-Y, L50, F
|-mega|p2b: Charizard|Charizard|Charizardite Y
|-weather|SunnyDay|[from] ability: Drought|[of] p2b: Charizard
|move|p1b: Kingambit|Protect|p1b: Kingambit
|-singleturn|p1b: Kingambit|Protect
|move|p1a: Farigiraf|Protect|p1a: Farigiraf
|-singleturn|p1a: Farigiraf|Protect
|move|p2b: Charizard|Heat Wave|p1b: Kingambit|[spread] 
|-activate|p1a: Farigiraf|move: Protect
|-activate|p1b: Kingambit|move: Protect
|move|p2a: Garchomp|Earthquake|p1b: Kingambit|[spread] 
|-activate|p1a: Farigiraf|move: Protect
|-activate|p1b: Kingambit|move: Protect
|-immune|p2b: Charizard
|
|-weather|SunnyDay|[upkeep]
|upkeep
|turn|6
|
|t:|1784521191
|move|p2a: Garchomp|Protect|p2a: Garchomp
|-singleturn|p2a: Garchomp|Protect
|move|p1b: Kingambit|Kowtow Cleave|p2b: Charizard
|-damage|p2b: Charizard|55/100
|move|p1a: Farigiraf|Thunderbolt|p2b: Charizard
|-supereffective|p2b: Charizard|1
|-damage|p2b: Charizard|15/100
|move|p2b: Charizard|Heat Wave|p1a: Farigiraf|[spread] p1a,p1b
|-supereffective|p1b: Kingambit|1
|-crit|p1b: Kingambit
|-damage|p1a: Farigiraf|0 fnt
|-damage|p1b: Kingambit|0 fnt
|faint|p1a: Farigiraf
|faint|p1b: Kingambit
|
|-weather|SunnyDay|[upkeep]
|upkeep
|
|t:|1784521199
|switch|p1b: Raichu|Raichu-Mega-Y, L50, M|5/100
|turn|7
|
|t:|1784521202
|move|p1b: Raichu|Protect|p1b: Raichu
|-singleturn|p1b: Raichu|Protect
|move|p2b: Charizard|Weather Ball|p1b: Raichu
|-activate|p1b: Raichu|move: Protect
|move|p2a: Garchomp|Earthquake|p1b: Raichu|[spread] 
|-activate|p1b: Raichu|move: Protect
|-immune|p2b: Charizard
|
|-weather|SunnyDay|[upkeep]
|-fieldend|move: Trick Room
|upkeep
|turn|8
|
|t:|1784521213
|move|p1b: Raichu|Focus Blast|p2a: Garchomp
|-damage|p2a: Garchomp|0 fnt
|faint|p2a: Garchomp
|move|p2b: Charizard|Weather Ball|p1b: Raichu
|-damage|p1b: Raichu|0 fnt
|faint|p1b: Raichu
|
|win|is_katabo
|raw|poopybutt714's rating: 1263 → 1242(-21 for losing)
|raw|is_katabo's rating: 1320 → 1337(+17 for winning)
