|j|☆robby w
|j|☆Littlenap
|html|robby wLittlenap    
|uhtml|bestof|Game 1 of a best-of-3
|t:|1756575867
|gametype|doubles
|player|p1|robby w|pokekid|1274
|player|p2|Littlenap|dawn|1188
|gen|9
|tier|[Gen 9] VGC 2025 Reg H (Bo3)
|rated|
|rule|Species Clause: Limit one of each Pokémon
|rule|Item Clause: Limit 1 of each item
|clearpoke
|poke|p1|Dondozo, L50, F|
|poke|p1|Tatsugiri, L50, F|
|poke|p1|Sneasler, L50, F|
|poke|p1|Indeedee, L50, M|
|poke|p1|Annihilape, L50, M|
|poke|p1|Gholdengo, L50|
|poke|p2|Kommo-o, L50, F|
|poke|p2|Tyranitar, L50, M|
|poke|p2|Excadrill, L50, M|
|poke|p2|Samurott-Hisui, L50, M|
|poke|p2|Corviknight, L50, M|
|poke|p2|Indeedee, L50, M|
|teampreview|4
|showteam|p1|Dondozo||Leftovers|Unaware|Protect,WaveCrash,Earthquake,OrderUp|||F|||50|,,,,,Grass]Tatsugiri||ChoiceScarf|Commander|DragonPulse,IcyWind,DracoMeteor,MuddyWater|||F|||50|,,,,,Stellar]Sneasler||PsychicSeed|Unburden|DireClaw,CloseCombat,Protect,ThroatChop|||F|||50|,,,,,Dark]Indeedee||FocusSash|PsychicSurge|DazzlingGleam,HelpingHand,ExpandingForce,Protect|||M|||50|,,,,,Fairy]Annihilape||SafetyGoggles|Defiant|CloseCombat,RageFist,Protect,Taunt|||M|||50|,,,,,Fighting]Gholdengo||LifeOrb|GoodasGold|MakeItRain,Protect,NastyPlot,ShadowBall||||||50|,,,,,Fire
|showteam|p2|Kommo-o||ChoiceSpecs|Overcoat|ClangingScales,DracoMeteor,AuraSphere,TeraBlast|||F|||50|,,,,,Ghost]Tyranitar||ChoiceScarf|SandStream|RockSlide,KnockOff,TeraBlast,LowKick|||M|||50|,,,,,Flying]Excadrill||FocusSash|SandRush|HighHorsepower,IronHead,RockSlide,Protect|||M|||50|,,,,,Ghost]Samurott-Hisui||AssaultVest|Sharpness|NightSlash,RazorShell,SacredSword,SuckerPunch|||M|||50|,,,,,Grass]Corviknight||SitrusBerry|MirrorArmor|BulkUp,BraveBird,Taunt,Roost|||M|||50|,,,,,Dragon]Indeedee||PsychicSeed|PsychicSurge|Imprison,ExpandingForce,TrickRoom,Protect|||M|||50|,,,,,Fairy
|inactive|Battle timer is ON: inactive players will automatically lose when time's up. (requested by Littlenap)
|inactive|robby w has 60 seconds left.
|inactive|Littlenap has 60 seconds left.
|
|t:|1756575908
|teamsize|p1|4
|teamsize|p2|4
|start
|switch|p1a: Dondozo|Dondozo, L50, F, shiny|100/100
|switch|p1b: Sneasler|Sneasler, L50, F|100/100
|switch|p2a: Tyranitar|Tyranitar, L50, M|100/100
|switch|p2b: Excadrill|Excadrill, L50, M|100/100
|-weather|Sandstorm|[from] ability: Sand Stream|[of] p2a: Tyranitar
|turn|1
|inactive|robby w has 30 seconds left.
|
|t:|1756575938
|switch|p1b: Tatsugiri|Tatsugiri, L50, F|100/100
|-activate|p1b: Tatsugiri|ability: Commander|[of] p1a: Dondozo
|-boost|p1a: Dondozo|atk|2
|-boost|p1a: Dondozo|spa|2
|-boost|p1a: Dondozo|spe|2
|-boost|p1a: Dondozo|def|2
|-boost|p1a: Dondozo|spd|2
|move|p2b: Excadrill|High Horsepower|p1b: Tatsugiri|[miss]
|-miss|p2b: Excadrill|p1b: Tatsugiri
|move|p2a: Tyranitar|Knock Off|p1a: Dondozo
|-damage|p1a: Dondozo|80/100
|-enditem|p1a: Dondozo|Leftovers|[from] move: Knock Off|[of] p2a: Tyranitar
|move|p1a: Dondozo|Earthquake|p2a: Tyranitar|[spread] p2a,p2b
|-miss|p1a: Dondozo|p1b: Tatsugiri
|-supereffective|p2a: Tyranitar
|-supereffective|p2b: Excadrill
|-damage|p2a: Tyranitar|17/100
|-enditem|p2b: Excadrill|Focus Sash
|-damage|p2b: Excadrill|1/100
|
|-weather|Sandstorm|[upkeep]
|-damage|p1b: Tatsugiri|95/100|[from] Sandstorm
|-damage|p1a: Dondozo|74/100|[from] Sandstorm
|upkeep
|turn|2
|inactive|Littlenap has 30 seconds left.
|
|t:|1756575971
|move|p2b: Excadrill|Protect|p2b: Excadrill
|-singleturn|p2b: Excadrill|Protect
|move|p2a: Tyranitar|Knock Off|p1a: Dondozo
|-damage|p1a: Dondozo|62/100
|move|p1a: Dondozo|Earthquake|p2b: Excadrill|[spread] p2a
|-miss|p1a: Dondozo|p1b: Tatsugiri
|-activate|p2b: Excadrill|move: Protect
|-supereffective|p2a: Tyranitar
|-damage|p2a: Tyranitar|0 fnt
|faint|p2a: Tyranitar
|
|-weather|Sandstorm|[upkeep]
|-damage|p1b: Tatsugiri|89/100|[from] Sandstorm
|-damage|p1a: Dondozo|56/100|[from] Sandstorm
|upkeep
|
|t:|1756575979
|switch|p2a: Kommo-o|Kommo-o, L50, F|100/100
|turn|3
|
|t:|1756575996
|-terastallize|p2a: Kommo-o|Ghost
|move|p2b: Excadrill|Iron Head|p1a: Dondozo
|-resisted|p1a: Dondozo
|-damage|p1a: Dondozo|48/100
|move|p1a: Dondozo|Earthquake|p2b: Excadrill|[spread] p2a,p2b
|-miss|p1a: Dondozo|p1b: Tatsugiri
|-supereffective|p2b: Excadrill
|-damage|p2a: Kommo-o|60/100
|-damage|p2b: Excadrill|0 fnt
|faint|p2b: Excadrill
|move|p2a: Kommo-o|Draco Meteor|p1a: Dondozo
|-damage|p1a: Dondozo|0 fnt
|-unboost|p2a: Kommo-o|spa|2
|faint|p1a: Dondozo
|
|-weather|Sandstorm|[upkeep]
|-damage|p1b: Tatsugiri|84/100|[from] Sandstorm
|upkeep
|
|t:|1756576016
|switch|p2b: Indeedee|Indeedee, L50, M|100/100
|switch|p1a: Indeedee|Indeedee, L50, M|100/100
|-fieldstart|move: Psychic Terrain|[from] ability: Psychic Surge|[of] p1a: Indeedee
|-enditem|p2b: Indeedee|Psychic Seed
|-boost|p2b: Indeedee|spd|1|[from] item: Psychic Seed
|turn|4
|inactive|robby w has 30 seconds left.
|inactive|robby w has 20 seconds left.
|inactive|robby w has 15 seconds left.
|
|t:|1756576057
|-terastallize|p1b: Tatsugiri|Stellar
|move|p1b: Tatsugiri|Draco Meteor|p2b: Indeedee
|-damage|p2b: Indeedee|32/100
|-unboost|p1b: Tatsugiri|spa|2
|move|p1a: Indeedee|Expanding Force|p2a: Kommo-o|[spread] p2a,p2b
|-resisted|p2b: Indeedee
|-damage|p2a: Kommo-o|13/100
|-damage|p2b: Indeedee|14/100
|move|p2b: Indeedee|Imprison|p2b: Indeedee
|-start|p2b: Indeedee|move: Imprison
|move|p2a: Kommo-o|Draco Meteor|p1b: Tatsugiri
|-supereffective|p1b: Tatsugiri
|-damage|p1b: Tatsugiri|0 fnt
|-unboost|p2a: Kommo-o|spa|2
|faint|p1b: Tatsugiri
|
|-weather|Sandstorm|[upkeep]
|-damage|p1a: Indeedee|95/100|[from] Sandstorm
|-damage|p2b: Indeedee|8/100|[from] Sandstorm
|upkeep
|
|t:|1756576077
|switch|p1b: Sneasler|Sneasler, L50, F|100/100
|-enditem|p1b: Sneasler|Psychic Seed
|-boost|p1b: Sneasler|spd|1|[from] item: Psychic Seed
|turn|5
|inactive|robby w has 30 seconds left.
|inactive|robby w has 20 seconds left.
|
|t:|1756576115
|move|p1b: Sneasler|Throat Chop|p2a: Kommo-o
|-supereffective|p2a: Kommo-o
|-damage|p2a: Kommo-o|0 fnt
|faint|p2a: Kommo-o
|move|p1a: Indeedee|Dazzling Gleam|p2b: Indeedee
|-damage|p2b: Indeedee|0 fnt
|faint|p2b: Indeedee
|
|win|robby w
||robby w is ready for game 2.
|inactive|Littlenap has 30 seconds to confirm battle start!
||Littlenap is ready for game 2.
|uhtml|next|Next: Game 2 of 3
|l|☆Littlenap
|player|p2|
