|j|☆pkgallia
|j|☆GaliVGC
|html|pkgalliaGaliVGC    
|uhtml|bestof|Game 1 of a best-of-3
|t:|1782478829
|gametype|doubles
|player|p1|pkgallia|169|1067
|player|p2|GaliVGC|266|1089
|gen|9
|tier|[Gen 9 Champions] VGC 2026 Reg M-B (Bo3)
|rated|
|rule|Species Clause: Limit one of each Pokémon
|rule|Item Clause: Limit 1 of each item
|clearpoke
|poke|p1|Wyrdeer, L50, M|
|poke|p1|Empoleon, L50, M|
|poke|p1|Sinistcha, L50|
|poke|p1|Raichu, L50, M|
|poke|p1|Garchomp, L50, F|
|poke|p1|Oranguru, L50, F|
|poke|p2|Eelektross, L50, F|
|poke|p2|Garchomp, L50, M|
|poke|p2|Talonflame, L50, M|
|poke|p2|Incineroar, L50, F|
|poke|p2|Sinistcha, L50|
|poke|p2|Floette-Eternal, L50, F|
|teampreview|4
|showteam|p1|Wyrdeer||FocusSash|Intimidate|SkillSwap,TrickRoom,HelpingHand,Protect|Relaxed||M|||50|]Empoleon||ChopleBerry|Competitive|Surf,IceBeam,FlashCannon,Protect|Quiet||M|||50|]Sinistcha||SitrusBerry|Hospitality|MatchaGotcha,RagePowder,StrengthSap,TrickRoom|Relaxed|||||50|]Raichu||RaichuniteY|Static|FakeOut,ZapCannon,FocusBlast,Protect|Timid||M|||50|]Garchomp||Garchompite|RoughSkin|Earthquake,RockSlide,DragonClaw,Protect|Brave||F|||50|]Oranguru||Leftovers|Telepathy|Instruct,SkillSwap,TrickRoom,Gravity|Relaxed||F|||50|
|showteam|p2|Eelektross||Eelektrossite|Levitate|Discharge,GrassKnot,Protect,Thunderbolt|Modest||F|||50|]Garchomp||LifeOrb|RoughSkin|Earthquake,DragonClaw,Protect,RockSlide|Adamant||M|||50|]Talonflame||WideLens|GaleWings|DualWingbeat,Tailwind,Protect,WillOWisp|Jolly||M|||50|]Incineroar||ChopleBerry|Intimidate|PartingShot,FakeOut,ThroatChop,FlareBlitz|Impish||F|||50|]Sinistcha||SitrusBerry|Hospitality|MatchaGotcha,RagePowder,Protect,TrickRoom|Calm|||||50|]Floette-Eternal||Floettite|FlowerVeil|Moonblast,DazzlingGleam,CalmMind,Protect|Modest||F|||50|
|
|t:|1782478873
|teamsize|p1|4
|teamsize|p2|4
|start
|switch|p1a: Wyrdeer|Wyrdeer, L50, M|100/100
|switch|p1b: Empoleon|Empoleon, L50, M|100/100
|switch|p2a: Talonflame|Talonflame, L50, M|100/100
|switch|p2b: Garchomp|Garchomp, L50, M|100/100
|-ability|p1a: Wyrdeer|Intimidate|boost
|-unboost|p2a: Talonflame|atk|1
|-unboost|p2b: Garchomp|atk|1
|turn|1
|
|t:|1782478910
|switch|p2a: Sinistcha|Sinistcha, L50|100/100
|move|p2b: Garchomp|Protect|p2b: Garchomp
|-singleturn|p2b: Garchomp|Protect
|move|p1b: Empoleon|Protect|p1b: Empoleon
|-singleturn|p1b: Empoleon|Protect
|move|p1a: Wyrdeer|Skill Swap|p2a: Sinistcha
|-activate|p1a: Wyrdeer|Skill Swap|Hospitality|Intimidate|[of] p2a: Sinistcha
|-ability|p2a: Sinistcha|Intimidate|boost
|-unboost|p1a: Wyrdeer|atk|1
|-unboost|p1b: Empoleon|atk|1
|-ability|p1b: Empoleon|Competitive|boost
|-boost|p1b: Empoleon|spa|2
|
|upkeep
|turn|2
|
|t:|1782478940
|move|p2a: Sinistcha|Rage Powder|p2a: Sinistcha
|-singleturn|p2a: Sinistcha|move: Rage Powder
|move|p2b: Garchomp|Earthquake|p1b: Empoleon|[spread] p2a,p1a,p1b
|-resisted|p2a: Sinistcha|1
|-supereffective|p1b: Empoleon|1
|-damage|p2a: Sinistcha|84/100
|-damage|p1a: Wyrdeer|71/100
|-damage|p1b: Empoleon|26/100
|-damage|p2b: Garchomp|90/100|[from] item: Life Orb
|move|p1b: Empoleon|Ice Beam|p2a: Sinistcha
|-supereffective|p2a: Sinistcha|1
|-damage|p2a: Sinistcha|0 fnt
|faint|p2a: Sinistcha
|move|p1a: Wyrdeer|Trick Room|p1a: Wyrdeer
|-fieldstart|move: Trick Room|[of] p1a: Wyrdeer
|
|upkeep
|
|t:|1782478955
|switch|p2a: Floette|Floette-Eternal, L50, F|100/100
|turn|3
|
|t:|1782478984
|detailschange|p2a: Floette|Floette-Mega, L50, F
|-mega|p2a: Floette|Floette|Floettite
|-ability|p2a: Floette|Fairy Aura
|move|p1a: Wyrdeer|Helping Hand|p1b: Empoleon
|-singleturn|p1b: Empoleon|Helping Hand|[of] p1a: Wyrdeer
|move|p2b: Garchomp|Protect|p2b: Garchomp
|-singleturn|p2b: Garchomp|Protect
|move|p1b: Empoleon|Surf|p2b: Garchomp|[spread] p1a,p2a
|-activate|p2b: Garchomp|move: Protect
|-damage|p1a: Wyrdeer|0 fnt
|-damage|p2a: Floette|13/100
|faint|p1a: Wyrdeer
|move|p2a: Floette|Dazzling Gleam|p1b: Empoleon
|-resisted|p1b: Empoleon|1
|-damage|p1b: Empoleon|0 fnt
|faint|p1b: Empoleon
|
|upkeep
|
|t:|1782478998
|switch|p1b: Sinistcha|Sinistcha, L50|100/100
|switch|p1a: Raichu|Raichu, L50, M|100/100
|turn|4
|
|t:|1782479011
|switch|p2b: Talonflame|Talonflame, L50, M|100/100
|detailschange|p1a: Raichu|Raichu-Mega-Y, L50, M
|-mega|p1a: Raichu|Raichu|Raichunite Y
|move|p1a: Raichu|Fake Out|p2b: Talonflame
|-crit|p2b: Talonflame
|-damage|p2b: Talonflame|78/100
|move|p1b: Sinistcha|Matcha Gotcha|p2a: Floette|[spread] p2a,p2b
|-resisted|p2b: Talonflame|2
|-damage|p2a: Floette|0 fnt
|-damage|p2b: Talonflame|70/100
|faint|p2a: Floette
|
|upkeep
|
|t:|1782479022
|switch|p2a: Garchomp|Garchomp, L50, M|90/100
|turn|5
|
|t:|1782479034
|move|p2b: Talonflame|Protect|p2b: Talonflame
|-singleturn|p2b: Talonflame|Protect
|move|p1a: Raichu|Protect|p1a: Raichu
|-singleturn|p1a: Raichu|Protect
|move|p1b: Sinistcha|Strength Sap|p2a: Garchomp
|-unboost|p2a: Garchomp|atk|1
|move|p2a: Garchomp|Earthquake|p1a: Raichu|[spread] p1b
|-activate|p2b: Talonflame|move: Protect
|-activate|p1a: Raichu|move: Protect
|-resisted|p1b: Sinistcha|1
|-damage|p1b: Sinistcha|87/100
|-damage|p2a: Garchomp|80/100|[from] item: Life Orb
|
|upkeep
|turn|6
|
|t:|1782479051
|move|p1b: Sinistcha|Strength Sap|p2a: Garchomp
|-unboost|p2a: Garchomp|atk|1
|-heal|p1b: Sinistcha|100/100
|move|p2a: Garchomp|Earthquake|p1a: Raichu|[spread] p1a,p1b
|-immune|p2b: Talonflame
|-supereffective|p1a: Raichu|1
|-resisted|p1b: Sinistcha|1
|-damage|p1a: Raichu|0 fnt
|-damage|p1b: Sinistcha|90/100
|faint|p1a: Raichu
|-damage|p2a: Garchomp|71/100|[from] item: Life Orb
|move|p2b: Talonflame|Dual Wingbeat|p1b: Sinistcha
|-supereffective|p1b: Sinistcha|1
|-damage|p1b: Sinistcha|70/100
|-supereffective|p1b: Sinistcha|1
|-damage|p1b: Sinistcha|48/100
|-enditem|p1b: Sinistcha|Sitrus Berry|[eat]
|-heal|p1b: Sinistcha|73/100|[from] item: Sitrus Berry
|-hitcount|p1b: Sinistcha|2
|
|-fieldend|move: Trick Room
|upkeep
|turn|7
|
|t:|1782479065
|move|p2b: Talonflame|Dual Wingbeat|p1b: Sinistcha
|-supereffective|p1b: Sinistcha|1
|-damage|p1b: Sinistcha|53/100
|-supereffective|p1b: Sinistcha|1
|-damage|p1b: Sinistcha|28/100
|-hitcount|p1b: Sinistcha|2
|move|p2a: Garchomp|Dragon Claw|p1b: Sinistcha
|-damage|p1b: Sinistcha|8/100
|-damage|p2a: Garchomp|61/100|[from] item: Life Orb
|move|p1b: Sinistcha|Strength Sap|p2b: Talonflame
|-unboost|p2b: Talonflame|atk|1
|-heal|p1b: Sinistcha|83/100
|
|upkeep
|turn|8
|
|t:|1782479080
|move|p2b: Talonflame|Dual Wingbeat|p1b: Sinistcha
|-supereffective|p1b: Sinistcha|1
|-damage|p1b: Sinistcha|68/100
|-supereffective|p1b: Sinistcha|1
|-damage|p1b: Sinistcha|53/100
|-hitcount|p1b: Sinistcha|2
|move|p2a: Garchomp|Dragon Claw|p1b: Sinistcha
|-damage|p1b: Sinistcha|31/100
|-damage|p2a: Garchomp|52/100|[from] item: Life Orb
|move|p1b: Sinistcha|Matcha Gotcha|p2b: Talonflame|[spread] p2a
|-miss|p1b: Sinistcha|p2b: Talonflame
|-damage|p2a: Garchomp|26/100
|-heal|p1b: Sinistcha|45/100|[from] drain|[of] p2a: Garchomp
|-status|p2a: Garchomp|brn
|
|-damage|p2a: Garchomp|20/100y brn|[from] brn
|upkeep
|turn|9
|
|t:|1782479089
|move|p2b: Talonflame|Dual Wingbeat|p1b: Sinistcha
|-supereffective|p1b: Sinistcha|1
|-damage|p1b: Sinistcha|32/100
|-supereffective|p1b: Sinistcha|1
|-damage|p1b: Sinistcha|17/100
|-hitcount|p1b: Sinistcha|2
|move|p2a: Garchomp|Dragon Claw|p1b: Sinistcha
|-damage|p1b: Sinistcha|5/100
|-damage|p2a: Garchomp|11/100 brn|[from] item: Life Orb
|move|p1b: Sinistcha|Trick Room|p1b: Sinistcha
|-fieldstart|move: Trick Room|[of] p1b: Sinistcha
|
|-damage|p2a: Garchomp|5/100 brn|[from] brn
|upkeep
|turn|10
|
|t:|1782479096
|move|p1b: Sinistcha|Strength Sap|p2b: Talonflame
|-unboost|p2b: Talonflame|atk|1
|-heal|p1b: Sinistcha|55/100
|move|p2a: Garchomp|Dragon Claw|p1b: Sinistcha
|-damage|p1b: Sinistcha|44/100
|-damage|p2a: Garchomp|0 fnt|[from] item: Life Orb
|faint|p2a: Garchomp
|move|p2b: Talonflame|Dual Wingbeat|p1b: Sinistcha
|-supereffective|p1b: Sinistcha|1
|-damage|p1b: Sinistcha|33/100
|-supereffective|p1b: Sinistcha|1
|-damage|p1b: Sinistcha|22/100
|-hitcount|p1b: Sinistcha|2
|
|upkeep
|turn|11
|
|t:|1782479109
|move|p1b: Sinistcha|Strength Sap|p2b: Talonflame
|-unboost|p2b: Talonflame|atk|1
|-heal|p1b: Sinistcha|59/100
|move|p2b: Talonflame|Dual Wingbeat|p1b: Sinistcha
|-supereffective|p1b: Sinistcha|1
|-damage|p1b: Sinistcha|49/100
|-supereffective|p1b: Sinistcha|1
|-damage|p1b: Sinistcha|39/100
|-hitcount|p1b: Sinistcha|2
|
|upkeep
|turn|12
|
|t:|1782479114
|move|p1b: Sinistcha|Matcha Gotcha|p2b: Talonflame
|-resisted|p2b: Talonflame|2
|-damage|p2b: Talonflame|57/100
|-heal|p1b: Sinistcha|44/100|[from] drain|[of] p2b: Talonflame
|move|p2b: Talonflame|Dual Wingbeat|p1b: Sinistcha
|-supereffective|p1b: Sinistcha|1
|-damage|p1b: Sinistcha|34/100
|-supereffective|p1b: Sinistcha|1
|-damage|p1b: Sinistcha|24/100
|-hitcount|p1b: Sinistcha|2
|
|upkeep
|turn|13
|
|t:|1782479124
|move|p1b: Sinistcha|Strength Sap|p2b: Talonflame
|-unboost|p2b: Talonflame|atk|1
|-heal|p1b: Sinistcha|54/100
|move|p2b: Talonflame|Dual Wingbeat|p1b: Sinistcha
|-supereffective|p1b: Sinistcha|1
|-damage|p1b: Sinistcha|46/100
|-supereffective|p1b: Sinistcha|1
|-damage|p1b: Sinistcha|38/100
|-hitcount|p1b: Sinistcha|2
|
|-fieldend|move: Trick Room
|upkeep
|turn|14
|
|t:|1782479128
|move|p2b: Talonflame|Dual Wingbeat|p1b: Sinistcha
|-supereffective|p1b: Sinistcha|1
|-damage|p1b: Sinistcha|30/100
|-supereffective|p1b: Sinistcha|1
|-damage|p1b: Sinistcha|23/100
|-hitcount|p1b: Sinistcha|2
|move|p1b: Sinistcha|Strength Sap|p2b: Talonflame
|-unboost|p2b: Talonflame|atk|1
|-heal|p1b: Sinistcha|47/100
|
|upkeep
|turn|15
|
|t:|1782479133
|move|p2b: Talonflame|Will-O-Wisp|p1b: Sinistcha
|-status|p1b: Sinistcha|brn
|move|p1b: Sinistcha|Strength Sap|p2b: Talonflame
|-unboost|p2b: Talonflame|atk|1
|-heal|p1b: Sinistcha|69/100 brn
|
|-damage|p1b: Sinistcha|62/100 brn|[from] brn
|upkeep
|turn|16
|
|t:|1782479142
|move|p2b: Talonflame|Protect|p2b: Talonflame
|-singleturn|p2b: Talonflame|Protect
|move|p1b: Sinistcha|Matcha Gotcha|p2b: Talonflame
|-activate|p2b: Talonflame|move: Protect
|
|-damage|p1b: Sinistcha|56/100 brn|[from] brn
|upkeep
|turn|17
|
|t:|1782479147
|move|p2b: Talonflame|Dual Wingbeat|p1b: Sinistcha
|-supereffective|p1b: Sinistcha|1
|-damage|p1b: Sinistcha|50/100y brn
|-supereffective|p1b: Sinistcha|1
|-damage|p1b: Sinistcha|43/100 brn
|-hitcount|p1b: Sinistcha|2
|move|p1b: Sinistcha|Strength Sap||[still]
|-fail|p1b: Sinistcha
|
|-damage|p1b: Sinistcha|37/100 brn|[from] brn
|upkeep
|turn|18
|
|t:|1782479152
|move|p2b: Talonflame|Protect|p2b: Talonflame
|-singleturn|p2b: Talonflame|Protect
|move|p1b: Sinistcha|Trick Room|p1b: Sinistcha
|-fieldstart|move: Trick Room|[of] p1b: Sinistcha
|
|-damage|p1b: Sinistcha|30/100 brn|[from] brn
|upkeep
|turn|19
|
|t:|1782479156
|move|p1b: Sinistcha|Matcha Gotcha|p2b: Talonflame
|-resisted|p2b: Talonflame|2
|-damage|p2b: Talonflame|45/100
|-heal|p1b: Sinistcha|36/100 brn|[from] drain|[of] p2b: Talonflame
|move|p2b: Talonflame|Dual Wingbeat|p1b: Sinistcha
|-supereffective|p1b: Sinistcha|1
|-damage|p1b: Sinistcha|29/100 brn
|-supereffective|p1b: Sinistcha|1
|-damage|p1b: Sinistcha|23/100 brn
|-hitcount|p1b: Sinistcha|2
|
|-damage|p1b: Sinistcha|16/100 brn|[from] brn
|upkeep
|turn|20
|
|t:|1782479162
|move|p1b: Sinistcha|Matcha Gotcha|p2b: Talonflame
|-resisted|p2b: Talonflame|2
|-damage|p2b: Talonflame|31/100
|-heal|p1b: Sinistcha|23/100 brn|[from] drain|[of] p2b: Talonflame
|move|p2b: Talonflame|Dual Wingbeat|p1b: Sinistcha
|-supereffective|p1b: Sinistcha|1
|-damage|p1b: Sinistcha|16/100 brn
|-supereffective|p1b: Sinistcha|1
|-damage|p1b: Sinistcha|9/100 brn
|-hitcount|p1b: Sinistcha|2
|
|-damage|p1b: Sinistcha|3/100 brn|[from] brn
|upkeep
|turn|21
|
|t:|1782479166
|move|p2b: Talonflame|Protect|p2b: Talonflame
|-singleturn|p2b: Talonflame|Protect
|move|p1b: Sinistcha|Matcha Gotcha|p2b: Talonflame
|-activate|p2b: Talonflame|move: Protect
|
|-damage|p1b: Sinistcha|0 fnt|[from] brn
|faint|p1b: Sinistcha
|
|win|GaliVGC
