|j|☆d1mo22
|j|‽airpersia
|html|d1mo22airpersia    
|uhtml|bestof|Game 2 of a best-of-3
|t:|1784139981
|gametype|doubles
|player|p1|d1mo22|skier|1130
|player|p2|airpersia|266|1115
|gen|9
|tier|[Gen 9 Champions] VGC 2026 Reg M-B (Bo3)
|rated|
|rule|Species Clause: Limit one of each Pokémon
|rule|Item Clause: Limit 1 of each item
|clearpoke
|poke|p1|Raichu, L50, M|
|poke|p1|Gyarados, L50, M, shiny|
|poke|p1|Mamoswine, L50, M|
|poke|p1|Ceruledge, L50, F|
|poke|p1|Sinistcha, L50|
|poke|p1|Kingambit, L50, M, shiny|
|poke|p2|Metagross, L50|
|poke|p2|Whimsicott, L50, F, shiny|
|poke|p2|Incineroar, L50, M, shiny|
|poke|p2|Tyranitar, L50, M|
|poke|p2|Sinistcha, L50|
|poke|p2|Lucario, L50, F, shiny|
|teampreview|4
|showteam|p1|Raichu||RaichuniteY|LightningRod|FakeOut,Encore,ZapCannon,FocusBlast|Timid||M|||50|]Gyarados||Gyaradosite|Intimidate|LashOut,Waterfall,DragonDance,Protect|Adamant||M|||50|]Mamoswine||LifeOrb|Oblivious|Protect,IcicleCrash,IceShard,HighHorsepower|Jolly||M|||50|]Ceruledge||ColburBerry|FlashFire|BitterBlade,ShadowSneak,BulkUp,Protect|Adamant||F|||50|]Sinistcha||SitrusBerry|Hospitality|Protect,RagePowder,MatchaGotcha,LifeDew|Bold|||||50|]Kingambit||FocusSash|Defiant|Protect,SuckerPunch,KowtowCleave,IronHead|Adamant||M|||50|
|showteam|p2|Metagross||Metagrossite|ClearBody|IronHead,PsychicFangs,BodyPress,Protect|Jolly|||||50|]Whimsicott||FocusSash|Prankster|Tailwind,Taunt,Moonblast,Encore|Timid||F|||50|]Incineroar||ChopleBerry|Intimidate|ThroatChop,FlareBlitz,PartingShot,FakeOut|Impish||M|||50|]Tyranitar||Tyranitarite|SandStream|RockSlide,KnockOff,DragonDance,Protect|Adamant||M|||50|]Sinistcha||SitrusBerry|Hospitality|MatchaGotcha,ShadowBall,RagePowder,LifeDew|Bold|||||50|]Lucario||Lucarionite|InnerFocus|Detect,AuraSphere,FlashCannon,ShadowBall|Timid||F|||50|
|inactive|Battle timer is ON: inactive players will automatically lose when time's up. (requested by airpersia)
|inactive|airpersia has 60 seconds left.
|
|t:|1784140020
|teamsize|p1|4
|teamsize|p2|4
|start
|switch|p1a: Raichu|Raichu, L50, M|100/100
|switch|p1b: Mamoswine|Mamoswine, L50, M|100/100
|switch|p2a: Lucario|Lucario, L50, F, shiny|100/100
|switch|p2b: Tyranitar|Tyranitar, L50, M|100/100
|-weather|Sandstorm|[from] ability: Sand Stream|[of] p2b: Tyranitar
|turn|1
|inactive|d1mo22 has 30 seconds left.
|inactive|airpersia has 30 seconds left.
|inactive|d1mo22 has 20 seconds left.
|inactive|d1mo22 has 15 seconds left.
|
|t:|1784140061
|switch|p2b: Sinistcha|Sinistcha, L50|100/100
|move|p2a: Lucario|Detect|p2a: Lucario
|-singleturn|p2a: Lucario|Protect
|move|p1a: Raichu|Fake Out|p2a: Lucario
|-activate|p2a: Lucario|move: Protect
|move|p1b: Mamoswine|High Horsepower|p2b: Sinistcha
|-resisted|p2b: Sinistcha|1
|-damage|p2b: Sinistcha|76/100
|-damage|p1b: Mamoswine|90/100|[from] item: Life Orb
|
|-weather|Sandstorm|[upkeep]
|-damage|p1a: Raichu|94/100|[from] Sandstorm
|-damage|p2b: Sinistcha|70/100|[from] Sandstorm
|upkeep
|turn|2
|
|t:|1784140085
|detailschange|p2a: Lucario|Lucario-Mega, L50, F, shiny
|-mega|p2a: Lucario|Lucario|Lucarionite
|move|p1b: Mamoswine|Protect|p1b: Mamoswine
|-singleturn|p1b: Mamoswine|Protect
|move|p2b: Sinistcha|Rage Powder|p2b: Sinistcha
|-singleturn|p2b: Sinistcha|move: Rage Powder
|move|p2a: Lucario|Flash Cannon|p1b: Mamoswine
|-activate|p1b: Mamoswine|move: Protect
|move|p1a: Raichu|Encore|p2b: Sinistcha
|-start|p2b: Sinistcha|Encore
|
|-weather|Sandstorm|[upkeep]
|-damage|p1a: Raichu|88/100|[from] Sandstorm
|-damage|p2b: Sinistcha|64/100|[from] Sandstorm
|upkeep
|turn|3
|inactive|d1mo22 has 30 seconds left.
|
|t:|1784140113
|switch|p1b: Sinistcha|Sinistcha, L50|100/100
|-heal|p1a: Raichu|100/100|[from] ability: Hospitality|[of] p1b: Sinistcha
|move|p2b: Sinistcha|Rage Powder|p2b: Sinistcha
|-singleturn|p2b: Sinistcha|move: Rage Powder
|move|p2a: Lucario|Aura Sphere|p1a: Raichu
|-damage|p1a: Raichu|25/100
|move|p1a: Raichu|Zap Cannon|p2b: Sinistcha|[miss]
|-miss|p1a: Raichu|p2b: Sinistcha
|
|-weather|Sandstorm|[upkeep]
|-damage|p1a: Raichu|19/100|[from] Sandstorm
|-damage|p1b: Sinistcha|93/100|[from] Sandstorm
|-damage|p2b: Sinistcha|57/100|[from] Sandstorm
|upkeep
|turn|4
|inactive|d1mo22 has 30 seconds left.
|
|t:|1784140140
|switch|p1a: Mamoswine|Mamoswine, L50, M|90/100
|switch|p2b: Incineroar|Incineroar, L50, M, shiny|100/100
|-ability|p2b: Incineroar|Intimidate|boost
|-fail|p1a: Mamoswine|unboost|Attack|[from] ability: Oblivious|[of] p1a: Mamoswine
|-unboost|p1b: Sinistcha|atk|1
|move|p2a: Lucario|Detect|p2a: Lucario
|-singleturn|p2a: Lucario|Protect
|move|p1b: Sinistcha|Rage Powder|p1b: Sinistcha
|-singleturn|p1b: Sinistcha|move: Rage Powder
|
|-weather|Sandstorm|[upkeep]
|-damage|p1b: Sinistcha|87/100|[from] Sandstorm
|-damage|p2b: Incineroar|94/100|[from] Sandstorm
|upkeep
|turn|5
|
|t:|1784140159
|switch|p2a: Sinistcha|Sinistcha, L50|57/100
|-heal|p2b: Incineroar|100/100|[from] ability: Hospitality|[of] p2a: Sinistcha
|move|p1a: Mamoswine|Protect|p1a: Mamoswine
|-singleturn|p1a: Mamoswine|Protect
|move|p1b: Sinistcha|Protect|p1b: Sinistcha
|-singleturn|p1b: Sinistcha|Protect
|move|p2b: Incineroar|Flare Blitz|p1b: Sinistcha
|-activate|p1b: Sinistcha|move: Protect
|
|-weather|none
|upkeep
|turn|6
|inactive|d1mo22 has 30 seconds left.
|
|t:|1784140186
|switch|p1b: Gyarados|Gyarados, L50, M, shiny|100/100
|-ability|p1b: Gyarados|Intimidate|boost
|-unboost|p2a: Sinistcha|atk|1
|-unboost|p2b: Incineroar|atk|1
|move|p2a: Sinistcha|Rage Powder|p2a: Sinistcha
|-singleturn|p2a: Sinistcha|move: Rage Powder
|move|p1a: Mamoswine|Icicle Crash|p2a: Sinistcha
|-supereffective|p2a: Sinistcha|1
|-crit|p2a: Sinistcha
|-damage|p2a: Sinistcha|0 fnt
|faint|p2a: Sinistcha
|-damage|p1a: Mamoswine|80/100|[from] item: Life Orb
|move|p2b: Incineroar|Flare Blitz|p1b: Gyarados
|-resisted|p1b: Gyarados|1
|-damage|p1b: Gyarados|82/100
|-damage|p2b: Incineroar|94/100|[from] Recoil
|
|upkeep
|
|t:|1784140190
|switch|p2a: Tyranitar|Tyranitar, L50, M|100/100
|-weather|Sandstorm|[from] ability: Sand Stream|[of] p2a: Tyranitar
|turn|7
|inactive|d1mo22 has 30 seconds left.
|
|t:|1784140221
|detailschange|p1b: Gyarados|Gyarados-Mega, L50, M, shiny
|-mega|p1b: Gyarados|Gyarados|Gyaradosite
|-ability|p1b: Gyarados|Mold Breaker
|move|p2a: Tyranitar|Protect|p2a: Tyranitar
|-singleturn|p2a: Tyranitar|Protect
|move|p1a: Mamoswine|High Horsepower|p2b: Incineroar
|-supereffective|p2b: Incineroar|1
|-damage|p2b: Incineroar|1/100
|-damage|p1a: Mamoswine|71/100|[from] item: Life Orb
|move|p1b: Gyarados|Dragon Dance|p1b: Gyarados
|-boost|p1b: Gyarados|atk|1
|-boost|p1b: Gyarados|spe|1
|move|p2b: Incineroar|Parting Shot|p1b: Gyarados
|-unboost|p1b: Gyarados|atk|1
|-unboost|p1b: Gyarados|spa|1
|
|t:|1784140233
|switch|p2b: Lucario|Lucario-Mega, L50, F, shiny|100/100|[from] Parting Shot
|
|-weather|Sandstorm|[upkeep]
|-damage|p1b: Gyarados|76/100|[from] Sandstorm
|upkeep
|turn|8
|
|t:|1784140257
|switch|p1a: Sinistcha|Sinistcha, L50|87/100
|-heal|p1b: Gyarados|100/100|[from] ability: Hospitality|[of] p1a: Sinistcha
|move|p1b: Gyarados|Protect|p1b: Gyarados
|-singleturn|p1b: Gyarados|Protect
|move|p2b: Lucario|Aura Sphere|p1b: Gyarados
|-activate|p1b: Gyarados|move: Protect
|move|p2a: Tyranitar|Rock Slide|p1a: Sinistcha|[spread] p1a
|-activate|p1b: Gyarados|move: Protect
|-damage|p1a: Sinistcha|57/100
|
|-weather|Sandstorm|[upkeep]
|-damage|p1b: Gyarados|94/100|[from] Sandstorm
|-damage|p1a: Sinistcha|51/100|[from] Sandstorm
|upkeep
|turn|9
|
|t:|1784140279
|move|p1a: Sinistcha|Rage Powder|p1a: Sinistcha
|-singleturn|p1a: Sinistcha|move: Rage Powder
|move|p1b: Gyarados|Waterfall|p2a: Tyranitar
|-supereffective|p2a: Tyranitar|1
|-damage|p2a: Tyranitar|5/100
|move|p2b: Lucario|Shadow Ball|p1a: Sinistcha
|-supereffective|p1a: Sinistcha|1
|-damage|p1a: Sinistcha|0 fnt
|faint|p1a: Sinistcha
|move|p2a: Tyranitar|Rock Slide|p1b: Gyarados
|-damage|p1b: Gyarados|59/100
|
|-weather|Sandstorm|[upkeep]
|-damage|p1b: Gyarados|53/100|[from] Sandstorm
|upkeep
|
|t:|1784140291
|switch|p1a: Raichu|Raichu, L50, M|19/100
|turn|10
|
|t:|1784140305
|switch|p2b: Incineroar|Incineroar, L50, M, shiny|1/100
|-ability|p2b: Incineroar|Intimidate|boost
|-unboost|p1a: Raichu|atk|1
|-unboost|p1b: Gyarados|atk|1
|move|p2a: Tyranitar|Protect|p2a: Tyranitar
|-singleturn|p2a: Tyranitar|Protect
|move|p1a: Raichu|Fake Out|p2b: Incineroar
|-damage|p2b: Incineroar|0 fnt
|faint|p2b: Incineroar
|move|p1b: Gyarados|Waterfall|p2a: Tyranitar
|-activate|p2a: Tyranitar|move: Protect
|
|-weather|Sandstorm|[upkeep]
|-damage|p1b: Gyarados|48/100|[from] Sandstorm
|-damage|p1a: Raichu|13/100|[from] Sandstorm
|upkeep
|
|t:|1784140308
|switch|p2b: Lucario|Lucario-Mega, L50, F, shiny|100/100
|turn|11
|
|t:|1784140325
|move|p1b: Gyarados|Protect|p1b: Gyarados
|-singleturn|p1b: Gyarados|Protect
|move|p2b: Lucario|Aura Sphere|p1b: Gyarados
|-activate|p1b: Gyarados|move: Protect
|move|p1a: Raichu|Focus Blast|p2b: Lucario
|-supereffective|p2b: Lucario|1
|-damage|p2b: Lucario|17/100
|move|p2a: Tyranitar|Rock Slide|p1b: Gyarados|[spread] 
|-activate|p1b: Gyarados|move: Protect
|-miss|p2a: Tyranitar|p1a: Raichu
|
|-weather|none
|upkeep
|turn|12
|-message|airpersia forfeited.
|
|win|d1mo22
|l|‽airpersia
|player|p2|
||airpersia is ready for game 3.
||d1mo22 is ready for game 3.
|uhtml|next|Next: Game 3 of 3
