|j|☆squirrelsarge
|j|☆spellbreakvgc
|html|squirrelsargespellbreakvgc    
|uhtml|bestof|Game 3 of a best-of-3
|t:|1757802113
|gametype|doubles
|player|p1|squirrelsarge|101|1065
|player|p2|spellbreakvgc|lance|1134
|gen|9
|tier|[Gen 9] VGC 2025 Reg H (Bo3)
|rated|
|rule|Species Clause: Limit one of each Pokémon
|rule|Item Clause: Limit 1 of each item
|clearpoke
|poke|p1|Rillaboom, L50, F|
|poke|p1|Sneasler, L50, M|
|poke|p1|Palafin, L50, M|
|poke|p1|Pelipper, L50, F|
|poke|p1|Archaludon, L50, M|
|poke|p1|Volcarona, L50, M|
|poke|p2|Dachsbun, L50, M|
|poke|p2|Typhlosion-Hisui, L50, F|
|poke|p2|Murkrow, L50, F|
|poke|p2|Garchomp, L50, F|
|poke|p2|Rotom-Wash, L50|
|poke|p2|Gholdengo, L50|
|teampreview|4
|showteam|p1|Rillaboom||ClearAmulet|GrassySurge|FakeOut,GrassyGlide,KnockOff,Uturn|||F|||50|,,,,,Fire]Sneasler||GrassySeed|Unburden|CloseCombat,DireClaw,Protect,Acrobatics|||M|||50|,,,,,Ghost]Palafin||MysticWater|ZerotoHero|JetPunch,WaveCrash,FlipTurn,Protect|||M|||50|,,,,,Water]Pelipper||FocusSash|Drizzle|Tailwind,WeatherBall,Hurricane,Protect|||F|||50|,,,,,Ghost]Archaludon||AssaultVest|Stamina|BodyPress,ElectroShot,FlashCannon,DracoMeteor|||M|||50|,,,,,Ghost]Volcarona||CovertCloak|FlameBody|QuiverDance,Hurricane,HeatWave,Protect|||M|||50|,,,,,Flying
|showteam|p2|Dachsbun||Leftovers|WellBakedBody|BodyPress,Snarl,Substitute,Protect|||M|||50|,,,,,Steel]Typhlosion-Hisui||ChoiceScarf|Frisk|Eruption,ShadowBall,Flamethrower,LavaPlume|||F|||50|,,,,,Fire]Murkrow||Eviolite|Prankster|Tailwind,Taunt,SunnyDay,FoulPlay|||F|||50|,,,,,Ghost]Garchomp||LifeOrb|RoughSkin|DragonClaw,StompingTantrum,Earthquake,Protect|||F|||50|,,,,,Ground]Rotom-Wash||SitrusBerry|Levitate|HydroPump,Thunderbolt,Discharge,WillOWisp||||||50|,,,,,Electric]Gholdengo||MetalCoat|GoodasGold|MakeItRain,ShadowBall,NastyPlot,Protect||||||50|,,,,,Flying
|inactive|Battle timer is ON: inactive players will automatically lose when time's up. (requested by spellbreakvgc)
|inactive|squirrelsarge has 60 seconds left.
|
|t:|1757802151
|teamsize|p1|4
|teamsize|p2|4
|start
|switch|p1a: Volcarona|Volcarona, L50, M|100/100
|switch|p1b: Archaludon|Archaludon, L50, M|100/100
|switch|p2a: Typhlosion|Typhlosion-Hisui, L50, F|100/100
|switch|p2b: Dachsbun|Dachsbun, L50, M|100/100
|-item|p1a: Volcarona|Covert Cloak|[from] ability: Frisk|[of] p2a: Typhlosion
|-item|p1b: Archaludon|Assault Vest|[from] ability: Frisk|[of] p2a: Typhlosion
|turn|1
|
|t:|1757802176
|switch|p1b: Pelipper|Pelipper, L50, F|100/100
|-weather|RainDance|[from] ability: Drizzle|[of] p1b: Pelipper
|-terastallize|p1a: Volcarona|Flying
|-terastallize|p2b: Dachsbun|Steel
|move|p2a: Typhlosion|Lava Plume|p1b: Pelipper|[spread] p1a,p1b
|-ability|p2b: Dachsbun|Well-Baked Body|boost
|-boost|p2b: Dachsbun|def|2
|-resisted|p1b: Pelipper
|-damage|p1a: Volcarona|87/100
|-damage|p1b: Pelipper|90/100
|move|p1a: Volcarona|Quiver Dance|p1a: Volcarona
|-boost|p1a: Volcarona|spa|1
|-boost|p1a: Volcarona|spd|1
|-boost|p1a: Volcarona|spe|1
|move|p2b: Dachsbun|Snarl|p1b: Pelipper|[spread] p1a,p1b
|-damage|p1a: Volcarona|84/100
|-damage|p1b: Pelipper|81/100
|-unboost|p1b: Pelipper|spa|1
|
|-weather|RainDance|[upkeep]
|upkeep
|turn|2
|inactive|squirrelsarge has 30 seconds left.
|
|t:|1757802202
|move|p2a: Typhlosion|Lava Plume|p1a: Volcarona|[spread] p1a,p1b
|-ability|p2b: Dachsbun|Well-Baked Body|boost
|-boost|p2b: Dachsbun|def|2
|-resisted|p1b: Pelipper
|-damage|p1a: Volcarona|74/100
|-damage|p1b: Pelipper|72/100
|move|p1a: Volcarona|Quiver Dance|p1a: Volcarona
|-boost|p1a: Volcarona|spa|1
|-boost|p1a: Volcarona|spd|1
|-boost|p1a: Volcarona|spe|1
|move|p1b: Pelipper|Weather Ball|p2a: Typhlosion
|-supereffective|p2a: Typhlosion
|-damage|p2a: Typhlosion|7/100
|move|p2b: Dachsbun|Substitute|p2b: Dachsbun
|-start|p2b: Dachsbun|Substitute
|-damage|p2b: Dachsbun|75/100
|
|-weather|RainDance|[upkeep]
|-heal|p2b: Dachsbun|82/100|[from] item: Leftovers
|upkeep
|turn|3
|
|t:|1757802224
|move|p1a: Volcarona|Heat Wave|p2b: Dachsbun|[spread] 
|-ability|p2b: Dachsbun|Well-Baked Body|boost
|-boost|p2b: Dachsbun|def|2
|-miss|p1a: Volcarona|p2a: Typhlosion
|move|p2a: Typhlosion|Lava Plume|p1a: Volcarona|[spread] p1a,p1b
|-immune|p2b: Dachsbun|[from] ability: Well-Baked Body
|-resisted|p1b: Pelipper
|-damage|p1a: Volcarona|67/100
|-damage|p1b: Pelipper|60/100
|-status|p1b: Pelipper|brn
|move|p1b: Pelipper|Tailwind|p1b: Pelipper
|-sidestart|p1: squirrelsarge|move: Tailwind
|move|p2b: Dachsbun|Body Press|p1a: Volcarona
|-resisted|p1a: Volcarona
|-damage|p1a: Volcarona|33/100
|
|-weather|RainDance|[upkeep]
|-heal|p2b: Dachsbun|88/100|[from] item: Leftovers
|-damage|p1b: Pelipper|54/100 brn|[from] brn
|upkeep
|turn|4
|
|t:|1757802247
|move|p1a: Volcarona|Hurricane|p2b: Dachsbun
|-resisted|p2b: Dachsbun
|-end|p2b: Dachsbun|Substitute
|move|p1b: Pelipper|Weather Ball|p2b: Dachsbun
|-damage|p2b: Dachsbun|55/100
|move|p2a: Typhlosion|Lava Plume|p1b: Pelipper|[spread] p1a,p1b
|-immune|p2b: Dachsbun|[from] ability: Well-Baked Body
|-resisted|p1b: Pelipper
|-damage|p1a: Volcarona|27/100
|-damage|p1b: Pelipper|42/100 brn
|move|p2b: Dachsbun|Body Press|p1a: Volcarona
|-resisted|p1a: Volcarona
|-damage|p1a: Volcarona|0 fnt
|faint|p1a: Volcarona
|
|-weather|RainDance|[upkeep]
|-heal|p2b: Dachsbun|61/100|[from] item: Leftovers
|-damage|p1b: Pelipper|36/100 brn|[from] brn
|upkeep
|
|t:|1757802265
|switch|p1a: Archaludon|Archaludon, L50, M|100/100
|turn|5
|
|t:|1757802274
|move|p1b: Pelipper|Weather Ball|p2b: Dachsbun
|-damage|p2b: Dachsbun|30/100
|move|p2a: Typhlosion|Lava Plume|p1b: Pelipper|[spread] p1a,p1b
|-immune|p2b: Dachsbun|[from] ability: Well-Baked Body
|-resisted|p1b: Pelipper
|-damage|p1a: Archaludon|91/100
|-damage|p1b: Pelipper|25/100 brn
|-ability|p1a: Archaludon|Stamina|boost
|-boost|p1a: Archaludon|def|1
|move|p1a: Archaludon|Electro Shot||[still]
|-prepare|p1a: Archaludon|Electro Shot
|-boost|p1a: Archaludon|spa|1
|-anim|p1a: Archaludon|Electro Shot|p2b: Dachsbun
|-damage|p2b: Dachsbun|0 fnt
|faint|p2b: Dachsbun
|
|-weather|none
|-damage|p1b: Pelipper|19/100 brn|[from] brn
|upkeep
|
|t:|1757802293
|switch|p2b: Gholdengo|Gholdengo, L50|100/100
|turn|6
|
|t:|1757802300
|switch|p1b: Rillaboom|Rillaboom, L50, F|100/100
|-fieldstart|move: Grassy Terrain|[from] ability: Grassy Surge|[of] p1b: Rillaboom
|move|p2a: Typhlosion|Lava Plume|p1b: Rillaboom|[spread] p2b,p1a,p1b
|-supereffective|p2b: Gholdengo
|-supereffective|p1b: Rillaboom
|-damage|p2b: Gholdengo|25/100
|-damage|p1a: Archaludon|73/100
|-damage|p1b: Rillaboom|34/100
|-ability|p1a: Archaludon|Stamina|boost
|-boost|p1a: Archaludon|def|1
|move|p1a: Archaludon|Flash Cannon|p2a: Typhlosion
|-resisted|p2a: Typhlosion
|-damage|p2a: Typhlosion|0 fnt
|faint|p2a: Typhlosion
|move|p2b: Gholdengo|Nasty Plot|p2b: Gholdengo
|-boost|p2b: Gholdengo|spa|2
|
|-heal|p1b: Rillaboom|40/100|[from] Grassy Terrain
|-heal|p1a: Archaludon|79/100|[from] Grassy Terrain
|-heal|p2b: Gholdengo|31/100|[from] Grassy Terrain
|-sideend|p1: squirrelsarge|move: Tailwind
|upkeep
|
|t:|1757802313
|switch|p2a: Rotom|Rotom-Wash, L50|100/100
|turn|7
|inactive|squirrelsarge has 30 seconds left.
|
|t:|1757802341
|move|p2b: Gholdengo|Protect|p2b: Gholdengo
|-singleturn|p2b: Gholdengo|Protect
|move|p1b: Rillaboom|Grassy Glide|p2a: Rotom
|-supereffective|p2a: Rotom
|-damage|p2a: Rotom|13/100
|-enditem|p2a: Rotom|Sitrus Berry|[eat]
|-heal|p2a: Rotom|38/100|[from] item: Sitrus Berry
|move|p2a: Rotom|Discharge|p1b: Rillaboom|[spread] p1a,p1b
|-activate|p2b: Gholdengo|move: Protect
|-resisted|p1a: Archaludon
|-resisted|p1b: Rillaboom
|-damage|p1a: Archaludon|72/100
|-damage|p1b: Rillaboom|26/100
|-ability|p1a: Archaludon|Stamina|boost
|-boost|p1a: Archaludon|def|1
|move|p1a: Archaludon|Draco Meteor|p2b: Gholdengo
|-activate|p2b: Gholdengo|move: Protect
|
|-heal|p2b: Gholdengo|38/100|[from] Grassy Terrain
|-heal|p1b: Rillaboom|31/100|[from] Grassy Terrain
|-heal|p1a: Archaludon|78/100|[from] Grassy Terrain
|upkeep
|turn|8
|
|t:|1757802366
|switch|p1b: Pelipper|Pelipper, L50, F|19/100 brn
|-weather|RainDance|[from] ability: Drizzle|[of] p1b: Pelipper
|move|p2a: Rotom|Thunderbolt|p1a: Archaludon
|-resisted|p1a: Archaludon
|-damage|p1a: Archaludon|65/100
|-ability|p1a: Archaludon|Stamina|boost
|-boost|p1a: Archaludon|def|1
|move|p2b: Gholdengo|Make It Rain|p1a: Archaludon|[spread] p1a,p1b
|-resisted|p1a: Archaludon
|-resisted|p1b: Pelipper
|-damage|p1a: Archaludon|31/100
|-damage|p1b: Pelipper|0 fnt
|-unboost|p2b: Gholdengo|spa|1
|-ability|p1a: Archaludon|Stamina|boost
|-boost|p1a: Archaludon|def|1
|faint|p1b: Pelipper
|move|p1a: Archaludon|Electro Shot||[still]
|-prepare|p1a: Archaludon|Electro Shot
|-boost|p1a: Archaludon|spa|1
|-anim|p1a: Archaludon|Electro Shot|p2b: Gholdengo
|-damage|p2b: Gholdengo|0 fnt
|faint|p2b: Gholdengo
|
|-weather|RainDance|[upkeep]
|-heal|p1a: Archaludon|37/100|[from] Grassy Terrain
|upkeep
|-message|spellbreakvgc forfeited.
|
|win|squirrelsarge
