|j|☆DKit15
|j|☆ZXMaverickHunter
|html|DKit15ZXMaverickHunter    
|uhtml|bestof|Game 1 of a best-of-3
|t:|1756261590
|gametype|doubles
|player|p1|DKit15|giovanni|1057
|player|p2|ZXMaverickHunter|flint|1088
|gen|9
|tier|[Gen 9] VGC 2025 Reg H (Bo3)
|rated|
|rule|Species Clause: Limit one of each Pokémon
|rule|Item Clause: Limit 1 of each item
|clearpoke
|poke|p1|Murkrow, L50, M|
|poke|p1|Smeargle, L50, M|
|poke|p1|Garchomp, L50, M|
|poke|p1|Incineroar, L50, F|
|poke|p1|Sinistcha, L50|
|poke|p1|Ninetales-Alola, L50, F|
|poke|p2|Archaludon, L50, F|
|poke|p2|Dragonite, L50, M|
|poke|p2|Pelipper, L50, F|
|poke|p2|Ursaluna, L50, M|
|poke|p2|Sinistcha, L50|
|poke|p2|Gholdengo, L50|
|teampreview|4
|showteam|p1|Murkrow||Eviolite|Prankster|Haze,Tailwind,Protect,FoulPlay|||M|||50|,,,,,Dark]Smeargle||FocusSash|Moody|SpikyShield,Ruination,Spore,Decorate|||M|||50|,,,,,Grass]Garchomp||LifeOrb|RoughSkin|Protect,Earthquake,DragonClaw,StompingTantrum|||M|||50|,,,,,Ground]Incineroar||SafetyGoggles|Intimidate|FakeOut,FlareBlitz,KnockOff,PartingShot|||F|||50|,,,,,Ghost]Sinistcha||RockyHelmet|Hospitality|MatchaGotcha,RagePowder,ShadowBall,StrengthSap||||||50|,,,,,Grass]Ninetales-Alola||LightClay|SnowWarning|WeatherBall,AuroraVeil,Moonblast,Protect|||F|||50|,,,,,Ice
|showteam|p2|Archaludon||AssaultVest|Stamina|FlashCannon,BodyPress,ElectroShot,Snarl|||F|||50|,,,,,Fighting]Dragonite||LoadedDice|Multiscale|ScaleShot,Tailwind,Haze,Protect|||M|||50|,,,,,Fairy]Pelipper||FocusSash|Drizzle|MuddyWater,Hurricane,Tailwind,Protect|||F|||50|,,,,,Ghost]Ursaluna||FlameOrb|Guts|Facade,HeadlongRush,Earthquake,Protect|||M|||50|,,,,,Ghost]Sinistcha||SitrusBerry|Hospitality|MatchaGotcha,LifeDew,RagePowder,TrickRoom||||||50|,,,,,Dark]Gholdengo||ChoiceScarf|GoodasGold|MakeItRain,ShadowBall,Trick,Protect||||||50|,,,,,Flying
|inactive|Battle timer is ON: inactive players will automatically lose when time's up. (requested by DKit15)
|inactive|ZXMaverickHunter has 60 seconds left.
|inactive|ZXMaverickHunter has 30 seconds left.
|
|t:|1756261690
|teamsize|p1|4
|teamsize|p2|4
|start
|switch|p1a: Smeargle|Smeargle, L50, M|100/100
|switch|p1b: Incineroar|Incineroar, L50, F|100/100
|switch|p2a: Sinistcha|Sinistcha, L50|100/100
|switch|p2b: Gholdengo|Gholdengo, L50|100/100
|-ability|p1b: Incineroar|Intimidate|boost
|-unboost|p2a: Sinistcha|atk|1
|-unboost|p2b: Gholdengo|atk|1
|turn|1
|inactive|ZXMaverickHunter has 30 seconds left.
|
|t:|1756261720
|move|p2b: Gholdengo|Trick|p1a: Smeargle
|-activate|p2b: Gholdengo|move: Trick|[of] p1a: Smeargle
|-item|p1a: Smeargle|Choice Scarf|[from] move: Trick
|-item|p2b: Gholdengo|Focus Sash|[from] move: Trick
|move|p1a: Smeargle|Decorate|p1b: Incineroar
|-boost|p1b: Incineroar|atk|2
|-boost|p1b: Incineroar|spa|2
|move|p1b: Incineroar|Flare Blitz|p2b: Gholdengo
|-supereffective|p2b: Gholdengo
|-enditem|p2b: Gholdengo|Focus Sash
|-damage|p2b: Gholdengo|1/100
|-damage|p1b: Incineroar|74/100|[from] Recoil
|move|p2a: Sinistcha|Trick Room|p2a: Sinistcha
|-fieldstart|move: Trick Room|[of] p2a: Sinistcha
|
|-ability|p1a: Smeargle|Moody|boost
|-boost|p1a: Smeargle|def|2
|-unboost|p1a: Smeargle|spa|1
|upkeep
|turn|2
|inactive|DKit15 has 30 seconds left.
|inactive|ZXMaverickHunter has 30 seconds left.
|inactive|ZXMaverickHunter has 20 seconds left.
|inactive|ZXMaverickHunter has 15 seconds left.
|inactive|ZXMaverickHunter has 10 seconds left.
|
|t:|1756261765
|move|p1b: Incineroar|Knock Off|p2b: Gholdengo
|-supereffective|p2b: Gholdengo
|-damage|p2b: Gholdengo|0 fnt
|faint|p2b: Gholdengo
|move|p2a: Sinistcha|Matcha Gotcha|p1a: Smeargle|[spread] p1a,p1b
|-resisted|p1b: Incineroar
|-damage|p1a: Smeargle|52/100
|-damage|p1b: Incineroar|62/100
|-status|p1a: Smeargle|brn
|move|p1a: Smeargle|Decorate|p1b: Incineroar
|-boost|p1b: Incineroar|atk|2
|-boost|p1b: Incineroar|spa|2
|
|-damage|p1a: Smeargle|46/100 brn|[from] brn
|-ability|p1a: Smeargle|Moody|boost
|-boost|p1a: Smeargle|def|2
|-unboost|p1a: Smeargle|spd|1
|upkeep
|
|t:|1756261772
|switch|p2b: Ursaluna|Ursaluna, L50, M|100/100
|turn|3
|inactive|DKit15 has 30 seconds left.
|inactive|ZXMaverickHunter has 30 seconds left.
|inactive|DKit15 has 20 seconds left.
|inactive|DKit15 has 15 seconds left.
|inactive|DKit15 has 10 seconds left.
|inactive|ZXMaverickHunter has 20 seconds left.
|
|t:|1756261823
|switch|p1b: Garchomp|Garchomp, L50, M|100/100
|switch|p1a: Murkrow|Murkrow, L50, M|100/100
|move|p2b: Ursaluna|Earthquake|p1b: Garchomp|[spread] p2a,p1b
|-immune|p1a: Murkrow
|-resisted|p2a: Sinistcha
|-damage|p2a: Sinistcha|79/100
|-damage|p1b: Garchomp|54/100
|move|p2a: Sinistcha|Trick Room|p2a: Sinistcha
|-fieldend|move: Trick Room
|
|-status|p2b: Ursaluna|brn|[from] item: Flame Orb
|upkeep
|turn|4
|
|t:|1756261845
|-terastallize|p1b: Garchomp|Ground
|move|p1a: Murkrow|Tailwind|p1a: Murkrow
|-sidestart|p1: DKit15|move: Tailwind
|move|p1b: Garchomp|Earthquake|p2a: Sinistcha|[spread] p2a,p2b
|-immune|p1a: Murkrow
|-resisted|p2a: Sinistcha
|-crit|p2a: Sinistcha
|-damage|p2a: Sinistcha|35/100
|-damage|p2b: Ursaluna|45/100 brn
|-enditem|p2a: Sinistcha|Sitrus Berry|[eat]
|-heal|p2a: Sinistcha|59/100|[from] item: Sitrus Berry
|-damage|p1b: Garchomp|44/100|[from] item: Life Orb
|move|p2b: Ursaluna|Facade|p1b: Garchomp
|-damage|p1b: Garchomp|0 fnt
|-damage|p2b: Ursaluna|33/100 brn|[from] ability: Rough Skin|[of] p1b: Garchomp
|faint|p1b: Garchomp
|move|p2a: Sinistcha|Trick Room|p2a: Sinistcha
|-fieldstart|move: Trick Room|[of] p2a: Sinistcha
|
|-damage|p2b: Ursaluna|27/100 brn|[from] brn
|upkeep
|
|t:|1756261868
|switch|p1b: Smeargle|Smeargle, L50, M|46/100 brn
|turn|5
|
|t:|1756261893
|move|p1a: Murkrow|Protect|p1a: Murkrow
|-singleturn|p1a: Murkrow|Protect
|move|p1b: Smeargle|Spiky Shield|p1b: Smeargle
|-singleturn|p1b: Smeargle|move: Protect
|move|p2a: Sinistcha|Life Dew|p2a: Sinistcha|[spread] p2a,p2b
|-heal|p2a: Sinistcha|85/100
|-heal|p2b: Ursaluna|52/100 brn
|move|p2b: Ursaluna|Facade|p1a: Murkrow
|-activate|p1a: Murkrow|move: Protect
|
|-damage|p2b: Ursaluna|46/100 brn|[from] brn
|-damage|p1b: Smeargle|40/100 brn|[from] brn
|-ability|p1b: Smeargle|Moody|boost
|-boost|p1b: Smeargle|spd|2
|-unboost|p1b: Smeargle|atk|1
|upkeep
|turn|6
|
|t:|1756261915
|move|p1b: Smeargle|Spiky Shield||[still]
|-fail|p1b: Smeargle
|move|p1a: Murkrow|Haze|p1a: Murkrow
|-clearallboost
|move|p2a: Sinistcha|Life Dew|p2a: Sinistcha|[spread] p2a,p2b
|-heal|p2a: Sinistcha|100/100
|-heal|p2b: Ursaluna|71/100 brn
|move|p2b: Ursaluna|Facade|p1a: Murkrow
|-damage|p1a: Murkrow|0 fnt
|faint|p1a: Murkrow
|
|-damage|p2b: Ursaluna|65/100 brn|[from] brn
|-damage|p1b: Smeargle|34/100 brn|[from] brn
|-ability|p1b: Smeargle|Moody|boost
|-boost|p1b: Smeargle|spe|2
|-unboost|p1b: Smeargle|spa|1
|upkeep
|
|t:|1756261934
|switch|p1a: Incineroar|Incineroar, L50, F|62/100
|-ability|p1a: Incineroar|Intimidate|boost
|-unboost|p2a: Sinistcha|atk|1
|-unboost|p2b: Ursaluna|atk|1
|turn|7
|
|t:|1756261949
|-terastallize|p2b: Ursaluna|Ghost
|move|p1b: Smeargle|Spiky Shield|p1b: Smeargle
|-singleturn|p1b: Smeargle|move: Protect
|move|p2a: Sinistcha|Life Dew||[still]|[spread] p2a,p2b
|-fail|p2a: Sinistcha|heal
|-heal|p2b: Ursaluna|90/100 brn
|move|p2b: Ursaluna|Headlong Rush|p1a: Incineroar
|-supereffective|p1a: Incineroar
|-damage|p1a: Incineroar|0 fnt
|-unboost|p2b: Ursaluna|def|1
|-unboost|p2b: Ursaluna|spd|1
|faint|p1a: Incineroar
|
|-damage|p2b: Ursaluna|84/100 brn|[from] brn
|-damage|p1b: Smeargle|28/100 brn|[from] brn
|-sideend|p1: DKit15|move: Tailwind
|-ability|p1b: Smeargle|Moody|boost
|-boost|p1b: Smeargle|spd|2
|-unboost|p1b: Smeargle|atk|1
|upkeep
|turn|8
|
|t:|1756261968
|move|p1b: Smeargle|Spiky Shield||[still]
|-fail|p1b: Smeargle
|move|p2a: Sinistcha|Life Dew||[still]|[spread] p2a,p2b
|-fail|p2a: Sinistcha|heal
|-heal|p2b: Ursaluna|100/100 brn
|move|p2b: Ursaluna|Headlong Rush|p1b: Smeargle
|-damage|p1b: Smeargle|0 fnt
|-unboost|p2b: Ursaluna|def|1
|-unboost|p2b: Ursaluna|spd|1
|faint|p1b: Smeargle
|
|win|ZXMaverickHunter
