|j|☆The RU Agenda
|j|☆Andrea Pirlo 2
|html|The RU AgendaAndrea Pirlo 2    
|uhtml|bestof|Game 2 of a best-of-3
|t:|1784129180
|gametype|doubles
|player|p1|The RU Agenda|101|1319
|player|p2|Andrea Pirlo 2|lucas|1431
|gen|9
|tier|[Gen 9 Champions] VGC 2026 Reg M-B (Bo3)
|rated|
|rule|Species Clause: Limit one of each Pokémon
|rule|Item Clause: Limit 1 of each item
|clearpoke
|poke|p1|Gardevoir, L50, F|
|poke|p1|Basculegion, L50, M|
|poke|p1|Talonflame, L50, F|
|poke|p1|Maushold, L50|
|poke|p1|Kingambit, L50, F|
|poke|p1|Chesnaught, L50, M|
|poke|p2|Charizard, L50, M|
|poke|p2|Venusaur, L50, M|
|poke|p2|Grimmsnarl, L50, M|
|poke|p2|Archaludon, L50, F|
|poke|p2|Pelipper, L50, M|
|poke|p2|Swampert, L50, M|
|teampreview|4
|showteam|p1|Gardevoir||Gardevoirite|Trace|HyperVoice,Psychic,Thunderbolt,Protect|Modest||F|||50|]Basculegion||ChoiceScarf|Adaptability|WaveCrash,LastRespects,FlipTurn,AquaJet|Jolly||M|||50|]Talonflame||SharpBeak|GaleWings|DualWingbeat,FlareBlitz,Tailwind,Protect|Jolly||F|||50|]Maushold||FocusSash|FriendGuard|SuperFang,Feint,FollowMe,Protect|Jolly|||||50|]Kingambit||ExpertBelt|Defiant|KowtowCleave,SuckerPunch,IronHead,LowKick|Jolly||F|||50|]Chesnaught||Leftovers|Bulletproof|SpikyShield,WideGuard,IronDefense,BodyPress|Impish||M|||50|
|showteam|p2|Charizard||CharizarditeY|Blaze|HeatWave,WeatherBall,Hurricane,Protect|Modest||M|||50|]Venusaur||FocusSash|Chlorophyll|EnergyBall,SludgeBomb,EarthPower,SleepPowder|Modest||M|||50|]Grimmsnarl||LightClay|Prankster|SpiritBreak,PartingShot,Reflect,LightScreen|Careful||M|||50|]Archaludon||Leftovers|Stamina|ElectroShot,DragonPulse,FlashCannon,Protect|Modest||F|||50|]Pelipper||SitrusBerry|Drizzle|WeatherBall,Hurricane,Tailwind,Protect|Modest||M|||50|]Swampert||Swampertite|Torrent|WaveCrash,HighHorsepower,IcePunch,Protect|Adamant||M|||50|
|inactive|Battle timer is ON: inactive players will automatically lose when time's up. (requested by Andrea Pirlo 2)
|
|t:|1784129197
|teamsize|p1|4
|teamsize|p2|4
|start
|switch|p1a: Gardevoir|Gardevoir, L50, F|100/100
|switch|p1b: Talonflame|Talonflame, L50, F|100/100
|switch|p2a: Charizard|Charizard, L50, M|100/100
|switch|p2b: Venusaur|Venusaur, L50, M|100/100
|-ability|p1a: Gardevoir|Chlorophyll|Trace|[from] ability: Trace|[of] p2b: Venusaur
|turn|1
|inactive|Andrea Pirlo 2 has 30 seconds left.
|
|t:|1784129226
|detailschange|p1a: Gardevoir|Gardevoir-Mega, L50, F
|-mega|p1a: Gardevoir|Gardevoir|Gardevoirite
|detailschange|p2a: Charizard|Charizard-Mega-Y, L50, M
|-mega|p2a: Charizard|Charizard|Charizardite Y
|-weather|SunnyDay|[from] ability: Drought|[of] p2a: Charizard
|move|p1b: Talonflame|Dual Wingbeat|p2a: Charizard
|-damage|p2a: Charizard|77/100
|-damage|p2a: Charizard|56/100
|-hitcount|p2a: Charizard|2
|move|p2b: Venusaur|Sludge Bomb|p1a: Gardevoir
|-supereffective|p1a: Gardevoir|1
|-damage|p1a: Gardevoir|16/100
|-status|p1a: Gardevoir|psn
|move|p1a: Gardevoir|Thunderbolt|p2a: Charizard
|-supereffective|p2a: Charizard|1
|-damage|p2a: Charizard|0 fnt
|faint|p2a: Charizard
|
|-weather|SunnyDay|[upkeep]
|-damage|p1a: Gardevoir|4/100 psn|[from] psn
|upkeep
|
|t:|1784129246
|switch|p2a: Archaludon|Archaludon, L50, F|100/100
|turn|2
|
|t:|1784129267
|move|p2a: Archaludon|Protect|p2a: Archaludon
|-singleturn|p2a: Archaludon|Protect
|move|p1b: Talonflame|Tailwind|p1b: Talonflame
|-sidestart|p1: The RU Agenda|move: Tailwind
|move|p1a: Gardevoir|Hyper Voice|p2a: Archaludon|[spread] p2b
|-activate|p2a: Archaludon|move: Protect
|-resisted|p2b: Venusaur|1
|-damage|p2b: Venusaur|70/100
|move|p2b: Venusaur|Sludge Bomb|p1b: Talonflame
|-damage|p1b: Talonflame|35/100
|-status|p1b: Talonflame|psn
|
|-weather|SunnyDay|[upkeep]
|-damage|p1b: Talonflame|22/100 psn|[from] psn
|-damage|p1a: Gardevoir|0 fnt|[from] psn
|faint|p1a: Gardevoir
|upkeep
|
|t:|1784129277
|switch|p1a: Kingambit|Kingambit, L50, F|100/100
|turn|3
|
|t:|1784129284
|switch|p2b: Pelipper|Pelipper, L50, M|100/100
|-weather|RainDance|[from] ability: Drizzle|[of] p2b: Pelipper
|move|p1b: Talonflame|Dual Wingbeat|p2b: Pelipper
|-crit|p2b: Pelipper
|-damage|p2b: Pelipper|71/100
|-damage|p2b: Pelipper|51/100
|-hitcount|p2b: Pelipper|2
|move|p1a: Kingambit|Low Kick|p2a: Archaludon
|-supereffective|p2a: Archaludon|1
|-damage|p2a: Archaludon|45/100
|-ability|p2a: Archaludon|Stamina|boost
|-boost|p2a: Archaludon|def|1
|move|p2a: Archaludon|Electro Shot||[still]
|-prepare|p2a: Archaludon|Electro Shot
|-boost|p2a: Archaludon|spa|1
|-anim|p2a: Archaludon|Electro Shot|p1a: Kingambit
|-damage|p1a: Kingambit|35/100
|
|-weather|RainDance|[upkeep]
|-heal|p2a: Archaludon|51/100|[from] item: Leftovers
|-damage|p1b: Talonflame|10/100 psn|[from] psn
|upkeep
|turn|4
|inactive|The RU Agenda has 30 seconds left.
|
|t:|1784129318
|move|p1b: Talonflame|Dual Wingbeat|p2b: Pelipper
|-damage|p2b: Pelipper|31/100
|-enditem|p2b: Pelipper|Sitrus Berry|[eat]
|-heal|p2b: Pelipper|56/100|[from] item: Sitrus Berry
|-damage|p2b: Pelipper|37/100
|-hitcount|p2b: Pelipper|2
|move|p1a: Kingambit|Kowtow Cleave|p2b: Pelipper
|-damage|p2b: Pelipper|0 fnt
|faint|p2b: Pelipper
|move|p2a: Archaludon|Electro Shot||[still]
|-prepare|p2a: Archaludon|Electro Shot
|-boost|p2a: Archaludon|spa|1
|-anim|p2a: Archaludon|Electro Shot|p1a: Kingambit
|-damage|p1a: Kingambit|0 fnt
|faint|p1a: Kingambit
|
|-weather|RainDance|[upkeep]
|-heal|p2a: Archaludon|57/100|[from] item: Leftovers
|-damage|p1b: Talonflame|0 fnt|[from] psn
|faint|p1b: Talonflame
|upkeep
|
|t:|1784129323
|switch|p1a: Basculegion|Basculegion, L50, M|100/100
|switch|p2b: Venusaur|Venusaur, L50, M|70/100
|turn|5
|
|t:|1784129333
|move|p1a: Basculegion|Last Respects|p2b: Venusaur
|-damage|p2b: Venusaur|0 fnt
|faint|p2b: Venusaur
|move|p2a: Archaludon|Electro Shot||[still]
|-prepare|p2a: Archaludon|Electro Shot
|-boost|p2a: Archaludon|spa|1
|-anim|p2a: Archaludon|Electro Shot|p1a: Basculegion
|-supereffective|p1a: Basculegion|1
|-damage|p1a: Basculegion|0 fnt
|faint|p1a: Basculegion
|
|win|Andrea Pirlo 2
|raw|The RU Agenda's rating: 1319 → 1305(-14 for losing)
|raw|Andrea Pirlo 2's rating: 1431 → 1445(+14 for winning)
