|j|☆3k Ligue Croissant
|j|☆Theompz
|html|3k Ligue CroissantTheompz    
|uhtml|bestof|Game 1 of a best-of-3
|t:|1757627956
|gametype|doubles
|player|p1|3k Ligue Croissant|102|
|player|p2|Theompz|colress|
|gen|9
|tier|[Gen 9] VGC 2025 Reg H (Bo3)
|rule|Species Clause: Limit one of each Pokémon
|rule|Item Clause: Limit 1 of each item
|clearpoke
|poke|p1|Weavile, L50, M|
|poke|p1|Annihilape, L50, F|
|poke|p1|Coalossal, L50, F|
|poke|p1|Sinistcha, L50|
|poke|p1|Farigiraf, L50, F|
|poke|p1|Ninetales-Alola, L50, M|
|poke|p2|Meowscarada, L50, M|
|poke|p2|Ursaluna-Bloodmoon, L50, M|
|poke|p2|Incineroar, L50, F|
|poke|p2|Whimsicott, L50, M|
|poke|p2|Typhlosion-Hisui, L50, M|
|poke|p2|Sneasler, L50, M|
|teampreview|4
|showteam|p1|Weavile||FocusSash|Pickpocket|Surf,BeatUp,KnockOff,TripleAxel|||M|||50|,,,,,Ghost]Annihilape||SafetyGoggles|Defiant|RageFist,DrainPunch,BulkUp,Protect|||F|||50|,,,,,Fire]Coalossal||WeaknessPolicy|SteamEngine|HeatWave,PowerGem,EarthPower,Protect|||F|||50|,,,,,Rock]Sinistcha||SitrusBerry|Hospitality|StrengthSap,LifeDew,RagePowder,MatchaGotcha||||||50|,,,,,Water]Farigiraf||ThroatSpray|ArmorTail|HyperVoice,DazzlingGleam,TrickRoom,SkillSwap|||F|||50|,,,,,Fairy]Ninetales-Alola||LightClay|SnowWarning|Blizzard,IcicleSpear,FreezeDry,AuroraVeil|||M|||50|,,,,,Ghost
|showteam|p2|Meowscarada||ChoiceBand|Protean|FlowerTrick,KnockOff,TripleAxel,Uturn|||M|||50|,,,,,Ghost]Ursaluna-Bloodmoon||ThroatSpray|MindsEye|BloodMoon,HyperVoice,EarthPower,Protect|||M|||50|,,,,,Normal]Incineroar||SafetyGoggles|Intimidate|FakeOut,PartingShot,KnockOff,FlareBlitz|||F|||50|,,,,,Ghost]Whimsicott||CovertCloak|Prankster|Tailwind,SunnyDay,Encore,Moonblast|||M|||50|,,,,,Water]Typhlosion-Hisui||FocusSash|Blaze|Eruption,HeatWave,ShadowBall,Protect|||M|||50|,,,,,Stellar]Sneasler||LifeOrb|PoisonTouch|FakeOut,DireClaw,CloseCombat,Protect|||M|||50|,,,,,Ghost
|inactive|Battle timer is ON: inactive players will automatically lose when time's up. (requested by Theompz)
|inactive|3k Ligue Croissant has 60 seconds left.
|
|t:|1757627992
|teamsize|p1|4
|teamsize|p2|4
|start
|switch|p1a: Coalossal|Coalossal, L50, F|100/100
|switch|p1b: Sinistcha|Sinistcha, L50|100/100
|switch|p2a: Whimsicott|Whimsicott, L50, M, shiny|100/100
|switch|p2b: Ursaluna|Ursaluna-Bloodmoon, L50, M|100/100
|turn|1
|inactive|Theompz has 30 seconds left.
|inactive|Theompz has 20 seconds left.
|
|t:|1757628031
|move|p1b: Sinistcha|Rage Powder|p1b: Sinistcha
|-singleturn|p1b: Sinistcha|move: Rage Powder
|move|p2a: Whimsicott|Tailwind|p2a: Whimsicott
|-sidestart|p2: Theompz|move: Tailwind
|move|p2b: Ursaluna|Hyper Voice|p1b: Sinistcha|[spread] p1a,p1b
|-resisted|p1a: Coalossal
|-damage|p1a: Coalossal|80/100
|-damage|p1b: Sinistcha|61/100
|-enditem|p2b: Ursaluna|Throat Spray
|-boost|p2b: Ursaluna|spa|1|[from] item: Throat Spray
|move|p1a: Coalossal|Heat Wave|p2a: Whimsicott|[spread] p2a,p2b
|-supereffective|p2a: Whimsicott
|-damage|p2a: Whimsicott|3/100
|-damage|p2b: Ursaluna|61/100
|
|upkeep
|turn|2
|inactive|3k Ligue Croissant has 30 seconds left.
|inactive|Theompz has 30 seconds left.
|
|t:|1757628061
|move|p1a: Coalossal|Protect|p1a: Coalossal
|-singleturn|p1a: Coalossal|Protect
|move|p2a: Whimsicott|Encore|p1b: Sinistcha
|-start|p1b: Sinistcha|Encore
|move|p2b: Ursaluna|Earth Power|p1a: Coalossal
|-activate|p1a: Coalossal|move: Protect
|move|p1b: Sinistcha|Rage Powder|p1b: Sinistcha
|-singleturn|p1b: Sinistcha|move: Rage Powder
|
|upkeep
|turn|3
|
|t:|1757628080
|switch|p1a: Ninetales|Ninetales-Alola, L50, M|100/100
|-weather|Snowscape|[from] ability: Snow Warning|[of] p1a: Ninetales
|move|p1b: Sinistcha|Rage Powder|p1b: Sinistcha
|-singleturn|p1b: Sinistcha|move: Rage Powder
|move|p2a: Whimsicott|Moonblast|p1b: Sinistcha
|-damage|p1b: Sinistcha|23/100
|-unboost|p1b: Sinistcha|spa|1
|-enditem|p1b: Sinistcha|Sitrus Berry|[eat]
|-heal|p1b: Sinistcha|48/100|[from] item: Sitrus Berry
|move|p2b: Ursaluna|Hyper Voice|p1b: Sinistcha|[spread] p1a,p1b
|-damage|p1a: Ninetales|42/100
|-damage|p1b: Sinistcha|0 fnt
|faint|p1b: Sinistcha
|
|-weather|Snowscape|[upkeep]
|upkeep
|
|t:|1757628095
|switch|p1b: Weavile|Weavile, L50, M|100/100
|turn|4
|
|t:|1757628118
|-terastallize|p2b: Ursaluna|Normal
|move|p2a: Whimsicott|Moonblast|p1b: Weavile
|-supereffective|p1b: Weavile
|-enditem|p1b: Weavile|Focus Sash
|-damage|p1b: Weavile|1/100
|move|p1b: Weavile|Surf|p2a: Whimsicott|[spread] p1a,p2a,p2b
|-resisted|p2a: Whimsicott
|-damage|p1a: Ninetales|37/100
|-damage|p2a: Whimsicott|0 fnt
|-damage|p2b: Ursaluna|54/100
|faint|p2a: Whimsicott
|move|p2b: Ursaluna|Hyper Voice|p1a: Ninetales|[spread] p1a,p1b
|-damage|p1a: Ninetales|0 fnt
|-damage|p1b: Weavile|0 fnt
|faint|p1a: Ninetales
|faint|p1b: Weavile
|
|-weather|Snowscape|[upkeep]
|-sideend|p2: Theompz|move: Tailwind
|upkeep
|
|t:|1757628136
|switch|p1b: Coalossal|Coalossal, L50, F|80/100
|switch|p2a: Sneasler|Sneasler, L50, M|100/100
|turn|5
|c|☆3k Ligue Croissant|gg
|
|t:|1757628144
|move|p2a: Sneasler|Fake Out|p1b: Coalossal
|-resisted|p1b: Coalossal
|-damage|p1b: Coalossal|72/100
|-damage|p2a: Sneasler|91/100|[from] item: Life Orb
|move|p2b: Ursaluna|Earth Power|p1b: Coalossal
|-supereffective|p1b: Coalossal
|-damage|p1b: Coalossal|0 fnt
|faint|p1b: Coalossal
|
|win|Theompz
||3k Ligue Croissant is ready for game 2.
|inactive|Theompz has 30 seconds to confirm battle start!
|c|☆Theompz|Gg
||Theompz is ready for game 2.
|uhtml|next|Next: Game 2 of 3
|l|☆Theompz
|player|p2|
