|j|☆iliasdelm
|j|☆SamKagami
|html|iliasdelmSamKagami    
|uhtml|bestof|Game 1 of a best-of-3
|t:|1756472994
|gametype|doubles
|player|p1|iliasdelm|gambler|1169
|player|p2|SamKagami|red|1130
|gen|9
|tier|[Gen 9] VGC 2025 Reg H (Bo3)
|rated|
|rule|Species Clause: Limit one of each Pokémon
|rule|Item Clause: Limit 1 of each item
|clearpoke
|poke|p1|Primarina, L50, F|
|poke|p1|Incineroar, L50, M|
|poke|p1|Gholdengo, L50|
|poke|p1|Ursaluna, L50, F|
|poke|p1|Amoonguss, L50, M|
|poke|p1|Porygon2, L50|
|poke|p2|Glaceon, L50, M|
|poke|p2|Ninetales-Alola, L50, M|
|poke|p2|Kingambit, L50, M|
|poke|p2|Electabuzz, L50, M|
|poke|p2|Dragonite, L50, M|
|poke|p2|Sneasler, L50, M|
|teampreview|4
|showteam|p1|Primarina||ThroatSpray|LiquidVoice|HyperVoice,Moonblast,Haze,Protect|||F|||50|,,,,,Poison]Incineroar||AssaultVest|Intimidate|FlareBlitz,KnockOff,FakeOut,Uturn|||M|||50|,,,,,Grass]Gholdengo||LifeOrb|GoodasGold|MakeItRain,ShadowBall,NastyPlot,Protect||||||50|,,,,,Water]Ursaluna||FlameOrb|Guts|Facade,HeadlongRush,Protect,Substitute|||F|||50|,,,,,Ghost]Amoonguss||SitrusBerry|Regenerator|PollenPuff,Spore,RagePowder,GigaDrain|||M|||50|,,,,,Electric]Porygon2||Eviolite|Download|IceBeam,TeraBlast,Recover,TrickRoom||||||50|,,,,,Fighting
|showteam|p2|Glaceon||BrightPowder|SnowCloak|FreezeDry,Blizzard,TeraBlast,Protect|||M|||50|,,,,,Water]Ninetales-Alola||CovertCloak|SnowCloak|Blizzard,Moonblast,AuroraVeil,Encore|||M|||50|,,,,,Water]Kingambit||BlackGlasses|Defiant|KowtowCleave,SwordsDance,SuckerPunch,Protect|||M|||50|,,,,,Ghost]Electabuzz||Eviolite|VitalSpirit|FollowMe,Taunt,Protect,Electroweb|||M|||50|,,,,,Ghost]Dragonite||LoadedDice|Multiscale|ScaleShot,Haze,Tailwind,Protect|||M|||50|,,,,,Fairy]Sneasler||FocusSash|Unburden|DireClaw,CloseCombat,FakeOut,Protect|||M|||50|,,,,,Stellar
|inactive|Battle timer is ON: inactive players will automatically lose when time's up. (requested by iliasdelm)
|inactive|SamKagami has 60 seconds left.
|
|t:|1756473060
|teamsize|p1|4
|teamsize|p2|4
|start
|switch|p1a: Gholdengo|Gholdengo, L50|100/100
|switch|p1b: Incineroar|Incineroar, L50, M|100/100
|switch|p2a: Electabuzz|Electabuzz, L50, M|100/100
|switch|p2b: Kingambit|Kingambit, L50, M|100/100
|-ability|p1b: Incineroar|Intimidate|boost
|-unboost|p2a: Electabuzz|atk|1
|-unboost|p2b: Kingambit|atk|1
|-ability|p2b: Kingambit|Defiant|boost
|-boost|p2b: Kingambit|atk|2
|turn|1
|
|t:|1756473081
|switch|p1a: Ursaluna|Ursaluna, L50, F|100/100
|move|p1b: Incineroar|Fake Out|p2b: Kingambit
|-resisted|p2b: Kingambit
|-damage|p2b: Kingambit|96/100
|move|p2a: Electabuzz|Follow Me|p2a: Electabuzz
|-singleturn|p2a: Electabuzz|move: Follow Me
|cant|p2b: Kingambit|flinch
|
|-status|p1a: Ursaluna|brn|[from] item: Flame Orb
|upkeep
|turn|2
|
|t:|1756473106
|switch|p1b: Porygon2|Porygon2, L50|100/100
|-ability|p1b: Porygon2|Download|boost
|-boost|p1b: Porygon2|spa|1
|move|p2b: Kingambit|Protect|p2b: Kingambit
|-singleturn|p2b: Kingambit|Protect
|move|p1a: Ursaluna|Protect|p1a: Ursaluna
|-singleturn|p1a: Ursaluna|Protect
|move|p2a: Electabuzz|Taunt|p1a: Ursaluna
|-activate|p1a: Ursaluna|move: Protect
|
|-damage|p1a: Ursaluna|95/100 brn|[from] brn
|upkeep
|turn|3
|
|t:|1756473127
|-terastallize|p2b: Kingambit|Ghost
|move|p2a: Electabuzz|Taunt|p1b: Porygon2
|-start|p1b: Porygon2|move: Taunt
|move|p2b: Kingambit|Swords Dance|p2b: Kingambit
|-boost|p2b: Kingambit|atk|2
|move|p1a: Ursaluna|Headlong Rush|p2b: Kingambit
|-damage|p2b: Kingambit|18/100
|-unboost|p1a: Ursaluna|def|1
|-unboost|p1a: Ursaluna|spd|1
|cant|p1b: Porygon2|move: Taunt|Trick Room
|
|-damage|p1a: Ursaluna|89/100 brn|[from] brn
|upkeep
|turn|4
|inactive|SamKagami has 30 seconds left.
|
|t:|1756473152
|switch|p1a: Incineroar|Incineroar, L50, M|100/100
|-ability|p1a: Incineroar|Intimidate|boost
|-unboost|p2a: Electabuzz|atk|1
|-unboost|p2b: Kingambit|atk|1
|-ability|p2b: Kingambit|Defiant|boost
|-boost|p2b: Kingambit|atk|2
|move|p2a: Electabuzz|Follow Me|p2a: Electabuzz
|-singleturn|p2a: Electabuzz|move: Follow Me
|move|p2b: Kingambit|Kowtow Cleave|p1b: Porygon2
|-crit|p1b: Porygon2
|-damage|p1b: Porygon2|0 fnt
|faint|p1b: Porygon2
|
|upkeep
|
|t:|1756473162
|switch|p1b: Gholdengo|Gholdengo, L50|100/100
|turn|5
|inactive|iliasdelm has 30 seconds left.
|
|t:|1756473195
|move|p2a: Electabuzz|Follow Me|p2a: Electabuzz
|-singleturn|p2a: Electabuzz|move: Follow Me
|move|p2b: Kingambit|Sucker Punch||[still]
|-fail|p2b: Kingambit
|move|p1b: Gholdengo|Nasty Plot|p1b: Gholdengo
|-boost|p1b: Gholdengo|spa|2
|move|p1a: Incineroar|U-turn|p2a: Electabuzz
|-damage|p2a: Electabuzz|83/100
|
|t:|1756473199
|switch|p1a: Ursaluna|Ursaluna, L50, F|89/100 brn|[from] U-turn
|
|-damage|p1a: Ursaluna|83/100 brn|[from] brn
|upkeep
|turn|6
|
|t:|1756473214
|move|p2b: Kingambit|Protect|p2b: Kingambit
|-singleturn|p2b: Kingambit|Protect
|move|p2a: Electabuzz|Taunt|p1b: Gholdengo
|-immune|p1b: Gholdengo|[from] ability: Good as Gold
|move|p1b: Gholdengo|Nasty Plot|p1b: Gholdengo
|-boost|p1b: Gholdengo|spa|2
|move|p1a: Ursaluna|Headlong Rush|p2a: Electabuzz
|-supereffective|p2a: Electabuzz
|-damage|p2a: Electabuzz|0 fnt
|-unboost|p1a: Ursaluna|def|1
|-unboost|p1a: Ursaluna|spd|1
|faint|p2a: Electabuzz
|
|-damage|p1a: Ursaluna|77/100 brn|[from] brn
|upkeep
|c|☆SamKagami|oosp
|
|t:|1756473229
|switch|p2a: Ninetales|Ninetales-Alola, L50, M|100/100
|turn|7
|inactive|SamKagami has 30 seconds left.
|inactive|SamKagami has 20 seconds left.
|
|t:|1756473266
|move|p1b: Gholdengo|Protect|p1b: Gholdengo
|-singleturn|p1b: Gholdengo|Protect
|move|p2b: Kingambit|Sucker Punch||[still]
|-fail|p2b: Kingambit
|move|p2a: Ninetales|Blizzard|p1b: Gholdengo|[spread] p1a
|-activate|p1b: Gholdengo|move: Protect
|-supereffective|p1a: Ursaluna
|-damage|p1a: Ursaluna|24/100 brn
|move|p1a: Ursaluna|Headlong Rush|p2b: Kingambit
|-damage|p2b: Kingambit|0 fnt
|-unboost|p1a: Ursaluna|def|1
|-unboost|p1a: Ursaluna|spd|1
|faint|p2b: Kingambit
|
|-damage|p1a: Ursaluna|18/100 brn|[from] brn
|upkeep
|
|t:|1756473269
|switch|p2b: Glaceon|Glaceon, L50, M|100/100
|turn|8
|c|☆SamKagami|wrong ability unlucky xD
|-message|SamKagami forfeited.
|
|win|iliasdelm
