|j|☆Toberal98
|j|☆CaratroncoSun
|html|Toberal98CaratroncoSun    
|uhtml|bestof|Game 1 of a best-of-3
|t:|1782462810
|gametype|doubles
|player|p1|Toberal98|101|1000
|player|p2|CaratroncoSun|juan|1189
|gen|9
|tier|[Gen 9 Champions] VGC 2026 Reg M-B (Bo3)
|rated|
|rule|Species Clause: Limit one of each Pokémon
|rule|Item Clause: Limit 1 of each item
|clearpoke
|poke|p1|Dedenne, L50, F|
|poke|p1|Gengar, L50, F|
|poke|p1|Farigiraf, L50, M|
|poke|p1|Incineroar, L50, M|
|poke|p1|Dragonite, L50, F|
|poke|p1|Zoroark-Hisui, L50, F|
|poke|p2|Overqwil, L50, M, shiny|
|poke|p2|Swampert, L50, F|
|poke|p2|Pelipper, L50, M|
|poke|p2|Metagross, L50, shiny|
|poke|p2|Sneasler, L50, M|
|poke|p2|Sinistcha-Masterpiece, L50|
|teampreview|4
|showteam|p1|Dedenne||ShucaBerry|CheekPouch|Nuzzle,HelpingHand,VoltSwitch,Protect|Timid||F|||50|]Gengar||Gengarite|CursedBody|ShadowBall,SludgeBomb,Protect,PerishSong|Timid||F|||50|]Farigiraf||SitrusBerry|ArmorTail|Psychic,HelpingHand,Protect,TrickRoom|Bold||M|||50|]Incineroar||ChopleBerry|Intimidate|DarkestLariat,FlareBlitz,FakeOut,PartingShot|Careful||M|||50|]Dragonite||LumBerry|Multiscale|DragonClaw,ExtremeSpeed,Protect,LowKick|Adamant||F|||50|]Zoroark-Hisui||FocusSash|Illusion|ShadowBall,Protect,Flamethrower,IcyWind|Timid||F|||50|
|showteam|p2|Overqwil||LifeOrb|SwiftSwim|Protect,PoisonJab,ThroatChop,Liquidation|Adamant||M|||50|]Swampert||Swampertite|Damp|Protect,WaveCrash,HighHorsepower,IcePunch|Adamant||F|||50|]Pelipper||FocusSash|Drizzle|RainDance,Tailwind,Hurricane,WeatherBall|Modest||M|||50|]Metagross||Metagrossite|ClearBody|Protect,PsychicFangs,IronHead,IcePunch|Jolly|||||50|]Sneasler||WhiteHerb|Unburden|Coaching,FakeOut,DireClaw,CloseCombat|Jolly||M|||50|]Sinistcha-Masterpiece||SitrusBerry|Hospitality|MatchaGotcha,TrickRoom,LifeDew,RagePowder|Bold|||||50|
|inactive|Battle timer is ON: inactive players will automatically lose when time's up. (requested by Toberal98)
|inactive|CaratroncoSun has 60 seconds left.
|inactive|CaratroncoSun has 30 seconds left.
|
|t:|1782462884
|teamsize|p1|4
|teamsize|p2|4
|start
|switch|p1a: Farigiraf|Farigiraf, L50, M|100/100
|switch|p1b: Dragonite|Dragonite, L50, F|100/100
|switch|p2a: Pelipper|Pelipper, L50, M|100/100
|switch|p2b: Sneasler|Sneasler, L50, M|100/100
|-weather|RainDance|[from] ability: Drizzle|[of] p2a: Pelipper
|turn|1
|inactive|Toberal98 has 30 seconds left.
|
|t:|1782462911
|move|p2b: Sneasler|Close Combat|p1a: Farigiraf
|-damage|p1a: Farigiraf|57/100
|-unboost|p2b: Sneasler|def|1
|-unboost|p2b: Sneasler|spd|1
|-enditem|p2b: Sneasler|White Herb
|-clearnegativeboost|p2b: Sneasler|[silent]
|move|p1b: Dragonite|Shadow Ball|p2a: Pelipper
|-damage|p2a: Pelipper|33/100
|move|p2a: Pelipper|Weather Ball|p1a: Farigiraf
|-damage|p1a: Farigiraf|0 fnt
|faint|p1a: Farigiraf
|
|-weather|RainDance|[upkeep]
|upkeep
|
|t:|1782462927
|switch|p1a: Incineroar|Incineroar, L50, M|100/100
|-ability|p1a: Incineroar|Intimidate|boost
|-unboost|p2a: Pelipper|atk|1
|-unboost|p2b: Sneasler|atk|1
|turn|2
|inactive|Toberal98 has 30 seconds left.
|
|t:|1782462958
|switch|p2a: Overqwil|Overqwil, L50, M, shiny|100/100
|move|p1a: Incineroar|Fake Out|p2b: Sneasler
|-damage|p2b: Sneasler|84/100
|cant|p2b: Sneasler|flinch
|move|p1b: Dragonite|Shadow Ball|p2b: Sneasler
|-damage|p2b: Sneasler|32/100
|
|-weather|RainDance|[upkeep]
|upkeep
|turn|3
|
|t:|1782462982
|move|p2b: Sneasler|Coaching|p2a: Overqwil
|-boost|p2a: Overqwil|atk|1
|-boost|p2a: Overqwil|def|1
|move|p2a: Overqwil|Liquidation|p1a: Incineroar
|-supereffective|p1a: Incineroar|1
|-damage|p1a: Incineroar|0 fnt
|faint|p1a: Incineroar
|-damage|p2a: Overqwil|90/100|[from] item: Life Orb
|move|p1b: Dragonite|Icy Wind|p2b: Sneasler|[spread] p2a,p2b
|-damage|p2a: Overqwil|71/100
|-damage|p2b: Sneasler|14/100
|-unboost|p2a: Overqwil|spe|1
|-unboost|p2b: Sneasler|spe|1
|
|-weather|RainDance|[upkeep]
|upkeep
|
|t:|1782462995
|switch|p1a: Dragonite|Dragonite, L50, F|100/100
|turn|4
|inactive|CaratroncoSun has 30 seconds left.
|inactive|CaratroncoSun has 20 seconds left.
|inactive|CaratroncoSun has 15 seconds left.
|
|t:|1782463039
|move|p2b: Sneasler|Dire Claw|p1b: Dragonite
|-resisted|p1b: Dragonite|1
|-damage|p1b: Dragonite|71/100
|-status|p1b: Dragonite|slp
|replace|p1b: Zoroark|Zoroark-Hisui, L50, F
|-end|p1b: Zoroark|Illusion
|cant|p1b: Zoroark|slp
|move|p2a: Overqwil|Throat Chop|p1b: Zoroark
|-supereffective|p1b: Zoroark|1
|-damage|p1b: Zoroark|0 fnt
|faint|p1b: Zoroark
|-damage|p2a: Overqwil|61/100|[from] item: Life Orb
|move|p1a: Dragonite|Dragon Claw|p2a: Overqwil
|-damage|p2a: Overqwil|23/100
|
|-weather|RainDance|[upkeep]
|upkeep
|turn|5
|inactive|Toberal98 has 30 seconds left.
|
|t:|1782463068
|move|p2b: Sneasler|Dire Claw|p1a: Dragonite
|-damage|p1a: Dragonite|88/100
|move|p2a: Overqwil|Throat Chop|p1a: Dragonite
|-damage|p1a: Dragonite|15/100
|-start|p1a: Dragonite|Throat Chop|[silent]
|-damage|p2a: Overqwil|13/100|[from] item: Life Orb
|move|p1a: Dragonite|Dragon Claw|p2a: Overqwil
|-damage|p2a: Overqwil|0 fnt
|faint|p2a: Overqwil
|
|-weather|none
|upkeep
|
|t:|1782463080
|switch|p2a: Pelipper|Pelipper, L50, M|33/100
|-weather|RainDance|[from] ability: Drizzle|[of] p2a: Pelipper
|turn|6
|
|t:|1782463093
|move|p1a: Dragonite|Extreme Speed|p2a: Pelipper
|-damage|p2a: Pelipper|0 fnt
|faint|p2a: Pelipper
|move|p2b: Sneasler|Dire Claw|p1a: Dragonite
|-damage|p1a: Dragonite|0 fnt
|faint|p1a: Dragonite
|
|win|CaratroncoSun
