|j|☆Gamertag1001
|j|☆Stutesting
|html|Gamertag1001Stutesting    
|uhtml|bestof|Game 2 of a best-of-3
|t:|1757743307
|gametype|doubles
|player|p1|Gamertag1001|bugcatcher-gen4dp|1180
|player|p2|Stutesting|170|1258
|gen|9
|tier|[Gen 9] VGC 2025 Reg H (Bo3)
|rated|
|rule|Species Clause: Limit one of each Pokémon
|rule|Item Clause: Limit 1 of each item
|clearpoke
|poke|p1|Dragonite, L50, M|
|poke|p1|Sneasler, L50, F|
|poke|p1|Rillaboom, L50, F|
|poke|p1|Electabuzz, L50, F|
|poke|p1|Ursaluna-Bloodmoon, L50, M|
|poke|p1|Primarina, L50, M|
|poke|p2|Amoonguss, L50, F|
|poke|p2|Incineroar, L50, F|
|poke|p2|Ceruledge, L50, F|
|poke|p2|Porygon2, L50|
|poke|p2|Palafin, L50, F|
|poke|p2|Ursaluna, L50, F|
|teampreview|4
|showteam|p1|Dragonite||LoadedDice|Multiscale|ScaleShot,Protect,StompingTantrum,Tailwind|||M|||50|,,,,,Fairy]Sneasler||FocusSash|Unburden|CloseCombat,DireClaw,Coaching,Protect|||F|||50|,,,,,Stellar]Rillaboom||MiracleSeed|GrassySurge|WoodHammer,GrassyGlide,Uturn,FakeOut|||F|||50|,,,,,Fire]Electabuzz||Eviolite|VitalSpirit|FollowMe,Thunderbolt,Taunt,Protect|||F|||50|,,,,,Poison]Ursaluna-Bloodmoon||AssaultVest|MindsEye|BloodMoon,HyperVoice,EarthPower,VacuumWave|||M|||50|,,,,,Ghost]Primarina||ThroatSpray|LiquidVoice|HyperVoice,Moonblast,Haze,Protect|||M|||50|,,,,,Electric
|showteam|p2|Amoonguss||RockyHelmet|Regenerator|Spore,RagePowder,PollenPuff,Protect|||F|||50|,,,,,Dark]Incineroar||SafetyGoggles|Intimidate|FakeOut,KnockOff,FlareBlitz,PartingShot|||F|||50|,,,,,Ghost]Ceruledge||AssaultVest|FlashFire|BitterBlade,ShadowSneak,CloseCombat,TeraBlast|||F|||50|,,,,,Grass]Porygon2||Eviolite|Download|TeraBlast,IceBeam,TrickRoom,Recover||||||50|,,,,,Fairy]Palafin||MysticWater|ZerotoHero|JetPunch,WaveCrash,CloseCombat,Protect|||F|||50|,,,,,Water]Ursaluna||FlameOrb|Guts|Facade,HeadlongRush,Earthquake,Protect|||F|||50|,,,,,Poison
|inactive|Battle timer is ON: inactive players will automatically lose when time's up. (requested by Stutesting)
|inactive|Gamertag1001 also wants the timer to be on.
|inactive|Gamertag1001 has 60 seconds left.
|
|t:|1757743340
|teamsize|p1|4
|teamsize|p2|4
|start
|switch|p1a: Primarina|Primarina, L50, M|100/100
|switch|p1b: Electabuzz|Electabuzz, L50, F|100/100
|switch|p2a: Porygon2|Porygon2, L50|100/100
|switch|p2b: Ceruledge|Ceruledge, L50, F, shiny|100/100
|-ability|p2a: Porygon2|Download|boost
|-boost|p2a: Porygon2|atk|1
|turn|1
|
|t:|1757743361
|-terastallize|p2b: Ceruledge|Grass
|move|p1b: Electabuzz|Follow Me|p1b: Electabuzz
|-singleturn|p1b: Electabuzz|move: Follow Me
|move|p2b: Ceruledge|Bitter Blade|p1b: Electabuzz
|-damage|p1b: Electabuzz|62/100
|move|p1a: Primarina|Hyper Voice|p2a: Porygon2|[spread] p2a,p2b
|-resisted|p2b: Ceruledge
|-damage|p2a: Porygon2|79/100
|-damage|p2b: Ceruledge|89/100
|-enditem|p1a: Primarina|Throat Spray
|-boost|p1a: Primarina|spa|1|[from] item: Throat Spray
|move|p2a: Porygon2|Tera Blast|p1b: Electabuzz
|-damage|p1b: Electabuzz|35/100
|
|upkeep
|turn|2
|inactive|Gamertag1001 has 30 seconds left.
|
|t:|1757743391
|move|p1b: Electabuzz|Follow Me|p1b: Electabuzz
|-singleturn|p1b: Electabuzz|move: Follow Me
|move|p2b: Ceruledge|Bitter Blade|p1b: Electabuzz
|-damage|p1b: Electabuzz|0 fnt
|-heal|p2b: Ceruledge|100/100|[from] drain|[of] p1b: Electabuzz
|faint|p1b: Electabuzz
|move|p1a: Primarina|Moonblast|p2b: Ceruledge
|-damage|p2b: Ceruledge|54/100
|move|p2a: Porygon2|Trick Room|p2a: Porygon2
|-fieldstart|move: Trick Room|[of] p2a: Porygon2
|
|upkeep
|
|t:|1757743398
|switch|p1b: Ursaluna|Ursaluna-Bloodmoon, L50, M|100/100
|turn|3
|inactive|Gamertag1001 has 30 seconds left.
|
|t:|1757743426
|switch|p2a: Amoonguss|Amoonguss, L50, F|100/100
|move|p1b: Ursaluna|Blood Moon|p2b: Ceruledge
|-damage|p2b: Ceruledge|4/100
|move|p1a: Primarina|Moonblast|p2a: Amoonguss
|-resisted|p2a: Amoonguss
|-damage|p2a: Amoonguss|74/100
|move|p2b: Ceruledge|Tera Blast|p1a: Primarina|[anim] Tera Blast Grass
|-supereffective|p1a: Primarina
|-damage|p1a: Primarina|5/100
|
|upkeep
|turn|4
|
|t:|1757743441
|move|p1b: Ursaluna|Vacuum Wave|p2b: Ceruledge
|-damage|p2b: Ceruledge|0 fnt
|faint|p2b: Ceruledge
|move|p2a: Amoonguss|Spore|p1b: Ursaluna
|-status|p1b: Ursaluna|slp|[from] move: Spore
|move|p1a: Primarina|Moonblast|p2a: Amoonguss
|-resisted|p2a: Amoonguss
|-damage|p2a: Amoonguss|49/100
|
|upkeep
|
|t:|1757743446
|switch|p2b: Ursaluna|Ursaluna, L50, F|100/100
|turn|5
|
|t:|1757743458
|move|p2a: Amoonguss|Pollen Puff|p1a: Primarina
|-resisted|p1a: Primarina
|-damage|p1a: Primarina|0 fnt
|faint|p1a: Primarina
|move|p2b: Ursaluna|Facade|p1b: Ursaluna
|-damage|p1b: Ursaluna|73/100 slp
|cant|p1b: Ursaluna|slp
|
|-status|p2b: Ursaluna|brn|[from] item: Flame Orb
|upkeep
|
|t:|1757743463
|switch|p1a: Rillaboom|Rillaboom, L50, F|100/100
|-fieldstart|move: Grassy Terrain|[from] ability: Grassy Surge|[of] p1a: Rillaboom
|turn|6
|
|t:|1757743475
|switch|p2a: Porygon2|Porygon2, L50|79/100
|-ability|p2a: Porygon2|Download|boost
|-boost|p2a: Porygon2|spa|1
|move|p2b: Ursaluna|Protect|p2b: Ursaluna
|-singleturn|p2b: Ursaluna|Protect
|move|p1a: Rillaboom|Fake Out|p2b: Ursaluna
|-activate|p2b: Ursaluna|move: Protect
|cant|p1b: Ursaluna|slp
|
|-heal|p1b: Ursaluna|78/100 slp|[from] Grassy Terrain
|-heal|p2a: Porygon2|85/100|[from] Grassy Terrain
|-damage|p2b: Ursaluna|94/100 brn|[from] brn
|-fieldend|move: Trick Room
|upkeep
|turn|7
|
|t:|1757743491
|switch|p2b: Amoonguss|Amoonguss, L50, F|83/100
|move|p1a: Rillaboom|Wood Hammer|p2a: Porygon2
|-crit|p2a: Porygon2
|-damage|p2a: Porygon2|0 fnt
|faint|p2a: Porygon2
|-damage|p1a: Rillaboom|73/100|[from] Recoil
|cant|p1b: Ursaluna|slp
|
|-heal|p1a: Rillaboom|79/100|[from] Grassy Terrain
|-heal|p1b: Ursaluna|84/100 slp|[from] Grassy Terrain
|-heal|p2b: Amoonguss|89/100|[from] Grassy Terrain
|upkeep
|
|t:|1757743501
|switch|p2a: Ursaluna|Ursaluna, L50, F|94/100 brn
|turn|8
|
|t:|1757743515
|move|p2a: Ursaluna|Protect|p2a: Ursaluna
|-singleturn|p2a: Ursaluna|Protect
|move|p1a: Rillaboom|Wood Hammer|p2a: Ursaluna
|-activate|p2a: Ursaluna|move: Protect
|-curestatus|p1b: Ursaluna|slp|[msg]
|move|p1b: Ursaluna|Hyper Voice|p2a: Ursaluna|[spread] p2b
|-activate|p2a: Ursaluna|move: Protect
|-damage|p2b: Amoonguss|63/100
|move|p2b: Amoonguss|Spore|p1b: Ursaluna
|-status|p1b: Ursaluna|slp|[from] move: Spore
|
|-heal|p1a: Rillaboom|85/100|[from] Grassy Terrain
|-heal|p1b: Ursaluna|90/100 slp|[from] Grassy Terrain
|-heal|p2a: Ursaluna|100/100 brn|[from] Grassy Terrain
|-heal|p2b: Amoonguss|69/100|[from] Grassy Terrain
|-damage|p2a: Ursaluna|94/100 brn|[from] brn
|upkeep
|turn|9
|
|t:|1757743527
|move|p1a: Rillaboom|Wood Hammer|p2a: Ursaluna
|-supereffective|p2a: Ursaluna
|-damage|p2a: Ursaluna|0 fnt
|faint|p2a: Ursaluna
|-damage|p1a: Rillaboom|48/100|[from] Recoil
|cant|p1b: Ursaluna|slp
|move|p2b: Amoonguss|Pollen Puff|p1a: Rillaboom
|-supereffective|p1a: Rillaboom
|-damage|p1a: Rillaboom|14/100
|
|-heal|p1a: Rillaboom|20/100|[from] Grassy Terrain
|-heal|p1b: Ursaluna|96/100 slp|[from] Grassy Terrain
|-heal|p2b: Amoonguss|74/100|[from] Grassy Terrain
|upkeep
|turn|10
|
|t:|1757743540
|move|p1a: Rillaboom|U-turn|p2b: Amoonguss
|-damage|p2b: Amoonguss|51/100
|-damage|p1a: Rillaboom|4/100|[from] item: Rocky Helmet|[of] p2b: Amoonguss
|cant|p1b: Ursaluna|slp
|move|p2b: Amoonguss|Pollen Puff|p1a: Rillaboom
|-supereffective|p1a: Rillaboom
|-damage|p1a: Rillaboom|0 fnt
|faint|p1a: Rillaboom
|
|-heal|p1b: Ursaluna|100/100 slp|[from] Grassy Terrain
|-heal|p2b: Amoonguss|57/100|[from] Grassy Terrain
|-fieldend|move: Grassy Terrain
|upkeep
|turn|11
|
|t:|1757743556
|move|p2b: Amoonguss|Protect|p2b: Amoonguss
|-singleturn|p2b: Amoonguss|Protect
|-curestatus|p1b: Ursaluna|slp|[msg]
|move|p1b: Ursaluna|Blood Moon|p2b: Amoonguss
|-activate|p2b: Amoonguss|move: Protect
|
|upkeep
|turn|12
|
|t:|1757743569
|move|p1b: Ursaluna|Hyper Voice|p2b: Amoonguss
|-damage|p2b: Amoonguss|19/100
|move|p2b: Amoonguss|Spore|p1b: Ursaluna
|-status|p1b: Ursaluna|slp|[from] move: Spore
|
|upkeep
|turn|13
|
|t:|1757743573
|cant|p1b: Ursaluna|slp
|move|p2b: Amoonguss|Pollen Puff|p1b: Ursaluna
|-damage|p1b: Ursaluna|89/100 slp
|
|upkeep
|turn|14
|
|t:|1757743576
|-terastallize|p1b: Ursaluna|Ghost
|-curestatus|p1b: Ursaluna|slp|[msg]
|move|p1b: Ursaluna|Hyper Voice|p2b: Amoonguss
|-damage|p2b: Amoonguss|0 fnt
|faint|p2b: Amoonguss
|
|win|Gamertag1001
||Stutesting is ready for game 3.
|l|☆Stutesting
|player|p2|
||Gamertag1001 is ready for game 3.
|uhtml|next|Next: Game 3 of 3
