|j|☆TwistedGengar
|j|☆boncuss
|html|TwistedGengarboncuss    
|uhtml|bestof|Game 2 of a best-of-3
|t:|1757783183
|gametype|doubles
|player|p1|TwistedGengar|170|1158
|player|p2|boncuss|wattson|1178
|gen|9
|tier|[Gen 9] VGC 2025 Reg H (Bo3)
|rated|
|rule|Species Clause: Limit one of each Pokémon
|rule|Item Clause: Limit 1 of each item
|clearpoke
|poke|p1|Sinistcha, L50|
|poke|p1|Kingambit, L50, F|
|poke|p1|Garchomp, L50, F|
|poke|p1|Primarina, L50, M|
|poke|p1|Volcarona, L50, F|
|poke|p1|Hariyama, L50, F|
|poke|p2|Garganacl, L50, M|
|poke|p2|Tyranitar, L50, M|
|poke|p2|Glimmora, L50, M|
|poke|p2|Talonflame, L50, M|
|poke|p2|Excadrill, L50, M|
|poke|p2|Gastrodon, L50, M|
|teampreview|4
|showteam|p1|Sinistcha||MentalHerb|Heatproof|MatchaGotcha,CalmMind,StrengthSap,TrickRoom||||||50|,,,,,Dark]Kingambit||SafetyGoggles|Defiant|KowtowCleave,IronHead,SuckerPunch,SwordsDance|||F|||50|,,,,,Ghost]Garchomp||LoadedDice|RoughSkin|StompingTantrum,ScaleShot,SwordsDance,Protect|||F|||50|,,,,,Steel]Primarina||ChoiceSpecs|LiquidVoice|HyperVoice,Moonblast,DazzlingGleam,HydroCannon|||M|||50|,,,,,Grass]Volcarona||CovertCloak|FlameBody|StruggleBug,Flamethrower,RagePowder,Tailwind|||F|||50|,,,,,Water]Hariyama||AssaultVest|ThickFat|CloseCombat,KnockOff,HeavySlam,FakeOut|||F|||50|,,,,,Psychic
|showteam|p2|Garganacl||Leftovers|PurifyingSalt|SaltCure,Avalanche,WideGuard,Protect|||M|||50|,,,,,Grass]Tyranitar||AssaultVest|SandStream|RockSlide,KnockOff,LashOut,IcePunch|||M|||50|,,,,,Flying]Glimmora||PowerHerb|ToxicDebris|MeteorBeam,SpikyShield,SludgeBomb,EarthPower|||M|||50|,,,,,Grass]Talonflame||CovertCloak|GaleWings|DualWingbeat,FlareBlitz,Tailwind,WillOWisp|||M|||50|,,,,,Flying]Excadrill||SitrusBerry|SandRush|IronHead,Earthquake,SwordsDance,Protect|||M|||50|,,,,,Ghost]Gastrodon||LifeOrb|StormDrain|EarthPower,MuddyWater,IceBeam,Protect|||M|||50|,,,,,Fire
|inactive|Battle timer is ON: inactive players will automatically lose when time's up. (requested by boncuss)
|inactive|TwistedGengar has 60 seconds left.
|inactive|boncuss has 60 seconds left.
|inactive|TwistedGengar has 30 seconds left.
|inactive|TwistedGengar has 20 seconds left.
|inactive|TwistedGengar has 15 seconds left.
|
|t:|1757783260
|teamsize|p1|4
|teamsize|p2|4
|start
|switch|p1a: Sinistcha|Sinistcha, L50|100/100
|switch|p1b: Primarina|Primarina, L50, M|100/100
|switch|p2a: Tyranitar|Tyranitar, L50, M|100/100
|switch|p2b: Excadrill|Excadrill, L50, M|100/100
|-weather|Sandstorm|[from] ability: Sand Stream|[of] p2a: Tyranitar
|turn|1
|inactive|TwistedGengar has 30 seconds left.
|inactive|boncuss has 30 seconds left.
|inactive|boncuss has 20 seconds left.
|inactive|boncuss has 15 seconds left.
|inactive|boncuss has 10 seconds left.
|
|t:|1757783309
|switch|p2b: Gastrodon|Gastrodon, L50, M|100/100
|-terastallize|p1a: Sinistcha|Dark
|move|p1a: Sinistcha|Strength Sap|p2a: Tyranitar
|-unboost|p2a: Tyranitar|atk|1
|move|p1b: Primarina|Hyper Voice|p2b: Gastrodon|[spread] p2a
|-ability|p2b: Gastrodon|Storm Drain|boost
|-boost|p2b: Gastrodon|spa|1
|-supereffective|p2a: Tyranitar
|-damage|p2a: Tyranitar|63/100
|move|p2a: Tyranitar|Knock Off|p1a: Sinistcha
|-resisted|p1a: Sinistcha
|-damage|p1a: Sinistcha|84/100
|-enditem|p1a: Sinistcha|Mental Herb|[from] move: Knock Off|[of] p2a: Tyranitar
|
|-weather|Sandstorm|[upkeep]
|-damage|p1a: Sinistcha|78/100|[from] Sandstorm
|-damage|p1b: Primarina|95/100|[from] Sandstorm
|upkeep
|turn|2
|inactive|boncuss has 30 seconds left.
|
|t:|1757783338
|switch|p1b: Hariyama|Hariyama, L50, F|100/100
|-terastallize|p2b: Gastrodon|Fire
|move|p1a: Sinistcha|Calm Mind|p1a: Sinistcha
|-boost|p1a: Sinistcha|spa|1
|-boost|p1a: Sinistcha|spd|1
|move|p2a: Tyranitar|Knock Off|p1b: Hariyama
|-resisted|p1b: Hariyama
|-damage|p1b: Hariyama|82/100
|-enditem|p1b: Hariyama|Assault Vest|[from] move: Knock Off|[of] p2a: Tyranitar
|move|p2b: Gastrodon|Muddy Water|p1b: Hariyama|[spread] p1a,p1b
|-damage|p1a: Sinistcha|41/100
|-damage|p1b: Hariyama|33/100
|-damage|p2b: Gastrodon|91/100|[from] item: Life Orb
|
|-weather|Sandstorm|[upkeep]
|-damage|p1a: Sinistcha|35/100|[from] Sandstorm
|-damage|p1b: Hariyama|27/100|[from] Sandstorm
|-damage|p2b: Gastrodon|85/100|[from] Sandstorm
|upkeep
|turn|3
|inactive|TwistedGengar has 30 seconds left.
|
|t:|1757783365
|switch|p2a: Glimmora|Glimmora, L50, M|100/100
|move|p2b: Gastrodon|Protect|p2b: Gastrodon
|-singleturn|p2b: Gastrodon|Protect
|move|p1a: Sinistcha|Matcha Gotcha|p2b: Gastrodon|[spread] 
|-activate|p2b: Gastrodon|move: Protect
|-miss|p1a: Sinistcha|p2a: Glimmora
|move|p1b: Hariyama|Close Combat|p2b: Gastrodon
|-activate|p2b: Gastrodon|move: Protect
|
|-weather|Sandstorm|[upkeep]
|-damage|p1a: Sinistcha|29/100|[from] Sandstorm
|-damage|p1b: Hariyama|21/100|[from] Sandstorm
|-damage|p2b: Gastrodon|79/100|[from] Sandstorm
|upkeep
|turn|4
|
|t:|1757783386
|move|p2a: Glimmora|Sludge Bomb|p1a: Sinistcha
|-damage|p1a: Sinistcha|0 fnt
|faint|p1a: Sinistcha
|move|p1b: Hariyama|Knock Off|p2b: Gastrodon
|-damage|p2b: Gastrodon|52/100
|-enditem|p2b: Gastrodon|Life Orb|[from] move: Knock Off|[of] p1b: Hariyama
|move|p2b: Gastrodon|Earth Power|p1b: Hariyama
|-damage|p1b: Hariyama|0 fnt
|faint|p1b: Hariyama
|
|-weather|Sandstorm|[upkeep]
|-damage|p2b: Gastrodon|46/100|[from] Sandstorm
|upkeep
|
|t:|1757783390
|switch|p1a: Primarina|Primarina, L50, M|95/100
|switch|p1b: Kingambit|Kingambit, L50, F|100/100
|turn|5
|
|t:|1757783401
|move|p2a: Glimmora|Sludge Bomb|p1a: Primarina
|-supereffective|p1a: Primarina
|-damage|p1a: Primarina|20/100
|-status|p1a: Primarina|psn
|move|p1a: Primarina|Dazzling Gleam|p2b: Gastrodon|[spread] p2a,p2b
|-resisted|p2a: Glimmora
|-resisted|p2b: Gastrodon
|-damage|p2a: Glimmora|78/100
|-damage|p2b: Gastrodon|17/100
|move|p1b: Kingambit|Iron Head|p2a: Glimmora
|-supereffective|p2a: Glimmora
|-damage|p2a: Glimmora|0 fnt
|-activate|p2a: Glimmora|ability: Toxic Debris
|-sidestart|p1: TwistedGengar|move: Toxic Spikes
|faint|p2a: Glimmora
|move|p2b: Gastrodon|Earth Power|p1b: Kingambit
|-supereffective|p1b: Kingambit
|-damage|p1b: Kingambit|0 fnt
|faint|p1b: Kingambit
|
|-weather|none
|-damage|p1a: Primarina|7/100 psn|[from] psn
|upkeep
|
|t:|1757783407
|switch|p2a: Tyranitar|Tyranitar, L50, M|63/100
|-weather|Sandstorm|[from] ability: Sand Stream|[of] p2a: Tyranitar
|turn|6
|
|t:|1757783411
|move|p1a: Primarina|Dazzling Gleam|p2a: Tyranitar|[spread] p2a,p2b
|-supereffective|p2a: Tyranitar
|-resisted|p2b: Gastrodon
|-damage|p2a: Tyranitar|28/100
|-damage|p2b: Gastrodon|0 fnt
|faint|p2b: Gastrodon
|move|p2a: Tyranitar|Rock Slide|p1a: Primarina
|-damage|p1a: Primarina|0 fnt
|faint|p1a: Primarina
|
|win|boncuss
||TwistedGengar is ready for game 3.
||boncuss is ready for game 3.
|uhtml|next|Next: Game 3 of 3
