|j|☆melon7744
|j|☆Hankk1995
|html|melon7744Hankk1995    
|uhtml|bestof|Game 2 of a best-of-3
|t:|1786006733
|gametype|doubles
|player|p1|melon7744|rosa|
|player|p2|Hankk1995|miriam|
|gen|9
|tier|[Gen 9 Champions] VGC 2026 Reg M-B (Bo3)
|rule|Species Clause: Limit one of each Pokémon
|rule|Item Clause: Limit 1 of each item
|clearpoke
|poke|p1|Staraptor, L50, M|
|poke|p1|Garchomp, L50, M|
|poke|p1|Whimsicott, L50, M|
|poke|p1|Delphox, L50, M|
|poke|p1|Glimmora, L50, M|
|poke|p1|Kingambit, L50, M|
|poke|p2|Raichu, L50, F|
|poke|p2|Staraptor, L50, F|
|poke|p2|Arcanine-Hisui, L50, M|
|poke|p2|Farigiraf, L50, M|
|poke|p2|Sylveon, L50, F|
|poke|p2|Kingambit, L50, M|
|teampreview|4
|showteam|p1|Staraptor||Staraptite|Intimidate|Protect,Roost,CloseCombat,BraveBird|Jolly||M|||50|]Garchomp||LifeOrb|RoughSkin|Protect,RockSlide,Earthquake,DragonClaw|Jolly||M|||50|]Whimsicott||OccaBerry|Prankster|Moonblast,Tailwind,Charm,LightScreen|Timid||M|||50|]Delphox||Delphoxite|Magician|Protect,Psychic,HeatWave,Substitute|Timid||M|||50|]Glimmora||FocusSash|ToxicDebris|SpikyShield,SludgeBomb,EarthPower,PowerGem|Timid||M|||50|]Kingambit||ChopleBerry|Defiant|SuckerPunch,LowKick,IronHead,KowtowCleave|Adamant||M|||50|
|showteam|p2|Raichu||RaichuniteY|LightningRod|ZapCannon,FocusBlast,FakeOut,Protect|Timid||F|||50|]Staraptor||Staraptite|Intimidate|CloseCombat,DualWingbeat,Tailwind,Protect|Jolly||F|||50|]Arcanine-Hisui||FocusSash|RockHead|FlareBlitz,HeadSmash,ExtremeSpeed,Protect|Jolly||M|||50|]Farigiraf||SitrusBerry|ArmorTail|Psychic,HelpingHand,TrickRoom,Protect|Calm||M|||50|]Sylveon||FairyFeather|Pixilate|HyperVoice,QuickAttack,HyperBeam,Detect|Modest||F|||50|]Kingambit||LifeOrb|Defiant|KowtowCleave,SuckerPunch,SwordsDance,Protect|Adamant||M|||50|
|
|t:|1786006836
|teamsize|p1|4
|teamsize|p2|4
|start
|switch|p1a: Staraptor|Staraptor, L50, M|100/100
|switch|p1b: Garchomp|Garchomp, L50, M|100/100
|switch|p2a: Farigiraf|Farigiraf, L50, M|100/100
|switch|p2b: Sylveon|Sylveon, L50, F|100/100
|-ability|p1a: Staraptor|Intimidate|boost
|-unboost|p2a: Farigiraf|atk|1
|-unboost|p2b: Sylveon|atk|1
|turn|1
|
|t:|1786006871
|detailschange|p1a: Staraptor|Staraptor-Mega, L50, M
|-mega|p1a: Staraptor|Staraptor|Staraptite
|move|p1a: Staraptor|Close Combat|p2a: Farigiraf
|-damage|p2a: Farigiraf|54/100
|-boost|p1a: Staraptor|def|1
|-boost|p1a: Staraptor|spd|1
|move|p1b: Garchomp|Earthquake|p2b: Sylveon|[spread] p2a,p2b
|-immune|p1a: Staraptor
|-damage|p2a: Farigiraf|8/100
|-damage|p2b: Sylveon|44/100
|-enditem|p2a: Farigiraf|Sitrus Berry|[eat]
|-heal|p2a: Farigiraf|33/100|[from] item: Sitrus Berry
|-damage|p1b: Garchomp|90/100|[from] item: Life Orb
|move|p2b: Sylveon|Hyper Voice|p1b: Garchomp|[spread] p1a,p1b
|-supereffective|p1a: Staraptor|1
|-supereffective|p1b: Garchomp|1
|-damage|p1a: Staraptor|41/100
|-damage|p1b: Garchomp|0 fnt
|faint|p1b: Garchomp
|move|p2a: Farigiraf|Trick Room|p2a: Farigiraf
|-fieldstart|move: Trick Room|[of] p2a: Farigiraf
|
|upkeep
|
|t:|1786006882
|switch|p1b: Kingambit|Kingambit, L50, M|100/100
|turn|2
|
|t:|1786006934
|move|p2a: Farigiraf|Helping Hand|p2b: Sylveon
|-singleturn|p2b: Sylveon|Helping Hand|[of] p2a: Farigiraf
|move|p1b: Kingambit|Kowtow Cleave|p2a: Farigiraf
|-supereffective|p2a: Farigiraf|1
|-damage|p2a: Farigiraf|0 fnt
|faint|p2a: Farigiraf
|move|p2b: Sylveon|Hyper Voice|p1b: Kingambit|[spread] p1a,p1b
|-supereffective|p1a: Staraptor|1
|-damage|p1a: Staraptor|0 fnt
|-damage|p1b: Kingambit|38/100
|faint|p1a: Staraptor
|
|upkeep
|
|t:|1786006955
|switch|p2a: Kingambit|Kingambit, L50, M|100/100
|switch|p1a: Glimmora|Glimmora, L50, M|100/100
|turn|3
|
|t:|1786007037
|move|p2b: Sylveon|Detect|p2b: Sylveon
|-singleturn|p2b: Sylveon|Protect
|move|p1b: Kingambit|Low Kick|p2a: Kingambit
|-supereffective|p2a: Kingambit|2
|-damage|p2a: Kingambit|0 fnt
|faint|p2a: Kingambit
|move|p1a: Glimmora|Sludge Bomb|p2b: Sylveon
|-activate|p2b: Sylveon|move: Protect
|
|upkeep
|
|t:|1786007045
|switch|p2a: Staraptor|Staraptor, L50, F|100/100
|-ability|p2a: Staraptor|Intimidate|boost
|-unboost|p1a: Glimmora|atk|1
|-unboost|p1b: Kingambit|atk|1
|-ability|p1b: Kingambit|Defiant|boost
|-boost|p1b: Kingambit|atk|2
|turn|4
|
|t:|1786007094
|detailschange|p2a: Staraptor|Staraptor-Mega, L50, F
|-mega|p2a: Staraptor|Staraptor|Staraptite
|move|p2b: Sylveon|Quick Attack|p1a: Glimmora
|-resisted|p1a: Glimmora|1
|-damage|p1a: Glimmora|94/100
|-activate|p1a: Glimmora|ability: Toxic Debris
|-sidestart|p2: Hankk1995|move: Toxic Spikes
|move|p1b: Kingambit|Iron Head|p2a: Staraptor
|-damage|p2a: Staraptor|32/100
|move|p1a: Glimmora|Power Gem|p2a: Staraptor
|-damage|p2a: Staraptor|0 fnt
|faint|p2a: Staraptor
|
|upkeep
|turn|5
|-message|Hankk1995 forfeited.
|
|win|melon7744
||Hankk1995 is ready for game 3.
|inactive|melon7744 has 30 seconds to confirm battle start!
|l|☆melon7744
|player|p1|
|inactive|melon7744 has 20 seconds to confirm battle start!
|j|☆melon7744
|player|p1|melon7744|rosa|
||melon7744 is ready for game 3.
|uhtml|next|Next: Game 3 of 3
|l|☆melon7744
|player|p1|
|j|☆melon7744
|player|p1|melon7744|rosa|
