|j|☆MrsMarxy
|j|☆glitchy_potat
|html|MrsMarxyglitchy_potat    
|uhtml|bestof|Game 2 of a best-of-3
|t:|1784669304
|gametype|doubles
|player|p1|MrsMarxy|bellelba|1239
|player|p2|glitchy_potat|hilbert|1222
|gen|9
|tier|[Gen 9 Champions] VGC 2026 Reg M-B (Bo3)
|rated|
|rule|Species Clause: Limit one of each Pokémon
|rule|Item Clause: Limit 1 of each item
|clearpoke
|poke|p1|Blaziken, L50, M|
|poke|p1|Ninetales-Alola, L50, F|
|poke|p1|Sinistcha, L50|
|poke|p1|Aerodactyl, L50, M|
|poke|p1|Kingambit, L50, M|
|poke|p1|Basculegion, L50, M|
|poke|p2|Blaziken, L50, F|
|poke|p2|Incineroar, L50, F|
|poke|p2|Ninetales-Alola, L50, F|
|poke|p2|Kingambit, L50, F, shiny|
|poke|p2|Basculegion, L50, M, shiny|
|poke|p2|Gengar, L50, M, shiny|
|teampreview|4
|showteam|p1|Blaziken||Blazikenite|SpeedBoost|AuraSphere,HeatWave,ScorchingSands,Detect|Modest||M|||50|]Ninetales-Alola||LifeOrb|SnowWarning|Blizzard,FreezeDry,Moonblast,Protect|Timid||F|||50|]Sinistcha||SitrusBerry|Hospitality|MatchaGotcha,Protect,TrickRoom,RagePowder|Bold|||||50|]Aerodactyl||Aerodactylite|Unnerve|RockSlide,DualWingbeat,WideGuard,Tailwind|Jolly||M|||50|]Kingambit||FocusSash|Defiant|SuckerPunch,IronHead,LowKick,KowtowCleave|Adamant||M|||50|]Basculegion||ChoiceScarf|Adaptability|LastRespects,WaveCrash,AquaJet,FlipTurn|Jolly||M|||50|
|showteam|p2|Blaziken||Blazikenite|SpeedBoost|FlareBlitz,CloseCombat,RockSlide,Protect|Adamant||F|||50|]Incineroar||PasshoBerry|Intimidate|FlareBlitz,PartingShot,FakeOut,Protect|Careful||F|||50|]Ninetales-Alola||FocusSash|SnowWarning|Blizzard,FreezeDry,Encore,Protect|Timid||F|||50|]Kingambit||ChopleBerry|Defiant|KowtowCleave,SuckerPunch,IronHead,Protect|Adamant||F|||50|]Basculegion||ChoiceScarf|Adaptability|LastRespects,WaveCrash,FlipTurn,AquaJet|Jolly||M|||50|]Gengar||Gengarite|CursedBody|ShadowBall,Disable,PerishSong,Protect|Bold||M|||50|
|inactive|Battle timer is ON: inactive players will automatically lose when time's up. (requested by MrsMarxy)
|
|t:|1784669329
|teamsize|p1|4
|teamsize|p2|4
|start
|switch|p1a: Blaziken|Blaziken, L50, M|100/100
|switch|p1b: Aerodactyl|Aerodactyl, L50, M|100/100
|switch|p2a: Basculegion|Basculegion, L50, M, shiny|100/100
|switch|p2b: Gengar|Gengar, L50, M, shiny|100/100
|-ability|p1b: Aerodactyl|Unnerve
|turn|1
|
|t:|1784669345
|switch|p1b: Kingambit|Kingambit, L50, M|100/100
|detailschange|p2b: Gengar|Gengar-Mega, L50, M, shiny
|-mega|p2b: Gengar|Gengar|Gengarite
|detailschange|p1a: Blaziken|Blaziken-Mega, L50, M
|-mega|p1a: Blaziken|Blaziken|Blazikenite
|move|p1a: Blaziken|Detect|p1a: Blaziken
|-singleturn|p1a: Blaziken|Protect
|move|p2a: Basculegion|Flip Turn|p1a: Blaziken
|-activate|p1a: Blaziken|move: Protect
|move|p2b: Gengar|Perish Song|p2b: Gengar
|-start|p1a: Blaziken|perish3|[silent]
|-start|p1b: Kingambit|perish3|[silent]
|-start|p2a: Basculegion|perish3|[silent]
|-start|p2b: Gengar|perish3|[silent]
|-fieldactivate|move: Perish Song
|
|-start|p2a: Basculegion|perish3
|-start|p2b: Gengar|perish3
|-start|p1a: Blaziken|perish3
|-start|p1b: Kingambit|perish3
|-ability|p1a: Blaziken|Speed Boost|boost
|-boost|p1a: Blaziken|spe|1
|upkeep
|turn|2
|inactive|MrsMarxy has 30 seconds left.
|
|t:|1784669377
|switch|p2a: Incineroar|Incineroar, L50, F|100/100
|-ability|p2a: Incineroar|Intimidate|boost
|-unboost|p1a: Blaziken|atk|1
|-unboost|p1b: Kingambit|atk|1
|-ability|p1b: Kingambit|Defiant|boost
|-boost|p1b: Kingambit|atk|2
|move|p2b: Gengar|Protect|p2b: Gengar
|-singleturn|p2b: Gengar|Protect
|move|p1b: Kingambit|Sucker Punch||[still]
|-fail|p1b: Kingambit
|move|p1a: Blaziken|Scorching Sands|p2b: Gengar
|-activate|p2b: Gengar|move: Protect
|
|-start|p1a: Blaziken|perish2
|-start|p2b: Gengar|perish2
|-start|p1b: Kingambit|perish2
|-ability|p1a: Blaziken|Speed Boost|boost
|-boost|p1a: Blaziken|spe|1
|upkeep
|turn|3
|inactive|glitchy_potat has 30 seconds left.
|
|t:|1784669404
|move|p2b: Gengar|Protect||[still]
|-fail|p2b: Gengar
|move|p2a: Incineroar|Fake Out|p1b: Kingambit
|-resisted|p1b: Kingambit|1
|-damage|p1b: Kingambit|95/100
|move|p1a: Blaziken|Scorching Sands|p2a: Incineroar
|-supereffective|p2a: Incineroar|1
|-damage|p2a: Incineroar|61/100
|cant|p1b: Kingambit|flinch
|
|-start|p1a: Blaziken|perish1
|-start|p2b: Gengar|perish1
|-start|p1b: Kingambit|perish1
|-ability|p1a: Blaziken|Speed Boost|boost
|-boost|p1a: Blaziken|spe|1
|upkeep
|turn|4
|inactive|MrsMarxy has 30 seconds left.
|
|t:|1784669434
|switch|p2b: Ninetales|Ninetales-Alola, L50, F|100/100
|-weather|Snowscape|[from] ability: Snow Warning|[of] p2b: Ninetales
|move|p1a: Blaziken|Scorching Sands|p2a: Incineroar
|-supereffective|p2a: Incineroar|1
|-damage|p2a: Incineroar|20/100y
|move|p1b: Kingambit|Kowtow Cleave|p2a: Incineroar
|-resisted|p2a: Incineroar|1
|-damage|p2a: Incineroar|0 fnt
|faint|p2a: Incineroar
|
|-weather|Snowscape|[upkeep]
|-start|p1a: Blaziken|perish0
|-start|p1b: Kingambit|perish0
|faint|p1a: Blaziken
|faint|p1b: Kingambit
|upkeep
|
|t:|1784669450
|switch|p1a: Aerodactyl|Aerodactyl, L50, M|100/100
|switch|p1b: Ninetales|Ninetales-Alola, L50, F|100/100
|switch|p2a: Gengar|Gengar-Mega, L50, M, shiny|100/100
|-ability|p1a: Aerodactyl|Unnerve
|turn|5
|inactive|glitchy_potat has 30 seconds left.
|
|t:|1784669476
|move|p1a: Aerodactyl|Rock Slide|p2a: Gengar|[spread] p2a,p2b
|-supereffective|p2b: Ninetales|1
|-damage|p2a: Gengar|70/100
|-damage|p2b: Ninetales|52/100
|move|p1b: Ninetales|Moonblast|p2a: Gengar
|-resisted|p2a: Gengar|1
|-damage|p2a: Gengar|50/100g
|-damage|p1b: Ninetales|90/100|[from] item: Life Orb
|move|p2b: Ninetales|Blizzard|p1a: Aerodactyl|[spread] p1a,p1b
|-supereffective|p1a: Aerodactyl|1
|-resisted|p1b: Ninetales|1
|-damage|p1a: Aerodactyl|4/100
|-damage|p1b: Ninetales|72/100
|move|p2a: Gengar|Shadow Ball|p1a: Aerodactyl
|-crit|p1a: Aerodactyl
|-damage|p1a: Aerodactyl|0 fnt
|faint|p1a: Aerodactyl
|
|-weather|Snowscape|[upkeep]
|upkeep
|turn|6
|-message|MrsMarxy forfeited.
|
|win|glitchy_potat
|raw|MrsMarxy's rating: 1239 → 1213(-26 for losing)
|raw|glitchy_potat's rating: 1222 → 1248(+26 for winning)
|l|☆MrsMarxy
|player|p1|
|l|☆glitchy_potat
|player|p2|
|j|☆MrsMarxy
|player|p1|MrsMarxy|bellelba|
