|j|☆Spartwin
|j|☆lordtentacle69
|html|Spartwinlordtentacle69    
|uhtml|bestof|Game 1 of a best-of-3
|t:|1783051793
|gametype|doubles
|player|p1|Spartwin|doctor|1082
|player|p2|lordtentacle69|corbeau|1215
|gen|9
|tier|[Gen 9 Champions] VGC 2026 Reg M-B (Bo3)
|rated|
|rule|Species Clause: Limit one of each Pokémon
|rule|Item Clause: Limit 1 of each item
|clearpoke
|poke|p1|Mamoswine, L50, F|
|poke|p1|Raichu, L50, F|
|poke|p1|Pikachu, L50, M|
|poke|p1|Sceptile, L50, F|
|poke|p1|Gliscor, L50, M|
|poke|p1|Rotom-Heat, L50|
|poke|p2|Aerodactyl, L50, M|
|poke|p2|Charizard, L50, M|
|poke|p2|Kingambit, L50, M|
|poke|p2|Sylveon, L50, F|
|poke|p2|Farigiraf, L50, F|
|poke|p2|Garchomp, L50, M|
|teampreview|4
|showteam|p1|Mamoswine||LifeOrb|Oblivious|IceShard,Protect,IcicleSpear,HighHorsepower|Adamant||F|||50|]Raichu||RaichuniteX|LightningRod|RisingVoltage,Discharge,Protect,FakeOut|Timid||F|||50|]Pikachu||LightBall|LightningRod|FakeOut,Discharge,VoltSwitch,GrassKnot|Hasty||M|||50|]Sceptile||Sceptilite|Overgrow|Detect,LeafStorm,EarthPower,RockSlide|Hasty||F|||50|]Gliscor||Leftovers|HyperCutter|HighHorsepower,RockSlide,SwordsDance,Tailwind|Careful||M|||50|]Rotom-Heat||FocusSash|Levitate|Discharge,LightScreen,Overheat,WillOWisp|Calm|||||50|
|showteam|p2|Aerodactyl||Aerodactylite|Unnerve|RockSlide,DualWingbeat,IceFang,Tailwind|Jolly||M|||50|]Charizard||CharizarditeY|Blaze|HeatWave,Protect,SolarBeam,WeatherBall|Modest||M|||50|]Kingambit||FocusSash|Defiant|KowtowCleave,SuckerPunch,LowKick,IronHead|Adamant||M|||50|]Sylveon||FairyFeather|Pixilate|HyperVoice,HyperBeam,QuickAttack,Protect|Modest||F|||50|]Farigiraf||SitrusBerry|ArmorTail|Psychic,Protect,TrickRoom,Thunderbolt|Bold||F|||50|]Garchomp||LifeOrb|RoughSkin|Earthquake,StompingTantrum,DragonClaw,Protect|Jolly||M|||50|
|
|t:|1783051866
|teamsize|p1|4
|teamsize|p2|4
|start
|switch|p1a: Raichu|Raichu, L50, F|100/100
|switch|p1b: Rotom|Rotom-Heat, L50|100/100
|switch|p2a: Farigiraf|Farigiraf, L50, F|100/100
|switch|p2b: Sylveon|Sylveon, L50, F|100/100
|turn|1
|
|t:|1783051917
|detailschange|p1a: Raichu|Raichu-Mega-X, L50, F
|-mega|p1a: Raichu|Raichu|Raichunite X
|-fieldstart|move: Electric Terrain|[from] ability: Electric Surge|[of] p1a: Raichu
|move|p2a: Farigiraf|Protect|p2a: Farigiraf
|-singleturn|p2a: Farigiraf|Protect
|move|p1a: Raichu|Discharge|p2b: Sylveon|[spread] p1b,p2b
|-activate|p2a: Farigiraf|move: Protect
|-resisted|p1b: Rotom|1
|-damage|p1b: Rotom|88/100
|-damage|p2b: Sylveon|72/100
|move|p1b: Rotom|Light Screen|p1b: Rotom
|-sidestart|p1: Spartwin|move: Light Screen
|move|p2b: Sylveon|Hyper Beam|p1a: Raichu
|-damage|p1a: Raichu|8/100
|-mustrecharge|p2b: Sylveon
|
|upkeep
|turn|2
|
|t:|1783051944
|move|p1a: Raichu|Rising Voltage|p2b: Sylveon
|-hint|Rising Voltage's BP doubled on grounded target.
|-damage|p2b: Sylveon|13/100
|move|p1b: Rotom|Will-O-Wisp|p2a: Farigiraf|[miss]
|-miss|p1b: Rotom|p2a: Farigiraf
|cant|p2b: Sylveon|recharge
|move|p2a: Farigiraf|Trick Room|p2a: Farigiraf
|-fieldstart|move: Trick Room|[of] p2a: Farigiraf
|
|upkeep
|turn|3
|
|t:|1783051960
|move|p1a: Raichu|Protect|p1a: Raichu
|-singleturn|p1a: Raichu|Protect
|move|p2a: Farigiraf|Psychic|p1b: Rotom
|-damage|p1b: Rotom|70/100
|move|p2b: Sylveon|Hyper Voice|p1b: Rotom|[spread] p1b
|-activate|p1a: Raichu|move: Protect
|-resisted|p1b: Rotom|1
|-damage|p1b: Rotom|59/100
|move|p1b: Rotom|Discharge|p2b: Sylveon|[spread] p2a,p2b
|-activate|p1a: Raichu|move: Protect
|-damage|p2a: Farigiraf|79/100
|-damage|p2b: Sylveon|0 fnt
|faint|p2b: Sylveon
|
|upkeep
|
|t:|1783051972
|switch|p2b: Kingambit|Kingambit, L50, M|100/100
|turn|4
|
|t:|1783052002
|switch|p1a: Mamoswine|Mamoswine, L50, F|100/100
|move|p2a: Farigiraf|Psychic|p1b: Rotom
|-damage|p1b: Rotom|42/100
|move|p2b: Kingambit|Kowtow Cleave|p1b: Rotom
|-damage|p1b: Rotom|0 fnt
|faint|p1b: Rotom
|
|upkeep
|
|t:|1783052017
|switch|p1b: Sceptile|Sceptile, L50, F|100/100
|turn|5
|
|t:|1783052028
|move|p1a: Mamoswine|Protect|p1a: Mamoswine
|-singleturn|p1a: Mamoswine|Protect
|move|p2a: Farigiraf|Psychic|p1b: Sceptile
|-damage|p1b: Sceptile|68/100
|move|p2b: Kingambit|Iron Head|p1a: Mamoswine
|-activate|p1a: Mamoswine|move: Protect
|move|p1b: Sceptile|Earth Power|p2b: Kingambit
|-supereffective|p2b: Kingambit|1
|-damage|p2b: Kingambit|31/100
|
|-sideend|p1: Spartwin|move: Light Screen
|-fieldend|move: Electric Terrain
|upkeep
|turn|6
|
|t:|1783052053
|switch|p1a: Raichu|Raichu-Mega-X, L50, F|8/100
|-fieldstart|move: Electric Terrain|[from] ability: Electric Surge|[of] p1a: Raichu
|move|p2a: Farigiraf|Psychic|p1b: Sceptile
|-damage|p1b: Sceptile|23/100
|move|p2b: Kingambit|Iron Head|p1a: Raichu
|-resisted|p1a: Raichu|1
|-damage|p1a: Raichu|0 fnt
|faint|p1a: Raichu
|move|p1b: Sceptile|Earth Power|p2b: Kingambit
|-supereffective|p2b: Kingambit|1
|-damage|p2b: Kingambit|0 fnt
|faint|p2b: Kingambit
|
|-fieldend|move: Trick Room
|upkeep
|
|t:|1783052063
|switch|p1a: Mamoswine|Mamoswine, L50, F|100/100
|switch|p2b: Aerodactyl|Aerodactyl, L50, M|100/100
|-ability|p2b: Aerodactyl|Unnerve
|turn|7
|
|t:|1783052108
|detailschange|p2b: Aerodactyl|Aerodactyl-Mega, L50, M
|-mega|p2b: Aerodactyl|Aerodactyl|Aerodactylite
|move|p1b: Sceptile|Detect|p1b: Sceptile
|-singleturn|p1b: Sceptile|Protect
|move|p2b: Aerodactyl|Rock Slide|p1b: Sceptile|[spread] p1a
|-activate|p1b: Sceptile|move: Protect
|-damage|p1a: Mamoswine|67/100
|move|p1a: Mamoswine|Icicle Spear|p2b: Aerodactyl
|-supereffective|p2b: Aerodactyl|1
|-crit|p2b: Aerodactyl
|-damage|p2b: Aerodactyl|19/100
|-supereffective|p2b: Aerodactyl|1
|-damage|p2b: Aerodactyl|0 fnt
|faint|p2b: Aerodactyl
|-hitcount|p2: Aerodactyl|2
|-damage|p1a: Mamoswine|57/100|[from] item: Life Orb
|move|p2a: Farigiraf|Psychic|p1a: Mamoswine
|-damage|p1a: Mamoswine|15/100
|
|upkeep
|turn|8
|
|t:|1783052131
|move|p1b: Sceptile|Leaf Storm|p2a: Farigiraf
|-damage|p2a: Farigiraf|0 fnt
|-unboost|p1b: Sceptile|spa|2
|faint|p2a: Farigiraf
|
|win|Spartwin
||lordtentacle69 is ready for game 2.
