|j|☆ennuismile
|j|☆Z4RDEL
|html|ennuismileZ4RDEL    
|uhtml|bestof|Game 1 of a best-of-3
|t:|1783803646
|gametype|doubles
|player|p1|ennuismile|cheryl|1282
|player|p2|Z4RDEL|miku-fire|1274
|gen|9
|tier|[Gen 9 Champions] VGC 2026 Reg M-B (Bo3)
|rated|
|rule|Species Clause: Limit one of each Pokémon
|rule|Item Clause: Limit 1 of each item
|clearpoke
|poke|p1|Garchomp, L50, F|
|poke|p1|Venusaur, L50, F|
|poke|p1|Incineroar, L50, M|
|poke|p1|Charizard, L50, M|
|poke|p1|Toxapex, L50, F|
|poke|p1|Annihilape, L50, M|
|poke|p2|Toxapex, L50, F|
|poke|p2|Archaludon, L50, M|
|poke|p2|Hydreigon, L50, F|
|poke|p2|Glimmora, L50, F|
|poke|p2|Charizard, L50, M|
|poke|p2|Venusaur, L50, M|
|teampreview|4
|showteam|p1|Garchomp||ChoiceScarf|RoughSkin|Earthquake,RockSlide,DragonClaw,StompingTantrum|Adamant||F|||50|]Venusaur||LifeOrb|Chlorophyll|SludgeBomb,SolarBeam,EarthPower,Protect|Modest||F|||50|]Incineroar||SitrusBerry|Intimidate|FakeOut,FlareBlitz,ThroatChop,PartingShot|Impish||M|||50|]Charizard||CharizarditeY|Blaze|HeatWave,WeatherBall,Protect,HelpingHand|Modest||M|||50|]Toxapex||Leftovers|Regenerator|Infestation,Toxic,WideGuard,BanefulBunker|Bold||F|||50|]Annihilape||FocusSash|Defiant|CloseCombat,PhantomForce,RockTomb,Protect|Jolly||M|||50|
|showteam|p2|Toxapex||SitrusBerry|Regenerator|Toxic,Infestation,BanefulBunker,WideGuard|Sassy||F|||50|]Archaludon||Leftovers|Stamina|Thunderbolt,FlashCannon,DracoMeteor,Protect|Bold||M|||50|]Hydreigon||ChoiceScarf|Levitate|Snarl,DracoMeteor,DarkPulse,FlashCannon|Modest||F|||50|]Glimmora||FocusSash|ToxicDebris|MortalSpin,PowerGem,EarthPower,StealthRock|Modest||F|||50|]Charizard||CharizarditeY|Blaze|HeatWave,WillOWisp,Protect,SolarBeam|Modest||M|||50|]Venusaur||Venusaurite|Chlorophyll|GigaDrain,LeechSeed,Protect,SleepPowder|Calm||M|||50|
|inactive|Battle timer is ON: inactive players will automatically lose when time's up. (requested by Z4RDEL)
|inactive|ennuismile also wants the timer to be on.
|inactive|ennuismile has 60 seconds left.
|inactive|Z4RDEL has 60 seconds left.
|
|t:|1783803699
|teamsize|p1|4
|teamsize|p2|4
|start
|switch|p1a: Garchomp|Garchomp, L50, F|100/100
|switch|p1b: Charizard|Charizard, L50, M|100/100
|switch|p2a: Toxapex|Toxapex, L50, F|100/100
|switch|p2b: Hydreigon|Hydreigon, L50, F|100/100
|turn|1
|inactive|ennuismile has 30 seconds left.
|inactive|Z4RDEL has 30 seconds left.
|inactive|Z4RDEL has 20 seconds left.
|
|t:|1783803739
|switch|p2b: Glimmora|Glimmora, L50, F|100/100
|detailschange|p1b: Charizard|Charizard-Mega-Y, L50, M
|-mega|p1b: Charizard|Charizard|Charizardite Y
|-weather|SunnyDay|[from] ability: Drought|[of] p1b: Charizard
|move|p1b: Charizard|Protect|p1b: Charizard
|-singleturn|p1b: Charizard|Protect
|move|p1a: Garchomp|Dragon Claw|p2b: Glimmora
|-damage|p2b: Glimmora|46/100
|-activate|p2b: Glimmora|ability: Toxic Debris
|-sidestart|p1: ennuismile|move: Toxic Spikes
|move|p2a: Toxapex|Infestation|p1a: Garchomp
|-damage|p1a: Garchomp|95/100
|-activate|p1a: Garchomp|move: Infestation|[of] p2a: Toxapex
|-damage|p2a: Toxapex|87/100|[from] ability: Rough Skin|[of] p1a: Garchomp
|
|-weather|SunnyDay|[upkeep]
|-damage|p1a: Garchomp|83/100|[from] move: Infestation|[partiallytrapped]
|upkeep
|turn|2
|inactive|Z4RDEL has 30 seconds left.
|inactive|Z4RDEL has 20 seconds left.
|
|t:|1783803775
|switch|p1b: Venusaur|Venusaur, L50, F|100/100
|-sideend|p1: ennuismile|move: Toxic Spikes|[of] p1b: Venusaur
|move|p1a: Garchomp|Dragon Claw|p2b: Glimmora
|-damage|p2b: Glimmora|0 fnt
|-activate|p2b: Glimmora|ability: Toxic Debris
|-sidestart|p1: ennuismile|move: Toxic Spikes
|faint|p2b: Glimmora
|move|p2a: Toxapex|Toxic|p1a: Garchomp
|-status|p1a: Garchomp|tox
|
|-weather|SunnyDay|[upkeep]
|-damage|p1a: Garchomp|77/100 tox|[from] psn
|-damage|p1a: Garchomp|65/100 tox|[from] move: Infestation|[partiallytrapped]
|upkeep
|
|t:|1783803792
|switch|p2b: Archaludon|Archaludon, L50, M|100/100
|turn|3
|
|t:|1783803809
|move|p1b: Venusaur|Earth Power|p2b: Archaludon
|-supereffective|p2b: Archaludon|1
|-damage|p2b: Archaludon|10/100
|-ability|p2b: Archaludon|Stamina|boost
|-boost|p2b: Archaludon|def|1
|-damage|p1b: Venusaur|90/100|[from] item: Life Orb
|move|p1a: Garchomp|Dragon Claw|p2b: Archaludon
|-damage|p2b: Archaludon|0 fnt
|faint|p2b: Archaludon
|move|p2a: Toxapex|Infestation|p1b: Venusaur
|-damage|p1b: Venusaur|86/100
|-activate|p1b: Venusaur|move: Infestation|[of] p2a: Toxapex
|
|-weather|SunnyDay|[upkeep]
|-damage|p1a: Garchomp|53/100 tox|[from] psn
|-damage|p1b: Venusaur|74/100|[from] move: Infestation|[partiallytrapped]
|-damage|p1a: Garchomp|41/100 tox|[from] move: Infestation|[partiallytrapped]
|upkeep
|
|t:|1783803816
|switch|p2b: Hydreigon|Hydreigon, L50, F|100/100
|turn|4
|
|t:|1783803840
|move|p1b: Venusaur|Earth Power|p2a: Toxapex
|-supereffective|p2a: Toxapex|1
|-crit|p2a: Toxapex
|-damage|p2a: Toxapex|8/100
|-enditem|p2a: Toxapex|Sitrus Berry|[eat]
|-heal|p2a: Toxapex|33/100|[from] item: Sitrus Berry
|-damage|p1b: Venusaur|65/100|[from] item: Life Orb
|move|p1a: Garchomp|Dragon Claw|p2b: Hydreigon
|-supereffective|p2b: Hydreigon|1
|-damage|p2b: Hydreigon|2/100
|move|p2b: Hydreigon|Dark Pulse|p1a: Garchomp
|-damage|p1a: Garchomp|0 fnt
|faint|p1a: Garchomp
|move|p2a: Toxapex|Infestation|p1b: Venusaur
|-damage|p1b: Venusaur|61/100
|
|-weather|SunnyDay|[upkeep]
|-damage|p1b: Venusaur|49/100|[from] move: Infestation|[partiallytrapped]
|upkeep
|
|t:|1783803852
|switch|p1a: Charizard|Charizard-Mega-Y, L50, M|100/100
|turn|5
|
|t:|1783803861
|move|p2a: Toxapex|Wide Guard|p2a: Toxapex
|-singleturn|p2a: Toxapex|Wide Guard
|move|p1b: Venusaur|Sludge Bomb|p2b: Hydreigon
|-damage|p2b: Hydreigon|0 fnt
|faint|p2b: Hydreigon
|-damage|p1b: Venusaur|40/100|[from] item: Life Orb
|move|p1a: Charizard|Weather Ball|p2a: Toxapex
|-resisted|p2a: Toxapex|1
|-damage|p2a: Toxapex|0 fnt
|faint|p2a: Toxapex
|
|win|ennuismile
||ennuismile is ready for game 2.
||Z4RDEL is ready for game 2.
|uhtml|next|Next: Game 2 of 3
|l|☆Z4RDEL
|player|p2|
|l|☆ennuismile
|player|p1|
|j|☆ennuismile
|player|p1|ennuismile|cheryl|
