|j|☆Mashuno
|j|☆efwefwefwefweifier
|html|Mashunoefwefwefwefweifier    
|uhtml|bestof|Game 1 of a best-of-3
|t:|1784071952
|gametype|doubles
|player|p1|Mashuno|harlequin|1160
|player|p2|efwefwefwefweifier|clown|1320
|gen|9
|tier|[Gen 9 Champions] VGC 2026 Reg M-B (Bo3)
|rated|
|rule|Species Clause: Limit one of each Pokémon
|rule|Item Clause: Limit 1 of each item
|clearpoke
|poke|p1|Pelipper, L50, M|
|poke|p1|Archaludon, L50, F|
|poke|p1|Blastoise, L50, F|
|poke|p1|Sinistcha, L50|
|poke|p1|Sableye, L50, F|
|poke|p1|Sneasler, L50, F|
|poke|p2|Armarouge, L50, F|
|poke|p2|Sinistcha, L50|
|poke|p2|Floette-Eternal, L50, F|
|poke|p2|Incineroar, L50, M, shiny|
|poke|p2|Sneasler, L50, F|
|poke|p2|Hydreigon, L50, M|
|teampreview|4
|showteam|p1|Pelipper||FocusSash|Drizzle|WeatherBall,Hurricane,Tailwind,RainDance|Modest||M|||50|]Archaludon||Leftovers|Stamina|Protect,DracoMeteor,FlashCannon,ElectroShot|Modest||F|||50|]Blastoise||Blastoisinite|RainDish|Protect,FakeOut,WaterSpout,DarkPulse|Modest||F|||50|]Sinistcha||SitrusBerry|Hospitality|MatchaGotcha,RagePowder,LifeDew,TrickRoom|Bold|||||50|]Sableye||LightClay|Prankster|FoulPlay,LightScreen,Reflect,RainDance|Impish||F|||50|]Sneasler||WhiteHerb|Unburden|FakeOut,DireClaw,CloseCombat,RockSlide|Jolly||F|||50|
|showteam|p2|Armarouge||ColburBerry|FlashFire|HeatWave,Psychic,CalmMind,Protect|Modest||F|||50|]Sinistcha||KasibBerry|Hospitality|MatchaGotcha,RagePowder,LifeDew,TrickRoom|Calm|||||50|]Floette-Eternal||Floettite|FlowerVeil|Moonblast,DrainingKiss,CalmMind,Protect|Modest||F|||50|]Incineroar||SitrusBerry|Intimidate|FlareBlitz,FakeOut,PartingShot,Taunt|Impish||M|||50|]Sneasler||FocusSash|PoisonTouch|CloseCombat,PoisonJab,FakeOut,QuickGuard|Jolly||F|||50|]Hydreigon||ChoiceScarf|Levitate|DracoMeteor,DarkPulse,Snarl,EarthPower|Modest||M|||50|
|inactive|Battle timer is ON: inactive players will automatically lose when time's up. (requested by efwefwefwefweifier)
|c|☆Mashuno|gl hf <3
|inactive|Mashuno has 60 seconds left.
|inactive|efwefwefwefweifier has 60 seconds left.
|inactive|Mashuno has 30 seconds left.
|inactive|efwefwefwefweifier has 30 seconds left.
|
|t:|1784072021
|teamsize|p1|4
|teamsize|p2|4
|start
|switch|p1a: Kocho|Sneasler, L50, F|100/100
|switch|p1b: Blastoise|Blastoise, L50, F|100/100
|switch|p2a: Bartholomews|Hydreigon, L50, M|100/100
|switch|p2b: Poison Foison|Sneasler, L50, F|100/100
|turn|1
|inactive|Mashuno has 30 seconds left.
|
|t:|1784072052
|switch|p1b: Sableye|Sableye, L50, F|100/100
|move|p1a: Kocho|Fake Out|p2a: Bartholomews
|-damage|p2a: Bartholomews|82/100
|move|p2b: Poison Foison|Fake Out|p1a: Kocho
|-damage|p1a: Kocho|73/100
|cant|p2a: Bartholomews|flinch
|
|upkeep
|turn|2
|inactive|Mashuno has 30 seconds left.
|
|t:|1784072082
|move|p1b: Sableye|Light Screen|p1b: Sableye
|-sidestart|p1: Mashuno|move: Light Screen
|move|p2a: Bartholomews|Draco Meteor|p1a: Kocho
|-damage|p1a: Kocho|7/100
|-unboost|p2a: Bartholomews|spa|2
|move|p1a: Kocho|Close Combat|p2a: Bartholomews
|-supereffective|p2a: Bartholomews|1
|-damage|p2a: Bartholomews|0 fnt
|-unboost|p1a: Kocho|def|1
|-unboost|p1a: Kocho|spd|1
|faint|p2a: Bartholomews
|-enditem|p1a: Kocho|White Herb
|-clearnegativeboost|p1a: Kocho|[silent]
|move|p2b: Poison Foison|Poison Jab|p1b: Sableye
|-resisted|p1b: Sableye|1
|-damage|p1b: Sableye|75/100
|
|upkeep
|
|t:|1784072101
|switch|p2a: Spinny Sinny|Sinistcha, L50|100/100
|turn|3
|inactive|Mashuno has 30 seconds left.
|
|t:|1784072133
|switch|p1a: Junketsu|Archaludon, L50, F|100/100
|move|p1b: Sableye|Reflect|p1b: Sableye
|-sidestart|p1: Mashuno|Reflect
|move|p2b: Poison Foison|Poison Jab|p1b: Sableye
|-resisted|p1b: Sableye|1
|-damage|p1b: Sableye|57/100
|move|p2a: Spinny Sinny|Trick Room|p2a: Spinny Sinny
|-fieldstart|move: Trick Room|[of] p2a: Spinny Sinny
|
|upkeep
|turn|4
|
|t:|1784072156
|move|p1b: Sableye|Rain Dance|p1b: Sableye
|-weather|RainDance
|move|p1a: Junketsu|Electro Shot||[still]
|-prepare|p1a: Junketsu|Electro Shot
|-boost|p1a: Junketsu|spa|1
|-anim|p1a: Junketsu|Electro Shot|p2b: Poison Foison
|-damage|p2b: Poison Foison|15/100
|move|p2b: Poison Foison|Close Combat|p1a: Junketsu
|-supereffective|p1a: Junketsu|1
|-damage|p1a: Junketsu|32/100
|-unboost|p2b: Poison Foison|def|1
|-unboost|p2b: Poison Foison|spd|1
|-ability|p1a: Junketsu|Stamina|boost
|-boost|p1a: Junketsu|def|1
|move|p2a: Spinny Sinny|Trick Room|p2a: Spinny Sinny
|-fieldend|move: Trick Room
|
|-weather|RainDance|[upkeep]
|-heal|p1a: Junketsu|39/100|[from] item: Leftovers
|upkeep
|turn|5
|inactive|efwefwefwefweifier has 30 seconds left.
|
|t:|1784072183
|move|p1a: Junketsu|Protect|p1a: Junketsu
|-singleturn|p1a: Junketsu|Protect
|move|p2b: Poison Foison|Poison Jab|p1b: Sableye
|-resisted|p1b: Sableye|1
|-damage|p1b: Sableye|40/100
|-status|p1b: Sableye|psn
|move|p2a: Spinny Sinny|Matcha Gotcha|p1a: Junketsu|[spread] p1b
|-activate|p1a: Junketsu|move: Protect
|-damage|p1b: Sableye|22/100 psn
|move|p1b: Sableye|Foul Play|p2b: Poison Foison
|-resisted|p2b: Poison Foison|1
|-damage|p2b: Poison Foison|0 fnt
|faint|p2b: Poison Foison
|
|-weather|RainDance|[upkeep]
|-heal|p1a: Junketsu|45/100|[from] item: Leftovers
|-damage|p1b: Sableye|10/100 psn|[from] psn
|upkeep
|
|t:|1784072197
|switch|p2b: Flowa Powa|Floette-Eternal, L50, F|100/100
|turn|6
|inactive|Mashuno has 30 seconds left.
|inactive|Mashuno has 20 seconds left.
|
|t:|1784072235
|detailschange|p2b: Flowa Powa|Floette-Mega, L50, F
|-mega|p2b: Flowa Powa|Floette|Floettite
|-ability|p2b: Flowa Powa|Fairy Aura
|move|p2b: Flowa Powa|Moonblast|p1a: Junketsu
|-damage|p1a: Junketsu|0 fnt
|faint|p1a: Junketsu
|move|p1b: Sableye|Foul Play|p2a: Spinny Sinny
|-supereffective|p2a: Spinny Sinny|1
|-damage|p2a: Spinny Sinny|62/100
|move|p2a: Spinny Sinny|Trick Room|p2a: Spinny Sinny
|-fieldstart|move: Trick Room|[of] p2a: Spinny Sinny
|
|-weather|RainDance|[upkeep]
|-damage|p1b: Sableye|0 fnt|[from] psn
|faint|p1b: Sableye
|upkeep
|
|t:|1784072249
|switch|p1b: Kocho|Sneasler, L50, F|7/100
|switch|p1a: Blastoise|Blastoise, L50, F|100/100
|turn|7
|
|t:|1784072260
|detailschange|p1a: Blastoise|Blastoise-Mega, L50, F
|-mega|p1a: Blastoise|Blastoise|Blastoisinite
|move|p1b: Kocho|Fake Out|p2b: Flowa Powa
|-damage|p2b: Flowa Powa|83/100
|move|p2a: Spinny Sinny|Matcha Gotcha|p1b: Kocho|[spread] p1a
|-miss|p2a: Spinny Sinny|p1b: Kocho
|-supereffective|p1a: Blastoise|1
|-damage|p1a: Blastoise|72/100
|-heal|p2a: Spinny Sinny|76/100|[from] drain|[of] p1a: Blastoise
|move|p1a: Blastoise|Dark Pulse|p2a: Spinny Sinny
|-supereffective|p2a: Spinny Sinny|1
|-damage|p2a: Spinny Sinny|0 fnt
|faint|p2a: Spinny Sinny
|cant|p2b: Flowa Powa|flinch
|
|-weather|RainDance|[upkeep]
|upkeep
|turn|8
|inactive|efwefwefwefweifier has 30 seconds left.
|
|t:|1784072293
|move|p1a: Blastoise|Water Spout|p2b: Flowa Powa
|-damage|p2b: Flowa Powa|19/100
|move|p2b: Flowa Powa|Draining Kiss|p1a: Blastoise
|-damage|p1a: Blastoise|51/100
|-heal|p2b: Flowa Powa|35/100|[from] drain|[of] p1a: Blastoise
|move|p1b: Kocho|Dire Claw|p2b: Flowa Powa
|-supereffective|p2b: Flowa Powa|1
|-damage|p2b: Flowa Powa|0 fnt
|faint|p2b: Flowa Powa
|
|win|Mashuno
||efwefwefwefweifier is ready for game 2.
||Mashuno is ready for game 2.
|uhtml|next|Next: Game 2 of 3
|l|☆efwefwefwefweifier
|player|p2|
