|j|☆marcosdeltasena31
|j|☆LordTentacle69
|html|marcosdeltasena31LordTentacle69    
|uhtml|bestof|Game 2 of a best-of-3
|t:|1757208216
|gametype|doubles
|player|p1|marcosdeltasena31|hilbert|1312
|player|p2|LordTentacle69|plasmagruntf|1344
|gen|9
|tier|[Gen 9] VGC 2025 Reg H (Bo3)
|rated|
|rule|Species Clause: Limit one of each Pokémon
|rule|Item Clause: Limit 1 of each item
|clearpoke
|poke|p1|Dragonite, L50, F|
|poke|p1|Sneasler, L50, F|
|poke|p1|Volcarona, L50, F|
|poke|p1|Rillaboom, L50, M|
|poke|p1|Kingambit, L50, F|
|poke|p1|Electabuzz, L50, F|
|poke|p2|Dragapult, L50, M|
|poke|p2|Tauros-Paldea-Aqua, L50, M|
|poke|p2|Rillaboom, L50, M|
|poke|p2|Talonflame, L50, F|
|poke|p2|Ursaluna-Bloodmoon, L50, M|
|poke|p2|Gholdengo, L50|
|teampreview|4
|showteam|p1|Dragonite||LoadedDice|Multiscale|ScaleShot,ExtremeSpeed,Haze,Protect|||F|||50|,,,,,Fairy]Sneasler||FocusSash|PoisonTouch|DireClaw,CloseCombat,FakeOut,Coaching|||F|||50|,,,,,Ghost]Volcarona||CovertCloak|FlameBody|HeatWave,TeraBlast,QuiverDance,Protect|||F|||50|,,,,,Fairy]Rillaboom||AssaultVest|GrassySurge|WoodHammer,FakeOut,GrassyGlide,HighHorsepower|||M|||50|,,,,,Fire]Kingambit||BlackGlasses|Defiant|KowtowCleave,SwordsDance,SuckerPunch,Protect|||F|||50|,,,,,Dark]Electabuzz||Eviolite|VitalSpirit|Thunderbolt,FollowMe,Taunt,Protect|||F|||50|,,,,,Ghost
|showteam|p2|Dragapult||ChoiceBand|ClearBody|Outrage,DragonDarts,PhantomForce,Uturn|||M|||50|,,,,,Dragon]Tauros-Paldea-Aqua||MirrorHerb|Intimidate|RagingBull,CloseCombat,AquaJet,Protect|||M|||50|,,,,,Grass]Rillaboom||AssaultVest|GrassySurge|WoodHammer,GrassyGlide,FakeOut,HighHorsepower|||M|||50|,,,,,Fire]Talonflame||CovertCloak|GaleWings|Tailwind,BraveBird,FlareBlitz,Taunt|||F|||50|,,,,,Grass]Ursaluna-Bloodmoon||LifeOrb|MindsEye|BloodMoon,HyperVoice,EarthPower,Protect|||M|||50|,,,,,Normal]Gholdengo||ChoiceSpecs|GoodasGold|MakeItRain,ShadowBall,Thunderbolt,DazzlingGleam||||||50|,,,,,Steel
|
|t:|1757208275
|teamsize|p1|4
|teamsize|p2|4
|start
|switch|p1a: Volcarona|Volcarona, L50, F|100/100
|switch|p1b: Electabuzz|Electabuzz, L50, F|100/100
|switch|p2a: Talonflame|Talonflame, L50, F|100/100
|switch|p2b: Ursaluna|Ursaluna-Bloodmoon, L50, M|100/100
|turn|1
|
|t:|1757208321
|move|p2a: Talonflame|Tailwind|p2a: Talonflame
|-sidestart|p2: LordTentacle69|move: Tailwind
|move|p2b: Ursaluna|Earth Power|p1b: Electabuzz
|-supereffective|p1b: Electabuzz
|-damage|p1b: Electabuzz|0 fnt
|faint|p1b: Electabuzz
|-damage|p2b: Ursaluna|91/100|[from] item: Life Orb
|move|p1a: Volcarona|Quiver Dance|p1a: Volcarona
|-boost|p1a: Volcarona|spa|1
|-boost|p1a: Volcarona|spd|1
|-boost|p1a: Volcarona|spe|1
|
|upkeep
|
|t:|1757208329
|switch|p1b: Sneasler|Sneasler, L50, F|100/100
|turn|2
|
|t:|1757208349
|-terastallize|p1a: Volcarona|Fairy
|move|p2b: Ursaluna|Protect|p2b: Ursaluna
|-singleturn|p2b: Ursaluna|Protect
|move|p1b: Sneasler|Fake Out|p2b: Ursaluna
|-activate|p2b: Ursaluna|move: Protect
|move|p2a: Talonflame|Brave Bird|p1a: Volcarona
|-damage|p1a: Volcarona|49/100
|-damage|p2a: Talonflame|80/100|[from] Recoil
|move|p1a: Volcarona|Heat Wave|p2a: Talonflame|[spread] p2a
|-activate|p2b: Ursaluna|move: Protect
|-resisted|p2a: Talonflame
|-damage|p2a: Talonflame|39/100
|
|upkeep
|turn|3
|
|t:|1757208388
|switch|p2a: Tauros|Tauros-Paldea-Aqua, L50, M|100/100
|-ability|p2a: Tauros|Intimidate|boost
|-unboost|p1a: Volcarona|atk|1
|-unboost|p1b: Sneasler|atk|1
|switch|p2b: Rillaboom|Rillaboom, L50, M|100/100
|-fieldstart|move: Grassy Terrain|[from] ability: Grassy Surge|[of] p2b: Rillaboom
|move|p1a: Volcarona|Protect|p1a: Volcarona
|-singleturn|p1a: Volcarona|Protect
|move|p1b: Sneasler|Close Combat|p2b: Rillaboom
|-damage|p2b: Rillaboom|58/100
|-unboost|p1b: Sneasler|def|1
|-unboost|p1b: Sneasler|spd|1
|-status|p2b: Rillaboom|psn|[from] ability: Poison Touch|[of] p1b: Sneasler
|
|-heal|p2b: Rillaboom|64/100 psn|[from] Grassy Terrain
|-heal|p1a: Volcarona|55/100|[from] Grassy Terrain
|-damage|p2b: Rillaboom|52/100 psn|[from] psn
|upkeep
|turn|4
|
|t:|1757208426
|switch|p1b: Kingambit|Kingambit, L50, F|100/100
|move|p1a: Volcarona|Protect||[still]
|-fail|p1a: Volcarona
|move|p2a: Tauros|Raging Bull|p1b: Kingambit
|-crit|p1b: Kingambit
|-damage|p1b: Kingambit|56/100
|move|p2b: Rillaboom|Wood Hammer|p1a: Volcarona
|-damage|p1a: Volcarona|0 fnt
|faint|p1a: Volcarona
|-damage|p2b: Rillaboom|36/100 psn|[from] Recoil
|
|-heal|p2b: Rillaboom|42/100 psn|[from] Grassy Terrain
|-heal|p1b: Kingambit|61/100|[from] Grassy Terrain
|-damage|p2b: Rillaboom|30/100 psn|[from] psn
|-sideend|p2: LordTentacle69|move: Tailwind
|upkeep
|
|t:|1757208437
|switch|p1a: Sneasler|Sneasler, L50, F|100/100
|turn|5
|
|t:|1757208473
|move|p2a: Tauros|Protect|p2a: Tauros
|-singleturn|p2a: Tauros|Protect
|move|p1a: Sneasler|Fake Out|p2a: Tauros
|-activate|p2a: Tauros|move: Protect
|move|p2b: Rillaboom|Grassy Glide|p1a: Sneasler
|-resisted|p1a: Sneasler
|-damage|p1a: Sneasler|70/100
|move|p1b: Kingambit|Kowtow Cleave|p2b: Rillaboom
|-crit|p2b: Rillaboom
|-damage|p2b: Rillaboom|0 fnt
|faint|p2b: Rillaboom
|
|-heal|p1a: Sneasler|76/100|[from] Grassy Terrain
|-heal|p1b: Kingambit|67/100|[from] Grassy Terrain
|upkeep
|
|t:|1757208486
|switch|p2b: Talonflame|Talonflame, L50, F|39/100
|turn|6
|
|t:|1757208505
|move|p1b: Kingambit|Sucker Punch|p2a: Tauros
|-resisted|p2a: Tauros
|-damage|p2a: Tauros|75/100
|move|p2b: Talonflame|Brave Bird|p1a: Sneasler
|-supereffective|p1a: Sneasler
|-damage|p1a: Sneasler|0 fnt
|faint|p1a: Sneasler
|-damage|p2b: Talonflame|14/100|[from] Recoil
|move|p2a: Tauros|Close Combat|p1b: Kingambit
|-supereffective|p1b: Kingambit
|-crit|p1b: Kingambit
|-damage|p1b: Kingambit|0 fnt
|-unboost|p2a: Tauros|def|1
|-unboost|p2a: Tauros|spd|1
|faint|p1b: Kingambit
|
|win|LordTentacle69
||LordTentacle69 is ready for game 3.
|inactive|marcosdeltasena31 has 30 seconds to confirm battle start!
