|j|☆Solcerer
|j|☆cheeto squid
|html|Solcerercheeto squid    
|uhtml|bestof|Game 2 of a best-of-3
|t:|1756242726
|gametype|doubles
|player|p1|Solcerer|265|1000
|player|p2|cheeto squid|101|1166
|gen|9
|tier|[Gen 9] VGC 2025 Reg H (Bo3)
|rated|
|rule|Species Clause: Limit one of each Pokémon
|rule|Item Clause: Limit 1 of each item
|clearpoke
|poke|p1|Sneasler, L50, F|
|poke|p1|Inteleon, L50, F|
|poke|p1|Espeon, L50, F|
|poke|p1|Metagross, L50|
|poke|p1|Amoonguss, L50, M|
|poke|p1|Hydreigon, L50, M|
|poke|p2|Samurott-Hisui, L50, F|
|poke|p2|Pelipper, L50, F|
|poke|p2|Archaludon, L50, M|
|poke|p2|Clefairy, L50, M|
|poke|p2|Gholdengo, L50|
|poke|p2|Kingambit, L50, M|
|teampreview|4
|showteam|p1|Sneasler||WhiteHerb|Unburden|DireClaw,CloseCombat,FakeOut,Acrobatics|||F|||50|,,,,,Flying]Inteleon||FocusSash|Sniper|SnipeShot,IceBeam,Soak,Protect|||F|||50|,,,,,Ghost]Espeon||ChoiceScarf|MagicBounce|ExpandingForce,ShadowBall,DazzlingGleam,PowerGem|||F|||50|,,,,,Psychic]Metagross||SafetyGoggles|ClearBody|PsychicFangs,HeavySlam,KnockOff,Protect||||||50|,,,,,Water]Amoonguss||RockyHelmet|Regenerator|PollenPuff,Spore,RagePowder,SludgeBomb|||M|||50|,,,,,Steel]Hydreigon||ScopeLens|Levitate|DracoMeteor,DarkPulse,FocusEnergy,Protect|||M|||50|,,,,,Ghost
|showteam|p2|Samurott-Hisui||MysticWater|Sharpness|RazorShell,SacredSword,Detect,FlipTurn|||F|||50|,,,,,Ghost]Pelipper||CovertCloak|Drizzle|Hurricane,WeatherBall,Tailwind,Protect|||F|||50|,,,,,Stellar]Archaludon||PowerHerb|Stalwart|ElectroShot,DracoMeteor,FlashCannon,Protect|||M|||50|,,,,,Electric]Clefairy||Eviolite|FriendGuard|AfterYou,FollowMe,HelpingHand,Protect|||M|||50|,,,,,Water]Gholdengo||LifeOrb|GoodasGold|MakeItRain,ShadowBall,NastyPlot,Protect||||||50|,,,,,Dragon]Kingambit||BlackGlasses|Defiant|KowtowCleave,SuckerPunch,Protect,SwordsDance|||M|||50|,,,,,Dark
|inactive|Battle timer is ON: inactive players will automatically lose when time's up. (requested by Solcerer)
|j| hotIinebling
|l| hotIinebling
|
|t:|1756242753
|teamsize|p1|4
|teamsize|p2|4
|start
|switch|p1a: Sneasler|Sneasler, L50, F|100/100
|switch|p1b: Inteleon|Inteleon, L50, F|100/100
|switch|p2a: Pelipper|Pelipper, L50, F|100/100
|switch|p2b: Samurott|Samurott-Hisui, L50, F|100/100
|-weather|RainDance|[from] ability: Drizzle|[of] p2a: Pelipper
|turn|1
|inactive|Solcerer has 30 seconds left.
|
|t:|1756242786
|switch|p1a: Metagross|Metagross, L50|100/100
|move|p2b: Samurott|Detect|p2b: Samurott
|-singleturn|p2b: Samurott|Protect
|move|p1b: Inteleon|Snipe Shot|p2a: Pelipper
|-resisted|p2a: Pelipper
|-damage|p2a: Pelipper|46/100
|move|p2a: Pelipper|Tailwind|p2a: Pelipper
|-sidestart|p2: cheeto squid|move: Tailwind
|
|-weather|RainDance|[upkeep]
|upkeep
|turn|2
|inactive|Solcerer has 30 seconds left.
|inactive|cheeto squid has 30 seconds left.
|
|t:|1756242816
|switch|p1b: Amoonguss|Amoonguss, L50, M|100/100
|move|p2b: Samurott|Flip Turn|p1a: Metagross
|-damage|p1a: Metagross|52/100
|
|t:|1756242823
|switch|p2b: Archaludon|Archaludon, L50, M|100/100|[from] Flip Turn
|move|p2a: Pelipper|Weather Ball|p1a: Metagross
|-damage|p1a: Metagross|0 fnt
|faint|p1a: Metagross
|
|-weather|RainDance|[upkeep]
|upkeep
|
|t:|1756242833
|switch|p1a: Inteleon|Inteleon, L50, F|100/100
|turn|3
|
|t:|1756242841
|-terastallize|p1b: Amoonguss|Steel
|move|p1b: Amoonguss|Rage Powder|p1b: Amoonguss
|-singleturn|p1b: Amoonguss|move: Rage Powder
|move|p2b: Archaludon|Electro Shot||[still]
|-prepare|p2b: Archaludon|Electro Shot
|-boost|p2b: Archaludon|spa|1
|-anim|p2b: Archaludon|Electro Shot|p1a: Inteleon
|-supereffective|p1a: Inteleon
|-enditem|p1a: Inteleon|Focus Sash
|-damage|p1a: Inteleon|1/100
|move|p2a: Pelipper|Hurricane|p1b: Amoonguss
|-resisted|p1b: Amoonguss
|-damage|p1b: Amoonguss|81/100
|move|p1a: Inteleon|Soak|p2b: Archaludon
|-start|p2b: Archaludon|typechange|Water
|
|-weather|RainDance|[upkeep]
|upkeep
|turn|4
|inactive|Solcerer has 30 seconds left.
|inactive|cheeto squid has 30 seconds left.
|inactive|Solcerer has 20 seconds left.
|
|t:|1756242879
|move|p1a: Inteleon|Protect|p1a: Inteleon
|-singleturn|p1a: Inteleon|Protect
|move|p2b: Archaludon|Electro Shot||[still]
|-prepare|p2b: Archaludon|Electro Shot
|-boost|p2b: Archaludon|spa|1
|-anim|p2b: Archaludon|Electro Shot|p1a: Inteleon
|-activate|p1a: Inteleon|move: Protect
|move|p2a: Pelipper|Weather Ball|p1b: Amoonguss
|-damage|p1b: Amoonguss|26/100
|move|p1b: Amoonguss|Spore|p2b: Archaludon
|-status|p2b: Archaludon|slp|[from] move: Spore
|
|-weather|RainDance|[upkeep]
|-sideend|p2: cheeto squid|move: Tailwind
|upkeep
|turn|5
|
|t:|1756242895
|cant|p2b: Archaludon|slp
|move|p2a: Pelipper|Protect|p2a: Pelipper
|-singleturn|p2a: Pelipper|Protect
|move|p1a: Inteleon|Snipe Shot|p2a: Pelipper
|-activate|p2a: Pelipper|move: Protect
|move|p1b: Amoonguss|Pollen Puff|p1a: Inteleon
|-heal|p1a: Inteleon|51/100
|
|-weather|none
|upkeep
|turn|6
|
|t:|1756242918
|switch|p2a: Samurott|Samurott-Hisui, L50, F|100/100
|-curestatus|p2b: Archaludon|slp|[msg]
|move|p2b: Archaludon|Protect|p2b: Archaludon
|-singleturn|p2b: Archaludon|Protect
|move|p1a: Inteleon|Snipe Shot|p2a: Samurott
|-resisted|p2a: Samurott
|-damage|p2a: Samurott|77/100
|move|p1b: Amoonguss|Pollen Puff|p1a: Inteleon
|-heal|p1a: Inteleon|100/100
|
|upkeep
|turn|7
|
|t:|1756242941
|move|p1a: Inteleon|Protect|p1a: Inteleon
|-singleturn|p1a: Inteleon|Protect
|move|p2b: Archaludon|Draco Meteor|p1a: Inteleon
|-activate|p1a: Inteleon|move: Protect
|move|p2a: Samurott|Razor Shell|p1a: Inteleon
|-activate|p1a: Inteleon|move: Protect
|move|p1b: Amoonguss|Spore|p2b: Archaludon
|-status|p2b: Archaludon|slp|[from] move: Spore
|
|upkeep
|turn|8
|
|t:|1756242950
|switch|p1a: Sneasler|Sneasler, L50, F|100/100
|cant|p2b: Archaludon|slp
|move|p1b: Amoonguss|Rage Powder|p1b: Amoonguss
|-singleturn|p1b: Amoonguss|move: Rage Powder
|move|p2a: Samurott|Razor Shell|p1b: Amoonguss
|-damage|p1b: Amoonguss|0 fnt
|-damage|p2a: Samurott|60/100|[from] item: Rocky Helmet|[of] p1b: Amoonguss
|faint|p1b: Amoonguss
|
|upkeep
|
|t:|1756242953
|switch|p1b: Inteleon|Inteleon, L50, F|100/100
|turn|9
|
|t:|1756242977
|move|p2a: Samurott|Detect|p2a: Samurott
|-singleturn|p2a: Samurott|Protect
|move|p1b: Inteleon|Snipe Shot|p2a: Samurott
|-activate|p2a: Samurott|move: Protect
|move|p1a: Sneasler|Close Combat|p2a: Samurott
|-activate|p2a: Samurott|move: Protect
|-curestatus|p2b: Archaludon|slp|[msg]
|move|p2b: Archaludon|Draco Meteor|p1a: Sneasler
|-damage|p1a: Sneasler|0 fnt
|-unboost|p2b: Archaludon|spa|2
|faint|p1a: Sneasler
|
|upkeep
|turn|10
|
|t:|1756243002
|move|p1b: Inteleon|Snipe Shot|p2b: Archaludon
|-resisted|p2b: Archaludon
|-damage|p2b: Archaludon|73/100
|move|p2b: Archaludon|Draco Meteor|p1b: Inteleon
|-damage|p1b: Inteleon|18/100
|-unboost|p2b: Archaludon|spa|2
|move|p2a: Samurott|Razor Shell|p1b: Inteleon
|-resisted|p1b: Inteleon
|-damage|p1b: Inteleon|0 fnt
|faint|p1b: Inteleon
|
|win|cheeto squid
||Solcerer is ready for game 3.
|inactive|cheeto squid has 30 seconds to confirm battle start!
||cheeto squid is ready for game 3.
|uhtml|next|Next: Game 3 of 3
|l|☆Solcerer
|player|p1|
