|j|☆Grogguu
|j|☆sedrav
|html|Grogguusedrav    
|uhtml|bestof|Game 3 of a best-of-3
|t:|1756432528
|gametype|doubles
|player|p1|Grogguu|zinzolin|1081
|player|p2|sedrav|hilbert|1259
|gen|9
|tier|[Gen 9] VGC 2025 Reg H (Bo3)
|rated|
|rule|Species Clause: Limit one of each Pokémon
|rule|Item Clause: Limit 1 of each item
|clearpoke
|poke|p1|Dragonite, L50, M|
|poke|p1|Sneasler, L50, F|
|poke|p1|Primarina, L50, M|
|poke|p1|Rillaboom, L50, F|
|poke|p1|Magmar, L50, F|
|poke|p1|Gholdengo, L50|
|poke|p2|Dragonite, L50, M|
|poke|p2|Rillaboom, L50, M|
|poke|p2|Arcanine-Hisui, L50, M|
|poke|p2|Sneasler, L50, M|
|poke|p2|Ninetales-Alola, L50, M|
|poke|p2|Gholdengo, L50|
|teampreview|4
|showteam|p1|Dragonite||LoadedDice|Multiscale|ScaleShot,Tailwind,Haze,Protect|||M|||50|,,,,,Fairy]Sneasler||FocusSash|Unburden|CloseCombat,DireClaw,FakeOut,Protect|||F|||50|,,,,,Ghost]Primarina||SitrusBerry|LiquidVoice|HyperVoice,Moonblast,CalmMind,Protect|||M|||50|,,,,,Poison]Rillaboom||AssaultVest|GrassySurge|WoodHammer,KnockOff,GrassyGlide,FakeOut|||F|||50|,,,,,Psychic]Magmar||Eviolite|VitalSpirit|Overheat,FollowMe,Taunt,Protect|||F|||50|,,,,,Flying]Gholdengo||Leftovers|GoodasGold|MakeItRain,ShadowBall,Protect,NastyPlot||||||50|,,,,,Water
|showteam|p2|Dragonite||LoadedDice|Multiscale|ScaleShot,Tailwind,StompingTantrum,Protect|||M|||50|,,,,,Ground]Rillaboom||AssaultVest|GrassySurge|DrumBeating,GrassyGlide,HighHorsepower,FakeOut|||M|||50|,,,,,Fire]Arcanine-Hisui||ClearAmulet|Intimidate|FlareBlitz,RockSlide,ExtremeSpeed,Protect|||M|||50|,,,,,Water]Sneasler||WhiteHerb|Unburden|CloseCombat,DireClaw,Coaching,Protect|||M|||50|,,,,,Ghost]Ninetales-Alola||FocusSash|SnowWarning|Blizzard,Encore,IcyWind,AuroraVeil|||M|||50|,,,,,Ghost]Gholdengo||GrassySeed|GoodasGold|MakeItRain,ShadowBall,NastyPlot,Protect||||||50|,,,,,Water
|inactive|Battle timer is ON: inactive players will automatically lose when time's up. (requested by sedrav)
|inactive|Grogguu has 60 seconds left.
|
|t:|1756432576
|teamsize|p1|4
|teamsize|p2|4
|start
|switch|p1a: Dragonite|Dragonite, L50, M|100/100
|switch|p1b: Magmar|Magmar, L50, F|100/100
|switch|p2a: Arcanine|Arcanine-Hisui, L50, M|100/100
|switch|p2b: Sneasler|Sneasler, L50, M|100/100
|-ability|p2a: Arcanine|Intimidate|boost
|-unboost|p1a: Dragonite|atk|1
|-unboost|p1b: Magmar|atk|1
|turn|1
|inactive|Grogguu has 30 seconds left.
|
|t:|1756432611
|switch|p1b: Gholdengo|Gholdengo, L50|100/100
|move|p2b: Sneasler|Coaching|p2a: Arcanine
|-boost|p2a: Arcanine|atk|1
|-boost|p2a: Arcanine|def|1
|move|p2a: Arcanine|Rock Slide|p1a: Dragonite|[spread] p1a,p1b
|-supereffective|p1a: Dragonite
|-resisted|p1b: Gholdengo
|-damage|p1a: Dragonite|61/100
|-damage|p1b: Gholdengo|82/100
|move|p1a: Dragonite|Tailwind|p1a: Dragonite
|-sidestart|p1: Grogguu|move: Tailwind
|
|-heal|p1b: Gholdengo|88/100|[from] item: Leftovers
|upkeep
|turn|2
|inactive|Grogguu has 30 seconds left.
|inactive|sedrav has 30 seconds left.
|inactive|sedrav has 20 seconds left.
|
|t:|1756432650
|switch|p1a: Magmar|Magmar, L50, F|100/100
|-terastallize|p1b: Gholdengo|Water
|move|p2a: Arcanine|Protect|p2a: Arcanine
|-singleturn|p2a: Arcanine|Protect
|move|p1b: Gholdengo|Nasty Plot|p1b: Gholdengo
|-boost|p1b: Gholdengo|spa|2
|move|p2b: Sneasler|Dire Claw|p1a: Magmar
|-damage|p1a: Magmar|68/100
|
|-heal|p1b: Gholdengo|94/100|[from] item: Leftovers
|upkeep
|turn|3
|inactive|sedrav has 30 seconds left.
|
|t:|1756432683
|switch|p2a: Ninetales|Ninetales-Alola, L50, M|100/100
|-weather|Snowscape|[from] ability: Snow Warning|[of] p2a: Ninetales
|move|p1a: Magmar|Follow Me|p1a: Magmar
|-singleturn|p1a: Magmar|move: Follow Me
|move|p1b: Gholdengo|Make It Rain|p2a: Ninetales|[spread] p2a,p2b
|-supereffective|p2a: Ninetales
|-enditem|p2a: Ninetales|Focus Sash
|-damage|p2a: Ninetales|1/100
|-damage|p2b: Sneasler|0 fnt
|-unboost|p1b: Gholdengo|spa|1
|faint|p2b: Sneasler
|
|-weather|Snowscape|[upkeep]
|-heal|p1b: Gholdengo|100/100|[from] item: Leftovers
|upkeep
|
|t:|1756432698
|switch|p2b: Arcanine|Arcanine-Hisui, L50, M|100/100
|-ability|p2b: Arcanine|Intimidate|boost
|-unboost|p1a: Magmar|atk|1
|-unboost|p1b: Gholdengo|atk|1
|turn|4
|
|t:|1756432711
|move|p1a: Magmar|Follow Me|p1a: Magmar
|-singleturn|p1a: Magmar|move: Follow Me
|move|p1b: Gholdengo|Make It Rain|p2a: Ninetales|[spread] p2a,p2b
|-supereffective|p2a: Ninetales
|-damage|p2a: Ninetales|0 fnt
|-damage|p2b: Arcanine|18/100
|-unboost|p1b: Gholdengo|spa|1
|faint|p2a: Ninetales
|move|p2b: Arcanine|Rock Slide|p1a: Magmar|[spread] p1a,p1b
|-supereffective|p1a: Magmar
|-damage|p1a: Magmar|26/100
|-damage|p1b: Gholdengo|77/100
|
|-weather|Snowscape|[upkeep]
|-heal|p1b: Gholdengo|83/100|[from] item: Leftovers
|-sideend|p1: Grogguu|move: Tailwind
|upkeep
|
|t:|1756432723
|switch|p2a: Gholdengo|Gholdengo, L50|100/100
|turn|5
|
|t:|1756432731
|move|p1a: Magmar|Follow Me|p1a: Magmar
|-singleturn|p1a: Magmar|move: Follow Me
|move|p2b: Arcanine|Rock Slide|p1a: Magmar|[spread] p1a,p1b
|-supereffective|p1a: Magmar
|-damage|p1a: Magmar|0 fnt
|-damage|p1b: Gholdengo|58/100
|faint|p1a: Magmar
|move|p2a: Gholdengo|Shadow Ball|p1b: Gholdengo
|-damage|p1b: Gholdengo|22/100
|move|p1b: Gholdengo|Make It Rain|p2b: Arcanine|[spread] p2a,p2b
|-resisted|p2a: Gholdengo
|-damage|p2a: Gholdengo|79/100
|-damage|p2b: Arcanine|0 fnt
|-unboost|p1b: Gholdengo|spa|1
|faint|p2b: Arcanine
|
|-weather|Snowscape|[upkeep]
|-heal|p1b: Gholdengo|28/100|[from] item: Leftovers
|upkeep
|
|t:|1756432736
|switch|p1a: Dragonite|Dragonite, L50, M|61/100
|turn|6
|
|t:|1756432755
|move|p1b: Gholdengo|Protect|p1b: Gholdengo
|-singleturn|p1b: Gholdengo|Protect
|move|p2a: Gholdengo|Nasty Plot|p2a: Gholdengo
|-boost|p2a: Gholdengo|spa|2
|move|p1a: Dragonite|Tailwind|p1a: Dragonite
|-sidestart|p1: Grogguu|move: Tailwind
|
|-weather|Snowscape|[upkeep]
|-heal|p1b: Gholdengo|35/100|[from] item: Leftovers
|upkeep
|turn|7
|
|t:|1756432766
|-terastallize|p2a: Gholdengo|Water
|move|p1a: Dragonite|Scale Shot|p2a: Gholdengo
|-damage|p2a: Gholdengo|65/100
|-damage|p2a: Gholdengo|50/100
|-damage|p2a: Gholdengo|37/100
|-crit|p2a: Gholdengo
|-damage|p2a: Gholdengo|17/100
|-damage|p2a: Gholdengo|2/100
|-hitcount|p2a: Gholdengo|5
|-unboost|p1a: Dragonite|def|1
|-boost|p1a: Dragonite|spe|1
|move|p1b: Gholdengo|Shadow Ball|p2a: Gholdengo
|-damage|p2a: Gholdengo|0 fnt
|faint|p2a: Gholdengo
|
|win|Grogguu
|raw|Grogguu's rating: 1081 → 1122(+41 for winning)
|raw|sedrav's rating: 1259 → 1222(-37 for losing)
|l|☆sedrav
|player|p2|
|j|☆sedrav
|player|p2|sedrav|hilbert|
