|j|☆Blitzball Ace
|j|☆fili53
|html|Blitzball Acefili53    
|uhtml|bestof|Game 2 of a best-of-3
|t:|1756939000
|gametype|doubles
|player|p1|Blitzball Ace|kamado-armor|1268
|player|p2|fili53|cress|1154
|gen|9
|tier|[Gen 9] VGC 2025 Reg H (Bo3)
|rated|
|rule|Species Clause: Limit one of each Pokémon
|rule|Item Clause: Limit 1 of each item
|clearpoke
|poke|p1|Garchomp, L50, F|
|poke|p1|Sneasler, L50, F|
|poke|p1|Incineroar, L50, M|
|poke|p1|Dragonite, L50, M|
|poke|p1|Gholdengo, L50|
|poke|p1|Vivillon, L50, F|
|poke|p2|Arcanine-Hisui, L50, M|
|poke|p2|Rillaboom, L50, F|
|poke|p2|Clefable, L50, M|
|poke|p2|Inteleon, L50, F|
|poke|p2|Sneasler, L50, M|
|poke|p2|Gholdengo, L50|
|teampreview|4
|showteam|p1|Garchomp||LifeOrb|RoughSkin|Earthquake,DragonClaw,StompingTantrum,Protect|||F|||50|,,,,,Ground]Sneasler||WhiteHerb|Unburden|Coaching,Protect,DireClaw,CloseCombat|||F|||50|,,,,,Ghost]Incineroar||SafetyGoggles|Intimidate|FakeOut,FlareBlitz,KnockOff,PartingShot|||M|||50|,,,,,Ghost]Dragonite||LoadedDice|InnerFocus|TeraBlast,ScaleShot,Tailwind,Protect|||M|||50|,,,,,Flying]Gholdengo||ChoiceScarf|GoodasGold|MakeItRain,ShadowBall,Trick,Thunderbolt||||||50|,,,,,Steel]Vivillon||FocusSash|CompoundEyes|Hurricane,SleepPowder,RagePowder,Protect|||F|||50|,,,,,Ghost
|showteam|p2|Arcanine-Hisui||ClearAmulet|Intimidate|FlareBlitz,RockSlide,ExtremeSpeed,Protect|||M|||50|,,,,,Water]Rillaboom||AssaultVest|GrassySurge|WoodHammer,GrassyGlide,HighHorsepower,FakeOut|||F|||50|,,,,,Fire]Clefable||SafetyGoggles|Unaware|Moonblast,FollowMe,HelpingHand,Protect|||M|||50|,,,,,Poison]Inteleon||RazorClaw|Sniper|SnipeShot,IceBeam,Taunt,Protect|||F|||50|,,,,,Water]Sneasler||FocusSash|Unburden|CloseCombat,DireClaw,FakeOut,Protect|||M|||50|,,,,,Stellar]Gholdengo||LifeOrb|GoodasGold|MakeItRain,ShadowBall,NastyPlot,Protect||||||50|,,,,,Water
|inactive|Battle timer is ON: inactive players will automatically lose when time's up. (requested by fili53)
|inactive|fili53 has 60 seconds left.
|
|t:|1756939053
|teamsize|p1|4
|teamsize|p2|4
|start
|switch|p1a: Gholdengo|Gholdengo, L50|100/100
|switch|p1b: Dragonite|Dragonite, L50, M, shiny|100/100
|switch|p2a: Inteleon|Inteleon, L50, F|100/100
|switch|p2b: Clefable|Clefable, L50, M|100/100
|turn|1
|inactive|Blitzball Ace has 30 seconds left.
|inactive|fili53 has 30 seconds left.
|inactive|fili53 has 20 seconds left.
|
|t:|1756939093
|switch|p2b: Gholdengo|Gholdengo, L50|100/100
|-terastallize|p1b: Dragonite|Flying
|move|p1a: Gholdengo|Make It Rain|p2a: Inteleon|[spread] p2a,p2b
|-resisted|p2a: Inteleon
|-resisted|p2b: Gholdengo
|-damage|p2a: Inteleon|57/100
|-damage|p2b: Gholdengo|74/100
|-unboost|p1a: Gholdengo|spa|1
|move|p2a: Inteleon|Taunt|p1b: Dragonite
|-start|p1b: Dragonite|move: Taunt
|move|p1b: Dragonite|Tera Blast|p2a: Inteleon|[anim] Tera Blast Flying
|-damage|p2a: Inteleon|0 fnt
|faint|p2a: Inteleon
|
|upkeep
|j| Arkhept
|l| Arkhept
|
|t:|1756939111
|switch|p2a: Clefable|Clefable, L50, M|100/100
|turn|2
|
|t:|1756939125
|move|p2a: Clefable|Protect|p2a: Clefable
|-singleturn|p2a: Clefable|Protect
|move|p1a: Gholdengo|Make It Rain|p2a: Clefable|[spread] p2b
|-activate|p2a: Clefable|move: Protect
|-resisted|p2b: Gholdengo
|-damage|p2b: Gholdengo|58/100
|-unboost|p1a: Gholdengo|spa|1
|move|p2b: Gholdengo|Nasty Plot|p2b: Gholdengo
|-boost|p2b: Gholdengo|spa|2
|move|p1b: Dragonite|Tera Blast|p2b: Gholdengo|[anim] Tera Blast Flying
|-resisted|p2b: Gholdengo
|-damage|p2b: Gholdengo|27/100
|
|upkeep
|turn|3
|
|t:|1756939147
|-terastallize|p2a: Clefable|Poison
|move|p2a: Clefable|Follow Me|p2a: Clefable
|-singleturn|p2a: Clefable|move: Follow Me
|move|p1a: Gholdengo|Make It Rain|p2a: Clefable|[spread] p2a,p2b
|-resisted|p2b: Gholdengo
|-damage|p2a: Clefable|57/100
|-damage|p2b: Gholdengo|13/100
|-unboost|p1a: Gholdengo|spa|1
|move|p2b: Gholdengo|Make It Rain|p1a: Gholdengo|[spread] p1a,p1b
|-resisted|p1a: Gholdengo
|-damage|p1a: Gholdengo|34/100
|-damage|p1b: Dragonite|0 fnt
|-unboost|p2b: Gholdengo|spa|1
|faint|p1b: Dragonite
|-damage|p2b: Gholdengo|3/100|[from] item: Life Orb
|
|upkeep
|
|t:|1756939166
|switch|p1b: Kaladin|Garchomp, L50, F, shiny|100/100
|turn|4
|
|t:|1756939188
|switch|p1a: Vivillon|Vivillon, L50, F|100/100
|switch|p2b: Rillaboom|Rillaboom, L50, F|100/100
|-fieldstart|move: Grassy Terrain|[from] ability: Grassy Surge|[of] p2b: Rillaboom
|move|p2a: Clefable|Protect|p2a: Clefable
|-singleturn|p2a: Clefable|Protect
|move|p1b: Kaladin|Earthquake|p2a: Clefable|[spread] p2b
|-activate|p2a: Clefable|move: Protect
|-immune|p1a: Vivillon
|-resisted|p2b: Rillaboom
|-damage|p2b: Rillaboom|88/100
|-damage|p1b: Kaladin|91/100|[from] item: Life Orb
|
|-heal|p1b: Kaladin|97/100|[from] Grassy Terrain
|-heal|p2b: Rillaboom|94/100|[from] Grassy Terrain
|-heal|p2a: Clefable|63/100|[from] Grassy Terrain
|upkeep
|turn|5
|inactive|fili53 has 30 seconds left.
|inactive|fili53 has 20 seconds left.
|inactive|fili53 has 15 seconds left.
|
|t:|1756939231
|move|p1b: Kaladin|Protect|p1b: Kaladin
|-singleturn|p1b: Kaladin|Protect
|move|p1a: Vivillon|Protect|p1a: Vivillon
|-singleturn|p1a: Vivillon|Protect
|move|p2b: Rillaboom|Fake Out|p1b: Kaladin
|-activate|p1b: Kaladin|move: Protect
|move|p2a: Clefable|Moonblast|p1a: Vivillon
|-activate|p1a: Vivillon|move: Protect
|
|-heal|p1b: Kaladin|100/100|[from] Grassy Terrain
|-heal|p2b: Rillaboom|99/100|[from] Grassy Terrain
|-heal|p2a: Clefable|69/100|[from] Grassy Terrain
|upkeep
|turn|6
|inactive|Blitzball Ace has 30 seconds left.
|inactive|Blitzball Ace has 20 seconds left.
|inactive|Blitzball Ace has 15 seconds left.
|inactive|Blitzball Ace has 10 seconds left.
|
|t:|1756939277
|move|p2a: Clefable|Protect|p2a: Clefable
|-singleturn|p2a: Clefable|Protect
|move|p1b: Kaladin|Stomping Tantrum|p2a: Clefable
|-activate|p2a: Clefable|move: Protect
|move|p1a: Vivillon|Hurricane|p2b: Rillaboom
|-supereffective|p2b: Rillaboom
|-damage|p2b: Rillaboom|47/100
|move|p2b: Rillaboom|Wood Hammer|p1b: Kaladin
|-damage|p1b: Kaladin|22/100
|-damage|p2b: Rillaboom|34/100|[from] ability: Rough Skin|[of] p1b: Kaladin
|-damage|p2b: Rillaboom|10/100|[from] Recoil
|
|-heal|p1b: Kaladin|28/100|[from] Grassy Terrain
|-heal|p2b: Rillaboom|16/100|[from] Grassy Terrain
|-heal|p2a: Clefable|75/100|[from] Grassy Terrain
|upkeep
|turn|7
|inactive|fili53 has 30 seconds left.
|
|t:|1756939311
|move|p1b: Kaladin|Protect|p1b: Kaladin
|-singleturn|p1b: Kaladin|Protect
|move|p2a: Clefable|Follow Me|p2a: Clefable
|-singleturn|p2a: Clefable|move: Follow Me
|move|p1a: Vivillon|Hurricane|p2a: Clefable
|-damage|p2a: Clefable|37/100
|move|p2b: Rillaboom|High Horsepower|p1b: Kaladin
|-activate|p1b: Kaladin|move: Protect
|
|-heal|p1b: Kaladin|34/100|[from] Grassy Terrain
|-heal|p2b: Rillaboom|22/100|[from] Grassy Terrain
|-heal|p2a: Clefable|43/100|[from] Grassy Terrain
|upkeep
|turn|8
|
|t:|1756939328
|switch|p1b: Gholdengo|Gholdengo, L50|34/100
|move|p2a: Clefable|Follow Me|p2a: Clefable
|-singleturn|p2a: Clefable|move: Follow Me
|move|p2b: Rillaboom|Grassy Glide|p1b: Gholdengo
|-resisted|p1b: Gholdengo
|-damage|p1b: Gholdengo|12/100
|move|p1a: Vivillon|Hurricane|p2a: Clefable
|-damage|p2a: Clefable|4/100
|
|-heal|p1b: Gholdengo|18/100|[from] Grassy Terrain
|-heal|p2b: Rillaboom|28/100|[from] Grassy Terrain
|-heal|p2a: Clefable|10/100|[from] Grassy Terrain
|-fieldend|move: Grassy Terrain
|upkeep
|turn|9
|
|t:|1756939346
|switch|p2b: Gholdengo|Gholdengo, L50|3/100
|move|p2a: Clefable|Protect|p2a: Clefable
|-singleturn|p2a: Clefable|Protect
|move|p1b: Gholdengo|Shadow Ball|p2b: Gholdengo
|-supereffective|p2b: Gholdengo
|-damage|p2b: Gholdengo|0 fnt
|faint|p2b: Gholdengo
|move|p1a: Vivillon|Hurricane|p2a: Clefable
|-activate|p2a: Clefable|move: Protect
|
|upkeep
|
|t:|1756939349
|switch|p2b: Rillaboom|Rillaboom, L50, F|28/100
|-fieldstart|move: Grassy Terrain|[from] ability: Grassy Surge|[of] p2b: Rillaboom
|turn|10
|
|t:|1756939370
|move|p2b: Rillaboom|Grassy Glide|p1b: Gholdengo
|-resisted|p1b: Gholdengo
|-damage|p1b: Gholdengo|0 fnt
|faint|p1b: Gholdengo
|move|p1a: Vivillon|Hurricane|p2b: Rillaboom
|-supereffective|p2b: Rillaboom
|-damage|p2b: Rillaboom|0 fnt
|faint|p2b: Rillaboom
|move|p2a: Clefable|Moonblast|p1a: Vivillon
|-damage|p1a: Vivillon|37/100
|
|-heal|p2a: Clefable|16/100|[from] Grassy Terrain
|upkeep
|
|t:|1756939372
|switch|p1b: Kaladin|Garchomp, L50, F, shiny|34/100
|turn|11
|
|t:|1756939384
|move|p1b: Kaladin|Stomping Tantrum|p2a: Clefable
|-supereffective|p2a: Clefable
|-damage|p2a: Clefable|0 fnt
|faint|p2a: Clefable
|-damage|p1b: Kaladin|24/100|[from] item: Life Orb
|
|win|Blitzball Ace
|raw|Blitzball Ace's rating: 1268 → 1285(+17 for winning)
|raw|fili53's rating: 1154 → 1137(-17 for losing)
