|j|☆KodeBeast0526
|j|☆fili53
|html|KodeBeast0526fili53    
|uhtml|bestof|Game 3 of a best-of-3
|t:|1785354990
|gametype|doubles
|player|p1|KodeBeast0526|hiker|1333
|player|p2|fili53|170|1377
|gen|9
|tier|[Gen 9 Champions] VGC 2026 Reg M-B (Bo3)
|rated|
|rule|Species Clause: Limit one of each Pokémon
|rule|Item Clause: Limit 1 of each item
|clearpoke
|poke|p1|Aerodactyl, L50, M|
|poke|p1|Kingambit, L50, M|
|poke|p1|Sylveon, L50, M|
|poke|p1|Garchomp, L50, M|
|poke|p1|Charizard, L50, M|
|poke|p1|Farigiraf, L50, M, shiny|
|poke|p2|Staraptor, L50, M|
|poke|p2|Garchomp, L50, M|
|poke|p2|Whimsicott, L50, M|
|poke|p2|Delphox, L50, M|
|poke|p2|Glimmora, L50, M|
|poke|p2|Kingambit, L50, M|
|teampreview|4
|showteam|p1|Aerodactyl||Aerodactylite|Unnerve|RockSlide,IceFang,Tailwind,WideGuard|Jolly||M|||50|]Kingambit||FocusSash|Defiant|KowtowCleave,SuckerPunch,IronHead,LowKick|Adamant||M|||50|]Sylveon||FairyFeather|Pixilate|Detect,HyperVoice,HyperBeam,QuickAttack|Modest||M|||50|]Garchomp||LifeOrb|RoughSkin|Earthquake,DragonClaw,StompingTantrum,Protect|Jolly||M|||50|]Charizard||CharizarditeY|Blaze|Protect,HeatWave,SolarBeam,WeatherBall|Modest||M|||50|]Farigiraf||SitrusBerry|ArmorTail|Thunderbolt,PsychicNoise,TrickRoom,HelpingHand|Bold||M|||50|
|showteam|p2|Staraptor||Staraptite|Intimidate|Protect,Roost,CloseCombat,BraveBird|Jolly||M|||50|]Garchomp||LifeOrb|RoughSkin|Protect,RockSlide,Earthquake,DragonClaw|Jolly||M|||50|]Whimsicott||OccaBerry|Prankster|Moonblast,Tailwind,Charm,LightScreen|Timid||M|||50|]Delphox||Delphoxite|Magician|Protect,Psyshock,HeatWave,Substitute|Timid||M|||50|]Glimmora||FocusSash|ToxicDebris|SpikyShield,SludgeBomb,EarthPower,PowerGem|Timid||M|||50|]Kingambit||ChopleBerry|Defiant|SuckerPunch,LowKick,IronHead,KowtowCleave|Adamant||M|||50|
|j| CHildofApollo
|c|☆fili53|vieni su ds?
|l| CHildofApollo
|inactive|Battle timer is ON: inactive players will automatically lose when time's up. (requested by KodeBeast0526)
|
|t:|1785355044
|teamsize|p1|4
|teamsize|p2|4
|start
|switch|p1a: Aerodactyl|Aerodactyl, L50, M|100/100
|switch|p1b: Garchomp|Garchomp, L50, M|100/100
|switch|p2a: Whimsicott|Whimsicott, L50, M|100/100
|switch|p2b: Glimmora|Glimmora, L50, M|100/100
|-ability|p1a: Aerodactyl|Unnerve
|turn|1
|
|t:|1785355056
|detailschange|p1a: Aerodactyl|Aerodactyl-Mega, L50, M
|-mega|p1a: Aerodactyl|Aerodactyl|Aerodactylite
|move|p2a: Whimsicott|Tailwind|p2a: Whimsicott
|-sidestart|p2: fili53|move: Tailwind
|move|p2b: Glimmora|Power Gem|p1a: Aerodactyl
|-supereffective|p1a: Aerodactyl|1
|-damage|p1a: Aerodactyl|18/100
|move|p1a: Aerodactyl|Tailwind|p1a: Aerodactyl
|-sidestart|p1: KodeBeast0526|move: Tailwind
|move|p1b: Garchomp|Earthquake|p2a: Whimsicott|[spread] p2a,p2b
|-immune|p1a: Aerodactyl
|-resisted|p2a: Whimsicott|1
|-supereffective|p2b: Glimmora|2
|-damage|p2a: Whimsicott|69/100
|-enditem|p2b: Glimmora|Focus Sash
|-damage|p2b: Glimmora|1/100
|-activate|p2b: Glimmora|ability: Toxic Debris
|-sidestart|p1: KodeBeast0526|move: Toxic Spikes
|-damage|p1b: Garchomp|90/100|[from] item: Life Orb
|
|upkeep
|turn|2
|inactive|fili53 has 30 seconds left.
|inactive|fili53 has 20 seconds left.
|inactive|KodeBeast0526 has 30 seconds left.
|
|t:|1785355100
|move|p2b: Glimmora|Spiky Shield|p2b: Glimmora
|-singleturn|p2b: Glimmora|move: Protect
|move|p2a: Whimsicott|Charm|p1a: Aerodactyl
|-unboost|p1a: Aerodactyl|atk|2
|move|p1a: Aerodactyl|Ice Fang|p2a: Whimsicott
|-supereffective|p2a: Whimsicott|1
|-damage|p2a: Whimsicott|33/100
|move|p1b: Garchomp|Earthquake|p2b: Glimmora|[spread] p2a
|-activate|p2b: Glimmora|move: Protect
|-immune|p1a: Aerodactyl
|-resisted|p2a: Whimsicott|1
|-damage|p2a: Whimsicott|3/100
|-damage|p1b: Garchomp|80/100|[from] item: Life Orb
|
|upkeep
|turn|3
|
|t:|1785355115
|switch|p1a: Farigiraf|Farigiraf, L50, M, shiny|100/100
|-status|p1a: Farigiraf|psn
|move|p2a: Whimsicott|Charm||[still]
|cant|p1a: Farigiraf|ability: Armor Tail|Charm|[of] p2a: Whimsicott
|move|p1b: Garchomp|Earthquake|p2a: Whimsicott|[spread] p1a,p2a,p2b
|-resisted|p2a: Whimsicott|1
|-supereffective|p2b: Glimmora|2
|-damage|p1a: Farigiraf|57/100 psn
|-damage|p2a: Whimsicott|0 fnt
|-damage|p2b: Glimmora|0 fnt
|-activate|p2b: Glimmora|ability: Toxic Debris
|-sidestart|p1: KodeBeast0526|move: Toxic Spikes
|faint|p2a: Whimsicott
|faint|p2b: Glimmora
|-damage|p1b: Garchomp|70/100|[from] item: Life Orb
|
|-damage|p1a: Farigiraf|44/100 psn|[from] psn
|upkeep
|-enditem|p1a: Farigiraf|Sitrus Berry|[eat]
|-heal|p1a: Farigiraf|69/100 psn|[from] item: Sitrus Berry
|
|t:|1785355123
|switch|p2a: Delphox|Delphox, L50, M|100/100
|switch|p2b: Garchomp|Garchomp, L50, M|100/100
|turn|4
|
|t:|1785355139
|detailschange|p2a: Delphox|Delphox-Mega, L50, M
|-mega|p2a: Delphox|Delphox|Delphoxite
|move|p2a: Delphox|Substitute|p2a: Delphox
|-start|p2a: Delphox|Substitute
|-damage|p2a: Delphox|75/100
|move|p1b: Garchomp|Dragon Claw|p2b: Garchomp
|-supereffective|p2b: Garchomp|1
|-crit|p2b: Garchomp
|-damage|p2b: Garchomp|0 fnt
|-damage|p1b: Garchomp|58/100|[from] ability: Rough Skin|[of] p2b: Garchomp
|faint|p2b: Garchomp
|-damage|p1b: Garchomp|48/100|[from] item: Life Orb
|move|p1a: Farigiraf|Thunderbolt|p2a: Delphox
|-activate|p2a: Delphox|move: Substitute|[damage]
|
|-damage|p1a: Farigiraf|57/100 psn|[from] psn
|-sideend|p1: KodeBeast0526|move: Tailwind
|-sideend|p2: fili53|move: Tailwind
|upkeep
|turn|5
|
|t:|1785355150
|move|p2a: Delphox|Psyshock|p1b: Garchomp
|-damage|p1b: Garchomp|2/100
|move|p1b: Garchomp|Dragon Claw|p2a: Delphox
|-end|p2a: Delphox|Substitute
|-damage|p1b: Garchomp|0 fnt|[from] item: Life Orb
|faint|p1b: Garchomp
|move|p1a: Farigiraf|Psychic Noise|p2a: Delphox
|-resisted|p2a: Delphox|1
|-damage|p2a: Delphox|63/100
|-start|p2a: Delphox|move: Heal Block
|
|-damage|p1a: Farigiraf|45/100 psn|[from] psn
|upkeep
|
|t:|1785355153
|switch|p1b: Kingambit|Kingambit, L50, M|100/100
|turn|6
|
|t:|1785355156
|move|p2a: Delphox|Heat Wave|p1b: Kingambit|[spread] p1a,p1b
|-supereffective|p1b: Kingambit|1
|-damage|p1a: Farigiraf|7/100 psn
|-damage|p1b: Kingambit|10/100
|move|p1b: Kingambit|Kowtow Cleave|p2a: Delphox
|-supereffective|p2a: Delphox|1
|-damage|p2a: Delphox|0 fnt
|faint|p2a: Delphox
|
|win|KodeBeast0526
|raw|KodeBeast0526's rating: 1333 → 1356(+23 for winning)
|raw|fili53's rating: 1377 → 1354(-23 for losing)
