|j|☆Los Ramirez
|j|☆gianlucone
|html|Los Ramirezgianlucone    
|uhtml|bestof|Game 1 of a best-of-3
|t:|1783011694
|gametype|doubles
|player|p1|Los Ramirez|will|1278
|player|p2|gianlucone|170|1197
|gen|9
|tier|[Gen 9 Champions] VGC 2026 Reg M-B (Bo3)
|rated|
|rule|Species Clause: Limit one of each Pokémon
|rule|Item Clause: Limit 1 of each item
|clearpoke
|poke|p1|Floette-Eternal, L50, F|
|poke|p1|Incineroar, L50, M|
|poke|p1|Sinistcha, L50|
|poke|p1|Ditto, L50|
|poke|p1|Blaziken, L50, F|
|poke|p1|Sneasler, L50, F|
|poke|p2|Staraptor, L50, F|
|poke|p2|Grimmsnarl, L50, M|
|poke|p2|Incineroar, L50, M|
|poke|p2|Sinistcha, L50|
|poke|p2|Excadrill, L50, F|
|poke|p2|Primarina, L50, F|
|teampreview|4
|showteam|p1|Floette-Eternal||Floettite|FlowerVeil|Protect,DazzlingGleam,CalmMind,DrainingKiss|Modest||F|||50|]Incineroar||PasshoBerry|Intimidate|FakeOut,FlareBlitz,PartingShot,ThroatChop|Impish||M|||50|]Sinistcha||KasibBerry|Hospitality|LifeDew,MatchaGotcha,RagePowder,TrickRoom|Calm|||||50|]Ditto||FocusSash|Imposter|Transform|Timid|||||50|]Blaziken||Blazikenite|SpeedBoost|Protect,FlareBlitz,CloseCombat,SwordsDance|Adamant||F|||50|]Sneasler||WhiteHerb|Unburden|Protect,CloseCombat,DireClaw,FakeOut|Jolly||F|||50|
|showteam|p2|Staraptor||Staraptite|Intimidate|CloseCombat,BraveBird,Roost,Protect|Jolly||F|||50|]Grimmsnarl||LightClay|Prankster|Reflect,LightScreen,PartingShot,SpiritBreak|Impish||M|||50|]Incineroar||SitrusBerry|Intimidate|FakeOut,PartingShot,DarkestLariat,FlareBlitz|Impish||M|||50|]Sinistcha||ColburBerry|Hospitality|MatchaGotcha,RagePowder,TrickRoom,ShadowBall|Calm|||||50|]Excadrill||Excadrite|SandRush|HighHorsepower,IronHead,RockSlide,Protect|Adamant||F|||50|]Primarina||LifeOrb|LiquidVoice|HyperVoice,Moonblast,IceBeam,Protect|Modest||F|||50|
|inactive|Battle timer is ON: inactive players will automatically lose when time's up. (requested by Los Ramirez)
|inactive|gianlucone also wants the timer to be on.
|inactive|gianlucone has 60 seconds left.
|inactive|gianlucone has 30 seconds left.
|inactive|gianlucone has 20 seconds left.
|
|t:|1783011768
|teamsize|p1|4
|teamsize|p2|4
|start
|switch|p1a: Incineroar|Incineroar, L50, M|100/100
|switch|p1b: Floette|Floette-Eternal, L50, F|100/100
|switch|p2a: Grimmsnarl|Grimmsnarl, L50, M|100/100
|switch|p2b: Primarina|Primarina, L50, F|100/100
|-ability|p1a: Incineroar|Intimidate|boost
|-unboost|p2a: Grimmsnarl|atk|1
|-unboost|p2b: Primarina|atk|1
|turn|1
|
|t:|1783011776
|move|p2a: Grimmsnarl|Light Screen|p2a: Grimmsnarl
|-sidestart|p2: gianlucone|move: Light Screen
|move|p1b: Floette|Calm Mind|p1b: Floette
|-boost|p1b: Floette|spa|1
|-boost|p1b: Floette|spd|1
|move|p1a: Incineroar|Parting Shot|p2b: Primarina
|-unboost|p2b: Primarina|atk|1
|-unboost|p2b: Primarina|spa|1
|
|t:|1783011781
|switch|p1a: Sinistcha|Sinistcha, L50|100/100|[from] Parting Shot
|move|p2b: Primarina|Hyper Voice|p1a: Sinistcha|[spread] p1a,p1b
|-resisted|p1a: Sinistcha|1
|-damage|p1a: Sinistcha|86/100
|-damage|p1b: Floette|82/100
|-damage|p2b: Primarina|90/100|[from] item: Life Orb
|
|upkeep
|turn|2
|
|t:|1783011806
|move|p1a: Sinistcha|Rage Powder|p1a: Sinistcha
|-singleturn|p1a: Sinistcha|move: Rage Powder
|move|p2a: Grimmsnarl|Parting Shot|p1a: Sinistcha
|-block|p1a: Sinistcha|ability: Flower Veil|[of] p1b: Floette
|move|p1b: Floette|Calm Mind|p1b: Floette
|-boost|p1b: Floette|spa|1
|-boost|p1b: Floette|spd|1
|move|p2b: Primarina|Moonblast|p1a: Sinistcha
|-damage|p1a: Sinistcha|49/100
|-damage|p2b: Primarina|80/100|[from] item: Life Orb
|
|upkeep
|turn|3
|inactive|gianlucone has 30 seconds left.
|
|t:|1783011832
|detailschange|p1b: Floette|Floette-Mega, L50, F
|-mega|p1b: Floette|Floette|Floettite
|-ability|p1b: Floette|Fairy Aura
|move|p2a: Grimmsnarl|Parting Shot|p1b: Floette
|-unboost|p1b: Floette|atk|1
|-unboost|p1b: Floette|spa|1
|
|t:|1783011840
|switch|p2a: Incineroar|Incineroar, L50, M|100/100|[from] Parting Shot
|-ability|p2a: Incineroar|Intimidate|boost
|-unboost|p1a: Sinistcha|atk|1
|-unboost|p1b: Floette|atk|1
|move|p1b: Floette|Dazzling Gleam|p2b: Primarina|[spread] p2a,p2b
|-crit|p2b: Primarina
|-damage|p2a: Incineroar|64/100
|-damage|p2b: Primarina|2/100
|move|p1a: Sinistcha|Matcha Gotcha|p2b: Primarina|[spread] p2a,p2b
|-resisted|p2a: Incineroar|1
|-supereffective|p2b: Primarina|1
|-damage|p2a: Incineroar|58/100
|-heal|p1a: Sinistcha|53/100|[from] drain|[of] p2a: Incineroar
|-damage|p2b: Primarina|0 fnt
|-heal|p1a: Sinistcha|54/100|[from] drain|[of] p2b: Primarina
|faint|p2b: Primarina
|
|upkeep
|
|t:|1783011859
|switch|p2b: Excadrill|Excadrill, L50, F|100/100
|turn|4
|
|t:|1783011867
|switch|p1a: Incineroar|Incineroar, L50, M|100/100
|-ability|p1a: Incineroar|Intimidate|boost
|-unboost|p2a: Incineroar|atk|1
|-unboost|p2b: Excadrill|atk|1
|detailschange|p2b: Excadrill|Excadrill-Mega, L50, F
|-mega|p2b: Excadrill|Excadrill|Excadrite
|move|p1b: Floette|Protect|p1b: Floette
|-singleturn|p1b: Floette|Protect
|move|p2b: Excadrill|Iron Head|p1b: Floette
|-supereffective|p1b: Floette|1
|-ability|p2b: Excadrill|Piercing Drill
|-zbroken|p1b: Floette
|-damage|p1b: Floette|64/100
|move|p2a: Incineroar|Darkest Lariat|p1a: Incineroar
|-resisted|p1a: Incineroar|1
|-crit|p1a: Incineroar
|-damage|p1a: Incineroar|80/100
|
|upkeep
|turn|5
|
|t:|1783011883
|move|p2b: Excadrill|Protect|p2b: Excadrill
|-singleturn|p2b: Excadrill|Protect
|move|p1a: Incineroar|Fake Out|p2b: Excadrill
|-activate|p2b: Excadrill|move: Protect
|move|p1b: Floette|Draining Kiss|p2a: Incineroar
|-damage|p2a: Incineroar|25/100
|-heal|p1b: Floette|92/100|[from] drain|[of] p2a: Incineroar
|-enditem|p2a: Incineroar|Sitrus Berry|[eat]
|-heal|p2a: Incineroar|50/100g|[from] item: Sitrus Berry
|move|p2a: Incineroar|Parting Shot|p1b: Floette
|-unboost|p1b: Floette|atk|1
|-unboost|p1b: Floette|spa|1
|
|t:|1783011895
|switch|p2a: Grimmsnarl|Grimmsnarl, L50, M|100/100|[from] Parting Shot
|
|upkeep
|turn|6
|
|t:|1783011903
|switch|p2b: Incineroar|Incineroar, L50, M|50/100g
|-ability|p2b: Incineroar|Intimidate|boost
|-unboost|p1a: Incineroar|atk|1
|-unboost|p1b: Floette|atk|1
|move|p1b: Floette|Protect|p1b: Floette
|-singleturn|p1b: Floette|Protect
|move|p1a: Incineroar|Parting Shot|p2b: Incineroar
|-unboost|p2b: Incineroar|atk|1
|-unboost|p2b: Incineroar|spa|1
|
|t:|1783011906
|switch|p1a: Ditto|Ditto, L50|100/100|[from] Parting Shot
|-transform|p1a: Ditto|p2b: Incineroar|[from] ability: Imposter
|-ability|p1a: Ditto|Intimidate|boost
|-unboost|p2a: Grimmsnarl|atk|1
|-unboost|p2b: Incineroar|atk|1
|move|p2a: Grimmsnarl|Spirit Break|p1a: Ditto
|-damage|p1a: Ditto|74/100
|-unboost|p1a: Ditto|spa|1
|
|upkeep
|turn|7
|
|t:|1783011923
|switch|p2a: Excadrill|Excadrill-Mega, L50, F|100/100
|move|p1a: Ditto|Fake Out|p2a: Excadrill
|-resisted|p2a: Excadrill|1
|-damage|p2a: Excadrill|96/100
|move|p1b: Floette|Calm Mind|p1b: Floette
|-boost|p1b: Floette|spa|1
|-boost|p1b: Floette|spd|1
|move|p2b: Incineroar|Parting Shot|p1b: Floette
|-unboost|p1b: Floette|atk|1
|-unboost|p1b: Floette|spa|1
|
|t:|1783011933
|switch|p2b: Grimmsnarl|Grimmsnarl, L50, M|100/100|[from] Parting Shot
|
|upkeep
|turn|8
|
|t:|1783011941
|switch|p1a: Incineroar|Incineroar, L50, M|80/100
|-ability|p1a: Incineroar|Intimidate|boost
|-unboost|p2a: Excadrill|atk|1
|-unboost|p2b: Grimmsnarl|atk|1
|move|p1b: Floette|Dazzling Gleam|p2b: Grimmsnarl|[spread] p2a,p2b
|-resisted|p2a: Excadrill|1
|-supereffective|p2b: Grimmsnarl|1
|-damage|p2a: Excadrill|82/100
|-damage|p2b: Grimmsnarl|48/100
|move|p2a: Excadrill|High Horsepower|p1a: Incineroar
|-supereffective|p1a: Incineroar|1
|-damage|p1a: Incineroar|14/100
|move|p2b: Grimmsnarl|Spirit Break|p1b: Floette
|-damage|p1b: Floette|65/100
|-unboost|p1b: Floette|spa|1
|
|-sideend|p2: gianlucone|move: Light Screen
|upkeep
|turn|9
|
|t:|1783011963
|switch|p1a: Sinistcha|Sinistcha, L50|54/100
|-heal|p1b: Floette|90/100|[from] ability: Hospitality|[of] p1a: Sinistcha
|move|p2b: Grimmsnarl|Light Screen|p2b: Grimmsnarl
|-sidestart|p2: gianlucone|move: Light Screen
|move|p1b: Floette|Dazzling Gleam|p2b: Grimmsnarl|[spread] p2a,p2b
|-resisted|p2a: Excadrill|1
|-supereffective|p2b: Grimmsnarl|1
|-crit|p2b: Grimmsnarl
|-damage|p2a: Excadrill|73/100
|-damage|p2b: Grimmsnarl|0 fnt
|faint|p2b: Grimmsnarl
|move|p2a: Excadrill|Iron Head|p1b: Floette
|-supereffective|p1b: Floette|1
|-damage|p1b: Floette|22/100
|
|upkeep
|
|t:|1783011976
|switch|p2b: Incineroar|Incineroar, L50, M|50/100g
|-ability|p2b: Incineroar|Intimidate|boost
|-unboost|p1a: Sinistcha|atk|1
|-unboost|p1b: Floette|atk|1
|turn|10
|
|t:|1783011983
|switch|p1a: Incineroar|Incineroar, L50, M|14/100
|-ability|p1a: Incineroar|Intimidate|boost
|-unboost|p2a: Excadrill|atk|1
|-unboost|p2b: Incineroar|atk|1
|move|p1b: Floette|Protect|p1b: Floette
|-singleturn|p1b: Floette|Protect
|move|p2a: Excadrill|Iron Head|p1b: Floette
|-supereffective|p1b: Floette|1
|-ability|p2a: Excadrill|Piercing Drill
|-zbroken|p1b: Floette
|-damage|p1b: Floette|10/100
|move|p2b: Incineroar|Darkest Lariat|p1a: Incineroar
|-resisted|p1a: Incineroar|1
|-damage|p1a: Incineroar|6/100
|
|upkeep
|turn|11
|
|t:|1783012002
|move|p1b: Floette|Dazzling Gleam|p2a: Excadrill|[spread] p2a,p2b
|-resisted|p2a: Excadrill|1
|-damage|p2a: Excadrill|64/100
|-damage|p2b: Incineroar|33/100
|move|p2a: Excadrill|Iron Head|p1b: Floette
|-supereffective|p1b: Floette|1
|-damage|p1b: Floette|0 fnt
|faint|p1b: Floette
|move|p1a: Incineroar|Parting Shot|p2b: Incineroar
|-unboost|p2b: Incineroar|atk|1
|-unboost|p2b: Incineroar|spa|1
|
|t:|1783012008
|switch|p1a: Ditto|Ditto, L50|74/100|[from] Parting Shot
|-transform|p1a: Ditto|p2b: Incineroar|[from] ability: Imposter
|-ability|p1a: Ditto|Intimidate|boost
|-unboost|p2a: Excadrill|atk|1
|-unboost|p2b: Incineroar|atk|1
|move|p2b: Incineroar|Darkest Lariat|p1a: Ditto
|-resisted|p1a: Ditto|1
|-damage|p1a: Ditto|67/100
|
|upkeep
|
|t:|1783012016
|switch|p1b: Incineroar|Incineroar, L50, M|6/100
|-ability|p1b: Incineroar|Intimidate|boost
|-unboost|p2a: Excadrill|atk|1
|-unboost|p2b: Incineroar|atk|1
|turn|12
|
|t:|1783012021
|switch|p1a: Sinistcha|Sinistcha, L50|54/100
|-heal|p1b: Incineroar|31/100|[from] ability: Hospitality|[of] p1a: Sinistcha
|move|p2a: Excadrill|Protect|p2a: Excadrill
|-singleturn|p2a: Excadrill|Protect
|move|p1b: Incineroar|Fake Out|p2a: Excadrill
|-activate|p2a: Excadrill|move: Protect
|move|p2b: Incineroar|Flare Blitz|p1b: Incineroar
|-resisted|p1b: Incineroar|1
|-crit|p1b: Incineroar
|-damage|p1b: Incineroar|4/100
|-damage|p2b: Incineroar|24/100|[from] Recoil
|
|upkeep
|turn|13
|inactive|Los Ramirez has 30 seconds left.
|
|t:|1783012047
|move|p1a: Sinistcha|Rage Powder|p1a: Sinistcha
|-singleturn|p1a: Sinistcha|move: Rage Powder
|move|p2a: Excadrill|Rock Slide|p1b: Incineroar|[spread] p1a,p1b
|-supereffective|p1b: Incineroar|1
|-damage|p1a: Sinistcha|47/100
|-damage|p1b: Incineroar|0 fnt
|faint|p1b: Incineroar
|move|p2b: Incineroar|Flare Blitz|p1a: Sinistcha
|-supereffective|p1a: Sinistcha|1
|-damage|p1a: Sinistcha|19/100
|-damage|p2b: Incineroar|16/100|[from] Recoil
|
|upkeep
|
|t:|1783012051
|switch|p1b: Ditto|Ditto, L50|67/100
|-transform|p1b: Ditto|p2a: Excadrill|[from] ability: Imposter
|turn|14
|
|t:|1783012069
|move|p2a: Excadrill|Iron Head|p1a: Sinistcha
|-damage|p1a: Sinistcha|5/100
|move|p1b: Ditto|High Horsepower|p2b: Incineroar
|-supereffective|p2b: Incineroar|1
|-damage|p2b: Incineroar|0 fnt
|faint|p2b: Incineroar
|move|p1a: Sinistcha|Matcha Gotcha|p2a: Excadrill
|-damage|p2a: Excadrill|43/100
|-heal|p1a: Sinistcha|18/100|[from] drain|[of] p2a: Excadrill
|
|upkeep
|turn|15
|
|t:|1783012081
|move|p1b: Ditto|High Horsepower|p2a: Excadrill
|-supereffective|p2a: Excadrill|1
|-damage|p2a: Excadrill|8/100
|move|p2a: Excadrill|High Horsepower|p1b: Ditto
|-supereffective|p1b: Ditto|1
|-damage|p1b: Ditto|17/100
|move|p1a: Sinistcha|Life Dew|p1a: Sinistcha|[spread] p1a,p1b
|-heal|p1a: Sinistcha|43/100
|-heal|p1b: Ditto|42/100
|
|upkeep
|turn|16
|
|t:|1783012092
|move|p2a: Excadrill|High Horsepower|p1b: Ditto
|-supereffective|p1b: Ditto|1
|-damage|p1b: Ditto|0 fnt
|faint|p1b: Ditto
|move|p1a: Sinistcha|Matcha Gotcha|p2a: Excadrill|[miss]
|-miss|p1a: Sinistcha|p2a: Excadrill
|
|-sideend|p2: gianlucone|move: Light Screen
|upkeep
|turn|17
|
|t:|1783012098
|move|p2a: Excadrill|Rock Slide|p1a: Sinistcha|[miss]
|-miss|p2a: Excadrill|p1a: Sinistcha
|move|p1a: Sinistcha|Matcha Gotcha|p2a: Excadrill
|-damage|p2a: Excadrill|0 fnt
|-heal|p1a: Sinistcha|48/100|[from] drain|[of] p2a: Excadrill
|faint|p2a: Excadrill
|
|win|Los Ramirez
||gianlucone is ready for game 2.
