|j|☆Rosarino
|j|☆bestboi8989
|html|Rosarinobestboi8989    
|uhtml|bestof|Game 2 of a best-of-3
|t:|1757839372
|gametype|doubles
|player|p1|Rosarino|drayden|1086
|player|p2|bestboi8989|169|1078
|gen|9
|tier|[Gen 9] VGC 2025 Reg H (Bo3)
|rated|
|rule|Species Clause: Limit one of each Pokémon
|rule|Item Clause: Limit 1 of each item
|clearpoke
|poke|p1|Sneasler, L50, F|
|poke|p1|Gholdengo, L50|
|poke|p1|Indeedee-F, L50, F|
|poke|p1|Amoonguss, L50, F|
|poke|p1|Dragonite, L50, M|
|poke|p1|Pelipper, L50, F|
|poke|p2|Tyranitar, L50, M|
|poke|p2|Excadrill, L50, M|
|poke|p2|Amoonguss, L50, M|
|poke|p2|Salamence, L50, M|
|poke|p2|Rotom-Heat, L50|
|poke|p2|Primarina, L50, F|
|teampreview|4
|showteam|p1|Sneasler||PsychicSeed|Unburden|ThroatChop,Protect,DireClaw,CloseCombat|||F|||50|,,,,,Dark]Gholdengo||WhiteHerb|GoodasGold|MakeItRain,Protect,NastyPlot,ShadowBall||||||50|,,,,,Water]Indeedee-F||SitrusBerry|PsychicSurge|TrickRoom,Psychic,Protect,FollowMe|||F|||50|,,,,,Fairy]Amoonguss||RockyHelmet|Regenerator|Spore,RagePowder,Protect,EnergyBall|||F|||50|,,,,,Fire]Dragonite||LoadedDice|InnerFocus|ExtremeSpeed,Protect,Haze,ScaleShot|||M|||50|,,,,,Normal]Pelipper||CovertCloak|Drizzle|Tailwind,Protect,WeatherBall,Hurricane|||F|||50|,,,,,Dragon
|showteam|p2|Tyranitar||AssaultVest|SandStream|RockSlide,KnockOff,TeraBlast,LowKick|||M|||50|,,,,,Flying]Excadrill||ClearAmulet|SandRush|Earthquake,IronHead,RockSlide,Protect|||M|||50|,,,,,Ground]Amoonguss||SitrusBerry|Regenerator|RagePowder,PollenPuff,Spore,Protect|||M|||50|,,,,,Water]Salamence||LifeOrb|Intimidate|AirSlash,DracoMeteor,Tailwind,Protect|||M|||50|,,,,,Poison]Rotom-Heat||SafetyGoggles|Levitate|Overheat,Thunderbolt,WillOWisp,Protect||||||50|,,,,,Electric]Primarina||ThroatSpray|LiquidVoice|Moonblast,HyperVoice,Haze,Protect|||F|||50|,,,,,Grass
|
|t:|1757839403
|teamsize|p1|4
|teamsize|p2|4
|start
|switch|p1a: Pelipper|Pelipper, L50, F|100/100
|switch|p1b: Gholdengo|Gholdengo, L50|100/100
|switch|p2a: Tyranitar|Tyranitar, L50, M|100/100
|switch|p2b: Salamence|Salamence, L50, M|100/100
|-ability|p2b: Salamence|Intimidate|boost
|-unboost|p1a: Pelipper|atk|1
|-unboost|p1b: Gholdengo|atk|1
|-weather|Sandstorm|[from] ability: Sand Stream|[of] p2a: Tyranitar
|-weather|RainDance|[from] ability: Drizzle|[of] p1a: Pelipper
|-enditem|p1b: Gholdengo|White Herb
|-clearnegativeboost|p1b: Gholdengo|[silent]
|turn|1
|
|t:|1757839431
|switch|p2a: Amoonguss|Amoonguss, L50, M|100/100
|-terastallize|p1b: Gholdengo|Water
|move|p2b: Salamence|Tailwind|p2b: Salamence
|-sidestart|p2: bestboi8989|move: Tailwind
|move|p1b: Gholdengo|Make It Rain|p2b: Salamence|[spread] p2a,p2b
|-damage|p2a: Amoonguss|58/100
|-damage|p2b: Salamence|35/100
|-unboost|p1b: Gholdengo|spa|1
|move|p1a: Pelipper|Weather Ball|p2a: Amoonguss
|-resisted|p2a: Amoonguss
|-damage|p2a: Amoonguss|26/100
|-enditem|p2a: Amoonguss|Sitrus Berry|[eat]
|-heal|p2a: Amoonguss|51/100|[from] item: Sitrus Berry
|
|-weather|RainDance|[upkeep]
|upkeep
|turn|2
|
|t:|1757839461
|switch|p1b: Sneasler|Sneasler, L50, F|100/100
|switch|p2a: Tyranitar|Tyranitar, L50, M|100/100
|-weather|Sandstorm|[from] ability: Sand Stream|[of] p2a: Tyranitar
|move|p2b: Salamence|Draco Meteor|p1b: Sneasler
|-damage|p1b: Sneasler|0 fnt
|-unboost|p2b: Salamence|spa|2
|faint|p1b: Sneasler
|-damage|p2b: Salamence|25/100|[from] item: Life Orb
|move|p1a: Pelipper|Hurricane|p2a: Tyranitar
|-resisted|p2a: Tyranitar
|-damage|p2a: Tyranitar|90/100
|
|-weather|Sandstorm|[upkeep]
|-damage|p2b: Salamence|19/100|[from] Sandstorm
|-damage|p1a: Pelipper|95/100|[from] Sandstorm
|upkeep
|
|t:|1757839469
|switch|p1b: Dragonite|Dragonite, L50, M|100/100
|turn|3
|
|t:|1757839493
|switch|p2a: Amoonguss|Amoonguss, L50, M|85/100
|switch|p1a: Gholdengo|Gholdengo, L50, tera:Water|100/100
|move|p2b: Salamence|Protect|p2b: Salamence
|-singleturn|p2b: Salamence|Protect
|move|p1b: Dragonite|Protect||[still]
|-fail|p1b: Dragonite
|
|-weather|Sandstorm|[upkeep]
|-damage|p2b: Salamence|13/100|[from] Sandstorm
|-damage|p1a: Gholdengo|94/100|[from] Sandstorm
|-damage|p1b: Dragonite|94/100|[from] Sandstorm
|-damage|p2a: Amoonguss|79/100|[from] Sandstorm
|upkeep
|turn|4
|
|t:|1757839514
|switch|p2b: Excadrill|Excadrill, L50, M|100/100
|move|p1a: Gholdengo|Make It Rain|p2a: Amoonguss|[spread] p2a,p2b
|-resisted|p2b: Excadrill
|-damage|p2a: Amoonguss|36/100
|-damage|p2b: Excadrill|72/100
|-unboost|p1a: Gholdengo|spa|1
|move|p1b: Dragonite|Scale Shot|p2a: Amoonguss
|-damage|p2a: Amoonguss|25/100
|-crit|p2a: Amoonguss
|-damage|p2a: Amoonguss|6/100
|-damage|p2a: Amoonguss|0 fnt
|faint|p2a: Amoonguss
|-hitcount|p2: Amoonguss|3
|-unboost|p1b: Dragonite|def|1
|-boost|p1b: Dragonite|spe|1
|
|-weather|Sandstorm|[upkeep]
|-damage|p1b: Dragonite|88/100|[from] Sandstorm
|-damage|p1a: Gholdengo|88/100|[from] Sandstorm
|-sideend|p2: bestboi8989|move: Tailwind
|upkeep
|
|t:|1757839535
|switch|p2a: Salamence|Salamence, L50, M|13/100
|-ability|p2a: Salamence|Intimidate|boost
|-unboost|p1a: Gholdengo|atk|1
|-fail|p1b: Dragonite|unboost|Attack|[from] ability: Inner Focus|[of] p1b: Dragonite
|turn|5
|
|t:|1757839550
|switch|p1a: Pelipper|Pelipper, L50, F|95/100
|-weather|RainDance|[from] ability: Drizzle|[of] p1a: Pelipper
|move|p1b: Dragonite|Protect|p1b: Dragonite
|-singleturn|p1b: Dragonite|Protect
|move|p2a: Salamence|Protect|p2a: Salamence
|-singleturn|p2a: Salamence|Protect
|move|p2b: Excadrill|Rock Slide|p1a: Pelipper|[spread] p1a
|-activate|p1b: Dragonite|move: Protect
|-supereffective|p1a: Pelipper
|-damage|p1a: Pelipper|44/100
|
|-weather|RainDance|[upkeep]
|upkeep
|turn|6
|
|t:|1757839575
|switch|p2a: Tyranitar|Tyranitar, L50, M|90/100
|-weather|Sandstorm|[from] ability: Sand Stream|[of] p2a: Tyranitar
|switch|p1a: Gholdengo|Gholdengo, L50, tera:Water|88/100
|move|p2b: Excadrill|Rock Slide|p1a: Gholdengo|[spread] p1a,p1b
|-supereffective|p1b: Dragonite
|-damage|p1a: Gholdengo|63/100
|-damage|p1b: Dragonite|15/100
|move|p1b: Dragonite|Scale Shot|p2a: Tyranitar
|-damage|p2a: Tyranitar|78/100
|-damage|p2a: Tyranitar|66/100
|-damage|p2a: Tyranitar|53/100
|-damage|p2a: Tyranitar|41/100
|-damage|p2a: Tyranitar|29/100
|-hitcount|p2a: Tyranitar|5
|-unboost|p1b: Dragonite|def|1
|-boost|p1b: Dragonite|spe|1
|
|-weather|Sandstorm|[upkeep]
|-damage|p1b: Dragonite|9/100|[from] Sandstorm
|-damage|p1a: Gholdengo|57/100|[from] Sandstorm
|upkeep
|turn|7
|
|t:|1757839611
|switch|p1b: Pelipper|Pelipper, L50, F|44/100
|-weather|RainDance|[from] ability: Drizzle|[of] p1b: Pelipper
|move|p1a: Gholdengo|Make It Rain|p2a: Tyranitar|[spread] p2a,p2b
|-supereffective|p2a: Tyranitar
|-resisted|p2b: Excadrill
|-damage|p2a: Tyranitar|0 fnt
|-damage|p2b: Excadrill|43/100
|-unboost|p1a: Gholdengo|spa|1
|faint|p2a: Tyranitar
|move|p2b: Excadrill|Rock Slide|p1b: Pelipper|[spread] p1a,p1b
|-supereffective|p1b: Pelipper
|-damage|p1a: Gholdengo|34/100
|-damage|p1b: Pelipper|0 fnt
|faint|p1b: Pelipper
|
|-weather|RainDance|[upkeep]
|upkeep
|
|t:|1757839629
|switch|p2a: Salamence|Salamence, L50, M|13/100
|switch|p1b: Dragonite|Dragonite, L50, M|9/100
|-ability|p2a: Salamence|Intimidate|boost
|-unboost|p1a: Gholdengo|atk|1
|-fail|p1b: Dragonite|unboost|Attack|[from] ability: Inner Focus|[of] p1b: Dragonite
|turn|8
|
|t:|1757839646
|move|p2a: Salamence|Protect|p2a: Salamence
|-singleturn|p2a: Salamence|Protect
|move|p1b: Dragonite|Extreme Speed|p2a: Salamence
|-activate|p2a: Salamence|move: Protect
|move|p1a: Gholdengo|Shadow Ball|p2b: Excadrill
|-damage|p2b: Excadrill|9/100
|move|p2b: Excadrill|Rock Slide|p1a: Gholdengo|[spread] p1b
|-miss|p2b: Excadrill|p1a: Gholdengo
|-supereffective|p1b: Dragonite
|-damage|p1b: Dragonite|0 fnt
|faint|p1b: Dragonite
|
|-weather|RainDance|[upkeep]
|upkeep
|turn|9
|
|t:|1757839665
|move|p2a: Salamence|Draco Meteor|p1a: Gholdengo
|-damage|p1a: Gholdengo|0 fnt
|-unboost|p2a: Salamence|spa|2
|faint|p1a: Gholdengo
|-damage|p2a: Salamence|3/100|[from] item: Life Orb
|
|win|bestboi8989
||bestboi8989 is ready for game 3.
||Rosarino is ready for game 3.
|uhtml|next|Next: Game 3 of 3
