|j|☆upchicken
|j|☆palle synchro
|html|upchickenpalle synchro    
|uhtml|bestof|Game 1 of a best-of-3
|t:|1757007149
|gametype|doubles
|player|p1|upchicken|az|1349
|player|p2|palle synchro|volkner|1428
|gen|9
|tier|[Gen 9] VGC 2025 Reg H (Bo3)
|rated|
|rule|Species Clause: Limit one of each Pokémon
|rule|Item Clause: Limit 1 of each item
|clearpoke
|poke|p1|Grimmsnarl, L50, M|
|poke|p1|Annihilape, L50, F|
|poke|p1|Maushold, L50|
|poke|p1|Pelipper, L50, F|
|poke|p1|Archaludon, L50, M|
|poke|p1|Sinistcha, L50|
|poke|p2|Whimsicott, L50, F|
|poke|p2|Arcanine-Hisui, L50, F|
|poke|p2|Indeedee, L50, M|
|poke|p2|Sneasler, L50, M|
|poke|p2|Ursaluna-Bloodmoon, L50, M|
|poke|p2|Archaludon, L50, M|
|teampreview|4
|showteam|p1|Grimmsnarl||LightClay|Prankster|Reflect,LightScreen,ThunderWave,SpiritBreak|||M|||50|,,,,,Steel]Annihilape||SpellTag|Defiant|BulkUp,Protect,DrainPunch,RageFist|||F|||50|,,,,,Fire]Maushold||SafetyGoggles|FriendGuard|BeatUp,Taunt,FollowMe,Protect||||||50|,,,,,Ghost]Pelipper||LifeOrb|Drizzle|WeatherBall,Hurricane,Tailwind,Protect|||F|||50|,,,,,Stellar]Archaludon||AssaultVest|Stamina|ElectroShot,DragonPulse,Snarl,BodyPress|||M|||50|,,,,,Fighting]Sinistcha||SitrusBerry|Hospitality|LifeDew,RagePowder,TrickRoom,MatchaGotcha||||||50|,,,,,Water
|showteam|p2|Whimsicott||CovertCloak|Prankster|Moonblast,Taunt,Tailwind,FakeTears|||F|||50|,,,,,Water]Arcanine-Hisui||ClearAmulet|Intimidate|RockSlide,FlareBlitz,ExtremeSpeed,Protect|||F|||50|,,,,,Ghost]Indeedee||FocusSash|PsychicSurge|ExpandingForce,TeraBlast,Imprison,TrickRoom|||M|||50|,,,,,Psychic]Sneasler||PsychicSeed|Unburden|CloseCombat,DireClaw,ThroatChop,Protect|||M|||50|,,,,,Dark]Ursaluna-Bloodmoon||LifeOrb|MindsEye|HyperVoice,BloodMoon,EarthPower,Protect|||M|||50|,,,,,Normal]Archaludon||PowerHerb|Stalwart|ElectroShot,DragonPulse,Thunderbolt,Protect|||M|||50|,,,,,Electric
|inactive|Battle timer is ON: inactive players will automatically lose when time's up. (requested by palle synchro)
|
|t:|1757007173
|teamsize|p1|4
|teamsize|p2|4
|start
|switch|p1a: Grimmsnarl|Grimmsnarl, L50, M|100/100
|switch|p1b: Sinistcha|Sinistcha, L50|100/100
|switch|p2a: Whimsicott|Whimsicott, L50, F|100/100
|switch|p2b: Ursaluna|Ursaluna-Bloodmoon, L50, M|100/100
|turn|1
|
|t:|1757007185
|-terastallize|p2b: Ursaluna|Normal
|move|p2a: Whimsicott|Fake Tears|p1b: Sinistcha
|-unboost|p1b: Sinistcha|spd|2
|move|p1a: Grimmsnarl|Light Screen|p1a: Grimmsnarl
|-sidestart|p1: upchicken|move: Light Screen
|move|p2b: Ursaluna|Blood Moon|p1b: Sinistcha
|-damage|p1b: Sinistcha|0 fnt
|faint|p1b: Sinistcha
|-damage|p2b: Ursaluna|91/100|[from] item: Life Orb
|
|upkeep
|
|t:|1757007196
|switch|p1b: Archaludon|Archaludon, L50, M|100/100
|turn|2
|
|t:|1757007206
|move|p2a: Whimsicott|Fake Tears|p1b: Archaludon
|-unboost|p1b: Archaludon|spd|2
|move|p1a: Grimmsnarl|Thunder Wave|p2b: Ursaluna
|-status|p2b: Ursaluna|par
|move|p1b: Archaludon|Snarl|p2b: Ursaluna|[spread] p2a,p2b
|-resisted|p2a: Whimsicott
|-damage|p2a: Whimsicott|92/100
|-damage|p2b: Ursaluna|75/100 par
|-unboost|p2b: Ursaluna|spa|1
|move|p2b: Ursaluna|Earth Power|p1b: Archaludon
|-supereffective|p1b: Archaludon
|-damage|p1b: Archaludon|23/100
|-ability|p1b: Archaludon|Stamina|boost
|-boost|p1b: Archaludon|def|1
|-damage|p2b: Ursaluna|65/100 par|[from] item: Life Orb
|
|upkeep
|turn|3
|
|t:|1757007224
|-terastallize|p1b: Archaludon|Fighting
|move|p1a: Grimmsnarl|Thunder Wave|p2a: Whimsicott
|-status|p2a: Whimsicott|par
|move|p1b: Archaludon|Body Press|p2b: Ursaluna
|-supereffective|p2b: Ursaluna
|-damage|p2b: Ursaluna|0 fnt
|faint|p2b: Ursaluna
|cant|p2a: Whimsicott|par
|
|upkeep
|
|t:|1757007237
|switch|p2b: Indeedee|Indeedee, L50, M|100/100
|-fieldstart|move: Psychic Terrain|[from] ability: Psychic Surge|[of] p2b: Indeedee
|turn|4
|
|t:|1757007245
|move|p2b: Indeedee|Expanding Force|p1a: Grimmsnarl|[spread] p1b
|-immune|p1a: Grimmsnarl
|-supereffective|p1b: Archaludon
|-crit|p1b: Archaludon
|-damage|p1b: Archaludon|0 fnt
|faint|p1b: Archaludon
|cant|p2a: Whimsicott|par
|move|p1a: Grimmsnarl|Spirit Break|p2b: Indeedee
|-damage|p2b: Indeedee|37/100
|-unboost|p2b: Indeedee|spa|1
|
|upkeep
|
|t:|1757007247
|switch|p1b: Pelipper|Pelipper, L50, F|100/100
|-weather|RainDance|[from] ability: Drizzle|[of] p1b: Pelipper
|turn|5
|
|t:|1757007264
|move|p1b: Pelipper|Protect|p1b: Pelipper
|-singleturn|p1b: Pelipper|Protect
|move|p2b: Indeedee|Tera Blast|p1a: Grimmsnarl
|-damage|p1a: Grimmsnarl|87/100
|move|p2a: Whimsicott|Moonblast|p1a: Grimmsnarl
|-supereffective|p1a: Grimmsnarl
|-damage|p1a: Grimmsnarl|58/100
|move|p1a: Grimmsnarl|Spirit Break|p2b: Indeedee
|-damage|p2b: Indeedee|0 fnt
|faint|p2b: Indeedee
|
|-weather|RainDance|[upkeep]
|upkeep
|
|t:|1757007266
|switch|p2b: Archaludon|Archaludon, L50, M|100/100
|turn|6
|
|t:|1757007280
|move|p2b: Archaludon|Electro Shot||[still]
|-prepare|p2b: Archaludon|Electro Shot
|-boost|p2b: Archaludon|spa|1
|-anim|p2b: Archaludon|Electro Shot|p1b: Pelipper
|-supereffective|p1b: Pelipper
|-damage|p1b: Pelipper|0 fnt
|faint|p1b: Pelipper
|move|p2a: Whimsicott|Moonblast|p1a: Grimmsnarl
|-supereffective|p1a: Grimmsnarl
|-damage|p1a: Grimmsnarl|31/100
|move|p1a: Grimmsnarl|Spirit Break|p2b: Archaludon
|-damage|p2b: Archaludon|75/100
|-unboost|p2b: Archaludon|spa|1
|
|-weather|RainDance|[upkeep]
|upkeep
|turn|7
|
|t:|1757007287
|move|p2b: Archaludon|Electro Shot||[still]
|-prepare|p2b: Archaludon|Electro Shot
|-boost|p2b: Archaludon|spa|1
|-anim|p2b: Archaludon|Electro Shot|p1a: Grimmsnarl
|-damage|p1a: Grimmsnarl|0 fnt
|faint|p1a: Grimmsnarl
|
|win|palle synchro
