|j|☆Xharmonxhammerx
|j|☆f0rte99
|html|Xharmonxhammerxf0rte99    
|uhtml|bestof|Game 1 of a best-of-3
|t:|1785256246
|gametype|doubles
|player|p1|Xharmonxhammerx|swimmer|1103
|player|p2|f0rte99|lance|1166
|gen|9
|tier|[Gen 9 Champions] VGC 2026 Reg M-B (Bo3)
|rated|
|rule|Species Clause: Limit one of each Pokémon
|rule|Item Clause: Limit 1 of each item
|clearpoke
|poke|p1|Metagross, L50|
|poke|p1|Talonflame, L50, M|
|poke|p1|Dragonite, L50, F|
|poke|p1|Annihilape, L50, F|
|poke|p1|Kingambit, L50, F|
|poke|p1|Delphox, L50, M|
|poke|p2|Farigiraf, L50, F|
|poke|p2|Garchomp, L50, M|
|poke|p2|Tyranitar, L50, M|
|poke|p2|Incineroar, L50, M|
|poke|p2|Sylveon, L50, F|
|poke|p2|Gholdengo, L50|
|teampreview|4
|showteam|p1|Metagross||Metagrossite|ClearBody|Protect,PsychicFangs,BulletPunch,IcePunch|Jolly|||||50|]Talonflame||SharpBeak|GaleWings|DualWingbeat,Protect,Tailwind,FlareBlitz|Jolly||M|||50|]Dragonite||LumBerry|Multiscale|Tailwind,Protect,RockSlide,Earthquake|Adamant||F|||50|]Annihilape||ChoiceScarf|Defiant|RockSlide,IcePunch,ShadowClaw,CloseCombat|Adamant||F|||50|]Kingambit||FocusSash|Defiant|KowtowCleave,SuckerPunch,IronHead,Protect|Brave||F|||50|]Delphox||Delphoxite|Blaze|Encore,HeatWave,Psyshock,Protect|Timid||M|||50|
|showteam|p2|Farigiraf||SitrusBerry|ArmorTail|TrickRoom,HelpingHand,Psychic,Thunderbolt|Sassy||F|||50|]Garchomp||LifeOrb|RoughSkin|Earthquake,DragonClaw,RockSlide,Protect|Adamant||M|||50|]Tyranitar||Tyranitarite|SandStream|Protect,RockSlide,KnockOff,IcePunch|Adamant||M|||50|]Incineroar||ChopleBerry|Intimidate|FakeOut,PartingShot,FlareBlitz,ThroatChop|Adamant||M|||50|]Sylveon||FairyFeather|Pixilate|HyperVoice,QuickAttack,HyperBeam,Detect|Modest||F|||50|]Gholdengo||MetalCoat|GoodasGold|MakeItRain,ShadowBall,PowerGem,NastyPlot|Modest|||||50|
|inactive|Battle timer is ON: inactive players will automatically lose when time's up. (requested by f0rte99)
|inactive|Xharmonxhammerx has 60 seconds left.
|inactive|f0rte99 has 60 seconds left.
|inactive|f0rte99 has 30 seconds left.
|inactive|f0rte99 has 20 seconds left.
|inactive|f0rte99 has 15 seconds left.
|inactive|f0rte99 has 10 seconds left.
|inactive|f0rte99 has 5 seconds left.
|
|t:|1785256332
|teamsize|p1|4
|teamsize|p2|4
|start
|switch|p1a: Annihilape|Annihilape, L50, F|100/100
|switch|p1b: Kingambit|Kingambit, L50, F|100/100
|switch|p2a: Farigiraf|Farigiraf, L50, F|100/100
|switch|p2b: Garchomp|Garchomp, L50, M|100/100
|turn|1
|inactive|f0rte99 has 30 seconds left.
|
|t:|1785256362
|move|p2b: Garchomp|Protect|p2b: Garchomp
|-singleturn|p2b: Garchomp|Protect
|move|p1a: Annihilape|Ice Punch|p2b: Garchomp
|-activate|p2b: Garchomp|move: Protect
|move|p2a: Farigiraf|Psychic|p1a: Annihilape
|-supereffective|p1a: Annihilape|1
|-damage|p1a: Annihilape|25/100
|move|p1b: Kingambit|Kowtow Cleave|p2a: Farigiraf
|-supereffective|p2a: Farigiraf|1
|-damage|p2a: Farigiraf|23/100
|-enditem|p2a: Farigiraf|Sitrus Berry|[eat]
|-heal|p2a: Farigiraf|48/100|[from] item: Sitrus Berry
|
|upkeep
|turn|2
|inactive|f0rte99 has 30 seconds left.
|inactive|f0rte99 has 20 seconds left.
|
|t:|1785256400
|switch|p2a: Incineroar|Incineroar, L50, M|100/100
|-ability|p2a: Incineroar|Intimidate|boost
|-unboost|p1a: Annihilape|atk|1
|-ability|p1a: Annihilape|Defiant|boost
|-boost|p1a: Annihilape|atk|2
|-unboost|p1b: Kingambit|atk|1
|-ability|p1b: Kingambit|Defiant|boost
|-boost|p1b: Kingambit|atk|2
|move|p1a: Annihilape|Ice Punch|p2b: Garchomp
|-supereffective|p2b: Garchomp|2
|-damage|p2b: Garchomp|0 fnt
|-damage|p1a: Annihilape|12/100|[from] ability: Rough Skin|[of] p2b: Garchomp
|faint|p2b: Garchomp
|move|p1b: Kingambit|Kowtow Cleave|p2a: Incineroar
|-resisted|p2a: Incineroar|1
|-damage|p2a: Incineroar|65/100
|
|upkeep
|
|t:|1785256423
|switch|p2b: Farigiraf|Farigiraf, L50, F|48/100
|turn|3
|
|t:|1785256430
|switch|p1a: Dragonite|Dragonite, L50, F|100/100
|move|p1b: Kingambit|Protect|p1b: Kingambit
|-singleturn|p1b: Kingambit|Protect
|move|p2a: Incineroar|Fake Out|p1b: Kingambit
|-activate|p1b: Kingambit|move: Protect
|move|p2b: Farigiraf|Psychic|p1a: Dragonite
|-damage|p1a: Dragonite|82/100
|
|upkeep
|turn|4
|
|t:|1785256455
|move|p2b: Farigiraf|Helping Hand|p2a: Incineroar
|-singleturn|p2a: Incineroar|Helping Hand|[of] p2b: Farigiraf
|move|p1a: Dragonite|Rock Slide|p2a: Incineroar|[spread] p2a,p2b
|-supereffective|p2a: Incineroar|1
|-damage|p2a: Incineroar|20/100y
|-damage|p2b: Farigiraf|30/100
|cant|p2a: Incineroar|flinch
|move|p1b: Kingambit|Kowtow Cleave|p2b: Farigiraf
|-supereffective|p2b: Farigiraf|1
|-damage|p2b: Farigiraf|0 fnt
|faint|p2b: Farigiraf
|
|upkeep
|
|t:|1785256466
|switch|p2b: Tyranitar|Tyranitar, L50, M|100/100
|-weather|Sandstorm|[from] ability: Sand Stream|[of] p2b: Tyranitar
|turn|5
|
|t:|1785256481
|detailschange|p2b: Tyranitar|Tyranitar-Mega, L50, M
|-mega|p2b: Tyranitar|Tyranitar|Tyranitarite
|move|p1b: Kingambit|Protect|p1b: Kingambit
|-singleturn|p1b: Kingambit|Protect
|move|p1a: Dragonite|Earthquake|p2b: Tyranitar|[spread] p2a,p2b
|-activate|p1b: Kingambit|move: Protect
|-supereffective|p2a: Incineroar|1
|-supereffective|p2b: Tyranitar|1
|-damage|p2a: Incineroar|0 fnt
|-damage|p2b: Tyranitar|65/100
|faint|p2a: Incineroar
|move|p2b: Tyranitar|Rock Slide|p1b: Kingambit|[spread] p1a
|-activate|p1b: Kingambit|move: Protect
|-supereffective|p1a: Dragonite|1
|-damage|p1a: Dragonite|5/100
|
|-weather|Sandstorm|[upkeep]
|-damage|p1a: Dragonite|0 fnt|[from] Sandstorm
|faint|p1a: Dragonite
|upkeep
|
|t:|1785256497
|switch|p1a: Annihilape|Annihilape, L50, F|12/100
|turn|6
|
|t:|1785256503
|move|p1a: Annihilape|Close Combat|p2b: Tyranitar
|-supereffective|p2b: Tyranitar|2
|-damage|p2b: Tyranitar|0 fnt
|-unboost|p1a: Annihilape|def|1
|-unboost|p1a: Annihilape|spd|1
|faint|p2b: Tyranitar
|
|win|Xharmonxhammerx
||f0rte99 is ready for game 2.
||Xharmonxhammerx is ready for game 2.
|uhtml|next|Next: Game 2 of 3
