|j|☆Eggy’sDad
|j|☆axolotlwooper
|html|Eggy’sDadaxolotlwooper    
|uhtml|bestof|Game 1 of a best-of-3
|t:|1785222503
|gametype|doubles
|player|p1|Eggy’sDad|101|1130
|player|p2|axolotlwooper|linebacker|1102
|gen|9
|tier|[Gen 9 Champions] VGC 2026 Reg M-B (Bo3)
|rated|
|rule|Species Clause: Limit one of each Pokémon
|rule|Item Clause: Limit 1 of each item
|clearpoke
|poke|p1|Pyroar, L50, F|
|poke|p1|Whimsicott, L50, M|
|poke|p1|Ninetales, L50, M|
|poke|p1|Farigiraf, L50, M|
|poke|p1|Basculegion, L50, M|
|poke|p1|Floette-Eternal, L50, F|
|poke|p2|Farigiraf, L50, M|
|poke|p2|Maushold, L50|
|poke|p2|Camerupt, L50, F|
|poke|p2|Vanilluxe, L50, F|
|poke|p2|Mawile, L50, M|
|poke|p2|Araquanid, L50, M|
|teampreview|4
|showteam|p1|Pyroar||Pyroarite|Unnerve|HeatWave,SolarBeam,Overheat,Protect|Timid||F|||50|]Whimsicott||FocusSash|Prankster|Moonblast,Tailwind,SunnyDay,Protect|Timid||M|||50|]Ninetales||ChoiceScarf|Drought|Overheat,HeatWave,SolarBeam,FakeTears|Modest||M|||50|]Farigiraf||SitrusBerry|ArmorTail|Thunderbolt,TwinBeam,TrickRoom,HelpingHand|Bold||M|||50|]Basculegion||LifeOrb|Adaptability|WaveCrash,LastRespects,AquaJet,Protect|Adamant||M|||50|]Floette-Eternal||Floettite|FlowerVeil|Moonblast,DazzlingGleam,LightofRuin,Protect|Timid||F|||50|
|showteam|p2|Farigiraf||SitrusBerry|ArmorTail|PsychicFangs,HyperVoice,HelpingHand,TrickRoom|Relaxed||M|||50|]Maushold||FocusSash|FriendGuard|SuperFang,FollowMe,Uturn,Taunt|Relaxed|||||50|]Camerupt||Cameruptite|SolidRock|HeatWave,EarthPower,AncientPower,Protect|Quiet||F|||50|]Vanilluxe||NeverMeltIce|SnowWarning|Blizzard,FreezeDry,IceShard,Protect|Quiet||F|||50|]Mawile||Mawilite|HyperCutter|PlayRough,IronHead,SuckerPunch,Protect|Brave||M|||50|]Araquanid||LifeOrb|WaterBubble|Liquidation,PoisonJab,LeechLife,WideGuard|Brave||M|||50|
|inactive|Battle timer is ON: inactive players will automatically lose when time's up. (requested by axolotlwooper)
|inactive|Eggy’sDad has 60 seconds left.
|
|t:|1785222559
|teamsize|p1|4
|teamsize|p2|4
|start
|switch|p1a: Ninetales|Ninetales, L50, M|100/100
|switch|p1b: Pyroar|Pyroar, L50, F|100/100
|switch|p2a: Farigiraf|Farigiraf, L50, M|100/100
|switch|p2b: Maushold|Maushold, L50|100/100
|-ability|p1b: Pyroar|Unnerve
|-weather|SunnyDay|[from] ability: Drought|[of] p1a: Ninetales
|turn|1
|inactive|Eggy’sDad has 30 seconds left.
|inactive|axolotlwooper has 30 seconds left.
|inactive|axolotlwooper has 20 seconds left.
|
|t:|1785222600
|detailschange|p1b: Pyroar|Pyroar-Mega, L50, F
|-mega|p1b: Pyroar|Pyroar|Pyroarite
|move|p2b: Maushold|Follow Me|p2b: Maushold
|-singleturn|p2b: Maushold|move: Follow Me
|move|p1a: Ninetales|Heat Wave|p2b: Maushold|[spread] p2a,p2b
|-damage|p2a: Farigiraf|70/100
|-damage|p2b: Maushold|48/100
|move|p1b: Pyroar|Heat Wave|p2a: Farigiraf|[spread] p2a,p2b
|-damage|p2a: Farigiraf|12/100
|-damage|p2b: Maushold|0 fnt
|-enditem|p2a: Farigiraf|Sitrus Berry|[eat]
|-heal|p2a: Farigiraf|37/100|[from] item: Sitrus Berry
|faint|p2b: Maushold
|move|p2a: Farigiraf|Trick Room|p2a: Farigiraf
|-fieldstart|move: Trick Room|[of] p2a: Farigiraf
|
|-weather|SunnyDay|[upkeep]
|upkeep
|
|t:|1785222612
|switch|p2b: Camerupt|Camerupt, L50, F|100/100
|turn|2
|inactive|Eggy’sDad has 30 seconds left.
|inactive|Eggy’sDad has 20 seconds left.
|inactive|Eggy’sDad has 15 seconds left.
|inactive|Eggy’sDad has 10 seconds left.
|inactive|Eggy’sDad has 5 seconds left.
|
|t:|1785222663
|detailschange|p2b: Camerupt|Camerupt-Mega, L50, F
|-mega|p2b: Camerupt|Camerupt|Cameruptite
|move|p2a: Farigiraf|Helping Hand|p2b: Camerupt
|-singleturn|p2b: Camerupt|Helping Hand|[of] p2a: Farigiraf
|move|p2b: Camerupt|Earth Power|p1b: Pyroar
|-supereffective|p1b: Pyroar|1
|-damage|p1b: Pyroar|0 fnt
|faint|p1b: Pyroar
|move|p1a: Ninetales|Heat Wave|p2b: Camerupt|[spread] p2a
|-miss|p1a: Ninetales|p2b: Camerupt
|-damage|p2a: Farigiraf|0 fnt
|faint|p2a: Farigiraf
|
|-weather|SunnyDay|[upkeep]
|upkeep
|inactive|Eggy’sDad has 30 seconds left.
|inactive|Eggy’sDad has 20 seconds left.
|
|t:|1785222701
|switch|p2a: Vanilluxe|Vanilluxe, L50, F|100/100
|switch|p1b: Whimsicott|Whimsicott, L50, M|100/100
|-weather|Snowscape|[from] ability: Snow Warning|[of] p2a: Vanilluxe
|turn|3
|inactive|Eggy’sDad has 30 seconds left.
|
|t:|1785222726
|move|p1b: Whimsicott|Protect|p1b: Whimsicott
|-singleturn|p1b: Whimsicott|Protect
|move|p2a: Vanilluxe|Protect|p2a: Vanilluxe
|-singleturn|p2a: Vanilluxe|Protect
|move|p2b: Camerupt|Earth Power|p1a: Ninetales
|-supereffective|p1a: Ninetales|1
|-damage|p1a: Ninetales|0 fnt
|faint|p1a: Ninetales
|
|-weather|Snowscape|[upkeep]
|upkeep
|
|t:|1785222739
|switch|p1a: Basculegion|Basculegion, L50, M|100/100
|turn|4
|
|t:|1785222756
|move|p2b: Camerupt|Protect|p2b: Camerupt
|-singleturn|p2b: Camerupt|Protect
|move|p1a: Basculegion|Aqua Jet|p2b: Camerupt
|-activate|p2b: Camerupt|move: Protect
|move|p2a: Vanilluxe|Freeze-Dry|p1a: Basculegion
|-supereffective|p1a: Basculegion|1
|-damage|p1a: Basculegion|3/100
|move|p1b: Whimsicott|Moonblast|p2b: Camerupt
|-activate|p2b: Camerupt|move: Protect
|
|-weather|Snowscape|[upkeep]
|upkeep
|turn|5
|
|t:|1785222772
|move|p1b: Whimsicott|Protect|p1b: Whimsicott
|-singleturn|p1b: Whimsicott|Protect
|move|p1a: Basculegion|Protect|p1a: Basculegion
|-singleturn|p1a: Basculegion|Protect
|move|p2a: Vanilluxe|Ice Shard|p1a: Basculegion
|-activate|p1a: Basculegion|move: Protect
|move|p2b: Camerupt|Heat Wave|p1b: Whimsicott|[spread] 
|-activate|p1a: Basculegion|move: Protect
|-activate|p1b: Whimsicott|move: Protect
|
|-weather|Snowscape|[upkeep]
|-fieldend|move: Trick Room
|upkeep
|turn|6
|inactive|Eggy’sDad has 30 seconds left.
|
|t:|1785222801
|move|p2b: Camerupt|Protect|p2b: Camerupt
|-singleturn|p2b: Camerupt|Protect
|move|p1a: Basculegion|Aqua Jet|p2a: Vanilluxe
|-damage|p2a: Vanilluxe|69/100
|-damage|p1a: Basculegion|0 fnt|[from] item: Life Orb
|faint|p1a: Basculegion
|move|p2a: Vanilluxe|Ice Shard|p1b: Whimsicott
|-supereffective|p1b: Whimsicott|1
|-damage|p1b: Whimsicott|46/100
|move|p1b: Whimsicott|Moonblast|p2a: Vanilluxe
|-damage|p2a: Vanilluxe|32/100
|
|-weather|Snowscape|[upkeep]
|upkeep
|turn|7
|inactive|Eggy’sDad has 30 seconds left.
|
|t:|1785222833
|move|p2a: Vanilluxe|Ice Shard|p1b: Whimsicott
|-supereffective|p1b: Whimsicott|1
|-damage|p1b: Whimsicott|1/100
|move|p1b: Whimsicott|Moonblast|p2a: Vanilluxe
|-damage|p2a: Vanilluxe|0 fnt
|faint|p2a: Vanilluxe
|move|p2b: Camerupt|Heat Wave|p1b: Whimsicott|[miss]
|-miss|p2b: Camerupt|p1b: Whimsicott
|
|-weather|none
|upkeep
|turn|8
|
|t:|1785222845
|move|p1b: Whimsicott|Moonblast|p2b: Camerupt
|-resisted|p2b: Camerupt|1
|-damage|p2b: Camerupt|83/100
|move|p2b: Camerupt|Heat Wave|p1b: Whimsicott
|-supereffective|p1b: Whimsicott|1
|-damage|p1b: Whimsicott|0 fnt
|faint|p1b: Whimsicott
|
|win|axolotlwooper
||axolotlwooper is ready for game 2.
