|j|☆Gayangos
|j|☆Braixen coxuda
|html|GayangosBraixen coxuda    
|uhtml|bestof|Game 1 of a best-of-3
|t:|1757782152
|gametype|doubles
|player|p1|Gayangos|169|
|player|p2|Braixen coxuda|caitlin|
|gen|9
|tier|[Gen 9] VGC 2025 Reg H (Bo3)
|rule|Species Clause: Limit one of each Pokémon
|rule|Item Clause: Limit 1 of each item
|clearpoke
|poke|p1|Dragapult, L50, F|
|poke|p1|Sneasler, L50, M|
|poke|p1|Incineroar, L50, F|
|poke|p1|Volcarona, L50, M|
|poke|p1|Rillaboom, L50, F|
|poke|p1|Kingambit, L50, M|
|poke|p2|Rillaboom, L50, M|
|poke|p2|Ursaluna-Bloodmoon, L50, M|
|poke|p2|Basculegion, L50, M|
|poke|p2|Murkrow, L50, M|
|poke|p2|Pelipper, L50, F|
|poke|p2|Archaludon, L50, M|
|teampreview|4
|showteam|p1|Dragapult||ChoiceBand|ClearBody|DragonDarts,Outrage,PhantomForce,Uturn|||F|||50|,,,,,Dragon]Sneasler||FocusSash|Unburden|DireClaw,CloseCombat,ThroatChop,Protect|||M|||50|,,,,,Stellar]Incineroar||SafetyGoggles|Intimidate|FakeOut,KnockOff,PartingShot,Taunt|||F|||50|,,,,,Ghost]Volcarona||GrassySeed|FlameBody|HeatWave,TeraBlast,QuiverDance,Protect|||M|||50|,,,,,Fairy]Rillaboom||AssaultVest|GrassySurge|FakeOut,WoodHammer,GrassyGlide,HighHorsepower|||F|||50|,,,,,Fire]Kingambit||BlackGlasses|Defiant|KowtowCleave,SuckerPunch,SwordsDance,Protect|||M|||50|,,,,,Dark
|showteam|p2|Rillaboom||MiracleSeed|GrassySurge|WoodHammer,GrassyGlide,Taunt,FakeOut|||M|||50|,,,,,Fire]Ursaluna-Bloodmoon||LifeOrb|MindsEye|HyperVoice,Protect,BloodMoon,EarthPower|||M|||50|,,,,,Normal]Basculegion||ChoiceBand|SwiftSwim|FlipTurn,WaveCrash,AquaJet,LastRespects|||M|||50|,,,,,Grass]Murkrow||Eviolite|Prankster|Tailwind,Haze,FoulPlay,RainDance|||M|||50|,,,,,Ghost]Pelipper||FocusSash|Drizzle|Hurricane,WeatherBall,Protect,WideGuard|||F|||50|,,,,,Stellar]Archaludon||AssaultVest|Stamina|BodyPress,ElectroShot,FlashCannon,DragonPulse|||M|||50|,,,,,Bug
|inactive|Battle timer is ON: inactive players will automatically lose when time's up. (requested by Braixen coxuda)
|
|t:|1757782176
|teamsize|p1|4
|teamsize|p2|4
|start
|switch|p1a: Dragapult|Dragapult, L50, F|100/100
|switch|p1b: Sneasler|Sneasler, L50, M|100/100
|switch|p2a: Murkrow|Murkrow, L50, M|100/100
|switch|p2b: Gendo|Archaludon, L50, M|100/100
|turn|1
|
|t:|1757782200
|switch|p1a: Volcarona|Volcarona, L50, M|100/100
|-terastallize|p2b: Gendo|Bug
|move|p2a: Murkrow|Tailwind|p2a: Murkrow
|-sidestart|p2: Braixen coxuda|move: Tailwind
|move|p2b: Gendo|Dragon Pulse|p1a: Volcarona
|-damage|p1a: Volcarona|63/100
|move|p1b: Sneasler|Dire Claw|p2a: Murkrow
|-damage|p2a: Murkrow|56/100
|
|upkeep
|turn|2
|inactive|Gayangos has 30 seconds left.
|
|t:|1757782226
|switch|p2a: Pelipper|Pelipper, L50, F, shiny|100/100
|-weather|RainDance|[from] ability: Drizzle|[of] p2a: Pelipper
|-terastallize|p1b: Sneasler|Stellar
|move|p2b: Gendo|Electro Shot||[still]
|-prepare|p2b: Gendo|Electro Shot
|-boost|p2b: Gendo|spa|1
|-anim|p2b: Gendo|Electro Shot|p1a: Volcarona
|-damage|p1a: Volcarona|0 fnt
|faint|p1a: Volcarona
|move|p1b: Sneasler|Dire Claw|p2b: Gendo
|-damage|p2b: Gendo|59/100
|-status|p2b: Gendo|slp
|-ability|p2b: Gendo|Stamina|boost
|-boost|p2b: Gendo|def|1
|
|-weather|RainDance|[upkeep]
|upkeep
|
|t:|1757782247
|switch|p1a: Dragapult|Dragapult, L50, F|100/100
|turn|3
|
|t:|1757782253
|move|p2a: Pelipper|Hurricane|p1b: Sneasler
|-supereffective|p1b: Sneasler
|-enditem|p1b: Sneasler|Focus Sash
|-damage|p1b: Sneasler|1/100
|move|p1b: Sneasler|Dire Claw|p2a: Pelipper
|-damage|p2a: Pelipper|45/100
|cant|p2b: Gendo|slp
|move|p1a: Dragapult|Dragon Darts|p2b: Gendo
|-damage|p2b: Gendo|40/100 slp
|-ability|p2b: Gendo|Stamina|boost
|-boost|p2b: Gendo|def|1
|-anim|p1a: Dragapult|Dragon Darts|p2a: Pelipper
|-damage|p2a: Pelipper|0 fnt
|faint|p2a: Pelipper
|
|-weather|RainDance|[upkeep]
|upkeep
|
|t:|1757782259
|switch|p2a: Nobunaga|Basculegion, L50, M, shiny|100/100
|turn|4
|
|t:|1757782274
|move|p2a: Nobunaga|Flip Turn|p1b: Sneasler
|-damage|p1b: Sneasler|0 fnt
|faint|p1b: Sneasler
|
|t:|1757782276
|switch|p2a: Murkrow|Murkrow, L50, M|56/100|[from] Flip Turn
|cant|p2b: Gendo|slp
|move|p1a: Dragapult|Dragon Darts|p2b: Gendo
|-damage|p2b: Gendo|26/100 slp
|-ability|p2b: Gendo|Stamina|boost
|-boost|p2b: Gendo|def|1
|-anim|p1a: Dragapult|Dragon Darts|p2a: Murkrow
|-crit|p2a: Murkrow
|-damage|p2a: Murkrow|0 fnt
|faint|p2a: Murkrow
|
|-weather|RainDance|[upkeep]
|-sideend|p2: Braixen coxuda|move: Tailwind
|upkeep
|
|t:|1757782286
|switch|p1b: Rillaboom|Rillaboom, L50, F|100/100
|switch|p2a: Nobunaga|Basculegion, L50, M, shiny|100/100
|-fieldstart|move: Grassy Terrain|[from] ability: Grassy Surge|[of] p1b: Rillaboom
|turn|5
|
|t:|1757782300
|move|p1b: Rillaboom|Grassy Glide|p2a: Nobunaga
|-supereffective|p2a: Nobunaga
|-damage|p2a: Nobunaga|16/100
|move|p2a: Nobunaga|Last Respects|p1a: Dragapult
|-supereffective|p1a: Dragapult
|-damage|p1a: Dragapult|0 fnt
|faint|p1a: Dragapult
|-curestatus|p2b: Gendo|slp|[msg]
|move|p2b: Gendo|Dragon Pulse|p1b: Rillaboom
|-damage|p1b: Rillaboom|61/100
|
|-weather|RainDance|[upkeep]
|-heal|p2a: Nobunaga|23/100|[from] Grassy Terrain
|-heal|p1b: Rillaboom|67/100|[from] Grassy Terrain
|-heal|p2b: Gendo|32/100|[from] Grassy Terrain
|upkeep
|turn|6
|
|t:|1757782308
|move|p1b: Rillaboom|Grassy Glide|p2a: Nobunaga
|-supereffective|p2a: Nobunaga
|-damage|p2a: Nobunaga|0 fnt
|faint|p2a: Nobunaga
|move|p2b: Gendo|Body Press|p1b: Rillaboom
|-damage|p1b: Rillaboom|10/100
|
|-weather|none
|-heal|p1b: Rillaboom|16/100|[from] Grassy Terrain
|-heal|p2b: Gendo|38/100|[from] Grassy Terrain
|upkeep
|turn|7
|
|t:|1757782312
|move|p1b: Rillaboom|Wood Hammer|p2b: Gendo
|-resisted|p2b: Gendo
|-damage|p2b: Gendo|27/100
|-ability|p2b: Gendo|Stamina|boost
|-boost|p2b: Gendo|def|1
|-damage|p1b: Rillaboom|13/100|[from] Recoil
|move|p2b: Gendo|Body Press|p1b: Rillaboom
|-crit|p1b: Rillaboom
|-damage|p1b: Rillaboom|0 fnt
|faint|p1b: Rillaboom
|
|win|Braixen coxuda
||Gayangos is ready for game 2.
||Braixen coxuda is ready for game 2.
|uhtml|next|Next: Game 2 of 3
|l|☆Gayangos
|player|p1|
|j|☆Gayangos
|player|p1|Gayangos|169|
