|j|☆Moitamo
|j|☆axcoquette
|html|Moitamoaxcoquette    
|uhtml|bestof|Game 1 of a best-of-3
|t:|1783975286
|gametype|doubles
|player|p1|Moitamo|266|1178
|player|p2|axcoquette|maid|1254
|gen|9
|tier|[Gen 9 Champions] VGC 2026 Reg M-B (Bo3)
|rated|
|rule|Species Clause: Limit one of each Pokémon
|rule|Item Clause: Limit 1 of each item
|clearpoke
|poke|p1|Sinistcha-Masterpiece, L50, shiny|
|poke|p1|Sylveon, L50, F|
|poke|p1|Incineroar, L50, M|
|poke|p1|Metagross, L50|
|poke|p1|Raichu, L50, F, shiny|
|poke|p1|Sneasler, L50, M|
|poke|p2|Ceruledge, L50, M|
|poke|p2|Glimmora, L50, F|
|poke|p2|Weavile, L50, M|
|poke|p2|Raichu, L50, M|
|poke|p2|Whimsicott, L50, F|
|poke|p2|Milotic, L50, F|
|teampreview|4
|showteam|p1|Sinistcha-Masterpiece||OccaBerry|Hospitality|StrengthSap,TrickRoom,RagePowder,MatchaGotcha|Calm|||||50|]Sylveon||FairyFeather|Pixilate|HyperVoice,Yawn,QuickAttack,Detect|Sassy||F|||50|]Incineroar||SitrusBerry|Intimidate|DarkestLariat,FlareBlitz,PartingShot,FakeOut|Adamant||M|||50|]Metagross||Metagrossite|ClearBody|BulletPunch,IronHead,Protect,PsychicFangs|Jolly|||||50|]Raichu||RaichuniteY|LightningRod|ZapCannon,FocusBlast,VoltSwitch,Protect|Timid||F|||50|]Sneasler||WhiteHerb|Unburden|CloseCombat,FakeOut,Uturn,Coaching|Jolly||M|||50|
|showteam|p2|Ceruledge||ColburBerry|FlashFire|BitterBlade,ShadowSneak,BulkUp,Protect|Impish||M|||50|]Glimmora||Glimmoranite|ToxicDebris|SpikyShield,PowerGem,EarthPower,SludgeBomb|Timid||F|||50|]Weavile||FocusSash|Pressure|IcePunch,FakeOut,Protect,KnockOff|Jolly||M|||50|]Raichu||RaichuniteY|LightningRod|FakeOut,FocusBlast,ZapCannon,Protect|Timid||M|||50|]Whimsicott||FairyFeather|Prankster|Tailwind,Moonblast,Protect,Encore|Modest||F|||50|]Milotic||Leftovers|Competitive|Coil,Hypnosis,MuddyWater,Recover|Calm||F|||50|
|inactive|Battle timer is ON: inactive players will automatically lose when time's up. (requested by axcoquette)
|inactive|Moitamo also wants the timer to be on.
|
|t:|1783975312
|teamsize|p1|4
|teamsize|p2|4
|start
|switch|p1a: Sneasler|Sneasler, L50, M|100/100
|switch|p1b: Metagross|Metagross, L50|100/100
|switch|p2a: Raichu|Raichu, L50, M|100/100
|switch|p2b: Milotic|Milotic, L50, F|100/100
|turn|1
|
|t:|1783975326
|move|p2a: Raichu|Protect|p2a: Raichu
|-singleturn|p2a: Raichu|Protect
|move|p1a: Sneasler|Fake Out|p2b: Milotic
|-damage|p2b: Milotic|90/100
|move|p1b: Metagross|Psychic Fangs|p2a: Raichu
|-activate|p2a: Raichu|move: Protect
|cant|p2b: Milotic|flinch
|
|-heal|p2b: Milotic|96/100|[from] item: Leftovers
|upkeep
|turn|2
|inactive|axcoquette has 30 seconds left.
|
|t:|1783975358
|detailschange|p2a: Raichu|Raichu-Mega-Y, L50, M
|-mega|p2a: Raichu|Raichu|Raichunite Y
|move|p1b: Metagross|Protect|p1b: Metagross
|-singleturn|p1b: Metagross|Protect
|move|p2a: Raichu|Zap Cannon|p1b: Metagross
|-activate|p1b: Metagross|move: Protect
|move|p1a: Sneasler|Close Combat|p2a: Raichu
|-damage|p2a: Raichu|22/100
|-unboost|p1a: Sneasler|def|1
|-unboost|p1a: Sneasler|spd|1
|-enditem|p1a: Sneasler|White Herb
|-clearnegativeboost|p1a: Sneasler|[silent]
|move|p2b: Milotic|Coil|p2b: Milotic
|-boost|p2b: Milotic|atk|1
|-boost|p2b: Milotic|def|1
|-boost|p2b: Milotic|accuracy|1
|
|-heal|p2b: Milotic|100/100|[from] item: Leftovers
|upkeep
|turn|3
|
|t:|1783975376
|detailschange|p1b: Metagross|Metagross-Mega, L50
|-mega|p1b: Metagross|Metagross|Metagrossite
|move|p2a: Raichu|Protect|p2a: Raichu
|-singleturn|p2a: Raichu|Protect
|move|p1a: Sneasler|Close Combat|p2a: Raichu
|-activate|p2a: Raichu|move: Protect
|move|p1b: Metagross|Psychic Fangs|p2b: Milotic
|-damage|p2b: Milotic|63/100
|move|p2b: Milotic|Hypnosis|p1a: Sneasler
|-status|p1a: Sneasler|slp|[from] move: Hypnosis
|
|-heal|p2b: Milotic|69/100|[from] item: Leftovers
|upkeep
|turn|4
|
|t:|1783975399
|move|p1b: Metagross|Bullet Punch|p2a: Raichu
|-resisted|p2a: Raichu|1
|-damage|p2a: Raichu|0 fnt
|faint|p2a: Raichu
|cant|p1a: Sneasler|slp
|move|p2b: Milotic|Coil|p2b: Milotic
|-boost|p2b: Milotic|atk|1
|-boost|p2b: Milotic|def|1
|-boost|p2b: Milotic|accuracy|1
|
|-heal|p2b: Milotic|75/100|[from] item: Leftovers
|upkeep
|
|t:|1783975418
|switch|p2a: Ceruledge|Ceruledge, L50, M|100/100
|turn|5
|
|t:|1783975423
|-curestatus|p1a: Sneasler|slp|[msg]
|move|p1a: Sneasler|U-turn|p2b: Milotic
|-damage|p2b: Milotic|67/100
|
|t:|1783975426
|switch|p1a: Sinistcha|Sinistcha-Masterpiece, L50, shiny|100/100|[from] U-turn
|move|p1b: Metagross|Psychic Fangs|p2a: Ceruledge
|-damage|p2a: Ceruledge|42/100
|move|p2a: Ceruledge|Bulk Up|p2a: Ceruledge
|-boost|p2a: Ceruledge|atk|1
|-boost|p2a: Ceruledge|def|1
|move|p2b: Milotic|Hypnosis|p1b: Metagross
|-status|p1b: Metagross|slp|[from] move: Hypnosis
|
|-heal|p2b: Milotic|73/100|[from] item: Leftovers
|upkeep
|turn|6
|
|t:|1783975448
|switch|p1b: Incineroar|Incineroar, L50, M|100/100
|-ability|p1b: Incineroar|Intimidate|boost
|-unboost|p2a: Ceruledge|atk|1
|-unboost|p2b: Milotic|atk|1
|-ability|p2b: Milotic|Competitive|boost
|-boost|p2b: Milotic|spa|2
|move|p2a: Ceruledge|Bitter Blade|p1b: Incineroar
|-resisted|p1b: Incineroar|1
|-damage|p1b: Incineroar|82/100
|-heal|p2a: Ceruledge|52/100|[from] drain|[of] p1b: Incineroar
|move|p2b: Milotic|Hypnosis|p1a: Sinistcha
|-status|p1a: Sinistcha|slp|[from] move: Hypnosis
|cant|p1a: Sinistcha|slp
|
|-heal|p2b: Milotic|79/100|[from] item: Leftovers
|upkeep
|turn|7
|
|t:|1783975465
|move|p1b: Incineroar|Fake Out|p2b: Milotic
|-crit|p2b: Milotic
|-damage|p2b: Milotic|61/100
|move|p2a: Ceruledge|Bulk Up|p2a: Ceruledge
|-boost|p2a: Ceruledge|atk|1
|-boost|p2a: Ceruledge|def|1
|cant|p2b: Milotic|flinch
|cant|p1a: Sinistcha|slp
|
|-heal|p2b: Milotic|67/100|[from] item: Leftovers
|upkeep
|turn|8
|
|t:|1783975476
|move|p2a: Ceruledge|Bitter Blade|p1a: Sinistcha
|-supereffective|p1a: Sinistcha|1
|-enditem|p1a: Sinistcha|Occa Berry|[eat]
|-enditem|p1a: Sinistcha|Occa Berry|[weaken]
|-damage|p1a: Sinistcha|46/100 slp
|-heal|p2a: Ceruledge|78/100|[from] drain|[of] p1a: Sinistcha
|move|p2b: Milotic|Muddy Water|p1b: Incineroar|[spread] p1a,p1b
|-resisted|p1a: Sinistcha|1
|-supereffective|p1b: Incineroar|1
|-damage|p1a: Sinistcha|27/100 slp
|-damage|p1b: Incineroar|0 fnt
|faint|p1b: Incineroar
|-curestatus|p1a: Sinistcha|slp|[msg]
|move|p1a: Sinistcha|Trick Room|p1a: Sinistcha
|-fieldstart|move: Trick Room|[of] p1a: Sinistcha
|
|-heal|p2b: Milotic|73/100|[from] item: Leftovers
|upkeep
|
|t:|1783975488
|switch|p1b: Sneasler|Sneasler, L50, M|100/100
|turn|9
|
|t:|1783975511
|move|p1b: Sneasler|Fake Out|p2b: Milotic
|-damage|p2b: Milotic|67/100
|move|p1a: Sinistcha|Strength Sap|p2a: Ceruledge
|-unboost|p2a: Ceruledge|atk|1
|-heal|p1a: Sinistcha|100/100
|cant|p2b: Milotic|flinch
|move|p2a: Ceruledge|Bulk Up|p2a: Ceruledge
|-boost|p2a: Ceruledge|atk|1
|-boost|p2a: Ceruledge|def|1
|
|-heal|p2b: Milotic|73/100|[from] item: Leftovers
|upkeep
|turn|10
|
|t:|1783975529
|move|p1a: Sinistcha|Matcha Gotcha|p2a: Ceruledge|[spread] p2a,p2b
|-resisted|p2a: Ceruledge|1
|-supereffective|p2b: Milotic|1
|-damage|p2a: Ceruledge|67/100
|-damage|p2b: Milotic|43/100
|-status|p2b: Milotic|brn
|move|p2b: Milotic|Muddy Water|p1b: Sneasler|[spread] p1a,p1b
|-resisted|p1a: Sinistcha|1
|-damage|p1a: Sinistcha|78/100
|-damage|p1b: Sneasler|48/100
|move|p2a: Ceruledge|Bitter Blade|p1a: Sinistcha
|-supereffective|p1a: Sinistcha|1
|-damage|p1a: Sinistcha|0 fnt
|-heal|p2a: Ceruledge|100/100|[from] drain|[of] p1a: Sinistcha
|faint|p1a: Sinistcha
|move|p1b: Sneasler|Close Combat|p2b: Milotic
|-damage|p2b: Milotic|22/100 brn
|-unboost|p1b: Sneasler|def|1
|-unboost|p1b: Sneasler|spd|1
|
|-heal|p2b: Milotic|28/100 brn|[from] item: Leftovers
|-damage|p2b: Milotic|22/100 brn|[from] brn
|upkeep
|
|t:|1783975545
|switch|p1a: Metagross|Metagross-Mega, L50|100/100 slp
|turn|11
|-message|Moitamo forfeited.
|
|win|axcoquette
