|j|☆stalling_colin
|j|☆KodeBeast0526
|html|stalling_colinKodeBeast0526    
|uhtml|bestof|Game 3 of a best-of-3
|t:|1756940839
|gametype|doubles
|player|p1|stalling_colin|volo-ginkgo|1194
|player|p2|KodeBeast0526|sailor|1190
|gen|9
|tier|[Gen 9] VGC 2025 Reg H (Bo3)
|rated|
|rule|Species Clause: Limit one of each Pokémon
|rule|Item Clause: Limit 1 of each item
|clearpoke
|poke|p1|Tyranitar, L50, F|
|poke|p1|Gholdengo, L50|
|poke|p1|Ursaluna-Bloodmoon, L50, M|
|poke|p1|Sneasler, L50, F|
|poke|p1|Indeedee, L50, M|
|poke|p1|Talonflame, L50, F|
|poke|p2|Excadrill, L50, M|
|poke|p2|Tyranitar, L50, F|
|poke|p2|Sneasler, L50, F|
|poke|p2|Indeedee, L50, M|
|poke|p2|Corviknight, L50, M|
|poke|p2|Annihilape, L50, M|
|teampreview|4
|showteam|p1|Tyranitar||AssaultVest|SandStream|RockSlide,KnockOff,TeraBlast,LowKick|||F|||50|,,,,,Flying]Gholdengo||ChoiceSpecs|GoodasGold|MakeItRain,ShadowBall,PowerGem,Thunderbolt||||||50|,,,,,Steel]Ursaluna-Bloodmoon||LifeOrb|MindsEye|BloodMoon,HyperVoice,EarthPower,Protect|||M|||50|,,,,,Ghost]Sneasler||PsychicSeed|Unburden|DireClaw,CloseCombat,ThroatChop,Protect|||F|||50|,,,,,Dark]Indeedee||FocusSash|PsychicSurge|ExpandingForce,Imprison,TrickRoom,Protect|||M|||50|,,,,,Psychic]Talonflame||CovertCloak|GaleWings|FlareBlitz,DualWingbeat,Taunt,Tailwind|||F|||50|,,,,,Ghost
|showteam|p2|Excadrill||FocusSash|SandRush|IronHead,HighHorsepower,Earthquake,Protect|||M|||50|,,,,,Stellar]Tyranitar||AssaultVest|SandStream|RockSlide,KnockOff,TeraBlast,LowKick|||F|||50|,,,,,Flying]Sneasler||PsychicSeed|Unburden|DireClaw,CloseCombat,ThroatChop,Protect|||F|||50|,,,,,Dark]Indeedee||ChoiceScarf|PsychicSurge|ExpandingForce,TeraBlast,Protect,Trick|||M|||50|,,,,,Psychic]Corviknight||Leftovers|MirrorArmor|BraveBird,BulkUp,Roost,Tailwind|||M|||50|,,,,,Dragon]Annihilape||SafetyGoggles|Defiant|CloseCombat,FinalGambit,RageFist,Taunt|||M|||50|,,,,,Water
|
|t:|1756940904
|teamsize|p1|4
|teamsize|p2|4
|start
|switch|p1a: Tyranitar|Tyranitar, L50, F|100/100
|switch|p1b: Talonflame|Talonflame, L50, F|100/100
|switch|p2a: Indeedee|Indeedee, L50, M, shiny|100/100
|switch|p2b: Tyranitar|Tyranitar, L50, F, shiny|100/100
|-fieldstart|move: Psychic Terrain|[from] ability: Psychic Surge|[of] p2a: Indeedee
|-weather|Sandstorm|[from] ability: Sand Stream|[of] p1a: Tyranitar
|turn|1
|inactive|Battle timer is ON: inactive players will automatically lose when time's up. (requested by KodeBeast0526)
|
|t:|1756940978
|move|p1b: Talonflame|Tailwind|p1b: Talonflame
|-sidestart|p1: stalling_colin|move: Tailwind
|move|p2a: Indeedee|Expanding Force|p1a: Tyranitar|[spread] p1b
|-immune|p1a: Tyranitar
|-damage|p1b: Talonflame|14/100
|move|p1a: Tyranitar|Low Kick|p2b: Tyranitar
|-supereffective|p2b: Tyranitar
|-damage|p2b: Tyranitar|0 fnt
|faint|p2b: Tyranitar
|
|-weather|Sandstorm|[upkeep]
|-damage|p1b: Talonflame|8/100|[from] Sandstorm
|-damage|p2a: Indeedee|95/100|[from] Sandstorm
|upkeep
|
|t:|1756940988
|switch|p2b: Sneasler|Sneasler, L50, F, shiny|100/100
|-enditem|p2b: Sneasler|Psychic Seed
|-boost|p2b: Sneasler|spd|1|[from] item: Psychic Seed
|turn|2
|
|t:|1756941007
|-terastallize|p2b: Sneasler|Dark
|-terastallize|p1a: Tyranitar|Flying
|move|p1b: Talonflame|Dual Wingbeat|p2b: Sneasler
|-damage|p2b: Sneasler|73/100
|-damage|p2b: Sneasler|46/100
|-hitcount|p2b: Sneasler|2
|move|p2b: Sneasler|Dire Claw|p1a: Tyranitar
|-damage|p1a: Tyranitar|64/100
|-status|p1a: Tyranitar|par
|move|p2a: Indeedee|Expanding Force|p1a: Tyranitar|[spread] p1a,p1b
|-damage|p1a: Tyranitar|27/100 par
|-damage|p1b: Talonflame|0 fnt
|faint|p1b: Talonflame
|move|p1a: Tyranitar|Knock Off|p2a: Indeedee
|-supereffective|p2a: Indeedee
|-damage|p2a: Indeedee|0 fnt
|-enditem|p2a: Indeedee|Choice Scarf|[from] move: Knock Off|[of] p1a: Tyranitar
|faint|p2a: Indeedee
|
|-weather|Sandstorm|[upkeep]
|-damage|p2b: Sneasler|40/100|[from] Sandstorm
|-damage|p1a: Tyranitar|21/100 par|[from] Sandstorm
|upkeep
|
|t:|1756941027
|switch|p1b: Sneasler|Sneasler, L50, F|100/100
|switch|p2a: Excadrill|Excadrill, L50, M, shiny|100/100
|-enditem|p1b: Sneasler|Psychic Seed
|-boost|p1b: Sneasler|spd|1|[from] item: Psychic Seed
|turn|3
|inactive|stalling_colin has 30 seconds left.
|inactive|stalling_colin has 20 seconds left.
|inactive|stalling_colin has 15 seconds left.
|inactive|KodeBeast0526 has 30 seconds left.
|inactive|stalling_colin has 10 seconds left.
|
|t:|1756941072
|move|p2b: Sneasler|Protect|p2b: Sneasler
|-singleturn|p2b: Sneasler|Protect
|move|p1b: Sneasler|Close Combat|p2b: Sneasler
|-activate|p2b: Sneasler|move: Protect
|move|p2a: Excadrill|Iron Head|p1a: Tyranitar
|-damage|p1a: Tyranitar|0 fnt
|faint|p1a: Tyranitar
|
|-weather|Sandstorm|[upkeep]
|-damage|p1b: Sneasler|95/100|[from] Sandstorm
|-damage|p2b: Sneasler|34/100|[from] Sandstorm
|upkeep
|
|t:|1756941083
|switch|p1a: Indeedee|Indeedee, L50, M|100/100
|turn|4
|inactive|KodeBeast0526 has 30 seconds left.
|
|t:|1756941115
|move|p2b: Sneasler|Protect|p2b: Sneasler
|-singleturn|p2b: Sneasler|Protect
|move|p1b: Sneasler|Close Combat|p2b: Sneasler
|-activate|p2b: Sneasler|move: Protect
|move|p1a: Indeedee|Expanding Force|p2a: Excadrill|[spread] p2a
|-activate|p2b: Sneasler|move: Protect
|-resisted|p2a: Excadrill
|-damage|p2a: Excadrill|66/100
|move|p2a: Excadrill|Earthquake|p1a: Indeedee|[spread] p1a,p1b
|-activate|p2b: Sneasler|move: Protect
|-supereffective|p1b: Sneasler
|-damage|p1a: Indeedee|9/100
|-damage|p1b: Sneasler|0 fnt
|faint|p1b: Sneasler
|
|-weather|Sandstorm|[upkeep]
|-damage|p2b: Sneasler|28/100|[from] Sandstorm
|-damage|p1a: Indeedee|3/100|[from] Sandstorm
|-sideend|p1: stalling_colin|move: Tailwind
|upkeep
|turn|5
|
|t:|1756941132
|move|p2b: Sneasler|Throat Chop|p1a: Indeedee
|-supereffective|p1a: Indeedee
|-damage|p1a: Indeedee|0 fnt
|faint|p1a: Indeedee
|
|win|KodeBeast0526
|raw|stalling_colin's rating: 1194 → 1169(-25 for losing)
|raw|KodeBeast0526's rating: 1190 → 1215(+25 for winning)
|c|☆KodeBeast0526|gg
|c|☆stalling_colin|gg
