|j|☆Welwitchia
|j|☆5017E4
|html|Welwitchia5017E4    
|uhtml|bestof|Game 1 of a best-of-3
|t:|1784723383
|gametype|doubles
|player|p1|Welwitchia|pokemonbreeder-gen4|1018
|player|p2|5017E4|swimmer-gen4dp|1000
|gen|9
|tier|[Gen 9 Champions] VGC 2026 Reg M-B (Bo3)
|rated|
|rule|Species Clause: Limit one of each Pokémon
|rule|Item Clause: Limit 1 of each item
|clearpoke
|poke|p1|Spiritomb, L50, F, shiny|
|poke|p1|Corviknight, L50, M|
|poke|p1|Pyroar, L50, F, shiny|
|poke|p1|Meganium, L50, M|
|poke|p1|Clawitzer, L50, F, shiny|
|poke|p1|Slowking-Galar, L50, M|
|poke|p2|Slowbro, L50, F|
|poke|p2|Torkoal, L50, M|
|poke|p2|Kangaskhan, L50, F|
|poke|p2|Sylveon, L50, M|
|poke|p2|Mudsdale, L50, F|
|poke|p2|Kingambit, L50, M|
|teampreview|4
|showteam|p1|Spiritomb||LeppaBerry|Pressure|Curse,PainSplit,Spite,FoulPlay|Calm||F|||50|]Corviknight||Leftovers|Pressure|Spite,IronHead,Roost,Protect|Impish||M|||50|]Pyroar||Pyroarite|Rivalry|Trailblaze,MudSlap,Entrainment,Flamethrower|Timid||F|||50|]Meganium||Meganiumite|LeafGuard|LeechSeed,Counter,WeatherBall,SolarBeam|Timid||M|||50|]Clawitzer||MysticWater|MegaLauncher|HealPulse,AuraSphere,Protect,WaterPulse|Calm||F|||50|]Slowking-Galar||ColburBerry|CuriousMedicine|SkillSwap,ThunderWave,EerieSpell,TrickRoom|Sassy||M|||50|
|showteam|p2|Slowbro||Slowbronite|Oblivious|Psychic,HydroPump,CalmMind,TrickRoom|Quiet||F|||50|]Torkoal||Charcoal|Drought|Eruption,WeatherBall,SolarBeam,Protect|Quiet||M|||50|]Kangaskhan||SilkScarf|Scrappy|FakeOut,LastResort|Brave||F|||50|]Sylveon||FairyFeather|Pixilate|HyperVoice,HyperBeam,QuickAttack,Detect|Quiet||M|||50|]Mudsdale||LifeOrb|InnerFocus|HighHorsepower,CloseCombat,RockSlide,HeavySlam|Brave||F|||50|]Kingambit||FocusSash|Defiant|KowtowCleave,IronHead,SuckerPunch,LowKick|Brave||M|||50|
|inactive|Battle timer is ON: inactive players will automatically lose when time's up. (requested by 5017E4)
|inactive|5017E4 has 60 seconds left.
|inactive|Welwitchia has 60 seconds left.
|
|t:|1784723446
|teamsize|p1|4
|teamsize|p2|4
|start
|switch|p1a: Spiritomb|Spiritomb, L50, F, shiny|100/100
|switch|p1b: Corviknight|Corviknight, L50, M|100/100
|switch|p2a: Slowbro|Slowbro, L50, F|100/100
|switch|p2b: Kangaskhan|Kangaskhan, L50, F|100/100
|-ability|p1b: Corviknight|Pressure
|-ability|p1a: Spiritomb|Pressure
|turn|1
|inactive|5017E4 has 30 seconds left.
|
|t:|1784723471
|detailschange|p2a: Slowbro|Slowbro-Mega, L50, F
|-mega|p2a: Slowbro|Slowbro|Slowbronite
|move|p2b: Kangaskhan|Fake Out|p1a: Spiritomb
|-damage|p1a: Spiritomb|74/100
|move|p1b: Corviknight|Spite||[still]
|-fail|p1b: Corviknight
|cant|p1a: Spiritomb|flinch
|move|p2a: Slowbro|Trick Room|p2a: Slowbro
|-fieldstart|move: Trick Room|[of] p2a: Slowbro
|
|upkeep
|turn|2
|
|t:|1784723492
|move|p2a: Slowbro|Calm Mind|p2a: Slowbro
|-boost|p2a: Slowbro|spa|1
|-boost|p2a: Slowbro|spd|1
|move|p1a: Spiritomb|Curse|p2a: Slowbro
|-start|p2a: Slowbro|Curse|[of] p1a: Spiritomb
|-damage|p1a: Spiritomb|24/100
|move|p1b: Corviknight|Spite|p2a: Slowbro
|-activate|p2a: Slowbro|move: Spite|Calm Mind|4
|move|p2b: Kangaskhan|Last Resort|p1a: Spiritomb
|-damage|p1a: Spiritomb|0 fnt
|faint|p1a: Spiritomb
|
|-damage|p2a: Slowbro|75/100|[from] Curse
|upkeep
|
|t:|1784723508
|switch|p1a: Pyroar|Pyroar, L50, F, shiny|100/100
|turn|3
|
|t:|1784723527
|move|p2a: Slowbro|Hydro Pump|p1a: Pyroar
|-supereffective|p1a: Pyroar|1
|-damage|p1a: Pyroar|0 fnt
|faint|p1a: Pyroar
|move|p1b: Corviknight|Spite|p2b: Kangaskhan
|-activate|p2b: Kangaskhan|move: Spite|Last Resort|4
|move|p2b: Kangaskhan|Last Resort|p1b: Corviknight
|-resisted|p1b: Corviknight|1
|-damage|p1b: Corviknight|76/100
|
|-heal|p1b: Corviknight|82/100|[from] item: Leftovers
|-damage|p2a: Slowbro|50/100g|[from] Curse
|upkeep
|j| Hideto.S.
|
|t:|1784723540
|switch|p1a: Meganium|Meganium, L50, M|100/100
|turn|4
|
|t:|1784723565
|switch|p2b: Torkoal|Torkoal, L50, M|100/100
|-weather|SunnyDay|[from] ability: Drought|[of] p2b: Torkoal
|detailschange|p1a: Meganium|Meganium-Mega, L50, M
|-mega|p1a: Meganium|Meganium|Meganiumite
|move|p1b: Corviknight|Protect|p1b: Corviknight
|-singleturn|p1b: Corviknight|Protect
|move|p2a: Slowbro|Psychic|p1b: Corviknight
|-activate|p1b: Corviknight|move: Protect
|move|p1a: Meganium|Solar Beam||[still]
|-prepare|p1a: Meganium|Solar Beam
|-anim|p1a: Meganium|Solar Beam|p2a: Slowbro
|-supereffective|p2a: Slowbro|1
|-damage|p2a: Slowbro|0 fnt
|faint|p2a: Slowbro
|
|-weather|SunnyDay|[upkeep]
|-heal|p1b: Corviknight|88/100|[from] item: Leftovers
|upkeep
|l| Hideto.S.
|
|t:|1784723582
|switch|p2a: Mudsdale|Mudsdale, L50, F|100/100
|turn|5
|
|t:|1784723595
|move|p2b: Torkoal|Eruption|p1a: Meganium|[spread] p1a,p1b
|-supereffective|p1a: Meganium|1
|-supereffective|p1b: Corviknight|1
|-damage|p1a: Meganium|0 fnt
|-damage|p1b: Corviknight|0 fnt
|faint|p1a: Meganium
|faint|p1b: Corviknight
|
|win|5017E4
