|j|☆musse67
|j|☆KrystalKiwii
|html|musse67KrystalKiwii    
|uhtml|bestof|Game 2 of a best-of-3
|t:|1785511830
|gametype|doubles
|player|p1|musse67|skier|1090
|player|p2|KrystalKiwii|acetrainerf-gen4dp|1166
|gen|9
|tier|[Gen 9 Champions] VGC 2026 Reg M-B (Bo3)
|rated|
|rule|Species Clause: Limit one of each Pokémon
|rule|Item Clause: Limit 1 of each item
|clearpoke
|poke|p1|Tyranitar, L50, M|
|poke|p1|Garchomp, L50, M|
|poke|p1|Sinistcha-Masterpiece, L50|
|poke|p1|Rotom-Wash, L50|
|poke|p1|Sneasler, L50, F|
|poke|p1|Talonflame, L50, M|
|poke|p2|Audino, L50, F|
|poke|p2|Kingambit, L50, F|
|poke|p2|Incineroar, L50, M|
|poke|p2|Farigiraf, L50, F|
|poke|p2|Torkoal, L50, F|
|poke|p2|Blastoise, L50, F|
|teampreview|4
|showteam|p1|Tyranitar||ChopleBerry|SandStream|LowKick,KnockOff,RockSlide,Protect|Adamant||M|||50|]Garchomp||Garchompite|RoughSkin|EarthPower,PowerGem,DracoMeteor,Protect|Timid||M|||50|]Sinistcha-Masterpiece||SitrusBerry|Hospitality|TrickRoom,MatchaGotcha,RagePowder,Protect|Relaxed|||||50|]Rotom-Wash||MysticWater|Levitate|HydroPump,Thunderbolt,WillOWisp,Protect|Calm|||||50|]Sneasler||WhiteHerb|Unburden|DireClaw,CloseCombat,FakeOut,Protect|Jolly||F|||50|]Talonflame||SharpBeak|GaleWings|Tailwind,BraveBird,FlareBlitz,Protect|Jolly||M|||50|
|showteam|p2|Audino||Audinite|Healer|HelpingHand,TrickRoom,LifeDew,DazzlingGleam|Relaxed||F|||50|]Kingambit||BlackGlasses|Defiant|Protect,IronHead,KowtowCleave,SuckerPunch|Brave||F|||50|]Incineroar||SitrusBerry|Intimidate|FakeOut,ThroatChop,PartingShot,FlareBlitz|Adamant||M|||50|]Farigiraf||ColburBerry|ArmorTail|Psyshock,Thunderbolt,TrickRoom,HelpingHand|Relaxed||F|||50|]Torkoal||Charcoal|Drought|Protect,Eruption,WeatherBall,EarthPower|Quiet||F|||50|]Blastoise||Blastoisinite|Torrent|FakeOut,WaterSpout,DarkPulse,AuraSphere|Quiet||F|||50|
|inactive|Battle timer is ON: inactive players will automatically lose when time's up. (requested by KrystalKiwii)
|
|t:|1785511842
|teamsize|p1|4
|teamsize|p2|4
|start
|switch|p1a: Sinistcha|Sinistcha-Masterpiece, L50|100/100
|switch|p1b: Rotom|Rotom-Wash, L50|100/100
|switch|p2a: Audino|Audino, L50, F|100/100
|switch|p2b: Incineroar|Incineroar, L50, M|100/100
|-ability|p2b: Incineroar|Intimidate|boost
|-unboost|p1a: Sinistcha|atk|1
|-unboost|p1b: Rotom|atk|1
|turn|1
|
|t:|1785511855
|detailschange|p2a: Audino|Audino-Mega, L50, F
|-mega|p2a: Audino|Audino|Audinite
|move|p2b: Incineroar|Fake Out|p1b: Rotom
|-damage|p1b: Rotom|88/100
|cant|p1b: Rotom|flinch
|move|p2a: Audino|Dazzling Gleam|p1a: Sinistcha|[spread] p1a,p1b
|-damage|p1a: Sinistcha|81/100
|-damage|p1b: Rotom|72/100
|move|p1a: Sinistcha|Trick Room|p1a: Sinistcha
|-fieldstart|move: Trick Room|[of] p1a: Sinistcha
|
|upkeep
|turn|2
|
|t:|1785511866
|move|p2a: Audino|Dazzling Gleam|p1a: Sinistcha|[spread] p1a,p1b
|-damage|p1a: Sinistcha|62/100
|-damage|p1b: Rotom|57/100
|move|p2b: Incineroar|Flare Blitz|p1a: Sinistcha
|-supereffective|p1a: Sinistcha|1
|-damage|p1a: Sinistcha|0 fnt
|faint|p1a: Sinistcha
|-damage|p2b: Incineroar|81/100|[from] Recoil
|move|p1b: Rotom|Will-O-Wisp|p2a: Audino|[miss]
|-miss|p1b: Rotom|p2a: Audino
|
|upkeep
|
|t:|1785511878
|switch|p1a: Garchomp|Garchomp, L50, M|100/100
|turn|3
|
|t:|1785511890
|detailschange|p1a: Garchomp|Garchomp-Mega, L50, M
|-mega|p1a: Garchomp|Garchomp|Garchompite
|move|p2a: Audino|Dazzling Gleam|p1a: Garchomp|[spread] p1a,p1b
|-supereffective|p1a: Garchomp|1
|-damage|p1a: Garchomp|63/100
|-damage|p1b: Rotom|42/100
|move|p2b: Incineroar|Parting Shot|p1a: Garchomp
|-unboost|p1a: Garchomp|atk|1
|-unboost|p1a: Garchomp|spa|1
|
|t:|1785511895
|switch|p2b: Farigiraf|Farigiraf, L50, F|100/100|[from] Parting Shot
|move|p1b: Rotom|Hydro Pump|p2b: Farigiraf
|-damage|p2b: Farigiraf|61/100
|move|p1a: Garchomp|Draco Meteor|p2b: Farigiraf
|-damage|p2b: Farigiraf|27/100
|-unboost|p1a: Garchomp|spa|2
|
|upkeep
|turn|4
|
|t:|1785511912
|switch|p1a: Tyranitar|Tyranitar, L50, M|100/100
|-weather|Sandstorm|[from] ability: Sand Stream|[of] p1a: Tyranitar
|move|p2a: Audino|Dazzling Gleam|p1b: Rotom|[spread] p1a,p1b
|-supereffective|p1a: Tyranitar|1
|-damage|p1a: Tyranitar|78/100
|-damage|p1b: Rotom|26/100
|move|p2b: Farigiraf|Psyshock|p1b: Rotom
|-damage|p1b: Rotom|0 fnt
|faint|p1b: Rotom
|
|-weather|Sandstorm|[upkeep]
|-damage|p2a: Audino|94/100|[from] Sandstorm
|-damage|p2b: Farigiraf|21/100|[from] Sandstorm
|upkeep
|
|t:|1785511922
|switch|p1b: Garchomp|Garchomp-Mega, L50, M|63/100
|turn|5
|
|t:|1785511931
|move|p1a: Tyranitar|Rock Slide|p2b: Farigiraf|[spread] p2a,p2b
|-damage|p2a: Audino|77/100
|-damage|p2b: Farigiraf|0 fnt
|faint|p2b: Farigiraf
|move|p1b: Garchomp|Earth Power|p2a: Audino
|-damage|p2a: Audino|37/100
|cant|p2a: Audino|flinch
|
|-weather|Sandstorm|[upkeep]
|-damage|p2a: Audino|31/100|[from] Sandstorm
|-fieldend|move: Trick Room
|upkeep
|
|t:|1785511936
|switch|p2b: Incineroar|Incineroar, L50, M|81/100
|-ability|p2b: Incineroar|Intimidate|boost
|-unboost|p1a: Tyranitar|atk|1
|-unboost|p1b: Garchomp|atk|1
|turn|6
|
|t:|1785511948
|move|p1b: Garchomp|Protect|p1b: Garchomp
|-singleturn|p1b: Garchomp|Protect
|move|p1a: Tyranitar|Protect|p1a: Tyranitar
|-singleturn|p1a: Tyranitar|Protect
|move|p2b: Incineroar|Fake Out|p1b: Garchomp
|-activate|p1b: Garchomp|move: Protect
|move|p2a: Audino|Trick Room|p2a: Audino
|-fieldstart|move: Trick Room|[of] p2a: Audino
|
|-weather|Sandstorm|[upkeep]
|-damage|p2a: Audino|25/100|[from] Sandstorm
|-damage|p2b: Incineroar|75/100|[from] Sandstorm
|upkeep
|turn|7
|
|t:|1785511955
|move|p2a: Audino|Dazzling Gleam|p1a: Tyranitar|[spread] p1a,p1b
|-supereffective|p1a: Tyranitar|1
|-supereffective|p1b: Garchomp|1
|-damage|p1a: Tyranitar|57/100
|-damage|p1b: Garchomp|26/100
|move|p2b: Incineroar|Throat Chop|p1b: Garchomp
|-crit|p1b: Garchomp
|-damage|p1b: Garchomp|0 fnt
|faint|p1b: Garchomp
|move|p1a: Tyranitar|Rock Slide|p2b: Incineroar|[spread] p2a,p2b
|-supereffective|p2b: Incineroar|1
|-damage|p2a: Audino|14/100
|-damage|p2b: Incineroar|42/100
|-enditem|p2b: Incineroar|Sitrus Berry|[eat]
|-heal|p2b: Incineroar|66/100|[from] item: Sitrus Berry
|
|-weather|Sandstorm|[upkeep]
|-damage|p2a: Audino|8/100|[from] Sandstorm
|-damage|p2b: Incineroar|60/100|[from] Sandstorm
|upkeep
|turn|8
|
|t:|1785511970
|move|p2a: Audino|Life Dew|p2a: Audino|[spread] p2a,p2b
|-heal|p2a: Audino|33/100
|-heal|p2b: Incineroar|86/100
|move|p2b: Incineroar|Parting Shot|p1a: Tyranitar
|-unboost|p1a: Tyranitar|atk|1
|-unboost|p1a: Tyranitar|spa|1
|
|t:|1785511972
|switch|p2b: Torkoal|Torkoal, L50, F|100/100|[from] Parting Shot
|-weather|SunnyDay|[from] ability: Drought|[of] p2b: Torkoal
|move|p1a: Tyranitar|Rock Slide|p2a: Audino|[spread] p2a,p2b
|-supereffective|p2b: Torkoal|1
|-damage|p2a: Audino|24/100
|-damage|p2b: Torkoal|78/100
|
|-weather|SunnyDay|[upkeep]
|upkeep
|turn|9
|
|t:|1785511977
|move|p2b: Torkoal|Earth Power|p1a: Tyranitar
|-supereffective|p1a: Tyranitar|1
|-damage|p1a: Tyranitar|14/100
|move|p2a: Audino|Life Dew|p2a: Audino|[spread] p2a,p2b
|-heal|p2a: Audino|49/100
|-heal|p2b: Torkoal|100/100
|move|p1a: Tyranitar|Rock Slide|p2a: Audino|[spread] p2a
|-miss|p1a: Tyranitar|p2b: Torkoal
|-damage|p2a: Audino|41/100
|
|-weather|SunnyDay|[upkeep]
|upkeep
|turn|10
|
|t:|1785511983
|move|p2b: Torkoal|Eruption|p1a: Tyranitar
|-resisted|p1a: Tyranitar|1
|-damage|p1a: Tyranitar|0 fnt
|faint|p1a: Tyranitar
|
|win|KrystalKiwii
|raw|musse67's rating: 1090 → 1072(-18 for losing)
|raw|KrystalKiwii's rating: 1166 → 1186(+20 for winning)
|c|☆KrystalKiwii|ggs
