|j|☆glitchy_potat
|j|☆Ronansting
|html|glitchy_potatRonansting    
|uhtml|bestof|Game 3 of a best-of-3
|t:|1755533992
|gametype|doubles
|player|p1|glitchy_potat|fantina|1294
|player|p2|Ronansting|baker|1457
|gen|9
|tier|[Gen 9] VGC 2025 Reg H (Bo3)
|rated|
|rule|Species Clause: Limit one of each Pokémon
|rule|Item Clause: Limit 1 of each item
|clearpoke
|poke|p1|Kingambit, L50, F|
|poke|p1|Sneasler, L50, M|
|poke|p1|Electabuzz, L50, F|
|poke|p1|Dragonite, L50, F|
|poke|p1|Rillaboom, L50, M|
|poke|p1|Volcarona, L50, M|
|poke|p2|Archaludon, L50, M|
|poke|p2|Pelipper, L50, F|
|poke|p2|Indeedee, L50, M|
|poke|p2|Amoonguss, L50, F|
|poke|p2|Basculegion, L50, M|
|poke|p2|Hydreigon, L50, M|
|teampreview|4
|showteam|p1|Kingambit||BlackGlasses|Defiant|KowtowCleave,SuckerPunch,SwordsDance,Protect|||F|||50|,,,,,Flying]Sneasler||FocusSash|Unburden|DireClaw,CloseCombat,FakeOut,Protect|||M|||50|,,,,,Stellar]Electabuzz||Eviolite|VitalSpirit|Electroweb,Taunt,FollowMe,Protect|||F|||50|,,,,,Ghost]Dragonite||LoadedDice|Multiscale|ScaleShot,Tailwind,Haze,Protect|||F|||50|,,,,,Fairy]Rillaboom||AssaultVest|GrassySurge|WoodHammer,GrassyGlide,Uturn,FakeOut|||M|||50|,,,,,Fire]Volcarona||CovertCloak|FlameBody|QuiverDance,HeatWave,TeraBlast,Protect|||M|||50|,,,,,Fairy
|showteam|p2|Archaludon||AssaultVest|Stamina|ElectroShot,DracoMeteor,BodyPress,FlashCannon|||M|||50|,,,,,Grass]Pelipper||FocusSash|Drizzle|WeatherBall,Hurricane,Tailwind,Protect|||F|||50|,,,,,Ghost]Indeedee||ChoiceScarf|PsychicSurge|ExpandingForce,TeraBlast,Trick,DazzlingGleam|||M|||50|,,,,,Ground]Amoonguss||SitrusBerry|Regenerator|Spore,SludgeBomb,Protect,RagePowder|||F|||50|,,,,,Water]Basculegion||ChoiceBand|SwiftSwim|FlipTurn,WaveCrash,LastRespects,AquaJet|||M|||50|,,,,,Poison]Hydreigon||CovertCloak|Levitate|Taunt,Snarl,DracoMeteor,EarthPower|||M|||50|,,,,,Fairy
|inactive|Battle timer is ON: inactive players will automatically lose when time's up. (requested by glitchy_potat)
|
|t:|1755534029
|teamsize|p1|4
|teamsize|p2|4
|start
|switch|p1a: Electabuzz|Electabuzz, L50, F|100/100
|switch|p1b: Volcarona|Volcarona, L50, M|100/100
|switch|p2a: Schmooner|Amoonguss, L50, F|100/100
|switch|p2b: Empire|Basculegion, L50, M|100/100
|turn|1
|
|t:|1755534051
|switch|p2a: Smellypper|Pelipper, L50, F|100/100
|-weather|RainDance|[from] ability: Drizzle|[of] p2a: Smellypper
|move|p1a: Electabuzz|Follow Me|p1a: Electabuzz
|-singleturn|p1a: Electabuzz|move: Follow Me
|move|p2b: Empire|Wave Crash|p1a: Electabuzz
|-damage|p1a: Electabuzz|0 fnt
|faint|p1a: Electabuzz
|-damage|p2b: Empire|71/100|[from] Recoil
|move|p1b: Volcarona|Quiver Dance|p1b: Volcarona
|-boost|p1b: Volcarona|spa|1
|-boost|p1b: Volcarona|spd|1
|-boost|p1b: Volcarona|spe|1
|
|-weather|RainDance|[upkeep]
|upkeep
|
|t:|1755534074
|switch|p1a: Kingambit|Kingambit, L50, F|100/100
|turn|2
|inactive|glitchy_potat has 30 seconds left.
|
|t:|1755534100
|switch|p2b: Arching|Archaludon, L50, M|100/100
|-terastallize|p1b: Volcarona|Fairy
|move|p1b: Volcarona|Quiver Dance|p1b: Volcarona
|-boost|p1b: Volcarona|spa|1
|-boost|p1b: Volcarona|spd|1
|-boost|p1b: Volcarona|spe|1
|move|p2a: Smellypper|Tailwind|p2a: Smellypper
|-sidestart|p2: Ronansting|move: Tailwind
|move|p1a: Kingambit|Swords Dance|p1a: Kingambit
|-boost|p1a: Kingambit|atk|2
|
|-weather|RainDance|[upkeep]
|upkeep
|turn|3
|inactive|glitchy_potat has 30 seconds left.
|
|t:|1755534125
|move|p1a: Kingambit|Sucker Punch|p2b: Arching
|-damage|p2b: Arching|25/100
|-ability|p2b: Arching|Stamina|boost
|-boost|p2b: Arching|def|1
|move|p1b: Volcarona|Heat Wave|p2b: Arching|[spread] p2a,p2b
|-resisted|p2a: Smellypper
|-damage|p2a: Smellypper|67/100
|-damage|p2b: Arching|4/100
|-ability|p2b: Arching|Stamina|boost
|-boost|p2b: Arching|def|1
|move|p2a: Smellypper|Weather Ball|p1b: Volcarona
|-damage|p1b: Volcarona|66/100
|move|p2b: Arching|Electro Shot||[still]
|-prepare|p2b: Arching|Electro Shot
|-boost|p2b: Arching|spa|1
|-anim|p2b: Arching|Electro Shot|p1b: Volcarona
|-damage|p1b: Volcarona|38/100
|
|-weather|RainDance|[upkeep]
|upkeep
|turn|4
|
|t:|1755534149
|switch|p2a: Schmooner|Amoonguss, L50, F|100/100
|move|p1a: Kingambit|Sucker Punch||[still]
|-fail|p1a: Kingambit
|move|p1b: Volcarona|Heat Wave|p2b: Arching|[spread] p2a,p2b
|-supereffective|p2a: Schmooner
|-damage|p2a: Schmooner|43/100
|-damage|p2b: Arching|0 fnt
|-enditem|p2a: Schmooner|Sitrus Berry|[eat]
|-heal|p2a: Schmooner|68/100|[from] item: Sitrus Berry
|faint|p2b: Arching
|
|-weather|RainDance|[upkeep]
|upkeep
|
|t:|1755534156
|switch|p2b: Empire|Basculegion, L50, M|71/100
|turn|5
|
|t:|1755534166
|move|p1b: Volcarona|Protect|p1b: Volcarona
|-singleturn|p1b: Volcarona|Protect
|move|p1a: Kingambit|Protect|p1a: Kingambit
|-singleturn|p1a: Kingambit|Protect
|move|p2a: Schmooner|Rage Powder|p2a: Schmooner
|-singleturn|p2a: Schmooner|move: Rage Powder
|move|p2b: Empire|Wave Crash|p1b: Volcarona
|-activate|p1b: Volcarona|move: Protect
|
|-weather|none
|-sideend|p2: Ronansting|move: Tailwind
|upkeep
|turn|6
|
|t:|1755534188
|switch|p2a: Smellypper|Pelipper, L50, F|67/100
|-weather|RainDance|[from] ability: Drizzle|[of] p2a: Smellypper
|move|p2b: Empire|Wave Crash|p1a: Kingambit
|-damage|p1a: Kingambit|11/100
|-damage|p2b: Empire|40/100|[from] Recoil
|move|p1b: Volcarona|Tera Blast|p2b: Empire|[anim] Tera Blast Fairy
|-damage|p2b: Empire|0 fnt
|faint|p2b: Empire
|move|p1a: Kingambit|Kowtow Cleave|p2a: Smellypper
|-damage|p2a: Smellypper|0 fnt
|faint|p2a: Smellypper
|
|-weather|RainDance|[upkeep]
|upkeep
|c|☆Ronansting|ggs
|-message|Ronansting forfeited.
|
|win|glitchy_potat
|raw|glitchy_potat's rating: 1294 → 1330(+36 for winning)
|raw|Ronansting's rating: 1457 → 1428(-29 for losing)
|l|☆Ronansting
|player|p2|
|c|☆glitchy_potat|Gg
