|j|☆thunderwhite82
|j|☆natsukookie
|html|thunderwhite82natsukookie    
|uhtml|bestof|Game 1 of a best-of-3
|t:|1785600309
|gametype|doubles
|player|p1|thunderwhite82|2|1067
|player|p2|natsukookie|102|1088
|gen|9
|tier|[Gen 9 Champions] VGC 2026 Reg M-B (Bo3)
|rated|
|rule|Species Clause: Limit one of each Pokémon
|rule|Item Clause: Limit 1 of each item
|clearpoke
|poke|p1|Tyranitar, L50, M, shiny|
|poke|p1|Staraptor, L50, F, shiny|
|poke|p1|Houndstone, L50, M|
|poke|p1|Rotom-Wash, L50, shiny|
|poke|p1|Excadrill, L50, M|
|poke|p1|Venusaur, L50, F|
|poke|p2|Hatterene, L50, F|
|poke|p2|Oranguru, L50, F|
|poke|p2|Mawile, L50, M|
|poke|p2|Kangaskhan, L50, F|
|poke|p2|Venusaur, L50, M|
|poke|p2|Torkoal, L50, F|
|teampreview|4
|showteam|p1|Tyranitar||ChoiceScarf|SandStream|RockSlide,KnockOff,IcePunch,LowKick|Jolly||M|||50|]Staraptor||Staraptite|Intimidate|BraveBird,CloseCombat,Tailwind,Protect|Jolly||F|||50|]Houndstone||SitrusBerry|SandRush|LastRespects,WillOWisp,AllySwitch,Protect|Adamant||M|||50|]Rotom-Wash||Magnet|Levitate|HydroPump,Thunderbolt,VoltSwitch,Protect|Modest|||||50|]Excadrill||FocusSash|SandRush|Earthquake,IronHead,RockSlide,Protect|Adamant||M|||50|]Venusaur||Venusaurite|Chlorophyll|SludgeBomb,SleepPowder,EarthPower,Protect|Modest||F|||50|
|showteam|p2|Hatterene||LifeOrb|MagicBounce|Protect,Psychic,TrickRoom,DazzlingGleam|Quiet||F|||50|]Oranguru||MentalHerb|InnerFocus|Protect,Instruct,Psychic,TrickRoom|Bold||F|||50|]Mawile||Mawilite|HyperCutter|SuckerPunch,PlayRough,Protect,IronHead|Brave||M|||50|]Kangaskhan||SilkScarf|Scrappy|LastResort,FakeOut|Brave||F|||50|]Venusaur||FocusSash|Chlorophyll|LeafStorm,SludgeBomb,SleepPowder,Protect|Modest||M|||50|]Torkoal||Charcoal|Drought|Eruption,Protect,EarthPower,HeatWave|Quiet||F|||50|
|inactive|Battle timer is ON: inactive players will automatically lose when time's up. (requested by thunderwhite82)
|inactive|natsukookie has 60 seconds left.
|
|t:|1785600382
|teamsize|p1|4
|teamsize|p2|4
|start
|switch|p1a: Tyranitar|Tyranitar, L50, M, shiny|100/100
|switch|p1b: Excadrill|Excadrill, L50, M|100/100
|switch|p2a: Torkoal|Torkoal, L50, F|100/100
|switch|p2b: Oranguru|Oranguru, L50, F|100/100
|-weather|Sandstorm|[from] ability: Sand Stream|[of] p1a: Tyranitar
|-weather|SunnyDay|[from] ability: Drought|[of] p2a: Torkoal
|turn|1
|
|t:|1785600402
|move|p2a: Torkoal|Protect|p2a: Torkoal
|-singleturn|p2a: Torkoal|Protect
|move|p1a: Tyranitar|Knock Off|p2b: Oranguru
|-supereffective|p2b: Oranguru|1
|-crit|p2b: Oranguru
|-damage|p2b: Oranguru|0 fnt
|-enditem|p2b: Oranguru|Mental Herb|[from] move: Knock Off|[of] p1a: Tyranitar
|faint|p2b: Oranguru
|move|p1b: Excadrill|Iron Head|p2a: Torkoal
|-activate|p2a: Torkoal|move: Protect
|
|-weather|SunnyDay|[upkeep]
|upkeep
|
|t:|1785600414
|switch|p2b: Kangaskhan|Kangaskhan, L50, F|100/100
|turn|2
|
|t:|1785600423
|switch|p1a: Staraptor|Staraptor, L50, F, shiny|100/100
|-ability|p1a: Staraptor|Intimidate|boost
|-unboost|p2a: Torkoal|atk|1
|-fail|p2b: Kangaskhan|unboost|Attack|[from] ability: Scrappy|[of] p2b: Kangaskhan
|move|p2b: Kangaskhan|Fake Out|p1b: Excadrill
|-resisted|p1b: Excadrill|1
|-damage|p1b: Excadrill|82/100
|cant|p1b: Excadrill|flinch
|move|p2a: Torkoal|Eruption|p1b: Excadrill|[spread] p1a,p1b
|-supereffective|p1b: Excadrill|1
|-damage|p1a: Staraptor|0 fnt
|-damage|p1b: Excadrill|0 fnt
|faint|p1a: Staraptor
|faint|p1b: Excadrill
|
|-weather|SunnyDay|[upkeep]
|upkeep
|
|t:|1785600445
|switch|p1a: Tyranitar|Tyranitar, L50, M, shiny|100/100
|switch|p1b: Rotom|Rotom-Wash, L50, shiny|100/100
|-weather|Sandstorm|[from] ability: Sand Stream|[of] p1a: Tyranitar
|turn|3
|
|t:|1785600469
|switch|p2b: Mawile|Mawile, L50, M|100/100
|move|p2a: Torkoal|Protect|p2a: Torkoal
|-singleturn|p2a: Torkoal|Protect
|move|p1a: Tyranitar|Rock Slide|p2a: Torkoal|[spread] p2b
|-activate|p2a: Torkoal|move: Protect
|-resisted|p2b: Mawile|1
|-damage|p2b: Mawile|78/100
|move|p1b: Rotom|Thunderbolt|p2a: Torkoal
|-activate|p2a: Torkoal|move: Protect
|
|-weather|Sandstorm|[upkeep]
|-damage|p1b: Rotom|94/100|[from] Sandstorm
|-damage|p2a: Torkoal|93/100|[from] Sandstorm
|upkeep
|turn|4
|
|t:|1785600494
|switch|p2a: Kangaskhan|Kangaskhan, L50, F|100/100
|move|p2b: Mawile|Protect|p2b: Mawile
|-singleturn|p2b: Mawile|Protect
|move|p1a: Tyranitar|Rock Slide|p2a: Kangaskhan|[spread] p2a
|-activate|p2b: Mawile|move: Protect
|-damage|p2a: Kangaskhan|71/100
|move|p1b: Rotom|Hydro Pump|p2a: Kangaskhan
|-damage|p2a: Kangaskhan|18/100
|
|-weather|Sandstorm|[upkeep]
|-damage|p1b: Rotom|88/100|[from] Sandstorm
|-damage|p2a: Kangaskhan|12/100|[from] Sandstorm
|upkeep
|turn|5
|inactive|thunderwhite82 has 30 seconds left.
|
|t:|1785600521
|detailschange|p2b: Mawile|Mawile-Mega, L50, M
|-mega|p2b: Mawile|Mawile|Mawilite
|move|p2a: Kangaskhan|Fake Out|p1a: Tyranitar
|-resisted|p1a: Tyranitar|1
|-damage|p1a: Tyranitar|90/100
|cant|p1a: Tyranitar|flinch
|move|p1b: Rotom|Thunderbolt|p2b: Mawile
|-damage|p2b: Mawile|19/100
|move|p2b: Mawile|Iron Head|p1a: Tyranitar
|-supereffective|p1a: Tyranitar|1
|-damage|p1a: Tyranitar|0 fnt
|faint|p1a: Tyranitar
|
|-weather|Sandstorm|[upkeep]
|-damage|p1b: Rotom|82/100|[from] Sandstorm
|-damage|p2a: Kangaskhan|6/100|[from] Sandstorm
|upkeep
|turn|6
|
|t:|1785600543
|move|p2b: Mawile|Sucker Punch|p1b: Rotom
|-damage|p1b: Rotom|36/100
|move|p1b: Rotom|Thunderbolt|p2b: Mawile
|-damage|p2b: Mawile|0 fnt
|faint|p2b: Mawile
|move|p2a: Kangaskhan|Last Resort|p1b: Rotom
|-damage|p1b: Rotom|0 fnt
|faint|p1b: Rotom
|
|win|natsukookie
|inactive|thunderwhite82 has 30 seconds to confirm battle start!
|inactive|natsukookie has 30 seconds to confirm battle start!
||natsukookie is ready for game 2.
