|j|☆Thoorus
|j|☆ushitsune
|html|Thoorusushitsune    
|uhtml|bestof|Game 2 of a best-of-3
|t:|1757661214
|gametype|doubles
|player|p1|Thoorus|cyrus|1072
|player|p2|ushitsune|steven|1114
|gen|9
|tier|[Gen 9] VGC 2025 Reg H (Bo3)
|rated|
|rule|Species Clause: Limit one of each Pokémon
|rule|Item Clause: Limit 1 of each item
|clearpoke
|poke|p1|Incineroar, L50, F|
|poke|p1|Ninetales-Alola, L50, M|
|poke|p1|Dragonite, L50, F|
|poke|p1|Kingambit, L50, F|
|poke|p1|Sinistcha, L50|
|poke|p1|Ursaluna-Bloodmoon, L50, M|
|poke|p2|Sylveon, L50, M|
|poke|p2|Vaporeon, L50, F|
|poke|p2|Umbreon, L50, M|
|poke|p2|Espeon, L50, M|
|poke|p2|Glaceon, L50, F|
|poke|p2|Jolteon, L50, F|
|teampreview|4
|showteam|p1|Incineroar||SafetyGoggles|Intimidate|KnockOff,FlareBlitz,FakeOut,PartingShot|||F|||50|,,,,,Ghost]Ninetales-Alola||FocusSash|SnowWarning|Protect,AuroraVeil,FreezeDry,Blizzard|||M|||50|,,,,,Ice]Dragonite||LoadedDice|Multiscale|Tailwind,HelpingHand,ScaleShot,Haze|||F|||50|,,,,,Steel]Kingambit||BlackGlasses|Defiant|SuckerPunch,KowtowCleave,SwordsDance,Protect|||F|||50|,,,,,Dark]Sinistcha||SitrusBerry|Hospitality|MatchaGotcha,TrickRoom,RagePowder,LifeDew||||||50|,,,,,Water]Ursaluna-Bloodmoon||LifeOrb|MindsEye|BloodMoon,EarthPower,HyperVoice,Protect|||M|||50|,,,,,Normal
|showteam|p2|Sylveon||CovertCloak|Pixilate|HyperVoice,Protect,Yawn,Psyshock|||M|||50|,,,,,Fire]Vaporeon||SitrusBerry|WaterAbsorb|Scald,Haze,Protect,HelpingHand|||F|||50|,,,,,Dark]Umbreon||SafetyGoggles|InnerFocus|Taunt,FoulPlay,Snarl,Moonlight|||M|||50|,,,,,Poison]Espeon||LifeOrb|MagicBounce|Psyshock,DazzlingGleam,Protect,ShadowBall|||M|||50|,,,,,Fairy]Glaceon||AssaultVest|SnowCloak|IcyWind,TeraBlast,FreezeDry,ShadowBall|||F|||50|,,,,,Fire]Jolteon||FocusSash|VoltAbsorb|Thunderbolt,ThunderWave,Protect,AlluringVoice|||F|||50|,,,,,Grass
|
|t:|1757661245
|teamsize|p1|4
|teamsize|p2|4
|start
|switch|p1a: Incineroar|Incineroar, L50, F|100/100
|switch|p1b: Ursaluna|Ursaluna-Bloodmoon, L50, M|100/100
|switch|p2a: Glaceon|Glaceon, L50, F, shiny|100/100
|switch|p2b: Jolteon|Jolteon, L50, F, shiny|100/100
|-ability|p1a: Incineroar|Intimidate|boost
|-unboost|p2a: Glaceon|atk|1
|-unboost|p2b: Jolteon|atk|1
|turn|1
|
|t:|1757661281
|-terastallize|p1b: Ursaluna|Normal
|move|p2b: Jolteon|Protect|p2b: Jolteon
|-singleturn|p2b: Jolteon|Protect
|move|p1a: Incineroar|Fake Out|p2a: Glaceon
|-damage|p2a: Glaceon|88/100
|move|p1b: Ursaluna|Blood Moon|p2b: Jolteon
|-activate|p2b: Jolteon|move: Protect
|cant|p2a: Glaceon|flinch
|
|upkeep
|turn|2
|
|t:|1757661307
|move|p2b: Jolteon|Thunder Wave|p1a: Incineroar
|-status|p1a: Incineroar|par
|move|p1b: Ursaluna|Hyper Voice|p2a: Glaceon|[spread] p2a,p2b
|-damage|p2a: Glaceon|39/100
|-damage|p2b: Jolteon|5/100
|-damage|p1b: Ursaluna|91/100|[from] item: Life Orb
|move|p2a: Glaceon|Freeze-Dry|p1b: Ursaluna
|-damage|p1b: Ursaluna|41/100
|move|p1a: Incineroar|Flare Blitz|p2a: Glaceon
|-supereffective|p2a: Glaceon
|-damage|p2a: Glaceon|0 fnt
|faint|p2a: Glaceon
|-damage|p1a: Incineroar|90/100 par|[from] Recoil
|
|upkeep
|
|t:|1757661321
|switch|p2a: Espeon|Espeon, L50, M, shiny|100/100
|turn|3
|
|t:|1757661342
|-terastallize|p2a: Espeon|Fairy
|move|p2b: Jolteon|Thunderbolt|p1b: Ursaluna
|-damage|p1b: Ursaluna|0 fnt
|faint|p1b: Ursaluna
|move|p2a: Espeon|Dazzling Gleam|p1a: Incineroar
|-damage|p1a: Incineroar|42/100 par
|-damage|p2a: Espeon|90/100|[from] item: Life Orb
|move|p1a: Incineroar|Knock Off|p2a: Espeon
|-resisted|p2a: Espeon
|-damage|p2a: Espeon|43/100
|-enditem|p2a: Espeon|Life Orb|[from] move: Knock Off|[of] p1a: Incineroar
|
|upkeep
|
|t:|1757661348
|switch|p1b: Ninetales|Ninetales-Alola, L50, M|100/100
|-weather|Snowscape|[from] ability: Snow Warning|[of] p1b: Ninetales
|turn|4
|
|t:|1757661360
|move|p2b: Jolteon|Thunder Wave|p1b: Ninetales
|-status|p1b: Ninetales|par
|move|p2a: Espeon|Dazzling Gleam|p1a: Incineroar|[spread] p1a,p1b
|-damage|p1a: Incineroar|10/100 par
|-damage|p1b: Ninetales|64/100 par
|move|p1b: Ninetales|Blizzard|p2b: Jolteon|[spread] p2a,p2b
|-damage|p2a: Espeon|0 fnt
|-damage|p2b: Jolteon|0 fnt
|faint|p2a: Espeon
|faint|p2b: Jolteon
|move|p1a: Incineroar|Flare Blitz|p2: Espeon|[notarget]
|-fail|p1a: Incineroar
|
|-weather|Snowscape|[upkeep]
|upkeep
|
|t:|1757661374
|switch|p2b: Sylveon|Sylveon, L50, M|100/100
|turn|5
|
|t:|1757661379
|move|p2b: Sylveon|Hyper Voice|p1b: Ninetales|[spread] p1a,p1b
|-damage|p1a: Incineroar|0 fnt
|-damage|p1b: Ninetales|15/100 par
|faint|p1a: Incineroar
|move|p1b: Ninetales|Blizzard|p2b: Sylveon
|-damage|p2b: Sylveon|66/100
|
|-weather|Snowscape|[upkeep]
|upkeep
|
|t:|1757661386
|switch|p1a: Kingambit|Kingambit, L50, F|100/100
|turn|6
|
|t:|1757661396
|move|p1b: Ninetales|Protect|p1b: Ninetales
|-singleturn|p1b: Ninetales|Protect
|move|p1a: Kingambit|Sucker Punch||[still]
|-fail|p1a: Kingambit
|move|p2b: Sylveon|Yawn|p1a: Kingambit
|-start|p1a: Kingambit|move: Yawn|[of] p2b: Sylveon
|
|-weather|Snowscape|[upkeep]
|upkeep
|turn|7
|
|t:|1757661409
|move|p2b: Sylveon|Protect|p2b: Sylveon
|-singleturn|p2b: Sylveon|Protect
|move|p1b: Ninetales|Blizzard|p2b: Sylveon
|-activate|p2b: Sylveon|move: Protect
|move|p1a: Kingambit|Kowtow Cleave|p2b: Sylveon
|-activate|p2b: Sylveon|move: Protect
|
|-weather|Snowscape|[upkeep]
|-end|p1a: Kingambit|move: Yawn|[silent]
|-status|p1a: Kingambit|slp
|upkeep
|turn|8
|
|t:|1757661418
|move|p1b: Ninetales|Protect|p1b: Ninetales
|-singleturn|p1b: Ninetales|Protect
|move|p2b: Sylveon|Hyper Voice|p1b: Ninetales|[spread] p1a
|-activate|p1b: Ninetales|move: Protect
|-damage|p1a: Kingambit|65/100 slp
|cant|p1a: Kingambit|slp
|
|-weather|none
|upkeep
|turn|9
|
|t:|1757661427
|cant|p1a: Kingambit|slp
|move|p2b: Sylveon|Hyper Voice|p1a: Kingambit|[spread] p1a,p1b
|-damage|p1a: Kingambit|29/100 slp
|-damage|p1b: Ninetales|0 fnt
|faint|p1b: Ninetales
|
|upkeep
|turn|10
|
|t:|1757661433
|cant|p1a: Kingambit|slp
|move|p2b: Sylveon|Hyper Voice|p1a: Kingambit
|-damage|p1a: Kingambit|0 fnt
|faint|p1a: Kingambit
|
|win|ushitsune
||Thoorus is ready for game 3.
||ushitsune is ready for game 3.
|uhtml|next|Next: Game 3 of 3
|l|☆Thoorus
|player|p1|
|l|☆ushitsune
|player|p2|
