|j|☆breloomb01
|j|☆new mental
|html|breloomb01new mental    
|uhtml|bestof|Game 3 of a best-of-3
|t:|1783349546
|gametype|doubles
|player|p1|breloomb01|roughneck|1321
|player|p2|new mental|volkner|1466
|gen|9
|tier|[Gen 9 Champions] VGC 2026 Reg M-B (Bo3)
|rated|
|rule|Species Clause: Limit one of each Pokémon
|rule|Item Clause: Limit 1 of each item
|clearpoke
|poke|p1|Gengar, L50, M, shiny|
|poke|p1|Swampert, L50, M, shiny|
|poke|p1|Incineroar, L50, M, shiny|
|poke|p1|Politoed, L50, M, shiny|
|poke|p1|Archaludon, L50, M, shiny|
|poke|p1|Vivillon-Polar, L50, F|
|poke|p2|Aerodactyl, L50, F|
|poke|p2|Garchomp, L50, M|
|poke|p2|Kingambit, L50, M|
|poke|p2|Charizard, L50, F|
|poke|p2|Sylveon, L50, F|
|poke|p2|Farigiraf, L50, F|
|teampreview|4
|showteam|p1|Gengar||Gengarite|CursedBody|ShadowBall,PerishSong,SludgeBomb,Protect|Timid||M|||50|]Swampert||Swampertite|Torrent|WaveCrash,Earthquake,IcePunch,Protect|Adamant||M|||50|]Incineroar||PasshoBerry|Intimidate|ThroatChop,PartingShot,FakeOut,Protect|Sassy||M|||50|]Politoed||SitrusBerry|Drizzle|WeatherBall,PerishSong,Encore,Protect|Calm||M|||50|]Archaludon||Leftovers|Stamina|DragonPulse,FlashCannon,ElectroShot,Protect|Bold||M|||50|]Vivillon-Polar||FocusSash|CompoundEyes|Hurricane,SleepPowder,RagePowder,Protect|Timid||F|||50|
|showteam|p2|Aerodactyl||Aerodactylite|Unnerve|IceFang,RockSlide,Tailwind,DualWingbeat|Jolly||F|||50|]Garchomp||LifeOrb|RoughSkin|DragonClaw,StompingTantrum,Earthquake,Protect|Jolly||M|||50|]Kingambit||FocusSash|Defiant|SuckerPunch,KowtowCleave,IronHead,LowKick|Adamant||M|||50|]Charizard||CharizarditeY|SolarPower|Protect,HeatWave,SolarBeam,WeatherBall|Timid||F|||50|]Sylveon||FairyFeather|Pixilate|Protect,HyperVoice,HyperBeam,QuickAttack|Modest||F|||50|]Farigiraf||SitrusBerry|ArmorTail|TrickRoom,Thunderbolt,Psychic,Roar|Bold||F|||50|
|inactive|Battle timer is ON: inactive players will automatically lose when time's up. (requested by new mental)
|
|t:|1783349554
|teamsize|p1|4
|teamsize|p2|4
|start
|switch|p1a: Swampert|Swampert, L50, M, shiny|100/100
|switch|p1b: Vivillon|Vivillon-Polar, L50, F|100/100
|switch|p2a: Sylveon|Sylveon, L50, F|100/100
|switch|p2b: Farigiraf|Farigiraf, L50, F|100/100
|turn|1
|inactive|new mental has 30 seconds left.
|
|t:|1783349586
|detailschange|p1a: Swampert|Swampert-Mega, L50, M, shiny
|-mega|p1a: Swampert|Swampert|Swampertite
|move|p1b: Vivillon|Sleep Powder|p2b: Farigiraf
|-status|p2b: Farigiraf|slp|[from] move: Sleep Powder
|move|p1a: Swampert|Earthquake|p2a: Sylveon|[spread] p2a,p2b
|-immune|p1b: Vivillon
|-damage|p2a: Sylveon|47/100
|-damage|p2b: Farigiraf|61/100 slp
|move|p2a: Sylveon|Hyper Voice|p1b: Vivillon|[spread] p1a,p1b
|-damage|p1a: Swampert|55/100
|-damage|p1b: Vivillon|7/100
|cant|p2b: Farigiraf|slp
|
|upkeep
|turn|2
|
|t:|1783349602
|move|p1b: Vivillon|Protect|p1b: Vivillon
|-singleturn|p1b: Vivillon|Protect
|move|p2a: Sylveon|Quick Attack|p1b: Vivillon
|-activate|p1b: Vivillon|move: Protect
|move|p1a: Swampert|Earthquake|p2b: Farigiraf|[spread] p2a,p2b
|-activate|p1b: Vivillon|move: Protect
|-damage|p2a: Sylveon|0 fnt
|-damage|p2b: Farigiraf|25/100 slp
|-enditem|p2b: Farigiraf|Sitrus Berry|[eat]
|-heal|p2b: Farigiraf|50/100g slp|[from] item: Sitrus Berry
|faint|p2a: Sylveon
|cant|p2b: Farigiraf|slp
|
|upkeep
|
|t:|1783349613
|switch|p2a: Kingambit|Kingambit, L50, M|100/100
|turn|3
|
|t:|1783349617
|move|p2a: Kingambit|Sucker Punch|p1a: Swampert
|-damage|p1a: Swampert|16/100
|move|p1b: Vivillon|Sleep Powder|p2a: Kingambit
|-status|p2a: Kingambit|slp|[from] move: Sleep Powder
|move|p1a: Swampert|Wave Crash|p2b: Farigiraf
|-damage|p2b: Farigiraf|0 fnt
|faint|p2b: Farigiraf
|-damage|p1a: Swampert|0 fnt|[from] Recoil
|faint|p1a: Swampert
|
|upkeep
|
|t:|1783349623
|switch|p1a: Politoed|Politoed, L50, M, shiny|100/100
|switch|p2b: Charizard|Charizard, L50, F|100/100
|-weather|RainDance|[from] ability: Drizzle|[of] p1a: Politoed
|turn|4
|
|t:|1783349634
|detailschange|p2b: Charizard|Charizard-Mega-Y, L50, F
|-mega|p2b: Charizard|Charizard|Charizardite Y
|-weather|SunnyDay|[from] ability: Drought|[of] p2b: Charizard
|move|p1b: Vivillon|Rage Powder|p1b: Vivillon
|-singleturn|p1b: Vivillon|move: Rage Powder
|move|p2b: Charizard|Solar Beam||[still]
|-prepare|p2b: Charizard|Solar Beam
|-anim|p2b: Charizard|Solar Beam|p1b: Vivillon
|-resisted|p1b: Vivillon|2
|-damage|p1b: Vivillon|0 fnt
|faint|p1b: Vivillon
|cant|p2a: Kingambit|slp
|move|p1a: Politoed|Perish Song|p1a: Politoed
|-start|p1a: Politoed|perish3|[silent]
|-start|p2a: Kingambit|perish3|[silent]
|-start|p2b: Charizard|perish3|[silent]
|-fieldactivate|move: Perish Song
|
|-weather|SunnyDay|[upkeep]
|-start|p2b: Charizard|perish3
|-start|p2a: Kingambit|perish3
|-start|p1a: Politoed|perish3
|upkeep
|
|t:|1783349637
|switch|p1b: Incineroar|Incineroar, L50, M, shiny|100/100
|-ability|p1b: Incineroar|Intimidate|boost
|-unboost|p2a: Kingambit|atk|1
|-ability|p2a: Kingambit|Defiant|boost
|-boost|p2a: Kingambit|atk|2
|-unboost|p2b: Charizard|atk|1
|turn|5
|
|t:|1783349646
|move|p1a: Politoed|Protect|p1a: Politoed
|-singleturn|p1a: Politoed|Protect
|move|p1b: Incineroar|Protect|p1b: Incineroar
|-singleturn|p1b: Incineroar|Protect
|move|p2b: Charizard|Solar Beam||[still]
|-prepare|p2b: Charizard|Solar Beam
|-anim|p2b: Charizard|Solar Beam|p1a: Politoed
|-activate|p1a: Politoed|move: Protect
|-curestatus|p2a: Kingambit|slp|[msg]
|move|p2a: Kingambit|Low Kick|p1b: Incineroar
|-activate|p1b: Incineroar|move: Protect
|
|-weather|SunnyDay|[upkeep]
|-start|p2b: Charizard|perish2
|-start|p2a: Kingambit|perish2
|-start|p1a: Politoed|perish2
|upkeep
|turn|6
|
|t:|1783349656
|move|p1a: Politoed|Protect||[still]
|-fail|p1a: Politoed
|move|p1b: Incineroar|Protect||[still]
|-fail|p1b: Incineroar
|move|p2b: Charizard|Solar Beam||[still]
|-prepare|p2b: Charizard|Solar Beam
|-anim|p2b: Charizard|Solar Beam|p1a: Politoed
|-supereffective|p1a: Politoed|1
|-damage|p1a: Politoed|35/100
|-enditem|p1a: Politoed|Sitrus Berry|[eat]
|-heal|p1a: Politoed|60/100|[from] item: Sitrus Berry
|move|p2a: Kingambit|Low Kick|p1b: Incineroar
|-supereffective|p1b: Incineroar|1
|-damage|p1b: Incineroar|19/100
|
|-weather|SunnyDay|[upkeep]
|-start|p2b: Charizard|perish1
|-start|p2a: Kingambit|perish1
|-start|p1a: Politoed|perish1
|upkeep
|turn|7
|inactive|breloomb01 has 30 seconds left.
|
|t:|1783349686
|move|p1a: Politoed|Protect|p1a: Politoed
|-singleturn|p1a: Politoed|Protect
|move|p1b: Incineroar|Protect|p1b: Incineroar
|-singleturn|p1b: Incineroar|Protect
|move|p2b: Charizard|Heat Wave|p1a: Politoed|[spread] 
|-activate|p1a: Politoed|move: Protect
|-activate|p1b: Incineroar|move: Protect
|move|p2a: Kingambit|Kowtow Cleave|p1b: Incineroar
|-activate|p1b: Incineroar|move: Protect
|
|-weather|SunnyDay|[upkeep]
|-start|p2b: Charizard|perish0
|-start|p2a: Kingambit|perish0
|-start|p1a: Politoed|perish0
|faint|p2b: Charizard
|faint|p2a: Kingambit
|faint|p1a: Politoed
|
|win|breloomb01
|raw|breloomb01's rating: 1321 → 1349(+28 for winning)
|raw|new mental's rating: 1466 → 1438(-28 for losing)
