|j|☆ageil2
|j|☆CrawlingKingSnake
|html|ageil2CrawlingKingSnake    
|uhtml|bestof|Game 3 of a best-of-3
|t:|1785291983
|gametype|doubles
|player|p1|ageil2|266|1366
|player|p2|CrawlingKingSnake|kamado-armor|1238
|gen|9
|tier|[Gen 9 Champions] VGC 2026 Reg M-B (Bo3)
|rated|
|rule|Species Clause: Limit one of each Pokémon
|rule|Item Clause: Limit 1 of each item
|clearpoke
|poke|p1|Raichu, L50, F|
|poke|p1|Sylveon, L50, M|
|poke|p1|Staraptor, L50, M|
|poke|p1|Incineroar, L50, M|
|poke|p1|Toxapex, L50, F|
|poke|p1|Annihilape, L50, F|
|poke|p2|Floette-Eternal, L50, F|
|poke|p2|Palafin, L50, F, shiny|
|poke|p2|Incineroar, L50, M|
|poke|p2|Toxapex, L50, M|
|poke|p2|Delphox, L50, M|
|poke|p2|Kingambit, L50, M|
|teampreview|4
|showteam|p1|Raichu||RaichuniteY|LightningRod|ZapCannon,FocusBlast,FakeOut,Protect|Timid||F|||50|]Sylveon||SitrusBerry|Pixilate|HyperVoice,Moonblast,CalmMind,Detect|Modest||M|||50|]Staraptor||Staraptite|Intimidate|CloseCombat,BraveBird,Tailwind,Protect|Jolly||M|||50|]Incineroar||PasshoBerry|Intimidate|FakeOut,PartingShot,FlareBlitz,DarkestLariat|Impish||M|||50|]Toxapex||Leftovers|Regenerator|Toxic,Infestation,WideGuard,BanefulBunker|Sassy||F|||50|]Annihilape||ChoiceScarf|Defiant|PhantomForce,CloseCombat,RockSlide,IcePunch|Adamant||F|||50|
|showteam|p2|Floette-Eternal||Floettite|FlowerVeil|DazzlingGleam,DrainingKiss,CalmMind,Protect|Modest||F|||50|]Palafin||LifeOrb|ZerotoHero|WaveCrash,JetPunch,CloseCombat,Protect|Adamant||F|||50|]Incineroar||SitrusBerry|Intimidate|FlareBlitz,FakeOut,DarkestLariat,PartingShot|Careful||M|||50|]Toxapex||Leftovers|Regenerator|Infestation,Toxic,WideGuard,BanefulBunker|Bold||M|||50|]Delphox||Delphoxite|Blaze|HeatWave,Psychic,Substitute,Protect|Timid||M|||50|]Kingambit||FocusSash|Defiant|KowtowCleave,SuckerPunch,IronHead,LowKick|Adamant||M|||50|
|inactive|Battle timer is ON: inactive players will automatically lose when time's up. (requested by CrawlingKingSnake)
|inactive|ageil2 has 60 seconds left.
|inactive|CrawlingKingSnake has 60 seconds left.
|inactive|CrawlingKingSnake has 30 seconds left.
|inactive|CrawlingKingSnake has 20 seconds left.
|inactive|CrawlingKingSnake has 15 seconds left.
|
|t:|1785292064
|teamsize|p1|4
|teamsize|p2|4
|start
|switch|p1a: Raichu|Raichu, L50, F|100/100
|switch|p1b: Annihilape|Annihilape, L50, F|100/100
|switch|p2a: Delphox|Delphox, L50, M|100/100
|switch|p2b: Palafin|Palafin, L50, F, shiny|100/100
|turn|1
|inactive|CrawlingKingSnake has 30 seconds left.
|inactive|CrawlingKingSnake has 20 seconds left.
|
|t:|1785292103
|detailschange|p2a: Delphox|Delphox-Mega, L50, M
|-mega|p2a: Delphox|Delphox|Delphoxite
|detailschange|p1a: Raichu|Raichu-Mega-Y, L50, F
|-mega|p1a: Raichu|Raichu|Raichunite Y
|move|p1b: Annihilape|Phantom Force||[still]
|-prepare|p1b: Annihilape|Phantom Force
|move|p2a: Delphox|Substitute|p2a: Delphox
|-start|p2a: Delphox|Substitute
|-damage|p2a: Delphox|75/100
|move|p1a: Raichu|Zap Cannon|p2a: Delphox
|-end|p2a: Delphox|Substitute
|move|p2b: Palafin|Wave Crash|p1a: Raichu
|-damage|p1a: Raichu|10/100
|-damage|p2b: Palafin|73/100|[from] Recoil
|-damage|p2b: Palafin|63/100|[from] item: Life Orb
|
|upkeep
|turn|2
|inactive|ageil2 has 30 seconds left.
|inactive|CrawlingKingSnake has 30 seconds left.
|
|t:|1785292137
|switch|p2a: Kingambit|Kingambit, L50, M|100/100
|move|p2b: Palafin|Jet Punch|p1a: Raichu
|-damage|p1a: Raichu|0 fnt
|faint|p1a: Raichu
|-damage|p2b: Palafin|54/100|[from] item: Life Orb
|move|p1b: Annihilape|Phantom Force|p2b: Palafin|[from] lockedmove
|-damage|p2b: Palafin|0 fnt
|faint|p2b: Palafin
|
|upkeep
|
|t:|1785292157
|switch|p1a: Toxapex|Toxapex, L50, F|100/100
|switch|p2b: Toxapex|Toxapex, L50, M|100/100
|turn|3
|inactive|CrawlingKingSnake has 30 seconds left.
|
|t:|1785292189
|switch|p1b: Incineroar|Incineroar, L50, M|100/100
|-ability|p1b: Incineroar|Intimidate|boost
|-unboost|p2a: Kingambit|atk|1
|-ability|p2a: Kingambit|Defiant|boost
|-boost|p2a: Kingambit|atk|2
|-unboost|p2b: Toxapex|atk|1
|move|p2a: Kingambit|Sucker Punch||[still]
|-fail|p2a: Kingambit
|move|p2b: Toxapex|Infestation|p1a: Toxapex
|-resisted|p1a: Toxapex|1
|-damage|p1a: Toxapex|98/100
|-activate|p1a: Toxapex|move: Infestation|[of] p2b: Toxapex
|move|p1a: Toxapex|Infestation|p2a: Kingambit
|-damage|p2a: Kingambit|95/100
|-activate|p2a: Kingambit|move: Infestation|[of] p1a: Toxapex
|
|-heal|p1a: Toxapex|100/100|[from] item: Leftovers
|-damage|p2a: Kingambit|82/100|[from] move: Infestation|[partiallytrapped]
|-damage|p1a: Toxapex|87/100|[from] move: Infestation|[partiallytrapped]
|upkeep
|turn|4
|inactive|ageil2 has 30 seconds left.
|inactive|ageil2 has 20 seconds left.
|inactive|ageil2 has 15 seconds left.
|
|t:|1785292232
|move|p2a: Kingambit|Low Kick|p1b: Incineroar
|-supereffective|p1b: Incineroar|1
|-damage|p1b: Incineroar|13/100
|move|p1b: Incineroar|Flare Blitz|p2a: Kingambit
|-supereffective|p2a: Kingambit|1
|-damage|p2a: Kingambit|0 fnt
|faint|p2a: Kingambit
|-damage|p1b: Incineroar|0 fnt|[from] Recoil
|faint|p1b: Incineroar
|move|p2b: Toxapex|Toxic|p1a: Toxapex
|-immune|p1a: Toxapex
|move|p1a: Toxapex|Infestation|p2b: Toxapex
|-resisted|p2b: Toxapex|1
|-damage|p2b: Toxapex|98/100
|-activate|p2b: Toxapex|move: Infestation|[of] p1a: Toxapex
|
|-heal|p2b: Toxapex|100/100|[from] item: Leftovers
|-heal|p1a: Toxapex|93/100|[from] item: Leftovers
|-damage|p2b: Toxapex|87/100|[from] move: Infestation|[partiallytrapped]
|-damage|p1a: Toxapex|81/100|[from] move: Infestation|[partiallytrapped]
|upkeep
|
|t:|1785292241
|switch|p2a: Delphox|Delphox-Mega, L50, M|75/100
|switch|p1b: Annihilape|Annihilape, L50, F|100/100
|turn|5
|inactive|ageil2 has 30 seconds left.
|inactive|CrawlingKingSnake has 30 seconds left.
|inactive|ageil2 has 20 seconds left.
|inactive|ageil2 has 15 seconds left.
|inactive|ageil2 has 10 seconds left.
|
|t:|1785292290
|move|p2b: Toxapex|Wide Guard|p2b: Toxapex
|-singleturn|p2b: Toxapex|Wide Guard
|move|p1b: Annihilape|Rock Slide|p2a: Delphox|[spread] 
|-activate|p2a: Delphox|move: Wide Guard
|-activate|p2b: Toxapex|move: Wide Guard
|move|p2a: Delphox|Substitute|p2a: Delphox
|-start|p2a: Delphox|Substitute
|-damage|p2a: Delphox|50/100y
|move|p1a: Toxapex|Toxic||[still]
|-fail|p1a: Toxapex
|
|-heal|p2b: Toxapex|93/100|[from] item: Leftovers
|-heal|p1a: Toxapex|87/100|[from] item: Leftovers
|-damage|p2b: Toxapex|81/100|[from] move: Infestation|[partiallytrapped]
|-damage|p1a: Toxapex|75/100|[from] move: Infestation|[partiallytrapped]
|upkeep
|turn|6
|
|t:|1785292304
|move|p2b: Toxapex|Wide Guard|p2b: Toxapex
|-singleturn|p2b: Toxapex|Wide Guard
|move|p1b: Annihilape|Rock Slide|p2a: Delphox|[spread] 
|-activate|p2a: Delphox|move: Wide Guard
|-activate|p2b: Toxapex|move: Wide Guard
|move|p2a: Delphox|Psychic|p1a: Toxapex
|-supereffective|p1a: Toxapex|1
|-damage|p1a: Toxapex|0 fnt
|faint|p1a: Toxapex
|
|-heal|p2b: Toxapex|87/100|[from] item: Leftovers
|-end|p2b: Toxapex|Infestation|[partiallytrapped]|[silent]
|upkeep
|turn|7
|-message|ageil2 forfeited.
|
|win|CrawlingKingSnake
|raw|ageil2's rating: 1366 → 1339(-27 for losing)
|raw|CrawlingKingSnake's rating: 1238 → 1272(+34 for winning)
|c|☆CrawlingKingSnake|ggs
|l|☆ageil2
|player|p1|
