|j|☆Caporosso74
|j|☆Crying Flurmels
|html|Caporosso74Crying Flurmels    
|uhtml|bestof|Game 1 of a best-of-3
|t:|1756826130
|gametype|doubles
|player|p1|Caporosso74|170|1090
|player|p2|Crying Flurmels|102|1170
|gen|9
|tier|[Gen 9] VGC 2025 Reg H (Bo3)
|rated|
|rule|Species Clause: Limit one of each Pokémon
|rule|Item Clause: Limit 1 of each item
|clearpoke
|poke|p1|Pelipper, L50, F|
|poke|p1|Basculegion, L50, M|
|poke|p1|Archaludon, L50, M|
|poke|p1|Rillaboom, L50, F|
|poke|p1|Ursaluna-Bloodmoon, L50, M|
|poke|p1|Maushold, L50|
|poke|p2|Murkrow, L50, M|
|poke|p2|Volcarona, L50, F|
|poke|p2|Sneasler, L50, F|
|poke|p2|Kingambit, L50, M|
|poke|p2|Dragonite, L50, M|
|poke|p2|Rillaboom, L50, F|
|teampreview|4
|showteam|p1|Pelipper||FocusSash|Drizzle|Hurricane,Protect,WeatherBall,Tailwind|||F|||50|,,,,,Ghost]Basculegion||LifeOrb|SwiftSwim|LastRespects,AquaJet,WaveCrash,Protect|||M|||50|,,,,,Water]Archaludon||PowerHerb|Sturdy|DragonPulse,ElectroShot,Protect,FlashCannon|||M|||50|,,,,,Electric]Rillaboom||AssaultVest|GrassySurge|FakeOut,HighHorsepower,GrassyGlide,Uturn|||F|||50|,,,,,Water]Ursaluna-Bloodmoon||SafetyGoggles|MindsEye|BloodMoon,Protect,EarthPower,HyperVoice|||M|||50|,,,,,Normal]Maushold||CovertCloak|FriendGuard|Protect,Feint,SuperFang,Taunt||||||50|,,,,,Flying
|showteam|p2|Murkrow||Eviolite|Prankster|FoulPlay,Tailwind,Haze,SunnyDay|||M|||50|,,,,,Ghost]Volcarona||CovertCloak|FlameBody|HeatWave,TeraBlast,QuiverDance,Protect|||F|||50|,,,,,Water]Sneasler||GrassySeed|Unburden|DireClaw,CloseCombat,Protect,Coaching|||F|||50|,,,,,Stellar]Kingambit||BlackGlasses|Defiant|KowtowCleave,SuckerPunch,SwordsDance,Protect|||M|||50|,,,,,Dark]Dragonite||ChoiceBand|InnerFocus|Outrage,StompingTantrum,LowKick,ExtremeSpeed|||M|||50|,,,,,Normal]Rillaboom||MiracleSeed|GrassySurge|WoodHammer,GrassyGlide,Uturn,FakeOut|||F|||50|,,,,,Fire
|
|t:|1756826202
|teamsize|p1|4
|teamsize|p2|4
|start
|switch|p1a: Ursaluna|Ursaluna-Bloodmoon, L50, M|100/100
|switch|p1b: Maushold|Maushold, L50|100/100
|switch|p2a: Murkrow|Murkrow, L50, M|100/100
|switch|p2b: Volcarona|Volcarona, L50, F|100/100
|turn|1
|
|t:|1756826241
|-terastallize|p2b: Volcarona|Water
|move|p2a: Murkrow|Tailwind|p2a: Murkrow
|-sidestart|p2: Crying Flurmels|move: Tailwind
|move|p2b: Volcarona|Tera Blast|p1a: Ursaluna|[anim] Tera Blast Water
|-supereffective|p1a: Ursaluna
|-damage|p1a: Ursaluna|35/100
|move|p1b: Maushold|Taunt|p2b: Volcarona
|-start|p2b: Volcarona|move: Taunt
|move|p1a: Ursaluna|Hyper Voice|p2a: Murkrow|[spread] p2a,p2b
|-damage|p2a: Murkrow|54/100
|-damage|p2b: Volcarona|61/100
|
|upkeep
|turn|2
|
|t:|1756826282
|switch|p1a: Rillaboom|Rillaboom, L50, F|100/100
|-fieldstart|move: Grassy Terrain|[from] ability: Grassy Surge|[of] p1a: Rillaboom
|move|p2a: Murkrow|Sunny Day|p2a: Murkrow
|-weather|SunnyDay
|move|p2b: Volcarona|Heat Wave|p1b: Maushold|[spread] p1a,p1b
|-supereffective|p1a: Rillaboom
|-damage|p1a: Rillaboom|28/100
|-damage|p1b: Maushold|37/100
|move|p1b: Maushold|Super Fang|p2b: Volcarona
|-damage|p2b: Volcarona|31/100
|
|-weather|SunnyDay|[upkeep]
|-heal|p2b: Volcarona|37/100|[from] Grassy Terrain
|-heal|p1b: Maushold|43/100|[from] Grassy Terrain
|-heal|p1a: Rillaboom|34/100|[from] Grassy Terrain
|upkeep
|turn|3
|
|t:|1756826324
|switch|p2b: Kingambit|Kingambit, L50, M|100/100
|move|p1b: Maushold|Feint|p2b: Kingambit
|-resisted|p2b: Kingambit
|-damage|p2b: Kingambit|96/100
|move|p1a: Rillaboom|Grassy Glide|p2b: Kingambit
|-resisted|p2b: Kingambit
|-damage|p2b: Kingambit|80/100
|move|p2a: Murkrow|Foul Play|p1a: Rillaboom
|-damage|p1a: Rillaboom|0 fnt
|faint|p1a: Rillaboom
|
|-weather|SunnyDay|[upkeep]
|-heal|p1b: Maushold|49/100|[from] Grassy Terrain
|-heal|p2b: Kingambit|86/100|[from] Grassy Terrain
|upkeep
|
|t:|1756826339
|switch|p1a: Archaludon|Archaludon, L50, M|100/100
|turn|4
|
|t:|1756826354
|-terastallize|p1a: Archaludon|Electric
|move|p1b: Maushold|Feint|p2b: Kingambit
|-resisted|p2b: Kingambit
|-damage|p2b: Kingambit|83/100
|move|p2a: Murkrow|Foul Play|p1b: Maushold
|-damage|p1b: Maushold|14/100
|move|p2b: Kingambit|Kowtow Cleave|p1a: Archaludon
|-damage|p1a: Archaludon|62/100
|move|p1a: Archaludon|Electro Shot||[still]
|-prepare|p1a: Archaludon|Electro Shot
|-boost|p1a: Archaludon|spa|1
|-enditem|p1a: Archaludon|Power Herb
|-anim|p1a: Archaludon|Electro Shot|p2b: Kingambit
|-damage|p2b: Kingambit|0 fnt
|faint|p2b: Kingambit
|
|-weather|SunnyDay|[upkeep]
|-heal|p1b: Maushold|20/100|[from] Grassy Terrain
|-heal|p1a: Archaludon|68/100|[from] Grassy Terrain
|-sideend|p2: Crying Flurmels|move: Tailwind
|upkeep
|
|t:|1756826371
|switch|p2b: Volcarona|Volcarona, L50, F, tera:Water|37/100
|turn|5
|
|t:|1756826388
|move|p1b: Maushold|Feint|p2b: Volcarona
|-damage|p2b: Volcarona|28/100
|move|p2a: Murkrow|Haze|p2a: Murkrow
|-clearallboost
|move|p2b: Volcarona|Heat Wave|p1b: Maushold|[spread] p1a,p1b
|-damage|p1a: Archaludon|2/100
|-damage|p1b: Maushold|0 fnt
|faint|p1b: Maushold
|move|p1a: Archaludon|Flash Cannon|p2b: Volcarona
|-resisted|p2b: Volcarona
|-damage|p2b: Volcarona|6/100
|
|-weather|SunnyDay|[upkeep]
|-heal|p2b: Volcarona|12/100|[from] Grassy Terrain
|-heal|p1a: Archaludon|8/100|[from] Grassy Terrain
|upkeep
|
|t:|1756826403
|switch|p1b: Ursaluna|Ursaluna-Bloodmoon, L50, M|35/100
|turn|6
|
|t:|1756826411
|move|p2b: Volcarona|Heat Wave|p1b: Ursaluna|[spread] p1a
|-miss|p2b: Volcarona|p1b: Ursaluna
|-damage|p1a: Archaludon|0 fnt
|faint|p1a: Archaludon
|move|p2a: Murkrow|Foul Play|p1b: Ursaluna
|-damage|p1b: Ursaluna|20/100
|move|p1b: Ursaluna|Hyper Voice|p2b: Volcarona|[spread] p2a,p2b
|-damage|p2a: Murkrow|9/100
|-damage|p2b: Volcarona|0 fnt
|faint|p2b: Volcarona
|
|-weather|none
|-heal|p1b: Ursaluna|25/100|[from] Grassy Terrain
|-fieldend|move: Grassy Terrain
|upkeep
|
|t:|1756826418
|switch|p2b: Sneasler|Sneasler, L50, F|100/100
|turn|7
|
|t:|1756826426
|move|p2b: Sneasler|Close Combat|p1b: Ursaluna
|-supereffective|p1b: Ursaluna
|-damage|p1b: Ursaluna|0 fnt
|-unboost|p2b: Sneasler|def|1
|-unboost|p2b: Sneasler|spd|1
|faint|p1b: Ursaluna
|
|win|Crying Flurmels
||Crying Flurmels is ready for game 2.
|inactive|Caporosso74 has 30 seconds to confirm battle start!
||Caporosso74 is ready for game 2.
|uhtml|next|Next: Game 2 of 3
