|j|☆csh72c
|j|☆itssobeak
|html|csh72citssobeak    
|uhtml|bestof|Game 1 of a best-of-3
|t:|1784323866
|gametype|doubles
|player|p1|csh72c|cynthia|1143
|player|p2|itssobeak|birdkeeper|1108
|gen|9
|tier|[Gen 9 Champions] VGC 2026 Reg M-B (Bo3)
|rated|
|rule|Species Clause: Limit one of each Pokémon
|rule|Item Clause: Limit 1 of each item
|clearpoke
|poke|p1|Charizard, L50, F, shiny|
|poke|p1|Whimsicott, L50, M, shiny|
|poke|p1|Lycanroc-Dusk, L50, F, shiny|
|poke|p1|Zoroark-Hisui, L50, F|
|poke|p1|Kangaskhan, L50, F|
|poke|p1|Gengar, L50, M|
|poke|p2|Staraptor, L50, M|
|poke|p2|Weavile, L50, M|
|poke|p2|Whimsicott, L50, F|
|poke|p2|Glimmora, L50, F|
|poke|p2|Kingambit, L50, F|
|poke|p2|Sinistcha, L50|
|teampreview|4
|showteam|p1|Charizard||CharizarditeY|SolarPower|HeatWave,WeatherBall,ScorchingSands,AirSlash|Modest||F|||50|]Whimsicott||FocusSash|Prankster|Tailwind,Protect,Moonblast,Endeavor|Timid||M|||50|]Lycanroc-Dusk||ChoiceScarf|ToughClaws|RockSlide,ThroatChop,Accelerock,CloseCombat|Adamant||F|||50|]Zoroark-Hisui||LifeOrb|Illusion|ShadowBall,HyperVoice,FoulPlay,DarkPulse|Timid||F|||50|]Kangaskhan||SilkScarf|Scrappy|FakeOut,LastResort|Adamant||F|||50|]Gengar||Gengarite|CursedBody|Protect,PerishSong,SludgeBomb,ShadowBall|Modest||M|||50|
|showteam|p2|Staraptor||Staraptite|Intimidate|BraveBird,CloseCombat,Uturn,Protect|Jolly||M|||50|]Weavile||WideLens|Pressure|KnockOff,TripleAxel,Taunt,FakeOut|Jolly||M|||50|]Whimsicott||FocusSash|Prankster|Moonblast,Tailwind,Encore,Tickle|Timid||F|||50|]Glimmora||Glimmoranite|ToxicDebris|PowerGem,SludgeBomb,EarthPower,SpikyShield|Timid||F|||50|]Kingambit||BlackGlasses|Defiant|KowtowCleave,SuckerPunch,SwordsDance,Protect|Adamant||F|||50|]Sinistcha||CobaBerry|Hospitality|MatchaGotcha,RagePowder,LifeDew,Protect|Bold|||||50|
|inactive|Battle timer is ON: inactive players will automatically lose when time's up. (requested by csh72c)
|inactive|itssobeak has 60 seconds left.
|
|t:|1784323923
|teamsize|p1|4
|teamsize|p2|4
|start
|switch|p1a: Gengar|Gengar, L50, M|100/100
|switch|p1b: Kangaskhan|Kangaskhan, L50, F|100/100
|switch|p2a: Whimsicott|Whimsicott, L50, F|100/100
|switch|p2b: Kingambit|Kingambit, L50, F|100/100
|turn|1
|inactive|csh72c has 30 seconds left.
|inactive|itssobeak has 30 seconds left.
|inactive|itssobeak has 20 seconds left.
|
|t:|1784323958
|switch|p2b: Glimmora|Glimmora, L50, F|100/100
|detailschange|p1a: Gengar|Gengar-Mega, L50, M
|-mega|p1a: Gengar|Gengar|Gengarite
|move|p2a: Whimsicott|Tailwind|p2a: Whimsicott
|-sidestart|p2: itssobeak|move: Tailwind
|move|p1a: Gengar|Sludge Bomb|p2a: Whimsicott
|-supereffective|p2a: Whimsicott|2
|-enditem|p2a: Whimsicott|Focus Sash
|-damage|p2a: Whimsicott|1/100
|move|p1b: Kangaskhan|Hyper Voice|p2b: Glimmora|[spread] p2a,p2b
|-resisted|p2b: Glimmora|1
|-crit|p2b: Glimmora
|-damage|p2a: Whimsicott|0 fnt
|-damage|p2b: Glimmora|59/100
|faint|p2a: Whimsicott
|-damage|p1b: Kangaskhan|90/100|[from] item: Life Orb
|
|upkeep
|inactive|itssobeak has 30 seconds left.
|
|t:|1784323985
|switch|p2a: Kingambit|Kingambit, L50, F|100/100
|turn|2
|
|t:|1784324008
|switch|p1b: Whimsicott|Whimsicott, L50, M, shiny|100/100
|detailschange|p2b: Glimmora|Glimmora-Mega, L50, F
|-mega|p2b: Glimmora|Glimmora|Glimmoranite
|move|p1a: Gengar|Protect|p1a: Gengar
|-singleturn|p1a: Gengar|Protect
|move|p2b: Glimmora|Power Gem|p1b: Whimsicott
|-enditem|p1b: Whimsicott|Focus Sash
|-damage|p1b: Whimsicott|1/100
|move|p2a: Kingambit|Kowtow Cleave|p1a: Gengar
|-activate|p1a: Gengar|move: Protect
|
|upkeep
|turn|3
|inactive|itssobeak has 30 seconds left.
|
|t:|1784324035
|move|p1b: Whimsicott|Tailwind|p1b: Whimsicott
|-sidestart|p1: csh72c|move: Tailwind
|move|p1a: Gengar|Shadow Ball|p2b: Glimmora
|-damage|p2b: Glimmora|0 fnt
|faint|p2b: Glimmora
|move|p2a: Kingambit|Kowtow Cleave|p1a: Gengar
|-supereffective|p1a: Gengar|1
|-damage|p1a: Gengar|0 fnt
|faint|p1a: Gengar
|
|upkeep
|
|t:|1784324046
|switch|p1a: Kangaskhan|Kangaskhan, L50, F|100/100
|switch|p2b: Weavile|Weavile, L50, M|100/100
|-ability|p2b: Weavile|Pressure
|turn|4
|
|t:|1784324060
|switch|p1b: Whimsicott|Whimsicott, L50, M, shiny|90/100
|move|p2b: Weavile|Fake Out|p1a: Kangaskhan
|-damage|p1a: Kangaskhan|83/100
|cant|p1a: Kangaskhan|flinch
|move|p2a: Kingambit|Swords Dance|p2a: Kingambit
|-boost|p2a: Kingambit|atk|2
|
|-sideend|p2: itssobeak|move: Tailwind
|upkeep
|turn|5
|inactive|itssobeak has 30 seconds left.
|
|t:|1784324089
|move|p2a: Kingambit|Sucker Punch|p1b: Whimsicott
|-supereffective|p1b: Whimsicott|1
|-damage|p1b: Whimsicott|0 fnt
|replace|p1b: Zoroark|Zoroark-Hisui, L50, F
|-end|p1b: Zoroark|Illusion
|faint|p1b: Zoroark
|move|p1a: Kangaskhan|Last Resort||[still]
|-fail|p1a: Kangaskhan
|move|p2b: Weavile|Knock Off|p1a: Kangaskhan
|-damage|p1a: Kangaskhan|31/100
|-enditem|p1a: Kangaskhan|Silk Scarf|[from] move: Knock Off|[of] p2b: Weavile
|
|upkeep
|
|t:|1784324096
|switch|p1b: Whimsicott|Whimsicott, L50, M, shiny|1/100
|turn|6
|
|t:|1784324105
|move|p2a: Kingambit|Sucker Punch|p1b: Whimsicott
|-resisted|p1b: Whimsicott|1
|-damage|p1b: Whimsicott|0 fnt
|faint|p1b: Whimsicott
|move|p1a: Kangaskhan|Last Resort||[still]
|-fail|p1a: Kangaskhan
|move|p2b: Weavile|Triple Axel|p1a: Kangaskhan
|-damage|p1a: Kangaskhan|18/100
|-damage|p1a: Kangaskhan|0 fnt
|faint|p1a: Kangaskhan
|-hitcount|p1: Kangaskhan|2
|
|win|itssobeak
