|j|☆ToastedArt
|j|☆MudkipBestp0kem0n
|html|ToastedArtMudkipBestp0kem0n    
|uhtml|bestof|Game 1 of a best-of-3
|t:|1785266585
|gametype|doubles
|player|p1|ToastedArt|iris|1128
|player|p2|MudkipBestp0kem0n|2|1127
|gen|9
|tier|[Gen 9 Champions] VGC 2026 Reg M-B (Bo3)
|rated|
|rule|Species Clause: Limit one of each Pokémon
|rule|Item Clause: Limit 1 of each item
|clearpoke
|poke|p1|Dragonite, L50, M|
|poke|p1|Gholdengo, L50|
|poke|p1|Maushold, L50|
|poke|p1|Annihilape, L50, M|
|poke|p1|Froslass, L50, F|
|poke|p1|Arcanine-Hisui, L50, F|
|poke|p2|Raichu, L50, F|
|poke|p2|Manectric, L50, F, shiny|
|poke|p2|Orthworm, L50, M|
|poke|p2|Kingambit, L50, M, shiny|
|poke|p2|Sinistcha-Masterpiece, L50|
|poke|p2|Weavile, L50, M|
|teampreview|4
|showteam|p1|Dragonite||Dragoninite|Multiscale|DracoMeteor,HeatWave,Tailwind,Haze|Timid||M|||50|]Gholdengo||LifeOrb|GoodasGold|MakeItRain,ShadowBall,NastyPlot,Protect|Timid|||||50|]Maushold||FocusSash|FriendGuard|SuperFang,BeatUp,FollowMe,Protect|Jolly|||||50|]Annihilape||SitrusBerry|Defiant|RageFist,DrainPunch,BulkUp,Protect|Jolly||M|||50|]Froslass||Froslassite|SnowCloak|Blizzard,AuroraVeil,Haze,Protect|Modest||F|||50|]Arcanine-Hisui||ChoiceScarf|RockHead|HeadSmash,FlareBlitz,RockSlide,PsychicFangs|Jolly||F|||50|
|showteam|p2|Raichu||RaichuniteX|LightningRod|FakeOut,Protect,Encore,Discharge|Hasty||F|||50|]Manectric||FocusSash|LightningRod|RisingVoltage,VoltSwitch,Protect,Overheat|Timid||F|||50|]Orthworm||Leftovers|EarthEater|IronDefense,BodyPress,Protect,ShedTail|Calm||M|||50|]Kingambit||ChopleBerry|Defiant|KowtowCleave,IronHead,SuckerPunch,Taunt|Brave||M|||50|]Sinistcha-Masterpiece||SitrusBerry|Hospitality|MatchaGotcha,Protect,RagePowder,LifeDew|Bold|||||50|]Weavile||BlackGlasses|Pickpocket|FakeOut,PsychoCut,TripleAxel,BrickBreak|Jolly||M|||50|
|inactive|Battle timer is ON: inactive players will automatically lose when time's up. (requested by ToastedArt)
|inactive|ToastedArt has 60 seconds left.
|inactive|MudkipBestp0kem0n has 60 seconds left.
|inactive|ToastedArt has 30 seconds left.
|inactive|ToastedArt has 20 seconds left.
|inactive|ToastedArt has 15 seconds left.
|
|t:|1785266665
|teamsize|p1|4
|teamsize|p2|4
|start
|switch|p1a: Dragonite|Dragonite, L50, M|100/100
|switch|p1b: Arcanine|Arcanine-Hisui, L50, F|100/100
|switch|p2a: Raichu|Raichu, L50, F|100/100
|switch|p2b: Manectric|Manectric, L50, F, shiny|100/100
|turn|1
|
|t:|1785266690
|detailschange|p2a: Raichu|Raichu-Mega-X, L50, F
|-mega|p2a: Raichu|Raichu|Raichunite X
|-fieldstart|move: Electric Terrain|[from] ability: Electric Surge|[of] p2a: Raichu
|detailschange|p1a: Dragonite|Dragonite-Mega, L50, M
|-mega|p1a: Dragonite|Dragonite|Dragoninite
|move|p2a: Raichu|Fake Out|p1b: Arcanine
|-resisted|p1b: Arcanine|1
|-damage|p1b: Arcanine|93/100
|cant|p1b: Arcanine|flinch
|move|p2b: Manectric|Rising Voltage|p1b: Arcanine
|-hint|Rising Voltage's BP doubled on grounded target.
|-damage|p1b: Arcanine|0 fnt
|faint|p1b: Arcanine
|move|p1a: Dragonite|Tailwind|p1a: Dragonite
|-sidestart|p1: ToastedArt|move: Tailwind
|
|upkeep
|
|t:|1785266705
|switch|p1b: Annihilape|Annihilape, L50, M|100/100
|turn|2
|
|t:|1785266728
|move|p2a: Raichu|Protect|p2a: Raichu
|-singleturn|p2a: Raichu|Protect
|move|p2b: Manectric|Protect|p2b: Manectric
|-singleturn|p2b: Manectric|Protect
|move|p1a: Dragonite|Heat Wave|p2b: Manectric|[spread] 
|-activate|p2a: Raichu|move: Protect
|-activate|p2b: Manectric|move: Protect
|move|p1b: Annihilape|Drain Punch|p2a: Raichu
|-activate|p2a: Raichu|move: Protect
|
|upkeep
|turn|3
|
|t:|1785266741
|move|p1a: Dragonite|Heat Wave|p2a: Raichu|[spread] p2a,p2b
|-damage|p2a: Raichu|68/100
|-damage|p2b: Manectric|49/100
|move|p1b: Annihilape|Bulk Up|p1b: Annihilape
|-boost|p1b: Annihilape|atk|1
|-boost|p1b: Annihilape|def|1
|move|p2a: Raichu|Discharge|p1b: Annihilape|[spread] p1a,p1b
|-ability|p2b: Manectric|Lightning Rod|boost
|-boost|p2b: Manectric|spa|1
|-damage|p1a: Dragonite|90/100
|-damage|p1b: Annihilape|76/100
|move|p2b: Manectric|Rising Voltage|p1a: Dragonite
|-damage|p1a: Dragonite|33/100
|
|upkeep
|turn|4
|
|t:|1785266757
|move|p2a: Raichu|Protect|p2a: Raichu
|-singleturn|p2a: Raichu|Protect
|move|p2b: Manectric|Protect|p2b: Manectric
|-singleturn|p2b: Manectric|Protect
|move|p1a: Dragonite|Heat Wave|p2a: Raichu|[spread] 
|-activate|p2a: Raichu|move: Protect
|-activate|p2b: Manectric|move: Protect
|move|p1b: Annihilape|Rage Fist|p2a: Raichu
|-activate|p2a: Raichu|move: Protect
|
|-sideend|p1: ToastedArt|move: Tailwind
|upkeep
|turn|5
|inactive|MudkipBestp0kem0n has 30 seconds left.
|
|t:|1785266787
|switch|p1a: Maushold|Maushold, L50|100/100
|move|p2a: Raichu|Discharge|p1b: Annihilape|[spread] p1a,p1b
|-ability|p2b: Manectric|Lightning Rod|boost
|-boost|p2b: Manectric|spa|1
|-damage|p1a: Maushold|68/100
|-damage|p1b: Annihilape|59/100
|move|p2b: Manectric|Rising Voltage|p1a: Maushold
|-hint|Rising Voltage's BP doubled on grounded target.
|-damage|p1a: Maushold|0 fnt
|faint|p1a: Maushold
|move|p1b: Annihilape|Rage Fist|p2b: Manectric
|-damage|p2b: Manectric|0 fnt
|faint|p2b: Manectric
|
|-fieldend|move: Electric Terrain
|upkeep
|
|t:|1785266800
|switch|p1a: Dragonite|Dragonite-Mega, L50, M|33/100
|switch|p2b: Kingambit|Kingambit, L50, M, shiny|100/100
|turn|6
|
|t:|1785266824
|move|p2b: Kingambit|Sucker Punch||[still]
|-fail|p2b: Kingambit
|move|p2a: Raichu|Encore|p1b: Annihilape
|-start|p1b: Annihilape|Encore
|move|p1a: Dragonite|Tailwind|p1a: Dragonite
|-sidestart|p1: ToastedArt|move: Tailwind
|move|p1b: Annihilape|Rage Fist|p2b: Kingambit
|-resisted|p2b: Kingambit|1
|-damage|p2b: Kingambit|66/100
|
|upkeep
|turn|7
|
|t:|1785266837
|move|p2b: Kingambit|Sucker Punch|p1a: Dragonite
|-damage|p1a: Dragonite|0 fnt
|faint|p1a: Dragonite
|move|p1b: Annihilape|Rage Fist|p2a: Raichu
|-damage|p2a: Raichu|0 fnt
|faint|p2a: Raichu
|
|upkeep
|
|t:|1785266840
|switch|p2a: Orthworm|Orthworm, L50, M|100/100
|turn|8
|
|t:|1785266849
|move|p1b: Annihilape|Rage Fist|p2a: Orthworm
|-damage|p2a: Orthworm|38/100
|move|p2a: Orthworm|Iron Defense|p2a: Orthworm
|-boost|p2a: Orthworm|def|2
|move|p2b: Kingambit|Kowtow Cleave|p1b: Annihilape
|-damage|p1b: Annihilape|27/100
|-enditem|p1b: Annihilape|Sitrus Berry|[eat]
|-heal|p1b: Annihilape|52/100|[from] item: Sitrus Berry
|
|-heal|p2a: Orthworm|45/100|[from] item: Leftovers
|-end|p1b: Annihilape|Encore
|upkeep
|turn|9
|
|t:|1785266870
|move|p2b: Kingambit|Sucker Punch|p1b: Annihilape
|-damage|p1b: Annihilape|24/100
|move|p1b: Annihilape|Drain Punch|p2b: Kingambit
|-supereffective|p2b: Kingambit|2
|-enditem|p2b: Kingambit|Chople Berry|[eat]
|-enditem|p2b: Kingambit|Chople Berry|[weaken]
|-damage|p2b: Kingambit|1/100
|-heal|p1b: Annihilape|55/100|[from] drain|[of] p2b: Kingambit
|move|p2a: Orthworm|Iron Defense|p2a: Orthworm
|-boost|p2a: Orthworm|def|2
|
|-heal|p2a: Orthworm|51/100|[from] item: Leftovers
|-sideend|p1: ToastedArt|move: Tailwind
|upkeep
|turn|10
|-message|MudkipBestp0kem0n forfeited.
|
|win|ToastedArt
