|j|☆systemsolo
|j|☆KyleTampy
|html|systemsoloKyleTampy    
|uhtml|bestof|Game 1 of a best-of-3
|t:|1785738057
|gametype|doubles
|player|p1|systemsolo|cheren|1032
|player|p2|KyleTampy|lucian|1092
|gen|9
|tier|[Gen 9 Champions] VGC 2026 Reg M-B (Bo3)
|rated|
|rule|Species Clause: Limit one of each Pokémon
|rule|Item Clause: Limit 1 of each item
|clearpoke
|poke|p1|Aerodactyl, L50, F|
|poke|p1|Charizard, L50, M|
|poke|p1|Garchomp, L50, M|
|poke|p1|Incineroar, L50, M|
|poke|p1|Toxapex, L50, F|
|poke|p1|Sylveon, L50, F|
|poke|p2|Staraptor, L50, M|
|poke|p2|Whimsicott, L50, F|
|poke|p2|Basculegion, L50, M|
|poke|p2|Dragalge, L50, M|
|poke|p2|Scizor, L50, M|
|poke|p2|Incineroar, L50, M|
|teampreview|4
|showteam|p1|Aerodactyl||Aerodactylite|Unnerve|RockSlide,DualWingbeat,Tailwind,DragonDance|Jolly||F|||50|]Charizard||CharizarditeY|Blaze|Protect,HeatWave,WeatherBall,SolarBeam|Modest||M|||50|]Garchomp||LifeOrb|RoughSkin|Protect,DragonClaw,Earthquake,RockTomb|Jolly||M|||50|]Incineroar||SitrusBerry|Intimidate|PartingShot,FlareBlitz,WillOWisp,FakeOut|Relaxed||M|||50|]Toxapex||Leftovers|Regenerator|BanefulBunker,Infestation,Toxic,WideGuard|Sassy||F|||50|]Sylveon||FairyFeather|Pixilate|Detect,Moonblast,HyperVoice,QuickAttack|Modest||F|||50|
|showteam|p2|Staraptor||Staraptite|Intimidate|BraveBird,CloseCombat,Uturn,Protect|Jolly||M|||50|]Whimsicott||FocusSash|Prankster|Charm,Tailwind,Moonblast,Encore|Timid||F|||50|]Basculegion||SitrusBerry|Adaptability|FlipTurn,WaveCrash,LastRespects,Protect|Adamant||M|||50|]Dragalge||Dragalgite|Adaptability|SludgeBomb,DragonPulse,FlipTurn,Protect|Relaxed||M|||50|]Scizor||LifeOrb|Technician|BulletPunch,CloseCombat,BugBite,Protect|Adamant||M|||50|]Incineroar||ShucaBerry|Intimidate|FakeOut,FlareBlitz,DarkestLariat,PartingShot|Careful||M|||50|
|l|☆KyleTampy
|player|p2|
|j|☆KyleTampy
|player|p2|KyleTampy|lucian|
|
|t:|1785738125
|teamsize|p1|4
|teamsize|p2|4
|start
|switch|p1a: Aerodactyl|Aerodactyl, L50, F|100/100
|switch|p1b: Incineroar|Incineroar, L50, M|100/100
|switch|p2a: Staraptor|Staraptor, L50, M|100/100
|switch|p2b: Whimsicott|Whimsicott, L50, F|100/100
|-ability|p1a: Aerodactyl|Unnerve
|-ability|p2a: Staraptor|Intimidate|boost
|-unboost|p1a: Aerodactyl|atk|1
|-unboost|p1b: Incineroar|atk|1
|-ability|p1b: Incineroar|Intimidate|boost
|-unboost|p2a: Staraptor|atk|1
|-unboost|p2b: Whimsicott|atk|1
|turn|1
|
|t:|1785738143
|switch|p2b: Incineroar|Incineroar, L50, M|100/100
|-ability|p2b: Incineroar|Intimidate|boost
|-unboost|p1a: Aerodactyl|atk|1
|-unboost|p1b: Incineroar|atk|1
|detailschange|p1a: Aerodactyl|Aerodactyl-Mega, L50, F
|-mega|p1a: Aerodactyl|Aerodactyl|Aerodactylite
|detailschange|p2a: Staraptor|Staraptor-Mega, L50, M
|-mega|p2a: Staraptor|Staraptor|Staraptite
|move|p1a: Aerodactyl|Dragon Dance|p1a: Aerodactyl
|-boost|p1a: Aerodactyl|atk|1
|-boost|p1a: Aerodactyl|spe|1
|move|p2a: Staraptor|Close Combat|p1b: Incineroar
|-supereffective|p1b: Incineroar|1
|-damage|p1b: Incineroar|36/100
|-boost|p2a: Staraptor|def|1
|-boost|p2a: Staraptor|spd|1
|-enditem|p1b: Incineroar|Sitrus Berry|[eat]
|-heal|p1b: Incineroar|61/100|[from] item: Sitrus Berry
|move|p1b: Incineroar|Will-O-Wisp|p2a: Staraptor
|-status|p2a: Staraptor|brn
|
|-damage|p2a: Staraptor|94/100 brn|[from] brn
|upkeep
|turn|2
|
|t:|1785738173
|move|p2b: Incineroar|Fake Out|p1a: Aerodactyl
|-resisted|p1a: Aerodactyl|1
|-damage|p1a: Aerodactyl|94/100
|cant|p1a: Aerodactyl|flinch
|move|p2a: Staraptor|Close Combat|p1b: Incineroar
|-supereffective|p1b: Incineroar|1
|-damage|p1b: Incineroar|28/100
|-boost|p2a: Staraptor|def|1
|-boost|p2a: Staraptor|spd|1
|move|p1b: Incineroar|Parting Shot|p2b: Incineroar
|-unboost|p2b: Incineroar|atk|1
|-unboost|p2b: Incineroar|spa|1
|
|t:|1785738184
|switch|p1b: Toxapex|Toxapex, L50, F|100/100|[from] Parting Shot
|
|-damage|p2a: Staraptor|88/100 brn|[from] brn
|upkeep
|turn|3
|
|t:|1785738192
|move|p1a: Aerodactyl|Dragon Dance|p1a: Aerodactyl
|-boost|p1a: Aerodactyl|atk|1
|-boost|p1a: Aerodactyl|spe|1
|move|p2a: Staraptor|Close Combat|p1a: Aerodactyl
|-damage|p1a: Aerodactyl|73/100
|-boost|p2a: Staraptor|def|1
|-boost|p2a: Staraptor|spd|1
|move|p2b: Incineroar|Parting Shot|p1a: Aerodactyl
|-unboost|p1a: Aerodactyl|atk|1
|-unboost|p1a: Aerodactyl|spa|1
|
|t:|1785738196
|switch|p2b: Scizor|Scizor, L50, M|100/100|[from] Parting Shot
|move|p1b: Toxapex|Infestation|p2a: Staraptor
|-resisted|p2a: Staraptor|2
|-crit|p2a: Staraptor
|-damage|p2a: Staraptor|87/100 brn
|-activate|p2a: Staraptor|move: Infestation|[of] p1b: Toxapex
|
|-damage|p2a: Staraptor|81/100 brn|[from] brn
|-damage|p2a: Staraptor|69/100 brn|[from] move: Infestation|[partiallytrapped]
|upkeep
|turn|4
|
|t:|1785738229
|move|p2b: Scizor|Bullet Punch|p1a: Aerodactyl
|-supereffective|p1a: Aerodactyl|1
|-damage|p1a: Aerodactyl|0 fnt
|faint|p1a: Aerodactyl
|-damage|p2b: Scizor|90/100|[from] item: Life Orb
|move|p2a: Staraptor|U-turn|p1b: Toxapex
|-resisted|p1b: Toxapex|1
|-damage|p1b: Toxapex|96/100
|
|t:|1785738232
|switch|p2a: Whimsicott|Whimsicott, L50, F|100/100|[from] U-turn
|move|p1b: Toxapex|Infestation|p2b: Scizor
|-resisted|p2b: Scizor|1
|-damage|p2b: Scizor|88/100
|-activate|p2b: Scizor|move: Infestation|[of] p1b: Toxapex
|
|-heal|p1b: Toxapex|100/100|[from] item: Leftovers
|-damage|p2b: Scizor|76/100|[from] move: Infestation|[partiallytrapped]
|upkeep
|
|t:|1785738242
|switch|p1a: Incineroar|Incineroar, L50, M|28/100
|-ability|p1a: Incineroar|Intimidate|boost
|-unboost|p2a: Whimsicott|atk|1
|-unboost|p2b: Scizor|atk|1
|turn|5
|
|t:|1785738256
|move|p2b: Scizor|Protect|p2b: Scizor
|-singleturn|p2b: Scizor|Protect
|move|p2a: Whimsicott|Moonblast|p1a: Incineroar
|-damage|p1a: Incineroar|1/100
|move|p1a: Incineroar|Will-O-Wisp|p2b: Scizor
|-activate|p2b: Scizor|move: Protect
|move|p1b: Toxapex|Toxic|p2a: Whimsicott
|-status|p2a: Whimsicott|tox
|
|-damage|p2a: Whimsicott|94/100 tox|[from] psn
|-damage|p2b: Scizor|63/100|[from] move: Infestation|[partiallytrapped]
|upkeep
|turn|6
|
|t:|1785738291
|switch|p1a: Sylveon|Sylveon, L50, F|100/100
|move|p2a: Whimsicott|Encore|p1b: Toxapex
|-start|p1b: Toxapex|Encore
|move|p2b: Scizor|Bullet Punch|p1a: Sylveon
|-supereffective|p1a: Sylveon|1
|-damage|p1a: Sylveon|26/100
|-damage|p2b: Scizor|54/100|[from] item: Life Orb
|move|p1b: Toxapex|Toxic|p2a: Whimsicott
|-fail|p2a: Whimsicott|tox
|
|-damage|p2a: Whimsicott|83/100 tox|[from] psn
|-damage|p2b: Scizor|42/100|[from] move: Infestation|[partiallytrapped]
|upkeep
|turn|7
|
|t:|1785738322
|switch|p2a: Incineroar|Incineroar, L50, M|100/100
|-ability|p2a: Incineroar|Intimidate|boost
|-unboost|p1a: Sylveon|atk|1
|-unboost|p1b: Toxapex|atk|1
|move|p1a: Sylveon|Detect|p1a: Sylveon
|-singleturn|p1a: Sylveon|Protect
|move|p2b: Scizor|Bullet Punch|p1a: Sylveon
|-activate|p1a: Sylveon|move: Protect
|move|p1b: Toxapex|Toxic|p2a: Incineroar
|-status|p2a: Incineroar|tox
|
|-damage|p2a: Incineroar|94/100 tox|[from] psn
|-damage|p2b: Scizor|29/100|[from] move: Infestation|[partiallytrapped]
|upkeep
|turn|8
|
|t:|1785738352
|switch|p1a: Incineroar|Incineroar, L50, M|1/100
|-ability|p1a: Incineroar|Intimidate|boost
|-unboost|p2a: Incineroar|atk|1
|-unboost|p2b: Scizor|atk|1
|move|p2b: Scizor|Bullet Punch|p1a: Incineroar
|-resisted|p1a: Incineroar|1
|-damage|p1a: Incineroar|0 fnt
|faint|p1a: Incineroar
|-damage|p2b: Scizor|20/100y|[from] item: Life Orb
|move|p2a: Incineroar|Darkest Lariat|p1b: Toxapex
|-damage|p1b: Toxapex|82/100
|move|p1b: Toxapex|Toxic|p2a: Incineroar
|-fail|p2a: Incineroar|tox
|
|-heal|p1b: Toxapex|87/100|[from] item: Leftovers
|-damage|p2a: Incineroar|82/100 tox|[from] psn
|-end|p2b: Scizor|Infestation|[partiallytrapped]
|-end|p1b: Toxapex|Encore
|upkeep
|
|t:|1785738354
|switch|p1a: Sylveon|Sylveon, L50, F|26/100
|turn|9
|
|t:|1785738367
|switch|p2b: Whimsicott|Whimsicott, L50, F|83/100 tox
|move|p1a: Sylveon|Detect|p1a: Sylveon
|-singleturn|p1a: Sylveon|Protect
|move|p2a: Incineroar|Parting Shot|p1a: Sylveon
|-activate|p1a: Sylveon|move: Protect
|move|p1b: Toxapex|Infestation|p2b: Whimsicott
|-damage|p2b: Whimsicott|78/100 tox
|-activate|p2b: Whimsicott|move: Infestation|[of] p1b: Toxapex
|
|-heal|p1b: Toxapex|93/100|[from] item: Leftovers
|-damage|p2b: Whimsicott|72/100 tox|[from] psn
|-damage|p2a: Incineroar|65/100 tox|[from] psn
|-damage|p2b: Whimsicott|61/100 tox|[from] move: Infestation|[partiallytrapped]
|upkeep
|turn|10
|
|t:|1785738388
|move|p2b: Whimsicott|Tailwind|p2b: Whimsicott
|-sidestart|p2: KyleTampy|move: Tailwind
|move|p2a: Incineroar|Flare Blitz|p1a: Sylveon
|-damage|p1a: Sylveon|0 fnt
|faint|p1a: Sylveon
|-damage|p2a: Incineroar|56/100 tox|[from] Recoil
|move|p1b: Toxapex|Infestation|p2a: Incineroar
|-damage|p2a: Incineroar|53/100 tox
|-activate|p2a: Incineroar|move: Infestation|[of] p1b: Toxapex
|
|-heal|p1b: Toxapex|99/100|[from] item: Leftovers
|-damage|p2b: Whimsicott|49/100 tox|[from] psn
|-damage|p2a: Incineroar|30/100 tox|[from] psn
|-damage|p2b: Whimsicott|37/100 tox|[from] move: Infestation|[partiallytrapped]
|-damage|p2a: Incineroar|18/100 tox|[from] move: Infestation|[partiallytrapped]
|upkeep
|turn|11
|
|t:|1785738401
|move|p1b: Toxapex|Baneful Bunker|p1b: Toxapex
|-singleturn|p1b: Toxapex|move: Protect
|move|p2b: Whimsicott|Moonblast|p1b: Toxapex
|-activate|p1b: Toxapex|move: Protect
|move|p2a: Incineroar|Parting Shot|p1b: Toxapex
|-activate|p1b: Toxapex|move: Protect
|
|-heal|p1b: Toxapex|100/100|[from] item: Leftovers
|-damage|p2b: Whimsicott|20/100y tox|[from] psn
|-damage|p2a: Incineroar|0 fnt|[from] psn
|faint|p2a: Incineroar
|-damage|p2b: Whimsicott|8/100 tox|[from] move: Infestation|[partiallytrapped]
|upkeep
|
|t:|1785738404
|switch|p2a: Staraptor|Staraptor-Mega, L50, M|69/100 brn
|turn|12
|
|t:|1785738414
|move|p2b: Whimsicott|Charm|p2a: Staraptor
|-boost|p2a: Staraptor|atk|2
|move|p2a: Staraptor|Brave Bird|p1b: Toxapex
|-damage|p1b: Toxapex|56/100
|-damage|p2a: Staraptor|56/100 brn|[from] Recoil
|move|p1b: Toxapex|Infestation|p2a: Staraptor
|-resisted|p2a: Staraptor|2
|-damage|p2a: Staraptor|56/100 brn
|-activate|p2a: Staraptor|move: Infestation|[of] p1b: Toxapex
|
|-heal|p1b: Toxapex|61/100|[from] item: Leftovers
|-damage|p2b: Whimsicott|0 fnt|[from] psn
|faint|p2b: Whimsicott
|-damage|p2a: Staraptor|50/100g brn|[from] brn
|-damage|p2a: Staraptor|38/100 brn|[from] move: Infestation|[partiallytrapped]
|upkeep
|
|t:|1785738417
|switch|p2b: Scizor|Scizor, L50, M|20/100y
|turn|13
|
|t:|1785738432
|move|p1b: Toxapex|Baneful Bunker|p1b: Toxapex
|-singleturn|p1b: Toxapex|move: Protect
|move|p2a: Staraptor|Brave Bird|p1b: Toxapex
|-activate|p1b: Toxapex|move: Protect
|move|p2b: Scizor|Bug Bite|p1b: Toxapex
|-activate|p1b: Toxapex|move: Protect
|
|-heal|p1b: Toxapex|67/100|[from] item: Leftovers
|-damage|p2a: Staraptor|32/100 brn|[from] brn
|-damage|p2a: Staraptor|20/100y brn|[from] move: Infestation|[partiallytrapped]
|-sideend|p2: KyleTampy|move: Tailwind
|upkeep
|turn|14
|
|t:|1785738449
|move|p2a: Staraptor|Brave Bird|p1b: Toxapex
|-damage|p1b: Toxapex|22/100
|-damage|p2a: Staraptor|7/100 brn|[from] Recoil
|move|p2b: Scizor|Bug Bite|p1b: Toxapex
|-resisted|p1b: Toxapex|1
|-damage|p1b: Toxapex|0 fnt
|faint|p1b: Toxapex
|-damage|p2b: Scizor|10/100|[from] item: Life Orb
|
|win|KyleTampy
||systemsolo is ready for game 2.
||KyleTampy is ready for game 2.
|uhtml|next|Next: Game 2 of 3
|l|☆systemsolo
|player|p1|
