|j|☆Goat pincurchin
|j|☆Schroombert
|html|Goat pincurchinSchroombert    
|uhtml|bestof|Game 2 of a best-of-3
|t:|1756800299
|gametype|doubles
|player|p1|Goat pincurchin|2|1263
|player|p2|Schroombert|rancher|1411
|gen|9
|tier|[Gen 9] VGC 2025 Reg H (Bo3)
|rated|
|rule|Species Clause: Limit one of each Pokémon
|rule|Item Clause: Limit 1 of each item
|clearpoke
|poke|p1|Gholdengo, L50|
|poke|p1|Sneasler, L50, M|
|poke|p1|Rillaboom, L50, F|
|poke|p1|Dragonite, L50, M|
|poke|p1|Ninetales-Alola, L50, M|
|poke|p1|Arcanine-Hisui, L50, F|
|poke|p2|Indeedee, L50, M|
|poke|p2|Excadrill, L50, M|
|poke|p2|Sneasler, L50, F|
|poke|p2|Tyranitar, L50, F|
|poke|p2|Dragonite, L50, M|
|poke|p2|Annihilape, L50, F|
|teampreview|4
|showteam|p1|Gholdengo||GrassySeed|GoodasGold|NastyPlot,MakeItRain,ShadowBall,Protect||||||50|,,,,,Water]Sneasler||WhiteHerb|Unburden|CloseCombat,DireClaw,Coaching,Protect|||M|||50|,,,,,Ghost]Rillaboom||AssaultVest|GrassySurge|FakeOut,GrassyGlide,DrumBeating,HighHorsepower|||F|||50|,,,,,Fire]Dragonite||LoadedDice|Multiscale|ScaleShot,StompingTantrum,Tailwind,Protect|||M|||50|,,,,,Ground]Ninetales-Alola||FocusSash|SnowWarning|Blizzard,IcyWind,Encore,AuroraVeil|||M|||50|,,,,,Ghost]Arcanine-Hisui||ClearAmulet|Intimidate|RockSlide,FlareBlitz,ExtremeSpeed,Protect|||F|||50|,,,,,Water
|showteam|p2|Indeedee||ChoiceScarf|PsychicSurge|ExpandingForce,TeraBlast,Trick,DazzlingGleam|||M|||50|,,,,,Psychic]Excadrill||FocusSash|SandRush|Earthquake,HighHorsepower,Protect,IronHead|||M|||50|,,,,,Ground]Sneasler||PsychicSeed|Unburden|DireClaw,CloseCombat,ThroatChop,Protect|||F|||50|,,,,,Dark]Tyranitar||AssaultVest|SandStream|RockSlide,TeraBlast,KnockOff,LowKick|||F|||50|,,,,,Flying]Dragonite||LoadedDice|InnerFocus|ScaleShot,ExtremeSpeed,Tailwind,Protect|||M|||50|,,,,,Normal]Annihilape||SafetyGoggles|Defiant|CloseCombat,RageFist,Coaching,FinalGambit|||F|||50|,,,,,Fairy
|inactive|Battle timer is ON: inactive players will automatically lose when time's up. (requested by Schroombert)
|
|t:|1756800313
|teamsize|p1|4
|teamsize|p2|4
|start
|switch|p1a: Gholdengo|Gholdengo, L50|100/100
|switch|p1b: Rillaboom|Rillaboom, L50, F|100/100
|switch|p2a: Annihilape|Annihilape, L50, F|100/100
|switch|p2b: Dragonite|Dragonite, L50, M, shiny|100/100
|-fieldstart|move: Grassy Terrain|[from] ability: Grassy Surge|[of] p1b: Rillaboom
|-enditem|p1a: Gholdengo|Grassy Seed
|-boost|p1a: Gholdengo|def|1|[from] item: Grassy Seed
|turn|1
|j| ranakos
|inactive|Goat pincurchin has 30 seconds left.
|inactive|Schroombert has 30 seconds left.
|
|t:|1756800349
|move|p2a: Annihilape|Coaching|p2b: Dragonite
|-boost|p2b: Dragonite|atk|1
|-boost|p2b: Dragonite|def|1
|move|p1b: Rillaboom|Drum Beating|p2a: Annihilape
|-damage|p2a: Annihilape|55/100
|-unboost|p2a: Annihilape|spe|1
|-ability|p2a: Annihilape|Defiant|boost
|-boost|p2a: Annihilape|atk|2
|move|p1a: Gholdengo|Nasty Plot|p1a: Gholdengo
|-boost|p1a: Gholdengo|spa|2
|move|p2b: Dragonite|Tailwind|p2b: Dragonite
|-sidestart|p2: Schroombert|move: Tailwind
|
|-heal|p2a: Annihilape|61/100|[from] Grassy Terrain
|upkeep
|turn|2
|
|t:|1756800369
|move|p1a: Gholdengo|Protect|p1a: Gholdengo
|-singleturn|p1a: Gholdengo|Protect
|move|p2b: Dragonite|Scale Shot|p1b: Rillaboom
|-damage|p1b: Rillaboom|75/100
|-damage|p1b: Rillaboom|52/100
|-damage|p1b: Rillaboom|31/100
|-damage|p1b: Rillaboom|10/100
|-damage|p1b: Rillaboom|0 fnt
|faint|p1b: Rillaboom
|-hitcount|p1: Rillaboom|5
|-unboost|p2b: Dragonite|def|1
|-boost|p2b: Dragonite|spe|1
|move|p2a: Annihilape|Rage Fist|p1a: Gholdengo
|-activate|p1a: Gholdengo|move: Protect
|
|-heal|p2a: Annihilape|67/100|[from] Grassy Terrain
|upkeep
|
|t:|1756800389
|switch|p1b: Ninetales|Ninetales-Alola, L50, M|100/100
|-weather|Snowscape|[from] ability: Snow Warning|[of] p1b: Ninetales
|turn|3
|
|t:|1756800404
|-terastallize|p1a: Gholdengo|Water
|move|p2b: Dragonite|Protect|p2b: Dragonite
|-singleturn|p2b: Dragonite|Protect
|move|p2a: Annihilape|Rage Fist|p1a: Gholdengo
|-damage|p1a: Gholdengo|52/100
|move|p1b: Ninetales|Blizzard|p2a: Annihilape|[spread] p2a
|-activate|p2b: Dragonite|move: Protect
|-damage|p2a: Annihilape|36/100
|move|p1a: Gholdengo|Make It Rain|p2b: Dragonite|[spread] p2a
|-activate|p2b: Dragonite|move: Protect
|-damage|p2a: Annihilape|0 fnt
|-unboost|p1a: Gholdengo|spa|1
|faint|p2a: Annihilape
|
|-weather|Snowscape|[upkeep]
|-heal|p1a: Gholdengo|58/100|[from] Grassy Terrain
|upkeep
|
|t:|1756800417
|switch|p2a: Tyranitar|Tyranitar, L50, F|100/100
|-weather|Sandstorm|[from] ability: Sand Stream|[of] p2a: Tyranitar
|turn|4
|
|t:|1756800431
|switch|p1b: Arcanine|Arcanine-Hisui, L50, F|100/100
|-ability|p1b: Arcanine|Intimidate|boost
|-unboost|p2a: Tyranitar|atk|1
|-fail|p2b: Dragonite|unboost|Attack|[from] ability: Inner Focus|[of] p2b: Dragonite
|-terastallize|p2b: Dragonite|Normal
|move|p2b: Dragonite|Extreme Speed|p1a: Gholdengo
|-damage|p1a: Gholdengo|9/100
|move|p2a: Tyranitar|Rock Slide|p1b: Arcanine|[spread] p1a,p1b
|-supereffective|p1b: Arcanine
|-damage|p1a: Gholdengo|0 fnt
|-damage|p1b: Arcanine|50/100
|faint|p1a: Gholdengo
|
|-weather|Sandstorm|[upkeep]
|-damage|p2b: Dragonite|94/100|[from] Sandstorm
|-heal|p2b: Dragonite|100/100|[from] Grassy Terrain
|-heal|p1b: Arcanine|56/100|[from] Grassy Terrain
|-sideend|p2: Schroombert|move: Tailwind
|upkeep
|
|t:|1756800444
|switch|p1a: Ninetales|Ninetales-Alola, L50, M|100/100
|-weather|Snowscape|[from] ability: Snow Warning|[of] p1a: Ninetales
|turn|5
|inactive|Schroombert has 30 seconds left.
|
|t:|1756800469
|switch|p2a: Excadrill|Excadrill, L50, M|100/100
|move|p2b: Dragonite|Tailwind|p2b: Dragonite
|-sidestart|p2: Schroombert|move: Tailwind
|move|p1a: Ninetales|Blizzard|p2a: Excadrill|[spread] p2a,p2b
|-damage|p2a: Excadrill|57/100
|-damage|p2b: Dragonite|64/100
|move|p1b: Arcanine|Rock Slide|p2a: Excadrill|[spread] p2b
|-miss|p1b: Arcanine|p2a: Excadrill
|-damage|p2b: Dragonite|34/100
|
|-weather|Snowscape|[upkeep]
|-heal|p2b: Dragonite|40/100|[from] Grassy Terrain
|-heal|p2a: Excadrill|63/100|[from] Grassy Terrain
|-heal|p1b: Arcanine|62/100|[from] Grassy Terrain
|-fieldend|move: Grassy Terrain
|upkeep
|turn|6
|
|t:|1756800484
|move|p1b: Arcanine|Protect|p1b: Arcanine
|-singleturn|p1b: Arcanine|Protect
|move|p2b: Dragonite|Extreme Speed|p1a: Ninetales
|-damage|p1a: Ninetales|29/100
|move|p2a: Excadrill|Iron Head|p1a: Ninetales
|-supereffective|p1a: Ninetales
|-damage|p1a: Ninetales|0 fnt
|faint|p1a: Ninetales
|
|-weather|Snowscape|[upkeep]
|upkeep
|turn|7
|-message|Goat pincurchin forfeited.
|
|win|Schroombert
|l|☆Goat pincurchin
|player|p1|
||Goat pincurchin is ready for game 3.
|l| ranakos
