|j|☆Pokimohy
|j|☆eljulius
|html|Pokimohyeljulius    
|uhtml|bestof|Game 2 of a best-of-3
|t:|1784642376
|gametype|doubles
|player|p1|Pokimohy|gentleman-gen4dp|
|player|p2|eljulius|lance|
|gen|9
|tier|[Gen 9 Champions] VGC 2026 Reg M-B (Bo3)
|rule|Species Clause: Limit one of each Pokémon
|rule|Item Clause: Limit 1 of each item
|clearpoke
|poke|p1|Charizard, L50, M|
|poke|p1|Aerodactyl, L50, F|
|poke|p1|Farigiraf, L50, M|
|poke|p1|Sylveon, L50, M|
|poke|p1|Kingambit, L50, M|
|poke|p1|Garchomp, L50, M|
|poke|p2|Blastoise, L50, M|
|poke|p2|Maushold, L50|
|poke|p2|Milotic, L50, M|
|poke|p2|Sinistcha, L50|
|poke|p2|Delphox, L50, M|
|poke|p2|Incineroar, L50, M|
|teampreview|4
|showteam|p1|Charizard||CharizarditeY|Blaze|HeatWave,WeatherBall,SolarBeam,Protect|Timid||M|||50|]Aerodactyl||Aerodactylite|Unnerve|Tailwind,IceFang,RockSlide,DualWingbeat|Jolly||F|||50|]Farigiraf||SitrusBerry|ArmorTail|TrickRoom,TwinBeam,Thunderbolt,Roar|Quiet||M|||50|]Sylveon||FairyFeather|Pixilate|HyperVoice,HyperBeam,Detect,QuickAttack|Modest||M|||50|]Kingambit||FocusSash|Defiant|KowtowCleave,LowKick,IronHead,SuckerPunch|Adamant||M|||50|]Garchomp||LifeOrb|RoughSkin|Earthquake,RockSlide,DragonClaw,Protect|Adamant||M|||50|
|showteam|p2|Blastoise||Blastoisinite|RainDish|WaterSpout,ShellSmash,DarkPulse,AuraSphere|Modest||M|||50|]Maushold||FocusSash|FriendGuard|PopulationBomb,Encore,SuperFang,FollowMe|Impish|||||50|]Milotic||Leftovers|Competitive|MuddyWater,Coil,Recover,Hypnosis|Bold||M|||50|]Sinistcha||KasibBerry|Hospitality|MatchaGotcha,TrickRoom,LifeDew,RagePowder|Bold|||||50|]Delphox||Delphoxite|Blaze|NastyPlot,Psychic,HeatWave,Protect|Timid||M|||50|]Incineroar||SitrusBerry|Intimidate|FakeOut,PartingShot,DarkestLariat,FlareBlitz|Impish||M|||50|
|
|t:|1784642411
|teamsize|p1|4
|teamsize|p2|4
|start
|switch|p1a: Charizard|Charizard, L50, M|100/100
|switch|p1b: Sylveon|Sylveon, L50, M|100/100
|switch|p2a: Trece|Milotic, L50, M|100/100
|switch|p2b: Visca Barsa|Maushold, L50|100/100
|turn|1
|j| MeteorPlayz_
|c| MeteorPlayz_|El team de milotic caralho
|
|t:|1784642473
|detailschange|p1a: Charizard|Charizard-Mega-Y, L50, M
|-mega|p1a: Charizard|Charizard|Charizardite Y
|-weather|SunnyDay|[from] ability: Drought|[of] p1a: Charizard
|move|p1a: Charizard|Weather Ball|p2b: Visca Barsa
|-enditem|p2b: Visca Barsa|Focus Sash
|-damage|p2b: Visca Barsa|1/100
|move|p2b: Visca Barsa|Super Fang|p1a: Charizard|[miss]
|-miss|p2b: Visca Barsa|p1a: Charizard
|move|p2a: Trece|Hypnosis|p1a: Charizard|[miss]
|-miss|p2a: Trece|p1a: Charizard
|move|p1b: Sylveon|Hyper Voice|p2b: Visca Barsa|[spread] p2a,p2b
|-damage|p2a: Trece|70/100
|-damage|p2b: Visca Barsa|0 fnt
|faint|p2b: Visca Barsa
|
|-weather|SunnyDay|[upkeep]
|-heal|p2a: Trece|76/100|[from] item: Leftovers
|upkeep
|
|t:|1784642484
|switch|p2b: Carles Puyol|Incineroar, L50, M|100/100
|-ability|p2b: Carles Puyol|Intimidate|boost
|-unboost|p1a: Charizard|atk|1
|-unboost|p1b: Sylveon|atk|1
|turn|2
|
|t:|1784642495
|move|p1a: Charizard|Protect|p1a: Charizard
|-singleturn|p1a: Charizard|Protect
|move|p1b: Sylveon|Detect|p1b: Sylveon
|-singleturn|p1b: Sylveon|Protect
|move|p2b: Carles Puyol|Fake Out|p1a: Charizard
|-activate|p1a: Charizard|move: Protect
|move|p2a: Trece|Coil|p2a: Trece
|-boost|p2a: Trece|atk|1
|-boost|p2a: Trece|def|1
|-boost|p2a: Trece|accuracy|1
|
|-weather|SunnyDay|[upkeep]
|-heal|p2a: Trece|82/100|[from] item: Leftovers
|upkeep
|turn|3
|
|t:|1784642507
|move|p1a: Charizard|Solar Beam||[still]
|-prepare|p1a: Charizard|Solar Beam
|-anim|p1a: Charizard|Solar Beam|p2a: Trece
|-supereffective|p2a: Trece|1
|-damage|p2a: Trece|5/100
|move|p2a: Trece|Hypnosis|p1a: Charizard|[miss]
|-miss|p2a: Trece|p1a: Charizard
|move|p1b: Sylveon|Hyper Voice|p2a: Trece|[spread] p2a,p2b
|-damage|p2a: Trece|0 fnt
|-damage|p2b: Carles Puyol|54/100
|faint|p2a: Trece
|move|p2b: Carles Puyol|Parting Shot|p1a: Charizard
|-unboost|p1a: Charizard|atk|1
|-unboost|p1a: Charizard|spa|1
|
|t:|1784642510
|switch|p2b: K.Mbappe|Blastoise, L50, M|100/100|[from] Parting Shot
|
|-weather|SunnyDay|[upkeep]
|upkeep
|
|t:|1784642512
|switch|p2a: Carles Puyol|Incineroar, L50, M|54/100
|-ability|p2a: Carles Puyol|Intimidate|boost
|-unboost|p1a: Charizard|atk|1
|-unboost|p1b: Sylveon|atk|1
|turn|4
|c|☆Pokimohy|Duro fallar tanto
|
|t:|1784642529
|detailschange|p2b: K.Mbappe|Blastoise-Mega, L50, M
|-mega|p2b: K.Mbappe|Blastoise|Blastoisinite
|move|p1a: Charizard|Protect|p1a: Charizard
|-singleturn|p1a: Charizard|Protect
|move|p1b: Sylveon|Detect|p1b: Sylveon
|-singleturn|p1b: Sylveon|Protect
|move|p2a: Carles Puyol|Fake Out|p1b: Sylveon
|-activate|p1b: Sylveon|move: Protect
|move|p2b: K.Mbappe|Shell Smash|p2b: K.Mbappe
|-unboost|p2b: K.Mbappe|def|1
|-unboost|p2b: K.Mbappe|spd|1
|-boost|p2b: K.Mbappe|atk|2
|-boost|p2b: K.Mbappe|spa|2
|-boost|p2b: K.Mbappe|spe|2
|
|-weather|SunnyDay|[upkeep]
|upkeep
|turn|5
|
|t:|1784642545
|switch|p1a: Kingambit|Kingambit, L50, M|100/100
|move|p2b: K.Mbappe|Dark Pulse|p1a: Kingambit
|-resisted|p1a: Kingambit|1
|-damage|p1a: Kingambit|42/100
|move|p1b: Sylveon|Hyper Beam|p2b: K.Mbappe
|-damage|p2b: K.Mbappe|0 fnt
|-mustrecharge|p1b: Sylveon
|faint|p2b: K.Mbappe
|move|p2a: Carles Puyol|Flare Blitz|p1b: Sylveon
|-damage|p1b: Sylveon|4/100
|-damage|p2a: Carles Puyol|23/100|[from] Recoil
|-enditem|p2a: Carles Puyol|Sitrus Berry|[eat]
|-heal|p2a: Carles Puyol|48/100|[from] item: Sitrus Berry
|
|-weather|none
|upkeep
|turn|6
|
|t:|1784642560
|move|p1a: Kingambit|Low Kick|p2a: Carles Puyol
|-supereffective|p2a: Carles Puyol|1
|-damage|p2a: Carles Puyol|1/100
|cant|p1b: Sylveon|recharge
|move|p2a: Carles Puyol|Flare Blitz|p1a: Kingambit
|-supereffective|p1a: Kingambit|1
|-damage|p1a: Kingambit|0 fnt
|faint|p1a: Kingambit
|-damage|p2a: Carles Puyol|0 fnt|[from] Recoil
|faint|p2a: Carles Puyol
|
|win|Pokimohy
||Pokimohy is ready for game 3.
|inactive|eljulius has 30 seconds to confirm battle start!
||eljulius is ready for game 3.
|uhtml|next|Next: Game 3 of 3
|l|☆eljulius
|player|p2|
