|j|☆Subzan
|j|☆2BStellar
|html|Subzan2BStellar    
|uhtml|bestof|Game 1 of a best-of-3
|t:|1785955940
|gametype|doubles
|player|p1|Subzan|169|
|player|p2|2BStellar|hilbert-wonderlauncher|
|gen|9
|tier|[Gen 9 Champions] VGC 2026 Reg M-B (Bo3)
|rule|Species Clause: Limit one of each Pokémon
|rule|Item Clause: Limit 1 of each item
|clearpoke
|poke|p1|Pyroar, L50, F|
|poke|p1|Torkoal, L50, F|
|poke|p1|Farigiraf, L50, F|
|poke|p1|Dragonite, L50, M|
|poke|p1|Whimsicott, L50, M|
|poke|p1|Sneasler, L50, M|
|poke|p2|Sylveon, L50, F, shiny|
|poke|p2|Garchomp, L50, M, shiny|
|poke|p2|Kingambit, L50, M, shiny|
|poke|p2|Charizard, L50, M, shiny|
|poke|p2|Aerodactyl, L50, M, shiny|
|poke|p2|Farigiraf, L50, F, shiny|
|teampreview|4
|showteam|p1|Pyroar||Pyroarite|Unnerve|HeatWave,Overheat,SolarBeam,Protect|Timid||F|||50|]Torkoal||Charcoal|Drought|Eruption,WeatherBall,Protect,HelpingHand|Modest||F|||50|]Farigiraf||SitrusBerry|ArmorTail|TrickRoom,TwinBeam,Thunderbolt,HelpingHand|Bold||F|||50|]Dragonite||LifeOrb|InnerFocus|DragonClaw,ExtremeSpeed,Superpower,Protect|Adamant||M|||50|]Whimsicott||FocusSash|Prankster|Moonblast,Tailwind,Encore,SunnyDay|Timid||M|||50|]Sneasler||WhiteHerb|Unburden|FakeOut,DireClaw,CloseCombat,Protect|Jolly||M|||50|
|showteam|p2|Sylveon||FairyFeather|Pixilate|Detect,HyperVoice,QuickAttack,HyperBeam|Modest||F|||50|]Garchomp||ChoiceScarf|RoughSkin|StompingTantrum,Earthquake,DragonClaw,StoneEdge|Adamant||M|||50|]Kingambit||LifeOrb|Defiant|SuckerPunch,KowtowCleave,IronHead,BrickBreak|Adamant||M|||50|]Charizard||CharizarditeY|Blaze|Protect,HeatWave,SolarBeam,WeatherBall|Modest||M|||50|]Aerodactyl||Aerodactylite|RockHead|Tailwind,RockSlide,WideGuard,DualWingbeat|Jolly||M|||50|]Farigiraf||SitrusBerry|ArmorTail|Protect,Thunderbolt,TwinBeam,TrickRoom|Bold||F|||50|
|
|t:|1785956019
|teamsize|p1|4
|teamsize|p2|4
|start
|switch|p1a: Dragonite|Dragonite, L50, M|100/100
|switch|p1b: Whimsicott|Whimsicott, L50, M|100/100
|switch|p2a: AAAAAA|Aerodactyl, L50, M, shiny|100/100
|switch|p2b: e4e5f4|Kingambit, L50, M, shiny|100/100
|turn|1
|
|t:|1785956089
|switch|p2b: piano|Garchomp, L50, M, shiny|100/100
|detailschange|p2a: AAAAAA|Aerodactyl-Mega, L50, M, shiny
|-mega|p2a: AAAAAA|Aerodactyl|Aerodactylite
|move|p1b: Whimsicott|Tailwind|p1b: Whimsicott
|-sidestart|p1: Subzan|move: Tailwind
|move|p1a: Dragonite|Dragon Claw|p2a: AAAAAA
|-damage|p2a: AAAAAA|21/100
|-damage|p1a: Dragonite|90/100|[from] item: Life Orb
|move|p2a: AAAAAA|Tailwind|p2a: AAAAAA
|-sidestart|p2: 2BStellar|move: Tailwind
|
|upkeep
|turn|2
|
|t:|1785956121
|switch|p2b: giraf|Farigiraf, L50, F, shiny|100/100
|move|p1a: Dragonite|Protect|p1a: Dragonite
|-singleturn|p1a: Dragonite|Protect
|move|p2a: AAAAAA|Dual Wingbeat|p1b: Whimsicott
|-supereffective|p1b: Whimsicott|1
|-damage|p1b: Whimsicott|15/100
|-supereffective|p1b: Whimsicott|1
|-damage|p1b: Whimsicott|0 fnt
|faint|p1b: Whimsicott
|-hitcount|p1: Whimsicott|2
|
|upkeep
|
|t:|1785956143
|switch|p1b: Torkoal|Torkoal, L50, F|100/100
|-weather|SunnyDay|[from] ability: Drought|[of] p1b: Torkoal
|turn|3
|
|t:|1785956164
|move|p2a: AAAAAA|Rock Slide|p1b: Torkoal|[spread] p1a,p1b
|-supereffective|p1a: Dragonite|1
|-supereffective|p1b: Torkoal|1
|-crit|p1b: Torkoal
|-damage|p1a: Dragonite|26/100
|-damage|p1b: Torkoal|24/100
|move|p1a: Dragonite|Dragon Claw|p2a: AAAAAA
|-damage|p2a: AAAAAA|0 fnt
|faint|p2a: AAAAAA
|-damage|p1a: Dragonite|17/100|[from] item: Life Orb
|move|p2b: giraf|Twin Beam|p1b: Torkoal
|-damage|p1b: Torkoal|1/100
|-damage|p1b: Torkoal|0 fnt
|faint|p1b: Torkoal
|-hitcount|p1: Torkoal|2
|
|-weather|SunnyDay|[upkeep]
|upkeep
|
|t:|1785956185
|switch|p2a: piano|Garchomp, L50, M, shiny|100/100
|switch|p1b: Pyroar|Pyroar, L50, F|100/100
|-ability|p1b: Pyroar|Unnerve
|turn|4
|
|t:|1785956244
|detailschange|p1b: Pyroar|Pyroar-Mega, L50, F
|-mega|p1b: Pyroar|Pyroar|Pyroarite
|move|p2a: piano|Stomping Tantrum|p1b: Pyroar
|-supereffective|p1b: Pyroar|1
|-damage|p1b: Pyroar|9/100
|move|p1b: Pyroar|Overheat|p2b: giraf
|-damage|p2b: giraf|0 fnt
|-unboost|p1b: Pyroar|spa|2
|faint|p2b: giraf
|move|p1a: Dragonite|Dragon Claw|p2a: piano
|-supereffective|p2a: piano|1
|-damage|p2a: piano|0 fnt
|-damage|p1a: Dragonite|5/100|[from] ability: Rough Skin|[of] p2a: piano
|faint|p2a: piano
|-damage|p1a: Dragonite|0 fnt|[from] item: Life Orb
|faint|p1a: Dragonite
|
|-weather|SunnyDay|[upkeep]
|-sideend|p1: Subzan|move: Tailwind
|-sideend|p2: 2BStellar|move: Tailwind
|upkeep
|
|t:|1785956257
|switch|p2b: e4e5f4|Kingambit, L50, M, shiny|100/100
|turn|5
|
|t:|1785956268
|move|p1b: Pyroar|Protect|p1b: Pyroar
|-singleturn|p1b: Pyroar|Protect
|move|p2b: e4e5f4|Sucker Punch||[still]
|-fail|p2b: e4e5f4
|
|-weather|SunnyDay|[upkeep]
|upkeep
|turn|6
|
|t:|1785956282
|move|p1b: Pyroar|Protect||[still]
|-fail|p1b: Pyroar
|move|p2b: e4e5f4|Sucker Punch||[still]
|-fail|p2b: e4e5f4
|
|-weather|SunnyDay|[upkeep]
|upkeep
|turn|7
|
|t:|1785956294
|move|p1b: Pyroar|Protect|p1b: Pyroar
|-singleturn|p1b: Pyroar|Protect
|move|p2b: e4e5f4|Sucker Punch||[still]
|-fail|p2b: e4e5f4
|
|-weather|none
|upkeep
|turn|8
|
|t:|1785956310
|move|p1b: Pyroar|Protect|p1b: Pyroar
|-singleturn|p1b: Pyroar|Protect
|move|p2b: e4e5f4|Sucker Punch||[still]
|-fail|p2b: e4e5f4
|
|upkeep
|turn|9
|
|t:|1785956324
|move|p1b: Pyroar|Overheat|p2b: e4e5f4
|-supereffective|p2b: e4e5f4|1
|-damage|p2b: e4e5f4|0 fnt
|-unboost|p1b: Pyroar|spa|2
|faint|p2b: e4e5f4
|
|win|Subzan
|c|☆2BStellar|ur a genius
||2BStellar is ready for game 2.
|inactive|Subzan has 30 seconds to confirm battle start!
||Subzan is ready for game 2.
|uhtml|next|Next: Game 2 of 3
