|j|☆TheGamerVGC0023
|j|☆sbhaga34
|html|TheGamerVGC0023sbhaga34    
|uhtml|bestof|Game 1 of a best-of-3
|t:|1784336270
|gametype|doubles
|player|p1|TheGamerVGC0023|boarder|1516
|player|p2|sbhaga34|hugh|1378
|gen|9
|tier|[Gen 9 Champions] VGC 2026 Reg M-B (Bo3)
|rated|
|rule|Species Clause: Limit one of each Pokémon
|rule|Item Clause: Limit 1 of each item
|clearpoke
|poke|p1|Charizard, L50, F|
|poke|p1|Venusaur, L50, M|
|poke|p1|Grimmsnarl, L50, M|
|poke|p1|Pelipper, L50, M|
|poke|p1|Archaludon, L50, F|
|poke|p1|Basculegion, L50, M|
|poke|p2|Excadrill, L50, M|
|poke|p2|Tyranitar, L50, M|
|poke|p2|Corviknight, L50, M|
|poke|p2|Rotom-Wash, L50|
|poke|p2|Sinistcha, L50|
|poke|p2|Pyroar, L50, F|
|teampreview|4
|showteam|p1|Charizard||CharizarditeY|Blaze|HeatWave,WeatherBall,SolarBeam,Protect|Modest||F|||50|]Venusaur||Venusaurite|Chlorophyll|SludgeBomb,EarthPower,SleepPowder,Protect|Modest||M|||50|]Grimmsnarl||LightClay|Prankster|SpiritBreak,Reflect,LightScreen,PartingShot|Careful||M|||50|]Pelipper||SitrusBerry|Drizzle|WeatherBall,Hurricane,Tailwind,WideGuard|Modest||M|||50|]Archaludon||Leftovers|Stamina|ElectroShot,DragonPulse,FlashCannon,Protect|Modest||F|||50|]Basculegion||ChoiceScarf|Adaptability|WaveCrash,FlipTurn,LastRespects,AquaJet|Jolly||M|||50|
|showteam|p2|Excadrill||FocusSash|SandRush|Earthquake,IronHead,SwordsDance,Protect|Adamant||M|||50|]Tyranitar||Tyranitarite|SandStream|RockSlide,KnockOff,LowKick,Protect|Adamant||M|||50|]Corviknight||SharpBeak|MirrorArmor|BraveBird,Tailwind,BulkUp,Roost|Careful||M|||50|]Rotom-Wash||ChoiceScarf|Levitate|VoltSwitch,Thunderbolt,Electroweb,HydroPump|Timid|||||50|]Sinistcha||SitrusBerry|Hospitality|MatchaGotcha,TrickRoom,RagePowder,Protect|Calm|||||50|]Pyroar||Pyroarite|Unnerve|Overheat,HeatWave,Flamethrower,Protect|Timid||F|||50|
|inactive|Battle timer is ON: inactive players will automatically lose when time's up. (requested by sbhaga34)
|
|t:|1784336305
|teamsize|p1|4
|teamsize|p2|4
|start
|switch|p1a: Basculegion|Basculegion, L50, M|100/100
|switch|p1b: Archaludon|Archaludon, L50, F|100/100
|switch|p2a: Rotom|Rotom-Wash, L50|100/100
|switch|p2b: Tyranitar|Tyranitar, L50, M|100/100
|-weather|Sandstorm|[from] ability: Sand Stream|[of] p2b: Tyranitar
|turn|1
|
|t:|1784336328
|move|p2b: Tyranitar|Protect|p2b: Tyranitar
|-singleturn|p2b: Tyranitar|Protect
|move|p1a: Basculegion|Flip Turn|p1b: Archaludon
|-resisted|p1b: Archaludon|1
|-damage|p1b: Archaludon|87/100
|-ability|p1b: Archaludon|Stamina|boost
|-boost|p1b: Archaludon|def|1
|
|t:|1784336332
|switch|p1a: Pelipper|Pelipper, L50, M|100/100|[from] Flip Turn
|-weather|RainDance|[from] ability: Drizzle|[of] p1a: Pelipper
|move|p2a: Rotom|Volt Switch|p1a: Pelipper
|-supereffective|p1a: Pelipper|2
|-damage|p1a: Pelipper|0 fnt
|faint|p1a: Pelipper
|
|t:|1784336341
|switch|p2a: Excadrill|Excadrill, L50, M|100/100|[from] Volt Switch
|move|p1b: Archaludon|Electro Shot||[still]
|-prepare|p1b: Archaludon|Electro Shot
|-boost|p1b: Archaludon|spa|1
|-anim|p1b: Archaludon|Electro Shot|p2a: Excadrill
|-immune|p2a: Excadrill
|
|-weather|RainDance|[upkeep]
|-heal|p1b: Archaludon|93/100|[from] item: Leftovers
|upkeep
|
|t:|1784336350
|switch|p1a: Venusaur|Venusaur, L50, M|100/100
|turn|2
|
|t:|1784336370
|detailschange|p1a: Venusaur|Venusaur-Mega, L50, M
|-mega|p1a: Venusaur|Venusaur|Venusaurite
|detailschange|p2b: Tyranitar|Tyranitar-Mega, L50, M
|-mega|p2b: Tyranitar|Tyranitar|Tyranitarite
|-weather|Sandstorm|[from] ability: Sand Stream|[of] p2b: Tyranitar
|move|p2b: Tyranitar|Protect||[still]
|-fail|p2b: Tyranitar
|move|p2a: Excadrill|Swords Dance|p2a: Excadrill
|-boost|p2a: Excadrill|atk|2
|move|p1a: Venusaur|Sleep Powder|p2a: Excadrill
|-status|p2a: Excadrill|slp|[from] move: Sleep Powder
|move|p1b: Archaludon|Flash Cannon|p2b: Tyranitar
|-supereffective|p2b: Tyranitar|1
|-damage|p2b: Tyranitar|44/100
|
|-weather|Sandstorm|[upkeep]
|-damage|p1a: Venusaur|93/100|[from] Sandstorm
|-heal|p1b: Archaludon|99/100|[from] item: Leftovers
|upkeep
|turn|3
|
|t:|1784336385
|switch|p2b: Rotom|Rotom-Wash, L50|100/100
|cant|p2a: Excadrill|slp
|move|p1a: Venusaur|Earth Power|p2a: Excadrill
|-supereffective|p2a: Excadrill|1
|-damage|p2a: Excadrill|10/100 slp
|move|p1b: Archaludon|Dragon Pulse|p2a: Excadrill
|-resisted|p2a: Excadrill|1
|-damage|p2a: Excadrill|0 fnt
|faint|p2a: Excadrill
|
|-weather|Sandstorm|[upkeep]
|-damage|p2b: Rotom|94/100|[from] Sandstorm
|-damage|p1a: Venusaur|87/100|[from] Sandstorm
|-heal|p1b: Archaludon|100/100|[from] item: Leftovers
|upkeep
|
|t:|1784336391
|switch|p2a: Corviknight|Corviknight, L50, M|100/100
|turn|4
|
|t:|1784336406
|move|p2b: Rotom|Thunderbolt|p1b: Archaludon
|-resisted|p1b: Archaludon|1
|-damage|p1b: Archaludon|83/100
|-ability|p1b: Archaludon|Stamina|boost
|-boost|p1b: Archaludon|def|1
|move|p1a: Venusaur|Sleep Powder|p2a: Corviknight|[miss]
|-miss|p1a: Venusaur|p2a: Corviknight
|move|p1b: Archaludon|Electro Shot||[still]
|-prepare|p1b: Archaludon|Electro Shot
|-boost|p1b: Archaludon|spa|1
|move|p2a: Corviknight|Brave Bird|p1a: Venusaur
|-supereffective|p1a: Venusaur|1
|-damage|p1a: Venusaur|9/100
|-damage|p2a: Corviknight|76/100|[from] Recoil
|
|-weather|Sandstorm|[upkeep]
|-damage|p2b: Rotom|88/100|[from] Sandstorm
|-damage|p1a: Venusaur|3/100|[from] Sandstorm
|-heal|p1b: Archaludon|89/100|[from] item: Leftovers
|upkeep
|turn|5
|
|t:|1784336427
|move|p2b: Rotom|Thunderbolt|p1a: Venusaur
|-resisted|p1a: Venusaur|1
|-damage|p1a: Venusaur|0 fnt
|faint|p1a: Venusaur
|move|p1b: Archaludon|Electro Shot|p2a: Corviknight|[from] lockedmove
|-supereffective|p2a: Corviknight|1
|-damage|p2a: Corviknight|0 fnt
|faint|p2a: Corviknight
|
|-weather|Sandstorm|[upkeep]
|-damage|p2b: Rotom|82/100|[from] Sandstorm
|-heal|p1b: Archaludon|95/100|[from] item: Leftovers
|upkeep
|-message|sbhaga34 forfeited.
|
|win|TheGamerVGC0023
