|j|☆ghjk07
|j|☆JinWasHere
|html|ghjk07JinWasHere    
|uhtml|bestof|Game 1 of a best-of-3
|t:|1784194267
|gametype|doubles
|player|p1|ghjk07|170|1000
|player|p2|JinWasHere|n|1000
|gen|9
|tier|[Gen 9 Champions] VGC 2026 Reg M-B (Bo3)
|rated|
|rule|Species Clause: Limit one of each Pokémon
|rule|Item Clause: Limit 1 of each item
|clearpoke
|poke|p1|Qwilfish, L50, M|
|poke|p1|Malamar, L50, M|
|poke|p1|Audino, L50, F|
|poke|p1|Chandelure, L50, M|
|poke|p1|Zoroark-Hisui, L50, F|
|poke|p1|Whimsicott, L50, F|
|poke|p2|Scolipede, L50, F|
|poke|p2|Annihilape, L50, F|
|poke|p2|Hydreigon, L50, F|
|poke|p2|Pelipper, L50, M|
|poke|p2|Basculegion, L50, M|
|poke|p2|Swampert, L50, M|
|teampreview|4
|showteam|p1|Qwilfish||Leftovers|Intimidate|Minimize,SwordsDance,ThroatChop,Stockpile|Impish||M|||50|]Malamar||Malamarite|Contrary|ThroatChop,PsychUp,Rest,Superpower|Impish||M|||50|]Audino||MentalHerb|Healer|SimpleBeam,HealPulse,Protect,TrickRoom|Serious||F|||50|]Chandelure||SitrusBerry|FlashFire|AcidArmor,CalmMind,Flamethrower,Minimize|Bold||M|||50|]Zoroark-Hisui||ChoiceScarf|Illusion|WillOWisp,Memento,RainDance,Taunt|Jolly||F|||50|]Whimsicott||LifeOrb|Prankster|Memento,GrassKnot,LightScreen,SunnyDay|Modest||F|||50|
|showteam|p2|Scolipede||Scolipite|SpeedBoost|LeechLife,GunkShot,StompingTantrum,Protect|Adamant||F|||50|]Annihilape||FocusSash|Defiant|Coaching,CloseCombat,RageFist,Taunt|Careful||F|||50|]Hydreigon||ChoiceScarf|Levitate|DracoMeteor,DarkPulse,EarthPower,Snarl|Timid||F|||50|]Pelipper||WacanBerry|RainDish|WeatherBall,Tailwind,Hurricane,WideGuard|Modest||M|||50|]Basculegion||LifeOrb|SwiftSwim|AquaJet,LastRespects,WaveCrash,Protect|Adamant||M|||50|]Swampert||Swampertite|Torrent|Earthquake,BulkUp,FlipTurn,Protect|Careful||M|||50|
|
|t:|1784194326
|teamsize|p1|4
|teamsize|p2|4
|start
|switch|p1a: Whimsicott|Whimsicott, L50, F|100/100
|switch|p1b: Audino|Audino, L50, F|100/100
|switch|p2a: Hydreigon|Hydreigon, L50, F|100/100
|switch|p2b: Pelipper|Pelipper, L50, M|100/100
|turn|1
|
|t:|1784194362
|move|p1a: Whimsicott|Light Screen|p1a: Whimsicott
|-sidestart|p1: ghjk07|move: Light Screen
|move|p2a: Hydreigon|Snarl|p1b: Audino|[spread] p1a,p1b
|-resisted|p1a: Whimsicott|1
|-damage|p1a: Whimsicott|89/100
|-damage|p1b: Audino|87/100
|-unboost|p1a: Whimsicott|spa|1
|-unboost|p1b: Audino|spa|1
|move|p2b: Pelipper|Hurricane|p1a: Whimsicott
|-supereffective|p1a: Whimsicott|1
|-damage|p1a: Whimsicott|0 fnt
|faint|p1a: Whimsicott
|move|p1b: Audino|Trick Room|p1b: Audino
|-fieldstart|move: Trick Room|[of] p1b: Audino
|
|upkeep
|
|t:|1784194375
|switch|p1a: Qwilfish|Qwilfish, L50, M|100/100
|-ability|p1a: Qwilfish|Intimidate|boost
|-unboost|p2a: Hydreigon|atk|1
|-unboost|p2b: Pelipper|atk|1
|turn|2
|
|t:|1784194405
|switch|p2b: Swampert|Swampert, L50, M|100/100
|move|p1b: Audino|Simple Beam|p1a: Qwilfish
|-ability|p1a: Qwilfish|Simple|Intimidate|[from] move: Simple Beam
|move|p1a: Qwilfish|Minimize|p1a: Qwilfish
|-boost|p1a: Qwilfish|evasion|4
|move|p2a: Hydreigon|Snarl|p1a: Qwilfish|[spread] p1a,p1b
|-damage|p1a: Qwilfish|84/100
|-damage|p1b: Audino|74/100
|-unboost|p1a: Qwilfish|spa|2
|-unboost|p1b: Audino|spa|1
|
|-heal|p1a: Qwilfish|90/100|[from] item: Leftovers
|upkeep
|turn|3
|
|t:|1784194434
|switch|p2a: Pelipper|Pelipper, L50, M|100/100
|detailschange|p2b: Swampert|Swampert-Mega, L50, M
|-mega|p2b: Swampert|Swampert|Swampertite
|move|p1b: Audino|Heal Pulse|p1a: Qwilfish
|-heal|p1a: Qwilfish|100/100
|move|p2b: Swampert|Earthquake|p1b: Audino|[spread] p1a,p1b
|-immune|p2a: Pelipper
|-supereffective|p1a: Qwilfish|1
|-damage|p1a: Qwilfish|16/100
|-damage|p1b: Audino|40/100
|move|p1a: Qwilfish|Stockpile|p1a: Qwilfish
|-start|p1a: Qwilfish|stockpile1
|-boost|p1a: Qwilfish|def|2
|-boost|p1a: Qwilfish|spd|2
|
|-heal|p1a: Qwilfish|22/100|[from] item: Leftovers
|upkeep
|turn|4
|l|☆ghjk07
|player|p1|
|inactive|Battle timer is ON: inactive players will automatically lose when time's up. (requested by JinWasHere)
|j|☆ghjk07
|inactive|ghjk07 reconnected and has 85 seconds left.
|player|p1|ghjk07|170|
|
|t:|1784194493
|move|p1b: Audino|Heal Pulse|p1a: Qwilfish
|-heal|p1a: Qwilfish|72/100
|move|p2b: Swampert|Earthquake|p1b: Audino|[spread] p1b
|-immune|p2a: Pelipper
|-miss|p2b: Swampert|p1a: Qwilfish
|-damage|p1b: Audino|7/100
|move|p2a: Pelipper|Weather Ball|p1a: Qwilfish|[miss]
|-miss|p2a: Pelipper|p1a: Qwilfish
|move|p1a: Qwilfish|Stockpile|p1a: Qwilfish
|-start|p1a: Qwilfish|stockpile2
|-boost|p1a: Qwilfish|def|2
|-boost|p1a: Qwilfish|spd|2
|
|-heal|p1a: Qwilfish|77/100|[from] item: Leftovers
|upkeep
|turn|5
|inactive|ghjk07 has 30 seconds left.
|
|t:|1784194520
|move|p1b: Audino|Heal Pulse|p1a: Qwilfish
|-heal|p1a: Qwilfish|100/100
|move|p2b: Swampert|Earthquake|p1a: Qwilfish|[spread] p1a,p1b
|-immune|p2a: Pelipper
|-supereffective|p1a: Qwilfish|1
|-crit|p1b: Audino
|-damage|p1a: Qwilfish|74/100
|-damage|p1b: Audino|0 fnt
|faint|p1b: Audino
|move|p2a: Pelipper|Tailwind|p2a: Pelipper
|-sidestart|p2: JinWasHere|move: Tailwind
|move|p1a: Qwilfish|Stockpile|p1a: Qwilfish
|-start|p1a: Qwilfish|stockpile3
|-boost|p1a: Qwilfish|def|2
|-boost|p1a: Qwilfish|spd|2
|
|-heal|p1a: Qwilfish|80/100|[from] item: Leftovers
|-sideend|p1: ghjk07|move: Light Screen
|-fieldend|move: Trick Room
|upkeep
|
|t:|1784194537
|switch|p1b: Malamar|Malamar, L50, M|100/100
|turn|6
|
|t:|1784194549
|switch|p2a: Hydreigon|Hydreigon, L50, F|100/100
|detailschange|p1b: Malamar|Malamar-Mega, L50, M
|-mega|p1b: Malamar|Malamar|Malamarite
|move|p2b: Swampert|Bulk Up|p2b: Swampert
|-boost|p2b: Swampert|atk|1
|-boost|p2b: Swampert|def|1
|move|p1b: Malamar|Psych Up|p1a: Qwilfish
|-copyboost|p1b: Malamar|p1a: Qwilfish|[from] move: Psych Up
|move|p1a: Qwilfish|Minimize|p1a: Qwilfish
|-boost|p1a: Qwilfish|evasion|2
|
|-heal|p1a: Qwilfish|86/100|[from] item: Leftovers
|upkeep
|turn|7
|inactive|JinWasHere has 30 seconds left.
|inactive|JinWasHere has 20 seconds left.
|
|t:|1784194585
|move|p2a: Hydreigon|Dark Pulse|p1b: Malamar
|-damage|p1b: Malamar|90/100
|move|p2b: Swampert|Earthquake|p1a: Qwilfish|[spread] 
|-immune|p2a: Hydreigon|[from] ability: Levitate
|-miss|p2b: Swampert|p1a: Qwilfish
|-miss|p2b: Swampert|p1b: Malamar
|cant|p1b: Malamar|flinch
|move|p1a: Qwilfish|Swords Dance|p1a: Qwilfish
|-boost|p1a: Qwilfish|atk|4
|
|-heal|p1a: Qwilfish|91/100|[from] item: Leftovers
|upkeep
|turn|8
|
|t:|1784194610
|move|p2a: Hydreigon|Dark Pulse|p1b: Malamar|[miss]
|-miss|p2a: Hydreigon|p1b: Malamar
|move|p2b: Swampert|Earthquake|p1a: Qwilfish|[spread] 
|-immune|p2a: Hydreigon|[from] ability: Levitate
|-miss|p2b: Swampert|p1a: Qwilfish
|-miss|p2b: Swampert|p1b: Malamar
|move|p1b: Malamar|Psych Up|p1a: Qwilfish
|-copyboost|p1b: Malamar|p1a: Qwilfish|[from] move: Psych Up
|move|p1a: Qwilfish|Throat Chop|p2b: Swampert
|-damage|p2b: Swampert|71/100
|-start|p2b: Swampert|Throat Chop|[silent]
|
|-heal|p1a: Qwilfish|97/100|[from] item: Leftovers
|-sideend|p2: JinWasHere|move: Tailwind
|upkeep
|turn|9
|
|t:|1784194633
|move|p2a: Hydreigon|Dark Pulse|p1b: Malamar|[miss]
|-miss|p2a: Hydreigon|p1b: Malamar
|move|p1b: Malamar|Superpower|p2b: Swampert
|-damage|p2b: Swampert|26/100
|-boost|p1b: Malamar|atk|1
|move|p1a: Qwilfish|Swords Dance|p1a: Qwilfish
|-boost|p1a: Qwilfish|atk|2
|move|p2b: Swampert|Earthquake|p1a: Qwilfish|[spread] p1b
|-immune|p2a: Hydreigon|[from] ability: Levitate
|-miss|p2b: Swampert|p1a: Qwilfish
|-damage|p1b: Malamar|79/100
|
|-heal|p1a: Qwilfish|100/100|[from] item: Leftovers
|-end|p2b: Swampert|Throat Chop|[silent]
|upkeep
|turn|10
|inactive|JinWasHere has 30 seconds left.
|c|☆JinWasHere|I don't think I can do anything now
|c|☆JinWasHere|Only crit can save me
|
|t:|1784194667
|move|p2a: Hydreigon|Dark Pulse|p1b: Malamar|[miss]
|-miss|p2a: Hydreigon|p1b: Malamar
|move|p1b: Malamar|Superpower|p2a: Hydreigon
|-supereffective|p2a: Hydreigon|1
|-damage|p2a: Hydreigon|0 fnt
|-boost|p1b: Malamar|atk|1
|faint|p2a: Hydreigon
|move|p1a: Qwilfish|Throat Chop|p2b: Swampert
|-damage|p2b: Swampert|0 fnt
|faint|p2b: Swampert
|
|upkeep
|
|t:|1784194678
|switch|p2a: Basculegion|Basculegion, L50, M|100/100
|switch|p2b: Pelipper|Pelipper, L50, M|100/100
|turn|11
|
|t:|1784194692
|move|p2a: Basculegion|Last Respects|p1b: Malamar|[miss]
|-miss|p2a: Basculegion|p1b: Malamar
|move|p1b: Malamar|Throat Chop|p2b: Pelipper
|-damage|p2b: Pelipper|0 fnt
|faint|p2b: Pelipper
|move|p1a: Qwilfish|Throat Chop|p2a: Basculegion
|-supereffective|p2a: Basculegion|1
|-damage|p2a: Basculegion|0 fnt
|faint|p2a: Basculegion
|
|win|ghjk07
|inactive|ghjk07 has 30 seconds to confirm battle start!
|inactive|JinWasHere has 30 seconds to confirm battle start!
