|j|☆Isagii
|j|☆persianavgc
|html|Isagiipersianavgc    
|uhtml|bestof|Game 1 of a best-of-3
|t:|1783965712
|gametype|doubles
|player|p1|Isagii|steven|1237
|player|p2|persianavgc|1|1246
|gen|9
|tier|[Gen 9 Champions] VGC 2026 Reg M-B (Bo3)
|rated|
|rule|Species Clause: Limit one of each Pokémon
|rule|Item Clause: Limit 1 of each item
|clearpoke
|poke|p1|Milotic, L50, M|
|poke|p1|Farigiraf, L50, M|
|poke|p1|Hydrapple, L50, M, shiny|
|poke|p1|Mawile, L50, F|
|poke|p1|Torkoal, L50, M|
|poke|p1|Decidueye-Hisui, L50, F|
|poke|p2|Gengar, L50, M|
|poke|p2|Kommo-o, L50, M|
|poke|p2|Sinistcha, L50|
|poke|p2|Incineroar, L50, F|
|poke|p2|Politoed, L50, F|
|poke|p2|Tinkaton, L50, F|
|teampreview|4
|showteam|p1|Milotic||Leftovers|Competitive|IceBeam,MuddyWater,Recover,Haze|Modest||M|||50|]Farigiraf||SitrusBerry|ArmorTail|Psychic,TrickRoom,HelpingHand,Protect|Bold||M|||50|]Hydrapple||LifeOrb|Regenerator|FickleBeam,EarthPower,EnergyBall,Protect|Quiet||M|||50|]Mawile||Mawilite|HyperCutter|PlayRough,SuckerPunch,RockSlide,Protect|Brave||F|||50|]Torkoal||Charcoal|Drought|Eruption,WeatherBall,SolarBeam,Protect|Quiet||M|||50|]Decidueye-Hisui||ScopeLens|Scrappy|TripleArrows,LeafBlade,Uturn,Protect|Brave||F|||50|
|showteam|p2|Gengar||Gengarite|CursedBody|ShadowBall,Disable,PerishSong,Protect|Timid||M|||50|]Kommo-o||Leftovers|Soundproof|ClangingScales,AuraSphere,ClangorousSoul,Protect|Modest||M|||50|]Sinistcha||KasibBerry|Hospitality|MatchaGotcha,Protect,RagePowder,LifeDew|Bold|||||50|]Incineroar||PasshoBerry|Intimidate|FakeOut,DarkestLariat,Protect,PartingShot|Relaxed||F|||50|]Politoed||SitrusBerry|Drizzle|WeatherBall,Encore,PerishSong,Protect|Calm||F|||50|]Tinkaton||ShucaBerry|MoldBreaker|FakeOut,GigatonHammer,Encore,Protect|Jolly||F|||50|
|inactive|Battle timer is ON: inactive players will automatically lose when time's up. (requested by Isagii)
|inactive|Isagii has 60 seconds left.
|inactive|persianavgc has 60 seconds left.
|
|t:|1783965770
|teamsize|p1|4
|teamsize|p2|4
|start
|switch|p1a: Decidueye|Decidueye-Hisui, L50, F|100/100
|switch|p1b: Milotic|Milotic, L50, M|100/100
|switch|p2a: Gengar|Gengar, L50, M|100/100
|switch|p2b: Tinkaton|Tinkaton, L50, F|100/100
|-ability|p2b: Tinkaton|Mold Breaker
|turn|1
|inactive|Isagii has 30 seconds left.
|
|t:|1783965797
|detailschange|p2a: Gengar|Gengar-Mega, L50, M
|-mega|p2a: Gengar|Gengar|Gengarite
|move|p2b: Tinkaton|Fake Out|p1a: Decidueye
|-damage|p1a: Decidueye|91/100
|move|p2a: Gengar|Perish Song|p2a: Gengar
|-start|p1a: Decidueye|perish3|[silent]
|-start|p1b: Milotic|perish3|[silent]
|-start|p2a: Gengar|perish3|[silent]
|-start|p2b: Tinkaton|perish3|[silent]
|-fieldactivate|move: Perish Song
|move|p1b: Milotic|Muddy Water|p2a: Gengar|[spread] p2a,p2b
|-damage|p2a: Gengar|68/100
|-damage|p2b: Tinkaton|65/100
|-unboost|p2a: Gengar|accuracy|1
|cant|p1a: Decidueye|flinch
|
|-start|p2a: Gengar|perish3
|-start|p2b: Tinkaton|perish3
|-start|p1b: Milotic|perish3
|-start|p1a: Decidueye|perish3
|upkeep
|turn|2
|
|t:|1783965819
|switch|p2b: Incineroar|Incineroar, L50, F|100/100
|-ability|p2b: Incineroar|Intimidate|boost
|-fail|p1a: Decidueye|unboost|Attack|[from] ability: Scrappy|[of] p1a: Decidueye
|-unboost|p1b: Milotic|atk|1
|-ability|p1b: Milotic|Competitive|boost
|-boost|p1b: Milotic|spa|2
|move|p2a: Gengar|Protect|p2a: Gengar
|-singleturn|p2a: Gengar|Protect
|move|p1b: Milotic|Muddy Water|p2a: Gengar|[spread] p2b
|-activate|p2a: Gengar|move: Protect
|-supereffective|p2b: Incineroar|1
|-enditem|p2b: Incineroar|Passho Berry|[eat]
|-enditem|p2b: Incineroar|Passho Berry|[weaken]
|-damage|p2b: Incineroar|46/100
|move|p1a: Decidueye|Triple Arrows|p2b: Incineroar
|-supereffective|p2b: Incineroar|1
|-damage|p2b: Incineroar|0 fnt
|faint|p2b: Incineroar
|
|-start|p2a: Gengar|perish2
|-start|p1b: Milotic|perish2
|-start|p1a: Decidueye|perish2
|upkeep
|
|t:|1783965839
|switch|p2b: Tinkaton|Tinkaton, L50, F|65/100
|-ability|p2b: Tinkaton|Mold Breaker
|turn|3
|
|t:|1783965850
|move|p2b: Tinkaton|Fake Out|p1a: Decidueye
|-damage|p1a: Decidueye|82/100
|move|p2a: Gengar|Disable|p1b: Milotic
|-start|p1b: Milotic|Disable|Muddy Water
|cant|p1b: Milotic|Disable|Muddy Water
|cant|p1a: Decidueye|flinch
|
|-start|p2a: Gengar|perish1
|-start|p1b: Milotic|perish1
|-start|p1a: Decidueye|perish1
|upkeep
|turn|4
|
|t:|1783965869
|switch|p2a: Politoed|Politoed, L50, F|100/100
|-weather|RainDance|[from] ability: Drizzle|[of] p2a: Politoed
|move|p2b: Tinkaton|Protect|p2b: Tinkaton
|-singleturn|p2b: Tinkaton|Protect
|move|p1b: Milotic|Ice Beam|p2a: Politoed
|-resisted|p2a: Politoed|1
|-damage|p2a: Politoed|73/100
|move|p1a: Decidueye|U-turn|p2a: Politoed
|-damage|p2a: Politoed|52/100
|
|t:|1783965880
|switch|p1a: Farigiraf|Farigiraf, L50, M|100/100|[from] U-turn
|
|-weather|RainDance|[upkeep]
|-start|p1b: Milotic|perish0
|faint|p1b: Milotic
|upkeep
|
|t:|1783965885
|switch|p1b: Decidueye|Decidueye-Hisui, L50, F|82/100
|turn|5
|inactive|persianavgc has 30 seconds left.
|inactive|persianavgc has 20 seconds left.
|inactive|persianavgc has 15 seconds left.
|inactive|persianavgc has 10 seconds left.
|inactive|persianavgc has 5 seconds left.
|
|t:|1783965937
|switch|p2a: Gengar|Gengar-Mega, L50, M|68/100
|move|p2b: Tinkaton|Gigaton Hammer|p1a: Farigiraf
|-damage|p1a: Farigiraf|60/100
|move|p1b: Decidueye|Triple Arrows|p2b: Tinkaton
|-crit|p2b: Tinkaton
|-damage|p2b: Tinkaton|0 fnt
|faint|p2b: Tinkaton
|move|p1a: Farigiraf|Trick Room|p1a: Farigiraf
|-fieldstart|move: Trick Room|[of] p1a: Farigiraf
|
|-weather|RainDance|[upkeep]
|upkeep
|-message|persianavgc forfeited.
|
|win|Isagii
|l|☆persianavgc
|player|p2|
||persianavgc is ready for game 2.
||Isagii is ready for game 2.
|uhtml|next|Next: Game 2 of 3
