|j|☆tessa scarlet
|j|☆dialghite
|html|tessa scarletdialghite    
|uhtml|bestof|Game 1 of a best-of-3
|t:|1756455627
|gametype|doubles
|player|p1|tessa scarlet|102|1375
|player|p2|dialghite|volkner|1436
|gen|9
|tier|[Gen 9] VGC 2025 Reg H (Bo3)
|rated|
|rule|Species Clause: Limit one of each Pokémon
|rule|Item Clause: Limit 1 of each item
|clearpoke
|poke|p1|Gholdengo, L50|
|poke|p1|Sneasler, L50, M|
|poke|p1|Rillaboom, L50, M|
|poke|p1|Dragonite, L50, M|
|poke|p1|Ninetales-Alola, L50, M|
|poke|p1|Arcanine-Hisui, L50, M|
|poke|p2|Whimsicott, L50, M|
|poke|p2|Garchomp, L50, M|
|poke|p2|Indeedee, L50, M|
|poke|p2|Sneasler, L50, M|
|poke|p2|Ursaluna-Bloodmoon, L50, M|
|poke|p2|Archaludon, L50, M|
|teampreview|4
|showteam|p1|Gholdengo||GrassySeed|GoodasGold|NastyPlot,MakeItRain,ShadowBall,Protect||||||50|,,,,,Water]Sneasler||WhiteHerb|Unburden|CloseCombat,DireClaw,Coaching,Protect|||M|||50|,,,,,Ghost]Rillaboom||AssaultVest|GrassySurge|FakeOut,GrassyGlide,DrumBeating,HighHorsepower|||M|||50|,,,,,Fire]Dragonite||LoadedDice|Multiscale|ScaleShot,StompingTantrum,Tailwind,Protect|||M|||50|,,,,,Ground]Ninetales-Alola||FocusSash|SnowWarning|Blizzard,IcyWind,Encore,AuroraVeil|||M|||50|,,,,,Ghost]Arcanine-Hisui||ClearAmulet|Intimidate|RockSlide,FlareBlitz,ExtremeSpeed,Protect|||M|||50|,,,,,Water
|showteam|p2|Whimsicott||CovertCloak|Prankster|Moonblast,Taunt,Tailwind,FakeTears|||M|||50|,,,,,Water]Garchomp||LoadedDice|RoughSkin|ScaleShot,StompingTantrum,SwordsDance,Protect|||M|||50|,,,,,Steel]Indeedee||FocusSash|PsychicSurge|ExpandingForce,TeraBlast,Imprison,TrickRoom|||M|||50|,,,,,Psychic]Sneasler||PsychicSeed|Unburden|CloseCombat,DireClaw,ThroatChop,Protect|||M|||50|,,,,,Dark]Ursaluna-Bloodmoon||LifeOrb|MindsEye|HyperVoice,BloodMoon,EarthPower,Protect|||M|||50|,,,,,Normal]Archaludon||PowerHerb|Stalwart|ElectroShot,DragonPulse,Thunderbolt,Protect|||M|||50|,,,,,Electric
|inactive|Battle timer is ON: inactive players will automatically lose when time's up. (requested by dialghite)
|inactive|tessa scarlet has 60 seconds left.
|inactive|tessa scarlet has 30 seconds left.
|inactive|tessa scarlet has 20 seconds left.
|
|t:|1756455715
|teamsize|p1|4
|teamsize|p2|4
|start
|switch|p1a: Dragonite|Dragonite, L50, M|100/100
|switch|p1b: Sneasler|Sneasler, L50, M|100/100
|switch|p2a: Whimsicott|Whimsicott, L50, M|100/100
|switch|p2b: Ursaluna|Ursaluna-Bloodmoon, L50, M|100/100
|turn|1
|inactive|dialghite has 30 seconds left.
|inactive|dialghite has 20 seconds left.
|inactive|dialghite has 15 seconds left.
|
|t:|1756455755
|-terastallize|p2a: Whimsicott|Water
|move|p1b: Sneasler|Protect|p1b: Sneasler
|-singleturn|p1b: Sneasler|Protect
|move|p2a: Whimsicott|Taunt|p1a: Dragonite
|-start|p1a: Dragonite|move: Taunt
|cant|p1a: Dragonite|move: Taunt|Tailwind
|move|p2b: Ursaluna|Earth Power|p1b: Sneasler
|-activate|p1b: Sneasler|move: Protect
|
|upkeep
|turn|2
|
|t:|1756455770
|switch|p1b: Rillaboom|Rillaboom, L50, M|100/100
|-fieldstart|move: Grassy Terrain|[from] ability: Grassy Surge|[of] p1b: Rillaboom
|move|p2a: Whimsicott|Tailwind|p2a: Whimsicott
|-sidestart|p2: dialghite|move: Tailwind
|move|p2b: Ursaluna|Blood Moon|p1b: Rillaboom
|-damage|p1b: Rillaboom|24/100
|-damage|p2b: Ursaluna|91/100|[from] item: Life Orb
|move|p1a: Dragonite|Scale Shot|p2b: Ursaluna
|-damage|p2b: Ursaluna|78/100
|-damage|p2b: Ursaluna|65/100
|-damage|p2b: Ursaluna|52/100
|-damage|p2b: Ursaluna|41/100
|-hitcount|p2b: Ursaluna|4
|-unboost|p1a: Dragonite|def|1
|-boost|p1a: Dragonite|spe|1
|
|-heal|p2b: Ursaluna|47/100|[from] Grassy Terrain
|-heal|p1b: Rillaboom|30/100|[from] Grassy Terrain
|upkeep
|turn|3
|inactive|tessa scarlet has 30 seconds left.
|inactive|tessa scarlet has 20 seconds left.
|
|t:|1756455806
|switch|p1b: Ninetales|Ninetales-Alola, L50, M|100/100
|-weather|Snowscape|[from] ability: Snow Warning|[of] p1b: Ninetales
|move|p2b: Ursaluna|Protect|p2b: Ursaluna
|-singleturn|p2b: Ursaluna|Protect
|move|p2a: Whimsicott|Moonblast|p1a: Dragonite
|-supereffective|p1a: Dragonite
|-damage|p1a: Dragonite|72/100
|-unboost|p1a: Dragonite|spa|1
|move|p1a: Dragonite|Scale Shot|p2b: Ursaluna
|-activate|p2b: Ursaluna|move: Protect
|
|-weather|Snowscape|[upkeep]
|-heal|p2b: Ursaluna|52/100|[from] Grassy Terrain
|-end|p1a: Dragonite|move: Taunt
|upkeep
|turn|4
|inactive|tessa scarlet has 30 seconds left.
|inactive|dialghite has 30 seconds left.
|inactive|tessa scarlet has 20 seconds left.
|
|t:|1756455844
|move|p1a: Dragonite|Protect|p1a: Dragonite
|-singleturn|p1a: Dragonite|Protect
|move|p2a: Whimsicott|Taunt|p1b: Ninetales
|-start|p1b: Ninetales|move: Taunt
|move|p2b: Ursaluna|Blood Moon|p1a: Dragonite
|-activate|p1a: Dragonite|move: Protect
|move|p1b: Ninetales|Icy Wind|p2b: Ursaluna|[spread] p2a,p2b
|-resisted|p2a: Whimsicott
|-supereffective|p2b: Ursaluna
|-damage|p2a: Whimsicott|91/100
|-damage|p2b: Ursaluna|8/100
|-unboost|p2b: Ursaluna|spe|1
|
|-weather|Snowscape|[upkeep]
|-heal|p2a: Whimsicott|97/100|[from] Grassy Terrain
|-heal|p2b: Ursaluna|14/100|[from] Grassy Terrain
|upkeep
|turn|5
|inactive|dialghite has 30 seconds left.
|
|t:|1756455875
|move|p2b: Ursaluna|Protect|p2b: Ursaluna
|-singleturn|p2b: Ursaluna|Protect
|move|p2a: Whimsicott|Moonblast|p1a: Dragonite
|-supereffective|p1a: Dragonite
|-damage|p1a: Dragonite|11/100
|move|p1a: Dragonite|Scale Shot|p2a: Whimsicott
|-damage|p2a: Whimsicott|79/100
|-damage|p2a: Whimsicott|60/100
|-damage|p2a: Whimsicott|39/100
|-damage|p2a: Whimsicott|22/100
|-damage|p2a: Whimsicott|3/100
|-hitcount|p2a: Whimsicott|5
|-unboost|p1a: Dragonite|def|1
|-boost|p1a: Dragonite|spe|1
|move|p1b: Ninetales|Blizzard|p2b: Ursaluna|[spread] p2a
|-activate|p2b: Ursaluna|move: Protect
|-resisted|p2a: Whimsicott
|-damage|p2a: Whimsicott|0 fnt
|faint|p2a: Whimsicott
|
|-weather|Snowscape|[upkeep]
|-heal|p2b: Ursaluna|20/100|[from] Grassy Terrain
|-sideend|p2: dialghite|move: Tailwind
|upkeep
|
|t:|1756455889
|switch|p2a: Sneasler|Sneasler, L50, M|100/100
|turn|6
|
|t:|1756455900
|switch|p2b: Indeedee|Indeedee, L50, M|100/100
|-fieldstart|move: Psychic Terrain|[from] ability: Psychic Surge|[of] p2b: Indeedee
|-enditem|p2a: Sneasler|Psychic Seed
|-boost|p2a: Sneasler|spd|1|[from] item: Psychic Seed
|move|p2a: Sneasler|Dire Claw|p1a: Dragonite
|-damage|p1a: Dragonite|0 fnt
|faint|p1a: Dragonite
|move|p1b: Ninetales|Icy Wind|p2a: Sneasler|[spread] p2a,p2b
|-damage|p2a: Sneasler|87/100
|-damage|p2b: Indeedee|78/100
|-unboost|p2a: Sneasler|spe|1
|-unboost|p2b: Indeedee|spe|1
|
|-weather|Snowscape|[upkeep]
|-end|p1b: Ninetales|move: Taunt
|upkeep
|
|t:|1756455923
|switch|p1a: Sneasler|Sneasler, L50, M|100/100
|turn|7
|
|t:|1756455934
|switch|p2b: Ursaluna|Ursaluna-Bloodmoon, L50, M|20/100
|move|p2a: Sneasler|Dire Claw|p1a: Sneasler
|-resisted|p1a: Sneasler
|-damage|p1a: Sneasler|71/100
|-status|p1a: Sneasler|par
|move|p1b: Ninetales|Blizzard|p2a: Sneasler|[spread] p2a,p2b
|-supereffective|p2b: Ursaluna
|-damage|p2a: Sneasler|60/100
|-damage|p2b: Ursaluna|0 fnt
|faint|p2b: Ursaluna
|move|p1a: Sneasler|Dire Claw|p2a: Sneasler
|-resisted|p2a: Sneasler
|-damage|p2a: Sneasler|31/100
|-status|p2a: Sneasler|par
|
|-weather|none
|upkeep
|
|t:|1756455944
|switch|p2b: Indeedee|Indeedee, L50, M|78/100
|turn|8
|
|t:|1756455965
|-terastallize|p1a: Sneasler|Ghost
|move|p1b: Ninetales|Icy Wind|p2b: Indeedee|[spread] p2a,p2b
|-damage|p2a: Sneasler|16/100 par
|-damage|p2b: Indeedee|55/100
|-unboost|p2a: Sneasler|spe|1
|-unboost|p2b: Indeedee|spe|1
|move|p2b: Indeedee|Expanding Force|p1b: Ninetales|[spread] p1a,p1b
|-damage|p1a: Sneasler|10/100 par
|-damage|p1b: Ninetales|43/100
|move|p2a: Sneasler|Dire Claw|p1b: Ninetales
|-supereffective|p1b: Ninetales
|-damage|p1b: Ninetales|0 fnt
|faint|p1b: Ninetales
|move|p1a: Sneasler|Dire Claw|p2b: Indeedee
|-damage|p2b: Indeedee|0 fnt
|faint|p2b: Indeedee
|
|upkeep
|
|t:|1756455972
|switch|p1b: Rillaboom|Rillaboom, L50, M|30/100
|-fieldstart|move: Grassy Terrain|[from] ability: Grassy Surge|[of] p1b: Rillaboom
|turn|9
|-message|dialghite forfeited.
|
|win|tessa scarlet
