|j|☆LuscaPvP
|j|☆Jessditta
|html|LuscaPvPJessditta    
|uhtml|bestof|Game 1 of a best-of-3
|t:|1757853322
|gametype|doubles
|player|p1|LuscaPvP|1|1072
|player|p2|Jessditta|hilda|1186
|gen|9
|tier|[Gen 9] VGC 2025 Reg H (Bo3)
|rated|
|rule|Species Clause: Limit one of each Pokémon
|rule|Item Clause: Limit 1 of each item
|clearpoke
|poke|p1|Gengar, L50, F|
|poke|p1|Dragonite, L50, M|
|poke|p1|Volcarona, L50, F|
|poke|p1|Gyarados, L50, M|
|poke|p1|Gardevoir, L50, F|
|poke|p1|Sinistcha-Masterpiece, L50|
|poke|p2|Ninetales-Alola, L50, F|
|poke|p2|Rillaboom, L50, F|
|poke|p2|Volcarona, L50, M|
|poke|p2|Annihilape, L50, F|
|poke|p2|Primarina, L50, M|
|poke|p2|Sneasler, L50, M|
|teampreview|4
|showteam|p1|Gengar||FocusSash|CursedBody|ShadowBall,SludgeBomb,Haze,Protect|||F|||50|,,,,,Dark]Dragonite||LoadedDice|Multiscale|ExtremeSpeed,Protect,LowKick,ScaleShot|||M|||50|,,,,,Normal]Volcarona||SafetyGoggles|FlameBody|RagePowder,StruggleBug,Protect,HeatWave|||F|||50|,,,,,Dragon]Gyarados||CovertCloak|Intimidate|Waterfall,ThunderWave,Taunt,Protect|||M|||50|,,,,,Steel]Gardevoir||MirrorHerb|Trace|DazzlingGleam,Moonblast,Psychic,Protect|||F|||50|,,,,,Fairy]Sinistcha-Masterpiece||SitrusBerry|Hospitality|MatchaGotcha,Protect,TrickRoom,RagePowder||||||50|,,,,,Water
|showteam|p2|Ninetales-Alola||LightClay|SnowWarning|Blizzard,IcicleSpear,AuroraVeil,FreezeDry|||F|||50|,,,,,Ghost]Rillaboom||AssaultVest|GrassySurge|FakeOut,WoodHammer,GrassyGlide,Uturn|||F|||50|,,,,,Fire]Volcarona||SitrusBerry|FlameBody|HeatWave,GigaDrain,QuiverDance,Protect|||M|||50|,,,,,Grass]Annihilape||Leftovers|Defiant|RageFist,DrainPunch,BulkUp,Protect|||F|||50|,,,,,Fire]Primarina||ThroatSpray|LiquidVoice|HyperVoice,Moonblast,Haze,Protect|||M|||50|,,,,,Water]Sneasler||GrassySeed|Unburden|FakeOut,DireClaw,CloseCombat,Coaching|||M|||50|,,,,,Dark
|
|t:|1757853366
|teamsize|p1|4
|teamsize|p2|4
|start
|switch|p1a: Gyarados|Gyarados, L50, M|100/100
|switch|p1b: Gardevoir|Gardevoir, L50, F|100/100
|switch|p2a: Ninetales|Ninetales-Alola, L50, F|100/100
|switch|p2b: Annihilape|Annihilape, L50, F, shiny|100/100
|-weather|Snowscape|[from] ability: Snow Warning|[of] p2a: Ninetales
|-ability|p1b: Gardevoir|Defiant|Trace|[from] ability: Trace|[of] p2b: Annihilape
|-ability|p1a: Gyarados|Intimidate|boost
|-unboost|p2a: Ninetales|atk|1
|-unboost|p2b: Annihilape|atk|1
|-ability|p2b: Annihilape|Defiant|boost
|-boost|p2b: Annihilape|atk|2
|-enditem|p1b: Gardevoir|Mirror Herb
|-boost|p1b: Gardevoir|atk|2|[from] item: Mirror Herb
|turn|1
|
|t:|1757853395
|-terastallize|p1b: Gardevoir|Fairy
|move|p2a: Ninetales|Freeze-Dry|p1a: Gyarados
|-supereffective|p1a: Gyarados
|-damage|p1a: Gyarados|39/100
|move|p1b: Gardevoir|Moonblast|p2b: Annihilape
|-supereffective|p2b: Annihilape
|-damage|p2b: Annihilape|0 fnt
|faint|p2b: Annihilape
|move|p1a: Gyarados|Taunt|p2a: Ninetales
|-start|p2a: Ninetales|move: Taunt
|
|-weather|Snowscape|[upkeep]
|upkeep
|
|t:|1757853408
|switch|p2b: Primarina|Primarina, L50, M, shiny|100/100
|turn|2
|
|t:|1757853419
|move|p1a: Gyarados|Protect|p1a: Gyarados
|-singleturn|p1a: Gyarados|Protect
|move|p2a: Ninetales|Freeze-Dry|p1a: Gyarados
|-activate|p1a: Gyarados|move: Protect
|move|p1b: Gardevoir|Psychic|p2a: Ninetales
|-damage|p2a: Ninetales|62/100
|move|p2b: Primarina|Hyper Voice|p1b: Gardevoir|[spread] p1b
|-activate|p1a: Gyarados|move: Protect
|-damage|p1b: Gardevoir|72/100
|-enditem|p2b: Primarina|Throat Spray
|-boost|p2b: Primarina|spa|1|[from] item: Throat Spray
|
|-weather|Snowscape|[upkeep]
|upkeep
|turn|3
|
|t:|1757853450
|move|p1b: Gardevoir|Protect|p1b: Gardevoir
|-singleturn|p1b: Gardevoir|Protect
|move|p2a: Ninetales|Blizzard|p1a: Gyarados|[spread] p1a
|-activate|p1b: Gardevoir|move: Protect
|-damage|p1a: Gyarados|21/100
|move|p1a: Gyarados|Waterfall|p2a: Ninetales
|-damage|p2a: Ninetales|31/100
|move|p2b: Primarina|Hyper Voice|p1b: Gardevoir|[spread] p1a
|-activate|p1b: Gardevoir|move: Protect
|-resisted|p1a: Gyarados
|-damage|p1a: Gyarados|4/100
|
|-weather|Snowscape|[upkeep]
|upkeep
|turn|4
|
|t:|1757853479
|move|p2a: Ninetales|Blizzard|p1a: Gyarados|[spread] p1a,p1b
|-crit|p1a: Gyarados
|-damage|p1a: Gyarados|0 fnt
|-damage|p1b: Gardevoir|48/100
|faint|p1a: Gyarados
|move|p1b: Gardevoir|Dazzling Gleam|p2b: Primarina|[spread] p2a,p2b
|-damage|p2a: Ninetales|0 fnt
|-damage|p2b: Primarina|78/100
|faint|p2a: Ninetales
|move|p2b: Primarina|Moonblast|p1b: Gardevoir
|-damage|p1b: Gardevoir|0 fnt
|faint|p1b: Gardevoir
|
|-weather|Snowscape|[upkeep]
|upkeep
|
|t:|1757853493
|switch|p2a: Volcarona|Volcarona, L50, M|100/100
|switch|p1b: Dragonite|Dragonite, L50, M|100/100
|switch|p1a: Gengar|Gengar, L50, F|100/100
|turn|5
|
|t:|1757853511
|-terastallize|p2b: Primarina|Water
|move|p1b: Dragonite|Extreme Speed|p2b: Primarina
|-damage|p2b: Primarina|45/100
|move|p1a: Gengar|Sludge Bomb|p2b: Primarina
|-damage|p2b: Primarina|14/100
|move|p2a: Volcarona|Heat Wave|p1a: Gengar|[spread] p1a,p1b
|-resisted|p1b: Dragonite
|-damage|p1a: Gengar|40/100
|-damage|p1b: Dragonite|91/100
|-status|p1b: Dragonite|brn
|-start|p2a: Volcarona|Disable|Heat Wave|[from] ability: Cursed Body|[of] p1a: Gengar
|move|p2b: Primarina|Hyper Voice|p1b: Dragonite|[spread] p1a,p1b
|-resisted|p1b: Dragonite
|-damage|p1a: Gengar|0 fnt
|-damage|p1b: Dragonite|62/100 brn
|faint|p1a: Gengar
|
|-weather|none
|-damage|p1b: Dragonite|56/100 brn|[from] brn
|upkeep
|turn|6
|
|t:|1757853539
|move|p2b: Primarina|Protect|p2b: Primarina
|-singleturn|p2b: Primarina|Protect
|move|p1b: Dragonite|Scale Shot|p2a: Volcarona
|-damage|p2a: Volcarona|93/100
|-damage|p2a: Volcarona|84/100
|-damage|p2a: Volcarona|76/100
|-damage|p2a: Volcarona|67/100
|-hitcount|p2a: Volcarona|4
|-unboost|p1b: Dragonite|def|1
|-boost|p1b: Dragonite|spe|1
|move|p2a: Volcarona|Quiver Dance|p2a: Volcarona
|-boost|p2a: Volcarona|spa|1
|-boost|p2a: Volcarona|spd|1
|-boost|p2a: Volcarona|spe|1
|
|-damage|p1b: Dragonite|50/100 brn|[from] brn
|upkeep
|turn|7
|
|t:|1757853560
|move|p1b: Dragonite|Extreme Speed|p2a: Volcarona
|-damage|p2a: Volcarona|50/100
|-enditem|p2a: Volcarona|Sitrus Berry|[eat]
|-heal|p2a: Volcarona|75/100|[from] item: Sitrus Berry
|move|p2a: Volcarona|Giga Drain|p1b: Dragonite
|-resisted|p1b: Dragonite
|-damage|p1b: Dragonite|40/100 brn
|-heal|p2a: Volcarona|80/100|[from] drain|[of] p1b: Dragonite
|move|p2b: Primarina|Moonblast|p1b: Dragonite
|-supereffective|p1b: Dragonite
|-damage|p1b: Dragonite|0 fnt
|faint|p1b: Dragonite
|
|win|Jessditta
|l|☆LuscaPvP
|player|p1|
||LuscaPvP is ready for game 2.
||LuscaPvP is ready for game 2.
|inactive|Jessditta has 30 seconds to confirm battle start!
||Jessditta is ready for game 2.
|uhtml|next|Next: Game 2 of 3
