|j|☆Saicam16
|j|☆marix_ou
|html|Saicam16marix_ou    
|uhtml|bestof|Game 1 of a best-of-3
|t:|1783699836
|gametype|doubles
|player|p1|Saicam16|2|1044
|player|p2|marix_ou|wattson|1076
|gen|9
|tier|[Gen 9 Champions] VGC 2026 Reg M-B (Bo3)
|rated|
|rule|Species Clause: Limit one of each Pokémon
|rule|Item Clause: Limit 1 of each item
|clearpoke
|poke|p1|Talonflame, L50, F, shiny|
|poke|p1|Incineroar, L50, M, shiny|
|poke|p1|Froslass, L50, F|
|poke|p1|Primarina, L50, M|
|poke|p1|Sneasler, L50, F|
|poke|p1|Kingambit, L50, F|
|poke|p2|Goodra-Hisui, L50, F|
|poke|p2|Hydrapple, L50, F|
|poke|p2|Ampharos, L50, F|
|poke|p2|Sinistcha, L50|
|poke|p2|Farigiraf, L50, M|
|poke|p2|Grimmsnarl, L50, M|
|teampreview|4
|showteam|p1|Talonflame||MentalHerb|GaleWings|BraveBird,FlareBlitz,Tailwind,Protect|Jolly||F|||50|]Incineroar||SitrusBerry|Intimidate|FakeOut,FlareBlitz,DarkestLariat,PartingShot|Careful||M|||50|]Froslass||Froslassite|CursedBody|Protect,ShadowBall,IceBeam,Thunderbolt|Timid||F|||50|]Primarina||MysticWater|LiquidVoice|HyperVoice,Moonblast,Haze,Protect|Modest||M|||50|]Sneasler||FocusSash|Unburden|Protect,DireClaw,Uturn,CloseCombat|Adamant||F|||50|]Kingambit||BlackGlasses|Defiant|KowtowCleave,IronHead,SuckerPunch,Protect|Adamant||F|||50|
|showteam|p2|Goodra-Hisui||Leftovers|SapSipper|IronHead,DragonClaw,RockSlide,Protect|Adamant||F|||50|]Hydrapple||YacheBerry|Regenerator|FickleBeam,GigaDrain,EarthPower,Protect|Modest||F|||50|]Ampharos||Ampharosite|Static|FocusBlast,DragonPulse,Thunderbolt,Protect|Quiet||F|||50|]Sinistcha||KasibBerry|Hospitality|TrickRoom,RagePowder,GigaDrain,Protect|Relaxed|||||50|]Farigiraf||SitrusBerry|ArmorTail|TrickRoom,Psychic,HelpingHand,Protect|Sassy||M|||50|]Grimmsnarl||LightClay|Prankster|Reflect,LightScreen,FakeOut,PartingShot|Careful||M|||50|
|inactive|Battle timer is ON: inactive players will automatically lose when time's up. (requested by Saicam16)
|
|t:|1783699909
|teamsize|p1|4
|teamsize|p2|4
|start
|switch|p1a: Kingambit|Kingambit, L50, F|100/100
|switch|p1b: Primarina|Primarina, L50, M|100/100
|switch|p2a: Grimmsnarl|Grimmsnarl, L50, M|100/100
|switch|p2b: Goodra|Goodra-Hisui, L50, F|100/100
|turn|1
|inactive|marix_ou has 30 seconds left.
|inactive|marix_ou has 20 seconds left.
|inactive|marix_ou has 15 seconds left.
|
|t:|1783699953
|move|p1b: Primarina|Protect|p1b: Primarina
|-singleturn|p1b: Primarina|Protect
|move|p1a: Kingambit|Protect|p1a: Kingambit
|-singleturn|p1a: Kingambit|Protect
|move|p2a: Grimmsnarl|Light Screen|p2a: Grimmsnarl
|-sidestart|p2: marix_ou|move: Light Screen
|move|p2b: Goodra|Iron Head|p1b: Primarina
|-activate|p1b: Primarina|move: Protect
|
|upkeep
|turn|2
|
|t:|1783699968
|move|p2a: Grimmsnarl|Reflect|p2a: Grimmsnarl
|-sidestart|p2: marix_ou|Reflect
|move|p2b: Goodra|Iron Head|p1b: Primarina
|-damage|p1b: Primarina|54/100
|move|p1b: Primarina|Moonblast|p2a: Grimmsnarl
|-supereffective|p2a: Grimmsnarl|1
|-damage|p2a: Grimmsnarl|38/100
|move|p1a: Kingambit|Iron Head|p2a: Grimmsnarl
|-supereffective|p2a: Grimmsnarl|1
|-damage|p2a: Grimmsnarl|0 fnt
|faint|p2a: Grimmsnarl
|
|upkeep
|
|t:|1783699979
|switch|p2a: Hydrapple|Hydrapple, L50, F|100/100
|turn|3
|
|t:|1783699999
|move|p1b: Primarina|Protect|p1b: Primarina
|-singleturn|p1b: Primarina|Protect
|move|p2a: Hydrapple|Protect|p2a: Hydrapple
|-singleturn|p2a: Hydrapple|Protect
|move|p2b: Goodra|Iron Head|p1b: Primarina
|-activate|p1b: Primarina|move: Protect
|move|p1a: Kingambit|Kowtow Cleave|p2a: Hydrapple
|-activate|p2a: Hydrapple|move: Protect
|
|upkeep
|turn|4
|
|t:|1783700019
|switch|p1b: Froslass|Froslass, L50, F|100/100
|move|p2b: Goodra|Iron Head|p1b: Froslass
|-supereffective|p1b: Froslass|1
|-damage|p1b: Froslass|0 fnt
|faint|p1b: Froslass
|move|p1a: Kingambit|Kowtow Cleave|p2a: Hydrapple
|-damage|p2a: Hydrapple|68/100
|move|p2a: Hydrapple|Giga Drain|p1a: Kingambit
|-resisted|p1a: Kingambit|1
|-damage|p1a: Kingambit|81/100
|-heal|p2a: Hydrapple|76/100|[from] drain|[of] p1a: Kingambit
|
|upkeep
|
|t:|1783700031
|switch|p1b: Sneasler|Sneasler, L50, F|100/100
|turn|5
|
|t:|1783700041
|switch|p2b: Sinistcha|Sinistcha, L50|100/100
|-heal|p2a: Hydrapple|100/100|[from] ability: Hospitality|[of] p2b: Sinistcha
|move|p1b: Sneasler|Close Combat|p2b: Sinistcha
|-immune|p2b: Sinistcha
|move|p1a: Kingambit|Kowtow Cleave|p2a: Hydrapple
|-damage|p2a: Hydrapple|68/100
|move|p2a: Hydrapple|Earth Power|p1b: Sneasler
|-supereffective|p1b: Sneasler|1
|-damage|p1b: Sneasler|15/100
|-unboost|p1b: Sneasler|spd|1
|
|upkeep
|turn|6
|inactive|marix_ou has 30 seconds left.
|
|t:|1783700071
|move|p1b: Sneasler|Protect|p1b: Sneasler
|-singleturn|p1b: Sneasler|Protect
|move|p2b: Sinistcha|Rage Powder|p2b: Sinistcha
|-singleturn|p2b: Sinistcha|move: Rage Powder
|move|p1a: Kingambit|Kowtow Cleave|p2b: Sinistcha
|-supereffective|p2b: Sinistcha|1
|-damage|p2b: Sinistcha|43/100
|move|p2a: Hydrapple|Earth Power|p1b: Sneasler
|-activate|p1b: Sneasler|move: Protect
|
|upkeep
|turn|7
|
|t:|1783700088
|switch|p1b: Primarina|Primarina, L50, M|54/100
|move|p2b: Sinistcha|Protect|p2b: Sinistcha
|-singleturn|p2b: Sinistcha|Protect
|move|p1a: Kingambit|Kowtow Cleave|p2b: Sinistcha
|-activate|p2b: Sinistcha|move: Protect
|move|p2a: Hydrapple|Earth Power|p1b: Primarina
|-damage|p1b: Primarina|24/100
|
|upkeep
|turn|8
|
|t:|1783700111
|switch|p2b: Goodra|Goodra-Hisui, L50, F|100/100
|move|p1b: Primarina|Protect|p1b: Primarina
|-singleturn|p1b: Primarina|Protect
|move|p1a: Kingambit|Kowtow Cleave|p2b: Goodra
|-damage|p2b: Goodra|62/100
|move|p2a: Hydrapple|Giga Drain|p1b: Primarina
|-activate|p1b: Primarina|move: Protect
|
|-heal|p2b: Goodra|68/100|[from] item: Leftovers
|-sideend|p2: marix_ou|move: Light Screen
|upkeep
|turn|9
|inactive|Saicam16 has 30 seconds left.
|
|t:|1783700145
|switch|p2b: Sinistcha|Sinistcha, L50|43/100
|-heal|p2a: Hydrapple|92/100|[from] ability: Hospitality|[of] p2b: Sinistcha
|move|p1b: Primarina|Moonblast|p2a: Hydrapple
|-supereffective|p2a: Hydrapple|1
|-damage|p2a: Hydrapple|0 fnt
|faint|p2a: Hydrapple
|move|p1a: Kingambit|Kowtow Cleave|p2b: Sinistcha
|-supereffective|p2b: Sinistcha|1
|-damage|p2b: Sinistcha|0 fnt
|faint|p2b: Sinistcha
|
|-sideend|p2: marix_ou|Reflect
|upkeep
|
|t:|1783700154
|switch|p2b: Goodra|Goodra-Hisui, L50, F|68/100
|turn|10
|
|t:|1783700163
|move|p1b: Primarina|Moonblast|p2b: Goodra
|-damage|p2b: Goodra|35/100
|move|p2b: Goodra|Iron Head|p1b: Primarina
|-damage|p1b: Primarina|0 fnt
|faint|p1b: Primarina
|move|p1a: Kingambit|Kowtow Cleave|p2b: Goodra
|-damage|p2b: Goodra|0 fnt
|faint|p2b: Goodra
|
|win|Saicam16
||marix_ou is ready for game 2.
|l|☆marix_ou
|player|p2|
|inactive|Saicam16 has 30 seconds to confirm battle start!
