|j|☆grus kujo
|j|☆AntonioCartana
|html|grus kujoAntonioCartana    
|uhtml|bestof|Game 2 of a best-of-3
|t:|1757176270
|gametype|doubles
|player|p1|grus kujo|170|1045
|player|p2|AntonioCartana|bruno|1093
|gen|9
|tier|[Gen 9] VGC 2025 Reg H (Bo3)
|rated|
|rule|Species Clause: Limit one of each Pokémon
|rule|Item Clause: Limit 1 of each item
|clearpoke
|poke|p1|Tyranitar, L50, F|
|poke|p1|Lycanroc, L50, F|
|poke|p1|Orthworm, L50, M|
|poke|p1|Drifblim, L50, M|
|poke|p1|Kommo-o, L50, F|
|poke|p1|Annihilape, L50, F|
|poke|p2|Ursaluna, L50, F|
|poke|p2|Gholdengo, L50|
|poke|p2|Porygon2, L50|
|poke|p2|Amoonguss, L50, F|
|poke|p2|Incineroar, L50, F|
|poke|p2|Dragonite, L50, F|
|teampreview|4
|showteam|p1|Tyranitar||AssaultVest|SandStream|RockSlide,Earthquake,KnockOff,TeraBlast|||F|||50|,,,,,Flying]Lycanroc||FocusSash|SandRush|Accelerock,RockSlide,Endeavor,Protect|||F|||50|,,,,,Steel]Orthworm||SitrusBerry|EarthEater|IronHead,BodyPress,ShedTail,Protect|||M|||50|,,,,,Steel]Drifblim||RockyHelmet|Aftermath|ShadowBall,StrengthSap,TrickRoom,Protect|||M|||50|,,,,,Normal]Kommo-o||ThroatSpray|Overcoat|ClangingScales,AuraSphere,ClangorousSoul,Protect|||F|||50|,,,,,Water]Annihilape||Leftovers|Defiant|RageFist,DrainPunch,BulkUp,Protect|||F|||50|,,,,,Water
|showteam|p2|Ursaluna||FlameOrb|Guts|Facade,Earthquake,HeadlongRush,Protect|||F|||50|,,,,,Ghost]Gholdengo||LifeOrb|GoodasGold|MakeItRain,ShadowBall,NastyPlot,Protect||||||50|,,,,,Water]Porygon2||Eviolite|Download|TeraBlast,IceBeam,Recover,TrickRoom||||||50|,,,,,Fighting]Amoonguss||CovertCloak|Regenerator|PollenPuff,ClearSmog,RagePowder,Spore|||F|||50|,,,,,Water]Incineroar||SitrusBerry|Intimidate|FakeOut,FlareBlitz,KnockOff,PartingShot|||F|||50|,,,,,Ghost]Dragonite||LoadedDice|Multiscale|ScaleShot,Tailwind,IceSpinner,Protect|||F|||50|,,,,,Fairy
|inactive|Battle timer is ON: inactive players will automatically lose when time's up. (requested by AntonioCartana)
|
|t:|1757176296
|teamsize|p1|4
|teamsize|p2|4
|start
|switch|p1a: Tyranitar|Tyranitar, L50, F|100/100
|switch|p1b: Orthworm|Orthworm, L50, M|100/100
|switch|p2a: Porygon2|Porygon2, L50|100/100
|switch|p2b: Incineroar|Incineroar, L50, F|100/100
|-ability|p2b: Incineroar|Intimidate|boost
|-unboost|p1a: Tyranitar|atk|1
|-unboost|p1b: Orthworm|atk|1
|-ability|p2a: Porygon2|Download|boost
|-boost|p2a: Porygon2|spa|1
|-weather|Sandstorm|[from] ability: Sand Stream|[of] p1a: Tyranitar
|turn|1
|inactive|grus kujo has 30 seconds left.
|inactive|grus kujo has 20 seconds left.
|inactive|grus kujo has 15 seconds left.
|
|t:|1757176337
|-terastallize|p2a: Porygon2|Fighting
|move|p1b: Orthworm|Protect|p1b: Orthworm
|-singleturn|p1b: Orthworm|Protect
|move|p2b: Incineroar|Knock Off|p1b: Orthworm
|-activate|p1b: Orthworm|move: Protect
|move|p2a: Porygon2|Tera Blast|p1a: Tyranitar|[anim] Tera Blast Fighting
|-supereffective|p1a: Tyranitar
|-crit|p1a: Tyranitar
|-damage|p1a: Tyranitar|3/100
|move|p1a: Tyranitar|Rock Slide|p2b: Incineroar|[spread] p2a,p2b
|-resisted|p2a: Porygon2
|-supereffective|p2b: Incineroar
|-damage|p2a: Porygon2|94/100
|-damage|p2b: Incineroar|64/100
|
|-weather|Sandstorm|[upkeep]
|-damage|p2b: Incineroar|58/100|[from] Sandstorm
|-damage|p2a: Porygon2|88/100|[from] Sandstorm
|upkeep
|turn|2
|
|t:|1757176357
|switch|p1a: Drifblim|Drifblim, L50, M|100/100
|move|p2b: Incineroar|Knock Off|p1a: Drifblim
|-supereffective|p1a: Drifblim
|-damage|p1a: Drifblim|30/100
|-damage|p2b: Incineroar|42/100|[from] item: Rocky Helmet|[of] p1a: Drifblim
|-enditem|p1a: Drifblim|Rocky Helmet|[from] move: Knock Off|[of] p2b: Incineroar
|-enditem|p2b: Incineroar|Sitrus Berry|[eat]
|-heal|p2b: Incineroar|67/100|[from] item: Sitrus Berry
|move|p2a: Porygon2|Tera Blast|p1b: Orthworm|[anim] Tera Blast Fighting
|-supereffective|p1b: Orthworm
|-damage|p1b: Orthworm|0 fnt
|faint|p1b: Orthworm
|
|-weather|Sandstorm|[upkeep]
|-damage|p2b: Incineroar|61/100|[from] Sandstorm
|-damage|p2a: Porygon2|82/100|[from] Sandstorm
|-damage|p1a: Drifblim|24/100|[from] Sandstorm
|upkeep
|
|t:|1757176372
|switch|p1b: Tyranitar|Tyranitar, L50, F|3/100
|turn|3
|inactive|grus kujo has 30 seconds left.
|inactive|grus kujo has 20 seconds left.
|
|t:|1757176407
|switch|p1b: Annihilape|Annihilape, L50, F|100/100
|move|p1a: Drifblim|Protect|p1a: Drifblim
|-singleturn|p1a: Drifblim|Protect
|move|p2b: Incineroar|Knock Off|p1b: Annihilape
|-damage|p1b: Annihilape|59/100
|-enditem|p1b: Annihilape|Leftovers|[from] move: Knock Off|[of] p2b: Incineroar
|move|p2a: Porygon2|Tera Blast|p1b: Annihilape|[anim] Tera Blast Fighting
|-immune|p1b: Annihilape
|
|-weather|Sandstorm|[upkeep]
|-damage|p1b: Annihilape|53/100|[from] Sandstorm
|-damage|p2b: Incineroar|55/100|[from] Sandstorm
|-damage|p2a: Porygon2|75/100|[from] Sandstorm
|-damage|p1a: Drifblim|18/100|[from] Sandstorm
|upkeep
|turn|4
|inactive|grus kujo has 30 seconds left.
|
|t:|1757176433
|move|p1b: Annihilape|Drain Punch|p2b: Incineroar
|-supereffective|p2b: Incineroar
|-damage|p2b: Incineroar|0 fnt
|-heal|p1b: Annihilape|78/100|[from] drain|[of] p2b: Incineroar
|faint|p2b: Incineroar
|move|p2a: Porygon2|Ice Beam|p1a: Drifblim
|-supereffective|p1a: Drifblim
|-damage|p1a: Drifblim|0 fnt
|faint|p1a: Drifblim
|
|-weather|Sandstorm|[upkeep]
|-damage|p1b: Annihilape|72/100|[from] Sandstorm
|-damage|p2a: Porygon2|69/100|[from] Sandstorm
|upkeep
|
|t:|1757176439
|switch|p2b: giuanni|Dragonite, L50, F|100/100
|switch|p1a: Tyranitar|Tyranitar, L50, F|3/100
|turn|5
|
|t:|1757176462
|move|p2b: giuanni|Tailwind|p2b: giuanni
|-sidestart|p2: AntonioCartana|move: Tailwind
|move|p2a: Porygon2|Tera Blast|p1a: Tyranitar|[anim] Tera Blast Fighting
|-supereffective|p1a: Tyranitar
|-damage|p1a: Tyranitar|0 fnt
|faint|p1a: Tyranitar
|move|p1b: Annihilape|Drain Punch|p2a: Porygon2
|-damage|p2a: Porygon2|47/100
|-heal|p1b: Annihilape|83/100|[from] drain|[of] p2a: Porygon2
|
|-weather|none
|upkeep
|turn|6
|
|t:|1757176484
|-terastallize|p1b: Annihilape|Water
|move|p2b: giuanni|Scale Shot|p1b: Annihilape
|-damage|p1b: Annihilape|70/100
|-damage|p1b: Annihilape|57/100
|-damage|p1b: Annihilape|45/100
|-damage|p1b: Annihilape|32/100
|-damage|p1b: Annihilape|19/100
|-hitcount|p1b: Annihilape|5
|-unboost|p2b: giuanni|def|1
|-boost|p2b: giuanni|spe|1
|move|p2a: Porygon2|Recover|p2a: Porygon2
|-heal|p2a: Porygon2|97/100
|move|p1b: Annihilape|Rage Fist|p2a: Porygon2
|-damage|p2a: Porygon2|0 fnt
|faint|p2a: Porygon2
|
|upkeep
|
|t:|1757176493
|switch|p2a: Gholdengo|Gholdengo, L50|100/100
|turn|7
|
|t:|1757176516
|move|p1b: Annihilape|Protect|p1b: Annihilape
|-singleturn|p1b: Annihilape|Protect
|move|p2b: giuanni|Scale Shot|p1b: Annihilape
|-activate|p1b: Annihilape|move: Protect
|move|p2a: Gholdengo|Make It Rain|p1b: Annihilape
|-activate|p1b: Annihilape|move: Protect
|
|upkeep
|turn|8
|
|t:|1757176531
|move|p2b: giuanni|Ice Spinner|p1b: Annihilape
|-resisted|p1b: Annihilape
|-damage|p1b: Annihilape|6/100
|move|p2a: Gholdengo|Shadow Ball|p1b: Annihilape
|-damage|p1b: Annihilape|0 fnt
|faint|p1b: Annihilape
|-damage|p2a: Gholdengo|91/100|[from] item: Life Orb
|
|win|AntonioCartana
|raw|grus kujo's rating: 1045 → 1031(-14 for losing)
|raw|AntonioCartana's rating: 1093 → 1115(+22 for winning)
