|j|☆aboc2399
|j|☆JaviiRiva_
|html|aboc2399JaviiRiva_    
|uhtml|bestof|Game 1 of a best-of-3
|t:|1785115273
|gametype|doubles
|player|p1|aboc2399|winona|
|player|p2|JaviiRiva_|lucas|
|gen|9
|tier|[Gen 9 Champions] VGC 2026 Reg M-B (Bo3)
|rule|Species Clause: Limit one of each Pokémon
|rule|Item Clause: Limit 1 of each item
|clearpoke
|poke|p1|Maushold-Four, L50, shiny|
|poke|p1|Delphox, L50, F|
|poke|p1|Mamoswine, L50, F|
|poke|p1|Meowscarada, L50, F, shiny|
|poke|p1|Goodra-Hisui, L50, F|
|poke|p1|Annihilape, L50, F, shiny|
|poke|p2|Gallade, L50, M|
|poke|p2|Arcanine-Hisui, L50, F|
|poke|p2|Milotic, L50, M|
|poke|p2|Serperior, L50, M|
|poke|p2|Tinkaton, L50, F|
|poke|p2|Aegislash, L50, M|
|teampreview|4
|showteam|p1|Maushold-Four||ChopleBerry|FriendGuard|Protect,Feint,HelpingHand,FollowMe|Impish|||||50|]Delphox||Delphoxite|Magician|HeatWave,Psyshock,NastyPlot,Protect|Modest||F|||50|]Mamoswine||FocusSash|Oblivious|HighHorsepower,IceShard,IcicleCrash,Protect|Jolly||F|||50|]Meowscarada||LifeOrb|Overgrow|FlowerTrick,KnockOff,PlayRough,Protect|Jolly||F|||50|]Goodra-Hisui||Leftovers|ShellArmor|LifeDew,Shelter,BodyPress,Protect|Impish||F|||50|]Annihilape||KasibBerry|Defiant|BulkUp,DrainPunch,RageFist,Protect|Careful||F|||50|
|showteam|p2|Gallade||Galladite|Steadfast|PsychoCut,SacredSword,SwordsDance,Protect|Adamant||M|||50|]Arcanine-Hisui||FocusSash|Intimidate|RockSlide,FlareBlitz,StealthRock,Protect|Jolly||F|||50|]Milotic||Leftovers|Competitive|IceBeam,Scald,Recover,LightScreen|Calm||M|||50|]Serperior||WideLens|Contrary|LeafStorm,Reflect,CalmMind,Protect|Timid||M|||50|]Tinkaton||LifeOrb|MoldBreaker|GigatonHammer,PlayRough,FakeOut,Substitute|Adamant||F|||50|]Aegislash||ExpertBelt|StanceChange|KingsShield,Poltergeist,ShadowBall,IronHead|Brave||M|||50|
|j| PorygonTheBot
|c| PorygonTheBot|You got this!
|j| EGG_dude
|
|t:|1785115336
|teamsize|p1|4
|teamsize|p2|4
|start
|switch|p1a: Annihilape|Annihilape, L50, F, shiny|100/100
|switch|p1b: Meowscarada|Meowscarada, L50, F, shiny|100/100
|switch|p2a: Gallade|Gallade, L50, M|100/100
|switch|p2b: Arcanine|Arcanine-Hisui, L50, F|100/100
|-ability|p2b: Arcanine|Intimidate|boost
|-unboost|p1a: Annihilape|atk|1
|-ability|p1a: Annihilape|Defiant|boost
|-boost|p1a: Annihilape|atk|2
|-unboost|p1b: Meowscarada|atk|1
|turn|1
|
|t:|1785115427
|move|p1a: Annihilape|Protect|p1a: Annihilape
|-singleturn|p1a: Annihilape|Protect
|move|p1b: Meowscarada|Play Rough|p2a: Gallade
|-supereffective|p2a: Gallade|1
|-damage|p2a: Gallade|10/100
|-damage|p1b: Meowscarada|90/100|[from] item: Life Orb
|move|p2b: Arcanine|Stealth Rock|p1b: Meowscarada
|-sidestart|p1: aboc2399|move: Stealth Rock
|move|p2a: Gallade|Psycho Cut|p1a: Annihilape
|-activate|p1a: Annihilape|move: Protect
|
|upkeep
|turn|2
|
|t:|1785115471
|move|p2a: Gallade|Protect|p2a: Gallade
|-singleturn|p2a: Gallade|Protect
|move|p1b: Meowscarada|Play Rough|p2a: Gallade
|-activate|p2a: Gallade|move: Protect
|move|p2b: Arcanine|Flare Blitz|p1b: Meowscarada
|-supereffective|p1b: Meowscarada|1
|-damage|p1b: Meowscarada|0 fnt
|faint|p1b: Meowscarada
|-damage|p2b: Arcanine|73/100|[from] Recoil
|move|p1a: Annihilape|Rage Fist|p2a: Gallade
|-activate|p2a: Gallade|move: Protect
|
|upkeep
|
|t:|1785115490
|switch|p1b: Maushold|Maushold-Four, L50, shiny|100/100
|-damage|p1b: Maushold|87/100|[from] Stealth Rock
|turn|3
|
|t:|1785115512
|detailschange|p2a: Gallade|Gallade-Mega, L50, M
|-mega|p2a: Gallade|Gallade|Galladite
|move|p1b: Maushold|Follow Me|p1b: Maushold
|-singleturn|p1b: Maushold|move: Follow Me
|move|p2a: Gallade|Psycho Cut|p1b: Maushold
|-damage|p1b: Maushold|40/100
|move|p2b: Arcanine|Rock Slide|p1a: Annihilape|[spread] p1a,p1b
|-resisted|p1a: Annihilape|1
|-damage|p1a: Annihilape|90/100
|-damage|p1b: Maushold|12/100
|move|p1a: Annihilape|Rage Fist|p2a: Gallade
|-supereffective|p2a: Gallade|1
|-damage|p2a: Gallade|0 fnt
|faint|p2a: Gallade
|
|upkeep
|
|t:|1785115595
|switch|p2a: Aegislash|Aegislash, L50, M|100/100
|turn|4
|
|t:|1785115615
|move|p1b: Maushold|Protect|p1b: Maushold
|-singleturn|p1b: Maushold|Protect
|move|p2b: Arcanine|Flare Blitz|p1b: Maushold
|-activate|p1b: Maushold|move: Protect
|move|p1a: Annihilape|Drain Punch|p2b: Arcanine
|-supereffective|p2b: Arcanine|1
|-damage|p2b: Arcanine|0 fnt
|-heal|p1a: Annihilape|100/100|[from] drain|[of] p2b: Arcanine
|faint|p2b: Arcanine
|-formechange|p2a: Aegislash|Aegislash-Blade|
|move|p2a: Aegislash|Shadow Ball|p1a: Annihilape
|-supereffective|p1a: Annihilape|1
|-enditem|p1a: Annihilape|Kasib Berry|[eat]
|-enditem|p1a: Annihilape|Kasib Berry|[weaken]
|-damage|p1a: Annihilape|71/100
|-unboost|p1a: Annihilape|spd|1
|-ability|p1a: Annihilape|Defiant|boost
|-boost|p1a: Annihilape|atk|2
|
|upkeep
|
|t:|1785115634
|switch|p2b: Milotic|Milotic, L50, M|100/100
|turn|5
|
|t:|1785115663
|move|p1b: Maushold|Helping Hand|p1a: Annihilape
|-singleturn|p1a: Annihilape|Helping Hand|[of] p1b: Maushold
|move|p1a: Annihilape|Rage Fist|p2b: Milotic
|-damage|p2b: Milotic|0 fnt
|faint|p2b: Milotic
|move|p2a: Aegislash|Poltergeist||[still]
|-fail|p2a: Aegislash
|
|upkeep
|turn|6
|
|t:|1785115701
|move|p1b: Maushold|Follow Me|p1b: Maushold
|-singleturn|p1b: Maushold|move: Follow Me
|move|p1a: Annihilape|Rage Fist|p2a: Aegislash
|-supereffective|p2a: Aegislash|1
|-damage|p2a: Aegislash|0 fnt
|faint|p2a: Aegislash
|
|win|aboc2399
