|j|☆FotiniP
|j|☆new mental
|html|FotiniPnew mental    
|uhtml|bestof|Game 2 of a best-of-3
|t:|1785420860
|gametype|doubles
|player|p1|FotiniP|2|1262
|player|p2|new mental|volkner|1363
|gen|9
|tier|[Gen 9 Champions] VGC 2026 Reg M-B (Bo3)
|rated|
|rule|Species Clause: Limit one of each Pokémon
|rule|Item Clause: Limit 1 of each item
|clearpoke
|poke|p1|Venusaur, L50, M|
|poke|p1|Charizard, L50, M|
|poke|p1|Grimmsnarl, L50, M|
|poke|p1|Archaludon, L50, F, shiny|
|poke|p1|Basculegion, L50, M|
|poke|p1|Pelipper, L50, F|
|poke|p2|Charizard, L50, M|
|poke|p2|Garchomp, L50, F|
|poke|p2|Incineroar, L50, F|
|poke|p2|Venusaur, L50, F|
|poke|p2|Toxapex, L50, M|
|poke|p2|Sylveon, L50, M|
|teampreview|4
|showteam|p1|Venusaur||FocusSash|Chlorophyll|SludgeBomb,EarthPower,SleepPowder,Protect|Modest||M|||50|]Charizard||CharizarditeY|Blaze|Protect,HeatWave,SolarBeam,WeatherBall|Modest||M|||50|]Grimmsnarl||LightClay|Prankster|SpiritBreak,LightScreen,Reflect,PartingShot|Sassy||M|||50|]Archaludon||Leftovers|Stamina|ElectroShot,DragonPulse,FlashCannon,Protect|Calm||F|||50|]Basculegion||ChoiceScarf|Adaptability|WaveCrash,LastRespects,AquaJet,FlipTurn|Jolly||M|||50|]Pelipper||SitrusBerry|Drizzle|Hurricane,WeatherBall,Tailwind,WideGuard|Modest||F|||50|
|showteam|p2|Charizard||CharizarditeY|SolarPower|WeatherBall,HeatWave,AncientPower,Protect|Modest||M|||50|]Garchomp||ChoiceScarf|RoughSkin|RockSlide,DragonClaw,Earthquake,StompingTantrum|Adamant||F|||50|]Incineroar||SitrusBerry|Intimidate|FlareBlitz,FakeOut,DarkestLariat,PartingShot|Impish||F|||50|]Venusaur||LifeOrb|Chlorophyll|SludgeBomb,LeafStorm,EarthPower,Protect|Modest||F|||50|]Toxapex||Leftovers|Regenerator|Infestation,Toxic,WideGuard,BanefulBunker|Bold||M|||50|]Sylveon||FairyFeather|Pixilate|HyperVoice,QuickAttack,Yawn,Detect|Modest||M|||50|
|inactive|Battle timer is ON: inactive players will automatically lose when time's up. (requested by FotiniP)
|
|t:|1785420887
|teamsize|p1|4
|teamsize|p2|4
|start
|switch|p1a: Grimmsnarl|Grimmsnarl, L50, M|100/100
|switch|p1b: Archaludon|Archaludon, L50, F, shiny|100/100
|switch|p2a: Charizard|Charizard, L50, M|100/100
|switch|p2b: Venusaur|Venusaur, L50, F|100/100
|turn|1
|
|t:|1785420900
|detailschange|p2a: Charizard|Charizard-Mega-Y, L50, M
|-mega|p2a: Charizard|Charizard|Charizardite Y
|-weather|SunnyDay|[from] ability: Drought|[of] p2a: Charizard
|move|p1b: Archaludon|Protect|p1b: Archaludon
|-singleturn|p1b: Archaludon|Protect
|move|p1a: Grimmsnarl|Light Screen|p1a: Grimmsnarl
|-sidestart|p1: FotiniP|move: Light Screen
|move|p2b: Venusaur|Sludge Bomb|p1a: Grimmsnarl
|-supereffective|p1a: Grimmsnarl|1
|-damage|p1a: Grimmsnarl|35/100
|-damage|p2b: Venusaur|90/100|[from] item: Life Orb
|move|p2a: Charizard|Heat Wave|p1a: Grimmsnarl|[spread] p1a
|-activate|p1b: Archaludon|move: Protect
|-damage|p1a: Grimmsnarl|0 fnt
|faint|p1a: Grimmsnarl
|
|-weather|SunnyDay|[upkeep]
|upkeep
|
|t:|1785420912
|switch|p1a: Pelipper|Pelipper, L50, F|100/100
|-weather|RainDance|[from] ability: Drizzle|[of] p1a: Pelipper
|turn|2
|
|t:|1785420921
|switch|p2a: Sylveon|Sylveon, L50, M|100/100
|move|p2b: Venusaur|Protect|p2b: Venusaur
|-singleturn|p2b: Venusaur|Protect
|move|p1b: Archaludon|Electro Shot||[still]
|-prepare|p1b: Archaludon|Electro Shot
|-boost|p1b: Archaludon|spa|1
|-anim|p1b: Archaludon|Electro Shot|p2a: Sylveon
|-damage|p2a: Sylveon|55/100
|move|p1a: Pelipper|Hurricane|p2b: Venusaur
|-activate|p2b: Venusaur|move: Protect
|
|-weather|RainDance|[upkeep]
|upkeep
|turn|3
|
|t:|1785420940
|move|p2b: Venusaur|Sludge Bomb|p1a: Pelipper
|-damage|p1a: Pelipper|43/100
|-status|p1a: Pelipper|psn
|-enditem|p1a: Pelipper|Sitrus Berry|[eat]
|-heal|p1a: Pelipper|68/100 psn|[from] item: Sitrus Berry
|-damage|p2b: Venusaur|81/100|[from] item: Life Orb
|move|p1b: Archaludon|Electro Shot||[still]
|-prepare|p1b: Archaludon|Electro Shot
|-boost|p1b: Archaludon|spa|1
|-anim|p1b: Archaludon|Electro Shot|p2a: Sylveon
|-damage|p2a: Sylveon|0 fnt
|faint|p2a: Sylveon
|move|p1a: Pelipper|Tailwind|p1a: Pelipper
|-sidestart|p1: FotiniP|move: Tailwind
|
|-weather|RainDance|[upkeep]
|-damage|p1a: Pelipper|56/100 psn|[from] psn
|upkeep
|
|t:|1785420945
|switch|p2a: Charizard|Charizard-Mega-Y, L50, M|100/100
|-weather|SunnyDay|[from] ability: Drought|[of] p2a: Charizard
|turn|4
|
|t:|1785420962
|switch|p1a: Venusaur|Venusaur, L50, M|100/100
|move|p1b: Archaludon|Protect|p1b: Archaludon
|-singleturn|p1b: Archaludon|Protect
|move|p2b: Venusaur|Sludge Bomb|p1a: Venusaur
|-damage|p1a: Venusaur|59/100
|-damage|p2b: Venusaur|71/100|[from] item: Life Orb
|move|p2a: Charizard|Heat Wave|p1a: Venusaur|[spread] p1a
|-activate|p1b: Archaludon|move: Protect
|-supereffective|p1a: Venusaur|1
|-damage|p1a: Venusaur|0 fnt
|faint|p1a: Venusaur
|
|-weather|SunnyDay|[upkeep]
|upkeep
|
|t:|1785420974
|switch|p1a: Pelipper|Pelipper, L50, F|56/100 psn
|-weather|RainDance|[from] ability: Drizzle|[of] p1a: Pelipper
|turn|5
|inactive|FotiniP has 30 seconds left.
|inactive|FotiniP has 20 seconds left.
|
|t:|1785421013
|switch|p2a: Garchomp|Garchomp, L50, F|100/100
|move|p2b: Venusaur|Protect|p2b: Venusaur
|-singleturn|p2b: Venusaur|Protect
|move|p1b: Archaludon|Electro Shot||[still]
|-prepare|p1b: Archaludon|Electro Shot
|-boost|p1b: Archaludon|spa|1
|-anim|p1b: Archaludon|Electro Shot|p2a: Garchomp
|-immune|p2a: Garchomp
|move|p1a: Pelipper|Hurricane|p2b: Venusaur
|-activate|p2b: Venusaur|move: Protect
|
|-weather|RainDance|[upkeep]
|-damage|p1a: Pelipper|44/100 psn|[from] psn
|upkeep
|turn|6
|
|t:|1785421027
|switch|p2b: Charizard|Charizard-Mega-Y, L50, M|100/100
|-weather|SunnyDay|[from] ability: Drought|[of] p2b: Charizard
|move|p2a: Garchomp|Earthquake|p1b: Archaludon|[spread] p1b
|-immune|p2b: Charizard
|-immune|p1a: Pelipper
|-supereffective|p1b: Archaludon|1
|-damage|p1b: Archaludon|41/100
|-ability|p1b: Archaludon|Stamina|boost
|-boost|p1b: Archaludon|def|1
|move|p1b: Archaludon|Dragon Pulse|p2a: Garchomp
|-supereffective|p2a: Garchomp|1
|-damage|p2a: Garchomp|0 fnt
|faint|p2a: Garchomp
|move|p1a: Pelipper|Weather Ball|p2b: Charizard
|-resisted|p2b: Charizard|1
|-damage|p2b: Charizard|82/100
|
|-weather|SunnyDay|[upkeep]
|-heal|p1b: Archaludon|47/100|[from] item: Leftovers
|-damage|p1a: Pelipper|32/100 psn|[from] psn
|-sideend|p1: FotiniP|move: Tailwind
|upkeep
|
|t:|1785421029
|switch|p2a: Venusaur|Venusaur, L50, F|71/100
|turn|7
|inactive|FotiniP has 30 seconds left.
|inactive|FotiniP has 20 seconds left.
|inactive|FotiniP has 15 seconds left.
|
|t:|1785421072
|move|p2a: Venusaur|Sludge Bomb|p1a: Pelipper
|-damage|p1a: Pelipper|0 fnt
|faint|p1a: Pelipper
|-damage|p2a: Venusaur|62/100|[from] item: Life Orb
|move|p2b: Charizard|Weather Ball|p1b: Archaludon
|-damage|p1b: Archaludon|0 fnt
|faint|p1b: Archaludon
|
|win|new mental
