|j|☆predahound
|j|☆DrXJ13
|html|predahoundDrXJ13    
|uhtml|bestof|Game 3 of a best-of-3
|t:|1757242672
|gametype|doubles
|player|p1|predahound|volkner|1137
|player|p2|DrXJ13|2|1079
|gen|9
|tier|[Gen 9] VGC 2025 Reg H (Bo3)
|rated|
|rule|Species Clause: Limit one of each Pokémon
|rule|Item Clause: Limit 1 of each item
|clearpoke
|poke|p1|Incineroar, L50, M|
|poke|p1|Rillaboom, L50, M|
|poke|p1|Pelipper, L50, M|
|poke|p1|Electabuzz, L50, M|
|poke|p1|Gengar, L50, F|
|poke|p1|Baxcalibur, L50, F|
|poke|p2|Sinistcha, L50|
|poke|p2|Ursaluna-Bloodmoon, L50, M|
|poke|p2|Incineroar, L50, F|
|poke|p2|Sneasler, L50, M|
|poke|p2|Dragonite, L50, M|
|poke|p2|Corviknight, L50, M|
|teampreview|4
|showteam|p1|Incineroar||FigyBerry|Intimidate|FakeOut,KnockOff,PartingShot,WillOWisp|||M|||50|,,,,,Dragon]Rillaboom||AssaultVest|GrassySurge|FakeOut,GrassyGlide,KnockOff,Uturn|||M|||50|,,,,,Fire]Pelipper||FocusSash|Drizzle|MuddyWater,Hurricane,Tailwind,Protect|||M|||50|,,,,,Ground]Electabuzz||Eviolite|VitalSpirit|Electroweb,FollowMe,EerieImpulse,Protect|||M|||50|,,,,,Ghost]Gengar||LifeOrb|CursedBody|ShadowBall,SludgeBomb,Taunt,Protect|||F|||50|,,,,,Stellar]Baxcalibur||ClearAmulet|ThermalExchange|IcicleCrash,HighHorsepower,DragonDance,Protect|||F|||50|,,,,,Poison
|showteam|p2|Sinistcha||RockyHelmet|Hospitality|MatchaGotcha,ShadowBall,TrickRoom,RagePowder||||||50|,,,,,Water]Ursaluna-Bloodmoon||Leftovers|MindsEye|HyperVoice,EarthPower,CalmMind,Protect|||M|||50|,,,,,Water]Incineroar||SafetyGoggles|Intimidate|FakeOut,KnockOff,FlareBlitz,PartingShot|||F|||50|,,,,,Ghost]Sneasler||FocusSash|Unburden|Coaching,DireClaw,CloseCombat,Protect|||M|||50|,,,,,Stellar]Dragonite||LoadedDice|Multiscale|ScaleShot,ExtremeSpeed,Haze,Protect|||M|||50|,,,,,Fairy]Corviknight||CovertCloak|MirrorArmor|DualWingbeat,Tailwind,IronHead,Taunt|||M|||50|,,,,,Dragon
|inactive|Battle timer is ON: inactive players will automatically lose when time's up. (requested by DrXJ13)
|inactive|DrXJ13 has 60 seconds left.
|
|t:|1757242704
|teamsize|p1|4
|teamsize|p2|4
|start
|switch|p1a: Incineroar|Incineroar, L50, M|100/100
|switch|p1b: Baxcalibur|Baxcalibur, L50, F|100/100
|switch|p2a: Tuex|Sneasler, L50, M|100/100
|switch|p2b: Maximiliano|Corviknight, L50, M|100/100
|-ability|p1a: Incineroar|Intimidate|boost
|-unboost|p2a: Tuex|atk|1
|-ability|p2b: Maximiliano|Mirror Armor
|-unboost|p1a: Incineroar|atk|1
|turn|1
|inactive|predahound has 30 seconds left.
|inactive|predahound has 20 seconds left.
|
|t:|1757242743
|-terastallize|p1a: Incineroar|Dragon
|move|p2a: Tuex|Protect|p2a: Tuex
|-singleturn|p2a: Tuex|Protect
|move|p1b: Baxcalibur|Protect|p1b: Baxcalibur
|-singleturn|p1b: Baxcalibur|Protect
|move|p2b: Maximiliano|Taunt|p1b: Baxcalibur
|-activate|p1b: Baxcalibur|move: Protect
|move|p1a: Incineroar|Will-O-Wisp|p2a: Tuex
|-activate|p2a: Tuex|move: Protect
|
|upkeep
|turn|2
|inactive|predahound has 30 seconds left.
|
|t:|1757242769
|switch|p1b: Electabuzz|Electabuzz, L50, M|100/100
|move|p2a: Tuex|Close Combat|p1b: Electabuzz
|-damage|p1b: Electabuzz|68/100
|-unboost|p2a: Tuex|def|1
|-unboost|p2a: Tuex|spd|1
|move|p2b: Maximiliano|Dual Wingbeat|p1b: Electabuzz
|-resisted|p1b: Electabuzz
|-damage|p1b: Electabuzz|61/100
|-resisted|p1b: Electabuzz
|-damage|p1b: Electabuzz|54/100
|-hitcount|p1b: Electabuzz|2
|move|p1a: Incineroar|Knock Off|p2a: Tuex
|-resisted|p2a: Tuex
|-damage|p2a: Tuex|70/100
|-enditem|p2a: Tuex|Focus Sash|[from] move: Knock Off|[of] p1a: Incineroar
|
|upkeep
|turn|3
|
|t:|1757242790
|-terastallize|p2b: Maximiliano|Dragon
|move|p1b: Electabuzz|Follow Me|p1b: Electabuzz
|-singleturn|p1b: Electabuzz|move: Follow Me
|move|p2a: Tuex|Coaching|p2b: Maximiliano
|-boost|p2b: Maximiliano|atk|1
|-boost|p2b: Maximiliano|def|1
|move|p2b: Maximiliano|Dual Wingbeat|p1b: Electabuzz
|-resisted|p1b: Electabuzz
|-damage|p1b: Electabuzz|45/100
|-resisted|p1b: Electabuzz
|-damage|p1b: Electabuzz|34/100
|-hitcount|p1b: Electabuzz|2
|move|p1a: Incineroar|Will-O-Wisp|p2b: Maximiliano
|-status|p2b: Maximiliano|brn
|
|-damage|p2b: Maximiliano|94/100 brn|[from] brn
|upkeep
|turn|4
|
|t:|1757242813
|move|p2a: Tuex|Coaching|p2b: Maximiliano
|-boost|p2b: Maximiliano|atk|1
|-boost|p2b: Maximiliano|def|1
|move|p1b: Electabuzz|Electroweb|p2b: Maximiliano|[spread] p2a,p2b
|-resisted|p2b: Maximiliano
|-damage|p2a: Tuex|40/100
|-damage|p2b: Maximiliano|87/100 brn
|-unboost|p2a: Tuex|spe|1
|move|p2b: Maximiliano|Dual Wingbeat|p1a: Incineroar|[miss]
|-miss|p2b: Maximiliano|p1a: Incineroar
|move|p1a: Incineroar|Knock Off|p2a: Tuex
|-resisted|p2a: Tuex
|-damage|p2a: Tuex|20/100
|
|-damage|p2b: Maximiliano|81/100 brn|[from] brn
|upkeep
|turn|5
|
|t:|1757242834
|move|p2a: Tuex|Coaching|p2b: Maximiliano
|-boost|p2b: Maximiliano|atk|1
|-boost|p2b: Maximiliano|def|1
|move|p1b: Electabuzz|Electroweb|p2a: Tuex|[spread] p2a,p2b
|-resisted|p2b: Maximiliano
|-damage|p2a: Tuex|0 fnt
|-damage|p2b: Maximiliano|73/100 brn
|faint|p2a: Tuex
|move|p2b: Maximiliano|Dual Wingbeat|p1b: Electabuzz
|-resisted|p1b: Electabuzz
|-damage|p1b: Electabuzz|27/100
|-resisted|p1b: Electabuzz
|-damage|p1b: Electabuzz|18/100
|-hitcount|p1b: Electabuzz|2
|move|p1a: Incineroar|Knock Off|p2b: Maximiliano
|-damage|p2b: Maximiliano|63/100 brn
|-enditem|p2b: Maximiliano|Covert Cloak|[from] move: Knock Off|[of] p1a: Incineroar
|
|-damage|p2b: Maximiliano|57/100 brn|[from] brn
|upkeep
|
|t:|1757242841
|switch|p2a: Onichan|Dragonite, L50, M|100/100
|turn|6
|
|t:|1757242865
|move|p2a: Onichan|Protect|p2a: Onichan
|-singleturn|p2a: Onichan|Protect
|move|p1b: Electabuzz|Follow Me|p1b: Electabuzz
|-singleturn|p1b: Electabuzz|move: Follow Me
|move|p2b: Maximiliano|Iron Head|p1b: Electabuzz
|-resisted|p1b: Electabuzz
|-damage|p1b: Electabuzz|3/100
|move|p1a: Incineroar|Will-O-Wisp|p2a: Onichan
|-activate|p2a: Onichan|move: Protect
|
|-damage|p2b: Maximiliano|51/100 brn|[from] brn
|upkeep
|turn|7
|
|t:|1757242887
|switch|p2a: Té (en) tazas|Sinistcha, L50|100/100
|-heal|p2b: Maximiliano|76/100 brn|[from] ability: Hospitality|[of] p2a: Té (en) tazas
|move|p1b: Electabuzz|Follow Me|p1b: Electabuzz
|-singleturn|p1b: Electabuzz|move: Follow Me
|move|p2b: Maximiliano|Iron Head|p1b: Electabuzz
|-resisted|p1b: Electabuzz
|-damage|p1b: Electabuzz|0 fnt
|faint|p1b: Electabuzz
|move|p1a: Incineroar|Will-O-Wisp|p2a: Té (en) tazas
|-status|p2a: Té (en) tazas|brn
|
|-damage|p2b: Maximiliano|70/100 brn|[from] brn
|-damage|p2a: Té (en) tazas|94/100 brn|[from] brn
|upkeep
|
|t:|1757242902
|switch|p1b: Baxcalibur|Baxcalibur, L50, F|100/100
|turn|8
|
|t:|1757242922
|move|p1b: Baxcalibur|Icicle Crash|p2a: Té (en) tazas
|-supereffective|p2a: Té (en) tazas
|-damage|p2a: Té (en) tazas|16/100 brn
|move|p2b: Maximiliano|Iron Head|p1b: Baxcalibur
|-supereffective|p1b: Baxcalibur
|-damage|p1b: Baxcalibur|35/100
|move|p1a: Incineroar|Knock Off|p2a: Té (en) tazas
|-supereffective|p2a: Té (en) tazas
|-damage|p2a: Té (en) tazas|0 fnt
|-damage|p1a: Incineroar|84/100|[from] item: Rocky Helmet|[of] p2a: Té (en) tazas
|-enditem|p2a: Té (en) tazas|Rocky Helmet|[from] move: Knock Off|[of] p1a: Incineroar
|faint|p2a: Té (en) tazas
|
|-damage|p2b: Maximiliano|64/100 brn|[from] brn
|upkeep
|
|t:|1757242928
|switch|p2a: Onichan|Dragonite, L50, M|100/100
|turn|9
|
|t:|1757242942
|switch|p1a: Rillaboom|Rillaboom, L50, M|100/100
|-fieldstart|move: Grassy Terrain|[from] ability: Grassy Surge|[of] p1a: Rillaboom
|move|p1b: Baxcalibur|Protect|p1b: Baxcalibur
|-singleturn|p1b: Baxcalibur|Protect
|move|p2a: Onichan|Scale Shot|p1b: Baxcalibur
|-activate|p1b: Baxcalibur|move: Protect
|move|p2b: Maximiliano|Dual Wingbeat|p1a: Rillaboom
|-supereffective|p1a: Rillaboom
|-damage|p1a: Rillaboom|67/100
|-supereffective|p1a: Rillaboom
|-damage|p1a: Rillaboom|32/100
|-hitcount|p1a: Rillaboom|2
|
|-heal|p1b: Baxcalibur|41/100|[from] Grassy Terrain
|-heal|p2b: Maximiliano|70/100 brn|[from] Grassy Terrain
|-heal|p1a: Rillaboom|38/100|[from] Grassy Terrain
|-damage|p2b: Maximiliano|64/100 brn|[from] brn
|upkeep
|turn|10
|
|t:|1757242962
|switch|p1b: Incineroar|Incineroar, L50, M, tera:Dragon|84/100
|-ability|p1b: Incineroar|Intimidate|boost
|-unboost|p2a: Onichan|atk|1
|-ability|p2b: Maximiliano|Mirror Armor
|-unboost|p1b: Incineroar|atk|1
|move|p1a: Rillaboom|Fake Out|p2a: Onichan
|-damage|p2a: Onichan|93/100
|cant|p2a: Onichan|flinch
|move|p2b: Maximiliano|Iron Head|p1b: Incineroar
|-damage|p1b: Incineroar|51/100
|
|-heal|p2b: Maximiliano|70/100 brn|[from] Grassy Terrain
|-heal|p1a: Rillaboom|44/100|[from] Grassy Terrain
|-heal|p1b: Incineroar|57/100|[from] Grassy Terrain
|-damage|p2b: Maximiliano|64/100 brn|[from] brn
|upkeep
|turn|11
|inactive|predahound has 30 seconds left.
|
|t:|1757242993
|move|p1a: Rillaboom|Grassy Glide|p2a: Onichan
|-resisted|p2a: Onichan
|-damage|p2a: Onichan|83/100
|move|p2a: Onichan|Scale Shot|p1b: Incineroar|[miss]
|-miss|p2a: Onichan|p1b: Incineroar
|move|p2b: Maximiliano|Dual Wingbeat|p1a: Rillaboom
|-supereffective|p1a: Rillaboom
|-damage|p1a: Rillaboom|6/100
|-supereffective|p1a: Rillaboom
|-damage|p1a: Rillaboom|0 fnt
|faint|p1a: Rillaboom
|-hitcount|p1: Rillaboom|2
|move|p1b: Incineroar|Will-O-Wisp|p2a: Onichan
|-status|p2a: Onichan|brn
|
|-heal|p2b: Maximiliano|70/100 brn|[from] Grassy Terrain
|-heal|p1b: Incineroar|63/100|[from] Grassy Terrain
|-damage|p2a: Onichan|77/100 brn|[from] brn
|-damage|p2b: Maximiliano|64/100 brn|[from] brn
|upkeep
|
|t:|1757242997
|switch|p1a: Baxcalibur|Baxcalibur, L50, F|41/100
|turn|12
|
|t:|1757243016
|move|p1a: Baxcalibur|Protect|p1a: Baxcalibur
|-singleturn|p1a: Baxcalibur|Protect
|move|p2a: Onichan|Protect|p2a: Onichan
|-singleturn|p2a: Onichan|Protect
|move|p2b: Maximiliano|Iron Head|p1a: Baxcalibur
|-activate|p1a: Baxcalibur|move: Protect
|move|p1b: Incineroar|Parting Shot|p2a: Onichan
|-activate|p2a: Onichan|move: Protect
|
|-heal|p1a: Baxcalibur|47/100|[from] Grassy Terrain
|-heal|p2b: Maximiliano|70/100 brn|[from] Grassy Terrain
|-heal|p1b: Incineroar|69/100|[from] Grassy Terrain
|-damage|p2a: Onichan|71/100 brn|[from] brn
|-damage|p2b: Maximiliano|64/100 brn|[from] brn
|upkeep
|turn|13
|
|t:|1757243035
|move|p2a: Onichan|Extreme Speed|p1a: Baxcalibur
|-damage|p1a: Baxcalibur|39/100
|move|p1a: Baxcalibur|Icicle Crash|p2a: Onichan
|-supereffective|p2a: Onichan
|-damage|p2a: Onichan|0 fnt
|faint|p2a: Onichan
|move|p2b: Maximiliano|Iron Head|p1a: Baxcalibur
|-supereffective|p1a: Baxcalibur
|-damage|p1a: Baxcalibur|0 fnt
|faint|p1a: Baxcalibur
|move|p1b: Incineroar|Knock Off|p2b: Maximiliano
|-damage|p2b: Maximiliano|57/100 brn
|
|-heal|p2b: Maximiliano|63/100 brn|[from] Grassy Terrain
|-heal|p1b: Incineroar|75/100|[from] Grassy Terrain
|-damage|p2b: Maximiliano|57/100 brn|[from] brn
|-fieldend|move: Grassy Terrain
|upkeep
|turn|14
|
|t:|1757243053
|move|p2b: Maximiliano|Iron Head|p1b: Incineroar
|-crit|p1b: Incineroar
|-damage|p1b: Incineroar|28/100
|cant|p1b: Incineroar|flinch
|
|-damage|p2b: Maximiliano|51/100 brn|[from] brn
|upkeep
|turn|15
|
|t:|1757243060
|move|p2b: Maximiliano|Iron Head|p1b: Incineroar
|-damage|p1b: Incineroar|0 fnt
|faint|p1b: Incineroar
|
|win|DrXJ13
|raw|predahound's rating: 1137 → 1108(-29 for losing)
|raw|DrXJ13's rating: 1079 → 1112(+33 for winning)
|l|☆predahound
|player|p1|
