|j|☆poke J.D.GC
|j|☆lux raymundi
|html|poke J.D.GClux raymundi    
|uhtml|bestof|Game 2 of a best-of-3
|t:|1783103503
|gametype|doubles
|player|p1|poke J.D.GC|fisherman-gen4|1030
|player|p2|lux raymundi|2|1134
|gen|9
|tier|[Gen 9 Champions] VGC 2026 Reg M-B (Bo3)
|rated|
|rule|Species Clause: Limit one of each Pokémon
|rule|Item Clause: Limit 1 of each item
|clearpoke
|poke|p1|Dragonite, L50, F, shiny|
|poke|p1|Kingambit, L50, F, shiny|
|poke|p1|Ditto, L50, shiny|
|poke|p1|Sneasler, L50, M, shiny|
|poke|p1|Maushold-Four, L50, shiny|
|poke|p1|Sinistcha-Masterpiece, L50, shiny|
|poke|p2|Mawile, L50, F|
|poke|p2|Farigiraf, L50, F|
|poke|p2|Delphox, L50, M|
|poke|p2|Incineroar, L50, F|
|poke|p2|Sinistcha, L50|
|poke|p2|Garchomp, L50, M|
|teampreview|4
|showteam|p1|Dragonite||Dragoninite|InnerFocus|ExtremeSpeed,DragonPulse,LightScreen,Protect|Quiet||F|||50|]Kingambit||BlackGlasses|SupremeOverlord|KowtowCleave,SuckerPunch,Protect,Guillotine|Adamant||F|||50|]Ditto||QuickClaw|Imposter|Transform|Timid|||||50|]Sneasler||WhiteHerb|Unburden|FakeOut,DireClaw,CloseCombat,Protect|Jolly||M|||50|]Maushold-Four||SilkScarf|Technician|PopulationBomb,TidyUp,BatonPass,FollowMe|Jolly|||||50|]Sinistcha-Masterpiece||Leftovers|Heatproof|CalmMind,MatchaGotcha,RagePowder,Poltergeist|Modest|||||50|
|showteam|p2|Mawile||Mawilite|HyperCutter|SwordsDance,PlayRough,IronHead,Protect|Brave||F|||50|]Farigiraf||SitrusBerry|ArmorTail|Protect,TwinBeam,TrickRoom,Thunderbolt|Bold||F|||50|]Delphox||Delphoxite|Blaze|NastyPlot,HeatWave,Psychic,Protect|Timid||M|||50|]Incineroar||PasshoBerry|Intimidate|FakeOut,ThroatChop,FlareBlitz,PartingShot|Adamant||F|||50|]Sinistcha||ColburBerry|Hospitality|MatchaGotcha,TrickRoom,RagePowder,Protect|Relaxed|||||50|]Garchomp||LifeOrb|RoughSkin|DragonClaw,Earthquake,RockSlide,Protect|Jolly||M|||50|
|inactive|Battle timer is ON: inactive players will automatically lose when time's up. (requested by poke J.D.GC)
|
|t:|1783103513
|teamsize|p1|4
|teamsize|p2|4
|start
|switch|p1a: Dragonite|Dragonite, L50, F, shiny|100/100
|switch|p1b: Sneasler|Sneasler, L50, M, shiny|100/100
|switch|p2a: Incineroar|Incineroar, L50, F|100/100
|switch|p2b: Delphox|Delphox, L50, M|100/100
|-ability|p2a: Incineroar|Intimidate|boost
|-fail|p1a: Dragonite|unboost|Attack|[from] ability: Inner Focus|[of] p1a: Dragonite
|-unboost|p1b: Sneasler|atk|1
|-enditem|p1b: Sneasler|White Herb
|-clearnegativeboost|p1b: Sneasler|[silent]
|turn|1
|inactive|poke J.D.GC has 30 seconds left.
|
|t:|1783103544
|switch|p1a: Kingambit|Kingambit, L50, F, shiny|100/100
|switch|p2a: Farigiraf|Farigiraf, L50, F|100/100
|detailschange|p2b: Delphox|Delphox-Mega, L50, M
|-mega|p2b: Delphox|Delphox|Delphoxite
|move|p1b: Sneasler|Close Combat|p2a: Farigiraf
|-damage|p2a: Farigiraf|49/100
|-unboost|p1b: Sneasler|def|1
|-unboost|p1b: Sneasler|spd|1
|-enditem|p2a: Farigiraf|Sitrus Berry|[eat]
|-heal|p2a: Farigiraf|74/100|[from] item: Sitrus Berry
|move|p2b: Delphox|Heat Wave|p1b: Sneasler|[spread] p1a,p1b
|-supereffective|p1a: Kingambit|1
|-damage|p1a: Kingambit|20/100y
|-damage|p1b: Sneasler|5/100
|
|upkeep
|turn|2
|inactive|poke J.D.GC has 30 seconds left.
|inactive|poke J.D.GC has 20 seconds left.
|
|t:|1783103583
|switch|p2a: Incineroar|Incineroar, L50, F|100/100
|-ability|p2a: Incineroar|Intimidate|boost
|-unboost|p1a: Kingambit|atk|1
|-unboost|p1b: Sneasler|atk|1
|-end|p1a: Kingambit|fallenundefined|[silent]
|switch|p1a: Ditto|Ditto, L50, shiny|100/100
|-transform|p1a: Ditto|p2b: Delphox|[from] ability: Imposter
|move|p1b: Sneasler|Dire Claw|p2a: Incineroar
|-damage|p2a: Incineroar|74/100
|-status|p2a: Incineroar|psn
|move|p2b: Delphox|Heat Wave|p1b: Sneasler|[spread] p1a,p1b
|-resisted|p1a: Ditto|1
|-damage|p1a: Ditto|80/100
|-damage|p1b: Sneasler|0 fnt
|faint|p1b: Sneasler
|
|-damage|p2a: Incineroar|62/100 psn|[from] psn
|upkeep
|
|t:|1783103607
|switch|p1b: Dragonite|Dragonite, L50, F, shiny|100/100
|turn|3
|
|t:|1783103631
|detailschange|p1b: Dragonite|Dragonite-Mega, L50, F, shiny
|-mega|p1b: Dragonite|Dragonite|Dragoninite
|move|p1b: Dragonite|Protect|p1b: Dragonite
|-singleturn|p1b: Dragonite|Protect
|move|p2b: Delphox|Heat Wave|p1b: Dragonite|[spread] 
|-activate|p1b: Dragonite|move: Protect
|-miss|p2b: Delphox|p1a: Ditto
|move|p1a: Ditto|Nasty Plot|p1a: Ditto
|-boost|p1a: Ditto|spa|2
|move|p2a: Incineroar|Throat Chop|p1a: Ditto
|-supereffective|p1a: Ditto|1
|-damage|p1a: Ditto|0 fnt
|faint|p1a: Ditto
|
|-damage|p2a: Incineroar|50/100y psn|[from] psn
|upkeep
|
|t:|1783103653
|switch|p1a: Kingambit|Kingambit, L50, F, shiny|20/100y
|-activate|p1a: Kingambit|ability: Supreme Overlord
|-start|p1a: Kingambit|fallen2|[silent]
|turn|4
|
|t:|1783103664
|switch|p2a: Farigiraf|Farigiraf, L50, F|74/100
|move|p1a: Kingambit|Sucker Punch||[still]
|cant|p2a: Farigiraf|ability: Armor Tail|Sucker Punch|[of] p1a: Kingambit
|move|p2b: Delphox|Heat Wave|p1b: Dragonite|[spread] p1a,p1b
|-supereffective|p1a: Kingambit|1
|-resisted|p1b: Dragonite|1
|-damage|p1a: Kingambit|0 fnt
|-damage|p1b: Dragonite|92/100
|faint|p1a: Kingambit
|-end|p1a: Kingambit|fallen2|[silent]
|move|p1b: Dragonite|Light Screen|p1b: Dragonite
|-sidestart|p1: poke J.D.GC|move: Light Screen
|
|upkeep
|turn|5
|
|t:|1783103681
|switch|p2b: Incineroar|Incineroar, L50, F|50/100y psn
|-ability|p2b: Incineroar|Intimidate|boost
|-unboost|p1b: Dragonite|atk|1
|move|p1b: Dragonite|Dragon Pulse|p2a: Farigiraf
|-crit|p2a: Farigiraf
|-damage|p2a: Farigiraf|5/100
|move|p2a: Farigiraf|Thunderbolt|p1b: Dragonite
|-damage|p1b: Dragonite|79/100
|
|-damage|p2b: Incineroar|37/100 psn|[from] psn
|upkeep
|turn|6
|
|t:|1783103698
|move|p1b: Dragonite|Protect|p1b: Dragonite
|-singleturn|p1b: Dragonite|Protect
|move|p2b: Incineroar|Fake Out|p1b: Dragonite
|-activate|p1b: Dragonite|move: Protect
|move|p2a: Farigiraf|Thunderbolt|p1b: Dragonite
|-activate|p1b: Dragonite|move: Protect
|
|-damage|p2b: Incineroar|25/100 psn|[from] psn
|upkeep
|turn|7
|
|t:|1783103713
|move|p1b: Dragonite|Dragon Pulse|p2a: Farigiraf
|-damage|p2a: Farigiraf|0 fnt
|faint|p2a: Farigiraf
|move|p2b: Incineroar|Parting Shot|p1b: Dragonite
|-unboost|p1b: Dragonite|atk|1
|-unboost|p1b: Dragonite|spa|1
|
|t:|1783103719
|switch|p2b: Garchomp|Garchomp, L50, M|100/100|[from] Parting Shot
|
|upkeep
|
|t:|1783103723
|switch|p2a: Incineroar|Incineroar, L50, F|25/100 psn
|-ability|p2a: Incineroar|Intimidate|boost
|-unboost|p1b: Dragonite|atk|1
|turn|8
|
|t:|1783103732
|move|p1b: Dragonite|Protect|p1b: Dragonite
|-singleturn|p1b: Dragonite|Protect
|move|p2a: Incineroar|Fake Out|p1b: Dragonite
|-activate|p1b: Dragonite|move: Protect
|move|p2b: Garchomp|Dragon Claw|p1b: Dragonite
|-activate|p1b: Dragonite|move: Protect
|
|-damage|p2a: Incineroar|12/100 psn|[from] psn
|-sideend|p1: poke J.D.GC|move: Light Screen
|upkeep
|turn|9
|
|t:|1783103750
|move|p2b: Garchomp|Dragon Claw|p1b: Dragonite
|-supereffective|p1b: Dragonite|1
|-damage|p1b: Dragonite|0 fnt
|faint|p1b: Dragonite
|-damage|p2b: Garchomp|90/100|[from] item: Life Orb
|
|win|lux raymundi
