|j|☆P!nkbearz07
|j|☆aliciadoors
|html|P!nkbearz07aliciadoors    
|uhtml|bestof|Game 2 of a best-of-3
|t:|1757722382
|gametype|doubles
|player|p1|P!nkbearz07|marlon|1027
|player|p2|aliciadoors|jasmine|1075
|gen|9
|tier|[Gen 9] VGC 2025 Reg H (Bo3)
|rated|
|rule|Species Clause: Limit one of each Pokémon
|rule|Item Clause: Limit 1 of each item
|clearpoke
|poke|p1|Whimsicott, L50, M|
|poke|p1|Lurantis, L50, M|
|poke|p1|Tsareena, L50, F|
|poke|p1|Sunflora, L50, F|
|poke|p1|Rillaboom, L50, M|
|poke|p1|Chesnaught, L50, F|
|poke|p2|Tyranitar, L50, F|
|poke|p2|Excadrill, L50, M|
|poke|p2|Corviknight, L50, F|
|poke|p2|Indeedee, L50, M|
|poke|p2|Sneasler, L50, M|
|poke|p2|Archaludon, L50, M|
|teampreview|4
|showteam|p1|Whimsicott||FocusSash|Prankster|Moonblast,Tailwind,FakeTears,Tickle|||M|||50|,,,,,Ghost]Lurantis||CovertCloak|Contrary|TeraBlast,Superpower,GrassyGlide,Protect|||M|||50|,,,,,Fire]Tsareena||GrassySeed|QueenlyMajesty|Acrobatics,HighJumpKick,SeedBomb,Protect|||F|||50|,,,,,Flying]Sunflora||LifeOrb|SolarPower|EnergyBall,EarthPower,DazzlingGleam,Protect|||F|||50|,,,,,Stellar]Rillaboom||AssaultVest|GrassySurge|FakeOut,GrassyGlide,WoodHammer,Uturn|||M|||50|,,,,,Water]Chesnaught||RockyHelmet|Bulletproof|GrassyGlide,BodyPress,IronDefense,WideGuard|||F|||50|,,,,,Fire
|showteam|p2|Tyranitar||AssaultVest|SandStream|RockSlide,KnockOff,TeraBlast,LowKick|||F|||50|,,,,,Flying]Excadrill||FocusSash|SandRush|Earthquake,HighHorsepower,IronHead,Protect|||M|||50|,,,,,Ground]Corviknight||SitrusBerry|MirrorArmor|BraveBird,Tailwind,BulkUp,Roost|||F|||50|,,,,,Dragon]Indeedee||ChoiceScarf|PsychicSurge|ExpandingForce,TeraBlast,Trick,Protect|||M|||50|,,,,,Psychic]Sneasler||PsychicSeed|Unburden|CloseCombat,DireClaw,ThroatChop,Protect|||M|||50|,,,,,Stellar]Archaludon||PowerHerb|Sturdy|FlashCannon,DracoMeteor,ElectroShot,Protect|||M|||50|,,,,,Stellar
|inactive|Battle timer is ON: inactive players will automatically lose when time's up. (requested by aliciadoors)
|inactive|P!nkbearz07 also wants the timer to be on.
|
|t:|1757722402
|teamsize|p1|4
|teamsize|p2|4
|start
|switch|p1a: Rillaboom|Rillaboom, L50, M, shiny|100/100
|switch|p1b: Tsareena|Tsareena, L50, F, shiny|100/100
|switch|p2a: Corviknight|Corviknight, L50, F|100/100
|switch|p2b: Sneasler|Sneasler, L50, M|100/100
|-fieldstart|move: Grassy Terrain|[from] ability: Grassy Surge|[of] p1a: Rillaboom
|-enditem|p1b: Tsareena|Grassy Seed
|-boost|p1b: Tsareena|def|1|[from] item: Grassy Seed
|turn|1
|
|t:|1757722417
|-terastallize|p1b: Tsareena|Flying
|move|p2b: Sneasler|Protect|p2b: Sneasler
|-singleturn|p2b: Sneasler|Protect
|move|p1a: Rillaboom|Fake Out|p2b: Sneasler
|-activate|p2b: Sneasler|move: Protect
|move|p1b: Tsareena|Acrobatics|p2b: Sneasler
|-activate|p2b: Sneasler|move: Protect
|move|p2a: Corviknight|Bulk Up|p2a: Corviknight
|-boost|p2a: Corviknight|atk|1
|-boost|p2a: Corviknight|def|1
|
|upkeep
|turn|2
|
|t:|1757722434
|switch|p2b: Archaludon|Archaludon, L50, M|100/100
|move|p1a: Rillaboom|U-turn|p2a: Corviknight
|-resisted|p2a: Corviknight
|-damage|p2a: Corviknight|98/100
|
|t:|1757722438
|switch|p1a: Whimsicott|Whimsicott, L50, M, shiny|100/100|[from] U-turn
|move|p1b: Tsareena|Acrobatics|p2b: Archaludon
|-resisted|p2b: Archaludon
|-damage|p2b: Archaludon|77/100
|move|p2a: Corviknight|Tailwind|p2a: Corviknight
|-sidestart|p2: aliciadoors|move: Tailwind
|
|-heal|p2b: Archaludon|84/100|[from] Grassy Terrain
|upkeep
|turn|3
|
|t:|1757722451
|move|p1b: Tsareena|Protect|p1b: Tsareena
|-singleturn|p1b: Tsareena|Protect
|move|p1a: Whimsicott|Tailwind|p1a: Whimsicott
|-sidestart|p1: P!nkbearz07|move: Tailwind
|move|p2b: Archaludon|Electro Shot||[still]
|-prepare|p2b: Archaludon|Electro Shot
|-boost|p2b: Archaludon|spa|1
|-enditem|p2b: Archaludon|Power Herb
|-anim|p2b: Archaludon|Electro Shot|p1b: Tsareena
|-activate|p1b: Tsareena|move: Protect
|move|p2a: Corviknight|Brave Bird|p1a: Whimsicott
|-supereffective|p1a: Whimsicott
|-enditem|p1a: Whimsicott|Focus Sash
|-damage|p1a: Whimsicott|1/100
|-damage|p2a: Corviknight|75/100|[from] Recoil
|
|-heal|p1a: Whimsicott|7/100|[from] Grassy Terrain
|-heal|p2b: Archaludon|90/100|[from] Grassy Terrain
|upkeep
|turn|4
|inactive|P!nkbearz07 has 30 seconds left.
|
|t:|1757722485
|switch|p1b: Lurantis|Lurantis, L50, M, shiny|100/100
|move|p1a: Whimsicott|Tickle|p1b: Lurantis
|-boost|p1b: Lurantis|atk|1
|-boost|p1b: Lurantis|def|1
|move|p2b: Archaludon|Electro Shot||[still]
|-prepare|p2b: Archaludon|Electro Shot
|-boost|p2b: Archaludon|spa|1
|move|p2a: Corviknight|Brave Bird|p1a: Whimsicott
|-supereffective|p1a: Whimsicott
|-damage|p1a: Whimsicott|0 fnt
|faint|p1a: Whimsicott
|-damage|p2a: Corviknight|73/100|[from] Recoil
|
|-heal|p2b: Archaludon|96/100|[from] Grassy Terrain
|upkeep
|
|t:|1757722493
|switch|p1a: Tsareena|Tsareena, L50, F, shiny, tera:Flying|100/100
|turn|5
|
|t:|1757722513
|move|p2b: Archaludon|Electro Shot|p1b: Lurantis|[from] lockedmove
|-resisted|p1b: Lurantis
|-damage|p1b: Lurantis|44/100
|move|p1a: Tsareena|High Jump Kick|p2a: Corviknight
|-damage|p2a: Corviknight|49/100
|-enditem|p2a: Corviknight|Sitrus Berry|[eat]
|-heal|p2a: Corviknight|74/100|[from] item: Sitrus Berry
|move|p2a: Corviknight|Brave Bird|p1b: Lurantis
|-supereffective|p1b: Lurantis
|-damage|p1b: Lurantis|0 fnt
|faint|p1b: Lurantis
|-damage|p2a: Corviknight|63/100|[from] Recoil
|
|-heal|p2b: Archaludon|100/100|[from] Grassy Terrain
|-sideend|p2: aliciadoors|move: Tailwind
|-fieldend|move: Grassy Terrain
|upkeep
|
|t:|1757722521
|switch|p1b: Rillaboom|Rillaboom, L50, M, shiny|100/100
|-fieldstart|move: Grassy Terrain|[from] ability: Grassy Surge|[of] p1b: Rillaboom
|turn|6
|
|t:|1757722528
|move|p1b: Rillaboom|Fake Out|p2b: Archaludon
|-resisted|p2b: Archaludon
|-damage|p2b: Archaludon|95/100
|move|p1a: Tsareena|High Jump Kick|p2b: Archaludon
|-supereffective|p2b: Archaludon
|-damage|p2b: Archaludon|14/100
|cant|p2b: Archaludon|flinch
|move|p2a: Corviknight|Tailwind|p2a: Corviknight
|-sidestart|p2: aliciadoors|move: Tailwind
|
|-heal|p2b: Archaludon|20/100|[from] Grassy Terrain
|-sideend|p1: P!nkbearz07|move: Tailwind
|upkeep
|turn|7
|inactive|P!nkbearz07 has 30 seconds left.
|
|t:|1757722558
|move|p2b: Archaludon|Draco Meteor|p1a: Tsareena
|-damage|p1a: Tsareena|0 fnt
|-unboost|p2b: Archaludon|spa|2
|faint|p1a: Tsareena
|move|p2a: Corviknight|Bulk Up|p2a: Corviknight
|-boost|p2a: Corviknight|atk|1
|-boost|p2a: Corviknight|def|1
|move|p1b: Rillaboom|Wood Hammer|p2a: Corviknight
|-resisted|p2a: Corviknight
|-damage|p2a: Corviknight|55/100
|-damage|p1b: Rillaboom|98/100|[from] Recoil
|
|-heal|p2b: Archaludon|26/100|[from] Grassy Terrain
|-heal|p1b: Rillaboom|100/100|[from] Grassy Terrain
|upkeep
|turn|8
|-message|P!nkbearz07 forfeited.
|
|win|aliciadoors
|raw|P!nkbearz07's rating: 1027 → 1015(-12 for losing)
|raw|aliciadoors's rating: 1075 → 1100(+25 for winning)
