|j|☆jacre22
|j|☆Spottedwoot
|html|jacre22Spottedwoot    
|uhtml|bestof|Game 3 of a best-of-3
|t:|1754360260
|gametype|doubles
|player|p1|jacre22|iris-gen5bw2|1170
|player|p2|Spottedwoot|169|1336
|gen|9
|tier|[Gen 9] VGC 2025 Reg H (Bo3)
|rated|
|rule|Species Clause: Limit one of each Pokémon
|rule|Item Clause: Limit 1 of each item
|clearpoke
|poke|p1|Whimsicott, L50, F|
|poke|p1|Garchomp, L50, M|
|poke|p1|Gholdengo, L50|
|poke|p1|Incineroar, L50, F|
|poke|p1|Sneasler, L50, M|
|poke|p1|Dragonite, L50, M|
|poke|p2|Kingambit, L50, M|
|poke|p2|Primarina, L50, F|
|poke|p2|Salamence, L50, F|
|poke|p2|Gholdengo, L50|
|poke|p2|Sneasler, L50, M|
|poke|p2|Electabuzz, L50, M|
|teampreview|4
|showteam|p1|Whimsicott||FocusSash|Prankster|Moonblast,Tailwind,Encore,Protect|||F|||50|,,,,,Ghost]Garchomp||LifeOrb|RoughSkin|Earthquake,DragonClaw,StompingTantrum,Protect|||M|||50|,,,,,Ground]Gholdengo||ChoiceSpecs|GoodasGold|MakeItRain,ShadowBall,Trick,Protect||||||50|,,,,,Steel]Incineroar||AssaultVest|Intimidate|FakeOut,FlareBlitz,KnockOff,Uturn|||F|||50|,,,,,Grass]Sneasler||WhiteHerb|Unburden|FakeOut,DireClaw,CloseCombat,Protect|||M|||50|,,,,,Stellar]Dragonite||ChoiceBand|InnerFocus|ExtremeSpeed,Outrage,IceSpinner,StompingTantrum|||M|||50|,,,,,Normal
|showteam|p2|Kingambit||BlackGlasses|Defiant|KowtowCleave,Protect,SuckerPunch,SwordsDance|||M|||50|,,,,,Dark]Primarina||ThroatSpray|LiquidVoice|Haze,HyperVoice,Protect,Moonblast|||F|||50|,,,,,Poison]Salamence||LifeOrb|Intimidate|Tailwind,Protect,DracoMeteor,Hurricane|||F|||50|,,,,,Fairy]Gholdengo||ChoiceSpecs|GoodasGold|MakeItRain,Trick,ShadowBall,FocusBlast||||||50|,,,,,Steel]Sneasler||FocusSash|Unburden|FakeOut,Protect,CloseCombat,DireClaw|||M|||50|,,,,,Steel]Electabuzz||Eviolite|VitalSpirit|FollowMe,Thunderbolt,Taunt,Protect|||M|||50|,,,,,Water
|
|t:|1754360301
|teamsize|p1|4
|teamsize|p2|4
|start
|switch|p1a: Sneasler|Sneasler, L50, M|100/100
|switch|p1b: Garchomp|Garchomp, L50, M|100/100
|switch|p2a: Electabuzz|Electabuzz, L50, M|100/100
|switch|p2b: Primarina|Primarina, L50, F|100/100
|turn|1
|
|t:|1754360327
|-terastallize|p1b: Garchomp|Ground
|move|p2a: Electabuzz|Protect|p2a: Electabuzz
|-singleturn|p2a: Electabuzz|Protect
|move|p2b: Primarina|Protect|p2b: Primarina
|-singleturn|p2b: Primarina|Protect
|move|p1a: Sneasler|Fake Out|p2b: Primarina
|-activate|p2b: Primarina|move: Protect
|move|p1b: Garchomp|Stomping Tantrum|p2a: Electabuzz
|-activate|p2a: Electabuzz|move: Protect
|
|upkeep
|turn|2
|inactive|Battle timer is ON: inactive players will automatically lose when time's up. (requested by Spottedwoot)
|
|t:|1754360357
|move|p1a: Sneasler|Protect|p1a: Sneasler
|-singleturn|p1a: Sneasler|Protect
|move|p2a: Electabuzz|Follow Me|p2a: Electabuzz
|-singleturn|p2a: Electabuzz|move: Follow Me
|move|p1b: Garchomp|Earthquake|p2a: Electabuzz|[spread] p2a,p2b
|-activate|p1a: Sneasler|move: Protect
|-supereffective|p2a: Electabuzz
|-damage|p2a: Electabuzz|0 fnt
|-damage|p2b: Primarina|12/100
|faint|p2a: Electabuzz
|-damage|p1b: Garchomp|91/100|[from] item: Life Orb
|move|p2b: Primarina|Hyper Voice|p1a: Sneasler|[spread] p1b
|-activate|p1a: Sneasler|move: Protect
|-supereffective|p1b: Garchomp
|-damage|p1b: Garchomp|11/100
|-enditem|p2b: Primarina|Throat Spray
|-boost|p2b: Primarina|spa|1|[from] item: Throat Spray
|
|upkeep
|
|t:|1754360370
|switch|p2a: Kingambit|Kingambit, L50, M|100/100
|turn|3
|inactive|jacre22 has 30 seconds left.
|
|t:|1754360396
|switch|p1b: Whimsicott|Whimsicott, L50, F|100/100
|-terastallize|p2a: Kingambit|Dark
|move|p2b: Primarina|Protect|p2b: Primarina
|-singleturn|p2b: Primarina|Protect
|move|p2a: Kingambit|Sucker Punch|p1a: Sneasler
|-resisted|p1a: Sneasler
|-damage|p1a: Sneasler|46/100
|move|p1a: Sneasler|Close Combat|p2a: Kingambit
|-supereffective|p2a: Kingambit
|-damage|p2a: Kingambit|4/100
|-unboost|p1a: Sneasler|def|1
|-unboost|p1a: Sneasler|spd|1
|-enditem|p1a: Sneasler|White Herb
|-clearnegativeboost|p1a: Sneasler|[silent]
|
|upkeep
|turn|4
|
|t:|1754360414
|move|p1a: Sneasler|Protect|p1a: Sneasler
|-singleturn|p1a: Sneasler|Protect
|move|p2a: Kingambit|Protect|p2a: Kingambit
|-singleturn|p2a: Kingambit|Protect
|move|p1b: Whimsicott|Moonblast|p2a: Kingambit
|-activate|p2a: Kingambit|move: Protect
|move|p2b: Primarina|Hyper Voice|p1a: Sneasler|[spread] p1b
|-activate|p1a: Sneasler|move: Protect
|-resisted|p1b: Whimsicott
|-damage|p1b: Whimsicott|64/100
|
|upkeep
|turn|5
|inactive|jacre22 has 30 seconds left.
|
|t:|1754360442
|switch|p1a: Gholdengo|Gholdengo, L50|100/100
|switch|p2a: Gholdengo|Gholdengo, L50|100/100
|move|p1b: Whimsicott|Moonblast|p2a: Gholdengo
|-resisted|p2a: Gholdengo
|-damage|p2a: Gholdengo|86/100
|-unboost|p2a: Gholdengo|spa|1
|move|p2b: Primarina|Moonblast|p1b: Whimsicott
|-damage|p1b: Whimsicott|0 fnt
|faint|p1b: Whimsicott
|
|upkeep
|
|t:|1754360460
|switch|p1b: Sneasler|Sneasler, L50, M|46/100
|turn|6
|
|t:|1754360477
|move|p2b: Primarina|Protect|p2b: Primarina
|-singleturn|p2b: Primarina|Protect
|move|p1b: Sneasler|Fake Out|p2b: Primarina
|-activate|p2b: Primarina|move: Protect
|move|p2a: Gholdengo|Make It Rain|p1a: Gholdengo|[spread] p1a,p1b
|-resisted|p1a: Gholdengo
|-damage|p1a: Gholdengo|77/100
|-damage|p1b: Sneasler|0 fnt
|-unboost|p2a: Gholdengo|spa|1
|faint|p1b: Sneasler
|move|p1a: Gholdengo|Shadow Ball|p2a: Gholdengo
|-supereffective|p2a: Gholdengo
|-damage|p2a: Gholdengo|0 fnt
|faint|p2a: Gholdengo
|
|upkeep
|
|t:|1754360490
|switch|p1b: Garchomp|Garchomp, L50, M, tera:Ground|11/100
|switch|p2a: Kingambit|Kingambit, L50, M, tera:Dark|4/100
|turn|7
|inactive|jacre22 has 30 seconds left.
|inactive|Spottedwoot has 30 seconds left.
|inactive|jacre22 has 20 seconds left.
|
|t:|1754360526
|move|p2a: Kingambit|Sucker Punch|p1a: Gholdengo
|-supereffective|p1a: Gholdengo
|-damage|p1a: Gholdengo|0 fnt
|faint|p1a: Gholdengo
|move|p1b: Garchomp|Earthquake|p2a: Kingambit|[spread] p2a,p2b
|-damage|p2a: Kingambit|0 fnt
|-damage|p2b: Primarina|0 fnt
|faint|p2a: Kingambit
|faint|p2b: Primarina
|-damage|p1b: Garchomp|2/100|[from] item: Life Orb
|
|win|jacre22
|raw|jacre22's rating: 1170 → 1206(+36 for winning)
|raw|Spottedwoot's rating: 1336 → 1307(-29 for losing)
|c|☆jacre22|gg
|l|☆Spottedwoot
|player|p2|
