|j|☆Pever3ll
|j|☆sebrai
|html|Pever3llsebrai    
|uhtml|bestof|Game 2 of a best-of-3
|t:|1784217719
|gametype|doubles
|player|p1|Pever3ll|266|
|player|p2|sebrai|iris-gen5bw2|
|gen|9
|tier|[Gen 9 Champions] VGC 2026 Reg M-B (Bo3)
|rule|Species Clause: Limit one of each Pokémon
|rule|Item Clause: Limit 1 of each item
|clearpoke
|poke|p1|Bellibolt, L50, M|
|poke|p1|Runerigus, L50, M|
|poke|p1|Politoed, L50, F|
|poke|p1|Archaludon, L50, M|
|poke|p1|Swampert, L50, F|
|poke|p1|Sableye, L50, M|
|poke|p2|Whimsicott, L50, F, shiny|
|poke|p2|Staraptor, L50, F|
|poke|p2|Maushold-Four, L50|
|poke|p2|Annihilape, L50, M|
|poke|p2|Rotom-Mow, L50|
|poke|p2|Aurorus, L50, M|
|teampreview|4
|showteam|p1|Bellibolt||Magnet|Electromorphosis|ParabolicCharge,Thunder,Protect,WeatherBall|Quiet||M|||50|]Runerigus||MentalHerb|WanderingSpirit|Poltergeist,WillOWisp,TrickRoom,Disable|Relaxed||M|||50|]Politoed||DampRock|Drizzle|WeatherBall,Protect,IceBeam,HelpingHand|Bold||F|||50|]Archaludon||WhiteHerb|Stalwart|ElectroShot,FlashCannon,DracoMeteor,Protect|Modest||M|||50|]Swampert||Swampertite|Torrent|WaveCrash,HighHorsepower,Protect,IcePunch|Adamant||F|||50|]Sableye||FocusSash|Prankster|Disable,FakeOut,RainDance,Encore|Calm||M|||50|
|showteam|p2|Whimsicott||FocusSash|Prankster|Tickle,Tailwind,Encore,Moonblast|Bold||F|||50|]Staraptor||Staraptite|Intimidate|CloseCombat,Roost,BraveBird,Protect|Adamant||F|||50|]Maushold-Four||MentalHerb|FriendGuard|BeatUp,SuperFang,FollowMe,Protect|Timid|||||50|]Annihilape||SitrusBerry|Defiant|CloseCombat,RageFist,Protect,StormThrow|Jolly||M|||50|]Rotom-Mow||WhiteHerb|Levitate|LeafStorm,Thunderbolt,Protect,WillOWisp|Bold|||||50|]Aurorus||PasshoBerry|SnowWarning|EarthPower,FreezeDry,AuroraVeil,Protect|Bold||M|||50|
|inactive|Battle timer is ON: inactive players will automatically lose when time's up. (requested by sebrai)
|inactive|Pever3ll has 60 seconds left.
|inactive|sebrai has 60 seconds left.
|
|t:|1784217769
|teamsize|p1|4
|teamsize|p2|4
|start
|switch|p1a: Sableye|Sableye, L50, M|100/100
|switch|p1b: Runerigus|Runerigus, L50, M|100/100
|switch|p2a: rat trap|Maushold-Four, L50|100/100
|switch|p2b: monke monkey|Annihilape, L50, M|100/100
|turn|1
|inactive|Pever3ll has 30 seconds left.
|inactive|sebrai has 30 seconds left.
|inactive|Pever3ll has 20 seconds left.
|
|t:|1784217808
|move|p2a: rat trap|Protect|p2a: rat trap
|-singleturn|p2a: rat trap|Protect
|move|p1a: Sableye|Fake Out|p2a: rat trap
|-activate|p2a: rat trap|move: Protect
|move|p2b: monke monkey|Rage Fist|p1b: Runerigus
|-supereffective|p1b: Runerigus|1
|-damage|p1b: Runerigus|70/100
|-activate|p2b: monke monkey|Skill Swap|Wandering Spirit|Defiant|[of] p1b: Runerigus
|move|p1b: Runerigus|Trick Room|p1b: Runerigus
|-fieldstart|move: Trick Room|[of] p1b: Runerigus
|
|upkeep
|turn|2
|inactive|Pever3ll has 30 seconds left.
|
|t:|1784217855
|switch|p1b: Politoed|Politoed, L50, F|100/100
|-weather|RainDance|[from] ability: Drizzle|[of] p1b: Politoed
|switch|p2a: aurora borealis|Aurorus, L50, M|100/100
|-weather|Snowscape|[from] ability: Snow Warning|[of] p2a: aurora borealis
|move|p2b: monke monkey|Protect|p2b: monke monkey
|-singleturn|p2b: monke monkey|Protect
|move|p1a: Sableye|Disable||[still]
|-fail|p1a: Sableye
|
|-weather|Snowscape|[upkeep]
|upkeep
|turn|3
|inactive|sebrai has 30 seconds left.
|inactive|sebrai has 20 seconds left.
|inactive|sebrai has 15 seconds left.
|inactive|sebrai has 10 seconds left.
|inactive|sebrai has 5 seconds left.
|
|t:|1784217905
|switch|p2b: smiley|Rotom-Mow, L50|100/100
|move|p1a: Sableye|Rain Dance|p1a: Sableye
|-weather|RainDance
|move|p2a: aurora borealis|Freeze-Dry|p1b: Politoed
|-supereffective|p1b: Politoed|1
|-damage|p1b: Politoed|51/100
|move|p1b: Politoed|Weather Ball|p2a: aurora borealis
|-supereffective|p2a: aurora borealis|1
|-enditem|p2a: aurora borealis|Passho Berry|[eat]
|-enditem|p2a: aurora borealis|Passho Berry|[weaken]
|-damage|p2a: aurora borealis|55/100
|
|-weather|RainDance|[upkeep]
|upkeep
|turn|4
|inactive|sebrai has 30 seconds left.
|
|t:|1784217932
|move|p2a: aurora borealis|Protect|p2a: aurora borealis
|-singleturn|p2a: aurora borealis|Protect
|move|p1b: Politoed|Protect|p1b: Politoed
|-singleturn|p1b: Politoed|Protect
|move|p1a: Sableye|Encore|p2a: aurora borealis
|-activate|p2a: aurora borealis|move: Protect
|move|p2b: smiley|Leaf Storm|p1b: Politoed
|-activate|p1b: Politoed|move: Protect
|
|-weather|RainDance|[upkeep]
|upkeep
|turn|5
|
|t:|1784217945
|switch|p2a: rat trap|Maushold-Four, L50|100/100
|move|p1a: Sableye|Disable|p2b: smiley
|-start|p2b: smiley|Disable|Leaf Storm
|move|p1b: Politoed|Weather Ball|p2a: rat trap
|-damage|p2a: rat trap|36/100
|cant|p2b: smiley|Disable|Leaf Storm
|
|-weather|RainDance|[upkeep]
|-fieldend|move: Trick Room
|upkeep
|turn|6
|inactive|sebrai has 30 seconds left.
|inactive|sebrai has 20 seconds left.
|
|t:|1784217982
|switch|p2b: monke monkey|Annihilape, L50, M|100/100
|switch|p1b: Runerigus|Runerigus, L50, M|70/100
|move|p1a: Sableye|Disable||[still]
|-fail|p1a: Sableye
|move|p2a: rat trap|Beat Up|p2b: monke monkey
|-damage|p2b: monke monkey|97/100
|-damage|p2b: monke monkey|95/100
|-damage|p2b: monke monkey|93/100
|-damage|p2b: monke monkey|91/100
|-hitcount|p2b: monke monkey|4
|
|-weather|RainDance|[upkeep]
|upkeep
|turn|7
|inactive|Pever3ll has 30 seconds left.
|inactive|sebrai has 30 seconds left.
|
|t:|1784218013
|switch|p1b: Politoed|Politoed, L50, F|51/100
|move|p2a: rat trap|Follow Me|p2a: rat trap
|-singleturn|p2a: rat trap|move: Follow Me
|move|p1a: Sableye|Encore|p2a: rat trap
|-start|p2a: rat trap|Encore
|-enditem|p2a: rat trap|Mental Herb
|-end|p2a: rat trap|Encore
|move|p2b: monke monkey|Rage Fist|p1b: Politoed
|-damage|p1b: Politoed|0 fnt
|faint|p1b: Politoed
|
|-weather|none
|upkeep
|
|t:|1784218026
|switch|p1b: Archaludon|Archaludon, L50, M|100/100
|turn|8
|inactive|Pever3ll has 30 seconds left.
|inactive|sebrai has 30 seconds left.
|
|t:|1784218059
|switch|p1b: Runerigus|Runerigus, L50, M|70/100
|move|p2a: rat trap|Follow Me|p2a: rat trap
|-singleturn|p2a: rat trap|move: Follow Me
|move|p1a: Sableye|Disable|p2a: rat trap
|-start|p2a: rat trap|Disable|Follow Me
|move|p2b: monke monkey|Rage Fist|p1b: Runerigus
|-supereffective|p1b: Runerigus|1
|-damage|p1b: Runerigus|0 fnt
|-activate|p2b: monke monkey|Skill Swap|Wandering Spirit|Defiant|[of] p1b: Runerigus
|faint|p1b: Runerigus
|
|upkeep
|
|t:|1784218067
|switch|p1b: Archaludon|Archaludon, L50, M|100/100
|turn|9
|inactive|Pever3ll has 30 seconds left.
|inactive|sebrai has 30 seconds left.
|inactive|Pever3ll has 20 seconds left.
|
|t:|1784218107
|move|p1a: Sableye|Encore|p2a: rat trap
|-start|p2a: rat trap|Encore
|cant|p2a: rat trap|Disable|Follow Me
|move|p2b: monke monkey|Rage Fist|p1b: Archaludon
|-damage|p1b: Archaludon|15/100
|move|p1b: Archaludon|Draco Meteor|p2b: monke monkey
|-damage|p2b: monke monkey|35/100
|-unboost|p1b: Archaludon|spa|2
|-enditem|p2b: monke monkey|Sitrus Berry|[eat]
|-heal|p2b: monke monkey|60/100|[from] item: Sitrus Berry
|-enditem|p1b: Archaludon|White Herb
|-clearnegativeboost|p1b: Archaludon|[silent]
|
|upkeep
|turn|10
|inactive|sebrai has 30 seconds left.
|inactive|sebrai has 20 seconds left.
|
|t:|1784218143
|switch|p2a: smiley|Rotom-Mow, L50|100/100
|move|p1a: Sableye|Disable|p2b: monke monkey
|-start|p2b: monke monkey|Disable|Rage Fist
|cant|p2b: monke monkey|Disable|Rage Fist
|move|p1b: Archaludon|Flash Cannon|p2a: smiley
|-resisted|p2a: smiley|1
|-damage|p2a: smiley|74/100
|
|upkeep
|turn|11
|
|t:|1784218163
|move|p2b: monke monkey|Protect|p2b: monke monkey
|-singleturn|p2b: monke monkey|Protect
|move|p1b: Archaludon|Protect|p1b: Archaludon
|-singleturn|p1b: Archaludon|Protect
|move|p1a: Sableye|Encore|p2b: monke monkey
|-activate|p2b: monke monkey|move: Protect
|move|p2a: smiley|Thunderbolt|p1b: Archaludon
|-activate|p1b: Archaludon|move: Protect
|
|upkeep
|turn|12
|
|t:|1784218185
|move|p1a: Sableye|Disable|p2a: smiley
|-start|p2a: smiley|Disable|Thunderbolt
|move|p2b: monke monkey|Close Combat|p1b: Archaludon
|-supereffective|p1b: Archaludon|1
|-damage|p1b: Archaludon|0 fnt
|-unboost|p2b: monke monkey|def|1
|-unboost|p2b: monke monkey|spd|1
|faint|p1b: Archaludon
|move|p2a: smiley|Leaf Storm|p1a: Sableye
|-damage|p1a: Sableye|42/100
|-unboost|p2a: smiley|spa|2
|-enditem|p2a: smiley|White Herb
|-clearnegativeboost|p2a: smiley|[silent]
|
|upkeep
|turn|13
|c|☆Pever3ll|ggs
|c|☆sebrai|gg
|c|☆sebrai|well played
|inactive|sebrai has 30 seconds left.
|
|t:|1784218211
|switch|p2b: aurora borealis|Aurorus, L50, M|55/100
|-weather|Snowscape|[from] ability: Snow Warning|[of] p2b: aurora borealis
|move|p1a: Sableye|Encore||[still]
|-fail|p1a: Sableye
|move|p2a: smiley|Leaf Storm|p1a: Sableye
|-damage|p1a: Sableye|0 fnt
|-unboost|p2a: smiley|spa|2
|faint|p1a: Sableye
|
|win|sebrai
|l|☆Pever3ll
|player|p1|
|j|☆Pever3ll
|player|p1|Pever3ll|miku-flying|
|l|☆Pever3ll
|player|p1|
|j|☆Pever3ll
|player|p1|Pever3ll|miku-flying|
|l|☆Pever3ll
|player|p1|
|j|☆Pever3ll
|player|p1|Pever3ll|miku-flying|
