|j|☆xdi8723
|j|☆P!nkbearz07
|html|xdi8723P!nkbearz07    
|uhtml|bestof|Game 1 of a best-of-3
|t:|1785879061
|gametype|doubles
|player|p1|xdi8723|265|1045
|player|p2|P!nkbearz07|102|1136
|gen|9
|tier|[Gen 9 Champions] VGC 2026 Reg M-B (Bo3)
|rated|
|rule|Species Clause: Limit one of each Pokémon
|rule|Item Clause: Limit 1 of each item
|clearpoke
|poke|p1|Archaludon, L50, F|
|poke|p1|Pelipper, L50, M|
|poke|p1|Grimmsnarl, L50, M|
|poke|p1|Sinistcha, L50|
|poke|p1|Swampert, L50, F|
|poke|p1|Lycanroc-Dusk, L50, M|
|poke|p2|Garbodor, L50, M|
|poke|p2|Whimsicott, L50, M|
|poke|p2|Blastoise, L50, M|
|poke|p2|Blaziken, L50, F|
|poke|p2|Staraptor, L50, M|
|poke|p2|Farigiraf, L50, M|
|teampreview|4
|showteam|p1|Archaludon||Leftovers|Stamina|ElectroShot,AuraSphere,FlashCannon,Protect|Modest||F|||50|]Pelipper||SitrusBerry|Drizzle|Tailwind,WeatherBall,Hurricane,WideGuard|Modest||M|||50|]Grimmsnarl||LightClay|Prankster|PartingShot,SpiritBreak,Reflect,LightScreen|Calm||M|||50|]Sinistcha||KasibBerry|Hospitality|MatchaGotcha,LifeDew,RagePowder,TrickRoom|Calm|||||50|]Swampert||Swampertite|Torrent|WaveCrash,Earthquake,IcePunch,Protect|Adamant||F|||50|]Lycanroc-Dusk||FocusSash|ToughClaws|Protect,RockSlide,Accelerock,CloseCombat|Jolly||M|||50|
|showteam|p2|Garbodor||KingsRock|Stench|GunkShot,SeedBomb,StompingTantrum,Haze|Adamant||M|||50|]Whimsicott||FocusSash|Prankster|Moonblast,Tailwind,Taunt,Encore|Timid||M|||50|]Blastoise||Blastoisinite|RainDish|WaterSpout,AuraSphere,DarkPulse,Protect|Modest||M|||50|]Blaziken||Blazikenite|SpeedBoost|CloseCombat,ThunderPunch,SwordsDance,Protect|Adamant||F|||50|]Staraptor||Staraptite|Intimidate|CloseCombat,BraveBird,FinalGambit,Protect|Jolly||M|||50|]Farigiraf||ColburBerry|ArmorTail|TwinBeam,Thunderbolt,TrickRoom,Protect|Sassy||M|||50|
|inactive|Battle timer is ON: inactive players will automatically lose when time's up. (requested by P!nkbearz07)
|
|t:|1785879086
|teamsize|p1|4
|teamsize|p2|4
|start
|switch|p1a: Archaludon|Archaludon, L50, F|100/100
|switch|p1b: Grimmsnarl|Grimmsnarl, L50, M|100/100
|switch|p2a: Whimsicott|Whimsicott, L50, M|100/100
|switch|p2b: Garbodor|Garbodor, L50, M|100/100
|turn|1
|inactive|xdi8723 has 30 seconds left.
|
|t:|1785879118
|move|p2a: Whimsicott|Tailwind|p2a: Whimsicott
|-sidestart|p2: P!nkbearz07|move: Tailwind
|move|p1b: Grimmsnarl|Reflect|p1b: Grimmsnarl
|-sidestart|p1: xdi8723|Reflect
|move|p2b: Garbodor|Stomping Tantrum|p1a: Archaludon
|-supereffective|p1a: Archaludon|1
|-damage|p1a: Archaludon|77/100
|-ability|p1a: Archaludon|Stamina|boost
|-boost|p1a: Archaludon|def|1
|move|p1a: Archaludon|Flash Cannon|p2a: Whimsicott
|-supereffective|p2a: Whimsicott|1
|-enditem|p2a: Whimsicott|Focus Sash
|-damage|p2a: Whimsicott|1/100
|
|-heal|p1a: Archaludon|83/100|[from] item: Leftovers
|upkeep
|turn|2
|
|t:|1785879135
|switch|p1b: Pelipper|Pelipper, L50, M|100/100
|-weather|RainDance|[from] ability: Drizzle|[of] p1b: Pelipper
|move|p2a: Whimsicott|Moonblast|p1b: Pelipper
|-damage|p1b: Pelipper|58/100
|move|p2b: Garbodor|Stomping Tantrum|p1a: Archaludon
|-supereffective|p1a: Archaludon|1
|-damage|p1a: Archaludon|68/100
|-ability|p1a: Archaludon|Stamina|boost
|-boost|p1a: Archaludon|def|1
|move|p1a: Archaludon|Electro Shot||[still]
|-prepare|p1a: Archaludon|Electro Shot
|-boost|p1a: Archaludon|spa|1
|-anim|p1a: Archaludon|Electro Shot|p2b: Garbodor
|-damage|p2b: Garbodor|15/100
|
|-weather|RainDance|[upkeep]
|-heal|p1a: Archaludon|74/100|[from] item: Leftovers
|upkeep
|turn|3
|
|t:|1785879157
|switch|p1b: Sinistcha|Sinistcha, L50|100/100
|-heal|p1a: Archaludon|99/100|[from] ability: Hospitality|[of] p1b: Sinistcha
|move|p2a: Whimsicott|Encore|p1a: Archaludon
|-start|p1a: Archaludon|Encore
|move|p2b: Garbodor|Haze|p2b: Garbodor
|-clearallboost
|move|p1a: Archaludon|Electro Shot||[still]
|-prepare|p1a: Archaludon|Electro Shot
|-boost|p1a: Archaludon|spa|1
|-anim|p1a: Archaludon|Electro Shot|p2b: Garbodor
|-damage|p2b: Garbodor|0 fnt
|faint|p2b: Garbodor
|
|-weather|RainDance|[upkeep]
|-heal|p1a: Archaludon|100/100|[from] item: Leftovers
|upkeep
|
|t:|1785879166
|switch|p2b: Blastoise|Blastoise, L50, M|100/100
|turn|4
|
|t:|1785879180
|detailschange|p2b: Blastoise|Blastoise-Mega, L50, M
|-mega|p2b: Blastoise|Blastoise|Blastoisinite
|move|p2b: Blastoise|Protect|p2b: Blastoise
|-singleturn|p2b: Blastoise|Protect
|move|p2a: Whimsicott|Taunt|p1b: Sinistcha
|-start|p1b: Sinistcha|move: Taunt
|move|p1a: Archaludon|Electro Shot||[still]
|-prepare|p1a: Archaludon|Electro Shot
|-boost|p1a: Archaludon|spa|1
|-anim|p1a: Archaludon|Electro Shot|p2b: Blastoise
|-activate|p2b: Blastoise|move: Protect
|move|p1b: Sinistcha|Matcha Gotcha|p2a: Whimsicott|[spread] p2a
|-activate|p2b: Blastoise|move: Protect
|-resisted|p2a: Whimsicott|1
|-damage|p2a: Whimsicott|0 fnt
|faint|p2a: Whimsicott
|
|-weather|RainDance|[upkeep]
|-sideend|p2: P!nkbearz07|move: Tailwind
|upkeep
|
|t:|1785879190
|switch|p2a: Farigiraf|Farigiraf, L50, M|100/100
|turn|5
|inactive|P!nkbearz07 has 30 seconds left.
|
|t:|1785879216
|move|p1a: Archaludon|Electro Shot||[still]
|-prepare|p1a: Archaludon|Electro Shot
|-boost|p1a: Archaludon|spa|1
|-anim|p1a: Archaludon|Electro Shot|p2b: Blastoise
|-supereffective|p2b: Blastoise|1
|-damage|p2b: Blastoise|0 fnt
|faint|p2b: Blastoise
|move|p1b: Sinistcha|Matcha Gotcha|p2a: Farigiraf
|-damage|p2a: Farigiraf|71/100
|move|p2a: Farigiraf|Twin Beam|p1b: Sinistcha
|-damage|p1b: Sinistcha|87/100
|-crit|p1b: Sinistcha
|-damage|p1b: Sinistcha|68/100
|-hitcount|p1b: Sinistcha|2
|
|-weather|RainDance|[upkeep]
|-end|p1a: Archaludon|Encore
|upkeep
|turn|6
|-message|P!nkbearz07 forfeited.
|
|win|xdi8723
|l|☆P!nkbearz07
|player|p2|
||P!nkbearz07 is ready for game 2.
||xdi8723 is ready for game 2.
|uhtml|next|Next: Game 2 of 3
