|j|☆Plopy14
|j|☆snocks
|html|Plopy14snocks    
|uhtml|bestof|Game 1 of a best-of-3
|t:|1783133258
|gametype|doubles
|player|p1|Plopy14|bugcatcher|1152
|player|p2|snocks|2|1120
|gen|9
|tier|[Gen 9 Champions] VGC 2026 Reg M-B (Bo3)
|rated|
|rule|Species Clause: Limit one of each Pokémon
|rule|Item Clause: Limit 1 of each item
|clearpoke
|poke|p1|Floette-Eternal, L50, F|
|poke|p1|Incineroar, L50, M|
|poke|p1|Sinistcha, L50|
|poke|p1|Delphox, L50, M|
|poke|p1|Sneasler, L50, F|
|poke|p1|Kingambit, L50, M|
|poke|p2|Raichu, L50, F|
|poke|p2|Charizard, L50, M|
|poke|p2|Incineroar, L50, M|
|poke|p2|Garchomp, L50, M|
|poke|p2|Whimsicott, L50, F, shiny|
|poke|p2|Basculegion, L50, M|
|teampreview|4
|showteam|p1|Floette-Eternal||Floettite|FlowerVeil|DazzlingGleam,Moonblast,CalmMind,Protect|Modest||F|||50|]Incineroar||SitrusBerry|Intimidate|FakeOut,FlareBlitz,ThroatChop,PartingShot|Careful||M|||50|]Sinistcha||OccaBerry|Hospitality|MatchaGotcha,RagePowder,TrickRoom,Protect|Bold|||||50|]Delphox||Delphoxite|Blaze|HeatWave,Psyshock,NastyPlot,Protect|Timid||M|||50|]Sneasler||FocusSash|PoisonTouch|FakeOut,PoisonJab,CloseCombat,QuickGuard|Jolly||F|||50|]Kingambit||BlackGlasses|Defiant|KowtowCleave,SuckerPunch,SwordsDance,Protect|Adamant||M|||50|
|showteam|p2|Raichu||RaichuniteY|LightningRod|ZapCannon,FocusBlast,Protect,FakeOut|Timid||F|||50|]Charizard||CharizarditeY|Blaze|HeatWave,Protect,SolarBeam,WeatherBall|Modest||M|||50|]Incineroar||ChopleBerry|Intimidate|FlareBlitz,FakeOut,PartingShot,ThroatChop|Careful||M|||50|]Garchomp||LifeOrb|RoughSkin|DragonClaw,Protect,Earthquake,StompingTantrum|Adamant||M|||50|]Whimsicott||OccaBerry|Prankster|Tailwind,Encore,HelpingHand,Moonblast|Timid||F|||50|]Basculegion||FocusSash|Adaptability|AquaJet,Protect,LastRespects,Liquidation|Jolly||M|||50|
|
|t:|1783133296
|teamsize|p1|4
|teamsize|p2|4
|start
|switch|p1a: Kingambit|Kingambit, L50, M|100/100
|switch|p1b: Incineroar|Incineroar, L50, M|100/100
|switch|p2a: Charizard|Charizard, L50, M|100/100
|switch|p2b: Whimsicott|Whimsicott, L50, F, shiny|100/100
|-ability|p1b: Incineroar|Intimidate|boost
|-unboost|p2a: Charizard|atk|1
|-unboost|p2b: Whimsicott|atk|1
|turn|1
|inactive|Battle timer is ON: inactive players will automatically lose when time's up. (requested by snocks)
|
|t:|1783133316
|detailschange|p2a: Charizard|Charizard-Mega-Y, L50, M
|-mega|p2a: Charizard|Charizard|Charizardite Y
|-weather|SunnyDay|[from] ability: Drought|[of] p2a: Charizard
|move|p1b: Incineroar|Fake Out|p2a: Charizard
|-damage|p2a: Charizard|86/100
|move|p2b: Whimsicott|Tailwind|p2b: Whimsicott
|-sidestart|p2: snocks|move: Tailwind
|cant|p2a: Charizard|flinch
|move|p1a: Kingambit|Swords Dance|p1a: Kingambit
|-boost|p1a: Kingambit|atk|2
|
|-weather|SunnyDay|[upkeep]
|upkeep
|turn|2
|inactive|snocks has 30 seconds left.
|
|t:|1783133350
|move|p2a: Charizard|Protect|p2a: Charizard
|-singleturn|p2a: Charizard|Protect
|move|p1a: Kingambit|Sucker Punch||[still]
|-fail|p1a: Kingambit
|move|p2b: Whimsicott|Moonblast|p1a: Kingambit
|-damage|p1a: Kingambit|72/100
|move|p1b: Incineroar|Parting Shot|p2b: Whimsicott
|-unboost|p2b: Whimsicott|atk|1
|-unboost|p2b: Whimsicott|spa|1
|
|t:|1783133363
|switch|p1b: Sneasler|Sneasler, L50, F|100/100|[from] Parting Shot
|
|-weather|SunnyDay|[upkeep]
|upkeep
|turn|3
|
|t:|1783133372
|switch|p2a: Garchomp|Garchomp, L50, M|100/100
|move|p1a: Kingambit|Sucker Punch||[still]
|-fail|p1a: Kingambit
|move|p2b: Whimsicott|Moonblast|p1a: Kingambit
|-damage|p1a: Kingambit|53/100
|move|p1b: Sneasler|Poison Jab|p2b: Whimsicott
|-supereffective|p2b: Whimsicott|2
|-damage|p2b: Whimsicott|0 fnt
|faint|p2b: Whimsicott
|
|-weather|SunnyDay|[upkeep]
|upkeep
|
|t:|1783133381
|switch|p2b: Charizard|Charizard-Mega-Y, L50, M|86/100
|turn|4
|
|t:|1783133396
|switch|p1b: Incineroar|Incineroar, L50, M|100/100
|-ability|p1b: Incineroar|Intimidate|boost
|-unboost|p2a: Garchomp|atk|1
|-unboost|p2b: Charizard|atk|1
|move|p1a: Kingambit|Protect|p1a: Kingambit
|-singleturn|p1a: Kingambit|Protect
|move|p2a: Garchomp|Earthquake|p1a: Kingambit|[spread] p1b
|-activate|p1a: Kingambit|move: Protect
|-immune|p2b: Charizard
|-supereffective|p1b: Incineroar|1
|-damage|p1b: Incineroar|50/100y
|-enditem|p1b: Incineroar|Sitrus Berry|[eat]
|-heal|p1b: Incineroar|74/100|[from] item: Sitrus Berry
|-damage|p2a: Garchomp|90/100|[from] item: Life Orb
|move|p2b: Charizard|Heat Wave|p1a: Kingambit|[spread] p1b
|-activate|p1a: Kingambit|move: Protect
|-resisted|p1b: Incineroar|1
|-damage|p1b: Incineroar|47/100
|
|-weather|SunnyDay|[upkeep]
|-sideend|p2: snocks|move: Tailwind
|upkeep
|turn|5
|inactive|snocks has 30 seconds left.
|
|t:|1783133425
|switch|p2a: Basculegion|Basculegion, L50, M|100/100
|move|p1b: Incineroar|Fake Out|p2b: Charizard
|-damage|p2b: Charizard|73/100
|move|p1a: Kingambit|Sucker Punch||[still]
|-fail|p1a: Kingambit
|cant|p2b: Charizard|flinch
|
|-weather|none
|upkeep
|turn|6
|
|t:|1783133438
|switch|p1b: Sinistcha|Sinistcha, L50|100/100
|-heal|p1a: Kingambit|78/100|[from] ability: Hospitality|[of] p1b: Sinistcha
|move|p1a: Kingambit|Sucker Punch|p2b: Charizard
|-damage|p2b: Charizard|0 fnt
|faint|p2b: Charizard
|move|p2a: Basculegion|Liquidation|p1a: Kingambit
|-damage|p1a: Kingambit|37/100
|
|upkeep
|
|t:|1783133447
|switch|p2b: Garchomp|Garchomp, L50, M|90/100
|turn|7
|
|t:|1783133454
|switch|p1b: Incineroar|Incineroar, L50, M|47/100
|-ability|p1b: Incineroar|Intimidate|boost
|-unboost|p2a: Basculegion|atk|1
|-unboost|p2b: Garchomp|atk|1
|move|p2a: Basculegion|Protect|p2a: Basculegion
|-singleturn|p2a: Basculegion|Protect
|move|p1a: Kingambit|Protect|p1a: Kingambit
|-singleturn|p1a: Kingambit|Protect
|move|p2b: Garchomp|Stomping Tantrum|p1a: Kingambit
|-activate|p1a: Kingambit|move: Protect
|
|upkeep
|turn|8
|
|t:|1783133475
|move|p1a: Kingambit|Sucker Punch|p2b: Garchomp
|-damage|p2b: Garchomp|6/100
|-damage|p1a: Kingambit|24/100|[from] ability: Rough Skin|[of] p2b: Garchomp
|move|p2b: Garchomp|Stomping Tantrum|p1b: Incineroar
|-supereffective|p1b: Incineroar|1
|-damage|p1b: Incineroar|0 fnt
|faint|p1b: Incineroar
|-damage|p2b: Garchomp|0 fnt|[from] item: Life Orb
|faint|p2b: Garchomp
|move|p2a: Basculegion|Liquidation|p1a: Kingambit
|-damage|p1a: Kingambit|0 fnt
|faint|p1a: Kingambit
|
|upkeep
|
|t:|1783133482
|switch|p1b: Sinistcha|Sinistcha, L50|100/100
|switch|p1a: Sneasler|Sneasler, L50, F|100/100
|turn|9
|
|t:|1783133495
|move|p1b: Sinistcha|Protect|p1b: Sinistcha
|-singleturn|p1b: Sinistcha|Protect
|move|p1a: Sneasler|Poison Jab|p2a: Basculegion
|-resisted|p2a: Basculegion|1
|-damage|p2a: Basculegion|74/100
|-status|p2a: Basculegion|psn
|move|p2a: Basculegion|Last Respects|p1b: Sinistcha
|-activate|p1b: Sinistcha|move: Protect
|
|-damage|p2a: Basculegion|62/100 psn|[from] psn
|upkeep
|turn|10
|
|t:|1783133504
|move|p1b: Sinistcha|Protect||[still]
|-fail|p1b: Sinistcha
|move|p1a: Sneasler|Poison Jab|p2a: Basculegion
|-resisted|p2a: Basculegion|1
|-damage|p2a: Basculegion|35/100 psn
|move|p2a: Basculegion|Last Respects|p1b: Sinistcha
|-supereffective|p1b: Sinistcha|1
|-damage|p1b: Sinistcha|0 fnt
|faint|p1b: Sinistcha
|
|-damage|p2a: Basculegion|22/100 psn|[from] psn
|upkeep
|turn|11
|
|t:|1783133513
|move|p1a: Sneasler|Poison Jab|p2a: Basculegion
|-resisted|p2a: Basculegion|1
|-damage|p2a: Basculegion|0 fnt
|faint|p2a: Basculegion
|
|win|Plopy14
