|j|☆tyrannosaurusrex75
|j|☆ferpshowdown
|html|tyrannosaurusrex75ferpshowdown    
|uhtml|bestof|Game 1 of a best-of-3
|t:|1783103994
|gametype|doubles
|player|p1|tyrannosaurusrex75|1|1160
|player|p2|ferpshowdown|lucas|1205
|gen|9
|tier|[Gen 9 Champions] VGC 2026 Reg M-B (Bo3)
|rated|
|rule|Species Clause: Limit one of each Pokémon
|rule|Item Clause: Limit 1 of each item
|clearpoke
|poke|p1|Kleavor, L50, M|
|poke|p1|Incineroar, L50, M|
|poke|p1|Farigiraf, L50, F|
|poke|p1|Whimsicott, L50, F|
|poke|p1|Staraptor, L50, F|
|poke|p1|Archaludon, L50, M|
|poke|p2|Charizard, L50, F|
|poke|p2|Garchomp, L50, M|
|poke|p2|Aerodactyl, L50, M|
|poke|p2|Farigiraf, L50, M|
|poke|p2|Kingambit, L50, M|
|poke|p2|Sylveon, L50, F|
|teampreview|4
|showteam|p1|Kleavor||FocusSash|Sharpness|RockSlide,StoneAxe,XScissor,Protect|Adamant||M|||50|]Incineroar||SitrusBerry|Intimidate|FakeOut,FlareBlitz,ThroatChop,PartingShot|Brave||M|||50|]Farigiraf||Leftovers|ArmorTail|TrickRoom,HyperVoice,Psychic,Protect|Modest||F|||50|]Whimsicott||MentalHerb|Prankster|Tailwind,Charm,Encore,Protect|Bold||F|||50|]Staraptor||Staraptite|Intimidate|CloseCombat,BraveBird,Protect,Roost|Adamant||F|||50|]Archaludon||ChoiceScarf|Stalwart|SteelBeam,Thunderbolt,DracoMeteor,FlashCannon|Timid||M|||50|
|showteam|p2|Charizard||CharizarditeY|Blaze|HeatWave,WeatherBall,SolarBeam,Protect|Modest||F|||50|]Garchomp||LifeOrb|RoughSkin|DragonClaw,Earthquake,RockSlide,Protect|Jolly||M|||50|]Aerodactyl||Aerodactylite|Unnerve|RockSlide,DualWingbeat,IceFang,Tailwind|Jolly||M|||50|]Farigiraf||SitrusBerry|ArmorTail|Psychic,Thunderbolt,SunnyDay,TrickRoom|Bold||M|||50|]Kingambit||FocusSash|Defiant|KowtowCleave,IronHead,SuckerPunch,LowKick|Adamant||M|||50|]Sylveon||FairyFeather|Pixilate|HyperVoice,HyperBeam,QuickAttack,Protect|Modest||F|||50|
|inactive|Battle timer is ON: inactive players will automatically lose when time's up. (requested by tyrannosaurusrex75)
|inactive|tyrannosaurusrex75 has 60 seconds left.
|inactive|ferpshowdown has 60 seconds left.
|inactive|ferpshowdown has 30 seconds left.
|
|t:|1783104056
|teamsize|p1|4
|teamsize|p2|4
|start
|switch|p1a: Whimsicott|Whimsicott, L50, F|100/100
|switch|p1b: Kleavor|Kleavor, L50, M|100/100
|switch|p2a: Aerodactyl|Aerodactyl, L50, M|100/100
|switch|p2b: Sylveon|Sylveon, L50, F|100/100
|-ability|p2a: Aerodactyl|Unnerve
|turn|1
|inactive|ferpshowdown has 30 seconds left.
|inactive|ferpshowdown has 20 seconds left.
|inactive|ferpshowdown has 15 seconds left.
|
|t:|1783104097
|detailschange|p2a: Aerodactyl|Aerodactyl-Mega, L50, M
|-mega|p2a: Aerodactyl|Aerodactyl|Aerodactylite
|move|p1a: Whimsicott|Tailwind|p1a: Whimsicott
|-sidestart|p1: tyrannosaurusrex75|move: Tailwind
|move|p2a: Aerodactyl|Rock Slide|p1a: Whimsicott|[spread] p1a,p1b
|-supereffective|p1b: Kleavor|1
|-damage|p1a: Whimsicott|76/100
|-damage|p1b: Kleavor|28/100
|move|p1b: Kleavor|Stone Axe|p2a: Aerodactyl
|-supereffective|p2a: Aerodactyl|1
|-damage|p2a: Aerodactyl|0 fnt
|-sidestart|p2: ferpshowdown|move: Stealth Rock
|faint|p2a: Aerodactyl
|move|p2b: Sylveon|Hyper Voice|p1b: Kleavor|[spread] p1a,p1b
|-damage|p1a: Whimsicott|9/100
|-damage|p1b: Kleavor|0 fnt
|faint|p1b: Kleavor
|
|upkeep
|
|t:|1783104115
|switch|p2a: Farigiraf|Farigiraf, L50, M|100/100
|switch|p1b: Archaludon|Archaludon, L50, M|100/100
|-damage|p2a: Farigiraf|87/100|[from] Stealth Rock
|turn|2
|
|t:|1783104139
|switch|p1a: Incineroar|Incineroar, L50, M|100/100
|-ability|p1a: Incineroar|Intimidate|boost
|-unboost|p2a: Farigiraf|atk|1
|-unboost|p2b: Sylveon|atk|1
|move|p2b: Sylveon|Protect|p2b: Sylveon
|-singleturn|p2b: Sylveon|Protect
|move|p1b: Archaludon|Draco Meteor|p2a: Farigiraf
|-damage|p2a: Farigiraf|29/100
|-unboost|p1b: Archaludon|spa|2
|-enditem|p2a: Farigiraf|Sitrus Berry|[eat]
|-heal|p2a: Farigiraf|54/100|[from] item: Sitrus Berry
|move|p2a: Farigiraf|Trick Room|p2a: Farigiraf
|-fieldstart|move: Trick Room|[of] p2a: Farigiraf
|
|upkeep
|turn|3
|inactive|ferpshowdown has 30 seconds left.
|inactive|ferpshowdown has 20 seconds left.
|
|t:|1783104178
|move|p2a: Farigiraf|Thunderbolt|p1a: Incineroar
|-damage|p1a: Incineroar|78/100
|move|p2b: Sylveon|Hyper Voice|p1a: Incineroar|[spread] p1a,p1b
|-damage|p1a: Incineroar|35/100
|-damage|p1b: Archaludon|28/100
|-enditem|p1a: Incineroar|Sitrus Berry|[eat]
|-heal|p1a: Incineroar|59/100|[from] item: Sitrus Berry
|move|p1a: Incineroar|Flare Blitz|p2a: Farigiraf
|-damage|p2a: Farigiraf|7/100
|-damage|p1a: Incineroar|43/100|[from] Recoil
|move|p1b: Archaludon|Draco Meteor|p2a: Farigiraf
|-damage|p2a: Farigiraf|0 fnt
|-unboost|p1b: Archaludon|spa|2
|faint|p2a: Farigiraf
|
|upkeep
|
|t:|1783104193
|switch|p2a: Kingambit|Kingambit, L50, M|100/100
|-damage|p2a: Kingambit|94/100|[from] Stealth Rock
|turn|4
|
|t:|1783104203
|switch|p1a: Whimsicott|Whimsicott, L50, F|9/100
|move|p2b: Sylveon|Hyper Voice|p1a: Whimsicott|[spread] p1a,p1b
|-damage|p1a: Whimsicott|0 fnt
|-damage|p1b: Archaludon|0 fnt
|faint|p1a: Whimsicott
|faint|p1b: Archaludon
|move|p2a: Kingambit|Low Kick|p1: Whimsicott|[notarget]
|-fail|p2a: Kingambit
|
|-sideend|p1: tyrannosaurusrex75|move: Tailwind
|upkeep
|
|t:|1783104206
|switch|p1b: Incineroar|Incineroar, L50, M|43/100
|-ability|p1b: Incineroar|Intimidate|boost
|-unboost|p2a: Kingambit|atk|1
|-ability|p2a: Kingambit|Defiant|boost
|-boost|p2a: Kingambit|atk|2
|-unboost|p2b: Sylveon|atk|1
|turn|5
|
|t:|1783104221
|move|p1b: Incineroar|Flare Blitz|p2a: Kingambit
|-supereffective|p2a: Kingambit|1
|-damage|p2a: Kingambit|0 fnt
|faint|p2a: Kingambit
|-damage|p1b: Incineroar|16/100|[from] Recoil
|move|p2b: Sylveon|Hyper Beam|p1b: Incineroar
|-damage|p1b: Incineroar|0 fnt
|-mustrecharge|p2b: Sylveon
|faint|p1b: Incineroar
|
|win|ferpshowdown
||tyrannosaurusrex75 is ready for game 2.
||ferpshowdown is ready for game 2.
|uhtml|next|Next: Game 2 of 3
|l|☆tyrannosaurusrex75
|player|p1|
