|j|☆torchflamebot
|j|☆megaurshifuplease
|html|torchflamebotmegaurshifuplease    
|uhtml|bestof|Game 1 of a best-of-3
|t:|1783159448
|gametype|doubles
|player|p1|torchflamebot|gardenia-masters|1158
|player|p2|megaurshifuplease|red|1144
|gen|9
|tier|[Gen 9 Champions] VGC 2026 Reg M-B (Bo3)
|rated|
|rule|Species Clause: Limit one of each Pokémon
|rule|Item Clause: Limit 1 of each item
|clearpoke
|poke|p1|Rotom-Wash, L50|
|poke|p1|Annihilape, L50, F|
|poke|p1|Aerodactyl, L50, F|
|poke|p1|Sylveon, L50, F|
|poke|p1|Sneasler, L50, M|
|poke|p1|Scovillain, L50, M|
|poke|p2|Mawile, L50, F|
|poke|p2|Sinistcha-Masterpiece, L50|
|poke|p2|Incineroar, L50, F|
|poke|p2|Grimmsnarl, L50, M|
|poke|p2|Garchomp, L50, F|
|poke|p2|Annihilape, L50, M|
|teampreview|4
|showteam|p1|Rotom-Wash||Leftovers|Levitate|WillOWisp,Thunderbolt,HydroPump,LightScreen|Bold|||||50|]Annihilape||SitrusBerry|Defiant|Protect,RageFist,DrainPunch,BulkUp|Lonely||F|||50|]Aerodactyl||Aerodactylite|Unnerve|RockSlide,Protect,Tailwind,DualWingbeat|Jolly||F|||50|]Sylveon||FairyFeather|Pixilate|HyperBeam,HyperVoice,QuickAttack,Detect|Timid||F|||50|]Sneasler||FocusSash|PoisonTouch|FakeOut,DireClaw,Protect,Taunt|Jolly||M|||50|]Scovillain||Scovillainite|Moody|GigaDrain,Protect,Overheat,Flamethrower|Modest||M|||50|
|showteam|p2|Mawile||Mawilite|Intimidate|PlayRough,SuckerPunch,SwordsDance,Protect|Adamant||F|||50|]Sinistcha-Masterpiece||KasibBerry|Hospitality|LifeDew,TrickRoom,RagePowder,MatchaGotcha|Bold|||||50|]Incineroar||PasshoBerry|Intimidate|FakeOut,ThroatChop,FlareBlitz,PartingShot|Adamant||F|||50|]Grimmsnarl||LightClay|Prankster|PartingShot,Reflect,LightScreen,SpiritBreak|Careful||M|||50|]Garchomp||ChoiceScarf|RoughSkin|Earthquake,DragonClaw,RockTomb,StompingTantrum|Adamant||F|||50|]Annihilape||SitrusBerry|Defiant|RageFist,DrainPunch,BulkUp,Protect|Adamant||M|||50|
|inactive|Battle timer is ON: inactive players will automatically lose when time's up. (requested by megaurshifuplease)
|inactive|torchflamebot has 60 seconds left.
|inactive|megaurshifuplease has 60 seconds left.
|inactive|megaurshifuplease has 30 seconds left.
|
|t:|1783159511
|teamsize|p1|4
|teamsize|p2|4
|start
|switch|p1a: Sneasler|Sneasler, L50, M|100/100
|switch|p1b: Annihilape|Annihilape, L50, F|100/100
|switch|p2a: Mawile|Mawile, L50, F|100/100
|switch|p2b: Grimmsnarl|Grimmsnarl, L50, M|100/100
|-ability|p2a: Mawile|Intimidate|boost
|-unboost|p1a: Sneasler|atk|1
|-unboost|p1b: Annihilape|atk|1
|-ability|p1b: Annihilape|Defiant|boost
|-boost|p1b: Annihilape|atk|2
|turn|1
|inactive|torchflamebot has 30 seconds left.
|inactive|megaurshifuplease has 30 seconds left.
|inactive|torchflamebot has 20 seconds left.
|
|t:|1783159547
|detailschange|p2a: Mawile|Mawile-Mega, L50, F
|-mega|p2a: Mawile|Mawile|Mawilite
|move|p2a: Mawile|Protect|p2a: Mawile
|-singleturn|p2a: Mawile|Protect
|move|p2b: Grimmsnarl|Reflect|p2b: Grimmsnarl
|-sidestart|p2: megaurshifuplease|Reflect
|move|p1a: Sneasler|Taunt|p2b: Grimmsnarl
|-start|p2b: Grimmsnarl|move: Taunt
|move|p1b: Annihilape|Drain Punch|p2a: Mawile
|-activate|p2a: Mawile|move: Protect
|
|upkeep
|turn|2
|
|t:|1783159571
|switch|p1a: Rotom|Rotom-Wash, L50|100/100
|move|p1b: Annihilape|Protect|p1b: Annihilape
|-singleturn|p1b: Annihilape|Protect
|move|p2b: Grimmsnarl|Spirit Break|p1b: Annihilape
|-activate|p1b: Annihilape|move: Protect
|move|p2a: Mawile|Play Rough|p1b: Annihilape
|-activate|p1b: Annihilape|move: Protect
|
|upkeep
|turn|3
|
|t:|1783159595
|switch|p2b: Sinistcha|Sinistcha-Masterpiece, L50|100/100
|move|p2a: Mawile|Protect|p2a: Mawile
|-singleturn|p2a: Mawile|Protect
|move|p1b: Annihilape|Drain Punch|p2a: Mawile
|-activate|p2a: Mawile|move: Protect
|move|p1a: Rotom|Hydro Pump|p2a: Mawile
|-activate|p2a: Mawile|move: Protect
|
|upkeep
|turn|4
|
|t:|1783159611
|move|p1b: Annihilape|Protect|p1b: Annihilape
|-singleturn|p1b: Annihilape|Protect
|move|p2b: Sinistcha|Rage Powder|p2b: Sinistcha
|-singleturn|p2b: Sinistcha|move: Rage Powder
|move|p1a: Rotom|Will-O-Wisp|p2b: Sinistcha
|-status|p2b: Sinistcha|brn
|move|p2a: Mawile|Play Rough|p1b: Annihilape
|-activate|p1b: Annihilape|move: Protect
|
|-damage|p2b: Sinistcha|93/100 brn|[from] brn
|upkeep
|turn|5
|inactive|torchflamebot has 30 seconds left.
|inactive|torchflamebot has 20 seconds left.
|inactive|torchflamebot has 15 seconds left.
|
|t:|1783159653
|switch|p1b: Sneasler|Sneasler, L50, M|100/100
|move|p2b: Sinistcha|Rage Powder|p2b: Sinistcha
|-singleturn|p2b: Sinistcha|move: Rage Powder
|move|p1a: Rotom|Will-O-Wisp|p2b: Sinistcha
|-fail|p2b: Sinistcha|brn
|move|p2a: Mawile|Play Rough|p1b: Sneasler|[miss]
|-miss|p2a: Mawile|p1b: Sneasler
|
|-damage|p2b: Sinistcha|87/100 brn|[from] brn
|upkeep
|turn|6
|
|t:|1783159677
|move|p2b: Sinistcha|Rage Powder|p2b: Sinistcha
|-singleturn|p2b: Sinistcha|move: Rage Powder
|move|p1b: Sneasler|Taunt|p2b: Sinistcha
|-start|p2b: Sinistcha|move: Taunt
|move|p1a: Rotom|Hydro Pump|p2b: Sinistcha|[miss]
|-miss|p1a: Rotom|p2b: Sinistcha
|move|p2a: Mawile|Play Rough|p1a: Rotom
|-damage|p1a: Rotom|22/100
|-unboost|p1a: Rotom|atk|1
|
|-heal|p1a: Rotom|29/100|[from] item: Leftovers
|-damage|p2b: Sinistcha|81/100 brn|[from] brn
|upkeep
|turn|7
|
|t:|1783159699
|switch|p2b: Garchomp|Garchomp, L50, F|100/100
|move|p2a: Mawile|Protect|p2a: Mawile
|-singleturn|p2a: Mawile|Protect
|move|p1b: Sneasler|Dire Claw|p2b: Garchomp
|-resisted|p2b: Garchomp|1
|-damage|p2b: Garchomp|86/100
|-damage|p1b: Sneasler|87/100|[from] ability: Rough Skin|[of] p2b: Garchomp
|-status|p2b: Garchomp|psn|[from] ability: Poison Touch|[of] p1b: Sneasler
|move|p1a: Rotom|Hydro Pump|p2b: Garchomp
|-damage|p2b: Garchomp|37/100 psn
|
|-heal|p1a: Rotom|35/100|[from] item: Leftovers
|-damage|p2b: Garchomp|24/100 psn|[from] psn
|upkeep
|turn|8
|inactive|torchflamebot has 30 seconds left.
|
|t:|1783159727
|switch|p1a: Aerodactyl|Aerodactyl, L50, F|100/100
|-ability|p1a: Aerodactyl|Unnerve
|move|p1b: Sneasler|Protect|p1b: Sneasler
|-singleturn|p1b: Sneasler|Protect
|move|p2b: Garchomp|Dragon Claw|p1a: Aerodactyl
|-damage|p1a: Aerodactyl|34/100
|move|p2a: Mawile|Play Rough|p1b: Sneasler
|-activate|p1b: Sneasler|move: Protect
|
|-damage|p2b: Garchomp|12/100 psn|[from] psn
|-sideend|p2: megaurshifuplease|Reflect
|upkeep
|turn|9
|inactive|torchflamebot has 30 seconds left.
|
|t:|1783159754
|detailschange|p1a: Aerodactyl|Aerodactyl-Mega, L50, F
|-mega|p1a: Aerodactyl|Aerodactyl|Aerodactylite
|move|p2b: Garchomp|Dragon Claw|p1a: Aerodactyl
|-damage|p1a: Aerodactyl|0 fnt
|faint|p1a: Aerodactyl
|move|p1b: Sneasler|Taunt|p2a: Mawile
|-start|p2a: Mawile|move: Taunt
|move|p2a: Mawile|Play Rough|p1b: Sneasler
|-damage|p1b: Sneasler|0 fnt
|faint|p1b: Sneasler
|
|-damage|p2b: Garchomp|0 fnt|[from] psn
|faint|p2b: Garchomp
|upkeep
|
|t:|1783159768
|switch|p1a: Rotom|Rotom-Wash, L50|35/100
|switch|p1b: Annihilape|Annihilape, L50, F|100/100
|switch|p2b: Sinistcha|Sinistcha-Masterpiece, L50|81/100 brn
|turn|10
|-message|torchflamebot forfeited.
|raw|torchflamebot's rating: 1158 → 1132(-26 for losing)
|raw|megaurshifuplease's rating: 1144 → 1170(+26 for winning)
|
|win|megaurshifuplease
|l|☆torchflamebot
|player|p1|
