|j|☆cooledoregon
|j|☆Huasometa
|html|cooledoregonHuasometa    
|uhtml|bestof|Game 1 of a best-of-3
|t:|1783712654
|gametype|doubles
|player|p1|cooledoregon|2|1310
|player|p2|Huasometa|elesa|1309
|gen|9
|tier|[Gen 9 Champions] VGC 2026 Reg M-B (Bo3)
|rated|
|rule|Species Clause: Limit one of each Pokémon
|rule|Item Clause: Limit 1 of each item
|clearpoke
|poke|p1|Venusaur, L50, M|
|poke|p1|Pelipper, L50, F|
|poke|p1|Swampert, L50, M|
|poke|p1|Archaludon, L50, M|
|poke|p1|Grimmsnarl, L50, M|
|poke|p1|Incineroar, L50, M|
|poke|p2|Chandelure, L50, F|
|poke|p2|Kangaskhan, L50, F|
|poke|p2|Sylveon, L50, F|
|poke|p2|Kingambit, L50, F|
|poke|p2|Rotom-Wash, L50|
|poke|p2|Venusaur, L50, M|
|teampreview|4
|showteam|p1|Venusaur||Venusaurite|Chlorophyll|SludgeBomb,GigaDrain,EarthPower,Protect|Modest||M|||50|]Pelipper||SitrusBerry|Drizzle|WeatherBall,Hurricane,Tailwind,WideGuard|Modest||F|||50|]Swampert||Swampertite|Torrent|WaveCrash,Earthquake,IcePunch,Protect|Adamant||M|||50|]Archaludon||Leftovers|Stamina|ElectroShot,DragonPulse,Protect,FlashCannon|Calm||M|||50|]Grimmsnarl||LightClay|Prankster|PartingShot,LightScreen,Reflect,SuckerPunch|Careful||M|||50|]Incineroar||ShucaBerry|Intimidate|PartingShot,FakeOut,Snarl,ThroatChop|Careful||M|||50|
|showteam|p2|Chandelure||FocusSash|FlashFire|HeatWave,ShadowBall,TrickRoom,Taunt|Quiet||F|||50|]Kangaskhan||Kangaskhanite|InnerFocus|FakeOut,DoubleEdge,SuckerPunch,HammerArm|Brave||F|||50|]Sylveon||FairyFeather|Pixilate|HyperVoice,Protect,HyperBeam,QuickAttack|Quiet||F|||50|]Kingambit||BlackGlasses|Defiant|KowtowCleave,SuckerPunch,IronHead,Protect|Brave||F|||50|]Rotom-Wash||SitrusBerry|Levitate|ThunderWave,VoltSwitch,HydroPump,Protect|Calm|||||50|]Venusaur||Venusaurite|Chlorophyll|EarthPower,SleepPowder,GigaDrain,Protect|Modest||M|||50|
|inactive|Battle timer is ON: inactive players will automatically lose when time's up. (requested by cooledoregon)
|inactive|cooledoregon has 60 seconds left.
|inactive|cooledoregon has 30 seconds left.
|inactive|cooledoregon has 20 seconds left.
|inactive|cooledoregon has 15 seconds left.
|
|t:|1783712735
|teamsize|p1|4
|teamsize|p2|4
|start
|switch|p1a: Grimmsnarl|Grimmsnarl, L50, M|100/100
|switch|p1b: Pelipper|Pelipper, L50, F|100/100
|switch|p2a: Rotom|Rotom-Wash, L50|100/100
|switch|p2b: Venusaur|Venusaur, L50, M|100/100
|-weather|RainDance|[from] ability: Drizzle|[of] p1b: Pelipper
|turn|1
|
|t:|1783712755
|switch|p1b: Archaludon|Archaludon, L50, M|100/100
|detailschange|p2b: Venusaur|Venusaur-Mega, L50, M
|-mega|p2b: Venusaur|Venusaur|Venusaurite
|move|p1a: Grimmsnarl|Parting Shot|p2b: Venusaur
|-unboost|p2b: Venusaur|atk|1
|-unboost|p2b: Venusaur|spa|1
|
|t:|1783712761
|switch|p1a: Venusaur|Venusaur, L50, M|100/100|[from] Parting Shot
|move|p2b: Venusaur|Sleep Powder|p1a: Venusaur
|-immune|p1a: Venusaur
|move|p2a: Rotom|Volt Switch|p1b: Archaludon
|-resisted|p1b: Archaludon|1
|-damage|p1b: Archaludon|89/100
|-ability|p1b: Archaludon|Stamina|boost
|-boost|p1b: Archaludon|def|1
|inactive|Huasometa has 30 seconds left.
|
|t:|1783712789
|switch|p2a: Chandelure|Chandelure, L50, F|100/100|[from] Volt Switch
|
|-weather|RainDance|[upkeep]
|-heal|p1b: Archaludon|95/100|[from] item: Leftovers
|upkeep
|turn|2
|
|t:|1783712807
|detailschange|p1a: Venusaur|Venusaur-Mega, L50, M
|-mega|p1a: Venusaur|Venusaur|Venusaurite
|move|p1b: Archaludon|Protect|p1b: Archaludon
|-singleturn|p1b: Archaludon|Protect
|move|p2b: Venusaur|Sleep Powder|p1b: Archaludon
|-activate|p1b: Archaludon|move: Protect
|move|p1a: Venusaur|Earth Power|p2a: Chandelure
|-supereffective|p2a: Chandelure|1
|-damage|p2a: Chandelure|30/100
|move|p2a: Chandelure|Shadow Ball|p1b: Archaludon
|-activate|p1b: Archaludon|move: Protect
|
|-weather|RainDance|[upkeep]
|-heal|p1b: Archaludon|100/100|[from] item: Leftovers
|upkeep
|turn|3
|
|t:|1783712830
|switch|p1b: Grimmsnarl|Grimmsnarl, L50, M|100/100
|switch|p2a: Rotom|Rotom-Wash, L50|100/100
|move|p2b: Venusaur|Sleep Powder|p1b: Grimmsnarl
|-status|p1b: Grimmsnarl|slp|[from] move: Sleep Powder
|move|p1a: Venusaur|Earth Power|p2a: Rotom
|-immune|p2a: Rotom|[from] ability: Levitate
|
|-weather|RainDance|[upkeep]
|upkeep
|turn|4
|inactive|Huasometa has 30 seconds left.
|
|t:|1783712861
|cant|p1b: Grimmsnarl|slp
|move|p2b: Venusaur|Giga Drain|p1b: Grimmsnarl
|-damage|p1b: Grimmsnarl|77/100 slp
|move|p1a: Venusaur|Giga Drain|p2a: Rotom
|-supereffective|p2a: Rotom|1
|-damage|p2a: Rotom|38/100
|-enditem|p2a: Rotom|Sitrus Berry|[eat]
|-heal|p2a: Rotom|63/100|[from] item: Sitrus Berry
|move|p2a: Rotom|Thunder Wave|p1a: Venusaur
|-status|p1a: Venusaur|par
|
|-weather|RainDance|[upkeep]
|upkeep
|turn|5
|
|t:|1783712876
|switch|p2b: Chandelure|Chandelure, L50, F|30/100
|-curestatus|p1b: Grimmsnarl|slp|[msg]
|move|p1b: Grimmsnarl|Light Screen|p1b: Grimmsnarl
|-sidestart|p1: cooledoregon|move: Light Screen
|move|p2a: Rotom|Hydro Pump|p1b: Grimmsnarl
|-damage|p1b: Grimmsnarl|43/100
|move|p1a: Venusaur|Giga Drain|p2a: Rotom
|-supereffective|p2a: Rotom|1
|-damage|p2a: Rotom|1/100
|
|-weather|none
|upkeep
|turn|6
|
|t:|1783712897
|switch|p2b: Venusaur|Venusaur-Mega, L50, M|100/100
|move|p1b: Grimmsnarl|Sucker Punch|p2a: Rotom
|-damage|p2a: Rotom|0 fnt
|faint|p2a: Rotom
|move|p1a: Venusaur|Earth Power|p2b: Venusaur
|-damage|p2b: Venusaur|77/100
|
|upkeep
|
|t:|1783712908
|switch|p2a: Kingambit|Kingambit, L50, F|100/100
|turn|7
|
|t:|1783712915
|move|p2b: Venusaur|Protect|p2b: Venusaur
|-singleturn|p2b: Venusaur|Protect
|move|p1b: Grimmsnarl|Reflect|p1b: Grimmsnarl
|-sidestart|p1: cooledoregon|Reflect
|move|p2a: Kingambit|Iron Head|p1b: Grimmsnarl
|-supereffective|p1b: Grimmsnarl|1
|-damage|p1b: Grimmsnarl|0 fnt
|faint|p1b: Grimmsnarl
|move|p1a: Venusaur|Earth Power|p2a: Kingambit
|-supereffective|p2a: Kingambit|1
|-damage|p2a: Kingambit|41/100
|
|upkeep
|
|t:|1783712926
|switch|p1b: Pelipper|Pelipper, L50, F|100/100
|-weather|RainDance|[from] ability: Drizzle|[of] p1b: Pelipper
|turn|8
|
|t:|1783712941
|move|p2a: Kingambit|Protect|p2a: Kingambit
|-singleturn|p2a: Kingambit|Protect
|move|p2b: Venusaur|Sleep Powder|p1b: Pelipper
|-status|p1b: Pelipper|slp|[from] move: Sleep Powder
|cant|p1b: Pelipper|slp
|cant|p1a: Venusaur|par
|
|-weather|RainDance|[upkeep]
|upkeep
|turn|9
|
|t:|1783712953
|switch|p1b: Archaludon|Archaludon, L50, M|100/100
|move|p2b: Venusaur|Earth Power|p1a: Venusaur
|-damage|p1a: Venusaur|82/100 par
|move|p2a: Kingambit|Kowtow Cleave|p1a: Venusaur
|-damage|p1a: Venusaur|53/100 par
|move|p1a: Venusaur|Earth Power|p2a: Kingambit
|-supereffective|p2a: Kingambit|1
|-damage|p2a: Kingambit|0 fnt
|faint|p2a: Kingambit
|
|-weather|RainDance|[upkeep]
|upkeep
|
|t:|1783712964
|switch|p2a: Chandelure|Chandelure, L50, F|30/100
|turn|10
|
|t:|1783712970
|switch|p1b: Pelipper|Pelipper, L50, F|100/100 slp
|move|p2b: Venusaur|Sleep Powder|p1b: Pelipper
|-fail|p1b: Pelipper|slp
|move|p2a: Chandelure|Shadow Ball|p1b: Pelipper
|-damage|p1b: Pelipper|61/100 slp
|move|p1a: Venusaur|Earth Power|p2a: Chandelure
|-supereffective|p2a: Chandelure|1
|-damage|p2a: Chandelure|0 fnt
|faint|p2a: Chandelure
|
|-weather|RainDance|[upkeep]
|upkeep
|turn|11
|
|t:|1783712982
|move|p2b: Venusaur|Earth Power|p1a: Venusaur
|-damage|p1a: Venusaur|36/100 par
|cant|p1b: Pelipper|slp
|move|p1a: Venusaur|Earth Power|p2b: Venusaur
|-damage|p2b: Venusaur|49/100
|
|-weather|RainDance|[upkeep]
|upkeep
|turn|12
|
|t:|1783712990
|move|p2b: Venusaur|Giga Drain|p1b: Pelipper
|-damage|p1b: Pelipper|31/100 slp
|-heal|p2b: Venusaur|63/100|[from] drain|[of] p1b: Pelipper
|-enditem|p1b: Pelipper|Sitrus Berry|[eat]
|-heal|p1b: Pelipper|55/100 slp|[from] item: Sitrus Berry
|-curestatus|p1b: Pelipper|slp|[msg]
|move|p1b: Pelipper|Tailwind|p1b: Pelipper
|-sidestart|p1: cooledoregon|move: Tailwind
|move|p1a: Venusaur|Earth Power|p2b: Venusaur
|-damage|p2b: Venusaur|40/100
|
|-weather|none
|-sideend|p1: cooledoregon|move: Light Screen
|upkeep
|turn|13
|
|t:|1783713004
|switch|p1b: Archaludon|Archaludon, L50, M|100/100
|move|p2b: Venusaur|Sleep Powder|p1b: Archaludon|[miss]
|-miss|p2b: Venusaur|p1b: Archaludon
|cant|p1a: Venusaur|par
|
|upkeep
|turn|14
|
|t:|1783713013
|move|p2b: Venusaur|Protect|p2b: Venusaur
|-singleturn|p2b: Venusaur|Protect
|move|p1b: Archaludon|Dragon Pulse|p2b: Venusaur
|-activate|p2b: Venusaur|move: Protect
|move|p1a: Venusaur|Earth Power|p2b: Venusaur
|-activate|p2b: Venusaur|move: Protect
|
|-sideend|p1: cooledoregon|Reflect
|upkeep
|turn|15
|
|t:|1783713026
|move|p1b: Archaludon|Dragon Pulse|p2b: Venusaur
|-damage|p2b: Venusaur|9/100
|move|p2b: Venusaur|Sleep Powder|p1b: Archaludon|[miss]
|-miss|p2b: Venusaur|p1b: Archaludon
|move|p1a: Venusaur|Sludge Bomb|p2b: Venusaur
|-damage|p2b: Venusaur|0 fnt
|faint|p2b: Venusaur
|
|win|cooledoregon
||cooledoregon is ready for game 2.
||Huasometa is ready for game 2.
|uhtml|next|Next: Game 2 of 3
