|j|☆SongokuVG Fr
|j|☆Trestkon
|html|SongokuVG FrTrestkon    
|uhtml|bestof|Game 3 of a best-of-3
|t:|1756388082
|gametype|doubles
|player|p1|SongokuVG Fr|lucian|1216
|player|p2|Trestkon|1|1165
|gen|9
|tier|[Gen 9] VGC 2025 Reg H (Bo3)
|rated|
|rule|Species Clause: Limit one of each Pokémon
|rule|Item Clause: Limit 1 of each item
|clearpoke
|poke|p1|Rillaboom, L50, M|
|poke|p1|Kingambit, L50, F|
|poke|p1|Sneasler, L50, M|
|poke|p1|Magmar, L50, F|
|poke|p1|Dragapult, L50, F|
|poke|p1|Dondozo, L50, M|
|poke|p2|Indeedee-F, L50, F|
|poke|p2|Gallade, L50, M|
|poke|p2|Torkoal, L50, F|
|poke|p2|Ursaluna-Bloodmoon, L50, M|
|poke|p2|Armarouge, L50, M|
|poke|p2|Exeggutor, L50, F|
|teampreview|4
|showteam|p1|Rillaboom||AssaultVest|GrassySurge|FakeOut,WoodHammer,GrassyGlide,HighHorsepower|||M|||50|,,,,,Fire]Kingambit||DreadPlate|Defiant|KowtowCleave,Protect,SwordsDance,SuckerPunch|||F|||50|,,,,,Ghost]Sneasler||FocusSash|PoisonTouch|DireClaw,CloseCombat,FakeOut,Protect|||M|||50|,,,,,Ghost]Magmar||Eviolite|VitalSpirit|FollowMe,HeatWave,Protect,Taunt|||F|||50|,,,,,Ghost]Dragapult||ChoiceBand|ClearBody|DragonDarts,Uturn,Outrage,PhantomForce|||F|||50|,,,,,Dragon]Dondozo||Leftovers|Unaware|WaveCrash,Yawn,Protect,Fissure|||M|||50|,,,,,Bug
|showteam|p2|Indeedee-F||SafetyGoggles|PsychicSurge|FollowMe,Psychic,HelpingHand,TrickRoom|||F|||50|,,,,,Fairy]Gallade||ClearAmulet|Sharpness|PsychoCut,SacredSword,WideGuard,TrickRoom|||M|||50|,,,,,Steel]Torkoal||Charcoal|Drought|Eruption,WeatherBall,ClearSmog,Protect|||F|||50|,,,,,Fire]Ursaluna-Bloodmoon||ThroatSpray|MindsEye|EarthPower,HyperVoice,BloodMoon,Protect|||M|||50|,,,,,Normal]Armarouge||PowerHerb|FlashFire|ArmorCannon,ExpandingForce,MeteorBeam,TrickRoom|||M|||50|,,,,,Grass]Exeggutor||FocusSash|Chlorophyll|TrickRoom,ExpandingForce,EnergyBall,SleepPowder|||F|||50|,,,,,Psychic
|
|t:|1756388093
|teamsize|p1|4
|teamsize|p2|4
|start
|switch|p1a: Magmar|Magmar, L50, F|100/100
|switch|p1b: Kingambit|Kingambit, L50, F|100/100
|switch|p2a: Dermezel|Indeedee-F, L50, F|100/100
|switch|p2b: Rockman.EXE|Armarouge, L50, M|100/100
|-fieldstart|move: Psychic Terrain|[from] ability: Psychic Surge|[of] p2a: Dermezel
|turn|1
|inactive|Battle timer is ON: inactive players will automatically lose when time's up. (requested by SongokuVG Fr)
|
|t:|1756388110
|move|p2a: Dermezel|Follow Me|p2a: Dermezel
|-singleturn|p2a: Dermezel|move: Follow Me
|move|p1a: Magmar|Taunt|p2a: Dermezel
|-start|p2a: Dermezel|move: Taunt
|move|p1b: Kingambit|Swords Dance|p1b: Kingambit
|-boost|p1b: Kingambit|atk|2
|move|p2b: Rockman.EXE|Trick Room|p2b: Rockman.EXE
|-fieldstart|move: Trick Room|[of] p2b: Rockman.EXE
|
|upkeep
|turn|2
|inactive|Trestkon has 30 seconds left.
|
|t:|1756388143
|switch|p2b: Ursaluna|Ursaluna-Bloodmoon, L50, M|100/100
|switch|p2a: Dr. Love|Torkoal, L50, F|100/100
|-weather|SunnyDay|[from] ability: Drought|[of] p2a: Dr. Love
|switch|p1a: Rillaboom|Rillaboom, L50, M|100/100
|-fieldstart|move: Grassy Terrain|[from] ability: Grassy Surge|[of] p1a: Rillaboom
|-terastallize|p1b: Kingambit|Ghost
|move|p1b: Kingambit|Sucker Punch||[still]
|-fail|p1b: Kingambit
|
|-weather|SunnyDay|[upkeep]
|upkeep
|turn|3
|
|t:|1756388165
|switch|p2b: Dermezel|Indeedee-F, L50, F|100/100
|-fieldstart|move: Psychic Terrain|[from] ability: Psychic Surge|[of] p2b: Dermezel
|switch|p1a: Dondozo|Dondozo, L50, M|100/100
|-terastallize|p2a: Dr. Love|Fire
|move|p1b: Kingambit|Protect|p1b: Kingambit
|-singleturn|p1b: Kingambit|Protect
|move|p2a: Dr. Love|Eruption|p1b: Kingambit|[spread] p1a
|-activate|p1b: Kingambit|move: Protect
|-resisted|p1a: Dondozo
|-crit|p1a: Dondozo
|-damage|p1a: Dondozo|32/100
|
|-weather|SunnyDay|[upkeep]
|-heal|p1a: Dondozo|38/100|[from] item: Leftovers
|upkeep
|turn|4
|inactive|Trestkon has 30 seconds left.
|inactive|Trestkon has 20 seconds left.
|inactive|Trestkon has 15 seconds left.
|
|t:|1756388206
|switch|p2a: Rockman.EXE|Armarouge, L50, M|100/100
|switch|p1b: Magmar|Magmar, L50, F|100/100
|switch|p2b: Ursaluna|Ursaluna-Bloodmoon, L50, M|100/100
|move|p1a: Dondozo|Protect||[still]
|-fail|p1a: Dondozo
|
|-weather|SunnyDay|[upkeep]
|-heal|p1a: Dondozo|44/100|[from] item: Leftovers
|upkeep
|turn|5
|
|t:|1756388224
|move|p1a: Dondozo|Protect|p1a: Dondozo
|-singleturn|p1a: Dondozo|Protect
|move|p1b: Magmar|Protect|p1b: Magmar
|-singleturn|p1b: Magmar|Protect
|move|p2b: Ursaluna|Hyper Voice|p1b: Magmar|[spread] 
|-activate|p1a: Dondozo|move: Protect
|-activate|p1b: Magmar|move: Protect
|move|p2a: Rockman.EXE|Expanding Force|p1a: Dondozo|[spread] 
|-activate|p1a: Dondozo|move: Protect
|-activate|p1b: Magmar|move: Protect
|
|-weather|SunnyDay|[upkeep]
|-heal|p1a: Dondozo|50/100|[from] item: Leftovers
|-fieldend|move: Trick Room
|upkeep
|turn|6
|
|t:|1756388241
|move|p1b: Magmar|Taunt|p2a: Rockman.EXE
|-start|p2a: Rockman.EXE|move: Taunt
|move|p2a: Rockman.EXE|Expanding Force|p1b: Magmar|[spread] p1a,p1b
|-damage|p1a: Dondozo|0 fnt
|-damage|p1b: Magmar|56/100
|faint|p1a: Dondozo
|move|p2b: Ursaluna|Hyper Voice|p1b: Magmar
|-damage|p1b: Magmar|14/100
|-enditem|p2b: Ursaluna|Throat Spray
|-boost|p2b: Ursaluna|spa|1|[from] item: Throat Spray
|
|-weather|none
|upkeep
|
|t:|1756388249
|switch|p1a: Kingambit|Kingambit, L50, F, tera:Ghost|100/100
|turn|7
|
|t:|1756388264
|move|p1b: Magmar|Follow Me|p1b: Magmar
|-singleturn|p1b: Magmar|move: Follow Me
|move|p2a: Rockman.EXE|Expanding Force|p1b: Magmar|[spread] p1a,p1b
|-crit|p1a: Kingambit
|-damage|p1a: Kingambit|4/100
|-damage|p1b: Magmar|0 fnt
|faint|p1b: Magmar
|move|p1a: Kingambit|Kowtow Cleave|p2a: Rockman.EXE
|-supereffective|p2a: Rockman.EXE
|-damage|p2a: Rockman.EXE|0 fnt
|faint|p2a: Rockman.EXE
|move|p2b: Ursaluna|Blood Moon|p1a: Kingambit
|-damage|p1a: Kingambit|0 fnt
|faint|p1a: Kingambit
|
|-fieldend|move: Psychic Terrain
|upkeep
|-message|SongokuVG Fr forfeited.
|
|win|Trestkon
|raw|SongokuVG Fr's rating: 1216 → 1187(-29 for losing)
|raw|Trestkon's rating: 1165 → 1194(+29 for winning)
|l|☆SongokuVG Fr
|player|p1|
