|j|☆Rodrigo21amz
|j|☆MuseigenTest
|html|Rodrigo21amzMuseigenTest    
|uhtml|bestof|Game 2 of a best-of-3
|t:|1757053650
|gametype|doubles
|player|p1|Rodrigo21amz|volkner|1310
|player|p2|MuseigenTest|169|1380
|gen|9
|tier|[Gen 9] VGC 2025 Reg H (Bo3)
|rated|
|rule|Species Clause: Limit one of each Pokémon
|rule|Item Clause: Limit 1 of each item
|clearpoke
|poke|p1|Ursaluna-Bloodmoon, L50, M|
|poke|p1|Electabuzz, L50, M|
|poke|p1|Sneasler, L50, M|
|poke|p1|Dragonite, L50, F|
|poke|p1|Rillaboom, L50, F|
|poke|p1|Volcarona, L50, M|
|poke|p2|Sneasler, L50, M|
|poke|p2|Indeedee, L50, M|
|poke|p2|Volcarona, L50, M|
|poke|p2|Ursaluna-Bloodmoon, L50, M|
|poke|p2|Annihilape, L50, F|
|poke|p2|Tyranitar, L50, M|
|teampreview|4
|showteam|p1|Ursaluna-Bloodmoon||LifeOrb|MindsEye|BloodMoon,HyperVoice,EarthPower,Protect|||M|||50|,,,,,Normal]Electabuzz||Eviolite|VitalSpirit|FollowMe,Electroweb,Taunt,Protect|||M|||50|,,,,,Fairy]Sneasler||FocusSash|PoisonTouch|FakeOut,DireClaw,CloseCombat,Protect|||M|||50|,,,,,Stellar]Dragonite||LoadedDice|Multiscale|Haze,ScaleShot,Protect,ExtremeSpeed|||F|||50|,,,,,Steel]Rillaboom||AssaultVest|GrassySurge|WoodHammer,FakeOut,GrassyGlide,HighHorsepower|||F|||50|,,,,,Fire]Volcarona||Leftovers|FlameBody|QuiverDance,Protect,TeraBlast,HeatWave|||M|||50|,,,,,Fairy
|showteam|p2|Sneasler||PsychicSeed|Unburden|CloseCombat,DireClaw,ThroatChop,Protect|||M|||50|,,,,,Dark]Indeedee||ChoiceScarf|PsychicSurge|ExpandingForce,TeraBlast,Trick,Protect|||M|||50|,,,,,Psychic]Volcarona||SitrusBerry|FlameBody|Overheat,StruggleBug,RagePowder,Tailwind|||M|||50|,,,,,Grass]Ursaluna-Bloodmoon||LifeOrb|MindsEye|BloodMoon,HyperVoice,EarthPower,Protect|||M|||50|,,,,,Normal]Annihilape||SafetyGoggles|Defiant|CloseCombat,RageFist,Taunt,FinalGambit|||F|||50|,,,,,Fairy]Tyranitar||AssaultVest|SandStream|RockSlide,KnockOff,TeraBlast,LowKick|||M|||50|,,,,,Flying
|inactive|Battle timer is ON: inactive players will automatically lose when time's up. (requested by MuseigenTest)
|inactive|Rodrigo21amz has 30 seconds left.
|inactive|MuseigenTest has 60 seconds left.
|
|t:|1757053705
|teamsize|p1|4
|teamsize|p2|4
|start
|switch|p1a: Ursaluna|Ursaluna-Bloodmoon, L50, M|100/100
|switch|p1b: Sneasler|Sneasler, L50, M|100/100
|switch|p2a: Volcarona|Volcarona, L50, M|100/100
|switch|p2b: Tyranitar|Tyranitar, L50, M|100/100
|-weather|Sandstorm|[from] ability: Sand Stream|[of] p2b: Tyranitar
|turn|1
|inactive|MuseigenTest has 30 seconds left.
|inactive|MuseigenTest has 20 seconds left.
|inactive|MuseigenTest has 15 seconds left.
|inactive|MuseigenTest has 10 seconds left.
|inactive|MuseigenTest has 5 seconds left.
|
|t:|1757053760
|-terastallize|p1a: Ursaluna|Normal
|move|p1b: Sneasler|Fake Out|p2a: Volcarona
|-damage|p2a: Volcarona|83/100
|cant|p2a: Volcarona|flinch
|move|p2b: Tyranitar|Rock Slide|p1a: Ursaluna|[spread] p1a,p1b
|-resisted|p1b: Sneasler
|-damage|p1a: Ursaluna|73/100
|-damage|p1b: Sneasler|73/100
|move|p1a: Ursaluna|Blood Moon|p2a: Volcarona
|-damage|p2a: Volcarona|0 fnt
|faint|p2a: Volcarona
|-damage|p1a: Ursaluna|63/100|[from] item: Life Orb
|
|-weather|Sandstorm|[upkeep]
|-damage|p1b: Sneasler|67/100|[from] Sandstorm
|-damage|p1a: Ursaluna|58/100|[from] Sandstorm
|upkeep
|
|t:|1757053778
|switch|p2a: Indeedee|Indeedee, L50, M|100/100
|-fieldstart|move: Psychic Terrain|[from] ability: Psychic Surge|[of] p2a: Indeedee
|turn|2
|inactive|MuseigenTest has 30 seconds left.
|inactive|Rodrigo21amz has 30 seconds left.
|inactive|MuseigenTest has 20 seconds left.
|inactive|Rodrigo21amz has 20 seconds left.
|
|t:|1757053824
|switch|p1b: Rillaboom|Rillaboom, L50, F|100/100
|-fieldstart|move: Grassy Terrain|[from] ability: Grassy Surge|[of] p1b: Rillaboom
|move|p1a: Ursaluna|Protect|p1a: Ursaluna
|-singleturn|p1a: Ursaluna|Protect
|move|p2a: Indeedee|Expanding Force|p1b: Rillaboom
|-damage|p1b: Rillaboom|69/100
|move|p2b: Tyranitar|Low Kick|p1a: Ursaluna
|-activate|p1a: Ursaluna|move: Protect
|
|-weather|Sandstorm|[upkeep]
|-damage|p2a: Indeedee|95/100|[from] Sandstorm
|-damage|p1b: Rillaboom|63/100|[from] Sandstorm
|-damage|p1a: Ursaluna|52/100|[from] Sandstorm
|-heal|p2a: Indeedee|100/100|[from] Grassy Terrain
|-heal|p1b: Rillaboom|69/100|[from] Grassy Terrain
|-heal|p1a: Ursaluna|58/100|[from] Grassy Terrain
|upkeep
|turn|3
|inactive|Rodrigo21amz has 30 seconds left.
|inactive|MuseigenTest has 30 seconds left.
|inactive|MuseigenTest has 20 seconds left.
|
|t:|1757053861
|switch|p2a: Sneasler|Sneasler, L50, M|100/100
|switch|p1a: Dragonite|Dragonite, L50, F|100/100
|-terastallize|p2b: Tyranitar|Flying
|move|p1b: Rillaboom|Wood Hammer|p2a: Sneasler
|-resisted|p2a: Sneasler
|-damage|p2a: Sneasler|33/100
|-damage|p1b: Rillaboom|51/100|[from] Recoil
|move|p2b: Tyranitar|Tera Blast|p1b: Rillaboom|[anim] Tera Blast Flying
|-supereffective|p1b: Rillaboom
|-damage|p1b: Rillaboom|0 fnt
|faint|p1b: Rillaboom
|
|-weather|Sandstorm|[upkeep]
|-damage|p2a: Sneasler|27/100|[from] Sandstorm
|-damage|p1a: Dragonite|94/100|[from] Sandstorm
|-damage|p2b: Tyranitar|95/100|[from] Sandstorm
|-heal|p2a: Sneasler|33/100|[from] Grassy Terrain
|upkeep
|inactive|Rodrigo21amz has 30 seconds left.
|
|t:|1757053892
|switch|p1b: Sneasler|Sneasler, L50, M|67/100
|turn|4
|inactive|MuseigenTest has 30 seconds left.
|
|t:|1757053917
|move|p2a: Sneasler|Protect|p2a: Sneasler
|-singleturn|p2a: Sneasler|Protect
|move|p1b: Sneasler|Dire Claw|p2b: Tyranitar
|-damage|p2b: Tyranitar|58/100
|-status|p2b: Tyranitar|psn|[from] ability: Poison Touch|[of] p1b: Sneasler
|move|p1a: Dragonite|Scale Shot|p2a: Sneasler
|-activate|p2a: Sneasler|move: Protect
|move|p2b: Tyranitar|Rock Slide|p1a: Dragonite|[spread] p1a
|-miss|p2b: Tyranitar|p1b: Sneasler
|-supereffective|p1a: Dragonite
|-damage|p1a: Dragonite|25/100
|
|-weather|Sandstorm|[upkeep]
|-damage|p1b: Sneasler|61/100|[from] Sandstorm
|-damage|p2a: Sneasler|27/100|[from] Sandstorm
|-damage|p1a: Dragonite|19/100|[from] Sandstorm
|-damage|p2b: Tyranitar|52/100 psn|[from] Sandstorm
|-heal|p1b: Sneasler|67/100|[from] Grassy Terrain
|-heal|p2a: Sneasler|33/100|[from] Grassy Terrain
|-damage|p2b: Tyranitar|40/100 psn|[from] psn
|upkeep
|turn|5
|inactive|MuseigenTest has 30 seconds left.
|inactive|MuseigenTest has 20 seconds left.
|inactive|MuseigenTest has 15 seconds left.
|inactive|MuseigenTest has 10 seconds left.
|inactive|MuseigenTest has 5 seconds left.
|
|t:|1757053969
|switch|p2b: Indeedee|Indeedee, L50, M|100/100
|-fieldstart|move: Psychic Terrain|[from] ability: Psychic Surge|[of] p2b: Indeedee
|-enditem|p2a: Sneasler|Psychic Seed
|-boost|p2a: Sneasler|spd|1|[from] item: Psychic Seed
|move|p1a: Dragonite|Extreme Speed|p2a: Sneasler
|-activate|p2a: Sneasler|move: Psychic Terrain
|move|p2a: Sneasler|Dire Claw|p1a: Dragonite
|-damage|p1a: Dragonite|0 fnt
|faint|p1a: Dragonite
|move|p1b: Sneasler|Dire Claw|p2b: Indeedee
|-damage|p2b: Indeedee|7/100
|-status|p2b: Indeedee|par
|
|-weather|none
|upkeep
|
|t:|1757053987
|switch|p1a: Ursaluna|Ursaluna-Bloodmoon, L50, M, tera:Normal|58/100
|turn|6
|inactive|Rodrigo21amz has 30 seconds left.
|inactive|MuseigenTest has 30 seconds left.
|inactive|MuseigenTest has 20 seconds left.
|inactive|MuseigenTest has 15 seconds left.
|inactive|MuseigenTest has 10 seconds left.
|
|t:|1757054033
|move|p1a: Ursaluna|Protect|p1a: Ursaluna
|-singleturn|p1a: Ursaluna|Protect
|move|p2a: Sneasler|Dire Claw|p1b: Sneasler
|-resisted|p1b: Sneasler
|-damage|p1b: Sneasler|33/100
|move|p1b: Sneasler|Dire Claw|p2b: Indeedee
|-damage|p2b: Indeedee|0 fnt
|faint|p2b: Indeedee
|
|upkeep
|j| T-Soro
|
|t:|1757054041
|switch|p2b: Tyranitar|Tyranitar, L50, M, tera:Flying|40/100 psn
|-weather|Sandstorm|[from] ability: Sand Stream|[of] p2b: Tyranitar
|turn|7
|inactive|MuseigenTest has 30 seconds left.
|
|t:|1757054071
|move|p2a: Sneasler|Close Combat|p1a: Ursaluna
|-supereffective|p1a: Ursaluna
|-damage|p1a: Ursaluna|0 fnt
|-unboost|p2a: Sneasler|def|1
|-unboost|p2a: Sneasler|spd|1
|faint|p1a: Ursaluna
|move|p1b: Sneasler|Dire Claw|p2b: Tyranitar
|-damage|p2b: Tyranitar|0 fnt
|faint|p2b: Tyranitar
|
|-weather|Sandstorm|[upkeep]
|-damage|p2a: Sneasler|27/100|[from] Sandstorm
|-damage|p1b: Sneasler|27/100|[from] Sandstorm
|upkeep
|turn|8
|
|t:|1757054088
|move|p2a: Sneasler|Close Combat|p1b: Sneasler
|-resisted|p1b: Sneasler
|-damage|p1b: Sneasler|0 fnt
|-unboost|p2a: Sneasler|def|1
|-unboost|p2a: Sneasler|spd|1
|faint|p1b: Sneasler
|
|win|MuseigenTest
|raw|Rodrigo21amz's rating: 1310 → 1294(-16 for losing)
|raw|MuseigenTest's rating: 1380 → 1396(+16 for winning)
|c|☆MuseigenTest|gg
|c|☆Rodrigo21amz|Gg
