|j|☆ZilverZurfer
|j|☆scottedstone
|html|ZilverZurferscottedstone    
|uhtml|bestof|Game 1 of a best-of-3
|t:|1757726728
|gametype|doubles
|player|p1|ZilverZurfer|266|1121
|player|p2|scottedstone|170|1278
|gen|9
|tier|[Gen 9] VGC 2025 Reg H (Bo3)
|rated|
|rule|Species Clause: Limit one of each Pokémon
|rule|Item Clause: Limit 1 of each item
|clearpoke
|poke|p1|Torkoal, L50, F|
|poke|p1|Lilligant-Hisui, L50, F|
|poke|p1|Indeedee-F, L50, F|
|poke|p1|Hatterene, L50, F|
|poke|p1|Gallade, L50, M|
|poke|p1|Ursaluna, L50, F|
|poke|p2|Pelipper, L50, F|
|poke|p2|Basculegion, L50, M|
|poke|p2|Archaludon, L50, F|
|poke|p2|Sneasler, L50, F|
|poke|p2|Indeedee, L50, M|
|poke|p2|Amoonguss, L50, M|
|teampreview|4
|showteam|p1|Torkoal||ChoiceSpecs|Drought|Eruption,HeatWave,EarthPower,WeatherBall|||F|||50|,,,,,Fire]Lilligant-Hisui||FocusSash|Chlorophyll|Protect,AfterYou,CloseCombat,SolarBlade|||F|||50|,,,,,Ghost]Indeedee-F||PsychicSeed|PsychicSurge|Psychic,HelpingHand,TrickRoom,FollowMe|||F|||50|,,,,,Water]Hatterene||LifeOrb|MagicBounce|Protect,ExpandingForce,DazzlingGleam,TrickRoom|||F|||50|,,,,,Fire]Gallade||ClearAmulet|Sharpness|SacredSword,PsychoCut,TrickRoom,WideGuard|||M|||50|,,,,,Grass]Ursaluna||FlameOrb|Guts|Protect,HeadlongRush,Earthquake,Facade|||F|||50|,,,,,Ghost
|showteam|p2|Pelipper||FocusSash|Drizzle|Hurricane,WeatherBall,Tailwind,Protect|||F|||50|,,,,,Stellar]Basculegion||LifeOrb|SwiftSwim|WaveCrash,LastRespects,AquaJet,Protect|||M|||50|,,,,,Water]Archaludon||AssaultVest|Stamina|DragonPulse,FlashCannon,ElectroShot,BodyPress|||F|||50|,,,,,Grass]Sneasler||PsychicSeed|Unburden|DireClaw,CloseCombat,ThroatChop,Protect|||F|||50|,,,,,Dark]Indeedee||ChoiceScarf|PsychicSurge|ExpandingForce,TeraBlast,Protect,Trick|||M|||50|,,,,,Psychic]Amoonguss||SitrusBerry|Regenerator|PollenPuff,RagePowder,Spore,Protect|||M|||50|,,,,,Water
|inactive|Battle timer is ON: inactive players will automatically lose when time's up. (requested by scottedstone)
|inactive|ZilverZurfer has 60 seconds left.
|inactive|scottedstone has 60 seconds left.
|
|t:|1757726774
|teamsize|p1|4
|teamsize|p2|4
|start
|switch|p1a: Indeedee|Indeedee-F, L50, F|100/100
|switch|p1b: Gallade|Gallade, L50, M|100/100
|switch|p2a: Amoonguss|Amoonguss, L50, M|100/100
|switch|p2b: Indeedee|Indeedee, L50, M|100/100
|-fieldstart|move: Psychic Terrain|[from] ability: Psychic Surge|[of] p2b: Indeedee
|-enditem|p1a: Indeedee|Psychic Seed
|-boost|p1a: Indeedee|spd|1|[from] item: Psychic Seed
|turn|1
|inactive|ZilverZurfer has 30 seconds left.
|
|t:|1757726799
|move|p2b: Indeedee|Expanding Force|p1b: Gallade|[spread] p1a,p1b
|-resisted|p1a: Indeedee
|-damage|p1a: Indeedee|84/100
|-damage|p1b: Gallade|47/100
|move|p1a: Indeedee|Psychic|p2a: Amoonguss
|-supereffective|p2a: Amoonguss
|-damage|p2a: Amoonguss|40/100
|-enditem|p2a: Amoonguss|Sitrus Berry|[eat]
|-heal|p2a: Amoonguss|65/100|[from] item: Sitrus Berry
|move|p2a: Amoonguss|Spore|p1a: Indeedee
|-status|p1a: Indeedee|slp|[from] move: Spore
|move|p1b: Gallade|Trick Room|p1b: Gallade
|-fieldstart|move: Trick Room|[of] p1b: Gallade
|
|upkeep
|turn|2
|inactive|scottedstone has 30 seconds left.
|
|t:|1757726826
|move|p2a: Amoonguss|Protect|p2a: Amoonguss
|-singleturn|p2a: Amoonguss|Protect
|cant|p1a: Indeedee|slp
|move|p1b: Gallade|Psycho Cut|p2a: Amoonguss
|-activate|p2a: Amoonguss|move: Protect
|move|p2b: Indeedee|Expanding Force|p1b: Gallade|[spread] p1a,p1b
|-resisted|p1a: Indeedee
|-damage|p1a: Indeedee|65/100 slp
|-damage|p1b: Gallade|0 fnt
|faint|p1b: Gallade
|
|upkeep
|
|t:|1757726831
|switch|p1b: Torkoal|Torkoal, L50, F|100/100
|-weather|SunnyDay|[from] ability: Drought|[of] p1b: Torkoal
|turn|3
|inactive|scottedstone has 30 seconds left.
|
|t:|1757726858
|switch|p1b: Hatterene|Hatterene, L50, F|100/100
|switch|p2a: Pelipper|Pelipper, L50, F|100/100
|-weather|RainDance|[from] ability: Drizzle|[of] p2a: Pelipper
|-terastallize|p2b: Indeedee|Psychic
|-curestatus|p1a: Indeedee|slp|[msg]
|move|p1a: Indeedee|Helping Hand|p1b: Hatterene
|-singleturn|p1b: Hatterene|Helping Hand|[of] p1a: Indeedee
|move|p2b: Indeedee|Expanding Force|p1b: Hatterene|[spread] p1a,p1b
|-resisted|p1a: Indeedee
|-resisted|p1b: Hatterene
|-damage|p1a: Indeedee|41/100
|-damage|p1b: Hatterene|62/100
|
|-weather|RainDance|[upkeep]
|upkeep
|turn|4
|inactive|scottedstone has 30 seconds left.
|
|t:|1757726884
|switch|p2b: Archaludon|Archaludon, L50, F|100/100
|move|p2a: Pelipper|Protect|p2a: Pelipper
|-singleturn|p2a: Pelipper|Protect
|move|p1b: Hatterene|Expanding Force|p2a: Pelipper|[spread] p2b
|-activate|p2a: Pelipper|move: Protect
|-resisted|p2b: Archaludon
|-damage|p2b: Archaludon|71/100
|-ability|p2b: Archaludon|Stamina|boost
|-boost|p2b: Archaludon|def|1
|-damage|p1b: Hatterene|52/100|[from] item: Life Orb
|move|p1a: Indeedee|Psychic|p2a: Pelipper
|-activate|p2a: Pelipper|move: Protect
|
|-weather|RainDance|[upkeep]
|upkeep
|turn|5
|inactive|scottedstone has 30 seconds left.
|
|t:|1757726909
|switch|p2a: Amoonguss|Amoonguss, L50, M|98/100
|move|p2b: Archaludon|Electro Shot||[still]
|-prepare|p2b: Archaludon|Electro Shot
|-boost|p2b: Archaludon|spa|1
|-anim|p2b: Archaludon|Electro Shot|p1a: Indeedee
|-damage|p1a: Indeedee|4/100
|move|p1b: Hatterene|Trick Room|p1b: Hatterene
|-fieldend|move: Trick Room
|move|p1a: Indeedee|Trick Room|p1a: Indeedee
|-fieldstart|move: Trick Room|[of] p1a: Indeedee
|
|-weather|RainDance|[upkeep]
|-fieldend|move: Psychic Terrain
|upkeep
|turn|6
|inactive|ZilverZurfer has 30 seconds left.
|inactive|scottedstone has 30 seconds left.
|inactive|scottedstone has 20 seconds left.
|inactive|scottedstone has 15 seconds left.
|inactive|scottedstone has 10 seconds left.
|
|t:|1757726954
|move|p2a: Amoonguss|Protect|p2a: Amoonguss
|-singleturn|p2a: Amoonguss|Protect
|move|p1a: Indeedee|Follow Me|p1a: Indeedee
|-singleturn|p1a: Indeedee|move: Follow Me
|move|p1b: Hatterene|Dazzling Gleam|p2b: Archaludon|[spread] p2b
|-activate|p2a: Amoonguss|move: Protect
|-damage|p2b: Archaludon|42/100
|-ability|p2b: Archaludon|Stamina|boost
|-boost|p2b: Archaludon|def|1
|-damage|p1b: Hatterene|43/100|[from] item: Life Orb
|move|p2b: Archaludon|Dragon Pulse|p1a: Indeedee
|-damage|p1a: Indeedee|0 fnt
|faint|p1a: Indeedee
|
|-weather|RainDance|[upkeep]
|upkeep
|
|t:|1757726963
|switch|p1a: Torkoal|Torkoal, L50, F|100/100
|-weather|SunnyDay|[from] ability: Drought|[of] p1a: Torkoal
|turn|7
|
|t:|1757726979
|switch|p2a: Pelipper|Pelipper, L50, F|100/100
|-weather|RainDance|[from] ability: Drizzle|[of] p2a: Pelipper
|-terastallize|p1a: Torkoal|Fire
|move|p1a: Torkoal|Heat Wave|p2a: Pelipper|[spread] p2a,p2b
|-resisted|p2a: Pelipper
|-damage|p2a: Pelipper|76/100
|-damage|p2b: Archaludon|23/100
|-status|p2a: Pelipper|brn
|-ability|p2b: Archaludon|Stamina|boost
|-boost|p2b: Archaludon|def|1
|move|p1b: Hatterene|Dazzling Gleam|p2b: Archaludon|[spread] p2a,p2b
|-damage|p2a: Pelipper|3/100 brn
|-damage|p2b: Archaludon|0 fnt
|faint|p2b: Archaludon
|-damage|p1b: Hatterene|33/100|[from] item: Life Orb
|
|-weather|RainDance|[upkeep]
|-damage|p2a: Pelipper|0 fnt|[from] brn
|faint|p2a: Pelipper
|upkeep
|
|t:|1757726997
|switch|p2b: Indeedee|Indeedee, L50, M, tera:Psychic|100/100
|switch|p2a: Amoonguss|Amoonguss, L50, M|100/100
|-fieldstart|move: Psychic Terrain|[from] ability: Psychic Surge|[of] p2b: Indeedee
|turn|8
|
|t:|1757727010
|move|p1a: Torkoal|Heat Wave|p2b: Indeedee|[spread] p2a,p2b
|-supereffective|p2a: Amoonguss
|-damage|p2a: Amoonguss|53/100
|-damage|p2b: Indeedee|56/100
|move|p1b: Hatterene|Expanding Force|p2a: Amoonguss|[spread] p2a,p2b
|-supereffective|p2a: Amoonguss
|-resisted|p2b: Indeedee
|-damage|p2a: Amoonguss|0 fnt
|-damage|p2b: Indeedee|0 fnt
|faint|p2a: Amoonguss
|faint|p2b: Indeedee
|-damage|p1b: Hatterene|24/100|[from] item: Life Orb
|
|win|ZilverZurfer
||ZilverZurfer is ready for game 2.
||scottedstone is ready for game 2.
|uhtml|next|Next: Game 2 of 3
|l|☆ZilverZurfer
|player|p1|
|j|☆ZilverZurfer
|player|p1|ZilverZurfer|266|
