|j|☆Npc red panther
|j|☆Jupiter69
|html|Npc red pantherJupiter69    
|uhtml|bestof|Game 1 of a best-of-3
|t:|1757681131
|gametype|doubles
|player|p1|Npc red panther|101|1162
|player|p2|Jupiter69|lenora|1104
|gen|9
|tier|[Gen 9] VGC 2025 Reg H (Bo3)
|rated|
|rule|Species Clause: Limit one of each Pokémon
|rule|Item Clause: Limit 1 of each item
|clearpoke
|poke|p1|Electabuzz, L50, F|
|poke|p1|Weezing-Galar, L50, F|
|poke|p1|Sneasler, L50, F|
|poke|p1|Gholdengo, L50|
|poke|p1|Indeedee, L50, M|
|poke|p1|Incineroar, L50, F|
|poke|p2|Gliscor, L50, M|
|poke|p2|Rillaboom, L50, M|
|poke|p2|Sneasler, L50, F|
|poke|p2|Primarina, L50, F|
|poke|p2|Electabuzz, L50, M|
|poke|p2|Kingambit, L50, M|
|teampreview|4
|showteam|p1|Electabuzz||Eviolite|VitalSpirit|FollowMe,Electroweb,VoltSwitch,Protect|||F|||50|,,,,,Fairy]Weezing-Galar||CovertCloak|NeutralizingGas|DazzlingGleam,Taunt,WillOWisp,Protect|||F|||50|,,,,,Flying]Sneasler||FocusSash|Unburden|DireClaw,CloseCombat,ThroatChop,Protect|||F|||50|,,,,,Stellar]Gholdengo||LifeOrb|GoodasGold|MakeItRain,ShadowBall,NastyPlot,Protect||||||50|,,,,,Steel]Indeedee||ChoiceScarf|PsychicSurge|ExpandingForce,DazzlingGleam,Trick,Protect|||M|||50|,,,,,Psychic]Incineroar||AbilityShield|Intimidate|FakeOut,FlareBlitz,KnockOff,PartingShot|||F|||50|,,,,,Ghost
|showteam|p2|Gliscor||ToxicOrb|PoisonHeal|HighHorsepower,DualWingbeat,Protect,SwordsDance|||M|||50|,,,,,Water]Rillaboom||AssaultVest|GrassySurge|WoodHammer,GrassyGlide,FakeOut,HighHorsepower|||M|||50|,,,,,Ground]Sneasler||FocusSash|PoisonTouch|FakeOut,CloseCombat,DireClaw,Coaching|||F|||50|,,,,,Ghost]Primarina||LifeOrb|LiquidVoice|HyperVoice,Protect,Haze,Moonblast|||F|||50|,,,,,Grass]Electabuzz||Eviolite|VitalSpirit|FollowMe,Electroweb,ThunderWave,Taunt|||M|||50|,,,,,Ghost]Kingambit||SafetyGoggles|Defiant|KowtowCleave,SwordsDance,SuckerPunch,Protect|||M|||50|,,,,,Ghost
|inactive|Battle timer is ON: inactive players will automatically lose when time's up. (requested by Npc red panther)
|
|t:|1757681179
|teamsize|p1|4
|teamsize|p2|4
|start
|switch|p1a: Weezing|Weezing-Galar, L50, F|100/100
|switch|p1b: Incineroar|Incineroar, L50, F|100/100
|switch|p2a: Electabuzz|Electabuzz, L50, M|100/100
|switch|p2b: Vinho|Gliscor, L50, M|100/100
|-ability|p1a: Weezing|Neutralizing Gas
|-block|p1b: Incineroar|item: Ability Shield
|-ability|p1b: Incineroar|Intimidate|boost
|-unboost|p2a: Electabuzz|atk|1
|-unboost|p2b: Vinho|atk|1
|turn|1
|
|t:|1757681193
|move|p2b: Vinho|Protect|p2b: Vinho
|-singleturn|p2b: Vinho|Protect
|move|p1b: Incineroar|Fake Out|p2a: Electabuzz
|-damage|p2a: Electabuzz|88/100
|cant|p2a: Electabuzz|flinch
|move|p1a: Weezing|Will-O-Wisp|p2b: Vinho
|-activate|p2b: Vinho|move: Protect
|
|-status|p2b: Vinho|tox|[from] item: Toxic Orb
|upkeep
|turn|2
|inactive|Npc red panther has 30 seconds left.
|
|t:|1757681222
|move|p1a: Weezing|Protect|p1a: Weezing
|-singleturn|p1a: Weezing|Protect
|move|p2a: Electabuzz|Electroweb|p1a: Weezing|[spread] p1b
|-activate|p1a: Weezing|move: Protect
|-damage|p1b: Incineroar|87/100
|-unboost|p1b: Incineroar|spe|1
|move|p2b: Vinho|Swords Dance|p2b: Vinho
|-boost|p2b: Vinho|atk|2
|move|p1b: Incineroar|Knock Off|p2b: Vinho
|-damage|p2b: Vinho|60/100 tox
|-enditem|p2b: Vinho|Toxic Orb|[from] move: Knock Off|[of] p1b: Incineroar
|
|-damage|p2b: Vinho|53/100 tox|[from] psn
|upkeep
|turn|3
|inactive|Npc red panther has 30 seconds left.
|
|t:|1757681249
|-terastallize|p1a: Weezing|Flying
|move|p2a: Electabuzz|Electroweb|p1a: Weezing|[spread] p1a,p1b
|-supereffective|p1a: Weezing
|-damage|p1a: Weezing|76/100
|-damage|p1b: Incineroar|73/100
|-unboost|p1b: Incineroar|spe|1
|move|p2b: Vinho|High Horsepower|p1b: Incineroar
|-supereffective|p1b: Incineroar
|-damage|p1b: Incineroar|0 fnt
|faint|p1b: Incineroar
|move|p1a: Weezing|Dazzling Gleam|p2b: Vinho|[spread] p2a,p2b
|-damage|p2a: Electabuzz|74/100
|-damage|p2b: Vinho|31/100 tox
|
|-damage|p2b: Vinho|19/100 tox|[from] psn
|upkeep
|
|t:|1757681261
|switch|p1b: Gholdengo|Gholdengo, L50|100/100
|turn|4
|
|t:|1757681268
|move|p2b: Vinho|Protect|p2b: Vinho
|-singleturn|p2b: Vinho|Protect
|move|p1b: Gholdengo|Protect|p1b: Gholdengo
|-singleturn|p1b: Gholdengo|Protect
|move|p2a: Electabuzz|Electroweb|p1a: Weezing|[spread] p1a
|-activate|p1b: Gholdengo|move: Protect
|-supereffective|p1a: Weezing
|-damage|p1a: Weezing|48/100
|move|p1a: Weezing|Dazzling Gleam|p2a: Electabuzz|[spread] p2a
|-activate|p2b: Vinho|move: Protect
|-damage|p2a: Electabuzz|60/100
|
|-damage|p2b: Vinho|0 fnt|[from] psn
|faint|p2b: Vinho
|upkeep
|
|t:|1757681289
|switch|p2b: Primarina|Primarina, L50, F|100/100
|turn|5
|
|t:|1757681307
|move|p2a: Electabuzz|Electroweb|p1b: Gholdengo|[spread] p1a,p1b
|-supereffective|p1a: Weezing
|-damage|p1a: Weezing|23/100
|-damage|p1b: Gholdengo|85/100
|-unboost|p1b: Gholdengo|spe|1
|move|p1b: Gholdengo|Nasty Plot|p1b: Gholdengo
|-boost|p1b: Gholdengo|spa|2
|move|p2b: Primarina|Hyper Voice|p1b: Gholdengo|[spread] p1a
|-immune|p1b: Gholdengo
|-damage|p1a: Weezing|0 fnt
|faint|p1a: Weezing
|-end|p1a: Weezing|ability: Neutralizing Gas
|-damage|p2b: Primarina|91/100|[from] item: Life Orb
|
|upkeep
|
|t:|1757681310
|switch|p1a: Electabuzz|Electabuzz, L50, F|100/100
|turn|6
|
|t:|1757681318
|-terastallize|p2b: Primarina|Grass
|move|p1a: Electabuzz|Follow Me|p1a: Electabuzz
|-singleturn|p1a: Electabuzz|move: Follow Me
|move|p2a: Electabuzz|Electroweb|p1b: Gholdengo|[spread] p1a,p1b
|-resisted|p1a: Electabuzz
|-damage|p1a: Electabuzz|95/100
|-damage|p1b: Gholdengo|67/100
|-unboost|p1a: Electabuzz|spe|1
|-unboost|p1b: Gholdengo|spe|1
|move|p2b: Primarina|Haze|p2b: Primarina
|-clearallboost
|move|p1b: Gholdengo|Make It Rain|p2a: Electabuzz|[spread] p2a,p2b
|-resisted|p2a: Electabuzz
|-damage|p2a: Electabuzz|37/100
|-damage|p2b: Primarina|36/100
|-unboost|p1b: Gholdengo|spa|1
|-damage|p1b: Gholdengo|57/100|[from] item: Life Orb
|
|upkeep
|turn|7
|
|t:|1757681336
|move|p1b: Gholdengo|Protect|p1b: Gholdengo
|-singleturn|p1b: Gholdengo|Protect
|move|p2b: Primarina|Protect|p2b: Primarina
|-singleturn|p2b: Primarina|Protect
|move|p2a: Electabuzz|Electroweb|p1a: Electabuzz|[spread] p1a
|-activate|p1b: Gholdengo|move: Protect
|-resisted|p1a: Electabuzz
|-damage|p1a: Electabuzz|90/100
|-unboost|p1a: Electabuzz|spe|1
|move|p1a: Electabuzz|Electroweb|p2a: Electabuzz|[spread] p2a
|-activate|p2b: Primarina|move: Protect
|-resisted|p2a: Electabuzz
|-damage|p2a: Electabuzz|32/100
|-unboost|p2a: Electabuzz|spe|1
|
|upkeep
|turn|8
|
|t:|1757681342
|switch|p2b: Rillaboom|Rillaboom, L50, M|100/100
|-fieldstart|move: Grassy Terrain|[from] ability: Grassy Surge|[of] p2b: Rillaboom
|move|p1b: Gholdengo|Make It Rain|p2a: Electabuzz|[spread] p2a,p2b
|-resisted|p2a: Electabuzz
|-crit|p2a: Electabuzz
|-damage|p2a: Electabuzz|0 fnt
|-damage|p2b: Rillaboom|69/100
|-unboost|p1b: Gholdengo|spa|1
|faint|p2a: Electabuzz
|-damage|p1b: Gholdengo|47/100|[from] item: Life Orb
|move|p1a: Electabuzz|Electroweb|p2b: Rillaboom
|-resisted|p2b: Rillaboom
|-damage|p2b: Rillaboom|62/100
|-unboost|p2b: Rillaboom|spe|1
|
|-heal|p1b: Gholdengo|53/100|[from] Grassy Terrain
|-heal|p1a: Electabuzz|96/100|[from] Grassy Terrain
|-heal|p2b: Rillaboom|68/100|[from] Grassy Terrain
|upkeep
|
|t:|1757681344
|switch|p2a: Primarina|Primarina, L50, F, tera:Grass|36/100
|turn|9
|
|t:|1757681354
|move|p1b: Gholdengo|Protect|p1b: Gholdengo
|-singleturn|p1b: Gholdengo|Protect
|move|p2a: Primarina|Hyper Voice|p1a: Electabuzz|[spread] p1a
|-activate|p1b: Gholdengo|move: Protect
|-damage|p1a: Electabuzz|57/100
|-damage|p2a: Primarina|26/100|[from] item: Life Orb
|move|p1a: Electabuzz|Electroweb|p2b: Rillaboom|[spread] p2a,p2b
|-resisted|p2a: Primarina
|-resisted|p2b: Rillaboom
|-damage|p2a: Primarina|21/100
|-damage|p2b: Rillaboom|63/100
|-unboost|p2a: Primarina|spe|1
|-unboost|p2b: Rillaboom|spe|1
|move|p2b: Rillaboom|High Horsepower|p1b: Gholdengo
|-activate|p1b: Gholdengo|move: Protect
|
|-heal|p1b: Gholdengo|59/100|[from] Grassy Terrain
|-heal|p1a: Electabuzz|63/100|[from] Grassy Terrain
|-heal|p2b: Rillaboom|69/100|[from] Grassy Terrain
|-heal|p2a: Primarina|27/100|[from] Grassy Terrain
|upkeep
|turn|10
|
|t:|1757681364
|move|p1b: Gholdengo|Nasty Plot|p1b: Gholdengo
|-boost|p1b: Gholdengo|spa|2
|move|p1a: Electabuzz|Electroweb|p2a: Primarina|[spread] p2a,p2b
|-resisted|p2a: Primarina
|-resisted|p2b: Rillaboom
|-damage|p2a: Primarina|21/100
|-damage|p2b: Rillaboom|64/100
|-unboost|p2a: Primarina|spe|1
|-unboost|p2b: Rillaboom|spe|1
|move|p2b: Rillaboom|High Horsepower|p1b: Gholdengo
|-supereffective|p1b: Gholdengo
|-damage|p1b: Gholdengo|0 fnt
|faint|p1b: Gholdengo
|move|p2a: Primarina|Hyper Voice|p1a: Electabuzz
|-damage|p1a: Electabuzz|16/100
|-damage|p2a: Primarina|12/100|[from] item: Life Orb
|
|-heal|p1a: Electabuzz|21/100|[from] Grassy Terrain
|-heal|p2b: Rillaboom|70/100|[from] Grassy Terrain
|-heal|p2a: Primarina|18/100|[from] Grassy Terrain
|upkeep
|turn|11
|
|t:|1757681379
|move|p1a: Electabuzz|Electroweb|p2b: Rillaboom|[spread] p2a,p2b
|-resisted|p2a: Primarina
|-resisted|p2b: Rillaboom
|-damage|p2a: Primarina|12/100
|-damage|p2b: Rillaboom|64/100
|-unboost|p2a: Primarina|spe|1
|-unboost|p2b: Rillaboom|spe|1
|move|p2b: Rillaboom|Wood Hammer|p1a: Electabuzz
|-damage|p1a: Electabuzz|0 fnt
|faint|p1a: Electabuzz
|-damage|p2b: Rillaboom|58/100|[from] Recoil
|
|win|Jupiter69
||Jupiter69 is ready for game 2.
|inactive|Npc red panther has 30 seconds to confirm battle start!
|inactive|Npc red panther has 20 seconds to confirm battle start!
|inactive|Npc red panther has 10 seconds to confirm battle start!
||Npc red panther is ready for game 2.
|uhtml|next|Next: Game 2 of 3
