|j|☆DragonairJordan23
|j|☆TobiYume
|html|DragonairJordan23TobiYume    
|uhtml|bestof|Game 1 of a best-of-3
|t:|1783787829
|gametype|doubles
|player|p1|DragonairJordan23|dancer|1114
|player|p2|TobiYume|cheren-gen5bw2|1193
|gen|9
|tier|[Gen 9 Champions] VGC 2026 Reg M-B (Bo3)
|rated|
|rule|Species Clause: Limit one of each Pokémon
|rule|Item Clause: Limit 1 of each item
|clearpoke
|poke|p1|Vivillon, L50, F|
|poke|p1|Scrafty, L50, M|
|poke|p1|Farigiraf, L50, M|
|poke|p1|Primarina, L50, M|
|poke|p1|Glimmora, L50, F|
|poke|p1|Floette-Eternal, L50, F|
|poke|p2|Charizard, L50, F|
|poke|p2|Garchomp, L50, F|
|poke|p2|Floette-Eternal, L50, F|
|poke|p2|Basculegion, L50, M|
|poke|p2|Whimsicott, L50, F|
|poke|p2|Kingambit, L50, F|
|teampreview|4
|showteam|p1|Vivillon||ChoiceScarf|CompoundEyes|SleepPowder,Hurricane,Tailwind,RagePowder|Timid||F|||50|]Scrafty||Scraftinite|Intimidate|FakeOut,CloseCombat,KnockOff,DragonTail|Adamant||M|||50|]Farigiraf||ColburBerry|ArmorTail|Psychic,Thunderbolt,Protect,TrickRoom|Quiet||M|||50|]Primarina||Leftovers|LiquidVoice|HyperVoice,Moonblast,CalmMind,Protect|Modest||M|||50|]Glimmora||FocusSash|ToxicDebris|PowerGem,SludgeBomb,EarthPower,SpikyShield|Timid||F|||50|]Floette-Eternal||Floettite|FlowerVeil|DazzlingGleam,Moonblast,Substitute,Protect|Timid||F|||50|
|showteam|p2|Charizard||CharizarditeY|SolarPower|HeatWave,WeatherBall,SolarBeam,Protect|Modest||F|||50|]Garchomp||LifeOrb|RoughSkin|DragonClaw,Earthquake,RockSlide,Protect|Jolly||F|||50|]Floette-Eternal||Floettite|FlowerVeil|Moonblast,DazzlingGleam,LightofRuin,Protect|Modest||F|||50|]Basculegion||ChoiceScarf|Adaptability|LastRespects,WaveCrash,AquaJet,FlipTurn|Jolly||M|||50|]Whimsicott||FocusSash|Prankster|Moonblast,Tailwind,Encore,Protect|Timid||F|||50|]Kingambit||ChopleBerry|Defiant|KowtowCleave,SuckerPunch,IronHead,Protect|Adamant||F|||50|
|
|t:|1783787876
|teamsize|p1|4
|teamsize|p2|4
|start
|switch|p1a: Scrafty|Scrafty, L50, M|100/100
|switch|p1b: Farigiraf|Farigiraf, L50, M|100/100
|switch|p2a: Campanella|Whimsicott, L50, F|100/100
|switch|p2b: Duvalie|Garchomp, L50, F|100/100
|-ability|p1a: Scrafty|Intimidate|boost
|-unboost|p2a: Campanella|atk|1
|-unboost|p2b: Duvalie|atk|1
|turn|1
|
|t:|1783787890
|switch|p2b: McBurn|Charizard, L50, F|100/100
|move|p1a: Scrafty|Fake Out|p2a: Campanella
|-damage|p2a: Campanella|82/100
|cant|p2a: Campanella|flinch
|move|p1b: Farigiraf|Trick Room|p1b: Farigiraf
|-fieldstart|move: Trick Room|[of] p1b: Farigiraf
|
|upkeep
|turn|2
|
|t:|1783787911
|switch|p1a: Primarina|Primarina, L50, M|100/100
|detailschange|p2b: McBurn|Charizard-Mega-Y, L50, F
|-mega|p2b: McBurn|Charizard|Charizardite Y
|-weather|SunnyDay|[from] ability: Drought|[of] p2b: McBurn
|move|p1b: Farigiraf|Thunderbolt|p2b: McBurn
|-supereffective|p2b: McBurn|1
|-damage|p2b: McBurn|52/100
|move|p2b: McBurn|Weather Ball|p1b: Farigiraf
|-damage|p1b: Farigiraf|20/100y
|move|p2a: Campanella|Moonblast|p1a: Primarina
|-damage|p1a: Primarina|67/100
|
|-weather|SunnyDay|[upkeep]
|-heal|p1a: Primarina|73/100|[from] item: Leftovers
|upkeep
|turn|3
|
|t:|1783787934
|move|p2b: McBurn|Protect|p2b: McBurn
|-singleturn|p2b: McBurn|Protect
|move|p1b: Farigiraf|Psychic|p2a: Campanella
|-damage|p2a: Campanella|23/100
|move|p1a: Primarina|Hyper Voice|p2b: McBurn|[spread] p2a
|-activate|p2b: McBurn|move: Protect
|-resisted|p2a: Campanella|1
|-damage|p2a: Campanella|8/100
|move|p2a: Campanella|Moonblast|p1b: Farigiraf
|-damage|p1b: Farigiraf|0 fnt
|faint|p1b: Farigiraf
|
|-weather|SunnyDay|[upkeep]
|-heal|p1a: Primarina|79/100|[from] item: Leftovers
|upkeep
|
|t:|1783787953
|switch|p1b: Glimmora|Glimmora, L50, F|100/100
|turn|4
|
|t:|1783787964
|switch|p2b: Duvalie|Garchomp, L50, F|100/100
|move|p2a: Campanella|Protect|p2a: Campanella
|-singleturn|p2a: Campanella|Protect
|move|p1a: Primarina|Hyper Voice|p2b: Duvalie|[spread] p2b
|-activate|p2a: Campanella|move: Protect
|-damage|p2b: Duvalie|82/100
|move|p1b: Glimmora|Earth Power|p2a: Campanella
|-activate|p2a: Campanella|move: Protect
|
|-weather|SunnyDay|[upkeep]
|-heal|p1a: Primarina|85/100|[from] item: Leftovers
|upkeep
|turn|5
|
|t:|1783787987
|switch|p2a: Gilbert|Basculegion, L50, M|100/100
|move|p2b: Duvalie|Protect|p2b: Duvalie
|-singleturn|p2b: Duvalie|Protect
|move|p1a: Primarina|Hyper Voice|p2b: Duvalie|[spread] p2a
|-activate|p2b: Duvalie|move: Protect
|-resisted|p2a: Gilbert|1
|-damage|p2a: Gilbert|90/100
|move|p1b: Glimmora|Power Gem|p2a: Gilbert
|-crit|p2a: Gilbert
|-damage|p2a: Gilbert|22/100
|
|-weather|SunnyDay|[upkeep]
|-heal|p1a: Primarina|90/100|[from] item: Leftovers
|-fieldend|move: Trick Room
|upkeep
|turn|6
|
|t:|1783788021
|switch|p2a: Campanella|Whimsicott, L50, F|8/100
|switch|p1a: Scrafty|Scrafty, L50, M|100/100
|-ability|p1a: Scrafty|Intimidate|boost
|-unboost|p2a: Campanella|atk|1
|-unboost|p2b: Duvalie|atk|1
|move|p1b: Glimmora|Spiky Shield|p1b: Glimmora
|-singleturn|p1b: Glimmora|move: Protect
|move|p2b: Duvalie|Earthquake|p1a: Scrafty|[spread] p2a,p1a
|-activate|p1b: Glimmora|move: Protect
|-resisted|p2a: Campanella|1
|-damage|p2a: Campanella|0 fnt
|-damage|p1a: Scrafty|70/100
|faint|p2a: Campanella
|-damage|p2b: Duvalie|72/100|[from] item: Life Orb
|
|-weather|none
|upkeep
|
|t:|1783788032
|switch|p2a: Gilbert|Basculegion, L50, M|22/100
|turn|7
|
|t:|1783788047
|detailschange|p1a: Scrafty|Scrafty-Mega, L50, M
|-mega|p1a: Scrafty|Scrafty|Scraftinite
|-ability|p1a: Scrafty|Intimidate|boost
|-unboost|p2a: Gilbert|atk|1
|-unboost|p2b: Duvalie|atk|1
|move|p2a: Gilbert|Wave Crash|p1b: Glimmora
|-supereffective|p1b: Glimmora|1
|-enditem|p1b: Glimmora|Focus Sash
|-damage|p1b: Glimmora|1/100
|-activate|p1b: Glimmora|ability: Toxic Debris
|-sidestart|p2: TobiYume|move: Toxic Spikes
|-damage|p2a: Gilbert|0 fnt|[from] Recoil
|faint|p2a: Gilbert
|move|p2b: Duvalie|Earthquake|p1a: Scrafty|[spread] p1a,p1b
|-supereffective|p1b: Glimmora|2
|-damage|p1a: Scrafty|51/100
|-damage|p1b: Glimmora|0 fnt
|-activate|p1b: Glimmora|ability: Toxic Debris
|-sidestart|p2: TobiYume|move: Toxic Spikes
|faint|p1b: Glimmora
|-damage|p2b: Duvalie|62/100|[from] item: Life Orb
|move|p1a: Scrafty|Dragon Tail|p2b: Duvalie
|-supereffective|p2b: Duvalie|1
|-damage|p2b: Duvalie|20/100y
|-damage|p1a: Scrafty|39/100|[from] ability: Rough Skin|[of] p2b: Duvalie
|drag|p2b: McBurn|Charizard-Mega-Y, L50, F|52/100
|-weather|SunnyDay|[from] ability: Drought|[of] p2b: McBurn
|
|-weather|SunnyDay|[upkeep]
|upkeep
|
|t:|1783788061
|switch|p1b: Primarina|Primarina, L50, M|90/100
|switch|p2a: Duvalie|Garchomp, L50, F|20/100y
|-status|p2a: Duvalie|tox
|turn|8
|
|t:|1783788075
|move|p1b: Primarina|Protect|p1b: Primarina
|-singleturn|p1b: Primarina|Protect
|move|p2a: Duvalie|Earthquake|p1b: Primarina|[spread] p1a
|-activate|p1b: Primarina|move: Protect
|-immune|p2b: McBurn
|-damage|p1a: Scrafty|0 fnt
|faint|p1a: Scrafty
|-damage|p2a: Duvalie|10/100 tox|[from] item: Life Orb
|move|p2b: McBurn|Solar Beam||[still]
|-prepare|p2b: McBurn|Solar Beam
|-anim|p2b: McBurn|Solar Beam|p1b: Primarina
|-activate|p1b: Primarina|move: Protect
|
|-weather|SunnyDay|[upkeep]
|-heal|p1b: Primarina|96/100|[from] item: Leftovers
|-damage|p2a: Duvalie|4/100 tox|[from] psn
|upkeep
|turn|9
|
|t:|1783788090
|move|p1b: Primarina|Protect||[still]
|-fail|p1b: Primarina
|move|p2a: Duvalie|Earthquake|p1b: Primarina|[spread] p1b
|-immune|p2b: McBurn
|-damage|p1b: Primarina|46/100
|-damage|p2a: Duvalie|0 fnt|[from] item: Life Orb
|faint|p2a: Duvalie
|move|p2b: McBurn|Solar Beam||[still]
|-prepare|p2b: McBurn|Solar Beam
|-anim|p2b: McBurn|Solar Beam|p1b: Primarina
|-supereffective|p1b: Primarina|1
|-damage|p1b: Primarina|0 fnt
|faint|p1b: Primarina
|
|win|TobiYume
