|j|☆d1mo22
|j|☆Fcjavic67
|html|d1mo22Fcjavic67    
|uhtml|bestof|Game 2 of a best-of-3
|t:|1784293042
|gametype|doubles
|player|p1|d1mo22|skier|1306
|player|p2|Fcjavic67|265|1376
|gen|9
|tier|[Gen 9 Champions] VGC 2026 Reg M-B (Bo3)
|rated|
|rule|Species Clause: Limit one of each Pokémon
|rule|Item Clause: Limit 1 of each item
|clearpoke
|poke|p1|Raichu, L50, F|
|poke|p1|Gyarados, L50, M, shiny|
|poke|p1|Mamoswine, L50, M|
|poke|p1|Ceruledge, L50, M|
|poke|p1|Sinistcha, L50|
|poke|p1|Kingambit, L50, F, shiny|
|poke|p2|Floette-Eternal, L50, F|
|poke|p2|Charizard, L50, F|
|poke|p2|Basculegion, L50, M|
|poke|p2|Garchomp, L50, M|
|poke|p2|Whimsicott, L50, F|
|poke|p2|Kingambit, L50, M|
|teampreview|4
|showteam|p1|Raichu||RaichuniteY|LightningRod|FakeOut,Encore,ZapCannon,FocusBlast|Timid||F|||50|]Gyarados||Gyaradosite|Intimidate|LashOut,Waterfall,DragonDance,Protect|Adamant||M|||50|]Mamoswine||LifeOrb|Oblivious|Protect,IcicleCrash,IceShard,HighHorsepower|Jolly||M|||50|]Ceruledge||ColburBerry|FlashFire|BitterBlade,ShadowSneak,BulkUp,Protect|Adamant||M|||50|]Sinistcha||SitrusBerry|Hospitality|Protect,RagePowder,MatchaGotcha,LifeDew|Bold|||||50|]Kingambit||FocusSash|Defiant|Protect,SuckerPunch,KowtowCleave,IronHead|Adamant||F|||50|
|showteam|p2|Floette-Eternal||Floettite|FlowerVeil|DazzlingGleam,Protect,Moonblast,LightofRuin|Modest||F|||50|]Charizard||CharizarditeY|SolarPower|Protect,SolarBeam,WeatherBall,HeatWave|Modest||F|||50|]Basculegion||ChoiceScarf|Adaptability|FlipTurn,WaveCrash,LastRespects,AquaJet|Jolly||M|||50|]Garchomp||LifeOrb|RoughSkin|Protect,Earthquake,DragonClaw,RockSlide|Jolly||M|||50|]Whimsicott||FocusSash|Prankster|Moonblast,Encore,Protect,Tailwind|Timid||F|||50|]Kingambit||BlackGlasses|Defiant|Protect,KowtowCleave,IronHead,SuckerPunch|Adamant||M|||50|
|inactive|Battle timer is ON: inactive players will automatically lose when time's up. (requested by d1mo22)
|inactive|d1mo22 has 60 seconds left.
|inactive|d1mo22 has 30 seconds left.
|inactive|d1mo22 has 20 seconds left.
|inactive|d1mo22 has 15 seconds left.
|inactive|d1mo22 has 10 seconds left.
|
|t:|1784293124
|teamsize|p1|4
|teamsize|p2|4
|start
|switch|p1a: Raichu|Raichu, L50, F|100/100
|switch|p1b: Gyarados|Gyarados, L50, M, shiny|100/100
|switch|p2a: Whimsicott|Whimsicott, L50, F|100/100
|switch|p2b: Floette|Floette-Eternal, L50, F|100/100
|-ability|p1b: Gyarados|Intimidate|boost
|-block|p2a: Whimsicott|ability: Flower Veil|[of] p2b: Floette
|-unboost|p2b: Floette|atk|1
|turn|1
|inactive|d1mo22 has 30 seconds left.
|
|t:|1784293150
|detailschange|p2b: Floette|Floette-Mega, L50, F
|-mega|p2b: Floette|Floette|Floettite
|-ability|p2b: Floette|Fairy Aura
|move|p1a: Raichu|Fake Out|p2b: Floette
|-damage|p2b: Floette|90/100
|move|p2a: Whimsicott|Tailwind|p2a: Whimsicott
|-sidestart|p2: Fcjavic67|move: Tailwind
|cant|p2b: Floette|flinch
|move|p1b: Gyarados|Dragon Dance|p1b: Gyarados
|-boost|p1b: Gyarados|atk|1
|-boost|p1b: Gyarados|spe|1
|
|upkeep
|turn|2
|inactive|d1mo22 has 30 seconds left.
|inactive|d1mo22 has 20 seconds left.
|
|t:|1784293188
|detailschange|p1a: Raichu|Raichu-Mega-Y, L50, F
|-mega|p1a: Raichu|Raichu|Raichunite Y
|move|p2a: Whimsicott|Moonblast|p1a: Raichu
|-damage|p1a: Raichu|42/100
|move|p2b: Floette|Dazzling Gleam|p1a: Raichu|[spread] p1a,p1b
|-damage|p1a: Raichu|0 fnt
|-damage|p1b: Gyarados|57/100
|faint|p1a: Raichu
|move|p1b: Gyarados|Waterfall|p2a: Whimsicott
|-resisted|p2a: Whimsicott|1
|-damage|p2a: Whimsicott|54/100
|
|upkeep
|
|t:|1784293192
|switch|p1a: Kingambit|Kingambit, L50, F, shiny|100/100
|turn|3
|
|t:|1784293214
|move|p2a: Whimsicott|Moonblast|p1a: Kingambit
|-damage|p1a: Kingambit|42/100
|move|p2b: Floette|Dazzling Gleam|p1b: Gyarados|[spread] p1a,p1b
|-damage|p1a: Kingambit|0 fnt
|-damage|p1b: Gyarados|17/100
|faint|p1a: Kingambit
|move|p1b: Gyarados|Waterfall|p2a: Whimsicott
|-resisted|p2a: Whimsicott|1
|-damage|p2a: Whimsicott|6/100
|
|upkeep
|
|t:|1784293218
|switch|p1a: Mamoswine|Mamoswine, L50, M|100/100
|turn|4
|
|t:|1784293224
|move|p2a: Whimsicott|Protect|p2a: Whimsicott
|-singleturn|p2a: Whimsicott|Protect
|move|p2b: Floette|Dazzling Gleam|p1a: Mamoswine|[spread] p1a,p1b
|-damage|p1a: Mamoswine|22/100
|-damage|p1b: Gyarados|0 fnt
|faint|p1b: Gyarados
|move|p1a: Mamoswine|Icicle Crash|p2b: Floette
|-damage|p2b: Floette|22/100
|-damage|p1a: Mamoswine|12/100|[from] item: Life Orb
|
|-sideend|p2: Fcjavic67|move: Tailwind
|upkeep
|turn|5
|
|t:|1784293230
|move|p2a: Whimsicott|Tailwind|p2a: Whimsicott
|-sidestart|p2: Fcjavic67|move: Tailwind
|move|p1a: Mamoswine|Ice Shard|p2b: Floette
|-damage|p2b: Floette|0 fnt
|faint|p2b: Floette
|-damage|p1a: Mamoswine|3/100|[from] item: Life Orb
|
|upkeep
|
|t:|1784293232
|switch|p2b: Basculegion|Basculegion, L50, M|100/100
|turn|6
|
|t:|1784293235
|move|p1a: Mamoswine|Protect|p1a: Mamoswine
|-singleturn|p1a: Mamoswine|Protect
|move|p2b: Basculegion|Last Respects|p1a: Mamoswine
|-activate|p1a: Mamoswine|move: Protect
|move|p2a: Whimsicott|Moonblast|p1a: Mamoswine
|-activate|p1a: Mamoswine|move: Protect
|
|upkeep
|turn|7
|
|t:|1784293238
|move|p1a: Mamoswine|Ice Shard|p2a: Whimsicott
|-supereffective|p2a: Whimsicott|1
|-damage|p2a: Whimsicott|0 fnt
|faint|p2a: Whimsicott
|-damage|p1a: Mamoswine|0 fnt|[from] item: Life Orb
|faint|p1a: Mamoswine
|
|win|Fcjavic67
|raw|d1mo22's rating: 1306 → 1290(-16 for losing)
|raw|Fcjavic67's rating: 1376 → 1392(+16 for winning)
