|j|☆AyushXD
|j|☆mimikyumumble
|html|AyushXDmimikyumumble    
|uhtml|bestof|Game 3 of a best-of-3
|t:|1785740291
|gametype|doubles
|player|p1|AyushXD|lucas|1196
|player|p2|mimikyumumble|bugcatcher-gen4dp|1223
|gen|9
|tier|[Gen 9 Champions] VGC 2026 Reg M-B (Bo3)
|rated|
|rule|Species Clause: Limit one of each Pokémon
|rule|Item Clause: Limit 1 of each item
|clearpoke
|poke|p1|Gengar, L50, F, shiny|
|poke|p1|Archaludon, L50, F|
|poke|p1|Politoed, L50, M|
|poke|p1|Swampert, L50, M|
|poke|p1|Vivillon, L50, M|
|poke|p1|Incineroar, L50, M|
|poke|p2|Froslass, L50, F|
|poke|p2|Scovillain, L50, F|
|poke|p2|Basculegion, L50, M|
|poke|p2|Kingambit, L50, M|
|poke|p2|Sneasler, L50, M|
|poke|p2|Lycanroc-Dusk, L50, M|
|teampreview|4
|showteam|p1|Gengar||Gengarite|CursedBody|ShadowBall,SludgeBomb,PerishSong,Protect|Modest||F|||50|]Archaludon||Leftovers|Stamina|ElectroShot,DragonPulse,FlashCannon,Protect|Bold||F|||50|]Politoed||SitrusBerry|Drizzle|WeatherBall,Hypnosis,PerishSong,Protect|Calm||M|||50|]Swampert||Swampertite|Torrent|WaveCrash,Earthquake,IcePunch,Protect|Adamant||M|||50|]Vivillon||FocusSash|CompoundEyes|Hurricane,SleepPowder,RagePowder,Protect|Timid||M|||50|]Incineroar||PasshoBerry|Intimidate|ThroatChop,FakeOut,PartingShot,Protect|Impish||M|||50|
|showteam|p2|Froslass||Froslassite|CursedBody|Blizzard,ShadowBall,AuroraVeil,Protect|Modest||F|||50|]Scovillain||Scovillainite|Moody|GigaDrain,Overheat,RagePowder,Protect|Bold||F|||50|]Basculegion||SitrusBerry|Adaptability|WaveCrash,LastRespects,AquaJet,Protect|Adamant||M|||50|]Kingambit||BlackGlasses|Defiant|KowtowCleave,SuckerPunch,SwordsDance,Protect|Adamant||M|||50|]Sneasler||WhiteHerb|Unburden|GunkShot,CloseCombat,Protect,FakeOut|Jolly||M|||50|]Lycanroc-Dusk||FocusSash|ToughClaws|CloseCombat,Accelerock,RockSlide,Protect|Adamant||M|||50|
|inactive|Battle timer is ON: inactive players will automatically lose when time's up. (requested by mimikyumumble)
|
|t:|1785740315
|teamsize|p1|4
|teamsize|p2|4
|start
|switch|p1a: Archaludon|Archaludon, L50, F|100/100
|switch|p1b: Gengar|Gengar, L50, F, shiny|100/100
|switch|p2a: Froslass|Froslass, L50, F|100/100
|switch|p2b: Basculegion|Basculegion, L50, M|100/100
|turn|1
|
|t:|1785740340
|detailschange|p2a: Froslass|Froslass-Mega, L50, F
|-mega|p2a: Froslass|Froslass|Froslassite
|-weather|Snowscape|[from] ability: Snow Warning|[of] p2a: Froslass
|detailschange|p1b: Gengar|Gengar-Mega, L50, F, shiny
|-mega|p1b: Gengar|Gengar|Gengarite
|move|p2a: Froslass|Aurora Veil|p2a: Froslass
|-sidestart|p2: mimikyumumble|move: Aurora Veil
|move|p1b: Gengar|Shadow Ball|p2a: Froslass
|-supereffective|p2a: Froslass|1
|-damage|p2a: Froslass|40/100
|move|p2b: Basculegion|Last Respects|p1b: Gengar
|-supereffective|p1b: Gengar|1
|-damage|p1b: Gengar|15/100
|move|p1a: Archaludon|Dragon Pulse|p2a: Froslass
|-damage|p2a: Froslass|17/100
|
|-weather|Snowscape|[upkeep]
|upkeep
|turn|2
|inactive|mimikyumumble has 30 seconds left.
|
|t:|1785740365
|switch|p2a: Kingambit|Kingambit, L50, M|100/100
|switch|p1b: Politoed|Politoed, L50, M|100/100
|-weather|RainDance|[from] ability: Drizzle|[of] p1b: Politoed
|move|p2b: Basculegion|Last Respects|p1b: Politoed
|-damage|p1b: Politoed|68/100
|move|p1a: Archaludon|Electro Shot||[still]
|-prepare|p1a: Archaludon|Electro Shot
|-boost|p1a: Archaludon|spa|1
|-anim|p1a: Archaludon|Electro Shot|p2a: Kingambit
|-damage|p2a: Kingambit|63/100
|
|-weather|RainDance|[upkeep]
|upkeep
|turn|3
|
|t:|1785740385
|switch|p2b: Froslass|Froslass-Mega, L50, F|17/100
|-weather|Snowscape|[from] ability: Snow Warning|[of] p2b: Froslass
|move|p1a: Archaludon|Flash Cannon|p2b: Froslass
|-supereffective|p2b: Froslass|1
|-damage|p2b: Froslass|0 fnt
|faint|p2b: Froslass
|move|p1b: Politoed|Hypnosis|p2a: Kingambit
|-status|p2a: Kingambit|slp|[from] move: Hypnosis
|cant|p2a: Kingambit|slp
|
|-weather|Snowscape|[upkeep]
|upkeep
|
|t:|1785740395
|switch|p2b: Sneasler|Sneasler, L50, M|100/100
|turn|4
|
|t:|1785740416
|move|p1a: Archaludon|Protect|p1a: Archaludon
|-singleturn|p1a: Archaludon|Protect
|move|p2b: Sneasler|Gunk Shot|p1b: Politoed
|-damage|p1b: Politoed|12/100
|-status|p1b: Politoed|psn
|-enditem|p1b: Politoed|Sitrus Berry|[eat]
|-heal|p1b: Politoed|37/100 psn|[from] item: Sitrus Berry
|move|p1b: Politoed|Perish Song|p1b: Politoed
|-start|p1a: Archaludon|perish3|[silent]
|-start|p1b: Politoed|perish3|[silent]
|-start|p2a: Kingambit|perish3|[silent]
|-start|p2b: Sneasler|perish3|[silent]
|-fieldactivate|move: Perish Song
|cant|p2a: Kingambit|slp
|
|-weather|Snowscape|[upkeep]
|-damage|p1b: Politoed|25/100 psn|[from] psn
|-start|p2b: Sneasler|perish3
|-start|p1a: Archaludon|perish3
|-start|p1b: Politoed|perish3
|-start|p2a: Kingambit|perish3
|upkeep
|turn|5
|inactive|AyushXD has 30 seconds left.
|inactive|mimikyumumble has 30 seconds left.
|inactive|mimikyumumble has 20 seconds left.
|
|t:|1785740452
|switch|p2b: Basculegion|Basculegion, L50, M|100/100
|switch|p1b: Vivillon|Vivillon, L50, M|100/100
|move|p1a: Archaludon|Dragon Pulse|p2b: Basculegion
|-damage|p2b: Basculegion|65/100
|-curestatus|p2a: Kingambit|slp|[msg]
|move|p2a: Kingambit|Kowtow Cleave|p1a: Archaludon
|-damage|p1a: Archaludon|58/100
|-ability|p1a: Archaludon|Stamina|boost
|-boost|p1a: Archaludon|def|1
|
|-weather|Snowscape|[upkeep]
|-heal|p1a: Archaludon|64/100|[from] item: Leftovers
|-start|p1a: Archaludon|perish2
|-start|p2a: Kingambit|perish2
|-sideend|p2: mimikyumumble|move: Aurora Veil
|upkeep
|turn|6
|inactive|mimikyumumble has 30 seconds left.
|
|t:|1785740478
|switch|p1b: Politoed|Politoed, L50, M|25/100 psn
|-weather|RainDance|[from] ability: Drizzle|[of] p1b: Politoed
|switch|p2a: Sneasler|Sneasler, L50, M|100/100
|move|p2b: Basculegion|Protect|p2b: Basculegion
|-singleturn|p2b: Basculegion|Protect
|move|p1a: Archaludon|Electro Shot||[still]
|-prepare|p1a: Archaludon|Electro Shot
|-boost|p1a: Archaludon|spa|1
|-anim|p1a: Archaludon|Electro Shot|p2a: Sneasler
|-damage|p2a: Sneasler|8/100
|
|-weather|RainDance|[upkeep]
|-heal|p1a: Archaludon|70/100|[from] item: Leftovers
|-damage|p1b: Politoed|13/100 psn|[from] psn
|-start|p1a: Archaludon|perish1
|upkeep
|turn|7
|inactive|mimikyumumble has 30 seconds left.
|
|t:|1785740509
|switch|p2a: Kingambit|Kingambit, L50, M|63/100
|switch|p1a: Gengar|Gengar-Mega, L50, F, shiny|15/100
|move|p2b: Basculegion|Last Respects|p1b: Politoed
|-damage|p1b: Politoed|0 fnt
|faint|p1b: Politoed
|
|-weather|RainDance|[upkeep]
|upkeep
|
|t:|1785740524
|switch|p1b: Vivillon|Vivillon, L50, M|100/100
|turn|8
|
|t:|1785740538
|move|p1a: Gengar|Protect|p1a: Gengar
|-singleturn|p1a: Gengar|Protect
|move|p2b: Basculegion|Protect|p2b: Basculegion
|-singleturn|p2b: Basculegion|Protect
|move|p1b: Vivillon|Sleep Powder|p2b: Basculegion
|-activate|p2b: Basculegion|move: Protect
|move|p2a: Kingambit|Kowtow Cleave|p1b: Vivillon
|-enditem|p1b: Vivillon|Focus Sash
|-damage|p1b: Vivillon|1/100
|
|-weather|RainDance|[upkeep]
|upkeep
|turn|9
|
|t:|1785740556
|move|p1b: Vivillon|Rage Powder|p1b: Vivillon
|-singleturn|p1b: Vivillon|move: Rage Powder
|move|p2b: Basculegion|Aqua Jet|p1b: Vivillon
|-damage|p1b: Vivillon|0 fnt
|faint|p1b: Vivillon
|move|p2a: Kingambit|Sucker Punch|p1a: Gengar
|-supereffective|p1a: Gengar|1
|-crit|p1a: Gengar
|-damage|p1a: Gengar|0 fnt
|faint|p1a: Gengar
|
|-weather|RainDance|[upkeep]
|upkeep
|
|t:|1785740561
|switch|p1b: Archaludon|Archaludon, L50, F|70/100
|turn|10
|
|t:|1785740570
|move|p2b: Basculegion|Protect|p2b: Basculegion
|-singleturn|p2b: Basculegion|Protect
|move|p2a: Kingambit|Protect|p2a: Kingambit
|-singleturn|p2a: Kingambit|Protect
|move|p1b: Archaludon|Electro Shot||[still]
|-prepare|p1b: Archaludon|Electro Shot
|-boost|p1b: Archaludon|spa|1
|-anim|p1b: Archaludon|Electro Shot|p2a: Kingambit
|-activate|p2a: Kingambit|move: Protect
|
|-weather|none
|-heal|p1b: Archaludon|76/100|[from] item: Leftovers
|upkeep
|turn|11
|
|t:|1785740583
|switch|p2b: Sneasler|Sneasler, L50, M|8/100
|move|p1b: Archaludon|Protect|p1b: Archaludon
|-singleturn|p1b: Archaludon|Protect
|move|p2a: Kingambit|Swords Dance|p2a: Kingambit
|-boost|p2a: Kingambit|atk|2
|
|-heal|p1b: Archaludon|82/100|[from] item: Leftovers
|upkeep
|turn|12
|
|t:|1785740589
|move|p2b: Sneasler|Close Combat|p1b: Archaludon
|-supereffective|p1b: Archaludon|1
|-damage|p1b: Archaludon|1/100
|-unboost|p2b: Sneasler|def|1
|-unboost|p2b: Sneasler|spd|1
|-ability|p1b: Archaludon|Stamina|boost
|-boost|p1b: Archaludon|def|1
|-enditem|p2b: Sneasler|White Herb
|-clearnegativeboost|p2b: Sneasler|[silent]
|move|p1b: Archaludon|Dragon Pulse|p2b: Sneasler
|-damage|p2b: Sneasler|0 fnt
|faint|p2b: Sneasler
|move|p2a: Kingambit|Kowtow Cleave|p1b: Archaludon
|-crit|p1b: Archaludon
|-damage|p1b: Archaludon|0 fnt
|faint|p1b: Archaludon
|
|win|mimikyumumble
|raw|AyushXD's rating: 1196 → 1173(-23 for losing)
|raw|mimikyumumble's rating: 1223 → 1246(+23 for winning)
|l|☆AyushXD
|player|p1|
|c|☆mimikyumumble|gg
