|j|☆akucintaIndonesia
|j|☆capacete5
|html|akucintaIndonesiacapacete5    
|uhtml|bestof|Game 2 of a best-of-3
|t:|1784396955
|gametype|doubles
|player|p1|akucintaIndonesia|1|1209
|player|p2|capacete5|byron|1115
|gen|9
|tier|[Gen 9 Champions] VGC 2026 Reg M-B (Bo3)
|rated|
|rule|Species Clause: Limit one of each Pokémon
|rule|Item Clause: Limit 1 of each item
|clearpoke
|poke|p1|Tyranitar, L50, F|
|poke|p1|Grimmsnarl, L50, M|
|poke|p1|Archaludon, L50, F|
|poke|p1|Kleavor, L50, M|
|poke|p1|Incineroar, L50, F|
|poke|p1|Garchomp, L50, F|
|poke|p2|Sneasler, L50, F|
|poke|p2|Scovillain, L50, F|
|poke|p2|Kingambit, L50, M|
|poke|p2|Toxapex, L50, F|
|poke|p2|Snorlax, L50, F|
|poke|p2|Basculegion, L50, M|
|teampreview|4
|showteam|p1|Tyranitar||Tyranitarite|SandStream|DragonDance,RockSlide,KnockOff,Protect|Impish||F|||50|]Grimmsnarl||LightClay|Prankster|LightScreen,Reflect,PartingShot,SpiritBreak|Impish||M|||50|]Archaludon||ExpertBelt|Stamina|AuraSphere,FlashCannon,DragonPulse,Protect|Calm||F|||50|]Kleavor||Leftovers|Sharpness|Tailwind,StoneAxe,XScissor,Protect|Jolly||M|||50|]Incineroar||SitrusBerry|Intimidate|FakeOut,DarkestLariat,PartingShot,FlareBlitz|Impish||F|||50|]Garchomp||ChoiceScarf|SandVeil|RockSlide,StompingTantrum,DragonClaw,Earthquake|Serious||F|||50|
|showteam|p2|Sneasler||WhiteHerb|Unburden|CloseCombat,GunkShot,FakeOut,Protect|Adamant||F|||50|]Scovillain||Scovillainite|Moody|Overheat,RagePowder,LeechSeed,Protect|Calm||F|||50|]Kingambit||ChopleBerry|Defiant|KowtowCleave,Protect,LowKick,SuckerPunch|Adamant||M|||50|]Toxapex||Leftovers|Regenerator|Infestation,WideGuard,Recover,Protect|Relaxed||F|||50|]Snorlax||SitrusBerry|ThickFat|Fissure,Yawn,Protect,DoubleEdge|Impish||F|||50|]Basculegion||LifeOrb|Adaptability|WaveCrash,LastRespects,Protect,AquaJet|Adamant||M|||50|
|inactive|Battle timer is ON: inactive players will automatically lose when time's up. (requested by capacete5)
|
|t:|1784396983
|teamsize|p1|4
|teamsize|p2|4
|start
|switch|p1a: Grimmsnarl|Grimmsnarl, L50, M|100/100
|switch|p1b: Incineroar|Incineroar, L50, F|100/100
|switch|p2a: Sneasler|Sneasler, L50, F|100/100
|switch|p2b: Basculegion|Basculegion, L50, M|100/100
|-ability|p1b: Incineroar|Intimidate|boost
|-unboost|p2a: Sneasler|atk|1
|-unboost|p2b: Basculegion|atk|1
|-enditem|p2a: Sneasler|White Herb
|-clearnegativeboost|p2a: Sneasler|[silent]
|turn|1
|
|t:|1784397003
|switch|p2b: Toxapex|Toxapex, L50, F|100/100
|move|p2a: Sneasler|Fake Out|p1b: Incineroar
|-damage|p1b: Incineroar|87/100
|cant|p1b: Incineroar|flinch
|move|p1a: Grimmsnarl|Reflect|p1a: Grimmsnarl
|-sidestart|p1: akucintaIndonesia|Reflect
|
|upkeep
|turn|2
|
|t:|1784397017
|move|p1a: Grimmsnarl|Parting Shot|p2a: Sneasler
|-unboost|p2a: Sneasler|atk|1
|-unboost|p2a: Sneasler|spa|1
|
|t:|1784397030
|switch|p1a: Garchomp|Garchomp, L50, F|100/100|[from] Parting Shot
|move|p2a: Sneasler|Close Combat|p1b: Incineroar
|-supereffective|p1b: Incineroar|1
|-damage|p1b: Incineroar|41/100
|-unboost|p2a: Sneasler|def|1
|-unboost|p2a: Sneasler|spd|1
|-enditem|p1b: Incineroar|Sitrus Berry|[eat]
|-heal|p1b: Incineroar|66/100|[from] item: Sitrus Berry
|move|p1b: Incineroar|Parting Shot|p2a: Sneasler
|-unboost|p2a: Sneasler|atk|1
|-unboost|p2a: Sneasler|spa|1
|
|t:|1784397033
|switch|p1b: Archaludon|Archaludon, L50, F|100/100|[from] Parting Shot
|move|p2b: Toxapex|Infestation|p1a: Garchomp
|-damage|p1a: Garchomp|96/100
|-activate|p1a: Garchomp|move: Infestation|[of] p2b: Toxapex
|
|-damage|p1a: Garchomp|84/100|[from] move: Infestation|[partiallytrapped]
|upkeep
|turn|3
|
|t:|1784397057
|switch|p2a: Basculegion|Basculegion, L50, M|100/100
|switch|p1b: Incineroar|Incineroar, L50, F|66/100
|-ability|p1b: Incineroar|Intimidate|boost
|-unboost|p2a: Basculegion|atk|1
|-unboost|p2b: Toxapex|atk|1
|move|p2b: Toxapex|Protect|p2b: Toxapex
|-singleturn|p2b: Toxapex|Protect
|move|p1a: Garchomp|Stomping Tantrum|p2b: Toxapex
|-activate|p2b: Toxapex|move: Protect
|
|-damage|p1a: Garchomp|72/100|[from] move: Infestation|[partiallytrapped]
|upkeep
|turn|4
|
|t:|1784397080
|switch|p2b: Sneasler|Sneasler, L50, F|100/100
|move|p1a: Garchomp|Stomping Tantrum|p2b: Sneasler
|-supereffective|p2b: Sneasler|1
|-damage|p2b: Sneasler|0 fnt
|faint|p2b: Sneasler
|move|p2a: Basculegion|Wave Crash|p1a: Garchomp
|-damage|p1a: Garchomp|26/100
|-damage|p2a: Basculegion|86/100|[from] Recoil
|-damage|p2a: Basculegion|76/100|[from] item: Life Orb
|move|p1b: Incineroar|Darkest Lariat|p2a: Basculegion
|-supereffective|p2a: Basculegion|1
|-damage|p2a: Basculegion|0 fnt
|faint|p2a: Basculegion
|
|-end|p1a: Garchomp|Infestation|[partiallytrapped]|[silent]
|upkeep
|
|t:|1784397095
|switch|p2b: Kingambit|Kingambit, L50, M|100/100
|switch|p2a: Toxapex|Toxapex, L50, F|100/100
|turn|5
|
|t:|1784397109
|switch|p1a: Grimmsnarl|Grimmsnarl, L50, M|100/100
|move|p2b: Kingambit|Sucker Punch||[still]
|-fail|p2b: Kingambit
|move|p1b: Incineroar|Darkest Lariat|p2a: Toxapex
|-damage|p2a: Toxapex|77/100
|move|p2a: Toxapex|Infestation|p1b: Incineroar
|-damage|p1b: Incineroar|64/100
|-activate|p1b: Incineroar|move: Infestation|[of] p2a: Toxapex
|
|-heal|p2a: Toxapex|82/100|[from] item: Leftovers
|-damage|p1b: Incineroar|52/100|[from] move: Infestation|[partiallytrapped]
|upkeep
|turn|6
|
|t:|1784397132
|move|p2a: Toxapex|Protect|p2a: Toxapex
|-singleturn|p2a: Toxapex|Protect
|move|p1a: Grimmsnarl|Spirit Break|p2a: Toxapex
|-activate|p2a: Toxapex|move: Protect
|move|p1b: Incineroar|Flare Blitz|p2b: Kingambit
|-supereffective|p2b: Kingambit|1
|-damage|p2b: Kingambit|26/100
|-damage|p1b: Incineroar|26/100|[from] Recoil
|move|p2b: Kingambit|Low Kick|p1a: Grimmsnarl
|-damage|p1a: Grimmsnarl|79/100
|
|-heal|p2a: Toxapex|88/100|[from] item: Leftovers
|-damage|p1b: Incineroar|14/100|[from] move: Infestation|[partiallytrapped]
|upkeep
|turn|7
|
|t:|1784397152
|move|p2b: Kingambit|Protect|p2b: Kingambit
|-singleturn|p2b: Kingambit|Protect
|move|p1a: Grimmsnarl|Parting Shot|p2a: Toxapex
|-unboost|p2a: Toxapex|atk|1
|-unboost|p2a: Toxapex|spa|1
|
|t:|1784397157
|switch|p1a: Garchomp|Garchomp, L50, F|26/100|[from] Parting Shot
|move|p1b: Incineroar|Flare Blitz|p2b: Kingambit
|-activate|p2b: Kingambit|move: Protect
|move|p2a: Toxapex|Infestation|p1a: Garchomp
|-damage|p1a: Garchomp|23/100
|-activate|p1a: Garchomp|move: Infestation|[of] p2a: Toxapex
|
|-heal|p2a: Toxapex|94/100|[from] item: Leftovers
|-damage|p1a: Garchomp|11/100|[from] move: Infestation|[partiallytrapped]
|-damage|p1b: Incineroar|2/100|[from] move: Infestation|[partiallytrapped]
|upkeep
|turn|8
|
|t:|1784397177
|move|p2a: Toxapex|Protect|p2a: Toxapex
|-singleturn|p2a: Toxapex|Protect
|move|p2b: Kingambit|Sucker Punch|p1b: Incineroar
|-resisted|p1b: Incineroar|1
|-damage|p1b: Incineroar|0 fnt
|faint|p1b: Incineroar
|move|p1a: Garchomp|Earthquake|p2a: Toxapex|[spread] p2b
|-activate|p2a: Toxapex|move: Protect
|-supereffective|p2b: Kingambit|1
|-damage|p2b: Kingambit|0 fnt
|faint|p2b: Kingambit
|
|-heal|p2a: Toxapex|100/100|[from] item: Leftovers
|-damage|p1a: Garchomp|0 fnt|[from] move: Infestation|[partiallytrapped]
|faint|p1a: Garchomp
|-sideend|p1: akucintaIndonesia|Reflect
|upkeep
|
|t:|1784397183
|switch|p1a: Archaludon|Archaludon, L50, F|100/100
|switch|p1b: Grimmsnarl|Grimmsnarl, L50, M|79/100
|turn|9
|
|t:|1784397196
|move|p1a: Archaludon|Dragon Pulse|p2a: Toxapex
|-damage|p2a: Toxapex|70/100
|move|p1b: Grimmsnarl|Spirit Break|p2a: Toxapex
|-resisted|p2a: Toxapex|1
|-damage|p2a: Toxapex|61/100
|-unboost|p2a: Toxapex|spa|1
|move|p2a: Toxapex|Infestation|p1a: Archaludon
|-resisted|p1a: Archaludon|1
|-damage|p1a: Archaludon|99/100
|-activate|p1a: Archaludon|move: Infestation|[of] p2a: Toxapex
|-ability|p1a: Archaludon|Stamina|boost
|-boost|p1a: Archaludon|def|1
|
|-heal|p2a: Toxapex|66/100|[from] item: Leftovers
|-damage|p1a: Archaludon|87/100|[from] move: Infestation|[partiallytrapped]
|upkeep
|turn|10
|
|t:|1784397213
|move|p1b: Grimmsnarl|Light Screen|p1b: Grimmsnarl
|-sidestart|p1: akucintaIndonesia|move: Light Screen
|move|p1a: Archaludon|Dragon Pulse|p2a: Toxapex
|-damage|p2a: Toxapex|34/100
|move|p2a: Toxapex|Infestation|p1b: Grimmsnarl
|-damage|p1b: Grimmsnarl|78/100
|-activate|p1b: Grimmsnarl|move: Infestation|[of] p2a: Toxapex
|
|-heal|p2a: Toxapex|40/100|[from] item: Leftovers
|-damage|p1a: Archaludon|74/100|[from] move: Infestation|[partiallytrapped]
|-damage|p1b: Grimmsnarl|66/100|[from] move: Infestation|[partiallytrapped]
|upkeep
|turn|11
|
|t:|1784397222
|move|p2a: Toxapex|Protect|p2a: Toxapex
|-singleturn|p2a: Toxapex|Protect
|move|p1a: Archaludon|Dragon Pulse|p2a: Toxapex
|-activate|p2a: Toxapex|move: Protect
|move|p1b: Grimmsnarl|Spirit Break|p2a: Toxapex
|-activate|p2a: Toxapex|move: Protect
|
|-heal|p2a: Toxapex|45/100|[from] item: Leftovers
|-damage|p1a: Archaludon|62/100|[from] move: Infestation|[partiallytrapped]
|-damage|p1b: Grimmsnarl|53/100|[from] move: Infestation|[partiallytrapped]
|upkeep
|turn|12
|
|t:|1784397234
|move|p1a: Archaludon|Dragon Pulse|p2a: Toxapex
|-damage|p2a: Toxapex|15/100
|move|p1b: Grimmsnarl|Spirit Break|p2a: Toxapex
|-resisted|p2a: Toxapex|1
|-damage|p2a: Toxapex|4/100
|-unboost|p2a: Toxapex|spa|1
|move|p2a: Toxapex|Recover|p2a: Toxapex
|-heal|p2a: Toxapex|54/100
|
|-heal|p2a: Toxapex|60/100|[from] item: Leftovers
|-damage|p1a: Archaludon|50/100y|[from] move: Infestation|[partiallytrapped]
|-damage|p1b: Grimmsnarl|41/100|[from] move: Infestation|[partiallytrapped]
|upkeep
|turn|13
|
|t:|1784397249
|move|p2a: Toxapex|Protect|p2a: Toxapex
|-singleturn|p2a: Toxapex|Protect
|move|p1a: Archaludon|Dragon Pulse|p2a: Toxapex
|-activate|p2a: Toxapex|move: Protect
|move|p1b: Grimmsnarl|Spirit Break|p2a: Toxapex
|-activate|p2a: Toxapex|move: Protect
|
|-heal|p2a: Toxapex|66/100|[from] item: Leftovers
|-end|p1a: Archaludon|Infestation|[partiallytrapped]
|-damage|p1b: Grimmsnarl|29/100|[from] move: Infestation|[partiallytrapped]
|upkeep
|turn|14
|
|t:|1784397259
|move|p2a: Toxapex|Wide Guard|p2a: Toxapex
|-singleturn|p2a: Toxapex|Wide Guard
|move|p1a: Archaludon|Dragon Pulse|p2a: Toxapex
|-damage|p2a: Toxapex|33/100
|move|p1b: Grimmsnarl|Spirit Break|p2a: Toxapex
|-resisted|p2a: Toxapex|1
|-damage|p2a: Toxapex|22/100
|-unboost|p2a: Toxapex|spa|1
|
|-heal|p2a: Toxapex|28/100|[from] item: Leftovers
|-end|p1b: Grimmsnarl|Infestation|[partiallytrapped]
|upkeep
|turn|15
|
|t:|1784397271
|move|p1a: Archaludon|Dragon Pulse|p2a: Toxapex
|-damage|p2a: Toxapex|0 fnt
|faint|p2a: Toxapex
|
|win|akucintaIndonesia
