|j|☆baarboo
|j|☆usabby
|html|baarboousabby    
|uhtml|bestof|Game 2 of a best-of-3
|t:|1783624148
|gametype|doubles
|player|p1|baarboo|102|1366
|player|p2|usabby|elesa|1451
|gen|9
|tier|[Gen 9 Champions] VGC 2026 Reg M-B (Bo3)
|rated|
|rule|Species Clause: Limit one of each Pokémon
|rule|Item Clause: Limit 1 of each item
|clearpoke
|poke|p1|Charizard, L50, F|
|poke|p1|Kingambit, L50, M|
|poke|p1|Sylveon, L50, M|
|poke|p1|Farigiraf, L50, M|
|poke|p1|Garchomp, L50, M|
|poke|p1|Aerodactyl, L50, M|
|poke|p2|Charizard, L50, F|
|poke|p2|Garchomp, L50, F|
|poke|p2|Whimsicott, L50, M|
|poke|p2|Kingambit, L50, F|
|poke|p2|Basculegion, L50, M|
|poke|p2|Sylveon, L50, M|
|teampreview|4
|showteam|p1|Charizard||CharizarditeY|SolarPower|SolarBeam,WeatherBall,Protect,HeatWave|Modest||F|||50|]Kingambit||FocusSash|Defiant|KowtowCleave,SuckerPunch,LowKick,IronHead|Adamant||M|||50|]Sylveon||FairyFeather|Pixilate|Detect,HyperBeam,HyperVoice,QuickAttack|Modest||M|||50|]Farigiraf||SitrusBerry|ArmorTail|TrickRoom,TwinBeam,GrassKnot,Thunderbolt|Bold||M|||50|]Garchomp||LifeOrb|RoughSkin|Protect,Earthquake,DragonClaw,StompingTantrum|Jolly||M|||50|]Aerodactyl||Aerodactylite|Unnerve|RockSlide,IceFang,Tailwind,DualWingbeat|Jolly||M|||50|
|showteam|p2|Charizard||CharizarditeY|Blaze|HeatWave,SolarBeam,WeatherBall,Protect|Modest||F|||50|]Garchomp||LifeOrb|RoughSkin|DragonClaw,Earthquake,RockSlide,Protect|Jolly||F|||50|]Whimsicott||FocusSash|Prankster|Moonblast,Tailwind,Encore,Protect|Timid||M|||50|]Kingambit||ChopleBerry|Defiant|KowtowCleave,SuckerPunch,IronHead,Protect|Adamant||F|||50|]Basculegion||MysticWater|Adaptability|WaveCrash,AquaJet,Protect,LastRespects|Adamant||M|||50|]Sylveon||FairyFeather|Pixilate|HyperVoice,HyperBeam,QuickAttack,Detect|Modest||M|||50|
|inactive|Battle timer is ON: inactive players will automatically lose when time's up. (requested by baarboo)
|
|t:|1783624167
|teamsize|p1|4
|teamsize|p2|4
|start
|switch|p1a: Farigiraf|Farigiraf, L50, M|100/100
|switch|p1b: Charizard|Charizard, L50, F|100/100
|switch|p2a: Whimsicott|Whimsicott, L50, M|100/100
|switch|p2b: Basculegion|Basculegion, L50, M|100/100
|turn|1
|
|t:|1783624180
|switch|p2a: Charizard|Charizard, L50, F|100/100
|move|p1b: Charizard|Protect|p1b: Charizard
|-singleturn|p1b: Charizard|Protect
|move|p2b: Basculegion|Wave Crash|p1b: Charizard
|-activate|p1b: Charizard|move: Protect
|move|p1a: Farigiraf|Trick Room|p1a: Farigiraf
|-fieldstart|move: Trick Room|[of] p1a: Farigiraf
|
|upkeep
|turn|2
|
|t:|1783624209
|detailschange|p1b: Charizard|Charizard-Mega-Y, L50, F
|-mega|p1b: Charizard|Charizard|Charizardite Y
|-weather|SunnyDay|[from] ability: Drought|[of] p1b: Charizard
|move|p2b: Basculegion|Protect|p2b: Basculegion
|-singleturn|p2b: Basculegion|Protect
|move|p2a: Charizard|Protect|p2a: Charizard
|-singleturn|p2a: Charizard|Protect
|move|p1a: Farigiraf|Thunderbolt|p2a: Charizard
|-activate|p2a: Charizard|move: Protect
|move|p1b: Charizard|Solar Beam||[still]
|-prepare|p1b: Charizard|Solar Beam
|-anim|p1b: Charizard|Solar Beam|p2b: Basculegion
|-activate|p2b: Basculegion|move: Protect
|
|-weather|SunnyDay|[upkeep]
|upkeep
|turn|3
|
|t:|1783624225
|switch|p2a: Garchomp|Garchomp, L50, F|100/100
|move|p1a: Farigiraf|Thunderbolt|p2a: Garchomp
|-immune|p2a: Garchomp
|move|p2b: Basculegion|Wave Crash|p1b: Charizard
|-supereffective|p1b: Charizard|1
|-damage|p1b: Charizard|7/100
|-damage|p2b: Basculegion|72/100|[from] Recoil
|move|p1b: Charizard|Heat Wave|p2a: Garchomp|[spread] p2a,p2b
|-resisted|p2a: Garchomp|1
|-resisted|p2b: Basculegion|1
|-damage|p2a: Garchomp|68/100
|-damage|p2b: Basculegion|35/100
|-status|p2b: Basculegion|brn
|
|-weather|SunnyDay|[upkeep]
|-damage|p2b: Basculegion|29/100 brn|[from] brn
|upkeep
|turn|4
|
|t:|1783624242
|move|p2b: Basculegion|Protect|p2b: Basculegion
|-singleturn|p2b: Basculegion|Protect
|move|p2a: Garchomp|Protect|p2a: Garchomp
|-singleturn|p2a: Garchomp|Protect
|move|p1a: Farigiraf|Thunderbolt|p2b: Basculegion
|-activate|p2b: Basculegion|move: Protect
|move|p1b: Charizard|Solar Beam||[still]
|-prepare|p1b: Charizard|Solar Beam
|-anim|p1b: Charizard|Solar Beam|p2a: Garchomp
|-activate|p2a: Garchomp|move: Protect
|
|-weather|SunnyDay|[upkeep]
|-damage|p2b: Basculegion|23/100 brn|[from] brn
|upkeep
|turn|5
|
|t:|1783624259
|switch|p2a: Charizard|Charizard, L50, F|100/100
|move|p1a: Farigiraf|Thunderbolt|p2b: Basculegion
|-supereffective|p2b: Basculegion|1
|-damage|p2b: Basculegion|0 fnt
|faint|p2b: Basculegion
|move|p1b: Charizard|Solar Beam||[still]
|-prepare|p1b: Charizard|Solar Beam
|-anim|p1b: Charizard|Solar Beam|p2a: Charizard
|-resisted|p2a: Charizard|2
|-damage|p2a: Charizard|87/100
|
|-weather|SunnyDay|[upkeep]
|-fieldend|move: Trick Room
|upkeep
|
|t:|1783624268
|switch|p2b: Garchomp|Garchomp, L50, F|68/100
|turn|6
|
|t:|1783624279
|detailschange|p2a: Charizard|Charizard-Mega-Y, L50, F
|-mega|p2a: Charizard|Charizard|Charizardite Y
|move|p2b: Garchomp|Dragon Claw|p1a: Farigiraf
|-damage|p1a: Farigiraf|56/100
|-damage|p2b: Garchomp|59/100|[from] item: Life Orb
|move|p1b: Charizard|Heat Wave|p2b: Garchomp|[spread] p2a,p2b
|-resisted|p2a: Charizard|1
|-resisted|p2b: Garchomp|1
|-damage|p2a: Charizard|59/100
|-damage|p2b: Garchomp|25/100
|move|p2a: Charizard|Weather Ball|p1a: Farigiraf
|-damage|p1a: Farigiraf|0 fnt
|faint|p1a: Farigiraf
|
|-weather|none
|upkeep
|
|t:|1783624282
|switch|p1a: Sylveon|Sylveon, L50, M|100/100
|turn|7
|
|t:|1783624293
|move|p1b: Charizard|Protect|p1b: Charizard
|-singleturn|p1b: Charizard|Protect
|move|p2b: Garchomp|Earthquake|p1a: Sylveon|[spread] p1a
|-activate|p1b: Charizard|move: Protect
|-immune|p2a: Charizard
|-damage|p1a: Sylveon|46/100
|-damage|p2b: Garchomp|15/100|[from] item: Life Orb
|move|p2a: Charizard|Heat Wave|p1b: Charizard|[spread] p1a
|-activate|p1b: Charizard|move: Protect
|-damage|p1a: Sylveon|12/100
|move|p1a: Sylveon|Hyper Voice|p2b: Garchomp|[spread] p2a,p2b
|-resisted|p2a: Charizard|1
|-supereffective|p2b: Garchomp|1
|-damage|p2a: Charizard|40/100
|-damage|p2b: Garchomp|0 fnt
|faint|p2b: Garchomp
|
|upkeep
|
|t:|1783624306
|switch|p2b: Whimsicott|Whimsicott, L50, M|100/100
|turn|8
|
|t:|1783624312
|move|p2b: Whimsicott|Encore|p1b: Charizard
|-start|p1b: Charizard|Encore
|move|p1b: Charizard|Protect|p1b: Charizard
|-singleturn|p1b: Charizard|Protect
|move|p1a: Sylveon|Quick Attack|p2b: Whimsicott
|-damage|p2b: Whimsicott|79/100
|move|p2a: Charizard|Heat Wave|p1a: Sylveon|[spread] p1a
|-activate|p1b: Charizard|move: Protect
|-damage|p1a: Sylveon|0 fnt
|faint|p1a: Sylveon
|
|upkeep
|
|t:|1783624316
|switch|p1a: Kingambit|Kingambit, L50, M|100/100
|turn|9
|
|t:|1783624326
|move|p2b: Whimsicott|Protect|p2b: Whimsicott
|-singleturn|p2b: Whimsicott|Protect
|move|p1b: Charizard|Protect||[still]
|-fail|p1b: Charizard
|move|p2a: Charizard|Heat Wave|p1b: Charizard|[spread] p1a,p1b
|-supereffective|p1a: Kingambit|1
|-resisted|p1b: Charizard|1
|-damage|p1a: Kingambit|3/100
|-damage|p1b: Charizard|0 fnt
|faint|p1b: Charizard
|move|p1a: Kingambit|Iron Head|p2b: Whimsicott
|-activate|p2b: Whimsicott|move: Protect
|
|upkeep
|turn|10
|
|t:|1783624339
|move|p1a: Kingambit|Sucker Punch|p2a: Charizard
|-damage|p2a: Charizard|0 fnt
|faint|p2a: Charizard
|move|p2b: Whimsicott|Moonblast|p1a: Kingambit
|-damage|p1a: Kingambit|0 fnt
|faint|p1a: Kingambit
|
|win|usabby
|raw|baarboo's rating: 1366 → 1351(-15 for losing)
|raw|usabby's rating: 1451 → 1466(+15 for winning)
|l|☆usabby
|player|p2|
