|j|☆SomeKidJon
|j|☆Prepucio Perez
|html|SomeKidJonPrepucio Perez    
|uhtml|bestof|Game 3 of a best-of-3
|t:|1782754235
|gametype|doubles
|player|p1|SomeKidJon|scientistf|1392
|player|p2|Prepucio Perez|265|1336
|gen|9
|tier|[Gen 9 Champions] VGC 2026 Reg M-B (Bo3)
|rated|
|rule|Species Clause: Limit one of each Pokémon
|rule|Item Clause: Limit 1 of each item
|clearpoke
|poke|p1|Camerupt, L50, F|
|poke|p1|Farigiraf, L50, F, shiny|
|poke|p1|Incineroar, L50, M|
|poke|p1|Primarina, L50, F|
|poke|p1|Ninetales-Alola, L50, M|
|poke|p1|Pinsir, L50, M|
|poke|p2|Incineroar, L50, M|
|poke|p2|Sinistcha-Masterpiece, L50, shiny|
|poke|p2|Floette-Eternal, L50, F|
|poke|p2|Kingambit, L50, M|
|poke|p2|Sneasler, L50, M|
|poke|p2|Delphox, L50, M, shiny|
|teampreview|4
|showteam|p1|Camerupt||Cameruptite|SolidRock|Protect,AncientPower,EarthPower,HeatWave|Quiet||F|||50|]Farigiraf||SitrusBerry|ArmorTail|Thunderbolt,TrickRoom,DazzlingGleam,Protect|Calm||F|||50|]Incineroar||PasshoBerry|Intimidate|PartingShot,FakeOut,FlareBlitz,ThroatChop|Careful||M|||50|]Primarina||Leftovers|LiquidVoice|HyperVoice,Protect,Moonblast,CalmMind|Modest||F|||50|]Ninetales-Alola||LightClay|SnowWarning|FreezeDry,Blizzard,Protect,AuroraVeil|Timid||M|||50|]Pinsir||Pinsirite|HyperCutter|Protect,Feint,BodySlam,CloseCombat|Jolly||M|||50|
|showteam|p2|Incineroar||SitrusBerry|Intimidate|FakeOut,PartingShot,ThroatChop,FlareBlitz|Careful||M|||50|]Sinistcha-Masterpiece||KasibBerry|Hospitality|MatchaGotcha,LifeDew,RagePowder,TrickRoom|Bold|||||50|]Floette-Eternal||Floettite|FlowerVeil|Moonblast,DazzlingGleam,CalmMind,Protect|Modest||F|||50|]Kingambit||BlackGlasses|Defiant|KowtowCleave,SuckerPunch,SwordsDance,Protect|Adamant||M|||50|]Sneasler||FocusSash|PoisonTouch|FakeOut,CloseCombat,DireClaw,QuickGuard|Jolly||M|||50|]Delphox||Delphoxite|Blaze|HeatWave,Psyshock,NastyPlot,Protect|Timid||M|||50|
|
|t:|1782754271
|teamsize|p1|4
|teamsize|p2|4
|start
|switch|p1a: Camerupt|Camerupt, L50, F|100/100
|switch|p1b: Ninetales|Ninetales-Alola, L50, M|100/100
|switch|p2a: Incineroar|Incineroar, L50, M|100/100
|switch|p2b: Kingambit|Kingambit, L50, M|100/100
|-weather|Snowscape|[from] ability: Snow Warning|[of] p1b: Ninetales
|-ability|p2a: Incineroar|Intimidate|boost
|-unboost|p1a: Camerupt|atk|1
|-unboost|p1b: Ninetales|atk|1
|turn|1
|
|t:|1782754283
|detailschange|p1a: Camerupt|Camerupt-Mega, L50, F
|-mega|p1a: Camerupt|Camerupt|Cameruptite
|move|p2a: Incineroar|Fake Out|p1a: Camerupt
|-damage|p1a: Camerupt|88/100
|move|p1b: Ninetales|Aurora Veil|p1b: Ninetales
|-sidestart|p1: SomeKidJon|move: Aurora Veil
|move|p2b: Kingambit|Swords Dance|p2b: Kingambit
|-boost|p2b: Kingambit|atk|2
|cant|p1a: Camerupt|flinch
|
|-weather|Snowscape|[upkeep]
|upkeep
|turn|2
|
|t:|1782754309
|switch|p1b: Primarina|Primarina, L50, F|100/100
|move|p2a: Incineroar|Parting Shot|p1b: Primarina
|-unboost|p1b: Primarina|atk|1
|-unboost|p1b: Primarina|spa|1
|
|t:|1782754313
|switch|p2a: Floette|Floette-Eternal, L50, F|100/100|[from] Parting Shot
|move|p2b: Kingambit|Kowtow Cleave|p1a: Camerupt
|-damage|p1a: Camerupt|3/100
|move|p1a: Camerupt|Earth Power|p2b: Kingambit
|-supereffective|p2b: Kingambit|1
|-damage|p2b: Kingambit|0 fnt
|faint|p2b: Kingambit
|
|-weather|Snowscape|[upkeep]
|upkeep
|
|t:|1782754316
|switch|p2b: Incineroar|Incineroar, L50, M|100/100
|-ability|p2b: Incineroar|Intimidate|boost
|-unboost|p1a: Camerupt|atk|1
|-unboost|p1b: Primarina|atk|1
|turn|3
|
|t:|1782754326
|switch|p1a: Farigiraf|Farigiraf, L50, F, shiny|100/100
|detailschange|p2a: Floette|Floette-Mega, L50, F
|-mega|p2a: Floette|Floette|Floettite
|-ability|p2a: Floette|Fairy Aura
|move|p2a: Floette|Dazzling Gleam|p1b: Primarina|[spread] p1a,p1b
|-damage|p1a: Farigiraf|73/100
|-damage|p1b: Primarina|70/100
|move|p2b: Incineroar|Parting Shot|p1b: Primarina
|-unboost|p1b: Primarina|atk|1
|-unboost|p1b: Primarina|spa|1
|
|t:|1782754333
|switch|p2b: Sinistcha|Sinistcha-Masterpiece, L50, shiny|100/100|[from] Parting Shot
|move|p1b: Primarina|Calm Mind|p1b: Primarina
|-boost|p1b: Primarina|spa|1
|-boost|p1b: Primarina|spd|1
|
|-weather|Snowscape|[upkeep]
|-heal|p1b: Primarina|76/100|[from] item: Leftovers
|upkeep
|turn|4
|
|t:|1782754343
|move|p2a: Floette|Moonblast|p1a: Farigiraf
|-damage|p1a: Farigiraf|33/100
|-enditem|p1a: Farigiraf|Sitrus Berry|[eat]
|-heal|p1a: Farigiraf|58/100|[from] item: Sitrus Berry
|move|p2b: Sinistcha|Matcha Gotcha|p1a: Farigiraf|[spread] p1a,p1b
|-supereffective|p1b: Primarina|1
|-damage|p1a: Farigiraf|45/100
|-damage|p1b: Primarina|58/100
|-status|p1b: Primarina|brn
|move|p1b: Primarina|Calm Mind|p1b: Primarina
|-boost|p1b: Primarina|spa|1
|-boost|p1b: Primarina|spd|1
|move|p1a: Farigiraf|Trick Room|p1a: Farigiraf
|-fieldstart|move: Trick Room|[of] p1a: Farigiraf
|
|-weather|Snowscape|[upkeep]
|-heal|p1b: Primarina|64/100 brn|[from] item: Leftovers
|-damage|p1b: Primarina|58/100 brn|[from] brn
|upkeep
|turn|5
|
|t:|1782754360
|move|p1a: Farigiraf|Dazzling Gleam|p2a: Floette|[spread] p2a,p2b
|-damage|p2a: Floette|85/100
|-damage|p2b: Sinistcha|81/100
|move|p1b: Primarina|Calm Mind|p1b: Primarina
|-boost|p1b: Primarina|spa|1
|-boost|p1b: Primarina|spd|1
|move|p2a: Floette|Calm Mind|p2a: Floette
|-boost|p2a: Floette|spa|1
|-boost|p2a: Floette|spd|1
|move|p2b: Sinistcha|Trick Room|p2b: Sinistcha
|-fieldend|move: Trick Room
|
|-weather|none
|-heal|p1b: Primarina|64/100 brn|[from] item: Leftovers
|-damage|p1b: Primarina|58/100 brn|[from] brn
|upkeep
|turn|6
|
|t:|1782754368
|move|p1a: Farigiraf|Protect|p1a: Farigiraf
|-singleturn|p1a: Farigiraf|Protect
|move|p2a: Floette|Dazzling Gleam|p1b: Primarina|[spread] p1b
|-activate|p1a: Farigiraf|move: Protect
|-damage|p1b: Primarina|41/100 brn
|move|p2b: Sinistcha|Matcha Gotcha|p1b: Primarina|[spread] p1b
|-activate|p1a: Farigiraf|move: Protect
|-supereffective|p1b: Primarina|1
|-crit|p1b: Primarina
|-damage|p1b: Primarina|0 fnt
|-heal|p2b: Sinistcha|100/100|[from] drain|[of] p1b: Primarina
|faint|p1b: Primarina
|
|upkeep
|
|t:|1782754373
|switch|p1b: Ninetales|Ninetales-Alola, L50, M|100/100
|-weather|Snowscape|[from] ability: Snow Warning|[of] p1b: Ninetales
|turn|7
|
|t:|1782754381
|switch|p2b: Incineroar|Incineroar, L50, M|100/100
|-ability|p2b: Incineroar|Intimidate|boost
|-unboost|p1a: Farigiraf|atk|1
|-unboost|p1b: Ninetales|atk|1
|move|p1b: Ninetales|Blizzard|p2a: Floette|[spread] p2a,p2b
|-crit|p2a: Floette
|-resisted|p2b: Incineroar|1
|-crit|p2b: Incineroar
|-damage|p2a: Floette|56/100
|-damage|p2b: Incineroar|84/100
|move|p2a: Floette|Moonblast|p1a: Farigiraf
|-damage|p1a: Farigiraf|0 fnt
|faint|p1a: Farigiraf
|
|-weather|Snowscape|[upkeep]
|upkeep
|
|t:|1782754383
|switch|p1a: Camerupt|Camerupt-Mega, L50, F|3/100
|turn|8
|-message|SomeKidJon forfeited.
|
|win|Prepucio Perez
