|j|☆sidhuistic
|j|☆odio esta reg
|html|sidhuisticodio esta reg    
|uhtml|bestof|Game 1 of a best-of-3
|t:|1785499150
|gametype|doubles
|player|p1|sidhuistic|richboy-gen4|1170
|player|p2|odio esta reg|101|1132
|gen|9
|tier|[Gen 9 Champions] VGC 2026 Reg M-B (Bo3)
|rated|
|rule|Species Clause: Limit one of each Pokémon
|rule|Item Clause: Limit 1 of each item
|clearpoke
|poke|p1|Charizard, L50, M|
|poke|p1|Dragonite, L50, F|
|poke|p1|Venusaur, L50, M|
|poke|p1|Tauros-Paldea-Aqua, L50, M|
|poke|p1|Snorlax, L50, M|
|poke|p1|Aerodactyl, L50, F|
|poke|p2|Charizard, L50, M|
|poke|p2|Garchomp, L50, M|
|poke|p2|Incineroar, L50, M|
|poke|p2|Venusaur, L50, M|
|poke|p2|Toxapex, L50, M|
|poke|p2|Sylveon, L50, M|
|teampreview|4
|showteam|p1|Charizard||CharizarditeY|SolarPower|HeatWave,WeatherBall,HelpingHand,Protect|Modest||M|||50|]Dragonite||Dragoninite|InnerFocus|Thunderbolt,DragonPulse,HeatWave,Protect|Modest||F|||50|]Venusaur||LifeOrb|Chlorophyll|SolarBeam,EarthPower,SleepPowder,Protect|Modest||M|||50|]Tauros-Paldea-Aqua||MysticWater|Intimidate|AquaJet,CloseCombat,WaveCrash,Protect|Serious||M|||50|]Snorlax||Leftovers|ThickFat|DoubleEdge,Yawn,Fissure,Protect|Brave||M|||50|]Aerodactyl||FocusSash|Unnerve|Tailwind,RockSlide,DualWingbeat,Protect|Jolly||F|||50|
|showteam|p2|Charizard||CharizarditeY|SolarPower|WeatherBall,HeatWave,AncientPower,Protect|Modest||M|||50|]Garchomp||ChoiceScarf|RoughSkin|RockSlide,DragonClaw,Earthquake,StompingTantrum|Adamant||M|||50|]Incineroar||SitrusBerry|Intimidate|FlareBlitz,FakeOut,DarkestLariat,PartingShot|Impish||M|||50|]Venusaur||LifeOrb|Chlorophyll|SludgeBomb,LeafStorm,EarthPower,Protect|Modest||M|||50|]Toxapex||Leftovers|Regenerator|Infestation,Toxic,WideGuard,BanefulBunker|Bold||M|||50|]Sylveon||FairyFeather|Pixilate|HyperVoice,QuickAttack,Yawn,Detect|Modest||M|||50|
|inactive|Battle timer is ON: inactive players will automatically lose when time's up. (requested by odio esta reg)
|inactive|sidhuistic has 60 seconds left.
|inactive|odio esta reg has 60 seconds left.
|
|t:|1785499205
|teamsize|p1|4
|teamsize|p2|4
|start
|switch|p1a: Dragonite|Dragonite, L50, F|100/100
|switch|p1b: Aerodactyl|Aerodactyl, L50, F|100/100
|switch|p2a: Garchomp|Garchomp, L50, M|100/100
|switch|p2b: Incineroar|Incineroar, L50, M|100/100
|-ability|p1b: Aerodactyl|Unnerve
|-ability|p2b: Incineroar|Intimidate|boost
|-fail|p1a: Dragonite|unboost|Attack|[from] ability: Inner Focus|[of] p1a: Dragonite
|-unboost|p1b: Aerodactyl|atk|1
|turn|1
|c|☆sidhuistic|btw i am runnin only kanto mons
|c|☆odio esta reg|i see that
|inactive|sidhuistic has 30 seconds left.
|c|☆odio esta reg|well
|
|t:|1785499233
|switch|p1b: Tauros|Tauros-Paldea-Aqua, L50, M|100/100
|-ability|p1b: Tauros|Intimidate|boost
|-unboost|p2a: Garchomp|atk|1
|-unboost|p2b: Incineroar|atk|1
|detailschange|p1a: Dragonite|Dragonite-Mega, L50, F
|-mega|p1a: Dragonite|Dragonite|Dragoninite
|move|p2b: Incineroar|Fake Out|p1a: Dragonite
|-crit|p1a: Dragonite
|-damage|p1a: Dragonite|92/100
|move|p2a: Garchomp|Rock Slide|p1a: Dragonite|[spread] p1a,p1b
|-supereffective|p1a: Dragonite|1
|-resisted|p1b: Tauros|1
|-damage|p1a: Dragonite|63/100
|-damage|p1b: Tauros|92/100
|cant|p1a: Dragonite|flinch
|
|upkeep
|turn|2
|c|☆odio esta reg|tauros paldea its not so kanto mon
|c|☆odio esta reg|xd
|inactive|odio esta reg has 30 seconds left.
|
|t:|1785499259
|switch|p2b: Venusaur|Venusaur, L50, M|100/100
|move|p2a: Garchomp|Rock Slide|p1b: Tauros|[spread] p1a,p1b
|-supereffective|p1a: Dragonite|1
|-resisted|p1b: Tauros|1
|-damage|p1a: Dragonite|36/100
|-damage|p1b: Tauros|84/100
|move|p1a: Dragonite|Dragon Pulse|p2a: Garchomp
|-supereffective|p2a: Garchomp|1
|-damage|p2a: Garchomp|0 fnt
|faint|p2a: Garchomp
|move|p1b: Tauros|Wave Crash|p2b: Venusaur
|-resisted|p2b: Venusaur|1
|-damage|p2b: Venusaur|60/100
|-damage|p1b: Tauros|70/100|[from] Recoil
|
|upkeep
|c|☆sidhuistic|bro it is
|c|☆sidhuistic|check its pokedex no
|
|t:|1785499274
|switch|p2a: Charizard|Charizard, L50, M|100/100
|turn|3
|inactive|odio esta reg has 30 seconds left.
|
|t:|1785499302
|switch|p1b: Snorlax|Snorlax, L50, M|100/100
|detailschange|p2a: Charizard|Charizard-Mega-Y, L50, M
|-mega|p2a: Charizard|Charizard|Charizardite Y
|-weather|SunnyDay|[from] ability: Drought|[of] p2a: Charizard
|move|p2b: Venusaur|Sludge Bomb|p1b: Snorlax
|-damage|p1b: Snorlax|62/100
|-damage|p2b: Venusaur|50/100g|[from] item: Life Orb
|move|p1a: Dragonite|Heat Wave|p2b: Venusaur|[spread] p2a,p2b
|-resisted|p2a: Charizard|1
|-supereffective|p2b: Venusaur|1
|-damage|p2a: Charizard|81/100
|-damage|p2b: Venusaur|0 fnt
|faint|p2b: Venusaur
|move|p2a: Charizard|Ancient Power|p1a: Dragonite
|-supereffective|p1a: Dragonite|1
|-damage|p1a: Dragonite|0 fnt
|faint|p1a: Dragonite
|
|-weather|SunnyDay|[upkeep]
|-heal|p1b: Snorlax|68/100|[from] item: Leftovers
|upkeep
|
|t:|1785499320
|switch|p1a: Aerodactyl|Aerodactyl, L50, F|100/100
|switch|p2b: Incineroar|Incineroar, L50, M|100/100
|-ability|p1a: Aerodactyl|Unnerve
|-ability|p2b: Incineroar|Intimidate|boost
|-unboost|p1a: Aerodactyl|atk|1
|-unboost|p1b: Snorlax|atk|1
|turn|4
|
|t:|1785499328
|switch|p1a: Tauros|Tauros-Paldea-Aqua, L50, M|70/100
|-ability|p1a: Tauros|Intimidate|boost
|-unboost|p2a: Charizard|atk|1
|-unboost|p2b: Incineroar|atk|1
|move|p1b: Snorlax|Protect|p1b: Snorlax
|-singleturn|p1b: Snorlax|Protect
|move|p2b: Incineroar|Fake Out|p1a: Tauros
|-damage|p1a: Tauros|61/100
|move|p2a: Charizard|Heat Wave|p1b: Snorlax|[spread] p1a
|-activate|p1b: Snorlax|move: Protect
|-resisted|p1a: Tauros|1
|-damage|p1a: Tauros|24/100
|
|-weather|SunnyDay|[upkeep]
|-heal|p1b: Snorlax|74/100|[from] item: Leftovers
|upkeep
|turn|5
|inactive|odio esta reg has 30 seconds left.
|
|t:|1785499359
|move|p1a: Tauros|Wave Crash|p2b: Incineroar
|-supereffective|p2b: Incineroar|1
|-damage|p2b: Incineroar|49/100
|-enditem|p2b: Incineroar|Sitrus Berry|[eat]
|-heal|p2b: Incineroar|74/100|[from] item: Sitrus Berry
|-damage|p1a: Tauros|1/100|[from] Recoil
|move|p2a: Charizard|Heat Wave|p1b: Snorlax|[spread] p1a,p1b
|-resisted|p1a: Tauros|1
|-damage|p1a: Tauros|0 fnt
|-damage|p1b: Snorlax|54/100
|faint|p1a: Tauros
|move|p2b: Incineroar|Parting Shot|p1b: Snorlax
|-unboost|p1b: Snorlax|atk|1
|-unboost|p1b: Snorlax|spa|1
|move|p1b: Snorlax|Yawn|p2a: Charizard
|-start|p2a: Charizard|move: Yawn|[of] p1b: Snorlax
|
|-weather|SunnyDay|[upkeep]
|-heal|p1b: Snorlax|60/100|[from] item: Leftovers
|upkeep
|
|t:|1785499372
|switch|p1a: Aerodactyl|Aerodactyl, L50, F|100/100
|-ability|p1a: Aerodactyl|Unnerve
|turn|6
|
|t:|1785499385
|move|p1a: Aerodactyl|Protect|p1a: Aerodactyl
|-singleturn|p1a: Aerodactyl|Protect
|move|p2a: Charizard|Ancient Power|p1a: Aerodactyl
|-activate|p1a: Aerodactyl|move: Protect
|move|p2b: Incineroar|Darkest Lariat|p1b: Snorlax
|-damage|p1b: Snorlax|44/100
|move|p1b: Snorlax|Yawn|p2b: Incineroar
|-start|p2b: Incineroar|move: Yawn|[of] p1b: Snorlax
|
|-weather|SunnyDay|[upkeep]
|-heal|p1b: Snorlax|50/100g|[from] item: Leftovers
|-end|p2a: Charizard|move: Yawn|[silent]
|-status|p2a: Charizard|slp
|upkeep
|turn|7
|c|☆sidhuistic|snorlax power
|inactive|odio esta reg has 30 seconds left.
|
|t:|1785499411
|move|p1a: Aerodactyl|Rock Slide|p2a: Charizard|[spread] p2a,p2b
|-supereffective|p2a: Charizard|2
|-supereffective|p2b: Incineroar|1
|-damage|p2a: Charizard|0 fnt
|-damage|p2b: Incineroar|38/100
|faint|p2a: Charizard
|move|p2b: Incineroar|Parting Shot|p1a: Aerodactyl
|-unboost|p1a: Aerodactyl|atk|1
|-unboost|p1a: Aerodactyl|spa|1
|move|p1b: Snorlax|Fissure|p2b: Incineroar|[miss]
|-miss|p1b: Snorlax|p2b: Incineroar
|
|-weather|none
|-heal|p1b: Snorlax|56/100|[from] item: Leftovers
|-end|p2b: Incineroar|move: Yawn|[silent]
|-status|p2b: Incineroar|slp
|upkeep
|turn|8
|
|t:|1785499423
|move|p1a: Aerodactyl|Tailwind|p1a: Aerodactyl
|-sidestart|p1: sidhuistic|move: Tailwind
|move|p1b: Snorlax|Yawn||[still]
|-fail|p1b: Snorlax
|cant|p2b: Incineroar|slp
|
|-heal|p1b: Snorlax|62/100|[from] item: Leftovers
|upkeep
|turn|9
|c|☆sidhuistic|i will gamble
|
|t:|1785499435
|move|p1a: Aerodactyl|Protect|p1a: Aerodactyl
|-singleturn|p1a: Aerodactyl|Protect
|move|p1b: Snorlax|Fissure|p2b: Incineroar
|-damage|p2b: Incineroar|0 fnt
|faint|p2b: Incineroar
|-ohko
|
|win|sidhuistic
