|j|☆zaraskadi
|j|☆momoechis
|html|zaraskadimomoechis    
|uhtml|bestof|Game 2 of a best-of-3
|t:|1756599640
|gametype|doubles
|player|p1|zaraskadi|266|1118
|player|p2|momoechis|iris|1073
|gen|9
|tier|[Gen 9] VGC 2025 Reg H (Bo3)
|rated|
|rule|Species Clause: Limit one of each Pokémon
|rule|Item Clause: Limit 1 of each item
|clearpoke
|poke|p1|Dragonite, L50, M|
|poke|p1|Excadrill, L50, M|
|poke|p1|Tyranitar, L50, M|
|poke|p1|Volcarona, L50, F|
|poke|p1|Corviknight, L50, F|
|poke|p1|Indeedee, L50, M|
|poke|p2|Ursaluna-Bloodmoon, L50, M|
|poke|p2|Dragonite, L50, M|
|poke|p2|Sneasler, L50, F|
|poke|p2|Electabuzz, L50, M|
|poke|p2|Primarina, L50, M|
|poke|p2|Rillaboom, L50, M|
|teampreview|4
|showteam|p1|Dragonite||LoadedDice|InnerFocus|ScaleShot,Protect,Tailwind,Haze|||M|||50|,,,,,Fairy]Excadrill||FocusSash|SandRush|Protect,HighHorsepower,Earthquake,IronHead|||M|||50|,,,,,Ghost]Tyranitar||AssaultVest|SandStream|RockSlide,KnockOff,TeraBlast,LowKick|||M|||50|,,,,,Flying]Volcarona||SitrusBerry|FlameBody|Overheat,StruggleBug,RagePowder,WillOWisp|||F|||50|,,,,,Grass]Corviknight||SafetyGoggles|MirrorArmor|BraveBird,BodyPress,Protect,Roost|||F|||50|,,,,,Fire]Indeedee||ChoiceScarf|PsychicSurge|ExpandingForce,TeraBlast,TrickRoom,Imprison|||M|||50|,,,,,Psychic
|showteam|p2|Ursaluna-Bloodmoon||LifeOrb|MindsEye|BloodMoon,HyperVoice,EarthPower,Protect|||M|||50|,,,,,Normal]Dragonite||LoadedDice|Multiscale|Tailwind,ScaleShot,Haze,Protect|||M|||50|,,,,,Fairy]Sneasler||GrassySeed|Unburden|CloseCombat,DireClaw,Acrobatics,Protect|||F|||50|,,,,,Flying]Electabuzz||Eviolite|Static|Thunderbolt,Taunt,FollowMe,Protect|||M|||50|,,,,,Ghost]Primarina||SitrusBerry|LiquidVoice|HyperVoice,Moonblast,Protect,Encore|||M|||50|,,,,,Poison]Rillaboom||AssaultVest|GrassySurge|FakeOut,HighHorsepower,GrassyGlide,WoodHammer|||M|||50|,,,,,Fire
|
|t:|1756599704
|teamsize|p1|4
|teamsize|p2|4
|start
|switch|p1a: Dragonite|Dragonite, L50, M|100/100
|switch|p1b: Volcarona|Volcarona, L50, F|100/100
|switch|p2a: Primarina|Primarina, L50, M|100/100
|switch|p2b: Rillaboom|Rillaboom, L50, M|100/100
|-fieldstart|move: Grassy Terrain|[from] ability: Grassy Surge|[of] p2b: Rillaboom
|turn|1
|
|t:|1756599728
|switch|p1a: Indeedee|Indeedee, L50, M|100/100
|-fieldstart|move: Psychic Terrain|[from] ability: Psychic Surge|[of] p1a: Indeedee
|move|p2b: Rillaboom|Fake Out|p1a: Indeedee
|-activate|p1a: Indeedee|move: Psychic Terrain
|move|p1b: Volcarona|Struggle Bug|p2b: Rillaboom|[spread] p2a,p2b
|-resisted|p2a: Primarina
|-supereffective|p2b: Rillaboom
|-damage|p2a: Primarina|93/100
|-damage|p2b: Rillaboom|76/100
|-unboost|p2a: Primarina|spa|1
|-unboost|p2b: Rillaboom|spa|1
|move|p2a: Primarina|Hyper Voice|p1a: Indeedee|[spread] p1a,p1b
|-supereffective|p1b: Volcarona
|-damage|p1a: Indeedee|71/100
|-damage|p1b: Volcarona|63/100
|
|upkeep
|turn|2
|
|t:|1756599759
|switch|p2b: Electabuzz|Electabuzz, L50, M|100/100
|move|p2a: Primarina|Protect|p2a: Primarina
|-singleturn|p2a: Primarina|Protect
|move|p1a: Indeedee|Expanding Force|p2b: Electabuzz|[spread] p2b
|-activate|p2a: Primarina|move: Protect
|-damage|p2b: Electabuzz|58/100
|move|p1b: Volcarona|Overheat|p2b: Electabuzz
|-damage|p2b: Electabuzz|11/100
|-unboost|p1b: Volcarona|spa|2
|
|upkeep
|turn|3
|
|t:|1756599776
|switch|p1a: Dragonite|Dragonite, L50, M|100/100
|switch|p2a: Rillaboom|Rillaboom, L50, M|76/100
|-fieldstart|move: Grassy Terrain|[from] ability: Grassy Surge|[of] p2a: Rillaboom
|move|p2b: Electabuzz|Protect|p2b: Electabuzz
|-singleturn|p2b: Electabuzz|Protect
|move|p1b: Volcarona|Struggle Bug|p2a: Rillaboom|[spread] p2a
|-activate|p2b: Electabuzz|move: Protect
|-supereffective|p2a: Rillaboom
|-damage|p2a: Rillaboom|64/100
|-unboost|p2a: Rillaboom|spa|1
|
|-heal|p1b: Volcarona|69/100|[from] Grassy Terrain
|-heal|p2b: Electabuzz|17/100|[from] Grassy Terrain
|-heal|p2a: Rillaboom|70/100|[from] Grassy Terrain
|upkeep
|turn|4
|
|t:|1756599803
|switch|p2a: Primarina|Primarina, L50, M|93/100
|move|p1b: Volcarona|Struggle Bug|p2b: Electabuzz|[spread] p2a,p2b
|-resisted|p2a: Primarina
|-damage|p2a: Primarina|90/100
|-damage|p2b: Electabuzz|10/100
|-unboost|p2a: Primarina|spa|1
|-unboost|p2b: Electabuzz|spa|1
|move|p2b: Electabuzz|Thunderbolt|p1a: Dragonite
|-damage|p1a: Dragonite|78/100
|move|p1a: Dragonite|Tailwind|p1a: Dragonite
|-sidestart|p1: zaraskadi|move: Tailwind
|
|-heal|p1b: Volcarona|75/100|[from] Grassy Terrain
|-heal|p2b: Electabuzz|16/100|[from] Grassy Terrain
|-heal|p2a: Primarina|96/100|[from] Grassy Terrain
|upkeep
|turn|5
|
|t:|1756599853
|switch|p1b: Indeedee|Indeedee, L50, M|71/100
|-fieldstart|move: Psychic Terrain|[from] ability: Psychic Surge|[of] p1b: Indeedee
|move|p2b: Electabuzz|Follow Me|p2b: Electabuzz
|-singleturn|p2b: Electabuzz|move: Follow Me
|move|p1a: Dragonite|Scale Shot|p2b: Electabuzz
|-damage|p2b: Electabuzz|5/100
|-damage|p2b: Electabuzz|0 fnt
|faint|p2b: Electabuzz
|-hitcount|p2: Electabuzz|2
|-unboost|p1a: Dragonite|def|1
|-boost|p1a: Dragonite|spe|1
|move|p2a: Primarina|Hyper Voice|p1a: Dragonite|[spread] p1a,p1b
|-resisted|p1a: Dragonite
|-damage|p1a: Dragonite|67/100
|-damage|p1b: Indeedee|42/100
|
|upkeep
|
|t:|1756599873
|switch|p2b: Rillaboom|Rillaboom, L50, M|70/100
|-fieldstart|move: Grassy Terrain|[from] ability: Grassy Surge|[of] p2b: Rillaboom
|turn|6
|
|t:|1756599905
|switch|p1b: Volcarona|Volcarona, L50, F|75/100
|move|p1a: Dragonite|Scale Shot|p2b: Rillaboom
|-damage|p2b: Rillaboom|56/100
|-damage|p2b: Rillaboom|41/100
|-damage|p2b: Rillaboom|27/100
|-damage|p2b: Rillaboom|12/100
|-damage|p2b: Rillaboom|0 fnt
|faint|p2b: Rillaboom
|-hitcount|p2: Rillaboom|5
|-unboost|p1a: Dragonite|def|1
|-boost|p1a: Dragonite|spe|1
|move|p2a: Primarina|Moonblast|p1a: Dragonite
|-supereffective|p1a: Dragonite
|-damage|p1a: Dragonite|1/100
|
|-heal|p1b: Volcarona|81/100|[from] Grassy Terrain
|-heal|p2a: Primarina|100/100|[from] Grassy Terrain
|upkeep
|
|t:|1756599922
|switch|p2b: Ursaluna|Ursaluna-Bloodmoon, L50, M|100/100
|turn|7
|
|t:|1756599951
|-terastallize|p2b: Ursaluna|Normal
|move|p1a: Dragonite|Scale Shot|p2b: Ursaluna
|-damage|p2b: Ursaluna|86/100
|-damage|p2b: Ursaluna|74/100
|-damage|p2b: Ursaluna|61/100
|-crit|p2b: Ursaluna
|-damage|p2b: Ursaluna|43/100
|-damage|p2b: Ursaluna|30/100
|-hitcount|p2b: Ursaluna|5
|-unboost|p1a: Dragonite|def|1
|-boost|p1a: Dragonite|spe|1
|move|p1b: Volcarona|Struggle Bug|p2a: Primarina|[spread] p2a,p2b
|-resisted|p2a: Primarina
|-damage|p2a: Primarina|93/100
|-damage|p2b: Ursaluna|7/100
|-unboost|p2a: Primarina|spa|1
|-unboost|p2b: Ursaluna|spa|1
|move|p2b: Ursaluna|Hyper Voice|p1a: Dragonite|[spread] p1a,p1b
|-damage|p1a: Dragonite|0 fnt
|-damage|p1b: Volcarona|42/100
|-enditem|p1b: Volcarona|Sitrus Berry|[eat]
|-heal|p1b: Volcarona|67/100|[from] item: Sitrus Berry
|faint|p1a: Dragonite
|-damage|p2b: Ursaluna|0 fnt|[from] item: Life Orb
|faint|p2b: Ursaluna
|move|p2a: Primarina|Hyper Voice|p1b: Volcarona
|-supereffective|p1b: Volcarona
|-damage|p1b: Volcarona|29/100
|
|-heal|p1b: Volcarona|35/100|[from] Grassy Terrain
|-heal|p2a: Primarina|99/100|[from] Grassy Terrain
|-sideend|p1: zaraskadi|move: Tailwind
|upkeep
|
|t:|1756599973
|switch|p1a: Indeedee|Indeedee, L50, M|42/100
|-fieldstart|move: Psychic Terrain|[from] ability: Psychic Surge|[of] p1a: Indeedee
|turn|8
|
|t:|1756599982
|-terastallize|p1a: Indeedee|Psychic
|move|p1a: Indeedee|Expanding Force|p2a: Primarina
|-damage|p2a: Primarina|4/100
|-enditem|p2a: Primarina|Sitrus Berry|[eat]
|-heal|p2a: Primarina|29/100|[from] item: Sitrus Berry
|move|p1b: Volcarona|Struggle Bug|p2a: Primarina
|-resisted|p2a: Primarina
|-damage|p2a: Primarina|20/100
|-unboost|p2a: Primarina|spa|1
|move|p2a: Primarina|Hyper Voice|p1b: Volcarona|[spread] p1a,p1b
|-supereffective|p1b: Volcarona
|-damage|p1a: Indeedee|26/100
|-damage|p1b: Volcarona|11/100
|
|upkeep
|turn|9
|-message|momoechis forfeited.
|
|win|zaraskadi
|raw|zaraskadi's rating: 1118 → 1140(+22 for winning)
|raw|momoechis's rating: 1073 → 1055(-18 for losing)
