|j|☆TheMismatcher
|j|☆marcosdeltasena31
|html|TheMismatchermarcosdeltasena31    
|uhtml|bestof|Game 1 of a best-of-3
|t:|1756791457
|gametype|doubles
|player|p1|TheMismatcher|102|1406
|player|p2|marcosdeltasena31|hilbert|1296
|gen|9
|tier|[Gen 9] VGC 2025 Reg H (Bo3)
|rated|
|rule|Species Clause: Limit one of each Pokémon
|rule|Item Clause: Limit 1 of each item
|clearpoke
|poke|p1|Pelipper, L50, M|
|poke|p1|Basculegion, L50, M|
|poke|p1|Amoonguss, L50, F|
|poke|p1|Archaludon, L50, M|
|poke|p1|Greninja-*, L50, M|
|poke|p1|Annihilape, L50, M|
|poke|p2|Dragonite, L50, F|
|poke|p2|Porygon2, L50|
|poke|p2|Ursaluna, L50, F|
|poke|p2|Incineroar, L50, F|
|poke|p2|Amoonguss, L50, F|
|poke|p2|Gholdengo, L50|
|teampreview|4
|showteam|p1|Pelipper||FocusSash|Drizzle|WeatherBall,Hurricane,Tailwind,WideGuard|||M|||50|,,,,,Stellar]Basculegion||ChoiceBand|SwiftSwim|WaveCrash,FlipTurn,LastRespects,AquaJet|||M|||50|,,,,,Grass]Amoonguss||SitrusBerry|Regenerator|Spore,RagePowder,PollenPuff,ClearSmog|||F|||50|,,,,,Dark]Archaludon||AssaultVest|Stamina|DragonPulse,FlashCannon,ElectroShot,BodyPress|||M|||50|,,,,,Grass]Greninja||LoadedDice|Torrent|WaterShuriken,Protect,Taunt,RainDance|||M|||50|,,,,,Ghost]Annihilape||ChoiceScarf|Defiant|CloseCombat,RageFist,Uturn,FinalGambit|||M|||50|,,,,,Grass
|showteam|p2|Dragonite||LoadedDice|Multiscale|ScaleShot,Tailwind,Haze,Protect|||F|||50|,,,,,Fairy]Porygon2||Eviolite|Download|TeraBlast,IceBeam,TrickRoom,Recover||||||50|,,,,,Fighting]Ursaluna||FlameOrb|Guts|HeadlongRush,Facade,Earthquake,Protect|||F|||50|,,,,,Ghost]Incineroar||SafetyGoggles|Intimidate|FlareBlitz,FakeOut,PartingShot,KnockOff|||F|||50|,,,,,Ghost]Amoonguss||SitrusBerry|Regenerator|PollenPuff,Spore,RagePowder,Protect|||F|||50|,,,,,Water]Gholdengo||LifeOrb|GoodasGold|MakeItRain,ShadowBall,NastyPlot,Protect||||||50|,,,,,Water
|
|t:|1756791491
|teamsize|p1|4
|teamsize|p2|4
|start
|switch|p1a: Greninja|Greninja, L50, M|100/100
|switch|p1b: Annihilape|Annihilape, L50, M|100/100
|switch|p2a: Porygon2|Porygon2, L50|100/100
|switch|p2b: Amoonguss|Amoonguss, L50, F|100/100
|-ability|p2a: Porygon2|Download|boost
|-boost|p2a: Porygon2|atk|1
|turn|1
|
|t:|1756791513
|-terastallize|p1b: Annihilape|Grass
|move|p2b: Amoonguss|Rage Powder|p2b: Amoonguss
|-singleturn|p2b: Amoonguss|move: Rage Powder
|move|p1b: Annihilape|Final Gambit|p2a: Porygon2
|-damage|p2a: Porygon2|0 fnt
|faint|p1b: Annihilape
|faint|p2a: Porygon2
|move|p1a: Greninja|Taunt|p2b: Amoonguss
|-start|p2b: Amoonguss|move: Taunt
|
|upkeep
|
|t:|1756791531
|switch|p1b: Archaludon|Archaludon, L50, M|100/100
|switch|p2a: Dragonite|Dragonite, L50, F|100/100
|turn|2
|
|t:|1756791546
|-terastallize|p2a: Dragonite|Fairy
|move|p1a: Greninja|Rain Dance|p1a: Greninja
|-weather|RainDance
|move|p2a: Dragonite|Scale Shot|p1a: Greninja
|-damage|p1a: Greninja|80/100
|-damage|p1a: Greninja|60/100
|-damage|p1a: Greninja|40/100
|-damage|p1a: Greninja|20/100
|-hitcount|p1a: Greninja|4
|-unboost|p2a: Dragonite|def|1
|-boost|p2a: Dragonite|spe|1
|move|p1b: Archaludon|Electro Shot||[still]
|-prepare|p1b: Archaludon|Electro Shot
|-boost|p1b: Archaludon|spa|1
|-anim|p1b: Archaludon|Electro Shot|p2a: Dragonite
|-damage|p2a: Dragonite|68/100
|move|p2b: Amoonguss|Pollen Puff|p2a: Dragonite
|-heal|p2a: Dragonite|100/100
|
|-weather|RainDance|[upkeep]
|upkeep
|turn|3
|
|t:|1756791561
|move|p1a: Greninja|Water Shuriken|p2a: Dragonite
|-damage|p2a: Dragonite|93/100
|-damage|p2a: Dragonite|80/100
|-damage|p2a: Dragonite|66/100
|-damage|p2a: Dragonite|51/100
|-hitcount|p2a: Dragonite|4
|move|p2a: Dragonite|Scale Shot|p1a: Greninja
|-damage|p1a: Greninja|0 fnt
|faint|p1a: Greninja
|-hitcount|p1: Greninja|1
|-unboost|p2a: Dragonite|def|1
|-boost|p2a: Dragonite|spe|1
|move|p1b: Archaludon|Flash Cannon|p2a: Dragonite
|-supereffective|p2a: Dragonite
|-damage|p2a: Dragonite|0 fnt
|faint|p2a: Dragonite
|move|p2b: Amoonguss|Pollen Puff|p2: Dragonite|[notarget]
|-fail|p2b: Amoonguss
|
|-weather|RainDance|[upkeep]
|upkeep
|
|t:|1756791571
|switch|p1a: Basculegion|Basculegion, L50, M|100/100
|switch|p2a: Ursaluna|Ursaluna, L50, F|100/100
|turn|4
|
|t:|1756791584
|move|p2a: Ursaluna|Protect|p2a: Ursaluna
|-singleturn|p2a: Ursaluna|Protect
|move|p1a: Basculegion|Wave Crash|p2b: Amoonguss
|-resisted|p2b: Amoonguss
|-damage|p2b: Amoonguss|36/100
|-enditem|p2b: Amoonguss|Sitrus Berry|[eat]
|-heal|p2b: Amoonguss|61/100|[from] item: Sitrus Berry
|-damage|p1a: Basculegion|77/100|[from] Recoil
|move|p1b: Archaludon|Dragon Pulse|p2b: Amoonguss
|-damage|p2b: Amoonguss|14/100
|move|p2b: Amoonguss|Pollen Puff|p1a: Basculegion
|-resisted|p1a: Basculegion
|-damage|p1a: Basculegion|66/100
|
|-weather|RainDance|[upkeep]
|-end|p2b: Amoonguss|move: Taunt
|-status|p2a: Ursaluna|brn|[from] item: Flame Orb
|upkeep
|turn|5
|
|t:|1756791603
|move|p2b: Amoonguss|Rage Powder|p2b: Amoonguss
|-singleturn|p2b: Amoonguss|move: Rage Powder
|move|p1a: Basculegion|Wave Crash|p2b: Amoonguss
|-resisted|p2b: Amoonguss
|-crit|p2b: Amoonguss
|-damage|p2b: Amoonguss|0 fnt
|faint|p2b: Amoonguss
|-damage|p1a: Basculegion|61/100|[from] Recoil
|move|p1b: Archaludon|Dragon Pulse|p2a: Ursaluna
|-damage|p2a: Ursaluna|45/100 brn
|move|p2a: Ursaluna|Earthquake|p1a: Basculegion|[spread] p1a,p1b
|-supereffective|p1b: Archaludon
|-damage|p1a: Basculegion|0 fnt
|-damage|p1b: Archaludon|3/100
|-ability|p1b: Archaludon|Stamina|boost
|-boost|p1b: Archaludon|def|1
|faint|p1a: Basculegion
|
|-weather|RainDance|[upkeep]
|-damage|p2a: Ursaluna|39/100 brn|[from] brn
|upkeep
|turn|6
|
|t:|1756791618
|move|p1b: Archaludon|Dragon Pulse|p2a: Ursaluna
|-damage|p2a: Ursaluna|0 fnt
|faint|p2a: Ursaluna
|
|win|TheMismatcher
||TheMismatcher is ready for game 2.
||marcosdeltasena31 is ready for game 2.
|uhtml|next|Next: Game 2 of 3
|l|☆TheMismatcher
|player|p1|
|j|☆TheMismatcher
|player|p1|TheMismatcher|102|
|l|☆marcosdeltasena31
|player|p2|
|l|☆TheMismatcher
|player|p1|
|j|☆TheMismatcher
|player|p1|TheMismatcher|102|
