|j|☆lillyrosethedemon
|j|☆liludragonbossetti
|html|lillyrosethedemonliludragonbossetti    
|uhtml|bestof|Game 3 of a best-of-3
|t:|1755357667
|gametype|doubles
|player|p1|lillyrosethedemon|parasollady|1231
|player|p2|liludragonbossetti|interviewers|1292
|gen|9
|tier|[Gen 9] VGC 2025 Reg H (Bo3)
|rated|
|rule|Species Clause: Limit one of each Pokémon
|rule|Item Clause: Limit 1 of each item
|clearpoke
|poke|p1|Primarina, L50, M|
|poke|p1|Incineroar, L50, M|
|poke|p1|Farigiraf, L50, M|
|poke|p1|Conkeldurr, L50, M|
|poke|p1|Amoonguss, L50, F|
|poke|p1|Gholdengo, L50|
|poke|p2|Gholdengo, L50|
|poke|p2|Sneasler, L50, M|
|poke|p2|Rillaboom, L50, F|
|poke|p2|Dragonite, L50, F|
|poke|p2|Ninetales-Alola, L50, M|
|poke|p2|Arcanine-Hisui, L50, F|
|teampreview|4
|showteam|p1|Primarina||Leftovers|LiquidVoice|Haze,HyperVoice,Moonblast,Protect|||M|||50|,,,,,Water]Incineroar||SafetyGoggles|Intimidate|FakeOut,FlareBlitz,KnockOff,PartingShot|||M|||50|,,,,,Ghost]Farigiraf||ThroatSpray|ArmorTail|HyperVoice,PsychicNoise,Protect,TrickRoom|||M|||50|,,,,,Fairy]Conkeldurr||FlameOrb|Guts|DrainPunch,Protect,MachPunch,KnockOff|||M|||50|,,,,,Fire]Amoonguss||SitrusBerry|Regenerator|RagePowder,Protect,SludgeBomb,Spore|||F|||50|,,,,,Water]Gholdengo||ChoiceSpecs|GoodasGold|MakeItRain,ShadowBall,Thunderbolt,Trick||||||50|,,,,,Steel
|showteam|p2|Gholdengo||GrassySeed|GoodasGold|NastyPlot,MakeItRain,ShadowBall,Protect||||||50|,,,,,Water]Sneasler||WhiteHerb|Unburden|CloseCombat,DireClaw,Coaching,Protect|||M|||50|,,,,,Ghost]Rillaboom||AssaultVest|GrassySurge|FakeOut,GrassyGlide,DrumBeating,HighHorsepower|||F|||50|,,,,,Fire]Dragonite||LoadedDice|Multiscale|ScaleShot,Haze,StompingTantrum,Protect|||F|||50|,,,,,Ground]Ninetales-Alola||FocusSash|SnowWarning|Blizzard,IcyWind,Encore,AuroraVeil|||M|||50|,,,,,Ghost]Arcanine-Hisui||ClearAmulet|Intimidate|RockSlide,FlareBlitz,ExtremeSpeed,Protect|||F|||50|,,,,,Water
|inactive|Battle timer is ON: inactive players will automatically lose when time's up. (requested by liludragonbossetti)
|
|t:|1755357732
|teamsize|p1|4
|teamsize|p2|4
|start
|switch|p1a: Incineroar|Incineroar, L50, M|100/100
|switch|p1b: Farigiraf|Farigiraf, L50, M|100/100
|switch|p2a: Gholdengo|Gholdengo, L50|100/100
|switch|p2b: Rillaboom|Rillaboom, L50, F|100/100
|-fieldstart|move: Grassy Terrain|[from] ability: Grassy Surge|[of] p2b: Rillaboom
|-enditem|p2a: Gholdengo|Grassy Seed
|-boost|p2a: Gholdengo|def|1|[from] item: Grassy Seed
|-ability|p1a: Incineroar|Intimidate|boost
|-unboost|p2a: Gholdengo|atk|1
|-unboost|p2b: Rillaboom|atk|1
|turn|1
|
|t:|1755357746
|switch|p2b: Arcanine|Arcanine-Hisui, L50, F|100/100
|-ability|p2b: Arcanine|Intimidate|boost
|-unboost|p1a: Incineroar|atk|1
|-unboost|p1b: Farigiraf|atk|1
|move|p2a: Gholdengo|Nasty Plot|p2a: Gholdengo
|-boost|p2a: Gholdengo|spa|2
|move|p1a: Incineroar|Flare Blitz|p2a: Gholdengo
|-supereffective|p2a: Gholdengo
|-damage|p2a: Gholdengo|63/100
|-damage|p1a: Incineroar|89/100|[from] Recoil
|move|p1b: Farigiraf|Trick Room|p1b: Farigiraf
|-fieldstart|move: Trick Room|[of] p1b: Farigiraf
|
|-heal|p1a: Incineroar|95/100|[from] Grassy Terrain
|-heal|p2a: Gholdengo|69/100|[from] Grassy Terrain
|upkeep
|turn|2
|inactive|lillyrosethedemon has 30 seconds left.
|inactive|liludragonbossetti has 30 seconds left.
|inactive|lillyrosethedemon has 20 seconds left.
|
|t:|1755357781
|move|p1b: Farigiraf|Psychic Noise|p2a: Gholdengo
|-resisted|p2a: Gholdengo
|-damage|p2a: Gholdengo|54/100
|-start|p2a: Gholdengo|move: Heal Block
|-enditem|p1b: Farigiraf|Throat Spray
|-boost|p1b: Farigiraf|spa|1|[from] item: Throat Spray
|move|p1a: Incineroar|Flare Blitz|p2a: Gholdengo
|-supereffective|p2a: Gholdengo
|-damage|p2a: Gholdengo|10/100
|-status|p2a: Gholdengo|brn
|-damage|p1a: Incineroar|81/100|[from] Recoil
|move|p2a: Gholdengo|Make It Rain|p1b: Farigiraf|[spread] p1a,p1b
|-resisted|p1a: Incineroar
|-crit|p1a: Incineroar
|-damage|p1a: Incineroar|27/100
|-damage|p1b: Farigiraf|14/100
|-unboost|p2a: Gholdengo|spa|1
|move|p2b: Arcanine|Flare Blitz|p1b: Farigiraf
|-damage|p1b: Farigiraf|0 fnt
|faint|p1b: Farigiraf
|-damage|p2b: Arcanine|95/100|[from] Recoil
|
|-heal|p1a: Incineroar|33/100|[from] Grassy Terrain
|-heal|p2b: Arcanine|100/100|[from] Grassy Terrain
|-damage|p2a: Gholdengo|4/100 brn|[from] brn
|upkeep
|
|t:|1755357805
|switch|p1b: Primarina|Primarina, L50, M|100/100
|turn|3
|inactive|liludragonbossetti has 30 seconds left.
|
|t:|1755357835
|-terastallize|p2b: Arcanine|Water
|move|p2a: Gholdengo|Protect|p2a: Gholdengo
|-singleturn|p2a: Gholdengo|Protect
|move|p1b: Primarina|Hyper Voice|p2b: Arcanine|[spread] p2b
|-activate|p2a: Gholdengo|move: Protect
|-resisted|p2b: Arcanine
|-damage|p2b: Arcanine|79/100
|move|p1a: Incineroar|Parting Shot|p2b: Arcanine
|-fail|p2b: Arcanine|unboost|[from] item: Clear Amulet|[of] p2b: Arcanine
|move|p2b: Arcanine|Rock Slide|p1a: Incineroar|[spread] p1a,p1b
|-supereffective|p1a: Incineroar
|-damage|p1a: Incineroar|0 fnt
|-damage|p1b: Primarina|74/100
|faint|p1a: Incineroar
|
|-heal|p1b: Primarina|80/100|[from] Grassy Terrain
|-heal|p1b: Primarina|86/100|[from] item: Leftovers
|-heal|p2b: Arcanine|85/100|[from] Grassy Terrain
|-damage|p2a: Gholdengo|0 fnt|[from] brn
|faint|p2a: Gholdengo
|upkeep
|
|t:|1755357854
|switch|p1a: Conkeldurr|Conkeldurr, L50, M|100/100
|switch|p2a: Rillaboom|Rillaboom, L50, F|100/100
|turn|4
|inactive|liludragonbossetti has 30 seconds left.
|inactive|lillyrosethedemon has 30 seconds left.
|
|t:|1755357887
|switch|p2b: Dragonite|Dragonite, L50, F|100/100
|move|p1b: Primarina|Protect|p1b: Primarina
|-singleturn|p1b: Primarina|Protect
|move|p1a: Conkeldurr|Drain Punch|p2a: Rillaboom
|-damage|p2a: Rillaboom|56/100
|move|p2a: Rillaboom|Drum Beating|p1b: Primarina
|-activate|p1b: Primarina|move: Protect
|
|-heal|p1b: Primarina|92/100|[from] Grassy Terrain
|-heal|p1b: Primarina|98/100|[from] item: Leftovers
|-heal|p2a: Rillaboom|62/100|[from] Grassy Terrain
|-status|p1a: Conkeldurr|brn|[from] item: Flame Orb
|upkeep
|turn|5
|inactive|lillyrosethedemon has 30 seconds left.
|
|t:|1755357918
|move|p2b: Dragonite|Protect|p2b: Dragonite
|-singleturn|p2b: Dragonite|Protect
|move|p2a: Rillaboom|Grassy Glide|p1b: Primarina
|-supereffective|p1b: Primarina
|-damage|p1b: Primarina|25/100
|move|p1a: Conkeldurr|Drain Punch|p2a: Rillaboom
|-damage|p2a: Rillaboom|0 fnt
|faint|p2a: Rillaboom
|move|p1b: Primarina|Hyper Voice|p2b: Dragonite
|-activate|p2b: Dragonite|move: Protect
|
|-heal|p1b: Primarina|31/100|[from] Grassy Terrain
|-heal|p1b: Primarina|37/100|[from] item: Leftovers
|-damage|p1a: Conkeldurr|95/100 brn|[from] brn
|-fieldend|move: Trick Room
|-fieldend|move: Grassy Terrain
|upkeep
|
|t:|1755357929
|switch|p2a: Arcanine|Arcanine-Hisui, L50, F, tera:Water|85/100
|-ability|p2a: Arcanine|Intimidate|boost
|-unboost|p1a: Conkeldurr|atk|1
|-unboost|p1b: Primarina|atk|1
|turn|6
|inactive|lillyrosethedemon has 30 seconds left.
|inactive|liludragonbossetti has 30 seconds left.
|
|t:|1755357960
|move|p1a: Conkeldurr|Protect|p1a: Conkeldurr
|-singleturn|p1a: Conkeldurr|Protect
|move|p2a: Arcanine|Flare Blitz|p1a: Conkeldurr
|-activate|p1a: Conkeldurr|move: Protect
|move|p2b: Dragonite|Scale Shot|p1a: Conkeldurr
|-activate|p1a: Conkeldurr|move: Protect
|move|p1b: Primarina|Moonblast|p2b: Dragonite
|-supereffective|p2b: Dragonite
|-damage|p2b: Dragonite|52/100
|
|-heal|p1b: Primarina|43/100|[from] item: Leftovers
|-damage|p1a: Conkeldurr|89/100 brn|[from] brn
|upkeep
|turn|7
|
|t:|1755357982
|move|p2a: Arcanine|Flare Blitz|p1a: Conkeldurr
|-damage|p1a: Conkeldurr|39/100 brn
|-damage|p2a: Arcanine|66/100|[from] Recoil
|move|p2b: Dragonite|Scale Shot|p1a: Conkeldurr|[miss]
|-miss|p2b: Dragonite|p1a: Conkeldurr
|move|p1b: Primarina|Moonblast|p2b: Dragonite
|-supereffective|p2b: Dragonite
|-damage|p2b: Dragonite|0 fnt
|faint|p2b: Dragonite
|move|p1a: Conkeldurr|Drain Punch|p2a: Arcanine
|-damage|p2a: Arcanine|15/100
|-heal|p1a: Conkeldurr|61/100 brn|[from] drain|[of] p2a: Arcanine
|
|-heal|p1b: Primarina|49/100|[from] item: Leftovers
|-damage|p1a: Conkeldurr|55/100 brn|[from] brn
|upkeep
|turn|8
|
|t:|1755358002
|move|p2a: Arcanine|Rock Slide|p1b: Primarina|[spread] p1a,p1b
|-resisted|p1a: Conkeldurr
|-damage|p1a: Conkeldurr|43/100 brn
|-damage|p1b: Primarina|21/100
|move|p1b: Primarina|Moonblast|p2a: Arcanine
|-damage|p2a: Arcanine|0 fnt
|faint|p2a: Arcanine
|
|win|lillyrosethedemon
|raw|lillyrosethedemon's rating: 1231 → 1260(+29 for winning)
|raw|liludragonbossetti's rating: 1292 → 1263(-29 for losing)
|l|☆liludragonbossetti
|player|p2|
|l|☆lillyrosethedemon
|player|p1|
|j|☆lillyrosethedemon
|player|p1|lillyrosethedemon|parasollady|
