|j|☆testdigi
|j|☆spain core
|html|testdigispain core    
|uhtml|bestof|Game 2 of a best-of-3
|t:|1785249506
|gametype|doubles
|player|p1|testdigi|169|1157
|player|p2|spain core|leon|1151
|gen|9
|tier|[Gen 9 Champions] VGC 2026 Reg M-B (Bo3)
|rated|
|rule|Species Clause: Limit one of each Pokémon
|rule|Item Clause: Limit 1 of each item
|clearpoke
|poke|p1|Staraptor, L50, M|
|poke|p1|Garchomp, L50, M|
|poke|p1|Whimsicott, L50, F|
|poke|p1|Delphox, L50, F|
|poke|p1|Glimmora, L50, F|
|poke|p1|Kingambit, L50, F, shiny|
|poke|p2|Kangaskhan, L50, F|
|poke|p2|Farigiraf, L50, F|
|poke|p2|Torkoal, L50, F|
|poke|p2|Hatterene, L50, F|
|poke|p2|Kingambit, L50, M|
|poke|p2|Venusaur, L50, F|
|teampreview|4
|showteam|p1|Staraptor||Staraptite|Intimidate|Protect,Roost,CloseCombat,BraveBird|Jolly||M|||50|]Garchomp||LifeOrb|RoughSkin|Protect,RockSlide,Earthquake,DragonClaw|Jolly||M|||50|]Whimsicott||OccaBerry|Prankster|Moonblast,Tailwind,Charm,LightScreen|Timid||F|||50|]Delphox||Delphoxite|Magician|Protect,Psychic,HeatWave,Substitute|Modest||F|||50|]Glimmora||FocusSash|ToxicDebris|SpikyShield,EarthPower,PowerGem,SludgeBomb|Timid||F|||50|]Kingambit||ChopleBerry|Defiant|KowtowCleave,IronHead,SuckerPunch,LowKick|Adamant||F|||50|
|showteam|p2|Kangaskhan||Kangaskhanite|Scrappy|FakeOut,DoubleEdge,Crunch,DrainPunch|Brave||F|||50|]Farigiraf||SitrusBerry|ArmorTail|Psychic,HyperVoice,TrickRoom,Protect|Quiet||F|||50|]Torkoal||Charcoal|Drought|Eruption,WeatherBall,EarthPower,Protect|Quiet||F|||50|]Hatterene||LifeOrb|MagicBounce|Psychic,DazzlingGleam,Protect,TrickRoom|Quiet||F|||50|]Kingambit||ExpertBelt|Defiant|KowtowCleave,SuckerPunch,IronHead,LowKick|Brave||M|||50|]Venusaur||FocusSash|Chlorophyll|EarthPower,SludgeBomb,SleepPowder,Protect|Modest||F|||50|
|inactive|Battle timer is ON: inactive players will automatically lose when time's up. (requested by spain core)
|inactive|testdigi has 60 seconds left.
|
|t:|1785249569
|teamsize|p1|4
|teamsize|p2|4
|start
|switch|p1a: Glimmora|Glimmora, L50, F|100/100
|switch|p1b: Delphox|Delphox, L50, F|100/100
|switch|p2a: Kangaskhan|Kangaskhan, L50, F|100/100
|switch|p2b: Farigiraf|Farigiraf, L50, F|100/100
|turn|1
|
|t:|1785249585
|detailschange|p1b: Delphox|Delphox-Mega, L50, F
|-mega|p1b: Delphox|Delphox|Delphoxite
|detailschange|p2a: Kangaskhan|Kangaskhan-Mega, L50, F
|-mega|p2a: Kangaskhan|Kangaskhan|Kangaskhanite
|move|p1a: Glimmora|Spiky Shield|p1a: Glimmora
|-singleturn|p1a: Glimmora|move: Protect
|move|p1b: Delphox|Substitute|p1b: Delphox
|-start|p1b: Delphox|Substitute
|-damage|p1b: Delphox|75/100
|move|p2a: Kangaskhan|Double-Edge|p1b: Delphox
|-end|p1b: Delphox|Substitute
|-damage|p2a: Kangaskhan|93/100|[from] Recoil
|-damage|p1b: Delphox|56/100
|-hitcount|p1b: Delphox|2
|-damage|p2a: Kangaskhan|87/100|[from] Recoil
|move|p2b: Farigiraf|Trick Room|p2b: Farigiraf
|-fieldstart|move: Trick Room|[of] p2b: Farigiraf
|
|upkeep
|turn|2
|
|t:|1785249603
|move|p1b: Delphox|Protect|p1b: Delphox
|-singleturn|p1b: Delphox|Protect
|move|p2b: Farigiraf|Psychic|p1a: Glimmora
|-supereffective|p1a: Glimmora|1
|-enditem|p1a: Glimmora|Focus Sash
|-damage|p1a: Glimmora|1/100
|move|p2a: Kangaskhan|Double-Edge|p1b: Delphox
|-activate|p1b: Delphox|move: Protect
|move|p1a: Glimmora|Earth Power|p2a: Kangaskhan
|-damage|p2a: Kangaskhan|63/100
|
|upkeep
|turn|3
|
|t:|1785249614
|switch|p1b: Kingambit|Kingambit, L50, F, shiny|100/100
|move|p1a: Glimmora|Spiky Shield|p1a: Glimmora
|-singleturn|p1a: Glimmora|move: Protect
|move|p2b: Farigiraf|Hyper Voice|p1b: Kingambit|[spread] p1b
|-activate|p1a: Glimmora|move: Protect
|-resisted|p1b: Kingambit|1
|-damage|p1b: Kingambit|84/100
|move|p2a: Kangaskhan|Double-Edge|p1b: Kingambit
|-resisted|p1b: Kingambit|1
|-damage|p1b: Kingambit|59/100
|-resisted|p1b: Kingambit|1
|-damage|p1b: Kingambit|53/100
|-hitcount|p1b: Kingambit|2
|-damage|p2a: Kangaskhan|53/100|[from] Recoil
|
|upkeep
|turn|4
|
|t:|1785249639
|switch|p2a: Torkoal|Torkoal, L50, F|100/100
|-weather|SunnyDay|[from] ability: Drought|[of] p2a: Torkoal
|switch|p1a: Delphox|Delphox-Mega, L50, F|56/100
|move|p2b: Farigiraf|Hyper Voice|p1a: Delphox|[spread] p1a,p1b
|-resisted|p1b: Kingambit|1
|-crit|p1b: Kingambit
|-damage|p1a: Delphox|30/100
|-damage|p1b: Kingambit|28/100
|move|p1b: Kingambit|Low Kick|p2a: Torkoal
|-damage|p2a: Torkoal|74/100
|
|-weather|SunnyDay|[upkeep]
|upkeep
|turn|5
|
|t:|1785249655
|switch|p2b: Kangaskhan|Kangaskhan-Mega, L50, F|53/100
|move|p1a: Delphox|Protect|p1a: Delphox
|-singleturn|p1a: Delphox|Protect
|move|p2a: Torkoal|Eruption|p1b: Kingambit|[spread] p1b
|-activate|p1a: Delphox|move: Protect
|-supereffective|p1b: Kingambit|1
|-damage|p1b: Kingambit|0 fnt
|faint|p1b: Kingambit
|
|-weather|SunnyDay|[upkeep]
|-fieldend|move: Trick Room
|upkeep
|
|t:|1785249659
|switch|p1b: Garchomp|Garchomp, L50, M|100/100
|turn|6
|
|t:|1785249671
|move|p2b: Kangaskhan|Fake Out|p1b: Garchomp
|-damage|p1b: Garchomp|75/100
|-damage|p2b: Kangaskhan|41/100|[from] ability: Rough Skin|[of] p1b: Garchomp
|-crit|p1b: Garchomp
|-damage|p1b: Garchomp|67/100
|-damage|p2b: Kangaskhan|28/100|[from] ability: Rough Skin|[of] p1b: Garchomp
|-hitcount|p1b: Garchomp|2
|move|p1a: Delphox|Psychic|p2a: Torkoal
|-damage|p2a: Torkoal|0 fnt
|faint|p2a: Torkoal
|cant|p1b: Garchomp|flinch
|
|-weather|SunnyDay|[upkeep]
|upkeep
|
|t:|1785249677
|switch|p2a: Farigiraf|Farigiraf, L50, F|100/100
|turn|7
|
|t:|1785249694
|move|p1a: Delphox|Heat Wave|p2b: Kangaskhan|[spread] p2a,p2b
|-damage|p2a: Farigiraf|34/100
|-damage|p2b: Kangaskhan|0 fnt
|-enditem|p2a: Farigiraf|Sitrus Berry|[eat]
|-heal|p2a: Farigiraf|59/100|[from] item: Sitrus Berry
|faint|p2b: Kangaskhan
|move|p1b: Garchomp|Earthquake|p2a: Farigiraf|[spread] p2a
|-immune|p1a: Delphox|[from] ability: Levitate
|-damage|p2a: Farigiraf|8/100
|-damage|p1b: Garchomp|57/100|[from] item: Life Orb
|move|p2a: Farigiraf|Trick Room|p2a: Farigiraf
|-fieldstart|move: Trick Room|[of] p2a: Farigiraf
|
|-weather|SunnyDay|[upkeep]
|upkeep
|
|t:|1785249696
|switch|p2b: Kingambit|Kingambit, L50, M|100/100
|turn|8
|inactive|testdigi has 30 seconds left.
|
|t:|1785249721
|move|p1a: Delphox|Protect|p1a: Delphox
|-singleturn|p1a: Delphox|Protect
|move|p2b: Kingambit|Kowtow Cleave|p1b: Garchomp
|-damage|p1b: Garchomp|5/100
|-damage|p2b: Kingambit|87/100|[from] ability: Rough Skin|[of] p1b: Garchomp
|move|p2a: Farigiraf|Hyper Voice|p1b: Garchomp|[spread] p1b
|-activate|p1a: Delphox|move: Protect
|-damage|p1b: Garchomp|0 fnt
|faint|p1b: Garchomp
|
|-weather|none
|upkeep
|-message|testdigi forfeited.
|
|win|spain core
