|j|☆Ritzbitz12
|j|☆Echoes630
|html|Ritzbitz12Echoes630    
|uhtml|bestof|Game 2 of a best-of-3
|t:|1756959871
|gametype|doubles
|player|p1|Ritzbitz12|palmer|1136
|player|p2|Echoes630|colress|1221
|gen|9
|tier|[Gen 9] VGC 2025 Reg H (Bo3)
|rated|
|rule|Species Clause: Limit one of each Pokémon
|rule|Item Clause: Limit 1 of each item
|clearpoke
|poke|p1|Ninetales-Alola, L50, F|
|poke|p1|Gholdengo, L50|
|poke|p1|Garchomp, L50, F|
|poke|p1|Incineroar, L50, M|
|poke|p1|Sneasler, L50, F|
|poke|p1|Dragonite, L50, F|
|poke|p2|Garchomp, L50, F|
|poke|p2|Electabuzz, L50, F|
|poke|p2|Talonflame, L50, F|
|poke|p2|Annihilape, L50, M|
|poke|p2|Gholdengo, L50|
|poke|p2|Overqwil, L50, M|
|teampreview|4
|showteam|p1|Ninetales-Alola||LightClay|SnowWarning|AuroraVeil,Blizzard,FreezeDry,Protect|||F|||50|,,,,,Ghost]Gholdengo||LifeOrb|GoodasGold|MakeItRain,ShadowBall,NastyPlot,Protect||||||50|,,,,,Water]Garchomp||ClearAmulet|RoughSkin|Earthquake,StompingTantrum,DragonClaw,Protect|||F|||50|,,,,,Ground]Incineroar||AssaultVest|Intimidate|FakeOut,KnockOff,FlareBlitz,Uturn|||M|||50|,,,,,Grass]Sneasler||WhiteHerb|Unburden|Coaching,CloseCombat,DireClaw,Protect|||F|||50|,,,,,Ghost]Dragonite||LoadedDice|Multiscale|ScaleShot,Haze,Tailwind,Protect|||F|||50|,,,,,Fairy
|showteam|p2|Garchomp||LifeOrb|RoughSkin|Earthquake,DragonClaw,Protect,StompingTantrum|||F|||50|,,,,,Ground]Electabuzz||Eviolite|VitalSpirit|Thunderbolt,Taunt,Protect,FollowMe|||F|||50|,,,,,Ghost]Talonflame||CovertCloak|GaleWings|BraveBird,Taunt,WillOWisp,Tailwind|||F|||50|,,,,,Grass]Annihilape||SafetyGoggles|Defiant|FinalGambit,RageFist,Coaching,CloseCombat|||M|||50|,,,,,Fairy]Gholdengo||ChoiceScarf|GoodasGold|Trick,Protect,MakeItRain,ShadowBall||||||50|,,,,,Steel]Overqwil||ClearAmulet|Intimidate|BarbBarrage,Crunch,Haze,Protect|||M|||50|,,,,,Grass
|
|t:|1756959914
|teamsize|p1|4
|teamsize|p2|4
|start
|switch|p1a: Ninetales|Ninetales-Alola, L50, F|100/100
|switch|p1b: Gholdengo|Gholdengo, L50|100/100
|switch|p2a: Overqwil|Overqwil, L50, M|100/100
|switch|p2b: Talonflame|Talonflame, L50, F, shiny|100/100
|-weather|Snowscape|[from] ability: Snow Warning|[of] p1a: Ninetales
|-ability|p2a: Overqwil|Intimidate|boost
|-unboost|p1a: Ninetales|atk|1
|-unboost|p1b: Gholdengo|atk|1
|turn|1
|
|t:|1756959968
|switch|p1a: Incineroar|Incineroar, L50, M|100/100
|-ability|p1a: Incineroar|Intimidate|boost
|-fail|p2a: Overqwil|unboost|[from] item: Clear Amulet|[of] p2a: Overqwil
|-unboost|p2b: Talonflame|atk|1
|-terastallize|p1b: Gholdengo|Water
|move|p2b: Talonflame|Taunt|p1a: Incineroar
|-start|p1a: Incineroar|move: Taunt
|move|p1b: Gholdengo|Nasty Plot|p1b: Gholdengo
|-boost|p1b: Gholdengo|spa|2
|move|p2a: Overqwil|Crunch|p1b: Gholdengo
|-damage|p1b: Gholdengo|57/100
|
|-weather|Snowscape|[upkeep]
|upkeep
|turn|2
|
|t:|1756960019
|move|p2a: Overqwil|Protect|p2a: Overqwil
|-singleturn|p2a: Overqwil|Protect
|move|p1a: Incineroar|Fake Out|p2a: Overqwil
|-activate|p2a: Overqwil|move: Protect
|move|p2b: Talonflame|Tailwind|p2b: Talonflame
|-sidestart|p2: Echoes630|move: Tailwind
|move|p1b: Gholdengo|Shadow Ball|p2b: Talonflame
|-damage|p2b: Talonflame|0 fnt
|faint|p2b: Talonflame
|-damage|p1b: Gholdengo|47/100|[from] item: Life Orb
|
|-weather|Snowscape|[upkeep]
|upkeep
|
|t:|1756960029
|switch|p2b: harder|Garchomp, L50, F|100/100
|turn|3
|
|t:|1756960061
|switch|p1a: Dragonite|Dragonite, L50, F|100/100
|-terastallize|p2b: harder|Ground
|move|p2a: Overqwil|Protect||[still]
|-fail|p2a: Overqwil
|move|p1b: Gholdengo|Protect|p1b: Gholdengo
|-singleturn|p1b: Gholdengo|Protect
|move|p2b: harder|Earthquake|p1b: Gholdengo|[spread] p2a
|-activate|p1b: Gholdengo|move: Protect
|-immune|p1a: Dragonite
|-supereffective|p2a: Overqwil
|-damage|p2a: Overqwil|0 fnt
|faint|p2a: Overqwil
|-damage|p2b: harder|91/100|[from] item: Life Orb
|
|-weather|Snowscape|[upkeep]
|upkeep
|
|t:|1756960082
|switch|p2a: Annihilape|Annihilape, L50, M|100/100
|turn|4
|
|t:|1756960194
|move|p2b: harder|Stomping Tantrum|p1b: Gholdengo
|-damage|p1b: Gholdengo|0 fnt
|faint|p1b: Gholdengo
|-damage|p2b: harder|81/100|[from] item: Life Orb
|move|p2a: Annihilape|Final Gambit|p1a: Dragonite
|-damage|p1a: Dragonite|0 fnt
|faint|p2a: Annihilape
|faint|p1a: Dragonite
|
|-weather|Snowscape|[upkeep]
|upkeep
|
|t:|1756960203
|switch|p1b: Incineroar|Incineroar, L50, M|100/100
|switch|p1a: Ninetales|Ninetales-Alola, L50, F|100/100
|-ability|p1b: Incineroar|Intimidate|boost
|-unboost|p2b: harder|atk|1
|turn|5
|
|t:|1756960213
|move|p2b: harder|Protect|p2b: harder
|-singleturn|p2b: harder|Protect
|move|p1b: Incineroar|Fake Out|p2b: harder
|-activate|p2b: harder|move: Protect
|move|p1a: Ninetales|Aurora Veil|p1a: Ninetales
|-sidestart|p1: Ritzbitz12|move: Aurora Veil
|
|-weather|none
|-sideend|p2: Echoes630|move: Tailwind
|upkeep
|turn|6
|
|t:|1756960225
|move|p1a: Ninetales|Freeze-Dry|p2b: harder
|-supereffective|p2b: harder
|-damage|p2b: harder|32/100
|move|p2b: harder|Earthquake|p1a: Ninetales|[spread] p1a,p1b
|-supereffective|p1b: Incineroar
|-damage|p1a: Ninetales|62/100
|-damage|p1b: Incineroar|56/100
|-damage|p2b: harder|23/100|[from] item: Life Orb
|move|p1b: Incineroar|Knock Off|p2b: harder
|-damage|p2b: harder|0 fnt
|-damage|p1b: Incineroar|44/100|[from] ability: Rough Skin|[of] p2b: harder
|-enditem|p2b: harder|Life Orb|[from] move: Knock Off|[of] p1b: Incineroar
|faint|p2b: harder
|
|win|Ritzbitz12
|raw|Ritzbitz12's rating: 1136 → 1167(+31 for winning)
|raw|Echoes630's rating: 1221 → 1190(-31 for losing)
|l|☆Echoes630
|player|p2|
