|j|☆poison mouse
|j|☆new mental
|html|poison mousenew mental    
|uhtml|bestof|Game 3 of a best-of-3
|t:|1784885913
|gametype|doubles
|player|p1|poison mouse|tate|1433
|player|p2|new mental|volkner|1348
|gen|9
|tier|[Gen 9 Champions] VGC 2026 Reg M-B (Bo3)
|rated|
|rule|Species Clause: Limit one of each Pokémon
|rule|Item Clause: Limit 1 of each item
|clearpoke
|poke|p1|Tyranitar, L50, M|
|poke|p1|Excadrill, L50, M|
|poke|p1|Milotic, L50, F|
|poke|p1|Sinistcha, L50|
|poke|p1|Staraptor, L50, M|
|poke|p1|Gholdengo, L50|
|poke|p2|Charizard, L50, M|
|poke|p2|Garchomp, L50, M|
|poke|p2|Incineroar, L50, F|
|poke|p2|Venusaur, L50, M|
|poke|p2|Toxapex, L50, M|
|poke|p2|Sylveon, L50, M|
|teampreview|4
|showteam|p1|Tyranitar||Tyranitarite|SandStream|KnockOff,RockSlide,LowKick,Protect|Jolly||M|||50|]Excadrill||FocusSash|SandRush|Earthquake,IronHead,RockSlide,Protect|Adamant||M|||50|]Milotic||SitrusBerry|Competitive|Scald,IcyWind,IceBeam,Protect|Calm||F|||50|]Sinistcha||ColburBerry|Hospitality|MatchaGotcha,ShadowBall,Protect,RagePowder|Bold|||||50|]Staraptor||Staraptite|Intimidate|CloseCombat,BraveBird,Tailwind,Protect|Jolly||M|||50|]Gholdengo||LifeOrb|GoodasGold|MakeItRain,ShadowBall,NastyPlot,Protect|Modest|||||50|
|showteam|p2|Charizard||CharizarditeY|SolarPower|WeatherBall,HeatWave,AncientPower,Protect|Modest||M|||50|]Garchomp||ChoiceScarf|RoughSkin|RockSlide,DragonClaw,Earthquake,StompingTantrum|Adamant||M|||50|]Incineroar||SitrusBerry|Intimidate|FlareBlitz,FakeOut,DarkestLariat,PartingShot|Impish||F|||50|]Venusaur||LifeOrb|Chlorophyll|SludgeBomb,LeafStorm,EarthPower,Protect|Modest||M|||50|]Toxapex||Leftovers|Regenerator|Infestation,Toxic,WideGuard,BanefulBunker|Bold||M|||50|]Sylveon||FairyFeather|Pixilate|HyperVoice,QuickAttack,Yawn,Detect|Modest||M|||50|
|inactive|Battle timer is ON: inactive players will automatically lose when time's up. (requested by poison mouse)
|
|t:|1784885955
|teamsize|p1|4
|teamsize|p2|4
|start
|switch|p1a: Staraptor|Staraptor, L50, M|100/100
|switch|p1b: Tyranitar|Tyranitar, L50, M|100/100
|switch|p2a: Charizard|Charizard, L50, M|100/100
|switch|p2b: Toxapex|Toxapex, L50, M|100/100
|-ability|p1a: Staraptor|Intimidate|boost
|-unboost|p2a: Charizard|atk|1
|-unboost|p2b: Toxapex|atk|1
|-weather|Sandstorm|[from] ability: Sand Stream|[of] p1b: Tyranitar
|turn|1
|inactive|poison mouse has 30 seconds left.
|
|t:|1784885988
|detailschange|p1a: Staraptor|Staraptor-Mega, L50, M
|-mega|p1a: Staraptor|Staraptor|Staraptite
|detailschange|p2a: Charizard|Charizard-Mega-Y, L50, M
|-mega|p2a: Charizard|Charizard|Charizardite Y
|-weather|SunnyDay|[from] ability: Drought|[of] p2a: Charizard
|move|p1a: Staraptor|Protect|p1a: Staraptor
|-singleturn|p1a: Staraptor|Protect
|move|p2b: Toxapex|Wide Guard|p2b: Toxapex
|-singleturn|p2b: Toxapex|Wide Guard
|move|p1b: Tyranitar|Knock Off|p2b: Toxapex
|-damage|p2b: Toxapex|68/100
|-enditem|p2b: Toxapex|Leftovers|[from] move: Knock Off|[of] p1b: Tyranitar
|move|p2a: Charizard|Heat Wave|p1a: Staraptor|[spread] p1b
|-activate|p1a: Staraptor|move: Protect
|-resisted|p1b: Tyranitar|1
|-damage|p1b: Tyranitar|70/100
|
|-weather|SunnyDay|[upkeep]
|upkeep
|turn|2
|
|t:|1784886004
|move|p2b: Toxapex|Wide Guard|p2b: Toxapex
|-singleturn|p2b: Toxapex|Wide Guard
|move|p1a: Staraptor|Brave Bird|p2b: Toxapex
|-damage|p2b: Toxapex|31/100
|-damage|p1a: Staraptor|89/100|[from] Recoil
|move|p1b: Tyranitar|Rock Slide|p2b: Toxapex|[spread] 
|-activate|p2a: Charizard|move: Wide Guard
|-activate|p2b: Toxapex|move: Wide Guard
|move|p2a: Charizard|Heat Wave|p1b: Tyranitar|[spread] p1a,p1b
|-resisted|p1b: Tyranitar|1
|-damage|p1a: Staraptor|26/100
|-damage|p1b: Tyranitar|41/100
|
|-weather|SunnyDay|[upkeep]
|upkeep
|turn|3
|
|t:|1784886015
|switch|p1b: Milotic|Milotic, L50, F|100/100
|-heal|p2b: Toxapex|64/100|[from] ability: Regenerator|[silent]
|switch|p2b: Sylveon|Sylveon, L50, M|100/100
|move|p1a: Staraptor|Protect|p1a: Staraptor
|-singleturn|p1a: Staraptor|Protect
|move|p2a: Charizard|Heat Wave|p1a: Staraptor|[spread] p1b
|-activate|p1a: Staraptor|move: Protect
|-resisted|p1b: Milotic|1
|-damage|p1b: Milotic|78/100
|
|-weather|SunnyDay|[upkeep]
|upkeep
|turn|4
|
|t:|1784886026
|switch|p2a: Toxapex|Toxapex, L50, M|64/100
|move|p1a: Staraptor|Brave Bird|p2a: Toxapex
|-damage|p2a: Toxapex|30/100
|-damage|p1a: Staraptor|16/100|[from] Recoil
|move|p1b: Milotic|Icy Wind|p2a: Toxapex|[spread] p2a,p2b
|-resisted|p2a: Toxapex|1
|-crit|p2a: Toxapex
|-damage|p2a: Toxapex|25/100
|-damage|p2b: Sylveon|92/100
|-unboost|p2a: Toxapex|spe|1
|-unboost|p2b: Sylveon|spe|1
|move|p2b: Sylveon|Hyper Voice|p1a: Staraptor|[spread] p1a,p1b
|-supereffective|p1a: Staraptor|1
|-damage|p1a: Staraptor|0 fnt
|-damage|p1b: Milotic|51/100
|faint|p1a: Staraptor
|
|-weather|SunnyDay|[upkeep]
|upkeep
|
|t:|1784886030
|switch|p1a: Gholdengo|Gholdengo, L50|100/100
|turn|5
|
|t:|1784886040
|-heal|p2a: Toxapex|58/100|[from] ability: Regenerator|[silent]
|switch|p2a: Venusaur|Venusaur, L50, M|100/100
|move|p1a: Gholdengo|Nasty Plot|p1a: Gholdengo
|-boost|p1a: Gholdengo|spa|2
|move|p1b: Milotic|Icy Wind|p2b: Sylveon|[spread] p2a,p2b
|-supereffective|p2a: Venusaur|1
|-damage|p2a: Venusaur|78/100
|-damage|p2b: Sylveon|84/100
|-unboost|p2a: Venusaur|spe|1
|-unboost|p2b: Sylveon|spe|1
|move|p2b: Sylveon|Yawn|p1a: Gholdengo
|-immune|p1a: Gholdengo|[from] ability: Good as Gold
|
|-weather|none
|upkeep
|turn|6
|
|t:|1784886057
|switch|p2b: Charizard|Charizard-Mega-Y, L50, M|100/100
|-weather|SunnyDay|[from] ability: Drought|[of] p2b: Charizard
|move|p2a: Venusaur|Earth Power|p1a: Gholdengo
|-supereffective|p1a: Gholdengo|1
|-damage|p1a: Gholdengo|28/100
|-damage|p2a: Venusaur|69/100|[from] item: Life Orb
|move|p1b: Milotic|Icy Wind|p2a: Venusaur|[spread] p2b
|-miss|p1b: Milotic|p2a: Venusaur
|-damage|p2b: Charizard|90/100
|-unboost|p2b: Charizard|spe|1
|move|p1a: Gholdengo|Shadow Ball|p2a: Venusaur
|-damage|p2a: Venusaur|0 fnt
|faint|p2a: Venusaur
|-damage|p1a: Gholdengo|19/100|[from] item: Life Orb
|
|-weather|SunnyDay|[upkeep]
|upkeep
|
|t:|1784886073
|switch|p2a: Toxapex|Toxapex, L50, M|58/100
|turn|7
|
|t:|1784886083
|switch|p1b: Tyranitar|Tyranitar, L50, M|41/100
|-weather|Sandstorm|[from] ability: Sand Stream|[of] p1b: Tyranitar
|move|p1a: Gholdengo|Shadow Ball|p2a: Toxapex
|-damage|p2a: Toxapex|0 fnt
|faint|p2a: Toxapex
|-damage|p1a: Gholdengo|9/100|[from] item: Life Orb
|move|p2b: Charizard|Heat Wave|p1a: Gholdengo|[spread] p1a,p1b
|-supereffective|p1a: Gholdengo|1
|-resisted|p1b: Tyranitar|1
|-damage|p1a: Gholdengo|0 fnt
|-damage|p1b: Tyranitar|29/100
|faint|p1a: Gholdengo
|
|-weather|Sandstorm|[upkeep]
|-damage|p2b: Charizard|84/100|[from] Sandstorm
|upkeep
|
|t:|1784886090
|switch|p1a: Milotic|Milotic, L50, F|51/100
|switch|p2a: Sylveon|Sylveon, L50, M|84/100
|turn|8
|
|t:|1784886101
|move|p1b: Tyranitar|Protect|p1b: Tyranitar
|-singleturn|p1b: Tyranitar|Protect
|move|p2b: Charizard|Protect|p2b: Charizard
|-singleturn|p2b: Charizard|Protect
|move|p1a: Milotic|Scald|p2a: Sylveon
|-damage|p2a: Sylveon|62/100
|move|p2a: Sylveon|Hyper Voice|p1a: Milotic|[spread] p1a
|-activate|p1b: Tyranitar|move: Protect
|-damage|p1a: Milotic|23/100
|-enditem|p1a: Milotic|Sitrus Berry|[eat]
|-heal|p1a: Milotic|47/100|[from] item: Sitrus Berry
|
|-weather|Sandstorm|[upkeep]
|-damage|p1a: Milotic|42/100|[from] Sandstorm
|-damage|p2a: Sylveon|56/100|[from] Sandstorm
|-damage|p2b: Charizard|78/100|[from] Sandstorm
|upkeep
|turn|9
|
|t:|1784886108
|move|p1b: Tyranitar|Rock Slide|p2b: Charizard|[spread] p2a,p2b
|-supereffective|p2b: Charizard|2
|-damage|p2a: Sylveon|29/100
|-damage|p2b: Charizard|0 fnt
|faint|p2b: Charizard
|move|p1a: Milotic|Scald|p2a: Sylveon
|-damage|p2a: Sylveon|8/100
|cant|p2a: Sylveon|flinch
|
|-weather|Sandstorm|[upkeep]
|-damage|p1a: Milotic|36/100|[from] Sandstorm
|-damage|p2a: Sylveon|2/100|[from] Sandstorm
|upkeep
|turn|10
|
|t:|1784886120
|move|p1b: Tyranitar|Knock Off|p2a: Sylveon
|-resisted|p2a: Sylveon|1
|-damage|p2a: Sylveon|0 fnt
|-enditem|p2a: Sylveon|Fairy Feather|[from] move: Knock Off|[of] p1b: Tyranitar
|faint|p2a: Sylveon
|
|win|poison mouse
|raw|poison mouse's rating: 1433 → 1448(+15 for winning)
|raw|new mental's rating: 1348 → 1333(-15 for losing)
|l|☆new mental
|player|p2|
