|j|☆Mortipherus
|j|‽Dudthestud
|html|MortipherusDudthestud    
|uhtml|bestof|Game 2 of a best-of-3
|t:|1756232529
|gametype|doubles
|player|p1|Mortipherus|biker-gen4|1116
|player|p2|Dudthestud|101|1110
|gen|9
|tier|[Gen 9] VGC 2025 Reg H (Bo3)
|rated|
|rule|Species Clause: Limit one of each Pokémon
|rule|Item Clause: Limit 1 of each item
|clearpoke
|poke|p1|Hydrapple, L50, M|
|poke|p1|Gyarados, L50, F|
|poke|p1|Delphox, L50, F|
|poke|p1|Electabuzz, L50, F|
|poke|p1|Indeedee-F, L50, F|
|poke|p1|Sneasler, L50, M|
|poke|p2|Gholdengo, L50|
|poke|p2|Incineroar, L50, M|
|poke|p2|Sneasler, L50, F|
|poke|p2|Volcarona, L50, M|
|poke|p2|Rillaboom, L50, M|
|poke|p2|Dragapult, L50, M|
|teampreview|4
|showteam|p1|Hydrapple||AssaultVest|Regenerator|FickleBeam,EnergyBall,EarthPower,PollenPuff|||M|||50|,,,,,Bug]Gyarados||ClearAmulet|Intimidate|Protect,DragonDance,Waterfall,TeraBlast|||F|||50|,,,,,Ground]Delphox||LifeOrb|Blaze|Protect,TrickRoom,ExpandingForce,HeatWave|||F|||50|,,,,,Psychic]Electabuzz||Eviolite|VitalSpirit|Protect,FollowMe,Taunt,Electroweb|||F|||50|,,,,,Dragon]Indeedee-F||SafetyGoggles|PsychicSurge|Protect,FollowMe,TrickRoom,AlluringVoice|||F|||50|,,,,,Water]Sneasler||PsychicSeed|Unburden|Protect,ThroatChop,DireClaw,CloseCombat|||M|||50|,,,,,Dark
|showteam|p2|Gholdengo||ChoiceSpecs|GoodasGold|MakeItRain,ShadowBall,DazzlingGleam,Trick||||||50|,,,,,Water]Incineroar||SafetyGoggles|Intimidate|KnockOff,Taunt,PartingShot,FakeOut|||M|||50|,,,,,Ghost]Sneasler||WhiteHerb|Unburden|DireClaw,CloseCombat,Coaching,Protect|||F|||50|,,,,,Dark]Volcarona||CovertCloak|FlameBody|Overheat,StruggleBug,RagePowder,WillOWisp|||M|||50|,,,,,Fairy]Rillaboom||AssaultVest|GrassySurge|FakeOut,GrassyGlide,DrumBeating,HighHorsepower|||M|||50|,,,,,Fire]Dragapult||LifeOrb|ClearBody|DragonDarts,Uturn,TeraBlast,Protect|||M|||50|,,,,,Ghost
|inactive|Battle timer is ON: inactive players will automatically lose when time's up. (requested by Dudthestud)
|
|t:|1756232552
|teamsize|p1|4
|teamsize|p2|4
|start
|switch|p1a: Indeedee|Indeedee-F, L50, F|100/100
|switch|p1b: Delphox|Delphox, L50, F|100/100
|switch|p2a: Volcarona|Volcarona, L50, M|100/100
|switch|p2b: Dragapult|Dragapult, L50, M|100/100
|-fieldstart|move: Psychic Terrain|[from] ability: Psychic Surge|[of] p1a: Indeedee
|turn|1
|
|t:|1756232573
|move|p2b: Dragapult|U-turn|p1b: Delphox
|-damage|p1b: Delphox|57/100
|-damage|p2b: Dragapult|91/100|[from] item: Life Orb
|
|t:|1756232579
|switch|p2b: Rillaboom|Rillaboom, L50, M|100/100|[from] U-turn
|-fieldstart|move: Grassy Terrain|[from] ability: Grassy Surge|[of] p2b: Rillaboom
|move|p1b: Delphox|Expanding Force|p2a: Volcarona
|-damage|p2a: Volcarona|54/100
|-damage|p1b: Delphox|48/100|[from] item: Life Orb
|move|p2a: Volcarona|Struggle Bug|p1a: Indeedee|[spread] p1a,p1b
|-supereffective|p1a: Indeedee
|-damage|p1a: Indeedee|72/100
|-damage|p1b: Delphox|30/100
|-unboost|p1a: Indeedee|spa|1
|-unboost|p1b: Delphox|spa|1
|move|p1a: Indeedee|Trick Room|p1a: Indeedee
|-fieldstart|move: Trick Room|[of] p1a: Indeedee
|
|-heal|p1a: Indeedee|78/100|[from] Grassy Terrain
|-heal|p2a: Volcarona|60/100|[from] Grassy Terrain
|-heal|p1b: Delphox|36/100|[from] Grassy Terrain
|upkeep
|turn|2
|inactive|Mortipherus has 30 seconds left.
|
|t:|1756232604
|switch|p1b: Hydrapple|Hydrapple, L50, M|100/100
|move|p1a: Indeedee|Protect|p1a: Indeedee
|-singleturn|p1a: Indeedee|Protect
|move|p2a: Volcarona|Struggle Bug|p1b: Hydrapple|[spread] p1b
|-activate|p1a: Indeedee|move: Protect
|-supereffective|p1b: Hydrapple
|-damage|p1b: Hydrapple|81/100
|-unboost|p1b: Hydrapple|spa|1
|move|p2b: Rillaboom|Drum Beating|p2a: Volcarona
|-resisted|p2a: Volcarona
|-damage|p2a: Volcarona|49/100
|
|-heal|p1b: Hydrapple|87/100|[from] Grassy Terrain
|-heal|p1a: Indeedee|85/100|[from] Grassy Terrain
|-heal|p2a: Volcarona|55/100|[from] Grassy Terrain
|upkeep
|turn|3
|inactive|Mortipherus has 30 seconds left.
|inactive|Dudthestud has 30 seconds left.
|inactive|Dudthestud has 20 seconds left.
|
|t:|1756232641
|switch|p1a: Delphox|Delphox, L50, F|36/100
|-terastallize|p2a: Volcarona|Fairy
|move|p2b: Rillaboom|Grassy Glide|p1a: Delphox
|-resisted|p1a: Delphox
|-damage|p1a: Delphox|15/100
|move|p1b: Hydrapple|Fickle Beam|p2a: Volcarona
|-immune|p2a: Volcarona
|move|p2a: Volcarona|Struggle Bug|p1b: Hydrapple|[spread] p1a,p1b
|-supereffective|p1b: Hydrapple
|-damage|p1a: Delphox|0 fnt
|-damage|p1b: Hydrapple|63/100
|-unboost|p1b: Hydrapple|spa|1
|faint|p1a: Delphox
|
|-heal|p1b: Hydrapple|69/100|[from] Grassy Terrain
|-heal|p2a: Volcarona|60/100|[from] Grassy Terrain
|upkeep
|
|t:|1756232651
|switch|p1a: Indeedee|Indeedee-F, L50, F|85/100
|-fieldstart|move: Psychic Terrain|[from] ability: Psychic Surge|[of] p1a: Indeedee
|turn|4
|
|t:|1756232673
|switch|p1b: Sneasler|Sneasler, L50, M|100/100
|-enditem|p1b: Sneasler|Psychic Seed
|-boost|p1b: Sneasler|spd|1|[from] item: Psychic Seed
|move|p2a: Volcarona|Struggle Bug|p1a: Indeedee|[spread] p1a,p1b
|-supereffective|p1a: Indeedee
|-resisted|p1b: Sneasler
|-damage|p1a: Indeedee|58/100
|-damage|p1b: Sneasler|97/100
|-unboost|p1a: Indeedee|spa|1
|-unboost|p1b: Sneasler|spa|1
|move|p2b: Rillaboom|High Horsepower|p1a: Indeedee
|-damage|p1a: Indeedee|24/100
|move|p1a: Indeedee|Trick Room|p1a: Indeedee
|-fieldend|move: Trick Room
|
|upkeep
|turn|5
|inactive|Mortipherus has 30 seconds left.
|inactive|Dudthestud has 30 seconds left.
|
|t:|1756232700
|switch|p1a: Hydrapple|Hydrapple, L50, M|100/100
|-terastallize|p1b: Sneasler|Dark
|move|p1b: Sneasler|Dire Claw|p2a: Volcarona
|-supereffective|p2a: Volcarona
|-damage|p2a: Volcarona|0 fnt
|faint|p2a: Volcarona
|move|p2b: Rillaboom|High Horsepower|p1b: Sneasler
|-damage|p1b: Sneasler|44/100
|
|upkeep
|
|t:|1756232707
|switch|p2a: Dragapult|Dragapult, L50, M|91/100
|turn|6
|
|t:|1756232719
|switch|p2b: Sneasler|Sneasler, L50, F|100/100
|move|p2a: Dragapult|Protect|p2a: Dragapult
|-singleturn|p2a: Dragapult|Protect
|move|p1b: Sneasler|Dire Claw|p2b: Sneasler
|-resisted|p2b: Sneasler
|-damage|p2b: Sneasler|62/100
|move|p1a: Hydrapple|Pollen Puff|p1b: Sneasler
|-heal|p1b: Sneasler|94/100
|
|upkeep
|turn|7
|
|t:|1756232737
|move|p1b: Sneasler|Throat Chop|p2a: Dragapult
|-supereffective|p2a: Dragapult
|-damage|p2a: Dragapult|0 fnt
|faint|p2a: Dragapult
|move|p2b: Sneasler|Close Combat|p1b: Sneasler
|-supereffective|p1b: Sneasler
|-damage|p1b: Sneasler|0 fnt
|-unboost|p2b: Sneasler|def|1
|-unboost|p2b: Sneasler|spd|1
|faint|p1b: Sneasler
|-enditem|p2b: Sneasler|White Herb
|-clearnegativeboost|p2b: Sneasler|[silent]
|move|p1a: Hydrapple|Earth Power|p2b: Sneasler
|-supereffective|p2b: Sneasler
|-damage|p2b: Sneasler|0 fnt
|faint|p2b: Sneasler
|
|upkeep
|
|t:|1756232752
|switch|p2a: Rillaboom|Rillaboom, L50, M|100/100
|switch|p1b: Indeedee|Indeedee-F, L50, F|24/100
|-fieldstart|move: Grassy Terrain|[from] ability: Grassy Surge|[of] p2a: Rillaboom
|-fieldstart|move: Psychic Terrain|[from] ability: Psychic Surge|[of] p1b: Indeedee
|turn|8
|
|t:|1756232762
|move|p2a: Rillaboom|Drum Beating|p1b: Indeedee
|-damage|p1b: Indeedee|0 fnt
|faint|p1b: Indeedee
|move|p1a: Hydrapple|Pollen Puff|p1: Indeedee|[notarget]
|-fail|p1a: Hydrapple
|
|upkeep
|turn|9
|
|t:|1756232770
|move|p2a: Rillaboom|High Horsepower|p1a: Hydrapple
|-resisted|p1a: Hydrapple
|-damage|p1a: Hydrapple|89/100
|move|p1a: Hydrapple|Pollen Puff|p2a: Rillaboom
|-supereffective|p2a: Rillaboom
|-damage|p2a: Rillaboom|45/100
|
|upkeep
|turn|10
|-message|Dudthestud forfeited.
|
|win|Mortipherus
|l|‽Dudthestud
|player|p2|
||Mortipherus is ready for game 3.
||Dudthestud is ready for game 3.
|uhtml|next|Next: Game 3 of 3
|j|‽Dudthestud
|player|p2|Dudthestud|101|
|l|‽Dudthestud
|player|p2|
