|j|☆dangro92
|j|☆ZeGaboVGC
|html|dangro92ZeGaboVGC    
|uhtml|bestof|Game 1 of a best-of-3
|t:|1757087140
|gametype|doubles
|player|p1|dangro92|blue|1099
|player|p2|ZeGaboVGC|benga|1178
|gen|9
|tier|[Gen 9] VGC 2025 Reg H (Bo3)
|rated|
|rule|Species Clause: Limit one of each Pokémon
|rule|Item Clause: Limit 1 of each item
|clearpoke
|poke|p1|Incineroar, L50, F|
|poke|p1|Gholdengo, L50|
|poke|p1|Sneasler, L50, M|
|poke|p1|Ursaluna-Bloodmoon, L50, M|
|poke|p1|Porygon2, L50|
|poke|p1|Tyranitar, L50, F|
|poke|p2|Incineroar, L50, F|
|poke|p2|Amoonguss, L50, F|
|poke|p2|Ursaluna-Bloodmoon, L50, M|
|poke|p2|Sneasler, L50, M|
|poke|p2|Gholdengo, L50|
|poke|p2|Dragonite, L50, F|
|teampreview|4
|showteam|p1|Incineroar||SafetyGoggles|Intimidate|FlareBlitz,KnockOff,FakeOut,PartingShot|||F|||50|,,,,,Ghost]Gholdengo||Leftovers|GoodasGold|MakeItRain,ShadowBall,NastyPlot,Protect||||||50|,,,,,Dragon]Sneasler||WhiteHerb|Unburden|CloseCombat,DireClaw,Taunt,Protect|||M|||50|,,,,,Stellar]Ursaluna-Bloodmoon||LifeOrb|MindsEye|EarthPower,HyperVoice,BloodMoon,Protect|||M|||50|,,,,,Normal]Porygon2||Eviolite|Download|TeraBlast,IceBeam,TrickRoom,Recover||||||50|,,,,,Ground]Tyranitar||ClearAmulet|SandStream|RockSlide,KnockOff,TeraBlast,Protect|||F|||50|,,,,,Flying
|showteam|p2|Incineroar||SafetyGoggles|Intimidate|FlareBlitz,KnockOff,PartingShot,FakeOut|||F|||50|,,,,,Ghost]Amoonguss||SitrusBerry|Regenerator|Spore,RagePowder,PollenPuff,Protect|||F|||50|,,,,,Dark]Ursaluna-Bloodmoon||AssaultVest|MindsEye|HyperVoice,BloodMoon,EarthPower,VacuumWave|||M|||50|,,,,,Water]Sneasler||FocusSash|Unburden|CloseCombat,DireClaw,ThroatChop,Protect|||M|||50|,,,,,Stellar]Gholdengo||LifeOrb|GoodasGold|MakeItRain,ShadowBall,NastyPlot,Protect||||||50|,,,,,Water]Dragonite||LoadedDice|Multiscale|ScaleShot,Tailwind,Haze,Protect|||F|||50|,,,,,Fairy
|inactive|Battle timer is ON: inactive players will automatically lose when time's up. (requested by ZeGaboVGC)
|inactive|dangro92 has 60 seconds left.
|
|t:|1757087187
|teamsize|p1|4
|teamsize|p2|4
|start
|switch|p1a: Tyranitar|Tyranitar, L50, F, shiny|100/100
|switch|p1b: Incineroar|Incineroar, L50, F, shiny|100/100
|switch|p2a: Incineroar|Incineroar, L50, F|100/100
|switch|p2b: Gholdengo|Gholdengo, L50|100/100
|-ability|p2a: Incineroar|Intimidate|boost
|-fail|p1a: Tyranitar|unboost|[from] item: Clear Amulet|[of] p1a: Tyranitar
|-unboost|p1b: Incineroar|atk|1
|-weather|Sandstorm|[from] ability: Sand Stream|[of] p1a: Tyranitar
|-ability|p1b: Incineroar|Intimidate|boost
|-unboost|p2a: Incineroar|atk|1
|-unboost|p2b: Gholdengo|atk|1
|turn|1
|inactive|dangro92 has 30 seconds left.
|inactive|ZeGaboVGC has 30 seconds left.
|inactive|ZeGaboVGC has 20 seconds left.
|
|t:|1757087225
|-terastallize|p2b: Gholdengo|Water
|move|p2a: Incineroar|Fake Out|p1a: Tyranitar
|-resisted|p1a: Tyranitar
|-crit|p1a: Tyranitar
|-damage|p1a: Tyranitar|92/100
|move|p2b: Gholdengo|Nasty Plot|p2b: Gholdengo
|-boost|p2b: Gholdengo|spa|2
|cant|p1a: Tyranitar|flinch
|move|p1b: Incineroar|Knock Off|p2b: Gholdengo
|-damage|p2b: Gholdengo|73/100
|-enditem|p2b: Gholdengo|Life Orb|[from] move: Knock Off|[of] p1b: Incineroar
|
|-weather|Sandstorm|[upkeep]
|-damage|p2b: Gholdengo|67/100|[from] Sandstorm
|upkeep
|turn|2
|inactive|dangro92 has 30 seconds left.
|inactive|dangro92 has 20 seconds left.
|inactive|ZeGaboVGC has 30 seconds left.
|inactive|dangro92 has 15 seconds left.
|inactive|dangro92 has 10 seconds left.
|inactive|ZeGaboVGC has 20 seconds left.
|
|t:|1757087273
|switch|p2a: Ursaluna|Ursaluna-Bloodmoon, L50, M|100/100
|move|p2b: Gholdengo|Protect|p2b: Gholdengo
|-singleturn|p2b: Gholdengo|Protect
|move|p1a: Tyranitar|Protect|p1a: Tyranitar
|-singleturn|p1a: Tyranitar|Protect
|move|p1b: Incineroar|Parting Shot|p2a: Ursaluna
|-unboost|p2a: Ursaluna|atk|1
|-unboost|p2a: Ursaluna|spa|1
|
|t:|1757087283
|switch|p1b: Porygon2|Porygon2, L50, shiny|100/100|[from] Parting Shot
|-ability|p1b: Porygon2|Download|boost
|-boost|p1b: Porygon2|spa|1
|
|-weather|Sandstorm|[upkeep]
|-damage|p2b: Gholdengo|60/100|[from] Sandstorm
|-damage|p1b: Porygon2|94/100|[from] Sandstorm
|upkeep
|turn|3
|inactive|dangro92 has 30 seconds left.
|
|t:|1757087316
|switch|p1a: Incineroar|Incineroar, L50, F, shiny|100/100
|-ability|p1a: Incineroar|Intimidate|boost
|-unboost|p2a: Ursaluna|atk|1
|-unboost|p2b: Gholdengo|atk|1
|switch|p2a: Incineroar|Incineroar, L50, F|100/100
|-ability|p2a: Incineroar|Intimidate|boost
|-unboost|p1a: Incineroar|atk|1
|-unboost|p1b: Porygon2|atk|1
|move|p2b: Gholdengo|Make It Rain|p1b: Porygon2|[spread] p1a,p1b
|-resisted|p1a: Incineroar
|-damage|p1a: Incineroar|56/100
|-damage|p1b: Porygon2|50/100
|-unboost|p2b: Gholdengo|spa|1
|move|p1b: Porygon2|Trick Room|p1b: Porygon2
|-fieldstart|move: Trick Room|[of] p1b: Porygon2
|
|-weather|Sandstorm|[upkeep]
|-damage|p1b: Porygon2|44/100|[from] Sandstorm
|-damage|p2b: Gholdengo|54/100|[from] Sandstorm
|upkeep
|turn|4
|
|t:|1757087339
|move|p2b: Gholdengo|Protect|p2b: Gholdengo
|-singleturn|p2b: Gholdengo|Protect
|move|p1a: Incineroar|Fake Out|p2b: Gholdengo
|-activate|p2b: Gholdengo|move: Protect
|move|p1b: Porygon2|Recover|p1b: Porygon2
|-heal|p1b: Porygon2|94/100
|move|p2a: Incineroar|Knock Off|p1b: Porygon2
|-damage|p1b: Porygon2|66/100
|-enditem|p1b: Porygon2|Eviolite|[from] move: Knock Off|[of] p2a: Incineroar
|
|-weather|Sandstorm|[upkeep]
|-damage|p1b: Porygon2|59/100|[from] Sandstorm
|-damage|p2b: Gholdengo|48/100|[from] Sandstorm
|upkeep
|turn|5
|inactive|dangro92 has 30 seconds left.
|
|t:|1757087365
|switch|p2b: Ursaluna|Ursaluna-Bloodmoon, L50, M|100/100
|move|p1a: Incineroar|Knock Off|p2b: Ursaluna
|-damage|p2b: Ursaluna|81/100
|-enditem|p2b: Ursaluna|Assault Vest|[from] move: Knock Off|[of] p1a: Incineroar
|move|p1b: Porygon2|Tera Blast|p2b: Ursaluna
|-damage|p2b: Ursaluna|39/100
|move|p2a: Incineroar|Flare Blitz|p1b: Porygon2
|-damage|p1b: Porygon2|12/100
|-damage|p2a: Incineroar|86/100|[from] Recoil
|
|-weather|none
|upkeep
|turn|6
|
|t:|1757087386
|move|p2b: Ursaluna|Vacuum Wave|p1b: Porygon2
|-supereffective|p1b: Porygon2
|-damage|p1b: Porygon2|0 fnt
|faint|p1b: Porygon2
|move|p1a: Incineroar|Parting Shot|p2a: Incineroar
|-unboost|p2a: Incineroar|atk|1
|-unboost|p2a: Incineroar|spa|1
|
|t:|1757087393
|switch|p1a: Ursaluna|Ursaluna-Bloodmoon, L50, M|100/100|[from] Parting Shot
|move|p2a: Incineroar|Knock Off|p1a: Ursaluna
|-crit|p1a: Ursaluna
|-damage|p1a: Ursaluna|59/100
|-enditem|p1a: Ursaluna|Life Orb|[from] move: Knock Off|[of] p2a: Incineroar
|
|upkeep
|
|t:|1757087399
|switch|p1b: Tyranitar|Tyranitar, L50, F, shiny|92/100
|-weather|Sandstorm|[from] ability: Sand Stream|[of] p1b: Tyranitar
|turn|7
|inactive|ZeGaboVGC has 30 seconds left.
|
|t:|1757087432
|-terastallize|p1a: Ursaluna|Normal
|move|p1a: Ursaluna|Hyper Voice|p2a: Incineroar|[spread] p2a,p2b
|-damage|p2a: Incineroar|40/100
|-damage|p2b: Ursaluna|0 fnt
|faint|p2b: Ursaluna
|move|p1b: Tyranitar|Rock Slide|p2a: Incineroar
|-supereffective|p2a: Incineroar
|-damage|p2a: Incineroar|0 fnt
|faint|p2a: Incineroar
|
|-weather|Sandstorm|[upkeep]
|-damage|p1a: Ursaluna|53/100|[from] Sandstorm
|-fieldend|move: Trick Room
|upkeep
|
|t:|1757087437
|switch|p2a: Gholdengo|Gholdengo, L50, tera:Water|48/100
|switch|p2b: Sneasler|Sneasler, L50, M|100/100
|turn|8
|inactive|dangro92 has 30 seconds left.
|
|t:|1757087464
|switch|p1b: Incineroar|Incineroar, L50, F, shiny|56/100
|-ability|p1b: Incineroar|Intimidate|boost
|-unboost|p2a: Gholdengo|atk|1
|-unboost|p2b: Sneasler|atk|1
|move|p2b: Sneasler|Close Combat|p1b: Incineroar
|-supereffective|p1b: Incineroar
|-damage|p1b: Incineroar|0 fnt
|-unboost|p2b: Sneasler|def|1
|-unboost|p2b: Sneasler|spd|1
|faint|p1b: Incineroar
|move|p2a: Gholdengo|Make It Rain|p1a: Ursaluna
|-damage|p1a: Ursaluna|0 fnt
|-unboost|p2a: Gholdengo|spa|1
|faint|p1a: Ursaluna
|
|-weather|Sandstorm|[upkeep]
|-damage|p2b: Sneasler|95/100|[from] Sandstorm
|-damage|p2a: Gholdengo|42/100|[from] Sandstorm
|upkeep
|
|t:|1757087482
|switch|p1b: Tyranitar|Tyranitar, L50, F, shiny|92/100
|turn|9
|-message|dangro92 forfeited.
|
|win|ZeGaboVGC
|l|☆dangro92
|player|p1|
||dangro92 is ready for game 2.
