|j|☆glueck
|j|☆Duck 7457546765
|html|glueckDuck 7457546765    
|uhtml|bestof|Game 2 of a best-of-3
|t:|1756927131
|gametype|doubles
|player|p1|glueck|marley|1041
|player|p2|Duck 7457546765|karen|1007
|gen|9
|tier|[Gen 9] VGC 2025 Reg H (Bo3)
|rated|
|rule|Species Clause: Limit one of each Pokémon
|rule|Item Clause: Limit 1 of each item
|clearpoke
|poke|p1|Sneasler, L50, M|
|poke|p1|Indeedee, L50, M|
|poke|p1|Ursaluna-Bloodmoon, L50, M|
|poke|p1|Electabuzz, L50, F|
|poke|p1|Incineroar, L50, F|
|poke|p1|Talonflame, L50, M|
|poke|p2|Gallade, L50, M|
|poke|p2|Amoonguss, L50, F|
|poke|p2|Incineroar, L50, M|
|poke|p2|Dragapult, L50, F|
|poke|p2|Ursaluna-Bloodmoon, L50, M|
|poke|p2|Porygon2, L50|
|teampreview|4
|showteam|p1|Sneasler||PsychicSeed|Unburden|CloseCombat,DireClaw,ThroatChop,Protect|||M|||50|,,,,,Dark]Indeedee||FocusSash|PsychicSurge|ExpandingForce,TrickRoom,Protect,Imprison|||M|||50|,,,,,Psychic]Ursaluna-Bloodmoon||LifeOrb|MindsEye|BloodMoon,HyperVoice,EarthPower,Protect|||M|||50|,,,,,Normal]Electabuzz||Eviolite|VitalSpirit|Electroweb,FollowMe,Taunt,Protect|||F|||50|,,,,,Dragon]Incineroar||SafetyGoggles|Intimidate|FlareBlitz,KnockOff,PartingShot,FakeOut|||F|||50|,,,,,Ghost]Talonflame||CovertCloak|GaleWings|FlareBlitz,DualWingbeat,WillOWisp,Tailwind|||M|||50|,,,,,Fairy
|showteam|p2|Gallade||ClearAmulet|Sharpness|SacredSword,PsychoCut,Protect,NightSlash|||M|||50|,,,,,Steel]Amoonguss||MentalHerb|EffectSpore|RagePowder,Spore,Protect,SludgeBomb|||F|||50|,,,,,Water]Incineroar||SafetyGoggles|Intimidate|FlareBlitz,KnockOff,PartingShot,FakeOut|||M|||50|,,,,,Ghost]Dragapult||ChoiceBand|ClearBody|Outrage,DragonDarts,Uturn,SleepTalk|||F|||50|,,,,,Dragon]Ursaluna-Bloodmoon||LifeOrb|MindsEye|BloodMoon,HyperBeam,Protect,EarthPower|||M|||50|,,,,,Ghost]Porygon2||Eviolite|Trace|TrickRoom,TeraBlast,IceBeam,SleepTalk||||||50|,,,,,Fairy
|inactive|Battle timer is ON: inactive players will automatically lose when time's up. (requested by glueck)
|
|t:|1756927148
|teamsize|p1|4
|teamsize|p2|4
|start
|switch|p1a: Indeedee|Indeedee, L50, M|100/100
|switch|p1b: Sneasler|Sneasler, L50, M|100/100
|switch|p2a: Porygon2|Porygon2, L50|100/100
|switch|p2b: Ursaluna|Ursaluna-Bloodmoon, L50, M|100/100
|-fieldstart|move: Psychic Terrain|[from] ability: Psychic Surge|[of] p1a: Indeedee
|-enditem|p1b: Sneasler|Psychic Seed
|-boost|p1b: Sneasler|spd|1|[from] item: Psychic Seed
|-ability|p2a: Porygon2|Unburden|Trace|[from] ability: Trace|[of] p1b: Sneasler
|turn|1
|inactive|glueck has 30 seconds left.
|inactive|Duck 7457546765 has 30 seconds left.
|
|t:|1756927182
|-terastallize|p1a: Indeedee|Psychic
|-terastallize|p2a: Porygon2|Fairy
|move|p2b: Ursaluna|Protect|p2b: Ursaluna
|-singleturn|p2b: Ursaluna|Protect
|move|p1b: Sneasler|Close Combat|p2a: Porygon2
|-resisted|p2a: Porygon2
|-damage|p2a: Porygon2|79/100
|-unboost|p1b: Sneasler|def|1
|-unboost|p1b: Sneasler|spd|1
|move|p1a: Indeedee|Expanding Force|p2b: Ursaluna|[spread] p2a
|-activate|p2b: Ursaluna|move: Protect
|-crit|p2a: Porygon2
|-damage|p2a: Porygon2|16/100
|move|p2a: Porygon2|Trick Room|p2a: Porygon2
|-fieldstart|move: Trick Room|[of] p2a: Porygon2
|
|upkeep
|turn|2
|inactive|glueck has 30 seconds left.
|inactive|Duck 7457546765 has 30 seconds left.
|inactive|Duck 7457546765 has 20 seconds left.
|inactive|Duck 7457546765 has 15 seconds left.
|
|t:|1756927232
|move|p1b: Sneasler|Protect|p1b: Sneasler
|-singleturn|p1b: Sneasler|Protect
|move|p2a: Porygon2|Tera Blast|p1a: Indeedee|[anim] Tera Blast Fairy
|-damage|p1a: Indeedee|50/100
|move|p2b: Ursaluna|Earth Power|p1b: Sneasler
|-activate|p1b: Sneasler|move: Protect
|move|p1a: Indeedee|Trick Room|p1a: Indeedee
|-fieldend|move: Trick Room
|
|upkeep
|turn|3
|inactive|glueck has 30 seconds left.
|
|t:|1756927262
|switch|p2a: Incineroar|Incineroar, L50, M|100/100
|-ability|p2a: Incineroar|Intimidate|boost
|-unboost|p1a: Indeedee|atk|1
|-unboost|p1b: Sneasler|atk|1
|move|p1b: Sneasler|Throat Chop|p2b: Ursaluna
|-damage|p2b: Ursaluna|87/100
|-start|p2b: Ursaluna|Throat Chop|[silent]
|move|p1a: Indeedee|Expanding Force|p2b: Ursaluna|[spread] p2b
|-immune|p2a: Incineroar
|-damage|p2b: Ursaluna|9/100
|move|p2b: Ursaluna|Earth Power|p1a: Indeedee
|-damage|p1a: Indeedee|0 fnt
|faint|p1a: Indeedee
|-damage|p2b: Ursaluna|0 fnt|[from] item: Life Orb
|faint|p2b: Ursaluna
|
|upkeep
|
|t:|1756927281
|switch|p1a: Ursaluna|Ursaluna-Bloodmoon, L50, M|100/100
|switch|p2b: Porygon2|Porygon2, L50, tera:Fairy|16/100
|-ability|p2b: Porygon2|Unburden|Trace|[from] ability: Trace|[of] p1b: Sneasler
|turn|4
|
|t:|1756927297
|move|p1b: Sneasler|Dire Claw|p2b: Porygon2
|-supereffective|p2b: Porygon2
|-damage|p2b: Porygon2|0 fnt
|faint|p2b: Porygon2
|move|p1a: Ursaluna|Earth Power|p2a: Incineroar
|-supereffective|p2a: Incineroar
|-damage|p2a: Incineroar|0 fnt
|faint|p2a: Incineroar
|-damage|p1a: Ursaluna|91/100|[from] item: Life Orb
|
|upkeep
|
|t:|1756927309
|switch|p2a: Amoonguss|Amoonguss, L50, F|100/100
|turn|5
|
|t:|1756927317
|move|p1b: Sneasler|Dire Claw|p2a: Amoonguss
|-damage|p2a: Amoonguss|65/100
|move|p1a: Ursaluna|Blood Moon|p2a: Amoonguss
|-damage|p2a: Amoonguss|0 fnt
|faint|p2a: Amoonguss
|-damage|p1a: Ursaluna|81/100|[from] item: Life Orb
|
|win|glueck
|raw|glueck's rating: 1041 → 1072(+31 for winning)
|raw|Duck 7457546765's rating: 1007 → 1000(-7 for losing)
|l|☆Duck 7457546765
|player|p2|
