|j|☆albano
|j|☆ground tera
|html|albanoground tera    
|uhtml|bestof|Game 1 of a best-of-3
|t:|1784397536
|gametype|doubles
|player|p1|albano|alder|1193
|player|p2|ground tera|102|1321
|gen|9
|tier|[Gen 9 Champions] VGC 2026 Reg M-B (Bo3)
|rated|
|rule|Species Clause: Limit one of each Pokémon
|rule|Item Clause: Limit 1 of each item
|clearpoke
|poke|p1|Absol, L50, M|
|poke|p1|Maushold, L50|
|poke|p1|Aerodactyl, L50, F|
|poke|p1|Gholdengo, L50|
|poke|p1|Sneasler, L50, M, shiny|
|poke|p1|Sylveon, L50, M|
|poke|p2|Sneasler, L50, F|
|poke|p2|Incineroar, L50, M|
|poke|p2|Blastoise, L50, M|
|poke|p2|Sinistcha, L50|
|poke|p2|Delphox, L50, M, shiny|
|poke|p2|Vivillon, L50, F|
|teampreview|4
|showteam|p1|Absol||Absolite|Pressure|Protect,CloseCombat,SuckerPunch,KnockOff|Jolly||M|||50|]Maushold||FocusSash|FriendGuard|HelpingHand,Protect,SuperFang,FollowMe|Jolly|||||50|]Aerodactyl||Aerodactylite|Unnerve|Tailwind,WideGuard,RockSlide,DualWingbeat|Jolly||F|||50|]Gholdengo||LifeOrb|GoodasGold|MakeItRain,ShadowBall,NastyPlot,Protect|Timid|||||50|]Sneasler||WhiteHerb|Unburden|FakeOut,CloseCombat,DireClaw,Coaching|Adamant||M|||50|]Sylveon||FairyFeather|Pixilate|HyperBeam,HyperVoice,Protect,QuickAttack|Modest||M|||50|
|showteam|p2|Sneasler||FocusSash|PoisonTouch|QuickGuard,FakeOut,CloseCombat,DireClaw|Jolly||F|||50|]Incineroar||SitrusBerry|Intimidate|FakeOut,PartingShot,FlareBlitz,ThroatChop|Impish||M|||50|]Blastoise||Blastoisinite|Torrent|Protect,ShellSmash,WaterSpout,DarkPulse|Modest||M|||50|]Sinistcha||OccaBerry|Hospitality|Protect,MatchaGotcha,TrickRoom,RagePowder|Bold|||||50|]Delphox||Delphoxite|Blaze|Protect,HeatWave,Psyshock,NastyPlot|Timid||M|||50|]Vivillon||ChoiceScarf|CompoundEyes|Hurricane,SleepPowder,RagePowder,Uturn|Timid||F|||50|
|inactive|Battle timer is ON: inactive players will automatically lose when time's up. (requested by ground tera)
|inactive|albano also wants the timer to be on.
|inactive|albano has 60 seconds left.
|inactive|ground tera has 60 seconds left.
|
|t:|1784397575
|teamsize|p1|4
|teamsize|p2|4
|start
|switch|p1a: Aerodactyl|Aerodactyl, L50, F|100/100
|switch|p1b: Sneasler|Sneasler, L50, M, shiny|100/100
|switch|p2a: Incineroar|Incineroar, L50, M|100/100
|switch|p2b: Delphox|Delphox, L50, M, shiny|100/100
|-ability|p1a: Aerodactyl|Unnerve
|-ability|p2a: Incineroar|Intimidate|boost
|-unboost|p1a: Aerodactyl|atk|1
|-unboost|p1b: Sneasler|atk|1
|-enditem|p1b: Sneasler|White Herb
|-clearnegativeboost|p1b: Sneasler|[silent]
|turn|1
|
|t:|1784397592
|switch|p2a: Sneasler|Sneasler, L50, F|100/100
|detailschange|p2b: Delphox|Delphox-Mega, L50, M, shiny
|-mega|p2b: Delphox|Delphox|Delphoxite
|move|p2b: Delphox|Protect|p2b: Delphox
|-singleturn|p2b: Delphox|Protect
|move|p1b: Sneasler|Fake Out|p2a: Sneasler
|-damage|p2a: Sneasler|75/100
|move|p1a: Aerodactyl|Tailwind|p1a: Aerodactyl
|-sidestart|p1: albano|move: Tailwind
|
|upkeep
|turn|2
|
|t:|1784397620
|switch|p1b: Absol|Absol, L50, M|100/100
|-ability|p1b: Absol|Pressure
|move|p2a: Sneasler|Fake Out|p1a: Aerodactyl
|-resisted|p1a: Aerodactyl|1
|-damage|p1a: Aerodactyl|89/100
|cant|p1a: Aerodactyl|flinch
|move|p2b: Delphox|Psyshock|p1b: Absol
|-immune|p1b: Absol
|
|upkeep
|turn|3
|
|t:|1784397642
|switch|p2b: Incineroar|Incineroar, L50, M|100/100
|-ability|p2b: Incineroar|Intimidate|boost
|-unboost|p1a: Aerodactyl|atk|1
|-unboost|p1b: Absol|atk|1
|detailschange|p1b: Absol|Absol-Mega, L50, M
|-mega|p1b: Absol|Absol|Absolite
|move|p1a: Aerodactyl|Wide Guard|p1a: Aerodactyl
|-singleturn|p1a: Aerodactyl|Wide Guard
|move|p1b: Absol|Knock Off|p2a: Sneasler
|-resisted|p2a: Sneasler|1
|-damage|p2a: Sneasler|42/100
|-enditem|p2a: Sneasler|Focus Sash|[from] move: Knock Off|[of] p1b: Absol
|move|p2a: Sneasler|Close Combat|p1b: Absol
|-supereffective|p1b: Absol|1
|-damage|p1b: Absol|0 fnt
|-unboost|p2a: Sneasler|def|1
|-unboost|p2a: Sneasler|spd|1
|faint|p1b: Absol
|
|upkeep
|
|t:|1784397657
|switch|p1b: Sylveon|Sylveon, L50, M|100/100
|turn|4
|
|t:|1784397677
|switch|p1a: Sneasler|Sneasler, L50, M, shiny|100/100
|move|p2a: Sneasler|Dire Claw|p1b: Sylveon
|-supereffective|p1b: Sylveon|1
|-damage|p1b: Sylveon|12/100
|move|p1b: Sylveon|Hyper Voice|p2b: Incineroar|[spread] p2a,p2b
|-damage|p2a: Sneasler|0 fnt
|-damage|p2b: Incineroar|51/100
|faint|p2a: Sneasler
|move|p2b: Incineroar|Parting Shot|p1a: Sneasler
|-unboost|p1a: Sneasler|atk|1
|-unboost|p1a: Sneasler|spa|1
|
|t:|1784397688
|switch|p2b: Delphox|Delphox-Mega, L50, M, shiny|100/100|[from] Parting Shot
|
|-sideend|p1: albano|move: Tailwind
|upkeep
|
|t:|1784397690
|switch|p2a: Vivillon|Vivillon, L50, F|100/100
|turn|5
|
|t:|1784397701
|move|p1a: Sneasler|Fake Out|p2a: Vivillon
|-damage|p2a: Vivillon|78/100
|cant|p2a: Vivillon|flinch
|move|p2b: Delphox|Psyshock|p1a: Sneasler
|-supereffective|p1a: Sneasler|2
|-damage|p1a: Sneasler|0 fnt
|faint|p1a: Sneasler
|move|p1b: Sylveon|Hyper Beam|p2b: Delphox
|-resisted|p2b: Delphox|1
|-damage|p2b: Delphox|49/100
|-mustrecharge|p1b: Sylveon
|
|upkeep
|
|t:|1784397712
|switch|p1a: Aerodactyl|Aerodactyl, L50, F|89/100
|-ability|p1a: Aerodactyl|Unnerve
|turn|6
|
|t:|1784397720
|move|p2a: Vivillon|Sleep Powder|p1a: Aerodactyl
|-status|p1a: Aerodactyl|slp|[from] move: Sleep Powder
|move|p2b: Delphox|Psyshock|p1b: Sylveon
|-damage|p1b: Sylveon|0 fnt
|faint|p1b: Sylveon
|cant|p1a: Aerodactyl|slp
|
|upkeep
|turn|7
|
|t:|1784397740
|switch|p2a: Incineroar|Incineroar, L50, M|51/100
|-ability|p2a: Incineroar|Intimidate|boost
|-unboost|p1a: Aerodactyl|atk|1
|move|p2b: Delphox|Protect|p2b: Delphox
|-singleturn|p2b: Delphox|Protect
|cant|p1a: Aerodactyl|slp
|
|upkeep
|turn|8
|
|t:|1784397751
|move|p2a: Incineroar|Fake Out|p1a: Aerodactyl
|-resisted|p1a: Aerodactyl|1
|-damage|p1a: Aerodactyl|80/100 slp
|move|p2b: Delphox|Psyshock|p1a: Aerodactyl
|-crit|p1a: Aerodactyl
|-damage|p1a: Aerodactyl|0 fnt
|faint|p1a: Aerodactyl
|
|win|ground tera
||albano is ready for game 2.
