|j|☆pinogrezzo
|j|☆baarboo
|html|pinogrezzobaarboo    
|uhtml|bestof|Game 2 of a best-of-3
|t:|1783619548
|gametype|doubles
|player|p1|pinogrezzo|101|1257
|player|p2|baarboo|102|1286
|gen|9
|tier|[Gen 9 Champions] VGC 2026 Reg M-B (Bo3)
|rated|
|rule|Species Clause: Limit one of each Pokémon
|rule|Item Clause: Limit 1 of each item
|clearpoke
|poke|p1|Staraptor, L50, F, shiny|
|poke|p1|Sinistcha, L50|
|poke|p1|Grimmsnarl, L50, M|
|poke|p1|Sylveon, L50, F|
|poke|p1|Incineroar, L50, M, shiny|
|poke|p1|Basculegion, L50, M|
|poke|p2|Charizard, L50, F|
|poke|p2|Kingambit, L50, M|
|poke|p2|Sylveon, L50, M|
|poke|p2|Farigiraf, L50, M|
|poke|p2|Garchomp, L50, F|
|poke|p2|Aerodactyl, L50, F|
|teampreview|4
|showteam|p1|Staraptor||Staraptite|Intimidate|Protect,Roost,DualWingbeat,CloseCombat|Adamant||F|||50|]Sinistcha||Leftovers|Hospitality|RagePowder,LifeDew,MatchaGotcha,TrickRoom|Relaxed|||||50|]Grimmsnarl||LightClay|Prankster|PartingShot,LightScreen,Reflect,SpiritBreak|Careful||M|||50|]Sylveon||FairyFeather|Pixilate|Protect,HyperVoice,QuickAttack,Yawn|Modest||F|||50|]Incineroar||SitrusBerry|Intimidate|FakeOut,PartingShot,FlareBlitz,DarkestLariat|Adamant||M|||50|]Basculegion||ChoiceScarf|Adaptability|LastRespects,WaveCrash,FlipTurn,AquaJet|Jolly||M|||50|
|showteam|p2|Charizard||CharizarditeY|SolarPower|SolarBeam,WeatherBall,Protect,HeatWave|Modest||F|||50|]Kingambit||FocusSash|Defiant|KowtowCleave,SuckerPunch,LowKick,IronHead|Adamant||M|||50|]Sylveon||FairyFeather|Pixilate|Detect,HyperBeam,HyperVoice,QuickAttack|Modest||M|||50|]Farigiraf||SitrusBerry|ArmorTail|TrickRoom,TwinBeam,GrassKnot,Thunderbolt|Bold||M|||50|]Garchomp||LifeOrb|RoughSkin|Protect,Earthquake,DragonClaw,StompingTantrum|Jolly||F|||50|]Aerodactyl||Aerodactylite|Unnerve|RockSlide,IceFang,Tailwind,DualWingbeat|Jolly||F|||50|
|inactive|Battle timer is ON: inactive players will automatically lose when time's up. (requested by baarboo)
|
|t:|1783619572
|teamsize|p1|4
|teamsize|p2|4
|start
|switch|p1a: Staraptor|Staraptor, L50, F, shiny|100/100
|switch|p1b: Grimmsnarl|Grimmsnarl, L50, M|100/100
|switch|p2a: Sylveon|Sylveon, L50, M|100/100
|switch|p2b: Kingambit|Kingambit, L50, M|100/100
|-ability|p1a: Staraptor|Intimidate|boost
|-unboost|p2a: Sylveon|atk|1
|-unboost|p2b: Kingambit|atk|1
|-ability|p2b: Kingambit|Defiant|boost
|-boost|p2b: Kingambit|atk|2
|turn|1
|
|t:|1783619594
|detailschange|p1a: Staraptor|Staraptor-Mega, L50, F, shiny
|-mega|p1a: Staraptor|Staraptor|Staraptite
|move|p1b: Grimmsnarl|Light Screen|p1b: Grimmsnarl
|-sidestart|p1: pinogrezzo|move: Light Screen
|move|p1a: Staraptor|Close Combat|p2a: Sylveon
|-resisted|p2a: Sylveon|1
|-damage|p2a: Sylveon|57/100
|-boost|p1a: Staraptor|def|1
|-boost|p1a: Staraptor|spd|1
|move|p2b: Kingambit|Iron Head|p1a: Staraptor
|-damage|p1a: Staraptor|58/100
|move|p2a: Sylveon|Hyper Voice|p1a: Staraptor|[spread] p1a,p1b
|-supereffective|p1a: Staraptor|1
|-supereffective|p1b: Grimmsnarl|1
|-damage|p1a: Staraptor|14/100
|-damage|p1b: Grimmsnarl|48/100
|
|upkeep
|turn|2
|
|t:|1783619611
|switch|p2b: Farigiraf|Farigiraf, L50, M|100/100
|move|p1b: Grimmsnarl|Reflect|p1b: Grimmsnarl
|-sidestart|p1: pinogrezzo|Reflect
|move|p1a: Staraptor|Roost|p1a: Staraptor
|-heal|p1a: Staraptor|64/100
|-singleturn|p1a: Staraptor|move: Roost
|move|p2a: Sylveon|Hyper Voice|p1b: Grimmsnarl|[spread] p1a,p1b
|-supereffective|p1a: Staraptor|1
|-supereffective|p1b: Grimmsnarl|1
|-damage|p1a: Staraptor|24/100
|-damage|p1b: Grimmsnarl|0 fnt
|faint|p1b: Grimmsnarl
|
|upkeep
|
|t:|1783619614
|switch|p1b: Sinistcha|Sinistcha, L50|100/100
|-heal|p1a: Staraptor|49/100|[from] ability: Hospitality|[of] p1b: Sinistcha
|turn|3
|
|t:|1783619626
|move|p1a: Staraptor|Close Combat|p2a: Sylveon
|-resisted|p2a: Sylveon|1
|-damage|p2a: Sylveon|16/100
|-boost|p1a: Staraptor|def|1
|-boost|p1a: Staraptor|spd|1
|move|p2a: Sylveon|Hyper Voice|p1a: Staraptor|[spread] p1a,p1b
|-supereffective|p1a: Staraptor|1
|-damage|p1a: Staraptor|17/100
|-damage|p1b: Sinistcha|62/100
|move|p1b: Sinistcha|Life Dew|p1b: Sinistcha|[spread] p1a,p1b
|-heal|p1a: Staraptor|42/100
|-heal|p1b: Sinistcha|88/100
|move|p2b: Farigiraf|Trick Room|p2b: Farigiraf
|-fieldstart|move: Trick Room|[of] p2b: Farigiraf
|
|-heal|p1b: Sinistcha|94/100|[from] item: Leftovers
|upkeep
|turn|4
|
|t:|1783619636
|switch|p1b: Incineroar|Incineroar, L50, M, shiny|100/100
|-ability|p1b: Incineroar|Intimidate|boost
|-unboost|p2a: Sylveon|atk|1
|-unboost|p2b: Farigiraf|atk|1
|move|p2a: Sylveon|Detect|p2a: Sylveon
|-singleturn|p2a: Sylveon|Protect
|move|p1a: Staraptor|Protect|p1a: Staraptor
|-singleturn|p1a: Staraptor|Protect
|move|p2b: Farigiraf|Twin Beam|p1a: Staraptor
|-activate|p1a: Staraptor|move: Protect
|
|upkeep
|turn|5
|
|t:|1783619648
|switch|p1b: Sinistcha|Sinistcha, L50|94/100
|-heal|p1a: Staraptor|67/100|[from] ability: Hospitality|[of] p1b: Sinistcha
|move|p2b: Farigiraf|Thunderbolt|p1b: Sinistcha
|-resisted|p1b: Sinistcha|1
|-damage|p1b: Sinistcha|85/100
|move|p2a: Sylveon|Hyper Beam|p1a: Staraptor
|-supereffective|p1a: Staraptor|1
|-crit|p1a: Staraptor
|-damage|p1a: Staraptor|0 fnt
|-mustrecharge|p2a: Sylveon
|faint|p1a: Staraptor
|
|-heal|p1b: Sinistcha|91/100|[from] item: Leftovers
|upkeep
|
|t:|1783619658
|switch|p1a: Incineroar|Incineroar, L50, M, shiny|100/100
|-ability|p1a: Incineroar|Intimidate|boost
|-unboost|p2a: Sylveon|atk|1
|-unboost|p2b: Farigiraf|atk|1
|turn|6
|
|t:|1783619663
|move|p1a: Incineroar|Flare Blitz|p2b: Farigiraf
|-damage|p2b: Farigiraf|49/100
|-enditem|p2b: Farigiraf|Sitrus Berry|[eat]
|-heal|p2b: Farigiraf|74/100|[from] item: Sitrus Berry
|-damage|p1a: Incineroar|81/100|[from] Recoil
|move|p2b: Farigiraf|Thunderbolt|p1a: Incineroar
|-damage|p1a: Incineroar|67/100
|move|p1b: Sinistcha|Matcha Gotcha|p2b: Farigiraf|[spread] p2a,p2b
|-damage|p2a: Sylveon|0 fnt
|-heal|p1b: Sinistcha|100/100|[from] drain|[of] p2a: Sylveon
|-damage|p2b: Farigiraf|51/100
|faint|p2a: Sylveon
|
|upkeep
|
|t:|1783619665
|switch|p2a: Kingambit|Kingambit, L50, M|100/100
|turn|7
|
|t:|1783619685
|move|p1a: Incineroar|Flare Blitz|p2a: Kingambit
|-supereffective|p2a: Kingambit|1
|-enditem|p2a: Kingambit|Focus Sash
|-damage|p2a: Kingambit|1/100
|-damage|p1a: Incineroar|38/100|[from] Recoil
|-enditem|p1a: Incineroar|Sitrus Berry|[eat]
|-heal|p1a: Incineroar|63/100|[from] item: Sitrus Berry
|move|p2b: Farigiraf|Thunderbolt|p1a: Incineroar
|-damage|p1a: Incineroar|50/100g
|move|p1b: Sinistcha|Matcha Gotcha|p2a: Kingambit|[spread] p2a,p2b
|-resisted|p2a: Kingambit|1
|-damage|p2a: Kingambit|0 fnt
|-damage|p2b: Farigiraf|26/100
|faint|p2a: Kingambit
|
|-fieldend|move: Trick Room
|upkeep
|
|t:|1783619688
|switch|p2a: Aerodactyl|Aerodactyl, L50, F|100/100
|-ability|p2a: Aerodactyl|Unnerve
|turn|8
|
|t:|1783619708
|detailschange|p2a: Aerodactyl|Aerodactyl-Mega, L50, F
|-mega|p2a: Aerodactyl|Aerodactyl|Aerodactylite
|move|p2a: Aerodactyl|Rock Slide|p1a: Incineroar|[spread] p1a,p1b
|-supereffective|p1a: Incineroar|1
|-damage|p1a: Incineroar|18/100
|-damage|p1b: Sinistcha|87/100
|move|p1b: Sinistcha|Matcha Gotcha|p2b: Farigiraf|[spread] p2a,p2b
|-damage|p2a: Aerodactyl|76/100
|-heal|p1b: Sinistcha|99/100|[from] drain|[of] p2a: Aerodactyl
|-damage|p2b: Farigiraf|3/100
|-heal|p1b: Sinistcha|100/100|[from] drain|[of] p2b: Farigiraf
|-status|p2a: Aerodactyl|brn
|-status|p2b: Farigiraf|brn
|move|p1a: Incineroar|Darkest Lariat|p2a: Aerodactyl
|-damage|p2a: Aerodactyl|19/100 brn
|move|p2b: Farigiraf|Twin Beam|p1b: Sinistcha
|-damage|p1b: Sinistcha|87/100
|-damage|p1b: Sinistcha|74/100
|-hitcount|p1b: Sinistcha|2
|
|-heal|p1b: Sinistcha|80/100|[from] item: Leftovers
|-damage|p2a: Aerodactyl|13/100 brn|[from] brn
|-damage|p2b: Farigiraf|0 fnt|[from] brn
|faint|p2b: Farigiraf
|-sideend|p1: pinogrezzo|move: Light Screen
|upkeep
|turn|9
|
|t:|1783619732
|move|p2a: Aerodactyl|Rock Slide|p1a: Incineroar|[spread] p1a,p1b
|-supereffective|p1a: Incineroar|1
|-damage|p1a: Incineroar|1/100
|-damage|p1b: Sinistcha|74/100
|move|p1b: Sinistcha|Life Dew|p1b: Sinistcha|[spread] p1a,p1b
|-heal|p1a: Incineroar|26/100
|-heal|p1b: Sinistcha|100/100
|cant|p1a: Incineroar|flinch
|
|-damage|p2a: Aerodactyl|7/100 brn|[from] brn
|-sideend|p1: pinogrezzo|Reflect
|upkeep
|turn|10
|
|t:|1783619738
|move|p2a: Aerodactyl|Rock Slide|p1b: Sinistcha|[spread] p1b
|-miss|p2a: Aerodactyl|p1a: Incineroar
|-damage|p1b: Sinistcha|89/100
|move|p1b: Sinistcha|Life Dew|p1b: Sinistcha|[spread] p1a,p1b
|-heal|p1a: Incineroar|51/100
|-heal|p1b: Sinistcha|100/100
|move|p1a: Incineroar|Darkest Lariat|p2a: Aerodactyl
|-damage|p2a: Aerodactyl|0 fnt
|faint|p2a: Aerodactyl
|
|win|pinogrezzo
||baarboo is ready for game 3.
||pinogrezzo is ready for game 3.
|uhtml|next|Next: Game 3 of 3
|l|☆pinogrezzo
|player|p1|
