|j|☆Blue_Slimmer
|j|☆BBQSwizzle1906
|html|Blue_SlimmerBBQSwizzle1906    
|uhtml|bestof|Game 2 of a best-of-3
|t:|1785952182
|gametype|doubles
|player|p1|Blue_Slimmer|1|1063
|player|p2|BBQSwizzle1906|benga|1000
|gen|9
|tier|[Gen 9 Champions] VGC 2026 Reg M-B (Bo3)
|rated|
|rule|Species Clause: Limit one of each Pokémon
|rule|Item Clause: Limit 1 of each item
|clearpoke
|poke|p1|Crabominable, L50, F|
|poke|p1|Farigiraf, L50, F|
|poke|p1|Torkoal, L50, F|
|poke|p1|Gholdengo, L50|
|poke|p1|Maushold, L50|
|poke|p1|Sinistcha, L50|
|poke|p2|Samurott-Hisui, L50, M, shiny|
|poke|p2|Milotic, L50, F|
|poke|p2|Pelipper, L50, F|
|poke|p2|Gholdengo, L50|
|poke|p2|Garchomp, L50, F|
|poke|p2|Incineroar, L50, M|
|teampreview|4
|showteam|p1|Crabominable||Crabominite|HyperCutter|DrainPunch,IceHammer,MachPunch,Protect|Brave||F|||50|]Farigiraf||SitrusBerry|ArmorTail|TrickRoom,HelpingHand,Psychic,Protect|Bold||F|||50|]Torkoal||Charcoal|Drought|Eruption,EarthPower,HelpingHand,Protect|Quiet||F|||50|]Gholdengo||LifeOrb|GoodasGold|MakeItRain,ShadowBall,DazzlingGleam,NastyPlot|Serious|||||50|]Maushold||FocusSash|FriendGuard|FollowMe,AfterYou,Encore,PopulationBomb|Jolly|||||50|]Sinistcha||CobaBerry|Hospitality|MatchaGotcha,LifeDew,RagePowder,TrickRoom|Modest|||||50|
|showteam|p2|Samurott-Hisui||ScopeLens|Sharpness|NightSlash,AquaCutter,SuckerPunch,Protect|Jolly||M|||50|]Milotic||Leftovers|Competitive|Scald,IcyWind,LifeDew,DragonCheer|Quiet||F|||50|]Pelipper||FocusSash|Drizzle|Hurricane,Tailwind,WideGuard,Protect|Timid||F|||50|]Gholdengo||LifeOrb|GoodasGold|ShadowBall,MakeItRain,NastyPlot,Protect|Timid|||||50|]Garchomp||Garchompite|RoughSkin|DragonClaw,Earthquake,Protect,RockSlide|Jolly||F|||50|]Incineroar||SitrusBerry|Intimidate|PartingShot,FakeOut,FlareBlitz,ThroatChop|Adamant||M|||50|
|j| Metaledge99
|l| Metaledge99
|inactive|Battle timer is ON: inactive players will automatically lose when time's up. (requested by Blue_Slimmer)
|
|t:|1785952271
|teamsize|p1|4
|teamsize|p2|4
|start
|switch|p1a: Farigiraf|Farigiraf, L50, F|100/100
|switch|p1b: Gholdengo|Gholdengo, L50|100/100
|switch|p2a: Incineroar|Incineroar, L50, M|100/100
|switch|p2b: Gar Gar Binks|Garchomp, L50, F|100/100
|-ability|p2a: Incineroar|Intimidate|boost
|-unboost|p1a: Farigiraf|atk|1
|-unboost|p1b: Gholdengo|atk|1
|turn|1
|inactive|BBQSwizzle1906 has 30 seconds left.
|inactive|BBQSwizzle1906 has 20 seconds left.
|inactive|BBQSwizzle1906 has 15 seconds left.
|inactive|BBQSwizzle1906 has 10 seconds left.
|inactive|BBQSwizzle1906 has 5 seconds left.
|
|t:|1785952325
|move|p2b: Gar Gar Binks|Rock Slide|p1a: Farigiraf|[spread] p1a,p1b
|-resisted|p1b: Gholdengo|1
|-damage|p1a: Farigiraf|80/100
|-damage|p1b: Gholdengo|89/100
|move|p1b: Gholdengo|Nasty Plot|p1b: Gholdengo
|-boost|p1b: Gholdengo|spa|2
|move|p2a: Incineroar|Flare Blitz|p1b: Gholdengo
|-supereffective|p1b: Gholdengo|1
|-damage|p1b: Gholdengo|0 fnt
|faint|p1b: Gholdengo
|-damage|p2a: Incineroar|75/100|[from] Recoil
|move|p1a: Farigiraf|Trick Room|p1a: Farigiraf
|-fieldstart|move: Trick Room|[of] p1a: Farigiraf
|
|upkeep
|
|t:|1785952339
|switch|p1b: Crabominable|Crabominable, L50, F|100/100
|turn|2
|inactive|BBQSwizzle1906 has 30 seconds left.
|inactive|BBQSwizzle1906 has 20 seconds left.
|inactive|BBQSwizzle1906 has 15 seconds left.
|inactive|BBQSwizzle1906 has 10 seconds left.
|
|t:|1785952388
|switch|p2a: Midas|Gholdengo, L50|100/100
|detailschange|p1b: Crabominable|Crabominable-Mega, L50, F
|-mega|p1b: Crabominable|Crabominable|Crabominite
|move|p2b: Gar Gar Binks|Protect|p2b: Gar Gar Binks
|-singleturn|p2b: Gar Gar Binks|Protect
|move|p1b: Crabominable|Drain Punch|p2a: Midas
|-immune|p2a: Midas
|move|p1a: Farigiraf|Psychic|p2b: Gar Gar Binks
|-activate|p2b: Gar Gar Binks|move: Protect
|
|upkeep
|turn|3
|inactive|BBQSwizzle1906 has 30 seconds left.
|
|t:|1785952416
|switch|p2b: Incineroar|Incineroar, L50, M|75/100
|-ability|p2b: Incineroar|Intimidate|boost
|-unboost|p1a: Farigiraf|atk|1
|-unboost|p1b: Crabominable|atk|1
|move|p1a: Farigiraf|Protect|p1a: Farigiraf
|-singleturn|p1a: Farigiraf|Protect
|move|p1b: Crabominable|Drain Punch|p2b: Incineroar
|-supereffective|p2b: Incineroar|1
|-damage|p2b: Incineroar|4/100
|-enditem|p2b: Incineroar|Sitrus Berry|[eat]
|-heal|p2b: Incineroar|29/100|[from] item: Sitrus Berry
|move|p2a: Midas|Nasty Plot|p2a: Midas
|-boost|p2a: Midas|spa|2
|
|upkeep
|turn|4
|inactive|Blue_Slimmer has 30 seconds left.
|inactive|Blue_Slimmer has 20 seconds left.
|inactive|Blue_Slimmer has 15 seconds left.
|inactive|Blue_Slimmer has 10 seconds left.
|
|t:|1785952463
|switch|p2b: Gar Gar Binks|Garchomp, L50, F|100/100
|move|p1a: Farigiraf|Helping Hand|p1b: Crabominable
|-singleturn|p1b: Crabominable|Helping Hand|[of] p1a: Farigiraf
|move|p1b: Crabominable|Ice Hammer|p2a: Midas
|-resisted|p2a: Midas|1
|-damage|p2a: Midas|56/100
|-unboost|p1b: Crabominable|spe|1
|move|p2a: Midas|Make It Rain|p1a: Farigiraf|[spread] p1a,p1b
|-crit|p1a: Farigiraf
|-supereffective|p1b: Crabominable|1
|-damage|p1a: Farigiraf|0 fnt
|-damage|p1b: Crabominable|0 fnt
|-unboost|p2a: Midas|spa|2
|faint|p1a: Farigiraf
|faint|p1b: Crabominable
|-damage|p2a: Midas|46/100|[from] item: Life Orb
|
|upkeep
|inactive|Blue_Slimmer has 30 seconds left.
|
|t:|1785952493
|switch|p1b: Torkoal|Torkoal, L50, F|100/100
|-weather|SunnyDay|[from] ability: Drought|[of] p1b: Torkoal
|turn|5
|
|t:|1785952506
|detailschange|p2b: Gar Gar Binks|Garchomp-Mega, L50, F
|-mega|p2b: Gar Gar Binks|Garchomp|Garchompite
|move|p2a: Midas|Protect|p2a: Midas
|-singleturn|p2a: Midas|Protect
|move|p1b: Torkoal|Eruption|p2b: Gar Gar Binks|[spread] p2b
|-activate|p2a: Midas|move: Protect
|-resisted|p2b: Gar Gar Binks|1
|-damage|p2b: Gar Gar Binks|58/100
|move|p2b: Gar Gar Binks|Earthquake|p1b: Torkoal|[spread] p1b
|-activate|p2a: Midas|move: Protect
|-supereffective|p1b: Torkoal|1
|-damage|p1b: Torkoal|31/100
|
|-weather|SunnyDay|[upkeep]
|-fieldend|move: Trick Room
|upkeep
|turn|6
|
|t:|1785952521
|move|p2b: Gar Gar Binks|Rock Slide|p1b: Torkoal
|-supereffective|p1b: Torkoal|1
|-damage|p1b: Torkoal|0 fnt
|faint|p1b: Torkoal
|
|win|BBQSwizzle1906
|l|☆Blue_Slimmer
|player|p1|
||BBQSwizzle1906 is ready for game 3.
|raw|Blue_Slimmer's rating: 1063 → 1040(-23 for losing)
|raw|BBQSwizzle1906's rating: 1000 → 1047(+47 for winning)
