|j|☆Snorlaxpikachu1
|j|☆gameboy_09050
|html|Snorlaxpikachu1gameboy_09050    
|uhtml|bestof|Game 1 of a best-of-3
|t:|1784935408
|gametype|doubles
|player|p1|Snorlaxpikachu1|palmer|
|player|p2|gameboy_09050|lucian|
|gen|9
|tier|[Gen 9 Champions] VGC 2026 Reg M-B (Bo3)
|rule|Species Clause: Limit one of each Pokémon
|rule|Item Clause: Limit 1 of each item
|clearpoke
|poke|p1|Barbaracle, L50, F|
|poke|p1|Farigiraf, L50, F|
|poke|p1|Sneasler, L50, M|
|poke|p1|Sinistcha, L50|
|poke|p1|Drampa, L50, F|
|poke|p1|Tinkaton, L50, F|
|poke|p2|Swampert, L50, M, shiny|
|poke|p2|Pelipper, L50, F, shiny|
|poke|p2|Archaludon, L50, M|
|poke|p2|Mawile, L50, F|
|poke|p2|Maushold, L50, shiny|
|poke|p2|Sinistcha, L50|
|teampreview|4
|showteam|p1|Barbaracle||Barbaracite|ToughClaws|CloseCombat,RockSlide,ShellSmash,Protect|Adamant||F|||50|]Farigiraf||SitrusBerry|ArmorTail|TrickRoom,TwinBeam,HelpingHand,Protect|Relaxed||F|||50|]Sneasler||IronBall|Unburden|FakeOut,CloseCombat,DireClaw,Fling|Brave||M|||50|]Sinistcha||LifeOrb|Hospitality|MatchaGotcha,ShadowBall,RagePowder,TrickRoom|Relaxed|||||50|]Drampa||Drampanite|Berserk|DracoMeteor,HyperVoice,CalmMind,Protect|Quiet||F|||50|]Tinkaton||ExpertBelt|OwnTempo|FakeOut,GigatonHammer,IceHammer,BrickBreak|Adamant||F|||50|
|showteam|p2|Swampert||Swampertite|Torrent|WaveCrash,Earthquake,IcePunch,Protect|Adamant||M|||50|]Pelipper||FocusSash|Drizzle|Hurricane,WeatherBall,Tailwind,WideGuard|Modest||F|||50|]Archaludon||ChopleBerry|Stamina|ElectroShot,FlashCannon,DragonPulse,Protect|Modest||M|||50|]Mawile||Mawilite|HyperCutter|IronHead,PlayRough,SuckerPunch,Protect|Brave||F|||50|]Maushold||WideLens|FriendGuard|PopulationBomb,AfterYou,FollowMe,Protect|Jolly|||||50|]Sinistcha||MentalHerb|Hospitality|EnergyBall,ShadowBall,TrickRoom,Protect|Calm|||||50|
|j| Atsuya_Blizzard
|inactive|Battle timer is ON: inactive players will automatically lose when time's up. (requested by gameboy_09050)
|inactive|Snorlaxpikachu1 has 60 seconds left.
|
|t:|1784935447
|teamsize|p1|4
|teamsize|p2|4
|start
|switch|p1a: Barbaracle|Barbaracle, L50, F|100/100
|switch|p1b: Sneasler|Sneasler, L50, M|100/100
|switch|p2a: Swampert|Swampert, L50, M, shiny|100/100
|switch|p2b: Pelipper|Pelipper, L50, F, shiny|100/100
|-weather|RainDance|[from] ability: Drizzle|[of] p2b: Pelipper
|turn|1
|
|t:|1784935462
|detailschange|p2a: Swampert|Swampert-Mega, L50, M, shiny
|-mega|p2a: Swampert|Swampert|Swampertite
|move|p1b: Sneasler|Fake Out|p2a: Swampert
|-damage|p2a: Swampert|87/100
|cant|p2a: Swampert|flinch
|move|p2b: Pelipper|Tailwind|p2b: Pelipper
|-sidestart|p2: gameboy_09050|move: Tailwind
|move|p1a: Barbaracle|Shell Smash|p1a: Barbaracle
|-unboost|p1a: Barbaracle|def|1
|-unboost|p1a: Barbaracle|spd|1
|-boost|p1a: Barbaracle|atk|2
|-boost|p1a: Barbaracle|spa|2
|-boost|p1a: Barbaracle|spe|2
|
|-weather|RainDance|[upkeep]
|upkeep
|turn|2
|inactive|Snorlaxpikachu1 has 30 seconds left.
|
|t:|1784935495
|switch|p1b: Farigiraf|Farigiraf, L50, F|100/100
|move|p1a: Barbaracle|Protect|p1a: Barbaracle
|-singleturn|p1a: Barbaracle|Protect
|move|p2a: Swampert|Earthquake|p1a: Barbaracle|[spread] p1b
|-activate|p1a: Barbaracle|move: Protect
|-immune|p2b: Pelipper
|-damage|p1b: Farigiraf|66/100
|move|p2b: Pelipper|Weather Ball|p1a: Barbaracle
|-activate|p1a: Barbaracle|move: Protect
|
|-weather|RainDance|[upkeep]
|upkeep
|turn|3
|
|t:|1784935515
|switch|p1a: Sinistcha|Sinistcha, L50|100/100
|-heal|p1b: Farigiraf|91/100|[from] ability: Hospitality|[of] p1a: Sinistcha
|move|p2a: Swampert|Earthquake|p1a: Sinistcha|[spread] p1a,p1b
|-immune|p2b: Pelipper
|-resisted|p1a: Sinistcha|1
|-damage|p1a: Sinistcha|80/100
|-damage|p1b: Farigiraf|57/100
|move|p2b: Pelipper|Weather Ball|p1b: Farigiraf
|-damage|p1b: Farigiraf|0 fnt
|faint|p1b: Farigiraf
|
|-weather|RainDance|[upkeep]
|upkeep
|inactive|Snorlaxpikachu1 has 30 seconds left.
|
|t:|1784935549
|switch|p1b: Sneasler|Sneasler, L50, M|100/100
|turn|4
|
|t:|1784935561
|switch|p2a: Archaludon|Archaludon, L50, M|100/100
|switch|p2b: Sinistcha|Sinistcha, L50|100/100
|move|p1b: Sneasler|Fake Out|p2b: Sinistcha
|-immune|p2b: Sinistcha
|move|p1a: Sinistcha|Trick Room|p1a: Sinistcha
|-fieldstart|move: Trick Room|[of] p1a: Sinistcha
|
|-weather|RainDance|[upkeep]
|-sideend|p2: gameboy_09050|move: Tailwind
|upkeep
|turn|5
|
|t:|1784935575
|move|p1b: Sneasler|Dire Claw|p2b: Sinistcha
|-crit|p2b: Sinistcha
|-damage|p2b: Sinistcha|35/100
|move|p1a: Sinistcha|Shadow Ball|p2b: Sinistcha
|-supereffective|p2b: Sinistcha|1
|-damage|p2b: Sinistcha|0 fnt
|faint|p2b: Sinistcha
|-damage|p1a: Sinistcha|71/100|[from] item: Life Orb
|move|p2a: Archaludon|Electro Shot||[still]
|-prepare|p2a: Archaludon|Electro Shot
|-boost|p2a: Archaludon|spa|1
|-anim|p2a: Archaludon|Electro Shot|p1a: Sinistcha
|-resisted|p1a: Sinistcha|1
|-damage|p1a: Sinistcha|26/100
|
|-weather|none
|upkeep
|
|t:|1784935593
|switch|p2b: Swampert|Swampert-Mega, L50, M, shiny|87/100
|turn|6
|
|t:|1784935598
|move|p2b: Swampert|Protect|p2b: Swampert
|-singleturn|p2b: Swampert|Protect
|move|p1b: Sneasler|Close Combat|p2a: Archaludon
|-supereffective|p2a: Archaludon|1
|-enditem|p2a: Archaludon|Chople Berry|[eat]
|-enditem|p2a: Archaludon|Chople Berry|[weaken]
|-damage|p2a: Archaludon|51/100
|-unboost|p1b: Sneasler|def|1
|-unboost|p1b: Sneasler|spd|1
|-ability|p2a: Archaludon|Stamina|boost
|-boost|p2a: Archaludon|def|1
|move|p1a: Sinistcha|Matcha Gotcha|p2b: Swampert|[spread] p2a
|-activate|p2b: Swampert|move: Protect
|-resisted|p2a: Archaludon|2
|-damage|p2a: Archaludon|40/100
|-heal|p1a: Sinistcha|32/100|[from] drain|[of] p2a: Archaludon
|-status|p2a: Archaludon|brn
|-ability|p2a: Archaludon|Stamina|boost
|-boost|p2a: Archaludon|def|1
|-damage|p1a: Sinistcha|23/100|[from] item: Life Orb
|move|p2a: Archaludon|Dragon Pulse|p1a: Sinistcha
|-damage|p1a: Sinistcha|0 fnt
|faint|p1a: Sinistcha
|
|-damage|p2a: Archaludon|34/100 brn|[from] brn
|upkeep
|
|t:|1784935601
|switch|p1a: Barbaracle|Barbaracle, L50, F|100/100
|turn|7
|inactive|Snorlaxpikachu1 has 30 seconds left.
|inactive|Snorlaxpikachu1 has 20 seconds left.
|inactive|Snorlaxpikachu1 has 15 seconds left.
|inactive|Snorlaxpikachu1 has 10 seconds left.
|
|t:|1784935651
|detailschange|p1a: Barbaracle|Barbaracle-Mega, L50, F
|-mega|p1a: Barbaracle|Barbaracle|Barbaracite
|move|p1b: Sneasler|Close Combat|p2a: Archaludon
|-supereffective|p2a: Archaludon|1
|-damage|p2a: Archaludon|0 fnt
|-unboost|p1b: Sneasler|def|1
|-unboost|p1b: Sneasler|spd|1
|faint|p2a: Archaludon
|move|p2b: Swampert|Earthquake|p1b: Sneasler|[spread] p1a,p1b
|-supereffective|p1a: Barbaracle|1
|-supereffective|p1b: Sneasler|1
|-damage|p1a: Barbaracle|23/100
|-damage|p1b: Sneasler|0 fnt
|faint|p1b: Sneasler
|move|p1a: Barbaracle|Close Combat|p2b: Swampert
|-damage|p2b: Swampert|9/100
|-unboost|p1a: Barbaracle|def|1
|-unboost|p1a: Barbaracle|spd|1
|
|upkeep
|
|t:|1784935656
|switch|p2a: Pelipper|Pelipper, L50, F, shiny|100/100
|-weather|RainDance|[from] ability: Drizzle|[of] p2a: Pelipper
|turn|8
|
|t:|1784935666
|move|p2b: Swampert|Protect|p2b: Swampert
|-singleturn|p2b: Swampert|Protect
|move|p1a: Barbaracle|Rock Slide|p2b: Swampert|[spread] p2a
|-activate|p2b: Swampert|move: Protect
|-supereffective|p2a: Pelipper|1
|-damage|p2a: Pelipper|6/100
|cant|p2a: Pelipper|flinch
|
|-weather|RainDance|[upkeep]
|-fieldend|move: Trick Room
|upkeep
|turn|9
|
|t:|1784935671
|move|p2b: Swampert|Wave Crash|p1a: Barbaracle
|-supereffective|p1a: Barbaracle|1
|-damage|p1a: Barbaracle|0 fnt
|faint|p1a: Barbaracle
|-damage|p2b: Swampert|1/100|[from] Recoil
|
|win|gameboy_09050
||Snorlaxpikachu1 is ready for game 2.
||gameboy_09050 is ready for game 2.
|uhtml|next|Next: Game 2 of 3
