|j|☆TeachMeHow2Hoopa
|j|☆myki meeks
|html|TeachMeHow2Hoopamyki meeks    
|uhtml|bestof|Game 1 of a best-of-3
|t:|1784688023
|gametype|doubles
|player|p1|TeachMeHow2Hoopa|silver|1245
|player|p2|myki meeks|liza|1349
|gen|9
|tier|[Gen 9 Champions] VGC 2026 Reg M-B (Bo3)
|rated|
|rule|Species Clause: Limit one of each Pokémon
|rule|Item Clause: Limit 1 of each item
|clearpoke
|poke|p1|Pidgeot, L50, M|
|poke|p1|Excadrill, L50, F|
|poke|p1|Tyranitar, L50, M|
|poke|p1|Tsareena, L50, F|
|poke|p1|Gholdengo, L50|
|poke|p1|Rotom-Wash, L50|
|poke|p2|Staraptor, L50, M|
|poke|p2|Delphox, L50, M|
|poke|p2|Sinistcha, L50|
|poke|p2|Kingambit, L50, M|
|poke|p2|Garchomp, L50, M|
|poke|p2|Sneasler, L50, M|
|teampreview|4
|showteam|p1|Pidgeot||Pidgeotite|BigPecks|Hurricane,HeatWave,Tailwind,Protect|Timid||M|||50|]Excadrill||FocusSash|SandRush|Earthquake,IronHead,RockSlide,Protect|Adamant||F|||50|]Tyranitar||Tyranitarite|SandStream|RockSlide,KnockOff,Protect,LowKick|Adamant||M|||50|]Tsareena||ChoiceScarf|QueenlyMajesty|PowerWhip,TripleAxel,Uturn,LowKick|Jolly||F|||50|]Gholdengo||Leftovers|GoodasGold|ShadowBall,MakeItRain,NastyPlot,Protect|Modest|||||50|]Rotom-Wash||SitrusBerry|Levitate|HydroPump,Thunderbolt,WillOWisp,Protect|Bold|||||50|
|showteam|p2|Staraptor||Staraptite|Intimidate|CloseCombat,BraveBird,Roost,Whirlwind|Careful||M|||50|]Delphox||Delphoxite|Blaze|HeatWave,Psychic,NastyPlot,Protect|Timid||M|||50|]Sinistcha||SitrusBerry|Hospitality|MatchaGotcha,Protect,LifeDew,RagePowder|Bold|||||50|]Kingambit||BlackGlasses|Defiant|KowtowCleave,SuckerPunch,SwordsDance,Protect|Adamant||M|||50|]Garchomp||Leftovers|RoughSkin|Earthquake,DragonClaw,RockSlide,Protect|Jolly||M|||50|]Sneasler||FocusSash|PoisonTouch|FakeOut,PoisonJab,CloseCombat,Protect|Jolly||M|||50|
|inactive|Battle timer is ON: inactive players will automatically lose when time's up. (requested by myki meeks)
|
|t:|1784688055
|teamsize|p1|4
|teamsize|p2|4
|start
|switch|p1a: Pidgeot|Pidgeot, L50, M|100/100
|switch|p1b: Tsareena|Tsareena, L50, F|100/100
|switch|p2a: Staraptor|Staraptor, L50, M|100/100
|switch|p2b: Sneasler|Sneasler, L50, M|100/100
|-ability|p2a: Staraptor|Intimidate|boost
|-unboost|p1a: Pidgeot|atk|1
|-unboost|p1b: Tsareena|atk|1
|turn|1
|
|t:|1784688077
|detailschange|p1a: Pidgeot|Pidgeot-Mega, L50, M
|-mega|p1a: Pidgeot|Pidgeot|Pidgeotite
|detailschange|p2a: Staraptor|Staraptor-Mega, L50, M
|-mega|p2a: Staraptor|Staraptor|Staraptite
|move|p1b: Tsareena|U-turn|p2b: Sneasler
|-resisted|p2b: Sneasler|2
|-damage|p2b: Sneasler|93/100
|
|t:|1784688086
|switch|p1b: Gholdengo|Gholdengo, L50|100/100|[from] U-turn
|move|p1a: Pidgeot|Hurricane|p2a: Staraptor
|-supereffective|p2a: Staraptor|1
|-damage|p2a: Staraptor|4/100
|-start|p2a: Staraptor|confusion
|move|p2b: Sneasler|Poison Jab|p1b: Gholdengo
|-immune|p1b: Gholdengo
|-activate|p2a: Staraptor|confusion
|move|p2a: Staraptor|Close Combat|p1b: Gholdengo
|-immune|p1b: Gholdengo
|
|upkeep
|turn|2
|
|t:|1784688099
|switch|p2b: Sinistcha|Sinistcha, L50|100/100
|-heal|p2a: Staraptor|29/100|[from] ability: Hospitality|[of] p2b: Sinistcha
|move|p1a: Pidgeot|Hurricane|p2b: Sinistcha
|-supereffective|p2b: Sinistcha|1
|-damage|p2b: Sinistcha|0 fnt
|faint|p2b: Sinistcha
|-end|p2a: Staraptor|confusion
|move|p2a: Staraptor|Close Combat|p1a: Pidgeot
|-damage|p1a: Pidgeot|20/100y
|-boost|p2a: Staraptor|def|1
|-boost|p2a: Staraptor|spd|1
|move|p1b: Gholdengo|Shadow Ball|p2a: Staraptor
|-damage|p2a: Staraptor|6/100
|
|upkeep
|
|t:|1784688119
|switch|p2b: Garchomp|Garchomp, L50, M|100/100
|turn|3
|
|t:|1784688124
|move|p1a: Pidgeot|Tailwind|p1a: Pidgeot
|-sidestart|p1: TeachMeHow2Hoopa|move: Tailwind
|move|p1b: Gholdengo|Make It Rain|p2a: Staraptor|[spread] p2a,p2b
|-damage|p2a: Staraptor|0 fnt
|-damage|p2b: Garchomp|54/100
|-unboost|p1b: Gholdengo|spa|2
|faint|p2a: Staraptor
|move|p2b: Garchomp|Earthquake|p1b: Gholdengo|[spread] p1b
|-immune|p1a: Pidgeot
|-supereffective|p1b: Gholdengo|1
|-damage|p1b: Gholdengo|25/100
|
|-heal|p1b: Gholdengo|31/100|[from] item: Leftovers
|-heal|p2b: Garchomp|61/100|[from] item: Leftovers
|upkeep
|
|t:|1784688129
|switch|p2a: Sneasler|Sneasler, L50, M|93/100
|turn|4
|
|t:|1784688135
|move|p1a: Pidgeot|Protect|p1a: Pidgeot
|-singleturn|p1a: Pidgeot|Protect
|move|p1b: Gholdengo|Shadow Ball|p2b: Garchomp
|-damage|p2b: Garchomp|40/100
|move|p2a: Sneasler|Poison Jab|p1b: Gholdengo
|-immune|p1b: Gholdengo
|move|p2b: Garchomp|Rock Slide|p1a: Pidgeot|[spread] p1b
|-activate|p1a: Pidgeot|move: Protect
|-resisted|p1b: Gholdengo|1
|-damage|p1b: Gholdengo|22/100
|
|-heal|p1b: Gholdengo|28/100|[from] item: Leftovers
|-heal|p2b: Garchomp|46/100|[from] item: Leftovers
|upkeep
|turn|5
|
|t:|1784688148
|move|p2a: Sneasler|Protect|p2a: Sneasler
|-singleturn|p2a: Sneasler|Protect
|move|p1a: Pidgeot|Hurricane|p2b: Garchomp
|-damage|p2b: Garchomp|0 fnt
|faint|p2b: Garchomp
|move|p1b: Gholdengo|Nasty Plot|p1b: Gholdengo
|-boost|p1b: Gholdengo|spa|2
|
|-heal|p1b: Gholdengo|34/100|[from] item: Leftovers
|upkeep
|turn|6
|-message|myki meeks forfeited.
|
|win|TeachMeHow2Hoopa
||myki meeks is ready for game 2.
||TeachMeHow2Hoopa is ready for game 2.
|uhtml|next|Next: Game 2 of 3
|l|☆myki meeks
|player|p2|
|l|☆TeachMeHow2Hoopa
|player|p1|
|j|☆TeachMeHow2Hoopa
|player|p1|TeachMeHow2Hoopa|silver|
