|j|☆SirVala
|j|☆epicfailtesting
|html|SirValaepicfailtesting    
|uhtml|bestof|Game 2 of a best-of-3
|t:|1756856216
|gametype|doubles
|player|p1|SirVala|bruno|1241
|player|p2|epicfailtesting|265|1232
|gen|9
|tier|[Gen 9] VGC 2025 Reg H (Bo3)
|rated|
|rule|Species Clause: Limit one of each Pokémon
|rule|Item Clause: Limit 1 of each item
|clearpoke
|poke|p1|Garchomp, L50, M|
|poke|p1|Dragonite, L50, M|
|poke|p1|Amoonguss, L50, M|
|poke|p1|Incineroar, L50, F|
|poke|p1|Ninetales-Alola, L50, F|
|poke|p1|Kingambit, L50, F|
|poke|p2|Annihilape, L50, F|
|poke|p2|Sinistcha, L50|
|poke|p2|Maushold-Four, L50|
|poke|p2|Klefki, L50, M|
|poke|p2|Ursaluna-Bloodmoon, L50, M|
|poke|p2|Ninetales-Alola, L50, F|
|teampreview|4
|showteam|p1|Garchomp||ChoiceBand|RoughSkin|Earthquake,DragonClaw,StompingTantrum,IronHead|||M|||50|,,,,,Steel]Dragonite||LoadedDice|Multiscale|ScaleShot,ExtremeSpeed,LowKick,Protect|||M|||50|,,,,,Fairy]Amoonguss||SitrusBerry|Regenerator|PollenPuff,ClearSmog,Spore,RagePowder|||M|||50|,,,,,Water]Incineroar||SafetyGoggles|Intimidate|FlareBlitz,KnockOff,FakeOut,PartingShot|||F|||50|,,,,,Ghost]Ninetales-Alola||ChoiceSpecs|SnowWarning|Blizzard,IceBeam,Moonblast,FreezeDry|||F|||50|,,,,,Ice]Kingambit||AssaultVest|Defiant|KowtowCleave,IronHead,SuckerPunch,LowKick|||F|||50|,,,,,Dark
|showteam|p2|Annihilape||Leftovers|Defiant|Protect,BulkUp,DrainPunch,RageFist|||F|||50|,,,,,Fire]Sinistcha||SitrusBerry|Hospitality|MatchaGotcha,TrickRoom,LifeDew,RagePowder||||||50|,,,,,Water]Maushold-Four||SafetyGoggles|FriendGuard|FollowMe,Taunt,BeatUp,Protect||||||50|,,,,,Ghost]Klefki||LightClay|Prankster|Reflect,LightScreen,MistyTerrain,DazzlingGleam|||M|||50|,,,,,Ghost]Ursaluna-Bloodmoon||AssaultVest|MindsEye|BloodMoon,HyperVoice,EarthPower,VacuumWave|||M|||50|,,,,,Water]Ninetales-Alola||FocusSash|SnowWarning|Protect,Encore,FreezeDry,Blizzard|||F|||50|,,,,,Ghost
|inactive|Battle timer is ON: inactive players will automatically lose when time's up. (requested by epicfailtesting)
|inactive|SirVala has 60 seconds left.
|inactive|SirVala has 30 seconds left.
|inactive|SirVala has 20 seconds left.
|inactive|SirVala has 15 seconds left.
|inactive|SirVala has 10 seconds left.
|
|t:|1756856305
|teamsize|p1|4
|teamsize|p2|4
|start
|switch|p1a: Garchomp|Garchomp, L50, M|100/100
|switch|p1b: Dragonite|Dragonite, L50, M|100/100
|switch|p2a: Ninetales|Ninetales-Alola, L50, F, shiny|100/100
|switch|p2b: Ursaluna|Ursaluna-Bloodmoon, L50, M|100/100
|-weather|Snowscape|[from] ability: Snow Warning|[of] p2a: Ninetales
|turn|1
|inactive|SirVala has 30 seconds left.
|inactive|epicfailtesting has 30 seconds left.
|inactive|SirVala has 20 seconds left.
|inactive|SirVala has 15 seconds left.
|inactive|SirVala has 10 seconds left.
|
|t:|1756856352
|-terastallize|p1a: Garchomp|Steel
|-terastallize|p2b: Ursaluna|Water
|move|p1b: Dragonite|Protect|p1b: Dragonite
|-singleturn|p1b: Dragonite|Protect
|move|p2a: Ninetales|Blizzard|p1a: Garchomp|[spread] p1a
|-activate|p1b: Dragonite|move: Protect
|-resisted|p1a: Garchomp
|-damage|p1a: Garchomp|85/100
|move|p1a: Garchomp|Earthquake|p2a: Ninetales|[spread] p2a,p2b
|-activate|p1b: Dragonite|move: Protect
|-damage|p2a: Ninetales|49/100
|-damage|p2b: Ursaluna|60/100
|move|p2b: Ursaluna|Hyper Voice|p1a: Garchomp|[spread] p1a
|-activate|p1b: Dragonite|move: Protect
|-resisted|p1a: Garchomp
|-damage|p1a: Garchomp|67/100
|
|-weather|Snowscape|[upkeep]
|upkeep
|turn|2
|inactive|SirVala has 30 seconds left.
|inactive|SirVala has 20 seconds left.
|
|t:|1756856388
|switch|p2a: Sinistcha|Sinistcha, L50|100/100
|-heal|p2b: Ursaluna|85/100|[from] ability: Hospitality|[of] p2a: Sinistcha
|move|p1a: Garchomp|Earthquake|p2a: Sinistcha|[spread] p2a,p2b
|-immune|p1b: Dragonite
|-resisted|p2a: Sinistcha
|-damage|p2a: Sinistcha|76/100
|-damage|p2b: Ursaluna|44/100
|move|p1b: Dragonite|Scale Shot|p2b: Ursaluna
|-damage|p2b: Ursaluna|34/100
|-damage|p2b: Ursaluna|23/100
|-damage|p2b: Ursaluna|12/100
|-damage|p2b: Ursaluna|1/100
|-hitcount|p2b: Ursaluna|4
|-unboost|p1b: Dragonite|def|1
|-boost|p1b: Dragonite|spe|1
|move|p2b: Ursaluna|Earth Power|p1a: Garchomp
|-supereffective|p1a: Garchomp
|-damage|p1a: Garchomp|0 fnt
|faint|p1a: Garchomp
|
|-weather|Snowscape|[upkeep]
|upkeep
|
|t:|1756856408
|switch|p1a: Ninetales|Ninetales-Alola, L50, F|100/100
|turn|3
|inactive|SirVala has 30 seconds left.
|
|t:|1756856441
|switch|p2a: Klefki|Klefki, L50, M|100/100
|switch|p2b: Ninetales|Ninetales-Alola, L50, F, shiny|49/100
|move|p1b: Dragonite|Scale Shot|p2a: Klefki
|-immune|p2a: Klefki
|move|p1a: Ninetales|Blizzard|p2b: Ninetales|[spread] p2a,p2b
|-resisted|p2a: Klefki
|-resisted|p2b: Ninetales
|-damage|p2a: Klefki|82/100
|-damage|p2b: Ninetales|25/100
|
|-weather|Snowscape|[upkeep]
|upkeep
|turn|4
|inactive|SirVala has 30 seconds left.
|inactive|SirVala has 20 seconds left.
|inactive|SirVala has 15 seconds left.
|
|t:|1756856483
|move|p2b: Ninetales|Protect|p2b: Ninetales
|-singleturn|p2b: Ninetales|Protect
|move|p1b: Dragonite|Extreme Speed|p2b: Ninetales
|-activate|p2b: Ninetales|move: Protect
|move|p2a: Klefki|Light Screen|p2a: Klefki
|-sidestart|p2: epicfailtesting|move: Light Screen
|move|p1a: Ninetales|Blizzard|p2b: Ninetales|[spread] p2a
|-activate|p2b: Ninetales|move: Protect
|-resisted|p2a: Klefki
|-damage|p2a: Klefki|70/100
|
|-weather|Snowscape|[upkeep]
|upkeep
|turn|5
|
|t:|1756856507
|switch|p2b: Sinistcha|Sinistcha, L50|76/100
|-heal|p2a: Klefki|95/100|[from] ability: Hospitality|[of] p2b: Sinistcha
|move|p1b: Dragonite|Extreme Speed|p2b: Sinistcha
|-immune|p2b: Sinistcha
|move|p1a: Ninetales|Blizzard|p2b: Sinistcha|[spread] p2a,p2b
|-resisted|p2a: Klefki
|-supereffective|p2b: Sinistcha
|-crit|p2b: Sinistcha
|-damage|p2a: Klefki|83/100
|-damage|p2b: Sinistcha|0 fnt
|-status|p2a: Klefki|frz
|faint|p2b: Sinistcha
|cant|p2a: Klefki|frz
|
|-weather|none
|upkeep
|
|t:|1756856522
|switch|p2b: Ursaluna|Ursaluna-Bloodmoon, L50, M, tera:Water|1/100
|turn|6
|
|t:|1756856536
|-curestatus|p2a: Klefki|frz|[msg]
|move|p2a: Klefki|Reflect|p2a: Klefki
|-sidestart|p2: epicfailtesting|Reflect
|move|p2b: Ursaluna|Vacuum Wave|p1b: Dragonite
|-resisted|p1b: Dragonite
|-damage|p1b: Dragonite|97/100
|move|p1b: Dragonite|Low Kick|p2b: Ursaluna
|-damage|p2b: Ursaluna|0 fnt
|faint|p2b: Ursaluna
|move|p1a: Ninetales|Blizzard|p2a: Klefki
|-resisted|p2a: Klefki
|-damage|p2a: Klefki|68/100
|
|upkeep
|
|t:|1756856546
|switch|p2b: Ninetales|Ninetales-Alola, L50, F, shiny|25/100
|-weather|Snowscape|[from] ability: Snow Warning|[of] p2b: Ninetales
|turn|7
|
|t:|1756856558
|move|p1b: Dragonite|Extreme Speed|p2b: Ninetales
|-damage|p2b: Ninetales|4/100
|move|p2b: Ninetales|Encore|p1b: Dragonite
|-start|p1b: Dragonite|Encore
|move|p1a: Ninetales|Blizzard|p2a: Klefki|[spread] p2a,p2b
|-resisted|p2a: Klefki
|-resisted|p2b: Ninetales
|-crit|p2b: Ninetales
|-damage|p2a: Klefki|56/100
|-damage|p2b: Ninetales|0 fnt
|faint|p2b: Ninetales
|move|p2a: Klefki|Dazzling Gleam|p1b: Dragonite|[spread] p1a,p1b
|-supereffective|p1b: Dragonite
|-damage|p1a: Ninetales|82/100
|-damage|p1b: Dragonite|64/100
|
|-weather|Snowscape|[upkeep]
|upkeep
|turn|8
|
|t:|1756856574
|move|p1b: Dragonite|Extreme Speed|p2a: Klefki
|-resisted|p2a: Klefki
|-damage|p2a: Klefki|44/100
|move|p1a: Ninetales|Blizzard|p2a: Klefki
|-resisted|p2a: Klefki
|-damage|p2a: Klefki|30/100
|-status|p2a: Klefki|frz
|cant|p2a: Klefki|frz
|
|-weather|Snowscape|[upkeep]
|upkeep
|turn|9
|inactive|epicfailtesting has 30 seconds left.
|
|t:|1756856608
|move|p1b: Dragonite|Extreme Speed|p2a: Klefki
|-resisted|p2a: Klefki
|-damage|p2a: Klefki|19/100 frz
|move|p1a: Ninetales|Blizzard|p2a: Klefki
|-resisted|p2a: Klefki
|-damage|p2a: Klefki|3/100 frz
|cant|p2a: Klefki|frz
|
|-weather|Snowscape|[upkeep]
|upkeep
|turn|10
|-message|epicfailtesting forfeited.
|
|win|SirVala
|raw|SirVala's rating: 1241 → 1265(+24 for winning)
|raw|epicfailtesting's rating: 1232 → 1208(-24 for losing)
|l|☆SirVala
|player|p1|
|j|☆SirVala
|player|p1|SirVala|bruno|
