|j|☆Giocostorto
|j|☆scottedstone
|html|Giocostortoscottedstone    
|uhtml|bestof|Game 2 of a best-of-3
|t:|1756928761
|gametype|doubles
|player|p1|Giocostorto|palmer|1153
|player|p2|scottedstone|2|1142
|gen|9
|tier|[Gen 9] VGC 2025 Reg H (Bo3)
|rated|
|rule|Species Clause: Limit one of each Pokémon
|rule|Item Clause: Limit 1 of each item
|clearpoke
|poke|p1|Misdreavus, L50, F|
|poke|p1|Gothitelle, L50, M|
|poke|p1|Amoonguss, L50, F|
|poke|p1|Incineroar, L50, M|
|poke|p1|Primarina, L50, M|
|poke|p1|Ursaluna, L50, F|
|poke|p2|Pelipper, L50, M|
|poke|p2|Basculegion, L50, M|
|poke|p2|Archaludon, L50, F|
|poke|p2|Sneasler, L50, M|
|poke|p2|Indeedee, L50, M|
|poke|p2|Amoonguss, L50, M|
|teampreview|4
|showteam|p1|Misdreavus||Eviolite|Levitate|Protect,PerishSong,TrickRoom,ShadowBall|||F|||50|,,,,,Fire]Gothitelle||SafetyGoggles|ShadowTag|Protect,Psychic,TrickRoom,FakeOut|||M|||50|,,,,,Water]Amoonguss||MentalHerb|Regenerator|Protect,Spore,RagePowder,PollenPuff|||F|||50|,,,,,Water]Incineroar||MirrorHerb|Intimidate|Protect,FlareBlitz,FakeOut,PartingShot|||M|||50|,,,,,Grass]Primarina||SitrusBerry|LiquidVoice|Protect,Moonblast,PerishSong,HyperVoice|||M|||50|,,,,,Steel]Ursaluna||FlameOrb|Guts|Protect,HeadlongRush,Earthquake,Facade|||F|||50|,,,,,Ghost
|showteam|p2|Pelipper||FocusSash|Drizzle|Hurricane,WeatherBall,Tailwind,Protect|||M|||50|,,,,,Stellar]Basculegion||LifeOrb|SwiftSwim|WaveCrash,LastRespects,AquaJet,Protect|||M|||50|,,,,,Water]Archaludon||AssaultVest|Stamina|DragonPulse,FlashCannon,ElectroShot,BodyPress|||F|||50|,,,,,Grass]Sneasler||PsychicSeed|Unburden|DireClaw,CloseCombat,ThroatChop,Protect|||M|||50|,,,,,Dark]Indeedee||ChoiceScarf|PsychicSurge|ExpandingForce,TeraBlast,Protect,Trick|||M|||50|,,,,,Psychic]Amoonguss||SitrusBerry|Regenerator|PollenPuff,RagePowder,Spore,Protect|||M|||50|,,,,,Water
|inactive|Battle timer is ON: inactive players will automatically lose when time's up. (requested by Giocostorto)
|
|t:|1756928777
|teamsize|p1|4
|teamsize|p2|4
|start
|switch|p1a: Gothitelle|Gothitelle, L50, M|100/100
|switch|p1b: Incineroar|Incineroar, L50, M|100/100
|switch|p2a: Pelipper|Pelipper, L50, M|100/100
|switch|p2b: Basculegion|Basculegion, L50, M|100/100
|-weather|RainDance|[from] ability: Drizzle|[of] p2a: Pelipper
|-ability|p1b: Incineroar|Intimidate|boost
|-unboost|p2a: Pelipper|atk|1
|-unboost|p2b: Basculegion|atk|1
|turn|1
|
|t:|1756928801
|switch|p1b: Amoonguss|Amoonguss, L50, F|100/100
|-terastallize|p1a: Gothitelle|Water
|move|p2b: Basculegion|Wave Crash|p1a: Gothitelle
|-resisted|p1a: Gothitelle
|-damage|p1a: Gothitelle|63/100
|-damage|p2b: Basculegion|89/100|[from] Recoil
|-damage|p2b: Basculegion|80/100|[from] item: Life Orb
|move|p2a: Pelipper|Hurricane|p1a: Gothitelle
|-damage|p1a: Gothitelle|24/100
|-start|p1a: Gothitelle|confusion
|-activate|p1a: Gothitelle|confusion
|-damage|p1a: Gothitelle|19/100|[from] confusion
|
|-weather|RainDance|[upkeep]
|upkeep
|turn|2
|inactive|Giocostorto has 30 seconds left.
|inactive|scottedstone has 30 seconds left.
|
|t:|1756928828
|-terastallize|p2a: Pelipper|Stellar
|move|p1b: Amoonguss|Rage Powder|p1b: Amoonguss
|-singleturn|p1b: Amoonguss|move: Rage Powder
|move|p2b: Basculegion|Wave Crash|p1b: Amoonguss
|-resisted|p1b: Amoonguss
|-damage|p1b: Amoonguss|69/100
|-damage|p2b: Basculegion|68/100|[from] Recoil
|-damage|p2b: Basculegion|58/100|[from] item: Life Orb
|move|p2a: Pelipper|Hurricane|p1b: Amoonguss
|-supereffective|p1b: Amoonguss
|-damage|p1b: Amoonguss|0 fnt
|faint|p1b: Amoonguss
|-end|p1a: Gothitelle|confusion
|move|p1a: Gothitelle|Trick Room|p1a: Gothitelle
|-fieldstart|move: Trick Room|[of] p1a: Gothitelle
|
|-weather|RainDance|[upkeep]
|upkeep
|
|t:|1756928843
|switch|p1b: Ursaluna|Ursaluna, L50, F|100/100
|turn|3
|
|t:|1756928860
|move|p1b: Ursaluna|Protect|p1b: Ursaluna
|-singleturn|p1b: Ursaluna|Protect
|move|p2b: Basculegion|Protect|p2b: Basculegion
|-singleturn|p2b: Basculegion|Protect
|move|p1a: Gothitelle|Psychic|p2b: Basculegion
|-activate|p2b: Basculegion|move: Protect
|move|p2a: Pelipper|Weather Ball|p1b: Ursaluna
|-activate|p1b: Ursaluna|move: Protect
|
|-weather|RainDance|[upkeep]
|-status|p1b: Ursaluna|brn|[from] item: Flame Orb
|upkeep
|turn|4
|
|t:|1756928877
|move|p2b: Basculegion|Aqua Jet|p1b: Ursaluna
|-supereffective|p1b: Ursaluna
|-damage|p1b: Ursaluna|57/100 brn
|-damage|p2b: Basculegion|48/100|[from] item: Life Orb
|move|p1b: Ursaluna|Facade|p2a: Pelipper
|-enditem|p2a: Pelipper|Focus Sash
|-damage|p2a: Pelipper|1/100
|move|p1a: Gothitelle|Psychic|p2a: Pelipper
|-damage|p2a: Pelipper|0 fnt
|faint|p2a: Pelipper
|
|-weather|RainDance|[upkeep]
|-damage|p1b: Ursaluna|51/100 brn|[from] brn
|upkeep
|
|t:|1756928891
|switch|p2a: Amoonguss|Amoonguss, L50, M|100/100
|turn|5
|inactive|Giocostorto has 30 seconds left.
|
|t:|1756928917
|move|p2b: Basculegion|Aqua Jet|p1b: Ursaluna
|-supereffective|p1b: Ursaluna
|-damage|p1b: Ursaluna|8/100 brn
|-damage|p2b: Basculegion|39/100|[from] item: Life Orb
|move|p1b: Ursaluna|Facade|p2a: Amoonguss
|-damage|p2a: Amoonguss|7/100
|-enditem|p2a: Amoonguss|Sitrus Berry|[eat]
|-heal|p2a: Amoonguss|32/100|[from] item: Sitrus Berry
|move|p2a: Amoonguss|Pollen Puff|p2b: Basculegion
|-heal|p2b: Basculegion|89/100
|move|p1a: Gothitelle|Psychic|p2b: Basculegion
|-damage|p2b: Basculegion|55/100
|
|-weather|none
|-damage|p1b: Ursaluna|2/100 brn|[from] brn
|upkeep
|turn|6
|
|t:|1756928938
|switch|p1b: Incineroar|Incineroar, L50, M|100/100
|-ability|p1b: Incineroar|Intimidate|boost
|-unboost|p2a: Amoonguss|atk|1
|-unboost|p2b: Basculegion|atk|1
|move|p2b: Basculegion|Aqua Jet|p1b: Incineroar
|-supereffective|p1b: Incineroar
|-damage|p1b: Incineroar|77/100
|-damage|p2b: Basculegion|45/100|[from] item: Life Orb
|move|p2a: Amoonguss|Spore|p1a: Gothitelle
|-activate|p1a: Gothitelle|item: Safety Goggles|Spore
|move|p1a: Gothitelle|Psychic|p2a: Amoonguss
|-supereffective|p2a: Amoonguss
|-damage|p2a: Amoonguss|0 fnt
|faint|p2a: Amoonguss
|
|-fieldend|move: Trick Room
|upkeep
|
|t:|1756928949
|switch|p2a: Archaludon|Archaludon, L50, F|100/100
|turn|7
|
|t:|1756928966
|move|p1b: Incineroar|Fake Out|p2a: Archaludon
|-resisted|p2a: Archaludon
|-damage|p2a: Archaludon|97/100
|-ability|p2a: Archaludon|Stamina|boost
|-boost|p2a: Archaludon|def|1
|-enditem|p1b: Incineroar|Mirror Herb
|-boost|p1b: Incineroar|def|1|[from] item: Mirror Herb
|move|p2b: Basculegion|Last Respects|p1a: Gothitelle
|-damage|p1a: Gothitelle|0 fnt
|faint|p1a: Gothitelle
|-damage|p2b: Basculegion|36/100|[from] item: Life Orb
|cant|p2a: Archaludon|flinch
|
|upkeep
|
|t:|1756928974
|switch|p1a: Ursaluna|Ursaluna, L50, F|2/100 brn
|turn|8
|-message|Giocostorto forfeited.
|
|win|scottedstone
||scottedstone is ready for game 3.
||Giocostorto is ready for game 3.
|uhtml|next|Next: Game 3 of 3
|l|☆scottedstone
|player|p2|
|l|☆Giocostorto
|player|p1|
|j|☆Giocostorto
|player|p1|Giocostorto|palmer|
