|j|☆Lacossg
|j|☆captainspoon
|html|Lacossgcaptainspoon    
|uhtml|bestof|Game 2 of a best-of-3
|t:|1756463306
|gametype|doubles
|player|p1|Lacossg|265|1213
|player|p2|captainspoon|170|1142
|gen|9
|tier|[Gen 9] VGC 2025 Reg H (Bo3)
|rated|
|rule|Species Clause: Limit one of each Pokémon
|rule|Item Clause: Limit 1 of each item
|clearpoke
|poke|p1|Ninetales, L50, F|
|poke|p1|Salamence, L50, M|
|poke|p1|Volcarona, L50, M|
|poke|p1|Rillaboom, L50, M|
|poke|p1|Basculegion, L50, M|
|poke|p1|Flamigo, L50, M|
|poke|p2|Dragonite, L50, F|
|poke|p2|Gholdengo, L50|
|poke|p2|Ursaluna-Bloodmoon, L50, M|
|poke|p2|Annihilape, L50, F|
|poke|p2|Magmar, L50, F|
|poke|p2|Ninetales-Alola, L50, F|
|teampreview|4
|showteam|p1|Ninetales||CovertCloak|Drought|Encore,Disable,Overheat,Extrasensory|||F|||50|,,,,,Dark]Salamence||SafetyGoggles|Intimidate|DragonClaw,TemperFlare,Tailwind,Protect|||M|||50|,,,,,Fire]Volcarona||Leftovers|FlameBody|QuiverDance,FieryDance,TeraBlast,Protect|||M|||50|,,,,,Fairy]Rillaboom||MiracleSeed|GrassySurge|GrassyGlide,WoodHammer,HighHorsepower,FakeOut|||M|||50|,,,,,Grass]Basculegion||ChoiceScarf|Adaptability|WaveCrash,LastRespects,FlipTurn,AquaJet|||M|||50|,,,,,Water]Flamigo||FocusSash|Scrappy|CloseCombat,DualWingbeat,Protect,WideGuard|||M|||50|,,,,,Fighting
|showteam|p2|Dragonite||LoadedDice|Multiscale|ScaleShot,ExtremeSpeed,IceSpinner,Protect|||F|||50|,,,,,Fairy]Gholdengo||MetalCoat|GoodasGold|MakeItRain,ShadowBall,NastyPlot,Protect||||||50|,,,,,Water]Ursaluna-Bloodmoon||AssaultVest|MindsEye|BloodMoon,HyperVoice,VacuumWave,EarthPower|||M|||50|,,,,,Poison]Annihilape||SafetyGoggles|Defiant|DrainPunch,RageFist,BulkUp,Protect|||F|||50|,,,,,Water]Magmar||Eviolite|FlameBody|Overheat,ClearSmog,FollowMe,Protect|||F|||50|,,,,,Ghost]Ninetales-Alola||LightClay|SnowWarning|Blizzard,IcicleSpear,Encore,AuroraVeil|||F|||50|,,,,,Ghost
|
|t:|1756463348
|teamsize|p1|4
|teamsize|p2|4
|start
|switch|p1a: Volcarona|Volcarona, L50, M|100/100
|switch|p1b: Ninetales|Ninetales, L50, F|100/100
|switch|p2a: Dragonite|Dragonite, L50, F|100/100
|switch|p2b: Ursaluna|Ursaluna-Bloodmoon, L50, M|100/100
|-weather|SunnyDay|[from] ability: Drought|[of] p1b: Ninetales
|turn|1
|
|t:|1756463379
|switch|p1b: Flamigo|Flamigo, L50, M|100/100
|switch|p2a: Ninetales|Ninetales-Alola, L50, F|100/100
|-weather|Snowscape|[from] ability: Snow Warning|[of] p2a: Ninetales
|-terastallize|p1a: Volcarona|Fairy
|move|p1a: Volcarona|Quiver Dance|p1a: Volcarona
|-boost|p1a: Volcarona|spa|1
|-boost|p1a: Volcarona|spd|1
|-boost|p1a: Volcarona|spe|1
|move|p2b: Ursaluna|Earth Power|p1b: Flamigo
|-immune|p1b: Flamigo
|
|-weather|Snowscape|[upkeep]
|upkeep
|turn|2
|
|t:|1756463411
|move|p1a: Volcarona|Fiery Dance|p2a: Ninetales
|-supereffective|p2a: Ninetales
|-damage|p2a: Ninetales|0 fnt
|faint|p2a: Ninetales
|move|p1b: Flamigo|Close Combat|p2b: Ursaluna
|-supereffective|p2b: Ursaluna
|-damage|p2b: Ursaluna|14/100
|-unboost|p1b: Flamigo|def|1
|-unboost|p1b: Flamigo|spd|1
|move|p2b: Ursaluna|Blood Moon|p1a: Volcarona
|-crit|p1a: Volcarona
|-damage|p1a: Volcarona|0 fnt
|faint|p1a: Volcarona
|
|-weather|Snowscape|[upkeep]
|upkeep
|
|t:|1756463428
|switch|p2a: Dragonite|Dragonite, L50, F|100/100
|switch|p1a: Ninetales|Ninetales, L50, F|100/100
|-weather|SunnyDay|[from] ability: Drought|[of] p1a: Ninetales
|turn|3
|
|t:|1756463446
|move|p1b: Flamigo|Protect|p1b: Flamigo
|-singleturn|p1b: Flamigo|Protect
|move|p1a: Ninetales|Extrasensory|p2b: Ursaluna
|-damage|p2b: Ursaluna|1/100
|move|p2a: Dragonite|Scale Shot|p1b: Flamigo
|-activate|p1b: Flamigo|move: Protect
|move|p2b: Ursaluna|Earth Power|p1a: Ninetales
|-supereffective|p1a: Ninetales
|-damage|p1a: Ninetales|0 fnt
|faint|p1a: Ninetales
|
|-weather|SunnyDay|[upkeep]
|upkeep
|
|t:|1756463453
|switch|p1a: Basculegion|Basculegion, L50, M|100/100
|turn|4
|
|t:|1756463475
|move|p1a: Basculegion|Last Respects|p2a: Dragonite
|-damage|p2a: Dragonite|46/100
|move|p1b: Flamigo|Close Combat|p2b: Ursaluna
|-supereffective|p2b: Ursaluna
|-damage|p2b: Ursaluna|0 fnt
|-unboost|p1b: Flamigo|def|1
|-unboost|p1b: Flamigo|spd|1
|faint|p2b: Ursaluna
|move|p2a: Dragonite|Scale Shot|p1b: Flamigo
|-damage|p1b: Flamigo|60/100
|-damage|p1b: Flamigo|14/100
|-damage|p1b: Flamigo|0 fnt
|faint|p1b: Flamigo
|-hitcount|p1: Flamigo|3
|-unboost|p2a: Dragonite|def|1
|-boost|p2a: Dragonite|spe|1
|
|-weather|SunnyDay|[upkeep]
|upkeep
|
|t:|1756463487
|switch|p2b: Gholdengo|Gholdengo, L50|100/100
|turn|5
|
|t:|1756463506
|-terastallize|p2b: Gholdengo|Water
|move|p2a: Dragonite|Protect|p2a: Dragonite
|-singleturn|p2a: Dragonite|Protect
|move|p1a: Basculegion|Last Respects|p2b: Gholdengo
|-crit|p2b: Gholdengo
|-damage|p2b: Gholdengo|0 fnt
|faint|p2b: Gholdengo
|
|-weather|SunnyDay|[upkeep]
|upkeep
|turn|6
|
|t:|1756463514
|move|p1a: Basculegion|Last Respects|p2a: Dragonite
|-damage|p2a: Dragonite|0 fnt
|faint|p2a: Dragonite
|
|win|Lacossg
|raw|Lacossg's rating: 1213 → 1233(+20 for winning)
|raw|captainspoon's rating: 1142 → 1122(-20 for losing)
|l|☆Lacossg
|player|p1|
|l|☆captainspoon
|player|p2|
|j|☆captainspoon
|player|p2|captainspoon|170|
