|j|☆Pakaan64
|j|☆satandagiii2005
|html|Pakaan64satandagiii2005    
|uhtml|bestof|Game 3 of a best-of-3
|t:|1782764240
|gametype|doubles
|player|p1|Pakaan64|169|1286
|player|p2|satandagiii2005|byron|1177
|gen|9
|tier|[Gen 9 Champions] VGC 2026 Reg M-B (Bo3)
|rated|
|rule|Species Clause: Limit one of each Pokémon
|rule|Item Clause: Limit 1 of each item
|clearpoke
|poke|p1|Raichu, L50, F|
|poke|p1|Ninetales-Alola, L50, F|
|poke|p1|Volcarona, L50, F|
|poke|p1|Incineroar, L50, M|
|poke|p1|Aerodactyl, L50, F|
|poke|p1|Gholdengo, L50|
|poke|p2|Venusaur, L50, M|
|poke|p2|Swampert, L50, M|
|poke|p2|Pelipper, L50, F|
|poke|p2|Archaludon, L50, F|
|poke|p2|Maushold, L50|
|poke|p2|Gholdengo, L50|
|teampreview|4
|showteam|p1|Raichu||RaichuniteY|LightningRod|FakeOut,FocusBlast,ZapCannon,Protect|Hasty||F|||50|]Ninetales-Alola||FocusSash|SnowWarning|Blizzard,Moonblast,Protect,FreezeDry|Timid||F|||50|]Volcarona||Leftovers|FlameBody|RagePowder,Protect,QuiverDance,HeatWave|Bold||F|||50|]Incineroar||SitrusBerry|Intimidate|FakeOut,PartingShot,DarkestLariat,WillOWisp|Careful||M|||50|]Aerodactyl||Aerodactylite|Unnerve|Tailwind,RockSlide,DualWingbeat,Protect|Jolly||F|||50|]Gholdengo||WhiteHerb|GoodasGold|MakeItRain,NastyPlot,ShadowBall,Protect|Modest|||||50|
|showteam|p2|Venusaur||Venusaurite|Overgrow|SludgeBomb,EarthPower,GigaDrain,Protect|Modest||M|||50|]Swampert||Swampertite|Torrent|WaveCrash,Earthquake,IcePunch,Protect|Adamant||M|||50|]Pelipper||SitrusBerry|Drizzle|Hurricane,WeatherBall,Tailwind,WideGuard|Modest||F|||50|]Archaludon||Leftovers|Stamina|ElectroShot,DragonPulse,FlashCannon,Protect|Modest||F|||50|]Maushold||FocusSash|FriendGuard|FollowMe,SuperFang,RainDance,Protect|Jolly|||||50|]Gholdengo||LifeOrb|GoodasGold|MakeItRain,ShadowBall,PowerGem,Protect|Timid|||||50|
|inactive|Battle timer is ON: inactive players will automatically lose when time's up. (requested by Pakaan64)
|
|t:|1782764258
|teamsize|p1|4
|teamsize|p2|4
|start
|switch|p1a: Raichu|Raichu, L50, F|100/100
|switch|p1b: Volcarona|Volcarona, L50, F|100/100
|switch|p2a: Swampert|Swampert, L50, M|100/100
|switch|p2b: Pelipper|Pelipper, L50, F|100/100
|-weather|RainDance|[from] ability: Drizzle|[of] p2b: Pelipper
|turn|1
|
|t:|1782764276
|switch|p1b: Ninetales|Ninetales-Alola, L50, F|100/100
|-weather|Snowscape|[from] ability: Snow Warning|[of] p1b: Ninetales
|detailschange|p1a: Raichu|Raichu-Mega-Y, L50, F
|-mega|p1a: Raichu|Raichu|Raichunite Y
|detailschange|p2a: Swampert|Swampert-Mega, L50, M
|-mega|p2a: Swampert|Swampert|Swampertite
|move|p1a: Raichu|Zap Cannon|p2b: Pelipper
|-supereffective|p2b: Pelipper|2
|-damage|p2b: Pelipper|0 fnt
|faint|p2b: Pelipper
|move|p2a: Swampert|Earthquake|p1a: Raichu|[spread] p1a,p1b
|-supereffective|p1a: Raichu|1
|-damage|p1a: Raichu|0 fnt
|-damage|p1b: Ninetales|53/100
|faint|p1a: Raichu
|
|-weather|Snowscape|[upkeep]
|upkeep
|
|t:|1782764294
|switch|p1a: Volcarona|Volcarona, L50, F|100/100
|switch|p2b: Maushold|Maushold, L50|100/100
|turn|2
|
|t:|1782764314
|switch|p1a: Incineroar|Incineroar, L50, M|100/100
|-ability|p1a: Incineroar|Intimidate|boost
|-unboost|p2a: Swampert|atk|1
|-unboost|p2b: Maushold|atk|1
|move|p2b: Maushold|Rain Dance|p2b: Maushold
|-weather|RainDance
|move|p2a: Swampert|Earthquake|p1a: Incineroar|[spread] p2b,p1a,p1b
|-supereffective|p1a: Incineroar|1
|-damage|p2b: Maushold|61/100
|-damage|p1a: Incineroar|36/100
|-damage|p1b: Ninetales|5/100
|-enditem|p1a: Incineroar|Sitrus Berry|[eat]
|-heal|p1a: Incineroar|61/100|[from] item: Sitrus Berry
|move|p1b: Ninetales|Blizzard|p2b: Maushold|[spread] p2a,p2b
|-damage|p2a: Swampert|80/100
|-damage|p2b: Maushold|24/100
|
|-weather|RainDance|[upkeep]
|upkeep
|turn|3
|inactive|Pakaan64 has 30 seconds left.
|inactive|satandagiii2005 has 30 seconds left.
|
|t:|1782764340
|switch|p2a: Gholdengo|Gholdengo, L50|100/100
|switch|p1b: Volcarona|Volcarona, L50, F|100/100
|move|p1a: Incineroar|Fake Out|p2a: Gholdengo
|-immune|p2a: Gholdengo
|move|p2b: Maushold|Follow Me|p2b: Maushold
|-singleturn|p2b: Maushold|move: Follow Me
|
|-weather|RainDance|[upkeep]
|upkeep
|turn|4
|
|t:|1782764356
|move|p2b: Maushold|Rain Dance||[still]
|-fail|p2b: Maushold
|move|p2a: Gholdengo|Power Gem|p1b: Volcarona
|-supereffective|p1b: Volcarona|2
|-damage|p1b: Volcarona|0 fnt
|faint|p1b: Volcarona
|-damage|p2a: Gholdengo|90/100|[from] item: Life Orb
|move|p1a: Incineroar|Darkest Lariat|p2a: Gholdengo
|-supereffective|p2a: Gholdengo|1
|-damage|p2a: Gholdengo|37/100
|
|-weather|RainDance|[upkeep]
|upkeep
|
|t:|1782764363
|switch|p1b: Ninetales|Ninetales-Alola, L50, F|5/100
|-weather|Snowscape|[from] ability: Snow Warning|[of] p1b: Ninetales
|turn|5
|
|t:|1782764380
|move|p2b: Maushold|Rain Dance|p2b: Maushold
|-weather|RainDance
|move|p1b: Ninetales|Blizzard|p2b: Maushold|[spread] 
|-miss|p1b: Ninetales|p2a: Gholdengo
|-miss|p1b: Ninetales|p2b: Maushold
|move|p2a: Gholdengo|Make It Rain|p1b: Ninetales|[spread] p1a,p1b
|-resisted|p1a: Incineroar|1
|-supereffective|p1b: Ninetales|2
|-damage|p1a: Incineroar|41/100
|-damage|p1b: Ninetales|0 fnt
|-unboost|p2a: Gholdengo|spa|2
|faint|p1b: Ninetales
|-damage|p2a: Gholdengo|27/100|[from] item: Life Orb
|move|p1a: Incineroar|Darkest Lariat|p2a: Gholdengo
|-supereffective|p2a: Gholdengo|1
|-damage|p2a: Gholdengo|0 fnt
|faint|p2a: Gholdengo
|
|-weather|RainDance|[upkeep]
|upkeep
|c|☆Pakaan64|Gg
|c|☆satandagiii2005|gg
|
|t:|1782764399
|switch|p2a: Swampert|Swampert-Mega, L50, M|80/100
|turn|6
|
|t:|1782764406
|move|p2b: Maushold|Follow Me|p2b: Maushold
|-singleturn|p2b: Maushold|move: Follow Me
|move|p2a: Swampert|Wave Crash|p1a: Incineroar
|-supereffective|p1a: Incineroar|1
|-damage|p1a: Incineroar|0 fnt
|faint|p1a: Incineroar
|-damage|p2a: Swampert|66/100|[from] Recoil
|
|win|satandagiii2005
|raw|Pakaan64's rating: 1286 → 1253(-33 for losing)
|raw|satandagiii2005's rating: 1177 → 1210(+33 for winning)
|l|☆Pakaan64
|player|p1|
