|j|‽sunbreathingzoro
|j|☆TheLambasEffigy
|html|sunbreathingzoroTheLambasEffigy    
|uhtml|bestof|Game 1 of a best-of-3
|t:|1782958446
|gametype|doubles
|player|p1|sunbreathingzoro|265|1034
|player|p2|TheLambasEffigy|102|1179
|gen|9
|tier|[Gen 9 Champions] VGC 2026 Reg M-B (Bo3)
|rated|
|rule|Species Clause: Limit one of each Pokémon
|rule|Item Clause: Limit 1 of each item
|clearpoke
|poke|p1|Farigiraf, L50, F|
|poke|p1|Torkoal, L50, F|
|poke|p1|Mawile, L50, M|
|poke|p1|Incineroar, L50, M|
|poke|p1|Pyroar, L50, F|
|poke|p1|Maushold-Four, L50|
|poke|p2|Farigiraf, L50, M|
|poke|p2|Tinkaton, L50, F|
|poke|p2|Charizard, L50, M|
|poke|p2|Aerodactyl, L50, F|
|poke|p2|Venusaur, L50, F|
|poke|p2|Sneasler, L50, M|
|teampreview|4
|showteam|p1|Farigiraf||MentalHerb|ArmorTail|HelpingHand,TrickRoom,HyperVoice,Protect|Sassy||F|||50|]Torkoal||Charcoal|Drought|Eruption,HeatWave,Protect,SolarBeam|Quiet||F|||50|]Mawile||Mawilite|Intimidate|Protect,SuckerPunch,PlayRough,SwordsDance|Brave||M|||50|]Incineroar||SitrusBerry|Intimidate|FakeOut,PartingShot,FlareBlitz,WillOWisp|Impish||M|||50|]Pyroar||Pyroarite|Unnerve|HyperVoice,Overheat,HeatWave,SolarBeam|Timid||F|||50|]Maushold-Four||WideLens|FriendGuard|PopulationBomb,Encore,Uturn,Protect|Jolly|||||50|
|showteam|p2|Farigiraf||SitrusBerry|ArmorTail|TrickRoom,Imprison,Protect,TwinBeam|Bold||M|||50|]Tinkaton||OccaBerry|MoldBreaker|FakeOut,Encore,Protect,GigatonHammer|Adamant||F|||50|]Charizard||CharizarditeY|SolarPower|WeatherBall,HeatWave,Protect,SolarBeam|Modest||M|||50|]Aerodactyl||Aerodactylite|Unnerve|WideGuard,RockSlide,Protect,Tailwind|Jolly||F|||50|]Venusaur||FocusSash|Chlorophyll|GigaDrain,SludgeBomb,Protect,SleepPowder|Timid||F|||50|]Sneasler||WhiteHerb|Unburden|FakeOut,DireClaw,Protect,CloseCombat|Jolly||M|||50|
|inactive|Battle timer is ON: inactive players will automatically lose when time's up. (requested by sunbreathingzoro)
|inactive|sunbreathingzoro has 60 seconds left.
|
|t:|1782958480
|teamsize|p1|4
|teamsize|p2|4
|start
|switch|p1a: Farigiraf|Farigiraf, L50, F|100/100
|switch|p1b: Incineroar|Incineroar, L50, M|100/100
|switch|p2a: Farigiraf|Farigiraf, L50, M|100/100
|switch|p2b: Tinkaton|Tinkaton, L50, F|100/100
|-ability|p2b: Tinkaton|Mold Breaker
|-ability|p1b: Incineroar|Intimidate|boost
|-unboost|p2a: Farigiraf|atk|1
|-unboost|p2b: Tinkaton|atk|1
|turn|1
|
|t:|1782958497
|move|p2b: Tinkaton|Fake Out|p1b: Incineroar
|-damage|p1b: Incineroar|94/100
|cant|p1b: Incineroar|flinch
|move|p2a: Farigiraf|Imprison|p2a: Farigiraf
|-start|p2a: Farigiraf|move: Imprison
|cant|p1a: Farigiraf|move: Imprison|Trick Room
|
|upkeep
|turn|2
|
|t:|1782958521
|move|p1a: Farigiraf|Helping Hand|p1b: Incineroar
|-singleturn|p1b: Incineroar|Helping Hand|[of] p1a: Farigiraf
|move|p2a: Farigiraf|Protect|p2a: Farigiraf
|-singleturn|p2a: Farigiraf|Protect
|move|p2b: Tinkaton|Gigaton Hammer|p1b: Incineroar
|-resisted|p1b: Incineroar|1
|-damage|p1b: Incineroar|77/100
|move|p1b: Incineroar|Flare Blitz|p2a: Farigiraf
|-activate|p2a: Farigiraf|move: Protect
|
|upkeep
|turn|3
|
|t:|1782958545
|switch|p2a: Charizard|Charizard, L50, M|100/100
|move|p1a: Farigiraf|Helping Hand|p1b: Incineroar
|-singleturn|p1b: Incineroar|Helping Hand|[of] p1a: Farigiraf
|move|p2b: Tinkaton|Encore|p1a: Farigiraf
|-start|p1a: Farigiraf|Encore
|-enditem|p1a: Farigiraf|Mental Herb
|-end|p1a: Farigiraf|Encore
|move|p1b: Incineroar|Flare Blitz|p2a: Charizard
|-resisted|p2a: Charizard|1
|-damage|p2a: Charizard|46/100
|-damage|p1b: Incineroar|63/100|[from] Recoil
|
|upkeep
|turn|4
|
|t:|1782958564
|move|p2a: Charizard|Protect|p2a: Charizard
|-singleturn|p2a: Charizard|Protect
|move|p2b: Tinkaton|Encore|p1a: Farigiraf
|-start|p1a: Farigiraf|Encore
|move|p1a: Farigiraf|Helping Hand|p1b: Incineroar
|-singleturn|p1b: Incineroar|Helping Hand|[of] p1a: Farigiraf
|move|p1b: Incineroar|Flare Blitz|p2a: Charizard
|-activate|p2a: Charizard|move: Protect
|
|upkeep
|turn|5
|
|t:|1782958579
|detailschange|p2a: Charizard|Charizard-Mega-Y, L50, M
|-mega|p2a: Charizard|Charizard|Charizardite Y
|-weather|SunnyDay|[from] ability: Drought|[of] p2a: Charizard
|move|p1a: Farigiraf|Helping Hand|p1b: Incineroar
|-singleturn|p1b: Incineroar|Helping Hand|[of] p1a: Farigiraf
|move|p2a: Charizard|Weather Ball|p1b: Incineroar
|-resisted|p1b: Incineroar|1
|-damage|p1b: Incineroar|17/100
|-enditem|p1b: Incineroar|Sitrus Berry|[eat]
|-heal|p1b: Incineroar|42/100|[from] item: Sitrus Berry
|move|p2b: Tinkaton|Gigaton Hammer|p1b: Incineroar
|-resisted|p1b: Incineroar|1
|-damage|p1b: Incineroar|27/100
|move|p1b: Incineroar|Flare Blitz|p2a: Charizard
|-resisted|p2a: Charizard|1
|-damage|p2a: Charizard|0 fnt
|faint|p2a: Charizard
|-damage|p1b: Incineroar|15/100|[from] Recoil
|
|-weather|SunnyDay|[upkeep]
|upkeep
|
|t:|1782958591
|switch|p2a: Venusaur|Venusaur, L50, F|100/100
|turn|6
|
|t:|1782958609
|switch|p1a: Mawile|Mawile, L50, M|100/100
|-ability|p1a: Mawile|Intimidate|boost
|-unboost|p2a: Venusaur|atk|1
|-unboost|p2b: Tinkaton|atk|1
|move|p2b: Tinkaton|Protect|p2b: Tinkaton
|-singleturn|p2b: Tinkaton|Protect
|move|p2a: Venusaur|Sludge Bomb|p1b: Incineroar
|-damage|p1b: Incineroar|0 fnt
|faint|p1b: Incineroar
|
|-weather|SunnyDay|[upkeep]
|upkeep
|
|t:|1782958621
|switch|p1b: Farigiraf|Farigiraf, L50, F|100/100
|turn|7
|
|t:|1782958636
|switch|p2b: Farigiraf|Farigiraf, L50, M|100/100
|move|p1a: Mawile|Protect|p1a: Mawile
|-singleturn|p1a: Mawile|Protect
|move|p2a: Venusaur|Sleep Powder|p1b: Farigiraf
|-status|p1b: Farigiraf|slp|[from] move: Sleep Powder
|cant|p1b: Farigiraf|slp
|
|-weather|SunnyDay|[upkeep]
|upkeep
|turn|8
|inactive|sunbreathingzoro has 30 seconds left.
|
|t:|1782958664
|detailschange|p1a: Mawile|Mawile-Mega, L50, M
|-mega|p1a: Mawile|Mawile|Mawilite
|move|p2a: Venusaur|Sleep Powder|p1a: Mawile
|-status|p1a: Mawile|slp|[from] move: Sleep Powder
|move|p2b: Farigiraf|Imprison|p2b: Farigiraf
|-start|p2b: Farigiraf|move: Imprison
|cant|p1a: Mawile|slp
|cant|p1b: Farigiraf|slp
|
|-weather|SunnyDay|[upkeep]
|upkeep
|turn|9
|inactive|sunbreathingzoro has 30 seconds left.
|inactive|TheLambasEffigy has 30 seconds left.
|inactive|sunbreathingzoro has 20 seconds left.
|inactive|TheLambasEffigy has 20 seconds left.
|inactive|sunbreathingzoro has 15 seconds left.
|inactive|sunbreathingzoro has 10 seconds left.
|inactive|sunbreathingzoro has 5 seconds left.
|
|t:|1782958719
|-curestatus|p1b: Farigiraf|slp|[msg]
|move|p1b: Farigiraf|Helping Hand|p1a: Mawile
|-singleturn|p1a: Mawile|Helping Hand|[of] p1b: Farigiraf
|move|p2b: Farigiraf|Protect|p2b: Farigiraf
|-singleturn|p2b: Farigiraf|Protect
|-curestatus|p1a: Mawile|slp|[msg]
|move|p1a: Mawile|Sucker Punch||[still]
|cant|p2b: Farigiraf|ability: Armor Tail|Sucker Punch|[of] p1a: Mawile
|move|p2a: Venusaur|Sludge Bomb|p1b: Farigiraf
|-damage|p1b: Farigiraf|66/100
|
|-weather|none
|upkeep
|turn|10
|inactive|sunbreathingzoro has 30 seconds left.
|inactive|TheLambasEffigy has 30 seconds left.
|inactive|sunbreathingzoro has 20 seconds left.
|inactive|sunbreathingzoro has 15 seconds left.
|inactive|sunbreathingzoro has 10 seconds left.
|inactive|sunbreathingzoro has 5 seconds left.
|
|t:|1782958774
|move|p1b: Farigiraf|Helping Hand|p1a: Mawile
|-singleturn|p1a: Mawile|Helping Hand|[of] p1b: Farigiraf
|move|p1a: Mawile|Sucker Punch||[still]
|cant|p2b: Farigiraf|ability: Armor Tail|Sucker Punch|[of] p1a: Mawile
|move|p2a: Venusaur|Sleep Powder|p1a: Mawile|[miss]
|-miss|p2a: Venusaur|p1a: Mawile
|move|p2b: Farigiraf|Twin Beam|p1b: Farigiraf
|-resisted|p1b: Farigiraf|1
|-damage|p1b: Farigiraf|60/100
|-resisted|p1b: Farigiraf|1
|-damage|p1b: Farigiraf|55/100
|-hitcount|p1b: Farigiraf|2
|
|upkeep
|turn|11
|inactive|sunbreathingzoro has 30 seconds left.
|inactive|sunbreathingzoro has 20 seconds left.
|inactive|sunbreathingzoro has 15 seconds left.
|inactive|sunbreathingzoro has 10 seconds left.
|inactive|sunbreathingzoro has 5 seconds left.
|
|t:|1782958829
|move|p1b: Farigiraf|Helping Hand|p1a: Mawile
|-singleturn|p1a: Mawile|Helping Hand|[of] p1b: Farigiraf
|move|p1a: Mawile|Sucker Punch||[still]
|cant|p2b: Farigiraf|ability: Armor Tail|Sucker Punch|[of] p1a: Mawile
|move|p2a: Venusaur|Sleep Powder|p1a: Mawile
|-status|p1a: Mawile|slp|[from] move: Sleep Powder
|move|p2b: Farigiraf|Twin Beam|p1b: Farigiraf
|-resisted|p1b: Farigiraf|1
|-damage|p1b: Farigiraf|48/100
|-resisted|p1b: Farigiraf|1
|-damage|p1b: Farigiraf|43/100
|-hitcount|p1b: Farigiraf|2
|
|upkeep
|turn|12
|c|☆TheLambasEffigy|Twin you're not locked out of play rough yk
|inactive|sunbreathingzoro has 30 seconds left.
|inactive|sunbreathingzoro has 20 seconds left.
|inactive|sunbreathingzoro has 15 seconds left.
|inactive|sunbreathingzoro has 10 seconds left.
|inactive|sunbreathingzoro has 5 seconds left.
|
|t:|1782958884
|move|p1b: Farigiraf|Helping Hand|p1a: Mawile
|-singleturn|p1a: Mawile|Helping Hand|[of] p1b: Farigiraf
|cant|p1a: Mawile|slp
|move|p2a: Venusaur|Sludge Bomb|p1b: Farigiraf
|-damage|p1b: Farigiraf|9/100
|move|p2b: Farigiraf|Twin Beam|p1b: Farigiraf
|-resisted|p1b: Farigiraf|1
|-damage|p1b: Farigiraf|3/100
|-resisted|p1b: Farigiraf|1
|-damage|p1b: Farigiraf|0 fnt
|faint|p1b: Farigiraf
|-hitcount|p1: Farigiraf|2
|
|upkeep
|
|t:|1782958896
|switch|p1b: Torkoal|Torkoal, L50, F|100/100
|-weather|SunnyDay|[from] ability: Drought|[of] p1b: Torkoal
|turn|13
|
|t:|1782958917
|-curestatus|p1a: Mawile|slp|[msg]
|move|p1a: Mawile|Sucker Punch||[still]
|cant|p2b: Farigiraf|ability: Armor Tail|Sucker Punch|[of] p1a: Mawile
|move|p2a: Venusaur|Sludge Bomb|p1b: Torkoal
|-damage|p1b: Torkoal|44/100
|-status|p1b: Torkoal|psn
|move|p2b: Farigiraf|Twin Beam|p1b: Torkoal
|-damage|p1b: Torkoal|24/100 psn
|-damage|p1b: Torkoal|5/100 psn
|-hitcount|p1b: Torkoal|2
|move|p1b: Torkoal|Heat Wave|p2b: Farigiraf|[spread] p2a,p2b
|-supereffective|p2a: Venusaur|1
|-enditem|p2a: Venusaur|Focus Sash
|-damage|p2a: Venusaur|1/100
|-damage|p2b: Farigiraf|41/100
|-enditem|p2b: Farigiraf|Sitrus Berry|[eat]
|-heal|p2b: Farigiraf|66/100|[from] item: Sitrus Berry
|
|-weather|SunnyDay|[upkeep]
|-damage|p1b: Torkoal|0 fnt|[from] psn
|faint|p1b: Torkoal
|upkeep
|turn|14
|inactive|TheLambasEffigy has 30 seconds left.
|
|t:|1782958943
|move|p1a: Mawile|Sucker Punch||[still]
|cant|p2b: Farigiraf|ability: Armor Tail|Sucker Punch|[of] p1a: Mawile
|move|p2a: Venusaur|Giga Drain|p1a: Mawile
|-resisted|p1a: Mawile|1
|-damage|p1a: Mawile|80/100
|-heal|p2a: Venusaur|10/100|[from] drain|[of] p1a: Mawile
|move|p2b: Farigiraf|Twin Beam|p1a: Mawile
|-resisted|p1a: Mawile|1
|-damage|p1a: Mawile|71/100
|-resisted|p1a: Mawile|1
|-damage|p1a: Mawile|61/100
|-hitcount|p1a: Mawile|2
|
|-weather|SunnyDay|[upkeep]
|upkeep
|turn|15
|inactive|sunbreathingzoro has 30 seconds left.
|inactive|sunbreathingzoro has 20 seconds left.
|inactive|sunbreathingzoro has 15 seconds left.
|inactive|sunbreathingzoro has 10 seconds left.
|inactive|sunbreathingzoro has 5 seconds left.
|-message|sunbreathingzoro lost due to inactivity.
|
|win|TheLambasEffigy
|inactive|sunbreathingzoro has 30 seconds to confirm battle start!
|inactive|TheLambasEffigy has 30 seconds to confirm battle start!
||TheLambasEffigy is ready for game 2.
|inactive|sunbreathingzoro has 20 seconds to confirm battle start!
