|j|☆monsoonisbest
|j|☆indianpro#2011
|html|monsoonisbestindianpro#2011    
|uhtml|bestof|Game 3 of a best-of-3
|t:|1784825180
|gametype|doubles
|player|p1|monsoonisbest|170|1199
|player|p2|indianpro#2011|lucas|1124
|gen|9
|tier|[Gen 9 Champions] VGC 2026 Reg M-B (Bo3)
|rated|
|rule|Species Clause: Limit one of each Pokémon
|rule|Item Clause: Limit 1 of each item
|clearpoke
|poke|p1|Dragapult, L50, M|
|poke|p1|Sneasler, L50, M|
|poke|p1|Sinistcha, L50|
|poke|p1|Incineroar, L50, M|
|poke|p1|Ninetales-Alola, L50, F|
|poke|p1|Drampa, L50, M|
|poke|p2|Tyranitar, L50, M|
|poke|p2|Mawile, L50, F|
|poke|p2|Farigiraf, L50, F|
|poke|p2|Sinistcha-Masterpiece, L50|
|poke|p2|Camerupt, L50, F|
|poke|p2|Grimmsnarl, L50, M|
|teampreview|4
|showteam|p1|Dragapult||LifeOrb|ClearBody|DragonDarts,PhantomForce,SuckerPunch,Protect|Adamant||M|||50|]Sneasler||FocusSash|Unburden|FakeOut,CloseCombat,DireClaw,Protect|Jolly||M|||50|]Sinistcha||SitrusBerry|Hospitality|MatchaGotcha,RagePowder,TrickRoom,StrengthSap|Calm|||||50|]Incineroar||Charcoal|Intimidate|FakeOut,FlareBlitz,DarkestLariat,PartingShot|Adamant||M|||50|]Ninetales-Alola||NeverMeltIce|SnowWarning|Protect,Blizzard,Encore,Disable|Timid||F|||50|]Drampa||Drampanite|Berserk|HyperVoice,EarthPower,CalmMind,Protect|Modest||M|||50|
|showteam|p2|Tyranitar||ChopleBerry|SandStream|RockSlide,KnockOff,LowKick,Protect|Brave||M|||50|]Mawile||Mawilite|HyperCutter|IronHead,PlayRough,SuckerPunch,Protect|Brave||F|||50|]Farigiraf||ColburBerry|ArmorTail|TrickRoom,Protect,TwinBeam,GrassKnot|Bold||F|||50|]Sinistcha-Masterpiece||WideLens|Hospitality|MatchaGotcha,TrickRoom,LifeDew,RagePowder|Modest|||||50|]Camerupt||Cameruptite|SolidRock|Eruption,EarthPower,FlashCannon,Protect|Modest||F|||50|]Grimmsnarl||LightClay|Prankster|Reflect,LightScreen,FakeOut,SpiritBreak|Adamant||M|||50|
|
|t:|1784825243
|teamsize|p1|4
|teamsize|p2|4
|start
|switch|p1a: Dragapult|Dragapult, L50, M|100/100
|switch|p1b: Sinistcha|Sinistcha, L50|100/100
|switch|p2a: Farigiraf|Farigiraf, L50, F|100/100
|switch|p2b: Grimmsnarl|Grimmsnarl, L50, M|100/100
|turn|1
|
|t:|1784825274
|move|p1a: Dragapult|Dragon Darts|p2a: Farigiraf
|-damage|p2a: Farigiraf|69/100
|-anim|p1a: Dragapult|Dragon Darts|p2a: Farigiraf
|-damage|p2a: Farigiraf|41/100
|-damage|p1a: Dragapult|90/100|[from] item: Life Orb
|move|p1b: Sinistcha|Matcha Gotcha|p2a: Farigiraf|[spread] p2a,p2b
|-damage|p2a: Farigiraf|12/100
|-damage|p2b: Grimmsnarl|74/100
|move|p2a: Farigiraf|Twin Beam|p1a: Dragapult
|-damage|p1a: Dragapult|66/100
|-damage|p1a: Dragapult|38/100
|-hitcount|p1a: Dragapult|2
|move|p2b: Grimmsnarl|Spirit Break|p1a: Dragapult
|-supereffective|p1a: Dragapult|1
|-damage|p1a: Dragapult|0 fnt
|faint|p1a: Dragapult
|
|upkeep
|
|t:|1784825287
|switch|p1a: Drampa|Drampa, L50, M|100/100
|turn|2
|
|t:|1784825303
|detailschange|p1a: Drampa|Drampa-Mega, L50, M
|-mega|p1a: Drampa|Drampa|Drampanite
|move|p2a: Farigiraf|Protect|p2a: Farigiraf
|-singleturn|p2a: Farigiraf|Protect
|move|p1b: Sinistcha|Matcha Gotcha|p2b: Grimmsnarl|[spread] p2b
|-activate|p2a: Farigiraf|move: Protect
|-damage|p2b: Grimmsnarl|48/100
|move|p2b: Grimmsnarl|Spirit Break|p1a: Drampa
|-supereffective|p1a: Drampa|1
|-damage|p1a: Drampa|35/100
|-unboost|p1a: Drampa|spa|1
|-ability|p1a: Drampa|Berserk|boost
|-boost|p1a: Drampa|spa|1
|move|p1a: Drampa|Hyper Voice|p2b: Grimmsnarl|[spread] p2b
|-activate|p2a: Farigiraf|move: Protect
|-damage|p2b: Grimmsnarl|4/100
|
|upkeep
|turn|3
|
|t:|1784825330
|move|p2b: Grimmsnarl|Light Screen|p2b: Grimmsnarl
|-sidestart|p2: indianpro#2011|move: Light Screen
|move|p1b: Sinistcha|Matcha Gotcha|p2a: Farigiraf|[spread] p2a,p2b
|-damage|p2a: Farigiraf|0 fnt
|-damage|p2b: Grimmsnarl|0 fnt
|faint|p2a: Farigiraf
|faint|p2b: Grimmsnarl
|move|p1a: Drampa|Calm Mind|p1a: Drampa
|-boost|p1a: Drampa|spa|1
|-boost|p1a: Drampa|spd|1
|
|upkeep
|
|t:|1784825342
|switch|p2a: Mawile|Mawile, L50, F|100/100
|switch|p2b: Tyranitar|Tyranitar, L50, M|100/100
|-weather|Sandstorm|[from] ability: Sand Stream|[of] p2b: Tyranitar
|turn|4
|
|t:|1784825355
|detailschange|p2a: Mawile|Mawile-Mega, L50, F
|-mega|p2a: Mawile|Mawile|Mawilite
|move|p1b: Sinistcha|Matcha Gotcha|p2a: Mawile|[spread] p2a,p2b
|-resisted|p2a: Mawile|1
|-supereffective|p2b: Tyranitar|1
|-damage|p2a: Mawile|89/100
|-damage|p2b: Tyranitar|80/100
|-status|p2a: Mawile|brn
|move|p2b: Tyranitar|Knock Off|p1b: Sinistcha
|-supereffective|p1b: Sinistcha|1
|-damage|p1b: Sinistcha|0 fnt
|-enditem|p1b: Sinistcha|Sitrus Berry|[from] move: Knock Off|[of] p2b: Tyranitar
|faint|p1b: Sinistcha
|move|p2a: Mawile|Play Rough|p1a: Drampa
|-supereffective|p1a: Drampa|1
|-damage|p1a: Drampa|0 fnt
|faint|p1a: Drampa
|
|-weather|Sandstorm|[upkeep]
|-damage|p2a: Mawile|84/100 brn|[from] brn
|upkeep
|
|t:|1784825368
|switch|p1b: Incineroar|Incineroar, L50, M|100/100
|-ability|p1b: Incineroar|Intimidate|boost
|-unboost|p2a: Mawile|atk|1
|-unboost|p2b: Tyranitar|atk|1
|turn|5
|
|t:|1784825389
|move|p1b: Incineroar|Flare Blitz|p2a: Mawile
|-supereffective|p2a: Mawile|1
|-damage|p2a: Mawile|0 fnt
|faint|p2a: Mawile
|-damage|p1b: Incineroar|78/100|[from] Recoil
|move|p2b: Tyranitar|Low Kick|p1b: Incineroar
|-supereffective|p1b: Incineroar|1
|-damage|p1b: Incineroar|38/100
|
|-weather|Sandstorm|[upkeep]
|-damage|p1b: Incineroar|32/100|[from] Sandstorm
|upkeep
|turn|6
|-message|monsoonisbest forfeited.
|
|win|indianpro#2011
|raw|monsoonisbest's rating: 1199 → 1169(-30 for losing)
|raw|indianpro#2011's rating: 1124 → 1154(+30 for winning)
