|j|☆A Regu1ar Guy
|j|☆Blitzukoy
|html|A Regu1ar GuyBlitzukoy    
|uhtml|bestof|Game 2 of a best-of-3
|t:|1757692937
|gametype|doubles
|player|p1|A Regu1ar Guy|elesa|1261
|player|p2|Blitzukoy|2|1349
|gen|9
|tier|[Gen 9] VGC 2025 Reg H (Bo3)
|rated|
|rule|Species Clause: Limit one of each Pokémon
|rule|Item Clause: Limit 1 of each item
|clearpoke
|poke|p1|Volcarona, L50, F|
|poke|p1|Rillaboom, L50, F|
|poke|p1|Tauros-Paldea-Aqua, L50, M|
|poke|p1|Tyranitar, L50, M|
|poke|p1|Annihilape, L50, M|
|poke|p1|Baxcalibur, L50, M|
|poke|p2|Dragonite, L50, F|
|poke|p2|Ursaluna-Bloodmoon, L50, M|
|poke|p2|Gholdengo, L50|
|poke|p2|Rillaboom, L50, M|
|poke|p2|Annihilape, L50, M|
|poke|p2|Ninetales-Alola, L50, M|
|teampreview|4
|showteam|p1|Volcarona||GrassySeed|FlameBody|HeatWave,GigaDrain,QuiverDance,Protect|||F|||50|,,,,,Grass]Rillaboom||MiracleSeed|GrassySurge|WoodHammer,GrassyGlide,FakeOut,HighHorsepower|||F|||50|,,,,,Fire]Tauros-Paldea-Aqua||MirrorHerb|Intimidate|WaveCrash,AquaJet,CloseCombat,Protect|||M|||50|,,,,,Water]Tyranitar||AssaultVest|SandStream|RockSlide,KnockOff,TeraBlast,LowKick|||M|||50|,,,,,Flying]Annihilape||SafetyGoggles|VitalSpirit|CloseCombat,RageFist,Taunt,FinalGambit|||M|||50|,,,,,Water]Baxcalibur||LoadedDice|ThermalExchange|ScaleShot,IcicleSpear,IceShard,Protect|||M|||50|,,,,,Ghost
|showteam|p2|Dragonite||LoadedDice|Multiscale|ScaleShot,ExtremeSpeed,Tailwind,Protect|||F|||50|,,,,,Steel]Ursaluna-Bloodmoon||AssaultVest|MindsEye|BloodMoon,EarthPower,HyperVoice,VacuumWave|||M|||50|,,,,,Water]Gholdengo||LifeOrb|GoodasGold|MakeItRain,ShadowBall,NastyPlot,Protect||||||50|,,,,,Water]Rillaboom||MiracleSeed|GrassySurge|WoodHammer,GrassyGlide,HighHorsepower,FakeOut|||M|||50|,,,,,Fire]Annihilape||SafetyGoggles|Defiant|DrainPunch,RageFist,BulkUp,Protect|||M|||50|,,,,,Fire]Ninetales-Alola||FocusSash|SnowWarning|IcicleSpear,Blizzard,AuroraVeil,IcyWind|||M|||50|,,,,,Ghost
|
|t:|1757692978
|teamsize|p1|4
|teamsize|p2|4
|start
|switch|p1a: Tauros|Tauros-Paldea-Aqua, L50, M|100/100
|switch|p1b: Baxcalibur|Baxcalibur, L50, M|100/100
|switch|p2a: Gholdengo|Gholdengo, L50|100/100
|switch|p2b: Dragonite|Dragonite, L50, F|100/100
|-ability|p1a: Tauros|Intimidate|boost
|-unboost|p2a: Gholdengo|atk|1
|-unboost|p2b: Dragonite|atk|1
|turn|1
|
|t:|1757693008
|-terastallize|p1b: Baxcalibur|Ghost
|-terastallize|p2b: Dragonite|Steel
|move|p1a: Tauros|Close Combat|p2b: Dragonite
|-supereffective|p2b: Dragonite
|-damage|p2b: Dragonite|47/100
|-unboost|p1a: Tauros|def|1
|-unboost|p1a: Tauros|spd|1
|move|p1b: Baxcalibur|Icicle Spear|p2b: Dragonite
|-resisted|p2b: Dragonite
|-damage|p2b: Dragonite|40/100
|-resisted|p2b: Dragonite
|-damage|p2b: Dragonite|33/100
|-resisted|p2b: Dragonite
|-damage|p2b: Dragonite|25/100
|-resisted|p2b: Dragonite
|-damage|p2b: Dragonite|17/100
|-hitcount|p2b: Dragonite|4
|move|p2a: Gholdengo|Make It Rain|p1b: Baxcalibur|[spread] p1a,p1b
|-resisted|p1a: Tauros
|-damage|p1a: Tauros|33/100
|-damage|p1b: Baxcalibur|37/100
|-unboost|p2a: Gholdengo|spa|1
|-damage|p2a: Gholdengo|91/100|[from] item: Life Orb
|move|p2b: Dragonite|Tailwind|p2b: Dragonite
|-sidestart|p2: Blitzukoy|move: Tailwind
|
|upkeep
|turn|2
|
|t:|1757693032
|switch|p1b: Volcarona|Volcarona, L50, F, shiny|100/100
|move|p1a: Tauros|Aqua Jet|p2b: Dragonite
|-damage|p2b: Dragonite|0 fnt
|faint|p2b: Dragonite
|move|p2a: Gholdengo|Shadow Ball|p1b: Volcarona
|-damage|p1b: Volcarona|70/100
|-damage|p2a: Gholdengo|81/100|[from] item: Life Orb
|
|upkeep
|
|t:|1757693056
|switch|p2b: Annihilape|Annihilape, L50, M|100/100
|turn|3
|
|t:|1757693076
|switch|p1a: Baxcalibur|Baxcalibur, L50, M, tera:Ghost|37/100
|move|p2b: Annihilape|Bulk Up|p2b: Annihilape
|-boost|p2b: Annihilape|atk|1
|-boost|p2b: Annihilape|def|1
|move|p2a: Gholdengo|Make It Rain|p1b: Volcarona|[spread] p1a,p1b
|-resisted|p1b: Volcarona
|-damage|p1a: Baxcalibur|0 fnt
|-damage|p1b: Volcarona|54/100
|-unboost|p2a: Gholdengo|spa|1
|faint|p1a: Baxcalibur
|-damage|p2a: Gholdengo|72/100|[from] item: Life Orb
|move|p1b: Volcarona|Quiver Dance|p1b: Volcarona
|-boost|p1b: Volcarona|spa|1
|-boost|p1b: Volcarona|spd|1
|-boost|p1b: Volcarona|spe|1
|
|upkeep
|
|t:|1757693078
|switch|p1a: Tauros|Tauros-Paldea-Aqua, L50, M|33/100
|-ability|p1a: Tauros|Intimidate|boost
|-unboost|p2a: Gholdengo|atk|1
|-unboost|p2b: Annihilape|atk|1
|-ability|p2b: Annihilape|Defiant|boost
|-boost|p2b: Annihilape|atk|2
|-enditem|p1a: Tauros|Mirror Herb
|-boost|p1a: Tauros|atk|2|[from] item: Mirror Herb
|turn|4
|
|t:|1757693104
|switch|p2a: Ninetales|Ninetales-Alola, L50, M|100/100
|-weather|Snowscape|[from] ability: Snow Warning|[of] p2a: Ninetales
|move|p1b: Volcarona|Protect|p1b: Volcarona
|-singleturn|p1b: Volcarona|Protect
|move|p1a: Tauros|Protect|p1a: Tauros
|-singleturn|p1a: Tauros|Protect
|move|p2b: Annihilape|Drain Punch|p1b: Volcarona
|-activate|p1b: Volcarona|move: Protect
|
|-weather|Snowscape|[upkeep]
|-sideend|p2: Blitzukoy|move: Tailwind
|upkeep
|turn|5
|
|t:|1757693110
|move|p2b: Annihilape|Protect|p2b: Annihilape
|-singleturn|p2b: Annihilape|Protect
|move|p1a: Tauros|Aqua Jet|p2a: Ninetales
|-damage|p2a: Ninetales|66/100
|move|p1b: Volcarona|Heat Wave|p2b: Annihilape|[spread] 
|-activate|p2b: Annihilape|move: Protect
|-miss|p1b: Volcarona|p2a: Ninetales
|move|p2a: Ninetales|Icy Wind|p1a: Tauros|[spread] p1a,p1b
|-resisted|p1a: Tauros
|-resisted|p1b: Volcarona
|-damage|p1a: Tauros|21/100
|-damage|p1b: Volcarona|49/100
|-unboost|p1a: Tauros|spe|1
|-unboost|p1b: Volcarona|spe|1
|
|-weather|Snowscape|[upkeep]
|upkeep
|turn|6
|
|t:|1757693132
|move|p1a: Tauros|Aqua Jet|p2b: Annihilape
|-damage|p2b: Annihilape|77/100
|move|p2a: Ninetales|Blizzard|p1b: Volcarona|[spread] p1a,p1b
|-resisted|p1a: Tauros
|-resisted|p1b: Volcarona
|-damage|p1a: Tauros|0 fnt
|-damage|p1b: Volcarona|40/100
|faint|p1a: Tauros
|move|p2b: Annihilape|Rage Fist|p1b: Volcarona
|-damage|p1b: Volcarona|0 fnt
|faint|p1b: Volcarona
|
|-weather|Snowscape|[upkeep]
|upkeep
|
|t:|1757693137
|switch|p1b: Tyranitar|Tyranitar, L50, M|100/100
|-weather|Sandstorm|[from] ability: Sand Stream|[of] p1b: Tyranitar
|turn|7
|
|t:|1757693148
|move|p2a: Ninetales|Icy Wind|p1b: Tyranitar
|-damage|p1b: Tyranitar|92/100
|-unboost|p1b: Tyranitar|spe|1
|move|p2b: Annihilape|Drain Punch|p1b: Tyranitar
|-supereffective|p1b: Tyranitar
|-damage|p1b: Tyranitar|0 fnt
|-heal|p2b: Annihilape|100/100|[from] drain|[of] p1b: Tyranitar
|faint|p1b: Tyranitar
|
|win|Blitzukoy
||A Regu1ar Guy is ready for game 3.
|inactive|Blitzukoy has 30 seconds to confirm battle start!
|inactive|Blitzukoy has 20 seconds to confirm battle start!
||Blitzukoy is ready for game 3.
|uhtml|next|Next: Game 3 of 3
|l|☆A Regu1ar Guy
|player|p1|
