|j|☆testingsss
|j|☆camala64
|html|testingssscamala64    
|uhtml|bestof|Game 2 of a best-of-3
|t:|1782654687
|gametype|doubles
|player|p1|testingsss|unknown|1213
|player|p2|camala64|lance-masters2|1218
|gen|9
|tier|[Gen 9 Champions] VGC 2026 Reg M-B (Bo3)
|rated|
|rule|Species Clause: Limit one of each Pokémon
|rule|Item Clause: Limit 1 of each item
|clearpoke
|poke|p1|Delphox, L50, M|
|poke|p1|Floette-Eternal, L50, F|
|poke|p1|Kingambit, L50, F|
|poke|p1|Sneasler, L50, M|
|poke|p1|Incineroar, L50, F|
|poke|p1|Sinistcha, L50|
|poke|p2|Eelektross, L50, M|
|poke|p2|Gholdengo, L50|
|poke|p2|Garchomp, L50, F|
|poke|p2|Talonflame, L50, M|
|poke|p2|Maushold-Four, L50|
|poke|p2|Falinks, L50|
|teampreview|4
|showteam|p1|Delphox||Delphoxite|Blaze|HeatWave,Psyshock,NastyPlot,Protect|Timid||M|||50|]Floette-Eternal||Floettite|FlowerVeil|Moonblast,DazzlingGleam,CalmMind,Protect|Modest||F|||50|]Kingambit||BlackGlasses|Defiant|SuckerPunch,KowtowCleave,SwordsDance,Protect|Adamant||F|||50|]Sneasler||FocusSash|PoisonTouch|FakeOut,CloseCombat,DireClaw,QuickGuard|Jolly||M|||50|]Incineroar||SitrusBerry|Intimidate|PartingShot,FlareBlitz,ThroatChop,FakeOut|Impish||F|||50|]Sinistcha||KasibBerry|Hospitality|RagePowder,MatchaGotcha,TrickRoom,Protect|Bold|||||50|
|showteam|p2|Eelektross||Eelektrossite|Levitate|Protect,Discharge,Thunderbolt,GrassKnot|Modest||M|||50|]Gholdengo||LifeOrb|GoodasGold|Protect,ShadowBall,NastyPlot,MakeItRain|Timid|||||50|]Garchomp||RoseliBerry|RoughSkin|RockSlide,DragonClaw,PoisonJab,Earthquake|Jolly||F|||50|]Talonflame||Charcoal|GaleWings|Overheat,BraveBird,QuickGuard,Tailwind|Naive||M|||50|]Maushold-Four||WideLens|Technician|Protect,PopulationBomb,FollowMe,Taunt|Jolly|||||50|]Falinks||Falinksite|Defiant|Protect,CloseCombat,KnockOff,NoRetreat|Adamant|||||50|
|inactive|Battle timer is ON: inactive players will automatically lose when time's up. (requested by testingsss)
|inactive|testingsss has 60 seconds left.
|
|t:|1782654720
|teamsize|p1|4
|teamsize|p2|4
|start
|switch|p1a: Floette|Floette-Eternal, L50, F|100/100
|switch|p1b: Kingambit|Kingambit, L50, F|100/100
|switch|p2a: Eelektross|Eelektross, L50, M|100/100
|switch|p2b: Talonflame|Talonflame, L50, M|100/100
|turn|1
|inactive|testingsss has 30 seconds left.
|
|t:|1782654746
|detailschange|p1a: Floette|Floette-Mega, L50, F
|-mega|p1a: Floette|Floette|Floettite
|-ability|p1a: Floette|Fairy Aura
|detailschange|p2a: Eelektross|Eelektross-Mega, L50, M
|-mega|p2a: Eelektross|Eelektross|Eelektrossite
|move|p2b: Talonflame|Tailwind|p2b: Talonflame
|-sidestart|p2: camala64|move: Tailwind
|move|p2a: Eelektross|Discharge|p1a: Floette|[spread] p2b,p1a,p1b
|-supereffective|p2b: Talonflame|1
|-damage|p2b: Talonflame|0 fnt
|-damage|p1a: Floette|69/100
|-damage|p1b: Kingambit|66/100
|faint|p2b: Talonflame
|-ability|p2a: Eelektross|Eelevate|boost
|-boost|p2a: Eelektross|spa|1
|move|p1a: Floette|Calm Mind|p1a: Floette
|-boost|p1a: Floette|spa|1
|-boost|p1a: Floette|spd|1
|move|p1b: Kingambit|Kowtow Cleave|p2a: Eelektross
|-damage|p2a: Eelektross|25/100
|
|upkeep
|
|t:|1782654764
|switch|p2b: Garchomp|Garchomp, L50, F|100/100
|turn|2
|inactive|testingsss has 30 seconds left.
|inactive|testingsss has 20 seconds left.
|inactive|testingsss has 15 seconds left.
|inactive|testingsss has 10 seconds left.
|inactive|testingsss has 5 seconds left.
|
|t:|1782654816
|switch|p1b: Incineroar|Incineroar, L50, F|100/100
|-ability|p1b: Incineroar|Intimidate|boost
|-unboost|p2a: Eelektross|atk|1
|-unboost|p2b: Garchomp|atk|1
|move|p1a: Floette|Protect|p1a: Floette
|-singleturn|p1a: Floette|Protect
|move|p2b: Garchomp|Earthquake|p1b: Incineroar|[spread] p1b
|-activate|p1a: Floette|move: Protect
|-immune|p2a: Eelektross|[from] ability: Levitate
|-supereffective|p1b: Incineroar|1
|-crit|p1b: Incineroar
|-damage|p1b: Incineroar|15/100
|-enditem|p1b: Incineroar|Sitrus Berry|[eat]
|-heal|p1b: Incineroar|40/100|[from] item: Sitrus Berry
|move|p2a: Eelektross|Discharge|p1a: Floette|[spread] p1b
|-activate|p1a: Floette|move: Protect
|-immune|p2b: Garchomp
|-damage|p1b: Incineroar|0 fnt
|faint|p1b: Incineroar
|-ability|p2a: Eelektross|Eelevate|boost
|-boost|p2a: Eelektross|spa|1
|
|upkeep
|
|t:|1782654825
|switch|p1b: Sinistcha|Sinistcha, L50|100/100
|-heal|p1a: Floette|93/100|[from] ability: Hospitality|[of] p1b: Sinistcha
|turn|3
|
|t:|1782654844
|move|p1b: Sinistcha|Rage Powder|p1b: Sinistcha
|-singleturn|p1b: Sinistcha|move: Rage Powder
|move|p2b: Garchomp|Poison Jab|p1b: Sinistcha
|-damage|p1b: Sinistcha|85/100
|-status|p1b: Sinistcha|psn
|move|p2a: Eelektross|Discharge|p1a: Floette|[spread] p1a,p1b
|-immune|p2b: Garchomp
|-resisted|p1b: Sinistcha|1
|-damage|p1a: Floette|55/100
|-damage|p1b: Sinistcha|53/100 psn
|move|p1a: Floette|Calm Mind|p1a: Floette
|-boost|p1a: Floette|spa|1
|-boost|p1a: Floette|spd|1
|
|-damage|p1b: Sinistcha|40/100 psn|[from] psn
|upkeep
|turn|4
|
|t:|1782654862
|switch|p1b: Kingambit|Kingambit, L50, F|66/100
|move|p1a: Floette|Protect|p1a: Floette
|-singleturn|p1a: Floette|Protect
|move|p2b: Garchomp|Earthquake|p1b: Kingambit|[spread] p1b
|-activate|p1a: Floette|move: Protect
|-immune|p2a: Eelektross|[from] ability: Levitate
|-supereffective|p1b: Kingambit|1
|-damage|p1b: Kingambit|31/100
|move|p2a: Eelektross|Discharge|p1a: Floette|[spread] p1b
|-activate|p1a: Floette|move: Protect
|-immune|p2b: Garchomp
|-damage|p1b: Kingambit|0 fnt
|faint|p1b: Kingambit
|-ability|p2a: Eelektross|Eelevate|boost
|-boost|p2a: Eelektross|spa|1
|
|-sideend|p2: camala64|move: Tailwind
|upkeep
|
|t:|1782654864
|switch|p1b: Sinistcha|Sinistcha, L50|40/100 psn
|-heal|p1a: Floette|79/100|[from] ability: Hospitality|[of] p1b: Sinistcha
|turn|5
|
|t:|1782654879
|move|p1b: Sinistcha|Rage Powder|p1b: Sinistcha
|-singleturn|p1b: Sinistcha|move: Rage Powder
|move|p2b: Garchomp|Earthquake|p1a: Floette|[spread] p1a,p1b
|-immune|p2a: Eelektross|[from] ability: Levitate
|-resisted|p1b: Sinistcha|1
|-damage|p1a: Floette|51/100
|-damage|p1b: Sinistcha|30/100 psn
|move|p1a: Floette|Dazzling Gleam|p2a: Eelektross|[spread] p2a,p2b
|-supereffective|p2b: Garchomp|1
|-enditem|p2b: Garchomp|Roseli Berry|[eat]
|-enditem|p2b: Garchomp|Roseli Berry|[weaken]
|-damage|p2a: Eelektross|0 fnt
|-damage|p2b: Garchomp|9/100
|faint|p2a: Eelektross
|
|-damage|p1b: Sinistcha|18/100 psn|[from] psn
|upkeep
|
|t:|1782654891
|switch|p2a: Gholdengo|Gholdengo, L50|100/100
|turn|6
|
|t:|1782654919
|move|p2b: Garchomp|Dragon Claw|p1b: Sinistcha
|-damage|p1b: Sinistcha|0 fnt
|faint|p1b: Sinistcha
|move|p1a: Floette|Moonblast|p2a: Gholdengo
|-resisted|p2a: Gholdengo|1
|-damage|p2a: Gholdengo|20/100y
|move|p2a: Gholdengo|Nasty Plot|p2a: Gholdengo
|-boost|p2a: Gholdengo|spa|2
|
|upkeep
|turn|7
|
|t:|1782654930
|move|p2b: Garchomp|Poison Jab|p1a: Floette
|-supereffective|p1a: Floette|1
|-damage|p1a: Floette|11/100
|-status|p1a: Floette|psn
|move|p1a: Floette|Dazzling Gleam|p2a: Gholdengo|[spread] p2a,p2b
|-resisted|p2a: Gholdengo|1
|-supereffective|p2b: Garchomp|1
|-damage|p2a: Gholdengo|0 fnt
|-damage|p2b: Garchomp|0 fnt
|faint|p2a: Gholdengo
|faint|p2b: Garchomp
|
|win|testingsss
|raw|testingsss's rating: 1213 → 1238(+25 for winning)
|raw|camala64's rating: 1218 → 1193(-25 for losing)
