|j|☆GriseousVGC
|j|☆wezlbruial
|html|GriseousVGCwezlbruial    
|uhtml|bestof|Game 2 of a best-of-3
|t:|1756396933
|gametype|doubles
|player|p1|GriseousVGC|artist-gen4|1000
|player|p2|wezlbruial|gentleman-gen4dp|1000
|gen|9
|tier|[Gen 9] VGC 2025 Reg H (Bo3)
|rated|
|rule|Species Clause: Limit one of each Pokémon
|rule|Item Clause: Limit 1 of each item
|clearpoke
|poke|p1|Hydrapple, L50, M|
|poke|p1|Porygon2, L50|
|poke|p1|Incineroar, L50, F|
|poke|p1|Kingambit, L50, F|
|poke|p1|Araquanid, L50, M|
|poke|p1|Sneasler, L50, F|
|poke|p2|Samurott-Hisui, L50, F|
|poke|p2|Dragonite, L50, M|
|poke|p2|Sneasler, L50, M|
|poke|p2|Incineroar, L50, M|
|poke|p2|Amoonguss, L50, M|
|poke|p2|Gholdengo, L50|
|teampreview|4
|showteam|p1|Hydrapple||AssaultVest|Regenerator|FickleBeam,EarthPower,LeafStorm,GigaDrain|||M|||50|,,,,,Steel]Porygon2||Eviolite|Download|TeraBlast,IceBeam,TrickRoom,Recover||||||50|,,,,,Ground]Incineroar||SafetyGoggles|Intimidate|FakeOut,FlareBlitz,KnockOff,PartingShot|||F|||50|,,,,,Ghost]Kingambit||BlackGlasses|Defiant|KowtowCleave,SuckerPunch,SwordsDance,Protect|||F|||50|,,,,,Flying]Araquanid||ClearAmulet|WaterBubble|Liquidation,LeechLife,WideGuard,Protect|||M|||50|,,,,,Grass]Sneasler||FocusSash|PoisonTouch|CloseCombat,DireClaw,FakeOut,Protect|||F|||50|,,,,,Stellar
|showteam|p2|Samurott-Hisui||AssaultVest|Sharpness|KnockOff,AquaCutter,SuckerPunch,SacredSword|||F|||50|,,,,,Ghost]Dragonite||LoadedDice|Multiscale|ScaleShot,ExtremeSpeed,IronHead,Protect|||M|||50|,,,,,Steel]Sneasler||FocusSash|Unburden|CloseCombat,Coaching,DireClaw,FakeOut|||M|||50|,,,,,Ghost]Incineroar||SafetyGoggles|Intimidate|Taunt,FakeOut,KnockOff,PartingShot|||M|||50|,,,,,Bug]Amoonguss||SitrusBerry|Regenerator|Spore,RagePowder,PollenPuff,Protect|||M|||50|,,,,,Water]Gholdengo||Leftovers|GoodasGold|MakeItRain,ShadowBall,NastyPlot,Protect||||||50|,,,,,Dragon
|
|t:|1756396961
|teamsize|p1|4
|teamsize|p2|4
|start
|switch|p1a: Incineroar|Incineroar, L50, F, shiny|100/100
|switch|p1b: Sneasler|Sneasler, L50, F, shiny|100/100
|switch|p2a: Sneasler|Sneasler, L50, M|100/100
|switch|p2b: Dragonite|Dragonite, L50, M|100/100
|-ability|p1a: Incineroar|Intimidate|boost
|-unboost|p2a: Sneasler|atk|1
|-unboost|p2b: Dragonite|atk|1
|turn|1
|
|t:|1756397016
|switch|p2b: Incineroar|Incineroar, L50, M|100/100
|-ability|p2b: Incineroar|Intimidate|boost
|-unboost|p1a: Incineroar|atk|1
|-unboost|p1b: Sneasler|atk|1
|-terastallize|p1a: Incineroar|Ghost
|move|p2a: Sneasler|Fake Out|p1a: Incineroar
|-immune|p1a: Incineroar
|move|p1b: Sneasler|Fake Out|p2a: Sneasler
|-damage|p2a: Sneasler|83/100
|move|p1a: Incineroar|Parting Shot|p2b: Incineroar
|-unboost|p2b: Incineroar|atk|1
|-unboost|p2b: Incineroar|spa|1
|
|t:|1756397031
|switch|p1a: Araquanid|Araquanid, L50, M, shiny|100/100|[from] Parting Shot
|
|upkeep
|turn|2
|
|t:|1756397060
|switch|p1b: Incineroar|Incineroar, L50, F, shiny, tera:Ghost|100/100
|-ability|p1b: Incineroar|Intimidate|boost
|-unboost|p2a: Sneasler|atk|1
|-unboost|p2b: Incineroar|atk|1
|-terastallize|p2b: Incineroar|Bug
|move|p2b: Incineroar|Fake Out|p1a: Araquanid
|-damage|p1a: Araquanid|94/100
|move|p2a: Sneasler|Dire Claw|p1a: Araquanid
|-damage|p1a: Araquanid|66/100
|-status|p1a: Araquanid|slp
|cant|p1a: Araquanid|slp
|
|upkeep
|turn|3
|
|t:|1756397087
|switch|p2a: Samurott|Samurott-Hisui, L50, F|100/100
|move|p2b: Incineroar|Parting Shot|p1b: Incineroar
|-unboost|p1b: Incineroar|atk|1
|-unboost|p1b: Incineroar|spa|1
|
|t:|1756397097
|switch|p2b: Sneasler|Sneasler, L50, M|83/100|[from] Parting Shot
|move|p1b: Incineroar|Parting Shot|p2b: Sneasler
|-unboost|p2b: Sneasler|atk|1
|-unboost|p2b: Sneasler|spa|1
|
|t:|1756397105
|switch|p1b: Kingambit|Kingambit, L50, F, shiny|100/100|[from] Parting Shot
|cant|p1a: Araquanid|slp
|
|upkeep
|turn|4
|
|t:|1756397122
|switch|p1b: Incineroar|Incineroar, L50, F, shiny, tera:Ghost|100/100
|-ability|p1b: Incineroar|Intimidate|boost
|-unboost|p2a: Samurott|atk|1
|-unboost|p2b: Sneasler|atk|1
|cant|p1a: Araquanid|slp
|move|p2b: Sneasler|Close Combat|p1b: Incineroar
|-immune|p1b: Incineroar
|move|p2a: Samurott|Knock Off|p1b: Incineroar
|-supereffective|p1b: Incineroar
|-crit|p1b: Incineroar
|-damage|p1b: Incineroar|0 fnt
|-enditem|p1b: Incineroar|Safety Goggles|[from] move: Knock Off|[of] p2a: Samurott
|faint|p1b: Incineroar
|
|upkeep
|
|t:|1756397138
|switch|p1b: Kingambit|Kingambit, L50, F, shiny|100/100
|turn|5
|
|t:|1756397162
|move|p1b: Kingambit|Protect|p1b: Kingambit
|-singleturn|p1b: Kingambit|Protect
|move|p2b: Sneasler|Coaching|p2a: Samurott
|-boost|p2a: Samurott|atk|1
|-boost|p2a: Samurott|def|1
|move|p2a: Samurott|Knock Off|p1a: Araquanid
|-damage|p1a: Araquanid|16/100 slp
|-enditem|p1a: Araquanid|Clear Amulet|[from] move: Knock Off|[of] p2a: Samurott
|-curestatus|p1a: Araquanid|slp|[msg]
|move|p1a: Araquanid|Leech Life|p2a: Samurott
|-supereffective|p2a: Samurott
|-damage|p2a: Samurott|50/100
|-heal|p1a: Araquanid|44/100|[from] drain|[of] p2a: Samurott
|
|upkeep
|turn|6
|
|t:|1756397189
|move|p1a: Araquanid|Protect|p1a: Araquanid
|-singleturn|p1a: Araquanid|Protect
|move|p2b: Sneasler|Coaching|p2a: Samurott
|-boost|p2a: Samurott|atk|1
|-boost|p2a: Samurott|def|1
|move|p2a: Samurott|Sacred Sword|p1b: Kingambit
|-supereffective|p1b: Kingambit
|-damage|p1b: Kingambit|0 fnt
|faint|p1b: Kingambit
|
|upkeep
|-message|GriseousVGC forfeited.
|
|win|wezlbruial
|raw|GriseousVGC's rating: 1000 → 1000(+0 for losing)
|raw|wezlbruial's rating: 1000 → 1040(+40 for winning)
|l|☆GriseousVGC
|player|p1|
