|j|☆manofcream
|j|☆MightyMudsdale
|html|manofcreamMightyMudsdale    
|uhtml|bestof|Game 1 of a best-of-3
|t:|1756159309
|gametype|doubles
|player|p1|manofcream|swimmer|1000
|player|p2|MightyMudsdale|nessa-masters|1098
|gen|9
|tier|[Gen 9] VGC 2025 Reg H (Bo3)
|rated|
|rule|Species Clause: Limit one of each Pokémon
|rule|Item Clause: Limit 1 of each item
|clearpoke
|poke|p1|Incineroar, L50, F|
|poke|p1|Archaludon, L50, M|
|poke|p1|Pelipper, L50, M|
|poke|p1|Dragonite, L50, M|
|poke|p1|Sinistcha, L50|
|poke|p1|Ursaluna, L50, M|
|poke|p2|Sinistcha, L50|
|poke|p2|Kingambit, L50, F|
|poke|p2|Primarina, L50, F|
|poke|p2|Garchomp, L50, M|
|poke|p2|Corviknight, L50, F|
|poke|p2|Magmar, L50, F|
|teampreview|4
|showteam|p1|Incineroar||SafetyGoggles|Intimidate|FlareBlitz,KnockOff,FakeOut,Uturn|||F|||50|,,,,,Flying]Archaludon||AssaultVest|Stamina|FlashCannon,BodyPress,ElectroShot,Snarl|||M|||50|,,,,,Fighting]Pelipper||FocusSash|Drizzle|Protect,MuddyWater,Hurricane,IcyWind|||M|||50|,,,,,Stellar]Dragonite||LoadedDice|Multiscale|Protect,ScaleShot,Tailwind,Haze|||M|||50|,,,,,Fairy]Sinistcha||SitrusBerry|Hospitality|MatchaGotcha,RagePowder,LifeDew,TrickRoom||||||50|,,,,,Dark]Ursaluna||FlameOrb|Guts|Protect,HeadlongRush,Earthquake,Facade|||M|||50|,,,,,Ghost
|showteam|p2|Sinistcha||Leftovers|Hospitality|MatchaGotcha,LifeDew,TrickRoom,RagePowder||||||50|,,,,,Water]Kingambit||SafetyGoggles|Defiant|KowtowCleave,SwordsDance,SuckerPunch,Protect|||F|||50|,,,,,Dark]Primarina||ThroatSpray|LiquidVoice|HyperVoice,Moonblast,Haze,Protect|||F|||50|,,,,,Poison]Garchomp||LifeOrb|RoughSkin|Protect,Earthquake,StompingTantrum,RockSlide|||M|||50|,,,,,Steel]Corviknight||CovertCloak|MirrorArmor|Protect,Tailwind,Roost,BraveBird|||F|||50|,,,,,Dragon]Magmar||Eviolite|VitalSpirit|FollowMe,WillOWisp,Protect,Overheat|||F|||50|,,,,,Ghost
|c|☆MightyMudsdale|gl hf
|c|☆manofcream|u2
|
|t:|1756159371
|teamsize|p1|4
|teamsize|p2|4
|start
|switch|p1a: Ursaluna|Ursaluna, L50, M|100/100
|switch|p1b: Sinistcha|Sinistcha, L50|100/100
|switch|p2a: Kingambit|Kingambit, L50, F|100/100
|switch|p2b: Magmar|Magmar, L50, F|100/100
|turn|1
|
|t:|1756159394
|switch|p1b: Archaludon|Archaludon, L50, M|100/100
|move|p2b: Magmar|Will-O-Wisp|p1b: Archaludon|[miss]
|-miss|p2b: Magmar|p1b: Archaludon
|move|p1a: Ursaluna|Headlong Rush|p2b: Magmar
|-supereffective|p2b: Magmar
|-damage|p2b: Magmar|0 fnt
|-unboost|p1a: Ursaluna|def|1
|-unboost|p1a: Ursaluna|spd|1
|faint|p2b: Magmar
|move|p2a: Kingambit|Swords Dance|p2a: Kingambit
|-boost|p2a: Kingambit|atk|2
|
|-status|p1a: Ursaluna|brn|[from] item: Flame Orb
|upkeep
|
|t:|1756159413
|switch|p2b: Sinistcha|Sinistcha, L50|100/100
|turn|2
|
|t:|1756159434
|-terastallize|p2a: Kingambit|Dark
|move|p2b: Sinistcha|Rage Powder|p2b: Sinistcha
|-singleturn|p2b: Sinistcha|move: Rage Powder
|move|p1b: Archaludon|Flash Cannon|p2b: Sinistcha
|-damage|p2b: Sinistcha|73/100
|move|p1a: Ursaluna|Headlong Rush|p2b: Sinistcha
|-resisted|p2b: Sinistcha
|-damage|p2b: Sinistcha|19/100
|-unboost|p1a: Ursaluna|def|1
|-unboost|p1a: Ursaluna|spd|1
|move|p2a: Kingambit|Kowtow Cleave|p1b: Archaludon
|-damage|p1b: Archaludon|20/100
|-ability|p1b: Archaludon|Stamina|boost
|-boost|p1b: Archaludon|def|1
|
|-heal|p2b: Sinistcha|25/100|[from] item: Leftovers
|-damage|p1a: Ursaluna|95/100 brn|[from] brn
|upkeep
|turn|3
|
|t:|1756159453
|switch|p1a: Sinistcha|Sinistcha, L50|100/100
|-heal|p1b: Archaludon|45/100|[from] ability: Hospitality|[of] p1a: Sinistcha
|move|p2a: Kingambit|Sucker Punch||[still]
|-fail|p2a: Kingambit
|move|p1b: Archaludon|Flash Cannon|p2b: Sinistcha
|-damage|p2b: Sinistcha|0 fnt
|faint|p2b: Sinistcha
|
|upkeep
|
|t:|1756159461
|switch|p2b: Corviknight|Corviknight, L50, F|100/100
|turn|4
|
|t:|1756159478
|-terastallize|p1a: Sinistcha|Dark
|move|p2a: Kingambit|Protect|p2a: Kingambit
|-singleturn|p2a: Kingambit|Protect
|move|p1a: Sinistcha|Rage Powder|p1a: Sinistcha
|-singleturn|p1a: Sinistcha|move: Rage Powder
|move|p1b: Archaludon|Body Press|p2a: Kingambit
|-activate|p2a: Kingambit|move: Protect
|move|p2b: Corviknight|Tailwind|p2b: Corviknight
|-sidestart|p2: MightyMudsdale|move: Tailwind
|
|upkeep
|turn|5
|
|t:|1756159525
|switch|p1b: Pelipper|Pelipper, L50, M|100/100
|-weather|RainDance|[from] ability: Drizzle|[of] p1b: Pelipper
|move|p2b: Corviknight|Brave Bird|p1b: Pelipper
|-damage|p1b: Pelipper|43/100
|-damage|p2b: Corviknight|88/100|[from] Recoil
|move|p2a: Kingambit|Kowtow Cleave|p1b: Pelipper
|-damage|p1b: Pelipper|0 fnt
|faint|p1b: Pelipper
|move|p1a: Sinistcha|Trick Room|p1a: Sinistcha
|-fieldstart|move: Trick Room|[of] p1a: Sinistcha
|
|-weather|RainDance|[upkeep]
|upkeep
|
|t:|1756159536
|switch|p1b: Archaludon|Archaludon, L50, M|45/100
|turn|6
|
|t:|1756159559
|switch|p1b: Ursaluna|Ursaluna, L50, M|95/100 brn
|move|p2b: Corviknight|Protect|p2b: Corviknight
|-singleturn|p2b: Corviknight|Protect
|move|p1a: Sinistcha|Matcha Gotcha|p2a: Kingambit|[spread] p2a
|-activate|p2b: Corviknight|move: Protect
|-damage|p2a: Kingambit|79/100
|move|p2a: Kingambit|Kowtow Cleave|p1b: Ursaluna
|-damage|p1b: Ursaluna|0 fnt
|faint|p1b: Ursaluna
|
|-weather|RainDance|[upkeep]
|upkeep
|
|t:|1756159565
|switch|p1b: Archaludon|Archaludon, L50, M|45/100
|turn|7
|
|t:|1756159592
|move|p2a: Kingambit|Protect|p2a: Kingambit
|-singleturn|p2a: Kingambit|Protect
|move|p1a: Sinistcha|Matcha Gotcha|p2a: Kingambit|[spread] p2b
|-activate|p2a: Kingambit|move: Protect
|-resisted|p2b: Corviknight
|-damage|p2b: Corviknight|82/100
|move|p1b: Archaludon|Body Press|p2a: Kingambit
|-activate|p2a: Kingambit|move: Protect
|move|p2b: Corviknight|Brave Bird|p1a: Sinistcha
|-damage|p1a: Sinistcha|62/100
|-damage|p2b: Corviknight|71/100|[from] Recoil
|
|-weather|RainDance|[upkeep]
|-sideend|p2: MightyMudsdale|move: Tailwind
|upkeep
|turn|8
|
|t:|1756159623
|move|p2a: Kingambit|Kowtow Cleave|p1a: Sinistcha
|-resisted|p1a: Sinistcha
|-damage|p1a: Sinistcha|2/100
|-enditem|p1a: Sinistcha|Sitrus Berry|[eat]
|-heal|p1a: Sinistcha|27/100|[from] item: Sitrus Berry
|move|p1a: Sinistcha|Matcha Gotcha|p2a: Kingambit|[spread] p2b
|-miss|p1a: Sinistcha|p2a: Kingambit
|-resisted|p2b: Corviknight
|-crit|p2b: Corviknight
|-damage|p2b: Corviknight|63/100
|-heal|p1a: Sinistcha|31/100|[from] drain|[of] p2b: Corviknight
|move|p2b: Corviknight|Brave Bird|p1a: Sinistcha
|-damage|p1a: Sinistcha|0 fnt
|faint|p1a: Sinistcha
|-damage|p2b: Corviknight|54/100|[from] Recoil
|move|p1b: Archaludon|Body Press|p2a: Kingambit
|-supereffective|p2a: Kingambit
|-damage|p2a: Kingambit|38/100
|
|-weather|RainDance|[upkeep]
|upkeep
|turn|9
|
|t:|1756159652
|move|p2a: Kingambit|Kowtow Cleave|p1b: Archaludon
|-damage|p1b: Archaludon|0 fnt
|faint|p1b: Archaludon
|
|win|MightyMudsdale
||MightyMudsdale is ready for game 2.
||manofcream is ready for game 2.
|uhtml|next|Next: Game 2 of 3
|l|☆MightyMudsdale
|player|p2|
|l|☆manofcream
|player|p1|
|j|☆MightyMudsdale
|player|p2|MightyMudsdale|nessa-masters|
