|j|☆ufhednarvgc
|j|☆tmjp01
|html|ufhednarvgctmjp01    
|uhtml|bestof|Game 1 of a best-of-3
|t:|1786075181
|gametype|doubles
|player|p1|ufhednarvgc|lance|1164
|player|p2|tmjp01|265|1202
|gen|9
|tier|[Gen 9 Champions] VGC 2026 Reg M-B (Bo3)
|rated|
|rule|Species Clause: Limit one of each Pokémon
|rule|Item Clause: Limit 1 of each item
|clearpoke
|poke|p1|Arcanine-Hisui, L50, F|
|poke|p1|Kingambit, L50, F|
|poke|p1|Raichu, L50, F|
|poke|p1|Farigiraf, L50, M|
|poke|p1|Sylveon, L50, M|
|poke|p1|Staraptor, L50, M|
|poke|p2|Basculegion, L50, M|
|poke|p2|Whimsicott, L50, F|
|poke|p2|Kommo-o, L50, M|
|poke|p2|Ninetales-Alola, L50, M|
|poke|p2|Glimmora, L50, F|
|poke|p2|Kingambit, L50, M|
|teampreview|4
|showteam|p1|Arcanine-Hisui||FocusSash|RockHead|FlareBlitz,HeadSmash,ExtremeSpeed,Protect|Jolly||F|||50|]Kingambit||LifeOrb|Defiant|KowtowCleave,SuckerPunch,SwordsDance,Protect|Adamant||F|||50|]Raichu||RaichuniteY|LightningRod|ZapCannon,FocusBlast,FakeOut,Protect|Timid||F|||50|]Farigiraf||SitrusBerry|ArmorTail|Psychic,HelpingHand,TrickRoom,Protect|Modest||M|||50|]Sylveon||FairyFeather|Pixilate|HyperVoice,HyperBeam,QuickAttack,Detect|Modest||M|||50|]Staraptor||Staraptite|Intimidate|CloseCombat,DualWingbeat,Roost,Protect|Jolly||M|||50|
|showteam|p2|Basculegion||ChoiceScarf|Adaptability|FlipTurn,AquaJet,LastRespects,WaveCrash|Jolly||M|||50|]Whimsicott||FocusSash|Prankster|Moonblast,Protect,Encore,Tailwind|Timid||F|||50|]Kommo-o||LifeOrb|Soundproof|ClangingScales,AuraSphere,VacuumWave,Protect|Modest||M|||50|]Ninetales-Alola||NeverMeltIce|SnowWarning|Protect,Encore,Blizzard,FreezeDry|Timid||M|||50|]Glimmora||Glimmoranite|ToxicDebris|SludgeBomb,PowerGem,SpikyShield,EarthPower|Modest||F|||50|]Kingambit||ChopleBerry|Defiant|KowtowCleave,SuckerPunch,IronHead,LowKick|Adamant||M|||50|
|
|t:|1786075205
|teamsize|p1|4
|teamsize|p2|4
|start
|switch|p1a: Raichu|Raichu, L50, F|100/100
|switch|p1b: Kingambit|Kingambit, L50, F|100/100
|switch|p2a: Whimsicott|Whimsicott, L50, F|100/100
|switch|p2b: Ninetales|Ninetales-Alola, L50, M|100/100
|-weather|Snowscape|[from] ability: Snow Warning|[of] p2b: Ninetales
|turn|1
|
|t:|1786075223
|detailschange|p1a: Raichu|Raichu-Mega-Y, L50, F
|-mega|p1a: Raichu|Raichu|Raichunite Y
|move|p1a: Raichu|Zap Cannon|p2a: Whimsicott
|-resisted|p2a: Whimsicott|1
|-damage|p2a: Whimsicott|50/100g
|-status|p2a: Whimsicott|par
|move|p2b: Ninetales|Blizzard|p1a: Raichu|[spread] p1a,p1b
|-resisted|p1b: Kingambit|1
|-damage|p1a: Raichu|56/100
|-damage|p1b: Kingambit|83/100
|-status|p1a: Raichu|frz
|move|p2a: Whimsicott|Moonblast|p1b: Kingambit
|-crit|p1b: Kingambit
|-damage|p1b: Kingambit|30/100
|-unboost|p1b: Kingambit|spa|1
|-ability|p1b: Kingambit|Defiant|boost
|-boost|p1b: Kingambit|atk|2
|move|p1b: Kingambit|Swords Dance|p1b: Kingambit
|-boost|p1b: Kingambit|atk|2
|
|-weather|Snowscape|[upkeep]
|upkeep
|turn|2
|
|t:|1786075254
|move|p1b: Kingambit|Protect|p1b: Kingambit
|-singleturn|p1b: Kingambit|Protect
|move|p2a: Whimsicott|Tailwind|p2a: Whimsicott
|-sidestart|p2: tmjp01|move: Tailwind
|move|p2b: Ninetales|Encore|p1b: Kingambit
|-activate|p1b: Kingambit|move: Protect
|-curestatus|p1a: Raichu|frz|[msg]
|move|p1a: Raichu|Zap Cannon|p2b: Ninetales
|-damage|p2b: Ninetales|28/100
|-status|p2b: Ninetales|par
|
|-weather|Snowscape|[upkeep]
|upkeep
|turn|3
|
|t:|1786075268
|move|p1b: Kingambit|Sucker Punch|p2a: Whimsicott
|-resisted|p2a: Whimsicott|1
|-damage|p2a: Whimsicott|0 fnt
|faint|p2a: Whimsicott
|-damage|p1b: Kingambit|21/100|[from] item: Life Orb
|move|p1a: Raichu|Zap Cannon|p2b: Ninetales
|-damage|p2b: Ninetales|0 fnt
|faint|p2b: Ninetales
|
|-weather|Snowscape|[upkeep]
|upkeep
|
|t:|1786075273
|switch|p2a: Glimmora|Glimmora, L50, F|100/100
|switch|p2b: Kingambit|Kingambit, L50, M|100/100
|turn|4
|
|t:|1786075300
|switch|p1a: Farigiraf|Farigiraf, L50, M|100/100
|detailschange|p2a: Glimmora|Glimmora-Mega, L50, F
|-mega|p2a: Glimmora|Glimmora|Glimmoranite
|move|p1b: Kingambit|Sucker Punch|p2a: Glimmora
|-damage|p2a: Glimmora|0 fnt
|faint|p2a: Glimmora
|-damage|p1b: Kingambit|11/100|[from] item: Life Orb
|move|p2b: Kingambit|Low Kick|p1b: Kingambit
|-supereffective|p1b: Kingambit|2
|-damage|p1b: Kingambit|0 fnt
|faint|p1b: Kingambit
|
|-weather|Snowscape|[upkeep]
|upkeep
|
|t:|1786075312
|switch|p1b: Sylveon|Sylveon, L50, M|100/100
|turn|5
|
|t:|1786075324
|move|p1b: Sylveon|Detect|p1b: Sylveon
|-singleturn|p1b: Sylveon|Protect
|move|p1a: Farigiraf|Protect|p1a: Farigiraf
|-singleturn|p1a: Farigiraf|Protect
|move|p2b: Kingambit|Iron Head|p1b: Sylveon
|-activate|p1b: Sylveon|move: Protect
|
|-weather|none
|-sideend|p2: tmjp01|move: Tailwind
|upkeep
|turn|6
|
|t:|1786075334
|move|p1a: Farigiraf|Helping Hand|p1b: Sylveon
|-singleturn|p1b: Sylveon|Helping Hand|[of] p1a: Farigiraf
|move|p1b: Sylveon|Hyper Voice|p2b: Kingambit
|-damage|p2b: Kingambit|16/100
|move|p2b: Kingambit|Iron Head|p1b: Sylveon
|-supereffective|p1b: Sylveon|1
|-damage|p1b: Sylveon|10/100
|
|upkeep
|turn|7
|
|t:|1786075344
|move|p1a: Farigiraf|Helping Hand|p1b: Sylveon
|-singleturn|p1b: Sylveon|Helping Hand|[of] p1a: Farigiraf
|move|p2b: Kingambit|Sucker Punch||[still]
|cant|p1a: Farigiraf|ability: Armor Tail|Sucker Punch|[of] p2b: Kingambit
|move|p1b: Sylveon|Hyper Voice|p2b: Kingambit
|-damage|p2b: Kingambit|0 fnt
|faint|p2b: Kingambit
|
|win|ufhednarvgc
||tmjp01 is ready for game 2.
||ufhednarvgc is ready for game 2.
|uhtml|next|Next: Game 2 of 3
|l|☆tmjp01
|player|p2|
