|j|â˜†RonJohn
|j|â˜†SmogonSupervillain
|html|RonJohnSmogonSupervillain    
|uhtml|bestof|Game 1 of a best-of-3
|t:|1756327497
|gametype|doubles
|player|p1|RonJohn|169|1088
|player|p2|SmogonSupervillain|170|1022
|gen|9
|tier|[Gen 9] VGC 2025 Reg H (Bo3)
|rated|
|rule|Species Clause: Limit one of each PokÃ©mon
|rule|Item Clause: Limit 1 of each item
|clearpoke
|poke|p1|Ninetales-Alola, L50, F|
|poke|p1|Dragonite, L50, F|
|poke|p1|Amoonguss, L50, M|
|poke|p1|Incineroar, L50, M|
|poke|p1|Gholdengo, L50|
|poke|p1|Ursaluna-Bloodmoon, L50, M|
|poke|p2|Gholdengo, L50|
|poke|p2|Sneasler, L50, M|
|poke|p2|Incineroar, L50, M|
|poke|p2|Amoonguss, L50, M|
|poke|p2|Dragonite, L50, M|
|poke|p2|Ursaluna-Bloodmoon, L50, M|
|teampreview|4
|showteam|p1|Ninetales-Alola||FocusSash|SnowWarning|Blizzard,IcyWind,Protect,Encore|||F|||50|,,,,,Ice]Dragonite||LoadedDice|Multiscale|ScaleShot,Tailwind,Protect,Haze|||F|||50|,,,,,Fairy]Amoonguss||SitrusBerry|Regenerator|PollenPuff,Spore,Protect,RagePowder|||M|||50|,,,,,Psychic]Incineroar||SafetyGoggles|Intimidate|FlareBlitz,KnockOff,FakeOut,PartingShot|||M|||50|,,,,,Ghost]Gholdengo||LifeOrb|GoodasGold|MakeItRain,ShadowBall,Protect,NastyPlot||||||50|,,,,,Water]Ursaluna-Bloodmoon||AssaultVest|MindsEye|BloodMoon,EarthPower,HyperVoice,VacuumWave|||M|||50|,,,,,Water
|showteam|p2|Gholdengo||LifeOrb|GoodasGold|MakeItRain,ShadowBall,NastyPlot,Protect||||||50|,,,,,Water]Sneasler||FocusSash|PoisonTouch|FakeOut,CloseCombat,DireClaw,Protect|||M|||50|,,,,,Stellar]Incineroar||SafetyGoggles|Intimidate|FakeOut,FlareBlitz,KnockOff,PartingShot|||M|||50|,,,,,Ghost]Amoonguss||SitrusBerry|Regenerator|Spore,RagePowder,PollenPuff,Protect|||M|||50|,,,,,Water]Dragonite||LoadedDice|Multiscale|ScaleShot,Haze,Tailwind,ExtremeSpeed|||M|||50|,,,,,Fairy]Ursaluna-Bloodmoon||AssaultVest|MindsEye|HyperVoice,BloodMoon,EarthPower,VacuumWave|||M|||50|,,,,,Normal
|inactive|Battle timer is ON: inactive players will automatically lose when time's up. (requested by RonJohn)
|inactive|RonJohn has 60 seconds left.
|inactive|SmogonSupervillain has 60 seconds left.
|
|t:|1756327541
|teamsize|p1|4
|teamsize|p2|4
|start
|switch|p1a: Dragonite|Dragonite, L50, F|100/100
|switch|p1b: Incineroar|Incineroar, L50, M|100/100
|switch|p2a: Amoonguss|Amoonguss, L50, M|100/100
|switch|p2b: Sneasler|Sneasler, L50, M|100/100
|-ability|p1b: Incineroar|Intimidate|boost
|-unboost|p2a: Amoonguss|atk|1
|-unboost|p2b: Sneasler|atk|1
|turn|1
|inactive|RonJohn has 30 seconds left.
|inactive|RonJohn has 20 seconds left.
|inactive|RonJohn has 15 seconds left.
|
|t:|1756327588
|move|p1a: Dragonite|Protect|p1a: Dragonite
|-singleturn|p1a: Dragonite|Protect
|move|p2b: Sneasler|Fake Out|p1a: Dragonite
|-activate|p1a: Dragonite|move: Protect
|move|p1b: Incineroar|Knock Off|p2a: Amoonguss
|-damage|p2a: Amoonguss|65/100
|-enditem|p2a: Amoonguss|Sitrus Berry|[from] move: Knock Off|[of] p1b: Incineroar
|move|p2a: Amoonguss|Spore|p1a: Dragonite
|-activate|p1a: Dragonite|move: Protect
|
|upkeep
|turn|2
|
|t:|1756327605
|switch|p2b: Incineroar|Incineroar, L50, M, shiny|100/100
|-ability|p2b: Incineroar|Intimidate|boost
|-unboost|p1a: Dragonite|atk|1
|-unboost|p1b: Incineroar|atk|1
|move|p1a: Dragonite|Scale Shot|p2b: Incineroar
|-damage|p2b: Incineroar|91/100
|-damage|p2b: Incineroar|82/100
|-damage|p2b: Incineroar|73/100
|-damage|p2b: Incineroar|63/100
|-hitcount|p2b: Incineroar|4
|-unboost|p1a: Dragonite|def|1
|-boost|p1a: Dragonite|spe|1
|move|p1b: Incineroar|Flare Blitz|p2a: Amoonguss
|-supereffective|p2a: Amoonguss
|-damage|p2a: Amoonguss|13/100
|-damage|p1b: Incineroar|82/100|[from] Recoil
|move|p2a: Amoonguss|Spore|p1a: Dragonite
|-status|p1a: Dragonite|slp|[from] move: Spore
|
|upkeep
|turn|3
|inactive|RonJohn has 30 seconds left.
|inactive|SmogonSupervillain has 30 seconds left.
|inactive|RonJohn has 20 seconds left.
|inactive|RonJohn has 15 seconds left.
|inactive|SmogonSupervillain has 20 seconds left.
|inactive|SmogonSupervillain has 15 seconds left.
|
|t:|1756327657
|cant|p1a: Dragonite|slp
|move|p2a: Amoonguss|Protect|p2a: Amoonguss
|-singleturn|p2a: Amoonguss|Protect
|move|p1b: Incineroar|Parting Shot|p2b: Incineroar
|-unboost|p2b: Incineroar|atk|1
|-unboost|p2b: Incineroar|spa|1
|
|t:|1756327669
|switch|p1b: Gholdengo|Gholdengo, L50|100/100|[from] Parting Shot
|move|p2b: Incineroar|Parting Shot|p1b: Gholdengo
|-immune|p1b: Gholdengo|[from] ability: Good as Gold
|
|upkeep
|turn|4
|inactive|RonJohn has 30 seconds left.
|inactive|SmogonSupervillain has 30 seconds left.
|
|t:|1756327702
|-terastallize|p1b: Gholdengo|Water
|cant|p1a: Dragonite|slp
|move|p1b: Gholdengo|Nasty Plot|p1b: Gholdengo
|-boost|p1b: Gholdengo|spa|2
|move|p2b: Incineroar|Flare Blitz|p1b: Gholdengo
|-resisted|p1b: Gholdengo
|-damage|p1b: Gholdengo|84/100
|-status|p1b: Gholdengo|brn
|-damage|p2b: Incineroar|58/100|[from] Recoil
|move|p2a: Amoonguss|Pollen Puff|p2b: Incineroar
|-heal|p2b: Incineroar|100/100
|
|-damage|p1b: Gholdengo|78/100 brn|[from] brn
|upkeep
|turn|5
|inactive|RonJohn has 30 seconds left.
|inactive|SmogonSupervillain has 30 seconds left.
|inactive|RonJohn has 20 seconds left.
|
|t:|1756327741
|move|p2a: Amoonguss|Protect|p2a: Amoonguss
|-singleturn|p2a: Amoonguss|Protect
|-curestatus|p1a: Dragonite|slp|[msg]
|move|p1a: Dragonite|Tailwind|p1a: Dragonite
|-sidestart|p1: RonJohn|move: Tailwind
|move|p1b: Gholdengo|Make It Rain|p2b: Incineroar|[spread] p2b
|-activate|p2a: Amoonguss|move: Protect
|-resisted|p2b: Incineroar
|-damage|p2b: Incineroar|57/100
|-unboost|p1b: Gholdengo|spa|1
|-damage|p1b: Gholdengo|68/100 brn|[from] item: Life Orb
|move|p2b: Incineroar|Parting Shot|p1a: Dragonite
|-unboost|p1a: Dragonite|atk|1
|-unboost|p1a: Dragonite|spa|1
|
|t:|1756327748
|switch|p2b: Sneasler|Sneasler, L50, M|100/100|[from] Parting Shot
|
|-damage|p1b: Gholdengo|62/100 brn|[from] brn
|upkeep
|turn|6
|
|t:|1756327770
|move|p2a: Amoonguss|Rage Powder|p2a: Amoonguss
|-singleturn|p2a: Amoonguss|move: Rage Powder
|move|p1a: Dragonite|Scale Shot|p2a: Amoonguss
|-damage|p2a: Amoonguss|6/100
|-damage|p2a: Amoonguss|0 fnt
|faint|p2a: Amoonguss
|-hitcount|p2: Amoonguss|2
|-unboost|p1a: Dragonite|def|1
|-boost|p1a: Dragonite|spe|1
|move|p1b: Gholdengo|Make It Rain|p2b: Sneasler
|-enditem|p2b: Sneasler|Focus Sash
|-damage|p2b: Sneasler|1/100
|-unboost|p1b: Gholdengo|spa|1
|-damage|p1b: Gholdengo|53/100 brn|[from] item: Life Orb
|move|p2b: Sneasler|Close Combat|p1b: Gholdengo
|-damage|p1b: Gholdengo|0 fnt
|-unboost|p2b: Sneasler|def|1
|-unboost|p2b: Sneasler|spd|1
|faint|p1b: Gholdengo
|
|upkeep
|
|t:|1756327794
|switch|p1b: Ninetales|Ninetales-Alola, L50, F|100/100
|switch|p2a: Incineroar|Incineroar, L50, M, shiny|57/100
|-weather|Snowscape|[from] ability: Snow Warning|[of] p1b: Ninetales
|-ability|p2a: Incineroar|Intimidate|boost
|-unboost|p1a: Dragonite|atk|1
|-unboost|p1b: Ninetales|atk|1
|turn|7
|inactive|RonJohn has 30 seconds left.
|
|t:|1756327824
|move|p2b: Sneasler|Fake Out||[still]
|-hint|Fake Out only works on your first turn out.
|-fail|p2b: Sneasler
|move|p1a: Dragonite|Scale Shot|p2b: Sneasler
|-damage|p2b: Sneasler|0 fnt
|faint|p2b: Sneasler
|-hitcount|p2: Sneasler|1
|-unboost|p1a: Dragonite|def|1
|-boost|p1a: Dragonite|spe|1
|move|p1b: Ninetales|Icy Wind|p2a: Incineroar
|-resisted|p2a: Incineroar
|-damage|p2a: Incineroar|49/100
|-unboost|p2a: Incineroar|spe|1
|move|p2a: Incineroar|Flare Blitz|p1b: Ninetales
|-supereffective|p1b: Ninetales
|-damage|p1b: Ninetales|3/100
|-damage|p2a: Incineroar|25/100|[from] Recoil
|
|-weather|Snowscape|[upkeep]
|upkeep
|
|t:|1756327840
|switch|p2b: Gholdengo|Gholdengo, L50|100/100
|turn|8
|inactive|SmogonSupervillain has 30 seconds left.
|
|t:|1756327875
|move|p1a: Dragonite|Protect|p1a: Dragonite
|-singleturn|p1a: Dragonite|Protect
|move|p1b: Ninetales|Blizzard|p2a: Incineroar|[spread] p2a,p2b
|-resisted|p2a: Incineroar
|-resisted|p2b: Gholdengo
|-damage|p2a: Incineroar|14/100
|-damage|p2b: Gholdengo|81/100
|move|p2b: Gholdengo|Nasty Plot|p2b: Gholdengo
|-boost|p2b: Gholdengo|spa|2
|move|p2a: Incineroar|Parting Shot|p1a: Dragonite
|-activate|p1a: Dragonite|move: Protect
|
|-weather|Snowscape|[upkeep]
|-sideend|p1: RonJohn|move: Tailwind
|upkeep
|turn|9
|inactive|RonJohn has 30 seconds left.
|inactive|SmogonSupervillain has 30 seconds left.
|inactive|SmogonSupervillain has 20 seconds left.
|inactive|SmogonSupervillain has 15 seconds left.
|
|t:|1756327919
|move|p1a: Dragonite|Tailwind|p1a: Dragonite
|-sidestart|p1: RonJohn|move: Tailwind
|move|p1b: Ninetales|Blizzard|p2b: Gholdengo|[spread] p2a,p2b
|-resisted|p2a: Incineroar
|-resisted|p2b: Gholdengo
|-crit|p2b: Gholdengo
|-damage|p2a: Incineroar|3/100
|-damage|p2b: Gholdengo|55/100
|-status|p2a: Incineroar|frz
|move|p2b: Gholdengo|Make It Rain|p1b: Ninetales|[spread] p1a,p1b
|-crit|p1a: Dragonite
|-supereffective|p1b: Ninetales
|-damage|p1a: Dragonite|0 fnt
|-damage|p1b: Ninetales|0 fnt
|-unboost|p2b: Gholdengo|spa|1
|faint|p1a: Dragonite
|faint|p1b: Ninetales
|-damage|p2b: Gholdengo|46/100|[from] item: Life Orb
|cant|p2a: Incineroar|frz
|
|-weather|Snowscape|[upkeep]
|upkeep
|
|t:|1756327939
|switch|p1b: Incineroar|Incineroar, L50, M|82/100
|-ability|p1b: Incineroar|Intimidate|boost
|-unboost|p2a: Incineroar|atk|1
|-unboost|p2b: Gholdengo|atk|1
|turn|10
|
|t:|1756327958
|-terastallize|p2b: Gholdengo|Water
|move|p1b: Incineroar|Knock Off|p2b: Gholdengo
|-damage|p2b: Gholdengo|0 fnt
|-enditem|p2b: Gholdengo|Life Orb|[from] move: Knock Off|[of] p1b: Incineroar
|faint|p2b: Gholdengo
|-curestatus|p2a: Incineroar|frz|[msg]
|move|p2a: Incineroar|Parting Shot|p1b: Incineroar
|-unboost|p1b: Incineroar|atk|1
|-unboost|p1b: Incineroar|spa|1
|
|-weather|Snowscape|[upkeep]
|upkeep
|turn|11
|
|t:|1756327968
|move|p1b: Incineroar|Knock Off|p2a: Incineroar
|-resisted|p2a: Incineroar
|-damage|p2a: Incineroar|0 fnt
|-enditem|p2a: Incineroar|Safety Goggles|[from] move: Knock Off|[of] p1b: Incineroar
|faint|p2a: Incineroar
|
|win|RonJohn
