|j|☆dejavu1337
|j|☆Green-Dogi Ranger
|html|dejavu1337Green-Dogi Ranger    
|uhtml|bestof|Game 2 of a best-of-3
|t:|1757731308
|gametype|doubles
|player|p1|dejavu1337|2|1094
|player|p2|Green-Dogi Ranger|linebacker|1000
|gen|9
|tier|[Gen 9] VGC 2025 Reg H (Bo3)
|rated|
|rule|Species Clause: Limit one of each Pokémon
|rule|Item Clause: Limit 1 of each item
|clearpoke
|poke|p1|Dondozo, L50, F|
|poke|p1|Tatsugiri, L50, F|
|poke|p1|Gholdengo, L50|
|poke|p1|Dragonite, L50, M|
|poke|p1|Ninetales-Alola, L50, F|
|poke|p1|Kingambit, L50, F|
|poke|p2|Malamar, L50, M|
|poke|p2|Torkoal, L50, F|
|poke|p2|Delphox, L50, F|
|poke|p2|Indeedee-F, L50, F|
|poke|p2|Sneasler, L50, F|
|poke|p2|Ursaluna, L50, M|
|teampreview|4
|showteam|p1|Dondozo||Leftovers|Unaware|Protect,WaveCrash,Earthquake,OrderUp|||F|||50|,,,,,Steel]Tatsugiri||ChoiceScarf|Commander|MuddyWater,DracoMeteor,IcyWind,HydroPump|||F|||50|,,,,,Steel]Gholdengo||ChoiceSpecs|GoodasGold|MakeItRain,ShadowBall,PowerGem,Trick||||||50|,,,,,Steel]Dragonite||LoadedDice|Multiscale|ScaleShot,Protect,ExtremeSpeed,StompingTantrum|||M|||50|,,,,,Fairy]Ninetales-Alola||FocusSash|SnowWarning|Blizzard,Moonblast,FreezeDry,Protect|||F|||50|,,,,,Ghost]Kingambit||AssaultVest|Defiant|SuckerPunch,KowtowCleave,LowKick,IronHead|||F|||50|,,,,,Dark
|showteam|p2|Malamar||ChoiceScarf|Contrary|KnockOff,PsychoCut,Superpower,Switcheroo|||M|||50|,,,,,Fighting]Torkoal||EjectPack|Drought|Protect,Eruption,Overheat,HelpingHand|||F|||50|,,,,,Flying]Delphox||LifeOrb|Blaze|Flamethrower,ExpandingForce,DazzlingGleam,Protect|||F|||50|,,,,,Fairy]Indeedee-F||SafetyGoggles|PsychicSurge|FollowMe,Psychic,HelpingHand,TrickRoom|||F|||50|,,,,,Fairy]Sneasler||PsychicSeed|Unburden|Protect,CloseCombat,DireClaw,ThroatChop|||F|||50|,,,,,Dark]Ursaluna||FlameOrb|Guts|Protect,HeadlongRush,Earthquake,Facade|||M|||50|,,,,,Ghost
|inactive|Battle timer is ON: inactive players will automatically lose when time's up. (requested by dejavu1337)
|inactive|dejavu1337 has 60 seconds left.
|inactive|dejavu1337 has 30 seconds left.
|
|t:|1757731379
|teamsize|p1|4
|teamsize|p2|4
|start
|switch|p1a: Kingambit|Kingambit, L50, F|100/100
|switch|p1b: Dragonite|Dragonite, L50, M|100/100
|switch|p2a: Indeedee|Indeedee-F, L50, F|100/100
|switch|p2b: Delphox|Delphox, L50, F|100/100
|-fieldstart|move: Psychic Terrain|[from] ability: Psychic Surge|[of] p2a: Indeedee
|turn|1
|inactive|dejavu1337 has 30 seconds left.
|inactive|Green-Dogi Ranger has 30 seconds left.
|inactive|dejavu1337 has 20 seconds left.
|
|t:|1757731417
|-terastallize|p2b: Delphox|Fairy
|-terastallize|p1a: Kingambit|Dark
|move|p2b: Delphox|Dazzling Gleam|p1a: Kingambit|[spread] p1a,p1b
|-supereffective|p1a: Kingambit
|-supereffective|p1b: Dragonite
|-damage|p1a: Kingambit|52/100
|-damage|p1b: Dragonite|60/100
|-damage|p2b: Delphox|91/100|[from] item: Life Orb
|move|p1b: Dragonite|Stomping Tantrum|p2b: Delphox
|-crit|p2b: Delphox
|-damage|p2b: Delphox|26/100
|move|p1a: Kingambit|Kowtow Cleave|p2a: Indeedee
|-supereffective|p2a: Indeedee
|-damage|p2a: Indeedee|0 fnt
|faint|p2a: Indeedee
|
|upkeep
|
|t:|1757731430
|switch|p2a: Sneasler|Sneasler, L50, F|100/100
|-enditem|p2a: Sneasler|Psychic Seed
|-boost|p2a: Sneasler|spd|1|[from] item: Psychic Seed
|turn|2
|inactive|dejavu1337 has 30 seconds left.
|
|t:|1757731464
|switch|p1b: Dondozo|Dondozo, L50, F, shiny|100/100
|switch|p1a: Tatsugiri|Tatsugiri, L50, F, shiny|100/100
|-activate|p1a: Tatsugiri|ability: Commander|[of] p1b: Dondozo
|-boost|p1b: Dondozo|atk|2
|-boost|p1b: Dondozo|spa|2
|-boost|p1b: Dondozo|spe|2
|-boost|p1b: Dondozo|def|2
|-boost|p1b: Dondozo|spd|2
|move|p2a: Sneasler|Close Combat|p1a: Tatsugiri|[miss]
|-miss|p2a: Sneasler|p1a: Tatsugiri
|move|p2b: Delphox|Expanding Force|p1b: Dondozo|[spread] p1b
|-miss|p2b: Delphox|p1a: Tatsugiri
|-crit|p1b: Dondozo
|-damage|p1b: Dondozo|0 fnt
|faint|p1b: Dondozo
|-damage|p2b: Delphox|16/100|[from] item: Life Orb
|
|upkeep
|inactive|dejavu1337 has 30 seconds left.
|inactive|dejavu1337 has 20 seconds left.
|inactive|dejavu1337 has 15 seconds left.
|
|t:|1757731509
|switch|p1b: Kingambit|Kingambit, L50, F, tera:Dark|52/100
|turn|3
|
|t:|1757731525
|move|p2a: Sneasler|Dire Claw|p1a: Tatsugiri
|-damage|p1a: Tatsugiri|12/100
|move|p1a: Tatsugiri|Muddy Water|p2b: Delphox|[spread] p2a,p2b
|-damage|p2a: Sneasler|71/100
|-damage|p2b: Delphox|0 fnt
|-unboost|p2a: Sneasler|accuracy|1
|faint|p2b: Delphox
|move|p1b: Kingambit|Kowtow Cleave|p2a: Sneasler
|-resisted|p2a: Sneasler
|-damage|p2a: Sneasler|13/100
|
|upkeep
|
|t:|1757731535
|switch|p2b: Ursaluna|Ursaluna, L50, M|100/100
|turn|4
|inactive|dejavu1337 has 30 seconds left.
|inactive|Green-Dogi Ranger has 30 seconds left.
|inactive|dejavu1337 has 20 seconds left.
|
|t:|1757731574
|move|p2a: Sneasler|Protect|p2a: Sneasler
|-singleturn|p2a: Sneasler|Protect
|move|p1a: Tatsugiri|Muddy Water|p2b: Ursaluna|[spread] 
|-activate|p2a: Sneasler|move: Protect
|-miss|p1a: Tatsugiri|p2b: Ursaluna
|move|p1b: Kingambit|Kowtow Cleave|p2a: Sneasler
|-activate|p2a: Sneasler|move: Protect
|move|p2b: Ursaluna|Earthquake|p1b: Kingambit|[spread] p1a,p1b
|-activate|p2a: Sneasler|move: Protect
|-damage|p1a: Tatsugiri|0 fnt
|-damage|p1b: Kingambit|19/100
|faint|p1a: Tatsugiri
|
|-status|p2b: Ursaluna|brn|[from] item: Flame Orb
|upkeep
|
|t:|1757731588
|switch|p1a: Dragonite|Dragonite, L50, M|60/100
|turn|5
|inactive|Green-Dogi Ranger has 30 seconds left.
|inactive|Green-Dogi Ranger has 20 seconds left.
|
|t:|1757731624
|move|p2a: Sneasler|Close Combat|p1b: Kingambit
|-supereffective|p1b: Kingambit
|-damage|p1b: Kingambit|0 fnt
|-unboost|p2a: Sneasler|def|1
|-unboost|p2a: Sneasler|spd|1
|faint|p1b: Kingambit
|move|p1a: Dragonite|Scale Shot|p2b: Ursaluna
|-damage|p2b: Ursaluna|90/100 brn
|-damage|p2b: Ursaluna|78/100 brn
|-damage|p2b: Ursaluna|66/100 brn
|-damage|p2b: Ursaluna|56/100 brn
|-hitcount|p2b: Ursaluna|4
|-unboost|p1a: Dragonite|def|1
|-boost|p1a: Dragonite|spe|1
|move|p2b: Ursaluna|Facade|p1a: Dragonite
|-damage|p1a: Dragonite|0 fnt
|faint|p1a: Dragonite
|
|win|Green-Dogi Ranger
|l|☆dejavu1337
|player|p1|
|inactive|dejavu1337 has 30 seconds to confirm battle start!
|inactive|Green-Dogi Ranger has 30 seconds to confirm battle start!
||dejavu1337 is ready for game 3.
