|j|☆AnriVGC
|j|☆BrokenMoxiie
|html|AnriVGCBrokenMoxiie    
|uhtml|bestof|Game 2 of a best-of-3
|t:|1756497954
|gametype|doubles
|player|p1|AnriVGC|hilda-masters3|1100
|player|p2|BrokenMoxiie|riley|1071
|gen|9
|tier|[Gen 9] VGC 2025 Reg H (Bo3)
|rated|
|rule|Species Clause: Limit one of each Pokémon
|rule|Item Clause: Limit 1 of each item
|clearpoke
|poke|p1|Gholdengo, L50|
|poke|p1|Sneasler, L50, M|
|poke|p1|Rillaboom, L50, M|
|poke|p1|Dragonite, L50, F|
|poke|p1|Ninetales-Alola, L50, F|
|poke|p1|Arcanine-Hisui, L50, F|
|poke|p2|Pelipper, L50, M|
|poke|p2|Blastoise, L50, M|
|poke|p2|Dragonite, L50, F|
|poke|p2|Archaludon, L50, F|
|poke|p2|Indeedee-F, L50, F|
|poke|p2|Sneasler, L50, F|
|teampreview|4
|showteam|p1|Gholdengo||GrassySeed|GoodasGold|NastyPlot,MakeItRain,ShadowBall,Protect||||||50|,,,,,Water]Sneasler||FocusSash|Unburden|CloseCombat,DireClaw,Coaching,FakeOut|||M|||50|,,,,,Ghost]Rillaboom||AssaultVest|GrassySurge|FakeOut,DrumBeating,HighHorsepower,GrassyGlide|||M|||50|,,,,,Fire]Dragonite||LoadedDice|Multiscale|ScaleShot,StompingTantrum,Haze,Protect|||F|||50|,,,,,Steel]Ninetales-Alola||LightClay|SnowWarning|IcyWind,Blizzard,Moonblast,AuroraVeil|||F|||50|,,,,,Water]Arcanine-Hisui||ClearAmulet|Intimidate|RockSlide,FlareBlitz,ExtremeSpeed,Protect|||F|||50|,,,,,Grass
|showteam|p2|Pelipper||ChoiceScarf|Drizzle|Hurricane,WeatherBall,Tailwind,HelpingHand|||M|||50|,,,,,Ghost]Blastoise||SplashPlate|RainDish|WaterSpout,WaterPledge,ShellSmash,Protect|||M|||50|,,,,,Water]Dragonite||LoadedDice|Multiscale|ScaleShot,StompingTantrum,Haze,Protect|||F|||50|,,,,,Steel]Archaludon||AssaultVest|Stamina|FlashCannon,ElectroShot,DragonPulse,BodyPress|||F|||50|,,,,,Ghost]Indeedee-F||SafetyGoggles|PsychicSurge|Psychic,Protect,HelpingHand,FollowMe|||F|||50|,,,,,Fairy]Sneasler||PsychicSeed|Unburden|DireClaw,CloseCombat,ThroatChop,Protect|||F|||50|,,,,,Stellar
|inactive|Battle timer is ON: inactive players will automatically lose when time's up. (requested by BrokenMoxiie)
|
|t:|1756497980
|teamsize|p1|4
|teamsize|p2|4
|start
|switch|p1a: Ninetales|Ninetales-Alola, L50, F|100/100
|switch|p1b: Sneasler|Sneasler, L50, M|100/100
|switch|p2a: Indeedee|Indeedee-F, L50, F, shiny|100/100
|switch|p2b: Sneasler|Sneasler, L50, F|100/100
|-weather|Snowscape|[from] ability: Snow Warning|[of] p1a: Ninetales
|-fieldstart|move: Psychic Terrain|[from] ability: Psychic Surge|[of] p2a: Indeedee
|-enditem|p2b: Sneasler|Psychic Seed
|-boost|p2b: Sneasler|spd|1|[from] item: Psychic Seed
|turn|1
|inactive|BrokenMoxiie has 30 seconds left.
|inactive|BrokenMoxiie has 20 seconds left.
|inactive|BrokenMoxiie has 15 seconds left.
|
|t:|1756498026
|switch|p1b: Gholdengo|Gholdengo, L50|100/100
|move|p2b: Sneasler|Dire Claw|p1b: Gholdengo
|-immune|p1b: Gholdengo
|move|p1a: Ninetales|Aurora Veil|p1a: Ninetales
|-sidestart|p1: AnriVGC|move: Aurora Veil
|move|p2a: Indeedee|Psychic|p1b: Gholdengo
|-resisted|p1b: Gholdengo
|-damage|p1b: Gholdengo|86/100
|
|-weather|Snowscape|[upkeep]
|upkeep
|turn|2
|inactive|BrokenMoxiie has 30 seconds left.
|
|t:|1756498052
|switch|p1a: Rillaboom|Rillaboom, L50, M|100/100
|-fieldstart|move: Grassy Terrain|[from] ability: Grassy Surge|[of] p1a: Rillaboom
|-enditem|p1b: Gholdengo|Grassy Seed
|-boost|p1b: Gholdengo|def|1|[from] item: Grassy Seed
|switch|p2a: Pelipper|Pelipper, L50, M|100/100
|-weather|RainDance|[from] ability: Drizzle|[of] p2a: Pelipper
|-terastallize|p1b: Gholdengo|Water
|move|p2b: Sneasler|Protect|p2b: Sneasler
|-singleturn|p2b: Sneasler|Protect
|move|p1b: Gholdengo|Nasty Plot|p1b: Gholdengo
|-boost|p1b: Gholdengo|spa|2
|
|-weather|RainDance|[upkeep]
|-heal|p1b: Gholdengo|93/100|[from] Grassy Terrain
|upkeep
|turn|3
|inactive|AnriVGC has 30 seconds left.
|inactive|BrokenMoxiie has 30 seconds left.
|
|t:|1756498083
|switch|p2a: Indeedee|Indeedee-F, L50, F, shiny|100/100
|-fieldstart|move: Psychic Terrain|[from] ability: Psychic Surge|[of] p2a: Indeedee
|-terastallize|p2b: Sneasler|Stellar
|move|p1a: Rillaboom|Fake Out|p2b: Sneasler
|-activate|p2b: Sneasler|move: Psychic Terrain
|move|p2b: Sneasler|Dire Claw|p1b: Gholdengo
|-damage|p1b: Gholdengo|68/100
|move|p1b: Gholdengo|Make It Rain|p2b: Sneasler|[spread] p2a,p2b
|-damage|p2a: Indeedee|2/100
|-damage|p2b: Sneasler|9/100
|-unboost|p1b: Gholdengo|spa|1
|
|-weather|RainDance|[upkeep]
|upkeep
|turn|4
|inactive|AnriVGC has 30 seconds left.
|inactive|BrokenMoxiie has 30 seconds left.
|
|t:|1756498110
|switch|p1a: Sneasler|Sneasler, L50, M|100/100
|switch|p2a: Pelipper|Pelipper, L50, M|100/100
|move|p2b: Sneasler|Protect|p2b: Sneasler
|-singleturn|p2b: Sneasler|Protect
|move|p1b: Gholdengo|Make It Rain|p2a: Pelipper|[spread] p2a
|-activate|p2b: Sneasler|move: Protect
|-resisted|p2a: Pelipper
|-damage|p2a: Pelipper|32/100
|-unboost|p1b: Gholdengo|spa|1
|
|-weather|RainDance|[upkeep]
|upkeep
|turn|5
|inactive|AnriVGC has 30 seconds left.
|
|t:|1756498141
|switch|p2b: Archaludon|Archaludon, L50, F|100/100
|switch|p1b: Rillaboom|Rillaboom, L50, M|100/100
|-fieldstart|move: Grassy Terrain|[from] ability: Grassy Surge|[of] p1b: Rillaboom
|move|p1a: Sneasler|Fake Out|p2b: Archaludon
|-resisted|p2b: Archaludon
|-damage|p2b: Archaludon|94/100
|-ability|p2b: Archaludon|Stamina|boost
|-boost|p2b: Archaludon|def|1
|move|p2a: Pelipper|Tailwind|p2a: Pelipper
|-sidestart|p2: BrokenMoxiie|move: Tailwind
|
|-weather|RainDance|[upkeep]
|-heal|p2b: Archaludon|100/100|[from] Grassy Terrain
|upkeep
|turn|6
|
|t:|1756498163
|switch|p2a: Indeedee|Indeedee-F, L50, F, shiny|2/100
|-fieldstart|move: Psychic Terrain|[from] ability: Psychic Surge|[of] p2a: Indeedee
|move|p2b: Archaludon|Electro Shot||[still]
|-prepare|p2b: Archaludon|Electro Shot
|-boost|p2b: Archaludon|spa|1
|-anim|p2b: Archaludon|Electro Shot|p1b: Rillaboom
|-resisted|p1b: Rillaboom
|-damage|p1b: Rillaboom|84/100
|move|p1a: Sneasler|Close Combat|p2b: Archaludon
|-supereffective|p2b: Archaludon
|-damage|p2b: Archaludon|29/100
|-unboost|p1a: Sneasler|def|1
|-unboost|p1a: Sneasler|spd|1
|-ability|p2b: Archaludon|Stamina|boost
|-boost|p2b: Archaludon|def|1
|move|p1b: Rillaboom|High Horsepower|p2b: Archaludon
|-supereffective|p2b: Archaludon
|-damage|p2b: Archaludon|6/100
|-ability|p2b: Archaludon|Stamina|boost
|-boost|p2b: Archaludon|def|1
|
|-weather|none
|upkeep
|turn|7
|inactive|AnriVGC has 30 seconds left.
|inactive|BrokenMoxiie has 30 seconds left.
|inactive|BrokenMoxiie has 20 seconds left.
|inactive|BrokenMoxiie has 15 seconds left.
|inactive|BrokenMoxiie has 10 seconds left.
|
|t:|1756498211
|move|p2a: Indeedee|Follow Me|p2a: Indeedee
|-singleturn|p2a: Indeedee|move: Follow Me
|move|p2b: Archaludon|Electro Shot||[still]
|-prepare|p2b: Archaludon|Electro Shot
|-boost|p2b: Archaludon|spa|1
|move|p1a: Sneasler|Close Combat|p2a: Indeedee
|-damage|p2a: Indeedee|0 fnt
|-unboost|p1a: Sneasler|def|1
|-unboost|p1a: Sneasler|spd|1
|faint|p2a: Indeedee
|move|p1b: Rillaboom|Drum Beating|p2b: Archaludon
|-resisted|p2b: Archaludon
|-damage|p2b: Archaludon|4/100
|-unboost|p2b: Archaludon|spe|1
|-ability|p2b: Archaludon|Stamina|boost
|-boost|p2b: Archaludon|def|1
|
|upkeep
|
|t:|1756498225
|switch|p2a: Pelipper|Pelipper, L50, M|32/100
|-weather|RainDance|[from] ability: Drizzle|[of] p2a: Pelipper
|turn|8
|
|t:|1756498234
|move|p2a: Pelipper|Helping Hand|p2b: Archaludon
|-singleturn|p2b: Archaludon|Helping Hand|[of] p2a: Pelipper
|move|p1a: Sneasler|Dire Claw|p2a: Pelipper
|-damage|p2a: Pelipper|0 fnt
|faint|p2a: Pelipper
|move|p2b: Archaludon|Electro Shot|p1a: Sneasler|[from] lockedmove
|-enditem|p1a: Sneasler|Focus Sash
|-damage|p1a: Sneasler|1/100
|move|p1b: Rillaboom|High Horsepower|p2b: Archaludon
|-supereffective|p2b: Archaludon
|-crit|p2b: Archaludon
|-damage|p2b: Archaludon|0 fnt
|faint|p2b: Archaludon
|
|-weather|RainDance|[upkeep]
|-sideend|p2: BrokenMoxiie|move: Tailwind
|-sideend|p1: AnriVGC|move: Aurora Veil
|upkeep
|-message|BrokenMoxiie forfeited.
|raw|AnriVGC's rating: 1100 → 1123(+23 for winning)
|raw|BrokenMoxiie's rating: 1071 → 1052(-19 for losing)
|
|win|AnriVGC
