|j|☆cantchat_sorry
|j|☆elmono11
|html|cantchat_sorryelmono11    
|uhtml|bestof|Game 1 of a best-of-3
|t:|1785610473
|gametype|doubles
|player|p1|cantchat_sorry|clair|1219
|player|p2|elmono11|101|1384
|gen|9
|tier|[Gen 9 Champions] VGC 2026 Reg M-B (Bo3)
|rated|
|rule|Species Clause: Limit one of each Pokémon
|rule|Item Clause: Limit 1 of each item
|clearpoke
|poke|p1|Garchomp, L50, M|
|poke|p1|Tyranitar, L50, M|
|poke|p1|Corviknight, L50, F, shiny|
|poke|p1|Milotic, L50, M|
|poke|p1|Sinistcha, L50|
|poke|p1|Ceruledge, L50, M|
|poke|p2|Charizard, L50, M|
|poke|p2|Floette-Eternal, L50, F|
|poke|p2|Garchomp, L50, F|
|poke|p2|Kingambit, L50, F|
|poke|p2|Basculegion, L50, M|
|poke|p2|Whimsicott, L50, F|
|teampreview|4
|showteam|p1|Garchomp||Garchompite|RoughSkin|EarthPower,DracoMeteor,PowerGem,Protect|Modest||M|||50|]Tyranitar||ChoiceScarf|SandStream|KnockOff,RockSlide,IcePunch,LowKick|Jolly||M|||50|]Corviknight||LifeOrb|MirrorArmor|BraveBird,IronHead,Tailwind,Protect|Jolly||F|||50|]Milotic||SitrusBerry|Competitive|Scald,IcyWind,Haze,Protect|Bold||M|||50|]Sinistcha||KasibBerry|Hospitality|MatchaGotcha,RagePowder,TrickRoom,Protect|Bold|||||50|]Ceruledge||ColburBerry|FlashFire|BitterBlade,ShadowSneak,BulkUp,Protect|Adamant||M|||50|
|showteam|p2|Charizard||CharizarditeY|Blaze|HeatWave,WeatherBall,SolarBeam,Protect|Modest||M|||50|]Floette-Eternal||Floettite|FlowerVeil|Moonblast,DazzlingGleam,LightofRuin,Protect|Modest||F|||50|]Garchomp||LifeOrb|RoughSkin|Earthquake,DragonClaw,RockSlide,Protect|Jolly||F|||50|]Kingambit||BlackGlasses|Defiant|KowtowCleave,SuckerPunch,IronHead,Protect|Adamant||F|||50|]Basculegion||MysticWater|Adaptability|WaveCrash,LastRespects,AquaJet,Protect|Adamant||M|||50|]Whimsicott||FocusSash|Prankster|Moonblast,Tailwind,Encore,Protect|Timid||F|||50|
|inactive|Battle timer is ON: inactive players will automatically lose when time's up. (requested by cantchat_sorry)
|inactive|elmono11 also wants the timer to be on.
|inactive|elmono11 has 60 seconds left.
|inactive|elmono11 has 30 seconds left.
|inactive|elmono11 has 20 seconds left.
|inactive|elmono11 has 15 seconds left.
|inactive|elmono11 has 10 seconds left.
|
|t:|1785610560
|teamsize|p1|4
|teamsize|p2|4
|start
|switch|p1a: Corviknight|Corviknight, L50, F, shiny|100/100
|switch|p1b: Tyranitar|Tyranitar, L50, M|100/100
|switch|p2a: Garchomp|Garchomp, L50, F|100/100
|switch|p2b: Whimsicott|Whimsicott, L50, F|100/100
|-weather|Sandstorm|[from] ability: Sand Stream|[of] p1b: Tyranitar
|turn|1
|inactive|cantchat_sorry has 30 seconds left.
|
|t:|1785610589
|switch|p2a: Basculegion|Basculegion, L50, M|100/100
|move|p2b: Whimsicott|Tailwind|p2b: Whimsicott
|-sidestart|p2: elmono11|move: Tailwind
|move|p1b: Tyranitar|Ice Punch|p2a: Basculegion
|-resisted|p2a: Basculegion|1
|-damage|p2a: Basculegion|88/100
|move|p1a: Corviknight|Brave Bird|p2b: Whimsicott
|-supereffective|p2b: Whimsicott|1
|-enditem|p2b: Whimsicott|Focus Sash
|-damage|p2b: Whimsicott|1/100
|-damage|p1a: Corviknight|74/100|[from] Recoil
|-damage|p1a: Corviknight|65/100|[from] item: Life Orb
|
|-weather|Sandstorm|[upkeep]
|-damage|p2b: Whimsicott|0 fnt|[from] Sandstorm
|-damage|p2a: Basculegion|82/100|[from] Sandstorm
|faint|p2b: Whimsicott
|upkeep
|inactive|elmono11 has 30 seconds left.
|inactive|elmono11 has 20 seconds left.
|inactive|elmono11 has 15 seconds left.
|inactive|elmono11 has 10 seconds left.
|inactive|elmono11 has 5 seconds left.
|
|t:|1785610642
|switch|p2b: Charizard|Charizard, L50, M|100/100
|turn|2
|
|t:|1785610667
|switch|p1b: Garchomp|Garchomp, L50, M|100/100
|switch|p1a: Ceruledge|Ceruledge, L50, M|100/100
|move|p2b: Charizard|Heat Wave|p1b: Garchomp|[spread] p1b
|-start|p1a: Ceruledge|ability: Flash Fire
|-resisted|p1b: Garchomp|1
|-damage|p1b: Garchomp|84/100
|move|p2a: Basculegion|Wave Crash|p1a: Ceruledge
|-supereffective|p1a: Ceruledge|1
|-damage|p1a: Ceruledge|0 fnt
|faint|p1a: Ceruledge
|-damage|p2a: Basculegion|53/100|[from] Recoil
|
|-weather|Sandstorm|[upkeep]
|-damage|p2b: Charizard|93/100|[from] Sandstorm
|-damage|p2a: Basculegion|47/100|[from] Sandstorm
|upkeep
|
|t:|1785610682
|switch|p1a: Corviknight|Corviknight, L50, F, shiny|65/100
|turn|3
|inactive|elmono11 has 30 seconds left.
|
|t:|1785610713
|detailschange|p2b: Charizard|Charizard-Mega-Y, L50, M
|-mega|p2b: Charizard|Charizard|Charizardite Y
|-weather|SunnyDay|[from] ability: Drought|[of] p2b: Charizard
|detailschange|p1b: Garchomp|Garchomp-Mega, L50, M
|-mega|p1b: Garchomp|Garchomp|Garchompite
|move|p1a: Corviknight|Protect|p1a: Corviknight
|-singleturn|p1a: Corviknight|Protect
|move|p2b: Charizard|Heat Wave|p1a: Corviknight|[spread] p1b
|-activate|p1a: Corviknight|move: Protect
|-resisted|p1b: Garchomp|1
|-damage|p1b: Garchomp|56/100
|move|p2a: Basculegion|Wave Crash|p1b: Garchomp
|-damage|p1b: Garchomp|17/100
|-damage|p2a: Basculegion|34/100|[from] Recoil
|move|p1b: Garchomp|Power Gem|p2b: Charizard
|-supereffective|p2b: Charizard|2
|-damage|p2b: Charizard|0 fnt
|faint|p2b: Charizard
|
|-weather|SunnyDay|[upkeep]
|upkeep
|
|t:|1785610716
|switch|p2b: Garchomp|Garchomp, L50, F|100/100
|turn|4
|inactive|elmono11 has 30 seconds left.
|inactive|elmono11 has 20 seconds left.
|inactive|elmono11 has 15 seconds left.
|inactive|elmono11 has 10 seconds left.
|inactive|elmono11 has 5 seconds left.
|
|t:|1785610767
|switch|p1a: Tyranitar|Tyranitar, L50, M|100/100
|-weather|Sandstorm|[from] ability: Sand Stream|[of] p1a: Tyranitar
|move|p1b: Garchomp|Protect|p1b: Garchomp
|-singleturn|p1b: Garchomp|Protect
|move|p2b: Garchomp|Dragon Claw|p1b: Garchomp
|-activate|p1b: Garchomp|move: Protect
|move|p2a: Basculegion|Wave Crash|p1a: Tyranitar
|-supereffective|p1a: Tyranitar|1
|-damage|p1a: Tyranitar|0 fnt
|faint|p1a: Tyranitar
|-damage|p2a: Basculegion|5/100|[from] Recoil
|
|-weather|Sandstorm|[upkeep]
|-damage|p2a: Basculegion|0 fnt|[from] Sandstorm
|faint|p2a: Basculegion
|-sideend|p2: elmono11|move: Tailwind
|upkeep
|
|t:|1785610784
|switch|p1a: Corviknight|Corviknight, L50, F, shiny|65/100
|turn|5
|
|t:|1785610790
|move|p2b: Garchomp|Earthquake|p1a: Corviknight|[spread] p1b
|-immune|p1a: Corviknight
|-damage|p1b: Garchomp|0 fnt
|faint|p1b: Garchomp
|-damage|p2b: Garchomp|90/100|[from] item: Life Orb
|move|p1a: Corviknight|Tailwind|p1a: Corviknight
|-sidestart|p1: cantchat_sorry|move: Tailwind
|
|-weather|Sandstorm|[upkeep]
|upkeep
|turn|6
|
|t:|1785610799
|move|p2b: Garchomp|Protect|p2b: Garchomp
|-singleturn|p2b: Garchomp|Protect
|move|p1a: Corviknight|Brave Bird|p2b: Garchomp
|-activate|p2b: Garchomp|move: Protect
|
|-weather|Sandstorm|[upkeep]
|upkeep
|turn|7
|
|t:|1785610807
|move|p1a: Corviknight|Brave Bird|p2b: Garchomp
|-damage|p2b: Garchomp|34/100
|-damage|p1a: Corviknight|53/100|[from] ability: Rough Skin|[of] p2b: Garchomp
|-damage|p1a: Corviknight|34/100|[from] Recoil
|-damage|p1a: Corviknight|24/100|[from] item: Life Orb
|move|p2b: Garchomp|Rock Slide|p1a: Corviknight
|-damage|p1a: Corviknight|0 fnt
|faint|p1a: Corviknight
|-damage|p2b: Garchomp|24/100|[from] item: Life Orb
|
|win|elmono11
