|j|☆jomivgc
|j|☆HopsVGC
|html|jomivgcHopsVGC    
|uhtml|bestof|Game 1 of a best-of-3
|t:|1785154373
|gametype|doubles
|player|p1|jomivgc|falkner-gen2|1301
|player|p2|HopsVGC|265|1292
|gen|9
|tier|[Gen 9 Champions] VGC 2026 Reg M-B (Bo3)
|rated|
|rule|Species Clause: Limit one of each Pokémon
|rule|Item Clause: Limit 1 of each item
|clearpoke
|poke|p1|Staraptor, L50, M|
|poke|p1|Vanilluxe, L50, M|
|poke|p1|Farigiraf, L50, F|
|poke|p1|Blastoise, L50, F|
|poke|p1|Kingambit, L50, M|
|poke|p1|Camerupt, L50, M|
|poke|p2|Kommo-o, L50, M|
|poke|p2|Sinistcha, L50|
|poke|p2|Scrafty, L50, F|
|poke|p2|Aegislash, L50, M, shiny|
|poke|p2|Tyranitar, L50, F|
|poke|p2|Aerodactyl, L50, M, shiny|
|teampreview|4
|showteam|p1|Staraptor||ChoiceScarf|Intimidate|FinalGambit,BraveBird,CloseCombat,Uturn|Jolly||M|||50|]Vanilluxe||NeverMeltIce|SnowWarning|Blizzard,FreezeDry,Protect,IceShard|Quiet||M|||50|]Farigiraf||SitrusBerry|ArmorTail|PsychicFangs,HyperVoice,HelpingHand,TrickRoom|Relaxed||F|||50|]Blastoise||Blastoisinite|RainDish|FakeOut,WaterSpout,AuraSphere,DarkPulse|Quiet||F|||50|]Kingambit||LifeOrb|Defiant|KowtowCleave,IronHead,Protect,SuckerPunch|Brave||M|||50|]Camerupt||Cameruptite|SolidRock|HeatWave,EarthPower,Protect,AncientPower|Quiet||M|||50|
|showteam|p2|Kommo-o||Leftovers|Soundproof|ClangingScales,FlashCannon,ClangorousSoul,Protect|Modest||M|||50|]Sinistcha||SitrusBerry|Hospitality|ShadowBall,RagePowder,LifeDew,TrickRoom|Relaxed|||||50|]Scrafty||Scraftinite|Intimidate|DrainPunch,KnockOff,FakeOut,Protect|Adamant||F|||50|]Aegislash||LifeOrb|StanceChange|IronHead,Poltergeist,WideGuard,KingsShield|Serious||M|||50|]Tyranitar||Tyranitarite|SandStream|RockSlide,KnockOff,LowKick,Protect|Adamant||F|||50|]Aerodactyl||FocusSash|Unnerve|RockSlide,DualWingbeat,Tailwind,Protect|Jolly||M|||50|
|inactive|Battle timer is ON: inactive players will automatically lose when time's up. (requested by jomivgc)
|inactive|HopsVGC has 60 seconds left.
|
|t:|1785154422
|teamsize|p1|4
|teamsize|p2|4
|start
|switch|p1a: Staraptor|Staraptor, L50, M|100/100
|switch|p1b: Farigiraf|Farigiraf, L50, F|100/100
|switch|p2a: Kommo-o|Kommo-o, L50, M|100/100
|switch|p2b: Aerodactyl|Aerodactyl, L50, M, shiny|100/100
|-ability|p2b: Aerodactyl|Unnerve
|-ability|p1a: Staraptor|Intimidate|boost
|-unboost|p2a: Kommo-o|atk|1
|-unboost|p2b: Aerodactyl|atk|1
|turn|1
|inactive|jomivgc has 30 seconds left.
|
|t:|1785154454
|switch|p2a: Sinistcha|Sinistcha, L50|100/100
|move|p2b: Aerodactyl|Protect|p2b: Aerodactyl
|-singleturn|p2b: Aerodactyl|Protect
|move|p1a: Staraptor|Brave Bird|p2a: Sinistcha
|-supereffective|p2a: Sinistcha|1
|-damage|p2a: Sinistcha|12/100
|-enditem|p2a: Sinistcha|Sitrus Berry|[eat]
|-heal|p2a: Sinistcha|37/100|[from] item: Sitrus Berry
|-damage|p1a: Staraptor|73/100|[from] Recoil
|move|p1b: Farigiraf|Trick Room|p1b: Farigiraf
|-fieldstart|move: Trick Room|[of] p1b: Farigiraf
|
|upkeep
|turn|2
|inactive|jomivgc has 30 seconds left.
|
|t:|1785154481
|switch|p1b: Camerupt|Camerupt, L50, M|100/100
|switch|p2a: Kommo-o|Kommo-o, L50, M|100/100
|move|p2b: Aerodactyl|Rock Slide|p1b: Camerupt|[spread] p1a,p1b
|-supereffective|p1a: Staraptor|1
|-damage|p1a: Staraptor|31/100
|-damage|p1b: Camerupt|77/100
|cant|p1a: Staraptor|flinch
|
|upkeep
|turn|3
|
|t:|1785154504
|detailschange|p1b: Camerupt|Camerupt-Mega, L50, M
|-mega|p1b: Camerupt|Camerupt|Cameruptite
|move|p1b: Camerupt|Ancient Power|p2b: Aerodactyl
|-supereffective|p2b: Aerodactyl|1
|-damage|p2b: Aerodactyl|10/100
|move|p2a: Kommo-o|Clangorous Soul|p2a: Kommo-o
|-boost|p2a: Kommo-o|atk|1
|-boost|p2a: Kommo-o|def|1
|-boost|p2a: Kommo-o|spa|1
|-boost|p2a: Kommo-o|spd|1
|-boost|p2a: Kommo-o|spe|1
|-damage|p2a: Kommo-o|67/100
|move|p2b: Aerodactyl|Rock Slide|p1a: Staraptor|[spread] p1a,p1b
|-supereffective|p1a: Staraptor|1
|-damage|p1a: Staraptor|0 fnt
|-damage|p1b: Camerupt|60/100
|faint|p1a: Staraptor
|
|-heal|p2a: Kommo-o|73/100|[from] item: Leftovers
|upkeep
|inactive|jomivgc has 30 seconds left.
|
|t:|1785154535
|switch|p1a: Vanilluxe|Vanilluxe, L50, M|100/100
|-weather|Snowscape|[from] ability: Snow Warning|[of] p1a: Vanilluxe
|turn|4
|
|t:|1785154542
|move|p2a: Kommo-o|Protect|p2a: Kommo-o
|-singleturn|p2a: Kommo-o|Protect
|move|p1b: Camerupt|Earth Power|p2a: Kommo-o
|-activate|p2a: Kommo-o|move: Protect
|move|p1a: Vanilluxe|Blizzard|p2a: Kommo-o|[spread] p2b
|-activate|p2a: Kommo-o|move: Protect
|-supereffective|p2b: Aerodactyl|1
|-damage|p2b: Aerodactyl|0 fnt
|faint|p2b: Aerodactyl
|
|-weather|Snowscape|[upkeep]
|-heal|p2a: Kommo-o|79/100|[from] item: Leftovers
|upkeep
|
|t:|1785154552
|switch|p2b: Tyranitar|Tyranitar, L50, F|100/100
|-weather|Sandstorm|[from] ability: Sand Stream|[of] p2b: Tyranitar
|turn|5
|
|t:|1785154568
|detailschange|p2b: Tyranitar|Tyranitar-Mega, L50, F
|-mega|p2b: Tyranitar|Tyranitar|Tyranitarite
|move|p1b: Camerupt|Earth Power|p2a: Kommo-o
|-damage|p2a: Kommo-o|37/100
|move|p1a: Vanilluxe|Freeze-Dry|p2a: Kommo-o
|-supereffective|p2a: Kommo-o|1
|-damage|p2a: Kommo-o|0 fnt
|faint|p2a: Kommo-o
|move|p2b: Tyranitar|Rock Slide|p1b: Camerupt|[spread] p1a,p1b
|-supereffective|p1a: Vanilluxe|1
|-damage|p1a: Vanilluxe|19/100
|-damage|p1b: Camerupt|27/100
|
|-weather|Sandstorm|[upkeep]
|-damage|p1a: Vanilluxe|12/100|[from] Sandstorm
|-fieldend|move: Trick Room
|upkeep
|
|t:|1785154581
|switch|p2a: Sinistcha|Sinistcha, L50|37/100
|turn|6
|
|t:|1785154606
|move|p1a: Vanilluxe|Ice Shard|p2a: Sinistcha
|-supereffective|p2a: Sinistcha|1
|-damage|p2a: Sinistcha|10/100
|move|p2b: Tyranitar|Rock Slide|p1a: Vanilluxe|[spread] p1a,p1b
|-supereffective|p1a: Vanilluxe|1
|-damage|p1a: Vanilluxe|0 fnt
|-damage|p1b: Camerupt|0 fnt
|faint|p1a: Vanilluxe
|faint|p1b: Camerupt
|move|p2a: Sinistcha|Life Dew||[still]|[spread] p2a,p2b
|-heal|p2a: Sinistcha|35/100
|-fail|p2b: Tyranitar|heal
|
|-weather|Sandstorm|[upkeep]
|-damage|p2a: Sinistcha|29/100|[from] Sandstorm
|upkeep
|
|t:|1785154613
|switch|p1b: Farigiraf|Farigiraf, L50, F|100/100
|turn|7
|-message|jomivgc forfeited.
|
|win|HopsVGC
