|j|☆CALAMELLA
|j|☆BravitoRito
|html|CALAMELLABravitoRito    
|uhtml|bestof|Game 2 of a best-of-3
|t:|1782228120
|gametype|doubles
|player|p1|CALAMELLA|li|1113
|player|p2|BravitoRito|striker|1103
|gen|9
|tier|[Gen 9 Champions] VGC 2026 Reg M-B (Bo3)
|rated|
|rule|Species Clause: Limit one of each Pokémon
|rule|Item Clause: Limit 1 of each item
|clearpoke
|poke|p1|Archaludon, L50, F|
|poke|p1|Pelipper, L50, M|
|poke|p1|Grimmsnarl, L50, M|
|poke|p1|Sylveon, L50, M|
|poke|p1|Metagross, L50|
|poke|p1|Swampert, L50, F|
|poke|p2|Dragonite, L50, F|
|poke|p2|Basculegion, L50, M|
|poke|p2|Scizor, L50, M|
|poke|p2|Archaludon, L50, F|
|poke|p2|Pelipper, L50, M|
|poke|p2|Incineroar, L50, M|
|teampreview|4
|showteam|p1|Archaludon||Leftovers|Stamina|Protect,ElectroShot,DragonPulse,AuraSphere|Modest||F|||50|]Pelipper||DampRock|Drizzle|WeatherBall,Hurricane,WideGuard,Tailwind|Modest||M|||50|]Grimmsnarl||LightClay|Prankster|SpiritBreak,LightScreen,Reflect,PartingShot|Careful||M|||50|]Sylveon||FairyFeather|Pixilate|HyperVoice,HyperBeam,QuickAttack,Detect|Modest||M|||50|]Metagross||Metagrossite|ClearBody|IronHead,RockSlide,PsychicFangs,Protect|Adamant|||||50|]Swampert||Swampertite|Torrent|WaveCrash,Earthquake,RockTomb,Protect|Adamant||F|||50|
|showteam|p2|Dragonite||Dragoninite|InnerFocus|DragonPulse,Flamethrower,Tailwind,Protect|Timid||F|||50|]Basculegion||ChoiceScarf|Adaptability|WaveCrash,LastRespects,AquaJet,FlipTurn|Jolly||M|||50|]Scizor||Scizorite|Technician|BulletPunch,CloseCombat,SwordsDance,Protect|Adamant||M|||50|]Archaludon||ChopleBerry|Stamina|ElectroShot,DragonPulse,AuraSphere,Protect|Timid||F|||50|]Pelipper||FocusSash|Drizzle|Hurricane,WeatherBall,Tailwind,Protect|Bold||M|||50|]Incineroar||SitrusBerry|Intimidate|FakeOut,FlareBlitz,ThroatChop,PartingShot|Adamant||M|||50|
|
|t:|1782228161
|teamsize|p1|4
|teamsize|p2|4
|start
|switch|p1a: Grimmsnarl|Grimmsnarl, L50, M|100/100
|switch|p1b: Sylveon|Sylveon, L50, M|100/100
|switch|p2a: Pelipper|Pelipper, L50, M|100/100
|switch|p2b: Archaludon|Archaludon, L50, F|100/100
|-weather|RainDance|[from] ability: Drizzle|[of] p2a: Pelipper
|turn|1
|inactive|Battle timer is ON: inactive players will automatically lose when time's up. (requested by BravitoRito)
|
|t:|1782228192
|move|p1a: Grimmsnarl|Light Screen|p1a: Grimmsnarl
|-sidestart|p1: CALAMELLA|move: Light Screen
|move|p2b: Archaludon|Electro Shot||[still]
|-prepare|p2b: Archaludon|Electro Shot
|-boost|p2b: Archaludon|spa|1
|-anim|p2b: Archaludon|Electro Shot|p1b: Sylveon
|-damage|p1b: Sylveon|67/100
|move|p1b: Sylveon|Hyper Beam|p2b: Archaludon
|-damage|p2b: Archaludon|0 fnt
|-mustrecharge|p1b: Sylveon
|faint|p2b: Archaludon
|move|p2a: Pelipper|Tailwind|p2a: Pelipper
|-sidestart|p2: BravitoRito|move: Tailwind
|
|-weather|RainDance|[upkeep]
|upkeep
|inactive|BravitoRito has 30 seconds left.
|
|t:|1782228218
|switch|p2b: Scizor|Scizor, L50, M|100/100
|turn|2
|
|t:|1782228226
|move|p1a: Grimmsnarl|Reflect|p1a: Grimmsnarl
|-sidestart|p1: CALAMELLA|Reflect
|move|p2b: Scizor|Swords Dance|p2b: Scizor
|-boost|p2b: Scizor|atk|2
|move|p2a: Pelipper|Weather Ball|p1a: Grimmsnarl
|-damage|p1a: Grimmsnarl|71/100
|cant|p1b: Sylveon|recharge
|
|-weather|RainDance|[upkeep]
|upkeep
|turn|3
|
|t:|1782228240
|detailschange|p2b: Scizor|Scizor-Mega, L50, M
|-mega|p2b: Scizor|Scizor|Scizorite
|move|p1b: Sylveon|Detect|p1b: Sylveon
|-singleturn|p1b: Sylveon|Protect
|move|p2b: Scizor|Bullet Punch|p1b: Sylveon
|-activate|p1b: Sylveon|move: Protect
|move|p1a: Grimmsnarl|Parting Shot|p2b: Scizor
|-unboost|p2b: Scizor|atk|1
|-unboost|p2b: Scizor|spa|1
|
|t:|1782228253
|switch|p1a: Swampert|Swampert, L50, F|100/100|[from] Parting Shot
|move|p2a: Pelipper|Hurricane|p1b: Sylveon
|-activate|p1b: Sylveon|move: Protect
|
|-weather|RainDance|[upkeep]
|upkeep
|turn|4
|
|t:|1782228273
|switch|p1b: Archaludon|Archaludon, L50, F|100/100
|detailschange|p1a: Swampert|Swampert-Mega, L50, F
|-mega|p1a: Swampert|Swampert|Swampertite
|move|p2b: Scizor|Bullet Punch|p1b: Archaludon
|-resisted|p1b: Archaludon|1
|-damage|p1b: Archaludon|85/100
|-ability|p1b: Archaludon|Stamina|boost
|-boost|p1b: Archaludon|def|1
|move|p1a: Swampert|Wave Crash|p2b: Scizor
|-damage|p2b: Scizor|16/100
|-damage|p1a: Swampert|74/100|[from] Recoil
|move|p2a: Pelipper|Hurricane|p1a: Swampert
|-damage|p1a: Swampert|52/100
|-start|p1a: Swampert|confusion
|
|-weather|RainDance|[upkeep]
|-heal|p1b: Archaludon|91/100|[from] item: Leftovers
|-sideend|p2: BravitoRito|move: Tailwind
|upkeep
|turn|5
|inactive|BravitoRito has 30 seconds left.
|
|t:|1782228308
|-activate|p1a: Swampert|confusion
|-damage|p1a: Swampert|37/100|[from] confusion
|move|p1b: Archaludon|Electro Shot||[still]
|-prepare|p1b: Archaludon|Electro Shot
|-boost|p1b: Archaludon|spa|1
|-anim|p1b: Archaludon|Electro Shot|p2a: Pelipper
|-supereffective|p2a: Pelipper|2
|-crit|p2a: Pelipper
|-enditem|p2a: Pelipper|Focus Sash
|-damage|p2a: Pelipper|1/100
|move|p2b: Scizor|Swords Dance|p2b: Scizor
|-boost|p2b: Scizor|atk|2
|move|p2a: Pelipper|Tailwind|p2a: Pelipper
|-sidestart|p2: BravitoRito|move: Tailwind
|
|-weather|none
|-heal|p1b: Archaludon|97/100|[from] item: Leftovers
|upkeep
|turn|6
|inactive|BravitoRito has 30 seconds left.
|
|t:|1782228333
|move|p2b: Scizor|Close Combat|p1b: Archaludon
|-supereffective|p1b: Archaludon|1
|-damage|p1b: Archaludon|20/100y
|-unboost|p2b: Scizor|def|1
|-unboost|p2b: Scizor|spd|1
|-ability|p1b: Archaludon|Stamina|boost
|-boost|p1b: Archaludon|def|1
|move|p2a: Pelipper|Hurricane|p1a: Swampert
|-damage|p1a: Swampert|17/100
|-end|p1a: Swampert|confusion
|move|p1a: Swampert|Wave Crash|p2b: Scizor
|-damage|p2b: Scizor|0 fnt
|faint|p2b: Scizor
|-damage|p1a: Swampert|12/100|[from] Recoil
|move|p1b: Archaludon|Dragon Pulse|p2a: Pelipper
|-damage|p2a: Pelipper|0 fnt
|faint|p2a: Pelipper
|
|-heal|p1b: Archaludon|26/100|[from] item: Leftovers
|upkeep
|
|t:|1782228346
|switch|p2b: Incineroar|Incineroar, L50, M|100/100
|-ability|p2b: Incineroar|Intimidate|boost
|-unboost|p1a: Swampert|atk|1
|-unboost|p1b: Archaludon|atk|1
|turn|7
|
|t:|1782228355
|switch|p1a: Grimmsnarl|Grimmsnarl, L50, M|71/100
|move|p1b: Archaludon|Protect|p1b: Archaludon
|-singleturn|p1b: Archaludon|Protect
|move|p2b: Incineroar|Fake Out|p1a: Grimmsnarl
|-damage|p1a: Grimmsnarl|60/100
|
|-heal|p1b: Archaludon|32/100|[from] item: Leftovers
|upkeep
|turn|8
|inactive|BravitoRito has 30 seconds left.
|-message|BravitoRito forfeited.
|
|win|CALAMELLA
|l|☆BravitoRito
|player|p2|
||CALAMELLA is ready for game 3.
||BravitoRito is ready for game 3.
|uhtml|next|Next: Game 3 of 3
