|j|☆Novacast
|j|☆redvelvetash
|html|Novacastredvelvetash    
|uhtml|bestof|Game 3 of a best-of-3
|t:|1782320676
|gametype|doubles
|player|p1|Novacast|101|1094
|player|p2|redvelvetash|lance|1051
|gen|9
|tier|[Gen 9 Champions] VGC 2026 Reg M-B (Bo3)
|rated|
|rule|Species Clause: Limit one of each Pokémon
|rule|Item Clause: Limit 1 of each item
|clearpoke
|poke|p1|Swampert, L50, M|
|poke|p1|Pelipper, L50, M|
|poke|p1|Hydreigon, L50, M|
|poke|p1|Sinistcha, L50|
|poke|p1|Metagross, L50|
|poke|p1|Sneasler, L50, F|
|poke|p2|Tyranitar, L50, M|
|poke|p2|Meganium, L50, F|
|poke|p2|Corviknight, L50, F|
|poke|p2|Sinistcha, L50|
|poke|p2|Grimmsnarl, L50, M|
|poke|p2|Garchomp, L50, F|
|teampreview|4
|showteam|p1|Swampert||Swampertite|Torrent|Protect,WaveCrash,HighHorsepower,Earthquake|Adamant||M|||50|]Pelipper||SitrusBerry|Drizzle|Protect,WeatherBall,Hurricane,Tailwind|Modest||M|||50|]Hydreigon||ChoiceScarf|Levitate|DracoMeteor,DarkPulse,Snarl,EarthPower|Modest||M|||50|]Sinistcha||KasibBerry|Hospitality|Protect,MatchaGotcha,RagePowder,TrickRoom|Bold|||||50|]Metagross||Metagrossite|ClearBody|Protect,MeteorMash,PsychicFangs,BulletPunch|Adamant|||||50|]Sneasler||FocusSash|Unburden|CloseCombat,DireClaw,QuickGuard,FakeOut|Jolly||F|||50|
|showteam|p2|Tyranitar||Tyranitarite|SandStream|RockSlide,KnockOff,IcePunch,Protect|Adamant||M|||50|]Meganium||Meganiumite|LeafGuard|SolarBeam,DazzlingGleam,WeatherBall,Protect|Modest||F|||50|]Corviknight||Leftovers|MirrorArmor|IronHead,BraveBird,Tailwind,Taunt|Careful||F|||50|]Sinistcha||CobaBerry|Hospitality|MatchaGotcha,RagePowder,TrickRoom,LifeDew|Sassy|||||50|]Grimmsnarl||LightClay|Prankster|SpiritBreak,Taunt,LightScreen,Reflect|Careful||M|||50|]Garchomp||HabanBerry|RoughSkin|DragonClaw,Earthquake,RockSlide,Protect|Adamant||F|||50|
|inactive|Battle timer is ON: inactive players will automatically lose when time's up. (requested by Novacast)
|inactive|redvelvetash has 60 seconds left.
|inactive|redvelvetash has 30 seconds left.
|inactive|redvelvetash has 20 seconds left.
|inactive|redvelvetash has 15 seconds left.
|inactive|redvelvetash has 10 seconds left.
|
|t:|1782320774
|teamsize|p1|4
|teamsize|p2|4
|start
|switch|p1a: Metagross|Metagross, L50|100/100
|switch|p1b: Hydreigon|Hydreigon, L50, M|100/100
|switch|p2a: Garchomp|Garchomp, L50, F|100/100
|switch|p2b: Tyranitar|Tyranitar, L50, M|100/100
|-weather|Sandstorm|[from] ability: Sand Stream|[of] p2b: Tyranitar
|turn|1
|
|t:|1782320799
|detailschange|p1a: Metagross|Metagross-Mega, L50
|-mega|p1a: Metagross|Metagross|Metagrossite
|detailschange|p2b: Tyranitar|Tyranitar-Mega, L50, M
|-mega|p2b: Tyranitar|Tyranitar|Tyranitarite
|move|p1b: Hydreigon|Draco Meteor|p2a: Garchomp
|-supereffective|p2a: Garchomp|1
|-enditem|p2a: Garchomp|Haban Berry|[eat]
|-enditem|p2a: Garchomp|Haban Berry|[weaken]
|-damage|p2a: Garchomp|33/100
|-unboost|p1b: Hydreigon|spa|2
|move|p1a: Metagross|Meteor Mash|p2b: Tyranitar
|-supereffective|p2b: Tyranitar|1
|-damage|p2b: Tyranitar|15/100
|move|p2a: Garchomp|Dragon Claw|p1b: Hydreigon
|-supereffective|p1b: Hydreigon|1
|-damage|p1b: Hydreigon|0 fnt
|faint|p1b: Hydreigon
|move|p2b: Tyranitar|Knock Off|p1a: Metagross
|-supereffective|p1a: Metagross|1
|-damage|p1a: Metagross|42/100
|
|-weather|Sandstorm|[upkeep]
|upkeep
|
|t:|1782320806
|switch|p1b: Sinistcha|Sinistcha, L50|100/100
|-heal|p1a: Metagross|67/100|[from] ability: Hospitality|[of] p1b: Sinistcha
|turn|2
|
|t:|1782320826
|switch|p2a: Sinistcha|Sinistcha, L50|100/100
|-heal|p2b: Tyranitar|40/100|[from] ability: Hospitality|[of] p2a: Sinistcha
|move|p1a: Metagross|Protect|p1a: Metagross
|-singleturn|p1a: Metagross|Protect
|move|p2b: Tyranitar|Protect|p2b: Tyranitar
|-singleturn|p2b: Tyranitar|Protect
|move|p1b: Sinistcha|Matcha Gotcha|p2b: Tyranitar|[spread] p2a
|-activate|p2b: Tyranitar|move: Protect
|-resisted|p2a: Sinistcha|1
|-damage|p2a: Sinistcha|89/100
|
|-weather|Sandstorm|[upkeep]
|-damage|p1b: Sinistcha|93/100|[from] Sandstorm
|-damage|p2a: Sinistcha|83/100|[from] Sandstorm
|upkeep
|turn|3
|inactive|redvelvetash has 30 seconds left.
|inactive|redvelvetash has 20 seconds left.
|inactive|redvelvetash has 15 seconds left.
|
|t:|1782320867
|switch|p1b: Sneasler|Sneasler, L50, F|100/100
|move|p2a: Sinistcha|Rage Powder|p2a: Sinistcha
|-singleturn|p2a: Sinistcha|move: Rage Powder
|move|p1a: Metagross|Meteor Mash|p2a: Sinistcha
|-damage|p2a: Sinistcha|25/100
|move|p2b: Tyranitar|Knock Off|p1b: Sneasler
|-resisted|p1b: Sneasler|1
|-crit|p1b: Sneasler
|-damage|p1b: Sneasler|23/100
|-enditem|p1b: Sneasler|Focus Sash|[from] move: Knock Off|[of] p2b: Tyranitar
|
|-weather|Sandstorm|[upkeep]
|-damage|p1b: Sneasler|17/100|[from] Sandstorm
|-damage|p2a: Sinistcha|19/100|[from] Sandstorm
|upkeep
|turn|4
|inactive|redvelvetash has 30 seconds left.
|inactive|redvelvetash has 20 seconds left.
|inactive|redvelvetash has 15 seconds left.
|inactive|redvelvetash has 10 seconds left.
|inactive|redvelvetash has 5 seconds left.
|
|t:|1782320920
|move|p2a: Sinistcha|Rage Powder|p2a: Sinistcha
|-singleturn|p2a: Sinistcha|move: Rage Powder
|move|p1a: Metagross|Bullet Punch|p2a: Sinistcha
|-damage|p2a: Sinistcha|0 fnt
|faint|p2a: Sinistcha
|move|p1b: Sneasler|Close Combat|p2b: Tyranitar
|-supereffective|p2b: Tyranitar|2
|-damage|p2b: Tyranitar|0 fnt
|-unboost|p1b: Sneasler|def|1
|-unboost|p1b: Sneasler|spd|1
|faint|p2b: Tyranitar
|
|-weather|Sandstorm|[upkeep]
|-damage|p1b: Sneasler|12/100|[from] Sandstorm
|upkeep
|
|t:|1782320932
|switch|p2b: Grimmsnarl|Grimmsnarl, L50, M|100/100
|switch|p2a: Garchomp|Garchomp, L50, F|33/100
|turn|5
|
|t:|1782320948
|move|p1a: Metagross|Protect|p1a: Metagross
|-singleturn|p1a: Metagross|Protect
|move|p2b: Grimmsnarl|Reflect|p2b: Grimmsnarl
|-sidestart|p2: redvelvetash|Reflect
|move|p1b: Sneasler|Close Combat|p2a: Garchomp
|-damage|p2a: Garchomp|0 fnt
|-unboost|p1b: Sneasler|def|1
|-unboost|p1b: Sneasler|spd|1
|-damage|p1b: Sneasler|0 fnt|[from] ability: Rough Skin|[of] p2a: Garchomp
|faint|p2a: Garchomp
|faint|p1b: Sneasler
|
|-weather|none
|upkeep
|
|t:|1782320950
|switch|p1b: Sinistcha|Sinistcha, L50|93/100
|-heal|p1a: Metagross|92/100|[from] ability: Hospitality|[of] p1b: Sinistcha
|turn|6
|inactive|redvelvetash has 30 seconds left.
|inactive|redvelvetash has 20 seconds left.
|
|t:|1782320986
|move|p1a: Metagross|Meteor Mash|p2b: Grimmsnarl
|-supereffective|p2b: Grimmsnarl|1
|-damage|p2b: Grimmsnarl|6/100
|move|p1b: Sinistcha|Matcha Gotcha|p2b: Grimmsnarl
|-damage|p2b: Grimmsnarl|0 fnt
|-heal|p1b: Sinistcha|97/100|[from] drain|[of] p2b: Grimmsnarl
|faint|p2b: Grimmsnarl
|
|win|Novacast
|raw|Novacast's rating: 1094 → 1117(+23 for winning)
|raw|redvelvetash's rating: 1051 → 1036(-15 for losing)
