|j|☆Zacharykeith
|j|☆zach_lucius
|html|Zacharykeithzach_lucius    
|uhtml|bestof|Game 3 of a best-of-3
|t:|1757708757
|gametype|doubles
|player|p1|Zacharykeith|fisherman-gen4|1167
|player|p2|zach_lucius|briar|1244
|gen|9
|tier|[Gen 9] VGC 2025 Reg H (Bo3)
|rated|
|rule|Species Clause: Limit one of each Pokémon
|rule|Item Clause: Limit 1 of each item
|clearpoke
|poke|p1|Zoroark-Hisui, L50, F|
|poke|p1|Kingambit, L50, M|
|poke|p1|Sneasler, L50, F|
|poke|p1|Rillaboom, L50, M|
|poke|p1|Primarina, L50, F|
|poke|p1|Electabuzz, L50, M|
|poke|p2|Indeedee-F, L50, F|
|poke|p2|Sneasler, L50, M|
|poke|p2|Armarouge, L50, F|
|poke|p2|Torkoal, L50, F|
|poke|p2|Lilligant-Hisui, L50, F|
|poke|p2|Gallade, L50, M|
|teampreview|4
|showteam|p1|Zoroark-Hisui||FocusSash|Illusion|HyperVoice,ShadowBall,WillOWisp,Protect|||F|||50|,,,,,Normal]Kingambit||BlackGlasses|Defiant|SuckerPunch,KowtowCleave,SwordsDance,Protect|||M|||50|,,,,,Dark]Sneasler||WhiteHerb|Unburden|DireClaw,CloseCombat,Coaching,Protect|||F|||50|,,,,,Stellar]Rillaboom||AssaultVest|GrassySurge|FakeOut,GrassyGlide,WoodHammer,Uturn|||M|||50|,,,,,Fire]Primarina||ThroatSpray|LiquidVoice|HyperVoice,Moonblast,Haze,Protect|||F|||50|,,,,,Poison]Electabuzz||Eviolite|VitalSpirit|Electroweb,Taunt,FollowMe,Protect|||M|||50|,,,,,Ghost
|showteam|p2|Indeedee-F||SafetyGoggles|PsychicSurge|Psychic,HelpingHand,FollowMe,TrickRoom|||F|||50|,,,,,Fairy]Sneasler||PsychicSeed|Unburden|DireClaw,CloseCombat,ThroatChop,Protect|||M|||50|,,,,,Dark]Armarouge||LifeOrb|FlashFire|ExpandingForce,ArmorCannon,TrickRoom,Protect|||F|||50|,,,,,Grass]Torkoal||Charcoal|Drought|Eruption,WeatherBall,ClearSmog,Protect|||F|||50|,,,,,Fire]Lilligant-Hisui||FocusSash|Chlorophyll|CloseCombat,SolarBlade,IceSpinner,AfterYou|||F|||50|,,,,,Ghost]Gallade||ClearAmulet|Sharpness|SacredSword,PsychoCut,WideGuard,TrickRoom|||M|||50|,,,,,Steel
|
|t:|1757708776
|teamsize|p1|4
|teamsize|p2|4
|start
|switch|p1a: Kingambit|Kingambit, L50, M|100/100
|switch|p1b: Rillaboom|Rillaboom, L50, M|100/100
|switch|p2a: Torkoal|Torkoal, L50, F|100/100
|switch|p2b: Lilligant|Lilligant-Hisui, L50, F|100/100
|-fieldstart|move: Grassy Terrain|[from] ability: Grassy Surge|[of] p1b: Rillaboom
|-weather|SunnyDay|[from] ability: Drought|[of] p2a: Torkoal
|turn|1
|
|t:|1757708819
|switch|p2a: Indeedee|Indeedee-F, L50, F|100/100
|-fieldstart|move: Psychic Terrain|[from] ability: Psychic Surge|[of] p2a: Indeedee
|-terastallize|p2b: Lilligant|Ghost
|move|p1a: Kingambit|Protect|p1a: Kingambit
|-singleturn|p1a: Kingambit|Protect
|move|p2b: Lilligant|Solar Blade||[still]
|-prepare|p2b: Lilligant|Solar Blade
|-anim|p2b: Lilligant|Solar Blade|p1a: Kingambit
|-activate|p1a: Kingambit|move: Protect
|move|p1b: Rillaboom|U-turn|p2b: Lilligant
|-resisted|p2b: Lilligant
|-damage|p2b: Lilligant|82/100
|
|t:|1757708834
|switch|p1b: Electabuzz|Electabuzz, L50, M|100/100|[from] U-turn
|
|-weather|SunnyDay|[upkeep]
|upkeep
|turn|2
|
|t:|1757708846
|move|p1b: Electabuzz|Follow Me|p1b: Electabuzz
|-singleturn|p1b: Electabuzz|move: Follow Me
|move|p2b: Lilligant|Solar Blade||[still]
|-prepare|p2b: Lilligant|Solar Blade
|-anim|p2b: Lilligant|Solar Blade|p1b: Electabuzz
|-damage|p1b: Electabuzz|61/100
|move|p1a: Kingambit|Kowtow Cleave|p2b: Lilligant
|-supereffective|p2b: Lilligant
|-damage|p2b: Lilligant|0 fnt
|faint|p2b: Lilligant
|move|p2a: Indeedee|Trick Room|p2a: Indeedee
|-fieldstart|move: Trick Room|[of] p2a: Indeedee
|
|-weather|SunnyDay|[upkeep]
|upkeep
|
|t:|1757708855
|switch|p2b: Torkoal|Torkoal, L50, F|100/100
|turn|3
|
|t:|1757708889
|-terastallize|p1a: Kingambit|Dark
|move|p2a: Indeedee|Helping Hand|p2b: Torkoal
|-singleturn|p2b: Torkoal|Helping Hand|[of] p2a: Indeedee
|move|p2b: Torkoal|Eruption|p1a: Kingambit|[spread] p1a,p1b
|-damage|p1a: Kingambit|0 fnt
|-damage|p1b: Electabuzz|0 fnt
|faint|p1a: Kingambit
|faint|p1b: Electabuzz
|
|-weather|SunnyDay|[upkeep]
|upkeep
|
|t:|1757708899
|switch|p1a: Primarina|Primarina, L50, F|100/100
|switch|p1b: Rillaboom|Rillaboom, L50, M|100/100
|-fieldstart|move: Grassy Terrain|[from] ability: Grassy Surge|[of] p1b: Rillaboom
|turn|4
|
|t:|1757708913
|move|p2b: Torkoal|Protect|p2b: Torkoal
|-singleturn|p2b: Torkoal|Protect
|move|p1b: Rillaboom|Fake Out|p2b: Torkoal
|-activate|p2b: Torkoal|move: Protect
|move|p1a: Primarina|Hyper Voice|p2b: Torkoal|[spread] p2a
|-activate|p2b: Torkoal|move: Protect
|-damage|p2a: Indeedee|85/100
|-enditem|p1a: Primarina|Throat Spray
|-boost|p1a: Primarina|spa|1|[from] item: Throat Spray
|move|p2a: Indeedee|Psychic|p1a: Primarina
|-damage|p1a: Primarina|76/100
|
|-weather|SunnyDay|[upkeep]
|-heal|p2a: Indeedee|91/100|[from] Grassy Terrain
|-heal|p1a: Primarina|82/100|[from] Grassy Terrain
|upkeep
|turn|5
|
|t:|1757708930
|move|p2a: Indeedee|Helping Hand|p2b: Torkoal
|-singleturn|p2b: Torkoal|Helping Hand|[of] p2a: Indeedee
|move|p2b: Torkoal|Eruption|p1a: Primarina|[spread] p1a,p1b
|-resisted|p1a: Primarina
|-supereffective|p1b: Rillaboom
|-damage|p1a: Primarina|23/100
|-damage|p1b: Rillaboom|0 fnt
|faint|p1b: Rillaboom
|move|p1a: Primarina|Hyper Voice|p2b: Torkoal|[spread] p2a,p2b
|-supereffective|p2b: Torkoal
|-damage|p2a: Indeedee|71/100
|-damage|p2b: Torkoal|32/100
|
|-weather|none
|-heal|p2b: Torkoal|38/100|[from] Grassy Terrain
|-heal|p2a: Indeedee|77/100|[from] Grassy Terrain
|-heal|p1a: Primarina|29/100|[from] Grassy Terrain
|upkeep
|turn|6
|
|t:|1757708945
|move|p1a: Primarina|Protect|p1a: Primarina
|-singleturn|p1a: Primarina|Protect
|move|p2b: Torkoal|Clear Smog|p1a: Primarina
|-activate|p1a: Primarina|move: Protect
|move|p2a: Indeedee|Psychic|p1a: Primarina
|-activate|p1a: Primarina|move: Protect
|
|-heal|p2b: Torkoal|44/100|[from] Grassy Terrain
|-heal|p1a: Primarina|35/100|[from] Grassy Terrain
|-heal|p2a: Indeedee|83/100|[from] Grassy Terrain
|-fieldend|move: Trick Room
|upkeep
|turn|7
|
|t:|1757708954
|move|p2a: Indeedee|Psychic|p1a: Primarina
|-damage|p1a: Primarina|11/100
|move|p1a: Primarina|Hyper Voice|p2b: Torkoal|[spread] p2a,p2b
|-supereffective|p2b: Torkoal
|-damage|p2a: Indeedee|40/100
|-damage|p2b: Torkoal|0 fnt
|faint|p2b: Torkoal
|
|-heal|p1a: Primarina|17/100|[from] Grassy Terrain
|-heal|p2a: Indeedee|46/100|[from] Grassy Terrain
|upkeep
|
|t:|1757708959
|switch|p2b: Sneasler|Sneasler, L50, M|100/100
|turn|8
|-message|Zacharykeith forfeited.
|
|win|zach_lucius
|raw|Zacharykeith's rating: 1167 → 1147(-20 for losing)
|raw|zach_lucius's rating: 1244 → 1264(+20 for winning)
