|j|☆mario16172005
|j|☆lstdnce
|html|mario16172005lstdnce    
|uhtml|bestof|Game 2 of a best-of-3
|t:|1756574515
|gametype|doubles
|player|p1|mario16172005|workerice|1142
|player|p2|lstdnce|2|1177
|gen|9
|tier|[Gen 9] VGC 2025 Reg H (Bo3)
|rated|
|rule|Species Clause: Limit one of each Pokémon
|rule|Item Clause: Limit 1 of each item
|clearpoke
|poke|p1|Excadrill, L50, F|
|poke|p1|Tyranitar, L50, F|
|poke|p1|Dragonite, L50, F|
|poke|p1|Indeedee-F, L50, F|
|poke|p1|Gholdengo, L50|
|poke|p1|Sneasler, L50, M|
|poke|p2|Arcanine-Hisui, L50, F|
|poke|p2|Salamence, L50, M|
|poke|p2|Gholdengo, L50|
|poke|p2|Ursaluna-Bloodmoon, L50, M|
|poke|p2|Electabuzz, L50, M|
|poke|p2|Rillaboom, L50, F|
|teampreview|4
|showteam|p1|Excadrill||FocusSash|SandRush|Earthquake,HighHorsepower,IronHead,Protect|||F|||50|,,,,,Stellar]Tyranitar||AssaultVest|SandStream|KnockOff,RockSlide,LowKick,TeraBlast|||F|||50|,,,,,Flying]Dragonite||LoadedDice|Multiscale|ScaleShot,Tailwind,Haze,Protect|||F|||50|,,,,,Fairy]Indeedee-F||PsychicSeed|PsychicSurge|Psychic,Imprison,TrickRoom,Protect|||F|||50|,,,,,Psychic]Gholdengo||LifeOrb|GoodasGold|MakeItRain,ShadowBall,NastyPlot,Protect||||||50|,,,,,Water]Sneasler||WhiteHerb|Unburden|DireClaw,CloseCombat,Coaching,FakeOut|||M|||50|,,,,,Flying
|showteam|p2|Arcanine-Hisui||ChoiceBand|RockHead|FlareBlitz,RockSlide,HeadSmash,ExtremeSpeed|||F|||50|,,,,,Ghost]Salamence||RockyHelmet|Intimidate|Tailwind,DracoMeteor,AirSlash,Roost|||M|||50|,,,,,Steel]Gholdengo||Leftovers|GoodasGold|MakeItRain,ShadowBall,NastyPlot,Protect||||||50|,,,,,Dragon]Ursaluna-Bloodmoon||LifeOrb|MindsEye|Protect,HyperVoice,EarthPower,BloodMoon|||M|||50|,,,,,Normal]Electabuzz||Eviolite|VitalSpirit|Protect,Electroweb,Taunt,FollowMe|||M|||50|,,,,,Dragon]Rillaboom||AssaultVest|GrassySurge|FakeOut,WoodHammer,Uturn,GrassyGlide|||F|||50|,,,,,Fire
|
|t:|1756574543
|teamsize|p1|4
|teamsize|p2|4
|start
|switch|p1a: Tyranitar|Tyranitar, L50, F, shiny|100/100
|switch|p1b: Excadrill|Excadrill, L50, F|100/100
|switch|p2a: Electabuzz|Electabuzz, L50, M|100/100
|switch|p2b: Gholdengo|Gholdengo, L50|100/100
|-weather|Sandstorm|[from] ability: Sand Stream|[of] p1a: Tyranitar
|turn|1
|
|t:|1756574561
|switch|p2a: Salamence|Salamence, L50, M|100/100
|-ability|p2a: Salamence|Intimidate|boost
|-unboost|p1a: Tyranitar|atk|1
|-unboost|p1b: Excadrill|atk|1
|move|p2b: Gholdengo|Protect|p2b: Gholdengo
|-singleturn|p2b: Gholdengo|Protect
|move|p1b: Excadrill|High Horsepower|p2a: Salamence
|-immune|p2a: Salamence
|move|p1a: Tyranitar|Knock Off|p2b: Gholdengo
|-activate|p2b: Gholdengo|move: Protect
|
|-weather|Sandstorm|[upkeep]
|-damage|p2a: Salamence|94/100|[from] Sandstorm
|upkeep
|turn|2
|
|t:|1756574591
|switch|p2a: Rillaboom|Rillaboom, L50, F|100/100
|-fieldstart|move: Grassy Terrain|[from] ability: Grassy Surge|[of] p2a: Rillaboom
|-terastallize|p2b: Gholdengo|Dragon
|move|p1b: Excadrill|High Horsepower|p2b: Gholdengo
|-damage|p2b: Gholdengo|61/100
|move|p2b: Gholdengo|Shadow Ball|p1b: Excadrill
|-damage|p1b: Excadrill|47/100
|move|p1a: Tyranitar|Rock Slide|p2a: Rillaboom|[spread] p2a,p2b
|-damage|p2a: Rillaboom|81/100
|-damage|p2b: Gholdengo|37/100
|
|-weather|Sandstorm|[upkeep]
|-damage|p2b: Gholdengo|31/100|[from] Sandstorm
|-damage|p2a: Rillaboom|75/100|[from] Sandstorm
|-heal|p1b: Excadrill|53/100|[from] Grassy Terrain
|-heal|p2b: Gholdengo|37/100|[from] Grassy Terrain
|-heal|p2b: Gholdengo|44/100|[from] item: Leftovers
|-heal|p2a: Rillaboom|81/100|[from] Grassy Terrain
|upkeep
|turn|3
|
|t:|1756574649
|switch|p1a: Indeedee|Indeedee-F, L50, F|100/100
|-fieldstart|move: Psychic Terrain|[from] ability: Psychic Surge|[of] p1a: Indeedee
|-enditem|p1a: Indeedee|Psychic Seed
|-boost|p1a: Indeedee|spd|1|[from] item: Psychic Seed
|-terastallize|p1b: Excadrill|Stellar
|move|p2b: Gholdengo|Protect|p2b: Gholdengo
|-singleturn|p2b: Gholdengo|Protect
|move|p1b: Excadrill|High Horsepower|p2b: Gholdengo
|-activate|p2b: Gholdengo|move: Protect
|move|p2a: Rillaboom|U-turn|p1a: Indeedee
|-supereffective|p1a: Indeedee
|-damage|p1a: Indeedee|46/100
|
|t:|1756574662
|switch|p2a: Salamence|Salamence, L50, M|94/100|[from] U-turn
|-ability|p2a: Salamence|Intimidate|boost
|-unboost|p1a: Indeedee|atk|1
|-unboost|p1b: Excadrill|atk|1
|
|-weather|Sandstorm|[upkeep]
|-damage|p2b: Gholdengo|37/100|[from] Sandstorm
|-damage|p2a: Salamence|88/100|[from] Sandstorm
|-damage|p1a: Indeedee|40/100|[from] Sandstorm
|-heal|p2b: Gholdengo|44/100|[from] item: Leftovers
|upkeep
|turn|4
|
|t:|1756574672
|switch|p2b: Rillaboom|Rillaboom, L50, F|81/100
|-fieldstart|move: Grassy Terrain|[from] ability: Grassy Surge|[of] p2b: Rillaboom
|move|p1b: Excadrill|High Horsepower|p2b: Rillaboom
|-resisted|p2b: Rillaboom
|-damage|p2b: Rillaboom|65/100
|move|p2a: Salamence|Tailwind|p2a: Salamence
|-sidestart|p2: lstdnce|move: Tailwind
|move|p1a: Indeedee|Psychic|p2a: Salamence
|-damage|p2a: Salamence|56/100
|
|-weather|Sandstorm|[upkeep]
|-damage|p2a: Salamence|50/100|[from] Sandstorm
|-damage|p2b: Rillaboom|59/100|[from] Sandstorm
|-damage|p1a: Indeedee|34/100|[from] Sandstorm
|-heal|p1b: Excadrill|59/100|[from] Grassy Terrain
|-heal|p2b: Rillaboom|65/100|[from] Grassy Terrain
|-heal|p1a: Indeedee|40/100|[from] Grassy Terrain
|upkeep
|turn|5
|
|t:|1756574692
|switch|p1a: Tyranitar|Tyranitar, L50, F, shiny|100/100
|move|p1b: Excadrill|Protect|p1b: Excadrill
|-singleturn|p1b: Excadrill|Protect
|move|p2a: Salamence|Roost|p2a: Salamence
|-heal|p2a: Salamence|100/100
|-singleturn|p2a: Salamence|move: Roost
|move|p2b: Rillaboom|U-turn|p1a: Tyranitar
|-supereffective|p1a: Tyranitar
|-damage|p1a: Tyranitar|58/100
|
|t:|1756574706
|switch|p2b: Gholdengo|Gholdengo, L50, tera:Dragon|44/100|[from] U-turn
|
|-weather|none
|-heal|p1b: Excadrill|65/100|[from] Grassy Terrain
|-heal|p2b: Gholdengo|50/100|[from] Grassy Terrain
|-heal|p2b: Gholdengo|56/100|[from] item: Leftovers
|-heal|p1a: Tyranitar|64/100|[from] Grassy Terrain
|upkeep
|turn|6
|
|t:|1756574738
|switch|p1b: Indeedee|Indeedee-F, L50, F|40/100
|-fieldstart|move: Psychic Terrain|[from] ability: Psychic Surge|[of] p1b: Indeedee
|move|p2b: Gholdengo|Make It Rain|p1a: Tyranitar|[spread] p1a,p1b
|-supereffective|p1a: Tyranitar
|-damage|p1a: Tyranitar|7/100
|-damage|p1b: Indeedee|0 fnt
|-unboost|p2b: Gholdengo|spa|1
|faint|p1b: Indeedee
|move|p2a: Salamence|Draco Meteor|p1a: Tyranitar
|-damage|p1a: Tyranitar|0 fnt
|-unboost|p2a: Salamence|spa|2
|faint|p1a: Tyranitar
|
|-heal|p2b: Gholdengo|62/100|[from] item: Leftovers
|upkeep
|
|t:|1756574747
|switch|p1a: Sneasler|Sneasler, L50, M|100/100
|switch|p1b: Excadrill|Excadrill, L50, F, tera:Stellar|65/100
|turn|7
|
|t:|1756574779
|switch|p2a: Electabuzz|Electabuzz, L50, M|100/100
|move|p2b: Gholdengo|Protect|p2b: Gholdengo
|-singleturn|p2b: Gholdengo|Protect
|move|p1a: Sneasler|Fake Out|p2a: Electabuzz
|-activate|p2a: Electabuzz|move: Psychic Terrain
|move|p1b: Excadrill|High Horsepower|p2b: Gholdengo
|-activate|p2b: Gholdengo|move: Protect
|
|-heal|p2b: Gholdengo|69/100|[from] item: Leftovers
|-sideend|p2: lstdnce|move: Tailwind
|upkeep
|turn|8
|inactive|Battle timer is ON: inactive players will automatically lose when time's up. (requested by lstdnce)
|
|t:|1756574804
|switch|p2b: Salamence|Salamence, L50, M|100/100
|-ability|p2b: Salamence|Intimidate|boost
|-unboost|p1a: Sneasler|atk|1
|-unboost|p1b: Excadrill|atk|1
|-enditem|p1a: Sneasler|White Herb
|-clearnegativeboost|p1a: Sneasler|[silent]
|move|p2a: Electabuzz|Protect|p2a: Electabuzz
|-singleturn|p2a: Electabuzz|Protect
|move|p1a: Sneasler|Coaching|p1b: Excadrill
|-boost|p1b: Excadrill|atk|1
|-boost|p1b: Excadrill|def|1
|move|p1b: Excadrill|High Horsepower|p2a: Electabuzz
|-activate|p2a: Electabuzz|move: Protect
|
|upkeep
|turn|9
|
|t:|1756574823
|move|p2a: Electabuzz|Follow Me|p2a: Electabuzz
|-singleturn|p2a: Electabuzz|move: Follow Me
|move|p1a: Sneasler|Dire Claw|p2a: Electabuzz
|-damage|p2a: Electabuzz|63/100
|move|p1b: Excadrill|High Horsepower|p2a: Electabuzz
|-supereffective|p2a: Electabuzz
|-damage|p2a: Electabuzz|0 fnt
|faint|p2a: Electabuzz
|move|p2b: Salamence|Tailwind|p2b: Salamence
|-sidestart|p2: lstdnce|move: Tailwind
|
|upkeep
|
|t:|1756574835
|switch|p2a: Rillaboom|Rillaboom, L50, F|65/100
|-fieldstart|move: Grassy Terrain|[from] ability: Grassy Surge|[of] p2a: Rillaboom
|turn|10
|
|t:|1756574851
|move|p1b: Excadrill|Protect|p1b: Excadrill
|-singleturn|p1b: Excadrill|Protect
|move|p2a: Rillaboom|Fake Out|p1a: Sneasler
|-damage|p1a: Sneasler|76/100
|cant|p1a: Sneasler|flinch
|move|p2b: Salamence|Air Slash|p1a: Sneasler
|-supereffective|p1a: Sneasler
|-damage|p1a: Sneasler|0 fnt
|faint|p1a: Sneasler
|
|-heal|p2a: Rillaboom|71/100|[from] Grassy Terrain
|-heal|p1b: Excadrill|71/100|[from] Grassy Terrain
|upkeep
|turn|11
|-message|mario16172005 forfeited.
|
|win|lstdnce
|l|☆mario16172005
|player|p1|
||mario16172005 is ready for game 3.
||lstdnce is ready for game 3.
|uhtml|next|Next: Game 3 of 3
