|j|☆datrandomguy787
|j|☆Northgdh
|html|datrandomguy787Northgdh    
|uhtml|bestof|Game 1 of a best-of-3
|t:|1783730981
|gametype|doubles
|player|p1|datrandomguy787|2|1083
|player|p2|Northgdh|265|1069
|gen|9
|tier|[Gen 9 Champions] VGC 2026 Reg M-B (Bo3)
|rated|
|rule|Species Clause: Limit one of each Pokémon
|rule|Item Clause: Limit 1 of each item
|clearpoke
|poke|p1|Sneasler, L50, M|
|poke|p1|Blastoise, L50, M|
|poke|p1|Kingambit, L50, M|
|poke|p1|Incineroar, L50, M|
|poke|p1|Delphox, L50, F|
|poke|p1|Sinistcha, L50|
|poke|p2|Floette-Eternal, L50, F|
|poke|p2|Sinistcha, L50|
|poke|p2|Sneasler, L50, M|
|poke|p2|Incineroar, L50, M, shiny|
|poke|p2|Kingambit, L50, M, shiny|
|poke|p2|Blastoise, L50, F, shiny|
|teampreview|4
|showteam|p1|Sneasler||FocusSash|PoisonTouch|PoisonJab,CloseCombat,FakeOut,QuickGuard|Jolly||M|||50|]Blastoise||Blastoisinite|RainDish|DarkPulse,WaterSpout,ShellSmash,Protect|Modest||M|||50|]Kingambit||BlackGlasses|Defiant|KowtowCleave,SuckerPunch,SwordsDance,Protect|Adamant||M|||50|]Incineroar||SitrusBerry|Intimidate|FlareBlitz,HelpingHand,PartingShot,FakeOut|Careful||M|||50|]Delphox||Delphoxite|Blaze|HeatWave,NastyPlot,Psyshock,Protect|Modest||F|||50|]Sinistcha||KasibBerry|Hospitality|MatchaGotcha,RagePowder,TrickRoom,Protect|Bold|||||50|
|showteam|p2|Floette-Eternal||Floettite|FlowerVeil|Moonblast,DrainingKiss,CalmMind,Protect|Modest||F|||50|]Sinistcha||OccaBerry|Hospitality|MatchaGotcha,LifeDew,RagePowder,Protect|Calm|||||50|]Sneasler||FocusSash|PoisonTouch|CloseCombat,PoisonJab,FakeOut,QuickGuard|Jolly||M|||50|]Incineroar||SitrusBerry|Intimidate|FlareBlitz,FakeOut,HelpingHand,PartingShot|Impish||M|||50|]Kingambit||BlackGlasses|Defiant|KowtowCleave,SuckerPunch,SwordsDance,Protect|Adamant||M|||50|]Blastoise||Blastoisinite|RainDish|WaterSpout,DarkPulse,ShellSmash,Protect|Modest||F|||50|
|inactive|Battle timer is ON: inactive players will automatically lose when time's up. (requested by Northgdh)
|inactive|datrandomguy787 has 60 seconds left.
|inactive|Northgdh has 60 seconds left.
|
|t:|1783731025
|teamsize|p1|4
|teamsize|p2|4
|start
|switch|p1a: Delphox|Delphox, L50, F|100/100
|switch|p1b: Sinistcha|Sinistcha, L50|100/100
|switch|p2a: begged|Blastoise, L50, F, shiny|100/100
|switch|p2b: honeybee|Sneasler, L50, M|100/100
|turn|1
|inactive|datrandomguy787 has 30 seconds left.
|inactive|datrandomguy787 has 20 seconds left.
|inactive|datrandomguy787 has 15 seconds left.
|
|t:|1783731070
|detailschange|p1a: Delphox|Delphox-Mega, L50, F
|-mega|p1a: Delphox|Delphox|Delphoxite
|detailschange|p2a: begged|Blastoise-Mega, L50, F, shiny
|-mega|p2a: begged|Blastoise|Blastoisinite
|move|p2b: honeybee|Poison Jab|p1b: Sinistcha
|-damage|p1b: Sinistcha|66/100
|-status|p1b: Sinistcha|psn|[from] ability: Poison Touch|[of] p2b: honeybee
|move|p1a: Delphox|Heat Wave|p2a: begged|[spread] p2a,p2b
|-resisted|p2a: begged|1
|-damage|p2a: begged|80/100
|-damage|p2b: honeybee|45/100
|move|p2a: begged|Dark Pulse|p1b: Sinistcha
|-supereffective|p1b: Sinistcha|1
|-damage|p1b: Sinistcha|0 fnt
|faint|p1b: Sinistcha
|
|upkeep
|
|t:|1783731087
|switch|p1b: Sneasler|Sneasler, L50, M|100/100
|turn|2
|
|t:|1783731098
|switch|p2b: the cure|Sinistcha, L50|100/100
|-heal|p2a: begged|100/100|[from] ability: Hospitality|[of] p2b: the cure
|move|p2a: begged|Protect|p2a: begged
|-singleturn|p2a: begged|Protect
|move|p1b: Sneasler|Close Combat|p2b: the cure
|-immune|p2b: the cure
|move|p1a: Delphox|Psyshock|p2a: begged
|-activate|p2a: begged|move: Protect
|
|upkeep
|turn|3
|inactive|datrandomguy787 has 30 seconds left.
|
|t:|1783731130
|move|p2b: the cure|Rage Powder|p2b: the cure
|-singleturn|p2b: the cure|move: Rage Powder
|move|p1b: Sneasler|Poison Jab|p2b: the cure
|-damage|p2b: the cure|60/100
|move|p1a: Delphox|Heat Wave|p2a: begged|[spread] p2a,p2b
|-resisted|p2a: begged|1
|-supereffective|p2b: the cure|1
|-enditem|p2b: the cure|Occa Berry|[eat]
|-enditem|p2b: the cure|Occa Berry|[weaken]
|-damage|p2a: begged|80/100
|-damage|p2b: the cure|21/100
|move|p2a: begged|Shell Smash|p2a: begged
|-unboost|p2a: begged|def|1
|-unboost|p2a: begged|spd|1
|-boost|p2a: begged|atk|2
|-boost|p2a: begged|spa|2
|-boost|p2a: begged|spe|2
|
|upkeep
|turn|4
|
|t:|1783731155
|move|p2a: begged|Protect|p2a: begged
|-singleturn|p2a: begged|Protect
|move|p1a: Delphox|Protect|p1a: Delphox
|-singleturn|p1a: Delphox|Protect
|move|p1b: Sneasler|Poison Jab|p2b: the cure
|-damage|p2b: the cure|0 fnt
|faint|p2b: the cure
|
|upkeep
|
|t:|1783731172
|switch|p2b: honeybee|Sneasler, L50, M|45/100
|turn|5
|
|t:|1783731186
|switch|p1b: Kingambit|Kingambit, L50, M|100/100
|move|p2b: honeybee|Fake Out|p1b: Kingambit
|-resisted|p1b: Kingambit|1
|-damage|p1b: Kingambit|95/100
|move|p2a: begged|Water Spout|p1b: Kingambit|[spread] p1a,p1b
|-supereffective|p1a: Delphox|1
|-damage|p1a: Delphox|0 fnt
|-damage|p1b: Kingambit|11/100
|faint|p1a: Delphox
|
|upkeep
|
|t:|1783731196
|switch|p1a: Sneasler|Sneasler, L50, M|100/100
|turn|6
|
|t:|1783731216
|move|p1b: Kingambit|Protect|p1b: Kingambit
|-singleturn|p1b: Kingambit|Protect
|move|p2b: honeybee|Quick Guard|p2b: honeybee
|-singleturn|p2b: honeybee|Quick Guard
|move|p2a: begged|Water Spout|p1b: Kingambit|[spread] p1a
|-activate|p1b: Kingambit|move: Protect
|-enditem|p1a: Sneasler|Focus Sash
|-damage|p1a: Sneasler|1/100
|move|p1a: Sneasler|Close Combat|p2b: honeybee
|-resisted|p2b: honeybee|1
|-damage|p2b: honeybee|0 fnt
|-unboost|p1a: Sneasler|def|1
|-unboost|p1a: Sneasler|spd|1
|faint|p2b: honeybee
|
|upkeep
|
|t:|1783731224
|switch|p2b: drop dead|Kingambit, L50, M, shiny|100/100
|turn|7
|
|t:|1783731233
|move|p2a: begged|Protect|p2a: begged
|-singleturn|p2a: begged|Protect
|move|p2b: drop dead|Sucker Punch|p1a: Sneasler
|-resisted|p1a: Sneasler|1
|-damage|p1a: Sneasler|0 fnt
|faint|p1a: Sneasler
|move|p1b: Kingambit|Sucker Punch||[still]
|-fail|p1b: Kingambit
|
|upkeep
|turn|8
|-message|datrandomguy787 forfeited.
|
|win|Northgdh
|l|☆datrandomguy787
|player|p1|
||datrandomguy787 is ready for game 2.
