|j|☆AUBrigade
|j|☆palle synchro
|html|AUBrigadepalle synchro    
|uhtml|bestof|Game 2 of a best-of-3
|t:|1757110643
|gametype|doubles
|player|p1|AUBrigade|170|1304
|player|p2|palle synchro|volkner|1361
|gen|9
|tier|[Gen 9] VGC 2025 Reg H (Bo3)
|rated|
|rule|Species Clause: Limit one of each Pokémon
|rule|Item Clause: Limit 1 of each item
|clearpoke
|poke|p1|Dragonite, L50, M|
|poke|p1|Magmar, L50, M|
|poke|p1|Sneasler, L50, M|
|poke|p1|Kingambit, L50, F|
|poke|p1|Ninetales-Alola, L50, F|
|poke|p1|Incineroar, L50, F|
|poke|p2|Whimsicott, L50, M|
|poke|p2|Meowscarada, L50, M|
|poke|p2|Indeedee, L50, M|
|poke|p2|Sneasler, L50, F|
|poke|p2|Ursaluna-Bloodmoon, L50, M|
|poke|p2|Archaludon, L50, M|
|teampreview|4
|showteam|p1|Dragonite||LoadedDice|Multiscale|ScaleShot,ExtremeSpeed,IceSpinner,Protect|||M|||50|,,,,,Steel]Magmar||Eviolite|VitalSpirit|ClearSmog,FollowMe,Taunt,HeatWave|||M|||50|,,,,,Fairy]Sneasler||WhiteHerb|Unburden|CloseCombat,DireClaw,Coaching,Protect|||M|||50|,,,,,Ghost]Kingambit||SafetyGoggles|Defiant|KowtowCleave,SuckerPunch,TeraBlast,Protect|||F|||50|,,,,,Fairy]Ninetales-Alola||FocusSash|SnowWarning|Blizzard,FreezeDry,AuroraVeil,Protect|||F|||50|,,,,,Ice]Incineroar||AssaultVest|Intimidate|FlareBlitz,KnockOff,Uturn,FakeOut|||F|||50|,,,,,Grass
|showteam|p2|Whimsicott||CovertCloak|Prankster|Moonblast,Taunt,Tailwind,FakeTears|||M|||50|,,,,,Water]Meowscarada||ChoiceBand|Protean|FlowerTrick,KnockOff,Uturn,TripleAxel|||M|||50|,,,,,Ghost]Indeedee||FocusSash|PsychicSurge|ExpandingForce,TeraBlast,Imprison,TrickRoom|||M|||50|,,,,,Psychic]Sneasler||PsychicSeed|Unburden|CloseCombat,DireClaw,ThroatChop,Protect|||F|||50|,,,,,Dark]Ursaluna-Bloodmoon||LifeOrb|MindsEye|HyperVoice,BloodMoon,EarthPower,Protect|||M|||50|,,,,,Normal]Archaludon||PowerHerb|Stalwart|ElectroShot,DragonPulse,Thunderbolt,Protect|||M|||50|,,,,,Electric
|inactive|Battle timer is ON: inactive players will automatically lose when time's up. (requested by palle synchro)
|
|t:|1757110671
|teamsize|p1|4
|teamsize|p2|4
|start
|switch|p1a: Magmar|Magmar, L50, M|100/100
|switch|p1b: Dragonite|Dragonite, L50, M|100/100
|switch|p2a: Whimsicott|Whimsicott, L50, M|100/100
|switch|p2b: Archaludon|Archaludon, L50, M|100/100
|turn|1
|inactive|AUBrigade has 30 seconds left.
|inactive|palle synchro has 30 seconds left.
|
|t:|1757110703
|-terastallize|p2b: Archaludon|Electric
|move|p2a: Whimsicott|Moonblast|p1b: Dragonite
|-supereffective|p1b: Dragonite
|-damage|p1b: Dragonite|71/100
|move|p2b: Archaludon|Electro Shot||[still]
|-prepare|p2b: Archaludon|Electro Shot
|-boost|p2b: Archaludon|spa|1
|-enditem|p2b: Archaludon|Power Herb
|-anim|p2b: Archaludon|Electro Shot|p1b: Dragonite
|-damage|p1b: Dragonite|0 fnt
|faint|p1b: Dragonite
|move|p1a: Magmar|Taunt|p2a: Whimsicott
|-start|p2a: Whimsicott|move: Taunt
|
|upkeep
|
|t:|1757110720
|switch|p1b: Sneasler|Sneasler, L50, M|100/100
|turn|2
|
|t:|1757110729
|switch|p2a: Sneasler|Sneasler, L50, F|100/100
|move|p2b: Archaludon|Protect|p2b: Archaludon
|-singleturn|p2b: Archaludon|Protect
|move|p1b: Sneasler|Close Combat|p2b: Archaludon
|-activate|p2b: Archaludon|move: Protect
|move|p1a: Magmar|Heat Wave|p2a: Sneasler|[spread] p2a
|-activate|p2b: Archaludon|move: Protect
|-crit|p2a: Sneasler
|-damage|p2a: Sneasler|49/100
|
|upkeep
|turn|3
|
|t:|1757110753
|move|p1a: Magmar|Follow Me|p1a: Magmar
|-singleturn|p1a: Magmar|move: Follow Me
|move|p1b: Sneasler|Close Combat|p2a: Sneasler
|-resisted|p2a: Sneasler
|-damage|p2a: Sneasler|0 fnt
|-unboost|p1b: Sneasler|def|1
|-unboost|p1b: Sneasler|spd|1
|faint|p2a: Sneasler
|-enditem|p1b: Sneasler|White Herb
|-clearnegativeboost|p1b: Sneasler|[silent]
|move|p2b: Archaludon|Thunderbolt|p1a: Magmar
|-damage|p1a: Magmar|48/100
|-status|p1a: Magmar|par
|
|upkeep
|
|t:|1757110759
|switch|p2a: Whimsicott|Whimsicott, L50, M|100/100
|turn|4
|
|t:|1757110775
|move|p2a: Whimsicott|Tailwind|p2a: Whimsicott
|-sidestart|p2: palle synchro|move: Tailwind
|move|p1b: Sneasler|Close Combat|p2b: Archaludon
|-damage|p2b: Archaludon|49/100
|-unboost|p1b: Sneasler|def|1
|-unboost|p1b: Sneasler|spd|1
|move|p2b: Archaludon|Thunderbolt|p1b: Sneasler
|-damage|p1b: Sneasler|0 fnt
|faint|p1b: Sneasler
|move|p1a: Magmar|Heat Wave|p2a: Whimsicott|[spread] p2a,p2b
|-supereffective|p2a: Whimsicott
|-damage|p2a: Whimsicott|40/100
|-damage|p2b: Archaludon|12/100
|
|upkeep
|
|t:|1757110789
|switch|p1b: Incineroar|Incineroar, L50, F|100/100
|-ability|p1b: Incineroar|Intimidate|boost
|-unboost|p2a: Whimsicott|atk|1
|-unboost|p2b: Archaludon|atk|1
|turn|5
|
|t:|1757110798
|move|p2b: Archaludon|Protect|p2b: Archaludon
|-singleturn|p2b: Archaludon|Protect
|move|p1b: Incineroar|Fake Out|p2b: Archaludon
|-activate|p2b: Archaludon|move: Protect
|move|p2a: Whimsicott|Taunt|p1a: Magmar
|-start|p1a: Magmar|move: Taunt
|move|p1a: Magmar|Heat Wave|p2b: Archaludon|[spread] p2a
|-activate|p2b: Archaludon|move: Protect
|-supereffective|p2a: Whimsicott
|-damage|p2a: Whimsicott|0 fnt
|faint|p2a: Whimsicott
|
|upkeep
|
|t:|1757110802
|switch|p2a: Ursaluna|Ursaluna-Bloodmoon, L50, M|100/100
|turn|6
|
|t:|1757110825
|-terastallize|p1b: Incineroar|Grass
|move|p2b: Archaludon|Thunderbolt|p1a: Magmar
|-damage|p1a: Magmar|0 fnt
|faint|p1a: Magmar
|move|p2a: Ursaluna|Earth Power|p1b: Incineroar
|-resisted|p1b: Incineroar
|-damage|p1b: Incineroar|82/100
|-damage|p2a: Ursaluna|91/100|[from] item: Life Orb
|move|p1b: Incineroar|U-turn|p2b: Archaludon
|-damage|p2b: Archaludon|0 fnt
|faint|p2b: Archaludon
|
|upkeep
|turn|7
|
|t:|1757110840
|move|p2a: Ursaluna|Blood Moon|p1b: Incineroar
|-damage|p1b: Incineroar|18/100
|-damage|p2a: Ursaluna|81/100|[from] item: Life Orb
|move|p1b: Incineroar|Knock Off|p2a: Ursaluna
|-damage|p2a: Ursaluna|50/100
|-enditem|p2a: Ursaluna|Life Orb|[from] move: Knock Off|[of] p1b: Incineroar
|
|-sideend|p2: palle synchro|move: Tailwind
|upkeep
|turn|8
|
|t:|1757110851
|move|p2a: Ursaluna|Protect|p2a: Ursaluna
|-singleturn|p2a: Ursaluna|Protect
|move|p1b: Incineroar|Flare Blitz|p2a: Ursaluna
|-activate|p2a: Ursaluna|move: Protect
|
|upkeep
|turn|9
|
|t:|1757110858
|move|p2a: Ursaluna|Blood Moon|p1b: Incineroar
|-damage|p1b: Incineroar|0 fnt
|faint|p1b: Incineroar
|
|win|palle synchro
