|j|☆iota_002
|j|☆pkojlkhbj
|html|iota_002pkojlkhbj    
|uhtml|bestof|Game 1 of a best-of-3
|t:|1785831430
|gametype|doubles
|player|p1|iota_002|ethan|1066
|player|p2|pkojlkhbj|pokemonrangerf|1072
|gen|9
|tier|[Gen 9 Champions] VGC 2026 Reg M-B (Bo3)
|rated|
|rule|Species Clause: Limit one of each Pokémon
|rule|Item Clause: Limit 1 of each item
|clearpoke
|poke|p1|Beedrill, L50, F|
|poke|p1|Aegislash, L50, F|
|poke|p1|Talonflame, L50, F|
|poke|p1|Gardevoir, L50, M|
|poke|p1|Glimmora, L50, M|
|poke|p1|Weavile, L50, M|
|poke|p2|Staraptor, L50, F|
|poke|p2|Farigiraf, L50, F|
|poke|p2|Incineroar, L50, F|
|poke|p2|Floette-Eternal, L50, F|
|poke|p2|Excadrill, L50, M|
|poke|p2|Milotic, L50, M|
|teampreview|4
|showteam|p1|Beedrill||Beedrillite|Sniper|Uturn,PoisonJab,DrillRun,Protect|Jolly||F|||50|]Aegislash||SitrusBerry|StanceChange|Poltergeist,SacredSword,WideGuard,KingsShield|Brave||F|||50|]Talonflame||SharpBeak|GaleWings|DualWingbeat,Tailwind,QuickGuard,Taunt|Jolly||F|||50|]Gardevoir||ExpertBelt|Trace|Thunderbolt,Moonblast,Encore,Protect|Quiet||M|||50|]Glimmora||FocusSash|ToxicDebris|EnergyBall,PowerGem,EarthPower,SpikyShield|Modest||M|||50|]Weavile||KingsRock|Pressure|FakeOut,Fling,KnockOff,IceSpinner|Jolly||M|||50|
|showteam|p2|Staraptor||ChoiceScarf|Intimidate|FinalGambit,CloseCombat,Uturn,BraveBird|Jolly||F|||50|]Farigiraf||SitrusBerry|ArmorTail|TrickRoom,Psychic,Thunderbolt,HelpingHand|Bold||F|||50|]Incineroar||FocusSash|Intimidate|FakeOut,PartingShot,FlareBlitz,ThroatChop|Adamant||F|||50|]Floette-Eternal||Floettite|FlowerVeil|DazzlingGleam,Protect,CalmMind,DrainingKiss|Modest||F|||50|]Excadrill||LifeOrb|MoldBreaker|IronHead,HighHorsepower,Protect,RockSlide|Jolly||M|||50|]Milotic||Leftovers|Competitive|MuddyWater,Hypnosis,Coil,Recover|Calm||M|||50|
|inactive|Battle timer is ON: inactive players will automatically lose when time's up. (requested by pkojlkhbj)
|inactive|iota_002 has 60 seconds left.
|
|t:|1785831486
|teamsize|p1|4
|teamsize|p2|4
|start
|switch|p1a: Talonflame|Talonflame, L50, F|100/100
|switch|p1b: Gardevoir|Gardevoir, L50, M|100/100
|switch|p2a: Incineroar|Incineroar, L50, F|100/100
|switch|p2b: Farigiraf|Farigiraf, L50, F|100/100
|-ability|p2a: Incineroar|Intimidate|boost
|-unboost|p1a: Talonflame|atk|1
|-unboost|p1b: Gardevoir|atk|1
|-ability|p1b: Gardevoir|Armor Tail|Trace|[from] ability: Trace|[of] p2b: Farigiraf
|turn|1
|inactive|iota_002 has 30 seconds left.
|inactive|iota_002 has 20 seconds left.
|inactive|iota_002 has 15 seconds left.
|inactive|iota_002 has 10 seconds left.
|inactive|iota_002 has 5 seconds left.
|
|t:|1785831537
|move|p1a: Talonflame|Taunt|p2b: Farigiraf
|-start|p2b: Farigiraf|move: Taunt
|move|p2a: Incineroar|Parting Shot|p1b: Gardevoir
|-unboost|p1b: Gardevoir|atk|1
|-unboost|p1b: Gardevoir|spa|1
|inactive|pkojlkhbj has 30 seconds left.
|inactive|pkojlkhbj has 20 seconds left.
|inactive|pkojlkhbj has 15 seconds left.
|inactive|pkojlkhbj has 10 seconds left.
|inactive|pkojlkhbj has 5 seconds left.
|
|t:|1785831592
|switch|p2a: Floette|Floette-Eternal, L50, F|100/100|[from] Parting Shot
|move|p1b: Gardevoir|Encore||[still]
|-fail|p1b: Gardevoir
|cant|p2b: Farigiraf|move: Taunt|Trick Room
|
|upkeep
|turn|2
|inactive|pkojlkhbj has 30 seconds left.
|inactive|pkojlkhbj has 20 seconds left.
|inactive|pkojlkhbj has 15 seconds left.
|inactive|pkojlkhbj has 10 seconds left.
|inactive|pkojlkhbj has 5 seconds left.
|
|t:|1785831647
|switch|p1b: Beedrill|Beedrill, L50, F|100/100
|move|p1a: Talonflame|Tailwind|p1a: Talonflame
|-sidestart|p1: iota_002|move: Tailwind
|move|p2a: Floette|Dazzling Gleam|p1a: Talonflame|[spread] p1a,p1b
|-resisted|p1a: Talonflame|1
|-resisted|p1b: Beedrill|1
|-damage|p1a: Talonflame|80/100
|-damage|p1b: Beedrill|77/100
|move|p2b: Farigiraf|Psychic|p1a: Talonflame
|-damage|p1a: Talonflame|34/100
|
|upkeep
|turn|3
|inactive|pkojlkhbj has 30 seconds left.
|
|t:|1785831674
|detailschange|p1b: Beedrill|Beedrill-Mega, L50, F
|-mega|p1b: Beedrill|Beedrill|Beedrillite
|detailschange|p2a: Floette|Floette-Mega, L50, F
|-mega|p2a: Floette|Floette|Floettite
|-ability|p2a: Floette|Fairy Aura
|move|p1b: Beedrill|Protect|p1b: Beedrill
|-singleturn|p1b: Beedrill|Protect
|move|p2a: Floette|Protect|p2a: Floette
|-singleturn|p2a: Floette|Protect
|move|p1a: Talonflame|Dual Wingbeat|p2b: Farigiraf
|-damage|p2b: Farigiraf|90/100
|-crit|p2b: Farigiraf
|-damage|p2b: Farigiraf|67/100
|-hitcount|p2b: Farigiraf|2
|move|p2b: Farigiraf|Psychic|p1b: Beedrill
|-activate|p1b: Beedrill|move: Protect
|
|-end|p2b: Farigiraf|move: Taunt
|upkeep
|turn|4
|
|t:|1785831697
|switch|p2a: Incineroar|Incineroar, L50, F|100/100
|-ability|p2a: Incineroar|Intimidate|boost
|-unboost|p1a: Talonflame|atk|1
|-unboost|p1b: Beedrill|atk|1
|move|p1b: Beedrill|U-turn|p2b: Farigiraf
|-supereffective|p2b: Farigiraf|1
|-damage|p2b: Farigiraf|8/100
|-enditem|p2b: Farigiraf|Sitrus Berry|[eat]
|-heal|p2b: Farigiraf|33/100|[from] item: Sitrus Berry
|
|t:|1785831706
|switch|p1b: Glimmora|Glimmora, L50, M|100/100|[from] U-turn
|move|p1a: Talonflame|Dual Wingbeat|p2b: Farigiraf
|-damage|p2b: Farigiraf|25/100
|-damage|p2b: Farigiraf|17/100
|-hitcount|p2b: Farigiraf|2
|move|p2b: Farigiraf|Psychic|p1b: Glimmora
|-supereffective|p1b: Glimmora|1
|-damage|p1b: Glimmora|16/100
|
|upkeep
|turn|5
|
|t:|1785831731
|switch|p2b: Floette|Floette-Mega, L50, F|100/100
|-ability|p2b: Floette|Fairy Aura
|move|p1a: Talonflame|Taunt|p2b: Floette
|-start|p2b: Floette|move: Taunt
|move|p1b: Glimmora|Power Gem|p2a: Incineroar
|-supereffective|p2a: Incineroar|1
|-damage|p2a: Incineroar|2/100
|move|p2a: Incineroar|Parting Shot|p1b: Glimmora
|-unboost|p1b: Glimmora|atk|1
|-unboost|p1b: Glimmora|spa|1
|
|t:|1785831736
|switch|p2a: Milotic|Milotic, L50, M|100/100|[from] Parting Shot
|
|-sideend|p1: iota_002|move: Tailwind
|upkeep
|turn|6
|
|t:|1785831753
|switch|p2b: Farigiraf|Farigiraf, L50, F|17/100
|move|p1a: Talonflame|Tailwind|p1a: Talonflame
|-sidestart|p1: iota_002|move: Tailwind
|move|p1b: Glimmora|Energy Ball|p2a: Milotic
|-supereffective|p2a: Milotic|1
|-damage|p2a: Milotic|68/100
|move|p2a: Milotic|Muddy Water|p1b: Glimmora|[spread] p1a,p1b
|-supereffective|p1a: Talonflame|1
|-supereffective|p1b: Glimmora|1
|-damage|p1a: Talonflame|0 fnt
|-damage|p1b: Glimmora|0 fnt
|faint|p1a: Talonflame
|faint|p1b: Glimmora
|
|-heal|p2a: Milotic|74/100|[from] item: Leftovers
|upkeep
|
|t:|1785831769
|switch|p1a: Beedrill|Beedrill-Mega, L50, F|77/100
|switch|p1b: Gardevoir|Gardevoir, L50, M|100/100
|-ability|p1b: Gardevoir|Competitive|Trace|[from] ability: Trace|[of] p2a: Milotic
|turn|7
|
|t:|1785831779
|switch|p2b: Floette|Floette-Mega, L50, F|100/100
|-ability|p2b: Floette|Fairy Aura
|move|p1a: Beedrill|Poison Jab|p2b: Floette
|-supereffective|p2b: Floette|1
|-crit|p2b: Floette
|-damage|p2b: Floette|0 fnt
|faint|p2b: Floette
|move|p1b: Gardevoir|Thunderbolt|p2a: Milotic
|-supereffective|p2a: Milotic|1
|-damage|p2a: Milotic|27/100
|move|p2a: Milotic|Muddy Water|p1b: Gardevoir|[spread] p1a,p1b
|-damage|p1a: Beedrill|40/100
|-damage|p1b: Gardevoir|77/100
|
|-heal|p2a: Milotic|33/100|[from] item: Leftovers
|upkeep
|
|t:|1785831782
|switch|p2b: Incineroar|Incineroar, L50, F|2/100
|-ability|p2b: Incineroar|Intimidate|boost
|-unboost|p1a: Beedrill|atk|1
|-unboost|p1b: Gardevoir|atk|1
|-ability|p1b: Gardevoir|Competitive|boost
|-boost|p1b: Gardevoir|spa|2
|turn|8
|
|t:|1785831803
|move|p2b: Incineroar|Fake Out|p1b: Gardevoir
|-damage|p1b: Gardevoir|60/100
|move|p1a: Beedrill|U-turn|p2b: Incineroar
|-damage|p2b: Incineroar|0 fnt
|faint|p2b: Incineroar
|cant|p1b: Gardevoir|flinch
|move|p2a: Milotic|Recover|p2a: Milotic
|-heal|p2a: Milotic|83/100
|
|-heal|p2a: Milotic|89/100|[from] item: Leftovers
|upkeep
|
|t:|1785831805
|switch|p2b: Farigiraf|Farigiraf, L50, F|17/100
|turn|9
|
|t:|1785831819
|move|p1a: Beedrill|Poison Jab|p2a: Milotic
|-damage|p2a: Milotic|55/100
|move|p1b: Gardevoir|Thunderbolt|p2a: Milotic
|-supereffective|p2a: Milotic|1
|-damage|p2a: Milotic|0 fnt
|faint|p2a: Milotic
|move|p2b: Farigiraf|Trick Room|p2b: Farigiraf
|-fieldstart|move: Trick Room|[of] p2b: Farigiraf
|
|-sideend|p1: iota_002|move: Tailwind
|upkeep
|turn|10
|
|t:|1785831832
|move|p2b: Farigiraf|Psychic|p1a: Beedrill
|-supereffective|p1a: Beedrill|1
|-damage|p1a: Beedrill|0 fnt
|faint|p1a: Beedrill
|move|p1b: Gardevoir|Moonblast|p2b: Farigiraf
|-damage|p2b: Farigiraf|0 fnt
|faint|p2b: Farigiraf
|
|win|iota_002
