|j|☆MrGardnHose
|j|☆Hesselhoff24
|html|MrGardnHoseHesselhoff24    
|uhtml|bestof|Game 1 of a best-of-3
|t:|1782243971
|gametype|doubles
|player|p1|MrGardnHose|jasmine-masters2|1098
|player|p2|Hesselhoff24|1|1084
|gen|9
|tier|[Gen 9 Champions] VGC 2026 Reg M-B (Bo3)
|rated|
|rule|Species Clause: Limit one of each Pokémon
|rule|Item Clause: Limit 1 of each item
|clearpoke
|poke|p1|Whimsicott, L50, M|
|poke|p1|Swampert, L50, F|
|poke|p1|Pelipper, L50, F|
|poke|p1|Archaludon, L50, F|
|poke|p1|Basculegion, L50, M|
|poke|p1|Floette-Eternal, L50, F|
|poke|p2|Oranguru, L50, M|
|poke|p2|Crabominable, L50, M|
|poke|p2|Lucario, L50, F, shiny|
|poke|p2|Rhyperior, L50, M, shiny|
|poke|p2|Incineroar, L50, M, shiny|
|poke|p2|Gholdengo, L50|
|teampreview|4
|showteam|p1|Whimsicott||CobaBerry|Prankster|Moonblast,Tailwind,Encore,Protect|Bold||M|||50|]Swampert||Swampertite|Torrent|WaveCrash,Earthquake,IcePunch,Protect|Adamant||F|||50|]Pelipper||LifeOrb|Drizzle|WeatherBall,Hurricane,Tailwind,Protect|Modest||F|||50|]Archaludon||Leftovers|Stamina|DracoMeteor,FlashCannon,ElectroShot,Protect|Modest||F|||50|]Basculegion||FocusSash|Adaptability|Liquidation,LastRespects,AquaJet,Protect|Adamant||M|||50|]Floette-Eternal||Floettite|FlowerVeil|Moonblast,DazzlingGleam,LightofRuin,Protect|Modest||F|||50|
|showteam|p2|Oranguru||Leftovers|InnerFocus|Protect,TrickRoom,Instruct,Encore|Sassy||M|||50|]Crabominable||Crabominite|IronFist|Protect,IceHammer,DrainPunch,Crabhammer|Brave||M|||50|]Lucario||ChoiceScarf|InnerFocus|FinalGambit,VacuumWave,Detect,SteelBeam|Timid||F|||50|]Rhyperior||MentalHerb|SolidRock|HeatCrash,RockSlide,HammerArm,IronHead|Brave||M|||50|]Incineroar||SitrusBerry|Intimidate|FakeOut,FlareBlitz,PartingShot,Taunt|Adamant||M|||50|]Gholdengo||OccaBerry|GoodasGold|NastyPlot,ShadowBall,MakeItRain,Protect|Timid|||||50|
|inactive|Battle timer is ON: inactive players will automatically lose when time's up. (requested by Hesselhoff24)
|inactive|MrGardnHose has 60 seconds left.
|
|t:|1782244013
|teamsize|p1|4
|teamsize|p2|4
|start
|switch|p1a: Swampert|Swampert, L50, F|100/100
|switch|p1b: Pelipper|Pelipper, L50, F|100/100
|switch|p2a: Oranguru|Oranguru, L50, M|100/100
|switch|p2b: Lucario|Lucario, L50, F, shiny|100/100
|-weather|RainDance|[from] ability: Drizzle|[of] p1b: Pelipper
|turn|1
|
|t:|1782244030
|detailschange|p1a: Swampert|Swampert-Mega, L50, F
|-mega|p1a: Swampert|Swampert|Swampertite
|move|p2b: Lucario|Final Gambit|p1a: Swampert
|-damage|p1a: Swampert|9/100
|faint|p2b: Lucario
|move|p1a: Swampert|Earthquake|p2a: Oranguru|[spread] p2a
|-immune|p1b: Pelipper
|-damage|p2a: Oranguru|51/100
|move|p1b: Pelipper|Hurricane|p2a: Oranguru
|-damage|p2a: Oranguru|13/100
|-damage|p1b: Pelipper|90/100|[from] item: Life Orb
|move|p2a: Oranguru|Trick Room|p2a: Oranguru
|-fieldstart|move: Trick Room|[of] p2a: Oranguru
|
|-weather|RainDance|[upkeep]
|-heal|p2a: Oranguru|19/100|[from] item: Leftovers
|upkeep
|
|t:|1782244044
|switch|p2b: Crabominable|Crabominable, L50, M|100/100
|turn|2
|
|t:|1782244068
|switch|p1a: Archaludon|Archaludon, L50, F|100/100
|detailschange|p2b: Crabominable|Crabominable-Mega, L50, M
|-mega|p2b: Crabominable|Crabominable|Crabominite
|move|p2b: Crabominable|Ice Hammer|p1b: Pelipper
|-damage|p1b: Pelipper|0 fnt
|-unboost|p2b: Crabominable|spe|1
|faint|p1b: Pelipper
|move|p2a: Oranguru|Instruct|p2b: Crabominable
|-singleturn|p2b: Crabominable|move: Instruct|[of] p2a: Oranguru
|move|p2b: Crabominable|Ice Hammer|p1a: Archaludon
|-damage|p1a: Archaludon|40/100
|-unboost|p2b: Crabominable|spe|1
|-ability|p1a: Archaludon|Stamina|boost
|-boost|p1a: Archaludon|def|1
|
|-weather|RainDance|[upkeep]
|-heal|p2a: Oranguru|25/100|[from] item: Leftovers
|-heal|p1a: Archaludon|46/100|[from] item: Leftovers
|upkeep
|
|t:|1782244081
|switch|p1b: Basculegion|Basculegion, L50, M|100/100
|turn|3
|
|t:|1782244087
|move|p1a: Archaludon|Protect|p1a: Archaludon
|-singleturn|p1a: Archaludon|Protect
|move|p2b: Crabominable|Ice Hammer|p1b: Basculegion
|-resisted|p1b: Basculegion|1
|-damage|p1b: Basculegion|47/100
|-unboost|p2b: Crabominable|spe|1
|move|p2a: Oranguru|Instruct|p2b: Crabominable
|-singleturn|p2b: Crabominable|move: Instruct|[of] p2a: Oranguru
|move|p2b: Crabominable|Ice Hammer|p1b: Basculegion
|-resisted|p1b: Basculegion|1
|-damage|p1b: Basculegion|1/100
|-unboost|p2b: Crabominable|spe|1
|move|p1b: Basculegion|Last Respects|p2b: Crabominable
|-damage|p2b: Crabominable|46/100
|
|-weather|RainDance|[upkeep]
|-heal|p2a: Oranguru|31/100|[from] item: Leftovers
|-heal|p1a: Archaludon|52/100|[from] item: Leftovers
|upkeep
|turn|4
|
|t:|1782244109
|move|p1b: Basculegion|Aqua Jet|p2b: Crabominable
|-damage|p2b: Crabominable|14/100
|move|p2b: Crabominable|Ice Hammer|p1a: Archaludon
|-damage|p1a: Archaludon|10/100
|-unboost|p2b: Crabominable|spe|1
|-ability|p1a: Archaludon|Stamina|boost
|-boost|p1a: Archaludon|def|1
|move|p2a: Oranguru|Instruct|p2b: Crabominable
|-singleturn|p2b: Crabominable|move: Instruct|[of] p2a: Oranguru
|move|p2b: Crabominable|Ice Hammer|p1a: Archaludon
|-damage|p1a: Archaludon|0 fnt
|-unboost|p2b: Crabominable|spe|1
|faint|p1a: Archaludon
|
|-weather|RainDance|[upkeep]
|-heal|p2a: Oranguru|37/100|[from] item: Leftovers
|upkeep
|
|t:|1782244115
|switch|p1a: Swampert|Swampert-Mega, L50, F|9/100
|turn|5
|inactive|Hesselhoff24 has 30 seconds left.
|inactive|Hesselhoff24 has 20 seconds left.
|inactive|Hesselhoff24 has 15 seconds left.
|inactive|Hesselhoff24 has 10 seconds left.
|
|t:|1782244164
|move|p2b: Crabominable|Protect|p2b: Crabominable
|-singleturn|p2b: Crabominable|Protect
|move|p2a: Oranguru|Protect|p2a: Oranguru
|-singleturn|p2a: Oranguru|Protect
|move|p1b: Basculegion|Aqua Jet|p2b: Crabominable
|-activate|p2b: Crabominable|move: Protect
|move|p1a: Swampert|Ice Punch|p2a: Oranguru
|-activate|p2a: Oranguru|move: Protect
|
|-weather|none
|-heal|p2a: Oranguru|43/100|[from] item: Leftovers
|-fieldend|move: Trick Room
|upkeep
|turn|6
|
|t:|1782244188
|move|p1b: Basculegion|Liquidation|p2a: Oranguru
|-damage|p2a: Oranguru|0 fnt
|faint|p2a: Oranguru
|move|p1a: Swampert|Wave Crash|p2b: Crabominable
|-damage|p2b: Crabominable|0 fnt
|faint|p2b: Crabominable
|-damage|p1a: Swampert|4/100|[from] Recoil
|
|upkeep
|
|t:|1782244195
|switch|p2a: Incineroar|Incineroar, L50, M, shiny|100/100
|-ability|p2a: Incineroar|Intimidate|boost
|-unboost|p1a: Swampert|atk|1
|-unboost|p1b: Basculegion|atk|1
|turn|7
|
|t:|1782244199
|move|p1b: Basculegion|Protect|p1b: Basculegion
|-singleturn|p1b: Basculegion|Protect
|move|p1a: Swampert|Protect|p1a: Swampert
|-singleturn|p1a: Swampert|Protect
|move|p2a: Incineroar|Fake Out|p1a: Swampert
|-activate|p1a: Swampert|move: Protect
|
|upkeep
|turn|8
|
|t:|1782244207
|move|p1b: Basculegion|Liquidation|p2a: Incineroar
|-supereffective|p2a: Incineroar|1
|-damage|p2a: Incineroar|22/100
|-enditem|p2a: Incineroar|Sitrus Berry|[eat]
|-heal|p2a: Incineroar|47/100|[from] item: Sitrus Berry
|move|p1a: Swampert|Wave Crash|p2a: Incineroar
|-supereffective|p2a: Incineroar|1
|-damage|p2a: Incineroar|0 fnt
|faint|p2a: Incineroar
|-damage|p1a: Swampert|0 fnt|[from] Recoil
|faint|p1a: Swampert
|
|win|MrGardnHose
