|j|☆Werma985
|j|☆FRD DecK
|html|Werma985FRD DecK    
|uhtml|bestof|Game 1 of a best-of-3
|t:|1785612895
|gametype|doubles
|player|p1|Werma985|teacher|
|player|p2|FRD DecK|cheren-gen5bw2|
|gen|9
|tier|[Gen 9 Champions] VGC 2026 Reg M-B (Bo3)
|rule|Species Clause: Limit one of each Pokémon
|rule|Item Clause: Limit 1 of each item
|clearpoke
|poke|p1|Emboar, L50, M, shiny|
|poke|p1|Scolipede, L50, F|
|poke|p1|Bellibolt, L50, M|
|poke|p1|Scrafty, L50, M|
|poke|p1|Mimikyu, L50, F|
|poke|p1|Corviknight, L50, M|
|poke|p2|Alakazam, L50, M|
|poke|p2|Meowstic, L50, M|
|poke|p2|Volcarona, L50, M|
|poke|p2|Scrafty, L50, M|
|poke|p2|Gardevoir, L50, M|
|poke|p2|Conkeldurr, L50, F|
|teampreview|4
|showteam|p1|Emboar||Emboarite|Reckless|FlareBlitz,CloseCombat,HighHorsepower,Protect|Adamant||M|||50|]Scolipede||FocusSash|SpeedBoost|PoisonJab,SwordsDance,BatonPass,Protect|Adamant||F|||50|]Bellibolt||Magnet|Electromorphosis|ParabolicCharge,Thunderbolt,MuddyWater,Protect|Modest||M|||50|]Scrafty||SitrusBerry|Intimidate|DrainPunch,KnockOff,FakeOut,Detect|Careful||M|||50|]Mimikyu||LifeOrb|Disguise|PlayRough,ShadowSneak,ShadowClaw,TrickRoom|Adamant||F|||50|]Corviknight||Leftovers|MirrorArmor|BraveBird,IronHead,Roost,Tailwind|Adamant||M|||50|
|showteam|p2|Alakazam||Alakazite|Synchronize|ExpandingForce,DazzlingGleam,Substitute,Protect|Timid||M|||50|]Meowstic||FocusSash|Prankster|PsychicTerrain,HelpingHand,ThunderWave,Psychic|Modest||M|||50|]Volcarona||Leftovers|FlameBody|HeatWave,RagePowder,WillOWisp,Protect|Modest||M|||50|]Scrafty||SitrusBerry|Intimidate|CloseCombat,Snarl,KnockOff,FakeOut|Careful||M|||50|]Gardevoir||Gardevoirite|Trace|HyperVoice,ExpandingForce,TrickRoom,Protect|Quiet||M|||50|]Conkeldurr||LifeOrb|SheerForce|BodySlam,HammerArm,RockSlide,Protect|Brave||F|||50|
|c|☆FRD DecK|Glhf
|c|☆Werma985|u2
|inactive|Battle timer is ON: inactive players will automatically lose when time's up. (requested by FRD DecK)
|inactive|Werma985 has 60 seconds left.
|
|t:|1785612966
|teamsize|p1|4
|teamsize|p2|4
|start
|switch|p1a: Mela Goduta|Corviknight, L50, M|100/100
|switch|p1b: Jokerinho|Bellibolt, L50, M|100/100
|switch|p2a: Meowstic|Meowstic, L50, M|100/100
|switch|p2b: Volcarona|Volcarona, L50, M|100/100
|turn|1
|
|t:|1785612981
|switch|p1a: Abete|Scrafty, L50, M|100/100
|-ability|p1a: Abete|Intimidate|boost
|-unboost|p2a: Meowstic|atk|1
|-unboost|p2b: Volcarona|atk|1
|move|p2a: Meowstic|Helping Hand|p2b: Volcarona
|-singleturn|p2b: Volcarona|Helping Hand|[of] p2a: Meowstic
|move|p2b: Volcarona|Heat Wave|p1a: Abete|[spread] p1a,p1b
|-damage|p1a: Abete|59/100
|-damage|p1b: Jokerinho|46/100
|-start|p1b: Jokerinho|Charge|Heat Wave|[from] ability: Electromorphosis
|move|p1b: Jokerinho|Thunderbolt|p2b: Volcarona
|-damage|p2b: Volcarona|6/100
|-end|p1b: Jokerinho|Charge|[silent]
|
|-heal|p2b: Volcarona|12/100|[from] item: Leftovers
|upkeep
|turn|2
|inactive|Werma985 has 30 seconds left.
|
|t:|1785613010
|move|p1a: Abete|Fake Out|p2b: Volcarona
|-damage|p2b: Volcarona|3/100
|move|p2a: Meowstic|Psychic|p1b: Jokerinho
|-damage|p1b: Jokerinho|12/100
|-start|p1b: Jokerinho|Charge|Psychic|[from] ability: Electromorphosis
|cant|p2b: Volcarona|flinch
|move|p1b: Jokerinho|Thunderbolt|p2a: Meowstic
|-enditem|p2a: Meowstic|Focus Sash
|-damage|p2a: Meowstic|1/100
|-end|p1b: Jokerinho|Charge|[silent]
|
|-heal|p2b: Volcarona|9/100|[from] item: Leftovers
|upkeep
|turn|3
|
|t:|1785613030
|move|p1a: Abete|Detect|p1a: Abete
|-singleturn|p1a: Abete|Protect
|move|p2a: Meowstic|Psychic Terrain|p2a: Meowstic
|-fieldstart|move: Psychic Terrain
|move|p2b: Volcarona|Heat Wave|p1a: Abete|[spread] p1b
|-activate|p1a: Abete|move: Protect
|-damage|p1b: Jokerinho|0 fnt
|faint|p1b: Jokerinho
|
|-heal|p2b: Volcarona|15/100|[from] item: Leftovers
|upkeep
|
|t:|1785613038
|switch|p1b: Melagoodo|Mimikyu, L50, F|100/100
|turn|4
|
|t:|1785613049
|move|p2a: Meowstic|Psychic|p1b: Melagoodo
|-activate|p1b: Melagoodo|ability: Disguise
|-damage|p1b: Melagoodo|100/100
|detailschange|p1b: Melagoodo|Mimikyu-Busted, L50, F
|-damage|p1b: Melagoodo|88/100|[from] pokemon: Mimikyu-Busted
|move|p2b: Volcarona|Heat Wave|p1a: Abete|[spread] p1a,p1b
|-damage|p1a: Abete|29/100
|-damage|p1b: Melagoodo|52/100
|-enditem|p1a: Abete|Sitrus Berry|[eat]
|-heal|p1a: Abete|54/100|[from] item: Sitrus Berry
|move|p1b: Melagoodo|Shadow Claw|p2b: Volcarona
|-crit|p2b: Volcarona
|-damage|p2b: Volcarona|0 fnt
|faint|p2b: Volcarona
|-damage|p1b: Melagoodo|42/100|[from] item: Life Orb
|move|p1a: Abete|Knock Off|p2a: Meowstic
|-supereffective|p2a: Meowstic|1
|-damage|p2a: Meowstic|0 fnt
|faint|p2a: Meowstic
|
|upkeep
|
|t:|1785613052
|switch|p2a: Alakazam|Alakazam, L50, M|100/100
|switch|p2b: Conkeldurr|Conkeldurr, L50, F|100/100
|turn|5
|inactive|Werma985 has 30 seconds left.
|inactive|FRD DecK has 30 seconds left.
|inactive|Werma985 has 20 seconds left.
|inactive|Werma985 has 15 seconds left.
|
|t:|1785613096
|detailschange|p2a: Alakazam|Alakazam-Mega, L50, M
|-mega|p2a: Alakazam|Alakazam|Alakazite
|-ability|p2a: Alakazam|Intimidate|Trace|[from] ability: Trace|[of] p1a: Abete
|-ability|p2a: Alakazam|Intimidate|boost
|-unboost|p1a: Abete|atk|1
|-unboost|p1b: Melagoodo|atk|1
|move|p2a: Alakazam|Dazzling Gleam|p1b: Melagoodo|[spread] p1a,p1b
|-supereffective|p1a: Abete|2
|-damage|p1a: Abete|0 fnt
|-damage|p1b: Melagoodo|17/100
|faint|p1a: Abete
|move|p1b: Melagoodo|Play Rough|p2b: Conkeldurr
|-supereffective|p2b: Conkeldurr|1
|-damage|p2b: Conkeldurr|41/100
|-damage|p1b: Melagoodo|8/100|[from] item: Life Orb
|move|p2b: Conkeldurr|Rock Slide|p1b: Melagoodo
|-damage|p1b: Melagoodo|0 fnt
|faint|p1b: Melagoodo
|
|upkeep
|
|t:|1785613107
|switch|p1b: Mela Goduta|Corviknight, L50, M|100/100
|turn|6
|
|t:|1785613125
|move|p2a: Alakazam|Expanding Force|p1b: Mela Goduta
|-resisted|p1b: Mela Goduta|1
|-damage|p1b: Mela Goduta|51/100
|move|p1b: Mela Goduta|Brave Bird|p2b: Conkeldurr
|-supereffective|p2b: Conkeldurr|1
|-damage|p2b: Conkeldurr|0 fnt
|faint|p2b: Conkeldurr
|-damage|p1b: Mela Goduta|37/100|[from] Recoil
|
|-heal|p1b: Mela Goduta|43/100|[from] item: Leftovers
|upkeep
|turn|7
|
|t:|1785613135
|move|p2a: Alakazam|Expanding Force|p1b: Mela Goduta
|-resisted|p1b: Mela Goduta|1
|-damage|p1b: Mela Goduta|0 fnt
|faint|p1b: Mela Goduta
|
|win|FRD DecK
||FRD DecK is ready for game 2.
||Werma985 is ready for game 2.
|uhtml|next|Next: Game 2 of 3
