|j|☆monkeychese
|j|☆25th_mang
|html|monkeychese25th_mang    
|uhtml|bestof|Game 1 of a best-of-3
|t:|1783393830
|gametype|doubles
|player|p1|monkeychese|lucas|1216
|player|p2|25th_mang|ballguy|1222
|gen|9
|tier|[Gen 9 Champions] VGC 2026 Reg M-B (Bo3)
|rated|
|rule|Species Clause: Limit one of each Pokémon
|rule|Item Clause: Limit 1 of each item
|clearpoke
|poke|p1|Sinistcha, L50|
|poke|p1|Incineroar, L50, M|
|poke|p1|Milotic, L50, F|
|poke|p1|Raichu, L50, F|
|poke|p1|Floette-Eternal, L50, F|
|poke|p1|Ceruledge, L50, F|
|poke|p2|Blastoise, L50, M|
|poke|p2|Aerodactyl, L50, F, shiny|
|poke|p2|Sinistcha, L50|
|poke|p2|Hydreigon, L50, F|
|poke|p2|Tsareena, L50, F|
|poke|p2|Metagross, L50, shiny|
|teampreview|4
|showteam|p1|Sinistcha||KasibBerry|Hospitality|MatchaGotcha,LifeDew,RagePowder,Protect|Relaxed|||||50|]Incineroar||SitrusBerry|Intimidate|DarkestLariat,FlareBlitz,PartingShot,FakeOut|Impish||M|||50|]Milotic||Leftovers|Competitive|MuddyWater,Coil,Hypnosis,Protect|Calm||F|||50|]Raichu||RaichuniteY|LightningRod|ZapCannon,FocusBlast,FakeOut,Protect|Hasty||F|||50|]Floette-Eternal||Floettite|FlowerVeil|DazzlingGleam,DrainingKiss,CalmMind,Protect|Timid||F|||50|]Ceruledge||ColburBerry|FlashFire|BitterBlade,ShadowSneak,BulkUp,Protect|Adamant||F|||50|
|showteam|p2|Blastoise||Blastoisinite|RainDish|WaterSpout,AuraSphere,DarkPulse,FakeOut|Modest||M|||50|]Aerodactyl||FocusSash|Unnerve|Tailwind,RainDance,RockSlide,DualWingbeat|Jolly||F|||50|]Sinistcha||SitrusBerry|Hospitality|LifeDew,MatchaGotcha,TrickRoom,RagePowder|Quiet|||||50|]Hydreigon||LifeOrb|Levitate|DarkPulse,EarthPower,DragonPulse,Protect|Modest||F|||50|]Tsareena||WideLens|QueenlyMajesty|TropKick,LowKick,TripleAxel,HelpingHand|Adamant||F|||50|]Metagross||Metagrossite|ClearBody|IronHead,PsychicFangs,IcePunch,Protect|Adamant|||||50|
|inactive|Battle timer is ON: inactive players will automatically lose when time's up. (requested by 25th_mang)
|inactive|monkeychese has 60 seconds left.
|inactive|25th_mang has 60 seconds left.
|
|t:|1783393881
|teamsize|p1|4
|teamsize|p2|4
|start
|switch|p1a: Incineroar|Incineroar, L50, M|100/100
|switch|p1b: Floette|Floette-Eternal, L50, F|100/100
|switch|p2a: MONEYBALL|Aerodactyl, L50, F, shiny|100/100
|switch|p2b: Voyager|Blastoise, L50, M|100/100
|-ability|p2a: MONEYBALL|Unnerve
|-ability|p1a: Incineroar|Intimidate|boost
|-unboost|p2a: MONEYBALL|atk|1
|-unboost|p2b: Voyager|atk|1
|turn|1
|
|t:|1783393899
|switch|p2b: Her Majesty 5|Tsareena, L50, F|100/100
|detailschange|p1b: Floette|Floette-Mega, L50, F
|-mega|p1b: Floette|Floette|Floettite
|-ability|p1b: Floette|Fairy Aura
|move|p1a: Incineroar|Fake Out||[still]
|cant|p2b: Her Majesty 5|ability: Queenly Majesty|Fake Out|[of] p1a: Incineroar
|move|p2a: MONEYBALL|Rock Slide|p1b: Floette|[spread] p1a,p1b
|-supereffective|p1a: Incineroar|1
|-damage|p1a: Incineroar|74/100
|-damage|p1b: Floette|81/100
|move|p1b: Floette|Calm Mind|p1b: Floette
|-boost|p1b: Floette|spa|1
|-boost|p1b: Floette|spd|1
|
|upkeep
|turn|2
|
|t:|1783393921
|move|p2a: MONEYBALL|Rock Slide|p1a: Incineroar|[spread] p1a,p1b
|-supereffective|p1a: Incineroar|1
|-damage|p1a: Incineroar|48/100
|-damage|p1b: Floette|65/100
|move|p1b: Floette|Dazzling Gleam|p2b: Her Majesty 5|[spread] p2a,p2b
|-crit|p2b: Her Majesty 5
|-damage|p2a: MONEYBALL|14/100
|-damage|p2b: Her Majesty 5|10/100
|move|p2b: Her Majesty 5|Trop Kick|p1b: Floette
|-damage|p1b: Floette|21/100
|-unboost|p1b: Floette|atk|1
|move|p1a: Incineroar|Darkest Lariat|p2a: MONEYBALL
|-damage|p2a: MONEYBALL|0 fnt
|-enditem|p1a: Incineroar|Sitrus Berry|[eat]
|-heal|p1a: Incineroar|73/100|[from] item: Sitrus Berry
|faint|p2a: MONEYBALL
|
|upkeep
|
|t:|1783393939
|switch|p2a: Voyager|Blastoise, L50, M|100/100
|turn|3
|inactive|25th_mang has 30 seconds left.
|
|t:|1783393970
|detailschange|p2a: Voyager|Blastoise-Mega, L50, M
|-mega|p2a: Voyager|Blastoise|Blastoisinite
|move|p2b: Her Majesty 5|Helping Hand|p2a: Voyager
|-singleturn|p2a: Voyager|Helping Hand|[of] p2b: Her Majesty 5
|move|p2a: Voyager|Fake Out|p1b: Floette
|-damage|p1b: Floette|7/100
|cant|p1b: Floette|flinch
|move|p1a: Incineroar|Flare Blitz|p2b: Her Majesty 5
|-supereffective|p2b: Her Majesty 5|1
|-damage|p2b: Her Majesty 5|0 fnt
|faint|p2b: Her Majesty 5
|-damage|p1a: Incineroar|69/100|[from] Recoil
|
|upkeep
|
|t:|1783393980
|switch|p2b: Save Me|Sinistcha, L50|100/100
|turn|4
|inactive|monkeychese has 30 seconds left.
|inactive|monkeychese has 20 seconds left.
|inactive|monkeychese has 15 seconds left.
|inactive|monkeychese has 10 seconds left.
|inactive|monkeychese has 5 seconds left.
|
|t:|1783394035
|move|p1b: Floette|Dazzling Gleam|p2b: Save Me|[spread] p2a,p2b
|-damage|p2a: Voyager|37/100
|-damage|p2b: Save Me|40/100
|-enditem|p2b: Save Me|Sitrus Berry|[eat]
|-heal|p2b: Save Me|65/100|[from] item: Sitrus Berry
|move|p2a: Voyager|Water Spout|p1b: Floette|[spread] p1a,p1b
|-supereffective|p1a: Incineroar|1
|-damage|p1a: Incineroar|24/100
|-damage|p1b: Floette|0 fnt
|faint|p1b: Floette
|move|p2b: Save Me|Life Dew|p2b: Save Me|[spread] p2a,p2b
|-heal|p2a: Voyager|62/100
|-heal|p2b: Save Me|90/100
|move|p1a: Incineroar|Darkest Lariat|p2b: Save Me
|-supereffective|p2b: Save Me|1
|-damage|p2b: Save Me|33/100
|
|upkeep
|
|t:|1783394055
|switch|p1b: Sinistcha|Sinistcha, L50|100/100
|-heal|p1a: Incineroar|49/100|[from] ability: Hospitality|[of] p1b: Sinistcha
|turn|5
|
|t:|1783394064
|move|p2a: Voyager|Dark Pulse|p1b: Sinistcha
|-supereffective|p1b: Sinistcha|1
|-damage|p1b: Sinistcha|0 fnt
|faint|p1b: Sinistcha
|move|p2b: Save Me|Life Dew|p2b: Save Me|[spread] p2a,p2b
|-heal|p2a: Voyager|87/100
|-heal|p2b: Save Me|58/100
|move|p1a: Incineroar|Flare Blitz|p2b: Save Me
|-supereffective|p2b: Save Me|1
|-damage|p2b: Save Me|0 fnt
|faint|p2b: Save Me
|-damage|p1a: Incineroar|31/100|[from] Recoil
|
|upkeep
|inactive|monkeychese has 30 seconds left.
|inactive|monkeychese has 20 seconds left.
|
|t:|1783394100
|switch|p1b: Milotic|Milotic, L50, F|100/100
|turn|6
|
|t:|1783394117
|move|p2a: Voyager|Water Spout|p1a: Incineroar|[spread] p1a,p1b
|-supereffective|p1a: Incineroar|1
|-resisted|p1b: Milotic|1
|-damage|p1a: Incineroar|0 fnt
|-damage|p1b: Milotic|82/100
|faint|p1a: Incineroar
|move|p1b: Milotic|Coil|p1b: Milotic
|-boost|p1b: Milotic|atk|1
|-boost|p1b: Milotic|def|1
|-boost|p1b: Milotic|accuracy|1
|
|-heal|p1b: Milotic|88/100|[from] item: Leftovers
|upkeep
|turn|7
|
|t:|1783394122
|move|p2a: Voyager|Dark Pulse|p1b: Milotic
|-crit|p1b: Milotic
|-damage|p1b: Milotic|42/100
|move|p1b: Milotic|Coil|p1b: Milotic
|-boost|p1b: Milotic|atk|1
|-boost|p1b: Milotic|def|1
|-boost|p1b: Milotic|accuracy|1
|
|-heal|p1b: Milotic|48/100|[from] item: Leftovers
|upkeep
|turn|8
|
|t:|1783394128
|move|p1b: Milotic|Protect|p1b: Milotic
|-singleturn|p1b: Milotic|Protect
|move|p2a: Voyager|Dark Pulse|p1b: Milotic
|-activate|p1b: Milotic|move: Protect
|
|-heal|p1b: Milotic|54/100|[from] item: Leftovers
|upkeep
|turn|9
|
|t:|1783394131
|move|p2a: Voyager|Dark Pulse|p1b: Milotic
|-damage|p1b: Milotic|27/100
|move|p1b: Milotic|Hypnosis|p2a: Voyager
|-status|p2a: Voyager|slp|[from] move: Hypnosis
|
|-heal|p1b: Milotic|33/100|[from] item: Leftovers
|upkeep
|turn|10
|
|t:|1783394139
|cant|p2a: Voyager|slp
|move|p1b: Milotic|Muddy Water|p2a: Voyager
|-resisted|p2a: Voyager|1
|-damage|p2a: Voyager|70/100 slp
|
|-heal|p1b: Milotic|39/100|[from] item: Leftovers
|upkeep
|turn|11
|
|t:|1783394144
|cant|p2a: Voyager|slp
|move|p1b: Milotic|Muddy Water|p2a: Voyager
|-resisted|p2a: Voyager|1
|-damage|p2a: Voyager|55/100 slp
|
|-heal|p1b: Milotic|45/100|[from] item: Leftovers
|upkeep
|turn|12
|
|t:|1783394148
|move|p1b: Milotic|Protect|p1b: Milotic
|-singleturn|p1b: Milotic|Protect
|-curestatus|p2a: Voyager|slp|[msg]
|move|p2a: Voyager|Dark Pulse|p1b: Milotic
|-activate|p1b: Milotic|move: Protect
|
|-heal|p1b: Milotic|50/100g|[from] item: Leftovers
|upkeep
|turn|13
|
|t:|1783394153
|move|p2a: Voyager|Dark Pulse|p1b: Milotic
|-crit|p1b: Milotic
|-damage|p1b: Milotic|9/100
|move|p1b: Milotic|Hypnosis|p2a: Voyager
|-status|p2a: Voyager|slp|[from] move: Hypnosis
|
|-heal|p1b: Milotic|15/100|[from] item: Leftovers
|upkeep
|turn|14
|
|t:|1783394159
|cant|p2a: Voyager|slp
|move|p1b: Milotic|Muddy Water|p2a: Voyager
|-resisted|p2a: Voyager|1
|-damage|p2a: Voyager|39/100 slp
|-unboost|p2a: Voyager|accuracy|1
|
|-heal|p1b: Milotic|21/100|[from] item: Leftovers
|upkeep
|turn|15
|inactive|monkeychese has 30 seconds left.
|inactive|monkeychese has 20 seconds left.
|
|t:|1783394195
|-curestatus|p2a: Voyager|slp|[msg]
|move|p2a: Voyager|Dark Pulse|p1b: Milotic
|-damage|p1b: Milotic|0 fnt
|faint|p1b: Milotic
|
|win|25th_mang
|l|☆monkeychese
|player|p1|
