|j|☆marcosdeltasena31
|j|☆MoonEnthusiast
|html|marcosdeltasena31MoonEnthusiast    
|uhtml|bestof|Game 2 of a best-of-3
|t:|1757714481
|gametype|doubles
|player|p1|marcosdeltasena31|hilbert|1427
|player|p2|MoonEnthusiast|parasollady|1275
|gen|9
|tier|[Gen 9] VGC 2025 Reg H (Bo3)
|rated|
|rule|Species Clause: Limit one of each Pokémon
|rule|Item Clause: Limit 1 of each item
|clearpoke
|poke|p1|Dragonite, L50, F|
|poke|p1|Sneasler, L50, F|
|poke|p1|Volcarona, L50, F|
|poke|p1|Rillaboom, L50, M|
|poke|p1|Kingambit, L50, F|
|poke|p1|Electabuzz, L50, F|
|poke|p2|Primarina, L50, F|
|poke|p2|Gothitelle, L50, F|
|poke|p2|Amoonguss, L50, M|
|poke|p2|Incineroar, L50, M|
|poke|p2|Ursaluna-Bloodmoon, L50, M|
|poke|p2|Volcarona, L50, M|
|teampreview|4
|showteam|p1|Dragonite||LoadedDice|Multiscale|ScaleShot,ExtremeSpeed,Haze,Protect|||F|||50|,,,,,Fairy]Sneasler||FocusSash|PoisonTouch|DireClaw,CloseCombat,FakeOut,Coaching|||F|||50|,,,,,Ghost]Volcarona||CovertCloak|FlameBody|HeatWave,TeraBlast,QuiverDance,Protect|||F|||50|,,,,,Fairy]Rillaboom||AssaultVest|GrassySurge|WoodHammer,FakeOut,GrassyGlide,HighHorsepower|||M|||50|,,,,,Fire]Kingambit||BlackGlasses|Defiant|KowtowCleave,SwordsDance,SuckerPunch,Protect|||F|||50|,,,,,Dark]Electabuzz||Eviolite|VitalSpirit|Thunderbolt,FollowMe,Taunt,Protect|||F|||50|,,,,,Ghost
|showteam|p2|Primarina||SitrusBerry|LiquidVoice|Protect,HyperVoice,Moonblast,PerishSong|||F|||50|,,,,,Steel]Gothitelle||MentalHerb|ShadowTag|Protect,Psychic,TrickRoom,FakeOut|||F|||50|,,,,,Water]Amoonguss||RockyHelmet|Regenerator|Protect,PollenPuff,RagePowder,Spore|||M|||50|,,,,,Psychic]Incineroar||SafetyGoggles|Intimidate|Protect,KnockOff,PartingShot,FakeOut|||M|||50|,,,,,Ghost]Ursaluna-Bloodmoon||LifeOrb|MindsEye|Protect,HyperVoice,BloodMoon,EarthPower|||M|||50|,,,,,Normal]Volcarona||CovertCloak|FlameBody|Protect,Flamethrower,BugBuzz,QuiverDance|||M|||50|,,,,,Fairy
|inactive|Battle timer is ON: inactive players will automatically lose when time's up. (requested by MoonEnthusiast)
|inactive|marcosdeltasena31 has 60 seconds left.
|
|t:|1757714517
|teamsize|p1|4
|teamsize|p2|4
|start
|switch|p1a: Volcarona|Volcarona, L50, F|100/100
|switch|p1b: Rillaboom|Rillaboom, L50, M|100/100
|switch|p2a: Gothitelle|Gothitelle, L50, F|100/100
|switch|p2b: Primarina|Primarina, L50, F|100/100
|-fieldstart|move: Grassy Terrain|[from] ability: Grassy Surge|[of] p1b: Rillaboom
|turn|1
|
|t:|1757714532
|move|p1b: Rillaboom|Fake Out|p2b: Primarina
|-damage|p2b: Primarina|84/100
|move|p1a: Volcarona|Quiver Dance|p1a: Volcarona
|-boost|p1a: Volcarona|spa|1
|-boost|p1a: Volcarona|spd|1
|-boost|p1a: Volcarona|spe|1
|cant|p2b: Primarina|flinch
|move|p2a: Gothitelle|Trick Room|p2a: Gothitelle
|-fieldstart|move: Trick Room|[of] p2a: Gothitelle
|
|-heal|p2b: Primarina|90/100|[from] Grassy Terrain
|upkeep
|turn|2
|
|t:|1757714555
|-terastallize|p1a: Volcarona|Fairy
|move|p2a: Gothitelle|Protect|p2a: Gothitelle
|-singleturn|p2a: Gothitelle|Protect
|move|p2b: Primarina|Perish Song|p2b: Primarina
|-start|p1a: Volcarona|perish3|[silent]
|-start|p1b: Rillaboom|perish3|[silent]
|-start|p2a: Gothitelle|perish3|[silent]
|-start|p2b: Primarina|perish3|[silent]
|-fieldactivate|move: Perish Song
|move|p1b: Rillaboom|Wood Hammer|p2a: Gothitelle
|-activate|p2a: Gothitelle|move: Protect
|move|p1a: Volcarona|Heat Wave|p2a: Gothitelle|[spread] p2b
|-activate|p2a: Gothitelle|move: Protect
|-resisted|p2b: Primarina
|-damage|p2b: Primarina|69/100
|-status|p2b: Primarina|brn
|
|-heal|p2b: Primarina|75/100 brn|[from] Grassy Terrain
|-damage|p2b: Primarina|69/100 brn|[from] brn
|-start|p2b: Primarina|perish3
|-start|p2a: Gothitelle|perish3
|-start|p1b: Rillaboom|perish3
|-start|p1a: Volcarona|perish3
|upkeep
|turn|3
|
|t:|1757714577
|switch|p2a: Amoonguss|Amoonguss, L50, M|100/100
|move|p2b: Primarina|Hyper Voice|p1b: Rillaboom|[spread] p1a,p1b
|-resisted|p1b: Rillaboom
|-damage|p1a: Volcarona|75/100
|-damage|p1b: Rillaboom|86/100
|move|p1b: Rillaboom|Wood Hammer|p2a: Amoonguss
|-resisted|p2a: Amoonguss
|-damage|p2a: Amoonguss|85/100
|-damage|p1b: Rillaboom|70/100|[from] item: Rocky Helmet|[of] p2a: Amoonguss
|-damage|p1b: Rillaboom|64/100|[from] Recoil
|move|p1a: Volcarona|Heat Wave|p2a: Amoonguss|[spread] p2a,p2b
|-supereffective|p2a: Amoonguss
|-resisted|p2b: Primarina
|-damage|p2a: Amoonguss|0 fnt
|-damage|p2b: Primarina|45/100 brn
|-enditem|p2b: Primarina|Sitrus Berry|[eat]
|-heal|p2b: Primarina|70/100 brn|[from] item: Sitrus Berry
|faint|p2a: Amoonguss
|
|-heal|p2b: Primarina|77/100 brn|[from] Grassy Terrain
|-heal|p1b: Rillaboom|70/100|[from] Grassy Terrain
|-heal|p1a: Volcarona|81/100|[from] Grassy Terrain
|-damage|p2b: Primarina|70/100 brn|[from] brn
|-start|p2b: Primarina|perish2
|-start|p1b: Rillaboom|perish2
|-start|p1a: Volcarona|perish2
|upkeep
|
|t:|1757714592
|switch|p2a: Gothitelle|Gothitelle, L50, F|100/100
|turn|4
|
|t:|1757714606
|switch|p2b: Ursaluna|Ursaluna-Bloodmoon, L50, M|100/100
|move|p2a: Gothitelle|Fake Out|p1b: Rillaboom
|-damage|p1b: Rillaboom|65/100
|cant|p1b: Rillaboom|flinch
|move|p1a: Volcarona|Heat Wave|p2b: Ursaluna|[spread] p2a,p2b
|-damage|p2a: Gothitelle|60/100
|-damage|p2b: Ursaluna|40/100
|
|-heal|p2b: Ursaluna|46/100|[from] Grassy Terrain
|-heal|p2a: Gothitelle|66/100|[from] Grassy Terrain
|-heal|p1b: Rillaboom|71/100|[from] Grassy Terrain
|-heal|p1a: Volcarona|87/100|[from] Grassy Terrain
|-start|p1b: Rillaboom|perish1
|-start|p1a: Volcarona|perish1
|upkeep
|turn|5
|
|t:|1757714620
|move|p2b: Ursaluna|Protect|p2b: Ursaluna
|-singleturn|p2b: Ursaluna|Protect
|move|p2a: Gothitelle|Protect|p2a: Gothitelle
|-singleturn|p2a: Gothitelle|Protect
|move|p1b: Rillaboom|Grassy Glide|p2b: Ursaluna
|-activate|p2b: Ursaluna|move: Protect
|move|p1a: Volcarona|Heat Wave|p2a: Gothitelle|[spread] 
|-activate|p2a: Gothitelle|move: Protect
|-activate|p2b: Ursaluna|move: Protect
|
|-heal|p2b: Ursaluna|52/100|[from] Grassy Terrain
|-heal|p2a: Gothitelle|72/100|[from] Grassy Terrain
|-heal|p1b: Rillaboom|77/100|[from] Grassy Terrain
|-heal|p1a: Volcarona|93/100|[from] Grassy Terrain
|-start|p1b: Rillaboom|perish0
|-start|p1a: Volcarona|perish0
|-fieldend|move: Trick Room
|-fieldend|move: Grassy Terrain
|faint|p1b: Rillaboom
|faint|p1a: Volcarona
|upkeep
|
|t:|1757714625
|switch|p1a: Kingambit|Kingambit, L50, F|100/100
|switch|p1b: Sneasler|Sneasler, L50, F|100/100
|turn|6
|
|t:|1757714637
|switch|p2a: Primarina|Primarina, L50, F|70/100 brn
|move|p2b: Ursaluna|Protect|p2b: Ursaluna
|-singleturn|p2b: Ursaluna|Protect
|move|p1b: Sneasler|Close Combat|p2b: Ursaluna
|-activate|p2b: Ursaluna|move: Protect
|move|p1a: Kingambit|Kowtow Cleave|p2a: Primarina
|-resisted|p2a: Primarina
|-damage|p2a: Primarina|36/100 brn
|
|-damage|p2a: Primarina|30/100 brn|[from] brn
|upkeep
|turn|7
|
|t:|1757714652
|move|p1b: Sneasler|Close Combat|p2b: Ursaluna
|-supereffective|p2b: Ursaluna
|-damage|p2b: Ursaluna|0 fnt
|-unboost|p1b: Sneasler|def|1
|-unboost|p1b: Sneasler|spd|1
|faint|p2b: Ursaluna
|move|p2a: Primarina|Perish Song|p2a: Primarina
|-start|p1a: Kingambit|perish3|[silent]
|-start|p1b: Sneasler|perish3|[silent]
|-start|p2a: Primarina|perish3|[silent]
|-fieldactivate|move: Perish Song
|move|p1a: Kingambit|Kowtow Cleave|p2a: Primarina
|-resisted|p2a: Primarina
|-damage|p2a: Primarina|0 fnt
|faint|p2a: Primarina
|
|-start|p1b: Sneasler|perish3
|-start|p1a: Kingambit|perish3
|upkeep
|
|t:|1757714656
|switch|p2a: Gothitelle|Gothitelle, L50, F|72/100
|turn|8
|
|t:|1757714668
|move|p2a: Gothitelle|Fake Out|p1a: Kingambit
|-resisted|p1a: Kingambit
|-damage|p1a: Kingambit|99/100
|move|p1b: Sneasler|Dire Claw|p2a: Gothitelle
|-damage|p2a: Gothitelle|31/100
|-status|p2a: Gothitelle|psn|[from] ability: Poison Touch|[of] p1b: Sneasler
|cant|p1a: Kingambit|flinch
|
|-damage|p2a: Gothitelle|19/100 psn|[from] psn
|-start|p1b: Sneasler|perish2
|-start|p1a: Kingambit|perish2
|upkeep
|turn|9
|
|t:|1757714677
|move|p2a: Gothitelle|Protect|p2a: Gothitelle
|-singleturn|p2a: Gothitelle|Protect
|move|p1b: Sneasler|Dire Claw|p2a: Gothitelle
|-activate|p2a: Gothitelle|move: Protect
|move|p1a: Kingambit|Kowtow Cleave|p2a: Gothitelle
|-activate|p2a: Gothitelle|move: Protect
|
|-damage|p2a: Gothitelle|6/100 psn|[from] psn
|-start|p1b: Sneasler|perish1
|-start|p1a: Kingambit|perish1
|upkeep
|turn|10
|
|t:|1757714683
|move|p2a: Gothitelle|Protect|p2a: Gothitelle
|-singleturn|p2a: Gothitelle|Protect
|move|p1b: Sneasler|Dire Claw|p2a: Gothitelle
|-activate|p2a: Gothitelle|move: Protect
|move|p1a: Kingambit|Kowtow Cleave|p2a: Gothitelle
|-activate|p2a: Gothitelle|move: Protect
|
|-damage|p2a: Gothitelle|0 fnt|[from] psn
|faint|p2a: Gothitelle
|
|win|marcosdeltasena31
|raw|marcosdeltasena31's rating: 1427 → 1439(+12 for winning)
|raw|MoonEnthusiast's rating: 1275 → 1260(-15 for losing)
|c|☆MoonEnthusiast|Good to know lol
|c|☆MoonEnthusiast|ggs
|c|☆MoonEnthusiast|Sloppy positioning by ne
|l|☆MoonEnthusiast
|player|p2|
|c|☆marcosdeltasena31|good game gg
