|j|☆BVSelf
|j|☆DrXJ13
|html|BVSelfDrXJ13    
|uhtml|bestof|Game 2 of a best-of-3
|t:|1783198135
|gametype|doubles
|player|p1|BVSelf|juan|1360
|player|p2|DrXJ13|cyrus|1314
|gen|9
|tier|[Gen 9 Champions] VGC 2026 Reg M-B (Bo3)
|rated|
|rule|Species Clause: Limit one of each Pokémon
|rule|Item Clause: Limit 1 of each item
|clearpoke
|poke|p1|Torkoal, L50, M|
|poke|p1|Venusaur, L50, F|
|poke|p1|Farigiraf, L50, F|
|poke|p1|Scrafty, L50, F|
|poke|p1|Mamoswine, L50, F|
|poke|p1|Pyroar, L50, M|
|poke|p2|Froslass, L50, F|
|poke|p2|Sneasler, L50, F|
|poke|p2|Kingambit, L50, M|
|poke|p2|Scovillain, L50, F|
|poke|p2|Basculegion, L50, M|
|poke|p2|Lycanroc-Dusk, L50, F|
|teampreview|4
|showteam|p1|Torkoal||HeatRock|Drought|Eruption,WeatherBall,HelpingHand,Protect|Quiet||M|||50|]Venusaur||LifeOrb|Chlorophyll|EnergyBall,SludgeBomb,EarthPower,Protect|Modest||F|||50|]Farigiraf||SitrusBerry|ArmorTail|PsychicFangs,Thunderbolt,TrickRoom,Protect|Relaxed||F|||50|]Scrafty||Scraftinite|Intimidate|KnockOff,DrainPunch,FakeOut,IcePunch|Adamant||F|||50|]Mamoswine||FocusSash|Oblivious|HighHorsepower,RockSlide,IceShard,Protect|Adamant||F|||50|]Pyroar||Pyroarite|Unnerve|HeatWave,Overheat,Yawn,Protect|Timid||M|||50|
|showteam|p2|Froslass||Froslassite|CursedBody|Blizzard,ShadowBall,AuroraVeil,Protect|Modest||F|||50|]Sneasler||WhiteHerb|Unburden|FakeOut,CloseCombat,DireClaw,Protect|Jolly||F|||50|]Kingambit||BlackGlasses|Defiant|SwordsDance,SuckerPunch,Protect,KowtowCleave|Adamant||M|||50|]Scovillain||Scovillainite|Moody|Overheat,GigaDrain,RagePowder,Protect|Bold||F|||50|]Basculegion||ChoiceScarf|Adaptability|AquaJet,FlipTurn,WaveCrash,LastRespects|Jolly||M|||50|]Lycanroc-Dusk||FocusSash|ToughClaws|Accelerock,CloseCombat,RockSlide,Protect|Adamant||F|||50|
|inactive|Battle timer is ON: inactive players will automatically lose when time's up. (requested by DrXJ13)
|
|t:|1783198161
|teamsize|p1|4
|teamsize|p2|4
|start
|switch|p1a: Pyroar|Pyroar, L50, M|100/100
|switch|p1b: Scrafty|Scrafty, L50, F|100/100
|switch|p2a: Froslass|Froslass, L50, F|100/100
|switch|p2b: Basculegion|Basculegion, L50, M|100/100
|-ability|p1a: Pyroar|Unnerve
|-ability|p1b: Scrafty|Intimidate|boost
|-unboost|p2a: Froslass|atk|1
|-unboost|p2b: Basculegion|atk|1
|turn|1
|inactive|DrXJ13 has 30 seconds left.
|
|t:|1783198192
|detailschange|p2a: Froslass|Froslass-Mega, L50, F
|-mega|p2a: Froslass|Froslass|Froslassite
|-weather|Snowscape|[from] ability: Snow Warning|[of] p2a: Froslass
|move|p1a: Pyroar|Protect|p1a: Pyroar
|-singleturn|p1a: Pyroar|Protect
|move|p2b: Basculegion|Flip Turn|p1b: Scrafty
|-damage|p1b: Scrafty|77/100
|
|t:|1783198202
|switch|p2b: Lycanroc|Lycanroc-Dusk, L50, F|100/100|[from] Flip Turn
|move|p2a: Froslass|Blizzard|p1b: Scrafty|[spread] p1b
|-activate|p1a: Pyroar|move: Protect
|-damage|p1b: Scrafty|34/100
|move|p1b: Scrafty|Knock Off|p2b: Lycanroc
|-damage|p2b: Lycanroc|24/100
|-enditem|p2b: Lycanroc|Focus Sash|[from] move: Knock Off|[of] p1b: Scrafty
|
|-weather|Snowscape|[upkeep]
|upkeep
|turn|2
|inactive|DrXJ13 has 30 seconds left.
|
|t:|1783198229
|switch|p1b: Farigiraf|Farigiraf, L50, F|100/100
|detailschange|p1a: Pyroar|Pyroar-Mega, L50, M
|-mega|p1a: Pyroar|Pyroar|Pyroarite
|move|p2a: Froslass|Protect|p2a: Froslass
|-singleturn|p2a: Froslass|Protect
|move|p2b: Lycanroc|Accelerock||[still]
|cant|p1b: Farigiraf|ability: Armor Tail|Accelerock|[of] p2b: Lycanroc
|move|p1a: Pyroar|Heat Wave|p2a: Froslass|[spread] p2b
|-activate|p2a: Froslass|move: Protect
|-resisted|p2b: Lycanroc|1
|-damage|p2b: Lycanroc|0 fnt
|faint|p2b: Lycanroc
|
|-weather|Snowscape|[upkeep]
|upkeep
|
|t:|1783198233
|switch|p2b: Basculegion|Basculegion, L50, M|100/100
|turn|3
|
|t:|1783198252
|move|p2b: Basculegion|Wave Crash|p1a: Pyroar
|-supereffective|p1a: Pyroar|1
|-damage|p1a: Pyroar|0 fnt
|faint|p1a: Pyroar
|-damage|p2b: Basculegion|72/100|[from] Recoil
|move|p2a: Froslass|Blizzard|p1b: Farigiraf
|-damage|p1b: Farigiraf|43/100
|-enditem|p1b: Farigiraf|Sitrus Berry|[eat]
|-heal|p1b: Farigiraf|67/100|[from] item: Sitrus Berry
|move|p1b: Farigiraf|Thunderbolt|p2b: Basculegion
|-supereffective|p2b: Basculegion|1
|-damage|p2b: Basculegion|18/100
|
|-weather|Snowscape|[upkeep]
|upkeep
|
|t:|1783198266
|switch|p1a: Scrafty|Scrafty, L50, F|34/100
|-ability|p1a: Scrafty|Intimidate|boost
|-unboost|p2a: Froslass|atk|1
|-unboost|p2b: Basculegion|atk|1
|turn|4
|
|t:|1783198285
|switch|p1a: Torkoal|Torkoal, L50, M|100/100
|-weather|SunnyDay|[from] ability: Drought|[of] p1a: Torkoal
|move|p2b: Basculegion|Wave Crash|p1b: Farigiraf
|-damage|p1b: Farigiraf|49/100
|-damage|p2b: Basculegion|11/100|[from] Recoil
|move|p2a: Froslass|Blizzard|p1a: Torkoal|[spread] p1a,p1b
|-resisted|p1a: Torkoal|1
|-damage|p1a: Torkoal|71/100
|-damage|p1b: Farigiraf|11/100
|move|p1b: Farigiraf|Trick Room|p1b: Farigiraf
|-fieldstart|move: Trick Room|[of] p1b: Farigiraf
|
|-weather|SunnyDay|[upkeep]
|upkeep
|turn|5
|
|t:|1783198307
|move|p2a: Froslass|Protect|p2a: Froslass
|-singleturn|p2a: Froslass|Protect
|move|p1a: Torkoal|Eruption|p2b: Basculegion|[spread] p2b
|-activate|p2a: Froslass|move: Protect
|-resisted|p2b: Basculegion|1
|-crit|p2b: Basculegion
|-damage|p2b: Basculegion|0 fnt
|faint|p2b: Basculegion
|move|p1b: Farigiraf|Thunderbolt|p2a: Froslass
|-activate|p2a: Froslass|move: Protect
|
|-weather|SunnyDay|[upkeep]
|upkeep
|
|t:|1783198315
|switch|p2b: Kingambit|Kingambit, L50, M|100/100
|turn|6
|
|t:|1783198323
|move|p1b: Farigiraf|Protect|p1b: Farigiraf
|-singleturn|p1b: Farigiraf|Protect
|move|p2a: Froslass|Protect|p2a: Froslass
|-singleturn|p2a: Froslass|Protect
|move|p1a: Torkoal|Eruption|p2b: Kingambit|[spread] p2b
|-activate|p2a: Froslass|move: Protect
|-supereffective|p2b: Kingambit|1
|-damage|p2b: Kingambit|7/100
|move|p2b: Kingambit|Kowtow Cleave|p1a: Torkoal
|-damage|p1a: Torkoal|26/100
|
|-weather|SunnyDay|[upkeep]
|upkeep
|turn|7
|
|t:|1783198346
|move|p1a: Torkoal|Weather Ball|p2a: Froslass
|-supereffective|p2a: Froslass|1
|-damage|p2a: Froslass|0 fnt
|faint|p2a: Froslass
|move|p1b: Farigiraf|Thunderbolt|p2b: Kingambit
|-damage|p2b: Kingambit|0 fnt
|faint|p2b: Kingambit
|
|win|BVSelf
