|j|☆pentagonfoot
|j|☆LumiRev
|html|pentagonfootLumiRev    
|uhtml|bestof|Game 1 of a best-of-3
|t:|1757722786
|gametype|doubles
|player|p1|pentagonfoot|caitlin|1172
|player|p2|LumiRev|169|1143
|gen|9
|tier|[Gen 9] VGC 2025 Reg H (Bo3)
|rated|
|rule|Species Clause: Limit one of each Pokémon
|rule|Item Clause: Limit 1 of each item
|clearpoke
|poke|p1|Hatterene, L50, F|
|poke|p1|Indeedee-F, L50, F|
|poke|p1|Torkoal, L50, F|
|poke|p1|Ursaluna, L50, F|
|poke|p1|Gallade, L50, M|
|poke|p1|Maushold, L50|
|poke|p2|Ursaluna, L50, F|
|poke|p2|Torkoal, L50, M|
|poke|p2|Jumpluff, L50, M|
|poke|p2|Incineroar, L50, M|
|poke|p2|Dusclops, L50, M|
|poke|p2|Charizard, L50, M|
|teampreview|4
|showteam|p1|Hatterene||CovertCloak|MagicBounce|ExpandingForce,DazzlingGleam,TeraBlast,TrickRoom|||F|||50|,,,,,Fire]Indeedee-F||PsychicSeed|PsychicSurge|Psychic,FollowMe,HelpingHand,TrickRoom|||F|||50|,,,,,Water]Torkoal||ChoiceSpecs|Drought|Eruption,HeatWave,EarthPower,WeatherBall|||F|||50|,,,,,Fire]Ursaluna||FlameOrb|Guts|Facade,Earthquake,HeadlongRush,Protect|||F|||50|,,,,,Ghost]Gallade||ClearAmulet|Sharpness|SacredSword,PsychoCut,WideGuard,TrickRoom|||M|||50|,,,,,Grass]Maushold||WideLens|Technician|PopulationBomb,FollowMe,Taunt,Protect||||||50|,,,,,Poison
|showteam|p2|Ursaluna||FlameOrb|Guts|Facade,HeadlongRush,Earthquake,Protect|||F|||50|,,,,,Ghost]Torkoal||EjectPack|Drought|Eruption,Overheat,HelpingHand,Protect|||M|||50|,,,,,Fire]Jumpluff||CovertCloak|Chlorophyll|SleepPowder,RagePowder,SunnyDay,Tailwind|||M|||50|,,,,,Water]Incineroar||SafetyGoggles|Intimidate|FakeOut,PartingShot,KnockOff,FlareBlitz|||M|||50|,,,,,Ghost]Dusclops||Eviolite|Pressure|WillOWisp,HelpingHand,SunnyDay,TrickRoom|||M|||50|,,,,,Flying]Charizard||ChoiceSpecs|SolarPower|HeatWave,AirSlash,WeatherBall,Overheat|||M|||50|,,,,,Ghost
|inactive|Battle timer is ON: inactive players will automatically lose when time's up. (requested by pentagonfoot)
|inactive|pentagonfoot has 60 seconds left.
|
|t:|1757722845
|teamsize|p1|4
|teamsize|p2|4
|start
|switch|p1a: Catford Bridge|Indeedee-F, L50, F|100/100
|switch|p1b: Victoria|Hatterene, L50, F|100/100
|switch|p2a: Incineroar|Incineroar, L50, M|100/100
|switch|p2b: Jumpluff|Jumpluff, L50, M|100/100
|-ability|p2a: Incineroar|Intimidate|boost
|-unboost|p1a: Catford Bridge|atk|1
|-unboost|p1b: Victoria|atk|1
|-fieldstart|move: Psychic Terrain|[from] ability: Psychic Surge|[of] p1a: Catford Bridge
|-enditem|p1a: Catford Bridge|Psychic Seed
|-boost|p1a: Catford Bridge|spd|1|[from] item: Psychic Seed
|turn|1
|
|t:|1757722870
|move|p2b: Jumpluff|Sleep Powder|p1b: Victoria
|move|p1b: Victoria|Sleep Powder|p2b: Jumpluff|[from] ability: Magic Bounce
|-immune|p2b: Jumpluff
|move|p2a: Incineroar|Knock Off|p1a: Catford Bridge
|-supereffective|p1a: Catford Bridge
|-damage|p1a: Catford Bridge|44/100
|move|p1b: Victoria|Expanding Force|p2a: Incineroar|[spread] p2b
|-immune|p2a: Incineroar
|-damage|p2b: Jumpluff|30/100
|move|p1a: Catford Bridge|Trick Room|p1a: Catford Bridge
|-fieldstart|move: Trick Room|[of] p1a: Catford Bridge
|
|upkeep
|turn|2
|inactive|LumiRev has 30 seconds left.
|inactive|LumiRev has 20 seconds left.
|inactive|LumiRev has 15 seconds left.
|
|t:|1757722915
|switch|p1a: Slade Green|Gallade, L50, M|100/100
|move|p1b: Victoria|Dazzling Gleam|p2b: Jumpluff|[spread] p2a,p2b
|-damage|p2a: Incineroar|67/100
|-damage|p2b: Jumpluff|0 fnt
|faint|p2b: Jumpluff
|move|p2a: Incineroar|Knock Off|p1a: Slade Green
|-damage|p1a: Slade Green|39/100
|-enditem|p1a: Slade Green|Clear Amulet|[from] move: Knock Off|[of] p2a: Incineroar
|
|upkeep
|
|t:|1757722926
|switch|p2b: Ursaluna|Ursaluna, L50, F|100/100
|turn|3
|
|t:|1757722945
|switch|p2a: Charizard|Charizard, L50, M|100/100
|move|p1b: Victoria|Expanding Force|p2b: Ursaluna|[spread] p2a,p2b
|-damage|p2a: Charizard|6/100
|-damage|p2b: Ursaluna|30/100
|move|p1a: Slade Green|Sacred Sword|p2a: Charizard
|-resisted|p2a: Charizard
|-damage|p2a: Charizard|0 fnt
|faint|p2a: Charizard
|move|p2b: Ursaluna|Earthquake|p1b: Victoria|[spread] p1a,p1b
|-damage|p1a: Slade Green|0 fnt
|-damage|p1b: Victoria|50/100
|faint|p1a: Slade Green
|
|-status|p2b: Ursaluna|brn|[from] item: Flame Orb
|upkeep
|
|t:|1757722958
|switch|p1a: Sundridge Park|Torkoal, L50, F|100/100
|switch|p2a: Incineroar|Incineroar, L50, M|67/100
|-weather|SunnyDay|[from] ability: Drought|[of] p1a: Sundridge Park
|-ability|p2a: Incineroar|Intimidate|boost
|-unboost|p1a: Sundridge Park|atk|1
|-unboost|p1b: Victoria|atk|1
|turn|4
|
|t:|1757722973
|move|p2b: Ursaluna|Protect|p2b: Ursaluna
|-singleturn|p2b: Ursaluna|Protect
|move|p1a: Sundridge Park|Earth Power|p2a: Incineroar
|-supereffective|p2a: Incineroar
|-damage|p2a: Incineroar|0 fnt
|faint|p2a: Incineroar
|move|p1b: Victoria|Expanding Force|p2b: Ursaluna
|-activate|p2b: Ursaluna|move: Protect
|
|-weather|SunnyDay|[upkeep]
|-damage|p2b: Ursaluna|24/100 brn|[from] brn
|upkeep
|turn|5
|
|t:|1757722982
|move|p2b: Ursaluna|Protect||[still]
|-fail|p2b: Ursaluna
|move|p1a: Sundridge Park|Earth Power|p2b: Ursaluna
|-damage|p2b: Ursaluna|0 fnt
|faint|p2b: Ursaluna
|
|win|pentagonfoot
||LumiRev is ready for game 2.
||pentagonfoot is ready for game 2.
|uhtml|next|Next: Game 2 of 3
