|j|☆Mr. Murtzee
|j|☆nupe_123
|html|Mr. Murtzeenupe_123    
|uhtml|bestof|Game 1 of a best-of-3
|t:|1785249279
|gametype|doubles
|player|p1|Mr. Murtzee|gentleman|1043
|player|p2|nupe_123|266|1133
|gen|9
|tier|[Gen 9 Champions] VGC 2026 Reg M-B (Bo3)
|rated|
|rule|Species Clause: Limit one of each Pokémon
|rule|Item Clause: Limit 1 of each item
|clearpoke
|poke|p1|Aggron, L50, M|
|poke|p1|Slowking, L50, M|
|poke|p1|Scrafty, L50, M|
|poke|p1|Mr. Rime, L50, M|
|poke|p1|Klefki, L50, M|
|poke|p1|Dragapult, L50, M|
|poke|p2|Froslass, L50, F|
|poke|p2|Garchomp, L50, F, shiny|
|poke|p2|Incineroar, L50, F, shiny|
|poke|p2|Kingambit, L50, F, shiny|
|poke|p2|Glimmora, L50, F|
|poke|p2|Farigiraf, L50, M, shiny|
|teampreview|4
|showteam|p1|Aggron||Aggronite|Sturdy|IronDefense,IronHead,BodyPress,Protect|Careful||M|||50|]Slowking||SitrusBerry|Regenerator|Scald,Psychic,TrickRoom,HealPulse|Modest||M|||50|]Scrafty||RoseliBerry|Intimidate|KnockOff,LowKick,FakeOut,Protect|Adamant||M|||50|]Mr. Rime||FocusSash|ScreenCleaner|FreezeDry,Psychic,FakeOut,Protect|Modest||M|||50|]Klefki||LightClay|Prankster|DazzlingGleam,LightScreen,Reflect,FoulPlay|Bold||M|||50|]Dragapult||ChoiceScarf|ClearBody|DragonDarts,PhantomForce,SuckerPunch,Uturn|Adamant||M|||50|
|showteam|p2|Froslass||Froslassite|CursedBody|Blizzard,ShadowBall,AuroraVeil,Protect|Timid||F|||50|]Garchomp||LifeOrb|RoughSkin|RockSlide,DragonClaw,StompingTantrum,Protect|Jolly||F|||50|]Incineroar||SitrusBerry|Intimidate|FlareBlitz,ThroatChop,FakeOut,PartingShot|Impish||F|||50|]Kingambit||BlackGlasses|Defiant|KowtowCleave,SuckerPunch,LowKick,Protect|Brave||F|||50|]Glimmora||FocusSash|ToxicDebris|PowerGem,SludgeBomb,EarthPower,SpikyShield|Modest||F|||50|]Farigiraf||ColburBerry|ArmorTail|Psychic,Thunderbolt,TrickRoom,HelpingHand|Relaxed||M|||50|
|inactive|Battle timer is ON: inactive players will automatically lose when time's up. (requested by Mr. Murtzee)
|inactive|nupe_123 has 60 seconds left.
|inactive|nupe_123 has 30 seconds left.
|inactive|nupe_123 has 20 seconds left.
|inactive|nupe_123 has 15 seconds left.
|inactive|nupe_123 has 10 seconds left.
|
|t:|1785249362
|teamsize|p1|4
|teamsize|p2|4
|start
|switch|p1a: Mr. Rime|Mr. Rime, L50, M|100/100
|switch|p1b: Scrafty|Scrafty, L50, M|100/100
|switch|p2a: Glimmora|Glimmora, L50, F|100/100
|switch|p2b: Kingambit|Kingambit, L50, F, shiny|100/100
|-ability|p1b: Scrafty|Intimidate|boost
|-unboost|p2a: Glimmora|atk|1
|-unboost|p2b: Kingambit|atk|1
|-ability|p2b: Kingambit|Defiant|boost
|-boost|p2b: Kingambit|atk|2
|turn|1
|inactive|Mr. Murtzee has 30 seconds left.
|
|t:|1785249392
|move|p2a: Glimmora|Spiky Shield|p2a: Glimmora
|-singleturn|p2a: Glimmora|move: Protect
|move|p2b: Kingambit|Protect|p2b: Kingambit
|-singleturn|p2b: Kingambit|Protect
|move|p1a: Mr. Rime|Fake Out|p2b: Kingambit
|-activate|p2b: Kingambit|move: Protect
|move|p1b: Scrafty|Fake Out|p2a: Glimmora
|-activate|p2a: Glimmora|move: Protect
|-damage|p1b: Scrafty|87/100|[from] Spiky Shield|[of] p2a: Glimmora
|
|upkeep
|turn|2
|inactive|nupe_123 has 30 seconds left.
|inactive|nupe_123 has 20 seconds left.
|inactive|nupe_123 has 15 seconds left.
|
|t:|1785249432
|switch|p2a: Incineroar|Incineroar, L50, F, shiny|100/100
|-ability|p2a: Incineroar|Intimidate|boost
|-unboost|p1a: Mr. Rime|atk|1
|-unboost|p1b: Scrafty|atk|1
|move|p2b: Kingambit|Sucker Punch|p1a: Mr. Rime
|-supereffective|p1a: Mr. Rime|1
|-enditem|p1a: Mr. Rime|Focus Sash
|-damage|p1a: Mr. Rime|1/100
|move|p1a: Mr. Rime|Psychic|p2a: Incineroar
|-immune|p2a: Incineroar
|move|p1b: Scrafty|Low Kick|p2b: Kingambit
|-supereffective|p2b: Kingambit|2
|-damage|p2b: Kingambit|13/100
|
|upkeep
|turn|3
|inactive|Mr. Murtzee has 30 seconds left.
|inactive|Mr. Murtzee has 20 seconds left.
|
|t:|1785249470
|move|p1a: Mr. Rime|Protect|p1a: Mr. Rime
|-singleturn|p1a: Mr. Rime|Protect
|move|p2a: Incineroar|Fake Out|p1b: Scrafty
|-damage|p1b: Scrafty|77/100
|cant|p1b: Scrafty|flinch
|move|p2b: Kingambit|Kowtow Cleave|p1a: Mr. Rime
|-activate|p1a: Mr. Rime|move: Protect
|
|upkeep
|turn|4
|inactive|nupe_123 has 30 seconds left.
|
|t:|1785249495
|switch|p1a: Slowking|Slowking, L50, M|100/100
|move|p2b: Kingambit|Protect|p2b: Kingambit
|-singleturn|p2b: Kingambit|Protect
|move|p2a: Incineroar|Parting Shot|p1b: Scrafty
|-unboost|p1b: Scrafty|atk|1
|-unboost|p1b: Scrafty|spa|1
|
|t:|1785249515
|switch|p2a: Froslass|Froslass, L50, F|100/100|[from] Parting Shot
|move|p1b: Scrafty|Low Kick|p2b: Kingambit
|-activate|p2b: Kingambit|move: Protect
|
|upkeep
|turn|5
|inactive|nupe_123 has 30 seconds left.
|inactive|nupe_123 has 20 seconds left.
|inactive|nupe_123 has 15 seconds left.
|inactive|nupe_123 has 10 seconds left.
|inactive|nupe_123 has 5 seconds left.
|
|t:|1785249565
|switch|p2b: Incineroar|Incineroar, L50, F, shiny|100/100
|-ability|p2b: Incineroar|Intimidate|boost
|-unboost|p1a: Slowking|atk|1
|-unboost|p1b: Scrafty|atk|1
|detailschange|p2a: Froslass|Froslass-Mega, L50, F
|-mega|p2a: Froslass|Froslass|Froslassite
|-weather|Snowscape|[from] ability: Snow Warning|[of] p2a: Froslass
|move|p2a: Froslass|Aurora Veil|p2a: Froslass
|-sidestart|p2: nupe_123|move: Aurora Veil
|move|p1b: Scrafty|Low Kick|p2b: Incineroar
|-supereffective|p2b: Incineroar|1
|-damage|p2b: Incineroar|86/100
|move|p1a: Slowking|Trick Room|p1a: Slowking
|-fieldstart|move: Trick Room|[of] p1a: Slowking
|
|-weather|Snowscape|[upkeep]
|upkeep
|turn|6
|
|t:|1785249587
|move|p2b: Incineroar|Fake Out|p1a: Slowking
|-damage|p1a: Slowking|86/100
|cant|p1a: Slowking|flinch
|move|p1b: Scrafty|Knock Off|p2a: Froslass
|-supereffective|p2a: Froslass|1
|-damage|p2a: Froslass|82/100
|move|p2a: Froslass|Blizzard|p1a: Slowking|[spread] p1a,p1b
|-resisted|p1a: Slowking|1
|-damage|p1a: Slowking|69/100
|-damage|p1b: Scrafty|39/100
|
|-weather|Snowscape|[upkeep]
|upkeep
|turn|7
|inactive|Mr. Murtzee has 30 seconds left.
|inactive|nupe_123 has 30 seconds left.
|
|t:|1785249615
|move|p1a: Slowking|Scald|p2b: Incineroar
|-supereffective|p2b: Incineroar|1
|-damage|p2b: Incineroar|37/100
|-enditem|p2b: Incineroar|Sitrus Berry|[eat]
|-heal|p2b: Incineroar|62/100|[from] item: Sitrus Berry
|move|p1b: Scrafty|Knock Off|p2a: Froslass
|-supereffective|p2a: Froslass|1
|-damage|p2a: Froslass|66/100
|move|p2b: Incineroar|Parting Shot|p1b: Scrafty
|-unboost|p1b: Scrafty|atk|1
|-unboost|p1b: Scrafty|spa|1
|
|t:|1785249626
|switch|p2b: Kingambit|Kingambit, L50, F, shiny|13/100|[from] Parting Shot
|move|p2a: Froslass|Shadow Ball|p1a: Slowking
|-supereffective|p1a: Slowking|1
|-crit|p1a: Slowking
|-damage|p1a: Slowking|0 fnt
|faint|p1a: Slowking
|
|-weather|Snowscape|[upkeep]
|upkeep
|
|t:|1785249635
|switch|p1a: Mr. Rime|Mr. Rime, L50, M|1/100
|-activate|p1a: Mr. Rime|ability: Screen Cleaner
|-sideend|p2: nupe_123|move: Aurora Veil
|turn|8
|inactive|Mr. Murtzee has 30 seconds left.
|
|t:|1785249664
|move|p2b: Kingambit|Protect|p2b: Kingambit
|-singleturn|p2b: Kingambit|Protect
|move|p1a: Mr. Rime|Fake Out|p2a: Froslass
|-immune|p2a: Froslass
|move|p1b: Scrafty|Low Kick|p2b: Kingambit
|-activate|p2b: Kingambit|move: Protect
|move|p2a: Froslass|Blizzard|p1a: Mr. Rime|[spread] p1a,p1b
|-resisted|p1a: Mr. Rime|1
|-damage|p1a: Mr. Rime|0 fnt
|-damage|p1b: Scrafty|0 fnt
|faint|p1a: Mr. Rime
|faint|p1b: Scrafty
|
|-weather|Snowscape|[upkeep]
|upkeep
|
|t:|1785249679
|switch|p1b: Aggron|Aggron, L50, M|100/100
|turn|9
|
|t:|1785249694
|detailschange|p1b: Aggron|Aggron-Mega, L50, M
|-mega|p1b: Aggron|Aggron|Aggronite
|move|p2b: Kingambit|Low Kick|p1b: Aggron
|-supereffective|p1b: Aggron|1
|-damage|p1b: Aggron|67/100
|move|p1b: Aggron|Iron Head|p2a: Froslass
|-supereffective|p2a: Froslass|1
|-damage|p2a: Froslass|0 fnt
|faint|p2a: Froslass
|
|-weather|none
|-fieldend|move: Trick Room
|upkeep
|
|t:|1785249706
|switch|p2a: Glimmora|Glimmora, L50, F|100/100
|turn|10
|
|t:|1785249715
|move|p2a: Glimmora|Earth Power|p1b: Aggron
|-supereffective|p1b: Aggron|1
|-damage|p1b: Aggron|24/100
|move|p1b: Aggron|Iron Defense|p1b: Aggron
|-boost|p1b: Aggron|def|2
|move|p2b: Kingambit|Low Kick|p1b: Aggron
|-supereffective|p1b: Aggron|1
|-damage|p1b: Aggron|9/100
|
|upkeep
|turn|11
|-message|Mr. Murtzee forfeited.
|
|win|nupe_123
|l|☆Mr. Murtzee
|player|p1|
||Mr. Murtzee is ready for game 2.
