|j|☆avalos jr
|j|☆RXUXBXEXN
|html|avalos jrRXUXBXEXN    
|uhtml|bestof|Game 3 of a best-of-3
|t:|1783334891
|gametype|doubles
|player|p1|avalos jr|miku-ghost|1143
|player|p2|RXUXBXEXN|169|1105
|gen|9
|tier|[Gen 9 Champions] VGC 2026 Reg M-B (Bo3)
|rated|
|rule|Species Clause: Limit one of each Pokémon
|rule|Item Clause: Limit 1 of each item
|clearpoke
|poke|p1|Floette-Eternal, L50, F|
|poke|p1|Incineroar, L50, F, shiny|
|poke|p1|Sinistcha, L50, shiny|
|poke|p1|Garchomp, L50, M, shiny|
|poke|p1|Whimsicott, L50, F, shiny|
|poke|p1|Delphox, L50, F, shiny|
|poke|p2|Incineroar, L50, M|
|poke|p2|Maushold, L50, shiny|
|poke|p2|Sinistcha, L50|
|poke|p2|Sneasler, L50, F|
|poke|p2|Blastoise, L50, F|
|poke|p2|Delphox, L50, F, shiny|
|teampreview|4
|showteam|p1|Floette-Eternal||Floettite|FlowerVeil|DrainingKiss,DazzlingGleam,CalmMind,Protect|Modest||F|||50|]Incineroar||Charcoal|Intimidate|FakeOut,ThroatChop,FlareBlitz,PartingShot|Adamant||F|||50|]Sinistcha||CobaBerry|Hospitality|MatchaGotcha,RagePowder,LifeDew,TrickRoom|Bold|||||50|]Garchomp||LifeOrb|RoughSkin|RockSlide,Earthquake,DragonClaw,Protect|Jolly||M|||50|]Whimsicott||FocusSash|Prankster|Moonblast,Tailwind,Encore,Protect|Timid||F|||50|]Delphox||Delphoxite|Blaze|HeatWave,Psychic,NastyPlot,Protect|Timid||F|||50|
|showteam|p2|Incineroar||SitrusBerry|Intimidate|FakeOut,FlareBlitz,DarkestLariat,PartingShot|Impish||M|||50|]Maushold||ChopleBerry|FriendGuard|SuperFang,Feint,FollowMe,Protect|Impish|||||50|]Sinistcha||KasibBerry|Hospitality|MatchaGotcha,LifeDew,RagePowder,Protect|Bold|||||50|]Sneasler||FocusSash|PoisonTouch|FakeOut,CloseCombat,DireClaw,QuickGuard|Jolly||F|||50|]Blastoise||Blastoisinite|RainDish|WaterSpout,DarkPulse,ShellSmash,Protect|Modest||F|||50|]Delphox||Delphoxite|Blaze|HeatWave,Psychic,NastyPlot,Protect|Timid||F|||50|
|inactive|Battle timer is ON: inactive players will automatically lose when time's up. (requested by avalos jr)
|
|t:|1783334917
|teamsize|p1|4
|teamsize|p2|4
|start
|switch|p1a: Dandelion|Floette-Eternal, L50, F|100/100
|switch|p1b: Flaure|Whimsicott, L50, F, shiny|100/100
|switch|p2a: Sinistcha|Sinistcha, L50|100/100
|switch|p2b: Incineroar|Incineroar, L50, M|100/100
|-ability|p2b: Incineroar|Intimidate|boost
|-unboost|p1a: Dandelion|atk|1
|-block|p1b: Flaure|ability: Flower Veil|[of] p1a: Dandelion
|turn|1
|
|t:|1783334929
|detailschange|p1a: Dandelion|Floette-Mega, L50, F
|-mega|p1a: Dandelion|Floette|Floettite
|-ability|p1a: Dandelion|Fairy Aura
|move|p2b: Incineroar|Fake Out|p1b: Flaure
|-damage|p1b: Flaure|82/100
|cant|p1b: Flaure|flinch
|move|p1a: Dandelion|Calm Mind|p1a: Dandelion
|-boost|p1a: Dandelion|spa|1
|-boost|p1a: Dandelion|spd|1
|move|p2a: Sinistcha|Matcha Gotcha|p1a: Dandelion|[spread] p1a,p1b
|-resisted|p1b: Flaure|1
|-damage|p1a: Dandelion|86/100
|-damage|p1b: Flaure|57/100
|
|upkeep
|turn|2
|
|t:|1783334948
|move|p2a: Sinistcha|Rage Powder|p2a: Sinistcha
|-singleturn|p2a: Sinistcha|move: Rage Powder
|move|p1b: Flaure|Moonblast|p2a: Sinistcha
|-damage|p2a: Sinistcha|49/100
|move|p1a: Dandelion|Calm Mind|p1a: Dandelion
|-boost|p1a: Dandelion|spa|1
|-boost|p1a: Dandelion|spd|1
|move|p2b: Incineroar|Flare Blitz|p1b: Flaure
|-supereffective|p1b: Flaure|1
|-damage|p1b: Flaure|0 fnt
|faint|p1b: Flaure
|-damage|p2b: Incineroar|84/100|[from] Recoil
|
|upkeep
|
|t:|1783334956
|switch|p1b: Jet|Garchomp, L50, M, shiny|100/100
|turn|3
|
|t:|1783334967
|move|p1b: Jet|Dragon Claw|p2b: Incineroar
|-damage|p2b: Incineroar|40/100
|-enditem|p2b: Incineroar|Sitrus Berry|[eat]
|-heal|p2b: Incineroar|65/100|[from] item: Sitrus Berry
|-damage|p1b: Jet|90/100|[from] item: Life Orb
|move|p1a: Dandelion|Dazzling Gleam|p2a: Sinistcha|[spread] p2a,p2b
|-damage|p2a: Sinistcha|0 fnt
|-damage|p2b: Incineroar|0 fnt
|faint|p2a: Sinistcha
|faint|p2b: Incineroar
|
|upkeep
|
|t:|1783334978
|switch|p2a: Blastoise|Blastoise, L50, F|100/100
|switch|p2b: Sneasler|Sneasler, L50, F|100/100
|turn|4
|
|t:|1783334986
|detailschange|p2a: Blastoise|Blastoise-Mega, L50, F
|-mega|p2a: Blastoise|Blastoise|Blastoisinite
|move|p2b: Sneasler|Fake Out|p1a: Dandelion
|-damage|p1a: Dandelion|72/100
|move|p1b: Jet|Earthquake|p2a: Blastoise|[spread] p1a,p2a,p2b
|-supereffective|p2b: Sneasler|1
|-damage|p1a: Dandelion|25/100
|-damage|p2a: Blastoise|61/100
|-enditem|p2b: Sneasler|Focus Sash
|-damage|p2b: Sneasler|1/100
|-damage|p1b: Jet|80/100|[from] item: Life Orb
|cant|p1a: Dandelion|flinch
|move|p2a: Blastoise|Water Spout|p1b: Jet|[spread] p1a,p1b
|-damage|p1a: Dandelion|10/100
|-damage|p1b: Jet|41/100
|
|upkeep
|turn|5
|inactive|RXUXBXEXN has 30 seconds left.
|
|t:|1783335018
|move|p2b: Sneasler|Dire Claw|p1a: Dandelion
|-supereffective|p1a: Dandelion|1
|-damage|p1a: Dandelion|0 fnt
|faint|p1a: Dandelion
|move|p1b: Jet|Earthquake|p2a: Blastoise|[spread] p2a,p2b
|-supereffective|p2b: Sneasler|1
|-damage|p2a: Blastoise|24/100
|-damage|p2b: Sneasler|0 fnt
|faint|p2b: Sneasler
|-damage|p1b: Jet|32/100|[from] item: Life Orb
|move|p2a: Blastoise|Shell Smash|p2a: Blastoise
|-unboost|p2a: Blastoise|def|1
|-unboost|p2a: Blastoise|spd|1
|-boost|p2a: Blastoise|atk|2
|-boost|p2a: Blastoise|spa|2
|-boost|p2a: Blastoise|spe|2
|
|upkeep
|
|t:|1783335022
|switch|p1a: Beri|Sinistcha, L50, shiny|100/100
|-heal|p1b: Jet|57/100|[from] ability: Hospitality|[of] p1a: Beri
|turn|6
|
|t:|1783335027
|move|p2a: Blastoise|Water Spout|p1b: Jet|[spread] p1a,p1b
|-resisted|p1a: Beri|1
|-damage|p1a: Beri|84/100
|-damage|p1b: Jet|26/100
|move|p1b: Jet|Dragon Claw|p2a: Blastoise
|-damage|p2a: Blastoise|0 fnt
|faint|p2a: Blastoise
|-damage|p1b: Jet|16/100|[from] item: Life Orb
|
|win|avalos jr
|raw|avalos jr's rating: 1143 → 1165(+22 for winning)
|raw|RXUXBXEXN's rating: 1105 → 1083(-22 for losing)
