|j|☆SengarBlade
|j|☆M3rcurius
|html|SengarBladeM3rcurius    
|uhtml|bestof|Game 1 of a best-of-3
|t:|1757847704
|gametype|doubles
|player|p1|SengarBlade|preschooler|1035
|player|p2|M3rcurius|265|1125
|gen|9
|tier|[Gen 9] VGC 2025 Reg H (Bo3)
|rated|
|rule|Species Clause: Limit one of each Pokémon
|rule|Item Clause: Limit 1 of each item
|clearpoke
|poke|p1|Murkrow, L50, F|
|poke|p1|Tyranitar, L50, F|
|poke|p1|Lycanroc, L50, F|
|poke|p1|Decidueye-Hisui, L50, M|
|poke|p1|Clefable, L50, F|
|poke|p1|Hydreigon, L50, F|
|poke|p2|Ursaluna, L50, M|
|poke|p2|Amoonguss, L50, F|
|poke|p2|Porygon2, L50|
|poke|p2|Incineroar, L50, F|
|poke|p2|Gholdengo, L50|
|poke|p2|Hydreigon, L50, F|
|teampreview|4
|showteam|p1|Murkrow||Eviolite|Prankster|FoulPlay,Tailwind,Haze,Protect|||F|||50|,,,,,Steel]Tyranitar||ClearAmulet|SandStream|RockSlide,KnockOff,TeraBlast,Protect|||F|||50|,,,,,Flying]Lycanroc||FocusSash|SandRush|RockSlide,Accelerock,Endeavor,Endure|||F|||50|,,,,,Ghost]Decidueye-Hisui||LifeOrb|Scrappy|CloseCombat,LeafBlade,UpperHand,Protect|||M|||50|,,,,,Ghost]Clefable||SafetyGoggles|Unaware|Moonblast,FollowMe,HelpingHand,Protect|||F|||50|,,,,,Water]Hydreigon||AguavBerry|Levitate|DracoMeteor,DarkPulse,Snarl,Protect|||F|||50|,,,,,Poison
|showteam|p2|Ursaluna||FlameOrb|Guts|Earthquake,Facade,HeadlongRush,Protect|||M|||50|,,,,,Ghost]Amoonguss||SitrusBerry|Regenerator|Spore,RagePowder,PollenPuff,Protect|||F|||50|,,,,,Fairy]Porygon2||Eviolite|Download|TrickRoom,TeraBlast,Recover,IceBeam||||||50|,,,,,Fighting]Incineroar||AssaultVest|Intimidate|FlareBlitz,KnockOff,FakeOut,Uturn|||F|||50|,,,,,Grass]Gholdengo||MetalCoat|GoodasGold|MakeItRain,ShadowBall,Protect,NastyPlot||||||50|,,,,,Water]Hydreigon||SafetyGoggles|Levitate|DracoMeteor,Snarl,Protect,Tailwind|||F|||50|,,,,,Ghost
|
|t:|1757847753
|teamsize|p1|4
|teamsize|p2|4
|start
|switch|p1a: Murkrow|Murkrow, L50, F|100/100
|switch|p1b: Tyranitar|Tyranitar, L50, F|100/100
|switch|p2a: Porygon2|Porygon2, L50|100/100
|switch|p2b: Incineroar|Incineroar, L50, F|100/100
|-ability|p2b: Incineroar|Intimidate|boost
|-unboost|p1a: Murkrow|atk|1
|-fail|p1b: Tyranitar|unboost|[from] item: Clear Amulet|[of] p1b: Tyranitar
|-weather|Sandstorm|[from] ability: Sand Stream|[of] p1b: Tyranitar
|-ability|p2a: Porygon2|Download|boost
|-boost|p2a: Porygon2|atk|1
|turn|1
|
|t:|1757847799
|move|p1b: Tyranitar|Protect|p1b: Tyranitar
|-singleturn|p1b: Tyranitar|Protect
|move|p2b: Incineroar|Fake Out|p1b: Tyranitar
|-activate|p1b: Tyranitar|move: Protect
|move|p1a: Murkrow|Tailwind|p1a: Murkrow
|-sidestart|p1: SengarBlade|move: Tailwind
|move|p2a: Porygon2|Trick Room|p2a: Porygon2
|-fieldstart|move: Trick Room|[of] p2a: Porygon2
|
|-weather|Sandstorm|[upkeep]
|-damage|p2a: Porygon2|94/100|[from] Sandstorm
|-damage|p2b: Incineroar|95/100|[from] Sandstorm
|-damage|p1a: Murkrow|94/100|[from] Sandstorm
|upkeep
|turn|2
|inactive|Battle timer is ON: inactive players will automatically lose when time's up. (requested by SengarBlade)
|
|t:|1757847825
|switch|p1a: Decidueye|Decidueye-Hisui, L50, M|100/100
|move|p2a: Porygon2|Ice Beam|p1b: Tyranitar
|-damage|p1b: Tyranitar|83/100
|move|p2b: Incineroar|Knock Off|p1a: Decidueye
|-resisted|p1a: Decidueye
|-damage|p1a: Decidueye|75/100
|-enditem|p1a: Decidueye|Life Orb|[from] move: Knock Off|[of] p2b: Incineroar
|move|p1b: Tyranitar|Knock Off|p2a: Porygon2
|-crit|p2a: Porygon2
|-damage|p2a: Porygon2|41/100
|-enditem|p2a: Porygon2|Eviolite|[from] move: Knock Off|[of] p1b: Tyranitar
|
|-weather|Sandstorm|[upkeep]
|-damage|p2a: Porygon2|35/100|[from] Sandstorm
|-damage|p2b: Incineroar|89/100|[from] Sandstorm
|-damage|p1a: Decidueye|69/100|[from] Sandstorm
|upkeep
|turn|3
|inactive|SengarBlade has 30 seconds left.
|inactive|M3rcurius has 30 seconds left.
|inactive|SengarBlade has 20 seconds left.
|
|t:|1757847864
|move|p1a: Decidueye|Protect|p1a: Decidueye
|-singleturn|p1a: Decidueye|Protect
|move|p2a: Porygon2|Recover|p2a: Porygon2
|-heal|p2a: Porygon2|85/100
|move|p2b: Incineroar|Flare Blitz|p1a: Decidueye
|-activate|p1a: Decidueye|move: Protect
|move|p1b: Tyranitar|Rock Slide|p2a: Porygon2|[spread] p2a
|-miss|p1b: Tyranitar|p2b: Incineroar
|-damage|p2a: Porygon2|49/100
|
|-weather|Sandstorm|[upkeep]
|-damage|p2a: Porygon2|43/100|[from] Sandstorm
|-damage|p2b: Incineroar|83/100|[from] Sandstorm
|-damage|p1a: Decidueye|63/100|[from] Sandstorm
|upkeep
|turn|4
|
|t:|1757847886
|-terastallize|p2a: Porygon2|Fighting
|-terastallize|p1a: Decidueye|Ghost
|move|p2a: Porygon2|Tera Blast|p1b: Tyranitar|[anim] Tera Blast Fighting
|-supereffective|p1b: Tyranitar
|-damage|p1b: Tyranitar|0 fnt
|faint|p1b: Tyranitar
|move|p2b: Incineroar|Flare Blitz|p1a: Decidueye
|-crit|p1a: Decidueye
|-damage|p1a: Decidueye|0 fnt
|faint|p1a: Decidueye
|-damage|p2b: Incineroar|63/100|[from] Recoil
|
|-weather|Sandstorm|[upkeep]
|-damage|p2a: Porygon2|36/100|[from] Sandstorm
|-damage|p2b: Incineroar|57/100|[from] Sandstorm
|-sideend|p1: SengarBlade|move: Tailwind
|upkeep
|
|t:|1757847901
|switch|p1a: Lycanroc|Lycanroc, L50, F|100/100
|switch|p1b: Murkrow|Murkrow, L50, F|94/100
|turn|5
|
|t:|1757847921
|switch|p2b: Amoonguss|Amoonguss, L50, F|100/100
|move|p1b: Murkrow|Tailwind|p1b: Murkrow
|-sidestart|p1: SengarBlade|move: Tailwind
|move|p2a: Porygon2|Tera Blast|p1a: Lycanroc|[anim] Tera Blast Fighting
|-supereffective|p1a: Lycanroc
|-damage|p1a: Lycanroc|12/100
|move|p1a: Lycanroc|Rock Slide|p2a: Porygon2|[spread] p2b
|-miss|p1a: Lycanroc|p2a: Porygon2
|-damage|p2b: Amoonguss|77/100
|
|-weather|none
|-fieldend|move: Trick Room
|upkeep
|turn|6
|inactive|SengarBlade has 30 seconds left.
|inactive|M3rcurius has 30 seconds left.
|
|t:|1757847952
|move|p2b: Amoonguss|Rage Powder|p2b: Amoonguss
|-singleturn|p2b: Amoonguss|move: Rage Powder
|move|p1a: Lycanroc|Rock Slide|p2b: Amoonguss|[spread] p2a,p2b
|-resisted|p2a: Porygon2
|-damage|p2a: Porygon2|21/100
|-damage|p2b: Amoonguss|54/100
|move|p1b: Murkrow|Foul Play|p2b: Amoonguss
|-damage|p2b: Amoonguss|33/100
|-enditem|p2b: Amoonguss|Sitrus Berry|[eat]
|-heal|p2b: Amoonguss|58/100|[from] item: Sitrus Berry
|move|p2a: Porygon2|Trick Room|p2a: Porygon2
|-fieldstart|move: Trick Room|[of] p2a: Porygon2
|
|upkeep
|turn|7
|-message|SengarBlade forfeited.
|
|win|M3rcurius
|l|☆SengarBlade
|player|p1|
||SengarBlade is ready for game 2.
|l|☆M3rcurius
|player|p2|
||M3rcurius is ready for game 2.
|uhtml|next|Next: Game 2 of 3
