|j|☆FAMILIARCOL
|j|☆slinky redfoot
|html|FAMILIARCOLslinky redfoot    
|uhtml|bestof|Game 1 of a best-of-3
|t:|1757714642
|gametype|doubles
|player|p1|FAMILIARCOL|169|1066
|player|p2|slinky redfoot|hoopster|1031
|gen|9
|tier|[Gen 9] VGC 2025 Reg H (Bo3)
|rated|
|rule|Species Clause: Limit one of each Pokémon
|rule|Item Clause: Limit 1 of each item
|clearpoke
|poke|p1|Amoonguss, L50, M|
|poke|p1|Dragonite, L50, F|
|poke|p1|Incineroar, L50, F|
|poke|p1|Murkrow, L50, F|
|poke|p1|Ursaluna-Bloodmoon, L50, M|
|poke|p1|Garchomp, L50, F|
|poke|p2|Tyranitar, L50, F|
|poke|p2|Excadrill, L50, M|
|poke|p2|Annihilape, L50, F|
|poke|p2|Amoonguss, L50, F|
|poke|p2|Corviknight, L50, F|
|poke|p2|Basculegion, L50, M|
|teampreview|4
|showteam|p1|Amoonguss||MentalHerb|Regenerator|Spore,RagePowder,PollenPuff,ClearSmog|||M|||50|,,,,,Water]Dragonite||LoadedDice|Multiscale|ScaleShot,ExtremeSpeed,AerialAce,DragonDance|||F|||50|,,,,,Normal]Incineroar||SitrusBerry|Intimidate|FakeOut,KnockOff,WillOWisp,PartingShot|||F|||50|,,,,,Grass]Murkrow||Eviolite|Prankster|Tailwind,Haze,Taunt,FoulPlay|||F|||50|,,,,,Dark]Ursaluna-Bloodmoon||AssaultVest|MindsEye|BloodMoon,HyperVoice,EarthPower,VacuumWave|||M|||50|,,,,,Normal]Garchomp||ClearAmulet|RoughSkin|Earthquake,RockSlide,DragonClaw,Protect|||F|||50|,,,,,Ground
|showteam|p2|Tyranitar||AssaultVest|SandStream|RockSlide,KnockOff,LowKick,TeraBlast|||F|||50|,,,,,Flying]Excadrill||FocusSash|SandRush|Protect,IronHead,HighHorsepower,Earthquake|||M|||50|,,,,,Ground]Annihilape||SafetyGoggles|Defiant|CloseCombat,RageFist,FinalGambit,Coaching|||F|||50|,,,,,Water]Amoonguss||SitrusBerry|Regenerator|Protect,ClearSmog,Spore,RagePowder|||F|||50|,,,,,Water]Corviknight||Leftovers|MirrorArmor|BraveBird,BulkUp,Tailwind,Roost|||F|||50|,,,,,Dragon]Basculegion||ChoiceScarf|Adaptability|WaveCrash,FlipTurn,LastRespects,HeadSmash|||M|||50|,,,,,Grass
|inactive|Battle timer is ON: inactive players will automatically lose when time's up. (requested by slinky redfoot)
|inactive|slinky redfoot has 60 seconds left.
|
|t:|1757714698
|teamsize|p1|4
|teamsize|p2|4
|start
|switch|p1a: Garchomp|Garchomp, L50, F, shiny|100/100
|switch|p1b: Murkrow|Murkrow, L50, F, shiny|100/100
|switch|p2a: Annihilape|Annihilape, L50, F|100/100
|switch|p2b: Basculegion|Basculegion, L50, M|100/100
|turn|1
|
|t:|1757714721
|-terastallize|p2b: Basculegion|Grass
|move|p1b: Murkrow|Tailwind|p1b: Murkrow
|-sidestart|p1: FAMILIARCOL|move: Tailwind
|move|p1a: Garchomp|Earthquake|p2a: Annihilape|[spread] p2a,p2b
|-immune|p1b: Murkrow
|-resisted|p2b: Basculegion
|-damage|p2a: Annihilape|57/100
|-damage|p2b: Basculegion|73/100
|move|p2b: Basculegion|Wave Crash|p1a: Garchomp
|-damage|p1a: Garchomp|37/100
|-damage|p2b: Basculegion|61/100|[from] ability: Rough Skin|[of] p1a: Garchomp
|-damage|p2b: Basculegion|41/100|[from] Recoil
|move|p2a: Annihilape|Coaching|p2b: Basculegion
|-boost|p2b: Basculegion|atk|1
|-boost|p2b: Basculegion|def|1
|
|upkeep
|turn|2
|inactive|FAMILIARCOL has 30 seconds left.
|
|t:|1757714752
|-terastallize|p1a: Garchomp|Ground
|move|p1b: Murkrow|Haze|p1b: Murkrow
|-clearallboost
|move|p1a: Garchomp|Earthquake|p2b: Basculegion|[spread] p2a,p2b
|-immune|p1b: Murkrow
|-resisted|p2b: Basculegion
|-crit|p2b: Basculegion
|-damage|p2a: Annihilape|3/100
|-damage|p2b: Basculegion|0 fnt
|faint|p2b: Basculegion
|move|p2a: Annihilape|Rage Fist|p1a: Garchomp
|-crit|p1a: Garchomp
|-damage|p1a: Garchomp|0 fnt
|-damage|p2a: Annihilape|0 fnt|[from] ability: Rough Skin|[of] p1a: Garchomp
|faint|p1a: Garchomp
|faint|p2a: Annihilape
|
|upkeep
|
|t:|1757714771
|switch|p2a: Corviknight|Corviknight, L50, F|100/100
|switch|p1a: Ursaluna|Ursaluna-Bloodmoon, L50, M|100/100
|switch|p2b: Tyranitar|Tyranitar, L50, F|100/100
|-weather|Sandstorm|[from] ability: Sand Stream|[of] p2b: Tyranitar
|turn|3
|inactive|slinky redfoot has 30 seconds left.
|inactive|slinky redfoot has 20 seconds left.
|inactive|slinky redfoot has 15 seconds left.
|
|t:|1757714811
|switch|p1a: Amoonguss|Amoonguss, L50, M, shiny|100/100
|move|p1b: Murkrow|Taunt|p2a: Corviknight
|-start|p2a: Corviknight|move: Taunt
|move|p2b: Tyranitar|Rock Slide|p1a: Amoonguss|[spread] p1a,p1b
|-supereffective|p1b: Murkrow
|-damage|p1a: Amoonguss|71/100
|-damage|p1b: Murkrow|34/100
|move|p2a: Corviknight|Brave Bird|p1b: Murkrow
|-damage|p1b: Murkrow|0 fnt
|faint|p1b: Murkrow
|-damage|p2a: Corviknight|93/100|[from] Recoil
|
|-weather|Sandstorm|[upkeep]
|-damage|p1a: Amoonguss|66/100|[from] Sandstorm
|-heal|p2a: Corviknight|99/100|[from] item: Leftovers
|upkeep
|
|t:|1757714827
|switch|p1b: Ursaluna|Ursaluna-Bloodmoon, L50, M|100/100
|turn|4
|
|t:|1757714837
|move|p1b: Ursaluna|Hyper Voice|p2b: Tyranitar|[spread] p2a,p2b
|-resisted|p2a: Corviknight
|-resisted|p2b: Tyranitar
|-damage|p2a: Corviknight|81/100
|-damage|p2b: Tyranitar|92/100
|move|p2b: Tyranitar|Low Kick|p1b: Ursaluna
|-supereffective|p1b: Ursaluna
|-damage|p1b: Ursaluna|32/100
|move|p2a: Corviknight|Brave Bird|p1a: Amoonguss
|-supereffective|p1a: Amoonguss
|-damage|p1a: Amoonguss|0 fnt
|faint|p1a: Amoonguss
|-damage|p2a: Corviknight|60/100|[from] Recoil
|
|-weather|Sandstorm|[upkeep]
|-heal|p2a: Corviknight|66/100|[from] item: Leftovers
|-sideend|p1: FAMILIARCOL|move: Tailwind
|upkeep
|turn|5
|
|t:|1757714854
|move|p1b: Ursaluna|Vacuum Wave|p2b: Tyranitar
|-supereffective|p2b: Tyranitar
|-damage|p2b: Tyranitar|65/100
|move|p2b: Tyranitar|Low Kick|p1b: Ursaluna
|-supereffective|p1b: Ursaluna
|-damage|p1b: Ursaluna|0 fnt
|faint|p1b: Ursaluna
|
|win|slinky redfoot
||slinky redfoot is ready for game 2.
||FAMILIARCOL is ready for game 2.
|uhtml|next|Next: Game 2 of 3
|l|☆FAMILIARCOL
|player|p1|
