|j|☆KodeBeast0526
|j|☆devilishphoneix
|html|KodeBeast0526devilishphoneix    
|uhtml|bestof|Game 1 of a best-of-3
|t:|1783389800
|gametype|doubles
|player|p1|KodeBeast0526|sailor|1117
|player|p2|devilishphoneix|169|1061
|gen|9
|tier|[Gen 9 Champions] VGC 2026 Reg M-B (Bo3)
|rated|
|rule|Species Clause: Limit one of each Pokémon
|rule|Item Clause: Limit 1 of each item
|clearpoke
|poke|p1|Gengar, L50, F, shiny|
|poke|p1|Swampert, L50, M, shiny|
|poke|p1|Incineroar, L50, F, shiny|
|poke|p1|Politoed, L50, M, shiny|
|poke|p1|Archaludon, L50, M|
|poke|p1|Vivillon-Ocean, L50, F|
|poke|p2|Metagross, L50|
|poke|p2|Farigiraf, L50, F|
|poke|p2|Garchomp, L50, M|
|poke|p2|Annihilape, L50, M|
|poke|p2|Whimsicott, L50, M|
|poke|p2|Toxapex, L50, M|
|teampreview|4
|showteam|p1|Gengar||Gengarite|CursedBody|ShadowBall,PerishSong,SludgeBomb,Protect|Timid||F|||50|]Swampert||Swampertite|Torrent|WaveCrash,Earthquake,IcePunch,Protect|Adamant||M|||50|]Incineroar||PasshoBerry|Intimidate|ThroatChop,PartingShot,FakeOut,Protect|Sassy||F|||50|]Politoed||SitrusBerry|Drizzle|WeatherBall,PerishSong,Encore,Protect|Calm||M|||50|]Archaludon||Leftovers|Stamina|DragonPulse,FlashCannon,ElectroShot,Protect|Bold||M|||50|]Vivillon-Ocean||FocusSash|CompoundEyes|Hurricane,SleepPowder,RagePowder,Protect|Timid||F|||50|
|showteam|p2|Metagross||Metagrossite|ClearBody|RockSlide,IronHead,PsychicFangs,Protect|Adamant|||||50|]Farigiraf||BrightPowder|ArmorTail|TrickRoom,TwinBeam,Thunderbolt,Protect|Relaxed||F|||50|]Garchomp||LifeOrb|RoughSkin|Earthquake,DragonClaw,RockSlide,Protect|Adamant||M|||50|]Annihilape||SitrusBerry|Defiant|RageFist,DrainPunch,BulkUp,Protect|Careful||M|||50|]Whimsicott||FocusSash|Prankster|Encore,Protect,Moonblast,Tailwind|Timid||M|||50|]Toxapex||Leftovers|Regenerator|Toxic,WideGuard,Infestation,BanefulBunker|Relaxed||M|||50|
|inactive|Battle timer is ON: inactive players will automatically lose when time's up. (requested by devilishphoneix)
|inactive|KodeBeast0526 has 60 seconds left.
|inactive|devilishphoneix has 60 seconds left.
|inactive|devilishphoneix has 30 seconds left.
|
|t:|1783389865
|teamsize|p1|4
|teamsize|p2|4
|start
|switch|p1a: Politoed|Politoed, L50, M, shiny|100/100
|switch|p1b: Swampert|Swampert, L50, M, shiny|100/100
|switch|p2a: Annihilape|Annihilape, L50, M|100/100
|switch|p2b: Farigiraf|Farigiraf, L50, F|100/100
|-weather|RainDance|[from] ability: Drizzle|[of] p1a: Politoed
|turn|1
|
|t:|1783389882
|detailschange|p1b: Swampert|Swampert-Mega, L50, M, shiny
|-mega|p1b: Swampert|Swampert|Swampertite
|move|p1b: Swampert|Wave Crash|p2b: Farigiraf
|-damage|p2b: Farigiraf|0 fnt
|faint|p2b: Farigiraf
|-damage|p1b: Swampert|59/100|[from] Recoil
|move|p2a: Annihilape|Bulk Up|p2a: Annihilape
|-boost|p2a: Annihilape|atk|1
|-boost|p2a: Annihilape|def|1
|move|p1a: Politoed|Weather Ball|p2a: Annihilape
|-damage|p2a: Annihilape|64/100
|
|-weather|RainDance|[upkeep]
|upkeep
|
|t:|1783389893
|switch|p2b: Toxapex|Toxapex, L50, M|100/100
|turn|2
|
|t:|1783389912
|switch|p1a: Archaludon|Archaludon, L50, M|100/100
|move|p2a: Annihilape|Protect|p2a: Annihilape
|-singleturn|p2a: Annihilape|Protect
|move|p1b: Swampert|Wave Crash|p2a: Annihilape
|-activate|p2a: Annihilape|move: Protect
|move|p2b: Toxapex|Toxic|p1a: Archaludon
|-immune|p1a: Archaludon
|
|-weather|RainDance|[upkeep]
|upkeep
|turn|3
|
|t:|1783389935
|switch|p1a: Vivillon|Vivillon-Ocean, L50, F|100/100
|move|p2b: Toxapex|Wide Guard|p2b: Toxapex
|-singleturn|p2b: Toxapex|Wide Guard
|move|p1b: Swampert|Earthquake|p2a: Annihilape|[spread] 
|-activate|p2a: Annihilape|move: Wide Guard
|-activate|p2b: Toxapex|move: Wide Guard
|-immune|p1a: Vivillon
|move|p2a: Annihilape|Drain Punch|p1b: Swampert
|-damage|p1b: Swampert|18/100
|-heal|p2a: Annihilape|82/100|[from] drain|[of] p1b: Swampert
|
|-weather|RainDance|[upkeep]
|upkeep
|turn|4
|inactive|devilishphoneix has 30 seconds left.
|inactive|devilishphoneix has 20 seconds left.
|
|t:|1783389972
|switch|p1b: Archaludon|Archaludon, L50, M|100/100
|move|p2a: Annihilape|Protect|p2a: Annihilape
|-singleturn|p2a: Annihilape|Protect
|move|p1a: Vivillon|Hurricane|p2a: Annihilape
|-activate|p2a: Annihilape|move: Protect
|move|p2b: Toxapex|Toxic|p1a: Vivillon
|-status|p1a: Vivillon|tox
|
|-weather|RainDance|[upkeep]
|-damage|p1a: Vivillon|94/100 tox|[from] psn
|upkeep
|turn|5
|
|t:|1783389985
|move|p2b: Toxapex|Baneful Bunker|p2b: Toxapex
|-singleturn|p2b: Toxapex|move: Protect
|move|p1a: Vivillon|Hurricane|p2a: Annihilape
|-supereffective|p2a: Annihilape|1
|-damage|p2a: Annihilape|20/100y
|-start|p2a: Annihilape|confusion
|-enditem|p2a: Annihilape|Sitrus Berry|[eat]
|-heal|p2a: Annihilape|45/100|[from] item: Sitrus Berry
|move|p1b: Archaludon|Electro Shot||[still]
|-prepare|p1b: Archaludon|Electro Shot
|-boost|p1b: Archaludon|spa|1
|-anim|p1b: Archaludon|Electro Shot|p2b: Toxapex
|-activate|p2b: Toxapex|move: Protect
|-activate|p2a: Annihilape|confusion
|move|p2a: Annihilape|Drain Punch|p1b: Archaludon
|-supereffective|p1b: Archaludon|1
|-damage|p1b: Archaludon|32/100
|-heal|p2a: Annihilape|76/100|[from] drain|[of] p1b: Archaludon
|-ability|p1b: Archaludon|Stamina|boost
|-boost|p1b: Archaludon|def|1
|
|-weather|none
|-heal|p1b: Archaludon|39/100|[from] item: Leftovers
|-damage|p1a: Vivillon|82/100 tox|[from] psn
|upkeep
|turn|6
|inactive|devilishphoneix has 30 seconds left.
|inactive|KodeBeast0526 has 30 seconds left.
|inactive|devilishphoneix has 20 seconds left.
|
|t:|1783390023
|switch|p1a: Politoed|Politoed, L50, M, shiny|100/100
|-weather|RainDance|[from] ability: Drizzle|[of] p1a: Politoed
|switch|p2b: Garchomp|Garchomp, L50, M|100/100
|move|p1b: Archaludon|Electro Shot||[still]
|-prepare|p1b: Archaludon|Electro Shot
|-boost|p1b: Archaludon|spa|1
|-anim|p1b: Archaludon|Electro Shot|p2a: Annihilape
|-damage|p2a: Annihilape|26/100
|-end|p2a: Annihilape|confusion
|move|p2a: Annihilape|Drain Punch|p1a: Politoed
|-damage|p1a: Politoed|57/100
|-heal|p2a: Annihilape|46/100|[from] drain|[of] p1a: Politoed
|
|-weather|RainDance|[upkeep]
|-heal|p1b: Archaludon|45/100|[from] item: Leftovers
|upkeep
|turn|7
|
|t:|1783390046
|switch|p1a: Vivillon|Vivillon-Ocean, L50, F|82/100 tox
|move|p2b: Garchomp|Dragon Claw|p1b: Archaludon
|-damage|p1b: Archaludon|17/100
|-ability|p1b: Archaludon|Stamina|boost
|-boost|p1b: Archaludon|def|1
|-damage|p2b: Garchomp|90/100|[from] item: Life Orb
|move|p1b: Archaludon|Electro Shot||[still]
|-prepare|p1b: Archaludon|Electro Shot
|-boost|p1b: Archaludon|spa|1
|-anim|p1b: Archaludon|Electro Shot|p2a: Annihilape
|-crit|p2a: Annihilape
|-damage|p2a: Annihilape|0 fnt
|faint|p2a: Annihilape
|
|-weather|RainDance|[upkeep]
|-heal|p1b: Archaludon|23/100|[from] item: Leftovers
|-damage|p1a: Vivillon|77/100 tox|[from] psn
|upkeep
|
|t:|1783390054
|switch|p2a: Toxapex|Toxapex, L50, M|100/100
|turn|8
|
|t:|1783390078
|move|p2b: Garchomp|Protect|p2b: Garchomp
|-singleturn|p2b: Garchomp|Protect
|move|p2a: Toxapex|Baneful Bunker|p2a: Toxapex
|-singleturn|p2a: Toxapex|move: Protect
|move|p1a: Vivillon|Sleep Powder|p2b: Garchomp
|-activate|p2b: Garchomp|move: Protect
|move|p1b: Archaludon|Electro Shot||[still]
|-prepare|p1b: Archaludon|Electro Shot
|-boost|p1b: Archaludon|spa|1
|-anim|p1b: Archaludon|Electro Shot|p2a: Toxapex
|-activate|p2a: Toxapex|move: Protect
|
|-weather|RainDance|[upkeep]
|-heal|p1b: Archaludon|29/100|[from] item: Leftovers
|-damage|p1a: Vivillon|65/100 tox|[from] psn
|upkeep
|turn|9
|inactive|KodeBeast0526 has 30 seconds left.
|inactive|devilishphoneix has 30 seconds left.
|
|t:|1783390113
|move|p1a: Vivillon|Sleep Powder|p2b: Garchomp
|-status|p2b: Garchomp|slp|[from] move: Sleep Powder
|cant|p2b: Garchomp|slp
|move|p1b: Archaludon|Electro Shot||[still]
|-prepare|p1b: Archaludon|Electro Shot
|-boost|p1b: Archaludon|spa|1
|-anim|p1b: Archaludon|Electro Shot|p2a: Toxapex
|-supereffective|p2a: Toxapex|1
|-damage|p2a: Toxapex|0 fnt
|faint|p2a: Toxapex
|
|-weather|RainDance|[upkeep]
|-heal|p1b: Archaludon|35/100|[from] item: Leftovers
|-damage|p1a: Vivillon|48/100 tox|[from] psn
|upkeep
|turn|10
|
|t:|1783390126
|move|p1a: Vivillon|Hurricane|p2b: Garchomp
|-damage|p2b: Garchomp|36/100 slp
|cant|p2b: Garchomp|slp
|move|p1b: Archaludon|Dragon Pulse|p2b: Garchomp
|-supereffective|p2b: Garchomp|1
|-damage|p2b: Garchomp|0 fnt
|faint|p2b: Garchomp
|
|win|KodeBeast0526
||KodeBeast0526 is ready for game 2.
||devilishphoneix is ready for game 2.
|uhtml|next|Next: Game 2 of 3
