|j|☆furretusedpunch
|j|☆ruddyreboot
|html|furretusedpunchruddyreboot    
|uhtml|bestof|Game 2 of a best-of-3
|t:|1756267362
|gametype|doubles
|player|p1|furretusedpunch|102|1218
|player|p2|ruddyreboot|crasherwake|1211
|gen|9
|tier|[Gen 9] VGC 2025 Reg H (Bo3)
|rated|
|rule|Species Clause: Limit one of each Pokémon
|rule|Item Clause: Limit 1 of each item
|clearpoke
|poke|p1|Gholdengo, L50|
|poke|p1|Sneasler, L50, M|
|poke|p1|Rillaboom, L50, F|
|poke|p1|Dragonite, L50, M|
|poke|p1|Ninetales-Alola, L50, F|
|poke|p1|Arcanine-Hisui, L50, M|
|poke|p2|Zoroark-Hisui, L50, F|
|poke|p2|Sinistcha, L50|
|poke|p2|Pelipper, L50, F|
|poke|p2|Archaludon, L50, F|
|poke|p2|Ursaluna, L50, F|
|poke|p2|Tauros-Paldea-Blaze, L50, M|
|teampreview|4
|showteam|p1|Gholdengo||GrassySeed|GoodasGold|NastyPlot,MakeItRain,ShadowBall,Protect||||||50|,,,,,Water]Sneasler||WhiteHerb|Unburden|CloseCombat,DireClaw,Coaching,Protect|||M|||50|,,,,,Ghost]Rillaboom||AssaultVest|GrassySurge|FakeOut,GrassyGlide,DrumBeating,HighHorsepower|||F|||50|,,,,,Fire]Dragonite||LoadedDice|Multiscale|ScaleShot,StompingTantrum,Tailwind,Protect|||M|||50|,,,,,Ground]Ninetales-Alola||FocusSash|SnowWarning|IcyWind,HelpingHand,Protect,Blizzard|||F|||50|,,,,,Ghost]Arcanine-Hisui||SafetyGoggles|Intimidate|RockSlide,FlareBlitz,Snarl,Protect|||M|||50|,,,,,Water
|showteam|p2|Zoroark-Hisui||FocusSash|Illusion|IcyWind,BitterMalice,Taunt,WillOWisp|||F|||50|,,,,,Stellar]Sinistcha||RockyHelmet|Hospitality|MatchaGotcha,RagePowder,TrickRoom,StrengthSap||||||50|,,,,,Water]Pelipper||SitrusBerry|Drizzle|Protect,Hurricane,WeatherBall,Tailwind|||F|||50|,,,,,Grass]Archaludon||AssaultVest|Stamina|ElectroShot,Snarl,BodyPress,DracoMeteor|||F|||50|,,,,,Grass]Ursaluna||FlameOrb|Guts|Protect,HeadlongRush,Facade,Earthquake|||F|||50|,,,,,Fairy]Tauros-Paldea-Blaze||MirrorHerb|Intimidate|CloseCombat,HighHorsepower,RagingBull,Protect|||M|||50|,,,,,Grass
|inactive|Battle timer is ON: inactive players will automatically lose when time's up. (requested by ruddyreboot)
|inactive|furretusedpunch has 60 seconds left.
|
|t:|1756267402
|teamsize|p1|4
|teamsize|p2|4
|start
|switch|p1a: Ninetales|Ninetales-Alola, L50, F|100/100
|switch|p1b: Gholdengo|Gholdengo, L50|100/100
|switch|p2a: Archaludon|Archaludon, L50, F|100/100
|switch|p2b: Tauros|Tauros-Paldea-Blaze, L50, M|100/100
|-weather|Snowscape|[from] ability: Snow Warning|[of] p1a: Ninetales
|-ability|p2b: Tauros|Intimidate|boost
|-unboost|p1a: Ninetales|atk|1
|-unboost|p1b: Gholdengo|atk|1
|turn|1
|
|t:|1756267426
|move|p1b: Gholdengo|Protect|p1b: Gholdengo
|-singleturn|p1b: Gholdengo|Protect
|move|p2a: Archaludon|Icy Wind|p1a: Ninetales|[spread] p1a
|-activate|p1b: Gholdengo|move: Protect
|-resisted|p1a: Ninetales
|-crit|p1a: Ninetales
|-damage|p1a: Ninetales|88/100
|-unboost|p1a: Ninetales|spe|1
|move|p2b: Tauros|Raging Bull|p1a: Ninetales
|-supereffective|p1a: Ninetales
|-damage|p1a: Ninetales|3/100
|move|p1a: Ninetales|Icy Wind|p2b: Tauros|[spread] p2a,p2b
|-resisted|p2b: Tauros
|-damage|p2a: Archaludon|65/100
|-damage|p2b: Tauros|90/100
|-unboost|p2a: Archaludon|spe|1
|-unboost|p2b: Tauros|spe|1
|replace|p2a: Zoroark|Zoroark-Hisui, L50, F
|-end|p2a: Zoroark|Illusion
|
|-weather|Snowscape|[upkeep]
|upkeep
|turn|2
|
|t:|1756267450
|-terastallize|p1b: Gholdengo|Water
|move|p1b: Gholdengo|Nasty Plot|p1b: Gholdengo
|-boost|p1b: Gholdengo|spa|2
|-enditem|p2b: Tauros|Mirror Herb
|-boost|p2b: Tauros|spa|2|[from] item: Mirror Herb
|move|p2a: Zoroark|Icy Wind|p1a: Ninetales|[spread] p1a,p1b
|-resisted|p1a: Ninetales
|-resisted|p1b: Gholdengo
|-damage|p1a: Ninetales|0 fnt
|-damage|p1b: Gholdengo|93/100
|-unboost|p1b: Gholdengo|spe|1
|faint|p1a: Ninetales
|move|p2b: Tauros|Raging Bull|p1b: Gholdengo
|-resisted|p1b: Gholdengo
|-damage|p1b: Gholdengo|73/100
|
|-weather|Snowscape|[upkeep]
|upkeep
|
|t:|1756267463
|switch|p1a: Dragonite|Dragonite, L50, M|100/100
|turn|3
|
|t:|1756267473
|switch|p2a: Archaludon|Archaludon, L50, F|100/100
|move|p1a: Dragonite|Tailwind|p1a: Dragonite
|-sidestart|p1: furretusedpunch|move: Tailwind
|move|p1b: Gholdengo|Make It Rain|p2a: Archaludon|[spread] p2a,p2b
|-resisted|p2a: Archaludon
|-resisted|p2b: Tauros
|-damage|p2a: Archaludon|70/100
|-damage|p2b: Tauros|20/100
|-unboost|p1b: Gholdengo|spa|1
|-ability|p2a: Archaludon|Stamina|boost
|-boost|p2a: Archaludon|def|1
|move|p2b: Tauros|Close Combat|p1b: Gholdengo
|-damage|p1b: Gholdengo|16/100
|-unboost|p2b: Tauros|def|1
|-unboost|p2b: Tauros|spd|1
|
|-weather|Snowscape|[upkeep]
|upkeep
|turn|4
|inactive|ruddyreboot has 30 seconds left.
|inactive|ruddyreboot has 20 seconds left.
|
|t:|1756267512
|-terastallize|p2a: Archaludon|Grass
|move|p1b: Gholdengo|Protect|p1b: Gholdengo
|-singleturn|p1b: Gholdengo|Protect
|move|p1a: Dragonite|Scale Shot|p2b: Tauros
|-crit|p2b: Tauros
|-damage|p2b: Tauros|0 fnt
|faint|p2b: Tauros
|-hitcount|p2: Tauros|1
|-unboost|p1a: Dragonite|def|1
|-boost|p1a: Dragonite|spe|1
|move|p2a: Archaludon|Draco Meteor|p1a: Dragonite
|-supereffective|p1a: Dragonite
|-damage|p1a: Dragonite|45/100
|-unboost|p2a: Archaludon|spa|2
|
|-weather|Snowscape|[upkeep]
|upkeep
|
|t:|1756267521
|switch|p2b: Pelipper|Pelipper, L50, F|100/100
|-weather|RainDance|[from] ability: Drizzle|[of] p2b: Pelipper
|turn|5
|
|t:|1756267541
|move|p2b: Pelipper|Protect|p2b: Pelipper
|-singleturn|p2b: Pelipper|Protect
|move|p1a: Dragonite|Scale Shot|p2b: Pelipper
|-activate|p2b: Pelipper|move: Protect
|move|p1b: Gholdengo|Shadow Ball|p2a: Archaludon
|-damage|p2a: Archaludon|23/100
|-unboost|p2a: Archaludon|spd|1
|-ability|p2a: Archaludon|Stamina|boost
|-boost|p2a: Archaludon|def|1
|move|p2a: Archaludon|Electro Shot||[still]
|-prepare|p2a: Archaludon|Electro Shot
|-boost|p2a: Archaludon|spa|1
|-anim|p2a: Archaludon|Electro Shot|p1b: Gholdengo
|-supereffective|p1b: Gholdengo
|-damage|p1b: Gholdengo|0 fnt
|faint|p1b: Gholdengo
|
|-weather|RainDance|[upkeep]
|upkeep
|
|t:|1756267544
|switch|p1b: Sneasler|Sneasler, L50, M|100/100
|turn|6
|
|t:|1756267557
|switch|p2a: Archaludon|Archaludon, L50, F|65/100
|move|p1a: Dragonite|Scale Shot|p2b: Pelipper
|-damage|p2b: Pelipper|82/100
|-damage|p2b: Pelipper|64/100
|-damage|p2b: Pelipper|47/100
|-enditem|p2b: Pelipper|Sitrus Berry|[eat]
|-heal|p2b: Pelipper|72/100|[from] item: Sitrus Berry
|-damage|p2b: Pelipper|54/100
|-hitcount|p2b: Pelipper|4
|-unboost|p1a: Dragonite|def|1
|-boost|p1a: Dragonite|spe|1
|move|p1b: Sneasler|Close Combat|p2a: Archaludon
|-immune|p2a: Archaludon
|move|p2b: Pelipper|Tailwind|p2b: Pelipper
|-sidestart|p2: ruddyreboot|move: Tailwind
|
|-weather|RainDance|[upkeep]
|-sideend|p1: furretusedpunch|move: Tailwind
|upkeep
|-start|p2a: Archaludon|typechange|Grass|[silent]
|turn|7
|inactive|furretusedpunch has 30 seconds left.
|inactive|ruddyreboot has 30 seconds left.
|inactive|furretusedpunch has 20 seconds left.
|inactive|furretusedpunch has 15 seconds left.
|
|t:|1756267601
|move|p2a: Archaludon|Bitter Malice|p1a: Dragonite
|-damage|p1a: Dragonite|5/100
|-unboost|p1a: Dragonite|atk|1
|move|p1a: Dragonite|Scale Shot|p2b: Pelipper
|-damage|p2b: Pelipper|42/100
|-damage|p2b: Pelipper|30/100
|-damage|p2b: Pelipper|18/100
|-damage|p2b: Pelipper|5/100
|-damage|p2b: Pelipper|0 fnt
|faint|p2b: Pelipper
|-hitcount|p2: Pelipper|5
|-unboost|p1a: Dragonite|def|1
|-boost|p1a: Dragonite|spe|1
|move|p1b: Sneasler|Dire Claw|p2a: Archaludon
|-resisted|p2a: Archaludon
|-damage|p2a: Archaludon|24/100
|replace|p2a: Zoroark|Zoroark-Hisui, L50, F
|-end|p2a: Zoroark|Illusion
|
|-weather|RainDance|[upkeep]
|upkeep
|
|t:|1756267613
|switch|p2b: Archaludon|Archaludon, L50, F, tera:Grass|23/100
|turn|8
|inactive|ruddyreboot has 30 seconds left.
|inactive|ruddyreboot has 20 seconds left.
|inactive|ruddyreboot has 15 seconds left.
|
|t:|1756267654
|move|p2a: Zoroark|Will-O-Wisp|p1b: Sneasler
|-status|p1b: Sneasler|brn
|move|p1a: Dragonite|Scale Shot|p2b: Archaludon
|-crit|p2b: Archaludon
|-damage|p2b: Archaludon|8/100
|-ability|p2b: Archaludon|Stamina|boost
|-boost|p2b: Archaludon|def|1
|-damage|p2b: Archaludon|4/100
|-ability|p2b: Archaludon|Stamina|boost
|-boost|p2b: Archaludon|def|1
|-damage|p2b: Archaludon|0 fnt
|faint|p2b: Archaludon
|-hitcount|p2: Archaludon|3
|-unboost|p1a: Dragonite|def|1
|-boost|p1a: Dragonite|spe|1
|move|p1b: Sneasler|Dire Claw|p2a: Zoroark
|-resisted|p2a: Zoroark
|-damage|p2a: Zoroark|4/100
|
|-weather|RainDance|[upkeep]
|-damage|p1b: Sneasler|94/100 brn|[from] brn
|upkeep
|turn|9
|-message|ruddyreboot forfeited.
|
|win|furretusedpunch
