|j|☆Il Mule
|j|☆Schroombert
|html|Il MuleSchroombert    
|uhtml|bestof|Game 3 of a best-of-3
|t:|1755777042
|gametype|doubles
|player|p1|Il Mule|salvatore|1308
|player|p2|Schroombert|rancher|1393
|gen|9
|tier|[Gen 9] VGC 2025 Reg H (Bo3)
|rated|
|rule|Species Clause: Limit one of each Pokémon
|rule|Item Clause: Limit 1 of each item
|clearpoke
|poke|p1|Corviknight, L50, M|
|poke|p1|Garchomp, L50, M|
|poke|p1|Tyranitar, L50, M|
|poke|p1|Gholdengo, L50|
|poke|p1|Sneasler, L50, M|
|poke|p1|Incineroar, L50, M|
|poke|p2|Dragonite, L50, M|
|poke|p2|Tauros-Paldea-Aqua, L50, M|
|poke|p2|Rillaboom, L50, M|
|poke|p2|Electabuzz, L50, F|
|poke|p2|Volcarona, L50, F|
|poke|p2|Gholdengo, L50|
|teampreview|4
|showteam|p1|Corviknight||CovertCloak|MirrorArmor|BraveBird,Taunt,Roost,Tailwind|||M|||50|,,,,,Dragon]Garchomp||ClearAmulet|RoughSkin|Earthquake,DragonClaw,StompingTantrum,Protect|||M|||50|,,,,,Ground]Tyranitar||AssaultVest|SandStream|RockSlide,KnockOff,TeraBlast,LowKick|||M|||50|,,,,,Flying]Gholdengo||LifeOrb|GoodasGold|MakeItRain,ShadowBall,NastyPlot,Protect||||||50|,,,,,Water]Sneasler||WhiteHerb|Unburden|DireClaw,CloseCombat,Coaching,Protect|||M|||50|,,,,,Ghost]Incineroar||SitrusBerry|Intimidate|FlareBlitz,WillOWisp,PartingShot,FakeOut|||M|||50|,,,,,Grass
|showteam|p2|Dragonite||LoadedDice|Multiscale|ScaleShot,Tailwind,Haze,Protect|||M|||50|,,,,,Steel]Tauros-Paldea-Aqua||MirrorHerb|Intimidate|WaveCrash,CloseCombat,AquaJet,Protect|||M|||50|,,,,,Water]Rillaboom||AssaultVest|GrassySurge|GrassyGlide,DrumBeating,FakeOut,HighHorsepower|||M|||50|,,,,,Fire]Electabuzz||Eviolite|VitalSpirit|FollowMe,Thunderbolt,Taunt,Protect|||F|||50|,,,,,Dragon]Volcarona||SitrusBerry|FlameBody|HeatWave,TeraBlast,QuiverDance,Protect|||F|||50|,,,,,Fairy]Gholdengo||GrassySeed|GoodasGold|MakeItRain,ShadowBall,NastyPlot,Protect||||||50|,,,,,Water
|inactive|Battle timer is ON: inactive players will automatically lose when time's up. (requested by Schroombert)
|inactive|Schroombert has 60 seconds left.
|
|t:|1755777086
|teamsize|p1|4
|teamsize|p2|4
|start
|switch|p1a: Incineroar|Incineroar, L50, M|100/100
|switch|p1b: Corviknight|Corviknight, L50, M, shiny|100/100
|switch|p2a: Rillaboom|Rillaboom, L50, M, shiny|100/100
|switch|p2b: Volcarona|Volcarona, L50, F, shiny|100/100
|-fieldstart|move: Grassy Terrain|[from] ability: Grassy Surge|[of] p2a: Rillaboom
|-ability|p1a: Incineroar|Intimidate|boost
|-unboost|p2a: Rillaboom|atk|1
|-unboost|p2b: Volcarona|atk|1
|turn|1
|
|t:|1755777108
|switch|p2b: Dragonite|Dragonite, L50, M, shiny|100/100
|switch|p1a: Garchomp|Garchomp, L50, M|100/100
|move|p2a: Rillaboom|Fake Out|p1b: Corviknight
|-resisted|p1b: Corviknight
|-damage|p1b: Corviknight|97/100
|move|p1b: Corviknight|Tailwind|p1b: Corviknight
|-sidestart|p1: Il Mule|move: Tailwind
|
|upkeep
|turn|2
|
|t:|1755777122
|move|p1a: Garchomp|Dragon Claw|p2a: Rillaboom
|-damage|p2a: Rillaboom|61/100
|move|p1b: Corviknight|Brave Bird|p2a: Rillaboom
|-supereffective|p2a: Rillaboom
|-damage|p2a: Rillaboom|0 fnt
|faint|p2a: Rillaboom
|-damage|p1b: Corviknight|77/100|[from] Recoil
|move|p2b: Dragonite|Scale Shot|p1a: Garchomp
|-supereffective|p1a: Garchomp
|-damage|p1a: Garchomp|67/100
|-supereffective|p1a: Garchomp
|-damage|p1a: Garchomp|36/100
|-supereffective|p1a: Garchomp
|-damage|p1a: Garchomp|9/100
|-supereffective|p1a: Garchomp
|-damage|p1a: Garchomp|0 fnt
|faint|p1a: Garchomp
|-hitcount|p1: Garchomp|4
|-unboost|p2b: Dragonite|def|1
|-boost|p2b: Dragonite|spe|1
|
|upkeep
|inactive|Schroombert has 30 seconds left.
|
|t:|1755777149
|switch|p1a: Incineroar|Incineroar, L50, M|100/100
|switch|p2a: Volcarona|Volcarona, L50, F, shiny|100/100
|-ability|p1a: Incineroar|Intimidate|boost
|-unboost|p2a: Volcarona|atk|1
|-unboost|p2b: Dragonite|atk|1
|turn|3
|
|t:|1755777163
|-terastallize|p2a: Volcarona|Fairy
|move|p1b: Corviknight|Taunt|p2a: Volcarona
|-start|p2a: Volcarona|move: Taunt
|move|p2b: Dragonite|Scale Shot|p1a: Incineroar
|-damage|p1a: Incineroar|91/100
|-damage|p1a: Incineroar|82/100
|-damage|p1a: Incineroar|73/100
|-damage|p1a: Incineroar|64/100
|-damage|p1a: Incineroar|54/100
|-hitcount|p1a: Incineroar|5
|-unboost|p2b: Dragonite|def|1
|-boost|p2b: Dragonite|spe|1
|move|p1a: Incineroar|Will-O-Wisp|p2b: Dragonite
|-status|p2b: Dragonite|brn
|cant|p2a: Volcarona|move: Taunt|Quiver Dance
|
|-heal|p1a: Incineroar|60/100|[from] Grassy Terrain
|-damage|p2b: Dragonite|95/100 brn|[from] brn
|upkeep
|turn|4
|inactive|Il Mule has 30 seconds left.
|
|t:|1755777189
|move|p2b: Dragonite|Tailwind|p2b: Dragonite
|-sidestart|p2: Schroombert|move: Tailwind
|move|p2a: Volcarona|Heat Wave|p1b: Corviknight|[spread] p1a,p1b
|-resisted|p1a: Incineroar
|-supereffective|p1b: Corviknight
|-damage|p1a: Incineroar|47/100
|-damage|p1b: Corviknight|9/100
|-enditem|p1a: Incineroar|Sitrus Berry|[eat]
|-heal|p1a: Incineroar|72/100|[from] item: Sitrus Berry
|move|p1b: Corviknight|Brave Bird|p2b: Dragonite
|-damage|p2b: Dragonite|0 fnt
|faint|p2b: Dragonite
|-damage|p1b: Corviknight|0 fnt|[from] Recoil
|faint|p1b: Corviknight
|move|p1a: Incineroar|Parting Shot|p2a: Volcarona
|-unboost|p2a: Volcarona|atk|1
|-unboost|p2a: Volcarona|spa|1
|
|t:|1755777202
|switch|p1a: Gholdengo|Gholdengo, L50|100/100|[from] Parting Shot
|
|-sideend|p1: Il Mule|move: Tailwind
|upkeep
|
|t:|1755777212
|switch|p2b: Tauros|Tauros-Paldea-Aqua, L50, M, shiny|100/100
|switch|p1b: Incineroar|Incineroar, L50, M|72/100
|-ability|p2b: Tauros|Intimidate|boost
|-unboost|p1a: Gholdengo|atk|1
|-unboost|p1b: Incineroar|atk|1
|-ability|p1b: Incineroar|Intimidate|boost
|-unboost|p2a: Volcarona|atk|1
|-unboost|p2b: Tauros|atk|1
|turn|5
|
|t:|1755777225
|-terastallize|p1a: Gholdengo|Water
|move|p1b: Incineroar|Fake Out|p2b: Tauros
|-damage|p2b: Tauros|92/100
|cant|p2b: Tauros|flinch
|move|p2a: Volcarona|Heat Wave|p1b: Incineroar|[spread] p1a
|-miss|p2a: Volcarona|p1b: Incineroar
|-resisted|p1a: Gholdengo
|-damage|p1a: Gholdengo|87/100
|-status|p1a: Gholdengo|brn
|move|p1a: Gholdengo|Nasty Plot|p1a: Gholdengo
|-boost|p1a: Gholdengo|spa|2
|-enditem|p2b: Tauros|Mirror Herb
|-boost|p2b: Tauros|spa|2|[from] item: Mirror Herb
|
|-heal|p2b: Tauros|98/100|[from] Grassy Terrain
|-heal|p1a: Gholdengo|93/100 brn|[from] Grassy Terrain
|-heal|p1b: Incineroar|78/100|[from] Grassy Terrain
|-damage|p1a: Gholdengo|87/100 brn|[from] brn
|-end|p2a: Volcarona|move: Taunt
|-fieldend|move: Grassy Terrain
|upkeep
|turn|6
|inactive|Schroombert has 30 seconds left.
|
|t:|1755777254
|move|p2b: Tauros|Wave Crash|p1b: Incineroar
|-supereffective|p1b: Incineroar
|-damage|p1b: Incineroar|6/100
|-damage|p2b: Tauros|66/100|[from] Recoil
|move|p2a: Volcarona|Tera Blast|p1a: Gholdengo|[anim] Tera Blast Fairy
|-damage|p1a: Gholdengo|58/100 brn
|move|p1a: Gholdengo|Make It Rain|p2a: Volcarona|[spread] p2a,p2b
|-supereffective|p2a: Volcarona
|-resisted|p2b: Tauros
|-damage|p2a: Volcarona|0 fnt
|-damage|p2b: Tauros|0 fnt
|-unboost|p1a: Gholdengo|spa|1
|faint|p2a: Volcarona
|faint|p2b: Tauros
|-damage|p1a: Gholdengo|49/100 brn|[from] item: Life Orb
|
|win|Il Mule
|raw|Il Mule's rating: 1308 → 1333(+25 for winning)
|raw|Schroombert's rating: 1393 → 1368(-25 for losing)
|l|☆Schroombert
|player|p2|
