|j|☆Filippo1226
|j|☆Cristante terabug
|html|Filippo1226Cristante terabug    
|uhtml|bestof|Game 1 of a best-of-3
|t:|1757018652
|gametype|doubles
|player|p1|Filippo1226|dragontamer|1246
|player|p2|Cristante terabug|kieran-champion|1283
|gen|9
|tier|[Gen 9] VGC 2025 Reg H (Bo3)
|rated|
|rule|Species Clause: Limit one of each Pokémon
|rule|Item Clause: Limit 1 of each item
|clearpoke
|poke|p1|Talonflame, L50, F|
|poke|p1|Kommo-o, L50, F|
|poke|p1|Mamoswine, L50, M|
|poke|p1|Gholdengo, L50|
|poke|p1|Gallade, L50, M|
|poke|p1|Electabuzz, L50, M|
|poke|p2|Incineroar, L50, M|
|poke|p2|Pelipper, L50, M|
|poke|p2|Archaludon, L50, M|
|poke|p2|Dragonite, L50, M|
|poke|p2|Sinistcha, L50|
|poke|p2|Ursaluna, L50, M|
|teampreview|4
|showteam|p1|Talonflame||CovertCloak|GaleWings|DualWingbeat,Taunt,Tailwind,QuickGuard|||F|||50|,,,,,Flying]Kommo-o||ChoiceSpecs|Overcoat|ClangingScales,Flamethrower,AuraSphere,DracoMeteor|||F|||50|,,,,,Dragon]Mamoswine||LoadedDice|Oblivious|IcicleSpear,Earthquake,HighHorsepower,Protect|||M|||50|,,,,,Ground]Gholdengo||LifeOrb|GoodasGold|MakeItRain,ShadowBall,NastyPlot,Protect||||||50|,,,,,Water]Gallade||SitrusBerry|Sharpness|SacredSword,Imprison,TrickRoom,PsychoCut|||M|||50|,,,,,Dark]Electabuzz||Eviolite|VitalSpirit|Electroweb,FollowMe,Thunderbolt,Protect|||M|||50|,,,,,Flying
|showteam|p2|Incineroar||SafetyGoggles|Intimidate|FakeOut,PartingShot,KnockOff,Taunt|||M|||50|,,,,,Ghost]Pelipper||FocusSash|Drizzle|Hurricane,MuddyWater,Tailwind,Protect|||M|||50|,,,,,Ghost]Archaludon||AssaultVest|Stamina|ElectroShot,Snarl,FlashCannon,BodyPress|||M|||50|,,,,,Fighting]Dragonite||LoadedDice|Multiscale|ScaleShot,Tailwind,Haze,Protect|||M|||50|,,,,,Fairy]Sinistcha||SitrusBerry|Hospitality|MatchaGotcha,RagePowder,LifeDew,TrickRoom||||||50|,,,,,Dark]Ursaluna||FlameOrb|Guts|Earthquake,Facade,HeadlongRush,Protect|||M|||50|,,,,,Ghost
|inactive|Battle timer is ON: inactive players will automatically lose when time's up. (requested by Cristante terabug)
|inactive|Filippo1226 has 60 seconds left.
|inactive|Cristante terabug has 60 seconds left.
|
|t:|1757018713
|teamsize|p1|4
|teamsize|p2|4
|start
|switch|p1a: Talonflame|Talonflame, L50, F|100/100
|switch|p1b: Mamoswine|Mamoswine, L50, M|100/100
|switch|p2a: Paolo|Dragonite, L50, M|100/100
|switch|p2b: Luca|Archaludon, L50, M|100/100
|turn|1
|
|t:|1757018736
|switch|p2a: Silvano|Pelipper, L50, M, shiny|100/100
|-weather|RainDance|[from] ability: Drizzle|[of] p2a: Silvano
|-terastallize|p2b: Luca|Fighting
|move|p1a: Talonflame|Dual Wingbeat|p2a: Silvano
|-damage|p2a: Silvano|83/100
|-damage|p2a: Silvano|65/100
|-hitcount|p2a: Silvano|2
|move|p1b: Mamoswine|Icicle Spear|p2a: Silvano
|-damage|p2a: Silvano|47/100
|-damage|p2a: Silvano|30/100
|-damage|p2a: Silvano|11/100
|-damage|p2a: Silvano|0 fnt
|faint|p2a: Silvano
|-hitcount|p2: Silvano|4
|move|p2b: Luca|Electro Shot||[still]
|-prepare|p2b: Luca|Electro Shot
|-boost|p2b: Luca|spa|1
|-anim|p2b: Luca|Electro Shot|p1a: Talonflame
|-supereffective|p1a: Talonflame
|-damage|p1a: Talonflame|0 fnt
|faint|p1a: Talonflame
|
|-weather|RainDance|[upkeep]
|upkeep
|inactive|Cristante terabug has 30 seconds left.
|
|t:|1757018769
|switch|p1a: Kommo-o|Kommo-o, L50, F|100/100
|switch|p2a: De Marinis|Incineroar, L50, M|100/100
|-ability|p2a: De Marinis|Intimidate|boost
|-unboost|p1a: Kommo-o|atk|1
|-fail|p1b: Mamoswine|unboost|Attack|[from] ability: Oblivious|[of] p1b: Mamoswine
|turn|2
|inactive|Filippo1226 has 30 seconds left.
|
|t:|1757018798
|-terastallize|p1a: Kommo-o|Dragon
|move|p2a: De Marinis|Fake Out|p1a: Kommo-o
|-damage|p1a: Kommo-o|88/100
|cant|p1a: Kommo-o|flinch
|move|p1b: Mamoswine|High Horsepower|p2a: De Marinis
|-supereffective|p2a: De Marinis
|-damage|p2a: De Marinis|7/100
|move|p2b: Luca|Flash Cannon|p1b: Mamoswine
|-supereffective|p1b: Mamoswine
|-damage|p1b: Mamoswine|0 fnt
|faint|p1b: Mamoswine
|
|-weather|RainDance|[upkeep]
|upkeep
|
|t:|1757018802
|switch|p1b: Gholdengo|Gholdengo, L50|100/100
|turn|3
|
|t:|1757018815
|move|p1a: Kommo-o|Clanging Scales|p2b: Luca|[spread] p2a,p2b
|-damage|p2a: De Marinis|0 fnt
|-damage|p2b: Luca|46/100
|-ability|p2b: Luca|Stamina|boost
|-boost|p2b: Luca|def|1
|faint|p2a: De Marinis
|-unboost|p1a: Kommo-o|def|1
|move|p1b: Gholdengo|Shadow Ball|p2b: Luca
|-damage|p2b: Luca|7/100
|-ability|p2b: Luca|Stamina|boost
|-boost|p2b: Luca|def|1
|-damage|p1b: Gholdengo|91/100|[from] item: Life Orb
|move|p2b: Luca|Snarl|p1b: Gholdengo|[spread] p1a,p1b
|-supereffective|p1b: Gholdengo
|-damage|p1a: Kommo-o|67/100
|-damage|p1b: Gholdengo|46/100
|-unboost|p1a: Kommo-o|spa|1
|-unboost|p1b: Gholdengo|spa|1
|
|-weather|RainDance|[upkeep]
|upkeep
|
|t:|1757018820
|switch|p2a: Paolo|Dragonite, L50, M|100/100
|turn|4
|inactive|Filippo1226 has 30 seconds left.
|
|t:|1757018854
|move|p1a: Kommo-o|Clanging Scales|p2a: Paolo|[spread] p2a,p2b
|-supereffective|p2a: Paolo
|-damage|p2a: Paolo|53/100
|-damage|p2b: Luca|0 fnt
|faint|p2b: Luca
|-unboost|p1a: Kommo-o|def|1
|move|p1b: Gholdengo|Nasty Plot|p1b: Gholdengo
|-boost|p1b: Gholdengo|spa|2
|move|p2a: Paolo|Scale Shot|p1a: Kommo-o
|-supereffective|p1a: Kommo-o
|-damage|p1a: Kommo-o|18/100
|-supereffective|p1a: Kommo-o
|-damage|p1a: Kommo-o|0 fnt
|faint|p1a: Kommo-o
|-hitcount|p1: Kommo-o|2
|-unboost|p2a: Paolo|def|1
|-boost|p2a: Paolo|spe|1
|
|-weather|RainDance|[upkeep]
|upkeep
|turn|5
|
|t:|1757018862
|move|p2a: Paolo|Scale Shot|p1b: Gholdengo
|-resisted|p1b: Gholdengo
|-damage|p1b: Gholdengo|39/100
|-resisted|p1b: Gholdengo
|-damage|p1b: Gholdengo|31/100
|-resisted|p1b: Gholdengo
|-damage|p1b: Gholdengo|23/100
|-resisted|p1b: Gholdengo
|-damage|p1b: Gholdengo|15/100
|-resisted|p1b: Gholdengo
|-damage|p1b: Gholdengo|7/100
|-hitcount|p1b: Gholdengo|5
|-unboost|p2a: Paolo|def|1
|-boost|p2a: Paolo|spe|1
|move|p1b: Gholdengo|Make It Rain|p2a: Paolo
|-damage|p2a: Paolo|0 fnt
|-unboost|p1b: Gholdengo|spa|1
|faint|p2a: Paolo
|-damage|p1b: Gholdengo|0 fnt|[from] item: Life Orb
|faint|p1b: Gholdengo
|
|win|Filippo1226
||Cristante terabug is ready for game 2.
|inactive|Filippo1226 has 30 seconds to confirm battle start!
