|j|☆jeanryupr
|j|☆moth.o
|html|jeanryuprmoth.o    
|uhtml|bestof|Game 2 of a best-of-3
|t:|1785772334
|gametype|doubles
|player|p1|jeanryupr|170|1219
|player|p2|moth.o|roxie|1194
|gen|9
|tier|[Gen 9 Champions] VGC 2026 Reg M-B (Bo3)
|rated|
|rule|Species Clause: Limit one of each Pokémon
|rule|Item Clause: Limit 1 of each item
|clearpoke
|poke|p1|Raichu, L50, M|
|poke|p1|Aerodactyl, L50, M|
|poke|p1|Floette-Eternal, L50, F|
|poke|p1|Kingambit, L50, F|
|poke|p1|Farigiraf, L50, F|
|poke|p1|Garchomp, L50, M|
|poke|p2|Houndoom, L50, M|
|poke|p2|Garchomp, L50, M|
|poke|p2|Staraptor, L50, M|
|poke|p2|Farigiraf, L50, M|
|poke|p2|Torkoal, L50, F|
|poke|p2|Whimsicott, L50, F|
|teampreview|4
|showteam|p1|Raichu||RaichuniteY|LightningRod|ZapCannon,FocusBlast,FakeOut,Protect|Timid||M|||50|]Aerodactyl||FocusSash|Unnerve|WideGuard,DualWingbeat,RockSlide,Tailwind|Jolly||M|||50|]Floette-Eternal||Floettite|FlowerVeil|CalmMind,DazzlingGleam,DrainingKiss,Protect|Timid||F|||50|]Kingambit||BlackGlasses|Defiant|KowtowCleave,Protect,SuckerPunch,IronHead|Adamant||F|||50|]Farigiraf||SitrusBerry|ArmorTail|TrickRoom,HelpingHand,Thunderbolt,Psychic|Bold||F|||50|]Garchomp||LifeOrb|RoughSkin|Protect,Earthquake,DragonClaw,RockSlide|Jolly||M|||50|
|showteam|p2|Houndoom||Houndoominite|FlashFire|Protect,HeatWave,Overheat,DarkPulse|Timid||M|||50|]Garchomp||LifeOrb|RoughSkin|Protect,RockSlide,StompingTantrum,DragonClaw|Jolly||M|||50|]Staraptor||Staraptite|Intimidate|Protect,CloseCombat,BraveBird,Roost|Jolly||M|||50|]Farigiraf||SitrusBerry|ArmorTail|HelpingHand,PsychicFangs,TrickRoom,Imprison|Impish||M|||50|]Torkoal||Charcoal|Drought|Protect,Eruption,EarthPower,BurningJealousy|Modest||F|||50|]Whimsicott||FocusSash|Prankster|Protect,SunnyDay,Moonblast,Tailwind|Timid||F|||50|
|
|t:|1785772363
|teamsize|p1|4
|teamsize|p2|4
|start
|switch|p1a: Floette|Floette-Eternal, L50, F|100/100
|switch|p1b: Garchomp|Garchomp, L50, M|100/100
|switch|p2a: Houndoom|Houndoom, L50, M|100/100
|switch|p2b: Torkoal|Torkoal, L50, F|100/100
|-weather|SunnyDay|[from] ability: Drought|[of] p2b: Torkoal
|turn|1
|
|t:|1785772383
|switch|p1a: Farigiraf|Farigiraf, L50, F|100/100
|move|p2a: Houndoom|Protect|p2a: Houndoom
|-singleturn|p2a: Houndoom|Protect
|move|p1b: Garchomp|Earthquake|p2a: Houndoom|[spread] p1a,p2b
|-activate|p2a: Houndoom|move: Protect
|-supereffective|p2b: Torkoal|1
|-damage|p1a: Farigiraf|58/100
|-damage|p2b: Torkoal|28/100
|-damage|p1b: Garchomp|90/100|[from] item: Life Orb
|move|p2b: Torkoal|Burning Jealousy|p1b: Garchomp|[spread] p1a,p1b
|-resisted|p1b: Garchomp|1
|-damage|p1a: Farigiraf|19/100
|-damage|p1b: Garchomp|68/100
|-enditem|p1a: Farigiraf|Sitrus Berry|[eat]
|-heal|p1a: Farigiraf|44/100|[from] item: Sitrus Berry
|
|-weather|SunnyDay|[upkeep]
|upkeep
|turn|2
|
|t:|1785772409
|detailschange|p2a: Houndoom|Houndoom-Mega, L50, M
|-mega|p2a: Houndoom|Houndoom|Houndoominite
|move|p1a: Farigiraf|Helping Hand|p1b: Garchomp
|-singleturn|p1b: Garchomp|Helping Hand|[of] p1a: Farigiraf
|move|p2a: Houndoom|Overheat|p1b: Garchomp
|-resisted|p1b: Garchomp|1
|-damage|p1b: Garchomp|0 fnt
|-unboost|p2a: Houndoom|spa|2
|faint|p1b: Garchomp
|move|p2b: Torkoal|Burning Jealousy|p1a: Farigiraf
|-damage|p1a: Farigiraf|0 fnt
|faint|p1a: Farigiraf
|
|-weather|SunnyDay|[upkeep]
|-damage|p2a: Houndoom|87/100|[from] ability: Solar Power|[of] p2a: Houndoom
|upkeep
|
|t:|1785772423
|switch|p1b: Kingambit|Kingambit, L50, F|100/100
|switch|p1a: Floette|Floette-Eternal, L50, F|100/100
|turn|3
|
|t:|1785772439
|switch|p2a: Farigiraf|Farigiraf, L50, M|100/100
|detailschange|p1a: Floette|Floette-Mega, L50, F
|-mega|p1a: Floette|Floette|Floettite
|-ability|p1a: Floette|Fairy Aura
|move|p1b: Kingambit|Protect|p1b: Kingambit
|-singleturn|p1b: Kingambit|Protect
|move|p1a: Floette|Calm Mind|p1a: Floette
|-boost|p1a: Floette|spa|1
|-boost|p1a: Floette|spd|1
|move|p2b: Torkoal|Burning Jealousy|p1b: Kingambit|[spread] p1a
|-activate|p1b: Kingambit|move: Protect
|-damage|p1a: Floette|75/100
|-status|p1a: Floette|brn
|
|-weather|SunnyDay|[upkeep]
|-damage|p1a: Floette|69/100 brn|[from] brn
|upkeep
|turn|4
|
|t:|1785772469
|switch|p2b: Whimsicott|Whimsicott, L50, F|100/100
|move|p1a: Floette|Dazzling Gleam|p2b: Whimsicott|[spread] p2a,p2b
|-damage|p2a: Farigiraf|34/100
|-enditem|p2b: Whimsicott|Focus Sash
|-damage|p2b: Whimsicott|1/100
|-enditem|p2a: Farigiraf|Sitrus Berry|[eat]
|-heal|p2a: Farigiraf|59/100|[from] item: Sitrus Berry
|move|p2a: Farigiraf|Psychic Fangs|p1a: Floette
|-damage|p1a: Floette|32/100 brn
|move|p1b: Kingambit|Kowtow Cleave|p2a: Farigiraf
|-supereffective|p2a: Farigiraf|1
|-damage|p2a: Farigiraf|0 fnt
|faint|p2a: Farigiraf
|
|-weather|SunnyDay|[upkeep]
|-damage|p1a: Floette|26/100 brn|[from] brn
|upkeep
|
|t:|1785772485
|switch|p2a: Houndoom|Houndoom-Mega, L50, M|87/100
|turn|5
|
|t:|1785772494
|move|p2b: Whimsicott|Tailwind|p2b: Whimsicott
|-sidestart|p2: moth.o|move: Tailwind
|move|p1b: Kingambit|Sucker Punch|p2a: Houndoom
|-resisted|p2a: Houndoom|1
|-damage|p2a: Houndoom|61/100
|move|p2a: Houndoom|Heat Wave|p1b: Kingambit|[spread] p1a,p1b
|-supereffective|p1b: Kingambit|1
|-damage|p1a: Floette|0 fnt
|-damage|p1b: Kingambit|0 fnt
|faint|p1a: Floette
|faint|p1b: Kingambit
|
|win|moth.o
