|j|☆aaugust
|j|☆eltsurito
|html|aaugusteltsurito    
|uhtml|bestof|Game 3 of a best-of-3
|t:|1757039852
|gametype|doubles
|player|p1|aaugust|265|1171
|player|p2|eltsurito|101|1000
|gen|9
|tier|[Gen 9] VGC 2025 Reg H (Bo3)
|rated|
|rule|Species Clause: Limit one of each Pokémon
|rule|Item Clause: Limit 1 of each item
|clearpoke
|poke|p1|Amoonguss, L50, M|
|poke|p1|Torkoal, L50, M|
|poke|p1|Farigiraf, L50, F|
|poke|p1|Dragonite, L50, F|
|poke|p1|Garganacl, L50, M|
|poke|p1|Ursaluna-Bloodmoon, L50, M|
|poke|p2|Sneasler, L50, F|
|poke|p2|Indeedee, L50, M|
|poke|p2|Volcarona, L50, F|
|poke|p2|Ursaluna-Bloodmoon, L50, M|
|poke|p2|Annihilape, L50, M|
|poke|p2|Tyranitar, L50, M|
|teampreview|4
|showteam|p1|Amoonguss||SitrusBerry|Regenerator|RagePowder,Spore,PollenPuff,Protect|||M|||50|,,,,,Water]Torkoal||ChoiceSpecs|Drought|Overheat,Eruption,HeatWave,WeatherBall|||M|||50|,,,,,Fire]Farigiraf||MentalHerb|ArmorTail|TrickRoom,HelpingHand,FoulPlay,Protect|||F|||50|,,,,,Grass]Dragonite||LoadedDice|Multiscale|ScaleShot,ExtremeSpeed,Haze,Protect|||F|||50|,,,,,Fairy]Garganacl||Leftovers|PurifyingSalt|SaltCure,Curse,WideGuard,Protect|||M|||50|,,,,,Flying]Ursaluna-Bloodmoon||LifeOrb|MindsEye|HyperVoice,BloodMoon,EarthPower,Protect|||M|||50|,,,,,Ghost
|showteam|p2|Sneasler||PsychicSeed|Unburden|CloseCombat,DireClaw,ThroatChop,Protect|||F|||50|,,,,,Dark]Indeedee||ChoiceScarf|PsychicSurge|ExpandingForce,TeraBlast,Trick,Protect|||M|||50|,,,,,Psychic]Volcarona||SitrusBerry|FlameBody|Overheat,StruggleBug,RagePowder,Tailwind|||F|||50|,,,,,Grass]Ursaluna-Bloodmoon||LifeOrb|MindsEye|BloodMoon,HyperVoice,EarthPower,Protect|||M|||50|,,,,,Normal]Annihilape||SafetyGoggles|Defiant|CloseCombat,RageFist,Taunt,FinalGambit|||M|||50|,,,,,Fairy]Tyranitar||AssaultVest|SandStream|RockSlide,KnockOff,TeraBlast,LowKick|||M|||50|,,,,,Flying
|inactive|Battle timer is ON: inactive players will automatically lose when time's up. (requested by eltsurito)
|inactive|eltsurito has 60 seconds left.
|inactive|aaugust has 60 seconds left.
|
|t:|1757039899
|teamsize|p1|4
|teamsize|p2|4
|start
|switch|p1a: Amoonguss|Amoonguss, L50, M|100/100
|switch|p1b: Farigiraf|Farigiraf, L50, F|100/100
|switch|p2a: Sneasler|Sneasler, L50, F|100/100
|switch|p2b: Indeedee|Indeedee, L50, M|100/100
|-fieldstart|move: Psychic Terrain|[from] ability: Psychic Surge|[of] p2b: Indeedee
|-enditem|p2a: Sneasler|Psychic Seed
|-boost|p2a: Sneasler|spd|1|[from] item: Psychic Seed
|turn|1
|inactive|eltsurito has 30 seconds left.
|inactive|eltsurito has 20 seconds left.
|inactive|eltsurito has 15 seconds left.
|inactive|eltsurito has 10 seconds left.
|inactive|eltsurito has 5 seconds left.
|
|t:|1757039951
|switch|p2b: Tyranitar|Tyranitar, L50, M|100/100
|-weather|Sandstorm|[from] ability: Sand Stream|[of] p2b: Tyranitar
|move|p1a: Amoonguss|Rage Powder|p1a: Amoonguss
|-singleturn|p1a: Amoonguss|move: Rage Powder
|move|p2a: Sneasler|Dire Claw|p1a: Amoonguss
|-damage|p1a: Amoonguss|59/100
|move|p1b: Farigiraf|Trick Room|p1b: Farigiraf
|-fieldstart|move: Trick Room|[of] p1b: Farigiraf
|
|-weather|Sandstorm|[upkeep]
|-damage|p1a: Amoonguss|53/100|[from] Sandstorm
|-damage|p1b: Farigiraf|94/100|[from] Sandstorm
|-damage|p2a: Sneasler|95/100|[from] Sandstorm
|upkeep
|turn|2
|inactive|aaugust has 30 seconds left.
|inactive|eltsurito has 30 seconds left.
|inactive|eltsurito has 20 seconds left.
|inactive|eltsurito has 15 seconds left.
|inactive|eltsurito has 10 seconds left.
|
|t:|1757039999
|switch|p1b: Torkoal|Torkoal, L50, M|100/100
|-weather|SunnyDay|[from] ability: Drought|[of] p1b: Torkoal
|move|p1a: Amoonguss|Spore|p2b: Tyranitar
|-status|p2b: Tyranitar|slp|[from] move: Spore
|cant|p2b: Tyranitar|slp
|move|p2a: Sneasler|Dire Claw|p1b: Torkoal
|-damage|p1b: Torkoal|65/100
|-status|p1b: Torkoal|par
|
|-weather|SunnyDay|[upkeep]
|upkeep
|turn|3
|inactive|eltsurito has 30 seconds left.
|inactive|eltsurito has 20 seconds left.
|inactive|eltsurito has 15 seconds left.
|inactive|eltsurito has 10 seconds left.
|inactive|eltsurito has 5 seconds left.
|
|t:|1757040051
|switch|p1a: Ursaluna|Ursaluna-Bloodmoon, L50, M|100/100
|-terastallize|p1b: Torkoal|Fire
|move|p2a: Sneasler|Protect|p2a: Sneasler
|-singleturn|p2a: Sneasler|Protect
|cant|p1b: Torkoal|par
|-curestatus|p2b: Tyranitar|slp|[msg]
|move|p2b: Tyranitar|Rock Slide|p1a: Ursaluna|[spread] p1a,p1b
|-resisted|p1a: Ursaluna
|-supereffective|p1b: Torkoal
|-damage|p1a: Ursaluna|89/100
|-damage|p1b: Torkoal|20/100 par
|
|-weather|SunnyDay|[upkeep]
|upkeep
|turn|4
|inactive|eltsurito has 30 seconds left.
|inactive|eltsurito has 20 seconds left.
|inactive|eltsurito has 15 seconds left.
|inactive|eltsurito has 10 seconds left.
|inactive|eltsurito has 5 seconds left.
|
|t:|1757040104
|move|p1b: Torkoal|Heat Wave|p2a: Sneasler|[spread] p2a,p2b
|-resisted|p2b: Tyranitar
|-damage|p2a: Sneasler|8/100
|-damage|p2b: Tyranitar|70/100
|-status|p2a: Sneasler|brn
|-status|p2b: Tyranitar|brn
|move|p1a: Ursaluna|Hyper Voice|p2a: Sneasler|[spread] p2a,p2b
|-resisted|p2b: Tyranitar
|-damage|p2a: Sneasler|0 fnt
|-damage|p2b: Tyranitar|53/100 brn
|faint|p2a: Sneasler
|-damage|p1a: Ursaluna|79/100|[from] item: Life Orb
|move|p2b: Tyranitar|Rock Slide|p1b: Torkoal|[spread] p1b
|-miss|p2b: Tyranitar|p1a: Ursaluna
|-supereffective|p1b: Torkoal
|-damage|p1b: Torkoal|0 fnt
|faint|p1b: Torkoal
|
|-weather|SunnyDay|[upkeep]
|-damage|p2b: Tyranitar|47/100 brn|[from] brn
|upkeep
|inactive|eltsurito has 30 seconds left.
|inactive|eltsurito has 20 seconds left.
|inactive|eltsurito has 15 seconds left.
|
|t:|1757040147
|switch|p1b: Farigiraf|Farigiraf, L50, F|94/100
|switch|p2a: Ursaluna|Ursaluna-Bloodmoon, L50, M|100/100
|turn|5
|inactive|aaugust has 30 seconds left.
|inactive|eltsurito has 30 seconds left.
|inactive|aaugust has 20 seconds left.
|inactive|eltsurito has 20 seconds left.
|inactive|eltsurito has 15 seconds left.
|inactive|eltsurito has 10 seconds left.
|inactive|eltsurito has 5 seconds left.
|
|t:|1757040201
|switch|p1a: Amoonguss|Amoonguss, L50, M|86/100
|move|p1b: Farigiraf|Protect|p1b: Farigiraf
|-singleturn|p1b: Farigiraf|Protect
|move|p2a: Ursaluna|Hyper Voice|p1b: Farigiraf|[spread] p1a
|-activate|p1b: Farigiraf|move: Protect
|-damage|p1a: Amoonguss|45/100
|-enditem|p1a: Amoonguss|Sitrus Berry|[eat]
|-heal|p1a: Amoonguss|70/100|[from] item: Sitrus Berry
|-damage|p2a: Ursaluna|91/100|[from] item: Life Orb
|move|p2b: Tyranitar|Low Kick|p1a: Amoonguss
|-resisted|p1a: Amoonguss
|-damage|p1a: Amoonguss|67/100
|
|-weather|SunnyDay|[upkeep]
|-damage|p2b: Tyranitar|42/100 brn|[from] brn
|-fieldend|move: Trick Room
|-fieldend|move: Psychic Terrain
|upkeep
|turn|6
|inactive|aaugust has 30 seconds left.
|inactive|eltsurito has 30 seconds left.
|inactive|eltsurito has 20 seconds left.
|inactive|eltsurito has 15 seconds left.
|inactive|eltsurito has 10 seconds left.
|inactive|eltsurito has 5 seconds left.
|
|t:|1757040255
|switch|p2a: Indeedee|Indeedee, L50, M|100/100
|-fieldstart|move: Psychic Terrain|[from] ability: Psychic Surge|[of] p2a: Indeedee
|move|p2b: Tyranitar|Rock Slide|p1a: Amoonguss|[spread] p1a,p1b
|-damage|p1a: Amoonguss|52/100
|-damage|p1b: Farigiraf|80/100
|cant|p1a: Amoonguss|flinch
|move|p1b: Farigiraf|Trick Room|p1b: Farigiraf
|-fieldstart|move: Trick Room|[of] p1b: Farigiraf
|
|-weather|none
|-damage|p2b: Tyranitar|36/100 brn|[from] brn
|upkeep
|turn|7
|inactive|eltsurito has 30 seconds left.
|inactive|eltsurito has 20 seconds left.
|inactive|eltsurito has 15 seconds left.
|inactive|eltsurito has 10 seconds left.
|inactive|eltsurito has 5 seconds left.
|
|t:|1757040308
|switch|p1b: Ursaluna|Ursaluna-Bloodmoon, L50, M|79/100
|move|p1a: Amoonguss|Spore|p2a: Indeedee
|-status|p2a: Indeedee|slp|[from] move: Spore
|move|p2b: Tyranitar|Rock Slide|p1b: Ursaluna|[spread] p1a,p1b
|-resisted|p1b: Ursaluna
|-damage|p1a: Amoonguss|39/100
|-damage|p1b: Ursaluna|74/100
|cant|p2a: Indeedee|slp
|
|-damage|p2b: Tyranitar|30/100 brn|[from] brn
|upkeep
|turn|8
|inactive|eltsurito has 30 seconds left.
|inactive|eltsurito has 20 seconds left.
|inactive|eltsurito has 15 seconds left.
|inactive|eltsurito has 10 seconds left.
|
|t:|1757040337
|cant|p2a: Indeedee|slp
|move|p1a: Amoonguss|Pollen Puff|p1b: Ursaluna
|-heal|p1b: Ursaluna|100/100
|move|p1b: Ursaluna|Hyper Voice|p2a: Indeedee|[spread] p2a,p2b
|-resisted|p2b: Tyranitar
|-damage|p2a: Indeedee|29/100 slp
|-damage|p2b: Tyranitar|14/100 brn
|-damage|p1b: Ursaluna|90/100|[from] item: Life Orb
|move|p2b: Tyranitar|Low Kick|p1b: Ursaluna
|-supereffective|p1b: Ursaluna
|-damage|p1b: Ursaluna|58/100
|
|-damage|p2b: Tyranitar|8/100 brn|[from] brn
|upkeep
|turn|9
|inactive|eltsurito has 10 seconds left this turn.
|inactive|eltsurito has 5 seconds left.
|-message|eltsurito lost due to inactivity.
|
|win|aaugust
|raw|aaugust's rating: 1171 → 1185(+14 for winning)
|raw|eltsurito's rating: 1000 → 1000(+0 for losing)
|l|☆aaugust
|player|p1|
