|j|☆LyricSum
|j|☆snailboss
|html|LyricSumsnailboss    
|uhtml|bestof|Game 1 of a best-of-3
|t:|1756670135
|gametype|doubles
|player|p1|LyricSum|veteran|1234
|player|p2|snailboss|102|1176
|gen|9
|tier|[Gen 9] VGC 2025 Reg H (Bo3)
|rated|
|rule|Species Clause: Limit one of each Pokémon
|rule|Item Clause: Limit 1 of each item
|clearpoke
|poke|p1|Krookodile, L50, M|
|poke|p1|Kommo-o, L50, F|
|poke|p1|Talonflame, L50, M|
|poke|p1|Sinistcha-Masterpiece, L50|
|poke|p1|Archaludon, L50, F|
|poke|p1|Primarina, L50, F|
|poke|p2|Zoroark-Hisui, L50, M|
|poke|p2|Tyranitar, L50, F|
|poke|p2|Excadrill, L50, F|
|poke|p2|Indeedee-F, L50, F|
|poke|p2|Gallade, L50, M|
|poke|p2|Talonflame, L50, M|
|teampreview|4
|showteam|p1|Krookodile||AssaultVest|Intimidate|KnockOff,Snarl,HighHorsepower,GunkShot|||M|||50|,,,,,Poison]Kommo-o||ThroatSpray|Overcoat|ClangorousSoul,ClangingScales,AuraSphere,Protect|||F|||50|,,,,,Steel]Talonflame||FocusSash|GaleWings|Tailwind,UpperHand,DualWingbeat,Taunt|||M|||50|,,,,,Ghost]Sinistcha-Masterpiece||SitrusBerry|Hospitality|MatchaGotcha,ShadowBall,RagePowder,LifeDew||||||50|,,,,,Fairy]Archaludon||PowerHerb|Stalwart|ElectroShot,Thunderbolt,DragonPulse,Protect|||F|||50|,,,,,Electric]Primarina||LifeOrb|LiquidVoice|HyperVoice,Moonblast,Haze,Protect|||F|||50|,,,,,Steel
|showteam|p2|Zoroark-Hisui||ChoiceSpecs|Illusion|HyperVoice,Flamethrower,ShadowBall,HyperBeam|||M|||50|,,,,,Normal]Tyranitar||AssaultVest|SandStream|RockSlide,KnockOff,LowKick,TeraBlast|||F|||50|,,,,,Flying]Excadrill||FocusSash|SandRush|IronHead,Protect,SwordsDance,Earthquake|||F|||50|,,,,,Ground]Indeedee-F||SafetyGoggles|PsychicSurge|TrickRoom,FollowMe,Psychic,HelpingHand|||F|||50|,,,,,Fairy]Gallade||ClearAmulet|Sharpness|PsychoCut,TrickRoom,WideGuard,SacredSword|||M|||50|,,,,,Grass]Talonflame||CovertCloak|GaleWings|Tailwind,BraveBird,FlareBlitz,Taunt|||M|||50|,,,,,Grass
|inactive|Battle timer is ON: inactive players will automatically lose when time's up. (requested by LyricSum)
|inactive|LyricSum has 60 seconds left.
|inactive|snailboss has 60 seconds left.
|
|t:|1756670195
|teamsize|p1|4
|teamsize|p2|4
|start
|switch|p1a: Talonflame|Talonflame, L50, M|100/100
|switch|p1b: Primarina|Primarina, L50, F|100/100
|switch|p2a: Butter|Indeedee-F, L50, F|100/100
|switch|p2b: Alistair|Gallade, L50, M|100/100
|-fieldstart|move: Psychic Terrain|[from] ability: Psychic Surge|[of] p2a: Butter
|turn|1
|inactive|LyricSum has 30 seconds left.
|inactive|snailboss has 30 seconds left.
|
|t:|1756670226
|move|p1b: Primarina|Protect|p1b: Primarina
|-singleturn|p1b: Primarina|Protect
|move|p2a: Butter|Follow Me|p2a: Butter
|-singleturn|p2a: Butter|move: Follow Me
|move|p1a: Talonflame|Taunt|p2a: Butter
|-start|p2a: Butter|move: Taunt
|move|p2b: Alistair|Trick Room|p2b: Alistair
|-fieldstart|move: Trick Room|[of] p2b: Alistair
|
|upkeep
|turn|2
|inactive|LyricSum has 30 seconds left.
|
|t:|1756670252
|switch|p1a: Krookodile|Krookodile, L50, M|100/100
|-ability|p1a: Krookodile|Intimidate|boost
|-unboost|p2a: Butter|atk|1
|-fail|p2b: Alistair|unboost|[from] item: Clear Amulet|[of] p2b: Alistair
|move|p2b: Alistair|Psycho Cut|p1b: Primarina
|-damage|p1b: Primarina|11/100
|move|p1b: Primarina|Moonblast|p2b: Alistair
|-supereffective|p2b: Alistair
|-damage|p2b: Alistair|0 fnt
|faint|p2b: Alistair
|-damage|p1b: Primarina|2/100|[from] item: Life Orb
|move|p2a: Butter|Psychic|p1b: Primarina
|-damage|p1b: Primarina|0 fnt
|faint|p1b: Primarina
|
|upkeep
|
|t:|1756670272
|switch|p2b: Alice|Tyranitar, L50, F|100/100
|switch|p1b: Sinistcha|Sinistcha-Masterpiece, L50|100/100
|-weather|Sandstorm|[from] ability: Sand Stream|[of] p2b: Alice
|turn|3
|inactive|LyricSum has 30 seconds left.
|
|t:|1756670299
|-terastallize|p1b: Sinistcha|Fairy
|-terastallize|p2b: Alice|Flying
|move|p1b: Sinistcha|Matcha Gotcha|p2a: Butter|[spread] p2a,p2b
|-resisted|p2b: Alice
|-damage|p2a: Butter|75/100
|-damage|p2b: Alice|91/100
|move|p2a: Butter|Psychic|p1b: Sinistcha
|-damage|p1b: Sinistcha|54/100
|move|p2b: Alice|Knock Off|p1b: Sinistcha
|-resisted|p1b: Sinistcha
|-damage|p1b: Sinistcha|32/100
|-enditem|p1b: Sinistcha|Sitrus Berry|[from] move: Knock Off|[of] p2b: Alice
|move|p1a: Krookodile|Knock Off|p2b: Alice
|-damage|p2b: Alice|58/100
|-enditem|p2b: Alice|Assault Vest|[from] move: Knock Off|[of] p1a: Krookodile
|
|-weather|Sandstorm|[upkeep]
|-damage|p1b: Sinistcha|26/100|[from] Sandstorm
|-damage|p2b: Alice|52/100|[from] Sandstorm
|upkeep
|turn|4
|
|t:|1756670318
|move|p1b: Sinistcha|Shadow Ball|p2b: Alice
|-damage|p2b: Alice|16/100
|move|p2a: Butter|Psychic|p1b: Sinistcha
|-damage|p1b: Sinistcha|0 fnt
|faint|p1b: Sinistcha
|move|p2b: Alice|Low Kick|p1a: Krookodile
|-supereffective|p1a: Krookodile
|-damage|p1a: Krookodile|33/100
|move|p1a: Krookodile|Knock Off|p2a: Butter
|-supereffective|p2a: Butter
|-damage|p2a: Butter|3/100
|-enditem|p2a: Butter|Safety Goggles|[from] move: Knock Off|[of] p1a: Krookodile
|
|-weather|Sandstorm|[upkeep]
|-damage|p2a: Butter|0 fnt|[from] Sandstorm
|-damage|p2b: Alice|11/100|[from] Sandstorm
|faint|p2a: Butter
|upkeep
|
|t:|1756670332
|switch|p1b: Talonflame|Talonflame, L50, M|100/100
|switch|p2a: Dr. Drills|Excadrill, L50, F|100/100
|turn|5
|
|t:|1756670339
|move|p2a: Dr. Drills|Protect|p2a: Dr. Drills
|-singleturn|p2a: Dr. Drills|Protect
|move|p1b: Talonflame|Dual Wingbeat|p2b: Alice
|-damage|p2b: Alice|0 fnt
|faint|p2b: Alice
|-hitcount|p2: Alice|1
|move|p1a: Krookodile|High Horsepower|p2a: Dr. Drills
|-activate|p2a: Dr. Drills|move: Protect
|
|-weather|Sandstorm|[upkeep]
|-damage|p1b: Talonflame|95/100|[from] Sandstorm
|-fieldend|move: Trick Room
|-fieldend|move: Psychic Terrain
|upkeep
|turn|6
|-message|snailboss forfeited.
|
|win|LyricSum
