|j|☆MiraiPidgeon
|j|☆irluke
|html|MiraiPidgeonirluke    
|uhtml|bestof|Game 3 of a best-of-3
|t:|1756066906
|gametype|doubles
|player|p1|MiraiPidgeon|101|1309
|player|p2|irluke|n|1239
|gen|9
|tier|[Gen 9] VGC 2025 Reg H (Bo3)
|rated|
|rule|Species Clause: Limit one of each Pokémon
|rule|Item Clause: Limit 1 of each item
|clearpoke
|poke|p1|Garchomp, L50, F|
|poke|p1|Kilowattrel, L50, F|
|poke|p1|Annihilape, L50, F|
|poke|p1|Tyranitar, L50, M|
|poke|p1|Gholdengo, L50|
|poke|p1|Volcarona, L50, F|
|poke|p2|Kingambit, L50, M|
|poke|p2|Clefable, L50, F|
|poke|p2|Rillaboom, L50, F|
|poke|p2|Baxcalibur, L50, F|
|poke|p2|Sneasler, L50, F|
|poke|p2|Incineroar, L50, F|
|teampreview|4
|showteam|p1|Garchomp||LoadedDice|RoughSkin|Earthquake,ScaleShot,Protect,StompingTantrum|||F|||50|,,,,,Fairy]Kilowattrel||FocusSash|Competitive|Discharge,Electroweb,Hurricane,Protect|||F|||50|,,,,,Water]Annihilape||ChoiceScarf|Defiant|CloseCombat,ShadowClaw,Coaching,FinalGambit|||F|||50|,,,,,Grass]Tyranitar||AssaultVest|SandStream|KnockOff,RockSlide,LowKick,TeraBlast|||M|||50|,,,,,Flying]Gholdengo||MetalCoat|GoodasGold|MakeItRain,ShadowBall,NastyPlot,Protect||||||50|,,,,,Flying]Volcarona||CovertCloak|FlameBody|Overheat,StruggleBug,RagePowder,WillOWisp|||F|||50|,,,,,Dragon
|showteam|p2|Kingambit||BlackGlasses|Defiant|SuckerPunch,KowtowCleave,SwordsDance,Protect|||M|||50|,,,,,Dark]Clefable||SafetyGoggles|Unaware|FollowMe,Moonblast,LifeDew,Protect|||F|||50|,,,,,Water]Rillaboom||AssaultVest|GrassySurge|FakeOut,WoodHammer,GrassyGlide,Uturn|||F|||50|,,,,,Fire]Baxcalibur||LoadedDice|ThermalExchange|IcicleSpear,ScaleShot,HighHorsepower,Protect|||F|||50|,,,,,Poison]Sneasler||FocusSash|Unburden|Coaching,CloseCombat,DireClaw,Protect|||F|||50|,,,,,Ghost]Incineroar||RockyHelmet|Intimidate|FakeOut,KnockOff,FlareBlitz,PartingShot|||F|||50|,,,,,Ghost
|inactive|Battle timer is ON: inactive players will automatically lose when time's up. (requested by irluke)
|
|t:|1756066925
|teamsize|p1|4
|teamsize|p2|4
|start
|switch|p1a: Annihilape|Annihilape, L50, F|100/100
|switch|p1b: Gholdengo|Gholdengo, L50|100/100
|switch|p2a: Baxcalibur|Baxcalibur, L50, F, shiny|100/100
|switch|p2b: Sneasler|Sneasler, L50, F|100/100
|turn|1
|j| porygon-epilepz
|inactive|irluke has 30 seconds left.
|l| porygon-epilepz
|inactive|irluke has 20 seconds left.
|
|t:|1756066961
|move|p2a: Baxcalibur|Protect|p2a: Baxcalibur
|-singleturn|p2a: Baxcalibur|Protect
|move|p1a: Annihilape|Final Gambit|p2a: Baxcalibur
|-activate|p2a: Baxcalibur|move: Protect
|move|p2b: Sneasler|Dire Claw|p1a: Annihilape
|-resisted|p1a: Annihilape
|-damage|p1a: Annihilape|81/100
|-status|p1a: Annihilape|par
|move|p1b: Gholdengo|Nasty Plot|p1b: Gholdengo
|-boost|p1b: Gholdengo|spa|2
|
|upkeep
|turn|2
|
|t:|1756066979
|-terastallize|p1b: Gholdengo|Flying
|move|p2b: Sneasler|Coaching|p2a: Baxcalibur
|-boost|p2a: Baxcalibur|atk|1
|-boost|p2a: Baxcalibur|def|1
|move|p2a: Baxcalibur|High Horsepower|p1b: Gholdengo
|-immune|p1b: Gholdengo
|move|p1b: Gholdengo|Make It Rain|p2b: Sneasler|[spread] p2a,p2b
|-supereffective|p2a: Baxcalibur
|-damage|p2a: Baxcalibur|0 fnt
|-enditem|p2b: Sneasler|Focus Sash
|-damage|p2b: Sneasler|1/100
|-unboost|p1b: Gholdengo|spa|1
|faint|p2a: Baxcalibur
|cant|p1a: Annihilape|par
|
|upkeep
|
|t:|1756066984
|switch|p2a: Rillaboom|Rillaboom, L50, F|100/100
|-fieldstart|move: Grassy Terrain|[from] ability: Grassy Surge|[of] p2a: Rillaboom
|turn|3
|
|t:|1756066995
|move|p1b: Gholdengo|Protect|p1b: Gholdengo
|-singleturn|p1b: Gholdengo|Protect
|move|p2a: Rillaboom|Fake Out|p1b: Gholdengo
|-activate|p1b: Gholdengo|move: Protect
|move|p2b: Sneasler|Dire Claw|p1b: Gholdengo
|-activate|p1b: Gholdengo|move: Protect
|cant|p1a: Annihilape|par
|
|-heal|p2b: Sneasler|7/100|[from] Grassy Terrain
|-heal|p1a: Annihilape|87/100 par|[from] Grassy Terrain
|upkeep
|turn|4
|
|t:|1756067012
|switch|p1a: Volcarona|Volcarona, L50, F|100/100
|move|p2b: Sneasler|Dire Claw|p1b: Gholdengo
|-damage|p1b: Gholdengo|50/100
|-status|p1b: Gholdengo|par
|move|p2a: Rillaboom|U-turn|p1b: Gholdengo
|-resisted|p1b: Gholdengo
|-damage|p1b: Gholdengo|36/100 par
|
|t:|1756067020
|switch|p2a: Kingambit|Kingambit, L50, M|100/100|[from] U-turn
|cant|p1b: Gholdengo|par
|
|-heal|p2b: Sneasler|13/100|[from] Grassy Terrain
|upkeep
|turn|5
|inactive|irluke has 30 seconds left.
|c|☆MiraiPidgeon|of course
|inactive|irluke has 20 seconds left.
|
|t:|1756067055
|move|p2a: Kingambit|Sucker Punch||[still]
|-fail|p2a: Kingambit
|move|p2b: Sneasler|Dire Claw|p1a: Volcarona
|-damage|p1a: Volcarona|49/100
|-status|p2b: Sneasler|brn|[from] ability: Flame Body|[of] p1a: Volcarona
|move|p1a: Volcarona|Will-O-Wisp|p2a: Kingambit|[miss]
|-miss|p1a: Volcarona|p2a: Kingambit
|cant|p1b: Gholdengo|par
|
|-heal|p2b: Sneasler|18/100 brn|[from] Grassy Terrain
|-heal|p1a: Volcarona|55/100|[from] Grassy Terrain
|-damage|p2b: Sneasler|13/100 brn|[from] brn
|upkeep
|turn|6
|c|☆MiraiPidgeon|2 para 3 full para on 3 attacks
|c|☆MiraiPidgeon|and a miss
|
|t:|1756067075
|move|p2a: Kingambit|Sucker Punch||[still]
|-fail|p2a: Kingambit
|move|p2b: Sneasler|Dire Claw|p1a: Volcarona
|-damage|p1a: Volcarona|32/100
|move|p1a: Volcarona|Will-O-Wisp|p2a: Kingambit
|-status|p2a: Kingambit|brn
|cant|p1b: Gholdengo|par
|
|-heal|p2b: Sneasler|18/100 brn|[from] Grassy Terrain
|-heal|p1a: Volcarona|38/100|[from] Grassy Terrain
|-damage|p2b: Sneasler|13/100 brn|[from] brn
|-damage|p2a: Kingambit|94/100 brn|[from] brn
|upkeep
|turn|7
|inactive|irluke has 30 seconds left.
|
|t:|1756067103
|-terastallize|p2a: Kingambit|Dark
|move|p2b: Sneasler|Dire Claw|p1a: Volcarona
|-damage|p1a: Volcarona|11/100
|move|p1a: Volcarona|Overheat|p2a: Kingambit
|-damage|p2a: Kingambit|39/100 brn
|-unboost|p1a: Volcarona|spa|2
|move|p1b: Gholdengo|Make It Rain|p2a: Kingambit|[spread] p2a,p2b
|-damage|p2a: Kingambit|0 fnt
|-damage|p2b: Sneasler|0 fnt
|-unboost|p1b: Gholdengo|spa|1
|faint|p2a: Kingambit
|faint|p2b: Sneasler
|
|-heal|p1a: Volcarona|17/100|[from] Grassy Terrain
|-fieldend|move: Grassy Terrain
|upkeep
|
|t:|1756067114
|switch|p2b: Rillaboom|Rillaboom, L50, F|100/100
|-fieldstart|move: Grassy Terrain|[from] ability: Grassy Surge|[of] p2b: Rillaboom
|turn|8
|
|t:|1756067124
|move|p1a: Volcarona|Will-O-Wisp|p2b: Rillaboom
|-status|p2b: Rillaboom|brn
|move|p2b: Rillaboom|Wood Hammer|p1a: Volcarona
|-resisted|p1a: Volcarona
|-damage|p1a: Volcarona|5/100
|-damage|p2b: Rillaboom|97/100 brn|[from] Recoil
|cant|p1b: Gholdengo|par
|
|-heal|p1a: Volcarona|11/100|[from] Grassy Terrain
|-heal|p2b: Rillaboom|100/100 brn|[from] Grassy Terrain
|-damage|p2b: Rillaboom|94/100 brn|[from] brn
|upkeep
|turn|9
|
|t:|1756067137
|move|p1a: Volcarona|Overheat|p2b: Rillaboom
|-supereffective|p2b: Rillaboom
|-damage|p2b: Rillaboom|54/100 brn
|-unboost|p1a: Volcarona|spa|2
|move|p2b: Rillaboom|Wood Hammer|p1a: Volcarona
|-resisted|p1a: Volcarona
|-damage|p1a: Volcarona|0 fnt
|faint|p1a: Volcarona
|-damage|p2b: Rillaboom|50/100 brn|[from] Recoil
|move|p1b: Gholdengo|Nasty Plot|p1b: Gholdengo
|-boost|p1b: Gholdengo|spa|2
|
|-heal|p2b: Rillaboom|56/100 brn|[from] Grassy Terrain
|-damage|p2b: Rillaboom|50/100 brn|[from] brn
|upkeep
|
|t:|1756067141
|switch|p1a: Garchomp|Garchomp, L50, F|100/100
|turn|10
|
|t:|1756067145
|move|p1a: Garchomp|Scale Shot|p2b: Rillaboom
|-damage|p2b: Rillaboom|37/100 brn
|-damage|p2b: Rillaboom|24/100 brn
|-damage|p2b: Rillaboom|11/100 brn
|-damage|p2b: Rillaboom|0 fnt
|faint|p2b: Rillaboom
|-hitcount|p2: Rillaboom|4
|
|win|MiraiPidgeon
|raw|MiraiPidgeon's rating: 1309 → 1325(+16 for winning)
|raw|irluke's rating: 1239 → 1219(-20 for losing)
