|j|☆watergoat52
|j|☆gdog6969
|html|watergoat52gdog6969    
|uhtml|bestof|Game 1 of a best-of-3
|t:|1785074662
|gametype|doubles
|player|p1|watergoat52|169|1169
|player|p2|gdog6969|170|1059
|gen|9
|tier|[Gen 9 Champions] VGC 2026 Reg M-B (Bo3)
|rated|
|rule|Species Clause: Limit one of each Pokémon
|rule|Item Clause: Limit 1 of each item
|clearpoke
|poke|p1|Charizard, L50, F, shiny|
|poke|p1|Heliolisk, L50, M|
|poke|p1|Dragapult, L50, M|
|poke|p1|Toxapex, L50, M|
|poke|p1|Ceruledge, L50, F|
|poke|p1|Gengar, L50, F|
|poke|p2|Farigiraf, L50, M|
|poke|p2|Grimmsnarl, L50, M|
|poke|p2|Pelipper, L50, F|
|poke|p2|Archaludon, L50, M|
|poke|p2|Corviknight, L50, M|
|poke|p2|Sinistcha-Masterpiece, L50|
|teampreview|4
|showteam|p1|Charizard||CharizarditeY|Blaze|HeatWave,SolarBeam,WeatherBall,Protect|Timid||F|||50|]Heliolisk||ChoiceScarf|SolarPower|HyperVoice,Thunderbolt,HyperBeam,SolarBeam|Timid||M|||50|]Dragapult||FocusSash|ClearBody|PhantomForce,PsychicFangs,DragonDarts,Protect|Jolly||M|||50|]Toxapex||Leftovers|Regenerator|Toxic,Infestation,WideGuard,BanefulBunker|Calm||M|||50|]Ceruledge||ColburBerry|FlashFire|BitterBlade,ShadowClaw,BulkUp,Protect|Adamant||F|||50|]Gengar||Gengarite|CursedBody|Curse|Serious||F|||50|
|showteam|p2|Farigiraf||ColburBerry|ArmorTail|Amnesia,BatonPass,Protect,TrickRoom|Bold||M|||50|]Grimmsnarl||LightClay|Prankster|FakeOut,Reflect,LightScreen,PartingShot|Careful||M|||50|]Pelipper||FocusSash|Drizzle|Tailwind,WideGuard,Hurricane,WeatherBall|Modest||F|||50|]Archaludon||Leftovers|Stamina|Protect,FlashCannon,DragonPulse,ElectroShot|Calm||M|||50|]Corviknight||SitrusBerry|MirrorArmor|BulkUp,BodyPress,PowerTrip,Roost|Careful||M|||50|]Sinistcha-Masterpiece||CobaBerry|Hospitality|LifeDew,RagePowder,TrickRoom,MatchaGotcha|Relaxed|||||50|
|
|t:|1785074701
|teamsize|p1|4
|teamsize|p2|4
|start
|switch|p1a: Charizard|Charizard, L50, F, shiny|100/100
|switch|p1b: Heliolisk|Heliolisk, L50, M|100/100
|switch|p2a: Grimmsnarl|Grimmsnarl, L50, M|100/100
|switch|p2b: Farigiraf|Farigiraf, L50, M|100/100
|turn|1
|inactive|Battle timer is ON: inactive players will automatically lose when time's up. (requested by watergoat52)
|
|t:|1785074721
|detailschange|p1a: Charizard|Charizard-Mega-Y, L50, F, shiny
|-mega|p1a: Charizard|Charizard|Charizardite Y
|-weather|SunnyDay|[from] ability: Drought|[of] p1a: Charizard
|move|p2a: Grimmsnarl|Fake Out|p1a: Charizard
|-damage|p1a: Charizard|85/100
|move|p1b: Heliolisk|Hyper Beam|p2b: Farigiraf
|-damage|p2b: Farigiraf|0 fnt
|-mustrecharge|p1b: Heliolisk
|faint|p2b: Farigiraf
|cant|p1a: Charizard|flinch
|
|-weather|SunnyDay|[upkeep]
|-damage|p1b: Heliolisk|87/100|[from] ability: Solar Power|[of] p1b: Heliolisk
|upkeep
|
|t:|1785074737
|switch|p2b: Archaludon|Archaludon, L50, M|100/100
|turn|2
|
|t:|1785074756
|switch|p1a: Dragapult|Dragapult, L50, M|100/100
|move|p2a: Grimmsnarl|Parting Shot|p1a: Dragapult
|-fail|p1a: Dragapult|unboost|[from] ability: Clear Body|[of] p1a: Dragapult
|cant|p1b: Heliolisk|recharge
|move|p2b: Archaludon|Electro Shot||[still]
|-prepare|p2b: Archaludon|Electro Shot
|-boost|p2b: Archaludon|spa|1
|
|-weather|SunnyDay|[upkeep]
|-damage|p1b: Heliolisk|75/100|[from] ability: Solar Power|[of] p1b: Heliolisk
|upkeep
|turn|3
|inactive|watergoat52 has 30 seconds left.
|
|t:|1785074783
|move|p2a: Grimmsnarl|Parting Shot|p1b: Heliolisk
|-unboost|p1b: Heliolisk|atk|1
|-unboost|p1b: Heliolisk|spa|1
|
|t:|1785074786
|switch|p2a: Pelipper|Pelipper, L50, F|100/100|[from] Parting Shot
|-weather|RainDance|[from] ability: Drizzle|[of] p2a: Pelipper
|move|p1b: Heliolisk|Hyper Beam|p2b: Archaludon
|-resisted|p2b: Archaludon|1
|-damage|p2b: Archaludon|77/100
|-mustrecharge|p1b: Heliolisk
|-ability|p2b: Archaludon|Stamina|boost
|-boost|p2b: Archaludon|def|1
|move|p1a: Dragapult|Phantom Force||[still]
|-prepare|p1a: Dragapult|Phantom Force
|move|p2b: Archaludon|Electro Shot|p1a: Dragapult|[from] lockedmove|[miss]
|-miss|p2b: Archaludon|p1a: Dragapult
|
|-weather|RainDance|[upkeep]
|-heal|p2b: Archaludon|83/100|[from] item: Leftovers
|upkeep
|turn|4
|
|t:|1785074803
|cant|p1b: Heliolisk|recharge
|move|p1a: Dragapult|Phantom Force|p2b: Archaludon|[from] lockedmove
|-damage|p2b: Archaludon|57/100
|-ability|p2b: Archaludon|Stamina|boost
|-boost|p2b: Archaludon|def|1
|move|p2b: Archaludon|Electro Shot||[still]
|-prepare|p2b: Archaludon|Electro Shot
|-boost|p2b: Archaludon|spa|1
|-anim|p2b: Archaludon|Electro Shot|p1b: Heliolisk
|-resisted|p1b: Heliolisk|1
|-damage|p1b: Heliolisk|19/100
|move|p2a: Pelipper|Tailwind|p2a: Pelipper
|-sidestart|p2: gdog6969|move: Tailwind
|
|-weather|RainDance|[upkeep]
|-heal|p2b: Archaludon|63/100|[from] item: Leftovers
|upkeep
|turn|5
|inactive|watergoat52 has 30 seconds left.
|
|t:|1785074836
|switch|p2a: Grimmsnarl|Grimmsnarl, L50, M|100/100
|move|p1b: Heliolisk|Hyper Beam|p2a: Grimmsnarl
|-damage|p2a: Grimmsnarl|64/100
|-mustrecharge|p1b: Heliolisk
|move|p1a: Dragapult|Dragon Darts|p2b: Archaludon
|-damage|p2b: Archaludon|52/100
|-ability|p2b: Archaludon|Stamina|boost
|-boost|p2b: Archaludon|def|1
|-anim|p1a: Dragapult|Dragon Darts|p2b: Archaludon
|-damage|p2b: Archaludon|43/100
|-ability|p2b: Archaludon|Stamina|boost
|-boost|p2b: Archaludon|def|1
|move|p2b: Archaludon|Dragon Pulse|p1a: Dragapult
|-supereffective|p1a: Dragapult|1
|-enditem|p1a: Dragapult|Focus Sash
|-damage|p1a: Dragapult|1/100
|
|-weather|RainDance|[upkeep]
|-heal|p2b: Archaludon|49/100|[from] item: Leftovers
|upkeep
|turn|6
|
|t:|1785074855
|move|p1a: Dragapult|Protect|p1a: Dragapult
|-singleturn|p1a: Dragapult|Protect
|move|p2a: Grimmsnarl|Reflect|p2a: Grimmsnarl
|-sidestart|p2: gdog6969|Reflect
|cant|p1b: Heliolisk|recharge
|move|p2b: Archaludon|Dragon Pulse|p1a: Dragapult
|-activate|p1a: Dragapult|move: Protect
|
|-weather|RainDance|[upkeep]
|-heal|p2b: Archaludon|55/100|[from] item: Leftovers
|upkeep
|turn|7
|
|t:|1785074875
|move|p2a: Grimmsnarl|Light Screen|p2a: Grimmsnarl
|-sidestart|p2: gdog6969|move: Light Screen
|move|p1b: Heliolisk|Hyper Beam|p2b: Archaludon
|-resisted|p2b: Archaludon|1
|-damage|p2b: Archaludon|38/100
|-mustrecharge|p1b: Heliolisk
|-ability|p2b: Archaludon|Stamina|boost
|-boost|p2b: Archaludon|def|1
|move|p1a: Dragapult|Phantom Force||[still]
|-prepare|p1a: Dragapult|Phantom Force
|move|p2b: Archaludon|Dragon Pulse|p1a: Dragapult|[miss]
|-miss|p2b: Archaludon|p1a: Dragapult
|
|-weather|none
|-heal|p2b: Archaludon|44/100|[from] item: Leftovers
|-sideend|p2: gdog6969|move: Tailwind
|upkeep
|turn|8
|
|t:|1785074889
|move|p2a: Grimmsnarl|Parting Shot|p1b: Heliolisk
|-unboost|p1b: Heliolisk|atk|1
|-unboost|p1b: Heliolisk|spa|1
|
|t:|1785074892
|switch|p2a: Pelipper|Pelipper, L50, F|100/100|[from] Parting Shot
|-weather|RainDance|[from] ability: Drizzle|[of] p2a: Pelipper
|cant|p1b: Heliolisk|recharge
|move|p1a: Dragapult|Phantom Force|p2b: Archaludon|[from] lockedmove
|-damage|p2b: Archaludon|37/100
|-ability|p2b: Archaludon|Stamina|boost
|-boost|p2b: Archaludon|def|1
|move|p2b: Archaludon|Dragon Pulse|p1a: Dragapult
|-supereffective|p1a: Dragapult|1
|-damage|p1a: Dragapult|0 fnt
|faint|p1a: Dragapult
|
|-weather|RainDance|[upkeep]
|-heal|p2b: Archaludon|43/100|[from] item: Leftovers
|upkeep
|
|t:|1785074912
|switch|p1a: Charizard|Charizard-Mega-Y, L50, F, shiny|85/100
|-weather|SunnyDay|[from] ability: Drought|[of] p1a: Charizard
|turn|9
|
|t:|1785074927
|switch|p2a: Grimmsnarl|Grimmsnarl, L50, M|64/100
|move|p2b: Archaludon|Protect|p2b: Archaludon
|-singleturn|p2b: Archaludon|Protect
|move|p1b: Heliolisk|Hyper Beam|p2b: Archaludon
|-activate|p2b: Archaludon|move: Protect
|move|p1a: Charizard|Weather Ball|p2b: Archaludon
|-activate|p2b: Archaludon|move: Protect
|
|-weather|SunnyDay|[upkeep]
|-damage|p1b: Heliolisk|7/100|[from] ability: Solar Power|[of] p1b: Heliolisk
|-heal|p2b: Archaludon|49/100|[from] item: Leftovers
|upkeep
|turn|10
|
|t:|1785074943
|switch|p1a: Toxapex|Toxapex, L50, M|100/100
|move|p2a: Grimmsnarl|Parting Shot|p1a: Toxapex
|-unboost|p1a: Toxapex|atk|1
|-unboost|p1a: Toxapex|spa|1
|
|t:|1785074948
|switch|p2a: Pelipper|Pelipper, L50, F|100/100|[from] Parting Shot
|-weather|RainDance|[from] ability: Drizzle|[of] p2a: Pelipper
|move|p1b: Heliolisk|Hyper Beam|p2b: Archaludon
|-resisted|p2b: Archaludon|1
|-damage|p2b: Archaludon|38/100
|-mustrecharge|p1b: Heliolisk
|move|p2b: Archaludon|Electro Shot||[still]
|-prepare|p2b: Archaludon|Electro Shot
|-boost|p2b: Archaludon|spa|1
|-anim|p2b: Archaludon|Electro Shot|p1a: Toxapex
|-supereffective|p1a: Toxapex|1
|-damage|p1a: Toxapex|0 fnt
|faint|p1a: Toxapex
|
|-weather|RainDance|[upkeep]
|-heal|p2b: Archaludon|44/100|[from] item: Leftovers
|upkeep
|
|t:|1785074962
|switch|p1a: Charizard|Charizard-Mega-Y, L50, F, shiny|85/100
|-weather|SunnyDay|[from] ability: Drought|[of] p1a: Charizard
|turn|11
|
|t:|1785074974
|switch|p2a: Grimmsnarl|Grimmsnarl, L50, M|64/100
|move|p2b: Archaludon|Protect|p2b: Archaludon
|-singleturn|p2b: Archaludon|Protect
|cant|p1b: Heliolisk|recharge
|move|p1a: Charizard|Weather Ball|p2a: Grimmsnarl
|-damage|p2a: Grimmsnarl|12/100
|
|-weather|SunnyDay|[upkeep]
|-damage|p1b: Heliolisk|0 fnt|[from] ability: Solar Power|[of] p1b: Heliolisk
|faint|p1b: Heliolisk
|-heal|p2b: Archaludon|50/100g|[from] item: Leftovers
|upkeep
|turn|12
|-message|watergoat52 forfeited.
|
|win|gdog6969
|l|☆watergoat52
|player|p1|
||watergoat52 is ready for game 2.
||gdog6969 is ready for game 2.
|uhtml|next|Next: Game 2 of 3
|j| tedidn
