|j|☆randomguy1114s
|j|☆predahound
|html|randomguy1114spredahound    
|uhtml|bestof|Game 2 of a best-of-3
|t:|1756274499
|gametype|doubles
|player|p1|randomguy1114s|lillie-masters|1206
|player|p2|predahound|volkner|1122
|gen|9
|tier|[Gen 9] VGC 2025 Reg H (Bo3)
|rated|
|rule|Species Clause: Limit one of each Pokémon
|rule|Item Clause: Limit 1 of each item
|clearpoke
|poke|p1|Arcanine-Hisui, L50, F|
|poke|p1|Dragonite, L50, M|
|poke|p1|Indeedee, L50, M|
|poke|p1|Sneasler, L50, M|
|poke|p1|Amoonguss, L50, M|
|poke|p1|Ninetales-Alola, L50, M|
|poke|p2|Rillaboom, L50, M|
|poke|p2|Pelipper, L50, F|
|poke|p2|Archaludon, L50, F|
|poke|p2|Basculegion, L50, M|
|poke|p2|Incineroar, L50, M|
|poke|p2|Farigiraf, L50, M|
|teampreview|4
|showteam|p1|Arcanine-Hisui||ClearAmulet|Intimidate|RockSlide,FlareBlitz,ExtremeSpeed,Protect|||F|||50|,,,,,Water]Dragonite||LoadedDice|Multiscale|ScaleShot,StompingTantrum,Tailwind,Protect|||M|||50|,,,,,Ground]Indeedee||FocusSash|PsychicSurge|ExpandingForce,TrickRoom,Imprison,HelpingHand|||M|||50|,,,,,Psychic]Sneasler||PsychicSeed|Unburden|CloseCombat,DireClaw,ThroatChop,Protect|||M|||50|,,,,,Dark]Amoonguss||RockyHelmet|Regenerator|RagePowder,PollenPuff,Spore,Protect|||M|||50|,,,,,Water]Ninetales-Alola||ChoiceSpecs|SnowWarning|Blizzard,IcyWind,Moonblast,FreezeDry|||M|||50|,,,,,Ice
|showteam|p2|Rillaboom||MiracleSeed|GrassySurge|FakeOut,GrassyGlide,Uturn,Protect|||M|||50|,,,,,Fire]Pelipper||FocusSash|Drizzle|MuddyWater,Hurricane,Tailwind,Protect|||F|||50|,,,,,Ground]Archaludon||AssaultVest|Stamina|ElectroShot,BodyPress,Snarl,FlashCannon|||F|||50|,,,,,Fairy]Basculegion||ChoiceBand|SwiftSwim|FlipTurn,LastRespects,WaveCrash,IceFang|||M|||50|,,,,,Grass]Incineroar||FigyBerry|Intimidate|FakeOut,KnockOff,PartingShot,WillOWisp|||M|||50|,,,,,Dragon]Farigiraf||SitrusBerry|ArmorTail|PsychicNoise,HyperVoice,TrickRoom,HelpingHand|||M|||50|,,,,,Fairy
|inactive|Battle timer is ON: inactive players will automatically lose when time's up. (requested by predahound)
|inactive|randomguy1114s has 60 seconds left.
|
|t:|1756274561
|teamsize|p1|4
|teamsize|p2|4
|start
|switch|p1a: chillingly cruel|Ninetales-Alola, L50, M|100/100
|switch|p1b: Dragonite|Dragonite, L50, M|100/100
|switch|p2a: Incineroar|Incineroar, L50, M|100/100
|switch|p2b: Archaludon|Archaludon, L50, F|100/100
|-weather|Snowscape|[from] ability: Snow Warning|[of] p1a: chillingly cruel
|-ability|p2a: Incineroar|Intimidate|boost
|-unboost|p1a: chillingly cruel|atk|1
|-unboost|p1b: Dragonite|atk|1
|turn|1
|inactive|predahound has 30 seconds left.
|
|t:|1756274588
|switch|p1b: Indeedee|Indeedee, L50, M, shiny|100/100
|-fieldstart|move: Psychic Terrain|[from] ability: Psychic Surge|[of] p1b: Indeedee
|switch|p2a: Pelipper|Pelipper, L50, F|100/100
|-weather|RainDance|[from] ability: Drizzle|[of] p2a: Pelipper
|move|p1a: chillingly cruel|Blizzard|p2b: Archaludon|[spread] p2a,p2b
|-damage|p2a: Pelipper|12/100
|-damage|p2b: Archaludon|66/100
|-ability|p2b: Archaludon|Stamina|boost
|-boost|p2b: Archaludon|def|1
|move|p2b: Archaludon|Electro Shot||[still]
|-prepare|p2b: Archaludon|Electro Shot
|-boost|p2b: Archaludon|spa|1
|-anim|p2b: Archaludon|Electro Shot|p1a: chillingly cruel
|-damage|p1a: chillingly cruel|28/100
|
|-weather|RainDance|[upkeep]
|upkeep
|turn|2
|inactive|predahound has 30 seconds left.
|
|t:|1756274615
|switch|p1a: menacetosociety|Sneasler, L50, M, shiny|100/100
|-enditem|p1a: menacetosociety|Psychic Seed
|-boost|p1a: menacetosociety|spd|1|[from] item: Psychic Seed
|switch|p2a: Rillaboom|Rillaboom, L50, M|100/100
|-fieldstart|move: Grassy Terrain|[from] ability: Grassy Surge|[of] p2a: Rillaboom
|move|p1b: Indeedee|Expanding Force|p2a: Rillaboom
|-damage|p2a: Rillaboom|59/100
|move|p2b: Archaludon|Electro Shot||[still]
|-prepare|p2b: Archaludon|Electro Shot
|-boost|p2b: Archaludon|spa|1
|-anim|p2b: Archaludon|Electro Shot|p1a: menacetosociety
|-damage|p1a: menacetosociety|39/100
|
|-weather|RainDance|[upkeep]
|-heal|p1a: menacetosociety|46/100|[from] Grassy Terrain
|-heal|p2b: Archaludon|72/100|[from] Grassy Terrain
|-heal|p2a: Rillaboom|65/100|[from] Grassy Terrain
|upkeep
|turn|3
|inactive|predahound has 30 seconds left.
|inactive|randomguy1114s has 30 seconds left.
|inactive|predahound has 20 seconds left.
|inactive|predahound has 15 seconds left.
|
|t:|1756274656
|switch|p2a: Incineroar|Incineroar, L50, M|100/100
|-ability|p2a: Incineroar|Intimidate|boost
|-unboost|p1a: menacetosociety|atk|1
|-unboost|p1b: Indeedee|atk|1
|-terastallize|p2b: Archaludon|Fairy
|move|p1a: menacetosociety|Protect|p1a: menacetosociety
|-singleturn|p1a: menacetosociety|Protect
|move|p1b: Indeedee|Expanding Force|p2a: Incineroar
|-immune|p2a: Incineroar
|move|p2b: Archaludon|Body Press|p1a: menacetosociety
|-activate|p1a: menacetosociety|move: Protect
|
|-weather|RainDance|[upkeep]
|-heal|p1a: menacetosociety|52/100|[from] Grassy Terrain
|-heal|p2b: Archaludon|77/100|[from] Grassy Terrain
|upkeep
|turn|4
|inactive|randomguy1114s has 30 seconds left.
|
|t:|1756274681
|switch|p1b: chillingly cruel|Ninetales-Alola, L50, M|28/100
|-weather|Snowscape|[from] ability: Snow Warning|[of] p1b: chillingly cruel
|move|p2a: Incineroar|Fake Out|p1a: menacetosociety
|-damage|p1a: menacetosociety|36/100
|cant|p1a: menacetosociety|flinch
|move|p2b: Archaludon|Body Press|p1a: menacetosociety
|-resisted|p1a: menacetosociety
|-damage|p1a: menacetosociety|11/100
|
|-weather|Snowscape|[upkeep]
|-heal|p1a: menacetosociety|17/100|[from] Grassy Terrain
|-heal|p1b: chillingly cruel|34/100|[from] Grassy Terrain
|-heal|p2b: Archaludon|83/100|[from] Grassy Terrain
|upkeep
|turn|5
|inactive|predahound has 30 seconds left.
|inactive|predahound has 20 seconds left.
|
|t:|1756274717
|switch|p2a: Pelipper|Pelipper, L50, F|12/100
|-weather|RainDance|[from] ability: Drizzle|[of] p2a: Pelipper
|-terastallize|p1b: chillingly cruel|Ice
|move|p1a: menacetosociety|Dire Claw|p2b: Archaludon
|-supereffective|p2b: Archaludon
|-damage|p2b: Archaludon|54/100
|-ability|p2b: Archaludon|Stamina|boost
|-boost|p2b: Archaludon|def|1
|move|p1b: chillingly cruel|Blizzard|p2a: Pelipper|[spread] p2a,p2b
|-damage|p2a: Pelipper|0 fnt
|-damage|p2b: Archaludon|7/100
|-ability|p2b: Archaludon|Stamina|boost
|-boost|p2b: Archaludon|def|1
|faint|p2a: Pelipper
|move|p2b: Archaludon|Electro Shot||[still]
|-prepare|p2b: Archaludon|Electro Shot
|-boost|p2b: Archaludon|spa|1
|-anim|p2b: Archaludon|Electro Shot|p1a: menacetosociety
|-damage|p1a: menacetosociety|0 fnt
|faint|p1a: menacetosociety
|
|-weather|RainDance|[upkeep]
|-heal|p1b: chillingly cruel|40/100|[from] Grassy Terrain
|-heal|p2b: Archaludon|13/100|[from] Grassy Terrain
|upkeep
|
|t:|1756274737
|switch|p1a: Dragonite|Dragonite, L50, M|100/100
|switch|p2a: Incineroar|Incineroar, L50, M|100/100
|-ability|p2a: Incineroar|Intimidate|boost
|-unboost|p1a: Dragonite|atk|1
|-unboost|p1b: chillingly cruel|atk|1
|turn|6
|inactive|predahound has 30 seconds left.
|
|t:|1756274767
|switch|p1a: Indeedee|Indeedee, L50, M, shiny|100/100
|-fieldstart|move: Psychic Terrain|[from] ability: Psychic Surge|[of] p1a: Indeedee
|move|p1b: chillingly cruel|Blizzard|p2b: Archaludon|[spread] 
|-miss|p1b: chillingly cruel|p2a: Incineroar
|-miss|p1b: chillingly cruel|p2b: Archaludon
|move|p2b: Archaludon|Electro Shot||[still]
|-prepare|p2b: Archaludon|Electro Shot
|-boost|p2b: Archaludon|spa|1
|-anim|p2b: Archaludon|Electro Shot|p1b: chillingly cruel
|-damage|p1b: chillingly cruel|0 fnt
|faint|p1b: chillingly cruel
|move|p2a: Incineroar|Knock Off|p1a: Indeedee
|-supereffective|p1a: Indeedee
|-enditem|p1a: Indeedee|Focus Sash
|-damage|p1a: Indeedee|1/100
|
|-weather|RainDance|[upkeep]
|upkeep
|
|t:|1756274771
|switch|p1b: Dragonite|Dragonite, L50, M|100/100
|turn|7
|
|t:|1756274791
|switch|p2a: Rillaboom|Rillaboom, L50, M|65/100
|-fieldstart|move: Grassy Terrain|[from] ability: Grassy Surge|[of] p2a: Rillaboom
|move|p1a: Indeedee|Expanding Force|p2b: Archaludon
|-damage|p2b: Archaludon|0 fnt
|faint|p2b: Archaludon
|move|p1b: Dragonite|Scale Shot|p2a: Rillaboom
|-damage|p2a: Rillaboom|50/100
|-damage|p2a: Rillaboom|36/100
|-damage|p2a: Rillaboom|23/100
|-damage|p2a: Rillaboom|7/100
|-hitcount|p2a: Rillaboom|4
|-unboost|p1b: Dragonite|def|1
|-boost|p1b: Dragonite|spe|1
|
|-weather|RainDance|[upkeep]
|-heal|p1a: Indeedee|7/100|[from] Grassy Terrain
|-heal|p2a: Rillaboom|13/100|[from] Grassy Terrain
|upkeep
|
|t:|1756274795
|switch|p2b: Incineroar|Incineroar, L50, M|100/100
|-ability|p2b: Incineroar|Intimidate|boost
|-unboost|p1a: Indeedee|atk|1
|-unboost|p1b: Dragonite|atk|1
|turn|8
|
|t:|1756274809
|move|p2b: Incineroar|Fake Out|p1b: Dragonite
|-damage|p1b: Dragonite|92/100
|move|p2a: Rillaboom|Grassy Glide|p1a: Indeedee
|-damage|p1a: Indeedee|0 fnt
|faint|p1a: Indeedee
|cant|p1b: Dragonite|flinch
|
|-weather|RainDance|[upkeep]
|-heal|p2a: Rillaboom|19/100|[from] Grassy Terrain
|upkeep
|turn|9
|
|t:|1756274823
|move|p2a: Rillaboom|Protect|p2a: Rillaboom
|-singleturn|p2a: Rillaboom|Protect
|move|p1b: Dragonite|Stomping Tantrum|p2b: Incineroar
|-supereffective|p2b: Incineroar
|-damage|p2b: Incineroar|28/100
|move|p2b: Incineroar|Will-O-Wisp|p1b: Dragonite|[miss]
|-miss|p2b: Incineroar|p1b: Dragonite
|
|-weather|none
|-heal|p2a: Rillaboom|25/100|[from] Grassy Terrain
|-heal|p2b: Incineroar|34/100|[from] Grassy Terrain
|upkeep
|turn|10
|
|t:|1756274838
|move|p2a: Rillaboom|Grassy Glide|p1b: Dragonite
|-resisted|p1b: Dragonite
|-damage|p1b: Dragonite|75/100
|move|p1b: Dragonite|Stomping Tantrum|p2b: Incineroar
|-supereffective|p2b: Incineroar
|-damage|p2b: Incineroar|0 fnt
|faint|p2b: Incineroar
|
|-heal|p2a: Rillaboom|31/100|[from] Grassy Terrain
|upkeep
|turn|11
|-message|predahound forfeited.
|
|win|randomguy1114s
|raw|randomguy1114s's rating: 1206 → 1225(+19 for winning)
|raw|predahound's rating: 1122 → 1103(-19 for losing)
|l|☆predahound
|player|p2|
