|j|☆b1kope
|j|☆Chaoticfarmer
|html|b1kopeChaoticfarmer    
|uhtml|bestof|Game 1 of a best-of-3
|t:|1757814619
|gametype|doubles
|player|p1|b1kope|265|1255
|player|p2|Chaoticfarmer|norman|1284
|gen|9
|tier|[Gen 9] VGC 2025 Reg H (Bo3)
|rated|
|rule|Species Clause: Limit one of each Pokémon
|rule|Item Clause: Limit 1 of each item
|clearpoke
|poke|p1|Amoonguss, L50, M|
|poke|p1|Milotic, L50, M|
|poke|p1|Porygon2, L50|
|poke|p1|Ursaluna, L50, M|
|poke|p1|Volcarona, L50, M|
|poke|p1|Sneasler, L50, M|
|poke|p2|Rillaboom, L50, M|
|poke|p2|Pelipper, L50, F|
|poke|p2|Sneasler, L50, F|
|poke|p2|Cetitan, L50, F|
|poke|p2|Malamar, L50, M|
|poke|p2|Ursaluna-Bloodmoon, L50, M|
|teampreview|4
|showteam|p1|Amoonguss||RockyHelmet|Regenerator|Spore,RagePowder,PollenPuff,Protect|||M|||50|,,,,,Water]Milotic||SafetyGoggles|Competitive|Coil,MuddyWater,Recover,Hypnosis|||M|||50|,,,,,Fire]Porygon2||Eviolite|Download|TeraBlast,Thunderbolt,TrickRoom,Recover||||||50|,,,,,Fighting]Ursaluna||FlameOrb|Guts|Facade,Yawn,HeadlongRush,Protect|||M|||50|,,,,,Fairy]Volcarona||Leftovers|FlameBody|QuiverDance,HeatWave,GigaDrain,Protect|||M|||50|,,,,,Grass]Sneasler||FocusSash|Unburden|FakeOut,CloseCombat,DireClaw,Coaching|||M|||50|,,,,,Ghost
|showteam|p2|Rillaboom||AssaultVest|GrassySurge|FakeOut,GrassyGlide,WoodHammer,Uturn|||M|||50|,,,,,Fire]Pelipper||FocusSash|Drizzle|Tailwind,Hurricane,WideGuard,WeatherBall|||F|||50|,,,,,Ghost]Sneasler||GrassySeed|Unburden|CloseCombat,DireClaw,ThroatChop,Protect|||F|||50|,,,,,Dark]Cetitan||LifeOrb|SheerForce|IcicleCrash,Liquidation,IceShard,Protect|||F|||50|,,,,,Water]Malamar||CovertCloak|Contrary|TopsyTurvy,KnockOff,Superpower,TrickRoom|||M|||50|,,,,,Steel]Ursaluna-Bloodmoon||SafetyGoggles|MindsEye|BloodMoon,HyperVoice,EarthPower,Protect|||M|||50|,,,,,Ghost
|inactive|Battle timer is ON: inactive players will automatically lose when time's up. (requested by Chaoticfarmer)
|inactive|b1kope has 60 seconds left.
|inactive|Chaoticfarmer has 60 seconds left.
|inactive|Chaoticfarmer has 30 seconds left.
|inactive|Chaoticfarmer has 20 seconds left.
|inactive|Chaoticfarmer has 15 seconds left.
|
|t:|1757814697
|teamsize|p1|4
|teamsize|p2|4
|start
|switch|p1a: Amoonguss|Amoonguss, L50, M|100/100
|switch|p1b: Sneasler|Sneasler, L50, M|100/100
|switch|p2a: Pelipper|Pelipper, L50, F|100/100
|switch|p2b: Malamar|Malamar, L50, M|100/100
|-weather|RainDance|[from] ability: Drizzle|[of] p2a: Pelipper
|turn|1
|
|t:|1757814716
|-terastallize|p2a: Pelipper|Ghost
|move|p1b: Sneasler|Fake Out|p2a: Pelipper
|-immune|p2a: Pelipper
|move|p2a: Pelipper|Hurricane|p1a: Amoonguss
|-supereffective|p1a: Amoonguss
|-damage|p1a: Amoonguss|19/100
|move|p2b: Malamar|Knock Off|p1a: Amoonguss
|-damage|p1a: Amoonguss|0 fnt
|-damage|p2b: Malamar|84/100|[from] item: Rocky Helmet|[of] p1a: Amoonguss
|-enditem|p1a: Amoonguss|Rocky Helmet|[from] move: Knock Off|[of] p2b: Malamar
|faint|p1a: Amoonguss
|
|-weather|RainDance|[upkeep]
|upkeep
|
|t:|1757814720
|switch|p1a: Porygon2|Porygon2, L50|100/100
|-ability|p1a: Porygon2|Download|boost
|-boost|p1a: Porygon2|spa|1
|turn|2
|
|t:|1757814743
|move|p1b: Sneasler|Dire Claw|p2a: Pelipper
|-resisted|p2a: Pelipper
|-damage|p2a: Pelipper|72/100
|move|p2a: Pelipper|Hurricane|p1a: Porygon2
|-crit|p1a: Porygon2
|-damage|p1a: Porygon2|62/100
|move|p2b: Malamar|Superpower|p1a: Porygon2
|-supereffective|p1a: Porygon2
|-damage|p1a: Porygon2|30/100
|-boost|p2b: Malamar|atk|1
|-boost|p2b: Malamar|def|1
|move|p1a: Porygon2|Tera Blast|p2b: Malamar
|-damage|p2b: Malamar|31/100
|
|-weather|RainDance|[upkeep]
|upkeep
|turn|3
|inactive|Chaoticfarmer has 30 seconds left.
|
|t:|1757814774
|move|p1b: Sneasler|Close Combat|p2b: Malamar
|-damage|p2b: Malamar|0 fnt
|-unboost|p1b: Sneasler|def|1
|-unboost|p1b: Sneasler|spd|1
|faint|p2b: Malamar
|move|p2a: Pelipper|Hurricane|p1b: Sneasler
|-supereffective|p1b: Sneasler
|-enditem|p1b: Sneasler|Focus Sash
|-damage|p1b: Sneasler|1/100
|move|p1a: Porygon2|Trick Room|p1a: Porygon2
|-fieldstart|move: Trick Room|[of] p1a: Porygon2
|
|-weather|RainDance|[upkeep]
|upkeep
|
|t:|1757814794
|switch|p2b: Rillaboom|Rillaboom, L50, M|100/100
|-fieldstart|move: Grassy Terrain|[from] ability: Grassy Surge|[of] p2b: Rillaboom
|turn|4
|
|t:|1757814809
|move|p1a: Porygon2|Recover|p1a: Porygon2
|-heal|p1a: Porygon2|80/100
|move|p2b: Rillaboom|Wood Hammer|p1a: Porygon2
|-damage|p1a: Porygon2|31/100
|-damage|p2b: Rillaboom|84/100|[from] Recoil
|move|p2a: Pelipper|Weather Ball|p1b: Sneasler
|-damage|p1b: Sneasler|0 fnt
|faint|p1b: Sneasler
|
|-weather|RainDance|[upkeep]
|-heal|p1a: Porygon2|37/100|[from] Grassy Terrain
|-heal|p2b: Rillaboom|90/100|[from] Grassy Terrain
|-heal|p2a: Pelipper|78/100|[from] Grassy Terrain
|upkeep
|
|t:|1757814815
|switch|p1b: Ursaluna|Ursaluna, L50, M|100/100
|turn|5
|inactive|Chaoticfarmer has 30 seconds left.
|
|t:|1757814844
|-terastallize|p1b: Ursaluna|Fairy
|move|p1b: Ursaluna|Headlong Rush|p2a: Pelipper
|-damage|p2a: Pelipper|0 fnt
|-unboost|p1b: Ursaluna|def|1
|-unboost|p1b: Ursaluna|spd|1
|faint|p2a: Pelipper
|move|p1a: Porygon2|Recover|p1a: Porygon2
|-heal|p1a: Porygon2|87/100
|move|p2b: Rillaboom|Wood Hammer|p1a: Porygon2
|-damage|p1a: Porygon2|40/100
|-damage|p2b: Rillaboom|74/100|[from] Recoil
|
|-weather|none
|-heal|p1a: Porygon2|46/100|[from] Grassy Terrain
|-heal|p2b: Rillaboom|80/100|[from] Grassy Terrain
|-status|p1b: Ursaluna|brn|[from] item: Flame Orb
|upkeep
|
|t:|1757814850
|switch|p2a: Cetitan|Cetitan, L50, F|100/100
|turn|6
|
|t:|1757814870
|move|p1b: Ursaluna|Facade|p2b: Rillaboom
|-damage|p2b: Rillaboom|0 fnt
|faint|p2b: Rillaboom
|move|p1a: Porygon2|Tera Blast|p2a: Cetitan
|-damage|p2a: Cetitan|55/100
|move|p2a: Cetitan|Icicle Crash|p1b: Ursaluna|[miss]
|-miss|p2a: Cetitan|p1b: Ursaluna
|
|-heal|p1a: Porygon2|51/100|[from] Grassy Terrain
|-heal|p2a: Cetitan|61/100|[from] Grassy Terrain
|-damage|p1b: Ursaluna|95/100 brn|[from] brn
|upkeep
|turn|7
|
|t:|1757814882
|move|p2a: Cetitan|Protect|p2a: Cetitan
|-singleturn|p2a: Cetitan|Protect
|move|p1b: Ursaluna|Facade|p2a: Cetitan
|-activate|p2a: Cetitan|move: Protect
|move|p1a: Porygon2|Tera Blast|p2a: Cetitan
|-activate|p2a: Cetitan|move: Protect
|
|-heal|p1b: Ursaluna|100/100 brn|[from] Grassy Terrain
|-heal|p1a: Porygon2|57/100|[from] Grassy Terrain
|-heal|p2a: Cetitan|68/100|[from] Grassy Terrain
|-damage|p1b: Ursaluna|95/100 brn|[from] brn
|-fieldend|move: Trick Room
|upkeep
|turn|8
|
|t:|1757814888
|move|p2a: Cetitan|Icicle Crash|p1a: Porygon2
|-damage|p1a: Porygon2|20/100
|move|p1a: Porygon2|Tera Blast|p2a: Cetitan
|-damage|p2a: Cetitan|26/100
|move|p1b: Ursaluna|Facade|p2a: Cetitan
|-damage|p2a: Cetitan|0 fnt
|faint|p2a: Cetitan
|
|win|b1kope
||Chaoticfarmer is ready for game 2.
||b1kope is ready for game 2.
|uhtml|next|Next: Game 2 of 3
