|j|☆FRattfratz
|j|☆garbageinferno
|html|FRattfratzgarbageinferno    
|uhtml|bestof|Game 2 of a best-of-3
|t:|1785697626
|gametype|doubles
|player|p1|FRattfratz|pokemonrangerf-gen4|
|player|p2|garbageinferno|265|
|gen|9
|tier|[Gen 9 Champions] VGC 2026 Reg M-B (Bo3)
|rule|Species Clause: Limit one of each Pokémon
|rule|Item Clause: Limit 1 of each item
|clearpoke
|poke|p1|Meowstic, L50, M|
|poke|p1|Jolteon, L50, M|
|poke|p1|Basculegion-F, L50, F|
|poke|p1|Weavile, L50, F|
|poke|p1|Sinistcha-Masterpiece, L50|
|poke|p1|Drampa, L50, M|
|poke|p2|Basculegion, L50, M|
|poke|p2|Metagross, L50|
|poke|p2|Swampert, L50, M|
|poke|p2|Klefki, L50, F|
|poke|p2|Pelipper, L50, M|
|poke|p2|Luxray, L50, F|
|teampreview|4
|showteam|p1|Meowstic||Leftovers|Prankster|FakeOut,Reflect,ThunderWave,Thunderbolt|Bold||M|||50|]Jolteon||LifeOrb|VoltAbsorb|Thunderbolt,VoltSwitch,Protect,ShadowBall|Timid||M|||50|]Basculegion-F||ChoiceScarf|Adaptability|ShadowBall,IceBeam,HydroPump,FlipTurn|Timid||F|||50|]Weavile||FocusSash|Pickpocket|TripleAxel,BrickBreak,FakeOut,ThroatChop|Jolly||F|||50|]Sinistcha-Masterpiece||YacheBerry|Hospitality|MatchaGotcha,RagePowder,Protect,ShadowBall|Modest|||||50|]Drampa||SitrusBerry|CloudNine|EnergyBall,Flamethrower,Protect,HelpingHand|Modest||M|||50|
|showteam|p2|Basculegion||SitrusBerry|Adaptability|AquaJet,LastRespects,WaveCrash,Protect|Adamant||M|||50|]Metagross||Metagrossite|ClearBody|BodyPress,IcePunch,MeteorMash,RockSlide|Adamant|||||50|]Swampert||Swampertite|Torrent|HammerArm,Earthquake,Liquidation,Protect|Adamant||M|||50|]Klefki||LightClay|Prankster|DazzlingGleam,LightScreen,Reflect,TrickRoom|Relaxed||F|||50|]Pelipper||FocusSash|Drizzle|Hurricane,WeatherBall,Protect,Tailwind|Modest||M|||50|]Luxray||ExpertBelt|Intimidate|VoltSwitch,IceFang,PlayRough,Superpower|Adamant||F|||50|
|
|t:|1785697699
|teamsize|p1|4
|teamsize|p2|4
|start
|switch|p1a: Meowstic|Meowstic, L50, M|100/100
|switch|p1b: Drampa|Drampa, L50, M|100/100
|switch|p2a: Nostalgia|Luxray, L50, F|100/100
|switch|p2b: Four|Klefki, L50, F|100/100
|-ability|p2a: Nostalgia|Intimidate|boost
|-unboost|p1a: Meowstic|atk|1
|-unboost|p1b: Drampa|atk|1
|-ability|p1b: Drampa|Cloud Nine
|turn|1
|
|t:|1785697724
|move|p1a: Meowstic|Fake Out|p2a: Nostalgia
|-damage|p2a: Nostalgia|95/100
|cant|p2a: Nostalgia|flinch
|move|p2b: Four|Dazzling Gleam|p1a: Meowstic|[spread] p1a,p1b
|-supereffective|p1b: Drampa|1
|-damage|p1a: Meowstic|79/100
|-damage|p1b: Drampa|61/100
|move|p1b: Drampa|Flamethrower|p2b: Four
|-supereffective|p2b: Four|1
|-damage|p2b: Four|13/100
|
|-heal|p1a: Meowstic|85/100|[from] item: Leftovers
|upkeep
|turn|2
|
|t:|1785697757
|switch|p1a: Sinistcha|Sinistcha-Masterpiece, L50|100/100
|-heal|p1b: Drampa|85/100|[from] ability: Hospitality|[of] p1a: Sinistcha
|move|p1b: Drampa|Protect|p1b: Drampa
|-singleturn|p1b: Drampa|Protect
|move|p2b: Four|Light Screen|p2b: Four
|-sidestart|p2: garbageinferno|move: Light Screen
|move|p2a: Nostalgia|Superpower|p1b: Drampa
|-activate|p1b: Drampa|move: Protect
|
|upkeep
|turn|3
|
|t:|1785697802
|switch|p2b: Plinko|Pelipper, L50, M|100/100
|-weather|RainDance|[from] ability: Drizzle|[of] p2b: Plinko
|switch|p1b: Meowstic|Meowstic, L50, M|85/100
|move|p1a: Sinistcha|Matcha Gotcha|p2a: Nostalgia|[spread] p2a,p2b
|-damage|p2a: Nostalgia|72/100
|-damage|p2b: Plinko|71/100
|move|p2a: Nostalgia|Ice Fang|p1a: Sinistcha
|-supereffective|p1a: Sinistcha|1
|-enditem|p1a: Sinistcha|Yache Berry|[eat]
|-enditem|p1a: Sinistcha|Yache Berry|[weaken]
|-damage|p1a: Sinistcha|72/100
|
|-weather|RainDance|[upkeep]
|-heal|p1b: Meowstic|91/100|[from] item: Leftovers
|upkeep
|turn|4
|
|t:|1785697843
|move|p1a: Sinistcha|Protect|p1a: Sinistcha
|-singleturn|p1a: Sinistcha|Protect
|move|p2b: Plinko|Protect|p2b: Plinko
|-singleturn|p2b: Plinko|Protect
|move|p1b: Meowstic|Thunderbolt|p2b: Plinko
|-activate|p2b: Plinko|move: Protect
|move|p2a: Nostalgia|Ice Fang|p1a: Sinistcha
|-activate|p1a: Sinistcha|move: Protect
|
|-weather|RainDance|[upkeep]
|-heal|p1b: Meowstic|97/100|[from] item: Leftovers
|upkeep
|turn|5
|
|t:|1785697876
|move|p1b: Meowstic|Reflect|p1b: Meowstic
|-sidestart|p1: FRattfratz|Reflect
|move|p1a: Sinistcha|Matcha Gotcha|p2b: Plinko|[spread] p2a,p2b
|-damage|p2a: Nostalgia|48/100
|-heal|p1a: Sinistcha|84/100|[from] drain|[of] p2a: Nostalgia
|-damage|p2b: Plinko|38/100
|-heal|p1a: Sinistcha|100/100|[from] drain|[of] p2b: Plinko
|move|p2a: Nostalgia|Volt Switch|p1b: Meowstic
|-damage|p1b: Meowstic|75/100
|
|t:|1785697888
|switch|p2a: Four|Klefki, L50, F|13/100|[from] Volt Switch
|move|p2b: Plinko|Hurricane|p1a: Sinistcha
|-supereffective|p1a: Sinistcha|1
|-damage|p1a: Sinistcha|0 fnt
|faint|p1a: Sinistcha
|
|-weather|RainDance|[upkeep]
|-heal|p1b: Meowstic|81/100|[from] item: Leftovers
|upkeep
|
|t:|1785697900
|switch|p1a: Weavile|Weavile, L50, F|100/100
|turn|6
|
|t:|1785697924
|move|p1a: Weavile|Throat Chop|p2a: Four
|-resisted|p2a: Four|1
|-damage|p2a: Four|0 fnt
|faint|p2a: Four
|move|p1b: Meowstic|Thunderbolt|p2b: Plinko
|-supereffective|p2b: Plinko|2
|-damage|p2b: Plinko|0 fnt
|faint|p2b: Plinko
|
|-weather|RainDance|[upkeep]
|-heal|p1b: Meowstic|87/100|[from] item: Leftovers
|upkeep
|
|t:|1785697930
|switch|p2b: Ten|Swampert, L50, M|100/100
|switch|p2a: Nostalgia|Luxray, L50, F|48/100
|-ability|p2a: Nostalgia|Intimidate|boost
|-unboost|p1a: Weavile|atk|1
|-unboost|p1b: Meowstic|atk|1
|turn|7
|
|t:|1785697951
|switch|p1b: Drampa|Drampa, L50, M|85/100
|-ability|p1b: Drampa|Cloud Nine
|detailschange|p2b: Ten|Swampert-Mega, L50, M
|-mega|p2b: Ten|Swampert|Swampertite
|move|p1a: Weavile|Brick Break|p2a: Nostalgia
|-sideend|p2: garbageinferno|move: Light Screen
|-damage|p2a: Nostalgia|27/100
|move|p2b: Ten|Liquidation|p1b: Drampa
|-resisted|p1b: Drampa|1
|-damage|p1b: Drampa|67/100
|move|p2a: Nostalgia|Superpower|p1a: Weavile
|-supereffective|p1a: Weavile|2
|-enditem|p1a: Weavile|Focus Sash
|-damage|p1a: Weavile|1/100
|-unboost|p2a: Nostalgia|atk|1
|-unboost|p2a: Nostalgia|def|1
|-enditem|p2a: Nostalgia|Expert Belt|[silent]|[from] ability: Pickpocket|[of] p2a: Nostalgia
|-item|p1a: Weavile|Expert Belt|[from] ability: Pickpocket|[of] p2a: Nostalgia
|
|-weather|none
|upkeep
|turn|8
|
|t:|1785697978
|move|p1b: Drampa|Protect|p1b: Drampa
|-singleturn|p1b: Drampa|Protect
|move|p1a: Weavile|Triple Axel|p2a: Nostalgia
|-damage|p2a: Nostalgia|16/100
|-damage|p2a: Nostalgia|0 fnt
|faint|p2a: Nostalgia
|-hitcount|p2: Nostalgia|2
|move|p2b: Ten|Earthquake|p1a: Weavile|[spread] p1a
|-activate|p1b: Drampa|move: Protect
|-damage|p1a: Weavile|0 fnt
|faint|p1a: Weavile
|
|upkeep
|
|t:|1785697990
|switch|p1a: Meowstic|Meowstic, L50, M|87/100
|turn|9
|
|t:|1785697998
|move|p2b: Ten|Protect|p2b: Ten
|-singleturn|p2b: Ten|Protect
|move|p1a: Meowstic|Fake Out|p2b: Ten
|-activate|p2b: Ten|move: Protect
|move|p1b: Drampa|Energy Ball|p2b: Ten
|-activate|p2b: Ten|move: Protect
|
|-heal|p1a: Meowstic|93/100|[from] item: Leftovers
|-sideend|p1: FRattfratz|Reflect
|upkeep
|turn|10
|
|t:|1785698011
|move|p1a: Meowstic|Reflect|p1a: Meowstic
|-sidestart|p1: FRattfratz|Reflect
|move|p2b: Ten|Hammer Arm|p1b: Drampa
|-supereffective|p1b: Drampa|1
|-damage|p1b: Drampa|6/100
|-unboost|p2b: Ten|spe|1
|-enditem|p1b: Drampa|Sitrus Berry|[eat]
|-heal|p1b: Drampa|31/100|[from] item: Sitrus Berry
|move|p1b: Drampa|Energy Ball|p2b: Ten
|-supereffective|p2b: Ten|2
|-damage|p2b: Ten|0 fnt
|faint|p2b: Ten
|
|win|FRattfratz
|inactive|FRattfratz has 30 seconds to confirm battle start!
|inactive|garbageinferno has 30 seconds to confirm battle start!
||FRattfratz is ready for game 3.
|inactive|garbageinferno has 20 seconds to confirm battle start!
||garbageinferno is ready for game 3.
|uhtml|next|Next: Game 3 of 3
|l|☆garbageinferno
|player|p2|
|j|☆garbageinferno
|player|p2|garbageinferno|265|
