|j|‚òÜbigdhrubo
|j|‚òÜDGAvalon
|html|bigdhruboDGAvalon    
|uhtml|bestof|Game 1 of a best-of-3
|t:|1783837723
|gametype|doubles
|player|p1|bigdhrubo|169|
|player|p2|DGAvalon|rocketgruntf|
|gen|9
|tier|[Gen 9 Champions] VGC 2026 Reg M-B (Bo3)
|rule|Species Clause: Limit one of each Pok√©mon
|rule|Item Clause: Limit 1 of each item
|clearpoke
|poke|p1|Tyranitar, L50, F|
|poke|p1|Scovillain, L50, M|
|poke|p1|Garchomp, L50, F|
|poke|p1|Gardevoir, L50, F|
|poke|p1|Ampharos, L50, F|
|poke|p1|Chandelure, L50, M|
|poke|p2|Alakazam, L50, F|
|poke|p2|Wyrdeer, L50, M|
|poke|p2|Abomasnow, L50, F|
|poke|p2|Conkeldurr, L50, F|
|poke|p2|Maushold-Four, L50|
|poke|p2|Liepard, L50, F|
|teampreview|4
|showteam|p1|Tyranitar||Tyranitarite|SandStream|DragonDance,Crunch,RockSlide,Protect|Jolly||F|||50|]Scovillain||KebiaBerry|Moody|RagePowder,Protect,HelpingHand,Crunch|Adamant||M|||50|]Garchomp||YacheBerry|RoughSkin|DragonClaw,StompingTantrum,Protect,Crunch|Jolly||F|||50|]Gardevoir||FocusSash|Trace|MysticalFire,Protect,DestinyBond,DazzlingGleam|Modest||F|||50|]Ampharos||Ampharosite|Static|Protect,Discharge,DragonPulse,VoltSwitch|Quiet||F|||50|]Chandelure||KasibBerry|FlashFire|TrickRoom,HeatWave,ShadowBall,Protect|Quiet||M|||50|
|showteam|p2|Alakazam||FocusSash|InnerFocus|SpeedSwap,TrickRoom,Taunt,Psychic|Timid||F|||50|]Wyrdeer||MentalHerb|Intimidate|TrickRoom,Psychic,ShadowBall,Protect|Sassy||M|||50|]Abomasnow||Abomasite|SnowWarning|Protect,Blizzard,GigaDrain,AuroraVeil|Quiet||F|||50|]Conkeldurr||Leftovers|IronFist|DrainPunch,IcePunch,ThunderPunch,Protect|Brave||F|||50|]Maushold-Four||SitrusBerry|FriendGuard|FollowMe,Taunt,Protect,Crunch|Jolly|||||50|]Liepard||ChopleBerry|Prankster|FoulPlay,FakeOut,Yawn,Uturn|Calm||F|||50|
|c|‚òÜDGAvalon|There we go
|c|‚òÜDGAvalon|I'm so sorry about that.
|c|‚òÜbigdhrubo|no issues
|c|‚òÜbigdhrubo|gl!
|c|‚òÜDGAvalon|You yoo
|c|‚òÜDGAvalon|too*
|c|‚òÜbigdhrubo|waoit is it supposed to be open team shets?
|c|‚òÜbigdhrubo|i am not sure
|c|‚òÜbigdhrubo|but now that we have
|c|‚òÜbigdhrubo|lets go ahead with it anyways
|c|‚òÜDGAvalon|I haven't looked, as I think we're not meant to
|c|‚òÜDGAvalon|So scouts honour?
|c|‚òÜbigdhrubo|ah fair
|c|‚òÜbigdhrubo|okay
|c|‚òÜbigdhrubo|lets keep it like that
|
|t:|1783837878
|teamsize|p1|4
|teamsize|p2|4
|start
|switch|p1a: Scovillain|Scovillain, L50, M|100/100
|switch|p1b: Chandelure|Chandelure, L50, M|100/100
|switch|p2a: Wyrdeer|Wyrdeer, L50, M|100/100
|switch|p2b: Liepard|Liepard, L50, F|100/100
|-ability|p2a: Wyrdeer|Intimidate|boost
|-unboost|p1a: Scovillain|atk|1
|-unboost|p1b: Chandelure|atk|1
|turn|1
|
|t:|1783837908
|move|p1a: Scovillain|Protect|p1a: Scovillain
|-singleturn|p1a: Scovillain|Protect
|move|p2b: Liepard|Fake Out|p1a: Scovillain
|-activate|p1a: Scovillain|move: Protect
|move|p1b: Chandelure|Heat Wave|p2a: Wyrdeer|[spread] p2a,p2b
|-damage|p2a: Wyrdeer|70/100
|-damage|p2b: Liepard|42/100
|move|p2a: Wyrdeer|Shadow Ball|p1b: Chandelure
|-supereffective|p1b: Chandelure|1
|-enditem|p1b: Chandelure|Kasib Berry|[eat]
|-enditem|p1b: Chandelure|Kasib Berry|[weaken]
|-damage|p1b: Chandelure|80/100
|
|-ability|p1a: Scovillain|Moody|boost
|-boost|p1a: Scovillain|spe|2
|-unboost|p1a: Scovillain|spa|1
|upkeep
|turn|2
|
|t:|1783837927
|move|p1a: Scovillain|Helping Hand|p1b: Chandelure
|-singleturn|p1b: Chandelure|Helping Hand|[of] p1a: Scovillain
|move|p2b: Liepard|Yawn|p1b: Chandelure
|-start|p1b: Chandelure|move: Yawn|[of] p2b: Liepard
|move|p1b: Chandelure|Heat Wave|p2a: Wyrdeer|[spread] p2b
|-miss|p1b: Chandelure|p2a: Wyrdeer
|-damage|p2b: Liepard|0 fnt
|faint|p2b: Liepard
|move|p2a: Wyrdeer|Trick Room|p2a: Wyrdeer
|-fieldstart|move: Trick Room|[of] p2a: Wyrdeer
|
|-ability|p1a: Scovillain|Moody|boost
|-boost|p1a: Scovillain|atk|2
|-unboost|p1a: Scovillain|def|1
|upkeep
|
|t:|1783837940
|switch|p2b: Abomasnow|Abomasnow, L50, F|100/100
|-weather|Snowscape|[from] ability: Snow Warning|[of] p2b: Abomasnow
|turn|3
|
|t:|1783837953
|switch|p1b: Gardevoir|Gardevoir, L50, F|100/100
|-ability|p1b: Gardevoir|Intimidate|Trace|[from] ability: Trace|[of] p2a: Wyrdeer
|-ability|p1b: Gardevoir|Intimidate|boost
|-unboost|p2a: Wyrdeer|atk|1
|-unboost|p2b: Abomasnow|atk|1
|detailschange|p2b: Abomasnow|Abomasnow-Mega, L50, F
|-mega|p2b: Abomasnow|Abomasnow|Abomasite
|move|p2b: Abomasnow|Blizzard|p1b: Gardevoir|[spread] p1a,p1b
|-damage|p1a: Scovillain|46/100
|-damage|p1b: Gardevoir|60/100
|move|p2a: Wyrdeer|Shadow Ball|p1b: Gardevoir
|-supereffective|p1b: Gardevoir|1
|-damage|p1b: Gardevoir|22/100
|move|p1a: Scovillain|Crunch|p2a: Wyrdeer
|-supereffective|p2a: Wyrdeer|1
|-damage|p2a: Wyrdeer|0 fnt
|faint|p2a: Wyrdeer
|
|-weather|Snowscape|[upkeep]
|-ability|p1a: Scovillain|Moody|boost
|-boost|p1a: Scovillain|spe|2
|-unboost|p1a: Scovillain|spa|1
|upkeep
|
|t:|1783837972
|switch|p2a: Conkeldurr|Conkeldurr, L50, F|100/100
|turn|4
|
|t:|1783837997
|move|p1b: Gardevoir|Protect|p1b: Gardevoir
|-singleturn|p1b: Gardevoir|Protect
|move|p1a: Scovillain|Protect|p1a: Scovillain
|-singleturn|p1a: Scovillain|Protect
|move|p2b: Abomasnow|Aurora Veil|p2b: Abomasnow
|-sidestart|p2: DGAvalon|move: Aurora Veil
|move|p2a: Conkeldurr|Ice Punch|p1b: Gardevoir
|-activate|p1b: Gardevoir|move: Protect
|
|-weather|Snowscape|[upkeep]
|-ability|p1a: Scovillain|Moody|boost
|-boost|p1a: Scovillain|spe|2
|-unboost|p1a: Scovillain|def|1
|upkeep
|turn|5
|
|t:|1783838020
|switch|p1b: Chandelure|Chandelure, L50, M|80/100
|move|p1a: Scovillain|Rage Powder|p1a: Scovillain
|-singleturn|p1a: Scovillain|move: Rage Powder
|move|p2b: Abomasnow|Blizzard|p1a: Scovillain|[spread] p1a,p1b
|-resisted|p1b: Chandelure|1
|-damage|p1a: Scovillain|0 fnt
|-damage|p1b: Chandelure|56/100
|faint|p1a: Scovillain
|move|p2a: Conkeldurr|Ice Punch|p1b: Chandelure
|-resisted|p1b: Chandelure|1
|-crit|p1b: Chandelure
|-damage|p1b: Chandelure|25/100
|
|-weather|Snowscape|[upkeep]
|upkeep
|c|‚òÜDGAvalon|4x speed from moody is unfortunate here
|
|t:|1783838033
|switch|p1a: Ampharos|Ampharos, L50, F|100/100
|turn|6
|
|t:|1783838054
|detailschange|p1a: Ampharos|Ampharos-Mega, L50, F
|-mega|p1a: Ampharos|Ampharos|Ampharosite
|-ability|p1a: Ampharos|Mold Breaker
|move|p1a: Ampharos|Protect|p1a: Ampharos
|-singleturn|p1a: Ampharos|Protect
|move|p1b: Chandelure|Protect|p1b: Chandelure
|-singleturn|p1b: Chandelure|Protect
|move|p2b: Abomasnow|Blizzard|p1a: Ampharos|[spread] 
|-activate|p1a: Ampharos|move: Protect
|-activate|p1b: Chandelure|move: Protect
|move|p2a: Conkeldurr|Drain Punch|p1a: Ampharos
|-activate|p1a: Ampharos|move: Protect
|
|-weather|Snowscape|[upkeep]
|-fieldend|move: Trick Room
|upkeep
|turn|7
|
|t:|1783838074
|move|p2b: Abomasnow|Protect|p2b: Abomasnow
|-singleturn|p2b: Abomasnow|Protect
|move|p1b: Chandelure|Heat Wave|p2b: Abomasnow|[spread] 
|-activate|p2b: Abomasnow|move: Protect
|-miss|p1b: Chandelure|p2a: Conkeldurr
|move|p1a: Ampharos|Dragon Pulse|p2a: Conkeldurr
|-damage|p2a: Conkeldurr|55/100
|move|p2a: Conkeldurr|Thunder Punch|p1b: Chandelure
|-damage|p1b: Chandelure|0 fnt
|faint|p1b: Chandelure
|
|-weather|none
|-heal|p2a: Conkeldurr|61/100|[from] item: Leftovers
|upkeep
|
|t:|1783838085
|switch|p1b: Gardevoir|Gardevoir, L50, F|22/100
|-ability|p1b: Gardevoir|Iron Fist|Trace|[from] ability: Trace|[of] p2a: Conkeldurr
|turn|8
|
|t:|1783838096
|move|p1b: Gardevoir|Destiny Bond|p1b: Gardevoir
|-singlemove|p1b: Gardevoir|Destiny Bond
|move|p2a: Conkeldurr|Drain Punch|p1a: Ampharos
|-damage|p1a: Ampharos|49/100
|-heal|p2a: Conkeldurr|84/100|[from] drain|[of] p1a: Ampharos
|move|p1a: Ampharos|Discharge|p2a: Conkeldurr|[spread] p1b,p2a,p2b
|-resisted|p2b: Abomasnow|1
|-damage|p1b: Gardevoir|0 fnt
|-damage|p2a: Conkeldurr|55/100
|-damage|p2b: Abomasnow|87/100
|-status|p2b: Abomasnow|par
|faint|p1b: Gardevoir
|move|p2b: Abomasnow|Blizzard|p1a: Ampharos|[miss]
|-miss|p2b: Abomasnow|p1a: Ampharos
|
|-heal|p2a: Conkeldurr|61/100|[from] item: Leftovers
|-sideend|p2: DGAvalon|move: Aurora Veil
|upkeep
|turn|9
|
|t:|1783838113
|move|p2a: Conkeldurr|Drain Punch|p1a: Ampharos
|-damage|p1a: Ampharos|1/100
|-heal|p2a: Conkeldurr|83/100|[from] drain|[of] p1a: Ampharos
|move|p1a: Ampharos|Discharge|p2b: Abomasnow|[spread] p2a,p2b
|-resisted|p2b: Abomasnow|1
|-damage|p2a: Conkeldurr|34/100
|-damage|p2b: Abomasnow|71/100 par
|move|p2b: Abomasnow|Blizzard|p1a: Ampharos
|-supereffective|p1a: Ampharos|1
|-damage|p1a: Ampharos|0 fnt
|faint|p1a: Ampharos
|
|win|DGAvalon
|c|‚òÜDGAvalon|GGG1
|inactive|bigdhrubo has 30 seconds to confirm battle start!
|inactive|DGAvalon has 30 seconds to confirm battle start!
||bigdhrubo is ready for game 2.
||DGAvalon is ready for game 2.
|uhtml|next|Next: Game 2 of 3
