|j|☆RaikuDraco
|j|☆Piedrer
|html|RaikuDracoPiedrer    
|uhtml|bestof|Game 2 of a best-of-3
|t:|1756770159
|gametype|doubles
|player|p1|RaikuDraco|265|1206
|player|p2|Piedrer|red|1156
|gen|9
|tier|[Gen 9] VGC 2025 Reg H (Bo3)
|rated|
|rule|Species Clause: Limit one of each Pokémon
|rule|Item Clause: Limit 1 of each item
|clearpoke
|poke|p1|Whimsicott, L50, M|
|poke|p1|Dragonite, L50, M|
|poke|p1|Gholdengo, L50|
|poke|p1|Garchomp, L50, F|
|poke|p1|Sneasler, L50, M|
|poke|p1|Incineroar, L50, M|
|poke|p2|Annihilape, L50, M|
|poke|p2|Ninetales-Alola, L50, F|
|poke|p2|Talonflame, L50, M|
|poke|p2|Garchomp, L50, M|
|poke|p2|Vivillon-Ocean, L50, F|
|poke|p2|Gholdengo, L50|
|teampreview|4
|showteam|p1|Whimsicott||CovertCloak|Prankster|Moonblast,Tailwind,Encore,Taunt|||M|||50|,,,,,Water]Dragonite||LoadedDice|Multiscale|ScaleShot,ExtremeSpeed,Haze,Protect|||M|||50|,,,,,Fairy]Gholdengo||ChoiceSpecs|GoodasGold|MakeItRain,ShadowBall,Thunderbolt,Trick||||||50|,,,,,Steel]Garchomp||LifeOrb|RoughSkin|DragonClaw,StompingTantrum,Earthquake,Protect|||F|||50|,,,,,Ground]Sneasler||FocusSash|Unburden|DireClaw,CloseCombat,Coaching,Protect|||M|||50|,,,,,Stellar]Incineroar||AssaultVest|Intimidate|FlareBlitz,KnockOff,Uturn,FakeOut|||M|||50|,,,,,Grass
|showteam|p2|Annihilape||SafetyGoggles|Defiant|RageFist,DrainPunch,BulkUp,Protect|||M|||50|,,,,,Water]Ninetales-Alola||CovertCloak|SnowWarning|Blizzard,FreezeDry,AuroraVeil,Protect|||F|||50|,,,,,Ice]Talonflame||SharpBeak|GaleWings|DualWingbeat,Tailwind,WillOWisp,Protect|||M|||50|,,,,,Ghost]Garchomp||LifeOrb|RoughSkin|Earthquake,StompingTantrum,DragonClaw,Protect|||M|||50|,,,,,Steel]Vivillon-Ocean||FocusSash|CompoundEyes|SleepPowder,Hurricane,RagePowder,Protect|||F|||50|,,,,,Ghost]Gholdengo||IronPlate|GoodasGold|MakeItRain,ShadowBall,NastyPlot,Protect||||||50|,,,,,Steel
|inactive|Battle timer is ON: inactive players will automatically lose when time's up. (requested by RaikuDraco)
|inactive|Piedrer also wants the timer to be on.
|inactive|RaikuDraco has 60 seconds left.
|inactive|Piedrer has 60 seconds left.
|
|t:|1756770198
|teamsize|p1|4
|teamsize|p2|4
|start
|switch|p1a: Whimsicott|Whimsicott, L50, M|100/100
|switch|p1b: Dragonite|Dragonite, L50, M|100/100
|switch|p2a: Talonflame|Talonflame, L50, M|100/100
|switch|p2b: Garchomp|Garchomp, L50, M|100/100
|turn|1
|inactive|RaikuDraco has 30 seconds left.
|inactive|Piedrer has 30 seconds left.
|inactive|RaikuDraco has 20 seconds left.
|inactive|RaikuDraco has 15 seconds left.
|inactive|RaikuDraco has 10 seconds left.
|
|t:|1756770244
|-terastallize|p1b: Dragonite|Fairy
|move|p2b: Garchomp|Protect|p2b: Garchomp
|-singleturn|p2b: Garchomp|Protect
|move|p2a: Talonflame|Dual Wingbeat|p1a: Whimsicott
|-supereffective|p1a: Whimsicott
|-damage|p1a: Whimsicott|53/100
|-supereffective|p1a: Whimsicott
|-damage|p1a: Whimsicott|6/100
|-hitcount|p1a: Whimsicott|2
|move|p1a: Whimsicott|Tailwind|p1a: Whimsicott
|-sidestart|p1: RaikuDraco|move: Tailwind
|move|p1b: Dragonite|Scale Shot|p2b: Garchomp
|-activate|p2b: Garchomp|move: Protect
|
|upkeep
|turn|2
|inactive|RaikuDraco has 30 seconds left.
|inactive|RaikuDraco has 20 seconds left.
|inactive|RaikuDraco has 15 seconds left.
|
|t:|1756770286
|-terastallize|p2b: Garchomp|Steel
|move|p1a: Whimsicott|Encore|p2b: Garchomp
|-start|p2b: Garchomp|Encore
|move|p2a: Talonflame|Dual Wingbeat|p1b: Dragonite|[miss]
|-miss|p2a: Talonflame|p1b: Dragonite
|move|p1b: Dragonite|Scale Shot|p2a: Talonflame
|-damage|p2a: Talonflame|79/100
|-damage|p2a: Talonflame|58/100
|-damage|p2a: Talonflame|36/100
|-damage|p2a: Talonflame|13/100
|-damage|p2a: Talonflame|0 fnt
|faint|p2a: Talonflame
|-hitcount|p2: Talonflame|5
|-unboost|p1b: Dragonite|def|1
|-boost|p1b: Dragonite|spe|1
|move|p2b: Garchomp|Protect||[still]
|-fail|p2b: Garchomp
|
|upkeep
|
|t:|1756770304
|switch|p2a: Ninetales|Ninetales-Alola, L50, F|100/100
|-weather|Snowscape|[from] ability: Snow Warning|[of] p2a: Ninetales
|turn|3
|inactive|RaikuDraco has 30 seconds left.
|
|t:|1756770331
|move|p2b: Garchomp|Protect|p2b: Garchomp
|-singleturn|p2b: Garchomp|Protect
|move|p1b: Dragonite|Extreme Speed|p2a: Ninetales
|-damage|p2a: Ninetales|69/100
|move|p1a: Whimsicott|Moonblast|p2a: Ninetales
|-damage|p2a: Ninetales|34/100
|move|p2a: Ninetales|Blizzard|p1b: Dragonite|[spread] p1a,p1b
|-supereffective|p1a: Whimsicott
|-damage|p1a: Whimsicott|0 fnt
|-damage|p1b: Dragonite|83/100
|faint|p1a: Whimsicott
|
|-weather|Snowscape|[upkeep]
|upkeep
|
|t:|1756770354
|switch|p1a: Sneasler|Sneasler, L50, M|100/100
|turn|4
|inactive|RaikuDraco has 30 seconds left.
|
|t:|1756770381
|move|p2a: Ninetales|Protect|p2a: Ninetales
|-singleturn|p2a: Ninetales|Protect
|move|p2b: Garchomp|Protect||[still]
|-fail|p2b: Garchomp
|move|p1b: Dragonite|Extreme Speed|p2a: Ninetales
|-activate|p2a: Ninetales|move: Protect
|move|p1a: Sneasler|Dire Claw|p2a: Ninetales
|-activate|p2a: Ninetales|move: Protect
|
|-weather|Snowscape|[upkeep]
|-end|p2b: Garchomp|Encore
|-sideend|p1: RaikuDraco|move: Tailwind
|upkeep
|turn|5
|
|t:|1756770402
|move|p1b: Dragonite|Extreme Speed|p2a: Ninetales
|-damage|p2a: Ninetales|3/100
|move|p1a: Sneasler|Close Combat|p2b: Garchomp
|-supereffective|p2b: Garchomp
|-crit|p2b: Garchomp
|-damage|p2b: Garchomp|0 fnt
|-unboost|p1a: Sneasler|def|1
|-unboost|p1a: Sneasler|spd|1
|-damage|p1a: Sneasler|88/100|[from] ability: Rough Skin|[of] p2b: Garchomp
|faint|p2b: Garchomp
|move|p2a: Ninetales|Aurora Veil|p2a: Ninetales
|-sidestart|p2: Piedrer|move: Aurora Veil
|
|-weather|Snowscape|[upkeep]
|upkeep
|
|t:|1756770413
|switch|p2b: Annihilape|Annihilape, L50, M|100/100
|turn|6
|
|t:|1756770435
|move|p1b: Dragonite|Extreme Speed|p2a: Ninetales
|-damage|p2a: Ninetales|0 fnt
|faint|p2a: Ninetales
|move|p1a: Sneasler|Coaching|p1b: Dragonite
|-boost|p1b: Dragonite|atk|1
|-boost|p1b: Dragonite|def|1
|move|p2b: Annihilape|Bulk Up|p2b: Annihilape
|-boost|p2b: Annihilape|atk|1
|-boost|p2b: Annihilape|def|1
|
|-weather|Snowscape|[upkeep]
|upkeep
|turn|7
|
|t:|1756770456
|move|p1b: Dragonite|Scale Shot|p2b: Annihilape
|-damage|p2b: Annihilape|90/100
|-damage|p2b: Annihilape|80/100
|-damage|p2b: Annihilape|69/100
|-damage|p2b: Annihilape|58/100
|-hitcount|p2b: Annihilape|4
|-unboost|p1b: Dragonite|def|1
|-boost|p1b: Dragonite|spe|1
|move|p1a: Sneasler|Dire Claw|p2b: Annihilape
|-resisted|p2b: Annihilape
|-damage|p2b: Annihilape|49/100
|-status|p2b: Annihilape|psn
|move|p2b: Annihilape|Rage Fist|p1b: Dragonite
|-damage|p1b: Dragonite|0 fnt
|faint|p1b: Dragonite
|
|-weather|none
|-damage|p2b: Annihilape|36/100 psn|[from] psn
|upkeep
|inactive|RaikuDraco has 30 seconds left.
|
|t:|1756770481
|switch|p1b: Gholdengo|Gholdengo, L50|100/100
|turn|8
|
|t:|1756770500
|move|p1a: Sneasler|Dire Claw|p2b: Annihilape
|-resisted|p2b: Annihilape
|-damage|p2b: Annihilape|26/100 psn
|move|p2b: Annihilape|Rage Fist|p1b: Gholdengo
|-supereffective|p1b: Gholdengo
|-damage|p1b: Gholdengo|0 fnt
|faint|p1b: Gholdengo
|
|-damage|p2b: Annihilape|14/100 psn|[from] psn
|upkeep
|turn|9
|
|t:|1756770514
|move|p1a: Sneasler|Protect|p1a: Sneasler
|-singleturn|p1a: Sneasler|Protect
|move|p2b: Annihilape|Bulk Up|p2b: Annihilape
|-boost|p2b: Annihilape|atk|1
|-boost|p2b: Annihilape|def|1
|
|-damage|p2b: Annihilape|1/100 psn|[from] psn
|-sideend|p2: Piedrer|move: Aurora Veil
|upkeep
|turn|10
|
|t:|1756770523
|move|p1a: Sneasler|Dire Claw|p2b: Annihilape
|-resisted|p2b: Annihilape
|-damage|p2b: Annihilape|0 fnt
|faint|p2b: Annihilape
|
|win|RaikuDraco
|raw|RaikuDraco's rating: 1206 → 1227(+21 for winning)
|raw|Piedrer's rating: 1156 → 1135(-21 for losing)
|l|☆Piedrer
|player|p2|
