|j|☆gundot
|j|☆Glofer
|html|gundotGlofer    
|uhtml|bestof|Game 1 of a best-of-3
|t:|1782732979
|gametype|doubles
|player|p1|gundot|ethan-gen2|1113
|player|p2|Glofer|blackbelt|1199
|gen|9
|tier|[Gen 9 Champions] VGC 2026 Reg M-B (Bo3)
|rated|
|rule|Species Clause: Limit one of each Pokémon
|rule|Item Clause: Limit 1 of each item
|clearpoke
|poke|p1|Charizard, L50, M, shiny|
|poke|p1|Whimsicott, L50, F, shiny|
|poke|p1|Floette-Eternal, L50, F|
|poke|p1|Garchomp, L50, M|
|poke|p1|Kingambit, L50, M|
|poke|p1|Basculegion, L50, M|
|poke|p2|Swampert, L50, M|
|poke|p2|Meganium, L50, F|
|poke|p2|Glimmora, L50, M|
|poke|p2|Vivillon, L50, M|
|poke|p2|Pelipper, L50, M|
|poke|p2|Tinkaton, L50, F|
|teampreview|4
|showteam|p1|Charizard||CharizarditeY|SolarPower|HeatWave,WeatherBall,SolarBeam,Protect|Modest||M|||50|]Whimsicott||FocusSash|Prankster|Moonblast,Tailwind,Encore,Protect|Timid||F|||50|]Floette-Eternal||Floettite|FlowerVeil|Moonblast,DazzlingGleam,LightofRuin,Protect|Timid||F|||50|]Garchomp||SitrusBerry|RoughSkin|Earthquake,DragonClaw,RockSlide,Protect|Jolly||M|||50|]Kingambit||BlackGlasses|Defiant|KowtowCleave,SuckerPunch,IronHead,Protect|Adamant||M|||50|]Basculegion||MysticWater|Adaptability|WaveCrash,AquaJet,LastRespects,Protect|Adamant||M|||50|
|showteam|p2|Swampert||Swampertite|Damp|WaveCrash,Earthquake,IcePunch,Protect|Adamant||M|||50|]Meganium||Meganiumite|LeafGuard|SolarBeam,DazzlingGleam,WeatherBall,Protect|Timid||F|||50|]Glimmora||LifeOrb|ToxicDebris|SludgeBomb,PowerGem,EarthPower,Protect|Timid||M|||50|]Vivillon||FocusSash|CompoundEyes|PollenPuff,SleepPowder,Tailwind,Protect|Timid||M|||50|]Pelipper||WideLens|Drizzle|Hurricane,MuddyWater,WideGuard,Protect|Modest||M|||50|]Tinkaton||Leftovers|OwnTempo|GigatonHammer,PlayRough,FakeOut,Protect|Jolly||F|||50|
|inactive|Battle timer is ON: inactive players will automatically lose when time's up. (requested by gundot)
|inactive|gundot has 60 seconds left.
|
|t:|1782733033
|teamsize|p1|4
|teamsize|p2|4
|start
|switch|p1a: Garchomp|Garchomp, L50, M|100/100
|switch|p1b: Floette|Floette-Eternal, L50, F|100/100
|switch|p2a: Swampert|Swampert, L50, M|100/100
|switch|p2b: Tinkaton|Tinkaton, L50, F|100/100
|turn|1
|
|t:|1782733049
|detailschange|p2a: Swampert|Swampert-Mega, L50, M
|-mega|p2a: Swampert|Swampert|Swampertite
|move|p1a: Garchomp|Protect|p1a: Garchomp
|-singleturn|p1a: Garchomp|Protect
|move|p1b: Floette|Protect|p1b: Floette
|-singleturn|p1b: Floette|Protect
|move|p2b: Tinkaton|Fake Out|p1b: Floette
|-activate|p1b: Floette|move: Protect
|move|p2a: Swampert|Ice Punch|p1a: Garchomp
|-activate|p1a: Garchomp|move: Protect
|
|upkeep
|turn|2
|
|t:|1782733060
|switch|p2b: Pelipper|Pelipper, L50, M|100/100
|-weather|RainDance|[from] ability: Drizzle|[of] p2b: Pelipper
|detailschange|p1b: Floette|Floette-Mega, L50, F
|-mega|p1b: Floette|Floette|Floettite
|-ability|p1b: Floette|Fairy Aura
|move|p2a: Swampert|Wave Crash|p1b: Floette
|-damage|p1b: Floette|0 fnt
|faint|p1b: Floette
|-damage|p2a: Swampert|71/100|[from] Recoil
|move|p1a: Garchomp|Rock Slide|p2a: Swampert|[spread] p2a,p2b
|-resisted|p2a: Swampert|1
|-supereffective|p2b: Pelipper|1
|-damage|p2a: Swampert|63/100
|-damage|p2b: Pelipper|67/100
|
|-weather|RainDance|[upkeep]
|upkeep
|
|t:|1782733076
|switch|p1b: Whimsicott|Whimsicott, L50, F, shiny|100/100
|turn|3
|
|t:|1782733088
|switch|p1a: Basculegion|Basculegion, L50, M|100/100
|move|p1b: Whimsicott|Tailwind|p1b: Whimsicott
|-sidestart|p1: gundot|move: Tailwind
|move|p2a: Swampert|Wave Crash|p1b: Whimsicott
|-resisted|p1b: Whimsicott|1
|-damage|p1b: Whimsicott|12/100
|-damage|p2a: Swampert|41/100|[from] Recoil
|move|p2b: Pelipper|Muddy Water|p1b: Whimsicott|[spread] p1a,p1b
|-resisted|p1a: Basculegion|1
|-resisted|p1b: Whimsicott|1
|-damage|p1a: Basculegion|79/100
|-damage|p1b: Whimsicott|0 fnt
|faint|p1b: Whimsicott
|
|-weather|RainDance|[upkeep]
|upkeep
|
|t:|1782733094
|switch|p1b: Garchomp|Garchomp, L50, M|100/100
|turn|4
|
|t:|1782733111
|move|p2a: Swampert|Protect|p2a: Swampert
|-singleturn|p2a: Swampert|Protect
|move|p2b: Pelipper|Protect|p2b: Pelipper
|-singleturn|p2b: Pelipper|Protect
|move|p1b: Garchomp|Dragon Claw|p2a: Swampert
|-activate|p2a: Swampert|move: Protect
|move|p1a: Basculegion|Last Respects|p2b: Pelipper
|-activate|p2b: Pelipper|move: Protect
|
|-weather|RainDance|[upkeep]
|upkeep
|turn|5
|
|t:|1782733128
|switch|p2a: Tinkaton|Tinkaton, L50, F|100/100
|switch|p2b: Glimmora|Glimmora, L50, M|100/100
|move|p1a: Basculegion|Aqua Jet|p2a: Tinkaton
|-damage|p2a: Tinkaton|30/100
|move|p1b: Garchomp|Rock Slide|p2b: Glimmora|[spread] p2a,p2b
|-resisted|p2a: Tinkaton|1
|-damage|p2a: Tinkaton|19/100
|-damage|p2b: Glimmora|77/100
|-activate|p2b: Glimmora|ability: Toxic Debris
|-sidestart|p1: gundot|move: Toxic Spikes
|
|-weather|RainDance|[upkeep]
|-heal|p2a: Tinkaton|25/100|[from] item: Leftovers
|upkeep
|turn|6
|inactive|gundot has 30 seconds left.
|inactive|Glofer has 30 seconds left.
|
|t:|1782733154
|move|p2a: Tinkaton|Fake Out|p1b: Garchomp
|-damage|p1b: Garchomp|90/100
|-damage|p2a: Tinkaton|13/100|[from] ability: Rough Skin|[of] p1b: Garchomp
|cant|p1b: Garchomp|flinch
|move|p1a: Basculegion|Wave Crash|p2b: Glimmora
|-supereffective|p2b: Glimmora|1
|-damage|p2b: Glimmora|0 fnt
|-activate|p2b: Glimmora|ability: Toxic Debris
|-sidestart|p1: gundot|move: Toxic Spikes
|faint|p2b: Glimmora
|-damage|p1a: Basculegion|59/100|[from] Recoil
|
|-weather|none
|-heal|p2a: Tinkaton|19/100|[from] item: Leftovers
|-sideend|p1: gundot|move: Tailwind
|upkeep
|
|t:|1782733168
|switch|p2b: Swampert|Swampert-Mega, L50, M|41/100
|turn|7
|inactive|gundot has 30 seconds left.
|inactive|gundot has 20 seconds left.
|inactive|gundot has 15 seconds left.
|
|t:|1782733211
|switch|p2a: Pelipper|Pelipper, L50, M|67/100
|-weather|RainDance|[from] ability: Drizzle|[of] p2a: Pelipper
|move|p1a: Basculegion|Aqua Jet|p2b: Swampert
|-damage|p2b: Swampert|0 fnt
|faint|p2b: Swampert
|move|p1b: Garchomp|Earthquake|p2a: Pelipper|[spread] p1a
|-immune|p2a: Pelipper
|-damage|p1a: Basculegion|15/100
|
|-weather|RainDance|[upkeep]
|upkeep
|
|t:|1782733218
|switch|p2b: Tinkaton|Tinkaton, L50, F|19/100
|turn|8
|
|t:|1782733229
|move|p1b: Garchomp|Protect|p1b: Garchomp
|-singleturn|p1b: Garchomp|Protect
|move|p2b: Tinkaton|Protect|p2b: Tinkaton
|-singleturn|p2b: Tinkaton|Protect
|move|p1a: Basculegion|Protect|p1a: Basculegion
|-singleturn|p1a: Basculegion|Protect
|move|p2a: Pelipper|Hurricane|p1a: Basculegion
|-activate|p1a: Basculegion|move: Protect
|
|-weather|RainDance|[upkeep]
|-heal|p2b: Tinkaton|25/100|[from] item: Leftovers
|upkeep
|turn|9
|
|t:|1782733254
|move|p1a: Basculegion|Aqua Jet|p2b: Tinkaton
|-damage|p2b: Tinkaton|0 fnt
|faint|p2b: Tinkaton
|move|p1b: Garchomp|Dragon Claw|p2a: Pelipper
|-damage|p2a: Pelipper|35/100
|move|p2a: Pelipper|Hurricane|p1a: Basculegion
|-damage|p1a: Basculegion|0 fnt
|faint|p1a: Basculegion
|
|-weather|RainDance|[upkeep]
|upkeep
|turn|10
|
|t:|1782733262
|move|p1b: Garchomp|Rock Slide|p2a: Pelipper
|-supereffective|p2a: Pelipper|1
|-damage|p2a: Pelipper|0 fnt
|faint|p2a: Pelipper
|
|win|gundot
|l|☆Glofer
|player|p2|
||Glofer is ready for game 2.
|inactive|gundot has 30 seconds to confirm battle start!
|inactive|gundot has 20 seconds to confirm battle start!
