|j|☆axolottiee
|j|☆The Elemelons
|html|axolottieeThe Elemelons    
|uhtml|bestof|Game 2 of a best-of-3
|t:|1784048697
|gametype|doubles
|player|p1|axolottiee|266|
|player|p2|The Elemelons|marlon|
|gen|9
|tier|[Gen 9 Champions] VGC 2026 Reg M-B (Bo3)
|rule|Species Clause: Limit one of each Pokémon
|rule|Item Clause: Limit 1 of each item
|clearpoke
|poke|p1|Incineroar, L50, M, shiny|
|poke|p1|Delphox, L50, F, shiny|
|poke|p1|Floette-Eternal, L50, F|
|poke|p1|Sneasler, L50, M|
|poke|p1|Palafin, L50, M, shiny|
|poke|p1|Sinistcha, L50, shiny|
|poke|p2|Grimmsnarl, L50, M|
|poke|p2|Swampert, L50, M|
|poke|p2|Pelipper, L50, M|
|poke|p2|Archaludon, L50, M|
|poke|p2|Sinistcha, L50|
|poke|p2|Metagross, L50|
|teampreview|4
|showteam|p1|Incineroar||SitrusBerry|Intimidate|FlareBlitz,ThroatChop,PartingShot,FakeOut|Impish||M|||50|]Delphox||Delphoxite|Blaze|HeatWave,Psyshock,NastyPlot,Protect|Timid||F|||50|]Floette-Eternal||Floettite|FlowerVeil|DrainingKiss,DazzlingGleam,CalmMind,Protect|Modest||F|||50|]Sneasler||FocusSash|PoisonTouch|CloseCombat,PoisonJab,FakeOut,Protect|Jolly||M|||50|]Palafin||Leftovers|ZerotoHero|WaveCrash,JetPunch,BulkUp,Protect|Adamant||M|||50|]Sinistcha||KasibBerry|Hospitality|MatchaGotcha,RagePowder,LifeDew,Protect|Bold|||||50|
|showteam|p2|Grimmsnarl||LightClay|Prankster|FoulPlay,PartingShot,Reflect,LightScreen|Calm||M|||50|]Swampert||Swampertite|Damp|WaveCrash,Earthquake,IcePunch,Protect|Adamant||M|||50|]Pelipper||SitrusBerry|Drizzle|Hurricane,WeatherBall,Tailwind,Protect|Modest||M|||50|]Archaludon||Leftovers|Stamina|ElectroShot,DragonPulse,FlashCannon,Protect|Modest||M|||50|]Sinistcha||CobaBerry|Hospitality|MatchaGotcha,RagePowder,TrickRoom,Protect|Relaxed|||||50|]Metagross||Metagrossite|ClearBody|IronHead,PsychicFangs,BodyPress,Protect|Jolly|||||50|
|j| splash2ndcousin
|j| RadiantSteelix
|j| PokeReplaysVGC
|
|t:|1784048715
|teamsize|p1|4
|teamsize|p2|4
|start
|switch|p1a: Delphox|Delphox, L50, F, shiny|100/100
|switch|p1b: Sneasler|Sneasler, L50, M|100/100
|switch|p2a: Metagross|Metagross, L50|100/100
|switch|p2b: Grimmsnarl|Grimmsnarl, L50, M|100/100
|turn|1
|
|t:|1784048738
|detailschange|p1a: Delphox|Delphox-Mega, L50, F, shiny
|-mega|p1a: Delphox|Delphox|Delphoxite
|detailschange|p2a: Metagross|Metagross-Mega, L50
|-mega|p2a: Metagross|Metagross|Metagrossite
|move|p2a: Metagross|Protect|p2a: Metagross
|-singleturn|p2a: Metagross|Protect
|move|p1b: Sneasler|Fake Out|p2b: Grimmsnarl
|-damage|p2b: Grimmsnarl|86/100
|cant|p2b: Grimmsnarl|flinch
|move|p1a: Delphox|Nasty Plot|p1a: Delphox
|-boost|p1a: Delphox|spa|2
|
|upkeep
|turn|2
|
|t:|1784048764
|switch|p1b: Incineroar|Incineroar, L50, M, shiny|100/100
|-ability|p1b: Incineroar|Intimidate|boost
|-unboost|p2a: Metagross|atk|1
|-unboost|p2b: Grimmsnarl|atk|1
|switch|p2a: Pelipper|Pelipper, L50, M|100/100
|-weather|RainDance|[from] ability: Drizzle|[of] p2a: Pelipper
|move|p2b: Grimmsnarl|Light Screen|p2b: Grimmsnarl
|-sidestart|p2: The Elemelons|move: Light Screen
|move|p1a: Delphox|Heat Wave|p2a: Pelipper|[spread] p2a
|-miss|p1a: Delphox|p2b: Grimmsnarl
|-resisted|p2a: Pelipper|1
|-damage|p2a: Pelipper|86/100
|
|-weather|RainDance|[upkeep]
|upkeep
|turn|3
|j| the gong lady
|
|t:|1784048796
|move|p1b: Incineroar|Fake Out|p2a: Pelipper
|-damage|p2a: Pelipper|73/100
|move|p1a: Delphox|Nasty Plot|p1a: Delphox
|-boost|p1a: Delphox|spa|2
|cant|p2a: Pelipper|flinch
|move|p2b: Grimmsnarl|Foul Play|p1a: Delphox
|-supereffective|p1a: Delphox|1
|-damage|p1a: Delphox|45/100
|
|-weather|RainDance|[upkeep]
|upkeep
|turn|4
|
|t:|1784048811
|switch|p1b: Sinistcha|Sinistcha, L50, shiny|100/100
|-heal|p1a: Delphox|70/100|[from] ability: Hospitality|[of] p1b: Sinistcha
|move|p1a: Delphox|Psyshock|p2a: Pelipper
|-damage|p2a: Pelipper|0 fnt
|faint|p2a: Pelipper
|move|p2b: Grimmsnarl|Foul Play|p1a: Delphox
|-supereffective|p1a: Delphox|1
|-damage|p1a: Delphox|18/100
|
|-weather|RainDance|[upkeep]
|upkeep
|
|t:|1784048822
|switch|p2a: Metagross|Metagross-Mega, L50|100/100
|turn|5
|
|t:|1784048832
|move|p1a: Delphox|Protect|p1a: Delphox
|-singleturn|p1a: Delphox|Protect
|move|p2a: Metagross|Protect|p2a: Metagross
|-singleturn|p2a: Metagross|Protect
|move|p1b: Sinistcha|Life Dew||[still]|[spread] p1a,p1b
|-heal|p1a: Delphox|43/100
|-fail|p1b: Sinistcha|heal
|move|p2b: Grimmsnarl|Foul Play|p1a: Delphox
|-activate|p1a: Delphox|move: Protect
|
|-weather|RainDance|[upkeep]
|upkeep
|turn|6
|
|t:|1784048850
|switch|p2a: Sinistcha|Sinistcha, L50|100/100
|-heal|p2b: Grimmsnarl|100/100|[from] ability: Hospitality|[of] p2a: Sinistcha
|move|p1b: Sinistcha|Rage Powder|p1b: Sinistcha
|-singleturn|p1b: Sinistcha|move: Rage Powder
|move|p1a: Delphox|Heat Wave|p2b: Grimmsnarl|[spread] p2a,p2b
|-supereffective|p2a: Sinistcha|1
|-damage|p2a: Sinistcha|37/100
|-damage|p2b: Grimmsnarl|69/100
|-status|p2b: Grimmsnarl|brn
|move|p2b: Grimmsnarl|Foul Play|p1b: Sinistcha
|-supereffective|p1b: Sinistcha|1
|-damage|p1b: Sinistcha|84/100
|
|-weather|none
|-damage|p2b: Grimmsnarl|63/100 brn|[from] brn
|upkeep
|turn|7
|
|t:|1784048870
|move|p2a: Sinistcha|Protect|p2a: Sinistcha
|-singleturn|p2a: Sinistcha|Protect
|move|p1b: Sinistcha|Rage Powder|p1b: Sinistcha
|-singleturn|p1b: Sinistcha|move: Rage Powder
|move|p1a: Delphox|Heat Wave|p2b: Grimmsnarl|[spread] p2b
|-activate|p2a: Sinistcha|move: Protect
|-damage|p2b: Grimmsnarl|0 fnt
|faint|p2b: Grimmsnarl
|
|upkeep
|
|t:|1784048877
|switch|p2b: Metagross|Metagross-Mega, L50|100/100
|turn|8
|l| splash2ndcousin
|
|t:|1784048889
|switch|p1b: Incineroar|Incineroar, L50, M, shiny|100/100
|-ability|p1b: Incineroar|Intimidate|boost
|-unboost|p2a: Sinistcha|atk|1
|-unboost|p2b: Metagross|atk|1
|move|p1a: Delphox|Protect|p1a: Delphox
|-singleturn|p1a: Delphox|Protect
|move|p2b: Metagross|Iron Head|p1a: Delphox
|-activate|p1a: Delphox|move: Protect
|move|p2a: Sinistcha|Trick Room|p2a: Sinistcha
|-fieldstart|move: Trick Room|[of] p2a: Sinistcha
|
|upkeep
|turn|9
|
|t:|1784048921
|move|p2a: Sinistcha|Protect|p2a: Sinistcha
|-singleturn|p2a: Sinistcha|Protect
|move|p2b: Metagross|Protect|p2b: Metagross
|-singleturn|p2b: Metagross|Protect
|move|p1b: Incineroar|Fake Out|p2b: Metagross
|-activate|p2b: Metagross|move: Protect
|move|p1a: Delphox|Heat Wave|p2b: Metagross|[spread] 
|-activate|p2a: Sinistcha|move: Protect
|-activate|p2b: Metagross|move: Protect
|
|-sideend|p2: The Elemelons|move: Light Screen
|upkeep
|turn|10
|
|t:|1784048933
|switch|p1b: Sinistcha|Sinistcha, L50, shiny|84/100
|-heal|p1a: Delphox|67/100|[from] ability: Hospitality|[of] p1b: Sinistcha
|move|p1a: Delphox|Protect|p1a: Delphox
|-singleturn|p1a: Delphox|Protect
|move|p2a: Sinistcha|Matcha Gotcha|p1b: Sinistcha|[spread] p1b
|-activate|p1a: Delphox|move: Protect
|-resisted|p1b: Sinistcha|1
|-damage|p1b: Sinistcha|72/100
|-heal|p2a: Sinistcha|43/100|[from] drain|[of] p1b: Sinistcha
|-status|p1b: Sinistcha|brn
|move|p2b: Metagross|Iron Head|p1a: Delphox
|-activate|p1a: Delphox|move: Protect
|
|-damage|p1b: Sinistcha|66/100 brn|[from] brn
|upkeep
|turn|11
|
|t:|1784048953
|move|p2b: Metagross|Protect|p2b: Metagross
|-singleturn|p2b: Metagross|Protect
|move|p1b: Sinistcha|Rage Powder|p1b: Sinistcha
|-singleturn|p1b: Sinistcha|move: Rage Powder
|move|p2a: Sinistcha|Matcha Gotcha|p1a: Delphox|[spread] p1a,p1b
|-resisted|p1a: Delphox|1
|-crit|p1a: Delphox
|-resisted|p1b: Sinistcha|1
|-damage|p1a: Delphox|50/100g
|-heal|p2a: Sinistcha|51/100|[from] drain|[of] p1a: Delphox
|-damage|p1b: Sinistcha|53/100 brn
|-heal|p2a: Sinistcha|57/100|[from] drain|[of] p1b: Sinistcha
|move|p1a: Delphox|Heat Wave|p2b: Metagross|[spread] p2a
|-activate|p2b: Metagross|move: Protect
|-supereffective|p2a: Sinistcha|1
|-damage|p2a: Sinistcha|0 fnt
|faint|p2a: Sinistcha
|
|-damage|p1b: Sinistcha|47/100 brn|[from] brn
|upkeep
|turn|12
|
|t:|1784048977
|move|p1b: Sinistcha|Rage Powder|p1b: Sinistcha
|-singleturn|p1b: Sinistcha|move: Rage Powder
|move|p2b: Metagross|Psychic Fangs|p1b: Sinistcha
|-damage|p1b: Sinistcha|12/100 brn
|move|p1a: Delphox|Heat Wave|p2b: Metagross|[miss]
|-miss|p1a: Delphox|p2b: Metagross
|
|-damage|p1b: Sinistcha|6/100 brn|[from] brn
|-fieldend|move: Trick Room
|upkeep
|turn|13
|
|t:|1784048990
|switch|p1b: Incineroar|Incineroar, L50, M, shiny|100/100
|-ability|p1b: Incineroar|Intimidate|boost
|-unboost|p2b: Metagross|atk|1
|move|p1a: Delphox|Protect|p1a: Delphox
|-singleturn|p1a: Delphox|Protect
|move|p2b: Metagross|Psychic Fangs|p1a: Delphox
|-activate|p1a: Delphox|move: Protect
|
|upkeep
|turn|14
|j| Cobra Mawi
|
|t:|1784049004
|move|p2b: Metagross|Protect|p2b: Metagross
|-singleturn|p2b: Metagross|Protect
|move|p1b: Incineroar|Fake Out|p2b: Metagross
|-activate|p2b: Metagross|move: Protect
|move|p1a: Delphox|Nasty Plot|p1a: Delphox
|-boost|p1a: Delphox|spa|2
|
|upkeep
|turn|15
|
|t:|1784049022
|move|p1a: Delphox|Heat Wave|p2b: Metagross
|-supereffective|p2b: Metagross|1
|-damage|p2b: Metagross|0 fnt
|faint|p2b: Metagross
|
|win|axolottiee
|c|☆The Elemelons|gg
|c|☆axolottiee|ggs
|l|☆The Elemelons
|player|p2|
