|j|☆snekr1994
|j|☆EXHOUL
|html|snekr1994EXHOUL    
|uhtml|bestof|Game 2 of a best-of-3
|t:|1756953168
|gametype|doubles
|player|p1|snekr1994|2|1501
|player|p2|EXHOUL|shadowtriad|1509
|gen|9
|tier|[Gen 9] VGC 2025 Reg H (Bo3)
|rated|
|rule|Species Clause: Limit one of each Pokémon
|rule|Item Clause: Limit 1 of each item
|clearpoke
|poke|p1|Kingambit, L50, F|
|poke|p1|Sneasler, L50, F|
|poke|p1|Electabuzz, L50, F|
|poke|p1|Dragonite, L50, M|
|poke|p1|Rillaboom, L50, F|
|poke|p1|Volcarona, L50, F|
|poke|p2|Torkoal, L50, F|
|poke|p2|Lilligant-Hisui, L50, F|
|poke|p2|Armarouge, L50, F|
|poke|p2|Indeedee-F, L50, F|
|poke|p2|Gallade, L50, M|
|poke|p2|Ursaluna, L50, M|
|teampreview|4
|showteam|p1|Kingambit||SafetyGoggles|Defiant|KowtowCleave,SuckerPunch,SwordsDance,Protect|||F|||50|,,,,,Dark]Sneasler||FocusSash|PoisonTouch|DireClaw,CloseCombat,Coaching,FakeOut|||F|||50|,,,,,Stellar]Electabuzz||Eviolite|VitalSpirit|Thunderbolt,FollowMe,Taunt,Protect|||F|||50|,,,,,Dragon]Dragonite||LoadedDice|Multiscale|ScaleShot,ExtremeSpeed,Haze,Protect|||M|||50|,,,,,Steel]Rillaboom||AssaultVest|GrassySurge|WoodHammer,GrassyGlide,HighHorsepower,FakeOut|||F|||50|,,,,,Fire]Volcarona||CovertCloak|FlameBody|HeatWave,TeraBlast,QuiverDance,Protect|||F|||50|,,,,,Fairy
|showteam|p2|Torkoal||Charcoal|Drought|Eruption,Flamethrower,ClearSmog,Protect|||F|||50|,,,,,Fire]Lilligant-Hisui||FocusSash|Chlorophyll|SleepPowder,CloseCombat,Encore,AfterYou|||F|||50|,,,,,Ghost]Armarouge||LifeOrb|FlashFire|ExpandingForce,ArmorCannon,WideGuard,TrickRoom|||F|||50|,,,,,Grass]Indeedee-F||RockyHelmet|PsychicSurge|FollowMe,HelpingHand,DazzlingGleam,TrickRoom|||F|||50|,,,,,Steel]Gallade||ClearAmulet|Sharpness|SacredSword,NightSlash,DestinyBond,TrickRoom|||M|||50|,,,,,Dark]Ursaluna||FlameOrb|Guts|Facade,HeadlongRush,Earthquake,Protect|||M|||50|,,,,,Ghost
|inactive|Battle timer is ON: inactive players will automatically lose when time's up. (requested by EXHOUL)
|
|t:|1756953183
|teamsize|p1|4
|teamsize|p2|4
|start
|switch|p1a: Kingambit|Kingambit, L50, F|100/100
|switch|p1b: Electabuzz|Electabuzz, L50, F|100/100
|switch|p2a: Indeedee|Indeedee-F, L50, F|100/100
|switch|p2b: Torkoal|Torkoal, L50, F|100/100
|-fieldstart|move: Psychic Terrain|[from] ability: Psychic Surge|[of] p2a: Indeedee
|-weather|SunnyDay|[from] ability: Drought|[of] p2b: Torkoal
|turn|1
|inactive|snekr1994 has 30 seconds left.
|
|t:|1756953213
|-terastallize|p2b: Torkoal|Fire
|move|p1b: Electabuzz|Protect|p1b: Electabuzz
|-singleturn|p1b: Electabuzz|Protect
|move|p2a: Indeedee|Follow Me|p2a: Indeedee
|-singleturn|p2a: Indeedee|move: Follow Me
|move|p1a: Kingambit|Kowtow Cleave|p2a: Indeedee
|-supereffective|p2a: Indeedee
|-damage|p2a: Indeedee|1/100
|-damage|p1a: Kingambit|84/100|[from] item: Rocky Helmet|[of] p2a: Indeedee
|move|p2b: Torkoal|Eruption|p1a: Kingambit|[spread] p1a
|-activate|p1b: Electabuzz|move: Protect
|-supereffective|p1a: Kingambit
|-damage|p1a: Kingambit|0 fnt
|faint|p1a: Kingambit
|
|-weather|SunnyDay|[upkeep]
|upkeep
|
|t:|1756953230
|switch|p1a: Dragonite|Dragonite, L50, M|100/100
|turn|2
|
|t:|1756953251
|switch|p2a: Ursaluna|Ursaluna, L50, M|100/100
|-terastallize|p1b: Electabuzz|Dragon
|move|p1b: Electabuzz|Thunderbolt|p2a: Ursaluna
|-immune|p2a: Ursaluna
|move|p1a: Dragonite|Scale Shot|p2b: Torkoal
|-crit|p2b: Torkoal
|-damage|p2b: Torkoal|82/100
|-damage|p2b: Torkoal|71/100
|-damage|p2b: Torkoal|59/100
|-damage|p2b: Torkoal|46/100
|-hitcount|p2b: Torkoal|4
|-unboost|p1a: Dragonite|def|1
|-boost|p1a: Dragonite|spe|1
|move|p2b: Torkoal|Eruption|p1b: Electabuzz|[spread] p1a,p1b
|-resisted|p1a: Dragonite
|-resisted|p1b: Electabuzz
|-damage|p1a: Dragonite|86/100
|-damage|p1b: Electabuzz|79/100
|
|-weather|SunnyDay|[upkeep]
|-status|p2a: Ursaluna|brn|[from] item: Flame Orb
|upkeep
|turn|3
|
|t:|1756953270
|move|p1b: Electabuzz|Follow Me|p1b: Electabuzz
|-singleturn|p1b: Electabuzz|move: Follow Me
|move|p1a: Dragonite|Scale Shot|p2a: Ursaluna|[miss]
|-miss|p1a: Dragonite|p2a: Ursaluna
|move|p2a: Ursaluna|Facade|p1b: Electabuzz
|-damage|p1b: Electabuzz|0 fnt
|faint|p1b: Electabuzz
|move|p2b: Torkoal|Flamethrower|p1a: Dragonite
|-resisted|p1a: Dragonite
|-damage|p1a: Dragonite|33/100
|
|-weather|SunnyDay|[upkeep]
|-damage|p2a: Ursaluna|95/100 brn|[from] brn
|upkeep
|
|t:|1756953277
|switch|p1b: Rillaboom|Rillaboom, L50, F|100/100
|-fieldstart|move: Grassy Terrain|[from] ability: Grassy Surge|[of] p1b: Rillaboom
|turn|4
|
|t:|1756953287
|move|p2a: Ursaluna|Protect|p2a: Ursaluna
|-singleturn|p2a: Ursaluna|Protect
|move|p1a: Dragonite|Scale Shot|p2b: Torkoal
|-damage|p2b: Torkoal|36/100
|-damage|p2b: Torkoal|25/100
|-damage|p2b: Torkoal|15/100
|-damage|p2b: Torkoal|2/100
|-damage|p2b: Torkoal|0 fnt
|faint|p2b: Torkoal
|-hitcount|p2: Torkoal|5
|-unboost|p1a: Dragonite|def|1
|-boost|p1a: Dragonite|spe|1
|move|p1b: Rillaboom|Wood Hammer|p2a: Ursaluna
|-activate|p2a: Ursaluna|move: Protect
|
|-weather|SunnyDay|[upkeep]
|-heal|p2a: Ursaluna|100/100 brn|[from] Grassy Terrain
|-damage|p2a: Ursaluna|95/100 brn|[from] brn
|upkeep
|
|t:|1756953301
|switch|p2b: Indeedee|Indeedee-F, L50, F|1/100
|-fieldstart|move: Psychic Terrain|[from] ability: Psychic Surge|[of] p2b: Indeedee
|turn|5
|
|t:|1756953308
|move|p2b: Indeedee|Follow Me|p2b: Indeedee
|-singleturn|p2b: Indeedee|move: Follow Me
|move|p1a: Dragonite|Scale Shot|p2b: Indeedee
|-damage|p2b: Indeedee|0 fnt
|faint|p2b: Indeedee
|-hitcount|p2: Indeedee|1
|-unboost|p1a: Dragonite|def|1
|-boost|p1a: Dragonite|spe|1
|move|p1b: Rillaboom|Wood Hammer|p2a: Ursaluna
|-supereffective|p2a: Ursaluna
|-damage|p2a: Ursaluna|3/100 brn
|-damage|p1b: Rillaboom|65/100|[from] Recoil
|move|p2a: Ursaluna|Facade|p1b: Rillaboom
|-damage|p1b: Rillaboom|0 fnt
|faint|p1b: Rillaboom
|
|-weather|none
|-damage|p2a: Ursaluna|0 fnt|[from] brn
|faint|p2a: Ursaluna
|upkeep
|
|t:|1756953320
|switch|p2b: Armarouge|Armarouge, L50, F|100/100
|turn|6
|
|t:|1756953325
|move|p1a: Dragonite|Scale Shot|p2b: Armarouge|[miss]
|-miss|p1a: Dragonite|p2b: Armarouge
|move|p2b: Armarouge|Expanding Force|p1a: Dragonite
|-crit|p1a: Dragonite
|-damage|p1a: Dragonite|0 fnt
|faint|p1a: Dragonite
|-damage|p2b: Armarouge|91/100|[from] item: Life Orb
|
|win|EXHOUL
|raw|snekr1994's rating: 1501 → 1481(-20 for losing)
|raw|EXHOUL's rating: 1509 → 1529(+20 for winning)
