|j|☆Promesus
|j|☆Fraudette
|html|PromesusFraudette    
|uhtml|bestof|Game 3 of a best-of-3
|t:|1785607375
|gametype|doubles
|player|p1|Promesus|hilbert-wonderlauncher|1374
|player|p2|Fraudette|pokemaniac|1332
|gen|9
|tier|[Gen 9 Champions] VGC 2026 Reg M-B (Bo3)
|rated|
|rule|Species Clause: Limit one of each Pokémon
|rule|Item Clause: Limit 1 of each item
|clearpoke
|poke|p1|Charizard, L50, M, shiny|
|poke|p1|Venusaur, L50, F|
|poke|p1|Grimmsnarl, L50, M|
|poke|p1|Archaludon, L50, F|
|poke|p1|Pelipper, L50, F|
|poke|p1|Basculegion, L50, M, shiny|
|poke|p2|Sneasler, L50, M|
|poke|p2|Kingambit, L50, F, shiny|
|poke|p2|Incineroar, L50, F, shiny|
|poke|p2|Floette-Eternal, L50, F|
|poke|p2|Sinistcha, L50|
|poke|p2|Delphox, L50, F, shiny|
|teampreview|4
|showteam|p1|Charizard||CharizarditeY|Blaze|HeatWave,WeatherBall,SolarBeam,Protect|Modest||M|||50|]Venusaur||FocusSash|Chlorophyll|EarthPower,SludgeBomb,Protect,SleepPowder|Modest||F|||50|]Grimmsnarl||LightClay|Prankster|SpiritBreak,PartingShot,Reflect,LightScreen|Sassy||M|||50|]Archaludon||Leftovers|Stamina|ElectroShot,DragonPulse,FlashCannon,Protect|Calm||F|||50|]Pelipper||SitrusBerry|Drizzle|WeatherBall,Hurricane,Tailwind,WideGuard|Bold||F|||50|]Basculegion||ChoiceScarf|Adaptability|FlipTurn,WaveCrash,AquaJet,LastRespects|Adamant||M|||50|
|showteam|p2|Sneasler||FocusSash|PoisonTouch|QuickGuard,FakeOut,CloseCombat,DireClaw|Jolly||M|||50|]Kingambit||BlackGlasses|Defiant|Protect,SwordsDance,SuckerPunch,KowtowCleave|Adamant||F|||50|]Incineroar||SitrusBerry|Intimidate|FakeOut,ThroatChop,FlareBlitz,PartingShot|Impish||F|||50|]Floette-Eternal||Floettite|FlowerVeil|Protect,CalmMind,DrainingKiss,DazzlingGleam|Modest||F|||50|]Sinistcha||OccaBerry|Hospitality|Protect,MatchaGotcha,LifeDew,RagePowder|Bold|||||50|]Delphox||Delphoxite|Blaze|HeatWave,Psychic,NastyPlot,Protect|Timid||F|||50|
|inactive|Battle timer is ON: inactive players will automatically lose when time's up. (requested by Promesus)
|inactive|Fraudette has 60 seconds left.
|
|t:|1785607421
|teamsize|p1|4
|teamsize|p2|4
|start
|switch|p1a: Charizard|Charizard, L50, M, shiny|100/100
|switch|p1b: Venusaur|Venusaur, L50, F|100/100
|switch|p2a: Floette|Floette-Eternal, L50, F|100/100
|switch|p2b: Incineroar|Incineroar, L50, F, shiny|100/100
|-ability|p2b: Incineroar|Intimidate|boost
|-unboost|p1a: Charizard|atk|1
|-unboost|p1b: Venusaur|atk|1
|turn|1
|
|t:|1785607428
|detailschange|p2a: Floette|Floette-Mega, L50, F
|-mega|p2a: Floette|Floette|Floettite
|-ability|p2a: Floette|Fairy Aura
|detailschange|p1a: Charizard|Charizard-Mega-Y, L50, M, shiny
|-mega|p1a: Charizard|Charizard|Charizardite Y
|-weather|SunnyDay|[from] ability: Drought|[of] p1a: Charizard
|move|p1b: Venusaur|Protect|p1b: Venusaur
|-singleturn|p1b: Venusaur|Protect
|move|p2b: Incineroar|Fake Out|p1b: Venusaur
|-activate|p1b: Venusaur|move: Protect
|move|p2a: Floette|Calm Mind|p2a: Floette
|-boost|p2a: Floette|spa|1
|-boost|p2a: Floette|spd|1
|move|p1a: Charizard|Heat Wave|p2b: Incineroar|[spread] p2a,p2b
|-resisted|p2b: Incineroar|1
|-damage|p2a: Floette|67/100
|-damage|p2b: Incineroar|71/100
|
|-weather|SunnyDay|[upkeep]
|upkeep
|turn|2
|inactive|Promesus has 30 seconds left.
|inactive|Promesus has 20 seconds left.
|inactive|Promesus has 15 seconds left.
|inactive|Promesus has 10 seconds left.
|
|t:|1785607475
|switch|p1b: Pelipper|Pelipper, L50, F|100/100
|-weather|RainDance|[from] ability: Drizzle|[of] p1b: Pelipper
|move|p2a: Floette|Protect|p2a: Floette
|-singleturn|p2a: Floette|Protect
|move|p1a: Charizard|Weather Ball|p2b: Incineroar
|-supereffective|p2b: Incineroar|1
|-damage|p2b: Incineroar|0 fnt
|faint|p2b: Incineroar
|
|-weather|RainDance|[upkeep]
|upkeep
|
|t:|1785607480
|switch|p2b: Sinistcha|Sinistcha, L50|100/100
|-heal|p2a: Floette|92/100|[from] ability: Hospitality|[of] p2b: Sinistcha
|turn|3
|inactive|Promesus has 30 seconds left.
|inactive|Promesus has 20 seconds left.
|inactive|Promesus has 15 seconds left.
|
|t:|1785607524
|switch|p1a: Venusaur|Venusaur, L50, F|100/100
|switch|p1b: Basculegion|Basculegion, L50, M, shiny|100/100
|move|p2b: Sinistcha|Protect|p2b: Sinistcha
|-singleturn|p2b: Sinistcha|Protect
|move|p2a: Floette|Calm Mind|p2a: Floette
|-boost|p2a: Floette|spa|1
|-boost|p2a: Floette|spd|1
|
|-weather|RainDance|[upkeep]
|upkeep
|turn|4
|
|t:|1785607535
|move|p2b: Sinistcha|Rage Powder|p2b: Sinistcha
|-singleturn|p2b: Sinistcha|move: Rage Powder
|move|p1b: Basculegion|Flip Turn|p2b: Sinistcha
|-resisted|p2b: Sinistcha|1
|-damage|p2b: Sinistcha|74/100
|
|t:|1785607540
|switch|p1b: Charizard|Charizard-Mega-Y, L50, M, shiny|100/100|[from] Flip Turn
|-weather|SunnyDay|[from] ability: Drought|[of] p1b: Charizard
|move|p1a: Venusaur|Sleep Powder|p2a: Floette
|-status|p2a: Floette|slp|[from] move: Sleep Powder
|cant|p2a: Floette|slp
|
|-weather|SunnyDay|[upkeep]
|upkeep
|turn|5
|
|t:|1785607567
|switch|p1a: Basculegion|Basculegion, L50, M, shiny|100/100
|cant|p2a: Floette|slp
|move|p1b: Charizard|Heat Wave|p2a: Floette|[spread] p2a,p2b
|-supereffective|p2b: Sinistcha|1
|-enditem|p2b: Sinistcha|Occa Berry|[eat]
|-enditem|p2b: Sinistcha|Occa Berry|[weaken]
|-damage|p2a: Floette|66/100 slp
|-damage|p2b: Sinistcha|9/100
|move|p2b: Sinistcha|Life Dew|p2b: Sinistcha|[spread] p2a,p2b
|-heal|p2a: Floette|91/100 slp
|-heal|p2b: Sinistcha|33/100
|
|-weather|SunnyDay|[upkeep]
|upkeep
|turn|6
|inactive|Fraudette has 30 seconds left.
|
|t:|1785607595
|switch|p2b: Sneasler|Sneasler, L50, M|100/100
|move|p1a: Basculegion|Flip Turn|p2b: Sneasler
|-damage|p2b: Sneasler|65/100
|
|t:|1785607600
|switch|p1a: Venusaur|Venusaur, L50, F|100/100|[from] Flip Turn
|-curestatus|p2a: Floette|slp|[msg]
|move|p2a: Floette|Dazzling Gleam|p1a: Venusaur|[spread] p1a,p1b
|-resisted|p1a: Venusaur|1
|-resisted|p1b: Charizard|1
|-crit|p1b: Charizard
|-damage|p1a: Venusaur|51/100
|-damage|p1b: Charizard|44/100
|move|p1b: Charizard|Heat Wave|p2b: Sneasler|[spread] p2a,p2b
|-crit|p2a: Floette
|-damage|p2a: Floette|15/100
|-damage|p2b: Sneasler|0 fnt
|faint|p2b: Sneasler
|
|-weather|SunnyDay|[upkeep]
|upkeep
|
|t:|1785607607
|switch|p2b: Sinistcha|Sinistcha, L50|33/100
|-heal|p2a: Floette|39/100|[from] ability: Hospitality|[of] p2b: Sinistcha
|turn|7
|
|t:|1785607617
|move|p2b: Sinistcha|Protect|p2b: Sinistcha
|-singleturn|p2b: Sinistcha|Protect
|move|p1a: Venusaur|Sleep Powder|p2a: Floette
|-status|p2a: Floette|slp|[from] move: Sleep Powder
|cant|p2a: Floette|slp
|move|p1b: Charizard|Heat Wave|p2a: Floette|[spread] p2a
|-activate|p2b: Sinistcha|move: Protect
|-damage|p2a: Floette|12/100 slp
|
|-weather|SunnyDay|[upkeep]
|upkeep
|turn|8
|c|☆Promesus|GG
|
|t:|1785607628
|move|p1a: Venusaur|Sludge Bomb|p2a: Floette
|-supereffective|p2a: Floette|1
|-damage|p2a: Floette|0 fnt
|faint|p2a: Floette
|move|p1b: Charizard|Weather Ball|p2b: Sinistcha
|-supereffective|p2b: Sinistcha|1
|-damage|p2b: Sinistcha|0 fnt
|faint|p2b: Sinistcha
|
|win|Promesus
|raw|Promesus's rating: 1374 → 1392(+18 for winning)
|raw|Fraudette's rating: 1332 → 1314(-18 for losing)
