|j|☆kyomala
|j|☆Oriozz
|html|kyomalaOriozz    
|uhtml|bestof|Game 1 of a best-of-3
|t:|1784005539
|gametype|doubles
|player|p1|kyomala|youngn|1248
|player|p2|Oriozz|2|1155
|gen|9
|tier|[Gen 9 Champions] VGC 2026 Reg M-B (Bo3)
|rated|
|rule|Species Clause: Limit one of each Pokémon
|rule|Item Clause: Limit 1 of each item
|clearpoke
|poke|p1|Glimmora, L50, M|
|poke|p1|Farigiraf, L50, M, shiny|
|poke|p1|Kingambit, L50, F, shiny|
|poke|p1|Sylveon, L50, F|
|poke|p1|Blastoise, L50, F|
|poke|p1|Meowscarada, L50, F|
|poke|p2|Charizard, L50, M|
|poke|p2|Grimmsnarl, L50, M|
|poke|p2|Pelipper, L50, F|
|poke|p2|Archaludon, L50, F|
|poke|p2|Basculegion, L50, M|
|poke|p2|Venusaur, L50, F|
|teampreview|4
|showteam|p1|Glimmora||Glimmoranite|ToxicDebris|SludgeBomb,PowerGem,EarthPower,SpikyShield|Timid||M|||50|]Farigiraf||ColburBerry|ArmorTail|PsychicFangs,HelpingHand,TrickRoom,AllySwitch|Relaxed||M|||50|]Kingambit||BlackGlasses|Defiant|IronHead,KowtowCleave,SuckerPunch,LowKick|Adamant||F|||50|]Sylveon||FairyFeather|Pixilate|HyperBeam,HyperVoice,QuickAttack,Protect|Quiet||F|||50|]Blastoise||Blastoisinite|RainDish|WaterSpout,AuraSphere,DarkPulse,FakeOut|Quiet||F|||50|]Meowscarada||ChoiceScarf|Protean|FlowerTrick,LowKick,TripleAxel,KnockOff|Jolly||F|||50|
|showteam|p2|Charizard||CharizarditeY|Blaze|Protect,HeatWave,WeatherBall,SolarBeam|Timid||M|||50|]Grimmsnarl||LightClay|Prankster|SpiritBreak,Reflect,LightScreen,PartingShot|Careful||M|||50|]Pelipper||SitrusBerry|Drizzle|Hurricane,WeatherBall,Tailwind,WideGuard|Modest||F|||50|]Archaludon||Leftovers|Stamina|Protect,ElectroShot,DragonPulse,FlashCannon|Modest||F|||50|]Basculegion||ChoiceScarf|Adaptability|FlipTurn,WaveCrash,AquaJet,LastRespects|Jolly||M|||50|]Venusaur||FocusSash|Chlorophyll|Protect,SleepPowder,SludgeBomb,EarthPower|Modest||F|||50|
|inactive|Battle timer is ON: inactive players will automatically lose when time's up. (requested by Oriozz)
|inactive|kyomala has 60 seconds left.
|inactive|Oriozz has 60 seconds left.
|c|☆kyomala|literally everyone playing this team or toxapex annihilape since this weekend
|
|t:|1784005599
|teamsize|p1|4
|teamsize|p2|4
|start
|switch|p1a: Meowscarada|Meowscarada, L50, F|100/100
|switch|p1b: Glimmora|Glimmora, L50, M|100/100
|switch|p2a: Charizard|Charizard, L50, M|100/100
|switch|p2b: Pelipper|Pelipper, L50, F|100/100
|-weather|RainDance|[from] ability: Drizzle|[of] p2b: Pelipper
|turn|1
|inactive|kyomala has 30 seconds left.
|inactive|Oriozz has 30 seconds left.
|inactive|kyomala has 20 seconds left.
|inactive|kyomala has 15 seconds left.
|
|t:|1784005640
|detailschange|p2a: Charizard|Charizard-Mega-Y, L50, M
|-mega|p2a: Charizard|Charizard|Charizardite Y
|-weather|SunnyDay|[from] ability: Drought|[of] p2a: Charizard
|detailschange|p1b: Glimmora|Glimmora-Mega, L50, M
|-mega|p1b: Glimmora|Glimmora|Glimmoranite
|move|p2b: Pelipper|Wide Guard|p2b: Pelipper
|-singleturn|p2b: Pelipper|Wide Guard
|move|p1a: Meowscarada|Knock Off|p2b: Pelipper
|-start|p1a: Meowscarada|typechange|Dark|[from] ability: Protean
|-damage|p2b: Pelipper|55/100
|-enditem|p2b: Pelipper|Sitrus Berry|[from] move: Knock Off|[of] p1a: Meowscarada
|move|p1b: Glimmora|Power Gem|p2a: Charizard
|-supereffective|p2a: Charizard|2
|-crit|p2a: Charizard
|-damage|p2a: Charizard|0 fnt
|faint|p2a: Charizard
|
|-weather|SunnyDay|[upkeep]
|upkeep
|
|t:|1784005658
|switch|p2a: Venusaur|Venusaur, L50, F|100/100
|turn|2
|
|t:|1784005681
|switch|p1b: Farigiraf|Farigiraf, L50, M, shiny|100/100
|switch|p2b: Archaludon|Archaludon, L50, F|100/100
|move|p1a: Meowscarada|Knock Off|p2a: Venusaur
|-damage|p2a: Venusaur|42/100
|-enditem|p2a: Venusaur|Focus Sash|[from] move: Knock Off|[of] p1a: Meowscarada
|move|p2a: Venusaur|Sleep Powder|p1b: Farigiraf
|-status|p1b: Farigiraf|slp|[from] move: Sleep Powder
|
|-weather|SunnyDay|[upkeep]
|upkeep
|turn|3
|inactive|kyomala has 30 seconds left.
|inactive|Oriozz has 30 seconds left.
|
|t:|1784005716
|switch|p2a: Pelipper|Pelipper, L50, F|55/100
|-weather|RainDance|[from] ability: Drizzle|[of] p2a: Pelipper
|move|p1a: Meowscarada|Knock Off|p2b: Archaludon
|-damage|p2b: Archaludon|68/100
|-ability|p2b: Archaludon|Stamina|boost
|-boost|p2b: Archaludon|def|1
|-enditem|p2b: Archaludon|Leftovers|[from] move: Knock Off|[of] p1a: Meowscarada
|move|p2b: Archaludon|Electro Shot||[still]
|-prepare|p2b: Archaludon|Electro Shot
|-boost|p2b: Archaludon|spa|1
|-anim|p2b: Archaludon|Electro Shot|p1a: Meowscarada
|-crit|p1a: Meowscarada
|-damage|p1a: Meowscarada|0 fnt
|faint|p1a: Meowscarada
|cant|p1b: Farigiraf|slp
|
|-weather|RainDance|[upkeep]
|upkeep
|
|t:|1784005737
|switch|p1a: Kingambit|Kingambit, L50, F, shiny|100/100
|turn|4
|inactive|kyomala has 30 seconds left.
|
|t:|1784005770
|-curestatus|p1b: Farigiraf|slp|[msg]
|move|p1b: Farigiraf|Helping Hand|p1a: Kingambit
|-singleturn|p1a: Kingambit|Helping Hand|[of] p1b: Farigiraf
|move|p1a: Kingambit|Sucker Punch|p2a: Pelipper
|-damage|p2a: Pelipper|0 fnt
|faint|p2a: Pelipper
|move|p2b: Archaludon|Electro Shot||[still]
|-prepare|p2b: Archaludon|Electro Shot
|-boost|p2b: Archaludon|spa|1
|-anim|p2b: Archaludon|Electro Shot|p1a: Kingambit
|-damage|p1a: Kingambit|16/100
|
|-weather|RainDance|[upkeep]
|upkeep
|
|t:|1784005781
|switch|p2a: Venusaur|Venusaur, L50, F|42/100
|turn|5
|
|t:|1784005800
|move|p1b: Farigiraf|Ally Switch|p1b: Farigiraf
|swap|p1b: Farigiraf|0|[from] move: Ally Switch
|move|p2a: Venusaur|Earth Power|p1a: Farigiraf
|-damage|p1a: Farigiraf|69/100
|move|p2b: Archaludon|Electro Shot||[still]
|-prepare|p2b: Archaludon|Electro Shot
|-boost|p2b: Archaludon|spa|1
|-anim|p2b: Archaludon|Electro Shot|p1b: Kingambit
|-damage|p1b: Kingambit|0 fnt
|faint|p1b: Kingambit
|
|-weather|RainDance|[upkeep]
|upkeep
|
|t:|1784005807
|switch|p1b: Glimmora|Glimmora-Mega, L50, M|100/100
|turn|6
|inactive|Oriozz has 30 seconds left.
|
|t:|1784005839
|move|p1b: Glimmora|Spiky Shield|p1b: Glimmora
|-singleturn|p1b: Glimmora|move: Protect
|move|p2b: Archaludon|Protect|p2b: Archaludon
|-singleturn|p2b: Archaludon|Protect
|move|p2a: Venusaur|Earth Power|p1b: Glimmora
|-activate|p1b: Glimmora|move: Protect
|move|p1a: Farigiraf|Psychic Fangs|p2a: Venusaur
|-supereffective|p2a: Venusaur|1
|-damage|p2a: Venusaur|0 fnt
|faint|p2a: Venusaur
|
|-weather|RainDance|[upkeep]
|upkeep
|turn|7
|
|t:|1784005859
|move|p1a: Farigiraf|Helping Hand|p1b: Glimmora
|-singleturn|p1b: Glimmora|Helping Hand|[of] p1a: Farigiraf
|move|p1b: Glimmora|Earth Power|p2b: Archaludon
|-supereffective|p2b: Archaludon|1
|-damage|p2b: Archaludon|0 fnt
|faint|p2b: Archaludon
|
|win|kyomala
||kyomala is ready for game 2.
||Oriozz is ready for game 2.
|uhtml|next|Next: Game 2 of 3
|l|☆kyomala
|player|p1|
