|j|☆nillythekid
|j|☆aaronna24
|html|nillythekidaaronna24    
|uhtml|bestof|Game 3 of a best-of-3
|t:|1783449262
|gametype|doubles
|player|p1|nillythekid|hiker-gen4|1139
|player|p2|aaronna24|winona|1155
|gen|9
|tier|[Gen 9 Champions] VGC 2026 Reg M-B (Bo3)
|rated|
|rule|Species Clause: Limit one of each Pokémon
|rule|Item Clause: Limit 1 of each item
|clearpoke
|poke|p1|Sinistcha, L50|
|poke|p1|Incineroar, L50, F|
|poke|p1|Milotic, L50, F|
|poke|p1|Raichu, L50, F|
|poke|p1|Floette-Eternal, L50, F|
|poke|p1|Ceruledge, L50, F|
|poke|p2|Charizard, L50, M|
|poke|p2|Garchomp, L50, F|
|poke|p2|Leafeon, L50, M, shiny|
|poke|p2|Maushold-Four, L50|
|poke|p2|Rotom-Wash, L50|
|poke|p2|Incineroar, L50, F|
|teampreview|4
|showteam|p1|Sinistcha||KasibBerry|Hospitality|MatchaGotcha,LifeDew,RagePowder,Protect|Relaxed|||||50|]Incineroar||SitrusBerry|Intimidate|FlareBlitz,ThroatChop,FakeOut,PartingShot|Impish||F|||50|]Milotic||Leftovers|Competitive|MuddyWater,Coil,Hypnosis,Protect|Calm||F|||50|]Raichu||RaichuniteY|LightningRod|ZapCannon,FocusBlast,FakeOut,Protect|Timid||F|||50|]Floette-Eternal||Floettite|FlowerVeil|DazzlingGleam,DrainingKiss,CalmMind,Protect|Timid||F|||50|]Ceruledge||ColburBerry|FlashFire|BitterBlade,ShadowSneak,BulkUp,Protect|Adamant||F|||50|
|showteam|p2|Charizard||CharizarditeY|Blaze|SolarBeam,HeatWave,WeatherBall,Protect|Timid||M|||50|]Garchomp||SoftSand|RoughSkin|Earthquake,DragonClaw,RockSlide,Protect|Jolly||F|||50|]Leafeon||LifeOrb|Chlorophyll|SolarBlade,KnockOff,LeafBlade,Detect|Adamant||M|||50|]Maushold-Four||SitrusBerry|FriendGuard|SuperFang,Taunt,HelpingHand,FollowMe|Impish|||||50|]Rotom-Wash||Leftovers|Levitate|Thunderbolt,HydroPump,WillOWisp,Protect|Calm|||||50|]Incineroar||Charcoal|Intimidate|FakeOut,DarkestLariat,PartingShot,FlareBlitz|Careful||F|||50|
|j| Tyho45
|
|t:|1783449287
|teamsize|p1|4
|teamsize|p2|4
|start
|switch|p1a: Incineroar|Incineroar, L50, F|100/100
|switch|p1b: Floette|Floette-Eternal, L50, F|100/100
|switch|p2a: Charizard|Charizard, L50, M|100/100
|switch|p2b: Maushold|Maushold-Four, L50|100/100
|-ability|p1a: Incineroar|Intimidate|boost
|-unboost|p2a: Charizard|atk|1
|-unboost|p2b: Maushold|atk|1
|turn|1
|
|t:|1783449315
|detailschange|p2a: Charizard|Charizard-Mega-Y, L50, M
|-mega|p2a: Charizard|Charizard|Charizardite Y
|-weather|SunnyDay|[from] ability: Drought|[of] p2a: Charizard
|detailschange|p1b: Floette|Floette-Mega, L50, F
|-mega|p1b: Floette|Floette|Floettite
|-ability|p1b: Floette|Fairy Aura
|move|p1a: Incineroar|Fake Out|p2b: Maushold
|-damage|p2b: Maushold|90/100
|move|p1b: Floette|Calm Mind|p1b: Floette
|-boost|p1b: Floette|spa|1
|-boost|p1b: Floette|spd|1
|move|p2a: Charizard|Weather Ball|p1a: Incineroar
|-resisted|p1a: Incineroar|1
|-damage|p1a: Incineroar|61/100
|cant|p2b: Maushold|flinch
|
|-weather|SunnyDay|[upkeep]
|upkeep
|turn|2
|
|t:|1783449344
|move|p1b: Floette|Protect|p1b: Floette
|-singleturn|p1b: Floette|Protect
|move|p2a: Charizard|Weather Ball|p1b: Floette
|-activate|p1b: Floette|move: Protect
|move|p2b: Maushold|Super Fang|p1b: Floette
|-activate|p1b: Floette|move: Protect
|move|p1a: Incineroar|Parting Shot|p2a: Charizard
|-unboost|p2a: Charizard|atk|1
|-unboost|p2a: Charizard|spa|1
|
|t:|1783449353
|switch|p1a: Ceruledge|Ceruledge, L50, F|100/100|[from] Parting Shot
|
|-weather|SunnyDay|[upkeep]
|upkeep
|turn|3
|
|t:|1783449373
|switch|p2a: Incineroar|Incineroar, L50, F|100/100
|-ability|p2a: Incineroar|Intimidate|boost
|-unboost|p1a: Ceruledge|atk|1
|-unboost|p1b: Floette|atk|1
|move|p1b: Floette|Dazzling Gleam|p2a: Incineroar|[spread] p2a,p2b
|-damage|p2a: Incineroar|64/100
|-damage|p2b: Maushold|23/100
|-enditem|p2b: Maushold|Sitrus Berry|[eat]
|-heal|p2b: Maushold|48/100|[from] item: Sitrus Berry
|move|p2b: Maushold|Taunt|p1a: Ceruledge
|-start|p1a: Ceruledge|move: Taunt
|cant|p1a: Ceruledge|move: Taunt|Bulk Up
|
|-weather|SunnyDay|[upkeep]
|upkeep
|turn|4
|
|t:|1783449411
|switch|p2b: Leafeon|Leafeon, L50, M, shiny|100/100
|switch|p1a: Incineroar|Incineroar, L50, F|61/100
|-ability|p1a: Incineroar|Intimidate|boost
|-unboost|p2a: Incineroar|atk|1
|-unboost|p2b: Leafeon|atk|1
|move|p1b: Floette|Dazzling Gleam|p2a: Incineroar|[spread] p2a,p2b
|-damage|p2a: Incineroar|19/100
|-damage|p2b: Leafeon|4/100
|move|p2a: Incineroar|Flare Blitz|p1b: Floette
|-damage|p1b: Floette|38/100
|-damage|p2a: Incineroar|3/100|[from] Recoil
|
|-weather|SunnyDay|[upkeep]
|upkeep
|turn|5
|
|t:|1783449438
|switch|p2a: Charizard|Charizard-Mega-Y, L50, M|100/100
|move|p1a: Incineroar|Fake Out|p2b: Leafeon
|-damage|p2b: Leafeon|0 fnt
|faint|p2b: Leafeon
|move|p1b: Floette|Draining Kiss|p2a: Charizard
|-resisted|p2a: Charizard|1
|-damage|p2a: Charizard|75/100
|-heal|p1b: Floette|57/100|[from] drain|[of] p2a: Charizard
|
|-weather|none
|upkeep
|
|t:|1783449448
|switch|p2b: Maushold|Maushold-Four, L50|48/100
|turn|6
|
|t:|1783449466
|move|p1b: Floette|Protect|p1b: Floette
|-singleturn|p1b: Floette|Protect
|move|p2a: Charizard|Protect|p2a: Charizard
|-singleturn|p2a: Charizard|Protect
|move|p2b: Maushold|Taunt|p1a: Incineroar
|-start|p1a: Incineroar|move: Taunt
|cant|p1a: Incineroar|move: Taunt|Parting Shot
|
|upkeep
|turn|7
|
|t:|1783449494
|switch|p1a: Sinistcha|Sinistcha, L50|100/100
|-heal|p1b: Floette|82/100|[from] ability: Hospitality|[of] p1a: Sinistcha
|move|p2b: Maushold|Helping Hand|p2a: Charizard
|-singleturn|p2a: Charizard|Helping Hand|[of] p2b: Maushold
|move|p1b: Floette|Dazzling Gleam|p2b: Maushold|[spread] p2a,p2b
|-resisted|p2a: Charizard|1
|-damage|p2a: Charizard|53/100
|-damage|p2b: Maushold|0 fnt
|faint|p2b: Maushold
|move|p2a: Charizard|Heat Wave|p1a: Sinistcha|[spread] p1a,p1b
|-supereffective|p1a: Sinistcha|1
|-damage|p1a: Sinistcha|0 fnt
|-damage|p1b: Floette|46/100
|faint|p1a: Sinistcha
|
|upkeep
|l| Tyho45
|j| Tyho45
|-message|aaronna24 forfeited.
|
|win|nillythekid
|raw|nillythekid's rating: 1139 → 1165(+26 for winning)
|raw|aaronna24's rating: 1155 → 1129(-26 for losing)
|l|☆aaronna24
|player|p2|
