|j|☆BinkPlayz
|j|☆guillelona
|html|BinkPlayzguillelona    
|uhtml|bestof|Game 1 of a best-of-3
|t:|1784999962
|gametype|doubles
|player|p1|BinkPlayz|veteran|1136
|player|p2|guillelona|veteran|1255
|gen|9
|tier|[Gen 9 Champions] VGC 2026 Reg M-B (Bo3)
|rated|
|rule|Species Clause: Limit one of each Pokémon
|rule|Item Clause: Limit 1 of each item
|clearpoke
|poke|p1|Sceptile, L50, M|
|poke|p1|Sneasler, L50, M|
|poke|p1|Lycanroc-Dusk, L50, M|
|poke|p1|Talonflame, L50, M|
|poke|p1|Scrafty, L50, M|
|poke|p1|Heliolisk, L50, M|
|poke|p2|Vivillon-Tundra, L50, M|
|poke|p2|Mawile, L50, M|
|poke|p2|Torkoal, L50, F|
|poke|p2|Farigiraf, L50, M|
|poke|p2|Garchomp, L50, F|
|poke|p2|Raichu, L50, M|
|teampreview|4
|showteam|p1|Sceptile||Sceptilite|Overgrow|EnergyBall,DragonPulse,EarthPower,Protect|Timid||M|||50|]Sneasler||WhiteHerb|Unburden|GunkShot,CloseCombat,Taunt,Protect|Jolly||M|||50|]Lycanroc-Dusk||FocusSash|ToughClaws|Accelerock,RockSlide,CloseCombat,Protect|Adamant||M|||50|]Talonflame||SharpBeak|GaleWings|BraveBird,DualWingbeat,Tailwind,Protect|Jolly||M|||50|]Scrafty||Scraftinite|Intimidate|KnockOff,DrainPunch,FakeOut,Protect|Adamant||M|||50|]Heliolisk||ChoiceScarf|DrySkin|Discharge,Electroweb,Thunderbolt,HyperVoice|Timid||M|||50|
|showteam|p2|Vivillon-Tundra||FocusSash|CompoundEyes|Hurricane,SleepPowder,RagePowder,Protect|Timid||M|||50|]Mawile||Mawilite|Intimidate|PlayRough,RockSlide,SuckerPunch,Protect|Adamant||M|||50|]Torkoal||Charcoal|Drought|Eruption,WeatherBall,Protect,EarthPower|Quiet||F|||50|]Farigiraf||SitrusBerry|ArmorTail|Psychic,Thunderbolt,TrickRoom,HelpingHand|Relaxed||M|||50|]Garchomp||LifeOrb|RoughSkin|DragonClaw,Earthquake,RockSlide,Protect|Jolly||F|||50|]Raichu||RaichuniteY|LightningRod|ZapCannon,FocusBlast,FakeOut,Protect|Timid||M|||50|
|inactive|Battle timer is ON: inactive players will automatically lose when time's up. (requested by BinkPlayz)
|inactive|BinkPlayz has 60 seconds left.
|
|t:|1785000001
|teamsize|p1|4
|teamsize|p2|4
|start
|switch|p1a: Sneasler|Sneasler, L50, M|100/100
|switch|p1b: Scrafty|Scrafty, L50, M|100/100
|switch|p2a: Farigiraf|Farigiraf, L50, M|100/100
|switch|p2b: Mawile|Mawile, L50, M|100/100
|-ability|p1b: Scrafty|Intimidate|boost
|-unboost|p2a: Farigiraf|atk|1
|-unboost|p2b: Mawile|atk|1
|-ability|p2b: Mawile|Intimidate|boost
|-unboost|p1a: Sneasler|atk|1
|-unboost|p1b: Scrafty|atk|1
|-enditem|p1a: Sneasler|White Herb
|-clearnegativeboost|p1a: Sneasler|[silent]
|turn|1
|
|t:|1785000018
|switch|p1b: Sceptile|Sceptile, L50, M|100/100
|switch|p2a: Garchomp|Garchomp, L50, F|100/100
|detailschange|p2b: Mawile|Mawile-Mega, L50, M
|-mega|p2b: Mawile|Mawile|Mawilite
|move|p1a: Sneasler|Taunt|p2a: Garchomp
|-start|p2a: Garchomp|move: Taunt
|move|p2b: Mawile|Play Rough|p1b: Sceptile
|-damage|p1b: Sceptile|2/100
|
|upkeep
|turn|2
|
|t:|1785000037
|move|p1b: Sceptile|Protect|p1b: Sceptile
|-singleturn|p1b: Sceptile|Protect
|move|p2b: Mawile|Sucker Punch||[still]
|-fail|p2b: Mawile
|move|p1a: Sneasler|Close Combat|p2b: Mawile
|-damage|p2b: Mawile|40/100
|-unboost|p1a: Sneasler|def|1
|-unboost|p1a: Sneasler|spd|1
|move|p2a: Garchomp|Dragon Claw|p1a: Sneasler
|-damage|p1a: Sneasler|0 fnt
|faint|p1a: Sneasler
|-damage|p2a: Garchomp|90/100|[from] item: Life Orb
|
|upkeep
|
|t:|1785000043
|switch|p1a: Scrafty|Scrafty, L50, M|100/100
|-ability|p1a: Scrafty|Intimidate|boost
|-unboost|p2a: Garchomp|atk|1
|-unboost|p2b: Mawile|atk|1
|turn|3
|
|t:|1785000054
|switch|p2a: Farigiraf|Farigiraf, L50, M|100/100
|detailschange|p1b: Sceptile|Sceptile-Mega, L50, M
|-mega|p1b: Sceptile|Sceptile|Sceptilite
|move|p1a: Scrafty|Fake Out||[still]
|cant|p2a: Farigiraf|ability: Armor Tail|Fake Out|[of] p1a: Scrafty
|move|p1b: Sceptile|Earth Power|p2b: Mawile
|-supereffective|p2b: Mawile|1
|-damage|p2b: Mawile|0 fnt
|faint|p2b: Mawile
|
|upkeep
|
|t:|1785000064
|switch|p2b: Garchomp|Garchomp, L50, F|90/100
|turn|4
|
|t:|1785000074
|move|p1b: Sceptile|Dragon Pulse|p2a: Farigiraf
|-damage|p2a: Farigiraf|55/100
|move|p2b: Garchomp|Rock Slide|p1b: Sceptile|[spread] p1a,p1b
|-resisted|p1a: Scrafty|1
|-damage|p1a: Scrafty|87/100
|-damage|p1b: Sceptile|0 fnt
|faint|p1b: Sceptile
|-damage|p2b: Garchomp|80/100|[from] item: Life Orb
|move|p1a: Scrafty|Knock Off|p2a: Farigiraf
|-supereffective|p2a: Farigiraf|1
|-damage|p2a: Farigiraf|0 fnt
|-enditem|p2a: Farigiraf|Sitrus Berry|[from] move: Knock Off|[of] p1a: Scrafty
|faint|p2a: Farigiraf
|
|upkeep
|
|t:|1785000085
|switch|p1b: Lycanroc|Lycanroc-Dusk, L50, M|100/100
|switch|p2a: Torkoal|Torkoal, L50, F|100/100
|-weather|SunnyDay|[from] ability: Drought|[of] p2a: Torkoal
|turn|5
|
|t:|1785000097
|move|p2a: Torkoal|Protect|p2a: Torkoal
|-singleturn|p2a: Torkoal|Protect
|move|p2b: Garchomp|Earthquake|p1b: Lycanroc|[spread] p1a,p1b
|-activate|p2a: Torkoal|move: Protect
|-crit|p1a: Scrafty
|-supereffective|p1b: Lycanroc|1
|-damage|p1a: Scrafty|15/100
|-enditem|p1b: Lycanroc|Focus Sash
|-damage|p1b: Lycanroc|1/100
|-damage|p2b: Garchomp|70/100|[from] item: Life Orb
|move|p1b: Lycanroc|Rock Slide|p2b: Garchomp|[spread] p2b
|-activate|p2a: Torkoal|move: Protect
|-resisted|p2b: Garchomp|1
|-damage|p2b: Garchomp|56/100
|move|p1a: Scrafty|Drain Punch|p2b: Garchomp
|-damage|p2b: Garchomp|24/100
|-heal|p1a: Scrafty|31/100|[from] drain|[of] p2b: Garchomp
|-damage|p1a: Scrafty|19/100|[from] ability: Rough Skin|[of] p2b: Garchomp
|
|-weather|SunnyDay|[upkeep]
|upkeep
|turn|6
|inactive|BinkPlayz has 30 seconds left.
|
|t:|1785000129
|move|p1b: Lycanroc|Protect|p1b: Lycanroc
|-singleturn|p1b: Lycanroc|Protect
|move|p1a: Scrafty|Protect|p1a: Scrafty
|-singleturn|p1a: Scrafty|Protect
|move|p2b: Garchomp|Earthquake|p1a: Scrafty|[spread] p2a
|-activate|p1a: Scrafty|move: Protect
|-activate|p1b: Lycanroc|move: Protect
|-supereffective|p2a: Torkoal|1
|-damage|p2a: Torkoal|20/100y
|-damage|p2b: Garchomp|14/100|[from] item: Life Orb
|move|p2a: Torkoal|Earth Power|p1b: Lycanroc
|-activate|p1b: Lycanroc|move: Protect
|
|-weather|SunnyDay|[upkeep]
|upkeep
|turn|7
|
|t:|1785000139
|move|p2a: Torkoal|Protect|p2a: Torkoal
|-singleturn|p2a: Torkoal|Protect
|move|p1b: Lycanroc|Accelerock|p2b: Garchomp
|-resisted|p2b: Garchomp|1
|-damage|p2b: Garchomp|1/100
|-damage|p1b: Lycanroc|0 fnt|[from] ability: Rough Skin|[of] p2b: Garchomp
|faint|p1b: Lycanroc
|move|p2b: Garchomp|Earthquake|p1a: Scrafty|[spread] p1a
|-activate|p2a: Torkoal|move: Protect
|-damage|p1a: Scrafty|0 fnt
|faint|p1a: Scrafty
|-damage|p2b: Garchomp|0 fnt|[from] item: Life Orb
|faint|p2b: Garchomp
|
|win|guillelona
||BinkPlayz is ready for game 2.
|inactive|guillelona has 30 seconds to confirm battle start!
|l|☆guillelona
|player|p2|
||guillelona is ready for game 2.
|uhtml|next|Next: Game 2 of 3
|l|☆BinkPlayz
|player|p1|
|j|☆guillelona
|player|p2|guillelona|veteran|
