|j|☆Jared66
|j|☆lox1sm
|html|Jared66lox1sm    
|uhtml|bestof|Game 3 of a best-of-3
|t:|1783281303
|gametype|doubles
|player|p1|Jared66|hilbert|1072
|player|p2|lox1sm|veteran|1154
|gen|9
|tier|[Gen 9 Champions] VGC 2026 Reg M-B (Bo3)
|rated|
|rule|Species Clause: Limit one of each Pokémon
|rule|Item Clause: Limit 1 of each item
|clearpoke
|poke|p1|Raichu, L50, M|
|poke|p1|Talonflame, L50, F|
|poke|p1|Basculegion, L50, M|
|poke|p1|Sinistcha-Masterpiece, L50|
|poke|p1|Garchomp, L50, M|
|poke|p1|Sneasler, L50, F|
|poke|p2|Charizard, L50, M|
|poke|p2|Aerodactyl, L50, M|
|poke|p2|Garchomp, L50, F|
|poke|p2|Kingambit, L50, F|
|poke|p2|Farigiraf, L50, F|
|poke|p2|Primarina, L50, M|
|teampreview|4
|showteam|p1|Raichu||RaichuniteY|LightningRod|ZapCannon,Encore,FocusBlast,Protect|Timid||M|||50|]Talonflame||FocusSash|GaleWings|Tailwind,Protect,FlareBlitz,BraveBird|Adamant||F|||50|]Basculegion||ChoiceScarf|Adaptability|AquaJet,LastRespects,WaveCrash,FlipTurn|Jolly||M|||50|]Sinistcha-Masterpiece||ColburBerry|Hospitality|MatchaGotcha,LifeDew,Protect,RagePowder|Modest|||||50|]Garchomp||LifeOrb|RoughSkin|Earthquake,DragonClaw,RockSlide,Protect|Adamant||M|||50|]Sneasler||WhiteHerb|Unburden|DireClaw,CloseCombat,FakeOut,Protect|Jolly||F|||50|
|showteam|p2|Charizard||CharizarditeY|Blaze|HeatWave,WeatherBall,SolarBeam,Protect|Modest||M|||50|]Aerodactyl||Aerodactylite|Unnerve|RockSlide,IceFang,Tailwind,Protect|Jolly||M|||50|]Garchomp||LifeOrb|RoughSkin|DragonClaw,Earthquake,RockSlide,Protect|Jolly||F|||50|]Kingambit||FocusSash|Defiant|KowtowCleave,SuckerPunch,IronHead,LowKick|Adamant||F|||50|]Farigiraf||ExpertBelt|ArmorTail|Psychic,DazzlingGleam,Thunderbolt,TrickRoom|Modest||F|||50|]Primarina||MysticWater|LiquidVoice|HyperVoice,Moonblast,Haze,Protect|Modest||M|||50|
|inactive|Battle timer is ON: inactive players will automatically lose when time's up. (requested by Jared66)
|inactive|lox1sm has 60 seconds left.
|
|t:|1783281340
|teamsize|p1|4
|teamsize|p2|4
|start
|switch|p1a: Basculegion|Basculegion, L50, M|100/100
|switch|p1b: Raichu|Raichu, L50, M|100/100
|switch|p2a: Aerodactyl|Aerodactyl, L50, M|100/100
|switch|p2b: Garchomp|Garchomp, L50, F|100/100
|-ability|p2a: Aerodactyl|Unnerve
|turn|1
|inactive|Jared66 has 30 seconds left.
|
|t:|1783281375
|move|p2a: Aerodactyl|Protect|p2a: Aerodactyl
|-singleturn|p2a: Aerodactyl|Protect
|move|p1b: Raichu|Protect|p1b: Raichu
|-singleturn|p1b: Raichu|Protect
|move|p1a: Basculegion|Wave Crash|p2a: Aerodactyl
|-activate|p2a: Aerodactyl|move: Protect
|move|p2b: Garchomp|Earthquake|p1a: Basculegion|[spread] p1a
|-activate|p2a: Aerodactyl|move: Protect
|-activate|p1b: Raichu|move: Protect
|-damage|p1a: Basculegion|29/100
|-damage|p2b: Garchomp|90/100|[from] item: Life Orb
|
|upkeep
|turn|2
|
|t:|1783281400
|switch|p1b: Talonflame|Talonflame, L50, F|100/100
|detailschange|p2a: Aerodactyl|Aerodactyl-Mega, L50, M
|-mega|p2a: Aerodactyl|Aerodactyl|Aerodactylite
|move|p2a: Aerodactyl|Tailwind|p2a: Aerodactyl
|-sidestart|p2: lox1sm|move: Tailwind
|move|p2b: Garchomp|Earthquake|p1a: Basculegion|[spread] p1a
|-immune|p2a: Aerodactyl
|-immune|p1b: Talonflame
|-damage|p1a: Basculegion|0 fnt
|faint|p1a: Basculegion
|-damage|p2b: Garchomp|80/100|[from] item: Life Orb
|
|upkeep
|
|t:|1783281413
|switch|p1a: Garchomp|Garchomp, L50, M|100/100
|turn|3
|
|t:|1783281421
|move|p2b: Garchomp|Protect|p2b: Garchomp
|-singleturn|p2b: Garchomp|Protect
|move|p1b: Talonflame|Tailwind|p1b: Talonflame
|-sidestart|p1: Jared66|move: Tailwind
|move|p2a: Aerodactyl|Ice Fang|p1a: Garchomp
|-supereffective|p1a: Garchomp|2
|-damage|p1a: Garchomp|2/100
|-damage|p2a: Aerodactyl|87/100|[from] ability: Rough Skin|[of] p1a: Garchomp
|cant|p1a: Garchomp|flinch
|
|upkeep
|turn|4
|
|t:|1783281446
|switch|p2b: Primarina|Primarina, L50, M|100/100
|move|p1a: Garchomp|Protect|p1a: Garchomp
|-singleturn|p1a: Garchomp|Protect
|move|p2a: Aerodactyl|Rock Slide|p1b: Talonflame|[spread] p1b
|-activate|p1a: Garchomp|move: Protect
|-supereffective|p1b: Talonflame|2
|-enditem|p1b: Talonflame|Focus Sash
|-damage|p1b: Talonflame|1/100
|move|p1b: Talonflame|Flare Blitz|p2a: Aerodactyl
|-resisted|p2a: Aerodactyl|1
|-damage|p2a: Aerodactyl|59/100
|-damage|p1b: Talonflame|0 fnt|[from] Recoil
|faint|p1b: Talonflame
|
|upkeep
|
|t:|1783281461
|switch|p1b: Raichu|Raichu, L50, M|100/100
|turn|5
|inactive|Jared66 has 30 seconds left.
|
|t:|1783281489
|move|p1b: Raichu|Protect|p1b: Raichu
|-singleturn|p1b: Raichu|Protect
|move|p1a: Garchomp|Protect|p1a: Garchomp
|-singleturn|p1a: Garchomp|Protect
|move|p2a: Aerodactyl|Rock Slide|p1a: Garchomp|[spread] 
|-activate|p1a: Garchomp|move: Protect
|-activate|p1b: Raichu|move: Protect
|move|p2b: Primarina|Hyper Voice|p1b: Raichu|[spread] 
|-activate|p1a: Garchomp|move: Protect
|-activate|p1b: Raichu|move: Protect
|
|-sideend|p2: lox1sm|move: Tailwind
|upkeep
|turn|6
|c|☆lox1sm|garchomp loves double protect
|
|t:|1783281511
|detailschange|p1b: Raichu|Raichu-Mega-Y, L50, M
|-mega|p1b: Raichu|Raichu|Raichunite Y
|move|p2a: Aerodactyl|Protect|p2a: Aerodactyl
|-singleturn|p2a: Aerodactyl|Protect
|move|p1b: Raichu|Zap Cannon|p2b: Primarina
|-supereffective|p2b: Primarina|1
|-damage|p2b: Primarina|0 fnt
|faint|p2b: Primarina
|move|p1a: Garchomp|Rock Slide|p2a: Aerodactyl
|-activate|p2a: Aerodactyl|move: Protect
|
|-sideend|p1: Jared66|move: Tailwind
|upkeep
|
|t:|1783281527
|switch|p2b: Farigiraf|Farigiraf, L50, F|100/100
|turn|7
|
|t:|1783281539
|switch|p2a: Garchomp|Garchomp, L50, F|80/100
|move|p1b: Raichu|Zap Cannon|p2b: Farigiraf
|-damage|p2b: Farigiraf|22/100
|-status|p2b: Farigiraf|par
|move|p1a: Garchomp|Rock Slide|p2b: Farigiraf|[spread] p2a
|-miss|p1a: Garchomp|p2b: Farigiraf
|-resisted|p2a: Garchomp|1
|-damage|p2a: Garchomp|67/100
|-damage|p1a: Garchomp|0 fnt|[from] item: Life Orb
|faint|p1a: Garchomp
|move|p2b: Farigiraf|Dazzling Gleam|p1b: Raichu
|-crit|p1b: Raichu
|-damage|p1b: Raichu|38/100
|
|upkeep
|turn|8
|
|t:|1783281560
|move|p1b: Raichu|Focus Blast|p2a: Garchomp
|-damage|p2a: Garchomp|10/100
|move|p2a: Garchomp|Earthquake|p1b: Raichu|[spread] p2b,p1b
|-supereffective|p1b: Raichu|1
|-damage|p2b: Farigiraf|0 fnt
|-damage|p1b: Raichu|0 fnt
|faint|p2b: Farigiraf
|faint|p1b: Raichu
|-damage|p2a: Garchomp|1/100|[from] item: Life Orb
|
|win|lox1sm
|raw|Jared66's rating: 1072 → 1056(-16 for losing)
|raw|lox1sm's rating: 1154 → 1173(+19 for winning)
|l|☆Jared66
|player|p1|
