|j|â˜†umegs
|j|â˜†tdrizzle
|html|umegstdrizzle    
|uhtml|bestof|Game 1 of a best-of-3
|t:|1757812423
|gametype|doubles
|player|p1|umegs|waitress-gen4|
|player|p2|tdrizzle|benga|
|gen|9
|tier|[Gen 9] VGC 2025 Reg H (Bo3)
|rule|Species Clause: Limit one of each PokÃ©mon
|rule|Item Clause: Limit 1 of each item
|clearpoke
|poke|p1|Whimsicott, L50, M|
|poke|p1|Ursaluna-Bloodmoon, L50, M|
|poke|p1|Farigiraf, L50, M|
|poke|p1|Incineroar, L50, M|
|poke|p1|Charizard, L50, F|
|poke|p1|Rillaboom, L50, M|
|poke|p2|Hydreigon, L50, M|
|poke|p2|Tinkaton, L50, F|
|poke|p2|Zoroark-Hisui, L50, F|
|poke|p2|Chesnaught, L50, F|
|poke|p2|Gastrodon-East, L50, F|
|poke|p2|Arcanine-Hisui, L50, M|
|teampreview|4
|showteam|p1|Whimsicott||FocusSash|Prankster|Moonblast,Tailwind,Encore,SunnyDay|||M|||50|,,,,,Ghost]Ursaluna-Bloodmoon||LifeOrb|MindsEye|BloodMoon,HyperVoice,EarthPower,Protect|||M|||50|,,,,,Normal]Farigiraf||ThroatSpray|ArmorTail|HyperVoice,TwinBeam,TrickRoom,Protect|||M|||50|,,,,,Fire]Incineroar||SafetyGoggles|Intimidate|FakeOut,FlareBlitz,KnockOff,PartingShot|||M|||50|,,,,,Ghost]Charizard||ChoiceSpecs|SolarPower|WeatherBall,HeatWave,Overheat,AirSlash|||F|||50|,,,,,Fire]Rillaboom||AssaultVest|GrassySurge|FakeOut,WoodHammer,Uturn,GrassyGlide|||M|||50|,,,,,Water
|showteam|p2|Hydreigon||ThroatSpray|Levitate|Protect,DracoMeteor,Snarl,Taunt|||M|||50|,,,,,Steel]Tinkaton||CovertCloak|MoldBreaker|Protect,ThunderWave,GigatonHammer,FakeOut|||F|||50|,,,,,Water]Zoroark-Hisui||FocusSash|Illusion|Protect,ShadowBall,NastyPlot,TeraBlast|||F|||50|,,,,,Fighting]Chesnaught||SitrusBerry|Bulletproof|SpikyShield,Coaching,BodyPress,WideGuard|||F|||50|,,,,,Fire]Gastrodon-East||AssaultVest|StormDrain|SludgeBomb,MuddyWater,EarthPower,ClearSmog|||F|||50|,,,,,Poison]Arcanine-Hisui||SafetyGoggles|Intimidate|Protect,RockSlide,FlareBlitz,CloseCombat|||M|||50|,,,,,Fairy
|
|t:|1757812467
|teamsize|p1|4
|teamsize|p2|4
|start
|switch|p1a: green man|Incineroar, L50, M|100/100
|switch|p1b: charisma|Charizard, L50, F, shiny|100/100
|switch|p2a: EXPLODE|Chesnaught, L50, F, shiny|100/100
|switch|p2b: Clara|Tinkaton, L50, F, shiny|100/100
|-ability|p2b: Clara|Mold Breaker
|-ability|p1a: green man|Intimidate|boost
|-unboost|p2a: EXPLODE|atk|1
|-unboost|p2b: Clara|atk|1
|turn|1
|
|t:|1757812510
|switch|p2b: Mystery`|Hydreigon, L50, M|100/100
|move|p2a: EXPLODE|Spiky Shield|p2a: EXPLODE
|-singleturn|p2a: EXPLODE|move: Protect
|move|p1a: green man|Fake Out|p2a: EXPLODE
|-activate|p2a: EXPLODE|move: Protect
|-damage|p1a: green man|88/100|[from] Spiky Shield|[of] p2a: EXPLODE
|move|p1b: charisma|Heat Wave|p2a: EXPLODE|[spread] p2b
|-activate|p2a: EXPLODE|move: Protect
|-resisted|p2b: Mystery`
|-damage|p2b: Mystery`|73/100
|
|upkeep
|turn|2
|
|t:|1757812562
|move|p1b: charisma|Heat Wave|p2a: EXPLODE|[spread] p2a
|-miss|p1b: charisma|p2b: Mystery`
|-supereffective|p2a: EXPLODE
|-damage|p2a: EXPLODE|11/100
|-enditem|p2a: EXPLODE|Sitrus Berry|[eat]
|-heal|p2a: EXPLODE|35/100|[from] item: Sitrus Berry
|move|p2b: Mystery`|Snarl|p1a: green man|[spread] p1a,p1b
|-resisted|p1a: green man
|-damage|p1a: green man|78/100
|-damage|p1b: charisma|67/100
|-unboost|p1a: green man|spa|1
|-unboost|p1b: charisma|spa|1
|-enditem|p2b: Mystery`|Throat Spray
|-boost|p2b: Mystery`|spa|1|[from] item: Throat Spray
|move|p1a: green man|Parting Shot|p2b: Mystery`
|-unboost|p2b: Mystery`|atk|1
|-unboost|p2b: Mystery`|spa|1
|
|t:|1757812577
|switch|p1a: senator|Rillaboom, L50, M|100/100|[from] Parting Shot
|-fieldstart|move: Grassy Terrain|[from] ability: Grassy Surge|[of] p1a: senator
|move|p2a: EXPLODE|Body Press|p1a: senator
|-damage|p1a: senator|59/100
|
|-heal|p1a: senator|65/100|[from] Grassy Terrain
|-heal|p2a: EXPLODE|41/100|[from] Grassy Terrain
|upkeep
|turn|3
|
|t:|1757812599
|move|p2a: EXPLODE|Wide Guard|p2a: EXPLODE
|-singleturn|p2a: EXPLODE|Wide Guard
|move|p1b: charisma|Heat Wave|p2a: EXPLODE|[spread] 
|-activate|p2a: EXPLODE|move: Wide Guard
|-activate|p2b: Mystery`|move: Wide Guard
|move|p2b: Mystery`|Snarl|p1b: charisma|[spread] p1a,p1b
|-damage|p1a: senator|48/100
|-damage|p1b: charisma|35/100
|-unboost|p1a: senator|spa|1
|-unboost|p1b: charisma|spa|1
|move|p1a: senator|U-turn|p2a: EXPLODE
|-damage|p2a: EXPLODE|25/100
|
|t:|1757812611
|switch|p1a: green man|Incineroar, L50, M|78/100|[from] U-turn
|-ability|p1a: green man|Intimidate|boost
|-unboost|p2a: EXPLODE|atk|1
|-unboost|p2b: Mystery`|atk|1
|
|-heal|p1a: green man|84/100|[from] Grassy Terrain
|-heal|p2a: EXPLODE|30/100|[from] Grassy Terrain
|upkeep
|turn|4
|
|t:|1757812627
|move|p1a: green man|Fake Out|p2a: EXPLODE
|-damage|p2a: EXPLODE|23/100
|move|p1b: charisma|Heat Wave|p2a: EXPLODE|[spread] p2a,p2b
|-supereffective|p2a: EXPLODE
|-resisted|p2b: Mystery`
|-damage|p2a: EXPLODE|0 fnt
|-damage|p2b: Mystery`|59/100
|faint|p2a: EXPLODE
|move|p2b: Mystery`|Snarl|p1b: charisma|[spread] p1a,p1b
|-resisted|p1a: green man
|-damage|p1a: green man|73/100
|-damage|p1b: charisma|5/100
|-unboost|p1a: green man|spa|1
|-unboost|p1b: charisma|spa|1
|
|-heal|p1a: green man|79/100|[from] Grassy Terrain
|upkeep
|
|t:|1757812645
|switch|p2a: Clara|Tinkaton, L50, F, shiny|100/100
|-ability|p2a: Clara|Mold Breaker
|turn|5
|
|t:|1757812677
|move|p2a: Clara|Fake Out|p1b: charisma
|-damage|p1b: charisma|0 fnt
|faint|p1b: charisma
|move|p2b: Mystery`|Draco Meteor|p1a: green man
|-damage|p1a: green man|15/100
|-unboost|p2b: Mystery`|spa|2
|move|p1a: green man|Parting Shot|p2a: Clara
|-unboost|p2a: Clara|atk|1
|-unboost|p2a: Clara|spa|1
|
|t:|1757812684
|switch|p1a: senator|Rillaboom, L50, M|48/100|[from] Parting Shot
|
|-heal|p1a: senator|54/100|[from] Grassy Terrain
|upkeep
|
|t:|1757812686
|switch|p1b: Russian Moon|Ursaluna-Bloodmoon, L50, M|100/100
|turn|6
|
|t:|1757812709
|switch|p2a: Clara|Tinkaton, L50, F, shiny|100/100
|move|p1a: senator|Fake Out|p2a: Clara
|-immune|p2a: Clara
|move|p2b: Mystery`|Snarl|p1a: senator|[spread] p1a
|-miss|p2b: Mystery`|p1b: Russian Moon
|-damage|p1a: senator|46/100
|-unboost|p1a: senator|spa|1
|move|p1b: Russian Moon|Blood Moon|p2b: Mystery`
|-damage|p2b: Mystery`|0 fnt
|faint|p2b: Mystery`
|-damage|p1b: Russian Moon|91/100|[from] item: Life Orb
|
|-heal|p1a: senator|52/100|[from] Grassy Terrain
|-heal|p1b: Russian Moon|97/100|[from] Grassy Terrain
|-fieldend|move: Grassy Terrain
|upkeep
|
|t:|1757812725
|switch|p2b: Clara|Tinkaton, L50, F, shiny|100/100
|-ability|p2b: Clara|Mold Breaker
|turn|7
|
|t:|1757812760
|-terastallize|p2a: Clara|Fighting
|move|p1b: Russian Moon|Protect|p1b: Russian Moon
|-singleturn|p1b: Russian Moon|Protect
|move|p2b: Clara|Fake Out|p1b: Russian Moon
|-activate|p1b: Russian Moon|move: Protect
|move|p2a: Clara|Tera Blast|p1b: Russian Moon|[anim] Tera Blast Fighting
|-activate|p1b: Russian Moon|move: Protect
|move|p1a: senator|U-turn|p2b: Clara
|-resisted|p2b: Clara
|-damage|p2b: Clara|93/100
|
|t:|1757812771
|switch|p1a: green man|Incineroar, L50, M|15/100|[from] U-turn
|-ability|p1a: green man|Intimidate|boost
|-unboost|p2a: Clara|atk|1
|-unboost|p2b: Clara|atk|1
|
|upkeep
|turn|8
|
|t:|1757812823
|move|p2b: Clara|Protect|p2b: Clara
|-singleturn|p2b: Clara|Protect
|move|p1a: green man|Fake Out|p2b: Clara
|-activate|p2b: Clara|move: Protect
|move|p2a: Clara|Tera Blast|p1a: green man|[anim] Tera Blast Fighting
|-supereffective|p1a: green man
|-damage|p1a: green man|0 fnt
|faint|p1a: green man
|move|p1b: Russian Moon|Earth Power|p2a: Clara
|-enditem|p2a: Clara|Focus Sash
|-damage|p2a: Clara|1/100
|replace|p2a: Toga|Zoroark-Hisui, L50, F, shiny
|-end|p2a: Toga|Illusion
|-damage|p1b: Russian Moon|87/100|[from] item: Life Orb
|
|upkeep
|
|t:|1757812838
|switch|p1a: senator|Rillaboom, L50, M|52/100
|-fieldstart|move: Grassy Terrain|[from] ability: Grassy Surge|[of] p1a: senator
|turn|9
|inactive|Battle timer is ON: inactive players will automatically lose when time's up. (requested by umegs)
|
|t:|1757812871
|move|p1a: senator|Fake Out|p2b: Clara
|-resisted|p2b: Clara
|-damage|p2b: Clara|85/100
|move|p2a: Toga|Tera Blast|p1a: senator|[anim] Tera Blast Fighting
|-damage|p1a: senator|26/100
|move|p2b: Clara|Gigaton Hammer|p1a: senator
|-damage|p1a: senator|0 fnt
|faint|p1a: senator
|move|p1b: Russian Moon|Earth Power|p2a: Toga
|-damage|p2a: Toga|0 fnt
|faint|p2a: Toga
|-damage|p1b: Russian Moon|78/100|[from] item: Life Orb
|
|-heal|p2b: Clara|91/100|[from] Grassy Terrain
|-heal|p1b: Russian Moon|84/100|[from] Grassy Terrain
|upkeep
|turn|10
|
|t:|1757812890
|-terastallize|p1b: Russian Moon|Normal
|move|p2b: Clara|Protect|p2b: Clara
|-singleturn|p2b: Clara|Protect
|move|p1b: Russian Moon|Blood Moon|p2b: Clara
|-activate|p2b: Clara|move: Protect
|
|-heal|p2b: Clara|97/100|[from] Grassy Terrain
|-heal|p1b: Russian Moon|89/100|[from] Grassy Terrain
|upkeep
|turn|11
|
|t:|1757812902
|move|p1b: Russian Moon|Protect|p1b: Russian Moon
|-singleturn|p1b: Russian Moon|Protect
|move|p2b: Clara|Gigaton Hammer|p1b: Russian Moon
|-activate|p1b: Russian Moon|move: Protect
|
|-heal|p2b: Clara|100/100|[from] Grassy Terrain
|-heal|p1b: Russian Moon|95/100|[from] Grassy Terrain
|upkeep
|turn|12
|
|t:|1757812913
|move|p2b: Clara|Protect|p2b: Clara
|-singleturn|p2b: Clara|Protect
|move|p1b: Russian Moon|Earth Power|p2b: Clara
|-activate|p2b: Clara|move: Protect
|
|-heal|p1b: Russian Moon|100/100|[from] Grassy Terrain
|upkeep
|turn|13
|
|t:|1757812924
|move|p2b: Clara|Thunder Wave|p1b: Russian Moon
|-status|p1b: Russian Moon|par
|move|p1b: Russian Moon|Blood Moon|p2b: Clara
|-resisted|p2b: Clara
|-damage|p2b: Clara|35/100
|-damage|p1b: Russian Moon|91/100 par|[from] item: Life Orb
|
|-heal|p2b: Clara|41/100|[from] Grassy Terrain
|-heal|p1b: Russian Moon|97/100 par|[from] Grassy Terrain
|-fieldend|move: Grassy Terrain
|upkeep
|turn|14
|
|t:|1757812945
|move|p2b: Clara|Protect|p2b: Clara
|-singleturn|p2b: Clara|Protect
|cant|p1b: Russian Moon|par
|
|upkeep
|turn|15
|
|t:|1757812954
|move|p2b: Clara|Gigaton Hammer|p1b: Russian Moon
|-damage|p1b: Russian Moon|75/100 par
|move|p1b: Russian Moon|Earth Power|p2b: Clara
|-supereffective|p2b: Clara
|-damage|p2b: Clara|0 fnt
|faint|p2b: Clara
|-damage|p1b: Russian Moon|65/100 par|[from] item: Life Orb
|
|win|umegs
||umegs is ready for game 2.
|inactive|tdrizzle has 30 seconds to confirm battle start!
||tdrizzle is ready for game 2.
|uhtml|next|Next: Game 2 of 3
