|j|☆Tempyies
|j|☆keahi
|html|Tempyieskeahi    
|uhtml|bestof|Game 3 of a best-of-3
|t:|1783552690
|gametype|doubles
|player|p1|Tempyies|101|1141
|player|p2|keahi|giovanni|1143
|gen|9
|tier|[Gen 9 Champions] VGC 2026 Reg M-B (Bo3)
|rated|
|rule|Species Clause: Limit one of each Pokémon
|rule|Item Clause: Limit 1 of each item
|clearpoke
|poke|p1|Mawile, L50, F|
|poke|p1|Torkoal, L50, F|
|poke|p1|Incineroar, L50, M|
|poke|p1|Farigiraf, L50, F|
|poke|p1|Charizard, L50, M|
|poke|p1|Milotic, L50, M|
|poke|p2|Scovillain, L50, M, shiny|
|poke|p2|Tyranitar, L50, F|
|poke|p2|Excadrill, L50, F|
|poke|p2|Talonflame, L50, F|
|poke|p2|Sylveon, L50, F, shiny|
|poke|p2|Araquanid, L50, F|
|teampreview|4
|showteam|p1|Mawile||Mawilite|Intimidate|RockSlide,PlayRough,SuckerPunch,Protect|Brave||F|||50|]Torkoal||Charcoal|Drought|Eruption,HeatWave,SolarBeam,Protect|Quiet||F|||50|]Incineroar||ChopleBerry|Intimidate|FlareBlitz,FakeOut,DarkestLariat,PartingShot|Brave||M|||50|]Farigiraf||SitrusBerry|ArmorTail|Protect,TrickRoom,Psychic,HyperVoice|Sassy||F|||50|]Charizard||CharizarditeY|Blaze|WeatherBall,HeatWave,SolarBeam,Protect|Modest||M|||50|]Milotic||Leftovers|Competitive|Scald,Recover,Coil,Hypnosis|Bold||M|||50|
|showteam|p2|Scovillain||Scovillainite|Moody|Protect,GigaDrain,Flamethrower,RagePowder|Bold||M|||50|]Tyranitar||Tyranitarite|SandStream|RockSlide,Protect,Assurance,LowKick|Adamant||F|||50|]Excadrill||FocusSash|SandRush|HighHorsepower,IronHead,Protect,RockSlide|Adamant||F|||50|]Talonflame||SharpBeak|GaleWings|BraveBird,Tailwind,FlareBlitz,Protect|Jolly||F|||50|]Sylveon||FairyFeather|Pixilate|HyperVoice,Detect,QuickAttack,HyperBeam|Modest||F|||50|]Araquanid||MysticWater|WaterBubble|Liquidation,LeechLife,WideGuard,Protect|Careful||F|||50|
|
|t:|1783552727
|teamsize|p1|4
|teamsize|p2|4
|start
|switch|p1a: Farigiraf|Farigiraf, L50, F|100/100
|switch|p1b: Incineroar|Incineroar, L50, M|100/100
|switch|p2a: Tyranitar|Tyranitar, L50, F|100/100
|switch|p2b: Sylveon|Sylveon, L50, F, shiny|100/100
|-weather|Sandstorm|[from] ability: Sand Stream|[of] p2a: Tyranitar
|-ability|p1b: Incineroar|Intimidate|boost
|-unboost|p2a: Tyranitar|atk|1
|-unboost|p2b: Sylveon|atk|1
|turn|1
|
|t:|1783552746
|switch|p2a: Araquanid|Araquanid, L50, F|100/100
|move|p1b: Incineroar|Fake Out|p2b: Sylveon
|-damage|p2b: Sylveon|79/100
|cant|p2b: Sylveon|flinch
|move|p1a: Farigiraf|Trick Room|p1a: Farigiraf
|-fieldstart|move: Trick Room|[of] p1a: Farigiraf
|
|-weather|Sandstorm|[upkeep]
|-damage|p2a: Araquanid|94/100|[from] Sandstorm
|-damage|p1b: Incineroar|94/100|[from] Sandstorm
|-damage|p1a: Farigiraf|93/100|[from] Sandstorm
|-damage|p2b: Sylveon|73/100|[from] Sandstorm
|upkeep
|turn|2
|
|t:|1783552763
|move|p2a: Araquanid|Liquidation|p1b: Incineroar
|-supereffective|p1b: Incineroar|1
|-damage|p1b: Incineroar|0 fnt
|faint|p1b: Incineroar
|move|p1a: Farigiraf|Hyper Voice|p2a: Araquanid|[spread] p2a,p2b
|-crit|p2a: Araquanid
|-damage|p2a: Araquanid|63/100
|-damage|p2b: Sylveon|54/100
|move|p2b: Sylveon|Hyper Voice|p1a: Farigiraf
|-damage|p1a: Farigiraf|39/100
|-enditem|p1a: Farigiraf|Sitrus Berry|[eat]
|-heal|p1a: Farigiraf|63/100|[from] item: Sitrus Berry
|
|-weather|Sandstorm|[upkeep]
|-damage|p2a: Araquanid|57/100|[from] Sandstorm
|-damage|p1a: Farigiraf|57/100|[from] Sandstorm
|-damage|p2b: Sylveon|48/100|[from] Sandstorm
|upkeep
|
|t:|1783552766
|switch|p1b: Mawile|Mawile, L50, F|100/100
|-ability|p1b: Mawile|Intimidate|boost
|-unboost|p2a: Araquanid|atk|1
|-unboost|p2b: Sylveon|atk|1
|turn|3
|
|t:|1783552777
|switch|p2a: Excadrill|Excadrill, L50, F|100/100
|detailschange|p1b: Mawile|Mawile-Mega, L50, F
|-mega|p1b: Mawile|Mawile|Mawilite
|move|p2b: Sylveon|Detect|p2b: Sylveon
|-singleturn|p2b: Sylveon|Protect
|move|p1b: Mawile|Play Rough|p2a: Excadrill
|-resisted|p2a: Excadrill|1
|-damage|p2a: Excadrill|35/100
|move|p1a: Farigiraf|Hyper Voice|p2a: Excadrill|[spread] p2a
|-activate|p2b: Sylveon|move: Protect
|-resisted|p2a: Excadrill|1
|-damage|p2a: Excadrill|19/100
|
|-weather|Sandstorm|[upkeep]
|-damage|p1a: Farigiraf|51/100|[from] Sandstorm
|-damage|p2b: Sylveon|42/100|[from] Sandstorm
|upkeep
|turn|4
|
|t:|1783552806
|switch|p2a: Araquanid|Araquanid, L50, F|57/100
|move|p1b: Mawile|Play Rough|p2a: Araquanid
|-damage|p2a: Araquanid|0 fnt
|faint|p2a: Araquanid
|move|p1a: Farigiraf|Hyper Voice|p2b: Sylveon
|-damage|p2b: Sylveon|18/100
|move|p2b: Sylveon|Hyper Voice|p1a: Farigiraf|[spread] p1a,p1b
|-resisted|p1b: Mawile|1
|-damage|p1a: Farigiraf|12/100
|-damage|p1b: Mawile|68/100
|
|-weather|Sandstorm|[upkeep]
|-damage|p1a: Farigiraf|6/100|[from] Sandstorm
|-damage|p2b: Sylveon|12/100|[from] Sandstorm
|upkeep
|
|t:|1783552819
|switch|p2a: Excadrill|Excadrill, L50, F|19/100
|turn|5
|
|t:|1783552853
|move|p2b: Sylveon|Detect|p2b: Sylveon
|-singleturn|p2b: Sylveon|Protect
|move|p2a: Excadrill|Protect|p2a: Excadrill
|-singleturn|p2a: Excadrill|Protect
|move|p1b: Mawile|Rock Slide|p2b: Sylveon|[spread] 
|-activate|p2a: Excadrill|move: Protect
|-activate|p2b: Sylveon|move: Protect
|move|p1a: Farigiraf|Hyper Voice|p2b: Sylveon|[spread] 
|-activate|p2a: Excadrill|move: Protect
|-activate|p2b: Sylveon|move: Protect
|
|-weather|none
|-fieldend|move: Trick Room
|upkeep
|turn|6
|
|t:|1783552883
|switch|p2a: Tyranitar|Tyranitar, L50, F|100/100
|-weather|Sandstorm|[from] ability: Sand Stream|[of] p2a: Tyranitar
|move|p1b: Mawile|Sucker Punch||[still]
|-fail|p1b: Mawile
|move|p2b: Sylveon|Hyper Beam|p1b: Mawile
|-resisted|p1b: Mawile|1
|-damage|p1b: Mawile|0 fnt
|-mustrecharge|p2b: Sylveon
|faint|p1b: Mawile
|move|p1a: Farigiraf|Trick Room|p1a: Farigiraf
|-fieldstart|move: Trick Room|[of] p1a: Farigiraf
|
|-weather|Sandstorm|[upkeep]
|-damage|p1a: Farigiraf|1/100|[from] Sandstorm
|-damage|p2b: Sylveon|6/100|[from] Sandstorm
|upkeep
|
|t:|1783552885
|switch|p1b: Torkoal|Torkoal, L50, F|100/100
|-weather|SunnyDay|[from] ability: Drought|[of] p1b: Torkoal
|turn|7
|
|t:|1783552895
|switch|p2a: Excadrill|Excadrill, L50, F|19/100
|move|p1b: Torkoal|Eruption|p2b: Sylveon|[spread] p2a,p2b
|-supereffective|p2a: Excadrill|1
|-crit|p2a: Excadrill
|-damage|p2a: Excadrill|0 fnt
|-damage|p2b: Sylveon|0 fnt
|faint|p2a: Excadrill
|faint|p2b: Sylveon
|move|p1a: Farigiraf|Hyper Voice|p2: Excadrill|[notarget]
|-fail|p1a: Farigiraf
|
|-weather|SunnyDay|[upkeep]
|upkeep
|
|t:|1783552899
|switch|p2a: Tyranitar|Tyranitar, L50, F|100/100
|-weather|Sandstorm|[from] ability: Sand Stream|[of] p2a: Tyranitar
|turn|8
|
|t:|1783552905
|detailschange|p2a: Tyranitar|Tyranitar-Mega, L50, F
|-mega|p2a: Tyranitar|Tyranitar|Tyranitarite
|move|p1b: Torkoal|Eruption|p2a: Tyranitar
|-resisted|p2a: Tyranitar|1
|-damage|p2a: Tyranitar|81/100
|move|p1a: Farigiraf|Hyper Voice|p2a: Tyranitar
|-resisted|p2a: Tyranitar|1
|-damage|p2a: Tyranitar|72/100
|move|p2a: Tyranitar|Rock Slide|p1a: Farigiraf|[spread] p1a,p1b
|-supereffective|p1b: Torkoal|1
|-damage|p1a: Farigiraf|0 fnt
|-damage|p1b: Torkoal|42/100
|faint|p1a: Farigiraf
|
|-weather|Sandstorm|[upkeep]
|-damage|p1b: Torkoal|36/100|[from] Sandstorm
|upkeep
|turn|9
|
|t:|1783552911
|move|p1b: Torkoal|Eruption|p2a: Tyranitar
|-resisted|p2a: Tyranitar|1
|-damage|p2a: Tyranitar|65/100
|move|p2a: Tyranitar|Rock Slide|p1b: Torkoal
|-supereffective|p1b: Torkoal|1
|-damage|p1b: Torkoal|0 fnt
|faint|p1b: Torkoal
|
|win|keahi
|raw|Tempyies's rating: 1141 → 1116(-25 for losing)
|raw|keahi's rating: 1143 → 1168(+25 for winning)
|l|☆Tempyies
|player|p1|
