|j|☆colemarcusvgc
|j|☆deleno
|html|colemarcusvgcdeleno    
|uhtml|bestof|Game 1 of a best-of-3
|t:|1756835581
|gametype|doubles
|player|p1|colemarcusvgc|n|1125
|player|p2|deleno|265|1022
|gen|9
|tier|[Gen 9] VGC 2025 Reg H (Bo3)
|rated|
|rule|Species Clause: Limit one of each Pokémon
|rule|Item Clause: Limit 1 of each item
|clearpoke
|poke|p1|Indeedee-F, L50, F|
|poke|p1|Hatterene, L50, F|
|poke|p1|Gallade, L50, M|
|poke|p1|Ursaluna, L50, M|
|poke|p1|Lilligant-Hisui, L50, F|
|poke|p1|Torkoal, L50, M|
|poke|p2|Excadrill, L50, F|
|poke|p2|Tyranitar, L50, M|
|poke|p2|Lycanroc-Dusk, L50, M|
|poke|p2|Incineroar, L50, F|
|poke|p2|Amoonguss, L50, F|
|poke|p2|Salamence, L50, M|
|teampreview|4
|showteam|p1|Indeedee-F||PsychicSeed|PsychicSurge|TrickRoom,FollowMe,HelpingHand,DazzlingGleam|||F|||50|,,,,,Fire]Hatterene||LifeOrb|MagicBounce|ExpandingForce,TrickRoom,DazzlingGleam,Protect|||F|||50|,,,,,Psychic]Gallade||ClearAmulet|Sharpness|PsychoCut,TrickRoom,SacredSword,WideGuard|||M|||50|,,,,,Grass]Ursaluna||FlameOrb|Guts|HeadlongRush,Facade,SwordsDance,Protect|||M|||50|,,,,,Ghost]Lilligant-Hisui||FocusSash|Chlorophyll|SolarBlade,SleepPowder,CloseCombat,AfterYou|||F|||50|,,,,,Ghost]Torkoal||ChoiceSpecs|Drought|Eruption,HeatWave,WeatherBall,EarthPower|||M|||50|,,,,,Fire
|showteam|p2|Excadrill||ClearAmulet|SandRush|Protect,Earthquake,IronHead,HighHorsepower|||F|||50|,,,,,Stellar]Tyranitar||AirBalloon|SandStream|Protect,RockSlide,Crunch,IcyWind|||M|||50|,,,,,Ghost]Lycanroc-Dusk||FocusSash|ToughClaws|Protect,Accelerock,Endeavor,CloseCombat|||M|||50|,,,,,Rock]Incineroar||SafetyGoggles|Intimidate|FakeOut,FlareBlitz,KnockOff,PartingShot|||F|||50|,,,,,Ghost]Amoonguss||CovertCloak|Regenerator|Spore,RagePowder,SludgeBomb,Protect|||F|||50|,,,,,Water]Salamence||RockyHelmet|Intimidate|Roost,Tailwind,DracoMeteor,TeraBlast|||M|||50|,,,,,Dragon
|
|t:|1756835611
|teamsize|p1|4
|teamsize|p2|4
|start
|switch|p1a: Indeedee|Indeedee-F, L50, F|100/100
|switch|p1b: Gallade|Gallade, L50, M, shiny|100/100
|switch|p2a: Lycanroc|Lycanroc-Dusk, L50, M|100/100
|switch|p2b: Amoonguss|Amoonguss, L50, F|100/100
|-fieldstart|move: Psychic Terrain|[from] ability: Psychic Surge|[of] p1a: Indeedee
|-enditem|p1a: Indeedee|Psychic Seed
|-boost|p1a: Indeedee|spd|1|[from] item: Psychic Seed
|turn|1
|
|t:|1756835640
|switch|p1a: Lilligant|Lilligant-Hisui, L50, F|100/100
|move|p2a: Lycanroc|Close Combat|p1a: Lilligant
|-damage|p1a: Lilligant|18/100
|-unboost|p2a: Lycanroc|def|1
|-unboost|p2a: Lycanroc|spd|1
|move|p2b: Amoonguss|Spore|p1b: Gallade
|-status|p1b: Gallade|slp|[from] move: Spore
|cant|p1b: Gallade|slp
|
|upkeep
|turn|2
|j| Trestkon
|
|t:|1756835675
|switch|p1b: Torkoal|Torkoal, L50, M|100/100
|-weather|SunnyDay|[from] ability: Drought|[of] p1b: Torkoal
|switch|p2b: Tyranitar|Tyranitar, L50, M|100/100
|-weather|Sandstorm|[from] ability: Sand Stream|[of] p2b: Tyranitar
|-item|p2b: Tyranitar|Air Balloon
|move|p1a: Lilligant|Solar Blade||[still]
|-prepare|p1a: Lilligant|Solar Blade
|move|p2a: Lycanroc|Endeavor|p1b: Torkoal
|-damage|p1b: Torkoal|86/100
|
|-weather|Sandstorm|[upkeep]
|-damage|p1a: Lilligant|11/100|[from] Sandstorm
|-damage|p1b: Torkoal|80/100|[from] Sandstorm
|upkeep
|turn|3
|
|t:|1756835703
|-terastallize|p2b: Tyranitar|Ghost
|move|p1a: Lilligant|Solar Blade|p2a: Lycanroc|[from] lockedmove
|-supereffective|p2a: Lycanroc
|-enditem|p2a: Lycanroc|Focus Sash
|-damage|p2a: Lycanroc|1/100
|move|p2a: Lycanroc|Endeavor|p1b: Torkoal
|-damage|p1b: Torkoal|1/100
|move|p2b: Tyranitar|Rock Slide|p1a: Lilligant|[spread] p1a,p1b
|-resisted|p1a: Lilligant
|-supereffective|p1b: Torkoal
|-damage|p1a: Lilligant|0 fnt
|-damage|p1b: Torkoal|0 fnt
|faint|p1a: Lilligant
|faint|p1b: Torkoal
|
|-weather|Sandstorm|[upkeep]
|-damage|p2b: Tyranitar|95/100|[from] Sandstorm
|upkeep
|
|t:|1756835719
|switch|p1a: Gallade|Gallade, L50, M, shiny|100/100 slp
|switch|p1b: Indeedee|Indeedee-F, L50, F|100/100
|turn|4
|
|t:|1756835749
|-curestatus|p1a: Gallade|slp|[msg]
|move|p1a: Gallade|Wide Guard|p1a: Gallade
|-singleturn|p1a: Gallade|Wide Guard
|move|p2a: Lycanroc|Close Combat|p1b: Indeedee
|-damage|p1b: Indeedee|51/100
|-unboost|p2a: Lycanroc|def|1
|-unboost|p2a: Lycanroc|spd|1
|move|p2b: Tyranitar|Rock Slide|p1a: Gallade|[spread] 
|-activate|p1a: Gallade|move: Wide Guard
|-activate|p1b: Indeedee|move: Wide Guard
|move|p1b: Indeedee|Trick Room|p1b: Indeedee
|-fieldstart|move: Trick Room|[of] p1b: Indeedee
|
|-weather|Sandstorm|[upkeep]
|-damage|p2b: Tyranitar|89/100|[from] Sandstorm
|-damage|p1b: Indeedee|45/100|[from] Sandstorm
|-damage|p1a: Gallade|95/100|[from] Sandstorm
|upkeep
|turn|5
|
|t:|1756835790
|move|p2b: Tyranitar|Icy Wind|p1a: Gallade|[spread] p1a,p1b
|-damage|p1a: Gallade|86/100
|-damage|p1b: Indeedee|37/100
|-unboost|p1b: Indeedee|spe|1
|move|p1b: Indeedee|Dazzling Gleam|p2a: Lycanroc|[spread] p2a,p2b
|-damage|p2a: Lycanroc|0 fnt
|-damage|p2b: Tyranitar|77/100
|-enditem|p2b: Tyranitar|Air Balloon
|faint|p2a: Lycanroc
|move|p1a: Gallade|Psycho Cut|p2b: Tyranitar
|-damage|p2b: Tyranitar|12/100
|
|-weather|Sandstorm|[upkeep]
|-damage|p1b: Indeedee|30/100|[from] Sandstorm
|-damage|p2b: Tyranitar|6/100|[from] Sandstorm
|-damage|p1a: Gallade|80/100|[from] Sandstorm
|-fieldend|move: Psychic Terrain
|upkeep
|
|t:|1756835803
|switch|p2a: Amoonguss|Amoonguss, L50, F|100/100
|turn|6
|
|t:|1756835817
|-terastallize|p1a: Gallade|Grass
|move|p2a: Amoonguss|Spore|p1a: Gallade
|-immune|p1a: Gallade
|move|p1b: Indeedee|Dazzling Gleam|p2a: Amoonguss|[spread] p2a,p2b
|-resisted|p2a: Amoonguss
|-damage|p2a: Amoonguss|95/100
|-damage|p2b: Tyranitar|0 fnt
|faint|p2b: Tyranitar
|move|p1a: Gallade|Sacred Sword|p2a: Amoonguss
|-resisted|p2a: Amoonguss
|-damage|p2a: Amoonguss|60/100
|
|-weather|none
|upkeep
|
|t:|1756835825
|switch|p2b: Excadrill|Excadrill, L50, F, shiny|100/100
|turn|7
|
|t:|1756835839
|move|p2a: Amoonguss|Spore|p1b: Indeedee
|-status|p1b: Indeedee|slp|[from] move: Spore
|cant|p1b: Indeedee|slp
|move|p1a: Gallade|Sacred Sword|p2b: Excadrill
|-supereffective|p2b: Excadrill
|-damage|p2b: Excadrill|0 fnt
|faint|p2b: Excadrill
|
|upkeep
|turn|8
|
|t:|1756835862
|cant|p1b: Indeedee|slp
|move|p2a: Amoonguss|Sludge Bomb|p1a: Gallade
|-supereffective|p1a: Gallade
|-damage|p1a: Gallade|13/100
|-status|p1a: Gallade|psn
|move|p1a: Gallade|Psycho Cut|p2a: Amoonguss
|-supereffective|p2a: Amoonguss
|-crit|p2a: Amoonguss
|-damage|p2a: Amoonguss|0 fnt
|faint|p2a: Amoonguss
|
|win|colemarcusvgc
||deleno is ready for game 2.
||colemarcusvgc is ready for game 2.
|uhtml|next|Next: Game 2 of 3
