|j|☆Treecko25
|j|☆Vaccamad
|html|Treecko25Vaccamad    
|uhtml|bestof|Game 3 of a best-of-3
|t:|1783364891
|gametype|doubles
|player|p1|Treecko25|hilda|1187
|player|p2|Vaccamad|101|1167
|gen|9
|tier|[Gen 9 Champions] VGC 2026 Reg M-B (Bo3)
|rated|
|rule|Species Clause: Limit one of each Pokémon
|rule|Item Clause: Limit 1 of each item
|clearpoke
|poke|p1|Sceptile, L50, F, shiny|
|poke|p1|Rotom-Wash, L50|
|poke|p1|Floette-Eternal, L50, F|
|poke|p1|Garchomp, L50, F|
|poke|p1|Kingambit, L50, M|
|poke|p1|Talonflame, L50, F|
|poke|p2|Sceptile, L50, M|
|poke|p2|Rotom, L50|
|poke|p2|Pelipper, L50, M|
|poke|p2|Archaludon, L50, F|
|poke|p2|Swampert, L50, F|
|poke|p2|Incineroar, L50, F|
|teampreview|4
|showteam|p1|Sceptile||Sceptilite|Overgrow|DragonPulse,EnergyBall,EarthPower,Protect|Timid||F|||50|]Rotom-Wash||ChoiceScarf|Levitate|Discharge,HydroPump,Thunderbolt,VoltSwitch|Timid|||||50|]Floette-Eternal||Floettite|FlowerVeil|DrainingKiss,DazzlingGleam,CalmMind,Protect|Modest||F|||50|]Garchomp||LifeOrb|RoughSkin|StompingTantrum,DragonClaw,RockSlide,Protect|Jolly||F|||50|]Kingambit||ChopleBerry|Defiant|KowtowCleave,SuckerPunch,IronHead,Protect|Adamant||M|||50|]Talonflame||SharpBeak|GaleWings|DualWingbeat,FlareBlitz,Tailwind,QuickGuard|Jolly||F|||50|
|showteam|p2|Sceptile||Sceptilite|Overgrow|DragonPulse,EarthPower,EnergyBall,Protect|Timid||M|||50|]Rotom||ChoiceScarf|Levitate|Discharge,WillOWisp,VoltSwitch,ShadowBall|Modest|||||50|]Pelipper||FocusSash|Drizzle|Hurricane,WeatherBall,Protect,Tailwind|Modest||M|||50|]Archaludon||Leftovers|Stamina|FlashCannon,AuraSphere,ElectroShot,Protect|Modest||F|||50|]Swampert||Swampertite|Torrent|WaveCrash,HighHorsepower,IcePunch,Protect|Adamant||F|||50|]Incineroar||SitrusBerry|Intimidate|FakeOut,FlareBlitz,ThroatChop,PartingShot|Impish||F|||50|
|inactive|Battle timer is ON: inactive players will automatically lose when time's up. (requested by Vaccamad)
|
|t:|1783364926
|teamsize|p1|4
|teamsize|p2|4
|start
|switch|p1a: Kingambit|Kingambit, L50, M|100/100
|switch|p1b: Floette|Floette-Eternal, L50, F|100/100
|switch|p2a: Swampert|Swampert, L50, F|100/100
|switch|p2b: Pelipper|Pelipper, L50, M|100/100
|-weather|RainDance|[from] ability: Drizzle|[of] p2b: Pelipper
|turn|1
|
|t:|1783364951
|detailschange|p2a: Swampert|Swampert-Mega, L50, F
|-mega|p2a: Swampert|Swampert|Swampertite
|move|p1b: Floette|Protect|p1b: Floette
|-singleturn|p1b: Floette|Protect
|move|p2a: Swampert|Wave Crash|p1b: Floette
|-activate|p1b: Floette|move: Protect
|move|p2b: Pelipper|Weather Ball|p1a: Kingambit
|-damage|p1a: Kingambit|32/100
|move|p1a: Kingambit|Kowtow Cleave|p2a: Swampert
|-damage|p2a: Swampert|60/100
|
|-weather|RainDance|[upkeep]
|upkeep
|turn|2
|inactive|Vaccamad has 30 seconds left.
|
|t:|1783364979
|switch|p1b: Sceptile|Sceptile, L50, F, shiny|100/100
|move|p1a: Kingambit|Sucker Punch|p2a: Swampert
|-damage|p2a: Swampert|30/100
|move|p2a: Swampert|Wave Crash|p1b: Sceptile
|-resisted|p1b: Sceptile|1
|-damage|p1b: Sceptile|10/100
|-damage|p2a: Swampert|9/100|[from] Recoil
|move|p2b: Pelipper|Weather Ball|p1a: Kingambit
|-damage|p1a: Kingambit|0 fnt
|faint|p1a: Kingambit
|
|-weather|RainDance|[upkeep]
|upkeep
|
|t:|1783364990
|switch|p1a: Talonflame|Talonflame, L50, F|100/100
|turn|3
|
|t:|1783365012
|move|p1b: Sceptile|Protect|p1b: Sceptile
|-singleturn|p1b: Sceptile|Protect
|move|p1a: Talonflame|Tailwind|p1a: Talonflame
|-sidestart|p1: Treecko25|move: Tailwind
|move|p2a: Swampert|Wave Crash|p1a: Talonflame
|-supereffective|p1a: Talonflame|1
|-damage|p1a: Talonflame|0 fnt
|faint|p1a: Talonflame
|-damage|p2a: Swampert|0 fnt|[from] Recoil
|faint|p2a: Swampert
|move|p2b: Pelipper|Weather Ball|p1b: Sceptile
|-activate|p1b: Sceptile|move: Protect
|
|-weather|RainDance|[upkeep]
|upkeep
|
|t:|1783365030
|switch|p1a: Floette|Floette-Eternal, L50, F|100/100
|switch|p2a: Archaludon|Archaludon, L50, F|100/100
|turn|4
|
|t:|1783365048
|detailschange|p1a: Floette|Floette-Mega, L50, F
|-mega|p1a: Floette|Floette|Floettite
|-ability|p1a: Floette|Fairy Aura
|move|p1b: Sceptile|Earth Power|p2a: Archaludon
|-supereffective|p2a: Archaludon|1
|-damage|p2a: Archaludon|43/100
|-ability|p2a: Archaludon|Stamina|boost
|-boost|p2a: Archaludon|def|1
|move|p1a: Floette|Dazzling Gleam|p2b: Pelipper|[spread] p2a,p2b
|-damage|p2a: Archaludon|0 fnt
|-damage|p2b: Pelipper|26/100
|faint|p2a: Archaludon
|move|p2b: Pelipper|Weather Ball|p1a: Floette
|-damage|p1a: Floette|49/100
|
|-weather|RainDance|[upkeep]
|upkeep
|
|t:|1783365059
|switch|p2a: Rotom|Rotom, L50|100/100
|turn|5
|inactive|Treecko25 has 30 seconds left.
|
|t:|1783365092
|move|p2b: Pelipper|Protect|p2b: Pelipper
|-singleturn|p2b: Pelipper|Protect
|move|p1b: Sceptile|Dragon Pulse|p2b: Pelipper
|-activate|p2b: Pelipper|move: Protect
|move|p1a: Floette|Draining Kiss|p2a: Rotom
|-damage|p2a: Rotom|28/100
|-heal|p1a: Floette|87/100|[from] drain|[of] p2a: Rotom
|move|p2a: Rotom|Discharge|p1b: Sceptile|[spread] p1a,p1b
|-activate|p2b: Pelipper|move: Protect
|-resisted|p1b: Sceptile|1
|-crit|p1b: Sceptile
|-damage|p1a: Floette|69/100
|-damage|p1b: Sceptile|0 fnt
|faint|p1b: Sceptile
|
|-weather|none
|upkeep
|turn|6
|
|t:|1783365113
|move|p1a: Floette|Dazzling Gleam|p2a: Rotom|[spread] p2a,p2b
|-damage|p2a: Rotom|0 fnt
|-damage|p2b: Pelipper|0 fnt
|faint|p2a: Rotom
|faint|p2b: Pelipper
|
|win|Treecko25
|raw|Treecko25's rating: 1187 → 1211(+24 for winning)
|raw|Vaccamad's rating: 1167 → 1143(-24 for losing)
|l|☆Vaccamad
|player|p2|
