|j|☆rapidsinglestrike
|j|☆gothcharlotte
|html|rapidsinglestrikegothcharlotte    
|uhtml|bestof|Game 1 of a best-of-3
|t:|1757631160
|gametype|doubles
|player|p1|rapidsinglestrike|102|1382
|player|p2|gothcharlotte|marley|1348
|gen|9
|tier|[Gen 9] VGC 2025 Reg H (Bo3)
|rated|
|rule|Species Clause: Limit one of each Pokémon
|rule|Item Clause: Limit 1 of each item
|clearpoke
|poke|p1|Sneasler, L50, F|
|poke|p1|Indeedee, L50, M|
|poke|p1|Volcarona, L50, F|
|poke|p1|Ursaluna-Bloodmoon, L50, M|
|poke|p1|Annihilape, L50, F|
|poke|p1|Tyranitar, L50, M|
|poke|p2|Sableye, L50, M|
|poke|p2|Altaria, L50, F|
|poke|p2|Dondozo, L50, M|
|poke|p2|Indeedee, L50, M|
|poke|p2|Sneasler, L50, M|
|poke|p2|Archaludon, L50, M|
|teampreview|4
|showteam|p1|Sneasler||PsychicSeed|Unburden|CloseCombat,DireClaw,ThroatChop,Protect|||F|||50|,,,,,Dark]Indeedee||ChoiceScarf|PsychicSurge|ExpandingForce,TeraBlast,Trick,Protect|||M|||50|,,,,,Psychic]Volcarona||SitrusBerry|FlameBody|Overheat,StruggleBug,RagePowder,Tailwind|||F|||50|,,,,,Grass]Ursaluna-Bloodmoon||LifeOrb|MindsEye|BloodMoon,HyperVoice,EarthPower,Protect|||M|||50|,,,,,Normal]Annihilape||SafetyGoggles|Defiant|CloseCombat,RageFist,Taunt,FinalGambit|||F|||50|,,,,,Fairy]Tyranitar||AssaultVest|SandStream|RockSlide,KnockOff,TeraBlast,LowKick|||M|||50|,,,,,Flying
|showteam|p2|Sableye||LightClay|Prankster|FakeOut,Reflect,LightScreen,Gravity|||M|||50|,,,,,Steel]Altaria||SafetyGoggles|CloudNine|Hurricane,Sing,Tailwind,Roost|||F|||50|,,,,,Water]Dondozo||Leftovers|Unaware|WaveCrash,Fissure,Yawn,Protect|||M|||50|,,,,,Grass]Indeedee||FocusSash|PsychicSurge|ExpandingForce,TeraBlast,DazzlingGleam,Protect|||M|||50|,,,,,Psychic]Sneasler||PsychicSeed|Unburden|CloseCombat,DireClaw,ThroatChop,Protect|||M|||50|,,,,,Stellar]Archaludon||PowerHerb|Sturdy|FlashCannon,DracoMeteor,ElectroShot,Protect|||M|||50|,,,,,Stellar
|inactive|Battle timer is ON: inactive players will automatically lose when time's up. (requested by gothcharlotte)
|inactive|rapidsinglestrike also wants the timer to be on.
|inactive|rapidsinglestrike has 60 seconds left.
|j| Arkhept
|
|t:|1757631205
|teamsize|p1|4
|teamsize|p2|4
|start
|switch|p1a: Volcarona|Volcarona, L50, F|100/100
|switch|p1b: Tyranitar|Tyranitar, L50, M|100/100
|switch|p2a: Sableye|Sableye, L50, M|100/100
|switch|p2b: Altaria|Altaria, L50, F|100/100
|-weather|Sandstorm|[from] ability: Sand Stream|[of] p1b: Tyranitar
|-ability|p2b: Altaria|Cloud Nine
|turn|1
|l| Arkhept
|j| Arkhept
|
|t:|1757631225
|-terastallize|p2b: Altaria|Water
|move|p2a: Sableye|Gravity|p2a: Sableye
|-fieldstart|move: Gravity
|move|p1a: Volcarona|Struggle Bug|p2b: Altaria|[spread] p2a,p2b
|-crit|p2a: Sableye
|-damage|p2a: Sableye|64/100
|-damage|p2b: Altaria|85/100
|-unboost|p2a: Sableye|spa|1
|-unboost|p2b: Altaria|spa|1
|move|p1b: Tyranitar|Rock Slide|p2a: Sableye|[spread] p2a,p2b
|-crit|p2a: Sableye
|-damage|p2a: Sableye|8/100
|-damage|p2b: Altaria|61/100
|move|p2b: Altaria|Sing|p1a: Volcarona
|-status|p1a: Volcarona|slp|[from] move: Sing
|
|-weather|Sandstorm|[upkeep]
|upkeep
|turn|2
|inactive|rapidsinglestrike has 30 seconds left.
|
|t:|1757631251
|switch|p2a: Dondozo|Dondozo, L50, M|100/100
|cant|p1a: Volcarona|slp
|move|p1b: Tyranitar|Knock Off|p2b: Altaria
|-damage|p2b: Altaria|17/100
|-enditem|p2b: Altaria|Safety Goggles|[from] move: Knock Off|[of] p1b: Tyranitar
|move|p2b: Altaria|Sing|p1b: Tyranitar
|-status|p1b: Tyranitar|slp|[from] move: Sing
|
|-weather|Sandstorm|[upkeep]
|upkeep
|turn|3
|l| Arkhept
|inactive|rapidsinglestrike has 30 seconds left.
|
|t:|1757631283
|-terastallize|p1a: Volcarona|Grass
|cant|p1a: Volcarona|slp
|cant|p1b: Tyranitar|slp
|move|p2b: Altaria|Tailwind|p2b: Altaria
|-sidestart|p2: gothcharlotte|move: Tailwind
|move|p2a: Dondozo|Fissure|p1a: Volcarona|[miss]
|-miss|p2a: Dondozo|p1a: Volcarona
|
|-weather|Sandstorm|[upkeep]
|upkeep
|turn|4
|
|t:|1757631295
|move|p2b: Altaria|Roost|p2b: Altaria
|-heal|p2b: Altaria|67/100
|cant|p1a: Volcarona|slp
|move|p2a: Dondozo|Fissure|p1a: Volcarona|[miss]
|-miss|p2a: Dondozo|p1a: Volcarona
|cant|p1b: Tyranitar|slp
|
|-weather|Sandstorm|[upkeep]
|upkeep
|turn|5
|
|t:|1757631311
|move|p2b: Altaria|Hurricane|p1a: Volcarona
|-supereffective|p1a: Volcarona
|-damage|p1a: Volcarona|60/100 slp
|-curestatus|p1a: Volcarona|slp|[msg]
|move|p1a: Volcarona|Tailwind|p1a: Volcarona
|-sidestart|p1: rapidsinglestrike|move: Tailwind
|cant|p1b: Tyranitar|slp
|move|p2a: Dondozo|Fissure|p1b: Tyranitar|[miss]
|-miss|p2a: Dondozo|p1b: Tyranitar
|
|-weather|none
|-fieldend|move: Gravity
|upkeep
|turn|6
|
|t:|1757631329
|move|p2a: Dondozo|Protect|p2a: Dondozo
|-singleturn|p2a: Dondozo|Protect
|move|p1a: Volcarona|Struggle Bug|p2a: Dondozo|[spread] p2b
|-activate|p2a: Dondozo|move: Protect
|-damage|p2b: Altaria|53/100
|-unboost|p2b: Altaria|spa|1
|-curestatus|p1b: Tyranitar|slp|[msg]
|move|p1b: Tyranitar|Knock Off|p2a: Dondozo
|-activate|p2a: Dondozo|move: Protect
|move|p2b: Altaria|Hurricane|p1a: Volcarona
|-supereffective|p1a: Volcarona
|-damage|p1a: Volcarona|34/100
|-enditem|p1a: Volcarona|Sitrus Berry|[eat]
|-heal|p1a: Volcarona|59/100|[from] item: Sitrus Berry
|
|-sideend|p2: gothcharlotte|move: Tailwind
|upkeep
|turn|7
|
|t:|1757631349
|move|p1a: Volcarona|Struggle Bug|p2a: Dondozo|[spread] p2a,p2b
|-crit|p2a: Dondozo
|-damage|p2a: Dondozo|81/100
|-damage|p2b: Altaria|38/100
|-unboost|p2a: Dondozo|spa|1
|-unboost|p2b: Altaria|spa|1
|move|p1b: Tyranitar|Rock Slide|p2b: Altaria|[spread] p2a,p2b
|-damage|p2a: Dondozo|62/100
|-damage|p2b: Altaria|13/100
|move|p2b: Altaria|Sing|p1a: Volcarona|[miss]
|-miss|p2b: Altaria|p1a: Volcarona
|cant|p2a: Dondozo|flinch
|
|-heal|p2a: Dondozo|68/100|[from] item: Leftovers
|upkeep
|turn|8
|
|t:|1757631366
|move|p2a: Dondozo|Protect|p2a: Dondozo
|-singleturn|p2a: Dondozo|Protect
|move|p1a: Volcarona|Struggle Bug|p2a: Dondozo|[spread] p2b
|-activate|p2a: Dondozo|move: Protect
|-damage|p2b: Altaria|0 fnt
|faint|p2b: Altaria
|move|p1b: Tyranitar|Knock Off|p2a: Dondozo
|-activate|p2a: Dondozo|move: Protect
|
|-heal|p2a: Dondozo|75/100|[from] item: Leftovers
|-sideend|p1: rapidsinglestrike|move: Tailwind
|upkeep
|
|t:|1757631368
|switch|p2b: Sableye|Sableye, L50, M|8/100
|turn|9
|
|t:|1757631377
|move|p2b: Sableye|Gravity|p2b: Sableye
|-fieldstart|move: Gravity
|move|p1a: Volcarona|Tailwind|p1a: Volcarona
|-sidestart|p1: rapidsinglestrike|move: Tailwind
|move|p1b: Tyranitar|Knock Off|p2a: Dondozo
|-damage|p2a: Dondozo|45/100
|-enditem|p2a: Dondozo|Leftovers|[from] move: Knock Off|[of] p1b: Tyranitar
|move|p2a: Dondozo|Fissure|p1b: Tyranitar|[miss]
|-miss|p2a: Dondozo|p1b: Tyranitar
|
|upkeep
|turn|10
|-message|gothcharlotte forfeited.
|raw|rapidsinglestrike's rating: 1382 → 1400(+18 for winning)
|raw|gothcharlotte's rating: 1348 → 1330(-18 for losing)
|
|win|rapidsinglestrike
|l|☆gothcharlotte
|player|p2|
|l|☆rapidsinglestrike
|player|p1|
