|j|☆marcusquinn
|j|☆Harry Koekenpan
|html|marcusquinnHarry Koekenpan    
|uhtml|bestof|Game 3 of a best-of-3
|t:|1755544691
|gametype|doubles
|player|p1|marcusquinn|hilbert-wonderlauncher|1176
|player|p2|Harry Koekenpan|266|1224
|gen|9
|tier|[Gen 9] VGC 2025 Reg H (Bo3)
|rated|
|rule|Species Clause: Limit one of each Pokémon
|rule|Item Clause: Limit 1 of each item
|clearpoke
|poke|p1|Archaludon, L50, M|
|poke|p1|Porygon2, L50|
|poke|p1|Incineroar, L50, M|
|poke|p1|Ursaluna, L50, M|
|poke|p1|Sneasler, L50, F|
|poke|p1|Dragonite, L50, M|
|poke|p2|Toedscruel, L50, F|
|poke|p2|Weezing-Galar, L50, F|
|poke|p2|Garchomp, L50, F|
|poke|p2|Kilowattrel, L50, M|
|poke|p2|Weavile, L50, M|
|poke|p2|Typhlosion-Hisui, L50, F|
|teampreview|4
|showteam|p1|Archaludon||PowerHerb|Sturdy|Protect,ElectroShot,DracoMeteor,FlashCannon|||M|||50|,,,,,Electric]Porygon2||Eviolite|Download|TeraBlast,IceBeam,Recover,TrickRoom||||||50|,,,,,Fighting]Incineroar||SitrusBerry|Intimidate|FlareBlitz,KnockOff,FakeOut,PartingShot|||M|||50|,,,,,Ghost]Ursaluna||FlameOrb|Guts|HeadlongRush,Facade,Earthquake,Protect|||M|||50|,,,,,Ghost]Sneasler||FocusSash|Unburden|Protect,CloseCombat,DireClaw,ThroatChop|||F|||50|,,,,,Stellar]Dragonite||LoadedDice|Multiscale|ScaleShot,Tailwind,Haze,Protect|||M|||50|,,,,,Steel
|showteam|p2|Toedscruel||CovertCloak|MyceliumMight|Spore,RagePowder,AcidSpray,EarthPower|||F|||50|,,,,,Water]Weezing-Galar||ChoiceSpecs|NeutralizingGas|DazzlingGleam,SludgeBomb,StrangeSteam,TeraBlast|||F|||50|,,,,,Water]Garchomp||LifeOrb|RoughSkin|Protect,Earthquake,DragonClaw,StompingTantrum|||F|||50|,,,,,Ground]Kilowattrel||FocusSash|Competitive|Discharge,AirSlash,Tailwind,Protect|||M|||50|,,,,,Ghost]Weavile||WideLens|Pressure|TripleAxel,KnockOff,FakeOut,Protect|||M|||50|,,,,,Ghost]Typhlosion-Hisui||ChoiceScarf|Blaze|Eruption,HeatWave,ShadowBall,SleepTalk|||F|||50|,,,,,Fire
|inactive|Battle timer is ON: inactive players will automatically lose when time's up. (requested by marcusquinn)
|
|t:|1755544711
|teamsize|p1|4
|teamsize|p2|4
|start
|switch|p1a: Sneasler|Sneasler, L50, F|100/100
|switch|p1b: Incineroar|Incineroar, L50, M, shiny|100/100
|switch|p2a: Weavile|Weavile, L50, M|100/100
|switch|p2b: Garchomp|Garchomp, L50, F|100/100
|-ability|p2a: Weavile|Pressure
|-ability|p1b: Incineroar|Intimidate|boost
|-unboost|p2a: Weavile|atk|1
|-unboost|p2b: Garchomp|atk|1
|turn|1
|inactive|marcusquinn has 30 seconds left.
|inactive|Harry Koekenpan has 30 seconds left.
|
|t:|1755544741
|-terastallize|p1b: Incineroar|Ghost
|move|p1a: Sneasler|Protect|p1a: Sneasler
|-singleturn|p1a: Sneasler|Protect
|move|p2a: Weavile|Fake Out|p1b: Incineroar
|-immune|p1b: Incineroar
|move|p2b: Garchomp|Stomping Tantrum|p1a: Sneasler
|-activate|p1a: Sneasler|move: Protect
|move|p1b: Incineroar|Flare Blitz|p2a: Weavile
|-supereffective|p2a: Weavile
|-damage|p2a: Weavile|0 fnt
|faint|p2a: Weavile
|-damage|p1b: Incineroar|77/100|[from] Recoil
|
|upkeep
|
|t:|1755544751
|switch|p2a: Typhlosion|Typhlosion-Hisui, L50, F|100/100
|turn|2
|inactive|marcusquinn has 30 seconds left.
|inactive|marcusquinn has 20 seconds left.
|inactive|marcusquinn has 15 seconds left.
|inactive|marcusquinn has 10 seconds left.
|
|t:|1755544798
|-terastallize|p2a: Typhlosion|Fire
|move|p2a: Typhlosion|Eruption|p1b: Incineroar|[spread] p1a,p1b
|-enditem|p1a: Sneasler|Focus Sash
|-damage|p1a: Sneasler|1/100
|-damage|p1b: Incineroar|0 fnt
|faint|p1b: Incineroar
|move|p1a: Sneasler|Dire Claw|p2a: Typhlosion
|-damage|p2a: Typhlosion|28/100
|-status|p2a: Typhlosion|slp
|move|p2b: Garchomp|Dragon Claw|p1a: Sneasler
|-damage|p1a: Sneasler|0 fnt
|faint|p1a: Sneasler
|-damage|p2b: Garchomp|91/100|[from] item: Life Orb
|
|upkeep
|
|t:|1755544815
|switch|p1a: Porygon2|Porygon2, L50, shiny|100/100
|switch|p1b: Archaludon|Archaludon, L50, M|100/100
|-ability|p1a: Porygon2|Download|boost
|-boost|p1a: Porygon2|spa|1
|turn|3
|
|t:|1755544832
|switch|p2a: Kilowattrel|Kilowattrel, L50, M|100/100
|move|p2b: Garchomp|Earthquake|p1b: Archaludon|[spread] p1a,p1b
|-immune|p2a: Kilowattrel
|-supereffective|p1b: Archaludon
|-damage|p1a: Porygon2|80/100
|-damage|p1b: Archaludon|42/100
|-damage|p2b: Garchomp|81/100|[from] item: Life Orb
|move|p1b: Archaludon|Electro Shot||[still]
|-prepare|p1b: Archaludon|Electro Shot
|-boost|p1b: Archaludon|spa|1
|-enditem|p1b: Archaludon|Power Herb
|-anim|p1b: Archaludon|Electro Shot|p2a: Kilowattrel
|-enditem|p2a: Kilowattrel|Focus Sash
|-damage|p2a: Kilowattrel|1/100
|move|p1a: Porygon2|Trick Room|p1a: Porygon2
|-fieldstart|move: Trick Room|[of] p1a: Porygon2
|
|upkeep
|turn|4
|
|t:|1755544855
|move|p2b: Garchomp|Protect|p2b: Garchomp
|-singleturn|p2b: Garchomp|Protect
|move|p2a: Kilowattrel|Protect|p2a: Kilowattrel
|-singleturn|p2a: Kilowattrel|Protect
|move|p1a: Porygon2|Ice Beam|p2b: Garchomp
|-activate|p2b: Garchomp|move: Protect
|move|p1b: Archaludon|Flash Cannon|p2a: Kilowattrel
|-activate|p2a: Kilowattrel|move: Protect
|
|upkeep
|turn|5
|
|t:|1755544870
|move|p1a: Porygon2|Ice Beam|p2b: Garchomp
|-supereffective|p2b: Garchomp
|-damage|p2b: Garchomp|0 fnt
|faint|p2b: Garchomp
|move|p1b: Archaludon|Flash Cannon|p2a: Kilowattrel
|-resisted|p2a: Kilowattrel
|-damage|p2a: Kilowattrel|0 fnt
|faint|p2a: Kilowattrel
|
|upkeep
|
|t:|1755544877
|switch|p2b: Typhlosion|Typhlosion-Hisui, L50, F, tera:Fire|28/100 slp
|turn|6
|
|t:|1755544890
|move|p1a: Porygon2|Tera Blast|p2b: Typhlosion
|-damage|p2b: Typhlosion|0 fnt
|faint|p2b: Typhlosion
|
|win|marcusquinn
|raw|marcusquinn's rating: 1176 → 1204(+28 for winning)
|raw|Harry Koekenpan's rating: 1224 → 1196(-28 for losing)
|l|☆Harry Koekenpan
|player|p2|
