|j|☆edhen
|j|☆Xablauloco123
|html|edhenXablauloco123    
|uhtml|bestof|Game 1 of a best-of-3
|t:|1756864101
|gametype|doubles
|player|p1|edhen|clair|1245
|player|p2|Xablauloco123|102|1208
|gen|9
|tier|[Gen 9] VGC 2025 Reg H (Bo3)
|rated|
|rule|Species Clause: Limit one of each Pokémon
|rule|Item Clause: Limit 1 of each item
|clearpoke
|poke|p1|Politoed, L50, F|
|poke|p1|Archaludon, L50, F|
|poke|p1|Comfey, L50, M|
|poke|p1|Rillaboom, L50, M|
|poke|p1|Basculegion, L50, M|
|poke|p1|Kilowattrel, L50, F|
|poke|p2|Sylveon, L50, F|
|poke|p2|Tauros-Paldea-Aqua, L50, M|
|poke|p2|Talonflame, L50, M|
|poke|p2|Oranguru, L50, F|
|poke|p2|Tyranitar, L50, M|
|poke|p2|Kingambit, L50, M|
|teampreview|4
|showteam|p1|Politoed||Leftovers|Drizzle|Protect,MuddyWater,Haze,Hypnosis|||F|||50|,,,,,Grass]Archaludon||AssaultVest|Stamina|ElectroShot,BodyPress,FlashCannon,DragonPulse|||F|||50|,,,,,Grass]Comfey||WikiBerry|Triage|Protect,FloralHealing,DrainingKiss,Taunt|||M|||50|,,,,,Steel]Rillaboom||LoadedDice|GrassySurge|BulletSeed,GrassyGlide,FakeOut,HighHorsepower|||M|||50|,,,,,Fire]Basculegion||ChoiceBand|SwiftSwim|LastRespects,WaveCrash,AquaJet,FlipTurn|||M|||50|,,,,,Water]Kilowattrel||CovertCloak|WindPower|Tailwind,Protect,Hurricane,VoltSwitch|||F|||50|,,,,,Fairy
|showteam|p2|Sylveon||ThroatSpray|Pixilate|HyperVoice,Protect,TeraBlast,Psychic|||F|||50|,,,,,Water]Tauros-Paldea-Aqua||MirrorHerb|Intimidate|WaveCrash,CloseCombat,RockSlide,Protect|||M|||50|,,,,,Grass]Talonflame||CovertCloak|GaleWings|Tailwind,BraveBird,WillOWisp,FlareBlitz|||M|||50|,,,,,Ghost]Oranguru||MentalHerb|InnerFocus|TrickRoom,Instruct,Encore,Protect|||F|||50|,,,,,Dark]Tyranitar||AssaultVest|SandStream|Earthquake,RockSlide,LowKick,KnockOff|||M|||50|,,,,,Fairy]Kingambit||SafetyGoggles|Defiant|KowtowCleave,SuckerPunch,SwordsDance,Protect|||M|||50|,,,,,Flying
|inactive|Battle timer is ON: inactive players will automatically lose when time's up. (requested by edhen)
|
|t:|1756864166
|teamsize|p1|4
|teamsize|p2|4
|start
|switch|p1a: Archaludon|Archaludon, L50, F|100/100
|switch|p1b: Kilowattrel|Kilowattrel, L50, F|100/100
|switch|p2a: mario lucio|Oranguru, L50, F, shiny|100/100
|switch|p2b: bobbie gudis|Tyranitar, L50, M|100/100
|-weather|Sandstorm|[from] ability: Sand Stream|[of] p2b: bobbie gudis
|turn|1
|
|t:|1756864189
|move|p2a: mario lucio|Protect|p2a: mario lucio
|-singleturn|p2a: mario lucio|Protect
|move|p1b: Kilowattrel|Volt Switch|p2b: bobbie gudis
|-damage|p2b: bobbie gudis|87/100
|
|t:|1756864193
|switch|p1b: Politoed|Politoed, L50, F|100/100|[from] Volt Switch
|-weather|RainDance|[from] ability: Drizzle|[of] p1b: Politoed
|move|p2b: bobbie gudis|Rock Slide|p1b: Politoed|[spread] p1a,p1b
|-resisted|p1a: Archaludon
|-damage|p1a: Archaludon|90/100
|-damage|p1b: Politoed|74/100
|-ability|p1a: Archaludon|Stamina|boost
|-boost|p1a: Archaludon|def|1
|move|p1a: Archaludon|Electro Shot||[still]
|-prepare|p1a: Archaludon|Electro Shot
|-boost|p1a: Archaludon|spa|1
|-anim|p1a: Archaludon|Electro Shot|p2b: bobbie gudis
|-damage|p2b: bobbie gudis|45/100
|
|-weather|RainDance|[upkeep]
|-heal|p1b: Politoed|80/100|[from] item: Leftovers
|upkeep
|turn|2
|
|t:|1756864215
|move|p2b: bobbie gudis|Low Kick|p1a: Archaludon
|-supereffective|p1a: Archaludon
|-damage|p1a: Archaludon|64/100
|-ability|p1a: Archaludon|Stamina|boost
|-boost|p1a: Archaludon|def|1
|move|p1a: Archaludon|Electro Shot||[still]
|-prepare|p1a: Archaludon|Electro Shot
|-boost|p1a: Archaludon|spa|1
|-anim|p1a: Archaludon|Electro Shot|p2b: bobbie gudis
|-damage|p2b: bobbie gudis|0 fnt
|faint|p2b: bobbie gudis
|move|p1b: Politoed|Hypnosis|p2a: mario lucio
|-status|p2a: mario lucio|slp|[from] move: Hypnosis
|cant|p2a: mario lucio|slp
|
|-weather|RainDance|[upkeep]
|-heal|p1b: Politoed|86/100|[from] item: Leftovers
|upkeep
|
|t:|1756864233
|switch|p2b: jennifer lopes|Sylveon, L50, F|100/100
|turn|3
|
|t:|1756864243
|switch|p1b: Comfey|Comfey, L50, M|100/100
|move|p1a: Archaludon|Electro Shot||[still]
|-prepare|p1a: Archaludon|Electro Shot
|-boost|p1a: Archaludon|spa|1
|-anim|p1a: Archaludon|Electro Shot|p2b: jennifer lopes
|-damage|p2b: jennifer lopes|22/100
|move|p2b: jennifer lopes|Hyper Voice|p1a: Archaludon|[spread] p1a,p1b
|-damage|p1a: Archaludon|35/100
|-damage|p1b: Comfey|66/100
|-ability|p1a: Archaludon|Stamina|boost
|-boost|p1a: Archaludon|def|1
|-enditem|p2b: jennifer lopes|Throat Spray
|-boost|p2b: jennifer lopes|spa|1|[from] item: Throat Spray
|cant|p2a: mario lucio|slp
|
|-weather|RainDance|[upkeep]
|upkeep
|turn|4
|
|t:|1756864260
|move|p2b: jennifer lopes|Protect|p2b: jennifer lopes
|-singleturn|p2b: jennifer lopes|Protect
|move|p1b: Comfey|Floral Healing|p1a: Archaludon
|-heal|p1a: Archaludon|85/100
|move|p1a: Archaludon|Electro Shot||[still]
|-prepare|p1a: Archaludon|Electro Shot
|-boost|p1a: Archaludon|spa|1
|-anim|p1a: Archaludon|Electro Shot|p2a: mario lucio
|-damage|p2a: mario lucio|13/100 slp
|-curestatus|p2a: mario lucio|slp|[msg]
|move|p2a: mario lucio|Trick Room|p2a: mario lucio
|-fieldstart|move: Trick Room|[of] p2a: mario lucio
|
|-weather|RainDance|[upkeep]
|upkeep
|turn|5
|
|t:|1756864279
|move|p1b: Comfey|Floral Healing|p1a: Archaludon
|-heal|p1a: Archaludon|100/100
|move|p2a: mario lucio|Instruct|p2b: jennifer lopes
|-singleturn|p2b: jennifer lopes|move: Instruct|[of] p2a: mario lucio
|move|p2b: jennifer lopes|Protect||[still]
|-fail|p2b: jennifer lopes
|move|p2b: jennifer lopes|Hyper Voice|p1a: Archaludon|[spread] p1a,p1b
|-damage|p1a: Archaludon|57/100
|-damage|p1b: Comfey|9/100
|-ability|p1a: Archaludon|Stamina|boost
|-boost|p1a: Archaludon|def|1
|-enditem|p1b: Comfey|Wiki Berry|[eat]
|-heal|p1b: Comfey|42/100|[from] item: Wiki Berry
|move|p1a: Archaludon|Electro Shot||[still]
|-prepare|p1a: Archaludon|Electro Shot
|-boost|p1a: Archaludon|spa|1
|-anim|p1a: Archaludon|Electro Shot|p2b: jennifer lopes
|-damage|p2b: jennifer lopes|0 fnt
|faint|p2b: jennifer lopes
|
|-weather|none
|upkeep
|-message|Xablauloco123 forfeited.
|
|win|edhen
|l|☆Xablauloco123
|player|p2|
