|j|☆ruddyreboot
|j|☆Cococamps
|html|ruddyrebootCococamps    
|uhtml|bestof|Game 1 of a best-of-3
|t:|1757920582
|gametype|doubles
|player|p1|ruddyreboot|crasherwake|1217
|player|p2|Cococamps|169|1145
|gen|9
|tier|[Gen 9] VGC 2025 Reg H (Bo3)
|rated|
|rule|Species Clause: Limit one of each Pokémon
|rule|Item Clause: Limit 1 of each item
|clearpoke
|poke|p1|Malamar, L50, F|
|poke|p1|Farigiraf, L50, M|
|poke|p1|Ursaluna-Bloodmoon, L50, M|
|poke|p1|Smeargle, L50, M|
|poke|p1|Rillaboom, L50, F|
|poke|p1|Torkoal, L50, F|
|poke|p2|Annihilape, L50, F|
|poke|p2|Dragonite, L50, F|
|poke|p2|Incineroar, L50, M|
|poke|p2|Gholdengo, L50|
|poke|p2|Porygon2, L50|
|poke|p2|Ursaluna, L50, F|
|teampreview|4
|showteam|p1|Malamar||SafetyGoggles|Contrary|Superpower,KnockOff,TrickRoom,Protect|||F|||50|,,,,,Fire]Farigiraf||ThroatSpray|ArmorTail|Protect,TrickRoom,HyperVoice,Psychic|||M|||50|,,,,,Grass]Ursaluna-Bloodmoon||LifeOrb|MindsEye|Protect,EarthPower,HyperVoice,BloodMoon|||M|||50|,,,,,Normal]Smeargle||FocusSash|Technician|FakeOut,Decorate,Spore,FollowMe|||M|||50|,,,,,Grass]Rillaboom||AssaultVest|GrassySurge|WoodHammer,GrassyGlide,HighHorsepower,FakeOut|||F|||50|,,,,,Fire]Torkoal||Charcoal|Drought|Eruption,ClearSmog,Protect,Flamethrower|||F|||50|,,,,,Fire
|showteam|p2|Annihilape||FocusSash|Defiant|CloseCombat,RageFist,Coaching,Taunt|||F|||50|,,,,,Stellar]Dragonite||LoadedDice|Multiscale|ScaleShot,Tailwind,Haze,Protect|||F|||50|,,,,,Fairy]Incineroar||SafetyGoggles|Intimidate|FakeOut,FlareBlitz,KnockOff,PartingShot|||M|||50|,,,,,Ghost]Gholdengo||LifeOrb|GoodasGold|Protect,NastyPlot,ShadowBall,MakeItRain||||||50|,,,,,Water]Porygon2||Eviolite|Download|Recover,TeraBlast,IceBeam,TrickRoom||||||50|,,,,,Fighting]Ursaluna||FlameOrb|Guts|Protect,Earthquake,HeadlongRush,Facade|||F|||50|,,,,,Ghost
|inactive|Battle timer is ON: inactive players will automatically lose when time's up. (requested by ruddyreboot)
|
|t:|1757920611
|teamsize|p1|4
|teamsize|p2|4
|start
|switch|p1a: Malamar|Malamar, L50, F|100/100
|switch|p1b: Rillaboom|Rillaboom, L50, F|100/100
|switch|p2a: Incineroar|Incineroar, L50, M|100/100
|switch|p2b: Annihilape|Annihilape, L50, F|100/100
|-fieldstart|move: Grassy Terrain|[from] ability: Grassy Surge|[of] p1b: Rillaboom
|-ability|p2a: Incineroar|Intimidate|boost
|-boost|p1a: Malamar|atk|1
|-unboost|p1b: Rillaboom|atk|1
|turn|1
|
|t:|1757920632
|move|p2b: Annihilape|Taunt|p1a: Malamar
|-start|p1a: Malamar|move: Taunt
|move|p1b: Rillaboom|High Horsepower|p2a: Incineroar
|-supereffective|p2a: Incineroar
|-damage|p2a: Incineroar|61/100
|move|p2a: Incineroar|Flare Blitz|p1b: Rillaboom
|-supereffective|p1b: Rillaboom
|-damage|p1b: Rillaboom|0 fnt
|faint|p1b: Rillaboom
|-damage|p2a: Incineroar|29/100|[from] Recoil
|move|p1a: Malamar|Superpower|p2a: Incineroar
|-supereffective|p2a: Incineroar
|-damage|p2a: Incineroar|0 fnt
|-boost|p1a: Malamar|atk|1
|-boost|p1a: Malamar|def|1
|faint|p2a: Incineroar
|
|upkeep
|
|t:|1757920653
|switch|p1b: Ursaluna|Ursaluna-Bloodmoon, L50, M|100/100
|switch|p2a: Ursaluna|Ursaluna, L50, F|100/100
|turn|2
|
|t:|1757920665
|move|p2a: Ursaluna|Protect|p2a: Ursaluna
|-singleturn|p2a: Ursaluna|Protect
|move|p2b: Annihilape|Coaching|p2a: Ursaluna
|-boost|p2a: Ursaluna|atk|1
|-boost|p2a: Ursaluna|def|1
|move|p1b: Ursaluna|Hyper Voice|p2b: Annihilape|[spread] p2b
|-activate|p2a: Ursaluna|move: Protect
|-damage|p2b: Annihilape|51/100
|-damage|p1b: Ursaluna|91/100|[from] item: Life Orb
|move|p1a: Malamar|Knock Off|p2b: Annihilape
|-damage|p2b: Annihilape|0 fnt
|-enditem|p2b: Annihilape|Focus Sash|[from] move: Knock Off|[of] p1a: Malamar
|faint|p2b: Annihilape
|
|-heal|p1b: Ursaluna|97/100|[from] Grassy Terrain
|-status|p2a: Ursaluna|brn|[from] item: Flame Orb
|upkeep
|
|t:|1757920667
|switch|p2b: Dragonite|Dragonite, L50, F|100/100
|turn|3
|inactive|ruddyreboot has 30 seconds left.
|
|t:|1757920693
|-terastallize|p1b: Ursaluna|Normal
|-terastallize|p2a: Ursaluna|Ghost
|move|p2b: Dragonite|Tailwind|p2b: Dragonite
|-sidestart|p2: Cococamps|move: Tailwind
|move|p2a: Ursaluna|Facade|p1a: Malamar
|-damage|p1a: Malamar|0 fnt
|faint|p1a: Malamar
|move|p1b: Ursaluna|Blood Moon|p2a: Ursaluna
|-damage|p2a: Ursaluna|0 fnt
|faint|p2a: Ursaluna
|-damage|p1b: Ursaluna|87/100|[from] item: Life Orb
|
|-heal|p1b: Ursaluna|93/100|[from] Grassy Terrain
|upkeep
|
|t:|1757920703
|switch|p1a: Torkoal|Torkoal, L50, F|100/100
|-weather|SunnyDay|[from] ability: Drought|[of] p1a: Torkoal
|turn|4
|
|t:|1757920708
|move|p2b: Dragonite|Scale Shot|p1a: Torkoal
|-damage|p1a: Torkoal|90/100
|-damage|p1a: Torkoal|78/100
|-damage|p1a: Torkoal|67/100
|-damage|p1a: Torkoal|55/100
|-hitcount|p1a: Torkoal|4
|-unboost|p2b: Dragonite|def|1
|-boost|p2b: Dragonite|spe|1
|move|p1b: Ursaluna|Hyper Voice|p2b: Dragonite
|-damage|p2b: Dragonite|56/100
|-damage|p1b: Ursaluna|83/100|[from] item: Life Orb
|move|p1a: Torkoal|Flamethrower|p2b: Dragonite
|-resisted|p2b: Dragonite
|-damage|p2b: Dragonite|24/100
|
|-weather|SunnyDay|[upkeep]
|-heal|p1b: Ursaluna|89/100|[from] Grassy Terrain
|-heal|p1a: Torkoal|62/100|[from] Grassy Terrain
|upkeep
|turn|5
|
|t:|1757920723
|move|p2b: Dragonite|Scale Shot|p1b: Ursaluna
|-damage|p1b: Ursaluna|78/100
|-damage|p1b: Ursaluna|68/100
|-damage|p1b: Ursaluna|57/100
|-damage|p1b: Ursaluna|47/100
|-damage|p1b: Ursaluna|36/100
|-hitcount|p1b: Ursaluna|5
|-unboost|p2b: Dragonite|def|1
|-boost|p2b: Dragonite|spe|1
|move|p1b: Ursaluna|Hyper Voice|p2b: Dragonite
|-damage|p2b: Dragonite|0 fnt
|faint|p2b: Dragonite
|-damage|p1b: Ursaluna|27/100|[from] item: Life Orb
|
|win|ruddyreboot
||ruddyreboot is ready for game 2.
|inactive|Cococamps has 30 seconds to confirm battle start!
||Cococamps is ready for game 2.
|uhtml|next|Next: Game 2 of 3
|l|☆Cococamps
|player|p2|
