|j|☆Abhi504
|j|☆abscondia_licorice
|html|Abhi504abscondia_licorice    
|uhtml|bestof|Game 2 of a best-of-3
|t:|1785881452
|gametype|doubles
|player|p1|Abhi504|266|1144
|player|p2|abscondia_licorice|fisherman|1124
|gen|9
|tier|[Gen 9 Champions] VGC 2026 Reg M-B (Bo3)
|rated|
|rule|Species Clause: Limit one of each Pokémon
|rule|Item Clause: Limit 1 of each item
|clearpoke
|poke|p1|Pelipper, L50, F|
|poke|p1|Swampert, L50, F|
|poke|p1|Archaludon, L50, M|
|poke|p1|Ditto, L50|
|poke|p1|Staraptor, L50, F|
|poke|p1|Grimmsnarl, L50, M|
|poke|p2|Tyranitar, L50, F|
|poke|p2|Excadrill, L50, F|
|poke|p2|Gholdengo, L50|
|poke|p2|Milotic, L50, F|
|poke|p2|Sinistcha, L50|
|poke|p2|Staraptor, L50, F|
|teampreview|4
|showteam|p1|Pelipper||FocusSash|Drizzle|Hurricane,WeatherBall,Protect,WideGuard|Bold||F|||50|]Swampert||Swampertite|Torrent|WaveCrash,IcePunch,Earthquake,Protect|Adamant||F|||50|]Archaludon||LifeOrb|Stamina|ElectroShot,FlashCannon,Protect,DragonPulse|Timid||M|||50|]Ditto||SitrusBerry|Imposter|Transform|Bold|||||50|]Staraptor||Staraptite|Intimidate|Protect,Tailwind,CloseCombat,BraveBird|Jolly||F|||50|]Grimmsnarl||LightClay|Prankster|LightScreen,PartingShot,Reflect,SpiritBreak|Adamant||M|||50|
|showteam|p2|Tyranitar||Tyranitarite|SandStream|RockSlide,KnockOff,LowKick,Protect|Jolly||F|||50|]Excadrill||FocusSash|SandRush|HighHorsepower,IronHead,RockSlide,Protect|Adamant||F|||50|]Gholdengo||LifeOrb|GoodasGold|MakeItRain,ShadowBall,NastyPlot,Protect|Modest|||||50|]Milotic||SitrusBerry|Competitive|Scald,IceBeam,IcyWind,Protect|Calm||F|||50|]Sinistcha||ColburBerry|Hospitality|MatchaGotcha,ShadowBall,RagePowder,Protect|Bold|||||50|]Staraptor||Staraptite|Intimidate|BraveBird,CloseCombat,Tailwind,Protect|Jolly||F|||50|
|inactive|Battle timer is ON: inactive players will automatically lose when time's up. (requested by abscondia_licorice)
|
|t:|1785881469
|teamsize|p1|4
|teamsize|p2|4
|start
|switch|p1a: Staraptor|Staraptor, L50, F|100/100
|switch|p1b: Grimmsnarl|Grimmsnarl, L50, M|100/100
|switch|p2a: Sinistcha|Sinistcha, L50|100/100
|switch|p2b: Gholdengo|Gholdengo, L50|100/100
|-ability|p1a: Staraptor|Intimidate|boost
|-unboost|p2a: Sinistcha|atk|1
|-unboost|p2b: Gholdengo|atk|1
|turn|1
|inactive|Abhi504 has 30 seconds left.
|
|t:|1785881503
|detailschange|p1a: Staraptor|Staraptor-Mega, L50, F
|-mega|p1a: Staraptor|Staraptor|Staraptite
|move|p1a: Staraptor|Protect|p1a: Staraptor
|-singleturn|p1a: Staraptor|Protect
|move|p2a: Sinistcha|Protect|p2a: Sinistcha
|-singleturn|p2a: Sinistcha|Protect
|move|p1b: Grimmsnarl|Light Screen|p1b: Grimmsnarl
|-sidestart|p1: Abhi504|move: Light Screen
|move|p2b: Gholdengo|Nasty Plot|p2b: Gholdengo
|-boost|p2b: Gholdengo|spa|2
|
|upkeep
|turn|2
|inactive|Abhi504 has 30 seconds left.
|inactive|Abhi504 has 20 seconds left.
|
|t:|1785881541
|switch|p1a: Pelipper|Pelipper, L50, F|100/100
|-weather|RainDance|[from] ability: Drizzle|[of] p1a: Pelipper
|switch|p2a: Tyranitar|Tyranitar, L50, F|100/100
|-weather|Sandstorm|[from] ability: Sand Stream|[of] p2a: Tyranitar
|move|p2b: Gholdengo|Nasty Plot|p2b: Gholdengo
|-boost|p2b: Gholdengo|spa|2
|move|p1b: Grimmsnarl|Spirit Break|p2b: Gholdengo
|-resisted|p2b: Gholdengo|1
|-damage|p2b: Gholdengo|76/100
|-unboost|p2b: Gholdengo|spa|1
|
|-weather|Sandstorm|[upkeep]
|-damage|p1a: Pelipper|94/100|[from] Sandstorm
|-damage|p1b: Grimmsnarl|94/100|[from] Sandstorm
|upkeep
|turn|3
|inactive|Abhi504 has 30 seconds left.
|inactive|abscondia_licorice has 30 seconds left.
|
|t:|1785881572
|move|p1a: Pelipper|Wide Guard|p1a: Pelipper
|-singleturn|p1a: Pelipper|Wide Guard
|move|p2b: Gholdengo|Shadow Ball|p1b: Grimmsnarl
|-resisted|p1b: Grimmsnarl|1
|-damage|p1b: Grimmsnarl|44/100
|-damage|p2b: Gholdengo|67/100|[from] item: Life Orb
|move|p2a: Tyranitar|Rock Slide|p1a: Pelipper|[spread] 
|-activate|p1a: Pelipper|move: Wide Guard
|-activate|p1b: Grimmsnarl|move: Wide Guard
|move|p1b: Grimmsnarl|Spirit Break|p2b: Gholdengo
|-resisted|p2b: Gholdengo|1
|-damage|p2b: Gholdengo|46/100
|-unboost|p2b: Gholdengo|spa|1
|
|-weather|Sandstorm|[upkeep]
|-damage|p1a: Pelipper|88/100|[from] Sandstorm
|-damage|p1b: Grimmsnarl|38/100|[from] Sandstorm
|upkeep
|turn|4
|inactive|Abhi504 has 30 seconds left.
|
|t:|1785881601
|switch|p2a: Sinistcha|Sinistcha, L50|100/100
|-heal|p2b: Gholdengo|71/100|[from] ability: Hospitality|[of] p2a: Sinistcha
|move|p1a: Pelipper|Wide Guard|p1a: Pelipper
|-singleturn|p1a: Pelipper|Wide Guard
|move|p2b: Gholdengo|Shadow Ball|p1b: Grimmsnarl
|-resisted|p1b: Grimmsnarl|1
|-damage|p1b: Grimmsnarl|0 fnt
|faint|p1b: Grimmsnarl
|-damage|p2b: Gholdengo|61/100|[from] item: Life Orb
|
|-weather|Sandstorm|[upkeep]
|-damage|p2a: Sinistcha|94/100|[from] Sandstorm
|-damage|p1a: Pelipper|82/100|[from] Sandstorm
|upkeep
|
|t:|1785881621
|switch|p1b: Archaludon|Archaludon, L50, M|100/100
|turn|5
|inactive|abscondia_licorice has 30 seconds left.
|
|t:|1785881655
|switch|p1a: Staraptor|Staraptor-Mega, L50, F|100/100
|move|p1b: Archaludon|Protect|p1b: Archaludon
|-singleturn|p1b: Archaludon|Protect
|move|p2a: Sinistcha|Protect|p2a: Sinistcha
|-singleturn|p2a: Sinistcha|Protect
|move|p2b: Gholdengo|Shadow Ball|p1b: Archaludon
|-activate|p1b: Archaludon|move: Protect
|
|-weather|Sandstorm|[upkeep]
|-damage|p1a: Staraptor|93/100|[from] Sandstorm
|-damage|p2a: Sinistcha|88/100|[from] Sandstorm
|upkeep
|turn|6
|inactive|Abhi504 has 30 seconds left.
|
|t:|1785881682
|switch|p2a: Tyranitar|Tyranitar, L50, F|100/100
|move|p1a: Staraptor|Close Combat|p2a: Tyranitar
|-supereffective|p2a: Tyranitar|2
|-damage|p2a: Tyranitar|0 fnt
|-boost|p1a: Staraptor|def|1
|-boost|p1a: Staraptor|spd|1
|faint|p2a: Tyranitar
|move|p1b: Archaludon|Flash Cannon|p2b: Gholdengo
|-resisted|p2b: Gholdengo|1
|-damage|p2b: Gholdengo|33/100
|-damage|p1b: Archaludon|90/100|[from] item: Life Orb
|move|p2b: Gholdengo|Shadow Ball|p1b: Archaludon
|-damage|p1b: Archaludon|0 fnt
|faint|p1b: Archaludon
|-damage|p2b: Gholdengo|23/100|[from] item: Life Orb
|
|-weather|none
|upkeep
|
|t:|1785881699
|switch|p1b: Pelipper|Pelipper, L50, F|82/100
|switch|p2a: Sinistcha|Sinistcha, L50|88/100
|-weather|RainDance|[from] ability: Drizzle|[of] p1b: Pelipper
|-heal|p2b: Gholdengo|48/100|[from] ability: Hospitality|[of] p2a: Sinistcha
|turn|7
|
|t:|1785881714
|move|p2a: Sinistcha|Rage Powder|p2a: Sinistcha
|-singleturn|p2a: Sinistcha|move: Rage Powder
|move|p1a: Staraptor|Brave Bird|p2a: Sinistcha
|-supereffective|p2a: Sinistcha|1
|-damage|p2a: Sinistcha|0 fnt
|faint|p2a: Sinistcha
|-damage|p1a: Staraptor|62/100|[from] Recoil
|move|p2b: Gholdengo|Shadow Ball|p1a: Staraptor
|-damage|p1a: Staraptor|3/100
|-damage|p2b: Gholdengo|39/100|[from] item: Life Orb
|move|p1b: Pelipper|Weather Ball|p2b: Gholdengo
|-damage|p2b: Gholdengo|0 fnt
|faint|p2b: Gholdengo
|
|-weather|RainDance|[upkeep]
|upkeep
|
|t:|1785881730
|switch|p2a: Staraptor|Staraptor, L50, F|100/100
|-ability|p2a: Staraptor|Intimidate|boost
|-boost|p1a: Staraptor|atk|1
|-unboost|p1b: Pelipper|atk|1
|turn|8
|
|t:|1785881743
|detailschange|p2a: Staraptor|Staraptor-Mega, L50, F
|-mega|p2a: Staraptor|Staraptor|Staraptite
|move|p1a: Staraptor|Brave Bird|p2a: Staraptor
|-supereffective|p2a: Staraptor|1
|-damage|p2a: Staraptor|0 fnt
|faint|p2a: Staraptor
|-damage|p1a: Staraptor|0 fnt|[from] Recoil
|faint|p1a: Staraptor
|
|win|Abhi504
||Abhi504 is ready for game 3.
