|j|☆predatorssg
|j|☆NemoAK
|html|predatorssgNemoAK    
|uhtml|bestof|Game 2 of a best-of-3
|t:|1786112544
|gametype|doubles
|player|p1|predatorssg|101|1214
|player|p2|NemoAK|170|1255
|gen|9
|tier|[Gen 9 Champions] VGC 2026 Reg M-B (Bo3)
|rated|
|rule|Species Clause: Limit one of each Pokémon
|rule|Item Clause: Limit 1 of each item
|clearpoke
|poke|p1|Archaludon, L50, M|
|poke|p1|Pelipper, L50, F|
|poke|p1|Grimmsnarl, L50, M|
|poke|p1|Swampert, L50, M|
|poke|p1|Talonflame, L50, M|
|poke|p1|Floette-Eternal, L50, F|
|poke|p2|Staraptor, L50, M|
|poke|p2|Sylveon, L50, F|
|poke|p2|Basculegion, L50, M|
|poke|p2|Farigiraf, L50, M|
|poke|p2|Garchomp, L50, M|
|poke|p2|Camerupt, L50, M|
|teampreview|4
|showteam|p1|Archaludon||Leftovers|Stamina|ElectroShot,AuraSphere,FlashCannon,Protect|Modest||M|||50|]Pelipper||SitrusBerry|Drizzle|HelpingHand,WeatherBall,Hurricane,WideGuard|Modest||F|||50|]Grimmsnarl||LightClay|Prankster|PartingShot,SpiritBreak,Reflect,LightScreen|Calm||M|||50|]Swampert||Swampertite|Torrent|WaveCrash,Earthquake,IcePunch,Protect|Adamant||M|||50|]Talonflame||SharpBeak|GaleWings|Protect,Tailwind,RainDance,DualWingbeat|Jolly||M|||50|]Floette-Eternal||Floettite|FlowerVeil|DazzlingGleam,Moonblast,LightofRuin,Protect|Modest||F|||50|
|showteam|p2|Staraptor||Staraptite|Intimidate|CloseCombat,BraveBird,Tailwind,Protect|Jolly||M|||50|]Sylveon||FairyFeather|Pixilate|HyperVoice,QuickAttack,Yawn,Protect|Modest||F|||50|]Basculegion||ChoiceScarf|Adaptability|LastRespects,WaveCrash,AquaJet,FlipTurn|Adamant||M|||50|]Farigiraf||SitrusBerry|ArmorTail|Psychic,HyperVoice,TrickRoom,HelpingHand|Quiet||M|||50|]Garchomp||LifeOrb|RoughSkin|Earthquake,RockSlide,ScaleShot,Protect|Jolly||M|||50|]Camerupt||Cameruptite|MagmaArmor|HeatWave,EarthPower,AncientPower,Protect|Quiet||M|||50|
|
|t:|1786112557
|teamsize|p1|4
|teamsize|p2|4
|start
|switch|p1a: Grimmsnarl|Grimmsnarl, L50, M|100/100
|switch|p1b: Floette|Floette-Eternal, L50, F|100/100
|switch|p2a: Princess|Sylveon, L50, F|100/100
|switch|p2b: 6”3|Farigiraf, L50, M|100/100
|turn|1
|
|t:|1786112565
|detailschange|p1b: Floette|Floette-Mega, L50, F
|-mega|p1b: Floette|Floette|Floettite
|-ability|p1b: Floette|Fairy Aura
|move|p1a: Grimmsnarl|Light Screen|p1a: Grimmsnarl
|-sidestart|p1: predatorssg|move: Light Screen
|move|p1b: Floette|Dazzling Gleam|p2a: Princess|[spread] p2a,p2b
|-damage|p2a: Princess|58/100
|-damage|p2b: 6”3|56/100
|move|p2a: Princess|Hyper Voice|p1a: Grimmsnarl|[spread] p1a,p1b
|-supereffective|p1a: Grimmsnarl|1
|-damage|p1a: Grimmsnarl|16/100
|-damage|p1b: Floette|63/100
|move|p2b: 6”3|Trick Room|p2b: 6”3
|-fieldstart|move: Trick Room|[of] p2b: 6”3
|
|upkeep
|turn|2
|
|t:|1786112578
|move|p2b: 6”3|Helping Hand|p2a: Princess
|-singleturn|p2a: Princess|Helping Hand|[of] p2b: 6”3
|move|p1a: Grimmsnarl|Spirit Break|p2a: Princess
|-damage|p2a: Princess|19/100
|-unboost|p2a: Princess|spa|1
|move|p2a: Princess|Hyper Voice|p1b: Floette|[spread] p1a,p1b
|-supereffective|p1a: Grimmsnarl|1
|-crit|p1a: Grimmsnarl
|-damage|p1a: Grimmsnarl|0 fnt
|-damage|p1b: Floette|29/100
|faint|p1a: Grimmsnarl
|move|p1b: Floette|Dazzling Gleam|p2b: 6”3|[spread] p2a,p2b
|-damage|p2a: Princess|0 fnt
|-damage|p2b: 6”3|13/100
|-enditem|p2b: 6”3|Sitrus Berry|[eat]
|-heal|p2b: 6”3|38/100|[from] item: Sitrus Berry
|faint|p2a: Princess
|
|upkeep
|
|t:|1786112587
|switch|p1a: Archaludon|Archaludon, L50, M|100/100
|switch|p2a: Pompei|Camerupt, L50, M|100/100
|turn|3
|
|t:|1786112593
|detailschange|p2a: Pompei|Camerupt-Mega, L50, M
|-mega|p2a: Pompei|Camerupt|Cameruptite
|move|p2b: 6”3|Helping Hand|p2a: Pompei
|-singleturn|p2a: Pompei|Helping Hand|[of] p2b: 6”3
|move|p1a: Archaludon|Protect|p1a: Archaludon
|-singleturn|p1a: Archaludon|Protect
|move|p1b: Floette|Protect|p1b: Floette
|-singleturn|p1b: Floette|Protect
|move|p2a: Pompei|Earth Power|p1a: Archaludon
|-activate|p1a: Archaludon|move: Protect
|
|upkeep
|turn|4
|
|t:|1786112606
|switch|p1a: Pelipper|Pelipper, L50, F|100/100
|-weather|RainDance|[from] ability: Drizzle|[of] p1a: Pelipper
|move|p2b: 6”3|Helping Hand|p2a: Pompei
|-singleturn|p2a: Pompei|Helping Hand|[of] p2b: 6”3
|move|p2a: Pompei|Heat Wave|p1b: Floette|[spread] p1a
|-miss|p2a: Pompei|p1b: Floette
|-resisted|p1a: Pelipper|1
|-damage|p1a: Pelipper|83/100
|move|p1b: Floette|Dazzling Gleam|p2b: 6”3|[spread] p2a,p2b
|-resisted|p2a: Pompei|1
|-damage|p2a: Pompei|68/100
|-damage|p2b: 6”3|0 fnt
|faint|p2b: 6”3
|
|-weather|RainDance|[upkeep]
|upkeep
|
|t:|1786112613
|switch|p2b: Toothless|Garchomp, L50, M|100/100
|turn|5
|
|t:|1786112619
|move|p2a: Pompei|Ancient Power|p1a: Pelipper
|-supereffective|p1a: Pelipper|1
|-damage|p1a: Pelipper|26/100
|-enditem|p1a: Pelipper|Sitrus Berry|[eat]
|-heal|p1a: Pelipper|51/100|[from] item: Sitrus Berry
|move|p1a: Pelipper|Weather Ball|p2b: Toothless
|-damage|p2b: Toothless|40/100
|move|p1b: Floette|Dazzling Gleam|p2b: Toothless|[spread] p2a,p2b
|-resisted|p2a: Pompei|1
|-supereffective|p2b: Toothless|1
|-damage|p2a: Pompei|37/100
|-damage|p2b: Toothless|0 fnt
|faint|p2b: Toothless
|
|-weather|RainDance|[upkeep]
|-fieldend|move: Trick Room
|upkeep
|turn|6
|-message|NemoAK forfeited.
|
|win|predatorssg
|raw|predatorssg's rating: 1214 → 1242(+28 for winning)
|raw|NemoAK's rating: 1255 → 1227(-28 for losing)
|l|☆NemoAK
|player|p2|
