|j|☆Yash-hacker-tech
|j|☆FreezyPop439
|html|Yash-hacker-techFreezyPop439    
|uhtml|bestof|Game 1 of a best-of-3
|t:|1782220213
|gametype|doubles
|player|p1|Yash-hacker-tech|170|1078
|player|p2|FreezyPop439|collector|1178
|gen|9
|tier|[Gen 9 Champions] VGC 2026 Reg M-B (Bo3)
|rated|
|rule|Species Clause: Limit one of each Pokémon
|rule|Item Clause: Limit 1 of each item
|clearpoke
|poke|p1|Raichu, L50, F|
|poke|p1|Whimsicott, L50, F|
|poke|p1|Scizor, L50, M|
|poke|p1|Malamar, L50, M|
|poke|p1|Dragonite, L50, M|
|poke|p1|Basculegion, L50, M|
|poke|p2|Garchomp, L50, M|
|poke|p2|Staraptor, L50, M|
|poke|p2|Grimmsnarl, L50, M|
|poke|p2|Gholdengo, L50|
|poke|p2|Maushold-Four, L50|
|poke|p2|Volcarona, L50, F|
|teampreview|4
|showteam|p1|Raichu||RaichuniteY|LightningRod|ZapCannon,FocusBlast,FakeOut,DazzlingGleam|Timid||F|||50|]Whimsicott||FocusSash|Prankster|Moonblast,GigaDrain,Encore,Tailwind|Timid||F|||50|]Scizor||Scizorite|Technician|BulletPunch,DualWingbeat,Protect,SwordsDance|Serious||M|||50|]Malamar||Metronome|Contrary|Superpower,TrickRoom,TopsyTurvy,Protect|Serious||M|||50|]Dragonite||WhiteHerb|Multiscale|DracoMeteor,FireBlast,IceBeam,ExtremeSpeed|Quiet||M|||50|]Basculegion||KasibBerry|Adaptability|WaveCrash,AquaJet,LastRespects,Protect|Adamant||M|||50|
|showteam|p2|Garchomp||LifeOrb|RoughSkin|Earthquake,DragonClaw,RockSlide,Protect|Jolly||M|||50|]Staraptor||Staraptite|Intimidate|BraveBird,CloseCombat,Roost,Protect|Jolly||M|||50|]Grimmsnarl||LightClay|Prankster|SpiritBreak,LightScreen,Reflect,PartingShot|Careful||M|||50|]Gholdengo||MetalCoat|GoodasGold|MakeItRain,ShadowBall,NastyPlot,Protect|Modest|||||50|]Maushold-Four||FocusSash|FriendGuard|FollowMe,Charm,SuperFang,Protect|Jolly|||||50|]Volcarona||ChartiBerry|FlameBody|HeatWave,StruggleBug,RagePowder,Tailwind|Timid||F|||50|
|inactive|Battle timer is ON: inactive players will automatically lose when time's up. (requested by Yash-hacker-tech)
|
|t:|1782220259
|teamsize|p1|4
|teamsize|p2|4
|start
|switch|p1a: Whimsicott|Whimsicott, L50, F|100/100
|switch|p1b: Raichu|Raichu, L50, F|100/100
|switch|p2a: Volcarona|Volcarona, L50, F|100/100
|switch|p2b: Staraptor|Staraptor, L50, M|100/100
|-ability|p2b: Staraptor|Intimidate|boost
|-unboost|p1a: Whimsicott|atk|1
|-unboost|p1b: Raichu|atk|1
|turn|1
|inactive|FreezyPop439 has 30 seconds left.
|
|t:|1782220286
|detailschange|p1b: Raichu|Raichu-Mega-Y, L50, F
|-mega|p1b: Raichu|Raichu|Raichunite Y
|detailschange|p2b: Staraptor|Staraptor-Mega, L50, M
|-mega|p2b: Staraptor|Staraptor|Staraptite
|move|p2b: Staraptor|Protect|p2b: Staraptor
|-singleturn|p2b: Staraptor|Protect
|move|p1a: Whimsicott|Tailwind|p1a: Whimsicott
|-sidestart|p1: Yash-hacker-tech|move: Tailwind
|move|p1b: Raichu|Zap Cannon|p2b: Staraptor
|-activate|p2b: Staraptor|move: Protect
|move|p2a: Volcarona|Struggle Bug|p1b: Raichu|[spread] p1a,p1b
|-damage|p1a: Whimsicott|73/100
|-damage|p1b: Raichu|74/100
|-unboost|p1a: Whimsicott|spa|1
|-unboost|p1b: Raichu|spa|1
|
|upkeep
|turn|2
|inactive|Yash-hacker-tech has 30 seconds left.
|
|t:|1782220315
|switch|p1a: Basculegion|Basculegion, L50, M|100/100
|switch|p2b: Garchomp|Garchomp, L50, M|100/100
|move|p1b: Raichu|Zap Cannon|p2b: Garchomp
|-immune|p2b: Garchomp
|move|p2a: Volcarona|Heat Wave|p1b: Raichu|[spread] p1a,p1b
|-resisted|p1a: Basculegion|1
|-damage|p1a: Basculegion|82/100
|-damage|p1b: Raichu|29/100
|
|upkeep
|turn|3
|inactive|FreezyPop439 has 30 seconds left.
|inactive|FreezyPop439 has 20 seconds left.
|
|t:|1782220354
|switch|p1b: Dragonite|Dragonite, L50, M|100/100
|move|p1a: Basculegion|Wave Crash|p2a: Volcarona
|-supereffective|p2a: Volcarona|1
|-crit|p2a: Volcarona
|-damage|p2a: Volcarona|0 fnt
|faint|p2a: Volcarona
|-damage|p1a: Basculegion|52/100|[from] Recoil
|move|p2b: Garchomp|Rock Slide|p1a: Basculegion|[spread] p1b
|-miss|p2b: Garchomp|p1a: Basculegion
|-supereffective|p1b: Dragonite|1
|-damage|p1b: Dragonite|77/100
|-damage|p2b: Garchomp|90/100|[from] item: Life Orb
|
|upkeep
|
|t:|1782220375
|switch|p2a: Maushold|Maushold-Four, L50|100/100
|turn|4
|
|t:|1782220395
|move|p2a: Maushold|Protect|p2a: Maushold
|-singleturn|p2a: Maushold|Protect
|move|p2b: Garchomp|Protect|p2b: Garchomp
|-singleturn|p2b: Garchomp|Protect
|move|p1a: Basculegion|Wave Crash|p2a: Maushold
|-activate|p2a: Maushold|move: Protect
|move|p1b: Dragonite|Ice Beam|p2b: Garchomp
|-activate|p2b: Garchomp|move: Protect
|
|-sideend|p1: Yash-hacker-tech|move: Tailwind
|upkeep
|turn|5
|
|t:|1782220415
|move|p2a: Maushold|Follow Me|p2a: Maushold
|-singleturn|p2a: Maushold|move: Follow Me
|move|p2b: Garchomp|Dragon Claw|p1a: Basculegion
|-crit|p1a: Basculegion
|-damage|p1a: Basculegion|0 fnt
|faint|p1a: Basculegion
|-damage|p2b: Garchomp|80/100|[from] item: Life Orb
|move|p1b: Dragonite|Ice Beam|p2a: Maushold
|-damage|p2a: Maushold|63/100
|-status|p2a: Maushold|frz
|
|upkeep
|
|t:|1782220423
|switch|p1a: Raichu|Raichu-Mega-Y, L50, F|29/100
|turn|6
|
|t:|1782220440
|cant|p2a: Maushold|frz
|move|p2b: Garchomp|Protect|p2b: Garchomp
|-singleturn|p2b: Garchomp|Protect
|move|p1a: Raichu|Focus Blast|p2a: Maushold
|-supereffective|p2a: Maushold|1
|-damage|p2a: Maushold|0 fnt
|faint|p2a: Maushold
|move|p1b: Dragonite|Draco Meteor|p2b: Garchomp
|-activate|p2b: Garchomp|move: Protect
|
|upkeep
|
|t:|1782220447
|switch|p2a: Staraptor|Staraptor-Mega, L50, M|100/100
|turn|7
|inactive|Yash-hacker-tech has 30 seconds left.
|
|t:|1782220475
|move|p1a: Raichu|Zap Cannon|p2a: Staraptor
|-supereffective|p2a: Staraptor|1
|-damage|p2a: Staraptor|0 fnt
|faint|p2a: Staraptor
|move|p2b: Garchomp|Rock Slide|p1b: Dragonite|[spread] p1a,p1b
|-supereffective|p1b: Dragonite|1
|-damage|p1a: Raichu|0 fnt
|-damage|p1b: Dragonite|27/100
|faint|p1a: Raichu
|-damage|p2b: Garchomp|70/100|[from] item: Life Orb
|move|p1b: Dragonite|Ice Beam|p2b: Garchomp
|-supereffective|p2b: Garchomp|2
|-damage|p2b: Garchomp|0 fnt
|faint|p2b: Garchomp
|
|win|Yash-hacker-tech
