|j|☆anderitur
|j|☆tomnumbers
|html|anderiturtomnumbers    
|uhtml|bestof|Game 1 of a best-of-3
|t:|1756276456
|gametype|doubles
|player|p1|anderitur|1|1202
|player|p2|tomnumbers|gambler|1245
|gen|9
|tier|[Gen 9] VGC 2025 Reg H (Bo3)
|rated|
|rule|Species Clause: Limit one of each Pokémon
|rule|Item Clause: Limit 1 of each item
|clearpoke
|poke|p1|Grimmsnarl, L50, M|
|poke|p1|Sinistcha, L50|
|poke|p1|Archaludon, L50, M|
|poke|p1|Maushold, L50|
|poke|p1|Pelipper, L50, F|
|poke|p1|Annihilape, L50, M|
|poke|p2|Electabuzz, L50, M|
|poke|p2|Volcarona, L50, M|
|poke|p2|Dragonite, L50, F|
|poke|p2|Rillaboom, L50, F|
|poke|p2|Gholdengo, L50|
|poke|p2|Ursaluna-Bloodmoon, L50, M|
|teampreview|4
|showteam|p1|Grimmsnarl||LightClay|Prankster|SpiritBreak,ThunderWave,Reflect,LightScreen|||M|||50|,,,,,Ghost]Sinistcha||SitrusBerry|Hospitality|MatchaGotcha,LifeDew,RagePowder,TrickRoom||||||50|,,,,,Dark]Archaludon||AssaultVest|Stamina|ElectroShot,FlashCannon,BodyPress,Snarl|||M|||50|,,,,,Grass]Maushold||SafetyGoggles|FriendGuard|BeatUp,Taunt,FollowMe,Protect||||||50|,,,,,Ghost]Pelipper||FocusSash|Drizzle|Hurricane,WeatherBall,Tailwind,Protect|||F|||50|,,,,,Ghost]Annihilape||Leftovers|Defiant|DrainPunch,RageFist,BulkUp,Protect|||M|||50|,,,,,Water
|showteam|p2|Electabuzz||Eviolite|VitalSpirit|Electroweb,FollowMe,Taunt,Protect|||M|||50|,,,,,Dragon]Volcarona||Leftovers|FlameBody|HeatWave,TeraBlast,QuiverDance,Protect|||M|||50|,,,,,Fairy]Dragonite||LoadedDice|Multiscale|ScaleShot,ExtremeSpeed,Tailwind,Protect|||F|||50|,,,,,Fairy]Rillaboom||AssaultVest|GrassySurge|FakeOut,WoodHammer,GrassyGlide,HighHorsepower|||F|||50|,,,,,Fire]Gholdengo||GrassySeed|GoodasGold|NastyPlot,MakeItRain,ShadowBall,Protect||||||50|,,,,,Water]Ursaluna-Bloodmoon||LifeOrb|MindsEye|BloodMoon,HyperVoice,EarthPower,Protect|||M|||50|,,,,,Normal
|inactive|Battle timer is ON: inactive players will automatically lose when time's up. (requested by tomnumbers)
|inactive|anderitur also wants the timer to be on.
|
|t:|1756276482
|teamsize|p1|4
|teamsize|p2|4
|start
|switch|p1a: Maushold|Maushold, L50|100/100
|switch|p1b: Annihilape|Annihilape, L50, M|100/100
|switch|p2a: Electabuzz|Electabuzz, L50, M|100/100
|switch|p2b: Ursaluna|Ursaluna-Bloodmoon, L50, M|100/100
|turn|1
|inactive|anderitur has 30 seconds left.
|inactive|anderitur has 20 seconds left.
|
|t:|1756276518
|switch|p1b: Archaludon|Archaludon, L50, M|100/100
|-terastallize|p2b: Ursaluna|Normal
|move|p2a: Electabuzz|Protect|p2a: Electabuzz
|-singleturn|p2a: Electabuzz|Protect
|move|p1a: Maushold|Taunt|p2a: Electabuzz
|-activate|p2a: Electabuzz|move: Protect
|move|p2b: Ursaluna|Blood Moon|p1a: Maushold
|-damage|p1a: Maushold|0 fnt
|faint|p1a: Maushold
|-damage|p2b: Ursaluna|91/100|[from] item: Life Orb
|
|upkeep
|
|t:|1756276536
|switch|p1a: Annihilape|Annihilape, L50, M|100/100
|turn|2
|
|t:|1756276554
|move|p2a: Electabuzz|Follow Me|p2a: Electabuzz
|-singleturn|p2a: Electabuzz|move: Follow Me
|move|p1a: Annihilape|Bulk Up|p1a: Annihilape
|-boost|p1a: Annihilape|atk|1
|-boost|p1a: Annihilape|def|1
|move|p1b: Archaludon|Snarl|p2a: Electabuzz|[spread] p2a,p2b
|-damage|p2a: Electabuzz|92/100
|-damage|p2b: Ursaluna|76/100
|-unboost|p2a: Electabuzz|spa|1
|-unboost|p2b: Ursaluna|spa|1
|move|p2b: Ursaluna|Earth Power|p1b: Archaludon
|-supereffective|p1b: Archaludon
|-damage|p1b: Archaludon|40/100
|-ability|p1b: Archaludon|Stamina|boost
|-boost|p1b: Archaludon|def|1
|-damage|p2b: Ursaluna|67/100|[from] item: Life Orb
|
|upkeep
|turn|3
|
|t:|1756276576
|-terastallize|p1b: Archaludon|Grass
|move|p2a: Electabuzz|Electroweb|p1a: Annihilape|[spread] p1a,p1b
|-resisted|p1b: Archaludon
|-damage|p1a: Annihilape|92/100
|-damage|p1b: Archaludon|37/100
|-unboost|p1a: Annihilape|spe|1
|-ability|p1a: Annihilape|Defiant|boost
|-boost|p1a: Annihilape|atk|2
|-unboost|p1b: Archaludon|spe|1
|-ability|p1b: Archaludon|Stamina|boost
|-boost|p1b: Archaludon|def|1
|move|p2b: Ursaluna|Blood Moon|p1a: Annihilape
|-damage|p1a: Annihilape|1/100
|-damage|p2b: Ursaluna|57/100|[from] item: Life Orb
|move|p1a: Annihilape|Drain Punch|p2b: Ursaluna
|-supereffective|p2b: Ursaluna
|-damage|p2b: Ursaluna|0 fnt
|-heal|p1a: Annihilape|27/100|[from] drain|[of] p2b: Ursaluna
|faint|p2b: Ursaluna
|move|p1b: Archaludon|Snarl|p2a: Electabuzz
|-damage|p2a: Electabuzz|80/100
|-unboost|p2a: Electabuzz|spa|1
|
|-heal|p1a: Annihilape|33/100|[from] item: Leftovers
|upkeep
|
|t:|1756276584
|switch|p2b: Gholdengo|Gholdengo, L50|100/100
|turn|4
|inactive|anderitur has 30 seconds left.
|inactive|anderitur has 20 seconds left.
|inactive|anderitur has 15 seconds left.
|
|t:|1756276627
|switch|p1a: Sinistcha|Sinistcha, L50|100/100
|-heal|p1b: Archaludon|61/100|[from] ability: Hospitality|[of] p1a: Sinistcha
|move|p2a: Electabuzz|Follow Me|p2a: Electabuzz
|-singleturn|p2a: Electabuzz|move: Follow Me
|move|p2b: Gholdengo|Nasty Plot|p2b: Gholdengo
|-boost|p2b: Gholdengo|spa|2
|move|p1b: Archaludon|Snarl|p2a: Electabuzz|[spread] p2a,p2b
|-supereffective|p2b: Gholdengo
|-damage|p2a: Electabuzz|70/100
|-damage|p2b: Gholdengo|76/100
|-unboost|p2a: Electabuzz|spa|1
|-unboost|p2b: Gholdengo|spa|1
|
|upkeep
|turn|5
|
|t:|1756276648
|move|p2a: Electabuzz|Taunt|p1a: Sinistcha
|-start|p1a: Sinistcha|move: Taunt
|move|p2b: Gholdengo|Nasty Plot|p2b: Gholdengo
|-boost|p2b: Gholdengo|spa|2
|cant|p1a: Sinistcha|move: Taunt|Life Dew
|move|p1b: Archaludon|Snarl|p2a: Electabuzz|[spread] p2a,p2b
|-supereffective|p2b: Gholdengo
|-damage|p2a: Electabuzz|61/100
|-damage|p2b: Gholdengo|52/100
|-unboost|p2a: Electabuzz|spa|1
|-unboost|p2b: Gholdengo|spa|1
|
|upkeep
|turn|6
|
|t:|1756276660
|move|p2a: Electabuzz|Electroweb|p1a: Sinistcha|[spread] p1a,p1b
|-resisted|p1a: Sinistcha
|-resisted|p1b: Archaludon
|-damage|p1a: Sinistcha|99/100
|-damage|p1b: Archaludon|60/100
|-unboost|p1a: Sinistcha|spe|1
|-unboost|p1b: Archaludon|spe|1
|-ability|p1b: Archaludon|Stamina|boost
|-boost|p1b: Archaludon|def|1
|move|p2b: Gholdengo|Shadow Ball|p1b: Archaludon
|-damage|p1b: Archaludon|2/100
|-ability|p1b: Archaludon|Stamina|boost
|-boost|p1b: Archaludon|def|1
|move|p1a: Sinistcha|Matcha Gotcha|p2b: Gholdengo|[spread] p2a
|-miss|p1a: Sinistcha|p2b: Gholdengo
|-damage|p2a: Electabuzz|42/100
|-heal|p1a: Sinistcha|100/100|[from] drain|[of] p2a: Electabuzz
|move|p1b: Archaludon|Snarl|p2a: Electabuzz|[spread] p2a,p2b
|-supereffective|p2b: Gholdengo
|-damage|p2a: Electabuzz|33/100
|-damage|p2b: Gholdengo|27/100
|-unboost|p2a: Electabuzz|spa|1
|-unboost|p2b: Gholdengo|spa|1
|
|upkeep
|turn|7
|inactive|anderitur has 30 seconds left.
|
|t:|1756276693
|switch|p1a: Annihilape|Annihilape, L50, M|33/100
|move|p2a: Electabuzz|Electroweb|p1a: Annihilape|[spread] p1a,p1b
|-resisted|p1b: Archaludon
|-damage|p1a: Annihilape|30/100
|-damage|p1b: Archaludon|0 fnt
|-unboost|p1a: Annihilape|spe|1
|-ability|p1a: Annihilape|Defiant|boost
|-boost|p1a: Annihilape|atk|2
|faint|p1b: Archaludon
|move|p2b: Gholdengo|Make It Rain|p1a: Annihilape
|-damage|p1a: Annihilape|0 fnt
|-unboost|p2b: Gholdengo|spa|1
|faint|p1a: Annihilape
|
|upkeep
|
|t:|1756276710
|switch|p1a: Sinistcha|Sinistcha, L50|100/100
|turn|8
|
|t:|1756276720
|move|p2a: Electabuzz|Electroweb|p1a: Sinistcha
|-resisted|p1a: Sinistcha
|-crit|p1a: Sinistcha
|-damage|p1a: Sinistcha|87/100
|-unboost|p1a: Sinistcha|spe|1
|move|p2b: Gholdengo|Shadow Ball|p1a: Sinistcha
|-supereffective|p1a: Sinistcha
|-damage|p1a: Sinistcha|13/100
|-enditem|p1a: Sinistcha|Sitrus Berry|[eat]
|-heal|p1a: Sinistcha|38/100|[from] item: Sitrus Berry
|move|p1a: Sinistcha|Matcha Gotcha|p2a: Electabuzz|[spread] p2a,p2b
|-crit|p2a: Electabuzz
|-resisted|p2b: Gholdengo
|-damage|p2a: Electabuzz|6/100
|-heal|p1a: Sinistcha|50/100|[from] drain|[of] p2a: Electabuzz
|-damage|p2b: Gholdengo|14/100
|-heal|p1a: Sinistcha|57/100|[from] drain|[of] p2b: Gholdengo
|-status|p2b: Gholdengo|brn
|
|-damage|p2b: Gholdengo|8/100 brn|[from] brn
|upkeep
|turn|9
|-message|anderitur forfeited.
|
|win|tomnumbers
||tomnumbers is ready for game 2.
||anderitur is ready for game 2.
|uhtml|next|Next: Game 2 of 3
