|j|☆Neofalcon
|j|☆JuanGuerrero09
|html|NeofalconJuanGuerrero09    
|uhtml|bestof|Game 1 of a best-of-3
|t:|1757154960
|gametype|doubles
|player|p1|Neofalcon|265|1181
|player|p2|JuanGuerrero09|170|1178
|gen|9
|tier|[Gen 9] VGC 2025 Reg H (Bo3)
|rated|
|rule|Species Clause: Limit one of each Pokémon
|rule|Item Clause: Limit 1 of each item
|clearpoke
|poke|p1|Talonflame, L50, M|
|poke|p1|Garchomp, L50, F|
|poke|p1|Tyranitar, L50, M|
|poke|p1|Milotic, L50, F|
|poke|p1|Amoonguss, L50, M|
|poke|p1|Gholdengo, L50|
|poke|p2|Sneasler, L50, M|
|poke|p2|Indeedee, L50, M|
|poke|p2|Tyranitar, L50, M|
|poke|p2|Excadrill, L50, M|
|poke|p2|Gholdengo, L50|
|poke|p2|Incineroar, L50, M|
|teampreview|4
|showteam|p1|Talonflame||CovertCloak|GaleWings|DualWingbeat,Tailwind,WillOWisp,Taunt|||M|||50|,,,,,Ghost]Garchomp||LifeOrb|RoughSkin|Protect,StompingTantrum,Earthquake,DragonClaw|||F|||50|,,,,,Steel]Tyranitar||AssaultVest|SandStream|RockSlide,KnockOff,LowKick,TeraBlast|||M|||50|,,,,,Flying]Milotic||SafetyGoggles|Competitive|Scald,IcyWind,Haze,Protect|||F|||50|,,,,,Dragon]Amoonguss||SitrusBerry|Regenerator|Protect,RagePowder,Spore,PollenPuff|||M|||50|,,,,,Water]Gholdengo||IronPlate|GoodasGold|MakeItRain,ShadowBall,NastyPlot,Protect||||||50|,,,,,Flying
|showteam|p2|Sneasler||WhiteHerb|Unburden|CloseCombat,DireClaw,FakeOut,Protect|||M|||50|,,,,,Dark]Indeedee||ChoiceScarf|PsychicSurge|ExpandingForce,TeraBlast,Trick,Protect|||M|||50|,,,,,Fire]Tyranitar||AssaultVest|SandStream|RockSlide,KnockOff,TeraBlast,LowKick|||M|||50|,,,,,Flying]Excadrill||FocusSash|SandRush|HighHorsepower,Earthquake,IronHead,Protect|||M|||50|,,,,,Ground]Gholdengo||MetalCoat|GoodasGold|ShadowBall,Protect,MakeItRain,NastyPlot||||||50|,,,,,Water]Incineroar||SafetyGoggles|Intimidate|FakeOut,KnockOff,FlareBlitz,PartingShot|||M|||50|,,,,,Ghost
|
|t:|1757155006
|teamsize|p1|4
|teamsize|p2|4
|start
|switch|p1a: Garchomp|Garchomp, L50, F|100/100
|switch|p1b: Milotic|Milotic, L50, F|100/100
|switch|p2a: Tyranitar|Tyranitar, L50, M|100/100
|switch|p2b: Excadrill|Excadrill, L50, M|100/100
|-weather|Sandstorm|[from] ability: Sand Stream|[of] p2a: Tyranitar
|turn|1
|
|t:|1757155035
|-terastallize|p2a: Tyranitar|Flying
|move|p1a: Garchomp|Protect|p1a: Garchomp
|-singleturn|p1a: Garchomp|Protect
|move|p2b: Excadrill|High Horsepower|p1a: Garchomp
|-activate|p1a: Garchomp|move: Protect
|move|p1b: Milotic|Scald|p2b: Excadrill
|-supereffective|p2b: Excadrill
|-damage|p2b: Excadrill|16/100
|-status|p2b: Excadrill|brn
|move|p2a: Tyranitar|Knock Off|p1a: Garchomp
|-activate|p1a: Garchomp|move: Protect
|
|-weather|Sandstorm|[upkeep]
|-damage|p2a: Tyranitar|95/100|[from] Sandstorm
|-damage|p2b: Excadrill|10/100 brn|[from] brn
|upkeep
|turn|2
|inactive|Battle timer is ON: inactive players will automatically lose when time's up. (requested by JuanGuerrero09)
|
|t:|1757155067
|switch|p1a: Talonflame|Talonflame, L50, M|100/100
|move|p2b: Excadrill|High Horsepower|p1a: Talonflame
|-immune|p1a: Talonflame
|move|p1b: Milotic|Icy Wind|p2b: Excadrill|[spread] p2a,p2b
|-supereffective|p2a: Tyranitar
|-damage|p2a: Tyranitar|81/100
|-damage|p2b: Excadrill|0 fnt
|-unboost|p2a: Tyranitar|spe|1
|faint|p2b: Excadrill
|move|p2a: Tyranitar|Knock Off|p1a: Talonflame
|-damage|p1a: Talonflame|10/100
|-enditem|p1a: Talonflame|Covert Cloak|[from] move: Knock Off|[of] p2a: Tyranitar
|
|-weather|Sandstorm|[upkeep]
|-damage|p1a: Talonflame|4/100|[from] Sandstorm
|-damage|p2a: Tyranitar|75/100|[from] Sandstorm
|upkeep
|
|t:|1757155073
|switch|p2b: Gholdengo|Gholdengo, L50|100/100
|turn|3
|inactive|Neofalcon has 30 seconds left.
|
|t:|1757155102
|move|p2b: Gholdengo|Protect|p2b: Gholdengo
|-singleturn|p2b: Gholdengo|Protect
|move|p1a: Talonflame|Will-O-Wisp|p2a: Tyranitar
|-status|p2a: Tyranitar|brn
|move|p1b: Milotic|Icy Wind|p2b: Gholdengo|[spread] p2a
|-activate|p2b: Gholdengo|move: Protect
|-supereffective|p2a: Tyranitar
|-damage|p2a: Tyranitar|62/100 brn
|-unboost|p2a: Tyranitar|spe|1
|move|p2a: Tyranitar|Rock Slide|p1a: Talonflame|[spread] p1a,p1b
|-supereffective|p1a: Talonflame
|-damage|p1a: Talonflame|0 fnt
|-damage|p1b: Milotic|86/100
|faint|p1a: Talonflame
|
|-weather|Sandstorm|[upkeep]
|-damage|p2a: Tyranitar|56/100 brn|[from] Sandstorm
|-damage|p2a: Tyranitar|50/100 brn|[from] brn
|upkeep
|
|t:|1757155119
|switch|p1a: Garchomp|Garchomp, L50, F|100/100
|turn|4
|
|t:|1757155129
|switch|p2a: Incineroar|Incineroar, L50, M|100/100
|-ability|p2a: Incineroar|Intimidate|boost
|-unboost|p1a: Garchomp|atk|1
|-unboost|p1b: Milotic|atk|1
|-ability|p1b: Milotic|Competitive|boost
|-boost|p1b: Milotic|spa|2
|move|p1a: Garchomp|Stomping Tantrum|p2b: Gholdengo
|-supereffective|p2b: Gholdengo
|-damage|p2b: Gholdengo|14/100
|-damage|p1a: Garchomp|91/100|[from] item: Life Orb
|move|p2b: Gholdengo|Make It Rain|p1b: Milotic|[spread] p1a,p1b
|-resisted|p1b: Milotic
|-damage|p1a: Garchomp|23/100
|-damage|p1b: Milotic|66/100
|-unboost|p2b: Gholdengo|spa|1
|move|p1b: Milotic|Icy Wind|p2a: Incineroar|[spread] p2a,p2b
|-resisted|p2a: Incineroar
|-resisted|p2b: Gholdengo
|-crit|p2b: Gholdengo
|-damage|p2a: Incineroar|91/100
|-damage|p2b: Gholdengo|0 fnt
|-unboost|p2a: Incineroar|spe|1
|faint|p2b: Gholdengo
|
|-weather|Sandstorm|[upkeep]
|upkeep
|
|t:|1757155133
|switch|p2b: Tyranitar|Tyranitar, L50, M, tera:Flying|50/100 brn
|turn|5
|
|t:|1757155152
|move|p1a: Garchomp|Protect|p1a: Garchomp
|-singleturn|p1a: Garchomp|Protect
|move|p1b: Milotic|Protect|p1b: Milotic
|-singleturn|p1b: Milotic|Protect
|move|p2a: Incineroar|Fake Out|p1b: Milotic
|-activate|p1b: Milotic|move: Protect
|move|p2b: Tyranitar|Tera Blast|p1b: Milotic|[anim] Tera Blast Flying
|-activate|p1b: Milotic|move: Protect
|
|-weather|none
|-damage|p2b: Tyranitar|44/100 brn|[from] brn
|upkeep
|turn|6
|-message|JuanGuerrero09 forfeited.
|
|win|Neofalcon
