|j|☆shudaonan
|j|☆epic17x
|html|shudaonanepic17x    
|uhtml|bestof|Game 3 of a best-of-3
|t:|1756320358
|gametype|doubles
|player|p1|shudaonan|102|1336
|player|p2|epic17x|steven|1416
|gen|9
|tier|[Gen 9] VGC 2025 Reg H (Bo3)
|rated|
|rule|Species Clause: Limit one of each Pokémon
|rule|Item Clause: Limit 1 of each item
|clearpoke
|poke|p1|Whimsicott, L50, F|
|poke|p1|Gholdengo, L50|
|poke|p1|Dragonite, L50, M|
|poke|p1|Incineroar, L50, M|
|poke|p1|Hydreigon, L50, M|
|poke|p1|Annihilape, L50, F|
|poke|p2|Ninetales-Alola, L50, M|
|poke|p2|Rillaboom, L50, F|
|poke|p2|Magmar, L50, M|
|poke|p2|Sneasler, L50, M|
|poke|p2|Kingambit, L50, M|
|poke|p2|Basculegion, L50, M|
|teampreview|4
|showteam|p1|Whimsicott||CovertCloak|Prankster|Moonblast,BeatUp,Tailwind,Encore|||F|||50|,,,,,Water]Gholdengo||LifeOrb|GoodasGold|MakeItRain,ShadowBall,NastyPlot,Protect||||||50|,,,,,Water]Dragonite||LoadedDice|Multiscale|ScaleShot,ExtremeSpeed,Haze,Protect|||M|||50|,,,,,Fairy]Incineroar||MirrorHerb|Intimidate|FlareBlitz,KnockOff,PartingShot,FakeOut|||M|||50|,,,,,Ghost]Hydreigon||ChoiceSpecs|Levitate|DarkPulse,DracoMeteor,EarthPower,Snarl|||M|||50|,,,,,Ghost]Annihilape||SafetyGoggles|Defiant|RageFist,CloseCombat,FinalGambit,Protect|||F|||50|,,,,,Steel
|showteam|p2|Ninetales-Alola||NeverMeltIce|SnowWarning|Blizzard,FreezeDry,Encore,Protect|||M|||50|,,,,,Ghost]Rillaboom||AssaultVest|GrassySurge|WoodHammer,FakeOut,Uturn,GrassyGlide|||F|||50|,,,,,Ghost]Magmar||Eviolite|VitalSpirit|Protect,HeatWave,WillOWisp,FollowMe|||M|||50|,,,,,Ghost]Sneasler||FocusSash|PoisonTouch|FakeOut,DireClaw,CloseCombat,Protect|||M|||50|,,,,,Ghost]Kingambit||BlackGlasses|Defiant|KowtowCleave,SwordsDance,SuckerPunch,Protect|||M|||50|,,,,,Fire]Basculegion||ChoiceScarf|Adaptability|WaveCrash,FlipTurn,TeraBlast,LastRespects|||M|||50|,,,,,Fighting
|inactive|Battle timer is ON: inactive players will automatically lose when time's up. (requested by epic17x)
|inactive|shudaonan has 60 seconds left.
|inactive|shudaonan has 30 seconds left.
|inactive|shudaonan has 20 seconds left.
|inactive|shudaonan has 15 seconds left.
|inactive|shudaonan has 10 seconds left.
|inactive|shudaonan has 5 seconds left.
|
|t:|1756320445
|teamsize|p1|4
|teamsize|p2|4
|start
|switch|p1a: Whimsicott|Whimsicott, L50, F|100/100
|switch|p1b: Annihilape|Annihilape, L50, F|100/100
|switch|p2a: Sneasler|Sneasler, L50, M|100/100
|switch|p2b: Basculegion|Basculegion, L50, M|100/100
|turn|1
|inactive|shudaonan has 30 seconds left.
|inactive|shudaonan has 20 seconds left.
|inactive|shudaonan has 15 seconds left.
|inactive|shudaonan has 10 seconds left.
|inactive|shudaonan has 5 seconds left.
|
|t:|1756320498
|-terastallize|p1a: Whimsicott|Water
|move|p2b: Basculegion|Flip Turn|p1b: Annihilape
|-damage|p1b: Annihilape|62/100
|
|t:|1756320503
|switch|p2b: Kingambit|Kingambit, L50, M|100/100|[from] Flip Turn
|move|p2a: Sneasler|Dire Claw|p1a: Whimsicott
|-damage|p1a: Whimsicott|45/100
|move|p1a: Whimsicott|Beat Up|p1b: Annihilape
|-damage|p1b: Annihilape|60/100
|-damage|p1b: Annihilape|57/100
|-damage|p1b: Annihilape|54/100
|-damage|p1b: Annihilape|51/100
|-hitcount|p1b: Annihilape|4
|move|p1b: Annihilape|Rage Fist|p2b: Kingambit
|-resisted|p2b: Kingambit
|-damage|p2b: Kingambit|49/100
|
|upkeep
|turn|2
|inactive|shudaonan has 30 seconds left.
|inactive|shudaonan has 20 seconds left.
|inactive|shudaonan has 15 seconds left.
|inactive|shudaonan has 10 seconds left.
|
|t:|1756320551
|move|p1a: Whimsicott|Tailwind|p1a: Whimsicott
|-sidestart|p1: shudaonan|move: Tailwind
|move|p2b: Kingambit|Sucker Punch|p1b: Annihilape
|-damage|p1b: Annihilape|0 fnt
|faint|p1b: Annihilape
|move|p2a: Sneasler|Dire Claw|p1a: Whimsicott
|-damage|p1a: Whimsicott|0 fnt
|faint|p1a: Whimsicott
|
|upkeep
|
|t:|1756320562
|switch|p1a: Dragonite|Dragonite, L50, M|100/100
|switch|p1b: Incineroar|Incineroar, L50, M|100/100
|-ability|p1b: Incineroar|Intimidate|boost
|-unboost|p2a: Sneasler|atk|1
|-unboost|p2b: Kingambit|atk|1
|-ability|p2b: Kingambit|Defiant|boost
|-boost|p2b: Kingambit|atk|2
|-enditem|p1b: Incineroar|Mirror Herb
|-boost|p1b: Incineroar|atk|2|[from] item: Mirror Herb
|turn|3
|
|t:|1756320582
|move|p2a: Sneasler|Protect|p2a: Sneasler
|-singleturn|p2a: Sneasler|Protect
|move|p2b: Kingambit|Protect|p2b: Kingambit
|-singleturn|p2b: Kingambit|Protect
|move|p1a: Dragonite|Scale Shot|p2a: Sneasler
|-activate|p2a: Sneasler|move: Protect
|move|p1b: Incineroar|Flare Blitz|p2b: Kingambit
|-activate|p2b: Kingambit|move: Protect
|
|upkeep
|turn|4
|
|t:|1756320602
|switch|p2a: Magmar|Magmar, L50, M|100/100
|move|p2b: Kingambit|Sucker Punch|p1a: Dragonite
|-damage|p1a: Dragonite|60/100
|move|p1a: Dragonite|Scale Shot|p2b: Kingambit
|-resisted|p2b: Kingambit
|-damage|p2b: Kingambit|42/100
|-resisted|p2b: Kingambit
|-damage|p2b: Kingambit|37/100
|-resisted|p2b: Kingambit
|-damage|p2b: Kingambit|30/100
|-resisted|p2b: Kingambit
|-damage|p2b: Kingambit|25/100
|-hitcount|p2b: Kingambit|4
|-unboost|p1a: Dragonite|def|1
|-boost|p1a: Dragonite|spe|1
|move|p1b: Incineroar|Knock Off|p2a: Magmar
|-damage|p2a: Magmar|40/100
|-enditem|p2a: Magmar|Eviolite|[from] move: Knock Off|[of] p1b: Incineroar
|
|upkeep
|turn|5
|inactive|shudaonan has 30 seconds left.
|
|t:|1756320631
|move|p2a: Magmar|Protect|p2a: Magmar
|-singleturn|p2a: Magmar|Protect
|move|p2b: Kingambit|Protect|p2b: Kingambit
|-singleturn|p2b: Kingambit|Protect
|move|p1a: Dragonite|Haze|p1a: Dragonite
|-clearallboost
|move|p1b: Incineroar|Flare Blitz|p2b: Kingambit
|-activate|p2b: Kingambit|move: Protect
|
|-sideend|p1: shudaonan|move: Tailwind
|upkeep
|turn|6
|
|t:|1756320645
|move|p2b: Kingambit|Sucker Punch|p1a: Dragonite
|-damage|p1a: Dragonite|7/100
|move|p1a: Dragonite|Scale Shot|p2a: Magmar
|-damage|p2a: Magmar|24/100
|-damage|p2a: Magmar|8/100
|-damage|p2a: Magmar|0 fnt
|faint|p2a: Magmar
|-hitcount|p2: Magmar|3
|-unboost|p1a: Dragonite|def|1
|-boost|p1a: Dragonite|spe|1
|move|p1b: Incineroar|Flare Blitz|p2b: Kingambit
|-supereffective|p2b: Kingambit
|-damage|p2b: Kingambit|0 fnt
|faint|p2b: Kingambit
|-damage|p1b: Incineroar|93/100|[from] Recoil
|
|upkeep
|
|t:|1756320650
|switch|p2a: Sneasler|Sneasler, L50, M|100/100
|switch|p2b: Basculegion|Basculegion, L50, M|100/100
|turn|7
|
|t:|1756320674
|move|p2a: Sneasler|Fake Out|p1a: Dragonite
|-damage|p1a: Dragonite|0 fnt
|faint|p1a: Dragonite
|move|p2b: Basculegion|Wave Crash|p1b: Incineroar
|-supereffective|p1b: Incineroar
|-damage|p1b: Incineroar|0 fnt
|faint|p1b: Incineroar
|-damage|p2b: Basculegion|69/100|[from] Recoil
|
|win|epic17x
|raw|shudaonan's rating: 1336 → 1321(-15 for losing)
|raw|epic17x's rating: 1416 → 1431(+15 for winning)
|l|☆shudaonan
|player|p1|
