|j|☆spellbreakvgc
|j|☆super nimble mega
|html|spellbreakvgcsuper nimble mega    
|uhtml|bestof|Game 2 of a best-of-3
|t:|1756938932
|gametype|doubles
|player|p1|spellbreakvgc|lance|1139
|player|p2|super nimble mega|brycenman|1040
|gen|9
|tier|[Gen 9] VGC 2025 Reg H (Bo3)
|rated|
|rule|Species Clause: Limit one of each Pokémon
|rule|Item Clause: Limit 1 of each item
|clearpoke
|poke|p1|Dondozo, L50, F|
|poke|p1|Tatsugiri, L50, M|
|poke|p1|Glimmora, L50, F|
|poke|p1|Gholdengo, L50|
|poke|p1|Rillaboom, L50, F|
|poke|p1|Annihilape, L50, M|
|poke|p2|Indeedee, L50, M|
|poke|p2|Sneasler, L50, M|
|poke|p2|Excadrill, L50, F|
|poke|p2|Magmar, L50, F|
|poke|p2|Corviknight, L50, F|
|poke|p2|Tyranitar, L50, M|
|teampreview|4
|showteam|p1|Dondozo||AssaultVest|Unaware|Earthquake,OrderUp,WaveCrash,Protect|||F|||50|,,,,,Grass]Tatsugiri||FocusSash|Commander|DracoMeteor,MuddyWater,HelpingHand,Protect|||M|||50|,,,,,Stellar]Glimmora||CovertCloak|ToxicDebris|MortalSpin,Toxic,EarthPower,SpikyShield|||F|||50|,,,,,Bug]Gholdengo||GrassySeed|GoodasGold|NastyPlot,MakeItRain,ShadowBall,Protect||||||50|,,,,,Water]Rillaboom||LoadedDice|GrassySurge|FakeOut,LeechSeed,BulletSeed,Taunt|||F|||50|,,,,,Fire]Annihilape||ChoiceScarf|Defiant|CloseCombat,Coaching,FinalGambit,RockSlide|||M|||50|,,,,,Fighting
|showteam|p2|Indeedee||ChoiceScarf|PsychicSurge|ExpandingForce,TeraBlast,Trick,Protect|||M|||50|,,,,,Psychic]Sneasler||WhiteHerb|Unburden|FakeOut,CloseCombat,DireClaw,Coaching|||M|||50|,,,,,Flying]Excadrill||FocusSash|SandRush|Earthquake,IronHead,SwordsDance,Protect|||F|||50|,,,,,Ground]Magmar||Eviolite|VitalSpirit|HeatWave,FollowMe,HelpingHand,Protect|||F|||50|,,,,,Flying]Corviknight||PsychicSeed|MirrorArmor|BraveBird,PowerTrip,BulkUp,Roost|||F|||50|,,,,,Water]Tyranitar||AssaultVest|SandStream|RockSlide,KnockOff,LowKick,TeraBlast|||M|||50|,,,,,Flying
|inactive|Battle timer is ON: inactive players will automatically lose when time's up. (requested by super nimble mega)
|inactive|spellbreakvgc has 60 seconds left.
|inactive|spellbreakvgc has 30 seconds left.
|
|t:|1756938998
|teamsize|p1|4
|teamsize|p2|4
|start
|switch|p1a: Dondozo|Dondozo, L50, F|100/100
|switch|p1b: Rillaboom|Rillaboom, L50, F|100/100
|switch|p2a: Corviknight|Corviknight, L50, F|100/100
|switch|p2b: Indeedee|Indeedee, L50, M|100/100
|-fieldstart|move: Psychic Terrain|[from] ability: Psychic Surge|[of] p2b: Indeedee
|-enditem|p2a: Corviknight|Psychic Seed
|-boost|p2a: Corviknight|spd|1|[from] item: Psychic Seed
|-fieldstart|move: Grassy Terrain|[from] ability: Grassy Surge|[of] p1b: Rillaboom
|turn|1
|inactive|spellbreakvgc has 30 seconds left.
|inactive|super nimble mega has 30 seconds left.
|inactive|spellbreakvgc has 20 seconds left.
|inactive|super nimble mega has 20 seconds left.
|inactive|spellbreakvgc has 15 seconds left.
|inactive|super nimble mega has 15 seconds left.
|
|t:|1756939041
|switch|p1b: Tatsugiri|Tatsugiri, L50, M, shiny|100/100
|-activate|p1b: Tatsugiri|ability: Commander|[of] p1a: Dondozo
|-boost|p1a: Dondozo|atk|2
|-boost|p1a: Dondozo|spa|2
|-boost|p1a: Dondozo|spe|2
|-boost|p1a: Dondozo|def|2
|-boost|p1a: Dondozo|spd|2
|move|p2b: Indeedee|Protect|p2b: Indeedee
|-singleturn|p2b: Indeedee|Protect
|move|p1a: Dondozo|Wave Crash|p2b: Indeedee
|-activate|p2b: Indeedee|move: Protect
|move|p2a: Corviknight|Bulk Up|p2a: Corviknight
|-boost|p2a: Corviknight|atk|1
|-boost|p2a: Corviknight|def|1
|
|upkeep
|turn|2
|inactive|super nimble mega has 30 seconds left.
|inactive|super nimble mega has 20 seconds left.
|inactive|super nimble mega has 15 seconds left.
|
|t:|1756939083
|switch|p2b: Excadrill|Excadrill, L50, F|100/100
|-terastallize|p2a: Corviknight|Water
|move|p1a: Dondozo|Wave Crash|p2b: Excadrill
|-supereffective|p2b: Excadrill
|-enditem|p2b: Excadrill|Focus Sash
|-damage|p2b: Excadrill|1/100
|-damage|p1a: Dondozo|75/100|[from] Recoil
|move|p2a: Corviknight|Bulk Up|p2a: Corviknight
|-boost|p2a: Corviknight|atk|1
|-boost|p2a: Corviknight|def|1
|
|-heal|p2b: Excadrill|7/100|[from] Grassy Terrain
|-heal|p1a: Dondozo|81/100|[from] Grassy Terrain
|upkeep
|turn|3
|
|t:|1756939100
|move|p2b: Excadrill|Protect|p2b: Excadrill
|-singleturn|p2b: Excadrill|Protect
|move|p1a: Dondozo|Wave Crash|p2a: Corviknight
|-resisted|p2a: Corviknight
|-damage|p2a: Corviknight|58/100
|-damage|p1a: Dondozo|70/100|[from] Recoil
|move|p2a: Corviknight|Bulk Up|p2a: Corviknight
|-boost|p2a: Corviknight|atk|1
|-boost|p2a: Corviknight|def|1
|
|-heal|p2b: Excadrill|13/100|[from] Grassy Terrain
|-heal|p1a: Dondozo|76/100|[from] Grassy Terrain
|-heal|p2a: Corviknight|64/100|[from] Grassy Terrain
|upkeep
|turn|4
|
|t:|1756939117
|switch|p2b: Tyranitar|Tyranitar, L50, M|100/100
|-weather|Sandstorm|[from] ability: Sand Stream|[of] p2b: Tyranitar
|move|p1a: Dondozo|Earthquake|p2b: Tyranitar|[spread] p2a,p2b
|-miss|p1a: Dondozo|p1b: Tatsugiri
|-supereffective|p2b: Tyranitar
|-damage|p2a: Corviknight|47/100
|-damage|p2b: Tyranitar|65/100
|move|p2a: Corviknight|Roost|p2a: Corviknight
|-heal|p2a: Corviknight|97/100
|
|-weather|Sandstorm|[upkeep]
|-damage|p1b: Tatsugiri|94/100|[from] Sandstorm
|-damage|p1a: Dondozo|70/100|[from] Sandstorm
|-damage|p2a: Corviknight|91/100|[from] Sandstorm
|-heal|p1b: Tatsugiri|100/100|[from] Grassy Terrain
|-heal|p1a: Dondozo|76/100|[from] Grassy Terrain
|-heal|p2a: Corviknight|97/100|[from] Grassy Terrain
|-heal|p2b: Tyranitar|71/100|[from] Grassy Terrain
|upkeep
|turn|5
|inactive|super nimble mega has 30 seconds left.
|
|t:|1756939151
|move|p1a: Dondozo|Wave Crash|p2b: Tyranitar
|-supereffective|p2b: Tyranitar
|-damage|p2b: Tyranitar|0 fnt
|faint|p2b: Tyranitar
|-damage|p1a: Dondozo|56/100|[from] Recoil
|move|p2a: Corviknight|Bulk Up|p2a: Corviknight
|-boost|p2a: Corviknight|atk|1
|-boost|p2a: Corviknight|def|1
|
|-weather|Sandstorm|[upkeep]
|-damage|p1b: Tatsugiri|94/100|[from] Sandstorm
|-damage|p1a: Dondozo|50/100|[from] Sandstorm
|-damage|p2a: Corviknight|91/100|[from] Sandstorm
|-heal|p1b: Tatsugiri|100/100|[from] Grassy Terrain
|-heal|p1a: Dondozo|56/100|[from] Grassy Terrain
|-heal|p2a: Corviknight|97/100|[from] Grassy Terrain
|-fieldend|move: Grassy Terrain
|upkeep
|
|t:|1756939156
|switch|p2b: Excadrill|Excadrill, L50, F|13/100
|turn|6
|
|t:|1756939177
|move|p2b: Excadrill|Protect|p2b: Excadrill
|-singleturn|p2b: Excadrill|Protect
|move|p1a: Dondozo|Earthquake|p2b: Excadrill|[spread] p2a
|-miss|p1a: Dondozo|p1b: Tatsugiri
|-activate|p2b: Excadrill|move: Protect
|-damage|p2a: Corviknight|57/100
|move|p2a: Corviknight|Bulk Up|p2a: Corviknight
|-boost|p2a: Corviknight|atk|1
|-boost|p2a: Corviknight|def|1
|
|-weather|Sandstorm|[upkeep]
|-damage|p1b: Tatsugiri|94/100|[from] Sandstorm
|-damage|p1a: Dondozo|50/100|[from] Sandstorm
|-damage|p2a: Corviknight|51/100|[from] Sandstorm
|upkeep
|turn|7
|
|t:|1756939200
|move|p2b: Excadrill|Iron Head|p1a: Dondozo
|-resisted|p1a: Dondozo
|-damage|p1a: Dondozo|43/100
|move|p1a: Dondozo|Earthquake|p2b: Excadrill|[spread] p2a,p2b
|-miss|p1a: Dondozo|p1b: Tatsugiri
|-supereffective|p2b: Excadrill
|-damage|p2a: Corviknight|18/100
|-damage|p2b: Excadrill|0 fnt
|faint|p2b: Excadrill
|move|p2a: Corviknight|Roost|p2a: Corviknight
|-heal|p2a: Corviknight|68/100
|
|-weather|Sandstorm|[upkeep]
|-damage|p1b: Tatsugiri|88/100|[from] Sandstorm
|-damage|p1a: Dondozo|37/100|[from] Sandstorm
|-damage|p2a: Corviknight|62/100|[from] Sandstorm
|upkeep
|
|t:|1756939215
|switch|p2b: Indeedee|Indeedee, L50, M|100/100
|-fieldstart|move: Psychic Terrain|[from] ability: Psychic Surge|[of] p2b: Indeedee
|turn|8
|
|t:|1756939228
|move|p2b: Indeedee|Expanding Force|p1b: Tatsugiri|[spread] p1a
|-miss|p2b: Indeedee|p1b: Tatsugiri
|-damage|p1a: Dondozo|23/100
|move|p1a: Dondozo|Wave Crash|p2b: Indeedee
|-damage|p2b: Indeedee|0 fnt
|faint|p2b: Indeedee
|-damage|p1a: Dondozo|4/100|[from] Recoil
|move|p2a: Corviknight|Roost|p2a: Corviknight
|-heal|p2a: Corviknight|100/100
|
|-weather|none
|upkeep
|turn|9
|
|t:|1756939252
|move|p1a: Dondozo|Order Up|p2a: Corviknight
|-damage|p2a: Corviknight|60/100
|-boost|p1a: Dondozo|atk|1
|move|p2a: Corviknight|Power Trip|p1a: Dondozo
|-damage|p1a: Dondozo|0 fnt
|faint|p1a: Dondozo
|
|upkeep
|
|t:|1756939262
|switch|p1a: Rillaboom|Rillaboom, L50, F|100/100
|-fieldstart|move: Grassy Terrain|[from] ability: Grassy Surge|[of] p1a: Rillaboom
|turn|10
|
|t:|1756939271
|move|p1a: Rillaboom|Fake Out|p2a: Corviknight
|-damage|p2a: Corviknight|57/100
|move|p1b: Tatsugiri|Draco Meteor|p2a: Corviknight
|-damage|p2a: Corviknight|17/100
|-unboost|p1b: Tatsugiri|spa|2
|cant|p2a: Corviknight|flinch
|
|-heal|p1b: Tatsugiri|94/100|[from] Grassy Terrain
|-heal|p2a: Corviknight|23/100|[from] Grassy Terrain
|upkeep
|turn|11
|
|t:|1756939291
|-terastallize|p1a: Rillaboom|Fire
|move|p1b: Tatsugiri|Draco Meteor|p2a: Corviknight
|-damage|p2a: Corviknight|2/100
|-unboost|p1b: Tatsugiri|spa|2
|move|p2a: Corviknight|Roost|p2a: Corviknight
|-heal|p2a: Corviknight|52/100
|move|p1a: Rillaboom|Bullet Seed|p2a: Corviknight
|-supereffective|p2a: Corviknight
|-damage|p2a: Corviknight|45/100
|-supereffective|p2a: Corviknight
|-damage|p2a: Corviknight|38/100
|-supereffective|p2a: Corviknight
|-damage|p2a: Corviknight|31/100
|-supereffective|p2a: Corviknight
|-damage|p2a: Corviknight|24/100
|-supereffective|p2a: Corviknight
|-damage|p2a: Corviknight|17/100
|-hitcount|p2a: Corviknight|5
|
|-heal|p1b: Tatsugiri|100/100|[from] Grassy Terrain
|-heal|p2a: Corviknight|23/100|[from] Grassy Terrain
|upkeep
|turn|12
|inactive|spellbreakvgc has 30 seconds left.
|
|t:|1756939317
|switch|p1b: Gholdengo|Gholdengo, L50|100/100
|-enditem|p1b: Gholdengo|Grassy Seed
|-boost|p1b: Gholdengo|def|1|[from] item: Grassy Seed
|move|p2a: Corviknight|Roost|p2a: Corviknight
|-heal|p2a: Corviknight|73/100
|move|p1a: Rillaboom|Leech Seed|p2a: Corviknight
|-start|p2a: Corviknight|move: Leech Seed
|
|-heal|p2a: Corviknight|79/100|[from] Grassy Terrain
|-damage|p2a: Corviknight|66/100|[from] Leech Seed|[of] p1a: Rillaboom
|upkeep
|turn|13
|
|t:|1756939334
|move|p1b: Gholdengo|Protect|p1b: Gholdengo
|-singleturn|p1b: Gholdengo|Protect
|move|p2a: Corviknight|Power Trip|p1b: Gholdengo
|-activate|p1b: Gholdengo|move: Protect
|move|p1a: Rillaboom|Taunt|p2a: Corviknight
|-start|p2a: Corviknight|move: Taunt
|
|-heal|p2a: Corviknight|72/100|[from] Grassy Terrain
|-damage|p2a: Corviknight|60/100|[from] Leech Seed|[of] p1a: Rillaboom
|upkeep
|turn|14
|inactive|spellbreakvgc has 30 seconds left.
|
|t:|1756939366
|switch|p1a: Tatsugiri|Tatsugiri, L50, M, shiny|100/100
|move|p1b: Gholdengo|Shadow Ball|p2a: Corviknight
|-damage|p2a: Corviknight|34/100
|move|p2a: Corviknight|Power Trip|p1b: Gholdengo
|-supereffective|p1b: Gholdengo
|-damage|p1b: Gholdengo|0 fnt
|faint|p1b: Gholdengo
|
|-heal|p2a: Corviknight|40/100|[from] Grassy Terrain
|-damage|p2a: Corviknight|28/100|[from] Leech Seed|[of] p1a: Tatsugiri
|-fieldend|move: Grassy Terrain
|upkeep
|
|t:|1756939379
|switch|p1b: Rillaboom|Rillaboom, L50, F, tera:Fire|100/100
|-fieldstart|move: Grassy Terrain|[from] ability: Grassy Surge|[of] p1b: Rillaboom
|turn|15
|
|t:|1756939392
|move|p1b: Rillaboom|Fake Out|p2a: Corviknight
|-damage|p2a: Corviknight|25/100
|move|p1a: Tatsugiri|Draco Meteor|p2a: Corviknight
|-crit|p2a: Corviknight
|-damage|p2a: Corviknight|0 fnt
|-unboost|p1a: Tatsugiri|spa|2
|faint|p2a: Corviknight
|
|win|spellbreakvgc
