|j|☆ak47Akimbo
|j|☆AntonioCartana
|html|ak47AkimboAntonioCartana    
|uhtml|bestof|Game 1 of a best-of-3
|t:|1757175058
|gametype|doubles
|player|p1|ak47Akimbo|wattson|1016
|player|p2|AntonioCartana|bruno|1067
|gen|9
|tier|[Gen 9] VGC 2025 Reg H (Bo3)
|rated|
|rule|Species Clause: Limit one of each Pokémon
|rule|Item Clause: Limit 1 of each item
|clearpoke
|poke|p1|Torkoal, L50, M|
|poke|p1|Indeedee-F, L50, F|
|poke|p1|Typhlosion, L50, M|
|poke|p1|Armarouge, L50, M|
|poke|p1|Magmar, L50, F|
|poke|p1|Murkrow, L50, F|
|poke|p2|Ursaluna, L50, M|
|poke|p2|Gholdengo, L50|
|poke|p2|Porygon2, L50|
|poke|p2|Amoonguss, L50, M|
|poke|p2|Incineroar, L50, F|
|poke|p2|Dragonite, L50, F|
|teampreview|4
|showteam|p1|Torkoal||QuickClaw|Drought|Eruption,EarthPower,HeatWave,Protect|||M|||50|,,,,,Stellar]Indeedee-F||BrightPowder|PsychicSurge|TrickRoom,HelpingHand,Psychic,Protect|||F|||50|,,,,,Dark]Typhlosion||ChoiceScarf|FlashFire|LavaPlume,Eruption,ShadowBall,SolarBeam|||M|||50|,,,,,Grass]Armarouge||CovertCloak|FlashFire|TrickRoom,LavaPlume,Protect,ExpandingForce|||M|||50|,,,,,Grass]Magmar||Eviolite|VitalSpirit|LavaPlume,FollowMe,Taunt,HelpingHand|||F|||50|,,,,,Flying]Murkrow||FocusSash|Prankster|Tailwind,SunnyDay,BraveBird,FoulPlay|||F|||50|,,,,,Flying
|showteam|p2|Ursaluna||FlameOrb|Guts|Facade,Earthquake,HeadlongRush,Protect|||M|||50|,,,,,Ghost]Gholdengo||LifeOrb|GoodasGold|MakeItRain,ShadowBall,NastyPlot,Protect||||||50|,,,,,Water]Porygon2||Eviolite|Download|TeraBlast,IceBeam,Recover,TrickRoom||||||50|,,,,,Fighting]Amoonguss||CovertCloak|Regenerator|PollenPuff,ClearSmog,RagePowder,Spore|||M|||50|,,,,,Water]Incineroar||SitrusBerry|Intimidate|FakeOut,FlareBlitz,KnockOff,PartingShot|||F|||50|,,,,,Ghost]Dragonite||LoadedDice|Multiscale|ScaleShot,Tailwind,IceSpinner,Protect|||F|||50|,,,,,Fairy
|inactive|Battle timer is ON: inactive players will automatically lose when time's up. (requested by AntonioCartana)
|inactive|ak47Akimbo has 60 seconds left.
|inactive|AntonioCartana has 60 seconds left.
|
|t:|1757175118
|teamsize|p1|4
|teamsize|p2|4
|start
|switch|p1a: Typhlosion|Typhlosion, L50, M|100/100
|switch|p1b: Armarouge|Armarouge, L50, M|100/100
|switch|p2a: Incineroar|Incineroar, L50, F|100/100
|switch|p2b: giuanni|Dragonite, L50, F|100/100
|-ability|p2a: Incineroar|Intimidate|boost
|-unboost|p1a: Typhlosion|atk|1
|-unboost|p1b: Armarouge|atk|1
|turn|1
|
|t:|1757175140
|move|p2a: Incineroar|Fake Out|p1a: Typhlosion
|-damage|p1a: Typhlosion|82/100
|cant|p1a: Typhlosion|flinch
|move|p2b: giuanni|Tailwind|p2b: giuanni
|-sidestart|p2: AntonioCartana|move: Tailwind
|move|p1b: Armarouge|Lava Plume|p2b: giuanni|[spread] p2a,p2b
|-start|p1a: Typhlosion|ability: Flash Fire
|-resisted|p2a: Incineroar
|-resisted|p2b: giuanni
|-damage|p2a: Incineroar|86/100
|-damage|p2b: giuanni|94/100
|
|upkeep
|turn|2
|
|t:|1757175159
|move|p2b: giuanni|Scale Shot|p1a: Typhlosion
|-damage|p1a: Typhlosion|63/100
|-damage|p1a: Typhlosion|44/100
|-damage|p1a: Typhlosion|26/100
|-damage|p1a: Typhlosion|6/100
|-hitcount|p1a: Typhlosion|4
|-unboost|p2b: giuanni|def|1
|-boost|p2b: giuanni|spe|1
|move|p1a: Typhlosion|Lava Plume|p2a: Incineroar|[spread] p2a,p2b
|-start|p1b: Armarouge|ability: Flash Fire
|-resisted|p2a: Incineroar
|-resisted|p2b: giuanni
|-damage|p2a: Incineroar|67/100
|-damage|p2b: giuanni|74/100
|-status|p2b: giuanni|brn
|move|p2a: Incineroar|Knock Off|p1b: Armarouge
|-supereffective|p1b: Armarouge
|-damage|p1b: Armarouge|25/100
|-enditem|p1b: Armarouge|Covert Cloak|[from] move: Knock Off|[of] p2a: Incineroar
|move|p1b: Armarouge|Trick Room|p1b: Armarouge
|-fieldstart|move: Trick Room|[of] p1b: Armarouge
|
|-damage|p2b: giuanni|68/100 brn|[from] brn
|upkeep
|turn|3
|inactive|ak47Akimbo has 30 seconds left.
|inactive|ak47Akimbo has 20 seconds left.
|inactive|ak47Akimbo has 15 seconds left.
|
|t:|1757175201
|switch|p2b: Ursaluna|Ursaluna, L50, M|100/100
|move|p1b: Armarouge|Protect|p1b: Armarouge
|-singleturn|p1b: Armarouge|Protect
|move|p2a: Incineroar|Knock Off|p1a: Typhlosion
|-damage|p1a: Typhlosion|0 fnt
|-enditem|p1a: Typhlosion|Choice Scarf|[from] move: Knock Off|[of] p2a: Incineroar
|faint|p1a: Typhlosion
|
|-status|p2b: Ursaluna|brn|[from] item: Flame Orb
|upkeep
|
|t:|1757175212
|switch|p1a: Torkoal|Torkoal, L50, M|100/100
|-weather|SunnyDay|[from] ability: Drought|[of] p1a: Torkoal
|turn|4
|
|t:|1757175233
|-terastallize|p1a: Torkoal|Stellar
|move|p2b: Ursaluna|Protect|p2b: Ursaluna
|-singleturn|p2b: Ursaluna|Protect
|move|p1a: Torkoal|Eruption|p2b: Ursaluna|[spread] p2a
|-activate|p2b: Ursaluna|move: Protect
|-resisted|p2a: Incineroar
|-damage|p2a: Incineroar|20/100
|-enditem|p2a: Incineroar|Sitrus Berry|[eat]
|-heal|p2a: Incineroar|45/100|[from] item: Sitrus Berry
|move|p1b: Armarouge|Expanding Force|p2b: Ursaluna
|-activate|p2b: Ursaluna|move: Protect
|move|p2a: Incineroar|Knock Off|p1b: Armarouge
|-supereffective|p1b: Armarouge
|-damage|p1b: Armarouge|0 fnt
|faint|p1b: Armarouge
|
|-weather|SunnyDay|[upkeep]
|-damage|p2b: Ursaluna|95/100 brn|[from] brn
|-sideend|p2: AntonioCartana|move: Tailwind
|upkeep
|
|t:|1757175247
|switch|p1b: Magmar|Magmar, L50, F|100/100
|turn|5
|-activate|p1a: Torkoal|item: Quick Claw
|
|t:|1757175258
|switch|p2a: giuanni|Dragonite, L50, F|68/100 brn
|move|p1b: Magmar|Helping Hand|p1a: Torkoal
|-singleturn|p1a: Torkoal|Helping Hand|[of] p1b: Magmar
|move|p1a: Torkoal|Eruption|p2b: Ursaluna|[spread] p2a,p2b
|-resisted|p2a: giuanni
|-damage|p2a: giuanni|18/100 brn
|-damage|p2b: Ursaluna|0 fnt
|faint|p2b: Ursaluna
|
|-weather|SunnyDay|[upkeep]
|-damage|p2a: giuanni|12/100 brn|[from] brn
|upkeep
|
|t:|1757175273
|switch|p2b: Gholdengo|Gholdengo, L50|100/100
|turn|6
|
|t:|1757175296
|-terastallize|p2b: Gholdengo|Water
|move|p1b: Magmar|Helping Hand|p1a: Torkoal
|-singleturn|p1a: Torkoal|Helping Hand|[of] p1b: Magmar
|move|p2a: giuanni|Protect|p2a: giuanni
|-singleturn|p2a: giuanni|Protect
|move|p1a: Torkoal|Eruption|p2b: Gholdengo|[spread] p2b
|-activate|p2a: giuanni|move: Protect
|-resisted|p2b: Gholdengo
|-damage|p2b: Gholdengo|36/100
|move|p2b: Gholdengo|Nasty Plot|p2b: Gholdengo
|-boost|p2b: Gholdengo|spa|2
|
|-weather|SunnyDay|[upkeep]
|-damage|p2a: giuanni|6/100 brn|[from] brn
|-fieldend|move: Trick Room
|upkeep
|turn|7
|inactive|ak47Akimbo has 30 seconds left.
|-activate|p1a: Torkoal|item: Quick Claw
|
|t:|1757175323
|move|p1a: Torkoal|Earth Power|p2b: Gholdengo
|-damage|p2b: Gholdengo|0 fnt
|faint|p2b: Gholdengo
|move|p2a: giuanni|Scale Shot|p1b: Magmar
|-damage|p1b: Magmar|95/100
|-damage|p1b: Magmar|88/100
|-damage|p1b: Magmar|82/100
|-damage|p1b: Magmar|76/100
|-damage|p1b: Magmar|71/100
|-hitcount|p1b: Magmar|5
|-unboost|p2a: giuanni|def|1
|-boost|p2a: giuanni|spe|1
|move|p1b: Magmar|Lava Plume|p2a: giuanni|[spread] p1a,p2a
|-resisted|p1a: Torkoal
|-resisted|p2a: giuanni
|-damage|p1a: Torkoal|79/100
|-damage|p2a: giuanni|0 fnt
|faint|p2a: giuanni
|
|-weather|SunnyDay|[upkeep]
|upkeep
|
|t:|1757175346
|switch|p2b: Incineroar|Incineroar, L50, F|45/100
|-ability|p2b: Incineroar|Intimidate|boost
|-unboost|p1a: Torkoal|atk|1
|-unboost|p1b: Magmar|atk|1
|turn|8
|
|t:|1757175355
|move|p1b: Magmar|Follow Me|p1b: Magmar
|-singleturn|p1b: Magmar|move: Follow Me
|move|p2b: Incineroar|Knock Off|p1b: Magmar
|-damage|p1b: Magmar|30/100
|-enditem|p1b: Magmar|Eviolite|[from] move: Knock Off|[of] p2b: Incineroar
|move|p1a: Torkoal|Earth Power|p2b: Incineroar
|-supereffective|p2b: Incineroar
|-damage|p2b: Incineroar|0 fnt
|faint|p2b: Incineroar
|
|win|ak47Akimbo
