|j|☆MiraiQuaza
|j|☆gargatest
|html|MiraiQuazagargatest    
|uhtml|bestof|Game 2 of a best-of-3
|t:|1756556872
|gametype|doubles
|player|p1|MiraiQuaza|lucas|1200
|player|p2|gargatest|cyclist|1122
|gen|9
|tier|[Gen 9] VGC 2025 Reg H (Bo3)
|rated|
|rule|Species Clause: Limit one of each Pokémon
|rule|Item Clause: Limit 1 of each item
|clearpoke
|poke|p1|Charizard, L50, M|
|poke|p1|Archaludon, L50, M|
|poke|p1|Dragonite, L50, M|
|poke|p1|Whimsicott, L50, F|
|poke|p1|Incineroar, L50, M|
|poke|p1|Amoonguss, L50, F|
|poke|p2|Gyarados, L50, M|
|poke|p2|Sneasler, L50, M|
|poke|p2|Indeedee, L50, M|
|poke|p2|Volcarona, L50, F|
|poke|p2|Ursaluna-Bloodmoon, L50, M|
|poke|p2|Tyranitar, L50, M|
|teampreview|4
|showteam|p1|Charizard||ChoiceSpecs|SolarPower|HeatWave,AirSlash,SolarBeam,Overheat|||M|||50|,,,,,Fire]Archaludon||AssaultVest|Stamina|DracoMeteor,ElectroShot,BodyPress,Snarl|||M|||50|,,,,,Grass]Dragonite||LoadedDice|InnerFocus|ScaleShot,TeraBlast,Haze,Protect|||M|||50|,,,,,Poison]Whimsicott||CovertCloak|Prankster|Tailwind,SunnyDay,Moonblast,BeatUp|||F|||50|,,,,,Ghost]Incineroar||SafetyGoggles|Intimidate|PartingShot,KnockOff,FlareBlitz,FakeOut|||M|||50|,,,,,Ghost]Amoonguss||Leftovers|Regenerator|Spore,PollenPuff,RagePowder,Protect|||F|||50|,,,,,Water
|showteam|p2|Gyarados||SafetyGoggles|Intimidate|Taunt,ThunderWave,Waterfall,Protect|||M|||50|,,,,,Steel]Sneasler||PsychicSeed|Unburden|CloseCombat,DireClaw,ThroatChop,Protect|||M|||50|,,,,,Dark]Indeedee||ChoiceScarf|PsychicSurge|ExpandingForce,TeraBlast,Trick,Protect|||M|||50|,,,,,Psychic]Volcarona||SitrusBerry|FlameBody|Overheat,StruggleBug,RagePowder,Tailwind|||F|||50|,,,,,Grass]Ursaluna-Bloodmoon||LifeOrb|MindsEye|HyperVoice,BloodMoon,EarthPower,Protect|||M|||50|,,,,,Normal]Tyranitar||AssaultVest|SandStream|LowKick,TeraBlast,KnockOff,RockSlide|||M|||50|,,,,,Flying
|inactive|Battle timer is ON: inactive players will automatically lose when time's up. (requested by MiraiQuaza)
|
|t:|1756556888
|teamsize|p1|4
|teamsize|p2|4
|start
|switch|p1a: Whimsicott|Whimsicott, L50, F|100/100
|switch|p1b: Charizard|Charizard, L50, M, shiny|100/100
|switch|p2a: Sneasler|Sneasler, L50, M|100/100
|switch|p2b: Indeedee|Indeedee, L50, M, shiny|100/100
|-fieldstart|move: Psychic Terrain|[from] ability: Psychic Surge|[of] p2b: Indeedee
|-enditem|p2a: Sneasler|Psychic Seed
|-boost|p2a: Sneasler|spd|1|[from] item: Psychic Seed
|turn|1
|
|t:|1756556907
|switch|p1a: Incineroar|Incineroar, L50, M|100/100
|-ability|p1a: Incineroar|Intimidate|boost
|-unboost|p2a: Sneasler|atk|1
|-unboost|p2b: Indeedee|atk|1
|move|p2a: Sneasler|Dire Claw|p1b: Charizard
|-damage|p1b: Charizard|56/100
|move|p2b: Indeedee|Expanding Force|p1a: Incineroar|[spread] p1b
|-immune|p1a: Incineroar
|-damage|p1b: Charizard|0 fnt
|faint|p1b: Charizard
|
|upkeep
|
|t:|1756556920
|switch|p1b: Whimsicott|Whimsicott, L50, F|100/100
|turn|2
|
|t:|1756556928
|switch|p2b: Gyarados|Gyarados, L50, M, shiny|100/100
|-ability|p2b: Gyarados|Intimidate|boost
|-unboost|p1a: Incineroar|atk|1
|-unboost|p1b: Whimsicott|atk|1
|switch|p1a: Archaludon|Archaludon, L50, M|100/100
|-terastallize|p1b: Whimsicott|Ghost
|move|p2a: Sneasler|Dire Claw|p1b: Whimsicott
|-resisted|p1b: Whimsicott
|-damage|p1b: Whimsicott|82/100
|move|p1b: Whimsicott|Beat Up|p1a: Archaludon
|-damage|p1a: Archaludon|98/100
|-ability|p1a: Archaludon|Stamina|boost
|-boost|p1a: Archaludon|def|1
|-damage|p1a: Archaludon|97/100
|-ability|p1a: Archaludon|Stamina|boost
|-boost|p1a: Archaludon|def|1
|-damage|p1a: Archaludon|96/100
|-ability|p1a: Archaludon|Stamina|boost
|-boost|p1a: Archaludon|def|1
|-hitcount|p1a: Archaludon|3
|
|upkeep
|turn|3
|inactive|MiraiQuaza has 30 seconds left.
|inactive|MiraiQuaza has 20 seconds left.
|inactive|MiraiQuaza has 15 seconds left.
|
|t:|1756556969
|move|p2a: Sneasler|Throat Chop|p1b: Whimsicott
|-supereffective|p1b: Whimsicott
|-damage|p1b: Whimsicott|33/100
|move|p1b: Whimsicott|Moonblast|p2a: Sneasler
|-damage|p2a: Sneasler|75/100
|move|p1a: Archaludon|Electro Shot||[still]
|-prepare|p1a: Archaludon|Electro Shot
|-boost|p1a: Archaludon|spa|1
|move|p2b: Gyarados|Thunder Wave|p1a: Archaludon
|-status|p1a: Archaludon|par
|
|upkeep
|turn|4
|
|t:|1756556983
|move|p2b: Gyarados|Protect|p2b: Gyarados
|-singleturn|p2b: Gyarados|Protect
|move|p1b: Whimsicott|Tailwind|p1b: Whimsicott
|-sidestart|p1: MiraiQuaza|move: Tailwind
|move|p2a: Sneasler|Dire Claw|p1b: Whimsicott
|-resisted|p1b: Whimsicott
|-damage|p1b: Whimsicott|13/100
|cant|p1a: Archaludon|par
|
|upkeep
|turn|5
|
|t:|1756557006
|switch|p2b: Tyranitar|Tyranitar, L50, M, shiny|100/100
|-weather|Sandstorm|[from] ability: Sand Stream|[of] p2b: Tyranitar
|move|p1b: Whimsicott|Moonblast|p2b: Tyranitar
|-supereffective|p2b: Tyranitar
|-damage|p2b: Tyranitar|80/100
|-unboost|p2b: Tyranitar|spa|1
|move|p2a: Sneasler|Throat Chop|p1b: Whimsicott
|-supereffective|p1b: Whimsicott
|-damage|p1b: Whimsicott|0 fnt
|faint|p1b: Whimsicott
|move|p1a: Archaludon|Draco Meteor|p2b: Tyranitar
|-damage|p2b: Tyranitar|44/100
|-unboost|p1a: Archaludon|spa|2
|
|-weather|Sandstorm|[upkeep]
|-damage|p2a: Sneasler|69/100|[from] Sandstorm
|-fieldend|move: Psychic Terrain
|upkeep
|
|t:|1756557023
|switch|p1b: Incineroar|Incineroar, L50, M|100/100
|-ability|p1b: Incineroar|Intimidate|boost
|-unboost|p2a: Sneasler|atk|1
|-unboost|p2b: Tyranitar|atk|1
|turn|6
|
|t:|1756557044
|switch|p2a: Gyarados|Gyarados, L50, M, shiny|100/100
|-ability|p2a: Gyarados|Intimidate|boost
|-unboost|p1a: Archaludon|atk|1
|-unboost|p1b: Incineroar|atk|1
|-terastallize|p2b: Tyranitar|Flying
|move|p1b: Incineroar|Flare Blitz|p2a: Gyarados
|-resisted|p2a: Gyarados
|-damage|p2a: Gyarados|85/100
|-damage|p1b: Incineroar|95/100|[from] Recoil
|cant|p1a: Archaludon|par
|move|p2b: Tyranitar|Knock Off|p1a: Archaludon
|-damage|p1a: Archaludon|85/100 par
|-ability|p1a: Archaludon|Stamina|boost
|-boost|p1a: Archaludon|def|1
|-enditem|p1a: Archaludon|Assault Vest|[from] move: Knock Off|[of] p2b: Tyranitar
|
|-weather|Sandstorm|[upkeep]
|-damage|p2b: Tyranitar|38/100|[from] Sandstorm
|upkeep
|turn|7
|inactive|gargatest has 30 seconds left.
|
|t:|1756557071
|move|p1b: Incineroar|Parting Shot|p2a: Gyarados
|-unboost|p2a: Gyarados|atk|1
|-unboost|p2a: Gyarados|spa|1
|move|p1a: Archaludon|Body Press|p2b: Tyranitar
|-resisted|p2b: Tyranitar
|-damage|p2b: Tyranitar|8/100
|move|p2a: Gyarados|Waterfall|p1b: Incineroar
|-supereffective|p1b: Incineroar
|-damage|p1b: Incineroar|53/100
|move|p2b: Tyranitar|Rock Slide|p1a: Archaludon|[spread] p1a,p1b
|-resisted|p1a: Archaludon
|-supereffective|p1b: Incineroar
|-damage|p1a: Archaludon|82/100 par
|-damage|p1b: Incineroar|14/100
|-ability|p1a: Archaludon|Stamina|boost
|-boost|p1a: Archaludon|def|1
|
|-weather|Sandstorm|[upkeep]
|-damage|p2b: Tyranitar|2/100|[from] Sandstorm
|-sideend|p1: MiraiQuaza|move: Tailwind
|upkeep
|turn|8
|
|t:|1756557094
|move|p2a: Gyarados|Waterfall|p1b: Incineroar
|-supereffective|p1b: Incineroar
|-damage|p1b: Incineroar|0 fnt
|faint|p1b: Incineroar
|move|p2b: Tyranitar|Rock Slide|p1a: Archaludon
|-resisted|p1a: Archaludon
|-crit|p1a: Archaludon
|-damage|p1a: Archaludon|59/100 par
|-ability|p1a: Archaludon|Stamina|boost
|-boost|p1a: Archaludon|def|1
|cant|p1a: Archaludon|flinch
|
|-weather|Sandstorm|[upkeep]
|-damage|p2b: Tyranitar|0 fnt|[from] Sandstorm
|faint|p2b: Tyranitar
|upkeep
|
|t:|1756557107
|switch|p2b: Indeedee|Indeedee, L50, M, shiny|100/100
|-fieldstart|move: Psychic Terrain|[from] ability: Psychic Surge|[of] p2b: Indeedee
|turn|9
|
|t:|1756557115
|switch|p2a: Sneasler|Sneasler, L50, M|69/100
|move|p2b: Indeedee|Expanding Force|p1a: Archaludon
|-resisted|p1a: Archaludon
|-damage|p1a: Archaludon|8/100 par
|move|p1a: Archaludon|Body Press|p2b: Indeedee
|-crit|p2b: Indeedee
|-damage|p2b: Indeedee|0 fnt
|faint|p2b: Indeedee
|
|-weather|none
|upkeep
|
|t:|1756557122
|switch|p2b: Gyarados|Gyarados, L50, M, shiny|85/100
|-ability|p2b: Gyarados|Intimidate|boost
|-unboost|p1a: Archaludon|atk|1
|turn|10
|-message|MiraiQuaza forfeited.
|raw|MiraiQuaza's rating: 1200 → 1169(-31 for losing)
|raw|gargatest's rating: 1122 → 1153(+31 for winning)
|
|win|gargatest
|l|☆MiraiQuaza
|player|p1|
