|j|☆nicholas lommelen
|j|☆margethesimpsons
|html|nicholas lommelenmargethesimpsons    
|uhtml|bestof|Game 1 of a best-of-3
|t:|1785246451
|gametype|doubles
|player|p1|nicholas lommelen|hiker-gen4|1154
|player|p2|margethesimpsons|2|1045
|gen|9
|tier|[Gen 9 Champions] VGC 2026 Reg M-B (Bo3)
|rated|
|rule|Species Clause: Limit one of each Pokémon
|rule|Item Clause: Limit 1 of each item
|clearpoke
|poke|p1|Grimmsnarl, L50, M|
|poke|p1|Pelipper, L50, M|
|poke|p1|Sinistcha, L50|
|poke|p1|Swampert, L50, F|
|poke|p1|Archaludon, L50, F|
|poke|p1|Gholdengo, L50|
|poke|p2|Vivillon-Pokeball, L50, F|
|poke|p2|Tyranitar, L50, M|
|poke|p2|Gengar, L50, M|
|poke|p2|Sneasler, L50, F|
|poke|p2|Maushold, L50|
|poke|p2|Sableye, L50, F|
|teampreview|4
|showteam|p1|Grimmsnarl||LightClay|Prankster|Reflect,LightScreen,FoulPlay,PartingShot|Careful||M|||50|]Pelipper||SitrusBerry|Drizzle|Hurricane,WeatherBall,Tailwind,WideGuard|Modest||M|||50|]Sinistcha||KasibBerry|Hospitality|Protect,RagePowder,MatchaGotcha,LifeDew|Bold|||||50|]Swampert||Swampertite|Damp|WaveCrash,Earthquake,IcePunch,Protect|Adamant||F|||50|]Archaludon||Leftovers|Stamina|ElectroShot,DragonPulse,FlashCannon,Protect|Modest||F|||50|]Gholdengo||LifeOrb|GoodasGold|MakeItRain,ShadowBall,NastyPlot,Protect|Modest|||||50|
|showteam|p2|Vivillon-Pokeball||ChoiceScarf|CompoundEyes|SleepPowder,Hurricane,RagePowder,Tailwind|Timid||F|||50|]Tyranitar||Tyranitarite|Unnerve|DragonDance,RockSlide,KnockOff,Protect|Adamant||M|||50|]Gengar||Gengarite|CursedBody|Hex,Protect,SludgeBomb,Substitute|Timid||M|||50|]Sneasler||WhiteHerb|Unburden|FakeOut,CloseCombat,DireClaw,Taunt|Adamant||F|||50|]Maushold||SitrusBerry|FriendGuard|FollowMe,SuperFang,Protect,Encore|Timid|||||50|]Sableye||RoseliBerry|Prankster|WillOWisp,FakeOut,FoulPlay,Disable|Careful||F|||50|
|inactive|Battle timer is ON: inactive players will automatically lose when time's up. (requested by nicholas lommelen)
|
|t:|1785246503
|teamsize|p1|4
|teamsize|p2|4
|start
|switch|p1a: Grimmsnarl|Grimmsnarl, L50, M|100/100
|switch|p1b: Swampert|Swampert, L50, F|100/100
|switch|p2a: Tyranitar|Tyranitar, L50, M|100/100
|switch|p2b: Sneasler|Sneasler, L50, F|100/100
|-ability|p2a: Tyranitar|Unnerve
|turn|1
|
|t:|1785246516
|detailschange|p1b: Swampert|Swampert-Mega, L50, F
|-mega|p1b: Swampert|Swampert|Swampertite
|move|p1b: Swampert|Protect|p1b: Swampert
|-singleturn|p1b: Swampert|Protect
|move|p2b: Sneasler|Fake Out|p1b: Swampert
|-activate|p1b: Swampert|move: Protect
|move|p1a: Grimmsnarl|Reflect|p1a: Grimmsnarl
|-sidestart|p1: nicholas lommelen|Reflect
|move|p2a: Tyranitar|Dragon Dance|p2a: Tyranitar
|-boost|p2a: Tyranitar|atk|1
|-boost|p2a: Tyranitar|spe|1
|
|upkeep
|turn|2
|inactive|nicholas lommelen has 30 seconds left.
|inactive|nicholas lommelen has 20 seconds left.
|
|t:|1785246551
|switch|p2b: Sableye|Sableye, L50, F|100/100
|move|p2a: Tyranitar|Protect|p2a: Tyranitar
|-singleturn|p2a: Tyranitar|Protect
|move|p1a: Grimmsnarl|Parting Shot|p2b: Sableye
|-hint|Since gen 7, Dark is immune to Prankster moves.
|-immune|p2b: Sableye
|move|p1b: Swampert|Earthquake|p2a: Tyranitar|[spread] p1a,p2b
|-activate|p2a: Tyranitar|move: Protect
|-damage|p1a: Grimmsnarl|64/100
|-damage|p2b: Sableye|36/100
|
|upkeep
|turn|3
|inactive|nicholas lommelen has 30 seconds left.
|
|t:|1785246577
|switch|p1a: Sinistcha|Sinistcha, L50|100/100
|move|p2b: Sableye|Fake Out|p1b: Swampert
|-crit|p1b: Swampert
|-damage|p1b: Swampert|89/100
|move|p2a: Tyranitar|Dragon Dance|p2a: Tyranitar
|-boost|p2a: Tyranitar|atk|1
|-boost|p2a: Tyranitar|spe|1
|cant|p1b: Swampert|flinch
|
|upkeep
|turn|4
|
|t:|1785246598
|switch|p2b: Sneasler|Sneasler, L50, F|100/100
|move|p2a: Tyranitar|Protect|p2a: Tyranitar
|-singleturn|p2a: Tyranitar|Protect
|move|p1b: Swampert|Wave Crash|p2a: Tyranitar
|-activate|p2a: Tyranitar|move: Protect
|move|p1a: Sinistcha|Matcha Gotcha|p2a: Tyranitar|[spread] p2b
|-activate|p2a: Tyranitar|move: Protect
|-resisted|p2b: Sneasler|1
|-damage|p2b: Sneasler|84/100
|
|upkeep
|turn|5
|
|t:|1785246614
|move|p1b: Swampert|Protect|p1b: Swampert
|-singleturn|p1b: Swampert|Protect
|move|p2b: Sneasler|Fake Out|p1b: Swampert
|-activate|p1b: Swampert|move: Protect
|move|p2a: Tyranitar|Knock Off|p1a: Sinistcha
|-supereffective|p1a: Sinistcha|1
|-damage|p1a: Sinistcha|0 fnt
|-enditem|p1a: Sinistcha|Kasib Berry|[from] move: Knock Off|[of] p2a: Tyranitar
|faint|p1a: Sinistcha
|
|upkeep
|
|t:|1785246626
|switch|p1a: Grimmsnarl|Grimmsnarl, L50, M|64/100
|turn|6
|
|t:|1785246640
|move|p2a: Tyranitar|Protect|p2a: Tyranitar
|-singleturn|p2a: Tyranitar|Protect
|move|p1a: Grimmsnarl|Parting Shot|p2b: Sneasler
|-unboost|p2b: Sneasler|atk|1
|-unboost|p2b: Sneasler|spa|1
|
|t:|1785246645
|switch|p1a: Pelipper|Pelipper, L50, M|100/100|[from] Parting Shot
|-enditem|p2b: Sneasler|White Herb
|-clearnegativeboost|p2b: Sneasler|[silent]
|-weather|RainDance|[from] ability: Drizzle|[of] p1a: Pelipper
|move|p2b: Sneasler|Close Combat|p1b: Swampert
|-damage|p1b: Swampert|50/100g
|-unboost|p2b: Sneasler|def|1
|-unboost|p2b: Sneasler|spd|1
|move|p1b: Swampert|Earthquake|p2a: Tyranitar|[spread] p2b
|-activate|p2a: Tyranitar|move: Protect
|-immune|p1a: Pelipper
|-supereffective|p2b: Sneasler|1
|-damage|p2b: Sneasler|0 fnt
|faint|p2b: Sneasler
|
|-weather|RainDance|[upkeep]
|upkeep
|
|t:|1785246662
|switch|p2b: Sableye|Sableye, L50, F|36/100
|turn|7
|
|t:|1785246678
|switch|p1a: Grimmsnarl|Grimmsnarl, L50, M|64/100
|move|p1b: Swampert|Protect|p1b: Swampert
|-singleturn|p1b: Swampert|Protect
|move|p2b: Sableye|Fake Out|p1b: Swampert
|-activate|p1b: Swampert|move: Protect
|move|p2a: Tyranitar|Rock Slide|p1a: Grimmsnarl|[spread] p1a
|-activate|p1b: Swampert|move: Protect
|-damage|p1a: Grimmsnarl|16/100
|
|-weather|RainDance|[upkeep]
|upkeep
|turn|8
|inactive|margethesimpsons has 30 seconds left.
|
|t:|1785246705
|move|p2a: Tyranitar|Protect|p2a: Tyranitar
|-singleturn|p2a: Tyranitar|Protect
|move|p1a: Grimmsnarl|Light Screen|p1a: Grimmsnarl
|-sidestart|p1: nicholas lommelen|move: Light Screen
|move|p2b: Sableye|Will-O-Wisp|p1b: Swampert
|-status|p1b: Swampert|brn
|move|p1b: Swampert|Wave Crash|p2a: Tyranitar
|-activate|p2a: Tyranitar|move: Protect
|
|-weather|RainDance|[upkeep]
|-damage|p1b: Swampert|44/100 brn|[from] brn
|-sideend|p1: nicholas lommelen|Reflect
|upkeep
|turn|9
|inactive|margethesimpsons has 30 seconds left.
|
|t:|1785246730
|switch|p1a: Pelipper|Pelipper, L50, M|100/100
|switch|p2b: Maushold|Maushold, L50|100/100
|detailschange|p2a: Tyranitar|Tyranitar-Mega, L50, M
|-mega|p2a: Tyranitar|Tyranitar|Tyranitarite
|-weather|Sandstorm|[from] ability: Sand Stream|[of] p2a: Tyranitar
|move|p2a: Tyranitar|Knock Off|p1b: Swampert
|-damage|p1b: Swampert|0 fnt
|faint|p1b: Swampert
|
|-weather|Sandstorm|[upkeep]
|-damage|p2b: Maushold|93/100|[from] Sandstorm
|-damage|p1a: Pelipper|94/100|[from] Sandstorm
|upkeep
|-message|nicholas lommelen forfeited.
|
|win|margethesimpsons
|l|☆nicholas lommelen
|player|p1|
