|j|☆gonnatortureyou
|j|☆Reeene
|html|gonnatortureyouReeene    
|uhtml|bestof|Game 3 of a best-of-3
|t:|1757196043
|gametype|doubles
|player|p1|gonnatortureyou|2|1093
|player|p2|Reeene|265|1040
|gen|9
|tier|[Gen 9] VGC 2025 Reg H (Bo3)
|rated|
|rule|Species Clause: Limit one of each Pokémon
|rule|Item Clause: Limit 1 of each item
|clearpoke
|poke|p1|Dragonite, L50, F|
|poke|p1|Kingambit, L50, F|
|poke|p1|Electabuzz, L50, M|
|poke|p1|Rillaboom, L50, M|
|poke|p1|Volcarona, L50, M|
|poke|p1|Sneasler, L50, M|
|poke|p2|Whimsicott, L50, M|
|poke|p2|Gholdengo, L50|
|poke|p2|Ursaluna-Bloodmoon, L50, M|
|poke|p2|Pelipper, L50, F|
|poke|p2|Archaludon, L50, M|
|poke|p2|Basculegion, L50, M|
|teampreview|4
|showteam|p1|Dragonite||LoadedDice|Multiscale|ScaleShot,ExtremeSpeed,Haze,Protect|||F|||50|,,,,,Fairy]Kingambit||BlackGlasses|Defiant|KowtowCleave,SuckerPunch,SwordsDance,Protect|||F|||50|,,,,,Dark]Electabuzz||Eviolite|VitalSpirit|Thunderbolt,Taunt,FollowMe,Protect|||M|||50|,,,,,Ghost]Rillaboom||AssaultVest|GrassySurge|WoodHammer,GrassyGlide,HighHorsepower,FakeOut|||M|||50|,,,,,Fire]Volcarona||Leftovers|FlameBody|HeatWave,TeraBlast,QuiverDance,Protect|||M|||50|,,,,,Fairy]Sneasler||FocusSash|Unburden|CloseCombat,DireClaw,Coaching,Protect|||M|||50|,,,,,Stellar
|showteam|p2|Whimsicott||CovertCloak|Prankster|Moonblast,Taunt,FakeTears,Tailwind|||M|||50|,,,,,Steel]Gholdengo||LifeOrb|GoodasGold|MakeItRain,ShadowBall,TeraBlast,Protect||||||50|,,,,,Fighting]Ursaluna-Bloodmoon||AssaultVest|MindsEye|HyperVoice,BloodMoon,EarthPower,VacuumWave|||M|||50|,,,,,Fighting]Pelipper||JabocaBerry|Drizzle|WeatherBall,Hurricane,MuddyWater,WideGuard|||F|||50|,,,,,Steel]Archaludon||PowerHerb|Sturdy|ElectroShot,DracoMeteor,FlashCannon,Protect|||M|||50|,,,,,Electric]Basculegion||FocusSash|Adaptability|Liquidation,LastRespects,AquaJet,Protect|||M|||50|,,,,,Ghost
|inactive|Battle timer is ON: inactive players will automatically lose when time's up. (requested by gonnatortureyou)
|inactive|gonnatortureyou has 60 seconds left.
|
|t:|1757196083
|teamsize|p1|4
|teamsize|p2|4
|start
|switch|p1a: Kingambit|Kingambit, L50, F|100/100
|switch|p1b: Rillaboom|Rillaboom, L50, M|100/100
|switch|p2a: Gholdengo|Gholdengo, L50|100/100
|switch|p2b: Ursaluna|Ursaluna-Bloodmoon, L50, M|100/100
|-fieldstart|move: Grassy Terrain|[from] ability: Grassy Surge|[of] p1b: Rillaboom
|turn|1
|inactive|Reeene has 30 seconds left.
|
|t:|1757196117
|-terastallize|p2b: Ursaluna|Fighting
|-terastallize|p1a: Kingambit|Dark
|move|p2a: Gholdengo|Protect|p2a: Gholdengo
|-singleturn|p2a: Gholdengo|Protect
|move|p1b: Rillaboom|Fake Out|p2a: Gholdengo
|-activate|p2a: Gholdengo|move: Protect
|move|p2b: Ursaluna|Vacuum Wave|p1a: Kingambit
|-supereffective|p1a: Kingambit
|-damage|p1a: Kingambit|60/100
|move|p1a: Kingambit|Swords Dance|p1a: Kingambit
|-boost|p1a: Kingambit|atk|2
|
|-heal|p1a: Kingambit|66/100|[from] Grassy Terrain
|upkeep
|turn|2
|
|t:|1757196136
|switch|p2a: Whimsicott|Whimsicott, L50, M|100/100
|move|p2b: Ursaluna|Vacuum Wave|p1a: Kingambit
|-supereffective|p1a: Kingambit
|-damage|p1a: Kingambit|26/100
|move|p1a: Kingambit|Sucker Punch||[still]
|-fail|p1a: Kingambit
|move|p1b: Rillaboom|Wood Hammer|p2b: Ursaluna
|-damage|p2b: Ursaluna|42/100
|-damage|p1b: Rillaboom|82/100|[from] Recoil
|
|-heal|p1b: Rillaboom|88/100|[from] Grassy Terrain
|-heal|p2b: Ursaluna|48/100|[from] Grassy Terrain
|-heal|p1a: Kingambit|32/100|[from] Grassy Terrain
|upkeep
|turn|3
|
|t:|1757196157
|move|p1a: Kingambit|Protect|p1a: Kingambit
|-singleturn|p1a: Kingambit|Protect
|move|p2a: Whimsicott|Tailwind|p2a: Whimsicott
|-sidestart|p2: Reeene|move: Tailwind
|move|p2b: Ursaluna|Vacuum Wave|p1a: Kingambit
|-activate|p1a: Kingambit|move: Protect
|move|p1b: Rillaboom|Wood Hammer|p2b: Ursaluna
|-damage|p2b: Ursaluna|0 fnt
|faint|p2b: Ursaluna
|-damage|p1b: Rillaboom|74/100|[from] Recoil
|
|-heal|p1b: Rillaboom|80/100|[from] Grassy Terrain
|-heal|p1a: Kingambit|39/100|[from] Grassy Terrain
|upkeep
|
|t:|1757196168
|switch|p2b: Gholdengo|Gholdengo, L50|100/100
|turn|4
|
|t:|1757196180
|move|p2b: Gholdengo|Protect|p2b: Gholdengo
|-singleturn|p2b: Gholdengo|Protect
|move|p1a: Kingambit|Sucker Punch||[still]
|-fail|p1a: Kingambit
|move|p2a: Whimsicott|Moonblast|p1a: Kingambit
|-supereffective|p1a: Kingambit
|-damage|p1a: Kingambit|0 fnt
|faint|p1a: Kingambit
|move|p1b: Rillaboom|Wood Hammer|p2a: Whimsicott
|-resisted|p2a: Whimsicott
|-damage|p2a: Whimsicott|52/100
|-damage|p1b: Rillaboom|66/100|[from] Recoil
|
|-heal|p2a: Whimsicott|58/100|[from] Grassy Terrain
|-heal|p1b: Rillaboom|72/100|[from] Grassy Terrain
|upkeep
|
|t:|1757196183
|switch|p1a: Volcarona|Volcarona, L50, M|100/100
|turn|5
|
|t:|1757196200
|switch|p1b: Electabuzz|Electabuzz, L50, M|100/100
|move|p2a: Whimsicott|Fake Tears|p1a: Volcarona
|-unboost|p1a: Volcarona|spd|2
|move|p2b: Gholdengo|Make It Rain|p1a: Volcarona|[spread] p1a,p1b
|-resisted|p1a: Volcarona
|-resisted|p1b: Electabuzz
|-damage|p1a: Volcarona|37/100
|-damage|p1b: Electabuzz|73/100
|-unboost|p2b: Gholdengo|spa|1
|-damage|p2b: Gholdengo|91/100|[from] item: Life Orb
|move|p1a: Volcarona|Quiver Dance|p1a: Volcarona
|-boost|p1a: Volcarona|spa|1
|-boost|p1a: Volcarona|spd|1
|-boost|p1a: Volcarona|spe|1
|
|-heal|p2a: Whimsicott|64/100|[from] Grassy Terrain
|-heal|p2b: Gholdengo|97/100|[from] Grassy Terrain
|-heal|p1a: Volcarona|43/100|[from] Grassy Terrain
|-heal|p1a: Volcarona|49/100|[from] item: Leftovers
|-heal|p1b: Electabuzz|78/100|[from] Grassy Terrain
|-fieldend|move: Grassy Terrain
|upkeep
|turn|6
|inactive|Reeene has 30 seconds left.
|inactive|Reeene has 20 seconds left.
|
|t:|1757196236
|switch|p1b: Rillaboom|Rillaboom, L50, M|72/100
|-fieldstart|move: Grassy Terrain|[from] ability: Grassy Surge|[of] p1b: Rillaboom
|move|p1a: Volcarona|Protect|p1a: Volcarona
|-singleturn|p1a: Volcarona|Protect
|move|p2a: Whimsicott|Fake Tears|p1a: Volcarona
|-activate|p1a: Volcarona|move: Protect
|move|p2b: Gholdengo|Make It Rain|p1b: Rillaboom|[spread] p1b
|-activate|p1a: Volcarona|move: Protect
|-damage|p1b: Rillaboom|40/100
|-unboost|p2b: Gholdengo|spa|1
|-damage|p2b: Gholdengo|87/100|[from] item: Life Orb
|
|-heal|p2a: Whimsicott|70/100|[from] Grassy Terrain
|-heal|p2b: Gholdengo|93/100|[from] Grassy Terrain
|-heal|p1a: Volcarona|56/100|[from] Grassy Terrain
|-heal|p1a: Volcarona|62/100|[from] item: Leftovers
|-heal|p1b: Rillaboom|46/100|[from] Grassy Terrain
|-sideend|p2: Reeene|move: Tailwind
|upkeep
|turn|7
|
|t:|1757196251
|move|p1b: Rillaboom|Fake Out|p2a: Whimsicott
|-damage|p2a: Whimsicott|55/100
|move|p2a: Whimsicott|Fake Tears|p1a: Volcarona
|-unboost|p1a: Volcarona|spd|2
|move|p1a: Volcarona|Heat Wave|p2b: Gholdengo|[spread] p2b
|-miss|p1a: Volcarona|p2a: Whimsicott
|-supereffective|p2b: Gholdengo
|-damage|p2b: Gholdengo|0 fnt
|faint|p2b: Gholdengo
|
|-heal|p1a: Volcarona|68/100|[from] Grassy Terrain
|-heal|p1a: Volcarona|74/100|[from] item: Leftovers
|-heal|p2a: Whimsicott|61/100|[from] Grassy Terrain
|-heal|p1b: Rillaboom|52/100|[from] Grassy Terrain
|upkeep
|
|t:|1757196261
|switch|p2b: Basculegion|Basculegion, L50, M|100/100
|turn|8
|
|t:|1757196271
|move|p2a: Whimsicott|Tailwind|p2a: Whimsicott
|-sidestart|p2: Reeene|move: Tailwind
|move|p1b: Rillaboom|Grassy Glide|p2b: Basculegion
|-supereffective|p2b: Basculegion
|-damage|p2b: Basculegion|12/100
|move|p2b: Basculegion|Liquidation|p1a: Volcarona
|-supereffective|p1a: Volcarona
|-damage|p1a: Volcarona|0 fnt
|-status|p2b: Basculegion|brn|[from] ability: Flame Body|[of] p1a: Volcarona
|faint|p1a: Volcarona
|
|-heal|p2a: Whimsicott|67/100|[from] Grassy Terrain
|-heal|p2b: Basculegion|18/100 brn|[from] Grassy Terrain
|-heal|p1b: Rillaboom|58/100|[from] Grassy Terrain
|-damage|p2b: Basculegion|12/100 brn|[from] brn
|upkeep
|
|t:|1757196277
|switch|p1a: Electabuzz|Electabuzz, L50, M|78/100
|turn|9
|inactive|Reeene has 30 seconds left.
|
|t:|1757196302
|move|p1a: Electabuzz|Follow Me|p1a: Electabuzz
|-singleturn|p1a: Electabuzz|move: Follow Me
|move|p2a: Whimsicott|Fake Tears|p1a: Electabuzz
|-unboost|p1a: Electabuzz|spd|2
|move|p2b: Basculegion|Aqua Jet|p1a: Electabuzz
|-damage|p1a: Electabuzz|68/100
|move|p1b: Rillaboom|Grassy Glide|p2b: Basculegion
|-supereffective|p2b: Basculegion
|-damage|p2b: Basculegion|0 fnt
|faint|p2b: Basculegion
|
|-heal|p2a: Whimsicott|73/100|[from] Grassy Terrain
|-heal|p1a: Electabuzz|74/100|[from] Grassy Terrain
|-heal|p1b: Rillaboom|64/100|[from] Grassy Terrain
|upkeep
|turn|10
|
|t:|1757196323
|move|p2a: Whimsicott|Moonblast|p1a: Electabuzz
|-damage|p1a: Electabuzz|32/100
|move|p1a: Electabuzz|Thunderbolt|p2a: Whimsicott
|-resisted|p2a: Whimsicott
|-damage|p2a: Whimsicott|53/100
|move|p1b: Rillaboom|Wood Hammer|p2a: Whimsicott
|-resisted|p2a: Whimsicott
|-damage|p2a: Whimsicott|3/100
|-damage|p1b: Rillaboom|51/100|[from] Recoil
|
|-heal|p2a: Whimsicott|9/100|[from] Grassy Terrain
|-heal|p1a: Electabuzz|38/100|[from] Grassy Terrain
|-heal|p1b: Rillaboom|57/100|[from] Grassy Terrain
|-fieldend|move: Grassy Terrain
|upkeep
|turn|11
|
|t:|1757196331
|move|p2a: Whimsicott|Moonblast|p1a: Electabuzz
|-damage|p1a: Electabuzz|0 fnt
|faint|p1a: Electabuzz
|move|p1b: Rillaboom|Wood Hammer|p2a: Whimsicott
|-resisted|p2a: Whimsicott
|-damage|p2a: Whimsicott|0 fnt
|faint|p2a: Whimsicott
|-damage|p1b: Rillaboom|54/100|[from] Recoil
|
|win|gonnatortureyou
|raw|gonnatortureyou's rating: 1093 → 1115(+22 for winning)
|raw|Reeene's rating: 1040 → 1026(-14 for losing)
