|j|☆satandagiii2005
|j|☆oapals121
|html|satandagiii2005oapals121    
|uhtml|bestof|Game 1 of a best-of-3
|t:|1786131290
|gametype|doubles
|player|p1|satandagiii2005|byron|
|player|p2|oapals121|blue|
|gen|9
|tier|[Gen 9 Champions] VGC 2026 Reg M-B (Bo3)
|rule|Species Clause: Limit one of each Pokémon
|rule|Item Clause: Limit 1 of each item
|clearpoke
|poke|p1|Basculegion, L50, M|
|poke|p1|Garchomp, L50, F|
|poke|p1|Scizor, L50, F|
|poke|p1|Tyranitar, L50, F|
|poke|p1|Sneasler, L50, F|
|poke|p1|Corviknight, L50, F|
|poke|p2|Aerodactyl, L50, M|
|poke|p2|Kingambit, L50, M|
|poke|p2|Farigiraf, L50, F|
|poke|p2|Sylveon, L50, F|
|poke|p2|Charizard, L50, M|
|poke|p2|Garchomp, L50, M|
|teampreview|4
|showteam|p1|Basculegion||SitrusBerry|Adaptability|WaveCrash,LastRespects,AquaJet,Protect|Jolly||M|||50|]Garchomp||Garchompite|RoughSkin|EarthPower,DracoMeteor,PowerGem,Protect|Modest||F|||50|]Scizor||LifeOrb|Technician|BulletPunch,BugBite,SwordsDance,Protect|Adamant||F|||50|]Tyranitar||ChoiceScarf|SandStream|RockSlide,KnockOff,IcePunch,Superpower|Jolly||F|||50|]Sneasler||FocusSash|PoisonTouch|PoisonJab,CloseCombat,FakeOut,Protect|Jolly||F|||50|]Corviknight||Leftovers|MirrorArmor|IronHead,BraveBird,Tailwind,Protect|Impish||F|||50|
|showteam|p2|Aerodactyl||Aerodactylite|Unnerve|RockSlide,DualWingbeat,IceFang,Tailwind|Jolly||M|||50|]Kingambit||FocusSash|Defiant|KowtowCleave,IronHead,SuckerPunch,LowKick|Adamant||M|||50|]Farigiraf||SitrusBerry|ArmorTail|Psychic,Thunderbolt,TrickRoom,Protect|Quiet||F|||50|]Sylveon||FairyFeather|Pixilate|HyperVoice,Yawn,QuickAttack,Detect|Modest||F|||50|]Charizard||CharizarditeY|Blaze|HeatWave,SolarBeam,WeatherBall,Protect|Modest||M|||50|]Garchomp||LifeOrb|RoughSkin|Earthquake,DragonClaw,RockSlide,Protect|Jolly||M|||50|
|
|t:|1786131345
|teamsize|p1|4
|teamsize|p2|4
|start
|switch|p1a: Tyranitar|Tyranitar, L50, F|100/100
|switch|p1b: Garchomp|Garchomp, L50, F|100/100
|switch|p2a: Aerodactyl|Aerodactyl, L50, M|100/100
|switch|p2b: Farigiraf|Farigiraf, L50, F|100/100
|-ability|p2a: Aerodactyl|Unnerve
|-weather|Sandstorm|[from] ability: Sand Stream|[of] p1a: Tyranitar
|turn|1
|
|t:|1786131371
|switch|p1b: Scizor|Scizor, L50, F|100/100
|move|p2a: Aerodactyl|Tailwind|p2a: Aerodactyl
|-sidestart|p2: oapals121|move: Tailwind
|move|p1a: Tyranitar|Rock Slide|p2a: Aerodactyl|[spread] p2a,p2b
|-supereffective|p2a: Aerodactyl|1
|-damage|p2a: Aerodactyl|7/100
|-damage|p2b: Farigiraf|74/100
|move|p2b: Farigiraf|Psychic|p1b: Scizor
|-resisted|p1b: Scizor|1
|-damage|p1b: Scizor|79/100
|
|-weather|Sandstorm|[upkeep]
|-damage|p2b: Farigiraf|67/100|[from] Sandstorm
|upkeep
|turn|2
|
|t:|1786131397
|switch|p1a: Basculegion|Basculegion, L50, M|100/100
|move|p2a: Aerodactyl|Dual Wingbeat|p1b: Scizor
|-damage|p1b: Scizor|62/100
|-damage|p1b: Scizor|44/100
|-hitcount|p1b: Scizor|2
|move|p2b: Farigiraf|Thunderbolt|p1b: Scizor
|-damage|p1b: Scizor|13/100
|move|p1b: Scizor|Swords Dance|p1b: Scizor
|-boost|p1b: Scizor|atk|2
|
|-weather|Sandstorm|[upkeep]
|-damage|p2b: Farigiraf|61/100|[from] Sandstorm
|-damage|p1a: Basculegion|93/100|[from] Sandstorm
|upkeep
|turn|3
|
|t:|1786131428
|move|p1a: Basculegion|Protect|p1a: Basculegion
|-singleturn|p1a: Basculegion|Protect
|move|p2a: Aerodactyl|Rock Slide|p1a: Basculegion|[spread] p1b
|-activate|p1a: Basculegion|move: Protect
|-damage|p1b: Scizor|0 fnt
|faint|p1b: Scizor
|move|p2b: Farigiraf|Thunderbolt|p1a: Basculegion
|-activate|p1a: Basculegion|move: Protect
|
|-weather|Sandstorm|[upkeep]
|-damage|p2b: Farigiraf|55/100|[from] Sandstorm
|-damage|p1a: Basculegion|87/100|[from] Sandstorm
|upkeep
|
|t:|1786131446
|switch|p1b: Tyranitar|Tyranitar, L50, F|100/100
|turn|4
|
|t:|1786131456
|switch|p1a: Garchomp|Garchomp, L50, F|100/100
|move|p2a: Aerodactyl|Rock Slide|p1a: Garchomp|[spread] p1a,p1b
|-resisted|p1a: Garchomp|1
|-crit|p1b: Tyranitar
|-damage|p1a: Garchomp|88/100
|-damage|p1b: Tyranitar|65/100
|move|p1b: Tyranitar|Rock Slide|p2b: Farigiraf|[spread] p2a,p2b
|-supereffective|p2a: Aerodactyl|1
|-damage|p2a: Aerodactyl|0 fnt
|-damage|p2b: Farigiraf|28/100
|-enditem|p2b: Farigiraf|Sitrus Berry|[eat]
|-heal|p2b: Farigiraf|53/100|[from] item: Sitrus Berry
|faint|p2a: Aerodactyl
|cant|p2b: Farigiraf|flinch
|
|-weather|Sandstorm|[upkeep]
|-damage|p2b: Farigiraf|47/100|[from] Sandstorm
|-sideend|p2: oapals121|move: Tailwind
|upkeep
|
|t:|1786131490
|switch|p2a: Sylveon|Sylveon, L50, F|100/100
|turn|5
|
|t:|1786131518
|detailschange|p1a: Garchomp|Garchomp-Mega, L50, F
|-mega|p1a: Garchomp|Garchomp|Garchompite
|move|p1b: Tyranitar|Rock Slide|p2a: Sylveon|[spread] p2a
|-miss|p1b: Tyranitar|p2b: Farigiraf
|-damage|p2a: Sylveon|68/100
|move|p1a: Garchomp|Earth Power|p2b: Farigiraf
|-damage|p2b: Farigiraf|0 fnt
|faint|p2b: Farigiraf
|cant|p2a: Sylveon|flinch
|
|-weather|none
|upkeep
|
|t:|1786131528
|switch|p2b: Charizard|Charizard, L50, M|100/100
|turn|6
|
|t:|1786131547
|detailschange|p2b: Charizard|Charizard-Mega-Y, L50, M
|-mega|p2b: Charizard|Charizard|Charizardite Y
|-weather|SunnyDay|[from] ability: Drought|[of] p2b: Charizard
|move|p1a: Garchomp|Protect|p1a: Garchomp
|-singleturn|p1a: Garchomp|Protect
|move|p1b: Tyranitar|Rock Slide|p2a: Sylveon|[spread] p2a,p2b
|-supereffective|p2b: Charizard|2
|-damage|p2a: Sylveon|39/100
|-damage|p2b: Charizard|0 fnt
|faint|p2b: Charizard
|move|p2a: Sylveon|Hyper Voice|p1b: Tyranitar|[spread] p1b
|-activate|p1a: Garchomp|move: Protect
|-supereffective|p1b: Tyranitar|1
|-damage|p1b: Tyranitar|0 fnt
|faint|p1b: Tyranitar
|
|-weather|SunnyDay|[upkeep]
|upkeep
|
|t:|1786131561
|switch|p1b: Basculegion|Basculegion, L50, M|87/100
|turn|7
|
|t:|1786131600
|move|p1a: Garchomp|Earth Power|p2a: Sylveon
|-crit|p2a: Sylveon
|-damage|p2a: Sylveon|0 fnt
|faint|p2a: Sylveon
|
|win|satandagiii2005
||satandagiii2005 is ready for game 2.
|inactive|oapals121 has 30 seconds to confirm battle start!
||oapals121 is ready for game 2.
|uhtml|next|Next: Game 2 of 3
