|j|☆spacesnake11
|j|☆TMJS01
|html|spacesnake11TMJS01    
|uhtml|bestof|Game 2 of a best-of-3
|t:|1782181615
|gametype|doubles
|player|p1|spacesnake11|ghetsis|1263
|player|p2|TMJS01|unknown|1314
|gen|9
|tier|[Gen 9 Champions] VGC 2026 Reg M-B (Bo3)
|rated|
|rule|Species Clause: Limit one of each Pokémon
|rule|Item Clause: Limit 1 of each item
|clearpoke
|poke|p1|Charizard, L50, F|
|poke|p1|Aerodactyl, L50, M|
|poke|p1|Garchomp, L50, M|
|poke|p1|Sylveon, L50, F|
|poke|p1|Incineroar, L50, M|
|poke|p1|Farigiraf, L50, F|
|poke|p2|Sinistcha, L50|
|poke|p2|Incineroar, L50, M|
|poke|p2|Garchomp, L50, M|
|poke|p2|Floette-Eternal, L50, F|
|poke|p2|Vivillon, L50, M|
|poke|p2|Delphox, L50, F|
|teampreview|4
|showteam|p1|Charizard||CharizarditeY|Blaze|HeatWave,WeatherBall,SolarBeam,Protect|Modest||F|||50|]Aerodactyl||Aerodactylite|RockHead|RockSlide,IceFang,Tailwind,WideGuard|Jolly||M|||50|]Garchomp||LifeOrb|RoughSkin|DragonClaw,Earthquake,PoisonJab,Protect|Jolly||M|||50|]Sylveon||FairyFeather|Pixilate|HyperVoice,HyperBeam,QuickAttack,Detect|Modest||F|||50|]Incineroar||PasshoBerry|Intimidate|FakeOut,FlareBlitz,DarkestLariat,PartingShot|Adamant||M|||50|]Farigiraf||SitrusBerry|ArmorTail|Thunderbolt,GrassKnot,TwinBeam,TrickRoom|Modest||F|||50|
|showteam|p2|Sinistcha||KasibBerry|Hospitality|MatchaGotcha,RagePowder,TrickRoom,LifeDew|Relaxed|||||50|]Incineroar||ChopleBerry|Intimidate|ThroatChop,FlareBlitz,PartingShot,FakeOut|Impish||M|||50|]Garchomp||LifeOrb|RoughSkin|ScaleShot,StompingTantrum,Protect,RockTomb|Jolly||M|||50|]Floette-Eternal||Floettite|FlowerVeil|Protect,CalmMind,Moonblast,DazzlingGleam|Modest||F|||50|]Vivillon||FocusSash|CompoundEyes|SleepPowder,Hurricane,Protect,Tailwind|Timid||M|||50|]Delphox||Delphoxite|Blaze|NastyPlot,HeatWave,Psyshock,Protect|Timid||F|||50|
|inactive|Battle timer is ON: inactive players will automatically lose when time's up. (requested by TMJS01)
|
|t:|1782181644
|teamsize|p1|4
|teamsize|p2|4
|start
|switch|p1a: Aerodactyl|Aerodactyl, L50, M|100/100
|switch|p1b: Garchomp|Garchomp, L50, M|100/100
|switch|p2a: Incineroar|Incineroar, L50, M|100/100
|switch|p2b: Floette|Floette-Eternal, L50, F|100/100
|-ability|p2a: Incineroar|Intimidate|boost
|-unboost|p1a: Aerodactyl|atk|1
|-unboost|p1b: Garchomp|atk|1
|turn|1
|
|t:|1782181665
|switch|p2a: Sinistcha|Sinistcha, L50|100/100
|detailschange|p1a: Aerodactyl|Aerodactyl-Mega, L50, M
|-mega|p1a: Aerodactyl|Aerodactyl|Aerodactylite
|detailschange|p2b: Floette|Floette-Mega, L50, F
|-mega|p2b: Floette|Floette|Floettite
|-ability|p2b: Floette|Fairy Aura
|move|p1b: Garchomp|Protect|p1b: Garchomp
|-singleturn|p1b: Garchomp|Protect
|move|p1a: Aerodactyl|Rock Slide|p2a: Sinistcha|[spread] 
|-miss|p1a: Aerodactyl|p2a: Sinistcha
|-miss|p1a: Aerodactyl|p2b: Floette
|move|p2b: Floette|Calm Mind|p2b: Floette
|-boost|p2b: Floette|spa|1
|-boost|p2b: Floette|spd|1
|
|upkeep
|turn|2
|inactive|spacesnake11 has 30 seconds left.
|inactive|spacesnake11 has 20 seconds left.
|inactive|spacesnake11 has 15 seconds left.
|
|t:|1782181706
|switch|p1b: Incineroar|Incineroar, L50, M|100/100
|-ability|p1b: Incineroar|Intimidate|boost
|-unboost|p2a: Sinistcha|atk|1
|-unboost|p2b: Floette|atk|1
|switch|p2a: Incineroar|Incineroar, L50, M|100/100
|-ability|p2a: Incineroar|Intimidate|boost
|-unboost|p1a: Aerodactyl|atk|1
|-unboost|p1b: Incineroar|atk|1
|move|p1a: Aerodactyl|Ice Fang|p2a: Incineroar
|-resisted|p2a: Incineroar|1
|-damage|p2a: Incineroar|93/100
|-status|p2a: Incineroar|frz
|move|p2b: Floette|Moonblast|p1b: Incineroar
|-damage|p1b: Incineroar|0 fnt
|faint|p1b: Incineroar
|
|upkeep
|
|t:|1782181720
|switch|p1b: Garchomp|Garchomp, L50, M|100/100
|turn|3
|inactive|TMJS01 has 30 seconds left.
|
|t:|1782181748
|move|p1a: Aerodactyl|Ice Fang|p2a: Incineroar
|-resisted|p2a: Incineroar|1
|-damage|p2a: Incineroar|88/100 frz
|move|p1b: Garchomp|Poison Jab|p2b: Floette
|-supereffective|p2b: Floette|1
|-damage|p2b: Floette|30/100
|-damage|p1b: Garchomp|90/100|[from] item: Life Orb
|move|p2b: Floette|Moonblast|p1b: Garchomp
|-supereffective|p1b: Garchomp|1
|-damage|p1b: Garchomp|0 fnt
|faint|p1b: Garchomp
|-curestatus|p2a: Incineroar|frz|[msg]
|move|p2a: Incineroar|Parting Shot|p1a: Aerodactyl
|-unboost|p1a: Aerodactyl|atk|1
|-unboost|p1a: Aerodactyl|spa|1
|
|t:|1782181756
|switch|p2a: Sinistcha|Sinistcha, L50|100/100|[from] Parting Shot
|-heal|p2b: Floette|55/100|[from] ability: Hospitality|[of] p2a: Sinistcha
|
|upkeep
|
|t:|1782181758
|switch|p1b: Sylveon|Sylveon, L50, F|100/100
|turn|4
|
|t:|1782181767
|move|p2b: Floette|Protect|p2b: Floette
|-singleturn|p2b: Floette|Protect
|move|p1a: Aerodactyl|Rock Slide|p2a: Sinistcha|[spread] p2a
|-activate|p2b: Floette|move: Protect
|-damage|p2a: Sinistcha|89/100
|move|p1b: Sylveon|Hyper Voice|p2b: Floette|[spread] p2a
|-activate|p2b: Floette|move: Protect
|-damage|p2a: Sinistcha|34/100
|move|p2a: Sinistcha|Life Dew|p2a: Sinistcha|[spread] p2a,p2b
|-heal|p2a: Sinistcha|60/100
|-heal|p2b: Floette|80/100
|
|upkeep
|turn|5
|
|t:|1782181773
|switch|p2a: Incineroar|Incineroar, L50, M|88/100
|-ability|p2a: Incineroar|Intimidate|boost
|-unboost|p1a: Aerodactyl|atk|1
|-unboost|p1b: Sylveon|atk|1
|move|p1a: Aerodactyl|Rock Slide|p2a: Incineroar|[spread] p2a,p2b
|-supereffective|p2a: Incineroar|1
|-damage|p2a: Incineroar|71/100
|-damage|p2b: Floette|70/100
|move|p2b: Floette|Moonblast|p1b: Sylveon
|-damage|p1b: Sylveon|15/100
|move|p1b: Sylveon|Hyper Voice|p2a: Incineroar|[spread] p2a,p2b
|-damage|p2a: Incineroar|22/100
|-damage|p2b: Floette|40/100
|
|upkeep
|turn|6
|
|t:|1782181789
|move|p2a: Incineroar|Fake Out|p1a: Aerodactyl
|-resisted|p1a: Aerodactyl|1
|-crit|p1a: Aerodactyl
|-damage|p1a: Aerodactyl|89/100
|cant|p1a: Aerodactyl|flinch
|move|p2b: Floette|Moonblast|p1b: Sylveon
|-damage|p1b: Sylveon|0 fnt
|faint|p1b: Sylveon
|
|upkeep
|turn|7
|
|t:|1782181797
|switch|p2a: Sinistcha|Sinistcha, L50|60/100
|-heal|p2b: Floette|65/100|[from] ability: Hospitality|[of] p2a: Sinistcha
|move|p1a: Aerodactyl|Rock Slide|p2a: Sinistcha|[spread] p2a,p2b
|-damage|p2a: Sinistcha|51/100
|-damage|p2b: Floette|55/100
|move|p2b: Floette|Moonblast|p1a: Aerodactyl
|-damage|p1a: Aerodactyl|0 fnt
|faint|p1a: Aerodactyl
|
|win|TMJS01
||TMJS01 is ready for game 3.
||spacesnake11 is ready for game 3.
|uhtml|next|Next: Game 3 of 3
|l|☆spacesnake11
|player|p1|
