|j|☆Il Mule
|j|☆Lightoz IV
|html|Il MuleLightoz IV    
|uhtml|bestof|Game 1 of a best-of-3
|t:|1784626704
|gametype|doubles
|player|p1|Il Mule|salvatore|1496
|player|p2|Lightoz IV|blue-gen2|1415
|gen|9
|tier|[Gen 9 Champions] VGC 2026 Reg M-B (Bo3)
|rated|
|rule|Species Clause: Limit one of each Pokémon
|rule|Item Clause: Limit 1 of each item
|clearpoke
|poke|p1|Excadrill, L50, F|
|poke|p1|Tyranitar, L50, M|
|poke|p1|Sneasler, L50, F|
|poke|p1|Incineroar, L50, F|
|poke|p1|Froslass, L50, F|
|poke|p1|Sinistcha, L50|
|poke|p2|Raichu, L50, F|
|poke|p2|Kingambit, L50, F, shiny|
|poke|p2|Basculegion, L50, M|
|poke|p2|Aerodactyl, L50, M|
|poke|p2|Farigiraf, L50, M|
|poke|p2|Sylveon, L50, F, shiny|
|teampreview|4
|showteam|p1|Excadrill||FocusSash|SandRush|HighHorsepower,RockSlide,IronHead,Protect|Adamant||F|||50|]Tyranitar||Tyranitarite|SandStream|KnockOff,RockSlide,DragonDance,Protect|Adamant||M|||50|]Sneasler||WhiteHerb|Unburden|CloseCombat,DireClaw,Coaching,FakeOut|Jolly||F|||50|]Incineroar||SitrusBerry|Intimidate|FlareBlitz,HelpingHand,PartingShot,FakeOut|Impish||F|||50|]Froslass||Froslassite|CursedBody|Blizzard,ShadowBall,NastyPlot,Protect|Timid||F|||50|]Sinistcha||ColburBerry|Hospitality|ShadowBall,LeafStorm,RagePowder,Protect|Bold|||||50|
|showteam|p2|Raichu||RaichuniteY|LightningRod|ZapCannon,FocusBlast,FakeOut,Protect|Timid||F|||50|]Kingambit||FocusSash|Defiant|KowtowCleave,SuckerPunch,IronHead,LowKick|Adamant||F|||50|]Basculegion||MysticWater|Adaptability|LastRespects,WaveCrash,AquaJet,Protect|Adamant||M|||50|]Aerodactyl||Aerodactylite|Unnerve|RockSlide,DualWingbeat,Tailwind,IceFang|Jolly||M|||50|]Farigiraf||SitrusBerry|ArmorTail|Psychic,Thunderbolt,TrickRoom,Protect|Bold||M|||50|]Sylveon||FairyFeather|Pixilate|HyperVoice,HyperBeam,QuickAttack,Detect|Modest||F|||50|
|j| Tridello
|j| Jenny Nencioni
|j| herefallsthedonkey
|c|☆Il Mule|i can't faint
|j| estupinanthepuledr
|c| Jenny Nencioni|Sistema col topastro ratto
|j| rovesciaporci
|
|t:|1784626754
|teamsize|p1|4
|teamsize|p2|4
|start
|switch|p1a: Gervasoni|Excadrill, L50, F|100/100
|switch|p1b: Quando provo|Tyranitar, L50, M|100/100
|switch|p2a: Basculegion|Basculegion, L50, M|100/100
|switch|p2b: Kingambit|Kingambit, L50, F, shiny|100/100
|-weather|Sandstorm|[from] ability: Sand Stream|[of] p1b: Quando provo
|turn|1
|c| herefallsthedonkey|gg
|c| Tridello|gg ero io
|inactive|Battle timer is ON: inactive players will automatically lose when time's up. (requested by Lightoz IV)
|c| herefallsthedonkey|non lo protegge mai kingambits
|c| Jenny Nencioni|Mario Ro gg ero
|c| herefallsthedonkey|volevo dire bascu
|
|t:|1784626809
|move|p1b: Quando provo|Protect|p1b: Quando provo
|-singleturn|p1b: Quando provo|Protect
|move|p2a: Basculegion|Aqua Jet|p1a: Gervasoni
|-supereffective|p1a: Gervasoni|1
|-enditem|p1a: Gervasoni|Focus Sash
|-damage|p1a: Gervasoni|1/100
|move|p1a: Gervasoni|High Horsepower|p2b: Kingambit
|-supereffective|p2b: Kingambit|1
|-damage|p2b: Kingambit|8/100
|move|p2b: Kingambit|Low Kick|p1b: Quando provo
|-activate|p1b: Quando provo|move: Protect
|
|-weather|Sandstorm|[upkeep]
|-damage|p2a: Basculegion|93/100|[from] Sandstorm
|upkeep
|turn|2
|c| Tridello|come cazzo ti è venuto in mente
|c| herefallsthedonkey|agoglione
|c|☆Il Mule|agos ducato
|inactive|Lightoz IV has 30 seconds left.
|c| Jenny Nencioni|Ago sucato
|
|t:|1784626840
|switch|p1a: Sidy|Incineroar, L50, F|100/100
|-ability|p1a: Sidy|Intimidate|boost
|-unboost|p2a: Basculegion|atk|1
|-unboost|p2b: Kingambit|atk|1
|-ability|p2b: Kingambit|Defiant|boost
|-boost|p2b: Kingambit|atk|2
|detailschange|p1b: Quando provo|Tyranitar-Mega, L50, M
|-mega|p1b: Quando provo|Tyranitar|Tyranitarite
|move|p2a: Basculegion|Aqua Jet|p1a: Sidy
|-supereffective|p1a: Sidy|1
|-damage|p1a: Sidy|70/100
|move|p1b: Quando provo|Rock Slide|p2a: Basculegion|[spread] p2a
|-miss|p1b: Quando provo|p2b: Kingambit
|-damage|p2a: Basculegion|50/100g
|move|p2b: Kingambit|Low Kick|p1b: Quando provo
|-supereffective|p1b: Quando provo|2
|-damage|p1b: Quando provo|0 fnt
|faint|p1b: Quando provo
|
|-weather|Sandstorm|[upkeep]
|-damage|p2a: Basculegion|44/100|[from] Sandstorm
|-damage|p1a: Sidy|64/100|[from] Sandstorm
|upkeep
|c| Tridello|agg sburrato
|j| mafav2
|c| rovesciaporci|das auto
|l| Jenny Nencioni
|c| herefallsthedonkey|agodere
|c|☆Il Mule|ma non è giusto
|c|☆Il Mule|non è giusto
|c|☆Il Mule|g2
|c| Tridello|e il gioco, come si suol dire in queste evenienze, lo premia
|
|t:|1784626865
|switch|p1b: Gervasoni|Excadrill, L50, F|1/100
|turn|3
|l| mafav2
|j| Jenny Nencioni
|
|t:|1784626878
|switch|p1b: Las brulè|Sinistcha, L50|100/100
|-heal|p1a: Sidy|89/100|[from] ability: Hospitality|[of] p1b: Las brulè
|move|p2a: Basculegion|Aqua Jet|p1b: Las brulè
|-resisted|p1b: Las brulè|1
|-damage|p1b: Las brulè|91/100
|move|p2b: Kingambit|Low Kick|p1a: Sidy
|-supereffective|p1a: Sidy|1
|-damage|p1a: Sidy|25/100
|-enditem|p1a: Sidy|Sitrus Berry|[eat]
|-heal|p1a: Sidy|50/100g|[from] item: Sitrus Berry
|move|p1a: Sidy|Flare Blitz|p2b: Kingambit
|-supereffective|p2b: Kingambit|1
|-damage|p2b: Kingambit|0 fnt
|faint|p2b: Kingambit
|-damage|p1a: Sidy|48/100|[from] Recoil
|
|-weather|Sandstorm|[upkeep]
|-damage|p2a: Basculegion|37/100|[from] Sandstorm
|-damage|p1b: Las brulè|84/100|[from] Sandstorm
|-damage|p1a: Sidy|42/100|[from] Sandstorm
|upkeep
|
|t:|1784626889
|switch|p2b: Sylveon|Sylveon, L50, F, shiny|100/100
|turn|4
|
|t:|1784626904
|move|p1b: Las brulè|Protect|p1b: Las brulè
|-singleturn|p1b: Las brulè|Protect
|move|p2a: Basculegion|Last Respects|p1b: Las brulè
|-activate|p1b: Las brulè|move: Protect
|move|p2b: Sylveon|Hyper Voice|p1a: Sidy|[spread] p1a
|-activate|p1b: Las brulè|move: Protect
|-damage|p1a: Sidy|3/100
|move|p1a: Sidy|Parting Shot|p2b: Sylveon
|-unboost|p2b: Sylveon|atk|1
|-unboost|p2b: Sylveon|spa|1
|l| Jenny Nencioni
|
|t:|1784626911
|switch|p1a: Gervasoni|Excadrill, L50, F|1/100|[from] Parting Shot
|
|-weather|Sandstorm|[upkeep]
|-damage|p2a: Basculegion|31/100|[from] Sandstorm
|-damage|p2b: Sylveon|93/100|[from] Sandstorm
|-damage|p1b: Las brulè|78/100|[from] Sandstorm
|upkeep
|turn|5
|j| Jenny Nencioni
|c|☆Il Mule|occhio al file iges
|c| herefallsthedonkey|attention please
|c|☆Il Mule|e qui se sculo la riapro
|c|☆Il Mule|ma non succederà mai
|inactive|Il Mule has 30 seconds left.
|inactive|Lightoz IV has 30 seconds left.
|
|t:|1784626937
|switch|p2a: Raichu|Raichu, L50, F|100/100
|move|p2b: Sylveon|Detect|p2b: Sylveon
|-singleturn|p2b: Sylveon|Protect
|move|p1b: Las brulè|Rage Powder|p1b: Las brulè
|-singleturn|p1b: Las brulè|move: Rage Powder
|move|p1a: Gervasoni|Rock Slide|p2a: Raichu|[spread] p2a
|-activate|p2b: Sylveon|move: Protect
|-damage|p2a: Raichu|69/100
|
|-weather|none
|upkeep
|turn|6
|c| herefallsthedonkey|lui prova a perderla attenzione
|
|t:|1784626958
|switch|p1a: Sidy|Incineroar, L50, F|3/100
|-ability|p1a: Sidy|Intimidate|boost
|-unboost|p2a: Raichu|atk|1
|-unboost|p2b: Sylveon|atk|1
|detailschange|p2a: Raichu|Raichu-Mega-Y, L50, F
|-mega|p2a: Raichu|Raichu|Raichunite Y
|move|p1b: Las brulè|Protect|p1b: Las brulè
|-singleturn|p1b: Las brulè|Protect
|move|p2a: Raichu|Fake Out|p1a: Sidy
|-damage|p1a: Sidy|0 fnt
|faint|p1a: Sidy
|move|p2b: Sylveon|Hyper Voice|p1b: Las brulè
|-activate|p1b: Las brulè|move: Protect
|
|upkeep
|c| herefallsthedonkey|ma che fa
|c|☆Il Mule|no direi che è over
|
|t:|1784626970
|switch|p1a: Gervasoni|Excadrill, L50, F|1/100
|turn|7
|j| val16
|c| herefallsthedonkey|perchè non doppia protect
|
|t:|1784626984
|switch|p2a: Basculegion|Basculegion, L50, M|31/100
|move|p2b: Sylveon|Detect|p2b: Sylveon
|-singleturn|p2b: Sylveon|Protect
|move|p1b: Las brulè|Rage Powder|p1b: Las brulè
|-singleturn|p1b: Las brulè|move: Rage Powder
|move|p1a: Gervasoni|Iron Head|p2b: Sylveon
|-activate|p2b: Sylveon|move: Protect
|
|upkeep
|turn|8
|c| Jenny Nencioni|3
|c| val16|Menomale che ci sono tridello e spite
|c|☆Il Mule|hai ragione era da fare odppia
|inactive|Il Mule has 30 seconds left.
|c| Tridello|tre tigri contro tre tigri
|c| Tridello|grazie val
|inactive|Il Mule has 20 seconds left.
|c| Jenny Nencioni|33 trentini
|j| il brule
|inactive|Il Mule has 15 seconds left.
|
|t:|1784627025
|move|p1b: Las brulè|Rage Powder|p1b: Las brulè
|-singleturn|p1b: Las brulè|move: Rage Powder
|move|p1a: Gervasoni|Rock Slide|p2a: Basculegion|[spread] p2a,p2b
|-damage|p2a: Basculegion|5/100
|-damage|p2b: Sylveon|68/100
|move|p2a: Basculegion|Last Respects|p1b: Las brulè
|-supereffective|p1b: Las brulè|1
|-damage|p1b: Las brulè|0 fnt
|faint|p1b: Las brulè
|move|p2b: Sylveon|Hyper Voice|p1a: Gervasoni
|-resisted|p1a: Gervasoni|1
|-damage|p1a: Gervasoni|0 fnt
|faint|p1a: Gervasoni
|
|win|Lightoz IV
||Lightoz IV is ready for game 2.
||Il Mule is ready for game 2.
|uhtml|next|Next: Game 2 of 3
|l| Tridello
|l| Jenny Nencioni
|l|☆Il Mule
|player|p1|
|l| rovesciaporci
|l| val16
|j| Tridello
|l| il brule
|l| Tridello
|l| estupinanthepuledr
