|j|‽tskkds
|j|☆Dimitrievski78
|html|tskkdsDimitrievski78    
|uhtml|bestof|Game 1 of a best-of-3
|t:|1756258024
|gametype|doubles
|player|p1|tskkds|unknownf|1000
|player|p2|Dimitrievski78|1|1012
|gen|9
|tier|[Gen 9] VGC 2025 Reg H (Bo3)
|rated|
|rule|Species Clause: Limit one of each Pokémon
|rule|Item Clause: Limit 1 of each item
|clearpoke
|poke|p1|Amoonguss, L50, M|
|poke|p1|Archaludon, L50, M|
|poke|p1|Pelipper, L50, M|
|poke|p1|Basculegion, L50, M|
|poke|p1|Incineroar, L50, M|
|poke|p1|Gholdengo, L50|
|poke|p2|Kleavor, L50, F|
|poke|p2|Garchomp, L50, M|
|poke|p2|Ceruledge, L50, F|
|poke|p2|Rillaboom, L50, M|
|poke|p2|Lucario, L50, F|
|poke|p2|Blastoise, L50, F|
|teampreview|4
|showteam|p1|Amoonguss||SitrusBerry|Regenerator|PollenPuff,Spore,RagePowder,Protect|||M|||50|,,,,,Fairy]Archaludon||AssaultVest|Stamina|DragonPulse,ElectroShot,FlashCannon,BodyPress|||M|||50|,,,,,Bug]Pelipper||FocusSash|Drizzle|WeatherBall,Hurricane,Tailwind,Protect|||M|||50|,,,,,Ground]Basculegion||ChoiceBand|SwiftSwim|WaveCrash,FlipTurn,AquaJet,LastRespects|||M|||50|,,,,,Water]Incineroar||SafetyGoggles|Intimidate|KnockOff,Taunt,PartingShot,FakeOut|||M|||50|,,,,,Ghost]Gholdengo||LifeOrb|GoodasGold|MakeItRain,ShadowBall,NastyPlot,Protect||||||50|,,,,,Water
|showteam|p2|Kleavor||ClearAmulet|Sharpness|StoneAxe,XScissor,CloseCombat,QuickGuard|||F|||50|,,,,,Stellar]Garchomp||ChoiceBand|SandVeil|StompingTantrum,Earthquake,DragonRush,PoisonJab|||M|||50|,,,,,Fairy]Ceruledge||LifeOrb|FlashFire|BitterBlade,SwordsDance,NightSlash,ShadowClaw|||F|||50|,,,,,Grass]Rillaboom||MiracleSeed|GrassySurge|FakeOut,WoodHammer,GrassyGlide,Protect|||M|||50|,,,,,Fire]Lucario||FocusSash|InnerFocus|CloseCombat,MeteorMash,ExtremeSpeed,FocusBlast|||F|||50|,,,,,Fighting]Blastoise||ChoiceScarf|Torrent|WaterSpout,Blizzard,IceBeam,HydroPump|||F|||50|,,,,,Grass
|
|t:|1756258065
|teamsize|p1|4
|teamsize|p2|4
|start
|switch|p1a: Incineroar|Incineroar, L50, M|100/100
|switch|p1b: Gholdengo|Gholdengo, L50|100/100
|switch|p2a: Lucario|Lucario, L50, F|100/100
|switch|p2b: RONALDO NAZARIO|Rillaboom, L50, M|100/100
|-fieldstart|move: Grassy Terrain|[from] ability: Grassy Surge|[of] p2b: RONALDO NAZARIO
|-ability|p1a: Incineroar|Intimidate|boost
|-fail|p2a: Lucario|unboost|Attack|[from] ability: Inner Focus|[of] p2a: Lucario
|-unboost|p2b: RONALDO NAZARIO|atk|1
|turn|1
|
|t:|1756258101
|-terastallize|p2b: RONALDO NAZARIO|Fire
|move|p2b: RONALDO NAZARIO|Wood Hammer|p1b: Gholdengo
|-resisted|p1b: Gholdengo
|-damage|p1b: Gholdengo|70/100
|-damage|p2b: RONALDO NAZARIO|90/100|[from] Recoil
|move|p1b: Gholdengo|Nasty Plot|p1b: Gholdengo
|-boost|p1b: Gholdengo|spa|2
|move|p2a: Lucario|Close Combat|p1a: Incineroar
|-supereffective|p1a: Incineroar
|-damage|p1a: Incineroar|0 fnt
|-unboost|p2a: Lucario|def|1
|-unboost|p2a: Lucario|spd|1
|faint|p1a: Incineroar
|
|-heal|p2b: RONALDO NAZARIO|96/100|[from] Grassy Terrain
|-heal|p1b: Gholdengo|76/100|[from] Grassy Terrain
|upkeep
|
|t:|1756258111
|switch|p1a: Amoonguss|Amoonguss, L50, M|100/100
|turn|2
|
|t:|1756258131
|move|p2b: RONALDO NAZARIO|Protect|p2b: RONALDO NAZARIO
|-singleturn|p2b: RONALDO NAZARIO|Protect
|move|p1b: Gholdengo|Nasty Plot|p1b: Gholdengo
|-boost|p1b: Gholdengo|spa|2
|move|p2a: Lucario|Close Combat|p1a: Amoonguss
|-resisted|p1a: Amoonguss
|-damage|p1a: Amoonguss|76/100
|-unboost|p2a: Lucario|def|1
|-unboost|p2a: Lucario|spd|1
|move|p1a: Amoonguss|Pollen Puff|p1b: Gholdengo
|-heal|p1b: Gholdengo|100/100
|
|-heal|p2b: RONALDO NAZARIO|100/100|[from] Grassy Terrain
|-heal|p1a: Amoonguss|82/100|[from] Grassy Terrain
|upkeep
|turn|3
|
|t:|1756258173
|move|p2a: Lucario|Extreme Speed|p1a: Amoonguss
|-damage|p1a: Amoonguss|60/100
|move|p2b: RONALDO NAZARIO|Wood Hammer|p1b: Gholdengo
|-resisted|p1b: Gholdengo
|-damage|p1b: Gholdengo|69/100
|-damage|p2b: RONALDO NAZARIO|90/100|[from] Recoil
|move|p1b: Gholdengo|Make It Rain|p2b: RONALDO NAZARIO|[spread] p2a,p2b
|-resisted|p2a: Lucario
|-resisted|p2b: RONALDO NAZARIO
|-enditem|p2a: Lucario|Focus Sash
|-damage|p2a: Lucario|1/100
|-damage|p2b: RONALDO NAZARIO|0 fnt
|-unboost|p1b: Gholdengo|spa|1
|faint|p2b: RONALDO NAZARIO
|-damage|p1b: Gholdengo|60/100|[from] item: Life Orb
|move|p1a: Amoonguss|Pollen Puff|p2a: Lucario
|-resisted|p2a: Lucario
|-damage|p2a: Lucario|0 fnt
|faint|p2a: Lucario
|
|-heal|p1b: Gholdengo|66/100|[from] Grassy Terrain
|-heal|p1a: Amoonguss|65/100|[from] Grassy Terrain
|upkeep
|
|t:|1756258194
|switch|p2b: MBAPPE|Blastoise, L50, F|100/100
|switch|p2a: Garchomp|Garchomp, L50, M|100/100
|turn|4
|
|t:|1756258211
|move|p1b: Gholdengo|Protect|p1b: Gholdengo
|-singleturn|p1b: Gholdengo|Protect
|move|p2b: MBAPPE|Ice Beam|p1a: Amoonguss
|-supereffective|p1a: Amoonguss
|-damage|p1a: Amoonguss|19/100
|-enditem|p1a: Amoonguss|Sitrus Berry|[eat]
|-heal|p1a: Amoonguss|44/100|[from] item: Sitrus Berry
|move|p2a: Garchomp|Stomping Tantrum|p1b: Gholdengo
|-activate|p1b: Gholdengo|move: Protect
|move|p1a: Amoonguss|Spore|p2a: Garchomp
|-status|p2a: Garchomp|slp|[from] move: Spore
|
|-heal|p1b: Gholdengo|72/100|[from] Grassy Terrain
|-heal|p1a: Amoonguss|50/100|[from] Grassy Terrain
|upkeep
|turn|5
|
|t:|1756258228
|move|p1a: Amoonguss|Rage Powder|p1a: Amoonguss
|-singleturn|p1a: Amoonguss|move: Rage Powder
|move|p2b: MBAPPE|Ice Beam|p1a: Amoonguss
|-supereffective|p1a: Amoonguss
|-damage|p1a: Amoonguss|4/100
|cant|p2a: Garchomp|slp
|move|p1b: Gholdengo|Make It Rain|p2a: Garchomp|[spread] p2a,p2b
|-resisted|p2b: MBAPPE
|-damage|p2a: Garchomp|0 fnt
|-damage|p2b: MBAPPE|30/100
|-unboost|p1b: Gholdengo|spa|1
|faint|p2a: Garchomp
|-damage|p1b: Gholdengo|63/100|[from] item: Life Orb
|
|-heal|p2b: MBAPPE|36/100|[from] Grassy Terrain
|-heal|p1b: Gholdengo|69/100|[from] Grassy Terrain
|-heal|p1a: Amoonguss|10/100|[from] Grassy Terrain
|-fieldend|move: Grassy Terrain
|upkeep
|turn|6
|
|t:|1756258245
|move|p1a: Amoonguss|Rage Powder|p1a: Amoonguss
|-singleturn|p1a: Amoonguss|move: Rage Powder
|move|p2b: MBAPPE|Ice Beam|p1a: Amoonguss
|-supereffective|p1a: Amoonguss
|-damage|p1a: Amoonguss|0 fnt
|faint|p1a: Amoonguss
|move|p1b: Gholdengo|Shadow Ball|p2b: MBAPPE
|-damage|p2b: MBAPPE|0 fnt
|faint|p2b: MBAPPE
|-damage|p1b: Gholdengo|59/100|[from] item: Life Orb
|
|win|tskkds
||tskkds is ready for game 2.
|inactive|Dimitrievski78 has 30 seconds to confirm battle start!
||Dimitrievski78 is ready for game 2.
|uhtml|next|Next: Game 2 of 3
|l|☆Dimitrievski78
|player|p2|
