|j|☆tedidn
|j|☆iiFWM
|html|tedidniiFWM    
|uhtml|bestof|Game 3 of a best-of-3
|t:|1754189148
|gametype|doubles
|player|p1|tedidn|marshal|1210
|player|p2|iiFWM|cyrus|1254
|gen|9
|tier|[Gen 9] VGC 2025 Reg H (Bo3)
|rated|
|rule|Species Clause: Limit one of each Pokémon
|rule|Item Clause: Limit 1 of each item
|clearpoke
|poke|p1|Dragonite, L50, M|
|poke|p1|Rillaboom, L50, M|
|poke|p1|Sneasler, L50, F|
|poke|p1|Volcarona, L50, M|
|poke|p1|Electabuzz, L50, M|
|poke|p1|Kingambit, L50, M|
|poke|p2|Sneasler, L50, M|
|poke|p2|Dragapult, L50, F|
|poke|p2|Primarina, L50, F|
|poke|p2|Rillaboom, L50, M|
|poke|p2|Kingambit, L50, M|
|poke|p2|Magmar, L50, M|
|teampreview|4
|showteam|p1|Dragonite||LoadedDice|Multiscale|ScaleShot,ExtremeSpeed,Haze,Protect|||M|||50|,,,,,Fairy]Rillaboom||AssaultVest|GrassySurge|WoodHammer,GrassyGlide,FakeOut,Uturn|||M|||50|,,,,,Fire]Sneasler||FocusSash|Unburden|CloseCombat,Coaching,DireClaw,FakeOut|||F|||50|,,,,,Stellar]Volcarona||GrassySeed|FlameBody|HeatWave,QuiverDance,GigaDrain,Protect|||M|||50|,,,,,Grass]Electabuzz||Eviolite|VitalSpirit|Thunderbolt,Taunt,FollowMe,Protect|||M|||50|,,,,,Ghost]Kingambit||SafetyGoggles|Defiant|KowtowCleave,SuckerPunch,SwordsDance,Protect|||M|||50|,,,,,Dark
|showteam|p2|Sneasler||FocusSash|PoisonTouch|CloseCombat,DireClaw,FakeOut,Protect|||M|||50|,,,,,Stellar]Dragapult||ChoiceBand|ClearBody|DragonDarts,TeraBlast,PhantomForce,Uturn|||F|||50|,,,,,Ghost]Primarina||SitrusBerry|LiquidVoice|HyperVoice,Moonblast,Haze,Protect|||F|||50|,,,,,Poison]Rillaboom||AssaultVest|GrassySurge|WoodHammer,GrassyGlide,HighHorsepower,FakeOut|||M|||50|,,,,,Fire]Kingambit||BlackGlasses|Defiant|KowtowCleave,SuckerPunch,SwordsDance,Protect|||M|||50|,,,,,Ghost]Magmar||Eviolite|VitalSpirit|Overheat,WillOWisp,FollowMe,Protect|||M|||50|,,,,,Ghost
|inactive|Battle timer is ON: inactive players will automatically lose when time's up. (requested by iiFWM)
|
|t:|1754189165
|teamsize|p1|4
|teamsize|p2|4
|start
|switch|p1a: Tokugawa|Kingambit, L50, M|100/100
|switch|p1b: Douglass|Dragonite, L50, M|100/100
|switch|p2a: Dragapult|Dragapult, L50, F|100/100
|switch|p2b: Sneasler|Sneasler, L50, M|100/100
|turn|1
|
|t:|1754189183
|switch|p2a: Magmar|Magmar, L50, M|100/100
|move|p1b: Douglass|Protect|p1b: Douglass
|-singleturn|p1b: Douglass|Protect
|move|p1a: Tokugawa|Protect|p1a: Tokugawa
|-singleturn|p1a: Tokugawa|Protect
|move|p2b: Sneasler|Fake Out|p1b: Douglass
|-activate|p1b: Douglass|move: Protect
|
|upkeep
|turn|2
|
|t:|1754189194
|switch|p1a: Michael|Electabuzz, L50, M|100/100
|move|p2b: Sneasler|Close Combat|p1a: Michael
|-damage|p1a: Michael|53/100
|-unboost|p2b: Sneasler|def|1
|-unboost|p2b: Sneasler|spd|1
|move|p1b: Douglass|Scale Shot|p2b: Sneasler
|-damage|p2b: Sneasler|61/100
|-damage|p2b: Sneasler|26/100
|-damage|p2b: Sneasler|0 fnt
|faint|p2b: Sneasler
|-hitcount|p2: Sneasler|3
|-unboost|p1b: Douglass|def|1
|-boost|p1b: Douglass|spe|1
|move|p2a: Magmar|Will-O-Wisp|p1b: Douglass
|-status|p1b: Douglass|brn
|
|-damage|p1b: Douglass|95/100 brn|[from] brn
|upkeep
|
|t:|1754189210
|switch|p2b: Dragapult|Dragapult, L50, F|100/100
|turn|3
|inactive|tedidn has 30 seconds left.
|inactive|tedidn has 20 seconds left.
|inactive|tedidn has 15 seconds left.
|inactive|tedidn has 10 seconds left.
|inactive|tedidn has 5 seconds left.
|
|t:|1754189262
|move|p1a: Michael|Protect|p1a: Michael
|-singleturn|p1a: Michael|Protect
|move|p2a: Magmar|Follow Me|p2a: Magmar
|-singleturn|p2a: Magmar|move: Follow Me
|move|p2b: Dragapult|Dragon Darts|p1b: Douglass
|-supereffective|p1b: Douglass
|-damage|p1b: Douglass|0 fnt
|faint|p1b: Douglass
|
|upkeep
|
|t:|1754189272
|switch|p1b: Noxia|Sneasler, L50, F|100/100
|turn|4
|
|t:|1754189283
|switch|p1a: Tokugawa|Kingambit, L50, M|100/100
|move|p2a: Magmar|Follow Me|p2a: Magmar
|-singleturn|p2a: Magmar|move: Follow Me
|move|p2b: Dragapult|Dragon Darts|p1b: Noxia
|-damage|p1b: Noxia|39/100
|-anim|p2b: Dragapult|Dragon Darts|p1a: Tokugawa
|-resisted|p1a: Tokugawa
|-damage|p1a: Tokugawa|87/100
|move|p1b: Noxia|Coaching|p1a: Tokugawa
|-boost|p1a: Tokugawa|atk|1
|-boost|p1a: Tokugawa|def|1
|
|upkeep
|turn|5
|
|t:|1754189303
|switch|p2b: Primarina|Primarina, L50, F|100/100
|-terastallize|p1a: Tokugawa|Dark
|move|p1b: Noxia|Fake Out||[still]
|-hint|Fake Out only works on your first turn out.
|-fail|p1b: Noxia
|move|p2a: Magmar|Will-O-Wisp|p1a: Tokugawa
|-status|p1a: Tokugawa|brn
|move|p1a: Tokugawa|Kowtow Cleave|p2b: Primarina
|-resisted|p2b: Primarina
|-damage|p2b: Primarina|75/100
|
|-damage|p1a: Tokugawa|82/100 brn|[from] brn
|upkeep
|turn|6
|
|t:|1754189323
|switch|p1a: Michael|Electabuzz, L50, M|53/100
|move|p2b: Primarina|Protect|p2b: Primarina
|-singleturn|p2b: Primarina|Protect
|move|p1b: Noxia|Dire Claw|p2b: Primarina
|-activate|p2b: Primarina|move: Protect
|move|p2a: Magmar|Overheat|p1b: Noxia
|-damage|p1b: Noxia|0 fnt
|-unboost|p2a: Magmar|spa|2
|faint|p1b: Noxia
|
|upkeep
|
|t:|1754189327
|switch|p1b: Tokugawa|Kingambit, L50, M, tera:Dark|82/100 brn
|turn|7
|
|t:|1754189350
|move|p1b: Tokugawa|Protect|p1b: Tokugawa
|-singleturn|p1b: Tokugawa|Protect
|move|p2a: Magmar|Follow Me|p2a: Magmar
|-singleturn|p2a: Magmar|move: Follow Me
|move|p1a: Michael|Thunderbolt|p2a: Magmar
|-damage|p2a: Magmar|77/100
|move|p2b: Primarina|Moonblast|p1b: Tokugawa
|-activate|p1b: Tokugawa|move: Protect
|
|-damage|p1b: Tokugawa|76/100 brn|[from] brn
|upkeep
|turn|8
|
|t:|1754189365
|move|p2a: Magmar|Follow Me|p2a: Magmar
|-singleturn|p2a: Magmar|move: Follow Me
|move|p1a: Michael|Taunt|p2a: Magmar
|-start|p2a: Magmar|move: Taunt
|move|p2b: Primarina|Moonblast|p1b: Tokugawa
|-supereffective|p1b: Tokugawa
|-damage|p1b: Tokugawa|0 fnt
|faint|p1b: Tokugawa
|
|upkeep
|turn|9
|
|t:|1754189377
|switch|p2a: Dragapult|Dragapult, L50, F|100/100
|-terastallize|p2b: Primarina|Poison
|move|p1a: Michael|Thunderbolt|p2b: Primarina
|-damage|p2b: Primarina|49/100
|-enditem|p2b: Primarina|Sitrus Berry|[eat]
|-heal|p2b: Primarina|74/100|[from] item: Sitrus Berry
|move|p2b: Primarina|Moonblast|p1a: Michael
|-damage|p1a: Michael|19/100
|-unboost|p1a: Michael|spa|1
|
|upkeep
|turn|10
|
|t:|1754189390
|move|p2a: Dragapult|Dragon Darts|p1a: Michael
|-damage|p1a: Michael|0 fnt
|faint|p1a: Michael
|
|win|iiFWM
|raw|tedidn's rating: 1210 → 1188(-22 for losing)
|raw|iiFWM's rating: 1254 → 1276(+22 for winning)
