|j|☆AndruAkd14
|j|☆Ciovy
|html|AndruAkd14Ciovy    
|uhtml|bestof|Game 1 of a best-of-3
|t:|1756497771
|gametype|doubles
|player|p1|AndruAkd14|265|
|player|p2|Ciovy|170|
|gen|9
|tier|[Gen 9] VGC 2025 Reg H (Bo3)
|rule|Species Clause: Limit one of each Pokémon
|rule|Item Clause: Limit 1 of each item
|clearpoke
|poke|p1|Annihilape, L50, F|
|poke|p1|Maushold-Four, L50|
|poke|p1|Basculegion, L50, M|
|poke|p1|Archaludon, L50, F|
|poke|p1|Pelipper, L50, F|
|poke|p1|Grimmsnarl, L50, M|
|poke|p2|Indeedee-F, L50, F|
|poke|p2|Hatterene, L50, F|
|poke|p2|Gallade, L50, M|
|poke|p2|Ursaluna, L50, M|
|poke|p2|Lilligant-Hisui, L50, F|
|poke|p2|Torkoal, L50, M|
|teampreview|4
|showteam|p1|Annihilape||SitrusBerry|Defiant|Protect,RageFist,DrainPunch,BulkUp|||F|||50|,,,,,Water]Maushold-Four||WideLens|Technician|Protect,BeatUp,PopulationBomb,FollowMe||||||50|,,,,,Ghost]Basculegion||ChoiceBand|SwiftSwim|WaveCrash,LastRespects,FlipTurn,AquaJet|||M|||50|,,,,,Water]Archaludon||AssaultVest|Stamina|ElectroShot,BodyPress,FlashCannon,DracoMeteor|||F|||50|,,,,,Bug]Pelipper||FocusSash|Drizzle|Protect,Hurricane,WeatherBall,Tailwind|||F|||50|,,,,,Ghost]Grimmsnarl||LightClay|Prankster|SpiritBreak,LightScreen,Reflect,MistyTerrain|||M|||50|,,,,,Ghost
|showteam|p2|Indeedee-F||PsychicSeed|PsychicSurge|TrickRoom,FollowMe,HelpingHand,DazzlingGleam|||F|||50|,,,,,Fire]Hatterene||LifeOrb|MagicBounce|ExpandingForce,TrickRoom,DazzlingGleam,Protect|||F|||50|,,,,,Psychic]Gallade||ClearAmulet|Sharpness|PsychoCut,TrickRoom,SacredSword,WideGuard|||M|||50|,,,,,Grass]Ursaluna||FlameOrb|Guts|HeadlongRush,Facade,SwordsDance,Protect|||M|||50|,,,,,Ghost]Lilligant-Hisui||FocusSash|Chlorophyll|SolarBlade,SleepPowder,CloseCombat,AfterYou|||F|||50|,,,,,Ghost]Torkoal||ChoiceSpecs|Drought|Eruption,HeatWave,WeatherBall,EarthPower|||M|||50|,,,,,Fire
|j| fog is coming
|inactive|Battle timer is ON: inactive players will automatically lose when time's up. (requested by Ciovy)
|j| Zeepel
|j| no soy de polo
|j| ingeniero tapion
|inactive|AndruAkd14 has 60 seconds left.
|
|t:|1756497831
|teamsize|p1|4
|teamsize|p2|4
|start
|switch|p1a: Grimmsnarl|Grimmsnarl, L50, M|100/100
|switch|p1b: Maushold|Maushold-Four, L50|100/100
|switch|p2a: Hatterene|Hatterene, L50, F|100/100
|switch|p2b: Indeedee|Indeedee-F, L50, F|100/100
|-fieldstart|move: Psychic Terrain|[from] ability: Psychic Surge|[of] p2b: Indeedee
|-enditem|p2b: Indeedee|Psychic Seed
|-boost|p2b: Indeedee|spd|1|[from] item: Psychic Seed
|turn|1
|j| Shrometh
|inactive|AndruAkd14 has 30 seconds left.
|j| TTL Sann♡
|inactive|AndruAkd14 has 20 seconds left.
|
|t:|1756497869
|move|p2b: Indeedee|Follow Me|p2b: Indeedee
|-singleturn|p2b: Indeedee|move: Follow Me
|move|p1a: Grimmsnarl|Misty Terrain|p1a: Grimmsnarl
|-fieldstart|move: Misty Terrain
|move|p1b: Maushold|Population Bomb|p2b: Indeedee
|-damage|p2b: Indeedee|89/100
|-damage|p2b: Indeedee|77/100
|-damage|p2b: Indeedee|66/100
|-damage|p2b: Indeedee|54/100
|-damage|p2b: Indeedee|43/100
|-damage|p2b: Indeedee|33/100
|-damage|p2b: Indeedee|21/100
|-damage|p2b: Indeedee|10/100
|-crit|p2b: Indeedee
|-damage|p2b: Indeedee|0 fnt
|faint|p2b: Indeedee
|-hitcount|p2: Indeedee|9
|move|p2a: Hatterene|Trick Room|p2a: Hatterene
|-fieldstart|move: Trick Room|[of] p2a: Hatterene
|
|upkeep
|
|t:|1756497887
|switch|p2b: Torkoal|Torkoal, L50, M|100/100
|-weather|SunnyDay|[from] ability: Drought|[of] p2b: Torkoal
|turn|2
|inactive|AndruAkd14 has 30 seconds left.
|
|t:|1756497914
|switch|p1b: Pelipper|Pelipper, L50, F|100/100
|-weather|RainDance|[from] ability: Drizzle|[of] p1b: Pelipper
|move|p1a: Grimmsnarl|Light Screen|p1a: Grimmsnarl
|-sidestart|p1: AndruAkd14|move: Light Screen
|move|p2b: Torkoal|Eruption|p1b: Pelipper|[spread] p1a,p1b
|-resisted|p1b: Pelipper
|-damage|p1a: Grimmsnarl|78/100
|-damage|p1b: Pelipper|78/100
|move|p2a: Hatterene|Dazzling Gleam|p1a: Grimmsnarl|[spread] p1a,p1b
|-supereffective|p1a: Grimmsnarl
|-damage|p1a: Grimmsnarl|24/100
|-damage|p1b: Pelipper|23/100
|-damage|p2a: Hatterene|91/100|[from] item: Life Orb
|
|-weather|RainDance|[upkeep]
|upkeep
|turn|3
|inactive|AndruAkd14 has 30 seconds left.
|inactive|Ciovy has 30 seconds left.
|inactive|AndruAkd14 has 20 seconds left.
|inactive|AndruAkd14 has 15 seconds left.
|inactive|AndruAkd14 has 10 seconds left.
|
|t:|1756497961
|move|p2b: Torkoal|Eruption|p1b: Pelipper|[spread] p1a,p1b
|-resisted|p1b: Pelipper
|-damage|p1a: Grimmsnarl|4/100
|-damage|p1b: Pelipper|1/100
|move|p2a: Hatterene|Dazzling Gleam|p1b: Pelipper|[spread] p1a,p1b
|-supereffective|p1a: Grimmsnarl
|-damage|p1a: Grimmsnarl|0 fnt
|-damage|p1b: Pelipper|0 fnt
|faint|p1a: Grimmsnarl
|faint|p1b: Pelipper
|-damage|p2a: Hatterene|82/100|[from] item: Life Orb
|
|-weather|RainDance|[upkeep]
|upkeep
|
|t:|1756497973
|switch|p1a: Maushold|Maushold-Four, L50|100/100
|switch|p1b: Basculegion|Basculegion, L50, M|100/100
|turn|4
|j| frankina
|inactive|AndruAkd14 has 30 seconds left.
|
|t:|1756498001
|switch|p2b: Gallade|Gallade, L50, M|100/100
|-terastallize|p1b: Basculegion|Water
|move|p2a: Hatterene|Protect|p2a: Hatterene
|-singleturn|p2a: Hatterene|Protect
|move|p1b: Basculegion|Aqua Jet|p2b: Gallade
|-damage|p2b: Gallade|16/100
|move|p1a: Maushold|Population Bomb|p2b: Gallade
|-damage|p2b: Gallade|0 fnt
|faint|p2b: Gallade
|-hitcount|p2: Gallade|1
|
|-weather|RainDance|[upkeep]
|upkeep
|
|t:|1756498015
|switch|p2b: Torkoal|Torkoal, L50, M|100/100
|-weather|SunnyDay|[from] ability: Drought|[of] p2b: Torkoal
|turn|5
|inactive|AndruAkd14 has 30 seconds left.
|
|t:|1756498044
|move|p1a: Maushold|Protect|p1a: Maushold
|-singleturn|p1a: Maushold|Protect
|move|p1b: Basculegion|Aqua Jet|p2b: Torkoal
|-supereffective|p2b: Torkoal
|-damage|p2b: Torkoal|71/100
|move|p2b: Torkoal|Eruption|p1b: Basculegion|[spread] p1b
|-activate|p1a: Maushold|move: Protect
|-resisted|p1b: Basculegion
|-damage|p1b: Basculegion|72/100
|move|p2a: Hatterene|Expanding Force|p1b: Basculegion
|-damage|p1b: Basculegion|27/100
|-damage|p2a: Hatterene|72/100|[from] item: Life Orb
|
|-weather|SunnyDay|[upkeep]
|-fieldend|move: Trick Room
|-fieldend|Misty Terrain
|upkeep
|turn|6
|j| TheMrAfro
|l| TheMrAfro
|inactive|AndruAkd14 has 30 seconds left.
|inactive|Ciovy has 30 seconds left.
|
|t:|1756498076
|-terastallize|p2a: Hatterene|Psychic
|move|p1b: Basculegion|Aqua Jet|p2b: Torkoal
|-supereffective|p2b: Torkoal
|-damage|p2b: Torkoal|42/100
|move|p1a: Maushold|Population Bomb|p2b: Torkoal|[miss]
|-miss|p1a: Maushold|p2b: Torkoal
|move|p2a: Hatterene|Expanding Force|p1a: Maushold
|-damage|p1a: Maushold|10/100
|-damage|p2a: Hatterene|63/100|[from] item: Life Orb
|move|p2b: Torkoal|Eruption|p1b: Basculegion|[spread] p1a,p1b
|-resisted|p1b: Basculegion
|-damage|p1a: Maushold|0 fnt
|-damage|p1b: Basculegion|10/100
|faint|p1a: Maushold
|
|-weather|SunnyDay|[upkeep]
|upkeep
|turn|7
|j| TheMrAfro
|
|t:|1756498100
|move|p1b: Basculegion|Aqua Jet|p2b: Torkoal
|-supereffective|p2b: Torkoal
|-damage|p2b: Torkoal|10/100
|move|p2a: Hatterene|Expanding Force|p1b: Basculegion
|-crit|p1b: Basculegion
|-damage|p1b: Basculegion|0 fnt
|faint|p1b: Basculegion
|-damage|p2a: Hatterene|53/100|[from] item: Life Orb
|
|win|Ciovy
||Ciovy is ready for game 2.
|inactive|AndruAkd14 has 29 seconds to confirm battle start!
||AndruAkd14 is ready for game 2.
|uhtml|next|Next: Game 2 of 3
