|j|☆SelvesterTheYAK
|j|☆sorriae
|html|SelvesterTheYAKsorriae    
|uhtml|bestof|Game 1 of a best-of-3
|t:|1756925347
|gametype|doubles
|player|p1|SelvesterTheYAK|101|1118
|player|p2|sorriae|hiker-gen4|1130
|gen|9
|tier|[Gen 9] VGC 2025 Reg H (Bo3)
|rated|
|rule|Species Clause: Limit one of each Pokémon
|rule|Item Clause: Limit 1 of each item
|clearpoke
|poke|p1|Tyranitar, L50, F|
|poke|p1|Garchomp, L50, F|
|poke|p1|Gholdengo, L50|
|poke|p1|Talonflame, L50, M|
|poke|p1|Amoonguss, L50, F|
|poke|p1|Milotic, L50, M|
|poke|p2|Exeggutor, L50, F|
|poke|p2|Indeedee-F, L50, F|
|poke|p2|Gallade, L50, M|
|poke|p2|Torkoal, L50, M|
|poke|p2|Garchomp, L50, F|
|poke|p2|Incineroar, L50, F|
|teampreview|4
|showteam|p1|Tyranitar||AssaultVest|SandStream|RockSlide,TeraBlast,KnockOff,LowKick|||F|||50|,,,,,Flying]Garchomp||LifeOrb|SandVeil|Protect,DragonClaw,StompingTantrum,Earthquake|||F|||50|,,,,,Steel]Gholdengo||MetalCoat|GoodasGold|MakeItRain,ShadowBall,Protect,NastyPlot||||||50|,,,,,Flying]Talonflame||CovertCloak|GaleWings|BraveBird,Tailwind,WillOWisp,Taunt|||M|||50|,,,,,Ghost]Amoonguss||SitrusBerry|Regenerator|Protect,Spore,RagePowder,PollenPuff|||F|||50|,,,,,Water]Milotic||SafetyGoggles|Competitive|Haze,Protect,IcyWind,Scald|||M|||50|,,,,,Dragon
|showteam|p2|Exeggutor||SitrusBerry|Harvest|ExpandingForce,GigaDrain,SleepPowder,TrickRoom|||F|||50|,,,,,Psychic]Indeedee-F||RockyHelmet|PsychicSurge|FollowMe,HelpingHand,DazzlingGleam,TrickRoom|||F|||50|,,,,,Steel]Gallade||SafetyGoggles|Sharpness|PsychoCut,SacredSword,WideGuard,TrickRoom|||M|||50|,,,,,Dark]Torkoal||AirBalloon|Drought|Eruption,HeatWave,WeatherBall,SolarBeam|||M|||50|,,,,,Fire]Garchomp||ClearAmulet|RoughSkin|Earthquake,StompingTantrum,RockSlide,Protect|||F|||50|,,,,,Steel]Incineroar||CovertCloak|Intimidate|FakeOut,PartingShot,KnockOff,FlareBlitz|||F|||50|,,,,,Flying
|
|t:|1756925415
|teamsize|p1|4
|teamsize|p2|4
|start
|switch|p1a: Garchomp|Garchomp, L50, F|100/100
|switch|p1b: Talonflame|Talonflame, L50, M|100/100
|switch|p2a: Incineroar|Incineroar, L50, F|100/100
|switch|p2b: Gallade|Gallade, L50, M, shiny|100/100
|-ability|p2a: Incineroar|Intimidate|boost
|-unboost|p1a: Garchomp|atk|1
|-unboost|p1b: Talonflame|atk|1
|turn|1
|inactive|Battle timer is ON: inactive players will automatically lose when time's up. (requested by SelvesterTheYAK)
|inactive|sorriae has 60 seconds left.
|inactive|sorriae has 30 seconds left.
|
|t:|1756925483
|move|p1b: Talonflame|Brave Bird|p2b: Gallade
|-supereffective|p2b: Gallade
|-damage|p2b: Gallade|39/100
|-damage|p1b: Talonflame|80/100|[from] Recoil
|move|p1a: Garchomp|Stomping Tantrum|p2a: Incineroar
|-supereffective|p2a: Incineroar
|-damage|p2a: Incineroar|39/100
|-damage|p1a: Garchomp|91/100|[from] item: Life Orb
|move|p2a: Incineroar|Knock Off|p1b: Talonflame
|-damage|p1b: Talonflame|32/100
|-enditem|p1b: Talonflame|Covert Cloak|[from] move: Knock Off|[of] p2a: Incineroar
|move|p2b: Gallade|Trick Room|p2b: Gallade
|-fieldstart|move: Trick Room|[of] p2b: Gallade
|
|upkeep
|turn|2
|inactive|SelvesterTheYAK has 30 seconds left.
|inactive|SelvesterTheYAK has 20 seconds left.
|inactive|SelvesterTheYAK has 15 seconds left.
|inactive|SelvesterTheYAK has 10 seconds left.
|
|t:|1756925528
|move|p1a: Garchomp|Protect|p1a: Garchomp
|-singleturn|p1a: Garchomp|Protect
|move|p2a: Incineroar|Knock Off|p1a: Garchomp
|-activate|p1a: Garchomp|move: Protect
|move|p2b: Gallade|Psycho Cut|p1b: Talonflame
|-damage|p1b: Talonflame|0 fnt
|faint|p1b: Talonflame
|
|upkeep
|
|t:|1756925537
|switch|p1b: Tyranitar|Tyranitar, L50, F|100/100
|-weather|Sandstorm|[from] ability: Sand Stream|[of] p1b: Tyranitar
|turn|3
|inactive|sorriae has 30 seconds left.
|
|t:|1756925570
|-terastallize|p1b: Tyranitar|Flying
|move|p2b: Gallade|Wide Guard|p2b: Gallade
|-singleturn|p2b: Gallade|Wide Guard
|move|p2a: Incineroar|Knock Off|p1b: Tyranitar
|-damage|p1b: Tyranitar|65/100
|-enditem|p1b: Tyranitar|Assault Vest|[from] move: Knock Off|[of] p2a: Incineroar
|move|p1b: Tyranitar|Tera Blast|p2b: Gallade|[anim] Tera Blast Flying
|-supereffective|p2b: Gallade
|-damage|p2b: Gallade|0 fnt
|faint|p2b: Gallade
|move|p1a: Garchomp|Earthquake|p2a: Incineroar|[spread] 
|-activate|p2a: Incineroar|move: Wide Guard
|-immune|p1b: Tyranitar
|
|-weather|Sandstorm|[upkeep]
|-damage|p2a: Incineroar|33/100|[from] Sandstorm
|-damage|p1b: Tyranitar|60/100|[from] Sandstorm
|upkeep
|
|t:|1756925588
|switch|p2b: Exeggutor|Exeggutor, L50, F|100/100
|turn|4
|
|t:|1756925603
|switch|p2a: Indeedee|Indeedee-F, L50, F|100/100
|-fieldstart|move: Psychic Terrain|[from] ability: Psychic Surge|[of] p2a: Indeedee
|-terastallize|p2b: Exeggutor|Psychic
|move|p1a: Garchomp|Protect|p1a: Garchomp
|-singleturn|p1a: Garchomp|Protect
|move|p2b: Exeggutor|Expanding Force|p1b: Tyranitar|[spread] p1b
|-activate|p1a: Garchomp|move: Protect
|-damage|p1b: Tyranitar|0 fnt
|faint|p1b: Tyranitar
|
|-weather|Sandstorm|[upkeep]
|-damage|p2b: Exeggutor|95/100|[from] Sandstorm
|-damage|p2a: Indeedee|94/100|[from] Sandstorm
|upkeep
|
|t:|1756925618
|switch|p1b: Gholdengo|Gholdengo, L50|100/100
|turn|5
|
|t:|1756925634
|move|p1b: Gholdengo|Protect|p1b: Gholdengo
|-singleturn|p1b: Gholdengo|Protect
|move|p1a: Garchomp|Dragon Claw|p2a: Indeedee
|-damage|p2a: Indeedee|55/100
|-damage|p1a: Garchomp|74/100|[from] item: Rocky Helmet|[of] p2a: Indeedee
|-damage|p1a: Garchomp|65/100|[from] item: Life Orb
|move|p2b: Exeggutor|Trick Room|p2b: Exeggutor
|-fieldend|move: Trick Room
|move|p2a: Indeedee|Trick Room|p2a: Indeedee
|-fieldstart|move: Trick Room|[of] p2a: Indeedee
|
|-weather|Sandstorm|[upkeep]
|-damage|p2b: Exeggutor|89/100|[from] Sandstorm
|-damage|p2a: Indeedee|49/100|[from] Sandstorm
|upkeep
|turn|6
|-message|SelvesterTheYAK forfeited.
|
|win|sorriae
|l|☆SelvesterTheYAK
|player|p1|
||sorriae is ready for game 2.
||SelvesterTheYAK is ready for game 2.
|uhtml|next|Next: Game 2 of 3
|l|☆sorriae
|player|p2|
|j|☆SelvesterTheYAK
|player|p1|SelvesterTheYAK|101|
