|j|☆Doc Pain
|j|☆Prepucio Santos
|html|Doc PainPrepucio Santos    
|uhtml|bestof|Game 3 of a best-of-3
|t:|1783539937
|gametype|doubles
|player|p1|Doc Pain|waiter-gen4dp|1347
|player|p2|Prepucio Santos|striker|1291
|gen|9
|tier|[Gen 9 Champions] VGC 2026 Reg M-B (Bo3)
|rated|
|rule|Species Clause: Limit one of each Pokémon
|rule|Item Clause: Limit 1 of each item
|clearpoke
|poke|p1|Delphox, L50, M|
|poke|p1|Sneasler, L50, M|
|poke|p1|Incineroar, L50, M|
|poke|p1|Sinistcha, L50|
|poke|p1|Kingambit, L50, M|
|poke|p1|Blastoise, L50, M|
|poke|p2|Incineroar, L50, M|
|poke|p2|Sinistcha-Masterpiece, L50, shiny|
|poke|p2|Floette-Eternal, L50, F|
|poke|p2|Kingambit, L50, F|
|poke|p2|Sneasler, L50, F|
|poke|p2|Delphox, L50, F, shiny|
|teampreview|4
|showteam|p1|Delphox||Delphoxite|Blaze|HeatWave,Psyshock,NastyPlot,Protect|Timid||M|||50|]Sneasler||FocusSash|PoisonTouch|CloseCombat,PoisonJab,FakeOut,QuickGuard|Jolly||M|||50|]Incineroar||SitrusBerry|Intimidate|FlareBlitz,HelpingHand,FakeOut,PartingShot|Impish||M|||50|]Sinistcha||OccaBerry|Hospitality|MatchaGotcha,RagePowder,TrickRoom,Protect|Bold|||||50|]Kingambit||BlackGlasses|Defiant|KowtowCleave,SuckerPunch,SwordsDance,Protect|Adamant||M|||50|]Blastoise||Blastoisinite|RainDish|WaterSpout,DarkPulse,ShellSmash,Protect|Modest||M|||50|
|showteam|p2|Incineroar||SitrusBerry|Intimidate|FakeOut,PartingShot,ThroatChop,FlareBlitz|Careful||M|||50|]Sinistcha-Masterpiece||KasibBerry|Hospitality|MatchaGotcha,LifeDew,RagePowder,TrickRoom|Bold|||||50|]Floette-Eternal||Floettite|FlowerVeil|Moonblast,DazzlingGleam,CalmMind,Protect|Modest||F|||50|]Kingambit||BlackGlasses|Defiant|KowtowCleave,SuckerPunch,SwordsDance,Protect|Adamant||F|||50|]Sneasler||FocusSash|PoisonTouch|FakeOut,CloseCombat,DireClaw,QuickGuard|Jolly||F|||50|]Delphox||Delphoxite|Blaze|HeatWave,Psyshock,NastyPlot,Protect|Timid||F|||50|
|inactive|Battle timer is ON: inactive players will automatically lose when time's up. (requested by Doc Pain)
|inactive|Prepucio Santos has 60 seconds left.
|
|t:|1783539971
|teamsize|p1|4
|teamsize|p2|4
|start
|switch|p1a: Blastoise|Blastoise, L50, M|100/100
|switch|p1b: Sneasler|Sneasler, L50, M|100/100
|switch|p2a: Sneasler|Sneasler, L50, F|100/100
|switch|p2b: Floette|Floette-Eternal, L50, F|100/100
|turn|1
|inactive|Doc Pain has 30 seconds left.
|
|t:|1783540005
|detailschange|p1a: Blastoise|Blastoise-Mega, L50, M
|-mega|p1a: Blastoise|Blastoise|Blastoisinite
|detailschange|p2b: Floette|Floette-Mega, L50, F
|-mega|p2b: Floette|Floette|Floettite
|-ability|p2b: Floette|Fairy Aura
|move|p2a: Sneasler|Fake Out|p1a: Blastoise
|-damage|p1a: Blastoise|86/100
|-status|p1a: Blastoise|psn|[from] ability: Poison Touch|[of] p2a: Sneasler
|move|p1b: Sneasler|Fake Out|p2b: Floette
|-damage|p2b: Floette|86/100
|-status|p2b: Floette|psn|[from] ability: Poison Touch|[of] p1b: Sneasler
|cant|p1a: Blastoise|flinch
|cant|p2b: Floette|flinch
|
|-damage|p1a: Blastoise|74/100 psn|[from] psn
|-damage|p2b: Floette|74/100 psn|[from] psn
|upkeep
|turn|2
|
|t:|1783540028
|switch|p1a: Incineroar|Incineroar, L50, M|100/100
|-ability|p1a: Incineroar|Intimidate|boost
|-unboost|p2a: Sneasler|atk|1
|-unboost|p2b: Floette|atk|1
|switch|p2b: Incineroar|Incineroar, L50, M|100/100
|-ability|p2b: Incineroar|Intimidate|boost
|-unboost|p1a: Incineroar|atk|1
|-unboost|p1b: Sneasler|atk|1
|move|p2a: Sneasler|Close Combat|p1a: Incineroar
|-supereffective|p1a: Incineroar|1
|-damage|p1a: Incineroar|33/100
|-unboost|p2a: Sneasler|def|1
|-unboost|p2a: Sneasler|spd|1
|-status|p1a: Incineroar|psn|[from] ability: Poison Touch|[of] p2a: Sneasler
|-enditem|p1a: Incineroar|Sitrus Berry|[eat]
|-heal|p1a: Incineroar|58/100 psn|[from] item: Sitrus Berry
|move|p1b: Sneasler|Poison Jab|p2b: Incineroar
|-damage|p2b: Incineroar|73/100
|-status|p2b: Incineroar|psn|[from] ability: Poison Touch|[of] p1b: Sneasler
|
|-damage|p1a: Incineroar|46/100 psn|[from] psn
|-damage|p2b: Incineroar|60/100 psn|[from] psn
|upkeep
|turn|3
|
|t:|1783540046
|switch|p2a: Sinistcha|Sinistcha-Masterpiece, L50, shiny|100/100
|-heal|p2b: Incineroar|85/100 psn|[from] ability: Hospitality|[of] p2a: Sinistcha
|move|p1a: Incineroar|Fake Out|p2b: Incineroar
|-damage|p2b: Incineroar|78/100 psn
|move|p1b: Sneasler|Poison Jab|p2a: Sinistcha
|-damage|p2a: Sinistcha|76/100
|-status|p2a: Sinistcha|psn
|cant|p2b: Incineroar|flinch
|
|-damage|p1a: Incineroar|33/100 psn|[from] psn
|-damage|p2b: Incineroar|66/100 psn|[from] psn
|-damage|p2a: Sinistcha|64/100 psn|[from] psn
|upkeep
|turn|4
|
|t:|1783540062
|move|p1b: Sneasler|Close Combat|p2b: Incineroar
|-supereffective|p2b: Incineroar|1
|-damage|p2b: Incineroar|0 fnt
|-unboost|p1b: Sneasler|def|1
|-unboost|p1b: Sneasler|spd|1
|faint|p2b: Incineroar
|move|p1a: Incineroar|Flare Blitz|p2a: Sinistcha
|-supereffective|p2a: Sinistcha|1
|-damage|p2a: Sinistcha|16/100 psn
|-damage|p1a: Incineroar|19/100 psn|[from] Recoil
|move|p2a: Sinistcha|Matcha Gotcha|p1b: Sneasler|[spread] p1b
|-miss|p2a: Sinistcha|p1a: Incineroar
|-resisted|p1b: Sneasler|1
|-damage|p1b: Sneasler|75/100
|-heal|p2a: Sinistcha|27/100 psn|[from] drain|[of] p1b: Sneasler
|
|-damage|p1a: Incineroar|7/100 psn|[from] psn
|-damage|p2a: Sinistcha|15/100 psn|[from] psn
|upkeep
|
|t:|1783540067
|switch|p2b: Floette|Floette-Mega, L50, F|74/100 psn
|-ability|p2b: Floette|Fairy Aura
|turn|5
|
|t:|1783540080
|switch|p1a: Sinistcha|Sinistcha, L50|100/100
|-heal|p1b: Sneasler|100/100|[from] ability: Hospitality|[of] p1a: Sinistcha
|move|p2a: Sinistcha|Rage Powder|p2a: Sinistcha
|-singleturn|p2a: Sinistcha|move: Rage Powder
|move|p1b: Sneasler|Poison Jab|p2a: Sinistcha
|-damage|p2a: Sinistcha|0 fnt
|faint|p2a: Sinistcha
|move|p2b: Floette|Dazzling Gleam|p1b: Sneasler|[spread] p1a,p1b
|-damage|p1a: Sinistcha|52/100
|-damage|p1b: Sneasler|1/100
|
|-damage|p2b: Floette|62/100 psn|[from] psn
|upkeep
|
|t:|1783540084
|switch|p2a: Sneasler|Sneasler, L50, F|100/100
|turn|6
|
|t:|1783540097
|switch|p1b: Incineroar|Incineroar, L50, M|7/100 psn
|-ability|p1b: Incineroar|Intimidate|boost
|-unboost|p2a: Sneasler|atk|1
|-unboost|p2b: Floette|atk|1
|move|p1a: Sinistcha|Protect|p1a: Sinistcha
|-singleturn|p1a: Sinistcha|Protect
|move|p2a: Sneasler|Fake Out|p1b: Incineroar
|-damage|p1b: Incineroar|0 fnt
|faint|p1b: Incineroar
|move|p2b: Floette|Moonblast|p1a: Sinistcha
|-activate|p1a: Sinistcha|move: Protect
|
|-damage|p2b: Floette|50/100g psn|[from] psn
|upkeep
|
|t:|1783540111
|switch|p1b: Sneasler|Sneasler, L50, M|1/100
|turn|7
|
|t:|1783540125
|switch|p1a: Blastoise|Blastoise-Mega, L50, M|74/100 psn
|move|p2a: Sneasler|Quick Guard|p2a: Sneasler
|-singleturn|p2a: Sneasler|Quick Guard
|move|p1b: Sneasler|Fake Out|p2b: Floette
|-activate|p2b: Floette|move: Quick Guard
|move|p2b: Floette|Dazzling Gleam|p1b: Sneasler|[spread] p1a,p1b
|-damage|p1a: Blastoise|30/100 psn
|-damage|p1b: Sneasler|0 fnt
|faint|p1b: Sneasler
|
|-damage|p1a: Blastoise|17/100 psn|[from] psn
|-damage|p2b: Floette|38/100 psn|[from] psn
|upkeep
|
|t:|1783540130
|switch|p1b: Sinistcha|Sinistcha, L50|52/100
|-heal|p1a: Blastoise|42/100 psn|[from] ability: Hospitality|[of] p1b: Sinistcha
|turn|8
|
|t:|1783540148
|move|p1b: Sinistcha|Rage Powder|p1b: Sinistcha
|-singleturn|p1b: Sinistcha|move: Rage Powder
|move|p2a: Sneasler|Dire Claw|p1b: Sinistcha
|-damage|p1b: Sinistcha|29/100
|move|p1a: Blastoise|Water Spout|p2a: Sneasler|[spread] p2a,p2b
|-damage|p2a: Sneasler|61/100
|-damage|p2b: Floette|16/100 psn
|move|p2b: Floette|Dazzling Gleam|p1b: Sinistcha|[spread] p1a,p1b
|-damage|p1a: Blastoise|0 fnt
|-damage|p1b: Sinistcha|0 fnt
|faint|p1a: Blastoise
|faint|p1b: Sinistcha
|
|win|Prepucio Santos
