|j|☆PenguimSAL
|j|☆Hudie EU
|html|PenguimSALHudie EU    
|uhtml|bestof|Game 2 of a best-of-3
|t:|1786054134
|gametype|doubles
|player|p1|PenguimSAL|266|1212
|player|p2|Hudie EU|hilda|1259
|gen|9
|tier|[Gen 9 Champions] VGC 2026 Reg M-B (Bo3)
|rated|
|rule|Species Clause: Limit one of each Pokémon
|rule|Item Clause: Limit 1 of each item
|clearpoke
|poke|p1|Charizard, L50, F|
|poke|p1|Venusaur, L50, F|
|poke|p1|Garchomp, L50, M|
|poke|p1|Incineroar, L50, M|
|poke|p1|Toxapex, L50, F|
|poke|p1|Sylveon, L50, F|
|poke|p2|Delphox, L50, M, shiny|
|poke|p2|Staraptor, L50, M, shiny|
|poke|p2|Grimmsnarl, L50, M, shiny|
|poke|p2|Sinistcha, L50, shiny|
|poke|p2|Garchomp, L50, M, shiny|
|poke|p2|Scizor, L50, M, shiny|
|teampreview|4
|showteam|p1|Charizard||CharizarditeY|Blaze|HeatWave,WeatherBall,AncientPower,Protect|Modest||F|||50|]Venusaur||LifeOrb|Chlorophyll|SolarBeam,SludgeBomb,EarthPower,Protect|Modest||F|||50|]Garchomp||ChoiceScarf|RoughSkin|DragonClaw,Earthquake,RockSlide,StompingTantrum|Adamant||M|||50|]Incineroar||SitrusBerry|Intimidate|FlareBlitz,ThroatChop,PartingShot,FakeOut|Impish||M|||50|]Toxapex||Leftovers|Regenerator|Toxic,Infestation,WideGuard,BanefulBunker|Bold||F|||50|]Sylveon||FairyFeather|Pixilate|HyperVoice,Yawn,Detect,QuickAttack|Modest||F|||50|
|showteam|p2|Delphox||Delphoxite|Blaze|HeatWave,Psyshock,NastyPlot,Protect|Timid||M|||50|]Staraptor||Staraptite|Intimidate|CloseCombat,BraveBird,Tailwind,Protect|Jolly||M|||50|]Grimmsnarl||LightClay|Prankster|FakeOut,Reflect,LightScreen,PartingShot|Careful||M|||50|]Sinistcha||FocusSash|Hospitality|Protect,RagePowder,MatchaGotcha,TrickRoom|Bold|||||50|]Garchomp||ChoiceScarf|RoughSkin|DragonClaw,Earthquake,RockSlide,StompingTantrum|Adamant||M|||50|]Scizor||LifeOrb|Technician|BulletPunch,BugBite,QuickGuard,Protect|Adamant||M|||50|
|inactive|Battle timer is ON: inactive players will automatically lose when time's up. (requested by Hudie EU)
|inactive|PenguimSAL has 60 seconds left.
|
|t:|1786054174
|teamsize|p1|4
|teamsize|p2|4
|start
|switch|p1a: Garchomp|Garchomp, L50, M|100/100
|switch|p1b: Sylveon|Sylveon, L50, F|100/100
|switch|p2a: Fox Magic|Delphox, L50, M, shiny|100/100
|switch|p2b: Grimmothy|Grimmsnarl, L50, M, shiny|100/100
|turn|1
|
|t:|1786054190
|detailschange|p2a: Fox Magic|Delphox-Mega, L50, M, shiny
|-mega|p2a: Fox Magic|Delphox|Delphoxite
|move|p2b: Grimmothy|Fake Out|p1a: Garchomp
|-damage|p1a: Garchomp|89/100
|-damage|p2b: Grimmothy|87/100|[from] ability: Rough Skin|[of] p1a: Garchomp
|cant|p1a: Garchomp|flinch
|move|p2a: Fox Magic|Nasty Plot|p2a: Fox Magic
|-boost|p2a: Fox Magic|spa|2
|move|p1b: Sylveon|Hyper Voice|p2a: Fox Magic|[spread] p2a,p2b
|-resisted|p2a: Fox Magic|1
|-supereffective|p2b: Grimmothy|1
|-damage|p2a: Fox Magic|79/100
|-damage|p2b: Grimmothy|3/100
|
|upkeep
|turn|2
|
|t:|1786054207
|switch|p1b: Charizard|Charizard, L50, F|100/100
|move|p2a: Fox Magic|Protect|p2a: Fox Magic
|-singleturn|p2a: Fox Magic|Protect
|move|p2b: Grimmothy|Reflect|p2b: Grimmothy
|-sidestart|p2: Hudie EU|Reflect
|move|p1a: Garchomp|Rock Slide|p2a: Fox Magic|[spread] p2b
|-activate|p2a: Fox Magic|move: Protect
|-damage|p2b: Grimmothy|0 fnt
|faint|p2b: Grimmothy
|
|upkeep
|
|t:|1786054221
|switch|p2b: Greensmith|Scizor, L50, M, shiny|100/100
|turn|3
|
|t:|1786054229
|detailschange|p1b: Charizard|Charizard-Mega-Y, L50, F
|-mega|p1b: Charizard|Charizard|Charizardite Y
|-weather|SunnyDay|[from] ability: Drought|[of] p1b: Charizard
|move|p2b: Greensmith|Bullet Punch|p1a: Garchomp
|-damage|p1a: Garchomp|47/100
|-damage|p2b: Greensmith|87/100|[from] ability: Rough Skin|[of] p1a: Garchomp
|-damage|p2b: Greensmith|78/100|[from] item: Life Orb
|move|p1a: Garchomp|Rock Slide|p2b: Greensmith|[spread] p2a,p2b
|-supereffective|p2a: Fox Magic|1
|-damage|p2a: Fox Magic|43/100
|-damage|p2b: Greensmith|63/100
|cant|p2a: Fox Magic|flinch
|move|p1b: Charizard|Heat Wave|p2b: Greensmith|[spread] p2a,p2b
|-resisted|p2a: Fox Magic|1
|-supereffective|p2b: Greensmith|2
|-damage|p2a: Fox Magic|17/100
|-damage|p2b: Greensmith|0 fnt
|faint|p2b: Greensmith
|
|-weather|SunnyDay|[upkeep]
|upkeep
|
|t:|1786054242
|switch|p2b: FreakyMtnDew|Sinistcha, L50, shiny|100/100
|-heal|p2a: Fox Magic|42/100|[from] ability: Hospitality|[of] p2b: FreakyMtnDew
|turn|4
|
|t:|1786054252
|move|p2a: Fox Magic|Protect|p2a: Fox Magic
|-singleturn|p2a: Fox Magic|Protect
|move|p1a: Garchomp|Rock Slide|p2b: FreakyMtnDew|[spread] 
|-activate|p2a: Fox Magic|move: Protect
|-miss|p1a: Garchomp|p2b: FreakyMtnDew
|move|p1b: Charizard|Heat Wave|p2b: FreakyMtnDew|[spread] p2b
|-activate|p2a: Fox Magic|move: Protect
|-supereffective|p2b: FreakyMtnDew|1
|-enditem|p2b: FreakyMtnDew|Focus Sash
|-damage|p2b: FreakyMtnDew|1/100
|-status|p2b: FreakyMtnDew|brn
|move|p2b: FreakyMtnDew|Matcha Gotcha|p1a: Garchomp|[spread] p1a,p1b
|-resisted|p1b: Charizard|2
|-damage|p1a: Garchomp|12/100
|-heal|p2b: FreakyMtnDew|20/100y brn|[from] drain|[of] p1a: Garchomp
|-damage|p1b: Charizard|93/100
|-heal|p2b: FreakyMtnDew|24/100 brn|[from] drain|[of] p1b: Charizard
|-status|p1a: Garchomp|brn
|
|-weather|SunnyDay|[upkeep]
|-damage|p1a: Garchomp|7/100 brn|[from] brn
|-damage|p2b: FreakyMtnDew|18/100 brn|[from] brn
|upkeep
|turn|5
|c|☆Hudie EU|This has been a deeply unlucky game
|
|t:|1786054274
|move|p2b: FreakyMtnDew|Protect|p2b: FreakyMtnDew
|-singleturn|p2b: FreakyMtnDew|Protect
|move|p1a: Garchomp|Rock Slide|p2a: Fox Magic|[spread] p2a
|-activate|p2b: FreakyMtnDew|move: Protect
|-supereffective|p2a: Fox Magic|1
|-damage|p2a: Fox Magic|25/100
|cant|p2a: Fox Magic|flinch
|move|p1b: Charizard|Heat Wave|p2a: Fox Magic|[spread] p2a
|-activate|p2b: FreakyMtnDew|move: Protect
|-resisted|p2a: Fox Magic|1
|-damage|p2a: Fox Magic|0 fnt
|faint|p2a: Fox Magic
|
|-weather|SunnyDay|[upkeep]
|-damage|p1a: Garchomp|1/100 brn|[from] brn
|-damage|p2b: FreakyMtnDew|13/100 brn|[from] brn
|upkeep
|turn|6
|c|☆PenguimSAL|true, sry bout that
|c|☆PenguimSAL|WOW
|c|☆Hudie EU|It happens lol
|c|☆Hudie EU|Glad to get the bad luck out of the way now
|c|☆Hudie EU|Ggs
|inactive|Hudie EU has 30 seconds left.
|-message|Hudie EU forfeited.
|
|win|PenguimSAL
|raw|PenguimSAL's rating: 1212 → 1240(+28 for winning)
|raw|Hudie EU's rating: 1259 → 1231(-28 for losing)
|c|☆PenguimSAL|now I'm gonna run out of good luck
|c|☆PenguimSAL|xdd
|c|☆Hudie EU|Lmao
|c|☆PenguimSAL|jkjk, sry and have a good day!
|c|☆Hudie EU|You too!
|l|☆PenguimSAL
|player|p1|
