|j|☆bignoobu
|j|☆snug as a dnug
|html|bignoobusnug as a dnug    
|uhtml|bestof|Game 1 of a best-of-3
|t:|1783471780
|gametype|doubles
|player|p1|bignoobu|169|1061
|player|p2|snug as a dnug|roxanne-masters|1116
|gen|9
|tier|[Gen 9 Champions] VGC 2026 Reg M-B (Bo3)
|rated|
|rule|Species Clause: Limit one of each Pokémon
|rule|Item Clause: Limit 1 of each item
|clearpoke
|poke|p1|Chandelure, L50, M|
|poke|p1|Whimsicott, L50, F|
|poke|p1|Kleavor, L50, F|
|poke|p1|Grimmsnarl, L50, M|
|poke|p1|Goodra-Hisui, L50, F|
|poke|p1|Basculegion, L50, M|
|poke|p2|Staraptor, L50, M|
|poke|p2|Charizard, L50, M|
|poke|p2|Garchomp, L50, M|
|poke|p2|Kingambit, L50, M|
|poke|p2|Whimsicott, L50, F|
|poke|p2|Incineroar, L50, F|
|teampreview|4
|showteam|p1|Chandelure||Chandelurite|FlashFire|EnergyBall,HeatWave,Protect,ShadowBall|Timid||M|||50|]Whimsicott||FocusSash|Prankster|Encore,Tailwind,Moonblast,LightScreen|Bold||F|||50|]Kleavor||MuscleBand|Sharpness|StoneAxe,XScissor,Protect,NightSlash|Jolly||F|||50|]Grimmsnarl||LightClay|Prankster|FakeOut,PartingShot,Reflect,LightScreen|Careful||M|||50|]Goodra-Hisui||Leftovers|Gooey|AcidSpray,BreakingSwipe,BodyPress,LifeDew|Sassy||F|||50|]Basculegion||MysticWater|Adaptability|AquaJet,WaveCrash,LastRespects,Protect|Adamant||M|||50|
|showteam|p2|Staraptor||Staraptite|Intimidate|BraveBird,CloseCombat,Roost,Protect|Jolly||M|||50|]Charizard||CharizarditeY|Blaze|HeatWave,WeatherBall,SolarBeam,Protect|Modest||M|||50|]Garchomp||LifeOrb|RoughSkin|Earthquake,DragonClaw,RockSlide,Protect|Jolly||M|||50|]Kingambit||ChopleBerry|Defiant|KowtowCleave,SuckerPunch,IronHead,Protect|Adamant||M|||50|]Whimsicott||FocusSash|Prankster|Moonblast,Tailwind,Charm,Protect|Timid||F|||50|]Incineroar||SitrusBerry|Intimidate|FakeOut,FlareBlitz,ThroatChop,PartingShot|Adamant||F|||50|
|
|t:|1783471858
|teamsize|p1|4
|teamsize|p2|4
|start
|switch|p1a: Whimsicott|Whimsicott, L50, F|100/100
|switch|p1b: Kleavor|Kleavor, L50, F|100/100
|switch|p2a: Staraptor|Staraptor, L50, M|100/100
|switch|p2b: Kingambit|Kingambit, L50, M|100/100
|-ability|p2a: Staraptor|Intimidate|boost
|-unboost|p1a: Whimsicott|atk|1
|-unboost|p1b: Kleavor|atk|1
|turn|1
|
|t:|1783471887
|detailschange|p2a: Staraptor|Staraptor-Mega, L50, M
|-mega|p2a: Staraptor|Staraptor|Staraptite
|move|p1a: Whimsicott|Tailwind|p1a: Whimsicott
|-sidestart|p1: bignoobu|move: Tailwind
|move|p1b: Kleavor|Stone Axe|p2a: Staraptor
|-damage|p2a: Staraptor|64/100
|-sidestart|p2: snug as a dnug|move: Stealth Rock
|move|p2a: Staraptor|Close Combat|p1a: Whimsicott
|-resisted|p1a: Whimsicott|1
|-damage|p1a: Whimsicott|74/100
|-boost|p2a: Staraptor|def|1
|-boost|p2a: Staraptor|spd|1
|move|p2b: Kingambit|Iron Head|p1b: Kleavor
|-supereffective|p1b: Kleavor|1
|-damage|p1b: Kleavor|0 fnt
|faint|p1b: Kleavor
|
|upkeep
|
|t:|1783471911
|switch|p1b: Chandelure|Chandelure, L50, M|100/100
|turn|2
|
|t:|1783471931
|detailschange|p1b: Chandelure|Chandelure-Mega, L50, M
|-mega|p1b: Chandelure|Chandelure|Chandelurite
|move|p1a: Whimsicott|Encore|p2a: Staraptor
|-start|p2a: Staraptor|Encore
|move|p2b: Kingambit|Sucker Punch|p1b: Chandelure
|-supereffective|p1b: Chandelure|1
|-damage|p1b: Chandelure|3/100
|move|p1b: Chandelure|Heat Wave|p2a: Staraptor|[spread] p2a,p2b
|-supereffective|p2b: Kingambit|1
|-damage|p2a: Staraptor|33/100
|-damage|p2b: Kingambit|14/100
|-status|p2b: Kingambit|brn
|move|p2a: Staraptor|Close Combat|p1a: Whimsicott
|-resisted|p1a: Whimsicott|1
|-damage|p1a: Whimsicott|50/100g
|-boost|p2a: Staraptor|def|1
|-boost|p2a: Staraptor|spd|1
|
|-damage|p2b: Kingambit|9/100 brn|[from] brn
|upkeep
|turn|3
|
|t:|1783471958
|move|p1b: Chandelure|Protect|p1b: Chandelure
|-singleturn|p1b: Chandelure|Protect
|move|p2b: Kingambit|Sucker Punch||[still]
|-fail|p2b: Kingambit
|move|p1a: Whimsicott|Moonblast|p2b: Kingambit
|-damage|p2b: Kingambit|0 fnt
|faint|p2b: Kingambit
|move|p2a: Staraptor|Close Combat|p1a: Whimsicott
|-resisted|p1a: Whimsicott|1
|-damage|p1a: Whimsicott|27/100
|-boost|p2a: Staraptor|def|1
|-boost|p2a: Staraptor|spd|1
|
|upkeep
|
|t:|1783471969
|switch|p2b: Garchomp|Garchomp, L50, M|100/100
|-damage|p2b: Garchomp|94/100|[from] Stealth Rock
|turn|4
|
|t:|1783471981
|move|p1b: Chandelure|Heat Wave|p2b: Garchomp|[spread] p2a,p2b
|-resisted|p2b: Garchomp|1
|-damage|p2a: Staraptor|15/100
|-damage|p2b: Garchomp|69/100
|move|p1a: Whimsicott|Moonblast|p2b: Garchomp
|-supereffective|p2b: Garchomp|1
|-damage|p2b: Garchomp|3/100
|move|p2a: Staraptor|Close Combat|p1a: Whimsicott
|-resisted|p1a: Whimsicott|1
|-damage|p1a: Whimsicott|2/100
|-boost|p2a: Staraptor|def|1
|-boost|p2a: Staraptor|spd|1
|move|p2b: Garchomp|Earthquake|p1b: Chandelure|[spread] p1a,p1b
|-immune|p2a: Staraptor
|-resisted|p1a: Whimsicott|1
|-supereffective|p1b: Chandelure|1
|-damage|p1a: Whimsicott|0 fnt
|-damage|p1b: Chandelure|0 fnt
|faint|p1a: Whimsicott
|faint|p1b: Chandelure
|-damage|p2b: Garchomp|0 fnt|[from] item: Life Orb
|faint|p2b: Garchomp
|
|-end|p2a: Staraptor|Encore
|-sideend|p1: bignoobu|move: Tailwind
|upkeep
|
|t:|1783472004
|switch|p2b: Incineroar|Incineroar, L50, F|100/100
|switch|p1b: Goodra|Goodra-Hisui, L50, F|100/100
|-damage|p2b: Incineroar|75/100|[from] Stealth Rock
|-ability|p2b: Incineroar|Intimidate|boost
|-unboost|p1b: Goodra|atk|1
|turn|5
|
|t:|1783472015
|move|p2b: Incineroar|Fake Out|p1b: Goodra
|-resisted|p1b: Goodra|1
|-damage|p1b: Goodra|93/100
|-ability|p1b: Goodra|Gooey
|-unboost|p2b: Incineroar|spe|1
|move|p2a: Staraptor|Roost|p2a: Staraptor
|-heal|p2a: Staraptor|65/100
|-singleturn|p2a: Staraptor|move: Roost
|cant|p1b: Goodra|flinch
|
|-heal|p1b: Goodra|99/100|[from] item: Leftovers
|upkeep
|turn|6
|
|t:|1783472025
|move|p2a: Staraptor|Close Combat|p1b: Goodra
|-supereffective|p1b: Goodra|1
|-damage|p1b: Goodra|0 fnt
|-boost|p2a: Staraptor|def|1
|-boost|p2a: Staraptor|spd|1
|-ability|p1b: Goodra|Gooey
|-boost|p2a: Staraptor|spe|1
|faint|p1b: Goodra
|
|win|snug as a dnug
||snug as a dnug is ready for game 2.
||bignoobu is ready for game 2.
|uhtml|next|Next: Game 2 of 3
|l|☆bignoobu
|player|p1|
