|j|☆Astterio
|j|☆IngeVGC
|html|AstterioIngeVGC    
|uhtml|bestof|Game 2 of a best-of-3
|t:|1756393106
|gametype|doubles
|player|p1|Astterio|eusine|1362
|player|p2|IngeVGC|fisherman-gen4|1461
|gen|9
|tier|[Gen 9] VGC 2025 Reg H (Bo3)
|rated|
|rule|Species Clause: Limit one of each Pokémon
|rule|Item Clause: Limit 1 of each item
|clearpoke
|poke|p1|Ninetales-Alola, L50, M|
|poke|p1|Dragonite, L50, F|
|poke|p1|Incineroar, L50, M|
|poke|p1|Annihilape, L50, M|
|poke|p1|Ursaluna-Bloodmoon, L50, M|
|poke|p1|Basculegion, L50, M|
|poke|p2|Kingambit, L50, F|
|poke|p2|Rillaboom, L50, M|
|poke|p2|Electabuzz, L50, M|
|poke|p2|Volcarona, L50, F|
|poke|p2|Sneasler, L50, F|
|poke|p2|Dragonite, L50, F|
|teampreview|4
|showteam|p1|Ninetales-Alola||FocusSash|SnowWarning|Blizzard,Moonblast,Encore,Protect|||M|||50|,,,,,Ghost]Dragonite||LoadedDice|Multiscale|ScaleShot,Haze,Tailwind,Protect|||F|||50|,,,,,Steel]Incineroar||SafetyGoggles|Intimidate|FakeOut,PartingShot,KnockOff,FlareBlitz|||M|||50|,,,,,Ghost]Annihilape||LumBerry|Defiant|Taunt,CloseCombat,RageFist,Protect|||M|||50|,,,,,Water]Ursaluna-Bloodmoon||AssaultVest|MindsEye|BloodMoon,HyperVoice,EarthPower,VacuumWave|||M|||50|,,,,,Poison]Basculegion||ChoiceScarf|Adaptability|WaveCrash,LastRespects,FlipTurn,TeraBlast|||M|||50|,,,,,Ghost
|showteam|p2|Kingambit||BlackGlasses|Defiant|Protect,KowtowCleave,SuckerPunch,SwordsDance|||F|||50|,,,,,Dark]Rillaboom||AssaultVest|GrassySurge|WoodHammer,GrassyGlide,HighHorsepower,FakeOut|||M|||50|,,,,,Fire]Electabuzz||Eviolite|VitalSpirit|Protect,Thunderbolt,HelpingHand,FollowMe|||M|||50|,,,,,Ghost]Volcarona||CovertCloak|FlameBody|Protect,HeatWave,TeraBlast,QuiverDance|||F|||50|,,,,,Fairy]Sneasler||FocusSash|Unburden|CloseCombat,DireClaw,Coaching,FakeOut|||F|||50|,,,,,Stellar]Dragonite||LoadedDice|Multiscale|ScaleShot,Haze,ExtremeSpeed,Protect|||F|||50|,,,,,Fairy
|inactive|Battle timer is ON: inactive players will automatically lose when time's up. (requested by Astterio)
|
|t:|1756393121
|teamsize|p1|4
|teamsize|p2|4
|start
|switch|p1a: Dragonite|Dragonite, L50, F|100/100
|switch|p1b: Ursaluna|Ursaluna-Bloodmoon, L50, M|100/100
|switch|p2a: Volcarona|Volcarona, L50, F|100/100
|switch|p2b: Snarf|Electabuzz, L50, M|100/100
|turn|1
|
|t:|1756393128
|move|p2b: Snarf|Thunderbolt|p1a: Dragonite
|-damage|p1a: Dragonite|83/100
|move|p2a: Volcarona|Quiver Dance|p2a: Volcarona
|-boost|p2a: Volcarona|spa|1
|-boost|p2a: Volcarona|spd|1
|-boost|p2a: Volcarona|spe|1
|move|p1a: Dragonite|Haze|p1a: Dragonite
|-clearallboost
|move|p1b: Ursaluna|Hyper Voice|p2b: Snarf|[spread] p2a,p2b
|-damage|p2a: Volcarona|67/100
|-damage|p2b: Snarf|74/100
|
|upkeep
|turn|2
|
|t:|1756393150
|-terastallize|p1a: Dragonite|Steel
|move|p2b: Snarf|Thunderbolt|p1a: Dragonite
|-damage|p1a: Dragonite|50/100
|move|p2a: Volcarona|Quiver Dance|p2a: Volcarona
|-boost|p2a: Volcarona|spa|1
|-boost|p2a: Volcarona|spd|1
|-boost|p2a: Volcarona|spe|1
|move|p1a: Dragonite|Scale Shot|p2b: Snarf
|-damage|p2b: Snarf|63/100
|-damage|p2b: Snarf|53/100
|-damage|p2b: Snarf|42/100
|-crit|p2b: Snarf
|-damage|p2b: Snarf|24/100
|-crit|p2b: Snarf
|-damage|p2b: Snarf|6/100
|-hitcount|p2b: Snarf|5
|-unboost|p1a: Dragonite|def|1
|-boost|p1a: Dragonite|spe|1
|move|p1b: Ursaluna|Hyper Voice|p2b: Snarf|[spread] p2a,p2b
|-damage|p2a: Volcarona|48/100
|-damage|p2b: Snarf|0 fnt
|faint|p2b: Snarf
|
|upkeep
|
|t:|1756393161
|switch|p2b: Vanessa|Sneasler, L50, F|100/100
|turn|3
|inactive|IngeVGC has 30 seconds left.
|
|t:|1756393186
|switch|p1b: Basculegion|Basculegion, L50, M|100/100
|move|p2b: Vanessa|Fake Out|p1a: Dragonite
|-resisted|p1a: Dragonite
|-damage|p1a: Dragonite|38/100
|move|p2a: Volcarona|Quiver Dance|p2a: Volcarona
|-boost|p2a: Volcarona|spa|1
|-boost|p2a: Volcarona|spd|1
|-boost|p2a: Volcarona|spe|1
|cant|p1a: Dragonite|flinch
|
|upkeep
|turn|4
|inactive|Astterio has 30 seconds left.
|
|t:|1756393215
|move|p2a: Volcarona|Heat Wave|p1b: Basculegion|[spread] 
|-miss|p2a: Volcarona|p1a: Dragonite
|-miss|p2a: Volcarona|p1b: Basculegion
|move|p1b: Basculegion|Wave Crash|p2a: Volcarona
|-supereffective|p2a: Volcarona
|-damage|p2a: Volcarona|0 fnt
|faint|p2a: Volcarona
|-damage|p1b: Basculegion|85/100|[from] Recoil
|move|p1a: Dragonite|Haze|p1a: Dragonite
|-clearallboost
|move|p2b: Vanessa|Dire Claw|p1b: Basculegion
|-resisted|p1b: Basculegion
|-damage|p1b: Basculegion|60/100
|
|upkeep
|
|t:|1756393222
|switch|p2a: Nobunaga|Kingambit, L50, F, shiny|100/100
|turn|5
|
|t:|1756393237
|switch|p1a: Annihilape|Annihilape, L50, M|100/100
|move|p1b: Basculegion|Wave Crash|p2b: Vanessa
|-enditem|p2b: Vanessa|Focus Sash
|-damage|p2b: Vanessa|1/100
|-damage|p1b: Basculegion|34/100|[from] Recoil
|move|p2b: Vanessa|Close Combat|p1a: Annihilape
|-immune|p1a: Annihilape
|move|p2a: Nobunaga|Swords Dance|p2a: Nobunaga
|-boost|p2a: Nobunaga|atk|2
|
|upkeep
|turn|6
|inactive|IngeVGC has 30 seconds left.
|
|t:|1756393266
|-terastallize|p2a: Nobunaga|Dark
|move|p2b: Vanessa|Close Combat|p1b: Basculegion
|-immune|p1b: Basculegion
|move|p1b: Basculegion|Wave Crash|p2a: Nobunaga
|-damage|p2a: Nobunaga|44/100
|-damage|p1b: Basculegion|15/100|[from] Recoil
|move|p1a: Annihilape|Close Combat|p2a: Nobunaga
|-supereffective|p2a: Nobunaga
|-damage|p2a: Nobunaga|0 fnt
|-unboost|p1a: Annihilape|def|1
|-unboost|p1a: Annihilape|spd|1
|faint|p2a: Nobunaga
|
|upkeep
|turn|7
|-message|IngeVGC forfeited.
|
|win|Astterio
|raw|Astterio's rating: 1362 → 1388(+26 for winning)
|raw|IngeVGC's rating: 1461 → 1435(-26 for losing)
|l|☆Astterio
|player|p1|
