|j|☆jacre22
|j|☆SlowH-amurott
|html|jacre22SlowH-amurott    
|uhtml|bestof|Game 1 of a best-of-3
|t:|1756177268
|gametype|doubles
|player|p1|jacre22|iris-gen5bw2|1326
|player|p2|SlowH-amurott|birdkeeper-gen4dp|1208
|gen|9
|tier|[Gen 9] VGC 2025 Reg H (Bo3)
|rated|
|rule|Species Clause: Limit one of each Pokémon
|rule|Item Clause: Limit 1 of each item
|clearpoke
|poke|p1|Whimsicott, L50, F|
|poke|p1|Garchomp, L50, F|
|poke|p1|Gholdengo, L50|
|poke|p1|Incineroar, L50, M|
|poke|p1|Sneasler, L50, F|
|poke|p1|Dragonite, L50, M|
|poke|p2|Volcarona, L50, F|
|poke|p2|Samurott-Hisui, L50, M|
|poke|p2|Gholdengo, L50|
|poke|p2|Sneasler, L50, F|
|poke|p2|Ursaluna-Bloodmoon, L50, M|
|poke|p2|Indeedee, L50, M|
|teampreview|4
|showteam|p1|Whimsicott||FocusSash|Prankster|Moonblast,Tailwind,Encore,Protect|||F|||50|,,,,,Ghost]Garchomp||LifeOrb|RoughSkin|Earthquake,DragonClaw,StompingTantrum,Protect|||F|||50|,,,,,Ground]Gholdengo||ChoiceSpecs|GoodasGold|MakeItRain,ShadowBall,Trick,PowerGem||||||50|,,,,,Steel]Incineroar||AssaultVest|Intimidate|FakeOut,FlareBlitz,KnockOff,Uturn|||M|||50|,,,,,Grass]Sneasler||WhiteHerb|Unburden|FakeOut,DireClaw,CloseCombat,Protect|||F|||50|,,,,,Stellar]Dragonite||ChoiceBand|InnerFocus|ExtremeSpeed,Outrage,IceSpinner,StompingTantrum|||M|||50|,,,,,Normal
|showteam|p2|Volcarona||SitrusBerry|FlameBody|FieryDance,StruggleBug,Tailwind,RagePowder|||F|||50|,,,,,Dragon]Samurott-Hisui||AssaultVest|Sharpness|AquaCutter,SacredSword,SuckerPunch,FlipTurn|||M|||50|,,,,,Ghost]Gholdengo||MetalCoat|GoodasGold|MakeItRain,ShadowBall,NastyPlot,Protect||||||50|,,,,,Water]Sneasler||PsychicSeed|Unburden|DireClaw,CloseCombat,ThroatChop,Protect|||F|||50|,,,,,Dark]Ursaluna-Bloodmoon||LifeOrb|MindsEye|BloodMoon,HyperVoice,EarthPower,Protect|||M|||50|,,,,,Normal]Indeedee||FocusSash|PsychicSurge|ExpandingForce,Encore,Imprison,TrickRoom|||M|||50|,,,,,Psychic
|
|t:|1756177303
|teamsize|p1|4
|teamsize|p2|4
|start
|switch|p1a: Whimsicott|Whimsicott, L50, F|100/100
|switch|p1b: Gholdengo|Gholdengo, L50|100/100
|switch|p2a: Shamonerona|Volcarona, L50, F, shiny|100/100
|switch|p2b: MDD|Indeedee, L50, M, shiny|100/100
|-fieldstart|move: Psychic Terrain|[from] ability: Psychic Surge|[of] p2b: MDD
|turn|1
|
|t:|1756177345
|move|p1a: Whimsicott|Tailwind|p1a: Whimsicott
|-sidestart|p1: jacre22|move: Tailwind
|move|p1b: Gholdengo|Make It Rain|p2b: MDD|[spread] p2a,p2b
|-resisted|p2a: Shamonerona
|-crit|p2b: MDD
|-damage|p2a: Shamonerona|64/100
|-enditem|p2b: MDD|Focus Sash
|-damage|p2b: MDD|1/100
|-unboost|p1b: Gholdengo|spa|1
|move|p2a: Shamonerona|Fiery Dance|p1b: Gholdengo
|-supereffective|p1b: Gholdengo
|-damage|p1b: Gholdengo|15/100
|move|p2b: MDD|Trick Room|p2b: MDD
|-fieldstart|move: Trick Room|[of] p2b: MDD
|
|upkeep
|turn|2
|
|t:|1756177382
|switch|p1b: Incineroar|Incineroar, L50, M|100/100
|-ability|p1b: Incineroar|Intimidate|boost
|-unboost|p2a: Shamonerona|atk|1
|-unboost|p2b: MDD|atk|1
|move|p2a: Shamonerona|Fiery Dance|p1a: Whimsicott
|-supereffective|p1a: Whimsicott
|-enditem|p1a: Whimsicott|Focus Sash
|-damage|p1a: Whimsicott|1/100
|-boost|p2a: Shamonerona|spa|1
|move|p2b: MDD|Expanding Force|p1a: Whimsicott|[spread] p1a
|-immune|p1b: Incineroar
|-damage|p1a: Whimsicott|0 fnt
|faint|p1a: Whimsicott
|
|upkeep
|
|t:|1756177396
|switch|p1a: Dragonite|Dragonite, L50, M|100/100
|turn|3
|
|t:|1756177408
|move|p2a: Shamonerona|Fiery Dance|p1a: Dragonite
|-resisted|p1a: Dragonite
|-damage|p1a: Dragonite|73/100
|move|p2b: MDD|Expanding Force|p1a: Dragonite|[spread] p1a
|-immune|p1b: Incineroar
|-damage|p1a: Dragonite|24/100
|move|p1b: Incineroar|Knock Off|p2b: MDD
|-supereffective|p2b: MDD
|-damage|p2b: MDD|0 fnt
|faint|p2b: MDD
|move|p1a: Dragonite|Outrage|p2a: Shamonerona
|-damage|p2a: Shamonerona|0 fnt
|faint|p2a: Shamonerona
|
|upkeep
|
|t:|1756177411
|switch|p2a: Luna Sangre|Ursaluna-Bloodmoon, L50, M|100/100
|switch|p2b: Occam's Razor|Samurott-Hisui, L50, M, shiny|100/100
|turn|4
|
|t:|1756177440
|-terastallize|p2a: Luna Sangre|Normal
|-terastallize|p1b: Incineroar|Grass
|move|p2a: Luna Sangre|Hyper Voice|p1a: Dragonite|[spread] p1a,p1b
|-damage|p1a: Dragonite|0 fnt
|-damage|p1b: Incineroar|57/100
|faint|p1a: Dragonite
|-damage|p2a: Luna Sangre|91/100|[from] item: Life Orb
|move|p2b: Occam's Razor|Sacred Sword|p1b: Incineroar
|-damage|p1b: Incineroar|16/100
|move|p1b: Incineroar|Knock Off|p2a: Luna Sangre
|-damage|p2a: Luna Sangre|58/100
|-enditem|p2a: Luna Sangre|Life Orb|[from] move: Knock Off|[of] p1b: Incineroar
|
|-sideend|p1: jacre22|move: Tailwind
|upkeep
|
|t:|1756177453
|switch|p1a: Gholdengo|Gholdengo, L50|15/100
|turn|5
|
|t:|1756177475
|move|p2a: Luna Sangre|Hyper Voice|p1b: Incineroar|[spread] p1a,p1b
|-resisted|p1a: Gholdengo
|-damage|p1a: Gholdengo|0 fnt
|-damage|p1b: Incineroar|0 fnt
|faint|p1a: Gholdengo
|faint|p1b: Incineroar
|
|win|SlowH-amurott
||jacre22 is ready for game 2.
||SlowH-amurott is ready for game 2.
|uhtml|next|Next: Game 2 of 3
