|j|☆Iceman5687
|j|☆tanobaum
|html|Iceman5687tanobaum    
|uhtml|bestof|Game 1 of a best-of-3
|t:|1783278232
|gametype|doubles
|player|p1|Iceman5687|169|
|player|p2|tanobaum|juan-gen3|
|gen|9
|tier|[Gen 9 Champions] VGC 2026 Reg M-B (Bo3)
|rule|Species Clause: Limit one of each Pokémon
|rule|Item Clause: Limit 1 of each item
|clearpoke
|poke|p1|Sylveon, L50, F, shiny|
|poke|p1|Basculegion, L50, M|
|poke|p1|Kingambit, L50, F, shiny|
|poke|p1|Garchomp, L50, F|
|poke|p1|Charizard, L50, F, shiny|
|poke|p1|Whimsicott, L50, F, shiny|
|poke|p2|Whimsicott, L50, F|
|poke|p2|Sylveon, L50, M|
|poke|p2|Basculegion, L50, M|
|poke|p2|Kingambit, L50, F|
|poke|p2|Charizard, L50, M|
|poke|p2|Garchomp, L50, F|
|teampreview|4
|showteam|p1|Sylveon||FairyFeather|Pixilate|HyperVoice,QuickAttack,Protect,HyperBeam|Modest||F|||50|]Basculegion||LifeOrb|Adaptability|WaveCrash,LastRespects,AquaJet,Protect|Adamant||M|||50|]Kingambit||ChopleBerry|Defiant|KowtowCleave,IronHead,SuckerPunch,LowKick|Adamant||F|||50|]Garchomp||RoseliBerry|RoughSkin|Earthquake,RockSlide,DragonClaw,PoisonJab|Adamant||F|||50|]Charizard||CharizarditeY|Blaze|HeatWave,WeatherBall,SolarBeam,Protect|Modest||F|||50|]Whimsicott||FocusSash|Prankster|Moonblast,Tailwind,Encore,Protect|Timid||F|||50|
|showteam|p2|Whimsicott||FocusSash|Prankster|Moonblast,Tailwind,Encore,Protect|Timid||F|||50|]Sylveon||FairyFeather|Pixilate|HyperVoice,QuickAttack,Detect,HyperBeam|Modest||M|||50|]Basculegion||LifeOrb|Adaptability|WaveCrash,LastRespects,AquaJet,Protect|Adamant||M|||50|]Kingambit||OccaBerry|Defiant|KowtowCleave,IronHead,SuckerPunch,LowKick|Adamant||F|||50|]Charizard||CharizarditeY|Blaze|HeatWave,WeatherBall,SolarBeam,Protect|Modest||M|||50|]Garchomp||RoseliBerry|RoughSkin|Earthquake,RockSlide,DragonClaw,PoisonJab|Adamant||F|||50|
|inactive|Battle timer is ON: inactive players will automatically lose when time's up. (requested by tanobaum)
|inactive|tanobaum has 60 seconds left.
|
|t:|1783278282
|teamsize|p1|4
|teamsize|p2|4
|start
|switch|p1a: Whimsicott|Whimsicott, L50, F, shiny|100/100
|switch|p1b: Sylveon|Sylveon, L50, F, shiny|100/100
|switch|p2a: Charizard|Charizard, L50, M|100/100
|switch|p2b: Garchomp|Garchomp, L50, F|100/100
|turn|1
|
|t:|1783278306
|detailschange|p2a: Charizard|Charizard-Mega-Y, L50, M
|-mega|p2a: Charizard|Charizard|Charizardite Y
|-weather|SunnyDay|[from] ability: Drought|[of] p2a: Charizard
|move|p1b: Sylveon|Quick Attack|p2b: Garchomp
|-supereffective|p2b: Garchomp|1
|-enditem|p2b: Garchomp|Roseli Berry|[eat]
|-enditem|p2b: Garchomp|Roseli Berry|[weaken]
|-damage|p2b: Garchomp|89/100
|-damage|p1b: Sylveon|87/100|[from] ability: Rough Skin|[of] p2b: Garchomp
|move|p1a: Whimsicott|Moonblast|p2b: Garchomp
|-supereffective|p2b: Garchomp|1
|-damage|p2b: Garchomp|24/100
|move|p2b: Garchomp|Rock Slide|p1b: Sylveon|[spread] p1b
|-miss|p2b: Garchomp|p1a: Whimsicott
|-damage|p1b: Sylveon|63/100
|move|p2a: Charizard|Heat Wave|p1a: Whimsicott|[spread] p1a,p1b
|-supereffective|p1a: Whimsicott|1
|-enditem|p1a: Whimsicott|Focus Sash
|-damage|p1a: Whimsicott|1/100
|-damage|p1b: Sylveon|20/100y
|
|-weather|SunnyDay|[upkeep]
|upkeep
|turn|2
|
|t:|1783278331
|switch|p2b: Whimsicott|Whimsicott, L50, F|100/100
|move|p1a: Whimsicott|Tailwind|p1a: Whimsicott
|-sidestart|p1: Iceman5687|move: Tailwind
|move|p1b: Sylveon|Hyper Voice|p2b: Whimsicott|[spread] p2a,p2b
|-resisted|p2a: Charizard|1
|-damage|p2a: Charizard|79/100
|-damage|p2b: Whimsicott|18/100
|move|p2a: Charizard|Heat Wave|p1b: Sylveon|[spread] p1a,p1b
|-supereffective|p1a: Whimsicott|1
|-damage|p1a: Whimsicott|0 fnt
|-damage|p1b: Sylveon|0 fnt
|faint|p1a: Whimsicott
|faint|p1b: Sylveon
|
|-weather|SunnyDay|[upkeep]
|upkeep
|
|t:|1783278341
|switch|p1a: Charizard|Charizard, L50, F, shiny|100/100
|switch|p1b: Garchomp|Garchomp, L50, F|100/100
|turn|3
|
|t:|1783278351
|detailschange|p1a: Charizard|Charizard-Mega-Y, L50, F, shiny
|-mega|p1a: Charizard|Charizard|Charizardite Y
|move|p2b: Whimsicott|Protect|p2b: Whimsicott
|-singleturn|p2b: Whimsicott|Protect
|move|p2a: Charizard|Protect|p2a: Charizard
|-singleturn|p2a: Charizard|Protect
|move|p1b: Garchomp|Rock Slide|p2a: Charizard|[spread] 
|-activate|p2a: Charizard|move: Protect
|-activate|p2b: Whimsicott|move: Protect
|move|p1a: Charizard|Heat Wave|p2b: Whimsicott|[spread] 
|-activate|p2a: Charizard|move: Protect
|-activate|p2b: Whimsicott|move: Protect
|
|-weather|SunnyDay|[upkeep]
|upkeep
|turn|4
|inactive|tanobaum has 30 seconds left.
|inactive|tanobaum has 20 seconds left.
|inactive|tanobaum has 15 seconds left.
|inactive|tanobaum has 10 seconds left.
|
|t:|1783278396
|move|p2b: Whimsicott|Tailwind|p2b: Whimsicott
|-sidestart|p2: tanobaum|move: Tailwind
|move|p1b: Garchomp|Rock Slide|p2b: Whimsicott|[spread] p2b
|-miss|p1b: Garchomp|p2a: Charizard
|-damage|p2b: Whimsicott|0 fnt
|faint|p2b: Whimsicott
|move|p1a: Charizard|Heat Wave|p2a: Charizard
|-resisted|p2a: Charizard|1
|-crit|p2a: Charizard
|-damage|p2a: Charizard|22/100
|move|p2a: Charizard|Solar Beam||[still]
|-prepare|p2a: Charizard|Solar Beam
|-anim|p2a: Charizard|Solar Beam|p1b: Garchomp
|-damage|p1b: Garchomp|56/100
|
|-weather|SunnyDay|[upkeep]
|upkeep
|inactive|tanobaum has 30 seconds left.
|
|t:|1783278430
|switch|p2b: Kingambit|Kingambit, L50, F|100/100
|turn|5
|
|t:|1783278442
|move|p2a: Charizard|Protect|p2a: Charizard
|-singleturn|p2a: Charizard|Protect
|move|p2b: Kingambit|Sucker Punch|p1b: Garchomp
|-damage|p1b: Garchomp|23/100
|-damage|p2b: Kingambit|87/100|[from] ability: Rough Skin|[of] p1b: Garchomp
|move|p1b: Garchomp|Dragon Claw|p2a: Charizard
|-activate|p2a: Charizard|move: Protect
|move|p1a: Charizard|Weather Ball|p2b: Kingambit
|-supereffective|p2b: Kingambit|1
|-enditem|p2b: Kingambit|Occa Berry|[eat]
|-enditem|p2b: Kingambit|Occa Berry|[weaken]
|-damage|p2b: Kingambit|2/100
|
|-weather|none
|-sideend|p1: Iceman5687|move: Tailwind
|upkeep
|turn|6
|
|t:|1783278465
|move|p2b: Kingambit|Sucker Punch|p1b: Garchomp
|-damage|p1b: Garchomp|0 fnt
|-damage|p2b: Kingambit|0 fnt|[from] ability: Rough Skin|[of] p1b: Garchomp
|faint|p1b: Garchomp
|faint|p2b: Kingambit
|move|p2a: Charizard|Heat Wave|p1a: Charizard|[miss]
|-miss|p2a: Charizard|p1a: Charizard
|move|p1a: Charizard|Heat Wave|p2a: Charizard|[miss]
|-miss|p1a: Charizard|p2a: Charizard
|
|upkeep
|
|t:|1783278475
|switch|p2b: Garchomp|Garchomp, L50, F|24/100
|turn|7
|
|t:|1783278490
|move|p1a: Charizard|Protect|p1a: Charizard
|-singleturn|p1a: Charizard|Protect
|move|p2b: Garchomp|Rock Slide|p1a: Charizard
|-activate|p1a: Charizard|move: Protect
|move|p2a: Charizard|Heat Wave|p1a: Charizard
|-activate|p1a: Charizard|move: Protect
|
|-sideend|p2: tanobaum|move: Tailwind
|upkeep
|turn|8
|
|t:|1783278503
|move|p2b: Garchomp|Rock Slide|p1a: Charizard
|-supereffective|p1a: Charizard|2
|-damage|p1a: Charizard|0 fnt
|faint|p1a: Charizard
|
|win|tanobaum
||Iceman5687 is ready for game 2.
||tanobaum is ready for game 2.
|uhtml|next|Next: Game 2 of 3
