|j|‽poopoo522
|j|☆CheesyTime
|html|poopoo522CheesyTime    
|uhtml|bestof|Game 2 of a best-of-3
|t:|1782638633
|gametype|doubles
|player|p1|poopoo522|170|1152
|player|p2|CheesyTime|colress|1306
|gen|9
|tier|[Gen 9 Champions] VGC 2026 Reg M-B (Bo3)
|rated|
|rule|Species Clause: Limit one of each Pokémon
|rule|Item Clause: Limit 1 of each item
|clearpoke
|poke|p1|Tinkaton, L50, F, shiny|
|poke|p1|Gengar, L50, M, shiny|
|poke|p1|Kommo-o, L50, F, shiny|
|poke|p1|Incineroar, L50, F|
|poke|p1|Sinistcha-Masterpiece, L50|
|poke|p1|Politoed, L50, F, shiny|
|poke|p2|Grimmsnarl, L50, M, shiny|
|poke|p2|Swampert, L50, M|
|poke|p2|Pelipper, L50, M|
|poke|p2|Archaludon, L50, M|
|poke|p2|Sinistcha, L50|
|poke|p2|Metagross, L50, shiny|
|teampreview|4
|showteam|p1|Tinkaton||ShucaBerry|MoldBreaker|Protect,GigatonHammer,Encore,FakeOut|Jolly||F|||50|]Gengar||Gengarite|CursedBody|Protect,ShadowBall,PerishSong,Disable|Timid||M|||50|]Kommo-o||Leftovers|Soundproof|ClangingScales,AuraSphere,Protect,ClangorousSoul|Modest||F|||50|]Incineroar||PasshoBerry|Intimidate|PartingShot,FakeOut,DarkestLariat,Protect|Relaxed||F|||50|]Sinistcha-Masterpiece||KasibBerry|Hospitality|MatchaGotcha,LifeDew,RagePowder,Protect|Bold|||||50|]Politoed||SitrusBerry|Drizzle|Protect,WeatherBall,PerishSong,HelpingHand|Calm||F|||50|
|showteam|p2|Grimmsnarl||LightClay|Prankster|FoulPlay,PartingShot,Reflect,LightScreen|Calm||M|||50|]Swampert||Swampertite|Damp|WaveCrash,Earthquake,IcePunch,Protect|Adamant||M|||50|]Pelipper||SitrusBerry|Drizzle|Hurricane,WeatherBall,Tailwind,WideGuard|Modest||M|||50|]Archaludon||Leftovers|Stamina|ElectroShot,DragonPulse,FlashCannon,Protect|Modest||M|||50|]Sinistcha||CobaBerry|Hospitality|MatchaGotcha,RagePowder,TrickRoom,Protect|Relaxed|||||50|]Metagross||Metagrossite|ClearBody|IronHead,PsychicFangs,BodyPress,Protect|Jolly|||||50|
|inactive|Battle timer is ON: inactive players will automatically lose when time's up. (requested by poopoo522)
|
|t:|1782638685
|teamsize|p1|4
|teamsize|p2|4
|start
|switch|p1a: Gengar|Gengar, L50, M, shiny|100/100
|switch|p1b: Incineroar|Incineroar, L50, F|100/100
|switch|p2a: Metagross|Metagross, L50, shiny|100/100
|switch|p2b: Grimmsnarl|Grimmsnarl, L50, M, shiny|100/100
|-ability|p1b: Incineroar|Intimidate|boost
|-fail|p2a: Metagross|unboost|[from] ability: Clear Body|[of] p2a: Metagross
|-unboost|p2b: Grimmsnarl|atk|1
|turn|1
|
|t:|1782638691
|detailschange|p1a: Gengar|Gengar-Mega, L50, M, shiny
|-mega|p1a: Gengar|Gengar|Gengarite
|move|p1b: Incineroar|Fake Out|p2a: Metagross
|-resisted|p2a: Metagross|1
|-damage|p2a: Metagross|95/100
|move|p2b: Grimmsnarl|Light Screen|p2b: Grimmsnarl
|-sidestart|p2: CheesyTime|move: Light Screen
|move|p1a: Gengar|Perish Song|p1a: Gengar
|-start|p1a: Gengar|perish3|[silent]
|-start|p1b: Incineroar|perish3|[silent]
|-start|p2a: Metagross|perish3|[silent]
|-start|p2b: Grimmsnarl|perish3|[silent]
|-fieldactivate|move: Perish Song
|cant|p2a: Metagross|flinch
|
|-start|p1a: Gengar|perish3
|-start|p2a: Metagross|perish3
|-start|p2b: Grimmsnarl|perish3
|-start|p1b: Incineroar|perish3
|upkeep
|turn|2
|
|t:|1782638705
|move|p1a: Gengar|Protect|p1a: Gengar
|-singleturn|p1a: Gengar|Protect
|move|p1b: Incineroar|Protect|p1b: Incineroar
|-singleturn|p1b: Incineroar|Protect
|move|p2b: Grimmsnarl|Parting Shot|p1a: Gengar
|-activate|p1a: Gengar|move: Protect
|move|p2a: Metagross|Psychic Fangs|p1a: Gengar
|-activate|p1a: Gengar|move: Protect
|
|-start|p1a: Gengar|perish2
|-start|p2a: Metagross|perish2
|-start|p2b: Grimmsnarl|perish2
|-start|p1b: Incineroar|perish2
|upkeep
|turn|3
|inactive|poopoo522 has 30 seconds left.
|
|t:|1782638732
|switch|p1a: Kommo-o|Kommo-o, L50, F, shiny|100/100
|detailschange|p2a: Metagross|Metagross-Mega, L50, shiny
|-mega|p2a: Metagross|Metagross|Metagrossite
|move|p2b: Grimmsnarl|Reflect|p2b: Grimmsnarl
|-sidestart|p2: CheesyTime|Reflect
|move|p2a: Metagross|Psychic Fangs|p1a: Kommo-o
|-supereffective|p1a: Kommo-o|1
|-damage|p1a: Kommo-o|0 fnt
|faint|p1a: Kommo-o
|move|p1b: Incineroar|Parting Shot|p2b: Grimmsnarl
|-unboost|p2b: Grimmsnarl|atk|1
|-unboost|p2b: Grimmsnarl|spa|1
|
|t:|1782638743
|switch|p1b: Gengar|Gengar-Mega, L50, M, shiny|100/100|[from] Parting Shot
|
|-start|p2a: Metagross|perish1
|-start|p2b: Grimmsnarl|perish1
|upkeep
|
|t:|1782638756
|switch|p1a: Incineroar|Incineroar, L50, F|100/100
|-ability|p1a: Incineroar|Intimidate|boost
|-unboost|p2a: Metagross|atk|1
|-unboost|p2b: Grimmsnarl|atk|1
|turn|4
|
|t:|1782638762
|move|p1b: Gengar|Protect|p1b: Gengar
|-singleturn|p1b: Gengar|Protect
|move|p1a: Incineroar|Protect|p1a: Incineroar
|-singleturn|p1a: Incineroar|Protect
|move|p2b: Grimmsnarl|Parting Shot|p1b: Gengar
|-activate|p1b: Gengar|move: Protect
|move|p2a: Metagross|Psychic Fangs|p1b: Gengar
|-activate|p1b: Gengar|move: Protect
|
|-start|p2a: Metagross|perish0
|-start|p2b: Grimmsnarl|perish0
|faint|p2a: Metagross
|faint|p2b: Grimmsnarl
|upkeep
|
|t:|1782638764
|switch|p2a: Pelipper|Pelipper, L50, M|100/100
|switch|p2b: Archaludon|Archaludon, L50, M|100/100
|-weather|RainDance|[from] ability: Drizzle|[of] p2a: Pelipper
|turn|5
|
|t:|1782638784
|switch|p1b: Sinistcha|Sinistcha-Masterpiece, L50|100/100
|move|p2b: Archaludon|Electro Shot||[still]
|-prepare|p2b: Archaludon|Electro Shot
|-boost|p2b: Archaludon|spa|1
|-anim|p2b: Archaludon|Electro Shot|p1b: Sinistcha
|-resisted|p1b: Sinistcha|1
|-damage|p1b: Sinistcha|74/100
|move|p2a: Pelipper|Tailwind|p2a: Pelipper
|-sidestart|p2: CheesyTime|move: Tailwind
|move|p1a: Incineroar|Parting Shot|p2a: Pelipper
|-unboost|p2a: Pelipper|atk|1
|-unboost|p2a: Pelipper|spa|1
|
|t:|1782638791
|switch|p1a: Gengar|Gengar-Mega, L50, M, shiny|100/100|[from] Parting Shot
|
|-weather|RainDance|[upkeep]
|upkeep
|turn|6
|
|t:|1782638801
|move|p1b: Sinistcha|Rage Powder|p1b: Sinistcha
|-singleturn|p1b: Sinistcha|move: Rage Powder
|move|p2b: Archaludon|Electro Shot||[still]
|-prepare|p2b: Archaludon|Electro Shot
|-boost|p2b: Archaludon|spa|1
|-anim|p2b: Archaludon|Electro Shot|p1b: Sinistcha
|-resisted|p1b: Sinistcha|1
|-crit|p1b: Sinistcha
|-damage|p1b: Sinistcha|17/100
|move|p2a: Pelipper|Hurricane|p1b: Sinistcha
|-supereffective|p1b: Sinistcha|1
|-damage|p1b: Sinistcha|0 fnt
|faint|p1b: Sinistcha
|move|p1a: Gengar|Perish Song|p1a: Gengar
|-start|p1a: Gengar|perish3|[silent]
|-start|p2a: Pelipper|perish3|[silent]
|-start|p2b: Archaludon|perish3|[silent]
|-fieldactivate|move: Perish Song
|
|-weather|RainDance|[upkeep]
|-start|p2b: Archaludon|perish3
|-start|p2a: Pelipper|perish3
|-start|p1a: Gengar|perish3
|upkeep
|
|t:|1782638804
|switch|p1b: Incineroar|Incineroar, L50, F|100/100
|-ability|p1b: Incineroar|Intimidate|boost
|-unboost|p2a: Pelipper|atk|1
|-unboost|p2b: Archaludon|atk|1
|turn|7
|inactive|poopoo522 has 30 seconds left.
|
|t:|1782638830
|move|p1a: Gengar|Protect|p1a: Gengar
|-singleturn|p1a: Gengar|Protect
|move|p1b: Incineroar|Protect|p1b: Incineroar
|-singleturn|p1b: Incineroar|Protect
|move|p2b: Archaludon|Electro Shot||[still]
|-prepare|p2b: Archaludon|Electro Shot
|-boost|p2b: Archaludon|spa|1
|-anim|p2b: Archaludon|Electro Shot|p1b: Incineroar
|-activate|p1b: Incineroar|move: Protect
|move|p2a: Pelipper|Weather Ball|p1b: Incineroar
|-activate|p1b: Incineroar|move: Protect
|
|-weather|RainDance|[upkeep]
|-start|p2b: Archaludon|perish2
|-start|p2a: Pelipper|perish2
|-start|p1a: Gengar|perish2
|upkeep
|turn|8
|
|t:|1782638851
|move|p2b: Archaludon|Electro Shot||[still]
|-prepare|p2b: Archaludon|Electro Shot
|-boost|p2b: Archaludon|spa|1
|-anim|p2b: Archaludon|Electro Shot|p1b: Incineroar
|-damage|p1b: Incineroar|6/100
|move|p2a: Pelipper|Weather Ball|p1b: Incineroar
|-supereffective|p1b: Incineroar|1
|-enditem|p1b: Incineroar|Passho Berry|[eat]
|-enditem|p1b: Incineroar|Passho Berry|[weaken]
|-damage|p1b: Incineroar|0 fnt
|faint|p1b: Incineroar
|move|p1a: Gengar|Disable|p2a: Pelipper
|-start|p2a: Pelipper|Disable|Weather Ball
|
|-weather|RainDance|[upkeep]
|-start|p2b: Archaludon|perish1
|-start|p2a: Pelipper|perish1
|-start|p1a: Gengar|perish1
|-sideend|p2: CheesyTime|move: Light Screen
|-sideend|p2: CheesyTime|move: Tailwind
|upkeep
|turn|9
|c|☆CheesyTime|ggs
|-message|poopoo522 forfeited.
|
|win|CheesyTime
|raw|poopoo522's rating: 1152 → 1137(-15 for losing)
|raw|CheesyTime's rating: 1306 → 1318(+12 for winning)
