|j|☆JayoticNL
|j|☆Il Mule
|html|JayoticNLIl Mule    
|uhtml|bestof|Game 3 of a best-of-3
|t:|1782303618
|gametype|doubles
|player|p1|JayoticNL|jacinthe|1283
|player|p2|Il Mule|salvatore|1445
|gen|9
|tier|[Gen 9 Champions] VGC 2026 Reg M-B (Bo3)
|rated|
|rule|Species Clause: Limit one of each Pokémon
|rule|Item Clause: Limit 1 of each item
|clearpoke
|poke|p1|Whimsicott, L50, F|
|poke|p1|Floette-Eternal, L50, F|
|poke|p1|Staraptor, L50, M|
|poke|p1|Gholdengo, L50|
|poke|p1|Garchomp, L50, M|
|poke|p1|Incineroar, L50, M|
|poke|p2|Corviknight, L50, F|
|poke|p2|Tyranitar, L50, M|
|poke|p2|Sneasler, L50, F|
|poke|p2|Incineroar, L50, F|
|poke|p2|Froslass, L50, F|
|poke|p2|Garchomp, L50, M|
|teampreview|4
|showteam|p1|Whimsicott||FocusSash|Prankster|Moonblast,Tailwind,Encore,Protect|Timid||F|||50|]Floette-Eternal||Floettite|FlowerVeil|Moonblast,DazzlingGleam,LightofRuin,Protect|Modest||F|||50|]Staraptor||Staraptite|Intimidate|BraveBird,CloseCombat,Roost,Protect|Jolly||M|||50|]Gholdengo||LifeOrb|GoodasGold|MakeItRain,ShadowBall,PowerGem,Protect|Modest|||||50|]Garchomp||RoseliBerry|RoughSkin|DragonClaw,Earthquake,RockSlide,Protect|Adamant||M|||50|]Incineroar||SitrusBerry|Intimidate|FlareBlitz,DarkestLariat,FakeOut,PartingShot|Adamant||M|||50|
|showteam|p2|Corviknight||OccaBerry|MirrorArmor|BraveBird,Taunt,Tailwind,Roost|Impish||F|||50|]Tyranitar||Tyranitarite|SandStream|KnockOff,RockSlide,DragonDance,Protect|Adamant||M|||50|]Sneasler||WhiteHerb|Unburden|CloseCombat,DireClaw,Coaching,FakeOut|Jolly||F|||50|]Incineroar||SitrusBerry|Intimidate|FlareBlitz,WillOWisp,PartingShot,FakeOut|Impish||F|||50|]Froslass||Froslassite|SnowCloak|Blizzard,ShadowBall,AuroraVeil,Protect|Timid||F|||50|]Garchomp||LifeOrb|RoughSkin|Earthquake,RockSlide,StompingTantrum,Protect|Jolly||M|||50|
|j| rovesciaporci
|c|☆Il Mule|che mu ostico
|j| lakaka siuuu
|c|☆Il Mule|ostia
|c| lakaka siuuu|ostrega
|
|t:|1782303667
|teamsize|p1|4
|teamsize|p2|4
|start
|switch|p1a: Whimsicott|Whimsicott, L50, F|100/100
|switch|p1b: Floette|Floette-Eternal, L50, F|100/100
|switch|p2a: Sneasler|Sneasler, L50, F|100/100
|switch|p2b: Corviknight|Corviknight, L50, F|100/100
|turn|1
|
|t:|1782303687
|detailschange|p1b: Floette|Floette-Mega, L50, F
|-mega|p1b: Floette|Floette|Floettite
|-ability|p1b: Floette|Fairy Aura
|move|p1a: Whimsicott|Protect|p1a: Whimsicott
|-singleturn|p1a: Whimsicott|Protect
|move|p2a: Sneasler|Dire Claw|p1a: Whimsicott
|-activate|p1a: Whimsicott|move: Protect
|move|p1b: Floette|Moonblast|p2a: Sneasler
|-damage|p2a: Sneasler|3/100
|move|p2b: Corviknight|Brave Bird|p1a: Whimsicott
|-activate|p1a: Whimsicott|move: Protect
|
|upkeep
|turn|2
|c|☆Il Mule|o signore
|c|☆Il Mule|i gesù
|c| lakaka siuuu|eh
|c| lakaka siuuu|addio
|
|t:|1782303709
|move|p1a: Whimsicott|Tailwind|p1a: Whimsicott
|-sidestart|p1: JayoticNL|move: Tailwind
|move|p1b: Floette|Dazzling Gleam|p2a: Sneasler|[spread] p2a,p2b
|-resisted|p2b: Corviknight|1
|-damage|p2a: Sneasler|0 fnt
|-damage|p2b: Corviknight|75/100
|faint|p2a: Sneasler
|move|p2b: Corviknight|Brave Bird|p1a: Whimsicott
|-supereffective|p1a: Whimsicott|1
|-crit|p1a: Whimsicott
|-enditem|p1a: Whimsicott|Focus Sash
|-damage|p1a: Whimsicott|1/100
|-damage|p2b: Corviknight|52/100|[from] Recoil
|
|upkeep
|l| rovesciaporci
|c|☆Il Mule|e vabbè davanti a nostro signore io sono nudo
|
|t:|1782303722
|switch|p2a: Froslass|Froslass, L50, F|100/100
|turn|3
|
|t:|1782303736
|switch|p1a: Incineroar|Incineroar, L50, M|100/100
|-ability|p1a: Incineroar|Intimidate|boost
|-unboost|p2a: Froslass|atk|1
|-ability|p2b: Corviknight|Mirror Armor
|-unboost|p1a: Incineroar|atk|1
|detailschange|p2a: Froslass|Froslass-Mega, L50, F
|-mega|p2a: Froslass|Froslass|Froslassite
|-weather|Snowscape|[from] ability: Snow Warning|[of] p2a: Froslass
|move|p1b: Floette|Light of Ruin|p2b: Corviknight
|-resisted|p2b: Corviknight|1
|-damage|p2b: Corviknight|0 fnt
|faint|p2b: Corviknight
|-damage|p1b: Floette|64/100|[from] Recoil
|move|p2a: Froslass|Aurora Veil|p2a: Froslass
|-sidestart|p2: Il Mule|move: Aurora Veil
|
|-weather|Snowscape|[upkeep]
|upkeep
|c| lakaka siuuu|non mi è piaciuta sta mossa oppo
|j| rovesciaporci
|c|☆Il Mule|boh si gioca il miss
|c|☆Il Mule|unica losecon
|
|t:|1782303759
|switch|p2b: Garchomp|Garchomp, L50, M|100/100
|turn|4
|j| estupinanthepuledr
|c| rovesciaporci|and you don't seem to understand
|
|t:|1782303786
|move|p1b: Floette|Moonblast|p2a: Froslass
|-damage|p2a: Froslass|41/100
|-unboost|p2a: Froslass|spa|1
|move|p1a: Incineroar|Flare Blitz|p2a: Froslass
|-supereffective|p2a: Froslass|1
|-damage|p2a: Froslass|0 fnt
|faint|p2a: Froslass
|-damage|p1a: Incineroar|89/100|[from] Recoil
|move|p2b: Garchomp|Stomping Tantrum|p1b: Floette
|-damage|p1b: Floette|0 fnt
|faint|p1b: Floette
|-damage|p2b: Garchomp|90/100|[from] item: Life Orb
|
|-weather|Snowscape|[upkeep]
|upkeep
|
|t:|1782303793
|switch|p1b: Whimsicott|Whimsicott, L50, F|1/100
|turn|5
|c| lakaka siuuu|boia
|
|t:|1782303804
|move|p1b: Whimsicott|Protect|p1b: Whimsicott
|-singleturn|p1b: Whimsicott|Protect
|move|p1a: Incineroar|Parting Shot|p2b: Garchomp
|-unboost|p2b: Garchomp|atk|1
|-unboost|p2b: Garchomp|spa|1
|
|t:|1782303808
|switch|p1a: Gholdengo|Gholdengo, L50|100/100|[from] Parting Shot
|move|p2b: Garchomp|Earthquake|p1a: Gholdengo|[spread] p1a
|-activate|p1b: Whimsicott|move: Protect
|-supereffective|p1a: Gholdengo|1
|-damage|p1a: Gholdengo|42/100
|-damage|p2b: Garchomp|80/100|[from] item: Life Orb
|
|-weather|Snowscape|[upkeep]
|-sideend|p1: JayoticNL|move: Tailwind
|upkeep
|turn|6
|
|t:|1782303814
|move|p1b: Whimsicott|Tailwind|p1b: Whimsicott
|-sidestart|p1: JayoticNL|move: Tailwind
|move|p1a: Gholdengo|Shadow Ball|p2b: Garchomp
|-damage|p2b: Garchomp|39/100
|-damage|p1a: Gholdengo|33/100|[from] item: Life Orb
|move|p2b: Garchomp|Earthquake|p1b: Whimsicott|[spread] p1a,p1b
|-supereffective|p1a: Gholdengo|1
|-resisted|p1b: Whimsicott|1
|-damage|p1a: Gholdengo|0 fnt
|-damage|p1b: Whimsicott|0 fnt
|faint|p1a: Gholdengo
|faint|p1b: Whimsicott
|-damage|p2b: Garchomp|29/100|[from] item: Life Orb
|
|-weather|Snowscape|[upkeep]
|upkeep
|c| lakaka siuuu|tra neve, velo e -1 pensavo frosio tenesse
|
|t:|1782303820
|switch|p1b: Incineroar|Incineroar, L50, M|89/100
|-ability|p1b: Incineroar|Intimidate|boost
|-unboost|p2b: Garchomp|atk|1
|turn|7
|c|☆Il Mule|persa uguale
|c| lakaka siuuu|si si lui ha gestito bene
|c| rovesciaporci|rezione di alario into crit
|
|t:|1782303859
|move|p1b: Incineroar|Fake Out|p2b: Garchomp
|-damage|p2b: Garchomp|21/100
|-damage|p1b: Incineroar|76/100|[from] ability: Rough Skin|[of] p2b: Garchomp
|cant|p2b: Garchomp|flinch
|
|-weather|none
|-sideend|p2: Il Mule|move: Aurora Veil
|upkeep
|turn|8
|c| rovesciaporci|possibile
|c| rovesciaporci|vabe senza velo ciao
|c|☆Il Mule|impossibile reggere alex l'ariete
|c| rovesciaporci|non avevo visto finiva ora
|
|t:|1782303879
|move|p1b: Incineroar|Darkest Lariat|p2b: Garchomp
|-damage|p2b: Garchomp|0 fnt
|-damage|p1b: Incineroar|64/100|[from] ability: Rough Skin|[of] p2b: Garchomp
|faint|p2b: Garchomp
|
|win|JayoticNL
|raw|JayoticNL's rating: 1283 → 1319(+36 for winning)
|raw|Il Mule's rating: 1445 → 1416(-29 for losing)
|c|☆JayoticNL|ggs
|c|☆Il Mule|ggs
|l|☆Il Mule
|player|p2|
|l| rovesciaporci
|l| lakaka siuuu
|j| rovesciaporci
|l| rovesciaporci
