|j|☆SeymoursLeftToeVGC
|j|☆RisottoVenere
|html|SeymoursLeftToeVGCRisottoVenere    
|uhtml|bestof|Game 2 of a best-of-3
|t:|1783088460
|gametype|doubles
|player|p1|SeymoursLeftToeVGC|ninjaboy|1141
|player|p2|RisottoVenere|265|1157
|gen|9
|tier|[Gen 9 Champions] VGC 2026 Reg M-B (Bo3)
|rated|
|rule|Species Clause: Limit one of each Pokémon
|rule|Item Clause: Limit 1 of each item
|clearpoke
|poke|p1|Farigiraf, L50, M, shiny|
|poke|p1|Tyranitar, L50, M, shiny|
|poke|p1|Excadrill, L50, M, shiny|
|poke|p1|Basculegion, L50, M, shiny|
|poke|p1|Clefable, L50, F, shiny|
|poke|p1|Whimsicott, L50, M, shiny|
|poke|p2|Gholdengo, L50|
|poke|p2|Incineroar, L50, M|
|poke|p2|Basculegion, L50, M|
|poke|p2|Garchomp, L50, M|
|poke|p2|Charizard, L50, F|
|poke|p2|Whimsicott, L50, F|
|teampreview|4
|showteam|p1|Farigiraf||SitrusBerry|ArmorTail|HyperVoice,TwinBeam,Protect,HelpingHand|Modest||M|||50|]Tyranitar||Tyranitarite|SandStream|RockSlide,Protect,DragonDance,KnockOff|Adamant||M|||50|]Excadrill||FocusSash|SandRush|Earthquake,IronHead,Protect,HighHorsepower|Adamant||M|||50|]Basculegion||LifeOrb|Adaptability|Protect,IceFang,WaveCrash,LastRespects|Adamant||M|||50|]Clefable||Clefablite|Unaware|GrassKnot,Protect,FollowMe,Moonblast|Modest||F|||50|]Whimsicott||MentalHerb|Prankster|Moonblast,Protect,Tailwind,Encore|Calm||M|||50|
|showteam|p2|Gholdengo||SpellTag|GoodasGold|MakeItRain,ShadowBall,NastyPlot,Protect|Modest|||||50|]Incineroar||SitrusBerry|Intimidate|PartingShot,FlareBlitz,ThroatChop,FakeOut|Impish||M|||50|]Basculegion||ChoiceScarf|Adaptability|WaveCrash,LastRespects,AquaJet,FlipTurn|Jolly||M|||50|]Garchomp||LifeOrb|RoughSkin|Earthquake,DragonClaw,RockSlide,Protect|Jolly||M|||50|]Charizard||CharizarditeY|Blaze|HeatWave,SolarBeam,WeatherBall,Protect|Modest||F|||50|]Whimsicott||FocusSash|Prankster|Tailwind,Encore,Moonblast,Protect|Timid||F|||50|
|inactive|Battle timer is ON: inactive players will automatically lose when time's up. (requested by SeymoursLeftToeVGC)
|inactive|SeymoursLeftToeVGC has 60 seconds left.
|inactive|SeymoursLeftToeVGC has 30 seconds left.
|
|t:|1783088521
|teamsize|p1|4
|teamsize|p2|4
|start
|switch|p1a: Excadrill|Excadrill, L50, M, shiny|100/100
|switch|p1b: Tyranitar|Tyranitar, L50, M, shiny|100/100
|switch|p2a: Incineroar|Incineroar, L50, M|100/100
|switch|p2b: Garchomp|Garchomp, L50, M|100/100
|-weather|Sandstorm|[from] ability: Sand Stream|[of] p1b: Tyranitar
|-ability|p2a: Incineroar|Intimidate|boost
|-unboost|p1a: Excadrill|atk|1
|-unboost|p1b: Tyranitar|atk|1
|turn|1
|inactive|RisottoVenere has 30 seconds left.
|
|t:|1783088548
|switch|p2b: Whimsicott|Whimsicott, L50, F|100/100
|switch|p1b: Farigiraf|Farigiraf, L50, M, shiny|100/100
|move|p1a: Excadrill|High Horsepower|p2b: Whimsicott
|-resisted|p2b: Whimsicott|1
|-damage|p2b: Whimsicott|74/100
|move|p2a: Incineroar|Parting Shot|p1b: Farigiraf
|-unboost|p1b: Farigiraf|atk|1
|-unboost|p1b: Farigiraf|spa|1
|
|t:|1783088555
|switch|p2a: Garchomp|Garchomp, L50, M|100/100|[from] Parting Shot
|
|-weather|Sandstorm|[upkeep]
|-damage|p2b: Whimsicott|68/100|[from] Sandstorm
|-damage|p1b: Farigiraf|93/100|[from] Sandstorm
|upkeep
|turn|2
|
|t:|1783088566
|move|p1a: Excadrill|High Horsepower|p2a: Garchomp
|-damage|p2a: Garchomp|63/100
|-damage|p1a: Excadrill|87/100|[from] ability: Rough Skin|[of] p2a: Garchomp
|move|p2b: Whimsicott|Moonblast|p1b: Farigiraf
|-damage|p1b: Farigiraf|58/100
|move|p2a: Garchomp|Dragon Claw|p1b: Farigiraf
|-damage|p1b: Farigiraf|0 fnt
|faint|p1b: Farigiraf
|-damage|p2a: Garchomp|54/100|[from] item: Life Orb
|
|-weather|Sandstorm|[upkeep]
|-damage|p2b: Whimsicott|62/100|[from] Sandstorm
|upkeep
|
|t:|1783088580
|switch|p1b: Basculegion|Basculegion, L50, M, shiny|100/100
|turn|3
|
|t:|1783088589
|switch|p2a: Incineroar|Incineroar, L50, M|100/100
|-ability|p2a: Incineroar|Intimidate|boost
|-unboost|p1a: Excadrill|atk|1
|-unboost|p1b: Basculegion|atk|1
|move|p2b: Whimsicott|Encore|p1a: Excadrill
|-start|p1a: Excadrill|Encore
|move|p1a: Excadrill|High Horsepower|p2b: Whimsicott
|-resisted|p2b: Whimsicott|1
|-damage|p2b: Whimsicott|43/100
|move|p1b: Basculegion|Last Respects|p2a: Incineroar
|-resisted|p2a: Incineroar|1
|-damage|p2a: Incineroar|73/100
|-damage|p1b: Basculegion|90/100|[from] item: Life Orb
|
|-weather|Sandstorm|[upkeep]
|-damage|p2b: Whimsicott|37/100|[from] Sandstorm
|-damage|p1b: Basculegion|84/100|[from] Sandstorm
|-damage|p2a: Incineroar|67/100|[from] Sandstorm
|upkeep
|turn|4
|
|t:|1783088610
|move|p2b: Whimsicott|Encore|p1b: Basculegion
|-start|p1b: Basculegion|Encore
|move|p1a: Excadrill|High Horsepower|p2a: Incineroar|[miss]
|-miss|p1a: Excadrill|p2a: Incineroar
|move|p1b: Basculegion|Last Respects|p2b: Whimsicott
|-damage|p2b: Whimsicott|0 fnt
|faint|p2b: Whimsicott
|-damage|p1b: Basculegion|74/100|[from] item: Life Orb
|move|p2a: Incineroar|Parting Shot|p1b: Basculegion
|-unboost|p1b: Basculegion|atk|1
|-unboost|p1b: Basculegion|spa|1
|
|t:|1783088618
|switch|p2a: Garchomp|Garchomp, L50, M|54/100|[from] Parting Shot
|
|-weather|Sandstorm|[upkeep]
|-damage|p1b: Basculegion|68/100|[from] Sandstorm
|upkeep
|
|t:|1783088620
|switch|p2b: Incineroar|Incineroar, L50, M|67/100
|-ability|p2b: Incineroar|Intimidate|boost
|-unboost|p1a: Excadrill|atk|1
|-unboost|p1b: Basculegion|atk|1
|turn|5
|
|t:|1783088638
|switch|p1b: Tyranitar|Tyranitar, L50, M, shiny|100/100
|move|p1a: Excadrill|High Horsepower|p2b: Incineroar
|-supereffective|p2b: Incineroar|1
|-damage|p2b: Incineroar|31/100
|-enditem|p2b: Incineroar|Sitrus Berry|[eat]
|-heal|p2b: Incineroar|55/100|[from] item: Sitrus Berry
|move|p2a: Garchomp|Dragon Claw|p1b: Tyranitar
|-damage|p1b: Tyranitar|57/100
|-damage|p2a: Garchomp|44/100|[from] item: Life Orb
|move|p2b: Incineroar|Parting Shot|p1a: Excadrill
|-unboost|p1a: Excadrill|atk|1
|-unboost|p1a: Excadrill|spa|1
|
|t:|1783088645
|switch|p2b: Basculegion|Basculegion, L50, M|100/100|[from] Parting Shot
|
|-weather|none
|-end|p1a: Excadrill|Encore
|upkeep
|turn|6
|
|t:|1783088665
|switch|p1a: Basculegion|Basculegion, L50, M, shiny|68/100
|detailschange|p1b: Tyranitar|Tyranitar-Mega, L50, M, shiny
|-mega|p1b: Tyranitar|Tyranitar|Tyranitarite
|-weather|Sandstorm|[from] ability: Sand Stream|[of] p1b: Tyranitar
|move|p1b: Tyranitar|Protect|p1b: Tyranitar
|-singleturn|p1b: Tyranitar|Protect
|move|p2b: Basculegion|Last Respects|p1a: Basculegion
|-supereffective|p1a: Basculegion|1
|-damage|p1a: Basculegion|0 fnt
|faint|p1a: Basculegion
|move|p2a: Garchomp|Earthquake|p1b: Tyranitar|[spread] p2b
|-activate|p1b: Tyranitar|move: Protect
|-crit|p2b: Basculegion
|-damage|p2b: Basculegion|18/100
|-damage|p2a: Garchomp|34/100|[from] item: Life Orb
|
|-weather|Sandstorm|[upkeep]
|-damage|p2b: Basculegion|12/100|[from] Sandstorm
|upkeep
|
|t:|1783088681
|switch|p1a: Excadrill|Excadrill, L50, M, shiny|87/100
|turn|7
|
|t:|1783088694
|move|p2a: Garchomp|Protect|p2a: Garchomp
|-singleturn|p2a: Garchomp|Protect
|move|p1b: Tyranitar|Protect||[still]
|-fail|p1b: Tyranitar
|move|p1a: Excadrill|Earthquake|p2a: Garchomp|[spread] p1b,p2b
|-activate|p2a: Garchomp|move: Protect
|-supereffective|p1b: Tyranitar|1
|-damage|p1b: Tyranitar|3/100
|-damage|p2b: Basculegion|0 fnt
|faint|p2b: Basculegion
|
|-weather|Sandstorm|[upkeep]
|upkeep
|
|t:|1783088702
|switch|p2b: Incineroar|Incineroar, L50, M|55/100
|-ability|p2b: Incineroar|Intimidate|boost
|-unboost|p1a: Excadrill|atk|1
|-unboost|p1b: Tyranitar|atk|1
|turn|8
|
|t:|1783088711
|move|p1a: Excadrill|Protect|p1a: Excadrill
|-singleturn|p1a: Excadrill|Protect
|move|p1b: Tyranitar|Protect|p1b: Tyranitar
|-singleturn|p1b: Tyranitar|Protect
|move|p2b: Incineroar|Fake Out|p1a: Excadrill
|-activate|p1a: Excadrill|move: Protect
|move|p2a: Garchomp|Rock Slide|p1a: Excadrill|[spread] 
|-activate|p1a: Excadrill|move: Protect
|-activate|p1b: Tyranitar|move: Protect
|
|-weather|Sandstorm|[upkeep]
|-damage|p2b: Incineroar|50/100y|[from] Sandstorm
|upkeep
|turn|9
|
|t:|1783088732
|move|p2a: Garchomp|Protect|p2a: Garchomp
|-singleturn|p2a: Garchomp|Protect
|move|p1a: Excadrill|High Horsepower|p2a: Garchomp
|-activate|p2a: Garchomp|move: Protect
|move|p1b: Tyranitar|Rock Slide|p2a: Garchomp|[spread] p2b
|-activate|p2a: Garchomp|move: Protect
|-supereffective|p2b: Incineroar|1
|-damage|p2b: Incineroar|14/100
|cant|p2b: Incineroar|flinch
|
|-weather|Sandstorm|[upkeep]
|-damage|p2b: Incineroar|8/100|[from] Sandstorm
|upkeep
|turn|10
|
|t:|1783088748
|move|p1a: Excadrill|High Horsepower|p2a: Garchomp|[miss]
|-miss|p1a: Excadrill|p2a: Garchomp
|move|p2a: Garchomp|Earthquake|p1a: Excadrill|[spread] p2b,p1a,p1b
|-supereffective|p2b: Incineroar|1
|-supereffective|p1a: Excadrill|1
|-supereffective|p1b: Tyranitar|1
|-damage|p2b: Incineroar|0 fnt
|-damage|p1a: Excadrill|0 fnt
|-damage|p1b: Tyranitar|0 fnt
|faint|p2b: Incineroar
|faint|p1a: Excadrill
|faint|p1b: Tyranitar
|-damage|p2a: Garchomp|24/100|[from] item: Life Orb
|
|win|RisottoVenere
|raw|SeymoursLeftToeVGC's rating: 1141 → 1117(-24 for losing)
|raw|RisottoVenere's rating: 1157 → 1181(+24 for winning)
