|j|☆rainisgame
|j|☆crosseczek
|html|rainisgamecrosseczek    
|uhtml|bestof|Game 1 of a best-of-3
|t:|1784630318
|gametype|doubles
|player|p1|rainisgame|170|1396
|player|p2|crosseczek|maid|1336
|gen|9
|tier|[Gen 9 Champions] VGC 2026 Reg M-B (Bo3)
|rated|
|rule|Species Clause: Limit one of each Pokémon
|rule|Item Clause: Limit 1 of each item
|clearpoke
|poke|p1|Charizard, L50, F|
|poke|p1|Venusaur, L50, M|
|poke|p1|Grimmsnarl, L50, M|
|poke|p1|Basculegion, L50, M|
|poke|p1|Pelipper, L50, F|
|poke|p1|Archaludon, L50, M|
|poke|p2|Mawile, L50, F|
|poke|p2|Maushold, L50|
|poke|p2|Whimsicott, L50, F|
|poke|p2|Raichu, L50, M|
|poke|p2|Incineroar, L50, M|
|poke|p2|Farigiraf, L50, F|
|teampreview|4
|showteam|p1|Charizard||CharizarditeY|Blaze|HeatWave,SolarBeam,WeatherBall,Protect|Modest||F|||50|]Venusaur||FocusSash|Chlorophyll|EarthPower,SludgeBomb,SleepPowder,Protect|Timid||M|||50|]Grimmsnarl||LightClay|Prankster|SpiritBreak,PartingShot,LightScreen,Reflect|Sassy||M|||50|]Basculegion||ChoiceScarf|Adaptability|WaveCrash,LastRespects,FlipTurn,AquaJet|Jolly||M|||50|]Pelipper||SitrusBerry|Drizzle|WeatherBall,Hurricane,Tailwind,WideGuard|Modest||F|||50|]Archaludon||Leftovers|Stamina|ElectroShot,DragonPulse,FlashCannon,Protect|Calm||M|||50|
|showteam|p2|Mawile||Mawilite|HyperCutter|PlayRough,SuckerPunch,SwordsDance,Protect|Brave||F|||50|]Maushold||WideLens|Technician|PopulationBomb,FollowMe,Taunt,Protect|Adamant|||||50|]Whimsicott||FocusSash|Prankster|Moonblast,Encore,Tailwind,Protect|Modest||F|||50|]Raichu||RaichuniteY|LightningRod|ZapCannon,FocusBlast,GrassKnot,Protect|Timid||M|||50|]Incineroar||Charcoal|Intimidate|FlareBlitz,DarkestLariat,PartingShot,FakeOut|Adamant||M|||50|]Farigiraf||ColburBerry|ArmorTail|Psychic,Imprison,TrickRoom,Protect|Modest||F|||50|
|c|☆crosseczek|Gl hf
|c|☆rainisgame|glh
|c|☆rainisgame|f
|inactive|Battle timer is ON: inactive players will automatically lose when time's up. (requested by crosseczek)
|
|t:|1784630388
|teamsize|p1|4
|teamsize|p2|4
|start
|switch|p1a: Charizard|Charizard, L50, F|100/100
|switch|p1b: Venusaur|Venusaur, L50, M|100/100
|switch|p2a: Whimsicott|Whimsicott, L50, F|100/100
|switch|p2b: Maushold|Maushold, L50|100/100
|turn|1
|inactive|rainisgame has 30 seconds left.
|
|t:|1784630422
|detailschange|p1a: Charizard|Charizard-Mega-Y, L50, F
|-mega|p1a: Charizard|Charizard|Charizardite Y
|-weather|SunnyDay|[from] ability: Drought|[of] p1a: Charizard
|move|p2a: Whimsicott|Tailwind|p2a: Whimsicott
|-sidestart|p2: crosseczek|move: Tailwind
|move|p2b: Maushold|Population Bomb|p1b: Venusaur
|-damage|p1b: Venusaur|82/100
|-damage|p1b: Venusaur|66/100
|-damage|p1b: Venusaur|49/100
|-damage|p1b: Venusaur|32/100
|-damage|p1b: Venusaur|16/100
|-damage|p1b: Venusaur|0 fnt
|faint|p1b: Venusaur
|-hitcount|p1: Venusaur|6
|move|p1a: Charizard|Heat Wave|p2b: Maushold|[spread] p2a,p2b
|-supereffective|p2a: Whimsicott|1
|-enditem|p2a: Whimsicott|Focus Sash
|-damage|p2a: Whimsicott|1/100
|-damage|p2b: Maushold|16/100
|
|-weather|SunnyDay|[upkeep]
|upkeep
|
|t:|1784630427
|switch|p1b: Basculegion|Basculegion, L50, M|100/100
|turn|2
|
|t:|1784630450
|move|p2a: Whimsicott|Protect|p2a: Whimsicott
|-singleturn|p2a: Whimsicott|Protect
|move|p1a: Charizard|Protect|p1a: Charizard
|-singleturn|p1a: Charizard|Protect
|move|p2b: Maushold|Population Bomb|p1a: Charizard
|-activate|p1a: Charizard|move: Protect
|move|p1b: Basculegion|Flip Turn|p2b: Maushold
|-damage|p2b: Maushold|0 fnt
|faint|p2b: Maushold
|
|t:|1784630453
|switch|p1b: Pelipper|Pelipper, L50, F|100/100|[from] Flip Turn
|-weather|RainDance|[from] ability: Drizzle|[of] p1b: Pelipper
|
|-weather|RainDance|[upkeep]
|upkeep
|
|t:|1784630462
|switch|p2b: Raichu|Raichu, L50, M|100/100
|turn|3
|
|t:|1784630481
|switch|p1a: Basculegion|Basculegion, L50, M|100/100
|detailschange|p2b: Raichu|Raichu-Mega-Y, L50, M
|-mega|p2b: Raichu|Raichu|Raichunite Y
|move|p2a: Whimsicott|Encore||[still]
|-fail|p2a: Whimsicott
|move|p2b: Raichu|Zap Cannon|p1b: Pelipper
|-supereffective|p1b: Pelipper|2
|-damage|p1b: Pelipper|0 fnt
|faint|p1b: Pelipper
|
|-weather|RainDance|[upkeep]
|upkeep
|
|t:|1784630483
|switch|p1b: Charizard|Charizard-Mega-Y, L50, F|100/100
|-weather|SunnyDay|[from] ability: Drought|[of] p1b: Charizard
|turn|4
|
|t:|1784630491
|move|p2a: Whimsicott|Protect|p2a: Whimsicott
|-singleturn|p2a: Whimsicott|Protect
|move|p2b: Raichu|Zap Cannon|p1a: Basculegion
|-supereffective|p1a: Basculegion|1
|-damage|p1a: Basculegion|0 fnt
|faint|p1a: Basculegion
|move|p1b: Charizard|Weather Ball|p2b: Raichu
|-damage|p2b: Raichu|0 fnt
|faint|p2b: Raichu
|
|-weather|SunnyDay|[upkeep]
|-sideend|p2: crosseczek|move: Tailwind
|upkeep
|
|t:|1784630498
|switch|p2b: Incineroar|Incineroar, L50, M|100/100
|-ability|p2b: Incineroar|Intimidate|boost
|-unboost|p1b: Charizard|atk|1
|turn|5
|
|t:|1784630506
|move|p2b: Incineroar|Fake Out|p1b: Charizard
|-damage|p1b: Charizard|84/100
|move|p2a: Whimsicott|Tailwind|p2a: Whimsicott
|-sidestart|p2: crosseczek|move: Tailwind
|cant|p1b: Charizard|flinch
|
|-weather|SunnyDay|[upkeep]
|upkeep
|turn|6
|
|t:|1784630513
|move|p2a: Whimsicott|Protect|p2a: Whimsicott
|-singleturn|p2a: Whimsicott|Protect
|move|p2b: Incineroar|Darkest Lariat|p1b: Charizard
|-damage|p1b: Charizard|35/100
|move|p1b: Charizard|Heat Wave|p2a: Whimsicott|[spread] p2b
|-activate|p2a: Whimsicott|move: Protect
|-resisted|p2b: Incineroar|1
|-damage|p2b: Incineroar|67/100
|
|-weather|SunnyDay|[upkeep]
|upkeep
|turn|7
|
|t:|1784630522
|move|p2a: Whimsicott|Moonblast|p1b: Charizard
|-resisted|p1b: Charizard|1
|-damage|p1b: Charizard|16/100
|move|p2b: Incineroar|Darkest Lariat|p1b: Charizard
|-damage|p1b: Charizard|0 fnt
|faint|p1b: Charizard
|
|win|crosseczek
||rainisgame is ready for game 2.
||crosseczek is ready for game 2.
|uhtml|next|Next: Game 2 of 3
