|j|☆daviisiiitoo
|j|☆1Manuel1410
|html|daviisiiitoo1Manuel1410    
|uhtml|bestof|Game 2 of a best-of-3
|t:|1784456082
|gametype|doubles
|player|p1|daviisiiitoo|101|1123
|player|p2|1Manuel1410|palmer|1171
|gen|9
|tier|[Gen 9 Champions] VGC 2026 Reg M-B (Bo3)
|rated|
|rule|Species Clause: Limit one of each Pokémon
|rule|Item Clause: Limit 1 of each item
|clearpoke
|poke|p1|Metagross, L50|
|poke|p1|Ninetales-Alola, L50, M|
|poke|p1|Sneasler, L50, M|
|poke|p1|Kingambit, L50, F|
|poke|p1|Aerodactyl, L50, M|
|poke|p1|Hydreigon, L50, M, shiny|
|poke|p2|Dragalge, L50, M|
|poke|p2|Sinistcha, L50|
|poke|p2|Incineroar, L50, F|
|poke|p2|Milotic, L50, M|
|poke|p2|Ninetales-Alola, L50, M|
|poke|p2|Kingambit, L50, F|
|teampreview|4
|showteam|p1|Metagross||Metagrossite|ClearBody|BulletPunch,PsychicFangs,StompingTantrum,Protect|Jolly|||||50|]Ninetales-Alola||FocusSash|SnowWarning|Blizzard,FreezeDry,Encore,Protect|Timid||M|||50|]Sneasler||WhiteHerb|Unburden|FakeOut,DireClaw,CloseCombat,Coaching|Adamant||M|||50|]Kingambit||OccaBerry|Defiant|KowtowCleave,LowKick,SuckerPunch,IronHead|Adamant||F|||50|]Aerodactyl||Aerodactylite|Pressure|RockSlide,DualWingbeat,Tailwind,IceFang|Jolly||M|||50|]Hydreigon||ChoiceScarf|Levitate|DracoMeteor,DarkPulse,HeatWave,EarthPower|Modest||M|||50|
|showteam|p2|Dragalge||Dragalgite|PoisonPoint|Protect,SludgeBomb,Toxic,DragonPulse|Bold||M|||50|]Sinistcha||ColburBerry|Hospitality|MatchaGotcha,RagePowder,TrickRoom,Hex|Modest|||||50|]Incineroar||Charcoal|Intimidate|FakeOut,FlareBlitz,DarkestLariat,PartingShot|Adamant||F|||50|]Milotic||Leftovers|Competitive|Recover,Coil,MuddyWater,Hypnosis|Calm||M|||50|]Ninetales-Alola||LightClay|SnowWarning|Protect,AuroraVeil,Blizzard,Moonblast|Timid||M|||50|]Kingambit||ChopleBerry|Defiant|SuckerPunch,KowtowCleave,IronHead,LowKick|Adamant||F|||50|
|inactive|Battle timer is ON: inactive players will automatically lose when time's up. (requested by 1Manuel1410)
|inactive|daviisiiitoo has 60 seconds left.
|
|t:|1784456124
|teamsize|p1|4
|teamsize|p2|4
|start
|switch|p1a: Sneasler|Sneasler, L50, M|100/100
|switch|p1b: Kingambit|Kingambit, L50, F|100/100
|switch|p2a: Milotic|Milotic, L50, M|100/100
|switch|p2b: Kingambit|Kingambit, L50, F|100/100
|turn|1
|inactive|daviisiiitoo has 30 seconds left.
|inactive|daviisiiitoo has 20 seconds left.
|
|t:|1784456161
|switch|p2b: Sinistcha|Sinistcha, L50|100/100
|move|p1a: Sneasler|Close Combat|p2a: Milotic
|-damage|p2a: Milotic|36/100
|-unboost|p1a: Sneasler|def|1
|-unboost|p1a: Sneasler|spd|1
|-enditem|p1a: Sneasler|White Herb
|-clearnegativeboost|p1a: Sneasler|[silent]
|move|p2a: Milotic|Coil|p2a: Milotic
|-boost|p2a: Milotic|atk|1
|-boost|p2a: Milotic|def|1
|-boost|p2a: Milotic|accuracy|1
|move|p1b: Kingambit|Kowtow Cleave|p2a: Milotic
|-damage|p2a: Milotic|7/100
|
|-heal|p2a: Milotic|13/100|[from] item: Leftovers
|upkeep
|turn|2
|inactive|daviisiiitoo has 30 seconds left.
|
|t:|1784456189
|move|p2b: Sinistcha|Rage Powder|p2b: Sinistcha
|-singleturn|p2b: Sinistcha|move: Rage Powder
|move|p1a: Sneasler|Coaching|p1b: Kingambit
|-boost|p1b: Kingambit|atk|1
|-boost|p1b: Kingambit|def|1
|move|p2a: Milotic|Hypnosis|p1b: Kingambit
|-status|p1b: Kingambit|slp|[from] move: Hypnosis
|cant|p1b: Kingambit|slp
|
|-heal|p2a: Milotic|19/100|[from] item: Leftovers
|upkeep
|turn|3
|
|t:|1784456212
|move|p1a: Sneasler|Dire Claw|p2a: Milotic
|-damage|p2a: Milotic|0 fnt
|faint|p2a: Milotic
|-curestatus|p1b: Kingambit|slp|[msg]
|move|p1b: Kingambit|Kowtow Cleave|p2b: Sinistcha
|-supereffective|p2b: Sinistcha|1
|-enditem|p2b: Sinistcha|Colbur Berry|[eat]
|-enditem|p2b: Sinistcha|Colbur Berry|[weaken]
|-damage|p2b: Sinistcha|37/100
|move|p2b: Sinistcha|Matcha Gotcha|p1a: Sneasler|[spread] p1a,p1b
|-resisted|p1a: Sneasler|1
|-crit|p1a: Sneasler
|-resisted|p1b: Kingambit|1
|-damage|p1a: Sneasler|71/100
|-heal|p2b: Sinistcha|50/100g|[from] drain|[of] p1a: Sneasler
|-damage|p1b: Kingambit|84/100
|-heal|p2b: Sinistcha|58/100|[from] drain|[of] p1b: Kingambit
|
|upkeep
|
|t:|1784456217
|switch|p2a: Ninetales|Ninetales-Alola, L50, M|100/100
|-weather|Snowscape|[from] ability: Snow Warning|[of] p2a: Ninetales
|turn|4
|inactive|daviisiiitoo has 30 seconds left.
|
|t:|1784456248
|move|p2b: Sinistcha|Rage Powder|p2b: Sinistcha
|-singleturn|p2b: Sinistcha|move: Rage Powder
|move|p1a: Sneasler|Dire Claw|p2b: Sinistcha
|-damage|p2b: Sinistcha|19/100
|move|p2a: Ninetales|Moonblast|p1b: Kingambit
|-crit|p1b: Kingambit
|-damage|p1b: Kingambit|23/100
|move|p1b: Kingambit|Iron Head|p2b: Sinistcha
|-damage|p2b: Sinistcha|0 fnt
|faint|p2b: Sinistcha
|
|-weather|Snowscape|[upkeep]
|upkeep
|
|t:|1784456253
|switch|p2b: Kingambit|Kingambit, L50, F|100/100
|turn|5
|
|t:|1784456274
|move|p2b: Kingambit|Sucker Punch|p1b: Kingambit
|-resisted|p1b: Kingambit|1
|-damage|p1b: Kingambit|12/100
|move|p1a: Sneasler|Close Combat|p2b: Kingambit
|-supereffective|p2b: Kingambit|2
|-enditem|p2b: Kingambit|Chople Berry|[eat]
|-enditem|p2b: Kingambit|Chople Berry|[weaken]
|-damage|p2b: Kingambit|1/100
|-unboost|p1a: Sneasler|def|1
|-unboost|p1a: Sneasler|spd|1
|move|p2a: Ninetales|Blizzard|p1a: Sneasler|[spread] p1a,p1b
|-resisted|p1b: Kingambit|1
|-damage|p1a: Sneasler|10/100
|-damage|p1b: Kingambit|0 fnt
|faint|p1b: Kingambit
|
|-weather|Snowscape|[upkeep]
|upkeep
|
|t:|1784456294
|switch|p1b: Metagross|Metagross, L50|100/100
|turn|6
|
|t:|1784456301
|detailschange|p1b: Metagross|Metagross-Mega, L50
|-mega|p1b: Metagross|Metagross|Metagrossite
|move|p2a: Ninetales|Protect|p2a: Ninetales
|-singleturn|p2a: Ninetales|Protect
|move|p1b: Metagross|Bullet Punch|p2b: Kingambit
|-resisted|p2b: Kingambit|1
|-damage|p2b: Kingambit|0 fnt
|faint|p2b: Kingambit
|move|p1a: Sneasler|Dire Claw|p2a: Ninetales
|-activate|p2a: Ninetales|move: Protect
|
|-weather|Snowscape|[upkeep]
|upkeep
|turn|7
|
|t:|1784456310
|move|p1b: Metagross|Bullet Punch|p2a: Ninetales
|-supereffective|p2a: Ninetales|2
|-crit|p2a: Ninetales
|-damage|p2a: Ninetales|0 fnt
|faint|p2a: Ninetales
|
|win|daviisiiitoo
|raw|daviisiiitoo's rating: 1123 → 1151(+28 for winning)
|raw|1Manuel1410's rating: 1171 → 1143(-28 for losing)
|l|☆1Manuel1410
|player|p2|
|l|☆daviisiiitoo
|player|p1|
|j|☆daviisiiitoo
|player|p1|daviisiiitoo|101|
