|j|☆PerishingSongVGC
|j|☆samurt123
|html|PerishingSongVGCsamurt123    
|uhtml|bestof|Game 3 of a best-of-3
|t:|1757797876
|gametype|doubles
|player|p1|PerishingSongVGC|169|1070
|player|p2|samurt123|rocketgrunt|1122
|gen|9
|tier|[Gen 9] VGC 2025 Reg H (Bo3)
|rated|
|rule|Species Clause: Limit one of each Pokémon
|rule|Item Clause: Limit 1 of each item
|clearpoke
|poke|p1|Incineroar, L50, F|
|poke|p1|Primarina, L50, M|
|poke|p1|Ursaluna-Bloodmoon, L50, M|
|poke|p1|Gothitelle, L50, M|
|poke|p1|Sinistcha, L50|
|poke|p1|Archaludon, L50, M|
|poke|p2|Amoonguss, L50, F|
|poke|p2|Grimmsnarl, L50, M|
|poke|p2|Incineroar, L50, M|
|poke|p2|Dragonite, L50, M|
|poke|p2|Annihilape, L50, F|
|poke|p2|Ursaluna-Bloodmoon, L50, M|
|teampreview|4
|showteam|p1|Incineroar||CovertCloak|Intimidate|FakeOut,PartingShot,KnockOff,FlareBlitz|||F|||50|,,,,,Ghost]Primarina||ThroatSpray|LiquidVoice|HyperVoice,Moonblast,PerishSong,Protect|||M|||50|,,,,,Grass]Ursaluna-Bloodmoon||LifeOrb|MindsEye|BloodMoon,HyperVoice,EarthPower,Protect|||M|||50|,,,,,Normal]Gothitelle||SitrusBerry|ShadowTag|FakeOut,Protect,TrickRoom,Psychic|||M|||50|,,,,,Psychic]Sinistcha||RockyHelmet|Hospitality|MatchaGotcha,TrickRoom,LifeDew,RagePowder||||||50|,,,,,Dark]Archaludon||PowerHerb|Sturdy|ElectroShot,FlashCannon,DracoMeteor,Protect|||M|||50|,,,,,Steel
|showteam|p2|Amoonguss||BlackSludge|Regenerator|Spore,Protect,RagePowder,PollenPuff|||F|||50|,,,,,Fairy]Grimmsnarl||Leftovers|Prankster|Reflect,PartingShot,LightScreen,SpiritBreak|||M|||50|,,,,,Dark]Incineroar||SitrusBerry|Intimidate|PartingShot,FakeOut,FlareBlitz,KnockOff|||M|||50|,,,,,Fire]Dragonite||LumBerry|Multiscale|ExtremeSpeed,Substitute,IronHead,Earthquake|||M|||50|,,,,,Normal]Annihilape||SafetyGoggles|Defiant|BulkUp,DrainPunch,RageFist,Protect|||F|||50|,,,,,Fire]Ursaluna-Bloodmoon||AssaultVest|MindsEye|BloodMoon,HyperVoice,EarthPower,Moonblast|||M|||50|,,,,,Fairy
|
|t:|1757797911
|teamsize|p1|4
|teamsize|p2|4
|start
|switch|p1a: Gothitelle|Gothitelle, L50, M|100/100
|switch|p1b: Ursaluna|Ursaluna-Bloodmoon, L50, M|100/100
|switch|p2a: Incineroar|Incineroar, L50, M|100/100
|switch|p2b: Ursaluna|Ursaluna-Bloodmoon, L50, M|100/100
|-ability|p2a: Incineroar|Intimidate|boost
|-unboost|p1a: Gothitelle|atk|1
|-unboost|p1b: Ursaluna|atk|1
|turn|1
|
|t:|1757797929
|move|p1a: Gothitelle|Protect|p1a: Gothitelle
|-singleturn|p1a: Gothitelle|Protect
|move|p1b: Ursaluna|Protect|p1b: Ursaluna
|-singleturn|p1b: Ursaluna|Protect
|move|p2a: Incineroar|Fake Out|p1b: Ursaluna
|-activate|p1b: Ursaluna|move: Protect
|move|p2b: Ursaluna|Hyper Voice|p1b: Ursaluna|[spread] 
|-activate|p1a: Gothitelle|move: Protect
|-activate|p1b: Ursaluna|move: Protect
|
|upkeep
|turn|2
|
|t:|1757797945
|switch|p1a: Primarina|Primarina, L50, M|100/100
|-terastallize|p1b: Ursaluna|Normal
|move|p2a: Incineroar|Knock Off|p1a: Primarina
|-resisted|p1a: Primarina
|-damage|p1a: Primarina|72/100
|-enditem|p1a: Primarina|Throat Spray|[from] move: Knock Off|[of] p2a: Incineroar
|move|p2b: Ursaluna|Hyper Voice|p1a: Primarina|[spread] p1a,p1b
|-damage|p1a: Primarina|38/100
|-damage|p1b: Ursaluna|55/100
|move|p1b: Ursaluna|Blood Moon|p2b: Ursaluna
|-damage|p2b: Ursaluna|0 fnt
|faint|p2b: Ursaluna
|-damage|p1b: Ursaluna|45/100|[from] item: Life Orb
|
|upkeep
|
|t:|1757797964
|switch|p2b: Amoonguss|Amoonguss, L50, F|100/100
|turn|3
|
|t:|1757797976
|switch|p1b: Gothitelle|Gothitelle, L50, M|100/100
|move|p2a: Incineroar|Flare Blitz|p1b: Gothitelle
|-damage|p1b: Gothitelle|49/100
|-enditem|p1b: Gothitelle|Sitrus Berry|[eat]
|-heal|p1b: Gothitelle|74/100|[from] item: Sitrus Berry
|-damage|p2a: Incineroar|86/100|[from] Recoil
|move|p1a: Primarina|Hyper Voice|p2b: Amoonguss|[spread] p2a,p2b
|-supereffective|p2a: Incineroar
|-resisted|p2b: Amoonguss
|-damage|p2a: Incineroar|19/100
|-damage|p2b: Amoonguss|83/100
|-enditem|p2a: Incineroar|Sitrus Berry|[eat]
|-heal|p2a: Incineroar|44/100|[from] item: Sitrus Berry
|move|p2b: Amoonguss|Spore|p1a: Primarina
|-status|p1a: Primarina|slp|[from] move: Spore
|
|-heal|p2b: Amoonguss|89/100|[from] item: Black Sludge
|upkeep
|turn|4
|
|t:|1757798000
|move|p2a: Incineroar|Knock Off|p1b: Gothitelle
|-supereffective|p1b: Gothitelle
|-damage|p1b: Gothitelle|25/100
|cant|p1a: Primarina|slp
|move|p2b: Amoonguss|Pollen Puff|p2a: Incineroar
|-heal|p2a: Incineroar|94/100
|move|p1b: Gothitelle|Trick Room|p1b: Gothitelle
|-fieldstart|move: Trick Room|[of] p1b: Gothitelle
|
|-heal|p2b: Amoonguss|95/100|[from] item: Black Sludge
|upkeep
|turn|5
|
|t:|1757798016
|move|p2b: Amoonguss|Pollen Puff|p1a: Primarina
|-resisted|p1a: Primarina
|-damage|p1a: Primarina|30/100 slp
|-curestatus|p1a: Primarina|slp|[msg]
|move|p1a: Primarina|Hyper Voice|p2b: Amoonguss|[spread] p2a,p2b
|-supereffective|p2a: Incineroar
|-resisted|p2b: Amoonguss
|-damage|p2a: Incineroar|22/100
|-damage|p2b: Amoonguss|77/100
|move|p1b: Gothitelle|Psychic|p2b: Amoonguss
|-supereffective|p2b: Amoonguss
|-damage|p2b: Amoonguss|23/100
|move|p2a: Incineroar|Knock Off|p1b: Gothitelle
|-supereffective|p1b: Gothitelle
|-damage|p1b: Gothitelle|0 fnt
|faint|p1b: Gothitelle
|
|-heal|p2b: Amoonguss|29/100|[from] item: Black Sludge
|upkeep
|
|t:|1757798032
|switch|p1b: Ursaluna|Ursaluna-Bloodmoon, L50, M, tera:Normal|45/100
|turn|6
|
|t:|1757798051
|switch|p2b: Annihilape|Annihilape, L50, F|100/100
|move|p1b: Ursaluna|Hyper Voice|p2a: Incineroar|[spread] p2a,p2b
|-damage|p2a: Incineroar|0 fnt
|-damage|p2b: Annihilape|42/100
|faint|p2a: Incineroar
|-damage|p1b: Ursaluna|35/100|[from] item: Life Orb
|move|p1a: Primarina|Hyper Voice|p2b: Annihilape
|-damage|p2b: Annihilape|0 fnt
|faint|p2b: Annihilape
|
|upkeep
|
|t:|1757798059
|switch|p2a: Amoonguss|Amoonguss, L50, F|62/100
|turn|7
|
|t:|1757798068
|move|p1b: Ursaluna|Protect|p1b: Ursaluna
|-singleturn|p1b: Ursaluna|Protect
|move|p2a: Amoonguss|Spore|p1b: Ursaluna
|-activate|p1b: Ursaluna|move: Protect
|move|p1a: Primarina|Perish Song|p1a: Primarina
|-start|p1a: Primarina|perish3|[silent]
|-start|p1b: Ursaluna|perish3|[silent]
|-start|p2a: Amoonguss|perish3|[silent]
|-fieldactivate|move: Perish Song
|
|-heal|p2a: Amoonguss|67/100|[from] item: Black Sludge
|-start|p2a: Amoonguss|perish3
|-start|p1b: Ursaluna|perish3
|-start|p1a: Primarina|perish3
|upkeep
|turn|8
|
|t:|1757798081
|switch|p1b: Sinistcha|Sinistcha, L50|100/100
|-heal|p1a: Primarina|55/100|[from] ability: Hospitality|[of] p1b: Sinistcha
|move|p2a: Amoonguss|Spore|p1b: Sinistcha
|-immune|p1b: Sinistcha
|move|p1a: Primarina|Moonblast|p2a: Amoonguss
|-resisted|p2a: Amoonguss
|-damage|p2a: Amoonguss|43/100
|
|-heal|p2a: Amoonguss|49/100|[from] item: Black Sludge
|-start|p2a: Amoonguss|perish2
|-start|p1a: Primarina|perish2
|-fieldend|move: Trick Room
|upkeep
|turn|9
|
|t:|1757798090
|move|p1b: Sinistcha|Life Dew||[still]|[spread] p1a,p1b
|-heal|p1a: Primarina|80/100
|-fail|p1b: Sinistcha|heal
|move|p1a: Primarina|Moonblast|p2a: Amoonguss
|-resisted|p2a: Amoonguss
|-damage|p2a: Amoonguss|26/100
|move|p2a: Amoonguss|Pollen Puff|p1a: Primarina
|-resisted|p1a: Primarina
|-damage|p1a: Primarina|73/100
|
|-heal|p2a: Amoonguss|32/100|[from] item: Black Sludge
|-start|p1a: Primarina|perish1
|-start|p2a: Amoonguss|perish1
|upkeep
|turn|10
|-message|samurt123 forfeited.
|raw|PerishingSongVGC's rating: 1070 → 1104(+34 for winning)
|raw|samurt123's rating: 1122 → 1093(-29 for losing)
|
|win|PerishingSongVGC
|c|☆PerishingSongVGC|gg
|l|☆samurt123
|player|p2|
