|j|☆duckofjudgement
|j|☆Dawsonschris
|html|duckofjudgementDawsonschris    
|uhtml|bestof|Game 2 of a best-of-3
|t:|1756583012
|gametype|doubles
|player|p1|duckofjudgement|cheryl|1000
|player|p2|Dawsonschris|artist-gen4|1090
|gen|9
|tier|[Gen 9] VGC 2025 Reg H (Bo3)
|rated|
|rule|Species Clause: Limit one of each Pokémon
|rule|Item Clause: Limit 1 of each item
|clearpoke
|poke|p1|Alcremie-Salted-Cream, L50, F|
|poke|p1|Clefairy, L50, F|
|poke|p1|Annihilape, L50, M|
|poke|p1|Rillaboom, L50, M|
|poke|p1|Indeedee-F, L50, F|
|poke|p1|Amoonguss, L50, F|
|poke|p2|Ursaluna-Bloodmoon, L50, M|
|poke|p2|Electabuzz, L50, M|
|poke|p2|Sneasler, L50, M|
|poke|p2|Indeedee, L50, M|
|poke|p2|Talonflame, L50, M|
|poke|p2|Tatsugiri, L50, F|
|teampreview|4
|showteam|p1|Alcremie-Salted-Cream||SafetyGoggles|AromaVeil|DrainingKiss,StoredPower,CalmMind,Protect|||F|||50|,,,,,Steel]Clefairy||Eviolite|CuteCharm|LifeDew,FollowMe,IcyWind,HelpingHand|||F|||50|,,,,,Steel]Annihilape||ChoiceScarf|VitalSpirit|Coaching,FinalGambit,RageFist,Uturn|||M|||50|,,,,,Ghost]Rillaboom||AssaultVest|GrassySurge|FakeOut,GrassyGlide,WoodHammer,Uturn|||M|||50|,,,,,Fire]Indeedee-F||SitrusBerry|PsychicSurge|FollowMe,HelpingHand,HealPulse,DrainingKiss|||F|||50|,,,,,Dark]Amoonguss||RockyHelmet|Regenerator|PollenPuff,Protect,RagePowder,Spore|||F|||50|,,,,,Bug
|showteam|p2|Ursaluna-Bloodmoon||LifeOrb|MindsEye|Protect,BloodMoon,EarthPower,HyperVoice|||M|||50|,,,,,Normal]Electabuzz||Eviolite|VitalSpirit|FollowMe,Taunt,Electroweb,Protect|||M|||50|,,,,,Dragon]Sneasler||PsychicSeed|Unburden|ThroatChop,DireClaw,CloseCombat,Protect|||M|||50|,,,,,Dark]Indeedee||FocusSash|PsychicSurge|ExpandingForce,TrickRoom,HelpingHand,Protect|||M|||50|,,,,,Psychic]Talonflame||CovertCloak|GaleWings|FlareBlitz,DualWingbeat,WillOWisp,Tailwind|||M|||50|,,,,,Fairy]Tatsugiri||ChoiceScarf|StormDrain|IcyWind,DracoMeteor,DragonDance,MuddyWater|||F|||50|,,,,,Fairy
|inactive|Battle timer is ON: inactive players will automatically lose when time's up. (requested by duckofjudgement)
|inactive|duckofjudgement has 60 seconds left.
|
|t:|1756583066
|teamsize|p1|4
|teamsize|p2|4
|start
|switch|p1a: Indeedee|Indeedee-F, L50, F|100/100
|switch|p1b: Amoonguss|Amoonguss, L50, F, shiny|100/100
|switch|p2a: Electabuzz|Electabuzz, L50, M|100/100
|switch|p2b: Ursaluna|Ursaluna-Bloodmoon, L50, M|100/100
|-fieldstart|move: Psychic Terrain|[from] ability: Psychic Surge|[of] p1a: Indeedee
|turn|1
|inactive|duckofjudgement has 30 seconds left.
|inactive|duckofjudgement has 20 seconds left.
|inactive|duckofjudgement has 15 seconds left.
|inactive|duckofjudgement has 10 seconds left.
|inactive|duckofjudgement has 5 seconds left.
|
|t:|1756583119
|-terastallize|p2b: Ursaluna|Normal
|move|p2a: Electabuzz|Follow Me|p2a: Electabuzz
|-singleturn|p2a: Electabuzz|move: Follow Me
|move|p1a: Indeedee|Follow Me|p1a: Indeedee
|-singleturn|p1a: Indeedee|move: Follow Me
|move|p2b: Ursaluna|Hyper Voice|p1b: Amoonguss|[spread] p1a,p1b
|-damage|p1a: Indeedee|49/100
|-damage|p1b: Amoonguss|51/100
|-enditem|p1a: Indeedee|Sitrus Berry|[eat]
|-heal|p1a: Indeedee|74/100|[from] item: Sitrus Berry
|-damage|p2b: Ursaluna|91/100|[from] item: Life Orb
|move|p1b: Amoonguss|Spore|p2a: Electabuzz
|-immune|p2a: Electabuzz|[from] ability: Vital Spirit
|
|upkeep
|turn|2
|
|t:|1756583140
|move|p1b: Amoonguss|Protect|p1b: Amoonguss
|-singleturn|p1b: Amoonguss|Protect
|move|p2a: Electabuzz|Follow Me|p2a: Electabuzz
|-singleturn|p2a: Electabuzz|move: Follow Me
|move|p1a: Indeedee|Heal Pulse|p2a: Electabuzz
|-fail|p2a: Electabuzz|heal
|move|p2b: Ursaluna|Hyper Voice|p1a: Indeedee|[spread] p1a
|-activate|p1b: Amoonguss|move: Protect
|-damage|p1a: Indeedee|23/100
|-damage|p2b: Ursaluna|81/100|[from] item: Life Orb
|
|upkeep
|turn|3
|inactive|duckofjudgement has 30 seconds left.
|
|t:|1756583172
|switch|p1b: Clefairy|Clefairy, L50, F|100/100
|move|p2a: Electabuzz|Follow Me|p2a: Electabuzz
|-singleturn|p2a: Electabuzz|move: Follow Me
|move|p1a: Indeedee|Draining Kiss|p2a: Electabuzz
|-damage|p2a: Electabuzz|90/100
|-heal|p1a: Indeedee|29/100|[from] drain|[of] p2a: Electabuzz
|move|p2b: Ursaluna|Hyper Voice|p1b: Clefairy|[spread] p1a,p1b
|-damage|p1a: Indeedee|0 fnt
|-damage|p1b: Clefairy|54/100
|faint|p1a: Indeedee
|-damage|p2b: Ursaluna|72/100|[from] item: Life Orb
|
|upkeep
|
|t:|1756583184
|switch|p1a: Alcremie|Alcremie-Salted-Cream, L50, F|100/100
|turn|4
|inactive|Dawsonschris has 30 seconds left.
|inactive|Dawsonschris has 20 seconds left.
|inactive|Dawsonschris has 15 seconds left.
|inactive|Dawsonschris has 10 seconds left.
|
|t:|1756583232
|move|p2a: Electabuzz|Follow Me|p2a: Electabuzz
|-singleturn|p2a: Electabuzz|move: Follow Me
|move|p2b: Ursaluna|Blood Moon|p1b: Clefairy
|-damage|p1b: Clefairy|0 fnt
|faint|p1b: Clefairy
|-damage|p2b: Ursaluna|62/100|[from] item: Life Orb
|move|p1a: Alcremie|Calm Mind|p1a: Alcremie
|-boost|p1a: Alcremie|spa|1
|-boost|p1a: Alcremie|spd|1
|
|upkeep
|
|t:|1756583242
|switch|p1b: Amoonguss|Amoonguss, L50, F, shiny|84/100
|turn|5
|
|t:|1756583266
|move|p1b: Amoonguss|Protect|p1b: Amoonguss
|-singleturn|p1b: Amoonguss|Protect
|move|p2a: Electabuzz|Follow Me|p2a: Electabuzz
|-singleturn|p2a: Electabuzz|move: Follow Me
|move|p2b: Ursaluna|Hyper Voice|p1a: Alcremie|[spread] p1a
|-activate|p1b: Amoonguss|move: Protect
|-damage|p1a: Alcremie|64/100
|-damage|p2b: Ursaluna|53/100|[from] item: Life Orb
|move|p1a: Alcremie|Calm Mind|p1a: Alcremie
|-boost|p1a: Alcremie|spa|1
|-boost|p1a: Alcremie|spd|1
|
|-fieldend|move: Psychic Terrain
|upkeep
|turn|6
|
|t:|1756583286
|move|p2a: Electabuzz|Follow Me|p2a: Electabuzz
|-singleturn|p2a: Electabuzz|move: Follow Me
|move|p2b: Ursaluna|Blood Moon|p1b: Amoonguss
|-damage|p1b: Amoonguss|0 fnt
|faint|p1b: Amoonguss
|-damage|p2b: Ursaluna|43/100|[from] item: Life Orb
|move|p1a: Alcremie|Stored Power|p2a: Electabuzz
|-damage|p2a: Electabuzz|40/100
|
|upkeep
|turn|7
|-message|duckofjudgement forfeited.
|
|win|Dawsonschris
|raw|duckofjudgement's rating: 1000 → 1000(+0 for losing)
|raw|Dawsonschris's rating: 1090 → 1110(+20 for winning)
|l|☆duckofjudgement
|player|p1|
