|j|ŌśåAbefisker
|j|ŌśåGamerbmac89
|html|AbefiskerGamerbmac89    
|uhtml|bestof|Game 3 of a best-of-3
|t:|1783466942
|gametype|doubles
|player|p1|Abefisker|265|1126
|player|p2|Gamerbmac89|red|1070
|gen|9
|tier|[Gen 9 Champions] VGC 2026 Reg M-B (Bo3)
|rated|
|rule|Species Clause: Limit one of each Pok├®mon
|rule|Item Clause: Limit 1 of each item
|clearpoke
|poke|p1|Ceruledge, L50, F|
|poke|p1|Froslass, L50, F|
|poke|p1|Incineroar, L50, M|
|poke|p1|Maushold-Four, L50|
|poke|p1|Sinistcha, L50|
|poke|p1|Kommo-o, L50, F|
|poke|p2|Mamoswine, L50, F|
|poke|p2|Charizard, L50, F|
|poke|p2|Whimsicott, L50, F|
|poke|p2|Annihilape, L50, M|
|poke|p2|Farigiraf, L50, M|
|poke|p2|Floette-Eternal, L50, F|
|teampreview|4
|showteam|p1|Ceruledge||ColburBerry|FlashFire|BitterBlade,ShadowSneak,BulkUp,Protect|Adamant||F|||50|]Froslass||Froslassite|SnowCloak|Blizzard,ShadowBall,AuroraVeil,Protect|Timid||F|||50|]Incineroar||SitrusBerry|Intimidate|DarkestLariat,HelpingHand,FakeOut,PartingShot|Careful||M|||50|]Maushold-Four||WideLens|Technician|PopulationBomb,Encore,FollowMe,Protect|Jolly|||||50|]Sinistcha||CobaBerry|Hospitality|MatchaGotcha,RagePowder,LifeDew,Protect|Bold|||||50|]Kommo-o||Leftovers|Soundproof|ClangingScales,AuraSphere,ClangorousSoul,Protect|Modest||F|||50|
|showteam|p2|Mamoswine||LifeOrb|Oblivious|IceShard,HighHorsepower,IcicleCrash,Protect|Adamant||F|||50|]Charizard||CharizarditeY|Blaze|HeatWave,WeatherBall,SolarBeam,Protect|Timid||F|||50|]Whimsicott||FocusSash|Prankster|Moonblast,Tailwind,Encore,BeatUp|Timid||F|||50|]Annihilape||Leftovers|Defiant|RageFist,DrainPunch,BulkUp,Protect|Adamant||M|||50|]Farigiraf||SitrusBerry|ArmorTail|Psychic,Thunderbolt,HelpingHand,TrickRoom|Bold||M|||50|]Floette-Eternal||Floettite|FlowerVeil|Moonblast,CalmMind,DrainingKiss,Protect|Modest||F|||50|
|
|t:|1783466970
|teamsize|p1|4
|teamsize|p2|4
|start
|switch|p1a: Froslass|Froslass, L50, F|100/100
|switch|p1b: Incineroar|Incineroar, L50, M|100/100
|switch|p2a: Whimsicott|Whimsicott, L50, F|100/100
|switch|p2b: Annihilape|Annihilape, L50, M|100/100
|-ability|p1b: Incineroar|Intimidate|boost
|-unboost|p2a: Whimsicott|atk|1
|-unboost|p2b: Annihilape|atk|1
|-ability|p2b: Annihilape|Defiant|boost
|-boost|p2b: Annihilape|atk|2
|turn|1
|
|t:|1783467006
|switch|p2a: Mamoswine|Mamoswine, L50, F|100/100
|detailschange|p1a: Froslass|Froslass-Mega, L50, F
|-mega|p1a: Froslass|Froslass|Froslassite
|-weather|Snowscape|[from] ability: Snow Warning|[of] p1a: Froslass
|move|p2b: Annihilape|Protect|p2b: Annihilape
|-singleturn|p2b: Annihilape|Protect
|move|p1b: Incineroar|Fake Out|p2a: Mamoswine
|-damage|p2a: Mamoswine|91/100
|move|p1a: Froslass|Blizzard|p2a: Mamoswine|[spread] p2a
|-activate|p2b: Annihilape|move: Protect
|-damage|p2a: Mamoswine|31/100
|
|-weather|Snowscape|[upkeep]
|upkeep
|turn|2
|
|t:|1783467066
|switch|p2b: Whimsicott|Whimsicott, L50, F|100/100
|move|p1b: Incineroar|Helping Hand|p1a: Froslass
|-singleturn|p1a: Froslass|Helping Hand|[of] p1b: Incineroar
|move|p1a: Froslass|Shadow Ball|p2b: Whimsicott
|-enditem|p2b: Whimsicott|Focus Sash
|-damage|p2b: Whimsicott|1/100
|-unboost|p2b: Whimsicott|spd|1
|move|p2a: Mamoswine|High Horsepower|p1b: Incineroar|[miss]
|-miss|p2a: Mamoswine|p1b: Incineroar
|
|-weather|Snowscape|[upkeep]
|upkeep
|turn|3
|
|t:|1783467083
|switch|p1b: Maushold|Maushold-Four, L50|100/100
|move|p2b: Whimsicott|Tailwind|p2b: Whimsicott
|-sidestart|p2: Gamerbmac89|move: Tailwind
|move|p2a: Mamoswine|High Horsepower|p1b: Maushold
|-damage|p1b: Maushold|0 fnt
|faint|p1b: Maushold
|-damage|p2a: Mamoswine|21/100|[from] item: Life Orb
|move|p1a: Froslass|Blizzard|p2a: Mamoswine|[spread] p2a,p2b
|-supereffective|p2b: Whimsicott|1
|-damage|p2a: Mamoswine|0 fnt
|-damage|p2b: Whimsicott|0 fnt
|faint|p2a: Mamoswine
|faint|p2b: Whimsicott
|
|-weather|Snowscape|[upkeep]
|upkeep
|
|t:|1783467093
|switch|p2b: Annihilape|Annihilape, L50, M|100/100
|switch|p1b: Ceruledge|Ceruledge, L50, F|100/100
|switch|p2a: Charizard|Charizard, L50, F|100/100
|turn|4
|
|t:|1783467129
|detailschange|p2a: Charizard|Charizard-Mega-Y, L50, F
|-mega|p2a: Charizard|Charizard|Charizardite Y
|-weather|SunnyDay|[from] ability: Drought|[of] p2a: Charizard
|move|p1a: Froslass|Protect|p1a: Froslass
|-singleturn|p1a: Froslass|Protect
|move|p2a: Charizard|Weather Ball|p1a: Froslass
|-activate|p1a: Froslass|move: Protect
|move|p2b: Annihilape|Bulk Up|p2b: Annihilape
|-boost|p2b: Annihilape|atk|1
|-boost|p2b: Annihilape|def|1
|move|p1b: Ceruledge|Bulk Up|p1b: Ceruledge
|-boost|p1b: Ceruledge|atk|1
|-boost|p1b: Ceruledge|def|1
|
|-weather|SunnyDay|[upkeep]
|upkeep
|turn|5
|
|t:|1783467154
|switch|p1a: Incineroar|Incineroar, L50, M|100/100
|-ability|p1a: Incineroar|Intimidate|boost
|-unboost|p2a: Charizard|atk|1
|-unboost|p2b: Annihilape|atk|1
|-ability|p2b: Annihilape|Defiant|boost
|-boost|p2b: Annihilape|atk|2
|move|p2a: Charizard|Weather Ball|p1a: Incineroar
|-resisted|p1a: Incineroar|1
|-crit|p1a: Incineroar
|-damage|p1a: Incineroar|50/100g
|move|p2b: Annihilape|Rage Fist|p1b: Ceruledge
|-supereffective|p1b: Ceruledge|1
|-damage|p1b: Ceruledge|25/100
|move|p1b: Ceruledge|Bulk Up|p1b: Ceruledge
|-boost|p1b: Ceruledge|atk|1
|-boost|p1b: Ceruledge|def|1
|
|-weather|SunnyDay|[upkeep]
|upkeep
|turn|6
|
|t:|1783467183
|move|p1b: Ceruledge|Protect|p1b: Ceruledge
|-singleturn|p1b: Ceruledge|Protect
|move|p2a: Charizard|Heat Wave|p1b: Ceruledge|[spread] p1a
|-activate|p1b: Ceruledge|move: Protect
|-resisted|p1a: Incineroar|1
|-damage|p1a: Incineroar|26/100
|-enditem|p1a: Incineroar|Sitrus Berry|[eat]
|-heal|p1a: Incineroar|51/100|[from] item: Sitrus Berry
|move|p2b: Annihilape|Rage Fist|p1b: Ceruledge
|-activate|p1b: Ceruledge|move: Protect
|move|p1a: Incineroar|Parting Shot|p2b: Annihilape
|-unboost|p2b: Annihilape|atk|1
|-ability|p2b: Annihilape|Defiant|boost
|-boost|p2b: Annihilape|atk|2
|-unboost|p2b: Annihilape|spa|1
|-ability|p2b: Annihilape|Defiant|boost
|-boost|p2b: Annihilape|atk|2
|
|t:|1783467187
|switch|p1a: Froslass|Froslass-Mega, L50, F|100/100|[from] Parting Shot
|-weather|Snowscape|[from] ability: Snow Warning|[of] p1a: Froslass
|
|-weather|Snowscape|[upkeep]
|-sideend|p2: Gamerbmac89|move: Tailwind
|upkeep
|turn|7
|
|t:|1783467202
|move|p2b: Annihilape|Protect|p2b: Annihilape
|-singleturn|p2b: Annihilape|Protect
|move|p1b: Ceruledge|Shadow Sneak|p2b: Annihilape
|-activate|p2b: Annihilape|move: Protect
|move|p1a: Froslass|Shadow Ball|p2b: Annihilape
|-activate|p2b: Annihilape|move: Protect
|move|p2a: Charizard|Heat Wave|p1a: Froslass|[spread] p1a
|-start|p1b: Ceruledge|ability: Flash Fire
|-supereffective|p1a: Froslass|1
|-damage|p1a: Froslass|4/100
|
|-weather|Snowscape|[upkeep]
|upkeep
|turn|8
|
|t:|1783467230
|move|p2b: Annihilape|Protect||[still]
|-fail|p2b: Annihilape
|move|p1b: Ceruledge|Shadow Sneak|p2b: Annihilape
|-supereffective|p2b: Annihilape|1
|-damage|p2b: Annihilape|44/100
|move|p1a: Froslass|Shadow Ball|p2b: Annihilape
|-supereffective|p2b: Annihilape|1
|-damage|p2b: Annihilape|0 fnt
|faint|p2b: Annihilape
|move|p2a: Charizard|Weather Ball|p1b: Ceruledge
|-resisted|p1b: Ceruledge|1
|-damage|p1b: Ceruledge|6/100
|
|-weather|Snowscape|[upkeep]
|upkeep
|turn|9
|c|ŌśåAbefisker|gg
|c|ŌśåAbefisker|holy shit
|c|ŌśåGamerbmac89|gg
|
|t:|1783467243
|move|p1a: Froslass|Aurora Veil|p1a: Froslass
|-sidestart|p1: Abefisker|move: Aurora Veil
|move|p2a: Charizard|Heat Wave|p1b: Ceruledge|[spread] p1a
|-immune|p1b: Ceruledge|[from] ability: Flash Fire
|-supereffective|p1a: Froslass|1
|-damage|p1a: Froslass|0 fnt
|faint|p1a: Froslass
|move|p1b: Ceruledge|Bitter Blade|p2a: Charizard
|-resisted|p2a: Charizard|1
|-damage|p2a: Charizard|1/100
|-heal|p1b: Ceruledge|49/100|[from] drain|[of] p2a: Charizard
|
|-weather|Snowscape|[upkeep]
|upkeep
|c|ŌśåAbefisker|that was tough
|
|t:|1783467252
|switch|p1a: Incineroar|Incineroar, L50, M|51/100
|-ability|p1a: Incineroar|Intimidate|boost
|-unboost|p2a: Charizard|atk|1
|turn|10
|
|t:|1783467255
|move|p2a: Charizard|Protect|p2a: Charizard
|-singleturn|p2a: Charizard|Protect
|move|p1b: Ceruledge|Shadow Sneak|p2a: Charizard
|-activate|p2a: Charizard|move: Protect
|move|p1a: Incineroar|Darkest Lariat|p2a: Charizard
|-activate|p2a: Charizard|move: Protect
|
|-weather|none
|upkeep
|turn|11
|
|t:|1783467259
|move|p1b: Ceruledge|Shadow Sneak|p2a: Charizard
|-damage|p2a: Charizard|0 fnt
|faint|p2a: Charizard
|
|win|Abefisker
|raw|Abefisker's rating: 1126 → 1147(+21 for winning)
|raw|Gamerbmac89's rating: 1070 → 1053(-17 for losing)
|c|ŌśåGamerbmac89|ggs
|l|ŌśåAbefisker
|player|p1|
|c|ŌśåGamerbmac89|yeah, super well played
