|j|☆Shishio_Ax
|j|☆pikatrod
|html|Shishio_Axpikatrod    
|uhtml|bestof|Game 3 of a best-of-3
|t:|1756744018
|gametype|doubles
|player|p1|Shishio_Ax|gambler|1292
|player|p2|pikatrod|170|1408
|gen|9
|tier|[Gen 9] VGC 2025 Reg H (Bo3)
|rated|
|rule|Species Clause: Limit one of each Pokémon
|rule|Item Clause: Limit 1 of each item
|clearpoke
|poke|p1|Volcarona, L50, M|
|poke|p1|Ninetales-Alola, L50, F|
|poke|p1|Sneasler, L50, F|
|poke|p1|Dragonite, L50, M|
|poke|p1|Electabuzz, L50, F|
|poke|p1|Rillaboom, L50, M|
|poke|p2|Kingambit, L50, M|
|poke|p2|Primarina, L50, F|
|poke|p2|Sneasler, L50, M|
|poke|p2|Magmar, L50, F|
|poke|p2|Rillaboom, L50, F|
|poke|p2|Dragapult, L50, F|
|teampreview|4
|showteam|p1|Volcarona||CovertCloak|FlameBody|HeatWave,TeraBlast,QuiverDance,Protect|||M|||50|,,,,,Fairy]Ninetales-Alola||LifeOrb|SnowWarning|Blizzard,Moonblast,Encore,Protect|||F|||50|,,,,,Poison]Sneasler||FocusSash|Unburden|DireClaw,CloseCombat,ThroatChop,Protect|||F|||50|,,,,,Dark]Dragonite||LoadedDice|Multiscale|ScaleShot,StompingTantrum,Haze,Protect|||M|||50|,,,,,Ground]Electabuzz||Eviolite|VitalSpirit|Thunderbolt,FollowMe,Taunt,Protect|||F|||50|,,,,,Ghost]Rillaboom||AssaultVest|GrassySurge|WoodHammer,GrassyGlide,FakeOut,Uturn|||M|||50|,,,,,Fire
|showteam|p2|Kingambit||BlackGlasses|Defiant|KowtowCleave,SuckerPunch,SwordsDance,Protect|||M|||50|,,,,,Dark]Primarina||SitrusBerry|LiquidVoice|HyperVoice,Moonblast,Haze,Protect|||F|||50|,,,,,Water]Sneasler||FocusSash|Unburden|CloseCombat,DireClaw,FakeOut,Protect|||M|||50|,,,,,Stellar]Magmar||Eviolite|VitalSpirit|Overheat,WillOWisp,FollowMe,Protect|||F|||50|,,,,,Ghost]Rillaboom||AssaultVest|GrassySurge|WoodHammer,GrassyGlide,HighHorsepower,FakeOut|||F|||50|,,,,,Fire]Dragapult||ChoiceBand|ClearBody|DragonDarts,PhantomForce,Outrage,Uturn|||F|||50|,,,,,Dragon
|
|t:|1756744056
|teamsize|p1|4
|teamsize|p2|4
|start
|switch|p1a: Ventus|Dragonite, L50, M|100/100
|switch|p1b: Sylva|Rillaboom, L50, M|100/100
|switch|p2a: Primarina|Primarina, L50, F|100/100
|switch|p2b: Rillaboom|Rillaboom, L50, F|100/100
|-fieldstart|move: Grassy Terrain|[from] ability: Grassy Surge|[of] p2b: Rillaboom
|turn|1
|inactive|Battle timer is ON: inactive players will automatically lose when time's up. (requested by Shishio_Ax)
|
|t:|1756744079
|switch|p2a: Dragapult|Dragapult, L50, F|100/100
|move|p1a: Ventus|Protect|p1a: Ventus
|-singleturn|p1a: Ventus|Protect
|move|p2b: Rillaboom|Fake Out|p1a: Ventus
|-activate|p1a: Ventus|move: Protect
|move|p1b: Sylva|Fake Out|p2a: Dragapult
|-immune|p2a: Dragapult
|
|upkeep
|turn|2
|inactive|Shishio_Ax has 30 seconds left.
|inactive|Shishio_Ax has 20 seconds left.
|inactive|Shishio_Ax has 15 seconds left.
|
|t:|1756744123
|-terastallize|p1a: Ventus|Ground
|move|p2a: Dragapult|U-turn|p1b: Sylva
|-supereffective|p1b: Sylva
|-damage|p1b: Sylva|23/100
|
|t:|1756744126
|switch|p2a: Primarina|Primarina, L50, F|100/100|[from] U-turn
|move|p1a: Ventus|Scale Shot|p2a: Primarina
|-immune|p2a: Primarina
|move|p2b: Rillaboom|Wood Hammer|p1a: Ventus
|-supereffective|p1a: Ventus
|-damage|p1a: Ventus|2/100
|-damage|p2b: Rillaboom|74/100|[from] Recoil
|move|p1b: Sylva|U-turn|p2b: Rillaboom
|-supereffective|p2b: Rillaboom
|-damage|p2b: Rillaboom|23/100
|
|t:|1756744137
|switch|p1b: D'oro|Sneasler, L50, F|100/100|[from] U-turn
|
|-heal|p1a: Ventus|8/100|[from] Grassy Terrain
|-heal|p2b: Rillaboom|29/100|[from] Grassy Terrain
|upkeep
|turn|3
|inactive|pikatrod has 30 seconds left.
|
|t:|1756744173
|-terastallize|p2a: Primarina|Water
|move|p2b: Rillaboom|Grassy Glide|p1a: Ventus
|-supereffective|p1a: Ventus
|-damage|p1a: Ventus|0 fnt
|faint|p1a: Ventus
|move|p1b: D'oro|Dire Claw|p2a: Primarina
|-damage|p2a: Primarina|54/100
|-status|p2a: Primarina|psn
|move|p2a: Primarina|Hyper Voice|p1b: D'oro
|-damage|p1b: D'oro|26/100
|
|-heal|p1b: D'oro|31/100|[from] Grassy Terrain
|-heal|p2b: Rillaboom|34/100|[from] Grassy Terrain
|-heal|p2a: Primarina|60/100 psn|[from] Grassy Terrain
|-damage|p2a: Primarina|48/100 psn|[from] psn
|upkeep
|-enditem|p2a: Primarina|Sitrus Berry|[eat]
|-heal|p2a: Primarina|73/100 psn|[from] item: Sitrus Berry
|
|t:|1756744187
|switch|p1a: Sylva|Rillaboom, L50, M|23/100
|turn|4
|
|t:|1756744209
|switch|p1b: Dante|Volcarona, L50, M|100/100
|switch|p2b: Dragapult|Dragapult, L50, F|100/100
|move|p2a: Primarina|Protect|p2a: Primarina
|-singleturn|p2a: Primarina|Protect
|move|p1a: Sylva|Fake Out|p2b: Dragapult
|-immune|p2b: Dragapult
|
|-heal|p1a: Sylva|29/100|[from] Grassy Terrain
|-heal|p2a: Primarina|79/100 psn|[from] Grassy Terrain
|-damage|p2a: Primarina|66/100 psn|[from] psn
|upkeep
|turn|5
|
|t:|1756744223
|move|p1a: Sylva|Grassy Glide|p2a: Primarina
|-supereffective|p2a: Primarina
|-damage|p2a: Primarina|0 fnt
|faint|p2a: Primarina
|move|p2b: Dragapult|Dragon Darts|p1a: Sylva
|-damage|p1a: Sylva|0 fnt
|-anim|p2b: Dragapult|Dragon Darts|p1b: Dante
|-damage|p1b: Dante|52/100
|faint|p1a: Sylva
|move|p1b: Dante|Quiver Dance|p1b: Dante
|-boost|p1b: Dante|spa|1
|-boost|p1b: Dante|spd|1
|-boost|p1b: Dante|spe|1
|
|-heal|p1b: Dante|58/100|[from] Grassy Terrain
|-fieldend|move: Grassy Terrain
|upkeep
|
|t:|1756744231
|switch|p1a: D'oro|Sneasler, L50, F|31/100
|switch|p2a: Sneasler|Sneasler, L50, M|100/100
|turn|6
|
|t:|1756744242
|move|p1b: Dante|Protect|p1b: Dante
|-singleturn|p1b: Dante|Protect
|move|p1a: D'oro|Protect|p1a: D'oro
|-singleturn|p1a: D'oro|Protect
|move|p2b: Dragapult|Dragon Darts|p1a: D'oro
|-activate|p1b: Dante|move: Protect
|move|p2a: Sneasler|Dire Claw|p1b: Dante
|-activate|p1b: Dante|move: Protect
|
|upkeep
|turn|7
|
|t:|1756744249
|move|p1b: Dante|Heat Wave|p2b: Dragapult|[spread] p2a,p2b
|-resisted|p2b: Dragapult
|-damage|p2a: Sneasler|33/100
|-damage|p2b: Dragapult|68/100
|-status|p2b: Dragapult|brn
|move|p2b: Dragapult|Dragon Darts|p1a: D'oro
|-damage|p1a: D'oro|0 fnt
|-anim|p2b: Dragapult|Dragon Darts|p1b: Dante
|-damage|p1b: Dante|31/100
|faint|p1a: D'oro
|move|p2a: Sneasler|Dire Claw|p1b: Dante
|-damage|p1b: Dante|0 fnt
|faint|p1b: Dante
|
|win|pikatrod
|raw|Shishio_Ax's rating: 1292 → 1275(-17 for losing)
|raw|pikatrod's rating: 1408 → 1422(+14 for winning)
|c|☆pikatrod|gg
|l|☆Shishio_Ax
|player|p1|
