|j|☆Ah nick 12
|j|☆jeanryupr
|html|Ah nick 12jeanryupr    
|uhtml|bestof|Game 1 of a best-of-3
|t:|1785765301
|gametype|doubles
|player|p1|Ah nick 12|cynthia-gen4|1179
|player|p2|jeanryupr|170|1207
|gen|9
|tier|[Gen 9 Champions] VGC 2026 Reg M-B (Bo3)
|rated|
|rule|Species Clause: Limit one of each Pokémon
|rule|Item Clause: Limit 1 of each item
|clearpoke
|poke|p1|Raichu, L50, M|
|poke|p1|Farigiraf, L50, M, shiny|
|poke|p1|Arcanine-Hisui, L50, F|
|poke|p1|Kingambit, L50, M|
|poke|p1|Sylveon, L50, M|
|poke|p1|Staraptor, L50, F|
|poke|p2|Raichu, L50, M|
|poke|p2|Aerodactyl, L50, M|
|poke|p2|Floette-Eternal, L50, F|
|poke|p2|Basculegion, L50, M|
|poke|p2|Farigiraf, L50, F|
|poke|p2|Garchomp, L50, M|
|teampreview|4
|showteam|p1|Raichu||RaichuniteY|LightningRod|FakeOut,ZapCannon,FocusBlast,Protect|Timid||M|||50|]Farigiraf||SitrusBerry|ArmorTail|Psychic,TrickRoom,HelpingHand,Protect|Bold||M|||50|]Arcanine-Hisui||FocusSash|RockHead|Protect,ExtremeSpeed,HeadSmash,FlareBlitz|Jolly||F|||50|]Kingambit||LifeOrb|Defiant|Protect,KowtowCleave,SwordsDance,SuckerPunch|Adamant||M|||50|]Sylveon||FairyFeather|Pixilate|HyperVoice,HyperBeam,QuickAttack,Protect|Modest||M|||50|]Staraptor||Staraptite|Intimidate|CloseCombat,BraveBird,Tailwind,Protect|Jolly||F|||50|
|showteam|p2|Raichu||RaichuniteY|LightningRod|ZapCannon,FocusBlast,FakeOut,Protect|Timid||M|||50|]Aerodactyl||FocusSash|Unnerve|WideGuard,DualWingbeat,RockSlide,Tailwind|Jolly||M|||50|]Floette-Eternal||Floettite|FlowerVeil|CalmMind,DazzlingGleam,DrainingKiss,Protect|Timid||F|||50|]Basculegion||MysticWater|Adaptability|WaveCrash,LastRespects,AquaJet,Protect|Adamant||M|||50|]Farigiraf||SitrusBerry|ArmorTail|TrickRoom,HelpingHand,Thunderbolt,Psychic|Bold||F|||50|]Garchomp||LifeOrb|RoughSkin|Protect,DragonClaw,StompingTantrum,RockSlide|Jolly||M|||50|
|inactive|Battle timer is ON: inactive players will automatically lose when time's up. (requested by Ah nick 12)
|
|t:|1785765326
|teamsize|p1|4
|teamsize|p2|4
|start
|switch|p1a: Sylveon|Sylveon, L50, M|100/100
|switch|p1b: Staraptor|Staraptor, L50, F|100/100
|switch|p2a: Floette|Floette-Eternal, L50, F|100/100
|switch|p2b: Aerodactyl|Aerodactyl, L50, M|100/100
|-ability|p2b: Aerodactyl|Unnerve
|-ability|p1b: Staraptor|Intimidate|boost
|-unboost|p2a: Floette|atk|1
|-unboost|p2b: Aerodactyl|atk|1
|turn|1
|
|t:|1785765342
|move|p2b: Aerodactyl|Tailwind|p2b: Aerodactyl
|-sidestart|p2: jeanryupr|move: Tailwind
|move|p2a: Floette|Calm Mind|p2a: Floette
|-boost|p2a: Floette|spa|1
|-boost|p2a: Floette|spd|1
|move|p1b: Staraptor|Tailwind|p1b: Staraptor
|-sidestart|p1: Ah nick 12|move: Tailwind
|move|p1a: Sylveon|Hyper Voice|p2a: Floette|[spread] p2a,p2b
|-damage|p2a: Floette|67/100
|-damage|p2b: Aerodactyl|42/100
|
|upkeep
|turn|2
|
|t:|1785765360
|detailschange|p2a: Floette|Floette-Mega, L50, F
|-mega|p2a: Floette|Floette|Floettite
|-ability|p2a: Floette|Fairy Aura
|move|p1b: Staraptor|Protect|p1b: Staraptor
|-singleturn|p1b: Staraptor|Protect
|move|p2b: Aerodactyl|Wide Guard|p2b: Aerodactyl
|-singleturn|p2b: Aerodactyl|Wide Guard
|move|p2a: Floette|Dazzling Gleam|p1b: Staraptor|[spread] p1a
|-activate|p1b: Staraptor|move: Protect
|-damage|p1a: Sylveon|43/100
|move|p1a: Sylveon|Hyper Voice|p2a: Floette|[spread] 
|-activate|p2a: Floette|move: Wide Guard
|-activate|p2b: Aerodactyl|move: Wide Guard
|
|upkeep
|turn|3
|
|t:|1785765382
|move|p2b: Aerodactyl|Dual Wingbeat|p1a: Sylveon
|-damage|p1a: Sylveon|30/100
|-damage|p1a: Sylveon|18/100
|-hitcount|p1a: Sylveon|2
|move|p2a: Floette|Draining Kiss|p1b: Staraptor
|-damage|p1b: Staraptor|15/100
|-heal|p2a: Floette|100/100|[from] drain|[of] p1b: Staraptor
|move|p1b: Staraptor|Brave Bird|p2a: Floette
|-damage|p2a: Floette|32/100
|-damage|p1b: Staraptor|0 fnt|[from] Recoil
|faint|p1b: Staraptor
|move|p1a: Sylveon|Hyper Voice|p2a: Floette|[spread] p2a,p2b
|-damage|p2a: Floette|0 fnt
|-damage|p2b: Aerodactyl|0 fnt
|faint|p2a: Floette
|faint|p2b: Aerodactyl
|
|upkeep
|
|t:|1785765395
|switch|p2b: Farigiraf|Farigiraf, L50, F|100/100
|switch|p2a: Raichu|Raichu, L50, M|100/100
|switch|p1b: Raichu|Raichu, L50, M|100/100
|turn|4
|inactive|jeanryupr has 30 seconds left.
|
|t:|1785765421
|detailschange|p1b: Raichu|Raichu-Mega-Y, L50, M
|-mega|p1b: Raichu|Raichu|Raichunite Y
|move|p2a: Raichu|Fake Out|p1b: Raichu
|-damage|p1b: Raichu|88/100
|cant|p1b: Raichu|flinch
|move|p1a: Sylveon|Hyper Beam|p2a: Raichu|[miss]
|-miss|p1a: Sylveon|p2a: Raichu
|move|p2b: Farigiraf|Psychic|p1a: Sylveon
|-damage|p1a: Sylveon|0 fnt
|faint|p1a: Sylveon
|
|-sideend|p1: Ah nick 12|move: Tailwind
|-sideend|p2: jeanryupr|move: Tailwind
|upkeep
|
|t:|1785765428
|switch|p1a: Kingambit|Kingambit, L50, M|100/100
|turn|5
|
|t:|1785765441
|move|p1b: Raichu|Focus Blast|p2a: Raichu
|-damage|p2a: Raichu|48/100
|-unboost|p2a: Raichu|spd|1
|move|p2a: Raichu|Focus Blast|p1a: Kingambit
|-supereffective|p1a: Kingambit|2
|-damage|p1a: Kingambit|0 fnt
|faint|p1a: Kingambit
|move|p2b: Farigiraf|Psychic|p1b: Raichu
|-damage|p1b: Raichu|47/100
|
|upkeep
|turn|6
|
|t:|1785765455
|move|p2a: Raichu|Protect|p2a: Raichu
|-singleturn|p2a: Raichu|Protect
|move|p1b: Raichu|Focus Blast|p2a: Raichu
|-activate|p2a: Raichu|move: Protect
|move|p2b: Farigiraf|Psychic|p1b: Raichu
|-damage|p1b: Raichu|6/100
|
|upkeep
|turn|7
|
|t:|1785765467
|move|p1b: Raichu|Focus Blast|p2a: Raichu
|-damage|p2a: Raichu|0 fnt
|faint|p2a: Raichu
|move|p2b: Farigiraf|Psychic|p1b: Raichu
|-damage|p1b: Raichu|0 fnt
|faint|p1b: Raichu
|
|win|jeanryupr
||Ah nick 12 is ready for game 2.
|inactive|jeanryupr has 30 seconds to confirm battle start!
|inactive|jeanryupr has 20 seconds to confirm battle start!
|inactive|jeanryupr has 10 seconds to confirm battle start!
|uhtml|next|Next: Game 2 of 3
|j| blipbuglookingahh
