|j|☆SuperNovaKush
|j|☆TitanoPigro3
|html|SuperNovaKushTitanoPigro3    
|uhtml|bestof|Game 2 of a best-of-3
|t:|1785518041
|gametype|doubles
|player|p1|SuperNovaKush|red|
|player|p2|TitanoPigro3|red|
|gen|9
|tier|[Gen 9 Champions] VGC 2026 Reg M-B (Bo3)
|rule|Species Clause: Limit one of each Pokémon
|rule|Item Clause: Limit 1 of each item
|clearpoke
|poke|p1|Hydreigon, L50, F|
|poke|p1|Primarina, L50, M|
|poke|p1|Corviknight, L50, F|
|poke|p1|Kangaskhan, L50, F|
|poke|p1|Delphox, L50, M|
|poke|p1|Venusaur, L50, M|
|poke|p2|Ceruledge, L50, F|
|poke|p2|Kommo-o, L50, M|
|poke|p2|Milotic, L50, M|
|poke|p2|Serperior, L50, F|
|poke|p2|Wyrdeer, L50, M|
|poke|p2|Gardevoir, L50, F|
|teampreview|4
|showteam|p1|Hydreigon||ChoiceScarf|Levitate|Snarl,DarkPulse,HeatWave,DracoMeteor|Modest||F|||50|]Primarina||LifeOrb|LiquidVoice|HyperVoice,Moonblast,CalmMind,Protect|Modest||M|||50|]Corviknight||SitrusBerry|MirrorArmor|Tailwind,IronHead,BodyPress,IronDefense|Bold||F|||50|]Kangaskhan||SilkScarf|Scrappy|FakeOut,LastResort|Adamant||F|||50|]Delphox||Delphoxite|Magician|HeatWave,Psychic,NastyPlot,Protect|Timid||M|||50|]Venusaur||Venusaurite|Chlorophyll|LeafStorm,Earthquake,SludgeBomb,Protect|Modest||M|||50|
|showteam|p2|Ceruledge||Charcoal|FlashFire|BitterBlade,ShadowSneak,BulkUp,Protect|Adamant||F|||50|]Kommo-o||DragonFang|Soundproof|ClangingScales,DrainPunch,ClangorousSoul,Protect|Naive||M|||50|]Milotic||Leftovers|Competitive|MuddyWater,Hypnosis,LifeDew,Coil|Sassy||M|||50|]Serperior||SitrusBerry|Contrary|LeafStorm,LightScreen,Reflect,Glare|Timid||F|||50|]Wyrdeer||ColburBerry|Intimidate|PsyshieldBash,Gravity,Hypnosis,TrickRoom|Adamant||M|||50|]Gardevoir||Gardevoirite|Trace|HyperVoice,Psyshock,TrickRoom,Protect|Modest||F|||50|
|inactive|Battle timer is ON: inactive players will automatically lose when time's up. (requested by TitanoPigro3)
|inactive|SuperNovaKush has 60 seconds left.
|inactive|TitanoPigro3 has 60 seconds left.
|
|t:|1785518100
|teamsize|p1|4
|teamsize|p2|4
|start
|switch|p1a: Kangaskhan|Kangaskhan, L50, F|100/100
|switch|p1b: Hydreigon|Hydreigon, L50, F|100/100
|switch|p2a: Serperior|Serperior, L50, F|100/100
|switch|p2b: Ceruledge|Ceruledge, L50, F|100/100
|turn|1
|inactive|TitanoPigro3 has 30 seconds left.
|
|t:|1785518128
|switch|p2b: Milotic|Milotic, L50, M|100/100
|move|p1a: Kangaskhan|Fake Out|p2a: Serperior
|-damage|p2a: Serperior|78/100
|move|p1b: Hydreigon|Dark Pulse|p2b: Milotic
|-damage|p2b: Milotic|68/100
|cant|p2a: Serperior|flinch
|
|-heal|p2b: Milotic|74/100|[from] item: Leftovers
|upkeep
|turn|2
|
|t:|1785518150
|move|p1b: Hydreigon|Dark Pulse|p2b: Milotic
|-damage|p2b: Milotic|42/100
|move|p2a: Serperior|Leaf Storm|p1a: Kangaskhan
|-damage|p1a: Kangaskhan|64/100
|-boost|p2a: Serperior|spa|2
|move|p1a: Kangaskhan|Last Resort|p2a: Serperior
|-damage|p2a: Serperior|1/100
|-enditem|p2a: Serperior|Sitrus Berry|[eat]
|-heal|p2a: Serperior|25/100|[from] item: Sitrus Berry
|move|p2b: Milotic|Coil|p2b: Milotic
|-boost|p2b: Milotic|atk|1
|-boost|p2b: Milotic|def|1
|-boost|p2b: Milotic|accuracy|1
|
|-heal|p2b: Milotic|48/100|[from] item: Leftovers
|upkeep
|turn|3
|
|t:|1785518173
|move|p1b: Hydreigon|Dark Pulse|p2a: Serperior
|-damage|p2a: Serperior|0 fnt
|faint|p2a: Serperior
|move|p1a: Kangaskhan|Last Resort|p2b: Milotic
|-damage|p2b: Milotic|6/100
|move|p2b: Milotic|Life Dew|p2b: Milotic
|-heal|p2b: Milotic|31/100
|
|-heal|p2b: Milotic|37/100|[from] item: Leftovers
|upkeep
|
|t:|1785518185
|switch|p2a: Ceruledge|Ceruledge, L50, F|100/100
|turn|4
|
|t:|1785518193
|move|p1b: Hydreigon|Dark Pulse|p2a: Ceruledge
|-supereffective|p2a: Ceruledge|1
|-damage|p2a: Ceruledge|7/100
|move|p2a: Ceruledge|Bitter Blade|p1a: Kangaskhan
|-damage|p1a: Kangaskhan|11/100
|-heal|p2a: Ceruledge|38/100|[from] drain|[of] p1a: Kangaskhan
|move|p1a: Kangaskhan|Last Resort|p2b: Milotic
|-damage|p2b: Milotic|0 fnt
|faint|p2b: Milotic
|
|upkeep
|
|t:|1785518203
|switch|p2b: Wyrdeer|Wyrdeer, L50, M|100/100
|-ability|p2b: Wyrdeer|Intimidate|boost
|-fail|p1a: Kangaskhan|unboost|Attack|[from] ability: Scrappy|[of] p1a: Kangaskhan
|-unboost|p1b: Hydreigon|atk|1
|turn|5
|
|t:|1785518214
|move|p2a: Ceruledge|Protect|p2a: Ceruledge
|-singleturn|p2a: Ceruledge|Protect
|move|p1b: Hydreigon|Dark Pulse|p2a: Ceruledge
|-activate|p2a: Ceruledge|move: Protect
|move|p1a: Kangaskhan|Last Resort|p2b: Wyrdeer
|-damage|p2b: Wyrdeer|24/100
|move|p2b: Wyrdeer|Hypnosis|p1b: Hydreigon
|-status|p1b: Hydreigon|slp|[from] move: Hypnosis
|
|upkeep
|turn|6
|
|t:|1785518231
|cant|p1b: Hydreigon|slp
|move|p2a: Ceruledge|Bitter Blade|p1a: Kangaskhan
|-damage|p1a: Kangaskhan|0 fnt
|-heal|p2a: Ceruledge|45/100|[from] drain|[of] p1a: Kangaskhan
|faint|p1a: Kangaskhan
|move|p2b: Wyrdeer|Trick Room|p2b: Wyrdeer
|-fieldstart|move: Trick Room|[of] p2b: Wyrdeer
|
|upkeep
|
|t:|1785518239
|switch|p1a: Primarina|Primarina, L50, M|100/100
|turn|7
|
|t:|1785518256
|move|p1a: Primarina|Hyper Voice|p2a: Ceruledge|[spread] p2a,p2b
|-supereffective|p2a: Ceruledge|1
|-damage|p2a: Ceruledge|0 fnt
|-damage|p2b: Wyrdeer|0 fnt
|faint|p2a: Ceruledge
|faint|p2b: Wyrdeer
|-damage|p1a: Primarina|90/100|[from] item: Life Orb
|
|win|SuperNovaKush
|c|☆SuperNovaKush|ggs
|l|☆TitanoPigro3
|player|p2|
