|j|☆ItsgoodSteve
|j|☆DkayMM
|html|ItsgoodSteveDkayMM    
|uhtml|bestof|Game 2 of a best-of-3
|t:|1756954851
|gametype|doubles
|player|p1|ItsgoodSteve|2|1029
|player|p2|DkayMM|169|1040
|gen|9
|tier|[Gen 9] VGC 2025 Reg H (Bo3)
|rated|
|rule|Species Clause: Limit one of each Pokémon
|rule|Item Clause: Limit 1 of each item
|clearpoke
|poke|p1|Feraligatr, L50, F|
|poke|p1|Whimsicott, L50, M|
|poke|p1|Politoed, L50, F|
|poke|p1|Gothitelle, L50, F|
|poke|p1|Ursaluna, L50, F|
|poke|p1|Archaludon, L50, M|
|poke|p2|Charizard, L50, F|
|poke|p2|Torkoal, L50, M|
|poke|p2|Porygon2, L50|
|poke|p2|Incineroar, L50, F|
|poke|p2|Jumpluff, L50, F|
|poke|p2|Ursaluna, L50, F|
|teampreview|4
|showteam|p1|Feraligatr||LifeOrb|SheerForce|Liquidation,Protect,IcePunch,Crunch|||F|||50|,,,,,Bug]Whimsicott||CovertCloak|Prankster|Moonblast,Tailwind,Encore,Protect|||M|||50|,,,,,Water]Politoed||Leftovers|Drizzle|Protect,PerishSong,WeatherBall,HelpingHand|||F|||50|,,,,,Grass]Gothitelle||SitrusBerry|ShadowTag|FakeOut,TrickRoom,Protect,Psychic|||F|||50|,,,,,Dark]Ursaluna||FlameOrb|Guts|HeadlongRush,Protect,Facade,Earthquake|||F|||50|,,,,,Ghost]Archaludon||PowerHerb|Stamina|ElectroShot,BodyPress,FlashCannon,Protect|||M|||50|,,,,,Electric
|showteam|p2|Charizard||ChoiceSpecs|SolarPower|HeatWave,Overheat,WeatherBall,AirSlash|||F|||50|,,,,,Ghost]Torkoal||EjectPack|Drought|Eruption,Overheat,HelpingHand,Protect|||M|||50|,,,,,Fire]Porygon2||Eviolite|Download|TeraBlast,IceBeam,Recover,TrickRoom||||||50|,,,,,Fighting]Incineroar||SitrusBerry|Intimidate|FlareBlitz,KnockOff,FakeOut,PartingShot|||F|||50|,,,,,Ghost]Jumpluff||CovertCloak|Chlorophyll|SleepPowder,SunnyDay,RagePowder,Tailwind|||F|||50|,,,,,Water]Ursaluna||FlameOrb|Guts|HeadlongRush,Facade,Earthquake,Protect|||F|||50|,,,,,Ghost
|inactive|Battle timer is ON: inactive players will automatically lose when time's up. (requested by DkayMM)
|
|t:|1756954877
|teamsize|p1|4
|teamsize|p2|4
|start
|switch|p1a: Feraligatr|Feraligatr, L50, F, shiny|100/100
|switch|p1b: Whimsicott|Whimsicott, L50, M, shiny|100/100
|switch|p2a: Incineroar|Incineroar, L50, F|100/100
|switch|p2b: Porygon2|Porygon2, L50|100/100
|-ability|p2a: Incineroar|Intimidate|boost
|-unboost|p1a: Feraligatr|atk|1
|-unboost|p1b: Whimsicott|atk|1
|-ability|p2b: Porygon2|Download|boost
|-boost|p2b: Porygon2|atk|1
|turn|1
|
|t:|1756954897
|move|p1b: Whimsicott|Protect|p1b: Whimsicott
|-singleturn|p1b: Whimsicott|Protect
|move|p1a: Feraligatr|Protect|p1a: Feraligatr
|-singleturn|p1a: Feraligatr|Protect
|move|p2a: Incineroar|Fake Out|p1a: Feraligatr
|-activate|p1a: Feraligatr|move: Protect
|move|p2b: Porygon2|Ice Beam|p1b: Whimsicott
|-activate|p1b: Whimsicott|move: Protect
|
|upkeep
|turn|2
|inactive|DkayMM has 30 seconds left.
|inactive|DkayMM has 20 seconds left.
|inactive|DkayMM has 15 seconds left.
|inactive|DkayMM has 10 seconds left.
|
|t:|1756954945
|switch|p1b: Politoed|Politoed, L50, F, shiny|100/100
|-weather|RainDance|[from] ability: Drizzle|[of] p1b: Politoed
|move|p2a: Incineroar|Flare Blitz|p1b: Politoed
|-resisted|p1b: Politoed
|-damage|p1b: Politoed|86/100
|-damage|p2a: Incineroar|96/100|[from] Recoil
|move|p1a: Feraligatr|Liquidation|p2a: Incineroar
|-supereffective|p2a: Incineroar
|-damage|p2a: Incineroar|0 fnt
|faint|p2a: Incineroar
|move|p2b: Porygon2|Trick Room|p2b: Porygon2
|-fieldstart|move: Trick Room|[of] p2b: Porygon2
|
|-weather|RainDance|[upkeep]
|-heal|p1b: Politoed|92/100|[from] item: Leftovers
|upkeep
|
|t:|1756954958
|switch|p2a: Ursaluna|Ursaluna, L50, F|100/100
|turn|3
|
|t:|1756954974
|switch|p2b: Jumpluff|Jumpluff, L50, F|100/100
|switch|p1a: Ursaluna|Ursaluna, L50, F, shiny|100/100
|move|p2a: Ursaluna|Protect|p2a: Ursaluna
|-singleturn|p2a: Ursaluna|Protect
|move|p1b: Politoed|Perish Song|p1b: Politoed
|-start|p1a: Ursaluna|perish3|[silent]
|-start|p1b: Politoed|perish3|[silent]
|-start|p2a: Ursaluna|perish3|[silent]
|-start|p2b: Jumpluff|perish3|[silent]
|-fieldactivate|move: Perish Song
|
|-weather|RainDance|[upkeep]
|-heal|p1b: Politoed|98/100|[from] item: Leftovers
|-start|p1a: Ursaluna|perish3
|-start|p2a: Ursaluna|perish3
|-start|p1b: Politoed|perish3
|-start|p2b: Jumpluff|perish3
|-status|p1a: Ursaluna|brn|[from] item: Flame Orb
|-status|p2a: Ursaluna|brn|[from] item: Flame Orb
|upkeep
|turn|4
|inactive|DkayMM has 30 seconds left.
|
|t:|1756955009
|switch|p1b: Whimsicott|Whimsicott, L50, M, shiny|100/100
|switch|p2b: Porygon2|Porygon2, L50|100/100
|-ability|p2b: Porygon2|Download|boost
|-boost|p2b: Porygon2|atk|1
|-terastallize|p1a: Ursaluna|Ghost
|-terastallize|p2a: Ursaluna|Ghost
|move|p1a: Ursaluna|Facade|p2b: Porygon2
|-damage|p2b: Porygon2|16/100
|move|p2a: Ursaluna|Earthquake|p1a: Ursaluna|[spread] p2b,p1a,p1b
|-resisted|p1b: Whimsicott
|-damage|p2b: Porygon2|0 fnt
|-damage|p1a: Ursaluna|51/100 brn
|-damage|p1b: Whimsicott|59/100
|faint|p2b: Porygon2
|
|-weather|RainDance|[upkeep]
|-damage|p1a: Ursaluna|45/100 brn|[from] brn
|-damage|p2a: Ursaluna|95/100 brn|[from] brn
|-start|p1a: Ursaluna|perish2
|-start|p2a: Ursaluna|perish2
|upkeep
|
|t:|1756955029
|switch|p2b: Jumpluff|Jumpluff, L50, F|100/100
|turn|5
|
|t:|1756955043
|move|p1b: Whimsicott|Protect|p1b: Whimsicott
|-singleturn|p1b: Whimsicott|Protect
|move|p2b: Jumpluff|Rage Powder|p2b: Jumpluff
|-singleturn|p2b: Jumpluff|move: Rage Powder
|move|p1a: Ursaluna|Facade|p2b: Jumpluff
|-damage|p2b: Jumpluff|0 fnt
|faint|p2b: Jumpluff
|move|p2a: Ursaluna|Earthquake|p1b: Whimsicott|[spread] p1a
|-activate|p1b: Whimsicott|move: Protect
|-damage|p1a: Ursaluna|0 fnt
|faint|p1a: Ursaluna
|
|-weather|RainDance|[upkeep]
|-damage|p2a: Ursaluna|89/100 brn|[from] brn
|-start|p2a: Ursaluna|perish1
|upkeep
|
|t:|1756955057
|switch|p1a: Politoed|Politoed, L50, F, shiny|98/100
|turn|6
|-message|DkayMM forfeited.
|
|win|ItsgoodSteve
|l|☆ItsgoodSteve
|player|p1|
