|j|☆A_TerroneVGC
|j|☆ShrekBK
|html|A_TerroneVGCShrekBK    
|uhtml|bestof|Game 2 of a best-of-3
|t:|1755124305
|gametype|doubles
|player|p1|A_TerroneVGC|102|1314
|player|p2|ShrekBK|lucas|1359
|gen|9
|tier|[Gen 9] VGC 2025 Reg H (Bo3)
|rated|
|rule|Species Clause: Limit one of each Pokémon
|rule|Item Clause: Limit 1 of each item
|clearpoke
|poke|p1|Basculegion, L50, M|
|poke|p1|Archaludon, L50, M|
|poke|p1|Kingambit, L50, M|
|poke|p1|Rillaboom, L50, M|
|poke|p1|Pelipper, L50, M|
|poke|p1|Electabuzz, L50, M|
|poke|p2|Tauros-Paldea-Aqua, L50, M|
|poke|p2|Archaludon, L50, F|
|poke|p2|Murkrow, L50, F|
|poke|p2|Gholdengo, L50|
|poke|p2|Annihilape, L50, F|
|poke|p2|Garchomp, L50, M|
|teampreview|4
|showteam|p1|Basculegion||ChoiceBand|SwiftSwim|WaveCrash,LastRespects,FlipTurn,AquaJet|||M|||50|,,,,,Grass]Archaludon||AssaultVest|Stamina|FlashCannon,DracoMeteor,ElectroShot,BodyPress|||M|||50|,,,,,Fairy]Kingambit||BlackGlasses|Defiant|KowtowCleave,SuckerPunch,SwordsDance,Protect|||M|||50|,,,,,Dark]Rillaboom||LoadedDice|GrassySurge|BulletSeed,GrassyGlide,HighHorsepower,FakeOut|||M|||50|,,,,,Fire]Pelipper||FocusSash|Drizzle|WeatherBall,Hurricane,Tailwind,Protect|||M|||50|,,,,,Ghost]Electabuzz||Eviolite|VitalSpirit|Electroweb,Taunt,FollowMe,Protect|||M|||50|,,,,,Ghost
|showteam|p2|Tauros-Paldea-Aqua||FocusSash|Intimidate|AquaJet,CloseCombat,RagingBull,Protect|||M|||50|,,,,,Stellar]Archaludon||AssaultVest|Stamina|BodyPress,DracoMeteor,ElectroShot,FlashCannon|||F|||50|,,,,,Grass]Murkrow||Eviolite|Prankster|FoulPlay,Tailwind,Haze,RainDance|||F|||50|,,,,,Ghost]Gholdengo||ChoiceSpecs|GoodasGold|MakeItRain,Thunderbolt,ShadowBall,PowerGem||||||50|,,,,,Water]Annihilape||SafetyGoggles|Defiant|RageFist,CloseCombat,Protect,Taunt|||F|||50|,,,,,Fire]Garchomp||LifeOrb|RoughSkin|Earthquake,DragonClaw,StompingTantrum,Protect|||M|||50|,,,,,Ground
|
|t:|1755124331
|teamsize|p1|4
|teamsize|p2|4
|start
|switch|p1a: Rillaboom|Rillaboom, L50, M|100/100
|switch|p1b: Archaludon|Archaludon, L50, M|100/100
|switch|p2a: Murkrow|Murkrow, L50, F|100/100
|switch|p2b: Garchomp|Garchomp, L50, M|100/100
|-fieldstart|move: Grassy Terrain|[from] ability: Grassy Surge|[of] p1a: Rillaboom
|turn|1
|
|t:|1755124347
|-terastallize|p1b: Archaludon|Fairy
|move|p2b: Garchomp|Dragon Claw|p1a: Rillaboom
|-damage|p1a: Rillaboom|38/100
|-damage|p2b: Garchomp|91/100|[from] item: Life Orb
|move|p1a: Rillaboom|Bullet Seed|p1b: Archaludon
|-damage|p1b: Archaludon|88/100
|-ability|p1b: Archaludon|Stamina|boost
|-boost|p1b: Archaludon|def|1
|-damage|p1b: Archaludon|80/100
|-ability|p1b: Archaludon|Stamina|boost
|-boost|p1b: Archaludon|def|1
|-damage|p1b: Archaludon|74/100
|-ability|p1b: Archaludon|Stamina|boost
|-boost|p1b: Archaludon|def|1
|-damage|p1b: Archaludon|69/100
|-ability|p1b: Archaludon|Stamina|boost
|-boost|p1b: Archaludon|def|1
|-hitcount|p1b: Archaludon|4
|move|p1b: Archaludon|Body Press|p2b: Garchomp
|-damage|p2b: Garchomp|18/100
|-damage|p1b: Archaludon|56/100|[from] ability: Rough Skin|[of] p2b: Garchomp
|move|p2a: Murkrow|Foul Play|p1a: Rillaboom
|-damage|p1a: Rillaboom|0 fnt
|faint|p1a: Rillaboom
|
|-heal|p2b: Garchomp|24/100|[from] Grassy Terrain
|-heal|p1b: Archaludon|63/100|[from] Grassy Terrain
|upkeep
|
|t:|1755124368
|switch|p1a: Pelipper|Pelipper, L50, M|100/100
|-weather|RainDance|[from] ability: Drizzle|[of] p1a: Pelipper
|turn|2
|
|t:|1755124381
|move|p2a: Murkrow|Tailwind|p2a: Murkrow
|-sidestart|p2: ShrekBK|move: Tailwind
|move|p2b: Garchomp|Dragon Claw|p1a: Pelipper
|-damage|p1a: Pelipper|22/100
|-damage|p2b: Garchomp|14/100|[from] item: Life Orb
|move|p1b: Archaludon|Electro Shot||[still]
|-prepare|p1b: Archaludon|Electro Shot
|-boost|p1b: Archaludon|spa|1
|-anim|p1b: Archaludon|Electro Shot|p2a: Murkrow
|-supereffective|p2a: Murkrow
|-damage|p2a: Murkrow|0 fnt
|faint|p2a: Murkrow
|move|p1a: Pelipper|Tailwind|p1a: Pelipper
|-sidestart|p1: A_TerroneVGC|move: Tailwind
|
|-weather|RainDance|[upkeep]
|-heal|p2b: Garchomp|20/100|[from] Grassy Terrain
|-heal|p1b: Archaludon|69/100|[from] Grassy Terrain
|upkeep
|
|t:|1755124388
|switch|p2a: Archaludon|Archaludon, L50, F|100/100
|turn|3
|
|t:|1755124416
|-terastallize|p2b: Garchomp|Ground
|move|p1a: Pelipper|Protect|p1a: Pelipper
|-singleturn|p1a: Pelipper|Protect
|move|p2b: Garchomp|Stomping Tantrum|p1b: Archaludon
|-damage|p1b: Archaludon|51/100
|-ability|p1b: Archaludon|Stamina|boost
|-boost|p1b: Archaludon|def|1
|-damage|p2b: Garchomp|10/100|[from] item: Life Orb
|move|p2a: Archaludon|Flash Cannon|p1b: Archaludon
|-supereffective|p1b: Archaludon
|-damage|p1b: Archaludon|4/100
|-ability|p1b: Archaludon|Stamina|boost
|-boost|p1b: Archaludon|def|1
|move|p1b: Archaludon|Body Press|p2a: Archaludon
|-supereffective|p2a: Archaludon
|-damage|p2a: Archaludon|0 fnt
|faint|p2a: Archaludon
|
|-weather|RainDance|[upkeep]
|-heal|p2b: Garchomp|16/100|[from] Grassy Terrain
|-heal|p1b: Archaludon|10/100|[from] Grassy Terrain
|upkeep
|
|t:|1755124427
|switch|p2a: Tauros|Tauros-Paldea-Aqua, L50, M|100/100
|-ability|p2a: Tauros|Intimidate|boost
|-unboost|p1a: Pelipper|atk|1
|-unboost|p1b: Archaludon|atk|1
|turn|4
|
|t:|1755124452
|move|p2a: Tauros|Raging Bull|p1a: Pelipper
|-resisted|p1a: Pelipper
|-damage|p1a: Pelipper|0 fnt
|faint|p1a: Pelipper
|move|p2b: Garchomp|Stomping Tantrum|p1b: Archaludon
|-damage|p1b: Archaludon|0 fnt
|faint|p1b: Archaludon
|-damage|p2b: Garchomp|6/100|[from] item: Life Orb
|
|-weather|RainDance|[upkeep]
|-heal|p2b: Garchomp|12/100|[from] Grassy Terrain
|upkeep
|
|t:|1755124461
|switch|p1a: Basculegion|Basculegion, L50, M|100/100
|turn|5
|
|t:|1755124473
|move|p2b: Garchomp|Protect|p2b: Garchomp
|-singleturn|p2b: Garchomp|Protect
|move|p1a: Basculegion|Last Respects|p2b: Garchomp
|-activate|p2b: Garchomp|move: Protect
|move|p2a: Tauros|Raging Bull|p1a: Basculegion
|-resisted|p1a: Basculegion
|-crit|p1a: Basculegion
|-damage|p1a: Basculegion|41/100
|
|-weather|RainDance|[upkeep]
|-heal|p1a: Basculegion|47/100|[from] Grassy Terrain
|-heal|p2b: Garchomp|18/100|[from] Grassy Terrain
|-sideend|p2: ShrekBK|move: Tailwind
|-sideend|p1: A_TerroneVGC|move: Tailwind
|-fieldend|move: Grassy Terrain
|upkeep
|turn|6
|
|t:|1755124487
|move|p1a: Basculegion|Last Respects|p2b: Garchomp
|-damage|p2b: Garchomp|0 fnt
|faint|p2b: Garchomp
|move|p2a: Tauros|Raging Bull|p1a: Basculegion
|-resisted|p1a: Basculegion
|-damage|p1a: Basculegion|9/100
|
|-weather|none
|upkeep
|turn|7
|
|t:|1755124493
|move|p2a: Tauros|Raging Bull|p1a: Basculegion
|-resisted|p1a: Basculegion
|-damage|p1a: Basculegion|0 fnt
|faint|p1a: Basculegion
|
|win|ShrekBK
|raw|A_TerroneVGC's rating: 1314 → 1297(-17 for losing)
|raw|ShrekBK's rating: 1359 → 1376(+17 for winning)
|l|☆ShrekBK
|player|p2|
