|j|☆AAVR
|j|☆Hekistito
|html|AAVRHekistito    
|uhtml|bestof|Game 3 of a best-of-3
|t:|1783030244
|gametype|doubles
|player|p1|AAVR|265|1089
|player|p2|Hekistito|1|1069
|gen|9
|tier|[Gen 9 Champions] VGC 2026 Reg M-B (Bo3)
|rated|
|rule|Species Clause: Limit one of each Pokémon
|rule|Item Clause: Limit 1 of each item
|clearpoke
|poke|p1|Tyranitar, L50, F|
|poke|p1|Vivillon-Pokeball, L50, F|
|poke|p1|Mawile, L50, F|
|poke|p1|Incineroar, L50, M|
|poke|p1|Farigiraf, L50, M|
|poke|p1|Glimmora, L50, M|
|poke|p2|Metagross, L50|
|poke|p2|Venusaur, L50, M|
|poke|p2|Garchomp, L50, F|
|poke|p2|Sylveon, L50, F|
|poke|p2|Farigiraf, L50, F|
|poke|p2|Talonflame, L50, M|
|teampreview|4
|showteam|p1|Tyranitar||ChopleBerry|SandStream|Crunch,HighHorsepower,Avalanche,Protect|Adamant||F|||50|]Vivillon-Pokeball||FocusSash|CompoundEyes|SleepPowder,BugBuzz,Protect,Tailwind|Timid||F|||50|]Mawile||Mawilite|Intimidate|SuckerPunch,IronHead,PlayRough,Protect|Adamant||F|||50|]Incineroar||PasshoBerry|Intimidate|FakeOut,FlareBlitz,PartingShot,Taunt|Impish||M|||50|]Farigiraf||ColburBerry|ArmorTail|TrickRoom,TwinBeam,Protect,HyperVoice|Serious||M|||50|]Glimmora||Glimmoranite|ToxicDebris|EarthPower,EnergyBall,PowerGem,Protect|Modest||M|||50|
|showteam|p2|Metagross||Metagrossite|ClearBody|IronHead,PsychicFangs,IcePunch,Protect|Jolly|||||50|]Venusaur||Venusaurite|Overgrow|SludgeBomb,Protect,EarthPower,GigaDrain|Modest||M|||50|]Garchomp||LifeOrb|RoughSkin|DragonClaw,Earthquake,Protect,RockSlide|Jolly||F|||50|]Sylveon||FairyFeather|Pixilate|HyperVoice,QuickAttack,HyperBeam,Detect|Modest||F|||50|]Farigiraf||SitrusBerry|ArmorTail|Thunderbolt,HelpingHand,TwinBeam,TrickRoom|Bold||F|||50|]Talonflame||FocusSash|GaleWings|Tailwind,Protect,FlareBlitz,DualWingbeat|Jolly||M|||50|
|inactive|Battle timer is ON: inactive players will automatically lose when time's up. (requested by AAVR)
|
|t:|1783030288
|teamsize|p1|4
|teamsize|p2|4
|start
|switch|p1a: Vivillon|Vivillon-Pokeball, L50, F|100/100
|switch|p1b: Glimmora|Glimmora, L50, M|100/100
|switch|p2a: Talonflame|Talonflame, L50, M|100/100
|switch|p2b: Venusaur|Venusaur, L50, M|100/100
|turn|1
|
|t:|1783030312
|switch|p1a: Tyranitar|Tyranitar, L50, F|100/100
|-weather|Sandstorm|[from] ability: Sand Stream|[of] p1a: Tyranitar
|detailschange|p1b: Glimmora|Glimmora-Mega, L50, M
|-mega|p1b: Glimmora|Glimmora|Glimmoranite
|detailschange|p2b: Venusaur|Venusaur-Mega, L50, M
|-mega|p2b: Venusaur|Venusaur|Venusaurite
|move|p2a: Talonflame|Protect|p2a: Talonflame
|-singleturn|p2a: Talonflame|Protect
|move|p1b: Glimmora|Power Gem|p2a: Talonflame
|-activate|p2a: Talonflame|move: Protect
|move|p2b: Venusaur|Sludge Bomb|p1a: Tyranitar
|-resisted|p1a: Tyranitar|1
|-damage|p1a: Tyranitar|86/100
|-status|p1a: Tyranitar|psn
|
|-weather|Sandstorm|[upkeep]
|-damage|p2a: Talonflame|94/100|[from] Sandstorm
|-damage|p2b: Venusaur|94/100|[from] Sandstorm
|-damage|p1a: Tyranitar|74/100 psn|[from] psn
|upkeep
|turn|2
|inactive|AAVR has 30 seconds left.
|inactive|Hekistito has 30 seconds left.
|inactive|AAVR has 20 seconds left.
|inactive|Hekistito has 20 seconds left.
|inactive|Hekistito has 15 seconds left.
|
|t:|1783030353
|move|p2a: Talonflame|Tailwind|p2a: Talonflame
|-sidestart|p2: Hekistito|move: Tailwind
|move|p2b: Venusaur|Earth Power|p1b: Glimmora
|-supereffective|p1b: Glimmora|2
|-damage|p1b: Glimmora|14/100
|-unboost|p1b: Glimmora|spd|1
|move|p1b: Glimmora|Power Gem|p2a: Talonflame
|-supereffective|p2a: Talonflame|2
|-damage|p2a: Talonflame|0 fnt
|faint|p2a: Talonflame
|move|p1a: Tyranitar|High Horsepower|p2b: Venusaur
|-damage|p2b: Venusaur|62/100
|
|-weather|Sandstorm|[upkeep]
|-damage|p2b: Venusaur|56/100|[from] Sandstorm
|-damage|p1a: Tyranitar|62/100 psn|[from] psn
|upkeep
|
|t:|1783030371
|switch|p2a: Sylveon|Sylveon, L50, F|100/100
|turn|3
|
|t:|1783030384
|switch|p1a: Incineroar|Incineroar, L50, M|100/100
|-ability|p1a: Incineroar|Intimidate|boost
|-unboost|p2a: Sylveon|atk|1
|-unboost|p2b: Venusaur|atk|1
|move|p1b: Glimmora|Protect|p1b: Glimmora
|-singleturn|p1b: Glimmora|Protect
|move|p2b: Venusaur|Giga Drain|p1a: Incineroar
|-resisted|p1a: Incineroar|1
|-damage|p1a: Incineroar|81/100
|-heal|p2b: Venusaur|65/100|[from] drain|[of] p1a: Incineroar
|move|p2a: Sylveon|Hyper Voice|p1b: Glimmora|[spread] p1a
|-activate|p1b: Glimmora|move: Protect
|-damage|p1a: Incineroar|34/100
|
|-weather|Sandstorm|[upkeep]
|-damage|p2b: Venusaur|60/100|[from] Sandstorm
|-damage|p2a: Sylveon|93/100|[from] Sandstorm
|-damage|p1a: Incineroar|28/100|[from] Sandstorm
|upkeep
|turn|4
|
|t:|1783030408
|switch|p2b: Farigiraf|Farigiraf, L50, F|100/100
|move|p1a: Incineroar|Fake Out||[still]
|cant|p2b: Farigiraf|ability: Armor Tail|Fake Out|[of] p1a: Incineroar
|move|p2a: Sylveon|Hyper Voice|p1b: Glimmora|[spread] p1a,p1b
|-resisted|p1b: Glimmora|1
|-damage|p1a: Incineroar|0 fnt
|-damage|p1b: Glimmora|0 fnt
|faint|p1a: Incineroar
|faint|p1b: Glimmora
|
|-weather|Sandstorm|[upkeep]
|-damage|p2a: Sylveon|87/100|[from] Sandstorm
|-damage|p2b: Farigiraf|94/100|[from] Sandstorm
|upkeep
|
|t:|1783030417
|switch|p1b: Vivillon|Vivillon-Pokeball, L50, F|100/100
|switch|p1a: Tyranitar|Tyranitar, L50, F|62/100 psn
|turn|5
|
|t:|1783030433
|move|p2a: Sylveon|Hyper Voice|p1a: Tyranitar|[spread] p1a,p1b
|-supereffective|p1a: Tyranitar|1
|-crit|p1a: Tyranitar
|-damage|p1a: Tyranitar|0 fnt
|-damage|p1b: Vivillon|11/100
|faint|p1a: Tyranitar
|move|p2b: Farigiraf|Thunderbolt|p1b: Vivillon
|-supereffective|p1b: Vivillon|1
|-damage|p1b: Vivillon|0 fnt
|faint|p1b: Vivillon
|
|win|Hekistito
|raw|AAVR's rating: 1089 → 1064(-25 for losing)
|raw|Hekistito's rating: 1069 → 1100(+31 for winning)
|l|☆AAVR
|player|p1|
