|j|☆rainloverrrr
|j|☆ninjakaos
|html|rainloverrrrninjakaos    
|uhtml|bestof|Game 2 of a best-of-3
|t:|1783193272
|gametype|doubles
|player|p1|rainloverrrr|n|1109
|player|p2|ninjakaos|benga|1180
|gen|9
|tier|[Gen 9 Champions] VGC 2026 Reg M-B (Bo3)
|rated|
|rule|Species Clause: Limit one of each Pokémon
|rule|Item Clause: Limit 1 of each item
|clearpoke
|poke|p1|Tyranitar, L50, F|
|poke|p1|Gholdengo, L50|
|poke|p1|Sinistcha-Masterpiece, L50|
|poke|p1|Grimmsnarl, L50, M|
|poke|p1|Incineroar, L50, F|
|poke|p1|Aggron, L50, F|
|poke|p2|Archaludon, L50, F, shiny|
|poke|p2|Pelipper, L50, F, shiny|
|poke|p2|Swampert, L50, M, shiny|
|poke|p2|Venusaur, L50, F|
|poke|p2|Sinistcha-Masterpiece, L50, shiny|
|poke|p2|Sableye, L50, M|
|teampreview|4
|showteam|p1|Tyranitar||Tyranitarite|SandStream|DragonDance,Protect,KnockOff,RockSlide|Adamant||F|||50|]Gholdengo||LifeOrb|GoodasGold|NastyPlot,MakeItRain,Protect,ShadowBall|Modest|||||50|]Sinistcha-Masterpiece||CobaBerry|Hospitality|TrickRoom,MatchaGotcha,RagePowder,LifeDew|Calm|||||50|]Grimmsnarl||LightClay|Prankster|Reflect,LightScreen,SpiritBreak,PartingShot|Impish||M|||50|]Incineroar||SitrusBerry|Intimidate|FakeOut,PartingShot,Snarl,FlareBlitz|Impish||F|||50|]Aggron||Aggronite|Sturdy|IronDefense,BodyPress,HeavySlam,Protect|Brave||F|||50|
|showteam|p2|Archaludon||ChopleBerry|Stamina|ElectroShot,DragonPulse,FlashCannon,Protect|Modest||F|||50|]Pelipper||FocusSash|Drizzle|WideGuard,WeatherBall,Hurricane,Tailwind|Modest||F|||50|]Swampert||Swampertite|Torrent|Earthquake,WaveCrash,IcePunch,Protect|Adamant||M|||50|]Venusaur||Venusaurite|Chlorophyll|EarthPower,GigaDrain,SludgeBomb,Protect|Modest||F|||50|]Sinistcha-Masterpiece||KasibBerry|Hospitality|MatchaGotcha,TrickRoom,RagePowder,Protect|Relaxed|||||50|]Sableye||RoseliBerry|Prankster|Quash,LightScreen,Reflect,RainDance|Sassy||M|||50|
|inactive|Battle timer is ON: inactive players will automatically lose when time's up. (requested by rainloverrrr)
|inactive|rainloverrrr has 60 seconds left.
|inactive|ninjakaos has 60 seconds left.
|inactive|rainloverrrr has 30 seconds left.
|inactive|rainloverrrr has 20 seconds left.
|inactive|rainloverrrr has 15 seconds left.
|inactive|rainloverrrr has 10 seconds left.
|inactive|rainloverrrr has 5 seconds left.
|
|t:|1783193358
|teamsize|p1|4
|teamsize|p2|4
|start
|switch|p1a: Grimmsnarl|Grimmsnarl, L50, M|100/100
|switch|p1b: Gholdengo|Gholdengo, L50|100/100
|switch|p2a: Venusaur|Venusaur, L50, F|100/100
|switch|p2b: Pelipper|Pelipper, L50, F, shiny|100/100
|-weather|RainDance|[from] ability: Drizzle|[of] p2b: Pelipper
|turn|1
|inactive|rainloverrrr has 30 seconds left.
|
|t:|1783193383
|detailschange|p2a: Venusaur|Venusaur-Mega, L50, F
|-mega|p2a: Venusaur|Venusaur|Venusaurite
|move|p1a: Grimmsnarl|Light Screen|p1a: Grimmsnarl
|-sidestart|p1: rainloverrrr|move: Light Screen
|move|p1b: Gholdengo|Make It Rain|p2a: Venusaur|[spread] p2a,p2b
|-resisted|p2b: Pelipper|1
|-damage|p2a: Venusaur|45/100
|-damage|p2b: Pelipper|37/100
|-unboost|p1b: Gholdengo|spa|2
|-damage|p1b: Gholdengo|90/100|[from] item: Life Orb
|move|p2b: Pelipper|Weather Ball|p1b: Gholdengo
|-damage|p1b: Gholdengo|38/100
|move|p2a: Venusaur|Earth Power|p1b: Gholdengo
|-supereffective|p1b: Gholdengo|1
|-damage|p1b: Gholdengo|0 fnt
|faint|p1b: Gholdengo
|
|-weather|RainDance|[upkeep]
|upkeep
|
|t:|1783193393
|switch|p1b: Sinistcha|Sinistcha-Masterpiece, L50|100/100
|turn|2
|
|t:|1783193411
|move|p1a: Grimmsnarl|Parting Shot|p2a: Venusaur
|-unboost|p2a: Venusaur|atk|1
|-unboost|p2a: Venusaur|spa|1
|
|t:|1783193413
|switch|p1a: Tyranitar|Tyranitar, L50, F|100/100|[from] Parting Shot
|-weather|Sandstorm|[from] ability: Sand Stream|[of] p1a: Tyranitar
|move|p2b: Pelipper|Hurricane|p1b: Sinistcha
|-supereffective|p1b: Sinistcha|1
|-enditem|p1b: Sinistcha|Coba Berry|[eat]
|-enditem|p1b: Sinistcha|Coba Berry|[weaken]
|-damage|p1b: Sinistcha|67/100
|move|p2a: Venusaur|Sludge Bomb|p1b: Sinistcha
|-damage|p1b: Sinistcha|48/100
|move|p1b: Sinistcha|Trick Room|p1b: Sinistcha
|-fieldstart|move: Trick Room|[of] p1b: Sinistcha
|
|-weather|Sandstorm|[upkeep]
|-damage|p1b: Sinistcha|42/100|[from] Sandstorm
|-damage|p2a: Venusaur|40/100|[from] Sandstorm
|-damage|p2b: Pelipper|31/100|[from] Sandstorm
|upkeep
|turn|3
|
|t:|1783193432
|switch|p2b: Sinistcha|Sinistcha-Masterpiece, L50, shiny|100/100
|-heal|p2a: Venusaur|64/100|[from] ability: Hospitality|[of] p2b: Sinistcha
|detailschange|p1a: Tyranitar|Tyranitar-Mega, L50, F
|-mega|p1a: Tyranitar|Tyranitar|Tyranitarite
|move|p1b: Sinistcha|Matcha Gotcha|p2b: Sinistcha|[spread] p2a,p2b
|-resisted|p2a: Venusaur|2
|-resisted|p2b: Sinistcha|1
|-damage|p2a: Venusaur|60/100
|-heal|p1b: Sinistcha|44/100|[from] drain|[of] p2a: Venusaur
|-damage|p2b: Sinistcha|87/100
|-heal|p1b: Sinistcha|51/100|[from] drain|[of] p2b: Sinistcha
|move|p2a: Venusaur|Giga Drain|p1a: Tyranitar
|-supereffective|p1a: Tyranitar|1
|-damage|p1a: Tyranitar|79/100
|-heal|p2a: Venusaur|70/100|[from] drain|[of] p1a: Tyranitar
|move|p1a: Tyranitar|Rock Slide|p2a: Venusaur|[spread] p2a,p2b
|-crit|p2a: Venusaur
|-damage|p2a: Venusaur|24/100
|-damage|p2b: Sinistcha|53/100
|
|-weather|Sandstorm|[upkeep]
|-damage|p2b: Sinistcha|47/100|[from] Sandstorm
|-damage|p1b: Sinistcha|44/100|[from] Sandstorm
|-damage|p2a: Venusaur|18/100|[from] Sandstorm
|upkeep
|turn|4
|inactive|ninjakaos has 30 seconds left.
|
|t:|1783193464
|switch|p2a: Archaludon|Archaludon, L50, F, shiny|100/100
|move|p1b: Sinistcha|Rage Powder|p1b: Sinistcha
|-singleturn|p1b: Sinistcha|move: Rage Powder
|move|p1a: Tyranitar|Rock Slide|p2b: Sinistcha|[spread] p2b
|-miss|p1a: Tyranitar|p2a: Archaludon
|-damage|p2b: Sinistcha|17/100
|move|p2b: Sinistcha|Trick Room|p2b: Sinistcha
|-fieldend|move: Trick Room
|
|-weather|Sandstorm|[upkeep]
|-damage|p1b: Sinistcha|38/100|[from] Sandstorm
|-damage|p2b: Sinistcha|11/100|[from] Sandstorm
|upkeep
|turn|5
|
|t:|1783193488
|switch|p2b: Pelipper|Pelipper, L50, F, shiny|31/100
|-weather|RainDance|[from] ability: Drizzle|[of] p2b: Pelipper
|move|p1a: Tyranitar|Dragon Dance|p1a: Tyranitar
|-boost|p1a: Tyranitar|atk|1
|-boost|p1a: Tyranitar|spe|1
|move|p2a: Archaludon|Electro Shot||[still]
|-prepare|p2a: Archaludon|Electro Shot
|-boost|p2a: Archaludon|spa|1
|-anim|p2a: Archaludon|Electro Shot|p1b: Sinistcha
|-resisted|p1b: Sinistcha|1
|-damage|p1b: Sinistcha|20/100y
|move|p1b: Sinistcha|Life Dew|p1b: Sinistcha|[spread] p1a,p1b
|-heal|p1a: Tyranitar|100/100
|-heal|p1b: Sinistcha|45/100
|
|-weather|RainDance|[upkeep]
|upkeep
|turn|6
|
|t:|1783193513
|move|p1a: Tyranitar|Rock Slide|p2a: Archaludon|[spread] p2a
|-miss|p1a: Tyranitar|p2b: Pelipper
|-resisted|p2a: Archaludon|1
|-damage|p2a: Archaludon|79/100
|-ability|p2a: Archaludon|Stamina|boost
|-boost|p2a: Archaludon|def|1
|move|p2b: Pelipper|Hurricane|p1b: Sinistcha
|-supereffective|p1b: Sinistcha|1
|-damage|p1b: Sinistcha|0 fnt
|faint|p1b: Sinistcha
|move|p2a: Archaludon|Flash Cannon|p1a: Tyranitar
|-supereffective|p1a: Tyranitar|1
|-damage|p1a: Tyranitar|32/100
|
|-weather|RainDance|[upkeep]
|upkeep
|
|t:|1783193520
|switch|p1b: Grimmsnarl|Grimmsnarl, L50, M|100/100
|turn|7
|inactive|ninjakaos has 30 seconds left.
|
|t:|1783193550
|move|p1a: Tyranitar|Knock Off|p2a: Archaludon
|-damage|p2a: Archaludon|30/100
|-ability|p2a: Archaludon|Stamina|boost
|-boost|p2a: Archaludon|def|1
|-enditem|p2a: Archaludon|Chople Berry|[from] move: Knock Off|[of] p1a: Tyranitar
|move|p2b: Pelipper|Weather Ball|p1a: Tyranitar
|-supereffective|p1a: Tyranitar|1
|-damage|p1a: Tyranitar|0 fnt
|faint|p1a: Tyranitar
|move|p2a: Archaludon|Flash Cannon|p1b: Grimmsnarl
|-supereffective|p1b: Grimmsnarl|1
|-damage|p1b: Grimmsnarl|18/100
|move|p1b: Grimmsnarl|Spirit Break|p2a: Archaludon
|-damage|p2a: Archaludon|19/100
|-unboost|p2a: Archaludon|spa|1
|-ability|p2a: Archaludon|Stamina|boost
|-boost|p2a: Archaludon|def|1
|
|-weather|RainDance|[upkeep]
|upkeep
|turn|8
|-message|rainloverrrr forfeited.
|
|win|ninjakaos
|l|☆rainloverrrr
|player|p1|
||rainloverrrr is ready for game 3.
|inactive|ninjakaos has 30 seconds to confirm battle start!
||ninjakaos is ready for game 3.
|uhtml|next|Next: Game 3 of 3
|l|☆ninjakaos
|player|p2|
|j|☆ninjakaos
|player|p2|ninjakaos|benga|
