|j|鈽哖umpkinman
|j|鈽哠tarfleetEnsignAnt
|html|PumpkinmanStarfleetEnsignAnt    
|uhtml|bestof|Game 2 of a best-of-3
|t:|1756934454
|gametype|doubles
|player|p1|Pumpkinman|cyclist-gen4|1149
|player|p2|StarfleetEnsignAnt|swimmerf|1067
|gen|9
|tier|[Gen 9] VGC 2025 Reg H (Bo3)
|rated|
|rule|Species Clause: Limit one of each Pok茅mon
|rule|Item Clause: Limit 1 of each item
|clearpoke
|poke|p1|Charizard, L50, F|
|poke|p1|Torkoal, L50, F|
|poke|p1|Porygon2, L50|
|poke|p1|Incineroar, L50, M|
|poke|p1|Jumpluff, L50, M|
|poke|p1|Ursaluna, L50, M|
|poke|p2|Torkoal, L50, F|
|poke|p2|Lilligant-Hisui, L50, F|
|poke|p2|Ursaluna, L50, F|
|poke|p2|Bronzong, L50|
|poke|p2|Incineroar, L50, M|
|poke|p2|Indeedee-F, L50, F|
|teampreview|4
|showteam|p1|Charizard||ChoiceSpecs|SolarPower|HeatWave,Overheat,WeatherBall,AirSlash|||F|||50|,,,,,Ghost]Torkoal||EjectPack|Drought|Eruption,Overheat,HelpingHand,Protect|||F|||50|,,,,,Fire]Porygon2||Eviolite|Download|TeraBlast,IceBeam,Recover,TrickRoom||||||50|,,,,,Fighting]Incineroar||SitrusBerry|Intimidate|FlareBlitz,KnockOff,FakeOut,PartingShot|||M|||50|,,,,,Ghost]Jumpluff||CovertCloak|Chlorophyll|SleepPowder,SunnyDay,RagePowder,Tailwind|||M|||50|,,,,,Water]Ursaluna||FlameOrb|Guts|HeadlongRush,Facade,Earthquake,Protect|||M|||50|,,,,,Ghost
|showteam|p2|Torkoal||Charcoal|Drought|Eruption,HeatWave,EarthPower,Protect|||F|||50|,,,,,Fire]Lilligant-Hisui||FocusSash|Chlorophyll|CloseCombat,LeafBlade,SunnyDay,AfterYou|||F|||50|,,,,,Ghost]Ursaluna||FlameOrb|Guts|Facade,HeadlongRush,Roar,Protect|||F|||50|,,,,,Ghost]Bronzong||SitrusBerry|Levitate|BodyPress,TrickRoom,Safeguard,Protect||||||50|,,,,,Steel]Incineroar||SafetyGoggles|Intimidate|FakeOut,FlareBlitz,KnockOff,PartingShot|||M|||50|,,,,,Ghost]Indeedee-F||MentalHerb|PsychicSurge|Psychic,FollowMe,TrickRoom,HelpingHand|||F|||50|,,,,,Dark
|inactive|Battle timer is ON: inactive players will automatically lose when time's up. (requested by Pumpkinman)
|inactive|Pumpkinman has 60 seconds left.
|inactive|StarfleetEnsignAnt has 60 seconds left.
|inactive|Pumpkinman has 30 seconds left.
|inactive|Pumpkinman has 20 seconds left.
|inactive|Pumpkinman has 15 seconds left.
|inactive|Pumpkinman has 10 seconds left.
|
|t:|1756934538
|teamsize|p1|4
|teamsize|p2|4
|start
|switch|p1a: f茅ch么|Charizard, L50, F|100/100
|switch|p1b: plant|Jumpluff, L50, M|100/100
|switch|p2a: Incineroar|Incineroar, L50, M|100/100
|switch|p2b: Bronzong|Bronzong, L50|100/100
|-ability|p2a: Incineroar|Intimidate|boost
|-unboost|p1a: f茅ch么|atk|1
|-unboost|p1b: plant|atk|1
|turn|1
|inactive|Pumpkinman has 30 seconds left.
|inactive|StarfleetEnsignAnt has 30 seconds left.
|inactive|StarfleetEnsignAnt has 20 seconds left.
|inactive|Pumpkinman has 20 seconds left.
|inactive|StarfleetEnsignAnt has 15 seconds left.
|inactive|Pumpkinman has 15 seconds left.
|inactive|StarfleetEnsignAnt has 10 seconds left.
|inactive|Pumpkinman has 10 seconds left.
|inactive|StarfleetEnsignAnt has 5 seconds left.
|
|t:|1756934592
|move|p2a: Incineroar|Fake Out|p1b: plant
|-crit|p1b: plant
|-damage|p1b: plant|77/100
|move|p1b: plant|Tailwind|p1b: plant
|-sidestart|p1: Pumpkinman|move: Tailwind
|move|p1a: f茅ch么|Heat Wave|p2a: Incineroar|[spread] p2a,p2b
|-resisted|p2a: Incineroar
|-supereffective|p2b: Bronzong
|-damage|p2a: Incineroar|79/100
|-damage|p2b: Bronzong|25/100
|-enditem|p2b: Bronzong|Sitrus Berry|[eat]
|-heal|p2b: Bronzong|49/100|[from] item: Sitrus Berry
|move|p2b: Bronzong|Trick Room|p2b: Bronzong
|-fieldstart|move: Trick Room|[of] p2b: Bronzong
|
|upkeep
|turn|2
|c|鈽哠tarfleetEnsignAnt|you know it would be good if I could READ
|inactive|Pumpkinman has 30 seconds left.
|inactive|StarfleetEnsignAnt has 30 seconds left.
|inactive|Pumpkinman has 20 seconds left.
|inactive|StarfleetEnsignAnt has 20 seconds left.
|inactive|Pumpkinman has 15 seconds left.
|inactive|StarfleetEnsignAnt has 15 seconds left.
|
|t:|1756934637
|switch|p2a: Torkoal|Torkoal, L50, F|100/100
|-weather|SunnyDay|[from] ability: Drought|[of] p2a: Torkoal
|move|p2b: Bronzong|Safeguard|p2b: Bronzong
|-sidestart|p2: StarfleetEnsignAnt|Safeguard
|move|p1a: f茅ch么|Heat Wave|p2b: Bronzong|[spread] p2a,p2b
|-resisted|p2a: Torkoal
|-supereffective|p2b: Bronzong
|-damage|p2a: Torkoal|30/100
|-damage|p2b: Bronzong|0 fnt
|faint|p2b: Bronzong
|move|p1b: plant|Sunny Day||[still]
|-fail|p1b: plant
|
|-weather|SunnyDay|[upkeep]
|-damage|p1a: f茅ch么|88/100|[from] ability: Solar Power|[of] p1a: f茅ch么
|upkeep
|
|t:|1756934649
|switch|p2b: Ursaluna|Ursaluna, L50, F|100/100
|turn|3
|inactive|Pumpkinman has 30 seconds left.
|inactive|Pumpkinman has 20 seconds left.
|inactive|Pumpkinman has 15 seconds left.
|inactive|Pumpkinman has 10 seconds left.
|inactive|Pumpkinman has 5 seconds left.
|
|t:|1756934704
|switch|p1a: grocha|Incineroar, L50, M|100/100
|-ability|p1a: grocha|Intimidate|boost
|-unboost|p2a: Torkoal|atk|1
|-unboost|p2b: Ursaluna|atk|1
|move|p2a: Torkoal|Heat Wave|p1b: plant|[spread] p1a,p1b
|-resisted|p1a: grocha
|-supereffective|p1b: plant
|-damage|p1a: grocha|72/100
|-damage|p1b: plant|0 fnt
|faint|p1b: plant
|move|p2b: Ursaluna|Roar|p1a: grocha
|drag|p1a: f茅ch么|Charizard, L50, F|88/100
|
|-weather|SunnyDay|[upkeep]
|-damage|p1a: f茅ch么|76/100|[from] ability: Solar Power|[of] p1a: f茅ch么
|-status|p2b: Ursaluna|brn|[from] item: Flame Orb
|upkeep
|
|t:|1756934719
|switch|p1b: grocha|Incineroar, L50, M|72/100
|-ability|p1b: grocha|Intimidate|boost
|-unboost|p2a: Torkoal|atk|1
|-unboost|p2b: Ursaluna|atk|1
|turn|4
|inactive|Pumpkinman has 30 seconds left.
|inactive|StarfleetEnsignAnt has 30 seconds left.
|
|t:|1756934761
|switch|p2b: Incineroar|Incineroar, L50, M|79/100
|-ability|p2b: Incineroar|Intimidate|boost
|-unboost|p1a: f茅ch么|atk|1
|-unboost|p1b: grocha|atk|1
|move|p2a: Torkoal|Protect|p2a: Torkoal
|-singleturn|p2a: Torkoal|Protect
|move|p1b: grocha|Fake Out|p2a: Torkoal
|-activate|p2a: Torkoal|move: Protect
|move|p1a: f茅ch么|Heat Wave|p2a: Torkoal|[spread] p2b
|-activate|p2a: Torkoal|move: Protect
|-resisted|p2b: Incineroar
|-damage|p2b: Incineroar|34/100
|
|-weather|SunnyDay|[upkeep]
|-damage|p1a: f茅ch么|63/100|[from] ability: Solar Power|[of] p1a: f茅ch么
|-sideend|p1: Pumpkinman|move: Tailwind
|upkeep
|turn|5
|inactive|Pumpkinman has 30 seconds left.
|inactive|StarfleetEnsignAnt has 30 seconds left.
|inactive|Pumpkinman has 20 seconds left.
|inactive|StarfleetEnsignAnt has 20 seconds left.
|
|t:|1756934801
|switch|p1a: canar|Porygon2, L50|100/100
|-ability|p1a: canar|Download|boost
|-boost|p1a: canar|spa|1
|-terastallize|p2a: Torkoal|Fire
|move|p2a: Torkoal|Heat Wave|p1b: grocha|[spread] p1a,p1b
|-resisted|p1b: grocha
|-damage|p1a: canar|53/100
|-damage|p1b: grocha|38/100
|-enditem|p1b: grocha|Sitrus Berry|[eat]
|-heal|p1b: grocha|63/100|[from] item: Sitrus Berry
|move|p2b: Incineroar|Flare Blitz|p1a: canar
|-damage|p1a: canar|0 fnt
|faint|p1a: canar
|-damage|p2b: Incineroar|18/100|[from] Recoil
|move|p1b: grocha|Flare Blitz|p2b: Incineroar
|-resisted|p2b: Incineroar
|-damage|p2b: Incineroar|0 fnt
|faint|p2b: Incineroar
|-damage|p1b: grocha|57/100|[from] Recoil
|
|-weather|SunnyDay|[upkeep]
|-fieldend|move: Trick Room
|upkeep
|
|t:|1756934820
|switch|p1a: f茅ch么|Charizard, L50, F|63/100
|switch|p2b: Ursaluna|Ursaluna, L50, F|100/100 brn
|turn|6
|inactive|Pumpkinman has 30 seconds left.
|
|t:|1756934853
|move|p2a: Torkoal|Protect|p2a: Torkoal
|-singleturn|p2a: Torkoal|Protect
|move|p1a: f茅ch么|Overheat|p2b: Ursaluna
|-damage|p2b: Ursaluna|0 fnt
|-unboost|p1a: f茅ch么|spa|2
|faint|p2b: Ursaluna
|move|p1b: grocha|Knock Off|p2a: Torkoal
|-activate|p2a: Torkoal|move: Protect
|
|-weather|none
|-sideend|p2: StarfleetEnsignAnt|Safeguard
|upkeep
|turn|7
|
|t:|1756934869
|move|p1a: f茅ch么|Overheat|p2a: Torkoal
|-resisted|p2a: Torkoal
|-damage|p2a: Torkoal|1/100
|-unboost|p1a: f茅ch么|spa|2
|move|p1b: grocha|Knock Off|p2a: Torkoal
|-damage|p2a: Torkoal|0 fnt
|-enditem|p2a: Torkoal|Charcoal|[from] move: Knock Off|[of] p1b: grocha
|faint|p2a: Torkoal
|
|win|Pumpkinman
|raw|Pumpkinman's rating: 1149 → 1168(+19 for winning)
|raw|StarfleetEnsignAnt's rating: 1067 → 1052(-15 for losing)
|c|鈽哖umpkinman|gg wp
|c|鈽哠tarfleetEnsignAnt|You know
