|j|☆int shadowbtl
|j|☆INT JAGUARR
|html|int shadowbtlINT JAGUARR    
|uhtml|bestof|Game 1 of a best-of-3
|t:|1784504075
|gametype|doubles
|player|p1|int shadowbtl|266|
|player|p2|INT JAGUARR|ethan|
|gen|9
|tier|[Gen 9 Champions] VGC 2026 Reg M-B (Bo3)
|rule|Species Clause: Limit one of each Pokémon
|rule|Item Clause: Limit 1 of each item
|clearpoke
|poke|p1|Blaziken, L50, M|
|poke|p1|Aerodactyl, L50, F|
|poke|p1|Kingambit, L50, M|
|poke|p1|Basculegion, L50, M|
|poke|p1|Sylveon, L50, F|
|poke|p1|Torkoal, L50, F|
|poke|p2|Gardevoir, L50, F, shiny|
|poke|p2|Maushold, L50, shiny|
|poke|p2|Kingambit, L50, F, shiny|
|poke|p2|Talonflame, L50, F|
|poke|p2|Basculegion, L50, M|
|poke|p2|Kommo-o, L50, F|
|teampreview|4
|showteam|p1|Blaziken||Blazikenite|SpeedBoost|FlareBlitz,CloseCombat,Protect,RockSlide|Adamant||M|||50|]Aerodactyl||Aerodactylite|Unnerve|RockSlide,DualWingbeat,IceFang,Tailwind|Jolly||F|||50|]Kingambit||LifeOrb|Defiant|KowtowCleave,Protect,IronHead,SuckerPunch|Adamant||M|||50|]Basculegion||FocusSash|Adaptability|Liquidation,Protect,LastRespects,AquaJet|Adamant||M|||50|]Sylveon||FairyFeather|Pixilate|HyperVoice,Moonblast,QuickAttack,Protect|Modest||F|||50|]Torkoal||Leftovers|Drought|BurningJealousy,WeatherBall,Protect,Yawn|Relaxed||F|||50|
|showteam|p2|Gardevoir||Gardevoirite|Trace|HyperVoice,Protect,VacuumWave,Psyshock|Modest||F|||50|]Maushold||FocusSash|FriendGuard|FollowMe,Protect,Taunt,SuperFang|Timid|||||50|]Kingambit||BlackGlasses|Defiant|KowtowCleave,Protect,LowKick,SuckerPunch|Adamant||F|||50|]Talonflame||SharpBeak|GaleWings|BraveBird,Protect,Tailwind,QuickGuard|Adamant||F|||50|]Basculegion||ChoiceScarf|Adaptability|WaveCrash,FlipTurn,AquaJet,LastRespects|Jolly||M|||50|]Kommo-o||LifeOrb|Soundproof|ClangingScales,AuraSphere,DracoMeteor,Protect|Modest||F|||50|
|inactive|Battle timer is ON: inactive players will automatically lose when time's up. (requested by INT JAGUARR)
|inactive|int shadowbtl has 60 seconds left.
|inactive|INT JAGUARR has 60 seconds left.
|
|t:|1784504132
|teamsize|p1|4
|teamsize|p2|4
|start
|switch|p1a: Aerodactyl|Aerodactyl, L50, F|100/100
|switch|p1b: Kingambit|Kingambit, L50, M|100/100
|switch|p2a: Gardevoir|Gardevoir, L50, F, shiny|100/100
|switch|p2b: Maushold|Maushold, L50, shiny|100/100
|-ability|p1a: Aerodactyl|Unnerve
|-ability|p2a: Gardevoir|Defiant|Trace|[from] ability: Trace|[of] p1b: Kingambit
|turn|1
|inactive|int shadowbtl has 30 seconds left.
|
|t:|1784504159
|detailschange|p1a: Aerodactyl|Aerodactyl-Mega, L50, F
|-mega|p1a: Aerodactyl|Aerodactyl|Aerodactylite
|detailschange|p2a: Gardevoir|Gardevoir-Mega, L50, F, shiny
|-mega|p2a: Gardevoir|Gardevoir|Gardevoirite
|move|p1b: Kingambit|Protect|p1b: Kingambit
|-singleturn|p1b: Kingambit|Protect
|move|p1a: Aerodactyl|Tailwind|p1a: Aerodactyl
|-sidestart|p1: int shadowbtl|move: Tailwind
|move|p2b: Maushold|Super Fang|p1b: Kingambit
|-activate|p1b: Kingambit|move: Protect
|move|p2a: Gardevoir|Hyper Voice|p1a: Aerodactyl|[spread] p1a
|-activate|p1b: Kingambit|move: Protect
|-damage|p1a: Aerodactyl|44/100
|
|upkeep
|turn|2
|inactive|INT JAGUARR has 30 seconds left.
|inactive|int shadowbtl has 30 seconds left.
|
|t:|1784504195
|switch|p1b: Basculegion|Basculegion, L50, M|100/100
|move|p2b: Maushold|Follow Me|p2b: Maushold
|-singleturn|p2b: Maushold|move: Follow Me
|move|p1a: Aerodactyl|Rock Slide|p2b: Maushold|[spread] p2a,p2b
|-damage|p2a: Gardevoir|64/100
|-damage|p2b: Maushold|52/100
|move|p2a: Gardevoir|Hyper Voice|p1b: Basculegion|[spread] p1a,p1b
|-damage|p1a: Aerodactyl|0 fnt
|-damage|p1b: Basculegion|34/100
|faint|p1a: Aerodactyl
|
|upkeep
|
|t:|1784504206
|switch|p1a: Kingambit|Kingambit, L50, M|100/100
|turn|3
|
|t:|1784504217
|move|p2b: Maushold|Protect|p2b: Maushold
|-singleturn|p2b: Maushold|Protect
|move|p2a: Gardevoir|Protect|p2a: Gardevoir
|-singleturn|p2a: Gardevoir|Protect
|move|p1b: Basculegion|Liquidation|p2b: Maushold
|-activate|p2b: Maushold|move: Protect
|move|p1a: Kingambit|Iron Head|p2a: Gardevoir
|-activate|p2a: Gardevoir|move: Protect
|
|upkeep
|turn|4
|inactive|INT JAGUARR has 30 seconds left.
|inactive|INT JAGUARR has 20 seconds left.
|inactive|INT JAGUARR has 15 seconds left.
|
|t:|1784504258
|switch|p2a: Talonflame|Talonflame, L50, F|100/100
|move|p1b: Basculegion|Liquidation|p2b: Maushold
|-damage|p2b: Maushold|0 fnt
|faint|p2b: Maushold
|move|p1a: Kingambit|Kowtow Cleave|p2a: Talonflame
|-damage|p2a: Talonflame|18/100
|-damage|p1a: Kingambit|90/100|[from] item: Life Orb
|
|-sideend|p1: int shadowbtl|move: Tailwind
|upkeep
|
|t:|1784504268
|switch|p2b: Gardevoir|Gardevoir-Mega, L50, F, shiny|64/100
|turn|5
|
|t:|1784504276
|move|p1a: Kingambit|Protect|p1a: Kingambit
|-singleturn|p1a: Kingambit|Protect
|move|p2a: Talonflame|Quick Guard|p2a: Talonflame
|-singleturn|p2a: Talonflame|Quick Guard
|move|p1b: Basculegion|Aqua Jet|p2a: Talonflame
|-activate|p2a: Talonflame|move: Quick Guard
|move|p2b: Gardevoir|Hyper Voice|p1b: Basculegion|[spread] p1b
|-activate|p1a: Kingambit|move: Protect
|-damage|p1b: Basculegion|0 fnt
|faint|p1b: Basculegion
|
|upkeep
|
|t:|1784504287
|switch|p1b: Sylveon|Sylveon, L50, F|100/100
|turn|6
|
|t:|1784504305
|move|p2a: Talonflame|Protect|p2a: Talonflame
|-singleturn|p2a: Talonflame|Protect
|move|p2b: Gardevoir|Hyper Voice|p1b: Sylveon|[spread] p1a,p1b
|-damage|p1a: Kingambit|30/100
|-damage|p1b: Sylveon|54/100
|move|p1b: Sylveon|Hyper Voice|p2a: Talonflame|[spread] p2b
|-activate|p2a: Talonflame|move: Protect
|-damage|p2b: Gardevoir|14/100
|move|p1a: Kingambit|Iron Head|p2b: Gardevoir
|-supereffective|p2b: Gardevoir|1
|-crit|p2b: Gardevoir
|-damage|p2b: Gardevoir|0 fnt
|faint|p2b: Gardevoir
|-damage|p1a: Kingambit|20/100y|[from] item: Life Orb
|
|upkeep
|
|t:|1784504318
|switch|p2b: Basculegion|Basculegion, L50, M|100/100
|turn|7
|
|t:|1784504340
|move|p1b: Sylveon|Protect|p1b: Sylveon
|-singleturn|p1b: Sylveon|Protect
|move|p1a: Kingambit|Protect|p1a: Kingambit
|-singleturn|p1a: Kingambit|Protect
|move|p2b: Basculegion|Wave Crash|p1a: Kingambit
|-activate|p1a: Kingambit|move: Protect
|move|p2a: Talonflame|Brave Bird|p1b: Sylveon
|-activate|p1b: Sylveon|move: Protect
|
|upkeep
|turn|8
|
|t:|1784504358
|move|p2a: Talonflame|Quick Guard|p2a: Talonflame
|-singleturn|p2a: Talonflame|Quick Guard
|move|p1a: Kingambit|Sucker Punch|p2b: Basculegion
|-activate|p2b: Basculegion|move: Quick Guard
|move|p2b: Basculegion|Wave Crash|p1a: Kingambit
|-damage|p1a: Kingambit|0 fnt
|faint|p1a: Kingambit
|-damage|p2b: Basculegion|92/100|[from] Recoil
|move|p1b: Sylveon|Hyper Voice|p2b: Basculegion|[spread] p2a,p2b
|-resisted|p2a: Talonflame|1
|-damage|p2a: Talonflame|0 fnt
|-damage|p2b: Basculegion|35/100
|faint|p2a: Talonflame
|
|upkeep
|turn|9
|
|t:|1784504373
|move|p1b: Sylveon|Quick Attack|p2b: Basculegion
|-damage|p2b: Basculegion|18/100
|move|p2b: Basculegion|Wave Crash|p1b: Sylveon
|-damage|p1b: Sylveon|0 fnt
|faint|p1b: Sylveon
|-damage|p2b: Basculegion|2/100|[from] Recoil
|
|win|INT JAGUARR
||int shadowbtl is ready for game 2.
|inactive|INT JAGUARR has 30 seconds to confirm battle start!
||INT JAGUARR is ready for game 2.
|uhtml|next|Next: Game 2 of 3
