|j|☆visarjan
|j|☆champvdp29
|html|visarjanchampvdp29    
|uhtml|bestof|Game 1 of a best-of-3
|t:|1782738359
|gametype|doubles
|player|p1|visarjan|265|1087
|player|p2|champvdp29|red|1103
|gen|9
|tier|[Gen 9 Champions] VGC 2026 Reg M-B (Bo3)
|rated|
|rule|Species Clause: Limit one of each Pokémon
|rule|Item Clause: Limit 1 of each item
|clearpoke
|poke|p1|Heracross, L50, M|
|poke|p1|Slowking-Galar, L50, F|
|poke|p1|Torkoal, L50, M|
|poke|p1|Kangaskhan, L50, F|
|poke|p1|Sylveon, L50, M|
|poke|p1|Scrafty, L50, M|
|poke|p2|Whimsicott, L50, M|
|poke|p2|Staraptor, L50, F|
|poke|p2|Garchomp, L50, F|
|poke|p2|Sylveon, L50, M|
|poke|p2|Charizard, L50, F|
|poke|p2|Kingambit, L50, F|
|teampreview|4
|showteam|p1|Heracross||Heracronite|Swarm|CloseCombat,PinMissile,RockBlast,Detect|Adamant||M|||50|]Slowking-Galar||SitrusBerry|Regenerator|ChillyReception,Psychic,HealPulse,TrickRoom|Relaxed||F|||50|]Torkoal||Charcoal|Drought|Eruption,WeatherBall,EarthPower,Protect|Quiet||M|||50|]Kangaskhan||SilkScarf|Scrappy|FakeOut,LastResort|Adamant||F|||50|]Sylveon||FairyFeather|Pixilate|HyperBeam,HyperVoice,Substitute,Detect|Modest||M|||50|]Scrafty||Scraftinite|Intimidate|SwordsDance,FakeOut,DrainPunch,KnockOff|Brave||M|||50|
|showteam|p2|Whimsicott||FocusSash|Prankster|Moonblast,EnergyBall,Encore,TrickRoom|Quiet||M|||50|]Staraptor||ChoiceScarf|Intimidate|FinalGambit,BraveBird,CloseCombat,Uturn|Jolly||F|||50|]Garchomp||SitrusBerry|RoughSkin|Earthquake,DragonClaw,RockSlide,Protect|Jolly||F|||50|]Sylveon||FairyFeather|Pixilate|HyperVoice,QuickAttack,HyperBeam,Detect|Modest||M|||50|]Charizard||CharizarditeY|Blaze|HeatWave,WeatherBall,AncientPower,Protect|Quiet||F|||50|]Kingambit||ChopleBerry|Defiant|KowtowCleave,IronHead,SuckerPunch,LowKick|Adamant||F|||50|
|inactive|Battle timer is ON: inactive players will automatically lose when time's up. (requested by visarjan)
|inactive|champvdp29 also wants the timer to be on.
|inactive|champvdp29 has 60 seconds left.
|
|t:|1782738410
|teamsize|p1|4
|teamsize|p2|4
|start
|switch|p1a: Slowking|Slowking-Galar, L50, F|100/100
|switch|p1b: Kangaskhan|Kangaskhan, L50, F|100/100
|switch|p2a: Staraptor|Staraptor, L50, F|100/100
|switch|p2b: Garchomp|Garchomp, L50, F|100/100
|-ability|p2a: Staraptor|Intimidate|boost
|-unboost|p1a: Slowking|atk|1
|-fail|p1b: Kangaskhan|unboost|Attack|[from] ability: Scrappy|[of] p1b: Kangaskhan
|turn|1
|
|t:|1782738424
|move|p1b: Kangaskhan|Fake Out|p2a: Staraptor
|-damage|p2a: Staraptor|69/100
|cant|p2a: Staraptor|flinch
|move|p2b: Garchomp|Earthquake|p1a: Slowking|[spread] p1a,p1b
|-immune|p2a: Staraptor
|-supereffective|p1a: Slowking|1
|-damage|p1a: Slowking|34/100
|-damage|p1b: Kangaskhan|58/100
|-enditem|p1a: Slowking|Sitrus Berry|[eat]
|-heal|p1a: Slowking|59/100|[from] item: Sitrus Berry
|move|p1a: Slowking|Trick Room|p1a: Slowking
|-fieldstart|move: Trick Room|[of] p1a: Slowking
|
|upkeep
|turn|2
|
|t:|1782738445
|move|p1a: Slowking|Psychic|p2b: Garchomp
|-damage|p2b: Garchomp|62/100
|move|p1b: Kangaskhan|Last Resort|p2b: Garchomp
|-damage|p2b: Garchomp|0 fnt
|-damage|p1b: Kangaskhan|46/100|[from] ability: Rough Skin|[of] p2b: Garchomp
|faint|p2b: Garchomp
|move|p2a: Staraptor|Close Combat|p1b: Kangaskhan
|-supereffective|p1b: Kangaskhan|1
|-damage|p1b: Kangaskhan|0 fnt
|-unboost|p2a: Staraptor|def|1
|-unboost|p2a: Staraptor|spd|1
|faint|p1b: Kangaskhan
|
|upkeep
|
|t:|1782738460
|switch|p1b: Sylveon|Sylveon, L50, M|100/100
|switch|p2b: Charizard|Charizard, L50, F|100/100
|turn|3
|
|t:|1782738470
|detailschange|p2b: Charizard|Charizard-Mega-Y, L50, F
|-mega|p2b: Charizard|Charizard|Charizardite Y
|-weather|SunnyDay|[from] ability: Drought|[of] p2b: Charizard
|move|p1a: Slowking|Psychic|p2b: Charizard
|-damage|p2b: Charizard|70/100
|move|p1b: Sylveon|Hyper Voice|p2a: Staraptor|[spread] p2a,p2b
|-resisted|p2b: Charizard|1
|-damage|p2a: Staraptor|0 fnt
|-damage|p2b: Charizard|49/100
|faint|p2a: Staraptor
|move|p2b: Charizard|Heat Wave|p1a: Slowking|[spread] p1a,p1b
|-damage|p1a: Slowking|13/100
|-damage|p1b: Sylveon|53/100
|
|-weather|SunnyDay|[upkeep]
|upkeep
|
|t:|1782738486
|switch|p2a: Sylveon|Sylveon, L50, M|100/100
|turn|4
|
|t:|1782738494
|move|p2b: Charizard|Protect|p2b: Charizard
|-singleturn|p2b: Charizard|Protect
|move|p1a: Slowking|Psychic|p2a: Sylveon
|-damage|p2a: Sylveon|72/100
|move|p2a: Sylveon|Hyper Voice|p1b: Sylveon|[spread] p1a,p1b
|-resisted|p1a: Slowking|1
|-damage|p1a: Slowking|0 fnt
|-damage|p1b: Sylveon|19/100
|faint|p1a: Slowking
|move|p1b: Sylveon|Hyper Voice|p2b: Charizard|[spread] p2a
|-activate|p2b: Charizard|move: Protect
|-damage|p2a: Sylveon|35/100
|
|-weather|SunnyDay|[upkeep]
|upkeep
|
|t:|1782738509
|switch|p1a: Heracross|Heracross, L50, M|100/100
|turn|5
|
|t:|1782738518
|detailschange|p1a: Heracross|Heracross-Mega, L50, M
|-mega|p1a: Heracross|Heracross|Heracronite
|move|p1b: Sylveon|Hyper Beam|p2a: Sylveon
|-damage|p2a: Sylveon|0 fnt
|-mustrecharge|p1b: Sylveon
|faint|p2a: Sylveon
|move|p1a: Heracross|Rock Blast|p2b: Charizard
|-supereffective|p2b: Charizard|2
|-damage|p2b: Charizard|5/100
|-supereffective|p2b: Charizard|2
|-damage|p2b: Charizard|0 fnt
|faint|p2b: Charizard
|-hitcount|p2: Charizard|2
|
|win|visarjan
