|j|☆ChickenZX
|j|☆izmatti
|html|ChickenZXizmatti    
|uhtml|bestof|Game 3 of a best-of-3
|t:|1757831513
|gametype|doubles
|player|p1|ChickenZX|fisherman-gen4|
|player|p2|izmatti|266|
|gen|9
|tier|[Gen 9] VGC 2025 Reg H (Bo3)
|rule|Species Clause: Limit one of each Pokémon
|rule|Item Clause: Limit 1 of each item
|clearpoke
|poke|p1|Lilligant-Hisui, L50, F|
|poke|p1|Torkoal, L50, M|
|poke|p1|Ursaluna-Bloodmoon, L50, M|
|poke|p1|Dragonite, L50, M|
|poke|p1|Rillaboom, L50, M|
|poke|p1|Kingambit, L50, M|
|poke|p2|Corviknight, L50, M|
|poke|p2|Tyranitar, L50, M|
|poke|p2|Excadrill, L50, F|
|poke|p2|Annihilape, L50, M|
|poke|p2|Indeedee-F, L50, F|
|poke|p2|Delphox, L50, M|
|teampreview|4
|showteam|p1|Lilligant-Hisui||FocusSash|Chlorophyll|CloseCombat,TripleAxel,SolarBlade,AfterYou|||F|||50|,,,,,Ghost]Torkoal||Charcoal|Drought|Eruption,WeatherBall,HelpingHand,Protect|||M|||50|,,,,,Fire]Ursaluna-Bloodmoon||LifeOrb|MindsEye|BloodMoon,HyperVoice,EarthPower,Protect|||M|||50|,,,,,Normal]Dragonite||LoadedDice|Multiscale|ScaleShot,Protect,Tailwind,Haze|||M|||50|,,,,,Fairy]Rillaboom||AssaultVest|GrassySurge|WoodHammer,GrassyGlide,HighHorsepower,FakeOut|||M|||50|,,,,,Fire]Kingambit||SafetyGoggles|Defiant|KowtowCleave,SuckerPunch,SwordsDance,Protect|||M|||50|,,,,,Dark
|showteam|p2|Corviknight||PsychicSeed|MirrorArmor|BraveBird,PowerTrip,BulkUp,Roost|||M|||50|,,,,,Dragon]Tyranitar||AssaultVest|SandStream|TeraBlast,RockSlide,LowKick,KnockOff|||M|||50|,,,,,Flying]Excadrill||FocusSash|SandRush|SwordsDance,IronHead,Earthquake,Protect|||F|||50|,,,,,Ground]Annihilape||SafetyGoggles|Defiant|CloseCombat,Protect,FinalGambit,RageFist|||M|||50|,,,,,Grass]Indeedee-F||RockyHelmet|PsychicSurge|FollowMe,HelpingHand,TrickRoom,AlluringVoice|||F|||50|,,,,,Flying]Delphox||LifeOrb|Blaze|ExpandingForce,HeatWave,Protect,TeraBlast|||M|||50|,,,,,Fighting
|inactive|Battle timer is ON: inactive players will automatically lose when time's up. (requested by ChickenZX)
|inactive|ChickenZX has 60 seconds left.
|
|t:|1757831555
|teamsize|p1|4
|teamsize|p2|4
|start
|switch|p1a: Ursaluna|Ursaluna-Bloodmoon, L50, M|100/100
|switch|p1b: Rillaboom|Rillaboom, L50, M|100/100
|switch|p2a: Annihilape|Annihilape, L50, M|100/100
|switch|p2b: Indeedee|Indeedee-F, L50, F|100/100
|-fieldstart|move: Grassy Terrain|[from] ability: Grassy Surge|[of] p1b: Rillaboom
|-fieldstart|move: Psychic Terrain|[from] ability: Psychic Surge|[of] p2b: Indeedee
|turn|1
|inactive|izmatti has 30 seconds left.
|
|t:|1757831581
|move|p2a: Annihilape|Close Combat|p1a: Ursaluna
|-supereffective|p1a: Ursaluna
|-damage|p1a: Ursaluna|20/100
|-unboost|p2a: Annihilape|def|1
|-unboost|p2a: Annihilape|spd|1
|move|p1b: Rillaboom|Wood Hammer|p2a: Annihilape
|-damage|p2a: Annihilape|0 fnt
|faint|p2a: Annihilape
|-damage|p1b: Rillaboom|67/100|[from] Recoil
|move|p2b: Indeedee|Alluring Voice|p1b: Rillaboom
|-damage|p1b: Rillaboom|53/100
|move|p1a: Ursaluna|Blood Moon|p2b: Indeedee
|-damage|p2b: Indeedee|0 fnt
|faint|p2b: Indeedee
|-damage|p1a: Ursaluna|10/100|[from] item: Life Orb
|
|upkeep
|
|t:|1757831590
|switch|p2a: Delphox|Delphox, L50, M|100/100
|switch|p2b: Corviknight|Corviknight, L50, M|100/100
|-enditem|p2b: Corviknight|Psychic Seed
|-boost|p2b: Corviknight|spd|1|[from] item: Psychic Seed
|turn|2
|
|t:|1757831605
|switch|p1a: Dragonite|Dragonite, L50, M|100/100
|-terastallize|p1b: Rillaboom|Fire
|move|p2a: Delphox|Expanding Force|p1a: Dragonite|[spread] p1a,p1b
|-damage|p1a: Dragonite|65/100
|-damage|p1b: Rillaboom|0 fnt
|faint|p1b: Rillaboom
|-damage|p2a: Delphox|90/100|[from] item: Life Orb
|move|p2b: Corviknight|Bulk Up|p2b: Corviknight
|-boost|p2b: Corviknight|atk|1
|-boost|p2b: Corviknight|def|1
|
|upkeep
|
|t:|1757831618
|switch|p1b: Lilligant|Lilligant-Hisui, L50, F, shiny|100/100
|turn|3
|
|t:|1757831631
|move|p1b: Lilligant|After You|p1a: Dragonite
|-activate|p1a: Dragonite|move: After You
|move|p1a: Dragonite|Scale Shot|p2a: Delphox
|-damage|p2a: Delphox|68/100
|-damage|p2a: Delphox|46/100
|-damage|p2a: Delphox|22/100
|-damage|p2a: Delphox|0 fnt
|faint|p2a: Delphox
|-hitcount|p2: Delphox|4
|-unboost|p1a: Dragonite|def|1
|-boost|p1a: Dragonite|spe|1
|move|p2b: Corviknight|Brave Bird|p1b: Lilligant
|-supereffective|p1b: Lilligant
|-enditem|p1b: Lilligant|Focus Sash
|-damage|p1b: Lilligant|1/100
|-damage|p2b: Corviknight|76/100|[from] Recoil
|
|upkeep
|turn|4
|
|t:|1757831647
|move|p1a: Dragonite|Haze|p1a: Dragonite
|-clearallboost
|move|p1b: Lilligant|Close Combat|p2b: Corviknight
|-damage|p2b: Corviknight|40/100
|-unboost|p1b: Lilligant|def|1
|-unboost|p1b: Lilligant|spd|1
|move|p2b: Corviknight|Power Trip|p1b: Lilligant
|-resisted|p1b: Lilligant
|-damage|p1b: Lilligant|0 fnt
|faint|p1b: Lilligant
|
|upkeep
|
|t:|1757831657
|switch|p1b: Ursaluna|Ursaluna-Bloodmoon, L50, M|10/100
|turn|5
|
|t:|1757831666
|move|p1b: Ursaluna|Protect|p1b: Ursaluna
|-singleturn|p1b: Ursaluna|Protect
|move|p1a: Dragonite|Tailwind|p1a: Dragonite
|-sidestart|p1: ChickenZX|move: Tailwind
|move|p2b: Corviknight|Brave Bird|p1b: Ursaluna
|-activate|p1b: Ursaluna|move: Protect
|
|-fieldend|move: Psychic Terrain
|upkeep
|turn|6
|
|t:|1757831676
|move|p1a: Dragonite|Scale Shot|p2b: Corviknight
|-resisted|p2b: Corviknight
|-damage|p2b: Corviknight|34/100
|-resisted|p2b: Corviknight
|-damage|p2b: Corviknight|29/100
|-resisted|p2b: Corviknight
|-damage|p2b: Corviknight|24/100
|-resisted|p2b: Corviknight
|-damage|p2b: Corviknight|19/100
|-resisted|p2b: Corviknight
|-damage|p2b: Corviknight|14/100
|-hitcount|p2b: Corviknight|5
|-unboost|p1a: Dragonite|def|1
|-boost|p1a: Dragonite|spe|1
|move|p1b: Ursaluna|Blood Moon|p2b: Corviknight
|-resisted|p2b: Corviknight
|-damage|p2b: Corviknight|0 fnt
|faint|p2b: Corviknight
|-damage|p1b: Ursaluna|0 fnt|[from] item: Life Orb
|faint|p1b: Ursaluna
|
|win|ChickenZX
|l|☆izmatti
|player|p2|
