|j|☆Adriatic Tides
|j|☆jiiito44
|html|Adriatic Tidesjiiito44    
|uhtml|bestof|Game 1 of a best-of-3
|t:|1784765828
|gametype|doubles
|player|p1|Adriatic Tides|leon|1189
|player|p2|jiiito44|1|1286
|gen|9
|tier|[Gen 9 Champions] VGC 2026 Reg M-B (Bo3)
|rated|
|rule|Species Clause: Limit one of each Pokémon
|rule|Item Clause: Limit 1 of each item
|clearpoke
|poke|p1|Tyranitar, L50, M|
|poke|p1|Excadrill, L50, F|
|poke|p1|Delphox, L50, F|
|poke|p1|Sinistcha, L50|
|poke|p1|Rotom-Wash, L50|
|poke|p1|Incineroar, L50, M|
|poke|p2|Incineroar, L50, M|
|poke|p2|Blastoise, L50, M|
|poke|p2|Maushold, L50|
|poke|p2|Sinistcha, L50|
|poke|p2|Sneasler, L50, F|
|poke|p2|Delphox, L50, F|
|teampreview|4
|showteam|p1|Tyranitar||Tyranitarite|SandStream|KnockOff,RockSlide,Protect,LowKick|Adamant||M|||50|]Excadrill||FocusSash|SandRush|Protect,Earthquake,IronHead,RockSlide|Adamant||F|||50|]Delphox||Delphoxite|Blaze|NastyPlot,HeatWave,Psyshock,Protect|Timid||F|||50|]Sinistcha||ColburBerry|Hospitality|TrickRoom,MatchaGotcha,Protect,RagePowder|Bold|||||50|]Rotom-Wash||Leftovers|Levitate|Electroweb,HydroPump,Protect,Thunderbolt|Modest|||||50|]Incineroar||SitrusBerry|Intimidate|FakeOut,FlareBlitz,PartingShot,ThroatChop|Careful||M|||50|
|showteam|p2|Incineroar||SitrusBerry|Intimidate|FakeOut,FlareBlitz,ThroatChop,PartingShot|Impish||M|||50|]Blastoise||Blastoisinite|Torrent|Protect,ShellSmash,DarkPulse,WaterSpout|Modest||M|||50|]Maushold||ChopleBerry|FriendGuard|Protect,SuperFang,FollowMe,Feint|Impish|||||50|]Sinistcha||KasibBerry|Hospitality|Protect,RagePowder,LifeDew,MatchaGotcha|Bold|||||50|]Sneasler||FocusSash|PoisonTouch|FakeOut,QuickGuard,PoisonJab,CloseCombat|Jolly||F|||50|]Delphox||Delphoxite|Blaze|Protect,NastyPlot,Psyshock,HeatWave|Timid||F|||50|
|c|☆Adriatic Tides|gl hf
|c|☆jiiito44|gl
|
|t:|1784765913
|teamsize|p1|4
|teamsize|p2|4
|start
|switch|p1a: Delphox|Delphox, L50, F|100/100
|switch|p1b: Sinistcha|Sinistcha, L50|100/100
|switch|p2a: Incineroar|Incineroar, L50, M|100/100
|switch|p2b: Sinistcha|Sinistcha, L50|100/100
|-ability|p2a: Incineroar|Intimidate|boost
|-unboost|p1a: Delphox|atk|1
|-unboost|p1b: Sinistcha|atk|1
|turn|1
|inactive|Battle timer is ON: inactive players will automatically lose when time's up. (requested by jiiito44)
|
|t:|1784765939
|switch|p1a: Tyranitar|Tyranitar, L50, M|100/100
|-weather|Sandstorm|[from] ability: Sand Stream|[of] p1a: Tyranitar
|switch|p2b: Sneasler|Sneasler, L50, F|100/100
|move|p1b: Sinistcha|Matcha Gotcha|p2b: Sneasler|[spread] p2a,p2b
|-resisted|p2a: Incineroar|1
|-resisted|p2b: Sneasler|1
|-damage|p2a: Incineroar|89/100
|-damage|p2b: Sneasler|84/100
|-status|p2b: Sneasler|brn
|move|p2a: Incineroar|Parting Shot|p1b: Sinistcha
|-unboost|p1b: Sinistcha|atk|1
|-unboost|p1b: Sinistcha|spa|1
|
|t:|1784765962
|switch|p2a: Blastoise|Blastoise, L50, M|100/100|[from] Parting Shot
|
|-weather|Sandstorm|[upkeep]
|-damage|p2b: Sneasler|78/100 brn|[from] Sandstorm
|-damage|p2a: Blastoise|94/100|[from] Sandstorm
|-damage|p1b: Sinistcha|93/100|[from] Sandstorm
|-damage|p2b: Sneasler|72/100 brn|[from] brn
|upkeep
|turn|2
|
|t:|1784765983
|switch|p1a: Rotom|Rotom-Wash, L50|100/100
|detailschange|p2a: Blastoise|Blastoise-Mega, L50, M
|-mega|p2a: Blastoise|Blastoise|Blastoisinite
|move|p2b: Sneasler|Fake Out|p1a: Rotom
|-damage|p1a: Rotom|92/100
|-status|p1a: Rotom|psn|[from] ability: Poison Touch|[of] p2b: Sneasler
|move|p2a: Blastoise|Shell Smash|p2a: Blastoise
|-unboost|p2a: Blastoise|def|1
|-unboost|p2a: Blastoise|spd|1
|-boost|p2a: Blastoise|atk|2
|-boost|p2a: Blastoise|spa|2
|-boost|p2a: Blastoise|spe|2
|move|p1b: Sinistcha|Matcha Gotcha|p2b: Sneasler|[spread] p2a
|-miss|p1b: Sinistcha|p2b: Sneasler
|-supereffective|p2a: Blastoise|1
|-damage|p2a: Blastoise|46/100
|-heal|p1b: Sinistcha|100/100|[from] drain|[of] p2a: Blastoise
|-status|p2a: Blastoise|brn
|
|-weather|Sandstorm|[upkeep]
|-damage|p2a: Blastoise|41/100 brn|[from] Sandstorm
|-damage|p2b: Sneasler|67/100 brn|[from] Sandstorm
|-damage|p1a: Rotom|87/100 psn|[from] Sandstorm
|-damage|p1b: Sinistcha|93/100|[from] Sandstorm
|-heal|p1a: Rotom|92/100 psn|[from] item: Leftovers
|-damage|p1a: Rotom|80/100 psn|[from] psn
|-damage|p2a: Blastoise|35/100 brn|[from] brn
|-damage|p2b: Sneasler|61/100 brn|[from] brn
|upkeep
|turn|3
|inactive|jiiito44 has 30 seconds left.
|
|t:|1784766011
|switch|p2b: Incineroar|Incineroar, L50, M|89/100
|-ability|p2b: Incineroar|Intimidate|boost
|-unboost|p1a: Rotom|atk|1
|-unboost|p1b: Sinistcha|atk|1
|move|p2a: Blastoise|Protect|p2a: Blastoise
|-singleturn|p2a: Blastoise|Protect
|move|p1b: Sinistcha|Rage Powder|p1b: Sinistcha
|-singleturn|p1b: Sinistcha|move: Rage Powder
|move|p1a: Rotom|Electroweb|p2a: Blastoise|[spread] p2b
|-activate|p2a: Blastoise|move: Protect
|-crit|p2b: Incineroar
|-damage|p2b: Incineroar|68/100
|-unboost|p2b: Incineroar|spe|1
|
|-weather|Sandstorm|[upkeep]
|-damage|p2a: Blastoise|29/100 brn|[from] Sandstorm
|-damage|p1a: Rotom|75/100 psn|[from] Sandstorm
|-damage|p1b: Sinistcha|87/100|[from] Sandstorm
|-damage|p2b: Incineroar|62/100|[from] Sandstorm
|-heal|p1a: Rotom|80/100 psn|[from] item: Leftovers
|-damage|p1a: Rotom|68/100 psn|[from] psn
|-damage|p2a: Blastoise|23/100 brn|[from] brn
|upkeep
|turn|4
|
|t:|1784766027
|move|p1b: Sinistcha|Protect|p1b: Sinistcha
|-singleturn|p1b: Sinistcha|Protect
|move|p2b: Incineroar|Fake Out|p1a: Rotom
|-damage|p1a: Rotom|57/100 psn
|move|p2a: Blastoise|Dark Pulse|p1b: Sinistcha
|-activate|p1b: Sinistcha|move: Protect
|cant|p1a: Rotom|flinch
|
|-weather|Sandstorm|[upkeep]
|-damage|p2a: Blastoise|17/100 brn|[from] Sandstorm
|-damage|p1a: Rotom|51/100 psn|[from] Sandstorm
|-damage|p1b: Sinistcha|81/100|[from] Sandstorm
|-damage|p2b: Incineroar|56/100|[from] Sandstorm
|-heal|p1a: Rotom|57/100 psn|[from] item: Leftovers
|-damage|p1a: Rotom|45/100 psn|[from] psn
|-damage|p2a: Blastoise|12/100 brn|[from] brn
|upkeep
|turn|5
|inactive|jiiito44 has 30 seconds left.
|
|t:|1784766058
|switch|p2b: Sinistcha|Sinistcha, L50|100/100
|-heal|p2a: Blastoise|37/100 brn|[from] ability: Hospitality|[of] p2b: Sinistcha
|move|p2a: Blastoise|Protect|p2a: Blastoise
|-singleturn|p2a: Blastoise|Protect
|move|p1b: Sinistcha|Rage Powder|p1b: Sinistcha
|-singleturn|p1b: Sinistcha|move: Rage Powder
|move|p1a: Rotom|Electroweb|p2a: Blastoise|[spread] p2b
|-activate|p2a: Blastoise|move: Protect
|-resisted|p2b: Sinistcha|1
|-damage|p2b: Sinistcha|92/100
|-unboost|p2b: Sinistcha|spe|1
|
|-weather|none
|-heal|p1a: Rotom|50/100g psn|[from] item: Leftovers
|-damage|p1a: Rotom|38/100 psn|[from] psn
|-damage|p2a: Blastoise|31/100 brn|[from] brn
|upkeep
|turn|6
|inactive|jiiito44 has 30 seconds left.
|
|t:|1784766095
|move|p1b: Sinistcha|Rage Powder|p1b: Sinistcha
|-singleturn|p1b: Sinistcha|move: Rage Powder
|move|p2a: Blastoise|Dark Pulse|p1b: Sinistcha
|-supereffective|p1b: Sinistcha|1
|-enditem|p1b: Sinistcha|Colbur Berry|[eat]
|-enditem|p1b: Sinistcha|Colbur Berry|[weaken]
|-damage|p1b: Sinistcha|0 fnt
|faint|p1b: Sinistcha
|move|p1a: Rotom|Thunderbolt|p2a: Blastoise
|-supereffective|p2a: Blastoise|1
|-damage|p2a: Blastoise|0 fnt
|faint|p2a: Blastoise
|move|p2b: Sinistcha|Matcha Gotcha|p1a: Rotom
|-supereffective|p1a: Rotom|1
|-damage|p1a: Rotom|0 fnt
|-heal|p2b: Sinistcha|100/100|[from] drain|[of] p1a: Rotom
|faint|p1a: Rotom
|
|upkeep
|
|t:|1784766110
|switch|p1a: Delphox|Delphox, L50, F|100/100
|switch|p2a: Incineroar|Incineroar, L50, M|56/100
|switch|p1b: Tyranitar|Tyranitar, L50, M|100/100
|-ability|p2a: Incineroar|Intimidate|boost
|-unboost|p1a: Delphox|atk|1
|-unboost|p1b: Tyranitar|atk|1
|-weather|Sandstorm|[from] ability: Sand Stream|[of] p1b: Tyranitar
|turn|7
|inactive|jiiito44 has 30 seconds left.
|inactive|jiiito44 has 20 seconds left.
|inactive|jiiito44 has 15 seconds left.
|
|t:|1784766154
|switch|p2a: Sneasler|Sneasler, L50, F|61/100 brn
|detailschange|p1a: Delphox|Delphox-Mega, L50, F
|-mega|p1a: Delphox|Delphox|Delphoxite
|move|p1b: Tyranitar|Protect|p1b: Tyranitar
|-singleturn|p1b: Tyranitar|Protect
|move|p1a: Delphox|Heat Wave|p2a: Sneasler|[spread] p2a,p2b
|-supereffective|p2b: Sinistcha|1
|-crit|p2b: Sinistcha
|-damage|p2a: Sneasler|7/100 brn
|-damage|p2b: Sinistcha|0 fnt
|faint|p2b: Sinistcha
|
|-weather|Sandstorm|[upkeep]
|-damage|p1a: Delphox|94/100|[from] Sandstorm
|-damage|p2a: Sneasler|1/100 brn|[from] Sandstorm
|-damage|p2a: Sneasler|0 fnt|[from] brn
|faint|p2a: Sneasler
|upkeep
|-message|jiiito44 forfeited.
|
|win|Adriatic Tides
|l|☆jiiito44
|player|p2|
||jiiito44 is ready for game 2.
||Adriatic Tides is ready for game 2.
|uhtml|next|Next: Game 2 of 3
|l|☆Adriatic Tides
|player|p1|
|j|☆Adriatic Tides
|player|p1|Adriatic Tides|leon|
