|j|☆PumitaNike
|j|☆SceptileFan7a0
|html|PumitaNikeSceptileFan7a0    
|uhtml|bestof|Game 2 of a best-of-3
|t:|1757826523
|gametype|doubles
|player|p1|PumitaNike|1|
|player|p2|SceptileFan7a0|steven|
|gen|9
|tier|[Gen 9] VGC 2025 Reg H (Bo3)
|rule|Species Clause: Limit one of each Pokémon
|rule|Item Clause: Limit 1 of each item
|clearpoke
|poke|p1|Porygon2, L50|
|poke|p1|Ursaluna, L50, M|
|poke|p1|Amoonguss, L50, F|
|poke|p1|Gholdengo, L50|
|poke|p1|Incineroar, L50, M|
|poke|p1|Dragonite, L50, F|
|poke|p2|Charizard, L50, M|
|poke|p2|Torkoal, L50, M|
|poke|p2|Porygon2, L50|
|poke|p2|Incineroar, L50, F|
|poke|p2|Jumpluff, L50, M|
|poke|p2|Ursaluna, L50, M|
|teampreview|4
|showteam|p1|Porygon2||Eviolite|Download|TeraBlast,IceBeam,Recover,TrickRoom||||||50|,,,,,Fighting]Ursaluna||FlameOrb|Guts|Facade,Protect,HeadlongRush,Earthquake|||M|||50|,,,,,Ghost]Amoonguss||RockyHelmet|Regenerator|PollenPuff,RagePowder,Spore,SludgeBomb|||F|||50|,,,,,Water]Gholdengo||LifeOrb|GoodasGold|NastyPlot,ShadowBall,MakeItRain,Protect||||||50|,,,,,Water]Incineroar||SitrusBerry|Intimidate|FakeOut,KnockOff,FlareBlitz,PartingShot|||M|||50|,,,,,Ghost]Dragonite||LoadedDice|Multiscale|ScaleShot,Tailwind,Haze,Protect|||F|||50|,,,,,Fairy
|showteam|p2|Charizard||ChoiceSpecs|SolarPower|HeatWave,Overheat,WeatherBall,AirSlash|||M|||50|,,,,,Ghost]Torkoal||EjectPack|Drought|Eruption,Overheat,HelpingHand,Protect|||M|||50|,,,,,Fire]Porygon2||Eviolite|Download|IceBeam,TeraBlast,TrickRoom,Recover||||||50|,,,,,Fighting]Incineroar||SitrusBerry|Intimidate|FlareBlitz,KnockOff,FakeOut,PartingShot|||F|||50|,,,,,Ghost]Jumpluff||CovertCloak|Chlorophyll|SleepPowder,SunnyDay,RagePowder,Tailwind|||M|||50|,,,,,Water]Ursaluna||FlameOrb|Guts|HeadlongRush,Facade,Earthquake,Protect|||M|||50|,,,,,Ghost
|
|t:|1757826585
|teamsize|p1|4
|teamsize|p2|4
|start
|switch|p1a: Gholdengo|Gholdengo, L50|100/100
|switch|p1b: Incineroar|Incineroar, L50, M|100/100
|switch|p2a: Jumpluff|Jumpluff, L50, M|100/100
|switch|p2b: Incineroar|Incineroar, L50, F|100/100
|-ability|p1b: Incineroar|Intimidate|boost
|-unboost|p2a: Jumpluff|atk|1
|-unboost|p2b: Incineroar|atk|1
|-ability|p2b: Incineroar|Intimidate|boost
|-unboost|p1a: Gholdengo|atk|1
|-unboost|p1b: Incineroar|atk|1
|turn|1
|
|t:|1757826629
|move|p1b: Incineroar|Fake Out|p2b: Incineroar
|-damage|p2b: Incineroar|92/100
|move|p2a: Jumpluff|Tailwind|p2a: Jumpluff
|-sidestart|p2: SceptileFan7a0|move: Tailwind
|cant|p2b: Incineroar|flinch
|move|p1a: Gholdengo|Nasty Plot|p1a: Gholdengo
|-boost|p1a: Gholdengo|spa|2
|
|upkeep
|turn|2
|
|t:|1757826657
|-terastallize|p1a: Gholdengo|Water
|move|p2a: Jumpluff|Sunny Day|p2a: Jumpluff
|-weather|SunnyDay
|move|p2b: Incineroar|Flare Blitz|p1a: Gholdengo
|-resisted|p1a: Gholdengo
|-damage|p1a: Gholdengo|73/100
|-damage|p2b: Incineroar|84/100|[from] Recoil
|move|p1a: Gholdengo|Make It Rain|p2b: Incineroar|[spread] p2a,p2b
|-resisted|p2b: Incineroar
|-damage|p2a: Jumpluff|0 fnt
|-damage|p2b: Incineroar|35/100
|-unboost|p1a: Gholdengo|spa|1
|-enditem|p2b: Incineroar|Sitrus Berry|[eat]
|-heal|p2b: Incineroar|59/100|[from] item: Sitrus Berry
|faint|p2a: Jumpluff
|-damage|p1a: Gholdengo|64/100|[from] item: Life Orb
|move|p1b: Incineroar|Parting Shot|p2b: Incineroar
|-unboost|p2b: Incineroar|atk|1
|-unboost|p2b: Incineroar|spa|1
|
|t:|1757826678
|switch|p1b: Ursaluna|Ursaluna, L50, M|100/100|[from] Parting Shot
|
|-weather|SunnyDay|[upkeep]
|-status|p1b: Ursaluna|brn|[from] item: Flame Orb
|upkeep
|
|t:|1757826683
|switch|p2a: Charizard|Charizard, L50, M|100/100
|turn|3
|
|t:|1757826711
|switch|p1b: Incineroar|Incineroar, L50, M|100/100
|-ability|p1b: Incineroar|Intimidate|boost
|-unboost|p2a: Charizard|atk|1
|-unboost|p2b: Incineroar|atk|1
|-terastallize|p2a: Charizard|Ghost
|move|p1a: Gholdengo|Protect|p1a: Gholdengo
|-singleturn|p1a: Gholdengo|Protect
|move|p2a: Charizard|Heat Wave|p1b: Incineroar|[spread] p1b
|-activate|p1a: Gholdengo|move: Protect
|-resisted|p1b: Incineroar
|-damage|p1b: Incineroar|45/100
|-enditem|p1b: Incineroar|Sitrus Berry|[eat]
|-heal|p1b: Incineroar|70/100|[from] item: Sitrus Berry
|move|p2b: Incineroar|Knock Off|p1b: Incineroar
|-resisted|p1b: Incineroar
|-damage|p1b: Incineroar|64/100
|
|-weather|SunnyDay|[upkeep]
|-damage|p2a: Charizard|88/100|[from] ability: Solar Power|[of] p2a: Charizard
|upkeep
|turn|4
|
|t:|1757826733
|move|p1b: Incineroar|Fake Out|p2b: Incineroar
|-damage|p2b: Incineroar|49/100
|move|p2a: Charizard|Heat Wave|p1b: Incineroar|[spread] p1a,p1b
|-resisted|p1a: Gholdengo
|-resisted|p1b: Incineroar
|-damage|p1a: Gholdengo|5/100
|-damage|p1b: Incineroar|15/100
|cant|p2b: Incineroar|flinch
|move|p1a: Gholdengo|Shadow Ball|p2a: Charizard
|-supereffective|p2a: Charizard
|-damage|p2a: Charizard|0 fnt
|faint|p2a: Charizard
|-damage|p1a: Gholdengo|0 fnt|[from] item: Life Orb
|faint|p1a: Gholdengo
|
|-weather|SunnyDay|[upkeep]
|-sideend|p2: SceptileFan7a0|move: Tailwind
|upkeep
|
|t:|1757826755
|switch|p2a: Torkoal|Torkoal, L50, M|100/100
|switch|p1a: Dragonite|Dragonite, L50, F|100/100
|turn|5
|
|t:|1757826771
|move|p2a: Torkoal|Protect|p2a: Torkoal
|-singleturn|p2a: Torkoal|Protect
|move|p1a: Dragonite|Scale Shot|p2b: Incineroar
|-damage|p2b: Incineroar|35/100
|-damage|p2b: Incineroar|21/100
|-damage|p2b: Incineroar|6/100
|-damage|p2b: Incineroar|0 fnt
|faint|p2b: Incineroar
|-hitcount|p2: Incineroar|4
|-unboost|p1a: Dragonite|def|1
|-boost|p1a: Dragonite|spe|1
|move|p1b: Incineroar|Parting Shot|p2a: Torkoal
|-activate|p2a: Torkoal|move: Protect
|
|-weather|SunnyDay|[upkeep]
|upkeep
|turn|6
|
|t:|1757826791
|move|p1a: Dragonite|Scale Shot|p2a: Torkoal
|-damage|p2a: Torkoal|89/100
|-crit|p2a: Torkoal
|-damage|p2a: Torkoal|71/100
|-damage|p2a: Torkoal|61/100
|-damage|p2a: Torkoal|50/100
|-hitcount|p2a: Torkoal|4
|-unboost|p1a: Dragonite|def|1
|-boost|p1a: Dragonite|spe|1
|move|p1b: Incineroar|Flare Blitz|p2a: Torkoal
|-resisted|p2a: Torkoal
|-damage|p2a: Torkoal|20/100
|-damage|p1b: Incineroar|6/100|[from] Recoil
|move|p2a: Torkoal|Eruption|p1b: Incineroar|[spread] p1a,p1b
|-resisted|p1a: Dragonite
|-resisted|p1b: Incineroar
|-damage|p1a: Dragonite|97/100
|-damage|p1b: Incineroar|0 fnt
|faint|p1b: Incineroar
|
|-weather|none
|upkeep
|
|t:|1757826814
|switch|p1b: Ursaluna|Ursaluna, L50, M|100/100 brn
|turn|7
|
|t:|1757826818
|move|p2a: Torkoal|Helping Hand|p2: Incineroar|[notarget]
|-fail|p2a: Torkoal
|move|p1a: Dragonite|Tailwind|p1a: Dragonite
|-sidestart|p1: PumitaNike|move: Tailwind
|move|p1b: Ursaluna|Earthquake|p2a: Torkoal|[spread] p2a
|-immune|p1a: Dragonite
|-supereffective|p2a: Torkoal
|-damage|p2a: Torkoal|0 fnt
|faint|p2a: Torkoal
|
|win|PumitaNike
|c|☆SceptileFan7a0|ggs
|n|☆PumitaNike|pumitanike
|c|☆PumitaNike|GG
|c|☆PumitaNike|Estoy bastante bien para la semana que viene
|c|☆SceptileFan7a0|mejor así
|c|☆SceptileFan7a0|no te confíes igual q nunca se sabe ajajaj pero bien
|c|☆PumitaNike|Estoy más tranquilo que la primera semana por lo menos
|c|☆SceptileFan7a0|yo el miércoles x como venía jugando me veía ganando. Pero el viernes y hoy (ayer) me empezó a salir todo mal
|c|☆SceptileFan7a0|ahh si eso de una. por ahi la 1er semana es medio una cagada jajaj
|c|☆SceptileFan7a0|querés jugar otra?
|c|☆PumitaNike|Oka
|c|☆SceptileFan7a0|no sé si hay un equipo en particular contra el q no sepas como plantear el match
|c|☆SceptileFan7a0|pero si querés te voy con alguno de esos para q pruebes
|c|☆PumitaNike|Dale
|c|☆SceptileFan7a0|igual, de momento solo sé jugar bien con este de sol y el q usé esta fecha
|c|☆SceptileFan7a0|pero tal vez te sriva jajj
|c|☆PumitaNike|Todo sirve
|l|☆SceptileFan7a0
|player|p2|
