|j|☆pauvres
|j|☆hacker vgc
|html|pauvreshacker vgc    
|uhtml|bestof|Game 3 of a best-of-3
|t:|1783954479
|gametype|doubles
|player|p1|pauvres|170|1166
|player|p2|hacker vgc|265|1208
|gen|9
|tier|[Gen 9 Champions] VGC 2026 Reg M-B (Bo3)
|rated|
|rule|Species Clause: Limit one of each Pokémon
|rule|Item Clause: Limit 1 of each item
|clearpoke
|poke|p1|Garchomp, L50, M|
|poke|p1|Venusaur, L50, F|
|poke|p1|Incineroar, L50, F|
|poke|p1|Charizard, L50, M|
|poke|p1|Toxapex, L50, M|
|poke|p1|Annihilape, L50, M|
|poke|p2|Farigiraf, L50, M|
|poke|p2|Gholdengo, L50|
|poke|p2|Primarina, L50, M|
|poke|p2|Blaziken, L50, M|
|poke|p2|Whimsicott, L50, M|
|poke|p2|Scovillain, L50, F|
|teampreview|4
|showteam|p1|Garchomp||ChoiceScarf|RoughSkin|Earthquake,RockSlide,DragonClaw,StompingTantrum|Adamant||M|||50|]Venusaur||LifeOrb|Chlorophyll|SludgeBomb,SolarBeam,EarthPower,Protect|Modest||F|||50|]Incineroar||SitrusBerry|Intimidate|FakeOut,FlareBlitz,ThroatChop,PartingShot|Impish||F|||50|]Charizard||CharizarditeY|Blaze|HeatWave,WeatherBall,Protect,HelpingHand|Modest||M|||50|]Toxapex||Leftovers|Regenerator|Infestation,Toxic,WideGuard,BanefulBunker|Impish||M|||50|]Annihilape||FocusSash|Defiant|CloseCombat,PhantomForce,RockTomb,Protect|Jolly||M|||50|
|showteam|p2|Farigiraf||SitrusBerry|ArmorTail|Psychic,TrickRoom,HelpingHand,Protect|Calm||M|||50|]Gholdengo||MetalCoat|GoodasGold|MakeItRain,ShadowBall,NastyPlot,Protect|Calm|||||50|]Primarina||LifeOrb|LiquidVoice|HyperVoice,Moonblast,Protect,PsychicNoise|Modest||M|||50|]Blaziken||Blazikenite|SpeedBoost|CloseCombat,FlareBlitz,RockSlide,Protect|Adamant||M|||50|]Whimsicott||FocusSash|Prankster|Moonblast,Tailwind,Encore,LightScreen|Timid||M|||50|]Scovillain||Scovillainite|Moody|Overheat,RagePowder,GigaDrain,Protect|Calm||F|||50|
|inactive|Battle timer is ON: inactive players will automatically lose when time's up. (requested by pauvres)
|j| Rannam234
|inactive|pauvres has 60 seconds left.
|inactive|hacker vgc has 60 seconds left.
|inactive|pauvres has 30 seconds left.
|inactive|hacker vgc has 30 seconds left.
|
|t:|1783954556
|teamsize|p1|4
|teamsize|p2|4
|start
|switch|p1a: Toxapex|Toxapex, L50, M|100/100
|switch|p1b: Garchomp|Garchomp, L50, M|100/100
|switch|p2a: Whimsicott|Whimsicott, L50, M|100/100
|switch|p2b: Blaziken|Blaziken, L50, M|100/100
|turn|1
|
|t:|1783954570
|move|p2b: Blaziken|Protect|p2b: Blaziken
|-singleturn|p2b: Blaziken|Protect
|move|p2a: Whimsicott|Tailwind|p2a: Whimsicott
|-sidestart|p2: hacker vgc|move: Tailwind
|move|p1b: Garchomp|Rock Slide|p2a: Whimsicott|[spread] p2a
|-activate|p2b: Blaziken|move: Protect
|-damage|p2a: Whimsicott|70/100
|move|p1a: Toxapex|Toxic|p2b: Blaziken
|-activate|p2b: Blaziken|move: Protect
|
|-ability|p2b: Blaziken|Speed Boost|boost
|-boost|p2b: Blaziken|spe|1
|upkeep
|turn|2
|
|t:|1783954586
|switch|p1b: Incineroar|Incineroar, L50, F|100/100
|-ability|p1b: Incineroar|Intimidate|boost
|-unboost|p2a: Whimsicott|atk|1
|-unboost|p2b: Blaziken|atk|1
|move|p2b: Blaziken|Close Combat|p1b: Incineroar
|-supereffective|p1b: Incineroar|1
|-damage|p1b: Incineroar|39/100
|-unboost|p2b: Blaziken|def|1
|-unboost|p2b: Blaziken|spd|1
|-enditem|p1b: Incineroar|Sitrus Berry|[eat]
|-heal|p1b: Incineroar|64/100|[from] item: Sitrus Berry
|move|p2a: Whimsicott|Moonblast|p1b: Incineroar
|-damage|p1b: Incineroar|31/100
|move|p1a: Toxapex|Toxic|p2b: Blaziken
|-status|p2b: Blaziken|tox
|
|-damage|p2b: Blaziken|94/100 tox|[from] psn
|-ability|p2b: Blaziken|Speed Boost|boost
|-boost|p2b: Blaziken|spe|1
|upkeep
|turn|3
|
|t:|1783954609
|switch|p2b: Primarina|Primarina, L50, M|100/100
|move|p1b: Incineroar|Fake Out|p2a: Whimsicott
|-damage|p2a: Whimsicott|56/100
|cant|p2a: Whimsicott|flinch
|move|p1a: Toxapex|Infestation|p2b: Primarina
|-resisted|p2b: Primarina|1
|-damage|p2b: Primarina|98/100
|-activate|p2b: Primarina|move: Infestation|[of] p1a: Toxapex
|
|-damage|p2b: Primarina|86/100|[from] move: Infestation|[partiallytrapped]
|upkeep
|turn|4
|
|t:|1783954625
|move|p2a: Whimsicott|Light Screen|p2a: Whimsicott
|-sidestart|p2: hacker vgc|move: Light Screen
|move|p2b: Primarina|Hyper Voice|p1a: Toxapex|[spread] p1a,p1b
|-resisted|p1a: Toxapex|1
|-supereffective|p1b: Incineroar|1
|-damage|p1a: Toxapex|80/100
|-damage|p1b: Incineroar|0 fnt
|faint|p1b: Incineroar
|-damage|p2b: Primarina|77/100|[from] item: Life Orb
|move|p1a: Toxapex|Toxic|p2b: Primarina
|-status|p2b: Primarina|tox
|
|-heal|p1a: Toxapex|86/100|[from] item: Leftovers
|-damage|p2b: Primarina|71/100 tox|[from] psn
|-damage|p2b: Primarina|58/100 tox|[from] move: Infestation|[partiallytrapped]
|-sideend|p2: hacker vgc|move: Tailwind
|upkeep
|
|t:|1783954644
|switch|p1b: Charizard|Charizard, L50, M|100/100
|turn|5
|
|t:|1783954654
|move|p1b: Charizard|Protect|p1b: Charizard
|-singleturn|p1b: Charizard|Protect
|move|p2a: Whimsicott|Tailwind|p2a: Whimsicott
|-sidestart|p2: hacker vgc|move: Tailwind
|move|p2b: Primarina|Hyper Voice|p1b: Charizard|[spread] p1a
|-activate|p1b: Charizard|move: Protect
|-resisted|p1a: Toxapex|1
|-damage|p1a: Toxapex|69/100
|-damage|p2b: Primarina|49/100 tox|[from] item: Life Orb
|move|p1a: Toxapex|Toxic|p2a: Whimsicott
|-status|p2a: Whimsicott|tox
|
|-heal|p1a: Toxapex|75/100|[from] item: Leftovers
|-damage|p2a: Whimsicott|50/100g tox|[from] psn
|-damage|p2b: Primarina|37/100 tox|[from] psn
|-damage|p2b: Primarina|25/100 tox|[from] move: Infestation|[partiallytrapped]
|upkeep
|turn|6
|
|t:|1783954673
|detailschange|p1b: Charizard|Charizard-Mega-Y, L50, M
|-mega|p1b: Charizard|Charizard|Charizardite Y
|-weather|SunnyDay|[from] ability: Drought|[of] p1b: Charizard
|move|p2a: Whimsicott|Encore|p1b: Charizard
|-start|p1b: Charizard|Encore
|move|p1b: Charizard|Protect||[still]
|-fail|p1b: Charizard
|move|p2b: Primarina|Moonblast|p1b: Charizard
|-resisted|p1b: Charizard|1
|-damage|p1b: Charizard|70/100
|-damage|p2b: Primarina|15/100 tox|[from] item: Life Orb
|move|p1a: Toxapex|Infestation|p2a: Whimsicott
|-damage|p2a: Whimsicott|46/100 tox
|-activate|p2a: Whimsicott|move: Infestation|[of] p1a: Toxapex
|
|-weather|SunnyDay|[upkeep]
|-heal|p1a: Toxapex|80/100|[from] item: Leftovers
|-damage|p2a: Whimsicott|35/100 tox|[from] psn
|-damage|p2b: Primarina|0 fnt|[from] psn
|faint|p2b: Primarina
|-damage|p2a: Whimsicott|22/100 tox|[from] move: Infestation|[partiallytrapped]
|upkeep
|
|t:|1783954686
|switch|p2b: Scovillain|Scovillain, L50, F|100/100
|turn|7
|
|t:|1783954697
|detailschange|p2b: Scovillain|Scovillain-Mega, L50, F
|-mega|p2b: Scovillain|Scovillain|Scovillainite
|move|p1b: Charizard|Protect|p1b: Charizard
|-singleturn|p1b: Charizard|Protect
|move|p2a: Whimsicott|Encore|p1a: Toxapex
|-start|p1a: Toxapex|Encore
|move|p2b: Scovillain|Giga Drain|p1a: Toxapex
|-damage|p1a: Toxapex|56/100
|move|p1a: Toxapex|Infestation|p2b: Scovillain
|-damage|p2b: Scovillain|98/100
|-activate|p2b: Scovillain|move: Infestation|[of] p1a: Toxapex
|-status|p1a: Toxapex|brn|[from] ability: Spicy Spray|[of] p2b: Scovillain
|
|-weather|SunnyDay|[upkeep]
|-heal|p1a: Toxapex|61/100 brn|[from] item: Leftovers
|-damage|p2a: Whimsicott|5/100 tox|[from] psn
|-damage|p1a: Toxapex|56/100 brn|[from] brn
|-damage|p2a: Whimsicott|0 fnt|[from] move: Infestation|[partiallytrapped]
|faint|p2a: Whimsicott
|-damage|p2b: Scovillain|86/100|[from] move: Infestation|[partiallytrapped]
|upkeep
|
|t:|1783954706
|switch|p2a: Blaziken|Blaziken, L50, M|94/100 tox
|turn|8
|
|t:|1783954722
|-heal|p1a: Toxapex|89/100 brn|[from] ability: Regenerator|[silent]
|switch|p1a: Garchomp|Garchomp, L50, M|100/100
|move|p1b: Charizard|Protect||[still]
|-fail|p1b: Charizard
|move|p2a: Blaziken|Rock Slide|p1a: Garchomp|[spread] p1a,p1b
|-resisted|p1a: Garchomp|1
|-supereffective|p1b: Charizard|2
|-damage|p1a: Garchomp|90/100
|-damage|p1b: Charizard|0 fnt
|faint|p1b: Charizard
|move|p2b: Scovillain|Giga Drain|p1a: Garchomp
|-damage|p1a: Garchomp|51/100
|-heal|p2b: Scovillain|100/100|[from] drain|[of] p1a: Garchomp
|
|-weather|SunnyDay|[upkeep]
|-damage|p2a: Blaziken|88/100 tox|[from] psn
|-end|p2b: Scovillain|Infestation|[partiallytrapped]|[silent]
|-sideend|p2: hacker vgc|move: Light Screen
|-sideend|p2: hacker vgc|move: Tailwind
|-ability|p2a: Blaziken|Speed Boost|boost
|-boost|p2a: Blaziken|spe|1
|upkeep
|
|t:|1783954734
|switch|p1b: Toxapex|Toxapex, L50, M|89/100 brn
|turn|9
|
|t:|1783954749
|move|p2a: Blaziken|Protect|p2a: Blaziken
|-singleturn|p2a: Blaziken|Protect
|move|p2b: Scovillain|Protect|p2b: Scovillain
|-singleturn|p2b: Scovillain|Protect
|move|p1a: Garchomp|Stomping Tantrum|p2a: Blaziken
|-activate|p2a: Blaziken|move: Protect
|move|p1b: Toxapex|Toxic|p2b: Scovillain
|-activate|p2b: Scovillain|move: Protect
|
|-weather|SunnyDay|[upkeep]
|-heal|p1b: Toxapex|94/100 brn|[from] item: Leftovers
|-damage|p2a: Blaziken|77/100 tox|[from] psn
|-damage|p1b: Toxapex|89/100 brn|[from] brn
|-ability|p2a: Blaziken|Speed Boost|boost
|-boost|p2a: Blaziken|spe|1
|upkeep
|turn|10
|
|t:|1783954760
|move|p2a: Blaziken|Close Combat|p1a: Garchomp
|-damage|p1a: Garchomp|0 fnt
|-unboost|p2a: Blaziken|def|1
|-unboost|p2a: Blaziken|spd|1
|-damage|p2a: Blaziken|64/100 tox|[from] ability: Rough Skin|[of] p1a: Garchomp
|faint|p1a: Garchomp
|move|p2b: Scovillain|Giga Drain|p1b: Toxapex
|-damage|p1b: Toxapex|62/100 brn
|move|p1b: Toxapex|Toxic|p2b: Scovillain
|-status|p2b: Scovillain|tox
|
|-weather|none
|-heal|p1b: Toxapex|68/100 brn|[from] item: Leftovers
|-damage|p2a: Blaziken|47/100 tox|[from] psn
|-damage|p2b: Scovillain|94/100 tox|[from] psn
|-damage|p1b: Toxapex|62/100 brn|[from] brn
|-ability|p2a: Blaziken|Speed Boost|boost
|-boost|p2a: Blaziken|spe|1
|upkeep
|turn|11
|
|t:|1783954775
|move|p1b: Toxapex|Baneful Bunker|p1b: Toxapex
|-singleturn|p1b: Toxapex|move: Protect
|move|p2a: Blaziken|Close Combat|p1b: Toxapex
|-activate|p1b: Toxapex|move: Protect
|move|p2b: Scovillain|Giga Drain|p1b: Toxapex
|-activate|p1b: Toxapex|move: Protect
|
|-heal|p1b: Toxapex|68/100 brn|[from] item: Leftovers
|-damage|p2a: Blaziken|24/100 tox|[from] psn
|-damage|p2b: Scovillain|82/100 tox|[from] psn
|-damage|p1b: Toxapex|62/100 brn|[from] brn
|-ability|p2a: Blaziken|Speed Boost|boost
|-boost|p2a: Blaziken|spe|1
|upkeep
|turn|12
|
|t:|1783954787
|move|p2a: Blaziken|Close Combat|p1b: Toxapex
|-resisted|p1b: Toxapex|1
|-damage|p1b: Toxapex|42/100 brn
|-unboost|p2a: Blaziken|def|1
|-unboost|p2a: Blaziken|spd|1
|move|p2b: Scovillain|Giga Drain|p1b: Toxapex
|-damage|p1b: Toxapex|17/100 brn
|-heal|p2b: Scovillain|94/100 tox|[from] drain|[of] p1b: Toxapex
|move|p1b: Toxapex|Infestation|p2b: Scovillain
|-damage|p2b: Scovillain|90/100 tox
|-activate|p2b: Scovillain|move: Infestation|[of] p1b: Toxapex
|
|-heal|p1b: Toxapex|22/100 brn|[from] item: Leftovers
|-damage|p2a: Blaziken|0 fnt|[from] psn
|faint|p2a: Blaziken
|-damage|p2b: Scovillain|73/100 tox|[from] psn
|-damage|p1b: Toxapex|17/100 brn|[from] brn
|-damage|p2b: Scovillain|61/100 tox|[from] move: Infestation|[partiallytrapped]
|upkeep
|turn|13
|
|t:|1783954803
|move|p1b: Toxapex|Baneful Bunker|p1b: Toxapex
|-singleturn|p1b: Toxapex|move: Protect
|move|p2b: Scovillain|Giga Drain|p1b: Toxapex
|-activate|p1b: Toxapex|move: Protect
|
|-heal|p1b: Toxapex|22/100 brn|[from] item: Leftovers
|-damage|p2b: Scovillain|37/100 tox|[from] psn
|-damage|p1b: Toxapex|17/100 brn|[from] brn
|-damage|p2b: Scovillain|25/100 tox|[from] move: Infestation|[partiallytrapped]
|upkeep
|turn|14
|
|t:|1783954813
|move|p1b: Toxapex|Baneful Bunker|p1b: Toxapex
|-singleturn|p1b: Toxapex|move: Protect
|move|p2b: Scovillain|Giga Drain|p1b: Toxapex
|-activate|p1b: Toxapex|move: Protect
|
|-heal|p1b: Toxapex|22/100 brn|[from] item: Leftovers
|-damage|p2b: Scovillain|0 fnt|[from] psn
|faint|p2b: Scovillain
|
|win|pauvres
|raw|pauvres's rating: 1166 → 1194(+28 for winning)
|raw|hacker vgc's rating: 1208 → 1180(-28 for losing)
|l|☆pauvres
|player|p1|
|l| Rannam234
