|j|☆ajiooajioo
|j|☆ToastTopping
|html|ajiooajiooToastTopping    
|uhtml|bestof|Game 2 of a best-of-3
|t:|1784472234
|gametype|doubles
|player|p1|ajiooajioo|102|1037
|player|p2|ToastTopping|101|1098
|gen|9
|tier|[Gen 9 Champions] VGC 2026 Reg M-B (Bo3)
|rated|
|rule|Species Clause: Limit one of each Pokémon
|rule|Item Clause: Limit 1 of each item
|clearpoke
|poke|p1|Gholdengo, L50|
|poke|p1|Incineroar, L50, M|
|poke|p1|Sinistcha, L50|
|poke|p1|Milotic, L50, F|
|poke|p1|Gardevoir, L50, M|
|poke|p1|Sneasler, L50, F|
|poke|p2|Delphox, L50, M|
|poke|p2|Sinistcha, L50|
|poke|p2|Aerodactyl, L50, M|
|poke|p2|Kingambit, L50, F|
|poke|p2|Sneasler, L50, F|
|poke|p2|Raichu, L50, M|
|teampreview|4
|showteam|p1|Gholdengo||LifeOrb|GoodasGold|MakeItRain,ShadowBall,NastyPlot,Protect|Timid|||||50|]Incineroar||SitrusBerry|Intimidate|FakeOut,PartingShot,FlareBlitz,WillOWisp|Careful||M|||50|]Sinistcha||OccaBerry|Hospitality|MatchaGotcha,RagePowder,Protect,TrickRoom|Relaxed|||||50|]Milotic||Leftovers|Competitive|Scald,Hypnosis,Coil,Protect|Bold||F|||50|]Gardevoir||Gardevoirite|Trace|CalmMind,HyperVoice,Psychic,Protect|Bold||M|||50|]Sneasler||FocusSash|PoisonTouch|DireClaw,CloseCombat,QuickGuard,FakeOut|Jolly||F|||50|
|showteam|p2|Delphox||Delphoxite|Blaze|HeatWave,Psychic,NastyPlot,Protect|Timid||M|||50|]Sinistcha||SitrusBerry|Hospitality|MatchaGotcha,LifeDew,TrickRoom,RagePowder|Calm|||||50|]Aerodactyl||FocusSash|Unnerve|RockSlide,DualWingbeat,Tailwind,WideGuard|Jolly||M|||50|]Kingambit||ChopleBerry|Defiant|KowtowCleave,SuckerPunch,IronHead,Protect|Adamant||F|||50|]Sneasler||WhiteHerb|Unburden|CloseCombat,DireClaw,FakeOut,Protect|Adamant||F|||50|]Raichu||RaichuniteY|LightningRod|ZapCannon,FocusBlast,FakeOut,Protect|Hasty||M|||50|
|inactive|Battle timer is ON: inactive players will automatically lose when time's up. (requested by ToastTopping)
|inactive|ajiooajioo has 60 seconds left.
|
|t:|1784472332
|teamsize|p1|4
|teamsize|p2|4
|start
|switch|p1a: Incineroar|Incineroar, L50, M|100/100
|switch|p1b: Milotic|Milotic, L50, F|100/100
|switch|p2a: Delphox|Delphox, L50, M|100/100
|switch|p2b: Kingambit|Kingambit, L50, F|100/100
|-ability|p1a: Incineroar|Intimidate|boost
|-unboost|p2a: Delphox|atk|1
|-unboost|p2b: Kingambit|atk|1
|-ability|p2b: Kingambit|Defiant|boost
|-boost|p2b: Kingambit|atk|2
|turn|1
|
|t:|1784472352
|switch|p2a: Sneasler|Sneasler, L50, F|100/100
|move|p1a: Incineroar|Fake Out|p2b: Kingambit
|-resisted|p2b: Kingambit|1
|-damage|p2b: Kingambit|96/100
|move|p1b: Milotic|Coil|p1b: Milotic
|-boost|p1b: Milotic|atk|1
|-boost|p1b: Milotic|def|1
|-boost|p1b: Milotic|accuracy|1
|cant|p2b: Kingambit|flinch
|
|upkeep
|turn|2
|inactive|ajiooajioo has 30 seconds left.
|inactive|ToastTopping has 30 seconds left.
|inactive|ajiooajioo has 20 seconds left.
|inactive|ajiooajioo has 15 seconds left.
|inactive|ajiooajioo has 10 seconds left.
|
|t:|1784472397
|switch|p1a: Gholdengo|Gholdengo, L50|100/100
|move|p2a: Sneasler|Close Combat|p1a: Gholdengo
|-immune|p1a: Gholdengo
|move|p1b: Milotic|Hypnosis|p2b: Kingambit|[miss]
|-miss|p1b: Milotic|p2b: Kingambit
|move|p2b: Kingambit|Kowtow Cleave|p1a: Gholdengo
|-supereffective|p1a: Gholdengo|1
|-damage|p1a: Gholdengo|0 fnt
|faint|p1a: Gholdengo
|
|upkeep
|
|t:|1784472412
|switch|p1a: Sneasler|Sneasler, L50, F|100/100
|turn|3
|
|t:|1784472433
|switch|p2a: Sinistcha|Sinistcha, L50|100/100
|-heal|p2b: Kingambit|100/100|[from] ability: Hospitality|[of] p2a: Sinistcha
|move|p2b: Kingambit|Protect|p2b: Kingambit
|-singleturn|p2b: Kingambit|Protect
|move|p1a: Sneasler|Close Combat|p2b: Kingambit
|-activate|p2b: Kingambit|move: Protect
|move|p1b: Milotic|Coil|p1b: Milotic
|-boost|p1b: Milotic|atk|1
|-boost|p1b: Milotic|def|1
|-boost|p1b: Milotic|accuracy|1
|
|upkeep
|turn|4
|inactive|ajiooajioo has 30 seconds left.
|inactive|ToastTopping has 30 seconds left.
|
|t:|1784472466
|move|p1a: Sneasler|Quick Guard|p1a: Sneasler
|-singleturn|p1a: Sneasler|Quick Guard
|move|p2a: Sinistcha|Rage Powder|p2a: Sinistcha
|-singleturn|p2a: Sinistcha|move: Rage Powder
|move|p1b: Milotic|Hypnosis|p2a: Sinistcha
|-status|p2a: Sinistcha|slp|[from] move: Hypnosis
|move|p2b: Kingambit|Kowtow Cleave|p1b: Milotic
|-damage|p1b: Milotic|74/100
|
|-heal|p1b: Milotic|80/100|[from] item: Leftovers
|upkeep
|turn|5
|inactive|ajiooajioo has 30 seconds left.
|inactive|ajiooajioo has 20 seconds left.
|
|t:|1784472502
|switch|p1a: Incineroar|Incineroar, L50, M|100/100
|-ability|p1a: Incineroar|Intimidate|boost
|-unboost|p2a: Sinistcha|atk|1
|-unboost|p2b: Kingambit|atk|1
|-ability|p2b: Kingambit|Defiant|boost
|-boost|p2b: Kingambit|atk|2
|move|p2b: Kingambit|Protect|p2b: Kingambit
|-singleturn|p2b: Kingambit|Protect
|move|p1b: Milotic|Hypnosis|p2b: Kingambit
|-activate|p2b: Kingambit|move: Protect
|cant|p2a: Sinistcha|slp
|
|-heal|p1b: Milotic|86/100|[from] item: Leftovers
|upkeep
|turn|6
|inactive|ajiooajioo has 30 seconds left.
|inactive|ajiooajioo has 20 seconds left.
|inactive|ajiooajioo has 15 seconds left.
|
|t:|1784472547
|move|p2b: Kingambit|Protect|p2b: Kingambit
|-singleturn|p2b: Kingambit|Protect
|move|p1b: Milotic|Coil|p1b: Milotic
|-boost|p1b: Milotic|atk|1
|-boost|p1b: Milotic|def|1
|-boost|p1b: Milotic|accuracy|1
|cant|p2a: Sinistcha|slp
|move|p1a: Incineroar|Flare Blitz|p2b: Kingambit
|-activate|p2b: Kingambit|move: Protect
|
|-heal|p1b: Milotic|92/100|[from] item: Leftovers
|upkeep
|turn|7
|
|t:|1784472571
|move|p1b: Milotic|Protect|p1b: Milotic
|-singleturn|p1b: Milotic|Protect
|-curestatus|p2a: Sinistcha|slp|[msg]
|move|p2a: Sinistcha|Rage Powder|p2a: Sinistcha
|-singleturn|p2a: Sinistcha|move: Rage Powder
|move|p1a: Incineroar|Flare Blitz|p2a: Sinistcha
|-supereffective|p2a: Sinistcha|1
|-damage|p2a: Sinistcha|5/100
|-enditem|p2a: Sinistcha|Sitrus Berry|[eat]
|-heal|p2a: Sinistcha|30/100|[from] item: Sitrus Berry
|-damage|p1a: Incineroar|72/100|[from] Recoil
|move|p2b: Kingambit|Kowtow Cleave|p1b: Milotic
|-activate|p1b: Milotic|move: Protect
|
|-heal|p1b: Milotic|98/100|[from] item: Leftovers
|upkeep
|turn|8
|inactive|ajiooajioo has 30 seconds left.
|inactive|ToastTopping has 30 seconds left.
|inactive|ToastTopping has 20 seconds left.
|inactive|ToastTopping has 15 seconds left.
|
|t:|1784472615
|move|p2b: Kingambit|Protect|p2b: Kingambit
|-singleturn|p2b: Kingambit|Protect
|move|p1b: Milotic|Coil|p1b: Milotic
|-boost|p1b: Milotic|atk|1
|-boost|p1b: Milotic|def|1
|-boost|p1b: Milotic|accuracy|1
|move|p2a: Sinistcha|Matcha Gotcha|p1a: Incineroar|[spread] p1a,p1b
|-resisted|p1a: Incineroar|1
|-supereffective|p1b: Milotic|1
|-damage|p1a: Incineroar|64/100
|-heal|p2a: Sinistcha|34/100|[from] drain|[of] p1a: Incineroar
|-damage|p1b: Milotic|62/100
|-heal|p2a: Sinistcha|55/100|[from] drain|[of] p1b: Milotic
|move|p1a: Incineroar|Flare Blitz|p2a: Sinistcha
|-supereffective|p2a: Sinistcha|1
|-damage|p2a: Sinistcha|0 fnt
|faint|p2a: Sinistcha
|-damage|p1a: Incineroar|49/100|[from] Recoil
|-enditem|p1a: Incineroar|Sitrus Berry|[eat]
|-heal|p1a: Incineroar|73/100|[from] item: Sitrus Berry
|
|-heal|p1b: Milotic|68/100|[from] item: Leftovers
|upkeep
|inactive|ToastTopping has 30 seconds left.
|
|t:|1784472648
|switch|p2a: Sneasler|Sneasler, L50, F|100/100
|turn|9
|
|t:|1784472673
|switch|p1a: Sneasler|Sneasler, L50, F|100/100
|move|p2a: Sneasler|Fake Out|p1b: Milotic
|-damage|p1b: Milotic|64/100
|cant|p1b: Milotic|flinch
|move|p2b: Kingambit|Kowtow Cleave|p1b: Milotic
|-damage|p1b: Milotic|40/100
|
|-heal|p1b: Milotic|46/100|[from] item: Leftovers
|upkeep
|turn|10
|
|t:|1784472692
|move|p1b: Milotic|Protect|p1b: Milotic
|-singleturn|p1b: Milotic|Protect
|move|p2b: Kingambit|Protect|p2b: Kingambit
|-singleturn|p2b: Kingambit|Protect
|move|p1a: Sneasler|Fake Out|p2a: Sneasler
|-damage|p2a: Sneasler|74/100
|cant|p2a: Sneasler|flinch
|
|-heal|p1b: Milotic|52/100|[from] item: Leftovers
|upkeep
|turn|11
|inactive|ToastTopping has 30 seconds left.
|
|t:|1784472727
|move|p1a: Sneasler|Close Combat|p2b: Kingambit
|-supereffective|p2b: Kingambit|2
|-enditem|p2b: Kingambit|Chople Berry|[eat]
|-enditem|p2b: Kingambit|Chople Berry|[weaken]
|-damage|p2b: Kingambit|9/100
|-unboost|p1a: Sneasler|def|1
|-unboost|p1a: Sneasler|spd|1
|move|p2a: Sneasler|Dire Claw|p1b: Milotic
|-damage|p1b: Milotic|40/100
|move|p1b: Milotic|Scald|p2a: Sneasler
|-damage|p2a: Sneasler|39/100
|move|p2b: Kingambit|Kowtow Cleave|p1b: Milotic
|-damage|p1b: Milotic|14/100
|
|-heal|p1b: Milotic|20/100y|[from] item: Leftovers
|upkeep
|turn|12
|inactive|ajiooajioo has 30 seconds left.
|inactive|ToastTopping has 30 seconds left.
|
|t:|1784472754
|move|p2b: Kingambit|Sucker Punch||[still]
|-fail|p2b: Kingambit
|move|p1a: Sneasler|Dire Claw|p2a: Sneasler
|-resisted|p2a: Sneasler|1
|-damage|p2a: Sneasler|2/100
|move|p2a: Sneasler|Close Combat|p1b: Milotic
|-damage|p1b: Milotic|3/100
|-unboost|p2a: Sneasler|def|1
|-unboost|p2a: Sneasler|spd|1
|-enditem|p2a: Sneasler|White Herb
|-clearnegativeboost|p2a: Sneasler|[silent]
|move|p1b: Milotic|Coil|p1b: Milotic
|-boost|p1b: Milotic|atk|1
|-boost|p1b: Milotic|def|1
|-boost|p1b: Milotic|accuracy|1
|
|-heal|p1b: Milotic|9/100|[from] item: Leftovers
|upkeep
|turn|13
|inactive|ajiooajioo has 30 seconds left.
|inactive|ToastTopping has 30 seconds left.
|inactive|ajiooajioo has 20 seconds left.
|
|t:|1784472791
|move|p1b: Milotic|Protect|p1b: Milotic
|-singleturn|p1b: Milotic|Protect
|move|p2a: Sneasler|Close Combat|p1a: Sneasler
|-resisted|p1a: Sneasler|1
|-damage|p1a: Sneasler|14/100
|-unboost|p2a: Sneasler|def|1
|-unboost|p2a: Sneasler|spd|1
|move|p1a: Sneasler|Dire Claw|p2a: Sneasler
|-resisted|p2a: Sneasler|1
|-damage|p2a: Sneasler|0 fnt
|faint|p2a: Sneasler
|move|p2b: Kingambit|Kowtow Cleave|p1b: Milotic
|-activate|p1b: Milotic|move: Protect
|
|-heal|p1b: Milotic|15/100|[from] item: Leftovers
|upkeep
|
|t:|1784472800
|switch|p2a: Delphox|Delphox, L50, M|100/100
|turn|14
|inactive|ajiooajioo has 30 seconds left.
|inactive|ajiooajioo has 20 seconds left.
|
|t:|1784472837
|detailschange|p2a: Delphox|Delphox-Mega, L50, M
|-mega|p2a: Delphox|Delphox|Delphoxite
|move|p1b: Milotic|Protect||[still]
|-fail|p1b: Milotic
|move|p2a: Delphox|Heat Wave|p1a: Sneasler|[spread] p1a,p1b
|-resisted|p1b: Milotic|1
|-damage|p1a: Sneasler|0 fnt
|-damage|p1b: Milotic|0 fnt
|faint|p1a: Sneasler
|faint|p1b: Milotic
|move|p2b: Kingambit|Kowtow Cleave|p1: Sneasler|[notarget]
|-fail|p2b: Kingambit
|
|upkeep
|inactive|ajiooajioo has 30 seconds left.
|
|t:|1784472850
|switch|p1a: Incineroar|Incineroar, L50, M|73/100
|-ability|p1a: Incineroar|Intimidate|boost
|-unboost|p2a: Delphox|atk|1
|-unboost|p2b: Kingambit|atk|1
|-ability|p2b: Kingambit|Defiant|boost
|-boost|p2b: Kingambit|atk|2
|turn|15
|inactive|ajiooajioo has 30 seconds left this turn.
|
|t:|1784472858
|move|p2a: Delphox|Protect|p2a: Delphox
|-singleturn|p2a: Delphox|Protect
|move|p2b: Kingambit|Protect|p2b: Kingambit
|-singleturn|p2b: Kingambit|Protect
|move|p1a: Incineroar|Fake Out|p2b: Kingambit
|-activate|p2b: Kingambit|move: Protect
|
|upkeep
|turn|16
|inactive|ajiooajioo has 25 seconds left this turn.
|inactive|ajiooajioo has 20 seconds left.
|
|t:|1784472872
|move|p2b: Kingambit|Sucker Punch|p1a: Incineroar
|-resisted|p1a: Incineroar|1
|-damage|p1a: Incineroar|23/100
|move|p2a: Delphox|Heat Wave|p1a: Incineroar
|-resisted|p1a: Incineroar|1
|-damage|p1a: Incineroar|5/100
|move|p1a: Incineroar|Flare Blitz|p2b: Kingambit
|-supereffective|p2b: Kingambit|1
|-damage|p2b: Kingambit|0 fnt
|faint|p2b: Kingambit
|-damage|p1a: Incineroar|2/100|[from] Recoil
|
|upkeep
|turn|17
|inactive|ajiooajioo has 20 seconds left this turn.
|
|t:|1784472880
|move|p2a: Delphox|Heat Wave|p1a: Incineroar
|-resisted|p1a: Incineroar|1
|-damage|p1a: Incineroar|0 fnt
|faint|p1a: Incineroar
|
|win|ToastTopping
||ajiooajioo is ready for game 3.
