|j|☆colemarcusvgc
|j|☆Krimzonite
|html|colemarcusvgcKrimzonite    
|uhtml|bestof|Game 3 of a best-of-3
|t:|1756868576
|gametype|doubles
|player|p1|colemarcusvgc|n|1141
|player|p2|Krimzonite|benga|1040
|gen|9
|tier|[Gen 9] VGC 2025 Reg H (Bo3)
|rated|
|rule|Species Clause: Limit one of each Pokémon
|rule|Item Clause: Limit 1 of each item
|clearpoke
|poke|p1|Indeedee-F, L50, F|
|poke|p1|Hatterene, L50, F|
|poke|p1|Gallade, L50, M|
|poke|p1|Ursaluna, L50, M|
|poke|p1|Lilligant-Hisui, L50, F|
|poke|p1|Torkoal, L50, M|
|poke|p2|Charizard, L50, M|
|poke|p2|Ninetales, L50, M|
|poke|p2|Venusaur, L50, F|
|poke|p2|Raichu, L50, M|
|poke|p2|Dragonite, L50, M|
|poke|p2|Clefairy, L50, M|
|teampreview|4
|showteam|p1|Indeedee-F||PsychicSeed|PsychicSurge|TrickRoom,FollowMe,HelpingHand,DazzlingGleam|||F|||50|,,,,,Fire]Hatterene||LifeOrb|MagicBounce|ExpandingForce,TrickRoom,DazzlingGleam,Protect|||F|||50|,,,,,Psychic]Gallade||ClearAmulet|Sharpness|PsychoCut,TrickRoom,SacredSword,WideGuard|||M|||50|,,,,,Grass]Ursaluna||FlameOrb|Guts|HeadlongRush,Facade,SwordsDance,Protect|||M|||50|,,,,,Ghost]Lilligant-Hisui||FocusSash|Chlorophyll|SolarBlade,SleepPowder,CloseCombat,AfterYou|||F|||50|,,,,,Ghost]Torkoal||ChoiceSpecs|Drought|Eruption,HeatWave,WeatherBall,EarthPower|||M|||50|,,,,,Fire
|showteam|p2|Charizard||ChoiceSpecs|SolarPower|HeatWave,Overheat,WeatherBall,DragonPulse|||M|||50|,,,,,Ghost]Ninetales||EjectPack|Drought|Overheat,Encore,Protect,SolarBeam|||M|||50|,,,,,Fire]Venusaur||WideLens|Chlorophyll|SolarBeam,SludgeBomb,SleepPowder,Protect|||F|||50|,,,,,Grass]Raichu||FocusSash|LightningRod|VoltSwitch,Nuzzle,Endeavor,FakeOut|||M|||50|,,,,,Fairy]Dragonite||LoadedDice|Multiscale|ScaleShot,ExtremeSpeed,Tailwind,Protect|||M|||50|,,,,,Fairy]Clefairy||Eviolite|CuteCharm|AfterYou,FollowMe,HelpingHand,SunnyDay|||M|||50|,,,,,Fairy
|inactive|Battle timer is ON: inactive players will automatically lose when time's up. (requested by colemarcusvgc)
|
|t:|1756868599
|teamsize|p1|4
|teamsize|p2|4
|start
|switch|p1a: Indeedee|Indeedee-F, L50, F|100/100
|switch|p1b: Gallade|Gallade, L50, M, shiny|100/100
|switch|p2a: Raichu|Raichu, L50, M, shiny|100/100
|switch|p2b: Dragonite|Dragonite, L50, M|100/100
|-fieldstart|move: Psychic Terrain|[from] ability: Psychic Surge|[of] p1a: Indeedee
|-enditem|p1a: Indeedee|Psychic Seed
|-boost|p1a: Indeedee|spd|1|[from] item: Psychic Seed
|turn|1
|
|t:|1756868616
|move|p1a: Indeedee|Follow Me|p1a: Indeedee
|-singleturn|p1a: Indeedee|move: Follow Me
|move|p2a: Raichu|Nuzzle|p1a: Indeedee
|-crit|p1a: Indeedee
|-damage|p1a: Indeedee|91/100
|-status|p1a: Indeedee|par
|move|p2b: Dragonite|Scale Shot|p1a: Indeedee
|-damage|p1a: Indeedee|78/100 par
|-damage|p1a: Indeedee|64/100 par
|-damage|p1a: Indeedee|51/100 par
|-damage|p1a: Indeedee|39/100 par
|-damage|p1a: Indeedee|27/100 par
|-hitcount|p1a: Indeedee|5
|-unboost|p2b: Dragonite|def|1
|-boost|p2b: Dragonite|spe|1
|move|p1b: Gallade|Trick Room|p1b: Gallade
|-fieldstart|move: Trick Room|[of] p1b: Gallade
|
|upkeep
|turn|2
|inactive|colemarcusvgc has 30 seconds left.
|inactive|Krimzonite has 30 seconds left.
|inactive|Krimzonite has 20 seconds left.
|inactive|Krimzonite has 15 seconds left.
|
|t:|1756868660
|switch|p1a: Ursaluna|Ursaluna, L50, M|100/100
|-terastallize|p2b: Dragonite|Fairy
|move|p1b: Gallade|Psycho Cut|p2a: Raichu
|-enditem|p2a: Raichu|Focus Sash
|-damage|p2a: Raichu|1/100
|move|p2a: Raichu|Nuzzle|p1b: Gallade
|-damage|p1b: Gallade|92/100
|-status|p1b: Gallade|par
|move|p2b: Dragonite|Scale Shot|p1b: Gallade
|-damage|p1b: Gallade|72/100 par
|-damage|p1b: Gallade|52/100 par
|-damage|p1b: Gallade|32/100 par
|-damage|p1b: Gallade|11/100 par
|-damage|p1b: Gallade|0 fnt
|faint|p1b: Gallade
|-hitcount|p1: Gallade|5
|-unboost|p2b: Dragonite|def|1
|-boost|p2b: Dragonite|spe|1
|
|-status|p1a: Ursaluna|brn|[from] item: Flame Orb
|upkeep
|
|t:|1756868683
|switch|p1b: Torkoal|Torkoal, L50, M|100/100
|-weather|SunnyDay|[from] ability: Drought|[of] p1b: Torkoal
|turn|3
|inactive|Krimzonite has 30 seconds left.
|
|t:|1756868711
|move|p2b: Dragonite|Protect|p2b: Dragonite
|-singleturn|p2b: Dragonite|Protect
|move|p1b: Torkoal|Eruption|p2b: Dragonite|[spread] p2a
|-activate|p2b: Dragonite|move: Protect
|-damage|p2a: Raichu|0 fnt
|faint|p2a: Raichu
|move|p1a: Ursaluna|Facade|p2b: Dragonite
|-activate|p2b: Dragonite|move: Protect
|
|-weather|SunnyDay|[upkeep]
|-damage|p1a: Ursaluna|95/100 brn|[from] brn
|upkeep
|
|t:|1756868734
|switch|p2a: Charizard|Charizard, L50, M, shiny|100/100
|turn|4
|inactive|Krimzonite has 30 seconds left.
|
|t:|1756868760
|-terastallize|p1b: Torkoal|Fire
|move|p1b: Torkoal|Eruption|p2b: Dragonite|[spread] p2a,p2b
|-resisted|p2a: Charizard
|-damage|p2a: Charizard|0 fnt
|-damage|p2b: Dragonite|27/100
|faint|p2a: Charizard
|move|p1a: Ursaluna|Facade|p2b: Dragonite
|-damage|p2b: Dragonite|0 fnt
|faint|p2b: Dragonite
|
|-weather|SunnyDay|[upkeep]
|-damage|p1a: Ursaluna|89/100 brn|[from] brn
|upkeep
|
|t:|1756868776
|switch|p2b: Venusaur|Venusaur, L50, F|100/100
|turn|5
|
|t:|1756868780
|move|p2b: Venusaur|Protect|p2b: Venusaur
|-singleturn|p2b: Venusaur|Protect
|move|p1b: Torkoal|Eruption|p2b: Venusaur
|-activate|p2b: Venusaur|move: Protect
|move|p1a: Ursaluna|Facade|p2b: Venusaur
|-activate|p2b: Venusaur|move: Protect
|
|-weather|SunnyDay|[upkeep]
|-damage|p1a: Ursaluna|83/100 brn|[from] brn
|-fieldend|move: Trick Room
|-fieldend|move: Psychic Terrain
|upkeep
|turn|6
|
|t:|1756868795
|switch|p1a: Indeedee|Indeedee-F, L50, F|27/100 par
|-fieldstart|move: Psychic Terrain|[from] ability: Psychic Surge|[of] p1a: Indeedee
|move|p2b: Venusaur|Solar Beam||[still]
|-prepare|p2b: Venusaur|Solar Beam
|-anim|p2b: Venusaur|Solar Beam|p1a: Indeedee
|-damage|p1a: Indeedee|0 fnt
|faint|p1a: Indeedee
|move|p1b: Torkoal|Eruption|p2b: Venusaur
|-supereffective|p2b: Venusaur
|-damage|p2b: Venusaur|0 fnt
|faint|p2b: Venusaur
|
|win|colemarcusvgc
|raw|colemarcusvgc's rating: 1141 → 1159(+18 for winning)
|raw|Krimzonite's rating: 1040 → 1029(-11 for losing)
|c|☆colemarcusvgc|ggwwp
|c|☆Krimzonite|Gg
