|j|☆itsmako psoe
|j|☆TeyVgc
|html|itsmako psoeTeyVgc    
|uhtml|bestof|Game 2 of a best-of-3
|t:|1783043590
|gametype|doubles
|player|p1|itsmako psoe|benga|1217
|player|p2|TeyVgc|rood|1133
|gen|9
|tier|[Gen 9 Champions] VGC 2026 Reg M-B (Bo3)
|rated|
|rule|Species Clause: Limit one of each Pokémon
|rule|Item Clause: Limit 1 of each item
|clearpoke
|poke|p1|Basculegion, L50, M|
|poke|p1|Whimsicott, L50, M|
|poke|p1|Charizard, L50, M|
|poke|p1|Floette-Eternal, L50, F|
|poke|p1|Kingambit, L50, M|
|poke|p1|Garchomp, L50, F|
|poke|p2|Tyranitar, L50, M|
|poke|p2|Excadrill, L50, F|
|poke|p2|Rotom-Wash, L50|
|poke|p2|Sinistcha, L50|
|poke|p2|Corviknight, L50, M|
|poke|p2|Houndstone, L50, M|
|teampreview|4
|showteam|p1|Basculegion||ChoiceScarf|Adaptability|LastRespects,PsychicFangs,WaveCrash,AquaJet|Jolly||M|||50|]Whimsicott||FocusSash|Prankster|Tailwind,Moonblast,Encore,Protect|Timid||M|||50|]Charizard||CharizarditeY|Blaze|HeatWave,SolarBeam,AirSlash,Protect|Modest||M|||50|]Floette-Eternal||Floettite|FlowerVeil|DazzlingGleam,DrainingKiss,LightofRuin,Protect|Modest||F|||50|]Kingambit||BlackGlasses|Defiant|SuckerPunch,KowtowCleave,Protect,SwordsDance|Adamant||M|||50|]Garchomp||LifeOrb|RoughSkin|Earthquake,RockSlide,Protect,DragonClaw|Jolly||F|||50|
|showteam|p2|Tyranitar||Tyranitarite|SandStream|RockSlide,KnockOff,LowKick,Protect|Adamant||M|||50|]Excadrill||FocusSash|SandRush|IronHead,Protect,Earthquake,RockSlide|Adamant||F|||50|]Rotom-Wash||ChoiceScarf|Levitate|VoltSwitch,HydroPump,Electroweb,Thunderbolt|Modest|||||50|]Sinistcha||SitrusBerry|Hospitality|RagePowder,MatchaGotcha,StrengthSap,TrickRoom|Bold|||||50|]Corviknight||Leftovers|MirrorArmor|BulkUp,BraveBird,Roost,Tailwind|Careful||M|||50|]Houndstone||SpellTag|SandRush|LastRespects,PhantomForce,WillOWisp,Protect|Adamant||M|||50|
|inactive|Battle timer is ON: inactive players will automatically lose when time's up. (requested by itsmako psoe)
|
|t:|1783043615
|teamsize|p1|4
|teamsize|p2|4
|start
|switch|p1a: Whimsicott|Whimsicott, L50, M|100/100
|switch|p1b: Charizard|Charizard, L50, M|100/100
|switch|p2a: Tyranitar|Tyranitar, L50, M|100/100
|switch|p2b: Excadrill|Excadrill, L50, F|100/100
|-weather|Sandstorm|[from] ability: Sand Stream|[of] p2a: Tyranitar
|turn|1
|
|t:|1783043627
|move|p1b: Charizard|Protect|p1b: Charizard
|-singleturn|p1b: Charizard|Protect
|move|p1a: Whimsicott|Tailwind|p1a: Whimsicott
|-sidestart|p1: itsmako psoe|move: Tailwind
|move|p2b: Excadrill|Rock Slide|p1b: Charizard|[spread] p1a
|-activate|p1b: Charizard|move: Protect
|-damage|p1a: Whimsicott|64/100
|move|p2a: Tyranitar|Rock Slide|p1b: Charizard|[spread] p1a
|-activate|p1b: Charizard|move: Protect
|-damage|p1a: Whimsicott|21/100
|
|-weather|Sandstorm|[upkeep]
|-damage|p1a: Whimsicott|15/100|[from] Sandstorm
|-damage|p1b: Charizard|94/100|[from] Sandstorm
|upkeep
|turn|2
|
|t:|1783043647
|switch|p2b: Rotom|Rotom-Wash, L50|100/100
|switch|p1b: Basculegion|Basculegion, L50, M|100/100
|detailschange|p2a: Tyranitar|Tyranitar-Mega, L50, M
|-mega|p2a: Tyranitar|Tyranitar|Tyranitarite
|move|p1a: Whimsicott|Protect|p1a: Whimsicott
|-singleturn|p1a: Whimsicott|Protect
|move|p2a: Tyranitar|Rock Slide|p1b: Basculegion|[spread] p1b
|-activate|p1a: Whimsicott|move: Protect
|-damage|p1b: Basculegion|55/100
|
|-weather|Sandstorm|[upkeep]
|-damage|p1b: Basculegion|49/100|[from] Sandstorm
|-damage|p1a: Whimsicott|9/100|[from] Sandstorm
|-damage|p2b: Rotom|94/100|[from] Sandstorm
|upkeep
|turn|3
|
|t:|1783043664
|move|p2a: Tyranitar|Protect|p2a: Tyranitar
|-singleturn|p2a: Tyranitar|Protect
|move|p1b: Basculegion|Wave Crash|p2a: Tyranitar
|-activate|p2a: Tyranitar|move: Protect
|move|p1a: Whimsicott|Moonblast|p2a: Tyranitar
|-activate|p2a: Tyranitar|move: Protect
|move|p2b: Rotom|Electroweb|p1b: Basculegion|[spread] p1a,p1b
|-resisted|p1a: Whimsicott|1
|-supereffective|p1b: Basculegion|1
|-damage|p1a: Whimsicott|0 fnt
|-damage|p1b: Basculegion|0 fnt
|faint|p1a: Whimsicott
|faint|p1b: Basculegion
|
|-weather|Sandstorm|[upkeep]
|-damage|p2b: Rotom|88/100|[from] Sandstorm
|upkeep
|
|t:|1783043671
|switch|p1a: Garchomp|Garchomp, L50, F|100/100
|switch|p1b: Charizard|Charizard, L50, M|94/100
|turn|4
|inactive|TeyVgc has 30 seconds left.
|
|t:|1783043702
|switch|p2b: Corviknight|Corviknight, L50, M|100/100
|detailschange|p1b: Charizard|Charizard-Mega-Y, L50, M
|-mega|p1b: Charizard|Charizard|Charizardite Y
|-weather|SunnyDay|[from] ability: Drought|[of] p1b: Charizard
|move|p2a: Tyranitar|Protect|p2a: Tyranitar
|-singleturn|p2a: Tyranitar|Protect
|move|p1a: Garchomp|Earthquake|p2a: Tyranitar|[spread] 
|-activate|p2a: Tyranitar|move: Protect
|-immune|p1b: Charizard
|-immune|p2b: Corviknight
|move|p1b: Charizard|Solar Beam||[still]
|-prepare|p1b: Charizard|Solar Beam
|-anim|p1b: Charizard|Solar Beam|p2b: Corviknight
|-resisted|p2b: Corviknight|2
|-damage|p2b: Corviknight|89/100
|
|-weather|SunnyDay|[upkeep]
|-heal|p2b: Corviknight|95/100|[from] item: Leftovers
|-sideend|p1: itsmako psoe|move: Tailwind
|upkeep
|turn|5
|
|t:|1783043726
|switch|p2a: Rotom|Rotom-Wash, L50|88/100
|move|p1a: Garchomp|Earthquake|p2a: Rotom|[spread] 
|-immune|p1b: Charizard
|-immune|p2a: Rotom|[from] ability: Levitate
|-immune|p2b: Corviknight
|move|p1b: Charizard|Solar Beam||[still]
|-prepare|p1b: Charizard|Solar Beam
|-anim|p1b: Charizard|Solar Beam|p2a: Rotom
|-supereffective|p2a: Rotom|1
|-damage|p2a: Rotom|0 fnt
|faint|p2a: Rotom
|move|p2b: Corviknight|Tailwind|p2b: Corviknight
|-sidestart|p2: TeyVgc|move: Tailwind
|
|-weather|SunnyDay|[upkeep]
|-heal|p2b: Corviknight|100/100|[from] item: Leftovers
|upkeep
|
|t:|1783043741
|switch|p2a: Tyranitar|Tyranitar-Mega, L50, M|100/100
|-weather|Sandstorm|[from] ability: Sand Stream|[of] p2a: Tyranitar
|turn|6
|
|t:|1783043752
|move|p1b: Charizard|Protect|p1b: Charizard
|-singleturn|p1b: Charizard|Protect
|move|p2b: Corviknight|Bulk Up|p2b: Corviknight
|-boost|p2b: Corviknight|atk|1
|-boost|p2b: Corviknight|def|1
|move|p2a: Tyranitar|Rock Slide|p1b: Charizard|[spread] p1a
|-activate|p1b: Charizard|move: Protect
|-resisted|p1a: Garchomp|1
|-damage|p1a: Garchomp|82/100
|cant|p1a: Garchomp|flinch
|
|-weather|Sandstorm|[upkeep]
|-damage|p1b: Charizard|88/100|[from] Sandstorm
|upkeep
|turn|7
|
|t:|1783043775
|move|p2b: Corviknight|Brave Bird|p1a: Garchomp
|-damage|p1a: Garchomp|23/100
|-damage|p2b: Corviknight|87/100|[from] ability: Rough Skin|[of] p1a: Garchomp
|-damage|p2b: Corviknight|69/100|[from] Recoil
|move|p2a: Tyranitar|Rock Slide|p1b: Charizard|[spread] p1b
|-miss|p2a: Tyranitar|p1a: Garchomp
|-supereffective|p1b: Charizard|2
|-damage|p1b: Charizard|0 fnt
|faint|p1b: Charizard
|move|p1a: Garchomp|Earthquake|p2a: Tyranitar|[spread] p2a
|-immune|p2b: Corviknight
|-supereffective|p2a: Tyranitar|1
|-damage|p2a: Tyranitar|38/100
|-damage|p1a: Garchomp|14/100|[from] item: Life Orb
|
|-weather|Sandstorm|[upkeep]
|-heal|p2b: Corviknight|75/100|[from] item: Leftovers
|upkeep
|turn|8
|-message|itsmako psoe forfeited.
|raw|itsmako psoe's rating: 1217 → 1186(-31 for losing)
|raw|TeyVgc's rating: 1133 → 1164(+31 for winning)
|
|win|TeyVgc
