|j|☆whissoo
|j|☆rapidcream
|html|whissoorapidcream    
|uhtml|bestof|Game 1 of a best-of-3
|t:|1785676146
|gametype|doubles
|player|p1|whissoo|265|1086
|player|p2|rapidcream|swimmerf-gen4|1029
|gen|9
|tier|[Gen 9 Champions] VGC 2026 Reg M-B (Bo3)
|rated|
|rule|Species Clause: Limit one of each Pokémon
|rule|Item Clause: Limit 1 of each item
|clearpoke
|poke|p1|Kommo-o, L50, F, shiny|
|poke|p1|Excadrill, L50, F, shiny|
|poke|p1|Tyranitar, L50, M|
|poke|p1|Grimmsnarl, L50, M|
|poke|p1|Scovillain, L50, M|
|poke|p1|Basculegion, L50, M|
|poke|p2|Blaziken, L50, F|
|poke|p2|Kingambit, L50, F|
|poke|p2|Sableye, L50, F|
|poke|p2|Ninetales-Alola, L50, M|
|poke|p2|Primarina, L50, F|
|poke|p2|Dragapult, L50, F|
|teampreview|4
|showteam|p1|Kommo-o||Leftovers|Overcoat|ClangingScales,ClangorousSoul,AuraSphere,Protect|Modest||F|||50|]Excadrill||LifeOrb|SandRush|HighHorsepower,RockSlide,IronHead,Protect|Adamant||F|||50|]Tyranitar||Tyranitarite|SandStream|DragonDance,RockSlide,KnockOff,Protect|Jolly||M|||50|]Grimmsnarl||LightClay|Prankster|SpiritBreak,LightScreen,Reflect,FakeOut|Impish||M|||50|]Scovillain||Scovillainite|Moody|Protect,RagePowder,Overheat,EnergyBall|Bold||M|||50|]Basculegion||ChoiceScarf|Adaptability|WaveCrash,LastRespects,AquaJet,FlipTurn|Adamant||M|||50|
|showteam|p2|Blaziken||Blazikenite|SpeedBoost|FlareBlitz,CloseCombat,RockSlide,Protect|Adamant||F|||50|]Kingambit||LifeOrb|Defiant|SuckerPunch,KowtowCleave,IronHead,Protect|Adamant||F|||50|]Sableye||FocusSash|Prankster|FakeOut,Encore,HelpingHand,Disable|Calm||F|||50|]Ninetales-Alola||LightClay|SnowWarning|AuroraVeil,Blizzard,FreezeDry,Protect|Timid||M|||50|]Primarina||SitrusBerry|LiquidVoice|HyperVoice,Moonblast,Protect,Blizzard|Timid||F|||50|]Dragapult||ExpertBelt|Infiltrator|BreakingSwipe,WillOWisp,PhantomForce,Protect|Jolly||F|||50|
|inactive|Battle timer is ON: inactive players will automatically lose when time's up. (requested by rapidcream)
|inactive|whissoo has 60 seconds left.
|
|t:|1785676229
|teamsize|p1|4
|teamsize|p2|4
|start
|switch|p1a: Scovillain|Scovillain, L50, M|100/100
|switch|p1b: Basculegion|Basculegion, L50, M|100/100
|switch|p2a: Sableye|Sableye, L50, F|100/100
|switch|p2b: Blaziken|Blaziken, L50, F|100/100
|turn|1
|
|t:|1785676249
|detailschange|p2b: Blaziken|Blaziken-Mega, L50, F
|-mega|p2b: Blaziken|Blaziken|Blazikenite
|detailschange|p1a: Scovillain|Scovillain-Mega, L50, M
|-mega|p1a: Scovillain|Scovillain|Scovillainite
|move|p2b: Blaziken|Protect|p2b: Blaziken
|-singleturn|p2b: Blaziken|Protect
|move|p2a: Sableye|Fake Out|p1a: Scovillain
|-damage|p1a: Scovillain|93/100
|-status|p2a: Sableye|brn|[from] ability: Spicy Spray|[of] p1a: Scovillain
|cant|p1a: Scovillain|flinch
|move|p1b: Basculegion|Wave Crash|p2a: Sableye
|-enditem|p2a: Sableye|Focus Sash
|-damage|p2a: Sableye|1/100 brn
|-damage|p1b: Basculegion|74/100|[from] Recoil
|
|-damage|p2a: Sableye|0 fnt|[from] brn
|faint|p2a: Sableye
|-ability|p2b: Blaziken|Speed Boost|boost
|-boost|p2b: Blaziken|spe|1
|upkeep
|
|t:|1785676266
|switch|p2a: Ninetales|Ninetales-Alola, L50, M|100/100
|-weather|Snowscape|[from] ability: Snow Warning|[of] p2a: Ninetales
|turn|2
|
|t:|1785676272
|switch|p2b: Primarina|Primarina, L50, F|100/100
|move|p1a: Scovillain|Rage Powder|p1a: Scovillain
|-singleturn|p1a: Scovillain|move: Rage Powder
|move|p1b: Basculegion|Wave Crash|p2b: Primarina
|-resisted|p2b: Primarina|1
|-damage|p2b: Primarina|34/100
|-enditem|p2b: Primarina|Sitrus Berry|[eat]
|-heal|p2b: Primarina|59/100|[from] item: Sitrus Berry
|-damage|p1b: Basculegion|56/100|[from] Recoil
|move|p2a: Ninetales|Freeze-Dry|p1a: Scovillain
|-damage|p1a: Scovillain|63/100
|-status|p2a: Ninetales|brn|[from] ability: Spicy Spray|[of] p1a: Scovillain
|
|-weather|Snowscape|[upkeep]
|-damage|p2a: Ninetales|93/100 brn|[from] brn
|upkeep
|turn|3
|
|t:|1785676295
|switch|p1a: Tyranitar|Tyranitar, L50, M|100/100
|-weather|Sandstorm|[from] ability: Sand Stream|[of] p1a: Tyranitar
|move|p1b: Basculegion|Wave Crash|p2a: Ninetales
|-damage|p2a: Ninetales|0 fnt
|faint|p2a: Ninetales
|-damage|p1b: Basculegion|33/100|[from] Recoil
|move|p2b: Primarina|Blizzard|p1a: Tyranitar|[spread] p1a,p1b
|-resisted|p1b: Basculegion|1
|-damage|p1a: Tyranitar|81/100
|-damage|p1b: Basculegion|17/100
|
|-weather|Sandstorm|[upkeep]
|-damage|p1b: Basculegion|11/100|[from] Sandstorm
|-damage|p2b: Primarina|53/100|[from] Sandstorm
|upkeep
|
|t:|1785676300
|switch|p2a: Blaziken|Blaziken-Mega, L50, F|100/100
|turn|4
|
|t:|1785676312
|move|p2a: Blaziken|Protect|p2a: Blaziken
|-singleturn|p2a: Blaziken|Protect
|move|p1b: Basculegion|Wave Crash|p2a: Blaziken
|-activate|p2a: Blaziken|move: Protect
|move|p1a: Tyranitar|Rock Slide|p2a: Blaziken|[spread] p2b
|-activate|p2a: Blaziken|move: Protect
|-damage|p2b: Primarina|13/100
|cant|p2b: Primarina|flinch
|
|-weather|Sandstorm|[upkeep]
|-damage|p1b: Basculegion|5/100|[from] Sandstorm
|-damage|p2a: Blaziken|94/100|[from] Sandstorm
|-damage|p2b: Primarina|7/100|[from] Sandstorm
|-ability|p2a: Blaziken|Speed Boost|boost
|-boost|p2a: Blaziken|spe|1
|upkeep
|turn|5
|
|t:|1785676323
|move|p2a: Blaziken|Rock Slide|p1a: Tyranitar|[spread] p1a,p1b
|-damage|p1a: Tyranitar|58/100
|-damage|p1b: Basculegion|0 fnt
|faint|p1b: Basculegion
|cant|p1a: Tyranitar|flinch
|move|p2b: Primarina|Hyper Voice|p1a: Tyranitar
|-supereffective|p1a: Tyranitar|1
|-damage|p1a: Tyranitar|2/100
|
|-weather|Sandstorm|[upkeep]
|-damage|p2a: Blaziken|88/100|[from] Sandstorm
|-damage|p2b: Primarina|1/100|[from] Sandstorm
|-ability|p2a: Blaziken|Speed Boost|boost
|-boost|p2a: Blaziken|spe|1
|upkeep
|
|t:|1785676338
|switch|p1b: Excadrill|Excadrill, L50, F, shiny|100/100
|turn|6
|
|t:|1785676353
|move|p1b: Excadrill|Protect|p1b: Excadrill
|-singleturn|p1b: Excadrill|Protect
|move|p1a: Tyranitar|Protect|p1a: Tyranitar
|-singleturn|p1a: Tyranitar|Protect
|move|p2a: Blaziken|Close Combat|p1b: Excadrill
|-activate|p1b: Excadrill|move: Protect
|move|p2b: Primarina|Hyper Voice|p1a: Tyranitar|[spread] 
|-activate|p1a: Tyranitar|move: Protect
|-activate|p1b: Excadrill|move: Protect
|
|-weather|Sandstorm|[upkeep]
|-damage|p2a: Blaziken|82/100|[from] Sandstorm
|-damage|p2b: Primarina|0 fnt|[from] Sandstorm
|faint|p2b: Primarina
|-ability|p2a: Blaziken|Speed Boost|boost
|-boost|p2a: Blaziken|spe|1
|upkeep
|turn|7
|
|t:|1785676363
|move|p2a: Blaziken|Close Combat|p1b: Excadrill
|-supereffective|p1b: Excadrill|1
|-damage|p1b: Excadrill|0 fnt
|-unboost|p2a: Blaziken|def|1
|-unboost|p2a: Blaziken|spd|1
|faint|p1b: Excadrill
|move|p1a: Tyranitar|Rock Slide|p2a: Blaziken|[miss]
|-miss|p1a: Tyranitar|p2a: Blaziken
|
|-weather|none
|-ability|p2a: Blaziken|Speed Boost|boost
|-boost|p2a: Blaziken|spe|1
|upkeep
|
|t:|1785676366
|switch|p1b: Scovillain|Scovillain-Mega, L50, M|63/100
|turn|8
|
|t:|1785676374
|move|p2a: Blaziken|Rock Slide|p1a: Tyranitar|[spread] p1a,p1b
|-supereffective|p1b: Scovillain|1
|-damage|p1a: Tyranitar|0 fnt
|-damage|p1b: Scovillain|15/100
|-immune|p2a: Blaziken
|faint|p1a: Tyranitar
|cant|p1b: Scovillain|flinch
|
|-ability|p2a: Blaziken|Speed Boost|boost
|-boost|p2a: Blaziken|spe|1
|upkeep
|turn|9
|-message|whissoo forfeited.
|
|win|rapidcream
||whissoo is ready for game 2.
||rapidcream is ready for game 2.
|uhtml|next|Next: Game 2 of 3
|l|☆rapidcream
|player|p2|
