|j|☆RosieAndJim
|j|☆dambro222
|html|RosieAndJimdambro222    
|uhtml|bestof|Game 1 of a best-of-3
|t:|1756149961
|gametype|doubles
|player|p1|RosieAndJim|170|1159
|player|p2|dambro222|ethan|1102
|gen|9
|tier|[Gen 9] VGC 2025 Reg H (Bo3)
|rated|
|rule|Species Clause: Limit one of each Pokémon
|rule|Item Clause: Limit 1 of each item
|clearpoke
|poke|p1|Inteleon, L50, M|
|poke|p1|Farigiraf, L50, M|
|poke|p1|Whimsicott, L50, F|
|poke|p1|Archaludon, L50, M|
|poke|p1|Garchomp, L50, F|
|poke|p1|Incineroar, L50, M|
|poke|p2|Annihilape, L50, F|
|poke|p2|Rillaboom, L50, M|
|poke|p2|Incineroar, L50, F|
|poke|p2|Ursaluna-Bloodmoon, L50, M|
|poke|p2|Scyther, L50, F|
|poke|p2|Amoonguss, L50, F|
|teampreview|4
|showteam|p1|Inteleon||ChoiceSpecs|Sniper|SnipeShot,Scald,ShadowBall,FlipTurn|||M|||50|,,,,,Water]Farigiraf||ThroatSpray|ArmorTail|Psychic,HyperVoice,HelpingHand,TrickRoom|||M|||50|,,,,,Fairy]Whimsicott||CovertCloak|Prankster|Moonblast,Tailwind,LightScreen,Encore|||F|||50|,,,,,Water]Archaludon||AssaultVest|Stamina|ElectroShot,DragonPulse,BodyPress,Snarl|||M|||50|,,,,,Grass]Garchomp||LifeOrb|RoughSkin|Earthquake,DragonClaw,StompingTantrum,Protect|||F|||50|,,,,,Ground]Incineroar||SafetyGoggles|Intimidate|FlareBlitz,KnockOff,PartingShot,FakeOut|||M|||50|,,,,,Ghost
|showteam|p2|Annihilape||Leftovers|Defiant|DrainPunch,RageFist,BulkUp,Protect|||F|||50|,,,,,Fire]Rillaboom||AssaultVest|GrassySurge|FakeOut,GrassyGlide,WoodHammer,Uturn|||M|||50|,,,,,Fire]Incineroar||SafetyGoggles|Intimidate|FakeOut,FlareBlitz,KnockOff,PartingShot|||F|||50|,,,,,Ghost]Ursaluna-Bloodmoon||LifeOrb|MindsEye|BloodMoon,HyperVoice,EarthPower,Protect|||M|||50|,,,,,Normal]Scyther||Eviolite|Technician|DualWingbeat,RainDance,Tailwind,Protect|||F|||50|,,,,,Water]Amoonguss||CovertCloak|Regenerator|PollenPuff,RagePowder,Spore,Protect|||F|||50|,,,,,Dark
|inactive|Battle timer is ON: inactive players will automatically lose when time's up. (requested by dambro222)
|inactive|RosieAndJim has 60 seconds left.
|inactive|dambro222 has 60 seconds left.
|
|t:|1756149998
|teamsize|p1|4
|teamsize|p2|4
|start
|switch|p1a: Inteleon|Inteleon, L50, M|100/100
|switch|p1b: Incineroar|Incineroar, L50, M|100/100
|switch|p2a: Ursaluna|Ursaluna-Bloodmoon, L50, M|100/100
|switch|p2b: Amoonguss|Amoonguss, L50, F|100/100
|-ability|p1b: Incineroar|Intimidate|boost
|-unboost|p2a: Ursaluna|atk|1
|-unboost|p2b: Amoonguss|atk|1
|turn|1
|inactive|RosieAndJim has 30 seconds left.
|inactive|RosieAndJim has 20 seconds left.
|inactive|dambro222 has 30 seconds left.
|inactive|RosieAndJim has 15 seconds left.
|inactive|RosieAndJim has 10 seconds left.
|inactive|RosieAndJim has 5 seconds left.
|
|t:|1756150051
|move|p2a: Ursaluna|Protect|p2a: Ursaluna
|-singleturn|p2a: Ursaluna|Protect
|move|p2b: Amoonguss|Protect|p2b: Amoonguss
|-singleturn|p2b: Amoonguss|Protect
|move|p1a: Inteleon|Flip Turn|p2b: Amoonguss
|-activate|p2b: Amoonguss|move: Protect
|move|p1b: Incineroar|Knock Off|p2a: Ursaluna
|-activate|p2a: Ursaluna|move: Protect
|
|upkeep
|turn|2
|
|t:|1756150072
|move|p2b: Amoonguss|Rage Powder|p2b: Amoonguss
|-singleturn|p2b: Amoonguss|move: Rage Powder
|move|p1a: Inteleon|Flip Turn|p2b: Amoonguss
|-resisted|p2b: Amoonguss
|-damage|p2b: Amoonguss|93/100
|
|t:|1756150079
|switch|p1a: Archaludon|Archaludon, L50, M|100/100|[from] Flip Turn
|move|p1b: Incineroar|Flare Blitz|p2b: Amoonguss
|-supereffective|p2b: Amoonguss
|-damage|p2b: Amoonguss|9/100
|-damage|p1b: Incineroar|74/100|[from] Recoil
|move|p2a: Ursaluna|Earth Power|p1a: Archaludon
|-supereffective|p1a: Archaludon
|-damage|p1a: Archaludon|4/100
|-ability|p1a: Archaludon|Stamina|boost
|-boost|p1a: Archaludon|def|1
|-damage|p2a: Ursaluna|91/100|[from] item: Life Orb
|
|upkeep
|turn|3
|inactive|RosieAndJim has 30 seconds left.
|inactive|dambro222 has 30 seconds left.
|
|t:|1756150108
|switch|p2b: Incineroar|Incineroar, L50, F|100/100
|-ability|p2b: Incineroar|Intimidate|boost
|-unboost|p1a: Archaludon|atk|1
|-unboost|p1b: Incineroar|atk|1
|move|p2a: Ursaluna|Protect|p2a: Ursaluna
|-singleturn|p2a: Ursaluna|Protect
|move|p1a: Archaludon|Snarl|p2b: Incineroar|[spread] p2b
|-activate|p2a: Ursaluna|move: Protect
|-resisted|p2b: Incineroar
|-damage|p2b: Incineroar|94/100
|-unboost|p2b: Incineroar|spa|1
|move|p1b: Incineroar|Knock Off|p2a: Ursaluna
|-activate|p2a: Ursaluna|move: Protect
|
|upkeep
|turn|4
|inactive|RosieAndJim has 30 seconds left.
|inactive|dambro222 has 30 seconds left.
|
|t:|1756150136
|switch|p1b: Farigiraf|Farigiraf, L50, M|100/100
|-terastallize|p2a: Ursaluna|Normal
|move|p2b: Incineroar|Fake Out||[still]
|cant|p1b: Farigiraf|ability: Armor Tail|Fake Out|[of] p2b: Incineroar
|move|p1a: Archaludon|Body Press|p2a: Ursaluna
|-supereffective|p2a: Ursaluna
|-damage|p2a: Ursaluna|40/100
|move|p2a: Ursaluna|Blood Moon|p1b: Farigiraf
|-damage|p1b: Farigiraf|0 fnt
|faint|p1b: Farigiraf
|-damage|p2a: Ursaluna|30/100|[from] item: Life Orb
|
|upkeep
|
|t:|1756150150
|switch|p1b: Inteleon|Inteleon, L50, M|100/100
|turn|5
|
|t:|1756150162
|switch|p2b: Rillaboom|Rillaboom, L50, M|100/100
|-fieldstart|move: Grassy Terrain|[from] ability: Grassy Surge|[of] p2b: Rillaboom
|-terastallize|p1b: Inteleon|Water
|move|p2a: Ursaluna|Protect|p2a: Ursaluna
|-singleturn|p2a: Ursaluna|Protect
|move|p1b: Inteleon|Snipe Shot|p2b: Rillaboom
|-resisted|p2b: Rillaboom
|-damage|p2b: Rillaboom|67/100
|move|p1a: Archaludon|Body Press|p2a: Ursaluna
|-activate|p2a: Ursaluna|move: Protect
|
|-heal|p1a: Archaludon|10/100|[from] Grassy Terrain
|-heal|p2b: Rillaboom|73/100|[from] Grassy Terrain
|-heal|p2a: Ursaluna|37/100|[from] Grassy Terrain
|upkeep
|turn|6
|inactive|RosieAndJim has 30 seconds left.
|inactive|dambro222 has 30 seconds left.
|inactive|dambro222 has 20 seconds left.
|
|t:|1756150201
|switch|p1b: Incineroar|Incineroar, L50, M|74/100
|-ability|p1b: Incineroar|Intimidate|boost
|-unboost|p2a: Ursaluna|atk|1
|-unboost|p2b: Rillaboom|atk|1
|switch|p2a: Amoonguss|Amoonguss, L50, F|42/100
|move|p2b: Rillaboom|Grassy Glide|p1b: Incineroar
|-resisted|p1b: Incineroar
|-damage|p1b: Incineroar|61/100
|move|p1a: Archaludon|Body Press|p2a: Amoonguss
|-resisted|p2a: Amoonguss
|-damage|p2a: Amoonguss|27/100
|
|-heal|p1a: Archaludon|16/100|[from] Grassy Terrain
|-heal|p2b: Rillaboom|80/100|[from] Grassy Terrain
|-heal|p1b: Incineroar|67/100|[from] Grassy Terrain
|-heal|p2a: Amoonguss|33/100|[from] Grassy Terrain
|upkeep
|turn|7
|inactive|dambro222 has 30 seconds left.
|
|t:|1756150228
|move|p1a: Archaludon|Dragon Pulse|p2a: Amoonguss
|-damage|p2a: Amoonguss|2/100
|move|p2b: Rillaboom|U-turn|p1b: Incineroar
|-damage|p1b: Incineroar|53/100
|
|t:|1756150233
|switch|p2b: Incineroar|Incineroar, L50, F|94/100|[from] U-turn
|-ability|p2b: Incineroar|Intimidate|boost
|-unboost|p1a: Archaludon|atk|1
|-unboost|p1b: Incineroar|atk|1
|move|p1b: Incineroar|Flare Blitz|p2b: Incineroar
|-resisted|p2b: Incineroar
|-damage|p2b: Incineroar|81/100
|-damage|p1b: Incineroar|48/100|[from] Recoil
|move|p2a: Amoonguss|Spore|p1a: Archaludon
|-status|p1a: Archaludon|slp|[from] move: Spore
|
|-heal|p1a: Archaludon|22/100 slp|[from] Grassy Terrain
|-heal|p1b: Incineroar|54/100|[from] Grassy Terrain
|-heal|p2b: Incineroar|87/100|[from] Grassy Terrain
|-heal|p2a: Amoonguss|8/100|[from] Grassy Terrain
|upkeep
|turn|8
|inactive|RosieAndJim has 30 seconds left.
|inactive|dambro222 has 30 seconds left.
|
|t:|1756150265
|switch|p2a: Ursaluna|Ursaluna-Bloodmoon, L50, M, tera:Normal|37/100
|cant|p1a: Archaludon|slp
|move|p1b: Incineroar|Parting Shot|p2a: Ursaluna
|-unboost|p2a: Ursaluna|atk|1
|-unboost|p2a: Ursaluna|spa|1
|
|t:|1756150271
|switch|p1b: Inteleon|Inteleon, L50, M, tera:Water|100/100|[from] Parting Shot
|move|p2b: Incineroar|Knock Off|p1b: Inteleon
|-damage|p1b: Inteleon|24/100
|-enditem|p1b: Inteleon|Choice Specs|[from] move: Knock Off|[of] p2b: Incineroar
|
|-heal|p1b: Inteleon|30/100|[from] Grassy Terrain
|-heal|p1a: Archaludon|28/100 slp|[from] Grassy Terrain
|-heal|p2a: Ursaluna|43/100|[from] Grassy Terrain
|-heal|p2b: Incineroar|93/100|[from] Grassy Terrain
|upkeep
|turn|9
|inactive|dambro222 has 30 seconds left.
|inactive|dambro222 has 20 seconds left.
|inactive|dambro222 has 15 seconds left.
|
|t:|1756150313
|switch|p2b: Rillaboom|Rillaboom, L50, M|80/100
|move|p2a: Ursaluna|Protect|p2a: Ursaluna
|-singleturn|p2a: Ursaluna|Protect
|move|p1b: Inteleon|Snipe Shot|p2b: Rillaboom
|-resisted|p2b: Rillaboom
|-damage|p2b: Rillaboom|56/100
|cant|p1a: Archaludon|slp
|
|-heal|p1b: Inteleon|36/100|[from] Grassy Terrain
|-heal|p1a: Archaludon|35/100 slp|[from] Grassy Terrain
|-heal|p2b: Rillaboom|62/100|[from] Grassy Terrain
|-heal|p2a: Ursaluna|49/100|[from] Grassy Terrain
|-fieldend|move: Grassy Terrain
|upkeep
|turn|10
|inactive|dambro222 has 30 seconds left.
|inactive|dambro222 has 20 seconds left.
|
|t:|1756150351
|move|p1b: Inteleon|Flip Turn|p2a: Ursaluna
|-damage|p2a: Ursaluna|33/100
|
|t:|1756150355
|switch|p1b: Incineroar|Incineroar, L50, M|54/100|[from] Flip Turn
|-ability|p1b: Incineroar|Intimidate|boost
|-unboost|p2a: Ursaluna|atk|1
|-unboost|p2b: Rillaboom|atk|1
|cant|p1a: Archaludon|slp
|move|p2b: Rillaboom|Grassy Glide|p1b: Incineroar
|-resisted|p1b: Incineroar
|-damage|p1b: Incineroar|45/100
|move|p2a: Ursaluna|Hyper Voice|p1b: Incineroar|[spread] p1a,p1b
|-resisted|p1a: Archaludon
|-damage|p1a: Archaludon|17/100 slp
|-damage|p1b: Incineroar|9/100
|-ability|p1a: Archaludon|Stamina|boost
|-boost|p1a: Archaludon|def|1
|-damage|p2a: Ursaluna|23/100|[from] item: Life Orb
|
|upkeep
|turn|11
|
|t:|1756150375
|switch|p2b: Incineroar|Incineroar, L50, F|93/100
|-ability|p2b: Incineroar|Intimidate|boost
|-unboost|p1a: Archaludon|atk|1
|-unboost|p1b: Incineroar|atk|1
|move|p2a: Ursaluna|Protect|p2a: Ursaluna
|-singleturn|p2a: Ursaluna|Protect
|-curestatus|p1a: Archaludon|slp|[msg]
|move|p1a: Archaludon|Body Press|p2a: Ursaluna
|-activate|p2a: Ursaluna|move: Protect
|move|p1b: Incineroar|Parting Shot|p2b: Incineroar
|-unboost|p2b: Incineroar|atk|1
|-unboost|p2b: Incineroar|spa|1
|
|t:|1756150387
|switch|p1b: Inteleon|Inteleon, L50, M, tera:Water|36/100|[from] Parting Shot
|
|upkeep
|turn|12
|inactive|dambro222 has 30 seconds left.
|inactive|dambro222 has 20 seconds left.
|
|t:|1756150426
|switch|p2a: Amoonguss|Amoonguss, L50, F|41/100
|move|p2b: Incineroar|Fake Out|p1b: Inteleon
|-damage|p1b: Inteleon|22/100
|cant|p1b: Inteleon|flinch
|move|p1a: Archaludon|Body Press|p2a: Amoonguss
|-resisted|p2a: Amoonguss
|-damage|p2a: Amoonguss|22/100
|
|upkeep
|turn|13
|inactive|dambro222 has 30 seconds left.
|
|t:|1756150457
|move|p2a: Amoonguss|Protect|p2a: Amoonguss
|-singleturn|p2a: Amoonguss|Protect
|move|p1b: Inteleon|Flip Turn|p2b: Incineroar
|-supereffective|p2b: Incineroar
|-damage|p2b: Incineroar|54/100
|
|t:|1756150463
|switch|p1b: Incineroar|Incineroar, L50, M|9/100|[from] Flip Turn
|-ability|p1b: Incineroar|Intimidate|boost
|-unboost|p2a: Amoonguss|atk|1
|-unboost|p2b: Incineroar|atk|1
|move|p1a: Archaludon|Dragon Pulse|p2a: Amoonguss
|-activate|p2a: Amoonguss|move: Protect
|move|p2b: Incineroar|Knock Off|p1b: Incineroar
|-resisted|p1b: Incineroar
|-damage|p1b: Incineroar|0 fnt
|-enditem|p1b: Incineroar|Safety Goggles|[from] move: Knock Off|[of] p2b: Incineroar
|faint|p1b: Incineroar
|
|upkeep
|
|t:|1756150474
|switch|p1b: Inteleon|Inteleon, L50, M, tera:Water|22/100
|turn|14
|inactive|RosieAndJim has 30 seconds left.
|
|t:|1756150500
|switch|p2a: Rillaboom|Rillaboom, L50, M|62/100
|-fieldstart|move: Grassy Terrain|[from] ability: Grassy Surge|[of] p2a: Rillaboom
|move|p1b: Inteleon|Shadow Ball|p2a: Rillaboom
|-damage|p2a: Rillaboom|43/100
|move|p1a: Archaludon|Body Press|p2b: Incineroar
|-supereffective|p2b: Incineroar
|-damage|p2b: Incineroar|0 fnt
|faint|p2b: Incineroar
|
|-heal|p1b: Inteleon|28/100|[from] Grassy Terrain
|-heal|p1a: Archaludon|23/100|[from] Grassy Terrain
|-heal|p2a: Rillaboom|49/100|[from] Grassy Terrain
|upkeep
|
|t:|1756150513
|switch|p2b: Amoonguss|Amoonguss, L50, F|56/100
|turn|15
|
|t:|1756150524
|move|p2a: Rillaboom|Grassy Glide|p1b: Inteleon
|-supereffective|p1b: Inteleon
|-damage|p1b: Inteleon|0 fnt
|faint|p1b: Inteleon
|move|p1a: Archaludon|Body Press|p2a: Rillaboom
|-damage|p2a: Rillaboom|1/100
|move|p2b: Amoonguss|Spore|p1a: Archaludon
|-status|p1a: Archaludon|slp|[from] move: Spore
|
|-heal|p1a: Archaludon|29/100 slp|[from] Grassy Terrain
|-heal|p2a: Rillaboom|7/100|[from] Grassy Terrain
|-heal|p2b: Amoonguss|62/100|[from] Grassy Terrain
|upkeep
|turn|16
|
|t:|1756150540
|switch|p2b: Ursaluna|Ursaluna-Bloodmoon, L50, M, tera:Normal|23/100
|cant|p1a: Archaludon|slp
|move|p2a: Rillaboom|U-turn|p1a: Archaludon
|-resisted|p1a: Archaludon
|-damage|p1a: Archaludon|25/100 slp
|-ability|p1a: Archaludon|Stamina|boost
|-boost|p1a: Archaludon|def|1
|
|t:|1756150550
|switch|p2a: Amoonguss|Amoonguss, L50, F|95/100|[from] U-turn
|
|-heal|p1a: Archaludon|31/100 slp|[from] Grassy Terrain
|-heal|p2b: Ursaluna|29/100|[from] Grassy Terrain
|-heal|p2a: Amoonguss|100/100|[from] Grassy Terrain
|upkeep
|turn|17
|inactive|dambro222 has 30 seconds left.
|
|t:|1756150559
|move|p2a: Amoonguss|Rage Powder|p2a: Amoonguss
|-singleturn|p2a: Amoonguss|move: Rage Powder
|cant|p1a: Archaludon|slp
|move|p2b: Ursaluna|Earth Power|p1a: Archaludon
|-supereffective|p1a: Archaludon
|-damage|p1a: Archaludon|0 fnt
|faint|p1a: Archaludon
|-damage|p2b: Ursaluna|20/100|[from] item: Life Orb
|
|win|dambro222
||dambro222 is ready for game 2.
||RosieAndJim is ready for game 2.
|uhtml|next|Next: Game 2 of 3
|l|☆RosieAndJim
|player|p1|
