|j|☆legndrygoatedXD69
|j|☆Lorido
|html|legndrygoatedXD69Lorido    
|uhtml|bestof|Game 1 of a best-of-3
|t:|1784787878
|gametype|doubles
|player|p1|legndrygoatedXD69|265|1092
|player|p2|Lorido|265|1198
|gen|9
|tier|[Gen 9 Champions] VGC 2026 Reg M-B (Bo3)
|rated|
|rule|Species Clause: Limit one of each Pokémon
|rule|Item Clause: Limit 1 of each item
|clearpoke
|poke|p1|Charizard, L50, F|
|poke|p1|Whimsicott, L50, M|
|poke|p1|Ceruledge, L50, F|
|poke|p1|Milotic, L50, F|
|poke|p1|Farigiraf, L50, M|
|poke|p1|Incineroar, L50, M|
|poke|p2|Aerodactyl, L50, F|
|poke|p2|Kingambit, L50, M|
|poke|p2|Sylveon, L50, M|
|poke|p2|Charizard, L50, M|
|poke|p2|Garchomp, L50, F|
|poke|p2|Farigiraf, L50, M|
|teampreview|4
|showteam|p1|Charizard||CharizarditeY|Blaze|WeatherBall,HeatWave,SolarBeam,Protect|Modest||F|||50|]Whimsicott||FocusSash|Prankster|Tailwind,Moonblast,Encore,Protect|Timid||M|||50|]Ceruledge||LifeOrb|FlashFire|BitterBlade,Poltergeist,CloseCombat,ShadowSneak|Adamant||F|||50|]Milotic||Leftovers|Competitive|Scald,IceBeam,Recover,Protect|Modest||F|||50|]Farigiraf||SitrusBerry|ArmorTail|Psychic,Thunderbolt,TrickRoom,Imprison|Modest||M|||50|]Incineroar||ExpertBelt|Intimidate|FakeOut,PartingShot,ThroatChop,CloseCombat|Adamant||M|||50|
|showteam|p2|Aerodactyl||Aerodactylite|Unnerve|RockSlide,DualWingbeat,IceFang,Tailwind|Jolly||F|||50|]Kingambit||BlackGlasses|Defiant|KowtowCleave,IronHead,SuckerPunch,LowKick|Jolly||M|||50|]Sylveon||FairyFeather|Pixilate|HyperVoice,QuickAttack,HyperBeam,Detect|Modest||M|||50|]Charizard||CharizarditeY|Blaze|HeatWave,WeatherBall,SolarBeam,Protect|Modest||M|||50|]Garchomp||LifeOrb|RoughSkin|DragonClaw,Earthquake,RockSlide,Protect|Jolly||F|||50|]Farigiraf||SitrusBerry|ArmorTail|TwinBeam,Thunderbolt,TrickRoom,HelpingHand|Relaxed||M|||50|
|inactive|Battle timer is ON: inactive players will automatically lose when time's up. (requested by Lorido)
|inactive|legndrygoatedXD69 has 60 seconds left.
|inactive|Lorido has 60 seconds left.
|
|t:|1784787924
|teamsize|p1|4
|teamsize|p2|4
|start
|switch|p1a: Pluto|Incineroar, L50, M|100/100
|switch|p1b: Charizard|Charizard, L50, F|100/100
|switch|p2a: Farigiraf|Farigiraf, L50, M|100/100
|switch|p2b: Charizard|Charizard, L50, M|100/100
|-ability|p1a: Pluto|Intimidate|boost
|-unboost|p2a: Farigiraf|atk|1
|-unboost|p2b: Charizard|atk|1
|turn|1
|inactive|legndrygoatedXD69 has 30 seconds left.
|inactive|Lorido has 30 seconds left.
|
|t:|1784787955
|detailschange|p2b: Charizard|Charizard-Mega-Y, L50, M
|-mega|p2b: Charizard|Charizard|Charizardite Y
|-weather|SunnyDay|[from] ability: Drought|[of] p2b: Charizard
|move|p1b: Charizard|Protect|p1b: Charizard
|-singleturn|p1b: Charizard|Protect
|move|p2b: Charizard|Weather Ball|p1b: Charizard
|-activate|p1b: Charizard|move: Protect
|move|p1a: Pluto|Throat Chop|p2a: Farigiraf
|-supereffective|p2a: Farigiraf|1
|-damage|p2a: Farigiraf|32/100
|-start|p2a: Farigiraf|Throat Chop|[silent]
|-enditem|p2a: Farigiraf|Sitrus Berry|[eat]
|-heal|p2a: Farigiraf|57/100|[from] item: Sitrus Berry
|move|p2a: Farigiraf|Thunderbolt|p1b: Charizard
|-activate|p1b: Charizard|move: Protect
|
|-weather|SunnyDay|[upkeep]
|upkeep
|turn|2
|inactive|legndrygoatedXD69 has 30 seconds left.
|inactive|legndrygoatedXD69 has 20 seconds left.
|inactive|legndrygoatedXD69 has 15 seconds left.
|
|t:|1784787997
|switch|p1b: Milotic|Milotic, L50, F|100/100
|switch|p2a: Garchomp|Garchomp, L50, F|100/100
|move|p2b: Charizard|Weather Ball|p1b: Milotic
|-resisted|p1b: Milotic|1
|-damage|p1b: Milotic|65/100
|move|p1a: Pluto|Throat Chop|p2a: Garchomp
|-damage|p2a: Garchomp|63/100
|-start|p2a: Garchomp|Throat Chop|[silent]
|-damage|p1a: Pluto|87/100|[from] ability: Rough Skin|[of] p2a: Garchomp
|
|-weather|SunnyDay|[upkeep]
|-heal|p1b: Milotic|71/100|[from] item: Leftovers
|upkeep
|turn|3
|inactive|legndrygoatedXD69 has 30 seconds left.
|
|t:|1784788031
|switch|p1a: Whimsicott|Whimsicott, L50, M|100/100
|move|p1b: Milotic|Protect|p1b: Milotic
|-singleturn|p1b: Milotic|Protect
|move|p2a: Garchomp|Earthquake|p1b: Milotic|[spread] p1a
|-activate|p1b: Milotic|move: Protect
|-immune|p2b: Charizard
|-resisted|p1a: Whimsicott|1
|-damage|p1a: Whimsicott|63/100
|-damage|p2a: Garchomp|54/100|[from] item: Life Orb
|move|p2b: Charizard|Solar Beam||[still]
|-prepare|p2b: Charizard|Solar Beam
|-anim|p2b: Charizard|Solar Beam|p1b: Milotic
|-activate|p1b: Milotic|move: Protect
|
|-weather|SunnyDay|[upkeep]
|-heal|p1b: Milotic|77/100|[from] item: Leftovers
|-end|p2a: Garchomp|Throat Chop|[silent]
|upkeep
|turn|4
|inactive|legndrygoatedXD69 has 30 seconds left.
|inactive|legndrygoatedXD69 has 20 seconds left.
|
|t:|1784788069
|switch|p2a: Kingambit|Kingambit, L50, M|100/100
|switch|p1b: Pluto|Incineroar, L50, M|87/100
|-ability|p1b: Pluto|Intimidate|boost
|-unboost|p2a: Kingambit|atk|1
|-ability|p2a: Kingambit|Defiant|boost
|-boost|p2a: Kingambit|atk|2
|-unboost|p2b: Charizard|atk|1
|move|p1a: Whimsicott|Protect|p1a: Whimsicott
|-singleturn|p1a: Whimsicott|Protect
|move|p2b: Charizard|Solar Beam||[still]
|-prepare|p2b: Charizard|Solar Beam
|-anim|p2b: Charizard|Solar Beam|p1b: Pluto
|-resisted|p1b: Pluto|1
|-damage|p1b: Pluto|68/100
|
|-weather|SunnyDay|[upkeep]
|upkeep
|turn|5
|inactive|Lorido has 30 seconds left.
|inactive|Lorido has 20 seconds left.
|inactive|legndrygoatedXD69 has 30 seconds left.
|
|t:|1784788117
|switch|p2a: Garchomp|Garchomp, L50, F|54/100
|move|p1a: Whimsicott|Tailwind|p1a: Whimsicott
|-sidestart|p1: legndrygoatedXD69|move: Tailwind
|move|p1b: Pluto|Close Combat|p2a: Garchomp
|-damage|p2a: Garchomp|15/100
|-unboost|p1b: Pluto|def|1
|-unboost|p1b: Pluto|spd|1
|-damage|p1b: Pluto|56/100|[from] ability: Rough Skin|[of] p2a: Garchomp
|move|p2b: Charizard|Weather Ball|p1a: Whimsicott
|-supereffective|p1a: Whimsicott|1
|-damage|p1a: Whimsicott|0 fnt
|faint|p1a: Whimsicott
|
|-weather|none
|upkeep
|
|t:|1784788133
|switch|p1a: Charizard|Charizard, L50, F|100/100
|turn|6
|
|t:|1784788146
|detailschange|p1a: Charizard|Charizard-Mega-Y, L50, F
|-mega|p1a: Charizard|Charizard|Charizardite Y
|-weather|SunnyDay|[from] ability: Drought|[of] p1a: Charizard
|move|p2a: Garchomp|Protect|p2a: Garchomp
|-singleturn|p2a: Garchomp|Protect
|move|p1a: Charizard|Heat Wave|p2b: Charizard|[spread] p2b
|-activate|p2a: Garchomp|move: Protect
|-resisted|p2b: Charizard|1
|-damage|p2b: Charizard|71/100
|move|p1b: Pluto|Throat Chop|p2b: Charizard
|-damage|p2b: Charizard|34/100
|-start|p2b: Charizard|Throat Chop|[silent]
|move|p2b: Charizard|Weather Ball|p1b: Pluto
|-resisted|p1b: Pluto|1
|-damage|p1b: Pluto|0 fnt
|faint|p1b: Pluto
|
|-weather|SunnyDay|[upkeep]
|upkeep
|
|t:|1784788160
|switch|p1b: Milotic|Milotic, L50, F|77/100
|turn|7
|
|t:|1784788182
|switch|p2a: Farigiraf|Farigiraf, L50, M|57/100
|switch|p2b: Kingambit|Kingambit, L50, M|100/100
|move|p1a: Charizard|Heat Wave|p2b: Kingambit|[spread] p2b
|-miss|p1a: Charizard|p2a: Farigiraf
|-supereffective|p2b: Kingambit|1
|-damage|p2b: Kingambit|0 fnt
|faint|p2b: Kingambit
|move|p1b: Milotic|Scald|p2a: Farigiraf
|-damage|p2a: Farigiraf|41/100
|-status|p2a: Farigiraf|brn
|
|-weather|SunnyDay|[upkeep]
|-heal|p1b: Milotic|83/100|[from] item: Leftovers
|-damage|p2a: Farigiraf|35/100 brn|[from] brn
|upkeep
|
|t:|1784788207
|switch|p2b: Garchomp|Garchomp, L50, F|15/100
|turn|8
|inactive|legndrygoatedXD69 has 30 seconds left.
|
|t:|1784788240
|move|p2b: Garchomp|Protect|p2b: Garchomp
|-singleturn|p2b: Garchomp|Protect
|move|p1a: Charizard|Weather Ball|p2a: Farigiraf
|-damage|p2a: Farigiraf|0 fnt
|faint|p2a: Farigiraf
|move|p1b: Milotic|Ice Beam|p2b: Garchomp
|-activate|p2b: Garchomp|move: Protect
|
|-weather|SunnyDay|[upkeep]
|-heal|p1b: Milotic|89/100|[from] item: Leftovers
|-sideend|p1: legndrygoatedXD69|move: Tailwind
|upkeep
|
|t:|1784788247
|switch|p2a: Charizard|Charizard-Mega-Y, L50, M|34/100
|turn|9
|
|t:|1784788267
|move|p2b: Garchomp|Rock Slide|p1a: Charizard|[spread] p1a,p1b
|-supereffective|p1a: Charizard|2
|-damage|p1a: Charizard|6/100
|-damage|p1b: Milotic|65/100
|-damage|p2b: Garchomp|5/100|[from] item: Life Orb
|move|p1a: Charizard|Heat Wave|p2a: Charizard|[spread] p2a,p2b
|-resisted|p2a: Charizard|1
|-resisted|p2b: Garchomp|1
|-damage|p2a: Charizard|5/100
|-damage|p2b: Garchomp|0 fnt
|faint|p2b: Garchomp
|move|p2a: Charizard|Solar Beam||[still]
|-prepare|p2a: Charizard|Solar Beam
|-anim|p2a: Charizard|Solar Beam|p1b: Milotic
|-supereffective|p1b: Milotic|1
|-damage|p1b: Milotic|0 fnt
|faint|p1b: Milotic
|
|-weather|SunnyDay|[upkeep]
|upkeep
|turn|10
|
|t:|1784788283
|move|p1a: Charizard|Weather Ball|p2a: Charizard
|-resisted|p2a: Charizard|1
|-damage|p2a: Charizard|0 fnt
|faint|p2a: Charizard
|
|win|legndrygoatedXD69
