|j|☆PRLT1 Jurrasicz
|j|☆Luxerna
|html|PRLT1 JurrasiczLuxerna    
|uhtml|bestof|Game 2 of a best-of-3
|t:|1782235292
|gametype|doubles
|player|p1|PRLT1 Jurrasicz|pokemaniac|1047
|player|p2|Luxerna|dawn-gen4pt|1185
|gen|9
|tier|[Gen 9 Champions] VGC 2026 Reg M-B (Bo3)
|rated|
|rule|Species Clause: Limit one of each Pokémon
|rule|Item Clause: Limit 1 of each item
|clearpoke
|poke|p1|Delphox, L50, M, shiny|
|poke|p1|Floette-Eternal, L50, F|
|poke|p1|Incineroar, L50, M, shiny|
|poke|p1|Garchomp, L50, M, shiny|
|poke|p1|Kingambit, L50, M|
|poke|p1|Sinistcha, L50|
|poke|p2|Whimsicott, L50, F|
|poke|p2|Delphox, L50, F|
|poke|p2|Staraptor, L50, F|
|poke|p2|Garchomp, L50, M|
|poke|p2|Kingambit, L50, F|
|poke|p2|Basculegion, L50, M|
|teampreview|4
|showteam|p1|Delphox||Delphoxite|Blaze|HeatWave,Psyshock,NastyPlot,Protect|Timid||M|||50|]Floette-Eternal||Floettite|FlowerVeil|Moonblast,DazzlingGleam,CalmMind,Protect|Modest||F|||50|]Incineroar||SitrusBerry|Intimidate|PartingShot,ThroatChop,FlareBlitz,FakeOut|Careful||M|||50|]Garchomp||LifeOrb|RoughSkin|StompingTantrum,DragonClaw,Protect,RockSlide|Jolly||M|||50|]Kingambit||BlackGlasses|Defiant|SuckerPunch,KowtowCleave,IronHead,Protect|Adamant||M|||50|]Sinistcha||KasibBerry|Hospitality|MatchaGotcha,LifeDew,Protect,RagePowder|Bold|||||50|
|showteam|p2|Whimsicott||FocusSash|Prankster|Tailwind,Moonblast,Taunt,Charm|Timid||F|||50|]Delphox||Delphoxite|Blaze|Protect,Psychic,HeatWave,Encore|Timid||F|||50|]Staraptor||Staraptite|Intimidate|Protect,CloseCombat,BraveBird,Roost|Jolly||F|||50|]Garchomp||LifeOrb|RoughSkin|Protect,Earthquake,DragonClaw,RockSlide|Adamant||M|||50|]Kingambit||ChopleBerry|Defiant|Protect,SuckerPunch,SwordsDance,KowtowCleave|Brave||F|||50|]Basculegion||MysticWater|Adaptability|Protect,LastRespects,AquaJet,WaveCrash|Adamant||M|||50|
|inactive|Battle timer is ON: inactive players will automatically lose when time's up. (requested by PRLT1 Jurrasicz)
|
|t:|1782235314
|teamsize|p1|4
|teamsize|p2|4
|start
|switch|p1a: Floette|Floette-Eternal, L50, F|100/100
|switch|p1b: Garchomp|Garchomp, L50, M, shiny|100/100
|switch|p2a: Kingambit|Kingambit, L50, F|100/100
|switch|p2b: Garchomp|Garchomp, L50, M|100/100
|turn|1
|inactive|PRLT1 Jurrasicz has 30 seconds left.
|inactive|PRLT1 Jurrasicz has 20 seconds left.
|inactive|Luxerna has 30 seconds left.
|inactive|Luxerna has 20 seconds left.
|
|t:|1782235360
|detailschange|p1a: Floette|Floette-Mega, L50, F
|-mega|p1a: Floette|Floette|Floettite
|-ability|p1a: Floette|Fairy Aura
|move|p1b: Garchomp|Dragon Claw|p2b: Garchomp
|-supereffective|p2b: Garchomp|1
|-damage|p2b: Garchomp|1/100
|-damage|p1b: Garchomp|87/100|[from] ability: Rough Skin|[of] p2b: Garchomp
|-damage|p1b: Garchomp|77/100|[from] item: Life Orb
|move|p1a: Floette|Dazzling Gleam|p2b: Garchomp|[spread] p2a,p2b
|-supereffective|p2b: Garchomp|1
|-damage|p2a: Kingambit|45/100
|-damage|p2b: Garchomp|0 fnt
|faint|p2b: Garchomp
|move|p2a: Kingambit|Kowtow Cleave|p1a: Floette
|-resisted|p1a: Floette|1
|-damage|p1a: Floette|69/100
|
|upkeep
|
|t:|1782235379
|switch|p2b: Delphox|Delphox, L50, F|100/100
|turn|2
|inactive|PRLT1 Jurrasicz has 30 seconds left.
|
|t:|1782235407
|detailschange|p2b: Delphox|Delphox-Mega, L50, F
|-mega|p2b: Delphox|Delphox|Delphoxite
|move|p1a: Floette|Protect|p1a: Floette
|-singleturn|p1a: Floette|Protect
|move|p2a: Kingambit|Sucker Punch|p1b: Garchomp
|-damage|p1b: Garchomp|43/100
|-damage|p2a: Kingambit|33/100|[from] ability: Rough Skin|[of] p1b: Garchomp
|move|p2b: Delphox|Psychic|p1b: Garchomp
|-damage|p1b: Garchomp|0 fnt
|faint|p1b: Garchomp
|
|upkeep
|
|t:|1782235417
|switch|p1b: Kingambit|Kingambit, L50, M|100/100
|turn|3
|
|t:|1782235441
|switch|p1a: Sinistcha|Sinistcha, L50|100/100
|move|p2b: Delphox|Encore||[still]
|-fail|p2b: Delphox
|move|p1b: Kingambit|Kowtow Cleave|p2b: Delphox
|-supereffective|p2b: Delphox|1
|-damage|p2b: Delphox|0 fnt
|faint|p2b: Delphox
|move|p2a: Kingambit|Kowtow Cleave|p1b: Kingambit
|-resisted|p1b: Kingambit|1
|-damage|p1b: Kingambit|79/100
|
|upkeep
|
|t:|1782235449
|switch|p2b: Basculegion|Basculegion, L50, M|100/100
|turn|4
|
|t:|1782235467
|move|p2b: Basculegion|Protect|p2b: Basculegion
|-singleturn|p2b: Basculegion|Protect
|move|p1a: Sinistcha|Rage Powder|p1a: Sinistcha
|-singleturn|p1a: Sinistcha|move: Rage Powder
|move|p1b: Kingambit|Kowtow Cleave|p2b: Basculegion
|-activate|p2b: Basculegion|move: Protect
|move|p2a: Kingambit|Kowtow Cleave|p1a: Sinistcha
|-supereffective|p1a: Sinistcha|1
|-damage|p1a: Sinistcha|28/100
|
|upkeep
|turn|5
|
|t:|1782235481
|move|p2b: Basculegion|Protect||[still]
|-fail|p2b: Basculegion
|move|p1a: Sinistcha|Rage Powder|p1a: Sinistcha
|-singleturn|p1a: Sinistcha|move: Rage Powder
|move|p1b: Kingambit|Kowtow Cleave|p2b: Basculegion
|-supereffective|p2b: Basculegion|1
|-damage|p2b: Basculegion|0 fnt
|faint|p2b: Basculegion
|move|p2a: Kingambit|Kowtow Cleave|p1a: Sinistcha
|-supereffective|p1a: Sinistcha|1
|-damage|p1a: Sinistcha|0 fnt
|faint|p1a: Sinistcha
|
|upkeep
|-message|Luxerna forfeited.
|
|win|PRLT1 Jurrasicz
||Luxerna is ready for game 3.
|inactive|PRLT1 Jurrasicz has 30 seconds to confirm battle start!
||PRLT1 Jurrasicz is ready for game 3.
|uhtml|next|Next: Game 3 of 3
|l|☆PRLT1 Jurrasicz
|player|p1|
|j|☆PRLT1 Jurrasicz
|player|p1|PRLT1 Jurrasicz|pokemaniac|
