|j|☆krispycloud
|j|☆spongebob601
|html|krispycloudspongebob601    
|uhtml|bestof|Game 1 of a best-of-3
|t:|1756700306
|gametype|doubles
|player|p1|krispycloud|flint|1128
|player|p2|spongebob601|169|1120
|gen|9
|tier|[Gen 9] VGC 2025 Reg H (Bo3)
|rated|
|rule|Species Clause: Limit one of each Pokémon
|rule|Item Clause: Limit 1 of each item
|clearpoke
|poke|p1|Amoonguss, L50, M|
|poke|p1|Sneasler, L50, F|
|poke|p1|Gholdengo, L50|
|poke|p1|Incineroar, L50, M|
|poke|p1|Ursaluna-Bloodmoon, L50, M|
|poke|p1|Dragonite, L50, M|
|poke|p2|Sneasler, L50, M|
|poke|p2|Ursaluna, L50, M|
|poke|p2|Porygon2, L50|
|poke|p2|Amoonguss, L50, M|
|poke|p2|Sylveon, L50, F|
|poke|p2|Grimmsnarl, L50, M|
|teampreview|4
|showteam|p1|Amoonguss||SitrusBerry|Regenerator|RagePowder,Spore,PollenPuff,Protect|||M|||50|,,,,,Psychic]Sneasler||FocusSash|Unburden|Protect,DireClaw,CloseCombat,ThroatChop|||F|||50|,,,,,Stellar]Gholdengo||LifeOrb|GoodasGold|Protect,MakeItRain,ShadowBall,NastyPlot||||||50|,,,,,Water]Incineroar||SafetyGoggles|Intimidate|KnockOff,PartingShot,FlareBlitz,FakeOut|||M|||50|,,,,,Ghost]Ursaluna-Bloodmoon||AssaultVest|MindsEye|BloodMoon,EarthPower,VacuumWave,HyperVoice|||M|||50|,,,,,Water]Dragonite||LoadedDice|Multiscale|ScaleShot,Tailwind,Haze,Protect|||M|||50|,,,,,Fairy
|showteam|p2|Sneasler||FocusSash|PoisonTouch|FakeOut,ThroatChop,CloseCombat,DireClaw|||M|||50|,,,,,Stellar]Ursaluna||FlameOrb|Guts|Protect,HeadlongRush,Earthquake,Facade|||M|||50|,,,,,Ghost]Porygon2||Eviolite|Download|TeraBlast,TrickRoom,Recover,IceBeam||||||50|,,,,,Flying]Amoonguss||SitrusBerry|Regenerator|PollenPuff,Spore,Protect,RagePowder|||M|||50|,,,,,Water]Sylveon||Leftovers|Pixilate|HyperVoice,Protect,DrainingKiss,CalmMind|||F|||50|,,,,,Steel]Grimmsnarl||LightClay|Prankster|SpiritBreak,Reflect,LightScreen,ThunderWave|||M|||50|,,,,,Ghost
|inactive|Battle timer is ON: inactive players will automatically lose when time's up. (requested by spongebob601)
|inactive|krispycloud has 60 seconds left.
|inactive|spongebob601 has 60 seconds left.
|
|t:|1756700355
|teamsize|p1|4
|teamsize|p2|4
|start
|switch|p1a: Incineroar|Incineroar, L50, M|100/100
|switch|p1b: Gholdengo|Gholdengo, L50|100/100
|switch|p2a: Grimmsnarl|Grimmsnarl, L50, M|100/100
|switch|p2b: Porygon2|Porygon2, L50|100/100
|-ability|p1a: Incineroar|Intimidate|boost
|-unboost|p2a: Grimmsnarl|atk|1
|-unboost|p2b: Porygon2|atk|1
|-ability|p2b: Porygon2|Download|boost
|-boost|p2b: Porygon2|spa|1
|turn|1
|inactive|krispycloud has 30 seconds left.
|inactive|spongebob601 has 30 seconds left.
|inactive|spongebob601 has 20 seconds left.
|inactive|spongebob601 has 15 seconds left.
|inactive|spongebob601 has 10 seconds left.
|
|t:|1756700404
|move|p1a: Incineroar|Fake Out|p2b: Porygon2
|-damage|p2b: Porygon2|95/100
|move|p2a: Grimmsnarl|Light Screen|p2a: Grimmsnarl
|-sidestart|p2: spongebob601|move: Light Screen
|move|p1b: Gholdengo|Nasty Plot|p1b: Gholdengo
|-boost|p1b: Gholdengo|spa|2
|cant|p2b: Porygon2|flinch
|
|upkeep
|turn|2
|inactive|krispycloud has 30 seconds left.
|inactive|krispycloud has 20 seconds left.
|inactive|krispycloud has 15 seconds left.
|
|t:|1756700448
|move|p2a: Grimmsnarl|Reflect|p2a: Grimmsnarl
|-sidestart|p2: spongebob601|Reflect
|move|p1b: Gholdengo|Nasty Plot|p1b: Gholdengo
|-boost|p1b: Gholdengo|spa|2
|move|p1a: Incineroar|Knock Off|p2b: Porygon2
|-damage|p2b: Porygon2|80/100
|-enditem|p2b: Porygon2|Eviolite|[from] move: Knock Off|[of] p1a: Incineroar
|move|p2b: Porygon2|Trick Room|p2b: Porygon2
|-fieldstart|move: Trick Room|[of] p2b: Porygon2
|
|upkeep
|turn|3
|inactive|spongebob601 has 30 seconds left.
|
|t:|1756700473
|move|p2a: Grimmsnarl|Spirit Break|p1b: Gholdengo
|-resisted|p1b: Gholdengo
|-damage|p1b: Gholdengo|90/100
|-unboost|p1b: Gholdengo|spa|1
|move|p2b: Porygon2|Tera Blast|p1a: Incineroar
|-damage|p1a: Incineroar|58/100
|move|p1a: Incineroar|Parting Shot|p2b: Porygon2
|-unboost|p2b: Porygon2|atk|1
|-unboost|p2b: Porygon2|spa|1
|
|t:|1756700483
|switch|p1a: Amoonguss|Amoonguss, L50, M|100/100|[from] Parting Shot
|move|p1b: Gholdengo|Make It Rain|p2b: Porygon2|[spread] p2a,p2b
|-supereffective|p2a: Grimmsnarl
|-damage|p2a: Grimmsnarl|0 fnt
|-damage|p2b: Porygon2|0 fnt
|-unboost|p1b: Gholdengo|spa|1
|faint|p2a: Grimmsnarl
|faint|p2b: Porygon2
|-damage|p1b: Gholdengo|81/100|[from] item: Life Orb
|
|upkeep
|
|t:|1756700501
|switch|p2b: Ursaluna|Ursaluna, L50, M|100/100
|switch|p2a: Sylveon|Sylveon, L50, F|100/100
|turn|4
|
|t:|1756700516
|move|p2b: Ursaluna|Protect|p2b: Ursaluna
|-singleturn|p2b: Ursaluna|Protect
|move|p2a: Sylveon|Protect|p2a: Sylveon
|-singleturn|p2a: Sylveon|Protect
|move|p1a: Amoonguss|Spore|p2b: Ursaluna
|-activate|p2b: Ursaluna|move: Protect
|move|p1b: Gholdengo|Make It Rain|p2b: Ursaluna|[spread] 
|-activate|p2a: Sylveon|move: Protect
|-activate|p2b: Ursaluna|move: Protect
|
|-status|p2b: Ursaluna|brn|[from] item: Flame Orb
|upkeep
|turn|5
|inactive|spongebob601 has 30 seconds left.
|
|t:|1756700549
|-terastallize|p2a: Sylveon|Steel
|-terastallize|p1b: Gholdengo|Water
|move|p1a: Amoonguss|Rage Powder|p1a: Amoonguss
|-singleturn|p1a: Amoonguss|move: Rage Powder
|move|p2b: Ursaluna|Facade|p1a: Amoonguss
|-damage|p1a: Amoonguss|5/100
|-enditem|p1a: Amoonguss|Sitrus Berry|[eat]
|-heal|p1a: Amoonguss|30/100|[from] item: Sitrus Berry
|move|p2a: Sylveon|Calm Mind|p2a: Sylveon
|-boost|p2a: Sylveon|spa|1
|-boost|p2a: Sylveon|spd|1
|move|p1b: Gholdengo|Make It Rain|p2b: Ursaluna|[spread] p2a,p2b
|-resisted|p2a: Sylveon
|-damage|p2a: Sylveon|82/100
|-damage|p2b: Ursaluna|38/100 brn
|-unboost|p1b: Gholdengo|spa|1
|-damage|p1b: Gholdengo|71/100|[from] item: Life Orb
|
|-heal|p2a: Sylveon|88/100|[from] item: Leftovers
|-damage|p2b: Ursaluna|32/100 brn|[from] brn
|upkeep
|turn|6
|inactive|spongebob601 has 30 seconds left.
|inactive|krispycloud has 30 seconds left.
|
|t:|1756700580
|move|p2a: Sylveon|Protect|p2a: Sylveon
|-singleturn|p2a: Sylveon|Protect
|move|p1b: Gholdengo|Protect|p1b: Gholdengo
|-singleturn|p1b: Gholdengo|Protect
|move|p1a: Amoonguss|Spore|p2a: Sylveon
|-activate|p2a: Sylveon|move: Protect
|move|p2b: Ursaluna|Earthquake|p1b: Gholdengo|[spread] p1a
|-activate|p2a: Sylveon|move: Protect
|-activate|p1b: Gholdengo|move: Protect
|-damage|p1a: Amoonguss|0 fnt
|faint|p1a: Amoonguss
|
|-heal|p2a: Sylveon|94/100|[from] item: Leftovers
|-damage|p2b: Ursaluna|26/100 brn|[from] brn
|-fieldend|move: Trick Room
|upkeep
|
|t:|1756700590
|switch|p1a: Incineroar|Incineroar, L50, M|58/100
|-ability|p1a: Incineroar|Intimidate|boost
|-unboost|p2a: Sylveon|atk|1
|-unboost|p2b: Ursaluna|atk|1
|turn|7
|inactive|spongebob601 has 30 seconds left.
|
|t:|1756700617
|move|p1b: Gholdengo|Make It Rain|p2a: Sylveon|[spread] p2a,p2b
|-resisted|p2a: Sylveon
|-damage|p2a: Sylveon|81/100
|-damage|p2b: Ursaluna|0 fnt
|-unboost|p1b: Gholdengo|spa|1
|faint|p2b: Ursaluna
|-damage|p1b: Gholdengo|62/100|[from] item: Life Orb
|move|p1a: Incineroar|Flare Blitz|p2a: Sylveon
|-supereffective|p2a: Sylveon
|-damage|p2a: Sylveon|19/100
|-damage|p1a: Incineroar|38/100|[from] Recoil
|move|p2a: Sylveon|Calm Mind|p2a: Sylveon
|-boost|p2a: Sylveon|spa|1
|-boost|p2a: Sylveon|spd|1
|
|-heal|p2a: Sylveon|25/100|[from] item: Leftovers
|upkeep
|turn|8
|
|t:|1756700635
|move|p2a: Sylveon|Protect|p2a: Sylveon
|-singleturn|p2a: Sylveon|Protect
|move|p1b: Gholdengo|Shadow Ball|p2a: Sylveon
|-activate|p2a: Sylveon|move: Protect
|move|p1a: Incineroar|Flare Blitz|p2a: Sylveon
|-activate|p2a: Sylveon|move: Protect
|
|-heal|p2a: Sylveon|31/100|[from] item: Leftovers
|-sideend|p2: spongebob601|move: Light Screen
|upkeep
|turn|9
|
|t:|1756700646
|move|p1b: Gholdengo|Shadow Ball|p2a: Sylveon
|-damage|p2a: Sylveon|13/100
|-damage|p1b: Gholdengo|52/100|[from] item: Life Orb
|move|p1a: Incineroar|Flare Blitz|p2a: Sylveon
|-supereffective|p2a: Sylveon
|-damage|p2a: Sylveon|0 fnt
|faint|p2a: Sylveon
|-damage|p1a: Incineroar|34/100|[from] Recoil
|
|win|krispycloud
||krispycloud is ready for game 2.
|inactive|spongebob601 has 30 seconds to confirm battle start!
||spongebob601 is ready for game 2.
|uhtml|next|Next: Game 2 of 3
