|j|☆Nearshort
|j|☆Oreo_Stars
|html|NearshortOreo_Stars    
|uhtml|bestof|Game 2 of a best-of-3
|t:|1757739388
|gametype|doubles
|player|p1|Nearshort|102|1160
|player|p2|Oreo_Stars|169|1143
|gen|9
|tier|[Gen 9] VGC 2025 Reg H (Bo3)
|rated|
|rule|Species Clause: Limit one of each Pokémon
|rule|Item Clause: Limit 1 of each item
|clearpoke
|poke|p1|Tyranitar, L50, F|
|poke|p1|Orthworm, L50, F|
|poke|p1|Excadrill, L50, F|
|poke|p1|Amoonguss, L50, M|
|poke|p1|Indeedee-F, L50, F|
|poke|p1|Armarouge, L50, M|
|poke|p2|Archaludon, L50, M|
|poke|p2|Pelipper, L50, M|
|poke|p2|Basculegion, L50, M|
|poke|p2|Incineroar, L50, M|
|poke|p2|Amoonguss, L50, F|
|poke|p2|Gholdengo, L50|
|teampreview|4
|showteam|p1|Tyranitar||AssaultVest|SandStream|RockSlide,LowKick,TeraBlast,KnockOff|||F|||50|,,,,,Flying]Orthworm||SitrusBerry|EarthEater|ShedTail,RockBlast,HelpingHand,Protect|||F|||50|,,,,,Poison]Excadrill||ChoiceScarf|SandForce|Earthquake,RockSlide,ShadowClaw,IronHead|||F|||50|,,,,,Ground]Amoonguss||RockyHelmet|Regenerator|RagePowder,Protect,ClearSmog,Spore|||M|||50|,,,,,Water]Indeedee-F||SafetyGoggles|PsychicSurge|FollowMe,Psychic,Protect,TrickRoom|||F|||50|,,,,,Fairy]Armarouge||PowerHerb|WeakArmor|ExpandingForce,HeatWave,Protect,MeteorBeam|||M|||50|,,,,,Grass
|showteam|p2|Archaludon||AssaultVest|Stamina|ElectroShot,DracoMeteor,FlashCannon,BodyPress|||M|||50|,,,,,Grass]Pelipper||CovertCloak|Drizzle|Tailwind,Hurricane,WeatherBall,Protect|||M|||50|,,,,,Ground]Basculegion||LoadedDice|SwiftSwim|Protect,LastRespects,WaveCrash,ScaleShot|||M|||50|,,,,,Fairy]Incineroar||SafetyGoggles|Intimidate|FakeOut,KnockOff,PartingShot,Substitute|||M|||50|,,,,,Ghost]Amoonguss||SitrusBerry|Regenerator|Spore,PollenPuff,RagePowder,Protect|||F|||50|,,,,,Psychic]Gholdengo||ChoiceSpecs|GoodasGold|MakeItRain,ShadowBall,Thunder,SteelBeam||||||50|,,,,,Steel
|inactive|Battle timer is ON: inactive players will automatically lose when time's up. (requested by Oreo_Stars)
|
|t:|1757739418
|teamsize|p1|4
|teamsize|p2|4
|start
|switch|p1a: Armarouge|Armarouge, L50, M|100/100
|switch|p1b: Excadrill|Excadrill, L50, F|100/100
|switch|p2a: Basculegion|Basculegion, L50, M|100/100
|switch|p2b: Amoonguss|Amoonguss, L50, F|100/100
|turn|1
|
|t:|1757739440
|switch|p1b: Tyranitar|Tyranitar, L50, F|100/100
|-weather|Sandstorm|[from] ability: Sand Stream|[of] p1b: Tyranitar
|-terastallize|p1a: Armarouge|Grass
|move|p2a: Basculegion|Protect|p2a: Basculegion
|-singleturn|p2a: Basculegion|Protect
|move|p1a: Armarouge|Meteor Beam||[still]
|-prepare|p1a: Armarouge|Meteor Beam
|-boost|p1a: Armarouge|spa|1
|-enditem|p1a: Armarouge|Power Herb
|-anim|p1a: Armarouge|Meteor Beam|p2a: Basculegion
|-activate|p2a: Basculegion|move: Protect
|move|p2b: Amoonguss|Spore|p1b: Tyranitar
|-status|p1b: Tyranitar|slp|[from] move: Spore
|
|-weather|Sandstorm|[upkeep]
|-damage|p1a: Armarouge|94/100|[from] Sandstorm
|-damage|p2a: Basculegion|94/100|[from] Sandstorm
|-damage|p2b: Amoonguss|95/100|[from] Sandstorm
|upkeep
|turn|2
|
|t:|1757739456
|switch|p1b: Indeedee|Indeedee-F, L50, F|100/100
|-fieldstart|move: Psychic Terrain|[from] ability: Psychic Surge|[of] p1b: Indeedee
|switch|p2b: Pelipper|Pelipper, L50, M|100/100
|-weather|RainDance|[from] ability: Drizzle|[of] p2b: Pelipper
|move|p2a: Basculegion|Wave Crash|p1b: Indeedee
|-damage|p1b: Indeedee|15/100
|-damage|p2a: Basculegion|69/100|[from] Recoil
|move|p1a: Armarouge|Expanding Force|p2b: Pelipper|[spread] p2a,p2b
|-damage|p2a: Basculegion|0 fnt
|-damage|p2b: Pelipper|0 fnt
|faint|p2a: Basculegion
|faint|p2b: Pelipper
|
|-weather|RainDance|[upkeep]
|upkeep
|
|t:|1757739459
|switch|p2b: Amoonguss|Amoonguss, L50, F|100/100
|switch|p2a: Gholdengo|Gholdengo, L50|100/100
|turn|3
|
|t:|1757739483
|switch|p1b: Tyranitar|Tyranitar, L50, F|100/100 slp
|-weather|Sandstorm|[from] ability: Sand Stream|[of] p1b: Tyranitar
|-terastallize|p2a: Gholdengo|Steel
|move|p1a: Armarouge|Protect|p1a: Armarouge
|-singleturn|p1a: Armarouge|Protect
|move|p2a: Gholdengo|Make It Rain|p1a: Armarouge|[spread] p1b
|-activate|p1a: Armarouge|move: Protect
|-supereffective|p1b: Tyranitar
|-damage|p1b: Tyranitar|11/100 slp
|-unboost|p2a: Gholdengo|spa|1
|move|p2b: Amoonguss|Pollen Puff|p1a: Armarouge
|-activate|p1a: Armarouge|move: Protect
|
|-weather|Sandstorm|[upkeep]
|-damage|p1a: Armarouge|88/100|[from] Sandstorm
|-damage|p2b: Amoonguss|95/100|[from] Sandstorm
|upkeep
|turn|4
|
|t:|1757739509
|move|p2a: Gholdengo|Make It Rain|p1b: Tyranitar|[spread] p1a,p1b
|-supereffective|p1b: Tyranitar
|-damage|p1a: Armarouge|4/100
|-damage|p1b: Tyranitar|0 fnt
|-unboost|p2a: Gholdengo|spa|1
|faint|p1b: Tyranitar
|move|p1a: Armarouge|Heat Wave|p2a: Gholdengo|[spread] p2a,p2b
|-supereffective|p2a: Gholdengo
|-supereffective|p2b: Amoonguss
|-damage|p2a: Gholdengo|0 fnt
|-damage|p2b: Amoonguss|5/100
|-enditem|p2b: Amoonguss|Sitrus Berry|[eat]
|-heal|p2b: Amoonguss|30/100|[from] item: Sitrus Berry
|faint|p2a: Gholdengo
|move|p2b: Amoonguss|Pollen Puff|p1a: Armarouge
|-supereffective|p1a: Armarouge
|-damage|p1a: Armarouge|0 fnt
|faint|p1a: Armarouge
|
|-weather|Sandstorm|[upkeep]
|-damage|p2b: Amoonguss|24/100|[from] Sandstorm
|upkeep
|
|t:|1757739519
|switch|p1a: Excadrill|Excadrill, L50, F|100/100
|switch|p1b: Indeedee|Indeedee-F, L50, F|15/100
|turn|5
|
|t:|1757739526
|move|p1b: Indeedee|Protect|p1b: Indeedee
|-singleturn|p1b: Indeedee|Protect
|move|p1a: Excadrill|Earthquake|p2b: Amoonguss|[spread] p2b
|-activate|p1b: Indeedee|move: Protect
|-damage|p2b: Amoonguss|0 fnt
|faint|p2b: Amoonguss
|
|win|Nearshort
||Nearshort is ready for game 3.
||Oreo_Stars is ready for game 3.
|uhtml|next|Next: Game 3 of 3
|l|☆Nearshort
|player|p1|
|l|☆Oreo_Stars
|player|p2|
