|j|☆Olly457
|j|☆AbacusStabacus
|html|Olly457AbacusStabacus    
|uhtml|bestof|Game 1 of a best-of-3
|t:|1756762129
|gametype|doubles
|player|p1|Olly457|unknown|1076
|player|p2|AbacusStabacus|102|1000
|gen|9
|tier|[Gen 9] VGC 2025 Reg H (Bo3)
|rated|
|rule|Species Clause: Limit one of each Pokémon
|rule|Item Clause: Limit 1 of each item
|clearpoke
|poke|p1|Ursaluna, L50, F|
|poke|p1|Amoonguss, L50, F|
|poke|p1|Porygon2, L50|
|poke|p1|Incineroar, L50, M|
|poke|p1|Gholdengo, L50|
|poke|p1|Mienshao, L50, M|
|poke|p2|Gholdengo, L50|
|poke|p2|Incineroar, L50, M|
|poke|p2|Sneasler, L50, M|
|poke|p2|Rillaboom, L50, M|
|poke|p2|Ninetales-Alola, L50, M|
|poke|p2|Primarina, L50, M|
|teampreview|4
|showteam|p1|Ursaluna||FlameOrb|Guts|Protect,Facade,HeadlongRush,Substitute|||F|||50|,,,,,Ghost]Amoonguss||CovertCloak|Regenerator|RagePowder,ClearSmog,PollenPuff,Spore|||F|||50|,,,,,Electric]Porygon2||Eviolite|Download|Recover,TeraBlast,IceBeam,TrickRoom||||||50|,,,,,Fighting]Incineroar||AssaultVest|Intimidate|Uturn,FlareBlitz,KnockOff,FakeOut|||M|||50|,,,,,Grass]Gholdengo||LifeOrb|GoodasGold|Protect,MakeItRain,ShadowBall,NastyPlot||||||50|,,,,,Water]Mienshao||FocusSash|InnerFocus|CloseCombat,KnockOff,IceSpinner,WideGuard|||M|||50|,,,,,Stellar
|showteam|p2|Gholdengo||Leftovers|GoodasGold|Protect,NastyPlot,ShadowBall,MakeItRain||||||50|,,,,,Dark]Incineroar||SitrusBerry|Intimidate|FakeOut,FlareBlitz,PartingShot,KnockOff|||M|||50|,,,,,Ghost]Sneasler||ChoiceBand|Unburden|DireClaw,CloseCombat,NightSlash,Uturn|||M|||50|,,,,,Fighting]Rillaboom||AssaultVest|GrassySurge|FakeOut,BrickBreak,GrassyGlide,WoodHammer|||M|||50|,,,,,Water]Ninetales-Alola||LightClay|SnowWarning|AuroraVeil,Blizzard,Disable,Protect|||M|||50|,,,,,Water]Primarina||ThroatSpray|LiquidVoice|HyperVoice,Haze,DazzlingGleam,Encore|||M|||50|,,,,,Steel
|inactive|Battle timer is ON: inactive players will automatically lose when time's up. (requested by Olly457)
|inactive|AbacusStabacus has 60 seconds left.
|
|t:|1756762209
|teamsize|p1|4
|teamsize|p2|4
|start
|switch|p1a: Ursaluna|Ursaluna, L50, F, shiny|100/100
|switch|p1b: Porygon2|Porygon2, L50, shiny|100/100
|switch|p2a: Ninetales|Ninetales-Alola, L50, M|100/100
|switch|p2b: Rillaboom|Rillaboom, L50, M|100/100
|-weather|Snowscape|[from] ability: Snow Warning|[of] p2a: Ninetales
|-fieldstart|move: Grassy Terrain|[from] ability: Grassy Surge|[of] p2b: Rillaboom
|-ability|p1b: Porygon2|Download|boost
|-boost|p1b: Porygon2|atk|1
|turn|1
|
|t:|1756762227
|-terastallize|p1a: Ursaluna|Ghost
|move|p2b: Rillaboom|Fake Out|p1b: Porygon2
|-damage|p1b: Porygon2|91/100
|move|p2a: Ninetales|Aurora Veil|p2a: Ninetales
|-sidestart|p2: AbacusStabacus|move: Aurora Veil
|move|p1a: Ursaluna|Substitute|p1a: Ursaluna
|-start|p1a: Ursaluna|Substitute
|-damage|p1a: Ursaluna|76/100
|cant|p1b: Porygon2|flinch
|
|-weather|Snowscape|[upkeep]
|-heal|p1b: Porygon2|97/100|[from] Grassy Terrain
|-heal|p1a: Ursaluna|82/100|[from] Grassy Terrain
|-status|p1a: Ursaluna|brn|[from] item: Flame Orb
|upkeep
|turn|2
|
|t:|1756762252
|move|p2a: Ninetales|Blizzard|p1a: Ursaluna|[spread] p1a,p1b
|-activate|p1a: Ursaluna|move: Substitute|[damage]
|-damage|p1b: Porygon2|84/100
|move|p2b: Rillaboom|Brick Break|p1b: Porygon2
|-supereffective|p1b: Porygon2
|-damage|p1b: Porygon2|54/100
|move|p1a: Ursaluna|Facade|p2a: Ninetales
|-damage|p2a: Ninetales|33/100
|move|p1b: Porygon2|Trick Room|p1b: Porygon2
|-fieldstart|move: Trick Room|[of] p1b: Porygon2
|
|-weather|Snowscape|[upkeep]
|-heal|p1a: Ursaluna|87/100 brn|[from] Grassy Terrain
|-heal|p1b: Porygon2|60/100|[from] Grassy Terrain
|-heal|p2a: Ninetales|40/100|[from] Grassy Terrain
|-damage|p1a: Ursaluna|82/100 brn|[from] brn
|upkeep
|turn|3
|inactive|AbacusStabacus has 30 seconds left.
|
|t:|1756762280
|move|p2a: Ninetales|Protect|p2a: Ninetales
|-singleturn|p2a: Ninetales|Protect
|move|p1a: Ursaluna|Facade|p2a: Ninetales
|-activate|p2a: Ninetales|move: Protect
|move|p1b: Porygon2|Ice Beam|p2b: Rillaboom
|-supereffective|p2b: Rillaboom
|-damage|p2b: Rillaboom|75/100
|move|p2b: Rillaboom|Wood Hammer|p1b: Porygon2
|-damage|p1b: Porygon2|13/100
|-damage|p2b: Rillaboom|60/100|[from] Recoil
|
|-weather|Snowscape|[upkeep]
|-heal|p1a: Ursaluna|87/100 brn|[from] Grassy Terrain
|-heal|p1b: Porygon2|19/100|[from] Grassy Terrain
|-heal|p2b: Rillaboom|66/100|[from] Grassy Terrain
|-heal|p2a: Ninetales|46/100|[from] Grassy Terrain
|-damage|p1a: Ursaluna|82/100 brn|[from] brn
|upkeep
|turn|4
|
|t:|1756762290
|switch|p1b: Amoonguss|Amoonguss, L50, F, shiny|100/100
|move|p2b: Rillaboom|Grassy Glide|p1b: Amoonguss
|-resisted|p1b: Amoonguss
|-damage|p1b: Amoonguss|93/100
|move|p1a: Ursaluna|Facade|p2a: Ninetales
|-damage|p2a: Ninetales|0 fnt
|faint|p2a: Ninetales
|
|-weather|Snowscape|[upkeep]
|-heal|p1a: Ursaluna|87/100 brn|[from] Grassy Terrain
|-heal|p1b: Amoonguss|99/100|[from] Grassy Terrain
|-heal|p2b: Rillaboom|72/100|[from] Grassy Terrain
|-damage|p1a: Ursaluna|82/100 brn|[from] brn
|upkeep
|
|t:|1756762299
|switch|p2a: Primarina|Primarina, L50, M|100/100
|turn|5
|
|t:|1756762310
|move|p2b: Rillaboom|Grassy Glide|p1a: Ursaluna
|-end|p1a: Ursaluna|Substitute
|move|p1a: Ursaluna|Facade|p2b: Rillaboom
|-damage|p2b: Rillaboom|0 fnt
|faint|p2b: Rillaboom
|move|p1b: Amoonguss|Spore|p2a: Primarina
|-status|p2a: Primarina|slp|[from] move: Spore
|cant|p2a: Primarina|slp
|
|-weather|none
|-heal|p1a: Ursaluna|87/100 brn|[from] Grassy Terrain
|-heal|p1b: Amoonguss|100/100|[from] Grassy Terrain
|-damage|p1a: Ursaluna|82/100 brn|[from] brn
|-fieldend|move: Grassy Terrain
|upkeep
|
|t:|1756762314
|switch|p2b: Gholdengo|Gholdengo, L50|100/100
|turn|6
|
|t:|1756762329
|-terastallize|p2b: Gholdengo|Dark
|move|p1a: Ursaluna|Headlong Rush|p2b: Gholdengo
|-damage|p2b: Gholdengo|27/100
|-unboost|p1a: Ursaluna|def|1
|-unboost|p1a: Ursaluna|spd|1
|move|p1b: Amoonguss|Pollen Puff|p2b: Gholdengo
|-supereffective|p2b: Gholdengo
|-damage|p2b: Gholdengo|4/100
|cant|p2a: Primarina|slp
|move|p2b: Gholdengo|Shadow Ball|p1a: Ursaluna
|-supereffective|p1a: Ursaluna
|-damage|p1a: Ursaluna|0 fnt
|faint|p1a: Ursaluna
|
|-heal|p2b: Gholdengo|10/100|[from] item: Leftovers
|-fieldend|move: Trick Room
|upkeep
|
|t:|1756762344
|switch|p1a: Gholdengo|Gholdengo, L50, shiny|100/100
|turn|7
|
|t:|1756762353
|move|p1a: Gholdengo|Make It Rain|p2b: Gholdengo|[spread] p2a,p2b
|-damage|p2a: Primarina|60/100 slp
|-damage|p2b: Gholdengo|0 fnt
|-unboost|p1a: Gholdengo|spa|1
|faint|p2b: Gholdengo
|-damage|p1a: Gholdengo|91/100|[from] item: Life Orb
|-curestatus|p2a: Primarina|slp|[msg]
|move|p2a: Primarina|Hyper Voice|p1b: Amoonguss|[spread] p1a,p1b
|-resisted|p1b: Amoonguss
|-damage|p1a: Gholdengo|49/100
|-damage|p1b: Amoonguss|83/100
|-enditem|p2a: Primarina|Throat Spray
|-boost|p2a: Primarina|spa|1|[from] item: Throat Spray
|move|p1b: Amoonguss|Pollen Puff|p2a: Primarina
|-resisted|p2a: Primarina
|-damage|p2a: Primarina|55/100
|
|upkeep
|turn|8
|
|t:|1756762367
|switch|p1a: Porygon2|Porygon2, L50, shiny|19/100
|-ability|p1a: Porygon2|Download|boost
|-boost|p1a: Porygon2|atk|1
|move|p2a: Primarina|Hyper Voice|p1b: Amoonguss|[spread] p1a,p1b
|-resisted|p1b: Amoonguss
|-crit|p1b: Amoonguss
|-damage|p1a: Porygon2|0 fnt
|-damage|p1b: Amoonguss|48/100
|faint|p1a: Porygon2
|move|p1b: Amoonguss|Spore|p2a: Primarina
|-status|p2a: Primarina|slp|[from] move: Spore
|
|-sideend|p2: AbacusStabacus|move: Aurora Veil
|upkeep
|
|t:|1756762369
|switch|p1a: Gholdengo|Gholdengo, L50, shiny|49/100
|turn|9
|
|t:|1756762376
|move|p1a: Gholdengo|Make It Rain|p2a: Primarina
|-damage|p2a: Primarina|0 fnt
|-unboost|p1a: Gholdengo|spa|1
|faint|p2a: Primarina
|-damage|p1a: Gholdengo|40/100|[from] item: Life Orb
|
|win|Olly457
||AbacusStabacus is ready for game 2.
|l|☆AbacusStabacus
|player|p2|
||Olly457 is ready for game 2.
|uhtml|next|Next: Game 2 of 3
