|j|☆teyvgc
|j|☆MidnightCrimsonn
|html|teyvgcMidnightCrimsonn    
|uhtml|bestof|Game 2 of a best-of-3
|t:|1757189986
|gametype|doubles
|player|p1|teyvgc|benga|1227
|player|p2|MidnightCrimsonn|acetrainerf-gen4dp|1211
|gen|9
|tier|[Gen 9] VGC 2025 Reg H (Bo3)
|rated|
|rule|Species Clause: Limit one of each Pokémon
|rule|Item Clause: Limit 1 of each item
|clearpoke
|poke|p1|Gholdengo, L50|
|poke|p1|Dragonite, L50, M|
|poke|p1|Sneasler, L50, F|
|poke|p1|Incineroar, L50, M|
|poke|p1|Indeedee, L50, M|
|poke|p1|Ninetales-Alola, L50, M|
|poke|p2|Amoonguss, L50, F|
|poke|p2|Incineroar, L50, M|
|poke|p2|Hydreigon, L50, M|
|poke|p2|Gholdengo, L50|
|poke|p2|Ursaluna, L50, M|
|poke|p2|Porygon2, L50|
|teampreview|4
|showteam|p1|Gholdengo||LifeOrb|GoodasGold|Protect,MakeItRain,ShadowBall,NastyPlot||||||50|,,,,,Water]Dragonite||LoadedDice|Multiscale|ScaleShot,Tailwind,Haze,Protect|||M|||50|,,,,,Fairy]Sneasler||PsychicSeed|Unburden|Protect,DireClaw,CloseCombat,ThroatChop|||F|||50|,,,,,Dark]Incineroar||SafetyGoggles|Intimidate|KnockOff,PartingShot,FlareBlitz,FakeOut|||M|||50|,,,,,Ghost]Indeedee||ChoiceScarf|PsychicSurge|Protect,Trick,TeraBlast,ExpandingForce|||M|||50|,,,,,Psychic]Ninetales-Alola||FocusSash|SnowWarning|Blizzard,IcyWind,Encore,AuroraVeil|||M|||50|,,,,,Ghost
|showteam|p2|Amoonguss||MentalHerb|Regenerator|PollenPuff,Spore,RagePowder,Protect|||F|||50|,,,,,Fairy]Incineroar||AssaultVest|Intimidate|FakeOut,KnockOff,FlareBlitz,Uturn|||M|||50|,,,,,Ghost]Hydreigon||SafetyGoggles|Levitate|DracoMeteor,Snarl,Tailwind,Protect|||M|||50|,,,,,Ghost]Gholdengo||MetalCoat|GoodasGold|MakeItRain,ShadowBall,NastyPlot,Protect||||||50|,,,,,Water]Ursaluna||FlameOrb|Guts|Facade,HeadlongRush,Earthquake,Protect|||M|||50|,,,,,Ghost]Porygon2||Eviolite|Download|TeraBlast,IceBeam,Recover,TrickRoom||||||50|,,,,,Fighting
|inactive|Battle timer is ON: inactive players will automatically lose when time's up. (requested by MidnightCrimsonn)
|inactive|teyvgc has 60 seconds left.
|
|t:|1757190035
|teamsize|p1|4
|teamsize|p2|4
|start
|switch|p1a: Dragonite|Dragonite, L50, M|100/100
|switch|p1b: Ninetales|Ninetales-Alola, L50, M|100/100
|switch|p2a: Hydreigon|Hydreigon, L50, M|100/100
|switch|p2b: Incineroar|Incineroar, L50, M, shiny|100/100
|-weather|Snowscape|[from] ability: Snow Warning|[of] p1b: Ninetales
|-ability|p2b: Incineroar|Intimidate|boost
|-unboost|p1a: Dragonite|atk|1
|-unboost|p1b: Ninetales|atk|1
|turn|1
|
|t:|1757190059
|move|p2b: Incineroar|Fake Out|p1a: Dragonite
|-damage|p1a: Dragonite|94/100
|move|p1b: Ninetales|Aurora Veil|p1b: Ninetales
|-sidestart|p1: teyvgc|move: Aurora Veil
|move|p2a: Hydreigon|Tailwind|p2a: Hydreigon
|-sidestart|p2: MidnightCrimsonn|move: Tailwind
|cant|p1a: Dragonite|flinch
|
|-weather|Snowscape|[upkeep]
|upkeep
|turn|2
|
|t:|1757190083
|switch|p2a: Gholdengo|Gholdengo, L50|100/100
|-terastallize|p1a: Dragonite|Fairy
|move|p1b: Ninetales|Encore|p2b: Incineroar
|-start|p2b: Incineroar|Encore
|move|p2b: Incineroar|Fake Out||[still]
|-hint|Fake Out only works on your first turn out.
|-fail|p2b: Incineroar
|move|p1a: Dragonite|Scale Shot|p2a: Gholdengo
|-resisted|p2a: Gholdengo
|-damage|p2a: Gholdengo|96/100
|-resisted|p2a: Gholdengo
|-damage|p2a: Gholdengo|91/100
|-resisted|p2a: Gholdengo
|-damage|p2a: Gholdengo|87/100
|-resisted|p2a: Gholdengo
|-damage|p2a: Gholdengo|82/100
|-resisted|p2a: Gholdengo
|-damage|p2a: Gholdengo|78/100
|-hitcount|p2a: Gholdengo|5
|-unboost|p1a: Dragonite|def|1
|-boost|p1a: Dragonite|spe|1
|
|-weather|Snowscape|[upkeep]
|upkeep
|turn|3
|inactive|teyvgc has 30 seconds left.
|inactive|teyvgc has 20 seconds left.
|inactive|teyvgc has 15 seconds left.
|
|t:|1757190124
|switch|p2b: Ursaluna|Ursaluna, L50, M|100/100
|move|p2a: Gholdengo|Nasty Plot|p2a: Gholdengo
|-boost|p2a: Gholdengo|spa|2
|move|p1a: Dragonite|Tailwind|p1a: Dragonite
|-sidestart|p1: teyvgc|move: Tailwind
|move|p1b: Ninetales|Blizzard|p2a: Gholdengo|[spread] p2a,p2b
|-resisted|p2a: Gholdengo
|-supereffective|p2b: Ursaluna
|-damage|p2a: Gholdengo|63/100
|-damage|p2b: Ursaluna|48/100
|
|-weather|Snowscape|[upkeep]
|-status|p2b: Ursaluna|brn|[from] item: Flame Orb
|upkeep
|turn|4
|
|t:|1757190138
|switch|p2b: Incineroar|Incineroar, L50, M, shiny|100/100
|-ability|p2b: Incineroar|Intimidate|boost
|-unboost|p1a: Dragonite|atk|1
|-unboost|p1b: Ninetales|atk|1
|move|p1a: Dragonite|Scale Shot|p2a: Gholdengo
|-resisted|p2a: Gholdengo
|-crit|p2a: Gholdengo
|-damage|p2a: Gholdengo|54/100
|-resisted|p2a: Gholdengo
|-damage|p2a: Gholdengo|50/100
|-resisted|p2a: Gholdengo
|-damage|p2a: Gholdengo|47/100
|-resisted|p2a: Gholdengo
|-damage|p2a: Gholdengo|44/100
|-resisted|p2a: Gholdengo
|-damage|p2a: Gholdengo|41/100
|-hitcount|p2a: Gholdengo|5
|-unboost|p1a: Dragonite|def|1
|-boost|p1a: Dragonite|spe|1
|move|p1b: Ninetales|Blizzard|p2b: Incineroar|[spread] p2a,p2b
|-resisted|p2a: Gholdengo
|-resisted|p2b: Incineroar
|-damage|p2a: Gholdengo|26/100
|-damage|p2b: Incineroar|91/100
|-status|p2a: Gholdengo|frz
|cant|p2a: Gholdengo|frz
|
|-weather|Snowscape|[upkeep]
|-sideend|p2: MidnightCrimsonn|move: Tailwind
|upkeep
|turn|5
|inactive|teyvgc has 30 seconds left.
|
|t:|1757190169
|switch|p1b: Incineroar|Incineroar, L50, M|100/100
|-ability|p1b: Incineroar|Intimidate|boost
|-unboost|p2a: Gholdengo|atk|1
|-unboost|p2b: Incineroar|atk|1
|move|p2b: Incineroar|Fake Out|p1b: Incineroar
|-damage|p1b: Incineroar|96/100
|move|p1a: Dragonite|Haze|p1a: Dragonite
|-clearallboost
|cant|p2a: Gholdengo|frz
|
|-weather|none
|-sideend|p1: teyvgc|move: Aurora Veil
|upkeep
|turn|6
|
|t:|1757190188
|cant|p2a: Gholdengo|frz
|move|p1a: Dragonite|Scale Shot|p2b: Incineroar
|-crit|p2b: Incineroar
|-damage|p2b: Incineroar|70/100
|-damage|p2b: Incineroar|56/100
|-damage|p2b: Incineroar|42/100
|-damage|p2b: Incineroar|28/100
|-damage|p2b: Incineroar|14/100
|-hitcount|p2b: Incineroar|5
|-unboost|p1a: Dragonite|def|1
|-boost|p1a: Dragonite|spe|1
|move|p1b: Incineroar|Knock Off|p2a: Gholdengo
|-supereffective|p2a: Gholdengo
|-damage|p2a: Gholdengo|0 fnt
|-enditem|p2a: Gholdengo|Metal Coat|[from] move: Knock Off|[of] p1b: Incineroar
|faint|p2a: Gholdengo
|move|p2b: Incineroar|U-turn|p1a: Dragonite
|-resisted|p1a: Dragonite
|-damage|p1a: Dragonite|76/100
|
|t:|1757190195
|switch|p2b: Hydreigon|Hydreigon, L50, M|100/100|[from] U-turn
|
|-sideend|p1: teyvgc|move: Tailwind
|upkeep
|
|t:|1757190199
|switch|p2a: Ursaluna|Ursaluna, L50, M|48/100 brn
|turn|7
|inactive|teyvgc has 30 seconds left.
|inactive|teyvgc has 20 seconds left.
|
|t:|1757190234
|switch|p2b: Incineroar|Incineroar, L50, M, shiny|14/100
|-ability|p2b: Incineroar|Intimidate|boost
|-unboost|p1a: Dragonite|atk|1
|-unboost|p1b: Incineroar|atk|1
|move|p1a: Dragonite|Tailwind|p1a: Dragonite
|-sidestart|p1: teyvgc|move: Tailwind
|move|p1b: Incineroar|Knock Off|p2a: Ursaluna
|-damage|p2a: Ursaluna|27/100 brn
|-enditem|p2a: Ursaluna|Flame Orb|[from] move: Knock Off|[of] p1b: Incineroar
|move|p2a: Ursaluna|Facade|p1a: Dragonite
|-damage|p1a: Dragonite|0 fnt
|faint|p1a: Dragonite
|
|-damage|p2a: Ursaluna|21/100 brn|[from] brn
|upkeep
|
|t:|1757190247
|switch|p1a: Ninetales|Ninetales-Alola, L50, M|100/100
|-weather|Snowscape|[from] ability: Snow Warning|[of] p1a: Ninetales
|turn|8
|
|t:|1757190262
|switch|p2a: Hydreigon|Hydreigon, L50, M|100/100
|move|p2b: Incineroar|Fake Out|p1a: Ninetales
|-damage|p1a: Ninetales|88/100
|cant|p1a: Ninetales|flinch
|move|p1b: Incineroar|Flare Blitz|p2a: Hydreigon
|-resisted|p2a: Hydreigon
|-damage|p2a: Hydreigon|86/100
|-damage|p1b: Incineroar|92/100|[from] Recoil
|
|-weather|Snowscape|[upkeep]
|upkeep
|turn|9
|
|t:|1757190278
|-terastallize|p2a: Hydreigon|Ghost
|move|p1a: Ninetales|Blizzard|p2b: Incineroar|[spread] p2a,p2b
|-resisted|p2b: Incineroar
|-crit|p2b: Incineroar
|-damage|p2a: Hydreigon|54/100
|-damage|p2b: Incineroar|1/100
|move|p2a: Hydreigon|Tailwind|p2a: Hydreigon
|-sidestart|p2: MidnightCrimsonn|move: Tailwind
|move|p2b: Incineroar|U-turn|p1b: Incineroar
|-damage|p1b: Incineroar|73/100
|
|t:|1757190287
|switch|p2b: Ursaluna|Ursaluna, L50, M|21/100 brn|[from] U-turn
|move|p1b: Incineroar|Knock Off|p2a: Hydreigon
|-supereffective|p2a: Hydreigon
|-damage|p2a: Hydreigon|5/100
|-enditem|p2a: Hydreigon|Safety Goggles|[from] move: Knock Off|[of] p1b: Incineroar
|
|-weather|Snowscape|[upkeep]
|-damage|p2b: Ursaluna|15/100 brn|[from] brn
|upkeep
|turn|10
|inactive|teyvgc has 30 seconds left.
|inactive|teyvgc has 20 seconds left.
|
|t:|1757190325
|move|p2a: Hydreigon|Protect|p2a: Hydreigon
|-singleturn|p2a: Hydreigon|Protect
|move|p2b: Ursaluna|Protect|p2b: Ursaluna
|-singleturn|p2b: Ursaluna|Protect
|move|p1a: Ninetales|Aurora Veil|p1a: Ninetales
|-sidestart|p1: teyvgc|move: Aurora Veil
|move|p1b: Incineroar|Flare Blitz|p2a: Hydreigon
|-activate|p2a: Hydreigon|move: Protect
|
|-weather|Snowscape|[upkeep]
|-damage|p2b: Ursaluna|9/100 brn|[from] brn
|-sideend|p1: teyvgc|move: Tailwind
|upkeep
|turn|11
|
|t:|1757190346
|switch|p2a: Incineroar|Incineroar, L50, M, shiny|1/100
|-ability|p2a: Incineroar|Intimidate|boost
|-unboost|p1a: Ninetales|atk|1
|-unboost|p1b: Incineroar|atk|1
|move|p1a: Ninetales|Blizzard|p2b: Ursaluna|[spread] p2a,p2b
|-resisted|p2a: Incineroar
|-supereffective|p2b: Ursaluna
|-damage|p2a: Incineroar|0 fnt
|-damage|p2b: Ursaluna|0 fnt
|faint|p2a: Incineroar
|faint|p2b: Ursaluna
|move|p1b: Incineroar|Knock Off|p2: Incineroar|[notarget]
|-fail|p1b: Incineroar
|
|-weather|Snowscape|[upkeep]
|upkeep
|-message|MidnightCrimsonn forfeited.
|
|win|teyvgc
|raw|teyvgc's rating: 1227 → 1251(+24 for winning)
|raw|MidnightCrimsonn's rating: 1211 → 1187(-24 for losing)
|l|☆MidnightCrimsonn
|player|p2|
