|j|☆Shiboha
|j|☆chamoy-pt2
|html|Shibohachamoy-pt2    
|uhtml|bestof|Game 1 of a best-of-3
|t:|1756321373
|gametype|doubles
|player|p1|Shiboha|steven|1117
|player|p2|chamoy-pt2|riley|1128
|gen|9
|tier|[Gen 9] VGC 2025 Reg H (Bo3)
|rated|
|rule|Species Clause: Limit one of each Pokémon
|rule|Item Clause: Limit 1 of each item
|clearpoke
|poke|p1|Sneasler, L50, F|
|poke|p1|Rillaboom, L50, M|
|poke|p1|Primarina, L50, F|
|poke|p1|Electabuzz, L50, F|
|poke|p1|Dragapult, L50, F|
|poke|p1|Arcanine-Hisui, L50, F|
|poke|p2|Incineroar, L50, M|
|poke|p2|Dragapult, L50, M|
|poke|p2|Whimsicott, L50, F|
|poke|p2|Typhlosion-Hisui, L50, M|
|poke|p2|Annihilape, L50, M|
|poke|p2|Maushold-Four, L50|
|teampreview|4
|showteam|p1|Sneasler||GrassySeed|Unburden|DireClaw,CloseCombat,Coaching,Protect|||F|||50|,,,,,Ghost]Rillaboom||AssaultVest|GrassySurge|WoodHammer,GrassyGlide,FakeOut,HighHorsepower|||M|||50|,,,,,Fire]Primarina||ThroatSpray|LiquidVoice|HyperVoice,Moonblast,Haze,Protect|||F|||50|,,,,,Poison]Electabuzz||Eviolite|VitalSpirit|Electroweb,FollowMe,Taunt,Protect|||F|||50|,,,,,Dragon]Dragapult||ChoiceBand|ClearBody|DragonDarts,PhantomForce,Outrage,Uturn|||F|||50|,,,,,Dragon]Arcanine-Hisui||LifeOrb|Intimidate|FlareBlitz,RockSlide,ExtremeSpeed,Protect|||F|||50|,,,,,Normal
|showteam|p2|Incineroar||SafetyGoggles|Intimidate|FakeOut,PartingShot,KnockOff,FlareBlitz|||M|||50|,,,,,Water]Dragapult||ChoiceBand|ClearBody|DragonDarts,PhantomForce,SuckerPunch,Uturn|||M|||50|,,,,,Dragon]Whimsicott||CovertCloak|Prankster|Tailwind,Moonblast,SunnyDay,BeatUp|||F|||50|,,,,,Water]Typhlosion-Hisui||ChoiceSpecs|Blaze|Eruption,HeatWave,ShadowBall,Overheat|||M|||50|,,,,,Fire]Annihilape||SitrusBerry|Defiant|RageFist,DrainPunch,BulkUp,Protect|||M|||50|,,,,,Fire]Maushold-Four||WideLens|Technician|PopulationBomb,Taunt,FollowMe,Protect||||||50|,,,,,Normal
|c|☆Shiboha|glhf
|c|☆chamoy-pt2|glhf
|
|t:|1756321426
|teamsize|p1|4
|teamsize|p2|4
|start
|switch|p1a: Rillaboom|Rillaboom, L50, M|100/100
|switch|p1b: Sneasler|Sneasler, L50, F|100/100
|switch|p2a: Incineroar|Incineroar, L50, M|100/100
|switch|p2b: Maushold|Maushold-Four, L50|100/100
|-fieldstart|move: Grassy Terrain|[from] ability: Grassy Surge|[of] p1a: Rillaboom
|-enditem|p1b: Sneasler|Grassy Seed
|-boost|p1b: Sneasler|def|1|[from] item: Grassy Seed
|-ability|p2a: Incineroar|Intimidate|boost
|-unboost|p1a: Rillaboom|atk|1
|-unboost|p1b: Sneasler|atk|1
|turn|1
|
|t:|1756321463
|move|p2b: Maushold|Protect|p2b: Maushold
|-singleturn|p2b: Maushold|Protect
|move|p1b: Sneasler|Dire Claw|p2b: Maushold
|-activate|p2b: Maushold|move: Protect
|move|p1a: Rillaboom|High Horsepower|p2a: Incineroar
|-supereffective|p2a: Incineroar
|-damage|p2a: Incineroar|65/100
|move|p2a: Incineroar|Parting Shot|p1b: Sneasler
|-unboost|p1b: Sneasler|atk|1
|-unboost|p1b: Sneasler|spa|1
|
|t:|1756321475
|switch|p2a: Whimsicott|Whimsicott, L50, F|100/100|[from] Parting Shot
|
|upkeep
|turn|2
|
|t:|1756321490
|switch|p2a: Incineroar|Incineroar, L50, M|65/100
|-ability|p2a: Incineroar|Intimidate|boost
|-unboost|p1a: Rillaboom|atk|1
|-unboost|p1b: Sneasler|atk|1
|switch|p1a: Dragapult|Dragapult, L50, F|100/100
|move|p1b: Sneasler|Dire Claw|p2a: Incineroar
|-damage|p2a: Incineroar|49/100
|-status|p2a: Incineroar|slp
|move|p2b: Maushold|Population Bomb|p1a: Dragapult
|-immune|p1a: Dragapult
|
|-heal|p2a: Incineroar|54/100 slp|[from] Grassy Terrain
|upkeep
|turn|3
|
|t:|1756321512
|cant|p2a: Incineroar|slp
|move|p1b: Sneasler|Coaching|p1a: Dragapult
|-boost|p1a: Dragapult|atk|1
|-boost|p1a: Dragapult|def|1
|move|p1a: Dragapult|Dragon Darts|p2a: Incineroar
|-damage|p2a: Incineroar|4/100 slp
|-anim|p1a: Dragapult|Dragon Darts|p2b: Maushold
|-damage|p2b: Maushold|8/100
|move|p2b: Maushold|Population Bomb|p1b: Sneasler
|-damage|p1b: Sneasler|89/100
|-damage|p1b: Sneasler|77/100
|-damage|p1b: Sneasler|65/100
|-damage|p1b: Sneasler|52/100
|-damage|p1b: Sneasler|39/100
|-damage|p1b: Sneasler|27/100
|-damage|p1b: Sneasler|14/100
|-damage|p1b: Sneasler|2/100
|-damage|p1b: Sneasler|0 fnt
|faint|p1b: Sneasler
|-hitcount|p1: Sneasler|9
|
|-heal|p2b: Maushold|14/100|[from] Grassy Terrain
|-heal|p2a: Incineroar|10/100 slp|[from] Grassy Terrain
|upkeep
|
|t:|1756321539
|switch|p1b: Primarina|Primarina, L50, F|100/100
|turn|4
|
|t:|1756321549
|move|p1a: Dragapult|Dragon Darts|p2b: Maushold
|-crit|p2b: Maushold
|-damage|p2b: Maushold|0 fnt
|-anim|p1a: Dragapult|Dragon Darts|p2a: Incineroar
|-damage|p2a: Incineroar|0 fnt
|faint|p2b: Maushold
|faint|p2a: Incineroar
|move|p1b: Primarina|Hyper Voice|p2: Incineroar|[notarget]
|-fail|p1b: Primarina
|
|upkeep
|
|t:|1756321553
|switch|p2b: Typhlosion|Typhlosion-Hisui, L50, M|100/100
|switch|p2a: Whimsicott|Whimsicott, L50, F|100/100
|turn|5
|
|t:|1756321574
|-terastallize|p1a: Dragapult|Dragon
|-terastallize|p2a: Whimsicott|Water
|move|p2a: Whimsicott|Sunny Day|p2a: Whimsicott
|-weather|SunnyDay
|move|p1a: Dragapult|Dragon Darts|p2b: Typhlosion
|-damage|p2b: Typhlosion|0 fnt
|-anim|p1a: Dragapult|Dragon Darts|p2a: Whimsicott
|-damage|p2a: Whimsicott|6/100
|faint|p2b: Typhlosion
|move|p1b: Primarina|Hyper Voice|p2a: Whimsicott
|-resisted|p2a: Whimsicott
|-damage|p2a: Whimsicott|0 fnt
|faint|p2a: Whimsicott
|-enditem|p1b: Primarina|Throat Spray
|
|win|Shiboha
||chamoy-pt2 is ready for game 2.
|inactive|Shiboha has 30 seconds to confirm battle start!
||Shiboha is ready for game 2.
|uhtml|next|Next: Game 2 of 3
|l|☆chamoy-pt2
|player|p2|
