|j|☆tessa scarlet
|j|☆The median voter
|html|tessa scarletThe median voter    
|uhtml|bestof|Game 3 of a best-of-3
|t:|1755818496
|gametype|doubles
|player|p1|tessa scarlet|2|1406
|player|p2|The median voter|scientist-gen4dp|1317
|gen|9
|tier|[Gen 9] VGC 2025 Reg H (Bo3)
|rated|
|rule|Species Clause: Limit one of each Pokémon
|rule|Item Clause: Limit 1 of each item
|clearpoke
|poke|p1|Sneasler, L50, F|
|poke|p1|Volcarona, L50, M|
|poke|p1|Dragonite, L50, M|
|poke|p1|Rillaboom, L50, M|
|poke|p1|Maushold-Four, L50|
|poke|p1|Gholdengo, L50|
|poke|p2|Kommo-o, L50, M|
|poke|p2|Volcarona, L50, M|
|poke|p2|Rillaboom, L50, M|
|poke|p2|Kingambit, L50, M|
|poke|p2|Ninetales-Alola, L50, F|
|poke|p2|Arcanine-Hisui, L50, M|
|teampreview|4
|showteam|p1|Sneasler||GrassySeed|Unburden|DireClaw,CloseCombat,ThroatChop,Protect|||F|||50|,,,,,Dark]Volcarona||Leftovers|FlameBody|HeatWave,QuiverDance,Protect,TeraBlast|||M|||50|,,,,,Fairy]Dragonite||LoadedDice|Multiscale|ScaleShot,ExtremeSpeed,Haze,Protect|||M|||50|,,,,,Steel]Rillaboom||AssaultVest|GrassySurge|WoodHammer,GrassyGlide,HighHorsepower,FakeOut|||M|||50|,,,,,Fire]Maushold-Four||FocusSash|FriendGuard|FollowMe,Taunt,Protect,SuperFang||||||50|,,,,,Ghost]Gholdengo||SitrusBerry|GoodasGold|MakeItRain,ShadowBall,NastyPlot,Protect||||||50|,,,,,Water
|showteam|p2|Kommo-o||GrassySeed|Overcoat|BodyPress,Taunt,Protect,Flamethrower|||M|||50|,,,,,Fire]Volcarona||SitrusBerry|FlameBody|HeatWave,TeraBlast,QuiverDance,Protect|||M|||50|,,,,,Water]Rillaboom||AssaultVest|GrassySurge|FakeOut,GrassyGlide,WoodHammer,HighHorsepower|||M|||50|,,,,,Fire]Kingambit||BlackGlasses|Defiant|KowtowCleave,SuckerPunch,SwordsDance,Protect|||M|||50|,,,,,Dark]Ninetales-Alola||LifeOrb|SnowWarning|Blizzard,Protect,AuroraVeil,FreezeDry|||F|||50|,,,,,Ghost]Arcanine-Hisui||FocusSash|Intimidate|RockSlide,FlareBlitz,ExtremeSpeed,Protect|||M|||50|,,,,,Ghost
|j| entei enthusiast
|inactive|Battle timer is ON: inactive players will automatically lose when time's up. (requested by tessa scarlet)
|
|t:|1755818522
|teamsize|p1|4
|teamsize|p2|4
|start
|switch|p1a: Maushold|Maushold-Four, L50|100/100
|switch|p1b: Volcarona|Volcarona, L50, M|100/100
|switch|p2a: Rillaboom|Rillaboom, L50, M|100/100
|switch|p2b: Arcanine|Arcanine-Hisui, L50, M|100/100
|-ability|p2b: Arcanine|Intimidate|boost
|-unboost|p1a: Maushold|atk|1
|-unboost|p1b: Volcarona|atk|1
|-fieldstart|move: Grassy Terrain|[from] ability: Grassy Surge|[of] p2a: Rillaboom
|turn|1
|inactive|tessa scarlet has 30 seconds left.
|
|t:|1755818550
|switch|p1a: Sneasler|Sneasler, L50, F|100/100
|-enditem|p1a: Sneasler|Grassy Seed
|-boost|p1a: Sneasler|def|1|[from] item: Grassy Seed
|move|p1b: Volcarona|Protect|p1b: Volcarona
|-singleturn|p1b: Volcarona|Protect
|move|p2b: Arcanine|Rock Slide|p1a: Sneasler|[spread] p1a
|-activate|p1b: Volcarona|move: Protect
|-resisted|p1a: Sneasler
|-damage|p1a: Sneasler|86/100
|move|p2a: Rillaboom|Wood Hammer|p1a: Sneasler
|-resisted|p1a: Sneasler
|-damage|p1a: Sneasler|42/100
|-damage|p2a: Rillaboom|89/100|[from] Recoil
|
|-heal|p1a: Sneasler|47/100|[from] Grassy Terrain
|-heal|p2a: Rillaboom|95/100|[from] Grassy Terrain
|upkeep
|turn|2
|inactive|The median voter has 30 seconds left.
|
|t:|1755818578
|switch|p1b: Maushold|Maushold-Four, L50|100/100
|-terastallize|p2a: Rillaboom|Fire
|move|p1a: Sneasler|Close Combat|p2b: Arcanine
|-supereffective|p2b: Arcanine
|-enditem|p2b: Arcanine|Focus Sash
|-damage|p2b: Arcanine|1/100
|-unboost|p1a: Sneasler|def|1
|-unboost|p1a: Sneasler|spd|1
|move|p2b: Arcanine|Rock Slide|p1b: Maushold|[spread] p1a,p1b
|-resisted|p1a: Sneasler
|-damage|p1a: Sneasler|31/100
|-damage|p1b: Maushold|69/100
|move|p2a: Rillaboom|Wood Hammer|p1b: Maushold
|-damage|p1b: Maushold|0 fnt
|faint|p1b: Maushold
|-damage|p2a: Rillaboom|77/100|[from] Recoil
|
|-heal|p1a: Sneasler|37/100|[from] Grassy Terrain
|-heal|p2b: Arcanine|7/100|[from] Grassy Terrain
|-heal|p2a: Rillaboom|83/100|[from] Grassy Terrain
|upkeep
|
|t:|1755818588
|switch|p1b: Rillaboom|Rillaboom, L50, M|100/100
|turn|3
|
|t:|1755818605
|switch|p2b: Ninetales|Ninetales-Alola, L50, F|100/100
|-weather|Snowscape|[from] ability: Snow Warning|[of] p2b: Ninetales
|move|p1b: Rillaboom|Fake Out|p2b: Ninetales
|-damage|p2b: Ninetales|85/100
|move|p1a: Sneasler|Dire Claw|p2a: Rillaboom
|-damage|p2a: Rillaboom|42/100
|move|p2a: Rillaboom|High Horsepower|p1a: Sneasler
|-supereffective|p1a: Sneasler
|-damage|p1a: Sneasler|0 fnt
|faint|p1a: Sneasler
|
|-weather|Snowscape|[upkeep]
|-heal|p2b: Ninetales|91/100|[from] Grassy Terrain
|-heal|p2a: Rillaboom|48/100|[from] Grassy Terrain
|upkeep
|
|t:|1755818616
|switch|p1a: Volcarona|Volcarona, L50, M|100/100
|turn|4
|
|t:|1755818621
|switch|p2a: Kingambit|Kingambit, L50, M|100/100
|-terastallize|p1b: Rillaboom|Fire
|move|p2b: Ninetales|Aurora Veil|p2b: Ninetales
|-sidestart|p2: The median voter|move: Aurora Veil
|move|p1a: Volcarona|Quiver Dance|p1a: Volcarona
|-boost|p1a: Volcarona|spa|1
|-boost|p1a: Volcarona|spd|1
|-boost|p1a: Volcarona|spe|1
|move|p1b: Rillaboom|High Horsepower|p2a: Kingambit
|-supereffective|p2a: Kingambit
|-damage|p2a: Kingambit|64/100
|
|-weather|Snowscape|[upkeep]
|-heal|p2b: Ninetales|97/100|[from] Grassy Terrain
|-heal|p2a: Kingambit|70/100|[from] Grassy Terrain
|upkeep
|turn|5
|inactive|tessa scarlet has 30 seconds left.
|inactive|tessa scarlet has 20 seconds left.
|inactive|tessa scarlet has 15 seconds left.
|inactive|tessa scarlet has 10 seconds left.
|
|t:|1755818667
|switch|p2b: Rillaboom|Rillaboom, L50, M, tera:Fire|48/100
|move|p1a: Volcarona|Heat Wave|p2b: Rillaboom|[spread] p2b
|-miss|p1a: Volcarona|p2a: Kingambit
|-resisted|p2b: Rillaboom
|-damage|p2b: Rillaboom|34/100
|move|p1b: Rillaboom|High Horsepower|p2a: Kingambit
|-supereffective|p2a: Kingambit
|-damage|p2a: Kingambit|37/100
|move|p2a: Kingambit|Kowtow Cleave|p1a: Volcarona
|-damage|p1a: Volcarona|25/100
|-status|p2a: Kingambit|brn|[from] ability: Flame Body|[of] p1a: Volcarona
|
|-weather|Snowscape|[upkeep]
|-heal|p1a: Volcarona|32/100|[from] Grassy Terrain
|-heal|p1a: Volcarona|38/100|[from] item: Leftovers
|-heal|p2b: Rillaboom|40/100|[from] Grassy Terrain
|-heal|p2a: Kingambit|43/100 brn|[from] Grassy Terrain
|-damage|p2a: Kingambit|37/100 brn|[from] brn
|-fieldend|move: Grassy Terrain
|upkeep
|turn|6
|
|t:|1755818687
|move|p1a: Volcarona|Protect|p1a: Volcarona
|-singleturn|p1a: Volcarona|Protect
|move|p2b: Rillaboom|Fake Out|p1a: Volcarona
|-activate|p1a: Volcarona|move: Protect
|move|p1b: Rillaboom|High Horsepower|p2b: Rillaboom
|-supereffective|p2b: Rillaboom
|-damage|p2b: Rillaboom|0 fnt
|faint|p2b: Rillaboom
|move|p2a: Kingambit|Swords Dance|p2a: Kingambit
|-boost|p2a: Kingambit|atk|2
|
|-weather|Snowscape|[upkeep]
|-heal|p1a: Volcarona|44/100|[from] item: Leftovers
|-damage|p2a: Kingambit|31/100 brn|[from] brn
|upkeep
|
|t:|1755818690
|switch|p2b: Arcanine|Arcanine-Hisui, L50, M|7/100
|-ability|p2b: Arcanine|Intimidate|boost
|-unboost|p1a: Volcarona|atk|1
|-unboost|p1b: Rillaboom|atk|1
|turn|7
|
|t:|1755818700
|move|p2a: Kingambit|Sucker Punch|p1a: Volcarona
|-damage|p1a: Volcarona|0 fnt
|faint|p1a: Volcarona
|move|p2b: Arcanine|Rock Slide|p1b: Rillaboom
|-supereffective|p1b: Rillaboom
|-damage|p1b: Rillaboom|32/100
|move|p1b: Rillaboom|High Horsepower|p2a: Kingambit
|-supereffective|p2a: Kingambit
|-damage|p2a: Kingambit|8/100 brn
|
|-weather|none
|-damage|p2a: Kingambit|2/100 brn|[from] brn
|upkeep
|turn|8
|-message|tessa scarlet forfeited.
|
|win|The median voter
|raw|tessa scarlet's rating: 1406 → 1381(-25 for losing)
|raw|The median voter's rating: 1317 → 1342(+25 for winning)
|l|☆tessa scarlet
|player|p1|
|l| entei enthusiast
