|j|☆Grafaiaii
|j|☆regalac3
|html|Grafaiaiiregalac3    
|uhtml|bestof|Game 1 of a best-of-3
|t:|1757185903
|gametype|doubles
|player|p1|Grafaiaii|265|1145
|player|p2|regalac3|n|1065
|gen|9
|tier|[Gen 9] VGC 2025 Reg H (Bo3)
|rated|
|rule|Species Clause: Limit one of each Pokémon
|rule|Item Clause: Limit 1 of each item
|clearpoke
|poke|p1|Sneasler, L50, F|
|poke|p1|Indeedee, L50, M|
|poke|p1|Whimsicott, L50, M|
|poke|p1|Typhlosion-Hisui, L50, F|
|poke|p1|Dragapult, L50, M|
|poke|p1|Decidueye-Hisui, L50, M|
|poke|p2|Pelipper, L50, M|
|poke|p2|Basculegion, L50, M|
|poke|p2|Archaludon, L50, M|
|poke|p2|Annihilape, L50, F|
|poke|p2|Rillaboom, L50, F|
|poke|p2|Maushold-Four, L50|
|teampreview|4
|showteam|p1|Sneasler||PsychicSeed|Unburden|DireClaw,CloseCombat,ThroatChop,Protect|||F|||50|,,,,,Dark]Indeedee||FocusSash|PsychicSurge|ExpandingForce,HelpingHand,Imprison,TrickRoom|||M|||50|,,,,,Psychic]Whimsicott||CovertCloak|Prankster|Tailwind,Moonblast,SunnyDay,Encore|||M|||50|,,,,,Ghost]Typhlosion-Hisui||ChoiceSpecs|Blaze|Eruption,HeatWave,ShadowBall,Overheat|||F|||50|,,,,,Fire]Dragapult||ChoiceBand|ClearBody|DragonDarts,PhantomForce,Uturn,TeraBlast|||M|||50|,,,,,Ghost]Decidueye-Hisui||RazorClaw|Scrappy|LeafBlade,TripleArrows,Haze,Protect|||M|||50|,,,,,Fire
|showteam|p2|Pelipper||FocusSash|Drizzle|Hurricane,WeatherBall,WideGuard,Protect|||M|||50|,,,,,Stellar]Basculegion||LifeOrb|SwiftSwim|WaveCrash,LastRespects,AquaJet,Protect|||M|||50|,,,,,Water]Archaludon||AssaultVest|Stamina|FlashCannon,DracoMeteor,ElectroShot,BodyPress|||M|||50|,,,,,Bug]Annihilape||Leftovers|Defiant|RageFist,DrainPunch,BulkUp,Protect|||F|||50|,,,,,Fire]Rillaboom||LoadedDice|GrassySurge|BulletSeed,GrassyGlide,HighHorsepower,FakeOut|||F|||50|,,,,,Water]Maushold-Four||SafetyGoggles|FriendGuard|BeatUp,FollowMe,Taunt,Protect||||||50|,,,,,Ghost
|inactive|Battle timer is ON: inactive players will automatically lose when time's up. (requested by regalac3)
|
|t:|1757185932
|teamsize|p1|4
|teamsize|p2|4
|start
|switch|p1a: Whimsicott|Whimsicott, L50, M|100/100
|switch|p1b: Typhlosion|Typhlosion-Hisui, L50, F|100/100
|switch|p2a: Archaludon|Archaludon, L50, M|100/100
|switch|p2b: Rillaboom|Rillaboom, L50, F|100/100
|-fieldstart|move: Grassy Terrain|[from] ability: Grassy Surge|[of] p2b: Rillaboom
|turn|1
|inactive|Grafaiaii has 30 seconds left.
|
|t:|1757185959
|-terastallize|p2b: Rillaboom|Water
|move|p1a: Whimsicott|Sunny Day|p1a: Whimsicott
|-weather|SunnyDay
|move|p1b: Typhlosion|Overheat|p2a: Archaludon
|-damage|p2a: Archaludon|8/100
|-unboost|p1b: Typhlosion|spa|2
|-ability|p2a: Archaludon|Stamina|boost
|-boost|p2a: Archaludon|def|1
|move|p2b: Rillaboom|High Horsepower|p1b: Typhlosion
|-supereffective|p1b: Typhlosion
|-damage|p1b: Typhlosion|0 fnt
|faint|p1b: Typhlosion
|move|p2a: Archaludon|Flash Cannon|p1a: Whimsicott
|-supereffective|p1a: Whimsicott
|-damage|p1a: Whimsicott|0 fnt
|faint|p1a: Whimsicott
|
|-weather|SunnyDay|[upkeep]
|-heal|p2a: Archaludon|14/100|[from] Grassy Terrain
|upkeep
|
|t:|1757185968
|switch|p1a: Sneasler|Sneasler, L50, F|100/100
|switch|p1b: Indeedee|Indeedee, L50, M|100/100
|-fieldstart|move: Psychic Terrain|[from] ability: Psychic Surge|[of] p1b: Indeedee
|-enditem|p1a: Sneasler|Psychic Seed
|-boost|p1a: Sneasler|spd|1|[from] item: Psychic Seed
|turn|2
|inactive|regalac3 has 30 seconds left.
|
|t:|1757185997
|switch|p2a: Maushold|Maushold-Four, L50|100/100
|-terastallize|p1b: Indeedee|Psychic
|move|p1a: Sneasler|Dire Claw|p2b: Rillaboom
|-damage|p2b: Rillaboom|65/100
|-status|p2b: Rillaboom|par
|move|p1b: Indeedee|Expanding Force|p2a: Maushold|[spread] p2a,p2b
|-damage|p2a: Maushold|12/100
|-damage|p2b: Rillaboom|9/100 par
|move|p2b: Rillaboom|Bullet Seed|p1b: Indeedee
|-damage|p1b: Indeedee|75/100
|-damage|p1b: Indeedee|51/100
|-damage|p1b: Indeedee|21/100
|-damage|p1b: Indeedee|0 fnt
|faint|p1b: Indeedee
|-hitcount|p1: Indeedee|4
|
|-weather|SunnyDay|[upkeep]
|upkeep
|turn|3
|inactive|regalac3 has 30 seconds left.
|
|t:|1757186027
|move|p1a: Sneasler|Dire Claw|p2a: Maushold
|-damage|p2a: Maushold|0 fnt
|faint|p2a: Maushold
|move|p2b: Rillaboom|Bullet Seed|p1a: Sneasler
|-resisted|p1a: Sneasler
|-damage|p1a: Sneasler|91/100
|-resisted|p1a: Sneasler
|-damage|p1a: Sneasler|81/100
|-resisted|p1a: Sneasler
|-damage|p1a: Sneasler|70/100
|-resisted|p1a: Sneasler
|-damage|p1a: Sneasler|59/100
|-hitcount|p1a: Sneasler|4
|
|-weather|SunnyDay|[upkeep]
|upkeep
|
|t:|1757186045
|switch|p2a: Annihilape|Annihilape, L50, F|100/100
|turn|4
|
|t:|1757186049
|switch|p2b: Archaludon|Archaludon, L50, M|14/100
|move|p2a: Annihilape|Protect|p2a: Annihilape
|-singleturn|p2a: Annihilape|Protect
|move|p1a: Sneasler|Dire Claw|p2a: Annihilape
|-activate|p2a: Annihilape|move: Protect
|
|-weather|SunnyDay|[upkeep]
|upkeep
|turn|5
|
|t:|1757186061
|switch|p2a: Rillaboom|Rillaboom, L50, F, tera:Water|9/100 par
|-fieldstart|move: Grassy Terrain|[from] ability: Grassy Surge|[of] p2a: Rillaboom
|move|p1a: Sneasler|Dire Claw|p2a: Rillaboom
|-damage|p2a: Rillaboom|0 fnt
|faint|p2a: Rillaboom
|move|p2b: Archaludon|Draco Meteor|p1a: Sneasler
|-damage|p1a: Sneasler|9/100
|-unboost|p2b: Archaludon|spa|2
|
|-weather|none
|-heal|p1a: Sneasler|15/100|[from] Grassy Terrain
|-heal|p2b: Archaludon|20/100|[from] Grassy Terrain
|upkeep
|
|t:|1757186073
|switch|p2a: Annihilape|Annihilape, L50, F|100/100
|turn|6
|
|t:|1757186083
|move|p1a: Sneasler|Dire Claw|p2a: Annihilape
|-resisted|p2a: Annihilape
|-damage|p2a: Annihilape|77/100
|-status|p2a: Annihilape|slp
|cant|p2a: Annihilape|slp
|move|p2b: Archaludon|Flash Cannon|p1a: Sneasler
|-damage|p1a: Sneasler|0 fnt
|faint|p1a: Sneasler
|
|win|regalac3
||Grafaiaii is ready for game 2.
|inactive|regalac3 has 30 seconds to confirm battle start!
