|j|☆ryanpowneyissoslay
|j|☆arthur.ayms
|html|ryanpowneyissoslayarthur.ayms    
|uhtml|bestof|Game 1 of a best-of-3
|t:|1757855020
|gametype|doubles
|player|p1|ryanpowneyissoslay|ghetsis|1219
|player|p2|arthur.ayms|2|1274
|gen|9
|tier|[Gen 9] VGC 2025 Reg H (Bo3)
|rated|
|rule|Species Clause: Limit one of each Pokémon
|rule|Item Clause: Limit 1 of each item
|clearpoke
|poke|p1|Weezing, L50, F|
|poke|p1|Dragapult, L50, M|
|poke|p1|Ursaluna-Bloodmoon, L50, M|
|poke|p1|Annihilape, L50, M|
|poke|p1|Dragonite, L50, M|
|poke|p1|Incineroar, L50, M|
|poke|p2|Ursaluna-Bloodmoon, L50, M|
|poke|p2|Indeedee, L50, M|
|poke|p2|Decidueye-Hisui, L50, F|
|poke|p2|Talonflame, L50, M|
|poke|p2|Sneasler, L50, F|
|poke|p2|Electabuzz, L50, M|
|teampreview|4
|showteam|p1|Weezing||CovertCloak|NeutralizingGas|GunkShot,ToxicSpikes,Protect,Taunt|||F|||50|,,,,,Water]Dragapult||ChoiceBand|ClearBody|DragonDarts,TeraBlast,PhantomForce,Uturn|||M|||50|,,,,,Ghost]Ursaluna-Bloodmoon||AssaultVest|MindsEye|BloodMoon,EarthPower,HyperVoice,VacuumWave|||M|||50|,,,,,Normal]Annihilape||FocusSash|Defiant|CloseCombat,RageFist,Coaching,FinalGambit|||M|||50|,,,,,Water]Dragonite||LoadedDice|Multiscale|ScaleShot,Tailwind,ExtremeSpeed,Protect|||M|||50|,,,,,Normal]Incineroar||AbilityShield|Intimidate|KnockOff,FlareBlitz,PartingShot,FakeOut|||M|||50|,,,,,Grass
|showteam|p2|Ursaluna-Bloodmoon||LifeOrb|MindsEye|HyperVoice,EarthPower,BloodMoon,Protect|||M|||50|,,,,,Normal]Indeedee||FocusSash|PsychicSurge|ExpandingForce,Imprison,TrickRoom,DazzlingGleam|||M|||50|,,,,,Fairy]Decidueye-Hisui||RazorClaw|Scrappy|TripleArrows,LeafBlade,Haze,Protect|||F|||50|,,,,,Fire]Talonflame||CovertCloak|GaleWings|Tailwind,DualWingbeat,FlareBlitz,SunnyDay|||M|||50|,,,,,Steel]Sneasler||PsychicSeed|Unburden|ThroatChop,DireClaw,CloseCombat,Protect|||F|||50|,,,,,Dark]Electabuzz||Eviolite|VitalSpirit|FollowMe,Electroweb,Taunt,LightScreen|||M|||50|,,,,,Ghost
|inactive|Battle timer is ON: inactive players will automatically lose when time's up. (requested by ryanpowneyissoslay)
|inactive|ryanpowneyissoslay has 60 seconds left.
|inactive|arthur.ayms has 60 seconds left.
|
|t:|1757855063
|teamsize|p1|4
|teamsize|p2|4
|start
|switch|p1a: Incineroar|Incineroar, L50, M|100/100
|switch|p1b: Dragonite|Dragonite, L50, M|100/100
|switch|p2a: Talonflame|Talonflame, L50, M|100/100
|switch|p2b: Ursaluna|Ursaluna-Bloodmoon, L50, M|100/100
|-ability|p1a: Incineroar|Intimidate|boost
|-unboost|p2a: Talonflame|atk|1
|-unboost|p2b: Ursaluna|atk|1
|turn|1
|
|t:|1757855088
|move|p1a: Incineroar|Fake Out|p2b: Ursaluna
|-damage|p2b: Ursaluna|91/100
|move|p2a: Talonflame|Tailwind|p2a: Talonflame
|-sidestart|p2: arthur.ayms|move: Tailwind
|cant|p2b: Ursaluna|flinch
|move|p1b: Dragonite|Tailwind|p1b: Dragonite
|-sidestart|p1: ryanpowneyissoslay|move: Tailwind
|
|upkeep
|turn|2
|
|t:|1757855102
|switch|p2a: Indeedee|Indeedee, L50, M|100/100
|-fieldstart|move: Psychic Terrain|[from] ability: Psychic Surge|[of] p2a: Indeedee
|move|p2b: Ursaluna|Protect|p2b: Ursaluna
|-singleturn|p2b: Ursaluna|Protect
|move|p1b: Dragonite|Scale Shot|p2a: Indeedee
|-damage|p2a: Indeedee|70/100
|-damage|p2a: Indeedee|41/100
|-damage|p2a: Indeedee|8/100
|-damage|p2a: Indeedee|0 fnt
|faint|p2a: Indeedee
|-hitcount|p2: Indeedee|4
|-unboost|p1b: Dragonite|def|1
|-boost|p1b: Dragonite|spe|1
|move|p1a: Incineroar|Parting Shot|p2b: Ursaluna
|-activate|p2b: Ursaluna|move: Protect
|
|upkeep
|
|t:|1757855115
|switch|p2a: Electabuzz|Electabuzz, L50, M|100/100
|turn|3
|
|t:|1757855132
|switch|p1a: Ursaluna|Ursaluna-Bloodmoon, L50, M|100/100
|-terastallize|p2b: Ursaluna|Normal
|move|p2a: Electabuzz|Follow Me|p2a: Electabuzz
|-singleturn|p2a: Electabuzz|move: Follow Me
|move|p1b: Dragonite|Scale Shot|p2a: Electabuzz
|-damage|p2a: Electabuzz|88/100
|-damage|p2a: Electabuzz|76/100
|-damage|p2a: Electabuzz|65/100
|-damage|p2a: Electabuzz|55/100
|-hitcount|p2a: Electabuzz|4
|-unboost|p1b: Dragonite|def|1
|-boost|p1b: Dragonite|spe|1
|move|p2b: Ursaluna|Hyper Voice|p1b: Dragonite|[spread] p1a,p1b
|-damage|p1a: Ursaluna|57/100
|-damage|p1b: Dragonite|62/100
|-damage|p2b: Ursaluna|81/100|[from] item: Life Orb
|
|upkeep
|turn|4
|inactive|arthur.ayms has 30 seconds left.
|
|t:|1757855163
|move|p2b: Ursaluna|Protect|p2b: Ursaluna
|-singleturn|p2b: Ursaluna|Protect
|move|p1b: Dragonite|Scale Shot|p2a: Electabuzz
|-damage|p2a: Electabuzz|42/100
|-damage|p2a: Electabuzz|31/100
|-damage|p2a: Electabuzz|20/100
|-damage|p2a: Electabuzz|8/100
|-hitcount|p2a: Electabuzz|4
|-unboost|p1b: Dragonite|def|1
|-boost|p1b: Dragonite|spe|1
|move|p2a: Electabuzz|Light Screen|p2a: Electabuzz
|-sidestart|p2: arthur.ayms|move: Light Screen
|move|p1a: Ursaluna|Hyper Voice|p2b: Ursaluna|[spread] p2a
|-activate|p2b: Ursaluna|move: Protect
|-damage|p2a: Electabuzz|0 fnt
|faint|p2a: Electabuzz
|
|-sideend|p2: arthur.ayms|move: Tailwind
|-sideend|p1: ryanpowneyissoslay|move: Tailwind
|upkeep
|
|t:|1757855176
|switch|p2a: Talonflame|Talonflame, L50, M|100/100
|turn|5
|
|t:|1757855197
|move|p2a: Talonflame|Tailwind|p2a: Talonflame
|-sidestart|p2: arthur.ayms|move: Tailwind
|move|p1b: Dragonite|Tailwind|p1b: Dragonite
|-sidestart|p1: ryanpowneyissoslay|move: Tailwind
|move|p2b: Ursaluna|Hyper Voice|p1a: Ursaluna|[spread] p1a,p1b
|-damage|p1a: Ursaluna|15/100
|-damage|p1b: Dragonite|0 fnt
|faint|p1b: Dragonite
|-damage|p2b: Ursaluna|71/100|[from] item: Life Orb
|move|p1a: Ursaluna|Blood Moon|p2b: Ursaluna
|-damage|p2b: Ursaluna|9/100
|
|upkeep
|
|t:|1757855219
|switch|p1b: Incineroar|Incineroar, L50, M|100/100
|-ability|p1b: Incineroar|Intimidate|boost
|-unboost|p2a: Talonflame|atk|1
|-unboost|p2b: Ursaluna|atk|1
|turn|6
|
|t:|1757855239
|move|p2a: Talonflame|Flare Blitz|p1a: Ursaluna
|-damage|p1a: Ursaluna|0 fnt
|faint|p1a: Ursaluna
|-damage|p2a: Talonflame|94/100|[from] Recoil
|move|p1b: Incineroar|Knock Off|p2b: Ursaluna
|-damage|p2b: Ursaluna|0 fnt
|-enditem|p2b: Ursaluna|Life Orb|[from] move: Knock Off|[of] p1b: Incineroar
|faint|p2b: Ursaluna
|
|-fieldend|move: Psychic Terrain
|upkeep
|
|t:|1757855245
|switch|p1a: Annihilape|Annihilape, L50, M|100/100
|turn|7
|
|t:|1757855251
|-terastallize|p1a: Annihilape|Water
|move|p2a: Talonflame|Dual Wingbeat|p1a: Annihilape
|-damage|p1a: Annihilape|90/100
|-damage|p1a: Annihilape|79/100
|-hitcount|p1a: Annihilape|2
|move|p1a: Annihilape|Rage Fist|p2a: Talonflame
|-damage|p2a: Talonflame|0 fnt
|faint|p2a: Talonflame
|
|win|ryanpowneyissoslay
||ryanpowneyissoslay is ready for game 2.
|inactive|arthur.ayms has 30 seconds to confirm battle start!
||arthur.ayms is ready for game 2.
|uhtml|next|Next: Game 2 of 3
