|j|☆pokeplaygg
|j|☆Qicide
|html|pokeplayggQicide    
|uhtml|bestof|Game 3 of a best-of-3
|t:|1757644159
|gametype|doubles
|player|p1|pokeplaygg|170|1229
|player|p2|Qicide|red|1289
|gen|9
|tier|[Gen 9] VGC 2025 Reg H (Bo3)
|rated|
|rule|Species Clause: Limit one of each Pokémon
|rule|Item Clause: Limit 1 of each item
|clearpoke
|poke|p1|Annihilape, L50, F|
|poke|p1|Pelipper, L50, M|
|poke|p1|Maushold, L50|
|poke|p1|Basculegion, L50, M|
|poke|p1|Rillaboom, L50, M|
|poke|p1|Kingambit, L50, M|
|poke|p2|Porygon2, L50|
|poke|p2|Incineroar, L50, M|
|poke|p2|Ursaluna, L50, F|
|poke|p2|Jumpluff, L50, M|
|poke|p2|Charizard, L50, F|
|poke|p2|Torkoal, L50, M|
|teampreview|4
|showteam|p1|Annihilape||Leftovers|Defiant|Protect,DrainPunch,BulkUp,RageFist|||F|||50|,,,,,Fire]Pelipper||FocusSash|Drizzle|MuddyWater,Protect,Hurricane,WideGuard|||M|||50|,,,,,Stellar]Maushold||SafetyGoggles|FriendGuard|FollowMe,BeatUp,Taunt,Protect||||||50|,,,,,Ghost]Basculegion||ChoiceBand|SwiftSwim|LastRespects,AquaJet,WaveCrash,FlipTurn|||M|||50|,,,,,Fire]Rillaboom||AssaultVest|GrassySurge|FakeOut,GrassyGlide,WoodHammer,Uturn|||M|||50|,,,,,Fire]Kingambit||BlackGlasses|Defiant|SwordsDance,KowtowCleave,SuckerPunch,IronHead|||M|||50|,,,,,Dark
|showteam|p2|Porygon2||Eviolite|Download|TeraBlast,IceBeam,TrickRoom,Recover||||||50|,,,,,Fighting]Incineroar||SitrusBerry|Intimidate|FakeOut,KnockOff,FlareBlitz,PartingShot|||M|||50|,,,,,Ghost]Ursaluna||FlameOrb|Guts|HeadlongRush,Facade,Earthquake,Protect|||F|||50|,,,,,Ghost]Jumpluff||CovertCloak|Chlorophyll|RagePowder,SunnyDay,Tailwind,SleepPowder|||M|||50|,,,,,Water]Charizard||ChoiceSpecs|SolarPower|HeatWave,Overheat,WeatherBall,SolarBeam|||F|||50|,,,,,Ghost]Torkoal||EjectPack|Drought|Overheat,Eruption,HelpingHand,Protect|||M|||50|,,,,,Fire
|inactive|Battle timer is ON: inactive players will automatically lose when time's up. (requested by Qicide)
|inactive|Qicide has 60 seconds left.
|
|t:|1757644196
|teamsize|p1|4
|teamsize|p2|4
|start
|switch|p1a: Annihilape|Annihilape, L50, F|100/100
|switch|p1b: Maushold|Maushold, L50|100/100
|switch|p2a: Charizard|Charizard, L50, F, shiny|100/100
|switch|p2b: Ursaluna|Ursaluna, L50, F|100/100
|turn|1
|inactive|Qicide has 30 seconds left.
|
|t:|1757644221
|move|p1b: Maushold|Protect|p1b: Maushold
|-singleturn|p1b: Maushold|Protect
|move|p1a: Annihilape|Protect|p1a: Annihilape
|-singleturn|p1a: Annihilape|Protect
|move|p2a: Charizard|Heat Wave|p1b: Maushold|[spread] 
|-activate|p1a: Annihilape|move: Protect
|-activate|p1b: Maushold|move: Protect
|move|p2b: Ursaluna|Earthquake|p1b: Maushold|[spread] 
|-activate|p1a: Annihilape|move: Protect
|-activate|p1b: Maushold|move: Protect
|-immune|p2a: Charizard
|
|-status|p2b: Ursaluna|brn|[from] item: Flame Orb
|upkeep
|turn|2
|inactive|pokeplaygg has 30 seconds left.
|
|t:|1757644249
|switch|p1b: Pelipper|Pelipper, L50, M|100/100
|-weather|RainDance|[from] ability: Drizzle|[of] p1b: Pelipper
|switch|p2b: Torkoal|Torkoal, L50, M|100/100
|-weather|SunnyDay|[from] ability: Drought|[of] p2b: Torkoal
|move|p2a: Charizard|Heat Wave|p1a: Annihilape|[spread] p1a,p1b
|-resisted|p1b: Pelipper
|-damage|p1a: Annihilape|3/100
|-enditem|p1b: Pelipper|Focus Sash
|-damage|p1b: Pelipper|1/100
|move|p1a: Annihilape|Rage Fist|p2a: Charizard
|-damage|p2a: Charizard|34/100
|
|-weather|SunnyDay|[upkeep]
|-damage|p2a: Charizard|22/100|[from] ability: Solar Power|[of] p2a: Charizard
|-heal|p1a: Annihilape|9/100|[from] item: Leftovers
|upkeep
|turn|3
|inactive|pokeplaygg has 30 seconds left.
|inactive|pokeplaygg has 20 seconds left.
|inactive|Qicide has 30 seconds left.
|inactive|pokeplaygg has 15 seconds left.
|inactive|pokeplaygg has 10 seconds left.
|
|t:|1757644297
|switch|p2a: Ursaluna|Ursaluna, L50, F|100/100 brn
|-terastallize|p1a: Annihilape|Fire
|move|p1b: Pelipper|Wide Guard|p1b: Pelipper
|-singleturn|p1b: Pelipper|Wide Guard
|move|p1a: Annihilape|Drain Punch|p2b: Torkoal
|-damage|p2b: Torkoal|73/100
|-heal|p1a: Annihilape|20/100|[from] drain|[of] p2b: Torkoal
|move|p2b: Torkoal|Overheat|p1b: Pelipper
|-resisted|p1b: Pelipper
|-damage|p1b: Pelipper|0 fnt
|-unboost|p2b: Torkoal|spa|2
|faint|p1b: Pelipper
|-enditem|p2b: Torkoal|Eject Pack
|
|t:|1757644307
|switch|p2b: Jumpluff|Jumpluff, L50, M|100/100
|
|-weather|SunnyDay|[upkeep]
|-heal|p1a: Annihilape|26/100|[from] item: Leftovers
|-damage|p2a: Ursaluna|95/100 brn|[from] brn
|upkeep
|
|t:|1757644320
|switch|p1b: Basculegion|Basculegion, L50, M|100/100
|turn|4
|
|t:|1757644334
|-terastallize|p2a: Ursaluna|Ghost
|move|p1a: Annihilape|Protect|p1a: Annihilape
|-singleturn|p1a: Annihilape|Protect
|move|p2b: Jumpluff|Tailwind|p2b: Jumpluff
|-sidestart|p2: Qicide|move: Tailwind
|move|p2a: Ursaluna|Earthquake|p1b: Basculegion|[spread] p1b
|-activate|p1a: Annihilape|move: Protect
|-immune|p2b: Jumpluff
|-damage|p1b: Basculegion|27/100
|move|p1b: Basculegion|Last Respects|p2a: Ursaluna
|-supereffective|p2a: Ursaluna
|-damage|p2a: Ursaluna|0 fnt
|faint|p2a: Ursaluna
|
|-weather|SunnyDay|[upkeep]
|-heal|p1a: Annihilape|32/100|[from] item: Leftovers
|upkeep
|
|t:|1757644347
|switch|p2a: Charizard|Charizard, L50, F, shiny|22/100
|turn|5
|
|t:|1757644360
|switch|p1b: Maushold|Maushold, L50|100/100
|move|p2b: Jumpluff|Sleep Powder|p1b: Maushold
|-activate|p1b: Maushold|item: Safety Goggles|Sleep Powder
|move|p2a: Charizard|Heat Wave|p1b: Maushold|[spread] p1a,p1b
|-resisted|p1a: Annihilape
|-damage|p1a: Annihilape|0 fnt
|-damage|p1b: Maushold|0 fnt
|faint|p1a: Annihilape
|faint|p1b: Maushold
|
|-weather|SunnyDay|[upkeep]
|-damage|p2a: Charizard|10/100|[from] ability: Solar Power|[of] p2a: Charizard
|upkeep
|-message|pokeplaygg forfeited.
|
|win|Qicide
|raw|pokeplaygg's rating: 1229 → 1208(-21 for losing)
|raw|Qicide's rating: 1289 → 1310(+21 for winning)
|l|☆pokeplaygg
|player|p1|
