|j|☆andrepikamon
|j|☆mavrickbfr
|html|andrepikamonmavrickbfr    
|uhtml|bestof|Game 2 of a best-of-3
|t:|1785626061
|gametype|doubles
|player|p1|andrepikamon|cynthia|1000
|player|p2|mavrickbfr|gentleman-gen4|1000
|gen|9
|tier|[Gen 9 Champions] VGC 2026 Reg M-B (Bo3)
|rated|
|rule|Species Clause: Limit one of each Pokémon
|rule|Item Clause: Limit 1 of each item
|clearpoke
|poke|p1|Annihilape, L50, F|
|poke|p1|Maushold-Four, L50|
|poke|p1|Sinistcha-Masterpiece, L50|
|poke|p1|Ditto, L50|
|poke|p1|Raichu, L50, M|
|poke|p1|Swampert, L50, M|
|poke|p2|Blaziken, L50, M, shiny|
|poke|p2|Floette-Eternal, L50, F|
|poke|p2|Sinistcha, L50|
|poke|p2|Basculegion, L50, M, shiny|
|poke|p2|Garchomp, L50, M, shiny|
|poke|p2|Sneasler, L50, M, shiny|
|teampreview|4
|showteam|p1|Annihilape||Leftovers|Defiant|RageFist,NightShade,DrainPunch,Protect|Adamant||F|||50|]Maushold-Four||ChopleBerry|FriendGuard|PopulationBomb,BeatUp,SuperFang,Protect|Jolly|||||50|]Sinistcha-Masterpiece||FocusSash|Hospitality|MatchaGotcha,RagePowder,LifeDew,Protect|Modest|||||50|]Ditto||ChoiceScarf|Imposter|Transform|Serious|||||50|]Raichu||RaichuniteY|Static|ZapCannon,FocusBlast,HyperBeam,Protect|Timid||M|||50|]Swampert||LifeOrb|Torrent|Earthquake,Liquidation,Protect,IcePunch|Adamant||M|||50|
|showteam|p2|Blaziken||Blazikenite|SpeedBoost|BlazeKick,RockSlide,CloseCombat,Protect|Adamant||M|||50|]Floette-Eternal||Floettite|FlowerVeil|DazzlingGleam,CalmMind,Protect,DrainingKiss|Modest||F|||50|]Sinistcha||SitrusBerry|Hospitality|MatchaGotcha,RagePowder,Protect,LifeDew|Bold|||||50|]Basculegion||ChoiceScarf|Adaptability|LastRespects,WaveCrash,FlipTurn,AquaJet|Adamant||M|||50|]Garchomp||RoseliBerry|RoughSkin|PoisonJab,StompingTantrum,Earthquake,RockSlide|Jolly||M|||50|]Sneasler||FocusSash|PoisonTouch|FakeOut,PoisonJab,CloseCombat,QuickGuard|Jolly||M|||50|
|
|t:|1785626090
|teamsize|p1|4
|teamsize|p2|4
|start
|switch|p1a: Annihilape|Annihilape, L50, F|100/100
|switch|p1b: Swampert|Swampert, L50, M|100/100
|switch|p2a: Blaziken|Blaziken, L50, M, shiny|100/100
|switch|p2b: Basculegion|Basculegion, L50, M, shiny|100/100
|turn|1
|
|t:|1785626121
|detailschange|p2a: Blaziken|Blaziken-Mega, L50, M, shiny
|-mega|p2a: Blaziken|Blaziken|Blazikenite
|move|p2a: Blaziken|Protect|p2a: Blaziken
|-singleturn|p2a: Blaziken|Protect
|move|p1a: Annihilape|Protect|p1a: Annihilape
|-singleturn|p1a: Annihilape|Protect
|move|p2b: Basculegion|Flip Turn|p1a: Annihilape
|-activate|p1a: Annihilape|move: Protect
|move|p1b: Swampert|Earthquake|p2a: Blaziken|[spread] p2b
|-activate|p1a: Annihilape|move: Protect
|-activate|p2a: Blaziken|move: Protect
|-damage|p2b: Basculegion|51/100
|-damage|p1b: Swampert|90/100|[from] item: Life Orb
|
|-ability|p2a: Blaziken|Speed Boost|boost
|-boost|p2a: Blaziken|spe|1
|upkeep
|turn|2
|
|t:|1785626149
|switch|p2a: Garchomp|Garchomp, L50, M, shiny|100/100
|move|p2b: Basculegion|Flip Turn|p1a: Annihilape
|-damage|p1a: Annihilape|66/100
|
|t:|1785626159
|switch|p2b: Sneasler|Sneasler, L50, M, shiny|100/100|[from] Flip Turn
|move|p1a: Annihilape|Drain Punch|p2a: Garchomp
|-damage|p2a: Garchomp|63/100
|-heal|p1a: Annihilape|82/100|[from] drain|[of] p2a: Garchomp
|-damage|p1a: Annihilape|69/100|[from] ability: Rough Skin|[of] p2a: Garchomp
|move|p1b: Swampert|Liquidation|p2a: Garchomp
|-damage|p2a: Garchomp|3/100
|-unboost|p2a: Garchomp|def|1
|-damage|p1b: Swampert|78/100|[from] ability: Rough Skin|[of] p2a: Garchomp
|-damage|p1b: Swampert|68/100|[from] item: Life Orb
|
|-heal|p1a: Annihilape|75/100|[from] item: Leftovers
|upkeep
|turn|3
|
|t:|1785626183
|move|p1a: Annihilape|Protect|p1a: Annihilape
|-singleturn|p1a: Annihilape|Protect
|move|p2b: Sneasler|Fake Out|p1b: Swampert
|-damage|p1b: Swampert|55/100
|move|p2a: Garchomp|Rock Slide|p1a: Annihilape|[spread] p1b
|-activate|p1a: Annihilape|move: Protect
|-resisted|p1b: Swampert|1
|-damage|p1b: Swampert|44/100
|cant|p1b: Swampert|flinch
|
|-heal|p1a: Annihilape|81/100|[from] item: Leftovers
|upkeep
|turn|4
|
|t:|1785626229
|move|p2b: Sneasler|Poison Jab|p1b: Swampert
|-resisted|p1b: Swampert|1
|-damage|p1b: Swampert|26/100
|-status|p1b: Swampert|psn|[from] ability: Poison Touch|[of] p2b: Sneasler
|move|p2a: Garchomp|Stomping Tantrum|p1a: Annihilape
|-damage|p1a: Annihilape|45/100
|move|p1a: Annihilape|Rage Fist|p2b: Sneasler
|-enditem|p2b: Sneasler|Focus Sash
|-damage|p2b: Sneasler|1/100
|move|p1b: Swampert|Earthquake|p2a: Garchomp|[spread] p1a,p2a,p2b
|-supereffective|p2b: Sneasler|1
|-damage|p1a: Annihilape|3/100
|-damage|p2a: Garchomp|0 fnt
|-damage|p2b: Sneasler|0 fnt
|faint|p2a: Garchomp
|faint|p2b: Sneasler
|-damage|p1b: Swampert|16/100 psn|[from] item: Life Orb
|
|-heal|p1a: Annihilape|9/100|[from] item: Leftovers
|-damage|p1b: Swampert|4/100 psn|[from] psn
|upkeep
|
|t:|1785626253
|switch|p2b: Basculegion|Basculegion, L50, M, shiny|51/100
|switch|p2a: Blaziken|Blaziken-Mega, L50, M, shiny|100/100
|turn|5
|
|t:|1785626284
|move|p2a: Blaziken|Protect|p2a: Blaziken
|-singleturn|p2a: Blaziken|Protect
|move|p2b: Basculegion|Aqua Jet|p1a: Annihilape
|-damage|p1a: Annihilape|0 fnt
|faint|p1a: Annihilape
|move|p1b: Swampert|Liquidation|p2a: Blaziken
|-activate|p2a: Blaziken|move: Protect
|
|-damage|p1b: Swampert|0 fnt|[from] psn
|faint|p1b: Swampert
|-ability|p2a: Blaziken|Speed Boost|boost
|-boost|p2a: Blaziken|spe|1
|upkeep
|
|t:|1785626290
|switch|p1a: Ditto|Ditto, L50|100/100
|switch|p1b: Raichu|Raichu, L50, M|100/100
|-transform|p1a: Ditto|p2b: Basculegion|[from] ability: Imposter
|turn|6
|
|t:|1785626326
|detailschange|p1b: Raichu|Raichu-Mega-Y, L50, M
|-mega|p1b: Raichu|Raichu|Raichunite Y
|move|p2b: Basculegion|Aqua Jet|p1a: Ditto
|-resisted|p1a: Ditto|1
|-damage|p1a: Ditto|78/100
|move|p2a: Blaziken|Rock Slide|p1a: Ditto|[spread] p1a,p1b
|-damage|p1a: Ditto|37/100
|-damage|p1b: Raichu|48/100
|move|p1b: Raichu|Zap Cannon|p2b: Basculegion
|-supereffective|p2b: Basculegion|1
|-damage|p2b: Basculegion|0 fnt
|faint|p2b: Basculegion
|cant|p1a: Ditto|flinch
|
|-ability|p2a: Blaziken|Speed Boost|boost
|-boost|p2a: Blaziken|spe|1
|upkeep
|turn|7
|
|t:|1785626351
|move|p2a: Blaziken|Protect|p2a: Blaziken
|-singleturn|p2a: Blaziken|Protect
|move|p1b: Raichu|Focus Blast|p2a: Blaziken
|-activate|p2a: Blaziken|move: Protect
|move|p1a: Ditto|Wave Crash|p2a: Blaziken
|-activate|p2a: Blaziken|move: Protect
|
|-ability|p2a: Blaziken|Speed Boost|boost
|-boost|p2a: Blaziken|spe|1
|upkeep
|turn|8
|
|t:|1785626367
|move|p2a: Blaziken|Rock Slide|p1a: Ditto|[spread] p1a,p1b
|-damage|p1a: Ditto|0 fnt
|-damage|p1b: Raichu|0 fnt
|faint|p1a: Ditto
|faint|p1b: Raichu
|
|win|mavrickbfr
|raw|andrepikamon's rating: 1000 → 1000(+0 for losing)
|raw|mavrickbfr's rating: 1000 → 1040(+40 for winning)
|l|☆andrepikamon
|player|p1|
