|j|☆naacchhooo
|j|☆agreed1
|html|naacchhoooagreed1    
|uhtml|bestof|Game 1 of a best-of-3
|t:|1757681248
|gametype|doubles
|player|p1|naacchhooo|n|1096
|player|p2|agreed1|youngster-gen4dp|1117
|gen|9
|tier|[Gen 9] VGC 2025 Reg H (Bo3)
|rated|
|rule|Species Clause: Limit one of each Pokémon
|rule|Item Clause: Limit 1 of each item
|clearpoke
|poke|p1|Incineroar, L50, F|
|poke|p1|Rillaboom, L50, F|
|poke|p1|Sneasler, L50, F|
|poke|p1|Gholdengo, L50|
|poke|p1|Ceruledge, L50, F|
|poke|p1|Whimsicott, L50, F|
|poke|p2|Incineroar, L50, F|
|poke|p2|Serperior, L50, F|
|poke|p2|Rillaboom, L50, F|
|poke|p2|Primarina, L50, M|
|poke|p2|Greninja-*, L50, F|
|poke|p2|Blaziken, L50, M|
|teampreview|4
|showteam|p1|Incineroar||SafetyGoggles|Intimidate|FakeOut,KnockOff,PartingShot,WillOWisp|||F|||50|,,,,,Ghost]Rillaboom||AssaultVest|GrassySurge|FakeOut,GrassyGlide,WoodHammer,Uturn|||F|||50|,,,,,Water]Sneasler||FocusSash|Unburden|DireClaw,CloseCombat,Protect,FakeOut|||F|||50|,,,,,Dark]Gholdengo||MetalCoat|GoodasGold|MakeItRain,ShadowBall,NastyPlot,Protect||||||50|,,,,,Steel]Ceruledge||ClearAmulet|FlashFire|BitterBlade,Protect,ShadowSneak,SwordsDance|||F|||50|,,,,,Dark]Whimsicott||CovertCloak|Prankster|Encore,Protect,Moonblast,Tailwind|||F|||50|,,,,,Water
|showteam|p2|Incineroar||RockyHelmet|Intimidate|FakeOut,PartingShot,KnockOff,FlareBlitz|||F|||50|,,,,,Ghost]Serperior||LifeOrb|Contrary|GigaDrain,LeafStorm,GrassPledge,TeraBlast|||F|||50|,,,,,Stellar]Rillaboom||AssaultVest|GrassySurge|FakeOut,Uturn,WoodHammer,GrassPledge|||F|||50|,,,,,Poison]Primarina||ThroatSpray|LiquidVoice|WaterPledge,HyperVoice,DazzlingGleam,Protect|||M|||50|,,,,,Water]Greninja||FocusSash|Protean|WaterPledge,IcyWind,Protect,DarkPulse|||F|||50|,,,,,Ghost]Blaziken||SafetyGoggles|SpeedBoost|Detect,BraveBird,FirePledge,FlareBlitz|||M|||50|,,,,,Fire
|inactive|Battle timer is ON: inactive players will automatically lose when time's up. (requested by agreed1)
|c|☆naacchhooo|starters!!
|c|☆naacchhooo|your a chad
|inactive|agreed1 has 60 seconds left.
|c|☆naacchhooo|youre
|
|t:|1757681297
|teamsize|p1|4
|teamsize|p2|4
|start
|switch|p1a: Whimsicott|Whimsicott, L50, F|100/100
|switch|p1b: Sneasler|Sneasler, L50, F|100/100
|switch|p2a: Greninja|Greninja, L50, F, shiny|100/100
|switch|p2b: Serperior|Serperior, L50, F, shiny|100/100
|turn|1
|inactive|naacchhooo has 30 seconds left.
|inactive|agreed1 has 30 seconds left.
|inactive|naacchhooo has 20 seconds left.
|inactive|agreed1 has 20 seconds left.
|inactive|naacchhooo has 15 seconds left.
|
|t:|1757681338
|-terastallize|p2a: Greninja|Ghost
|move|p1a: Whimsicott|Tailwind|p1a: Whimsicott
|-sidestart|p1: naacchhooo|move: Tailwind
|move|p1b: Sneasler|Close Combat|p2a: Greninja
|-immune|p2a: Greninja
|move|p2a: Greninja|Water Pledge|p1b: Sneasler
|-waiting|p2a: Greninja|p2b: Serperior
|move|p2b: Serperior|Grass Pledge|p1b: Sneasler|[from] move: Water Pledge
|-combine
|-resisted|p1b: Sneasler
|-damage|p1b: Sneasler|50/100
|-sidestart|p1: naacchhooo|Grass Pledge
|-damage|p2b: Serperior|91/100|[from] item: Life Orb
|
|upkeep
|turn|2
|inactive|agreed1 has 30 seconds left.
|
|t:|1757681369
|move|p2a: Greninja|Icy Wind|p1a: Whimsicott|[spread] p1a,p1b
|-supereffective|p1a: Whimsicott
|-damage|p1a: Whimsicott|63/100
|-damage|p1b: Sneasler|35/100
|-unboost|p1b: Sneasler|spe|1
|move|p2b: Serperior|Leaf Storm|p1b: Sneasler
|-resisted|p1b: Sneasler
|-damage|p1b: Sneasler|0 fnt
|-boost|p2b: Serperior|spa|2
|faint|p1b: Sneasler
|-damage|p2b: Serperior|81/100|[from] item: Life Orb
|move|p1a: Whimsicott|Moonblast|p2a: Greninja
|-damage|p2a: Greninja|58/100
|
|upkeep
|
|t:|1757681377
|switch|p1b: Ceruledge|Ceruledge, L50, F|100/100
|turn|3
|
|t:|1757681394
|move|p2a: Greninja|Water Pledge|p1b: Ceruledge
|-supereffective|p1b: Ceruledge
|-damage|p1b: Ceruledge|19/100
|move|p2b: Serperior|Leaf Storm|p1a: Whimsicott
|-resisted|p1a: Whimsicott
|-damage|p1a: Whimsicott|0 fnt
|-boost|p2b: Serperior|spa|2
|faint|p1a: Whimsicott
|-damage|p2b: Serperior|71/100|[from] item: Life Orb
|move|p1b: Ceruledge|Bitter Blade|p2b: Serperior
|-supereffective|p2b: Serperior
|-damage|p2b: Serperior|0 fnt
|-heal|p1b: Ceruledge|62/100|[from] drain|[of] p2b: Serperior
|faint|p2b: Serperior
|
|upkeep
|
|t:|1757681408
|switch|p1a: Gholdengo|Gholdengo, L50|100/100
|switch|p2b: Blaziken|Blaziken, L50, M|100/100
|turn|4
|
|t:|1757681425
|move|p1b: Ceruledge|Shadow Sneak|p2a: Greninja
|-supereffective|p2a: Greninja
|-damage|p2a: Greninja|0 fnt
|faint|p2a: Greninja
|move|p2b: Blaziken|Flare Blitz|p1a: Gholdengo
|-supereffective|p1a: Gholdengo
|-damage|p1a: Gholdengo|0 fnt
|faint|p1a: Gholdengo
|-damage|p2b: Blaziken|72/100|[from] Recoil
|
|-sideend|p1: naacchhooo|move: Tailwind
|-sideend|p1: naacchhooo|Grass Pledge
|-ability|p2b: Blaziken|Speed Boost|boost
|-boost|p2b: Blaziken|spe|1
|upkeep
|
|t:|1757681431
|switch|p2a: Incineroar|Incineroar, L50, F, shiny|100/100
|-ability|p2a: Incineroar|Intimidate|boost
|-fail|p1b: Ceruledge|unboost|[from] item: Clear Amulet|[of] p1b: Ceruledge
|turn|5
|
|t:|1757681446
|move|p1b: Ceruledge|Shadow Sneak|p2b: Blaziken
|-damage|p2b: Blaziken|46/100
|move|p2b: Blaziken|Brave Bird|p1b: Ceruledge
|-damage|p1b: Ceruledge|0 fnt
|faint|p1b: Ceruledge
|-damage|p2b: Blaziken|30/100|[from] Recoil
|
|win|agreed1
||naacchhooo is ready for game 2.
|inactive|agreed1 has 30 seconds to confirm battle start!
||agreed1 is ready for game 2.
|uhtml|next|Next: Game 2 of 3
