|j|☆SengarBlade
|j|☆KyleTampy
|html|SengarBladeKyleTampy    
|uhtml|bestof|Game 3 of a best-of-3
|t:|1757862147
|gametype|doubles
|player|p1|SengarBlade|shadowtriad|
|player|p2|KyleTampy|lucian|
|gen|9
|tier|[Gen 9] VGC 2025 Reg H (Bo3)
|rule|Species Clause: Limit one of each Pokémon
|rule|Item Clause: Limit 1 of each item
|clearpoke
|poke|p1|Murkrow, L50, F|
|poke|p1|Tyranitar, L50, M|
|poke|p1|Lycanroc, L50, M|
|poke|p1|Decidueye-Hisui, L50, F|
|poke|p1|Clefable, L50, F|
|poke|p1|Hydreigon, L50, F|
|poke|p2|Kleavor, L50, M|
|poke|p2|Tyranitar, L50, F|
|poke|p2|Gastrodon-East, L50, F|
|poke|p2|Decidueye-Hisui, L50, F|
|poke|p2|Corviknight, L50, F|
|poke|p2|Excadrill, L50, F|
|teampreview|4
|showteam|p1|Murkrow||Eviolite|Prankster|FoulPlay,Tailwind,Haze,Protect|||F|||50|,,,,,Steel]Tyranitar||ClearAmulet|SandStream|RockSlide,KnockOff,TeraBlast,Protect|||M|||50|,,,,,Flying]Lycanroc||FocusSash|SandRush|RockSlide,Accelerock,Endeavor,Endure|||M|||50|,,,,,Ghost]Decidueye-Hisui||LifeOrb|Scrappy|CloseCombat,LeafBlade,UpperHand,Protect|||F|||50|,,,,,Ghost]Clefable||SafetyGoggles|Unaware|Moonblast,FollowMe,HelpingHand,Protect|||F|||50|,,,,,Water]Hydreigon||AguavBerry|Levitate|DracoMeteor,DarkPulse,Snarl,Protect|||F|||50|,,,,,Poison
|showteam|p2|Kleavor||FocusSash|Sharpness|StoneAxe,CloseCombat,NightSlash,Protect|||M|||50|,,,,,Steel]Tyranitar||AssaultVest|SandStream|RockSlide,KnockOff,Snarl,TeraBlast|||F|||50|,,,,,Flying]Gastrodon-East||Leftovers|StormDrain|EarthPower,ClearSmog,Yawn,Protect|||F|||50|,,,,,Rock]Decidueye-Hisui||ScopeLens|Scrappy|TripleArrows,LeafBlade,SuckerPunch,Protect|||F|||50|,,,,,Steel]Corviknight||CovertCloak|MirrorArmor|Tailwind,BodyPress,DrillPeck,Uturn|||F|||50|,,,,,Dragon]Excadrill||ChoiceScarf|SandForce|Earthquake,IronHead,RockSlide,HighHorsepower|||F|||50|,,,,,Ghost
|j| jowemama
|j| Oldcow
|
|t:|1757862205
|teamsize|p1|4
|teamsize|p2|4
|start
|switch|p1a: Tyranitar|Tyranitar, L50, M|100/100
|switch|p1b: Lycanroc|Lycanroc, L50, M|100/100
|switch|p2a: Excadrill|Excadrill, L50, F|100/100
|switch|p2b: Gastrodon|Gastrodon-East, L50, F|100/100
|-weather|Sandstorm|[from] ability: Sand Stream|[of] p1a: Tyranitar
|turn|1
|
|t:|1757862241
|move|p1b: Lycanroc|Endeavor|p2b: Gastrodon
|-damage|p2b: Gastrodon|77/100
|move|p2a: Excadrill|Rock Slide|p1a: Tyranitar|[spread] p1a,p1b
|-damage|p1a: Tyranitar|79/100
|-damage|p1b: Lycanroc|55/100
|move|p1a: Tyranitar|Knock Off|p2a: Excadrill
|-damage|p2a: Excadrill|19/100
|-enditem|p2a: Excadrill|Choice Scarf|[from] move: Knock Off|[of] p1a: Tyranitar
|move|p2b: Gastrodon|Yawn|p1a: Tyranitar
|-start|p1a: Tyranitar|move: Yawn|[of] p2b: Gastrodon
|
|-weather|Sandstorm|[upkeep]
|-heal|p2b: Gastrodon|83/100|[from] item: Leftovers
|upkeep
|turn|2
|
|t:|1757862265
|switch|p2a: Corviknight|Corviknight, L50, F|100/100
|switch|p1a: Murkrow|Murkrow, L50, F|100/100
|move|p1b: Lycanroc|Rock Slide|p2a: Corviknight|[spread] p2a
|-miss|p1b: Lycanroc|p2b: Gastrodon
|-damage|p2a: Corviknight|78/100
|move|p2b: Gastrodon|Earth Power|p1b: Lycanroc
|-supereffective|p1b: Lycanroc
|-damage|p1b: Lycanroc|0 fnt
|faint|p1b: Lycanroc
|
|-weather|Sandstorm|[upkeep]
|-damage|p1a: Murkrow|94/100|[from] Sandstorm
|-heal|p2b: Gastrodon|89/100|[from] item: Leftovers
|upkeep
|
|t:|1757862282
|switch|p1b: Decidueye|Decidueye-Hisui, L50, F|100/100
|turn|3
|
|t:|1757862318
|move|p2b: Gastrodon|Protect|p2b: Gastrodon
|-singleturn|p2b: Gastrodon|Protect
|move|p1a: Murkrow|Tailwind|p1a: Murkrow
|-sidestart|p1: SengarBlade|move: Tailwind
|move|p1b: Decidueye|Close Combat|p2a: Corviknight
|-damage|p2a: Corviknight|21/100
|-unboost|p1b: Decidueye|def|1
|-unboost|p1b: Decidueye|spd|1
|-damage|p1b: Decidueye|91/100|[from] item: Life Orb
|move|p2a: Corviknight|Tailwind|p2a: Corviknight
|-sidestart|p2: KyleTampy|move: Tailwind
|
|-weather|Sandstorm|[upkeep]
|-damage|p1a: Murkrow|88/100|[from] Sandstorm
|-damage|p1b: Decidueye|84/100|[from] Sandstorm
|-heal|p2b: Gastrodon|95/100|[from] item: Leftovers
|upkeep
|turn|4
|
|t:|1757862337
|move|p1a: Murkrow|Haze|p1a: Murkrow
|-clearallboost
|move|p2a: Corviknight|Drill Peck|p1b: Decidueye
|-supereffective|p1b: Decidueye
|-damage|p1b: Decidueye|0 fnt
|faint|p1b: Decidueye
|move|p2b: Gastrodon|Yawn|p1a: Murkrow
|-start|p1a: Murkrow|move: Yawn|[of] p2b: Gastrodon
|
|-weather|Sandstorm|[upkeep]
|-damage|p1a: Murkrow|82/100|[from] Sandstorm
|-heal|p2b: Gastrodon|100/100|[from] item: Leftovers
|upkeep
|
|t:|1757862349
|switch|p1b: Tyranitar|Tyranitar, L50, M|79/100
|turn|5
|
|t:|1757862380
|move|p1b: Tyranitar|Protect|p1b: Tyranitar
|-singleturn|p1b: Tyranitar|Protect
|move|p1a: Murkrow|Foul Play|p2a: Corviknight
|-damage|p2a: Corviknight|0 fnt
|faint|p2a: Corviknight
|move|p2b: Gastrodon|Yawn|p1b: Tyranitar
|-activate|p1b: Tyranitar|move: Protect
|
|-weather|none
|-end|p1a: Murkrow|move: Yawn|[silent]
|-status|p1a: Murkrow|slp
|upkeep
|
|t:|1757862387
|switch|p2a: Kleavor|Kleavor, L50, M|100/100
|turn|6
|
|t:|1757862402
|move|p2a: Kleavor|Stone Axe|p1a: Murkrow
|-supereffective|p1a: Murkrow
|-damage|p1a: Murkrow|0 fnt
|-sidestart|p1: SengarBlade|move: Stealth Rock
|faint|p1a: Murkrow
|move|p1b: Tyranitar|Rock Slide|p2b: Gastrodon|[spread] p2a,p2b
|-supereffective|p2a: Kleavor
|-resisted|p2b: Gastrodon
|-damage|p2a: Kleavor|18/100
|-damage|p2b: Gastrodon|85/100
|move|p2b: Gastrodon|Yawn|p1b: Tyranitar
|-start|p1b: Tyranitar|move: Yawn|[of] p2b: Gastrodon
|
|-heal|p2b: Gastrodon|91/100|[from] item: Leftovers
|-sideend|p2: KyleTampy|move: Tailwind
|-sideend|p1: SengarBlade|move: Tailwind
|upkeep
|turn|7
|
|t:|1757862415
|move|p2a: Kleavor|Protect|p2a: Kleavor
|-singleturn|p2a: Kleavor|Protect
|move|p2b: Gastrodon|Protect|p2b: Gastrodon
|-singleturn|p2b: Gastrodon|Protect
|move|p1b: Tyranitar|Rock Slide|p2b: Gastrodon|[spread] 
|-activate|p2a: Kleavor|move: Protect
|-activate|p2b: Gastrodon|move: Protect
|
|-heal|p2b: Gastrodon|97/100|[from] item: Leftovers
|-end|p1b: Tyranitar|move: Yawn|[silent]
|-status|p1b: Tyranitar|slp
|upkeep
|turn|8
|
|t:|1757862427
|cant|p1b: Tyranitar|slp
|move|p2a: Kleavor|Stone Axe|p1b: Tyranitar
|-damage|p1b: Tyranitar|35/100 slp
|move|p2b: Gastrodon|Earth Power|p1b: Tyranitar
|-supereffective|p1b: Tyranitar
|-damage|p1b: Tyranitar|0 fnt
|faint|p1b: Tyranitar
|
|win|KyleTampy
|c|☆KyleTampy|Gg
|l| jowemama
|c|☆KyleTampy|Sheesh
|l| Oldcow
|l|☆SengarBlade
|player|p1|
