|j|☆Lorido
|j|☆Krowl3x
|html|LoridoKrowl3x    
|uhtml|bestof|Game 1 of a best-of-3
|t:|1785340456
|gametype|doubles
|player|p1|Lorido|170|1246
|player|p2|Krowl3x|lucas|1135
|gen|9
|tier|[Gen 9 Champions] VGC 2026 Reg M-B (Bo3)
|rated|
|rule|Species Clause: Limit one of each Pokémon
|rule|Item Clause: Limit 1 of each item
|clearpoke
|poke|p1|Delphox, L50, F|
|poke|p1|Incineroar, L50, F|
|poke|p1|Floette-Eternal, L50, F|
|poke|p1|Kingambit, L50, M|
|poke|p1|Sinistcha, L50|
|poke|p1|Sneasler, L50, F|
|poke|p2|Malamar, L50, M|
|poke|p2|Maushold, L50|
|poke|p2|Mawile, L50, F|
|poke|p2|Sinistcha, L50|
|poke|p2|Whimsicott, L50, M|
|poke|p2|Incineroar, L50, M|
|teampreview|4
|showteam|p1|Delphox||Delphoxite|Blaze|HeatWave,Psychic,NastyPlot,Protect|Timid||F|||50|]Incineroar||SitrusBerry|Intimidate|FlareBlitz,DarkestLariat,FakeOut,PartingShot|Careful||F|||50|]Floette-Eternal||Floettite|FlowerVeil|DazzlingGleam,DrainingKiss,CalmMind,Protect|Bold||F|||50|]Kingambit||BlackGlasses|Defiant|KowtowCleave,SuckerPunch,SwordsDance,Protect|Adamant||M|||50|]Sinistcha||OccaBerry|Hospitality|MatchaGotcha,RagePowder,TrickRoom,Protect|Bold|||||50|]Sneasler||FocusSash|PoisonTouch|CloseCombat,PoisonJab,FakeOut,QuickGuard|Jolly||F|||50|
|showteam|p2|Malamar||Malamarite|Contrary|Superpower,KnockOff,TrickRoom,Protect|Adamant||M|||50|]Maushold||WideLens|Technician|PopulationBomb,FollowMe,Feint,Protect|Jolly|||||50|]Mawile||Mawilite|HyperCutter|PlayRough,RockSlide,SuckerPunch,Protect|Brave||F|||50|]Sinistcha||ColburBerry|Hospitality|MatchaGotcha,LifeDew,RagePowder,Protect|Calm|||||50|]Whimsicott||FocusSash|Prankster|Moonblast,Tailwind,Charm,FakeTears|Modest||M|||50|]Incineroar||LifeOrb|Intimidate|FlareBlitz,DarkestLariat,PartingShot,FakeOut|Brave||M|||50|
|inactive|Battle timer is ON: inactive players will automatically lose when time's up. (requested by Krowl3x)
|
|t:|1785340487
|teamsize|p1|4
|teamsize|p2|4
|start
|switch|p1a: Delphox|Delphox, L50, F|100/100
|switch|p1b: Sneasler|Sneasler, L50, F|100/100
|switch|p2a: Whimsicott|Whimsicott, L50, M|100/100
|switch|p2b: Maushold|Maushold, L50|100/100
|turn|1
|
|t:|1785340508
|detailschange|p1a: Delphox|Delphox-Mega, L50, F
|-mega|p1a: Delphox|Delphox|Delphoxite
|move|p1b: Sneasler|Fake Out|p2b: Maushold
|-damage|p2b: Maushold|79/100
|move|p2a: Whimsicott|Tailwind|p2a: Whimsicott
|-sidestart|p2: Krowl3x|move: Tailwind
|cant|p2b: Maushold|flinch
|move|p1a: Delphox|Nasty Plot|p1a: Delphox
|-boost|p1a: Delphox|spa|2
|
|upkeep
|turn|2
|
|t:|1785340531
|switch|p1b: Sinistcha|Sinistcha, L50|100/100
|move|p1a: Delphox|Protect|p1a: Delphox
|-singleturn|p1a: Delphox|Protect
|move|p2b: Maushold|Population Bomb|p1a: Delphox
|-activate|p1a: Delphox|move: Protect
|move|p2a: Whimsicott|Moonblast|p1b: Sinistcha
|-damage|p1b: Sinistcha|62/100
|
|upkeep
|turn|3
|
|t:|1785340560
|switch|p1b: Incineroar|Incineroar, L50, F|100/100
|-ability|p1b: Incineroar|Intimidate|boost
|-unboost|p2a: Whimsicott|atk|1
|-unboost|p2b: Maushold|atk|1
|move|p2b: Maushold|Population Bomb|p1a: Delphox
|-damage|p1a: Delphox|90/100
|-damage|p1a: Delphox|81/100
|-damage|p1a: Delphox|72/100
|-damage|p1a: Delphox|62/100
|-damage|p1a: Delphox|53/100
|-damage|p1a: Delphox|43/100
|-damage|p1a: Delphox|33/100
|-damage|p1a: Delphox|24/100
|-damage|p1a: Delphox|15/100
|-damage|p1a: Delphox|5/100
|-hitcount|p1a: Delphox|10
|move|p2a: Whimsicott|Moonblast|p1b: Incineroar
|-damage|p1b: Incineroar|67/100
|move|p1a: Delphox|Heat Wave|p2b: Maushold|[spread] p2a,p2b
|-supereffective|p2a: Whimsicott|1
|-crit|p2a: Whimsicott
|-enditem|p2a: Whimsicott|Focus Sash
|-damage|p2a: Whimsicott|1/100
|-damage|p2b: Maushold|0 fnt
|faint|p2b: Maushold
|
|upkeep
|
|t:|1785340566
|switch|p2b: Incineroar|Incineroar, L50, M|100/100
|-ability|p2b: Incineroar|Intimidate|boost
|-unboost|p1a: Delphox|atk|1
|-unboost|p1b: Incineroar|atk|1
|turn|4
|inactive|Lorido has 30 seconds left.
|
|t:|1785340600
|switch|p1b: Sneasler|Sneasler, L50, F|100/100
|move|p1a: Delphox|Protect|p1a: Delphox
|-singleturn|p1a: Delphox|Protect
|move|p2b: Incineroar|Fake Out|p1a: Delphox
|-activate|p1a: Delphox|move: Protect
|move|p2a: Whimsicott|Moonblast|p1b: Sneasler
|-damage|p1b: Sneasler|47/100
|
|-sideend|p2: Krowl3x|move: Tailwind
|upkeep
|turn|5
|
|t:|1785340617
|move|p2a: Whimsicott|Tailwind|p2a: Whimsicott
|-sidestart|p2: Krowl3x|move: Tailwind
|move|p1a: Delphox|Heat Wave|p2a: Whimsicott|[spread] p2a,p2b
|-supereffective|p2a: Whimsicott|1
|-resisted|p2b: Incineroar|1
|-damage|p2a: Whimsicott|0 fnt
|-damage|p2b: Incineroar|60/100
|faint|p2a: Whimsicott
|move|p1b: Sneasler|Close Combat|p2b: Incineroar
|-supereffective|p2b: Incineroar|1
|-damage|p2b: Incineroar|0 fnt
|-unboost|p1b: Sneasler|def|1
|-unboost|p1b: Sneasler|spd|1
|faint|p2b: Incineroar
|
|upkeep
|
|t:|1785340621
|switch|p2a: Malamar|Malamar, L50, M|100/100
|turn|6
|
|t:|1785340646
|switch|p1b: Sinistcha|Sinistcha, L50|62/100
|-heal|p1a: Delphox|30/100|[from] ability: Hospitality|[of] p1b: Sinistcha
|detailschange|p2a: Malamar|Malamar-Mega, L50, M
|-mega|p2a: Malamar|Malamar|Malamarite
|move|p1a: Delphox|Protect|p1a: Delphox
|-singleturn|p1a: Delphox|Protect
|move|p2a: Malamar|Knock Off|p1a: Delphox
|-activate|p1a: Delphox|move: Protect
|
|upkeep
|turn|7
|
|t:|1785340658
|move|p1b: Sinistcha|Rage Powder|p1b: Sinistcha
|-singleturn|p1b: Sinistcha|move: Rage Powder
|move|p2a: Malamar|Knock Off|p1b: Sinistcha
|-supereffective|p1b: Sinistcha|1
|-damage|p1b: Sinistcha|0 fnt
|-enditem|p1b: Sinistcha|Occa Berry|[from] move: Knock Off|[of] p2a: Malamar
|faint|p1b: Sinistcha
|move|p1a: Delphox|Heat Wave|p2a: Malamar
|-damage|p2a: Malamar|23/100
|
|upkeep
|
|t:|1785340667
|switch|p1b: Sneasler|Sneasler, L50, F|47/100
|turn|8
|
|t:|1785340675
|move|p1b: Sneasler|Fake Out|p2a: Malamar
|-damage|p2a: Malamar|7/100
|cant|p2a: Malamar|flinch
|move|p1a: Delphox|Heat Wave|p2a: Malamar
|-damage|p2a: Malamar|0 fnt
|faint|p2a: Malamar
|
|win|Lorido
