|j|☆Treit_3
|j|☆BeatrizPinzon
|html|Treit_3BeatrizPinzon    
|uhtml|bestof|Game 1 of a best-of-3
|t:|1783479734
|gametype|doubles
|player|p1|Treit_3|marshal|1207
|player|p2|BeatrizPinzon|clerkf|1321
|gen|9
|tier|[Gen 9 Champions] VGC 2026 Reg M-B (Bo3)
|rated|
|rule|Species Clause: Limit one of each Pokémon
|rule|Item Clause: Limit 1 of each item
|clearpoke
|poke|p1|Scrafty, L50, M|
|poke|p1|Blaziken, L50, F|
|poke|p1|Torterra, L50, M|
|poke|p1|Milotic, L50, F|
|poke|p1|Gholdengo, L50|
|poke|p1|Farigiraf, L50, M|
|poke|p2|Swampert, L50, M|
|poke|p2|Sableye, L50, M|
|poke|p2|Pelipper, L50, M|
|poke|p2|Archaludon, L50, F|
|poke|p2|Venusaur, L50, M|
|poke|p2|Sylveon, L50, M|
|teampreview|4
|showteam|p1|Scrafty||Scraftinite|Intimidate|FakeOut,Coaching,DrainPunch,ThroatChop|Adamant||M|||50|]Blaziken||Blazikenite|SpeedBoost|Detect,RockSlide,FlareBlitz,CloseCombat|Adamant||F|||50|]Torterra||Leftovers|ShellArmor|Protect,WideGuard,HeadlongRush,WoodHammer|Brave||M|||50|]Milotic||MysticWater|Competitive|Protect,Scald,MuddyWater,IceBeam|Modest||F|||50|]Gholdengo||LifeOrb|GoodasGold|Protect,NastyPlot,MakeItRain,ShadowBall|Modest|||||50|]Farigiraf||SitrusBerry|ArmorTail|Protect,TrickRoom,Thunderbolt,HyperVoice|Bold||M|||50|
|showteam|p2|Swampert||Swampertite|Torrent|WaveCrash,HighHorsepower,RockSlide,Protect|Adamant||M|||50|]Sableye||RoseliBerry|Prankster|Encore,LightScreen,Reflect,RainDance|Calm||M|||50|]Pelipper||LifeOrb|Drizzle|Hurricane,WeatherBall,Tailwind,HelpingHand|Modest||M|||50|]Archaludon||Leftovers|Stamina|DragonPulse,ElectroShot,FlashCannon,Protect|Calm||F|||50|]Venusaur||Venusaurite|Chlorophyll|SludgeBomb,GigaDrain,EarthPower,Protect|Modest||M|||50|]Sylveon||FairyFeather|Pixilate|HyperVoice,HyperBeam,QuickAttack,Protect|Modest||M|||50|
|inactive|Battle timer is ON: inactive players will automatically lose when time's up. (requested by Treit_3)
|
|t:|1783479770
|teamsize|p1|4
|teamsize|p2|4
|start
|switch|p1a: Scrafty|Scrafty, L50, M|100/100
|switch|p1b: Farigiraf|Farigiraf, L50, M|100/100
|switch|p2a: Top G|Sableye, L50, M|100/100
|switch|p2b: Duarte|Archaludon, L50, F|100/100
|-ability|p1a: Scrafty|Intimidate|boost
|-unboost|p2a: Top G|atk|1
|-unboost|p2b: Duarte|atk|1
|turn|1
|inactive|Treit_3 has 30 seconds left.
|inactive|Treit_3 has 20 seconds left.
|
|t:|1783479808
|switch|p1b: Torterra|Torterra, L50, M|100/100
|detailschange|p1a: Scrafty|Scrafty-Mega, L50, M
|-mega|p1a: Scrafty|Scrafty|Scraftinite
|-ability|p1a: Scrafty|Intimidate|boost
|-unboost|p2a: Top G|atk|1
|-unboost|p2b: Duarte|atk|1
|move|p2a: Top G|Reflect|p2a: Top G
|-sidestart|p2: BeatrizPinzon|Reflect
|move|p2b: Duarte|Dragon Pulse|p1a: Scrafty
|-damage|p1a: Scrafty|73/100
|move|p1a: Scrafty|Coaching|p1b: Torterra
|-boost|p1b: Torterra|atk|1
|-boost|p1b: Torterra|def|1
|
|upkeep
|turn|2
|inactive|BeatrizPinzon has 30 seconds left.
|
|t:|1783479840
|move|p2a: Top G|Rain Dance|p2a: Top G
|-weather|RainDance
|move|p2b: Duarte|Electro Shot||[still]
|-prepare|p2b: Duarte|Electro Shot
|-boost|p2b: Duarte|spa|1
|-anim|p2b: Duarte|Electro Shot|p1a: Scrafty
|-damage|p1a: Scrafty|25/100
|move|p1a: Scrafty|Coaching|p1b: Torterra
|-boost|p1b: Torterra|atk|1
|-boost|p1b: Torterra|def|1
|move|p1b: Torterra|Headlong Rush|p2b: Duarte
|-supereffective|p2b: Duarte|1
|-damage|p2b: Duarte|0 fnt
|-unboost|p1b: Torterra|def|1
|-unboost|p1b: Torterra|spd|1
|faint|p2b: Duarte
|
|-weather|RainDance|[upkeep]
|upkeep
|
|t:|1783479856
|switch|p2b: Chad|Swampert, L50, M|100/100
|turn|3
|inactive|BeatrizPinzon has 30 seconds left.
|
|t:|1783479883
|switch|p1a: Farigiraf|Farigiraf, L50, M|100/100
|switch|p2a: Natalia|Sylveon, L50, M|100/100
|detailschange|p2b: Chad|Swampert-Mega, L50, M
|-mega|p2b: Chad|Swampert|Swampertite
|move|p2b: Chad|Wave Crash|p1b: Torterra
|-damage|p1b: Torterra|34/100
|-damage|p2b: Chad|75/100|[from] Recoil
|move|p1b: Torterra|Wood Hammer|p2b: Chad
|-supereffective|p2b: Chad|2
|-damage|p2b: Chad|0 fnt
|faint|p2b: Chad
|-damage|p1b: Torterra|11/100|[from] Recoil
|
|-weather|RainDance|[upkeep]
|-heal|p1b: Torterra|17/100|[from] item: Leftovers
|upkeep
|
|t:|1783479898
|switch|p2b: Top G|Sableye, L50, M|100/100
|turn|4
|
|t:|1783479918
|move|p1b: Torterra|Wide Guard|p1b: Torterra
|-singleturn|p1b: Torterra|Wide Guard
|move|p2b: Top G|Light Screen|p2b: Top G
|-sidestart|p2: BeatrizPinzon|move: Light Screen
|move|p2a: Natalia|Hyper Voice|p1a: Farigiraf|[spread] 
|-activate|p1a: Farigiraf|move: Wide Guard
|-activate|p1b: Torterra|move: Wide Guard
|move|p1a: Farigiraf|Hyper Voice|p2a: Natalia|[spread] p2a
|-immune|p2b: Top G
|-damage|p2a: Natalia|84/100
|
|-weather|RainDance|[upkeep]
|-heal|p1b: Torterra|23/100|[from] item: Leftovers
|upkeep
|turn|5
|inactive|BeatrizPinzon has 30 seconds left.
|
|t:|1783479946
|move|p1a: Farigiraf|Protect|p1a: Farigiraf
|-singleturn|p1a: Farigiraf|Protect
|move|p2b: Top G|Rain Dance||[still]
|-fail|p2b: Top G
|move|p2a: Natalia|Hyper Voice|p1a: Farigiraf|[spread] p1b
|-activate|p1a: Farigiraf|move: Protect
|-damage|p1b: Torterra|0 fnt
|faint|p1b: Torterra
|
|-weather|RainDance|[upkeep]
|-sideend|p2: BeatrizPinzon|Reflect
|upkeep
|
|t:|1783479959
|switch|p1b: Scrafty|Scrafty-Mega, L50, M|25/100
|-ability|p1b: Scrafty|Intimidate|boost
|-unboost|p2a: Natalia|atk|1
|-unboost|p2b: Top G|atk|1
|turn|6
|
|t:|1783479972
|move|p2b: Top G|Rain Dance||[still]
|-fail|p2b: Top G
|move|p1b: Scrafty|Throat Chop|p2a: Natalia
|-resisted|p2a: Natalia|1
|-damage|p2a: Natalia|60/100
|-start|p2a: Natalia|Throat Chop|[silent]
|cant|p2a: Natalia|move: Throat Chop
|move|p1a: Farigiraf|Hyper Voice|p2a: Natalia|[spread] p2a
|-immune|p2b: Top G
|-damage|p2a: Natalia|43/100
|
|-weather|none
|upkeep
|turn|7
|
|t:|1783479991
|switch|p1b: Gholdengo|Gholdengo, L50|100/100
|move|p2b: Top G|Reflect|p2b: Top G
|-sidestart|p2: BeatrizPinzon|Reflect
|move|p2a: Natalia|Hyper Beam|p1a: Farigiraf
|-damage|p1a: Farigiraf|0 fnt
|-mustrecharge|p2a: Natalia
|faint|p1a: Farigiraf
|
|-end|p2a: Natalia|Throat Chop|[silent]
|upkeep
|
|t:|1783479997
|switch|p1a: Scrafty|Scrafty-Mega, L50, M|25/100
|-ability|p1a: Scrafty|Intimidate|boost
|-unboost|p2a: Natalia|atk|1
|-unboost|p2b: Top G|atk|1
|turn|8
|
|t:|1783480003
|move|p2b: Top G|Rain Dance|p2b: Top G
|-weather|RainDance
|move|p1b: Gholdengo|Make It Rain|p2a: Natalia|[spread] p2a,p2b
|-supereffective|p2a: Natalia|1
|-damage|p2a: Natalia|0 fnt
|-damage|p2b: Top G|51/100
|-unboost|p1b: Gholdengo|spa|2
|faint|p2a: Natalia
|-damage|p1b: Gholdengo|90/100|[from] item: Life Orb
|move|p1a: Scrafty|Throat Chop|p2b: Top G
|-damage|p2b: Top G|10/100
|-start|p2b: Top G|Throat Chop|[silent]
|
|-weather|RainDance|[upkeep]
|-sideend|p2: BeatrizPinzon|move: Light Screen
|upkeep
|turn|9
|
|t:|1783480016
|move|p2b: Top G|Light Screen|p2b: Top G
|-sidestart|p2: BeatrizPinzon|move: Light Screen
|move|p1b: Gholdengo|Shadow Ball|p2b: Top G
|-damage|p2b: Top G|0 fnt
|faint|p2b: Top G
|-damage|p1b: Gholdengo|80/100|[from] item: Life Orb
|
|win|Treit_3
||BeatrizPinzon is ready for game 2.
|inactive|Treit_3 has 30 seconds to confirm battle start!
|inactive|Treit_3 has 20 seconds to confirm battle start!
||Treit_3 is ready for game 2.
|uhtml|next|Next: Game 2 of 3
|l|☆BeatrizPinzon
|player|p2|
