|j|☆Houndoom0229
|j|☆NyulaDraws
|html|Houndoom0229NyulaDraws    
|uhtml|bestof|Game 1 of a best-of-3
|t:|1783440089
|gametype|doubles
|player|p1|Houndoom0229|265|1040
|player|p2|NyulaDraws|backpacker|1155
|gen|9
|tier|[Gen 9 Champions] VGC 2026 Reg M-B (Bo3)
|rated|
|rule|Species Clause: Limit one of each Pokémon
|rule|Item Clause: Limit 1 of each item
|clearpoke
|poke|p1|Tsareena, L50, F|
|poke|p1|Tinkaton, L50, F|
|poke|p1|Venusaur, L50, M|
|poke|p1|Tauros-Paldea-Aqua, L50, M|
|poke|p1|Houndoom, L50, F|
|poke|p1|Noivern, L50, M|
|poke|p2|Blastoise, L50, F|
|poke|p2|Delphox, L50, F, shiny|
|poke|p2|Incineroar, L50, M|
|poke|p2|Sneasler, L50, F|
|poke|p2|Sinistcha, L50|
|poke|p2|Maushold-Four, L50|
|teampreview|4
|showteam|p1|Tsareena||ChoiceScarf|QueenlyMajesty|TropKick,Uturn,ZenHeadbutt,TripleAxel|Jolly||F|||50|]Tinkaton||OccaBerry|MoldBreaker|FakeOut,GigatonHammer,HelpingHand,PlayRough|Adamant||F|||50|]Venusaur||Venusaurite|Chlorophyll|SludgeWave,EnergyBall,EarthPower,Protect|Modest||M|||50|]Tauros-Paldea-Aqua||WhiteHerb|Intimidate|RagingBull,CloseCombat,WildCharge,RockSlide|Jolly||M|||50|]Houndoom||Houndoominite|EarlyBird|HeatWave,DarkPulse,Roar,Protect|Timid||F|||50|]Noivern||FocusSash|Telepathy|AirCutter,Tailwind,Protect,SunnyDay|Timid||M|||50|
|showteam|p2|Blastoise||Blastoisinite|RainDish|WaterSpout,DarkPulse,ShellSmash,Protect|Modest||F|||50|]Delphox||Delphoxite|Blaze|HeatWave,Psyshock,NastyPlot,Protect|Timid||F|||50|]Incineroar||SitrusBerry|Intimidate|FakeOut,FlareBlitz,ThroatChop,PartingShot|Impish||M|||50|]Sneasler||FocusSash|PoisonTouch|FakeOut,CloseCombat,DireClaw,QuickGuard|Jolly||F|||50|]Sinistcha||KasibBerry|Hospitality|MatchaGotcha,LifeDew,RagePowder,Protect|Bold|||||50|]Maushold-Four||ChopleBerry|FriendGuard|SuperFang,Feint,FollowMe,SunnyDay|Impish|||||50|
|inactive|Battle timer is ON: inactive players will automatically lose when time's up. (requested by Houndoom0229)
|
|t:|1783440140
|teamsize|p1|4
|teamsize|p2|4
|start
|switch|p1a: Noivern|Noivern, L50, M|100/100
|switch|p1b: Tinkaton|Tinkaton, L50, F|100/100
|switch|p2a: Delphox|Delphox, L50, F, shiny|100/100
|switch|p2b: Incineroar|Incineroar, L50, M|100/100
|-ability|p1b: Tinkaton|Mold Breaker
|-ability|p2b: Incineroar|Intimidate|boost
|-unboost|p1a: Noivern|atk|1
|-unboost|p1b: Tinkaton|atk|1
|turn|1
|inactive|Houndoom0229 has 30 seconds left.
|inactive|NyulaDraws has 30 seconds left.
|
|t:|1783440173
|move|p2a: Delphox|Protect|p2a: Delphox
|-singleturn|p2a: Delphox|Protect
|move|p1b: Tinkaton|Fake Out|p2a: Delphox
|-activate|p2a: Delphox|move: Protect
|move|p2b: Incineroar|Fake Out|p1a: Noivern
|-crit|p1a: Noivern
|-damage|p1a: Noivern|78/100
|cant|p1a: Noivern|flinch
|
|upkeep
|turn|2
|inactive|NyulaDraws has 30 seconds left.
|inactive|NyulaDraws has 20 seconds left.
|inactive|NyulaDraws has 15 seconds left.
|inactive|NyulaDraws has 10 seconds left.
|
|t:|1783440223
|switch|p1b: Tauros|Tauros-Paldea-Aqua, L50, M|100/100
|-ability|p1b: Tauros|Intimidate|boost
|-unboost|p2a: Delphox|atk|1
|-unboost|p2b: Incineroar|atk|1
|detailschange|p2a: Delphox|Delphox-Mega, L50, F, shiny
|-mega|p2a: Delphox|Delphox|Delphoxite
|move|p2a: Delphox|Nasty Plot|p2a: Delphox
|-boost|p2a: Delphox|spa|2
|move|p1a: Noivern|Tailwind|p1a: Noivern
|-sidestart|p1: Houndoom0229|move: Tailwind
|move|p2b: Incineroar|Flare Blitz|p1b: Tauros
|-resisted|p1b: Tauros|1
|-damage|p1b: Tauros|80/100
|-status|p1b: Tauros|brn
|-damage|p2b: Incineroar|95/100|[from] Recoil
|
|-damage|p1b: Tauros|75/100 brn|[from] brn
|upkeep
|turn|3
|inactive|Houndoom0229 has 30 seconds left.
|
|t:|1783440251
|move|p2a: Delphox|Protect|p2a: Delphox
|-singleturn|p2a: Delphox|Protect
|move|p1a: Noivern|Air Cutter|p2a: Delphox|[spread] p2b
|-activate|p2a: Delphox|move: Protect
|-damage|p2b: Incineroar|77/100
|move|p1b: Tauros|Rock Slide|p2b: Incineroar|[spread] p2b
|-activate|p2a: Delphox|move: Protect
|-supereffective|p2b: Incineroar|1
|-damage|p2b: Incineroar|65/100
|cant|p2b: Incineroar|flinch
|
|-damage|p1b: Tauros|69/100 brn|[from] brn
|upkeep
|turn|4
|
|t:|1783440274
|switch|p2b: Sinistcha|Sinistcha, L50|100/100
|move|p1a: Noivern|Air Cutter|p2b: Sinistcha|[spread] p2a,p2b
|-supereffective|p2b: Sinistcha|1
|-crit|p2b: Sinistcha
|-damage|p2a: Delphox|83/100
|-damage|p2b: Sinistcha|46/100
|move|p1b: Tauros|Rock Slide|p2a: Delphox|[spread] p2a,p2b
|-supereffective|p2a: Delphox|1
|-damage|p2a: Delphox|62/100
|-damage|p2b: Sinistcha|39/100
|move|p2a: Delphox|Psyshock|p1b: Tauros
|-supereffective|p1b: Tauros|1
|-damage|p1b: Tauros|0 fnt
|faint|p1b: Tauros
|
|upkeep
|
|t:|1783440293
|switch|p1b: Houndoom|Houndoom, L50, F|100/100
|turn|5
|
|t:|1783440319
|switch|p2b: Incineroar|Incineroar, L50, M|65/100
|-ability|p2b: Incineroar|Intimidate|boost
|-unboost|p1a: Noivern|atk|1
|-unboost|p1b: Houndoom|atk|1
|detailschange|p1b: Houndoom|Houndoom-Mega, L50, F
|-mega|p1b: Houndoom|Houndoom|Houndoominite
|move|p2a: Delphox|Protect|p2a: Delphox
|-singleturn|p2a: Delphox|Protect
|move|p1a: Noivern|Air Cutter|p2a: Delphox|[spread] p2b
|-activate|p2a: Delphox|move: Protect
|-damage|p2b: Incineroar|46/100
|-enditem|p2b: Incineroar|Sitrus Berry|[eat]
|-heal|p2b: Incineroar|71/100|[from] item: Sitrus Berry
|move|p1b: Houndoom|Dark Pulse|p2a: Delphox
|-activate|p2a: Delphox|move: Protect
|
|-sideend|p1: Houndoom0229|move: Tailwind
|upkeep
|turn|6
|inactive|NyulaDraws has 30 seconds left.
|
|t:|1783440345
|move|p2b: Incineroar|Fake Out|p1b: Houndoom
|-damage|p1b: Houndoom|86/100
|move|p2a: Delphox|Heat Wave|p1a: Noivern|[spread] p1a,p1b
|-resisted|p1a: Noivern|1
|-resisted|p1b: Houndoom|1
|-damage|p1a: Noivern|27/100
|-damage|p1b: Houndoom|40/100
|move|p1a: Noivern|Tailwind|p1a: Noivern
|-sidestart|p1: Houndoom0229|move: Tailwind
|cant|p1b: Houndoom|flinch
|
|upkeep
|turn|7
|
|t:|1783440358
|switch|p2b: Sinistcha|Sinistcha, L50|39/100
|-heal|p2a: Delphox|87/100|[from] ability: Hospitality|[of] p2b: Sinistcha
|move|p2a: Delphox|Protect|p2a: Delphox
|-singleturn|p2a: Delphox|Protect
|move|p1a: Noivern|Air Cutter|p2a: Delphox|[spread] p2b
|-activate|p2a: Delphox|move: Protect
|-supereffective|p2b: Sinistcha|1
|-damage|p2b: Sinistcha|5/100
|move|p1b: Houndoom|Heat Wave|p2b: Sinistcha|[spread] p2b
|-activate|p2a: Delphox|move: Protect
|-supereffective|p2b: Sinistcha|1
|-damage|p2b: Sinistcha|0 fnt
|faint|p2b: Sinistcha
|
|upkeep
|
|t:|1783440375
|switch|p2b: Incineroar|Incineroar, L50, M|71/100
|-ability|p2b: Incineroar|Intimidate|boost
|-unboost|p1a: Noivern|atk|1
|-unboost|p1b: Houndoom|atk|1
|turn|8
|
|t:|1783440389
|switch|p1a: Tinkaton|Tinkaton, L50, F|100/100
|-ability|p1a: Tinkaton|Mold Breaker
|move|p1b: Houndoom|Protect|p1b: Houndoom
|-singleturn|p1b: Houndoom|Protect
|move|p2b: Incineroar|Fake Out|p1b: Houndoom
|-activate|p1b: Houndoom|move: Protect
|move|p2a: Delphox|Heat Wave|p1a: Tinkaton|[spread] p1a
|-activate|p1b: Houndoom|move: Protect
|-supereffective|p1a: Tinkaton|1
|-enditem|p1a: Tinkaton|Occa Berry|[eat]
|-enditem|p1a: Tinkaton|Occa Berry|[weaken]
|-damage|p1a: Tinkaton|31/100
|
|upkeep
|turn|9
|
|t:|1783440407
|move|p1a: Tinkaton|Helping Hand|p1b: Houndoom
|-singleturn|p1b: Houndoom|Helping Hand|[of] p1a: Tinkaton
|move|p2a: Delphox|Protect|p2a: Delphox
|-singleturn|p2a: Delphox|Protect
|move|p1b: Houndoom|Dark Pulse|p2b: Incineroar
|-resisted|p2b: Incineroar|1
|-damage|p2b: Incineroar|43/100
|move|p2b: Incineroar|Parting Shot|p1b: Houndoom
|-unboost|p1b: Houndoom|atk|1
|-unboost|p1b: Houndoom|spa|1
|
|t:|1783440416
|switch|p2b: Maushold|Maushold-Four, L50|100/100|[from] Parting Shot
|
|-sideend|p1: Houndoom0229|move: Tailwind
|upkeep
|turn|10
|inactive|Houndoom0229 has 30 seconds left.
|-message|Houndoom0229 forfeited.
|
|win|NyulaDraws
|l|☆Houndoom0229
|player|p1|
|raw|Houndoom0229's rating: 1027 → 1018(-9 for losing)
|raw|NyulaDraws's rating: 1155 → 1171(+16 for winning)
