|j|☆DonDeLenguas
|j|☆rodjilius
|html|DonDeLenguasrodjilius    
|uhtml|bestof|Game 2 of a best-of-3
|t:|1756313149
|gametype|doubles
|player|p1|DonDeLenguas|266|1211
|player|p2|rodjilius|unknown|1357
|gen|9
|tier|[Gen 9] VGC 2025 Reg H (Bo3)
|rated|
|rule|Species Clause: Limit one of each Pokémon
|rule|Item Clause: Limit 1 of each item
|clearpoke
|poke|p1|Kilowattrel, L50, F|
|poke|p1|Garchomp, L50, F|
|poke|p1|Gardevoir, L50, M|
|poke|p1|Incineroar, L50, F|
|poke|p1|Gholdengo, L50|
|poke|p1|Weezing, L50, F|
|poke|p2|Dragapult, L50, F|
|poke|p2|Sneasler, L50, M|
|poke|p2|Indeedee, L50, M|
|poke|p2|Incineroar, L50, M|
|poke|p2|Typhlosion-Hisui, L50, F|
|poke|p2|Whimsicott, L50, F|
|teampreview|4
|showteam|p1|Kilowattrel||FocusSash|Competitive|Protect,Tailwind,AirSlash,Discharge|||F|||50|,,,,,Ghost]Garchomp||LifeOrb|RoughSkin|Protect,DragonClaw,StompingTantrum,Earthquake|||F|||50|,,,,,Ground]Gardevoir||ChoiceScarf|Telepathy|Moonblast,DazzlingGleam,ExpandingForce,MysticalFire|||M|||50|,,,,,Fire]Incineroar||AbilityShield|Intimidate|FakeOut,FlareBlitz,KnockOff,PartingShot|||F|||50|,,,,,Grass]Gholdengo||AirBalloon|GoodasGold|Protect,ShadowBall,MakeItRain,NastyPlot||||||50|,,,,,Flying]Weezing||SitrusBerry|NeutralizingGas|Protect,SludgeBomb,WillOWisp,Haze|||F|||50|,,,,,Water
|showteam|p2|Dragapult||ChoiceBand|ClearBody|DragonDarts,PhantomForce,Uturn,Outrage|||F|||50|,,,,,Dragon]Sneasler||PsychicSeed|Unburden|DireClaw,CloseCombat,Protect,ThroatChop|||M|||50|,,,,,Dark]Indeedee||FocusSash|PsychicSurge|ExpandingForce,Imprison,TeraBlast,TrickRoom|||M|||50|,,,,,Fighting]Incineroar||SafetyGoggles|Intimidate|FakeOut,FlareBlitz,KnockOff,PartingShot|||M|||50|,,,,,Bug]Typhlosion-Hisui||ChoiceSpecs|Blaze|Eruption,HeatWave,ShadowBall,Overheat|||F|||50|,,,,,Fire]Whimsicott||CovertCloak|Prankster|Moonblast,Protect,Tailwind,SunnyDay|||F|||50|,,,,,Steel
|inactive|Battle timer is ON: inactive players will automatically lose when time's up. (requested by rodjilius)
|
|t:|1756313179
|teamsize|p1|4
|teamsize|p2|4
|start
|switch|p1a: Incineroar|Incineroar, L50, F|100/100
|switch|p1b: Weezing|Weezing, L50, F|100/100
|switch|p2a: Dragapult|Dragapult, L50, F|100/100
|switch|p2b: Whimsicott|Whimsicott, L50, F|100/100
|-ability|p1b: Weezing|Neutralizing Gas
|-block|p1a: Incineroar|item: Ability Shield
|-ability|p1a: Incineroar|Intimidate|boost
|-unboost|p2a: Dragapult|atk|1
|-unboost|p2b: Whimsicott|atk|1
|turn|1
|l|☆rodjilius
|inactive|rodjilius disconnected and has a minute to reconnect!
|player|p2|
|j|☆rodjilius
|inactive|rodjilius reconnected and has 40 seconds left.
|player|p2|rodjilius|unknown|
|
|t:|1756313200
|move|p2b: Whimsicott|Protect|p2b: Whimsicott
|-singleturn|p2b: Whimsicott|Protect
|move|p2a: Dragapult|U-turn|p1a: Incineroar
|-damage|p1a: Incineroar|83/100
|
|t:|1756313209
|switch|p2a: Indeedee|Indeedee, L50, M|100/100|[from] U-turn
|move|p1b: Weezing|Will-O-Wisp|p2a: Indeedee
|-status|p2a: Indeedee|brn
|move|p1a: Incineroar|Knock Off|p2a: Indeedee
|-supereffective|p2a: Indeedee
|-enditem|p2a: Indeedee|Focus Sash
|-damage|p2a: Indeedee|1/100 brn
|
|-damage|p2a: Indeedee|0 fnt|[from] brn
|faint|p2a: Indeedee
|upkeep
|
|t:|1756313225
|switch|p2a: Sneasler|Sneasler, L50, M|100/100
|turn|2
|
|t:|1756313236
|switch|p1a: Garchomp|Garchomp, L50, F|100/100
|-terastallize|p2b: Whimsicott|Steel
|move|p2a: Sneasler|Close Combat|p1a: Garchomp
|-damage|p1a: Garchomp|42/100
|-unboost|p2a: Sneasler|def|1
|-unboost|p2a: Sneasler|spd|1
|move|p2b: Whimsicott|Tailwind|p2b: Whimsicott
|-sidestart|p2: rodjilius|move: Tailwind
|move|p1b: Weezing|Will-O-Wisp|p2a: Sneasler
|-status|p2a: Sneasler|brn
|
|-damage|p2a: Sneasler|94/100 brn|[from] brn
|upkeep
|turn|3
|
|t:|1756313259
|move|p1b: Weezing|Protect|p1b: Weezing
|-singleturn|p1b: Weezing|Protect
|move|p2a: Sneasler|Close Combat|p1a: Garchomp
|-damage|p1a: Garchomp|15/100
|-unboost|p2a: Sneasler|def|1
|-unboost|p2a: Sneasler|spd|1
|move|p2b: Whimsicott|Moonblast|p1a: Garchomp
|-supereffective|p1a: Garchomp
|-damage|p1a: Garchomp|0 fnt
|faint|p1a: Garchomp
|
|-damage|p2a: Sneasler|88/100 brn|[from] brn
|upkeep
|
|t:|1756313268
|switch|p1a: Incineroar|Incineroar, L50, F|83/100
|-ability|p1a: Incineroar|Intimidate|boost
|-unboost|p2a: Sneasler|atk|1
|-unboost|p2b: Whimsicott|atk|1
|turn|4
|
|t:|1756313284
|move|p2a: Sneasler|Close Combat|p1a: Incineroar
|-supereffective|p1a: Incineroar
|-damage|p1a: Incineroar|56/100
|-unboost|p2a: Sneasler|def|1
|-unboost|p2a: Sneasler|spd|1
|move|p2b: Whimsicott|Moonblast|p1a: Incineroar
|-damage|p1a: Incineroar|21/100
|-unboost|p1a: Incineroar|spa|1
|move|p1b: Weezing|Will-O-Wisp|p2a: Sneasler
|-fail|p2a: Sneasler|brn
|move|p1a: Incineroar|Flare Blitz|p2b: Whimsicott
|-supereffective|p2b: Whimsicott
|-damage|p2b: Whimsicott|0 fnt
|faint|p2b: Whimsicott
|-damage|p1a: Incineroar|0 fnt|[from] Recoil
|faint|p1a: Incineroar
|
|-damage|p2a: Sneasler|82/100 brn|[from] brn
|upkeep
|
|t:|1756313303
|switch|p2b: Dragapult|Dragapult, L50, F|100/100
|switch|p1a: Gardevoir|Gardevoir, L50, M|100/100
|turn|5
|
|t:|1756313316
|-terastallize|p1a: Gardevoir|Fire
|move|p2b: Dragapult|Phantom Force||[still]
|-prepare|p2b: Dragapult|Phantom Force
|move|p2a: Sneasler|Dire Claw|p1a: Gardevoir
|-damage|p1a: Gardevoir|80/100
|-status|p1a: Gardevoir|par
|move|p1a: Gardevoir|Moonblast|p2a: Sneasler
|-damage|p2a: Sneasler|0 fnt
|faint|p2a: Sneasler
|move|p1b: Weezing|Will-O-Wisp|p2b: Dragapult|[miss]
|-miss|p1b: Weezing|p2b: Dragapult
|
|-sideend|p2: rodjilius|move: Tailwind
|upkeep
|turn|6
|
|t:|1756313329
|move|p2b: Dragapult|Phantom Force|p1a: Gardevoir|[from] lockedmove
|-damage|p1a: Gardevoir|0 fnt
|faint|p1a: Gardevoir
|move|p1b: Weezing|Will-O-Wisp|p2b: Dragapult|[miss]
|-miss|p1b: Weezing|p2b: Dragapult
|
|upkeep
|turn|7
|inactive|DonDeLenguas has 30 seconds left.
|inactive|DonDeLenguas has 20 seconds left.
|
|t:|1756313366
|move|p2b: Dragapult|Phantom Force||[still]
|-prepare|p2b: Dragapult|Phantom Force
|move|p1b: Weezing|Will-O-Wisp|p2b: Dragapult|[miss]
|-miss|p1b: Weezing|p2b: Dragapult
|
|upkeep
|turn|8
|
|t:|1756313372
|move|p2b: Dragapult|Phantom Force|p1b: Weezing|[from] lockedmove
|-damage|p1b: Weezing|46/100
|-enditem|p1b: Weezing|Sitrus Berry|[eat]
|-heal|p1b: Weezing|70/100|[from] item: Sitrus Berry
|move|p1b: Weezing|Will-O-Wisp|p2b: Dragapult
|-status|p2b: Dragapult|brn
|
|-damage|p2b: Dragapult|94/100 brn|[from] brn
|upkeep
|turn|9
|
|t:|1756313379
|move|p2b: Dragapult|Phantom Force||[still]
|-prepare|p2b: Dragapult|Phantom Force
|move|p1b: Weezing|Sludge Bomb|p2b: Dragapult|[miss]
|-miss|p1b: Weezing|p2b: Dragapult
|
|-damage|p2b: Dragapult|88/100 brn|[from] brn
|upkeep
|turn|10
|
|t:|1756313383
|move|p2b: Dragapult|Phantom Force|p1b: Weezing|[from] lockedmove
|-damage|p1b: Weezing|43/100
|move|p1b: Weezing|Sludge Bomb|p2b: Dragapult
|-resisted|p2b: Dragapult
|-damage|p2b: Dragapult|68/100 brn
|
|-damage|p2b: Dragapult|62/100 brn|[from] brn
|upkeep
|turn|11
|
|t:|1756313390
|move|p2b: Dragapult|Phantom Force||[still]
|-prepare|p2b: Dragapult|Phantom Force
|move|p1b: Weezing|Sludge Bomb|p2b: Dragapult|[miss]
|-miss|p1b: Weezing|p2b: Dragapult
|
|-damage|p2b: Dragapult|56/100 brn|[from] brn
|upkeep
|turn|12
|
|t:|1756313394
|move|p2b: Dragapult|Phantom Force|p1b: Weezing|[from] lockedmove
|-damage|p1b: Weezing|19/100
|move|p1b: Weezing|Sludge Bomb|p2b: Dragapult
|-resisted|p2b: Dragapult
|-damage|p2b: Dragapult|36/100 brn
|
|-damage|p2b: Dragapult|30/100 brn|[from] brn
|upkeep
|turn|13
|
|t:|1756313405
|move|p2b: Dragapult|Phantom Force||[still]
|-prepare|p2b: Dragapult|Phantom Force
|move|p1b: Weezing|Sludge Bomb|p2b: Dragapult|[miss]
|-miss|p1b: Weezing|p2b: Dragapult
|
|-damage|p2b: Dragapult|24/100 brn|[from] brn
|upkeep
|turn|14
|
|t:|1756313414
|move|p2b: Dragapult|Phantom Force|p1b: Weezing|[from] lockedmove
|-damage|p1b: Weezing|0 fnt
|faint|p1b: Weezing
|-end|p1b: Weezing|ability: Neutralizing Gas
|
|win|rodjilius
|raw|DonDeLenguas's rating: 1211 → 1196(-15 for losing)
|raw|rodjilius's rating: 1357 → 1369(+12 for winning)
|l|☆rodjilius
|player|p2|
|l|☆DonDeLenguas
|player|p1|
|j|☆rodjilius
|player|p2|rodjilius|unknown|
