|j|☆VGCambroz
|j|☆Giocostorto
|html|VGCambrozGiocostorto    
|uhtml|bestof|Game 1 of a best-of-3
|t:|1756456098
|gametype|doubles
|player|p1|VGCambroz|alder|1258
|player|p2|Giocostorto|palmer|1152
|gen|9
|tier|[Gen 9] VGC 2025 Reg H (Bo3)
|rated|
|rule|Species Clause: Limit one of each Pokémon
|rule|Item Clause: Limit 1 of each item
|clearpoke
|poke|p1|Annihilape, L50, F|
|poke|p1|Gholdengo, L50|
|poke|p1|Ursaluna-Bloodmoon, L50, M|
|poke|p1|Dragonite, L50, F|
|poke|p1|Maushold-Four, L50|
|poke|p1|Grimmsnarl, L50, M|
|poke|p2|Oricorio-Pom-Pom, L50, F|
|poke|p2|Volcarona, L50, F|
|poke|p2|Maushold, L50|
|poke|p2|Annihilape, L50, F|
|poke|p2|Basculegion, L50, M|
|poke|p2|Farigiraf, L50, F|
|teampreview|4
|showteam|p1|Annihilape||Leftovers|Defiant|BulkUp,Protect,DrainPunch,RageFist|||F|||50|,,,,,Water]Gholdengo||MetalCoat|GoodasGold|NastyPlot,Protect,MakeItRain,ShadowBall||||||50|,,,,,Dragon]Ursaluna-Bloodmoon||AssaultVest|MindsEye|BloodMoon,HyperVoice,EarthPower,VacuumWave|||M|||50|,,,,,Ghost]Dragonite||LoadedDice|Multiscale|ScaleShot,StompingTantrum,Haze,Protect|||F|||50|,,,,,Fairy]Maushold-Four||SafetyGoggles|FriendGuard|FollowMe,BeatUp,Taunt,Protect||||||50|,,,,,Ghost]Grimmsnarl||CovertCloak|Prankster|Reflect,LightScreen,SpiritBreak,ThunderWave|||M|||50|,,,,,Steel
|showteam|p2|Oricorio-Pom-Pom||FocusSash|Dancer|Hurricane,RevelationDance,Tailwind,Protect|||F|||50|,,,,,Ghost]Volcarona||CovertCloak|FlameBody|FieryDance,TeraBlast,QuiverDance,Protect|||F|||50|,,,,,Fairy]Maushold||SafetyGoggles|FriendGuard|BeatUp,Taunt,FollowMe,Protect||||||50|,,,,,Ghost]Annihilape||SitrusBerry|Defiant|Protect,BulkUp,DrainPunch,RageFist|||F|||50|,,,,,Fire]Basculegion||ChoiceScarf|Adaptability|WaveCrash,LastRespects,FlipTurn,AquaJet|||M|||50|,,,,,Water]Farigiraf||ThroatSpray|ArmorTail|Psychic,HyperVoice,TrickRoom,Imprison|||F|||50|,,,,,Fairy
|inactive|Battle timer is ON: inactive players will automatically lose when time's up. (requested by Giocostorto)
|inactive|VGCambroz has 60 seconds left.
|inactive|Giocostorto has 60 seconds left.
|inactive|VGCambroz has 30 seconds left.
|inactive|VGCambroz has 20 seconds left.
|inactive|VGCambroz has 15 seconds left.
|inactive|VGCambroz has 10 seconds left.
|
|t:|1756456185
|teamsize|p1|4
|teamsize|p2|4
|start
|switch|p1a: Grimmsnarl|Grimmsnarl, L50, M|100/100
|switch|p1b: Dragonite|Dragonite, L50, F|100/100
|switch|p2a: Oricorio|Oricorio-Pom-Pom, L50, F|100/100
|switch|p2b: Basculegion|Basculegion, L50, M|100/100
|turn|1
|inactive|Giocostorto has 30 seconds left.
|inactive|Giocostorto has 20 seconds left.
|
|t:|1756456225
|move|p1a: Grimmsnarl|Reflect|p1a: Grimmsnarl
|-sidestart|p1: VGCambroz|Reflect
|move|p2b: Basculegion|Flip Turn|p1a: Grimmsnarl
|-damage|p1a: Grimmsnarl|78/100
|
|t:|1756456228
|switch|p2b: Maushold|Maushold, L50|100/100|[from] Flip Turn
|move|p2a: Oricorio|Tailwind|p2a: Oricorio
|-sidestart|p2: Giocostorto|move: Tailwind
|move|p1b: Dragonite|Scale Shot|p2a: Oricorio
|-damage|p2a: Oricorio|84/100
|-damage|p2a: Oricorio|69/100
|-damage|p2a: Oricorio|52/100
|-damage|p2a: Oricorio|36/100
|-damage|p2a: Oricorio|19/100
|-hitcount|p2a: Oricorio|5
|-unboost|p1b: Dragonite|def|1
|-boost|p1b: Dragonite|spe|1
|
|upkeep
|turn|2
|inactive|Giocostorto has 30 seconds left.
|inactive|VGCambroz has 30 seconds left.
|inactive|Giocostorto has 20 seconds left.
|
|t:|1756456266
|switch|p2a: Annihilape|Annihilape, L50, F|100/100
|move|p1a: Grimmsnarl|Light Screen|p1a: Grimmsnarl
|-sidestart|p1: VGCambroz|move: Light Screen
|move|p2b: Maushold|Beat Up|p2a: Annihilape
|-damage|p2a: Annihilape|99/100
|-damage|p2a: Annihilape|97/100
|-damage|p2a: Annihilape|95/100
|-damage|p2a: Annihilape|93/100
|-hitcount|p2a: Annihilape|4
|move|p1b: Dragonite|Scale Shot|p2b: Maushold
|-damage|p2b: Maushold|83/100
|-damage|p2b: Maushold|65/100
|-damage|p2b: Maushold|49/100
|-damage|p2b: Maushold|33/100
|-hitcount|p2b: Maushold|4
|-unboost|p1b: Dragonite|def|1
|-boost|p1b: Dragonite|spe|1
|
|upkeep
|turn|3
|inactive|VGCambroz has 30 seconds left.
|inactive|Giocostorto has 30 seconds left.
|
|t:|1756456300
|move|p2b: Maushold|Follow Me|p2b: Maushold
|-singleturn|p2b: Maushold|move: Follow Me
|move|p1a: Grimmsnarl|Thunder Wave|p2b: Maushold
|-status|p2b: Maushold|par
|move|p2a: Annihilape|Bulk Up|p2a: Annihilape
|-boost|p2a: Annihilape|atk|1
|-boost|p2a: Annihilape|def|1
|move|p1b: Dragonite|Scale Shot|p2b: Maushold
|-damage|p2b: Maushold|16/100 par
|-damage|p2b: Maushold|0 fnt
|faint|p2b: Maushold
|-hitcount|p2: Maushold|2
|-unboost|p1b: Dragonite|def|1
|-boost|p1b: Dragonite|spe|1
|
|upkeep
|
|t:|1756456309
|switch|p2b: Basculegion|Basculegion, L50, M|100/100
|turn|4
|
|t:|1756456333
|-terastallize|p2b: Basculegion|Water
|move|p1b: Dragonite|Protect|p1b: Dragonite
|-singleturn|p1b: Dragonite|Protect
|move|p1a: Grimmsnarl|Thunder Wave|p2a: Annihilape
|-status|p2a: Annihilape|par
|move|p2b: Basculegion|Wave Crash|p1a: Grimmsnarl
|-damage|p1a: Grimmsnarl|19/100
|-damage|p2b: Basculegion|80/100|[from] Recoil
|move|p2a: Annihilape|Rage Fist|p1b: Dragonite
|-activate|p1b: Dragonite|move: Protect
|
|-sideend|p2: Giocostorto|move: Tailwind
|upkeep
|turn|5
|inactive|VGCambroz has 30 seconds left.
|
|t:|1756456367
|switch|p2b: Oricorio|Oricorio-Pom-Pom, L50, F|19/100
|move|p1a: Grimmsnarl|Thunder Wave|p2b: Oricorio
|-immune|p2b: Oricorio
|move|p1b: Dragonite|Scale Shot|p2b: Oricorio
|-damage|p2b: Oricorio|0 fnt
|faint|p2b: Oricorio
|-hitcount|p2: Oricorio|1
|-unboost|p1b: Dragonite|def|1
|-boost|p1b: Dragonite|spe|1
|cant|p2a: Annihilape|par
|
|-sideend|p1: VGCambroz|Reflect
|upkeep
|
|t:|1756456379
|switch|p2b: Basculegion|Basculegion, L50, M, tera:Water|80/100
|turn|6
|
|t:|1756456388
|move|p2b: Basculegion|Aqua Jet|p1a: Grimmsnarl
|-damage|p1a: Grimmsnarl|0 fnt
|faint|p1a: Grimmsnarl
|move|p1b: Dragonite|Scale Shot|p2b: Basculegion|[miss]
|-miss|p1b: Dragonite|p2b: Basculegion
|move|p2a: Annihilape|Rage Fist|p1b: Dragonite
|-damage|p1b: Dragonite|0 fnt
|faint|p1b: Dragonite
|
|-sideend|p1: VGCambroz|move: Light Screen
|upkeep
|
|t:|1756456393
|switch|p1b: Gholdengo|Gholdengo, L50|100/100
|switch|p1a: Annihilape|Annihilape, L50, F|100/100
|turn|7
|
|t:|1756456409
|move|p2b: Basculegion|Aqua Jet|p1b: Gholdengo
|-damage|p1b: Gholdengo|75/100
|move|p1a: Annihilape|Rage Fist|p2a: Annihilape
|-supereffective|p2a: Annihilape
|-damage|p2a: Annihilape|63/100 par
|move|p1b: Gholdengo|Shadow Ball|p2a: Annihilape
|-supereffective|p2a: Annihilape
|-damage|p2a: Annihilape|0 fnt
|faint|p2a: Annihilape
|
|upkeep
|turn|8
|-message|Giocostorto forfeited.
|
|win|VGCambroz
