|j|☆breloomb01
|j|☆CSQ17
|html|breloomb01CSQ17    
|uhtml|bestof|Game 2 of a best-of-3
|t:|1785793242
|gametype|doubles
|player|p1|breloomb01|roughneck|1252
|player|p2|CSQ17|169|1416
|gen|9
|tier|[Gen 9 Champions] VGC 2026 Reg M-B (Bo3)
|rated|
|rule|Species Clause: Limit one of each Pokémon
|rule|Item Clause: Limit 1 of each item
|clearpoke
|poke|p1|Floette-Eternal, L50, F|
|poke|p1|Incineroar, L50, F|
|poke|p1|Sinistcha, L50|
|poke|p1|Garchomp, L50, F|
|poke|p1|Sneasler, L50, M|
|poke|p1|Rotom-Wash, L50|
|poke|p2|Tyranitar, L50, M|
|poke|p2|Excadrill, L50, M|
|poke|p2|Milotic, L50, F|
|poke|p2|Sinistcha, L50|
|poke|p2|Staraptor, L50, F|
|poke|p2|Gholdengo, L50|
|teampreview|4
|showteam|p1|Floette-Eternal||Floettite|FlowerVeil|DrainingKiss,DazzlingGleam,CalmMind,Protect|Modest||F|||50|]Incineroar||SitrusBerry|Intimidate|FakeOut,FlareBlitz,ThroatChop,PartingShot|Careful||F|||50|]Sinistcha||KasibBerry|Hospitality|Protect,RagePowder,MatchaGotcha,TrickRoom|Calm|||||50|]Garchomp||LifeOrb|RoughSkin|Earthquake,DragonClaw,RockSlide,Protect|Jolly||F|||50|]Sneasler||WhiteHerb|Unburden|FakeOut,DireClaw,CloseCombat,Protect|Jolly||M|||50|]Rotom-Wash||Leftovers|Levitate|HydroPump,Protect,WillOWisp,Electroweb|Bold|||||50|
|showteam|p2|Tyranitar||Tyranitarite|SandStream|KnockOff,RockSlide,HighHorsepower,Protect|Jolly||M|||50|]Excadrill||FocusSash|SandRush|Earthquake,IronHead,RockSlide,Protect|Adamant||M|||50|]Milotic||SitrusBerry|Competitive|Scald,IcyWind,Haze,Protect|Calm||F|||50|]Sinistcha||ColburBerry|Hospitality|MatchaGotcha,ShadowBall,Protect,RagePowder|Bold|||||50|]Staraptor||Staraptite|Intimidate|CloseCombat,BraveBird,Tailwind,Protect|Jolly||F|||50|]Gholdengo||LifeOrb|GoodasGold|MakeItRain,ShadowBall,NastyPlot,Protect|Modest|||||50|
|inactive|Battle timer is ON: inactive players will automatically lose when time's up. (requested by CSQ17)
|inactive|CSQ17 has 60 seconds left.
|inactive|CSQ17 has 30 seconds left.
|inactive|CSQ17 has 20 seconds left.
|inactive|CSQ17 has 15 seconds left.
|inactive|CSQ17 has 10 seconds left.
|
|t:|1785793327
|teamsize|p1|4
|teamsize|p2|4
|start
|switch|p1a: Incineroar|Incineroar, L50, F|100/100
|switch|p1b: Sinistcha|Sinistcha, L50|100/100
|switch|p2a: Milotic|Milotic, L50, F|100/100
|switch|p2b: Gholdengo|Gholdengo, L50|100/100
|-ability|p1a: Incineroar|Intimidate|boost
|-unboost|p2a: Milotic|atk|1
|-ability|p2a: Milotic|Competitive|boost
|-boost|p2a: Milotic|spa|2
|-unboost|p2b: Gholdengo|atk|1
|turn|1
|inactive|CSQ17 has 30 seconds left.
|inactive|CSQ17 has 20 seconds left.
|
|t:|1785793363
|switch|p2b: Staraptor|Staraptor, L50, F|100/100
|-ability|p2b: Staraptor|Intimidate|boost
|-unboost|p1a: Incineroar|atk|1
|-unboost|p1b: Sinistcha|atk|1
|move|p2a: Milotic|Protect|p2a: Milotic
|-singleturn|p2a: Milotic|Protect
|move|p1b: Sinistcha|Matcha Gotcha|p2b: Staraptor|[spread] 
|-activate|p2a: Milotic|move: Protect
|-miss|p1b: Sinistcha|p2b: Staraptor
|move|p1a: Incineroar|Flare Blitz|p2b: Staraptor
|-damage|p2b: Staraptor|61/100
|-status|p2b: Staraptor|brn
|-damage|p1a: Incineroar|88/100|[from] Recoil
|
|-damage|p2b: Staraptor|55/100 brn|[from] brn
|upkeep
|turn|2
|inactive|CSQ17 has 30 seconds left.
|inactive|CSQ17 has 20 seconds left.
|inactive|CSQ17 has 15 seconds left.
|
|t:|1785793405
|switch|p1a: Rotom|Rotom-Wash, L50|100/100
|detailschange|p2b: Staraptor|Staraptor-Mega, L50, F
|-mega|p2b: Staraptor|Staraptor|Staraptite
|move|p2b: Staraptor|Tailwind|p2b: Staraptor
|-sidestart|p2: CSQ17|move: Tailwind
|move|p2a: Milotic|Icy Wind|p1a: Rotom|[spread] p1a,p1b
|-resisted|p1a: Rotom|1
|-supereffective|p1b: Sinistcha|1
|-damage|p1a: Rotom|90/100
|-damage|p1b: Sinistcha|66/100
|-unboost|p1a: Rotom|spe|1
|-unboost|p1b: Sinistcha|spe|1
|move|p1b: Sinistcha|Matcha Gotcha|p2b: Staraptor|[spread] 
|-miss|p1b: Sinistcha|p2a: Milotic
|-miss|p1b: Sinistcha|p2b: Staraptor
|
|-heal|p1a: Rotom|96/100|[from] item: Leftovers
|-damage|p2b: Staraptor|49/100 brn|[from] brn
|upkeep
|turn|3
|inactive|CSQ17 has 30 seconds left.
|inactive|CSQ17 has 20 seconds left.
|inactive|CSQ17 has 15 seconds left.
|inactive|CSQ17 has 10 seconds left.
|
|t:|1785793451
|switch|p2b: Sinistcha|Sinistcha, L50|100/100
|move|p2a: Milotic|Icy Wind|p1a: Rotom|[spread] p1a,p1b
|-resisted|p1a: Rotom|1
|-supereffective|p1b: Sinistcha|1
|-damage|p1a: Rotom|85/100
|-damage|p1b: Sinistcha|31/100
|-unboost|p1a: Rotom|spe|1
|-unboost|p1b: Sinistcha|spe|1
|move|p1a: Rotom|Will-O-Wisp|p2a: Milotic
|-status|p2a: Milotic|brn
|move|p1b: Sinistcha|Matcha Gotcha|p2b: Sinistcha|[spread] p2a,p2b
|-supereffective|p2a: Milotic|1
|-crit|p2a: Milotic
|-resisted|p2b: Sinistcha|1
|-damage|p2a: Milotic|52/100 brn
|-heal|p1b: Sinistcha|56/100|[from] drain|[of] p2a: Milotic
|-damage|p2b: Sinistcha|89/100
|-heal|p1b: Sinistcha|62/100|[from] drain|[of] p2b: Sinistcha
|
|-heal|p1a: Rotom|91/100|[from] item: Leftovers
|-damage|p2a: Milotic|46/100 brn|[from] brn
|upkeep
|-enditem|p2a: Milotic|Sitrus Berry|[eat]
|-heal|p2a: Milotic|71/100 brn|[from] item: Sitrus Berry
|turn|4
|inactive|breloomb01 has 30 seconds left.
|inactive|CSQ17 has 30 seconds left.
|inactive|CSQ17 has 20 seconds left.
|
|t:|1785793490
|switch|p2b: Gholdengo|Gholdengo, L50|100/100
|switch|p1a: Floette|Floette-Eternal, L50, F|100/100
|move|p2a: Milotic|Protect|p2a: Milotic
|-singleturn|p2a: Milotic|Protect
|move|p1b: Sinistcha|Matcha Gotcha|p2a: Milotic|[spread] p2b
|-activate|p2a: Milotic|move: Protect
|-resisted|p2b: Gholdengo|1
|-damage|p2b: Gholdengo|89/100
|-heal|p1b: Sinistcha|67/100|[from] drain|[of] p2b: Gholdengo
|
|-damage|p2a: Milotic|65/100 brn|[from] brn
|upkeep
|turn|5
|inactive|CSQ17 has 30 seconds left.
|
|t:|1785793520
|switch|p1a: Incineroar|Incineroar, L50, F|88/100
|-ability|p1a: Incineroar|Intimidate|boost
|-unboost|p2a: Milotic|atk|1
|-ability|p2a: Milotic|Competitive|boost
|-boost|p2a: Milotic|spa|2
|-unboost|p2b: Gholdengo|atk|1
|move|p2a: Milotic|Icy Wind|p1b: Sinistcha|[spread] p1a,p1b
|-resisted|p1a: Incineroar|1
|-supereffective|p1b: Sinistcha|1
|-damage|p1a: Incineroar|77/100
|-damage|p1b: Sinistcha|9/100
|-unboost|p1a: Incineroar|spe|1
|-unboost|p1b: Sinistcha|spe|1
|move|p2b: Gholdengo|Nasty Plot|p2b: Gholdengo
|-boost|p2b: Gholdengo|spa|2
|move|p1b: Sinistcha|Matcha Gotcha|p2a: Milotic|[spread] p2b
|-miss|p1b: Sinistcha|p2a: Milotic
|-resisted|p2b: Gholdengo|1
|-damage|p2b: Gholdengo|79/100
|-heal|p1b: Sinistcha|15/100|[from] drain|[of] p2b: Gholdengo
|
|-damage|p2a: Milotic|60/100 brn|[from] brn
|-sideend|p2: CSQ17|move: Tailwind
|upkeep
|turn|6
|c|☆breloomb01|4 misses is wild
|inactive|CSQ17 has 30 seconds left.
|inactive|CSQ17 has 20 seconds left.
|
|t:|1785793559
|switch|p1b: Rotom|Rotom-Wash, L50|91/100
|move|p2a: Milotic|Protect|p2a: Milotic
|-singleturn|p2a: Milotic|Protect
|move|p2b: Gholdengo|Protect|p2b: Gholdengo
|-singleturn|p2b: Gholdengo|Protect
|move|p1a: Incineroar|Flare Blitz|p2b: Gholdengo
|-activate|p2b: Gholdengo|move: Protect
|
|-heal|p1b: Rotom|97/100|[from] item: Leftovers
|-damage|p2a: Milotic|54/100 brn|[from] brn
|upkeep
|turn|7
|
|t:|1785793576
|move|p1b: Rotom|Electroweb|p2b: Gholdengo|[spread] p2b
|-miss|p1b: Rotom|p2a: Milotic
|-damage|p2b: Gholdengo|66/100
|-unboost|p2b: Gholdengo|spe|1
|move|p2a: Milotic|Scald|p1a: Incineroar
|-supereffective|p1a: Incineroar|1
|-damage|p1a: Incineroar|0 fnt
|faint|p1a: Incineroar
|move|p2b: Gholdengo|Shadow Ball|p1b: Rotom
|-damage|p1b: Rotom|0 fnt
|faint|p1b: Rotom
|-damage|p2b: Gholdengo|56/100|[from] item: Life Orb
|
|-damage|p2a: Milotic|48/100 brn|[from] brn
|upkeep
|
|t:|1785793589
|switch|p1b: Floette|Floette-Eternal, L50, F|100/100
|switch|p1a: Sinistcha|Sinistcha, L50|15/100
|turn|8
|
|t:|1785793609
|switch|p2a: Sinistcha|Sinistcha, L50|89/100
|-heal|p2b: Gholdengo|81/100|[from] ability: Hospitality|[of] p2a: Sinistcha
|detailschange|p1b: Floette|Floette-Mega, L50, F
|-mega|p1b: Floette|Floette|Floettite
|-ability|p1b: Floette|Fairy Aura
|move|p1b: Floette|Dazzling Gleam|p2a: Sinistcha|[spread] p2a,p2b
|-resisted|p2b: Gholdengo|1
|-damage|p2a: Sinistcha|39/100
|-damage|p2b: Gholdengo|59/100
|move|p1a: Sinistcha|Matcha Gotcha|p2b: Gholdengo|[spread] p2a,p2b
|-resisted|p2a: Sinistcha|1
|-resisted|p2b: Gholdengo|1
|-damage|p2a: Sinistcha|28/100
|-heal|p1a: Sinistcha|20/100y|[from] drain|[of] p2a: Sinistcha
|-damage|p2b: Gholdengo|48/100
|-heal|p1a: Sinistcha|26/100|[from] drain|[of] p2b: Gholdengo
|-status|p2a: Sinistcha|brn
|move|p2b: Gholdengo|Make It Rain|p1a: Sinistcha|[spread] p1a,p1b
|-supereffective|p1b: Floette|1
|-damage|p1a: Sinistcha|0 fnt
|-damage|p1b: Floette|0 fnt
|-unboost|p2b: Gholdengo|spa|2
|faint|p1a: Sinistcha
|faint|p1b: Floette
|-damage|p2b: Gholdengo|38/100|[from] item: Life Orb
|
|win|CSQ17
|raw|breloomb01's rating: 1252 → 1238(-14 for losing)
|raw|CSQ17's rating: 1416 → 1427(+11 for winning)
|l|☆CSQ17
|player|p2|
