|j|☆Taste the raynbow
|j|☆blfuller_4
|html|Taste the raynbowblfuller_4    
|uhtml|bestof|Game 1 of a best-of-3
|t:|1757912427
|gametype|doubles
|player|p1|Taste the raynbow|steven-masters2|1118
|player|p2|blfuller_4|skyla|1175
|gen|9
|tier|[Gen 9] VGC 2025 Reg H (Bo3)
|rated|
|rule|Species Clause: Limit one of each Pokémon
|rule|Item Clause: Limit 1 of each item
|clearpoke
|poke|p1|Sableye, L50, F|
|poke|p1|Dragonite, L50, F|
|poke|p1|Annihilape, L50, F|
|poke|p1|Rillaboom, L50, M|
|poke|p1|Ursaluna-Bloodmoon, L50, M|
|poke|p1|Maushold-Four, L50|
|poke|p2|Incineroar, L50, M|
|poke|p2|Jumpluff, L50, F|
|poke|p2|Torkoal, L50, M|
|poke|p2|Porygon2, L50|
|poke|p2|Ursaluna, L50, F|
|poke|p2|Typhlosion-Hisui, L50, M|
|teampreview|4
|showteam|p1|Sableye||LightClay|Prankster|Disable,Taunt,LightScreen,Reflect|||F|||50|,,,,,Grass]Dragonite||LoadedDice|Multiscale|ScaleShot,Haze,Tailwind,Protect|||F|||50|,,,,,Normal]Annihilape||SitrusBerry|Defiant|RageFist,DrainPunch,BulkUp,Protect|||F|||50|,,,,,Water]Rillaboom||MiracleSeed|GrassySurge|FakeOut,GrassyGlide,WoodHammer,HighHorsepower|||M|||50|,,,,,Water]Ursaluna-Bloodmoon||AssaultVest|MindsEye|BloodMoon,HyperVoice,EarthPower,VacuumWave|||M|||50|,,,,,Ghost]Maushold-Four||WideLens|FriendGuard|PopulationBomb,FollowMe,Encore,Protect||||||50|,,,,,Ghost
|showteam|p2|Incineroar||SitrusBerry|Intimidate|FlareBlitz,KnockOff,PartingShot,FakeOut|||M|||50|,,,,,Ghost]Jumpluff||CovertCloak|Chlorophyll|SleepPowder,Tailwind,RagePowder,SunnyDay|||F|||50|,,,,,Water]Torkoal||EjectPack|Drought|Overheat,HelpingHand,Eruption,Protect|||M|||50|,,,,,Fire]Porygon2||Eviolite|Download|IceBeam,TeraBlast,TrickRoom,Recover||||||50|,,,,,Fighting]Ursaluna||FlameOrb|Guts|HeadlongRush,Earthquake,Facade,Protect|||F|||50|,,,,,Ghost]Typhlosion-Hisui||ChoiceSpecs|Blaze|Eruption,Overheat,HeatWave,ShadowBall|||M|||50|,,,,,Fire
|
|t:|1757912454
|teamsize|p1|4
|teamsize|p2|4
|start
|switch|p1a: Sableye|Sableye, L50, F|100/100
|switch|p1b: Annihilape|Annihilape, L50, F|100/100
|switch|p2a: Torkoal|Torkoal, L50, M|100/100
|switch|p2b: Typhlosion|Typhlosion-Hisui, L50, M|100/100
|-weather|SunnyDay|[from] ability: Drought|[of] p2a: Torkoal
|turn|1
|
|t:|1757912472
|-terastallize|p2b: Typhlosion|Fire
|-terastallize|p1b: Annihilape|Water
|move|p2a: Torkoal|Helping Hand|p2b: Typhlosion
|-singleturn|p2b: Typhlosion|Helping Hand|[of] p2a: Torkoal
|move|p1a: Sableye|Light Screen|p1a: Sableye
|-sidestart|p1: Taste the raynbow|move: Light Screen
|move|p2b: Typhlosion|Eruption|p1a: Sableye|[spread] p1a,p1b
|-resisted|p1b: Annihilape
|-damage|p1a: Sableye|0 fnt
|-damage|p1b: Annihilape|28/100
|-enditem|p1b: Annihilape|Sitrus Berry|[eat]
|-heal|p1b: Annihilape|53/100|[from] item: Sitrus Berry
|faint|p1a: Sableye
|move|p1b: Annihilape|Bulk Up|p1b: Annihilape
|-boost|p1b: Annihilape|atk|1
|-boost|p1b: Annihilape|def|1
|
|-weather|SunnyDay|[upkeep]
|upkeep
|
|t:|1757912488
|switch|p1a: Dragonite|Dragonite, L50, F|100/100
|turn|2
|
|t:|1757912493
|move|p2a: Torkoal|Helping Hand|p2b: Typhlosion
|-singleturn|p2b: Typhlosion|Helping Hand|[of] p2a: Torkoal
|move|p1b: Annihilape|Protect|p1b: Annihilape
|-singleturn|p1b: Annihilape|Protect
|move|p2b: Typhlosion|Eruption|p1b: Annihilape|[spread] p1a
|-activate|p1b: Annihilape|move: Protect
|-resisted|p1a: Dragonite
|-damage|p1a: Dragonite|54/100
|move|p1a: Dragonite|Scale Shot|p2b: Typhlosion
|-damage|p2b: Typhlosion|80/100
|-damage|p2b: Typhlosion|60/100
|-crit|p2b: Typhlosion
|-damage|p2b: Typhlosion|29/100
|-damage|p2b: Typhlosion|11/100
|-hitcount|p2b: Typhlosion|4
|-unboost|p1a: Dragonite|def|1
|-boost|p1a: Dragonite|spe|1
|
|-weather|SunnyDay|[upkeep]
|upkeep
|turn|3
|
|t:|1757912533
|switch|p2b: Ursaluna|Ursaluna, L50, F|100/100
|move|p1a: Dragonite|Tailwind|p1a: Dragonite
|-sidestart|p1: Taste the raynbow|move: Tailwind
|move|p1b: Annihilape|Drain Punch|p2a: Torkoal
|-crit|p2a: Torkoal
|-damage|p2a: Torkoal|45/100
|-heal|p1b: Annihilape|77/100|[from] drain|[of] p2a: Torkoal
|move|p2a: Torkoal|Overheat|p1a: Dragonite
|-resisted|p1a: Dragonite
|-damage|p1a: Dragonite|23/100
|-unboost|p2a: Torkoal|spa|2
|-enditem|p2a: Torkoal|Eject Pack
|
|t:|1757912546
|switch|p2a: Jumpluff|Jumpluff, L50, F|100/100
|
|-weather|SunnyDay|[upkeep]
|-status|p2b: Ursaluna|brn|[from] item: Flame Orb
|upkeep
|turn|4
|
|t:|1757912563
|move|p1a: Dragonite|Scale Shot|p2a: Jumpluff
|-damage|p2a: Jumpluff|84/100
|-damage|p2a: Jumpluff|66/100
|-damage|p2a: Jumpluff|47/100
|-damage|p2a: Jumpluff|30/100
|-damage|p2a: Jumpluff|15/100
|-hitcount|p2a: Jumpluff|5
|-unboost|p1a: Dragonite|def|1
|-boost|p1a: Dragonite|spe|1
|move|p2a: Jumpluff|Tailwind|p2a: Jumpluff
|-sidestart|p2: blfuller_4|move: Tailwind
|move|p1b: Annihilape|Drain Punch|p2b: Ursaluna
|-supereffective|p2b: Ursaluna
|-damage|p2b: Ursaluna|27/100 brn
|-heal|p1b: Annihilape|100/100|[from] drain|[of] p2b: Ursaluna
|move|p2b: Ursaluna|Facade|p1a: Dragonite
|-damage|p1a: Dragonite|0 fnt
|faint|p1a: Dragonite
|
|-weather|SunnyDay|[upkeep]
|-damage|p2b: Ursaluna|21/100 brn|[from] brn
|upkeep
|
|t:|1757912582
|switch|p1a: Ursaluna|Ursaluna-Bloodmoon, L50, M|100/100
|turn|5
|
|t:|1757912594
|move|p1a: Ursaluna|Vacuum Wave|p2b: Ursaluna
|-supereffective|p2b: Ursaluna
|-damage|p2b: Ursaluna|0 fnt
|faint|p2b: Ursaluna
|move|p2a: Jumpluff|Sleep Powder|p1b: Annihilape
|-status|p1b: Annihilape|slp|[from] move: Sleep Powder
|cant|p1b: Annihilape|slp
|
|-weather|none
|upkeep
|
|t:|1757912602
|switch|p2b: Typhlosion|Typhlosion-Hisui, L50, M, tera:Fire|11/100
|turn|6
|
|t:|1757912609
|move|p2a: Jumpluff|Rage Powder|p2a: Jumpluff
|-singleturn|p2a: Jumpluff|move: Rage Powder
|move|p2b: Typhlosion|Heat Wave|p1a: Ursaluna|[spread] p1a,p1b
|-resisted|p1b: Annihilape
|-damage|p1a: Ursaluna|49/100
|-damage|p1b: Annihilape|70/100 slp
|cant|p1b: Annihilape|slp
|move|p1a: Ursaluna|Hyper Voice|p2b: Typhlosion|[spread] p2a,p2b
|-damage|p2a: Jumpluff|0 fnt
|-damage|p2b: Typhlosion|0 fnt
|faint|p2a: Jumpluff
|faint|p2b: Typhlosion
|
|-sideend|p1: Taste the raynbow|move: Tailwind
|upkeep
|
|t:|1757912618
|switch|p2b: Torkoal|Torkoal, L50, M|45/100
|-weather|SunnyDay|[from] ability: Drought|[of] p2b: Torkoal
|turn|7
|
|t:|1757912633
|-curestatus|p1b: Annihilape|slp|[msg]
|move|p1b: Annihilape|Rage Fist|p2b: Torkoal
|-damage|p2b: Torkoal|0 fnt
|faint|p2b: Torkoal
|
|win|Taste the raynbow
||blfuller_4 is ready for game 2.
||Taste the raynbow is ready for game 2.
|uhtml|next|Next: Game 2 of 3
