|j|☆KodeBeast0526
|j|☆Gardevoir's Slave
|html|KodeBeast0526Gardevoir's Slave    
|uhtml|bestof|Game 1 of a best-of-3
|t:|1783487646
|gametype|doubles
|player|p1|KodeBeast0526|hiker|1169
|player|p2|Gardevoir's Slave|acetrainer-gen4dp|1195
|gen|9
|tier|[Gen 9 Champions] VGC 2026 Reg M-B (Bo3)
|rated|
|rule|Species Clause: Limit one of each Pokémon
|rule|Item Clause: Limit 1 of each item
|clearpoke
|poke|p1|Gengar, L50, M|
|poke|p1|Swampert, L50, M|
|poke|p1|Incineroar, L50, F|
|poke|p1|Politoed, L50, M|
|poke|p1|Archaludon, L50, M|
|poke|p1|Vivillon-Ocean, L50, F|
|poke|p2|Chandelure, L50, F|
|poke|p2|Kangaskhan, L50, F|
|poke|p2|Torkoal, L50, M|
|poke|p2|Floette-Eternal, L50, F|
|poke|p2|Kingambit, L50, M|
|poke|p2|Aerodactyl, L50, F|
|teampreview|4
|showteam|p1|Gengar||Gengarite|CursedBody|ShadowBall,PerishSong,SludgeBomb,Protect|Timid||M|||50|]Swampert||Swampertite|Torrent|WaveCrash,Earthquake,IcePunch,Protect|Adamant||M|||50|]Incineroar||PasshoBerry|Intimidate|ThroatChop,PartingShot,FakeOut,Protect|Sassy||F|||50|]Politoed||SitrusBerry|Drizzle|WeatherBall,PerishSong,Encore,Protect|Calm||M|||50|]Archaludon||Leftovers|Stamina|DragonPulse,FlashCannon,ElectroShot,Protect|Bold||M|||50|]Vivillon-Ocean||FocusSash|CompoundEyes|Hurricane,SleepPowder,RagePowder,Protect|Timid||F|||50|
|showteam|p2|Chandelure||FocusSash|FlashFire|HeatWave,ShadowBall,TrickRoom,Protect|Modest||F|||50|]Kangaskhan||Kangaskhanite|EarlyBird|FakeOut,DoubleEdge,DrainPunch,IcePunch|Adamant||F|||50|]Torkoal||Charcoal|Drought|Eruption,Overheat,HelpingHand,Protect|Quiet||M|||50|]Floette-Eternal||Floettite|FlowerVeil|Moonblast,DazzlingGleam,LightofRuin,Protect|Timid||F|||50|]Kingambit||LifeOrb|Defiant|KowtowCleave,SuckerPunch,IronHead,Protect|Adamant||M|||50|]Aerodactyl||ExpertBelt|Unnerve|RockSlide,DualWingbeat,Tailwind,Protect|Jolly||F|||50|
|inactive|Battle timer is ON: inactive players will automatically lose when time's up. (requested by KodeBeast0526)
|
|t:|1783487698
|teamsize|p1|4
|teamsize|p2|4
|start
|switch|p1a: Vivillon|Vivillon-Ocean, L50, F|100/100
|switch|p1b: Swampert|Swampert, L50, M|100/100
|switch|p2a: Chandelure|Chandelure, L50, F|100/100
|switch|p2b: Kangaskhan|Kangaskhan, L50, F|100/100
|turn|1
|
|t:|1783487717
|move|p1b: Swampert|Protect|p1b: Swampert
|-singleturn|p1b: Swampert|Protect
|move|p2b: Kangaskhan|Fake Out|p1a: Vivillon
|-damage|p1a: Vivillon|63/100
|cant|p1a: Vivillon|flinch
|move|p2a: Chandelure|Trick Room|p2a: Chandelure
|-fieldstart|move: Trick Room|[of] p2a: Chandelure
|
|upkeep
|turn|2
|
|t:|1783487733
|detailschange|p1b: Swampert|Swampert-Mega, L50, M
|-mega|p1b: Swampert|Swampert|Swampertite
|detailschange|p2b: Kangaskhan|Kangaskhan-Mega, L50, F
|-mega|p2b: Kangaskhan|Kangaskhan|Kangaskhanite
|move|p1a: Vivillon|Rage Powder|p1a: Vivillon
|-singleturn|p1a: Vivillon|move: Rage Powder
|move|p2a: Chandelure|Shadow Ball|p1a: Vivillon
|-damage|p1a: Vivillon|0 fnt
|faint|p1a: Vivillon
|move|p1b: Swampert|Earthquake|p2b: Kangaskhan|[spread] p2a,p2b
|-supereffective|p2a: Chandelure|1
|-enditem|p2a: Chandelure|Focus Sash
|-damage|p2a: Chandelure|1/100
|-damage|p2b: Kangaskhan|57/100
|move|p2b: Kangaskhan|Double-Edge|p1b: Swampert
|-damage|p1b: Swampert|38/100
|-damage|p1b: Swampert|23/100
|-hitcount|p1b: Swampert|2
|-damage|p2b: Kangaskhan|34/100|[from] Recoil
|
|upkeep
|
|t:|1783487754
|switch|p1a: Incineroar|Incineroar, L50, F|100/100
|-ability|p1a: Incineroar|Intimidate|boost
|-unboost|p2a: Chandelure|atk|1
|-unboost|p2b: Kangaskhan|atk|1
|turn|3
|
|t:|1783487761
|switch|p2b: Torkoal|Torkoal, L50, M|100/100
|-weather|SunnyDay|[from] ability: Drought|[of] p2b: Torkoal
|move|p1b: Swampert|Protect|p1b: Swampert
|-singleturn|p1b: Swampert|Protect
|move|p1a: Incineroar|Throat Chop|p2a: Chandelure
|-supereffective|p2a: Chandelure|1
|-damage|p2a: Chandelure|0 fnt
|faint|p2a: Chandelure
|
|-weather|SunnyDay|[upkeep]
|upkeep
|inactive|Gardevoir's Slave has 30 seconds left.
|inactive|Gardevoir's Slave has 20 seconds left.
|
|t:|1783487798
|switch|p2a: Kingambit|Kingambit, L50, M|100/100
|turn|4
|
|t:|1783487811
|switch|p1b: Politoed|Politoed, L50, M|100/100
|-weather|RainDance|[from] ability: Drizzle|[of] p1b: Politoed
|move|p2b: Torkoal|Overheat|p1a: Incineroar
|-resisted|p1a: Incineroar|1
|-damage|p1a: Incineroar|87/100
|-unboost|p2b: Torkoal|spa|2
|move|p2a: Kingambit|Kowtow Cleave|p1b: Politoed
|-damage|p1b: Politoed|35/100
|-enditem|p1b: Politoed|Sitrus Berry|[eat]
|-heal|p1b: Politoed|60/100|[from] item: Sitrus Berry
|-damage|p2a: Kingambit|90/100|[from] item: Life Orb
|move|p1a: Incineroar|Parting Shot|p2b: Torkoal
|-unboost|p2b: Torkoal|atk|1
|-unboost|p2b: Torkoal|spa|1
|
|t:|1783487824
|switch|p1a: Swampert|Swampert-Mega, L50, M|23/100|[from] Parting Shot
|
|-weather|RainDance|[upkeep]
|upkeep
|turn|5
|
|t:|1783487839
|switch|p2b: Kangaskhan|Kangaskhan-Mega, L50, F|34/100
|move|p1a: Swampert|Protect|p1a: Swampert
|-singleturn|p1a: Swampert|Protect
|move|p2a: Kingambit|Kowtow Cleave|p1b: Politoed
|-damage|p1b: Politoed|5/100
|-damage|p2a: Kingambit|80/100|[from] item: Life Orb
|move|p1b: Politoed|Weather Ball|p2b: Kangaskhan
|-damage|p2b: Kangaskhan|0 fnt
|faint|p2b: Kangaskhan
|
|-weather|RainDance|[upkeep]
|-fieldend|move: Trick Room
|upkeep
|
|t:|1783487850
|switch|p2b: Torkoal|Torkoal, L50, M|100/100
|-weather|SunnyDay|[from] ability: Drought|[of] p2b: Torkoal
|turn|6
|inactive|KodeBeast0526 has 30 seconds left.
|
|t:|1783487878
|switch|p1a: Incineroar|Incineroar, L50, F|87/100
|-ability|p1a: Incineroar|Intimidate|boost
|-unboost|p2a: Kingambit|atk|1
|-ability|p2a: Kingambit|Defiant|boost
|-boost|p2a: Kingambit|atk|2
|-unboost|p2b: Torkoal|atk|1
|move|p1b: Politoed|Protect|p1b: Politoed
|-singleturn|p1b: Politoed|Protect
|move|p2a: Kingambit|Sucker Punch||[still]
|-fail|p2a: Kingambit
|move|p2b: Torkoal|Eruption|p1a: Incineroar|[spread] p1a
|-activate|p1b: Politoed|move: Protect
|-resisted|p1a: Incineroar|1
|-damage|p1a: Incineroar|54/100
|
|-weather|SunnyDay|[upkeep]
|upkeep
|turn|7
|inactive|KodeBeast0526 has 30 seconds left.
|inactive|Gardevoir's Slave has 30 seconds left.
|inactive|KodeBeast0526 has 20 seconds left.
|inactive|Gardevoir's Slave has 20 seconds left.
|
|t:|1783487916
|switch|p1b: Swampert|Swampert-Mega, L50, M|23/100
|move|p1a: Incineroar|Fake Out|p2a: Kingambit
|-resisted|p2a: Kingambit|1
|-damage|p2a: Kingambit|76/100
|cant|p2a: Kingambit|flinch
|move|p2b: Torkoal|Eruption|p1a: Incineroar|[spread] p1a,p1b
|-resisted|p1a: Incineroar|1
|-resisted|p1b: Swampert|1
|-damage|p1a: Incineroar|20/100y
|-damage|p1b: Swampert|0 fnt
|faint|p1b: Swampert
|
|-weather|SunnyDay|[upkeep]
|upkeep
|
|t:|1783487929
|switch|p1b: Politoed|Politoed, L50, M|5/100
|-weather|RainDance|[from] ability: Drizzle|[of] p1b: Politoed
|turn|8
|
|t:|1783487949
|move|p2a: Kingambit|Sucker Punch|p1b: Politoed
|-damage|p1b: Politoed|0 fnt
|faint|p1b: Politoed
|-damage|p2a: Kingambit|67/100|[from] item: Life Orb
|move|p1a: Incineroar|Parting Shot|p2b: Torkoal
|-unboost|p2b: Torkoal|atk|1
|-unboost|p2b: Torkoal|spa|1
|move|p2b: Torkoal|Eruption|p1a: Incineroar
|-resisted|p1a: Incineroar|1
|-damage|p1a: Incineroar|11/100
|
|-weather|RainDance|[upkeep]
|upkeep
|turn|9
|
|t:|1783487961
|move|p2a: Kingambit|Sucker Punch|p1a: Incineroar
|-resisted|p1a: Incineroar|1
|-damage|p1a: Incineroar|0 fnt
|faint|p1a: Incineroar
|-damage|p2a: Kingambit|57/100|[from] item: Life Orb
|
|win|Gardevoir's Slave
||Gardevoir's Slave is ready for game 2.
