|j|☆Descugi
|j|☆wind charmer
|html|Descugiwind charmer    
|uhtml|bestof|Game 2 of a best-of-3
|t:|1756501233
|gametype|doubles
|player|p1|Descugi|101|1163
|player|p2|wind charmer|jasmine|1148
|gen|9
|tier|[Gen 9] VGC 2025 Reg H (Bo3)
|rated|
|rule|Species Clause: Limit one of each Pokémon
|rule|Item Clause: Limit 1 of each item
|clearpoke
|poke|p1|Maushold-Four, L50|
|poke|p1|Annihilape, L50, F|
|poke|p1|Gholdengo, L50|
|poke|p1|Dragonite, L50, F|
|poke|p1|Garchomp, L50, M|
|poke|p1|Incineroar, L50, F|
|poke|p2|Garchomp, L50, F|
|poke|p2|Milotic, L50, M|
|poke|p2|Gholdengo, L50|
|poke|p2|Talonflame, L50, M|
|poke|p2|Amoonguss, L50, M|
|poke|p2|Tyranitar, L50, M|
|teampreview|4
|showteam|p1|Maushold-Four||SafetyGoggles|FriendGuard|FollowMe,SuperFang,Protect,BeatUp||||||50|,,,,,Ghost]Annihilape||SitrusBerry|Defiant|RageFist,CloseCombat,Protect,Taunt|||F|||50|,,,,,Fire]Gholdengo||LifeOrb|GoodasGold|MakeItRain,ShadowBall,Protect,NastyPlot||||||50|,,,,,Water]Dragonite||LoadedDice|Multiscale|ScaleShot,Tailwind,Protect,Haze|||F|||50|,,,,,Fairy]Garchomp||ClearAmulet|RoughSkin|StompingTantrum,Earthquake,Protect,DragonClaw|||M|||50|,,,,,Ground]Incineroar||RockyHelmet|Intimidate|FlareBlitz,KnockOff,FakeOut,PartingShot|||F|||50|,,,,,Grass
|showteam|p2|Garchomp||LifeOrb|RoughSkin|Earthquake,StompingTantrum,DragonClaw,Protect|||F|||50|,,,,,Ground]Milotic||SafetyGoggles|Competitive|Scald,IcyWind,Haze,Protect|||M|||50|,,,,,Dragon]Gholdengo||MetalCoat|GoodasGold|MakeItRain,ShadowBall,NastyPlot,Protect||||||50|,,,,,Flying]Talonflame||CovertCloak|GaleWings|BraveBird,Tailwind,WillOWisp,Taunt|||M|||50|,,,,,Ghost]Amoonguss||SitrusBerry|Regenerator|Spore,PollenPuff,RagePowder,Protect|||M|||50|,,,,,Water]Tyranitar||AssaultVest|SandStream|RockSlide,KnockOff,LowKick,TeraBlast|||M|||50|,,,,,Flying
|
|t:|1756501288
|teamsize|p1|4
|teamsize|p2|4
|start
|switch|p1a: Dragonite|Dragonite, L50, F|100/100
|switch|p1b: Annihilape|Annihilape, L50, F|100/100
|switch|p2a: Talonflame|Talonflame, L50, M|100/100
|switch|p2b: Gholdengo|Gholdengo, L50|100/100
|turn|1
|
|t:|1756501324
|-terastallize|p1b: Annihilape|Fire
|move|p2a: Talonflame|Tailwind|p2a: Talonflame
|-sidestart|p2: wind charmer|move: Tailwind
|move|p2b: Gholdengo|Make It Rain|p1a: Dragonite|[spread] p1a,p1b
|-resisted|p1b: Annihilape
|-damage|p1a: Dragonite|66/100
|-damage|p1b: Annihilape|70/100
|-unboost|p2b: Gholdengo|spa|1
|move|p1b: Annihilape|Rage Fist|p2b: Gholdengo
|-supereffective|p2b: Gholdengo
|-damage|p2b: Gholdengo|0 fnt
|faint|p2b: Gholdengo
|move|p1a: Dragonite|Scale Shot|p2a: Talonflame
|-damage|p2a: Talonflame|80/100
|-damage|p2a: Talonflame|60/100
|-damage|p2a: Talonflame|42/100
|-damage|p2a: Talonflame|21/100
|-hitcount|p2a: Talonflame|4
|-unboost|p1a: Dragonite|def|1
|-boost|p1a: Dragonite|spe|1
|
|upkeep
|
|t:|1756501369
|switch|p2b: Milotic|Milotic, L50, M|100/100
|turn|2
|
|t:|1756501396
|move|p1b: Annihilape|Protect|p1b: Annihilape
|-singleturn|p1b: Annihilape|Protect
|move|p2a: Talonflame|Will-O-Wisp|p1a: Dragonite
|-status|p1a: Dragonite|brn
|move|p2b: Milotic|Scald|p1b: Annihilape
|-activate|p1b: Annihilape|move: Protect
|move|p1a: Dragonite|Tailwind|p1a: Dragonite
|-sidestart|p1: Descugi|move: Tailwind
|
|-damage|p1a: Dragonite|60/100 brn|[from] brn
|upkeep
|turn|3
|
|t:|1756501431
|switch|p2a: Garchomp|Garchomp, L50, F|100/100
|move|p1a: Dragonite|Scale Shot|p2a: Garchomp
|-supereffective|p2a: Garchomp
|-damage|p2a: Garchomp|84/100
|-supereffective|p2a: Garchomp
|-damage|p2a: Garchomp|69/100
|-supereffective|p2a: Garchomp
|-damage|p2a: Garchomp|53/100
|-supereffective|p2a: Garchomp
|-damage|p2a: Garchomp|39/100
|-hitcount|p2a: Garchomp|4
|-unboost|p1a: Dragonite|def|1
|-boost|p1a: Dragonite|spe|1
|move|p1b: Annihilape|Rage Fist|p2b: Milotic
|-damage|p2b: Milotic|56/100
|move|p2b: Milotic|Scald|p1b: Annihilape
|-supereffective|p1b: Annihilape
|-damage|p1b: Annihilape|8/100
|-enditem|p1b: Annihilape|Sitrus Berry|[eat]
|-heal|p1b: Annihilape|33/100|[from] item: Sitrus Berry
|
|-damage|p1a: Dragonite|54/100 brn|[from] brn
|upkeep
|turn|4
|
|t:|1756501472
|switch|p2b: Talonflame|Talonflame, L50, M|21/100
|move|p1a: Dragonite|Protect|p1a: Dragonite
|-singleturn|p1a: Dragonite|Protect
|move|p1b: Annihilape|Protect|p1b: Annihilape
|-singleturn|p1b: Annihilape|Protect
|move|p2a: Garchomp|Dragon Claw|p1a: Dragonite
|-activate|p1a: Dragonite|move: Protect
|
|-damage|p1a: Dragonite|47/100 brn|[from] brn
|-sideend|p2: wind charmer|move: Tailwind
|upkeep
|turn|5
|
|t:|1756501503
|move|p2a: Garchomp|Protect|p2a: Garchomp
|-singleturn|p2a: Garchomp|Protect
|move|p1a: Dragonite|Scale Shot|p2a: Garchomp
|-activate|p2a: Garchomp|move: Protect
|move|p1b: Annihilape|Rage Fist|p2b: Talonflame
|-damage|p2b: Talonflame|0 fnt
|faint|p2b: Talonflame
|
|-damage|p1a: Dragonite|41/100 brn|[from] brn
|-sideend|p1: Descugi|move: Tailwind
|upkeep
|
|t:|1756501510
|switch|p2b: Milotic|Milotic, L50, M|56/100
|turn|6
|
|t:|1756501526
|-terastallize|p2a: Garchomp|Ground
|move|p1a: Dragonite|Tailwind|p1a: Dragonite
|-sidestart|p1: Descugi|move: Tailwind
|move|p1b: Annihilape|Rage Fist|p2a: Garchomp
|-damage|p2a: Garchomp|0 fnt
|-damage|p1b: Annihilape|21/100|[from] ability: Rough Skin|[of] p2a: Garchomp
|faint|p2a: Garchomp
|move|p2b: Milotic|Scald|p1a: Dragonite
|-resisted|p1a: Dragonite
|-damage|p1a: Dragonite|25/100 brn
|
|-damage|p1a: Dragonite|19/100 brn|[from] brn
|upkeep
|turn|7
|
|t:|1756501539
|move|p1a: Dragonite|Scale Shot|p2b: Milotic
|-damage|p2b: Milotic|48/100
|-damage|p2b: Milotic|40/100
|-damage|p2b: Milotic|32/100
|-damage|p2b: Milotic|24/100
|-damage|p2b: Milotic|16/100
|-hitcount|p2b: Milotic|5
|-unboost|p1a: Dragonite|def|1
|-boost|p1a: Dragonite|spe|1
|move|p1b: Annihilape|Rage Fist|p2b: Milotic
|-crit|p2b: Milotic
|-damage|p2b: Milotic|0 fnt
|faint|p2b: Milotic
|
|win|Descugi
|raw|Descugi's rating: 1163 → 1187(+24 for winning)
|raw|wind charmer's rating: 1148 → 1124(-24 for losing)
