|j|☆FlashStatic
|j|☆xebec22$$
|html|FlashStaticxebec22$$    
|uhtml|bestof|Game 2 of a best-of-3
|t:|1783831737
|gametype|doubles
|player|p1|FlashStatic|volkner|
|player|p2|xebec22$$|brycenman|
|gen|9
|tier|[Gen 9 Champions] VGC 2026 Reg M-B (Bo3)
|rule|Species Clause: Limit one of each Pokémon
|rule|Item Clause: Limit 1 of each item
|clearpoke
|poke|p1|Greninja, L50, M, shiny|
|poke|p1|Toxicroak, L50, M|
|poke|p1|Talonflame, L50, M|
|poke|p1|Metagross, L50, shiny|
|poke|p1|Volcarona, L50, M, shiny|
|poke|p1|Grimmsnarl, L50, M|
|poke|p2|Lucario, L50, M|
|poke|p2|Alakazam, L50, F|
|poke|p2|Charizard, L50, F|
|poke|p2|Zoroark, L50, F|
|poke|p2|Leafeon, L50, F|
|poke|p2|Lopunny, L50, M|
|teampreview|4
|showteam|p1|Greninja||Greninjite|Protean|BrickBreak,Uturn,Waterfall,ShadowSneak|Jolly||M|||50|]Toxicroak||FocusSash|PoisonTouch|CloseCombat,SuckerPunch,UpperHand,RockSlide|Jolly||M|||50|]Talonflame||SitrusBerry|GaleWings|DualWingbeat,Tailwind,FlareBlitz,WillOWisp|Jolly||M|||50|]Metagross||Metagrossite|ClearBody|BodyPress,BulletPunch,IronHead,ThunderPunch|Jolly|||||50|]Volcarona||LumBerry|FlameBody|BugBuzz,FieryDance,GigaDrain,QuiverDance|Modest||M|||50|]Grimmsnarl||Leftovers|Prankster|FakeOut,LightScreen,SpiritBreak,SuckerPunch|Adamant||M|||50|
|showteam|p2|Lucario||Lucarionite|Steadfast|BlazeKick,AuraSphere,DarkPulse|Serious||M|||50|]Alakazam||Alakazite|Synchronize|DazzlingGleam,FoulPlay,FutureSight,ShadowBall|Serious||F|||50|]Charizard|||Blaze|FlameCharge,Flamethrower,Inferno,AncientPower|Serious||F|||50|]Zoroark|||Illusion|NightSlash,BurningJealousy,Crunch,DarkPulse|Serious||F|||50|]Leafeon|||LeafGuard|LeafBlade,AlluringVoice,Dig,QuickAttack|Serious||F|||50|]Lopunny|||CuteCharm|AuraSphere,CircleThrow,DrainingKiss,TripleAxel|Serious||M|||50|
|
|t:|1783831756
|teamsize|p1|4
|teamsize|p2|4
|start
|switch|p1a: Talonflame|Talonflame, L50, M|100/100
|switch|p1b: Grimmsnarl|Grimmsnarl, L50, M|100/100
|switch|p2a: Lucario|Lucario, L50, M|100/100
|switch|p2b: Alakazam|Alakazam, L50, F|100/100
|turn|1
|
|t:|1783831773
|move|p1b: Grimmsnarl|Fake Out|p2b: Alakazam
|-damage|p2b: Alakazam|71/100
|move|p1a: Talonflame|Tailwind|p1a: Talonflame
|-sidestart|p1: FlashStatic|move: Tailwind
|cant|p2b: Alakazam|flinch
|move|p2a: Lucario|Blaze Kick|p1b: Grimmsnarl
|-damage|p1b: Grimmsnarl|71/100
|
|-heal|p1b: Grimmsnarl|77/100|[from] item: Leftovers
|upkeep
|turn|2
|
|t:|1783831796
|move|p1a: Talonflame|Dual Wingbeat|p2b: Alakazam|[miss]
|-miss|p1a: Talonflame|p2b: Alakazam
|move|p1b: Grimmsnarl|Light Screen|p1b: Grimmsnarl
|-sidestart|p1: FlashStatic|move: Light Screen
|move|p2b: Alakazam|Foul Play|p1a: Talonflame
|-damage|p1a: Talonflame|59/100
|move|p2a: Lucario|Aura Sphere|p1b: Grimmsnarl
|-damage|p1b: Grimmsnarl|51/100
|
|-heal|p1b: Grimmsnarl|57/100|[from] item: Leftovers
|upkeep
|turn|3
|
|t:|1783831815
|move|p1b: Grimmsnarl|Sucker Punch|p2b: Alakazam
|-supereffective|p2b: Alakazam|1
|-damage|p2b: Alakazam|0 fnt
|faint|p2b: Alakazam
|move|p1a: Talonflame|Flare Blitz|p2a: Lucario
|-supereffective|p2a: Lucario|1
|-damage|p2a: Lucario|0 fnt
|faint|p2a: Lucario
|-damage|p1a: Talonflame|25/100|[from] Recoil
|-enditem|p1a: Talonflame|Sitrus Berry|[eat]
|-heal|p1a: Talonflame|50/100g|[from] item: Sitrus Berry
|
|-heal|p1b: Grimmsnarl|63/100|[from] item: Leftovers
|upkeep
|
|t:|1783831827
|switch|p2b: Leafeon|Leafeon, L50, F|100/100
|switch|p2a: Leafeon|Leafeon, L50, F|100/100
|turn|4
|
|t:|1783831860
|move|p1a: Talonflame|Flare Blitz|p2a: Leafeon
|-supereffective|p2a: Leafeon|1
|-damage|p2a: Leafeon|20/100y
|-damage|p1a: Talonflame|24/100|[from] Recoil
|move|p1b: Grimmsnarl|Spirit Break|p2b: Leafeon
|-supereffective|p2b: Leafeon|1
|-damage|p2b: Leafeon|0 fnt
|replace|p2b: Zoroark|Zoroark, L50, F
|-end|p2b: Zoroark|Illusion
|faint|p2b: Zoroark
|move|p2a: Leafeon|Alluring Voice|p1a: Talonflame
|-resisted|p1a: Talonflame|1
|-damage|p1a: Talonflame|17/100
|
|-heal|p1b: Grimmsnarl|69/100|[from] item: Leftovers
|-sideend|p1: FlashStatic|move: Tailwind
|upkeep
|turn|5
|
|t:|1783831877
|move|p1b: Grimmsnarl|Sucker Punch|p2a: Leafeon
|-damage|p2a: Leafeon|0 fnt
|faint|p2a: Leafeon
|
|win|FlashStatic
|l|☆xebec22$$
|player|p2|
|j|☆xebec22$$
|player|p2|xebec22$$|brycenman|
|l|☆xebec22$$
|player|p2|
