|j|☆Yusuf3000
|j|☆exessvgc
|html|Yusuf3000exessvgc    
|uhtml|bestof|Game 2 of a best-of-3
|t:|1784143500
|gametype|doubles
|player|p1|Yusuf3000|waiter-gen4|
|player|p2|exessvgc|lucas|
|gen|9
|tier|[Gen 9 Champions] VGC 2026 Reg M-B (Bo3)
|rule|Species Clause: Limit one of each Pokémon
|rule|Item Clause: Limit 1 of each item
|clearpoke
|poke|p1|Aerodactyl, L50, F|
|poke|p1|Kingambit, L50, F|
|poke|p1|Sylveon, L50, M|
|poke|p1|Garchomp, L50, M|
|poke|p1|Charizard, L50, F|
|poke|p1|Incineroar, L50, F|
|poke|p2|Farigiraf, L50, M|
|poke|p2|Aerodactyl, L50, M|
|poke|p2|Sylveon, L50, M|
|poke|p2|Kingambit, L50, M|
|poke|p2|Garchomp, L50, F|
|poke|p2|Charizard, L50, F|
|teampreview|4
|showteam|p1|Aerodactyl||Aerodactylite|Unnerve|RockSlide,IceFang,Tailwind,WideGuard|Jolly||F|||50|]Kingambit||FocusSash|Defiant|KowtowCleave,SuckerPunch,IronHead,Protect|Adamant||F|||50|]Sylveon||FairyFeather|Pixilate|Detect,HyperVoice,HyperBeam,QuickAttack|Modest||M|||50|]Garchomp||LifeOrb|RoughSkin|Earthquake,DragonClaw,StompingTantrum,Protect|Jolly||M|||50|]Charizard||CharizarditeY|Blaze|Protect,HeatWave,SolarBeam,WeatherBall|Modest||F|||50|]Incineroar||SitrusBerry|Intimidate|DarkestLariat,FlareBlitz,FakeOut,PartingShot|Impish||F|||50|
|showteam|p2|Farigiraf||SitrusBerry|ArmorTail|TrickRoom,TwinBeam,HelpingHand,Thunderbolt|Bold||M|||50|]Aerodactyl||Aerodactylite|Unnerve|RockSlide,Protect,Tailwind,Taunt|Jolly||M|||50|]Sylveon||FairyFeather|Pixilate|HyperVoice,HyperBeam,Protect,ShadowBall|Modest||M|||50|]Kingambit||FocusSash|Defiant|KowtowCleave,SuckerPunch,SwordsDance,Protect|Adamant||M|||50|]Garchomp||LifeOrb|RoughSkin|DragonClaw,Earthquake,RockSlide,Protect|Adamant||F|||50|]Charizard||CharizarditeY|Blaze|WeatherBall,HeatWave,SolarBeam,Protect|Modest||F|||50|
|j| trevYAH
|j| norrale
|inactive|Battle timer is ON: inactive players will automatically lose when time's up. (requested by Yusuf3000)
|c| trevYAH|Seems like you guys got started pretty late how ironic 🤣
|
|t:|1784143531
|teamsize|p1|4
|teamsize|p2|4
|start
|switch|p1a: Aerodactyl|Aerodactyl, L50, F|100/100
|switch|p1b: Garchomp|Garchomp, L50, M|100/100
|switch|p2a: DINOSAUVO|Aerodactyl, L50, M|100/100
|switch|p2b: Kingambit|Kingambit, L50, M|100/100
|-ability|p2a: DINOSAUVO|Unnerve
|-ability|p1a: Aerodactyl|Unnerve
|turn|1
|l| norrale
|inactive|exessvgc has 30 seconds left.
|inactive|exessvgc has 20 seconds left.
|inactive|exessvgc has 15 seconds left.
|inactive|exessvgc has 10 seconds left.
|
|t:|1784143580
|detailschange|p2a: DINOSAUVO|Aerodactyl-Mega, L50, M
|-mega|p2a: DINOSAUVO|Aerodactyl|Aerodactylite
|move|p2a: DINOSAUVO|Tailwind|p2a: DINOSAUVO
|-sidestart|p2: exessvgc|move: Tailwind
|move|p1a: Aerodactyl|Tailwind|p1a: Aerodactyl
|-sidestart|p1: Yusuf3000|move: Tailwind
|move|p1b: Garchomp|Earthquake|p2a: DINOSAUVO|[spread] p2b
|-immune|p1a: Aerodactyl
|-immune|p2a: DINOSAUVO
|-supereffective|p2b: Kingambit|1
|-damage|p2b: Kingambit|22/100
|-damage|p1b: Garchomp|90/100|[from] item: Life Orb
|move|p2b: Kingambit|Swords Dance|p2b: Kingambit
|-boost|p2b: Kingambit|atk|2
|
|upkeep
|turn|2
|inactive|exessvgc has 30 seconds left.
|inactive|Yusuf3000 has 30 seconds left.
|inactive|exessvgc has 20 seconds left.
|l| trevYAH
|inactive|exessvgc has 15 seconds left.
|inactive|exessvgc has 10 seconds left.
|inactive|exessvgc has 5 seconds left.
|
|t:|1784143632
|switch|p2a: LA GIRAFFA|Farigiraf, L50, M|100/100
|switch|p1b: Sylveon|Sylveon, L50, M|100/100
|move|p1a: Aerodactyl|Wide Guard|p1a: Aerodactyl
|-singleturn|p1a: Aerodactyl|Wide Guard
|move|p2b: Kingambit|Sucker Punch||[still]
|-fail|p2b: Kingambit
|
|upkeep
|turn|3
|inactive|exessvgc has 30 seconds left.
|inactive|exessvgc has 20 seconds left.
|j| trevYAH
|inactive|exessvgc has 15 seconds left.
|
|t:|1784143675
|move|p2b: Kingambit|Protect|p2b: Kingambit
|-singleturn|p2b: Kingambit|Protect
|move|p1a: Aerodactyl|Rock Slide|p2a: LA GIRAFFA|[spread] p2a
|-activate|p2b: Kingambit|move: Protect
|-damage|p2a: LA GIRAFFA|81/100
|move|p1b: Sylveon|Hyper Voice|p2a: LA GIRAFFA|[spread] p2a
|-activate|p2b: Kingambit|move: Protect
|-damage|p2a: LA GIRAFFA|38/100
|move|p2a: LA GIRAFFA|Thunderbolt|p1b: Sylveon
|-damage|p1b: Sylveon|81/100
|
|upkeep
|turn|4
|inactive|exessvgc has 30 seconds left.
|
|t:|1784143713
|detailschange|p1a: Aerodactyl|Aerodactyl-Mega, L50, F
|-mega|p1a: Aerodactyl|Aerodactyl|Aerodactylite
|-enditem|p2a: LA GIRAFFA|Sitrus Berry|[eat]
|-heal|p2a: LA GIRAFFA|63/100|[from] item: Sitrus Berry
|move|p2a: LA GIRAFFA|Helping Hand|p2b: Kingambit
|-singleturn|p2b: Kingambit|Helping Hand|[of] p2a: LA GIRAFFA
|move|p1a: Aerodactyl|Rock Slide|p2a: LA GIRAFFA|[spread] p2a
|-miss|p1a: Aerodactyl|p2b: Kingambit
|-damage|p2a: LA GIRAFFA|42/100
|move|p1b: Sylveon|Hyper Voice|p2b: Kingambit|[spread] p2a,p2b
|-damage|p2a: LA GIRAFFA|3/100
|-damage|p2b: Kingambit|0 fnt
|faint|p2b: Kingambit
|
|-sideend|p2: exessvgc|move: Tailwind
|-sideend|p1: Yusuf3000|move: Tailwind
|upkeep
|
|t:|1784143736
|switch|p2b: DINOSAUVO|Aerodactyl-Mega, L50, M|100/100
|turn|5
|
|t:|1784143754
|move|p2a: LA GIRAFFA|Helping Hand|p2b: DINOSAUVO
|-singleturn|p2b: DINOSAUVO|Helping Hand|[of] p2a: LA GIRAFFA
|move|p2b: DINOSAUVO|Rock Slide|p1a: Aerodactyl|[spread] p1b
|-miss|p2b: DINOSAUVO|p1a: Aerodactyl
|-damage|p1b: Sylveon|30/100
|move|p1a: Aerodactyl|Rock Slide|p2b: DINOSAUVO|[spread] p2a,p2b
|-supereffective|p2b: DINOSAUVO|1
|-damage|p2a: LA GIRAFFA|0 fnt
|-damage|p2b: DINOSAUVO|33/100
|faint|p2a: LA GIRAFFA
|move|p1b: Sylveon|Hyper Voice|p2b: DINOSAUVO
|-damage|p2b: DINOSAUVO|0 fnt
|faint|p2b: DINOSAUVO
|
|upkeep
|inactive|exessvgc has 30 seconds left.
|inactive|exessvgc has 20 seconds left.
|inactive|exessvgc has 15 seconds left.
|inactive|exessvgc has 10 seconds left.
|c|☆exessvgc|gg
|inactive|exessvgc has 5 seconds left.
|
|t:|1784143808
|switch|p2b: Garchomp|Garchomp, L50, F|100/100
|turn|6
|
|t:|1784143817
|move|p1b: Sylveon|Detect|p1b: Sylveon
|-singleturn|p1b: Sylveon|Protect
|move|p1a: Aerodactyl|Ice Fang|p2b: Garchomp
|-supereffective|p2b: Garchomp|2
|-damage|p2b: Garchomp|3/100
|-damage|p1a: Aerodactyl|87/100|[from] ability: Rough Skin|[of] p2b: Garchomp
|move|p2b: Garchomp|Rock Slide|p1b: Sylveon|[spread] p1a
|-activate|p1b: Sylveon|move: Protect
|-supereffective|p1a: Aerodactyl|1
|-damage|p1a: Aerodactyl|32/100
|-damage|p2b: Garchomp|0 fnt|[from] item: Life Orb
|faint|p2b: Garchomp
|
|win|Yusuf3000
|c|☆Yusuf3000|gg
|l| trevYAH
