|j|☆albano
|j|☆ground tera
|html|albanoground tera    
|uhtml|bestof|Game 2 of a best-of-3
|t:|1784397763
|gametype|doubles
|player|p1|albano|alder|1193
|player|p2|ground tera|102|1321
|gen|9
|tier|[Gen 9 Champions] VGC 2026 Reg M-B (Bo3)
|rated|
|rule|Species Clause: Limit one of each Pokémon
|rule|Item Clause: Limit 1 of each item
|clearpoke
|poke|p1|Absol, L50, M|
|poke|p1|Maushold, L50|
|poke|p1|Aerodactyl, L50, M|
|poke|p1|Gholdengo, L50|
|poke|p1|Sneasler, L50, M, shiny|
|poke|p1|Sylveon, L50, F|
|poke|p2|Sneasler, L50, M|
|poke|p2|Incineroar, L50, M|
|poke|p2|Blastoise, L50, M|
|poke|p2|Sinistcha, L50|
|poke|p2|Delphox, L50, F, shiny|
|poke|p2|Vivillon, L50, M|
|teampreview|4
|showteam|p1|Absol||Absolite|Pressure|Protect,CloseCombat,SuckerPunch,KnockOff|Jolly||M|||50|]Maushold||FocusSash|FriendGuard|HelpingHand,Protect,SuperFang,FollowMe|Jolly|||||50|]Aerodactyl||Aerodactylite|Unnerve|Tailwind,WideGuard,RockSlide,DualWingbeat|Jolly||M|||50|]Gholdengo||LifeOrb|GoodasGold|MakeItRain,ShadowBall,NastyPlot,Protect|Timid|||||50|]Sneasler||WhiteHerb|Unburden|FakeOut,CloseCombat,DireClaw,Coaching|Adamant||M|||50|]Sylveon||FairyFeather|Pixilate|HyperBeam,HyperVoice,Protect,QuickAttack|Modest||F|||50|
|showteam|p2|Sneasler||FocusSash|PoisonTouch|QuickGuard,FakeOut,CloseCombat,DireClaw|Jolly||M|||50|]Incineroar||SitrusBerry|Intimidate|FakeOut,PartingShot,FlareBlitz,ThroatChop|Impish||M|||50|]Blastoise||Blastoisinite|Torrent|Protect,ShellSmash,WaterSpout,DarkPulse|Modest||M|||50|]Sinistcha||OccaBerry|Hospitality|Protect,MatchaGotcha,TrickRoom,RagePowder|Bold|||||50|]Delphox||Delphoxite|Blaze|Protect,HeatWave,Psyshock,NastyPlot|Timid||F|||50|]Vivillon||ChoiceScarf|CompoundEyes|Hurricane,SleepPowder,RagePowder,Uturn|Timid||M|||50|
|inactive|Battle timer is ON: inactive players will automatically lose when time's up. (requested by albano)
|inactive|ground tera also wants the timer to be on.
|
|t:|1784397773
|teamsize|p1|4
|teamsize|p2|4
|start
|switch|p1a: Aerodactyl|Aerodactyl, L50, M|100/100
|switch|p1b: Maushold|Maushold, L50|100/100
|switch|p2a: Vivillon|Vivillon, L50, M|100/100
|switch|p2b: Delphox|Delphox, L50, F, shiny|100/100
|-ability|p1a: Aerodactyl|Unnerve
|turn|1
|inactive|albano has 30 seconds left.
|inactive|albano has 20 seconds left.
|inactive|ground tera has 30 seconds left.
|
|t:|1784397816
|detailschange|p2b: Delphox|Delphox-Mega, L50, F, shiny
|-mega|p2b: Delphox|Delphox|Delphoxite
|move|p2b: Delphox|Protect|p2b: Delphox
|-singleturn|p2b: Delphox|Protect
|move|p2a: Vivillon|U-turn|p1a: Aerodactyl
|-resisted|p1a: Aerodactyl|1
|-damage|p1a: Aerodactyl|91/100
|
|t:|1784397821
|switch|p2a: Incineroar|Incineroar, L50, M|100/100|[from] U-turn
|-ability|p2a: Incineroar|Intimidate|boost
|-unboost|p1a: Aerodactyl|atk|1
|-unboost|p1b: Maushold|atk|1
|move|p1a: Aerodactyl|Rock Slide|p2b: Delphox|[spread] p2a
|-activate|p2b: Delphox|move: Protect
|-supereffective|p2a: Incineroar|1
|-damage|p2a: Incineroar|72/100
|move|p1b: Maushold|Super Fang|p2b: Delphox
|-activate|p2b: Delphox|move: Protect
|
|upkeep
|turn|2
|
|t:|1784397841
|move|p1a: Aerodactyl|Wide Guard|p1a: Aerodactyl
|-singleturn|p1a: Aerodactyl|Wide Guard
|move|p2a: Incineroar|Fake Out|p1a: Aerodactyl
|-resisted|p1a: Aerodactyl|1
|-damage|p1a: Aerodactyl|85/100
|move|p2b: Delphox|Heat Wave|p1a: Aerodactyl|[spread] 
|-activate|p1a: Aerodactyl|move: Wide Guard
|-activate|p1b: Maushold|move: Wide Guard
|move|p1b: Maushold|Super Fang|p2a: Incineroar
|-damage|p2a: Incineroar|36/100
|
|upkeep
|turn|3
|
|t:|1784397860
|switch|p1b: Absol|Absol, L50, M|100/100
|-ability|p1b: Absol|Pressure
|move|p1a: Aerodactyl|Wide Guard|p1a: Aerodactyl
|-singleturn|p1a: Aerodactyl|Wide Guard
|move|p2b: Delphox|Psyshock|p1a: Aerodactyl
|-damage|p1a: Aerodactyl|3/100
|move|p2a: Incineroar|Parting Shot|p1a: Aerodactyl
|-unboost|p1a: Aerodactyl|atk|1
|-unboost|p1a: Aerodactyl|spa|1
|
|t:|1784397873
|switch|p2a: Vivillon|Vivillon, L50, M|100/100|[from] Parting Shot
|
|upkeep
|turn|4
|
|t:|1784397887
|switch|p2b: Incineroar|Incineroar, L50, M|36/100
|-ability|p2b: Incineroar|Intimidate|boost
|-unboost|p1a: Aerodactyl|atk|1
|-unboost|p1b: Absol|atk|1
|switch|p1a: Gholdengo|Gholdengo, L50|100/100
|-enditem|p2b: Incineroar|Sitrus Berry|[eat]
|-heal|p2b: Incineroar|60/100|[from] item: Sitrus Berry
|detailschange|p1b: Absol|Absol-Mega, L50, M
|-mega|p1b: Absol|Absol|Absolite
|move|p1b: Absol|Sucker Punch||[still]
|-fail|p1b: Absol
|move|p2a: Vivillon|U-turn|p1a: Gholdengo
|-resisted|p1a: Gholdengo|2
|-damage|p1a: Gholdengo|96/100
|
|t:|1784397903
|switch|p2a: Delphox|Delphox-Mega, L50, F, shiny|100/100|[from] U-turn
|
|upkeep
|turn|5
|
|t:|1784397922
|switch|p2b: Vivillon|Vivillon, L50, M|100/100
|move|p1b: Absol|Protect|p1b: Absol
|-singleturn|p1b: Absol|Protect
|move|p2a: Delphox|Heat Wave|p1a: Gholdengo|[spread] 
|-activate|p1b: Absol|move: Protect
|-miss|p2a: Delphox|p1a: Gholdengo
|move|p1a: Gholdengo|Shadow Ball|p2a: Delphox
|-supereffective|p2a: Delphox|1
|-damage|p2a: Delphox|0 fnt
|faint|p2a: Delphox
|-damage|p1a: Gholdengo|86/100|[from] item: Life Orb
|
|upkeep
|
|t:|1784397935
|switch|p2a: Incineroar|Incineroar, L50, M|60/100
|-ability|p2a: Incineroar|Intimidate|boost
|-unboost|p1a: Gholdengo|atk|1
|-unboost|p1b: Absol|atk|1
|turn|6
|
|t:|1784397947
|switch|p1b: Maushold|Maushold, L50|100/100
|move|p2b: Vivillon|Sleep Powder|p1b: Maushold
|-status|p1b: Maushold|slp|[from] move: Sleep Powder
|move|p1a: Gholdengo|Nasty Plot|p1a: Gholdengo
|-boost|p1a: Gholdengo|spa|2
|move|p2a: Incineroar|Flare Blitz|p1a: Gholdengo
|-supereffective|p1a: Gholdengo|1
|-damage|p1a: Gholdengo|8/100
|-damage|p2a: Incineroar|40/100|[from] Recoil
|
|upkeep
|turn|7
|inactive|albano has 30 seconds left.
|inactive|ground tera has 30 seconds left.
|
|t:|1784397974
|switch|p2b: Sneasler|Sneasler, L50, M|100/100
|cant|p1b: Maushold|slp
|move|p1a: Gholdengo|Protect|p1a: Gholdengo
|-singleturn|p1a: Gholdengo|Protect
|move|p2a: Incineroar|Parting Shot|p1b: Maushold
|-unboost|p1b: Maushold|atk|1
|-unboost|p1b: Maushold|spa|1
|
|t:|1784397982
|switch|p2a: Vivillon|Vivillon, L50, M|100/100|[from] Parting Shot
|
|upkeep
|turn|8
|
|t:|1784397989
|move|p2b: Sneasler|Fake Out|p1b: Maushold
|-damage|p1b: Maushold|80/100 slp
|cant|p1b: Maushold|slp
|move|p2a: Vivillon|U-turn|p1a: Gholdengo
|-resisted|p1a: Gholdengo|2
|-damage|p1a: Gholdengo|6/100
|
|t:|1784397995
|switch|p2a: Incineroar|Incineroar, L50, M|40/100|[from] U-turn
|-ability|p2a: Incineroar|Intimidate|boost
|-unboost|p1a: Gholdengo|atk|1
|-unboost|p1b: Maushold|atk|1
|move|p1a: Gholdengo|Make It Rain|p2a: Incineroar|[spread] p2a,p2b
|-resisted|p2a: Incineroar|1
|-damage|p2a: Incineroar|0 fnt
|-enditem|p2b: Sneasler|Focus Sash
|-damage|p2b: Sneasler|1/100
|-unboost|p1a: Gholdengo|spa|2
|faint|p2a: Incineroar
|-damage|p1a: Gholdengo|0 fnt|[from] item: Life Orb
|faint|p1a: Gholdengo
|
|upkeep
|
|t:|1784398008
|switch|p1a: Aerodactyl|Aerodactyl, L50, M|3/100
|switch|p2a: Vivillon|Vivillon, L50, M|100/100
|-ability|p1a: Aerodactyl|Unnerve
|turn|9
|
|t:|1784398017
|-curestatus|p1b: Maushold|slp|[msg]
|move|p1b: Maushold|Follow Me|p1b: Maushold
|-singleturn|p1b: Maushold|move: Follow Me
|move|p2a: Vivillon|Hurricane|p1b: Maushold
|-damage|p1b: Maushold|22/100
|-start|p1b: Maushold|confusion
|move|p1a: Aerodactyl|Rock Slide|p2b: Sneasler|[spread] p2a,p2b
|-supereffective|p2a: Vivillon|2
|-resisted|p2b: Sneasler|1
|-damage|p2a: Vivillon|0 fnt
|-damage|p2b: Sneasler|0 fnt
|faint|p2a: Vivillon
|faint|p2b: Sneasler
|
|win|albano
