|j|☆iceshard00
|j|☆ZapdosFan471
|html|iceshard00ZapdosFan471    
|uhtml|bestof|Game 1 of a best-of-3
|t:|1756472590
|gametype|doubles
|player|p1|iceshard00|lucas|1112
|player|p2|ZapdosFan471|winona-gen6|1082
|gen|9
|tier|[Gen 9] VGC 2025 Reg H (Bo3)
|rated|
|rule|Species Clause: Limit one of each Pokémon
|rule|Item Clause: Limit 1 of each item
|clearpoke
|poke|p1|Ninetales-Alola, L50, M|
|poke|p1|Baxcalibur, L50, F|
|poke|p1|Empoleon, L50, F|
|poke|p1|Volcarona, L50, M|
|poke|p1|Talonflame, L50, M|
|poke|p1|Rillaboom, L50, F|
|poke|p2|Garchomp, L50, F|
|poke|p2|Whimsicott, L50, M|
|poke|p2|Ursaluna-Bloodmoon, L50, M|
|poke|p2|Sinistcha, L50|
|poke|p2|Annihilape, L50, F|
|poke|p2|Volcarona, L50, F|
|teampreview|4
|showteam|p1|Ninetales-Alola||LightClay|SnowWarning|Blizzard,IcyWind,AuroraVeil,HelpingHand|||M|||50|,,,,,Water]Baxcalibur||ClearAmulet|ThermalExchange|IcicleCrash,GlaiveRush,HighHorsepower,Protect|||F|||50|,,,,,Fire]Empoleon||Leftovers|Competitive|WaterPledge,FlashCannon,Haze,Protect|||F|||50|,,,,,Fairy]Volcarona||SitrusBerry|FlameBody|HeatWave,GigaDrain,QuiverDance,Protect|||M|||50|,,,,,Grass]Talonflame||CovertCloak|GaleWings|DualWingbeat,FlareBlitz,Tailwind,Taunt|||M|||50|,,,,,Stellar]Rillaboom||AssaultVest|GrassySurge|WoodHammer,GrassyGlide,FakeOut,HighHorsepower|||F|||50|,,,,,Fire
|showteam|p2|Garchomp||LifeOrb|RoughSkin|Earthquake,StompingTantrum,DragonClaw,Protect|||F|||50|,,,,,Ground]Whimsicott||FocusSash|Prankster|Moonblast,Tailwind,Encore,Protect|||M|||50|,,,,,Ghost]Ursaluna-Bloodmoon||AssaultVest|MindsEye|HyperVoice,BloodMoon,EarthPower,VacuumWave|||M|||50|,,,,,Normal]Sinistcha||SitrusBerry|Hospitality|MatchaGotcha,ShadowBall,RagePowder,Protect||||||50|,,,,,Dark]Annihilape||Leftovers|Defiant|RageFist,DrainPunch,BulkUp,Protect|||F|||50|,,,,,Grass]Volcarona||CovertCloak|FlameBody|StruggleBug,WillOWisp,Tailwind,RagePowder|||F|||50|,,,,,Grass
|inactive|Battle timer is ON: inactive players will automatically lose when time's up. (requested by ZapdosFan471)
|inactive|iceshard00 has 60 seconds left.
|inactive|ZapdosFan471 has 60 seconds left.
|
|t:|1756472637
|teamsize|p1|4
|teamsize|p2|4
|start
|switch|p1a: Talonflame|Talonflame, L50, M|100/100
|switch|p1b: Empoleon|Empoleon, L50, F, shiny|100/100
|switch|p2a: Ursaluna|Ursaluna-Bloodmoon, L50, M|100/100
|switch|p2b: Whimsicott|Whimsicott, L50, M|100/100
|turn|1
|inactive|iceshard00 has 30 seconds left.
|inactive|ZapdosFan471 has 30 seconds left.
|inactive|iceshard00 has 20 seconds left.
|
|t:|1756472676
|-terastallize|p2a: Ursaluna|Normal
|move|p1b: Empoleon|Protect|p1b: Empoleon
|-singleturn|p1b: Empoleon|Protect
|move|p1a: Talonflame|Dual Wingbeat|p2b: Whimsicott
|-supereffective|p2b: Whimsicott
|-damage|p2b: Whimsicott|63/100
|-supereffective|p2b: Whimsicott
|-damage|p2b: Whimsicott|20/100
|-hitcount|p2b: Whimsicott|2
|move|p2b: Whimsicott|Tailwind|p2b: Whimsicott
|-sidestart|p2: ZapdosFan471|move: Tailwind
|move|p2a: Ursaluna|Earth Power|p1b: Empoleon
|-activate|p1b: Empoleon|move: Protect
|
|upkeep
|turn|2
|inactive|iceshard00 has 30 seconds left.
|inactive|ZapdosFan471 has 30 seconds left.
|inactive|iceshard00 has 20 seconds left.
|
|t:|1756472712
|move|p2b: Whimsicott|Encore|p1a: Talonflame
|-start|p1a: Talonflame|Encore
|move|p1a: Talonflame|Dual Wingbeat|p2a: Ursaluna
|-damage|p2a: Ursaluna|89/100
|-damage|p2a: Ursaluna|78/100
|-hitcount|p2a: Ursaluna|2
|move|p2a: Ursaluna|Earth Power|p1b: Empoleon
|-supereffective|p1b: Empoleon
|-damage|p1b: Empoleon|18/100
|move|p1b: Empoleon|Flash Cannon|p2a: Ursaluna
|-crit|p2a: Ursaluna
|-damage|p2a: Ursaluna|33/100
|
|-heal|p1b: Empoleon|24/100|[from] item: Leftovers
|upkeep
|turn|3
|
|t:|1756472736
|move|p1b: Empoleon|Protect|p1b: Empoleon
|-singleturn|p1b: Empoleon|Protect
|move|p1a: Talonflame|Dual Wingbeat|p2b: Whimsicott
|-supereffective|p2b: Whimsicott
|-damage|p2b: Whimsicott|0 fnt
|faint|p2b: Whimsicott
|-hitcount|p2: Whimsicott|1
|move|p2a: Ursaluna|Hyper Voice|p1b: Empoleon|[spread] p1a
|-activate|p1b: Empoleon|move: Protect
|-damage|p1a: Talonflame|20/100
|
|-heal|p1b: Empoleon|29/100|[from] item: Leftovers
|upkeep
|
|t:|1756472752
|switch|p2b: Garchomp|Garchomp, L50, F|100/100
|turn|4
|
|t:|1756472770
|switch|p1a: Rillaboom|Rillaboom, L50, F|100/100
|-fieldstart|move: Grassy Terrain|[from] ability: Grassy Surge|[of] p1a: Rillaboom
|move|p2b: Garchomp|Stomping Tantrum|p1b: Empoleon
|-supereffective|p1b: Empoleon
|-damage|p1b: Empoleon|0 fnt
|faint|p1b: Empoleon
|-damage|p2b: Garchomp|91/100|[from] item: Life Orb
|move|p2a: Ursaluna|Hyper Voice|p1a: Rillaboom
|-damage|p1a: Rillaboom|58/100
|
|-heal|p2b: Garchomp|97/100|[from] Grassy Terrain
|-heal|p2a: Ursaluna|39/100|[from] Grassy Terrain
|-heal|p1a: Rillaboom|64/100|[from] Grassy Terrain
|-sideend|p2: ZapdosFan471|move: Tailwind
|upkeep
|
|t:|1756472786
|switch|p1b: Volcarona|Volcarona, L50, M|100/100
|turn|5
|
|t:|1756472809
|switch|p2a: Annihilape|Annihilape, L50, F|100/100
|move|p1b: Volcarona|Protect|p1b: Volcarona
|-singleturn|p1b: Volcarona|Protect
|move|p1a: Rillaboom|Fake Out|p2a: Annihilape
|-immune|p2a: Annihilape
|move|p2b: Garchomp|Dragon Claw|p1a: Rillaboom
|-damage|p1a: Rillaboom|11/100
|-damage|p2b: Garchomp|87/100|[from] item: Life Orb
|
|-heal|p2b: Garchomp|93/100|[from] Grassy Terrain
|-heal|p1a: Rillaboom|16/100|[from] Grassy Terrain
|upkeep
|turn|6
|inactive|iceshard00 has 30 seconds left.
|
|t:|1756472836
|-terastallize|p1b: Volcarona|Grass
|move|p1a: Rillaboom|Grassy Glide|p2b: Garchomp
|-damage|p2b: Garchomp|55/100
|-damage|p1a: Rillaboom|4/100|[from] ability: Rough Skin|[of] p2b: Garchomp
|move|p2b: Garchomp|Dragon Claw|p1a: Rillaboom
|-damage|p1a: Rillaboom|0 fnt
|faint|p1a: Rillaboom
|-damage|p2b: Garchomp|46/100|[from] item: Life Orb
|move|p2a: Annihilape|Bulk Up|p2a: Annihilape
|-boost|p2a: Annihilape|atk|1
|-boost|p2a: Annihilape|def|1
|move|p1b: Volcarona|Giga Drain|p2b: Garchomp
|-crit|p2b: Garchomp
|-damage|p2b: Garchomp|0 fnt
|faint|p2b: Garchomp
|
|upkeep
|
|t:|1756472852
|switch|p2b: Ursaluna|Ursaluna-Bloodmoon, L50, M, tera:Normal|39/100
|switch|p1a: Talonflame|Talonflame, L50, M|20/100
|turn|7
|
|t:|1756472871
|move|p1a: Talonflame|Dual Wingbeat|p2a: Annihilape
|-supereffective|p2a: Annihilape
|-damage|p2a: Annihilape|80/100
|-supereffective|p2a: Annihilape
|-crit|p2a: Annihilape
|-damage|p2a: Annihilape|22/100
|-hitcount|p2a: Annihilape|2
|move|p2a: Annihilape|Drain Punch|p1b: Volcarona
|-damage|p1b: Volcarona|36/100
|-heal|p2a: Annihilape|55/100|[from] drain|[of] p1b: Volcarona
|-enditem|p1b: Volcarona|Sitrus Berry|[eat]
|-heal|p1b: Volcarona|61/100|[from] item: Sitrus Berry
|move|p1b: Volcarona|Quiver Dance|p1b: Volcarona
|-boost|p1b: Volcarona|spa|1
|-boost|p1b: Volcarona|spd|1
|-boost|p1b: Volcarona|spe|1
|move|p2b: Ursaluna|Hyper Voice|p1a: Talonflame|[spread] p1a,p1b
|-damage|p1a: Talonflame|0 fnt
|-damage|p1b: Volcarona|32/100
|faint|p1a: Talonflame
|
|-heal|p1b: Volcarona|38/100|[from] Grassy Terrain
|-heal|p2a: Annihilape|61/100|[from] Grassy Terrain
|-heal|p2a: Annihilape|67/100|[from] item: Leftovers
|-heal|p2b: Ursaluna|44/100|[from] Grassy Terrain
|upkeep
|turn|8
|inactive|iceshard00 has 30 seconds left.
|
|t:|1756472900
|move|p1b: Volcarona|Giga Drain|p2a: Annihilape
|-damage|p2a: Annihilape|3/100
|-heal|p1b: Volcarona|69/100|[from] drain|[of] p2a: Annihilape
|move|p2a: Annihilape|Rage Fist|p1b: Volcarona
|-damage|p1b: Volcarona|0 fnt
|-status|p2a: Annihilape|brn|[from] ability: Flame Body|[of] p1b: Volcarona
|faint|p1b: Volcarona
|
|win|ZapdosFan471
||ZapdosFan471 is ready for game 2.
|inactive|iceshard00 has 30 seconds to confirm battle start!
||iceshard00 is ready for game 2.
|uhtml|next|Next: Game 2 of 3
|l|☆ZapdosFan471
|player|p2|
