|j|☆Yishop
|j|☆isam2910
|html|Yishopisam2910    
|uhtml|bestof|Game 1 of a best-of-3
|t:|1783256361
|gametype|doubles
|player|p1|Yishop|lance|
|player|p2|isam2910|2|
|gen|9
|tier|[Gen 9 Champions] VGC 2026 Reg M-B (Bo3)
|rule|Species Clause: Limit one of each Pokémon
|rule|Item Clause: Limit 1 of each item
|clearpoke
|poke|p1|Metagross, L50|
|poke|p1|Zoroark-Hisui, L50, F|
|poke|p1|Basculegion-F, L50, F|
|poke|p1|Chandelure, L50, F|
|poke|p1|Crabominable, L50, M|
|poke|p1|Froslass, L50, F|
|poke|p2|Incineroar, L50, F|
|poke|p2|Staraptor, L50, M|
|poke|p2|Whimsicott, L50, M|
|poke|p2|Archaludon, L50, M|
|poke|p2|Hydrapple, L50, F|
|poke|p2|Vaporeon, L50, F|
|teampreview|4
|showteam|p1|Metagross||Metagrossite|ClearBody|BodyPress,BulletPunch,MeteorMash,ThunderPunch|Jolly|||||50|]Zoroark-Hisui||ExpertBelt|Illusion|BitterMalice,DarkPulse,Protect,CalmMind|Timid||F|||50|]Basculegion-F||ChoiceScarf|Adaptability|FlipTurn,LastRespects,IceFang,WaveCrash|Jolly||F|||50|]Chandelure||Leftovers|FlashFire|HeatWave,DarkPulse,CalmMind,Protect|Timid||F|||50|]Crabominable||LifeOrb|IronFist|WideGuard,IceHammer,CloseCombat,Protect|Adamant||M|||50|]Froslass||Froslassite|SnowCloak|AuroraVeil,Blizzard,NastyPlot,DestinyBond|Timid||F|||50|
|showteam|p2|Incineroar||SitrusBerry|Intimidate|FakeOut,FlareBlitz,WillOWisp,PartingShot|Careful||F|||50|]Staraptor||Staraptite|Intimidate|CloseCombat,BraveBird,Protect,Roost|Jolly||M|||50|]Whimsicott||FocusSash|Prankster|BeatUp,Moonblast,Encore,Protect|Serious||M|||50|]Archaludon||BlackGlasses|Stamina|FlashCannon,Snarl,StealthRock,DarkPulse|Bold||M|||50|]Hydrapple||YacheBerry|Regenerator|GigaDrain,DracoMeteor,EarthPower,FickleBeam|Calm||F|||50|]Vaporeon||Leftovers|WaterAbsorb|FlipTurn,Scald,Roar,Protect|Bold||F|||50|
|j| SC7PLAYZZ
|j| Zain37
|c| Zain37|hi
|j| Riri 82
|c| Riri 82|I ate an bora
|
|t:|1783256413
|teamsize|p1|4
|teamsize|p2|4
|start
|switch|p1a: Bashcoolegion|Basculegion-F, L50, F|100/100
|switch|p1b: Shambooteeny|Chandelure, L50, F|100/100
|switch|p2a: Incineroar|Incineroar, L50, F|100/100
|switch|p2b: Archaludon|Archaludon, L50, M|100/100
|-ability|p2a: Incineroar|Intimidate|boost
|-unboost|p1a: Bashcoolegion|atk|1
|-unboost|p1b: Shambooteeny|atk|1
|turn|1
|c| Zain37|AN BORA
|c| Zain37|UR BANNED
|l|☆Yishop
|player|p1|
|j|☆Yishop
|player|p1|Yishop|lance|
|c| Zain37|GO ISAM GO ISAM GO ISAM
|
|t:|1783256492
|move|p1a: Bashcoolegion|Wave Crash|p2a: Incineroar
|-supereffective|p2a: Incineroar|1
|-damage|p2a: Incineroar|26/100
|-enditem|p2a: Incineroar|Sitrus Berry|[eat]
|-heal|p2a: Incineroar|51/100|[from] item: Sitrus Berry
|-damage|p1a: Bashcoolegion|75/100|[from] Recoil
|move|p1b: Shambooteeny|Calm Mind|p1b: Shambooteeny
|-boost|p1b: Shambooteeny|spa|1
|-boost|p1b: Shambooteeny|spd|1
|move|p2b: Archaludon|Snarl|p1b: Shambooteeny|[spread] p1a,p1b
|-supereffective|p1a: Bashcoolegion|1
|-supereffective|p1b: Shambooteeny|1
|-damage|p1a: Bashcoolegion|45/100
|-damage|p1b: Shambooteeny|75/100
|-unboost|p1a: Bashcoolegion|spa|1
|-unboost|p1b: Shambooteeny|spa|1
|move|p2a: Incineroar|Parting Shot|p1a: Bashcoolegion
|-unboost|p1a: Bashcoolegion|atk|1
|-unboost|p1a: Bashcoolegion|spa|1
|
|t:|1783256518
|switch|p2a: Whimsicott|Whimsicott, L50, M|100/100|[from] Parting Shot
|
|-heal|p1b: Shambooteeny|81/100|[from] item: Leftovers
|upkeep
|turn|2
|inactive|Battle timer is ON: inactive players will automatically lose when time's up. (requested by isam2910)
|
|t:|1783256581
|move|p1a: Bashcoolegion|Wave Crash|p2a: Whimsicott
|-resisted|p2a: Whimsicott|1
|-damage|p2a: Whimsicott|79/100
|-damage|p1a: Bashcoolegion|40/100|[from] Recoil
|move|p2a: Whimsicott|Beat Up|p1b: Shambooteeny
|-supereffective|p1b: Shambooteeny|1
|-damage|p1b: Shambooteeny|75/100
|-supereffective|p1b: Shambooteeny|1
|-damage|p1b: Shambooteeny|66/100
|-supereffective|p1b: Shambooteeny|1
|-damage|p1b: Shambooteeny|57/100
|-supereffective|p1b: Shambooteeny|1
|-damage|p1b: Shambooteeny|48/100
|-hitcount|p1b: Shambooteeny|4
|move|p1b: Shambooteeny|Heat Wave|p2a: Whimsicott|[spread] p2b
|-miss|p1b: Shambooteeny|p2a: Whimsicott
|-damage|p2b: Archaludon|52/100
|-ability|p2b: Archaludon|Stamina|boost
|-boost|p2b: Archaludon|def|1
|move|p2b: Archaludon|Snarl|p1a: Bashcoolegion|[spread] p1a,p1b
|-supereffective|p1a: Bashcoolegion|1
|-supereffective|p1b: Shambooteeny|1
|-damage|p1a: Bashcoolegion|9/100
|-damage|p1b: Shambooteeny|21/100
|-unboost|p1a: Bashcoolegion|spa|1
|-unboost|p1b: Shambooteeny|spa|1
|
|-heal|p1b: Shambooteeny|27/100|[from] item: Leftovers
|upkeep
|turn|3
|inactive|Yishop has 60 seconds left.
|inactive|isam2910 has 60 seconds left.
|
|t:|1783256620
|move|p1a: Bashcoolegion|Wave Crash|p2a: Whimsicott
|-resisted|p2a: Whimsicott|1
|-damage|p2a: Whimsicott|58/100
|-damage|p1a: Bashcoolegion|3/100|[from] Recoil
|move|p2a: Whimsicott|Moonblast|p1b: Shambooteeny
|-resisted|p1b: Shambooteeny|1
|-damage|p1b: Shambooteeny|13/100
|move|p1b: Shambooteeny|Dark Pulse|p2a: Whimsicott
|-resisted|p2a: Whimsicott|1
|-damage|p2a: Whimsicott|44/100
|move|p2b: Archaludon|Snarl|p1b: Shambooteeny|[spread] p1a,p1b
|-supereffective|p1a: Bashcoolegion|1
|-supereffective|p1b: Shambooteeny|1
|-crit|p1b: Shambooteeny
|-damage|p1a: Bashcoolegion|0 fnt
|-damage|p1b: Shambooteeny|0 fnt
|faint|p1a: Bashcoolegion
|faint|p1b: Shambooteeny
|
|upkeep
|
|t:|1783256638
|switch|p1b: Froslass|Froslass, L50, F|100/100
|switch|p1a: sMASH|Crabominable, L50, M|100/100
|turn|4
|inactive|Yishop has 30 seconds left.
|inactive|isam2910 has 30 seconds left.
|inactive|Yishop has 20 seconds left.
|
|t:|1783256674
|detailschange|p1b: Froslass|Froslass-Mega, L50, F
|-mega|p1b: Froslass|Froslass|Froslassite
|-weather|Snowscape|[from] ability: Snow Warning|[of] p1b: Froslass
|move|p1a: sMASH|Wide Guard|p1a: sMASH
|-singleturn|p1a: sMASH|Wide Guard
|move|p1b: Froslass|Aurora Veil|p1b: Froslass
|-sidestart|p1: Yishop|move: Aurora Veil
|move|p2a: Whimsicott|Moonblast|p1a: sMASH
|-supereffective|p1a: sMASH|1
|-damage|p1a: sMASH|56/100
|move|p2b: Archaludon|Flash Cannon|p1a: sMASH
|-supereffective|p1a: sMASH|1
|-damage|p1a: sMASH|6/100
|
|-weather|Snowscape|[upkeep]
|upkeep
|turn|5
|c| Riri 82|放屁
|
|t:|1783256695
|move|p1b: Froslass|Blizzard|p2b: Archaludon|[spread] p2a,p2b
|-supereffective|p2a: Whimsicott|1
|-damage|p2a: Whimsicott|0 fnt
|-damage|p2b: Archaludon|0 fnt
|faint|p2a: Whimsicott
|faint|p2b: Archaludon
|move|p1a: sMASH|Ice Hammer|p2: Whimsicott|[notarget]
|-fail|p1a: sMASH
|
|-weather|Snowscape|[upkeep]
|upkeep
|
|t:|1783256701
|switch|p2a: Staraptor|Staraptor, L50, M|100/100
|switch|p2b: Incineroar|Incineroar, L50, F|51/100
|-ability|p2a: Staraptor|Intimidate|boost
|-unboost|p1a: sMASH|atk|1
|-unboost|p1b: Froslass|atk|1
|-ability|p2b: Incineroar|Intimidate|boost
|-unboost|p1a: sMASH|atk|1
|-unboost|p1b: Froslass|atk|1
|turn|6
|inactive|Yishop has 30 seconds left.
|inactive|isam2910 has 30 seconds left.
|
|t:|1783256729
|detailschange|p2a: Staraptor|Staraptor-Mega, L50, M
|-mega|p2a: Staraptor|Staraptor|Staraptite
|move|p1b: Froslass|Blizzard|p2a: Staraptor|[spread] p2a,p2b
|-supereffective|p2a: Staraptor|1
|-resisted|p2b: Incineroar|1
|-damage|p2a: Staraptor|0 fnt
|-damage|p2b: Incineroar|35/100
|faint|p2a: Staraptor
|move|p2b: Incineroar|Flare Blitz|p1b: Froslass
|-supereffective|p1b: Froslass|1
|-damage|p1b: Froslass|36/100
|-damage|p2b: Incineroar|20/100y|[from] Recoil
|move|p1a: sMASH|Ice Hammer|p2b: Incineroar
|-resisted|p2b: Incineroar|1
|-damage|p2b: Incineroar|1/100
|-unboost|p1a: sMASH|spe|1
|-damage|p1a: sMASH|0 fnt|[from] item: Life Orb
|faint|p1a: sMASH
|
|-weather|Snowscape|[upkeep]
|upkeep
|turn|7
|
|t:|1783256749
|move|p1b: Froslass|Blizzard|p2b: Incineroar
|-resisted|p2b: Incineroar|1
|-damage|p2b: Incineroar|0 fnt
|faint|p2b: Incineroar
|
|win|Yishop
