|j|☆zzzssszzz
|j|☆Voidling242
|html|zzzssszzzVoidling242    
|uhtml|bestof|Game 1 of a best-of-3
|t:|1756586282
|gametype|doubles
|player|p1|zzzssszzz|pryce|1040
|player|p2|Voidling242|170|1000
|gen|9
|tier|[Gen 9] VGC 2025 Reg H (Bo3)
|rated|
|rule|Species Clause: Limit one of each Pokémon
|rule|Item Clause: Limit 1 of each item
|clearpoke
|poke|p1|Politoed, L50, F|
|poke|p1|Archaludon, L50, F|
|poke|p1|Kingdra, L50, F|
|poke|p1|Incineroar, L50, M|
|poke|p1|Amoonguss, L50, M|
|poke|p1|Gothitelle, L50, F|
|poke|p2|Primarina, L50, F|
|poke|p2|Rillaboom, L50, F|
|poke|p2|Ninetales-Alola, L50, F|
|poke|p2|Gothitelle, L50, F|
|poke|p2|Lapras, L50, F|
|poke|p2|Incineroar, L50, F|
|teampreview|4
|showteam|p1|Politoed||Leftovers|Drizzle|Protect,WeatherBall,PerishSong,Encore|||F|||50|,,,,,Grass]Archaludon||PowerHerb|Sturdy|Protect,ElectroShot,FlashCannon,DragonPulse|||F|||50|,,,,,Electric]Kingdra||LifeOrb|SwiftSwim|Protect,DracoMeteor,WeatherBall,MuddyWater|||F|||50|,,,,,Stellar]Incineroar||SafetyGoggles|Intimidate|FakeOut,KnockOff,PartingShot,Protect|||M|||50|,,,,,Ghost]Amoonguss||EjectButton|Regenerator|Protect,RagePowder,Spore,PollenPuff|||M|||50|,,,,,Fairy]Gothitelle||SitrusBerry|ShadowTag|Protect,Psychic,FakeOut,TrickRoom|||F|||50|,,,,,Dark
|showteam|p2|Primarina||MentalHerb|Torrent|Protect,PerishSong,WaterPledge,Moonblast|||F|||50|,,,,,Grass]Rillaboom||CovertCloak|GrassySurge|Protect,FakeOut,Uturn,GrassPledge|||F|||50|,,,,,Grass]Ninetales-Alola||LightClay|SnowWarning|Protect,Moonblast,AuroraVeil,IcyWind|||F|||50|,,,,,Ice]Gothitelle||SitrusBerry|ShadowTag|Protect,Psychic,FakeOut,TrickRoom|||F|||50|,,,,,Dark]Lapras||LifeOrb|WaterAbsorb|Protect,PerishSong,FreezeDry,SparklingAria|||F|||50|,,,,,Ice]Incineroar||SafetyGoggles|Intimidate|Protect,PartingShot,FakeOut,FirePledge|||F|||50|,,,,,Fire
|inactive|Battle timer is ON: inactive players will automatically lose when time's up. (requested by zzzssszzz)
|inactive|zzzssszzz has 60 seconds left.
|
|t:|1756586333
|teamsize|p1|4
|teamsize|p2|4
|start
|switch|p1a: Gothitelle|Gothitelle, L50, F|100/100
|switch|p1b: Incineroar|Incineroar, L50, M|100/100
|switch|p2a: Lapras|Lapras, L50, F|100/100
|switch|p2b: Ninetales|Ninetales-Alola, L50, F|100/100
|-weather|Snowscape|[from] ability: Snow Warning|[of] p2b: Ninetales
|-ability|p1b: Incineroar|Intimidate|boost
|-unboost|p2a: Lapras|atk|1
|-unboost|p2b: Ninetales|atk|1
|turn|1
|
|t:|1756586349
|move|p2b: Ninetales|Protect|p2b: Ninetales
|-singleturn|p2b: Ninetales|Protect
|move|p2a: Lapras|Protect|p2a: Lapras
|-singleturn|p2a: Lapras|Protect
|move|p1a: Gothitelle|Fake Out|p2a: Lapras
|-activate|p2a: Lapras|move: Protect
|move|p1b: Incineroar|Parting Shot|p2a: Lapras
|-activate|p2a: Lapras|move: Protect
|
|-weather|Snowscape|[upkeep]
|upkeep
|turn|2
|inactive|Voidling242 has 30 seconds left.
|
|t:|1756586381
|move|p1b: Incineroar|Protect|p1b: Incineroar
|-singleturn|p1b: Incineroar|Protect
|move|p2b: Ninetales|Aurora Veil|p2b: Ninetales
|-sidestart|p2: Voidling242|move: Aurora Veil
|move|p2a: Lapras|Sparkling Aria|p1b: Incineroar|[spread] p2b,p1a
|-activate|p1b: Incineroar|move: Protect
|-crit|p2b: Ninetales
|-damage|p2b: Ninetales|54/100
|-damage|p1a: Gothitelle|80/100
|-damage|p2a: Lapras|91/100|[from] item: Life Orb
|move|p1a: Gothitelle|Trick Room|p1a: Gothitelle
|-fieldstart|move: Trick Room|[of] p1a: Gothitelle
|
|-weather|Snowscape|[upkeep]
|upkeep
|turn|3
|inactive|Voidling242 has 30 seconds left.
|inactive|Voidling242 has 20 seconds left.
|inactive|Voidling242 has 15 seconds left.
|
|t:|1756586422
|switch|p1a: Politoed|Politoed, L50, F|100/100
|-weather|RainDance|[from] ability: Drizzle|[of] p1a: Politoed
|move|p1b: Incineroar|Parting Shot|p2a: Lapras
|-unboost|p2a: Lapras|atk|1
|-unboost|p2a: Lapras|spa|1
|
|t:|1756586431
|switch|p1b: Gothitelle|Gothitelle, L50, F|80/100|[from] Parting Shot
|move|p2a: Lapras|Sparkling Aria|p1a: Politoed|[spread] p2b,p1a,p1b
|-resisted|p1a: Politoed
|-damage|p2b: Ninetales|32/100
|-damage|p1a: Politoed|89/100
|-damage|p1b: Gothitelle|56/100
|-damage|p2a: Lapras|81/100|[from] item: Life Orb
|move|p2b: Ninetales|Icy Wind|p1a: Politoed|[spread] p1a,p1b
|-resisted|p1a: Politoed
|-damage|p1a: Politoed|84/100
|-damage|p1b: Gothitelle|47/100
|-unboost|p1a: Politoed|spe|1
|-unboost|p1b: Gothitelle|spe|1
|-enditem|p1b: Gothitelle|Sitrus Berry|[eat]
|-heal|p1b: Gothitelle|72/100|[from] item: Sitrus Berry
|
|-weather|RainDance|[upkeep]
|-heal|p1a: Politoed|90/100|[from] item: Leftovers
|upkeep
|turn|4
|
|t:|1756586453
|move|p1b: Gothitelle|Fake Out|p2a: Lapras
|-damage|p2a: Lapras|78/100
|move|p1a: Politoed|Perish Song|p1a: Politoed
|-start|p1a: Politoed|perish3|[silent]
|-start|p1b: Gothitelle|perish3|[silent]
|-start|p2a: Lapras|perish3|[silent]
|-start|p2b: Ninetales|perish3|[silent]
|-fieldactivate|move: Perish Song
|cant|p2a: Lapras|flinch
|move|p2b: Ninetales|Moonblast|p1b: Gothitelle
|-damage|p1b: Gothitelle|49/100
|
|-weather|RainDance|[upkeep]
|-heal|p1a: Politoed|96/100|[from] item: Leftovers
|-start|p1b: Gothitelle|perish3
|-start|p1a: Politoed|perish3
|-start|p2a: Lapras|perish3
|-start|p2b: Ninetales|perish3
|upkeep
|turn|5
|inactive|zzzssszzz has 30 seconds left.
|inactive|zzzssszzz has 20 seconds left.
|
|t:|1756586492
|switch|p1b: Amoonguss|Amoonguss, L50, M|100/100
|move|p1a: Politoed|Protect|p1a: Politoed
|-singleturn|p1a: Politoed|Protect
|move|p2a: Lapras|Freeze-Dry|p1a: Politoed
|-activate|p1a: Politoed|move: Protect
|move|p2b: Ninetales|Icy Wind|p1a: Politoed|[spread] p1b
|-activate|p1a: Politoed|move: Protect
|-supereffective|p1b: Amoonguss
|-damage|p1b: Amoonguss|78/100
|-unboost|p1b: Amoonguss|spe|1
|-enditem|p1b: Amoonguss|Eject Button
|
|t:|1756586499
|switch|p1b: Gothitelle|Gothitelle, L50, F|49/100
|
|-weather|RainDance|[upkeep]
|-heal|p1a: Politoed|100/100|[from] item: Leftovers
|-start|p1a: Politoed|perish2
|-start|p2a: Lapras|perish2
|-start|p2b: Ninetales|perish2
|upkeep
|turn|6
|
|t:|1756586522
|switch|p1a: Amoonguss|Amoonguss, L50, M|100/100
|move|p1b: Gothitelle|Fake Out|p2a: Lapras
|-damage|p2a: Lapras|74/100
|cant|p2a: Lapras|flinch
|move|p2b: Ninetales|Moonblast|p1b: Gothitelle
|-crit|p1b: Gothitelle
|-damage|p1b: Gothitelle|19/100
|
|-weather|RainDance|[upkeep]
|-start|p2a: Lapras|perish1
|-start|p2b: Ninetales|perish1
|-fieldend|move: Trick Room
|upkeep
|turn|7
|inactive|zzzssszzz has 30 seconds left.
|
|t:|1756586555
|switch|p1b: Incineroar|Incineroar, L50, M|100/100
|-ability|p1b: Incineroar|Intimidate|boost
|-unboost|p2a: Lapras|atk|1
|-unboost|p2b: Ninetales|atk|1
|move|p1a: Amoonguss|Rage Powder|p1a: Amoonguss
|-singleturn|p1a: Amoonguss|move: Rage Powder
|move|p2b: Ninetales|Moonblast|p1a: Amoonguss
|-resisted|p1a: Amoonguss
|-damage|p1a: Amoonguss|88/100
|-unboost|p1a: Amoonguss|spa|1
|move|p2a: Lapras|Freeze-Dry|p1a: Amoonguss
|-supereffective|p1a: Amoonguss
|-damage|p1a: Amoonguss|47/100
|-damage|p2a: Lapras|64/100|[from] item: Life Orb
|
|-weather|none
|-start|p2b: Ninetales|perish0
|-start|p2a: Lapras|perish0
|faint|p2b: Ninetales
|faint|p2a: Lapras
|upkeep
|inactive|Voidling242 has 30 seconds left.
|-message|Voidling242 forfeited.
|
|win|zzzssszzz
