|j|☆SwaglessBozo
|j|☆Keith Jones
|html|SwaglessBozoKeith Jones    
|uhtml|bestof|Game 2 of a best-of-3
|t:|1783373455
|gametype|doubles
|player|p1|SwaglessBozo|2|1185
|player|p2|Keith Jones|benga|1344
|gen|9
|tier|[Gen 9 Champions] VGC 2026 Reg M-B (Bo3)
|rated|
|rule|Species Clause: Limit one of each Pokémon
|rule|Item Clause: Limit 1 of each item
|clearpoke
|poke|p1|Raichu, L50, F|
|poke|p1|Jolteon, L50, F|
|poke|p1|Ninetales-Alola, L50, M|
|poke|p1|Staraptor, L50, F|
|poke|p1|Whimsicott, L50, F|
|poke|p1|Chandelure, L50, M|
|poke|p2|Kleavor, L50, F|
|poke|p2|Metagross, L50|
|poke|p2|Dragonite, L50, F|
|poke|p2|Incineroar, L50, M|
|poke|p2|Milotic, L50, F|
|poke|p2|Sinistcha, L50|
|teampreview|4
|showteam|p1|Raichu||RaichuniteX|LightningRod|Encore,FakeOut,VoltTackle,HelpingHand|Jolly||F|||50|]Jolteon||LifeOrb|VoltAbsorb|CalmMind,Protect,RisingVoltage,AlluringVoice|Timid||F|||50|]Ninetales-Alola||FocusSash|SnowWarning|Protect,Roar,Blizzard,FreezeDry|Timid||M|||50|]Staraptor||Staraptite|Intimidate|CloseCombat,BraveBird,Roost,Protect|Adamant||F|||50|]Whimsicott||OccaBerry|Prankster|Charm,Tailwind,Protect,Moonblast|Bold||F|||50|]Chandelure||ChoiceScarf|Infiltrator|HeatWave,ShadowBall,Overheat,EnergyBall|Timid||M|||50|
|showteam|p2|Kleavor||FocusSash|Sharpness|StoneAxe,XScissor,CloseCombat,Protect|Jolly||F|||50|]Metagross||Metagrossite|ClearBody|IronHead,IcePunch,HammerArm,Protect|Jolly|||||50|]Dragonite||DragonFang|Multiscale|ScaleShot,ExtremeSpeed,Tailwind,Protect|Adamant||F|||50|]Incineroar||SitrusBerry|Intimidate|PartingShot,FakeOut,ThroatChop,FlareBlitz|Careful||M|||50|]Milotic||Leftovers|Competitive|MuddyWater,Coil,Hypnosis,Protect|Calm||F|||50|]Sinistcha||KasibBerry|Hospitality|MatchaGotcha,RagePowder,TrickRoom,LifeDew|Relaxed|||||50|
|
|t:|1783373488
|teamsize|p1|4
|teamsize|p2|4
|start
|switch|p1a: Raichu|Raichu, L50, F|100/100
|switch|p1b: Jolteon|Jolteon, L50, F|100/100
|switch|p2a: Incineroar|Incineroar, L50, M|100/100
|switch|p2b: Dragonite|Dragonite, L50, F|100/100
|-ability|p2a: Incineroar|Intimidate|boost
|-unboost|p1a: Raichu|atk|1
|-unboost|p1b: Jolteon|atk|1
|turn|1
|
|t:|1783373515
|detailschange|p1a: Raichu|Raichu-Mega-X, L50, F
|-mega|p1a: Raichu|Raichu|Raichunite X
|-fieldstart|move: Electric Terrain|[from] ability: Electric Surge|[of] p1a: Raichu
|move|p2b: Dragonite|Protect|p2b: Dragonite
|-singleturn|p2b: Dragonite|Protect
|move|p1a: Raichu|Fake Out|p2b: Dragonite
|-activate|p2b: Dragonite|move: Protect
|move|p1b: Jolteon|Rising Voltage|p2a: Incineroar
|-hint|Rising Voltage's BP doubled on grounded target.
|-damage|p2a: Incineroar|17/100
|-enditem|p2a: Incineroar|Sitrus Berry|[eat]
|-heal|p2a: Incineroar|42/100|[from] item: Sitrus Berry
|-damage|p1b: Jolteon|90/100|[from] item: Life Orb
|move|p2a: Incineroar|Parting Shot|p1b: Jolteon
|-unboost|p1b: Jolteon|atk|1
|-unboost|p1b: Jolteon|spa|1
|
|t:|1783373536
|switch|p2a: Kleavor|Kleavor, L50, F|100/100|[from] Parting Shot
|
|upkeep
|turn|2
|
|t:|1783373553
|switch|p2b: Incineroar|Incineroar, L50, M|42/100
|-ability|p2b: Incineroar|Intimidate|boost
|-unboost|p1a: Raichu|atk|1
|-unboost|p1b: Jolteon|atk|1
|move|p1b: Jolteon|Rising Voltage|p2a: Kleavor
|-hint|Rising Voltage's BP doubled on grounded target.
|-enditem|p2a: Kleavor|Focus Sash
|-damage|p2a: Kleavor|1/100
|-damage|p1b: Jolteon|80/100|[from] item: Life Orb
|move|p1a: Raichu|Encore||[still]
|-fail|p1a: Raichu
|move|p2a: Kleavor|Stone Axe|p1b: Jolteon
|-damage|p1b: Jolteon|0 fnt
|-sidestart|p1: SwaglessBozo|move: Stealth Rock
|faint|p1b: Jolteon
|
|upkeep
|
|t:|1783373559
|switch|p1b: Chandelure|Chandelure, L50, M|100/100
|-damage|p1b: Chandelure|75/100|[from] Stealth Rock
|turn|3
|
|t:|1783373581
|move|p2a: Kleavor|Protect|p2a: Kleavor
|-singleturn|p2a: Kleavor|Protect
|move|p1b: Chandelure|Heat Wave|p2b: Incineroar|[spread] p2b
|-activate|p2a: Kleavor|move: Protect
|-resisted|p2b: Incineroar|1
|-damage|p2b: Incineroar|27/100
|move|p1a: Raichu|Volt Tackle|p2b: Incineroar
|-damage|p2b: Incineroar|0 fnt
|faint|p2b: Incineroar
|-damage|p1a: Raichu|88/100|[from] Recoil
|
|upkeep
|
|t:|1783373584
|switch|p2b: Dragonite|Dragonite, L50, F|100/100
|turn|4
|
|t:|1783373598
|move|p1a: Raichu|Helping Hand|p1b: Chandelure
|-singleturn|p1b: Chandelure|Helping Hand|[of] p1a: Raichu
|move|p1b: Chandelure|Heat Wave|p2a: Kleavor|[spread] p2a,p2b
|-resisted|p2b: Dragonite|1
|-damage|p2a: Kleavor|0 fnt
|-damage|p2b: Dragonite|83/100
|faint|p2a: Kleavor
|move|p2b: Dragonite|Scale Shot|p1b: Chandelure
|-damage|p1b: Chandelure|51/100
|-damage|p1b: Chandelure|27/100
|-hitcount|p1b: Chandelure|2
|-unboost|p2b: Dragonite|def|1
|-boost|p2b: Dragonite|spe|1
|
|upkeep
|
|t:|1783373609
|switch|p2a: Metagross|Metagross, L50|100/100
|turn|5
|
|t:|1783373627
|switch|p1a: Whimsicott|Whimsicott, L50, F|100/100
|-damage|p1a: Whimsicott|88/100|[from] Stealth Rock
|detailschange|p2a: Metagross|Metagross-Mega, L50
|-mega|p2a: Metagross|Metagross|Metagrossite
|move|p1b: Chandelure|Heat Wave|p2a: Metagross|[spread] p2a
|-miss|p1b: Chandelure|p2b: Dragonite
|-supereffective|p2a: Metagross|1
|-damage|p2a: Metagross|19/100
|move|p2b: Dragonite|Scale Shot|p1b: Chandelure
|-damage|p1b: Chandelure|2/100
|-damage|p1b: Chandelure|0 fnt
|faint|p1b: Chandelure
|-hitcount|p1: Chandelure|2
|-unboost|p2b: Dragonite|def|1
|-boost|p2b: Dragonite|spe|1
|move|p2a: Metagross|Hammer Arm|p1a: Whimsicott
|-resisted|p1a: Whimsicott|1
|-damage|p1a: Whimsicott|66/100
|-unboost|p2a: Metagross|spe|1
|
|-fieldend|move: Electric Terrain
|upkeep
|
|t:|1783373633
|switch|p1b: Raichu|Raichu-Mega-X, L50, F|88/100
|-damage|p1b: Raichu|76/100|[from] Stealth Rock
|-fieldstart|move: Electric Terrain|[from] ability: Electric Surge|[of] p1b: Raichu
|turn|6
|
|t:|1783373651
|move|p1b: Raichu|Fake Out|p2b: Dragonite
|-damage|p2b: Dragonite|51/100
|move|p1a: Whimsicott|Tailwind|p1a: Whimsicott
|-sidestart|p1: SwaglessBozo|move: Tailwind
|cant|p2b: Dragonite|flinch
|move|p2a: Metagross|Hammer Arm|p1b: Raichu
|-damage|p1b: Raichu|13/100
|-unboost|p2a: Metagross|spe|1
|
|upkeep
|turn|7
|
|t:|1783373666
|move|p2b: Dragonite|Extreme Speed|p1b: Raichu
|-damage|p1b: Raichu|0 fnt
|faint|p1b: Raichu
|move|p1a: Whimsicott|Moonblast|p2b: Dragonite
|-supereffective|p2b: Dragonite|1
|-damage|p2b: Dragonite|0 fnt
|faint|p2b: Dragonite
|move|p2a: Metagross|Iron Head|p1a: Whimsicott
|-supereffective|p1a: Whimsicott|1
|-damage|p1a: Whimsicott|0 fnt
|faint|p1a: Whimsicott
|
|win|Keith Jones
|raw|SwaglessBozo's rating: 1185 → 1171(-14 for losing)
|raw|Keith Jones's rating: 1344 → 1355(+11 for winning)
|c|☆Keith Jones|gg
