|j|☆lolgz
|j|☆greater basilisk
|html|lolgzgreater basilisk    
|uhtml|bestof|Game 2 of a best-of-3
|t:|1782429444
|gametype|doubles
|player|p1|lolgz|dawn|1175
|player|p2|greater basilisk|bianca|1098
|gen|9
|tier|[Gen 9 Champions] VGC 2026 Reg M-B (Bo3)
|rated|
|rule|Species Clause: Limit one of each Pokémon
|rule|Item Clause: Limit 1 of each item
|clearpoke
|poke|p1|Mawile, L50, M|
|poke|p1|Sneasler, L50, F|
|poke|p1|Farigiraf, L50, F|
|poke|p1|Ampharos, L50, F|
|poke|p1|Vileplume, L50, F|
|poke|p1|Torkoal, L50, M|
|poke|p2|Charizard, L50, F|
|poke|p2|Basculegion, L50, M|
|poke|p2|Metagross, L50|
|poke|p2|Whimsicott, L50, F|
|poke|p2|Garchomp, L50, F|
|poke|p2|Incineroar, L50, F|
|teampreview|4
|showteam|p1|Mawile||Mawilite|HyperCutter|PlayRough,SuckerPunch,SwordsDance,Protect|Serious||M|||50|]Sneasler||IronBall|PoisonTouch|FakeOut,DireClaw,CloseCombat,RockTomb|Brave||F|||50|]Farigiraf||SitrusBerry|ArmorTail|TrickRoom,Thunderbolt,Psychic,HelpingHand|Relaxed||F|||50|]Ampharos||Ampharosite|Static|Thunderbolt,DragonPulse,Protect,FocusBlast|Brave||F|||50|]Vileplume||FocusSash|Chlorophyll|SleepPowder,SludgeBomb,EnergyBall,AfterYou|Timid||F|||50|]Torkoal||Charcoal|Drought|Eruption,WeatherBall,EarthPower,Protect|Quiet||M|||50|
|showteam|p2|Charizard||CharizarditeY|SolarPower|Protect,HeatWave,SolarBeam,WeatherBall|Timid||F|||50|]Basculegion||MysticWater|Adaptability|Protect,AquaJet,LastRespects,WaveCrash|Adamant||M|||50|]Metagross||Metagrossite|ClearBody|Protect,IronHead,Earthquake,PsychicFangs|Jolly|||||50|]Whimsicott||FocusSash|Prankster|Protect,Tailwind,Encore,Moonblast|Timid||F|||50|]Garchomp||LifeOrb|RoughSkin|Protect,RockSlide,Earthquake,DragonClaw|Jolly||F|||50|]Incineroar||SitrusBerry|Intimidate|FakeOut,PartingShot,FlareBlitz,DarkestLariat|Impish||F|||50|
|inactive|Battle timer is ON: inactive players will automatically lose when time's up. (requested by greater basilisk)
|inactive|lolgz also wants the timer to be on.
|inactive|lolgz has 60 seconds left.
|inactive|greater basilisk has 60 seconds left.
|
|t:|1782429480
|teamsize|p1|4
|teamsize|p2|4
|start
|switch|p1a: Farigiraf|Farigiraf, L50, F|100/100
|switch|p1b: Sneasler|Sneasler, L50, F|100/100
|switch|p2a: Basculegion|Basculegion, L50, M|100/100
|switch|p2b: Charizard|Charizard, L50, F|100/100
|turn|1
|
|t:|1782429494
|switch|p2b: Incineroar|Incineroar, L50, F|100/100
|-ability|p2b: Incineroar|Intimidate|boost
|-unboost|p1a: Farigiraf|atk|1
|-unboost|p1b: Sneasler|atk|1
|move|p1b: Sneasler|Fake Out|p2b: Incineroar
|-damage|p2b: Incineroar|92/100
|move|p2a: Basculegion|Wave Crash|p1b: Sneasler
|-damage|p1b: Sneasler|0 fnt
|faint|p1b: Sneasler
|-damage|p2a: Basculegion|68/100|[from] Recoil
|move|p1a: Farigiraf|Trick Room|p1a: Farigiraf
|-fieldstart|move: Trick Room|[of] p1a: Farigiraf
|
|upkeep
|
|t:|1782429497
|switch|p1b: Ampharos|Ampharos, L50, F|100/100
|turn|2
|
|t:|1782429507
|switch|p1a: Torkoal|Torkoal, L50, M|100/100
|-weather|SunnyDay|[from] ability: Drought|[of] p1a: Torkoal
|switch|p2a: Garchomp|Garchomp, L50, F|100/100
|detailschange|p1b: Ampharos|Ampharos-Mega, L50, F
|-mega|p1b: Ampharos|Ampharos|Ampharosite
|-ability|p1b: Ampharos|Mold Breaker
|move|p1b: Ampharos|Thunderbolt|p2a: Garchomp
|-immune|p2a: Garchomp
|move|p2b: Incineroar|Parting Shot|p1b: Ampharos
|-unboost|p1b: Ampharos|atk|1
|-unboost|p1b: Ampharos|spa|1
|
|t:|1782429522
|switch|p2b: Basculegion|Basculegion, L50, M|68/100|[from] Parting Shot
|
|-weather|SunnyDay|[upkeep]
|upkeep
|turn|3
|
|t:|1782429533
|switch|p2b: Incineroar|Incineroar, L50, F|92/100
|-ability|p2b: Incineroar|Intimidate|boost
|-unboost|p1a: Torkoal|atk|1
|-unboost|p1b: Ampharos|atk|1
|move|p2a: Garchomp|Protect|p2a: Garchomp
|-singleturn|p2a: Garchomp|Protect
|move|p1a: Torkoal|Eruption|p2a: Garchomp|[spread] p2b
|-activate|p2a: Garchomp|move: Protect
|-resisted|p2b: Incineroar|1
|-damage|p2b: Incineroar|51/100
|move|p1b: Ampharos|Dragon Pulse|p2a: Garchomp
|-activate|p2a: Garchomp|move: Protect
|
|-weather|SunnyDay|[upkeep]
|upkeep
|turn|4
|
|t:|1782429552
|switch|p1b: Farigiraf|Farigiraf, L50, F|100/100
|switch|p2a: Basculegion|Basculegion, L50, M|68/100
|move|p2b: Incineroar|Fake Out||[still]
|cant|p1b: Farigiraf|ability: Armor Tail|Fake Out|[of] p2b: Incineroar
|move|p1a: Torkoal|Eruption|p2b: Incineroar|[spread] p2a,p2b
|-resisted|p2a: Basculegion|1
|-resisted|p2b: Incineroar|1
|-damage|p2a: Basculegion|23/100
|-damage|p2b: Incineroar|12/100
|-enditem|p2b: Incineroar|Sitrus Berry|[eat]
|-heal|p2b: Incineroar|37/100|[from] item: Sitrus Berry
|
|-weather|SunnyDay|[upkeep]
|upkeep
|turn|5
|
|t:|1782429560
|move|p1b: Farigiraf|Helping Hand|p1a: Torkoal
|-singleturn|p1a: Torkoal|Helping Hand|[of] p1b: Farigiraf
|move|p2a: Basculegion|Protect|p2a: Basculegion
|-singleturn|p2a: Basculegion|Protect
|move|p1a: Torkoal|Eruption|p2b: Incineroar|[spread] p2b
|-activate|p2a: Basculegion|move: Protect
|-resisted|p2b: Incineroar|1
|-damage|p2b: Incineroar|0 fnt
|faint|p2b: Incineroar
|
|-weather|SunnyDay|[upkeep]
|-fieldend|move: Trick Room
|upkeep
|
|t:|1782429569
|switch|p2b: Garchomp|Garchomp, L50, F|100/100
|turn|6
|
|t:|1782429593
|move|p2b: Garchomp|Earthquake|p1a: Torkoal|[spread] p2a,p1a,p1b
|-supereffective|p1a: Torkoal|1
|-crit|p1a: Torkoal
|-damage|p2a: Basculegion|0 fnt
|-damage|p1a: Torkoal|0 fnt
|-damage|p1b: Farigiraf|61/100
|faint|p2a: Basculegion
|faint|p1a: Torkoal
|-damage|p2b: Garchomp|90/100|[from] item: Life Orb
|move|p1b: Farigiraf|Trick Room|p1b: Farigiraf
|-fieldstart|move: Trick Room|[of] p1b: Farigiraf
|
|-weather|none
|upkeep
|
|t:|1782429602
|switch|p1a: Ampharos|Ampharos-Mega, L50, F|100/100
|switch|p2a: Charizard|Charizard, L50, F|100/100
|-ability|p1a: Ampharos|Mold Breaker
|turn|7
|
|t:|1782429613
|move|p2a: Charizard|Protect|p2a: Charizard
|-singleturn|p2a: Charizard|Protect
|move|p2b: Garchomp|Protect|p2b: Garchomp
|-singleturn|p2b: Garchomp|Protect
|move|p1a: Ampharos|Dragon Pulse|p2b: Garchomp
|-activate|p2b: Garchomp|move: Protect
|move|p1b: Farigiraf|Thunderbolt|p2a: Charizard
|-activate|p2a: Charizard|move: Protect
|
|upkeep
|turn|8
|
|t:|1782429624
|detailschange|p2a: Charizard|Charizard-Mega-Y, L50, F
|-mega|p2a: Charizard|Charizard|Charizardite Y
|-weather|SunnyDay|[from] ability: Drought|[of] p2a: Charizard
|move|p1a: Ampharos|Dragon Pulse|p2b: Garchomp
|-supereffective|p2b: Garchomp|1
|-damage|p2b: Garchomp|0 fnt
|faint|p2b: Garchomp
|move|p1b: Farigiraf|Thunderbolt|p2a: Charizard
|-supereffective|p2a: Charizard|1
|-damage|p2a: Charizard|56/100
|move|p2a: Charizard|Weather Ball|p1b: Farigiraf
|-damage|p1b: Farigiraf|0 fnt
|faint|p1b: Farigiraf
|
|-weather|SunnyDay|[upkeep]
|upkeep
|turn|9
|
|t:|1782429633
|move|p2a: Charizard|Protect|p2a: Charizard
|-singleturn|p2a: Charizard|Protect
|move|p1a: Ampharos|Thunderbolt|p2a: Charizard
|-activate|p2a: Charizard|move: Protect
|
|-weather|SunnyDay|[upkeep]
|upkeep
|turn|10
|
|t:|1782429634
|move|p2a: Charizard|Protect||[still]
|-fail|p2a: Charizard
|move|p1a: Ampharos|Thunderbolt|p2a: Charizard
|-supereffective|p2a: Charizard|1
|-damage|p2a: Charizard|0 fnt
|faint|p2a: Charizard
|
|win|lolgz
|raw|lolgz's rating: 1175 → 1195(+20 for winning)
|raw|greater basilisk's rating: 1098 → 1079(-19 for losing)
