|j|☆kamisnivy
|j|☆monsoonisbest
|html|kamisnivymonsoonisbest    
|uhtml|bestof|Game 2 of a best-of-3
|t:|1782550058
|gametype|doubles
|player|p1|kamisnivy|101|1107
|player|p2|monsoonisbest|1|1146
|gen|9
|tier|[Gen 9 Champions] VGC 2026 Reg M-B (Bo3)
|rated|
|rule|Species Clause: Limit one of each Pokémon
|rule|Item Clause: Limit 1 of each item
|clearpoke
|poke|p1|Charizard, L50, M|
|poke|p1|Basculegion, L50, M|
|poke|p1|Floette-Eternal, L50, F|
|poke|p1|Sableye, L50, F|
|poke|p1|Espathra, L50, F|
|poke|p1|Sinistcha, L50|
|poke|p2|Pyroar, L50, M|
|poke|p2|Basculegion, L50, M|
|poke|p2|Mawile, L50, F|
|poke|p2|Torkoal, L50, M|
|poke|p2|Oranguru, L50, M|
|poke|p2|Grimmsnarl, L50, M|
|teampreview|4
|showteam|p1|Charizard||CharizarditeY|Blaze|HeatWave,Protect,SolarBeam,WeatherBall|Timid||M|||50|]Basculegion||LifeOrb|Adaptability|AquaJet,LastRespects,WaveCrash,FlipTurn|Jolly||M|||50|]Floette-Eternal||Floettite|FlowerVeil|CalmMind,DrainingKiss,LightofRuin,DazzlingGleam|Timid||F|||50|]Sableye||RoseliBerry|Prankster|LightScreen,Reflect,FakeOut,Protect|Impish||F|||50|]Espathra||MentalHerb|SpeedBoost|BatonPass,CalmMind,LuminaCrash,Protect|Modest||F|||50|]Sinistcha||Leftovers|Hospitality|MatchaGotcha,ShadowBall,StrengthSap,RagePowder|Modest|||||50|
|showteam|p2|Pyroar||Pyroarite|Rivalry|HeatWave,SolarBeam,Overheat,Protect|Timid||M|||50|]Basculegion||ChoiceScarf|SwiftSwim|WaveCrash,LastRespects,FlipTurn,AquaJet|Jolly||M|||50|]Mawile||Mawilite|HyperCutter|IronHead,PlayRough,SuckerPunch,Protect|Adamant||F|||50|]Torkoal||Charcoal|Drought|Eruption,WeatherBall,HelpingHand,Protect|Quiet||M|||50|]Oranguru||MentalHerb|InnerFocus|Psychic,TrickRoom,Encore,Instruct|Relaxed||M|||50|]Grimmsnarl||SitrusBerry|Prankster|SpiritBreak,FakeOut,LightScreen,PartingShot|Careful||M|||50|
|
|t:|1782550080
|teamsize|p1|4
|teamsize|p2|4
|start
|switch|p1a: Sableye|Sableye, L50, F|100/100
|switch|p1b: Espathra|Espathra, L50, F|100/100
|switch|p2a: Grimmsnarl|Grimmsnarl, L50, M|100/100
|switch|p2b: Oranguru|Oranguru, L50, M|100/100
|turn|1
|
|t:|1782550093
|move|p2a: Grimmsnarl|Fake Out|p1b: Espathra
|-damage|p1b: Espathra|83/100
|move|p1a: Sableye|Fake Out|p2a: Grimmsnarl
|-damage|p2a: Grimmsnarl|91/100
|cant|p1b: Espathra|flinch
|move|p2b: Oranguru|Trick Room|p2b: Oranguru
|-fieldstart|move: Trick Room|[of] p2b: Oranguru
|
|-ability|p1b: Espathra|Speed Boost|boost
|-boost|p1b: Espathra|spe|1
|upkeep
|turn|2
|
|t:|1782550106
|move|p1a: Sableye|Light Screen|p1a: Sableye
|-sidestart|p1: kamisnivy|move: Light Screen
|move|p2b: Oranguru|Encore|p1a: Sableye
|-start|p1a: Sableye|Encore
|move|p2a: Grimmsnarl|Spirit Break|p1b: Espathra
|-damage|p1b: Espathra|30/100
|-unboost|p1b: Espathra|spa|1
|move|p1b: Espathra|Calm Mind|p1b: Espathra
|-boost|p1b: Espathra|spa|1
|-boost|p1b: Espathra|spd|1
|
|-ability|p1b: Espathra|Speed Boost|boost
|-boost|p1b: Espathra|spe|1
|upkeep
|turn|3
|
|t:|1782550119
|switch|p1a: Basculegion|Basculegion, L50, M|100/100
|move|p2b: Oranguru|Instruct|p2a: Grimmsnarl
|-singleturn|p2a: Grimmsnarl|move: Instruct|[of] p2b: Oranguru
|move|p2a: Grimmsnarl|Spirit Break|p1b: Espathra
|-damage|p1b: Espathra|0 fnt
|faint|p1b: Espathra
|move|p2a: Grimmsnarl|Spirit Break|p1a: Basculegion
|-damage|p1a: Basculegion|58/100
|-unboost|p1a: Basculegion|spa|1
|
|upkeep
|
|t:|1782550128
|switch|p1b: Charizard|Charizard, L50, M|100/100
|turn|4
|
|t:|1782550145
|detailschange|p1b: Charizard|Charizard-Mega-Y, L50, M
|-mega|p1b: Charizard|Charizard|Charizardite Y
|-weather|SunnyDay|[from] ability: Drought|[of] p1b: Charizard
|move|p2b: Oranguru|Instruct|p2a: Grimmsnarl
|-singleturn|p2a: Grimmsnarl|move: Instruct|[of] p2b: Oranguru
|move|p2a: Grimmsnarl|Spirit Break|p1b: Charizard
|-resisted|p1b: Charizard|1
|-damage|p1b: Charizard|76/100
|-unboost|p1b: Charizard|spa|1
|move|p2a: Grimmsnarl|Spirit Break|p1a: Basculegion
|-damage|p1a: Basculegion|22/100
|-unboost|p1a: Basculegion|spa|1
|move|p1a: Basculegion|Flip Turn|p2b: Oranguru
|-damage|p2b: Oranguru|80/100
|-damage|p1a: Basculegion|12/100|[from] item: Life Orb
|
|t:|1782550159
|switch|p1a: Sableye|Sableye, L50, F|100/100|[from] Flip Turn
|move|p1b: Charizard|Heat Wave|p2a: Grimmsnarl|[spread] p2b
|-miss|p1b: Charizard|p2a: Grimmsnarl
|-damage|p2b: Oranguru|47/100
|
|-weather|SunnyDay|[upkeep]
|upkeep
|turn|5
|
|t:|1782550175
|move|p1a: Sableye|Reflect|p1a: Sableye
|-sidestart|p1: kamisnivy|Reflect
|move|p2b: Oranguru|Encore|p1a: Sableye
|-start|p1a: Sableye|Encore
|move|p2a: Grimmsnarl|Spirit Break|p1a: Sableye
|-supereffective|p1a: Sableye|1
|-enditem|p1a: Sableye|Roseli Berry|[eat]
|-enditem|p1a: Sableye|Roseli Berry|[weaken]
|-damage|p1a: Sableye|80/100
|-unboost|p1a: Sableye|spa|1
|move|p1b: Charizard|Solar Beam||[still]
|-prepare|p1b: Charizard|Solar Beam
|-anim|p1b: Charizard|Solar Beam|p2b: Oranguru
|-damage|p2b: Oranguru|22/100
|
|-weather|SunnyDay|[upkeep]
|-fieldend|move: Trick Room
|upkeep
|turn|6
|
|t:|1782550189
|switch|p1a: Basculegion|Basculegion, L50, M|12/100
|move|p2a: Grimmsnarl|Parting Shot|p1b: Charizard
|-unboost|p1b: Charizard|atk|1
|-unboost|p1b: Charizard|spa|1
|
|t:|1782550191
|switch|p2a: Torkoal|Torkoal, L50, M|100/100|[from] Parting Shot
|move|p1b: Charizard|Heat Wave|p2b: Oranguru|[spread] p2a
|-miss|p1b: Charizard|p2b: Oranguru
|-resisted|p2a: Torkoal|1
|-damage|p2a: Torkoal|81/100
|move|p2b: Oranguru|Trick Room|p2b: Oranguru
|-fieldstart|move: Trick Room|[of] p2b: Oranguru
|
|-weather|SunnyDay|[upkeep]
|-sideend|p1: kamisnivy|move: Light Screen
|upkeep
|turn|7
|-message|kamisnivy forfeited.
|
|win|monsoonisbest
|raw|kamisnivy's rating: 1107 → 1085(-22 for losing)
|raw|monsoonisbest's rating: 1146 → 1168(+22 for winning)
