|j|☆Harridino
|j|☆freshveggies2
|html|Harridinofreshveggies2    
|uhtml|bestof|Game 2 of a best-of-3
|t:|1757825051
|gametype|doubles
|player|p1|Harridino|pokemaniac|
|player|p2|freshveggies2|170|
|gen|9
|tier|[Gen 9] VGC 2025 Reg H (Bo3)
|rule|Tera Type Preview: Tera Types are shown at Team Preview
|rule|Species Clause: Limit one of each Pokémon
|rule|Item Clause: Limit 1 of each item
|raw|2 custom rules: Tera Type Preview, !Force Open Team Sheets
|clearpoke
|poke|p1|Scraggy, L50, F|
|poke|p1|Torkoal, L50, F|
|poke|p1|Jumpluff, L50, F|
|poke|p1|Ursaluna, L50, M|
|poke|p1|Wyrdeer, L50, F|
|poke|p1|Indeedee-F, L50, F|
|poke|p2|Meowscarada, L50, M|
|poke|p2|Glimmora, L50, F|
|poke|p2|Tatsugiri, L50, M|
|poke|p2|Bronzong, L50|
|poke|p2|Dondozo, L50, M|
|poke|p2|Infernape, L50, M|
|raw|Harridino's Tera Types: /  /  /  /  / 
|raw|freshveggies2's Tera Types: /  /  /  /  / 
|teampreview|4
|j| qwhat123
|j| zuiyyy
|inactive|Battle timer is ON: inactive players will automatically lose when time's up. (requested by Harridino)
|
|t:|1757825099
|teamsize|p1|4
|teamsize|p2|4
|start
|switch|p1a: Circus Baby|Scraggy, L50, F, shiny|100/100
|switch|p1b: Mangle|Wyrdeer, L50, F, shiny|100/100
|switch|p2a: Meowscarada|Meowscarada, L50, M|100/100
|switch|p2b: Bronzong|Bronzong, L50|100/100
|-ability|p1b: Mangle|Intimidate|boost
|-unboost|p2a: Meowscarada|atk|1
|-unboost|p2b: Bronzong|atk|1
|-ability|p1a: Circus Baby|Intimidate|boost
|-unboost|p2a: Meowscarada|atk|1
|-unboost|p2b: Bronzong|atk|1
|turn|1
|inactive|Harridino has 30 seconds left.
|inactive|freshveggies2 has 30 seconds left.
|inactive|freshveggies2 has 20 seconds left.
|inactive|freshveggies2 has 15 seconds left.
|inactive|freshveggies2 has 10 seconds left.
|
|t:|1757825156
|move|p2a: Meowscarada|Protect|p2a: Meowscarada
|-singleturn|p2a: Meowscarada|Protect
|move|p1b: Mangle|Body Slam|p2a: Meowscarada
|-activate|p2a: Meowscarada|move: Protect
|move|p1a: Circus Baby|Knock Off|p2b: Bronzong
|-supereffective|p2b: Bronzong
|-damage|p2b: Bronzong|58/100
|-enditem|p2b: Bronzong|Leftovers|[from] move: Knock Off|[of] p1a: Circus Baby
|move|p2b: Bronzong|Iron Defense|p2b: Bronzong
|-boost|p2b: Bronzong|def|2
|-enditem|p1b: Mangle|Mirror Herb
|-boost|p1b: Mangle|def|2|[from] item: Mirror Herb
|
|upkeep
|turn|2
|c|☆freshveggies2|LOL
|inactive|freshveggies2 has 30 seconds left.
|c| qwhat123|OMG
|c|☆Harridino|nooo
|
|t:|1757825188
|move|p2a: Meowscarada|Flower Trick|p1b: Mangle
|-crit|p1b: Mangle
|-damage|p1b: Mangle|46/100
|move|p1b: Mangle|Body Slam|p2a: Meowscarada
|-damage|p2a: Meowscarada|37/100
|move|p1a: Circus Baby|Knock Off|p2b: Bronzong
|-supereffective|p2b: Bronzong
|-damage|p2b: Bronzong|44/100
|move|p2b: Bronzong|Body Press|p1a: Circus Baby
|-supereffective|p1a: Circus Baby
|-damage|p1a: Circus Baby|9/100
|
|upkeep
|turn|3
|inactive|Harridino has 30 seconds left.
|inactive|freshveggies2 has 30 seconds left.
|
|t:|1757825222
|move|p2a: Meowscarada|Flower Trick|p1b: Mangle
|-crit|p1b: Mangle
|-damage|p1b: Mangle|0 fnt
|faint|p1b: Mangle
|move|p1a: Circus Baby|Knock Off|p2a: Meowscarada
|-resisted|p2a: Meowscarada
|-damage|p2a: Meowscarada|18/100
|-enditem|p2a: Meowscarada|Focus Sash|[from] move: Knock Off|[of] p1a: Circus Baby
|move|p2b: Bronzong|Iron Defense|p2b: Bronzong
|-boost|p2b: Bronzong|def|2
|
|upkeep
|
|t:|1757825229
|switch|p1b: Chica|Torkoal, L50, F, shiny|100/100
|-weather|SunnyDay|[from] ability: Drought|[of] p1b: Chica
|turn|4
|
|t:|1757825250
|switch|p2a: Dondozo|Dondozo, L50, M|100/100
|switch|p1a: Freddy|Ursaluna, L50, M, shiny|100/100
|-terastallize|p2b: Bronzong|Rock
|move|p2b: Bronzong|Body Press|p1b: Chica
|-damage|p1b: Chica|41/100
|move|p1b: Chica|Heat Wave|p2b: Bronzong|[spread] p2a,p2b
|-resisted|p2a: Dondozo
|-resisted|p2b: Bronzong
|-damage|p2a: Dondozo|80/100
|-damage|p2b: Bronzong|25/100
|
|-weather|SunnyDay|[upkeep]
|-status|p1a: Freddy|brn|[from] item: Flame Orb
|upkeep
|turn|5
|inactive|Harridino has 30 seconds left.
|inactive|Harridino has 20 seconds left.
|inactive|Harridino has 15 seconds left.
|
|t:|1757825294
|switch|p1b: Circus Baby|Scraggy, L50, F, shiny|9/100
|-ability|p1b: Circus Baby|Intimidate|boost
|-unboost|p2a: Dondozo|atk|1
|-unboost|p2b: Bronzong|atk|1
|-terastallize|p1a: Freddy|Dragon
|move|p1a: Freddy|Earthquake|p2a: Dondozo|[spread] p1b,p2a
|-immune|p2b: Bronzong|[from] ability: Levitate
|-damage|p1b: Circus Baby|0 fnt
|-damage|p2a: Dondozo|36/100
|faint|p1b: Circus Baby
|move|p2a: Dondozo|Earthquake|p1a: Freddy|[spread] p1a
|-immune|p2b: Bronzong|[from] ability: Levitate
|-damage|p1a: Freddy|89/100 brn
|move|p2b: Bronzong|Body Press|p1a: Freddy
|-damage|p1a: Freddy|25/100 brn
|
|-weather|SunnyDay|[upkeep]
|-damage|p1a: Freddy|19/100 brn|[from] brn
|upkeep
|
|t:|1757825302
|switch|p1b: Chica|Torkoal, L50, F, shiny|41/100
|turn|6
|
|t:|1757825316
|move|p1a: Freddy|Facade|p2b: Bronzong
|-resisted|p2b: Bronzong
|-damage|p2b: Bronzong|11/100
|move|p2a: Dondozo|Earthquake|p1b: Chica|[spread] p1a,p1b
|-immune|p2b: Bronzong|[from] ability: Levitate
|-supereffective|p1b: Chica
|-damage|p1a: Freddy|8/100 brn
|-damage|p1b: Chica|21/100
|move|p2b: Bronzong|Body Press|p1a: Freddy
|-damage|p1a: Freddy|0 fnt
|faint|p1a: Freddy
|move|p1b: Chica|Solar Beam||[still]
|-prepare|p1b: Chica|Solar Beam
|-anim|p1b: Chica|Solar Beam|p2a: Dondozo
|-supereffective|p2a: Dondozo
|-damage|p2a: Dondozo|0 fnt
|faint|p2a: Dondozo
|
|-weather|SunnyDay|[upkeep]
|upkeep
|
|t:|1757825332
|switch|p2a: Glimmora|Glimmora, L50, F|100/100
|turn|7
|
|t:|1757825335
|move|p2a: Glimmora|Spiky Shield|p2a: Glimmora
|-singleturn|p2a: Glimmora|move: Protect
|move|p2b: Bronzong|Body Press|p1b: Chica
|-damage|p1b: Chica|0 fnt
|faint|p1b: Chica
|
|win|freshveggies2
|c|☆freshveggies2|the zong
|c|☆Harridino|sadge
|c|☆freshveggies2|gg
