|j|☆AbadanRiyi92
|j|☆FatherPenguin
|html|AbadanRiyi92FatherPenguin    
|uhtml|bestof|Game 3 of a best-of-3
|t:|1785439333
|gametype|doubles
|player|p1|AbadanRiyi92|colress|1170
|player|p2|FatherPenguin|acetrainersnow|1212
|gen|9
|tier|[Gen 9 Champions] VGC 2026 Reg M-B (Bo3)
|rated|
|rule|Species Clause: Limit one of each Pokémon
|rule|Item Clause: Limit 1 of each item
|clearpoke
|poke|p1|Gengar, L50, F, shiny|
|poke|p1|Maushold-Four, L50|
|poke|p1|Annihilape, L50, M|
|poke|p1|Incineroar, L50, M|
|poke|p1|Politoed, L50, M, shiny|
|poke|p1|Archaludon, L50, F|
|poke|p2|Staraptor, L50, M|
|poke|p2|Glimmora, L50, M|
|poke|p2|Whimsicott, L50, M|
|poke|p2|Kingambit, L50, F|
|poke|p2|Garchomp, L50, F|
|poke|p2|Delphox, L50, M|
|teampreview|4
|showteam|p1|Gengar||Gengarite|CursedBody|ShadowBall,Disable,PerishSong,Protect|Timid||F|||50|]Maushold-Four||FocusSash|FriendGuard|FollowMe,Encore,BeatUp,Protect|Jolly|||||50|]Annihilape||RoseliBerry|Defiant|RageFist,CloseCombat,Encore,Protect|Jolly||M|||50|]Incineroar||PasshoBerry|Intimidate|PartingShot,ThroatChop,Protect,FakeOut|Sassy||M|||50|]Politoed||SitrusBerry|Drizzle|WeatherBall,Encore,PerishSong,Protect|Calm||M|||50|]Archaludon||Leftovers|Stamina|DragonPulse,FlashCannon,ElectroShot,Protect|Bold||F|||50|
|showteam|p2|Staraptor||Staraptite|Intimidate|CloseCombat,BraveBird,Roost,Protect|Jolly||M|||50|]Glimmora||FocusSash|ToxicDebris|PowerGem,SludgeBomb,EarthPower,SpikyShield|Modest||M|||50|]Whimsicott||OccaBerry|Prankster|Tailwind,Moonblast,Charm,LightScreen|Timid||M|||50|]Kingambit||ChopleBerry|Defiant|KowtowCleave,IronHead,LowKick,SuckerPunch|Adamant||F|||50|]Garchomp||LifeOrb|RoughSkin|Earthquake,DragonClaw,RockSlide,Protect|Jolly||F|||50|]Delphox||Delphoxite|Blaze|HeatWave,Psychic,Substitute,Protect|Timid||M|||50|
|inactive|Battle timer is ON: inactive players will automatically lose when time's up. (requested by FatherPenguin)
|inactive|FatherPenguin has 60 seconds left.
|inactive|FatherPenguin has 30 seconds left.
|
|t:|1785439402
|teamsize|p1|4
|teamsize|p2|4
|start
|switch|p1a: Gengar|Gengar, L50, F, shiny|100/100
|switch|p1b: Maushold|Maushold-Four, L50|100/100
|switch|p2a: Staraptor|Staraptor, L50, M|100/100
|switch|p2b: Garchomp|Garchomp, L50, F|100/100
|-ability|p2a: Staraptor|Intimidate|boost
|-unboost|p1a: Gengar|atk|1
|-unboost|p1b: Maushold|atk|1
|turn|1
|
|t:|1785439418
|detailschange|p2a: Staraptor|Staraptor-Mega, L50, M
|-mega|p2a: Staraptor|Staraptor|Staraptite
|detailschange|p1a: Gengar|Gengar-Mega, L50, F, shiny
|-mega|p1a: Gengar|Gengar|Gengarite
|move|p1b: Maushold|Protect|p1b: Maushold
|-singleturn|p1b: Maushold|Protect
|move|p1a: Gengar|Protect|p1a: Gengar
|-singleturn|p1a: Gengar|Protect
|move|p2a: Staraptor|Close Combat|p1b: Maushold
|-activate|p1b: Maushold|move: Protect
|move|p2b: Garchomp|Earthquake|p1b: Maushold|[spread] 
|-activate|p1a: Gengar|move: Protect
|-activate|p1b: Maushold|move: Protect
|-immune|p2a: Staraptor
|
|upkeep
|turn|2
|
|t:|1785439437
|move|p1b: Maushold|Encore|p2a: Staraptor
|-start|p2a: Staraptor|Encore
|move|p2a: Staraptor|Close Combat|p1b: Maushold
|-supereffective|p1b: Maushold|1
|-enditem|p1b: Maushold|Focus Sash
|-damage|p1b: Maushold|1/100
|-boost|p2a: Staraptor|def|1
|-boost|p2a: Staraptor|spd|1
|move|p1a: Gengar|Disable|p2b: Garchomp
|-start|p2b: Garchomp|Disable|Earthquake
|cant|p2b: Garchomp|Disable|Earthquake
|
|upkeep
|turn|3
|inactive|AbadanRiyi92 has 30 seconds left.
|inactive|FatherPenguin has 30 seconds left.
|
|t:|1785439470
|move|p2b: Garchomp|Protect|p2b: Garchomp
|-singleturn|p2b: Garchomp|Protect
|move|p1b: Maushold|Encore|p2b: Garchomp
|-activate|p2b: Garchomp|move: Protect
|move|p2a: Staraptor|Close Combat|p1b: Maushold
|-supereffective|p1b: Maushold|1
|-damage|p1b: Maushold|0 fnt
|-boost|p2a: Staraptor|def|1
|-boost|p2a: Staraptor|spd|1
|faint|p1b: Maushold
|move|p1a: Gengar|Disable|p2a: Staraptor
|-start|p2a: Staraptor|Disable|Close Combat
|
|upkeep
|
|t:|1785439494
|switch|p1b: Archaludon|Archaludon, L50, F|100/100
|turn|4
|inactive|FatherPenguin has 30 seconds left.
|
|t:|1785439529
|-activate|p2a: Staraptor|move: Struggle
|move|p2a: Staraptor|Struggle|p1a: Gengar
|-damage|p1a: Gengar|82/100
|-damage|p2a: Staraptor|74/100|[from] recoil
|move|p1a: Gengar|Shadow Ball|p2b: Garchomp
|-damage|p2b: Garchomp|48/100
|move|p2b: Garchomp|Dragon Claw|p1b: Archaludon
|-damage|p1b: Archaludon|63/100
|-ability|p1b: Archaludon|Stamina|boost
|-boost|p1b: Archaludon|def|1
|-damage|p2b: Garchomp|38/100|[from] item: Life Orb
|move|p1b: Archaludon|Dragon Pulse|p2b: Garchomp
|-supereffective|p2b: Garchomp|1
|-damage|p2b: Garchomp|0 fnt
|faint|p2b: Garchomp
|
|-heal|p1b: Archaludon|70/100|[from] item: Leftovers
|-end|p2a: Staraptor|Encore
|upkeep
|
|t:|1785439547
|switch|p2b: Glimmora|Glimmora, L50, M|100/100
|turn|5
|inactive|FatherPenguin has 30 seconds left.
|inactive|FatherPenguin has 20 seconds left.
|
|t:|1785439583
|move|p2a: Staraptor|Protect|p2a: Staraptor
|-singleturn|p2a: Staraptor|Protect
|move|p1a: Gengar|Protect|p1a: Gengar
|-singleturn|p1a: Gengar|Protect
|move|p1b: Archaludon|Protect|p1b: Archaludon
|-singleturn|p1b: Archaludon|Protect
|move|p2b: Glimmora|Earth Power|p1b: Archaludon
|-activate|p1b: Archaludon|move: Protect
|
|-heal|p1b: Archaludon|76/100|[from] item: Leftovers
|upkeep
|turn|6
|inactive|FatherPenguin has 30 seconds left.
|
|t:|1785439616
|move|p2a: Staraptor|Brave Bird|p1a: Gengar
|-damage|p1a: Gengar|23/100
|-damage|p2a: Staraptor|58/100|[from] Recoil
|move|p1a: Gengar|Disable|p2b: Glimmora
|-start|p2b: Glimmora|Disable|Earth Power
|move|p2b: Glimmora|Power Gem|p1a: Gengar
|-damage|p1a: Gengar|0 fnt
|faint|p1a: Gengar
|move|p1b: Archaludon|Flash Cannon|p2b: Glimmora
|-supereffective|p2b: Glimmora|1
|-damage|p2b: Glimmora|4/100
|
|-heal|p1b: Archaludon|82/100|[from] item: Leftovers
|upkeep
|
|t:|1785439629
|switch|p1a: Politoed|Politoed, L50, M, shiny|100/100
|-weather|RainDance|[from] ability: Drizzle|[of] p1a: Politoed
|turn|7
|
|t:|1785439651
|move|p2a: Staraptor|Protect|p2a: Staraptor
|-singleturn|p2a: Staraptor|Protect
|move|p2b: Glimmora|Sludge Bomb|p1a: Politoed
|-damage|p1a: Politoed|60/100
|move|p1b: Archaludon|Electro Shot||[still]
|-prepare|p1b: Archaludon|Electro Shot
|-boost|p1b: Archaludon|spa|1
|-anim|p1b: Archaludon|Electro Shot|p2a: Staraptor
|-activate|p2a: Staraptor|move: Protect
|move|p1a: Politoed|Weather Ball|p2b: Glimmora
|-supereffective|p2b: Glimmora|1
|-damage|p2b: Glimmora|0 fnt
|faint|p2b: Glimmora
|
|-weather|RainDance|[upkeep]
|-heal|p1b: Archaludon|88/100|[from] item: Leftovers
|-end|p2a: Staraptor|Disable
|upkeep
|
|t:|1785439667
|switch|p2b: Kingambit|Kingambit, L50, F|100/100
|turn|8
|inactive|FatherPenguin has 30 seconds left.
|inactive|FatherPenguin has 20 seconds left.
|inactive|FatherPenguin has 15 seconds left.
|inactive|FatherPenguin has 10 seconds left.
|
|t:|1785439714
|move|p2a: Staraptor|Close Combat|p1b: Archaludon
|-supereffective|p1b: Archaludon|1
|-damage|p1b: Archaludon|38/100
|-boost|p2a: Staraptor|def|1
|-boost|p2a: Staraptor|spd|1
|-ability|p1b: Archaludon|Stamina|boost
|-boost|p1b: Archaludon|def|1
|move|p1b: Archaludon|Electro Shot||[still]
|-prepare|p1b: Archaludon|Electro Shot
|-boost|p1b: Archaludon|spa|1
|-anim|p1b: Archaludon|Electro Shot|p2a: Staraptor
|-supereffective|p2a: Staraptor|1
|-damage|p2a: Staraptor|0 fnt
|faint|p2a: Staraptor
|move|p1a: Politoed|Weather Ball|p2b: Kingambit
|-damage|p2b: Kingambit|58/100
|move|p2b: Kingambit|Kowtow Cleave|p1a: Politoed
|-damage|p1a: Politoed|18/100
|-enditem|p1a: Politoed|Sitrus Berry|[eat]
|-heal|p1a: Politoed|43/100|[from] item: Sitrus Berry
|
|-weather|RainDance|[upkeep]
|-heal|p1b: Archaludon|44/100|[from] item: Leftovers
|upkeep
|turn|9
|inactive|AbadanRiyi92 has 30 seconds left.
|inactive|FatherPenguin has 30 seconds left.
|
|t:|1785439747
|move|p1b: Archaludon|Electro Shot||[still]
|-prepare|p1b: Archaludon|Electro Shot
|-boost|p1b: Archaludon|spa|1
|-anim|p1b: Archaludon|Electro Shot|p2b: Kingambit
|-damage|p2b: Kingambit|0 fnt
|faint|p2b: Kingambit
|
|win|AbadanRiyi92
|raw|AbadanRiyi92's rating: 1170 → 1198(+28 for winning)
|raw|FatherPenguin's rating: 1212 → 1184(-28 for losing)
|c|☆FatherPenguin|gg
|c|☆AbadanRiyi92|ggs
