|j|☆Kampfstube
|j|☆glitterckvamp
|html|Kampfstubeglitterckvamp    
|uhtml|bestof|Game 1 of a best-of-3
|t:|1757779163
|gametype|doubles
|player|p1|Kampfstube|n|
|player|p2|glitterckvamp|artist-gen4|
|gen|9
|tier|[Gen 9] VGC 2025 Reg H (Bo3)
|rule|Species Clause: Limit one of each Pokémon
|rule|Item Clause: Limit 1 of each item
|clearpoke
|poke|p1|Grimmsnarl, L50, M|
|poke|p1|Volcarona, L50, M|
|poke|p1|Annihilape, L50, M|
|poke|p1|Ursaluna-Bloodmoon, L50, M|
|poke|p1|Sneasler, L50, M|
|poke|p1|Dragonite, L50, M|
|poke|p2|Kingambit, L50, M|
|poke|p2|Mimikyu, L50, F|
|poke|p2|Ursaluna-Bloodmoon, L50, M|
|poke|p2|Sneasler, L50, M|
|poke|p2|Volcarona, L50, F|
|poke|p2|Farigiraf, L50, F|
|teampreview|4
|showteam|p1|Grimmsnarl||CovertCloak|Prankster|SpiritBreak,LightScreen,Reflect,ThunderWave|||M|||50|,,,,,Steel]Volcarona||SitrusBerry|FlameBody|GigaDrain,QuiverDance,FieryDance,Protect|||M|||50|,,,,,Grass]Annihilape||SafetyGoggles|Defiant|BulkUp,DrainPunch,Protect,RageFist|||M|||50|,,,,,Fire]Ursaluna-Bloodmoon||AssaultVest|MindsEye|EarthPower,BloodMoon,HyperVoice,VacuumWave|||M|||50|,,,,,Water]Sneasler||FocusSash|Unburden|FakeOut,Coaching,CloseCombat,DireClaw|||M|||50|,,,,,Ghost]Dragonite||LoadedDice|Multiscale|ScaleShot,Protect,Haze,ExtremeSpeed|||M|||50|,,,,,Steel
|showteam|p2|Kingambit||SafetyGoggles|Defiant|KowtowCleave,SuckerPunch,SwordsDance,Protect|||M|||50|,,,,,Dark]Mimikyu||LifeOrb|Disguise|TrickRoom,ShadowClaw,WoodHammer,DrainPunch|||F|||50|,,,,,Grass]Ursaluna-Bloodmoon||SilkScarf|MindsEye|BloodMoon,EarthPower,Protect,HyperVoice|||M|||50|,,,,,Normal]Sneasler||WhiteHerb|Unburden|DireClaw,Taunt,CloseCombat,Coaching|||M|||50|,,,,,Dark]Volcarona||Leftovers|FlameBody|Flamethrower,BugBuzz,QuiverDance,Protect|||F|||50|,,,,,Dragon]Farigiraf||CovertCloak|ArmorTail|HelpingHand,Imprison,TrickRoom,TwinBeam|||F|||50|,,,,,Fairy
|inactive|Battle timer is ON: inactive players will automatically lose when time's up. (requested by Kampfstube)
|inactive|Kampfstube has 60 seconds left.
|inactive|glitterckvamp has 60 seconds left.
|
|t:|1757779224
|teamsize|p1|4
|teamsize|p2|4
|start
|switch|p1a: Grimmsnarl|Grimmsnarl, L50, M|100/100
|switch|p1b: Volcarona|Volcarona, L50, M, shiny|100/100
|switch|p2a: Clawz|Sneasler, L50, M|100/100
|switch|p2b: Hellfire|Volcarona, L50, F|100/100
|turn|1
|
|t:|1757779240
|move|p1a: Grimmsnarl|Reflect|p1a: Grimmsnarl
|-sidestart|p1: Kampfstube|Reflect
|move|p2a: Clawz|Taunt|p1a: Grimmsnarl
|-start|p1a: Grimmsnarl|move: Taunt
|move|p2b: Hellfire|Quiver Dance|p2b: Hellfire
|-boost|p2b: Hellfire|spa|1
|-boost|p2b: Hellfire|spd|1
|-boost|p2b: Hellfire|spe|1
|move|p1b: Volcarona|Quiver Dance|p1b: Volcarona
|-boost|p1b: Volcarona|spa|1
|-boost|p1b: Volcarona|spd|1
|-boost|p1b: Volcarona|spe|1
|
|upkeep
|turn|2
|
|t:|1757779266
|switch|p1a: Annihilape|Annihilape, L50, M|100/100
|move|p1b: Volcarona|Protect|p1b: Volcarona
|-singleturn|p1b: Volcarona|Protect
|move|p2b: Hellfire|Flamethrower|p1a: Annihilape
|-damage|p1a: Annihilape|52/100
|move|p2a: Clawz|Dire Claw|p1b: Volcarona
|-activate|p1b: Volcarona|move: Protect
|
|upkeep
|turn|3
|
|t:|1757779286
|-terastallize|p1a: Annihilape|Fire
|move|p2b: Hellfire|Quiver Dance|p2b: Hellfire
|-boost|p2b: Hellfire|spa|1
|-boost|p2b: Hellfire|spd|1
|-boost|p2b: Hellfire|spe|1
|move|p2a: Clawz|Coaching|p2b: Hellfire
|-boost|p2b: Hellfire|atk|1
|-boost|p2b: Hellfire|def|1
|move|p1b: Volcarona|Quiver Dance|p1b: Volcarona
|-boost|p1b: Volcarona|spa|1
|-boost|p1b: Volcarona|spd|1
|-boost|p1b: Volcarona|spe|1
|move|p1a: Annihilape|Rage Fist|p2a: Clawz
|-damage|p2a: Clawz|21/100
|
|upkeep
|turn|4
|inactive|Kampfstube has 30 seconds left.
|
|t:|1757779315
|move|p2b: Hellfire|Flamethrower|p1a: Annihilape
|-resisted|p1a: Annihilape
|-damage|p1a: Annihilape|21/100
|move|p1b: Volcarona|Giga Drain|p2a: Clawz
|-resisted|p2a: Clawz
|-damage|p2a: Clawz|0 fnt
|faint|p2a: Clawz
|move|p1a: Annihilape|Rage Fist|p2b: Hellfire
|-damage|p2b: Hellfire|44/100
|
|-heal|p2b: Hellfire|50/100|[from] item: Leftovers
|upkeep
|
|t:|1757779328
|switch|p2a: Annabelle|Mimikyu, L50, F, shiny|100/100
|turn|5
|
|t:|1757779350
|move|p2b: Hellfire|Flamethrower|p1a: Annihilape
|-resisted|p1a: Annihilape
|-crit|p1a: Annihilape
|-damage|p1a: Annihilape|0 fnt
|faint|p1a: Annihilape
|move|p1b: Volcarona|Fiery Dance|p2b: Hellfire
|-damage|p2b: Hellfire|17/100
|-boost|p1b: Volcarona|spa|1
|move|p2a: Annabelle|Trick Room|p2a: Annabelle
|-fieldstart|move: Trick Room|[of] p2a: Annabelle
|
|-heal|p2b: Hellfire|23/100|[from] item: Leftovers
|-sideend|p1: Kampfstube|Reflect
|upkeep
|
|t:|1757779361
|switch|p1a: Grimmsnarl|Grimmsnarl, L50, M|100/100
|turn|6
|
|t:|1757779377
|move|p2b: Hellfire|Protect|p2b: Hellfire
|-singleturn|p2b: Hellfire|Protect
|move|p1a: Grimmsnarl|Light Screen|p1a: Grimmsnarl
|-sidestart|p1: Kampfstube|move: Light Screen
|move|p2a: Annabelle|Shadow Claw|p1b: Volcarona
|-damage|p1b: Volcarona|62/100
|-damage|p2a: Annabelle|91/100|[from] item: Life Orb
|move|p1b: Volcarona|Fiery Dance|p2b: Hellfire
|-activate|p2b: Hellfire|move: Protect
|
|-heal|p2b: Hellfire|30/100|[from] item: Leftovers
|upkeep
|turn|7
|
|t:|1757779392
|-terastallize|p2b: Hellfire|Dragon
|move|p1a: Grimmsnarl|Reflect|p1a: Grimmsnarl
|-sidestart|p1: Kampfstube|Reflect
|move|p2a: Annabelle|Shadow Claw|p1b: Volcarona
|-damage|p1b: Volcarona|39/100
|-enditem|p1b: Volcarona|Sitrus Berry|[eat]
|-heal|p1b: Volcarona|64/100|[from] item: Sitrus Berry
|-damage|p2a: Annabelle|81/100|[from] item: Life Orb
|move|p1b: Volcarona|Fiery Dance|p2b: Hellfire
|-resisted|p2b: Hellfire
|-damage|p2b: Hellfire|9/100
|-boost|p1b: Volcarona|spa|1
|move|p2b: Hellfire|Flamethrower|p1a: Grimmsnarl
|-damage|p1a: Grimmsnarl|47/100
|
|-heal|p2b: Hellfire|15/100|[from] item: Leftovers
|upkeep
|turn|8
|inactive|Kampfstube has 30 seconds left.
|
|t:|1757779419
|move|p2b: Hellfire|Protect|p2b: Hellfire
|-singleturn|p2b: Hellfire|Protect
|move|p1a: Grimmsnarl|Spirit Break|p2b: Hellfire
|-activate|p2b: Hellfire|move: Protect
|move|p2a: Annabelle|Shadow Claw|p1b: Volcarona
|-damage|p1b: Volcarona|36/100
|-damage|p2a: Annabelle|71/100|[from] item: Life Orb
|move|p1b: Volcarona|Giga Drain|p2a: Annabelle
|-activate|p2a: Annabelle|ability: Disguise
|-damage|p2a: Annabelle|71/100
|detailschange|p2a: Annabelle|Mimikyu-Busted, L50, F, shiny
|-damage|p2a: Annabelle|59/100|[from] pokemon: Mimikyu-Busted
|
|-heal|p2b: Hellfire|21/100|[from] item: Leftovers
|upkeep
|turn|9
|
|t:|1757779438
|move|p2b: Hellfire|Protect||[still]
|-fail|p2b: Hellfire
|move|p1a: Grimmsnarl|Spirit Break|p2b: Hellfire
|-supereffective|p2b: Hellfire
|-damage|p2b: Hellfire|0 fnt
|-status|p1a: Grimmsnarl|brn|[from] ability: Flame Body|[of] p2b: Hellfire
|faint|p2b: Hellfire
|move|p2a: Annabelle|Shadow Claw|p1b: Volcarona
|-damage|p1b: Volcarona|9/100
|-status|p2a: Annabelle|brn|[from] ability: Flame Body|[of] p1b: Volcarona
|-damage|p2a: Annabelle|49/100 brn|[from] item: Life Orb
|move|p1b: Volcarona|Giga Drain|p2a: Annabelle
|-damage|p2a: Annabelle|0 fnt
|-heal|p1b: Volcarona|30/100|[from] drain|[of] p2a: Annabelle
|faint|p2a: Annabelle
|
|-damage|p1a: Grimmsnarl|41/100 brn|[from] brn
|-fieldend|move: Trick Room
|upkeep
|
|t:|1757779442
|switch|p2b: Dead Moon|Ursaluna-Bloodmoon, L50, M|100/100
|turn|10
|
|t:|1757779465
|move|p1b: Volcarona|Giga Drain|p2b: Dead Moon
|-supereffective|p2b: Dead Moon
|-damage|p2b: Dead Moon|0 fnt
|-heal|p1b: Volcarona|84/100|[from] drain|[of] p2b: Dead Moon
|faint|p2b: Dead Moon
|
|win|Kampfstube
