|j|☆KudenaVGC
|j|☆Pranag140
|html|KudenaVGCPranag140    
|uhtml|bestof|Game 1 of a best-of-3
|t:|1756713650
|gametype|doubles
|player|p1|KudenaVGC|ethan|1136
|player|p2|Pranag140|2|1143
|gen|9
|tier|[Gen 9] VGC 2025 Reg H (Bo3)
|rated|
|rule|Species Clause: Limit one of each Pokémon
|rule|Item Clause: Limit 1 of each item
|clearpoke
|poke|p1|Dragonite, L50, M|
|poke|p1|Gholdengo, L50|
|poke|p1|Rillaboom, L50, M|
|poke|p1|Ursaluna-Bloodmoon, L50, M|
|poke|p1|Maushold-Four, L50|
|poke|p1|Annihilape, L50, M|
|poke|p2|Archaludon, L50, F|
|poke|p2|Kingdra, L50, M|
|poke|p2|Politoed, L50, M|
|poke|p2|Gothitelle, L50, M|
|poke|p2|Amoonguss, L50, M|
|poke|p2|Incineroar, L50, M|
|teampreview|4
|showteam|p1|Dragonite||LoadedDice|Multiscale|Tailwind,Haze,Protect,ScaleShot|||M|||50|,,,,,Fairy]Gholdengo||LifeOrb|GoodasGold|MakeItRain,ShadowBall,NastyPlot,Protect||||||50|,,,,,Water]Rillaboom||MiracleSeed|GrassySurge|WoodHammer,GrassyGlide,FakeOut,HighHorsepower|||M|||50|,,,,,Fire]Ursaluna-Bloodmoon||AssaultVest|MindsEye|BloodMoon,EarthPower,HyperVoice,VacuumWave|||M|||50|,,,,,Water]Maushold-Four||FocusSash|FriendGuard|SuperFang,FollowMe,BeatUp,Protect||||||50|,,,,,Ghost]Annihilape||SitrusBerry|Defiant|RageFist,DrainPunch,BulkUp,Protect|||M|||50|,,,,,Fire
|showteam|p2|Archaludon||PowerHerb|Sturdy|Protect,ElectroShot,FlashCannon,DragonPulse|||F|||50|,,,,,Electric]Kingdra||LifeOrb|SwiftSwim|Protect,DracoMeteor,WeatherBall,MuddyWater|||M|||50|,,,,,Stellar]Politoed||Leftovers|Drizzle|Protect,WeatherBall,PerishSong,Encore|||M|||50|,,,,,Grass]Gothitelle||SitrusBerry|ShadowTag|FakeOut,Protect,Psychic,TrickRoom|||M|||50|,,,,,Dark]Amoonguss||EjectButton|Regenerator|Protect,Spore,RagePowder,PollenPuff|||M|||50|,,,,,Fairy]Incineroar||SafetyGoggles|Intimidate|FakeOut,KnockOff,PartingShot,Protect|||M|||50|,,,,,Ghost
|inactive|Battle timer is ON: inactive players will automatically lose when time's up. (requested by KudenaVGC)
|
|t:|1756713688
|teamsize|p1|4
|teamsize|p2|4
|start
|switch|p1a: Maushold|Maushold-Four, L50|100/100
|switch|p1b: Annihilape|Annihilape, L50, M|100/100
|switch|p2a: Archaludon|Archaludon, L50, F|100/100
|switch|p2b: Amoonguss|Amoonguss, L50, M|100/100
|turn|1
|inactive|KudenaVGC has 30 seconds left.
|inactive|KudenaVGC has 20 seconds left.
|inactive|KudenaVGC has 15 seconds left.
|
|t:|1756713732
|move|p2b: Amoonguss|Rage Powder|p2b: Amoonguss
|-singleturn|p2b: Amoonguss|move: Rage Powder
|move|p1a: Maushold|Beat Up|p2b: Amoonguss
|-damage|p2b: Amoonguss|99/100
|-damage|p2b: Amoonguss|96/100
|-damage|p2b: Amoonguss|94/100
|-damage|p2b: Amoonguss|93/100
|-hitcount|p2b: Amoonguss|4
|-enditem|p2b: Amoonguss|Eject Button
|
|t:|1756713742
|switch|p2b: Gothitelle|Gothitelle, L50, M|100/100
|move|p2a: Archaludon|Electro Shot||[still]
|-prepare|p2a: Archaludon|Electro Shot
|-boost|p2a: Archaludon|spa|1
|-enditem|p2a: Archaludon|Power Herb
|-anim|p2a: Archaludon|Electro Shot|p1b: Annihilape
|-damage|p1b: Annihilape|54/100
|move|p1b: Annihilape|Rage Fist|p2b: Gothitelle
|-supereffective|p2b: Gothitelle
|-damage|p2b: Gothitelle|21/100
|-enditem|p2b: Gothitelle|Sitrus Berry|[eat]
|-heal|p2b: Gothitelle|46/100|[from] item: Sitrus Berry
|
|upkeep
|turn|2
|inactive|KudenaVGC has 30 seconds left.
|inactive|Pranag140 has 30 seconds left.
|
|t:|1756713770
|-terastallize|p1a: Maushold|Ghost
|move|p2b: Gothitelle|Fake Out|p1a: Maushold
|-immune|p1a: Maushold
|move|p1a: Maushold|Beat Up|p2a: Archaludon
|-damage|p2a: Archaludon|99/100
|-damage|p2a: Archaludon|96/100
|-damage|p2a: Archaludon|94/100
|-damage|p2a: Archaludon|92/100
|-hitcount|p2a: Archaludon|4
|move|p2a: Archaludon|Dragon Pulse|p1b: Annihilape
|-damage|p1b: Annihilape|10/100
|-enditem|p1b: Annihilape|Sitrus Berry|[eat]
|-heal|p1b: Annihilape|34/100|[from] item: Sitrus Berry
|move|p1b: Annihilape|Drain Punch|p2a: Archaludon
|-supereffective|p2a: Archaludon
|-damage|p2a: Archaludon|44/100
|-heal|p1b: Annihilape|54/100|[from] drain|[of] p2a: Archaludon
|
|upkeep
|turn|3
|inactive|KudenaVGC has 30 seconds left.
|inactive|Pranag140 has 30 seconds left.
|
|t:|1756713799
|move|p2a: Archaludon|Protect|p2a: Archaludon
|-singleturn|p2a: Archaludon|Protect
|move|p1a: Maushold|Follow Me|p1a: Maushold
|-singleturn|p1a: Maushold|move: Follow Me
|move|p1b: Annihilape|Rage Fist|p2a: Archaludon
|-activate|p2a: Archaludon|move: Protect
|move|p2b: Gothitelle|Trick Room|p2b: Gothitelle
|-fieldstart|move: Trick Room|[of] p2b: Gothitelle
|
|upkeep
|turn|4
|
|t:|1756713822
|switch|p2a: Amoonguss|Amoonguss, L50, M|100/100
|move|p2b: Gothitelle|Protect|p2b: Gothitelle
|-singleturn|p2b: Gothitelle|Protect
|move|p1a: Maushold|Follow Me|p1a: Maushold
|-singleturn|p1a: Maushold|move: Follow Me
|move|p1b: Annihilape|Rage Fist|p2b: Gothitelle
|-activate|p2b: Gothitelle|move: Protect
|
|upkeep
|turn|5
|
|t:|1756713837
|move|p1a: Maushold|Follow Me|p1a: Maushold
|-singleturn|p1a: Maushold|move: Follow Me
|move|p2a: Amoonguss|Spore|p1a: Maushold
|-status|p1a: Maushold|slp|[from] move: Spore
|move|p2b: Gothitelle|Psychic|p1a: Maushold
|-damage|p1a: Maushold|63/100 slp
|move|p1b: Annihilape|Rage Fist|p2b: Gothitelle
|-supereffective|p2b: Gothitelle
|-damage|p2b: Gothitelle|0 fnt
|faint|p2b: Gothitelle
|
|upkeep
|
|t:|1756713850
|switch|p2b: Archaludon|Archaludon, L50, F|44/100
|turn|6
|j| T-Soro
|l| T-Soro
|
|t:|1756713865
|move|p1b: Annihilape|Protect|p1b: Annihilape
|-singleturn|p1b: Annihilape|Protect
|move|p2a: Amoonguss|Spore|p1b: Annihilape
|-activate|p1b: Annihilape|move: Protect
|move|p2b: Archaludon|Dragon Pulse|p1a: Maushold
|-damage|p1a: Maushold|13/100 slp
|cant|p1a: Maushold|slp
|
|upkeep
|turn|7
|
|t:|1756713889
|switch|p1b: Rillaboom|Rillaboom, L50, M|100/100
|-fieldstart|move: Grassy Terrain|[from] ability: Grassy Surge|[of] p1b: Rillaboom
|move|p2a: Amoonguss|Pollen Puff|p2b: Archaludon
|-heal|p2b: Archaludon|94/100
|move|p2b: Archaludon|Dragon Pulse|p1a: Maushold
|-damage|p1a: Maushold|0 fnt
|faint|p1a: Maushold
|
|-heal|p2b: Archaludon|99/100|[from] Grassy Terrain
|-fieldend|move: Trick Room
|upkeep
|
|t:|1756713898
|switch|p1a: Annihilape|Annihilape, L50, M|54/100
|turn|8
|inactive|KudenaVGC has 30 seconds left.
|
|t:|1756713923
|move|p2b: Archaludon|Protect|p2b: Archaludon
|-singleturn|p2b: Archaludon|Protect
|move|p2a: Amoonguss|Protect|p2a: Amoonguss
|-singleturn|p2a: Amoonguss|Protect
|move|p1a: Annihilape|Rage Fist|p2a: Amoonguss
|-activate|p2a: Amoonguss|move: Protect
|move|p1b: Rillaboom|High Horsepower|p2a: Amoonguss
|-activate|p2a: Amoonguss|move: Protect
|
|-heal|p2b: Archaludon|100/100|[from] Grassy Terrain
|-heal|p1a: Annihilape|59/100|[from] Grassy Terrain
|upkeep
|turn|9
|
|t:|1756713940
|switch|p2a: Politoed|Politoed, L50, M|100/100
|-weather|RainDance|[from] ability: Drizzle|[of] p2a: Politoed
|move|p1a: Annihilape|Rage Fist|p2a: Politoed
|-damage|p2a: Politoed|36/100
|move|p2b: Archaludon|Electro Shot||[still]
|-prepare|p2b: Archaludon|Electro Shot
|-boost|p2b: Archaludon|spa|1
|-anim|p2b: Archaludon|Electro Shot|p1a: Annihilape
|-damage|p1a: Annihilape|2/100
|move|p1b: Rillaboom|High Horsepower|p2a: Politoed
|-damage|p2a: Politoed|5/100
|
|-weather|RainDance|[upkeep]
|-heal|p1a: Annihilape|8/100|[from] Grassy Terrain
|-heal|p2a: Politoed|11/100|[from] Grassy Terrain
|-heal|p2a: Politoed|17/100|[from] item: Leftovers
|upkeep
|turn|10
|inactive|KudenaVGC has 30 seconds left.
|inactive|Pranag140 has 30 seconds left.
|
|t:|1756713969
|move|p2a: Politoed|Protect|p2a: Politoed
|-singleturn|p2a: Politoed|Protect
|move|p2b: Archaludon|Dragon Pulse|p1a: Annihilape
|-damage|p1a: Annihilape|0 fnt
|faint|p1a: Annihilape
|move|p1b: Rillaboom|High Horsepower|p2b: Archaludon
|-supereffective|p2b: Archaludon
|-crit|p2b: Archaludon
|-damage|p2b: Archaludon|13/100
|
|-weather|RainDance|[upkeep]
|-heal|p2b: Archaludon|19/100|[from] Grassy Terrain
|-heal|p2a: Politoed|23/100|[from] Grassy Terrain
|-heal|p2a: Politoed|29/100|[from] item: Leftovers
|upkeep
|
|t:|1756713977
|switch|p1a: Gholdengo|Gholdengo, L50|100/100
|turn|11
|
|t:|1756714000
|switch|p2a: Amoonguss|Amoonguss, L50, M|100/100
|move|p2b: Archaludon|Protect|p2b: Archaludon
|-singleturn|p2b: Archaludon|Protect
|move|p1a: Gholdengo|Protect|p1a: Gholdengo
|-singleturn|p1a: Gholdengo|Protect
|move|p1b: Rillaboom|High Horsepower|p2b: Archaludon
|-activate|p2b: Archaludon|move: Protect
|
|-weather|RainDance|[upkeep]
|-heal|p2b: Archaludon|25/100|[from] Grassy Terrain
|-fieldend|move: Grassy Terrain
|upkeep
|turn|12
|
|t:|1756714017
|-terastallize|p2b: Archaludon|Electric
|move|p2b: Archaludon|Electro Shot||[still]
|-prepare|p2b: Archaludon|Electro Shot
|-boost|p2b: Archaludon|spa|1
|-anim|p2b: Archaludon|Electro Shot|p1a: Gholdengo
|-damage|p1a: Gholdengo|0 fnt
|faint|p1a: Gholdengo
|move|p1b: Rillaboom|High Horsepower|p2b: Archaludon
|-supereffective|p2b: Archaludon
|-crit|p2b: Archaludon
|-damage|p2b: Archaludon|0 fnt
|faint|p2b: Archaludon
|move|p2a: Amoonguss|Pollen Puff|p2: Archaludon|[notarget]
|-fail|p2a: Amoonguss
|
|-weather|RainDance|[upkeep]
|upkeep
|inactive|Pranag140 has 30 seconds left.
|l|☆Pranag140
|inactive|Pranag140 disconnected and has a minute to reconnect!
|player|p2|
|inactive|Pranag140 has 20 seconds left.
|inactive|Pranag140 has 15 seconds left.
|inactive|Pranag140 has 10 seconds left.
|j|☆Pranag140
|inactive|Pranag140 reconnected and has 10 seconds left.
|player|p2|Pranag140|2|
|inactive|Pranag140 has 5 seconds left.
|
|t:|1756714072
|switch|p2b: Politoed|Politoed, L50, M|29/100
|turn|13
|
|t:|1756714086
|move|p1b: Rillaboom|Wood Hammer|p2b: Politoed
|-supereffective|p2b: Politoed
|-damage|p2b: Politoed|0 fnt
|faint|p2b: Politoed
|-damage|p1b: Rillaboom|92/100|[from] Recoil
|move|p2a: Amoonguss|Pollen Puff|p1b: Rillaboom
|-supereffective|p1b: Rillaboom
|-damage|p1b: Rillaboom|51/100
|
|-weather|none
|upkeep
|turn|14
|
|t:|1756714099
|move|p1b: Rillaboom|High Horsepower|p2a: Amoonguss
|-damage|p2a: Amoonguss|75/100
|move|p2a: Amoonguss|Pollen Puff|p1b: Rillaboom
|-supereffective|p1b: Rillaboom
|-damage|p1b: Rillaboom|14/100
|
|upkeep
|turn|15
|
|t:|1756714107
|move|p1b: Rillaboom|High Horsepower|p2a: Amoonguss
|-damage|p2a: Amoonguss|51/100
|move|p2a: Amoonguss|Pollen Puff|p1b: Rillaboom
|-supereffective|p1b: Rillaboom
|-damage|p1b: Rillaboom|0 fnt
|faint|p1b: Rillaboom
|
|win|Pranag140
||Pranag140 is ready for game 2.
||KudenaVGC is ready for game 2.
|uhtml|next|Next: Game 2 of 3
|l|☆Pranag140
|player|p2|
|l|☆KudenaVGC
|player|p1|
|j|☆Pranag140
|player|p2|Pranag140|2|
