|j|☆dawnenen
|j|☆D4M4D
|html|dawnenenD4M4D    
|uhtml|bestof|Game 2 of a best-of-3
|t:|1784982459
|gametype|doubles
|player|p1|dawnenen|galacticgruntf|1057
|player|p2|D4M4D|hilbert-wonderlauncher|1000
|gen|9
|tier|[Gen 9 Champions] VGC 2026 Reg M-B (Bo3)
|rated|
|rule|Species Clause: Limit one of each Pokémon
|rule|Item Clause: Limit 1 of each item
|clearpoke
|poke|p1|Charizard, L50, F|
|poke|p1|Aerodactyl, L50, F|
|poke|p1|Garchomp, L50, F|
|poke|p1|Sylveon, L50, M|
|poke|p1|Farigiraf, L50, M|
|poke|p1|Kingambit, L50, F|
|poke|p2|Floette-Eternal, L50, F|
|poke|p2|Incineroar, L50, F|
|poke|p2|Sinistcha, L50|
|poke|p2|Ditto, L50|
|poke|p2|Blaziken, L50, F|
|poke|p2|Sneasler, L50, M|
|teampreview|4
|showteam|p1|Charizard||CharizarditeY|Blaze|HeatWave,WeatherBall,SolarBeam,Protect|Modest||F|||50|]Aerodactyl||Aerodactylite|Unnerve|RockSlide,DualWingbeat,IceFang,Tailwind|Jolly||F|||50|]Garchomp||LifeOrb|RoughSkin|DragonClaw,Earthquake,StompingTantrum,Protect|Jolly||F|||50|]Sylveon||FairyFeather|Pixilate|HyperVoice,HyperBeam,QuickAttack,Detect|Modest||M|||50|]Farigiraf||SitrusBerry|ArmorTail|Psychic,Thunderbolt,TrickRoom,Protect|Bold||M|||50|]Kingambit||FocusSash|Defiant|KowtowCleave,IronHead,SuckerPunch,LowKick|Adamant||F|||50|
|showteam|p2|Floette-Eternal||Floettite|FlowerVeil|Protect,DazzlingGleam,CalmMind,DrainingKiss|Modest||F|||50|]Incineroar||ShucaBerry|Intimidate|FakeOut,FlareBlitz,PartingShot,ThroatChop|Impish||F|||50|]Sinistcha||KasibBerry|Hospitality|LifeDew,MatchaGotcha,RagePowder,TrickRoom|Calm|||||50|]Ditto||SitrusBerry|Imposter|Transform|Timid|||||50|]Blaziken||Blazikenite|SpeedBoost|Protect,FlareBlitz,CloseCombat,SwordsDance|Adamant||F|||50|]Sneasler||WhiteHerb|Unburden|Protect,CloseCombat,DireClaw,FakeOut|Jolly||M|||50|
|inactive|Battle timer is ON: inactive players will automatically lose when time's up. (requested by dawnenen)
|
|t:|1784982476
|teamsize|p1|4
|teamsize|p2|4
|start
|switch|p1a: Aerodactyl|Aerodactyl, L50, F|100/100
|switch|p1b: Kingambit|Kingambit, L50, F|100/100
|switch|p2a: Incineroar|Incineroar, L50, F|100/100
|switch|p2b: Blaziken|Blaziken, L50, F|100/100
|-ability|p1a: Aerodactyl|Unnerve
|-ability|p2a: Incineroar|Intimidate|boost
|-unboost|p1a: Aerodactyl|atk|1
|-unboost|p1b: Kingambit|atk|1
|-ability|p1b: Kingambit|Defiant|boost
|-boost|p1b: Kingambit|atk|2
|turn|1
|inactive|dawnenen has 30 seconds left.
|
|t:|1784982505
|switch|p1a: Farigiraf|Farigiraf, L50, M|100/100
|move|p2b: Blaziken|Flare Blitz|p1a: Farigiraf
|-damage|p1a: Farigiraf|47/100
|-enditem|p1a: Farigiraf|Sitrus Berry|[eat]
|-heal|p1a: Farigiraf|72/100|[from] item: Sitrus Berry
|-damage|p2b: Blaziken|76/100|[from] Recoil
|move|p1b: Kingambit|Low Kick|p2a: Incineroar
|-supereffective|p2a: Incineroar|1
|-damage|p2a: Incineroar|17/100
|move|p2a: Incineroar|Throat Chop|p1a: Farigiraf
|-supereffective|p1a: Farigiraf|1
|-damage|p1a: Farigiraf|23/100
|-start|p1a: Farigiraf|Throat Chop|[silent]
|
|-ability|p2b: Blaziken|Speed Boost|boost
|-boost|p2b: Blaziken|spe|1
|upkeep
|turn|2
|inactive|D4M4D has 30 seconds left.
|
|t:|1784982533
|move|p1a: Farigiraf|Protect|p1a: Farigiraf
|-singleturn|p1a: Farigiraf|Protect
|move|p1b: Kingambit|Sucker Punch|p2a: Incineroar
|-resisted|p2a: Incineroar|1
|-damage|p2a: Incineroar|0 fnt
|faint|p2a: Incineroar
|move|p2b: Blaziken|Close Combat|p1a: Farigiraf
|-activate|p1a: Farigiraf|move: Protect
|
|-end|p1a: Farigiraf|Throat Chop|[silent]
|-ability|p2b: Blaziken|Speed Boost|boost
|-boost|p2b: Blaziken|spe|1
|upkeep
|
|t:|1784982537
|switch|p2a: Sneasler|Sneasler, L50, M|100/100
|turn|3
|inactive|dawnenen has 30 seconds left.
|inactive|dawnenen has 20 seconds left.
|
|t:|1784982577
|move|p2a: Sneasler|Protect|p2a: Sneasler
|-singleturn|p2a: Sneasler|Protect
|move|p2b: Blaziken|Close Combat|p1a: Farigiraf
|-damage|p1a: Farigiraf|0 fnt
|-unboost|p2b: Blaziken|def|1
|-unboost|p2b: Blaziken|spd|1
|faint|p1a: Farigiraf
|move|p1b: Kingambit|Iron Head|p2a: Sneasler
|-activate|p2a: Sneasler|move: Protect
|
|-ability|p2b: Blaziken|Speed Boost|boost
|-boost|p2b: Blaziken|spe|1
|upkeep
|
|t:|1784982589
|switch|p1a: Aerodactyl|Aerodactyl, L50, F|100/100
|-ability|p1a: Aerodactyl|Unnerve
|turn|4
|
|t:|1784982604
|move|p2b: Blaziken|Flare Blitz|p1b: Kingambit
|-supereffective|p1b: Kingambit|1
|-enditem|p1b: Kingambit|Focus Sash
|-damage|p1b: Kingambit|1/100
|-damage|p2b: Blaziken|40/100|[from] Recoil
|move|p1a: Aerodactyl|Dual Wingbeat|p2b: Blaziken
|-supereffective|p2b: Blaziken|1
|-damage|p2b: Blaziken|0 fnt
|faint|p2b: Blaziken
|-hitcount|p2: Blaziken|1
|move|p2a: Sneasler|Close Combat|p1b: Kingambit
|-supereffective|p1b: Kingambit|2
|-damage|p1b: Kingambit|0 fnt
|-unboost|p2a: Sneasler|def|1
|-unboost|p2a: Sneasler|spd|1
|faint|p1b: Kingambit
|-enditem|p2a: Sneasler|White Herb
|-clearnegativeboost|p2a: Sneasler|[silent]
|
|upkeep
|
|t:|1784982625
|switch|p2b: Floette|Floette-Eternal, L50, F|100/100
|switch|p1b: Sylveon|Sylveon, L50, M|100/100
|turn|5
|
|t:|1784982641
|move|p2a: Sneasler|Dire Claw|p1b: Sylveon
|-supereffective|p1b: Sylveon|1
|-damage|p1b: Sylveon|18/100
|-status|p1b: Sylveon|par
|move|p1a: Aerodactyl|Dual Wingbeat|p2a: Sneasler
|-supereffective|p2a: Sneasler|1
|-damage|p2a: Sneasler|44/100
|-supereffective|p2a: Sneasler|1
|-damage|p2a: Sneasler|0 fnt
|faint|p2a: Sneasler
|-hitcount|p2: Sneasler|2
|move|p2b: Floette|Calm Mind|p2b: Floette
|-boost|p2b: Floette|spa|1
|-boost|p2b: Floette|spd|1
|move|p1b: Sylveon|Hyper Beam|p2b: Floette
|-crit|p2b: Floette
|-damage|p2b: Floette|0 fnt
|-mustrecharge|p1b: Sylveon
|faint|p2b: Floette
|
|win|dawnenen
|raw|dawnenen's rating: 1057 → 1083(+26 for winning)
|raw|D4M4D's rating: 1000 → 1000(+0 for losing)
|l|☆D4M4D
|player|p2|
