|j|☆chaplin73
|j|☆CaratroncoSun
|html|chaplin73CaratroncoSun    
|uhtml|bestof|Game 1 of a best-of-3
|t:|1782416028
|gametype|doubles
|player|p1|chaplin73|102|1177
|player|p2|CaratroncoSun|juan|1253
|gen|9
|tier|[Gen 9 Champions] VGC 2026 Reg M-B (Bo3)
|rated|
|rule|Species Clause: Limit one of each Pokémon
|rule|Item Clause: Limit 1 of each item
|clearpoke
|poke|p1|Swampert, L50, M, shiny|
|poke|p1|Pelipper, L50, F|
|poke|p1|Garchomp, L50, F|
|poke|p1|Grimmsnarl, L50, M|
|poke|p1|Kingambit, L50, F|
|poke|p1|Sinistcha, L50|
|poke|p2|Overqwil, L50, F, shiny|
|poke|p2|Swampert, L50, F|
|poke|p2|Pelipper, L50, M|
|poke|p2|Metagross, L50, shiny|
|poke|p2|Sneasler, L50, M|
|poke|p2|Sinistcha-Masterpiece, L50|
|teampreview|4
|showteam|p1|Swampert||Swampertite|Torrent|WaveCrash,Protect,HighHorsepower,RockSlide|Adamant||M|||50|]Pelipper||DampRock|Drizzle|Protect,WeatherBall,Tailwind,Hurricane|Modest||F|||50|]Garchomp||MuscleBand|RoughSkin|DragonClaw,RockSlide,Protect,StompingTantrum|Jolly||F|||50|]Grimmsnarl||LightClay|Prankster|SpiritBreak,LightScreen,Reflect,PartingShot|Serious||M|||50|]Kingambit||BlackGlasses|Defiant|IronHead,SuckerPunch,Protect,KowtowCleave|Adamant||F|||50|]Sinistcha||SitrusBerry|Hospitality|MatchaGotcha,LifeDew,Protect,RagePowder|Bold|||||50|
|showteam|p2|Overqwil||LifeOrb|SwiftSwim|Protect,PoisonJab,ThroatChop,Liquidation|Adamant||F|||50|]Swampert||Swampertite|Damp|Protect,WaveCrash,HighHorsepower,IcePunch|Adamant||F|||50|]Pelipper||FocusSash|Drizzle|RainDance,Tailwind,Hurricane,WeatherBall|Modest||M|||50|]Metagross||Metagrossite|ClearBody|Protect,PsychicFangs,IronHead,IcePunch|Jolly|||||50|]Sneasler||WhiteHerb|Unburden|Coaching,FakeOut,DireClaw,CloseCombat|Jolly||M|||50|]Sinistcha-Masterpiece||SitrusBerry|Hospitality|MatchaGotcha,TrickRoom,LifeDew,RagePowder|Bold|||||50|
|
|t:|1782416068
|teamsize|p1|4
|teamsize|p2|4
|start
|switch|p1a: Swampert|Swampert, L50, M, shiny|100/100
|switch|p1b: Pelipper|Pelipper, L50, F|100/100
|switch|p2a: Sneasler|Sneasler, L50, M|100/100
|switch|p2b: Swampert|Swampert, L50, F|100/100
|-weather|RainDance|[from] ability: Drizzle|[of] p1b: Pelipper
|turn|1
|
|t:|1782416093
|detailschange|p2b: Swampert|Swampert-Mega, L50, F
|-mega|p2b: Swampert|Swampert|Swampertite
|move|p1b: Pelipper|Protect|p1b: Pelipper
|-singleturn|p1b: Pelipper|Protect
|move|p1a: Swampert|Protect|p1a: Swampert
|-singleturn|p1a: Swampert|Protect
|move|p2b: Swampert|Wave Crash|p1a: Swampert
|-activate|p1a: Swampert|move: Protect
|move|p2a: Sneasler|Coaching|p2b: Swampert
|-boost|p2b: Swampert|atk|1
|-boost|p2b: Swampert|def|1
|
|-weather|RainDance|[upkeep]
|upkeep
|turn|2
|
|t:|1782416123
|detailschange|p1a: Swampert|Swampert-Mega, L50, M, shiny
|-mega|p1a: Swampert|Swampert|Swampertite
|move|p2b: Swampert|Ice Punch|p1b: Pelipper
|-damage|p1b: Pelipper|41/100
|move|p1a: Swampert|High Horsepower|p2a: Sneasler
|-supereffective|p2a: Sneasler|1
|-damage|p2a: Sneasler|0 fnt
|faint|p2a: Sneasler
|move|p1b: Pelipper|Weather Ball|p2b: Swampert
|-damage|p2b: Swampert|37/100
|
|-weather|RainDance|[upkeep]
|upkeep
|
|t:|1782416137
|switch|p2a: Sinistcha|Sinistcha-Masterpiece, L50|100/100
|-heal|p2b: Swampert|62/100|[from] ability: Hospitality|[of] p2a: Sinistcha
|turn|3
|
|t:|1782416149
|switch|p1a: Sinistcha|Sinistcha, L50|100/100
|-heal|p1b: Pelipper|66/100|[from] ability: Hospitality|[of] p1a: Sinistcha
|move|p1b: Pelipper|Protect|p1b: Pelipper
|-singleturn|p1b: Pelipper|Protect
|move|p2b: Swampert|Ice Punch|p1b: Pelipper
|-activate|p1b: Pelipper|move: Protect
|move|p2a: Sinistcha|Matcha Gotcha|p1a: Sinistcha|[spread] p1a
|-activate|p1b: Pelipper|move: Protect
|-resisted|p1a: Sinistcha|1
|-damage|p1a: Sinistcha|88/100
|
|-weather|RainDance|[upkeep]
|upkeep
|turn|4
|
|t:|1782416171
|move|p2b: Swampert|Protect|p2b: Swampert
|-singleturn|p2b: Swampert|Protect
|move|p1a: Sinistcha|Rage Powder|p1a: Sinistcha
|-singleturn|p1a: Sinistcha|move: Rage Powder
|move|p1b: Pelipper|Hurricane|p2a: Sinistcha
|-supereffective|p2a: Sinistcha|1
|-damage|p2a: Sinistcha|4/100
|-enditem|p2a: Sinistcha|Sitrus Berry|[eat]
|-heal|p2a: Sinistcha|29/100|[from] item: Sitrus Berry
|move|p2a: Sinistcha|Matcha Gotcha|p1a: Sinistcha|[spread] p1a,p1b
|-resisted|p1a: Sinistcha|1
|-damage|p1a: Sinistcha|76/100
|-heal|p2a: Sinistcha|35/100|[from] drain|[of] p1a: Sinistcha
|-damage|p1b: Pelipper|24/100
|-heal|p2a: Sinistcha|51/100|[from] drain|[of] p1b: Pelipper
|
|-weather|RainDance|[upkeep]
|upkeep
|turn|5
|
|t:|1782416193
|switch|p2a: Pelipper|Pelipper, L50, M|100/100
|move|p2b: Swampert|Protect|p2b: Swampert
|-singleturn|p2b: Swampert|Protect
|move|p1b: Pelipper|Hurricane|p2a: Pelipper
|-damage|p2a: Pelipper|12/100
|move|p1a: Sinistcha|Matcha Gotcha|p2a: Pelipper|[spread] p2a
|-activate|p2b: Swampert|move: Protect
|-damage|p2a: Pelipper|0 fnt
|-heal|p1a: Sinistcha|82/100|[from] drain|[of] p2a: Pelipper
|faint|p2a: Pelipper
|
|-weather|RainDance|[upkeep]
|upkeep
|
|t:|1782416207
|switch|p2a: Sinistcha|Sinistcha-Masterpiece, L50|51/100
|-heal|p2b: Swampert|86/100|[from] ability: Hospitality|[of] p2a: Sinistcha
|turn|6
|
|t:|1782416216
|move|p2b: Swampert|Ice Punch|p1a: Sinistcha
|-supereffective|p1a: Sinistcha|1
|-damage|p1a: Sinistcha|8/100
|-enditem|p1a: Sinistcha|Sitrus Berry|[eat]
|-heal|p1a: Sinistcha|33/100|[from] item: Sitrus Berry
|move|p1b: Pelipper|Hurricane|p2a: Sinistcha
|-supereffective|p2a: Sinistcha|1
|-damage|p2a: Sinistcha|0 fnt
|faint|p2a: Sinistcha
|move|p1a: Sinistcha|Matcha Gotcha|p2b: Swampert
|-supereffective|p2b: Swampert|2
|-damage|p2b: Swampert|0 fnt
|-heal|p1a: Sinistcha|76/100|[from] drain|[of] p2b: Swampert
|faint|p2b: Swampert
|
|win|chaplin73
