|j|☆patata navidenya
|j|☆luckyross
|html|patata navidenyaluckyross    
|uhtml|bestof|Game 3 of a best-of-3
|t:|1756901736
|gametype|doubles
|player|p1|patata navidenya|cilan|1206
|player|p2|luckyross|fisherman-gen4|1162
|gen|9
|tier|[Gen 9] VGC 2025 Reg H (Bo3)
|rated|
|rule|Species Clause: Limit one of each Pokémon
|rule|Item Clause: Limit 1 of each item
|clearpoke
|poke|p1|Pelipper, L50, M|
|poke|p1|Archaludon, L50, M|
|poke|p1|Sinistcha, L50|
|poke|p1|Incineroar, L50, M|
|poke|p1|Dragonite, L50, F|
|poke|p1|Ursaluna, L50, F|
|poke|p2|Tyranitar, L50, M|
|poke|p2|Excadrill, L50, F|
|poke|p2|Indeedee, L50, M|
|poke|p2|Sneasler, L50, F|
|poke|p2|Corviknight, L50, F|
|poke|p2|Hydreigon, L50, F|
|teampreview|4
|showteam|p1|Pelipper||FocusSash|Drizzle|MuddyWater,Hurricane,Tailwind,Protect|||M|||50|,,,,,Ghost]Archaludon||AssaultVest|Stamina|ElectroShot,DracoMeteor,BodyPress,Snarl|||M|||50|,,,,,Bug]Sinistcha||SitrusBerry|Hospitality|MatchaGotcha,RagePowder,LifeDew,TrickRoom||||||50|,,,,,Fire]Incineroar||SafetyGoggles|Intimidate|KnockOff,Taunt,PartingShot,FakeOut|||M|||50|,,,,,Ghost]Dragonite||LoadedDice|Multiscale|ScaleShot,Tailwind,Haze,Protect|||F|||50|,,,,,Steel]Ursaluna||FlameOrb|Guts|HeadlongRush,Earthquake,Facade,Protect|||F|||50|,,,,,Ghost
|showteam|p2|Tyranitar||AssaultVest|SandStream|KnockOff,RockSlide,TeraBlast,LowKick|||M|||50|,,,,,Flying]Excadrill||FocusSash|SandRush|Earthquake,IronHead,HighHorsepower,Protect|||F|||50|,,,,,Stellar]Indeedee||ChoiceScarf|PsychicSurge|ExpandingForce,TeraBlast,Trick,Protect|||M|||50|,,,,,Psychic]Sneasler||WhiteHerb|Unburden|DireClaw,CloseCombat,Coaching,FakeOut|||F|||50|,,,,,Stellar]Corviknight||PsychicSeed|MirrorArmor|BraveBird,PowerTrip,BulkUp,Roost|||F|||50|,,,,,Water]Hydreigon||LifeOrb|Levitate|DracoMeteor,DarkPulse,Protect,Tailwind|||F|||50|,,,,,Ghost
|inactive|Battle timer is ON: inactive players will automatically lose when time's up. (requested by patata navidenya)
|
|t:|1756901760
|teamsize|p1|4
|teamsize|p2|4
|start
|switch|p1a: Incineroar|Incineroar, L50, M|100/100
|switch|p1b: Sinistcha|Sinistcha, L50|100/100
|switch|p2a: Indeedee|Indeedee, L50, M|100/100
|switch|p2b: My Goat|Hydreigon, L50, F|100/100
|-fieldstart|move: Psychic Terrain|[from] ability: Psychic Surge|[of] p2a: Indeedee
|-ability|p1a: Incineroar|Intimidate|boost
|-unboost|p2a: Indeedee|atk|1
|-unboost|p2b: My Goat|atk|1
|turn|1
|
|t:|1756901777
|switch|p1b: Archaludon|Archaludon, L50, M|100/100
|-terastallize|p2b: My Goat|Ghost
|move|p2a: Indeedee|Expanding Force|p1a: Incineroar|[spread] p1b
|-immune|p1a: Incineroar
|-resisted|p1b: Archaludon
|-damage|p1b: Archaludon|75/100
|-ability|p1b: Archaludon|Stamina|boost
|-boost|p1b: Archaludon|def|1
|move|p2b: My Goat|Draco Meteor|p1b: Archaludon
|-damage|p1b: Archaludon|0 fnt
|-unboost|p2b: My Goat|spa|2
|faint|p1b: Archaludon
|-damage|p2b: My Goat|91/100|[from] item: Life Orb
|move|p1a: Incineroar|Knock Off|p2a: Indeedee
|-supereffective|p2a: Indeedee
|-damage|p2a: Indeedee|0 fnt
|-enditem|p2a: Indeedee|Choice Scarf|[from] move: Knock Off|[of] p1a: Incineroar
|faint|p2a: Indeedee
|
|upkeep
|
|t:|1756901801
|switch|p1b: Pelipper|Pelipper, L50, M|100/100
|switch|p2a: Tyranitar|Tyranitar, L50, M|100/100
|-weather|RainDance|[from] ability: Drizzle|[of] p1b: Pelipper
|-weather|Sandstorm|[from] ability: Sand Stream|[of] p2a: Tyranitar
|turn|2
|
|t:|1756901825
|move|p1b: Pelipper|Protect|p1b: Pelipper
|-singleturn|p1b: Pelipper|Protect
|move|p2b: My Goat|Draco Meteor|p1b: Pelipper
|-activate|p1b: Pelipper|move: Protect
|move|p2a: Tyranitar|Rock Slide|p1a: Incineroar|[spread] p1a
|-activate|p1b: Pelipper|move: Protect
|-supereffective|p1a: Incineroar
|-damage|p1a: Incineroar|49/100
|cant|p1a: Incineroar|flinch
|
|-weather|Sandstorm|[upkeep]
|-damage|p2b: My Goat|85/100|[from] Sandstorm
|-damage|p1b: Pelipper|95/100|[from] Sandstorm
|upkeep
|turn|3
|
|t:|1756901843
|switch|p2b: Excadrill|Excadrill, L50, F|100/100
|-terastallize|p1a: Incineroar|Ghost
|move|p1b: Pelipper|Muddy Water|p2a: Tyranitar|[spread] p2a,p2b
|-supereffective|p2a: Tyranitar
|-supereffective|p2b: Excadrill
|-damage|p2a: Tyranitar|74/100
|-damage|p2b: Excadrill|18/100
|-unboost|p2b: Excadrill|accuracy|1
|move|p2a: Tyranitar|Rock Slide|p1b: Pelipper|[spread] p1a,p1b
|-supereffective|p1b: Pelipper
|-damage|p1a: Incineroar|24/100
|-damage|p1b: Pelipper|15/100
|move|p1a: Incineroar|Parting Shot|p2a: Tyranitar
|-unboost|p2a: Tyranitar|atk|1
|-unboost|p2a: Tyranitar|spa|1
|
|t:|1756901858
|switch|p1a: Sinistcha|Sinistcha, L50|100/100|[from] Parting Shot
|-heal|p1b: Pelipper|40/100|[from] ability: Hospitality|[of] p1a: Sinistcha
|
|-weather|Sandstorm|[upkeep]
|-damage|p1b: Pelipper|34/100|[from] Sandstorm
|-damage|p1a: Sinistcha|94/100|[from] Sandstorm
|upkeep
|turn|4
|
|t:|1756901875
|switch|p1a: Incineroar|Incineroar, L50, M, tera:Ghost|24/100
|-ability|p1a: Incineroar|Intimidate|boost
|-unboost|p2a: Tyranitar|atk|1
|-unboost|p2b: Excadrill|atk|1
|move|p1b: Pelipper|Protect|p1b: Pelipper
|-singleturn|p1b: Pelipper|Protect
|move|p2b: Excadrill|Iron Head|p1b: Pelipper
|-activate|p1b: Pelipper|move: Protect
|move|p2a: Tyranitar|Knock Off|p1a: Incineroar
|-supereffective|p1a: Incineroar
|-damage|p1a: Incineroar|0 fnt
|-enditem|p1a: Incineroar|Safety Goggles|[from] move: Knock Off|[of] p2a: Tyranitar
|faint|p1a: Incineroar
|
|-weather|Sandstorm|[upkeep]
|-damage|p1b: Pelipper|28/100|[from] Sandstorm
|upkeep
|
|t:|1756901886
|switch|p1a: Sinistcha|Sinistcha, L50|94/100
|-heal|p1b: Pelipper|53/100|[from] ability: Hospitality|[of] p1a: Sinistcha
|turn|5
|
|t:|1756901902
|switch|p2a: My Goat|Hydreigon, L50, F, tera:Ghost|85/100
|move|p2b: Excadrill|Protect|p2b: Excadrill
|-singleturn|p2b: Excadrill|Protect
|move|p1b: Pelipper|Tailwind|p1b: Pelipper
|-sidestart|p1: patata navidenya|move: Tailwind
|move|p1a: Sinistcha|Matcha Gotcha|p2b: Excadrill|[spread] p2a
|-activate|p2b: Excadrill|move: Protect
|-damage|p2a: My Goat|53/100
|-heal|p1a: Sinistcha|100/100|[from] drain|[of] p2a: My Goat
|
|-weather|Sandstorm|[upkeep]
|-damage|p1b: Pelipper|48/100|[from] Sandstorm
|-damage|p1a: Sinistcha|94/100|[from] Sandstorm
|-damage|p2a: My Goat|47/100|[from] Sandstorm
|-fieldend|move: Psychic Terrain
|upkeep
|turn|6
|inactive|luckyross has 30 seconds left.
|
|t:|1756901934
|move|p2b: Excadrill|Iron Head|p1a: Sinistcha
|-damage|p1a: Sinistcha|66/100
|move|p1b: Pelipper|Muddy Water|p2b: Excadrill|[spread] p2a,p2b
|-supereffective|p2b: Excadrill
|-damage|p2a: My Goat|11/100
|-damage|p2b: Excadrill|0 fnt
|faint|p2b: Excadrill
|move|p1a: Sinistcha|Matcha Gotcha|p2a: My Goat
|-damage|p2a: My Goat|0 fnt
|-heal|p1a: Sinistcha|71/100|[from] drain|[of] p2a: My Goat
|faint|p2a: My Goat
|
|-weather|none
|upkeep
|
|t:|1756901944
|switch|p2b: Tyranitar|Tyranitar, L50, M|74/100
|-weather|Sandstorm|[from] ability: Sand Stream|[of] p2b: Tyranitar
|turn|7
|
|t:|1756901948
|move|p1b: Pelipper|Muddy Water|p2b: Tyranitar
|-supereffective|p2b: Tyranitar
|-damage|p2b: Tyranitar|39/100
|move|p1a: Sinistcha|Matcha Gotcha|p2b: Tyranitar
|-supereffective|p2b: Tyranitar
|-damage|p2b: Tyranitar|6/100
|-heal|p1a: Sinistcha|88/100|[from] drain|[of] p2b: Tyranitar
|move|p2b: Tyranitar|Rock Slide|p1a: Sinistcha|[spread] p1a,p1b
|-supereffective|p1b: Pelipper
|-damage|p1a: Sinistcha|59/100
|-damage|p1b: Pelipper|0 fnt
|faint|p1b: Pelipper
|
|-weather|Sandstorm|[upkeep]
|-damage|p1a: Sinistcha|53/100|[from] Sandstorm
|upkeep
|turn|8
|
|t:|1756901959
|move|p1a: Sinistcha|Matcha Gotcha|p2b: Tyranitar
|-supereffective|p2b: Tyranitar
|-damage|p2b: Tyranitar|0 fnt
|-heal|p1a: Sinistcha|57/100|[from] drain|[of] p2b: Tyranitar
|faint|p2b: Tyranitar
|
|win|patata navidenya
|raw|patata navidenya's rating: 1206 → 1228(+22 for winning)
|raw|luckyross's rating: 1162 → 1140(-22 for losing)
|c|☆patata navidenya|gg
|l|☆luckyross
|player|p2|
