|j|☆wade connects
|j|☆bassoonski
|html|wade connectsbassoonski    
|uhtml|bestof|Game 3 of a best-of-3
|t:|1785643921
|gametype|doubles
|player|p1|wade connects|101|1235
|player|p2|bassoonski|biker|1127
|gen|9
|tier|[Gen 9 Champions] VGC 2026 Reg M-B (Bo3)
|rated|
|rule|Species Clause: Limit one of each Pokémon
|rule|Item Clause: Limit 1 of each item
|clearpoke
|poke|p1|Gholdengo, L50|
|poke|p1|Clefable, L50, F|
|poke|p1|Blaziken, L50, M, shiny|
|poke|p1|Sceptile, L50, M|
|poke|p1|Gyarados, L50, F, shiny|
|poke|p1|Aerodactyl, L50, F|
|poke|p2|Staraptor, L50, M|
|poke|p2|Whimsicott, L50, M|
|poke|p2|Garchomp, L50, F|
|poke|p2|Basculegion, L50, M|
|poke|p2|Incineroar, L50, F|
|poke|p2|Kingambit, L50, F|
|teampreview|4
|showteam|p1|Gholdengo||MetalCoat|GoodasGold|Protect,NastyPlot,ShadowBall,MakeItRain|Modest|||||50|]Clefable||Leftovers|Unaware|Protect,FollowMe,LifeDew,Moonblast|Bold||F|||50|]Blaziken||LifeOrb|SpeedBoost|Detect,CloseCombat,FlareBlitz,RockSlide|Adamant||M|||50|]Sceptile||Sceptilite|Overgrow|Detect,EnergyBall,DragonPulse,EarthPower|Timid||M|||50|]Gyarados||Gyaradosite|Intimidate|Protect,DragonDance,Waterfall,Crunch|Adamant||F|||50|]Aerodactyl||FocusSash|Unnerve|Protect,Tailwind,DualWingbeat,RockSlide|Jolly||F|||50|
|showteam|p2|Staraptor||Staraptite|Intimidate|CloseCombat,BraveBird,BlazeKick,Protect|Jolly||M|||50|]Whimsicott||FocusSash|Prankster|Moonblast,Tailwind,Charm,Encore|Modest||M|||50|]Garchomp||LifeOrb|RoughSkin|DragonClaw,StompingTantrum,RockSlide,Protect|Jolly||F|||50|]Basculegion||ChoiceScarf|Adaptability|WaveCrash,LastRespects,FlipTurn,IcyWind|Jolly||M|||50|]Incineroar||SitrusBerry|Intimidate|FlareBlitz,FakeOut,Taunt,PartingShot|Careful||F|||50|]Kingambit||ChopleBerry|Defiant|KowtowCleave,IronHead,SuckerPunch,Protect|Adamant||F|||50|
|
|t:|1785643959
|teamsize|p1|4
|teamsize|p2|4
|start
|switch|p1a: Clefable|Clefable, L50, F|100/100
|switch|p1b: Blaziken|Blaziken, L50, M, shiny|100/100
|switch|p2a: Staraptor|Staraptor, L50, M|100/100
|switch|p2b: Whimsicott|Whimsicott, L50, M|100/100
|-ability|p2a: Staraptor|Intimidate|boost
|-unboost|p1a: Clefable|atk|1
|-unboost|p1b: Blaziken|atk|1
|turn|1
|
|t:|1785643978
|detailschange|p2a: Staraptor|Staraptor-Mega, L50, M
|-mega|p2a: Staraptor|Staraptor|Staraptite
|move|p1a: Clefable|Follow Me|p1a: Clefable
|-singleturn|p1a: Clefable|move: Follow Me
|move|p2b: Whimsicott|Charm|p1a: Clefable
|-unboost|p1a: Clefable|atk|2
|move|p2a: Staraptor|Close Combat|p1a: Clefable
|-resisted|p1a: Clefable|1
|-damage|p1a: Clefable|76/100
|-boost|p2a: Staraptor|def|1
|-boost|p2a: Staraptor|spd|1
|move|p1b: Blaziken|Rock Slide|p2a: Staraptor|[spread] p2a,p2b
|-damage|p2a: Staraptor|85/100
|-damage|p2b: Whimsicott|75/100
|-damage|p1b: Blaziken|90/100|[from] item: Life Orb
|
|-heal|p1a: Clefable|82/100|[from] item: Leftovers
|-ability|p1b: Blaziken|Speed Boost|boost
|-boost|p1b: Blaziken|spe|1
|upkeep
|turn|2
|
|t:|1785643999
|switch|p1b: Gholdengo|Gholdengo, L50|100/100
|move|p2b: Whimsicott|Encore|p1a: Clefable
|-start|p1a: Clefable|Encore
|move|p1a: Clefable|Follow Me|p1a: Clefable
|-singleturn|p1a: Clefable|move: Follow Me
|move|p2a: Staraptor|Close Combat|p1a: Clefable
|-resisted|p1a: Clefable|1
|-damage|p1a: Clefable|57/100
|-boost|p2a: Staraptor|def|1
|-boost|p2a: Staraptor|spd|1
|
|-heal|p1a: Clefable|63/100|[from] item: Leftovers
|upkeep
|turn|3
|
|t:|1785644020
|switch|p1a: Blaziken|Blaziken, L50, M, shiny|90/100
|move|p2b: Whimsicott|Tailwind|p2b: Whimsicott
|-sidestart|p2: bassoonski|move: Tailwind
|move|p2a: Staraptor|Close Combat|p1a: Blaziken
|-damage|p1a: Blaziken|0 fnt
|-boost|p2a: Staraptor|def|1
|-boost|p2a: Staraptor|spd|1
|faint|p1a: Blaziken
|move|p1b: Gholdengo|Nasty Plot|p1b: Gholdengo
|-boost|p1b: Gholdengo|spa|2
|
|upkeep
|
|t:|1785644033
|switch|p1a: Clefable|Clefable, L50, F|63/100
|turn|4
|
|t:|1785644051
|move|p2a: Staraptor|Brave Bird|p1a: Clefable
|-damage|p1a: Clefable|12/100
|-damage|p2a: Staraptor|64/100|[from] Recoil
|move|p2b: Whimsicott|Moonblast|p1a: Clefable
|-damage|p1a: Clefable|0 fnt
|faint|p1a: Clefable
|move|p1b: Gholdengo|Make It Rain|p2a: Staraptor|[spread] p2a,p2b
|-supereffective|p2b: Whimsicott|1
|-damage|p2a: Staraptor|3/100
|-damage|p2b: Whimsicott|0 fnt
|-unboost|p1b: Gholdengo|spa|2
|faint|p2b: Whimsicott
|
|upkeep
|
|t:|1785644066
|switch|p2b: Kingambit|Kingambit, L50, F|100/100
|switch|p1a: Sceptile|Sceptile, L50, M|100/100
|turn|5
|
|t:|1785644081
|detailschange|p1a: Sceptile|Sceptile-Mega, L50, M
|-mega|p1a: Sceptile|Sceptile|Sceptilite
|move|p2a: Staraptor|Protect|p2a: Staraptor
|-singleturn|p2a: Staraptor|Protect
|move|p1a: Sceptile|Detect|p1a: Sceptile
|-singleturn|p1a: Sceptile|Protect
|move|p2b: Kingambit|Kowtow Cleave|p1a: Sceptile
|-activate|p1a: Sceptile|move: Protect
|move|p1b: Gholdengo|Make It Rain|p2a: Staraptor|[spread] p2b
|-activate|p2a: Staraptor|move: Protect
|-resisted|p2b: Kingambit|1
|-damage|p2b: Kingambit|68/100
|-unboost|p1b: Gholdengo|spa|2
|
|upkeep
|turn|6
|
|t:|1785644106
|move|p1a: Sceptile|Detect|p1a: Sceptile
|-singleturn|p1a: Sceptile|Protect
|move|p1b: Gholdengo|Protect|p1b: Gholdengo
|-singleturn|p1b: Gholdengo|Protect
|move|p2a: Staraptor|Brave Bird|p1a: Sceptile
|-activate|p1a: Sceptile|move: Protect
|move|p2b: Kingambit|Kowtow Cleave|p1b: Gholdengo
|-activate|p1b: Gholdengo|move: Protect
|
|-sideend|p2: bassoonski|move: Tailwind
|upkeep
|turn|7
|
|t:|1785644155
|move|p1a: Sceptile|Dragon Pulse|p2a: Staraptor
|-damage|p2a: Staraptor|0 fnt
|faint|p2a: Staraptor
|move|p1b: Gholdengo|Nasty Plot|p1b: Gholdengo
|-boost|p1b: Gholdengo|spa|2
|move|p2b: Kingambit|Kowtow Cleave|p1b: Gholdengo
|-supereffective|p1b: Gholdengo|1
|-damage|p1b: Gholdengo|9/100
|
|upkeep
|
|t:|1785644165
|switch|p2a: Basculegion|Basculegion, L50, M|100/100
|turn|8
|
|t:|1785644177
|move|p1b: Gholdengo|Protect|p1b: Gholdengo
|-singleturn|p1b: Gholdengo|Protect
|move|p2b: Kingambit|Sucker Punch|p1a: Sceptile
|-damage|p1a: Sceptile|36/100
|move|p1a: Sceptile|Energy Ball|p2a: Basculegion
|-supereffective|p2a: Basculegion|1
|-damage|p2a: Basculegion|0 fnt
|faint|p2a: Basculegion
|
|upkeep
|turn|9
|
|t:|1785644191
|move|p1a: Sceptile|Detect|p1a: Sceptile
|-singleturn|p1a: Sceptile|Protect
|move|p2b: Kingambit|Sucker Punch||[still]
|-fail|p2b: Kingambit
|move|p1b: Gholdengo|Nasty Plot|p1b: Gholdengo
|-boost|p1b: Gholdengo|spa|2
|
|upkeep
|turn|10
|
|t:|1785644203
|move|p1a: Sceptile|Earth Power|p2b: Kingambit
|-supereffective|p2b: Kingambit|1
|-damage|p2b: Kingambit|2/100
|move|p1b: Gholdengo|Shadow Ball|p2b: Kingambit
|-resisted|p2b: Kingambit|1
|-damage|p2b: Kingambit|0 fnt
|faint|p2b: Kingambit
|
|win|wade connects
|raw|wade connects's rating: 1235 → 1252(+17 for winning)
|raw|bassoonski's rating: 1127 → 1110(-17 for losing)
|l|☆bassoonski
|player|p2|
