|j|☆youlookgreattoday
|j|☆plaidhaxx
|html|youlookgreattodayplaidhaxx    
|uhtml|bestof|Game 2 of a best-of-3
|t:|1756932371
|gametype|doubles
|player|p1|youlookgreattoday|1|1049
|player|p2|plaidhaxx|shadowtriad|1092
|gen|9
|tier|[Gen 9] VGC 2025 Reg H (Bo3)
|rated|
|rule|Species Clause: Limit one of each Pokémon
|rule|Item Clause: Limit 1 of each item
|clearpoke
|poke|p1|Annihilape, L50, F|
|poke|p1|Armarouge, L50, M|
|poke|p1|Ursaluna, L50, M|
|poke|p1|Indeedee-F, L50, F|
|poke|p1|Mienshao, L50, M|
|poke|p1|Hatterene, L50, F|
|poke|p2|Sneasler, L50, F|
|poke|p2|Dragapult, L50, F|
|poke|p2|Primarina, L50, F|
|poke|p2|Rillaboom, L50, F|
|poke|p2|Kingambit, L50, F|
|poke|p2|Magmar, L50, M|
|teampreview|4
|showteam|p1|Annihilape||ChoiceScarf|Defiant|FinalGambit,ShadowClaw,CloseCombat,Uturn|||F|||50|,,,,,Fighting]Armarouge||PowerHerb|FlashFire|MeteorBeam,ExpandingForce,ArmorCannon,TrickRoom|||M|||50|,,,,,Grass]Ursaluna||FlameOrb|Guts|Facade,HeadlongRush,Earthquake,Protect|||M|||50|,,,,,Ghost]Indeedee-F||PsychicSeed|PsychicSurge|Psychic,FollowMe,HelpingHand,TrickRoom|||F|||50|,,,,,Fairy]Mienshao||FocusSash|InnerFocus|CloseCombat,FakeOut,WideGuard,Protect|||M|||50|,,,,,Fighting]Hatterene||LifeOrb|MagicBounce|ExpandingForce,DazzlingGleam,TrickRoom,Protect|||F|||50|,,,,,Fire
|showteam|p2|Sneasler||FocusSash|PoisonTouch|CloseCombat,DireClaw,FakeOut,Protect|||F|||50|,,,,,Stellar]Dragapult||ChoiceBand|ClearBody|DragonDarts,TeraBlast,PhantomForce,Uturn|||F|||50|,,,,,Ghost]Primarina||SitrusBerry|LiquidVoice|HyperVoice,Moonblast,Haze,Protect|||F|||50|,,,,,Water]Rillaboom||AssaultVest|GrassySurge|WoodHammer,GrassyGlide,HighHorsepower,FakeOut|||F|||50|,,,,,Fire]Kingambit||BlackGlasses|Defiant|KowtowCleave,SuckerPunch,SwordsDance,Protect|||F|||50|,,,,,Ghost]Magmar||Eviolite|VitalSpirit|Overheat,WillOWisp,FollowMe,Protect|||M|||50|,,,,,Ghost
|inactive|Battle timer is ON: inactive players will automatically lose when time's up. (requested by youlookgreattoday)
|
|t:|1756932391
|teamsize|p1|4
|teamsize|p2|4
|start
|switch|p1a: Hatterene|Hatterene, L50, F|100/100
|switch|p1b: Annihilape|Annihilape, L50, F|100/100
|switch|p2a: Kingambit|Kingambit, L50, F|100/100
|switch|p2b: Magmar|Magmar, L50, M|100/100
|turn|1
|inactive|youlookgreattoday has 30 seconds left.
|
|t:|1756932427
|switch|p1b: Ursaluna|Ursaluna, L50, M|100/100
|move|p2b: Magmar|Follow Me|p2b: Magmar
|-singleturn|p2b: Magmar|move: Follow Me
|move|p2a: Kingambit|Kowtow Cleave|p1b: Ursaluna
|-damage|p1b: Ursaluna|55/100
|move|p1a: Hatterene|Trick Room|p1a: Hatterene
|-fieldstart|move: Trick Room|[of] p1a: Hatterene
|
|-status|p1b: Ursaluna|brn|[from] item: Flame Orb
|upkeep
|turn|2
|inactive|plaidhaxx has 30 seconds left.
|inactive|plaidhaxx has 20 seconds left.
|inactive|plaidhaxx has 15 seconds left.
|inactive|plaidhaxx has 10 seconds left.
|
|t:|1756932477
|switch|p2b: Rillaboom|Rillaboom, L50, F|100/100
|-fieldstart|move: Grassy Terrain|[from] ability: Grassy Surge|[of] p2b: Rillaboom
|move|p1a: Hatterene|Dazzling Gleam|p2b: Rillaboom|[spread] p2a,p2b
|-damage|p2a: Kingambit|59/100
|-damage|p2b: Rillaboom|66/100
|-damage|p1a: Hatterene|91/100|[from] item: Life Orb
|move|p1b: Ursaluna|Facade|p2b: Rillaboom
|-damage|p2b: Rillaboom|0 fnt
|faint|p2b: Rillaboom
|move|p2a: Kingambit|Kowtow Cleave|p1b: Ursaluna
|-damage|p1b: Ursaluna|15/100 brn
|
|-heal|p1a: Hatterene|97/100|[from] Grassy Terrain
|-heal|p1b: Ursaluna|21/100 brn|[from] Grassy Terrain
|-heal|p2a: Kingambit|65/100|[from] Grassy Terrain
|-damage|p1b: Ursaluna|15/100 brn|[from] brn
|upkeep
|inactive|plaidhaxx has 30 seconds left.
|inactive|plaidhaxx has 20 seconds left.
|inactive|plaidhaxx has 15 seconds left.
|
|t:|1756932518
|switch|p2b: Primarina|Primarina, L50, F|100/100
|turn|3
|
|t:|1756932529
|move|p1a: Hatterene|Protect|p1a: Hatterene
|-singleturn|p1a: Hatterene|Protect
|move|p2a: Kingambit|Protect|p2a: Kingambit
|-singleturn|p2a: Kingambit|Protect
|move|p1b: Ursaluna|Earthquake|p2a: Kingambit|[spread] p2b
|-activate|p1a: Hatterene|move: Protect
|-activate|p2a: Kingambit|move: Protect
|-damage|p2b: Primarina|66/100
|move|p2b: Primarina|Hyper Voice|p1b: Ursaluna|[spread] p1b
|-activate|p1a: Hatterene|move: Protect
|-supereffective|p1b: Ursaluna
|-damage|p1b: Ursaluna|0 fnt
|faint|p1b: Ursaluna
|
|-heal|p1a: Hatterene|100/100|[from] Grassy Terrain
|-heal|p2a: Kingambit|71/100|[from] Grassy Terrain
|-heal|p2b: Primarina|72/100|[from] Grassy Terrain
|upkeep
|
|t:|1756932535
|switch|p1b: Indeedee|Indeedee-F, L50, F|100/100
|-fieldstart|move: Psychic Terrain|[from] ability: Psychic Surge|[of] p1b: Indeedee
|-enditem|p1b: Indeedee|Psychic Seed
|-boost|p1b: Indeedee|spd|1|[from] item: Psychic Seed
|turn|4
|inactive|plaidhaxx has 30 seconds left.
|inactive|plaidhaxx has 20 seconds left.
|inactive|plaidhaxx has 15 seconds left.
|
|t:|1756932578
|move|p1b: Indeedee|Helping Hand|p1a: Hatterene
|-singleturn|p1a: Hatterene|Helping Hand|[of] p1b: Indeedee
|move|p1a: Hatterene|Dazzling Gleam|p2a: Kingambit|[spread] p2a,p2b
|-damage|p2a: Kingambit|17/100
|-damage|p2b: Primarina|21/100
|-enditem|p2b: Primarina|Sitrus Berry|[eat]
|-heal|p2b: Primarina|46/100|[from] item: Sitrus Berry
|-damage|p1a: Hatterene|91/100|[from] item: Life Orb
|move|p2a: Kingambit|Kowtow Cleave|p1b: Indeedee
|-supereffective|p1b: Indeedee
|-damage|p1b: Indeedee|0 fnt
|faint|p1b: Indeedee
|move|p2b: Primarina|Moonblast|p1a: Hatterene
|-damage|p1a: Hatterene|41/100
|
|upkeep
|
|t:|1756932585
|switch|p1b: Annihilape|Annihilape, L50, F|100/100
|turn|5
|inactive|plaidhaxx has 30 seconds left.
|inactive|youlookgreattoday has 30 seconds left.
|
|t:|1756932622
|-terastallize|p1b: Annihilape|Fighting
|move|p2a: Kingambit|Protect|p2a: Kingambit
|-singleturn|p2a: Kingambit|Protect
|move|p2b: Primarina|Protect|p2b: Primarina
|-singleturn|p2b: Primarina|Protect
|move|p1a: Hatterene|Dazzling Gleam|p2b: Primarina|[spread] 
|-activate|p2a: Kingambit|move: Protect
|-activate|p2b: Primarina|move: Protect
|move|p1b: Annihilape|Close Combat|p2a: Kingambit
|-activate|p2a: Kingambit|move: Protect
|
|-fieldend|move: Trick Room
|upkeep
|turn|6
|inactive|plaidhaxx has 30 seconds left.
|inactive|plaidhaxx has 20 seconds left.
|
|t:|1756932661
|move|p1b: Annihilape|Close Combat|p2b: Primarina
|-resisted|p2b: Primarina
|-damage|p2b: Primarina|15/100
|-unboost|p1b: Annihilape|def|1
|-unboost|p1b: Annihilape|spd|1
|move|p2b: Primarina|Moonblast|p1b: Annihilape
|-supereffective|p1b: Annihilape
|-damage|p1b: Annihilape|0 fnt
|faint|p1b: Annihilape
|move|p2a: Kingambit|Kowtow Cleave|p1a: Hatterene
|-damage|p1a: Hatterene|0 fnt
|faint|p1a: Hatterene
|
|win|plaidhaxx
