|j|☆HopsVGC
|j|☆mertering
|html|HopsVGCmertering    
|uhtml|bestof|Game 2 of a best-of-3
|t:|1782290272
|gametype|doubles
|player|p1|HopsVGC|169|1327
|player|p2|mertering|steven|1468
|gen|9
|tier|[Gen 9 Champions] VGC 2026 Reg M-B (Bo3)
|rated|
|rule|Species Clause: Limit one of each Pokémon
|rule|Item Clause: Limit 1 of each item
|clearpoke
|poke|p1|Venusaur, L50, F, shiny|
|poke|p1|Swampert, L50, F|
|poke|p1|Pelipper, L50, F|
|poke|p1|Grimmsnarl, L50, M|
|poke|p1|Archaludon, L50, M|
|poke|p1|Sinistcha, L50|
|poke|p2|Blaziken, L50, M|
|poke|p2|Kingambit, L50, F|
|poke|p2|Basculegion, L50, M|
|poke|p2|Farigiraf, L50, F|
|poke|p2|Floette-Eternal, L50, F|
|poke|p2|Whimsicott, L50, M|
|teampreview|4
|showteam|p1|Venusaur||Venusaurite|Chlorophyll|SludgeBomb,EarthPower,LeechSeed,Protect|Modest||F|||50|]Swampert||Swampertite|Torrent|WaveCrash,Earthquake,KnockOff,Protect|Adamant||F|||50|]Pelipper||FocusSash|Drizzle|WeatherBall,Hurricane,Tailwind,Protect|Timid||F|||50|]Grimmsnarl||LightClay|Prankster|SpiritBreak,Reflect,LightScreen,PartingShot|Careful||M|||50|]Archaludon||Leftovers|Stamina|ElectroShot,FlashCannon,DragonPulse,Protect|Bold||M|||50|]Sinistcha||SitrusBerry|Hospitality|MatchaGotcha,RagePowder,TrickRoom,LifeDew|Relaxed|||||50|
|showteam|p2|Blaziken||Blazikenite|SpeedBoost|CloseCombat,FlareBlitz,RockSlide,Protect|Adamant||M|||50|]Kingambit||BlackGlasses|Defiant|KowtowCleave,SuckerPunch,IronHead,LowKick|Adamant||F|||50|]Basculegion||LifeOrb|Adaptability|WaveCrash,LastRespects,AquaJet,Protect|Jolly||M|||50|]Farigiraf||SitrusBerry|ArmorTail|Imprison,Psychic,Protect,TrickRoom|Bold||F|||50|]Floette-Eternal||Floettite|FlowerVeil|DazzlingGleam,Moonblast,LightofRuin,Protect|Modest||F|||50|]Whimsicott||FocusSash|Prankster|Moonblast,Tailwind,Encore,Protect|Timid||M|||50|
|inactive|Battle timer is ON: inactive players will automatically lose when time's up. (requested by mertering)
|
|t:|1782290298
|teamsize|p1|4
|teamsize|p2|4
|start
|switch|p1a: Venusaur|Venusaur, L50, F, shiny|100/100
|switch|p1b: Grimmsnarl|Grimmsnarl, L50, M|100/100
|switch|p2a: Kingambit|Kingambit, L50, F|100/100
|switch|p2b: Floette|Floette-Eternal, L50, F|100/100
|turn|1
|
|t:|1782290318
|detailschange|p2b: Floette|Floette-Mega, L50, F
|-mega|p2b: Floette|Floette|Floettite
|-ability|p2b: Floette|Fairy Aura
|detailschange|p1a: Venusaur|Venusaur-Mega, L50, F, shiny
|-mega|p1a: Venusaur|Venusaur|Venusaurite
|move|p1b: Grimmsnarl|Reflect|p1b: Grimmsnarl
|-sidestart|p1: HopsVGC|Reflect
|move|p2b: Floette|Moonblast|p1b: Grimmsnarl
|-supereffective|p1b: Grimmsnarl|1
|-damage|p1b: Grimmsnarl|0 fnt
|faint|p1b: Grimmsnarl
|move|p1a: Venusaur|Leech Seed|p2b: Floette
|-start|p2b: Floette|move: Leech Seed
|move|p2a: Kingambit|Kowtow Cleave|p1a: Venusaur
|-damage|p1a: Venusaur|71/100
|
|-damage|p2b: Floette|87/100|[from] Leech Seed|[of] p1a: Venusaur
|-heal|p1a: Venusaur|81/100|[silent]
|upkeep
|
|t:|1782290329
|switch|p1b: Pelipper|Pelipper, L50, F|100/100
|-weather|RainDance|[from] ability: Drizzle|[of] p1b: Pelipper
|turn|2
|
|t:|1782290341
|move|p2a: Kingambit|Sucker Punch||[still]
|-fail|p2a: Kingambit
|move|p2b: Floette|Dazzling Gleam|p1b: Pelipper|[spread] p1a,p1b
|-resisted|p1a: Venusaur|1
|-damage|p1a: Venusaur|63/100
|-damage|p1b: Pelipper|13/100
|move|p1b: Pelipper|Tailwind|p1b: Pelipper
|-sidestart|p1: HopsVGC|move: Tailwind
|move|p1a: Venusaur|Leech Seed|p2a: Kingambit|[miss]
|-miss|p1a: Venusaur|p2a: Kingambit
|
|-weather|RainDance|[upkeep]
|-damage|p2b: Floette|75/100|[from] Leech Seed|[of] p1a: Venusaur
|-heal|p1a: Venusaur|73/100|[silent]
|upkeep
|turn|3
|
|t:|1782290363
|switch|p1b: Archaludon|Archaludon, L50, M|100/100
|switch|p2b: Whimsicott|Whimsicott, L50, M|100/100
|move|p1a: Venusaur|Sludge Bomb|p2b: Whimsicott
|-supereffective|p2b: Whimsicott|2
|-enditem|p2b: Whimsicott|Focus Sash
|-damage|p2b: Whimsicott|1/100
|move|p2a: Kingambit|Kowtow Cleave|p1b: Archaludon
|-damage|p1b: Archaludon|72/100
|-ability|p1b: Archaludon|Stamina|boost
|-boost|p1b: Archaludon|def|1
|
|-weather|RainDance|[upkeep]
|-heal|p1b: Archaludon|78/100|[from] item: Leftovers
|upkeep
|turn|4
|inactive|mertering has 30 seconds left.
|
|t:|1782290391
|move|p2b: Whimsicott|Tailwind|p2b: Whimsicott
|-sidestart|p2: mertering|move: Tailwind
|move|p1b: Archaludon|Electro Shot||[still]
|-prepare|p1b: Archaludon|Electro Shot
|-boost|p1b: Archaludon|spa|1
|-anim|p1b: Archaludon|Electro Shot|p2a: Kingambit
|-damage|p2a: Kingambit|38/100
|move|p1a: Venusaur|Earth Power|p2a: Kingambit
|-supereffective|p2a: Kingambit|1
|-damage|p2a: Kingambit|0 fnt
|faint|p2a: Kingambit
|
|-weather|RainDance|[upkeep]
|-heal|p1b: Archaludon|84/100|[from] item: Leftovers
|upkeep
|
|t:|1782290410
|switch|p2a: Floette|Floette-Mega, L50, F|75/100
|-ability|p2a: Floette|Fairy Aura
|turn|5
|
|t:|1782290420
|move|p2b: Whimsicott|Moonblast|p1b: Archaludon
|-damage|p1b: Archaludon|36/100
|-ability|p1b: Archaludon|Stamina|boost
|-boost|p1b: Archaludon|def|1
|move|p2a: Floette|Light of Ruin|p1b: Archaludon
|-damage|p1b: Archaludon|0 fnt
|faint|p1b: Archaludon
|-damage|p2a: Floette|53/100|[from] Recoil
|move|p1a: Venusaur|Sludge Bomb|p2a: Floette
|-supereffective|p2a: Floette|1
|-damage|p2a: Floette|0 fnt
|faint|p2a: Floette
|
|-weather|RainDance|[upkeep]
|-sideend|p1: HopsVGC|move: Tailwind
|upkeep
|
|t:|1782290434
|switch|p2a: Basculegion|Basculegion, L50, M|100/100
|switch|p1b: Pelipper|Pelipper, L50, F|13/100
|turn|6
|
|t:|1782290459
|move|p2b: Whimsicott|Encore|p1a: Venusaur
|-start|p1a: Venusaur|Encore
|move|p2a: Basculegion|Last Respects|p1b: Pelipper
|-damage|p1b: Pelipper|0 fnt
|faint|p1b: Pelipper
|-damage|p2a: Basculegion|90/100|[from] item: Life Orb
|move|p1a: Venusaur|Sludge Bomb|p2b: Whimsicott
|-supereffective|p2b: Whimsicott|2
|-damage|p2b: Whimsicott|0 fnt
|faint|p2b: Whimsicott
|
|-weather|none
|upkeep
|turn|7
|
|t:|1782290471
|move|p2a: Basculegion|Last Respects|p1a: Venusaur
|-damage|p1a: Venusaur|5/100
|-damage|p2a: Basculegion|80/100|[from] item: Life Orb
|move|p1a: Venusaur|Sludge Bomb|p2a: Basculegion
|-resisted|p2a: Basculegion|1
|-crit|p2a: Basculegion
|-damage|p2a: Basculegion|44/100
|
|-sideend|p2: mertering|move: Tailwind
|upkeep
|turn|8
|c|☆mertering|gg
|-message|HopsVGC forfeited.
|raw|HopsVGC's rating: 1327 → 1315(-12 for losing)
|raw|mertering's rating: 1468 → 1480(+12 for winning)
|
|win|mertering
|l|☆HopsVGC
|player|p1|
