|j|☆yuriquars
|j|☆PugBurro
|html|yuriquarsPugBurro    
|uhtml|bestof|Game 2 of a best-of-3
|t:|1757005480
|gametype|doubles
|player|p1|yuriquars|elesa|
|player|p2|PugBurro|red|
|gen|9
|tier|[Gen 9] VGC 2025 Reg H (Bo3)
|rule|Species Clause: Limit one of each Pokémon
|rule|Item Clause: Limit 1 of each item
|clearpoke
|poke|p1|Incineroar, L50, F|
|poke|p1|Ursaluna-Bloodmoon, L50, M|
|poke|p1|Gholdengo, L50|
|poke|p1|Dragonite, L50, F|
|poke|p1|Rillaboom, L50, F|
|poke|p1|Annihilape, L50, F|
|poke|p2|Archaludon, L50, F|
|poke|p2|Pelipper, L50, M|
|poke|p2|Basculegion, L50, M|
|poke|p2|Sneasler, L50, M|
|poke|p2|Amoonguss, L50, M|
|poke|p2|Dragonite, L50, F|
|teampreview|4
|showteam|p1|Incineroar||SitrusBerry|Intimidate|FlareBlitz,KnockOff,PartingShot,FakeOut|||F|||50|,,,,,Ghost]Ursaluna-Bloodmoon||AssaultVest|MindsEye|HyperVoice,BloodMoon,EarthPower,VacuumWave|||M|||50|,,,,,Normal]Gholdengo||LifeOrb|GoodasGold|MakeItRain,ShadowBall,NastyPlot,Protect||||||50|,,,,,Water]Dragonite||LoadedDice|Multiscale|ScaleShot,Tailwind,Haze,Protect|||F|||50|,,,,,Fairy]Rillaboom||MeadowPlate|GrassySurge|GrassyGlide,FakeOut,WoodHammer,HighHorsepower|||F|||50|,,,,,Fire]Annihilape||FocusSash|Defiant|RageFist,CloseCombat,Taunt,Coaching|||F|||50|,,,,,Stellar
|showteam|p2|Archaludon||AssaultVest|Stamina|ElectroShot,DracoMeteor,FlashCannon,BodyPress|||F|||50|,,,,,Bug]Pelipper||CovertCloak|Drizzle|WeatherBall,Hurricane,Tailwind,Protect|||M|||50|,,,,,Steel]Basculegion||MysticWater|SwiftSwim|WaveCrash,LastRespects,AquaJet,FlipTurn|||M|||50|,,,,,Grass]Sneasler||FocusSash|Unburden|CloseCombat,DireClaw,FakeOut,Protect|||M|||50|,,,,,Stellar]Amoonguss||MentalHerb|Regenerator|Spore,RagePowder,PollenPuff,Protect|||M|||50|,,,,,Dark]Dragonite||LoadedDice|Multiscale|Protect,Haze,ScaleShot,Tailwind|||F|||50|,,,,,Fairy
|
|t:|1757005502
|teamsize|p1|4
|teamsize|p2|4
|start
|switch|p1a: Gholdengo|Gholdengo, L50|100/100
|switch|p1b: Incineroar|Incineroar, L50, F|100/100
|switch|p2a: Sneasler|Sneasler, L50, M, shiny|100/100
|switch|p2b: Amoonguss|Amoonguss, L50, M, shiny|100/100
|-ability|p1b: Incineroar|Intimidate|boost
|-unboost|p2a: Sneasler|atk|1
|-unboost|p2b: Amoonguss|atk|1
|turn|1
|
|t:|1757005526
|switch|p2a: Pelipper|Pelipper, L50, M, shiny|100/100
|-weather|RainDance|[from] ability: Drizzle|[of] p2a: Pelipper
|switch|p1b: Rillaboom|Rillaboom, L50, F|100/100
|-fieldstart|move: Grassy Terrain|[from] ability: Grassy Surge|[of] p1b: Rillaboom
|move|p1a: Gholdengo|Nasty Plot|p1a: Gholdengo
|-boost|p1a: Gholdengo|spa|2
|move|p2b: Amoonguss|Spore|p1b: Rillaboom
|-immune|p1b: Rillaboom
|
|-weather|RainDance|[upkeep]
|upkeep
|turn|2
|
|t:|1757005545
|switch|p1b: Incineroar|Incineroar, L50, F|100/100
|-ability|p1b: Incineroar|Intimidate|boost
|-unboost|p2a: Pelipper|atk|1
|-unboost|p2b: Amoonguss|atk|1
|switch|p2b: Archaludon|Archaludon, L50, F, shiny|100/100
|move|p2a: Pelipper|Protect|p2a: Pelipper
|-singleturn|p2a: Pelipper|Protect
|move|p1a: Gholdengo|Make It Rain|p2b: Archaludon|[spread] p2b
|-activate|p2a: Pelipper|move: Protect
|-resisted|p2b: Archaludon
|-damage|p2b: Archaludon|51/100
|-unboost|p1a: Gholdengo|spa|1
|-ability|p2b: Archaludon|Stamina|boost
|-boost|p2b: Archaludon|def|1
|-damage|p1a: Gholdengo|91/100|[from] item: Life Orb
|
|-weather|RainDance|[upkeep]
|-heal|p1a: Gholdengo|97/100|[from] Grassy Terrain
|-heal|p2b: Archaludon|57/100|[from] Grassy Terrain
|upkeep
|turn|3
|
|t:|1757005560
|switch|p2b: Amoonguss|Amoonguss, L50, M, shiny|100/100
|-terastallize|p1a: Gholdengo|Water
|move|p1b: Incineroar|Fake Out|p2b: Amoonguss
|-damage|p2b: Amoonguss|91/100
|move|p1a: Gholdengo|Nasty Plot|p1a: Gholdengo
|-boost|p1a: Gholdengo|spa|2
|move|p2a: Pelipper|Weather Ball|p1b: Incineroar
|-supereffective|p1b: Incineroar
|-damage|p1b: Incineroar|0 fnt
|faint|p1b: Incineroar
|
|-weather|RainDance|[upkeep]
|-heal|p1a: Gholdengo|100/100|[from] Grassy Terrain
|-heal|p2b: Amoonguss|97/100|[from] Grassy Terrain
|upkeep
|
|t:|1757005565
|switch|p1b: Dragonite|Dragonite, L50, F|100/100
|turn|4
|
|t:|1757005575
|move|p1a: Gholdengo|Shadow Ball|p2a: Pelipper
|-damage|p2a: Pelipper|0 fnt
|faint|p2a: Pelipper
|-damage|p1a: Gholdengo|91/100|[from] item: Life Orb
|move|p1b: Dragonite|Tailwind|p1b: Dragonite
|-sidestart|p1: yuriquars|move: Tailwind
|move|p2b: Amoonguss|Spore|p1b: Dragonite
|-status|p1b: Dragonite|slp|[from] move: Spore
|
|-weather|RainDance|[upkeep]
|-heal|p1a: Gholdengo|97/100|[from] Grassy Terrain
|-heal|p2b: Amoonguss|100/100|[from] Grassy Terrain
|upkeep
|
|t:|1757005581
|switch|p2a: Sneasler|Sneasler, L50, M, shiny|100/100
|turn|5
|
|t:|1757005591
|switch|p1b: Rillaboom|Rillaboom, L50, F|100/100
|move|p1a: Gholdengo|Protect|p1a: Gholdengo
|-singleturn|p1a: Gholdengo|Protect
|move|p2a: Sneasler|Dire Claw|p1a: Gholdengo
|-activate|p1a: Gholdengo|move: Protect
|move|p2b: Amoonguss|Pollen Puff|p1b: Rillaboom
|-supereffective|p1b: Rillaboom
|-damage|p1b: Rillaboom|59/100
|
|-weather|none
|-heal|p1a: Gholdengo|100/100|[from] Grassy Terrain
|-heal|p1b: Rillaboom|65/100|[from] Grassy Terrain
|-fieldend|move: Grassy Terrain
|upkeep
|turn|6
|
|t:|1757005612
|switch|p1b: Dragonite|Dragonite, L50, F|100/100 slp
|move|p2a: Sneasler|Protect|p2a: Sneasler
|-singleturn|p2a: Sneasler|Protect
|move|p2b: Amoonguss|Rage Powder|p2b: Amoonguss
|-singleturn|p2b: Amoonguss|move: Rage Powder
|move|p1a: Gholdengo|Shadow Ball|p2b: Amoonguss
|-damage|p2b: Amoonguss|0 fnt
|faint|p2b: Amoonguss
|-damage|p1a: Gholdengo|91/100|[from] item: Life Orb
|
|upkeep
|
|t:|1757005620
|switch|p2b: Archaludon|Archaludon, L50, F, shiny|57/100
|turn|7
|
|t:|1757005631
|switch|p1b: Rillaboom|Rillaboom, L50, F|65/100
|-fieldstart|move: Grassy Terrain|[from] ability: Grassy Surge|[of] p1b: Rillaboom
|-terastallize|p2a: Sneasler|Stellar
|move|p1a: Gholdengo|Shadow Ball|p2b: Archaludon
|-damage|p2b: Archaludon|0 fnt
|faint|p2b: Archaludon
|-damage|p1a: Gholdengo|81/100|[from] item: Life Orb
|move|p2a: Sneasler|Dire Claw|p1a: Gholdengo
|-damage|p1a: Gholdengo|20/100
|-status|p1a: Gholdengo|psn
|
|-heal|p1a: Gholdengo|26/100 psn|[from] Grassy Terrain
|-heal|p1b: Rillaboom|71/100|[from] Grassy Terrain
|-damage|p1a: Gholdengo|14/100 psn|[from] psn
|-sideend|p1: yuriquars|move: Tailwind
|upkeep
|turn|8
|
|t:|1757005656
|move|p2a: Sneasler|Protect|p2a: Sneasler
|-singleturn|p2a: Sneasler|Protect
|move|p1a: Gholdengo|Shadow Ball|p2a: Sneasler
|-activate|p2a: Sneasler|move: Protect
|move|p1b: Rillaboom|High Horsepower|p2a: Sneasler
|-activate|p2a: Sneasler|move: Protect
|
|-heal|p1a: Gholdengo|20/100 psn|[from] Grassy Terrain
|-heal|p1b: Rillaboom|77/100|[from] Grassy Terrain
|-damage|p1a: Gholdengo|8/100 psn|[from] psn
|upkeep
|turn|9
|
|t:|1757005682
|switch|p1b: Dragonite|Dragonite, L50, F|100/100 slp
|move|p2a: Sneasler|Dire Claw|p1b: Dragonite
|-damage|p1b: Dragonite|75/100 slp
|move|p1a: Gholdengo|Shadow Ball|p2a: Sneasler
|-enditem|p2a: Sneasler|Focus Sash
|-damage|p2a: Sneasler|1/100
|-damage|p1a: Gholdengo|0 fnt|[from] item: Life Orb
|faint|p1a: Gholdengo
|
|-heal|p2a: Sneasler|7/100|[from] Grassy Terrain
|upkeep
|
|t:|1757005688
|switch|p1a: Rillaboom|Rillaboom, L50, F|77/100
|turn|10
|
|t:|1757005705
|move|p2a: Sneasler|Protect|p2a: Sneasler
|-singleturn|p2a: Sneasler|Protect
|move|p1a: Rillaboom|Grassy Glide|p2a: Sneasler
|-activate|p2a: Sneasler|move: Protect
|cant|p1b: Dragonite|slp
|
|-heal|p2a: Sneasler|13/100|[from] Grassy Terrain
|-heal|p1a: Rillaboom|83/100|[from] Grassy Terrain
|upkeep
|turn|11
|
|t:|1757005709
|move|p2a: Sneasler|Protect||[still]
|-fail|p2a: Sneasler
|move|p1a: Rillaboom|Grassy Glide|p2a: Sneasler
|-resisted|p2a: Sneasler
|-damage|p2a: Sneasler|0 fnt
|faint|p2a: Sneasler
|
|win|yuriquars
