|j|☆ghj jr6n
|j|☆joyfulwizard
|html|ghj jr6njoyfulwizard    
|uhtml|bestof|Game 2 of a best-of-3
|t:|1782240614
|gametype|doubles
|player|p1|ghj jr6n|red|1000
|player|p2|joyfulwizard|2|1095
|gen|9
|tier|[Gen 9 Champions] VGC 2026 Reg M-B (Bo3)
|rated|
|rule|Species Clause: Limit one of each Pokémon
|rule|Item Clause: Limit 1 of each item
|clearpoke
|poke|p1|Charizard, L50, M|
|poke|p1|Garchomp, L50, M|
|poke|p1|Incineroar, L50, M|
|poke|p1|Sylveon, L50, F|
|poke|p1|Aerodactyl, L50, M|
|poke|p1|Kingambit, L50, F|
|poke|p2|Politoed, L50, M|
|poke|p2|Gengar, L50, F, shiny|
|poke|p2|Sinistcha, L50|
|poke|p2|Incineroar, L50, M|
|poke|p2|Scrafty, L50, F|
|poke|p2|Floette-Eternal, L50, F|
|teampreview|4
|showteam|p1|Charizard||CharizarditeY|SolarPower|HeatWave,WeatherBall,SolarBeam,Protect|Modest||M|||50|]Garchomp||ChoiceScarf|RoughSkin|Earthquake,DragonClaw,RockSlide,Crunch|Jolly||M|||50|]Incineroar||SitrusBerry|Intimidate|ThroatChop,FlareBlitz,FakeOut,PartingShot|Impish||M|||50|]Sylveon||FairyFeather|Pixilate|HyperVoice,HyperBeam,Protect,QuickAttack|Modest||F|||50|]Aerodactyl||Aerodactylite|RockHead|DualWingbeat,RockSlide,Tailwind,IceFang|Jolly||M|||50|]Kingambit||ChopleBerry|Defiant|LowKick,SuckerPunch,KowtowCleave,Protect|Adamant||F|||50|
|showteam|p2|Politoed||SitrusBerry|Drizzle|Protect,WeatherBall,IcyWind,Encore|Modest||M|||50|]Gengar||Gengarite|CursedBody|PerishSong,ShadowBall,Disable,Protect|Timid||F|||50|]Sinistcha||KasibBerry|Hospitality|MatchaGotcha,TrickRoom,RagePowder,Protect|Modest|||||50|]Incineroar||PasshoBerry|Intimidate|Protect,FakeOut,PartingShot,DarkestLariat|Careful||M|||50|]Scrafty||FocusSash|Intimidate|Protect,FakeOut,KnockOff,CloseCombat|Adamant||F|||50|]Floette-Eternal||Floettite|FlowerVeil|Protect,DrainingKiss,CalmMind,DazzlingGleam|Modest||F|||50|
|j| maxiy
|inactive|Battle timer is ON: inactive players will automatically lose when time's up. (requested by ghj jr6n)
|inactive|joyfulwizard has 60 seconds left.
|inactive|joyfulwizard has 30 seconds left.
|
|t:|1782240707
|teamsize|p1|4
|teamsize|p2|4
|start
|switch|p1a: Charizard|Charizard, L50, M|100/100
|switch|p1b: Incineroar|Incineroar, L50, M|100/100
|switch|p2a: Floette|Floette-Eternal, L50, F|100/100
|switch|p2b: Sinistcha|Sinistcha, L50|100/100
|-ability|p1b: Incineroar|Intimidate|boost
|-unboost|p2a: Floette|atk|1
|-block|p2b: Sinistcha|ability: Flower Veil|[of] p2a: Floette
|turn|1
|
|t:|1782240729
|detailschange|p1a: Charizard|Charizard-Mega-Y, L50, M
|-mega|p1a: Charizard|Charizard|Charizardite Y
|-weather|SunnyDay|[from] ability: Drought|[of] p1a: Charizard
|move|p2a: Floette|Protect|p2a: Floette
|-singleturn|p2a: Floette|Protect
|move|p2b: Sinistcha|Protect|p2b: Sinistcha
|-singleturn|p2b: Sinistcha|Protect
|move|p1a: Charizard|Heat Wave|p2a: Floette|[spread] 
|-activate|p2a: Floette|move: Protect
|-activate|p2b: Sinistcha|move: Protect
|move|p1b: Incineroar|Throat Chop|p2b: Sinistcha
|-activate|p2b: Sinistcha|move: Protect
|
|-weather|SunnyDay|[upkeep]
|upkeep
|turn|2
|
|t:|1782240743
|switch|p2b: Politoed|Politoed, L50, M|100/100
|-weather|RainDance|[from] ability: Drizzle|[of] p2b: Politoed
|detailschange|p2a: Floette|Floette-Mega, L50, F
|-mega|p2a: Floette|Floette|Floettite
|-ability|p2a: Floette|Fairy Aura
|move|p2a: Floette|Calm Mind|p2a: Floette
|-boost|p2a: Floette|spa|1
|-boost|p2a: Floette|spd|1
|move|p1a: Charizard|Heat Wave|p2a: Floette|[spread] p2a,p2b
|-crit|p2a: Floette
|-resisted|p2b: Politoed|1
|-damage|p2a: Floette|73/100
|-damage|p2b: Politoed|91/100
|move|p1b: Incineroar|Flare Blitz|p2a: Floette
|-damage|p2a: Floette|49/100
|-status|p2a: Floette|brn
|-damage|p1b: Incineroar|93/100|[from] Recoil
|
|-weather|RainDance|[upkeep]
|-damage|p2a: Floette|43/100 brn|[from] brn
|upkeep
|turn|3
|l| maxiy
|inactive|ghj jr6n has 30 seconds left.
|
|t:|1782240769
|switch|p1a: Sylveon|Sylveon, L50, F|100/100
|move|p2a: Floette|Draining Kiss|p1b: Incineroar
|-damage|p1b: Incineroar|43/100
|-heal|p2a: Floette|92/100 brn|[from] drain|[of] p1b: Incineroar
|-enditem|p1b: Incineroar|Sitrus Berry|[eat]
|-heal|p1b: Incineroar|68/100|[from] item: Sitrus Berry
|move|p2b: Politoed|Weather Ball|p1b: Incineroar
|-supereffective|p1b: Incineroar|1
|-damage|p1b: Incineroar|0 fnt
|faint|p1b: Incineroar
|
|-weather|RainDance|[upkeep]
|-damage|p2a: Floette|86/100 brn|[from] brn
|upkeep
|
|t:|1782240786
|switch|p1b: Garchomp|Garchomp, L50, M|100/100
|turn|4
|
|t:|1782240799
|switch|p2b: Scrafty|Scrafty, L50, F|100/100
|-ability|p2b: Scrafty|Intimidate|boost
|-unboost|p1a: Sylveon|atk|1
|-unboost|p1b: Garchomp|atk|1
|move|p1b: Garchomp|Rock Slide|p2b: Scrafty|[spread] p2a,p2b
|-resisted|p2b: Scrafty|1
|-damage|p2a: Floette|71/100 brn
|-damage|p2b: Scrafty|92/100
|move|p2a: Floette|Draining Kiss|p1b: Garchomp
|-supereffective|p1b: Garchomp|1
|-damage|p1b: Garchomp|0 fnt
|-heal|p2a: Floette|100/100 brn|[from] drain|[of] p1b: Garchomp
|-damage|p2a: Floette|87/100 brn|[from] ability: Rough Skin|[of] p1b: Garchomp
|faint|p1b: Garchomp
|move|p1a: Sylveon|Hyper Voice|p2a: Floette|[spread] p2a,p2b
|-supereffective|p2b: Scrafty|2
|-damage|p2a: Floette|54/100 brn
|-damage|p2b: Scrafty|0 fnt
|faint|p2b: Scrafty
|
|-weather|RainDance|[upkeep]
|-damage|p2a: Floette|48/100 brn|[from] brn
|upkeep
|
|t:|1782240813
|switch|p1b: Charizard|Charizard-Mega-Y, L50, M|100/100
|switch|p2b: Politoed|Politoed, L50, M|91/100
|-weather|SunnyDay|[from] ability: Drought|[of] p1b: Charizard
|-weather|RainDance|[from] ability: Drizzle|[of] p2b: Politoed
|turn|5
|
|t:|1782240832
|move|p1b: Charizard|Protect|p1b: Charizard
|-singleturn|p1b: Charizard|Protect
|move|p2a: Floette|Draining Kiss|p1a: Sylveon
|-damage|p1a: Sylveon|54/100
|-heal|p2a: Floette|91/100 brn|[from] drain|[of] p1a: Sylveon
|move|p2b: Politoed|Weather Ball|p1b: Charizard
|-activate|p1b: Charizard|move: Protect
|move|p1a: Sylveon|Hyper Voice|p2a: Floette|[spread] p2a,p2b
|-damage|p2a: Floette|58/100 brn
|-damage|p2b: Politoed|41/100
|-enditem|p2b: Politoed|Sitrus Berry|[eat]
|-heal|p2b: Politoed|66/100|[from] item: Sitrus Berry
|
|-weather|RainDance|[upkeep]
|-damage|p2a: Floette|52/100 brn|[from] brn
|upkeep
|turn|6
|
|t:|1782240852
|move|p2a: Floette|Draining Kiss|p1a: Sylveon
|-damage|p1a: Sylveon|8/100
|-heal|p2a: Floette|96/100 brn|[from] drain|[of] p1a: Sylveon
|move|p1b: Charizard|Weather Ball|p2a: Floette
|-damage|p2a: Floette|60/100 brn
|move|p2b: Politoed|Weather Ball|p1b: Charizard
|-supereffective|p1b: Charizard|1
|-damage|p1b: Charizard|8/100
|move|p1a: Sylveon|Hyper Voice|p2a: Floette|[spread] p2a,p2b
|-damage|p2a: Floette|29/100 brn
|-damage|p2b: Politoed|17/100
|
|-weather|RainDance|[upkeep]
|-damage|p2a: Floette|23/100 brn|[from] brn
|upkeep
|turn|7
|
|t:|1782240868
|switch|p2b: Sinistcha|Sinistcha, L50|100/100
|-heal|p2a: Floette|48/100 brn|[from] ability: Hospitality|[of] p2b: Sinistcha
|move|p1a: Sylveon|Protect|p1a: Sylveon
|-singleturn|p1a: Sylveon|Protect
|move|p2a: Floette|Dazzling Gleam|p1b: Charizard|[spread] p1b
|-activate|p1a: Sylveon|move: Protect
|-resisted|p1b: Charizard|1
|-damage|p1b: Charizard|0 fnt
|faint|p1b: Charizard
|
|-weather|RainDance|[upkeep]
|-damage|p2a: Floette|42/100 brn|[from] brn
|upkeep
|turn|8
|j| maxiy
|-message|ghj jr6n forfeited.
|
|win|joyfulwizard
|raw|ghj jr6n's rating: 1000 → 1000(+0 for losing)
|raw|joyfulwizard's rating: 1095 → 1114(+19 for winning)
|l|☆ghj jr6n
|player|p1|
