|j|☆soulmoonvgc
|j|☆EastyLiam
|html|soulmoonvgcEastyLiam    
|uhtml|bestof|Game 3 of a best-of-3
|t:|1783179508
|gametype|doubles
|player|p1|soulmoonvgc|marshal|1361
|player|p2|EastyLiam|101|1272
|gen|9
|tier|[Gen 9 Champions] VGC 2026 Reg M-B (Bo3)
|rated|
|rule|Species Clause: Limit one of each Pokémon
|rule|Item Clause: Limit 1 of each item
|clearpoke
|poke|p1|Charizard, L50, F|
|poke|p1|Glimmora, L50, F|
|poke|p1|Basculegion, L50, M|
|poke|p1|Whimsicott, L50, F|
|poke|p1|Aegislash, L50, M|
|poke|p1|Hydreigon, L50, F|
|poke|p2|Blaziken, L50, F|
|poke|p2|Kingambit, L50, F|
|poke|p2|Basculegion, L50, M|
|poke|p2|Mamoswine, L50, F|
|poke|p2|Corviknight, L50, M|
|poke|p2|Venusaur, L50, F|
|teampreview|4
|showteam|p1|Charizard||CharizarditeY|Blaze|HeatWave,WeatherBall,SolarBeam,Protect|Modest||F|||50|]Glimmora||Glimmoranite|ToxicDebris|PowerGem,SludgeBomb,EarthPower,SpikyShield|Modest||F|||50|]Basculegion||ChoiceScarf|Adaptability|WaveCrash,FlipTurn,LastRespects,AquaJet|Jolly||M|||50|]Whimsicott||LifeOrb|Prankster|Moonblast,EnergyBall,Tailwind,Encore|Timid||F|||50|]Aegislash||ColburBerry|StanceChange|IronHead,ShadowSneak,SacredSword,KingsShield|Adamant||M|||50|]Hydreigon||HabanBerry|Levitate|DracoMeteor,DarkPulse,EarthPower,Protect|Modest||F|||50|
|showteam|p2|Blaziken||Blazikenite|SpeedBoost|CloseCombat,FlareBlitz,StoneEdge,Detect|Adamant||F|||50|]Kingambit||LifeOrb|Defiant|KowtowCleave,SuckerPunch,IronHead,Protect|Adamant||F|||50|]Basculegion||SitrusBerry|Adaptability|WaveCrash,LastRespects,AquaJet,Protect|Adamant||M|||50|]Mamoswine||FocusSash|Oblivious|HighHorsepower,IcicleCrash,IceShard,Protect|Adamant||F|||50|]Corviknight||OccaBerry|MirrorArmor|BraveBird,IronHead,Uturn,Roost|Careful||M|||50|]Venusaur||Venusaurite|Chlorophyll|GigaDrain,SludgeBomb,EarthPower,Protect|Modest||F|||50|
|inactive|Battle timer is ON: inactive players will automatically lose when time's up. (requested by soulmoonvgc)
|inactive|soulmoonvgc has 60 seconds left.
|inactive|EastyLiam has 60 seconds left.
|inactive|soulmoonvgc has 30 seconds left.
|
|t:|1783179580
|teamsize|p1|4
|teamsize|p2|4
|start
|switch|p1a: Charizard|Charizard, L50, F|100/100
|switch|p1b: Basculegion|Basculegion, L50, M|100/100
|switch|p2a: Venusaur|Venusaur, L50, F|100/100
|switch|p2b: Blaziken|Blaziken, L50, F|100/100
|turn|1
|
|t:|1783179602
|switch|p1b: Whimsicott|Whimsicott, L50, F|100/100
|detailschange|p1a: Charizard|Charizard-Mega-Y, L50, F
|-mega|p1a: Charizard|Charizard|Charizardite Y
|-weather|SunnyDay|[from] ability: Drought|[of] p1a: Charizard
|detailschange|p2a: Venusaur|Venusaur-Mega, L50, F
|-mega|p2a: Venusaur|Venusaur|Venusaurite
|move|p2b: Blaziken|Detect|p2b: Blaziken
|-singleturn|p2b: Blaziken|Protect
|move|p1a: Charizard|Heat Wave|p2a: Venusaur|[spread] p2a
|-activate|p2b: Blaziken|move: Protect
|-supereffective|p2a: Venusaur|1
|-damage|p2a: Venusaur|46/100
|move|p2a: Venusaur|Giga Drain|p1b: Whimsicott
|-resisted|p1b: Whimsicott|1
|-damage|p1b: Whimsicott|67/100
|-heal|p2a: Venusaur|60/100|[from] drain|[of] p1b: Whimsicott
|
|-weather|SunnyDay|[upkeep]
|-ability|p2b: Blaziken|Speed Boost|boost
|-boost|p2b: Blaziken|spe|1
|upkeep
|turn|2
|inactive|EastyLiam has 30 seconds left.
|inactive|EastyLiam has 20 seconds left.
|
|t:|1783179637
|switch|p2b: Mamoswine|Mamoswine, L50, F|100/100
|move|p1b: Whimsicott|Encore||[still]
|-fail|p1b: Whimsicott
|move|p1a: Charizard|Weather Ball|p2a: Venusaur
|-supereffective|p2a: Venusaur|1
|-damage|p2a: Venusaur|0 fnt
|faint|p2a: Venusaur
|
|-weather|SunnyDay|[upkeep]
|upkeep
|
|t:|1783179646
|switch|p2a: Blaziken|Blaziken, L50, F|100/100
|turn|3
|inactive|soulmoonvgc has 30 seconds left.
|
|t:|1783179677
|switch|p1b: Basculegion|Basculegion, L50, M|100/100
|move|p2b: Mamoswine|Ice Shard|p1b: Basculegion
|-resisted|p1b: Basculegion|1
|-damage|p1b: Basculegion|84/100
|move|p1a: Charizard|Heat Wave|p2a: Blaziken|[spread] p2a,p2b
|-resisted|p2a: Blaziken|1
|-supereffective|p2b: Mamoswine|1
|-damage|p2a: Blaziken|58/100
|-enditem|p2b: Mamoswine|Focus Sash
|-damage|p2b: Mamoswine|1/100
|move|p2a: Blaziken|Stone Edge|p1a: Charizard
|-supereffective|p1a: Charizard|2
|-damage|p1a: Charizard|0 fnt
|faint|p1a: Charizard
|
|-weather|SunnyDay|[upkeep]
|-ability|p2a: Blaziken|Speed Boost|boost
|-boost|p2a: Blaziken|spe|1
|upkeep
|
|t:|1783179692
|switch|p1a: Glimmora|Glimmora, L50, F|100/100
|turn|4
|inactive|EastyLiam has 30 seconds left.
|
|t:|1783179723
|move|p2a: Blaziken|Detect|p2a: Blaziken
|-singleturn|p2a: Blaziken|Protect
|move|p1a: Glimmora|Spiky Shield|p1a: Glimmora
|-singleturn|p1a: Glimmora|move: Protect
|move|p2b: Mamoswine|Ice Shard|p1a: Glimmora
|-activate|p1a: Glimmora|move: Protect
|move|p1b: Basculegion|Flip Turn|p2a: Blaziken
|-activate|p2a: Blaziken|move: Protect
|
|-weather|SunnyDay|[upkeep]
|-ability|p2a: Blaziken|Speed Boost|boost
|-boost|p2a: Blaziken|spe|1
|upkeep
|turn|5
|inactive|soulmoonvgc has 30 seconds left.
|
|t:|1783179756
|move|p2b: Mamoswine|Ice Shard|p1a: Glimmora
|-damage|p1a: Glimmora|71/100
|-activate|p1a: Glimmora|ability: Toxic Debris
|-sidestart|p2: EastyLiam|move: Toxic Spikes
|move|p2a: Blaziken|Close Combat|p1a: Glimmora
|-damage|p1a: Glimmora|8/100
|-unboost|p2a: Blaziken|def|1
|-unboost|p2a: Blaziken|spd|1
|-activate|p1a: Glimmora|ability: Toxic Debris
|-sidestart|p2: EastyLiam|move: Toxic Spikes
|move|p1b: Basculegion|Flip Turn|p2a: Blaziken
|-supereffective|p2a: Blaziken|1
|-crit|p2a: Blaziken
|-damage|p2a: Blaziken|0 fnt
|faint|p2a: Blaziken
|
|t:|1783179760
|switch|p1b: Whimsicott|Whimsicott, L50, F|67/100|[from] Flip Turn
|move|p1a: Glimmora|Earth Power|p2b: Mamoswine
|-damage|p2b: Mamoswine|0 fnt
|faint|p2b: Mamoswine
|
|-weather|none
|upkeep
|
|t:|1783179775
|switch|p2b: Kingambit|Kingambit, L50, F|100/100
|turn|6
|
|t:|1783179784
|move|p1b: Whimsicott|Moonblast|p2b: Kingambit
|-damage|p2b: Kingambit|54/100
|-damage|p1b: Whimsicott|57/100|[from] item: Life Orb
|move|p1a: Glimmora|Earth Power|p2b: Kingambit
|-supereffective|p2b: Kingambit|1
|-damage|p2b: Kingambit|0 fnt
|faint|p2b: Kingambit
|
|win|soulmoonvgc
|raw|soulmoonvgc's rating: 1361 → 1376(+15 for winning)
|raw|EastyLiam's rating: 1272 → 1253(-19 for losing)
