|j|☆tedidn
|j|☆atrixmj
|html|tedidnatrixmj    
|uhtml|bestof|Game 3 of a best-of-3
|t:|1757076720
|gametype|doubles
|player|p1|tedidn|marshal|1315
|player|p2|atrixmj|miku-fire|1354
|gen|9
|tier|[Gen 9] VGC 2025 Reg H (Bo3)
|rated|
|rule|Species Clause: Limit one of each Pokémon
|rule|Item Clause: Limit 1 of each item
|clearpoke
|poke|p1|Dragonite, L50, F|
|poke|p1|Ursaluna-Bloodmoon, L50, M|
|poke|p1|Gholdengo, L50|
|poke|p1|Volcarona, L50, M|
|poke|p1|Smeargle, L50, M|
|poke|p1|Whimsicott, L50, F|
|poke|p2|Sneasler, L50, M|
|poke|p2|Indeedee-F, L50, F|
|poke|p2|Incineroar, L50, M|
|poke|p2|Whimsicott, L50, F|
|poke|p2|Pelipper, L50, F|
|poke|p2|Archaludon, L50, F|
|teampreview|4
|showteam|p1|Dragonite||LoadedDice|Multiscale|ScaleShot,ExtremeSpeed,Haze,Protect|||F|||50|,,,,,Fairy]Ursaluna-Bloodmoon||AssaultVest|MindsEye|BloodMoon,HyperVoice,EarthPower,VacuumWave|||M|||50|,,,,,Water]Gholdengo||ChoiceSpecs|GoodasGold|MakeItRain,ShadowBall,PowerGem,Trick||||||50|,,,,,Steel]Volcarona||LifeOrb|FlameBody|HeatWave,BugBuzz,TeraBlast,Protect|||M|||50|,,,,,Fairy]Smeargle||FocusSash|Moody|FakeOut,FollowMe,Decorate,Spore|||M|||50|,,,,,Ghost]Whimsicott||CovertCloak|Prankster|Moonblast,Tailwind,Encore,FakeTears|||F|||50|,,,,,Water
|showteam|p2|Sneasler||PsychicSeed|Unburden|DireClaw,ThroatChop,CloseCombat,Protect|||M|||50|,,,,,Dark]Indeedee-F||SitrusBerry|PsychicSurge|Psychic,HelpingHand,FollowMe,TrickRoom|||F|||50|,,,,,Fairy]Incineroar||AssaultVest|Intimidate|FlareBlitz,KnockOff,Uturn,FakeOut|||M|||50|,,,,,Ghost]Whimsicott||CovertCloak|Prankster|Moonblast,Tailwind,Encore,LightScreen|||F|||50|,,,,,Dark]Pelipper||FocusSash|Drizzle|WeatherBall,Hurricane,WideGuard,Protect|||F|||50|,,,,,Stellar]Archaludon||PowerHerb|Stalwart|ElectroShot,DragonPulse,FlashCannon,Protect|||F|||50|,,,,,Electric
|inactive|Battle timer is ON: inactive players will automatically lose when time's up. (requested by tedidn)
|inactive|atrixmj has 60 seconds left.
|
|t:|1757076753
|teamsize|p1|4
|teamsize|p2|4
|start
|switch|p1a: Freddy|Ursaluna-Bloodmoon, L50, M|100/100
|switch|p1b: Frederico|Whimsicott, L50, F|100/100
|switch|p2a: Pelipper|Pelipper, L50, F|100/100
|switch|p2b: Archaludon|Archaludon, L50, F|100/100
|-weather|RainDance|[from] ability: Drizzle|[of] p2a: Pelipper
|turn|1
|inactive|atrixmj has 30 seconds left.
|inactive|atrixmj has 20 seconds left.
|inactive|atrixmj has 15 seconds left.
|
|t:|1757076795
|switch|p2b: Indeedee|Indeedee-F, L50, F|100/100
|-fieldstart|move: Psychic Terrain|[from] ability: Psychic Surge|[of] p2b: Indeedee
|-terastallize|p1a: Freddy|Water
|move|p1b: Frederico|Tailwind|p1b: Frederico
|-sidestart|p1: tedidn|move: Tailwind
|move|p1a: Freddy|Earth Power|p2b: Indeedee
|-damage|p2b: Indeedee|54/100
|move|p2a: Pelipper|Hurricane|p1b: Frederico
|-supereffective|p1b: Frederico
|-damage|p1b: Frederico|0 fnt
|faint|p1b: Frederico
|
|-weather|RainDance|[upkeep]
|upkeep
|
|t:|1757076814
|switch|p1b: Mr.Bigbucks|Gholdengo, L50|100/100
|turn|2
|
|t:|1757076826
|-terastallize|p2a: Pelipper|Stellar
|move|p2b: Indeedee|Follow Me|p2b: Indeedee
|-singleturn|p2b: Indeedee|move: Follow Me
|move|p1b: Mr.Bigbucks|Shadow Ball|p2b: Indeedee
|-immune|p2b: Indeedee
|move|p1a: Freddy|Blood Moon|p2b: Indeedee
|-damage|p2b: Indeedee|0 fnt
|faint|p2b: Indeedee
|move|p2a: Pelipper|Weather Ball|p1b: Mr.Bigbucks
|-damage|p1b: Mr.Bigbucks|0 fnt
|faint|p1b: Mr.Bigbucks
|
|-weather|RainDance|[upkeep]
|upkeep
|
|t:|1757076840
|switch|p1b: Douglass|Dragonite, L50, F|100/100
|switch|p2b: Archaludon|Archaludon, L50, F|100/100
|turn|3
|
|t:|1757076848
|move|p2b: Archaludon|Protect|p2b: Archaludon
|-singleturn|p2b: Archaludon|Protect
|move|p2a: Pelipper|Protect|p2a: Pelipper
|-singleturn|p2a: Pelipper|Protect
|move|p1b: Douglass|Scale Shot|p2a: Pelipper
|-activate|p2a: Pelipper|move: Protect
|move|p1a: Freddy|Hyper Voice|p2b: Archaludon|[spread] 
|-activate|p2a: Pelipper|move: Protect
|-activate|p2b: Archaludon|move: Protect
|
|-weather|RainDance|[upkeep]
|upkeep
|turn|4
|
|t:|1757076867
|move|p1b: Douglass|Scale Shot|p2a: Pelipper
|-damage|p2a: Pelipper|82/100
|-damage|p2a: Pelipper|64/100
|-damage|p2a: Pelipper|44/100
|-damage|p2a: Pelipper|22/100
|-hitcount|p2a: Pelipper|4
|-unboost|p1b: Douglass|def|1
|-boost|p1b: Douglass|spe|1
|move|p1a: Freddy|Earth Power|p2b: Archaludon
|-supereffective|p2b: Archaludon
|-damage|p2b: Archaludon|0 fnt
|faint|p2b: Archaludon
|move|p2a: Pelipper|Hurricane|p1b: Douglass
|-damage|p1b: Douglass|63/100
|
|-weather|RainDance|[upkeep]
|-sideend|p1: tedidn|move: Tailwind
|upkeep
|
|t:|1757076876
|switch|p2b: Sneasler|Sneasler, L50, M|100/100
|-enditem|p2b: Sneasler|Psychic Seed
|-boost|p2b: Sneasler|spd|1|[from] item: Psychic Seed
|turn|5
|
|t:|1757076889
|move|p1b: Douglass|Extreme Speed|p2a: Pelipper
|-hint|Psychic Terrain doesn't affect Pokémon immune to Ground.
|-damage|p2a: Pelipper|0 fnt
|faint|p2a: Pelipper
|move|p2b: Sneasler|Dire Claw|p1b: Douglass
|-damage|p1b: Douglass|0 fnt
|faint|p1b: Douglass
|move|p1a: Freddy|Earth Power|p2b: Sneasler
|-supereffective|p2b: Sneasler
|-damage|p2b: Sneasler|6/100
|
|-weather|none
|-fieldend|move: Psychic Terrain
|upkeep
|turn|6
|
|t:|1757076898
|move|p1a: Freddy|Vacuum Wave|p2b: Sneasler
|-resisted|p2b: Sneasler
|-damage|p2b: Sneasler|0 fnt
|faint|p2b: Sneasler
|
|win|tedidn
|raw|tedidn's rating: 1315 → 1337(+22 for winning)
|raw|atrixmj's rating: 1354 → 1332(-22 for losing)
