|j|☆FatherPenguin
|j|☆paillion
|html|FatherPenguinpaillion    
|uhtml|bestof|Game 2 of a best-of-3
|t:|1786112620
|gametype|doubles
|player|p1|FatherPenguin|acetrainersnow|1172
|player|p2|paillion|2|1170
|gen|9
|tier|[Gen 9 Champions] VGC 2026 Reg M-B (Bo3)
|rated|
|rule|Species Clause: Limit one of each Pokémon
|rule|Item Clause: Limit 1 of each item
|clearpoke
|poke|p1|Froslass, L50, F|
|poke|p1|Scovillain, L50, F|
|poke|p1|Lycanroc-Dusk, L50, F|
|poke|p1|Sneasler, L50, F|
|poke|p1|Basculegion, L50, M|
|poke|p1|Kingambit, L50, F|
|poke|p2|Basculegion, L50, M|
|poke|p2|Sneasler, L50, F|
|poke|p2|Raichu, L50, F|
|poke|p2|Mr. Rime, L50, F|
|poke|p2|Farigiraf, L50, F|
|poke|p2|Glalie, L50, M|
|teampreview|4
|showteam|p1|Froslass||Froslassite|CursedBody|Blizzard,ShadowBall,AuroraVeil,Protect|Timid||F|||50|]Scovillain||Scovillainite|Moody|Overheat,GigaDrain,RagePowder,Protect|Bold||F|||50|]Lycanroc-Dusk||FocusSash|ToughClaws|RockSlide,CloseCombat,Accelerock,Protect|Adamant||F|||50|]Sneasler||WhiteHerb|Unburden|DireClaw,CloseCombat,FakeOut,Protect|Jolly||F|||50|]Basculegion||SitrusBerry|Adaptability|WaveCrash,LastRespects,AquaJet,Protect|Adamant||M|||50|]Kingambit||BlackGlasses|Defiant|KowtowCleave,SuckerPunch,SwordsDance,Protect|Adamant||F|||50|
|showteam|p2|Basculegion||ChoiceScarf|Adaptability|WaveCrash,FlipTurn,AquaJet,LastRespects|Jolly||M|||50|]Sneasler||FocusSash|Unburden|FakeOut,CloseCombat,DireClaw,Protect|Adamant||F|||50|]Raichu||RaichuniteY|Static|FakeOut,ZapCannon,FocusBlast,Protect|Timid||F|||50|]Mr. Rime||SitrusBerry|IceBody|SheerCold,IceBeam,RolePlay,Protect|Bold||F|||50|]Farigiraf||ColburBerry|ArmorTail|TwinBeam,Imprison,TrickRoom,Protect|Bold||F|||50|]Glalie||Glalitite|InnerFocus|Explosion,BodySlam,Taunt,Protect|Jolly||M|||50|
|inactive|Battle timer is ON: inactive players will automatically lose when time's up. (requested by FatherPenguin)
|inactive|paillion also wants the timer to be on.
|inactive|FatherPenguin has 60 seconds left.
|
|t:|1786112674
|teamsize|p1|4
|teamsize|p2|4
|start
|switch|p1a: Kingambit|Kingambit, L50, F|100/100
|switch|p1b: Lycanroc|Lycanroc-Dusk, L50, F|100/100
|switch|p2a: Mr. Rime|Mr. Rime, L50, F|100/100
|switch|p2b: Raichu|Raichu, L50, F|100/100
|turn|1
|
|t:|1786112686
|detailschange|p2b: Raichu|Raichu-Mega-Y, L50, F
|-mega|p2b: Raichu|Raichu|Raichunite Y
|move|p1a: Kingambit|Sucker Punch|p2b: Raichu
|-damage|p2b: Raichu|27/100
|move|p2b: Raichu|Focus Blast|p1a: Kingambit
|-supereffective|p1a: Kingambit|2
|-damage|p1a: Kingambit|0 fnt
|faint|p1a: Kingambit
|move|p1b: Lycanroc|Rock Slide|p2b: Raichu|[spread] p2a,p2b
|-supereffective|p2a: Mr. Rime|1
|-damage|p2a: Mr. Rime|51/100
|-damage|p2b: Raichu|0 fnt
|faint|p2b: Raichu
|cant|p2a: Mr. Rime|flinch
|
|upkeep
|
|t:|1786112705
|switch|p2b: Sneasler|Sneasler, L50, F|100/100
|switch|p1a: Sneasler|Sneasler, L50, F|100/100
|turn|2
|
|t:|1786112729
|switch|p2b: Basculegion|Basculegion, L50, M|100/100
|move|p2a: Mr. Rime|Protect|p2a: Mr. Rime
|-singleturn|p2a: Mr. Rime|Protect
|move|p1a: Sneasler|Fake Out|p2b: Basculegion
|-immune|p2b: Basculegion
|move|p1b: Lycanroc|Accelerock|p2a: Mr. Rime
|-activate|p2a: Mr. Rime|move: Protect
|
|upkeep
|turn|3
|
|t:|1786112753
|move|p2b: Basculegion|Flip Turn|p1a: Sneasler
|-damage|p1a: Sneasler|49/100
|
|t:|1786112756
|switch|p2b: Sneasler|Sneasler, L50, F|100/100|[from] Flip Turn
|move|p1a: Sneasler|Dire Claw|p2b: Sneasler
|-resisted|p2b: Sneasler|1
|-damage|p2b: Sneasler|72/100
|move|p1b: Lycanroc|Rock Slide|p2b: Sneasler|[spread] p2a
|-miss|p1b: Lycanroc|p2b: Sneasler
|-supereffective|p2a: Mr. Rime|1
|-damage|p2a: Mr. Rime|1/100
|-enditem|p2a: Mr. Rime|Sitrus Berry|[eat]
|-heal|p2a: Mr. Rime|25/100|[from] item: Sitrus Berry
|move|p2a: Mr. Rime|Ice Beam|p1b: Lycanroc
|-damage|p1b: Lycanroc|44/100
|
|upkeep
|turn|4
|
|t:|1786112780
|move|p1a: Sneasler|Protect|p1a: Sneasler
|-singleturn|p1a: Sneasler|Protect
|move|p1b: Lycanroc|Protect|p1b: Lycanroc
|-singleturn|p1b: Lycanroc|Protect
|move|p2b: Sneasler|Fake Out|p1a: Sneasler
|-activate|p1a: Sneasler|move: Protect
|move|p2a: Mr. Rime|Ice Beam|p1b: Lycanroc
|-activate|p1b: Lycanroc|move: Protect
|
|upkeep
|turn|5
|inactive|FatherPenguin has 30 seconds left.
|inactive|FatherPenguin has 20 seconds left.
|
|t:|1786112818
|move|p2b: Sneasler|Protect|p2b: Sneasler
|-singleturn|p2b: Sneasler|Protect
|move|p1b: Lycanroc|Protect|p1b: Lycanroc
|-singleturn|p1b: Lycanroc|Protect
|move|p1a: Sneasler|Dire Claw|p2b: Sneasler
|-activate|p2b: Sneasler|move: Protect
|move|p2a: Mr. Rime|Ice Beam|p1b: Lycanroc
|-activate|p1b: Lycanroc|move: Protect
|
|upkeep
|turn|6
|
|t:|1786112835
|switch|p2b: Basculegion|Basculegion, L50, M|100/100
|move|p1b: Lycanroc|Accelerock|p2b: Basculegion
|-damage|p2b: Basculegion|62/100
|move|p1a: Sneasler|Dire Claw|p2b: Basculegion
|-resisted|p2b: Basculegion|1
|-damage|p2b: Basculegion|38/100
|move|p2a: Mr. Rime|Ice Beam|p1b: Lycanroc
|-damage|p1b: Lycanroc|0 fnt
|faint|p1b: Lycanroc
|
|upkeep
|
|t:|1786112846
|switch|p1b: Scovillain|Scovillain, L50, F|100/100
|turn|7
|inactive|paillion has 30 seconds left.
|
|t:|1786112879
|detailschange|p1b: Scovillain|Scovillain-Mega, L50, F
|-mega|p1b: Scovillain|Scovillain|Scovillainite
|move|p1b: Scovillain|Rage Powder|p1b: Scovillain
|-singleturn|p1b: Scovillain|move: Rage Powder
|move|p2b: Basculegion|Last Respects|p1b: Scovillain
|-crit|p1b: Scovillain
|-damage|p1b: Scovillain|12/100
|-status|p2b: Basculegion|brn|[from] ability: Spicy Spray|[of] p1b: Scovillain
|move|p1a: Sneasler|Dire Claw|p2b: Basculegion
|-resisted|p2b: Basculegion|1
|-damage|p2b: Basculegion|15/100 brn
|move|p2a: Mr. Rime|Ice Beam|p1b: Scovillain
|-crit|p1b: Scovillain
|-damage|p1b: Scovillain|0 fnt
|-status|p2a: Mr. Rime|brn|[from] ability: Spicy Spray|[of] p1b: Scovillain
|faint|p1b: Scovillain
|
|-damage|p2b: Basculegion|9/100 brn|[from] brn
|-damage|p2a: Mr. Rime|19/100 brn|[from] brn
|upkeep
|turn|8
|
|t:|1786112904
|move|p1a: Sneasler|Protect|p1a: Sneasler
|-singleturn|p1a: Sneasler|Protect
|move|p2b: Basculegion|Last Respects|p1a: Sneasler
|-activate|p1a: Sneasler|move: Protect
|move|p2a: Mr. Rime|Ice Beam|p1a: Sneasler
|-activate|p1a: Sneasler|move: Protect
|
|-damage|p2b: Basculegion|3/100 brn|[from] brn
|-damage|p2a: Mr. Rime|13/100 brn|[from] brn
|upkeep
|turn|9
|
|t:|1786112918
|move|p2b: Basculegion|Last Respects|p1a: Sneasler
|-damage|p1a: Sneasler|13/100
|move|p1a: Sneasler|Dire Claw|p2b: Basculegion
|-resisted|p2b: Basculegion|1
|-damage|p2b: Basculegion|0 fnt
|faint|p2b: Basculegion
|move|p2a: Mr. Rime|Ice Beam|p1a: Sneasler
|-damage|p1a: Sneasler|0 fnt
|faint|p1a: Sneasler
|
|win|paillion
|raw|FatherPenguin's rating: 1172 → 1147(-25 for losing)
|raw|paillion's rating: 1170 → 1195(+25 for winning)
|l|☆paillion
|player|p2|
