|j|☆aqueousbloop
|j|☆anderitur
|html|aqueousbloopanderitur    
|uhtml|bestof|Game 1 of a best-of-3
|t:|1756375759
|gametype|doubles
|player|p1|aqueousbloop|169|1115
|player|p2|anderitur|266|1123
|gen|9
|tier|[Gen 9] VGC 2025 Reg H (Bo3)
|rated|
|rule|Species Clause: Limit one of each Pokémon
|rule|Item Clause: Limit 1 of each item
|clearpoke
|poke|p1|Sneasler, L50, F|
|poke|p1|Basculegion, L50, M|
|poke|p1|Pelipper, L50, M|
|poke|p1|Lurantis, L50, F|
|poke|p1|Hatterene, L50, F|
|poke|p1|Archaludon, L50, F|
|poke|p2|Grimmsnarl, L50, M|
|poke|p2|Sinistcha, L50|
|poke|p2|Archaludon, L50, F|
|poke|p2|Maushold, L50|
|poke|p2|Pelipper, L50, M|
|poke|p2|Annihilape, L50, F|
|teampreview|4
|showteam|p1|Sneasler||SafetyGoggles|PoisonTouch|ThroatChop,CloseCombat,DireClaw,FakeOut|||F|||50|,,,,,Dark]Basculegion||ChoiceBand|SwiftSwim|FlipTurn,WaveCrash,LastRespects,AquaJet|||M|||50|,,,,,Grass]Pelipper||FocusSash|Drizzle|Hurricane,WeatherBall,WideGuard,Protect|||M|||50|,,,,,Ghost]Lurantis||AssaultVest|Contrary|Superpower,LeafBlade,KnockOff,LeechLife|||F|||50|,,,,,Poison]Hatterene||Leftovers|MagicBounce|TrickRoom,HelpingHand,DazzlingGleam,Protect|||F|||50|,,,,,Psychic]Archaludon||PowerHerb|Stamina|BodyPress,ElectroShot,DracoMeteor,Protect|||F|||50|,,,,,Water
|showteam|p2|Grimmsnarl||LightClay|Prankster|SpiritBreak,ThunderWave,Reflect,LightScreen|||M|||50|,,,,,Ghost]Sinistcha||SitrusBerry|Hospitality|MatchaGotcha,LifeDew,RagePowder,TrickRoom||||||50|,,,,,Dark]Archaludon||AssaultVest|Stamina|ElectroShot,FlashCannon,BodyPress,Snarl|||F|||50|,,,,,Grass]Maushold||SafetyGoggles|FriendGuard|BeatUp,Taunt,FollowMe,Protect||||||50|,,,,,Ghost]Pelipper||FocusSash|Drizzle|Hurricane,WeatherBall,Tailwind,Protect|||M|||50|,,,,,Ghost]Annihilape||Leftovers|Defiant|DrainPunch,RageFist,BulkUp,Protect|||F|||50|,,,,,Water
|inactive|Battle timer is ON: inactive players will automatically lose when time's up. (requested by anderitur)
|inactive|anderitur has 60 seconds left.
|
|t:|1756375795
|teamsize|p1|4
|teamsize|p2|4
|start
|switch|p1a: Archaludon|Archaludon, L50, F|100/100
|switch|p1b: Hatterene|Hatterene, L50, F|100/100
|switch|p2a: Grimmsnarl|Grimmsnarl, L50, M|100/100
|switch|p2b: Archaludon|Archaludon, L50, F|100/100
|turn|1
|inactive|aqueousbloop has 30 seconds left.
|inactive|anderitur has 30 seconds left.
|inactive|aqueousbloop has 20 seconds left.
|inactive|aqueousbloop has 15 seconds left.
|inactive|aqueousbloop has 10 seconds left.
|inactive|aqueousbloop has 5 seconds left.
|
|t:|1756375849
|move|p2a: Grimmsnarl|Light Screen|p2a: Grimmsnarl
|-sidestart|p2: anderitur|move: Light Screen
|move|p2b: Archaludon|Snarl|p1b: Hatterene|[spread] p1a
|-miss|p2b: Archaludon|p1b: Hatterene
|-damage|p1a: Archaludon|89/100
|-unboost|p1a: Archaludon|spa|1
|-ability|p1a: Archaludon|Stamina|boost
|-boost|p1a: Archaludon|def|1
|move|p1a: Archaludon|Electro Shot||[still]
|-prepare|p1a: Archaludon|Electro Shot
|-boost|p1a: Archaludon|spa|1
|-enditem|p1a: Archaludon|Power Herb
|-anim|p1a: Archaludon|Electro Shot|p2a: Grimmsnarl
|-damage|p2a: Grimmsnarl|75/100
|move|p1b: Hatterene|Trick Room|p1b: Hatterene
|-fieldstart|move: Trick Room|[of] p1b: Hatterene
|
|upkeep
|turn|2
|inactive|aqueousbloop has 30 seconds left.
|inactive|anderitur has 30 seconds left.
|inactive|anderitur has 20 seconds left.
|inactive|anderitur has 15 seconds left.
|
|t:|1756375889
|move|p2a: Grimmsnarl|Reflect|p2a: Grimmsnarl
|-sidestart|p2: anderitur|Reflect
|move|p1b: Hatterene|Dazzling Gleam|p2a: Grimmsnarl|[spread] p2a,p2b
|-supereffective|p2a: Grimmsnarl
|-damage|p2a: Grimmsnarl|41/100
|-damage|p2b: Archaludon|87/100
|-ability|p2b: Archaludon|Stamina|boost
|-boost|p2b: Archaludon|def|1
|move|p1a: Archaludon|Body Press|p2b: Archaludon
|-supereffective|p2b: Archaludon
|-damage|p2b: Archaludon|69/100
|-ability|p2b: Archaludon|Stamina|boost
|-boost|p2b: Archaludon|def|1
|move|p2b: Archaludon|Snarl|p1b: Hatterene|[spread] p1a,p1b
|-damage|p1a: Archaludon|78/100
|-damage|p1b: Hatterene|91/100
|-unboost|p1a: Archaludon|spa|1
|-unboost|p1b: Hatterene|spa|1
|-ability|p1a: Archaludon|Stamina|boost
|-boost|p1a: Archaludon|def|1
|
|-heal|p1b: Hatterene|97/100|[from] item: Leftovers
|upkeep
|turn|3
|inactive|aqueousbloop has 30 seconds left.
|inactive|anderitur has 30 seconds left.
|inactive|aqueousbloop has 20 seconds left.
|inactive|aqueousbloop has 15 seconds left.
|
|t:|1756375929
|switch|p1b: Lurantis|Lurantis, L50, F|100/100
|switch|p2a: Sinistcha|Sinistcha, L50|100/100
|-heal|p2b: Archaludon|93/100|[from] ability: Hospitality|[of] p2a: Sinistcha
|move|p1a: Archaludon|Body Press|p2a: Sinistcha
|-immune|p2a: Sinistcha
|move|p2b: Archaludon|Flash Cannon|p1b: Lurantis
|-damage|p1b: Lurantis|75/100
|
|upkeep
|turn|4
|inactive|aqueousbloop has 30 seconds left.
|inactive|anderitur has 30 seconds left.
|inactive|aqueousbloop has 20 seconds left.
|inactive|anderitur has 20 seconds left.
|inactive|anderitur has 15 seconds left.
|inactive|aqueousbloop has 15 seconds left.
|inactive|anderitur has 10 seconds left.
|
|t:|1756375978
|move|p2a: Sinistcha|Rage Powder|p2a: Sinistcha
|-singleturn|p2a: Sinistcha|move: Rage Powder
|move|p1b: Lurantis|Superpower|p2b: Archaludon
|-supereffective|p2b: Archaludon
|-damage|p2b: Archaludon|77/100
|-boost|p1b: Lurantis|atk|1
|-boost|p1b: Lurantis|def|1
|-ability|p2b: Archaludon|Stamina|boost
|-boost|p2b: Archaludon|def|1
|move|p1a: Archaludon|Body Press|p2a: Sinistcha
|-immune|p2a: Sinistcha
|move|p2b: Archaludon|Body Press|p1a: Archaludon
|-supereffective|p1a: Archaludon
|-damage|p1a: Archaludon|30/100
|-ability|p1a: Archaludon|Stamina|boost
|-boost|p1a: Archaludon|def|1
|
|upkeep
|turn|5
|inactive|aqueousbloop has 30 seconds left.
|inactive|anderitur has 30 seconds left.
|inactive|aqueousbloop has 20 seconds left.
|inactive|aqueousbloop has 15 seconds left.
|
|t:|1756376018
|move|p1a: Archaludon|Protect|p1a: Archaludon
|-singleturn|p1a: Archaludon|Protect
|move|p2a: Sinistcha|Rage Powder|p2a: Sinistcha
|-singleturn|p2a: Sinistcha|move: Rage Powder
|move|p1b: Lurantis|Knock Off|p2b: Archaludon
|-damage|p2b: Archaludon|69/100
|-ability|p2b: Archaludon|Stamina|boost
|-boost|p2b: Archaludon|def|1
|-enditem|p2b: Archaludon|Assault Vest|[from] move: Knock Off|[of] p1b: Lurantis
|move|p2b: Archaludon|Body Press|p1a: Archaludon
|-activate|p1a: Archaludon|move: Protect
|
|-fieldend|move: Trick Room
|upkeep
|turn|6
|inactive|aqueousbloop has 30 seconds left.
|inactive|aqueousbloop has 20 seconds left.
|
|t:|1756376055
|switch|p1a: Hatterene|Hatterene, L50, F|97/100
|move|p2b: Archaludon|Body Press|p1a: Hatterene
|-resisted|p1a: Hatterene
|-damage|p1a: Hatterene|77/100
|move|p2a: Sinistcha|Matcha Gotcha|p1a: Hatterene|[spread] p1a,p1b
|-resisted|p1b: Lurantis
|-damage|p1a: Hatterene|55/100
|-damage|p1b: Lurantis|66/100
|-status|p1a: Hatterene|brn
|move|p1b: Lurantis|Superpower|p2a: Sinistcha
|-immune|p2a: Sinistcha
|
|-heal|p1a: Hatterene|61/100 brn|[from] item: Leftovers
|-damage|p1a: Hatterene|55/100 brn|[from] brn
|upkeep
|turn|7
|inactive|aqueousbloop has 30 seconds left.
|inactive|anderitur has 30 seconds left.
|inactive|aqueousbloop has 20 seconds left.
|
|t:|1756376090
|switch|p2a: Grimmsnarl|Grimmsnarl, L50, M|41/100
|move|p2b: Archaludon|Flash Cannon|p1a: Hatterene
|-supereffective|p1a: Hatterene
|-damage|p1a: Hatterene|0 fnt
|faint|p1a: Hatterene
|move|p1b: Lurantis|Leech Life|p2a: Grimmsnarl
|-damage|p2a: Grimmsnarl|13/100
|-heal|p1b: Lurantis|82/100|[from] drain|[of] p2a: Grimmsnarl
|
|upkeep
|
|t:|1756376106
|switch|p1a: Archaludon|Archaludon, L50, F|30/100
|turn|8
|
|t:|1756376124
|switch|p2a: Sinistcha|Sinistcha, L50|100/100
|-heal|p2b: Archaludon|93/100|[from] ability: Hospitality|[of] p2a: Sinistcha
|move|p1a: Archaludon|Protect|p1a: Archaludon
|-singleturn|p1a: Archaludon|Protect
|move|p2b: Archaludon|Body Press|p1a: Archaludon
|-activate|p1a: Archaludon|move: Protect
|move|p1b: Lurantis|Superpower|p2a: Sinistcha
|-immune|p2a: Sinistcha
|
|-sideend|p2: anderitur|move: Light Screen
|upkeep
|turn|9
|inactive|aqueousbloop has 30 seconds left.
|
|t:|1756376153
|move|p2b: Archaludon|Body Press|p1a: Archaludon
|-supereffective|p1a: Archaludon
|-damage|p1a: Archaludon|0 fnt
|faint|p1a: Archaludon
|move|p2a: Sinistcha|Matcha Gotcha|p1b: Lurantis
|-resisted|p1b: Lurantis
|-damage|p1b: Lurantis|70/100
|move|p1b: Lurantis|Leech Life|p2a: Sinistcha
|-damage|p2a: Sinistcha|77/100
|-heal|p1b: Lurantis|82/100|[from] drain|[of] p2a: Sinistcha
|
|-sideend|p2: anderitur|Reflect
|upkeep
|
|t:|1756376165
|switch|p1a: Pelipper|Pelipper, L50, M|100/100
|-weather|RainDance|[from] ability: Drizzle|[of] p1a: Pelipper
|turn|10
|
|t:|1756376182
|move|p2b: Archaludon|Electro Shot||[still]
|-prepare|p2b: Archaludon|Electro Shot
|-boost|p2b: Archaludon|spa|1
|-anim|p2b: Archaludon|Electro Shot|p1a: Pelipper
|-supereffective|p1a: Pelipper
|-enditem|p1a: Pelipper|Focus Sash
|-damage|p1a: Pelipper|1/100
|move|p2a: Sinistcha|Matcha Gotcha|p1b: Lurantis|[spread] p1a,p1b
|-resisted|p1b: Lurantis
|-damage|p1a: Pelipper|0 fnt
|-heal|p2a: Sinistcha|78/100|[from] drain|[of] p1a: Pelipper
|-damage|p1b: Lurantis|74/100
|-heal|p2a: Sinistcha|83/100|[from] drain|[of] p1b: Lurantis
|faint|p1a: Pelipper
|move|p1b: Lurantis|Superpower|p2b: Archaludon
|-supereffective|p2b: Archaludon
|-damage|p2b: Archaludon|70/100
|-boost|p1b: Lurantis|atk|1
|-boost|p1b: Lurantis|def|1
|-ability|p2b: Archaludon|Stamina|boost
|-boost|p2b: Archaludon|def|1
|
|-weather|RainDance|[upkeep]
|upkeep
|turn|11
|inactive|aqueousbloop has 30 seconds left.
|inactive|anderitur has 30 seconds left.
|
|t:|1756376211
|switch|p2a: Annihilape|Annihilape, L50, F|100/100
|move|p2b: Archaludon|Body Press|p1b: Lurantis
|-damage|p1b: Lurantis|23/100
|move|p1b: Lurantis|Superpower|p2b: Archaludon
|-supereffective|p2b: Archaludon
|-damage|p2b: Archaludon|44/100
|-boost|p1b: Lurantis|atk|1
|-boost|p1b: Lurantis|def|1
|-ability|p2b: Archaludon|Stamina|boost
|-boost|p2b: Archaludon|def|1
|
|-weather|RainDance|[upkeep]
|upkeep
|turn|12
|inactive|aqueousbloop has 30 seconds left.
|
|t:|1756376233
|-terastallize|p1b: Lurantis|Poison
|move|p2a: Annihilape|Bulk Up|p2a: Annihilape
|-boost|p2a: Annihilape|atk|1
|-boost|p2a: Annihilape|def|1
|move|p2b: Archaludon|Body Press|p1b: Lurantis
|-resisted|p1b: Lurantis
|-damage|p1b: Lurantis|0 fnt
|faint|p1b: Lurantis
|
|win|anderitur
||aqueousbloop is ready for game 2.
|inactive|anderitur has 30 seconds to confirm battle start!
||anderitur is ready for game 2.
|uhtml|next|Next: Game 2 of 3
