|j|☆kapi_loves_yall
|j|☆notdoodenberg
|html|kapi_loves_yallnotdoodenberg    
|uhtml|bestof|Game 2 of a best-of-3
|t:|1784568658
|gametype|doubles
|player|p1|kapi_loves_yall|lusamine-nihilego|1166
|player|p2|notdoodenberg|265|1189
|gen|9
|tier|[Gen 9 Champions] VGC 2026 Reg M-B (Bo3)
|rated|
|rule|Species Clause: Limit one of each Pokémon
|rule|Item Clause: Limit 1 of each item
|clearpoke
|poke|p1|Sinistcha-Masterpiece, L50|
|poke|p1|Mawile, L50, F|
|poke|p1|Primarina, L50, M|
|poke|p1|Drampa, L50, F|
|poke|p1|Armarouge, L50, F|
|poke|p1|Scrafty, L50, F|
|poke|p2|Floette-Eternal, L50, F|
|poke|p2|Delphox, L50, M|
|poke|p2|Sneasler, L50, M|
|poke|p2|Incineroar, L50, F|
|poke|p2|Kingambit, L50, M|
|poke|p2|Sinistcha, L50|
|teampreview|4
|showteam|p1|Sinistcha-Masterpiece||SitrusBerry|Hospitality|MatchaGotcha,RagePowder,TrickRoom,ShadowBall|Relaxed|||||50|]Mawile||Mawilite|HyperCutter|IronHead,PlayRough,SuckerPunch,Protect|Brave||F|||50|]Primarina||MysticWater|LiquidVoice|HyperVoice,IceBeam,Moonblast,Protect|Quiet||M|||50|]Drampa||LifeOrb|CloudNine|HyperVoice,EarthPower,DragonPulse,Protect|Quiet||F|||50|]Armarouge||ColburBerry|FlashFire|ArmorCannon,TrickRoom,Psychic,WideGuard|Sassy||F|||50|]Scrafty||Scraftinite|Intimidate|Crunch,CloseCombat,RockSlide,FakeOut|Brave||F|||50|
|showteam|p2|Floette-Eternal||Floettite|FlowerVeil|Protect,CalmMind,DazzlingGleam,Moonblast|Timid||F|||50|]Delphox||Delphoxite|Blaze|Protect,NastyPlot,Psychic,HeatWave|Modest||M|||50|]Sneasler||FocusSash|PoisonTouch|FakeOut,PoisonJab,CloseCombat,RockTomb|Jolly||M|||50|]Incineroar||SitrusBerry|Intimidate|FakeOut,ThroatChop,PartingShot,FlareBlitz|Careful||F|||50|]Kingambit||LifeOrb|Defiant|Protect,SwordsDance,SuckerPunch,KowtowCleave|Adamant||M|||50|]Sinistcha||OccaBerry|Hospitality|Protect,TrickRoom,RagePowder,MatchaGotcha|Bold|||||50|
|
|t:|1784568676
|teamsize|p1|4
|teamsize|p2|4
|start
|switch|p1a: Mawile|Mawile, L50, F|100/100
|switch|p1b: Armarouge|Armarouge, L50, F|100/100
|switch|p2a: Incineroar|Incineroar, L50, F|100/100
|switch|p2b: Kingambit|Kingambit, L50, M|100/100
|-ability|p2a: Incineroar|Intimidate|boost
|-fail|p1a: Mawile|unboost|Attack|[from] ability: Hyper Cutter|[of] p1a: Mawile
|-unboost|p1b: Armarouge|atk|1
|turn|1
|
|t:|1784568685
|move|p1a: Mawile|Protect|p1a: Mawile
|-singleturn|p1a: Mawile|Protect
|move|p2a: Incineroar|Fake Out|p1b: Armarouge
|-damage|p1b: Armarouge|89/100
|move|p2b: Kingambit|Swords Dance|p2b: Kingambit
|-boost|p2b: Kingambit|atk|2
|cant|p1b: Armarouge|flinch
|
|upkeep
|turn|2
|
|t:|1784568720
|switch|p1b: Primarina|Primarina, L50, M|100/100
|switch|p1a: Sinistcha|Sinistcha-Masterpiece, L50|100/100
|move|p2a: Incineroar|Throat Chop|p1b: Primarina
|-resisted|p1b: Primarina|1
|-damage|p1b: Primarina|79/100
|-start|p1b: Primarina|Throat Chop|[silent]
|move|p2b: Kingambit|Kowtow Cleave|p1b: Primarina
|-resisted|p1b: Primarina|1
|-damage|p1b: Primarina|0 fnt
|faint|p1b: Primarina
|-damage|p2b: Kingambit|90/100|[from] item: Life Orb
|
|upkeep
|
|t:|1784568730
|switch|p1b: Armarouge|Armarouge, L50, F|89/100
|turn|3
|
|t:|1784568744
|move|p1a: Sinistcha|Rage Powder|p1a: Sinistcha
|-singleturn|p1a: Sinistcha|move: Rage Powder
|move|p1b: Armarouge|Armor Cannon|p2b: Kingambit
|-supereffective|p2b: Kingambit|1
|-damage|p2b: Kingambit|0 fnt
|-unboost|p1b: Armarouge|def|1
|-unboost|p1b: Armarouge|spd|1
|faint|p2b: Kingambit
|move|p2a: Incineroar|Throat Chop|p1a: Sinistcha
|-supereffective|p1a: Sinistcha|1
|-damage|p1a: Sinistcha|56/100
|-start|p1a: Sinistcha|Throat Chop|[silent]
|
|upkeep
|
|t:|1784568755
|switch|p2b: Floette|Floette-Eternal, L50, F|100/100
|turn|4
|
|t:|1784568774
|detailschange|p2b: Floette|Floette-Mega, L50, F
|-mega|p2b: Floette|Floette|Floettite
|-ability|p2b: Floette|Fairy Aura
|move|p1a: Sinistcha|Rage Powder|p1a: Sinistcha
|-singleturn|p1a: Sinistcha|move: Rage Powder
|move|p2b: Floette|Moonblast|p1a: Sinistcha
|-damage|p1a: Sinistcha|0 fnt
|faint|p1a: Sinistcha
|move|p2a: Incineroar|Parting Shot|p1b: Armarouge
|-unboost|p1b: Armarouge|atk|1
|-unboost|p1b: Armarouge|spa|1
|
|t:|1784568783
|switch|p2a: Sinistcha|Sinistcha, L50|100/100|[from] Parting Shot
|move|p1b: Armarouge|Trick Room|p1b: Armarouge
|-fieldstart|move: Trick Room|[of] p1b: Armarouge
|
|upkeep
|
|t:|1784568786
|switch|p1a: Mawile|Mawile, L50, F|100/100
|turn|5
|
|t:|1784568794
|detailschange|p1a: Mawile|Mawile-Mega, L50, F
|-mega|p1a: Mawile|Mawile|Mawilite
|move|p2a: Sinistcha|Protect|p2a: Sinistcha
|-singleturn|p2a: Sinistcha|Protect
|move|p2b: Floette|Protect|p2b: Floette
|-singleturn|p2b: Floette|Protect
|move|p1a: Mawile|Iron Head|p2b: Floette
|-activate|p2b: Floette|move: Protect
|move|p1b: Armarouge|Armor Cannon|p2a: Sinistcha
|-activate|p2a: Sinistcha|move: Protect
|
|upkeep
|turn|6
|
|t:|1784568810
|switch|p2a: Incineroar|Incineroar, L50, F|100/100
|-ability|p2a: Incineroar|Intimidate|boost
|-unboost|p1a: Mawile|atk|1
|-unboost|p1b: Armarouge|atk|1
|move|p1a: Mawile|Iron Head|p2a: Incineroar
|-resisted|p2a: Incineroar|1
|-damage|p2a: Incineroar|76/100
|move|p1b: Armarouge|Armor Cannon|p2a: Incineroar
|-resisted|p2a: Incineroar|1
|-damage|p2a: Incineroar|62/100
|-unboost|p1b: Armarouge|def|1
|-unboost|p1b: Armarouge|spd|1
|move|p2b: Floette|Moonblast|p1a: Mawile
|-resisted|p1a: Mawile|1
|-damage|p1a: Mawile|63/100
|
|upkeep
|turn|7
|
|t:|1784568829
|switch|p2b: Sinistcha|Sinistcha, L50|100/100
|-heal|p2a: Incineroar|87/100|[from] ability: Hospitality|[of] p2b: Sinistcha
|move|p2a: Incineroar|Fake Out|p1a: Mawile
|-resisted|p1a: Mawile|1
|-damage|p1a: Mawile|58/100
|cant|p1a: Mawile|flinch
|move|p1b: Armarouge|Trick Room|p1b: Armarouge
|-fieldend|move: Trick Room
|
|upkeep
|turn|8
|
|t:|1784568849
|move|p1a: Mawile|Protect|p1a: Mawile
|-singleturn|p1a: Mawile|Protect
|move|p2b: Sinistcha|Matcha Gotcha|p1b: Armarouge|[spread] p1b
|-activate|p1a: Mawile|move: Protect
|-resisted|p1b: Armarouge|1
|-damage|p1b: Armarouge|70/100
|move|p2a: Incineroar|Flare Blitz|p1a: Mawile
|-activate|p1a: Mawile|move: Protect
|move|p1b: Armarouge|Trick Room|p1b: Armarouge
|-fieldstart|move: Trick Room|[of] p1b: Armarouge
|
|upkeep
|turn|9
|
|t:|1784568857
|move|p2b: Sinistcha|Rage Powder|p2b: Sinistcha
|-singleturn|p2b: Sinistcha|move: Rage Powder
|move|p1a: Mawile|Iron Head|p2b: Sinistcha
|-damage|p2b: Sinistcha|59/100
|move|p2a: Incineroar|Flare Blitz|p1a: Mawile
|-supereffective|p1a: Mawile|1
|-damage|p1a: Mawile|0 fnt
|faint|p1a: Mawile
|-damage|p2a: Incineroar|72/100|[from] Recoil
|move|p1b: Armarouge|Armor Cannon|p2b: Sinistcha
|-supereffective|p2b: Sinistcha|1
|-enditem|p2b: Sinistcha|Occa Berry|[eat]
|-enditem|p2b: Sinistcha|Occa Berry|[weaken]
|-damage|p2b: Sinistcha|21/100
|-unboost|p1b: Armarouge|def|1
|-unboost|p1b: Armarouge|spd|1
|
|upkeep
|turn|10
|
|t:|1784568866
|switch|p2b: Floette|Floette-Mega, L50, F|100/100
|-ability|p2b: Floette|Fairy Aura
|move|p2a: Incineroar|Throat Chop|p1b: Armarouge
|-supereffective|p1b: Armarouge|1
|-enditem|p1b: Armarouge|Colbur Berry|[eat]
|-enditem|p1b: Armarouge|Colbur Berry|[weaken]
|-damage|p1b: Armarouge|0 fnt
|faint|p1b: Armarouge
|
|win|notdoodenberg
|l|☆kapi_loves_yall
|player|p1|
||kapi_loves_yall is ready for game 3.
