|j|☆momoechis
|j|☆BoloinaBox
|html|momoechisBoloinaBox    
|uhtml|bestof|Game 3 of a best-of-3
|t:|1756539197
|gametype|doubles
|player|p1|momoechis|iris|1029
|player|p2|BoloinaBox|2|1000
|gen|9
|tier|[Gen 9] VGC 2025 Reg H (Bo3)
|rated|
|rule|Species Clause: Limit one of each Pokémon
|rule|Item Clause: Limit 1 of each item
|clearpoke
|poke|p1|Ursaluna-Bloodmoon, L50, M|
|poke|p1|Dragonite, L50, M|
|poke|p1|Sneasler, L50, M|
|poke|p1|Electabuzz, L50, M|
|poke|p1|Primarina, L50, M|
|poke|p1|Rillaboom, L50, M|
|poke|p2|Ceruledge, L50, M|
|poke|p2|Rillaboom, L50, M|
|poke|p2|Milotic, L50, F|
|poke|p2|Whimsicott, L50, F|
|poke|p2|Sneasler, L50, M|
|poke|p2|Ninetales-Alola, L50, M|
|teampreview|4
|showteam|p1|Ursaluna-Bloodmoon||LifeOrb|MindsEye|BloodMoon,HyperVoice,EarthPower,Protect|||M|||50|,,,,,Normal]Dragonite||LoadedDice|Multiscale|Tailwind,ScaleShot,Haze,Protect|||M|||50|,,,,,Fairy]Sneasler||GrassySeed|Unburden|CloseCombat,DireClaw,Acrobatics,Protect|||M|||50|,,,,,Flying]Electabuzz||Eviolite|Static|Thunderbolt,Taunt,FollowMe,Protect|||M|||50|,,,,,Ghost]Primarina||SitrusBerry|LiquidVoice|HyperVoice,Moonblast,Protect,Encore|||M|||50|,,,,,Poison]Rillaboom||AssaultVest|GrassySurge|FakeOut,HighHorsepower,GrassyGlide,WoodHammer|||M|||50|,,,,,Fire
|showteam|p2|Ceruledge||ClearAmulet|FlashFire|BitterBlade,Poltergeist,BulkUp,Protect|||M|||50|,,,,,Grass]Rillaboom||MiracleSeed|GrassySurge|GrassyGlide,DrumBeating,Taunt,FakeOut|||M|||50|,,,,,Fire]Milotic||Leftovers|Competitive|Scald,AlluringVoice,Haze,Protect|||F|||50|,,,,,Grass]Whimsicott||FocusSash|Prankster|Moonblast,WorrySeed,Tailwind,SunnyDay|||F|||50|,,,,,Ghost]Sneasler||GrassySeed|Unburden|CloseCombat,DireClaw,Coaching,Protect|||M|||50|,,,,,Stellar]Ninetales-Alola||CovertCloak|SnowWarning|FreezeDry,Moonblast,Howl,AuroraVeil|||M|||50|,,,,,Water
|inactive|Battle timer is ON: inactive players will automatically lose when time's up. (requested by BoloinaBox)
|inactive|BoloinaBox has 60 seconds left.
|inactive|BoloinaBox has 30 seconds left.
|
|t:|1756539264
|teamsize|p1|4
|teamsize|p2|4
|start
|switch|p1a: Sneasler|Sneasler, L50, M|100/100
|switch|p1b: Rillaboom|Rillaboom, L50, M|100/100
|switch|p2a: Ninetales|Ninetales-Alola, L50, M|100/100
|switch|p2b: Ceruledge|Ceruledge, L50, M|100/100
|-weather|Snowscape|[from] ability: Snow Warning|[of] p2a: Ninetales
|-fieldstart|move: Grassy Terrain|[from] ability: Grassy Surge|[of] p1b: Rillaboom
|-enditem|p1a: Sneasler|Grassy Seed
|-boost|p1a: Sneasler|def|1|[from] item: Grassy Seed
|turn|1
|inactive|momoechis has 30 seconds left.
|inactive|BoloinaBox has 30 seconds left.
|inactive|momoechis has 20 seconds left.
|inactive|momoechis has 15 seconds left.
|
|t:|1756539306
|move|p1a: Sneasler|Dire Claw|p2a: Ninetales
|-supereffective|p2a: Ninetales
|-damage|p2a: Ninetales|18/100
|move|p2a: Ninetales|Howl|p2a: Ninetales|[spread] p2a,p2b
|-boost|p2a: Ninetales|atk|1
|-boost|p2b: Ceruledge|atk|1
|move|p1b: Rillaboom|High Horsepower|p2b: Ceruledge
|-supereffective|p2b: Ceruledge
|-damage|p2b: Ceruledge|22/100
|move|p2b: Ceruledge|Bulk Up|p2b: Ceruledge
|-boost|p2b: Ceruledge|atk|1
|-boost|p2b: Ceruledge|def|1
|
|-weather|Snowscape|[upkeep]
|-heal|p2a: Ninetales|24/100|[from] Grassy Terrain
|-heal|p2b: Ceruledge|29/100|[from] Grassy Terrain
|upkeep
|turn|2
|
|t:|1756539328
|move|p2b: Ceruledge|Protect|p2b: Ceruledge
|-singleturn|p2b: Ceruledge|Protect
|move|p1b: Rillaboom|Grassy Glide|p2b: Ceruledge
|-activate|p2b: Ceruledge|move: Protect
|move|p1a: Sneasler|Dire Claw|p2b: Ceruledge
|-activate|p2b: Ceruledge|move: Protect
|move|p2a: Ninetales|Howl|p2a: Ninetales|[spread] p2a,p2b
|-boost|p2a: Ninetales|atk|1
|-boost|p2b: Ceruledge|atk|1
|
|-weather|Snowscape|[upkeep]
|-heal|p2a: Ninetales|30/100|[from] Grassy Terrain
|-heal|p2b: Ceruledge|35/100|[from] Grassy Terrain
|upkeep
|turn|3
|
|t:|1756539354
|switch|p2a: Whimsicott|Whimsicott, L50, F|100/100
|move|p2b: Ceruledge|Protect|p2b: Ceruledge
|-singleturn|p2b: Ceruledge|Protect
|move|p1a: Sneasler|Dire Claw|p2a: Whimsicott
|-supereffective|p2a: Whimsicott
|-enditem|p2a: Whimsicott|Focus Sash
|-damage|p2a: Whimsicott|1/100
|-status|p2a: Whimsicott|par
|move|p1b: Rillaboom|High Horsepower|p2b: Ceruledge
|-activate|p2b: Ceruledge|move: Protect
|
|-weather|Snowscape|[upkeep]
|-heal|p2b: Ceruledge|41/100|[from] Grassy Terrain
|-heal|p2a: Whimsicott|7/100 par|[from] Grassy Terrain
|upkeep
|turn|4
|inactive|momoechis has 30 seconds left.
|inactive|BoloinaBox has 30 seconds left.
|inactive|momoechis has 20 seconds left.
|inactive|BoloinaBox has 20 seconds left.
|
|t:|1756539393
|switch|p1b: Electabuzz|Electabuzz, L50, M|100/100
|move|p2a: Whimsicott|Tailwind|p2a: Whimsicott
|-sidestart|p2: BoloinaBox|move: Tailwind
|move|p1a: Sneasler|Dire Claw|p2a: Whimsicott
|-supereffective|p2a: Whimsicott
|-damage|p2a: Whimsicott|0 fnt
|faint|p2a: Whimsicott
|move|p2b: Ceruledge|Bitter Blade|p1b: Electabuzz
|-damage|p1b: Electabuzz|23/100
|-heal|p2b: Ceruledge|77/100|[from] drain|[of] p1b: Electabuzz
|
|-weather|Snowscape|[upkeep]
|-heal|p2b: Ceruledge|83/100|[from] Grassy Terrain
|-heal|p1b: Electabuzz|29/100|[from] Grassy Terrain
|upkeep
|
|t:|1756539408
|switch|p2a: Sneasler|Sneasler, L50, M|100/100
|-enditem|p2a: Sneasler|Grassy Seed
|-boost|p2a: Sneasler|def|1|[from] item: Grassy Seed
|turn|5
|
|t:|1756539423
|-terastallize|p1a: Sneasler|Flying
|move|p2a: Sneasler|Coaching|p2b: Ceruledge
|-boost|p2b: Ceruledge|atk|1
|-boost|p2b: Ceruledge|def|1
|move|p1a: Sneasler|Acrobatics|p2a: Sneasler
|-supereffective|p2a: Sneasler
|-damage|p2a: Sneasler|0 fnt
|faint|p2a: Sneasler
|move|p2b: Ceruledge|Bitter Blade|p1a: Sneasler
|-damage|p1a: Sneasler|0 fnt
|-heal|p2b: Ceruledge|100/100|[from] drain|[of] p1a: Sneasler
|faint|p1a: Sneasler
|move|p1b: Electabuzz|Taunt|p2b: Ceruledge
|-start|p2b: Ceruledge|move: Taunt
|
|-weather|none
|-heal|p1b: Electabuzz|34/100|[from] Grassy Terrain
|-fieldend|move: Grassy Terrain
|upkeep
|
|t:|1756539443
|switch|p2a: Ninetales|Ninetales-Alola, L50, M|30/100
|switch|p1a: Ursaluna|Ursaluna-Bloodmoon, L50, M|100/100
|-weather|Snowscape|[from] ability: Snow Warning|[of] p2a: Ninetales
|turn|6
|inactive|BoloinaBox has 30 seconds left.
|
|t:|1756539472
|-terastallize|p2b: Ceruledge|Grass
|move|p1b: Electabuzz|Follow Me|p1b: Electabuzz
|-singleturn|p1b: Electabuzz|move: Follow Me
|move|p2a: Ninetales|Aurora Veil|p2a: Ninetales
|-sidestart|p2: BoloinaBox|move: Aurora Veil
|move|p2b: Ceruledge|Bitter Blade|p1b: Electabuzz
|-damage|p1b: Electabuzz|0 fnt
|-status|p2b: Ceruledge|par|[from] ability: Static|[of] p1b: Electabuzz
|faint|p1b: Electabuzz
|move|p1a: Ursaluna|Hyper Voice|p2a: Ninetales|[spread] p2a,p2b
|-damage|p2a: Ninetales|1/100
|-damage|p2b: Ceruledge|73/100 par
|-damage|p1a: Ursaluna|91/100|[from] item: Life Orb
|
|-weather|Snowscape|[upkeep]
|upkeep
|
|t:|1756539484
|switch|p1b: Rillaboom|Rillaboom, L50, M|100/100
|-fieldstart|move: Grassy Terrain|[from] ability: Grassy Surge|[of] p1b: Rillaboom
|turn|7
|inactive|BoloinaBox has 30 seconds left.
|
|t:|1756539511
|move|p1b: Rillaboom|Fake Out|p2b: Ceruledge
|-damage|p2b: Ceruledge|68/100 par
|move|p2a: Ninetales|Freeze-Dry|p1a: Ursaluna
|-supereffective|p1a: Ursaluna
|-damage|p1a: Ursaluna|37/100
|move|p1a: Ursaluna|Hyper Voice|p2b: Ceruledge|[spread] p2a,p2b
|-damage|p2a: Ninetales|0 fnt
|-damage|p2b: Ceruledge|42/100 par
|faint|p2a: Ninetales
|-damage|p1a: Ursaluna|27/100|[from] item: Life Orb
|cant|p2b: Ceruledge|flinch
|
|-weather|Snowscape|[upkeep]
|-heal|p1a: Ursaluna|33/100|[from] Grassy Terrain
|-heal|p2b: Ceruledge|48/100 par|[from] Grassy Terrain
|-sideend|p2: BoloinaBox|move: Tailwind
|upkeep
|turn|8
|-message|BoloinaBox forfeited.
|
|win|momoechis
|raw|momoechis's rating: 1029 → 1062(+33 for winning)
|raw|BoloinaBox's rating: 1000 → 1000(+0 for losing)
|l|☆BoloinaBox
|player|p2|
|c|☆momoechis|gg
