|j|ŌśåProfCherrySho
|j|ŌśåOatmeal1017
|html|ProfCherryShoOatmeal1017    
|uhtml|bestof|Game 2 of a best-of-3
|t:|1782257731
|gametype|doubles
|player|p1|ProfCherrySho|iris-gen5bw2|
|player|p2|Oatmeal1017|gentleman-gen4|
|gen|9
|tier|[Gen 9 Champions] VGC 2026 Reg M-B (Bo3)
|rule|Species Clause: Limit one of each Pok├®mon
|rule|Item Clause: Limit 1 of each item
|clearpoke
|poke|p1|Aggron, L50, M|
|poke|p1|Tyranitar, L50, M|
|poke|p1|Corviknight, L50, M|
|poke|p1|Garchomp, L50, F|
|poke|p1|Incineroar, L50, M, shiny|
|poke|p1|Farigiraf, L50, M|
|poke|p2|Aggron, L50, F|
|poke|p2|Grimmsnarl, L50, M|
|poke|p2|Sinistcha, L50|
|poke|p2|Milotic, L50, F|
|poke|p2|Garchomp, L50, M|
|poke|p2|Talonflame, L50, F|
|teampreview|4
|showteam|p1|Aggron||Aggronite|Sturdy|BodyPress,Protect,HeavySlam,LowKick|Relaxed||M|||50|]Tyranitar||Tyranitarite|SandStream|Earthquake,RockSlide,Protect,DragonDance|Relaxed||M|||50|]Corviknight||Leftovers|MirrorArmor|Tailwind,BraveBird,HeavySlam,BulkUp|Serious||M|||50|]Garchomp||RoseliBerry|SandVeil|DragonClaw,RockSlide,SwordsDance,Protect|Jolly||F|||50|]Incineroar||SitrusBerry|Intimidate|FlareBlitz,DarkestLariat,PartingShot,FakeOut|Adamant||M|||50|]Farigiraf||ColburBerry|ArmorTail|Psychic,HyperVoice,HelpingHand,TrickRoom|Serious||M|||50|
|showteam|p2|Aggron||Aggronite|Sturdy|Protect,IronDefense,BodyPress,HeavySlam|Sassy||F|||50|]Grimmsnarl||LightClay|Prankster|LightScreen,FakeOut,SpiritBreak,PartingShot|Relaxed||M|||50|]Sinistcha||SitrusBerry|Hospitality|MatchaGotcha,TrickRoom,RagePowder,Protect|Sassy|||||50|]Milotic||Leftovers|Competitive|RainDance,Scald,LifeDew,Protect|Relaxed||F|||50|]Garchomp||FocusSash|RoughSkin|Earthquake,RockSlide,Protect,DragonClaw|Jolly||M|||50|]Talonflame||LifeOrb|GaleWings|BraveBird,Tailwind,Protect,FlareBlitz|Jolly||F|||50|
|inactive|Battle timer is ON: inactive players will automatically lose when time's up. (requested by Oatmeal1017)
|c|ŌśåOatmeal1017|whimsicott?
|c|ŌśåOatmeal1017|but why
|inactive|Oatmeal1017 has 60 seconds left.
|
|t:|1782257769
|teamsize|p1|4
|teamsize|p2|4
|start
|switch|p1a: Tyranitar|Tyranitar, L50, M|100/100
|switch|p1b: Garchomp|Garchomp, L50, F|100/100
|switch|p2a: Milotic|Milotic, L50, F|100/100
|switch|p2b: Aggron|Aggron, L50, F|100/100
|-weather|Sandstorm|[from] ability: Sand Stream|[of] p1a: Tyranitar
|turn|1
|c|ŌśåProfCherrySho|In case of speed or for prioiryt on stat moves
|inactive|Oatmeal1017 has 30 seconds left.
|c|ŌśåOatmeal1017|i just don't think it synergizes with aggron that well
|c|ŌśåProfCherrySho|ok ill take it out
|inactive|Oatmeal1017 has 20 seconds left.
|inactive|Oatmeal1017 has 15 seconds left.
|
|t:|1782257809
|detailschange|p2b: Aggron|Aggron-Mega, L50, F
|-mega|p2b: Aggron|Aggron|Aggronite
|move|p1b: Garchomp|Protect|p1b: Garchomp
|-singleturn|p1b: Garchomp|Protect
|move|p2a: Milotic|Rain Dance|p2a: Milotic
|-weather|RainDance
|move|p1a: Tyranitar|Earthquake|p2b: Aggron|[spread] p2a,p2b
|-activate|p1b: Garchomp|move: Protect
|-supereffective|p2b: Aggron|1
|-damage|p2a: Milotic|82/100
|-damage|p2b: Aggron|83/100
|move|p2b: Aggron|Body Press|p1a: Tyranitar
|-supereffective|p1a: Tyranitar|2
|-damage|p1a: Tyranitar|7/100
|
|-weather|RainDance|[upkeep]
|-heal|p2a: Milotic|88/100|[from] item: Leftovers
|upkeep
|turn|2
|c|ŌśåOatmeal1017|i have an idea
|c|ŌśåProfCherrySho|What about Mega Aggron with Pelipper, Rotom Wash, Incineroar, Farig and Mega Dragonite
|inactive|ProfCherrySho has 30 seconds left.
|inactive|Oatmeal1017 has 30 seconds left.
|inactive|Oatmeal1017 has 20 seconds left.
|c|ŌśåOatmeal1017|i just think sinist is the best trick room support for aggron
|inactive|Oatmeal1017 has 15 seconds left.
|
|t:|1782257850
|detailschange|p1a: Tyranitar|Tyranitar-Mega, L50, M
|-mega|p1a: Tyranitar|Tyranitar|Tyranitarite
|-weather|Sandstorm|[from] ability: Sand Stream|[of] p1a: Tyranitar
|move|p1a: Tyranitar|Protect|p1a: Tyranitar
|-singleturn|p1a: Tyranitar|Protect
|move|p1b: Garchomp|Rock Slide|p2b: Aggron|[spread] p2a,p2b
|-resisted|p2b: Aggron|1
|-damage|p2a: Milotic|73/100
|-damage|p2b: Aggron|79/100
|move|p2a: Milotic|Life Dew|p2a: Milotic|[spread] p2a,p2b
|-heal|p2a: Milotic|99/100
|-heal|p2b: Aggron|100/100
|move|p2b: Aggron|Iron Defense|p2b: Aggron
|-boost|p2b: Aggron|def|2
|
|-weather|Sandstorm|[upkeep]
|-damage|p2a: Milotic|93/100|[from] Sandstorm
|-heal|p2a: Milotic|99/100|[from] item: Leftovers
|upkeep
|turn|3
|inactive|Oatmeal1017 has 30 seconds left.
|c|ŌśåOatmeal1017|you get your HP back and you get rage powder for whatever close combats you have on your way
|inactive|Oatmeal1017 has 20 seconds left.
|
|t:|1782257887
|move|p1b: Garchomp|Rock Slide|p2b: Aggron|[spread] p2a,p2b
|-resisted|p2b: Aggron|1
|-damage|p2a: Milotic|84/100
|-damage|p2b: Aggron|97/100
|cant|p2a: Milotic|flinch
|move|p1a: Tyranitar|Earthquake|p2a: Milotic|[spread] p2a,p2b
|-miss|p1a: Tyranitar|p1b: Garchomp
|-supereffective|p2b: Aggron|1
|-damage|p2a: Milotic|61/100
|-damage|p2b: Aggron|87/100
|move|p2b: Aggron|Body Press|p1b: Garchomp
|-damage|p1b: Garchomp|24/100
|
|-weather|Sandstorm|[upkeep]
|-damage|p2a: Milotic|55/100|[from] Sandstorm
|-heal|p2a: Milotic|61/100|[from] item: Leftovers
|upkeep
|turn|4
|c|ŌśåProfCherrySho|It's not for Trick Room, but I will add it to this team
|
|t:|1782257908
|move|p1b: Garchomp|Protect|p1b: Garchomp
|-singleturn|p1b: Garchomp|Protect
|move|p2a: Milotic|Life Dew|p2a: Milotic|[spread] p2a,p2b
|-heal|p2a: Milotic|86/100
|-heal|p2b: Aggron|100/100
|move|p1a: Tyranitar|Earthquake|p2b: Aggron|[spread] p2a,p2b
|-activate|p1b: Garchomp|move: Protect
|-supereffective|p2b: Aggron|1
|-damage|p2a: Milotic|64/100
|-damage|p2b: Aggron|89/100
|move|p2b: Aggron|Body Press|p1b: Garchomp
|-activate|p1b: Garchomp|move: Protect
|
|-weather|Sandstorm|[upkeep]
|-damage|p2a: Milotic|58/100|[from] Sandstorm
|-heal|p2a: Milotic|64/100|[from] item: Leftovers
|upkeep
|turn|5
|c|ŌśåOatmeal1017|you defo want trick room for mega aggron
|inactive|ProfCherrySho has 30 seconds left.
|c|ŌśåProfCherrySho|rlly?
|
|t:|1782257938
|move|p1b: Garchomp|Rock Slide|p2a: Milotic|[spread] p2a,p2b
|-resisted|p2b: Aggron|1
|-damage|p2a: Milotic|52/100
|-damage|p2b: Aggron|87/100
|move|p2a: Milotic|Life Dew|p2a: Milotic|[spread] p2a,p2b
|-heal|p2a: Milotic|77/100
|-heal|p2b: Aggron|100/100
|move|p1a: Tyranitar|Earthquake|p2a: Milotic|[spread] p1b,p2a,p2b
|-supereffective|p2b: Aggron|1
|-damage|p1b: Garchomp|0 fnt
|-damage|p2a: Milotic|54/100
|-damage|p2b: Aggron|89/100
|faint|p1b: Garchomp
|cant|p2b: Aggron|flinch
|
|-weather|Sandstorm|[upkeep]
|-damage|p2a: Milotic|49/100|[from] Sandstorm
|-heal|p2a: Milotic|54/100|[from] item: Leftovers
|upkeep
|c|ŌśåOatmeal1017|mega aggron is really slow
|c|ŌśåOatmeal1017|guess what happens when it's at +2def and can move first
|
|t:|1782257959
|switch|p1b: Aggron|Aggron, L50, M|100/100
|turn|6
|c|ŌśåOatmeal1017|additionally you also want a real special atttacker on our team
|c|ŌśåOatmeal1017|your team*
|
|t:|1782257981
|move|p2a: Milotic|Life Dew|p2a: Milotic|[spread] p2a,p2b
|-heal|p2a: Milotic|80/100
|-heal|p2b: Aggron|100/100
|move|p1a: Tyranitar|Rock Slide|p2b: Aggron|[spread] p2b
|-miss|p1a: Tyranitar|p2a: Milotic
|-resisted|p2b: Aggron|1
|-damage|p2b: Aggron|96/100
|move|p2b: Aggron|Iron Defense|p2b: Aggron
|-boost|p2b: Aggron|def|2
|move|p1b: Aggron|Low Kick|p2b: Aggron
|-supereffective|p2b: Aggron|1
|-damage|p2b: Aggron|86/100
|
|-weather|none
|-heal|p2a: Milotic|86/100|[from] item: Leftovers
|upkeep
|turn|7
|c|ŌśåOatmeal1017|yeah your whole team is literally physical attackers
|inactive|ProfCherrySho has 30 seconds left.
|inactive|Oatmeal1017 has 30 seconds left.
|c|ŌśåProfCherrySho|You have a point. Do you have discord?
|inactive|Oatmeal1017 has 20 seconds left.
|c|ŌśåOatmeal1017|quite vulnerable to intim spam
|c|ŌśåOatmeal1017|ye
|inactive|Oatmeal1017 has 15 seconds left.
|inactive|Oatmeal1017 has 10 seconds left.
|
|t:|1782258027
|move|p2a: Milotic|Scald|p1b: Aggron
|-supereffective|p1b: Aggron|1
|-damage|p1b: Aggron|22/100
|move|p1a: Tyranitar|Rock Slide|p2a: Milotic|[spread] p2a,p2b
|-resisted|p2b: Aggron|1
|-damage|p2a: Milotic|63/100
|-damage|p2b: Aggron|84/100
|move|p1b: Aggron|Low Kick|p2b: Aggron
|-supereffective|p2b: Aggron|1
|-crit|p2b: Aggron
|-damage|p2b: Aggron|46/100
|cant|p2b: Aggron|flinch
|
|-heal|p2a: Milotic|69/100|[from] item: Leftovers
|upkeep
|turn|8
|c|ŌśåOatmeal1017|1sec
|inactive|ProfCherrySho has 30 seconds left.
|c|ŌśåOatmeal1017|add oatmeal852 on discord
|
|t:|1782258061
|move|p2a: Milotic|Scald|p1a: Tyranitar
|-supereffective|p1a: Tyranitar|1
|-damage|p1a: Tyranitar|0 fnt
|faint|p1a: Tyranitar
|move|p2b: Aggron|Body Press|p1b: Aggron
|-supereffective|p1b: Aggron|2
|-damage|p1b: Aggron|0 fnt
|faint|p1b: Aggron
|
|-heal|p2a: Milotic|75/100|[from] item: Leftovers
|upkeep
|
|t:|1782258071
|switch|p1a: Incineroar|Incineroar, L50, M, shiny|100/100
|-ability|p1a: Incineroar|Intimidate|boost
|-unboost|p2a: Milotic|atk|1
|-ability|p2a: Milotic|Competitive|boost
|-boost|p2a: Milotic|spa|2
|-unboost|p2b: Aggron|atk|1
|turn|9
|
|t:|1782258083
|move|p2a: Milotic|Life Dew|p2a: Milotic|[spread] p2a,p2b
|-heal|p2a: Milotic|100/100
|-heal|p2b: Aggron|71/100
|move|p1a: Incineroar|Flare Blitz|p2b: Aggron
|-supereffective|p2b: Aggron|1
|-damage|p2b: Aggron|56/100
|-damage|p1a: Incineroar|95/100|[from] Recoil
|move|p2b: Aggron|Body Press|p1a: Incineroar
|-supereffective|p1a: Incineroar|1
|-damage|p1a: Incineroar|0 fnt
|faint|p1a: Incineroar
|
|win|Oatmeal1017
|c|ŌśåProfCherrySho|nice
|c|ŌśåOatmeal1017|gg
|c|ŌśåOatmeal1017|lets talk on discord lol
|c|ŌśåProfCherrySho|I have a  team that can handle this
|c|ŌśåProfCherrySho|whats your discord
|c|ŌśåProfCherrySho|Mine is jne.57822
|c|ŌśåOatmeal1017|says the username isn't right
|c|ŌśåOatmeal1017|try to add
|c|ŌśåOatmeal1017|oatmeal852
|c|ŌśåProfCherrySho|ok
|c|ŌśåProfCherrySho|sent
