|j|☆babayaga27
|j|☆Shahrozkhan096
|html|babayaga27Shahrozkhan096    
|uhtml|bestof|Game 1 of a best-of-3
|t:|1785951190
|gametype|doubles
|player|p1|babayaga27|101|
|player|p2|Shahrozkhan096|2|
|gen|9
|tier|[Gen 9 Champions] VGC 2026 Reg M-B (Bo3)
|rule|Species Clause: Limit one of each Pokémon
|rule|Item Clause: Limit 1 of each item
|clearpoke
|poke|p1|Delphox, L50, M, shiny|
|poke|p1|Zoroark-Hisui, L50, F, shiny|
|poke|p1|Kangaskhan, L50, F|
|poke|p1|Mamoswine, L50, F|
|poke|p1|Ninetales-Alola, L50, F, shiny|
|poke|p1|Whimsicott, L50, F, shiny|
|poke|p2|Charizard, L50, F, shiny|
|poke|p2|Tyrantrum, L50, F, shiny|
|poke|p2|Talonflame, L50, F|
|poke|p2|Sinistcha, L50|
|poke|p2|Milotic, L50, F, shiny|
|poke|p2|Machamp, L50, F|
|teampreview|4
|showteam|p1|Delphox||Delphoxite|Blaze|Psychic,NastyPlot,HeatWave,Protect|Modest||M|||50|]Zoroark-Hisui||BrightPowder|Illusion|BitterMalice,HyperVoice,Protect,DarkPulse|Modest||F|||50|]Kangaskhan||SilkScarf|Scrappy|FakeOut,LastResort|Adamant||F|||50|]Mamoswine||LifeOrb|ThickFat|IcicleCrash,Earthquake,Protect,RockSlide|Adamant||F|||50|]Ninetales-Alola||ChoiceScarf|SnowWarning|IceBeam,FreezeDry,Blizzard,Moonblast|Modest||F|||50|]Whimsicott||FocusSash|Prankster|Tailwind,DazzlingGleam,Protect,Encore|Timid||F|||50|
|showteam|p2|Charizard||CharizarditeY|Blaze|HeatWave,WeatherBall,SolarBeam,Protect|Modest||F|||50|]Tyrantrum||ChoiceScarf|RockHead|HeadSmash,RockSlide,DragonClaw,Crunch|Jolly||F|||50|]Talonflame||FocusSash|GaleWings|Tailwind,BraveBird,FlareBlitz,Protect|Adamant||F|||50|]Sinistcha||SitrusBerry|Hospitality|MatchaGotcha,RagePowder,Protect,StrengthSap|Bold|||||50|]Milotic||Leftovers|Competitive|Scald,IceBeam,Protect,Recover|Modest||F|||50|]Machamp||QuickClaw|NoGuard|DynamicPunch,Detect,BrickBreak,StoneEdge|Adamant||F|||50|
|
|t:|1785951261
|teamsize|p1|4
|teamsize|p2|4
|start
|switch|p1a: Mommy|Kangaskhan, L50, F|100/100
|switch|p1b: Whims|Whimsicott, L50, F, shiny|100/100
|switch|p2a: Talonflame|Talonflame, L50, F|100/100
|switch|p2b: Tyrantrum|Tyrantrum, L50, F, shiny|100/100
|turn|1
|
|t:|1785951283
|move|p1a: Mommy|Fake Out|p2b: Tyrantrum
|-resisted|p2b: Tyrantrum|1
|-damage|p2b: Tyrantrum|88/100
|move|p2a: Talonflame|Tailwind|p2a: Talonflame
|-sidestart|p2: Shahrozkhan096|move: Tailwind
|cant|p2b: Tyrantrum|flinch
|move|p1b: Whims|Dazzling Gleam|p2b: Tyrantrum|[spread] p2a,p2b
|-resisted|p2a: Talonflame|1
|-supereffective|p2b: Tyrantrum|1
|-crit|p2b: Tyrantrum
|-damage|p2a: Talonflame|88/100
|-damage|p2b: Tyrantrum|0 fnt
|faint|p2b: Tyrantrum
|
|upkeep
|
|t:|1785951295
|switch|p2b: Machamp|Machamp, L50, F|100/100
|turn|2
|
|t:|1785951318
|move|p1b: Whims|Encore|p2a: Talonflame
|-start|p2a: Talonflame|Encore
|move|p2a: Talonflame|Tailwind||[still]
|-fail|p2a: Talonflame
|move|p2b: Machamp|Dynamic Punch|p1a: Mommy
|-supereffective|p1a: Mommy|1
|-damage|p1a: Mommy|0 fnt
|faint|p1a: Mommy
|
|upkeep
|
|t:|1785951326
|switch|p1a: Magician|Delphox, L50, M, shiny|100/100
|turn|3
|
|t:|1785951353
|switch|p2a: Charizard|Charizard, L50, F, shiny|100/100
|detailschange|p1a: Magician|Delphox-Mega, L50, M, shiny
|-mega|p1a: Magician|Delphox|Delphoxite
|move|p1b: Whims|Dazzling Gleam|p2b: Machamp|[spread] p2a,p2b
|-resisted|p2a: Charizard|1
|-supereffective|p2b: Machamp|1
|-damage|p2a: Charizard|89/100
|-damage|p2b: Machamp|60/100
|move|p1a: Magician|Psychic|p2b: Machamp
|-supereffective|p2b: Machamp|1
|-damage|p2b: Machamp|0 fnt
|faint|p2b: Machamp
|
|upkeep
|
|t:|1785951369
|switch|p2b: Talonflame|Talonflame, L50, F|88/100
|turn|4
|
|t:|1785951390
|detailschange|p2a: Charizard|Charizard-Mega-Y, L50, F, shiny
|-mega|p2a: Charizard|Charizard|Charizardite Y
|-weather|SunnyDay|[from] ability: Drought|[of] p2a: Charizard
|move|p1b: Whims|Tailwind|p1b: Whims
|-sidestart|p1: babayaga27|move: Tailwind
|move|p1a: Magician|Psychic|p2a: Charizard
|-damage|p2a: Charizard|23/100
|move|p2b: Talonflame|Brave Bird|p1a: Magician
|-damage|p1a: Magician|21/100
|-damage|p2b: Talonflame|62/100|[from] Recoil
|move|p2a: Charizard|Weather Ball|p1a: Magician
|-resisted|p1a: Magician|1
|-damage|p1a: Magician|0 fnt
|faint|p1a: Magician
|
|-weather|SunnyDay|[upkeep]
|-sideend|p2: Shahrozkhan096|move: Tailwind
|upkeep
|
|t:|1785951406
|switch|p1a: Mamoswine|Mamoswine, L50, F|100/100
|turn|5
|
|t:|1785951421
|move|p1b: Whims|Dazzling Gleam|p2b: Talonflame|[spread] p2a,p2b
|-resisted|p2a: Charizard|1
|-resisted|p2b: Talonflame|1
|-damage|p2a: Charizard|15/100
|-damage|p2b: Talonflame|50/100g
|move|p1a: Mamoswine|Rock Slide|p2a: Charizard|[spread] p2a,p2b
|-supereffective|p2a: Charizard|2
|-supereffective|p2b: Talonflame|2
|-damage|p2a: Charizard|0 fnt
|-damage|p2b: Talonflame|0 fnt
|faint|p2a: Charizard
|faint|p2b: Talonflame
|-damage|p1a: Mamoswine|90/100|[from] item: Life Orb
|
|win|babayaga27
|inactive|babayaga27 has 30 seconds to confirm battle start!
|inactive|Shahrozkhan096 has 30 seconds to confirm battle start!
