|j|☆tortlevgc
|j|☆MaxwellBaker
|html|tortlevgcMaxwellBaker    
|uhtml|bestof|Game 1 of a best-of-3
|t:|1785269015
|gametype|doubles
|player|p1|tortlevgc|swimmerf|1135
|player|p2|MaxwellBaker|102|1120
|gen|9
|tier|[Gen 9 Champions] VGC 2026 Reg M-B (Bo3)
|rated|
|rule|Species Clause: Limit one of each Pokémon
|rule|Item Clause: Limit 1 of each item
|clearpoke
|poke|p1|Whimsicott, L50, F|
|poke|p1|Floette-Eternal, L50, F|
|poke|p1|Maushold-Four, L50|
|poke|p1|Volcarona, L50, F|
|poke|p1|Basculegion, L50, M|
|poke|p1|Garchomp, L50, M|
|poke|p2|Decidueye-Hisui, L50, M|
|poke|p2|Florges, L50, F|
|poke|p2|Raichu, L50, M|
|poke|p2|Incineroar, L50, M|
|poke|p2|Aerodactyl, L50, M|
|poke|p2|Milotic, L50, M|
|teampreview|4
|showteam|p1|Whimsicott||FocusSash|Prankster|Tailwind,FakeTears,Encore,Moonblast|Timid||F|||50|]Floette-Eternal||Floettite|FlowerVeil|DazzlingGleam,DrainingKiss,CalmMind,Protect|Modest||F|||50|]Maushold-Four||ChopleBerry|FriendGuard|SuperFang,Thief,FollowMe,Protect|Jolly|||||50|]Volcarona||SitrusBerry|FlameBody|FieryDance,GigaDrain,QuiverDance,RagePowder|Modest||F|||50|]Basculegion||ChoiceScarf|Adaptability|WaveCrash,LastRespects,FlipTurn,AquaJet|Jolly||M|||50|]Garchomp||LifeOrb|RoughSkin|RockSlide,DragonClaw,StompingTantrum,Protect|Jolly||M|||50|
|showteam|p2|Decidueye-Hisui||ScopeLens|Scrappy|TripleArrows,LeafBlade,SuckerPunch,Protect|Adamant||M|||50|]Florges||LifeOrb|FlowerVeil|Moonblast,Psychic,PollenPuff,Protect|Modest||F|||50|]Raichu||RaichuniteY|LightningRod|FakeOut,ZapCannon,FocusBlast,Protect|Timid||M|||50|]Incineroar||SitrusBerry|Intimidate|FakeOut,FlareBlitz,ThroatChop,PartingShot|Careful||M|||50|]Aerodactyl||Aerodactylite|RockHead|RockSlide,DualWingbeat,Tailwind,WideGuard|Jolly||M|||50|]Milotic||Leftovers|Competitive|Scald,IceBeam,Haze,Protect|Bold||M|||50|
|inactive|Battle timer is ON: inactive players will automatically lose when time's up. (requested by tortlevgc)
|inactive|tortlevgc has 60 seconds left.
|
|t:|1785269068
|teamsize|p1|4
|teamsize|p2|4
|start
|switch|p1a: Basculegion|Basculegion, L50, M|100/100
|switch|p1b: Whimsicott|Whimsicott, L50, F|100/100
|switch|p2a: Aerodactyl|Aerodactyl, L50, M|100/100
|switch|p2b: Florges|Florges, L50, F|100/100
|turn|1
|
|t:|1785269085
|switch|p2a: Incineroar|Incineroar, L50, M|100/100
|-ability|p2a: Incineroar|Intimidate|boost
|-unboost|p1a: Basculegion|atk|1
|-unboost|p1b: Whimsicott|atk|1
|move|p1b: Whimsicott|Tailwind|p1b: Whimsicott
|-sidestart|p1: tortlevgc|move: Tailwind
|move|p1a: Basculegion|Wave Crash|p2a: Incineroar
|-supereffective|p2a: Incineroar|1
|-damage|p2a: Incineroar|12/100
|-enditem|p2a: Incineroar|Sitrus Berry|[eat]
|-heal|p2a: Incineroar|37/100|[from] item: Sitrus Berry
|-damage|p1a: Basculegion|70/100|[from] Recoil
|move|p2b: Florges|Moonblast|p1b: Whimsicott
|-damage|p1b: Whimsicott|19/100
|-damage|p2b: Florges|90/100|[from] item: Life Orb
|
|upkeep
|turn|2
|
|t:|1785269109
|move|p2a: Incineroar|Fake Out|p1b: Whimsicott
|-damage|p1b: Whimsicott|6/100
|move|p1a: Basculegion|Wave Crash|p2a: Incineroar
|-supereffective|p2a: Incineroar|1
|-damage|p2a: Incineroar|0 fnt
|faint|p2a: Incineroar
|-damage|p1a: Basculegion|57/100|[from] Recoil
|cant|p1b: Whimsicott|flinch
|move|p2b: Florges|Moonblast|p1a: Basculegion
|-damage|p1a: Basculegion|0 fnt
|faint|p1a: Basculegion
|-damage|p2b: Florges|80/100|[from] item: Life Orb
|
|upkeep
|
|t:|1785269128
|switch|p1a: Volcarona|Volcarona, L50, F|100/100
|switch|p2a: Milotic|Milotic, L50, M|100/100
|turn|3
|
|t:|1785269146
|move|p1b: Whimsicott|Moonblast|p2b: Florges
|-damage|p2b: Florges|58/100
|move|p1a: Volcarona|Quiver Dance|p1a: Volcarona
|-boost|p1a: Volcarona|spa|1
|-boost|p1a: Volcarona|spd|1
|-boost|p1a: Volcarona|spe|1
|move|p2a: Milotic|Scald|p1a: Volcarona
|-supereffective|p1a: Volcarona|1
|-damage|p1a: Volcarona|59/100
|move|p2b: Florges|Moonblast|p1b: Whimsicott
|-damage|p1b: Whimsicott|0 fnt
|faint|p1b: Whimsicott
|-damage|p2b: Florges|48/100|[from] item: Life Orb
|
|upkeep
|
|t:|1785269158
|switch|p1b: Floette|Floette-Eternal, L50, F|100/100
|turn|4
|inactive|MaxwellBaker has 30 seconds left.
|
|t:|1785269192
|detailschange|p1b: Floette|Floette-Mega, L50, F
|-mega|p1b: Floette|Floette|Floettite
|-ability|p1b: Floette|Fairy Aura
|move|p2a: Milotic|Protect|p2a: Milotic
|-singleturn|p2a: Milotic|Protect
|move|p1a: Volcarona|Giga Drain|p2a: Milotic
|-activate|p2a: Milotic|move: Protect
|move|p1b: Floette|Dazzling Gleam|p2a: Milotic|[spread] p2b
|-activate|p2a: Milotic|move: Protect
|-damage|p2b: Florges|9/100
|move|p2b: Florges|Moonblast|p1a: Volcarona
|-resisted|p1a: Volcarona|1
|-damage|p1a: Volcarona|29/100
|-enditem|p1a: Volcarona|Sitrus Berry|[eat]
|-heal|p1a: Volcarona|54/100|[from] item: Sitrus Berry
|-damage|p2b: Florges|0 fnt|[from] item: Life Orb
|faint|p2b: Florges
|
|-sideend|p1: tortlevgc|move: Tailwind
|upkeep
|
|t:|1785269215
|switch|p2b: Aerodactyl|Aerodactyl, L50, M|100/100
|turn|5
|
|t:|1785269228
|detailschange|p2b: Aerodactyl|Aerodactyl-Mega, L50, M
|-mega|p2b: Aerodactyl|Aerodactyl|Aerodactylite
|move|p1a: Volcarona|Giga Drain|p2b: Aerodactyl
|-damage|p2b: Aerodactyl|49/100
|-heal|p1a: Volcarona|79/100|[from] drain|[of] p2b: Aerodactyl
|move|p2b: Aerodactyl|Rock Slide|p1a: Volcarona|[spread] p1a,p1b
|-supereffective|p1a: Volcarona|2
|-damage|p1a: Volcarona|0 fnt
|-damage|p1b: Floette|62/100
|faint|p1a: Volcarona
|cant|p1b: Floette|flinch
|move|p2a: Milotic|Haze|p2a: Milotic
|-clearallboost
|
|upkeep
|turn|6
|
|t:|1785269250
|move|p2b: Aerodactyl|Dual Wingbeat|p1b: Floette
|-damage|p1b: Floette|26/100
|-damage|p1b: Floette|0 fnt
|faint|p1b: Floette
|-hitcount|p1: Floette|2
|
|win|MaxwellBaker
