|j|☆x-demon18
|j|☆mankindes
|html|x-demon18mankindes    
|uhtml|bestof|Game 1 of a best-of-3
|t:|1785233343
|gametype|doubles
|player|p1|x-demon18|pokefan-gen4|1158
|player|p2|mankindes|1|1000
|gen|9
|tier|[Gen 9 Champions] VGC 2026 Reg M-B (Bo3)
|rated|
|rule|Species Clause: Limit one of each Pokémon
|rule|Item Clause: Limit 1 of each item
|clearpoke
|poke|p1|Incineroar, L50, M|
|poke|p1|Rotom-Wash, L50|
|poke|p1|Venusaur, L50, M|
|poke|p1|Corviknight, L50, F|
|poke|p1|Sylveon, L50, F|
|poke|p1|Garchomp, L50, M|
|poke|p2|Raichu, L50, M|
|poke|p2|Ninetales-Alola, L50, M|
|poke|p2|Whimsicott, L50, F|
|poke|p2|Jolteon, L50, F|
|poke|p2|Meganium, L50, F|
|poke|p2|Incineroar, L50, M|
|teampreview|4
|showteam|p1|Incineroar||ExpertBelt|Intimidate|FakeOut,TemperFlare,ThroatChop,PartingShot|Adamant||M|||50|]Rotom-Wash||RindoBerry|Levitate|HydroPump,Electroweb,WillOWisp,VoltSwitch|Modest|||||50|]Venusaur||Venusaurite|Chlorophyll|GigaDrain,SludgeBomb,EarthPower,Protect|Modest||M|||50|]Corviknight||OccaBerry|MirrorArmor|Tailwind,DualWingbeat,IronHead,BodyPress|Adamant||F|||50|]Sylveon||FairyFeather|Pixilate|HyperVoice,QuickAttack,Yawn,Detect|Modest||F|||50|]Garchomp||LifeOrb|RoughSkin|RockSlide,DragonClaw,StompingTantrum,Protect|Jolly||M|||50|
|showteam|p2|Raichu||RaichuniteX|LightningRod|PlayRough,Nuzzle,VoltTackle,FocusBlast|Hasty||M|||50|]Ninetales-Alola||LightClay|SnowWarning|Blizzard,AuroraVeil,DazzlingGleam,FreezeDry|Timid||M|||50|]Whimsicott||FocusSash|Prankster|Moonblast,Encore,Tailwind,HelpingHand|Bold||F|||50|]Jolteon||LifeOrb|QuickFeet|VoltSwitch,RisingVoltage,WeatherBall,Protect|Timid||F|||50|]Meganium||Meganiumite|LeafGuard|EarthPower,DazzlingGleam,WeatherBall,Synthesis|Timid||F|||50|]Incineroar||Leftovers|Intimidate|FakeOut,PartingShot,Protect,WillOWisp|Careful||M|||50|
|
|t:|1785233425
|teamsize|p1|4
|teamsize|p2|4
|start
|switch|p1a: Griffith|Corviknight, L50, F|100/100
|switch|p1b: Yggdrasil|Venusaur, L50, M|100/100
|switch|p2a: Ninetales|Ninetales-Alola, L50, M|100/100
|switch|p2b: Raichu|Raichu, L50, M|100/100
|-weather|Snowscape|[from] ability: Snow Warning|[of] p2a: Ninetales
|turn|1
|
|t:|1785233448
|detailschange|p2b: Raichu|Raichu-Mega-X, L50, M
|-mega|p2b: Raichu|Raichu|Raichunite X
|-fieldstart|move: Electric Terrain|[from] ability: Electric Surge|[of] p2b: Raichu
|detailschange|p1b: Yggdrasil|Venusaur-Mega, L50, M
|-mega|p1b: Yggdrasil|Venusaur|Venusaurite
|move|p2b: Raichu|Volt Tackle|p1a: Griffith
|-supereffective|p1a: Griffith|1
|-damage|p1a: Griffith|0 fnt
|faint|p1a: Griffith
|-damage|p2b: Raichu|49/100|[from] Recoil
|move|p2a: Ninetales|Blizzard|p1b: Yggdrasil
|-supereffective|p1b: Yggdrasil|1
|-damage|p1b: Yggdrasil|66/100
|-status|p1b: Yggdrasil|frz
|cant|p1b: Yggdrasil|frz
|
|-weather|Snowscape|[upkeep]
|upkeep
|
|t:|1785233467
|switch|p1a: Wolverine|Incineroar, L50, M|100/100
|-ability|p1a: Wolverine|Intimidate|boost
|-unboost|p2a: Ninetales|atk|1
|-unboost|p2b: Raichu|atk|1
|turn|2
|inactive|Battle timer is ON: inactive players will automatically lose when time's up. (requested by mankindes)
|
|t:|1785233487
|switch|p2b: Jolteon|Jolteon, L50, F|100/100
|move|p1a: Wolverine|Fake Out|p2b: Jolteon
|-damage|p2b: Jolteon|76/100
|move|p2a: Ninetales|Aurora Veil|p2a: Ninetales
|-sidestart|p2: mankindes|move: Aurora Veil
|cant|p1b: Yggdrasil|frz
|
|-weather|Snowscape|[upkeep]
|upkeep
|turn|3
|
|t:|1785233502
|move|p2b: Jolteon|Rising Voltage|p1a: Wolverine
|-hint|Rising Voltage's BP doubled on grounded target.
|-damage|p1a: Wolverine|7/100
|-damage|p2b: Jolteon|66/100|[from] item: Life Orb
|move|p2a: Ninetales|Blizzard|p1a: Wolverine|[spread] p1a,p1b
|-resisted|p1a: Wolverine|1
|-supereffective|p1b: Yggdrasil|1
|-damage|p1a: Wolverine|0 fnt
|-damage|p1b: Yggdrasil|42/100 frz
|faint|p1a: Wolverine
|-curestatus|p1b: Yggdrasil|frz|[msg]
|move|p1b: Yggdrasil|Sludge Bomb|p2a: Ninetales
|-supereffective|p2a: Ninetales|1
|-damage|p2a: Ninetales|21/100
|
|-weather|Snowscape|[upkeep]
|upkeep
|
|t:|1785233517
|switch|p1a: Berserk|Garchomp, L50, M|100/100
|turn|4
|
|t:|1785233533
|move|p2b: Jolteon|Protect|p2b: Jolteon
|-singleturn|p2b: Jolteon|Protect
|move|p2a: Ninetales|Blizzard|p1a: Berserk|[spread] p1a,p1b
|-supereffective|p1a: Berserk|2
|-supereffective|p1b: Yggdrasil|1
|-damage|p1a: Berserk|0 fnt
|-damage|p1b: Yggdrasil|15/100
|faint|p1a: Berserk
|move|p1b: Yggdrasil|Earth Power|p2b: Jolteon
|-activate|p2b: Jolteon|move: Protect
|
|-weather|Snowscape|[upkeep]
|upkeep
|turn|5
|
|t:|1785233547
|move|p2b: Jolteon|Weather Ball|p1b: Yggdrasil
|-supereffective|p1b: Yggdrasil|1
|-damage|p1b: Yggdrasil|0 fnt
|faint|p1b: Yggdrasil
|-damage|p2b: Jolteon|56/100|[from] item: Life Orb
|
|win|mankindes
