|j|☆lastduck
|j|☆einresi
|html|lastduckeinresi    
|uhtml|bestof|Game 1 of a best-of-3
|t:|1783932799
|gametype|doubles
|player|p1|lastduck|265|
|player|p2|einresi|brock|
|gen|9
|tier|[Gen 9 Champions] VGC 2026 Reg M-B (Bo3)
|rule|Species Clause: Limit one of each Pokémon
|rule|Item Clause: Limit 1 of each item
|clearpoke
|poke|p1|Simisear, L50, F|
|poke|p1|Farigiraf, L50, M|
|poke|p1|Kingambit, L50, F|
|poke|p1|Sylveon, L50, M|
|poke|p1|Camerupt, L50, M|
|poke|p1|Quaquaval, L50, M|
|poke|p2|Crabominable, L50, M|
|poke|p2|Grimmsnarl, L50, M|
|poke|p2|Zoroark-Hisui, L50, M|
|poke|p2|Meganium, L50, F|
|poke|p2|Glaceon, L50, M|
|poke|p2|Slowking-Galar, L50, M|
|teampreview|4
|showteam|p1|Simisear||MentalHerb|Blaze|FakeOut,SunnyDay,Protect,WillOWisp|Careful||F|||50|]Farigiraf||SitrusBerry|ArmorTail|Crunch,Protect,TrickRoom,Psychic|Calm||M|||50|]Kingambit||LifeOrb|SupremeOverlord|KowtowCleave,SuckerPunch,IronHead,Protect|Brave||F|||50|]Sylveon||FairyFeather|Pixilate|HyperBeam,HyperVoice,Protect,LightScreen|Bold||M|||50|]Camerupt||Cameruptite|MagmaArmor|AncientPower,EarthPower,HeatWave,Protect|Rash||M|||50|]Quaquaval||Leftovers|Moxie|BrickBreak,TripleAxel,AquaStep,Protect|Jolly||M|||50|
|showteam|p2|Crabominable||Crabominite|IronFist|DrainPunch,MachPunch,Protect,IceHammer|Brave||M|||50|]Grimmsnarl||LightClay|Prankster|LightScreen,Reflect,SpiritBreak,FakeOut|Careful||M|||50|]Zoroark-Hisui||ChoiceScarf|Illusion|ShadowBall,HyperVoice,IcyWind,BitterMalice|Timid||M|||50|]Meganium||Meganiumite|Overgrow|EarthPower,WeatherBall,SolarBeam,Protect|Modest||F|||50|]Glaceon||NeverMeltIce|SnowCloak|FreezeDry,Blizzard,IceShard,Detect|Modest||M|||50|]Slowking-Galar||MentalHerb|Regenerator|TrickRoom,AcidSpray,Imprison,ChillyReception|Serious||M|||50|
|c|☆lastduck|my bad
|inactive|Battle timer is ON: inactive players will automatically lose when time's up. (requested by einresi)
|c|☆einresi|nw
|c|☆lastduck|gl
|c|☆einresi|glhf
|inactive|einresi has 60 seconds left.
|
|t:|1783932861
|teamsize|p1|4
|teamsize|p2|4
|start
|switch|p1a: Farigiraf|Farigiraf, L50, M|100/100
|switch|p1b: Sylveon|Sylveon, L50, M|100/100
|switch|p2a: Slowking|Slowking-Galar, L50, M|100/100
|switch|p2b: Meganium|Meganium, L50, F|100/100
|turn|1
|inactive|lastduck has 30 seconds left.
|inactive|lastduck has 20 seconds left.
|
|t:|1783932899
|detailschange|p2b: Meganium|Meganium-Mega, L50, F
|-mega|p2b: Meganium|Meganium|Meganiumite
|move|p2b: Meganium|Solar Beam||[still]
|-prepare|p2b: Meganium|Solar Beam
|-activate|p2b: Meganium|ability: Mega Sol
|-anim|p2b: Meganium|Solar Beam|p1b: Sylveon
|-damage|p1b: Sylveon|48/100
|move|p1b: Sylveon|Light Screen|p1b: Sylveon
|-sidestart|p1: lastduck|move: Light Screen
|move|p1a: Farigiraf|Crunch|p2a: Slowking
|-supereffective|p2a: Slowking|1
|-damage|p2a: Slowking|73/100
|move|p2a: Slowking|Imprison|p2a: Slowking
|-start|p2a: Slowking|move: Imprison
|
|upkeep
|turn|2
|inactive|lastduck has 30 seconds left.
|inactive|einresi has 30 seconds left.
|inactive|lastduck has 20 seconds left.
|inactive|einresi has 20 seconds left.
|inactive|einresi has 15 seconds left.
|inactive|einresi has 10 seconds left.
|
|t:|1783932946
|switch|p1a: Kingambit|Kingambit, L50, F|100/100
|move|p1b: Sylveon|Protect|p1b: Sylveon
|-singleturn|p1b: Sylveon|Protect
|move|p2b: Meganium|Solar Beam||[still]
|-prepare|p2b: Meganium|Solar Beam
|-activate|p2b: Meganium|ability: Mega Sol
|-anim|p2b: Meganium|Solar Beam|p1a: Kingambit
|-resisted|p1a: Kingambit|1
|-damage|p1a: Kingambit|74/100
|move|p2a: Slowking|Acid Spray|p1b: Sylveon
|-activate|p1b: Sylveon|move: Protect
|
|upkeep
|turn|3
|
|t:|1783932968
|switch|p1b: Farigiraf|Farigiraf, L50, M|100/100
|move|p2b: Meganium|Weather Ball|p1a: Kingambit
|-supereffective|p1a: Kingambit|1
|-damage|p1a: Kingambit|0 fnt
|faint|p1a: Kingambit
|-end|p1a: Kingambit|fallenundefined|[silent]
|-prepare|p2a: Slowking|Chilly Reception|[premajor]
|move|p2a: Slowking|Chilly Reception|p2a: Slowking
|-weather|Snowscape
|
|t:|1783932982
|-heal|p2a: Slowking|100/100|[from] ability: Regenerator|[silent]
|switch|p2a: Grimmsnarl|Grimmsnarl, L50, M|100/100|[from] Chilly Reception
|
|-weather|Snowscape|[upkeep]
|upkeep
|
|t:|1783932988
|switch|p1a: Camerupt|Camerupt, L50, M|100/100
|turn|4
|
|t:|1783933006
|detailschange|p1a: Camerupt|Camerupt-Mega, L50, M
|-mega|p1a: Camerupt|Camerupt|Cameruptite
|move|p2a: Grimmsnarl|Light Screen|p2a: Grimmsnarl
|-sidestart|p2: einresi|move: Light Screen
|move|p2b: Meganium|Earth Power|p1a: Camerupt
|-supereffective|p1a: Camerupt|1
|-damage|p1a: Camerupt|45/100
|move|p1a: Camerupt|Heat Wave|p2b: Meganium|[spread] p2a,p2b
|-supereffective|p2b: Meganium|1
|-damage|p2a: Grimmsnarl|63/100
|-damage|p2b: Meganium|37/100
|move|p1b: Farigiraf|Trick Room|p1b: Farigiraf
|-fieldstart|move: Trick Room|[of] p1b: Farigiraf
|
|-weather|Snowscape|[upkeep]
|upkeep
|turn|5
|
|t:|1783933031
|move|p2b: Meganium|Protect|p2b: Meganium
|-singleturn|p2b: Meganium|Protect
|move|p1a: Camerupt|Heat Wave|p2a: Grimmsnarl|[spread] p2a
|-activate|p2b: Meganium|move: Protect
|-damage|p2a: Grimmsnarl|31/100
|move|p2a: Grimmsnarl|Spirit Break|p1a: Camerupt
|-resisted|p1a: Camerupt|1
|-damage|p1a: Camerupt|29/100
|-unboost|p1a: Camerupt|spa|1
|move|p1b: Farigiraf|Psychic|p2a: Grimmsnarl
|-immune|p2a: Grimmsnarl
|
|-weather|Snowscape|[upkeep]
|-sideend|p1: lastduck|move: Light Screen
|upkeep
|turn|6
|inactive|lastduck has 30 seconds left.
|
|t:|1783933063
|switch|p2b: Slowking|Slowking-Galar, L50, M|100/100
|move|p1a: Camerupt|Heat Wave|p2b: Slowking|[spread] p2a,p2b
|-damage|p2a: Grimmsnarl|10/100
|-damage|p2b: Slowking|79/100
|move|p1b: Farigiraf|Crunch|p2a: Grimmsnarl
|-resisted|p2a: Grimmsnarl|2
|-damage|p2a: Grimmsnarl|6/100
|move|p2a: Grimmsnarl|Spirit Break|p1a: Camerupt
|-resisted|p1a: Camerupt|1
|-damage|p1a: Camerupt|14/100
|-unboost|p1a: Camerupt|spa|1
|
|-weather|Snowscape|[upkeep]
|upkeep
|turn|7
|inactive|lastduck has 30 seconds left.
|inactive|einresi has 30 seconds left.
|
|t:|1783933092
|switch|p1a: Sylveon|Sylveon, L50, M|48/100
|move|p2b: Slowking|Acid Spray|p1a: Sylveon
|-supereffective|p1a: Sylveon|1
|-damage|p1a: Sylveon|26/100
|-unboost|p1a: Sylveon|spd|2
|move|p1b: Farigiraf|Crunch|p2b: Slowking
|-supereffective|p2b: Slowking|1
|-damage|p2b: Slowking|53/100
|-unboost|p2b: Slowking|def|1
|move|p2a: Grimmsnarl|Spirit Break|p1b: Farigiraf
|-damage|p1b: Farigiraf|73/100
|-unboost|p1b: Farigiraf|spa|1
|
|-weather|none
|upkeep
|turn|8
|inactive|lastduck has 30 seconds left.
|
|t:|1783933121
|move|p2b: Slowking|Acid Spray|p1a: Sylveon
|-supereffective|p1a: Sylveon|1
|-damage|p1a: Sylveon|0 fnt
|faint|p1a: Sylveon
|move|p2a: Grimmsnarl|Spirit Break|p1b: Farigiraf
|-damage|p1b: Farigiraf|47/100
|-unboost|p1b: Farigiraf|spa|1
|-enditem|p1b: Farigiraf|Sitrus Berry|[eat]
|-heal|p1b: Farigiraf|72/100|[from] item: Sitrus Berry
|move|p1b: Farigiraf|Crunch|p2b: Slowking
|-supereffective|p2b: Slowking|1
|-damage|p2b: Slowking|17/100
|
|-fieldend|move: Trick Room
|upkeep
|
|t:|1783933133
|switch|p1a: Camerupt|Camerupt-Mega, L50, M|14/100
|turn|9
|
|t:|1783933142
|move|p1a: Camerupt|Protect|p1a: Camerupt
|-singleturn|p1a: Camerupt|Protect
|move|p2a: Grimmsnarl|Reflect|p2a: Grimmsnarl
|-sidestart|p2: einresi|Reflect
|move|p1b: Farigiraf|Crunch|p2b: Slowking
|-supereffective|p2b: Slowking|1
|-damage|p2b: Slowking|0 fnt
|faint|p2b: Slowking
|
|upkeep
|
|t:|1783933152
|switch|p2b: Meganium|Meganium-Mega, L50, F|37/100
|turn|10
|
|t:|1783933164
|move|p2b: Meganium|Protect|p2b: Meganium
|-singleturn|p2b: Meganium|Protect
|move|p1b: Farigiraf|Psychic|p2b: Meganium
|-activate|p2b: Meganium|move: Protect
|move|p2a: Grimmsnarl|Spirit Break|p1b: Farigiraf
|-damage|p1b: Farigiraf|48/100
|-unboost|p1b: Farigiraf|spa|1
|move|p1a: Camerupt|Heat Wave|p2b: Meganium|[spread] p2a
|-activate|p2b: Meganium|move: Protect
|-damage|p2a: Grimmsnarl|0 fnt
|faint|p2a: Grimmsnarl
|
|upkeep
|
|t:|1783933176
|switch|p2a: Glaceon|Glaceon, L50, M|100/100
|turn|11
|
|t:|1783933185
|move|p1a: Camerupt|Protect|p1a: Camerupt
|-singleturn|p1a: Camerupt|Protect
|move|p2b: Meganium|Earth Power|p1a: Camerupt
|-activate|p1a: Camerupt|move: Protect
|move|p2a: Glaceon|Freeze-Dry|p1b: Farigiraf
|-damage|p1b: Farigiraf|6/100
|move|p1b: Farigiraf|Trick Room|p1b: Farigiraf
|-fieldstart|move: Trick Room|[of] p1b: Farigiraf
|
|-sideend|p2: einresi|move: Light Screen
|upkeep
|turn|12
|
|t:|1783933199
|move|p2a: Glaceon|Ice Shard||[still]
|cant|p1b: Farigiraf|ability: Armor Tail|Ice Shard|[of] p2a: Glaceon
|move|p1a: Camerupt|Heat Wave|p2b: Meganium|[spread] p2a,p2b
|-supereffective|p2a: Glaceon|1
|-supereffective|p2b: Meganium|1
|-damage|p2a: Glaceon|0 fnt
|-damage|p2b: Meganium|0 fnt
|faint|p2a: Glaceon
|faint|p2b: Meganium
|
|win|lastduck
||einresi is ready for game 2.
||lastduck is ready for game 2.
|uhtml|next|Next: Game 2 of 3
