|j|☆Zacharykeith
|j|☆NemoAK
|html|ZacharykeithNemoAK    
|uhtml|bestof|Game 1 of a best-of-3
|t:|1757083213
|gametype|doubles
|player|p1|Zacharykeith|fisherman-gen4|1128
|player|p2|NemoAK|101|1135
|gen|9
|tier|[Gen 9] VGC 2025 Reg H (Bo3)
|rated|
|rule|Species Clause: Limit one of each Pokémon
|rule|Item Clause: Limit 1 of each item
|clearpoke
|poke|p1|Ursaluna, L50, M|
|poke|p1|Porygon2, L50|
|poke|p1|Incineroar, L50, F|
|poke|p1|Amoonguss, L50, F|
|poke|p1|Gholdengo, L50|
|poke|p1|Tyranitar, L50, F|
|poke|p2|Armarouge, L50, M|
|poke|p2|Garchomp, L50, M|
|poke|p2|Indeedee-F, L50, F|
|poke|p2|Murkrow, L50, M|
|poke|p2|Kingdra, L50, M|
|poke|p2|Torkoal, L50, M|
|teampreview|4
|showteam|p1|Ursaluna||FlameOrb|Guts|Facade,HeadlongRush,Earthquake,Protect|||M|||50|,,,,,Ghost]Porygon2||Eviolite|Download|TeraBlast,IceBeam,TrickRoom,Recover||||||50|,,,,,Fighting]Incineroar||SafetyGoggles|Intimidate|FakeOut,PartingShot,KnockOff,FlareBlitz|||F|||50|,,,,,Ghost]Amoonguss||SitrusBerry|Regenerator|Spore,RagePowder,ClearSmog,Protect|||F|||50|,,,,,Water]Gholdengo||LifeOrb|GoodasGold|MakeItRain,ShadowBall,NastyPlot,Protect||||||50|,,,,,Water]Tyranitar||AssaultVest|SandStream|RockSlide,KnockOff,TeraBlast,LowKick|||F|||50|,,,,,Flying
|showteam|p2|Armarouge||PowerHerb|FlashFire|ExpandingForce,ArmorCannon,MeteorBeam,TrickRoom|||M|||50|,,,,,Bug]Garchomp||LifeOrb|RoughSkin|BreakingSwipe,Protect,StompingTantrum,Earthquake|||M|||50|,,,,,Fairy]Indeedee-F||SafetyGoggles|PsychicSurge|Psychic,TrickRoom,HelpingHand,FollowMe|||F|||50|,,,,,Fairy]Murkrow||Eviolite|Prankster|FoulPlay,RainDance,Haze,Tailwind|||M|||50|,,,,,Ghost]Kingdra||MysticWater|SwiftSwim|WeatherBall,DracoMeteor,MuddyWater,Protect|||M|||50|,,,,,Water]Torkoal||Charcoal|Drought|Eruption,HeatWave,EarthPower,Protect|||M|||50|,,,,,Fire
|inactive|Battle timer is ON: inactive players will automatically lose when time's up. (requested by NemoAK)
|
|t:|1757083236
|teamsize|p1|4
|teamsize|p2|4
|start
|switch|p1a: Fire Kitty|Incineroar, L50, F|100/100
|switch|p1b: Big dino|Tyranitar, L50, F|100/100
|switch|p2a: Indeedee|Indeedee-F, L50, F|100/100
|switch|p2b: Armarouge|Armarouge, L50, M|100/100
|-ability|p1a: Fire Kitty|Intimidate|boost
|-unboost|p2a: Indeedee|atk|1
|-unboost|p2b: Armarouge|atk|1
|-fieldstart|move: Psychic Terrain|[from] ability: Psychic Surge|[of] p2a: Indeedee
|-weather|Sandstorm|[from] ability: Sand Stream|[of] p1b: Big dino
|turn|1
|inactive|NemoAK has 30 seconds left.
|
|t:|1757083264
|switch|p1a: Ducky|Porygon2, L50|100/100
|-ability|p1a: Ducky|Download|boost
|-boost|p1a: Ducky|atk|1
|switch|p2b: Garchomp|Garchomp, L50, M|100/100
|move|p2a: Indeedee|Follow Me|p2a: Indeedee
|-singleturn|p2a: Indeedee|move: Follow Me
|move|p1b: Big dino|Rock Slide|p2a: Indeedee|[spread] p2a,p2b
|-resisted|p2b: Garchomp
|-damage|p2a: Indeedee|68/100
|-damage|p2b: Garchomp|83/100
|
|-weather|Sandstorm|[upkeep]
|-damage|p1a: Ducky|94/100|[from] Sandstorm
|upkeep
|turn|2
|
|t:|1757083282
|-terastallize|p2b: Garchomp|Fairy
|-terastallize|p1b: Big dino|Flying
|move|p2a: Indeedee|Helping Hand|p2b: Garchomp
|-singleturn|p2b: Garchomp|Helping Hand|[of] p2a: Indeedee
|move|p2b: Garchomp|Stomping Tantrum|p1a: Ducky
|-damage|p1a: Ducky|49/100
|-damage|p2b: Garchomp|73/100|[from] item: Life Orb
|move|p1b: Big dino|Knock Off|p2a: Indeedee
|-supereffective|p2a: Indeedee
|-damage|p2a: Indeedee|0 fnt
|-enditem|p2a: Indeedee|Safety Goggles|[from] move: Knock Off|[of] p1b: Big dino
|faint|p2a: Indeedee
|move|p1a: Ducky|Trick Room|p1a: Ducky
|-fieldstart|move: Trick Room|[of] p1a: Ducky
|
|-weather|Sandstorm|[upkeep]
|-damage|p1a: Ducky|43/100|[from] Sandstorm
|-damage|p1b: Big dino|95/100|[from] Sandstorm
|-damage|p2b: Garchomp|67/100|[from] Sandstorm
|upkeep
|inactive|NemoAK has 30 seconds left.
|
|t:|1757083312
|switch|p2a: Torkoal|Torkoal, L50, M|100/100
|-weather|SunnyDay|[from] ability: Drought|[of] p2a: Torkoal
|turn|3
|
|t:|1757083326
|switch|p1a: Fire Kitty|Incineroar, L50, F|100/100
|-ability|p1a: Fire Kitty|Intimidate|boost
|-unboost|p2a: Torkoal|atk|1
|-unboost|p2b: Garchomp|atk|1
|move|p2a: Torkoal|Eruption|p1a: Fire Kitty|[spread] p1a,p1b
|-resisted|p1a: Fire Kitty
|-damage|p1a: Fire Kitty|60/100
|-damage|p1b: Big dino|43/100
|move|p1b: Big dino|Rock Slide|p2a: Torkoal|[spread] p2a,p2b
|-supereffective|p2a: Torkoal
|-damage|p2a: Torkoal|41/100
|-damage|p2b: Garchomp|37/100
|cant|p2b: Garchomp|flinch
|
|-weather|SunnyDay|[upkeep]
|upkeep
|turn|4
|inactive|Zacharykeith has 30 seconds left.
|inactive|Zacharykeith has 20 seconds left.
|inactive|Zacharykeith has 15 seconds left.
|
|t:|1757083367
|switch|p2b: Armarouge|Armarouge, L50, M|100/100
|move|p2a: Torkoal|Heat Wave|p1a: Fire Kitty|[spread] p1a,p1b
|-resisted|p1a: Fire Kitty
|-damage|p1a: Fire Kitty|34/100
|-damage|p1b: Big dino|9/100
|move|p1b: Big dino|Tera Blast|p2a: Torkoal|[anim] Tera Blast Flying
|-damage|p2a: Torkoal|0 fnt
|faint|p2a: Torkoal
|move|p1a: Fire Kitty|Flare Blitz|p2b: Armarouge
|-start|p2b: Armarouge|ability: Flash Fire
|
|-weather|SunnyDay|[upkeep]
|upkeep
|
|t:|1757083381
|switch|p2a: Garchomp|Garchomp, L50, M, tera:Fairy|37/100
|turn|5
|
|t:|1757083389
|move|p2b: Armarouge|Meteor Beam||[still]
|-prepare|p2b: Armarouge|Meteor Beam
|-boost|p2b: Armarouge|spa|1
|-enditem|p2b: Armarouge|Power Herb
|-anim|p2b: Armarouge|Meteor Beam|p1b: Big dino
|-supereffective|p1b: Big dino
|-damage|p1b: Big dino|0 fnt
|faint|p1b: Big dino
|move|p1a: Fire Kitty|Flare Blitz|p2a: Garchomp
|-damage|p2a: Garchomp|0 fnt
|-damage|p1a: Fire Kitty|22/100|[from] ability: Rough Skin|[of] p2a: Garchomp
|faint|p2a: Garchomp
|-damage|p1a: Fire Kitty|11/100|[from] Recoil
|
|-weather|SunnyDay|[upkeep]
|-fieldend|move: Psychic Terrain
|upkeep
|
|t:|1757083404
|switch|p1b: String Cheese|Gholdengo, L50|100/100
|turn|6
|
|t:|1757083413
|move|p1b: String Cheese|Protect|p1b: String Cheese
|-singleturn|p1b: String Cheese|Protect
|move|p2b: Armarouge|Armor Cannon|p1a: Fire Kitty
|-resisted|p1a: Fire Kitty
|-damage|p1a: Fire Kitty|0 fnt
|-unboost|p2b: Armarouge|def|1
|-unboost|p2b: Armarouge|spd|1
|faint|p1a: Fire Kitty
|
|-weather|SunnyDay|[upkeep]
|-fieldend|move: Trick Room
|upkeep
|
|t:|1757083421
|switch|p1a: Ducky|Porygon2, L50|43/100
|-ability|p1a: Ducky|Download|boost
|-boost|p1a: Ducky|spa|1
|turn|7
|
|t:|1757083431
|move|p1b: String Cheese|Shadow Ball|p2b: Armarouge
|-supereffective|p2b: Armarouge
|-damage|p2b: Armarouge|0 fnt
|faint|p2b: Armarouge
|-damage|p1b: String Cheese|91/100|[from] item: Life Orb
|
|win|Zacharykeith
