|j|☆bearlover997
|j|☆SuprEpcGuy
|html|bearlover997SuprEpcGuy    
|uhtml|bestof|Game 2 of a best-of-3
|t:|1784952824
|gametype|doubles
|player|p1|bearlover997|sage|1065
|player|p2|SuprEpcGuy|shauntal|1201
|gen|9
|tier|[Gen 9 Champions] VGC 2026 Reg M-B (Bo3)
|rated|
|rule|Species Clause: Limit one of each Pokémon
|rule|Item Clause: Limit 1 of each item
|clearpoke
|poke|p1|Dragalge, L50, M, shiny|
|poke|p1|Sinistcha, L50|
|poke|p1|Incineroar, L50, M|
|poke|p1|Grimmsnarl, L50, M|
|poke|p1|Lopunny, L50, F|
|poke|p1|Volcarona, L50, F|
|poke|p2|Zoroark-Hisui, L50, F|
|poke|p2|Torkoal, L50, F|
|poke|p2|Farigiraf, L50, M|
|poke|p2|Floette-Eternal, L50, F|
|poke|p2|Aerodactyl, L50, M|
|poke|p2|Incineroar, L50, F|
|teampreview|4
|showteam|p1|Dragalge||Dragalgite|PoisonPoint|DracoMeteor,SludgeBomb,FlipTurn,Toxic|Calm||M|||50|]Sinistcha||ColburBerry|Hospitality|MatchaGotcha,StrengthSap,RagePowder,Protect|Bold|||||50|]Incineroar||SitrusBerry|Intimidate|FakeOut,PartingShot,WillOWisp,FlareBlitz|Adamant||M|||50|]Grimmsnarl||LightClay|Prankster|LightScreen,Reflect,PartingShot,SpiritBreak|Careful||M|||50|]Lopunny||Lopunnite|Limber|CloseCombat,Encore,FakeOut,Uturn|Jolly||F|||50|]Volcarona||Leftovers|FlameBody|QuiverDance,FieryDance,BugBuzz,Protect|Modest||F|||50|
|showteam|p2|Zoroark-Hisui||ChoiceScarf|Illusion|IcyWind,BitterMalice,HyperVoice,Taunt|Timid||F|||50|]Torkoal||Charcoal|Drought|Eruption,WeatherBall,EarthPower,Protect|Quiet||F|||50|]Farigiraf||ColburBerry|ArmorTail|Psychic,HyperVoice,TrickRoom,HelpingHand|Quiet||M|||50|]Floette-Eternal||Floettite|FlowerVeil|Moonblast,DazzlingGleam,LightofRuin,Protect|Timid||F|||50|]Aerodactyl||LifeOrb|Unnerve|RockSlide,IceFang,DualWingbeat,Protect|Jolly||M|||50|]Incineroar||SitrusBerry|Intimidate|FakeOut,DarkestLariat,FlareBlitz,PartingShot|Adamant||F|||50|
|inactive|Battle timer is ON: inactive players will automatically lose when time's up. (requested by SuprEpcGuy)
|inactive|bearlover997 also wants the timer to be on.
|inactive|bearlover997 has 60 seconds left.
|inactive|SuprEpcGuy has 60 seconds left.
|
|t:|1784952859
|teamsize|p1|4
|teamsize|p2|4
|start
|switch|p1a: Volcarona|Volcarona, L50, F|100/100
|switch|p1b: Lopunny|Lopunny, L50, F|100/100
|switch|p2a: Racecar|Farigiraf, L50, M|100/100
|switch|p2b: Big Purr|Incineroar, L50, F|100/100
|-ability|p2b: Big Purr|Intimidate|boost
|-unboost|p1a: Volcarona|atk|1
|-unboost|p1b: Lopunny|atk|1
|turn|1
|
|t:|1784952881
|switch|p1b: Incineroar|Incineroar, L50, M|100/100
|-ability|p1b: Incineroar|Intimidate|boost
|-unboost|p2a: Racecar|atk|1
|-unboost|p2b: Big Purr|atk|1
|move|p1a: Volcarona|Quiver Dance|p1a: Volcarona
|-boost|p1a: Volcarona|spa|1
|-boost|p1a: Volcarona|spd|1
|-boost|p1a: Volcarona|spe|1
|move|p2b: Big Purr|Parting Shot|p1a: Volcarona
|-unboost|p1a: Volcarona|atk|1
|-unboost|p1a: Volcarona|spa|1
|
|t:|1784952890
|switch|p2b: Mortar|Torkoal, L50, F|100/100|[from] Parting Shot
|-weather|SunnyDay|[from] ability: Drought|[of] p2b: Mortar
|move|p2a: Racecar|Trick Room|p2a: Racecar
|-fieldstart|move: Trick Room|[of] p2a: Racecar
|
|-weather|SunnyDay|[upkeep]
|upkeep
|turn|2
|
|t:|1784952915
|move|p2a: Racecar|Helping Hand|p2b: Mortar
|-singleturn|p2b: Mortar|Helping Hand|[of] p2a: Racecar
|move|p1a: Volcarona|Protect|p1a: Volcarona
|-singleturn|p1a: Volcarona|Protect
|move|p2b: Mortar|Eruption|p1b: Incineroar|[spread] p1b
|-activate|p1a: Volcarona|move: Protect
|-resisted|p1b: Incineroar|1
|-damage|p1b: Incineroar|52/100
|move|p1b: Incineroar|Flare Blitz|p2b: Mortar
|-resisted|p2b: Mortar|1
|-damage|p2b: Mortar|71/100
|-damage|p1b: Incineroar|44/100|[from] Recoil
|-enditem|p1b: Incineroar|Sitrus Berry|[eat]
|-heal|p1b: Incineroar|69/100|[from] item: Sitrus Berry
|
|-weather|SunnyDay|[upkeep]
|upkeep
|turn|3
|
|t:|1784952935
|move|p2b: Mortar|Eruption|p1b: Incineroar|[spread] p1a,p1b
|-resisted|p1b: Incineroar|1
|-damage|p1a: Volcarona|56/100
|-damage|p1b: Incineroar|48/100
|move|p2a: Racecar|Hyper Voice|p1a: Volcarona|[spread] p1a,p1b
|-damage|p1a: Volcarona|35/100
|-damage|p1b: Incineroar|28/100
|move|p1b: Incineroar|Flare Blitz|p2b: Mortar
|-resisted|p2b: Mortar|1
|-damage|p2b: Mortar|40/100
|-damage|p1b: Incineroar|19/100|[from] Recoil
|move|p1a: Volcarona|Fiery Dance|p2b: Mortar
|-resisted|p2b: Mortar|1
|-damage|p2b: Mortar|0 fnt
|-boost|p1a: Volcarona|spa|1
|faint|p2b: Mortar
|
|-weather|SunnyDay|[upkeep]
|-heal|p1a: Volcarona|41/100|[from] item: Leftovers
|upkeep
|
|t:|1784952943
|switch|p2b: Big Purr|Incineroar, L50, F|100/100
|-ability|p2b: Big Purr|Intimidate|boost
|-unboost|p1a: Volcarona|atk|1
|-unboost|p1b: Incineroar|atk|1
|turn|4
|
|t:|1784952960
|move|p1a: Volcarona|Protect|p1a: Volcarona
|-singleturn|p1a: Volcarona|Protect
|move|p2a: Racecar|Hyper Voice|p1b: Incineroar|[spread] p1b
|-activate|p1a: Volcarona|move: Protect
|-damage|p1b: Incineroar|0 fnt
|faint|p1b: Incineroar
|move|p2b: Big Purr|Darkest Lariat|p1a: Volcarona
|-activate|p1a: Volcarona|move: Protect
|
|-weather|SunnyDay|[upkeep]
|-heal|p1a: Volcarona|47/100|[from] item: Leftovers
|upkeep
|
|t:|1784952972
|switch|p1b: Grimmsnarl|Grimmsnarl, L50, M|100/100
|turn|5
|
|t:|1784952982
|move|p1b: Grimmsnarl|Reflect|p1b: Grimmsnarl
|-sidestart|p1: bearlover997|Reflect
|move|p2a: Racecar|Hyper Voice|p1b: Grimmsnarl|[spread] p1a,p1b
|-damage|p1a: Volcarona|29/100
|-damage|p1b: Grimmsnarl|77/100
|move|p2b: Big Purr|Parting Shot|p1a: Volcarona
|-unboost|p1a: Volcarona|atk|1
|-unboost|p1a: Volcarona|spa|1
|
|t:|1784952989
|switch|p2b: Floette|Floette-Eternal, L50, F|100/100|[from] Parting Shot
|move|p1a: Volcarona|Bug Buzz|p2a: Racecar
|-supereffective|p2a: Racecar|1
|-damage|p2a: Racecar|15/100
|
|-weather|none
|-heal|p1a: Volcarona|35/100|[from] item: Leftovers
|-fieldend|move: Trick Room
|upkeep
|turn|6
|
|t:|1784953005
|detailschange|p2b: Floette|Floette-Mega, L50, F
|-mega|p2b: Floette|Floette|Floettite
|-ability|p2b: Floette|Fairy Aura
|move|p1a: Volcarona|Fiery Dance|p2b: Floette
|-damage|p2b: Floette|61/100
|move|p2b: Floette|Dazzling Gleam|p1a: Volcarona|[spread] p1a,p1b
|-resisted|p1a: Volcarona|1
|-supereffective|p1b: Grimmsnarl|1
|-damage|p1a: Volcarona|19/100
|-damage|p1b: Grimmsnarl|3/100
|move|p1b: Grimmsnarl|Spirit Break|p2a: Racecar
|-damage|p2a: Racecar|0 fnt
|faint|p2a: Racecar
|
|-heal|p1a: Volcarona|26/100|[from] item: Leftovers
|upkeep
|
|t:|1784953017
|switch|p2a: Big Purr|Incineroar, L50, F|100/100
|-ability|p2a: Big Purr|Intimidate|boost
|-unboost|p1a: Volcarona|atk|1
|-unboost|p1b: Grimmsnarl|atk|1
|turn|7
|
|t:|1784953033
|move|p1a: Volcarona|Protect|p1a: Volcarona
|-singleturn|p1a: Volcarona|Protect
|move|p2a: Big Purr|Fake Out|p1b: Grimmsnarl
|-damage|p1b: Grimmsnarl|0 fnt
|faint|p1b: Grimmsnarl
|move|p2b: Floette|Dazzling Gleam|p1a: Volcarona
|-activate|p1a: Volcarona|move: Protect
|
|-heal|p1a: Volcarona|32/100|[from] item: Leftovers
|upkeep
|
|t:|1784953041
|switch|p1b: Lopunny|Lopunny, L50, F|100/100
|turn|8
|
|t:|1784953054
|detailschange|p1b: Lopunny|Lopunny-Mega, L50, F
|-mega|p1b: Lopunny|Lopunny|Lopunnite
|move|p2b: Floette|Protect|p2b: Floette
|-singleturn|p2b: Floette|Protect
|move|p1b: Lopunny|Fake Out|p2b: Floette
|-activate|p2b: Floette|move: Protect
|move|p1a: Volcarona|Fiery Dance|p2b: Floette
|-activate|p2b: Floette|move: Protect
|move|p2a: Big Purr|Parting Shot|p1b: Lopunny
|-unboost|p1b: Lopunny|atk|1
|-unboost|p1b: Lopunny|spa|1
|
|-heal|p1a: Volcarona|38/100|[from] item: Leftovers
|upkeep
|turn|9
|inactive|SuprEpcGuy has 30 seconds left.
|inactive|SuprEpcGuy has 20 seconds left.
|inactive|SuprEpcGuy has 15 seconds left.
|inactive|SuprEpcGuy has 10 seconds left.
|
|t:|1784953100
|move|p1a: Volcarona|Fiery Dance|p2b: Floette
|-damage|p2b: Floette|21/100
|move|p1b: Lopunny|Close Combat|p2a: Big Purr
|-supereffective|p2a: Big Purr|1
|-damage|p2a: Big Purr|13/100
|-unboost|p1b: Lopunny|def|1
|-unboost|p1b: Lopunny|spd|1
|-enditem|p2a: Big Purr|Sitrus Berry|[eat]
|-heal|p2a: Big Purr|38/100|[from] item: Sitrus Berry
|move|p2b: Floette|Moonblast|p1b: Lopunny
|-supereffective|p1b: Lopunny|1
|-damage|p1b: Lopunny|0 fnt
|faint|p1b: Lopunny
|move|p2a: Big Purr|Flare Blitz|p1a: Volcarona
|-damage|p1a: Volcarona|0 fnt
|faint|p1a: Volcarona
|-damage|p2a: Big Purr|28/100|[from] Recoil
|
|win|SuprEpcGuy
