|j|☆mylittlecuties<3
|j|☆coo1kid
|html|mylittlecuties<3coo1kid    
|uhtml|bestof|Game 3 of a best-of-3
|t:|1785182174
|gametype|doubles
|player|p1|mylittlecuties<3|dawn-gen4pt|1180
|player|p2|coo1kid|hilbert-wonderlauncher|1297
|gen|9
|tier|[Gen 9 Champions] VGC 2026 Reg M-B (Bo3)
|rated|
|rule|Species Clause: Limit one of each Pokémon
|rule|Item Clause: Limit 1 of each item
|clearpoke
|poke|p1|Malamar, L50, M|
|poke|p1|Mawile, L50, M|
|poke|p1|Incineroar, L50, F|
|poke|p1|Whimsicott, L50, F|
|poke|p1|Maushold-Four, L50|
|poke|p1|Sinistcha, L50|
|poke|p2|Whimsicott, L50, F|
|poke|p2|Charizard, L50, M|
|poke|p2|Kingambit, L50, M|
|poke|p2|Basculegion, L50, M|
|poke|p2|Floette-Eternal, L50, F|
|poke|p2|Toxapex, L50, F|
|teampreview|4
|showteam|p1|Malamar||Malamarite|Contrary|Superpower,KnockOff,Protect,TrickRoom|Adamant||M|||50|]Mawile||Mawilite|HyperCutter|PlayRough,RockSlide,SuckerPunch,Protect|Brave||M|||50|]Incineroar||LifeOrb|Intimidate|FlareBlitz,DarkestLariat,PartingShot,FakeOut|Brave||F|||50|]Whimsicott||FocusSash|Prankster|Moonblast,Tailwind,Charm,FakeTears|Modest||F|||50|]Maushold-Four||WideLens|Technician|PopulationBomb,Feint,FollowMe,Protect|Jolly|||||50|]Sinistcha||ColburBerry|Hospitality|MatchaGotcha,LifeDew,RagePowder,Protect|Calm|||||50|
|showteam|p2|Whimsicott||FairyFeather|Prankster|Moonblast,Tailwind,Encore,Protect|Timid||F|||50|]Charizard||CharizarditeY|SolarPower|HeatWave,WeatherBall,AncientPower,Protect|Modest||M|||50|]Kingambit||FocusSash|Defiant|KowtowCleave,IronHead,SuckerPunch,LowKick|Adamant||M|||50|]Basculegion||ChoiceScarf|Adaptability|WaveCrash,FlipTurn,LastRespects,AquaJet|Jolly||M|||50|]Floette-Eternal||Floettite|FlowerVeil|LightofRuin,Moonblast,DazzlingGleam,Protect|Timid||F|||50|]Toxapex||Leftovers|Regenerator|Infestation,Toxic,BanefulBunker,WideGuard|Bold||F|||50|
|inactive|Battle timer is ON: inactive players will automatically lose when time's up. (requested by coo1kid)
|j| ilyrus
|c|☆mylittlecuties<3|gg
|c| ilyrus|ggs! this goin be fun
|inactive|mylittlecuties<3 has 60 seconds left.
|inactive|coo1kid has 60 seconds left.
|
|t:|1785182215
|teamsize|p1|4
|teamsize|p2|4
|start
|switch|p1a: Maushold|Maushold-Four, L50|100/100
|switch|p1b: Malamar|Malamar, L50, M|100/100
|switch|p2a: Whimsicott|Whimsicott, L50, F|100/100
|switch|p2b: Floette|Floette-Eternal, L50, F|100/100
|turn|1
|inactive|mylittlecuties<3 has 30 seconds left.
|inactive|coo1kid has 30 seconds left.
|inactive|mylittlecuties<3 has 20 seconds left.
|inactive|coo1kid has 20 seconds left.
|inactive|coo1kid has 15 seconds left.
|inactive|coo1kid has 10 seconds left.
|
|t:|1785182261
|move|p2b: Floette|Protect|p2b: Floette
|-singleturn|p2b: Floette|Protect
|move|p1b: Malamar|Protect|p1b: Malamar
|-singleturn|p1b: Malamar|Protect
|move|p2a: Whimsicott|Moonblast|p1b: Malamar
|-activate|p1b: Malamar|move: Protect
|move|p1a: Maushold|Population Bomb|p2b: Floette
|-activate|p2b: Floette|move: Protect
|
|upkeep
|turn|2
|
|t:|1785182282
|switch|p2b: Charizard|Charizard, L50, M|100/100
|switch|p1b: Incineroar|Incineroar, L50, F|100/100
|-ability|p1b: Incineroar|Intimidate|boost
|-unboost|p2a: Whimsicott|atk|1
|-unboost|p2b: Charizard|atk|1
|move|p2a: Whimsicott|Moonblast|p1a: Maushold
|-damage|p1a: Maushold|35/100
|move|p1a: Maushold|Population Bomb|p2b: Charizard
|-damage|p2b: Charizard|89/100
|-damage|p2b: Charizard|78/100
|-damage|p2b: Charizard|66/100
|-damage|p2b: Charizard|56/100
|-damage|p2b: Charizard|46/100
|-damage|p2b: Charizard|35/100
|-damage|p2b: Charizard|25/100
|-damage|p2b: Charizard|15/100
|-damage|p2b: Charizard|4/100
|-damage|p2b: Charizard|0 fnt
|faint|p2b: Charizard
|-hitcount|p2: Charizard|10
|
|upkeep
|
|t:|1785182291
|switch|p2b: Floette|Floette-Eternal, L50, F|100/100
|turn|3
|
|t:|1785182304
|switch|p1a: Mawile|Mawile, L50, M|100/100
|move|p2a: Whimsicott|Protect|p2a: Whimsicott
|-singleturn|p2a: Whimsicott|Protect
|move|p2b: Floette|Protect|p2b: Floette
|-singleturn|p2b: Floette|Protect
|move|p1b: Incineroar|Fake Out|p2b: Floette
|-activate|p2b: Floette|move: Protect
|
|upkeep
|turn|4
|
|t:|1785182326
|detailschange|p2b: Floette|Floette-Mega, L50, F
|-mega|p2b: Floette|Floette|Floettite
|-ability|p2b: Floette|Fairy Aura
|detailschange|p1a: Mawile|Mawile-Mega, L50, M
|-mega|p1a: Mawile|Mawile|Mawilite
|move|p2a: Whimsicott|Tailwind|p2a: Whimsicott
|-sidestart|p2: coo1kid|move: Tailwind
|move|p2b: Floette|Dazzling Gleam|p1b: Incineroar|[spread] p1a,p1b
|-resisted|p1a: Mawile|1
|-damage|p1a: Mawile|70/100
|-damage|p1b: Incineroar|54/100
|move|p1b: Incineroar|Parting Shot|p2b: Floette
|-unboost|p2b: Floette|atk|1
|-unboost|p2b: Floette|spa|1
|
|t:|1785182345
|switch|p1b: Maushold|Maushold-Four, L50|35/100|[from] Parting Shot
|move|p1a: Mawile|Rock Slide|p2a: Whimsicott|[spread] p2a,p2b
|-damage|p2a: Whimsicott|46/100
|-damage|p2b: Floette|49/100
|
|upkeep
|turn|5
|
|t:|1785182367
|switch|p2b: Toxapex|Toxapex, L50, F|100/100
|move|p1b: Maushold|Follow Me|p1b: Maushold
|-singleturn|p1b: Maushold|move: Follow Me
|move|p2a: Whimsicott|Encore|p1b: Maushold
|-start|p1b: Maushold|Encore
|move|p1a: Mawile|Rock Slide|p2b: Toxapex|[spread] p2a,p2b
|-damage|p2a: Whimsicott|0 fnt
|-damage|p2b: Toxapex|75/100
|faint|p2a: Whimsicott
|
|-heal|p2b: Toxapex|80/100|[from] item: Leftovers
|upkeep
|
|t:|1785182373
|switch|p2a: Floette|Floette-Mega, L50, F|49/100
|-ability|p2a: Floette|Fairy Aura
|turn|6
|
|t:|1785182387
|switch|p1a: Incineroar|Incineroar, L50, F|54/100
|-ability|p1a: Incineroar|Intimidate|boost
|-unboost|p2a: Floette|atk|1
|-unboost|p2b: Toxapex|atk|1
|move|p2b: Toxapex|Wide Guard|p2b: Toxapex
|-singleturn|p2b: Toxapex|Wide Guard
|move|p1b: Maushold|Follow Me|p1b: Maushold
|-singleturn|p1b: Maushold|move: Follow Me
|move|p2a: Floette|Dazzling Gleam|p1b: Maushold|[spread] p1a,p1b
|-damage|p1a: Incineroar|12/100
|-damage|p1b: Maushold|0 fnt
|faint|p1b: Maushold
|
|-heal|p2b: Toxapex|86/100|[from] item: Leftovers
|upkeep
|
|t:|1785182404
|switch|p1b: Malamar|Malamar, L50, M|100/100
|turn|7
|
|t:|1785182413
|move|p2a: Floette|Protect|p2a: Floette
|-singleturn|p2a: Floette|Protect
|move|p1a: Incineroar|Fake Out|p2a: Floette
|-activate|p2a: Floette|move: Protect
|move|p2b: Toxapex|Toxic|p1b: Malamar
|-status|p1b: Malamar|tox
|move|p1b: Malamar|Trick Room|p1b: Malamar
|-fieldstart|move: Trick Room|[of] p1b: Malamar
|
|-heal|p2b: Toxapex|92/100|[from] item: Leftovers
|-damage|p1b: Malamar|94/100 tox|[from] psn
|-sideend|p2: coo1kid|move: Tailwind
|upkeep
|turn|8
|
|t:|1785182432
|move|p2b: Toxapex|Toxic|p1a: Incineroar
|-status|p1a: Incineroar|tox
|move|p1a: Incineroar|Flare Blitz|p2a: Floette
|-damage|p2a: Floette|0 fnt
|faint|p2a: Floette
|-damage|p1a: Incineroar|0 fnt|[from] Recoil
|faint|p1a: Incineroar
|move|p1b: Malamar|Knock Off|p2b: Toxapex
|-damage|p2b: Toxapex|63/100
|-enditem|p2b: Toxapex|Leftovers|[from] move: Knock Off|[of] p1b: Malamar
|
|-damage|p1b: Malamar|82/100 tox|[from] psn
|upkeep
|
|t:|1785182444
|switch|p1a: Mawile|Mawile-Mega, L50, M|70/100
|turn|9
|
|t:|1785182456
|move|p2b: Toxapex|Infestation|p1a: Mawile
|-resisted|p1a: Mawile|2
|-damage|p1a: Mawile|69/100
|-activate|p1a: Mawile|move: Infestation|[of] p2b: Toxapex
|move|p1a: Mawile|Play Rough|p2b: Toxapex
|-resisted|p2b: Toxapex|1
|-damage|p2b: Toxapex|32/100
|move|p1b: Malamar|Superpower|p2b: Toxapex
|-resisted|p2b: Toxapex|1
|-damage|p2b: Toxapex|20/100y
|-boost|p1b: Malamar|atk|1
|-boost|p1b: Malamar|def|1
|
|-damage|p1b: Malamar|65/100 tox|[from] psn
|-damage|p1a: Mawile|57/100|[from] move: Infestation|[partiallytrapped]
|upkeep
|turn|10
|
|t:|1785182475
|move|p2b: Toxapex|Baneful Bunker|p2b: Toxapex
|-singleturn|p2b: Toxapex|move: Protect
|move|p1a: Mawile|Play Rough|p2b: Toxapex
|-activate|p2b: Toxapex|move: Protect
|move|p1b: Malamar|Superpower|p2b: Toxapex
|-activate|p2b: Toxapex|move: Protect
|
|-damage|p1b: Malamar|42/100 tox|[from] psn
|-damage|p1a: Mawile|45/100|[from] move: Infestation|[partiallytrapped]
|upkeep
|turn|11
|
|t:|1785182484
|move|p2b: Toxapex|Baneful Bunker||[still]
|-fail|p2b: Toxapex
|move|p1a: Mawile|Play Rough|p2b: Toxapex
|-resisted|p2b: Toxapex|1
|-damage|p2b: Toxapex|0 fnt
|faint|p2b: Toxapex
|
|win|mylittlecuties<3
|raw|mylittlecuties<3's rating: 1180 → 1213(+33 for winning)
|raw|coo1kid's rating: 1297 → 1264(-33 for losing)
|c|☆coo1kid|gg
