|j|☆hypergamer_2422
|j|☆s3vans1
|html|hypergamer_2422s3vans1    
|uhtml|bestof|Game 1 of a best-of-3
|t:|1783531828
|gametype|doubles
|player|p1|hypergamer_2422|pokemaniac|
|player|p2|s3vans1|ghetsis|
|gen|9
|tier|[Gen 9 Champions] VGC 2026 Reg M-B (Bo3)
|rule|Species Clause: Limit one of each Pokémon
|rule|Item Clause: Limit 1 of each item
|clearpoke
|poke|p1|Staraptor, L50, M|
|poke|p1|Ditto, L50|
|poke|p1|Grimmsnarl, L50, M|
|poke|p1|Garchomp, L50, M|
|poke|p1|Goodra-Hisui, L50, M|
|poke|p1|Espathra, L50, F|
|poke|p2|Sceptile, L50, F, shiny|
|poke|p2|Rotom-Heat, L50|
|poke|p2|Garchomp, L50, F|
|poke|p2|Raichu, L50, M|
|poke|p2|Basculegion, L50, M|
|poke|p2|Sneasler, L50, M|
|teampreview|4
|showteam|p1|Staraptor||Staraptite|Intimidate|CloseCombat,Facade,Protect,BraveBird|Jolly||M|||50|]Ditto||FocusSash|Imposter|Transform|Relaxed|||||50|]Grimmsnarl||LightClay|Prankster|FakeOut,LightScreen,Reflect,FoulPlay|Careful||M|||50|]Garchomp||ChoiceScarf|RoughSkin|Outrage,Earthquake,StoneEdge,BodySlam|Jolly||M|||50|]Goodra-Hisui||QuickClaw|Gooey|Rest,SleepTalk,FireBlast,FlashCannon|Modest||M|||50|]Espathra||LifeOrb|SpeedBoost|LuminaCrash,CalmMind,ShadowBall,Uturn|Modest||F|||50|
|showteam|p2|Sceptile||Sceptilite|Overgrow|LeafStorm,DragonPulse,EarthPower,Detect|Timid||F|||50|]Rotom-Heat||ChoiceScarf|Levitate|Discharge,Overheat,ShadowBall,Trick|Timid|||||50|]Garchomp||LifeOrb|RoughSkin|Earthquake,StompingTantrum,DragonClaw,Protect|Jolly||F|||50|]Raichu||RaichuniteY|LightningRod|ZapCannon,FocusBlast,DazzlingGleam,FakeOut|Timid||M|||50|]Basculegion||FocusSash|Adaptability|AquaJet,Liquidation,LastRespects,FlipTurn|Adamant||M|||50|]Sneasler||WhiteHerb|Unburden|DireClaw,CloseCombat,RockSlide,FakeOut|Adamant||M|||50|
|c|☆hypergamer_2422|glhf
|c|☆s3vans1|gl
|
|t:|1783531861
|teamsize|p1|4
|teamsize|p2|4
|start
|switch|p1a: Grimmsnarl|Grimmsnarl, L50, M|100/100
|switch|p1b: Garchomp|Garchomp, L50, M|100/100
|switch|p2a: RedHotChiliPepper|Raichu, L50, M|100/100
|switch|p2b: Flambè|Rotom-Heat, L50|100/100
|turn|1
|
|t:|1783531888
|move|p2a: RedHotChiliPepper|Fake Out|p1b: Garchomp
|-damage|p1b: Garchomp|91/100
|-damage|p2a: RedHotChiliPepper|88/100|[from] ability: Rough Skin|[of] p1b: Garchomp
|move|p1a: Grimmsnarl|Light Screen|p1a: Grimmsnarl
|-sidestart|p1: hypergamer_2422|move: Light Screen
|cant|p1b: Garchomp|flinch
|move|p2b: Flambè|Trick|p1a: Grimmsnarl
|-activate|p2b: Flambè|move: Trick|[of] p1a: Grimmsnarl
|-item|p1a: Grimmsnarl|Choice Scarf|[from] move: Trick
|-item|p2b: Flambè|Light Clay|[from] move: Trick
|
|upkeep
|turn|2
|
|t:|1783531981
|switch|p2a: Superfly|Sceptile, L50, F, shiny|100/100
|move|p1b: Garchomp|Earthquake|p2b: Flambè|[spread] p1a,p2a
|-immune|p2b: Flambè|[from] ability: Levitate
|-resisted|p2a: Superfly|1
|-damage|p1a: Grimmsnarl|52/100
|-damage|p2a: Superfly|68/100
|move|p2b: Flambè|Overheat|p1a: Grimmsnarl
|-crit|p1a: Grimmsnarl
|-damage|p1a: Grimmsnarl|0 fnt
|-unboost|p2b: Flambè|spa|2
|faint|p1a: Grimmsnarl
|
|upkeep
|
|t:|1783531997
|switch|p1a: Staraptor|Staraptor, L50, M|100/100
|-ability|p1a: Staraptor|Intimidate|boost
|-unboost|p2a: Superfly|atk|1
|-unboost|p2b: Flambè|atk|1
|turn|3
|
|t:|1783532079
|detailschange|p1a: Staraptor|Staraptor-Mega, L50, M
|-mega|p1a: Staraptor|Staraptor|Staraptite
|move|p1b: Garchomp|Earthquake|p2a: Superfly|[spread] p2a
|-immune|p1a: Staraptor
|-immune|p2b: Flambè|[from] ability: Levitate
|-resisted|p2a: Superfly|1
|-damage|p2a: Superfly|33/100
|move|p2a: Superfly|Dragon Pulse|p1b: Garchomp
|-supereffective|p1b: Garchomp|1
|-damage|p1b: Garchomp|55/100
|move|p1a: Staraptor|Close Combat|p2b: Flambè
|-damage|p2b: Flambè|12/100
|-boost|p1a: Staraptor|def|1
|-boost|p1a: Staraptor|spd|1
|move|p2b: Flambè|Discharge|p1a: Staraptor|[spread] p2a,p1a
|-immune|p1b: Garchomp
|-resisted|p2a: Superfly|1
|-supereffective|p1a: Staraptor|1
|-damage|p2a: Superfly|23/100
|-damage|p1a: Staraptor|86/100
|-status|p2a: Superfly|par
|
|upkeep
|turn|4
|
|t:|1783532153
|move|p1b: Garchomp|Earthquake|p2b: Flambè|[spread] p2a
|-immune|p1a: Staraptor
|-immune|p2b: Flambè|[from] ability: Levitate
|-resisted|p2a: Superfly|1
|-damage|p2a: Superfly|0 fnt
|faint|p2a: Superfly
|move|p1a: Staraptor|Close Combat|p2b: Flambè
|-damage|p2b: Flambè|0 fnt
|-boost|p1a: Staraptor|def|1
|-boost|p1a: Staraptor|spd|1
|faint|p2b: Flambè
|
|upkeep
|
|t:|1783532165
|switch|p2a: RedHotChiliPepper|Raichu, L50, M|88/100
|switch|p2b: Shredder|Sneasler, L50, M|100/100
|turn|5
|
|t:|1783532187
|detailschange|p2a: RedHotChiliPepper|Raichu-Mega-Y, L50, M
|-mega|p2a: RedHotChiliPepper|Raichu|Raichunite Y
|move|p1a: Staraptor|Protect|p1a: Staraptor
|-singleturn|p1a: Staraptor|Protect
|move|p2b: Shredder|Fake Out|p1b: Garchomp
|-damage|p1b: Garchomp|40/100
|-damage|p2b: Shredder|87/100|[from] ability: Rough Skin|[of] p1b: Garchomp
|cant|p1b: Garchomp|flinch
|move|p2a: RedHotChiliPepper|Zap Cannon|p1a: Staraptor
|-activate|p1a: Staraptor|move: Protect
|
|upkeep
|turn|6
|
|t:|1783532223
|move|p1b: Garchomp|Earthquake|p2b: Shredder|[spread] p2a,p2b
|-immune|p1a: Staraptor
|-supereffective|p2a: RedHotChiliPepper|1
|-supereffective|p2b: Shredder|1
|-damage|p2a: RedHotChiliPepper|0 fnt
|-damage|p2b: Shredder|0 fnt
|faint|p2a: RedHotChiliPepper
|faint|p2b: Shredder
|
|win|hypergamer_2422
|c|☆hypergamer_2422|gg
||hypergamer_2422 is ready for game 2.
|inactive|s3vans1 has 30 seconds to confirm battle start!
|c|☆s3vans1|gg
||s3vans1 is ready for game 2.
|uhtml|next|Next: Game 2 of 3
