|j|☆metalblackknight
|j|☆bbbbbesbes
|html|metalblackknightbbbbbesbes    
|uhtml|bestof|Game 3 of a best-of-3
|t:|1784310185
|gametype|doubles
|player|p1|metalblackknight|clerk|1155
|player|p2|bbbbbesbes|266|1064
|gen|9
|tier|[Gen 9 Champions] VGC 2026 Reg M-B (Bo3)
|rated|
|rule|Species Clause: Limit one of each Pokémon
|rule|Item Clause: Limit 1 of each item
|clearpoke
|poke|p1|Araquanid, L50, F|
|poke|p1|Pelipper, L50, F|
|poke|p1|Charizard, L50, M|
|poke|p1|Garchomp, L50, F|
|poke|p1|Annihilape, L50, M|
|poke|p1|Kingambit, L50, M|
|poke|p2|Whimsicott, L50, M|
|poke|p2|Garchomp, L50, F|
|poke|p2|Tyranitar, L50, M|
|poke|p2|Metagross, L50|
|poke|p2|Incineroar, L50, F|
|poke|p2|Sneasler, L50, M|
|teampreview|4
|showteam|p1|Araquanid||MysticWater|WaterBubble|Liquidation,IcyWind,WideGuard,Entrainment|Adamant||F|||50|]Pelipper||SitrusBerry|Drizzle|Tailwind,WeatherBall,Hurricane,Protect|Modest||F|||50|]Charizard||CharizarditeY|Blaze|WeatherBall,HeatWave,SolarBeam,Protect|Timid||M|||50|]Garchomp||LifeOrb|RoughSkin|Earthquake,DragonClaw,RockSlide,Protect|Jolly||F|||50|]Annihilape||FocusSash|Defiant|CloseCombat,PhantomForce,RockTomb,Protect|Jolly||M|||50|]Kingambit||ChopleBerry|Defiant|KowtowCleave,IronHead,SuckerPunch,Protect|Brave||M|||50|
|showteam|p2|Whimsicott||FocusSash|Prankster|Tailwind,LeechSeed,Encore,Moonblast|Bold||M|||50|]Garchomp||YacheBerry|RoughSkin|RockSlide,DragonClaw,StompingTantrum,Protect|Jolly||F|||50|]Tyranitar||Tyranitarite|SandStream|HighHorsepower,Protect,RockSlide,Crunch|Adamant||M|||50|]Metagross||Metagrossite|ClearBody|MeteorMash,PsychicFangs,Protect,ThunderPunch|Jolly|||||50|]Incineroar||Leftovers|Intimidate|FakeOut,PartingShot,DarkestLariat,FlareBlitz|Adamant||F|||50|]Sneasler||MentalHerb|Unburden|FakeOut,Coaching,DireClaw,CloseCombat|Adamant||M|||50|
|inactive|Battle timer is ON: inactive players will automatically lose when time's up. (requested by bbbbbesbes)
|inactive|metalblackknight also wants the timer to be on.
|j| Tostielot3
|
|t:|1784310213
|teamsize|p1|4
|teamsize|p2|4
|start
|switch|p1a: Pelipper|Pelipper, L50, F|100/100
|switch|p1b: Araquanid|Araquanid, L50, F|100/100
|switch|p2a: Sneasler|Sneasler, L50, M|100/100
|switch|p2b: Garchomp|Garchomp, L50, F|100/100
|-weather|RainDance|[from] ability: Drizzle|[of] p1a: Pelipper
|turn|1
|
|t:|1784310233
|move|p2a: Sneasler|Fake Out|p1a: Pelipper
|-crit|p1a: Pelipper
|-damage|p1a: Pelipper|73/100
|move|p2b: Garchomp|Rock Slide|p1a: Pelipper|[spread] p1a,p1b
|-supereffective|p1a: Pelipper|1
|-supereffective|p1b: Araquanid|1
|-damage|p1a: Pelipper|27/100
|-damage|p1b: Araquanid|53/100
|-enditem|p1a: Pelipper|Sitrus Berry|[eat]
|-heal|p1a: Pelipper|52/100|[from] item: Sitrus Berry
|cant|p1a: Pelipper|flinch
|move|p1b: Araquanid|Liquidation|p2a: Sneasler
|-damage|p2a: Sneasler|0 fnt
|faint|p2a: Sneasler
|
|-weather|RainDance|[upkeep]
|upkeep
|
|t:|1784310244
|switch|p2a: Whimsicott|Whimsicott, L50, M|100/100
|turn|2
|
|t:|1784310254
|move|p2a: Whimsicott|Tailwind|p2a: Whimsicott
|-sidestart|p2: bbbbbesbes|move: Tailwind
|move|p2b: Garchomp|Rock Slide|p1b: Araquanid|[spread] p1a,p1b
|-supereffective|p1a: Pelipper|1
|-supereffective|p1b: Araquanid|1
|-damage|p1a: Pelipper|10/100
|-damage|p1b: Araquanid|8/100
|move|p1a: Pelipper|Tailwind|p1a: Pelipper
|-sidestart|p1: metalblackknight|move: Tailwind
|move|p1b: Araquanid|Liquidation|p2b: Garchomp
|-damage|p2b: Garchomp|0 fnt
|-damage|p1b: Araquanid|0 fnt|[from] ability: Rough Skin|[of] p2b: Garchomp
|faint|p2b: Garchomp
|faint|p1b: Araquanid
|
|-weather|RainDance|[upkeep]
|upkeep
|
|t:|1784310269
|switch|p2b: Metagross|Metagross, L50|100/100
|switch|p1b: Garchomp|Garchomp, L50, F|100/100
|turn|3
|inactive|bbbbbesbes has 30 seconds left.
|
|t:|1784310295
|detailschange|p2b: Metagross|Metagross-Mega, L50
|-mega|p2b: Metagross|Metagross|Metagrossite
|move|p2b: Metagross|Meteor Mash|p1a: Pelipper
|-resisted|p1a: Pelipper|1
|-damage|p1a: Pelipper|0 fnt
|faint|p1a: Pelipper
|move|p1b: Garchomp|Earthquake|p2b: Metagross|[spread] p2a,p2b
|-resisted|p2a: Whimsicott|1
|-supereffective|p2b: Metagross|1
|-damage|p2a: Whimsicott|78/100
|-damage|p2b: Metagross|20/100y
|-damage|p1b: Garchomp|90/100|[from] item: Life Orb
|move|p2a: Whimsicott|Moonblast|p1b: Garchomp
|-supereffective|p1b: Garchomp|1
|-damage|p1b: Garchomp|34/100
|
|-weather|RainDance|[upkeep]
|upkeep
|
|t:|1784310305
|switch|p1a: Charizard|Charizard, L50, M|100/100
|turn|4
|inactive|bbbbbesbes has 30 seconds left.
|inactive|bbbbbesbes has 20 seconds left.
|
|t:|1784310340
|detailschange|p1a: Charizard|Charizard-Mega-Y, L50, M
|-mega|p1a: Charizard|Charizard|Charizardite Y
|-weather|SunnyDay|[from] ability: Drought|[of] p1a: Charizard
|move|p2b: Metagross|Protect|p2b: Metagross
|-singleturn|p2b: Metagross|Protect
|move|p1b: Garchomp|Earthquake|p2b: Metagross|[spread] p2a
|-activate|p2b: Metagross|move: Protect
|-immune|p1a: Charizard
|-resisted|p2a: Whimsicott|1
|-damage|p2a: Whimsicott|55/100
|-damage|p1b: Garchomp|24/100|[from] item: Life Orb
|move|p1a: Charizard|Heat Wave|p2a: Whimsicott|[spread] p2a
|-activate|p2b: Metagross|move: Protect
|-supereffective|p2a: Whimsicott|1
|-damage|p2a: Whimsicott|0 fnt
|faint|p2a: Whimsicott
|
|-weather|SunnyDay|[upkeep]
|upkeep
|turn|5
|-message|bbbbbesbes forfeited.
|
|win|metalblackknight
|raw|metalblackknight's rating: 1155 → 1174(+19 for winning)
|raw|bbbbbesbes's rating: 1064 → 1049(-15 for losing)
