|j|☆DrissVG
|j|☆Zero_blazeVGC
|html|DrissVGZero_blazeVGC    
|uhtml|bestof|Game 2 of a best-of-3
|t:|1755879503
|gametype|doubles
|player|p1|DrissVG|170|1325
|player|p2|Zero_blazeVGC|alder|1308
|gen|9
|tier|[Gen 9] VGC 2025 Reg H (Bo3)
|rated|
|rule|Species Clause: Limit one of each Pokémon
|rule|Item Clause: Limit 1 of each item
|clearpoke
|poke|p1|Annihilape, L50, F|
|poke|p1|Sinistcha, L50|
|poke|p1|Maushold-Four, L50|
|poke|p1|Klefki, L50, F|
|poke|p1|Ursaluna-Bloodmoon, L50, M|
|poke|p1|Ninetales-Alola, L50, F|
|poke|p2|Gholdengo, L50|
|poke|p2|Pelipper, L50, M|
|poke|p2|Basculegion, L50, M|
|poke|p2|Amoonguss, L50, F|
|poke|p2|Archaludon, L50, M|
|poke|p2|Incineroar, L50, M|
|teampreview|4
|showteam|p1|Annihilape||Leftovers|Defiant|Protect,BulkUp,DrainPunch,RageFist|||F|||50|,,,,,Water]Sinistcha||SitrusBerry|Hospitality|MatchaGotcha,TrickRoom,LifeDew,RagePowder||||||50|,,,,,Water]Maushold-Four||SafetyGoggles|FriendGuard|FollowMe,Taunt,BeatUp,Protect||||||50|,,,,,Ghost]Klefki||LightClay|Prankster|Reflect,LightScreen,MistyTerrain,DazzlingGleam|||F|||50|,,,,,Ghost]Ursaluna-Bloodmoon||AssaultVest|MindsEye|BloodMoon,HyperVoice,EarthPower,VacuumWave|||M|||50|,,,,,Water]Ninetales-Alola||FocusSash|SnowWarning|Protect,Encore,IcyWind,Blizzard|||F|||50|,,,,,Ghost
|showteam|p2|Gholdengo||LifeOrb|GoodasGold|Protect,NastyPlot,MakeItRain,ShadowBall||||||50|,,,,,Water]Pelipper||FocusSash|Drizzle|Protect,Tailwind,WeatherBall,Hurricane|||M|||50|,,,,,Stellar]Basculegion||ChoiceBand|SwiftSwim|AquaJet,WaveCrash,FlipTurn,LastRespects|||M|||50|,,,,,Fairy]Amoonguss||SitrusBerry|Regenerator|PollenPuff,Spore,RagePowder,Protect|||F|||50|,,,,,Fairy]Archaludon||AssaultVest|Stamina|ElectroShot,Snarl,FlashCannon,BodyPress|||M|||50|,,,,,Bug]Incineroar||SafetyGoggles|Intimidate|FakeOut,KnockOff,PartingShot,Taunt|||M|||50|,,,,,Ghost
|
|t:|1755879549
|teamsize|p1|4
|teamsize|p2|4
|start
|switch|p1a: Annihilape|Annihilape, L50, F, shiny|100/100
|switch|p1b: Maushold|Maushold-Four, L50|100/100
|switch|p2a: Oogie Boogie|Basculegion, L50, M|100/100
|switch|p2b: Berry Delite|Pelipper, L50, M|100/100
|-weather|RainDance|[from] ability: Drizzle|[of] p2b: Berry Delite
|turn|1
|
|t:|1755879565
|-terastallize|p1a: Annihilape|Water
|move|p1b: Maushold|Protect|p1b: Maushold
|-singleturn|p1b: Maushold|Protect
|move|p2a: Oogie Boogie|Wave Crash|p1b: Maushold
|-activate|p1b: Maushold|move: Protect
|move|p1a: Annihilape|Rage Fist|p2a: Oogie Boogie
|-supereffective|p2a: Oogie Boogie
|-damage|p2a: Oogie Boogie|54/100
|move|p2b: Berry Delite|Tailwind|p2b: Berry Delite
|-sidestart|p2: Zero_blazeVGC|move: Tailwind
|
|-weather|RainDance|[upkeep]
|upkeep
|turn|2
|
|t:|1755879589
|switch|p2b: Metalman|Archaludon, L50, M|100/100
|switch|p1b: Sinistcha|Sinistcha, L50|100/100
|move|p2a: Oogie Boogie|Wave Crash|p1b: Sinistcha
|-resisted|p1b: Sinistcha
|-damage|p1b: Sinistcha|53/100
|-damage|p2a: Oogie Boogie|39/100|[from] Recoil
|move|p1a: Annihilape|Rage Fist|p2a: Oogie Boogie
|-supereffective|p2a: Oogie Boogie
|-damage|p2a: Oogie Boogie|0 fnt
|faint|p2a: Oogie Boogie
|
|-weather|RainDance|[upkeep]
|upkeep
|
|t:|1755879604
|switch|p2a: Omega|Gholdengo, L50|100/100
|turn|3
|
|t:|1755879628
|move|p1b: Sinistcha|Rage Powder|p1b: Sinistcha
|-singleturn|p1b: Sinistcha|move: Rage Powder
|move|p2b: Metalman|Flash Cannon|p1b: Sinistcha
|-damage|p1b: Sinistcha|19/100
|-enditem|p1b: Sinistcha|Sitrus Berry|[eat]
|-heal|p1b: Sinistcha|44/100|[from] item: Sitrus Berry
|move|p2a: Omega|Nasty Plot|p2a: Omega
|-boost|p2a: Omega|spa|2
|move|p1a: Annihilape|Bulk Up|p1a: Annihilape
|-boost|p1a: Annihilape|atk|1
|-boost|p1a: Annihilape|def|1
|
|-weather|RainDance|[upkeep]
|upkeep
|turn|4
|
|t:|1755879679
|move|p1b: Sinistcha|Rage Powder|p1b: Sinistcha
|-singleturn|p1b: Sinistcha|move: Rage Powder
|move|p2b: Metalman|Electro Shot||[still]
|-prepare|p2b: Metalman|Electro Shot
|-boost|p2b: Metalman|spa|1
|-anim|p2b: Metalman|Electro Shot|p1b: Sinistcha
|-resisted|p1b: Sinistcha
|-damage|p1b: Sinistcha|15/100
|move|p2a: Omega|Shadow Ball|p1b: Sinistcha
|-supereffective|p1b: Sinistcha
|-damage|p1b: Sinistcha|0 fnt
|faint|p1b: Sinistcha
|-damage|p2a: Omega|91/100|[from] item: Life Orb
|move|p1a: Annihilape|Rage Fist|p2a: Omega
|-supereffective|p2a: Omega
|-crit|p2a: Omega
|-damage|p2a: Omega|0 fnt
|faint|p2a: Omega
|
|-weather|RainDance|[upkeep]
|-sideend|p2: Zero_blazeVGC|move: Tailwind
|upkeep
|
|t:|1755879697
|switch|p2a: Berry Delite|Pelipper, L50, M|100/100
|switch|p1b: Maushold|Maushold-Four, L50|100/100
|turn|5
|
|t:|1755879712
|move|p1b: Maushold|Beat Up|p1a: Annihilape
|-damage|p1a: Annihilape|99/100
|-damage|p1a: Annihilape|98/100
|-damage|p1a: Annihilape|97/100
|-hitcount|p1a: Annihilape|3
|move|p1a: Annihilape|Rage Fist|p2b: Metalman
|-crit|p2b: Metalman
|-damage|p2b: Metalman|0 fnt
|faint|p2b: Metalman
|move|p2a: Berry Delite|Tailwind|p2a: Berry Delite
|-sidestart|p2: Zero_blazeVGC|move: Tailwind
|
|-weather|none
|-heal|p1a: Annihilape|100/100|[from] item: Leftovers
|upkeep
|turn|6
|-message|Zero_blazeVGC forfeited.
|
|win|DrissVG
|raw|DrissVG's rating: 1325 → 1344(+19 for winning)
|raw|Zero_blazeVGC's rating: 1308 → 1289(-19 for losing)
