|j|☆kirbyvgc wow
|j|☆JeanChasuble
|html|kirbyvgc wowJeanChasuble    
|uhtml|bestof|Game 1 of a best-of-3
|t:|1756560669
|gametype|doubles
|player|p1|kirbyvgc wow|tuberf|1100
|player|p2|JeanChasuble|cheren-gen5bw2|1180
|gen|9
|tier|[Gen 9] VGC 2025 Reg H (Bo3)
|rated|
|rule|Species Clause: Limit one of each Pokémon
|rule|Item Clause: Limit 1 of each item
|clearpoke
|poke|p1|Dragonite, L50, M|
|poke|p1|Volcarona, L50, F|
|poke|p1|Sneasler, L50, M|
|poke|p1|Rillaboom, L50, M|
|poke|p1|Electabuzz, L50, M|
|poke|p1|Kingambit, L50, M|
|poke|p2|Volcarona, L50, M|
|poke|p2|Rillaboom, L50, F|
|poke|p2|Electabuzz, L50, F|
|poke|p2|Sneasler, L50, M|
|poke|p2|Kingambit, L50, M|
|poke|p2|Dragonite, L50, M|
|teampreview|4
|showteam|p1|Dragonite||LoadedDice|Multiscale|ScaleShot,ExtremeSpeed,Haze,Protect|||M|||50|,,,,,Fairy]Volcarona||CovertCloak|FlameBody|HeatWave,TeraBlast,QuiverDance,Protect|||F|||50|,,,,,Fairy]Sneasler||FocusSash|Unburden|CloseCombat,DireClaw,Coaching,Protect|||M|||50|,,,,,Stellar]Rillaboom||AssaultVest|GrassySurge|WoodHammer,GrassyGlide,HighHorsepower,FakeOut|||M|||50|,,,,,Water]Electabuzz||Eviolite|VitalSpirit|Thunderbolt,FollowMe,Taunt,Protect|||M|||50|,,,,,Ghost]Kingambit||BlackGlasses|Defiant|KowtowCleave,SuckerPunch,SwordsDance,Protect|||M|||50|,,,,,Dark
|showteam|p2|Volcarona||Leftovers|FlameBody|HeatWave,TeraBlast,QuiverDance,Protect|||M|||50|,,,,,Fairy]Rillaboom||AssaultVest|GrassySurge|WoodHammer,GrassyGlide,FakeOut,HighHorsepower|||F|||50|,,,,,Fire]Electabuzz||Eviolite|VitalSpirit|Electroweb,FollowMe,Taunt,Protect|||F|||50|,,,,,Ghost]Sneasler||FocusSash|PoisonTouch|DireClaw,CloseCombat,FakeOut,Coaching|||M|||50|,,,,,Stellar]Kingambit||SafetyGoggles|Defiant|SuckerPunch,KowtowCleave,SwordsDance,Protect|||M|||50|,,,,,Dark]Dragonite||LoadedDice|Multiscale|ScaleShot,ExtremeSpeed,Haze,Protect|||M|||50|,,,,,Steel
|c|☆kirbyvgc wow|Nice team
|c|☆JeanChasuble|u2!
|
|t:|1756560746
|teamsize|p1|4
|teamsize|p2|4
|start
|switch|p1a: Volcarona|Volcarona, L50, F|100/100
|switch|p1b: Electabuzz|Electabuzz, L50, M|100/100
|switch|p2a: Sneasler|Sneasler, L50, M|100/100
|switch|p2b: Kingambit|Kingambit, L50, M|100/100
|turn|1
|
|t:|1756560786
|move|p1b: Electabuzz|Follow Me|p1b: Electabuzz
|-singleturn|p1b: Electabuzz|move: Follow Me
|move|p2a: Sneasler|Dire Claw|p1b: Electabuzz
|-damage|p1b: Electabuzz|67/100
|-status|p1b: Electabuzz|psn
|move|p1a: Volcarona|Heat Wave|p2a: Sneasler|[spread] p2a
|-miss|p1a: Volcarona|p2b: Kingambit
|-damage|p2a: Sneasler|50/100
|move|p2b: Kingambit|Swords Dance|p2b: Kingambit
|-boost|p2b: Kingambit|atk|2
|
|-damage|p1b: Electabuzz|55/100 psn|[from] psn
|upkeep
|turn|2
|
|t:|1756560814
|-terastallize|p2b: Kingambit|Dark
|move|p1b: Electabuzz|Follow Me|p1b: Electabuzz
|-singleturn|p1b: Electabuzz|move: Follow Me
|move|p2a: Sneasler|Dire Claw|p1b: Electabuzz
|-damage|p1b: Electabuzz|23/100 psn
|move|p1a: Volcarona|Heat Wave|p2a: Sneasler|[spread] p2a,p2b
|-damage|p2a: Sneasler|0 fnt
|-damage|p2b: Kingambit|70/100
|faint|p2a: Sneasler
|move|p2b: Kingambit|Kowtow Cleave|p1b: Electabuzz
|-damage|p1b: Electabuzz|0 fnt
|faint|p1b: Electabuzz
|
|upkeep
|
|t:|1756560830
|switch|p2a: Electabuzz|Electabuzz, L50, F|100/100
|switch|p1b: Sneasler|Sneasler, L50, M|100/100
|turn|3
|inactive|Battle timer is ON: inactive players will automatically lose when time's up. (requested by JeanChasuble)
|
|t:|1756560873
|-terastallize|p1a: Volcarona|Fairy
|move|p2a: Electabuzz|Protect|p2a: Electabuzz
|-singleturn|p2a: Electabuzz|Protect
|move|p2b: Kingambit|Protect|p2b: Kingambit
|-singleturn|p2b: Kingambit|Protect
|move|p1b: Sneasler|Coaching|p1a: Volcarona
|-boost|p1a: Volcarona|atk|1
|-boost|p1a: Volcarona|def|1
|move|p1a: Volcarona|Quiver Dance|p1a: Volcarona
|-boost|p1a: Volcarona|spa|1
|-boost|p1a: Volcarona|spd|1
|-boost|p1a: Volcarona|spe|1
|
|upkeep
|turn|4
|inactive|kirbyvgc wow has 30 seconds left.
|
|t:|1756560903
|move|p2a: Electabuzz|Follow Me|p2a: Electabuzz
|-singleturn|p2a: Electabuzz|move: Follow Me
|move|p1a: Volcarona|Heat Wave|p2b: Kingambit|[spread] p2a,p2b
|-damage|p2a: Electabuzz|58/100
|-damage|p2b: Kingambit|23/100
|move|p1b: Sneasler|Dire Claw|p2a: Electabuzz
|-damage|p2a: Electabuzz|24/100
|move|p2b: Kingambit|Kowtow Cleave|p1a: Volcarona
|-resisted|p1a: Volcarona
|-damage|p1a: Volcarona|45/100
|
|upkeep
|turn|5
|
|t:|1756560921
|move|p2a: Electabuzz|Follow Me|p2a: Electabuzz
|-singleturn|p2a: Electabuzz|move: Follow Me
|move|p2b: Kingambit|Sucker Punch|p1a: Volcarona
|-resisted|p1a: Volcarona
|-damage|p1a: Volcarona|0 fnt
|-status|p2b: Kingambit|brn|[from] ability: Flame Body|[of] p1a: Volcarona
|faint|p1a: Volcarona
|move|p1b: Sneasler|Dire Claw|p2a: Electabuzz
|-damage|p2a: Electabuzz|0 fnt
|faint|p2a: Electabuzz
|
|-damage|p2b: Kingambit|17/100 brn|[from] brn
|upkeep
|inactive|JeanChasuble has 30 seconds left.
|
|t:|1756560953
|switch|p1a: Dragonite|Dragonite, L50, M|100/100
|switch|p2a: Dragonite|Dragonite, L50, M|100/100
|turn|6
|inactive|kirbyvgc wow has 30 seconds left.
|inactive|kirbyvgc wow has 20 seconds left.
|
|t:|1756560989
|move|p1b: Sneasler|Dire Claw|p2b: Kingambit
|-damage|p2b: Kingambit|0 fnt
|faint|p2b: Kingambit
|move|p1a: Dragonite|Scale Shot|p2a: Dragonite
|-supereffective|p2a: Dragonite
|-damage|p2a: Dragonite|85/100
|-supereffective|p2a: Dragonite
|-damage|p2a: Dragonite|53/100
|-supereffective|p2a: Dragonite
|-damage|p2a: Dragonite|21/100
|-supereffective|p2a: Dragonite
|-damage|p2a: Dragonite|0 fnt
|faint|p2a: Dragonite
|-hitcount|p2: Dragonite|4
|
|win|kirbyvgc wow
|inactive|kirbyvgc wow has 30 seconds to confirm battle start!
|inactive|JeanChasuble has 30 seconds to confirm battle start!
||JeanChasuble is ready for game 2.
