|j|☆zaraskadi
|j|☆Shminki
|html|zaraskadiShminki    
|uhtml|bestof|Game 2 of a best-of-3
|t:|1756954440
|gametype|doubles
|player|p1|zaraskadi|170|1317
|player|p2|Shminki|ethan|1288
|gen|9
|tier|[Gen 9] VGC 2025 Reg H (Bo3)
|rated|
|rule|Species Clause: Limit one of each Pokémon
|rule|Item Clause: Limit 1 of each item
|clearpoke
|poke|p1|Indeedee, L50, M|
|poke|p1|Sneasler, L50, M|
|poke|p1|Excadrill, L50, M|
|poke|p1|Magmar, L50, M|
|poke|p1|Corviknight, L50, F|
|poke|p1|Tyranitar, L50, F|
|poke|p2|Gholdengo, L50|
|poke|p2|Sneasler, L50, M|
|poke|p2|Rillaboom, L50, F|
|poke|p2|Dragonite, L50, F|
|poke|p2|Ninetales-Alola, L50, F|
|poke|p2|Arcanine-Hisui, L50, F|
|teampreview|4
|showteam|p1|Indeedee||ChoiceScarf|PsychicSurge|ExpandingForce,TeraBlast,Trick,Protect|||M|||50|,,,,,Psychic]Sneasler||WhiteHerb|Unburden|FakeOut,CloseCombat,DireClaw,Coaching|||M|||50|,,,,,Flying]Excadrill||FocusSash|SandRush|Earthquake,IronHead,SwordsDance,Protect|||M|||50|,,,,,Ground]Magmar||Eviolite|VitalSpirit|HeatWave,FollowMe,WillOWisp,Protect|||M|||50|,,,,,Flying]Corviknight||PsychicSeed|MirrorArmor|BraveBird,PowerTrip,BulkUp,Roost|||F|||50|,,,,,Water]Tyranitar||AssaultVest|SandStream|RockSlide,KnockOff,LowKick,TeraBlast|||F|||50|,,,,,Flying
|showteam|p2|Gholdengo||GrassySeed|GoodasGold|NastyPlot,MakeItRain,ShadowBall,Protect||||||50|,,,,,Water]Sneasler||WhiteHerb|Unburden|CloseCombat,DireClaw,Coaching,Protect|||M|||50|,,,,,Ghost]Rillaboom||AssaultVest|GrassySurge|FakeOut,GrassyGlide,DrumBeating,HighHorsepower|||F|||50|,,,,,Fire]Dragonite||LoadedDice|Multiscale|ScaleShot,StompingTantrum,Tailwind,Protect|||F|||50|,,,,,Ground]Ninetales-Alola||FocusSash|SnowWarning|Blizzard,IcyWind,Encore,AuroraVeil|||F|||50|,,,,,Ghost]Arcanine-Hisui||ClearAmulet|Intimidate|RockSlide,FlareBlitz,ExtremeSpeed,Protect|||F|||50|,,,,,Water
|inactive|Battle timer is ON: inactive players will automatically lose when time's up. (requested by Shminki)
|
|t:|1756954464
|teamsize|p1|4
|teamsize|p2|4
|start
|switch|p1a: Corviknight|Corviknight, L50, F|100/100
|switch|p1b: Indeedee|Indeedee, L50, M|100/100
|switch|p2a: Rillaboom|Rillaboom, L50, F|100/100
|switch|p2b: Sneasler|Sneasler, L50, M|100/100
|-fieldstart|move: Psychic Terrain|[from] ability: Psychic Surge|[of] p1b: Indeedee
|-enditem|p1a: Corviknight|Psychic Seed
|-boost|p1a: Corviknight|spd|1|[from] item: Psychic Seed
|-fieldstart|move: Grassy Terrain|[from] ability: Grassy Surge|[of] p2a: Rillaboom
|turn|1
|inactive|zaraskadi has 30 seconds left.
|
|t:|1756954494
|move|p2a: Rillaboom|Fake Out|p1b: Indeedee
|-damage|p1b: Indeedee|75/100
|cant|p1b: Indeedee|flinch
|move|p2b: Sneasler|Close Combat|p1a: Corviknight
|-damage|p1a: Corviknight|47/100
|-unboost|p2b: Sneasler|def|1
|-unboost|p2b: Sneasler|spd|1
|-enditem|p2b: Sneasler|White Herb
|-clearnegativeboost|p2b: Sneasler|[silent]
|move|p1a: Corviknight|Bulk Up|p1a: Corviknight
|-boost|p1a: Corviknight|atk|1
|-boost|p1a: Corviknight|def|1
|
|-heal|p1b: Indeedee|81/100|[from] Grassy Terrain
|upkeep
|turn|2
|inactive|Shminki has 30 seconds left.
|inactive|Shminki has 20 seconds left.
|
|t:|1756954532
|move|p2b: Sneasler|Protect|p2b: Sneasler
|-singleturn|p2b: Sneasler|Protect
|move|p1b: Indeedee|Expanding Force|p2b: Sneasler
|-activate|p2b: Sneasler|move: Protect
|move|p2a: Rillaboom|Drum Beating|p1b: Indeedee
|-damage|p1b: Indeedee|0 fnt
|faint|p1b: Indeedee
|move|p1a: Corviknight|Roost|p1a: Corviknight
|-heal|p1a: Corviknight|98/100
|-singleturn|p1a: Corviknight|move: Roost
|
|-heal|p1a: Corviknight|100/100|[from] Grassy Terrain
|upkeep
|
|t:|1756954551
|switch|p1b: Tyranitar|Tyranitar, L50, F|100/100
|-weather|Sandstorm|[from] ability: Sand Stream|[of] p1b: Tyranitar
|turn|3
|inactive|Shminki has 30 seconds left.
|
|t:|1756954582
|-terastallize|p1b: Tyranitar|Flying
|move|p2b: Sneasler|Dire Claw|p1b: Tyranitar
|-damage|p1b: Tyranitar|68/100
|move|p2a: Rillaboom|Drum Beating|p1b: Tyranitar
|-resisted|p1b: Tyranitar
|-damage|p1b: Tyranitar|50/100
|-unboost|p1b: Tyranitar|spe|1
|move|p1a: Corviknight|Brave Bird|p2b: Sneasler
|-supereffective|p2b: Sneasler
|-damage|p2b: Sneasler|0 fnt
|faint|p2b: Sneasler
|-damage|p1a: Corviknight|72/100|[from] Recoil
|move|p1b: Tyranitar|Rock Slide|p2a: Rillaboom
|-damage|p2a: Rillaboom|56/100
|
|-weather|Sandstorm|[upkeep]
|-damage|p2a: Rillaboom|50/100|[from] Sandstorm
|-damage|p1b: Tyranitar|44/100|[from] Sandstorm
|-heal|p2a: Rillaboom|56/100|[from] Grassy Terrain
|upkeep
|
|t:|1756954597
|switch|p2b: Ninetales|Ninetales-Alola, L50, F|100/100
|-weather|Snowscape|[from] ability: Snow Warning|[of] p2b: Ninetales
|turn|4
|
|t:|1756954611
|switch|p1b: Excadrill|Excadrill, L50, M|100/100
|move|p2b: Ninetales|Blizzard|p1a: Corviknight|[spread] p1a,p1b
|-damage|p1a: Corviknight|55/100
|-damage|p1b: Excadrill|58/100
|move|p2a: Rillaboom|Drum Beating|p1b: Excadrill
|-damage|p1b: Excadrill|0 fnt
|faint|p1b: Excadrill
|move|p1a: Corviknight|Brave Bird|p2b: Ninetales
|-crit|p2b: Ninetales
|-enditem|p2b: Ninetales|Focus Sash
|-damage|p2b: Ninetales|1/100
|-damage|p1a: Corviknight|31/100|[from] Recoil
|
|-weather|Snowscape|[upkeep]
|-heal|p2b: Ninetales|7/100|[from] Grassy Terrain
|-heal|p2a: Rillaboom|62/100|[from] Grassy Terrain
|upkeep
|
|t:|1756954623
|switch|p1b: Tyranitar|Tyranitar, L50, F, tera:Flying|44/100
|-weather|Sandstorm|[from] ability: Sand Stream|[of] p1b: Tyranitar
|turn|5
|
|t:|1756954633
|move|p2b: Ninetales|Icy Wind|p1b: Tyranitar|[spread] p1a,p1b
|-supereffective|p1b: Tyranitar
|-damage|p1a: Corviknight|22/100
|-damage|p1b: Tyranitar|27/100
|-ability|p1a: Corviknight|Mirror Armor
|-unboost|p2b: Ninetales|spe|1
|-unboost|p1b: Tyranitar|spe|1
|move|p2a: Rillaboom|Drum Beating|p1b: Tyranitar
|-resisted|p1b: Tyranitar
|-damage|p1b: Tyranitar|9/100
|-unboost|p1b: Tyranitar|spe|1
|move|p1a: Corviknight|Roost|p1a: Corviknight
|-heal|p1a: Corviknight|72/100
|-singleturn|p1a: Corviknight|move: Roost
|move|p1b: Tyranitar|Rock Slide|p2a: Rillaboom|[spread] p2a
|-miss|p1b: Tyranitar|p2b: Ninetales
|-damage|p2a: Rillaboom|28/100
|
|-weather|Sandstorm|[upkeep]
|-damage|p2a: Rillaboom|22/100|[from] Sandstorm
|-damage|p2b: Ninetales|1/100|[from] Sandstorm
|-damage|p1b: Tyranitar|3/100|[from] Sandstorm
|-heal|p2a: Rillaboom|28/100|[from] Grassy Terrain
|-heal|p2b: Ninetales|7/100|[from] Grassy Terrain
|-heal|p1a: Corviknight|78/100|[from] Grassy Terrain
|-fieldend|move: Grassy Terrain
|upkeep
|turn|6
|inactive|zaraskadi has 30 seconds left.
|inactive|zaraskadi has 20 seconds left.
|
|t:|1756954668
|move|p2a: Rillaboom|Drum Beating|p1b: Tyranitar
|-resisted|p1b: Tyranitar
|-damage|p1b: Tyranitar|0 fnt
|faint|p1b: Tyranitar
|move|p2b: Ninetales|Encore|p1a: Corviknight
|-start|p1a: Corviknight|Encore
|move|p1a: Corviknight|Roost|p1a: Corviknight
|-heal|p1a: Corviknight|100/100
|-singleturn|p1a: Corviknight|move: Roost
|
|-weather|Sandstorm|[upkeep]
|-damage|p2a: Rillaboom|22/100|[from] Sandstorm
|-damage|p2b: Ninetales|1/100|[from] Sandstorm
|upkeep
|turn|7
|
|t:|1756954683
|switch|p2a: Gholdengo|Gholdengo, L50|100/100
|move|p2b: Ninetales|Blizzard|p1a: Corviknight|[miss]
|-miss|p2b: Ninetales|p1a: Corviknight
|move|p1a: Corviknight|Roost||[still]
|-fail|p1a: Corviknight|heal
|
|-weather|Sandstorm|[upkeep]
|-damage|p2b: Ninetales|0 fnt|[from] Sandstorm
|faint|p2b: Ninetales
|upkeep
|
|t:|1756954686
|switch|p2b: Rillaboom|Rillaboom, L50, F|22/100
|-fieldstart|move: Grassy Terrain|[from] ability: Grassy Surge|[of] p2b: Rillaboom
|-enditem|p2a: Gholdengo|Grassy Seed
|-boost|p2a: Gholdengo|def|1|[from] item: Grassy Seed
|turn|8
|
|t:|1756954695
|move|p2b: Rillaboom|Fake Out|p1a: Corviknight
|-resisted|p1a: Corviknight
|-damage|p1a: Corviknight|97/100
|move|p2a: Gholdengo|Nasty Plot|p2a: Gholdengo
|-boost|p2a: Gholdengo|spa|2
|cant|p1a: Corviknight|flinch
|
|-weather|Sandstorm|[upkeep]
|-damage|p2b: Rillaboom|16/100|[from] Sandstorm
|-heal|p2b: Rillaboom|22/100|[from] Grassy Terrain
|-end|p1a: Corviknight|Encore
|upkeep
|turn|9
|inactive|Shminki has 30 seconds left.
|
|t:|1756954729
|-terastallize|p2a: Gholdengo|Water
|move|p2b: Rillaboom|Drum Beating|p1a: Corviknight
|-resisted|p1a: Corviknight
|-damage|p1a: Corviknight|91/100
|-ability|p1a: Corviknight|Mirror Armor
|-unboost|p2b: Rillaboom|spe|1
|move|p2a: Gholdengo|Shadow Ball|p1a: Corviknight
|-damage|p1a: Corviknight|42/100
|-ability|p1a: Corviknight|Mirror Armor
|-unboost|p2a: Gholdengo|spd|1
|move|p1a: Corviknight|Power Trip|p2a: Gholdengo
|-damage|p2a: Gholdengo|82/100
|
|-weather|none
|-heal|p2a: Gholdengo|88/100|[from] Grassy Terrain
|-heal|p2b: Rillaboom|28/100|[from] Grassy Terrain
|upkeep
|turn|10
|
|t:|1756954744
|move|p2a: Gholdengo|Shadow Ball|p1a: Corviknight
|-damage|p1a: Corviknight|0 fnt
|faint|p1a: Corviknight
|
|win|Shminki
|raw|zaraskadi's rating: 1317 → 1295(-22 for losing)
|raw|Shminki's rating: 1288 → 1315(+27 for winning)
