|j|☆gundi8
|j|☆maikage
|html|gundi8maikage    
|uhtml|bestof|Game 2 of a best-of-3
|t:|1757672712
|gametype|doubles
|player|p1|gundi8|ethan-gen2|1114
|player|p2|maikage|firebreather|1159
|gen|9
|tier|[Gen 9] VGC 2025 Reg H (Bo3)
|rated|
|rule|Species Clause: Limit one of each Pokémon
|rule|Item Clause: Limit 1 of each item
|clearpoke
|poke|p1|Garchomp, L50, M|
|poke|p1|Jumpluff, L50, F|
|poke|p1|Torkoal, L50, M|
|poke|p1|Dragonite, L50, F|
|poke|p1|Kingambit, L50, M|
|poke|p1|Typhlosion-Hisui, L50, M|
|poke|p2|Maushold, L50|
|poke|p2|Annihilape, L50, F|
|poke|p2|Incineroar, L50, F|
|poke|p2|Rillaboom, L50, F|
|poke|p2|Dragonite, L50, M|
|poke|p2|Gholdengo, L50|
|teampreview|4
|showteam|p1|Garchomp||LifeOrb|RoughSkin|DragonClaw,StompingTantrum,Earthquake,Protect|||M|||50|,,,,,Fire]Jumpluff||CovertCloak|Chlorophyll|LeafStorm,SleepPowder,Encore,Tailwind|||F|||50|,,,,,Dark]Torkoal||EjectPack|Drought|Overheat,BurningJealousy,HelpingHand,Protect|||M|||50|,,,,,Flying]Dragonite||LoadedDice|InnerFocus|ScaleShot,ExtremeSpeed,Haze,Protect|||F|||50|,,,,,Fairy]Kingambit||AssaultVest|Defiant|IronHead,SuckerPunch,Assurance,LowKick|||M|||50|,,,,,Flying]Typhlosion-Hisui||ChoiceSpecs|Blaze|Eruption,ShadowBall,HeatWave,Overheat|||M|||50|,,,,,Fire
|showteam|p2|Maushold||WideLens|Technician|PopulationBomb,BeatUp,Protect,FollowMe||||||50|,,,,,Ghost]Annihilape||Leftovers|Defiant|RageFist,DrainPunch,Protect,BulkUp|||F|||50|,,,,,Fire]Incineroar||SitrusBerry|Intimidate|FakeOut,KnockOff,PartingShot,FlareBlitz|||F|||50|,,,,,Grass]Rillaboom||AssaultVest|GrassySurge|FakeOut,GrassyGlide,Uturn,WoodHammer|||F|||50|,,,,,Fire]Dragonite||LoadedDice|Multiscale|ScaleShot,Tailwind,Protect,Haze|||M|||50|,,,,,Fairy]Gholdengo||LifeOrb|GoodasGold|MakeItRain,ShadowBall,Protect,NastyPlot||||||50|,,,,,Water
|inactive|Battle timer is ON: inactive players will automatically lose when time's up. (requested by maikage)
|inactive|gundi8 also wants the timer to be on.
|
|t:|1757672735
|teamsize|p1|4
|teamsize|p2|4
|start
|switch|p1a: Garchomp|Garchomp, L50, M|100/100
|switch|p1b: Kingambit|Kingambit, L50, M|100/100
|switch|p2a: transsexual cat|Incineroar, L50, F|100/100
|switch|p2b: homosexual dog|Dragonite, L50, M|100/100
|-ability|p2a: transsexual cat|Intimidate|boost
|-unboost|p1a: Garchomp|atk|1
|-unboost|p1b: Kingambit|atk|1
|-ability|p1b: Kingambit|Defiant|boost
|-boost|p1b: Kingambit|atk|2
|turn|1
|inactive|gundi8 has 30 seconds left.
|inactive|maikage has 30 seconds left.
|inactive|maikage has 20 seconds left.
|inactive|gundi8 has 20 seconds left.
|
|t:|1757672779
|move|p2a: transsexual cat|Fake Out|p1a: Garchomp
|-damage|p1a: Garchomp|86/100
|-damage|p2a: transsexual cat|88/100|[from] ability: Rough Skin|[of] p1a: Garchomp
|cant|p1a: Garchomp|flinch
|move|p2b: homosexual dog|Tailwind|p2b: homosexual dog
|-sidestart|p2: maikage|move: Tailwind
|move|p1b: Kingambit|Low Kick|p2a: transsexual cat
|-supereffective|p2a: transsexual cat
|-damage|p2a: transsexual cat|0 fnt
|faint|p2a: transsexual cat
|
|upkeep
|
|t:|1757672802
|switch|p2a: angsty teenage son|Annihilape, L50, F|100/100
|turn|2
|inactive|gundi8 has 30 seconds left.
|inactive|gundi8 has 20 seconds left.
|inactive|gundi8 has 15 seconds left.
|inactive|gundi8 has 10 seconds left.
|
|t:|1757672852
|switch|p1a: Torkoal|Torkoal, L50, M, shiny|100/100
|-weather|SunnyDay|[from] ability: Drought|[of] p1a: Torkoal
|-terastallize|p1b: Kingambit|Flying
|move|p2a: angsty teenage son|Drain Punch|p1b: Kingambit
|-resisted|p1b: Kingambit
|-damage|p1b: Kingambit|88/100
|move|p2b: homosexual dog|Scale Shot|p1a: Torkoal
|-damage|p1a: Torkoal|90/100
|-damage|p1a: Torkoal|78/100
|-damage|p1a: Torkoal|66/100
|-crit|p1a: Torkoal
|-damage|p1a: Torkoal|47/100
|-crit|p1a: Torkoal
|-damage|p1a: Torkoal|29/100
|-hitcount|p1a: Torkoal|5
|-unboost|p2b: homosexual dog|def|1
|-boost|p2b: homosexual dog|spe|1
|move|p1b: Kingambit|Assurance|p2b: homosexual dog
|-damage|p2b: homosexual dog|56/100
|
|-weather|SunnyDay|[upkeep]
|upkeep
|turn|3
|inactive|maikage has 30 seconds left.
|inactive|maikage has 20 seconds left.
|inactive|maikage has 15 seconds left.
|inactive|maikage has 10 seconds left.
|
|t:|1757672901
|-terastallize|p2b: homosexual dog|Fairy
|move|p1a: Torkoal|Protect|p1a: Torkoal
|-singleturn|p1a: Torkoal|Protect
|move|p2b: homosexual dog|Scale Shot|p1a: Torkoal
|-activate|p1a: Torkoal|move: Protect
|move|p2a: angsty teenage son|Bulk Up|p2a: angsty teenage son
|-boost|p2a: angsty teenage son|atk|1
|-boost|p2a: angsty teenage son|def|1
|move|p1b: Kingambit|Assurance|p2b: homosexual dog
|-resisted|p2b: homosexual dog
|-damage|p2b: homosexual dog|12/100
|
|-weather|SunnyDay|[upkeep]
|upkeep
|turn|4
|
|t:|1757672920
|move|p1a: Torkoal|Helping Hand|p1b: Kingambit
|-singleturn|p1b: Kingambit|Helping Hand|[of] p1a: Torkoal
|move|p2b: homosexual dog|Protect|p2b: homosexual dog
|-singleturn|p2b: homosexual dog|Protect
|move|p1b: Kingambit|Sucker Punch|p2a: angsty teenage son
|-damage|p2a: angsty teenage son|30/100
|move|p2a: angsty teenage son|Drain Punch|p1a: Torkoal
|-damage|p1a: Torkoal|0 fnt
|-heal|p2a: angsty teenage son|43/100|[from] drain|[of] p1a: Torkoal
|faint|p1a: Torkoal
|
|-weather|SunnyDay|[upkeep]
|-heal|p2a: angsty teenage son|49/100|[from] item: Leftovers
|-sideend|p2: maikage|move: Tailwind
|upkeep
|
|t:|1757672931
|switch|p1a: Typhlosion|Typhlosion-Hisui, L50, M|100/100
|turn|5
|
|t:|1757672940
|move|p2a: angsty teenage son|Protect|p2a: angsty teenage son
|-singleturn|p2a: angsty teenage son|Protect
|move|p1b: Kingambit|Sucker Punch||[still]
|-fail|p1b: Kingambit
|move|p2b: homosexual dog|Tailwind|p2b: homosexual dog
|-sidestart|p2: maikage|move: Tailwind
|move|p1a: Typhlosion|Eruption|p2a: angsty teenage son|[spread] p2b
|-activate|p2a: angsty teenage son|move: Protect
|-damage|p2b: homosexual dog|0 fnt
|faint|p2b: homosexual dog
|
|-weather|SunnyDay|[upkeep]
|-heal|p2a: angsty teenage son|55/100|[from] item: Leftovers
|upkeep
|
|t:|1757672952
|switch|p2b: capitalism|Gholdengo, L50|100/100
|turn|6
|inactive|gundi8 has 30 seconds left.
|
|t:|1757672984
|move|p2a: angsty teenage son|Rage Fist|p1a: Typhlosion
|-supereffective|p1a: Typhlosion
|-damage|p1a: Typhlosion|0 fnt
|faint|p1a: Typhlosion
|move|p2b: capitalism|Shadow Ball|p1b: Kingambit
|-damage|p1b: Kingambit|50/100
|-unboost|p1b: Kingambit|spd|1
|-ability|p1b: Kingambit|Defiant|boost
|-boost|p1b: Kingambit|atk|2
|-damage|p2b: capitalism|91/100|[from] item: Life Orb
|move|p1b: Kingambit|Assurance|p2a: angsty teenage son
|-damage|p2a: angsty teenage son|0 fnt
|faint|p2a: angsty teenage son
|
|-weather|none
|upkeep
|
|t:|1757672990
|switch|p1a: Garchomp|Garchomp, L50, M|86/100
|turn|7
|
|t:|1757673004
|move|p1b: Kingambit|Sucker Punch|p2b: capitalism
|-supereffective|p2b: capitalism
|-damage|p2b: capitalism|0 fnt
|faint|p2b: capitalism
|
|win|gundi8
|l|☆maikage
|player|p2|
