|j|☆gene takavic
|j|☆eskyur
|html|gene takaviceskyur    
|uhtml|bestof|Game 1 of a best-of-3
|t:|1756508901
|gametype|doubles
|player|p1|gene takavic|pryce|1172
|player|p2|eskyur|steven|1089
|gen|9
|tier|[Gen 9] VGC 2025 Reg H (Bo3)
|rated|
|rule|Species Clause: Limit one of each Pokémon
|rule|Item Clause: Limit 1 of each item
|clearpoke
|poke|p1|Charizard, L50, F|
|poke|p1|Torkoal, L50, F|
|poke|p1|Porygon2, L50|
|poke|p1|Incineroar, L50, M|
|poke|p1|Jumpluff, L50, M|
|poke|p1|Ursaluna, L50, M|
|poke|p2|Charizard, L50, F|
|poke|p2|Garchomp, L50, M|
|poke|p2|Hydreigon, L50, M|
|poke|p2|Whimsicott, L50, M|
|poke|p2|Gyarados, L50, F|
|poke|p2|Maushold-Four, L50|
|teampreview|4
|showteam|p1|Charizard||ChoiceSpecs|SolarPower|HeatWave,Overheat,WeatherBall,AirSlash|||F|||50|,,,,,Ghost]Torkoal||EjectPack|Drought|Eruption,Overheat,HelpingHand,Protect|||F|||50|,,,,,Fire]Porygon2||Eviolite|Download|TeraBlast,IceBeam,Recover,TrickRoom||||||50|,,,,,Fighting]Incineroar||SitrusBerry|Intimidate|FlareBlitz,KnockOff,FakeOut,PartingShot|||M|||50|,,,,,Ghost]Jumpluff||CovertCloak|Chlorophyll|SleepPowder,SunnyDay,RagePowder,Tailwind|||M|||50|,,,,,Water]Ursaluna||FlameOrb|Guts|HeadlongRush,Facade,Earthquake,Protect|||M|||50|,,,,,Ghost
|showteam|p2|Charizard||LifeOrb|SolarPower|HeatWave,Flamethrower,AirSlash,Protect|||F|||50|,,,,,Fire]Garchomp||ChoiceBand|RoughSkin|Earthquake,DragonClaw,RockSlide,IronHead|||M|||50|,,,,,Steel]Hydreigon||ChoiceSpecs|Levitate|HeatWave,DarkPulse,DracoMeteor,Snarl|||M|||50|,,,,,Fire]Whimsicott||FocusSash|Prankster|Moonblast,Tailwind,Protect,SunnyDay|||M|||50|,,,,,Ghost]Gyarados||CovertCloak|Intimidate|Waterfall,Taunt,ThunderWave,IceFang|||F|||50|,,,,,Grass]Maushold-Four||WideLens|Technician|PopulationBomb,Protect,BulletSeed,FollowMe||||||50|,,,,,Normal
|inactive|Battle timer is ON: inactive players will automatically lose when time's up. (requested by gene takavic)
|inactive|gene takavic has 60 seconds left.
|inactive|eskyur has 60 seconds left.
|
|t:|1756508959
|teamsize|p1|4
|teamsize|p2|4
|start
|switch|p1a: Incineroar|Incineroar, L50, M|100/100
|switch|p1b: Porygon2|Porygon2, L50|100/100
|switch|p2a: Gyarados|Gyarados, L50, F|100/100
|switch|p2b: Maushold|Maushold-Four, L50|100/100
|-ability|p2a: Gyarados|Intimidate|boost
|-unboost|p1a: Incineroar|atk|1
|-unboost|p1b: Porygon2|atk|1
|-ability|p1a: Incineroar|Intimidate|boost
|-unboost|p2a: Gyarados|atk|1
|-unboost|p2b: Maushold|atk|1
|-ability|p1b: Porygon2|Download|boost
|-boost|p1b: Porygon2|atk|1
|turn|1
|inactive|gene takavic has 30 seconds left.
|
|t:|1756508987
|-terastallize|p1b: Porygon2|Fighting
|move|p2b: Maushold|Protect|p2b: Maushold
|-singleturn|p2b: Maushold|Protect
|move|p2a: Gyarados|Taunt|p1b: Porygon2
|-start|p1b: Porygon2|move: Taunt
|move|p1a: Incineroar|Parting Shot|p2a: Gyarados
|-unboost|p2a: Gyarados|atk|1
|-unboost|p2a: Gyarados|spa|1
|
|t:|1756508990
|switch|p1a: Torkoal|Torkoal, L50, F|100/100|[from] Parting Shot
|-weather|SunnyDay|[from] ability: Drought|[of] p1a: Torkoal
|move|p1b: Porygon2|Tera Blast|p2b: Maushold|[anim] Tera Blast Fighting
|-activate|p2b: Maushold|move: Protect
|
|-weather|SunnyDay|[upkeep]
|upkeep
|turn|2
|inactive|eskyur has 30 seconds left.
|
|t:|1756509020
|switch|p1a: Incineroar|Incineroar, L50, M|100/100
|-ability|p1a: Incineroar|Intimidate|boost
|-unboost|p2a: Gyarados|atk|1
|-unboost|p2b: Maushold|atk|1
|move|p2b: Maushold|Population Bomb|p1a: Incineroar
|-damage|p1a: Incineroar|96/100
|-crit|p1a: Incineroar
|-damage|p1a: Incineroar|80/100
|-damage|p1a: Incineroar|75/100
|-damage|p1a: Incineroar|69/100
|-damage|p1a: Incineroar|63/100
|-damage|p1a: Incineroar|57/100
|-damage|p1a: Incineroar|51/100
|-damage|p1a: Incineroar|45/100
|-enditem|p1a: Incineroar|Sitrus Berry|[eat]
|-heal|p1a: Incineroar|69/100|[from] item: Sitrus Berry
|-crit|p1a: Incineroar
|-damage|p1a: Incineroar|52/100
|-damage|p1a: Incineroar|47/100
|-hitcount|p1a: Incineroar|10
|move|p2a: Gyarados|Thunder Wave|p1b: Porygon2
|-status|p1b: Porygon2|par
|move|p1b: Porygon2|Tera Blast|p2b: Maushold|[anim] Tera Blast Fighting
|-supereffective|p2b: Maushold
|-damage|p2b: Maushold|0 fnt
|faint|p2b: Maushold
|
|-weather|SunnyDay|[upkeep]
|upkeep
|c|☆gene takavic|-2 btw
|inactive|eskyur has 30 seconds left.
|c|☆gene takavic|insane
|inactive|eskyur has 20 seconds left.
|
|t:|1756509055
|switch|p2b: Charizard|Charizard, L50, F|100/100
|turn|3
|
|t:|1756509069
|-terastallize|p2b: Charizard|Fire
|move|p1a: Incineroar|Fake Out|p2b: Charizard
|-damage|p2b: Charizard|83/100
|cant|p2b: Charizard|flinch
|move|p2a: Gyarados|Waterfall|p1a: Incineroar
|-supereffective|p1a: Incineroar
|-damage|p1a: Incineroar|32/100
|move|p1b: Porygon2|Ice Beam|p2b: Charizard
|-resisted|p2b: Charizard
|-damage|p2b: Charizard|65/100
|
|-weather|SunnyDay|[upkeep]
|-damage|p2b: Charizard|53/100|[from] ability: Solar Power|[of] p2b: Charizard
|-end|p1b: Porygon2|move: Taunt
|upkeep
|turn|4
|inactive|eskyur has 30 seconds left.
|
|t:|1756509096
|move|p2b: Charizard|Flamethrower|p1b: Porygon2
|-damage|p1b: Porygon2|0 fnt
|faint|p1b: Porygon2
|-damage|p2b: Charizard|43/100|[from] item: Life Orb
|move|p2a: Gyarados|Thunder Wave|p1a: Incineroar
|-status|p1a: Incineroar|par
|move|p1a: Incineroar|Flare Blitz|p2b: Charizard
|-resisted|p2b: Charizard
|-damage|p2b: Charizard|0 fnt
|faint|p2b: Charizard
|-damage|p1a: Incineroar|21/100 par|[from] Recoil
|
|-weather|SunnyDay|[upkeep]
|upkeep
|
|t:|1756509112
|switch|p2b: Whimsicott|Whimsicott, L50, M|100/100
|switch|p1b: Ursaluna|Ursaluna, L50, M|100/100
|turn|5
|
|t:|1756509129
|move|p2b: Whimsicott|Moonblast|p1a: Incineroar
|-damage|p1a: Incineroar|0 fnt
|faint|p1a: Incineroar
|move|p2a: Gyarados|Waterfall|p1b: Ursaluna
|-supereffective|p1b: Ursaluna
|-damage|p1b: Ursaluna|90/100
|move|p1b: Ursaluna|Facade|p2b: Whimsicott
|-damage|p2b: Whimsicott|40/100
|
|-weather|none
|-status|p1b: Ursaluna|brn|[from] item: Flame Orb
|upkeep
|
|t:|1756509132
|switch|p1a: Torkoal|Torkoal, L50, F|100/100
|-weather|SunnyDay|[from] ability: Drought|[of] p1a: Torkoal
|turn|6
|
|t:|1756509150
|move|p2b: Whimsicott|Moonblast|p1b: Ursaluna
|-damage|p1b: Ursaluna|56/100 brn
|-unboost|p1b: Ursaluna|spa|1
|move|p2a: Gyarados|Waterfall|p1a: Torkoal
|-supereffective|p1a: Torkoal
|-damage|p1a: Torkoal|89/100
|move|p1b: Ursaluna|Facade|p2a: Gyarados
|-damage|p2a: Gyarados|0 fnt
|faint|p2a: Gyarados
|cant|p1a: Torkoal|flinch
|
|-weather|SunnyDay|[upkeep]
|-damage|p1b: Ursaluna|50/100 brn|[from] brn
|upkeep
|turn|7
|-message|eskyur forfeited.
|
|win|gene takavic
|l|☆eskyur
|player|p2|
||gene takavic is ready for game 2.
||eskyur is ready for game 2.
|uhtml|next|Next: Game 2 of 3
