|j|☆jomivgc
|j|☆Treecko25
|html|jomivgcTreecko25    
|uhtml|bestof|Game 1 of a best-of-3
|t:|1783714531
|gametype|doubles
|player|p1|jomivgc|falkner-gen2|1184
|player|p2|Treecko25|hilda|1246
|gen|9
|tier|[Gen 9 Champions] VGC 2026 Reg M-B (Bo3)
|rated|
|rule|Species Clause: Limit one of each Pokémon
|rule|Item Clause: Limit 1 of each item
|clearpoke
|poke|p1|Kleavor, L50, M|
|poke|p1|Sinistcha, L50|
|poke|p1|Archaludon, L50, M|
|poke|p1|Swampert, L50, M|
|poke|p1|Froslass, L50, F|
|poke|p1|Pelipper, L50, F|
|poke|p2|Sceptile, L50, F, shiny|
|poke|p2|Rotom-Wash, L50|
|poke|p2|Floette-Eternal, L50, F|
|poke|p2|Garchomp, L50, F|
|poke|p2|Kingambit, L50, M|
|poke|p2|Talonflame, L50, F|
|teampreview|4
|showteam|p1|Kleavor||ChoiceScarf|Sharpness|StoneAxe,XScissor,CloseCombat,NightSlash|Jolly||M|||50|]Sinistcha||KasibBerry|Hospitality|MatchaGotcha,Protect,RagePowder,TrickRoom|Modest|||||50|]Archaludon||Leftovers|Stamina|FlashCannon,Protect,ElectroShot,DragonPulse|Modest||M|||50|]Swampert||Swampertite|Damp|WaveCrash,Earthquake,RockSlide,Protect|Adamant||M|||50|]Froslass||Froslassite|CursedBody|Blizzard,RainDance,AuroraVeil,Protect|Modest||F|||50|]Pelipper||FocusSash|Drizzle|Hurricane,WeatherBall,WideGuard,Tailwind|Modest||F|||50|
|showteam|p2|Sceptile||Sceptilite|Overgrow|DragonPulse,EnergyBall,EarthPower,Detect|Timid||F|||50|]Rotom-Wash||ChoiceScarf|Levitate|Discharge,HydroPump,Thunderbolt,VoltSwitch|Timid|||||50|]Floette-Eternal||Floettite|FlowerVeil|DrainingKiss,DazzlingGleam,CalmMind,Protect|Modest||F|||50|]Garchomp||LifeOrb|RoughSkin|StompingTantrum,DragonClaw,RockSlide,Protect|Jolly||F|||50|]Kingambit||ChopleBerry|Defiant|KowtowCleave,SuckerPunch,IronHead,Protect|Adamant||M|||50|]Talonflame||SharpBeak|GaleWings|DualWingbeat,FlareBlitz,Tailwind,QuickGuard|Jolly||F|||50|
|inactive|Battle timer is ON: inactive players will automatically lose when time's up. (requested by jomivgc)
|
|t:|1783714560
|teamsize|p1|4
|teamsize|p2|4
|start
|switch|p1a: Kleavor|Kleavor, L50, M|100/100
|switch|p1b: Froslass|Froslass, L50, F|100/100
|switch|p2a: Talonflame|Talonflame, L50, F|100/100
|switch|p2b: ガブリアス|Garchomp, L50, F|100/100
|turn|1
|inactive|jomivgc has 30 seconds left.
|
|t:|1783714586
|detailschange|p1b: Froslass|Froslass-Mega, L50, F
|-mega|p1b: Froslass|Froslass|Froslassite
|-weather|Snowscape|[from] ability: Snow Warning|[of] p1b: Froslass
|move|p2a: Talonflame|Tailwind|p2a: Talonflame
|-sidestart|p2: Treecko25|move: Tailwind
|move|p2b: ガブリアス|Rock Slide|p1b: Froslass|[spread] p1a,p1b
|-supereffective|p1a: Kleavor|1
|-supereffective|p1b: Froslass|1
|-damage|p1a: Kleavor|37/100
|-damage|p1b: Froslass|49/100
|-damage|p2b: ガブリアス|90/100|[from] item: Life Orb
|cant|p1a: Kleavor|flinch
|cant|p1b: Froslass|flinch
|
|-weather|Snowscape|[upkeep]
|upkeep
|turn|2
|inactive|jomivgc has 30 seconds left.
|c|☆jomivgc|epic
|inactive|jomivgc has 20 seconds left.
|inactive|jomivgc has 15 seconds left.
|
|t:|1783714628
|switch|p1a: Archaludon|Archaludon, L50, M|100/100
|move|p1b: Froslass|Protect|p1b: Froslass
|-singleturn|p1b: Froslass|Protect
|move|p2a: Talonflame|Dual Wingbeat|p1b: Froslass
|-activate|p1b: Froslass|move: Protect
|move|p2b: ガブリアス|Rock Slide|p1b: Froslass|[spread] p1a
|-activate|p1b: Froslass|move: Protect
|-resisted|p1a: Archaludon|1
|-damage|p1a: Archaludon|91/100
|-ability|p1a: Archaludon|Stamina|boost
|-boost|p1a: Archaludon|def|1
|-damage|p2b: ガブリアス|80/100|[from] item: Life Orb
|
|-weather|Snowscape|[upkeep]
|-heal|p1a: Archaludon|97/100|[from] item: Leftovers
|upkeep
|turn|3
|
|t:|1783714653
|move|p2a: Talonflame|Flare Blitz|p1b: Froslass
|-supereffective|p1b: Froslass|1
|-crit|p1b: Froslass
|-damage|p1b: Froslass|0 fnt
|faint|p1b: Froslass
|-damage|p2a: Talonflame|85/100|[from] Recoil
|move|p2b: ガブリアス|Stomping Tantrum|p1a: Archaludon
|-supereffective|p1a: Archaludon|1
|-damage|p1a: Archaludon|46/100
|-ability|p1a: Archaludon|Stamina|boost
|-boost|p1a: Archaludon|def|1
|-damage|p2b: ガブリアス|70/100|[from] item: Life Orb
|move|p1a: Archaludon|Dragon Pulse|p2b: ガブリアス
|-supereffective|p2b: ガブリアス|1
|-damage|p2b: ガブリアス|0 fnt
|faint|p2b: ガブリアス
|
|-weather|Snowscape|[upkeep]
|-heal|p1a: Archaludon|52/100|[from] item: Leftovers
|upkeep
|
|t:|1783714670
|switch|p1b: Pelipper|Pelipper, L50, F|100/100
|switch|p2b: Sceptile|Sceptile, L50, F, shiny|100/100
|-weather|RainDance|[from] ability: Drizzle|[of] p1b: Pelipper
|turn|4
|inactive|Treecko25 has 30 seconds left.
|
|t:|1783714695
|detailschange|p2b: Sceptile|Sceptile-Mega, L50, F, shiny
|-mega|p2b: Sceptile|Sceptile|Sceptilite
|move|p2b: Sceptile|Detect|p2b: Sceptile
|-singleturn|p2b: Sceptile|Protect
|move|p1a: Archaludon|Protect|p1a: Archaludon
|-singleturn|p1a: Archaludon|Protect
|move|p2a: Talonflame|Flare Blitz|p1b: Pelipper
|-resisted|p1b: Pelipper|1
|-damage|p1b: Pelipper|86/100
|-damage|p2a: Talonflame|81/100|[from] Recoil
|move|p1b: Pelipper|Weather Ball|p2a: Talonflame
|-supereffective|p2a: Talonflame|1
|-damage|p2a: Talonflame|0 fnt
|faint|p2a: Talonflame
|
|-weather|RainDance|[upkeep]
|-heal|p1a: Archaludon|58/100|[from] item: Leftovers
|-sideend|p2: Treecko25|move: Tailwind
|upkeep
|
|t:|1783714707
|switch|p2a: Rotom|Rotom-Wash, L50|100/100
|turn|5
|inactive|jomivgc has 30 seconds left.
|
|t:|1783714737
|move|p2a: Rotom|Discharge|p1b: Pelipper|[spread] p1a,p1b
|-ability|p2b: Sceptile|Lightning Rod|boost
|-boost|p2b: Sceptile|spa|1
|-resisted|p1a: Archaludon|1
|-supereffective|p1b: Pelipper|2
|-damage|p1a: Archaludon|47/100
|-damage|p1b: Pelipper|0 fnt
|-ability|p1a: Archaludon|Stamina|boost
|-boost|p1a: Archaludon|def|1
|faint|p1b: Pelipper
|move|p2b: Sceptile|Earth Power|p1a: Archaludon
|-supereffective|p1a: Archaludon|1
|-damage|p1a: Archaludon|0 fnt
|faint|p1a: Archaludon
|
|-weather|RainDance|[upkeep]
|upkeep
|-message|jomivgc forfeited.
|
|win|Treecko25
|l|☆jomivgc
|player|p1|
|j|☆jomivgc
|player|p1|jomivgc|falkner-gen2|
||Treecko25 is ready for game 2.
