|j|☆turbogoddi
|j|☆Graygak
|html|turbogoddiGraygak    
|uhtml|bestof|Game 1 of a best-of-3
|t:|1757176117
|gametype|doubles
|player|p1|turbogoddi|102|1150
|player|p2|Graygak|flannery|1174
|gen|9
|tier|[Gen 9] VGC 2025 Reg H (Bo3)
|rated|
|rule|Species Clause: Limit one of each Pokémon
|rule|Item Clause: Limit 1 of each item
|clearpoke
|poke|p1|Dondozo, L50, M|
|poke|p1|Tatsugiri-Droopy, L50, F|
|poke|p1|Ursaluna-Bloodmoon, L50, M|
|poke|p1|Rillaboom, L50, M|
|poke|p1|Electabuzz, L50, M|
|poke|p1|Garchomp, L50, M|
|poke|p2|Wyrdeer, L50, M|
|poke|p2|Indeedee-F, L50, F|
|poke|p2|Annihilape, L50, F|
|poke|p2|Torkoal, L50, F|
|poke|p2|Delphox, L50, F|
|poke|p2|Kingambit, L50, F|
|teampreview|4
|showteam|p1|Dondozo||Leftovers|Unaware|HeavySlam,OrderUp,BodyPress,Substitute|||M|||50|,,,,,Steel]Tatsugiri-Droopy||FocusSash|Commander|DragonPulse,IcyWind,Taunt,Protect|||F|||50|,,,,,Dragon]Ursaluna-Bloodmoon||LifeOrb|MindsEye|EarthPower,HyperVoice,BloodMoon,Protect|||M|||50|,,,,,Normal]Rillaboom||MiracleSeed|GrassySurge|GrassyGlide,WoodHammer,FakeOut,Uturn|||M|||50|,,,,,Grass]Electabuzz||Eviolite|VitalSpirit|Electroweb,FollowMe,Taunt,Protect|||M|||50|,,,,,Ghost]Garchomp||ClearAmulet|RoughSkin|StompingTantrum,IronHead,Protect,DragonClaw|||M|||50|,,,,,Steel
|showteam|p2|Wyrdeer||LifeOrb|Intimidate|Protect,TrickRoom,ExpandingForce,EarthPower|||M|||50|,,,,,Ground]Indeedee-F||RockyHelmet|PsychicSurge|Imprison,FollowMe,TrickRoom,Psychic|||F|||50|,,,,,Grass]Annihilape||SafetyGoggles|Defiant|DrainPunch,ThroatChop,RageFist,Protect|||F|||50|,,,,,Fire]Torkoal||Charcoal|Drought|Eruption,HelpingHand,Protect,WeatherBall|||F|||50|,,,,,Grass]Delphox||ChoiceScarf|Blaze|HeatWave,ExpandingForce,DazzlingGleam,Flamethrower|||F|||50|,,,,,Fairy]Kingambit||AssaultVest|Defiant|KowtowCleave,SuckerPunch,PoisonJab,LowKick|||F|||50|,,,,,Poison
|inactive|Battle timer is ON: inactive players will automatically lose when time's up. (requested by turbogoddi)
|inactive|turbogoddi has 60 seconds left.
|inactive|Graygak has 60 seconds left.
|inactive|Graygak has 30 seconds left.
|inactive|Graygak has 20 seconds left.
|inactive|Graygak has 15 seconds left.
|inactive|Graygak has 10 seconds left.
|inactive|Graygak has 5 seconds left.
|
|t:|1757176204
|teamsize|p1|4
|teamsize|p2|4
|start
|switch|p1a: Electabuzz|Electabuzz, L50, M, shiny|100/100
|switch|p1b: Ursaluna|Ursaluna-Bloodmoon, L50, M|100/100
|switch|p2a: Wyrdeer|Wyrdeer, L50, M|100/100
|switch|p2b: Indeedee|Indeedee-F, L50, F|100/100
|-fieldstart|move: Psychic Terrain|[from] ability: Psychic Surge|[of] p2b: Indeedee
|-ability|p2a: Wyrdeer|Intimidate|boost
|-unboost|p1a: Electabuzz|atk|1
|-unboost|p1b: Ursaluna|atk|1
|turn|1
|inactive|turbogoddi has 30 seconds left.
|inactive|turbogoddi has 20 seconds left.
|inactive|turbogoddi has 15 seconds left.
|inactive|turbogoddi has 10 seconds left.
|
|t:|1757176251
|switch|p1a: Rillaboom|Rillaboom, L50, M|100/100
|-fieldstart|move: Grassy Terrain|[from] ability: Grassy Surge|[of] p1a: Rillaboom
|-terastallize|p1b: Ursaluna|Normal
|move|p1b: Ursaluna|Blood Moon|p2b: Indeedee
|-damage|p2b: Indeedee|0 fnt
|faint|p2b: Indeedee
|-damage|p1b: Ursaluna|91/100|[from] item: Life Orb
|move|p2a: Wyrdeer|Expanding Force|p1a: Rillaboom
|-damage|p1a: Rillaboom|45/100
|-damage|p2a: Wyrdeer|90/100|[from] item: Life Orb
|
|-heal|p1b: Ursaluna|97/100|[from] Grassy Terrain
|-heal|p1a: Rillaboom|51/100|[from] Grassy Terrain
|-heal|p2a: Wyrdeer|97/100|[from] Grassy Terrain
|upkeep
|
|t:|1757176271
|switch|p2b: Kingambit|Kingambit, L50, F|100/100
|turn|2
|inactive|Graygak has 30 seconds left.
|
|t:|1757176298
|move|p1a: Rillaboom|Fake Out|p2a: Wyrdeer
|-damage|p2a: Wyrdeer|79/100
|move|p1b: Ursaluna|Earth Power|p2b: Kingambit
|-supereffective|p2b: Kingambit
|-damage|p2b: Kingambit|13/100
|-damage|p1b: Ursaluna|87/100|[from] item: Life Orb
|cant|p2a: Wyrdeer|flinch
|move|p2b: Kingambit|Low Kick|p1b: Ursaluna
|-supereffective|p1b: Ursaluna
|-damage|p1b: Ursaluna|10/100
|
|-heal|p1b: Ursaluna|16/100|[from] Grassy Terrain
|-heal|p1a: Rillaboom|57/100|[from] Grassy Terrain
|-heal|p2b: Kingambit|18/100|[from] Grassy Terrain
|-heal|p2a: Wyrdeer|85/100|[from] Grassy Terrain
|upkeep
|turn|3
|
|t:|1757176318
|move|p1a: Rillaboom|Grassy Glide|p2b: Kingambit
|-resisted|p2b: Kingambit
|-damage|p2b: Kingambit|0 fnt
|faint|p2b: Kingambit
|move|p1b: Ursaluna|Blood Moon|p2a: Wyrdeer
|-damage|p2a: Wyrdeer|0 fnt
|faint|p2a: Wyrdeer
|-damage|p1b: Ursaluna|6/100|[from] item: Life Orb
|
|-heal|p1b: Ursaluna|12/100|[from] Grassy Terrain
|-heal|p1a: Rillaboom|63/100|[from] Grassy Terrain
|upkeep
|
|t:|1757176322
|switch|p2a: Torkoal|Torkoal, L50, F|100/100
|-weather|SunnyDay|[from] ability: Drought|[of] p2a: Torkoal
|turn|4
|
|t:|1757176328
|-terastallize|p2a: Torkoal|Grass
|move|p1b: Ursaluna|Earth Power|p2a: Torkoal
|-resisted|p2a: Torkoal
|-damage|p2a: Torkoal|61/100
|-unboost|p2a: Torkoal|spd|1
|-damage|p1b: Ursaluna|3/100|[from] item: Life Orb
|move|p1a: Rillaboom|Wood Hammer|p2a: Torkoal
|-resisted|p2a: Torkoal
|-damage|p2a: Torkoal|11/100
|-damage|p1a: Rillaboom|51/100|[from] Recoil
|move|p2a: Torkoal|Eruption|p1b: Ursaluna|[spread] p1a,p1b
|-supereffective|p1a: Rillaboom
|-damage|p1a: Rillaboom|31/100
|-damage|p1b: Ursaluna|0 fnt
|faint|p1b: Ursaluna
|
|-weather|SunnyDay|[upkeep]
|-heal|p1a: Rillaboom|37/100|[from] Grassy Terrain
|-heal|p2a: Torkoal|18/100|[from] Grassy Terrain
|upkeep
|
|t:|1757176331
|switch|p1b: Electabuzz|Electabuzz, L50, M, shiny|100/100
|turn|5
|
|t:|1757176343
|move|p1b: Electabuzz|Electroweb|p2a: Torkoal
|-resisted|p2a: Torkoal
|-damage|p2a: Torkoal|0 fnt
|faint|p2a: Torkoal
|
|win|turbogoddi
|l|☆Graygak
|player|p2|
||turbogoddi is ready for game 2.
||Graygak is ready for game 2.
|uhtml|next|Next: Game 2 of 3
|j|☆Graygak
|player|p2|Graygak|flannery|
