|j|☆theonlyambipomfan
|j|☆joyfulwizard
|html|theonlyambipomfanjoyfulwizard    
|uhtml|bestof|Game 2 of a best-of-3
|t:|1782238951
|gametype|doubles
|player|p1|theonlyambipomfan|volkner|1086
|player|p2|joyfulwizard|2|1092
|gen|9
|tier|[Gen 9 Champions] VGC 2026 Reg M-B (Bo3)
|rated|
|rule|Species Clause: Limit one of each Pokémon
|rule|Item Clause: Limit 1 of each item
|clearpoke
|poke|p1|Houndstone, L50, F|
|poke|p1|Tyranitar, L50, F|
|poke|p1|Excadrill, L50, F, shiny|
|poke|p1|Rotom-Wash, L50, shiny|
|poke|p1|Corviknight, L50, M|
|poke|p1|Farigiraf, L50, F|
|poke|p2|Politoed, L50, M|
|poke|p2|Gengar, L50, M, shiny|
|poke|p2|Sinistcha, L50|
|poke|p2|Incineroar, L50, F|
|poke|p2|Scrafty, L50, M|
|poke|p2|Floette-Eternal, L50, F|
|teampreview|4
|showteam|p1|Houndstone||LifeOrb|SandRush|LastRespects,ShadowSneak,Protect,WillOWisp|Jolly||F|||50|]Tyranitar||Tyranitarite|SandStream|RockSlide,IcePunch,KnockOff,Protect|Adamant||F|||50|]Excadrill||FocusSash|SandRush|IronHead,HighHorsepower,RockSlide,Earthquake|Adamant||F|||50|]Rotom-Wash||Magnet|Levitate|VoltSwitch,HydroPump,Thunderbolt,WillOWisp|Calm|||||50|]Corviknight||Leftovers|MirrorArmor|Tailwind,BulkUp,IronHead,BraveBird|Careful||M|||50|]Farigiraf||SitrusBerry|ArmorTail|Protect,Psychic,TrickRoom,HyperVoice|Sassy||F|||50|
|showteam|p2|Politoed||SitrusBerry|Drizzle|Protect,WeatherBall,IcyWind,Encore|Modest||M|||50|]Gengar||Gengarite|CursedBody|PerishSong,ShadowBall,Disable,Protect|Timid||M|||50|]Sinistcha||KasibBerry|Hospitality|MatchaGotcha,TrickRoom,RagePowder,Protect|Modest|||||50|]Incineroar||PasshoBerry|Intimidate|Protect,FakeOut,PartingShot,DarkestLariat|Careful||F|||50|]Scrafty||FocusSash|Intimidate|Protect,FakeOut,KnockOff,CloseCombat|Adamant||M|||50|]Floette-Eternal||Floettite|FlowerVeil|Protect,DrainingKiss,CalmMind,DazzlingGleam|Modest||F|||50|
|
|t:|1782238987
|teamsize|p1|4
|teamsize|p2|4
|start
|switch|p1a: Tyranitar|Tyranitar, L50, F|100/100
|switch|p1b: Excadrill|Excadrill, L50, F, shiny|100/100
|switch|p2a: Scrafty|Scrafty, L50, M|100/100
|switch|p2b: Sinistcha|Sinistcha, L50|100/100
|-ability|p2a: Scrafty|Intimidate|boost
|-unboost|p1a: Tyranitar|atk|1
|-unboost|p1b: Excadrill|atk|1
|-weather|Sandstorm|[from] ability: Sand Stream|[of] p1a: Tyranitar
|turn|1
|
|t:|1782239002
|move|p1a: Tyranitar|Protect|p1a: Tyranitar
|-singleturn|p1a: Tyranitar|Protect
|move|p1b: Excadrill|Earthquake|p2b: Sinistcha|[spread] p2a,p2b
|-activate|p1a: Tyranitar|move: Protect
|-resisted|p2b: Sinistcha|1
|-damage|p2a: Scrafty|67/100
|-damage|p2b: Sinistcha|86/100
|move|p2a: Scrafty|Close Combat|p1a: Tyranitar
|-activate|p1a: Tyranitar|move: Protect
|move|p2b: Sinistcha|Trick Room|p2b: Sinistcha
|-fieldstart|move: Trick Room|[of] p2b: Sinistcha
|
|-weather|Sandstorm|[upkeep]
|-damage|p2b: Sinistcha|80/100|[from] Sandstorm
|-damage|p2a: Scrafty|61/100|[from] Sandstorm
|upkeep
|turn|2
|
|t:|1782239023
|switch|p1a: Houndstone|Houndstone, L50, F|100/100
|move|p2b: Sinistcha|Matcha Gotcha|p1a: Houndstone|[spread] p1a,p1b
|-damage|p1a: Houndstone|68/100
|-heal|p2b: Sinistcha|94/100|[from] drain|[of] p1a: Houndstone
|-damage|p1b: Excadrill|63/100
|-heal|p2b: Sinistcha|100/100|[from] drain|[of] p1b: Excadrill
|-status|p1a: Houndstone|brn
|move|p2a: Scrafty|Close Combat|p1a: Houndstone
|-immune|p1a: Houndstone
|move|p1b: Excadrill|High Horsepower|p2a: Scrafty
|-damage|p2a: Scrafty|15/100
|
|-weather|Sandstorm|[upkeep]
|-damage|p2b: Sinistcha|93/100|[from] Sandstorm
|-damage|p2a: Scrafty|9/100|[from] Sandstorm
|-damage|p1a: Houndstone|62/100 brn|[from] brn
|upkeep
|turn|3
|
|t:|1782239071
|switch|p1a: Corviknight|Corviknight, L50, M|100/100
|move|p2b: Sinistcha|Matcha Gotcha|p1a: Corviknight|[spread] p1a,p1b
|-resisted|p1a: Corviknight|2
|-damage|p1a: Corviknight|94/100
|-heal|p2b: Sinistcha|97/100|[from] drain|[of] p1a: Corviknight
|-damage|p1b: Excadrill|28/100
|-heal|p2b: Sinistcha|100/100|[from] drain|[of] p1b: Excadrill
|-status|p1a: Corviknight|brn
|move|p2a: Scrafty|Knock Off|p1a: Corviknight
|-crit|p1a: Corviknight
|-damage|p1a: Corviknight|38/100 brn
|-enditem|p1a: Corviknight|Leftovers|[from] move: Knock Off|[of] p2a: Scrafty
|move|p1b: Excadrill|Rock Slide|p2a: Scrafty|[spread] p2a
|-miss|p1b: Excadrill|p2b: Sinistcha
|-resisted|p2a: Scrafty|1
|-damage|p2a: Scrafty|1/100
|
|-weather|Sandstorm|[upkeep]
|-damage|p2b: Sinistcha|93/100|[from] Sandstorm
|-damage|p2a: Scrafty|0 fnt|[from] Sandstorm
|faint|p2a: Scrafty
|-damage|p1a: Corviknight|32/100 brn|[from] brn
|upkeep
|
|t:|1782239089
|switch|p2a: Politoed|Politoed, L50, M|100/100
|-weather|RainDance|[from] ability: Drizzle|[of] p2a: Politoed
|turn|4
|
|t:|1782239106
|move|p2a: Politoed|Weather Ball|p1b: Excadrill
|-supereffective|p1b: Excadrill|1
|-damage|p1b: Excadrill|0 fnt
|faint|p1b: Excadrill
|move|p2b: Sinistcha|Matcha Gotcha|p1a: Corviknight
|-resisted|p1a: Corviknight|2
|-damage|p1a: Corviknight|25/100 brn
|-heal|p2b: Sinistcha|98/100|[from] drain|[of] p1a: Corviknight
|move|p1a: Corviknight|Tailwind|p1a: Corviknight
|-sidestart|p1: theonlyambipomfan|move: Tailwind
|
|-weather|RainDance|[upkeep]
|-damage|p1a: Corviknight|19/100 brn|[from] brn
|upkeep
|
|t:|1782239118
|switch|p1b: Tyranitar|Tyranitar, L50, F|100/100
|-weather|Sandstorm|[from] ability: Sand Stream|[of] p1b: Tyranitar
|turn|5
|
|t:|1782239136
|switch|p2b: Floette|Floette-Eternal, L50, F|100/100
|detailschange|p1b: Tyranitar|Tyranitar-Mega, L50, F
|-mega|p1b: Tyranitar|Tyranitar|Tyranitarite
|move|p1b: Tyranitar|Protect|p1b: Tyranitar
|-singleturn|p1b: Tyranitar|Protect
|move|p2a: Politoed|Icy Wind|p1a: Corviknight|[spread] p1a
|-activate|p1b: Tyranitar|move: Protect
|-damage|p1a: Corviknight|11/100 brn
|-ability|p1a: Corviknight|Mirror Armor
|-unboost|p2a: Politoed|spe|1
|move|p1a: Corviknight|Brave Bird|p2b: Floette
|-damage|p2b: Floette|76/100
|-damage|p1a: Corviknight|5/100 brn|[from] Recoil
|
|-weather|Sandstorm|[upkeep]
|-damage|p2a: Politoed|93/100|[from] Sandstorm
|-damage|p2b: Floette|70/100|[from] Sandstorm
|-damage|p1a: Corviknight|0 fnt|[from] brn
|faint|p1a: Corviknight
|-fieldend|move: Trick Room
|upkeep
|
|t:|1782239154
|switch|p1a: Houndstone|Houndstone, L50, F|62/100 brn
|turn|6
|
|t:|1782239203
|switch|p2a: Sinistcha|Sinistcha, L50|98/100
|-heal|p2b: Floette|95/100|[from] ability: Hospitality|[of] p2a: Sinistcha
|detailschange|p2b: Floette|Floette-Mega, L50, F
|-mega|p2b: Floette|Floette|Floettite
|-ability|p2b: Floette|Fairy Aura
|move|p1a: Houndstone|Last Respects|p2b: Floette
|-damage|p2b: Floette|50/100g
|-damage|p1a: Houndstone|52/100 brn|[from] item: Life Orb
|move|p1b: Tyranitar|Rock Slide|p2a: Sinistcha|[spread] p2a,p2b
|-damage|p2a: Sinistcha|64/100
|-damage|p2b: Floette|3/100
|move|p2b: Floette|Dazzling Gleam|p1b: Tyranitar|[spread] p1a,p1b
|-supereffective|p1b: Tyranitar|1
|-damage|p1a: Houndstone|0 fnt
|-damage|p1b: Tyranitar|50/100g
|faint|p1a: Houndstone
|
|-weather|Sandstorm|[upkeep]
|-damage|p2b: Floette|0 fnt|[from] Sandstorm
|-damage|p2a: Sinistcha|58/100|[from] Sandstorm
|faint|p2b: Floette
|upkeep
|
|t:|1782239218
|switch|p2b: Politoed|Politoed, L50, M|93/100
|-weather|RainDance|[from] ability: Drizzle|[of] p2b: Politoed
|turn|7
|
|t:|1782239229
|move|p1b: Tyranitar|Knock Off|p2a: Sinistcha
|-supereffective|p2a: Sinistcha|1
|-damage|p2a: Sinistcha|0 fnt
|-enditem|p2a: Sinistcha|Kasib Berry|[from] move: Knock Off|[of] p1b: Tyranitar
|faint|p2a: Sinistcha
|move|p2b: Politoed|Weather Ball|p1b: Tyranitar
|-supereffective|p1b: Tyranitar|1
|-damage|p1b: Tyranitar|0 fnt
|faint|p1b: Tyranitar
|
|win|joyfulwizard
||theonlyambipomfan is ready for game 3.
||joyfulwizard is ready for game 3.
|uhtml|next|Next: Game 3 of 3
|l|☆theonlyambipomfan
|player|p1|
