|j|☆Philip9804
|j|☆AbsolutNOOB1.2
|html|Philip9804AbsolutNOOB1.2    
|uhtml|bestof|Game 1 of a best-of-3
|t:|1785328223
|gametype|doubles
|player|p1|Philip9804|may-masters3|1000
|player|p2|AbsolutNOOB1.2|102|1033
|gen|9
|tier|[Gen 9 Champions] VGC 2026 Reg M-B (Bo3)
|rated|
|rule|Species Clause: Limit one of each Pokémon
|rule|Item Clause: Limit 1 of each item
|clearpoke
|poke|p1|Charizard, L50, F, shiny|
|poke|p1|Staraptor, L50, F, shiny|
|poke|p1|Ninetales-Alola, L50, F, shiny|
|poke|p1|Kingambit, L50, M, shiny|
|poke|p1|Whimsicott, L50, F, shiny|
|poke|p1|Garchomp, L50, M, shiny|
|poke|p2|Excadrill, L50, F|
|poke|p2|Tyranitar, L50, M|
|poke|p2|Charizard, L50, F|
|poke|p2|Venusaur, L50, M|
|poke|p2|Whimsicott, L50, M|
|poke|p2|Garchomp, L50, M|
|teampreview|4
|showteam|p1|Charizard||CharizarditeY|Blaze|HeatWave,WeatherBall,SolarBeam,Protect|Modest||F|||50|]Staraptor||Staraptite|Intimidate|BraveBird,CloseCombat,Roost,Protect|Jolly||F|||50|]Ninetales-Alola||FocusSash|SnowWarning|Blizzard,FreezeDry,Roar,Protect|Timid||F|||50|]Kingambit||BlackGlasses|Defiant|KowtowCleave,SuckerPunch,IronHead,Protect|Adamant||M|||50|]Whimsicott||FairyFeather|Prankster|Moonblast,Tailwind,SunnyDay,Encore|Timid||F|||50|]Garchomp||LifeOrb|RoughSkin|StompingTantrum,DragonClaw,RockSlide,Protect|Jolly||M|||50|
|showteam|p2|Excadrill||LifeOrb|SandRush|HighHorsepower,IronHead,RockSlide,Protect|Adamant||F|||50|]Tyranitar||Tyranitarite|SandStream|StoneEdge,KnockOff,ThunderPunch,Protect|Brave||M|||50|]Charizard||CharizarditeY|Blaze|HeatWave,WeatherBall,SolarBeam,Protect|Timid||F|||50|]Venusaur||Leftovers|Chlorophyll|Synthesis,EarthPower,SludgeBomb,SolarBeam|Modest||M|||50|]Whimsicott||FocusSash|Prankster|Encore,Tailwind,Moonblast,Protect|Timid||M|||50|]Garchomp||KingsRock|SandVeil|RockSlide,StompingTantrum,DragonRush,Protect|Adamant||M|||50|
|inactive|Battle timer is ON: inactive players will automatically lose when time's up. (requested by Philip9804)
|inactive|Philip9804 has 60 seconds left.
|inactive|AbsolutNOOB1.2 has 60 seconds left.
|
|t:|1785328266
|teamsize|p1|4
|teamsize|p2|4
|start
|switch|p1a: Whimsicott|Whimsicott, L50, F, shiny|100/100
|switch|p1b: Staraptor|Staraptor, L50, F, shiny|100/100
|switch|p2a: SOLID|Excadrill, L50, F|100/100
|switch|p2b: DUVET|Whimsicott, L50, M|100/100
|-ability|p1b: Staraptor|Intimidate|boost
|-unboost|p2a: SOLID|atk|1
|-unboost|p2b: DUVET|atk|1
|turn|1
|inactive|Philip9804 has 30 seconds left.
|
|t:|1785328296
|move|p2a: SOLID|Protect|p2a: SOLID
|-singleturn|p2a: SOLID|Protect
|move|p2b: DUVET|Tailwind|p2b: DUVET
|-sidestart|p2: AbsolutNOOB1.2|move: Tailwind
|move|p1a: Whimsicott|Moonblast|p2b: DUVET
|-damage|p2b: DUVET|43/100
|move|p1b: Staraptor|Brave Bird|p2b: DUVET
|-supereffective|p2b: DUVET|1
|-damage|p2b: DUVET|0 fnt
|faint|p2b: DUVET
|-damage|p1b: Staraptor|86/100|[from] Recoil
|
|upkeep
|
|t:|1785328307
|switch|p2b: ROCK|Tyranitar, L50, M|100/100
|-weather|Sandstorm|[from] ability: Sand Stream|[of] p2b: ROCK
|turn|2
|inactive|Philip9804 has 30 seconds left.
|inactive|AbsolutNOOB1.2 has 30 seconds left.
|
|t:|1785328340
|detailschange|p1b: Staraptor|Staraptor-Mega, L50, F, shiny
|-mega|p1b: Staraptor|Staraptor|Staraptite
|move|p2b: ROCK|Protect|p2b: ROCK
|-singleturn|p2b: ROCK|Protect
|move|p1a: Whimsicott|Encore|p2a: SOLID
|-start|p2a: SOLID|Encore
|move|p2a: SOLID|Protect||[still]
|-fail|p2a: SOLID
|move|p1b: Staraptor|Close Combat|p2b: ROCK
|-activate|p2b: ROCK|move: Protect
|
|-weather|Sandstorm|[upkeep]
|-damage|p1a: Whimsicott|94/100|[from] Sandstorm
|-damage|p1b: Staraptor|80/100|[from] Sandstorm
|upkeep
|turn|3
|
|t:|1785328361
|switch|p2a: MENACE|Venusaur, L50, M|100/100
|move|p1a: Whimsicott|Tailwind|p1a: Whimsicott
|-sidestart|p1: Philip9804|move: Tailwind
|move|p1b: Staraptor|Close Combat|p2b: ROCK
|-supereffective|p2b: ROCK|2
|-damage|p2b: ROCK|0 fnt
|-boost|p1b: Staraptor|def|1
|-boost|p1b: Staraptor|spd|1
|faint|p2b: ROCK
|
|-weather|Sandstorm|[upkeep]
|-damage|p1a: Whimsicott|88/100|[from] Sandstorm
|-damage|p1b: Staraptor|74/100|[from] Sandstorm
|-damage|p2a: MENACE|94/100|[from] Sandstorm
|-heal|p2a: MENACE|100/100|[from] item: Leftovers
|upkeep
|
|t:|1785328379
|switch|p2b: SOLID|Excadrill, L50, F|100/100
|turn|4
|
|t:|1785328402
|switch|p1a: Ninetales|Ninetales-Alola, L50, F, shiny|100/100
|-weather|Snowscape|[from] ability: Snow Warning|[of] p1a: Ninetales
|move|p1b: Staraptor|Close Combat|p2b: SOLID
|-supereffective|p2b: SOLID|1
|-damage|p2b: SOLID|0 fnt
|-boost|p1b: Staraptor|def|1
|-boost|p1b: Staraptor|spd|1
|faint|p2b: SOLID
|move|p2a: MENACE|Sludge Bomb|p1a: Ninetales
|-supereffective|p1a: Ninetales|1
|-damage|p1a: Ninetales|2/100
|-status|p1a: Ninetales|psn
|
|-weather|Snowscape|[upkeep]
|-damage|p1a: Ninetales|0 fnt|[from] psn
|faint|p1a: Ninetales
|-sideend|p2: AbsolutNOOB1.2|move: Tailwind
|upkeep
|
|t:|1785328415
|switch|p1a: Garchomp|Garchomp, L50, M, shiny|100/100
|turn|5
|
|t:|1785328426
|move|p1b: Staraptor|Brave Bird|p2a: MENACE
|-supereffective|p2a: MENACE|1
|-damage|p2a: MENACE|0 fnt
|faint|p2a: MENACE
|-damage|p1b: Staraptor|42/100|[from] Recoil
|
|win|Philip9804
||Philip9804 is ready for game 2.
|l|☆AbsolutNOOB1.2
|player|p2|
|inactive|AbsolutNOOB1.2 has 30 seconds to confirm battle start!
