|j|☆SeanClubcardcoach
|j|☆damage63
|html|SeanClubcardcoachdamage63    
|uhtml|bestof|Game 3 of a best-of-3
|t:|1754602693
|gametype|doubles
|player|p1|SeanClubcardcoach|101|1289
|player|p2|damage63|fisherman-gen4|1377
|gen|9
|tier|[Gen 9] VGC 2025 Reg H (Bo3)
|rated|
|rule|Species Clause: Limit one of each Pokémon
|rule|Item Clause: Limit 1 of each item
|clearpoke
|poke|p1|Tyranitar, L50, F|
|poke|p1|Kommo-o, L50, M|
|poke|p1|Rillaboom, L50, F|
|poke|p1|Volcarona, L50, F|
|poke|p1|Whimsicott, L50, M|
|poke|p1|Gholdengo, L50|
|poke|p2|Charizard, L50, M|
|poke|p2|Torkoal, L50, M|
|poke|p2|Porygon2, L50|
|poke|p2|Incineroar, L50, F|
|poke|p2|Jumpluff, L50, M|
|poke|p2|Ursaluna, L50, M|
|teampreview|4
|showteam|p1|Tyranitar||AssaultVest|SandStream|KnockOff,RockSlide,LowKick,TeraBlast|||F|||50|,,,,,Flying]Kommo-o||ChoiceSpecs|Overcoat|ClangingScales,AuraSphere,Flamethrower,DracoMeteor|||M|||50|,,,,,Fire]Rillaboom||MiracleSeed|GrassySurge|Protect,WoodHammer,GrassyGlide,FakeOut|||F|||50|,,,,,Grass]Volcarona||GrassySeed|FlameBody|Protect,RagePowder,WillOWisp,HeatWave|||F|||50|,,,,,Dragon]Whimsicott||CovertCloak|Prankster|Tailwind,Moonblast,Encore,FakeTears|||M|||50|,,,,,Fire]Gholdengo||Leftovers|GoodasGold|Protect,NastyPlot,MakeItRain,ShadowBall||||||50|,,,,,Water
|showteam|p2|Charizard||ChoiceSpecs|SolarPower|HeatWave,Overheat,WeatherBall,AirSlash|||M|||50|,,,,,Ghost]Torkoal||EjectPack|Drought|Eruption,Overheat,HelpingHand,Protect|||M|||50|,,,,,Fire]Porygon2||Eviolite|Download|IceBeam,TeraBlast,TrickRoom,Recover||||||50|,,,,,Fighting]Incineroar||SafetyGoggles|Intimidate|FlareBlitz,KnockOff,FakeOut,PartingShot|||F|||50|,,,,,Ghost]Jumpluff||CovertCloak|Chlorophyll|SleepPowder,SunnyDay,RagePowder,Tailwind|||M|||50|,,,,,Water]Ursaluna||FlameOrb|Guts|HeadlongRush,Facade,Earthquake,Protect|||M|||50|,,,,,Ghost
|inactive|Battle timer is ON: inactive players will automatically lose when time's up. (requested by SeanClubcardcoach)
|inactive|damage63 has 60 seconds left.
|
|t:|1754602727
|teamsize|p1|4
|teamsize|p2|4
|start
|switch|p1a: Kommo-o|Kommo-o, L50, M|100/100
|switch|p1b: Rillaboom|Rillaboom, L50, F, shiny|100/100
|switch|p2a: Porygon2|Porygon2, L50|100/100
|switch|p2b: Incineroar|Incineroar, L50, F|100/100
|-fieldstart|move: Grassy Terrain|[from] ability: Grassy Surge|[of] p1b: Rillaboom
|-ability|p2b: Incineroar|Intimidate|boost
|-unboost|p1a: Kommo-o|atk|1
|-unboost|p1b: Rillaboom|atk|1
|-ability|p2a: Porygon2|Download|boost
|-boost|p2a: Porygon2|spa|1
|turn|1
|
|t:|1754602746
|move|p1b: Rillaboom|Fake Out|p2a: Porygon2
|-damage|p2a: Porygon2|94/100
|move|p2b: Incineroar|Fake Out|p1a: Kommo-o
|-damage|p1a: Kommo-o|88/100
|cant|p1a: Kommo-o|flinch
|cant|p2a: Porygon2|flinch
|
|-heal|p1a: Kommo-o|94/100|[from] Grassy Terrain
|-heal|p2a: Porygon2|99/100|[from] Grassy Terrain
|upkeep
|turn|2
|inactive|SeanClubcardcoach has 30 seconds left.
|
|t:|1754602777
|-terastallize|p2a: Porygon2|Fighting
|move|p1a: Kommo-o|Aura Sphere|p2a: Porygon2
|-crit|p2a: Porygon2
|-damage|p2a: Porygon2|43/100
|move|p1b: Rillaboom|Wood Hammer|p2a: Porygon2
|-damage|p2a: Porygon2|3/100
|-damage|p1b: Rillaboom|88/100|[from] Recoil
|move|p2b: Incineroar|Parting Shot|p1b: Rillaboom
|-unboost|p1b: Rillaboom|atk|1
|-unboost|p1b: Rillaboom|spa|1
|
|t:|1754602782
|switch|p2b: Ursaluna|Ursaluna, L50, M|100/100|[from] Parting Shot
|move|p2a: Porygon2|Trick Room|p2a: Porygon2
|-fieldstart|move: Trick Room|[of] p2a: Porygon2
|
|-heal|p2a: Porygon2|9/100|[from] Grassy Terrain
|-heal|p1b: Rillaboom|94/100|[from] Grassy Terrain
|-heal|p1a: Kommo-o|99/100|[from] Grassy Terrain
|-status|p2b: Ursaluna|brn|[from] item: Flame Orb
|upkeep
|turn|3
|
|t:|1754602797
|switch|p1b: Volcarona|Volcarona, L50, F, shiny|100/100
|-enditem|p1b: Volcarona|Grassy Seed
|-boost|p1b: Volcarona|def|1|[from] item: Grassy Seed
|move|p2a: Porygon2|Recover|p2a: Porygon2
|-heal|p2a: Porygon2|59/100
|move|p2b: Ursaluna|Headlong Rush|p1a: Kommo-o
|-damage|p1a: Kommo-o|0 fnt
|-unboost|p2b: Ursaluna|def|1
|-unboost|p2b: Ursaluna|spd|1
|faint|p1a: Kommo-o
|
|-heal|p2a: Porygon2|65/100|[from] Grassy Terrain
|-damage|p2b: Ursaluna|95/100 brn|[from] brn
|upkeep
|
|t:|1754602810
|switch|p1a: Rillaboom|Rillaboom, L50, F, shiny|94/100
|turn|4
|
|t:|1754602823
|switch|p2b: Incineroar|Incineroar, L50, F|100/100
|-ability|p2b: Incineroar|Intimidate|boost
|-unboost|p1a: Rillaboom|atk|1
|-unboost|p1b: Volcarona|atk|1
|move|p1a: Rillaboom|Fake Out|p2b: Incineroar
|-damage|p2b: Incineroar|92/100
|move|p2a: Porygon2|Ice Beam|p1a: Rillaboom
|-supereffective|p1a: Rillaboom
|-damage|p1a: Rillaboom|0 fnt
|faint|p1a: Rillaboom
|move|p1b: Volcarona|Heat Wave|p2a: Porygon2|[spread] p2a,p2b
|-resisted|p2b: Incineroar
|-damage|p2a: Porygon2|41/100
|-damage|p2b: Incineroar|74/100
|-status|p2a: Porygon2|brn
|
|-heal|p2a: Porygon2|47/100 brn|[from] Grassy Terrain
|-heal|p2b: Incineroar|80/100|[from] Grassy Terrain
|-damage|p2a: Porygon2|41/100 brn|[from] brn
|upkeep
|
|t:|1754602831
|switch|p1a: Tyranitar|Tyranitar, L50, F|100/100
|-weather|Sandstorm|[from] ability: Sand Stream|[of] p1a: Tyranitar
|turn|5
|
|t:|1754602849
|-terastallize|p1a: Tyranitar|Flying
|move|p2a: Porygon2|Recover|p2a: Porygon2
|-heal|p2a: Porygon2|91/100 brn
|move|p1a: Tyranitar|Low Kick|p2b: Incineroar
|-supereffective|p2b: Incineroar
|-damage|p2b: Incineroar|27/100
|move|p2b: Incineroar|Parting Shot|p1a: Tyranitar
|-unboost|p1a: Tyranitar|atk|1
|-unboost|p1a: Tyranitar|spa|1
|
|t:|1754602855
|switch|p2b: Ursaluna|Ursaluna, L50, M|95/100 brn|[from] Parting Shot
|move|p1b: Volcarona|Heat Wave|p2b: Ursaluna|[spread] p2a,p2b
|-damage|p2a: Porygon2|70/100 brn
|-damage|p2b: Ursaluna|61/100 brn
|
|-weather|Sandstorm|[upkeep]
|-damage|p2a: Porygon2|64/100 brn|[from] Sandstorm
|-damage|p1a: Tyranitar|95/100|[from] Sandstorm
|-damage|p1b: Volcarona|94/100|[from] Sandstorm
|-heal|p2a: Porygon2|70/100 brn|[from] Grassy Terrain
|-heal|p2b: Ursaluna|66/100 brn|[from] Grassy Terrain
|-heal|p1b: Volcarona|100/100|[from] Grassy Terrain
|-damage|p2a: Porygon2|64/100 brn|[from] brn
|-damage|p2b: Ursaluna|61/100 brn|[from] brn
|-fieldend|move: Grassy Terrain
|upkeep
|turn|6
|inactive|SeanClubcardcoach has 30 seconds left.
|
|t:|1754602881
|move|p2a: Porygon2|Ice Beam|p1a: Tyranitar
|-supereffective|p1a: Tyranitar
|-damage|p1a: Tyranitar|48/100
|move|p2b: Ursaluna|Facade|p1a: Tyranitar
|-damage|p1a: Tyranitar|0 fnt
|faint|p1a: Tyranitar
|move|p1b: Volcarona|Heat Wave|p2b: Ursaluna|[spread] p2a,p2b
|-damage|p2a: Porygon2|40/100 brn
|-damage|p2b: Ursaluna|29/100 brn
|
|-weather|Sandstorm|[upkeep]
|-damage|p2a: Porygon2|34/100 brn|[from] Sandstorm
|-damage|p1b: Volcarona|94/100|[from] Sandstorm
|-damage|p2a: Porygon2|28/100 brn|[from] brn
|-damage|p2b: Ursaluna|23/100 brn|[from] brn
|-fieldend|move: Trick Room
|upkeep
|turn|7
|
|t:|1754602898
|move|p2b: Ursaluna|Protect|p2b: Ursaluna
|-singleturn|p2b: Ursaluna|Protect
|move|p1b: Volcarona|Heat Wave|p2b: Ursaluna|[spread] p2a
|-activate|p2b: Ursaluna|move: Protect
|-damage|p2a: Porygon2|5/100 brn
|move|p2a: Porygon2|Trick Room|p2a: Porygon2
|-fieldstart|move: Trick Room|[of] p2a: Porygon2
|
|-weather|Sandstorm|[upkeep]
|-damage|p2a: Porygon2|0 fnt|[from] Sandstorm
|-damage|p1b: Volcarona|88/100|[from] Sandstorm
|faint|p2a: Porygon2
|-damage|p2b: Ursaluna|18/100 brn|[from] brn
|upkeep
|
|t:|1754602901
|switch|p2a: Torkoal|Torkoal, L50, M|100/100
|-weather|SunnyDay|[from] ability: Drought|[of] p2a: Torkoal
|turn|8
|
|t:|1754602905
|move|p1b: Volcarona|Protect|p1b: Volcarona
|-singleturn|p1b: Volcarona|Protect
|move|p2a: Torkoal|Eruption|p1b: Volcarona
|-activate|p1b: Volcarona|move: Protect
|move|p2b: Ursaluna|Facade|p1b: Volcarona
|-activate|p1b: Volcarona|move: Protect
|
|-weather|SunnyDay|[upkeep]
|-damage|p2b: Ursaluna|12/100 brn|[from] brn
|upkeep
|turn|9
|
|t:|1754602918
|move|p2a: Torkoal|Eruption|p1b: Volcarona
|-damage|p1b: Volcarona|6/100
|move|p2b: Ursaluna|Facade|p1b: Volcarona
|-damage|p1b: Volcarona|0 fnt
|faint|p1b: Volcarona
|
|win|damage63
|raw|SeanClubcardcoach's rating: 1289 → 1270(-19 for losing)
|raw|damage63's rating: 1377 → 1392(+15 for winning)
