|j|☆trepanmid
|j|☆endK649
|html|trepanmidendK649    
|uhtml|bestof|Game 2 of a best-of-3
|t:|1756395282
|gametype|doubles
|player|p1|trepanmid|hilbert|1052
|player|p2|endK649|169|1177
|gen|9
|tier|[Gen 9] VGC 2025 Reg H (Bo3)
|rated|
|rule|Species Clause: Limit one of each Pokémon
|rule|Item Clause: Limit 1 of each item
|clearpoke
|poke|p1|Charizard, L50, M|
|poke|p1|Torkoal, L50, M|
|poke|p1|Porygon2, L50|
|poke|p1|Incineroar, L50, M|
|poke|p1|Jumpluff, L50, F|
|poke|p1|Ursaluna, L50, M|
|poke|p2|Feraligatr, L50, M|
|poke|p2|Gholdengo, L50|
|poke|p2|Politoed, L50, M|
|poke|p2|Amoonguss, L50, F|
|poke|p2|Rillaboom, L50, F|
|poke|p2|Incineroar, L50, M|
|teampreview|4
|showteam|p1|Charizard||ChoiceSpecs|SolarPower|HeatWave,Overheat,WeatherBall,AirSlash|||M|||50|,,,,,Ghost]Torkoal||EjectPack|Drought|Eruption,Overheat,HelpingHand,Protect|||M|||50|,,,,,Fire]Porygon2||Eviolite|Download|IceBeam,TeraBlast,TrickRoom,Recover||||||50|,,,,,Fighting]Incineroar||SitrusBerry|Intimidate|FlareBlitz,KnockOff,FakeOut,PartingShot|||M|||50|,,,,,Ghost]Jumpluff||CovertCloak|Chlorophyll|SleepPowder,SunnyDay,RagePowder,Tailwind|||F|||50|,,,,,Water]Ursaluna||FlameOrb|Guts|HeadlongRush,Facade,Earthquake,Protect|||M|||50|,,,,,Ghost
|showteam|p2|Feraligatr||LifeOrb|SheerForce|Liquidation,Crunch,DragonDance,Protect|||M|||50|,,,,,Dark]Gholdengo||Leftovers|GoodasGold|MakeItRain,ShadowBall,NastyPlot,Protect||||||50|,,,,,Dragon]Politoed||SitrusBerry|Drizzle|WeatherBall,IcyWind,Mist,Protect|||M|||50|,,,,,Grass]Amoonguss||CovertCloak|Regenerator|PollenPuff,Spore,RagePowder,Protect|||F|||50|,,,,,Water]Rillaboom||AssaultVest|GrassySurge|WoodHammer,GrassyGlide,FakeOut,Uturn|||F|||50|,,,,,Fire]Incineroar||SafetyGoggles|Intimidate|KnockOff,FakeOut,Taunt,PartingShot|||M|||50|,,,,,Ghost
|inactive|Battle timer is ON: inactive players will automatically lose when time's up. (requested by trepanmid)
|inactive|trepanmid has 60 seconds left.
|
|t:|1756395322
|teamsize|p1|4
|teamsize|p2|4
|start
|switch|p1a: Incineroar|Incineroar, L50, M|100/100
|switch|p1b: Jumpluff|Jumpluff, L50, F|100/100
|switch|p2a: Incineroar|Incineroar, L50, M, shiny|100/100
|switch|p2b: Feraligatr|Feraligatr, L50, M, shiny|100/100
|-ability|p1a: Incineroar|Intimidate|boost
|-unboost|p2a: Incineroar|atk|1
|-unboost|p2b: Feraligatr|atk|1
|-ability|p2a: Incineroar|Intimidate|boost
|-unboost|p1a: Incineroar|atk|1
|-unboost|p1b: Jumpluff|atk|1
|turn|1
|
|t:|1756395344
|switch|p1b: Ursaluna|Ursaluna, L50, M|100/100
|switch|p2b: Rillaboom|Rillaboom, L50, F, shiny|100/100
|-fieldstart|move: Grassy Terrain|[from] ability: Grassy Surge|[of] p2b: Rillaboom
|move|p1a: Incineroar|Parting Shot|p2b: Rillaboom
|-unboost|p2b: Rillaboom|atk|1
|-unboost|p2b: Rillaboom|spa|1
|
|t:|1756395367
|switch|p1a: Porygon2|Porygon2, L50|100/100|[from] Parting Shot
|-ability|p1a: Porygon2|Download|boost
|-boost|p1a: Porygon2|atk|1
|move|p2a: Incineroar|Taunt|p1b: Ursaluna
|-start|p1b: Ursaluna|move: Taunt
|
|-status|p1b: Ursaluna|brn|[from] item: Flame Orb
|upkeep
|turn|2
|inactive|trepanmid has 30 seconds left.
|
|t:|1756395401
|switch|p1a: Incineroar|Incineroar, L50, M|100/100
|-ability|p1a: Incineroar|Intimidate|boost
|-unboost|p2a: Incineroar|atk|1
|-unboost|p2b: Rillaboom|atk|1
|-terastallize|p2a: Incineroar|Ghost
|-terastallize|p1b: Ursaluna|Ghost
|move|p2b: Rillaboom|Wood Hammer|p1b: Ursaluna
|-damage|p1b: Ursaluna|72/100 brn
|-damage|p2b: Rillaboom|90/100|[from] Recoil
|move|p2a: Incineroar|Taunt|p1a: Incineroar
|-start|p1a: Incineroar|move: Taunt
|move|p1b: Ursaluna|Facade|p2b: Rillaboom
|-damage|p2b: Rillaboom|0 fnt
|faint|p2b: Rillaboom
|
|-heal|p1b: Ursaluna|78/100 brn|[from] Grassy Terrain
|-damage|p1b: Ursaluna|72/100 brn|[from] brn
|upkeep
|
|t:|1756395417
|switch|p2b: Feraligatr|Feraligatr, L50, M, shiny|100/100
|turn|3
|
|t:|1756395432
|move|p2b: Feraligatr|Protect|p2b: Feraligatr
|-singleturn|p2b: Feraligatr|Protect
|move|p1a: Incineroar|Fake Out|p2b: Feraligatr
|-activate|p2b: Feraligatr|move: Protect
|move|p2a: Incineroar|Knock Off|p1b: Ursaluna
|-supereffective|p1b: Ursaluna
|-damage|p1b: Ursaluna|43/100 brn
|-enditem|p1b: Ursaluna|Flame Orb|[from] move: Knock Off|[of] p2a: Incineroar
|move|p1b: Ursaluna|Headlong Rush|p2a: Incineroar
|-damage|p2a: Incineroar|8/100
|-unboost|p1b: Ursaluna|def|1
|-unboost|p1b: Ursaluna|spd|1
|
|-heal|p2a: Incineroar|14/100|[from] Grassy Terrain
|-heal|p1b: Ursaluna|48/100 brn|[from] Grassy Terrain
|-damage|p1b: Ursaluna|43/100 brn|[from] brn
|-end|p1b: Ursaluna|move: Taunt
|upkeep
|turn|4
|inactive|trepanmid has 30 seconds left.
|
|t:|1756395466
|switch|p1a: Jumpluff|Jumpluff, L50, F|100/100
|move|p1b: Ursaluna|Protect|p1b: Ursaluna
|-singleturn|p1b: Ursaluna|Protect
|move|p2b: Feraligatr|Liquidation|p1a: Jumpluff
|-resisted|p1a: Jumpluff
|-damage|p1a: Jumpluff|63/100
|move|p2a: Incineroar|Parting Shot|p1b: Ursaluna
|-activate|p1b: Ursaluna|move: Protect
|
|-heal|p2a: Incineroar|20/100|[from] Grassy Terrain
|-heal|p1b: Ursaluna|48/100 brn|[from] Grassy Terrain
|-damage|p1b: Ursaluna|43/100 brn|[from] brn
|upkeep
|turn|5
|inactive|endK649 has 30 seconds left.
|
|t:|1756395493
|move|p1a: Jumpluff|Tailwind|p1a: Jumpluff
|-sidestart|p1: trepanmid|move: Tailwind
|move|p1b: Ursaluna|Earthquake|p2a: Incineroar|[spread] p2a,p2b
|-immune|p1a: Jumpluff
|-damage|p2a: Incineroar|0 fnt
|-damage|p2b: Feraligatr|66/100
|faint|p2a: Incineroar
|move|p2b: Feraligatr|Dragon Dance|p2b: Feraligatr
|-boost|p2b: Feraligatr|atk|1
|-boost|p2b: Feraligatr|spe|1
|
|-heal|p2b: Feraligatr|72/100|[from] Grassy Terrain
|-heal|p1b: Ursaluna|48/100 brn|[from] Grassy Terrain
|-damage|p1b: Ursaluna|43/100 brn|[from] brn
|-fieldend|move: Grassy Terrain
|upkeep
|
|t:|1756395497
|switch|p2a: Politoed|Politoed, L50, M|100/100
|-weather|RainDance|[from] ability: Drizzle|[of] p2a: Politoed
|turn|6
|
|t:|1756395521
|move|p1a: Jumpluff|Sleep Powder|p2b: Feraligatr|[miss]
|-miss|p1a: Jumpluff|p2b: Feraligatr
|move|p2b: Feraligatr|Liquidation|p1b: Ursaluna
|-damage|p1b: Ursaluna|0 fnt
|faint|p1b: Ursaluna
|move|p2a: Politoed|Icy Wind|p1a: Jumpluff
|-supereffective|p1a: Jumpluff
|-damage|p1a: Jumpluff|0 fnt
|faint|p1a: Jumpluff
|
|-weather|RainDance|[upkeep]
|upkeep
|
|t:|1756395527
|switch|p1a: Incineroar|Incineroar, L50, M|100/100
|switch|p1b: Porygon2|Porygon2, L50|100/100
|-ability|p1a: Incineroar|Intimidate|boost
|-unboost|p2a: Politoed|atk|1
|-unboost|p2b: Feraligatr|atk|1
|-ability|p1b: Porygon2|Download|boost
|-boost|p1b: Porygon2|atk|1
|turn|7
|
|t:|1756395548
|move|p1a: Incineroar|Fake Out|p2a: Politoed
|-damage|p2a: Politoed|85/100
|move|p2b: Feraligatr|Liquidation|p1b: Porygon2
|-damage|p1b: Porygon2|35/100
|move|p1b: Porygon2|Tera Blast|p2a: Politoed
|-damage|p2a: Politoed|44/100
|-enditem|p2a: Politoed|Sitrus Berry|[eat]
|-heal|p2a: Politoed|69/100|[from] item: Sitrus Berry
|cant|p2a: Politoed|flinch
|
|-weather|RainDance|[upkeep]
|upkeep
|turn|8
|
|t:|1756395557
|move|p1a: Incineroar|Knock Off|p2b: Feraligatr
|-damage|p2b: Feraligatr|25/100
|-enditem|p2b: Feraligatr|Life Orb|[from] move: Knock Off|[of] p1a: Incineroar
|move|p2b: Feraligatr|Liquidation|p1b: Porygon2
|-damage|p1b: Porygon2|0 fnt
|faint|p1b: Porygon2
|move|p2a: Politoed|Weather Ball|p1a: Incineroar
|-supereffective|p1a: Incineroar
|-damage|p1a: Incineroar|0 fnt
|faint|p1a: Incineroar
|
|win|endK649
|raw|trepanmid's rating: 1052 → 1040(-12 for losing)
|raw|endK649's rating: 1177 → 1193(+16 for winning)
|l|☆trepanmid
|player|p1|
