|j|☆Andrea Pirlo 2
|j|☆lettitripppp
|html|Andrea Pirlo 2lettitripppp    
|uhtml|bestof|Game 1 of a best-of-3
|t:|1784132590
|gametype|doubles
|player|p1|Andrea Pirlo 2|lucas|1452
|player|p2|lettitripppp|lucas|1356
|gen|9
|tier|[Gen 9 Champions] VGC 2026 Reg M-B (Bo3)
|rated|
|rule|Species Clause: Limit one of each Pokémon
|rule|Item Clause: Limit 1 of each item
|clearpoke
|poke|p1|Charizard, L50, F|
|poke|p1|Venusaur, L50, F|
|poke|p1|Grimmsnarl, L50, M|
|poke|p1|Archaludon, L50, M|
|poke|p1|Pelipper, L50, F|
|poke|p1|Swampert, L50, F|
|poke|p2|Charizard, L50, M, shiny|
|poke|p2|Floette-Eternal, L50, F|
|poke|p2|Basculegion, L50, M|
|poke|p2|Whimsicott, L50, F, shiny|
|poke|p2|Garchomp, L50, F|
|poke|p2|Kingambit, L50, F, shiny|
|teampreview|4
|showteam|p1|Charizard||CharizarditeY|Blaze|HeatWave,WeatherBall,Hurricane,Protect|Modest||F|||50|]Venusaur||FocusSash|Chlorophyll|EnergyBall,SludgeBomb,EarthPower,SleepPowder|Modest||F|||50|]Grimmsnarl||LightClay|Prankster|SpiritBreak,PartingShot,Reflect,LightScreen|Careful||M|||50|]Archaludon||Leftovers|Stamina|ElectroShot,DragonPulse,FlashCannon,Protect|Modest||M|||50|]Pelipper||SitrusBerry|Drizzle|WeatherBall,Hurricane,Tailwind,Protect|Modest||F|||50|]Swampert||Swampertite|Torrent|WaveCrash,HighHorsepower,IcePunch,Protect|Adamant||F|||50|
|showteam|p2|Charizard||CharizarditeY|Blaze|WeatherBall,SolarBeam,HeatWave,Protect|Modest||M|||50|]Floette-Eternal||Floettite|FlowerVeil|DazzlingGleam,LightofRuin,Moonblast,Protect|Modest||F|||50|]Basculegion||LifeOrb|Adaptability|LastRespects,WaveCrash,AquaJet,Protect|Adamant||M|||50|]Whimsicott||FocusSash|Prankster|Moonblast,Tailwind,Encore,Protect|Timid||F|||50|]Garchomp||RoseliBerry|RoughSkin|DragonClaw,Earthquake,PoisonJab,RockSlide|Jolly||F|||50|]Kingambit||ChopleBerry|Defiant|KowtowCleave,SuckerPunch,LowKick,Protect|Adamant||F|||50|
|inactive|Battle timer is ON: inactive players will automatically lose when time's up. (requested by lettitripppp)
|
|t:|1784132615
|teamsize|p1|4
|teamsize|p2|4
|start
|switch|p1a: Charizard|Charizard, L50, F|100/100
|switch|p1b: Venusaur|Venusaur, L50, F|100/100
|switch|p2a: GHOSTWAVE|Basculegion, L50, M|100/100
|switch|p2b: LETS GO AGAIN|Whimsicott, L50, F, shiny|100/100
|turn|1
|
|t:|1784132628
|switch|p2a: AGNI|Charizard, L50, M, shiny|100/100
|detailschange|p1a: Charizard|Charizard-Mega-Y, L50, F
|-mega|p1a: Charizard|Charizard|Charizardite Y
|-weather|SunnyDay|[from] ability: Drought|[of] p1a: Charizard
|move|p2b: LETS GO AGAIN|Tailwind|p2b: LETS GO AGAIN
|-sidestart|p2: lettitripppp|move: Tailwind
|move|p1b: Venusaur|Energy Ball|p2a: AGNI
|-resisted|p2a: AGNI|2
|-damage|p2a: AGNI|87/100
|move|p1a: Charizard|Heat Wave|p2a: AGNI|[spread] p2a,p2b
|-resisted|p2a: AGNI|1
|-supereffective|p2b: LETS GO AGAIN|1
|-damage|p2a: AGNI|51/100
|-enditem|p2b: LETS GO AGAIN|Focus Sash
|-damage|p2b: LETS GO AGAIN|1/100
|
|-weather|SunnyDay|[upkeep]
|upkeep
|turn|2
|
|t:|1784132651
|detailschange|p2a: AGNI|Charizard-Mega-Y, L50, M, shiny
|-mega|p2a: AGNI|Charizard|Charizardite Y
|move|p2b: LETS GO AGAIN|Moonblast|p1b: Venusaur
|-resisted|p1b: Venusaur|1
|-damage|p1b: Venusaur|82/100
|move|p2a: AGNI|Heat Wave|p1a: Charizard|[spread] p1b
|-miss|p2a: AGNI|p1a: Charizard
|-supereffective|p1b: Venusaur|1
|-damage|p1b: Venusaur|0 fnt
|faint|p1b: Venusaur
|move|p1a: Charizard|Heat Wave|p2b: LETS GO AGAIN|[spread] p2a,p2b
|-resisted|p2a: AGNI|1
|-supereffective|p2b: LETS GO AGAIN|1
|-damage|p2a: AGNI|20/100y
|-damage|p2b: LETS GO AGAIN|0 fnt
|faint|p2b: LETS GO AGAIN
|
|-weather|SunnyDay|[upkeep]
|upkeep
|
|t:|1784132664
|switch|p2b: CRUSH SHARK|Garchomp, L50, F|100/100
|switch|p1b: Archaludon|Archaludon, L50, M|100/100
|turn|3
|
|t:|1784132677
|move|p1b: Archaludon|Protect|p1b: Archaludon
|-singleturn|p1b: Archaludon|Protect
|move|p2b: CRUSH SHARK|Rock Slide|p1a: Charizard|[spread] p1a
|-activate|p1b: Archaludon|move: Protect
|-supereffective|p1a: Charizard|2
|-damage|p1a: Charizard|16/100
|move|p2a: AGNI|Weather Ball|p1b: Archaludon
|-activate|p1b: Archaludon|move: Protect
|cant|p1a: Charizard|flinch
|
|-weather|SunnyDay|[upkeep]
|upkeep
|turn|4
|inactive|Andrea Pirlo 2 has 30 seconds left.
|inactive|Andrea Pirlo 2 has 20 seconds left.
|
|t:|1784132714
|switch|p1b: Pelipper|Pelipper, L50, F|100/100
|-weather|RainDance|[from] ability: Drizzle|[of] p1b: Pelipper
|move|p2b: CRUSH SHARK|Earthquake|p1b: Pelipper|[spread] 
|-immune|p2a: AGNI
|-immune|p1a: Charizard
|-immune|p1b: Pelipper
|move|p2a: AGNI|Heat Wave|p1b: Pelipper|[spread] p1a,p1b
|-resisted|p1a: Charizard|1
|-resisted|p1b: Pelipper|1
|-damage|p1a: Charizard|7/100
|-damage|p1b: Pelipper|87/100
|-status|p1b: Pelipper|brn
|move|p1a: Charizard|Hurricane|p2b: CRUSH SHARK
|-damage|p2b: CRUSH SHARK|25/100
|
|-weather|RainDance|[upkeep]
|-damage|p1b: Pelipper|81/100 brn|[from] brn
|-sideend|p2: lettitripppp|move: Tailwind
|upkeep
|turn|5
|
|t:|1784132734
|switch|p2a: GHOSTWAVE|Basculegion, L50, M|100/100
|switch|p1a: Archaludon|Archaludon, L50, M|100/100
|move|p2b: CRUSH SHARK|Rock Slide|p1b: Pelipper|[spread] p1a
|-miss|p2b: CRUSH SHARK|p1b: Pelipper
|-resisted|p1a: Archaludon|1
|-damage|p1a: Archaludon|93/100
|-ability|p1a: Archaludon|Stamina|boost
|-boost|p1a: Archaludon|def|1
|move|p1b: Pelipper|Tailwind|p1b: Pelipper
|-sidestart|p1: Andrea Pirlo 2|move: Tailwind
|
|-weather|RainDance|[upkeep]
|-heal|p1a: Archaludon|99/100|[from] item: Leftovers
|-damage|p1b: Pelipper|75/100 brn|[from] brn
|upkeep
|turn|6
|
|t:|1784132746
|switch|p1b: Charizard|Charizard-Mega-Y, L50, F|7/100
|-weather|SunnyDay|[from] ability: Drought|[of] p1b: Charizard
|move|p1a: Archaludon|Dragon Pulse|p2b: CRUSH SHARK
|-supereffective|p2b: CRUSH SHARK|1
|-damage|p2b: CRUSH SHARK|0 fnt
|faint|p2b: CRUSH SHARK
|move|p2a: GHOSTWAVE|Last Respects|p1b: Charizard
|-damage|p1b: Charizard|0 fnt
|faint|p1b: Charizard
|-damage|p2a: GHOSTWAVE|90/100|[from] item: Life Orb
|
|-weather|SunnyDay|[upkeep]
|-heal|p1a: Archaludon|100/100|[from] item: Leftovers
|upkeep
|
|t:|1784132755
|switch|p2b: AGNI|Charizard-Mega-Y, L50, M, shiny|20/100y
|switch|p1b: Pelipper|Pelipper, L50, F|75/100 brn
|-weather|RainDance|[from] ability: Drizzle|[of] p1b: Pelipper
|-weather|SunnyDay|[from] ability: Drought|[of] p2b: AGNI
|turn|7
|
|t:|1784132765
|move|p1a: Archaludon|Dragon Pulse|p2a: GHOSTWAVE
|-damage|p2a: GHOSTWAVE|43/100
|move|p1b: Pelipper|Hurricane|p2a: GHOSTWAVE
|-damage|p2a: GHOSTWAVE|0 fnt
|faint|p2a: GHOSTWAVE
|move|p2b: AGNI|Weather Ball|p1a: Archaludon
|-damage|p1a: Archaludon|12/100
|-ability|p1a: Archaludon|Stamina|boost
|-boost|p1a: Archaludon|def|1
|
|-weather|SunnyDay|[upkeep]
|-heal|p1a: Archaludon|18/100|[from] item: Leftovers
|-damage|p1b: Pelipper|69/100 brn|[from] brn
|upkeep
|turn|8
|
|t:|1784132775
|move|p2b: AGNI|Protect|p2b: AGNI
|-singleturn|p2b: AGNI|Protect
|move|p1a: Archaludon|Dragon Pulse|p2b: AGNI
|-activate|p2b: AGNI|move: Protect
|move|p1b: Pelipper|Weather Ball|p2b: AGNI
|-activate|p2b: AGNI|move: Protect
|
|-weather|SunnyDay|[upkeep]
|-heal|p1a: Archaludon|24/100|[from] item: Leftovers
|-damage|p1b: Pelipper|63/100 brn|[from] brn
|-sideend|p1: Andrea Pirlo 2|move: Tailwind
|upkeep
|turn|9
|
|t:|1784132778
|move|p1a: Archaludon|Protect|p1a: Archaludon
|-singleturn|p1a: Archaludon|Protect
|move|p2b: AGNI|Heat Wave|p1b: Pelipper|[spread] p1b
|-activate|p1a: Archaludon|move: Protect
|-resisted|p1b: Pelipper|1
|-damage|p1b: Pelipper|23/100 brn
|-enditem|p1b: Pelipper|Sitrus Berry|[eat]
|-heal|p1b: Pelipper|48/100 brn|[from] item: Sitrus Berry
|move|p1b: Pelipper|Tailwind|p1b: Pelipper
|-sidestart|p1: Andrea Pirlo 2|move: Tailwind
|
|-weather|SunnyDay|[upkeep]
|-heal|p1a: Archaludon|30/100|[from] item: Leftovers
|-damage|p1b: Pelipper|42/100 brn|[from] brn
|upkeep
|turn|10
|
|t:|1784132784
|move|p1a: Archaludon|Dragon Pulse|p2b: AGNI
|-damage|p2b: AGNI|0 fnt
|faint|p2b: AGNI
|
|win|Andrea Pirlo 2
