|j|☆seeyouatthetip
|j|☆florind4 mez4
|html|seeyouatthetipflorind4 mez4    
|uhtml|bestof|Game 1 of a best-of-3
|t:|1756932053
|gametype|doubles
|player|p1|seeyouatthetip|hiker-gen4|1331
|player|p2|florind4 mez4|265|1307
|gen|9
|tier|[Gen 9] VGC 2025 Reg H (Bo3)
|rated|
|rule|Species Clause: Limit one of each Pokémon
|rule|Item Clause: Limit 1 of each item
|clearpoke
|poke|p1|Amoonguss, L50, F|
|poke|p1|Incineroar, L50, F|
|poke|p1|Gholdengo, L50|
|poke|p1|Annihilape, L50, M|
|poke|p1|Kingambit, L50, M|
|poke|p1|Dragonite, L50, M|
|poke|p2|Rillaboom, L50, M|
|poke|p2|Sneasler, L50, F|
|poke|p2|Basculegion, L50, M|
|poke|p2|Volcarona, L50, F|
|poke|p2|Dragonite, L50, F|
|poke|p2|Incineroar, L50, M|
|teampreview|4
|showteam|p1|Amoonguss||SitrusBerry|Regenerator|Spore,RagePowder,SludgeBomb,Protect|||F|||50|,,,,,Fire]Incineroar||SafetyGoggles|Intimidate|FlareBlitz,FakeOut,PartingShot,KnockOff|||F|||50|,,,,,Ghost]Gholdengo||LifeOrb|GoodasGold|MakeItRain,ShadowBall,NastyPlot,Protect||||||50|,,,,,Steel]Annihilape||FocusSash|Defiant|CloseCombat,RageFist,Coaching,FinalGambit|||M|||50|,,,,,Grass]Kingambit||AssaultVest|Defiant|KowtowCleave,SuckerPunch,IronHead,LowKick|||M|||50|,,,,,Water]Dragonite||LoadedDice|Multiscale|ScaleShot,ExtremeSpeed,Haze,Protect|||M|||50|,,,,,Normal
|showteam|p2|Rillaboom||AssaultVest|GrassySurge|FakeOut,WoodHammer,GrassyGlide,Uturn|||M|||50|,,,,,Fire]Sneasler||FocusSash|Unburden|FakeOut,DireClaw,CloseCombat,Coaching|||F|||50|,,,,,Ghost]Basculegion||ChoiceScarf|Adaptability|FlipTurn,WaveCrash,LastRespects,TeraBlast|||M|||50|,,,,,Fighting]Volcarona||CovertCloak|FlameBody|HeatWave,TeraBlast,QuiverDance,Protect|||F|||50|,,,,,Fairy]Dragonite||LoadedDice|Multiscale|ScaleShot,Tailwind,Haze,Protect|||F|||50|,,,,,Steel]Incineroar||SafetyGoggles|Intimidate|FakeOut,FlareBlitz,KnockOff,PartingShot|||M|||50|,,,,,Ghost
|inactive|Battle timer is ON: inactive players will automatically lose when time's up. (requested by seeyouatthetip)
|inactive|seeyouatthetip has 60 seconds left.
|inactive|florind4 mez4 has 60 seconds left.
|
|t:|1756932101
|teamsize|p1|4
|teamsize|p2|4
|start
|switch|p1a: Kingambit|Kingambit, L50, M, shiny|100/100
|switch|p1b: Dragonite|Dragonite, L50, M|100/100
|switch|p2a: Basculegion|Basculegion, L50, M|100/100
|switch|p2b: Sneasler|Sneasler, L50, F|100/100
|turn|1
|inactive|seeyouatthetip has 30 seconds left.
|
|t:|1756932130
|switch|p2a: Volcarona|Volcarona, L50, F|100/100
|-terastallize|p1a: Kingambit|Water
|move|p2b: Sneasler|Fake Out|p1b: Dragonite
|-damage|p1b: Dragonite|93/100
|cant|p1b: Dragonite|flinch
|move|p1a: Kingambit|Iron Head|p2b: Sneasler
|-damage|p2b: Sneasler|20/100
|
|upkeep
|turn|2
|inactive|florind4 mez4 has 30 seconds left.
|
|t:|1756932162
|switch|p2b: Rillaboom|Rillaboom, L50, M|100/100
|-fieldstart|move: Grassy Terrain|[from] ability: Grassy Surge|[of] p2b: Rillaboom
|-terastallize|p2a: Volcarona|Fairy
|move|p1a: Kingambit|Sucker Punch||[still]
|-fail|p1a: Kingambit
|move|p2a: Volcarona|Quiver Dance|p2a: Volcarona
|-boost|p2a: Volcarona|spa|1
|-boost|p2a: Volcarona|spd|1
|-boost|p2a: Volcarona|spe|1
|move|p1b: Dragonite|Scale Shot|p2a: Volcarona
|-immune|p2a: Volcarona
|
|upkeep
|turn|3
|
|t:|1756932178
|switch|p1a: Incineroar|Incineroar, L50, F|100/100
|-ability|p1a: Incineroar|Intimidate|boost
|-unboost|p2a: Volcarona|atk|1
|-unboost|p2b: Rillaboom|atk|1
|move|p1b: Dragonite|Protect|p1b: Dragonite
|-singleturn|p1b: Dragonite|Protect
|move|p2b: Rillaboom|Fake Out|p1a: Incineroar
|-damage|p1a: Incineroar|92/100
|move|p2a: Volcarona|Tera Blast|p1b: Dragonite|[anim] Tera Blast Fairy
|-activate|p1b: Dragonite|move: Protect
|
|-heal|p1a: Incineroar|98/100|[from] Grassy Terrain
|upkeep
|turn|4
|inactive|seeyouatthetip has 30 seconds left.
|
|t:|1756932205
|move|p1a: Incineroar|Fake Out|p2a: Volcarona
|-damage|p2a: Volcarona|89/100
|move|p2a: Volcarona|Tera Blast|p1b: Dragonite|[anim] Tera Blast Fairy
|-supereffective|p1b: Dragonite
|-damage|p1b: Dragonite|0 fnt
|faint|p1b: Dragonite
|move|p2b: Rillaboom|U-turn|p1a: Incineroar
|-damage|p1a: Incineroar|83/100
|
|t:|1756932215
|switch|p2b: Sneasler|Sneasler, L50, F|20/100|[from] U-turn
|
|-heal|p2a: Volcarona|95/100|[from] Grassy Terrain
|-heal|p2b: Sneasler|26/100|[from] Grassy Terrain
|-heal|p1a: Incineroar|89/100|[from] Grassy Terrain
|upkeep
|
|t:|1756932224
|switch|p1b: Annihilape|Annihilape, L50, M|100/100
|turn|5
|
|t:|1756932245
|move|p2a: Volcarona|Protect|p2a: Volcarona
|-singleturn|p2a: Volcarona|Protect
|move|p2b: Sneasler|Coaching|p2a: Volcarona
|-boost|p2a: Volcarona|atk|1
|-boost|p2a: Volcarona|def|1
|move|p1b: Annihilape|Rage Fist|p2b: Sneasler
|-damage|p2b: Sneasler|0 fnt
|faint|p2b: Sneasler
|move|p1a: Incineroar|Flare Blitz|p2a: Volcarona
|-activate|p2a: Volcarona|move: Protect
|
|-heal|p2a: Volcarona|100/100|[from] Grassy Terrain
|-heal|p1a: Incineroar|95/100|[from] Grassy Terrain
|upkeep
|
|t:|1756932258
|switch|p2b: Basculegion|Basculegion, L50, M|100/100
|turn|6
|
|t:|1756932278
|switch|p1a: Kingambit|Kingambit, L50, M, shiny, tera:Water|100/100
|move|p2a: Volcarona|Tera Blast|p1b: Annihilape|[anim] Tera Blast Fairy
|-supereffective|p1b: Annihilape
|-damage|p1b: Annihilape|6/100
|move|p2b: Basculegion|Flip Turn|p1b: Annihilape
|-damage|p1b: Annihilape|0 fnt
|faint|p1b: Annihilape
|
|t:|1756932286
|switch|p2b: Rillaboom|Rillaboom, L50, M|100/100|[from] Flip Turn
|
|-fieldend|move: Grassy Terrain
|upkeep
|
|t:|1756932290
|switch|p1b: Incineroar|Incineroar, L50, F|95/100
|-ability|p1b: Incineroar|Intimidate|boost
|-unboost|p2a: Volcarona|atk|1
|-unboost|p2b: Rillaboom|atk|1
|turn|7
|
|t:|1756932302
|move|p2a: Volcarona|Tera Blast|p1b: Incineroar|[anim] Tera Blast Fairy
|-damage|p1b: Incineroar|46/100
|move|p2b: Rillaboom|U-turn|p1b: Incineroar
|-damage|p1b: Incineroar|31/100
|
|t:|1756932307
|switch|p2b: Basculegion|Basculegion, L50, M|100/100|[from] U-turn
|move|p1b: Incineroar|Flare Blitz|p2b: Basculegion
|-resisted|p2b: Basculegion
|-damage|p2b: Basculegion|74/100
|-damage|p1b: Incineroar|22/100|[from] Recoil
|move|p1a: Kingambit|Iron Head|p2a: Volcarona
|-supereffective|p2a: Volcarona
|-damage|p2a: Volcarona|32/100
|
|upkeep
|turn|8
|inactive|seeyouatthetip has 30 seconds left.
|
|t:|1756932333
|move|p2a: Volcarona|Tera Blast|p1b: Incineroar|[anim] Tera Blast Fairy
|-damage|p1b: Incineroar|0 fnt
|faint|p1b: Incineroar
|move|p2b: Basculegion|Flip Turn|p1a: Kingambit
|-resisted|p1a: Kingambit
|-damage|p1a: Kingambit|88/100
|
|t:|1756932339
|switch|p2b: Rillaboom|Rillaboom, L50, M|100/100|[from] Flip Turn
|-fieldstart|move: Grassy Terrain|[from] ability: Grassy Surge|[of] p2b: Rillaboom
|move|p1a: Kingambit|Kowtow Cleave|p2b: Rillaboom
|-damage|p2b: Rillaboom|45/100
|
|-heal|p2a: Volcarona|38/100|[from] Grassy Terrain
|-heal|p2b: Rillaboom|52/100|[from] Grassy Terrain
|-heal|p1a: Kingambit|94/100|[from] Grassy Terrain
|upkeep
|turn|9
|
|t:|1756932351
|move|p2b: Rillaboom|Fake Out|p1a: Kingambit
|-damage|p1a: Kingambit|83/100
|move|p2a: Volcarona|Tera Blast|p1a: Kingambit|[anim] Tera Blast Fairy
|-damage|p1a: Kingambit|45/100
|cant|p1a: Kingambit|flinch
|
|-heal|p2a: Volcarona|44/100|[from] Grassy Terrain
|-heal|p2b: Rillaboom|58/100|[from] Grassy Terrain
|-heal|p1a: Kingambit|51/100|[from] Grassy Terrain
|upkeep
|turn|10
|
|t:|1756932363
|move|p1a: Kingambit|Sucker Punch|p2b: Rillaboom
|-damage|p2b: Rillaboom|15/100
|move|p2a: Volcarona|Tera Blast|p1a: Kingambit|[anim] Tera Blast Fairy
|-damage|p1a: Kingambit|14/100
|move|p2b: Rillaboom|Wood Hammer|p1a: Kingambit
|-supereffective|p1a: Kingambit
|-damage|p1a: Kingambit|0 fnt
|faint|p1a: Kingambit
|-damage|p2b: Rillaboom|10/100|[from] Recoil
|
|win|florind4 mez4
||seeyouatthetip is ready for game 2.
|l|☆florind4 mez4
|player|p2|
|inactive|florind4 mez4 has 30 seconds to confirm battle start!
||florind4 mez4 is ready for game 2.
|uhtml|next|Next: Game 2 of 3
