|j|☆Jasmine124
|j|☆FallenTurtlle
|html|Jasmine124FallenTurtlle    
|uhtml|bestof|Game 1 of a best-of-3
|t:|1756684430
|gametype|doubles
|player|p1|Jasmine124|jasmine|1068
|player|p2|FallenTurtlle|serena|1000
|gen|9
|tier|[Gen 9] VGC 2025 Reg H (Bo3)
|rated|
|rule|Species Clause: Limit one of each Pokémon
|rule|Item Clause: Limit 1 of each item
|clearpoke
|poke|p1|Dragapult, L50, M|
|poke|p1|Indeedee, L50, M|
|poke|p1|Ursaluna-Bloodmoon, L50, M|
|poke|p1|Whimsicott, L50, M|
|poke|p1|Torkoal, L50, M|
|poke|p1|Maushold-Four, L50|
|poke|p2|Annihilape, L50, F|
|poke|p2|Incineroar, L50, M|
|poke|p2|Ninetales-Alola, L50, M|
|poke|p2|Talonflame, L50, M|
|poke|p2|Gastrodon-East, L50, M|
|poke|p2|Gholdengo, L50|
|teampreview|4
|showteam|p1|Dragapult||ChoiceBand|ClearBody|SuckerPunch,DragonDarts,TeraBlast,Uturn|||M|||50|,,,,,Ghost]Indeedee||ChoiceScarf|InnerFocus|ExpandingForce,TeraBlast,Trick,TrickRoom|||M|||50|,,,,,Psychic]Ursaluna-Bloodmoon||ChoiceSpecs|MindsEye|EarthPower,HyperVoice,BloodMoon,Moonblast|||M|||50|,,,,,Normal]Whimsicott||FocusSash|Prankster|Tailwind,Moonblast,HelpingHand,Protect|||M|||50|,,,,,Ghost]Torkoal||EjectPack|Drought|Overheat,WeatherBall,Protect,Eruption|||M|||50|,,,,,Fire]Maushold-Four||WideLens|FriendGuard|PopulationBomb,Protect,FollowMe,Taunt||||||50|,,,,,Ghost
|showteam|p2|Annihilape||Leftovers|Defiant|StealthRock,RageFist,DrainPunch,Protect|||F|||50|,,,,,Steel]Incineroar||SafetyGoggles|Intimidate|FakeOut,KnockOff,FlareBlitz,Roar|||M|||50|,,,,,Ghost]Ninetales-Alola||FocusSash|SnowWarning|Blizzard,FreezeDry,MistyTerrain,Protect|||M|||50|,,,,,Ghost]Talonflame||CovertCloak|GaleWings|Tailwind,DualWingbeat,TemperFlare,WillOWisp|||M|||50|,,,,,Fairy]Gastrodon-East||SitrusBerry|StormDrain|Yawn,EarthPower,IcyWind,Protect|||M|||50|,,,,,Normal]Gholdengo||LifeOrb|GoodasGold|MakeItRain,ShadowBall,Protect,NastyPlot||||||50|,,,,,Steel
|j| Daisy406
|
|t:|1756684466
|teamsize|p1|4
|teamsize|p2|4
|start
|switch|p1a: Whimsicott|Whimsicott, L50, M|100/100
|switch|p1b: Dragapult|Dragapult, L50, M|100/100
|switch|p2a: Annihilape|Annihilape, L50, F|100/100
|switch|p2b: Incineroar|Incineroar, L50, M|100/100
|-ability|p2b: Incineroar|Intimidate|boost
|-unboost|p1a: Whimsicott|atk|1
|-fail|p1b: Dragapult|unboost|[from] ability: Clear Body|[of] p1b: Dragapult
|turn|1
|
|t:|1756684516
|-terastallize|p2a: Annihilape|Steel
|move|p1a: Whimsicott|Helping Hand|p1b: Dragapult
|-singleturn|p1b: Dragapult|Helping Hand|[of] p1a: Whimsicott
|move|p1b: Dragapult|U-turn|p2b: Incineroar
|-damage|p2b: Incineroar|57/100
|
|t:|1756684523
|switch|p1b: Torkoal|Torkoal, L50, M|100/100|[from] U-turn
|-weather|SunnyDay|[from] ability: Drought|[of] p1b: Torkoal
|move|p2a: Annihilape|Stealth Rock|p1a: Whimsicott
|-sidestart|p1: Jasmine124|move: Stealth Rock
|move|p2b: Incineroar|Flare Blitz|p1a: Whimsicott
|-supereffective|p1a: Whimsicott
|-enditem|p1a: Whimsicott|Focus Sash
|-damage|p1a: Whimsicott|1/100
|-damage|p2b: Incineroar|35/100|[from] Recoil
|
|-weather|SunnyDay|[upkeep]
|upkeep
|turn|2
|
|t:|1756684550
|move|p1a: Whimsicott|Helping Hand|p1b: Torkoal
|-singleturn|p1b: Torkoal|Helping Hand|[of] p1a: Whimsicott
|move|p2a: Annihilape|Drain Punch|p1b: Torkoal
|-damage|p1b: Torkoal|78/100
|move|p2b: Incineroar|Knock Off|p1b: Torkoal
|-damage|p1b: Torkoal|46/100
|-enditem|p1b: Torkoal|Eject Pack|[from] move: Knock Off|[of] p2b: Incineroar
|move|p1b: Torkoal|Eruption|p2a: Annihilape|[spread] p2a,p2b
|-supereffective|p2a: Annihilape
|-resisted|p2b: Incineroar
|-damage|p2a: Annihilape|40/100
|-damage|p2b: Incineroar|14/100
|
|-weather|SunnyDay|[upkeep]
|-heal|p2a: Annihilape|46/100|[from] item: Leftovers
|upkeep
|turn|3
|
|t:|1756684572
|move|p1a: Whimsicott|Tailwind|p1a: Whimsicott
|-sidestart|p1: Jasmine124|move: Tailwind
|move|p2a: Annihilape|Drain Punch|p1b: Torkoal
|-damage|p1b: Torkoal|21/100
|-heal|p2a: Annihilape|56/100|[from] drain|[of] p1b: Torkoal
|move|p1b: Torkoal|Eruption|p2b: Incineroar|[spread] p2a,p2b
|-supereffective|p2a: Annihilape
|-resisted|p2b: Incineroar
|-damage|p2a: Annihilape|34/100
|-damage|p2b: Incineroar|7/100
|move|p2b: Incineroar|Roar|p1a: Whimsicott
|drag|p1a: Indeedee|Indeedee, L50, M|100/100
|-damage|p1a: Indeedee|88/100|[from] Stealth Rock
|
|-weather|SunnyDay|[upkeep]
|-heal|p2a: Annihilape|40/100|[from] item: Leftovers
|upkeep
|turn|4
|
|t:|1756684614
|switch|p2a: Ninetales|Ninetales-Alola, L50, M|100/100
|-weather|Snowscape|[from] ability: Snow Warning|[of] p2a: Ninetales
|-terastallize|p1a: Indeedee|Psychic
|move|p1a: Indeedee|Expanding Force|p2a: Ninetales
|-damage|p2a: Ninetales|37/100
|move|p2b: Incineroar|Knock Off|p1a: Indeedee
|-supereffective|p1a: Indeedee
|-damage|p1a: Indeedee|0 fnt
|-enditem|p1a: Indeedee|Choice Scarf|[from] move: Knock Off|[of] p2b: Incineroar
|faint|p1a: Indeedee
|move|p1b: Torkoal|Weather Ball|p2b: Incineroar
|-resisted|p2b: Incineroar
|-damage|p2b: Incineroar|0 fnt
|faint|p2b: Incineroar
|
|-weather|Snowscape|[upkeep]
|upkeep
|
|t:|1756684633
|switch|p1a: Dragapult|Dragapult, L50, M|100/100
|switch|p2b: Talonflame|Talonflame, L50, M|100/100
|-damage|p1a: Dragapult|88/100|[from] Stealth Rock
|turn|5
|-message|Jasmine124 forfeited.
|
|win|FallenTurtlle
