|j|☆Zetababy3
|j|☆The RU Agenda
|html|Zetababy3The RU Agenda    
|uhtml|bestof|Game 2 of a best-of-3
|t:|1783972289
|gametype|doubles
|player|p1|Zetababy3|265|1120
|player|p2|The RU Agenda|101|1191
|gen|9
|tier|[Gen 9 Champions] VGC 2026 Reg M-B (Bo3)
|rated|
|rule|Species Clause: Limit one of each Pokémon
|rule|Item Clause: Limit 1 of each item
|clearpoke
|poke|p1|Grimmsnarl, L50, M|
|poke|p1|Basculegion, L50, M|
|poke|p1|Pelipper, L50, F|
|poke|p1|Archaludon, L50, M|
|poke|p1|Charizard, L50, F|
|poke|p1|Venusaur, L50, F|
|poke|p2|Chesnaught, L50, M|
|poke|p2|Kingambit, L50, F|
|poke|p2|Toxapex, L50, F|
|poke|p2|Charizard, L50, M|
|poke|p2|Farigiraf, L50, M|
|poke|p2|Incineroar, L50, M|
|teampreview|4
|showteam|p1|Grimmsnarl||LightClay|Prankster|SpiritBreak,PartingShot,Reflect,LightScreen|Careful||M|||50|]Basculegion||ChoiceScarf|Adaptability|AquaJet,FlipTurn,WaveCrash,LastRespects|Jolly||M|||50|]Pelipper||SitrusBerry|Drizzle|Tailwind,WideGuard,Hurricane,WeatherBall|Modest||F|||50|]Archaludon||Leftovers|Stamina|Protect,ElectroShot,DragonPulse,FlashCannon|Timid||M|||50|]Charizard||CharizarditeY|Blaze|Protect,WeatherBall,HeatWave,SolarBeam|Timid||F|||50|]Venusaur||FocusSash|Overgrow|Protect,SleepPowder,SludgeBomb,EarthPower|Timid||F|||50|
|showteam|p2|Chesnaught||Chesnaughtite|Bulletproof|SpikyShield,LeechSeed,IronDefense,BodyPress|Impish||M|||50|]Kingambit||LifeOrb|Defiant|Protect,SuckerPunch,KowtowCleave,LowKick|Adamant||F|||50|]Toxapex||Leftovers|Regenerator|BanefulBunker,Toxic,Infestation,WideGuard|Calm||F|||50|]Charizard||CharizarditeY|Blaze|Protect,HeatWave,WeatherBall,SolarBeam|Modest||M|||50|]Farigiraf||SitrusBerry|ArmorTail|TrickRoom,Psychic,DazzlingGleam,NastyPlot|Relaxed||M|||50|]Incineroar||PasshoBerry|Intimidate|FakeOut,FlareBlitz,PartingShot,DarkestLariat|Brave||M|||50|
|
|t:|1783972315
|teamsize|p1|4
|teamsize|p2|4
|start
|switch|p1a: Charizard|Charizard, L50, F|100/100
|switch|p1b: Venusaur|Venusaur, L50, F|100/100
|switch|p2a: Toxapex|Toxapex, L50, F|100/100
|switch|p2b: Bumcineroar|Incineroar, L50, M|100/100
|-ability|p2b: Bumcineroar|Intimidate|boost
|-unboost|p1a: Charizard|atk|1
|-unboost|p1b: Venusaur|atk|1
|turn|1
|inactive|Battle timer is ON: inactive players will automatically lose when time's up. (requested by Zetababy3)
|
|t:|1783972343
|detailschange|p1a: Charizard|Charizard-Mega-Y, L50, F
|-mega|p1a: Charizard|Charizard|Charizardite Y
|-weather|SunnyDay|[from] ability: Drought|[of] p1a: Charizard
|move|p1a: Charizard|Protect|p1a: Charizard
|-singleturn|p1a: Charizard|Protect
|move|p1b: Venusaur|Sleep Powder|p2b: Bumcineroar
|-status|p2b: Bumcineroar|slp|[from] move: Sleep Powder
|cant|p2b: Bumcineroar|slp
|move|p2a: Toxapex|Infestation|p1b: Venusaur
|-damage|p1b: Venusaur|96/100
|-activate|p1b: Venusaur|move: Infestation|[of] p2a: Toxapex
|
|-weather|SunnyDay|[upkeep]
|-damage|p1b: Venusaur|84/100|[from] move: Infestation|[partiallytrapped]
|upkeep
|turn|2
|
|t:|1783972366
|move|p2a: Toxapex|Baneful Bunker|p2a: Toxapex
|-singleturn|p2a: Toxapex|move: Protect
|move|p1a: Charizard|Heat Wave|p2b: Bumcineroar|[spread] 
|-activate|p2a: Toxapex|move: Protect
|-miss|p1a: Charizard|p2b: Bumcineroar
|move|p1b: Venusaur|Earth Power|p2b: Bumcineroar
|-supereffective|p2b: Bumcineroar|1
|-damage|p2b: Bumcineroar|54/100 slp
|cant|p2b: Bumcineroar|slp
|
|-weather|SunnyDay|[upkeep]
|-damage|p1b: Venusaur|71/100|[from] move: Infestation|[partiallytrapped]
|upkeep
|turn|3
|
|t:|1783972383
|move|p1a: Charizard|Heat Wave|p2b: Bumcineroar|[spread] p2a,p2b
|-resisted|p2a: Toxapex|1
|-resisted|p2b: Bumcineroar|1
|-damage|p2a: Toxapex|77/100
|-damage|p2b: Bumcineroar|25/100 slp
|move|p1b: Venusaur|Earth Power|p2a: Toxapex
|-supereffective|p2a: Toxapex|1
|-damage|p2a: Toxapex|41/100
|-curestatus|p2b: Bumcineroar|slp|[msg]
|move|p2b: Bumcineroar|Flare Blitz|p1b: Venusaur
|-supereffective|p1b: Venusaur|1
|-damage|p1b: Venusaur|0 fnt
|faint|p1b: Venusaur
|-damage|p2b: Bumcineroar|7/100|[from] Recoil
|move|p2a: Toxapex|Infestation|p1a: Charizard
|-resisted|p1a: Charizard|2
|-damage|p1a: Charizard|99/100
|-activate|p1a: Charizard|move: Infestation|[of] p2a: Toxapex
|
|-weather|SunnyDay|[upkeep]
|-heal|p2a: Toxapex|47/100|[from] item: Leftovers
|-damage|p1a: Charizard|87/100|[from] move: Infestation|[partiallytrapped]
|upkeep
|
|t:|1783972406
|switch|p1b: Basculegion|Basculegion, L50, M|100/100
|turn|4
|
|t:|1783972417
|move|p2a: Toxapex|Baneful Bunker|p2a: Toxapex
|-singleturn|p2a: Toxapex|move: Protect
|move|p1b: Basculegion|Last Respects|p2b: Bumcineroar
|-resisted|p2b: Bumcineroar|1
|-damage|p2b: Bumcineroar|0 fnt
|faint|p2b: Bumcineroar
|move|p1a: Charizard|Weather Ball|p2a: Toxapex
|-activate|p2a: Toxapex|move: Protect
|
|-weather|SunnyDay|[upkeep]
|-heal|p2a: Toxapex|52/100|[from] item: Leftovers
|-damage|p1a: Charizard|74/100|[from] move: Infestation|[partiallytrapped]
|upkeep
|
|t:|1783972426
|switch|p2b: Kingambit|Kingambit, L50, F|100/100
|turn|5
|
|t:|1783972445
|move|p2b: Kingambit|Sucker Punch|p1a: Charizard
|-damage|p1a: Charizard|0 fnt
|faint|p1a: Charizard
|-damage|p2b: Kingambit|90/100|[from] item: Life Orb
|move|p1b: Basculegion|Last Respects|p2a: Toxapex
|-damage|p2a: Toxapex|0 fnt
|faint|p2a: Toxapex
|
|-weather|none
|upkeep
|
|t:|1783972456
|switch|p1a: Pelipper|Pelipper, L50, F|100/100
|switch|p2a: The Agenda|Chesnaught, L50, M|100/100
|-weather|RainDance|[from] ability: Drizzle|[of] p1a: Pelipper
|turn|6
|
|t:|1783972467
|detailschange|p2a: The Agenda|Chesnaught-Mega, L50, M
|-mega|p2a: The Agenda|Chesnaught|Chesnaughtite
|move|p2b: Kingambit|Sucker Punch|p1b: Basculegion
|-supereffective|p1b: Basculegion|1
|-damage|p1b: Basculegion|0 fnt
|faint|p1b: Basculegion
|-damage|p2b: Kingambit|80/100|[from] item: Life Orb
|move|p1a: Pelipper|Hurricane|p2a: The Agenda
|-supereffective|p2a: The Agenda|2
|-crit|p2a: The Agenda
|-damage|p2a: The Agenda|0 fnt
|faint|p2a: The Agenda
|
|-weather|RainDance|[upkeep]
|upkeep
|turn|7
|
|t:|1783972482
|move|p2b: Kingambit|Protect|p2b: Kingambit
|-singleturn|p2b: Kingambit|Protect
|move|p1a: Pelipper|Weather Ball|p2b: Kingambit
|-activate|p2b: Kingambit|move: Protect
|
|-weather|RainDance|[upkeep]
|upkeep
|turn|8
|
|t:|1783972492
|move|p1a: Pelipper|Weather Ball|p2b: Kingambit
|-damage|p2b: Kingambit|14/100
|move|p2b: Kingambit|Kowtow Cleave|p1a: Pelipper
|-damage|p1a: Pelipper|31/100
|-enditem|p1a: Pelipper|Sitrus Berry|[eat]
|-heal|p1a: Pelipper|56/100|[from] item: Sitrus Berry
|-damage|p2b: Kingambit|4/100|[from] item: Life Orb
|
|-weather|RainDance|[upkeep]
|upkeep
|turn|9
|
|t:|1783972503
|move|p2b: Kingambit|Protect|p2b: Kingambit
|-singleturn|p2b: Kingambit|Protect
|move|p1a: Pelipper|Weather Ball|p2b: Kingambit
|-activate|p2b: Kingambit|move: Protect
|
|-weather|RainDance|[upkeep]
|upkeep
|turn|10
|
|t:|1783972512
|move|p2b: Kingambit|Sucker Punch|p1a: Pelipper
|-crit|p1a: Pelipper
|-damage|p1a: Pelipper|0 fnt
|faint|p1a: Pelipper
|-damage|p2b: Kingambit|0 fnt|[from] item: Life Orb
|faint|p2b: Kingambit
|
|win|The RU Agenda
||The RU Agenda is ready for game 3.
||Zetababy3 is ready for game 3.
|uhtml|next|Next: Game 3 of 3
|l|☆Zetababy3
|player|p1|
