|j|☆Woodbox
|j|☆lettitripppp
|html|Woodboxlettitripppp    
|uhtml|bestof|Game 2 of a best-of-3
|t:|1783898468
|gametype|doubles
|player|p1|Woodbox|1|1299
|player|p2|lettitripppp|lucas|1332
|gen|9
|tier|[Gen 9 Champions] VGC 2026 Reg M-B (Bo3)
|rated|
|rule|Species Clause: Limit one of each Pokémon
|rule|Item Clause: Limit 1 of each item
|clearpoke
|poke|p1|Incineroar, L50, F|
|poke|p1|Charizard, L50, M|
|poke|p1|Garchomp, L50, F|
|poke|p1|Sneasler, L50, F|
|poke|p1|Metagross, L50|
|poke|p1|Whimsicott, L50, M|
|poke|p2|Charizard, L50, M|
|poke|p2|Floette-Eternal, L50, F|
|poke|p2|Basculegion, L50, M|
|poke|p2|Whimsicott, L50, M, shiny|
|poke|p2|Garchomp, L50, F, shiny|
|poke|p2|Kingambit, L50, M, shiny|
|teampreview|4
|showteam|p1|Incineroar||SitrusBerry|Intimidate|FlareBlitz,FakeOut,PartingShot,DarkestLariat|Careful||F|||50|]Charizard||CharizarditeY|Blaze|WeatherBall,HeatWave,SolarBeam,Protect|Modest||M|||50|]Garchomp||LifeOrb|RoughSkin|StompingTantrum,DragonClaw,RockSlide,Protect|Jolly||F|||50|]Sneasler||WhiteHerb|Unburden|FakeOut,CloseCombat,DireClaw,Protect|Jolly||F|||50|]Metagross||Metagrossite|ClearBody|MeteorMash,IcePunch,PsychicFangs,Protect|Jolly|||||50|]Whimsicott||FocusSash|Prankster|Moonblast,Encore,Tailwind,Protect|Timid||M|||50|
|showteam|p2|Charizard||CharizarditeY|Blaze|WeatherBall,SolarBeam,HeatWave,Protect|Modest||M|||50|]Floette-Eternal||Floettite|FlowerVeil|DazzlingGleam,LightofRuin,Moonblast,Protect|Modest||F|||50|]Basculegion||MysticWater|Adaptability|LastRespects,WaveCrash,AquaJet,Protect|Adamant||M|||50|]Whimsicott||FocusSash|Prankster|Moonblast,Tailwind,Encore,Protect|Timid||M|||50|]Garchomp||LifeOrb|RoughSkin|DragonClaw,Earthquake,RockSlide,Protect|Jolly||F|||50|]Kingambit||ChopleBerry|Defiant|KowtowCleave,SuckerPunch,IronHead,LowKick|Adamant||M|||50|
|inactive|Battle timer is ON: inactive players will automatically lose when time's up. (requested by lettitripppp)
|
|t:|1783898481
|teamsize|p1|4
|teamsize|p2|4
|start
|switch|p1a: Charizard|Charizard, L50, M|100/100
|switch|p1b: Sneasler|Sneasler, L50, F|100/100
|switch|p2a: AGNI|Charizard, L50, M|100/100
|switch|p2b: LETS GO GO|Whimsicott, L50, M, shiny|100/100
|turn|1
|
|t:|1783898498
|detailschange|p1a: Charizard|Charizard-Mega-Y, L50, M
|-mega|p1a: Charizard|Charizard|Charizardite Y
|-weather|SunnyDay|[from] ability: Drought|[of] p1a: Charizard
|move|p2b: LETS GO GO|Protect|p2b: LETS GO GO
|-singleturn|p2b: LETS GO GO|Protect
|move|p2a: AGNI|Protect|p2a: AGNI
|-singleturn|p2a: AGNI|Protect
|move|p1b: Sneasler|Dire Claw|p2a: AGNI
|-activate|p2a: AGNI|move: Protect
|move|p1a: Charizard|Weather Ball|p2a: AGNI
|-activate|p2a: AGNI|move: Protect
|
|-weather|SunnyDay|[upkeep]
|upkeep
|turn|2
|
|t:|1783898518
|detailschange|p2a: AGNI|Charizard-Mega-Y, L50, M
|-mega|p2a: AGNI|Charizard|Charizardite Y
|move|p1b: Sneasler|Protect|p1b: Sneasler
|-singleturn|p1b: Sneasler|Protect
|move|p2b: LETS GO GO|Tailwind|p2b: LETS GO GO
|-sidestart|p2: lettitripppp|move: Tailwind
|move|p2a: AGNI|Heat Wave|p1b: Sneasler|[spread] p1a
|-activate|p1b: Sneasler|move: Protect
|-resisted|p1a: Charizard|1
|-damage|p1a: Charizard|69/100
|move|p1a: Charizard|Heat Wave|p2a: AGNI|[spread] p2a,p2b
|-resisted|p2a: AGNI|1
|-supereffective|p2b: LETS GO GO|1
|-damage|p2a: AGNI|69/100
|-enditem|p2b: LETS GO GO|Focus Sash
|-damage|p2b: LETS GO GO|1/100
|
|-weather|SunnyDay|[upkeep]
|upkeep
|turn|3
|inactive|Woodbox has 30 seconds left.
|
|t:|1783898544
|switch|p2b: GHOSTWAVE|Basculegion, L50, M|100/100
|switch|p1b: Garchomp|Garchomp, L50, F|100/100
|move|p2a: AGNI|Weather Ball|p1b: Garchomp
|-resisted|p1b: Garchomp|1
|-damage|p1b: Garchomp|48/100
|move|p1a: Charizard|Heat Wave|p2a: AGNI|[spread] p2a,p2b
|-resisted|p2a: AGNI|1
|-resisted|p2b: GHOSTWAVE|1
|-damage|p2a: AGNI|37/100
|-damage|p2b: GHOSTWAVE|62/100
|
|-weather|SunnyDay|[upkeep]
|upkeep
|turn|4
|
|t:|1783898560
|switch|p1a: Whimsicott|Whimsicott, L50, M|100/100
|move|p1b: Garchomp|Protect|p1b: Garchomp
|-singleturn|p1b: Garchomp|Protect
|move|p2a: AGNI|Weather Ball|p1b: Garchomp
|-activate|p1b: Garchomp|move: Protect
|move|p2b: GHOSTWAVE|Wave Crash|p1a: Whimsicott
|-resisted|p1a: Whimsicott|1
|-damage|p1a: Whimsicott|64/100
|-damage|p2b: GHOSTWAVE|54/100|[from] Recoil
|
|-weather|SunnyDay|[upkeep]
|upkeep
|turn|5
|
|t:|1783898577
|move|p2a: AGNI|Protect|p2a: AGNI
|-singleturn|p2a: AGNI|Protect
|move|p1b: Garchomp|Protect||[still]
|-fail|p1b: Garchomp
|move|p1a: Whimsicott|Tailwind|p1a: Whimsicott
|-sidestart|p1: Woodbox|move: Tailwind
|move|p2b: GHOSTWAVE|Wave Crash|p1b: Garchomp
|-damage|p1b: Garchomp|4/100
|-damage|p2b: GHOSTWAVE|42/100|[from] ability: Rough Skin|[of] p1b: Garchomp
|-damage|p2b: GHOSTWAVE|29/100|[from] Recoil
|
|-weather|none
|-sideend|p2: lettitripppp|move: Tailwind
|upkeep
|turn|6
|
|t:|1783898600
|switch|p2a: CRUSH SHARK|Garchomp, L50, F, shiny|100/100
|move|p1a: Whimsicott|Encore|p2b: GHOSTWAVE
|-start|p2b: GHOSTWAVE|Encore
|move|p1b: Garchomp|Rock Slide|p2b: GHOSTWAVE|[spread] p2a,p2b
|-resisted|p2a: CRUSH SHARK|1
|-damage|p2a: CRUSH SHARK|88/100
|-damage|p2b: GHOSTWAVE|3/100
|-damage|p1b: Garchomp|0 fnt|[from] item: Life Orb
|faint|p1b: Garchomp
|move|p2b: GHOSTWAVE|Wave Crash|p1a: Whimsicott
|-resisted|p1a: Whimsicott|1
|-damage|p1a: Whimsicott|0 fnt
|faint|p1a: Whimsicott
|-damage|p2b: GHOSTWAVE|0 fnt|[from] Recoil
|faint|p2b: GHOSTWAVE
|
|upkeep
|
|t:|1783898615
|switch|p1a: Charizard|Charizard-Mega-Y, L50, M|69/100
|switch|p1b: Sneasler|Sneasler, L50, F|100/100
|switch|p2b: LETS GO GO|Whimsicott, L50, M, shiny|1/100
|-weather|SunnyDay|[from] ability: Drought|[of] p1a: Charizard
|turn|7
|
|t:|1783898633
|move|p2b: LETS GO GO|Protect|p2b: LETS GO GO
|-singleturn|p2b: LETS GO GO|Protect
|move|p2a: CRUSH SHARK|Protect|p2a: CRUSH SHARK
|-singleturn|p2a: CRUSH SHARK|Protect
|move|p1b: Sneasler|Close Combat|p2a: CRUSH SHARK
|-activate|p2a: CRUSH SHARK|move: Protect
|move|p1a: Charizard|Weather Ball|p2a: CRUSH SHARK
|-activate|p2a: CRUSH SHARK|move: Protect
|
|-weather|SunnyDay|[upkeep]
|upkeep
|turn|8
|
|t:|1783898645
|move|p1a: Charizard|Protect|p1a: Charizard
|-singleturn|p1a: Charizard|Protect
|move|p2b: LETS GO GO|Tailwind|p2b: LETS GO GO
|-sidestart|p2: lettitripppp|move: Tailwind
|move|p1b: Sneasler|Close Combat|p2a: CRUSH SHARK
|-damage|p2a: CRUSH SHARK|25/100
|-unboost|p1b: Sneasler|def|1
|-unboost|p1b: Sneasler|spd|1
|-damage|p1b: Sneasler|87/100|[from] ability: Rough Skin|[of] p2a: CRUSH SHARK
|-enditem|p1b: Sneasler|White Herb
|-clearnegativeboost|p1b: Sneasler|[silent]
|move|p2a: CRUSH SHARK|Rock Slide|p1b: Sneasler|[spread] p1b
|-activate|p1a: Charizard|move: Protect
|-resisted|p1b: Sneasler|1
|-damage|p1b: Sneasler|64/100
|-damage|p2a: CRUSH SHARK|16/100|[from] item: Life Orb
|
|-weather|SunnyDay|[upkeep]
|-sideend|p1: Woodbox|move: Tailwind
|upkeep
|turn|9
|inactive|Woodbox has 30 seconds left.
|
|t:|1783898672
|move|p2b: LETS GO GO|Encore|p1b: Sneasler
|-start|p1b: Sneasler|Encore
|move|p1b: Sneasler|Close Combat|p2b: LETS GO GO
|-resisted|p2b: LETS GO GO|1
|-damage|p2b: LETS GO GO|0 fnt
|-unboost|p1b: Sneasler|def|1
|-unboost|p1b: Sneasler|spd|1
|faint|p2b: LETS GO GO
|move|p2a: CRUSH SHARK|Rock Slide|p1b: Sneasler|[spread] p1a,p1b
|-supereffective|p1a: Charizard|2
|-resisted|p1b: Sneasler|1
|-damage|p1a: Charizard|0 fnt
|-damage|p1b: Sneasler|34/100
|faint|p1a: Charizard
|-damage|p2a: CRUSH SHARK|6/100|[from] item: Life Orb
|
|-weather|SunnyDay|[upkeep]
|upkeep
|
|t:|1783898682
|switch|p2b: AGNI|Charizard-Mega-Y, L50, M|37/100
|turn|10
|-message|Woodbox forfeited.
|
|win|lettitripppp
|l|☆Woodbox
|player|p1|
