|j|☆exessevio
|j|‽candangacheche
|html|exesseviocandangacheche    
|uhtml|bestof|Game 1 of a best-of-3
|t:|1785254780
|gametype|doubles
|player|p1|exessevio|265|1120
|player|p2|candangacheche|2|1132
|gen|9
|tier|[Gen 9 Champions] VGC 2026 Reg M-B (Bo3)
|rated|
|rule|Species Clause: Limit one of each Pokémon
|rule|Item Clause: Limit 1 of each item
|clearpoke
|poke|p1|Heracross, L50, M|
|poke|p1|Chandelure, L50, M|
|poke|p1|Gliscor, L50, F|
|poke|p1|Sceptile, L50, M|
|poke|p1|Feraligatr, L50, M|
|poke|p1|Sharpedo, L50, M|
|poke|p2|Delphox, L50, F, shiny|
|poke|p2|Grimmsnarl, L50, M, shiny|
|poke|p2|Garchomp, L50, M, shiny|
|poke|p2|Sylveon, L50, F|
|poke|p2|Kingambit, L50, M|
|poke|p2|Venusaur, L50, F|
|teampreview|4
|showteam|p1|Heracross||Heracronite|Swarm|CloseCombat,PinMissile,BulletSeed,Detect|Adamant||M|||50|]Chandelure||Chandelurite|Infiltrator|HeatWave,ShadowBall,Protect,Flamethrower|Modest||M|||50|]Gliscor||SitrusBerry|HyperCutter|DualWingbeat,HighHorsepower,Protect,Tailwind|Adamant||F|||50|]Sceptile||WhiteHerb|Unburden|LeafStorm,RockTomb,QuickGuard,EarthPower|Timid||M|||50|]Feraligatr||LifeOrb|SheerForce|AquaJet,Liquidation,Protect,IcePunch|Adamant||M|||50|]Sharpedo||FocusSash|SpeedBoost|Crunch,Liquidation,PsychicFangs,Protect|Adamant||M|||50|
|showteam|p2|Delphox||Delphoxite|Blaze|Protect,HeatWave,NastyPlot,Psychic|Timid||F|||50|]Grimmsnarl||LightClay|Prankster|LightScreen,Reflect,PartingShot,FoulPlay|Careful||M|||50|]Garchomp||LifeOrb|RoughSkin|DragonClaw,Earthquake,Protect,ThunderFang|Adamant||M|||50|]Sylveon||FairyFeather|Pixilate|HyperVoice,HyperBeam,QuickAttack,Detect|Timid||F|||50|]Kingambit||FocusSash|Defiant|SuckerPunch,KowtowCleave,Protect,IronHead|Adamant||M|||50|]Venusaur||Venusaurite|Chlorophyll|GigaDrain,EarthPower,SludgeBomb,Protect|Modest||F|||50|
|inactive|Battle timer is ON: inactive players will automatically lose when time's up. (requested by candangacheche)
|inactive|exessevio has 60 seconds left.
|inactive|candangacheche has 60 seconds left.
|
|t:|1785254842
|teamsize|p1|4
|teamsize|p2|4
|start
|switch|p1a: Gliscor|Gliscor, L50, F|100/100
|switch|p1b: Feraligatr|Feraligatr, L50, M|100/100
|switch|p2a: Garchomp|Garchomp, L50, M, shiny|100/100
|switch|p2b: Grimmsnarl|Grimmsnarl, L50, M, shiny|100/100
|turn|1
|
|t:|1785254860
|move|p1b: Feraligatr|Protect|p1b: Feraligatr
|-singleturn|p1b: Feraligatr|Protect
|move|p2a: Garchomp|Protect|p2a: Garchomp
|-singleturn|p2a: Garchomp|Protect
|move|p2b: Grimmsnarl|Reflect|p2b: Grimmsnarl
|-sidestart|p2: candangacheche|Reflect
|move|p1a: Gliscor|Tailwind|p1a: Gliscor
|-sidestart|p1: exessevio|move: Tailwind
|
|upkeep
|turn|2
|
|t:|1785254884
|move|p2b: Grimmsnarl|Parting Shot|p1b: Feraligatr
|-unboost|p1b: Feraligatr|atk|1
|-unboost|p1b: Feraligatr|spa|1
|
|t:|1785254889
|switch|p2b: Venusaur|Venusaur, L50, F|100/100|[from] Parting Shot
|move|p1b: Feraligatr|Ice Punch|p2a: Garchomp
|-supereffective|p2a: Garchomp|2
|-damage|p2a: Garchomp|28/100
|-damage|p1b: Feraligatr|87/100|[from] ability: Rough Skin|[of] p2a: Garchomp
|move|p1a: Gliscor|High Horsepower|p2a: Garchomp
|-damage|p2a: Garchomp|3/100
|-damage|p1a: Gliscor|87/100|[from] ability: Rough Skin|[of] p2a: Garchomp
|move|p2a: Garchomp|Dragon Claw|p1a: Gliscor
|-damage|p1a: Gliscor|43/100
|-enditem|p1a: Gliscor|Sitrus Berry|[eat]
|-heal|p1a: Gliscor|67/100|[from] item: Sitrus Berry
|-damage|p2a: Garchomp|0 fnt|[from] item: Life Orb
|faint|p2a: Garchomp
|
|upkeep
|
|t:|1785254910
|switch|p2a: Grimmsnarl|Grimmsnarl, L50, M, shiny|100/100
|turn|3
|
|t:|1785254920
|detailschange|p2b: Venusaur|Venusaur-Mega, L50, F
|-mega|p2b: Venusaur|Venusaur|Venusaurite
|move|p2b: Venusaur|Protect|p2b: Venusaur
|-singleturn|p2b: Venusaur|Protect
|move|p1b: Feraligatr|Ice Punch|p2b: Venusaur
|-activate|p2b: Venusaur|move: Protect
|move|p1a: Gliscor|Dual Wingbeat|p2b: Venusaur
|-activate|p2b: Venusaur|move: Protect
|move|p2a: Grimmsnarl|Foul Play|p1a: Gliscor
|-damage|p1a: Gliscor|36/100
|
|upkeep
|turn|4
|
|t:|1785254940
|move|p2a: Grimmsnarl|Parting Shot|p1a: Gliscor
|-fail|p1a: Gliscor|unboost|Attack|[from] ability: Hyper Cutter|[of] p1a: Gliscor
|-unboost|p1a: Gliscor|spa|1
|
|t:|1785254944
|switch|p2a: Sylveon|Sylveon, L50, F|100/100|[from] Parting Shot
|move|p1b: Feraligatr|Liquidation|p2a: Sylveon
|-damage|p2a: Sylveon|63/100
|move|p1a: Gliscor|High Horsepower|p2a: Sylveon
|-damage|p2a: Sylveon|31/100
|move|p2b: Venusaur|Giga Drain|p1b: Feraligatr
|-supereffective|p1b: Feraligatr|1
|-damage|p1b: Feraligatr|0 fnt
|faint|p1b: Feraligatr
|
|-sideend|p1: exessevio|move: Tailwind
|upkeep
|
|t:|1785254959
|switch|p1b: Chandelure|Chandelure, L50, M|100/100
|turn|5
|
|t:|1785254976
|switch|p2b: Grimmsnarl|Grimmsnarl, L50, M, shiny|100/100
|detailschange|p1b: Chandelure|Chandelure-Mega, L50, M
|-mega|p1b: Chandelure|Chandelure|Chandelurite
|move|p1b: Chandelure|Heat Wave|p2b: Grimmsnarl|[spread] p2a,p2b
|-damage|p2a: Sylveon|0 fnt
|-damage|p2b: Grimmsnarl|56/100
|faint|p2a: Sylveon
|move|p1a: Gliscor|Dual Wingbeat|p2b: Grimmsnarl
|-damage|p2b: Grimmsnarl|44/100
|-damage|p2b: Grimmsnarl|33/100
|-hitcount|p2b: Grimmsnarl|2
|
|upkeep
|
|t:|1785254987
|switch|p2a: Venusaur|Venusaur-Mega, L50, F|100/100
|turn|6
|inactive|exessevio has 30 seconds left.
|
|t:|1785255017
|move|p2b: Grimmsnarl|Light Screen|p2b: Grimmsnarl
|-sidestart|p2: candangacheche|move: Light Screen
|move|p1b: Chandelure|Heat Wave|p2a: Venusaur|[spread] p2a,p2b
|-supereffective|p2a: Venusaur|1
|-damage|p2a: Venusaur|50/100g
|-damage|p2b: Grimmsnarl|0 fnt
|faint|p2b: Grimmsnarl
|move|p2a: Venusaur|Earth Power|p1b: Chandelure
|-supereffective|p1b: Chandelure|1
|-damage|p1b: Chandelure|22/100
|move|p1a: Gliscor|Dual Wingbeat|p2a: Venusaur
|-supereffective|p2a: Venusaur|1
|-damage|p2a: Venusaur|29/100
|-supereffective|p2a: Venusaur|1
|-damage|p2a: Venusaur|7/100
|-hitcount|p2a: Venusaur|2
|
|upkeep
|turn|7
|
|t:|1785255033
|move|p1b: Chandelure|Flamethrower|p2a: Venusaur
|-supereffective|p2a: Venusaur|1
|-damage|p2a: Venusaur|0 fnt
|faint|p2a: Venusaur
|
|win|exessevio
||candangacheche is ready for game 2.
|inactive|exessevio has 30 seconds to confirm battle start!
||exessevio is ready for game 2.
|uhtml|next|Next: Game 2 of 3
|l|‽candangacheche
|player|p2|
