|j|☆ParroTiest
|j|☆SeeYouInSf
|html|ParroTiestSeeYouInSf    
|uhtml|bestof|Game 2 of a best-of-3
|t:|1756407440
|gametype|doubles
|player|p1|ParroTiest|wallace|1157
|player|p2|SeeYouInSf|unknown|1238
|gen|9
|tier|[Gen 9] VGC 2025 Reg H (Bo3)
|rated|
|rule|Species Clause: Limit one of each Pokémon
|rule|Item Clause: Limit 1 of each item
|clearpoke
|poke|p1|Grimmsnarl, L50, M|
|poke|p1|Ursaluna-Bloodmoon, L50, M|
|poke|p1|Farigiraf, L50, F|
|poke|p1|Gholdengo, L50|
|poke|p1|Rillaboom, L50, F|
|poke|p1|Volcarona, L50, M|
|poke|p2|Amoonguss, L50, F|
|poke|p2|Gholdengo, L50|
|poke|p2|Porygon2, L50|
|poke|p2|Incineroar, L50, F|
|poke|p2|Ursaluna, L50, F|
|poke|p2|Tyranitar, L50, M|
|teampreview|4
|showteam|p1|Grimmsnarl||LightClay|Prankster|Reflect,LightScreen,SpiritBreak,Taunt|||M|||50|,,,,,Ghost]Ursaluna-Bloodmoon||LifeOrb|MindsEye|BloodMoon,HyperVoice,EarthPower,Protect|||M|||50|,,,,,Normal]Farigiraf||ThroatSpray|ArmorTail|HyperVoice,Psychic,TrickRoom,Protect|||F|||50|,,,,,Fairy]Gholdengo||ChoiceSpecs|GoodasGold|MakeItRain,ShadowBall,PowerGem,Trick||||||50|,,,,,Water]Rillaboom||AssaultVest|GrassySurge|FakeOut,WoodHammer,GrassyGlide,Uturn|||F|||50|,,,,,Fire]Volcarona||Leftovers|FlameBody|QuiverDance,HeatWave,GigaDrain,Protect|||M|||50|,,,,,Grass
|showteam|p2|Amoonguss||RockyHelmet|Regenerator|Spore,RagePowder,PollenPuff,Protect|||F|||50|,,,,,Water]Gholdengo||LifeOrb|GoodasGold|MakeItRain,ShadowBall,NastyPlot,Protect||||||50|,,,,,Dragon]Porygon2||Eviolite|Download|TeraBlast,TrickRoom,Recover,IceBeam||||||50|,,,,,Fighting]Incineroar||SafetyGoggles|Intimidate|PartingShot,KnockOff,FlareBlitz,FakeOut|||F|||50|,,,,,Ghost]Ursaluna||FlameOrb|Guts|Facade,HeadlongRush,Substitute,Protect|||F|||50|,,,,,Ghost]Tyranitar||AssaultVest|SandStream|LowKick,TeraBlast,RockSlide,KnockOff|||M|||50|,,,,,Fairy
|inactive|Battle timer is ON: inactive players will automatically lose when time's up. (requested by SeeYouInSf)
|inactive|ParroTiest also wants the timer to be on.
|inactive|ParroTiest has 60 seconds left.
|inactive|SeeYouInSf has 60 seconds left.
|
|t:|1756407485
|teamsize|p1|4
|teamsize|p2|4
|start
|switch|p1a: setup kill button|Volcarona, L50, M|100/100
|switch|p1b: instakill button|Ursaluna-Bloodmoon, L50, M|100/100
|switch|p2a: Porygon2|Porygon2, L50|100/100
|switch|p2b: Ursaluna|Ursaluna, L50, F|100/100
|-ability|p2a: Porygon2|Download|boost
|-boost|p2a: Porygon2|spa|1
|turn|1
|inactive|SeeYouInSf has 30 seconds left.
|
|t:|1756407511
|-terastallize|p1b: instakill button|Normal
|move|p1a: setup kill button|Heat Wave|p2a: Porygon2|[spread] p2a,p2b
|-damage|p2a: Porygon2|83/100
|-damage|p2b: Ursaluna|73/100
|move|p1b: instakill button|Blood Moon|p2a: Porygon2
|-damage|p2a: Porygon2|12/100
|-damage|p1b: instakill button|90/100|[from] item: Life Orb
|move|p2b: Ursaluna|Substitute|p2b: Ursaluna
|-start|p2b: Ursaluna|Substitute
|-damage|p2b: Ursaluna|48/100
|move|p2a: Porygon2|Trick Room|p2a: Porygon2
|-fieldstart|move: Trick Room|[of] p2a: Porygon2
|
|-status|p2b: Ursaluna|brn|[from] item: Flame Orb
|upkeep
|turn|2
|inactive|SeeYouInSf has 30 seconds left.
|inactive|SeeYouInSf has 20 seconds left.
|
|t:|1756407546
|move|p1b: instakill button|Protect|p1b: instakill button
|-singleturn|p1b: instakill button|Protect
|move|p2a: Porygon2|Recover|p2a: Porygon2
|-heal|p2a: Porygon2|62/100
|move|p2b: Ursaluna|Facade|p1b: instakill button
|-activate|p1b: instakill button|move: Protect
|move|p1a: setup kill button|Heat Wave|p2a: Porygon2|[spread] p2a,p2b
|-end|p2b: Ursaluna|Substitute
|-damage|p2a: Porygon2|44/100
|
|-damage|p2b: Ursaluna|42/100 brn|[from] brn
|upkeep
|turn|3
|
|t:|1756407560
|switch|p1b: quarters|Gholdengo, L50|100/100
|move|p1a: setup kill button|Protect|p1a: setup kill button
|-singleturn|p1a: setup kill button|Protect
|move|p2a: Porygon2|Recover|p2a: Porygon2
|-heal|p2a: Porygon2|94/100
|move|p2b: Ursaluna|Facade|p1b: quarters
|-immune|p1b: quarters
|
|-damage|p2b: Ursaluna|36/100 brn|[from] brn
|upkeep
|turn|4
|inactive|SeeYouInSf has 30 seconds left.
|inactive|SeeYouInSf has 20 seconds left.
|
|t:|1756407597
|switch|p1a: monke|Rillaboom, L50, F|100/100
|-fieldstart|move: Grassy Terrain|[from] ability: Grassy Surge|[of] p1a: monke
|move|p2a: Porygon2|Tera Blast|p1a: monke
|-damage|p1a: monke|75/100
|move|p2b: Ursaluna|Headlong Rush|p1b: quarters
|-supereffective|p1b: quarters
|-damage|p1b: quarters|0 fnt
|-unboost|p2b: Ursaluna|def|1
|-unboost|p2b: Ursaluna|spd|1
|faint|p1b: quarters
|
|-heal|p2a: Porygon2|99/100|[from] Grassy Terrain
|-heal|p2b: Ursaluna|42/100 brn|[from] Grassy Terrain
|-heal|p1a: monke|81/100|[from] Grassy Terrain
|-damage|p2b: Ursaluna|36/100 brn|[from] brn
|upkeep
|
|t:|1756407608
|switch|p1b: instakill button|Ursaluna-Bloodmoon, L50, M, tera:Normal|90/100
|turn|5
|inactive|SeeYouInSf has 30 seconds left.
|inactive|SeeYouInSf has 20 seconds left.
|inactive|SeeYouInSf has 15 seconds left.
|inactive|SeeYouInSf has 10 seconds left.
|
|t:|1756407656
|switch|p2a: Tyranitar|Tyranitar, L50, M|100/100
|-weather|Sandstorm|[from] ability: Sand Stream|[of] p2a: Tyranitar
|move|p2b: Ursaluna|Protect|p2b: Ursaluna
|-singleturn|p2b: Ursaluna|Protect
|move|p1a: monke|Fake Out|p2b: Ursaluna
|-activate|p2b: Ursaluna|move: Protect
|move|p1b: instakill button|Blood Moon|p2a: Tyranitar
|-resisted|p2a: Tyranitar
|-damage|p2a: Tyranitar|73/100
|-damage|p1b: instakill button|80/100|[from] item: Life Orb
|
|-weather|Sandstorm|[upkeep]
|-damage|p1b: instakill button|74/100|[from] Sandstorm
|-damage|p1a: monke|75/100|[from] Sandstorm
|-heal|p2b: Ursaluna|42/100 brn|[from] Grassy Terrain
|-heal|p1b: instakill button|80/100|[from] Grassy Terrain
|-heal|p2a: Tyranitar|79/100|[from] Grassy Terrain
|-heal|p1a: monke|81/100|[from] Grassy Terrain
|-damage|p2b: Ursaluna|36/100 brn|[from] brn
|-fieldend|move: Trick Room
|upkeep
|turn|6
|inactive|SeeYouInSf has 30 seconds left.
|inactive|ParroTiest has 30 seconds left.
|inactive|SeeYouInSf has 20 seconds left.
|
|t:|1756407696
|switch|p2b: Porygon2|Porygon2, L50|99/100
|-ability|p2b: Porygon2|Download|boost
|-boost|p2b: Porygon2|spa|1
|-terastallize|p2a: Tyranitar|Fairy
|move|p1a: monke|Wood Hammer|p2a: Tyranitar
|-damage|p2a: Tyranitar|23/100
|-damage|p1a: monke|63/100|[from] Recoil
|move|p2a: Tyranitar|Knock Off|p1a: monke
|-crit|p1a: monke
|-damage|p1a: monke|0 fnt
|-enditem|p1a: monke|Assault Vest|[from] move: Knock Off|[of] p2a: Tyranitar
|faint|p1a: monke
|move|p1b: instakill button|Hyper Voice|p2a: Tyranitar|[spread] p2a,p2b
|-damage|p2a: Tyranitar|0 fnt
|-damage|p2b: Porygon2|66/100
|faint|p2a: Tyranitar
|-damage|p1b: instakill button|70/100|[from] item: Life Orb
|
|-weather|Sandstorm|[upkeep]
|-damage|p1b: instakill button|64/100|[from] Sandstorm
|-damage|p2b: Porygon2|60/100|[from] Sandstorm
|-heal|p1b: instakill button|70/100|[from] Grassy Terrain
|-heal|p2b: Porygon2|66/100|[from] Grassy Terrain
|upkeep
|
|t:|1756407711
|switch|p1a: setup kill button|Volcarona, L50, M|100/100
|switch|p2a: Gholdengo|Gholdengo, L50|100/100
|turn|7
|inactive|SeeYouInSf has 30 seconds left.
|inactive|SeeYouInSf has 20 seconds left.
|
|t:|1756407747
|move|p2a: Gholdengo|Protect|p2a: Gholdengo
|-singleturn|p2a: Gholdengo|Protect
|move|p1a: setup kill button|Heat Wave|p2b: Porygon2|[spread] p2b
|-activate|p2a: Gholdengo|move: Protect
|-damage|p2b: Porygon2|47/100
|move|p1b: instakill button|Blood Moon|p2b: Porygon2
|-damage|p2b: Porygon2|0 fnt
|faint|p2b: Porygon2
|-damage|p1b: instakill button|60/100|[from] item: Life Orb
|
|-weather|Sandstorm|[upkeep]
|-damage|p1a: setup kill button|95/100|[from] Sandstorm
|-damage|p1b: instakill button|54/100|[from] Sandstorm
|-heal|p1a: setup kill button|100/100|[from] Grassy Terrain
|-heal|p1b: instakill button|60/100|[from] Grassy Terrain
|upkeep
|
|t:|1756407756
|switch|p2b: Ursaluna|Ursaluna, L50, F|36/100 brn
|turn|8
|
|t:|1756407780
|move|p1a: setup kill button|Heat Wave|p2b: Ursaluna|[spread] p2a,p2b
|-supereffective|p2a: Gholdengo
|-damage|p2a: Gholdengo|16/100
|-damage|p2b: Ursaluna|8/100 brn
|move|p2a: Gholdengo|Shadow Ball|p1a: setup kill button
|-damage|p1a: setup kill button|47/100
|-damage|p2a: Gholdengo|6/100|[from] item: Life Orb
|move|p1b: instakill button|Hyper Voice|p2b: Ursaluna|[spread] p2a,p2b
|-resisted|p2a: Gholdengo
|-crit|p2a: Gholdengo
|-damage|p2a: Gholdengo|0 fnt
|-damage|p2b: Ursaluna|0 fnt
|faint|p2a: Gholdengo
|faint|p2b: Ursaluna
|-damage|p1b: instakill button|50/100|[from] item: Life Orb
|
|win|ParroTiest
||ParroTiest is ready for game 3.
||SeeYouInSf is ready for game 3.
|uhtml|next|Next: Game 3 of 3
|l|☆ParroTiest
|player|p1|
