|j|☆itssobeak
|j|☆narvar
|html|itssobeaknarvar    
|uhtml|bestof|Game 1 of a best-of-3
|t:|1783562292
|gametype|doubles
|player|p1|itssobeak|birdkeeper|1000
|player|p2|narvar|102|1000
|gen|9
|tier|[Gen 9 Champions] VGC 2026 Reg M-B (Bo3)
|rated|
|rule|Species Clause: Limit one of each Pokémon
|rule|Item Clause: Limit 1 of each item
|clearpoke
|poke|p1|Staraptor, L50, M|
|poke|p1|Weavile, L50, F|
|poke|p1|Whimsicott, L50, M|
|poke|p1|Glimmora, L50, M|
|poke|p1|Kingambit, L50, M|
|poke|p1|Sinistcha, L50|
|poke|p2|Clawitzer, L50, M|
|poke|p2|Camerupt, L50, M|
|poke|p2|Eelektross, L50, M|
|poke|p2|Oranguru, L50, M|
|poke|p2|Falinks, L50|
|poke|p2|Incineroar, L50, M|
|teampreview|4
|showteam|p1|Staraptor||Staraptite|Intimidate|BraveBird,CloseCombat,Uturn,Protect|Jolly||M|||50|]Weavile||WideLens|Pressure|KnockOff,TripleAxel,Taunt,FakeOut|Jolly||F|||50|]Whimsicott||FocusSash|Prankster|Moonblast,Tailwind,Encore,Tickle|Timid||M|||50|]Glimmora||Glimmoranite|ToxicDebris|PowerGem,SludgeBomb,EarthPower,SpikyShield|Timid||M|||50|]Kingambit||BlackGlasses|Defiant|KowtowCleave,SuckerPunch,SwordsDance,Protect|Adamant||M|||50|]Sinistcha||CobaBerry|Hospitality|MatchaGotcha,RagePowder,LifeDew,Protect|Bold|||||50|
|showteam|p2|Clawitzer||MysticWater|MegaLauncher|WaterPulse,DragonPulse,DarkPulse,Protect|Modest||M|||50|]Camerupt||PasshoBerry|SolidRock|EarthPower,HeatWave,Protect,Eruption|Quiet||M|||50|]Eelektross||Eelektrossite|Levitate|Discharge,Flamethrower,DragonPulse,Protect|Quiet||M|||50|]Oranguru||Leftovers|Telepathy|TrickRoom,Protect,Instruct,Encore|Sassy||M|||50|]Falinks||Falinksite|Defiant|CloseCombat,IronHead,RockSlide,Protect|Adamant|||||50|]Incineroar||SitrusBerry|Intimidate|DarkestLariat,CloseCombat,FakeOut,Protect|Relaxed||M|||50|
|inactive|Battle timer is ON: inactive players will automatically lose when time's up. (requested by itssobeak)
|inactive|itssobeak has 60 seconds left.
|inactive|itssobeak has 30 seconds left.
|inactive|itssobeak has 20 seconds left.
|inactive|itssobeak has 15 seconds left.
|inactive|itssobeak has 10 seconds left.
|
|t:|1783562382
|teamsize|p1|4
|teamsize|p2|4
|start
|switch|p1a: Staraptor|Staraptor, L50, M|100/100
|switch|p1b: Weavile|Weavile, L50, F|100/100
|switch|p2a: Eelektross|Eelektross, L50, M|100/100
|switch|p2b: Incineroar|Incineroar, L50, M|100/100
|-ability|p1b: Weavile|Pressure
|-ability|p1a: Staraptor|Intimidate|boost
|-unboost|p2a: Eelektross|atk|1
|-unboost|p2b: Incineroar|atk|1
|-ability|p2b: Incineroar|Intimidate|boost
|-unboost|p1a: Staraptor|atk|1
|-unboost|p1b: Weavile|atk|1
|turn|1
|inactive|narvar has 30 seconds left.
|
|t:|1783562409
|detailschange|p1a: Staraptor|Staraptor-Mega, L50, M
|-mega|p1a: Staraptor|Staraptor|Staraptite
|detailschange|p2a: Eelektross|Eelektross-Mega, L50, M
|-mega|p2a: Eelektross|Eelektross|Eelektrossite
|move|p1b: Weavile|Fake Out|p2a: Eelektross
|-damage|p2a: Eelektross|90/100
|move|p2b: Incineroar|Fake Out|p1a: Staraptor
|-damage|p1a: Staraptor|92/100
|cant|p1a: Staraptor|flinch
|cant|p2a: Eelektross|flinch
|
|upkeep
|turn|2
|inactive|itssobeak has 30 seconds left.
|inactive|itssobeak has 20 seconds left.
|inactive|itssobeak has 15 seconds left.
|
|t:|1783562453
|switch|p1b: Sinistcha|Sinistcha, L50|100/100
|-heal|p1a: Staraptor|100/100|[from] ability: Hospitality|[of] p1b: Sinistcha
|move|p2a: Eelektross|Protect|p2a: Eelektross
|-singleturn|p2a: Eelektross|Protect
|move|p1a: Staraptor|U-turn|p2a: Eelektross
|-activate|p2a: Eelektross|move: Protect
|move|p2b: Incineroar|Close Combat|p1b: Sinistcha
|-immune|p1b: Sinistcha
|
|upkeep
|turn|3
|
|t:|1783562475
|move|p1b: Sinistcha|Protect|p1b: Sinistcha
|-singleturn|p1b: Sinistcha|Protect
|move|p1a: Staraptor|U-turn|p2a: Eelektross
|-damage|p2a: Eelektross|71/100
|
|t:|1783562496
|switch|p1a: Kingambit|Kingambit, L50, M|100/100|[from] U-turn
|move|p2a: Eelektross|Discharge|p1a: Kingambit|[spread] p2b,p1a
|-activate|p1b: Sinistcha|move: Protect
|-crit|p1a: Kingambit
|-damage|p2b: Incineroar|68/100
|-damage|p1a: Kingambit|47/100
|-status|p2b: Incineroar|par
|move|p2b: Incineroar|Darkest Lariat|p1b: Sinistcha
|-activate|p1b: Sinistcha|move: Protect
|
|upkeep
|turn|4
|
|t:|1783562513
|switch|p2b: Oranguru|Oranguru, L50, M|100/100
|move|p1a: Kingambit|Sucker Punch|p2a: Eelektross
|-damage|p2a: Eelektross|13/100
|move|p1b: Sinistcha|Matcha Gotcha|p2a: Eelektross|[spread] p2a,p2b
|-damage|p2a: Eelektross|0 fnt
|-damage|p2b: Oranguru|83/100
|faint|p2a: Eelektross
|
|-heal|p2b: Oranguru|89/100|[from] item: Leftovers
|upkeep
|
|t:|1783562528
|switch|p2a: Camerupt|Camerupt, L50, M|100/100
|turn|5
|
|t:|1783562546
|move|p2a: Camerupt|Protect|p2a: Camerupt
|-singleturn|p2a: Camerupt|Protect
|move|p1b: Sinistcha|Matcha Gotcha|p2b: Oranguru|[spread] p2b
|-activate|p2a: Camerupt|move: Protect
|-damage|p2b: Oranguru|70/100
|move|p1a: Kingambit|Kowtow Cleave|p2b: Oranguru
|-supereffective|p2b: Oranguru|1
|-damage|p2b: Oranguru|0 fnt
|faint|p2b: Oranguru
|
|upkeep
|
|t:|1783562557
|switch|p2b: Incineroar|Incineroar, L50, M|68/100 par
|-ability|p2b: Incineroar|Intimidate|boost
|-unboost|p1a: Kingambit|atk|1
|-ability|p1a: Kingambit|Defiant|boost
|-boost|p1a: Kingambit|atk|2
|-unboost|p1b: Sinistcha|atk|1
|turn|6
|
|t:|1783562578
|move|p1b: Sinistcha|Protect|p1b: Sinistcha
|-singleturn|p1b: Sinistcha|Protect
|move|p1a: Kingambit|Protect|p1a: Kingambit
|-singleturn|p1a: Kingambit|Protect
|move|p2a: Camerupt|Heat Wave|p1b: Sinistcha|[spread] 
|-activate|p1a: Kingambit|move: Protect
|-activate|p1b: Sinistcha|move: Protect
|move|p2b: Incineroar|Close Combat|p1a: Kingambit
|-activate|p1a: Kingambit|move: Protect
|
|upkeep
|turn|7
|
|t:|1783562593
|move|p1b: Sinistcha|Rage Powder|p1b: Sinistcha
|-singleturn|p1b: Sinistcha|move: Rage Powder
|move|p1a: Kingambit|Kowtow Cleave|p2a: Camerupt
|-damage|p2a: Camerupt|0 fnt
|faint|p2a: Camerupt
|cant|p2b: Incineroar|par
|
|upkeep
|turn|8
|-message|narvar forfeited.
|
|win|itssobeak
