|j|â˜†booms221
|j|â˜†Master600
|html|booms221Master600    
|uhtml|bestof|Game 2 of a best-of-3
|t:|1783031268
|gametype|doubles
|player|p1|booms221|1|1277
|player|p2|Master600|red|1359
|gen|9
|tier|[Gen 9 Champions] VGC 2026 Reg M-B (Bo3)
|rated|
|rule|Species Clause: Limit one of each PokÃ©mon
|rule|Item Clause: Limit 1 of each item
|clearpoke
|poke|p1|Floette-Eternal, L50, F|
|poke|p1|Incineroar, L50, M|
|poke|p1|Sinistcha, L50|
|poke|p1|Garchomp, L50, F|
|poke|p1|Sneasler, L50, F|
|poke|p1|Kingambit, L50, F|
|poke|p2|Staraptor, L50, F, shiny|
|poke|p2|Grimmsnarl, L50, M|
|poke|p2|Sinistcha, L50, shiny|
|poke|p2|Gholdengo, L50|
|poke|p2|Garchomp, L50, F, shiny|
|poke|p2|Sylveon, L50, F, shiny|
|teampreview|4
|showteam|p1|Floette-Eternal||Floettite|FlowerVeil|CalmMind,Protect,DazzlingGleam,DrainingKiss|Bold||F|||50|]Incineroar||ChopleBerry|Intimidate|FakeOut,ThroatChop,FlareBlitz,PartingShot|Adamant||M|||50|]Sinistcha||SitrusBerry|Hospitality|MatchaGotcha,RagePowder,TrickRoom,Protect|Bold|||||50|]Garchomp||Garchompite|SandVeil|StompingTantrum,Earthquake,RockSlide,Protect|Adamant||F|||50|]Sneasler||FocusSash|Unburden|CloseCombat,DireClaw,FakeOut,Protect|Naive||F|||50|]Kingambit||BlackGlasses|Defiant|KowtowCleave,SuckerPunch,IronHead,Protect|Adamant||F|||50|
|showteam|p2|Staraptor||Staraptite|Intimidate|CloseCombat,BraveBird,Roost,Protect|Jolly||F|||50|]Grimmsnarl||LightClay|Prankster|LightScreen,Reflect,PartingShot,FoulPlay|Careful||M|||50|]Sinistcha||KasibBerry|Hospitality|MatchaGotcha,RagePowder,LifeDew,Protect|Bold|||||50|]Gholdengo||LifeOrb|GoodasGold|MakeItRain,ShadowBall,NastyPlot,Protect|Timid|||||50|]Garchomp||ChoiceScarf|RoughSkin|Earthquake,StompingTantrum,DragonClaw,RockTomb|Adamant||F|||50|]Sylveon||FairyFeather|Pixilate|HyperVoice,HyperBeam,Yawn,Protect|Modest||F|||50|
|c|â˜†booms221|hablo ingles, pero you suck ass
|
|t:|1783031307
|teamsize|p1|4
|teamsize|p2|4
|start
|switch|p1a: Floette|Floette-Eternal, L50, F|100/100
|switch|p1b: Incineroar|Incineroar, L50, M|100/100
|switch|p2a: Astrid|Staraptor, L50, F, shiny|100/100
|switch|p2b: Moned|Gholdengo, L50|100/100
|-ability|p2a: Astrid|Intimidate|boost
|-unboost|p1a: Floette|atk|1
|-unboost|p1b: Incineroar|atk|1
|-ability|p1b: Incineroar|Intimidate|boost
|-unboost|p2a: Astrid|atk|1
|-unboost|p2b: Moned|atk|1
|turn|1
|c|â˜†Master600|No te estoy ofendiendo
|
|t:|1783031329
|detailschange|p2a: Astrid|Staraptor-Mega, L50, F, shiny
|-mega|p2a: Astrid|Staraptor|Staraptite
|detailschange|p1a: Floette|Floette-Mega, L50, F
|-mega|p1a: Floette|Floette|Floettite
|-ability|p1a: Floette|Fairy Aura
|move|p2a: Astrid|Protect|p2a: Astrid
|-singleturn|p2a: Astrid|Protect
|move|p2b: Moned|Protect|p2b: Moned
|-singleturn|p2b: Moned|Protect
|move|p1a: Floette|Dazzling Gleam|p2a: Astrid|[spread] 
|-activate|p2a: Astrid|move: Protect
|-activate|p2b: Moned|move: Protect
|move|p1b: Incineroar|Flare Blitz|p2b: Moned
|-activate|p2b: Moned|move: Protect
|
|upkeep
|turn|2
|c|â˜†Master600|Es al ave
|inactive|Battle timer is ON: inactive players will automatically lose when time's up. (requested by Master600)
|
|t:|1783031357
|switch|p1a: Kingambit|Kingambit, L50, F|100/100
|move|p2a: Astrid|Close Combat|p1b: Incineroar
|-supereffective|p1b: Incineroar|1
|-enditem|p1b: Incineroar|Chople Berry|[eat]
|-enditem|p1b: Incineroar|Chople Berry|[weaken]
|-damage|p1b: Incineroar|54/100
|-boost|p2a: Astrid|def|1
|-boost|p2a: Astrid|spd|1
|move|p2b: Moned|Make It Rain|p1a: Kingambit|[spread] p1a,p1b
|-resisted|p1a: Kingambit|1
|-resisted|p1b: Incineroar|1
|-damage|p1a: Kingambit|67/100
|-damage|p1b: Incineroar|20/100r
|-unboost|p2b: Moned|spa|2
|-damage|p2b: Moned|90/100|[from] item: Life Orb
|move|p1b: Incineroar|Flare Blitz|p2b: Moned
|-supereffective|p2b: Moned|1
|-damage|p2b: Moned|0 fnt
|faint|p2b: Moned
|-damage|p1b: Incineroar|0 fnt|[from] Recoil
|faint|p1b: Incineroar
|
|upkeep
|
|t:|1783031369
|switch|p2b: Gremlin|Grimmsnarl, L50, M|100/100
|switch|p1b: Floette|Floette-Mega, L50, F|100/100
|-ability|p1b: Floette|Fairy Aura
|turn|3
|
|t:|1783031376
|move|p2b: Gremlin|Light Screen|p2b: Gremlin
|-sidestart|p2: Master600|move: Light Screen
|move|p2a: Astrid|Close Combat|p1b: Floette
|-resisted|p1b: Floette|1
|-damage|p1b: Floette|83/100
|-boost|p2a: Astrid|def|1
|-boost|p2a: Astrid|spd|1
|move|p1b: Floette|Dazzling Gleam|p2b: Gremlin|[spread] p2a,p2b
|-supereffective|p2a: Astrid|1
|-supereffective|p2b: Gremlin|1
|-damage|p2a: Astrid|67/100
|-damage|p2b: Gremlin|48/100
|move|p1a: Kingambit|Iron Head|p2b: Gremlin
|-supereffective|p2b: Gremlin|1
|-damage|p2b: Gremlin|0 fnt
|faint|p2b: Gremlin
|
|upkeep
|
|t:|1783031380
|switch|p2b: Taza|Sinistcha, L50, shiny|100/100
|-heal|p2a: Astrid|91/100|[from] ability: Hospitality|[of] p2b: Taza
|turn|4
|
|t:|1783031394
|move|p2a: Astrid|Close Combat|p1a: Kingambit
|-supereffective|p1a: Kingambit|2
|-damage|p1a: Kingambit|0 fnt
|-boost|p2a: Astrid|def|1
|-boost|p2a: Astrid|spd|1
|faint|p1a: Kingambit
|move|p1b: Floette|Dazzling Gleam|p2b: Taza|[spread] p2a,p2b
|-supereffective|p2a: Astrid|1
|-crit|p2b: Taza
|-damage|p2a: Astrid|66/100
|-damage|p2b: Taza|37/100
|move|p2b: Taza|Life Dew|p2b: Taza|[spread] p2a,p2b
|-heal|p2a: Astrid|91/100
|-heal|p2b: Taza|62/100
|
|upkeep
|
|t:|1783031404
|switch|p1a: Sinistcha|Sinistcha, L50|100/100
|-heal|p1b: Floette|100/100|[from] ability: Hospitality|[of] p1a: Sinistcha
|turn|5
|
|t:|1783031416
|move|p1a: Sinistcha|Protect|p1a: Sinistcha
|-singleturn|p1a: Sinistcha|Protect
|move|p2a: Astrid|Brave Bird|p1b: Floette
|-damage|p1b: Floette|63/100
|-damage|p2a: Astrid|78/100|[from] Recoil
|move|p1b: Floette|Dazzling Gleam|p2b: Taza|[spread] p2a,p2b
|-supereffective|p2a: Astrid|1
|-damage|p2a: Astrid|54/100
|-damage|p2b: Taza|33/100
|move|p2b: Taza|Life Dew|p2b: Taza|[spread] p2a,p2b
|-heal|p2a: Astrid|79/100
|-heal|p2b: Taza|58/100
|
|upkeep
|turn|6
|inactive|booms221 has 30 seconds left.
|
|t:|1783031442
|move|p2a: Astrid|Brave Bird|p1b: Floette
|-damage|p1b: Floette|26/100
|-damage|p2a: Astrid|66/100|[from] Recoil
|move|p1b: Floette|Draining Kiss|p2a: Astrid
|-supereffective|p2a: Astrid|1
|-damage|p2a: Astrid|45/100
|-heal|p1b: Floette|41/100|[from] drain|[of] p2a: Astrid
|move|p2b: Taza|Life Dew|p2b: Taza|[spread] p2a,p2b
|-heal|p2a: Astrid|70/100
|-heal|p2b: Taza|83/100
|move|p1a: Sinistcha|Trick Room|p1a: Sinistcha
|-fieldstart|move: Trick Room|[of] p1a: Sinistcha
|
|upkeep
|turn|7
|
|t:|1783031453
|move|p2b: Taza|Matcha Gotcha|p1b: Floette|[spread] 
|-miss|p2b: Taza|p1a: Sinistcha
|-miss|p2b: Taza|p1b: Floette
|move|p1a: Sinistcha|Matcha Gotcha|p2a: Astrid|[spread] p2b
|-miss|p1a: Sinistcha|p2a: Astrid
|-resisted|p2b: Taza|1
|-damage|p2b: Taza|74/100
|move|p1b: Floette|Draining Kiss|p2a: Astrid
|-supereffective|p2a: Astrid|1
|-damage|p2a: Astrid|48/100
|-heal|p1b: Floette|57/100|[from] drain|[of] p2a: Astrid
|move|p2a: Astrid|Brave Bird|p1b: Floette
|-damage|p1b: Floette|23/100
|-damage|p2a: Astrid|36/100|[from] Recoil
|
|upkeep
|turn|8
|
|t:|1783031474
|move|p2a: Astrid|Protect|p2a: Astrid
|-singleturn|p2a: Astrid|Protect
|move|p2b: Taza|Matcha Gotcha|p1a: Sinistcha|[spread] p1a,p1b
|-resisted|p1a: Sinistcha|1
|-damage|p1a: Sinistcha|84/100
|-heal|p2b: Taza|82/100|[from] drain|[of] p1a: Sinistcha
|-damage|p1b: Floette|6/100
|-heal|p2b: Taza|91/100|[from] drain|[of] p1b: Floette
|move|p1a: Sinistcha|Matcha Gotcha|p2a: Astrid|[spread] p2b
|-activate|p2a: Astrid|move: Protect
|-resisted|p2b: Taza|1
|-damage|p2b: Taza|83/100
|-heal|p1a: Sinistcha|88/100|[from] drain|[of] p2b: Taza
|move|p1b: Floette|Draining Kiss|p2b: Taza
|-damage|p2b: Taza|59/100
|-heal|p1b: Floette|23/100|[from] drain|[of] p2b: Taza
|
|upkeep
|turn|9
|inactive|booms221 has 30 seconds left.
|
|t:|1783031504
|move|p1a: Sinistcha|Rage Powder|p1a: Sinistcha
|-singleturn|p1a: Sinistcha|move: Rage Powder
|move|p2b: Taza|Life Dew|p2b: Taza|[spread] p2a,p2b
|-heal|p2a: Astrid|61/100
|-heal|p2b: Taza|84/100
|move|p1b: Floette|Draining Kiss|p2a: Astrid
|-supereffective|p2a: Astrid|1
|-damage|p2a: Astrid|40/100
|-heal|p1b: Floette|39/100|[from] drain|[of] p2a: Astrid
|move|p2a: Astrid|Brave Bird|p1a: Sinistcha
|-supereffective|p1a: Sinistcha|1
|-damage|p1a: Sinistcha|28/100
|-enditem|p1a: Sinistcha|Sitrus Berry|[eat]
|-heal|p1a: Sinistcha|52/100|[from] item: Sitrus Berry
|-damage|p2a: Astrid|19/100|[from] Recoil
|
|upkeep
|turn|10
|
|t:|1783031524
|move|p2a: Astrid|Protect|p2a: Astrid
|-singleturn|p2a: Astrid|Protect
|move|p1a: Sinistcha|Matcha Gotcha|p2a: Astrid|[spread] p2b
|-activate|p2a: Astrid|move: Protect
|-resisted|p2b: Taza|1
|-damage|p2b: Taza|76/100
|-heal|p1a: Sinistcha|56/100|[from] drain|[of] p2b: Taza
|move|p2b: Taza|Matcha Gotcha|p1b: Floette|[spread] p1a,p1b
|-resisted|p1a: Sinistcha|1
|-damage|p1a: Sinistcha|42/100
|-heal|p2b: Taza|84/100|[from] drain|[of] p1a: Sinistcha
|-damage|p1b: Floette|22/100
|-heal|p2b: Taza|92/100|[from] drain|[of] p1b: Floette
|move|p1b: Floette|Draining Kiss|p2b: Taza
|-damage|p2b: Taza|68/100
|-heal|p1b: Floette|40/100|[from] drain|[of] p2b: Taza
|
|-sideend|p2: Master600|move: Light Screen
|-fieldend|move: Trick Room
|upkeep
|turn|11
|
|t:|1783031542
|move|p1a: Sinistcha|Rage Powder|p1a: Sinistcha
|-singleturn|p1a: Sinistcha|move: Rage Powder
|move|p2a: Astrid|Brave Bird|p1a: Sinistcha
|-supereffective|p1a: Sinistcha|1
|-damage|p1a: Sinistcha|0 fnt
|faint|p1a: Sinistcha
|-damage|p2a: Astrid|4/100|[from] Recoil
|move|p1b: Floette|Dazzling Gleam|p2a: Astrid|[spread] p2a,p2b
|-supereffective|p2a: Astrid|1
|-damage|p2a: Astrid|0 fnt
|-damage|p2b: Taza|24/100
|faint|p2a: Astrid
|move|p2b: Taza|Matcha Gotcha|p1b: Floette
|-damage|p1b: Floette|18/100
|-heal|p2b: Taza|35/100|[from] drain|[of] p1b: Floette
|-status|p1b: Floette|brn
|
|-damage|p1b: Floette|12/100 brn|[from] brn
|upkeep
|turn|12
|
|t:|1783031555
|move|p2b: Taza|Protect|p2b: Taza
|-singleturn|p2b: Taza|Protect
|move|p1b: Floette|Calm Mind|p1b: Floette
|-boost|p1b: Floette|spa|1
|-boost|p1b: Floette|spd|1
|
|-damage|p1b: Floette|6/100 brn|[from] brn
|upkeep
|turn|13
|
|t:|1783031560
|move|p1b: Floette|Draining Kiss|p2b: Taza
|-damage|p2b: Taza|0 fnt
|-heal|p1b: Floette|32/100 brn|[from] drain|[of] p2b: Taza
|faint|p2b: Taza
|
|win|booms221
