|j|☆vuelve chusooo
|j|☆MetMattone
|html|vuelve chusoooMetMattone    
|uhtml|bestof|Game 3 of a best-of-3
|t:|1782415606
|gametype|doubles
|player|p1|vuelve chusooo|fisherman-gen4|1121
|player|p2|MetMattone|iono|1228
|gen|9
|tier|[Gen 9 Champions] VGC 2026 Reg M-B (Bo3)
|rated|
|rule|Species Clause: Limit one of each Pokémon
|rule|Item Clause: Limit 1 of each item
|clearpoke
|poke|p1|Whimsicott, L50, F|
|poke|p1|Swampert, L50, F|
|poke|p1|Pelipper, L50, M|
|poke|p1|Archaludon, L50, F|
|poke|p1|Floette-Eternal, L50, F|
|poke|p1|Basculegion, L50, M|
|poke|p2|Swampert, L50, F|
|poke|p2|Pelipper, L50, M|
|poke|p2|Archaludon, L50, F|
|poke|p2|Sinistcha, L50|
|poke|p2|Maushold, L50|
|poke|p2|Mawile, L50, M|
|teampreview|4
|showteam|p1|Whimsicott||CobaBerry|Prankster|Moonblast,Tailwind,Encore,Protect|Bold||F|||50|]Swampert||Swampertite|Torrent|WaveCrash,Earthquake,IcePunch,Protect|Adamant||F|||50|]Pelipper||FocusSash|Drizzle|WeatherBall,Hurricane,Tailwind,Protect|Modest||M|||50|]Archaludon||Leftovers|Stamina|DracoMeteor,FlashCannon,ElectroShot,Protect|Modest||F|||50|]Floette-Eternal||Floettite|FlowerVeil|Moonblast,DazzlingGleam,LightofRuin,Protect|Modest||F|||50|]Basculegion||LifeOrb|Adaptability|Liquidation,LastRespects,AquaJet,Protect|Adamant||M|||50|
|showteam|p2|Swampert||Swampertite|Torrent|Protect,HighHorsepower,WaveCrash,IcePunch|Jolly||F|||50|]Pelipper||SitrusBerry|Drizzle|Hurricane,WideGuard,Tailwind,Uturn|Timid||M|||50|]Archaludon||Leftovers|Stamina|ElectroShot,FlashCannon,DragonPulse,Protect|Modest||F|||50|]Sinistcha||KasibBerry|Hospitality|RagePowder,Protect,TrickRoom,MatchaGotcha|Bold|||||50|]Maushold||FocusSash|FriendGuard|FollowMe,SuperFang,RainDance,Protect|Timid|||||50|]Mawile||Mawilite|HyperCutter|PlayRough,IronHead,SuckerPunch,Protect|Adamant||M|||50|
|inactive|Battle timer is ON: inactive players will automatically lose when time's up. (requested by MetMattone)
|inactive|vuelve chusooo has 60 seconds left.
|
|t:|1782415676
|teamsize|p1|4
|teamsize|p2|4
|start
|switch|p1a: Pelipper|Pelipper, L50, M|100/100
|switch|p1b: Archaludon|Archaludon, L50, F|100/100
|switch|p2a: Archaludon|Archaludon, L50, F|100/100
|switch|p2b: Maushold|Maushold, L50|100/100
|-weather|RainDance|[from] ability: Drizzle|[of] p1a: Pelipper
|turn|1
|inactive|vuelve chusooo has 30 seconds left.
|inactive|vuelve chusooo has 20 seconds left.
|inactive|vuelve chusooo has 15 seconds left.
|
|t:|1782415721
|switch|p1b: Swampert|Swampert, L50, F|100/100
|move|p1a: Pelipper|Protect|p1a: Pelipper
|-singleturn|p1a: Pelipper|Protect
|move|p2b: Maushold|Super Fang|p1b: Swampert
|-damage|p1b: Swampert|50/100g
|move|p2a: Archaludon|Electro Shot||[still]
|-prepare|p2a: Archaludon|Electro Shot
|-boost|p2a: Archaludon|spa|1
|-anim|p2a: Archaludon|Electro Shot|p1b: Swampert
|-immune|p1b: Swampert
|
|-weather|RainDance|[upkeep]
|upkeep
|turn|2
|inactive|vuelve chusooo has 30 seconds left.
|inactive|MetMattone has 30 seconds left.
|inactive|vuelve chusooo has 20 seconds left.
|inactive|MetMattone has 20 seconds left.
|inactive|MetMattone has 15 seconds left.
|inactive|MetMattone has 10 seconds left.
|
|t:|1782415768
|detailschange|p1b: Swampert|Swampert-Mega, L50, F
|-mega|p1b: Swampert|Swampert|Swampertite
|move|p2b: Maushold|Follow Me|p2b: Maushold
|-singleturn|p2b: Maushold|move: Follow Me
|move|p1b: Swampert|Earthquake|p2a: Archaludon|[spread] p2a,p2b
|-immune|p1a: Pelipper
|-supereffective|p2a: Archaludon|1
|-damage|p2a: Archaludon|45/100
|-damage|p2b: Maushold|34/100
|-ability|p2a: Archaludon|Stamina|boost
|-boost|p2a: Archaludon|def|1
|move|p2a: Archaludon|Electro Shot||[still]
|-prepare|p2a: Archaludon|Electro Shot
|-boost|p2a: Archaludon|spa|1
|-anim|p2a: Archaludon|Electro Shot|p1a: Pelipper
|-supereffective|p1a: Pelipper|2
|-enditem|p1a: Pelipper|Focus Sash
|-damage|p1a: Pelipper|1/100
|move|p1a: Pelipper|Hurricane|p2b: Maushold
|-damage|p2b: Maushold|0 fnt
|faint|p2b: Maushold
|
|-weather|RainDance|[upkeep]
|-heal|p2a: Archaludon|51/100|[from] item: Leftovers
|upkeep
|
|t:|1782415789
|switch|p2b: Sinistcha|Sinistcha, L50|100/100
|-heal|p2a: Archaludon|76/100|[from] ability: Hospitality|[of] p2b: Sinistcha
|turn|3
|inactive|vuelve chusooo has 30 seconds left.
|
|t:|1782415814
|move|p1b: Swampert|Earthquake|p2a: Archaludon|[spread] p2a,p2b
|-immune|p1a: Pelipper
|-supereffective|p2a: Archaludon|1
|-resisted|p2b: Sinistcha|1
|-damage|p2a: Archaludon|27/100
|-damage|p2b: Sinistcha|80/100
|-ability|p2a: Archaludon|Stamina|boost
|-boost|p2a: Archaludon|def|1
|move|p2a: Archaludon|Electro Shot||[still]
|-prepare|p2a: Archaludon|Electro Shot
|-boost|p2a: Archaludon|spa|1
|-anim|p2a: Archaludon|Electro Shot|p1a: Pelipper
|-supereffective|p1a: Pelipper|2
|-damage|p1a: Pelipper|0 fnt
|faint|p1a: Pelipper
|move|p2b: Sinistcha|Matcha Gotcha|p1b: Swampert
|-supereffective|p1b: Swampert|2
|-damage|p1b: Swampert|0 fnt
|-heal|p2b: Sinistcha|100/100|[from] drain|[of] p1b: Swampert
|faint|p1b: Swampert
|
|-weather|RainDance|[upkeep]
|-heal|p2a: Archaludon|33/100|[from] item: Leftovers
|upkeep
|
|t:|1782415825
|switch|p1a: Archaludon|Archaludon, L50, F|100/100
|switch|p1b: Basculegion|Basculegion, L50, M|100/100
|turn|4
|inactive|vuelve chusooo has 30 seconds left.
|inactive|MetMattone has 30 seconds left.
|inactive|vuelve chusooo has 20 seconds left.
|inactive|MetMattone has 20 seconds left.
|
|t:|1782415865
|move|p1a: Archaludon|Protect|p1a: Archaludon
|-singleturn|p1a: Archaludon|Protect
|move|p2b: Sinistcha|Rage Powder|p2b: Sinistcha
|-singleturn|p2b: Sinistcha|move: Rage Powder
|move|p1b: Basculegion|Last Respects|p2b: Sinistcha
|-supereffective|p2b: Sinistcha|1
|-enditem|p2b: Sinistcha|Kasib Berry|[eat]
|-enditem|p2b: Sinistcha|Kasib Berry|[weaken]
|-damage|p2b: Sinistcha|1/100
|-damage|p1b: Basculegion|90/100|[from] item: Life Orb
|move|p2a: Archaludon|Dragon Pulse|p1a: Archaludon
|-activate|p1a: Archaludon|move: Protect
|
|-weather|RainDance|[upkeep]
|-heal|p2a: Archaludon|39/100|[from] item: Leftovers
|upkeep
|turn|5
|inactive|vuelve chusooo has 30 seconds left.
|inactive|vuelve chusooo has 20 seconds left.
|inactive|vuelve chusooo has 15 seconds left.
|inactive|vuelve chusooo has 10 seconds left.
|inactive|MetMattone has 30 seconds left.
|
|t:|1782415919
|move|p2a: Archaludon|Protect|p2a: Archaludon
|-singleturn|p2a: Archaludon|Protect
|move|p2b: Sinistcha|Protect|p2b: Sinistcha
|-singleturn|p2b: Sinistcha|Protect
|move|p1b: Basculegion|Liquidation|p2b: Sinistcha
|-activate|p2b: Sinistcha|move: Protect
|move|p1a: Archaludon|Draco Meteor|p2a: Archaludon
|-activate|p2a: Archaludon|move: Protect
|
|-weather|none
|-heal|p2a: Archaludon|45/100|[from] item: Leftovers
|upkeep
|turn|6
|
|t:|1782415933
|move|p2b: Sinistcha|Rage Powder|p2b: Sinistcha
|-singleturn|p2b: Sinistcha|move: Rage Powder
|move|p1b: Basculegion|Liquidation|p2b: Sinistcha
|-resisted|p2b: Sinistcha|1
|-damage|p2b: Sinistcha|0 fnt
|faint|p2b: Sinistcha
|-damage|p1b: Basculegion|80/100|[from] item: Life Orb
|move|p1a: Archaludon|Draco Meteor|p2a: Archaludon
|-damage|p2a: Archaludon|0 fnt
|-unboost|p1a: Archaludon|spa|2
|faint|p2a: Archaludon
|
|upkeep
|
|t:|1782415943
|switch|p2b: Mawile|Mawile, L50, M|100/100
|turn|7
|
|t:|1782415951
|detailschange|p2b: Mawile|Mawile-Mega, L50, M
|-mega|p2b: Mawile|Mawile|Mawilite
|move|p1b: Basculegion|Protect|p1b: Basculegion
|-singleturn|p1b: Basculegion|Protect
|move|p2b: Mawile|Sucker Punch||[still]
|-fail|p2b: Mawile
|move|p1a: Archaludon|Electro Shot||[still]
|-prepare|p1a: Archaludon|Electro Shot
|-boost|p1a: Archaludon|spa|1
|
|upkeep
|turn|8
|
|t:|1782415968
|move|p1b: Basculegion|Aqua Jet|p2b: Mawile
|-damage|p2b: Mawile|59/100
|-damage|p1b: Basculegion|70/100|[from] item: Life Orb
|move|p2b: Mawile|Sucker Punch||[still]
|-fail|p2b: Mawile
|move|p1a: Archaludon|Electro Shot|p2b: Mawile|[from] lockedmove
|-damage|p2b: Mawile|27/100
|
|upkeep
|turn|9
|-message|MetMattone forfeited.
|
|win|vuelve chusooo
|raw|vuelve chusooo's rating: 1121 → 1153(+32 for winning)
|raw|MetMattone's rating: 1228 → 1196(-32 for losing)
|l|☆MetMattone
|player|p2|
|j|☆MetMattone
|player|p2|MetMattone|iono|
|l|☆MetMattone
|player|p2|
