|j|☆EllaNoDejoDeCreer
|j|☆Zero_BlazeVGC
|html|EllaNoDejoDeCreerZero_BlazeVGC    
|uhtml|bestof|Game 2 of a best-of-3
|t:|1756745785
|gametype|doubles
|player|p1|EllaNoDejoDeCreer|265|1209
|player|p2|Zero_BlazeVGC|flint|1301
|gen|9
|tier|[Gen 9] VGC 2025 Reg H (Bo3)
|rated|
|rule|Species Clause: Limit one of each Pokémon
|rule|Item Clause: Limit 1 of each item
|clearpoke
|poke|p1|Indeedee-F, L50, F|
|poke|p1|Hatterene, L50, F|
|poke|p1|Torkoal, L50, M|
|poke|p1|Lilligant-Hisui, L50, F|
|poke|p1|Armarouge, L50, F|
|poke|p1|Ursaluna, L50, F|
|poke|p2|Gholdengo, L50|
|poke|p2|Pelipper, L50, M|
|poke|p2|Basculegion, L50, M|
|poke|p2|Amoonguss, L50, F|
|poke|p2|Archaludon, L50, M|
|poke|p2|Incineroar, L50, M|
|teampreview|4
|showteam|p1|Indeedee-F||PsychicSeed|PsychicSurge|Psychic,HelpingHand,FollowMe,TrickRoom|||F|||50|,,,,,Grass]Hatterene||LifeOrb|MagicBounce|ExpandingForce,DazzlingGleam,TrickRoom,Protect|||F|||50|,,,,,Psychic]Torkoal||Charcoal|Drought|Eruption,WeatherBall,EarthPower,Protect|||M|||50|,,,,,Fire]Lilligant-Hisui||FocusSash|Chlorophyll|SolarBlade,CloseCombat,SleepPowder,AfterYou|||F|||50|,,,,,Ghost]Armarouge||PowerHerb|FlashFire|ExpandingForce,ArmorCannon,MeteorBeam,TrickRoom|||F|||50|,,,,,Grass]Ursaluna||FlameOrb|Guts|Facade,HeadlongRush,Substitute,Protect|||F|||50|,,,,,Ghost
|showteam|p2|Gholdengo||LifeOrb|GoodasGold|Protect,NastyPlot,MakeItRain,ShadowBall||||||50|,,,,,Water]Pelipper||FocusSash|Drizzle|Protect,Tailwind,MuddyWater,Hurricane|||M|||50|,,,,,Stellar]Basculegion||ChoiceBand|SwiftSwim|AquaJet,WaveCrash,FlipTurn,LastRespects|||M|||50|,,,,,Fairy]Amoonguss||SitrusBerry|Regenerator|PollenPuff,Spore,RagePowder,Protect|||F|||50|,,,,,Fairy]Archaludon||AssaultVest|Stamina|ElectroShot,Snarl,FlashCannon,BodyPress|||M|||50|,,,,,Bug]Incineroar||SafetyGoggles|Intimidate|FakeOut,KnockOff,PartingShot,Taunt|||M|||50|,,,,,Ghost
|
|t:|1756745816
|teamsize|p1|4
|teamsize|p2|4
|start
|switch|p1a: Indeedee|Indeedee-F, L50, F|100/100
|switch|p1b: Armarouge|Armarouge, L50, F|100/100
|switch|p2a: Metalman|Archaludon, L50, M|100/100
|switch|p2b: Oogie Boogie|Basculegion, L50, M|100/100
|-fieldstart|move: Psychic Terrain|[from] ability: Psychic Surge|[of] p1a: Indeedee
|-enditem|p1a: Indeedee|Psychic Seed
|-boost|p1a: Indeedee|spd|1|[from] item: Psychic Seed
|turn|1
|
|t:|1756745840
|-terastallize|p1a: Indeedee|Grass
|move|p1a: Indeedee|Follow Me|p1a: Indeedee
|-singleturn|p1a: Indeedee|move: Follow Me
|move|p2a: Metalman|Snarl|p1b: Armarouge|[spread] p1a
|-miss|p2a: Metalman|p1b: Armarouge
|-damage|p1a: Indeedee|94/100
|-unboost|p1a: Indeedee|spa|1
|move|p2b: Oogie Boogie|Flip Turn|p1a: Indeedee
|-resisted|p1a: Indeedee
|-damage|p1a: Indeedee|75/100
|
|t:|1756745849
|switch|p2b: Omega|Gholdengo, L50|100/100|[from] Flip Turn
|move|p1b: Armarouge|Trick Room|p1b: Armarouge
|-fieldstart|move: Trick Room|[of] p1b: Armarouge
|
|upkeep
|turn|2
|
|t:|1756745906
|switch|p1a: Ursaluna|Ursaluna, L50, F|100/100
|move|p1b: Armarouge|Expanding Force|p2b: Omega|[spread] p2a,p2b
|-resisted|p2a: Metalman
|-resisted|p2b: Omega
|-damage|p2a: Metalman|73/100
|-damage|p2b: Omega|65/100
|-ability|p2a: Metalman|Stamina|boost
|-boost|p2a: Metalman|def|1
|move|p2b: Omega|Nasty Plot|p2b: Omega
|-boost|p2b: Omega|spa|2
|move|p2a: Metalman|Snarl|p1a: Ursaluna|[spread] p1a,p1b
|-supereffective|p1b: Armarouge
|-damage|p1a: Ursaluna|91/100
|-damage|p1b: Armarouge|75/100
|-unboost|p1a: Ursaluna|spa|1
|-unboost|p1b: Armarouge|spa|1
|
|-status|p1a: Ursaluna|brn|[from] item: Flame Orb
|upkeep
|turn|3
|
|t:|1756745963
|-terastallize|p2a: Metalman|Bug
|move|p1a: Ursaluna|Facade|p2a: Metalman
|-damage|p2a: Metalman|12/100
|-ability|p2a: Metalman|Stamina|boost
|-boost|p2a: Metalman|def|1
|move|p1b: Armarouge|Expanding Force|p2b: Omega|[spread] p2a,p2b
|-resisted|p2b: Omega
|-damage|p2a: Metalman|0 fnt
|-damage|p2b: Omega|37/100
|faint|p2a: Metalman
|move|p2b: Omega|Make It Rain|p1a: Ursaluna|[spread] p1a,p1b
|-resisted|p1b: Armarouge
|-damage|p1a: Ursaluna|2/100 brn
|-damage|p1b: Armarouge|4/100
|-unboost|p2b: Omega|spa|1
|-damage|p2b: Omega|27/100|[from] item: Life Orb
|
|-damage|p1a: Ursaluna|0 fnt|[from] brn
|faint|p1a: Ursaluna
|upkeep
|
|t:|1756745989
|switch|p1a: Indeedee|Indeedee-F, L50, F, tera:Grass|75/100
|switch|p2a: Oogie Boogie|Basculegion, L50, M|100/100
|turn|4
|
|t:|1756746026
|move|p1b: Armarouge|Expanding Force|p2a: Oogie Boogie|[spread] p2a,p2b
|-resisted|p2b: Omega
|-damage|p2a: Oogie Boogie|50/100
|-damage|p2b: Omega|2/100
|move|p1a: Indeedee|Psychic|p2a: Oogie Boogie
|-damage|p2a: Oogie Boogie|7/100
|move|p2a: Oogie Boogie|Last Respects|p1a: Indeedee
|-damage|p1a: Indeedee|3/100
|move|p2b: Omega|Make It Rain|p1a: Indeedee|[spread] p1a,p1b
|-resisted|p1b: Armarouge
|-damage|p1a: Indeedee|0 fnt
|-damage|p1b: Armarouge|0 fnt
|-unboost|p2b: Omega|spa|1
|faint|p1a: Indeedee
|faint|p1b: Armarouge
|-damage|p2b: Omega|0 fnt|[from] item: Life Orb
|faint|p2b: Omega
|
|upkeep
|
|t:|1756746043
|switch|p1b: Torkoal|Torkoal, L50, M|100/100
|switch|p2b: Berry Delite|Pelipper, L50, M|100/100
|-weather|SunnyDay|[from] ability: Drought|[of] p1b: Torkoal
|-weather|RainDance|[from] ability: Drizzle|[of] p2b: Berry Delite
|turn|5
|-message|EllaNoDejoDeCreer forfeited.
|
|win|Zero_BlazeVGC
|inactive|EllaNoDejoDeCreer has 30 seconds to confirm battle start!
|inactive|Zero_BlazeVGC has 30 seconds to confirm battle start!
|inactive|EllaNoDejoDeCreer has 20 seconds to confirm battle start!
|inactive|Zero_BlazeVGC has 20 seconds to confirm battle start!
||EllaNoDejoDeCreer is ready for game 3.
||Zero_BlazeVGC is ready for game 3.
|uhtml|next|Next: Game 3 of 3
|l|☆EllaNoDejoDeCreer
|player|p1|
