|j|☆I am the Sweeper
|j|☆Lego Darth Malgus
|html|I am the SweeperLego Darth Malgus    
|uhtml|bestof|Game 2 of a best-of-3
|t:|1757717593
|gametype|doubles
|player|p1|I am the Sweeper|janitor|1083
|player|p2|Lego Darth Malgus|265|1097
|gen|9
|tier|[Gen 9] VGC 2025 Reg H (Bo3)
|rated|
|rule|Species Clause: Limit one of each Pokémon
|rule|Item Clause: Limit 1 of each item
|clearpoke
|poke|p1|Annihilape, L50, F|
|poke|p1|Archaludon, L50, F|
|poke|p1|Pelipper, L50, F|
|poke|p1|Maushold-Four, L50|
|poke|p1|Sinistcha, L50|
|poke|p1|Grimmsnarl, L50, M|
|poke|p2|Garchomp, L50, M|
|poke|p2|Tyranitar, L50, F|
|poke|p2|Empoleon, L50, F|
|poke|p2|Meowscarada, L50, F|
|poke|p2|Volcarona, L50, F|
|poke|p2|Overqwil, L50, M|
|teampreview|4
|showteam|p1|Annihilape||SpellTag|Defiant|RageFist,DrainPunch,BulkUp,Protect|||F|||50|,,,,,Fire]Archaludon||AssaultVest|Stamina|ElectroShot,DracoMeteor,Snarl,BodyPress|||F|||50|,,,,,Bug]Pelipper||LifeOrb|Drizzle|Tailwind,Hurricane,WeatherBall,Protect|||F|||50|,,,,,Stellar]Maushold-Four||SafetyGoggles|FriendGuard|Taunt,FollowMe,BeatUp,Protect||||||50|,,,,,Ghost]Sinistcha||SitrusBerry|Hospitality|LifeDew,TrickRoom,StrengthSap,MatchaGotcha||||||50|,,,,,Water]Grimmsnarl||LightClay|Prankster|ThunderWave,LightScreen,Reflect,SpiritBreak|||M|||50|,,,,,Ghost
|showteam|p2|Garchomp||LifeOrb|SandVeil|StompingTantrum,DragonClaw,Earthquake,Protect|||M|||50|,,,,,Steel]Tyranitar||AssaultVest|SandStream|RockSlide,TeraBlast,KnockOff,LowKick|||F|||50|,,,,,Flying]Empoleon||Leftovers|Competitive|WaterPledge,Protect,IcyWind,SteelBeam|||F|||50|,,,,,Ghost]Meowscarada||FocusSash|Overgrow|FlowerTrick,KnockOff,Protect,GrassPledge|||F|||50|,,,,,Ghost]Volcarona||SitrusBerry|FlameBody|QuiverDance,HeatWave,TeraBlast,Protect|||F|||50|,,,,,Fairy]Overqwil||CovertCloak|Intimidate|BarbBarrage,Taunt,ThroatChop,IcyWind|||M|||50|,,,,,Grass
|inactive|Battle timer is ON: inactive players will automatically lose when time's up. (requested by Lego Darth Malgus)
|inactive|I am the Sweeper has 60 seconds left.
|l|☆Lego Darth Malgus
|inactive|Lego Darth Malgus disconnected and has a minute to reconnect!
|player|p2|
|inactive|Lego Darth Malgus has 30 seconds to reconnect!
|j|☆Lego Darth Malgus
|inactive|Lego Darth Malgus reconnected and has 35 seconds left.
|player|p2|Lego Darth Malgus|265|
|inactive|Lego Darth Malgus has 30 seconds left.
|inactive|Lego Darth Malgus has 20 seconds left.
|inactive|Lego Darth Malgus has 15 seconds left.
|inactive|Lego Darth Malgus has 10 seconds left.
|inactive|Lego Darth Malgus has 5 seconds left.
|
|t:|1757717689
|teamsize|p1|4
|teamsize|p2|4
|start
|switch|p1a: Archaludon|Archaludon, L50, F|100/100
|switch|p1b: Maushold|Maushold-Four, L50|100/100
|switch|p2a: Garchomp|Garchomp, L50, M|100/100
|switch|p2b: Tyranitar|Tyranitar, L50, F|100/100
|-weather|Sandstorm|[from] ability: Sand Stream|[of] p2b: Tyranitar
|turn|1
|inactive|I am the Sweeper has 30 seconds left.
|inactive|I am the Sweeper has 20 seconds left.
|inactive|I am the Sweeper has 15 seconds left.
|inactive|Lego Darth Malgus has 30 seconds left.
|inactive|I am the Sweeper has 10 seconds left.
|inactive|I am the Sweeper has 5 seconds left.
|
|t:|1757717739
|-terastallize|p2b: Tyranitar|Flying
|move|p2a: Garchomp|Earthquake|p1a: Archaludon|[spread] p1a,p1b
|-immune|p2b: Tyranitar
|-supereffective|p1a: Archaludon
|-damage|p1a: Archaludon|47/100
|-damage|p1b: Maushold|49/100
|-ability|p1a: Archaludon|Stamina|boost
|-boost|p1a: Archaludon|def|1
|-damage|p2a: Garchomp|91/100|[from] item: Life Orb
|move|p1b: Maushold|Beat Up|p1a: Archaludon
|-crit|p1a: Archaludon
|-damage|p1a: Archaludon|45/100
|-ability|p1a: Archaludon|Stamina|boost
|-boost|p1a: Archaludon|def|1
|-damage|p1a: Archaludon|44/100
|-ability|p1a: Archaludon|Stamina|boost
|-boost|p1a: Archaludon|def|1
|-damage|p1a: Archaludon|44/100
|-ability|p1a: Archaludon|Stamina|boost
|-boost|p1a: Archaludon|def|1
|-damage|p1a: Archaludon|43/100
|-ability|p1a: Archaludon|Stamina|boost
|-boost|p1a: Archaludon|def|1
|-hitcount|p1a: Archaludon|4
|move|p1a: Archaludon|Body Press|p2a: Garchomp
|-damage|p2a: Garchomp|15/100
|move|p2b: Tyranitar|Knock Off|p1b: Maushold
|-damage|p1b: Maushold|0 fnt
|-enditem|p1b: Maushold|Safety Goggles|[from] move: Knock Off|[of] p2b: Tyranitar
|faint|p1b: Maushold
|
|-weather|Sandstorm|[upkeep]
|-damage|p2b: Tyranitar|95/100|[from] Sandstorm
|upkeep
|inactive|I am the Sweeper has 30 seconds left.
|inactive|I am the Sweeper has 20 seconds left.
|
|t:|1757717778
|switch|p1b: Pelipper|Pelipper, L50, F|100/100
|-weather|RainDance|[from] ability: Drizzle|[of] p1b: Pelipper
|turn|2
|
|t:|1757717797
|switch|p2b: Meowscarada|Meowscarada, L50, F|100/100
|move|p2a: Garchomp|Dragon Claw|p1b: Pelipper
|-damage|p1b: Pelipper|26/100
|-damage|p2a: Garchomp|5/100|[from] item: Life Orb
|move|p1b: Pelipper|Weather Ball|p2a: Garchomp
|-damage|p2a: Garchomp|0 fnt
|faint|p2a: Garchomp
|-damage|p1b: Pelipper|17/100|[from] item: Life Orb
|move|p1a: Archaludon|Body Press|p2b: Meowscarada
|-supereffective|p2b: Meowscarada
|-enditem|p2b: Meowscarada|Focus Sash
|-damage|p2b: Meowscarada|1/100
|
|-weather|RainDance|[upkeep]
|upkeep
|
|t:|1757717812
|switch|p2a: Empoleon|Empoleon, L50, F, shiny|100/100
|turn|3
|
|t:|1757717833
|switch|p1b: Sinistcha|Sinistcha, L50|100/100
|-heal|p1a: Archaludon|68/100|[from] ability: Hospitality|[of] p1b: Sinistcha
|-terastallize|p1a: Archaludon|Bug
|move|p2b: Meowscarada|Grass Pledge|p1a: Archaludon
|-waiting|p2b: Meowscarada|p2a: Empoleon
|move|p2a: Empoleon|Water Pledge|p1a: Archaludon|[from] move: Grass Pledge
|-combine
|-resisted|p1a: Archaludon
|-damage|p1a: Archaludon|46/100
|-sidestart|p1: I am the Sweeper|Grass Pledge
|-ability|p1a: Archaludon|Stamina|boost
|-boost|p1a: Archaludon|def|1
|move|p1a: Archaludon|Body Press|p2a: Empoleon
|-supereffective|p2a: Empoleon
|-damage|p2a: Empoleon|0 fnt
|faint|p2a: Empoleon
|
|-weather|RainDance|[upkeep]
|upkeep
|
|t:|1757717853
|switch|p2a: Tyranitar|Tyranitar, L50, F, tera:Flying|95/100
|-weather|Sandstorm|[from] ability: Sand Stream|[of] p2a: Tyranitar
|turn|4
|inactive|Lego Darth Malgus has 30 seconds left.
|
|t:|1757717888
|move|p2b: Meowscarada|Flower Trick|p1a: Archaludon
|-resisted|p1a: Archaludon
|-crit|p1a: Archaludon
|-damage|p1a: Archaludon|19/100
|move|p2a: Tyranitar|Rock Slide|p1a: Archaludon|[spread] p1b
|-miss|p2a: Tyranitar|p1a: Archaludon
|-damage|p1b: Sinistcha|74/100
|move|p1a: Archaludon|Draco Meteor|p2a: Tyranitar
|-damage|p2a: Tyranitar|54/100
|-unboost|p1a: Archaludon|spa|2
|cant|p1b: Sinistcha|flinch
|
|-weather|Sandstorm|[upkeep]
|-damage|p2b: Meowscarada|0 fnt|[from] Sandstorm
|-damage|p2a: Tyranitar|48/100|[from] Sandstorm
|-damage|p1a: Archaludon|13/100|[from] Sandstorm
|-damage|p1b: Sinistcha|67/100|[from] Sandstorm
|faint|p2b: Meowscarada
|upkeep
|turn|5
|inactive|I am the Sweeper has 30 seconds left.
|
|t:|1757717923
|switch|p1b: Pelipper|Pelipper, L50, F|17/100
|-weather|RainDance|[from] ability: Drizzle|[of] p1b: Pelipper
|move|p2a: Tyranitar|Rock Slide|p1a: Archaludon|[spread] p1a,p1b
|-supereffective|p1a: Archaludon
|-supereffective|p1b: Pelipper
|-damage|p1a: Archaludon|3/100
|-damage|p1b: Pelipper|0 fnt
|faint|p1b: Pelipper
|move|p1a: Archaludon|Electro Shot||[still]
|-prepare|p1a: Archaludon|Electro Shot
|-boost|p1a: Archaludon|spa|1
|-anim|p1a: Archaludon|Electro Shot|p2a: Tyranitar
|-supereffective|p2a: Tyranitar
|-damage|p2a: Tyranitar|10/100
|
|-weather|RainDance|[upkeep]
|upkeep
|
|t:|1757717935
|switch|p1b: Sinistcha|Sinistcha, L50|67/100
|-heal|p1a: Archaludon|28/100|[from] ability: Hospitality|[of] p1b: Sinistcha
|turn|6
|
|t:|1757717948
|move|p2a: Tyranitar|Rock Slide|p1a: Archaludon|[spread] p1a,p1b
|-supereffective|p1a: Archaludon
|-damage|p1a: Archaludon|16/100
|-damage|p1b: Sinistcha|40/100
|-enditem|p1b: Sinistcha|Sitrus Berry|[eat]
|-heal|p1b: Sinistcha|65/100|[from] item: Sitrus Berry
|move|p1a: Archaludon|Electro Shot||[still]
|-prepare|p1a: Archaludon|Electro Shot
|-boost|p1a: Archaludon|spa|1
|-anim|p1a: Archaludon|Electro Shot|p2a: Tyranitar
|-supereffective|p2a: Tyranitar
|-damage|p2a: Tyranitar|0 fnt
|faint|p2a: Tyranitar
|
|win|I am the Sweeper
||Lego Darth Malgus is ready for game 3.
||I am the Sweeper is ready for game 3.
|uhtml|next|Next: Game 3 of 3
