|j|☆Omniverch47
|j|☆Treit_3
|html|Omniverch47Treit_3    
|uhtml|bestof|Game 1 of a best-of-3
|t:|1783436294
|gametype|doubles
|player|p1|Omniverch47|juggler-gen2|1000
|player|p2|Treit_3|marshal|1093
|gen|9
|tier|[Gen 9 Champions] VGC 2026 Reg M-B (Bo3)
|rated|
|rule|Species Clause: Limit one of each Pokémon
|rule|Item Clause: Limit 1 of each item
|clearpoke
|poke|p1|Malamar, L50, M, shiny|
|poke|p1|Incineroar, L50, M|
|poke|p1|Grimmsnarl, L50, M|
|poke|p1|Sinistcha, L50|
|poke|p1|Charizard, L50, M, shiny|
|poke|p1|Basculegion, L50, M|
|poke|p2|Scrafty, L50, F|
|poke|p2|Blaziken, L50, F|
|poke|p2|Torterra, L50, M|
|poke|p2|Milotic, L50, M|
|poke|p2|Gholdengo, L50|
|poke|p2|Farigiraf, L50, F|
|teampreview|4
|showteam|p1|Malamar||Malamarite|Contrary|ThroatChop,PsychoCut,Superpower,Protect|Adamant||M|||50|]Incineroar||PasshoBerry|Intimidate|FakeOut,FlareBlitz,ThroatChop,PartingShot|Adamant||M|||50|]Grimmsnarl||RoseliBerry|Prankster|SpiritBreak,FakeTears,ScaryFace,PartingShot|Impish||M|||50|]Sinistcha||SitrusBerry|Hospitality|MatchaGotcha,LifeDew,RagePowder,TrickRoom|Bold|||||50|]Charizard||CharizarditeY|Blaze|HeatWave,WeatherBall,SolarBeam,Protect|Modest||M|||50|]Basculegion||FocusSash|Adaptability|Liquidation,LastRespects,AquaJet,Protect|Adamant||M|||50|
|showteam|p2|Scrafty||Scraftinite|Intimidate|FakeOut,Coaching,DrainPunch,ThroatChop|Adamant||F|||50|]Blaziken||Blazikenite|SpeedBoost|Detect,RockSlide,FlareBlitz,CloseCombat|Adamant||F|||50|]Torterra||Leftovers|ShellArmor|Protect,WideGuard,HeadlongRush,WoodHammer|Brave||M|||50|]Milotic||MysticWater|Competitive|Protect,Scald,MuddyWater,IceBeam|Modest||M|||50|]Gholdengo||LifeOrb|GoodasGold|Protect,NastyPlot,MakeItRain,ShadowBall|Modest|||||50|]Farigiraf||SitrusBerry|ArmorTail|Protect,TrickRoom,Thunderbolt,HyperVoice|Bold||F|||50|
|
|t:|1783436332
|teamsize|p1|4
|teamsize|p2|4
|start
|switch|p1a: Squiggles McGee|Malamar, L50, M, shiny|100/100
|switch|p1b: Mr. Spooks|Grimmsnarl, L50, M|100/100
|switch|p2a: Milotic|Milotic, L50, M|100/100
|switch|p2b: Blaziken|Blaziken, L50, F|100/100
|turn|1
|
|t:|1783436379
|detailschange|p2b: Blaziken|Blaziken-Mega, L50, F
|-mega|p2b: Blaziken|Blaziken|Blazikenite
|detailschange|p1a: Squiggles McGee|Malamar-Mega, L50, M, shiny
|-mega|p1a: Squiggles McGee|Malamar|Malamarite
|move|p1b: Mr. Spooks|Scary Face|p1a: Squiggles McGee
|-boost|p1a: Squiggles McGee|spe|2
|move|p1a: Squiggles McGee|Superpower|p2a: Milotic
|-damage|p2a: Milotic|65/100
|-boost|p1a: Squiggles McGee|atk|1
|-boost|p1a: Squiggles McGee|def|1
|move|p2b: Blaziken|Flare Blitz|p1a: Squiggles McGee
|-damage|p1a: Squiggles McGee|43/100
|-damage|p2b: Blaziken|77/100|[from] Recoil
|move|p2a: Milotic|Scald|p1a: Squiggles McGee
|-damage|p1a: Squiggles McGee|10/100
|
|-ability|p2b: Blaziken|Speed Boost|boost
|-boost|p2b: Blaziken|spe|1
|upkeep
|turn|2
|inactive|Battle timer is ON: inactive players will automatically lose when time's up. (requested by Treit_3)
|
|t:|1783436444
|move|p1a: Squiggles McGee|Protect|p1a: Squiggles McGee
|-singleturn|p1a: Squiggles McGee|Protect
|move|p2b: Blaziken|Detect|p2b: Blaziken
|-singleturn|p2b: Blaziken|Protect
|move|p1b: Mr. Spooks|Parting Shot|p2b: Blaziken
|-activate|p2b: Blaziken|move: Protect
|move|p2a: Milotic|Muddy Water|p1b: Mr. Spooks|[spread] p1b
|-activate|p1a: Squiggles McGee|move: Protect
|-damage|p1b: Mr. Spooks|62/100
|-unboost|p1b: Mr. Spooks|accuracy|1
|
|-ability|p2b: Blaziken|Speed Boost|boost
|-boost|p2b: Blaziken|spe|1
|upkeep
|turn|3
|inactive|Omniverch47 has 30 seconds left.
|
|t:|1783436472
|move|p2b: Blaziken|Rock Slide|p1b: Mr. Spooks|[spread] p1a,p1b
|-damage|p1a: Squiggles McGee|0 fnt
|-damage|p1b: Mr. Spooks|40/100
|faint|p1a: Squiggles McGee
|move|p2a: Milotic|Muddy Water|p1b: Mr. Spooks|[miss]
|-miss|p2a: Milotic|p1b: Mr. Spooks
|move|p1b: Mr. Spooks|Spirit Break|p2b: Blaziken
|-damage|p2b: Blaziken|38/100
|-unboost|p2b: Blaziken|spa|1
|
|-ability|p2b: Blaziken|Speed Boost|boost
|-boost|p2b: Blaziken|spe|1
|upkeep
|
|t:|1783436487
|switch|p1a: Uncle Iroh|Sinistcha, L50|100/100
|-heal|p1b: Mr. Spooks|64/100|[from] ability: Hospitality|[of] p1a: Uncle Iroh
|turn|4
|
|t:|1783436510
|move|p2b: Blaziken|Flare Blitz|p1a: Uncle Iroh
|-supereffective|p1a: Uncle Iroh|1
|-damage|p1a: Uncle Iroh|0 fnt
|faint|p1a: Uncle Iroh
|-damage|p2b: Blaziken|1/100|[from] Recoil
|move|p2a: Milotic|Ice Beam|p1b: Mr. Spooks
|-damage|p1b: Mr. Spooks|35/100
|-status|p1b: Mr. Spooks|frz
|-curestatus|p1b: Mr. Spooks|frz|[msg]
|move|p1b: Mr. Spooks|Spirit Break|p2b: Blaziken
|-damage|p2b: Blaziken|0 fnt
|faint|p2b: Blaziken
|
|upkeep
|
|t:|1783436525
|switch|p2b: Farigiraf|Farigiraf, L50, F|100/100
|switch|p1a: Visdeurbel|Basculegion, L50, M|100/100
|turn|5
|inactive|Omniverch47 has 30 seconds left.
|
|t:|1783436550
|switch|p2a: Scrafty|Scrafty, L50, F|100/100
|-ability|p2a: Scrafty|Intimidate|boost
|-unboost|p1a: Visdeurbel|atk|1
|-unboost|p1b: Mr. Spooks|atk|1
|move|p1a: Visdeurbel|Last Respects|p2a: Scrafty
|-resisted|p2a: Scrafty|1
|-damage|p2a: Scrafty|69/100
|move|p1b: Mr. Spooks|Spirit Break|p2b: Farigiraf
|-damage|p2b: Farigiraf|83/100
|-unboost|p2b: Farigiraf|spa|1
|move|p2b: Farigiraf|Thunderbolt|p1a: Visdeurbel
|-supereffective|p1a: Visdeurbel|1
|-damage|p1a: Visdeurbel|60/100
|
|upkeep
|turn|6
|
|t:|1783436570
|switch|p2a: Milotic|Milotic, L50, M|65/100
|move|p1a: Visdeurbel|Last Respects|p2a: Milotic
|-damage|p2a: Milotic|0 fnt
|faint|p2a: Milotic
|move|p1b: Mr. Spooks|Spirit Break|p2b: Farigiraf
|-damage|p2b: Farigiraf|66/100
|-unboost|p2b: Farigiraf|spa|1
|move|p2b: Farigiraf|Trick Room|p2b: Farigiraf
|-fieldstart|move: Trick Room|[of] p2b: Farigiraf
|
|upkeep
|
|t:|1783436575
|switch|p2a: Scrafty|Scrafty, L50, F|69/100
|-ability|p2a: Scrafty|Intimidate|boost
|-unboost|p1a: Visdeurbel|atk|1
|-unboost|p1b: Mr. Spooks|atk|1
|turn|7
|
|t:|1783436600
|move|p1a: Visdeurbel|Protect|p1a: Visdeurbel
|-singleturn|p1a: Visdeurbel|Protect
|move|p2b: Farigiraf|Hyper Voice|p1a: Visdeurbel|[spread] p1b
|-activate|p1a: Visdeurbel|move: Protect
|-damage|p1b: Mr. Spooks|20/100y
|move|p1b: Mr. Spooks|Spirit Break|p2a: Scrafty
|-supereffective|p2a: Scrafty|2
|-damage|p2a: Scrafty|11/100
|-unboost|p2a: Scrafty|spa|1
|move|p2a: Scrafty|Coaching|p2b: Farigiraf
|-boost|p2b: Farigiraf|atk|1
|-boost|p2b: Farigiraf|def|1
|
|upkeep
|turn|8
|inactive|Treit_3 has 30 seconds left.
|
|t:|1783436625
|move|p1a: Visdeurbel|Aqua Jet||[still]
|cant|p2b: Farigiraf|ability: Armor Tail|Aqua Jet|[of] p1a: Visdeurbel
|move|p2b: Farigiraf|Hyper Voice|p1b: Mr. Spooks|[spread] p1b
|-immune|p1a: Visdeurbel
|-damage|p1b: Mr. Spooks|5/100
|move|p1b: Mr. Spooks|Spirit Break|p2b: Farigiraf|[miss]
|-miss|p1b: Mr. Spooks|p2b: Farigiraf
|move|p2a: Scrafty|Throat Chop|p1a: Visdeurbel
|-supereffective|p1a: Visdeurbel|1
|-damage|p1a: Visdeurbel|0 fnt
|faint|p1a: Visdeurbel
|
|upkeep
|turn|9
|-message|Omniverch47 forfeited.
|
|win|Treit_3
|l|☆Omniverch47
|player|p1|
||Treit_3 is ready for game 2.
||Omniverch47 is ready for game 2.
|uhtml|next|Next: Game 2 of 3
