|j|☆kbcao
|j|☆shiroblast
|html|kbcaoshiroblast    
|uhtml|bestof|Game 1 of a best-of-3
|t:|1785292056
|gametype|doubles
|player|p1|kbcao|2|
|player|p2|shiroblast|benga|
|gen|9
|tier|[Gen 9 Champions] VGC 2026 Reg M-B (Bo3)
|rule|Species Clause: Limit one of each Pokémon
|rule|Item Clause: Limit 1 of each item
|clearpoke
|poke|p1|Garchomp, L50, F|
|poke|p1|Venusaur, L50, F|
|poke|p1|Incineroar, L50, F|
|poke|p1|Charizard, L50, M|
|poke|p1|Toxapex, L50, M|
|poke|p1|Annihilape, L50, F|
|poke|p2|Raichu, L50, M|
|poke|p2|Charizard, L50, F|
|poke|p2|Incineroar, L50, M|
|poke|p2|Farigiraf, L50, M|
|poke|p2|Sylveon, L50, M|
|poke|p2|Kingambit, L50, M|
|teampreview|4
|showteam|p1|Garchomp||ChoiceScarf|RoughSkin|Earthquake,RockSlide,DragonClaw,StompingTantrum|Adamant||F|||50|]Venusaur||LifeOrb|Chlorophyll|SludgeBomb,SolarBeam,EarthPower,Protect|Modest||F|||50|]Incineroar||SitrusBerry|Intimidate|FakeOut,FlareBlitz,ThroatChop,PartingShot|Impish||F|||50|]Charizard||CharizarditeY|Blaze|HeatWave,WeatherBall,Protect,HelpingHand|Modest||M|||50|]Toxapex||Leftovers|Regenerator|Infestation,Toxic,WideGuard,BanefulBunker|Impish||M|||50|]Annihilape||FocusSash|Defiant|CloseCombat,PhantomForce,RockTomb,Protect|Jolly||F|||50|
|showteam|p2|Raichu||RaichuniteY|LightningRod|FakeOut,ZapCannon,FocusBlast,Protect|Timid||M|||50|]Charizard||CharizarditeY|Blaze|HeatWave,WeatherBall,SolarBeam,Protect|Modest||F|||50|]Incineroar||SitrusBerry|Intimidate|FakeOut,FlareBlitz,DarkestLariat,PartingShot|Impish||M|||50|]Farigiraf||ColburBerry|ArmorTail|Psychic,Thunderbolt,HelpingHand,TrickRoom|Modest||M|||50|]Sylveon||FairyFeather|Pixilate|HyperVoice,Moonblast,Detect,CalmMind|Modest||M|||50|]Kingambit||LifeOrb|Defiant|SuckerPunch,KowtowCleave,Protect,SwordsDance|Adamant||M|||50|
|
|t:|1785292314
|teamsize|p1|4
|teamsize|p2|4
|start
|switch|p1a: Annihilape|Annihilape, L50, F|100/100
|switch|p1b: Charizard|Charizard, L50, M|100/100
|switch|p2a: Raichu|Raichu, L50, M|100/100
|switch|p2b: Sylveon|Sylveon, L50, M|100/100
|turn|1
|
|t:|1785292362
|switch|p1b: Garchomp|Garchomp, L50, F|100/100
|move|p2a: Raichu|Fake Out|p1b: Garchomp
|-damage|p1b: Garchomp|92/100
|-damage|p2a: Raichu|87/100|[from] ability: Rough Skin|[of] p1b: Garchomp
|move|p1a: Annihilape|Phantom Force||[still]
|-prepare|p1a: Annihilape|Phantom Force
|move|p2b: Sylveon|Hyper Voice|p1a: Annihilape|[spread] p1b
|-miss|p2b: Sylveon|p1a: Annihilape
|-supereffective|p1b: Garchomp|1
|-damage|p1b: Garchomp|4/100
|
|upkeep
|turn|2
|
|t:|1785292408
|switch|p2a: Farigiraf|Farigiraf, L50, M|100/100
|move|p1b: Garchomp|Earthquake|p2b: Sylveon|[spread] p2a,p2b
|-miss|p1b: Garchomp|p1a: Annihilape
|-damage|p2a: Farigiraf|60/100
|-damage|p2b: Sylveon|63/100
|move|p1a: Annihilape|Phantom Force|p2b: Sylveon|[from] lockedmove
|-damage|p2b: Sylveon|25/100
|move|p2b: Sylveon|Moonblast|p1b: Garchomp
|-supereffective|p1b: Garchomp|1
|-damage|p1b: Garchomp|0 fnt
|faint|p1b: Garchomp
|
|upkeep
|
|t:|1785292420
|switch|p1b: Charizard|Charizard, L50, M|100/100
|turn|3
|
|t:|1785292447
|switch|p2b: Incineroar|Incineroar, L50, M|100/100
|-ability|p2b: Incineroar|Intimidate|boost
|-unboost|p1a: Annihilape|atk|1
|-ability|p1a: Annihilape|Defiant|boost
|-boost|p1a: Annihilape|atk|2
|-unboost|p1b: Charizard|atk|1
|detailschange|p1b: Charizard|Charizard-Mega-Y, L50, M
|-mega|p1b: Charizard|Charizard|Charizardite Y
|-weather|SunnyDay|[from] ability: Drought|[of] p1b: Charizard
|move|p1a: Annihilape|Protect|p1a: Annihilape
|-singleturn|p1a: Annihilape|Protect
|move|p1b: Charizard|Heat Wave|p2a: Farigiraf|[spread] p2b
|-miss|p1b: Charizard|p2a: Farigiraf
|-resisted|p2b: Incineroar|1
|-crit|p2b: Incineroar
|-damage|p2b: Incineroar|61/100
|move|p2a: Farigiraf|Trick Room|p2a: Farigiraf
|-fieldstart|move: Trick Room|[of] p2a: Farigiraf
|
|-weather|SunnyDay|[upkeep]
|upkeep
|turn|4
|
|t:|1785292476
|move|p1b: Charizard|Protect|p1b: Charizard
|-singleturn|p1b: Charizard|Protect
|move|p2a: Farigiraf|Thunderbolt|p1b: Charizard
|-activate|p1b: Charizard|move: Protect
|move|p2b: Incineroar|Darkest Lariat|p1a: Annihilape
|-damage|p1a: Annihilape|60/100
|move|p1a: Annihilape|Phantom Force||[still]
|-prepare|p1a: Annihilape|Phantom Force
|
|-weather|SunnyDay|[upkeep]
|upkeep
|turn|5
|
|t:|1785292516
|switch|p1b: Toxapex|Toxapex, L50, M|100/100
|move|p2b: Incineroar|Darkest Lariat|p1b: Toxapex
|-damage|p1b: Toxapex|78/100
|move|p2a: Farigiraf|Thunderbolt|p1b: Toxapex
|-supereffective|p1b: Toxapex|1
|-damage|p1b: Toxapex|36/100
|move|p1a: Annihilape|Phantom Force|p2a: Farigiraf|[from] lockedmove
|-immune|p2a: Farigiraf
|
|-weather|SunnyDay|[upkeep]
|-heal|p1b: Toxapex|42/100|[from] item: Leftovers
|upkeep
|turn|6
|
|t:|1785292559
|move|p1b: Toxapex|Baneful Bunker|p1b: Toxapex
|-singleturn|p1b: Toxapex|move: Protect
|move|p1a: Annihilape|Protect|p1a: Annihilape
|-singleturn|p1a: Annihilape|Protect
|move|p2b: Incineroar|Darkest Lariat|p1a: Annihilape
|-activate|p1a: Annihilape|move: Protect
|move|p2a: Farigiraf|Thunderbolt|p1b: Toxapex
|-activate|p1b: Toxapex|move: Protect
|
|-weather|SunnyDay|[upkeep]
|-heal|p1b: Toxapex|48/100|[from] item: Leftovers
|upkeep
|turn|7
|
|t:|1785292619
|-heal|p1b: Toxapex|81/100|[from] ability: Regenerator|[silent]
|switch|p1b: Charizard|Charizard-Mega-Y, L50, M|100/100
|move|p1a: Annihilape|Protect||[still]
|-fail|p1a: Annihilape
|move|p2a: Farigiraf|Thunderbolt|p1b: Charizard
|-supereffective|p1b: Charizard|1
|-damage|p1b: Charizard|53/100
|move|p2b: Incineroar|Darkest Lariat|p1a: Annihilape
|-damage|p1a: Annihilape|21/100
|
|-weather|none
|-fieldend|move: Trick Room
|upkeep
|turn|8
|
|t:|1785292656
|move|p1a: Annihilape|Close Combat|p2b: Incineroar
|-supereffective|p2b: Incineroar|1
|-damage|p2b: Incineroar|0 fnt
|-unboost|p1a: Annihilape|def|1
|-unboost|p1a: Annihilape|spd|1
|faint|p2b: Incineroar
|move|p1b: Charizard|Heat Wave|p2a: Farigiraf
|-crit|p2a: Farigiraf
|-damage|p2a: Farigiraf|0 fnt
|faint|p2a: Farigiraf
|
|upkeep
|
|t:|1785292665
|switch|p2b: Sylveon|Sylveon, L50, M|25/100
|switch|p2a: Raichu|Raichu, L50, M|87/100
|turn|9
|
|t:|1785292685
|switch|p1b: Toxapex|Toxapex, L50, M|81/100
|move|p1a: Annihilape|Protect|p1a: Annihilape
|-singleturn|p1a: Annihilape|Protect
|move|p2a: Raichu|Fake Out|p1b: Toxapex
|-damage|p1b: Toxapex|76/100
|move|p2b: Sylveon|Moonblast|p1a: Annihilape
|-activate|p1a: Annihilape|move: Protect
|
|-heal|p1b: Toxapex|82/100|[from] item: Leftovers
|upkeep
|turn|10
|
|t:|1785292709
|detailschange|p2a: Raichu|Raichu-Mega-Y, L50, M
|-mega|p2a: Raichu|Raichu|Raichunite Y
|move|p2a: Raichu|Zap Cannon|p1b: Toxapex
|-supereffective|p1b: Toxapex|1
|-damage|p1b: Toxapex|0 fnt
|faint|p1b: Toxapex
|move|p1a: Annihilape|Phantom Force||[still]
|-prepare|p1a: Annihilape|Phantom Force
|move|p2b: Sylveon|Hyper Voice|p1a: Annihilape|[miss]
|-miss|p2b: Sylveon|p1a: Annihilape
|
|upkeep
|
|t:|1785292717
|switch|p1b: Charizard|Charizard-Mega-Y, L50, M|53/100
|-weather|SunnyDay|[from] ability: Drought|[of] p1b: Charizard
|turn|11
|
|t:|1785292732
|move|p1b: Charizard|Protect|p1b: Charizard
|-singleturn|p1b: Charizard|Protect
|move|p2a: Raichu|Zap Cannon|p1a: Annihilape
|-damage|p1a: Annihilape|0 fnt
|faint|p1a: Annihilape
|move|p2b: Sylveon|Hyper Voice|p1b: Charizard
|-activate|p1b: Charizard|move: Protect
|
|-weather|SunnyDay|[upkeep]
|upkeep
|turn|12
|
|t:|1785292772
|move|p2a: Raichu|Zap Cannon|p1b: Charizard
|-supereffective|p1b: Charizard|1
|-crit|p1b: Charizard
|-damage|p1b: Charizard|0 fnt
|faint|p1b: Charizard
|
|win|shiroblast
|inactive|kbcao has 30 seconds to confirm battle start!
|inactive|shiroblast has 30 seconds to confirm battle start!
