|j|☆Curry8
|j|☆GenoxVGC
|html|Curry8GenoxVGC    
|uhtml|bestof|Game 2 of a best-of-3
|t:|1783595356
|gametype|doubles
|player|p1|Curry8|265|1082
|player|p2|GenoxVGC|ethan|1028
|gen|9
|tier|[Gen 9 Champions] VGC 2026 Reg M-B (Bo3)
|rated|
|rule|Species Clause: Limit one of each Pokémon
|rule|Item Clause: Limit 1 of each item
|clearpoke
|poke|p1|Pelipper, L50, M|
|poke|p1|Sinistcha, L50|
|poke|p1|Raichu, L50, M|
|poke|p1|Archaludon, L50, F|
|poke|p1|Sneasler, L50, M|
|poke|p1|Swampert, L50, M|
|poke|p2|Froslass, L50, F, shiny|
|poke|p2|Whimsicott, L50, F|
|poke|p2|Glimmora, L50, F|
|poke|p2|Garchomp, L50, F|
|poke|p2|Gyarados, L50, F, shiny|
|poke|p2|Kingambit, L50, M|
|teampreview|4
|showteam|p1|Pelipper||FocusSash|Drizzle|Hurricane,Protect,Tailwind,WeatherBall|Modest||M|||50|]Sinistcha||KasibBerry|Hospitality|MatchaGotcha,StrengthSap,RagePowder,TrickRoom|Bold|||||50|]Raichu||RaichuniteY|LightningRod|ZapCannon,FocusBlast,AlluringVoice,VoltSwitch|Timid||M|||50|]Archaludon||SitrusBerry|Stamina|DragonPulse,ElectroShot,FlashCannon,Protect|Calm||F|||50|]Sneasler||WhiteHerb|Unburden|FakeOut,CloseCombat,DireClaw,Protect|Adamant||M|||50|]Swampert||Swampertite|Damp|WaveCrash,Earthquake,IcePunch,Protect|Adamant||M|||50|
|showteam|p2|Froslass||Froslassite|CursedBody|Blizzard,ShadowBall,AuroraVeil,Protect|Timid||F|||50|]Whimsicott||FairyFeather|Prankster|Moonblast,Tailwind,Encore,Protect|Bold||F|||50|]Glimmora||FocusSash|ToxicDebris|PowerGem,SludgeBomb,EarthPower,SpikyShield|Modest||F|||50|]Garchomp||LifeOrb|RoughSkin|StompingTantrum,DragonClaw,RockSlide,Protect|Adamant||F|||50|]Gyarados||SitrusBerry|Intimidate|Waterfall,PowerWhip,DragonDance,Protect|Adamant||F|||50|]Kingambit||BlackGlasses|Defiant|KowtowCleave,SuckerPunch,SwordsDance,Protect|Adamant||M|||50|
|inactive|Battle timer is ON: inactive players will automatically lose when time's up. (requested by Curry8)
|
|t:|1783595378
|teamsize|p1|4
|teamsize|p2|4
|start
|switch|p1a: Pelipper|Pelipper, L50, M|100/100
|switch|p1b: Archaludon|Archaludon, L50, F|100/100
|switch|p2a: Whimsicott|Whimsicott, L50, F|100/100
|switch|p2b: Glimmora|Glimmora, L50, F|100/100
|-weather|RainDance|[from] ability: Drizzle|[of] p1a: Pelipper
|turn|1
|inactive|Curry8 has 30 seconds left.
|inactive|GenoxVGC has 30 seconds left.
|inactive|GenoxVGC has 20 seconds left.
|inactive|GenoxVGC has 15 seconds left.
|inactive|GenoxVGC has 10 seconds left.
|inactive|GenoxVGC has 5 seconds left.
|
|t:|1783595429
|move|p2a: Whimsicott|Tailwind|p2a: Whimsicott
|-sidestart|p2: GenoxVGC|move: Tailwind
|move|p2b: Glimmora|Earth Power|p1b: Archaludon
|-supereffective|p1b: Archaludon|1
|-damage|p1b: Archaludon|37/100
|-ability|p1b: Archaludon|Stamina|boost
|-boost|p1b: Archaludon|def|1
|-enditem|p1b: Archaludon|Sitrus Berry|[eat]
|-heal|p1b: Archaludon|61/100|[from] item: Sitrus Berry
|move|p1a: Pelipper|Tailwind|p1a: Pelipper
|-sidestart|p1: Curry8|move: Tailwind
|move|p1b: Archaludon|Electro Shot||[still]
|-prepare|p1b: Archaludon|Electro Shot
|-boost|p1b: Archaludon|spa|1
|-anim|p1b: Archaludon|Electro Shot|p2b: Glimmora
|-damage|p2b: Glimmora|23/100
|
|-weather|RainDance|[upkeep]
|upkeep
|turn|2
|inactive|Curry8 has 30 seconds left.
|inactive|GenoxVGC has 30 seconds left.
|
|t:|1783595458
|switch|p1a: Raichu|Raichu, L50, M|100/100
|move|p2a: Whimsicott|Encore||[still]
|-fail|p2a: Whimsicott
|move|p2b: Glimmora|Earth Power|p1b: Archaludon
|-supereffective|p1b: Archaludon|1
|-damage|p1b: Archaludon|0 fnt
|faint|p1b: Archaludon
|
|-weather|RainDance|[upkeep]
|upkeep
|
|t:|1783595467
|switch|p1b: Swampert|Swampert, L50, M|100/100
|turn|3
|inactive|Curry8 has 30 seconds left.
|inactive|Curry8 has 20 seconds left.
|
|t:|1783595504
|detailschange|p1b: Swampert|Swampert-Mega, L50, M
|-mega|p1b: Swampert|Swampert|Swampertite
|move|p2a: Whimsicott|Protect|p2a: Whimsicott
|-singleturn|p2a: Whimsicott|Protect
|move|p2b: Glimmora|Spiky Shield|p2b: Glimmora
|-singleturn|p2b: Glimmora|move: Protect
|move|p1b: Swampert|Ice Punch|p2a: Whimsicott
|-activate|p2a: Whimsicott|move: Protect
|move|p1a: Raichu|Volt Switch|p2b: Glimmora
|-activate|p2b: Glimmora|move: Protect
|
|-weather|RainDance|[upkeep]
|upkeep
|turn|4
|
|t:|1783595522
|switch|p2b: Garchomp|Garchomp, L50, F|100/100
|switch|p2a: Froslass|Froslass, L50, F, shiny|100/100
|move|p1b: Swampert|Ice Punch|p2a: Froslass
|-resisted|p2a: Froslass|1
|-damage|p2a: Froslass|77/100
|-start|p1b: Swampert|Disable|Ice Punch|[from] ability: Cursed Body|[of] p2a: Froslass
|move|p1a: Raichu|Volt Switch|p2b: Garchomp
|-immune|p2b: Garchomp
|
|-weather|RainDance|[upkeep]
|-sideend|p1: Curry8|move: Tailwind
|-sideend|p2: GenoxVGC|move: Tailwind
|upkeep
|turn|5
|inactive|Curry8 has 30 seconds left.
|
|t:|1783595552
|detailschange|p2a: Froslass|Froslass-Mega, L50, F, shiny
|-mega|p2a: Froslass|Froslass|Froslassite
|-weather|Snowscape|[from] ability: Snow Warning|[of] p2a: Froslass
|move|p2a: Froslass|Blizzard|p1b: Swampert|[spread] p1a,p1b
|-damage|p1a: Raichu|28/100
|-damage|p1b: Swampert|61/100
|move|p1a: Raichu|Volt Switch|p2a: Froslass
|-damage|p2a: Froslass|55/100
|
|t:|1783595561
|switch|p1a: Pelipper|Pelipper, L50, M|100/100|[from] Volt Switch
|-weather|RainDance|[from] ability: Drizzle|[of] p1a: Pelipper
|move|p1b: Swampert|Earthquake|p2a: Froslass|[spread] p2a,p2b
|-immune|p1a: Pelipper
|-damage|p2a: Froslass|0 fnt
|-damage|p2b: Garchomp|54/100
|faint|p2a: Froslass
|move|p2b: Garchomp|Stomping Tantrum|p1a: Pelipper
|-immune|p1a: Pelipper
|
|-weather|RainDance|[upkeep]
|upkeep
|
|t:|1783595578
|switch|p2a: Whimsicott|Whimsicott, L50, F|100/100
|turn|6
|
|t:|1783595593
|switch|p1b: Raichu|Raichu, L50, M|28/100
|move|p2a: Whimsicott|Tailwind|p2a: Whimsicott
|-sidestart|p2: GenoxVGC|move: Tailwind
|move|p2b: Garchomp|Dragon Claw|p1b: Raichu
|-damage|p1b: Raichu|0 fnt
|faint|p1b: Raichu
|-damage|p2b: Garchomp|45/100|[from] item: Life Orb
|move|p1a: Pelipper|Hurricane|p2a: Whimsicott
|-supereffective|p2a: Whimsicott|1
|-damage|p2a: Whimsicott|0 fnt
|faint|p2a: Whimsicott
|
|-weather|RainDance|[upkeep]
|upkeep
|
|t:|1783595607
|switch|p1b: Swampert|Swampert-Mega, L50, M|61/100
|switch|p2a: Glimmora|Glimmora, L50, F|23/100
|turn|7
|inactive|GenoxVGC has 30 seconds left.
|
|t:|1783595637
|move|p1b: Swampert|Protect|p1b: Swampert
|-singleturn|p1b: Swampert|Protect
|move|p2b: Garchomp|Rock Slide|p1b: Swampert|[spread] p1a
|-activate|p1b: Swampert|move: Protect
|-supereffective|p1a: Pelipper|1
|-damage|p1a: Pelipper|33/100
|-damage|p2b: Garchomp|35/100|[from] item: Life Orb
|move|p2a: Glimmora|Power Gem|p1a: Pelipper
|-supereffective|p1a: Pelipper|1
|-damage|p1a: Pelipper|0 fnt
|faint|p1a: Pelipper
|
|-weather|RainDance|[upkeep]
|upkeep
|turn|8
|inactive|GenoxVGC has 30 seconds left.
|inactive|GenoxVGC has 20 seconds left.
|
|t:|1783595673
|move|p2b: Garchomp|Dragon Claw|p1b: Swampert
|-damage|p1b: Swampert|12/100
|-damage|p2b: Garchomp|26/100|[from] item: Life Orb
|move|p2a: Glimmora|Earth Power|p1b: Swampert
|-damage|p1b: Swampert|0 fnt
|faint|p1b: Swampert
|
|win|GenoxVGC
|raw|Curry8's rating: 1082 → 1056(-26 for losing)
|raw|GenoxVGC's rating: 1028 → 1069(+41 for winning)
|l|☆Curry8
|player|p1|
