|j|â˜†25th_mang
|j|â˜†HinamikoNovelGames
|html|25th_mangHinamikoNovelGames    
|uhtml|bestof|Game 2 of a best-of-3
|t:|1783404800
|gametype|doubles
|player|p1|25th_mang|ballguy|1180
|player|p2|HinamikoNovelGames|parasollady|1280
|gen|9
|tier|[Gen 9 Champions] VGC 2026 Reg M-B (Bo3)
|rated|
|rule|Species Clause: Limit one of each PokÃ©mon
|rule|Item Clause: Limit 1 of each item
|clearpoke
|poke|p1|Chandelure, L50, F|
|poke|p1|Garchomp, L50, M|
|poke|p1|Kingambit, L50, F|
|poke|p1|Tsareena, L50, F|
|poke|p1|Whimsicott, L50, F|
|poke|p1|Starmie, L50|
|poke|p2|Delphox, L50, F|
|poke|p2|Sinistcha-Masterpiece, L50|
|poke|p2|Blastoise, L50, M|
|poke|p2|Maushold, L50|
|poke|p2|Incineroar, L50, F|
|poke|p2|Sneasler, L50, F|
|teampreview|4
|showteam|p1|Chandelure||Chandelurite|FlashFire|HeatWave,ShadowBall,TrickRoom,Protect|Modest||F|||50|]Garchomp||LifeOrb|RoughSkin|StompingTantrum,DragonClaw,RockSlide,Protect|Jolly||M|||50|]Kingambit||ChopleBerry|Defiant|IronHead,SuckerPunch,LowKick,Protect|Adamant||F|||50|]Tsareena||WideLens|QueenlyMajesty|PowerWhip,TripleAxel,HelpingHand,Protect|Adamant||F|||50|]Whimsicott||FocusSash|Prankster|Moonblast,Tailwind,Encore,SunnyDay|Modest||F|||50|]Starmie||ChoiceScarf|NaturalCure|Scald,IcyWind,Psychic,Thunderbolt|Modest|||||50|
|showteam|p2|Delphox||Delphoxite|Blaze|HeatWave,Psyshock,NastyPlot,Protect|Timid||F|||50|]Sinistcha-Masterpiece||KasibBerry|Hospitality|MatchaGotcha,TrickRoom,RagePowder,Protect|Calm|||||50|]Blastoise||Blastoisinite|RainDish|WaterSpout,DarkPulse,ShellSmash,Protect|Modest||M|||50|]Maushold||ChopleBerry|FriendGuard|SuperFang,Feint,FollowMe,Protect|Impish|||||50|]Incineroar||SitrusBerry|Intimidate|FakeOut,FlareBlitz,ThroatChop,PartingShot|Impish||F|||50|]Sneasler||FocusSash|Unburden|FakeOut,CloseCombat,DireClaw,QuickGuard|Jolly||F|||50|
|l|â˜†25th_mang
|player|p1|
|inactive|Battle timer is ON: inactive players will automatically lose when time's up. (requested by HinamikoNovelGames)
|j|â˜†25th_mang
|inactive|25th_mang reconnected and has 90 seconds left.
|player|p1|25th_mang|ballguy|
|inactive|25th_mang also wants the timer to be on.
|
|t:|1783404841
|teamsize|p1|4
|teamsize|p2|4
|start
|switch|p1a: Whimsicott|Whimsicott, L50, F|100/100
|switch|p1b: Garchomp|Garchomp, L50, M|100/100
|switch|p2a: Sneasler|Sneasler, L50, F|100/100
|switch|p2b: Delphox|Delphox, L50, F|100/100
|turn|1
|inactive|25th_mang has 30 seconds left.
|
|t:|1783404872
|switch|p1a: Chandelure|Chandelure, L50, F|100/100
|detailschange|p2b: Delphox|Delphox-Mega, L50, F
|-mega|p2b: Delphox|Delphox|Delphoxite
|move|p2a: Sneasler|Fake Out|p1a: Chandelure
|-immune|p1a: Chandelure
|move|p2b: Delphox|Heat Wave|p1b: Garchomp|[spread] p1b
|-start|p1a: Chandelure|ability: Flash Fire
|-resisted|p1b: Garchomp|1
|-damage|p1b: Garchomp|76/100
|move|p1b: Garchomp|Rock Slide|p2a: Sneasler|[spread] p2a,p2b
|-resisted|p2a: Sneasler|1
|-supereffective|p2b: Delphox|1
|-damage|p2a: Sneasler|80/100
|-damage|p2b: Delphox|32/100
|-damage|p1b: Garchomp|66/100|[from] item: Life Orb
|
|upkeep
|turn|2
|inactive|25th_mang has 30 seconds left.
|inactive|25th_mang has 20 seconds left.
|
|t:|1783404908
|switch|p2a: Incineroar|Incineroar, L50, F|100/100
|-ability|p2a: Incineroar|Intimidate|boost
|-unboost|p1a: Chandelure|atk|1
|-unboost|p1b: Garchomp|atk|1
|detailschange|p1a: Chandelure|Chandelure-Mega, L50, F
|-mega|p1a: Chandelure|Chandelure|Chandelurite
|-end|p1a: Chandelure|ability: Flash Fire|[silent]
|move|p2b: Delphox|Protect|p2b: Delphox
|-singleturn|p2b: Delphox|Protect
|move|p1b: Garchomp|Dragon Claw|p2a: Incineroar
|-damage|p2a: Incineroar|72/100
|-damage|p1b: Garchomp|57/100|[from] item: Life Orb
|move|p1a: Chandelure|Heat Wave|p2a: Incineroar|[spread] p2a
|-activate|p2b: Delphox|move: Protect
|-resisted|p2a: Incineroar|1
|-damage|p2a: Incineroar|50/100g
|
|upkeep
|turn|3
|
|t:|1783404933
|switch|p2b: Sinistcha|Sinistcha-Masterpiece, L50|100/100
|-heal|p2a: Incineroar|75/100|[from] ability: Hospitality|[of] p2b: Sinistcha
|move|p1b: Garchomp|Rock Slide|p2b: Sinistcha|[spread] p2a,p2b
|-supereffective|p2a: Incineroar|1
|-damage|p2a: Incineroar|48/100
|-damage|p2b: Sinistcha|84/100
|-enditem|p2a: Incineroar|Sitrus Berry|[eat]
|-heal|p2a: Incineroar|73/100|[from] item: Sitrus Berry
|-damage|p1b: Garchomp|47/100|[from] item: Life Orb
|move|p1a: Chandelure|Shadow Ball|p2b: Sinistcha
|-supereffective|p2b: Sinistcha|1
|-enditem|p2b: Sinistcha|Kasib Berry|[eat]
|-enditem|p2b: Sinistcha|Kasib Berry|[weaken]
|-damage|p2b: Sinistcha|37/100
|cant|p2a: Incineroar|flinch
|
|upkeep
|turn|4
|inactive|HinamikoNovelGames has 30 seconds left.
|
|t:|1783404959
|switch|p1b: Whimsicott|Whimsicott, L50, F|100/100
|move|p2b: Sinistcha|Protect|p2b: Sinistcha
|-singleturn|p2b: Sinistcha|Protect
|move|p1a: Chandelure|Heat Wave|p2b: Sinistcha|[spread] p2a
|-activate|p2b: Sinistcha|move: Protect
|-resisted|p2a: Incineroar|1
|-damage|p2a: Incineroar|52/100
|move|p2a: Incineroar|Throat Chop|p1a: Chandelure
|-supereffective|p1a: Chandelure|1
|-damage|p1a: Chandelure|37/100
|-start|p1a: Chandelure|Throat Chop|[silent]
|
|upkeep
|turn|5
|inactive|25th_mang has 30 seconds left.
|inactive|25th_mang has 20 seconds left.
|inactive|25th_mang has 15 seconds left.
|
|t:|1783405001
|switch|p1a: Kingambit|Kingambit, L50, F|100/100
|move|p1b: Whimsicott|Tailwind|p1b: Whimsicott
|-sidestart|p1: 25th_mang|move: Tailwind
|move|p2a: Incineroar|Throat Chop|p1a: Kingambit
|-resisted|p1a: Kingambit|1
|-damage|p1a: Kingambit|88/100
|-start|p1a: Kingambit|Throat Chop|[silent]
|move|p2b: Sinistcha|Trick Room|p2b: Sinistcha
|-fieldstart|move: Trick Room|[of] p2b: Sinistcha
|
|upkeep
|turn|6
|inactive|25th_mang has 30 seconds left.
|
|t:|1783405029
|switch|p2b: Delphox|Delphox-Mega, L50, F|32/100
|move|p1b: Whimsicott|Encore||[still]
|-fail|p1b: Whimsicott
|move|p2a: Incineroar|Flare Blitz|p1a: Kingambit
|-supereffective|p1a: Kingambit|1
|-damage|p1a: Kingambit|13/100
|-damage|p2a: Incineroar|27/100|[from] Recoil
|move|p1a: Kingambit|Iron Head|p2b: Delphox
|-resisted|p2b: Delphox|1
|-damage|p2b: Delphox|1/100
|
|-end|p1a: Kingambit|Throat Chop|[silent]
|upkeep
|turn|7
|inactive|25th_mang has 30 seconds left.
|
|t:|1783405061
|switch|p1a: Chandelure|Chandelure-Mega, L50, F|37/100
|move|p2a: Incineroar|Flare Blitz|p1b: Whimsicott
|-supereffective|p1b: Whimsicott|1
|-enditem|p1b: Whimsicott|Focus Sash
|-damage|p1b: Whimsicott|1/100
|-damage|p2a: Incineroar|4/100|[from] Recoil
|move|p2b: Delphox|Heat Wave|p1a: Chandelure|[spread] 
|-miss|p2b: Delphox|p1a: Chandelure
|-miss|p2b: Delphox|p1b: Whimsicott
|move|p1b: Whimsicott|Moonblast|p2a: Incineroar
|-damage|p2a: Incineroar|0 fnt
|faint|p2a: Incineroar
|
|upkeep
|
|t:|1783405080
|switch|p2a: Sinistcha|Sinistcha-Masterpiece, L50|37/100
|-heal|p2b: Delphox|25/100|[from] ability: Hospitality|[of] p2a: Sinistcha
|turn|8
|
|t:|1783405103
|move|p1a: Chandelure|Protect|p1a: Chandelure
|-singleturn|p1a: Chandelure|Protect
|move|p1b: Whimsicott|Encore|p2b: Delphox
|-start|p2b: Delphox|Encore
|move|p2a: Sinistcha|Matcha Gotcha|p1a: Chandelure|[spread] p1b
|-activate|p1a: Chandelure|move: Protect
|-resisted|p1b: Whimsicott|1
|-damage|p1b: Whimsicott|0 fnt
|-heal|p2a: Sinistcha|38/100|[from] drain|[of] p1b: Whimsicott
|faint|p1b: Whimsicott
|move|p2b: Delphox|Heat Wave|p1a: Chandelure
|-activate|p1a: Chandelure|move: Protect
|
|-sideend|p1: 25th_mang|move: Tailwind
|upkeep
|
|t:|1783405119
|switch|p1b: Kingambit|Kingambit, L50, F|13/100
|turn|9
|
|t:|1783405134
|switch|p2b: Sneasler|Sneasler, L50, F|80/100
|move|p2a: Sinistcha|Protect|p2a: Sinistcha
|-singleturn|p2a: Sinistcha|Protect
|move|p1b: Kingambit|Sucker Punch||[still]
|-fail|p1b: Kingambit
|move|p1a: Chandelure|Heat Wave|p2b: Sneasler|[spread] p2b
|-activate|p2a: Sinistcha|move: Protect
|-damage|p2b: Sneasler|18/100
|
|-fieldend|move: Trick Room
|upkeep
|turn|10
|inactive|25th_mang has 30 seconds left.
|
|t:|1783405164
|move|p2a: Sinistcha|Rage Powder|p2a: Sinistcha
|-singleturn|p2a: Sinistcha|move: Rage Powder
|move|p2b: Sneasler|Dire Claw|p1a: Chandelure
|-resisted|p1a: Chandelure|1
|-damage|p1a: Chandelure|17/100
|move|p1a: Chandelure|Heat Wave|p2b: Sneasler|[spread] p2b
|-miss|p1a: Chandelure|p2a: Sinistcha
|-damage|p2b: Sneasler|0 fnt
|faint|p2b: Sneasler
|move|p1b: Kingambit|Iron Head|p2a: Sinistcha
|-damage|p2a: Sinistcha|1/100
|
|upkeep
|
|t:|1783405170
|switch|p2b: Delphox|Delphox-Mega, L50, F|25/100
|turn|11
|inactive|25th_mang has 30 seconds left.
|inactive|25th_mang has 20 seconds left.
|inactive|25th_mang has 15 seconds left.
|inactive|25th_mang has 10 seconds left.
|inactive|HinamikoNovelGames has 30 seconds left.
|inactive|25th_mang has 5 seconds left.
|
|t:|1783405223
|move|p1b: Kingambit|Sucker Punch|p2b: Delphox
|-supereffective|p2b: Delphox|1
|-damage|p2b: Delphox|0 fnt
|faint|p2b: Delphox
|move|p1a: Chandelure|Heat Wave|p2a: Sinistcha
|-supereffective|p2a: Sinistcha|1
|-damage|p2a: Sinistcha|0 fnt
|faint|p2a: Sinistcha
|
|win|25th_mang
||HinamikoNovelGames is ready for game 3.
|inactive|25th_mang has 30 seconds to confirm battle start!
||25th_mang is ready for game 3.
|uhtml|next|Next: Game 3 of 3
|l|â˜†HinamikoNovelGames
|player|p2|
|l|â˜†25th_mang
|player|p1|
|j|â˜†25th_mang
|player|p1|25th_mang|ballguy|
