|j|☆beeetch
|j|☆flubberbut
|html|beeetchflubberbut    
|uhtml|bestof|Game 2 of a best-of-3
|t:|1756671598
|gametype|doubles
|player|p1|beeetch|beauty-gen4dp|1263
|player|p2|flubberbut|benga|1319
|gen|9
|tier|[Gen 9] VGC 2025 Reg H (Bo3)
|rated|
|rule|Species Clause: Limit one of each Pokémon
|rule|Item Clause: Limit 1 of each item
|clearpoke
|poke|p1|Toedscruel, L50, M|
|poke|p1|Weezing-Galar, L50, M|
|poke|p1|Corviknight, L50, M|
|poke|p1|Pawmot, L50, M|
|poke|p1|Garchomp, L50, M|
|poke|p1|Typhlosion-Hisui, L50, M|
|poke|p2|Gholdengo, L50|
|poke|p2|Dragonite, L50, M|
|poke|p2|Talonflame, L50, F|
|poke|p2|Ursaluna-Bloodmoon, L50, M|
|poke|p2|Dondozo, L50, F|
|poke|p2|Tatsugiri, L50, F|
|teampreview|4
|showteam|p1|Toedscruel||CovertCloak|MyceliumMight|Spore,EarthPower,AcidSpray,RagePowder|||M|||50|,,,,,Water]Weezing-Galar||ChoiceSpecs|NeutralizingGas|DazzlingGleam,SludgeBomb,StrangeSteam,Flamethrower|||M|||50|,,,,,Fire]Corviknight||SitrusBerry|MirrorArmor|Protect,Tailwind,Roost,BraveBird|||M|||50|,,,,,Dragon]Pawmot||FocusSash|NaturalCure|Protect,CloseCombat,DoubleShock,FakeOut|||M|||50|,,,,,Electric]Garchomp||LifeOrb|RoughSkin|Protect,Earthquake,DragonClaw,StompingTantrum|||M|||50|,,,,,Ground]Typhlosion-Hisui||ChoiceScarf|Blaze|Eruption,SleepTalk,HeatWave,ShadowBall|||M|||50|,,,,,Fire
|showteam|p2|Gholdengo||ChoiceSpecs|GoodasGold|MakeItRain,PowerGem,ShadowBall,Trick||||||50|,,,,,Steel]Dragonite||ChoiceBand|InnerFocus|ExtremeSpeed,Outrage,LowKick,Earthquake|||M|||50|,,,,,Normal]Talonflame||ClearAmulet|GaleWings|Tailwind,FlareBlitz,BraveBird,WillOWisp|||F|||50|,,,,,Ghost]Ursaluna-Bloodmoon||LifeOrb|MindsEye|HyperVoice,EarthPower,BloodMoon,Protect|||M|||50|,,,,,Normal]Dondozo||SafetyGoggles|Unaware|Protect,WaveCrash,OrderUp,Earthquake|||F|||50|,,,,,Ghost]Tatsugiri||FocusSash|Commander|DracoMeteor,MuddyWater,Protect,MirrorCoat|||F|||50|,,,,,Fairy
|
|t:|1756671646
|teamsize|p1|4
|teamsize|p2|4
|start
|switch|p1a: Weezing|Weezing-Galar, L50, M|100/100
|switch|p1b: Toedscruel|Toedscruel, L50, M|100/100
|switch|p2a: Talonflame|Talonflame, L50, F|100/100
|switch|p2b: Ursaluna|Ursaluna-Bloodmoon, L50, M|100/100
|-ability|p1a: Weezing|Neutralizing Gas
|turn|1
|
|t:|1756671661
|switch|p1b: Corviknight|Corviknight, L50, M|100/100
|-terastallize|p2b: Ursaluna|Normal
|move|p2a: Talonflame|Tailwind|p2a: Talonflame
|-sidestart|p2: flubberbut|move: Tailwind
|move|p2b: Ursaluna|Blood Moon|p1b: Corviknight
|-resisted|p1b: Corviknight
|-damage|p1b: Corviknight|33/100
|-enditem|p1b: Corviknight|Sitrus Berry|[eat]
|-heal|p1b: Corviknight|58/100|[from] item: Sitrus Berry
|-damage|p2b: Ursaluna|91/100|[from] item: Life Orb
|move|p1a: Weezing|Dazzling Gleam|p2b: Ursaluna|[spread] p2a,p2b
|-resisted|p2a: Talonflame
|-crit|p2b: Ursaluna
|-damage|p2a: Talonflame|71/100
|-damage|p2b: Ursaluna|13/100
|
|upkeep
|turn|2
|
|t:|1756671697
|-end|p1a: Weezing|ability: Neutralizing Gas
|switch|p1a: Toedscruel|Toedscruel, L50, M|100/100
|move|p2a: Talonflame|Brave Bird|p1a: Toedscruel
|-supereffective|p1a: Toedscruel
|-damage|p1a: Toedscruel|0 fnt
|faint|p1a: Toedscruel
|-damage|p2a: Talonflame|33/100|[from] Recoil
|move|p2b: Ursaluna|Hyper Voice|p1b: Corviknight
|-resisted|p1b: Corviknight
|-damage|p1b: Corviknight|19/100
|-damage|p2b: Ursaluna|3/100|[from] item: Life Orb
|move|p1b: Corviknight|Tailwind|p1b: Corviknight
|-sidestart|p1: beeetch|move: Tailwind
|
|upkeep
|
|t:|1756671710
|switch|p1a: Garchomp|Garchomp, L50, M|100/100
|turn|3
|inactive|Battle timer is ON: inactive players will automatically lose when time's up. (requested by beeetch)
|
|t:|1756671745
|move|p1a: Garchomp|Protect|p1a: Garchomp
|-singleturn|p1a: Garchomp|Protect
|move|p1b: Corviknight|Protect|p1b: Corviknight
|-singleturn|p1b: Corviknight|Protect
|move|p2a: Talonflame|Will-O-Wisp|p1a: Garchomp
|-activate|p1a: Garchomp|move: Protect
|move|p2b: Ursaluna|Hyper Voice|p1a: Garchomp|[spread] 
|-activate|p1a: Garchomp|move: Protect
|-activate|p1b: Corviknight|move: Protect
|
|upkeep
|turn|4
|
|t:|1756671763
|move|p2a: Talonflame|Will-O-Wisp|p1a: Garchomp|[miss]
|-miss|p2a: Talonflame|p1a: Garchomp
|move|p1a: Garchomp|Earthquake|p2b: Ursaluna|[spread] p2b
|-immune|p1b: Corviknight
|-immune|p2a: Talonflame
|-damage|p2b: Ursaluna|0 fnt
|faint|p2b: Ursaluna
|-damage|p1a: Garchomp|91/100|[from] item: Life Orb
|move|p1b: Corviknight|Roost|p1b: Corviknight
|-heal|p1b: Corviknight|69/100
|-singleturn|p1b: Corviknight|move: Roost
|
|-sideend|p2: flubberbut|move: Tailwind
|upkeep
|
|t:|1756671776
|switch|p2b: Dragonite|Dragonite, L50, M|100/100
|turn|5
|
|t:|1756671790
|move|p1a: Garchomp|Dragon Claw|p2b: Dragonite
|-supereffective|p2b: Dragonite
|-damage|p2b: Dragonite|0 fnt
|faint|p2b: Dragonite
|-damage|p1a: Garchomp|81/100|[from] item: Life Orb
|move|p1b: Corviknight|Brave Bird|p2a: Talonflame
|-damage|p2a: Talonflame|0 fnt
|faint|p2a: Talonflame
|-damage|p1b: Corviknight|61/100|[from] Recoil
|
|-sideend|p1: beeetch|move: Tailwind
|upkeep
|
|t:|1756671794
|switch|p2b: Gholdengo|Gholdengo, L50|100/100
|turn|6
|
|t:|1756671804
|move|p1a: Garchomp|Earthquake|p2b: Gholdengo|[spread] p2b
|-immune|p1b: Corviknight
|-supereffective|p2b: Gholdengo
|-damage|p2b: Gholdengo|0 fnt
|faint|p2b: Gholdengo
|-damage|p1a: Garchomp|71/100|[from] item: Life Orb
|
|win|beeetch
