|j|☆Lego Darth Malgus
|j|☆fantasminha8
|html|Lego Darth Malgusfantasminha8    
|uhtml|bestof|Game 1 of a best-of-3
|t:|1756935319
|gametype|doubles
|player|p1|Lego Darth Malgus|102|1326
|player|p2|fantasminha8|170|1259
|gen|9
|tier|[Gen 9] VGC 2025 Reg H (Bo3)
|rated|
|rule|Species Clause: Limit one of each Pokémon
|rule|Item Clause: Limit 1 of each item
|clearpoke
|poke|p1|Kommo-o, L50, M|
|poke|p1|Tyranitar, L50, M|
|poke|p1|Excadrill, L50, M|
|poke|p1|Samurott-Hisui, L50, F|
|poke|p1|Rillaboom, L50, F|
|poke|p1|Volcarona, L50, M|
|poke|p2|Charizard, L50, M|
|poke|p2|Indeedee-F, L50, F|
|poke|p2|Exeggutor, L50, M|
|poke|p2|Torkoal, L50, M|
|poke|p2|Ursaluna, L50, M|
|poke|p2|Gallade, L50, M|
|teampreview|4
|showteam|p1|Kommo-o||GrassySeed|Overcoat|BodyPress,IronDefense,Protect,DragonPulse|||M|||50|,,,,,Fairy]Tyranitar||ChoiceScarf|SandStream|RockSlide,KnockOff,TeraBlast,LowKick|||M|||50|,,,,,Flying]Excadrill||FocusSash|SandRush|HighHorsepower,IronHead,RockSlide,Protect|||M|||50|,,,,,Ghost]Samurott-Hisui||AssaultVest|Sharpness|CeaselessEdge,RazorShell,SacredSword,SuckerPunch|||F|||50|,,,,,Ghost]Rillaboom||MiracleSeed|GrassySurge|FakeOut,DrumBeating,GrassyGlide,Taunt|||F|||50|,,,,,Water]Volcarona||SitrusBerry|FlameBody|QuiverDance,HeatWave,TeraBlast,Protect|||M|||50|,,,,,Fairy
|showteam|p2|Charizard||ChoiceScarf|SolarPower|HeatWave,SolarBeam,AirSlash,WeatherBall|||M|||50|,,,,,Fire]Indeedee-F||SafetyGoggles|PsychicSurge|FollowMe,HelpingHand,TrickRoom,AlluringVoice|||F|||50|,,,,,Fairy]Exeggutor||FocusSash|Chlorophyll|ExpandingForce,TrickRoom,EnergyBall,SleepPowder|||M|||50|,,,,,Psychic]Torkoal||EjectPack|Drought|Eruption,Overheat,Protect,ClearSmog|||M|||50|,,,,,Fire]Ursaluna||FlameOrb|Guts|Earthquake,Facade,Protect,HeadlongRush|||M|||50|,,,,,Ghost]Gallade||ClearAmulet|Sharpness|WideGuard,PsychoCut,SacredSword,TrickRoom|||M|||50|,,,,,Psychic
|inactive|Battle timer is ON: inactive players will automatically lose when time's up. (requested by Lego Darth Malgus)
|inactive|Lego Darth Malgus has 60 seconds left.
|inactive|fantasminha8 has 60 seconds left.
|
|t:|1756935382
|teamsize|p1|4
|teamsize|p2|4
|start
|switch|p1a: Tyranitar|Tyranitar, L50, M|100/100
|switch|p1b: Samurott|Samurott-Hisui, L50, F, shiny|100/100
|switch|p2a: Indeedee|Indeedee-F, L50, F|100/100
|switch|p2b: Gallade|Gallade, L50, M, shiny|100/100
|-weather|Sandstorm|[from] ability: Sand Stream|[of] p1a: Tyranitar
|-fieldstart|move: Psychic Terrain|[from] ability: Psychic Surge|[of] p2a: Indeedee
|turn|1
|
|t:|1756935400
|-terastallize|p2a: Indeedee|Fairy
|move|p2a: Indeedee|Follow Me|p2a: Indeedee
|-singleturn|p2a: Indeedee|move: Follow Me
|move|p1a: Tyranitar|Knock Off|p2a: Indeedee
|-resisted|p2a: Indeedee
|-damage|p2a: Indeedee|74/100
|-enditem|p2a: Indeedee|Safety Goggles|[from] move: Knock Off|[of] p1a: Tyranitar
|move|p1b: Samurott|Ceaseless Edge|p2a: Indeedee
|-resisted|p2a: Indeedee
|-damage|p2a: Indeedee|49/100
|-sidestart|p2: fantasminha8|Spikes
|move|p2b: Gallade|Sacred Sword|p1b: Samurott
|-supereffective|p1b: Samurott
|-damage|p1b: Samurott|0 fnt
|faint|p1b: Samurott
|
|-weather|Sandstorm|[upkeep]
|-damage|p2a: Indeedee|43/100|[from] Sandstorm
|-damage|p2b: Gallade|95/100|[from] Sandstorm
|upkeep
|
|t:|1756935409
|switch|p1b: Volcarona|Volcarona, L50, M, shiny|100/100
|turn|2
|
|t:|1756935419
|switch|p1a: Rillaboom|Rillaboom, L50, F, shiny|100/100
|-fieldstart|move: Grassy Terrain|[from] ability: Grassy Surge|[of] p1a: Rillaboom
|move|p1b: Volcarona|Quiver Dance|p1b: Volcarona
|-boost|p1b: Volcarona|spa|1
|-boost|p1b: Volcarona|spd|1
|-boost|p1b: Volcarona|spe|1
|move|p2b: Gallade|Psycho Cut|p1b: Volcarona
|-damage|p1b: Volcarona|33/100
|-enditem|p1b: Volcarona|Sitrus Berry|[eat]
|-heal|p1b: Volcarona|58/100|[from] item: Sitrus Berry
|move|p2a: Indeedee|Trick Room|p2a: Indeedee
|-fieldstart|move: Trick Room|[of] p2a: Indeedee
|
|-weather|Sandstorm|[upkeep]
|-damage|p2b: Gallade|89/100|[from] Sandstorm
|-damage|p2a: Indeedee|36/100|[from] Sandstorm
|-damage|p1a: Rillaboom|95/100|[from] Sandstorm
|-damage|p1b: Volcarona|53/100|[from] Sandstorm
|-heal|p2b: Gallade|95/100|[from] Grassy Terrain
|-heal|p2a: Indeedee|43/100|[from] Grassy Terrain
|-heal|p1a: Rillaboom|100/100|[from] Grassy Terrain
|-heal|p1b: Volcarona|58/100|[from] Grassy Terrain
|upkeep
|turn|3
|
|t:|1756935436
|switch|p2a: Torkoal|Torkoal, L50, M|100/100
|-damage|p2a: Torkoal|88/100|[from] Spikes
|-weather|SunnyDay|[from] ability: Drought|[of] p2a: Torkoal
|move|p1b: Volcarona|Protect|p1b: Volcarona
|-singleturn|p1b: Volcarona|Protect
|move|p2b: Gallade|Psycho Cut|p1a: Rillaboom
|-damage|p1a: Rillaboom|38/100
|move|p1a: Rillaboom|Taunt|p2a: Torkoal
|-start|p2a: Torkoal|move: Taunt
|
|-weather|SunnyDay|[upkeep]
|-heal|p2a: Torkoal|94/100|[from] Grassy Terrain
|-heal|p2b: Gallade|100/100|[from] Grassy Terrain
|-heal|p1a: Rillaboom|44/100|[from] Grassy Terrain
|-heal|p1b: Volcarona|64/100|[from] Grassy Terrain
|upkeep
|turn|4
|
|t:|1756935445
|switch|p1a: Tyranitar|Tyranitar, L50, M|100/100
|-weather|Sandstorm|[from] ability: Sand Stream|[of] p1a: Tyranitar
|-terastallize|p1b: Volcarona|Fairy
|move|p2a: Torkoal|Eruption|p1a: Tyranitar|[spread] p1a,p1b
|-resisted|p1a: Tyranitar
|-damage|p1a: Tyranitar|85/100
|-damage|p1b: Volcarona|37/100
|move|p2b: Gallade|Sacred Sword|p1a: Tyranitar
|-supereffective|p1a: Tyranitar
|-damage|p1a: Tyranitar|0 fnt
|faint|p1a: Tyranitar
|move|p1b: Volcarona|Heat Wave|p2a: Torkoal|[spread] p2a,p2b
|-resisted|p2a: Torkoal
|-damage|p2a: Torkoal|58/100
|-damage|p2b: Gallade|52/100
|
|-weather|Sandstorm|[upkeep]
|-damage|p2a: Torkoal|52/100|[from] Sandstorm
|-damage|p2b: Gallade|47/100|[from] Sandstorm
|-damage|p1b: Volcarona|31/100|[from] Sandstorm
|-heal|p2a: Torkoal|58/100|[from] Grassy Terrain
|-heal|p2b: Gallade|52/100|[from] Grassy Terrain
|-heal|p1b: Volcarona|37/100|[from] Grassy Terrain
|upkeep
|
|t:|1756935457
|switch|p1a: Rillaboom|Rillaboom, L50, F, shiny|44/100
|turn|5
|
|t:|1756935463
|switch|p2a: Indeedee|Indeedee-F, L50, F, tera:Fairy|43/100
|-damage|p2a: Indeedee|30/100|[from] Spikes
|-fieldstart|move: Psychic Terrain|[from] ability: Psychic Surge|[of] p2a: Indeedee
|move|p1a: Rillaboom|Fake Out|p2b: Gallade
|-activate|p2b: Gallade|move: Psychic Terrain
|move|p2b: Gallade|Psycho Cut|p1b: Volcarona
|-damage|p1b: Volcarona|0 fnt
|faint|p1b: Volcarona
|
|-weather|Sandstorm|[upkeep]
|-damage|p2b: Gallade|47/100|[from] Sandstorm
|-damage|p2a: Indeedee|24/100|[from] Sandstorm
|-damage|p1a: Rillaboom|38/100|[from] Sandstorm
|upkeep
|turn|6
|-message|Lego Darth Malgus forfeited.
|
|win|fantasminha8
||Lego Darth Malgus is ready for game 2.
||fantasminha8 is ready for game 2.
|uhtml|next|Next: Game 2 of 3
