|j|☆DilluVGC
|j|☆PikathyVGC
|html|DilluVGCPikathyVGC    
|uhtml|bestof|Game 1 of a best-of-3
|t:|1784741947
|gametype|doubles
|player|p1|DilluVGC|blaine|
|player|p2|PikathyVGC|169|
|gen|9
|tier|[Gen 9 Champions] VGC 2026 Reg M-B (Bo3)
|rule|Species Clause: Limit one of each Pokémon
|rule|Item Clause: Limit 1 of each item
|clearpoke
|poke|p1|Tyranitar, L50, F|
|poke|p1|Excadrill, L50, M|
|poke|p1|Milotic, L50, M|
|poke|p1|Gholdengo, L50|
|poke|p1|Sinistcha-Masterpiece, L50|
|poke|p1|Staraptor, L50, M|
|poke|p2|Basculegion, L50, M|
|poke|p2|Pelipper, L50, M|
|poke|p2|Archaludon, L50, M|
|poke|p2|Annihilape, L50, M|
|poke|p2|Gardevoir, L50, M|
|poke|p2|Maushold-Four, L50|
|teampreview|4
|showteam|p1|Tyranitar||Tyranitarite|SandStream|KnockOff,RockSlide,HighHorsepower,Protect|Jolly||F|||50|]Excadrill||FocusSash|SandRush|Earthquake,IronHead,RockSlide,Protect|Jolly||M|||50|]Milotic||SitrusBerry|Competitive|Scald,IcyWind,Haze,Protect|Calm||M|||50|]Gholdengo||LifeOrb|GoodasGold|MakeItRain,ShadowBall,NastyPlot,Protect|Modest|||||50|]Sinistcha-Masterpiece||ColburBerry|Hospitality|MatchaGotcha,ShadowBall,Protect,RagePowder|Bold|||||50|]Staraptor||Staraptite|Intimidate|CloseCombat,BraveBird,Tailwind,Protect|Jolly||M|||50|
|showteam|p2|Basculegion||ChoiceScarf|Adaptability|LastRespects,FlipTurn,WaveCrash,AquaJet|Jolly||M|||50|]Pelipper||SitrusBerry|Drizzle|Hurricane,WeatherBall,Protect,Tailwind|Bold||M|||50|]Archaludon||Leftovers|Stamina|DragonPulse,FlashCannon,ElectroShot,Protect|Modest||M|||50|]Annihilape||FocusSash|Defiant|PhantomForce,CloseCombat,Protect,RockTomb|Adamant||M|||50|]Gardevoir||Gardevoirite|Trace|Psychic,HyperVoice,Protect,VacuumWave|Timid||M|||50|]Maushold-Four||WideLens|Technician|PopulationBomb,FollowMe,Protect,Feint|Jolly|||||50|
|
|t:|1784741980
|teamsize|p1|4
|teamsize|p2|4
|start
|switch|p1a: Notorious T|Tyranitar, L50, F|100/100
|switch|p1b: Aftermath|Gholdengo, L50|100/100
|switch|p2a: Maushold|Maushold-Four, L50|100/100
|switch|p2b: Pelipper|Pelipper, L50, M|100/100
|-weather|Sandstorm|[from] ability: Sand Stream|[of] p1a: Notorious T
|-weather|RainDance|[from] ability: Drizzle|[of] p2b: Pelipper
|turn|1
|c|☆DilluVGC|glhf!
|
|t:|1784742022
|detailschange|p1a: Notorious T|Tyranitar-Mega, L50, F
|-mega|p1a: Notorious T|Tyranitar|Tyranitarite
|-weather|Sandstorm|[from] ability: Sand Stream|[of] p1a: Notorious T
|move|p2a: Maushold|Population Bomb|p1a: Notorious T
|-resisted|p1a: Notorious T|1
|-damage|p1a: Notorious T|95/100
|-resisted|p1a: Notorious T|1
|-damage|p1a: Notorious T|92/100
|-resisted|p1a: Notorious T|1
|-damage|p1a: Notorious T|89/100
|-resisted|p1a: Notorious T|1
|-damage|p1a: Notorious T|86/100
|-resisted|p1a: Notorious T|1
|-damage|p1a: Notorious T|82/100
|-resisted|p1a: Notorious T|1
|-damage|p1a: Notorious T|79/100
|-resisted|p1a: Notorious T|1
|-damage|p1a: Notorious T|76/100
|-resisted|p1a: Notorious T|1
|-damage|p1a: Notorious T|72/100
|-resisted|p1a: Notorious T|1
|-damage|p1a: Notorious T|69/100
|-resisted|p1a: Notorious T|1
|-damage|p1a: Notorious T|66/100
|-hitcount|p1a: Notorious T|10
|move|p1a: Notorious T|Rock Slide|p2a: Maushold|[spread] p2a,p2b
|-supereffective|p2b: Pelipper|1
|-damage|p2a: Maushold|48/100
|-damage|p2b: Pelipper|37/100
|-enditem|p2b: Pelipper|Sitrus Berry|[eat]
|-heal|p2b: Pelipper|62/100|[from] item: Sitrus Berry
|move|p1b: Aftermath|Nasty Plot|p1b: Aftermath
|-boost|p1b: Aftermath|spa|2
|move|p2b: Pelipper|Weather Ball|p1a: Notorious T
|-damage|p1a: Notorious T|54/100
|
|-weather|Sandstorm|[upkeep]
|-damage|p2a: Maushold|42/100|[from] Sandstorm
|-damage|p2b: Pelipper|56/100|[from] Sandstorm
|upkeep
|turn|2
|
|t:|1784742073
|switch|p1a: Rap-Turn'al|Staraptor, L50, M|100/100
|-ability|p1a: Rap-Turn'al|Intimidate|boost
|-unboost|p2a: Maushold|atk|1
|-unboost|p2b: Pelipper|atk|1
|switch|p2b: Gardevoir|Gardevoir, L50, M|100/100
|-ability|p2b: Gardevoir|Intimidate|Trace|[from] ability: Trace|[of] p1a: Rap-Turn'al
|-ability|p2b: Gardevoir|Intimidate|boost
|-unboost|p1a: Rap-Turn'al|atk|1
|-unboost|p1b: Aftermath|atk|1
|move|p2a: Maushold|Population Bomb|p1a: Rap-Turn'al
|-damage|p1a: Rap-Turn'al|89/100
|-damage|p1a: Rap-Turn'al|79/100
|-damage|p1a: Rap-Turn'al|68/100
|-damage|p1a: Rap-Turn'al|58/100
|-hitcount|p1a: Rap-Turn'al|4
|move|p1b: Aftermath|Shadow Ball|p2b: Gardevoir
|-supereffective|p2b: Gardevoir|1
|-damage|p2b: Gardevoir|0 fnt
|faint|p2b: Gardevoir
|-damage|p1b: Aftermath|90/100|[from] item: Life Orb
|
|-weather|Sandstorm|[upkeep]
|-damage|p2a: Maushold|36/100|[from] Sandstorm
|-damage|p1a: Rap-Turn'al|52/100|[from] Sandstorm
|upkeep
|
|t:|1784742096
|switch|p2b: Archaludon|Archaludon, L50, M|100/100
|turn|3
|
|t:|1784742126
|switch|p2a: Pelipper|Pelipper, L50, M|56/100
|-weather|RainDance|[from] ability: Drizzle|[of] p2a: Pelipper
|move|p1a: Rap-Turn'al|Protect|p1a: Rap-Turn'al
|-singleturn|p1a: Rap-Turn'al|Protect
|move|p1b: Aftermath|Protect|p1b: Aftermath
|-singleturn|p1b: Aftermath|Protect
|move|p2b: Archaludon|Electro Shot||[still]
|-prepare|p2b: Archaludon|Electro Shot
|-boost|p2b: Archaludon|spa|1
|-anim|p2b: Archaludon|Electro Shot|p1a: Rap-Turn'al
|-activate|p1a: Rap-Turn'al|move: Protect
|
|-weather|RainDance|[upkeep]
|upkeep
|turn|4
|
|t:|1784742169
|switch|p1a: Notorious T|Tyranitar-Mega, L50, F|54/100
|-weather|Sandstorm|[from] ability: Sand Stream|[of] p1a: Notorious T
|move|p1b: Aftermath|Shadow Ball|p2b: Archaludon
|-damage|p2b: Archaludon|0 fnt
|faint|p2b: Archaludon
|-damage|p1b: Aftermath|80/100|[from] item: Life Orb
|move|p2a: Pelipper|Tailwind|p2a: Pelipper
|-sidestart|p2: PikathyVGC|move: Tailwind
|
|-weather|Sandstorm|[upkeep]
|-damage|p2a: Pelipper|50/100g|[from] Sandstorm
|upkeep
|
|t:|1784742182
|switch|p2b: Maushold|Maushold-Four, L50|36/100
|turn|5
|
|t:|1784742208
|switch|p1a: Rap-Turn'al|Staraptor, L50, M|52/100
|-ability|p1a: Rap-Turn'al|Intimidate|boost
|-unboost|p2a: Pelipper|atk|1
|-unboost|p2b: Maushold|atk|1
|move|p2b: Maushold|Population Bomb|p1a: Rap-Turn'al
|-damage|p1a: Rap-Turn'al|43/100
|-damage|p1a: Rap-Turn'al|33/100
|-damage|p1a: Rap-Turn'al|22/100
|-damage|p1a: Rap-Turn'al|13/100
|-damage|p1a: Rap-Turn'al|3/100
|-damage|p1a: Rap-Turn'al|0 fnt
|faint|p1a: Rap-Turn'al
|-hitcount|p1: Rap-Turn'al|6
|move|p2a: Pelipper|Weather Ball|p1b: Aftermath
|-resisted|p1b: Aftermath|1
|-damage|p1b: Aftermath|70/100
|move|p1b: Aftermath|Shadow Ball|p2a: Pelipper
|-damage|p2a: Pelipper|0 fnt
|faint|p2a: Pelipper
|-damage|p1b: Aftermath|61/100|[from] item: Life Orb
|
|-weather|Sandstorm|[upkeep]
|-damage|p2b: Maushold|30/100|[from] Sandstorm
|upkeep
|
|t:|1784742231
|switch|p1a: Missy Eeliott|Milotic, L50, M|100/100
|turn|6
|
|t:|1784742239
|move|p2b: Maushold|Population Bomb|p1a: Missy Eeliott
|-damage|p1a: Missy Eeliott|92/100
|-damage|p1a: Missy Eeliott|84/100
|-damage|p1a: Missy Eeliott|76/100
|-damage|p1a: Missy Eeliott|69/100
|-damage|p1a: Missy Eeliott|61/100
|-damage|p1a: Missy Eeliott|53/100
|-crit|p1a: Missy Eeliott
|-damage|p1a: Missy Eeliott|34/100
|-enditem|p1a: Missy Eeliott|Sitrus Berry|[eat]
|-heal|p1a: Missy Eeliott|59/100|[from] item: Sitrus Berry
|-damage|p1a: Missy Eeliott|51/100
|-damage|p1a: Missy Eeliott|43/100
|-damage|p1a: Missy Eeliott|36/100
|-hitcount|p1a: Missy Eeliott|10
|move|p1a: Missy Eeliott|Scald|p2b: Maushold
|-damage|p2b: Maushold|0 fnt
|faint|p2b: Maushold
|
|win|DilluVGC
|inactive|DilluVGC has 30 seconds to confirm battle start!
|inactive|PikathyVGC has 30 seconds to confirm battle start!
|inactive|DilluVGC has 20 seconds to confirm battle start!
|inactive|PikathyVGC has 20 seconds to confirm battle start!
||DilluVGC is ready for game 2.
||PikathyVGC is ready for game 2.
|uhtml|next|Next: Game 2 of 3
|l|☆DilluVGC
|player|p1|
|j|☆DilluVGC
|player|p1|DilluVGC|blaine|
