|j|☆lethimcook26
|j|☆MrParcheggio
|html|lethimcook26MrParcheggio    
|uhtml|bestof|Game 1 of a best-of-3
|t:|1783601527
|gametype|doubles
|player|p1|lethimcook26|266|1100
|player|p2|MrParcheggio|koga|1066
|gen|9
|tier|[Gen 9 Champions] VGC 2026 Reg M-B (Bo3)
|rated|
|rule|Species Clause: Limit one of each Pokémon
|rule|Item Clause: Limit 1 of each item
|clearpoke
|poke|p1|Ninetales-Alola, L50, F|
|poke|p1|Empoleon, L50, M|
|poke|p1|Bastiodon, L50, M|
|poke|p1|Medicham, L50, M|
|poke|p1|Tyranitar, L50, F|
|poke|p1|Dragonite, L50, F|
|poke|p2|Pelipper, L50, F|
|poke|p2|Scizor, L50, M|
|poke|p2|Archaludon, L50, M|
|poke|p2|Basculegion, L50, M|
|poke|p2|Sceptile, L50, F, shiny|
|poke|p2|Hawlucha, L50, F|
|teampreview|4
|showteam|p1|Ninetales-Alola||LightClay|SnowWarning|AuroraVeil,Blizzard,WeatherBall,FreezeDry|Modest||F|||50|]Empoleon||ChopleBerry|Competitive|ChillingWater,WeatherBall,Yawn,AirSlash|Modest||M|||50|]Bastiodon||Leftovers|Sturdy|BodyPress,IronDefense,MetalBurst,WideGuard|Sassy||M|||50|]Medicham||Medichamite|PurePower|FakeOut,QuickGuard,RockTomb,CloseCombat|Adamant||M|||50|]Tyranitar||FocusSash|SandStream|ThunderPunch,RockSlide,Protect,ThunderWave|Adamant||F|||50|]Dragonite||LumBerry|Multiscale|DragonDance,Roost,AerialAce,StompingTantrum|Adamant||F|||50|
|showteam|p2|Pelipper||FocusSash|Drizzle|Tailwind,HydroPump,Uturn,WeatherBall|Modest||F|||50|]Scizor||OccaBerry|Technician|BugBite,BulletPunch,Protect,SwordsDance|Adamant||M|||50|]Archaludon||ZoomLens|Stalwart|ElectroShot,DracoMeteor,FlashCannon,Protect|Timid||M|||50|]Basculegion||ChoiceScarf|SwiftSwim|FlipTurn,LastRespects,WaveCrash,IceFang|Adamant||M|||50|]Sceptile||Sceptilite|Unburden|EnergyBall,EarthPower,LeechSeed,Protect|Timid||F|||50|]Hawlucha||Hawluchanite|MoldBreaker|BraveBird,CloseCombat,Detect,SwordsDance|Jolly||F|||50|
|
|t:|1783601615
|teamsize|p1|4
|teamsize|p2|4
|start
|switch|p1a: Medicham|Medicham, L50, M|100/100
|switch|p1b: Dragonite|Dragonite, L50, F|100/100
|switch|p2a: Pelipper|Pelipper, L50, F|100/100
|switch|p2b: Scizor|Scizor, L50, M|100/100
|-weather|RainDance|[from] ability: Drizzle|[of] p2a: Pelipper
|turn|1
|
|t:|1783601655
|detailschange|p1a: Medicham|Medicham-Mega, L50, M
|-mega|p1a: Medicham|Medicham|Medichamite
|move|p2b: Scizor|Bullet Punch|p1a: Medicham
|-damage|p1a: Medicham|43/100
|move|p1a: Medicham|Rock Tomb|p2a: Pelipper
|-supereffective|p2a: Pelipper|1
|-damage|p2a: Pelipper|23/100
|-unboost|p2a: Pelipper|spe|1
|move|p1b: Dragonite|Dragon Dance|p1b: Dragonite
|-boost|p1b: Dragonite|atk|1
|-boost|p1b: Dragonite|spe|1
|move|p2a: Pelipper|Weather Ball|p1a: Medicham
|-damage|p1a: Medicham|0 fnt
|faint|p1a: Medicham
|
|-weather|RainDance|[upkeep]
|upkeep
|
|t:|1783601669
|switch|p1a: Tyranitar|Tyranitar, L50, F|100/100
|-weather|Sandstorm|[from] ability: Sand Stream|[of] p1a: Tyranitar
|turn|2
|
|t:|1783601694
|switch|p2a: Sceptile|Sceptile, L50, F, shiny|100/100
|move|p1b: Dragonite|Dragon Dance|p1b: Dragonite
|-boost|p1b: Dragonite|atk|1
|-boost|p1b: Dragonite|spe|1
|move|p1a: Tyranitar|Rock Slide|p2a: Sceptile|[spread] p2a,p2b
|-crit|p2a: Sceptile
|-damage|p2a: Sceptile|32/100
|-damage|p2b: Scizor|63/100
|move|p2b: Scizor|Swords Dance|p2b: Scizor
|-boost|p2b: Scizor|atk|2
|
|-weather|Sandstorm|[upkeep]
|-damage|p1b: Dragonite|94/100|[from] Sandstorm
|-damage|p2a: Sceptile|25/100|[from] Sandstorm
|upkeep
|turn|3
|
|t:|1783601743
|move|p1b: Dragonite|Aerial Ace|p2b: Scizor
|-damage|p2b: Scizor|0 fnt
|faint|p2b: Scizor
|move|p2a: Sceptile|Energy Ball|p1a: Tyranitar
|-supereffective|p1a: Tyranitar|1
|-damage|p1a: Tyranitar|55/100
|move|p1a: Tyranitar|Rock Slide|p2a: Sceptile
|-damage|p2a: Sceptile|0 fnt
|faint|p2a: Sceptile
|
|-weather|Sandstorm|[upkeep]
|-damage|p1b: Dragonite|88/100|[from] Sandstorm
|upkeep
|
|t:|1783601750
|switch|p2a: Pelipper|Pelipper, L50, F|23/100
|switch|p2b: Basculegion|Basculegion, L50, M|100/100
|-weather|RainDance|[from] ability: Drizzle|[of] p2a: Pelipper
|turn|4
|
|t:|1783601782
|move|p2b: Basculegion|Ice Fang|p1b: Dragonite
|-supereffective|p1b: Dragonite|2
|-damage|p1b: Dragonite|0 fnt
|faint|p1b: Dragonite
|move|p1a: Tyranitar|Rock Slide|p2a: Pelipper|[spread] p2a,p2b
|-supereffective|p2a: Pelipper|1
|-damage|p2a: Pelipper|0 fnt
|-damage|p2b: Basculegion|58/100
|faint|p2a: Pelipper
|
|-weather|RainDance|[upkeep]
|upkeep
|
|t:|1783601791
|switch|p1b: Bastiodon|Bastiodon, L50, M|100/100
|turn|5
|
|t:|1783601800
|move|p2b: Basculegion|Ice Fang|p1a: Tyranitar
|-damage|p1a: Tyranitar|35/100
|move|p1a: Tyranitar|Thunder Punch|p2b: Basculegion
|-supereffective|p2b: Basculegion|1
|-damage|p2b: Basculegion|0 fnt
|faint|p2b: Basculegion
|
|win|lethimcook26
||MrParcheggio is ready for game 2.
||lethimcook26 is ready for game 2.
|uhtml|next|Next: Game 2 of 3
|l|☆MrParcheggio
|player|p2|
