|j|☆cheesebiscuit12
|j|☆iateabagel
|html|cheesebiscuit12iateabagel    
|uhtml|bestof|Game 1 of a best-of-3
|t:|1785766236
|gametype|doubles
|player|p1|cheesebiscuit12|101|
|player|p2|iateabagel|266|
|gen|9
|tier|[Gen 9 Champions] VGC 2026 Reg M-B (Bo3)
|rule|Species Clause: Limit one of each Pokémon
|rule|Item Clause: Limit 1 of each item
|clearpoke
|poke|p1|Gardevoir, L50, F|
|poke|p1|Metagross, L50|
|poke|p1|Whimsicott, L50, F|
|poke|p1|Sableye, L50, F|
|poke|p1|Azumarill, L50, F|
|poke|p1|Arcanine, L50, F|
|poke|p2|Froslass, L50, F|
|poke|p2|Abomasnow, L50, M, shiny|
|poke|p2|Liepard, L50, F, shiny|
|poke|p2|Appletun, L50, F, shiny|
|poke|p2|Maushold-Four, L50|
|poke|p2|Altaria, L50, F, shiny|
|teampreview|4
|showteam|p1|Gardevoir||Gardevoirite|Telepathy|HyperVoice,Protect,Psyshock,CalmMind|Timid||F|||50|]Metagross||ExpertBelt|ClearBody|IronHead,IcePunch,Earthquake,PsychicFangs|Adamant|||||50|]Whimsicott||FocusSash|Prankster|Protect,Moonblast,Tailwind,SunnyDay|Relaxed||F|||50|]Sableye||Sablenite|Prankster|FoulPlay,Taunt,SuckerPunch,LightScreen|Careful||F|||50|]Azumarill||SitrusBerry|HugePower|BellyDrum,PlayRough,Liquidation,AquaJet|Adamant||F|||50|]Arcanine||Leftovers|Intimidate|ExtremeSpeed,WildCharge,FlareBlitz,MorningSun|Jolly||F|||50|
|showteam|p2|Froslass||Froslassite|SnowCloak|Blizzard,ShadowBall,Protect,DrainingKiss|Modest||F|||50|]Abomasnow||SitrusBerry|SnowWarning|Earthquake,IceShard,SeedBomb,Protect|Adamant||M|||50|]Liepard||RoseliBerry|Prankster|FakeOut,KnockOff,Taunt,FakeTears|Adamant||F|||50|]Appletun||WhiteHerb|ThickFat|AppleAcid,DracoMeteor,GigaDrain,Protect|Modest||F|||50|]Maushold-Four||ChopleBerry|FriendGuard|ThunderWave,FollowMe,Protect,SuperFang|Timid|||||50|]Altaria||Altarianite|NaturalCure|DoubleEdge,Roost,DragonClaw,Tailwind|Adamant||F|||50|
|c|☆iateabagel|wait okay hold on
|c|☆cheesebiscuit12|Ok
|c|☆cheesebiscuit12|U there??
|
|t:|1785766508
|teamsize|p1|4
|teamsize|p2|4
|start
|switch|p1a: Xi Jinping|Whimsicott, L50, F|100/100
|switch|p1b: Benjamin Netanyahu|Sableye, L50, F|100/100
|switch|p2a: Froslass|Froslass, L50, F|100/100
|switch|p2b: Abomasnow|Abomasnow, L50, M, shiny|100/100
|-weather|Snowscape|[from] ability: Snow Warning|[of] p2b: Abomasnow
|turn|1
|
|t:|1785766550
|move|p1a: Xi Jinping|Sunny Day|p1a: Xi Jinping
|-weather|SunnyDay
|move|p2b: Abomasnow|Ice Shard|p1b: Benjamin Netanyahu
|-damage|p1b: Benjamin Netanyahu|77/100
|move|p1b: Benjamin Netanyahu|Light Screen|p1b: Benjamin Netanyahu
|-sidestart|p1: cheesebiscuit12|move: Light Screen
|move|p2a: Froslass|Blizzard|p1a: Xi Jinping|[spread] p1a,p1b
|-supereffective|p1a: Xi Jinping|1
|-damage|p1a: Xi Jinping|42/100
|-damage|p1b: Benjamin Netanyahu|54/100
|
|-weather|SunnyDay|[upkeep]
|upkeep
|turn|2
|
|t:|1785766631
|move|p1a: Xi Jinping|Tailwind|p1a: Xi Jinping
|-sidestart|p1: cheesebiscuit12|move: Tailwind
|move|p2b: Abomasnow|Ice Shard|p1a: Xi Jinping
|-supereffective|p1a: Xi Jinping|1
|-crit|p1a: Xi Jinping
|-damage|p1a: Xi Jinping|0 fnt
|faint|p1a: Xi Jinping
|move|p2a: Froslass|Draining Kiss|p1b: Benjamin Netanyahu
|-supereffective|p1b: Benjamin Netanyahu|1
|-damage|p1b: Benjamin Netanyahu|33/100
|move|p1b: Benjamin Netanyahu|Foul Play|p2a: Froslass
|-supereffective|p2a: Froslass|1
|-damage|p2a: Froslass|27/100
|
|-weather|SunnyDay|[upkeep]
|upkeep
|
|t:|1785766649
|switch|p1a: Imelda Marcos|Gardevoir, L50, F|100/100
|turn|3
|
|t:|1785766723
|detailschange|p1a: Imelda Marcos|Gardevoir-Mega, L50, F
|-mega|p1a: Imelda Marcos|Gardevoir|Gardevoirite
|detailschange|p2a: Froslass|Froslass-Mega, L50, F
|-mega|p2a: Froslass|Froslass|Froslassite
|-weather|Snowscape|[from] ability: Snow Warning|[of] p2a: Froslass
|move|p1b: Benjamin Netanyahu|Sucker Punch|p2a: Froslass
|-supereffective|p2a: Froslass|1
|-damage|p2a: Froslass|0 fnt
|faint|p2a: Froslass
|move|p1a: Imelda Marcos|Hyper Voice|p2b: Abomasnow
|-damage|p2b: Abomasnow|31/100
|-enditem|p2b: Abomasnow|Sitrus Berry|[eat]
|-heal|p2b: Abomasnow|56/100|[from] item: Sitrus Berry
|move|p2b: Abomasnow|Seed Bomb|p1b: Benjamin Netanyahu
|-damage|p1b: Benjamin Netanyahu|0 fnt
|faint|p1b: Benjamin Netanyahu
|
|-weather|Snowscape|[upkeep]
|upkeep
|c|☆iateabagel|ZANE
|c|☆iateabagel|SOMEONE IS HERE
|c|☆iateabagel|GIVE ME 5
|
|t:|1785766824
|switch|p2a: Altaria|Altaria, L50, F, shiny|100/100
|switch|p1b: Arcanine|Arcanine, L50, F|100/100
|-ability|p1b: Arcanine|Intimidate|boost
|-unboost|p2a: Altaria|atk|1
|-unboost|p2b: Abomasnow|atk|1
|turn|4
|c|☆cheesebiscuit12|Oh okkk
|
|t:|1785766922
|move|p2b: Abomasnow|Protect|p2b: Abomasnow
|-singleturn|p2b: Abomasnow|Protect
|move|p1b: Arcanine|Flare Blitz|p2b: Abomasnow
|-activate|p2b: Abomasnow|move: Protect
|move|p1a: Imelda Marcos|Hyper Voice|p2b: Abomasnow|[spread] p2a
|-activate|p2b: Abomasnow|move: Protect
|-supereffective|p2a: Altaria|1
|-damage|p2a: Altaria|0 fnt
|faint|p2a: Altaria
|
|-weather|Snowscape|[upkeep]
|upkeep
|
|t:|1785766943
|switch|p2a: Appletun|Appletun, L50, F, shiny|100/100
|turn|5
|
|t:|1785766982
|move|p2a: Appletun|Protect|p2a: Appletun
|-singleturn|p2a: Appletun|Protect
|move|p1b: Arcanine|Flare Blitz|p2b: Abomasnow
|-supereffective|p2b: Abomasnow|2
|-damage|p2b: Abomasnow|0 fnt
|faint|p2b: Abomasnow
|-damage|p1b: Arcanine|77/100|[from] Recoil
|move|p1a: Imelda Marcos|Hyper Voice|p2a: Appletun
|-activate|p2a: Appletun|move: Protect
|
|-weather|Snowscape|[upkeep]
|-heal|p1b: Arcanine|83/100|[from] item: Leftovers
|-sideend|p1: cheesebiscuit12|move: Light Screen
|-sideend|p1: cheesebiscuit12|move: Tailwind
|upkeep
|turn|6
|
|t:|1785767032
|move|p1b: Arcanine|Extreme Speed|p2a: Appletun
|-damage|p2a: Appletun|71/100
|move|p1a: Imelda Marcos|Hyper Voice|p2a: Appletun
|-supereffective|p2a: Appletun|1
|-damage|p2a: Appletun|0 fnt
|faint|p2a: Appletun
|
|win|cheesebiscuit12
|inactive|cheesebiscuit12 has 30 seconds to confirm battle start!
|inactive|iateabagel has 30 seconds to confirm battle start!
||cheesebiscuit12 is ready for game 2.
|inactive|iateabagel has 20 seconds to confirm battle start!
|inactive|iateabagel has 10 seconds to confirm battle start!
||iateabagel is ready for game 2.
|uhtml|next|Next: Game 2 of 3
