|j|☆artyowls
|j|☆kontstomper
|html|artyowlskontstomper    
|uhtml|bestof|Game 1 of a best-of-3
|t:|1756838260
|gametype|doubles
|player|p1|artyowls|plasmagrunt|1084
|player|p2|kontstomper|169|1037
|gen|9
|tier|[Gen 9] VGC 2025 Reg H (Bo3)
|rated|
|rule|Species Clause: Limit one of each Pokémon
|rule|Item Clause: Limit 1 of each item
|clearpoke
|poke|p1|Gholdengo, L50|
|poke|p1|Sneasler, L50, M|
|poke|p1|Whimsicott, L50, M|
|poke|p1|Kingambit, L50, F|
|poke|p1|Rillaboom, L50, M|
|poke|p1|Volcarona, L50, F|
|poke|p2|Tyranitar, L50, F|
|poke|p2|Corviknight, L50, F|
|poke|p2|Excadrill, L50, M|
|poke|p2|Rotom-Wash, L50|
|poke|p2|Sneasler, L50, F|
|poke|p2|Indeedee-F, L50, F|
|teampreview|4
|showteam|p1|Gholdengo||LifeOrb|GoodasGold|MakeItRain,ShadowBall,Protect,NastyPlot||||||50|,,,,,Fairy]Sneasler||FocusSash|Unburden|CloseCombat,DireClaw,Protect,FakeOut|||M|||50|,,,,,Dark]Whimsicott||CovertCloak|Prankster|Tailwind,Encore,Moonblast,Taunt|||M|||50|,,,,,Water]Kingambit||BlackGlasses|Defiant|SuckerPunch,KowtowCleave,Protect,SwordsDance|||F|||50|,,,,,Dark]Rillaboom||AssaultVest|GrassySurge|GrassyGlide,FakeOut,WoodHammer,HighHorsepower|||M|||50|,,,,,Fire]Volcarona||RockyHelmet|FlameBody|StruggleBug,RagePowder,FieryDance,WillOWisp|||F|||50|,,,,,Water
|showteam|p2|Tyranitar||AssaultVest|SandStream|RockSlide,KnockOff,IcyWind,DragonTail|||F|||50|,,,,,Flying]Corviknight||RockyHelmet|MirrorArmor|Tailwind,BraveBird,BodyPress,Roost|||F|||50|,,,,,Dragon]Excadrill||LifeOrb|SandRush|SwordsDance,Protect,Earthquake,IronHead|||M|||50|,,,,,Ghost]Rotom-Wash||ChoiceSpecs|Levitate|Trick,VoltSwitch,Thunderbolt,HydroPump||||||50|,,,,,Grass]Sneasler||PsychicSeed|Unburden|Protect,CloseCombat,DireClaw,ShadowClaw|||F|||50|,,,,,Dark]Indeedee-F||MentalHerb|PsychicSurge|Protect,TrickRoom,Psychic,FollowMe|||F|||50|,,,,,Psychic
|inactive|Battle timer is ON: inactive players will automatically lose when time's up. (requested by kontstomper)
|
|t:|1756838313
|teamsize|p1|4
|teamsize|p2|4
|start
|switch|p1a: Whimsicott|Whimsicott, L50, M|100/100
|switch|p1b: Sneasler|Sneasler, L50, M|100/100
|switch|p2a: Corviknight|Corviknight, L50, F|100/100
|switch|p2b: Sneasler|Sneasler, L50, F|100/100
|turn|1
|inactive|artyowls has 30 seconds left.
|inactive|kontstomper has 30 seconds left.
|inactive|artyowls has 20 seconds left.
|inactive|kontstomper has 20 seconds left.
|
|t:|1756838352
|move|p1b: Sneasler|Fake Out|p2b: Sneasler
|-damage|p2b: Sneasler|74/100
|move|p1a: Whimsicott|Taunt|p2a: Corviknight
|-start|p2a: Corviknight|move: Taunt
|cant|p2b: Sneasler|flinch
|move|p2a: Corviknight|Body Press|p1b: Sneasler
|-resisted|p1b: Sneasler
|-damage|p1b: Sneasler|81/100
|
|upkeep
|turn|2
|inactive|artyowls has 30 seconds left.
|
|t:|1756838385
|move|p1a: Whimsicott|Tailwind|p1a: Whimsicott
|-sidestart|p1: artyowls|move: Tailwind
|move|p1b: Sneasler|Dire Claw|p2b: Sneasler
|-resisted|p2b: Sneasler
|-damage|p2b: Sneasler|35/100
|move|p2b: Sneasler|Dire Claw|p1a: Whimsicott
|-supereffective|p1a: Whimsicott
|-damage|p1a: Whimsicott|0 fnt
|faint|p1a: Whimsicott
|move|p2a: Corviknight|Brave Bird|p1b: Sneasler
|-supereffective|p1b: Sneasler
|-damage|p1b: Sneasler|0 fnt
|faint|p1b: Sneasler
|-damage|p2a: Corviknight|80/100|[from] Recoil
|
|upkeep
|
|t:|1756838398
|switch|p1b: Kingambit|Kingambit, L50, F|100/100
|switch|p1a: Rillaboom|Rillaboom, L50, M|100/100
|-fieldstart|move: Grassy Terrain|[from] ability: Grassy Surge|[of] p1a: Rillaboom
|turn|3
|inactive|artyowls has 30 seconds left.
|
|t:|1756838427
|-terastallize|p1a: Rillaboom|Fire
|move|p2b: Sneasler|Protect|p2b: Sneasler
|-singleturn|p2b: Sneasler|Protect
|move|p1a: Rillaboom|Fake Out|p2b: Sneasler
|-activate|p2b: Sneasler|move: Protect
|move|p1b: Kingambit|Swords Dance|p1b: Kingambit
|-boost|p1b: Kingambit|atk|2
|move|p2a: Corviknight|Brave Bird|p1a: Rillaboom
|-damage|p1a: Rillaboom|66/100
|-damage|p2a: Corviknight|68/100|[from] Recoil
|
|-heal|p1a: Rillaboom|72/100|[from] Grassy Terrain
|-heal|p2b: Sneasler|41/100|[from] Grassy Terrain
|-end|p2a: Corviknight|move: Taunt
|upkeep
|turn|4
|inactive|artyowls has 30 seconds left.
|inactive|artyowls has 20 seconds left.
|inactive|artyowls has 15 seconds left.
|inactive|artyowls has 10 seconds left.
|
|t:|1756838474
|move|p1b: Kingambit|Sucker Punch|p2b: Sneasler
|-resisted|p2b: Sneasler
|-damage|p2b: Sneasler|0 fnt
|faint|p2b: Sneasler
|move|p1a: Rillaboom|Wood Hammer|p2a: Corviknight
|-resisted|p2a: Corviknight
|-damage|p2a: Corviknight|54/100
|-damage|p1a: Rillaboom|55/100|[from] item: Rocky Helmet|[of] p2a: Corviknight
|-damage|p1a: Rillaboom|51/100|[from] Recoil
|move|p2a: Corviknight|Body Press|p1b: Kingambit
|-supereffective|p1b: Kingambit
|-crit|p1b: Kingambit
|-damage|p1b: Kingambit|0 fnt
|faint|p1b: Kingambit
|
|-heal|p1a: Rillaboom|57/100|[from] Grassy Terrain
|upkeep
|
|t:|1756838489
|switch|p2b: Indeedee|Indeedee-F, L50, F|100/100
|-fieldstart|move: Psychic Terrain|[from] ability: Psychic Surge|[of] p2b: Indeedee
|turn|5
|
|t:|1756838507
|-terastallize|p2b: Indeedee|Psychic
|move|p1a: Rillaboom|Wood Hammer|p2b: Indeedee
|-damage|p2b: Indeedee|36/100
|-damage|p1a: Rillaboom|38/100|[from] Recoil
|move|p2a: Corviknight|Brave Bird|p1a: Rillaboom
|-damage|p1a: Rillaboom|5/100
|-damage|p2a: Corviknight|43/100|[from] Recoil
|move|p2b: Indeedee|Psychic|p1a: Rillaboom
|-damage|p1a: Rillaboom|0 fnt
|faint|p1a: Rillaboom
|
|win|kontstomper
||artyowls is ready for game 2.
||kontstomper is ready for game 2.
|uhtml|next|Next: Game 2 of 3
