|j|☆trickroom meta
|j|☆GS Barnabe
|html|trickroom metaGS Barnabe    
|uhtml|bestof|Game 1 of a best-of-3
|t:|1786150893
|gametype|doubles
|player|p1|trickroom meta|169|1082
|player|p2|GS Barnabe|2|1179
|gen|9
|tier|[Gen 9 Champions] VGC 2026 Reg M-B (Bo3)
|rated|
|rule|Species Clause: Limit one of each Pokémon
|rule|Item Clause: Limit 1 of each item
|clearpoke
|poke|p1|Talonflame, L50, F|
|poke|p1|Gholdengo, L50|
|poke|p1|Excadrill, L50, F|
|poke|p1|Tyranitar, L50, F|
|poke|p1|Tsareena, L50, F|
|poke|p1|Grimmsnarl, L50, M|
|poke|p2|Clefable, L50, F|
|poke|p2|Tyranitar, L50, F|
|poke|p2|Garchomp, L50, M|
|poke|p2|Gholdengo, L50|
|poke|p2|Talonflame, L50, M|
|poke|p2|Venusaur, L50, F|
|teampreview|4
|showteam|p1|Talonflame||SharpBeak|GaleWings|Tailwind,DualWingbeat,WillOWisp,Taunt|Jolly||F|||50|]Gholdengo||LifeOrb|GoodasGold|Protect,MakeItRain,ShadowBall,NastyPlot|Modest|||||50|]Excadrill||FocusSash|SandRush|Protect,HighHorsepower,IronHead,RockSlide|Jolly||F|||50|]Tyranitar||Tyranitarite|SandStream|Protect,RockSlide,KnockOff,DragonDance|Adamant||F|||50|]Tsareena||WideLens|QueenlyMajesty|Protect,PowerWhip,TripleAxel,LowKick|Adamant||F|||50|]Grimmsnarl||LightClay|Prankster|FakeOut,Reflect,PartingShot,SpiritBreak|Impish||M|||50|
|showteam|p2|Clefable||SitrusBerry|Unaware|Moonblast,FollowMe,IcyWind,Protect|Bold||F|||50|]Tyranitar||ChoiceScarf|SandStream|RockSlide,KnockOff,IcePunch,LowKick|Jolly||F|||50|]Garchomp||Garchompite|SandVeil|DracoMeteor,EarthPower,PowerGem,Protect|Modest||M|||50|]Gholdengo||LifeOrb|GoodasGold|MakeItRain,ShadowBall,NastyPlot,Protect|Modest|||||50|]Talonflame||Charcoal|GaleWings|FlareBlitz,DualWingbeat,Tailwind,Protect|Adamant||M|||50|]Venusaur||Venusaurite|Overgrow|GigaDrain,SludgeBomb,EarthPower,Protect|Modest||F|||50|
|inactive|Battle timer is ON: inactive players will automatically lose when time's up. (requested by GS Barnabe)
|
|t:|1786150959
|teamsize|p1|4
|teamsize|p2|4
|start
|switch|p1a: Gholdengo|Gholdengo, L50|100/100
|switch|p1b: Grimmsnarl|Grimmsnarl, L50, M|100/100
|switch|p2a: Venusaur|Venusaur, L50, F|100/100
|switch|p2b: Talonflame|Talonflame, L50, M|100/100
|turn|1
|
|t:|1786150975
|detailschange|p2a: Venusaur|Venusaur-Mega, L50, F
|-mega|p2a: Venusaur|Venusaur|Venusaurite
|move|p1b: Grimmsnarl|Fake Out|p2b: Talonflame
|-damage|p2b: Talonflame|83/100
|cant|p2b: Talonflame|flinch
|move|p1a: Gholdengo|Nasty Plot|p1a: Gholdengo
|-boost|p1a: Gholdengo|spa|2
|move|p2a: Venusaur|Sludge Bomb|p1b: Grimmsnarl
|-supereffective|p1b: Grimmsnarl|1
|-damage|p1b: Grimmsnarl|12/100
|
|upkeep
|turn|2
|inactive|trickroom meta has 30 seconds left.
|inactive|trickroom meta has 20 seconds left.
|inactive|trickroom meta has 15 seconds left.
|inactive|trickroom meta has 10 seconds left.
|
|t:|1786151022
|move|p1b: Grimmsnarl|Reflect|p1b: Grimmsnarl
|-sidestart|p1: trickroom meta|Reflect
|move|p2b: Talonflame|Tailwind|p2b: Talonflame
|-sidestart|p2: GS Barnabe|move: Tailwind
|move|p2a: Venusaur|Sludge Bomb|p1b: Grimmsnarl
|-supereffective|p1b: Grimmsnarl|1
|-damage|p1b: Grimmsnarl|0 fnt
|faint|p1b: Grimmsnarl
|move|p1a: Gholdengo|Shadow Ball|p2b: Talonflame
|-damage|p2b: Talonflame|0 fnt
|faint|p2b: Talonflame
|-damage|p1a: Gholdengo|90/100|[from] item: Life Orb
|
|upkeep
|
|t:|1786151039
|switch|p2b: Gholdengo|Gholdengo, L50|100/100
|switch|p1b: Talonflame|Talonflame, L50, F|100/100
|turn|3
|inactive|GS Barnabe has 30 seconds left.
|inactive|trickroom meta has 30 seconds left.
|inactive|GS Barnabe has 20 seconds left.
|inactive|GS Barnabe has 15 seconds left.
|inactive|GS Barnabe has 10 seconds left.
|
|t:|1786151085
|switch|p2b: Tyranitar|Tyranitar, L50, F|100/100
|-weather|Sandstorm|[from] ability: Sand Stream|[of] p2b: Tyranitar
|move|p1b: Talonflame|Tailwind|p1b: Talonflame
|-sidestart|p1: trickroom meta|move: Tailwind
|move|p1a: Gholdengo|Shadow Ball|p2b: Tyranitar
|-resisted|p2b: Tyranitar|1
|-damage|p2b: Tyranitar|60/100
|-damage|p1a: Gholdengo|80/100|[from] item: Life Orb
|move|p2a: Venusaur|Earth Power|p1a: Gholdengo
|-supereffective|p1a: Gholdengo|1
|-damage|p1a: Gholdengo|4/100
|-unboost|p1a: Gholdengo|spd|1
|
|-weather|Sandstorm|[upkeep]
|-damage|p1b: Talonflame|94/100|[from] Sandstorm
|-damage|p2a: Venusaur|94/100|[from] Sandstorm
|upkeep
|turn|4
|
|t:|1786151108
|move|p1b: Talonflame|Dual Wingbeat|p2a: Venusaur
|-supereffective|p2a: Venusaur|1
|-damage|p2a: Venusaur|67/100
|-supereffective|p2a: Venusaur|1
|-damage|p2a: Venusaur|36/100
|-hitcount|p2a: Venusaur|2
|move|p2b: Tyranitar|Rock Slide|p1a: Gholdengo|[spread] p1a,p1b
|-resisted|p1a: Gholdengo|1
|-supereffective|p1b: Talonflame|2
|-damage|p1a: Gholdengo|0 fnt
|-damage|p1b: Talonflame|0 fnt
|faint|p1a: Gholdengo
|faint|p1b: Talonflame
|move|p2a: Venusaur|Earth Power|p1: Gholdengo|[notarget]
|-fail|p2a: Venusaur
|
|-weather|Sandstorm|[upkeep]
|-damage|p2a: Venusaur|30/100|[from] Sandstorm
|upkeep
|
|t:|1786151120
|switch|p1a: Tsareena|Tsareena, L50, F|100/100
|turn|5
|
|t:|1786151131
|switch|p2b: Gholdengo|Gholdengo, L50|100/100
|move|p2a: Venusaur|Sludge Bomb|p1a: Tsareena
|-supereffective|p1a: Tsareena|1
|-damage|p1a: Tsareena|8/100
|move|p1a: Tsareena|Triple Axel|p2a: Venusaur
|-supereffective|p2a: Venusaur|1
|-damage|p2a: Venusaur|24/100
|-supereffective|p2a: Venusaur|1
|-damage|p2a: Venusaur|11/100
|-supereffective|p2a: Venusaur|1
|-crit|p2a: Venusaur
|-damage|p2a: Venusaur|0 fnt
|faint|p2a: Venusaur
|-hitcount|p2: Venusaur|3
|
|-weather|Sandstorm|[upkeep]
|-damage|p1a: Tsareena|2/100|[from] Sandstorm
|-sideend|p2: GS Barnabe|move: Tailwind
|upkeep
|
|t:|1786151143
|switch|p2a: Tyranitar|Tyranitar, L50, F|60/100
|turn|6
|
|t:|1786151151
|move|p1a: Tsareena|Low Kick|p2a: Tyranitar
|-supereffective|p2a: Tyranitar|2
|-damage|p2a: Tyranitar|0 fnt
|faint|p2a: Tyranitar
|move|p2b: Gholdengo|Shadow Ball|p1a: Tsareena
|-damage|p1a: Tsareena|0 fnt
|faint|p1a: Tsareena
|-damage|p2b: Gholdengo|90/100|[from] item: Life Orb
|
|win|GS Barnabe
