|j|☆bunii on spotify
|j|☆Lab01JNEST
|html|bunii on spotifyLab01JNEST    
|uhtml|bestof|Game 2 of a best-of-3
|t:|1757702017
|gametype|doubles
|player|p1|bunii on spotify|cheryl|1278
|player|p2|Lab01JNEST|266|1349
|gen|9
|tier|[Gen 9] VGC 2025 Reg H (Bo3)
|rated|
|rule|Species Clause: Limit one of each Pokémon
|rule|Item Clause: Limit 1 of each item
|clearpoke
|poke|p1|Gholdengo, L50|
|poke|p1|Sneasler, L50, M|
|poke|p1|Rillaboom, L50, F|
|poke|p1|Dragonite, L50, M|
|poke|p1|Ninetales-Alola, L50, F|
|poke|p1|Arcanine-Hisui, L50, F|
|poke|p2|Tyranitar, L50, F|
|poke|p2|Garchomp, L50, F|
|poke|p2|Sinistcha, L50|
|poke|p2|Dragonite, L50, F|
|poke|p2|Corviknight, L50, F|
|poke|p2|Volcarona, L50, M|
|teampreview|4
|showteam|p1|Gholdengo||GrassySeed|GoodasGold|NastyPlot,MakeItRain,ShadowBall,Protect||||||50|,,,,,Water]Sneasler||WhiteHerb|Unburden|CloseCombat,DireClaw,Coaching,Protect|||M|||50|,,,,,Ghost]Rillaboom||AssaultVest|GrassySurge|FakeOut,GrassyGlide,DrumBeating,HighHorsepower|||F|||50|,,,,,Fire]Dragonite||LoadedDice|Multiscale|ScaleShot,StompingTantrum,Tailwind,Protect|||M|||50|,,,,,Ground]Ninetales-Alola||FocusSash|SnowWarning|Blizzard,IcyWind,Encore,AuroraVeil|||F|||50|,,,,,Ghost]Arcanine-Hisui||ClearAmulet|Intimidate|RockSlide,FlareBlitz,ExtremeSpeed,Protect|||F|||50|,,,,,Water
|showteam|p2|Tyranitar||AssaultVest|SandStream|RockSlide,KnockOff,TeraBlast,LowKick|||F|||50|,,,,,Flying]Garchomp||LifeOrb|RoughSkin|Protect,DragonClaw,StompingTantrum,Earthquake|||F|||50|,,,,,Ground]Sinistcha||RockyHelmet|Hospitality|MatchaGotcha,LifeDew,TrickRoom,RagePowder||||||50|,,,,,Dark]Dragonite||ChoiceBand|InnerFocus|Outrage,ExtremeSpeed,IceSpinner,AerialAce|||F|||50|,,,,,Normal]Corviknight||SitrusBerry|MirrorArmor|Tailwind,BulkUp,Roost,BraveBird|||F|||50|,,,,,Dragon]Volcarona||Leftovers|FlameBody|FieryDance,GigaDrain,QuiverDance,Protect|||M|||50|,,,,,Dragon
|inactive|Battle timer is ON: inactive players will automatically lose when time's up. (requested by Lab01JNEST)
|
|t:|1757702043
|teamsize|p1|4
|teamsize|p2|4
|start
|switch|p1a: Ninetales|Ninetales-Alola, L50, F|100/100
|switch|p1b: Arcanine|Arcanine-Hisui, L50, F|100/100
|switch|p2a: Volcarona|Volcarona, L50, M|100/100
|switch|p2b: Tyranitar|Tyranitar, L50, F|100/100
|-weather|Snowscape|[from] ability: Snow Warning|[of] p1a: Ninetales
|-ability|p1b: Arcanine|Intimidate|boost
|-unboost|p2a: Volcarona|atk|1
|-unboost|p2b: Tyranitar|atk|1
|-weather|Sandstorm|[from] ability: Sand Stream|[of] p2b: Tyranitar
|turn|1
|
|t:|1757702055
|switch|p1a: Rillaboom|Rillaboom, L50, F|100/100
|-fieldstart|move: Grassy Terrain|[from] ability: Grassy Surge|[of] p1a: Rillaboom
|-terastallize|p2a: Volcarona|Dragon
|move|p1b: Arcanine|Rock Slide|p2b: Tyranitar|[spread] p2a,p2b
|-damage|p2a: Volcarona|65/100
|-damage|p2b: Tyranitar|78/100
|move|p2a: Volcarona|Quiver Dance|p2a: Volcarona
|-boost|p2a: Volcarona|spa|1
|-boost|p2a: Volcarona|spd|1
|-boost|p2a: Volcarona|spe|1
|cant|p2b: Tyranitar|flinch
|
|-weather|Sandstorm|[upkeep]
|-damage|p2a: Volcarona|58/100|[from] Sandstorm
|-damage|p1a: Rillaboom|95/100|[from] Sandstorm
|-heal|p2a: Volcarona|65/100|[from] Grassy Terrain
|-heal|p2a: Volcarona|71/100|[from] item: Leftovers
|-heal|p1a: Rillaboom|100/100|[from] Grassy Terrain
|-heal|p2b: Tyranitar|84/100|[from] Grassy Terrain
|upkeep
|turn|2
|inactive|bunii on spotify has 30 seconds left.
|inactive|bunii on spotify has 20 seconds left.
|inactive|bunii on spotify has 15 seconds left.
|inactive|bunii on spotify has 10 seconds left.
|
|t:|1757702101
|switch|p2b: Corviknight|Corviknight, L50, F|100/100
|move|p2a: Volcarona|Protect|p2a: Volcarona
|-singleturn|p2a: Volcarona|Protect
|move|p1b: Arcanine|Rock Slide|p2b: Corviknight|[spread] p2b
|-activate|p2a: Volcarona|move: Protect
|-damage|p2b: Corviknight|79/100
|move|p1a: Rillaboom|Drum Beating|p2b: Corviknight
|-resisted|p2b: Corviknight
|-damage|p2b: Corviknight|69/100
|-ability|p2b: Corviknight|Mirror Armor
|-unboost|p1a: Rillaboom|spe|1
|
|-weather|Sandstorm|[upkeep]
|-damage|p2a: Volcarona|65/100|[from] Sandstorm
|-damage|p1a: Rillaboom|95/100|[from] Sandstorm
|-heal|p2a: Volcarona|71/100|[from] Grassy Terrain
|-heal|p2a: Volcarona|77/100|[from] item: Leftovers
|-heal|p1a: Rillaboom|100/100|[from] Grassy Terrain
|upkeep
|turn|3
|
|t:|1757702124
|move|p2a: Volcarona|Fiery Dance|p1a: Rillaboom
|-supereffective|p1a: Rillaboom
|-damage|p1a: Rillaboom|0 fnt
|faint|p1a: Rillaboom
|move|p1b: Arcanine|Flare Blitz|p2a: Volcarona
|-resisted|p2a: Volcarona
|-damage|p2a: Volcarona|40/100
|-damage|p1b: Arcanine|87/100|[from] Recoil
|move|p2b: Corviknight|Tailwind|p2b: Corviknight
|-sidestart|p2: Lab01JNEST|move: Tailwind
|
|-weather|Sandstorm|[upkeep]
|-damage|p2a: Volcarona|34/100|[from] Sandstorm
|-heal|p2a: Volcarona|40/100|[from] Grassy Terrain
|-heal|p2a: Volcarona|46/100|[from] item: Leftovers
|-heal|p1b: Arcanine|93/100|[from] Grassy Terrain
|upkeep
|
|t:|1757702135
|switch|p1a: Ninetales|Ninetales-Alola, L50, F|100/100
|-weather|Snowscape|[from] ability: Snow Warning|[of] p1a: Ninetales
|turn|4
|
|t:|1757702141
|switch|p2b: Tyranitar|Tyranitar, L50, F|84/100
|-weather|Sandstorm|[from] ability: Sand Stream|[of] p2b: Tyranitar
|move|p2a: Volcarona|Fiery Dance|p1a: Ninetales
|-supereffective|p1a: Ninetales
|-enditem|p1a: Ninetales|Focus Sash
|-damage|p1a: Ninetales|1/100
|move|p1a: Ninetales|Icy Wind|p2a: Volcarona|[spread] p2a,p2b
|-supereffective|p2a: Volcarona
|-damage|p2a: Volcarona|27/100
|-damage|p2b: Tyranitar|77/100
|-unboost|p2a: Volcarona|spe|1
|-unboost|p2b: Tyranitar|spe|1
|move|p1b: Arcanine|Rock Slide|p2b: Tyranitar|[spread] p2a,p2b
|-damage|p2a: Volcarona|0 fnt
|-damage|p2b: Tyranitar|55/100
|faint|p2a: Volcarona
|
|-weather|Sandstorm|[upkeep]
|-damage|p1a: Ninetales|0 fnt|[from] Sandstorm
|faint|p1a: Ninetales
|-heal|p1b: Arcanine|99/100|[from] Grassy Terrain
|-heal|p2b: Tyranitar|61/100|[from] Grassy Terrain
|upkeep
|
|t:|1757702157
|switch|p1a: Gholdengo|Gholdengo, L50, shiny|100/100
|switch|p2a: Dragonite|Dragonite, L50, F|100/100
|-enditem|p1a: Gholdengo|Grassy Seed
|-boost|p1a: Gholdengo|def|1|[from] item: Grassy Seed
|turn|5
|
|t:|1757702166
|-terastallize|p1a: Gholdengo|Water
|move|p2a: Dragonite|Outrage|p1a: Gholdengo
|-damage|p1a: Gholdengo|35/100
|move|p1b: Arcanine|Rock Slide|p2a: Dragonite|[spread] p2a,p2b
|-supereffective|p2a: Dragonite
|-damage|p2a: Dragonite|48/100
|-damage|p2b: Tyranitar|40/100
|move|p1a: Gholdengo|Nasty Plot|p1a: Gholdengo
|-boost|p1a: Gholdengo|spa|2
|cant|p2b: Tyranitar|flinch
|
|-weather|Sandstorm|[upkeep]
|-damage|p2a: Dragonite|42/100|[from] Sandstorm
|-damage|p1a: Gholdengo|29/100|[from] Sandstorm
|-heal|p1b: Arcanine|100/100|[from] Grassy Terrain
|-heal|p1a: Gholdengo|35/100|[from] Grassy Terrain
|-heal|p2b: Tyranitar|46/100|[from] Grassy Terrain
|-fieldend|move: Grassy Terrain
|upkeep
|turn|6
|
|t:|1757702179
|move|p1a: Gholdengo|Protect|p1a: Gholdengo
|-singleturn|p1a: Gholdengo|Protect
|move|p2a: Dragonite|Outrage|p1b: Arcanine|[from] lockedmove
|-damage|p1b: Arcanine|0 fnt
|faint|p1b: Arcanine
|move|p2b: Tyranitar|Low Kick|p1a: Gholdengo
|-activate|p1a: Gholdengo|move: Protect
|
|-weather|Sandstorm|[upkeep]
|-damage|p2a: Dragonite|36/100|[from] Sandstorm
|-damage|p1a: Gholdengo|29/100|[from] Sandstorm
|-sideend|p2: Lab01JNEST|move: Tailwind
|upkeep
|turn|7
|
|t:|1757702186
|move|p1a: Gholdengo|Make It Rain|p2b: Tyranitar|[spread] p2a,p2b
|-supereffective|p2b: Tyranitar
|-crit|p2b: Tyranitar
|-damage|p2a: Dragonite|0 fnt
|-damage|p2b: Tyranitar|0 fnt
|-unboost|p1a: Gholdengo|spa|1
|faint|p2a: Dragonite
|faint|p2b: Tyranitar
|
|-weather|Sandstorm|[upkeep]
|-damage|p1a: Gholdengo|22/100|[from] Sandstorm
|upkeep
|
|t:|1757702191
|switch|p2b: Corviknight|Corviknight, L50, F|69/100
|turn|8
|
|t:|1757702198
|move|p1a: Gholdengo|Shadow Ball|p2b: Corviknight
|-damage|p2b: Corviknight|20/100
|-enditem|p2b: Corviknight|Sitrus Berry|[eat]
|-heal|p2b: Corviknight|45/100|[from] item: Sitrus Berry
|move|p2b: Corviknight|Brave Bird|p1a: Gholdengo
|-damage|p1a: Gholdengo|0 fnt
|faint|p1a: Gholdengo
|-damage|p2b: Corviknight|38/100|[from] Recoil
|
|win|Lab01JNEST
|raw|bunii on spotify's rating: 1278 → 1258(-20 for losing)
|raw|Lab01JNEST's rating: 1349 → 1365(+16 for winning)
