|j|â˜†CretaceousDraconid
|j|â˜†ScottyNZ
|html|CretaceousDraconidScottyNZ    
|uhtml|bestof|Game 3 of a best-of-3
|t:|1757752178
|gametype|doubles
|player|p1|CretaceousDraconid|zinnia-masters|
|player|p2|ScottyNZ|265|
|gen|9
|tier|[Gen 9] VGC 2025 Reg H (Bo3)
|rule|Species Clause: Limit one of each PokÃ©mon
|rule|Item Clause: Limit 1 of each item
|clearpoke
|poke|p1|Whimsicott, L50, M|
|poke|p1|Incineroar, L50, M|
|poke|p1|Salamence, L50, M|
|poke|p1|Garchomp, L50, F|
|poke|p1|Sneasler, L50, M|
|poke|p1|Decidueye-Hisui, L50, F|
|poke|p2|Tatsugiri, L50, M|
|poke|p2|Dondozo, L50, F|
|poke|p2|Sneasler, L50, M|
|poke|p2|Indeedee, L50, M|
|poke|p2|Talonflame, L50, M|
|poke|p2|Glimmora, L50, F|
|teampreview|4
|showteam|p1|Whimsicott||CovertCloak|Prankster|Tailwind,Moonblast,Encore,Taunt|||M|||50|,,,,,Water]Incineroar||SafetyGoggles|Intimidate|FakeOut,Taunt,PartingShot,KnockOff|||M|||50|,,,,,Ghost]Salamence||ChoiceSpecs|Intimidate|Hurricane,HeatWave,DracoMeteor,HydroPump|||M|||50|,,,,,Fire]Garchomp||LoadedDice|RoughSkin|StompingTantrum,Earthquake,ScaleShot,Protect|||F|||50|,,,,,Ghost]Sneasler||FocusSash|PoisonTouch|DireClaw,CloseCombat,Coaching,Protect|||M|||50|,,,,,Fairy]Decidueye-Hisui||ScopeLens|Scrappy|TripleArrows,Protect,LeafBlade,DualWingbeat|||F|||50|,,,,,Flying
|showteam|p2|Tatsugiri||ChoiceScarf|Commander|MuddyWater,IcyWind,Taunt,DracoMeteor|||M|||50|,,,,,Steel]Dondozo||Leftovers|Unaware|Protect,Earthquake,OrderUp,WaveCrash|||F|||50|,,,,,Poison]Sneasler||PsychicSeed|Unburden|CloseCombat,DireClaw,Protect,ThroatChop|||M|||50|,,,,,Dark]Indeedee||FocusSash|PsychicSurge|Imprison,TrickRoom,ExpandingForce,Protect|||M|||50|,,,,,Psychic]Talonflame||CovertCloak|GaleWings|Tailwind,WillOWisp,FlareBlitz,DualWingbeat|||M|||50|,,,,,Steel]Glimmora||PowerHerb|ToxicDebris|EarthPower,SludgeBomb,SpikyShield,MeteorBeam|||F|||50|,,,,,Grass
|j| arrascaxeira
|c|â˜†ScottyNZ|good luck mate
|c|â˜†CretaceousDraconid|hf
|j| neonkarearea
|
|t:|1757752243
|teamsize|p1|4
|teamsize|p2|4
|start
|switch|p1a: Incineroar|Incineroar, L50, M|100/100
|switch|p1b: Garchomp|Garchomp, L50, F|100/100
|switch|p2a: Talonflame|Talonflame, L50, M|100/100
|switch|p2b: Glimmora|Glimmora, L50, F|100/100
|-ability|p1a: Incineroar|Intimidate|boost
|-unboost|p2a: Talonflame|atk|1
|-unboost|p2b: Glimmora|atk|1
|turn|1
|
|t:|1757752266
|move|p2a: Talonflame|Will-O-Wisp|p1b: Garchomp
|-status|p1b: Garchomp|brn
|move|p1b: Garchomp|Scale Shot|p2a: Talonflame
|-damage|p2a: Talonflame|92/100
|-damage|p2a: Talonflame|81/100
|-damage|p2a: Talonflame|71/100
|-damage|p2a: Talonflame|61/100
|-hitcount|p2a: Talonflame|4
|-unboost|p1b: Garchomp|def|1
|-boost|p1b: Garchomp|spe|1
|move|p2b: Glimmora|Meteor Beam||[still]
|-prepare|p2b: Glimmora|Meteor Beam
|-boost|p2b: Glimmora|spa|1
|-enditem|p2b: Glimmora|Power Herb
|-anim|p2b: Glimmora|Meteor Beam|p1a: Incineroar
|-supereffective|p1a: Incineroar
|-damage|p1a: Incineroar|0 fnt
|faint|p1a: Incineroar
|
|-damage|p1b: Garchomp|94/100 brn|[from] brn
|upkeep
|
|t:|1757752281
|switch|p1a: Salamence|Salamence, L50, M|100/100
|-ability|p1a: Salamence|Intimidate|boost
|-unboost|p2a: Talonflame|atk|1
|-unboost|p2b: Glimmora|atk|1
|turn|2
|
|t:|1757752295
|move|p1b: Garchomp|Earthquake|p2b: Glimmora|[spread] p2b
|-immune|p1a: Salamence
|-immune|p2a: Talonflame
|-supereffective|p2b: Glimmora
|-damage|p2b: Glimmora|11/100
|-activate|p2b: Glimmora|ability: Toxic Debris
|-sidestart|p1: CretaceousDraconid|move: Toxic Spikes
|move|p2a: Talonflame|Tailwind|p2a: Talonflame
|-sidestart|p2: ScottyNZ|move: Tailwind
|move|p2b: Glimmora|Sludge Bomb|p1b: Garchomp
|-resisted|p1b: Garchomp
|-crit|p1b: Garchomp
|-damage|p1b: Garchomp|32/100 brn
|move|p1a: Salamence|Draco Meteor|p2a: Talonflame
|-damage|p2a: Talonflame|0 fnt
|-unboost|p1a: Salamence|spa|2
|faint|p2a: Talonflame
|
|-damage|p1b: Garchomp|26/100 brn|[from] brn
|upkeep
|
|t:|1757752311
|switch|p2a: Indeedee|Indeedee, L50, M|100/100
|-fieldstart|move: Psychic Terrain|[from] ability: Psychic Surge|[of] p2a: Indeedee
|turn|3
|
|t:|1757752320
|-terastallize|p2a: Indeedee|Psychic
|move|p2a: Indeedee|Expanding Force|p1b: Garchomp|[spread] p1a,p1b
|-damage|p1a: Salamence|13/100
|-damage|p1b: Garchomp|0 fnt
|faint|p1b: Garchomp
|move|p2b: Glimmora|Sludge Bomb|p1a: Salamence
|-damage|p1a: Salamence|0 fnt
|faint|p1a: Salamence
|
|upkeep
|
|t:|1757752323
|switch|p1b: TheFuckYouGuy|Sneasler, L50, M|100/100
|-sideend|p1: CretaceousDraconid|move: Toxic Spikes|[of] p1b: TheFuckYouGuy
|turn|4
|c|â˜†CretaceousDraconid|ggwp
|
|t:|1757752332
|move|p1b: TheFuckYouGuy|Protect|p1b: TheFuckYouGuy
|-singleturn|p1b: TheFuckYouGuy|Protect
|move|p2a: Indeedee|Expanding Force|p1b: TheFuckYouGuy
|-activate|p1b: TheFuckYouGuy|move: Protect
|move|p2b: Glimmora|Sludge Bomb|p1b: TheFuckYouGuy
|-activate|p1b: TheFuckYouGuy|move: Protect
|
|upkeep
|turn|5
|
|t:|1757752338
|move|p1b: TheFuckYouGuy|Protect||[still]
|-fail|p1b: TheFuckYouGuy
|move|p2a: Indeedee|Expanding Force|p1b: TheFuckYouGuy
|-supereffective|p1b: TheFuckYouGuy
|-enditem|p1b: TheFuckYouGuy|Focus Sash
|-damage|p1b: TheFuckYouGuy|1/100
|move|p2b: Glimmora|Sludge Bomb|p1b: TheFuckYouGuy
|-resisted|p1b: TheFuckYouGuy
|-damage|p1b: TheFuckYouGuy|0 fnt
|faint|p1b: TheFuckYouGuy
|
|win|ScottyNZ
|c|â˜†ScottyNZ|gg wp
|c| arrascaxeira|Ggs
|l| arrascaxeira
|c|â˜†CretaceousDraconid|got the first turn wrong in both g1 and 2 lol
|c|â˜†ScottyNZ|unlucky
|l|â˜†CretaceousDraconid
|player|p1|
|j|â˜†CretaceousDraconid
|player|p1|CretaceousDraconid|zinnia-masters|
