|j|☆purp_purple
|j|☆taengerine
|html|purp_purpletaengerine    
|uhtml|bestof|Game 3 of a best-of-3
|t:|1782540846
|gametype|doubles
|player|p1|purp_purple|will|1141
|player|p2|taengerine|lady|1201
|gen|9
|tier|[Gen 9 Champions] VGC 2026 Reg M-B (Bo3)
|rated|
|rule|Species Clause: Limit one of each Pokémon
|rule|Item Clause: Limit 1 of each item
|clearpoke
|poke|p1|Staraptor, L50, F|
|poke|p1|Whimsicott, L50, F|
|poke|p1|Sinistcha, L50|
|poke|p1|Pelipper, L50, F|
|poke|p1|Archaludon, L50, M|
|poke|p1|Mawile, L50, F|
|poke|p2|Mawile, L50, M|
|poke|p2|Farigiraf, L50, M|
|poke|p2|Sinistcha, L50|
|poke|p2|Garchomp, L50, F|
|poke|p2|Incineroar, L50, M|
|poke|p2|Delphox, L50, M|
|teampreview|4
|showteam|p1|Staraptor||Staraptite|Intimidate|CloseCombat,BraveBird,Protect,Roost|Jolly||F|||50|]Whimsicott||FocusSash|Prankster|Tailwind,Charm,Moonblast,Encore|Timid||F|||50|]Sinistcha||SitrusBerry|Hospitality|MatchaGotcha,RagePowder,ShadowBall,LifeDew|Bold|||||50|]Pelipper||WacanBerry|Drizzle|Tailwind,Hurricane,WeatherBall,Protect|Bold||F|||50|]Archaludon||Leftovers|Stamina|ElectroShot,Protect,DracoMeteor,DragonPulse|Timid||M|||50|]Mawile||Mawilite|HyperCutter|PlayRough,IronHead,Protect,SuckerPunch|Jolly||F|||50|
|showteam|p2|Mawile||Mawilite|HyperCutter|PlayRough,SwordsDance,SuckerPunch,Protect|Brave||M|||50|]Farigiraf||SitrusBerry|ArmorTail|Psychic,HelpingHand,TrickRoom,Thunderbolt|Quiet||M|||50|]Sinistcha||OccaBerry|Hospitality|MatchaGotcha,RagePowder,LifeDew,Protect|Bold|||||50|]Garchomp||ChoiceScarf|RoughSkin|StompingTantrum,RockSlide,DragonClaw,PoisonJab|Adamant||F|||50|]Incineroar||PasshoBerry|Intimidate|FlareBlitz,FakeOut,ThroatChop,PartingShot|Careful||M|||50|]Delphox||Delphoxite|Blaze|HeatWave,Psychic,NastyPlot,Protect|Timid||M|||50|
|inactive|Battle timer is ON: inactive players will automatically lose when time's up. (requested by taengerine)
|
|t:|1782540870
|teamsize|p1|4
|teamsize|p2|4
|start
|switch|p1a: Staraptor|Staraptor, L50, F|100/100
|switch|p1b: Whimsicott|Whimsicott, L50, F|100/100
|switch|p2a: Farigiraf|Farigiraf, L50, M|100/100
|switch|p2b: Mawile|Mawile, L50, M|100/100
|-ability|p1a: Staraptor|Intimidate|boost
|-unboost|p2a: Farigiraf|atk|1
|-fail|p2b: Mawile|unboost|Attack|[from] ability: Hyper Cutter|[of] p2b: Mawile
|turn|1
|inactive|purp_purple has 30 seconds left.
|
|t:|1782540896
|detailschange|p1a: Staraptor|Staraptor-Mega, L50, F
|-mega|p1a: Staraptor|Staraptor|Staraptite
|detailschange|p2b: Mawile|Mawile-Mega, L50, M
|-mega|p2b: Mawile|Mawile|Mawilite
|move|p1b: Whimsicott|Charm|p1a: Staraptor
|-boost|p1a: Staraptor|atk|2
|move|p1a: Staraptor|Close Combat|p2b: Mawile
|-damage|p2b: Mawile|0 fnt
|-boost|p1a: Staraptor|def|1
|-boost|p1a: Staraptor|spd|1
|faint|p2b: Mawile
|move|p2a: Farigiraf|Trick Room|p2a: Farigiraf
|-fieldstart|move: Trick Room|[of] p2a: Farigiraf
|
|upkeep
|
|t:|1782540909
|switch|p2b: Sinistcha|Sinistcha, L50|100/100
|turn|2
|inactive|purp_purple has 30 seconds left.
|
|t:|1782540936
|move|p2b: Sinistcha|Protect|p2b: Sinistcha
|-singleturn|p2b: Sinistcha|Protect
|move|p1b: Whimsicott|Charm|p1a: Staraptor
|-boost|p1a: Staraptor|atk|2
|move|p2a: Farigiraf|Psychic|p1a: Staraptor
|-supereffective|p1a: Staraptor|1
|-damage|p1a: Staraptor|40/100
|move|p1a: Staraptor|Brave Bird|p2b: Sinistcha
|-activate|p2b: Sinistcha|move: Protect
|
|upkeep
|turn|3
|inactive|taengerine has 30 seconds left.
|inactive|taengerine has 20 seconds left.
|inactive|taengerine has 15 seconds left.
|
|t:|1782540977
|switch|p1b: Sinistcha|Sinistcha, L50|100/100
|-heal|p1a: Staraptor|65/100|[from] ability: Hospitality|[of] p1b: Sinistcha
|move|p1a: Staraptor|Protect|p1a: Staraptor
|-singleturn|p1a: Staraptor|Protect
|move|p2a: Farigiraf|Psychic|p1a: Staraptor
|-activate|p1a: Staraptor|move: Protect
|move|p2b: Sinistcha|Matcha Gotcha|p1b: Sinistcha|[spread] p1b
|-activate|p1a: Staraptor|move: Protect
|-resisted|p1b: Sinistcha|1
|-damage|p1b: Sinistcha|87/100
|
|upkeep
|turn|4
|inactive|purp_purple has 30 seconds left.
|inactive|purp_purple has 20 seconds left.
|inactive|purp_purple has 15 seconds left.
|
|t:|1782541018
|move|p2b: Sinistcha|Protect|p2b: Sinistcha
|-singleturn|p2b: Sinistcha|Protect
|move|p1b: Sinistcha|Rage Powder|p1b: Sinistcha
|-singleturn|p1b: Sinistcha|move: Rage Powder
|move|p2a: Farigiraf|Psychic|p1b: Sinistcha
|-damage|p1b: Sinistcha|45/100
|-enditem|p1b: Sinistcha|Sitrus Berry|[eat]
|-heal|p1b: Sinistcha|69/100|[from] item: Sitrus Berry
|move|p1a: Staraptor|Brave Bird|p2b: Sinistcha
|-activate|p2b: Sinistcha|move: Protect
|
|upkeep
|turn|5
|
|t:|1782541027
|move|p1a: Staraptor|Protect|p1a: Staraptor
|-singleturn|p1a: Staraptor|Protect
|move|p2a: Farigiraf|Psychic|p1b: Sinistcha
|-damage|p1b: Sinistcha|25/100
|-unboost|p1b: Sinistcha|spd|1
|move|p2b: Sinistcha|Matcha Gotcha|p1b: Sinistcha|[spread] p1b
|-activate|p1a: Staraptor|move: Protect
|-resisted|p1b: Sinistcha|1
|-damage|p1b: Sinistcha|7/100
|-status|p1b: Sinistcha|brn
|move|p1b: Sinistcha|Life Dew|p1b: Sinistcha|[spread] p1a,p1b
|-heal|p1a: Staraptor|90/100
|-heal|p1b: Sinistcha|32/100 brn
|
|-damage|p1b: Sinistcha|26/100 brn|[from] brn
|-fieldend|move: Trick Room
|upkeep
|turn|6
|
|t:|1782541048
|switch|p1b: Archaludon|Archaludon, L50, M|100/100
|move|p2b: Sinistcha|Protect|p2b: Sinistcha
|-singleturn|p2b: Sinistcha|Protect
|move|p1a: Staraptor|Close Combat|p2a: Farigiraf
|-damage|p2a: Farigiraf|0 fnt
|-boost|p1a: Staraptor|def|1
|-boost|p1a: Staraptor|spd|1
|faint|p2a: Farigiraf
|
|upkeep
|-message|taengerine forfeited.
|
|win|purp_purple
|raw|purp_purple's rating: 1141 → 1170(+29 for winning)
|raw|taengerine's rating: 1201 → 1172(-29 for losing)
|l|☆purp_purple
|player|p1|
