|j|☆KKameleon8
|j|☆MetaphorCrazyMonk
|html|KKameleon8MetaphorCrazyMonk    
|uhtml|bestof|Game 2 of a best-of-3
|t:|1786197958
|gametype|doubles
|player|p1|KKameleon8|101|1309
|player|p2|MetaphorCrazyMonk|265|1317
|gen|9
|tier|[Gen 9 Champions] VGC 2026 Reg M-B (Bo3)
|rated|
|rule|Species Clause: Limit one of each Pokémon
|rule|Item Clause: Limit 1 of each item
|clearpoke
|poke|p1|Staraptor, L50, F|
|poke|p1|Excadrill, L50, M|
|poke|p1|Sinistcha, L50|
|poke|p1|Gholdengo, L50|
|poke|p1|Tyranitar, L50, F|
|poke|p1|Milotic, L50, M|
|poke|p2|Sinistcha, L50|
|poke|p2|Incineroar, L50, M|
|poke|p2|Delphox, L50, M|
|poke|p2|Kingambit, L50, M|
|poke|p2|Floette-Eternal, L50, F|
|poke|p2|Sneasler, L50, M|
|teampreview|4
|showteam|p1|Staraptor||Staraptite|Intimidate|BraveBird,CloseCombat,Tailwind,Protect|Jolly||F|||50|]Excadrill||FocusSash|SandRush|HighHorsepower,IronHead,RockSlide,Protect|Adamant||M|||50|]Sinistcha||KasibBerry|Hospitality|MatchaGotcha,RagePowder,ShadowBall,Protect|Bold|||||50|]Gholdengo||LifeOrb|GoodasGold|MakeItRain,ShadowBall,NastyPlot,Protect|Modest|||||50|]Tyranitar||Tyranitarite|SandStream|RockSlide,KnockOff,LowKick,Protect|Jolly||F|||50|]Milotic||SitrusBerry|Competitive|Scald,IcyWind,AlluringVoice,Protect|Calm||M|||50|
|showteam|p2|Sinistcha||ColburBerry|Hospitality|MatchaGotcha,RagePowder,Protect,TrickRoom|Bold|||||50|]Incineroar||SitrusBerry|Intimidate|FlareBlitz,PartingShot,FakeOut,HelpingHand|Impish||M|||50|]Delphox||Delphoxite|Blaze|HeatWave,Psyshock,NastyPlot,Protect|Timid||M|||50|]Kingambit||BlackGlasses|Defiant|KowtowCleave,SuckerPunch,SwordsDance,Protect|Adamant||M|||50|]Floette-Eternal||Floettite|FlowerVeil|Moonblast,DazzlingGleam,CalmMind,Protect|Modest||F|||50|]Sneasler||FocusSash|Unburden|CloseCombat,DireClaw,FakeOut,QuickGuard|Jolly||M|||50|
|
|t:|1786198028
|teamsize|p1|4
|teamsize|p2|4
|start
|switch|p1a: Milotic|Milotic, L50, M|100/100
|switch|p1b: Tyranitar|Tyranitar, L50, F|100/100
|switch|p2a: Floette|Floette-Eternal, L50, F|100/100
|switch|p2b: Sneasler|Sneasler, L50, M|100/100
|-weather|Sandstorm|[from] ability: Sand Stream|[of] p1b: Tyranitar
|turn|1
|
|t:|1786198036
|switch|p1b: Gholdengo|Gholdengo, L50|100/100
|detailschange|p2a: Floette|Floette-Mega, L50, F
|-mega|p2a: Floette|Floette|Floettite
|-ability|p2a: Floette|Fairy Aura
|move|p2b: Sneasler|Fake Out|p1a: Milotic
|-damage|p1a: Milotic|87/100
|move|p2a: Floette|Calm Mind|p2a: Floette
|-boost|p2a: Floette|spa|1
|-boost|p2a: Floette|spd|1
|cant|p1a: Milotic|flinch
|
|-weather|Sandstorm|[upkeep]
|-damage|p2b: Sneasler|94/100|[from] Sandstorm
|-damage|p2a: Floette|94/100|[from] Sandstorm
|-damage|p1a: Milotic|81/100|[from] Sandstorm
|upkeep
|turn|2
|
|t:|1786198054
|switch|p2b: Apache Kid|Kingambit, L50, M|100/100
|move|p2a: Floette|Calm Mind|p2a: Floette
|-boost|p2a: Floette|spa|1
|-boost|p2a: Floette|spd|1
|move|p1a: Milotic|Icy Wind|p2a: Floette|[spread] p2a,p2b
|-resisted|p2b: Apache Kid|1
|-damage|p2a: Floette|90/100
|-damage|p2b: Apache Kid|95/100
|-unboost|p2a: Floette|spe|1
|-unboost|p2b: Apache Kid|spe|1
|-ability|p2b: Apache Kid|Defiant|boost
|-boost|p2b: Apache Kid|atk|2
|move|p1b: Gholdengo|Nasty Plot|p1b: Gholdengo
|-boost|p1b: Gholdengo|spa|2
|
|-weather|Sandstorm|[upkeep]
|-damage|p1a: Milotic|75/100|[from] Sandstorm
|-damage|p2a: Floette|85/100|[from] Sandstorm
|upkeep
|turn|3
|
|t:|1786198063
|switch|p1a: Sinistcha|Sinistcha, L50|100/100
|move|p1b: Gholdengo|Protect|p1b: Gholdengo
|-singleturn|p1b: Gholdengo|Protect
|move|p2b: Apache Kid|Sucker Punch||[still]
|-fail|p2b: Apache Kid
|move|p2a: Floette|Moonblast|p1a: Sinistcha
|-damage|p1a: Sinistcha|0 fnt
|faint|p1a: Sinistcha
|
|-weather|Sandstorm|[upkeep]
|-damage|p2a: Floette|79/100|[from] Sandstorm
|upkeep
|
|t:|1786198067
|switch|p1a: Tyranitar|Tyranitar, L50, F|100/100
|turn|4
|
|t:|1786198088
|detailschange|p1a: Tyranitar|Tyranitar-Mega, L50, F
|-mega|p1a: Tyranitar|Tyranitar|Tyranitarite
|move|p1b: Gholdengo|Protect|p1b: Gholdengo
|-singleturn|p1b: Gholdengo|Protect
|move|p2b: Apache Kid|Protect|p2b: Apache Kid
|-singleturn|p2b: Apache Kid|Protect
|move|p1a: Tyranitar|Low Kick|p2b: Apache Kid
|-activate|p2b: Apache Kid|move: Protect
|move|p2a: Floette|Dazzling Gleam|p1a: Tyranitar|[spread] p1a
|-activate|p1b: Gholdengo|move: Protect
|-supereffective|p1a: Tyranitar|1
|-damage|p1a: Tyranitar|0 fnt
|faint|p1a: Tyranitar
|
|-weather|Sandstorm|[upkeep]
|-damage|p2a: Floette|73/100|[from] Sandstorm
|upkeep
|
|t:|1786198092
|switch|p1a: Milotic|Milotic, L50, M|75/100
|turn|5
|
|t:|1786198096
|move|p2b: Apache Kid|Sucker Punch|p1b: Gholdengo
|-supereffective|p1b: Gholdengo|1
|-damage|p1b: Gholdengo|0 fnt
|faint|p1b: Gholdengo
|move|p1a: Milotic|Scald|p2b: Apache Kid
|-damage|p2b: Apache Kid|66/100
|move|p2a: Floette|Moonblast|p1a: Milotic
|-damage|p1a: Milotic|0 fnt
|faint|p1a: Milotic
|
|win|MetaphorCrazyMonk
|raw|KKameleon8's rating: 1309 → 1289(-20 for losing)
|raw|MetaphorCrazyMonk's rating: 1317 → 1337(+20 for winning)
|l|☆KKameleon8
|player|p1|
