|j|☆Arsene14
|j|☆lux raymundi
|html|Arsene14lux raymundi    
|uhtml|bestof|Game 2 of a best-of-3
|t:|1785651052
|gametype|doubles
|player|p1|Arsene14|steven|1204
|player|p2|lux raymundi|1|1285
|gen|9
|tier|[Gen 9 Champions] VGC 2026 Reg M-B (Bo3)
|rated|
|rule|Species Clause: Limit one of each Pokémon
|rule|Item Clause: Limit 1 of each item
|clearpoke
|poke|p1|Charizard, L50, M|
|poke|p1|Farigiraf, L50, M|
|poke|p1|Kingambit, L50, F|
|poke|p1|Sylveon, L50, M|
|poke|p1|Garchomp, L50, M, shiny|
|poke|p1|Whimsicott, L50, F|
|poke|p2|Sneasler, L50, M|
|poke|p2|Blastoise, L50, M|
|poke|p2|Kingambit, L50, M|
|poke|p2|Incineroar, L50, M|
|poke|p2|Delphox, L50, F|
|poke|p2|Sinistcha, L50|
|teampreview|4
|showteam|p1|Charizard||CharizarditeY|Blaze|Protect,AncientPower,SolarBeam,WeatherBall|Modest||M|||50|]Farigiraf||SitrusBerry|ArmorTail|PsychicFangs,Thunderbolt,SunnyDay,TrickRoom|Relaxed||M|||50|]Kingambit||LifeOrb|Defiant|KowtowCleave,IronHead,Protect,SuckerPunch|Adamant||F|||50|]Sylveon||FairyFeather|Pixilate|Moonblast,HyperBeam,HyperVoice,Protect|Modest||M|||50|]Garchomp||RoseliBerry|RoughSkin|DragonClaw,StompingTantrum,Protect,RockSlide|Adamant||M|||50|]Whimsicott||FocusSash|Prankster|Tailwind,Encore,Moonblast,SunnyDay|Timid||F|||50|
|showteam|p2|Sneasler||FocusSash|PoisonTouch|PoisonJab,CloseCombat,FakeOut,QuickGuard|Jolly||M|||50|]Blastoise||Blastoisinite|RainDish|DarkPulse,WaterSpout,ShellSmash,Protect|Modest||M|||50|]Kingambit||BlackGlasses|Defiant|KowtowCleave,SuckerPunch,SwordsDance,Protect|Adamant||M|||50|]Incineroar||SitrusBerry|Intimidate|FlareBlitz,ThroatChop,PartingShot,FakeOut|Careful||M|||50|]Delphox||Delphoxite|Blaze|HeatWave,NastyPlot,Psychic,Protect|Timid||F|||50|]Sinistcha||KasibBerry|Hospitality|MatchaGotcha,RagePowder,TrickRoom,Protect|Bold|||||50|
|
|t:|1785651105
|teamsize|p1|4
|teamsize|p2|4
|start
|switch|p1a: Pajares|Farigiraf, L50, M|100/100
|switch|p1b: Chorizard|Charizard, L50, M|100/100
|switch|p2a: Sneasler|Sneasler, L50, M|100/100
|switch|p2b: Blastoise|Blastoise, L50, M|100/100
|turn|1
|
|t:|1785651129
|detailschange|p2b: Blastoise|Blastoise-Mega, L50, M
|-mega|p2b: Blastoise|Blastoise|Blastoisinite
|detailschange|p1b: Chorizard|Charizard-Mega-Y, L50, M
|-mega|p1b: Chorizard|Charizard|Charizardite Y
|-weather|SunnyDay|[from] ability: Drought|[of] p1b: Chorizard
|move|p2a: Sneasler|Poison Jab|p1b: Chorizard
|-damage|p1b: Chorizard|63/100
|move|p2b: Blastoise|Water Spout|p1a: Pajares|[spread] p1a,p1b
|-supereffective|p1b: Chorizard|1
|-damage|p1a: Pajares|68/100
|-damage|p1b: Chorizard|3/100
|move|p1b: Chorizard|Solar Beam||[still]
|-prepare|p1b: Chorizard|Solar Beam
|-anim|p1b: Chorizard|Solar Beam|p2b: Blastoise
|-supereffective|p2b: Blastoise|1
|-damage|p2b: Blastoise|1/100
|move|p1a: Pajares|Psychic Fangs|p2a: Sneasler
|-supereffective|p2a: Sneasler|2
|-enditem|p2a: Sneasler|Focus Sash
|-damage|p2a: Sneasler|1/100
|
|-weather|SunnyDay|[upkeep]
|upkeep
|turn|2
|
|t:|1785651156
|switch|p1b: El Reseñas|Garchomp, L50, M, shiny|100/100
|move|p2a: Sneasler|Poison Jab|p1b: El Reseñas
|-resisted|p1b: El Reseñas|1
|-damage|p1b: El Reseñas|81/100
|-damage|p2a: Sneasler|0 fnt|[from] ability: Rough Skin|[of] p1b: El Reseñas
|faint|p2a: Sneasler
|move|p2b: Blastoise|Dark Pulse|p1a: Pajares
|-supereffective|p1a: Pajares|1
|-damage|p1a: Pajares|0 fnt
|faint|p1a: Pajares
|
|-weather|SunnyDay|[upkeep]
|upkeep
|
|t:|1785651167
|switch|p2a: Sinistcha|Sinistcha, L50|100/100
|switch|p1a: MegaKingampi|Kingambit, L50, F|100/100
|-heal|p2b: Blastoise|25/100|[from] ability: Hospitality|[of] p2a: Sinistcha
|turn|3
|
|t:|1785651195
|move|p2a: Sinistcha|Rage Powder|p2a: Sinistcha
|-singleturn|p2a: Sinistcha|move: Rage Powder
|move|p1b: El Reseñas|Rock Slide|p2b: Blastoise|[spread] p2a,p2b
|-damage|p2a: Sinistcha|84/100
|-damage|p2b: Blastoise|6/100
|cant|p2b: Blastoise|flinch
|move|p1a: MegaKingampi|Kowtow Cleave|p2a: Sinistcha
|-supereffective|p2a: Sinistcha|1
|-damage|p2a: Sinistcha|0 fnt
|faint|p2a: Sinistcha
|-damage|p1a: MegaKingampi|90/100|[from] item: Life Orb
|
|-weather|SunnyDay|[upkeep]
|upkeep
|
|t:|1785651208
|switch|p2a: Kingambit|Kingambit, L50, M|100/100
|turn|4
|
|t:|1785651227
|move|p1a: MegaKingampi|Sucker Punch|p2b: Blastoise
|-damage|p2b: Blastoise|0 fnt
|faint|p2b: Blastoise
|-damage|p1a: MegaKingampi|80/100|[from] item: Life Orb
|move|p1b: El Reseñas|Stomping Tantrum|p2a: Kingambit
|-supereffective|p2a: Kingambit|1
|-damage|p2a: Kingambit|38/100
|move|p2a: Kingambit|Swords Dance|p2a: Kingambit
|-boost|p2a: Kingambit|atk|2
|
|-weather|SunnyDay|[upkeep]
|upkeep
|turn|5
|
|t:|1785651241
|move|p1a: MegaKingampi|Sucker Punch||[still]
|-fail|p1a: MegaKingampi
|move|p1b: El Reseñas|Stomping Tantrum|p2a: Kingambit
|-supereffective|p2a: Kingambit|1
|-damage|p2a: Kingambit|0 fnt
|faint|p2a: Kingambit
|
|win|Arsene14
|raw|Arsene14's rating: 1204 → 1235(+31 for winning)
|raw|lux raymundi's rating: 1285 → 1254(-31 for losing)
