|j|☆Mr James Freak
|j|☆Missed Ledgedash
|html|Mr James FreakMissed Ledgedash    
|uhtml|bestof|Game 3 of a best-of-3
|t:|1782262995
|gametype|doubles
|player|p1|Mr James Freak|scientist|1211
|player|p2|Missed Ledgedash|juan-gen3|1175
|gen|9
|tier|[Gen 9 Champions] VGC 2026 Reg M-B (Bo3)
|rated|
|rule|Species Clause: Limit one of each Pokémon
|rule|Item Clause: Limit 1 of each item
|clearpoke
|poke|p1|Tyranitar, L50, M, shiny|
|poke|p1|Metagross, L50, shiny|
|poke|p1|Sinistcha-Masterpiece, L50|
|poke|p1|Rotom-Wash, L50, shiny|
|poke|p1|Garchomp, L50, M, shiny|
|poke|p1|Incineroar, L50, F, shiny|
|poke|p2|Incineroar, L50, F|
|poke|p2|Gengar, L50, M|
|poke|p2|Staraptor, L50, M|
|poke|p2|Basculegion, L50, M|
|poke|p2|Sneasler, L50, F|
|poke|p2|Kingambit, L50, M|
|teampreview|4
|showteam|p1|Tyranitar||Tyranitarite|SandStream|RockSlide,KnockOff,DragonDance,Protect|Adamant||M|||50|]Metagross||Metagrossite|ClearBody|IronHead,PsychicFangs,BodyPress,Protect|Jolly|||||50|]Sinistcha-Masterpiece||SitrusBerry|Hospitality|MatchaGotcha,RagePowder,LifeDew,Protect|Bold|||||50|]Rotom-Wash||Leftovers|Levitate|Electroweb,HydroPump,WillOWisp,Protect|Calm|||||50|]Garchomp||LifeOrb|RoughSkin|Earthquake,RockSlide,ScaleShot,Protect|Jolly||M|||50|]Incineroar||PasshoBerry|Intimidate|FakeOut,PartingShot,FlareBlitz,ThroatChop|Adamant||F|||50|
|showteam|p2|Incineroar||SitrusBerry|Intimidate|Protect,FlareBlitz,PartingShot,FakeOut|Relaxed||F|||50|]Gengar||Gengarite|CursedBody|Protect,ShadowBall,SludgeBomb,PerishSong|Timid||M|||50|]Staraptor||Staraptite|Intimidate|Protect,CloseCombat,BraveBird,FinalGambit|Jolly||M|||50|]Basculegion||MysticWater|Adaptability|Protect,WaveCrash,LastRespects,AquaJet|Jolly||M|||50|]Sneasler||WhiteHerb|Unburden|Protect,CloseCombat,DireClaw,FakeOut|Adamant||F|||50|]Kingambit||ChopleBerry|Defiant|Protect,KowtowCleave,SuckerPunch,LowKick|Adamant||M|||50|
|
|t:|1782263012
|teamsize|p1|4
|teamsize|p2|4
|start
|switch|p1a: Sinistcha|Sinistcha-Masterpiece, L50|100/100
|switch|p1b: Metagross|Metagross, L50, shiny|100/100
|switch|p2a: Staraptor|Staraptor, L50, M|100/100
|switch|p2b: Basculegion|Basculegion, L50, M|100/100
|-ability|p2a: Staraptor|Intimidate|boost
|-unboost|p1a: Sinistcha|atk|1
|-fail|p1b: Metagross|unboost|[from] ability: Clear Body|[of] p1b: Metagross
|turn|1
|
|t:|1782263029
|switch|p2a: Incineroar|Incineroar, L50, F|100/100
|-ability|p2a: Incineroar|Intimidate|boost
|-unboost|p1a: Sinistcha|atk|1
|-fail|p1b: Metagross|unboost|[from] ability: Clear Body|[of] p1b: Metagross
|detailschange|p1b: Metagross|Metagross-Mega, L50, shiny
|-mega|p1b: Metagross|Metagross|Metagrossite
|move|p1a: Sinistcha|Rage Powder|p1a: Sinistcha
|-singleturn|p1a: Sinistcha|move: Rage Powder
|move|p1b: Metagross|Psychic Fangs|p2b: Basculegion
|-damage|p2b: Basculegion|29/100
|move|p2b: Basculegion|Wave Crash|p1a: Sinistcha
|-resisted|p1a: Sinistcha|1
|-damage|p1a: Sinistcha|61/100
|-damage|p2b: Basculegion|18/100|[from] Recoil
|
|upkeep
|turn|2
|
|t:|1782263051
|switch|p2b: Sneasler|Sneasler, L50, F|100/100
|move|p1b: Metagross|Protect|p1b: Metagross
|-singleturn|p1b: Metagross|Protect
|move|p1a: Sinistcha|Protect|p1a: Sinistcha
|-singleturn|p1a: Sinistcha|Protect
|move|p2a: Incineroar|Fake Out|p1b: Metagross
|-activate|p1b: Metagross|move: Protect
|
|upkeep
|turn|3
|
|t:|1782263067
|switch|p1b: Garchomp|Garchomp, L50, M, shiny|100/100
|switch|p1a: Rotom|Rotom-Wash, L50, shiny|100/100
|move|p2b: Sneasler|Fake Out|p1b: Garchomp
|-damage|p1b: Garchomp|86/100
|-damage|p2b: Sneasler|87/100|[from] ability: Rough Skin|[of] p1b: Garchomp
|move|p2a: Incineroar|Flare Blitz|p1a: Rotom
|-resisted|p1a: Rotom|1
|-damage|p1a: Rotom|71/100
|-damage|p2a: Incineroar|93/100|[from] Recoil
|
|-heal|p1a: Rotom|77/100|[from] item: Leftovers
|upkeep
|turn|4
|
|t:|1782263086
|switch|p2a: Staraptor|Staraptor, L50, M|100/100
|-ability|p2a: Staraptor|Intimidate|boost
|-unboost|p1a: Rotom|atk|1
|-unboost|p1b: Garchomp|atk|1
|move|p1b: Garchomp|Earthquake|p2b: Sneasler|[spread] p2b
|-immune|p1a: Rotom|[from] ability: Levitate
|-immune|p2a: Staraptor
|-supereffective|p2b: Sneasler|1
|-damage|p2b: Sneasler|11/100
|-damage|p1b: Garchomp|77/100|[from] item: Life Orb
|move|p2b: Sneasler|Close Combat|p1a: Rotom
|-damage|p1a: Rotom|4/100
|-unboost|p2b: Sneasler|def|1
|-unboost|p2b: Sneasler|spd|1
|-enditem|p2b: Sneasler|White Herb
|-clearnegativeboost|p2b: Sneasler|[silent]
|move|p1a: Rotom|Will-O-Wisp|p2b: Sneasler
|-status|p2b: Sneasler|brn
|
|-heal|p1a: Rotom|11/100|[from] item: Leftovers
|-damage|p2b: Sneasler|4/100 brn|[from] brn
|upkeep
|turn|5
|
|t:|1782263111
|detailschange|p2a: Staraptor|Staraptor-Mega, L50, M
|-mega|p2a: Staraptor|Staraptor|Staraptite
|move|p1b: Garchomp|Protect|p1b: Garchomp
|-singleturn|p1b: Garchomp|Protect
|move|p1a: Rotom|Protect|p1a: Rotom
|-singleturn|p1a: Rotom|Protect
|move|p2b: Sneasler|Close Combat|p1b: Garchomp
|-activate|p1b: Garchomp|move: Protect
|move|p2a: Staraptor|Close Combat|p1a: Rotom
|-activate|p1a: Rotom|move: Protect
|
|-heal|p1a: Rotom|17/100|[from] item: Leftovers
|-damage|p2b: Sneasler|0 fnt|[from] brn
|faint|p2b: Sneasler
|upkeep
|
|t:|1782263120
|switch|p2b: Incineroar|Incineroar, L50, F|93/100
|-ability|p2b: Incineroar|Intimidate|boost
|-unboost|p1a: Rotom|atk|1
|-unboost|p1b: Garchomp|atk|1
|turn|6
|
|t:|1782263131
|switch|p1b: Sinistcha|Sinistcha-Masterpiece, L50|61/100
|-heal|p1a: Rotom|42/100|[from] ability: Hospitality|[of] p1b: Sinistcha
|move|p2b: Incineroar|Fake Out|p1a: Rotom
|-damage|p1a: Rotom|30/100
|move|p2a: Staraptor|Close Combat|p1b: Sinistcha
|-immune|p1b: Sinistcha
|cant|p1a: Rotom|flinch
|
|-heal|p1a: Rotom|36/100|[from] item: Leftovers
|upkeep
|turn|7
|
|t:|1782263142
|move|p1b: Sinistcha|Rage Powder|p1b: Sinistcha
|-singleturn|p1b: Sinistcha|move: Rage Powder
|move|p2a: Staraptor|Brave Bird|p1b: Sinistcha
|-supereffective|p1b: Sinistcha|1
|-damage|p1b: Sinistcha|0 fnt
|faint|p1b: Sinistcha
|-damage|p2a: Staraptor|81/100|[from] Recoil
|move|p1a: Rotom|Will-O-Wisp|p2a: Staraptor
|-status|p2a: Staraptor|brn
|move|p2b: Incineroar|Parting Shot|p1a: Rotom
|-unboost|p1a: Rotom|atk|1
|-unboost|p1a: Rotom|spa|1
|
|t:|1782263153
|switch|p2b: Basculegion|Basculegion, L50, M|18/100|[from] Parting Shot
|
|-heal|p1a: Rotom|43/100|[from] item: Leftovers
|-damage|p2a: Staraptor|75/100 brn|[from] brn
|upkeep
|
|t:|1782263159
|switch|p1b: Garchomp|Garchomp, L50, M, shiny|77/100
|turn|8
|
|t:|1782263167
|switch|p2b: Incineroar|Incineroar, L50, F|93/100
|-ability|p2b: Incineroar|Intimidate|boost
|-unboost|p1a: Rotom|atk|1
|-unboost|p1b: Garchomp|atk|1
|move|p2a: Staraptor|Close Combat|p1a: Rotom
|-damage|p1a: Rotom|14/100
|-boost|p2a: Staraptor|def|1
|-boost|p2a: Staraptor|spd|1
|move|p1b: Garchomp|Rock Slide|p2b: Incineroar|[spread] p2a,p2b
|-supereffective|p2b: Incineroar|1
|-damage|p2a: Staraptor|66/100 brn
|-damage|p2b: Incineroar|71/100
|-damage|p1b: Garchomp|67/100|[from] item: Life Orb
|move|p1a: Rotom|Hydro Pump|p2a: Staraptor
|-damage|p2a: Staraptor|48/100 brn
|
|-heal|p1a: Rotom|20/100y|[from] item: Leftovers
|-damage|p2a: Staraptor|42/100 brn|[from] brn
|upkeep
|turn|9
|
|t:|1782263188
|move|p1b: Garchomp|Protect|p1b: Garchomp
|-singleturn|p1b: Garchomp|Protect
|move|p1a: Rotom|Protect|p1a: Rotom
|-singleturn|p1a: Rotom|Protect
|move|p2b: Incineroar|Fake Out|p1b: Garchomp
|-activate|p1b: Garchomp|move: Protect
|move|p2a: Staraptor|Close Combat|p1a: Rotom
|-activate|p1a: Rotom|move: Protect
|
|-heal|p1a: Rotom|27/100|[from] item: Leftovers
|-damage|p2a: Staraptor|35/100 brn|[from] brn
|upkeep
|turn|10
|
|t:|1782263205
|move|p2a: Staraptor|Close Combat|p1a: Rotom
|-damage|p1a: Rotom|0 fnt
|-boost|p2a: Staraptor|def|1
|-boost|p2a: Staraptor|spd|1
|faint|p1a: Rotom
|move|p1b: Garchomp|Scale Shot|p2a: Staraptor
|-damage|p2a: Staraptor|31/100 brn
|-damage|p2a: Staraptor|26/100 brn
|-hitcount|p2a: Staraptor|2
|-unboost|p1b: Garchomp|def|1
|-boost|p1b: Garchomp|spe|1
|-damage|p1b: Garchomp|57/100|[from] item: Life Orb
|move|p2b: Incineroar|Parting Shot|p1b: Garchomp
|-unboost|p1b: Garchomp|atk|1
|-unboost|p1b: Garchomp|spa|1
|
|t:|1782263219
|switch|p2b: Basculegion|Basculegion, L50, M|18/100|[from] Parting Shot
|
|-damage|p2a: Staraptor|20/100y brn|[from] brn
|upkeep
|
|t:|1782263221
|switch|p1a: Metagross|Metagross-Mega, L50, shiny|100/100
|turn|11
|
|t:|1782263228
|switch|p2b: Incineroar|Incineroar, L50, F|71/100
|-ability|p2b: Incineroar|Intimidate|boost
|-unboost|p1a: Metagross|atk|1
|-unboost|p1b: Garchomp|atk|1
|move|p1b: Garchomp|Rock Slide|p2a: Staraptor|[spread] p2a,p2b
|-supereffective|p2b: Incineroar|1
|-damage|p2a: Staraptor|16/100 brn
|-damage|p2b: Incineroar|59/100
|-damage|p1b: Garchomp|48/100|[from] item: Life Orb
|cant|p2a: Staraptor|flinch
|move|p1a: Metagross|Psychic Fangs|p2a: Staraptor
|-supereffective|p2a: Staraptor|1
|-damage|p2a: Staraptor|0 fnt
|faint|p2a: Staraptor
|
|upkeep
|
|t:|1782263239
|switch|p2a: Basculegion|Basculegion, L50, M|18/100
|turn|12
|
|t:|1782263246
|move|p1b: Garchomp|Protect|p1b: Garchomp
|-singleturn|p1b: Garchomp|Protect
|move|p1a: Metagross|Protect|p1a: Metagross
|-singleturn|p1a: Metagross|Protect
|move|p2b: Incineroar|Fake Out|p1a: Metagross
|-activate|p1a: Metagross|move: Protect
|move|p2a: Basculegion|Last Respects|p1b: Garchomp
|-activate|p1b: Garchomp|move: Protect
|
|upkeep
|turn|13
|
|t:|1782263263
|move|p2a: Basculegion|Aqua Jet|p1b: Garchomp
|-damage|p1b: Garchomp|5/100
|-damage|p2a: Basculegion|6/100|[from] ability: Rough Skin|[of] p1b: Garchomp
|move|p1b: Garchomp|Rock Slide|p2a: Basculegion|[spread] p2a,p2b
|-supereffective|p2b: Incineroar|1
|-crit|p2b: Incineroar
|-damage|p2a: Basculegion|0 fnt
|-damage|p2b: Incineroar|12/100
|-enditem|p2b: Incineroar|Sitrus Berry|[eat]
|-heal|p2b: Incineroar|37/100|[from] item: Sitrus Berry
|faint|p2a: Basculegion
|-damage|p1b: Garchomp|0 fnt|[from] item: Life Orb
|faint|p1b: Garchomp
|move|p1a: Metagross|Body Press|p2b: Incineroar
|-supereffective|p2b: Incineroar|1
|-damage|p2b: Incineroar|0 fnt
|faint|p2b: Incineroar
|
|win|Mr James Freak
|raw|Mr James Freak's rating: 1211 → 1233(+22 for winning)
|raw|Missed Ledgedash's rating: 1175 → 1153(-22 for losing)
