|j|☆CaratroncoSun
|j|☆lljkjkbhvghcv
|html|CaratroncoSunlljkjkbhvghcv    
|uhtml|bestof|Game 2 of a best-of-3
|t:|1782225289
|gametype|doubles
|player|p1|CaratroncoSun|juan|1112
|player|p2|lljkjkbhvghcv|pokemonrangerf|1000
|gen|9
|tier|[Gen 9 Champions] VGC 2026 Reg M-B (Bo3)
|rated|
|rule|Species Clause: Limit one of each Pokémon
|rule|Item Clause: Limit 1 of each item
|clearpoke
|poke|p1|Overqwil, L50, F, shiny|
|poke|p1|Swampert, L50, M|
|poke|p1|Pelipper, L50, M|
|poke|p1|Metagross, L50, shiny|
|poke|p1|Sneasler, L50, F|
|poke|p1|Sinistcha-Masterpiece, L50|
|poke|p2|Raichu, L50, F|
|poke|p2|Sinistcha, L50|
|poke|p2|Grimmsnarl, L50, M|
|poke|p2|Gholdengo, L50|
|poke|p2|Aerodactyl, L50, F|
|poke|p2|Volcarona, L50, M|
|teampreview|4
|showteam|p1|Overqwil||LifeOrb|SwiftSwim|Protect,PoisonJab,ThroatChop,Liquidation|Adamant||F|||50|]Swampert||Swampertite|Damp|Protect,WaveCrash,HighHorsepower,IcePunch|Adamant||M|||50|]Pelipper||FocusSash|Drizzle|Protect,Tailwind,Hurricane,WeatherBall|Modest||M|||50|]Metagross||Metagrossite|ClearBody|Protect,PsychicFangs,MeteorMash,IcePunch|Jolly|||||50|]Sneasler||WhiteHerb|Unburden|Coaching,FakeOut,DireClaw,CloseCombat|Jolly||F|||50|]Sinistcha-Masterpiece||SitrusBerry|Hospitality|MatchaGotcha,TrickRoom,LifeDew,RagePowder|Bold|||||50|
|showteam|p2|Raichu||RaichuniteX|LightningRod|VoltTackle,FakeOut,PlayRough,KnockOff|Adamant||F|||50|]Sinistcha||SitrusBerry|Hospitality|LifeDew,RagePowder,MatchaGotcha,Protect|Bold|||||50|]Grimmsnarl||LightClay|Prankster|LightScreen,Reflect,PartingShot,SpiritBreak|Careful||M|||50|]Gholdengo||ChoiceScarf|GoodasGold|PowerGem,Trick,MakeItRain,ShadowBall|Modest|||||50|]Aerodactyl||FocusSash|Unnerve|RockSlide,Tailwind,WideGuard,Protect|Jolly||F|||50|]Volcarona||Leftovers|FlameBody|RagePowder,FieryDance,Protect,StruggleBug|Timid||M|||50|
|inactive|Battle timer is ON: inactive players will automatically lose when time's up. (requested by lljkjkbhvghcv)
|
|t:|1782225309
|teamsize|p1|4
|teamsize|p2|4
|start
|switch|p1a: Swampert|Swampert, L50, M|100/100
|switch|p1b: Sneasler|Sneasler, L50, F|100/100
|switch|p2a: Sinistcha|Sinistcha, L50|100/100
|switch|p2b: Aerodactyl|Aerodactyl, L50, F|100/100
|-ability|p2b: Aerodactyl|Unnerve
|turn|1
|
|t:|1782225322
|switch|p2b: Grimmsnarl|Grimmsnarl, L50, M|100/100
|switch|p1a: Overqwil|Overqwil, L50, F, shiny|100/100
|move|p1b: Sneasler|Fake Out|p2b: Grimmsnarl
|-damage|p2b: Grimmsnarl|84/100
|move|p2a: Sinistcha|Matcha Gotcha|p1a: Overqwil|[spread] p1a,p1b
|-resisted|p1a: Overqwil|1
|-resisted|p1b: Sneasler|1
|-damage|p1a: Overqwil|83/100
|-damage|p1b: Sneasler|85/100
|
|upkeep
|turn|2
|
|t:|1782225340
|switch|p2a: Aerodactyl|Aerodactyl, L50, F|100/100
|-ability|p2a: Aerodactyl|Unnerve
|move|p2b: Grimmsnarl|Reflect|p2b: Grimmsnarl
|-sidestart|p2: lljkjkbhvghcv|Reflect
|move|p1b: Sneasler|Coaching|p1a: Overqwil
|-boost|p1a: Overqwil|atk|1
|-boost|p1a: Overqwil|def|1
|move|p1a: Overqwil|Throat Chop|p2a: Aerodactyl
|-crit|p2a: Aerodactyl
|-enditem|p2a: Aerodactyl|Focus Sash
|-damage|p2a: Aerodactyl|1/100
|-start|p2a: Aerodactyl|Throat Chop|[silent]
|-damage|p1a: Overqwil|73/100|[from] item: Life Orb
|
|upkeep
|turn|3
|
|t:|1782225360
|switch|p1b: Pelipper|Pelipper, L50, M|100/100
|-weather|RainDance|[from] ability: Drizzle|[of] p1b: Pelipper
|move|p2a: Aerodactyl|Protect|p2a: Aerodactyl
|-singleturn|p2a: Aerodactyl|Protect
|move|p1a: Overqwil|Throat Chop|p2a: Aerodactyl
|-activate|p2a: Aerodactyl|move: Protect
|move|p2b: Grimmsnarl|Spirit Break|p1b: Pelipper
|-damage|p1b: Pelipper|59/100
|-unboost|p1b: Pelipper|spa|1
|
|-weather|RainDance|[upkeep]
|-end|p2a: Aerodactyl|Throat Chop|[silent]
|upkeep
|turn|4
|
|t:|1782225380
|switch|p2a: Sinistcha|Sinistcha, L50|100/100
|-heal|p2b: Grimmsnarl|100/100|[from] ability: Hospitality|[of] p2a: Sinistcha
|move|p2b: Grimmsnarl|Parting Shot|p1b: Pelipper
|-unboost|p1b: Pelipper|atk|1
|-unboost|p1b: Pelipper|spa|1
|
|t:|1782225387
|switch|p2b: Raichu|Raichu, L50, F|100/100|[from] Parting Shot
|move|p1a: Overqwil|Throat Chop|p2a: Sinistcha
|-supereffective|p2a: Sinistcha|1
|-damage|p2a: Sinistcha|25/100
|-start|p2a: Sinistcha|Throat Chop|[silent]
|-enditem|p2a: Sinistcha|Sitrus Berry|[eat]
|-heal|p2a: Sinistcha|50/100g|[from] item: Sitrus Berry
|-damage|p1a: Overqwil|63/100|[from] item: Life Orb
|move|p1b: Pelipper|Weather Ball|p2b: Raichu
|-damage|p2b: Raichu|47/100
|
|-weather|RainDance|[upkeep]
|upkeep
|turn|5
|
|t:|1782225403
|detailschange|p2b: Raichu|Raichu-Mega-X, L50, F
|-mega|p2b: Raichu|Raichu|Raichunite X
|-fieldstart|move: Electric Terrain|[from] ability: Electric Surge|[of] p2b: Raichu
|move|p2b: Raichu|Fake Out|p1a: Overqwil
|-damage|p1a: Overqwil|50/100g
|cant|p1a: Overqwil|flinch
|move|p1b: Pelipper|Hurricane|p2a: Sinistcha
|-supereffective|p2a: Sinistcha|1
|-damage|p2a: Sinistcha|0 fnt
|faint|p2a: Sinistcha
|
|-weather|RainDance|[upkeep]
|upkeep
|
|t:|1782225422
|switch|p2a: Grimmsnarl|Grimmsnarl, L50, M|100/100
|turn|6
|
|t:|1782225435
|switch|p1b: Sneasler|Sneasler, L50, F|85/100
|move|p2a: Grimmsnarl|Light Screen|p2a: Grimmsnarl
|-sidestart|p2: lljkjkbhvghcv|move: Light Screen
|move|p1a: Overqwil|Liquidation|p2b: Raichu
|-damage|p2b: Raichu|0 fnt
|faint|p2b: Raichu
|-damage|p1a: Overqwil|40/100|[from] item: Life Orb
|
|-weather|RainDance|[upkeep]
|upkeep
|
|t:|1782225449
|switch|p2b: Aerodactyl|Aerodactyl, L50, F|1/100
|-ability|p2b: Aerodactyl|Unnerve
|turn|7
|
|t:|1782225459
|move|p2b: Aerodactyl|Protect|p2b: Aerodactyl
|-singleturn|p2b: Aerodactyl|Protect
|move|p1b: Sneasler|Fake Out|p2b: Aerodactyl
|-activate|p2b: Aerodactyl|move: Protect
|move|p1a: Overqwil|Poison Jab|p2a: Grimmsnarl
|-supereffective|p2a: Grimmsnarl|1
|-damage|p2a: Grimmsnarl|0 fnt
|faint|p2a: Grimmsnarl
|-damage|p1a: Overqwil|30/100|[from] item: Life Orb
|
|-weather|none
|upkeep
|turn|8
|-message|lljkjkbhvghcv forfeited.
|
|win|CaratroncoSun
|raw|CaratroncoSun's rating: 1112 → 1129(+17 for winning)
|raw|lljkjkbhvghcv's rating: 1000 → 1000(+0 for losing)
