|j|☆LaF101
|j|☆Warlock3.0
|html|LaF101Warlock3.0    
|uhtml|bestof|Game 3 of a best-of-3
|t:|1756401802
|gametype|doubles
|player|p1|LaF101|rood|1033
|player|p2|Warlock3.0|170|1077
|gen|9
|tier|[Gen 9] VGC 2025 Reg H (Bo3)
|rated|
|rule|Species Clause: Limit one of each Pokémon
|rule|Item Clause: Limit 1 of each item
|clearpoke
|poke|p1|Pelipper, L50, F|
|poke|p1|Archaludon, L50, F|
|poke|p1|Annihilape, L50, F|
|poke|p1|Maushold, L50|
|poke|p1|Sinistcha, L50|
|poke|p1|Incineroar, L50, F|
|poke|p2|Hatterene, L50, F|
|poke|p2|Ursaluna, L50, F|
|poke|p2|Torkoal, L50, M|
|poke|p2|Charizard, L50, M|
|poke|p2|Jumpluff, L50, F|
|poke|p2|Indeedee-F, L50, F|
|teampreview|4
|showteam|p1|Pelipper||FocusSash|Drizzle|WeatherBall,Hurricane,Tailwind,Protect|||F|||50|,,,,,Ghost]Archaludon||AssaultVest|Stamina|ElectroShot,BodyPress,FlashCannon,Snarl|||F|||50|,,,,,Bug]Annihilape||Leftovers|Defiant|RageFist,DrainPunch,BulkUp,Protect|||F|||50|,,,,,Water]Maushold||RockyHelmet|FriendGuard|FollowMe,BeatUp,Taunt,Protect||||||50|,,,,,Grass]Sinistcha||SitrusBerry|Hospitality|MatchaGotcha,RagePowder,TrickRoom,LifeDew||||||50|,,,,,Water]Incineroar||SafetyGoggles|Intimidate|FlareBlitz,KnockOff,FakeOut,PartingShot|||F|||50|,,,,,Fire
|showteam|p2|Hatterene||SafetyGoggles|MagicBounce|TrickRoom,ExpandingForce,DazzlingGleam,Protect|||F|||50|,,,,,Ghost]Ursaluna||FlameOrb|Guts|Facade,HeadlongRush,Earthquake,Protect|||F|||50|,,,,,Ghost]Torkoal||Leftovers|Drought|Eruption,HeatWave,Protect,Overheat|||M|||50|,,,,,Fire]Charizard||ChoiceSpecs|SolarPower|WeatherBall,HeatWave,SolarBeam,Overheat|||M|||50|,,,,,Grass]Jumpluff||CovertCloak|Chlorophyll|Tailwind,SleepPowder,Acrobatics,Protect|||F|||50|,,,,,Dark]Indeedee-F||PsychicSeed|PsychicSurge|FollowMe,TrickRoom,Psychic,FakeOut|||F|||50|,,,,,Ghost
|inactive|Battle timer is ON: inactive players will automatically lose when time's up. (requested by Warlock3.0)
|inactive|LaF101 also wants the timer to be on.
|
|t:|1756401827
|teamsize|p1|4
|teamsize|p2|4
|start
|switch|p1a: Sinistcha|Sinistcha, L50|100/100
|switch|p1b: Annihilape|Annihilape, L50, F|100/100
|switch|p2a: Hatterene|Hatterene, L50, F|100/100
|switch|p2b: Indeedee|Indeedee-F, L50, F|100/100
|-fieldstart|move: Psychic Terrain|[from] ability: Psychic Surge|[of] p2b: Indeedee
|-enditem|p2b: Indeedee|Psychic Seed
|-boost|p2b: Indeedee|spd|1|[from] item: Psychic Seed
|turn|1
|inactive|LaF101 has 30 seconds left.
|
|t:|1756401854
|move|p2b: Indeedee|Follow Me|p2b: Indeedee
|-singleturn|p2b: Indeedee|move: Follow Me
|move|p1b: Annihilape|Rage Fist|p2b: Indeedee
|-immune|p2b: Indeedee
|move|p1a: Sinistcha|Matcha Gotcha|p2a: Hatterene|[spread] p2a,p2b
|-damage|p2a: Hatterene|77/100
|-damage|p2b: Indeedee|85/100
|move|p2a: Hatterene|Trick Room|p2a: Hatterene
|-fieldstart|move: Trick Room|[of] p2a: Hatterene
|
|upkeep
|turn|2
|
|t:|1756401876
|move|p2a: Hatterene|Expanding Force|p1a: Sinistcha|[spread] p1a,p1b
|-supereffective|p1b: Annihilape
|-damage|p1a: Sinistcha|48/100
|-damage|p1b: Annihilape|0 fnt
|-enditem|p1a: Sinistcha|Sitrus Berry|[eat]
|-heal|p1a: Sinistcha|73/100|[from] item: Sitrus Berry
|faint|p1b: Annihilape
|move|p2b: Indeedee|Psychic|p1a: Sinistcha
|-damage|p1a: Sinistcha|34/100
|move|p1a: Sinistcha|Matcha Gotcha|p2a: Hatterene|[spread] p2a,p2b
|-damage|p2a: Hatterene|53/100
|-heal|p1a: Sinistcha|44/100|[from] drain|[of] p2a: Hatterene
|-damage|p2b: Indeedee|69/100
|-heal|p1a: Sinistcha|52/100|[from] drain|[of] p2b: Indeedee
|
|upkeep
|
|t:|1756401880
|switch|p1b: Archaludon|Archaludon, L50, F|100/100
|turn|3
|
|t:|1756401898
|switch|p1a: Pelipper|Pelipper, L50, F|100/100
|-weather|RainDance|[from] ability: Drizzle|[of] p1a: Pelipper
|move|p2b: Indeedee|Follow Me|p2b: Indeedee
|-singleturn|p2b: Indeedee|move: Follow Me
|move|p2a: Hatterene|Expanding Force|p1b: Archaludon|[spread] p1a,p1b
|-resisted|p1b: Archaludon
|-damage|p1a: Pelipper|3/100
|-damage|p1b: Archaludon|81/100
|-ability|p1b: Archaludon|Stamina|boost
|-boost|p1b: Archaludon|def|1
|move|p1b: Archaludon|Snarl|p2b: Indeedee|[spread] p2b
|-miss|p1b: Archaludon|p2a: Hatterene
|-supereffective|p2b: Indeedee
|-crit|p2b: Indeedee
|-damage|p2b: Indeedee|37/100
|-unboost|p2b: Indeedee|spa|1
|
|-weather|RainDance|[upkeep]
|upkeep
|turn|4
|
|t:|1756401917
|move|p1a: Pelipper|Protect|p1a: Pelipper
|-singleturn|p1a: Pelipper|Protect
|move|p2a: Hatterene|Expanding Force|p1a: Pelipper|[spread] p1b
|-activate|p1a: Pelipper|move: Protect
|-resisted|p1b: Archaludon
|-damage|p1b: Archaludon|63/100
|-ability|p1b: Archaludon|Stamina|boost
|-boost|p1b: Archaludon|def|1
|move|p2b: Indeedee|Psychic|p1b: Archaludon
|-resisted|p1b: Archaludon
|-damage|p1b: Archaludon|55/100
|-ability|p1b: Archaludon|Stamina|boost
|-boost|p1b: Archaludon|def|1
|move|p1b: Archaludon|Snarl|p2a: Hatterene|[spread] p2a,p2b
|-supereffective|p2b: Indeedee
|-damage|p2a: Hatterene|42/100
|-damage|p2b: Indeedee|23/100
|-unboost|p2a: Hatterene|spa|1
|-unboost|p2b: Indeedee|spa|1
|
|-weather|RainDance|[upkeep]
|upkeep
|turn|5
|
|t:|1756401936
|move|p1a: Pelipper|Protect||[still]
|-fail|p1a: Pelipper
|move|p2a: Hatterene|Expanding Force|p1a: Pelipper|[spread] p1a,p1b
|-resisted|p1b: Archaludon
|-damage|p1a: Pelipper|0 fnt
|-damage|p1b: Archaludon|42/100
|-ability|p1b: Archaludon|Stamina|boost
|-boost|p1b: Archaludon|def|1
|faint|p1a: Pelipper
|move|p2b: Indeedee|Psychic|p1b: Archaludon
|-resisted|p1b: Archaludon
|-damage|p1b: Archaludon|36/100
|-ability|p1b: Archaludon|Stamina|boost
|-boost|p1b: Archaludon|def|1
|move|p1b: Archaludon|Snarl|p2a: Hatterene|[spread] p2a,p2b
|-supereffective|p2b: Indeedee
|-damage|p2a: Hatterene|30/100
|-damage|p2b: Indeedee|8/100
|-unboost|p2a: Hatterene|spa|1
|-unboost|p2b: Indeedee|spa|1
|
|-weather|RainDance|[upkeep]
|-fieldend|move: Trick Room
|-fieldend|move: Psychic Terrain
|upkeep
|
|t:|1756401941
|switch|p1a: Sinistcha|Sinistcha, L50|52/100
|-heal|p1b: Archaludon|61/100|[from] ability: Hospitality|[of] p1a: Sinistcha
|turn|6
|
|t:|1756401957
|move|p2b: Indeedee|Follow Me|p2b: Indeedee
|-singleturn|p2b: Indeedee|move: Follow Me
|move|p1b: Archaludon|Snarl|p2b: Indeedee|[spread] p2a,p2b
|-supereffective|p2b: Indeedee
|-damage|p2a: Hatterene|17/100
|-damage|p2b: Indeedee|0 fnt
|-unboost|p2a: Hatterene|spa|1
|faint|p2b: Indeedee
|move|p1a: Sinistcha|Life Dew|p1a: Sinistcha|[spread] p1a,p1b
|-heal|p1a: Sinistcha|77/100
|-heal|p1b: Archaludon|86/100
|move|p2a: Hatterene|Trick Room|p2a: Hatterene
|-fieldstart|move: Trick Room|[of] p2a: Hatterene
|
|-weather|RainDance|[upkeep]
|upkeep
|
|t:|1756401969
|switch|p2b: Ursaluna|Ursaluna, L50, F|100/100
|turn|7
|
|t:|1756401976
|move|p2b: Ursaluna|Protect|p2b: Ursaluna
|-singleturn|p2b: Ursaluna|Protect
|move|p2a: Hatterene|Dazzling Gleam|p1a: Sinistcha|[spread] p1a,p1b
|-damage|p1a: Sinistcha|67/100
|-damage|p1b: Archaludon|78/100
|-ability|p1b: Archaludon|Stamina|boost
|-boost|p1b: Archaludon|def|1
|move|p1a: Sinistcha|Matcha Gotcha|p2b: Ursaluna|[spread] p2a
|-activate|p2b: Ursaluna|move: Protect
|-damage|p2a: Hatterene|0 fnt
|-heal|p1a: Sinistcha|74/100|[from] drain|[of] p2a: Hatterene
|faint|p2a: Hatterene
|move|p1b: Archaludon|Body Press|p2b: Ursaluna
|-activate|p2b: Ursaluna|move: Protect
|
|-weather|none
|-status|p2b: Ursaluna|brn|[from] item: Flame Orb
|upkeep
|
|t:|1756401992
|switch|p2a: Charizard|Charizard, L50, M|100/100
|turn|8
|inactive|LaF101 has 30 seconds left.
|
|t:|1756402018
|-terastallize|p2b: Ursaluna|Ghost
|-terastallize|p1a: Sinistcha|Water
|move|p1a: Sinistcha|Rage Powder|p1a: Sinistcha
|-singleturn|p1a: Sinistcha|move: Rage Powder
|move|p2b: Ursaluna|Headlong Rush|p1a: Sinistcha
|-damage|p1a: Sinistcha|0 fnt
|-unboost|p2b: Ursaluna|def|1
|-unboost|p2b: Ursaluna|spd|1
|faint|p1a: Sinistcha
|move|p1b: Archaludon|Body Press|p2b: Ursaluna
|-immune|p2b: Ursaluna
|move|p2a: Charizard|Heat Wave|p1b: Archaludon
|-damage|p1b: Archaludon|35/100
|
|-damage|p2b: Ursaluna|94/100 brn|[from] brn
|upkeep
|turn|9
|-message|LaF101 forfeited.
|
|win|Warlock3.0
|raw|LaF101's rating: 1033 → 1020(-13 for losing)
|raw|Warlock3.0's rating: 1077 → 1102(+25 for winning)
|l|☆LaF101
|player|p1|
