|j|☆Maskwolf
|j|☆Saga_57
|html|MaskwolfSaga_57    
|uhtml|bestof|Game 2 of a best-of-3
|t:|1786070668
|gametype|doubles
|player|p1|Maskwolf|169|
|player|p2|Saga_57|iono-masters|
|gen|9
|tier|[Gen 9 Champions] VGC 2026 Reg M-B (Bo3)
|rule|Species Clause: Limit one of each Pokémon
|rule|Item Clause: Limit 1 of each item
|clearpoke
|poke|p1|Venusaur, L50, M|
|poke|p1|Charizard, L50, M|
|poke|p1|Grimmsnarl, L50, M|
|poke|p1|Archaludon, L50, F|
|poke|p1|Basculegion, L50, M|
|poke|p1|Pelipper, L50, F|
|poke|p2|Ampharos, L50, F|
|poke|p2|Runerigus, L50, M|
|poke|p2|Pelipper, L50, M|
|poke|p2|Araquanid, L50, F|
|poke|p2|Hydreigon, L50, M|
|poke|p2|Metagross, L50|
|teampreview|4
|showteam|p1|Venusaur||FocusSash|Chlorophyll|SludgeBomb,EarthPower,SleepPowder,Protect|Modest||M|||50|]Charizard||CharizarditeY|Blaze|Protect,HeatWave,SolarBeam,WeatherBall|Modest||M|||50|]Grimmsnarl||LightClay|Prankster|SpiritBreak,LightScreen,Reflect,PartingShot|Sassy||M|||50|]Archaludon||Leftovers|Stamina|ElectroShot,DragonPulse,FlashCannon,Protect|Calm||F|||50|]Basculegion||ChoiceScarf|Adaptability|WaveCrash,LastRespects,AquaJet,FlipTurn|Jolly||M|||50|]Pelipper||SitrusBerry|Drizzle|Hurricane,WeatherBall,Tailwind,WideGuard|Modest||F|||50|
|showteam|p2|Ampharos||Ampharosite|Static|Thunderbolt,DragonPulse,ParabolicCharge,Protect|Quiet||F|||50|]Runerigus||PasshoBerry|WanderingSpirit|BodyPress,FakeTears,AllySwitch,TrickRoom|Relaxed||M|||50|]Pelipper||FocusSash|Drizzle|Hurricane,WeatherBall,Tailwind,Protect|Modest||M|||50|]Araquanid||SitrusBerry|WaterBubble|Liquidation,Soak,WideGuard,Protect|Brave||F|||50|]Hydreigon||ChoiceScarf|Levitate|DarkPulse,DracoMeteor,Flamethrower,Snarl|Modest||M|||50|]Metagross||Metagrossite|ClearBody|IronHead,BodyPress,BulletPunch,Protect|Jolly|||||50|
|j| trademark4
|inactive|Battle timer is ON: inactive players will automatically lose when time's up. (requested by Saga_57)
|
|t:|1786070715
|teamsize|p1|4
|teamsize|p2|4
|start
|switch|p1a: Grimmsnarl|Grimmsnarl, L50, M|100/100
|switch|p1b: Venusaur|Venusaur, L50, M|100/100
|switch|p2a: Pelipper|Pelipper, L50, M|100/100
|switch|p2b: Hydreigon|Hydreigon, L50, M|100/100
|-weather|RainDance|[from] ability: Drizzle|[of] p2a: Pelipper
|turn|1
|l| trademark4
|inactive|Maskwolf has 30 seconds left.
|inactive|Saga_57 has 30 seconds left.
|
|t:|1786070746
|move|p1b: Venusaur|Protect|p1b: Venusaur
|-singleturn|p1b: Venusaur|Protect
|move|p2b: Hydreigon|Draco Meteor|p1b: Venusaur
|-activate|p1b: Venusaur|move: Protect
|move|p2a: Pelipper|Tailwind|p2a: Pelipper
|-sidestart|p2: Saga_57|move: Tailwind
|move|p1a: Grimmsnarl|Spirit Break|p2b: Hydreigon
|-supereffective|p2b: Hydreigon|2
|-damage|p2b: Hydreigon|0 fnt
|faint|p2b: Hydreigon
|
|-weather|RainDance|[upkeep]
|upkeep
|
|t:|1786070760
|switch|p2b: Araquanid|Araquanid, L50, F|100/100
|turn|2
|inactive|Maskwolf has 30 seconds left.
|
|t:|1786070787
|switch|p1b: Pelipper|Pelipper, L50, F|100/100
|move|p1a: Grimmsnarl|Light Screen|p1a: Grimmsnarl
|-sidestart|p1: Maskwolf|move: Light Screen
|move|p2a: Pelipper|Hurricane|p1b: Pelipper
|-damage|p1b: Pelipper|55/100
|move|p2b: Araquanid|Liquidation|p1b: Pelipper
|-resisted|p1b: Pelipper|1
|-damage|p1b: Pelipper|0 fnt
|faint|p1b: Pelipper
|
|-weather|RainDance|[upkeep]
|upkeep
|
|t:|1786070803
|switch|p1b: Venusaur|Venusaur, L50, M|100/100
|turn|3
|inactive|Saga_57 has 30 seconds left.
|
|t:|1786070832
|switch|p2a: Ampharos|Ampharos, L50, F|100/100
|move|p1b: Venusaur|Protect|p1b: Venusaur
|-singleturn|p1b: Venusaur|Protect
|move|p1a: Grimmsnarl|Reflect|p1a: Grimmsnarl
|-sidestart|p1: Maskwolf|Reflect
|move|p2b: Araquanid|Soak|p1b: Venusaur
|-activate|p1b: Venusaur|move: Protect
|
|-weather|RainDance|[upkeep]
|upkeep
|turn|4
|inactive|Maskwolf has 30 seconds left.
|inactive|Saga_57 has 30 seconds left.
|inactive|Maskwolf has 20 seconds left.
|inactive|Maskwolf has 15 seconds left.
|
|t:|1786070875
|switch|p2b: Pelipper|Pelipper, L50, M|100/100
|detailschange|p2a: Ampharos|Ampharos-Mega, L50, F
|-mega|p2a: Ampharos|Ampharos|Ampharosite
|-ability|p2a: Ampharos|Mold Breaker
|move|p2a: Ampharos|Protect|p2a: Ampharos
|-singleturn|p2a: Ampharos|Protect
|move|p1a: Grimmsnarl|Parting Shot|p2a: Ampharos
|-activate|p2a: Ampharos|move: Protect
|move|p1b: Venusaur|Sleep Powder|p2a: Ampharos
|-activate|p2a: Ampharos|move: Protect
|
|-weather|RainDance|[upkeep]
|-sideend|p2: Saga_57|move: Tailwind
|upkeep
|turn|5
|
|t:|1786070898
|switch|p2a: Araquanid|Araquanid, L50, F|100/100
|move|p1a: Grimmsnarl|Parting Shot|p2a: Araquanid
|-unboost|p2a: Araquanid|atk|1
|-unboost|p2a: Araquanid|spa|1
|
|t:|1786070906
|switch|p1a: Charizard|Charizard, L50, M|100/100|[from] Parting Shot
|move|p1b: Venusaur|Sleep Powder|p2b: Pelipper
|-status|p2b: Pelipper|slp|[from] move: Sleep Powder
|cant|p2b: Pelipper|slp
|
|-weather|none
|upkeep
|turn|6
|
|t:|1786070926
|switch|p2b: Ampharos|Ampharos-Mega, L50, F|100/100
|-ability|p2b: Ampharos|Mold Breaker
|move|p1a: Charizard|Protect|p1a: Charizard
|-singleturn|p1a: Charizard|Protect
|move|p1b: Venusaur|Sludge Bomb|p2a: Araquanid
|-damage|p2a: Araquanid|63/100
|move|p2a: Araquanid|Soak|p1b: Venusaur
|-start|p1b: Venusaur|typechange|Water
|
|upkeep
|turn|7
|inactive|Maskwolf has 30 seconds left.
|inactive|Saga_57 has 30 seconds left.
|
|t:|1786070957
|switch|p1a: Grimmsnarl|Grimmsnarl, L50, M|100/100
|move|p1b: Venusaur|Protect|p1b: Venusaur
|-singleturn|p1b: Venusaur|Protect
|move|p2b: Ampharos|Thunderbolt|p1a: Grimmsnarl
|-damage|p1a: Grimmsnarl|66/100
|move|p2a: Araquanid|Liquidation|p1a: Grimmsnarl
|-damage|p1a: Grimmsnarl|35/100
|
|upkeep
|turn|8
|inactive|Maskwolf has 30 seconds left.
|
|t:|1786070983
|switch|p2a: Pelipper|Pelipper, L50, M|100/100 slp
|-weather|RainDance|[from] ability: Drizzle|[of] p2a: Pelipper
|move|p2b: Ampharos|Protect|p2b: Ampharos
|-singleturn|p2b: Ampharos|Protect
|move|p1a: Grimmsnarl|Parting Shot|p2b: Ampharos
|-activate|p2b: Ampharos|move: Protect
|move|p1b: Venusaur|Earth Power|p2b: Ampharos
|-activate|p2b: Ampharos|move: Protect
|
|-weather|RainDance|[upkeep]
|upkeep
|turn|9
|inactive|Saga_57 has 30 seconds left.
|
|t:|1786071008
|move|p1a: Grimmsnarl|Parting Shot|p2b: Ampharos
|-unboost|p2b: Ampharos|atk|1
|-unboost|p2b: Ampharos|spa|1
|
|t:|1786071011
|switch|p1a: Charizard|Charizard, L50, M|100/100|[from] Parting Shot
|move|p1b: Venusaur|Earth Power|p2b: Ampharos
|-supereffective|p2b: Ampharos|1
|-damage|p2b: Ampharos|53/100
|cant|p2a: Pelipper|slp
|move|p2b: Ampharos|Thunderbolt|p1a: Charizard
|-supereffective|p1a: Charizard|1
|-damage|p1a: Charizard|42/100
|
|-weather|RainDance|[upkeep]
|-sideend|p1: Maskwolf|move: Light Screen
|upkeep
|turn|10
|inactive|Maskwolf has 30 seconds left.
|inactive|Saga_57 has 30 seconds left.
|
|t:|1786071045
|move|p2b: Ampharos|Protect|p2b: Ampharos
|-singleturn|p2b: Ampharos|Protect
|move|p1a: Charizard|Solar Beam||[still]
|-prepare|p1a: Charizard|Solar Beam
|move|p1b: Venusaur|Sludge Bomb|p2a: Pelipper
|-damage|p2a: Pelipper|45/100 slp
|-curestatus|p2a: Pelipper|slp|[msg]
|move|p2a: Pelipper|Tailwind|p2a: Pelipper
|-sidestart|p2: Saga_57|move: Tailwind
|
|-weather|RainDance|[upkeep]
|-sideend|p1: Maskwolf|Reflect
|upkeep
|turn|11
|
|t:|1786071064
|switch|p2a: Araquanid|Araquanid, L50, F|63/100
|move|p1a: Charizard|Solar Beam|p2a: Araquanid|[from] lockedmove
|-damage|p2a: Araquanid|49/100
|-enditem|p2a: Araquanid|Sitrus Berry|[eat]
|-heal|p2a: Araquanid|74/100|[from] item: Sitrus Berry
|move|p1b: Venusaur|Earth Power|p2b: Ampharos
|-supereffective|p2b: Ampharos|1
|-damage|p2b: Ampharos|3/100
|move|p2b: Ampharos|Parabolic Charge|p1b: Venusaur|[spread] p2a,p1a,p1b
|-supereffective|p2a: Araquanid|1
|-supereffective|p1a: Charizard|1
|-supereffective|p1b: Venusaur|1
|-damage|p2a: Araquanid|42/100
|-heal|p2b: Ampharos|17/100|[from] drain|[of] p2a: Araquanid
|-damage|p1a: Charizard|0 fnt
|-heal|p2b: Ampharos|37/100|[from] drain|[of] p1a: Charizard
|-damage|p1b: Venusaur|50/100g
|-heal|p2b: Ampharos|56/100|[from] drain|[of] p1b: Venusaur
|faint|p1a: Charizard
|
|-weather|RainDance|[upkeep]
|upkeep
|
|t:|1786071086
|switch|p1a: Grimmsnarl|Grimmsnarl, L50, M|35/100
|turn|12
|inactive|Maskwolf has 30 seconds left.
|
|t:|1786071111
|move|p1b: Venusaur|Sludge Bomb|p2a: Araquanid
|-damage|p2a: Araquanid|20/100y
|-status|p2a: Araquanid|psn
|move|p2b: Ampharos|Parabolic Charge|p1a: Grimmsnarl|[spread] p2a,p1a,p1b
|-supereffective|p2a: Araquanid|1
|-supereffective|p1b: Venusaur|1
|-damage|p2a: Araquanid|0 fnt
|-heal|p2b: Ampharos|65/100|[from] drain|[of] p2a: Araquanid
|-damage|p1a: Grimmsnarl|15/100
|-heal|p2b: Ampharos|76/100|[from] drain|[of] p1a: Grimmsnarl
|-damage|p1b: Venusaur|0 fnt
|-heal|p2b: Ampharos|96/100|[from] drain|[of] p1b: Venusaur
|faint|p2a: Araquanid
|faint|p1b: Venusaur
|move|p1a: Grimmsnarl|Spirit Break|p2b: Ampharos
|-supereffective|p2b: Ampharos|1
|-damage|p2b: Ampharos|41/100
|-unboost|p2b: Ampharos|spa|1
|
|-weather|none
|upkeep
|
|t:|1786071124
|switch|p2a: Pelipper|Pelipper, L50, M|45/100
|-weather|RainDance|[from] ability: Drizzle|[of] p2a: Pelipper
|turn|13
|
|t:|1786071136
|move|p2a: Pelipper|Weather Ball|p1a: Grimmsnarl
|-damage|p1a: Grimmsnarl|0 fnt
|faint|p1a: Grimmsnarl
|
|win|Saga_57
|inactive|Maskwolf has 30 seconds to confirm battle start!
|inactive|Saga_57 has 30 seconds to confirm battle start!
||Maskwolf is ready for game 3.
|inactive|Saga_57 has 20 seconds to confirm battle start!
||Saga_57 is ready for game 3.
|uhtml|next|Next: Game 3 of 3
|l|☆Maskwolf
|player|p1|
