|j|☆entei enthusiast
|j|☆pandarsa
|html|entei enthusiastpandarsa    
|uhtml|bestof|Game 3 of a best-of-3
|t:|1783023325
|gametype|doubles
|player|p1|entei enthusiast|kamado-armor|1072
|player|p2|pandarsa|cynthia-gen4|1167
|gen|9
|tier|[Gen 9 Champions] VGC 2026 Reg M-B (Bo3)
|rated|
|rule|Species Clause: Limit one of each Pokémon
|rule|Item Clause: Limit 1 of each item
|clearpoke
|poke|p1|Gyarados, L50, F, shiny|
|poke|p1|Floette-Eternal, L50, F|
|poke|p1|Sneasler, L50, F|
|poke|p1|Sinistcha, L50|
|poke|p1|Garchomp, L50, M|
|poke|p1|Incineroar, L50, M|
|poke|p2|Swampert, L50, F|
|poke|p2|Rotom-Wash, L50|
|poke|p2|Pelipper, L50, M|
|poke|p2|Gholdengo, L50|
|poke|p2|Basculegion, L50, M|
|poke|p2|Gengar, L50, M|
|teampreview|4
|showteam|p1|Gyarados||Gyaradosite|Intimidate|Waterfall,LashOut,DragonDance,Protect|Adamant||F|||50|]Floette-Eternal||Floettite|FlowerVeil|DrainingKiss,DazzlingGleam,CalmMind,Protect|Timid||F|||50|]Sneasler||FocusSash|PoisonTouch|CloseCombat,DireClaw,FakeOut,Coaching|Jolly||F|||50|]Sinistcha||SitrusBerry|Hospitality|MatchaGotcha,LifeDew,RagePowder,Protect|Calm|||||50|]Garchomp||LifeOrb|RoughSkin|DragonClaw,RockSlide,Earthquake,Protect|Jolly||M|||50|]Incineroar||PasshoBerry|Intimidate|FlareBlitz,FakeOut,PartingShot,Taunt|Careful||M|||50|
|showteam|p2|Swampert||Swampertite|Torrent|WaveCrash,HighHorsepower,IcePunch,BrickBreak|Adamant||F|||50|]Rotom-Wash||ExpertBelt|Levitate|Thunderbolt,HydroPump,DarkPulse,Reflect|Calm|||||50|]Pelipper||DampRock|Drizzle|Hurricane,HydroPump,Tailwind,Protect|Timid||M|||50|]Gholdengo||ShucaBerry|GoodasGold|MakeItRain,Thunder,ShadowBall,FlashCannon|Modest|||||50|]Basculegion||ChoiceScarf|Adaptability|AquaJet,WaveCrash,LastRespects,PsychicFangs|Jolly||M|||50|]Gengar||Gengarite|CursedBody|EnergyBall,Thunder,ShadowBall,IcyWind|Timid||M|||50|
|inactive|Battle timer is ON: inactive players will automatically lose when time's up. (requested by pandarsa)
|inactive|pandarsa has 60 seconds left.
|
|t:|1783023370
|teamsize|p1|4
|teamsize|p2|4
|start
|switch|p1a: Gyarados|Gyarados, L50, F, shiny|100/100
|switch|p1b: Garchomp|Garchomp, L50, M|100/100
|switch|p2a: Gengar|Gengar, L50, M|100/100
|switch|p2b: T0rkoal|Pelipper, L50, M|100/100
|-ability|p1a: Gyarados|Intimidate|boost
|-unboost|p2a: Gengar|atk|1
|-unboost|p2b: T0rkoal|atk|1
|-weather|RainDance|[from] ability: Drizzle|[of] p2b: T0rkoal
|turn|1
|inactive|entei enthusiast has 30 seconds left.
|
|t:|1783023404
|detailschange|p2a: Gengar|Gengar-Mega, L50, M
|-mega|p2a: Gengar|Gengar|Gengarite
|detailschange|p1a: Gyarados|Gyarados-Mega, L50, F, shiny
|-mega|p1a: Gyarados|Gyarados|Gyaradosite
|-ability|p1a: Gyarados|Mold Breaker
|move|p2a: Gengar|Icy Wind|p1a: Gyarados|[spread] p1a,p1b
|-resisted|p1a: Gyarados|1
|-supereffective|p1b: Garchomp|2
|-damage|p1a: Gyarados|93/100
|-damage|p1b: Garchomp|20/100y
|-unboost|p1a: Gyarados|spe|1
|-unboost|p1b: Garchomp|spe|1
|move|p2b: T0rkoal|Hurricane|p1b: Garchomp
|-damage|p1b: Garchomp|0 fnt
|faint|p1b: Garchomp
|move|p1a: Gyarados|Lash Out|p2b: T0rkoal
|-damage|p2b: T0rkoal|4/100
|
|-weather|RainDance|[upkeep]
|upkeep
|
|t:|1783023419
|switch|p1b: Incineroar|Incineroar, L50, M|100/100
|-ability|p1b: Incineroar|Intimidate|boost
|-unboost|p2a: Gengar|atk|1
|-unboost|p2b: T0rkoal|atk|1
|turn|2
|
|t:|1783023439
|switch|p2b: Gyarad0s|Rotom-Wash, L50|100/100
|move|p1b: Incineroar|Fake Out|p2b: Gyarad0s
|-damage|p2b: Gyarad0s|89/100
|move|p2a: Gengar|Thunder|p1a: Gyarados
|-supereffective|p1a: Gyarados|1
|-damage|p1a: Gyarados|27/100
|move|p1a: Gyarados|Lash Out|p2a: Gengar
|-supereffective|p2a: Gengar|1
|-damage|p2a: Gengar|0 fnt
|faint|p2a: Gengar
|
|-weather|RainDance|[upkeep]
|upkeep
|
|t:|1783023455
|switch|p2a: T0rkoal|Pelipper, L50, M|4/100
|turn|3
|inactive|entei enthusiast has 30 seconds left.
|inactive|entei enthusiast has 20 seconds left.
|inactive|entei enthusiast has 15 seconds left.
|
|t:|1783023497
|switch|p1b: Sinistcha|Sinistcha, L50|100/100
|-heal|p1a: Gyarados|52/100|[from] ability: Hospitality|[of] p1b: Sinistcha
|move|p2a: T0rkoal|Hurricane|p1a: Gyarados
|-damage|p1a: Gyarados|22/100
|-start|p1a: Gyarados|confusion
|move|p2b: Gyarad0s|Thunderbolt|p1a: Gyarados
|-supereffective|p1a: Gyarados|1
|-damage|p1a: Gyarados|0 fnt
|faint|p1a: Gyarados
|
|-weather|RainDance|[upkeep]
|upkeep
|
|t:|1783023505
|switch|p1a: Incineroar|Incineroar, L50, M|100/100
|-ability|p1a: Incineroar|Intimidate|boost
|-unboost|p2a: T0rkoal|atk|1
|-unboost|p2b: Gyarad0s|atk|1
|turn|4
|
|t:|1783023523
|switch|p2a: Zoroark Hisui|Gholdengo, L50|100/100
|move|p1a: Incineroar|Fake Out|p2b: Gyarad0s
|-damage|p2b: Gyarad0s|80/100
|cant|p2b: Gyarad0s|flinch
|move|p1b: Sinistcha|Matcha Gotcha|p2a: Zoroark Hisui|[spread] p2a,p2b
|-resisted|p2a: Zoroark Hisui|1
|-supereffective|p2b: Gyarad0s|1
|-damage|p2a: Zoroark Hisui|87/100
|-damage|p2b: Gyarad0s|40/100
|-status|p2a: Zoroark Hisui|brn
|
|-weather|RainDance|[upkeep]
|-damage|p2a: Zoroark Hisui|81/100 brn|[from] brn
|upkeep
|turn|5
|inactive|entei enthusiast has 30 seconds left.
|
|t:|1783023556
|move|p1b: Sinistcha|Protect|p1b: Sinistcha
|-singleturn|p1b: Sinistcha|Protect
|move|p2b: Gyarad0s|Dark Pulse|p1b: Sinistcha
|-activate|p1b: Sinistcha|move: Protect
|move|p2a: Zoroark Hisui|Shadow Ball|p1b: Sinistcha
|-activate|p1b: Sinistcha|move: Protect
|move|p1a: Incineroar|Flare Blitz|p2a: Zoroark Hisui
|-supereffective|p2a: Zoroark Hisui|1
|-damage|p2a: Zoroark Hisui|40/100 brn
|-damage|p1a: Incineroar|87/100|[from] Recoil
|
|-weather|RainDance|[upkeep]
|-damage|p2a: Zoroark Hisui|34/100 brn|[from] brn
|upkeep
|turn|6
|
|t:|1783023575
|move|p2b: Gyarad0s|Dark Pulse|p1b: Sinistcha
|-supereffective|p1b: Sinistcha|1
|-damage|p1b: Sinistcha|56/100
|move|p2a: Zoroark Hisui|Shadow Ball|p1b: Sinistcha
|-supereffective|p1b: Sinistcha|1
|-damage|p1b: Sinistcha|0 fnt
|faint|p1b: Sinistcha
|move|p1a: Incineroar|Flare Blitz|p2a: Zoroark Hisui
|-supereffective|p2a: Zoroark Hisui|1
|-damage|p2a: Zoroark Hisui|0 fnt
|faint|p2a: Zoroark Hisui
|-damage|p1a: Incineroar|76/100|[from] Recoil
|
|-weather|RainDance|[upkeep]
|upkeep
|
|t:|1783023579
|switch|p2a: T0rkoal|Pelipper, L50, M|4/100
|turn|7
|
|t:|1783023590
|move|p2a: T0rkoal|Hydro Pump|p1a: Incineroar
|-supereffective|p1a: Incineroar|1
|-enditem|p1a: Incineroar|Passho Berry|[eat]
|-enditem|p1a: Incineroar|Passho Berry|[weaken]
|-damage|p1a: Incineroar|26/100
|move|p2b: Gyarad0s|Hydro Pump|p1a: Incineroar|[miss]
|-miss|p2b: Gyarad0s|p1a: Incineroar
|move|p1a: Incineroar|Flare Blitz|p2a: T0rkoal
|-resisted|p2a: T0rkoal|1
|-damage|p2a: T0rkoal|0 fnt
|faint|p2a: T0rkoal
|-damage|p1a: Incineroar|25/100|[from] Recoil
|
|-weather|RainDance|[upkeep]
|upkeep
|turn|8
|-message|entei enthusiast forfeited.
|
|win|pandarsa
|raw|entei enthusiast's rating: 1072 → 1057(-15 for losing)
|raw|pandarsa's rating: 1167 → 1185(+18 for winning)
