|j|☆Divine Monkey King
|j|☆raksbach
|html|Divine Monkey Kingraksbach    
|uhtml|bestof|Game 2 of a best-of-3
|t:|1782394573
|gametype|doubles
|player|p1|Divine Monkey King|rocketgrunt|1068
|player|p2|raksbach|266|1084
|gen|9
|tier|[Gen 9 Champions] VGC 2026 Reg M-B (Bo3)
|rated|
|rule|Species Clause: Limit one of each Pokémon
|rule|Item Clause: Limit 1 of each item
|clearpoke
|poke|p1|Whimsicott, L50, F, shiny|
|poke|p1|Lucario, L50, M, shiny|
|poke|p1|Pelipper, L50, M, shiny|
|poke|p1|Beedrill, L50, M, shiny|
|poke|p1|Annihilape, L50, M, shiny|
|poke|p1|Basculegion, L50, M, shiny|
|poke|p2|Swampert, L50, F|
|poke|p2|Pelipper, L50, F|
|poke|p2|Archaludon, L50, F|
|poke|p2|Venusaur, L50, F|
|poke|p2|Gholdengo, L50|
|poke|p2|Grimmsnarl, L50, M|
|teampreview|4
|showteam|p1|Whimsicott||FocusSash|Prankster|Encore,Protect,Tailwind,BeatUp|Serious||F|||50|]Lucario||Lucarionite|Justified|Crunch,DrainPunch,PoisonJab,Protect|Jolly||M|||50|]Pelipper||SitrusBerry|Drizzle|Hurricane,IceBeam,Protect,WeatherBall|Timid||M|||50|]Beedrill||Beedrillite|Sniper|DrillRun,PoisonJab,Protect,FellStinger|Jolly||M|||50|]Annihilape||Leftovers|Defiant|BulkUp,DrainPunch,RageFist,RockSlide|Adamant||M|||50|]Basculegion||MysticWater|SwiftSwim|AquaJet,FlipTurn,LastRespects,Protect|Adamant||M|||50|
|showteam|p2|Swampert||Swampertite|Damp|WaveCrash,Earthquake,IcePunch,Protect|Adamant||F|||50|]Pelipper||SitrusBerry|Drizzle|Hurricane,WeatherBall,WideGuard,Tailwind|Bold||F|||50|]Archaludon||Leftovers|Stamina|DragonPulse,FlashCannon,ElectroShot,Protect|Modest||F|||50|]Venusaur||Venusaurite|Chlorophyll|SludgeBomb,GigaDrain,EarthPower,Protect|Modest||F|||50|]Gholdengo||LifeOrb|GoodasGold|MakeItRain,ShadowBall,NastyPlot,Protect|Timid|||||50|]Grimmsnarl||LightClay|Prankster|FoulPlay,Reflect,LightScreen,PartingShot|Careful||M|||50|
|inactive|Battle timer is ON: inactive players will automatically lose when time's up. (requested by raksbach)
|
|t:|1782394595
|teamsize|p1|4
|teamsize|p2|4
|start
|switch|p1a: Whimsicott|Whimsicott, L50, F, shiny|100/100
|switch|p1b: Lucario|Lucario, L50, M, shiny|100/100
|switch|p2a: Grimmsnarl|Grimmsnarl, L50, M|100/100
|switch|p2b: Swampert|Swampert, L50, F|100/100
|turn|1
|inactive|Divine Monkey King has 30 seconds left.
|inactive|Divine Monkey King has 20 seconds left.
|inactive|Divine Monkey King has 15 seconds left.
|
|t:|1782394637
|detailschange|p2b: Swampert|Swampert-Mega, L50, F
|-mega|p2b: Swampert|Swampert|Swampertite
|move|p2a: Grimmsnarl|Parting Shot|p1a: Whimsicott
|-unboost|p1a: Whimsicott|atk|1
|-unboost|p1a: Whimsicott|spa|1
|
|t:|1782394642
|switch|p2a: Pelipper|Pelipper, L50, F|100/100|[from] Parting Shot
|-weather|RainDance|[from] ability: Drizzle|[of] p2a: Pelipper
|move|p2b: Swampert|Earthquake|p1a: Whimsicott|[spread] p1a,p1b
|-immune|p2a: Pelipper
|-resisted|p1a: Whimsicott|1
|-supereffective|p1b: Lucario|1
|-damage|p1a: Whimsicott|63/100
|-damage|p1b: Lucario|0 fnt
|faint|p1b: Lucario
|move|p1a: Whimsicott|Beat Up|p1: Lucario|[notarget]
|-fail|p1a: Whimsicott
|
|-weather|RainDance|[upkeep]
|upkeep
|
|t:|1782394654
|switch|p1b: Basculegion|Basculegion, L50, M, shiny|100/100
|turn|2
|inactive|Divine Monkey King has 30 seconds left.
|
|t:|1782394680
|move|p1a: Whimsicott|Tailwind|p1a: Whimsicott
|-sidestart|p1: Divine Monkey King|move: Tailwind
|move|p1b: Basculegion|Flip Turn|p2b: Swampert
|-damage|p2b: Swampert|50/100g
|
|t:|1782394685
|switch|p1b: Pelipper|Pelipper, L50, M, shiny|100/100|[from] Flip Turn
|move|p2b: Swampert|Earthquake|p1a: Whimsicott|[spread] p1a
|-immune|p2a: Pelipper
|-immune|p1b: Pelipper
|-resisted|p1a: Whimsicott|1
|-damage|p1a: Whimsicott|25/100
|move|p2a: Pelipper|Hurricane|p1a: Whimsicott
|-supereffective|p1a: Whimsicott|1
|-damage|p1a: Whimsicott|0 fnt
|faint|p1a: Whimsicott
|
|-weather|RainDance|[upkeep]
|upkeep
|
|t:|1782394696
|switch|p1a: Basculegion|Basculegion, L50, M, shiny|100/100
|turn|3
|
|t:|1782394710
|move|p2b: Swampert|Protect|p2b: Swampert
|-singleturn|p2b: Swampert|Protect
|move|p1a: Basculegion|Last Respects|p2a: Pelipper
|-damage|p2a: Pelipper|28/100
|-enditem|p2a: Pelipper|Sitrus Berry|[eat]
|-heal|p2a: Pelipper|52/100|[from] item: Sitrus Berry
|move|p1b: Pelipper|Weather Ball|p2b: Swampert
|-activate|p2b: Swampert|move: Protect
|move|p2a: Pelipper|Hurricane|p1a: Basculegion
|-damage|p1a: Basculegion|60/100
|
|-weather|RainDance|[upkeep]
|upkeep
|turn|4
|
|t:|1782394732
|switch|p2b: Venusaur|Venusaur, L50, F|100/100
|move|p1a: Basculegion|Last Respects|p2a: Pelipper
|-damage|p2a: Pelipper|0 fnt
|faint|p2a: Pelipper
|move|p1b: Pelipper|Weather Ball|p2b: Venusaur
|-resisted|p2b: Venusaur|1
|-damage|p2b: Venusaur|67/100
|
|-weather|RainDance|[upkeep]
|upkeep
|
|t:|1782394741
|switch|p2a: Grimmsnarl|Grimmsnarl, L50, M|100/100
|turn|5
|
|t:|1782394752
|move|p2b: Venusaur|Protect|p2b: Venusaur
|-singleturn|p2b: Venusaur|Protect
|move|p1a: Basculegion|Aqua Jet|p2a: Grimmsnarl
|-damage|p2a: Grimmsnarl|61/100
|move|p2a: Grimmsnarl|Reflect|p2a: Grimmsnarl
|-sidestart|p2: raksbach|Reflect
|move|p1b: Pelipper|Hurricane|p2b: Venusaur
|-activate|p2b: Venusaur|move: Protect
|
|-weather|none
|-sideend|p1: Divine Monkey King|move: Tailwind
|upkeep
|turn|6
|
|t:|1782394769
|move|p1a: Basculegion|Flip Turn|p2a: Grimmsnarl
|-damage|p2a: Grimmsnarl|34/100
|move|p2b: Venusaur|Giga Drain|p1a: Basculegion
|-supereffective|p1a: Basculegion|1
|-damage|p1a: Basculegion|0 fnt
|-heal|p2b: Venusaur|99/100|[from] drain|[of] p1a: Basculegion
|faint|p1a: Basculegion
|move|p1b: Pelipper|Hurricane|p2b: Venusaur
|-supereffective|p2b: Venusaur|1
|-damage|p2b: Venusaur|5/100
|move|p2a: Grimmsnarl|Foul Play|p1b: Pelipper
|-damage|p1b: Pelipper|75/100
|
|upkeep
|turn|7
|inactive|Divine Monkey King has 30 seconds left.
|inactive|raksbach has 30 seconds left.
|inactive|raksbach has 20 seconds left.
|
|t:|1782394805
|move|p2a: Grimmsnarl|Light Screen|p2a: Grimmsnarl
|-sidestart|p2: raksbach|move: Light Screen
|move|p2b: Venusaur|Giga Drain|p1b: Pelipper
|-damage|p1b: Pelipper|30/100
|-heal|p2b: Venusaur|21/100|[from] drain|[of] p1b: Pelipper
|-enditem|p1b: Pelipper|Sitrus Berry|[eat]
|-heal|p1b: Pelipper|54/100|[from] item: Sitrus Berry
|move|p1b: Pelipper|Ice Beam|p2a: Grimmsnarl
|-damage|p2a: Grimmsnarl|18/100
|
|upkeep
|turn|8
|
|t:|1782394820
|move|p2a: Grimmsnarl|Parting Shot|p1b: Pelipper
|-unboost|p1b: Pelipper|atk|1
|-unboost|p1b: Pelipper|spa|1
|
|t:|1782394824
|switch|p2a: Swampert|Swampert-Mega, L50, F|50/100g|[from] Parting Shot
|move|p2b: Venusaur|Giga Drain|p1b: Pelipper
|-damage|p1b: Pelipper|12/100
|-heal|p2b: Venusaur|37/100|[from] drain|[of] p1b: Pelipper
|move|p1b: Pelipper|Hurricane|p2b: Venusaur
|-supereffective|p2b: Venusaur|1
|-damage|p2b: Venusaur|0 fnt
|faint|p2b: Venusaur
|
|upkeep
|
|t:|1782394834
|switch|p2b: Grimmsnarl|Grimmsnarl, L50, M|18/100
|turn|9
|
|t:|1782394846
|move|p2a: Swampert|Ice Punch|p1b: Pelipper
|-damage|p1b: Pelipper|0 fnt
|faint|p1b: Pelipper
|
|win|raksbach
