|j|☆slubkid
|j|☆PM77Switch
|html|slubkidPM77Switch    
|uhtml|bestof|Game 2 of a best-of-3
|t:|1783723497
|gametype|doubles
|player|p1|slubkid|camper|1176
|player|p2|PM77Switch|may-masters3|1152
|gen|9
|tier|[Gen 9 Champions] VGC 2026 Reg M-B (Bo3)
|rated|
|rule|Species Clause: Limit one of each Pokémon
|rule|Item Clause: Limit 1 of each item
|clearpoke
|poke|p1|Gholdengo, L50|
|poke|p1|Whimsicott, L50, M|
|poke|p1|Staraptor, L50, F|
|poke|p1|Charizard, L50, M|
|poke|p1|Sylveon, L50, F, shiny|
|poke|p1|Alakazam, L50, F|
|poke|p2|Staraptor, L50, M, shiny|
|poke|p2|Farigiraf, L50, F, shiny|
|poke|p2|Charizard, L50, M, shiny|
|poke|p2|Whimsicott, L50, F, shiny|
|poke|p2|Garchomp, L50, F, shiny|
|poke|p2|Gholdengo, L50, shiny|
|teampreview|4
|showteam|p1|Gholdengo||ChoiceScarf|GoodasGold|ShadowBall,MakeItRain,FlashCannon,PowerGem|Timid|||||50|]Whimsicott||FocusSash|Prankster|Moonblast,Charm,Tailwind,Protect|Timid||M|||50|]Staraptor||Staraptite|Intimidate|BraveBird,CloseCombat,Roost,Protect|Jolly||F|||50|]Charizard||CharizarditeY|Blaze|WeatherBall,HeatWave,SolarBeam,Protect|Modest||M|||50|]Sylveon||FairyFeather|Pixilate|HyperVoice,HyperBeam,QuickAttack,Detect|Modest||F|||50|]Alakazam||MentalHerb|InnerFocus|ThunderWave,TrickRoom,Encore,FocusBlast|Calm||F|||50|
|showteam|p2|Staraptor||Staraptite|Intimidate|DualWingbeat,CloseCombat,BlazeKick,Protect|Jolly||M|||50|]Farigiraf||SitrusBerry|ArmorTail|Psychic,HelpingHand,TrickRoom,Imprison|Bold||F|||50|]Charizard||CharizarditeY|SolarPower|HeatWave,WeatherBall,SolarBeam,Protect|Modest||M|||50|]Whimsicott||FairyFeather|Prankster|Moonblast,Tailwind,SunnyDay,Taunt|Timid||F|||50|]Garchomp||LifeOrb|RoughSkin|StompingTantrum,DragonClaw,RockSlide,Protect|Jolly||F|||50|]Gholdengo||ChoiceScarf|GoodasGold|MakeItRain,ShadowBall,PowerGem,Thunderbolt|Timid|||||50|
|inactive|Battle timer is ON: inactive players will automatically lose when time's up. (requested by PM77Switch)
|
|t:|1783723517
|teamsize|p1|4
|teamsize|p2|4
|start
|switch|p1a: Sylveon|Sylveon, L50, F, shiny|100/100
|switch|p1b: Charizard|Charizard, L50, M|100/100
|switch|p2a: Gholdengo|Gholdengo, L50, shiny|100/100
|switch|p2b: Whimsicott|Whimsicott, L50, F, shiny|100/100
|turn|1
|
|t:|1783723539
|move|p2a: Gholdengo|Power Gem|p1b: Charizard
|-supereffective|p1b: Charizard|2
|-damage|p1b: Charizard|0 fnt
|faint|p1b: Charizard
|move|p2b: Whimsicott|Moonblast|p1a: Sylveon
|-damage|p1a: Sylveon|68/100
|move|p1a: Sylveon|Hyper Voice|p2a: Gholdengo|[spread] p2a,p2b
|-resisted|p2a: Gholdengo|1
|-crit|p2a: Gholdengo
|-damage|p2a: Gholdengo|57/100
|-damage|p2b: Whimsicott|29/100
|
|upkeep
|
|t:|1783723554
|switch|p1b: Staraptor|Staraptor, L50, F|100/100
|-ability|p1b: Staraptor|Intimidate|boost
|-unboost|p2a: Gholdengo|atk|1
|-unboost|p2b: Whimsicott|atk|1
|turn|2
|inactive|slubkid has 30 seconds left.
|
|t:|1783723581
|switch|p2a: Charizard|Charizard, L50, M, shiny|100/100
|switch|p1a: Whimsicott|Whimsicott, L50, M|100/100
|move|p1b: Staraptor|Protect|p1b: Staraptor
|-singleturn|p1b: Staraptor|Protect
|move|p2b: Whimsicott|Moonblast|p1a: Whimsicott
|-damage|p1a: Whimsicott|26/100
|
|upkeep
|turn|3
|
|t:|1783723597
|detailschange|p1b: Staraptor|Staraptor-Mega, L50, F
|-mega|p1b: Staraptor|Staraptor|Staraptite
|detailschange|p2a: Charizard|Charizard-Mega-Y, L50, M, shiny
|-mega|p2a: Charizard|Charizard|Charizardite Y
|-weather|SunnyDay|[from] ability: Drought|[of] p2a: Charizard
|move|p1a: Whimsicott|Charm|p1b: Staraptor
|-boost|p1b: Staraptor|atk|2
|move|p2b: Whimsicott|Tailwind|p2b: Whimsicott
|-sidestart|p2: PM77Switch|move: Tailwind
|move|p2a: Charizard|Heat Wave|p1a: Whimsicott|[spread] p1a,p1b
|-supereffective|p1a: Whimsicott|1
|-crit|p1b: Staraptor
|-damage|p1a: Whimsicott|0 fnt
|-damage|p1b: Staraptor|5/100
|faint|p1a: Whimsicott
|move|p1b: Staraptor|Close Combat|p2a: Charizard
|-resisted|p2a: Charizard|1
|-damage|p2a: Charizard|36/100
|-boost|p1b: Staraptor|def|1
|-boost|p1b: Staraptor|spd|1
|
|-weather|SunnyDay|[upkeep]
|upkeep
|
|t:|1783723607
|switch|p1a: Sylveon|Sylveon, L50, F, shiny|68/100
|turn|4
|
|t:|1783723618
|move|p1a: Sylveon|Quick Attack|p2b: Whimsicott
|-damage|p2b: Whimsicott|8/100
|move|p2b: Whimsicott|Moonblast|p1a: Sylveon
|-damage|p1a: Sylveon|32/100
|move|p2a: Charizard|Heat Wave|p1b: Staraptor|[spread] p1a
|-miss|p2a: Charizard|p1b: Staraptor
|-damage|p1a: Sylveon|0 fnt
|faint|p1a: Sylveon
|move|p1b: Staraptor|Close Combat|p2a: Charizard
|-resisted|p2a: Charizard|1
|-damage|p2a: Charizard|0 fnt
|-boost|p1b: Staraptor|def|1
|-boost|p1b: Staraptor|spd|1
|faint|p2a: Charizard
|
|-weather|SunnyDay|[upkeep]
|upkeep
|
|t:|1783723627
|switch|p2a: Gholdengo|Gholdengo, L50, shiny|57/100
|turn|5
|
|t:|1783723639
|move|p1b: Staraptor|Protect|p1b: Staraptor
|-singleturn|p1b: Staraptor|Protect
|move|p2a: Gholdengo|Thunderbolt|p1b: Staraptor
|-activate|p1b: Staraptor|move: Protect
|move|p2b: Whimsicott|Moonblast|p1b: Staraptor
|-activate|p1b: Staraptor|move: Protect
|
|-weather|SunnyDay|[upkeep]
|upkeep
|turn|6
|
|t:|1783723646
|move|p1b: Staraptor|Protect||[still]
|-fail|p1b: Staraptor
|move|p2a: Gholdengo|Thunderbolt|p1b: Staraptor
|-supereffective|p1b: Staraptor|1
|-damage|p1b: Staraptor|0 fnt
|faint|p1b: Staraptor
|
|win|PM77Switch
|raw|slubkid's rating: 1176 → 1149(-27 for losing)
|raw|PM77Switch's rating: 1152 → 1179(+27 for winning)
|l|☆slubkid
|player|p1|
