|j|☆Pelosis
|j|☆pitty boi
|html|Pelosispitty boi    
|uhtml|bestof|Game 1 of a best-of-3
|t:|1784642547
|gametype|doubles
|player|p1|Pelosis|170|1175
|player|p2|pitty boi|2|1124
|gen|9
|tier|[Gen 9 Champions] VGC 2026 Reg M-B (Bo3)
|rated|
|rule|Species Clause: Limit one of each Pokémon
|rule|Item Clause: Limit 1 of each item
|clearpoke
|poke|p1|Metagross, L50|
|poke|p1|Hydreigon, L50, M|
|poke|p1|Talonflame, L50, F|
|poke|p1|Sneasler, L50, M|
|poke|p1|Ninetales-Alola, L50, M|
|poke|p1|Floette-Eternal, L50, F|
|poke|p2|Staraptor, L50, F|
|poke|p2|Metagross, L50|
|poke|p2|Farigiraf, L50, F|
|poke|p2|Whimsicott, L50, F|
|poke|p2|Garchomp, L50, F|
|poke|p2|Ceruledge, L50, F|
|teampreview|4
|showteam|p1|Metagross||Metagrossite|ClearBody|Protect,IronHead,ThunderPunch,PsychicFangs|Jolly|||||50|]Hydreigon||ChoiceScarf|Levitate|Snarl,DragonPulse,DarkPulse,EarthPower|Modest||M|||50|]Talonflame||SharpBeak|GaleWings|Protect,DualWingbeat,Tailwind,FlareBlitz|Adamant||F|||50|]Sneasler||FocusSash|Unburden|FakeOut,DireClaw,CloseCombat,Coaching|Jolly||M|||50|]Ninetales-Alola||LightClay|SnowWarning|Protect,AuroraVeil,Blizzard,FreezeDry|Timid||M|||50|]Floette-Eternal||Floettite|FlowerVeil|Protect,CalmMind,DrainingKiss,DazzlingGleam|Modest||F|||50|
|showteam|p2|Staraptor||Staraptite|Intimidate|Protect,CloseCombat,BraveBird,Roost|Jolly||F|||50|]Metagross||Metagrossite|ClearBody|Protect,IronHead,PsychicFangs,StompingTantrum|Adamant|||||50|]Farigiraf||SitrusBerry|ArmorTail|HelpingHand,Psychic,Thunderbolt,TrickRoom|Calm||F|||50|]Whimsicott||FocusSash|Prankster|Moonblast,Tailwind,Charm,Encore|Timid||F|||50|]Garchomp||LifeOrb|RoughSkin|Protect,StompingTantrum,RockSlide,DragonClaw|Jolly||F|||50|]Ceruledge||ColburBerry|FlashFire|Protect,BitterBlade,BulkUp,ShadowSneak|Adamant||F|||50|
|inactive|Battle timer is ON: inactive players will automatically lose when time's up. (requested by pitty boi)
|inactive|Pelosis has 60 seconds left.
|inactive|Pelosis has 30 seconds left.
|inactive|Pelosis has 20 seconds left.
|inactive|Pelosis has 15 seconds left.
|inactive|Pelosis has 10 seconds left.
|inactive|Pelosis has 5 seconds left.
|
|t:|1784642643
|teamsize|p1|4
|teamsize|p2|4
|start
|switch|p1a: Talonflame|Talonflame, L50, F|100/100
|switch|p1b: Ninetales|Ninetales-Alola, L50, M|100/100
|switch|p2a: Whimsicott|Whimsicott, L50, F|100/100
|switch|p2b: Metagross|Metagross, L50|100/100
|-weather|Snowscape|[from] ability: Snow Warning|[of] p1b: Ninetales
|turn|1
|
|t:|1784642666
|detailschange|p2b: Metagross|Metagross-Mega, L50
|-mega|p2b: Metagross|Metagross|Metagrossite
|move|p2b: Metagross|Protect|p2b: Metagross
|-singleturn|p2b: Metagross|Protect
|move|p2a: Whimsicott|Tailwind|p2a: Whimsicott
|-sidestart|p2: pitty boi|move: Tailwind
|move|p1a: Talonflame|Dual Wingbeat|p2a: Whimsicott
|-supereffective|p2a: Whimsicott|1
|-damage|p2a: Whimsicott|43/100
|-supereffective|p2a: Whimsicott|1
|-damage|p2a: Whimsicott|0 fnt
|faint|p2a: Whimsicott
|-hitcount|p2: Whimsicott|2
|move|p1b: Ninetales|Aurora Veil|p1b: Ninetales
|-sidestart|p1: Pelosis|move: Aurora Veil
|
|-weather|Snowscape|[upkeep]
|upkeep
|
|t:|1784642676
|switch|p2a: Ceruledge|Ceruledge, L50, F|100/100
|turn|2
|
|t:|1784642687
|switch|p1b: Hydreigon|Hydreigon, L50, M|100/100
|move|p1a: Talonflame|Tailwind|p1a: Talonflame
|-sidestart|p1: Pelosis|move: Tailwind
|move|p2b: Metagross|Psychic Fangs|p1b: Hydreigon
|-immune|p1b: Hydreigon
|move|p2a: Ceruledge|Bulk Up|p2a: Ceruledge
|-boost|p2a: Ceruledge|atk|1
|-boost|p2a: Ceruledge|def|1
|
|-weather|Snowscape|[upkeep]
|upkeep
|turn|3
|inactive|Pelosis has 30 seconds left.
|inactive|Pelosis has 20 seconds left.
|inactive|Pelosis has 15 seconds left.
|
|t:|1784642729
|move|p2b: Metagross|Protect|p2b: Metagross
|-singleturn|p2b: Metagross|Protect
|move|p2a: Ceruledge|Protect|p2a: Ceruledge
|-singleturn|p2a: Ceruledge|Protect
|move|p1b: Hydreigon|Dark Pulse|p2a: Ceruledge
|-activate|p2a: Ceruledge|move: Protect
|move|p1a: Talonflame|Flare Blitz|p2b: Metagross
|-activate|p2b: Metagross|move: Protect
|
|-weather|Snowscape|[upkeep]
|upkeep
|turn|4
|inactive|pitty boi has 30 seconds left.
|
|t:|1784642758
|switch|p2b: Garchomp|Garchomp, L50, F|100/100
|move|p2a: Ceruledge|Shadow Sneak|p1a: Talonflame
|-damage|p1a: Talonflame|69/100
|move|p1b: Hydreigon|Dark Pulse|p2a: Ceruledge
|-supereffective|p2a: Ceruledge|1
|-enditem|p2a: Ceruledge|Colbur Berry|[eat]
|-enditem|p2a: Ceruledge|Colbur Berry|[weaken]
|-damage|p2a: Ceruledge|63/100
|move|p1a: Talonflame|Flare Blitz|p2b: Garchomp
|-resisted|p2b: Garchomp|1
|-damage|p2b: Garchomp|75/100
|-damage|p1a: Talonflame|57/100|[from] ability: Rough Skin|[of] p2b: Garchomp
|-damage|p1a: Talonflame|47/100|[from] Recoil
|
|-weather|Snowscape|[upkeep]
|-sideend|p2: pitty boi|move: Tailwind
|upkeep
|turn|5
|inactive|Pelosis has 30 seconds left.
|
|t:|1784642783
|switch|p1b: Floette|Floette-Eternal, L50, F|100/100
|switch|p1a: Ninetales|Ninetales-Alola, L50, M|100/100
|move|p2a: Ceruledge|Protect|p2a: Ceruledge
|-singleturn|p2a: Ceruledge|Protect
|move|p2b: Garchomp|Rock Slide|p1a: Ninetales|[spread] p1a
|-miss|p2b: Garchomp|p1b: Floette
|-supereffective|p1a: Ninetales|1
|-damage|p1a: Ninetales|64/100
|-damage|p2b: Garchomp|65/100|[from] item: Life Orb
|
|-weather|none
|-sideend|p1: Pelosis|move: Tailwind
|upkeep
|turn|6
|inactive|Pelosis has 30 seconds left.
|
|t:|1784642811
|switch|p1a: Talonflame|Talonflame, L50, F|47/100
|switch|p2b: Metagross|Metagross-Mega, L50|100/100
|detailschange|p1b: Floette|Floette-Mega, L50, F
|-mega|p1b: Floette|Floette|Floettite
|-ability|p1b: Floette|Fairy Aura
|move|p1b: Floette|Dazzling Gleam|p2b: Metagross|[spread] p2a,p2b
|-resisted|p2a: Ceruledge|1
|-resisted|p2b: Metagross|1
|-damage|p2a: Ceruledge|45/100
|-damage|p2b: Metagross|76/100
|move|p2a: Ceruledge|Bitter Blade|p1a: Talonflame
|-resisted|p1a: Talonflame|1
|-damage|p1a: Talonflame|9/100
|-heal|p2a: Ceruledge|60/100|[from] drain|[of] p1a: Talonflame
|
|upkeep
|turn|7
|
|t:|1784642836
|switch|p1b: Hydreigon|Hydreigon, L50, M|100/100
|move|p2a: Ceruledge|Shadow Sneak|p1a: Talonflame
|-damage|p1a: Talonflame|0 fnt
|faint|p1a: Talonflame
|move|p2b: Metagross|Iron Head|p1b: Hydreigon
|-damage|p1b: Hydreigon|53/100
|
|upkeep
|
|t:|1784642852
|switch|p1a: Floette|Floette-Mega, L50, F|100/100
|-ability|p1a: Floette|Fairy Aura
|turn|8
|inactive|Pelosis has 30 seconds left.
|inactive|pitty boi has 30 seconds left.
|
|t:|1784642883
|move|p2b: Metagross|Protect|p2b: Metagross
|-singleturn|p2b: Metagross|Protect
|move|p1a: Floette|Protect|p1a: Floette
|-singleturn|p1a: Floette|Protect
|move|p2a: Ceruledge|Protect|p2a: Ceruledge
|-singleturn|p2a: Ceruledge|Protect
|move|p1b: Hydreigon|Snarl|p2b: Metagross|[spread] 
|-activate|p2a: Ceruledge|move: Protect
|-activate|p2b: Metagross|move: Protect
|
|-sideend|p1: Pelosis|move: Aurora Veil
|upkeep
|turn|9
|inactive|Pelosis has 30 seconds left.
|inactive|pitty boi has 30 seconds left.
|inactive|pitty boi has 20 seconds left.
|inactive|Pelosis has 20 seconds left.
|
|t:|1784642924
|move|p2a: Ceruledge|Shadow Sneak|p1b: Hydreigon
|-resisted|p1b: Hydreigon|1
|-damage|p1b: Hydreigon|37/100
|move|p1b: Hydreigon|Snarl|p2a: Ceruledge|[spread] p2a,p2b
|-supereffective|p2a: Ceruledge|1
|-supereffective|p2b: Metagross|1
|-damage|p2a: Ceruledge|21/100
|-damage|p2b: Metagross|29/100
|-unboost|p2a: Ceruledge|spa|1
|-unboost|p2b: Metagross|spa|1
|move|p2b: Metagross|Iron Head|p1b: Hydreigon
|-damage|p1b: Hydreigon|0 fnt
|faint|p1b: Hydreigon
|move|p1a: Floette|Dazzling Gleam|p2b: Metagross|[spread] p2a,p2b
|-resisted|p2a: Ceruledge|1
|-resisted|p2b: Metagross|1
|-damage|p2a: Ceruledge|3/100
|-damage|p2b: Metagross|8/100
|
|upkeep
|
|t:|1784642937
|switch|p1b: Ninetales|Ninetales-Alola, L50, M|64/100
|-weather|Snowscape|[from] ability: Snow Warning|[of] p1b: Ninetales
|turn|10
|
|t:|1784642951
|move|p2a: Ceruledge|Shadow Sneak|p1a: Floette
|-damage|p1a: Floette|69/100
|move|p1b: Ninetales|Aurora Veil|p1b: Ninetales
|-sidestart|p1: Pelosis|move: Aurora Veil
|move|p2b: Metagross|Iron Head|p1a: Floette
|-supereffective|p1a: Floette|1
|-crit|p1a: Floette
|-damage|p1a: Floette|0 fnt
|faint|p1a: Floette
|
|-weather|Snowscape|[upkeep]
|upkeep
|turn|11
|
|t:|1784642961
|move|p2a: Ceruledge|Shadow Sneak|p1b: Ninetales
|-damage|p1b: Ninetales|43/100
|move|p1b: Ninetales|Blizzard|p2a: Ceruledge|[spread] p2a,p2b
|-resisted|p2a: Ceruledge|1
|-resisted|p2b: Metagross|1
|-damage|p2a: Ceruledge|0 fnt
|-damage|p2b: Metagross|0 fnt
|faint|p2a: Ceruledge
|faint|p2b: Metagross
|
|-weather|Snowscape|[upkeep]
|upkeep
|
|t:|1784642967
|switch|p2a: Garchomp|Garchomp, L50, F|65/100
|turn|12
|
|t:|1784642971
|move|p1b: Ninetales|Blizzard|p2a: Garchomp
|-supereffective|p2a: Garchomp|2
|-damage|p2a: Garchomp|0 fnt
|faint|p2a: Garchomp
|
|win|Pelosis
