|j|☆glotis
|j|☆hugo_0845
|html|glotishugo_0845    
|uhtml|bestof|Game 3 of a best-of-3
|t:|1757779695
|gametype|doubles
|player|p1|glotis|linebacker|1087
|player|p2|hugo_0845|palmer|1143
|gen|9
|tier|[Gen 9] VGC 2025 Reg H (Bo3)
|rated|
|rule|Species Clause: Limit one of each Pokémon
|rule|Item Clause: Limit 1 of each item
|clearpoke
|poke|p1|Chesnaught, L50, F|
|poke|p1|Blaziken, L50, M|
|poke|p1|Swampert, L50, M|
|poke|p1|Salamence, L50, F|
|poke|p1|Incineroar, L50, F|
|poke|p1|Breloom, L50, M|
|poke|p2|Indeedee-F, L50, F|
|poke|p2|Armarouge, L50, F|
|poke|p2|Hatterene, L50, F|
|poke|p2|Torkoal, L50, M|
|poke|p2|Gallade, L50, M|
|poke|p2|Ursaluna, L50, F|
|teampreview|4
|showteam|p1|Chesnaught||Leftovers|Bulletproof|LeechSeed,KnockOff,Coaching,WideGuard|||F|||50|,,,,,Fire]Blaziken||FocusSash|SpeedBoost|BlazeKick,Coaching,Protect,CloseCombat|||M|||50|,,,,,Dark]Swampert||AssaultVest|Torrent|Waterfall,BodyPress,Earthquake,FlipTurn|||M|||50|,,,,,Water]Salamence||ClearAmulet|Intimidate|Protect,DragonClaw,DualWingbeat,Tailwind|||F|||50|,,,,,Steel]Incineroar||SafetyGoggles|Intimidate|FakeOut,KnockOff,PartingShot,FirePunch|||F|||50|,,,,,Bug]Breloom||SitrusBerry|Technician|BulletSeed,Spore,Protect,SwordsDance|||M|||50|,,,,,Dark
|showteam|p2|Indeedee-F||SafetyGoggles|PsychicSurge|AlluringVoice,FollowMe,HelpingHand,TrickRoom|||F|||50|,,,,,Dragon]Armarouge||PowerHerb|FlashFire|ArmorCannon,ExpandingForce,MeteorBeam,Protect|||F|||50|,,,,,Grass]Hatterene||LifeOrb|MagicBounce|ExpandingForce,DazzlingGleam,TrickRoom,Protect|||F|||50|,,,,,Fire]Torkoal||AssaultVest|Drought|Eruption,WeatherBall,EarthPower,ClearSmog|||M|||50|,,,,,Fire]Gallade||ClearAmulet|Sharpness|PsychoCut,SacredSword,WideGuard,TrickRoom|||M|||50|,,,,,Grass]Ursaluna||FlameOrb|Guts|Facade,HeadlongRush,Substitute,Protect|||F|||50|,,,,,Dragon
|inactive|Battle timer is ON: inactive players will automatically lose when time's up. (requested by glotis)
|inactive|glotis has 60 seconds left.
|
|t:|1757779727
|teamsize|p1|4
|teamsize|p2|4
|start
|switch|p1a: Incineroar|Incineroar, L50, F|100/100
|switch|p1b: Chesnaught|Chesnaught, L50, F|100/100
|switch|p2a: Gallade|Gallade, L50, M, shiny|100/100
|switch|p2b: Indeedee|Indeedee-F, L50, F, shiny|100/100
|-fieldstart|move: Psychic Terrain|[from] ability: Psychic Surge|[of] p2b: Indeedee
|-ability|p1a: Incineroar|Intimidate|boost
|-fail|p2a: Gallade|unboost|[from] item: Clear Amulet|[of] p2a: Gallade
|-unboost|p2b: Indeedee|atk|1
|turn|1
|
|t:|1757779749
|switch|p1a: Swampert|Swampert, L50, M|100/100
|-terastallize|p1b: Chesnaught|Fire
|move|p2b: Indeedee|Follow Me|p2b: Indeedee
|-singleturn|p2b: Indeedee|move: Follow Me
|move|p2a: Gallade|Sacred Sword|p1a: Swampert
|-damage|p1a: Swampert|12/100
|move|p1b: Chesnaught|Leech Seed|p2b: Indeedee
|-start|p2b: Indeedee|move: Leech Seed
|
|-damage|p2b: Indeedee|88/100|[from] Leech Seed|[of] p1b: Chesnaught
|upkeep
|turn|2
|
|t:|1757779771
|move|p1a: Swampert|Waterfall|p2a: Gallade
|-damage|p2a: Gallade|16/100
|move|p2a: Gallade|Psycho Cut|p1b: Chesnaught
|-damage|p1b: Chesnaught|59/100
|move|p1b: Chesnaught|Leech Seed|p2a: Gallade
|-start|p2a: Gallade|move: Leech Seed
|move|p2b: Indeedee|Alluring Voice|p1a: Swampert
|-damage|p1a: Swampert|0 fnt
|faint|p1a: Swampert
|
|-heal|p1b: Chesnaught|65/100|[from] item: Leftovers
|-damage|p2a: Gallade|4/100|[from] Leech Seed|[of] p1b: Chesnaught
|-heal|p1b: Chesnaught|75/100|[silent]
|-damage|p2b: Indeedee|76/100|[from] Leech Seed|[of] p1b: Chesnaught
|-heal|p1b: Chesnaught|86/100|[silent]
|upkeep
|
|t:|1757779786
|switch|p1a: Blaziken|Blaziken, L50, M|100/100
|turn|3
|
|t:|1757779799
|switch|p2a: Armarouge|Armarouge, L50, F, shiny|100/100
|move|p1a: Blaziken|Protect|p1a: Blaziken
|-singleturn|p1a: Blaziken|Protect
|move|p1b: Chesnaught|Knock Off|p2b: Indeedee
|-supereffective|p2b: Indeedee
|-damage|p2b: Indeedee|28/100
|-enditem|p2b: Indeedee|Safety Goggles|[from] move: Knock Off|[of] p1b: Chesnaught
|move|p2b: Indeedee|Trick Room|p2b: Indeedee
|-fieldstart|move: Trick Room|[of] p2b: Indeedee
|
|-heal|p1b: Chesnaught|92/100|[from] item: Leftovers
|-damage|p2b: Indeedee|16/100|[from] Leech Seed|[of] p1b: Chesnaught
|-heal|p1b: Chesnaught|100/100|[silent]
|-ability|p1a: Blaziken|Speed Boost|boost
|-boost|p1a: Blaziken|spe|1
|upkeep
|turn|4
|
|t:|1757779819
|switch|p1a: Incineroar|Incineroar, L50, F|100/100
|-ability|p1a: Incineroar|Intimidate|boost
|-unboost|p2a: Armarouge|atk|1
|-unboost|p2b: Indeedee|atk|1
|move|p2b: Indeedee|Helping Hand|p2a: Armarouge
|-singleturn|p2a: Armarouge|Helping Hand|[of] p2b: Indeedee
|move|p1b: Chesnaught|Leech Seed|p2a: Armarouge
|-start|p2a: Armarouge|move: Leech Seed
|move|p2a: Armarouge|Meteor Beam||[still]
|-prepare|p2a: Armarouge|Meteor Beam
|-boost|p2a: Armarouge|spa|1
|-enditem|p2a: Armarouge|Power Herb
|-anim|p2a: Armarouge|Meteor Beam|p1a: Incineroar
|-supereffective|p1a: Incineroar
|-damage|p1a: Incineroar|0 fnt
|faint|p1a: Incineroar
|
|-damage|p2b: Indeedee|3/100|[from] Leech Seed|[of] p1b: Chesnaught
|-damage|p2a: Armarouge|88/100|[from] Leech Seed|[of] p1b: Chesnaught
|upkeep
|
|t:|1757779834
|switch|p1a: Blaziken|Blaziken, L50, M|100/100
|turn|5
|
|t:|1757779845
|switch|p2b: Hatterene|Hatterene, L50, F|100/100
|switch|p2a: Gallade|Gallade, L50, M, shiny|4/100
|move|p1a: Blaziken|Protect|p1a: Blaziken
|-singleturn|p1a: Blaziken|Protect
|move|p1b: Chesnaught|Knock Off|p2a: Gallade
|-damage|p2a: Gallade|0 fnt
|-enditem|p2a: Gallade|Clear Amulet|[from] move: Knock Off|[of] p1b: Chesnaught
|faint|p2a: Gallade
|
|-fieldend|move: Psychic Terrain
|-ability|p1a: Blaziken|Speed Boost|boost
|-boost|p1a: Blaziken|spe|1
|upkeep
|
|t:|1757779858
|switch|p2a: Armarouge|Armarouge, L50, F, shiny|88/100
|turn|6
|
|t:|1757779874
|move|p1b: Chesnaught|Wide Guard|p1b: Chesnaught
|-singleturn|p1b: Chesnaught|Wide Guard
|move|p2b: Hatterene|Expanding Force|p1a: Blaziken
|-supereffective|p1a: Blaziken
|-enditem|p1a: Blaziken|Focus Sash
|-damage|p1a: Blaziken|1/100
|-damage|p2b: Hatterene|91/100|[from] item: Life Orb
|move|p2a: Armarouge|Armor Cannon|p1b: Chesnaught
|-resisted|p1b: Chesnaught
|-damage|p1b: Chesnaught|67/100
|-unboost|p2a: Armarouge|def|1
|-unboost|p2a: Armarouge|spd|1
|move|p1a: Blaziken|Blaze Kick|p2b: Hatterene
|-damage|p2b: Hatterene|51/100
|-status|p2b: Hatterene|brn
|
|-heal|p1b: Chesnaught|73/100|[from] item: Leftovers
|-damage|p2b: Hatterene|45/100 brn|[from] brn
|-ability|p1a: Blaziken|Speed Boost|boost
|-boost|p1a: Blaziken|spe|1
|upkeep
|turn|7
|inactive|hugo_0845 has 30 seconds left.
|
|t:|1757779903
|move|p1a: Blaziken|Protect|p1a: Blaziken
|-singleturn|p1a: Blaziken|Protect
|move|p2b: Hatterene|Expanding Force|p1b: Chesnaught
|-damage|p1b: Chesnaught|2/100
|-damage|p2b: Hatterene|35/100 brn|[from] item: Life Orb
|move|p1b: Chesnaught|Knock Off|p2b: Hatterene
|-damage|p2b: Hatterene|6/100 brn
|-enditem|p2b: Hatterene|Life Orb|[from] move: Knock Off|[of] p1b: Chesnaught
|move|p2a: Armarouge|Expanding Force|p1b: Chesnaught
|-crit|p1b: Chesnaught
|-damage|p1b: Chesnaught|0 fnt
|faint|p1b: Chesnaught
|
|-damage|p2b: Hatterene|0 fnt|[from] brn
|faint|p2b: Hatterene
|-fieldend|move: Trick Room
|-ability|p1a: Blaziken|Speed Boost|boost
|-boost|p1a: Blaziken|spe|1
|upkeep
|
|t:|1757779911
|switch|p2b: Indeedee|Indeedee-F, L50, F, shiny|3/100
|-fieldstart|move: Psychic Terrain|[from] ability: Psychic Surge|[of] p2b: Indeedee
|turn|8
|l|☆glotis
|inactive|glotis disconnected and has a minute to reconnect!
|player|p1|
|inactive|glotis has 30 seconds left.
|inactive|glotis has 20 seconds left.
|inactive|glotis has 15 seconds left.
|inactive|glotis has 10 seconds left.
|inactive|glotis has 5 seconds left.
|-message|glotis lost due to inactivity.
|
|win|hugo_0845
|raw|glotis's rating: 1087 → 1068(-19 for losing)
|raw|hugo_0845's rating: 1143 → 1164(+21 for winning)
|l|☆hugo_0845
|player|p2|
