|j|☆vdzj
|j|☆PablixXHD
|html|vdzjPablixXHD    
|uhtml|bestof|Game 2 of a best-of-3
|t:|1785884888
|gametype|doubles
|player|p1|vdzj|parasollady|1108
|player|p2|PablixXHD|101|1157
|gen|9
|tier|[Gen 9 Champions] VGC 2026 Reg M-B (Bo3)
|rated|
|rule|Species Clause: Limit one of each Pokémon
|rule|Item Clause: Limit 1 of each item
|clearpoke
|poke|p1|Espathra, L50, F, shiny|
|poke|p1|Dragonite, L50, M, shiny|
|poke|p1|Sneasler, L50, M|
|poke|p1|Grimmsnarl, L50, M|
|poke|p1|Gholdengo, L50|
|poke|p1|Palafin, L50, F, shiny|
|poke|p2|Staraptor, L50, F|
|poke|p2|Raichu, L50, F|
|poke|p2|Sylveon, L50, F, shiny|
|poke|p2|Farigiraf, L50, F, shiny|
|poke|p2|Arcanine-Hisui, L50, M|
|poke|p2|Kingambit, L50, F|
|teampreview|4
|showteam|p1|Espathra||Leftovers|SpeedBoost|CalmMind,Protect,LuminaCrash,BatonPass|Modest||F|||50|]Dragonite||Dragoninite|Multiscale|Flamethrower,Protect,DracoMeteor,Thunderbolt|Modest||M|||50|]Sneasler||WhiteHerb|Unburden|FakeOut,Protect,DireClaw,CloseCombat|Adamant||M|||50|]Grimmsnarl||LightClay|Prankster|LightScreen,Reflect,PartingShot,SpiritBreak|Careful||M|||50|]Gholdengo||ChoiceScarf|GoodasGold|MakeItRain,PowerGem,ShadowBall,Trick|Timid|||||50|]Palafin||SitrusBerry|ZerotoHero|JetPunch,DrainPunch,FlipTurn,IcePunch|Jolly||F|||50|
|showteam|p2|Staraptor||Staraptite|Intimidate|Tailwind,Protect,CloseCombat,DualWingbeat|Jolly||F|||50|]Raichu||RaichuniteY|LightningRod|FakeOut,ZapCannon,FocusBlast,Protect|Timid||F|||50|]Sylveon||FairyFeather|Pixilate|Detect,HyperVoice,QuickAttack,HyperBeam|Modest||F|||50|]Farigiraf||SitrusBerry|ArmorTail|Psychic,TrickRoom,HelpingHand,Protect|Calm||F|||50|]Arcanine-Hisui||FocusSash|RockHead|Protect,ExtremeSpeed,HeadSmash,FlareBlitz|Jolly||M|||50|]Kingambit||LifeOrb|Defiant|Protect,KowtowCleave,SwordsDance,SuckerPunch|Adamant||F|||50|
|inactive|Battle timer is ON: inactive players will automatically lose when time's up. (requested by PablixXHD)
|inactive|vdzj has 60 seconds left.
|inactive|PablixXHD has 60 seconds left.
|
|t:|1785884930
|teamsize|p1|4
|teamsize|p2|4
|start
|switch|p1a: Sneasler|Sneasler, L50, M|100/100
|switch|p1b: Espathra|Espathra, L50, F, shiny|100/100
|switch|p2a: Raichu|Raichu, L50, F|100/100
|switch|p2b: Kingambit|Kingambit, L50, F|100/100
|turn|1
|inactive|vdzj has 30 seconds left.
|
|t:|1785884955
|detailschange|p2a: Raichu|Raichu-Mega-Y, L50, F
|-mega|p2a: Raichu|Raichu|Raichunite Y
|move|p2a: Raichu|Fake Out|p1a: Sneasler
|-damage|p1a: Sneasler|84/100
|cant|p1a: Sneasler|flinch
|move|p1b: Espathra|Calm Mind|p1b: Espathra
|-boost|p1b: Espathra|spa|1
|-boost|p1b: Espathra|spd|1
|move|p2b: Kingambit|Kowtow Cleave|p1b: Espathra
|-supereffective|p1b: Espathra|1
|-damage|p1b: Espathra|0 fnt
|faint|p1b: Espathra
|-damage|p2b: Kingambit|90/100|[from] item: Life Orb
|
|upkeep
|
|t:|1785884970
|switch|p1b: Dragonite|Dragonite, L50, M, shiny|100/100
|turn|2
|
|t:|1785884981
|detailschange|p1b: Dragonite|Dragonite-Mega, L50, M, shiny
|-mega|p1b: Dragonite|Dragonite|Dragoninite
|move|p2b: Kingambit|Protect|p2b: Kingambit
|-singleturn|p2b: Kingambit|Protect
|move|p2a: Raichu|Zap Cannon|p1b: Dragonite
|-damage|p1b: Dragonite|77/100
|-status|p1b: Dragonite|par
|move|p1a: Sneasler|Close Combat|p2b: Kingambit
|-activate|p2b: Kingambit|move: Protect
|move|p1b: Dragonite|Draco Meteor|p2a: Raichu
|-damage|p2a: Raichu|0 fnt
|-unboost|p1b: Dragonite|spa|2
|faint|p2a: Raichu
|
|upkeep
|
|t:|1785885001
|switch|p2a: Arcanine|Arcanine-Hisui, L50, M|100/100
|turn|3
|
|t:|1785885014
|switch|p1b: Palafin|Palafin, L50, F, shiny|100/100
|move|p2a: Arcanine|Extreme Speed|p1a: Sneasler
|-damage|p1a: Sneasler|38/100
|move|p2b: Kingambit|Sucker Punch|p1a: Sneasler
|-resisted|p1a: Sneasler|1
|-damage|p1a: Sneasler|0 fnt
|faint|p1a: Sneasler
|-damage|p2b: Kingambit|80/100|[from] item: Life Orb
|
|upkeep
|
|t:|1785885026
|switch|p1a: Dragonite|Dragonite-Mega, L50, M, shiny|77/100 par
|turn|4
|
|t:|1785885039
|move|p1a: Dragonite|Protect|p1a: Dragonite
|-singleturn|p1a: Dragonite|Protect
|move|p2b: Kingambit|Sucker Punch|p1b: Palafin
|-damage|p1b: Palafin|28/100
|-enditem|p1b: Palafin|Sitrus Berry|[eat]
|-heal|p1b: Palafin|53/100|[from] item: Sitrus Berry
|-damage|p2b: Kingambit|71/100|[from] item: Life Orb
|move|p1b: Palafin|Flip Turn|p2a: Arcanine
|-supereffective|p2a: Arcanine|2
|-enditem|p2a: Arcanine|Focus Sash
|-damage|p2a: Arcanine|1/100
|move|p2a: Arcanine|Head Smash|p1a: Dragonite
|-activate|p1a: Dragonite|move: Protect
|
|upkeep
|turn|5
|
|t:|1785885062
|move|p2a: Arcanine|Extreme Speed|p1a: Dragonite
|-damage|p1a: Dragonite|55/100 par
|move|p1b: Palafin|Jet Punch|p2a: Arcanine
|-supereffective|p2a: Arcanine|2
|-damage|p2a: Arcanine|0 fnt
|faint|p2a: Arcanine
|move|p2b: Kingambit|Sucker Punch||[still]
|-fail|p2b: Kingambit
|move|p1a: Dragonite|Flamethrower|p2b: Kingambit
|-supereffective|p2b: Kingambit|1
|-damage|p2b: Kingambit|1/100
|
|upkeep
|
|t:|1785885072
|switch|p2a: Sylveon|Sylveon, L50, F, shiny|100/100
|turn|6
|
|t:|1785885081
|move|p2b: Kingambit|Protect|p2b: Kingambit
|-singleturn|p2b: Kingambit|Protect
|move|p1b: Palafin|Jet Punch|p2b: Kingambit
|-activate|p2b: Kingambit|move: Protect
|move|p2a: Sylveon|Hyper Voice|p1a: Dragonite|[spread] p1a,p1b
|-supereffective|p1a: Dragonite|1
|-damage|p1a: Dragonite|0 fnt
|-damage|p1b: Palafin|0 fnt
|faint|p1a: Dragonite
|faint|p1b: Palafin
|
|win|PablixXHD
