|j|☆plsbringregi
|j|☆the city mouse
|html|plsbringregithe city mouse    
|uhtml|bestof|Game 2 of a best-of-3
|t:|1784464436
|gametype|doubles
|player|p1|plsbringregi|265|1299
|player|p2|the city mouse|tate|1369
|gen|9
|tier|[Gen 9 Champions] VGC 2026 Reg M-B (Bo3)
|rated|
|rule|Species Clause: Limit one of each Pokémon
|rule|Item Clause: Limit 1 of each item
|clearpoke
|poke|p1|Ninetales-Alola, L50, M|
|poke|p1|Incineroar, L50, F|
|poke|p1|Sinistcha, L50|
|poke|p1|Raichu, L50, F|
|poke|p1|Orthworm, L50, M|
|poke|p1|Aerodactyl, L50, M|
|poke|p2|Aerodactyl, L50, F|
|poke|p2|Garchomp, L50, M|
|poke|p2|Kingambit, L50, M|
|poke|p2|Sylveon, L50, F|
|poke|p2|Farigiraf, L50, F|
|poke|p2|Charizard, L50, F|
|teampreview|4
|showteam|p1|Ninetales-Alola||FocusSash|SnowWarning|Blizzard,Encore,FreezeDry,Protect|Timid||M|||50|]Incineroar||SitrusBerry|Intimidate|FlareBlitz,ThroatChop,FakeOut,PartingShot|Careful||F|||50|]Sinistcha||KasibBerry|Hospitality|MatchaGotcha,RagePowder,TrickRoom,Protect|Bold|||||50|]Raichu||RaichuniteY|LightningRod|ZapCannon,FocusBlast,FakeOut,Protect|Timid||F|||50|]Orthworm||OccaBerry|EarthEater|HeavySlam,BodyPress,Coil,Protect|Careful||M|||50|]Aerodactyl||Aerodactylite|Unnerve|RockSlide,DualWingbeat,WideGuard,Tailwind|Jolly||M|||50|
|showteam|p2|Aerodactyl||Aerodactylite|Unnerve|IceFang,RockSlide,Tailwind,DualWingbeat|Jolly||F|||50|]Garchomp||LifeOrb|RoughSkin|DragonClaw,RockSlide,Earthquake,Protect|Jolly||M|||50|]Kingambit||FocusSash|Defiant|SuckerPunch,KowtowCleave,IronHead,LowKick|Adamant||M|||50|]Sylveon||FairyFeather|Pixilate|Protect,HyperVoice,HyperBeam,QuickAttack|Modest||F|||50|]Farigiraf||SitrusBerry|ArmorTail|TrickRoom,Thunderbolt,Roar,Psychic|Bold||F|||50|]Charizard||CharizarditeY|Blaze|WeatherBall,HeatWave,SolarBeam,Protect|Modest||F|||50|
|inactive|Battle timer is ON: inactive players will automatically lose when time's up. (requested by the city mouse)
|
|t:|1784464457
|teamsize|p1|4
|teamsize|p2|4
|start
|switch|p1a: Raichu|Raichu, L50, F|100/100
|switch|p1b: Orthworm|Orthworm, L50, M|100/100
|switch|p2a: Sylveon|Sylveon, L50, F|100/100
|switch|p2b: Farigiraf|Farigiraf, L50, F|100/100
|turn|1
|
|t:|1784464470
|detailschange|p1a: Raichu|Raichu-Mega-Y, L50, F
|-mega|p1a: Raichu|Raichu|Raichunite Y
|move|p1a: Raichu|Zap Cannon|p2b: Farigiraf
|-damage|p2b: Farigiraf|44/100
|-status|p2b: Farigiraf|par
|-enditem|p2b: Farigiraf|Sitrus Berry|[eat]
|-heal|p2b: Farigiraf|69/100 par|[from] item: Sitrus Berry
|move|p2a: Sylveon|Hyper Voice|p1b: Orthworm|[spread] p1a,p1b
|-resisted|p1b: Orthworm|1
|-damage|p1a: Raichu|41/100
|-damage|p1b: Orthworm|74/100
|move|p1b: Orthworm|Coil|p1b: Orthworm
|-boost|p1b: Orthworm|atk|1
|-boost|p1b: Orthworm|def|1
|-boost|p1b: Orthworm|accuracy|1
|move|p2b: Farigiraf|Roar|p1b: Orthworm
|drag|p1b: Sinistcha|Sinistcha, L50|100/100
|-heal|p1a: Raichu|66/100|[from] ability: Hospitality|[of] p1b: Sinistcha
|
|upkeep
|turn|2
|
|t:|1784464485
|switch|p1a: Incineroar|Incineroar, L50, F|100/100
|-ability|p1a: Incineroar|Intimidate|boost
|-unboost|p2a: Sylveon|atk|1
|-unboost|p2b: Farigiraf|atk|1
|move|p2a: Sylveon|Hyper Voice|p1a: Incineroar|[spread] p1a,p1b
|-damage|p1a: Incineroar|67/100
|-damage|p1b: Sinistcha|51/100
|move|p1b: Sinistcha|Matcha Gotcha|p2a: Sylveon|[spread] p2a,p2b
|-damage|p2a: Sylveon|79/100
|-heal|p1b: Sinistcha|61/100|[from] drain|[of] p2a: Sylveon
|-damage|p2b: Farigiraf|44/100 par
|-heal|p1b: Sinistcha|76/100|[from] drain|[of] p2b: Farigiraf
|cant|p2b: Farigiraf|par
|
|upkeep
|turn|3
|
|t:|1784464507
|move|p2a: Sylveon|Hyper Voice|p1a: Incineroar|[spread] p1a,p1b
|-damage|p1a: Incineroar|31/100
|-damage|p1b: Sinistcha|32/100
|-enditem|p1a: Incineroar|Sitrus Berry|[eat]
|-heal|p1a: Incineroar|55/100|[from] item: Sitrus Berry
|move|p1b: Sinistcha|Matcha Gotcha|p2a: Sylveon|[spread] p2a,p2b
|-damage|p2a: Sylveon|60/100
|-heal|p1b: Sinistcha|42/100|[from] drain|[of] p2a: Sylveon
|-damage|p2b: Farigiraf|22/100 par
|-heal|p1b: Sinistcha|55/100|[from] drain|[of] p2b: Farigiraf
|move|p1a: Incineroar|Flare Blitz|p2a: Sylveon
|-damage|p2a: Sylveon|10/100
|-damage|p1a: Incineroar|41/100|[from] Recoil
|move|p2b: Farigiraf|Roar|p1a: Incineroar
|drag|p1a: Raichu|Raichu-Mega-Y, L50, F|66/100
|
|upkeep
|turn|4
|
|t:|1784464530
|move|p2a: Sylveon|Protect|p2a: Sylveon
|-singleturn|p2a: Sylveon|Protect
|move|p1a: Raichu|Zap Cannon|p2b: Farigiraf
|-damage|p2b: Farigiraf|0 fnt
|faint|p2b: Farigiraf
|move|p1b: Sinistcha|Matcha Gotcha|p2a: Sylveon
|-activate|p2a: Sylveon|move: Protect
|
|upkeep
|
|t:|1784464537
|switch|p2b: Charizard|Charizard, L50, F|100/100
|turn|5
|
|t:|1784464545
|detailschange|p2b: Charizard|Charizard-Mega-Y, L50, F
|-mega|p2b: Charizard|Charizard|Charizardite Y
|-weather|SunnyDay|[from] ability: Drought|[of] p2b: Charizard
|move|p1a: Raichu|Protect|p1a: Raichu
|-singleturn|p1a: Raichu|Protect
|move|p1b: Sinistcha|Protect|p1b: Sinistcha
|-singleturn|p1b: Sinistcha|Protect
|move|p2b: Charizard|Heat Wave|p1b: Sinistcha|[spread] 
|-activate|p1a: Raichu|move: Protect
|-activate|p1b: Sinistcha|move: Protect
|move|p2a: Sylveon|Hyper Voice|p1a: Raichu|[spread] 
|-activate|p1a: Raichu|move: Protect
|-activate|p1b: Sinistcha|move: Protect
|
|-weather|SunnyDay|[upkeep]
|upkeep
|turn|6
|
|t:|1784464563
|move|p2b: Charizard|Protect|p2b: Charizard
|-singleturn|p2b: Charizard|Protect
|move|p1a: Raichu|Zap Cannon|p2b: Charizard
|-activate|p2b: Charizard|move: Protect
|move|p2a: Sylveon|Hyper Beam|p1a: Raichu
|-damage|p1a: Raichu|0 fnt
|-mustrecharge|p2a: Sylveon
|faint|p1a: Raichu
|move|p1b: Sinistcha|Matcha Gotcha|p2b: Charizard|[spread] p2a
|-activate|p2b: Charizard|move: Protect
|-damage|p2a: Sylveon|0 fnt
|-heal|p1b: Sinistcha|61/100|[from] drain|[of] p2a: Sylveon
|faint|p2a: Sylveon
|
|-weather|SunnyDay|[upkeep]
|upkeep
|
|t:|1784464567
|switch|p1a: Incineroar|Incineroar, L50, F|41/100
|switch|p2a: Kingambit|Kingambit, L50, M|100/100
|-ability|p1a: Incineroar|Intimidate|boost
|-unboost|p2a: Kingambit|atk|1
|-ability|p2a: Kingambit|Defiant|boost
|-boost|p2a: Kingambit|atk|2
|-unboost|p2b: Charizard|atk|1
|turn|7
|-message|plsbringregi forfeited.
|
|win|the city mouse
|raw|plsbringregi's rating: 1299 → 1279(-20 for losing)
|raw|the city mouse's rating: 1369 → 1385(+16 for winning)
|l|☆plsbringregi
|player|p1|
