|j|☆SlobCat47
|j|☆bananabread1398
|html|SlobCat47bananabread1398    
|uhtml|bestof|Game 1 of a best-of-3
|t:|1785603547
|gametype|doubles
|player|p1|SlobCat47|170|
|player|p2|bananabread1398|2|
|gen|9
|tier|[Gen 9 Champions] VGC 2026 Reg M-B (Bo3)
|rule|Species Clause: Limit one of each Pokémon
|rule|Item Clause: Limit 1 of each item
|clearpoke
|poke|p1|Serperior, L50, F|
|poke|p1|Ninetales-Alola, L50, F|
|poke|p1|Garchomp, L50, F|
|poke|p1|Staraptor, L50, F|
|poke|p1|Lucario, L50, F|
|poke|p1|Klefki, L50, F|
|poke|p2|Raichu, L50, F|
|poke|p2|Whimsicott, L50, M|
|poke|p2|Lopunny, L50, F|
|poke|p2|Malamar, L50, M|
|poke|p2|Flapple, L50, F|
|poke|p2|Golurk, L50|
|teampreview|4
|showteam|p1|Serperior||ChoiceScarf|Contrary|LeafStorm,Protect,EnergyBall,Coil|Modest||F|||50|]Ninetales-Alola||LightClay|SnowWarning|AuroraVeil,FreezeDry,Protect,Blizzard|Timid||F|||50|]Garchomp||LifeOrb|RoughSkin|Earthquake,Protect,DragonClaw,StompingTantrum|Jolly||F|||50|]Staraptor||Staraptite|Intimidate|BrickBreak,CloseCombat,BraveBird,Protect|Jolly||F|||50|]Lucario||Lucarionite|InnerFocus|AuraSphere,Detect,FlashCannon,VacuumWave|Timid||F|||50|]Klefki||MentalHerb|Prankster|MetalSound,Protect,MagicRoom,Spikes|Bold||F|||50|
|showteam|p2|Raichu||RaichuniteY|LightningRod|FakeOut,ZapCannon,FocusBlast,Protect|Timid||F|||50|]Whimsicott||BrightPowder|Prankster|Encore,Moonblast,Tailwind,Protect|Bold||M|||50|]Lopunny||Lopunnite|CuteCharm|Protect,CloseCombat,FakeOut,IcePunch|Jolly||F|||50|]Malamar||FocusSash|Contrary|TrickRoom,ZenHeadbutt,Reflect,SkillSwap|Impish||M|||50|]Flapple||LifeOrb|Hustle|GravApple,DragonRush,Protect,SuckerPunch|Adamant||F|||50|]Golurk||Leftovers|IronFist|Poltergeist,Gravity,BrickBreak,DrainPunch|Adamant|||||50|
|j| PJG4487
|
|t:|1785603620
|teamsize|p1|4
|teamsize|p2|4
|start
|switch|p1a: Sneaky Snake|Serperior, L50, F|100/100
|switch|p1b: Glacèon|Ninetales-Alola, L50, F|100/100
|switch|p2a: Bun|Lopunny, L50, F|100/100
|switch|p2b: Uno|Malamar, L50, M|100/100
|-weather|Snowscape|[from] ability: Snow Warning|[of] p1b: Glacèon
|turn|1
|
|t:|1785603654
|detailschange|p2a: Bun|Lopunny-Mega, L50, F
|-mega|p2a: Bun|Lopunny|Lopunnite
|move|p2a: Bun|Fake Out|p1b: Glacèon
|-damage|p1b: Glacèon|83/100
|move|p1a: Sneaky Snake|Leaf Storm|p2a: Bun
|-damage|p2a: Bun|26/100
|-boost|p1a: Sneaky Snake|spa|2
|cant|p1b: Glacèon|flinch
|move|p2b: Uno|Skill Swap|p2a: Bun
|-activate|p2b: Uno|Skill Swap|||[of] p2a: Bun
|
|-weather|Snowscape|[upkeep]
|upkeep
|turn|2
|
|t:|1785603699
|move|p2a: Bun|Protect|p2a: Bun
|-singleturn|p2a: Bun|Protect
|move|p1a: Sneaky Snake|Leaf Storm|p2a: Bun
|-activate|p2a: Bun|move: Protect
|move|p1b: Glacèon|Aurora Veil|p1b: Glacèon
|-sidestart|p1: SlobCat47|move: Aurora Veil
|move|p2b: Uno|Zen Headbutt|p1a: Sneaky Snake
|-damage|p1a: Sneaky Snake|77/100
|
|-weather|Snowscape|[upkeep]
|upkeep
|turn|3
|j| applejuice1738
|
|t:|1785603721
|move|p1a: Sneaky Snake|Leaf Storm|p2a: Bun|[miss]
|-miss|p1a: Sneaky Snake|p2a: Bun
|move|p2a: Bun|Close Combat|p1b: Glacèon
|-damage|p1b: Glacèon|44/100
|-boost|p2a: Bun|def|1
|-boost|p2a: Bun|spd|1
|move|p1b: Glacèon|Blizzard|p2b: Uno|[spread] p2a,p2b
|-damage|p2a: Bun|4/100
|-damage|p2b: Uno|69/100
|move|p2b: Uno|Trick Room|p2b: Uno
|-fieldstart|move: Trick Room|[of] p2b: Uno
|
|-weather|Snowscape|[upkeep]
|upkeep
|turn|4
|
|t:|1785603763
|switch|p2a: Newton|Flapple, L50, F|100/100
|move|p2b: Uno|Skill Swap|p1a: Sneaky Snake
|-activate|p2b: Uno|Skill Swap|Contrary|Scrappy|[of] p1a: Sneaky Snake
|move|p1b: Glacèon|Blizzard|p2b: Uno|[spread] p2a,p2b
|-supereffective|p2a: Newton|2
|-crit|p2a: Newton
|-damage|p2a: Newton|0 fnt
|-damage|p2b: Uno|43/100
|faint|p2a: Newton
|move|p1a: Sneaky Snake|Leaf Storm|p2b: Uno
|-damage|p2b: Uno|0 fnt
|-unboost|p1a: Sneaky Snake|spa|2
|faint|p2b: Uno
|
|-weather|Snowscape|[upkeep]
|upkeep
|
|t:|1785603781
|switch|p2a: Sloptimus|Golurk, L50|100/100
|switch|p2b: Bun|Lopunny-Mega, L50, F|4/100
|turn|5
|
|t:|1785603794
|move|p2b: Bun|Fake Out|p1a: Sneaky Snake
|-damage|p1a: Sneaky Snake|59/100
|move|p2a: Sloptimus|Drain Punch|p1b: Glacèon
|-damage|p1b: Glacèon|25/100
|move|p1b: Glacèon|Blizzard|p2b: Bun|[spread] p2a,p2b
|-supereffective|p2a: Sloptimus|1
|-damage|p2a: Sloptimus|44/100
|-damage|p2b: Bun|0 fnt
|faint|p2b: Bun
|cant|p1a: Sneaky Snake|flinch
|
|-weather|none
|-heal|p2a: Sloptimus|51/100|[from] item: Leftovers
|upkeep
|turn|6
|
|t:|1785603814
|move|p2a: Sloptimus|Drain Punch|p1b: Glacèon
|-damage|p1b: Glacèon|0 fnt
|-heal|p2a: Sloptimus|62/100|[from] drain|[of] p1b: Glacèon
|faint|p1b: Glacèon
|move|p1a: Sneaky Snake|Leaf Storm|p2a: Sloptimus
|-supereffective|p2a: Sloptimus|1
|-damage|p2a: Sloptimus|0 fnt
|-unboost|p1a: Sneaky Snake|spa|2
|faint|p2a: Sloptimus
|
|win|SlobCat47
|inactive|SlobCat47 has 30 seconds to confirm battle start!
|inactive|bananabread1398 has 30 seconds to confirm battle start!
