|j|☆Mashuno
|j|☆isamino
|html|Mashunoisamino    
|uhtml|bestof|Game 2 of a best-of-3
|t:|1784049137
|gametype|doubles
|player|p1|Mashuno|harlequin|1168
|player|p2|isamino|nate|1104
|gen|9
|tier|[Gen 9 Champions] VGC 2026 Reg M-B (Bo3)
|rated|
|rule|Species Clause: Limit one of each Pokémon
|rule|Item Clause: Limit 1 of each item
|clearpoke
|poke|p1|Pelipper, L50, F|
|poke|p1|Venusaur, L50, M|
|poke|p1|Blastoise, L50, M|
|poke|p1|Sinistcha, L50|
|poke|p1|Sableye, L50, M|
|poke|p1|Gholdengo, L50|
|poke|p2|Ampharos, L50, F|
|poke|p2|Farigiraf, L50, M|
|poke|p2|Torkoal, L50, M|
|poke|p2|Venusaur, L50, F|
|poke|p2|Delphox, L50, F|
|poke|p2|Hydreigon, L50, M|
|teampreview|4
|showteam|p1|Pelipper||FocusSash|Drizzle|WeatherBall,Hurricane,Tailwind,RainDance|Modest||F|||50|]Venusaur||Venusaurite|Chlorophyll|Protect,GigaDrain,SludgeBomb,EarthPower|Modest||M|||50|]Blastoise||Blastoisinite|RainDish|Protect,WaterSpout,DarkPulse,AuraSphere|Modest||M|||50|]Sinistcha||SitrusBerry|Hospitality|MatchaGotcha,RagePowder,LifeDew,TrickRoom|Bold|||||50|]Sableye||LightClay|Prankster|FoulPlay,LightScreen,Reflect,RainDance|Impish||M|||50|]Gholdengo||ChoiceScarf|GoodasGold|MakeItRain,ShadowBall,PowerGem,Trick|Timid|||||50|
|showteam|p2|Ampharos||Ampharosite|Static|Substitute,Thunderbolt,Protect,DragonPulse|Quiet||F|||50|]Farigiraf||SitrusBerry|ArmorTail|TrickRoom,Protect,HelpingHand,Psychic|Bold||M|||50|]Torkoal||Charcoal|Drought|Eruption,WeatherBall,Protect,Yawn|Quiet||M|||50|]Venusaur||LifeOrb|Chlorophyll|EarthPower,SludgeBomb,GigaDrain,Protect|Timid||F|||50|]Delphox||Delphoxite|Blaze|HeatWave,Protect,Encore,Psyshock|Timid||F|||50|]Hydreigon||ChoiceScarf|Levitate|Snarl,EarthPower,DracoMeteor,DarkPulse|Timid||M|||50|
|inactive|Battle timer is ON: inactive players will automatically lose when time's up. (requested by isamino)
|inactive|Mashuno has 60 seconds left.
|inactive|isamino has 60 seconds left.
|inactive|Mashuno has 30 seconds left.
|inactive|Mashuno has 20 seconds left.
|inactive|Mashuno has 15 seconds left.
|
|t:|1784049217
|teamsize|p1|4
|teamsize|p2|4
|start
|switch|p1a: Blastoise|Blastoise, L50, M|100/100
|switch|p1b: 5 Bands Bob|Sableye, L50, M|100/100
|switch|p2a: Delphox|Delphox, L50, F|100/100
|switch|p2b: Venusaur|Venusaur, L50, F|100/100
|turn|1
|
|t:|1784049242
|switch|p2a: Hydreigon|Hydreigon, L50, M|100/100
|switch|p1a: Ghol.D.engo|Gholdengo, L50|100/100
|move|p1b: 5 Bands Bob|Rain Dance|p1b: 5 Bands Bob
|-weather|RainDance
|move|p2b: Venusaur|Giga Drain|p1a: Ghol.D.engo
|-resisted|p1a: Ghol.D.engo|1
|-damage|p1a: Ghol.D.engo|78/100
|-damage|p2b: Venusaur|90/100|[from] item: Life Orb
|
|-weather|RainDance|[upkeep]
|upkeep
|turn|2
|inactive|Mashuno has 30 seconds left.
|inactive|isamino has 30 seconds left.
|inactive|Mashuno has 20 seconds left.
|inactive|Mashuno has 15 seconds left.
|inactive|isamino has 20 seconds left.
|inactive|isamino has 15 seconds left.
|
|t:|1784049287
|move|p2b: Venusaur|Protect|p2b: Venusaur
|-singleturn|p2b: Venusaur|Protect
|move|p1b: 5 Bands Bob|Light Screen|p1b: 5 Bands Bob
|-sidestart|p1: Mashuno|move: Light Screen
|move|p2a: Hydreigon|Snarl|p1a: Ghol.D.engo|[spread] p1a,p1b
|-supereffective|p1a: Ghol.D.engo|1
|-damage|p1a: Ghol.D.engo|43/100
|-damage|p1b: 5 Bands Bob|84/100
|-unboost|p1a: Ghol.D.engo|spa|1
|-unboost|p1b: 5 Bands Bob|spa|1
|move|p1a: Ghol.D.engo|Make It Rain|p2a: Hydreigon|[spread] p2a
|-activate|p2b: Venusaur|move: Protect
|-crit|p2a: Hydreigon
|-damage|p2a: Hydreigon|17/100
|-unboost|p1a: Ghol.D.engo|spa|2
|
|-weather|RainDance|[upkeep]
|upkeep
|turn|3
|c|☆Mashuno|sorry :(
|inactive|Mashuno has 30 seconds left.
|inactive|isamino has 30 seconds left.
|
|t:|1784049319
|switch|p2a: Torkoal|Torkoal, L50, M|100/100
|-weather|SunnyDay|[from] ability: Drought|[of] p2a: Torkoal
|switch|p1a: Dai News|Pelipper, L50, F|100/100
|-weather|RainDance|[from] ability: Drizzle|[of] p1a: Dai News
|move|p2b: Venusaur|Giga Drain|p1b: 5 Bands Bob
|-damage|p1b: 5 Bands Bob|55/100
|-heal|p2b: Venusaur|100/100|[from] drain|[of] p1b: 5 Bands Bob
|-damage|p2b: Venusaur|90/100|[from] item: Life Orb
|move|p1b: 5 Bands Bob|Foul Play|p2a: Torkoal
|-damage|p2a: Torkoal|78/100
|
|-weather|RainDance|[upkeep]
|upkeep
|turn|4
|inactive|isamino has 30 seconds left.
|inactive|isamino has 20 seconds left.
|
|t:|1784049358
|switch|p2b: Delphox|Delphox, L50, F|100/100
|switch|p1b: Ghol.D.engo|Gholdengo, L50|43/100
|move|p2a: Torkoal|Protect|p2a: Torkoal
|-singleturn|p2a: Torkoal|Protect
|move|p1a: Dai News|Tailwind|p1a: Dai News
|-sidestart|p1: Mashuno|move: Tailwind
|
|-weather|RainDance|[upkeep]
|upkeep
|turn|5
|inactive|Mashuno has 30 seconds left.
|inactive|isamino has 30 seconds left.
|inactive|isamino has 20 seconds left.
|inactive|isamino has 15 seconds left.
|inactive|isamino has 10 seconds left.
|inactive|isamino has 5 seconds left.
|
|t:|1784049411
|switch|p2a: Venusaur|Venusaur, L50, F|90/100
|move|p2b: Delphox|Protect|p2b: Delphox
|-singleturn|p2b: Delphox|Protect
|move|p1b: Ghol.D.engo|Shadow Ball|p2a: Venusaur
|-damage|p2a: Venusaur|47/100
|move|p1a: Dai News|Hurricane|p2a: Venusaur
|-supereffective|p2a: Venusaur|1
|-damage|p2a: Venusaur|0 fnt
|faint|p2a: Venusaur
|
|-weather|RainDance|[upkeep]
|upkeep
|
|t:|1784049421
|switch|p2a: Torkoal|Torkoal, L50, M|78/100
|-weather|SunnyDay|[from] ability: Drought|[of] p2a: Torkoal
|turn|6
|
|t:|1784049445
|switch|p2b: Hydreigon|Hydreigon, L50, M|17/100
|move|p1b: Ghol.D.engo|Shadow Ball|p2b: Hydreigon
|-resisted|p2b: Hydreigon|1
|-damage|p2b: Hydreigon|0 fnt
|faint|p2b: Hydreigon
|move|p1a: Dai News|Rain Dance|p1a: Dai News
|-weather|RainDance
|move|p2a: Torkoal|Weather Ball|p1b: Ghol.D.engo
|-damage|p1b: Ghol.D.engo|8/100
|
|-weather|RainDance|[upkeep]
|upkeep
|
|t:|1784049454
|switch|p2b: Delphox|Delphox, L50, F|100/100
|turn|7
|
|t:|1784049461
|detailschange|p2b: Delphox|Delphox-Mega, L50, F
|-mega|p2b: Delphox|Delphox|Delphoxite
|move|p2b: Delphox|Protect|p2b: Delphox
|-singleturn|p2b: Delphox|Protect
|move|p2a: Torkoal|Protect|p2a: Torkoal
|-singleturn|p2a: Torkoal|Protect
|move|p1b: Ghol.D.engo|Shadow Ball|p2b: Delphox
|-activate|p2b: Delphox|move: Protect
|move|p1a: Dai News|Weather Ball|p2a: Torkoal
|-activate|p2a: Torkoal|move: Protect
|
|-weather|RainDance|[upkeep]
|-sideend|p1: Mashuno|move: Tailwind
|upkeep
|turn|8
|inactive|isamino has 30 seconds left.
|inactive|Mashuno has 30 seconds left.
|
|t:|1784049499
|move|p1b: Ghol.D.engo|Shadow Ball|p2b: Delphox
|-supereffective|p2b: Delphox|1
|-damage|p2b: Delphox|19/100
|move|p2b: Delphox|Psyshock|p1b: Ghol.D.engo
|-resisted|p1b: Ghol.D.engo|1
|-crit|p1b: Ghol.D.engo
|-damage|p1b: Ghol.D.engo|0 fnt
|faint|p1b: Ghol.D.engo
|move|p1a: Dai News|Tailwind|p1a: Dai News
|-sidestart|p1: Mashuno|move: Tailwind
|move|p2a: Torkoal|Yawn|p1a: Dai News
|-start|p1a: Dai News|move: Yawn|[of] p2a: Torkoal
|
|-weather|RainDance|[upkeep]
|upkeep
|
|t:|1784049512
|switch|p1b: Blastoise|Blastoise, L50, M|100/100
|turn|9
|
|t:|1784049523
|switch|p1a: 5 Bands Bob|Sableye, L50, M|55/100
|detailschange|p1b: Blastoise|Blastoise-Mega, L50, M
|-mega|p1b: Blastoise|Blastoise|Blastoisinite
|move|p2b: Delphox|Protect|p2b: Delphox
|-singleturn|p2b: Delphox|Protect
|move|p2a: Torkoal|Protect|p2a: Torkoal
|-singleturn|p2a: Torkoal|Protect
|move|p1b: Blastoise|Water Spout|p2a: Torkoal|[spread] 
|-activate|p2a: Torkoal|move: Protect
|-activate|p2b: Delphox|move: Protect
|
|-weather|RainDance|[upkeep]
|-sideend|p1: Mashuno|move: Light Screen
|upkeep
|turn|10
|-message|isamino forfeited.
|raw|Mashuno's rating: 1168 → 1188(+20 for winning)
|raw|isamino's rating: 1104 → 1084(-20 for losing)
|
|win|Mashuno
|c|☆Mashuno|ggs
|l|☆isamino
|player|p2|
