|j|â˜†QuickClawExplosion
|j|â˜†upfrontsalt
|html|QuickClawExplosionupfrontsalt    
|uhtml|bestof|Game 1 of a best-of-3
|t:|1784503083
|gametype|doubles
|player|p1|QuickClawExplosion|rei|
|player|p2|upfrontsalt|wattson|
|gen|9
|tier|[Gen 9 Champions] VGC 2026 Reg M-B (Bo3)
|rule|Species Clause: Limit one of each PokÃ©mon
|rule|Item Clause: Limit 1 of each item
|clearpoke
|poke|p1|Floette-Eternal, L50, F|
|poke|p1|Gliscor, L50, F|
|poke|p1|Dragapult, L50, F|
|poke|p1|Salazzle, L50, F|
|poke|p1|Tyranitar, L50, F|
|poke|p1|Excadrill, L50, M, shiny|
|poke|p2|Meowstic, L50, M, shiny|
|poke|p2|Lucario, L50, M|
|poke|p2|Primarina, L50, M|
|poke|p2|Hydreigon, L50, F|
|poke|p2|Sinistcha, L50|
|poke|p2|Garganacl, L50, M|
|teampreview|4
|showteam|p1|Floette-Eternal||Floettite|FlowerVeil|Protect,DazzlingGleam,Moonblast,CalmMind|Timid||F|||50|]Gliscor||FocusSash|SandVeil|Tailwind,HighHorsepower,DualWingbeat,Protect|Jolly||F|||50|]Dragapult||LifeOrb|Infiltrator|PhantomForce,DragonDarts,Protect,Flamethrower|Naive||F|||50|]Salazzle||BrightPowder|Corrosion|FakeOut,SludgeBomb,Flamethrower,Protect|Timid||F|||50|]Tyranitar||ExpertBelt|SandStream|RockSlide,Protect,KnockOff,HighHorsepower|Adamant||F|||50|]Excadrill||KingsRock|SandRush|HighHorsepower,IronHead,Protect,Fling|Adamant||M|||50|
|showteam|p2|Meowstic||FocusSash|Prankster|FakeOut,ThunderWave,RainDance,Reflect|Timid||M|||50|]Lucario||Lucarionite|Steadfast|CloseCombat,MeteorMash,Protect,BulletPunch|Jolly||M|||50|]Primarina||Leftovers|LiquidVoice|HyperVoice,Moonblast,Encore,Protect|Modest||M|||50|]Hydreigon||ChoiceScarf|Levitate|DarkPulse,DracoMeteor,FlashCannon,Uturn|Modest||F|||50|]Sinistcha||SitrusBerry|Hospitality|MatchaGotcha,RagePowder,StrengthSap,TrickRoom|Calm|||||50|]Garganacl||ShucaBerry|ClearBody|RockSlide,WideGuard,BodyPress,HelpingHand|Relaxed||M|||50|
|j| P3VX
|j| Whim5
|
|t:|1784503486
|teamsize|p1|4
|teamsize|p2|4
|start
|switch|p1a: LittleGuyLauncher|Dragapult, L50, F|100/100
|switch|p1b: pourple tongue|Salazzle, L50, F|100/100
|switch|p2a: Jaundice|Meowstic, L50, M, shiny|100/100
|switch|p2b: Seal Finger|Primarina, L50, M|100/100
|turn|1
|c|â˜†upfrontsalt|GLHF
|c|â˜†QuickClawExplosion|glhf goat
|c| Whim5|glhf!
|j| MikuFan1287
|
|t:|1784503749
|move|p1b: pourple tongue|Protect|p1b: pourple tongue
|-singleturn|p1b: pourple tongue|Protect
|move|p2b: Seal Finger|Protect|p2b: Seal Finger
|-singleturn|p2b: Seal Finger|Protect
|move|p2a: Jaundice|Reflect|p2a: Jaundice
|-sidestart|p2: upfrontsalt|Reflect
|move|p1a: LittleGuyLauncher|Phantom Force||[still]
|-prepare|p1a: LittleGuyLauncher|Phantom Force
|
|upkeep
|turn|2
|
|t:|1784503823
|move|p2a: Jaundice|Thunder Wave|p1b: pourple tongue|[miss]
|-miss|p2a: Jaundice|p1b: pourple tongue
|move|p1a: LittleGuyLauncher|Phantom Force|p2b: Seal Finger|[from] lockedmove
|-damage|p2b: Seal Finger|35/100
|-damage|p1a: LittleGuyLauncher|90/100|[from] item: Life Orb
|move|p1b: pourple tongue|Sludge Bomb|p2b: Seal Finger
|-supereffective|p2b: Seal Finger|1
|-damage|p2b: Seal Finger|0 fnt
|faint|p2b: Seal Finger
|
|upkeep
|c|â˜†upfrontsalt|OW
|
|t:|1784503861
|switch|p2b: Rabies|Hydreigon, L50, F|100/100
|turn|3
|
|t:|1784503887
|move|p1a: LittleGuyLauncher|Protect|p1a: LittleGuyLauncher
|-singleturn|p1a: LittleGuyLauncher|Protect
|move|p1b: pourple tongue|Protect|p1b: pourple tongue
|-singleturn|p1b: pourple tongue|Protect
|move|p2a: Jaundice|Thunder Wave|p1b: pourple tongue
|-activate|p1b: pourple tongue|move: Protect
|move|p2b: Rabies|Dark Pulse|p1a: LittleGuyLauncher
|-activate|p1a: LittleGuyLauncher|move: Protect
|
|upkeep
|turn|4
|
|t:|1784503974
|switch|p1a: EvenLargerPinkBeam|Floette-Eternal, L50, F|100/100
|move|p2a: Jaundice|Thunder Wave|p1b: pourple tongue
|-status|p1b: pourple tongue|par
|move|p2b: Rabies|Dark Pulse|p1a: EvenLargerPinkBeam
|-resisted|p1a: EvenLargerPinkBeam|1
|-damage|p1a: EvenLargerPinkBeam|79/100
|move|p1b: pourple tongue|Sludge Bomb|p2a: Jaundice
|-damage|p2a: Jaundice|53/100
|
|upkeep
|turn|5
|
|t:|1784504116
|switch|p2b: Covid-19|Lucario, L50, M|100/100
|detailschange|p1a: EvenLargerPinkBeam|Floette-Mega, L50, F
|-mega|p1a: EvenLargerPinkBeam|Floette|Floettite
|-ability|p1a: EvenLargerPinkBeam|Fairy Aura
|move|p2a: Jaundice|Thunder Wave|p1a: EvenLargerPinkBeam
|-status|p1a: EvenLargerPinkBeam|par
|move|p1b: pourple tongue|Flamethrower|p2b: Covid-19
|-supereffective|p2b: Covid-19|1
|-damage|p2b: Covid-19|0 fnt
|faint|p2b: Covid-19
|move|p1a: EvenLargerPinkBeam|Dazzling Gleam|p2a: Jaundice
|-damage|p2a: Jaundice|0 fnt
|faint|p2a: Jaundice
|
|-sideend|p2: upfrontsalt|Reflect
|upkeep
|
|t:|1784504142
|switch|p2b: Rabies|Hydreigon, L50, F|100/100
|turn|6
|
|t:|1784504152
|move|p2b: Rabies|Flash Cannon|p1a: EvenLargerPinkBeam
|-supereffective|p1a: EvenLargerPinkBeam|1
|-damage|p1a: EvenLargerPinkBeam|30/100 par
|move|p1b: pourple tongue|Sludge Bomb|p2b: Rabies
|-damage|p2b: Rabies|50/100g
|move|p1a: EvenLargerPinkBeam|Moonblast|p2b: Rabies
|-supereffective|p2b: Rabies|2
|-damage|p2b: Rabies|0 fnt
|faint|p2b: Rabies
|
|win|QuickClawExplosion
|c|â˜†upfrontsalt|gr
|inactive|QuickClawExplosion has 30 seconds to confirm battle start!
|inactive|upfrontsalt has 30 seconds to confirm battle start!
||upfrontsalt is ready for game 2.
|c|â˜†QuickClawExplosion|gr goat
||QuickClawExplosion is ready for game 2.
|uhtml|next|Next: Game 2 of 3
