|j|☆Vividedenne
|j|☆bpinela
|html|Vividedennebpinela    
|uhtml|bestof|Game 3 of a best-of-3
|t:|1756409864
|gametype|doubles
|player|p1|Vividedenne|#npl2023|
|player|p2|bpinela|fisherman|
|gen|9
|tier|[Gen 9] VGC 2025 Reg H (Bo3)
|rule|Species Clause: Limit one of each Pokémon
|rule|Item Clause: Limit 1 of each item
|clearpoke
|poke|p1|Whimsicott, L50, F|
|poke|p1|Indeedee, L50, M|
|poke|p1|Sneasler, L50, M|
|poke|p1|Delphox, L50, M|
|poke|p1|Maushold, L50|
|poke|p1|Annihilape, L50, F|
|poke|p2|Maushold-Four, L50|
|poke|p2|Ursaluna, L50, M|
|poke|p2|Hatterene, L50, F|
|poke|p2|Indeedee-F, L50, F|
|poke|p2|Gallade, L50, M|
|poke|p2|Torkoal, L50, M|
|teampreview|4
|showteam|p1|Whimsicott||CovertCloak|Prankster|Tailwind,Moonblast,Encore,SunnyDay|||F|||50|,,,,,Water]Indeedee||FocusSash|PsychicSurge|ExpandingForce,TeraBlast,Imprison,TrickRoom|||M|||50|,,,,,Fighting]Sneasler||PsychicSeed|Unburden|DireClaw,CloseCombat,ThroatChop,Protect|||M|||50|,,,,,Dark]Delphox||LifeOrb|Blaze|ExpandingForce,HeatWave,TeraBlast,Protect|||M|||50|,,,,,Fighting]Maushold||WideLens|Technician|PopulationBomb,FollowMe,BeatUp,Protect||||||50|,,,,,Normal]Annihilape||AssaultVest|Defiant|FinalGambit,CloseCombat,RageFist,DrainPunch|||F|||50|,,,,,Fire
|showteam|p2|Maushold-Four||WideLens|Technician|PopulationBomb,FollowMe,Taunt,Protect||||||50|,,,,,Poison]Ursaluna||FlameOrb|Guts|Facade,HeadlongRush,Earthquake,Protect|||M|||50|,,,,,Ghost]Hatterene||CovertCloak|MagicBounce|ExpandingForce,DazzlingGleam,TeraBlast,TrickRoom|||F|||50|,,,,,Fire]Indeedee-F||PsychicSeed|PsychicSurge|FollowMe,HelpingHand,TrickRoom,Psychic|||F|||50|,,,,,Water]Gallade||ClearAmulet|Sharpness|SacredSword,PsychoCut,WideGuard,TrickRoom|||M|||50|,,,,,Grass]Torkoal||ChoiceSpecs|Drought|Eruption,HeatWave,WeatherBall,EarthPower|||M|||50|,,,,,Fire
|inactive|Battle timer is ON: inactive players will automatically lose when time's up. (requested by bpinela)
|
|t:|1756409999
|teamsize|p1|4
|teamsize|p2|4
|start
|switch|p1a: Indeedee|Indeedee, L50, M|100/100
|switch|p1b: Maushold|Maushold, L50|100/100
|switch|p2a: Maushold|Maushold-Four, L50|100/100
|switch|p2b: Hatterene|Hatterene, L50, F|100/100
|-fieldstart|move: Psychic Terrain|[from] ability: Psychic Surge|[of] p1a: Indeedee
|turn|1
|inactive|Vividedenne has 30 seconds left.
|inactive|Vividedenne has 20 seconds left.
|inactive|Vividedenne has 15 seconds left.
|inactive|Vividedenne has 10 seconds left.
|inactive|Vividedenne has 5 seconds left.
|
|t:|1756410052
|move|p1b: Maushold|Protect|p1b: Maushold
|-singleturn|p1b: Maushold|Protect
|move|p2a: Maushold|Population Bomb|p1b: Maushold
|-activate|p1b: Maushold|move: Protect
|move|p1a: Indeedee|Imprison|p1a: Indeedee
|-start|p1a: Indeedee|move: Imprison
|cant|p2b: Hatterene|move: Imprison|Trick Room
|
|upkeep
|turn|2
|inactive|bpinela has 30 seconds left.
|
|t:|1756410087
|switch|p2b: Ursaluna|Ursaluna, L50, M|100/100
|move|p1b: Maushold|Population Bomb|p2b: Ursaluna
|-damage|p2b: Ursaluna|91/100
|-damage|p2b: Ursaluna|82/100
|-damage|p2b: Ursaluna|72/100
|-crit|p2b: Ursaluna
|-damage|p2b: Ursaluna|60/100
|-damage|p2b: Ursaluna|52/100
|-damage|p2b: Ursaluna|42/100
|-damage|p2b: Ursaluna|34/100
|-crit|p2b: Ursaluna
|-damage|p2b: Ursaluna|20/100
|-damage|p2b: Ursaluna|11/100
|-damage|p2b: Ursaluna|2/100
|-hitcount|p2b: Ursaluna|10
|move|p2a: Maushold|Population Bomb|p1a: Indeedee
|-damage|p1a: Indeedee|75/100
|-damage|p1a: Indeedee|51/100
|-damage|p1a: Indeedee|28/100
|-damage|p1a: Indeedee|3/100
|-damage|p1a: Indeedee|0 fnt
|faint|p1a: Indeedee
|-hitcount|p1: Indeedee|5
|
|-status|p2b: Ursaluna|brn|[from] item: Flame Orb
|upkeep
|inactive|Vividedenne has 30 seconds left.
|
|t:|1756410119
|switch|p1a: Delphox|Delphox, L50, M|100/100
|turn|3
|inactive|bpinela has 30 seconds left.
|inactive|Vividedenne has 30 seconds left.
|inactive|bpinela has 20 seconds left.
|inactive|Vividedenne has 20 seconds left.
|
|t:|1756410166
|-terastallize|p2b: Ursaluna|Ghost
|move|p1b: Maushold|Follow Me|p1b: Maushold
|-singleturn|p1b: Maushold|move: Follow Me
|move|p2a: Maushold|Population Bomb|p1b: Maushold
|-damage|p1b: Maushold|82/100
|-crit|p1b: Maushold
|-damage|p1b: Maushold|53/100
|-crit|p1b: Maushold
|-damage|p1b: Maushold|24/100
|-damage|p1b: Maushold|6/100
|-damage|p1b: Maushold|0 fnt
|faint|p1b: Maushold
|-hitcount|p1: Maushold|5
|move|p1a: Delphox|Expanding Force|p2b: Ursaluna|[spread] p2a,p2b
|-damage|p2a: Maushold|0 fnt
|-damage|p2b: Ursaluna|0 fnt
|faint|p2a: Maushold
|faint|p2b: Ursaluna
|-damage|p1a: Delphox|90/100|[from] item: Life Orb
|
|upkeep
|
|t:|1756410177
|switch|p2a: Torkoal|Torkoal, L50, M|100/100
|switch|p1b: Annihilape|Annihilape, L50, F|100/100
|switch|p2b: Hatterene|Hatterene, L50, F|100/100
|-weather|SunnyDay|[from] ability: Drought|[of] p2a: Torkoal
|turn|4
|
|t:|1756410197
|move|p1a: Delphox|Protect|p1a: Delphox
|-singleturn|p1a: Delphox|Protect
|move|p1b: Annihilape|Final Gambit|p2b: Hatterene
|-damage|p2b: Hatterene|0 fnt
|faint|p1b: Annihilape
|faint|p2b: Hatterene
|move|p2a: Torkoal|Heat Wave|p1a: Delphox
|-activate|p1a: Delphox|move: Protect
|
|-weather|SunnyDay|[upkeep]
|upkeep
|turn|5
|
|t:|1756410206
|move|p1a: Delphox|Expanding Force|p2a: Torkoal
|-damage|p2a: Torkoal|0 fnt
|faint|p2a: Torkoal
|-damage|p1a: Delphox|80/100|[from] item: Life Orb
|
|win|Vividedenne
|c|☆bpinela|gg
|c|☆Vividedenne|ggwp
|l|☆Vividedenne
|player|p1|
|j|☆Vividedenne
|player|p1|Vividedenne|#npl2023|
