|j|☆Kiquemo
|j|☆tuckered out1
|html|Kiquemotuckered out1    
|uhtml|bestof|Game 1 of a best-of-3
|t:|1756448893
|gametype|doubles
|player|p1|Kiquemo|170|1000
|player|p2|tuckered out1|gentleman-gen4|1058
|gen|9
|tier|[Gen 9] VGC 2025 Reg H (Bo3)
|rated|
|rule|Species Clause: Limit one of each Pokémon
|rule|Item Clause: Limit 1 of each item
|clearpoke
|poke|p1|Toedscruel, L50, F|
|poke|p1|Archaludon, L50, M|
|poke|p1|Pelipper, L50, F|
|poke|p1|Araquanid, L50, F|
|poke|p1|Tinkaton, L50, F|
|poke|p1|Gholdengo, L50|
|poke|p2|Ninetales-Alola, L50, M|
|poke|p2|Sandslash-Alola, L50, F|
|poke|p2|Bronzong, L50|
|poke|p2|Blastoise, L50, F|
|poke|p2|Camerupt, L50, M|
|poke|p2|Amoonguss, L50, M|
|teampreview|4
|showteam|p1|Toedscruel||CovertCloak|MyceliumMight|Spore,RagePowder,AcidSpray,EarthPower|||F|||50|,,,,,Water]Archaludon||AssaultVest|Stalwart|ElectroShot,DragonPulse,FlashCannon,BodyPress|||M|||50|,,,,,Grass]Pelipper||FocusSash|Drizzle|Hurricane,WeatherBall,Tailwind,Protect|||F|||50|,,,,,Ghost]Araquanid||MysticWater|WaterBubble|Liquidation,LeechLife,Lunge,WideGuard|||F|||50|,,,,,Water]Tinkaton||Leftovers|MoldBreaker|FakeOut,HelpingHand,ThunderWave,GigatonHammer|||F|||50|,,,,,Steel]Gholdengo||ChoiceScarf|GoodasGold|MakeItRain,ShadowBall,Trick,Protect||||||50|,,,,,Flying
|showteam|p2|Ninetales-Alola||FocusSash|SnowWarning|AuroraVeil,Protect,Blizzard,DazzlingGleam|||M|||50|,,,,,Fairy]Sandslash-Alola||LifeOrb|SlushRush|IronHead,Earthquake,TripleAxel,RockSlide|||F|||50|,,,,,Water]Bronzong||OccaBerry|Levitate|GyroBall,Protect,Bulldoze,TrickRoom||||||50|,,,,,Grass]Blastoise||WhiteHerb|Torrent|ShellSmash,WaterSpout,Protect,HydroPump|||F|||50|,,,,,Water]Camerupt||WeaknessPolicy|SolidRock|Eruption,Protect,EarthPower,HeatWave|||M|||50|,,,,,Fairy]Amoonguss||CovertCloak|Regenerator|Spore,PollenPuff,Protect,RagePowder|||M|||50|,,,,,Water
|inactive|Battle timer is ON: inactive players will automatically lose when time's up. (requested by tuckered out1)
|inactive|Kiquemo has 60 seconds left.
|inactive|tuckered out1 has 60 seconds left.
|inactive|Kiquemo has 30 seconds left.
|inactive|Kiquemo has 20 seconds left.
|inactive|Kiquemo has 15 seconds left.
|inactive|Kiquemo has 10 seconds left.
|inactive|Kiquemo has 5 seconds left.
|
|t:|1756448978
|teamsize|p1|4
|teamsize|p2|4
|start
|switch|p1a: Tinkaton|Tinkaton, L50, F|100/100
|switch|p1b: Archaludon|Archaludon, L50, M|100/100
|switch|p2a: Bronzong|Bronzong, L50|100/100
|switch|p2b: Sandslash|Sandslash-Alola, L50, F|100/100
|-ability|p1a: Tinkaton|Mold Breaker
|turn|1
|inactive|Kiquemo has 30 seconds left.
|
|t:|1756449008
|move|p1a: Tinkaton|Fake Out|p2b: Sandslash
|-resisted|p2b: Sandslash
|-damage|p2b: Sandslash|97/100
|move|p1b: Archaludon|Body Press|p2b: Sandslash
|-supereffective|p2b: Sandslash
|-damage|p2b: Sandslash|0 fnt
|faint|p2b: Sandslash
|move|p2a: Bronzong|Trick Room|p2a: Bronzong
|-fieldstart|move: Trick Room|[of] p2a: Bronzong
|
|upkeep
|
|t:|1756449013
|switch|p2b: Camerupt|Camerupt, L50, M|100/100
|turn|2
|
|t:|1756449035
|switch|p1b: Pelipper|Pelipper, L50, F|100/100
|-weather|RainDance|[from] ability: Drizzle|[of] p1b: Pelipper
|move|p2a: Bronzong|Bulldoze|p1a: Tinkaton|[spread] p2b,p1a
|-immune|p1b: Pelipper
|-supereffective|p2b: Camerupt
|-supereffective|p1a: Tinkaton
|-damage|p2b: Camerupt|85/100
|-damage|p1a: Tinkaton|82/100
|-unboost|p2b: Camerupt|spe|1
|-unboost|p1a: Tinkaton|spe|1
|-enditem|p2b: Camerupt|Weakness Policy
|-boost|p2b: Camerupt|atk|2|[from] item: Weakness Policy
|-boost|p2b: Camerupt|spa|2|[from] item: Weakness Policy
|move|p2b: Camerupt|Earth Power|p1b: Pelipper
|-immune|p1b: Pelipper
|move|p1a: Tinkaton|Thunder Wave|p2a: Bronzong
|-status|p2a: Bronzong|par
|
|-weather|RainDance|[upkeep]
|-heal|p1a: Tinkaton|88/100|[from] item: Leftovers
|upkeep
|turn|3
|inactive|tuckered out1 has 30 seconds left.
|
|t:|1756449067
|switch|p2a: Ninetales|Ninetales-Alola, L50, M|100/100
|-weather|Snowscape|[from] ability: Snow Warning|[of] p2a: Ninetales
|move|p2b: Camerupt|Protect|p2b: Camerupt
|-singleturn|p2b: Camerupt|Protect
|move|p1b: Pelipper|Protect|p1b: Pelipper
|-singleturn|p1b: Pelipper|Protect
|move|p1a: Tinkaton|Thunder Wave|p2b: Camerupt
|-activate|p2b: Camerupt|move: Protect
|
|-weather|Snowscape|[upkeep]
|-heal|p1a: Tinkaton|94/100|[from] item: Leftovers
|upkeep
|turn|4
|
|t:|1756449084
|switch|p1b: Archaludon|Archaludon, L50, M|100/100
|move|p2b: Camerupt|Earth Power|p1a: Tinkaton
|-supereffective|p1a: Tinkaton
|-damage|p1a: Tinkaton|0 fnt
|faint|p1a: Tinkaton
|move|p2a: Ninetales|Aurora Veil|p2a: Ninetales
|-sidestart|p2: tuckered out1|move: Aurora Veil
|
|-weather|Snowscape|[upkeep]
|upkeep
|
|t:|1756449092
|switch|p1a: Pelipper|Pelipper, L50, F|100/100
|-weather|RainDance|[from] ability: Drizzle|[of] p1a: Pelipper
|turn|5
|
|t:|1756449107
|switch|p2a: Bronzong|Bronzong, L50|100/100 par
|-terastallize|p2b: Camerupt|Fairy
|-terastallize|p1b: Archaludon|Grass
|move|p2b: Camerupt|Earth Power|p1b: Archaludon
|-resisted|p1b: Archaludon
|-damage|p1b: Archaludon|65/100
|move|p1b: Archaludon|Electro Shot||[still]
|-prepare|p1b: Archaludon|Electro Shot
|-boost|p1b: Archaludon|spa|1
|-anim|p1b: Archaludon|Electro Shot|p2a: Bronzong
|-damage|p2a: Bronzong|69/100 par
|move|p1a: Pelipper|Weather Ball|p2b: Camerupt
|-damage|p2b: Camerupt|27/100
|
|-weather|RainDance|[upkeep]
|-fieldend|move: Trick Room
|upkeep
|turn|6
|inactive|Kiquemo has 30 seconds left.
|inactive|Kiquemo has 20 seconds left.
|inactive|Kiquemo has 15 seconds left.
|
|t:|1756449147
|switch|p2a: Ninetales|Ninetales-Alola, L50, M|100/100
|-weather|Snowscape|[from] ability: Snow Warning|[of] p2a: Ninetales
|move|p1a: Pelipper|Weather Ball|p2a: Ninetales
|-resisted|p2a: Ninetales
|-crit|p2a: Ninetales
|-damage|p2a: Ninetales|78/100
|move|p1b: Archaludon|Electro Shot||[still]
|-prepare|p1b: Archaludon|Electro Shot
|-boost|p1b: Archaludon|spa|1
|move|p2b: Camerupt|Heat Wave|p1b: Archaludon|[spread] p1a,p1b
|-resisted|p1a: Pelipper
|-supereffective|p1b: Archaludon
|-damage|p1a: Pelipper|46/100
|-damage|p1b: Archaludon|0 fnt
|faint|p1b: Archaludon
|
|-weather|Snowscape|[upkeep]
|upkeep
|
|t:|1756449159
|switch|p1b: Gholdengo|Gholdengo, L50|100/100
|turn|7
|
|t:|1756449182
|switch|p2b: Bronzong|Bronzong, L50|69/100 par
|move|p1b: Gholdengo|Make It Rain|p2a: Ninetales|[spread] p2a,p2b
|-supereffective|p2a: Ninetales
|-resisted|p2b: Bronzong
|-damage|p2a: Ninetales|0 fnt
|-damage|p2b: Bronzong|60/100 par
|-unboost|p1b: Gholdengo|spa|1
|faint|p2a: Ninetales
|move|p1a: Pelipper|Tailwind|p1a: Pelipper
|-sidestart|p1: Kiquemo|move: Tailwind
|
|-weather|Snowscape|[upkeep]
|upkeep
|
|t:|1756449188
|switch|p2a: Camerupt|Camerupt, L50, M, tera:Fairy|27/100
|turn|8
|
|t:|1756449195
|move|p2a: Camerupt|Protect|p2a: Camerupt
|-singleturn|p2a: Camerupt|Protect
|move|p1b: Gholdengo|Make It Rain|p2a: Camerupt|[spread] p2b
|-activate|p2a: Camerupt|move: Protect
|-resisted|p2b: Bronzong
|-damage|p2b: Bronzong|52/100 par
|-unboost|p1b: Gholdengo|spa|1
|move|p1a: Pelipper|Hurricane|p2b: Bronzong
|-resisted|p2b: Bronzong
|-damage|p2b: Bronzong|40/100 par
|move|p2b: Bronzong|Trick Room|p2b: Bronzong
|-fieldstart|move: Trick Room|[of] p2b: Bronzong
|
|-weather|Snowscape|[upkeep]
|-sideend|p2: tuckered out1|move: Aurora Veil
|upkeep
|turn|9
|
|t:|1756449209
|move|p2b: Bronzong|Gyro Ball|p1a: Pelipper
|-resisted|p1a: Pelipper
|-damage|p1a: Pelipper|18/100
|move|p2a: Camerupt|Earth Power|p1b: Gholdengo
|-supereffective|p1b: Gholdengo
|-damage|p1b: Gholdengo|26/100
|move|p1a: Pelipper|Hurricane|p2a: Camerupt|[miss]
|-miss|p1a: Pelipper|p2a: Camerupt
|move|p1b: Gholdengo|Make It Rain|p2a: Camerupt|[spread] p2a,p2b
|-supereffective|p2a: Camerupt
|-resisted|p2b: Bronzong
|-damage|p2a: Camerupt|0 fnt
|-damage|p2b: Bronzong|33/100 par
|-unboost|p1b: Gholdengo|spa|1
|faint|p2a: Camerupt
|
|-weather|Snowscape|[upkeep]
|upkeep
|turn|10
|
|t:|1756449221
|move|p1a: Pelipper|Protect|p1a: Pelipper
|-singleturn|p1a: Pelipper|Protect
|move|p2b: Bronzong|Gyro Ball|p1a: Pelipper
|-activate|p1a: Pelipper|move: Protect
|move|p1b: Gholdengo|Make It Rain|p2b: Bronzong
|-resisted|p2b: Bronzong
|-damage|p2b: Bronzong|24/100 par
|-unboost|p1b: Gholdengo|spa|1
|
|-weather|none
|-sideend|p1: Kiquemo|move: Tailwind
|upkeep
|turn|11
|
|t:|1756449237
|move|p1a: Pelipper|Protect||[still]
|-fail|p1a: Pelipper
|move|p2b: Bronzong|Gyro Ball|p1a: Pelipper
|-resisted|p1a: Pelipper
|-damage|p1a: Pelipper|0 fnt
|faint|p1a: Pelipper
|move|p1b: Gholdengo|Make It Rain|p2b: Bronzong
|-resisted|p2b: Bronzong
|-damage|p2b: Bronzong|17/100 par
|-unboost|p1b: Gholdengo|spa|1
|
|upkeep
|turn|12
|
|t:|1756449241
|move|p2b: Bronzong|Bulldoze|p1b: Gholdengo
|-supereffective|p1b: Gholdengo
|-damage|p1b: Gholdengo|2/100
|-unboost|p1b: Gholdengo|spe|1
|move|p1b: Gholdengo|Make It Rain|p2b: Bronzong
|-resisted|p2b: Bronzong
|-damage|p2b: Bronzong|11/100 par
|-unboost|p1b: Gholdengo|spa|1
|
|-fieldend|move: Trick Room
|upkeep
|turn|13
|
|t:|1756449248
|move|p1b: Gholdengo|Make It Rain|p2b: Bronzong
|-resisted|p2b: Bronzong
|-damage|p2b: Bronzong|6/100 par
|move|p2b: Bronzong|Bulldoze|p1b: Gholdengo
|-supereffective|p1b: Gholdengo
|-damage|p1b: Gholdengo|0 fnt
|faint|p1b: Gholdengo
|
|win|tuckered out1
||Kiquemo is ready for game 2.
||tuckered out1 is ready for game 2.
|uhtml|next|Next: Game 2 of 3
|l|☆Kiquemo
|player|p1|
