|j|☆chefbenboyrd
|j|☆BakonJR
|html|chefbenboyrdBakonJR    
|uhtml|bestof|Game 1 of a best-of-3
|t:|1756851494
|gametype|doubles
|player|p1|chefbenboyrd|brawly|1071
|player|p2|BakonJR|170|1062
|gen|9
|tier|[Gen 9] VGC 2025 Reg H (Bo3)
|rated|
|rule|Species Clause: Limit one of each Pokémon
|rule|Item Clause: Limit 1 of each item
|clearpoke
|poke|p1|Whimsicott, L50, F|
|poke|p1|Hydreigon, L50, M|
|poke|p1|Grimmsnarl, L50, M|
|poke|p1|Incineroar, L50, M|
|poke|p1|Gholdengo, L50|
|poke|p1|Annihilape, L50, F|
|poke|p2|Porygon2, L50|
|poke|p2|Ursaluna, L50, F|
|poke|p2|Primarina, L50, M|
|poke|p2|Rillaboom, L50, F|
|poke|p2|Pelipper, L50, M|
|poke|p2|Archaludon, L50, M|
|teampreview|4
|showteam|p1|Whimsicott||FocusSash|Prankster|SunnyDay,Encore,Tailwind,Moonblast|||F|||50|,,,,,Ghost]Hydreigon||ChoiceSpecs|Levitate|HeatWave,DracoMeteor,Snarl,DarkPulse|||M|||50|,,,,,Fire]Grimmsnarl||LightClay|Prankster|SpiritBreak,Reflect,LightScreen,ThunderWave|||M|||50|,,,,,Steel]Incineroar||SafetyGoggles|Intimidate|KnockOff,FakeOut,PartingShot,FlareBlitz|||M|||50|,,,,,Ghost]Gholdengo||LifeOrb|GoodasGold|Protect,MakeItRain,ShadowBall,NastyPlot||||||50|,,,,,Water]Annihilape||SitrusBerry|Defiant|Protect,Taunt,RageFist,DrainPunch|||F|||50|,,,,,Fairy
|showteam|p2|Porygon2||Eviolite|Download|TrickRoom,IceBeam,TeraBlast,Recover||||||50|,,,,,Flying]Ursaluna||FlameOrb|Guts|Crunch,Facade,Protect,HeadlongRush|||F|||50|,,,,,Ghost]Primarina||ThroatSpray|LiquidVoice|HyperVoice,Moonblast,Protect,CalmMind|||M|||50|,,,,,Steel]Rillaboom||LifeOrb|GrassySurge|GrassyGlide,FakeOut,StompingTantrum,KnockOff|||F|||50|,,,,,Fire]Pelipper||SharpBeak|Drizzle|Hurricane,HydroPump,Tailwind,Protect|||M|||50|,,,,,Ghost]Archaludon||AssaultVest|Stamina|FlashCannon,BodyPress,DracoMeteor,ElectroShot|||M|||50|,,,,,Dragon
|inactive|Battle timer is ON: inactive players will automatically lose when time's up. (requested by chefbenboyrd)
|
|t:|1756851532
|teamsize|p1|4
|teamsize|p2|4
|start
|switch|p1a: Annihilape|Annihilape, L50, F|100/100
|switch|p1b: Incineroar|Incineroar, L50, M|100/100
|switch|p2a: Primarina|Primarina, L50, M|100/100
|switch|p2b: Porygon2|Porygon2, L50|100/100
|-ability|p1b: Incineroar|Intimidate|boost
|-unboost|p2a: Primarina|atk|1
|-unboost|p2b: Porygon2|atk|1
|-ability|p2b: Porygon2|Download|boost
|-boost|p2b: Porygon2|atk|1
|turn|1
|
|t:|1756851547
|-terastallize|p1a: Annihilape|Fairy
|-terastallize|p2b: Porygon2|Flying
|move|p1b: Incineroar|Fake Out|p2a: Primarina
|-damage|p2a: Primarina|88/100
|move|p1a: Annihilape|Taunt|p2b: Porygon2
|-start|p2b: Porygon2|move: Taunt
|cant|p2a: Primarina|flinch
|move|p2b: Porygon2|Tera Blast|p1a: Annihilape|[anim] Tera Blast Flying
|-damage|p1a: Annihilape|67/100
|
|upkeep
|turn|2
|
|t:|1756851565
|switch|p2b: Pelipper|Pelipper, L50, M|100/100
|-weather|RainDance|[from] ability: Drizzle|[of] p2b: Pelipper
|move|p1a: Annihilape|Taunt|p2a: Primarina
|-start|p2a: Primarina|move: Taunt
|move|p1b: Incineroar|Knock Off|p2b: Pelipper
|-damage|p2b: Pelipper|51/100
|-enditem|p2b: Pelipper|Sharp Beak|[from] move: Knock Off|[of] p1b: Incineroar
|move|p2a: Primarina|Hyper Voice|p1b: Incineroar|[spread] p1a,p1b
|-supereffective|p1b: Incineroar
|-damage|p1a: Annihilape|18/100
|-damage|p1b: Incineroar|0 fnt
|-enditem|p1a: Annihilape|Sitrus Berry|[eat]
|-heal|p1a: Annihilape|43/100|[from] item: Sitrus Berry
|faint|p1b: Incineroar
|-enditem|p2a: Primarina|Throat Spray
|-boost|p2a: Primarina|spa|1|[from] item: Throat Spray
|
|-weather|RainDance|[upkeep]
|upkeep
|
|t:|1756851583
|switch|p1b: Gholdengo|Gholdengo, L50|100/100
|turn|3
|
|t:|1756851599
|move|p1a: Annihilape|Rage Fist|p2a: Primarina
|-damage|p2a: Primarina|20/100
|move|p1b: Gholdengo|Nasty Plot|p1b: Gholdengo
|-boost|p1b: Gholdengo|spa|2
|move|p2b: Pelipper|Tailwind|p2b: Pelipper
|-sidestart|p2: BakonJR|move: Tailwind
|move|p2a: Primarina|Hyper Voice|p1a: Annihilape|[spread] p1a,p1b
|-damage|p1a: Annihilape|0 fnt
|-damage|p1b: Gholdengo|16/100
|faint|p1a: Annihilape
|
|-weather|RainDance|[upkeep]
|upkeep
|
|t:|1756851609
|switch|p1a: Whimsicott|Whimsicott, L50, F|100/100
|turn|4
|
|t:|1756851614
|move|p1a: Whimsicott|Tailwind|p1a: Whimsicott
|-sidestart|p1: chefbenboyrd|move: Tailwind
|move|p1b: Gholdengo|Make It Rain|p2a: Primarina|[spread] p2a,p2b
|-resisted|p2b: Pelipper
|-crit|p2b: Pelipper
|-damage|p2a: Primarina|0 fnt
|-damage|p2b: Pelipper|0 fnt
|-unboost|p1b: Gholdengo|spa|1
|faint|p2a: Primarina
|faint|p2b: Pelipper
|-damage|p1b: Gholdengo|7/100|[from] item: Life Orb
|
|-weather|RainDance|[upkeep]
|upkeep
|
|t:|1756851620
|switch|p2b: Archaludon|Archaludon, L50, M|100/100
|switch|p2a: Porygon2|Porygon2, L50, tera:Flying|100/100
|-ability|p2a: Porygon2|Download|boost
|-boost|p2a: Porygon2|spa|1
|turn|5
|inactive|BakonJR has 30 seconds left.
|inactive|BakonJR has 20 seconds left.
|inactive|BakonJR has 15 seconds left.
|inactive|BakonJR has 10 seconds left.
|
|t:|1756851666
|move|p1a: Whimsicott|Sunny Day|p1a: Whimsicott
|-weather|SunnyDay
|move|p1b: Gholdengo|Shadow Ball|p2b: Archaludon
|-crit|p2b: Archaludon
|-damage|p2b: Archaludon|0 fnt
|faint|p2b: Archaludon
|-damage|p1b: Gholdengo|0 fnt|[from] item: Life Orb
|faint|p1b: Gholdengo
|move|p2a: Porygon2|Tera Blast|p1a: Whimsicott|[anim] Tera Blast Flying
|-supereffective|p1a: Whimsicott
|-crit|p1a: Whimsicott
|-enditem|p1a: Whimsicott|Focus Sash
|-damage|p1a: Whimsicott|1/100
|
|-weather|SunnyDay|[upkeep]
|upkeep
|turn|6
|
|t:|1756851678
|move|p1a: Whimsicott|Moonblast|p2a: Porygon2
|-damage|p2a: Porygon2|78/100
|move|p2a: Porygon2|Tera Blast|p1a: Whimsicott|[anim] Tera Blast Flying
|-supereffective|p1a: Whimsicott
|-damage|p1a: Whimsicott|0 fnt
|faint|p1a: Whimsicott
|
|win|BakonJR
