|j|☆kidkeo257
|j|☆Tamejo
|html|kidkeo257Tamejo    
|uhtml|bestof|Game 2 of a best-of-3
|t:|1784562122
|gametype|doubles
|player|p1|kidkeo257|youngster-gen4dp|1021
|player|p2|Tamejo|caitlin|1074
|gen|9
|tier|[Gen 9 Champions] VGC 2026 Reg M-B (Bo3)
|rated|
|rule|Species Clause: Limit one of each Pokémon
|rule|Item Clause: Limit 1 of each item
|clearpoke
|poke|p1|Gengar, L50, M|
|poke|p1|Azumarill, L50, F|
|poke|p1|Sableye, L50, F|
|poke|p1|Dragonite, L50, F|
|poke|p1|Florges, L50, F|
|poke|p1|Incineroar, L50, F|
|poke|p2|Mamoswine, L50, F|
|poke|p2|Gyarados, L50, M|
|poke|p2|Sneasler, L50, F|
|poke|p2|Sinistcha, L50|
|poke|p2|Talonflame, L50, M|
|poke|p2|Metagross, L50|
|teampreview|4
|showteam|p1|Gengar||Gengarite|CursedBody|PerishSong,Protect,Disable,ShadowBall|Modest||M|||50|]Azumarill||MentalHerb|ThickFat|Protect,PerishSong,AquaJet,AlluringVoice|Bold||F|||50|]Sableye||FocusSash|Prankster|Reflect,Protect,Encore,FoulPlay|Calm||F|||50|]Dragonite||Leftovers|Multiscale|Roost,Protect,Earthquake,DragonClaw|Impish||F|||50|]Florges||BabiriBerry|FlowerVeil|PollenPuff,Protect,EnergyBall,DrainingKiss|Bold||F|||50|]Incineroar||SitrusBerry|Intimidate|FakeOut,Protect,PartingShot,FlareBlitz|Brave||F|||50|
|showteam|p2|Mamoswine||LifeOrb|Oblivious|HighHorsepower,IceShard,RockSlide,Protect|Adamant||F|||50|]Gyarados||Gyaradosite|Intimidate|Waterfall,LashOut,DragonDance,Protect|Jolly||M|||50|]Sneasler||FocusSash|PoisonTouch|PoisonJab,CloseCombat,FakeOut,Coaching|Jolly||F|||50|]Sinistcha||OccaBerry|Hospitality|MatchaGotcha,RagePowder,LifeDew,Protect|Bold|||||50|]Talonflame||SharpBeak|GaleWings|DualWingbeat,Tailwind,Taunt,QuickGuard|Jolly||M|||50|]Metagross||Metagrossite|ClearBody|PsychicFangs,IronHead,BodyPress,Protect|Adamant|||||50|
|inactive|Battle timer is ON: inactive players will automatically lose when time's up. (requested by Tamejo)
|
|t:|1784562177
|teamsize|p1|4
|teamsize|p2|4
|start
|switch|p1a: Azumarill|Azumarill, L50, F|100/100
|switch|p1b: Gengar|Gengar, L50, M|100/100
|switch|p2a: Sneasler|Sneasler, L50, F|100/100
|switch|p2b: Mamoswine|Mamoswine, L50, F|100/100
|turn|1
|inactive|kidkeo257 has 30 seconds left.
|inactive|kidkeo257 has 20 seconds left.
|inactive|kidkeo257 has 15 seconds left.
|
|t:|1784562221
|detailschange|p1b: Gengar|Gengar-Mega, L50, M
|-mega|p1b: Gengar|Gengar|Gengarite
|move|p2a: Sneasler|Fake Out|p1a: Azumarill
|-damage|p1a: Azumarill|85/100
|move|p1b: Gengar|Perish Song|p1b: Gengar
|-start|p1a: Azumarill|perish3|[silent]
|-start|p1b: Gengar|perish3|[silent]
|-start|p2a: Sneasler|perish3|[silent]
|-start|p2b: Mamoswine|perish3|[silent]
|-fieldactivate|move: Perish Song
|move|p2b: Mamoswine|High Horsepower|p1b: Gengar
|-supereffective|p1b: Gengar|1
|-damage|p1b: Gengar|0 fnt
|faint|p1b: Gengar
|-damage|p2b: Mamoswine|90/100|[from] item: Life Orb
|cant|p1a: Azumarill|flinch
|
|-start|p2a: Sneasler|perish3
|-start|p2b: Mamoswine|perish3
|-start|p1a: Azumarill|perish3
|upkeep
|
|t:|1784562240
|switch|p1b: Sableye|Sableye, L50, F|100/100
|turn|2
|
|t:|1784562251
|switch|p2b: Gyarados|Gyarados, L50, M|100/100
|-ability|p2b: Gyarados|Intimidate|boost
|-unboost|p1a: Azumarill|atk|1
|-unboost|p1b: Sableye|atk|1
|move|p1a: Azumarill|Aqua Jet|p2b: Gyarados
|-resisted|p2b: Gyarados|1
|-damage|p2b: Gyarados|96/100
|move|p1b: Sableye|Reflect|p1b: Sableye
|-sidestart|p1: kidkeo257|Reflect
|move|p2a: Sneasler|Poison Jab|p1a: Azumarill
|-supereffective|p1a: Azumarill|1
|-damage|p1a: Azumarill|29/100
|
|-start|p2a: Sneasler|perish2
|-start|p1a: Azumarill|perish2
|upkeep
|turn|3
|
|t:|1784562274
|detailschange|p2b: Gyarados|Gyarados-Mega, L50, M
|-mega|p2b: Gyarados|Gyarados|Gyaradosite
|-ability|p2b: Gyarados|Mold Breaker
|move|p1a: Azumarill|Protect|p1a: Azumarill
|-singleturn|p1a: Azumarill|Protect
|move|p1b: Sableye|Encore|p2a: Sneasler
|-start|p2a: Sneasler|Encore
|move|p2a: Sneasler|Poison Jab|p1a: Azumarill
|-activate|p1a: Azumarill|move: Protect
|move|p2b: Gyarados|Lash Out|p1b: Sableye
|-damage|p1b: Sableye|59/100
|
|-start|p2a: Sneasler|perish1
|-start|p1a: Azumarill|perish1
|upkeep
|turn|4
|inactive|kidkeo257 has 30 seconds left.
|inactive|kidkeo257 has 20 seconds left.
|inactive|kidkeo257 has 15 seconds left.
|inactive|kidkeo257 has 10 seconds left.
|inactive|kidkeo257 has 5 seconds left.
|
|t:|1784562329
|switch|p2a: Talonflame|Talonflame, L50, M|100/100
|move|p1a: Azumarill|Protect||[still]
|-fail|p1a: Azumarill
|move|p1b: Sableye|Reflect||[still]
|-fail|p1b: Sableye
|move|p2b: Gyarados|Lash Out|p1b: Sableye
|-damage|p1b: Sableye|23/100
|
|-start|p1a: Azumarill|perish0
|faint|p1a: Azumarill
|upkeep
|
|t:|1784562338
|switch|p1a: Incineroar|Incineroar, L50, F|100/100
|-ability|p1a: Incineroar|Intimidate|boost
|-unboost|p2a: Talonflame|atk|1
|-unboost|p2b: Gyarados|atk|1
|turn|5
|inactive|kidkeo257 has 30 seconds left.
|
|t:|1784562367
|move|p1a: Incineroar|Protect|p1a: Incineroar
|-singleturn|p1a: Incineroar|Protect
|move|p2a: Talonflame|Quick Guard|p2a: Talonflame
|-singleturn|p2a: Talonflame|Quick Guard
|move|p2b: Gyarados|Waterfall|p1b: Sableye
|-damage|p1b: Sableye|0 fnt
|faint|p1b: Sableye
|
|upkeep
|turn|6
|
|t:|1784562389
|move|p2a: Talonflame|Dual Wingbeat|p1a: Incineroar
|-damage|p1a: Incineroar|93/100
|-damage|p1a: Incineroar|86/100
|-hitcount|p1a: Incineroar|2
|move|p2b: Gyarados|Waterfall|p1a: Incineroar
|-supereffective|p1a: Incineroar|1
|-damage|p1a: Incineroar|50/100g
|move|p1a: Incineroar|Parting Shot|p2b: Gyarados
|-unboost|p2b: Gyarados|atk|1
|-unboost|p2b: Gyarados|spa|1
|
|-sideend|p1: kidkeo257|Reflect
|upkeep
|turn|7
|
|t:|1784562406
|switch|p2a: Sneasler|Sneasler, L50, F|100/100
|move|p2b: Gyarados|Waterfall|p1a: Incineroar
|-supereffective|p1a: Incineroar|1
|-damage|p1a: Incineroar|14/100
|-enditem|p1a: Incineroar|Sitrus Berry|[eat]
|-heal|p1a: Incineroar|39/100|[from] item: Sitrus Berry
|move|p1a: Incineroar|Flare Blitz|p2b: Gyarados
|-resisted|p2b: Gyarados|1
|-damage|p2b: Gyarados|71/100
|-damage|p1a: Incineroar|32/100|[from] Recoil
|
|upkeep
|turn|8
|c|☆kidkeo257|ggs
|-message|kidkeo257 forfeited.
|
|win|Tamejo
|raw|kidkeo257's rating: 1021 → 1010(-11 for losing)
|raw|Tamejo's rating: 1074 → 1099(+25 for winning)
|l|☆kidkeo257
|player|p1|
|c|☆Tamejo|Gg
