|j|☆Yei_Lai
|j|☆qaz8787
|html|Yei_Laiqaz8787    
|uhtml|bestof|Game 3 of a best-of-3
|t:|1786029783
|gametype|doubles
|player|p1|Yei_Lai|101|
|player|p2|qaz8787|169|
|gen|9
|tier|[Gen 9 Champions] VGC 2026 Reg M-B (Bo3)
|rule|Species Clause: Limit one of each Pokémon
|rule|Item Clause: Limit 1 of each item
|clearpoke
|poke|p1|Charizard, L50, M|
|poke|p1|Garchomp, L50, F|
|poke|p1|Whimsicott, L50, M|
|poke|p1|Basculegion, L50, M|
|poke|p1|Floette-Eternal, L50, F|
|poke|p1|Kingambit, L50, M|
|poke|p2|Charizard, L50, F|
|poke|p2|Archaludon, L50, M|
|poke|p2|Venusaur, L50, F|
|poke|p2|Pelipper, L50, M|
|poke|p2|Grimmsnarl, L50, M|
|poke|p2|Basculegion, L50, M|
|teampreview|4
|showteam|p1|Charizard||CharizarditeY|Blaze|HeatWave,SolarBeam,WeatherBall,Protect|Modest||M|||50|]Garchomp||LifeOrb|RoughSkin|DragonClaw,StompingTantrum,RockSlide,Protect|Jolly||F|||50|]Whimsicott||FocusSash|Prankster|Moonblast,Tailwind,Encore,Protect|Timid||M|||50|]Basculegion||MysticWater|Adaptability|WaveCrash,AquaJet,Protect,LastRespects|Adamant||M|||50|]Floette-Eternal||Floettite|FlowerVeil|Moonblast,DazzlingGleam,LightofRuin,Protect|Timid||F|||50|]Kingambit||ChopleBerry|Defiant|KowtowCleave,LowKick,SuckerPunch,IronHead|Adamant||M|||50|
|showteam|p2|Charizard||CharizarditeY|Blaze|HeatWave,WeatherBall,SolarBeam,Protect|Modest||F|||50|]Archaludon||Leftovers|Stamina|ElectroShot,FlashCannon,DragonPulse,Protect|Modest||M|||50|]Venusaur||LifeOrb|Chlorophyll|LeafStorm,SludgeBomb,EarthPower,Protect|Modest||F|||50|]Pelipper||FocusSash|Drizzle|WeatherBall,Hurricane,Tailwind,WideGuard|Timid||M|||50|]Grimmsnarl||LightClay|Prankster|SpiritBreak,PartingShot,Reflect,LightScreen|Careful||M|||50|]Basculegion||ChoiceScarf|Adaptability|WaveCrash,FlipTurn,AquaJet,LastRespects|Jolly||M|||50|
|
|t:|1786029839
|teamsize|p1|4
|teamsize|p2|4
|start
|switch|p1a: Garchomp|Garchomp, L50, F|100/100
|switch|p1b: Kingambit|Kingambit, L50, M|100/100
|switch|p2a: Grimmsnarl|Grimmsnarl, L50, M|100/100
|switch|p2b: Archaludon|Archaludon, L50, M|100/100
|turn|1
|
|t:|1786029871
|move|p2b: Archaludon|Protect|p2b: Archaludon
|-singleturn|p2b: Archaludon|Protect
|move|p2a: Grimmsnarl|Reflect|p2a: Grimmsnarl
|-sidestart|p2: qaz8787|Reflect
|move|p1a: Garchomp|Stomping Tantrum|p2a: Grimmsnarl
|-damage|p2a: Grimmsnarl|63/100
|-damage|p1a: Garchomp|90/100|[from] item: Life Orb
|move|p1b: Kingambit|Iron Head|p2a: Grimmsnarl
|-supereffective|p2a: Grimmsnarl|1
|-damage|p2a: Grimmsnarl|1/100
|
|upkeep
|turn|2
|
|t:|1786029886
|move|p1a: Garchomp|Protect|p1a: Garchomp
|-singleturn|p1a: Garchomp|Protect
|move|p2a: Grimmsnarl|Parting Shot|p1a: Garchomp
|-activate|p1a: Garchomp|move: Protect
|move|p2b: Archaludon|Electro Shot||[still]
|-prepare|p2b: Archaludon|Electro Shot
|-boost|p2b: Archaludon|spa|1
|move|p1b: Kingambit|Kowtow Cleave|p2a: Grimmsnarl
|-resisted|p2a: Grimmsnarl|2
|-damage|p2a: Grimmsnarl|0 fnt
|faint|p2a: Grimmsnarl
|
|upkeep
|
|t:|1786029913
|switch|p2a: Pelipper|Pelipper, L50, M|100/100
|-weather|RainDance|[from] ability: Drizzle|[of] p2a: Pelipper
|turn|3
|
|t:|1786029932
|move|p1a: Garchomp|Dragon Claw|p2a: Pelipper
|-damage|p2a: Pelipper|51/100
|-damage|p1a: Garchomp|80/100|[from] item: Life Orb
|move|p2a: Pelipper|Tailwind|p2a: Pelipper
|-sidestart|p2: qaz8787|move: Tailwind
|move|p2b: Archaludon|Electro Shot|p1b: Kingambit|[from] lockedmove
|-damage|p1b: Kingambit|42/100
|move|p1b: Kingambit|Kowtow Cleave|p2a: Pelipper
|-damage|p2a: Pelipper|5/100
|
|-weather|RainDance|[upkeep]
|upkeep
|turn|4
|
|t:|1786029963
|switch|p2a: Charizard|Charizard, L50, F|100/100
|switch|p1a: Whimsicott|Whimsicott, L50, M|100/100
|move|p1b: Kingambit|Sucker Punch||[still]
|-fail|p1b: Kingambit
|move|p2b: Archaludon|Dragon Pulse|p1a: Whimsicott
|-immune|p1a: Whimsicott
|
|-weather|RainDance|[upkeep]
|upkeep
|turn|5
|
|t:|1786029999
|detailschange|p2a: Charizard|Charizard-Mega-Y, L50, F
|-mega|p2a: Charizard|Charizard|Charizardite Y
|-weather|SunnyDay|[from] ability: Drought|[of] p2a: Charizard
|move|p1a: Whimsicott|Protect|p1a: Whimsicott
|-singleturn|p1a: Whimsicott|Protect
|move|p1b: Kingambit|Sucker Punch|p2a: Charizard
|-damage|p2a: Charizard|71/100
|move|p2a: Charizard|Heat Wave|p1b: Kingambit|[spread] 
|-activate|p1a: Whimsicott|move: Protect
|-miss|p2a: Charizard|p1b: Kingambit
|move|p2b: Archaludon|Flash Cannon|p1a: Whimsicott
|-activate|p1a: Whimsicott|move: Protect
|
|-weather|SunnyDay|[upkeep]
|upkeep
|turn|6
|
|t:|1786030054
|switch|p1a: Charizard|Charizard, L50, M|100/100
|move|p1b: Kingambit|Sucker Punch|p2a: Charizard
|-damage|p2a: Charizard|41/100
|move|p2a: Charizard|Heat Wave|p1a: Charizard|[spread] p1a,p1b
|-resisted|p1a: Charizard|1
|-supereffective|p1b: Kingambit|1
|-damage|p1a: Charizard|64/100
|-damage|p1b: Kingambit|0 fnt
|faint|p1b: Kingambit
|move|p2b: Archaludon|Flash Cannon|p1a: Charizard
|-resisted|p1a: Charizard|1
|-damage|p1a: Charizard|32/100
|
|-weather|SunnyDay|[upkeep]
|-sideend|p2: qaz8787|move: Tailwind
|upkeep
|
|t:|1786030065
|switch|p1b: Garchomp|Garchomp, L50, F|80/100
|turn|7
|
|t:|1786030113
|detailschange|p1a: Charizard|Charizard-Mega-Y, L50, M
|-mega|p1a: Charizard|Charizard|Charizardite Y
|move|p2a: Charizard|Protect|p2a: Charizard
|-singleturn|p2a: Charizard|Protect
|move|p2b: Archaludon|Protect|p2b: Archaludon
|-singleturn|p2b: Archaludon|Protect
|move|p1b: Garchomp|Rock Slide|p2a: Charizard|[spread] 
|-activate|p2a: Charizard|move: Protect
|-activate|p2b: Archaludon|move: Protect
|move|p1a: Charizard|Weather Ball|p2b: Archaludon
|-activate|p2b: Archaludon|move: Protect
|
|-weather|SunnyDay|[upkeep]
|upkeep
|turn|8
|
|t:|1786030153
|switch|p1a: Whimsicott|Whimsicott, L50, M|100/100
|switch|p2a: Pelipper|Pelipper, L50, M|5/100
|-weather|RainDance|[from] ability: Drizzle|[of] p2a: Pelipper
|move|p1b: Garchomp|Protect|p1b: Garchomp
|-singleturn|p1b: Garchomp|Protect
|move|p2b: Archaludon|Flash Cannon|p1b: Garchomp
|-activate|p1b: Garchomp|move: Protect
|
|-weather|RainDance|[upkeep]
|-sideend|p2: qaz8787|Reflect
|upkeep
|turn|9
|
|t:|1786030203
|move|p1a: Whimsicott|Encore|p2b: Archaludon
|-start|p2b: Archaludon|Encore
|move|p1b: Garchomp|Dragon Claw|p2a: Pelipper
|-crit|p2a: Pelipper
|-damage|p2a: Pelipper|0 fnt
|faint|p2a: Pelipper
|-damage|p1b: Garchomp|70/100|[from] item: Life Orb
|move|p2b: Archaludon|Flash Cannon|p1a: Whimsicott
|-supereffective|p1a: Whimsicott|1
|-enditem|p1a: Whimsicott|Focus Sash
|-damage|p1a: Whimsicott|1/100
|
|-weather|RainDance|[upkeep]
|upkeep
|
|t:|1786030214
|switch|p2a: Charizard|Charizard-Mega-Y, L50, F|41/100
|-weather|SunnyDay|[from] ability: Drought|[of] p2a: Charizard
|turn|10
|
|t:|1786030230
|move|p1a: Whimsicott|Protect|p1a: Whimsicott
|-singleturn|p1a: Whimsicott|Protect
|move|p2a: Charizard|Protect|p2a: Charizard
|-singleturn|p2a: Charizard|Protect
|move|p1b: Garchomp|Dragon Claw|p2a: Charizard
|-activate|p2a: Charizard|move: Protect
|move|p2b: Archaludon|Flash Cannon|p1a: Whimsicott
|-activate|p1a: Whimsicott|move: Protect
|
|-weather|SunnyDay|[upkeep]
|upkeep
|turn|11
|
|t:|1786030242
|move|p1a: Whimsicott|Tailwind|p1a: Whimsicott
|-sidestart|p1: Yei_Lai|move: Tailwind
|move|p1b: Garchomp|Dragon Claw|p2a: Charizard
|-damage|p2a: Charizard|0 fnt
|faint|p2a: Charizard
|-damage|p1b: Garchomp|60/100|[from] item: Life Orb
|move|p2b: Archaludon|Flash Cannon|p1a: Whimsicott
|-supereffective|p1a: Whimsicott|1
|-damage|p1a: Whimsicott|0 fnt
|faint|p1a: Whimsicott
|
|-weather|SunnyDay|[upkeep]
|-end|p2b: Archaludon|Encore
|upkeep
|
|t:|1786030245
|switch|p1a: Charizard|Charizard-Mega-Y, L50, M|32/100
|turn|12
|
|t:|1786030278
|move|p1b: Garchomp|Stomping Tantrum|p2b: Archaludon
|-supereffective|p2b: Archaludon|1
|-damage|p2b: Archaludon|28/100
|-ability|p2b: Archaludon|Stamina|boost
|-boost|p2b: Archaludon|def|1
|-damage|p1b: Garchomp|50/100g|[from] item: Life Orb
|move|p1a: Charizard|Weather Ball|p2b: Archaludon
|-damage|p2b: Archaludon|0 fnt
|faint|p2b: Archaludon
|
|win|Yei_Lai
