|j|☆TheLeoj
|j|☆kerlinn
|html|TheLeojkerlinn    
|uhtml|bestof|Game 1 of a best-of-3
|t:|1783829149
|gametype|doubles
|player|p1|TheLeoj|266|
|player|p2|kerlinn|colress|
|gen|9
|tier|[Gen 9 Champions] VGC 2026 Reg M-B (Bo3)
|rule|Species Clause: Limit one of each Pokémon
|rule|Item Clause: Limit 1 of each item
|clearpoke
|poke|p1|Politoed, L50, M, shiny|
|poke|p1|Incineroar, L50, F, shiny|
|poke|p1|Gengar, L50, M, shiny|
|poke|p1|Archaludon, L50, M, shiny|
|poke|p1|Swampert, L50, M, shiny|
|poke|p1|Vivillon-Elegant, L50, M, shiny|
|poke|p2|Umbreon, L50, M|
|poke|p2|Meganium, L50, M|
|poke|p2|Palafin, L50, F|
|poke|p2|Politoed, L50, F|
|poke|p2|Aegislash, L50, M|
|poke|p2|Meowstic, L50, M|
|teampreview|4
|showteam|p1|Politoed||SitrusBerry|Drizzle|WeatherBall,Encore,PerishSong,Protect|Calm||M|||50|]Incineroar||PasshoBerry|Intimidate|ThroatChop,FakeOut,PartingShot,Protect|Sassy||F|||50|]Gengar||Gengarite|CursedBody|ShadowBall,SludgeBomb,PerishSong,Protect|Timid||M|||50|]Archaludon||Leftovers|Stamina|ElectroShot,FlashCannon,DragonPulse,Protect|Bold||M|||50|]Swampert||Swampertite|Torrent|WaveCrash,Earthquake,IcePunch,Protect|Adamant||M|||50|]Vivillon-Elegant||FocusSash|CompoundEyes|Hurricane,SleepPowder,RagePowder,Protect|Timid||M|||50|
|showteam|p2|Umbreon||Leftovers|InnerFocus|Taunt,Snarl,FoulPlay,Moonlight|Bold||M|||50|]Meganium||Meganiumite|Overgrow|Protect,WeatherBall,SolarBeam,DazzlingGleam|Modest||M|||50|]Palafin||ChoiceScarf|ZerotoHero|IcePunch,FlipTurn,JetPunch,WaveCrash|Adamant||F|||50|]Politoed||SitrusBerry|Drizzle|Protect,IcyWind,WeatherBall,EarthPower|Bold||F|||50|]Aegislash||SpellTag|StanceChange|KingsShield,ShadowSneak,Poltergeist,SacredSword|Brave||M|||50|]Meowstic||LightClay|Prankster|Reflect,LightScreen,ThunderWave,PsychicNoise|Bold||M|||50|
|inactive|Battle timer is ON: inactive players will automatically lose when time's up. (requested by TheLeoj)
|l|☆TheLeoj
|inactive|TheLeoj disconnected and has 300 seconds to reconnect!
|player|p1|
|j|☆TheLeoj
|inactive|TheLeoj reconnected and has 75 seconds left.
|player|p1|TheLeoj|266|
|inactive|kerlinn has 60 seconds left.
|inactive|TheLeoj has 60 seconds left.
|
|t:|1783829200
|teamsize|p1|4
|teamsize|p2|4
|start
|switch|p1a: Gengar|Gengar, L50, M, shiny|100/100
|switch|p1b: Incineroar|Incineroar, L50, F, shiny|100/100
|switch|p2a: Meganium|Meganium, L50, M|100/100
|switch|p2b: Palafin|Palafin, L50, F|100/100
|-ability|p1b: Incineroar|Intimidate|boost
|-unboost|p2a: Meganium|atk|1
|-unboost|p2b: Palafin|atk|1
|turn|1
|inactive|kerlinn has 30 seconds left.
|inactive|kerlinn has 20 seconds left.
|
|t:|1783829238
|switch|p2a: Meowstic|Meowstic, L50, M|100/100
|detailschange|p1a: Gengar|Gengar-Mega, L50, M, shiny
|-mega|p1a: Gengar|Gengar|Gengarite
|move|p1b: Incineroar|Fake Out|p2b: Palafin
|-damage|p2b: Palafin|85/100
|cant|p2b: Palafin|flinch
|move|p1a: Gengar|Sludge Bomb|p2a: Meowstic
|-damage|p2a: Meowstic|43/100
|-status|p2a: Meowstic|psn
|
|-damage|p2a: Meowstic|31/100 psn|[from] psn
|upkeep
|turn|2
|
|t:|1783829262
|move|p1a: Gengar|Protect|p1a: Gengar
|-singleturn|p1a: Gengar|Protect
|move|p1b: Incineroar|Protect|p1b: Incineroar
|-singleturn|p1b: Incineroar|Protect
|move|p2a: Meowstic|Light Screen|p2a: Meowstic
|-sidestart|p2: kerlinn|move: Light Screen
|move|p2b: Palafin|Flip Turn|p1b: Incineroar
|-activate|p1b: Incineroar|move: Protect
|
|-damage|p2a: Meowstic|19/100 psn|[from] psn
|upkeep
|turn|3
|
|t:|1783829283
|switch|p1b: Politoed|Politoed, L50, M, shiny|100/100
|-weather|RainDance|[from] ability: Drizzle|[of] p1b: Politoed
|move|p2a: Meowstic|Thunder Wave|p1a: Gengar
|-status|p1a: Gengar|par
|move|p2b: Palafin|Flip Turn|p1b: Politoed
|-resisted|p1b: Politoed|1
|-damage|p1b: Politoed|89/100
|
|t:|1783829295
|detailschange|p2b: Palafin|Palafin-Hero, L50, F
|switch|p2b: Aegislash|Aegislash, L50, M|100/100|[from] Flip Turn
|cant|p1a: Gengar|par
|
|-weather|RainDance|[upkeep]
|-damage|p2a: Meowstic|7/100 psn|[from] psn
|upkeep
|turn|4
|inactive|TheLeoj has 30 seconds left.
|inactive|kerlinn has 30 seconds left.
|
|t:|1783829327
|cant|p1a: Gengar|par
|move|p1b: Politoed|Protect|p1b: Politoed
|-singleturn|p1b: Politoed|Protect
|move|p2a: Meowstic|Thunder Wave|p1b: Politoed
|-activate|p1b: Politoed|move: Protect
|-formechange|p2b: Aegislash|Aegislash-Blade|
|move|p2b: Aegislash|Poltergeist|p1a: Gengar
|-activate|p1a: Gengar|move: Poltergeist|Gengarite
|-supereffective|p1a: Gengar|1
|-damage|p1a: Gengar|0 fnt
|faint|p1a: Gengar
|
|-weather|RainDance|[upkeep]
|-damage|p2a: Meowstic|0 fnt|[from] psn
|faint|p2a: Meowstic
|upkeep
|
|t:|1783829345
|switch|p1a: Archaludon|Archaludon, L50, M, shiny|100/100
|switch|p2a: Palafin|Palafin-Hero, L50, F|85/100
|-activate|p2a: Palafin|ability: Zero to Hero
|turn|5
|
|t:|1783829363
|switch|p2b: Meganium|Meganium, L50, M|100/100
|move|p2a: Palafin|Wave Crash|p1b: Politoed
|-resisted|p1b: Politoed|1
|-damage|p1b: Politoed|36/100
|-enditem|p1b: Politoed|Sitrus Berry|[eat]
|-heal|p1b: Politoed|61/100|[from] item: Sitrus Berry
|-damage|p2a: Palafin|66/100|[from] Recoil
|move|p1a: Archaludon|Electro Shot||[still]
|-prepare|p1a: Archaludon|Electro Shot
|-boost|p1a: Archaludon|spa|1
|-anim|p1a: Archaludon|Electro Shot|p2a: Palafin
|-supereffective|p2a: Palafin|1
|-damage|p2a: Palafin|0 fnt
|faint|p2a: Palafin
|move|p1b: Politoed|Encore||[still]
|-fail|p1b: Politoed
|
|-weather|RainDance|[upkeep]
|upkeep
|
|t:|1783829381
|switch|p2a: Aegislash|Aegislash, L50, M|100/100
|turn|6
|inactive|kerlinn has 30 seconds left.
|inactive|kerlinn has 20 seconds left.
|inactive|kerlinn has 15 seconds left.
|inactive|kerlinn has 10 seconds left.
|
|t:|1783829427
|detailschange|p2b: Meganium|Meganium-Mega, L50, M
|-mega|p2b: Meganium|Meganium|Meganiumite
|move|p1a: Archaludon|Protect|p1a: Archaludon
|-singleturn|p1a: Archaludon|Protect
|move|p2b: Meganium|Solar Beam||[still]
|-prepare|p2b: Meganium|Solar Beam
|-activate|p2b: Meganium|ability: Mega Sol
|-anim|p2b: Meganium|Solar Beam|p1b: Politoed
|-supereffective|p1b: Politoed|1
|-damage|p1b: Politoed|0 fnt
|faint|p1b: Politoed
|-formechange|p2a: Aegislash|Aegislash-Blade|
|move|p2a: Aegislash|Sacred Sword|p1a: Archaludon
|-activate|p1a: Archaludon|move: Protect
|
|-weather|RainDance|[upkeep]
|upkeep
|
|t:|1783829443
|switch|p1b: Incineroar|Incineroar, L50, F, shiny|100/100
|-ability|p1b: Incineroar|Intimidate|boost
|-unboost|p2a: Aegislash|atk|1
|-unboost|p2b: Meganium|atk|1
|turn|7
|
|t:|1783829458
|-formechange|p2a: Aegislash|Aegislash|
|move|p2a: Aegislash|King's Shield|p2a: Aegislash
|-singleturn|p2a: Aegislash|Protect
|move|p1b: Incineroar|Protect|p1b: Incineroar
|-singleturn|p1b: Incineroar|Protect
|move|p2b: Meganium|Dazzling Gleam|p1a: Archaludon|[spread] p1a
|-activate|p1b: Incineroar|move: Protect
|-damage|p1a: Archaludon|62/100
|-ability|p1a: Archaludon|Stamina|boost
|-boost|p1a: Archaludon|def|1
|move|p1a: Archaludon|Electro Shot||[still]
|-prepare|p1a: Archaludon|Electro Shot
|-boost|p1a: Archaludon|spa|1
|-anim|p1a: Archaludon|Electro Shot|p2a: Aegislash
|-activate|p2a: Aegislash|move: Protect
|
|-weather|none
|-heal|p1a: Archaludon|69/100|[from] item: Leftovers
|upkeep
|turn|8
|inactive|TheLeoj has 30 seconds left.
|inactive|kerlinn has 30 seconds left.
|inactive|kerlinn has 20 seconds left.
|
|t:|1783829493
|move|p2b: Meganium|Dazzling Gleam|p1b: Incineroar|[spread] p1a,p1b
|-damage|p1a: Archaludon|34/100
|-damage|p1b: Incineroar|70/100
|-ability|p1a: Archaludon|Stamina|boost
|-boost|p1a: Archaludon|def|1
|move|p1a: Archaludon|Flash Cannon|p2b: Meganium
|-supereffective|p2b: Meganium|1
|-damage|p2b: Meganium|18/100
|move|p1b: Incineroar|Throat Chop|p2a: Aegislash
|-supereffective|p2a: Aegislash|1
|-damage|p2a: Aegislash|46/100
|-start|p2a: Aegislash|Throat Chop|[silent]
|-formechange|p2a: Aegislash|Aegislash-Blade|
|move|p2a: Aegislash|Sacred Sword|p1a: Archaludon
|-supereffective|p1a: Archaludon|1
|-damage|p1a: Archaludon|1/100
|-ability|p1a: Archaludon|Stamina|boost
|-boost|p1a: Archaludon|def|1
|
|-heal|p1a: Archaludon|6/100|[from] item: Leftovers
|upkeep
|turn|9
|inactive|TheLeoj has 30 seconds left.
|
|t:|1783829518
|move|p1a: Archaludon|Protect|p1a: Archaludon
|-singleturn|p1a: Archaludon|Protect
|-formechange|p2a: Aegislash|Aegislash|
|move|p2a: Aegislash|King's Shield|p2a: Aegislash
|-singleturn|p2a: Aegislash|Protect
|move|p2b: Meganium|Dazzling Gleam|p1a: Archaludon|[spread] p1b
|-activate|p1a: Archaludon|move: Protect
|-damage|p1b: Incineroar|41/100
|move|p1b: Incineroar|Throat Chop|p2b: Meganium
|-resisted|p2b: Meganium|1
|-crit|p2b: Meganium
|-damage|p2b: Meganium|0 fnt
|faint|p2b: Meganium
|
|-heal|p1a: Archaludon|12/100|[from] item: Leftovers
|-end|p2a: Aegislash|Throat Chop|[silent]
|-sideend|p2: kerlinn|move: Light Screen
|upkeep
|turn|10
|inactive|kerlinn has 30 seconds left.
|inactive|kerlinn has 20 seconds left.
|inactive|kerlinn has 15 seconds left.
|
|t:|1783829560
|move|p2a: Aegislash|King's Shield||[still]
|-fail|p2a: Aegislash
|move|p1a: Archaludon|Electro Shot||[still]
|-prepare|p1a: Archaludon|Electro Shot
|-boost|p1a: Archaludon|spa|1
|move|p1b: Incineroar|Throat Chop|p2a: Aegislash
|-supereffective|p2a: Aegislash|1
|-damage|p2a: Aegislash|0 fnt
|faint|p2a: Aegislash
|
|win|TheLeoj
