|j|☆gahaku
|j|☆JonoTv
|html|gahakuJonoTv    
|uhtml|bestof|Game 1 of a best-of-3
|t:|1783996698
|gametype|doubles
|player|p1|gahaku|#smogonxnpa2024draftee2|
|player|p2|JonoTv|benga|
|gen|9
|tier|[Gen 9 Champions] VGC 2026 Reg M-B (Bo3)
|rule|Species Clause: Limit one of each Pokémon
|rule|Item Clause: Limit 1 of each item
|clearpoke
|poke|p1|Toxapex, L50, M, shiny|
|poke|p1|Incineroar, L50, M|
|poke|p1|Charizard, L50, M|
|poke|p1|Garchomp, L50, M|
|poke|p1|Venusaur, L50, M|
|poke|p1|Hydreigon, L50, M|
|poke|p2|Kleavor, L50, F|
|poke|p2|Whimsicott, L50, M|
|poke|p2|Basculegion, L50, M|
|poke|p2|Kingambit, L50, F|
|poke|p2|Floette-Eternal, L50, F|
|poke|p2|Sneasler, L50, F|
|teampreview|4
|showteam|p1|Toxapex||Leftovers|Regenerator|BanefulBunker,Toxic,Infestation,WideGuard|Bold||M|||50|]Incineroar||SitrusBerry|Intimidate|FakeOut,PartingShot,FlareBlitz,Protect|Impish||M|||50|]Charizard||CharizarditeY|Blaze|Protect,HeatWave,HelpingHand,WeatherBall|Modest||M|||50|]Garchomp||ChoiceScarf|RoughSkin|Earthquake,DragonClaw,RockSlide,StompingTantrum|Jolly||M|||50|]Venusaur||LifeOrb|Chlorophyll|SolarBeam,SludgeBomb,EarthPower,Protect|Modest||M|||50|]Hydreigon||HabanBerry|Levitate|DarkPulse,Snarl,DracoMeteor,Protect|Modest||M|||50|
|showteam|p2|Kleavor||FocusSash|Sharpness|StoneAxe,XScissor,CloseCombat,Protect|Jolly||F|||50|]Whimsicott||FairyFeather|Prankster|Moonblast,Tailwind,Encore,Protect|Timid||M|||50|]Basculegion||ChoiceScarf|Adaptability|WaveCrash,FlipTurn,AquaJet,LastRespects|Jolly||M|||50|]Kingambit||BlackGlasses|Defiant|KowtowCleave,SuckerPunch,LowKick,Protect|Adamant||F|||50|]Floette-Eternal||Floettite|FlowerVeil|Moonblast,DazzlingGleam,Psychic,Protect|Timid||F|||50|]Sneasler||WhiteHerb|Unburden|DireClaw,CloseCombat,FakeOut,Coaching|Jolly||F|||50|
|c|☆JonoTv|gl hf :)
|j| templevgc
|c|☆gahaku|hi! glhf
|j| rock★ dandy
|j| Sndhshdhdhbdd
|l| rock★ dandy
|j| Vikram chan
|j| CICCIOTT fan
|j| dancedance3
|j| Tekagt
|j|+Radio Free C-Side
|j| Code
|l| Sndhshdhdhbdd
|j| Galahad Excalibur
|j| Gshshsjshdhd
|l| Gshshsjshdhd
|
|t:|1783996910
|teamsize|p1|4
|teamsize|p2|4
|start
|switch|p1a: Garchomp|Garchomp, L50, M|100/100
|switch|p1b: Venusaur|Venusaur, L50, M|100/100
|switch|p2a: Whimsicott|Whimsicott, L50, M|100/100
|switch|p2b: Kleavor|Kleavor, L50, F|100/100
|turn|1
|j| Babzjsjsjsshxx
|j| dancedance3
|j| aergrweg
|j| Will of urshifu
|
|t:|1783996992
|move|p2a: Whimsicott|Tailwind|p2a: Whimsicott
|-sidestart|p2: JonoTv|move: Tailwind
|move|p2b: Kleavor|Stone Axe|p1b: Venusaur
|-damage|p1b: Venusaur|33/100
|-sidestart|p1: gahaku|move: Stealth Rock
|move|p1a: Garchomp|Rock Slide|p2a: Whimsicott|[spread] p2a,p2b
|-supereffective|p2b: Kleavor|1
|-damage|p2a: Whimsicott|72/100
|-damage|p2b: Kleavor|53/100
|move|p1b: Venusaur|Sludge Bomb|p2b: Kleavor
|-resisted|p2b: Kleavor|1
|-damage|p2b: Kleavor|11/100
|-status|p2b: Kleavor|psn
|-damage|p1b: Venusaur|23/100|[from] item: Life Orb
|
|-damage|p2b: Kleavor|0 fnt|[from] psn
|faint|p2b: Kleavor
|upkeep
|l| aergrweg
|
|t:|1783997000
|switch|p2b: Floette|Floette-Eternal, L50, F|100/100
|turn|2
|
|t:|1783997038
|detailschange|p2b: Floette|Floette-Mega, L50, F
|-mega|p2b: Floette|Floette|Floettite
|-ability|p2b: Floette|Fairy Aura
|move|p1b: Venusaur|Protect|p1b: Venusaur
|-singleturn|p1b: Venusaur|Protect
|move|p2a: Whimsicott|Moonblast|p1a: Garchomp
|-supereffective|p1a: Garchomp|1
|-damage|p1a: Garchomp|0 fnt
|faint|p1a: Garchomp
|move|p2b: Floette|Dazzling Gleam|p1b: Venusaur
|-activate|p1b: Venusaur|move: Protect
|
|upkeep
|
|t:|1783997053
|switch|p1a: Charizard|Charizard, L50, M|100/100
|-damage|p1a: Charizard|50/100g|[from] Stealth Rock
|turn|3
|l| Babzjsjsjsshxx
|
|t:|1783997098
|move|p2b: Floette|Protect|p2b: Floette
|-singleturn|p2b: Floette|Protect
|move|p1a: Charizard|Protect|p1a: Charizard
|-singleturn|p1a: Charizard|Protect
|move|p2a: Whimsicott|Moonblast|p1b: Venusaur
|-resisted|p1b: Venusaur|1
|-damage|p1b: Venusaur|0 fnt
|faint|p1b: Venusaur
|
|upkeep
|
|t:|1783997107
|switch|p1b: Incineroar|Incineroar, L50, M|100/100
|-damage|p1b: Incineroar|75/100|[from] Stealth Rock
|-ability|p1b: Incineroar|Intimidate|boost
|-unboost|p2a: Whimsicott|atk|1
|-unboost|p2b: Floette|atk|1
|turn|4
|
|t:|1783997142
|detailschange|p1a: Charizard|Charizard-Mega-Y, L50, M
|-mega|p1a: Charizard|Charizard|Charizardite Y
|-weather|SunnyDay|[from] ability: Drought|[of] p1a: Charizard
|move|p1b: Incineroar|Fake Out|p2a: Whimsicott
|-damage|p2a: Whimsicott|57/100
|cant|p2a: Whimsicott|flinch
|move|p2b: Floette|Moonblast|p1a: Charizard
|-resisted|p1a: Charizard|1
|-damage|p1a: Charizard|15/100
|move|p1a: Charizard|Heat Wave|p2a: Whimsicott|[spread] p2a
|-miss|p1a: Charizard|p2b: Floette
|-supereffective|p2a: Whimsicott|1
|-damage|p2a: Whimsicott|0 fnt
|faint|p2a: Whimsicott
|
|-weather|SunnyDay|[upkeep]
|-sideend|p2: JonoTv|move: Tailwind
|upkeep
|
|t:|1783997146
|switch|p2a: Basculegion|Basculegion, L50, M|100/100
|turn|5
|
|t:|1783997168
|move|p1a: Charizard|Protect|p1a: Charizard
|-singleturn|p1a: Charizard|Protect
|move|p2a: Basculegion|Wave Crash|p1b: Incineroar
|-supereffective|p1b: Incineroar|1
|-damage|p1b: Incineroar|19/100
|-enditem|p1b: Incineroar|Sitrus Berry|[eat]
|-heal|p1b: Incineroar|44/100|[from] item: Sitrus Berry
|-damage|p2a: Basculegion|82/100|[from] Recoil
|move|p2b: Floette|Dazzling Gleam|p1b: Incineroar|[spread] p1b
|-activate|p1a: Charizard|move: Protect
|-damage|p1b: Incineroar|2/100
|move|p1b: Incineroar|Flare Blitz|p2b: Floette
|-crit|p2b: Floette
|-damage|p2b: Floette|0 fnt
|faint|p2b: Floette
|-damage|p1b: Incineroar|0 fnt|[from] Recoil
|faint|p1b: Incineroar
|
|-weather|SunnyDay|[upkeep]
|upkeep
|turn|6
|
|t:|1783997183
|move|p2a: Basculegion|Wave Crash|p1a: Charizard
|-supereffective|p1a: Charizard|1
|-damage|p1a: Charizard|0 fnt
|faint|p1a: Charizard
|-damage|p2a: Basculegion|77/100|[from] Recoil
|
|win|JonoTv
||JonoTv is ready for game 2.
|c|☆JonoTv|gg
|l| Will of urshifu
|c|☆gahaku|gg
|inactive|gahaku has 30 seconds to confirm battle start!
||gahaku is ready for game 2.
|uhtml|next|Next: Game 2 of 3
|l| Tekagt
|l|+Radio Free C-Side
|j| Pd0nZ
|j| Bxgzhshdhd
|l| Vikram chan
|j| Mogo
|l| Galahad Excalibur
|l| Bxgzhshdhd
|l| Code
|l|☆JonoTv
|player|p2|
|j|☆JonoTv
|player|p2|JonoTv|benga|
