|j|â˜†IscoDIMES
|j|â˜†seattlebandit
|html|IscoDIMESseattlebandit    
|uhtml|bestof|Game 3 of a best-of-3
|t:|1782497758
|gametype|doubles
|player|p1|IscoDIMES|169|1148
|player|p2|seattlebandit|roughneck-gen4|1136
|gen|9
|tier|[Gen 9 Champions] VGC 2026 Reg M-B (Bo3)
|rated|
|rule|Species Clause: Limit one of each PokÃ©mon
|rule|Item Clause: Limit 1 of each item
|clearpoke
|poke|p1|Ceruledge, L50, M|
|poke|p1|Kleavor, L50, F|
|poke|p1|Palafin, L50, M|
|poke|p1|Abomasnow, L50, F|
|poke|p1|Farigiraf, L50, F|
|poke|p1|Aggron, L50, M|
|poke|p2|Basculegion, L50, M|
|poke|p2|Charizard, L50, F|
|poke|p2|Garchomp, L50, F|
|poke|p2|Kingambit, L50, F|
|poke|p2|Sylveon, L50, F|
|poke|p2|Aerodactyl, L50, M|
|teampreview|4
|showteam|p1|Ceruledge||ColburBerry|FlashFire|Curse,BitterBlade,Protect,WillOWisp|Brave||M|||50|]Kleavor||FocusSash|Sharpness|Protect,StoneAxe,NightSlash,XScissor|Jolly||F|||50|]Palafin||LifeOrb|ZerotoHero|Protect,JetPunch,WaveCrash,CloseCombat|Jolly||M|||50|]Abomasnow||Abomasite|SnowWarning|Protect,Blizzard,LeechSeed,EarthPower|Quiet||F|||50|]Farigiraf||SitrusBerry|ArmorTail|Protect,TrickRoom,HelpingHand,DazzlingGleam|Bold||F|||50|]Aggron||Aggronite|Sturdy|Protect,HeavySlam,IcePunch,Earthquake|Brave||M|||50|
|showteam|p2|Basculegion||FocusSash|Adaptability|Protect,LastRespects,AquaJet,Liquidation|Adamant||M|||50|]Charizard||CharizarditeY|Blaze|HeatWave,SolarBeam,WeatherBall,Protect|Modest||F|||50|]Garchomp||SitrusBerry|RoughSkin|RockTomb,Earthquake,DragonClaw,Protect|Jolly||F|||50|]Kingambit||ChopleBerry|Defiant|SuckerPunch,KowtowCleave,LowKick,IronHead|Adamant||F|||50|]Sylveon||FairyFeather|Pixilate|Detect,HyperVoice,Yawn,QuickAttack|Modest||F|||50|]Aerodactyl||Aerodactylite|Unnerve|Tailwind,DualWingbeat,RockSlide,WideGuard|Jolly||M|||50|
|inactive|Battle timer is ON: inactive players will automatically lose when time's up. (requested by seattlebandit)
|
|t:|1782497780
|teamsize|p1|4
|teamsize|p2|4
|start
|switch|p1a: Say No to Drugs|Kleavor, L50, F|100/100
|switch|p1b: Show-er|Farigiraf, L50, F|100/100
|switch|p2a: Sylveon|Sylveon, L50, F|100/100
|switch|p2b: Charizard|Charizard, L50, F|100/100
|turn|1
|
|t:|1782497801
|switch|p2b: Garchomp|Garchomp, L50, F|100/100
|move|p1a: Say No to Drugs|Stone Axe|p2b: Garchomp
|-resisted|p2b: Garchomp|1
|-damage|p2b: Garchomp|76/100
|-damage|p1a: Say No to Drugs|87/100|[from] ability: Rough Skin|[of] p2b: Garchomp
|-sidestart|p2: seattlebandit|move: Stealth Rock
|move|p2a: Sylveon|Hyper Voice|p1b: Show-er|[spread] p1a,p1b
|-damage|p1a: Say No to Drugs|14/100
|-damage|p1b: Show-er|51/100
|move|p1b: Show-er|Trick Room|p1b: Show-er
|-fieldstart|move: Trick Room|[of] p1b: Show-er
|
|upkeep
|turn|2
|
|t:|1782497819
|switch|p1a: The Diddler|Ceruledge, L50, M|100/100
|move|p1b: Show-er|Protect|p1b: Show-er
|-singleturn|p1b: Show-er|Protect
|move|p2a: Sylveon|Hyper Voice|p1a: The Diddler|[spread] p1a
|-activate|p1b: Show-er|move: Protect
|-resisted|p1a: The Diddler|1
|-crit|p1a: The Diddler
|-damage|p1a: The Diddler|67/100
|move|p2b: Garchomp|Dragon Claw|p1b: Show-er
|-activate|p1b: Show-er|move: Protect
|
|upkeep
|turn|3
|inactive|IscoDIMES has 30 seconds left.
|
|t:|1782497845
|switch|p1b: Big Bad Wolf|Abomasnow, L50, F|100/100
|-weather|Snowscape|[from] ability: Snow Warning|[of] p1b: Big Bad Wolf
|move|p2b: Garchomp|Protect|p2b: Garchomp
|-singleturn|p2b: Garchomp|Protect
|move|p2a: Sylveon|Hyper Voice|p1a: The Diddler|[spread] p1a,p1b
|-resisted|p1a: The Diddler|1
|-damage|p1a: The Diddler|47/100
|-damage|p1b: Big Bad Wolf|52/100
|move|p1a: The Diddler|Bitter Blade|p2a: Sylveon
|-damage|p2a: Sylveon|59/100
|-heal|p1a: The Diddler|69/100|[from] drain|[of] p2a: Sylveon
|
|-weather|Snowscape|[upkeep]
|upkeep
|turn|4
|inactive|IscoDIMES has 30 seconds left.
|inactive|seattlebandit has 30 seconds left.
|
|t:|1782497877
|switch|p2b: Basculegion|Basculegion, L50, M|100/100
|-damage|p2b: Basculegion|87/100|[from] Stealth Rock
|detailschange|p1b: Big Bad Wolf|Abomasnow-Mega, L50, F
|-mega|p1b: Big Bad Wolf|Abomasnow|Abomasite
|move|p2a: Sylveon|Detect|p2a: Sylveon
|-singleturn|p2a: Sylveon|Protect
|move|p1b: Big Bad Wolf|Blizzard|p2b: Basculegion|[spread] p2b
|-activate|p2a: Sylveon|move: Protect
|-resisted|p2b: Basculegion|1
|-damage|p2b: Basculegion|62/100
|move|p1a: The Diddler|Bitter Blade|p2a: Sylveon
|-activate|p2a: Sylveon|move: Protect
|
|-weather|Snowscape|[upkeep]
|upkeep
|turn|5
|inactive|IscoDIMES has 30 seconds left.
|
|t:|1782497902
|move|p2b: Basculegion|Aqua Jet|p1a: The Diddler
|-supereffective|p1a: The Diddler|1
|-damage|p1a: The Diddler|20/100y
|move|p1b: Big Bad Wolf|Blizzard|p2a: Sylveon|[spread] p2a,p2b
|-resisted|p2b: Basculegion|1
|-damage|p2a: Sylveon|26/100
|-damage|p2b: Basculegion|36/100
|-status|p2b: Basculegion|frz
|move|p2a: Sylveon|Hyper Voice|p1b: Big Bad Wolf|[spread] p1a,p1b
|-resisted|p1a: The Diddler|1
|-damage|p1a: The Diddler|1/100
|-damage|p1b: Big Bad Wolf|15/100
|move|p1a: The Diddler|Bitter Blade|p2a: Sylveon
|-damage|p2a: Sylveon|0 fnt
|-heal|p1a: The Diddler|15/100|[from] drain|[of] p2a: Sylveon
|faint|p2a: Sylveon
|
|-weather|Snowscape|[upkeep]
|-fieldend|move: Trick Room
|upkeep
|
|t:|1782497920
|switch|p2a: Garchomp|Garchomp, L50, F|76/100
|-damage|p2a: Garchomp|69/100|[from] Stealth Rock
|turn|6
|
|t:|1782497938
|move|p1a: The Diddler|Protect|p1a: The Diddler
|-singleturn|p1a: The Diddler|Protect
|move|p2a: Garchomp|Earthquake|p1a: The Diddler|[spread] p2b,p1b
|-activate|p1a: The Diddler|move: Protect
|-resisted|p1b: Big Bad Wolf|1
|-damage|p2b: Basculegion|0 fnt
|-damage|p1b: Big Bad Wolf|5/100
|faint|p2b: Basculegion
|move|p1b: Big Bad Wolf|Leech Seed|p2a: Garchomp|[miss]
|-miss|p1b: Big Bad Wolf|p2a: Garchomp
|
|-weather|Snowscape|[upkeep]
|upkeep
|
|t:|1782497948
|switch|p2b: Charizard|Charizard, L50, F|100/100
|-damage|p2b: Charizard|50/100y|[from] Stealth Rock
|turn|7
|c|â˜†IscoDIMES|:D
|
|t:|1782497959
|switch|p1a: Say No to Drugs|Kleavor, L50, F|14/100
|detailschange|p2b: Charizard|Charizard-Mega-Y, L50, F
|-mega|p2b: Charizard|Charizard|Charizardite Y
|-weather|SunnyDay|[from] ability: Drought|[of] p2b: Charizard
|move|p1b: Big Bad Wolf|Protect|p1b: Big Bad Wolf
|-singleturn|p1b: Big Bad Wolf|Protect
|move|p2a: Garchomp|Earthquake|p1b: Big Bad Wolf|[spread] p1a
|-activate|p1b: Big Bad Wolf|move: Protect
|-immune|p2b: Charizard
|-damage|p1a: Say No to Drugs|0 fnt
|faint|p1a: Say No to Drugs
|move|p2b: Charizard|Heat Wave|p1b: Big Bad Wolf
|-activate|p1b: Big Bad Wolf|move: Protect
|
|-weather|SunnyDay|[upkeep]
|upkeep
|
|t:|1782497973
|switch|p1a: Show-er|Farigiraf, L50, F|51/100
|turn|8
|inactive|seattlebandit has 30 seconds left.
|
|t:|1782498006
|switch|p1b: The Diddler|Ceruledge, L50, M|15/100
|move|p2a: Garchomp|Earthquake|p1b: The Diddler|[spread] p1a,p1b
|-immune|p2b: Charizard
|-supereffective|p1b: The Diddler|1
|-damage|p1a: Show-er|24/100
|-damage|p1b: The Diddler|0 fnt
|-enditem|p1a: Show-er|Sitrus Berry|[eat]
|-heal|p1a: Show-er|48/100|[from] item: Sitrus Berry
|faint|p1b: The Diddler
|move|p2b: Charizard|Weather Ball|p1a: Show-er
|-damage|p1a: Show-er|0 fnt
|faint|p1a: Show-er
|
|-weather|SunnyDay|[upkeep]
|upkeep
|-message|IscoDIMES forfeited.
|
|win|seattlebandit
|raw|IscoDIMES's rating: 1148 → 1122(-26 for losing)
|raw|seattlebandit's rating: 1136 → 1162(+26 for winning)
|l|â˜†IscoDIMES
|player|p1|
