|j|☆Okanial
|j|☆megacsc
|html|Okanialmegacsc    
|uhtml|bestof|Game 1 of a best-of-3
|t:|1757682719
|gametype|doubles
|player|p1|Okanial|265|1126
|player|p2|megacsc|silver|1147
|gen|9
|tier|[Gen 9] VGC 2025 Reg H (Bo3)
|rated|
|rule|Species Clause: Limit one of each Pokémon
|rule|Item Clause: Limit 1 of each item
|clearpoke
|poke|p1|Arboliva, L50, F|
|poke|p1|Incineroar, L50, M|
|poke|p1|Sneasler, L50, F|
|poke|p1|Hatterene, L50, F|
|poke|p1|Indeedee-F, L50, F|
|poke|p1|Torkoal, L50, M|
|poke|p2|Whimsicott, L50, M|
|poke|p2|Garchomp, L50, F|
|poke|p2|Gholdengo, L50|
|poke|p2|Incineroar, L50, F|
|poke|p2|Sneasler, L50, F|
|poke|p2|Dragonite, L50, F|
|teampreview|4
|showteam|p1|Arboliva||Leftovers|SeedSower|TeraBlast,GigaDrain,LeechSeed,Protect|||F|||50|,,,,,Psychic]Incineroar||SafetyGoggles|Intimidate|PartingShot,FakeOut,KnockOff,FlareBlitz|||M|||50|,,,,,Bug]Sneasler||PsychicSeed|Unburden|DireClaw,CloseCombat,Protect,FakeOut|||F|||50|,,,,,Dark]Hatterene||LifeOrb|MagicBounce|ExpandingForce,MysticalFire,DazzlingGleam,TrickRoom|||F|||50|,,,,,Fire]Indeedee-F||FocusSash|PsychicSurge|TrickRoom,Protect,HelpingHand,FollowMe|||F|||50|,,,,,Fairy]Torkoal||Charcoal|Drought|Eruption,HeatWave,BodyPress,Protect|||M|||50|,,,,,Fire
|showteam|p2|Whimsicott||CovertCloak|Prankster|Moonblast,Tailwind,Encore,Protect|||M|||50|,,,,,Ghost]Garchomp||LifeOrb|RoughSkin|Earthquake,DragonClaw,StompingTantrum,Protect|||F|||50|,,,,,Ground]Gholdengo||ChoiceSpecs|GoodasGold|MakeItRain,ShadowBall,Trick,Thunderbolt||||||50|,,,,,Steel]Incineroar||AssaultVest|Intimidate|FakeOut,FlareBlitz,KnockOff,Uturn|||F|||50|,,,,,Grass]Sneasler||FocusSash|Unburden|FakeOut,DireClaw,CloseCombat,Protect|||F|||50|,,,,,Flying]Dragonite||ChoiceBand|InnerFocus|ExtremeSpeed,Outrage,IceSpinner,Haze|||F|||50|,,,,,Normal
|
|t:|1757682799
|teamsize|p1|4
|teamsize|p2|4
|start
|switch|p1a: Incineroar|Incineroar, L50, M|100/100
|switch|p1b: Indeedee|Indeedee-F, L50, F|100/100
|switch|p2a: Gholdengo|Gholdengo, L50|100/100
|switch|p2b: Incineroar|Incineroar, L50, F|100/100
|-ability|p1a: Incineroar|Intimidate|boost
|-unboost|p2a: Gholdengo|atk|1
|-unboost|p2b: Incineroar|atk|1
|-ability|p2b: Incineroar|Intimidate|boost
|-unboost|p1a: Incineroar|atk|1
|-unboost|p1b: Indeedee|atk|1
|-fieldstart|move: Psychic Terrain|[from] ability: Psychic Surge|[of] p1b: Indeedee
|turn|1
|
|t:|1757682815
|move|p1b: Indeedee|Protect|p1b: Indeedee
|-singleturn|p1b: Indeedee|Protect
|move|p2a: Gholdengo|Trick|p1b: Indeedee
|-activate|p1b: Indeedee|move: Protect
|move|p1a: Incineroar|Flare Blitz|p2a: Gholdengo
|-supereffective|p2a: Gholdengo
|-damage|p2a: Gholdengo|26/100
|-damage|p1a: Incineroar|80/100|[from] Recoil
|move|p2b: Incineroar|U-turn|p1a: Incineroar
|-damage|p1a: Incineroar|68/100
|
|t:|1757682828
|switch|p2b: Dragonite|Dragonite, L50, F|100/100|[from] U-turn
|
|upkeep
|turn|2
|
|t:|1757682854
|move|p2a: Gholdengo|Trick|p1b: Indeedee
|-activate|p2a: Gholdengo|move: Trick|[of] p1b: Indeedee
|-item|p1b: Indeedee|Choice Specs|[from] move: Trick
|-item|p2a: Gholdengo|Focus Sash|[from] move: Trick
|move|p2b: Dragonite|Outrage|p1b: Indeedee
|-damage|p1b: Indeedee|0 fnt
|faint|p1b: Indeedee
|move|p1a: Incineroar|Parting Shot|p2b: Dragonite
|-unboost|p2b: Dragonite|atk|1
|-unboost|p2b: Dragonite|spa|1
|
|t:|1757682864
|switch|p1a: Hatterene|Hatterene, L50, F|100/100|[from] Parting Shot
|
|upkeep
|
|t:|1757682882
|switch|p1b: Torkoal|Torkoal, L50, M|100/100
|-weather|SunnyDay|[from] ability: Drought|[of] p1b: Torkoal
|turn|3
|
|t:|1757682902
|-terastallize|p1a: Hatterene|Fire
|move|p2a: Gholdengo|Shadow Ball|p1a: Hatterene
|-damage|p1a: Hatterene|52/100
|move|p2b: Dragonite|Outrage|p1b: Torkoal|[from] lockedmove
|-damage|p1b: Torkoal|48/100
|-start|p2b: Dragonite|confusion|[fatigue]
|move|p1b: Torkoal|Heat Wave|p2b: Dragonite|[spread] p2a,p2b
|-supereffective|p2a: Gholdengo
|-resisted|p2b: Dragonite
|-damage|p2a: Gholdengo|0 fnt
|-damage|p2b: Dragonite|74/100
|-status|p2b: Dragonite|brn
|faint|p2a: Gholdengo
|move|p1a: Hatterene|Trick Room|p1a: Hatterene
|-fieldstart|move: Trick Room|[of] p1a: Hatterene
|
|-weather|SunnyDay|[upkeep]
|-damage|p2b: Dragonite|68/100 brn|[from] brn
|upkeep
|
|t:|1757682915
|switch|p2a: Incineroar|Incineroar, L50, F|100/100
|-ability|p2a: Incineroar|Intimidate|boost
|-unboost|p1a: Hatterene|atk|1
|-unboost|p1b: Torkoal|atk|1
|turn|4
|
|t:|1757682925
|move|p1b: Torkoal|Body Press|p2a: Incineroar
|-supereffective|p2a: Incineroar
|-damage|p2a: Incineroar|51/100
|move|p1a: Hatterene|Dazzling Gleam|p2a: Incineroar|[spread] p2a,p2b
|-supereffective|p2b: Dragonite
|-damage|p2a: Incineroar|23/100
|-damage|p2b: Dragonite|0 fnt
|faint|p2b: Dragonite
|-damage|p1a: Hatterene|43/100|[from] item: Life Orb
|move|p2a: Incineroar|Knock Off|p1a: Hatterene
|-damage|p1a: Hatterene|0 fnt
|-enditem|p1a: Hatterene|Life Orb|[from] move: Knock Off|[of] p2a: Incineroar
|faint|p1a: Hatterene
|
|-weather|SunnyDay|[upkeep]
|upkeep
|
|t:|1757682942
|switch|p1a: Incineroar|Incineroar, L50, M|68/100
|switch|p2b: Garchomp|Garchomp, L50, F|100/100
|-ability|p1a: Incineroar|Intimidate|boost
|-unboost|p2a: Incineroar|atk|1
|-unboost|p2b: Garchomp|atk|1
|turn|5
|
|t:|1757682956
|move|p1a: Incineroar|Fake Out|p2b: Garchomp
|-activate|p2b: Garchomp|move: Psychic Terrain
|move|p1b: Torkoal|Heat Wave|p2b: Garchomp|[spread] p2a,p2b
|-resisted|p2a: Incineroar
|-resisted|p2b: Garchomp
|-damage|p2a: Incineroar|6/100
|-damage|p2b: Garchomp|72/100
|move|p2a: Incineroar|Knock Off|p1b: Torkoal
|-damage|p1b: Torkoal|25/100
|-enditem|p1b: Torkoal|Charcoal|[from] move: Knock Off|[of] p2a: Incineroar
|move|p2b: Garchomp|Earthquake|p1a: Incineroar|[spread] p2a,p1a,p1b
|-supereffective|p2a: Incineroar
|-supereffective|p1a: Incineroar
|-supereffective|p1b: Torkoal
|-damage|p2a: Incineroar|0 fnt
|-damage|p1a: Incineroar|12/100
|-damage|p1b: Torkoal|0 fnt
|faint|p2a: Incineroar
|faint|p1b: Torkoal
|-damage|p2b: Garchomp|62/100|[from] item: Life Orb
|
|-weather|SunnyDay|[upkeep]
|-fieldend|move: Psychic Terrain
|upkeep
|turn|6
|
|t:|1757682968
|move|p1a: Incineroar|Knock Off|p2b: Garchomp
|-damage|p2b: Garchomp|26/100
|-damage|p1a: Incineroar|0 fnt|[from] ability: Rough Skin|[of] p2b: Garchomp
|faint|p1a: Incineroar
|
|win|megacsc
||megacsc is ready for game 2.
|l|☆Okanial
|player|p1|
|inactive|Okanial has 30 seconds to confirm battle start!
|inactive|Okanial has 20 seconds to confirm battle start!
|inactive|Okanial has 10 seconds to confirm battle start!
|uhtml|next|Next: Game 2 of 3
