|j|☆TMJS01
|j|☆pokeplaygg
|html|TMJS01pokeplaygg    
|uhtml|bestof|Game 2 of a best-of-3
|t:|1782529458
|gametype|doubles
|player|p1|TMJS01|unknown|1412
|player|p2|pokeplaygg|1|1430
|gen|9
|tier|[Gen 9 Champions] VGC 2026 Reg M-B (Bo3)
|rated|
|rule|Species Clause: Limit one of each Pokémon
|rule|Item Clause: Limit 1 of each item
|clearpoke
|poke|p1|Sinistcha, L50|
|poke|p1|Incineroar, L50, F|
|poke|p1|Garchomp, L50, F|
|poke|p1|Floette-Eternal, L50, F|
|poke|p1|Delphox, L50, M|
|poke|p1|Kingambit, L50, M|
|poke|p2|Pelipper, L50, F|
|poke|p2|Archaludon, L50, F|
|poke|p2|Swampert, L50, F|
|poke|p2|Venusaur, L50, F|
|poke|p2|Aerodactyl, L50, M|
|poke|p2|Basculegion, L50, M|
|teampreview|4
|showteam|p1|Sinistcha||KasibBerry|Hospitality|MatchaGotcha,RagePowder,TrickRoom,LifeDew|Relaxed|||||50|]Incineroar||ChopleBerry|Intimidate|ThroatChop,FlareBlitz,PartingShot,FakeOut|Adamant||F|||50|]Garchomp||LifeOrb|RoughSkin|ScaleShot,StompingTantrum,Protect,RockTomb|Jolly||F|||50|]Floette-Eternal||Floettite|FlowerVeil|Protect,CalmMind,Moonblast,DazzlingGleam|Modest||F|||50|]Delphox||Delphoxite|Blaze|NastyPlot,HeatWave,Psyshock,Protect|Timid||M|||50|]Kingambit||FocusSash|Defiant|SuckerPunch,IronHead,KowtowCleave,LowKick|Brave||M|||50|
|showteam|p2|Pelipper||LifeOrb|Drizzle|Protect,Hurricane,MuddyWater,Tailwind|Modest||F|||50|]Archaludon||Leftovers|Stamina|Protect,ElectroShot,DracoMeteor,FlashCannon|Modest||F|||50|]Swampert||Swampertite|Torrent|Protect,WaveCrash,Earthquake,IcePunch|Adamant||F|||50|]Venusaur||Venusaurite|Chlorophyll|Protect,SleepPowder,SludgeBomb,EarthPower|Modest||F|||50|]Aerodactyl||FocusSash|Unnerve|Protect,Tailwind,RockSlide,PsychicFangs|Jolly||M|||50|]Basculegion||ChoiceScarf|Adaptability|LastRespects,WaveCrash,AquaJet,FlipTurn|Jolly||M|||50|
|inactive|Battle timer is ON: inactive players will automatically lose when time's up. (requested by TMJS01)
|
|t:|1782529494
|teamsize|p1|4
|teamsize|p2|4
|start
|switch|p1a: Garchomp|Garchomp, L50, F|100/100
|switch|p1b: Delphox|Delphox, L50, M|100/100
|switch|p2a: Venusaur|Venusaur, L50, F|100/100
|switch|p2b: Pelipper|Pelipper, L50, F|100/100
|-weather|RainDance|[from] ability: Drizzle|[of] p2b: Pelipper
|turn|1
|
|t:|1782529519
|detailschange|p1b: Delphox|Delphox-Mega, L50, M
|-mega|p1b: Delphox|Delphox|Delphoxite
|move|p2a: Venusaur|Protect|p2a: Venusaur
|-singleturn|p2a: Venusaur|Protect
|move|p1b: Delphox|Psyshock|p2b: Pelipper
|-damage|p2b: Pelipper|50/100g
|move|p1a: Garchomp|Rock Tomb|p2b: Pelipper|[miss]
|-miss|p1a: Garchomp|p2b: Pelipper
|move|p2b: Pelipper|Muddy Water|p1b: Delphox|[spread] p1a
|-miss|p2b: Pelipper|p1b: Delphox
|-damage|p1a: Garchomp|33/100
|-damage|p2b: Pelipper|41/100|[from] item: Life Orb
|
|-weather|RainDance|[upkeep]
|upkeep
|turn|2
|
|t:|1782529538
|switch|p2a: Archaludon|Archaludon, L50, F|100/100
|move|p2b: Pelipper|Protect|p2b: Pelipper
|-singleturn|p2b: Pelipper|Protect
|move|p1b: Delphox|Psyshock|p2a: Archaludon
|-resisted|p2a: Archaludon|1
|-damage|p2a: Archaludon|84/100
|-ability|p2a: Archaludon|Stamina|boost
|-boost|p2a: Archaludon|def|1
|move|p1a: Garchomp|Scale Shot|p2a: Archaludon
|-damage|p2a: Archaludon|76/100
|-ability|p2a: Archaludon|Stamina|boost
|-boost|p2a: Archaludon|def|1
|-crit|p2a: Archaludon
|-damage|p2a: Archaludon|56/100
|-ability|p2a: Archaludon|Stamina|boost
|-boost|p2a: Archaludon|def|1
|-damage|p2a: Archaludon|50/100g
|-ability|p2a: Archaludon|Stamina|boost
|-boost|p2a: Archaludon|def|1
|-damage|p2a: Archaludon|45/100
|-ability|p2a: Archaludon|Stamina|boost
|-boost|p2a: Archaludon|def|1
|-hitcount|p2a: Archaludon|4
|-unboost|p1a: Garchomp|def|1
|-boost|p1a: Garchomp|spe|1
|-damage|p1a: Garchomp|23/100|[from] item: Life Orb
|
|-weather|RainDance|[upkeep]
|-heal|p2a: Archaludon|51/100|[from] item: Leftovers
|upkeep
|turn|3
|inactive|pokeplaygg has 30 seconds left.
|inactive|pokeplaygg has 20 seconds left.
|
|t:|1782529576
|move|p1a: Garchomp|Rock Tomb|p2b: Pelipper
|-supereffective|p2b: Pelipper|1
|-damage|p2b: Pelipper|0 fnt
|faint|p2b: Pelipper
|-damage|p1a: Garchomp|13/100|[from] item: Life Orb
|move|p1b: Delphox|Nasty Plot|p1b: Delphox
|-boost|p1b: Delphox|spa|2
|move|p2a: Archaludon|Electro Shot||[still]
|-prepare|p2a: Archaludon|Electro Shot
|-boost|p2a: Archaludon|spa|1
|-anim|p2a: Archaludon|Electro Shot|p1b: Delphox
|-damage|p1b: Delphox|35/100
|
|-weather|RainDance|[upkeep]
|-heal|p2a: Archaludon|57/100|[from] item: Leftovers
|upkeep
|
|t:|1782529584
|switch|p2b: Swampert|Swampert, L50, F|100/100
|turn|4
|
|t:|1782529609
|detailschange|p2b: Swampert|Swampert-Mega, L50, F
|-mega|p2b: Swampert|Swampert|Swampertite
|move|p1b: Delphox|Protect|p1b: Delphox
|-singleturn|p1b: Delphox|Protect
|move|p1a: Garchomp|Scale Shot|p2b: Swampert
|-damage|p2b: Swampert|83/100
|-damage|p2b: Swampert|67/100
|-hitcount|p2b: Swampert|2
|-unboost|p1a: Garchomp|def|1
|-boost|p1a: Garchomp|spe|1
|-damage|p1a: Garchomp|4/100|[from] item: Life Orb
|move|p2b: Swampert|Wave Crash|p1b: Delphox
|-activate|p1b: Delphox|move: Protect
|move|p2a: Archaludon|Flash Cannon|p1a: Garchomp
|-damage|p1a: Garchomp|0 fnt
|faint|p1a: Garchomp
|
|-weather|RainDance|[upkeep]
|-heal|p2a: Archaludon|63/100|[from] item: Leftovers
|upkeep
|
|t:|1782529611
|switch|p1a: Sinistcha|Sinistcha, L50|100/100
|-heal|p1b: Delphox|60/100|[from] ability: Hospitality|[of] p1a: Sinistcha
|turn|5
|inactive|pokeplaygg has 30 seconds left.
|
|t:|1782529636
|move|p2b: Swampert|Protect|p2b: Swampert
|-singleturn|p2b: Swampert|Protect
|move|p1a: Sinistcha|Rage Powder|p1a: Sinistcha
|-singleturn|p1a: Sinistcha|move: Rage Powder
|move|p1b: Delphox|Psyshock|p2b: Swampert
|-activate|p2b: Swampert|move: Protect
|move|p2a: Archaludon|Draco Meteor|p1a: Sinistcha|[miss]
|-miss|p2a: Archaludon|p1a: Sinistcha
|
|-weather|none
|-heal|p2a: Archaludon|70/100|[from] item: Leftovers
|upkeep
|turn|6
|
|t:|1782529665
|move|p1a: Sinistcha|Rage Powder|p1a: Sinistcha
|-singleturn|p1a: Sinistcha|move: Rage Powder
|move|p1b: Delphox|Heat Wave|p2b: Swampert|[spread] p2a,p2b
|-resisted|p2b: Swampert|1
|-damage|p2a: Archaludon|0 fnt
|-damage|p2b: Swampert|29/100
|faint|p2a: Archaludon
|move|p2b: Swampert|Wave Crash|p1a: Sinistcha
|-resisted|p1a: Sinistcha|1
|-damage|p1a: Sinistcha|69/100
|-damage|p2b: Swampert|19/100|[from] Recoil
|
|upkeep
|-message|pokeplaygg forfeited.
|
|win|TMJS01
|raw|TMJS01's rating: 1412 → 1433(+21 for winning)
|raw|pokeplaygg's rating: 1430 → 1409(-21 for losing)
|l|☆pokeplaygg
|player|p2|
