|j|☆richardf99
|j|☆aqueousbloop
|html|richardf99aqueousbloop    
|uhtml|bestof|Game 1 of a best-of-3
|t:|1785592287
|gametype|doubles
|player|p1|richardf99|265|1115
|player|p2|aqueousbloop|102|1082
|gen|9
|tier|[Gen 9 Champions] VGC 2026 Reg M-B (Bo3)
|rated|
|rule|Species Clause: Limit one of each Pokémon
|rule|Item Clause: Limit 1 of each item
|clearpoke
|poke|p1|Charizard, L50, F, shiny|
|poke|p1|Floette-Eternal, L50, F|
|poke|p1|Whimsicott, L50, F|
|poke|p1|Garchomp, L50, F|
|poke|p1|Kingambit, L50, F|
|poke|p1|Basculegion, L50, M|
|poke|p2|Hatterene, L50, F|
|poke|p2|Oranguru, L50, F|
|poke|p2|Mawile, L50, M|
|poke|p2|Kangaskhan, L50, F|
|poke|p2|Venusaur, L50, M|
|poke|p2|Torkoal, L50, F|
|teampreview|4
|showteam|p1|Charizard||CharizarditeY|Blaze|HeatWave,SolarBeam,AirSlash,Protect|Modest||F|||50|]Floette-Eternal||SitrusBerry|FlowerVeil|LightofRuin,DazzlingGleam,Moonblast,Protect|Modest||F|||50|]Whimsicott||FocusSash|Prankster|Tailwind,Moonblast,Encore,Protect|Timid||F|||50|]Garchomp||LifeOrb|RoughSkin|Earthquake,DragonClaw,RockSlide,Protect|Jolly||F|||50|]Kingambit||BlackGlasses|SupremeOverlord|KowtowCleave,SuckerPunch,IronHead,Protect|Adamant||F|||50|]Basculegion||SpellTag|Adaptability|WaveCrash,LastRespects,FlipTurn,AquaJet|Jolly||M|||50|
|showteam|p2|Hatterene||LifeOrb|MagicBounce|Protect,Psychic,TrickRoom,DazzlingGleam|Quiet||F|||50|]Oranguru||MentalHerb|InnerFocus|Protect,Instruct,Psychic,TrickRoom|Bold||F|||50|]Mawile||Mawilite|HyperCutter|SuckerPunch,PlayRough,Protect,IronHead|Brave||M|||50|]Kangaskhan||SilkScarf|Scrappy|LastResort,FakeOut|Brave||F|||50|]Venusaur||FocusSash|Chlorophyll|LeafStorm,SludgeBomb,SleepPowder,Protect|Modest||M|||50|]Torkoal||Charcoal|Drought|Eruption,Protect,EarthPower,HeatWave|Quiet||F|||50|
|inactive|Battle timer is ON: inactive players will automatically lose when time's up. (requested by richardf99)
|
|t:|1785592305
|teamsize|p1|4
|teamsize|p2|4
|start
|switch|p1a: Floette|Floette-Eternal, L50, F|100/100
|switch|p1b: Whimsicott|Whimsicott, L50, F|100/100
|switch|p2a: Oranguru|Oranguru, L50, F|100/100
|switch|p2b: Hatterene|Hatterene, L50, F|100/100
|turn|1
|j| oberficker123
|inactive|aqueousbloop has 30 seconds left.
|inactive|aqueousbloop has 20 seconds left.
|inactive|aqueousbloop has 15 seconds left.
|
|t:|1785592345
|move|p2a: Oranguru|Protect|p2a: Oranguru
|-singleturn|p2a: Oranguru|Protect
|move|p1b: Whimsicott|Moonblast|p2b: Hatterene
|-damage|p2b: Hatterene|59/100
|move|p1a: Floette|Light of Ruin|p2b: Hatterene|[miss]
|-miss|p1a: Floette|p2b: Hatterene
|move|p2b: Hatterene|Trick Room|p2b: Hatterene
|-fieldstart|move: Trick Room|[of] p2b: Hatterene
|
|upkeep
|turn|2
|
|t:|1785592370
|move|p2b: Hatterene|Dazzling Gleam|p1a: Floette|[spread] p1a,p1b
|-damage|p1a: Floette|65/100
|-damage|p1b: Whimsicott|26/100
|-damage|p2b: Hatterene|50/100y|[from] item: Life Orb
|move|p2a: Oranguru|Instruct|p2b: Hatterene
|-singleturn|p2b: Hatterene|move: Instruct|[of] p2a: Oranguru
|move|p2b: Hatterene|Dazzling Gleam|p1b: Whimsicott|[spread] p1a,p1b
|-damage|p1a: Floette|31/100
|-damage|p1b: Whimsicott|0 fnt
|-enditem|p1a: Floette|Sitrus Berry|[eat]
|-heal|p1a: Floette|56/100|[from] item: Sitrus Berry
|faint|p1b: Whimsicott
|-damage|p2b: Hatterene|40/100|[from] item: Life Orb
|move|p1a: Floette|Light of Ruin|p2a: Oranguru
|-crit|p2a: Oranguru
|-damage|p2a: Oranguru|13/100
|-damage|p1a: Floette|8/100|[from] Recoil
|
|upkeep
|
|t:|1785592391
|switch|p1b: Kingambit|Kingambit, L50, F|100/100
|-activate|p1b: Kingambit|ability: Supreme Overlord
|-start|p1b: Kingambit|fallen1|[silent]
|turn|3
|
|t:|1785592407
|move|p2a: Oranguru|Protect|p2a: Oranguru
|-singleturn|p2a: Oranguru|Protect
|move|p1b: Kingambit|Sucker Punch|p2b: Hatterene
|-damage|p2b: Hatterene|0 fnt
|faint|p2b: Hatterene
|move|p1a: Floette|Dazzling Gleam|p2a: Oranguru
|-activate|p2a: Oranguru|move: Protect
|
|upkeep
|
|t:|1785592420
|switch|p2b: Torkoal|Torkoal, L50, F|100/100
|-weather|SunnyDay|[from] ability: Drought|[of] p2b: Torkoal
|turn|4
|
|t:|1785592432
|-end|p1b: Kingambit|fallen1|[silent]
|switch|p1b: Charizard|Charizard, L50, F, shiny|100/100
|move|p1a: Floette|Protect|p1a: Floette
|-singleturn|p1a: Floette|Protect
|move|p2b: Torkoal|Eruption|p1b: Charizard|[spread] p1b
|-activate|p1a: Floette|move: Protect
|-resisted|p1b: Charizard|1
|-damage|p1b: Charizard|41/100
|move|p2a: Oranguru|Instruct|p2b: Torkoal
|-singleturn|p2b: Torkoal|move: Instruct|[of] p2a: Oranguru
|move|p2b: Torkoal|Eruption|p1b: Charizard|[spread] p1b
|-activate|p1a: Floette|move: Protect
|-resisted|p1b: Charizard|1
|-damage|p1b: Charizard|0 fnt
|faint|p1b: Charizard
|
|-weather|SunnyDay|[upkeep]
|upkeep
|
|t:|1785592449
|switch|p1b: Kingambit|Kingambit, L50, F|100/100
|-activate|p1b: Kingambit|ability: Supreme Overlord
|-start|p1b: Kingambit|fallen2|[silent]
|turn|5
|
|t:|1785592460
|switch|p2a: Mawile|Mawile, L50, M|100/100
|move|p1b: Kingambit|Sucker Punch|p2b: Torkoal
|-damage|p2b: Torkoal|57/100
|move|p2b: Torkoal|Eruption|p1a: Floette|[spread] p1a,p1b
|-supereffective|p1b: Kingambit|1
|-damage|p1a: Floette|0 fnt
|-damage|p1b: Kingambit|12/100
|faint|p1a: Floette
|
|-weather|SunnyDay|[upkeep]
|-fieldend|move: Trick Room
|upkeep
|turn|6
|l| oberficker123
|
|t:|1785592484
|detailschange|p2a: Mawile|Mawile-Mega, L50, M
|-mega|p2a: Mawile|Mawile|Mawilite
|move|p1b: Kingambit|Kowtow Cleave|p2b: Torkoal
|-damage|p2b: Torkoal|0 fnt
|faint|p2b: Torkoal
|move|p2a: Mawile|Play Rough|p1b: Kingambit
|-damage|p1b: Kingambit|0 fnt
|faint|p1b: Kingambit
|-end|p1b: Kingambit|fallen2|[silent]
|
|win|aqueousbloop
||richardf99 is ready for game 2.
||aqueousbloop is ready for game 2.
|uhtml|next|Next: Game 2 of 3
