|j|☆tax the homeless
|j|☆TheLackluster7
|html|tax the homelessTheLackluster7    
|uhtml|bestof|Game 2 of a best-of-3
|t:|1757913902
|gametype|doubles
|player|p1|tax the homeless|1|1151
|player|p2|TheLackluster7|juggler|1164
|gen|9
|tier|[Gen 9] VGC 2025 Reg H (Bo3)
|rated|
|rule|Species Clause: Limit one of each Pokémon
|rule|Item Clause: Limit 1 of each item
|clearpoke
|poke|p1|Espathra, L50, M|
|poke|p1|Indeedee-F, L50, F|
|poke|p1|Sneasler, L50, M|
|poke|p1|Hydreigon, L50, F|
|poke|p1|Arcanine-Hisui, L50, M|
|poke|p1|Kingambit, L50, M|
|poke|p2|Indeedee-F, L50, F|
|poke|p2|Primarina, L50, F|
|poke|p2|Ursaluna, L50, F|
|poke|p2|Zoroark-Hisui, L50, M|
|poke|p2|Incineroar, L50, F|
|poke|p2|Whimsicott, L50, M|
|teampreview|4
|showteam|p1|Espathra||LifeOrb|SpeedBoost|ExpandingForce,LuminaCrash,DazzlingGleam,Protect|||M|||50|,,,,,Psychic]Indeedee-F||RockyHelmet|PsychicSurge|Psychic,FollowMe,HelpingHand,Protect|||F|||50|,,,,,Dragon]Sneasler||PsychicSeed|Unburden|DireClaw,CloseCombat,ThroatChop,Protect|||M|||50|,,,,,Dark]Hydreigon||SafetyGoggles|Levitate|DracoMeteor,Snarl,Taunt,Protect|||F|||50|,,,,,Ghost]Arcanine-Hisui||MirrorHerb|Intimidate|FlareBlitz,RockSlide,CloseCombat,Protect|||M|||50|,,,,,Water]Kingambit||AssaultVest|Defiant|KowtowCleave,SuckerPunch,LowKick,TeraBlast|||M|||50|,,,,,Flying
|showteam|p2|Indeedee-F||SafetyGoggles|PsychicSurge|HelpingHand,Psychic,FollowMe,TrickRoom|||F|||50|,,,,,Steel]Primarina||AssaultVest|LiquidVoice|HyperVoice,Moonblast,TeraBlast,IcyWind|||F|||50|,,,,,Flying]Ursaluna||FlameOrb|Guts|Protect,Earthquake,HeadlongRush,Facade|||F|||50|,,,,,Ghost]Zoroark-Hisui||FocusSash|Illusion|ShadowBall,HyperVoice,NastyPlot,Protect|||M|||50|,,,,,Stellar]Incineroar||SitrusBerry|Intimidate|FakeOut,PartingShot,KnockOff,FlareBlitz|||F|||50|,,,,,Grass]Whimsicott||CovertCloak|Prankster|Tailwind,LightScreen,Taunt,Moonblast|||M|||50|,,,,,Grass
|inactive|Battle timer is ON: inactive players will automatically lose when time's up. (requested by tax the homeless)
|
|t:|1757913951
|teamsize|p1|4
|teamsize|p2|4
|start
|switch|p1a: Sneasler|Sneasler, L50, M|100/100
|switch|p1b: Arcanine|Arcanine-Hisui, L50, M|100/100
|switch|p2a: Whimsicott|Whimsicott, L50, M|100/100
|switch|p2b: Ursaluna|Ursaluna, L50, F|100/100
|-ability|p1b: Arcanine|Intimidate|boost
|-unboost|p2a: Whimsicott|atk|1
|-unboost|p2b: Ursaluna|atk|1
|turn|1
|
|t:|1757913978
|switch|p2a: Incineroar|Incineroar, L50, F|100/100
|-ability|p2a: Incineroar|Intimidate|boost
|-unboost|p1a: Sneasler|atk|1
|-unboost|p1b: Arcanine|atk|1
|-terastallize|p1b: Arcanine|Water
|move|p2b: Ursaluna|Protect|p2b: Ursaluna
|-singleturn|p2b: Ursaluna|Protect
|move|p1a: Sneasler|Throat Chop|p2b: Ursaluna
|-activate|p2b: Ursaluna|move: Protect
|move|p1b: Arcanine|Flare Blitz|p2a: Incineroar
|-resisted|p2a: Incineroar
|-damage|p2a: Incineroar|84/100
|-damage|p1b: Arcanine|95/100|[from] Recoil
|
|-status|p2b: Ursaluna|brn|[from] item: Flame Orb
|upkeep
|turn|2
|inactive|TheLackluster7 has 30 seconds left.
|inactive|TheLackluster7 has 20 seconds left.
|
|t:|1757914013
|-terastallize|p2b: Ursaluna|Ghost
|move|p1a: Sneasler|Protect|p1a: Sneasler
|-singleturn|p1a: Sneasler|Protect
|move|p2a: Incineroar|Fake Out|p1a: Sneasler
|-activate|p1a: Sneasler|move: Protect
|move|p1b: Arcanine|Rock Slide|p2a: Incineroar|[spread] p2a,p2b
|-supereffective|p2a: Incineroar
|-damage|p2a: Incineroar|55/100
|-damage|p2b: Ursaluna|89/100 brn
|cant|p2b: Ursaluna|flinch
|
|-damage|p2b: Ursaluna|83/100 brn|[from] brn
|upkeep
|turn|3
|
|t:|1757914035
|switch|p2a: Whimsicott|Whimsicott, L50, M|100/100
|move|p1a: Sneasler|Throat Chop|p2b: Ursaluna
|-supereffective|p2b: Ursaluna
|-damage|p2b: Ursaluna|52/100 brn
|-start|p2b: Ursaluna|Throat Chop|[silent]
|move|p1b: Arcanine|Close Combat|p2a: Whimsicott
|-resisted|p2a: Whimsicott
|-damage|p2a: Whimsicott|89/100
|-unboost|p1b: Arcanine|def|1
|-unboost|p1b: Arcanine|spd|1
|move|p2b: Ursaluna|Earthquake|p1b: Arcanine|[spread] p2a,p1a,p1b
|-resisted|p2a: Whimsicott
|-supereffective|p1a: Sneasler
|-damage|p2a: Whimsicott|68/100
|-damage|p1a: Sneasler|0 fnt
|-damage|p1b: Arcanine|27/100
|faint|p1a: Sneasler
|
|-damage|p2b: Ursaluna|46/100 brn|[from] brn
|upkeep
|
|t:|1757914054
|switch|p1a: Espathra|Espathra, L50, M|100/100
|turn|4
|
|t:|1757914067
|move|p1a: Espathra|Protect|p1a: Espathra
|-singleturn|p1a: Espathra|Protect
|move|p2a: Whimsicott|Tailwind|p2a: Whimsicott
|-sidestart|p2: TheLackluster7|move: Tailwind
|move|p2b: Ursaluna|Facade|p1b: Arcanine
|-damage|p1b: Arcanine|0 fnt
|faint|p1b: Arcanine
|
|-damage|p2b: Ursaluna|40/100 brn|[from] brn
|-end|p2b: Ursaluna|Throat Chop|[silent]
|-ability|p1a: Espathra|Speed Boost|boost
|-boost|p1a: Espathra|spe|1
|upkeep
|
|t:|1757914075
|switch|p1b: Kingambit|Kingambit, L50, M|100/100
|turn|5
|
|t:|1757914099
|switch|p2b: Primarina|Primarina, L50, F|100/100
|move|p2a: Whimsicott|Taunt|p1a: Espathra
|-start|p1a: Espathra|move: Taunt
|move|p1b: Kingambit|Sucker Punch||[still]
|-fail|p1b: Kingambit
|move|p1a: Espathra|Lumina Crash|p2a: Whimsicott
|-damage|p2a: Whimsicott|6/100
|-damage|p1a: Espathra|91/100|[from] item: Life Orb
|
|-ability|p1a: Espathra|Speed Boost|boost
|-boost|p1a: Espathra|spe|1
|upkeep
|turn|6
|inactive|tax the homeless has 30 seconds left.
|
|t:|1757914125
|move|p2a: Whimsicott|Light Screen|p2a: Whimsicott
|-sidestart|p2: TheLackluster7|move: Light Screen
|move|p1a: Espathra|Dazzling Gleam|p2a: Whimsicott|[spread] p2a,p2b
|-damage|p2a: Whimsicott|0 fnt
|-damage|p2b: Primarina|91/100
|faint|p2a: Whimsicott
|-damage|p1a: Espathra|81/100|[from] item: Life Orb
|move|p2b: Primarina|Hyper Voice|p1a: Espathra|[spread] p1a,p1b
|-damage|p1a: Espathra|26/100
|-damage|p1b: Kingambit|75/100
|move|p1b: Kingambit|Kowtow Cleave|p2b: Primarina
|-resisted|p2b: Primarina
|-damage|p2b: Primarina|61/100
|
|-ability|p1a: Espathra|Speed Boost|boost
|-boost|p1a: Espathra|spe|1
|upkeep
|
|t:|1757914139
|switch|p2a: Ursaluna|Ursaluna, L50, F, tera:Ghost|40/100 brn
|turn|7
|
|t:|1757914158
|move|p2a: Ursaluna|Protect|p2a: Ursaluna
|-singleturn|p2a: Ursaluna|Protect
|move|p1a: Espathra|Lumina Crash|p2a: Ursaluna
|-activate|p2a: Ursaluna|move: Protect
|move|p2b: Primarina|Hyper Voice|p1a: Espathra|[spread] p1a,p1b
|-damage|p1a: Espathra|0 fnt
|-damage|p1b: Kingambit|52/100
|faint|p1a: Espathra
|move|p1b: Kingambit|Kowtow Cleave|p2b: Primarina
|-resisted|p2b: Primarina
|-crit|p2b: Primarina
|-damage|p2b: Primarina|16/100
|
|-damage|p2a: Ursaluna|34/100 brn|[from] brn
|-sideend|p2: TheLackluster7|move: Tailwind
|upkeep
|turn|8
|inactive|TheLackluster7 has 30 seconds left.
|
|t:|1757914185
|move|p1b: Kingambit|Sucker Punch|p2a: Ursaluna
|-supereffective|p2a: Ursaluna
|-damage|p2a: Ursaluna|0 fnt
|faint|p2a: Ursaluna
|move|p2b: Primarina|Moonblast|p1b: Kingambit
|-damage|p1b: Kingambit|20/100
|-unboost|p1b: Kingambit|spa|1
|-ability|p1b: Kingambit|Defiant|boost
|-boost|p1b: Kingambit|atk|2
|
|upkeep
|
|t:|1757914190
|switch|p2a: Incineroar|Incineroar, L50, F|55/100
|-ability|p2a: Incineroar|Intimidate|boost
|-unboost|p1b: Kingambit|atk|1
|-ability|p1b: Kingambit|Defiant|boost
|-boost|p1b: Kingambit|atk|2
|turn|9
|
|t:|1757914196
|move|p2b: Primarina|Moonblast|p1b: Kingambit
|-crit|p1b: Kingambit
|-damage|p1b: Kingambit|0 fnt
|faint|p1b: Kingambit
|
|win|TheLackluster7
||TheLackluster7 is ready for game 3.
||tax the homeless is ready for game 3.
|uhtml|next|Next: Game 3 of 3
|l|☆tax the homeless
|player|p1|
|l|☆TheLackluster7
|player|p2|
