|j|☆yoru no kurage
|j|☆Sven
|html|yoru no kurageSven    
|uhtml|bestof|Game 2 of a best-of-3
|t:|1784906251
|gametype|doubles
|player|p1|yoru no kurage|yancy|
|player|p2|Sven|#smogonxnpa2024winner|
|gen|9
|tier|[Gen 9 Champions] VGC 2026 Reg M-B (Bo3)
|rule|Species Clause: Limit one of each Pokémon
|rule|Item Clause: Limit 1 of each item
|clearpoke
|poke|p1|Metagross, L50|
|poke|p1|Sneasler, L50, M|
|poke|p1|Ninetales-Alola, L50, F|
|poke|p1|Snorlax, L50, M|
|poke|p1|Toxapex, L50, F|
|poke|p1|Dragonite, L50, M|
|poke|p2|Froslass, L50, F|
|poke|p2|Basculegion, L50, M|
|poke|p2|Kingambit, L50, M|
|poke|p2|Sneasler, L50, M|
|poke|p2|Lycanroc-Dusk, L50, M|
|poke|p2|Scovillain, L50, M, shiny|
|teampreview|4
|showteam|p1|Metagross||Metagrossite|ClearBody|MeteorMash,PsychicFangs,StompingTantrum,Protect|Jolly|||||50|]Sneasler||FocusSash|Unburden|FakeOut,DireClaw,CloseCombat,Coaching|Jolly||M|||50|]Ninetales-Alola||NeverMeltIce|SnowWarning|Blizzard,FreezeDry,Encore,Protect|Timid||F|||50|]Snorlax||SitrusBerry|ThickFat|Yawn,BodySlam,HighHorsepower,Protect|Impish||M|||50|]Toxapex||Leftovers|Regenerator|Toxic,Infestation,Protect,WideGuard|Impish||F|||50|]Dragonite||Dragoninite|InnerFocus|Tailwind,DracoMeteor,Thunderbolt,HeatWave|Modest||M|||50|
|showteam|p2|Froslass||Froslassite|CursedBody|Blizzard,ShadowBall,AuroraVeil,Protect|Timid||F|||50|]Basculegion||SitrusBerry|Adaptability|WaveCrash,LastRespects,AquaJet,Protect|Adamant||M|||50|]Kingambit||LifeOrb|Defiant|KowtowCleave,SuckerPunch,SwordsDance,Protect|Adamant||M|||50|]Sneasler||WhiteHerb|Unburden|CloseCombat,GunkShot,FakeOut,Protect|Adamant||M|||50|]Lycanroc-Dusk||FocusSash|ToughClaws|RockSlide,CloseCombat,Accelerock,Protect|Adamant||M|||50|]Scovillain||Scovillainite|Moody|Overheat,GigaDrain,RagePowder,Protect|Bold||M|||50|
|inactive|Battle timer is ON: inactive players will automatically lose when time's up. (requested by Sven)
|inactive|yoru no kurage also wants the timer to be on.
|j| Azrealeus
|j|+zoe
|j| hungry lights
|j| Herv The One
|l| hungry lights
|j| Code
|j| Schister
|
|t:|1784906278
|teamsize|p1|4
|teamsize|p2|4
|start
|switch|p1a: Puddles|Toxapex, L50, F|100/100
|switch|p1b: Dragonite|Dragonite, L50, M|100/100
|switch|p2a: Froslass|Froslass, L50, F|100/100
|switch|p2b: Basculegion|Basculegion, L50, M|100/100
|turn|1
|inactive|Sven has 30 seconds left.
|j|+iPetBigfoot
|
|t:|1784906310
|detailschange|p2a: Froslass|Froslass-Mega, L50, F
|-mega|p2a: Froslass|Froslass|Froslassite
|-weather|Snowscape|[from] ability: Snow Warning|[of] p2a: Froslass
|detailschange|p1b: Dragonite|Dragonite-Mega, L50, M
|-mega|p1b: Dragonite|Dragonite|Dragoninite
|move|p2a: Froslass|Aurora Veil|p2a: Froslass
|-sidestart|p2: Sven|move: Aurora Veil
|move|p1b: Dragonite|Heat Wave|p2a: Froslass|[spread] p2a
|-miss|p1b: Dragonite|p2b: Basculegion
|-supereffective|p2a: Froslass|1
|-damage|p2a: Froslass|65/100
|move|p2b: Basculegion|Last Respects|p1b: Dragonite
|-damage|p1b: Dragonite|85/100
|move|p1a: Puddles|Toxic|p2a: Froslass
|-status|p2a: Froslass|tox
|
|-weather|Snowscape|[upkeep]
|-damage|p2a: Froslass|59/100 tox|[from] psn
|upkeep
|turn|2
|j| Hasayo
|j| icypenguin604
|
|t:|1784906324
|move|p1a: Puddles|Wide Guard|p1a: Puddles
|-singleturn|p1a: Puddles|Wide Guard
|move|p2a: Froslass|Shadow Ball|p1b: Dragonite
|-damage|p1b: Dragonite|50/100g
|move|p1b: Dragonite|Tailwind|p1b: Dragonite
|-sidestart|p1: yoru no kurage|move: Tailwind
|move|p2b: Basculegion|Wave Crash|p1b: Dragonite
|-resisted|p1b: Dragonite|1
|-damage|p1b: Dragonite|16/100
|-damage|p2b: Basculegion|91/100|[from] Recoil
|
|-weather|Snowscape|[upkeep]
|-damage|p2a: Froslass|47/100 tox|[from] psn
|upkeep
|turn|3
|
|t:|1784906340
|move|p2b: Basculegion|Protect|p2b: Basculegion
|-singleturn|p2b: Basculegion|Protect
|move|p1b: Dragonite|Thunderbolt|p2b: Basculegion
|-activate|p2b: Basculegion|move: Protect
|move|p2a: Froslass|Blizzard|p1a: Puddles|[spread] p1a,p1b
|-resisted|p1a: Puddles|1
|-supereffective|p1b: Dragonite|2
|-damage|p1a: Puddles|82/100
|-damage|p1b: Dragonite|0 fnt
|faint|p1b: Dragonite
|move|p1a: Puddles|Toxic|p2b: Basculegion
|-activate|p2b: Basculegion|move: Protect
|
|-weather|Snowscape|[upkeep]
|-heal|p1a: Puddles|88/100|[from] item: Leftovers
|-damage|p2a: Froslass|30/100 tox|[from] psn
|upkeep
|
|t:|1784906345
|switch|p1b: Snorlax|Snorlax, L50, M|100/100
|turn|4
|
|t:|1784906364
|move|p1a: Puddles|Protect|p1a: Puddles
|-singleturn|p1a: Puddles|Protect
|move|p2a: Froslass|Shadow Ball|p1a: Puddles
|-activate|p1a: Puddles|move: Protect
|move|p1b: Snorlax|Yawn|p2b: Basculegion
|-start|p2b: Basculegion|move: Yawn|[of] p1b: Snorlax
|move|p2b: Basculegion|Wave Crash|p1b: Snorlax
|-damage|p1b: Snorlax|45/100
|-enditem|p1b: Snorlax|Sitrus Berry|[eat]
|-heal|p1b: Snorlax|70/100|[from] item: Sitrus Berry
|-damage|p2b: Basculegion|70/100|[from] Recoil
|
|-weather|Snowscape|[upkeep]
|-heal|p1a: Puddles|94/100|[from] item: Leftovers
|-damage|p2a: Froslass|6/100 tox|[from] psn
|upkeep
|turn|5
|
|t:|1784906382
|switch|p2b: Kingambit|Kingambit, L50, M|100/100
|move|p2a: Froslass|Shadow Ball|p1a: Puddles
|-damage|p1a: Puddles|66/100
|move|p1a: Puddles|Toxic|p2b: Kingambit
|-immune|p2b: Kingambit
|move|p1b: Snorlax|High Horsepower|p2b: Kingambit
|-supereffective|p2b: Kingambit|1
|-damage|p2b: Kingambit|76/100
|
|-weather|none
|-heal|p1a: Puddles|72/100|[from] item: Leftovers
|-damage|p2a: Froslass|0 fnt|[from] psn
|faint|p2a: Froslass
|-sideend|p1: yoru no kurage|move: Tailwind
|-sideend|p2: Sven|move: Aurora Veil
|upkeep
|
|t:|1784906387
|switch|p2a: Sneasler|Sneasler, L50, M|100/100
|turn|6
|j|+Actuarily
|j| Nido-Rus
|
|t:|1784906400
|-heal|p1a: Puddles|100/100|[from] ability: Regenerator|[silent]
|switch|p1a: Sneasler|Sneasler, L50, M|100/100
|move|p2a: Sneasler|Close Combat|p1b: Snorlax
|-supereffective|p1b: Snorlax|1
|-damage|p1b: Snorlax|0 fnt
|-unboost|p2a: Sneasler|def|1
|-unboost|p2a: Sneasler|spd|1
|faint|p1b: Snorlax
|-enditem|p2a: Sneasler|White Herb
|-clearnegativeboost|p2a: Sneasler|[silent]
|move|p2b: Kingambit|Kowtow Cleave|p1a: Sneasler
|-resisted|p1a: Sneasler|1
|-damage|p1a: Sneasler|45/100
|-damage|p2b: Kingambit|67/100|[from] item: Life Orb
|
|upkeep
|
|t:|1784906406
|switch|p1b: Puddles|Toxapex, L50, F|100/100
|turn|7
|l| Schister
|
|t:|1784906422
|move|p1a: Sneasler|Fake Out|p2a: Sneasler
|-damage|p2a: Sneasler|81/100
|move|p2b: Kingambit|Sucker Punch||[still]
|-fail|p2b: Kingambit
|cant|p2a: Sneasler|flinch
|move|p1b: Puddles|Infestation|p2a: Sneasler
|-resisted|p2a: Sneasler|2
|-damage|p2a: Sneasler|81/100
|-activate|p2a: Sneasler|move: Infestation|[of] p1b: Puddles
|
|-damage|p2a: Sneasler|69/100|[from] move: Infestation|[partiallytrapped]
|upkeep
|turn|8
|j| skittycel
|l|+Actuarily
|
|t:|1784906439
|move|p2b: Kingambit|Sucker Punch||[still]
|-fail|p2b: Kingambit
|move|p2a: Sneasler|Close Combat|p1a: Sneasler
|-resisted|p1a: Sneasler|1
|-damage|p1a: Sneasler|1/100
|-unboost|p2a: Sneasler|def|1
|-unboost|p2a: Sneasler|spd|1
|move|p1a: Sneasler|Coaching|p1b: Puddles
|-boost|p1b: Puddles|atk|1
|-boost|p1b: Puddles|def|1
|move|p1b: Puddles|Infestation|p2b: Kingambit
|-damage|p2b: Kingambit|64/100
|-activate|p2b: Kingambit|move: Infestation|[of] p1b: Puddles
|
|-damage|p2a: Sneasler|57/100|[from] move: Infestation|[partiallytrapped]
|-damage|p2b: Kingambit|52/100|[from] move: Infestation|[partiallytrapped]
|upkeep
|turn|9
|
|t:|1784906452
|move|p2a: Sneasler|Close Combat|p1a: Sneasler
|-resisted|p1a: Sneasler|1
|-damage|p1a: Sneasler|0 fnt
|-unboost|p2a: Sneasler|def|1
|-unboost|p2a: Sneasler|spd|1
|faint|p1a: Sneasler
|move|p2b: Kingambit|Swords Dance|p2b: Kingambit
|-boost|p2b: Kingambit|atk|2
|move|p1b: Puddles|Infestation|p2b: Kingambit
|-damage|p2b: Kingambit|49/100
|
|-damage|p2a: Sneasler|45/100|[from] move: Infestation|[partiallytrapped]
|-damage|p2b: Kingambit|37/100|[from] move: Infestation|[partiallytrapped]
|upkeep
|turn|10
|
|t:|1784906472
|move|p2a: Sneasler|Close Combat|p1b: Puddles
|-resisted|p1b: Puddles|1
|-damage|p1b: Puddles|87/100
|-unboost|p2a: Sneasler|def|1
|-unboost|p2a: Sneasler|spd|1
|move|p2b: Kingambit|Kowtow Cleave|p1b: Puddles
|-damage|p1b: Puddles|37/100
|-damage|p2b: Kingambit|27/100|[from] item: Life Orb
|move|p1b: Puddles|Infestation|p2b: Kingambit
|-damage|p2b: Kingambit|24/100
|
|-heal|p1b: Puddles|43/100|[from] item: Leftovers
|-damage|p2a: Sneasler|33/100|[from] move: Infestation|[partiallytrapped]
|-damage|p2b: Kingambit|12/100|[from] move: Infestation|[partiallytrapped]
|upkeep
|turn|11
|
|t:|1784906476
|move|p1b: Puddles|Protect|p1b: Puddles
|-singleturn|p1b: Puddles|Protect
|move|p2a: Sneasler|Close Combat|p1b: Puddles
|-activate|p1b: Puddles|move: Protect
|move|p2b: Kingambit|Kowtow Cleave|p1b: Puddles
|-activate|p1b: Puddles|move: Protect
|
|-heal|p1b: Puddles|49/100|[from] item: Leftovers
|-damage|p2a: Sneasler|21/100|[from] move: Infestation|[partiallytrapped]
|-damage|p2b: Kingambit|1/100|[from] move: Infestation|[partiallytrapped]
|upkeep
|turn|12
|
|t:|1784906479
|move|p1b: Puddles|Protect||[still]
|-fail|p1b: Puddles
|move|p2a: Sneasler|Close Combat|p1b: Puddles
|-resisted|p1b: Puddles|1
|-damage|p1b: Puddles|37/100
|-unboost|p2a: Sneasler|def|1
|-unboost|p2a: Sneasler|spd|1
|move|p2b: Kingambit|Kowtow Cleave|p1b: Puddles
|-damage|p1b: Puddles|0 fnt
|faint|p1b: Puddles
|-damage|p2b: Kingambit|0 fnt|[from] item: Life Orb
|faint|p2b: Kingambit
|
|win|Sven
|c|☆Sven|gg
|c|☆yoru no kurage|Gg
|l|☆yoru no kurage
|player|p1|
|l| Nido-Rus
|l|+iPetBigfoot
|l| skittycel
|l| Azrealeus
|j| LogIce
|l| LogIce
|j| Azrealeus
|l| Herv The One
|l| Azrealeus
|j|+Actuarily
|l|+Actuarily
