|j|☆MidnightCrimsonn
|j|☆EgoJJ
|html|MidnightCrimsonnEgoJJ    
|uhtml|bestof|Game 3 of a best-of-3
|t:|1757196417
|gametype|doubles
|player|p1|MidnightCrimsonn|acetrainerf-gen4dp|1226
|player|p2|EgoJJ|brock|1223
|gen|9
|tier|[Gen 9] VGC 2025 Reg H (Bo3)
|rated|
|rule|Species Clause: Limit one of each Pokémon
|rule|Item Clause: Limit 1 of each item
|clearpoke
|poke|p1|Amoonguss, L50, F|
|poke|p1|Incineroar, L50, M|
|poke|p1|Hydreigon, L50, F|
|poke|p1|Gholdengo, L50|
|poke|p1|Ursaluna, L50, M|
|poke|p1|Porygon2, L50|
|poke|p2|Zoroark-Hisui, L50, F|
|poke|p2|Indeedee-F, L50, F|
|poke|p2|Ursaluna, L50, M|
|poke|p2|Torkoal, L50, M|
|poke|p2|Exeggutor, L50, F|
|poke|p2|Gallade, L50, M|
|teampreview|4
|showteam|p1|Amoonguss||MentalHerb|Regenerator|PollenPuff,Spore,RagePowder,Protect|||F|||50|,,,,,Fairy]Incineroar||AssaultVest|Intimidate|FakeOut,KnockOff,FlareBlitz,Uturn|||M|||50|,,,,,Ghost]Hydreigon||SafetyGoggles|Levitate|DracoMeteor,Snarl,Tailwind,Protect|||F|||50|,,,,,Ghost]Gholdengo||MetalCoat|GoodasGold|MakeItRain,ShadowBall,NastyPlot,Protect||||||50|,,,,,Water]Ursaluna||FlameOrb|Guts|Facade,HeadlongRush,Earthquake,Protect|||M|||50|,,,,,Ghost]Porygon2||Eviolite|Download|TeraBlast,IceBeam,Recover,TrickRoom||||||50|,,,,,Fighting
|showteam|p2|Zoroark-Hisui||ChoiceSpecs|Illusion|HyperBeam,HyperVoice,ShadowBall,FocusBlast|||F|||50|,,,,,Normal]Indeedee-F||RockyHelmet|PsychicSurge|Psychic,HelpingHand,FollowMe,TrickRoom|||F|||50|,,,,,Grass]Ursaluna||FlameOrb|Guts|Facade,HeadlongRush,Earthquake,Protect|||M|||50|,,,,,Ghost]Torkoal||Charcoal|Drought|Eruption,WeatherBall,ClearSmog,Protect|||M|||50|,,,,,Fire]Exeggutor||FocusSash|Chlorophyll|ExpandingForce,LeafStorm,SleepPowder,TrickRoom|||F|||50|,,,,,Psychic]Gallade||ScopeLens|Sharpness|SacredSword,PsychoCut,TrickRoom,WideGuard|||M|||50|,,,,,Grass
|inactive|Battle timer is ON: inactive players will automatically lose when time's up. (requested by MidnightCrimsonn)
|inactive|EgoJJ also wants the timer to be on.
|inactive|EgoJJ has 60 seconds left.
|inactive|EgoJJ has 30 seconds left.
|inactive|EgoJJ has 20 seconds left.
|
|t:|1757196493
|teamsize|p1|4
|teamsize|p2|4
|start
|switch|p1a: Hydreigon|Hydreigon, L50, F|100/100
|switch|p1b: Gholdengo|Gholdengo, L50|100/100
|switch|p2a: Gallade|Gallade, L50, M|100/100
|switch|p2b: Indeedee|Indeedee-F, L50, F|100/100
|-fieldstart|move: Psychic Terrain|[from] ability: Psychic Surge|[of] p2b: Indeedee
|turn|1
|inactive|EgoJJ has 30 seconds left.
|inactive|EgoJJ has 20 seconds left.
|
|t:|1757196531
|switch|p1b: Incineroar|Incineroar, L50, M, shiny|100/100
|-ability|p1b: Incineroar|Intimidate|boost
|-unboost|p2a: Gallade|atk|1
|-unboost|p2b: Indeedee|atk|1
|move|p1a: Hydreigon|Protect|p1a: Hydreigon
|-singleturn|p1a: Hydreigon|Protect
|move|p2a: Gallade|Focus Blast|p1a: Hydreigon
|-activate|p1a: Hydreigon|move: Protect
|move|p2b: Indeedee|Trick Room|p2b: Indeedee
|-fieldstart|move: Trick Room|[of] p2b: Indeedee
|
|upkeep
|turn|2
|inactive|EgoJJ has 30 seconds left.
|inactive|EgoJJ has 20 seconds left.
|inactive|EgoJJ has 15 seconds left.
|
|t:|1757196574
|switch|p2a: Torkoal|Torkoal, L50, M|100/100
|-weather|SunnyDay|[from] ability: Drought|[of] p2a: Torkoal
|move|p2b: Indeedee|Follow Me|p2b: Indeedee
|-singleturn|p2b: Indeedee|move: Follow Me
|move|p1b: Incineroar|U-turn|p2b: Indeedee
|-supereffective|p2b: Indeedee
|-damage|p2b: Indeedee|63/100
|-damage|p1b: Incineroar|84/100|[from] item: Rocky Helmet|[of] p2b: Indeedee
|
|t:|1757196583
|switch|p1b: Ursaluna|Ursaluna, L50, M|100/100|[from] U-turn
|move|p1a: Hydreigon|Snarl|p2a: Torkoal|[spread] p2a,p2b
|-supereffective|p2b: Indeedee
|-damage|p2a: Torkoal|73/100
|-damage|p2b: Indeedee|29/100
|-unboost|p2a: Torkoal|spa|1
|-unboost|p2b: Indeedee|spa|1
|
|-weather|SunnyDay|[upkeep]
|-status|p1b: Ursaluna|brn|[from] item: Flame Orb
|upkeep
|turn|3
|
|t:|1757196602
|switch|p2b: Gallade|Gallade, L50, M|100/100
|move|p2a: Torkoal|Protect|p2a: Torkoal
|-singleturn|p2a: Torkoal|Protect
|move|p1b: Ursaluna|Earthquake|p2a: Torkoal|[spread] p2b
|-activate|p2a: Torkoal|move: Protect
|-immune|p1a: Hydreigon|[from] ability: Levitate
|-damage|p2b: Gallade|1/100
|move|p1a: Hydreigon|Snarl|p2b: Gallade|[spread] p2b
|-activate|p2a: Torkoal|move: Protect
|-damage|p2b: Gallade|0 fnt
|faint|p2b: Gallade
|
|-weather|SunnyDay|[upkeep]
|-damage|p1b: Ursaluna|95/100 brn|[from] brn
|upkeep
|
|t:|1757196612
|switch|p2b: Indeedee|Indeedee-F, L50, F|29/100
|turn|4
|
|t:|1757196617
|-terastallize|p2a: Torkoal|Fire
|move|p2b: Indeedee|Helping Hand|p2a: Torkoal
|-singleturn|p2a: Torkoal|Helping Hand|[of] p2b: Indeedee
|move|p1b: Ursaluna|Protect|p1b: Ursaluna
|-singleturn|p1b: Ursaluna|Protect
|move|p2a: Torkoal|Eruption|p1a: Hydreigon|[spread] p1a
|-activate|p1b: Ursaluna|move: Protect
|-resisted|p1a: Hydreigon
|-damage|p1a: Hydreigon|55/100
|move|p1a: Hydreigon|Snarl|p2a: Torkoal|[spread] p2a,p2b
|-supereffective|p2b: Indeedee
|-damage|p2a: Torkoal|50/100
|-damage|p2b: Indeedee|0 fnt
|-unboost|p2a: Torkoal|spa|1
|faint|p2b: Indeedee
|
|-weather|SunnyDay|[upkeep]
|-damage|p1b: Ursaluna|89/100 brn|[from] brn
|upkeep
|
|t:|1757196636
|switch|p2b: Zoroark|Zoroark-Hisui, L50, F|100/100
|turn|5
|inactive|EgoJJ has 30 seconds left.
|
|t:|1757196664
|move|p2a: Torkoal|Weather Ball|p1a: Hydreigon
|-resisted|p1a: Hydreigon
|-damage|p1a: Hydreigon|29/100
|move|p1b: Ursaluna|Earthquake|p2b: Zoroark|[spread] p2a,p2b
|-immune|p1a: Hydreigon|[from] ability: Levitate
|-supereffective|p2a: Torkoal
|-damage|p2a: Torkoal|0 fnt
|-damage|p2b: Zoroark|0 fnt
|faint|p2a: Torkoal
|faint|p2b: Zoroark
|
|win|MidnightCrimsonn
|raw|MidnightCrimsonn's rating: 1226 → 1251(+25 for winning)
|raw|EgoJJ's rating: 1223 → 1198(-25 for losing)
