|j|☆bimbo mafioso
|j|☆DWBC
|html|bimbo mafiosoDWBC    
|uhtml|bestof|Game 1 of a best-of-3
|t:|1757021757
|gametype|doubles
|player|p1|bimbo mafioso|swimmerf|1113
|player|p2|DWBC|265|1000
|gen|9
|tier|[Gen 9] VGC 2025 Reg H (Bo3)
|rated|
|rule|Species Clause: Limit one of each Pokémon
|rule|Item Clause: Limit 1 of each item
|clearpoke
|poke|p1|Amoonguss, L50, F|
|poke|p1|Dragonite, L50, F|
|poke|p1|Incineroar, L50, F|
|poke|p1|Sneasler, L50, M|
|poke|p1|Ursaluna-Bloodmoon, L50, M|
|poke|p1|Gholdengo, L50|
|poke|p2|Baxcalibur, L50, F|
|poke|p2|Sneasler, L50, M|
|poke|p2|Kingambit, L50, F|
|poke|p2|Dondozo, L50, F|
|poke|p2|Rillaboom, L50, M|
|poke|p2|Magmar, L50, M|
|teampreview|4
|showteam|p1|Amoonguss||SitrusBerry|Regenerator|Spore,RagePowder,PollenPuff,Protect|||F|||50|,,,,,Water]Dragonite||LoadedDice|Multiscale|ScaleShot,Tailwind,Haze,Protect|||F|||50|,,,,,Fairy]Incineroar||SafetyGoggles|Intimidate|FakeOut,KnockOff,Taunt,PartingShot|||F|||50|,,,,,Ghost]Sneasler||FocusSash|Unburden|CloseCombat,DireClaw,Coaching,Protect|||M|||50|,,,,,Stellar]Ursaluna-Bloodmoon||AssaultVest|MindsEye|HyperVoice,EarthPower,BloodMoon,VacuumWave|||M|||50|,,,,,Poison]Gholdengo||LifeOrb|GoodasGold|MakeItRain,ShadowBall,NastyPlot,Protect||||||50|,,,,,Water
|showteam|p2|Baxcalibur||LoadedDice|ThermalExchange|Protect,IcicleSpear,ScaleShot,HighHorsepower|||F|||50|,,,,,Poison]Sneasler||FocusSash|Unburden|Coaching,Protect,DireClaw,CloseCombat|||M|||50|,,,,,Stellar]Kingambit||BlackGlasses|Defiant|Protect,KowtowCleave,SuckerPunch,SwordsDance|||F|||50|,,,,,Dark]Dondozo||Leftovers|Unaware|Protect,WaveCrash,Fissure,Yawn|||F|||50|,,,,,Bug]Rillaboom||AssaultVest|GrassySurge|FakeOut,GrassyGlide,WoodHammer,HighHorsepower|||M|||50|,,,,,Fire]Magmar||Eviolite|VitalSpirit|WillOWisp,Overheat,FollowMe,Protect|||M|||50|,,,,,Electric
|inactive|Battle timer is ON: inactive players will automatically lose when time's up. (requested by bimbo mafioso)
|inactive|bimbo mafioso has 60 seconds left.
|inactive|DWBC has 60 seconds left.
|inactive|bimbo mafioso has 30 seconds left.
|
|t:|1757021821
|teamsize|p1|4
|teamsize|p2|4
|start
|switch|p1a: Sneasler|Sneasler, L50, M|100/100
|switch|p1b: Dragonite|Dragonite, L50, F|100/100
|switch|p2a: Baxcalibur|Baxcalibur, L50, F|100/100
|switch|p2b: Sneasler|Sneasler, L50, M|100/100
|turn|1
|inactive|bimbo mafioso has 30 seconds left.
|
|t:|1757021854
|-terastallize|p1b: Dragonite|Fairy
|-terastallize|p2a: Baxcalibur|Poison
|move|p1a: Sneasler|Coaching|p1b: Dragonite
|-boost|p1b: Dragonite|atk|1
|-boost|p1b: Dragonite|def|1
|move|p2b: Sneasler|Coaching|p2a: Baxcalibur
|-boost|p2a: Baxcalibur|atk|1
|-boost|p2a: Baxcalibur|def|1
|move|p1b: Dragonite|Scale Shot|p2b: Sneasler
|-damage|p2b: Sneasler|63/100
|-damage|p2b: Sneasler|28/100
|-damage|p2b: Sneasler|0 fnt
|faint|p2b: Sneasler
|-hitcount|p2: Sneasler|3
|-unboost|p1b: Dragonite|def|1
|-boost|p1b: Dragonite|spe|1
|move|p2a: Baxcalibur|Scale Shot|p1a: Sneasler
|-damage|p1a: Sneasler|59/100
|-damage|p1a: Sneasler|15/100
|-damage|p1a: Sneasler|0 fnt
|faint|p1a: Sneasler
|-hitcount|p1: Sneasler|3
|-unboost|p2a: Baxcalibur|def|1
|-boost|p2a: Baxcalibur|spe|1
|
|upkeep
|inactive|bimbo mafioso has 30 seconds left.
|
|t:|1757021880
|switch|p2b: Rillaboom|Rillaboom, L50, M|100/100
|switch|p1a: Amoonguss|Amoonguss, L50, F|100/100
|-fieldstart|move: Grassy Terrain|[from] ability: Grassy Surge|[of] p2b: Rillaboom
|turn|2
|
|t:|1757021892
|switch|p1a: Incineroar|Incineroar, L50, F|100/100
|-ability|p1a: Incineroar|Intimidate|boost
|-unboost|p2a: Baxcalibur|atk|1
|-unboost|p2b: Rillaboom|atk|1
|move|p1b: Dragonite|Protect|p1b: Dragonite
|-singleturn|p1b: Dragonite|Protect
|move|p2b: Rillaboom|Fake Out|p1b: Dragonite
|-activate|p1b: Dragonite|move: Protect
|move|p2a: Baxcalibur|Icicle Spear|p1a: Incineroar
|-resisted|p1a: Incineroar
|-damage|p1a: Incineroar|93/100
|-resisted|p1a: Incineroar
|-damage|p1a: Incineroar|86/100
|-resisted|p1a: Incineroar
|-damage|p1a: Incineroar|79/100
|-resisted|p1a: Incineroar
|-damage|p1a: Incineroar|71/100
|-hitcount|p1a: Incineroar|4
|
|-heal|p1a: Incineroar|77/100|[from] Grassy Terrain
|upkeep
|turn|3
|inactive|bimbo mafioso has 30 seconds left.
|inactive|DWBC has 30 seconds left.
|inactive|DWBC has 20 seconds left.
|inactive|DWBC has 15 seconds left.
|inactive|DWBC has 10 seconds left.
|inactive|DWBC has 5 seconds left.
|
|t:|1757021944
|switch|p2b: Kingambit|Kingambit, L50, F|100/100
|move|p1b: Dragonite|Scale Shot|p2b: Kingambit
|-resisted|p2b: Kingambit
|-damage|p2b: Kingambit|92/100
|-resisted|p2b: Kingambit
|-damage|p2b: Kingambit|85/100
|-resisted|p2b: Kingambit
|-damage|p2b: Kingambit|77/100
|-resisted|p2b: Kingambit
|-damage|p2b: Kingambit|68/100
|-resisted|p2b: Kingambit
|-damage|p2b: Kingambit|60/100
|-hitcount|p2b: Kingambit|5
|-unboost|p1b: Dragonite|def|1
|-boost|p1b: Dragonite|spe|1
|move|p2a: Baxcalibur|High Horsepower|p1a: Incineroar
|-supereffective|p1a: Incineroar
|-damage|p1a: Incineroar|7/100
|move|p1a: Incineroar|Knock Off|p2b: Kingambit
|-resisted|p2b: Kingambit
|-damage|p2b: Kingambit|44/100
|-enditem|p2b: Kingambit|Black Glasses|[from] move: Knock Off|[of] p1a: Incineroar
|
|-heal|p1a: Incineroar|13/100|[from] Grassy Terrain
|-heal|p2b: Kingambit|50/100|[from] Grassy Terrain
|upkeep
|turn|4
|inactive|bimbo mafioso has 30 seconds left.
|inactive|DWBC has 30 seconds left.
|
|t:|1757021977
|move|p2b: Kingambit|Sucker Punch|p1a: Incineroar
|-resisted|p1a: Incineroar
|-damage|p1a: Incineroar|0 fnt
|faint|p1a: Incineroar
|move|p1b: Dragonite|Scale Shot|p2a: Baxcalibur
|-crit|p2a: Baxcalibur
|-damage|p2a: Baxcalibur|65/100
|-damage|p2a: Baxcalibur|43/100
|-damage|p2a: Baxcalibur|22/100
|-damage|p2a: Baxcalibur|2/100
|-damage|p2a: Baxcalibur|0 fnt
|faint|p2a: Baxcalibur
|-hitcount|p2: Baxcalibur|5
|-unboost|p1b: Dragonite|def|1
|-boost|p1b: Dragonite|spe|1
|
|-heal|p2b: Kingambit|56/100|[from] Grassy Terrain
|upkeep
|
|t:|1757021989
|switch|p2a: Rillaboom|Rillaboom, L50, M|100/100
|switch|p1a: Amoonguss|Amoonguss, L50, F|100/100
|turn|5
|
|t:|1757022004
|move|p1b: Dragonite|Protect|p1b: Dragonite
|-singleturn|p1b: Dragonite|Protect
|move|p2a: Rillaboom|Fake Out|p1a: Amoonguss
|-damage|p1a: Amoonguss|88/100
|move|p2b: Kingambit|Kowtow Cleave|p1a: Amoonguss
|-damage|p1a: Amoonguss|45/100
|-enditem|p1a: Amoonguss|Sitrus Berry|[eat]
|-heal|p1a: Amoonguss|70/100|[from] item: Sitrus Berry
|cant|p1a: Amoonguss|flinch
|
|-heal|p2b: Kingambit|62/100|[from] Grassy Terrain
|-heal|p1a: Amoonguss|76/100|[from] Grassy Terrain
|upkeep
|turn|6
|inactive|DWBC has 30 seconds left.
|
|t:|1757022034
|move|p1b: Dragonite|Scale Shot|p2a: Rillaboom
|-damage|p2a: Rillaboom|81/100
|-damage|p2a: Rillaboom|59/100
|-damage|p2a: Rillaboom|39/100
|-damage|p2a: Rillaboom|19/100
|-hitcount|p2a: Rillaboom|4
|-unboost|p1b: Dragonite|def|1
|-boost|p1b: Dragonite|spe|1
|move|p2a: Rillaboom|High Horsepower|p1a: Amoonguss
|-damage|p1a: Amoonguss|51/100
|move|p2b: Kingambit|Kowtow Cleave|p1a: Amoonguss
|-damage|p1a: Amoonguss|5/100
|move|p1a: Amoonguss|Spore|p2b: Kingambit
|-status|p2b: Kingambit|slp|[from] move: Spore
|
|-heal|p2a: Rillaboom|25/100|[from] Grassy Terrain
|-heal|p2b: Kingambit|67/100 slp|[from] Grassy Terrain
|-heal|p1a: Amoonguss|10/100|[from] Grassy Terrain
|-fieldend|move: Grassy Terrain
|upkeep
|turn|7
|inactive|bimbo mafioso has 30 seconds left.
|inactive|DWBC has 30 seconds left.
|
|t:|1757022068
|move|p1b: Dragonite|Scale Shot|p2a: Rillaboom|[miss]
|-miss|p1b: Dragonite|p2a: Rillaboom
|move|p2a: Rillaboom|Wood Hammer|p1b: Dragonite
|-damage|p1b: Dragonite|9/100
|-damage|p2a: Rillaboom|1/100|[from] Recoil
|cant|p2b: Kingambit|slp
|move|p1a: Amoonguss|Pollen Puff|p2b: Kingambit
|-damage|p2b: Kingambit|48/100 slp
|
|upkeep
|turn|8
|inactive|bimbo mafioso has 30 seconds left.
|inactive|DWBC has 30 seconds left.
|c|☆bimbo mafioso|bruh
|inactive|bimbo mafioso has 20 seconds left.
|inactive|bimbo mafioso has 15 seconds left.
|
|t:|1757022113
|move|p1a: Amoonguss|Protect|p1a: Amoonguss
|-singleturn|p1a: Amoonguss|Protect
|move|p1b: Dragonite|Scale Shot|p2a: Rillaboom
|-damage|p2a: Rillaboom|0 fnt
|faint|p2a: Rillaboom
|-hitcount|p2: Rillaboom|1
|-unboost|p1b: Dragonite|def|1
|-boost|p1b: Dragonite|spe|1
|cant|p2b: Kingambit|slp
|
|upkeep
|turn|9
|
|t:|1757022130
|cant|p2b: Kingambit|slp
|move|p1a: Amoonguss|Rage Powder|p1a: Amoonguss
|-singleturn|p1a: Amoonguss|move: Rage Powder
|move|p1b: Dragonite|Scale Shot|p2b: Kingambit
|-resisted|p2b: Kingambit
|-damage|p2b: Kingambit|39/100 slp
|-resisted|p2b: Kingambit
|-damage|p2b: Kingambit|31/100 slp
|-resisted|p2b: Kingambit
|-damage|p2b: Kingambit|22/100 slp
|-resisted|p2b: Kingambit
|-damage|p2b: Kingambit|14/100 slp
|-hitcount|p2b: Kingambit|4
|-unboost|p1b: Dragonite|def|1
|-boost|p1b: Dragonite|spe|1
|
|upkeep
|turn|10
|
|t:|1757022143
|move|p1a: Amoonguss|Rage Powder|p1a: Amoonguss
|-singleturn|p1a: Amoonguss|move: Rage Powder
|-curestatus|p2b: Kingambit|slp|[msg]
|move|p2b: Kingambit|Sucker Punch||[still]
|-fail|p2b: Kingambit
|move|p1b: Dragonite|Scale Shot|p2b: Kingambit|[miss]
|-miss|p1b: Dragonite|p2b: Kingambit
|
|upkeep
|turn|11
|
|t:|1757022151
|move|p1a: Amoonguss|Rage Powder|p1a: Amoonguss
|-singleturn|p1a: Amoonguss|move: Rage Powder
|move|p1b: Dragonite|Scale Shot|p2b: Kingambit
|-resisted|p2b: Kingambit
|-damage|p2b: Kingambit|5/100
|-resisted|p2b: Kingambit
|-damage|p2b: Kingambit|0 fnt
|faint|p2b: Kingambit
|-hitcount|p2: Kingambit|2
|
|win|bimbo mafioso
||DWBC is ready for game 2.
||bimbo mafioso is ready for game 2.
|uhtml|next|Next: Game 2 of 3
|l|☆DWBC
|player|p2|
