|j|☆FR45
|j|☆LekyS3
|html|FR45LekyS3    
|uhtml|bestof|Game 1 of a best-of-3
|t:|1782608702
|gametype|doubles
|player|p1|FR45|ethan|1192
|player|p2|LekyS3|1|1297
|gen|9
|tier|[Gen 9 Champions] VGC 2026 Reg M-B (Bo3)
|rated|
|rule|Species Clause: Limit one of each Pokémon
|rule|Item Clause: Limit 1 of each item
|clearpoke
|poke|p1|Charizard, L50, M, shiny|
|poke|p1|Garchomp, L50, M|
|poke|p1|Sneasler, L50, M|
|poke|p1|Mawile, L50, M, shiny|
|poke|p1|Venusaur, L50, M|
|poke|p1|Farigiraf, L50, M|
|poke|p2|Sceptile, L50, M|
|poke|p2|Milotic, L50, F|
|poke|p2|Alcremie, L50, F|
|poke|p2|Rotom-Heat, L50|
|poke|p2|Sableye, L50, F|
|poke|p2|Beedrill, L50, M|
|teampreview|4
|showteam|p1|Charizard||CharizarditeY|Blaze|HeatWave,SolarBeam,WeatherBall,Protect|Timid||M|||50|]Garchomp||LifeOrb|RoughSkin|DragonClaw,StompingTantrum,RockSlide,Protect|Jolly||M|||50|]Sneasler||WhiteHerb|Unburden|FakeOut,DireClaw,CloseCombat,Protect|Jolly||M|||50|]Mawile||Mawilite|Intimidate|IronHead,SuckerPunch,PlayRough,Protect|Adamant||M|||50|]Venusaur||FocusSash|Chlorophyll|GigaDrain,SludgeBomb,EarthPower,SleepPowder|Modest||M|||50|]Farigiraf||SitrusBerry|ArmorTail|Psychic,Thunderbolt,Roar,TrickRoom|Quiet||M|||50|
|showteam|p2|Sceptile||Sceptilite|Overgrow|DragonPulse,GigaDrain,Protect,Substitute|Timid||M|||50|]Milotic||Leftovers|Competitive|Hypnosis,Coil,MuddyWater,Recover|Calm||F|||50|]Alcremie||FocusSash|AromaVeil|Decorate,AlluringVoice,Protect,Charm|Timid||F|||50|]Rotom-Heat||ChoiceScarf|Levitate|Discharge,Overheat,VoltSwitch,WillOWisp|Timid|||||50|]Sableye||Sablenite|Prankster|SkillSwap,FakeOut,Encore,Disable|Impish||F|||50|]Beedrill||Beedrillite|Sniper|Uturn,PoisonJab,DualWingbeat,DrillRun|Jolly||M|||50|
|inactive|Battle timer is ON: inactive players will automatically lose when time's up. (requested by FR45)
|inactive|FR45 has 60 seconds left.
|inactive|LekyS3 has 60 seconds left.
|
|t:|1782608757
|teamsize|p1|4
|teamsize|p2|4
|start
|switch|p1a: Garchomp|Garchomp, L50, M|100/100
|switch|p1b: Sneasler|Sneasler, L50, M|100/100
|switch|p2a: Beedrill|Beedrill, L50, M|100/100
|switch|p2b: Rotom|Rotom-Heat, L50|100/100
|turn|1
|inactive|FR45 has 30 seconds left.
|inactive|LekyS3 has 30 seconds left.
|inactive|LekyS3 has 20 seconds left.
|
|t:|1782608795
|switch|p2b: Milotic|Milotic, L50, F|100/100
|switch|p2a: Sableye|Sableye, L50, F|100/100
|move|p1b: Sneasler|Fake Out|p2b: Milotic
|-damage|p2b: Milotic|86/100
|move|p1a: Garchomp|Rock Slide|p2b: Milotic|[spread] p2b
|-miss|p1a: Garchomp|p2a: Sableye
|-damage|p2b: Milotic|57/100
|-damage|p1a: Garchomp|90/100|[from] item: Life Orb
|
|-heal|p2b: Milotic|63/100|[from] item: Leftovers
|upkeep
|turn|2
|
|t:|1782608819
|switch|p1a: Farigiraf|Farigiraf, L50, M|100/100
|move|p2a: Sableye|Skill Swap|p2b: Milotic
|-activate|p2a: Sableye|Skill Swap|||[of] p2b: Milotic
|move|p2b: Milotic|Coil|p2b: Milotic
|-boost|p2b: Milotic|atk|1
|-boost|p2b: Milotic|def|1
|-boost|p2b: Milotic|accuracy|1
|move|p1b: Sneasler|Close Combat|p2b: Milotic
|-damage|p2b: Milotic|22/100
|-unboost|p1b: Sneasler|def|1
|-unboost|p1b: Sneasler|spd|1
|-enditem|p1b: Sneasler|White Herb
|-clearnegativeboost|p1b: Sneasler|[silent]
|
|-heal|p2b: Milotic|28/100|[from] item: Leftovers
|upkeep
|turn|3
|inactive|FR45 has 30 seconds left.
|inactive|LekyS3 has 30 seconds left.
|
|t:|1782608850
|switch|p2a: Rotom|Rotom-Heat, L50|100/100
|move|p2b: Milotic|Recover|p2b: Milotic
|-heal|p2b: Milotic|78/100
|move|p1b: Sneasler|Dire Claw|p2a: Rotom
|-damage|p2a: Rotom|48/100
|move|p1a: Farigiraf|Thunderbolt|p2b: Milotic
|-supereffective|p2b: Milotic|1
|-damage|p2b: Milotic|50/100g
|
|-heal|p2b: Milotic|56/100|[from] item: Leftovers
|upkeep
|turn|4
|
|t:|1782608874
|switch|p2a: Beedrill|Beedrill, L50, M|100/100
|move|p2b: Milotic|Coil|p2b: Milotic
|-boost|p2b: Milotic|atk|1
|-boost|p2b: Milotic|def|1
|-boost|p2b: Milotic|accuracy|1
|move|p1b: Sneasler|Close Combat|p2b: Milotic
|-damage|p2b: Milotic|25/100
|-unboost|p1b: Sneasler|def|1
|-unboost|p1b: Sneasler|spd|1
|move|p1a: Farigiraf|Thunderbolt|p2b: Milotic
|-supereffective|p2b: Milotic|1
|-damage|p2b: Milotic|0 fnt
|faint|p2b: Milotic
|
|upkeep
|inactive|LekyS3 has 30 seconds left.
|
|t:|1782608901
|switch|p2b: Sableye|Sableye, L50, F|100/100
|turn|5
|inactive|LekyS3 has 30 seconds left.
|
|t:|1782608933
|switch|p1b: Charizard|Charizard, L50, M, shiny|100/100
|switch|p2b: Rotom|Rotom-Heat, L50|48/100
|detailschange|p2a: Beedrill|Beedrill-Mega, L50, M
|-mega|p2a: Beedrill|Beedrill|Beedrillite
|move|p2a: Beedrill|U-turn|p1a: Farigiraf
|-supereffective|p1a: Farigiraf|1
|-damage|p1a: Farigiraf|0 fnt
|faint|p1a: Farigiraf
|
|t:|1782608944
|switch|p2a: Sableye|Sableye, L50, F|100/100|[from] U-turn
|
|upkeep
|
|t:|1782608958
|switch|p1a: Sneasler|Sneasler, L50, M|100/100
|turn|6
|
|t:|1782608969
|detailschange|p1b: Charizard|Charizard-Mega-Y, L50, M, shiny
|-mega|p1b: Charizard|Charizard|Charizardite Y
|-weather|SunnyDay|[from] ability: Drought|[of] p1b: Charizard
|move|p1a: Sneasler|Fake Out|p2b: Rotom
|-damage|p2b: Rotom|29/100
|move|p2a: Sableye|Fake Out|p1b: Charizard
|-damage|p1b: Charizard|90/100
|cant|p2b: Rotom|flinch
|cant|p1b: Charizard|flinch
|
|-weather|SunnyDay|[upkeep]
|upkeep
|turn|7
|inactive|FR45 has 30 seconds left.
|
|t:|1782609001
|switch|p1a: Garchomp|Garchomp, L50, M|90/100
|move|p1b: Charizard|Protect|p1b: Charizard
|-singleturn|p1b: Charizard|Protect
|move|p2a: Sableye|Encore||[still]
|-fail|p2a: Sableye
|move|p2b: Rotom|Discharge|p1a: Garchomp|[spread] p2a
|-activate|p1b: Charizard|move: Protect
|-immune|p1a: Garchomp
|-damage|p2a: Sableye|65/100
|
|-weather|SunnyDay|[upkeep]
|upkeep
|turn|8
|
|t:|1782609022
|switch|p1b: Sneasler|Sneasler, L50, M|100/100
|move|p2a: Sableye|Encore||[still]
|-fail|p2a: Sableye
|move|p2b: Rotom|Discharge|p1a: Garchomp|[spread] p2a,p1b
|-immune|p1a: Garchomp
|-damage|p2a: Sableye|31/100
|-damage|p1b: Sneasler|67/100
|move|p1a: Garchomp|Rock Slide|p2a: Sableye|[spread] p2a,p2b
|-supereffective|p2b: Rotom|1
|-damage|p2a: Sableye|0 fnt
|-damage|p2b: Rotom|0 fnt
|faint|p2a: Sableye
|faint|p2b: Rotom
|-damage|p1a: Garchomp|80/100|[from] item: Life Orb
|
|-weather|SunnyDay|[upkeep]
|upkeep
|
|t:|1782609026
|switch|p2b: Beedrill|Beedrill-Mega, L50, M|100/100
|turn|9
|
|t:|1782609042
|move|p1b: Sneasler|Fake Out|p2b: Beedrill
|-damage|p2b: Beedrill|64/100
|cant|p2b: Beedrill|flinch
|move|p1a: Garchomp|Rock Slide|p2b: Beedrill
|-supereffective|p2b: Beedrill|1
|-damage|p2b: Beedrill|0 fnt
|faint|p2b: Beedrill
|-damage|p1a: Garchomp|71/100|[from] item: Life Orb
|
|win|FR45
