|j|☆Ake295
|j|☆Jaybee394
|html|Ake295Jaybee394    
|uhtml|bestof|Game 3 of a best-of-3
|t:|1757668556
|gametype|doubles
|player|p1|Ake295|266|1112
|player|p2|Jaybee394|265|1096
|gen|9
|tier|[Gen 9] VGC 2025 Reg H (Bo3)
|rated|
|rule|Species Clause: Limit one of each Pokémon
|rule|Item Clause: Limit 1 of each item
|clearpoke
|poke|p1|Kingambit, L50, F|
|poke|p1|Rillaboom, L50, M|
|poke|p1|Electabuzz, L50, F|
|poke|p1|Sneasler, L50, M|
|poke|p1|Dragonite, L50, F|
|poke|p1|Volcarona, L50, F|
|poke|p2|Volcarona, L50, F|
|poke|p2|Ninetales-Alola, L50, M|
|poke|p2|Kingambit, L50, M|
|poke|p2|Rillaboom, L50, F|
|poke|p2|Sneasler, L50, M|
|poke|p2|Electabuzz, L50, M|
|teampreview|4
|showteam|p1|Kingambit||BlackGlasses|Defiant|KowtowCleave,SuckerPunch,SwordsDance,Protect|||F|||50|,,,,,Ghost]Rillaboom||AssaultVest|GrassySurge|WoodHammer,GrassyGlide,FakeOut,HighHorsepower|||M|||50|,,,,,Fire]Electabuzz||Eviolite|VitalSpirit|Electroweb,Taunt,FollowMe,Protect|||F|||50|,,,,,Ghost]Sneasler||FocusSash|PoisonTouch|CloseCombat,DireClaw,FakeOut,Coaching|||M|||50|,,,,,Stellar]Dragonite||LoadedDice|Multiscale|Protect,ScaleShot,Haze,ExtremeSpeed|||F|||50|,,,,,Fairy]Volcarona||Leftovers|FlameBody|HeatWave,TeraBlast,QuiverDance,Protect|||F|||50|,,,,,Fairy
|showteam|p2|Volcarona||LifeOrb|FlameBody|HeatWave,TeraBlast,Protect,QuiverDance|||F|||50|,,,,,Water]Ninetales-Alola||ChoiceSpecs|SnowWarning|Blizzard,Moonblast,AuroraVeil,FreezeDry|||M|||50|,,,,,Water]Kingambit||SafetyGoggles|Defiant|SuckerPunch,KowtowCleave,Protect,SwordsDance|||M|||50|,,,,,Dark]Rillaboom||AssaultVest|GrassySurge|WoodHammer,GrassyGlide,FakeOut,HighHorsepower|||F|||50|,,,,,Fire]Sneasler||FocusSash|Unburden|DireClaw,CloseCombat,FakeOut,Protect|||M|||50|,,,,,Stellar]Electabuzz||Eviolite|VitalSpirit|Electroweb,FollowMe,Taunt,Protect|||M|||50|,,,,,Ghost
|inactive|Battle timer is ON: inactive players will automatically lose when time's up. (requested by Ake295)
|inactive|Jaybee394 has 60 seconds left.
|
|t:|1757668624
|teamsize|p1|4
|teamsize|p2|4
|start
|switch|p1a: Sneasler|Sneasler, L50, M|100/100
|switch|p1b: Volcarona|Volcarona, L50, F|100/100
|switch|p2a: Sneasler|Sneasler, L50, M|100/100
|switch|p2b: Volcarona|Volcarona, L50, F|100/100
|turn|1
|
|t:|1757668643
|move|p1a: Sneasler|Fake Out|p2b: Volcarona
|-damage|p2b: Volcarona|84/100
|-status|p1a: Sneasler|brn|[from] ability: Flame Body|[of] p2b: Volcarona
|move|p2a: Sneasler|Fake Out|p1a: Sneasler
|-damage|p1a: Sneasler|74/100 brn
|cant|p2b: Volcarona|flinch
|move|p1b: Volcarona|Quiver Dance|p1b: Volcarona
|-boost|p1b: Volcarona|spa|1
|-boost|p1b: Volcarona|spd|1
|-boost|p1b: Volcarona|spe|1
|
|-damage|p1a: Sneasler|68/100 brn|[from] brn
|upkeep
|turn|2
|inactive|Ake295 has 30 seconds left.
|inactive|Jaybee394 has 30 seconds left.
|
|t:|1757668674
|move|p1b: Volcarona|Heat Wave|p2b: Volcarona|[spread] p2a,p2b
|-crit|p2b: Volcarona
|-damage|p2a: Sneasler|24/100
|-damage|p2b: Volcarona|12/100
|move|p2a: Sneasler|Dire Claw|p1b: Volcarona
|-damage|p1b: Volcarona|53/100
|-status|p1b: Volcarona|par
|move|p1a: Sneasler|Dire Claw|p2b: Volcarona
|-damage|p2b: Volcarona|0 fnt
|faint|p2b: Volcarona
|
|-heal|p1b: Volcarona|59/100 par|[from] item: Leftovers
|-damage|p1a: Sneasler|62/100 brn|[from] brn
|upkeep
|inactive|Jaybee394 has 30 seconds left.
|
|t:|1757668701
|switch|p2b: Electabuzz|Electabuzz, L50, M|100/100
|turn|3
|
|t:|1757668723
|switch|p1a: Rillaboom|Rillaboom, L50, M|100/100
|-fieldstart|move: Grassy Terrain|[from] ability: Grassy Surge|[of] p1a: Rillaboom
|move|p2a: Sneasler|Protect|p2a: Sneasler
|-singleturn|p2a: Sneasler|Protect
|move|p2b: Electabuzz|Electroweb|p1b: Volcarona|[spread] p1a,p1b
|-resisted|p1a: Rillaboom
|-damage|p1a: Rillaboom|95/100
|-damage|p1b: Volcarona|51/100 par
|-unboost|p1a: Rillaboom|spe|1
|-unboost|p1b: Volcarona|spe|1
|move|p1b: Volcarona|Heat Wave|p2b: Electabuzz|[spread] p2b
|-activate|p2a: Sneasler|move: Protect
|-damage|p2b: Electabuzz|55/100
|-status|p2b: Electabuzz|brn
|
|-heal|p2a: Sneasler|29/100|[from] Grassy Terrain
|-heal|p2b: Electabuzz|60/100 brn|[from] Grassy Terrain
|-heal|p1a: Rillaboom|100/100|[from] Grassy Terrain
|-heal|p1b: Volcarona|57/100 par|[from] Grassy Terrain
|-heal|p1b: Volcarona|64/100 par|[from] item: Leftovers
|-damage|p2b: Electabuzz|55/100 brn|[from] brn
|upkeep
|turn|4
|inactive|Ake295 has 30 seconds left.
|inactive|Jaybee394 has 30 seconds left.
|inactive|Jaybee394 has 20 seconds left.
|inactive|Jaybee394 has 15 seconds left.
|
|t:|1757668763
|switch|p2a: Ninetales|Ninetales-Alola, L50, M|100/100
|-weather|Snowscape|[from] ability: Snow Warning|[of] p2a: Ninetales
|move|p2b: Electabuzz|Protect|p2b: Electabuzz
|-singleturn|p2b: Electabuzz|Protect
|move|p1a: Rillaboom|Fake Out|p2a: Ninetales
|-damage|p2a: Ninetales|88/100
|move|p1b: Volcarona|Quiver Dance|p1b: Volcarona
|-boost|p1b: Volcarona|spa|1
|-boost|p1b: Volcarona|spd|1
|-boost|p1b: Volcarona|spe|1
|
|-weather|Snowscape|[upkeep]
|-heal|p2a: Ninetales|94/100|[from] Grassy Terrain
|-heal|p2b: Electabuzz|60/100 brn|[from] Grassy Terrain
|-heal|p1b: Volcarona|70/100 par|[from] Grassy Terrain
|-heal|p1b: Volcarona|76/100 par|[from] item: Leftovers
|-damage|p2b: Electabuzz|55/100 brn|[from] brn
|upkeep
|turn|5
|inactive|Ake295 has 30 seconds left.
|inactive|Jaybee394 has 30 seconds left.
|inactive|Jaybee394 has 20 seconds left.
|inactive|Jaybee394 has 15 seconds left.
|inactive|Jaybee394 has 10 seconds left.
|
|t:|1757668813
|-terastallize|p2a: Ninetales|Water
|-terastallize|p1a: Rillaboom|Fire
|move|p2b: Electabuzz|Follow Me|p2b: Electabuzz
|-singleturn|p2b: Electabuzz|move: Follow Me
|move|p1a: Rillaboom|Grassy Glide|p2b: Electabuzz
|-damage|p2b: Electabuzz|17/100 brn
|move|p2a: Ninetales|Moonblast|p1b: Volcarona
|-resisted|p1b: Volcarona
|-damage|p1b: Volcarona|67/100 par
|-unboost|p1b: Volcarona|spa|1
|move|p1b: Volcarona|Heat Wave|p2b: Electabuzz|[spread] p2a,p2b
|-resisted|p2a: Ninetales
|-damage|p2a: Ninetales|68/100
|-damage|p2b: Electabuzz|0 fnt
|faint|p2b: Electabuzz
|
|-weather|Snowscape|[upkeep]
|-heal|p2a: Ninetales|74/100|[from] Grassy Terrain
|-heal|p1b: Volcarona|73/100 par|[from] Grassy Terrain
|-heal|p1b: Volcarona|79/100 par|[from] item: Leftovers
|upkeep
|c|☆Jaybee394|gg
|
|t:|1757668831
|switch|p2b: Sneasler|Sneasler, L50, M|29/100
|turn|6
|
|t:|1757668850
|switch|p1a: Electabuzz|Electabuzz, L50, F|100/100
|move|p1b: Volcarona|Protect|p1b: Volcarona
|-singleturn|p1b: Volcarona|Protect
|move|p2b: Sneasler|Dire Claw|p1b: Volcarona
|-activate|p1b: Volcarona|move: Protect
|move|p2a: Ninetales|Moonblast|p1a: Electabuzz
|-damage|p1a: Electabuzz|65/100
|-unboost|p1a: Electabuzz|spa|1
|
|-weather|Snowscape|[upkeep]
|-heal|p2b: Sneasler|35/100|[from] Grassy Terrain
|-heal|p2a: Ninetales|80/100|[from] Grassy Terrain
|-heal|p1a: Electabuzz|71/100|[from] Grassy Terrain
|-heal|p1b: Volcarona|85/100 par|[from] Grassy Terrain
|-heal|p1b: Volcarona|92/100 par|[from] item: Leftovers
|upkeep
|turn|7
|inactive|Jaybee394 has 30 seconds left.
|
|t:|1757668882
|move|p1a: Electabuzz|Follow Me|p1a: Electabuzz
|-singleturn|p1a: Electabuzz|move: Follow Me
|move|p2b: Sneasler|Close Combat|p1a: Electabuzz
|-damage|p1a: Electabuzz|26/100
|-unboost|p2b: Sneasler|def|1
|-unboost|p2b: Sneasler|spd|1
|move|p2a: Ninetales|Moonblast|p1a: Electabuzz
|-damage|p1a: Electabuzz|0 fnt
|faint|p1a: Electabuzz
|move|p1b: Volcarona|Heat Wave|p2b: Sneasler|[spread] p2a
|-miss|p1b: Volcarona|p2b: Sneasler
|-resisted|p2a: Ninetales
|-damage|p2a: Ninetales|53/100
|
|-weather|Snowscape|[upkeep]
|-heal|p2b: Sneasler|41/100|[from] Grassy Terrain
|-heal|p2a: Ninetales|59/100|[from] Grassy Terrain
|-heal|p1b: Volcarona|98/100 par|[from] Grassy Terrain
|-heal|p1b: Volcarona|100/100 par|[from] item: Leftovers
|-fieldend|move: Grassy Terrain
|upkeep
|
|t:|1757668899
|switch|p1a: Rillaboom|Rillaboom, L50, M, tera:Fire|100/100
|-fieldstart|move: Grassy Terrain|[from] ability: Grassy Surge|[of] p1a: Rillaboom
|turn|8
|inactive|Jaybee394 has 30 seconds left.
|inactive|Jaybee394 has 20 seconds left.
|inactive|Jaybee394 has 15 seconds left.
|
|t:|1757668941
|move|p1a: Rillaboom|Grassy Glide|p2a: Ninetales
|-supereffective|p2a: Ninetales
|-damage|p2a: Ninetales|0 fnt
|faint|p2a: Ninetales
|move|p2b: Sneasler|Close Combat|p1a: Rillaboom
|-damage|p1a: Rillaboom|37/100
|-unboost|p2b: Sneasler|def|1
|-unboost|p2b: Sneasler|spd|1
|cant|p1b: Volcarona|par
|
|-weather|none
|-heal|p2b: Sneasler|47/100|[from] Grassy Terrain
|-heal|p1a: Rillaboom|43/100|[from] Grassy Terrain
|upkeep
|turn|9
|
|t:|1757668964
|move|p1a: Rillaboom|Grassy Glide|p2b: Sneasler
|-resisted|p2b: Sneasler
|-damage|p2b: Sneasler|0 fnt
|faint|p2b: Sneasler
|
|win|Ake295
|raw|Ake295's rating: 1112 → 1136(+24 for winning)
|raw|Jaybee394's rating: 1096 → 1073(-23 for losing)
|c|☆Ake295|gg
|c|☆Jaybee394|gg
