|j|☆TEST06232026
|j|☆idolhunter28273
|html|TEST06232026idolhunter28273    
|uhtml|bestof|Game 1 of a best-of-3
|t:|1782266019
|gametype|doubles
|player|p1|TEST06232026|170|1000
|player|p2|idolhunter28273|1|1000
|gen|9
|tier|[Gen 9 Champions] VGC 2026 Reg M-B (Bo3)
|rated|
|rule|Species Clause: Limit one of each Pokémon
|rule|Item Clause: Limit 1 of each item
|clearpoke
|poke|p1|Metagross, L50|
|poke|p1|Staraptor, L50, F|
|poke|p1|Skeledirge, L50, M|
|poke|p1|Ninetales-Alola, L50, M|
|poke|p1|Rotom-Wash, L50|
|poke|p1|Garchomp, L50, M|
|poke|p2|Staraptor, L50, M|
|poke|p2|Floette-Eternal, L50, F|
|poke|p2|Kingambit, L50, M|
|poke|p2|Sinistcha-Masterpiece, L50|
|poke|p2|Incineroar, L50, F|
|poke|p2|Gholdengo, L50|
|teampreview|4
|showteam|p1|Metagross||Metagrossite|ClearBody|MeteorMash,PsychicFangs,RockSlide,Protect|Adamant|||||50|]Staraptor||Staraptite|Intimidate|CloseCombat,DualWingbeat,Roost,Protect|Jolly||F|||50|]Skeledirge||LifeOrb|Unaware|TorchSong,ShadowBall,EarthPower,Protect|Modest||M|||50|]Ninetales-Alola||FocusSash|SnowWarning|FreezeDry,Blizzard,AuroraVeil,Protect|Timid||M|||50|]Rotom-Wash||SitrusBerry|Levitate|Thunderbolt,HydroPump,WillOWisp,EerieImpulse|Modest|||||50|]Garchomp||ChoiceScarf|RoughSkin|StompingTantrum,Earthquake,DragonClaw,RockSlide|Adamant||M|||50|
|showteam|p2|Staraptor||Staraptite|Intimidate|CloseCombat,BraveBird,Roost,Protect|Adamant||M|||50|]Floette-Eternal||Floettite|FlowerVeil|Moonblast,DazzlingGleam,CalmMind,Protect|Modest||F|||50|]Kingambit||BlackGlasses|Defiant|SuckerPunch,KowtowCleave,IronHead,Protect|Adamant||M|||50|]Sinistcha-Masterpiece||SitrusBerry|Hospitality|MatchaGotcha,RagePowder,LifeDew,TrickRoom|Relaxed|||||50|]Incineroar||ChopleBerry|Intimidate|FakeOut,FlareBlitz,ThroatChop,PartingShot|Adamant||F|||50|]Gholdengo||LifeOrb|GoodasGold|MakeItRain,ShadowBall,NastyPlot,Protect|Timid|||||50|
|inactive|Battle timer is ON: inactive players will automatically lose when time's up. (requested by idolhunter28273)
|inactive|TEST06232026 has 60 seconds left.
|inactive|idolhunter28273 has 60 seconds left.
|
|t:|1782266074
|teamsize|p1|4
|teamsize|p2|4
|start
|switch|p1a: Ninetales|Ninetales-Alola, L50, M|100/100
|switch|p1b: Metagross|Metagross, L50|100/100
|switch|p2a: Incineroar|Incineroar, L50, F|100/100
|switch|p2b: Sinistcha|Sinistcha-Masterpiece, L50|100/100
|-weather|Snowscape|[from] ability: Snow Warning|[of] p1a: Ninetales
|-ability|p2a: Incineroar|Intimidate|boost
|-unboost|p1a: Ninetales|atk|1
|-fail|p1b: Metagross|unboost|[from] ability: Clear Body|[of] p1b: Metagross
|turn|1
|
|t:|1782266090
|switch|p2b: Kingambit|Kingambit, L50, M|100/100
|move|p1a: Ninetales|Protect|p1a: Ninetales
|-singleturn|p1a: Ninetales|Protect
|move|p1b: Metagross|Protect|p1b: Metagross
|-singleturn|p1b: Metagross|Protect
|move|p2a: Incineroar|Fake Out|p1b: Metagross
|-activate|p1b: Metagross|move: Protect
|
|-weather|Snowscape|[upkeep]
|upkeep
|turn|2
|inactive|idolhunter28273 has 30 seconds left.
|
|t:|1782266121
|switch|p1b: Rotom|Rotom-Wash, L50|100/100
|move|p1a: Ninetales|Aurora Veil|p1a: Ninetales
|-sidestart|p1: TEST06232026|move: Aurora Veil
|move|p2a: Incineroar|Parting Shot|p1b: Rotom
|-unboost|p1b: Rotom|atk|1
|-unboost|p1b: Rotom|spa|1
|
|t:|1782266127
|switch|p2a: Floette|Floette-Eternal, L50, F|100/100|[from] Parting Shot
|move|p2b: Kingambit|Kowtow Cleave|p1b: Rotom
|-damage|p1b: Rotom|60/100
|
|-weather|Snowscape|[upkeep]
|upkeep
|turn|3
|
|t:|1782266145
|switch|p2a: Incineroar|Incineroar, L50, F|100/100
|-ability|p2a: Incineroar|Intimidate|boost
|-unboost|p1a: Ninetales|atk|1
|-unboost|p1b: Rotom|atk|1
|move|p1a: Ninetales|Protect|p1a: Ninetales
|-singleturn|p1a: Ninetales|Protect
|move|p1b: Rotom|Eerie Impulse|p2a: Incineroar
|-unboost|p2a: Incineroar|spa|2
|move|p2b: Kingambit|Iron Head|p1a: Ninetales
|-activate|p1a: Ninetales|move: Protect
|
|-weather|Snowscape|[upkeep]
|upkeep
|turn|4
|
|t:|1782266164
|switch|p1a: Metagross|Metagross, L50|100/100
|move|p2a: Incineroar|Fake Out|p1b: Rotom
|-damage|p1b: Rotom|52/100
|cant|p1b: Rotom|flinch
|move|p2b: Kingambit|Kowtow Cleave|p1b: Rotom
|-damage|p1b: Rotom|12/100
|-enditem|p1b: Rotom|Sitrus Berry|[eat]
|-heal|p1b: Rotom|37/100|[from] item: Sitrus Berry
|
|-weather|Snowscape|[upkeep]
|upkeep
|turn|5
|
|t:|1782266181
|move|p1a: Metagross|Protect|p1a: Metagross
|-singleturn|p1a: Metagross|Protect
|move|p1b: Rotom|Will-O-Wisp|p2b: Kingambit
|-status|p2b: Kingambit|brn
|move|p2a: Incineroar|Parting Shot|p1a: Metagross
|-activate|p1a: Metagross|move: Protect
|move|p2b: Kingambit|Kowtow Cleave|p1b: Rotom
|-damage|p1b: Rotom|18/100
|
|-weather|none
|-damage|p2b: Kingambit|94/100 brn|[from] brn
|upkeep
|turn|6
|inactive|TEST06232026 has 30 seconds left.
|
|t:|1782266216
|switch|p1a: Ninetales|Ninetales-Alola, L50, M|100/100
|-weather|Snowscape|[from] ability: Snow Warning|[of] p1a: Ninetales
|move|p1b: Rotom|Hydro Pump|p2b: Kingambit
|-damage|p2b: Kingambit|70/100 brn
|move|p2a: Incineroar|Flare Blitz|p1a: Ninetales
|-supereffective|p1a: Ninetales|1
|-damage|p1a: Ninetales|24/100
|-damage|p2a: Incineroar|81/100|[from] Recoil
|move|p2b: Kingambit|Kowtow Cleave|p1a: Ninetales
|-resisted|p1a: Ninetales|1
|-damage|p1a: Ninetales|16/100
|
|-weather|Snowscape|[upkeep]
|-damage|p2b: Kingambit|64/100 brn|[from] brn
|-sideend|p1: TEST06232026|move: Aurora Veil
|upkeep
|turn|7
|inactive|idolhunter28273 has 30 seconds left.
|
|t:|1782266245
|switch|p2a: Sinistcha|Sinistcha-Masterpiece, L50|100/100
|-heal|p2b: Kingambit|89/100 brn|[from] ability: Hospitality|[of] p2a: Sinistcha
|move|p1a: Ninetales|Blizzard|p2b: Kingambit|[spread] p2a,p2b
|-supereffective|p2a: Sinistcha|1
|-resisted|p2b: Kingambit|1
|-damage|p2a: Sinistcha|22/100
|-damage|p2b: Kingambit|76/100 brn
|-enditem|p2a: Sinistcha|Sitrus Berry|[eat]
|-heal|p2a: Sinistcha|47/100|[from] item: Sitrus Berry
|move|p1b: Rotom|Hydro Pump|p2a: Sinistcha
|-resisted|p2a: Sinistcha|1
|-damage|p2a: Sinistcha|25/100
|move|p2b: Kingambit|Iron Head|p1a: Ninetales
|-supereffective|p1a: Ninetales|2
|-damage|p1a: Ninetales|0 fnt
|faint|p1a: Ninetales
|
|-weather|Snowscape|[upkeep]
|-damage|p2b: Kingambit|70/100 brn|[from] brn
|upkeep
|
|t:|1782266261
|switch|p1a: Skeledirge|Skeledirge, L50, M|100/100
|turn|8
|
|t:|1782266285
|switch|p2a: Incineroar|Incineroar, L50, F|81/100
|-ability|p2a: Incineroar|Intimidate|boost
|-unboost|p1a: Skeledirge|atk|1
|-unboost|p1b: Rotom|atk|1
|move|p2b: Kingambit|Protect|p2b: Kingambit
|-singleturn|p2b: Kingambit|Protect
|move|p1b: Rotom|Thunderbolt|p2a: Incineroar
|-damage|p2a: Incineroar|61/100
|move|p1a: Skeledirge|Earth Power|p2b: Kingambit
|-activate|p2b: Kingambit|move: Protect
|
|-weather|Snowscape|[upkeep]
|-damage|p2b: Kingambit|64/100 brn|[from] brn
|upkeep
|turn|9
|
|t:|1782266304
|switch|p2b: Sinistcha|Sinistcha-Masterpiece, L50|25/100
|-heal|p2a: Incineroar|86/100|[from] ability: Hospitality|[of] p2b: Sinistcha
|move|p1b: Rotom|Hydro Pump|p2a: Incineroar
|-supereffective|p2a: Incineroar|1
|-damage|p2a: Incineroar|36/100
|move|p1a: Skeledirge|Torch Song|p2b: Sinistcha
|-supereffective|p2b: Sinistcha|1
|-damage|p2b: Sinistcha|0 fnt
|-boost|p1a: Skeledirge|spa|1
|faint|p2b: Sinistcha
|-damage|p1a: Skeledirge|90/100|[from] item: Life Orb
|move|p2a: Incineroar|Throat Chop|p1a: Skeledirge
|-supereffective|p1a: Skeledirge|1
|-damage|p1a: Skeledirge|23/100
|-start|p1a: Skeledirge|Throat Chop|[silent]
|
|-weather|Snowscape|[upkeep]
|upkeep
|
|t:|1782266317
|switch|p2b: Kingambit|Kingambit, L50, M|64/100 brn
|turn|10
|
|t:|1782266331
|move|p2b: Kingambit|Sucker Punch|p1b: Rotom
|-damage|p1b: Rotom|0 fnt
|faint|p1b: Rotom
|move|p1a: Skeledirge|Earth Power|p2a: Incineroar
|-supereffective|p2a: Incineroar|1
|-damage|p2a: Incineroar|0 fnt
|faint|p2a: Incineroar
|-damage|p1a: Skeledirge|13/100|[from] item: Life Orb
|
|-weather|none
|-damage|p2b: Kingambit|58/100 brn|[from] brn
|-end|p1a: Skeledirge|Throat Chop|[silent]
|upkeep
|
|t:|1782266340
|switch|p1b: Metagross|Metagross, L50|100/100
|switch|p2a: Floette|Floette-Eternal, L50, F|100/100
|turn|11
|
|t:|1782266352
|detailschange|p2a: Floette|Floette-Mega, L50, F
|-mega|p2a: Floette|Floette|Floettite
|-ability|p2a: Floette|Fairy Aura
|detailschange|p1b: Metagross|Metagross-Mega, L50
|-mega|p1b: Metagross|Metagross|Metagrossite
|move|p1a: Skeledirge|Protect|p1a: Skeledirge
|-singleturn|p1a: Skeledirge|Protect
|move|p2b: Kingambit|Sucker Punch||[still]
|-fail|p2b: Kingambit
|move|p2a: Floette|Dazzling Gleam|p1b: Metagross|[spread] p1b
|-activate|p1a: Skeledirge|move: Protect
|-resisted|p1b: Metagross|1
|-damage|p1b: Metagross|79/100
|move|p1b: Metagross|Meteor Mash|p2a: Floette
|-supereffective|p2a: Floette|1
|-damage|p2a: Floette|0 fnt
|faint|p2a: Floette
|
|-damage|p2b: Kingambit|53/100 brn|[from] brn
|upkeep
|turn|12
|
|t:|1782266372
|move|p1b: Metagross|Protect|p1b: Metagross
|-singleturn|p1b: Metagross|Protect
|move|p2b: Kingambit|Protect|p2b: Kingambit
|-singleturn|p2b: Kingambit|Protect
|move|p1a: Skeledirge|Torch Song|p2b: Kingambit
|-activate|p2b: Kingambit|move: Protect
|
|-damage|p2b: Kingambit|47/100 brn|[from] brn
|upkeep
|turn|13
|
|t:|1782266384
|move|p1b: Metagross|Protect||[still]
|-fail|p1b: Metagross
|move|p1a: Skeledirge|Protect|p1a: Skeledirge
|-singleturn|p1a: Skeledirge|Protect
|move|p2b: Kingambit|Kowtow Cleave|p1b: Metagross
|-supereffective|p1b: Metagross|1
|-damage|p1b: Metagross|42/100
|
|-damage|p2b: Kingambit|41/100 brn|[from] brn
|upkeep
|turn|14
|
|t:|1782266394
|move|p1b: Metagross|Protect|p1b: Metagross
|-singleturn|p1b: Metagross|Protect
|move|p2b: Kingambit|Sucker Punch|p1a: Skeledirge
|-supereffective|p1a: Skeledirge|1
|-damage|p1a: Skeledirge|0 fnt
|faint|p1a: Skeledirge
|
|-damage|p2b: Kingambit|35/100 brn|[from] brn
|upkeep
|turn|15
|
|t:|1782266403
|move|p1b: Metagross|Meteor Mash|p2b: Kingambit
|-resisted|p2b: Kingambit|1
|-damage|p2b: Kingambit|10/100 brn
|move|p2b: Kingambit|Kowtow Cleave|p1b: Metagross
|-supereffective|p1b: Metagross|1
|-damage|p1b: Metagross|6/100
|
|-damage|p2b: Kingambit|4/100 brn|[from] brn
|upkeep
|turn|16
|
|t:|1782266412
|move|p1b: Metagross|Protect|p1b: Metagross
|-singleturn|p1b: Metagross|Protect
|move|p2b: Kingambit|Sucker Punch||[still]
|-fail|p2b: Kingambit
|
|-damage|p2b: Kingambit|0 fnt|[from] brn
|faint|p2b: Kingambit
|
|win|TEST06232026
||idolhunter28273 is ready for game 2.
