|j|☆Nachom2003
|j|☆tooon
|html|Nachom2003tooon    
|uhtml|bestof|Game 1 of a best-of-3
|t:|1784086821
|gametype|doubles
|player|p1|Nachom2003|169|1171
|player|p2|tooon|gambler|1243
|gen|9
|tier|[Gen 9 Champions] VGC 2026 Reg M-B (Bo3)
|rated|
|rule|Species Clause: Limit one of each Pokémon
|rule|Item Clause: Limit 1 of each item
|clearpoke
|poke|p1|Floette-Eternal, L50, F|
|poke|p1|Incineroar, L50, M|
|poke|p1|Sneasler, L50, M|
|poke|p1|Hydreigon, L50, F|
|poke|p1|Sinistcha, L50|
|poke|p1|Basculegion, L50, M, shiny|
|poke|p2|Tyranitar, L50, M|
|poke|p2|Excadrill, L50, M|
|poke|p2|Milotic, L50, F|
|poke|p2|Sinistcha, L50|
|poke|p2|Staraptor, L50, M|
|poke|p2|Gholdengo, L50|
|teampreview|4
|showteam|p1|Floette-Eternal||Floettite|FlowerVeil|Protect,CalmMind,DrainingKiss,DazzlingGleam|Modest||F|||50|]Incineroar||PasshoBerry|Intimidate|DarkestLariat,FakeOut,PartingShot,FlareBlitz|Impish||M|||50|]Sneasler||FocusSash|Unburden|FakeOut,RockSlide,DireClaw,CloseCombat|Adamant||M|||50|]Hydreigon||SitrusBerry|Levitate|Protect,Flamethrower,DarkPulse,Tailwind|Modest||F|||50|]Sinistcha||OccaBerry|Hospitality|MatchaGotcha,TrickRoom,RagePowder,LifeDew|Calm|||||50|]Basculegion||ChoiceScarf|Adaptability|AquaJet,FlipTurn,LastRespects,WaveCrash|Jolly||M|||50|
|showteam|p2|Tyranitar||Tyranitarite|SandStream|KnockOff,RockSlide,IcePunch,Protect|Adamant||M|||50|]Excadrill||FocusSash|SandRush|Earthquake,IronHead,RockSlide,Protect|Adamant||M|||50|]Milotic||SitrusBerry|Competitive|Scald,IcyWind,Haze,Protect|Calm||F|||50|]Sinistcha||ColburBerry|Hospitality|MatchaGotcha,ShadowBall,Protect,RagePowder|Bold|||||50|]Staraptor||Staraptite|Intimidate|CloseCombat,BraveBird,Tailwind,Protect|Jolly||M|||50|]Gholdengo||LifeOrb|GoodasGold|MakeItRain,ShadowBall,NastyPlot,Protect|Modest|||||50|
|
|t:|1784086878
|teamsize|p1|4
|teamsize|p2|4
|start
|switch|p1a: Sneasler|Sneasler, L50, M|100/100
|switch|p1b: Hydreigon|Hydreigon, L50, F|100/100
|switch|p2a: Gholdengo|Gholdengo, L50|100/100
|switch|p2b: Milotic|Milotic, L50, F|100/100
|turn|1
|
|t:|1784086903
|move|p2a: Gholdengo|Protect|p2a: Gholdengo
|-singleturn|p2a: Gholdengo|Protect
|move|p1a: Sneasler|Fake Out|p2b: Milotic
|-damage|p2b: Milotic|87/100
|move|p1b: Hydreigon|Tailwind|p1b: Hydreigon
|-sidestart|p1: Nachom2003|move: Tailwind
|cant|p2b: Milotic|flinch
|
|upkeep
|turn|2
|
|t:|1784086921
|switch|p2a: Sinistcha|Sinistcha, L50|100/100
|-heal|p2b: Milotic|100/100|[from] ability: Hospitality|[of] p2a: Sinistcha
|move|p1a: Sneasler|Dire Claw|p2b: Milotic
|-damage|p2b: Milotic|59/100
|move|p1b: Hydreigon|Dark Pulse|p2a: Sinistcha
|-supereffective|p2a: Sinistcha|1
|-enditem|p2a: Sinistcha|Colbur Berry|[eat]
|-enditem|p2a: Sinistcha|Colbur Berry|[weaken]
|-damage|p2a: Sinistcha|62/100
|move|p2b: Milotic|Scald|p1a: Sneasler
|-damage|p1a: Sneasler|62/100
|
|upkeep
|turn|3
|
|t:|1784086947
|switch|p1a: Floette|Floette-Eternal, L50, F|100/100
|move|p2a: Sinistcha|Rage Powder|p2a: Sinistcha
|-singleturn|p2a: Sinistcha|move: Rage Powder
|move|p1b: Hydreigon|Dark Pulse|p2a: Sinistcha
|-supereffective|p2a: Sinistcha|1
|-damage|p2a: Sinistcha|0 fnt
|faint|p2a: Sinistcha
|move|p2b: Milotic|Icy Wind|p1b: Hydreigon|[spread] p1a,p1b
|-supereffective|p1b: Hydreigon|1
|-damage|p1a: Floette|91/100
|-damage|p1b: Hydreigon|83/100
|-unboost|p1a: Floette|spe|1
|-unboost|p1b: Hydreigon|spe|1
|
|upkeep
|
|t:|1784086961
|switch|p2a: Gholdengo|Gholdengo, L50|100/100
|turn|4
|
|t:|1784086977
|detailschange|p1a: Floette|Floette-Mega, L50, F
|-mega|p1a: Floette|Floette|Floettite
|-ability|p1a: Floette|Fairy Aura
|move|p1a: Floette|Calm Mind|p1a: Floette
|-boost|p1a: Floette|spa|1
|-boost|p1a: Floette|spd|1
|move|p1b: Hydreigon|Dark Pulse|p2a: Gholdengo
|-supereffective|p2a: Gholdengo|1
|-damage|p2a: Gholdengo|1/100
|move|p2a: Gholdengo|Nasty Plot|p2a: Gholdengo
|-boost|p2a: Gholdengo|spa|2
|move|p2b: Milotic|Icy Wind|p1b: Hydreigon|[spread] p1a,p1b
|-supereffective|p1b: Hydreigon|1
|-damage|p1a: Floette|86/100
|-damage|p1b: Hydreigon|66/100
|-unboost|p1a: Floette|spe|1
|-unboost|p1b: Hydreigon|spe|1
|
|-sideend|p1: Nachom2003|move: Tailwind
|upkeep
|turn|5
|
|t:|1784087004
|switch|p2b: Staraptor|Staraptor, L50, M|100/100
|-ability|p2b: Staraptor|Intimidate|boost
|-unboost|p1a: Floette|atk|1
|-unboost|p1b: Hydreigon|atk|1
|move|p1a: Floette|Protect|p1a: Floette
|-singleturn|p1a: Floette|Protect
|move|p2a: Gholdengo|Make It Rain|p1b: Hydreigon|[spread] p1b
|-activate|p1a: Floette|move: Protect
|-damage|p1b: Hydreigon|0 fnt
|-unboost|p2a: Gholdengo|spa|2
|faint|p1b: Hydreigon
|-damage|p2a: Gholdengo|0 fnt|[from] item: Life Orb
|faint|p2a: Gholdengo
|
|upkeep
|
|t:|1784087023
|switch|p2a: Milotic|Milotic, L50, F|59/100
|switch|p1b: Sneasler|Sneasler, L50, M|62/100
|turn|6
|
|t:|1784087035
|detailschange|p2b: Staraptor|Staraptor-Mega, L50, M
|-mega|p2b: Staraptor|Staraptor|Staraptite
|move|p2b: Staraptor|Protect|p2b: Staraptor
|-singleturn|p2b: Staraptor|Protect
|move|p2a: Milotic|Protect|p2a: Milotic
|-singleturn|p2a: Milotic|Protect
|move|p1b: Sneasler|Fake Out|p2b: Staraptor
|-activate|p2b: Staraptor|move: Protect
|move|p1a: Floette|Draining Kiss|p2a: Milotic
|-activate|p2a: Milotic|move: Protect
|
|upkeep
|turn|7
|
|t:|1784087056
|move|p2b: Staraptor|Brave Bird|p1a: Floette
|-damage|p1a: Floette|26/100
|-damage|p2b: Staraptor|79/100|[from] Recoil
|move|p1b: Sneasler|Close Combat|p2a: Milotic
|-damage|p2a: Milotic|4/100
|-unboost|p1b: Sneasler|def|1
|-unboost|p1b: Sneasler|spd|1
|-enditem|p2a: Milotic|Sitrus Berry|[eat]
|-heal|p2a: Milotic|29/100|[from] item: Sitrus Berry
|move|p2a: Milotic|Scald|p1b: Sneasler
|-damage|p1b: Sneasler|6/100
|move|p1a: Floette|Dazzling Gleam|p2b: Staraptor|[spread] p2a,p2b
|-supereffective|p2b: Staraptor|1
|-damage|p2a: Milotic|0 fnt
|-damage|p2b: Staraptor|0 fnt
|faint|p2a: Milotic
|faint|p2b: Staraptor
|
|win|Nachom2003
||tooon is ready for game 2.
|inactive|Nachom2003 has 30 seconds to confirm battle start!
|inactive|Nachom2003 has 20 seconds to confirm battle start!
|inactive|Nachom2003 has 10 seconds to confirm battle start!
||Nachom2003 is ready for game 2.
|uhtml|next|Next: Game 2 of 3
