|j|☆13XH
|j|☆Pzdns99
|html|13XHPzdns99    
|uhtml|bestof|Game 2 of a best-of-3
|t:|1756760841
|gametype|doubles
|player|p1|13XH|n|1250
|player|p2|Pzdns99|grimsley|1195
|gen|9
|tier|[Gen 9] VGC 2025 Reg H (Bo3)
|rated|
|rule|Species Clause: Limit one of each Pokémon
|rule|Item Clause: Limit 1 of each item
|clearpoke
|poke|p1|Ursaluna, L50, M|
|poke|p1|Jumpluff, L50, M|
|poke|p1|Charizard, L50, M|
|poke|p1|Torkoal, L50, F|
|poke|p1|Incineroar, L50, M|
|poke|p1|Porygon2, L50|
|poke|p2|Lumineon, L50, M|
|poke|p2|Pelipper, L50, F|
|poke|p2|Archaludon, L50, M|
|poke|p2|Amoonguss, L50, F|
|poke|p2|Kingambit, L50, F|
|poke|p2|Weavile, L50, M|
|teampreview|4
|showteam|p1|Ursaluna||FlameOrb|Guts|HeadlongRush,Facade,Earthquake,Protect|||M|||50|,,,,,Ghost]Jumpluff||CovertCloak|Chlorophyll|SleepPowder,SunnyDay,Tailwind,RagePowder|||M|||50|,,,,,Water]Charizard||ChoiceSpecs|SolarPower|DragonPulse,HeatWave,Overheat,WeatherBall|||M|||50|,,,,,Ghost]Torkoal||EjectPack|Drought|ClearSmog,Eruption,Overheat,Protect|||F|||50|,,,,,Fire]Incineroar||SitrusBerry|Intimidate|FakeOut,FlareBlitz,KnockOff,PartingShot|||M|||50|,,,,,Ghost]Porygon2||Eviolite|Download|TeraBlast,IceBeam,Recover,TrickRoom||||||50|,,,,,Fighting
|showteam|p2|Lumineon||CovertCloak|SwiftSwim|FlipTurn,Tailwind,Encore,RainDance|||M|||50|,,,,,Grass]Pelipper||ChoiceSpecs|Drizzle|Hurricane,MuddyWater,WeatherBall,Uturn|||F|||50|,,,,,Ghost]Archaludon||AssaultVest|Stamina|ElectroShot,BodyPress,Snarl,DracoMeteor|||M|||50|,,,,,Grass]Amoonguss||SitrusBerry|Regenerator|PollenPuff,Protect,RagePowder,Spore|||F|||50|,,,,,Psychic]Kingambit||SafetyGoggles|Defiant|KowtowCleave,SuckerPunch,SwordsDance,Protect|||F|||50|,,,,,Ghost]Weavile||FocusSash|Pickpocket|Taunt,TripleAxel,KnockOff,Protect|||M|||50|,,,,,Ghost
|inactive|Battle timer is ON: inactive players will automatically lose when time's up. (requested by Pzdns99)
|
|t:|1756760866
|teamsize|p1|4
|teamsize|p2|4
|start
|switch|p1a: Incineroar|Incineroar, L50, M|100/100
|switch|p1b: Porygon2|Porygon2, L50|100/100
|switch|p2a: Weavile|Weavile, L50, M|100/100
|switch|p2b: Lumineon|Lumineon, L50, M|100/100
|-ability|p1a: Incineroar|Intimidate|boost
|-unboost|p2a: Weavile|atk|1
|-unboost|p2b: Lumineon|atk|1
|-ability|p1b: Porygon2|Download|boost
|-boost|p1b: Porygon2|atk|1
|turn|1
|inactive|13XH has 30 seconds left.
|inactive|13XH has 20 seconds left.
|
|t:|1756760909
|switch|p2a: Archaludon|Archaludon, L50, M|100/100
|move|p2b: Lumineon|Encore||[still]
|-fail|p2b: Lumineon
|move|p1a: Incineroar|Knock Off|p2a: Archaludon
|-damage|p2a: Archaludon|74/100
|-ability|p2a: Archaludon|Stamina|boost
|-boost|p2a: Archaludon|def|1
|-enditem|p2a: Archaludon|Assault Vest|[from] move: Knock Off|[of] p1a: Incineroar
|move|p1b: Porygon2|Ice Beam|p2a: Archaludon
|-damage|p2a: Archaludon|40/100
|-ability|p2a: Archaludon|Stamina|boost
|-boost|p2a: Archaludon|def|1
|
|upkeep
|turn|2
|inactive|13XH has 30 seconds left.
|inactive|Pzdns99 has 30 seconds left.
|inactive|13XH has 20 seconds left.
|inactive|13XH has 15 seconds left.
|
|t:|1756760952
|-terastallize|p1a: Incineroar|Ghost
|move|p2b: Lumineon|Encore|p1b: Porygon2
|-start|p1b: Porygon2|Encore
|move|p2a: Archaludon|Body Press|p1b: Porygon2
|-supereffective|p1b: Porygon2
|-damage|p1b: Porygon2|41/100
|move|p1a: Incineroar|Parting Shot|p2a: Archaludon
|-unboost|p2a: Archaludon|atk|1
|-unboost|p2a: Archaludon|spa|1
|
|t:|1756760964
|switch|p1a: Torkoal|Torkoal, L50, F|100/100|[from] Parting Shot
|-weather|SunnyDay|[from] ability: Drought|[of] p1a: Torkoal
|move|p1b: Porygon2|Ice Beam|p2a: Archaludon
|-crit|p2a: Archaludon
|-damage|p2a: Archaludon|0 fnt
|faint|p2a: Archaludon
|
|-weather|SunnyDay|[upkeep]
|upkeep
|
|t:|1756760975
|switch|p2a: Pelipper|Pelipper, L50, F|100/100
|-weather|RainDance|[from] ability: Drizzle|[of] p2a: Pelipper
|turn|3
|
|t:|1756760990
|switch|p1b: Incineroar|Incineroar, L50, M, tera:Ghost|100/100
|-ability|p1b: Incineroar|Intimidate|boost
|-unboost|p2a: Pelipper|atk|1
|-unboost|p2b: Lumineon|atk|1
|move|p1a: Torkoal|Protect|p1a: Torkoal
|-singleturn|p1a: Torkoal|Protect
|move|p2b: Lumineon|Tailwind|p2b: Lumineon
|-sidestart|p2: Pzdns99|move: Tailwind
|move|p2a: Pelipper|Muddy Water|p1b: Incineroar|[spread] 
|-activate|p1a: Torkoal|move: Protect
|-miss|p2a: Pelipper|p1b: Incineroar
|
|-weather|RainDance|[upkeep]
|upkeep
|turn|4
|inactive|13XH has 30 seconds left.
|
|t:|1756761019
|-terastallize|p2a: Pelipper|Ghost
|move|p2b: Lumineon|Encore|p1a: Torkoal
|-start|p1a: Torkoal|Encore
|move|p2a: Pelipper|Muddy Water|p1b: Incineroar|[spread] p1a,p1b
|-supereffective|p1a: Torkoal
|-damage|p1a: Torkoal|0 fnt
|-damage|p1b: Incineroar|55/100
|faint|p1a: Torkoal
|move|p1b: Incineroar|Knock Off|p2a: Pelipper
|-supereffective|p2a: Pelipper
|-damage|p2a: Pelipper|6/100
|-enditem|p2a: Pelipper|Choice Specs|[from] move: Knock Off|[of] p1b: Incineroar
|
|-weather|RainDance|[upkeep]
|upkeep
|
|t:|1756761034
|switch|p1a: Porygon2|Porygon2, L50|41/100
|-ability|p1a: Porygon2|Download|boost
|-boost|p1a: Porygon2|spa|1
|turn|5
|inactive|Pzdns99 has 30 seconds left.
|inactive|Pzdns99 has 20 seconds left.
|inactive|Pzdns99 has 15 seconds left.
|inactive|Pzdns99 has 10 seconds left.
|
|t:|1756761082
|move|p2b: Lumineon|Flip Turn|p1b: Incineroar
|-damage|p1b: Incineroar|42/100
|-enditem|p1b: Incineroar|Sitrus Berry|[eat]
|-heal|p1b: Incineroar|67/100|[from] item: Sitrus Berry
|
|t:|1756761086
|switch|p2b: Weavile|Weavile, L50, M|100/100|[from] Flip Turn
|move|p2a: Pelipper|Weather Ball|p1a: Porygon2
|-damage|p1a: Porygon2|0 fnt
|faint|p1a: Porygon2
|move|p1b: Incineroar|Knock Off|p2a: Pelipper
|-supereffective|p2a: Pelipper
|-damage|p2a: Pelipper|0 fnt
|faint|p2a: Pelipper
|
|-weather|RainDance|[upkeep]
|upkeep
|
|t:|1756761094
|switch|p2a: Lumineon|Lumineon, L50, M|100/100
|switch|p1a: Ursaluna|Ursaluna, L50, M|100/100
|turn|6
|inactive|Pzdns99 has 30 seconds left.
|
|t:|1756761121
|move|p2a: Lumineon|Flip Turn|p1b: Incineroar
|-damage|p1b: Incineroar|42/100
|move|p2b: Weavile|Knock Off|p1b: Incineroar
|-supereffective|p1b: Incineroar
|-damage|p1b: Incineroar|0 fnt
|faint|p1b: Incineroar
|move|p1a: Ursaluna|Headlong Rush|p2b: Weavile
|-enditem|p2b: Weavile|Focus Sash
|-damage|p2b: Weavile|1/100
|-unboost|p1a: Ursaluna|def|1
|-unboost|p1a: Ursaluna|spd|1
|-enditem|p1a: Ursaluna|Flame Orb|[silent]|[from] ability: Pickpocket|[of] p1a: Ursaluna
|-item|p2b: Weavile|Flame Orb|[from] ability: Pickpocket|[of] p1a: Ursaluna
|
|-weather|RainDance|[upkeep]
|-sideend|p2: Pzdns99|move: Tailwind
|-status|p2b: Weavile|brn|[from] item: Flame Orb
|upkeep
|turn|7
|c|☆Pzdns99|dog
|inactive|Pzdns99 has 30 seconds left.
|c|☆Pzdns99|that's wild
|
|t:|1756761153
|move|p2a: Lumineon|Flip Turn|p1a: Ursaluna
|-supereffective|p1a: Ursaluna
|-damage|p1a: Ursaluna|43/100
|move|p2b: Weavile|Triple Axel|p1a: Ursaluna
|-supereffective|p1a: Ursaluna
|-damage|p1a: Ursaluna|31/100
|-supereffective|p1a: Ursaluna
|-damage|p1a: Ursaluna|6/100
|-supereffective|p1a: Ursaluna
|-damage|p1a: Ursaluna|0 fnt
|faint|p1a: Ursaluna
|-hitcount|p1: Ursaluna|3
|
|win|Pzdns99
||13XH is ready for game 3.
|inactive|Pzdns99 has 30 seconds to confirm battle start!
||Pzdns99 is ready for game 3.
|uhtml|next|Next: Game 3 of 3
|j| uglybeast
|l|☆13XH
|player|p1|
