|j|☆KilamanolaVGC
|j|☆t3hsleepyshuckle
|html|KilamanolaVGCt3hsleepyshuckle    
|uhtml|bestof|Game 2 of a best-of-3
|t:|1757787010
|gametype|doubles
|player|p1|KilamanolaVGC|169|1196
|player|p2|t3hsleepyshuckle|bugcatcher-gen4dp|1189
|gen|9
|tier|[Gen 9] VGC 2025 Reg H (Bo3)
|rated|
|rule|Species Clause: Limit one of each Pokémon
|rule|Item Clause: Limit 1 of each item
|clearpoke
|poke|p1|Weezing-Galar, L50, F|
|poke|p1|Slaking, L50, M|
|poke|p1|Mamoswine, L50, F|
|poke|p1|Kilowattrel, L50, M|
|poke|p1|Dondozo, L50, M|
|poke|p1|Tatsugiri, L50, M|
|poke|p2|Indeedee, L50, M|
|poke|p2|Sneasler, L50, M|
|poke|p2|Excadrill, L50, M|
|poke|p2|Tyranitar, L50, F|
|poke|p2|Dragonite, L50, F|
|poke|p2|Amoonguss, L50, M|
|teampreview|4
|showteam|p1|Weezing-Galar||CovertCloak|NeutralizingGas|StrangeSteam,WillOWisp,Taunt,Protect|||F|||50|,,,,,Water]Slaking||LifeOrb|Truant|DoubleEdge,SuckerPunch,HighHorsepower,Protect|||M|||50|,,,,,Ghost]Mamoswine||FocusSash|Oblivious|IcicleCrash,IceShard,Earthquake,Protect|||F|||50|,,,,,Ghost]Kilowattrel||ChoiceSpecs|Competitive|Thunderbolt,Discharge,AirSlash,VoltSwitch|||M|||50|,,,,,Ghost]Dondozo||Leftovers|Unaware|WaveCrash,HeavySlam,OrderUp,Protect|||M|||50|,,,,,Grass]Tatsugiri||AbilityShield|Commander|MuddyWater,DragonPulse,DracoMeteor,Protect|||M|||50|,,,,,Steel
|showteam|p2|Indeedee||ChoiceScarf|PsychicSurge|ExpandingForce,TeraBlast,Protect,Trick|||M|||50|,,,,,Psychic]Sneasler||WhiteHerb|Unburden|FakeOut,DireClaw,CloseCombat,Coaching|||M|||50|,,,,,Flying]Excadrill||FocusSash|SandRush|Protect,IronHead,Earthquake,SwordsDance|||M|||50|,,,,,Ground]Tyranitar||SitrusBerry|SandStream|RockSlide,KnockOff,Protect,TeraBlast|||F|||50|,,,,,Flying]Dragonite||AssaultVest|InnerFocus|LowKick,ExtremeSpeed,StompingTantrum,Outrage|||F|||50|,,,,,Normal]Amoonguss||RockyHelmet|Regenerator|PollenPuff,ClearSmog,Spore,RagePowder|||M|||50|,,,,,Dark
|inactive|Battle timer is ON: inactive players will automatically lose when time's up. (requested by KilamanolaVGC)
|inactive|t3hsleepyshuckle has 60 seconds left.
|inactive|KilamanolaVGC has 60 seconds left.
|
|t:|1757787066
|teamsize|p1|4
|teamsize|p2|4
|start
|switch|p1a: Slaking|Slaking, L50, M, shiny|100/100
|switch|p1b: Weezing|Weezing-Galar, L50, F, shiny|100/100
|switch|p2a: Indeedee|Indeedee, L50, M|100/100
|switch|p2b: Dragonite|Dragonite, L50, F|100/100
|-ability|p1b: Weezing|Neutralizing Gas
|turn|1
|inactive|t3hsleepyshuckle has 30 seconds left.
|inactive|t3hsleepyshuckle has 20 seconds left.
|
|t:|1757787103
|move|p1a: Slaking|Sucker Punch||[still]
|-fail|p1a: Slaking
|move|p2a: Indeedee|Trick|p1b: Weezing
|-activate|p2a: Indeedee|move: Trick|[of] p1b: Weezing
|-item|p1b: Weezing|Choice Scarf|[from] move: Trick
|-item|p2a: Indeedee|Covert Cloak|[from] move: Trick
|move|p1b: Weezing|Will-O-Wisp|p2b: Dragonite
|-status|p2b: Dragonite|brn
|move|p2b: Dragonite|Outrage|p1a: Slaking
|-damage|p1a: Slaking|76/100
|
|-damage|p2b: Dragonite|95/100 brn|[from] brn
|upkeep
|turn|2
|inactive|t3hsleepyshuckle has 30 seconds left.
|
|t:|1757787136
|move|p2a: Indeedee|Protect|p2a: Indeedee
|-singleturn|p2a: Indeedee|Protect
|move|p1a: Slaking|Double-Edge|p2a: Indeedee
|-activate|p2a: Indeedee|move: Protect
|move|p1b: Weezing|Will-O-Wisp|p2a: Indeedee
|-activate|p2a: Indeedee|move: Protect
|move|p2b: Dragonite|Outrage|p1a: Slaking|[from] lockedmove
|-damage|p1a: Slaking|53/100
|
|-damage|p2b: Dragonite|89/100 brn|[from] brn
|upkeep
|turn|3
|
|t:|1757787160
|move|p1a: Slaking|Double-Edge|p2a: Indeedee
|-damage|p2a: Indeedee|0 fnt
|faint|p2a: Indeedee
|-damage|p1a: Slaking|33/100|[from] Recoil
|-damage|p1a: Slaking|23/100|[from] item: Life Orb
|move|p1b: Weezing|Will-O-Wisp|p2b: Dragonite|[miss]
|-miss|p1b: Weezing|p2b: Dragonite
|move|p2b: Dragonite|Outrage|p1a: Slaking|[from] lockedmove
|-damage|p1a: Slaking|0 fnt
|faint|p1a: Slaking
|-start|p2b: Dragonite|confusion|[fatigue]
|
|-damage|p2b: Dragonite|83/100 brn|[from] brn
|upkeep
|inactive|t3hsleepyshuckle has 30 seconds left.
|
|t:|1757787188
|switch|p1a: Dondozo|Dondozo, L50, M, shiny|100/100
|switch|p2a: Excadrill|Excadrill, L50, M|100/100
|turn|4
|
|t:|1757787212
|move|p1a: Dondozo|Protect|p1a: Dondozo
|-singleturn|p1a: Dondozo|Protect
|move|p2a: Excadrill|Earthquake|p1b: Weezing|[spread] p1b
|-activate|p1a: Dondozo|move: Protect
|-immune|p2b: Dragonite
|-supereffective|p1b: Weezing
|-damage|p1b: Weezing|31/100
|move|p1b: Weezing|Will-O-Wisp|p2a: Excadrill
|-status|p2a: Excadrill|brn
|-activate|p2b: Dragonite|confusion
|move|p2b: Dragonite|Outrage|p1a: Dondozo
|-activate|p1a: Dondozo|move: Protect
|
|-damage|p2a: Excadrill|95/100 brn|[from] brn
|-damage|p2b: Dragonite|77/100 brn|[from] brn
|upkeep
|turn|5
|inactive|t3hsleepyshuckle has 30 seconds left.
|
|t:|1757787245
|-end|p1b: Weezing|ability: Neutralizing Gas
|switch|p1b: Tatsugiri|Tatsugiri, L50, M, shiny|100/100
|-activate|p1b: Tatsugiri|ability: Commander|[of] p1a: Dondozo
|-boost|p1a: Dondozo|atk|2
|-boost|p1a: Dondozo|spa|2
|-boost|p1a: Dondozo|spe|2
|-boost|p1a: Dondozo|def|2
|-boost|p1a: Dondozo|spd|2
|move|p1a: Dondozo|Order Up|p2a: Excadrill
|-resisted|p2a: Excadrill
|-damage|p2a: Excadrill|58/100 brn
|-boost|p1a: Dondozo|atk|1
|move|p2a: Excadrill|Iron Head|p1a: Dondozo
|-resisted|p1a: Dondozo
|-damage|p1a: Dondozo|97/100
|-end|p2b: Dragonite|confusion
|move|p2b: Dragonite|Outrage|p1b: Tatsugiri|[miss]
|-miss|p2b: Dragonite|p1b: Tatsugiri
|
|-heal|p1a: Dondozo|100/100|[from] item: Leftovers
|-damage|p2a: Excadrill|52/100 brn|[from] brn
|-damage|p2b: Dragonite|72/100 brn|[from] brn
|upkeep
|turn|6
|-message|t3hsleepyshuckle forfeited.
|
|win|KilamanolaVGC
|raw|KilamanolaVGC's rating: 1196 → 1220(+24 for winning)
|raw|t3hsleepyshuckle's rating: 1189 → 1165(-24 for losing)
|c|☆KilamanolaVGC|gg
