|j|☆i miss my miraidon
|j|☆long neck phil
|html|i miss my miraidonlong neck phil    
|uhtml|bestof|Game 2 of a best-of-3
|t:|1785082688
|gametype|doubles
|player|p1|i miss my miraidon|169|
|player|p2|long neck phil|n|
|gen|9
|tier|[Gen 9 Champions] VGC 2026 Reg M-B (Bo3)
|rule|Species Clause: Limit one of each Pokémon
|rule|Item Clause: Limit 1 of each item
|clearpoke
|poke|p1|Charizard, L50, F|
|poke|p1|Kingambit, L50, F|
|poke|p1|Basculegion, L50, M|
|poke|p1|Whimsicott, L50, F|
|poke|p1|Floette-Eternal, L50, F|
|poke|p1|Garchomp, L50, M|
|poke|p2|Garchomp, L50, F|
|poke|p2|Staraptor, L50, F|
|poke|p2|Basculegion, L50, M|
|poke|p2|Glimmora, L50, F|
|poke|p2|Grimmsnarl, L50, M|
|poke|p2|Sinistcha, L50|
|teampreview|4
|showteam|p1|Charizard||CharizarditeY|Blaze|HeatWave,SolarBeam,WeatherBall,Protect|Modest||F|||50|]Kingambit||ChopleBerry|Defiant|KowtowCleave,SuckerPunch,LowKick,IronHead|Adamant||F|||50|]Basculegion||MysticWater|Adaptability|WaveCrash,LastRespects,AquaJet,Protect|Jolly||M|||50|]Whimsicott||FocusSash|Prankster|Moonblast,Tailwind,Encore,Protect|Modest||F|||50|]Floette-Eternal||Floettite|FlowerVeil|DazzlingGleam,Moonblast,LightofRuin,Protect|Timid||F|||50|]Garchomp||LifeOrb|RoughSkin|DragonClaw,Earthquake,RockSlide,Protect|Jolly||M|||50|
|showteam|p2|Garchomp||LifeOrb|RoughSkin|DragonClaw,StompingTantrum,RockSlide,Protect|Jolly||F|||50|]Staraptor||Staraptite|Intimidate|DualWingbeat,CloseCombat,Protect,Roost|Jolly||F|||50|]Basculegion||FocusSash|Adaptability|WaveCrash,Protect,LastRespects,Liquidation|Jolly||M|||50|]Glimmora||Glimmoranite|ToxicDebris|PowerGem,SludgeBomb,EarthPower,SpikyShield|Timid||F|||50|]Grimmsnarl||LightClay|Prankster|LightScreen,Reflect,SpiritBreak,ScaryFace|Careful||M|||50|]Sinistcha||SitrusBerry|Hospitality|MatchaGotcha,TrickRoom,RagePowder,ShadowBall|Bold|||||50|
|j| hippopotas fritas
|j| FBISurveillanceMan
|j| marttos
|l| marttos
|
|t:|1785082730
|teamsize|p1|4
|teamsize|p2|4
|start
|switch|p1a: Basculegion|Basculegion, L50, M|100/100
|switch|p1b: Whimsicott|Whimsicott, L50, F|100/100
|switch|p2a: Staraptor|Staraptor, L50, F|100/100
|switch|p2b: Grimmsnarl|Grimmsnarl, L50, M|100/100
|-ability|p2a: Staraptor|Intimidate|boost
|-unboost|p1a: Basculegion|atk|1
|-unboost|p1b: Whimsicott|atk|1
|turn|1
|
|t:|1785082736
|detailschange|p2a: Staraptor|Staraptor-Mega, L50, F
|-mega|p2a: Staraptor|Staraptor|Staraptite
|move|p2b: Grimmsnarl|Reflect|p2b: Grimmsnarl
|-sidestart|p2: long neck phil|Reflect
|move|p2a: Staraptor|Dual Wingbeat|p1b: Whimsicott
|-supereffective|p1b: Whimsicott|1
|-damage|p1b: Whimsicott|36/100
|-supereffective|p1b: Whimsicott|1
|-damage|p1b: Whimsicott|0 fnt
|faint|p1b: Whimsicott
|-hitcount|p1: Whimsicott|2
|move|p1a: Basculegion|Wave Crash|p2a: Staraptor
|-crit|p2a: Staraptor
|-damage|p2a: Staraptor|0 fnt
|faint|p2a: Staraptor
|-damage|p1a: Basculegion|72/100|[from] Recoil
|
|upkeep
|c|☆i miss my miraidon|sorry
|
|t:|1785082756
|switch|p2a: Basculegion|Basculegion, L50, M|100/100
|switch|p1b: Floette|Floette-Eternal, L50, F|100/100
|turn|2
|l| hippopotas fritas
|j| hippopotas fritas
|
|t:|1785082809
|detailschange|p1b: Floette|Floette-Mega, L50, F
|-mega|p1b: Floette|Floette|Floettite
|-ability|p1b: Floette|Fairy Aura
|move|p2b: Grimmsnarl|Light Screen|p2b: Grimmsnarl
|-sidestart|p2: long neck phil|move: Light Screen
|move|p1b: Floette|Dazzling Gleam|p2a: Basculegion|[spread] p2a,p2b
|-supereffective|p2b: Grimmsnarl|1
|-damage|p2a: Basculegion|67/100
|-damage|p2b: Grimmsnarl|44/100
|move|p1a: Basculegion|Last Respects|p2a: Basculegion
|-supereffective|p2a: Basculegion|1
|-damage|p2a: Basculegion|6/100
|move|p2a: Basculegion|Last Respects|p1a: Basculegion
|-supereffective|p1a: Basculegion|1
|-damage|p1a: Basculegion|0 fnt
|faint|p1a: Basculegion
|
|upkeep
|
|t:|1785082821
|switch|p1a: Garchomp|Garchomp, L50, M|100/100
|turn|3
|
|t:|1785082830
|move|p2a: Basculegion|Protect|p2a: Basculegion
|-singleturn|p2a: Basculegion|Protect
|move|p2b: Grimmsnarl|Scary Face|p1a: Garchomp
|-unboost|p1a: Garchomp|spe|2
|move|p1b: Floette|Dazzling Gleam|p2a: Basculegion|[spread] p2b
|-activate|p2a: Basculegion|move: Protect
|-supereffective|p2b: Grimmsnarl|1
|-damage|p2b: Grimmsnarl|0 fnt
|faint|p2b: Grimmsnarl
|move|p1a: Garchomp|Dragon Claw|p2a: Basculegion
|-activate|p2a: Basculegion|move: Protect
|
|upkeep
|
|t:|1785082834
|switch|p2b: Garchomp|Garchomp, L50, F|100/100
|turn|4
|
|t:|1785082842
|move|p2b: Garchomp|Rock Slide|p1b: Floette|[spread] p1a,p1b
|-resisted|p1a: Garchomp|1
|-crit|p1a: Garchomp
|-damage|p1a: Garchomp|79/100
|-damage|p1b: Floette|64/100
|-damage|p2b: Garchomp|90/100|[from] item: Life Orb
|move|p1b: Floette|Dazzling Gleam|p2a: Basculegion|[spread] p2a,p2b
|-supereffective|p2b: Garchomp|1
|-damage|p2a: Basculegion|0 fnt
|-damage|p2b: Garchomp|22/100
|faint|p2a: Basculegion
|cant|p1a: Garchomp|flinch
|
|upkeep
|turn|5
|c|☆i miss my miraidon|ggs
|
|t:|1785082851
|move|p2b: Garchomp|Rock Slide|p1b: Floette|[spread] p1a,p1b
|-resisted|p1a: Garchomp|1
|-damage|p1a: Garchomp|65/100
|-damage|p1b: Floette|32/100
|-damage|p2b: Garchomp|12/100|[from] item: Life Orb
|cant|p1b: Floette|flinch
|move|p1a: Garchomp|Dragon Claw|p2b: Garchomp
|-supereffective|p2b: Garchomp|1
|-damage|p2b: Garchomp|0 fnt
|-damage|p1a: Garchomp|53/100|[from] ability: Rough Skin|[of] p2b: Garchomp
|faint|p2b: Garchomp
|-damage|p1a: Garchomp|43/100|[from] item: Life Orb
|
|win|i miss my miraidon
|c|☆long neck phil|Gg
|l| hippopotas fritas
|c|☆i miss my miraidon|i got replays
|l|☆long neck phil
|player|p2|
