|j|☆bartcr0987
|j|☆northfacefan
|html|bartcr0987northfacefan    
|uhtml|bestof|Game 1 of a best-of-3
|t:|1783647629
|gametype|doubles
|player|p1|bartcr0987|170|
|player|p2|northfacefan|101|
|gen|9
|tier|[Gen 9 Champions] VGC 2026 Reg M-B (Bo3)
|rule|Species Clause: Limit one of each Pokémon
|rule|Item Clause: Limit 1 of each item
|clearpoke
|poke|p1|Charizard, L50, M, shiny|
|poke|p1|Sneasler, L50, M, shiny|
|poke|p1|Floette-Eternal, L50, F|
|poke|p1|Kingambit, L50, F, shiny|
|poke|p1|Basculegion, L50, M|
|poke|p1|Farigiraf, L50, F|
|poke|p2|Swampert, L50, M, shiny|
|poke|p2|Mawile, L50, F, shiny|
|poke|p2|Incineroar, L50, F|
|poke|p2|Sableye, L50, M|
|poke|p2|Farigiraf, L50, M|
|poke|p2|Sneasler, L50, F, shiny|
|teampreview|4
|showteam|p1|Charizard||CharizarditeY|SolarPower|HeatWave,SolarBeam,WeatherBall,Protect|Timid||M|||50|]Sneasler||FocusSash|PoisonTouch|DireClaw,CloseCombat,Protect,FakeOut|Jolly||M|||50|]Floette-Eternal||Floettite|FlowerVeil|Moonblast,DazzlingGleam,LightofRuin,Protect|Modest||F|||50|]Kingambit||BlackGlasses|Defiant|KowtowCleave,SuckerPunch,SwordsDance,Protect|Adamant||F|||50|]Basculegion||ChoiceScarf|Adaptability|LastRespects,WaveCrash,AquaJet,FlipTurn|Jolly||M|||50|]Farigiraf||SitrusBerry|ArmorTail|TrickRoom,FoulPlay,Psychic,RainDance|Bold||F|||50|
|showteam|p2|Swampert||Swampertite|Torrent|Earthquake,WaveCrash,IcePunch,Protect|Adamant||M|||50|]Mawile||Mawilite|HyperCutter|Protect,SuckerPunch,PlayRough,IronHead|Brave||F|||50|]Incineroar||PasshoBerry|Intimidate|FakeOut,FlareBlitz,ThroatChop,PartingShot|Brave||F|||50|]Sableye||RoseliBerry|Prankster|Quash,FoulPlay,Encore,RainDance|Calm||M|||50|]Farigiraf||ColburBerry|ArmorTail|Protect,HelpingHand,Psychic,TrickRoom|Bold||M|||50|]Sneasler||WhiteHerb|Unburden|FakeOut,Coaching,CloseCombat,DireClaw|Jolly||F|||50|
|inactive|Battle timer is ON: inactive players will automatically lose when time's up. (requested by bartcr0987)
|inactive|northfacefan also wants the timer to be on.
|
|t:|1783647660
|teamsize|p1|4
|teamsize|p2|4
|start
|switch|p1a: Sneasler|Sneasler, L50, M, shiny|100/100
|switch|p1b: Kingambit|Kingambit, L50, F, shiny|100/100
|switch|p2a: Swampert|Swampert, L50, M, shiny|100/100
|switch|p2b: Sableye|Sableye, L50, M|100/100
|turn|1
|
|t:|1783647682
|move|p2a: Swampert|Protect|p2a: Swampert
|-singleturn|p2a: Swampert|Protect
|move|p1a: Sneasler|Fake Out|p2a: Swampert
|-activate|p2a: Swampert|move: Protect
|move|p2b: Sableye|Rain Dance|p2b: Sableye
|-weather|RainDance
|move|p1b: Kingambit|Swords Dance|p1b: Kingambit
|-boost|p1b: Kingambit|atk|2
|
|-weather|RainDance|[upkeep]
|upkeep
|turn|2
|inactive|bartcr0987 has 30 seconds left.
|inactive|northfacefan has 30 seconds left.
|inactive|northfacefan has 20 seconds left.
|
|t:|1783647722
|detailschange|p2a: Swampert|Swampert-Mega, L50, M, shiny
|-mega|p2a: Swampert|Swampert|Swampertite
|move|p1b: Kingambit|Protect|p1b: Kingambit
|-singleturn|p1b: Kingambit|Protect
|move|p2a: Swampert|Wave Crash|p1b: Kingambit
|-activate|p1b: Kingambit|move: Protect
|move|p1a: Sneasler|Dire Claw|p2b: Sableye
|-resisted|p2b: Sableye|1
|-damage|p2b: Sableye|75/100
|-status|p2b: Sableye|par
|move|p2b: Sableye|Foul Play|p1a: Sneasler
|-resisted|p1a: Sneasler|1
|-damage|p1a: Sneasler|60/100
|
|-weather|RainDance|[upkeep]
|upkeep
|turn|3
|
|t:|1783647739
|move|p1b: Kingambit|Sucker Punch|p2a: Swampert
|-damage|p2a: Swampert|11/100
|move|p2a: Swampert|Wave Crash|p1b: Kingambit
|-crit|p1b: Kingambit
|-damage|p1b: Kingambit|0 fnt
|faint|p1b: Kingambit
|-damage|p2a: Swampert|0 fnt|[from] Recoil
|faint|p2a: Swampert
|move|p1a: Sneasler|Close Combat|p2b: Sableye
|-immune|p2b: Sableye
|move|p2b: Sableye|Foul Play|p1a: Sneasler
|-resisted|p1a: Sneasler|1
|-damage|p1a: Sneasler|19/100
|
|-weather|RainDance|[upkeep]
|upkeep
|
|t:|1783647754
|switch|p2a: Sneasler|Sneasler, L50, F, shiny|100/100
|switch|p1b: Oscar|Basculegion, L50, M|100/100
|turn|4
|
|t:|1783647771
|move|p1a: Sneasler|Protect|p1a: Sneasler
|-singleturn|p1a: Sneasler|Protect
|move|p2a: Sneasler|Fake Out|p1a: Sneasler
|-activate|p1a: Sneasler|move: Protect
|move|p1b: Oscar|Wave Crash|p2a: Sneasler
|-damage|p2a: Sneasler|0 fnt
|faint|p2a: Sneasler
|-damage|p1b: Oscar|73/100|[from] Recoil
|move|p2b: Sableye|Foul Play|p1b: Oscar
|-supereffective|p1b: Oscar|1
|-damage|p1b: Oscar|0 fnt
|faint|p1b: Oscar
|
|-weather|RainDance|[upkeep]
|upkeep
|
|t:|1783647785
|switch|p2a: Incineroar|Incineroar, L50, F|100/100
|switch|p1b: Charizard|Charizard, L50, M, shiny|100/100
|-ability|p2a: Incineroar|Intimidate|boost
|-unboost|p1a: Sneasler|atk|1
|-unboost|p1b: Charizard|atk|1
|turn|5
|
|t:|1783647805
|move|p1a: Sneasler|Protect|p1a: Sneasler
|-singleturn|p1a: Sneasler|Protect
|move|p1b: Charizard|Protect|p1b: Charizard
|-singleturn|p1b: Charizard|Protect
|move|p2a: Incineroar|Fake Out|p1a: Sneasler
|-activate|p1a: Sneasler|move: Protect
|move|p2b: Sableye|Rain Dance||[still]
|-fail|p2b: Sableye
|
|-weather|none
|upkeep
|turn|6
|
|t:|1783647830
|move|p2b: Sableye|Encore|p1b: Charizard
|-start|p1b: Charizard|Encore
|move|p1b: Charizard|Protect||[still]
|-fail|p1b: Charizard
|move|p1a: Sneasler|Close Combat|p2a: Incineroar
|-supereffective|p2a: Incineroar|1
|-damage|p2a: Incineroar|13/100
|-unboost|p1a: Sneasler|def|1
|-unboost|p1a: Sneasler|spd|1
|-status|p2a: Incineroar|psn|[from] ability: Poison Touch|[of] p1a: Sneasler
|move|p2a: Incineroar|Flare Blitz|p1a: Sneasler
|-damage|p1a: Sneasler|0 fnt
|faint|p1a: Sneasler
|-damage|p2a: Incineroar|8/100 psn|[from] Recoil
|
|-damage|p2a: Incineroar|0 fnt|[from] psn
|faint|p2a: Incineroar
|upkeep
|turn|7
|
|t:|1783647851
|move|p1b: Charizard|Protect|p1b: Charizard
|-singleturn|p1b: Charizard|Protect
|move|p2b: Sableye|Foul Play|p1b: Charizard
|-activate|p1b: Charizard|move: Protect
|
|upkeep
|turn|8
|
|t:|1783647858
|move|p1b: Charizard|Protect|p1b: Charizard
|-singleturn|p1b: Charizard|Protect
|move|p2b: Sableye|Foul Play|p1b: Charizard
|-activate|p1b: Charizard|move: Protect
|
|-end|p1b: Charizard|Encore
|upkeep
|turn|9
|
|t:|1783647873
|detailschange|p1b: Charizard|Charizard-Mega-Y, L50, M, shiny
|-mega|p1b: Charizard|Charizard|Charizardite Y
|-weather|SunnyDay|[from] ability: Drought|[of] p1b: Charizard
|cant|p2b: Sableye|par
|move|p1b: Charizard|Weather Ball|p2b: Sableye
|-damage|p2b: Sableye|0 fnt
|faint|p2b: Sableye
|
|win|bartcr0987
||bartcr0987 is ready for game 2.
|inactive|northfacefan has 30 seconds to confirm battle start!
|l|☆northfacefan
|player|p2|
|inactive|northfacefan has 20 seconds to confirm battle start!
|inactive|northfacefan has 10 seconds to confirm battle start!
||northfacefan is ready for game 2.
|uhtml|next|Next: Game 2 of 3
