|j|☆sampsonwildbeast
|j|☆desbrozadorasGoian
|html|sampsonwildbeastdesbrozadorasGoian    
|uhtml|bestof|Game 2 of a best-of-3
|t:|1785677359
|gametype|doubles
|player|p1|sampsonwildbeast|170|1069
|player|p2|desbrozadorasGoian|wattson|1073
|gen|9
|tier|[Gen 9 Champions] VGC 2026 Reg M-B (Bo3)
|rated|
|rule|Species Clause: Limit one of each Pokémon
|rule|Item Clause: Limit 1 of each item
|clearpoke
|poke|p1|Gengar, L50, M|
|poke|p1|Incineroar, L50, M|
|poke|p1|Politoed, L50, F|
|poke|p1|Meganium, L50, F|
|poke|p1|Basculegion, L50, M|
|poke|p1|Kangaskhan, L50, F|
|poke|p2|Goodra-Hisui, L50, F|
|poke|p2|Espathra, L50, F|
|poke|p2|Scovillain, L50, F|
|poke|p2|Pelipper, L50, M|
|poke|p2|Garchomp, L50, F|
|poke|p2|Sinistcha, L50|
|teampreview|4
|showteam|p1|Gengar||Gengarite|CursedBody|Protect,PerishSong,ShadowBall,SludgeBomb|Timid||M|||50|]Incineroar||SitrusBerry|Intimidate|FakeOut,Protect,PartingShot,FlareBlitz|Careful||M|||50|]Politoed||DampRock|Drizzle|PerishSong,Protect,IceBeam,WeatherBall|Calm||F|||50|]Meganium||Meganiumite|Overgrow|Protect,DazzlingGleam,WeatherBall,SolarBeam|Timid||F|||50|]Basculegion||LifeOrb|SwiftSwim|Protect,LastRespects,AquaJet,Liquidation|Adamant||M|||50|]Kangaskhan||SilkScarf|Scrappy|FakeOut,LastResort|Jolly||F|||50|
|showteam|p2|Goodra-Hisui||Leftovers|ShellArmor|MuddyWater,FlashCannon,Shelter,Protect|Bold||F|||50|]Espathra||FocusSash|SpeedBoost|LuminaCrash,CalmMind,BatonPass,Protect|Timid||F|||50|]Scovillain||Scovillainite|Moody|Protect,RagePowder,LeechSeed,Overheat|Calm||F|||50|]Pelipper||SitrusBerry|Drizzle|Hurricane,WeatherBall,Tailwind,WideGuard|Modest||M|||50|]Garchomp||LifeOrb|RoughSkin|DragonClaw,RockTomb,Earthquake,Protect|Jolly||F|||50|]Sinistcha||ColburBerry|Hospitality|MatchaGotcha,RagePowder,LifeDew,Protect|Relaxed|||||50|
|inactive|Battle timer is ON: inactive players will automatically lose when time's up. (requested by desbrozadorasGoian)
|inactive|desbrozadorasGoian has 60 seconds left.
|
|t:|1785677420
|teamsize|p1|4
|teamsize|p2|4
|start
|switch|p1a: Gengar|Gengar, L50, M|100/100
|switch|p1b: Incineroar|Incineroar, L50, M|100/100
|switch|p2a: Garchomp|Garchomp, L50, F|100/100
|switch|p2b: Pelipper|Pelipper, L50, M|100/100
|-weather|RainDance|[from] ability: Drizzle|[of] p2b: Pelipper
|-ability|p1b: Incineroar|Intimidate|boost
|-unboost|p2a: Garchomp|atk|1
|-unboost|p2b: Pelipper|atk|1
|turn|1
|
|t:|1785677441
|switch|p2a: Sinistcha|Sinistcha, L50|100/100
|detailschange|p1a: Gengar|Gengar-Mega, L50, M
|-mega|p1a: Gengar|Gengar|Gengarite
|move|p1b: Incineroar|Fake Out|p2b: Pelipper
|-damage|p2b: Pelipper|88/100
|move|p1a: Gengar|Shadow Ball|p2a: Sinistcha
|-supereffective|p2a: Sinistcha|1
|-damage|p2a: Sinistcha|0 fnt
|faint|p2a: Sinistcha
|cant|p2b: Pelipper|flinch
|
|-weather|RainDance|[upkeep]
|upkeep
|
|t:|1785677452
|switch|p2a: Garchomp|Garchomp, L50, F|100/100
|turn|2
|
|t:|1785677460
|switch|p1a: Politoed|Politoed, L50, F|100/100
|move|p1b: Incineroar|Protect|p1b: Incineroar
|-singleturn|p1b: Incineroar|Protect
|move|p2a: Garchomp|Earthquake|p1b: Incineroar|[spread] p1a
|-activate|p1b: Incineroar|move: Protect
|-immune|p2b: Pelipper
|-damage|p1a: Politoed|40/100
|-damage|p2a: Garchomp|90/100|[from] item: Life Orb
|move|p2b: Pelipper|Tailwind|p2b: Pelipper
|-sidestart|p2: desbrozadorasGoian|move: Tailwind
|
|-weather|RainDance|[upkeep]
|upkeep
|turn|3
|inactive|sampsonwildbeast has 30 seconds left.
|
|t:|1785677486
|move|p1a: Politoed|Protect|p1a: Politoed
|-singleturn|p1a: Politoed|Protect
|move|p2a: Garchomp|Earthquake|p1b: Incineroar|[spread] p1b
|-activate|p1a: Politoed|move: Protect
|-immune|p2b: Pelipper
|-supereffective|p1b: Incineroar|1
|-damage|p1b: Incineroar|0 fnt
|faint|p1b: Incineroar
|-damage|p2a: Garchomp|80/100|[from] item: Life Orb
|move|p2b: Pelipper|Weather Ball|p1a: Politoed
|-activate|p1a: Politoed|move: Protect
|
|-weather|RainDance|[upkeep]
|upkeep
|
|t:|1785677499
|switch|p1b: Basculegion|Basculegion, L50, M|100/100
|turn|4
|
|t:|1785677520
|move|p2a: Garchomp|Earthquake|p1b: Basculegion|[spread] p1a,p1b
|-immune|p2b: Pelipper
|-crit|p1b: Basculegion
|-damage|p1a: Politoed|0 fnt
|-damage|p1b: Basculegion|5/100
|faint|p1a: Politoed
|-damage|p2a: Garchomp|70/100|[from] item: Life Orb
|move|p1b: Basculegion|Last Respects|p2a: Garchomp
|-damage|p2a: Garchomp|0 fnt
|faint|p2a: Garchomp
|-damage|p1b: Basculegion|0 fnt|[from] item: Life Orb
|faint|p1b: Basculegion
|move|p2b: Pelipper|Hurricane|p1: Politoed|[notarget]
|-fail|p2b: Pelipper
|
|-weather|RainDance|[upkeep]
|upkeep
|
|t:|1785677537
|switch|p2a: Espathra|Espathra, L50, F|100/100
|switch|p1b: Gengar|Gengar-Mega, L50, M|100/100
|turn|5
|
|t:|1785677547
|move|p2a: Espathra|Lumina Crash|p1b: Gengar
|-supereffective|p1b: Gengar|1
|-damage|p1b: Gengar|6/100
|-unboost|p1b: Gengar|spd|2
|move|p1b: Gengar|Perish Song|p1b: Gengar
|-start|p1b: Gengar|perish3|[silent]
|-start|p2a: Espathra|perish3|[silent]
|-start|p2b: Pelipper|perish3|[silent]
|-fieldactivate|move: Perish Song
|move|p2b: Pelipper|Hurricane|p1b: Gengar
|-damage|p1b: Gengar|0 fnt
|faint|p1b: Gengar
|
|win|desbrozadorasGoian
|raw|sampsonwildbeast's rating: 1069 → 1049(-20 for losing)
|raw|desbrozadorasGoian's rating: 1073 → 1102(+29 for winning)
