|j|☆ZilverZurfer
|j|☆rainsmeller5000
|html|ZilverZurferrainsmeller5000    
|uhtml|bestof|Game 1 of a best-of-3
|t:|1757631736
|gametype|doubles
|player|p1|ZilverZurfer|2|1132
|player|p2|rainsmeller5000|265|1000
|gen|9
|tier|[Gen 9] VGC 2025 Reg H (Bo3)
|rated|
|rule|Species Clause: Limit one of each Pokémon
|rule|Item Clause: Limit 1 of each item
|clearpoke
|poke|p1|Torkoal, L50, M|
|poke|p1|Lilligant-Hisui, L50, F|
|poke|p1|Indeedee-F, L50, F|
|poke|p1|Hatterene, L50, F|
|poke|p1|Gallade, L50, M|
|poke|p1|Ursaluna, L50, M|
|poke|p2|Politoed, L50, M|
|poke|p2|Archaludon, L50, F|
|poke|p2|Kingdra, L50, M|
|poke|p2|Incineroar, L50, F|
|poke|p2|Amoonguss, L50, M|
|poke|p2|Gothitelle, L50, F|
|teampreview|4
|showteam|p1|Torkoal||ChoiceSpecs|Drought|Eruption,HeatWave,EarthPower,WeatherBall|||M|||50|,,,,,Fire]Lilligant-Hisui||FocusSash|Chlorophyll|Protect,AfterYou,CloseCombat,SolarBlade|||F|||50|,,,,,Ghost]Indeedee-F||PsychicSeed|PsychicSurge|Psychic,HelpingHand,TrickRoom,FollowMe|||F|||50|,,,,,Water]Hatterene||LifeOrb|MagicBounce|Protect,ExpandingForce,DazzlingGleam,TrickRoom|||F|||50|,,,,,Fire]Gallade||ClearAmulet|Sharpness|SacredSword,PsychoCut,TrickRoom,WideGuard|||M|||50|,,,,,Grass]Ursaluna||FlameOrb|Guts|Protect,HeadlongRush,Earthquake,Facade|||M|||50|,,,,,Ghost
|showteam|p2|Politoed||Leftovers|Drizzle|Protect,WeatherBall,PerishSong,Encore|||M|||50|,,,,,Grass]Archaludon||PowerHerb|Sturdy|Protect,ElectroShot,FlashCannon,DragonPulse|||F|||50|,,,,,Electric]Kingdra||LifeOrb|SwiftSwim|Protect,DracoMeteor,WeatherBall,MuddyWater|||M|||50|,,,,,Stellar]Incineroar||SafetyGoggles|Intimidate|FakeOut,KnockOff,PartingShot,Protect|||F|||50|,,,,,Ghost]Amoonguss||EjectButton|Regenerator|Protect,RagePowder,Spore,PollenPuff|||M|||50|,,,,,Fairy]Gothitelle||SitrusBerry|ShadowTag|Protect,Psychic,FakeOut,TrickRoom|||F|||50|,,,,,Dark
|inactive|Battle timer is ON: inactive players will automatically lose when time's up. (requested by ZilverZurfer)
|inactive|ZilverZurfer has 60 seconds left.
|inactive|rainsmeller5000 has 60 seconds left.
|
|t:|1757631787
|teamsize|p1|4
|teamsize|p2|4
|start
|switch|p1a: Indeedee|Indeedee-F, L50, F|100/100
|switch|p1b: Hatterene|Hatterene, L50, F|100/100
|switch|p2a: Incineroar|Incineroar, L50, F|100/100
|switch|p2b: Amoonguss|Amoonguss, L50, M|100/100
|-fieldstart|move: Psychic Terrain|[from] ability: Psychic Surge|[of] p1a: Indeedee
|-enditem|p1a: Indeedee|Psychic Seed
|-boost|p1a: Indeedee|spd|1|[from] item: Psychic Seed
|-ability|p2a: Incineroar|Intimidate|boost
|-unboost|p1a: Indeedee|atk|1
|-unboost|p1b: Hatterene|atk|1
|turn|1
|inactive|ZilverZurfer has 30 seconds left.
|inactive|ZilverZurfer has 20 seconds left.
|inactive|ZilverZurfer has 15 seconds left.
|inactive|ZilverZurfer has 10 seconds left.
|inactive|rainsmeller5000 has 30 seconds left.
|
|t:|1757631838
|-terastallize|p2b: Amoonguss|Fairy
|move|p1a: Indeedee|Follow Me|p1a: Indeedee
|-singleturn|p1a: Indeedee|move: Follow Me
|move|p2a: Incineroar|Knock Off|p1a: Indeedee
|-supereffective|p1a: Indeedee
|-damage|p1a: Indeedee|46/100
|move|p2b: Amoonguss|Spore|p1a: Indeedee
|-status|p1a: Indeedee|slp|[from] move: Spore
|move|p1b: Hatterene|Trick Room|p1b: Hatterene
|-fieldstart|move: Trick Room|[of] p1b: Hatterene
|
|upkeep
|turn|2
|inactive|ZilverZurfer has 30 seconds left.
|
|t:|1757631865
|cant|p1a: Indeedee|slp
|move|p1b: Hatterene|Expanding Force|p2b: Amoonguss|[spread] p2b
|-immune|p2a: Incineroar
|-damage|p2b: Amoonguss|42/100
|-enditem|p2b: Amoonguss|Eject Button
|-damage|p1b: Hatterene|91/100|[from] item: Life Orb
|
|t:|1757631877
|switch|p2b: Gothitelle|Gothitelle, L50, F|100/100
|move|p2a: Incineroar|Knock Off|p1a: Indeedee
|-supereffective|p1a: Indeedee
|-damage|p1a: Indeedee|0 fnt
|faint|p1a: Indeedee
|
|upkeep
|
|t:|1757631888
|switch|p1a: Torkoal|Torkoal, L50, M|100/100
|-weather|SunnyDay|[from] ability: Drought|[of] p1a: Torkoal
|turn|3
|
|t:|1757631896
|-terastallize|p1a: Torkoal|Fire
|move|p2a: Incineroar|Protect|p2a: Incineroar
|-singleturn|p2a: Incineroar|Protect
|move|p1a: Torkoal|Eruption|p2b: Gothitelle|[spread] p2b
|-activate|p2a: Incineroar|move: Protect
|-damage|p2b: Gothitelle|6/100
|-enditem|p2b: Gothitelle|Sitrus Berry|[eat]
|-heal|p2b: Gothitelle|30/100|[from] item: Sitrus Berry
|move|p1b: Hatterene|Dazzling Gleam|p2a: Incineroar|[spread] p2b
|-activate|p2a: Incineroar|move: Protect
|-damage|p2b: Gothitelle|1/100
|-damage|p1b: Hatterene|82/100|[from] item: Life Orb
|move|p2b: Gothitelle|Trick Room|p2b: Gothitelle
|-fieldend|move: Trick Room
|
|-weather|SunnyDay|[upkeep]
|upkeep
|turn|4
|
|t:|1757631919
|move|p2b: Gothitelle|Protect|p2b: Gothitelle
|-singleturn|p2b: Gothitelle|Protect
|move|p2a: Incineroar|Parting Shot|p1a: Torkoal
|-unboost|p1a: Torkoal|atk|1
|-unboost|p1a: Torkoal|spa|1
|
|t:|1757631925
|switch|p2a: Politoed|Politoed, L50, M|100/100|[from] Parting Shot
|-weather|RainDance|[from] ability: Drizzle|[of] p2a: Politoed
|move|p1a: Torkoal|Eruption|p2b: Gothitelle|[spread] p2a
|-activate|p2b: Gothitelle|move: Protect
|-resisted|p2a: Politoed
|-damage|p2a: Politoed|89/100
|move|p1b: Hatterene|Trick Room|p1b: Hatterene
|-fieldstart|move: Trick Room|[of] p1b: Hatterene
|
|-weather|RainDance|[upkeep]
|-heal|p2a: Politoed|95/100|[from] item: Leftovers
|upkeep
|turn|5
|
|t:|1757631946
|switch|p2b: Incineroar|Incineroar, L50, F|100/100
|-ability|p2b: Incineroar|Intimidate|boost
|-unboost|p1a: Torkoal|atk|1
|-unboost|p1b: Hatterene|atk|1
|move|p1a: Torkoal|Eruption|p2b: Incineroar|[spread] p2a,p2b
|-resisted|p2a: Politoed
|-resisted|p2b: Incineroar
|-damage|p2a: Politoed|84/100
|-damage|p2b: Incineroar|89/100
|move|p1b: Hatterene|Expanding Force|p2b: Incineroar|[spread] p2a
|-immune|p2b: Incineroar
|-damage|p2a: Politoed|29/100
|-damage|p1b: Hatterene|72/100|[from] item: Life Orb
|move|p2a: Politoed|Weather Ball|p1a: Torkoal
|-supereffective|p1a: Torkoal
|-damage|p1a: Torkoal|0 fnt
|faint|p1a: Torkoal
|
|-weather|RainDance|[upkeep]
|-heal|p2a: Politoed|35/100|[from] item: Leftovers
|-fieldend|move: Psychic Terrain
|upkeep
|
|t:|1757631961
|switch|p1a: Gallade|Gallade, L50, M|100/100
|turn|6
|inactive|rainsmeller5000 has 30 seconds left.
|
|t:|1757631991
|switch|p2b: Amoonguss|Amoonguss, L50, M, tera:Fairy|75/100
|move|p2a: Politoed|Protect|p2a: Politoed
|-singleturn|p2a: Politoed|Protect
|move|p1b: Hatterene|Dazzling Gleam|p2b: Amoonguss|[spread] p2b
|-activate|p2a: Politoed|move: Protect
|-crit|p2b: Amoonguss
|-damage|p2b: Amoonguss|32/100
|-damage|p1b: Hatterene|63/100|[from] item: Life Orb
|move|p1a: Gallade|Sacred Sword|p2b: Amoonguss
|-resisted|p2b: Amoonguss
|-damage|p2b: Amoonguss|0 fnt
|faint|p2b: Amoonguss
|
|-weather|RainDance|[upkeep]
|-heal|p2a: Politoed|41/100|[from] item: Leftovers
|upkeep
|
|t:|1757632010
|switch|p2b: Incineroar|Incineroar, L50, F|89/100
|-ability|p2b: Incineroar|Intimidate|boost
|-fail|p1a: Gallade|unboost|[from] item: Clear Amulet|[of] p1a: Gallade
|-unboost|p1b: Hatterene|atk|1
|turn|7
|
|t:|1757632026
|move|p2b: Incineroar|Fake Out|p1a: Gallade
|-damage|p1a: Gallade|87/100
|move|p1b: Hatterene|Dazzling Gleam|p2a: Politoed|[spread] p2a,p2b
|-damage|p2a: Politoed|11/100
|-damage|p2b: Incineroar|57/100
|-damage|p1b: Hatterene|53/100|[from] item: Life Orb
|move|p2a: Politoed|Weather Ball|p1b: Hatterene
|-damage|p1b: Hatterene|4/100
|cant|p1a: Gallade|flinch
|
|-weather|RainDance|[upkeep]
|-heal|p2a: Politoed|17/100|[from] item: Leftovers
|upkeep
|turn|8
|
|t:|1757632041
|switch|p2b: Gothitelle|Gothitelle, L50, F|1/100
|move|p2a: Politoed|Protect|p2a: Politoed
|-singleturn|p2a: Politoed|Protect
|move|p1b: Hatterene|Dazzling Gleam|p2b: Gothitelle|[spread] p2b
|-activate|p2a: Politoed|move: Protect
|-damage|p2b: Gothitelle|0 fnt
|faint|p2b: Gothitelle
|-damage|p1b: Hatterene|0 fnt|[from] item: Life Orb
|faint|p1b: Hatterene
|move|p1a: Gallade|Sacred Sword|p2a: Politoed
|-activate|p2a: Politoed|move: Protect
|
|-weather|none
|-heal|p2a: Politoed|23/100|[from] item: Leftovers
|-fieldend|move: Trick Room
|upkeep
|
|t:|1757632056
|switch|p2b: Incineroar|Incineroar, L50, F|57/100
|-ability|p2b: Incineroar|Intimidate|boost
|-fail|p1a: Gallade|unboost|[from] item: Clear Amulet|[of] p1a: Gallade
|turn|9
|
|t:|1757632071
|move|p2b: Incineroar|Fake Out|p1a: Gallade
|-damage|p1a: Gallade|72/100
|cant|p1a: Gallade|flinch
|move|p2a: Politoed|Perish Song|p2a: Politoed
|-start|p1a: Gallade|perish3|[silent]
|-start|p2a: Politoed|perish3|[silent]
|-start|p2b: Incineroar|perish3|[silent]
|-fieldactivate|move: Perish Song
|
|-heal|p2a: Politoed|29/100|[from] item: Leftovers
|-start|p1a: Gallade|perish3
|-start|p2a: Politoed|perish3
|-start|p2b: Incineroar|perish3
|upkeep
|turn|10
|
|t:|1757632087
|move|p2b: Incineroar|Protect|p2b: Incineroar
|-singleturn|p2b: Incineroar|Protect
|move|p1a: Gallade|Sacred Sword|p2b: Incineroar
|-activate|p2b: Incineroar|move: Protect
|move|p2a: Politoed|Weather Ball|p1a: Gallade
|-damage|p1a: Gallade|62/100
|
|-heal|p2a: Politoed|35/100|[from] item: Leftovers
|-start|p1a: Gallade|perish2
|-start|p2a: Politoed|perish2
|-start|p2b: Incineroar|perish2
|upkeep
|turn|11
|inactive|rainsmeller5000 has 30 seconds left.
|
|t:|1757632113
|move|p2a: Politoed|Protect|p2a: Politoed
|-singleturn|p2a: Politoed|Protect
|move|p2b: Incineroar|Protect||[still]
|-fail|p2b: Incineroar
|move|p1a: Gallade|Sacred Sword|p2b: Incineroar
|-supereffective|p2b: Incineroar
|-damage|p2b: Incineroar|0 fnt
|faint|p2b: Incineroar
|
|-heal|p2a: Politoed|41/100|[from] item: Leftovers
|-start|p1a: Gallade|perish1
|-start|p2a: Politoed|perish1
|upkeep
|turn|12
|
|t:|1757632127
|move|p1a: Gallade|Sacred Sword|p2a: Politoed
|-damage|p2a: Politoed|0 fnt
|faint|p2a: Politoed
|
|win|ZilverZurfer
||ZilverZurfer is ready for game 2.
||rainsmeller5000 is ready for game 2.
|uhtml|next|Next: Game 2 of 3
|l|☆rainsmeller5000
|player|p2|
