|j|☆big electric fan
|j|☆is_katabo
|html|big electric fanis_katabo    
|uhtml|bestof|Game 1 of a best-of-3
|t:|1784329792
|gametype|doubles
|player|p1|big electric fan|liza|1272
|player|p2|is_katabo|youngster-gen4dp|1296
|gen|9
|tier|[Gen 9 Champions] VGC 2026 Reg M-B (Bo3)
|rated|
|rule|Species Clause: Limit one of each Pokémon
|rule|Item Clause: Limit 1 of each item
|clearpoke
|poke|p1|Scrafty, L50, F|
|poke|p1|Metagross, L50|
|poke|p1|Mamoswine, L50, M|
|poke|p1|Toxapex, L50, M|
|poke|p1|Dragonite, L50, F|
|poke|p1|Charizard, L50, M|
|poke|p2|Metagross, L50|
|poke|p2|Sinistcha, L50|
|poke|p2|Incineroar, L50, F|
|poke|p2|Dragonite, L50, F|
|poke|p2|Ninetales-Alola, L50, F|
|poke|p2|Milotic, L50, F|
|teampreview|4
|showteam|p1|Scrafty||Scraftinite|Intimidate|ThroatChop,DrainPunch,FakeOut,Protect|Impish||F|||50|]Metagross||MetalCoat|ClearBody|MeteorMash,PsychicFangs,BulletPunch,Protect|Adamant|||||50|]Mamoswine||FocusSash|Oblivious|Earthquake,IcicleCrash,IceShard,Protect|Adamant||M|||50|]Toxapex||Leftovers|Regenerator|Infestation,Toxic,WideGuard,BanefulBunker|Bold||M|||50|]Dragonite||DragonFang|Multiscale|DragonClaw,ExtremeSpeed,FirePunch,Protect|Adamant||F|||50|]Charizard||CharizarditeY|Blaze|HeatWave,SolarBeam,WeatherBall,Protect|Timid||M|||50|
|showteam|p2|Metagross||Metagrossite|ClearBody|PsychicFangs,BodyPress,CosmicPower,Protect|Careful|||||50|]Sinistcha||KasibBerry|Hospitality|MatchaGotcha,ShadowBall,RagePowder,Protect|Bold|||||50|]Incineroar||SitrusBerry|Intimidate|FakeOut,DarkestLariat,FlareBlitz,PartingShot|Careful||F|||50|]Dragonite||Dragoninite|Multiscale|DragonPulse,HeatWave,Tailwind,Protect|Timid||F|||50|]Ninetales-Alola||FocusSash|SnowWarning|Blizzard,FreezeDry,Encore,Protect|Timid||F|||50|]Milotic||Leftovers|Competitive|MuddyWater,Hypnosis,Coil,Protect|Calm||F|||50|
|
|t:|1784329834
|teamsize|p1|4
|teamsize|p2|4
|start
|switch|p1a: Charizard|Charizard, L50, M|100/100
|switch|p1b: Scrafty|Scrafty, L50, F|100/100
|switch|p2a: Dragonite|Dragonite, L50, F|100/100
|switch|p2b: Incineroar|Incineroar, L50, F|100/100
|-ability|p2b: Incineroar|Intimidate|boost
|-unboost|p1a: Charizard|atk|1
|-unboost|p1b: Scrafty|atk|1
|-ability|p1b: Scrafty|Intimidate|boost
|-unboost|p2a: Dragonite|atk|1
|-unboost|p2b: Incineroar|atk|1
|turn|1
|inactive|Battle timer is ON: inactive players will automatically lose when time's up. (requested by big electric fan)
|
|t:|1784329858
|switch|p1a: Toxapex|Toxapex, L50, M|100/100
|detailschange|p2a: Dragonite|Dragonite-Mega, L50, F
|-mega|p2a: Dragonite|Dragonite|Dragoninite
|move|p2b: Incineroar|Fake Out|p1b: Scrafty
|-damage|p1b: Scrafty|94/100
|cant|p1b: Scrafty|flinch
|move|p2a: Dragonite|Dragon Pulse|p1a: Toxapex
|-damage|p1a: Toxapex|65/100
|
|-heal|p1a: Toxapex|71/100|[from] item: Leftovers
|upkeep
|turn|2
|inactive|is_katabo has 30 seconds left.
|
|t:|1784329885
|switch|p2a: Milotic|Milotic, L50, F|100/100
|move|p2b: Incineroar|Parting Shot|p1b: Scrafty
|-unboost|p1b: Scrafty|atk|1
|-unboost|p1b: Scrafty|spa|1
|
|t:|1784329893
|switch|p2b: Ninetales|Ninetales-Alola, L50, F|100/100|[from] Parting Shot
|-weather|Snowscape|[from] ability: Snow Warning|[of] p2b: Ninetales
|move|p1b: Scrafty|Drain Punch|p2b: Ninetales
|-damage|p2b: Ninetales|88/100
|-heal|p1b: Scrafty|100/100|[from] drain|[of] p2b: Ninetales
|move|p1a: Toxapex|Toxic|p2a: Milotic
|-status|p2a: Milotic|tox
|
|-weather|Snowscape|[upkeep]
|-heal|p1a: Toxapex|77/100|[from] item: Leftovers
|-damage|p2a: Milotic|94/100 tox|[from] psn
|upkeep
|turn|3
|
|t:|1784329915
|switch|p1b: Charizard|Charizard, L50, M|100/100
|move|p2b: Ninetales|Encore|p1a: Toxapex
|-start|p1a: Toxapex|Encore
|move|p2a: Milotic|Coil|p2a: Milotic
|-boost|p2a: Milotic|atk|1
|-boost|p2a: Milotic|def|1
|-boost|p2a: Milotic|accuracy|1
|move|p1a: Toxapex|Toxic|p2b: Ninetales
|-status|p2b: Ninetales|tox
|
|-weather|Snowscape|[upkeep]
|-heal|p2a: Milotic|100/100 tox|[from] item: Leftovers
|-heal|p1a: Toxapex|82/100|[from] item: Leftovers
|-damage|p2b: Ninetales|82/100 tox|[from] psn
|-damage|p2a: Milotic|88/100 tox|[from] psn
|upkeep
|turn|4
|inactive|big electric fan has 30 seconds left.
|
|t:|1784329949
|detailschange|p1b: Charizard|Charizard-Mega-Y, L50, M
|-mega|p1b: Charizard|Charizard|Charizardite Y
|-weather|SunnyDay|[from] ability: Drought|[of] p1b: Charizard
|move|p2b: Ninetales|Freeze-Dry|p1a: Toxapex
|-supereffective|p1a: Toxapex|1
|-damage|p1a: Toxapex|40/100
|move|p1b: Charizard|Heat Wave|p2b: Ninetales|[spread] p2a,p2b
|-resisted|p2a: Milotic|1
|-supereffective|p2b: Ninetales|1
|-damage|p2a: Milotic|72/100 tox
|-damage|p2b: Ninetales|0 fnt
|faint|p2b: Ninetales
|move|p2a: Milotic|Muddy Water|p1b: Charizard|[spread] p1a,p1b
|-resisted|p1a: Toxapex|1
|-supereffective|p1b: Charizard|1
|-damage|p1a: Toxapex|36/100
|-damage|p1b: Charizard|78/100
|move|p1a: Toxapex|Toxic|p2a: Milotic
|-fail|p2a: Milotic|tox
|
|-weather|SunnyDay|[upkeep]
|-heal|p2a: Milotic|78/100 tox|[from] item: Leftovers
|-heal|p1a: Toxapex|42/100|[from] item: Leftovers
|-damage|p2a: Milotic|60/100 tox|[from] psn
|upkeep
|
|t:|1784329959
|switch|p2b: Dragonite|Dragonite-Mega, L50, F|100/100
|turn|5
|
|t:|1784329982
|move|p1b: Charizard|Protect|p1b: Charizard
|-singleturn|p1b: Charizard|Protect
|move|p2b: Dragonite|Dragon Pulse|p1a: Toxapex
|-damage|p1a: Toxapex|5/100
|move|p2a: Milotic|Hypnosis|p1a: Toxapex
|-status|p1a: Toxapex|slp|[from] move: Hypnosis
|cant|p1a: Toxapex|slp
|
|-weather|SunnyDay|[upkeep]
|-heal|p2a: Milotic|66/100 tox|[from] item: Leftovers
|-heal|p1a: Toxapex|10/100 slp|[from] item: Leftovers
|-damage|p2a: Milotic|42/100 tox|[from] psn
|-end|p1a: Toxapex|Encore
|upkeep
|turn|6
|
|t:|1784330004
|switch|p2a: Incineroar|Incineroar, L50, F|100/100
|-ability|p2a: Incineroar|Intimidate|boost
|-unboost|p1a: Toxapex|atk|1
|-unboost|p1b: Charizard|atk|1
|-heal|p1a: Toxapex|43/100 slp|[from] ability: Regenerator|[silent]
|switch|p1a: Scrafty|Scrafty, L50, F|100/100
|-ability|p1a: Scrafty|Intimidate|boost
|-unboost|p2a: Incineroar|atk|1
|-unboost|p2b: Dragonite|atk|1
|move|p2b: Dragonite|Heat Wave|p1a: Scrafty|[spread] p1a,p1b
|-resisted|p1b: Charizard|1
|-damage|p1a: Scrafty|66/100
|-damage|p1b: Charizard|60/100
|-status|p1a: Scrafty|brn
|move|p1b: Charizard|Weather Ball|p2b: Dragonite
|-resisted|p2b: Dragonite|1
|-damage|p2b: Dragonite|82/100
|
|-weather|SunnyDay|[upkeep]
|-damage|p1a: Scrafty|60/100 brn|[from] brn
|upkeep
|turn|7
|
|t:|1784330026
|switch|p1b: Toxapex|Toxapex, L50, M|43/100 slp
|move|p2a: Incineroar|Fake Out|p1a: Scrafty
|-damage|p1a: Scrafty|55/100 brn
|move|p2b: Dragonite|Dragon Pulse|p1b: Toxapex
|-damage|p1b: Toxapex|3/100 slp
|cant|p1a: Scrafty|flinch
|
|-weather|SunnyDay|[upkeep]
|-heal|p1b: Toxapex|9/100 slp|[from] item: Leftovers
|-damage|p1a: Scrafty|49/100 brn|[from] brn
|upkeep
|turn|8
|
|t:|1784330049
|-heal|p1b: Toxapex|42/100 slp|[from] ability: Regenerator|[silent]
|switch|p1b: Charizard|Charizard-Mega-Y, L50, M|60/100
|move|p2b: Dragonite|Heat Wave|p1a: Scrafty|[spread] p1a,p1b
|-resisted|p1b: Charizard|1
|-damage|p1a: Scrafty|13/100 brn
|-damage|p1b: Charizard|43/100
|move|p2a: Incineroar|Flare Blitz|p1a: Scrafty
|-damage|p1a: Scrafty|0 fnt
|faint|p1a: Scrafty
|-damage|p2a: Incineroar|96/100|[from] Recoil
|
|-weather|none
|upkeep
|
|t:|1784330058
|switch|p1a: Toxapex|Toxapex, L50, M|42/100 slp
|turn|9
|
|t:|1784330071
|switch|p1b: Mamoswine|Mamoswine, L50, M|100/100
|move|p2b: Dragonite|Dragon Pulse|p1a: Toxapex
|-damage|p1a: Toxapex|5/100 slp
|move|p2a: Incineroar|Darkest Lariat|p1a: Toxapex
|-damage|p1a: Toxapex|0 fnt
|faint|p1a: Toxapex
|
|upkeep
|
|t:|1784330077
|switch|p1a: Charizard|Charizard-Mega-Y, L50, M|43/100
|-weather|SunnyDay|[from] ability: Drought|[of] p1a: Charizard
|turn|10
|
|t:|1784330090
|move|p2b: Dragonite|Heat Wave|p1b: Mamoswine|[spread] p1a
|-miss|p2b: Dragonite|p1b: Mamoswine
|-resisted|p1a: Charizard|1
|-damage|p1a: Charizard|26/100
|move|p1a: Charizard|Weather Ball|p2a: Incineroar
|-resisted|p2a: Incineroar|1
|-damage|p2a: Incineroar|61/100
|move|p1b: Mamoswine|Earthquake|p2b: Dragonite|[spread] p2a
|-immune|p1a: Charizard
|-immune|p2b: Dragonite
|-supereffective|p2a: Incineroar|1
|-damage|p2a: Incineroar|0 fnt
|faint|p2a: Incineroar
|
|-weather|SunnyDay|[upkeep]
|upkeep
|
|t:|1784330097
|switch|p2a: Milotic|Milotic, L50, F|42/100 tox
|turn|11
|
|t:|1784330118
|move|p1a: Charizard|Protect|p1a: Charizard
|-singleturn|p1a: Charizard|Protect
|move|p1b: Mamoswine|Ice Shard|p2b: Dragonite
|-supereffective|p2b: Dragonite|2
|-damage|p2b: Dragonite|0 fnt
|faint|p2b: Dragonite
|move|p2a: Milotic|Muddy Water|p1b: Mamoswine|[spread] p1b
|-activate|p1a: Charizard|move: Protect
|-supereffective|p1b: Mamoswine|1
|-damage|p1b: Mamoswine|67/100
|
|-weather|SunnyDay|[upkeep]
|-heal|p2a: Milotic|48/100 tox|[from] item: Leftovers
|-damage|p2a: Milotic|42/100 tox|[from] psn
|upkeep
|turn|12
|-message|is_katabo forfeited.
|
|win|big electric fan
