|j|☆GS Barnabe
|j|☆piipyy
|html|GS Barnabepiipyy    
|uhtml|bestof|Game 2 of a best-of-3
|t:|1785895354
|gametype|doubles
|player|p1|GS Barnabe|102|1078
|player|p2|piipyy|170|1134
|gen|9
|tier|[Gen 9 Champions] VGC 2026 Reg M-B (Bo3)
|rated|
|rule|Species Clause: Limit one of each Pokémon
|rule|Item Clause: Limit 1 of each item
|clearpoke
|poke|p1|Clefable, L50, F|
|poke|p1|Tyranitar, L50, F|
|poke|p1|Garchomp, L50, M|
|poke|p1|Gholdengo, L50|
|poke|p1|Rotom-Wash, L50|
|poke|p1|Aerodactyl, L50, F|
|poke|p2|Charizard, L50, M|
|poke|p2|Garchomp, L50, M|
|poke|p2|Venusaur, L50, F|
|poke|p2|Kingambit, L50, M|
|poke|p2|Basculegion, L50, M|
|poke|p2|Floette-Eternal, L50, F|
|teampreview|4
|showteam|p1|Clefable||SitrusBerry|Unaware|Moonblast,FollowMe,HealPulse,Protect|Bold||F|||50|]Tyranitar||ChoiceScarf|SandStream|RockSlide,KnockOff,IcePunch,Superpower|Jolly||F|||50|]Garchomp||Garchompite|SandVeil|DracoMeteor,EarthPower,PowerGem,Protect|Modest||M|||50|]Gholdengo||LifeOrb|GoodasGold|MakeItRain,ShadowBall,NastyPlot,Protect|Modest|||||50|]Rotom-Wash||Leftovers|Levitate|HydroPump,VoltSwitch,WillOWisp,Protect|Calm|||||50|]Aerodactyl||Aerodactylite|RockHead|RockSlide,DualWingbeat,Tailwind,Protect|Jolly||F|||50|
|showteam|p2|Charizard||CharizarditeY|Blaze|HeatWave,WeatherBall,SolarBeam,Protect|Timid||M|||50|]Garchomp||SitrusBerry|RoughSkin|RockSlide,Earthquake,DragonClaw,Protect|Jolly||M|||50|]Venusaur||FocusSash|Chlorophyll|SludgeBomb,SleepPowder,Protect,EarthPower|Modest||F|||50|]Kingambit||BlackGlasses|Defiant|KowtowCleave,SuckerPunch,IronDefense,Protect|Adamant||M|||50|]Basculegion||MysticWater|Adaptability|AquaJet,WaveCrash,LastRespects,Protect|Adamant||M|||50|]Floette-Eternal||Floettite|FlowerVeil|Synthesis,LightofRuin,CalmMind,Moonblast|Timid||F|||50|
|
|t:|1785895379
|teamsize|p1|4
|teamsize|p2|4
|start
|switch|p1a: Aerodactyl|Aerodactyl, L50, F|100/100
|switch|p1b: Rotom|Rotom-Wash, L50|100/100
|switch|p2a: Charizard|Charizard, L50, M|100/100
|switch|p2b: Venusaur|Venusaur, L50, F|100/100
|turn|1
|inactive|Battle timer is ON: inactive players will automatically lose when time's up. (requested by GS Barnabe)
|
|t:|1785895440
|detailschange|p2a: Charizard|Charizard-Mega-Y, L50, M
|-mega|p2a: Charizard|Charizard|Charizardite Y
|-weather|SunnyDay|[from] ability: Drought|[of] p2a: Charizard
|move|p1a: Aerodactyl|Protect|p1a: Aerodactyl
|-singleturn|p1a: Aerodactyl|Protect
|move|p1b: Rotom|Protect|p1b: Rotom
|-singleturn|p1b: Rotom|Protect
|move|p2b: Venusaur|Sleep Powder|p1a: Aerodactyl
|-activate|p1a: Aerodactyl|move: Protect
|move|p2a: Charizard|Solar Beam||[still]
|-prepare|p2a: Charizard|Solar Beam
|-anim|p2a: Charizard|Solar Beam|p1a: Aerodactyl
|-activate|p1a: Aerodactyl|move: Protect
|
|-weather|SunnyDay|[upkeep]
|upkeep
|turn|2
|inactive|GS Barnabe has 30 seconds left.
|inactive|piipyy has 30 seconds left.
|inactive|GS Barnabe has 20 seconds left.
|inactive|piipyy has 20 seconds left.
|
|t:|1785895480
|switch|p1b: Tyranitar|Tyranitar, L50, F|100/100
|-weather|Sandstorm|[from] ability: Sand Stream|[of] p1b: Tyranitar
|detailschange|p1a: Aerodactyl|Aerodactyl-Mega, L50, F
|-mega|p1a: Aerodactyl|Aerodactyl|Aerodactylite
|move|p1a: Aerodactyl|Tailwind|p1a: Aerodactyl
|-sidestart|p1: GS Barnabe|move: Tailwind
|move|p2a: Charizard|Solar Beam||[still]
|-prepare|p2a: Charizard|Solar Beam
|move|p2b: Venusaur|Sleep Powder|p1a: Aerodactyl
|-status|p1a: Aerodactyl|slp|[from] move: Sleep Powder
|
|-weather|Sandstorm|[upkeep]
|-damage|p2a: Charizard|94/100|[from] Sandstorm
|-damage|p2b: Venusaur|94/100|[from] Sandstorm
|upkeep
|turn|3
|inactive|piipyy has 30 seconds left.
|
|t:|1785895507
|cant|p1a: Aerodactyl|slp
|move|p1b: Tyranitar|Rock Slide|p2a: Charizard|[spread] p2a,p2b
|-supereffective|p2a: Charizard|2
|-crit|p2a: Charizard
|-damage|p2a: Charizard|0 fnt
|-damage|p2b: Venusaur|56/100
|faint|p2a: Charizard
|move|p2b: Venusaur|Sleep Powder|p1b: Tyranitar
|-status|p1b: Tyranitar|slp|[from] move: Sleep Powder
|
|-weather|Sandstorm|[upkeep]
|-damage|p2b: Venusaur|50/100g|[from] Sandstorm
|upkeep
|
|t:|1785895519
|switch|p2a: Basculegion|Basculegion, L50, M|100/100
|turn|4
|
|t:|1785895544
|switch|p1b: Rotom|Rotom-Wash, L50|100/100
|cant|p1a: Aerodactyl|slp
|move|p2b: Venusaur|Earth Power|p1b: Rotom
|-immune|p1b: Rotom|[from] ability: Levitate
|move|p2a: Basculegion|Wave Crash|p1a: Aerodactyl
|-supereffective|p1a: Aerodactyl|1
|-damage|p1a: Aerodactyl|0 fnt
|faint|p1a: Aerodactyl
|-damage|p2a: Basculegion|72/100|[from] Recoil
|
|-weather|Sandstorm|[upkeep]
|-damage|p1b: Rotom|94/100|[from] Sandstorm
|-damage|p2b: Venusaur|44/100|[from] Sandstorm
|-damage|p2a: Basculegion|66/100|[from] Sandstorm
|-heal|p1b: Rotom|100/100|[from] item: Leftovers
|upkeep
|
|t:|1785895564
|switch|p1a: Gholdengo|Gholdengo, L50|100/100
|turn|5
|
|t:|1785895584
|move|p2b: Venusaur|Protect|p2b: Venusaur
|-singleturn|p2b: Venusaur|Protect
|move|p2a: Basculegion|Protect|p2a: Basculegion
|-singleturn|p2a: Basculegion|Protect
|move|p1b: Rotom|Will-O-Wisp|p2a: Basculegion
|-activate|p2a: Basculegion|move: Protect
|move|p1a: Gholdengo|Nasty Plot|p1a: Gholdengo
|-boost|p1a: Gholdengo|spa|2
|
|-weather|Sandstorm|[upkeep]
|-damage|p1b: Rotom|94/100|[from] Sandstorm
|-damage|p2b: Venusaur|38/100|[from] Sandstorm
|-damage|p2a: Basculegion|60/100|[from] Sandstorm
|-heal|p1b: Rotom|100/100|[from] item: Leftovers
|-sideend|p1: GS Barnabe|move: Tailwind
|upkeep
|turn|6
|inactive|GS Barnabe has 30 seconds left.
|
|t:|1785895610
|move|p2b: Venusaur|Earth Power|p1a: Gholdengo
|-supereffective|p1a: Gholdengo|1
|-damage|p1a: Gholdengo|39/100
|move|p2a: Basculegion|Last Respects|p1a: Gholdengo
|-supereffective|p1a: Gholdengo|1
|-damage|p1a: Gholdengo|0 fnt
|faint|p1a: Gholdengo
|move|p1b: Rotom|Will-O-Wisp|p2a: Basculegion|[miss]
|-miss|p1b: Rotom|p2a: Basculegion
|
|-weather|none
|upkeep
|
|t:|1785895622
|switch|p1a: Tyranitar|Tyranitar, L50, F|100/100 slp
|-weather|Sandstorm|[from] ability: Sand Stream|[of] p1a: Tyranitar
|turn|7
|inactive|piipyy has 30 seconds left.
|
|t:|1785895651
|move|p2a: Basculegion|Protect|p2a: Basculegion
|-singleturn|p2a: Basculegion|Protect
|cant|p1a: Tyranitar|slp
|move|p2b: Venusaur|Earth Power|p1a: Tyranitar
|-supereffective|p1a: Tyranitar|1
|-damage|p1a: Tyranitar|58/100 slp
|move|p1b: Rotom|Hydro Pump|p2b: Venusaur
|-resisted|p2b: Venusaur|1
|-damage|p2b: Venusaur|15/100
|
|-weather|Sandstorm|[upkeep]
|-damage|p2b: Venusaur|10/100|[from] Sandstorm
|-damage|p2a: Basculegion|54/100|[from] Sandstorm
|-damage|p1b: Rotom|94/100|[from] Sandstorm
|-heal|p1b: Rotom|100/100|[from] item: Leftovers
|upkeep
|turn|8
|inactive|GS Barnabe has 30 seconds left.
|
|t:|1785895677
|cant|p1a: Tyranitar|slp
|move|p2b: Venusaur|Sleep Powder|p1b: Rotom
|-status|p1b: Rotom|slp|[from] move: Sleep Powder
|move|p2a: Basculegion|Wave Crash|p1a: Tyranitar
|-supereffective|p1a: Tyranitar|1
|-damage|p1a: Tyranitar|0 fnt
|faint|p1a: Tyranitar
|-damage|p2a: Basculegion|37/100|[from] Recoil
|cant|p1b: Rotom|slp
|
|-weather|Sandstorm|[upkeep]
|-damage|p2b: Venusaur|4/100|[from] Sandstorm
|-damage|p2a: Basculegion|30/100|[from] Sandstorm
|-damage|p1b: Rotom|94/100 slp|[from] Sandstorm
|-heal|p1b: Rotom|100/100 slp|[from] item: Leftovers
|upkeep
|turn|9
|
|t:|1785895697
|move|p2b: Venusaur|Sludge Bomb|p1b: Rotom
|-damage|p1b: Rotom|61/100 slp
|move|p2a: Basculegion|Last Respects|p1b: Rotom
|-damage|p1b: Rotom|0 fnt
|faint|p1b: Rotom
|
|win|piipyy
