|j|☆punishedmelody
|j|☆ragepined
|html|punishedmelodyragepined    
|uhtml|bestof|Game 2 of a best-of-3
|t:|1783742350
|gametype|doubles
|player|p1|punishedmelody|taunie|1049
|player|p2|ragepined|101|1064
|gen|9
|tier|[Gen 9 Champions] VGC 2026 Reg M-B (Bo3)
|rated|
|rule|Species Clause: Limit one of each Pokémon
|rule|Item Clause: Limit 1 of each item
|clearpoke
|poke|p1|Blaziken, L50, M, shiny|
|poke|p1|Venusaur, L50, M|
|poke|p1|Ninetales-Alola, L50, M|
|poke|p1|Lycanroc-Dusk, L50, F|
|poke|p1|Kingambit, L50, M, shiny|
|poke|p1|Basculegion, L50, M|
|poke|p2|Aerodactyl, L50, M|
|poke|p2|Kommo-o, L50, M|
|poke|p2|Kangaskhan, L50, F|
|poke|p2|Metagross, L50|
|poke|p2|Roserade, L50, F|
|poke|p2|Aurorus, L50, F|
|teampreview|4
|showteam|p1|Blaziken||Blazikenite|SpeedBoost|FlareBlitz,CloseCombat,UpperHand,Detect|Adamant||M|||50|]Venusaur||Venusaurite|Overgrow|GigaDrain,SludgeBomb,EarthPower,Protect|Modest||M|||50|]Ninetales-Alola||NeverMeltIce|SnowWarning|Blizzard,FreezeDry,Encore,Protect|Timid||M|||50|]Lycanroc-Dusk||FocusSash|ToughClaws|Accelerock,RockSlide,CloseCombat,Protect|Adamant||F|||50|]Kingambit||LifeOrb|Defiant|KowtowCleave,SuckerPunch,IronHead,Protect|Adamant||M|||50|]Basculegion||ChoiceScarf|Adaptability|WaveCrash,AquaJet,LastRespects,FlipTurn|Jolly||M|||50|
|showteam|p2|Aerodactyl||FocusSash|Unnerve|Tailwind,RockSlide,IceFang,DualWingbeat|Jolly||M|||50|]Kommo-o||BlackBelt|Soundproof|IronDefense,BodyPress,Protect,FlashCannon|Calm||M|||50|]Kangaskhan||SilkScarf|Scrappy|DrainPunch,LastResort,FakeOut|Adamant||F|||50|]Metagross||Metagrossite|ClearBody|PsychicFangs,MeteorMash,Protect,StompingTantrum|Jolly|||||50|]Roserade||WiseGlasses|NaturalCure|SludgeBomb,EnergyBall,Protect,ShadowBall|Timid||F|||50|]Aurorus||NeverMeltIce|Refrigerate|HyperVoice,Protect,AncientPower,EarthPower|Modest||F|||50|
|j| ImGoatedobvi
|inactive|Battle timer is ON: inactive players will automatically lose when time's up. (requested by punishedmelody)
|
|t:|1783742404
|teamsize|p1|4
|teamsize|p2|4
|start
|switch|p1a: Zanka no Tachi|Blaziken, L50, M, shiny|100/100
|switch|p1b: Sōō Zabimaru|Lycanroc-Dusk, L50, F|100/100
|switch|p2a: Kangaskhan|Kangaskhan, L50, F|100/100
|switch|p2b: Aerodactyl|Aerodactyl, L50, M|100/100
|-ability|p2b: Aerodactyl|Unnerve
|turn|1
|
|t:|1783742418
|detailschange|p1a: Zanka no Tachi|Blaziken-Mega, L50, M, shiny
|-mega|p1a: Zanka no Tachi|Blaziken|Blazikenite
|move|p1a: Zanka no Tachi|Upper Hand|p2a: Kangaskhan
|-supereffective|p2a: Kangaskhan|1
|-damage|p2a: Kangaskhan|4/100
|cant|p2a: Kangaskhan|flinch
|move|p2b: Aerodactyl|Tailwind|p2b: Aerodactyl
|-sidestart|p2: ragepined|move: Tailwind
|move|p1b: Sōō Zabimaru|Rock Slide|p2a: Kangaskhan|[spread] p2a,p2b
|-supereffective|p2b: Aerodactyl|1
|-damage|p2a: Kangaskhan|0 fnt
|-damage|p2b: Aerodactyl|1/100
|faint|p2a: Kangaskhan
|
|-ability|p1a: Zanka no Tachi|Speed Boost|boost
|-boost|p1a: Zanka no Tachi|spe|1
|upkeep
|
|t:|1783742434
|switch|p2a: Kommo-o|Kommo-o, L50, M|100/100
|turn|2
|
|t:|1783742446
|move|p1a: Zanka no Tachi|Detect|p1a: Zanka no Tachi
|-singleturn|p1a: Zanka no Tachi|Protect
|move|p1b: Sōō Zabimaru|Accelerock|p2b: Aerodactyl
|-supereffective|p2b: Aerodactyl|1
|-crit|p2b: Aerodactyl
|-damage|p2b: Aerodactyl|0 fnt
|faint|p2b: Aerodactyl
|move|p2a: Kommo-o|Iron Defense|p2a: Kommo-o
|-boost|p2a: Kommo-o|def|2
|
|-ability|p1a: Zanka no Tachi|Speed Boost|boost
|-boost|p1a: Zanka no Tachi|spe|1
|upkeep
|
|t:|1783742449
|switch|p2b: Metagross|Metagross, L50|100/100
|turn|3
|
|t:|1783742463
|detailschange|p2b: Metagross|Metagross-Mega, L50
|-mega|p2b: Metagross|Metagross|Metagrossite
|move|p2b: Metagross|Psychic Fangs|p1a: Zanka no Tachi
|-supereffective|p1a: Zanka no Tachi|1
|-damage|p1a: Zanka no Tachi|0 fnt
|faint|p1a: Zanka no Tachi
|move|p2a: Kommo-o|Body Press|p1b: Sōō Zabimaru
|-supereffective|p1b: Sōō Zabimaru|1
|-enditem|p1b: Sōō Zabimaru|Focus Sash
|-damage|p1b: Sōō Zabimaru|1/100
|move|p1b: Sōō Zabimaru|Rock Slide|p2a: Kommo-o|[spread] p2a,p2b
|-resisted|p2a: Kommo-o|1
|-resisted|p2b: Metagross|1
|-damage|p2a: Kommo-o|93/100
|-damage|p2b: Metagross|87/100
|
|upkeep
|
|t:|1783742471
|switch|p1a: Tensa Zangetsu|Kingambit, L50, M, shiny|100/100
|turn|4
|inactive|ragepined has 30 seconds left.
|inactive|ragepined has 20 seconds left.
|
|t:|1783742510
|move|p2b: Metagross|Protect|p2b: Metagross
|-singleturn|p2b: Metagross|Protect
|move|p1b: Sōō Zabimaru|Protect|p1b: Sōō Zabimaru
|-singleturn|p1b: Sōō Zabimaru|Protect
|move|p1a: Tensa Zangetsu|Protect|p1a: Tensa Zangetsu
|-singleturn|p1a: Tensa Zangetsu|Protect
|move|p2a: Kommo-o|Body Press|p1a: Tensa Zangetsu
|-activate|p1a: Tensa Zangetsu|move: Protect
|
|-sideend|p2: ragepined|move: Tailwind
|upkeep
|turn|5
|
|t:|1783742519
|move|p2b: Metagross|Protect|p2b: Metagross
|-singleturn|p2b: Metagross|Protect
|move|p1a: Tensa Zangetsu|Sucker Punch||[still]
|-fail|p1a: Tensa Zangetsu
|move|p1b: Sōō Zabimaru|Rock Slide|p2b: Metagross|[spread] 
|-activate|p2b: Metagross|move: Protect
|-miss|p1b: Sōō Zabimaru|p2a: Kommo-o
|move|p2a: Kommo-o|Body Press|p1a: Tensa Zangetsu
|-supereffective|p1a: Tensa Zangetsu|2
|-damage|p1a: Tensa Zangetsu|0 fnt
|faint|p1a: Tensa Zangetsu
|
|upkeep
|
|t:|1783742523
|switch|p1a: La Muerte|Basculegion, L50, M|100/100
|turn|6
|
|t:|1783742543
|move|p1a: La Muerte|Last Respects|p2b: Metagross
|-supereffective|p2b: Metagross|1
|-damage|p2b: Metagross|0 fnt
|faint|p2b: Metagross
|move|p1b: Sōō Zabimaru|Rock Slide|p2a: Kommo-o
|-resisted|p2a: Kommo-o|1
|-damage|p2a: Kommo-o|85/100
|move|p2a: Kommo-o|Body Press|p1b: Sōō Zabimaru
|-supereffective|p1b: Sōō Zabimaru|1
|-damage|p1b: Sōō Zabimaru|0 fnt
|faint|p1b: Sōō Zabimaru
|
|upkeep
|turn|7
|
|t:|1783742552
|move|p1a: La Muerte|Last Respects|p2a: Kommo-o
|-damage|p2a: Kommo-o|31/100
|move|p2a: Kommo-o|Flash Cannon|p1a: La Muerte
|-resisted|p1a: La Muerte|1
|-damage|p1a: La Muerte|89/100
|
|upkeep
|turn|8
|-message|ragepined forfeited.
|raw|punishedmelody's rating: 1049 → 1083(+34 for winning)
|raw|ragepined's rating: 1064 → 1044(-20 for losing)
|
|win|punishedmelody
|l|☆ragepined
|player|p2|
