|j|☆bbull
|j|‽csstudent1
|html|bbullcsstudent1    
|uhtml|bestof|Game 1 of a best-of-3
|t:|1786128203
|gametype|doubles
|player|p1|bbull|bruno|
|player|p2|csstudent1|2|
|gen|9
|tier|[Gen 9 Champions] VGC 2026 Reg M-B (Bo3)
|rule|Species Clause: Limit one of each Pokémon
|rule|Item Clause: Limit 1 of each item
|clearpoke
|poke|p1|Archaludon, L50, M|
|poke|p1|Weavile, L50, F|
|poke|p1|Politoed, L50, F|
|poke|p1|Venusaur, L50, M|
|poke|p1|Sableye, L50, M|
|poke|p1|Garchomp, L50, F|
|poke|p2|Sinistcha, L50|
|poke|p2|Slowking-Galar, L50, M|
|poke|p2|Rotom-Wash, L50|
|poke|p2|Meowstic, L50, M|
|poke|p2|Tyranitar, L50, F|
|poke|p2|Steelix, L50, M|
|teampreview|4
|showteam|p1|Archaludon||ChopleBerry|Stamina|ElectroShot,AuraSphere,FlashCannon,Protect|Modest||M|||50|]Weavile||FocusSash|Pickpocket|FakeOut,KnockOff,TripleAxel,Protect|Adamant||F|||50|]Politoed||SitrusBerry|Drizzle|Protect,RainDance,WeatherBall,IceBeam|Sassy||F|||50|]Venusaur||Venusaurite|Overgrow|GigaDrain,Protect,EarthPower,SleepPowder|Bold||M|||50|]Sableye||RoseliBerry|Prankster|Encore,Reflect,RainDance,FoulPlay|Impish||M|||50|]Garchomp||Garchompite|RoughSkin|EarthPower,Protect,RainDance,DragonPulse|Modest||F|||50|
|showteam|p2|Sinistcha||Leftovers|Hospitality|RagePowder,MatchaGotcha,Protect,StrengthSap|Bold|||||50|]Slowking-Galar||LifeOrb|Regenerator|Protect,FocusBlast,IceBeam,SludgeBomb|Modest||M|||50|]Rotom-Wash||SitrusBerry|Levitate|WillOWisp,LightScreen,ShadowBall,HydroPump|Timid|||||50|]Meowstic||FocusSash|Prankster|TrickRoom,FakeOut,ExpandingForce,PsychicTerrain|Sassy||M|||50|]Tyranitar||Tyranitarite|SandStream|KnockOff,IcePunch,Protect,BodyPress|Sassy||F|||50|]Steelix||Steelixite|Sturdy|Protect,HeavySlam,WideGuard,HighHorsepower|Calm||M|||50|
|inactive|Battle timer is ON: inactive players will automatically lose when time's up. (requested by bbull)
|
|t:|1786128233
|teamsize|p1|4
|teamsize|p2|4
|start
|switch|p1a: Venusaur|Venusaur, L50, M|100/100
|switch|p1b: Garchomp|Garchomp, L50, F|100/100
|switch|p2a: Meowstic|Meowstic, L50, M|100/100
|switch|p2b: Rotom|Rotom-Wash, L50|100/100
|turn|1
|inactive|bbull has 30 seconds left.
|inactive|csstudent1 has 30 seconds left.
|inactive|bbull has 20 seconds left.
|
|t:|1786128272
|detailschange|p1b: Garchomp|Garchomp-Mega, L50, F
|-mega|p1b: Garchomp|Garchomp|Garchompite
|move|p1a: Venusaur|Protect|p1a: Venusaur
|-singleturn|p1a: Venusaur|Protect
|move|p2a: Meowstic|Fake Out|p1a: Venusaur
|-activate|p1a: Venusaur|move: Protect
|move|p2b: Rotom|Will-O-Wisp|p1b: Garchomp
|-status|p1b: Garchomp|brn
|move|p1b: Garchomp|Earth Power|p2a: Meowstic
|-damage|p2a: Meowstic|61/100
|
|-damage|p1b: Garchomp|93/100 brn|[from] brn
|upkeep
|turn|2
|inactive|bbull has 30 seconds left.
|inactive|bbull has 20 seconds left.
|inactive|csstudent1 has 30 seconds left.
|
|t:|1786128313
|switch|p1a: Archaludon|Archaludon, L50, M|100/100
|move|p2b: Rotom|Light Screen|p2b: Rotom
|-sidestart|p2: csstudent1|move: Light Screen
|move|p1b: Garchomp|Dragon Pulse|p2a: Meowstic
|-damage|p2a: Meowstic|37/100
|move|p2a: Meowstic|Expanding Force|p1a: Archaludon
|-resisted|p1a: Archaludon|1
|-damage|p1a: Archaludon|84/100
|-ability|p1a: Archaludon|Stamina|boost
|-boost|p1a: Archaludon|def|1
|
|-damage|p1b: Garchomp|87/100 brn|[from] brn
|upkeep
|turn|3
|inactive|bbull has 30 seconds left.
|inactive|csstudent1 has 30 seconds left.
|inactive|bbull has 20 seconds left.
|inactive|bbull has 15 seconds left.
|inactive|csstudent1 has 20 seconds left.
|
|t:|1786128356
|move|p2b: Rotom|Hydro Pump|p1b: Garchomp
|-damage|p1b: Garchomp|46/100 brn
|move|p1b: Garchomp|Rain Dance|p1b: Garchomp
|-weather|RainDance
|move|p1a: Archaludon|Electro Shot||[still]
|-prepare|p1a: Archaludon|Electro Shot
|-boost|p1a: Archaludon|spa|1
|-anim|p1a: Archaludon|Electro Shot|p2b: Rotom
|-damage|p2b: Rotom|40/100
|-enditem|p2b: Rotom|Sitrus Berry|[eat]
|-heal|p2b: Rotom|65/100|[from] item: Sitrus Berry
|move|p2a: Meowstic|Trick Room|p2a: Meowstic
|-fieldstart|move: Trick Room|[of] p2a: Meowstic
|
|-weather|RainDance|[upkeep]
|-damage|p1b: Garchomp|40/100 brn|[from] brn
|upkeep
|turn|4
|inactive|bbull has 30 seconds left.
|inactive|csstudent1 has 30 seconds left.
|
|t:|1786128390
|move|p2a: Meowstic|Psychic Terrain|p2a: Meowstic
|-fieldstart|move: Psychic Terrain
|move|p1a: Archaludon|Flash Cannon|p2a: Meowstic
|-damage|p2a: Meowstic|5/100
|move|p1b: Garchomp|Dragon Pulse|p2a: Meowstic
|-damage|p2a: Meowstic|0 fnt
|faint|p2a: Meowstic
|move|p2b: Rotom|Shadow Ball|p1a: Archaludon
|-damage|p1a: Archaludon|52/100
|-ability|p1a: Archaludon|Stamina|boost
|-boost|p1a: Archaludon|def|1
|
|-weather|RainDance|[upkeep]
|-damage|p1b: Garchomp|34/100 brn|[from] brn
|upkeep
|
|t:|1786128402
|switch|p2a: Slowking|Slowking-Galar, L50, M|100/100
|turn|5
|inactive|bbull has 30 seconds left.
|
|t:|1786128429
|move|p2a: Slowking|Focus Blast|p1a: Archaludon
|-supereffective|p1a: Archaludon|1
|-enditem|p1a: Archaludon|Chople Berry|[eat]
|-enditem|p1a: Archaludon|Chople Berry|[weaken]
|-damage|p1a: Archaludon|0 fnt
|faint|p1a: Archaludon
|-damage|p2a: Slowking|90/100|[from] item: Life Orb
|move|p1b: Garchomp|Earth Power|p2a: Slowking
|-supereffective|p2a: Slowking|1
|-damage|p2a: Slowking|38/100
|move|p2b: Rotom|Hydro Pump|p1b: Garchomp
|-damage|p1b: Garchomp|0 fnt
|faint|p1b: Garchomp
|
|-weather|RainDance|[upkeep]
|upkeep
|
|t:|1786128441
|switch|p1a: Politoed|Politoed, L50, F|100/100
|switch|p1b: Venusaur|Venusaur, L50, M|100/100
|turn|6
|inactive|csstudent1 has 30 seconds left.
|inactive|csstudent1 has 20 seconds left.
|inactive|csstudent1 has 15 seconds left.
|
|t:|1786128486
|-heal|p2a: Slowking|71/100|[from] ability: Regenerator|[silent]
|switch|p2a: Tyranitar|Tyranitar, L50, F|100/100
|-weather|Sandstorm|[from] ability: Sand Stream|[of] p2a: Tyranitar
|move|p1a: Politoed|Weather Ball|p2a: Tyranitar
|-damage|p2a: Tyranitar|94/100
|move|p1b: Venusaur|Giga Drain|p2b: Rotom
|-supereffective|p2b: Rotom|1
|-damage|p2b: Rotom|20/100y
|move|p2b: Rotom|Shadow Ball|p1b: Venusaur
|-damage|p1b: Venusaur|76/100
|
|-weather|Sandstorm|[upkeep]
|-damage|p1a: Politoed|93/100|[from] Sandstorm
|-damage|p1b: Venusaur|70/100|[from] Sandstorm
|-damage|p2b: Rotom|14/100|[from] Sandstorm
|-sideend|p2: csstudent1|move: Light Screen
|upkeep
|turn|7
|
|t:|1786128506
|detailschange|p2a: Tyranitar|Tyranitar-Mega, L50, F
|-mega|p2a: Tyranitar|Tyranitar|Tyranitarite
|move|p1b: Venusaur|Protect|p1b: Venusaur
|-singleturn|p1b: Venusaur|Protect
|move|p2a: Tyranitar|Knock Off|p1a: Politoed
|-damage|p1a: Politoed|35/100
|-enditem|p1a: Politoed|Sitrus Berry|[from] move: Knock Off|[of] p2a: Tyranitar
|move|p1a: Politoed|Rain Dance|p1a: Politoed
|-weather|RainDance
|move|p2b: Rotom|Light Screen|p2b: Rotom
|-sidestart|p2: csstudent1|move: Light Screen
|
|-weather|RainDance|[upkeep]
|-fieldend|move: Trick Room
|upkeep
|turn|8
|inactive|csstudent1 has 30 seconds left.
|
|t:|1786128537
|switch|p2a: Slowking|Slowking-Galar, L50, M|71/100
|move|p2b: Rotom|Shadow Ball|p1a: Politoed
|-damage|p1a: Politoed|19/100
|-unboost|p1a: Politoed|spd|1
|move|p1b: Venusaur|Earth Power|p2a: Slowking
|-supereffective|p2a: Slowking|1
|-crit|p2a: Slowking
|-damage|p2a: Slowking|17/100
|move|p1a: Politoed|Weather Ball|p2a: Slowking
|-damage|p2a: Slowking|0 fnt
|faint|p2a: Slowking
|
|-weather|RainDance|[upkeep]
|-fieldend|move: Psychic Terrain
|upkeep
|
|t:|1786128548
|switch|p2a: Tyranitar|Tyranitar-Mega, L50, F|94/100
|-weather|Sandstorm|[from] ability: Sand Stream|[of] p2a: Tyranitar
|turn|9
|
|t:|1786128560
|move|p2b: Rotom|Shadow Ball|p1a: Politoed
|-damage|p1a: Politoed|0 fnt
|faint|p1a: Politoed
|move|p1b: Venusaur|Sleep Powder|p2a: Tyranitar|[miss]
|-miss|p1b: Venusaur|p2a: Tyranitar
|move|p2a: Tyranitar|Ice Punch|p1b: Venusaur
|-supereffective|p1b: Venusaur|1
|-damage|p1b: Venusaur|24/100
|
|-weather|Sandstorm|[upkeep]
|-damage|p2b: Rotom|9/100|[from] Sandstorm
|-damage|p1b: Venusaur|18/100|[from] Sandstorm
|upkeep
|turn|10
|
|t:|1786128577
|move|p2b: Rotom|Shadow Ball|p1b: Venusaur
|-damage|p1b: Venusaur|0 fnt
|faint|p1b: Venusaur
|
|win|csstudent1
||csstudent1 is ready for game 2.
|inactive|bbull has 30 seconds to confirm battle start!
||bbull is ready for game 2.
|uhtml|next|Next: Game 2 of 3
