|j|☆sbhaga34
|j|☆liamvgc1
|html|sbhaga34liamvgc1    
|uhtml|bestof|Game 1 of a best-of-3
|t:|1757858755
|gametype|doubles
|player|p1|sbhaga34|hugh|1599
|player|p2|liamvgc1|unknown|1489
|gen|9
|tier|[Gen 9] VGC 2025 Reg H (Bo3)
|rated|
|rule|Species Clause: Limit one of each Pokémon
|rule|Item Clause: Limit 1 of each item
|clearpoke
|poke|p1|Indeedee-F, L50, F|
|poke|p1|Talonflame, L50, F|
|poke|p1|Tyranitar, L50, M|
|poke|p1|Excadrill, L50, M|
|poke|p1|Gardevoir, L50, M|
|poke|p1|Ursaluna-Bloodmoon, L50, M|
|poke|p2|Incineroar, L50, M|
|poke|p2|Gholdengo, L50|
|poke|p2|Whimsicott, L50, M|
|poke|p2|Dragonite, L50, M|
|poke|p2|Garchomp, L50, F|
|poke|p2|Sneasler, L50, M|
|teampreview|4
|showteam|p1|Indeedee-F||SafetyGoggles|PsychicSurge|FollowMe,TrickRoom,HelpingHand,Psychic|||F|||50|,,,,,Fairy]Talonflame||CovertCloak|GaleWings|Tailwind,Taunt,FlareBlitz,WillOWisp|||F|||50|,,,,,Grass]Tyranitar||WeaknessPolicy|SandStream|RockSlide,KnockOff,LowKick,Protect|||M|||50|,,,,,Flying]Excadrill||FocusSash|SandRush|Earthquake,IronHead,SwordsDance,Protect|||M|||50|,,,,,Ground]Gardevoir||ChoiceScarf|Telepathy|ExpandingForce,Moonblast,IcyWind,Trick|||M|||50|,,,,,Psychic]Ursaluna-Bloodmoon||SilkScarf|MindsEye|BloodMoon,HyperVoice,EarthPower,Protect|||M|||50|,,,,,Normal
|showteam|p2|Incineroar||AssaultVest|Intimidate|FakeOut,KnockOff,FlareBlitz,Uturn|||M|||50|,,,,,Ghost]Gholdengo||ChoiceSpecs|GoodasGold|MakeItRain,ShadowBall,PowerGem,Trick||||||50|,,,,,Steel]Whimsicott||FocusSash|Prankster|Tailwind,Encore,Protect,Moonblast|||M|||50|,,,,,Ghost]Dragonite||ChoiceBand|InnerFocus|Outrage,StompingTantrum,ExtremeSpeed,IceSpinner|||M|||50|,,,,,Normal]Garchomp||LifeOrb|RoughSkin|Earthquake,StompingTantrum,DragonClaw,Protect|||F|||50|,,,,,Ground]Sneasler||WhiteHerb|Unburden|FakeOut,DireClaw,CloseCombat,Protect|||M|||50|,,,,,Stellar
|inactive|Battle timer is ON: inactive players will automatically lose when time's up. (requested by liamvgc1)
|inactive|sbhaga34 has 60 seconds left.
|inactive|liamvgc1 has 60 seconds left.
|inactive|sbhaga34 has 30 seconds left.
|inactive|sbhaga34 has 20 seconds left.
|inactive|sbhaga34 has 15 seconds left.
|
|t:|1757858834
|teamsize|p1|4
|teamsize|p2|4
|start
|switch|p1a: Talonflame|Talonflame, L50, F|100/100
|switch|p1b: Tyranitar|Tyranitar, L50, M|100/100
|switch|p2a: Gholdengo|Gholdengo, L50|100/100
|switch|p2b: Whimsicott|Whimsicott, L50, M|100/100
|-weather|Sandstorm|[from] ability: Sand Stream|[of] p1b: Tyranitar
|turn|1
|inactive|sbhaga34 has 30 seconds left.
|inactive|sbhaga34 has 20 seconds left.
|inactive|sbhaga34 has 15 seconds left.
|inactive|sbhaga34 has 10 seconds left.
|
|t:|1757858882
|-terastallize|p2a: Gholdengo|Steel
|move|p1a: Talonflame|Tailwind|p1a: Talonflame
|-sidestart|p1: sbhaga34|move: Tailwind
|move|p2b: Whimsicott|Tailwind|p2b: Whimsicott
|-sidestart|p2: liamvgc1|move: Tailwind
|move|p2a: Gholdengo|Make It Rain|p1a: Talonflame|[spread] p1a,p1b
|-resisted|p1a: Talonflame
|-supereffective|p1b: Tyranitar
|-damage|p1a: Talonflame|20/100
|-damage|p1b: Tyranitar|0 fnt
|-unboost|p2a: Gholdengo|spa|1
|faint|p1b: Tyranitar
|
|-weather|Sandstorm|[upkeep]
|-damage|p1a: Talonflame|14/100|[from] Sandstorm
|-damage|p2b: Whimsicott|95/100|[from] Sandstorm
|upkeep
|
|t:|1757858895
|switch|p1b: Excadrill|Excadrill, L50, M, shiny|100/100
|turn|2
|
|t:|1757858909
|-terastallize|p1b: Excadrill|Ground
|move|p2b: Whimsicott|Encore|p1a: Talonflame
|-start|p1a: Talonflame|Encore
|move|p1b: Excadrill|Earthquake|p2a: Gholdengo|[spread] p2a,p2b
|-immune|p1a: Talonflame
|-supereffective|p2a: Gholdengo
|-resisted|p2b: Whimsicott
|-damage|p2a: Gholdengo|0 fnt
|-damage|p2b: Whimsicott|53/100
|faint|p2a: Gholdengo
|move|p1a: Talonflame|Tailwind||[still]
|-fail|p1a: Talonflame
|
|-weather|Sandstorm|[upkeep]
|-damage|p1a: Talonflame|8/100|[from] Sandstorm
|-damage|p2b: Whimsicott|47/100|[from] Sandstorm
|upkeep
|
|t:|1757858918
|switch|p2a: Garchomp|Garchomp, L50, F|100/100
|turn|3
|
|t:|1757858926
|switch|p1a: Gardevoir|Gardevoir, L50, M, shiny|100/100
|move|p2b: Whimsicott|Protect|p2b: Whimsicott
|-singleturn|p2b: Whimsicott|Protect
|move|p1b: Excadrill|Protect|p1b: Excadrill
|-singleturn|p1b: Excadrill|Protect
|move|p2a: Garchomp|Dragon Claw|p1b: Excadrill
|-activate|p1b: Excadrill|move: Protect
|
|-weather|Sandstorm|[upkeep]
|-damage|p1a: Gardevoir|95/100|[from] Sandstorm
|-damage|p2b: Whimsicott|41/100|[from] Sandstorm
|upkeep
|turn|4
|inactive|sbhaga34 has 30 seconds left.
|
|t:|1757858954
|switch|p2a: Sneasler|Sneasler, L50, M|100/100
|move|p2b: Whimsicott|Encore|p1b: Excadrill
|-start|p1b: Excadrill|Encore
|move|p1b: Excadrill|Protect||[still]
|-fail|p1b: Excadrill
|move|p1a: Gardevoir|Moonblast|p2b: Whimsicott
|-damage|p2b: Whimsicott|0 fnt
|faint|p2b: Whimsicott
|
|-weather|Sandstorm|[upkeep]
|-damage|p1a: Gardevoir|89/100|[from] Sandstorm
|-damage|p2a: Sneasler|95/100|[from] Sandstorm
|-sideend|p2: liamvgc1|move: Tailwind
|-sideend|p1: sbhaga34|move: Tailwind
|upkeep
|
|t:|1757858958
|switch|p2b: Garchomp|Garchomp, L50, F|100/100
|turn|5
|
|t:|1757858979
|switch|p1b: Talonflame|Talonflame, L50, F|8/100
|move|p2a: Sneasler|Fake Out|p1a: Gardevoir
|-damage|p1a: Gardevoir|67/100
|cant|p1a: Gardevoir|flinch
|move|p2b: Garchomp|Dragon Claw|p1b: Talonflame
|-damage|p1b: Talonflame|0 fnt
|faint|p1b: Talonflame
|-damage|p2b: Garchomp|91/100|[from] item: Life Orb
|
|-weather|none
|upkeep
|
|t:|1757858990
|switch|p1b: Excadrill|Excadrill, L50, M, shiny, tera:Ground|100/100
|turn|6
|
|t:|1757858998
|move|p2b: Garchomp|Protect|p2b: Garchomp
|-singleturn|p2b: Garchomp|Protect
|move|p1a: Gardevoir|Moonblast|p2b: Garchomp
|-activate|p2b: Garchomp|move: Protect
|move|p2a: Sneasler|Dire Claw|p1a: Gardevoir
|-supereffective|p1a: Gardevoir
|-damage|p1a: Gardevoir|0 fnt
|faint|p1a: Gardevoir
|move|p1b: Excadrill|Earthquake|p2a: Sneasler|[spread] p2a
|-activate|p2b: Garchomp|move: Protect
|-supereffective|p2a: Sneasler
|-damage|p2a: Sneasler|0 fnt
|faint|p2a: Sneasler
|
|upkeep
|turn|7
|
|t:|1757859013
|move|p2b: Garchomp|Earthquake|p1b: Excadrill
|-damage|p1b: Excadrill|10/100
|-damage|p2b: Garchomp|81/100|[from] item: Life Orb
|move|p1b: Excadrill|Earthquake|p2b: Garchomp
|-damage|p2b: Garchomp|12/100
|
|upkeep
|turn|8
|
|t:|1757859021
|move|p2b: Garchomp|Earthquake|p1b: Excadrill
|-damage|p1b: Excadrill|0 fnt
|faint|p1b: Excadrill
|-damage|p2b: Garchomp|3/100|[from] item: Life Orb
|
|win|liamvgc1
||sbhaga34 is ready for game 2.
||liamvgc1 is ready for game 2.
|uhtml|next|Next: Game 2 of 3
