|j|☆Bellsproutfanwill
|j|☆emptinessmach
|html|Bellsproutfanwillemptinessmach    
|uhtml|bestof|Game 1 of a best-of-3
|t:|1757035756
|gametype|doubles
|player|p1|Bellsproutfanwill|2|1246
|player|p2|emptinessmach|red|1160
|gen|9
|tier|[Gen 9] VGC 2025 Reg H (Bo3)
|rated|
|rule|Species Clause: Limit one of each Pokémon
|rule|Item Clause: Limit 1 of each item
|clearpoke
|poke|p1|Torkoal, L50, M|
|poke|p1|Oranguru, L50, F|
|poke|p1|Hariyama, L50, F|
|poke|p1|Sinistcha, L50|
|poke|p1|Annihilape, L50, F|
|poke|p1|Ursaluna-Bloodmoon, L50, M|
|poke|p2|Porygon2, L50|
|poke|p2|Incineroar, L50, M|
|poke|p2|Garchomp, L50, M|
|poke|p2|Gholdengo, L50|
|poke|p2|Amoonguss, L50, M|
|poke|p2|Sneasler, L50, F|
|teampreview|4
|showteam|p1|Torkoal||Charcoal|Drought|Eruption,HeatWave,BodyPress,Protect|||M|||50|,,,,,Fire]Oranguru||MentalHerb|InnerFocus|Instruct,TrickRoom,Encore,Taunt|||F|||50|,,,,,Fairy]Hariyama||FlameOrb|Guts|DrainPunch,ThunderPunch,BulkUp,FakeOut|||F|||50|,,,,,Electric]Sinistcha||FocusSash|Hospitality|MatchaGotcha,ShadowBall,RagePowder,TrickRoom||||||50|,,,,,Normal]Annihilape||ChoiceScarf|Defiant|RageFist,Uturn,FinalGambit,Taunt|||F|||50|,,,,,Grass]Ursaluna-Bloodmoon||ThroatSpray|MindsEye|HyperVoice,EarthPower,BloodMoon,Protect|||M|||50|,,,,,Ghost
|showteam|p2|Porygon2||Eviolite|Download|TeraBlast,IceBeam,Recover,TrickRoom||||||50|,,,,,Ground]Incineroar||SafetyGoggles|Intimidate|FlareBlitz,KnockOff,FakeOut,PartingShot|||M|||50|,,,,,Ghost]Garchomp||ClearAmulet|RoughSkin|Earthquake,Protect,StompingTantrum,DragonClaw|||M|||50|,,,,,Fire]Gholdengo||LifeOrb|GoodasGold|Protect,NastyPlot,MakeItRain,ShadowBall||||||50|,,,,,Water]Amoonguss||SitrusBerry|Regenerator|Spore,RagePowder,Protect,PollenPuff|||M|||50|,,,,,Fairy]Sneasler||FocusSash|PoisonTouch|DireClaw,CloseCombat,Coaching,Protect|||F|||50|,,,,,Flying
|
|t:|1757035795
|teamsize|p1|4
|teamsize|p2|4
|start
|switch|p1a: Oranguru|Oranguru, L50, F|100/100
|switch|p1b: Sinistcha|Sinistcha, L50|100/100
|switch|p2a: Sneasler|Sneasler, L50, F|100/100
|switch|p2b: Garchomp|Garchomp, L50, M|100/100
|turn|1
|
|t:|1757035817
|move|p1b: Sinistcha|Rage Powder|p1b: Sinistcha
|-singleturn|p1b: Sinistcha|move: Rage Powder
|move|p2a: Sneasler|Dire Claw|p1b: Sinistcha
|-damage|p1b: Sinistcha|57/100
|-status|p1b: Sinistcha|psn
|move|p2b: Garchomp|Dragon Claw|p1b: Sinistcha
|-damage|p1b: Sinistcha|18/100 psn
|move|p1a: Oranguru|Trick Room|p1a: Oranguru
|-fieldstart|move: Trick Room|[of] p1a: Oranguru
|
|-damage|p1b: Sinistcha|6/100 psn|[from] psn
|upkeep
|turn|2
|
|t:|1757035841
|switch|p2b: Porygon2|Porygon2, L50|100/100
|-ability|p2b: Porygon2|Download|boost
|-boost|p2b: Porygon2|atk|1
|move|p2a: Sneasler|Protect|p2a: Sneasler
|-singleturn|p2a: Sneasler|Protect
|move|p1a: Oranguru|Taunt|p2a: Sneasler
|-activate|p2a: Sneasler|move: Protect
|move|p1b: Sinistcha|Matcha Gotcha|p2b: Porygon2|[spread] 
|-activate|p2a: Sneasler|move: Protect
|-miss|p1b: Sinistcha|p2b: Porygon2
|
|-damage|p1b: Sinistcha|0 fnt|[from] psn
|faint|p1b: Sinistcha
|upkeep
|
|t:|1757035860
|switch|p1b: Torkoal|Torkoal, L50, M|100/100
|-weather|SunnyDay|[from] ability: Drought|[of] p1b: Torkoal
|turn|3
|inactive|Battle timer is ON: inactive players will automatically lose when time's up. (requested by Bellsproutfanwill)
|
|t:|1757035912
|switch|p2a: Incineroar|Incineroar, L50, M|100/100
|-ability|p2a: Incineroar|Intimidate|boost
|-fail|p1a: Oranguru|unboost|Attack|[from] ability: Inner Focus|[of] p1a: Oranguru
|-unboost|p1b: Torkoal|atk|1
|-terastallize|p1b: Torkoal|Fire
|-terastallize|p2b: Porygon2|Ground
|move|p1b: Torkoal|Eruption|p2a: Incineroar|[spread] p2a,p2b
|-resisted|p2a: Incineroar
|-damage|p2a: Incineroar|61/100
|-damage|p2b: Porygon2|24/100
|move|p1a: Oranguru|Instruct|p1b: Torkoal
|-singleturn|p1b: Torkoal|move: Instruct|[of] p1a: Oranguru
|move|p1b: Torkoal|Eruption|p2a: Incineroar|[spread] p2a,p2b
|-resisted|p2a: Incineroar
|-damage|p2a: Incineroar|19/100
|-damage|p2b: Porygon2|0 fnt
|faint|p2b: Porygon2
|
|-weather|SunnyDay|[upkeep]
|upkeep
|
|t:|1757035929
|switch|p2b: Garchomp|Garchomp, L50, M|100/100
|turn|4
|inactive|Bellsproutfanwill has 30 seconds left.
|
|t:|1757035954
|move|p1b: Torkoal|Protect|p1b: Torkoal
|-singleturn|p1b: Torkoal|Protect
|move|p2a: Incineroar|Fake Out|p1a: Oranguru
|-damage|p1a: Oranguru|91/100
|move|p1a: Oranguru|Taunt|p2b: Garchomp
|-start|p2b: Garchomp|move: Taunt
|move|p2b: Garchomp|Stomping Tantrum|p1a: Oranguru
|-damage|p1a: Oranguru|54/100
|
|-weather|SunnyDay|[upkeep]
|upkeep
|turn|5
|
|t:|1757035976
|switch|p2a: Sneasler|Sneasler, L50, F|100/100
|move|p1b: Torkoal|Eruption|p2a: Sneasler|[spread] p2a,p2b
|-resisted|p2b: Garchomp
|-enditem|p2a: Sneasler|Focus Sash
|-damage|p2a: Sneasler|1/100
|-damage|p2b: Garchomp|32/100
|move|p1a: Oranguru|Instruct|p1b: Torkoal
|-singleturn|p1b: Torkoal|move: Instruct|[of] p1a: Oranguru
|move|p1b: Torkoal|Eruption|p2a: Sneasler|[spread] p2a,p2b
|-resisted|p2b: Garchomp
|-damage|p2a: Sneasler|0 fnt
|-damage|p2b: Garchomp|0 fnt
|faint|p2a: Sneasler
|faint|p2b: Garchomp
|
|-weather|SunnyDay|[upkeep]
|-fieldend|move: Trick Room
|upkeep
|
|t:|1757035979
|switch|p2b: Incineroar|Incineroar, L50, M|19/100
|-ability|p2b: Incineroar|Intimidate|boost
|-fail|p1a: Oranguru|unboost|Attack|[from] ability: Inner Focus|[of] p1a: Oranguru
|-unboost|p1b: Torkoal|atk|1
|turn|6
|l|☆Bellsproutfanwill
|inactive|Bellsproutfanwill disconnected and has a minute to reconnect!
|player|p1|
|inactive|Bellsproutfanwill has 30 seconds left.
|j|☆Bellsproutfanwill
|inactive|Bellsproutfanwill reconnected and has 25 seconds left.
|player|p1|Bellsproutfanwill|2|
|inactive|Bellsproutfanwill has 20 seconds left.
|inactive|Bellsproutfanwill has 15 seconds left.
|
|t:|1757036019
|move|p2b: Incineroar|Knock Off|p1a: Oranguru
|-supereffective|p1a: Oranguru
|-damage|p1a: Oranguru|0 fnt
|-enditem|p1a: Oranguru|Mental Herb|[from] move: Knock Off|[of] p2b: Incineroar
|faint|p1a: Oranguru
|move|p1b: Torkoal|Body Press|p2b: Incineroar
|-supereffective|p2b: Incineroar
|-damage|p2b: Incineroar|0 fnt
|faint|p2b: Incineroar
|
|win|Bellsproutfanwill
||emptinessmach is ready for game 2.
||Bellsproutfanwill is ready for game 2.
|uhtml|next|Next: Game 2 of 3
|l|☆Bellsproutfanwill
|player|p1|
