|j|☆secretsoeren
|j|☆CrazyComet37
|html|secretsoerenCrazyComet37    
|uhtml|bestof|Game 1 of a best-of-3
|t:|1785950276
|gametype|doubles
|player|p1|secretsoeren|biker-gen4|
|player|p2|CrazyComet37|flint|
|gen|9
|tier|[Gen 9 Champions] VGC 2026 Reg M-B (Bo3)
|rule|Species Clause: Limit one of each Pokémon
|rule|Item Clause: Limit 1 of each item
|clearpoke
|poke|p1|Blastoise, L50, M|
|poke|p1|Incineroar, L50, F|
|poke|p1|Sinistcha, L50|
|poke|p1|Sneasler, L50, M|
|poke|p1|Maushold, L50|
|poke|p1|Delphox, L50, M|
|poke|p2|Whimsicott, L50, F|
|poke|p2|Garchomp, L50, M|
|poke|p2|Charizard, L50, M|
|poke|p2|Floette-Eternal, L50, F|
|poke|p2|Kingambit, L50, F|
|poke|p2|Basculegion, L50, M|
|teampreview|4
|showteam|p1|Blastoise||Blastoisinite|RainDish|WaterSpout,DarkPulse,ShellSmash,Protect|Modest||M|||50|]Incineroar||SitrusBerry|Intimidate|FlareBlitz,ThroatChop,FakeOut,PartingShot|Careful||F|||50|]Sinistcha||ColburBerry|Hospitality|MatchaGotcha,TrickRoom,RagePowder,ShadowBall|Bold|||||50|]Sneasler||FocusSash|PoisonTouch|CloseCombat,PoisonJab,QuickGuard,FakeOut|Jolly||M|||50|]Maushold||ChopleBerry|FriendGuard|Taunt,Feint,FollowMe,Protect|Impish|||||50|]Delphox||Delphoxite|Blaze|HeatWave,Psyshock,Protect,NastyPlot|Timid||M|||50|
|showteam|p2|Whimsicott||FocusSash|Prankster|Protect,Tailwind,Moonblast,Encore|Timid||F|||50|]Garchomp||LifeOrb|RoughSkin|Protect,Earthquake,DragonClaw,RockSlide|Jolly||M|||50|]Charizard||CharizarditeY|Blaze|Protect,HeatWave,WeatherBall,SolarBeam|Modest||M|||50|]Floette-Eternal||Floettite|FlowerVeil|Protect,LightofRuin,DazzlingGleam,Moonblast|Modest||F|||50|]Kingambit||ChopleBerry|Defiant|IronHead,SuckerPunch,KowtowCleave,LowKick|Adamant||F|||50|]Basculegion||MysticWater|Adaptability|Protect,AquaJet,LastRespects,WaveCrash|Adamant||M|||50|
|inactive|Battle timer is ON: inactive players will automatically lose when time's up. (requested by secretsoeren)
|inactiveoff|Battle timer is now OFF.
|c|☆CrazyComet37|Glhf!
|c|☆secretsoeren|u2
|
|t:|1785950323
|teamsize|p1|4
|teamsize|p2|4
|start
|switch|p1a: Incineroar|Incineroar, L50, F|100/100
|switch|p1b: Blastoise|Blastoise, L50, M|100/100
|switch|p2a: Whimsicott|Whimsicott, L50, F|100/100
|switch|p2b: Garchomp|Garchomp, L50, M|100/100
|-ability|p1a: Incineroar|Intimidate|boost
|-unboost|p2a: Whimsicott|atk|1
|-unboost|p2b: Garchomp|atk|1
|turn|1
|inactive|Battle timer is ON: inactive players will automatically lose when time's up. (requested by CrazyComet37)
|
|t:|1785950342
|detailschange|p1b: Blastoise|Blastoise-Mega, L50, M
|-mega|p1b: Blastoise|Blastoise|Blastoisinite
|move|p1a: Incineroar|Fake Out|p2a: Whimsicott
|-damage|p2a: Whimsicott|84/100
|cant|p2a: Whimsicott|flinch
|move|p2b: Garchomp|Earthquake|p1a: Incineroar|[spread] p2a,p1a,p1b
|-resisted|p2a: Whimsicott|1
|-supereffective|p1a: Incineroar|1
|-damage|p2a: Whimsicott|59/100
|-damage|p1a: Incineroar|30/100
|-damage|p1b: Blastoise|64/100
|-enditem|p1a: Incineroar|Sitrus Berry|[eat]
|-heal|p1a: Incineroar|55/100|[from] item: Sitrus Berry
|-damage|p2b: Garchomp|90/100|[from] item: Life Orb
|move|p1b: Blastoise|Shell Smash|p1b: Blastoise
|-unboost|p1b: Blastoise|def|1
|-unboost|p1b: Blastoise|spd|1
|-boost|p1b: Blastoise|atk|2
|-boost|p1b: Blastoise|spa|2
|-boost|p1b: Blastoise|spe|2
|
|upkeep
|turn|2
|
|t:|1785950361
|switch|p1a: Maushold|Maushold, L50|100/100
|move|p1b: Blastoise|Protect|p1b: Blastoise
|-singleturn|p1b: Blastoise|Protect
|move|p2a: Whimsicott|Tailwind|p2a: Whimsicott
|-sidestart|p2: CrazyComet37|move: Tailwind
|move|p2b: Garchomp|Earthquake|p1a: Maushold|[spread] p2a,p1a
|-activate|p1b: Blastoise|move: Protect
|-resisted|p2a: Whimsicott|1
|-damage|p2a: Whimsicott|31/100
|-damage|p1a: Maushold|67/100
|-damage|p2b: Garchomp|80/100|[from] item: Life Orb
|
|upkeep
|turn|3
|
|t:|1785950378
|move|p1a: Maushold|Follow Me|p1a: Maushold
|-singleturn|p1a: Maushold|move: Follow Me
|move|p2a: Whimsicott|Moonblast|p1a: Maushold
|-damage|p1a: Maushold|28/100
|move|p2b: Garchomp|Earthquake|p1b: Blastoise|[spread] p2a,p1a,p1b
|-resisted|p2a: Whimsicott|1
|-damage|p2a: Whimsicott|8/100
|-damage|p1a: Maushold|0 fnt
|-damage|p1b: Blastoise|26/100
|faint|p1a: Maushold
|-damage|p2b: Garchomp|70/100|[from] item: Life Orb
|move|p1b: Blastoise|Water Spout|p2b: Garchomp|[spread] p2a,p2b
|-resisted|p2a: Whimsicott|1
|-damage|p2a: Whimsicott|0 fnt
|-damage|p2b: Garchomp|31/100
|faint|p2a: Whimsicott
|
|upkeep
|
|t:|1785950401
|switch|p2a: Floette|Floette-Eternal, L50, F|100/100
|switch|p1a: Incineroar|Incineroar, L50, F|55/100
|-ability|p1a: Incineroar|Intimidate|boost
|-unboost|p2a: Floette|atk|1
|-unboost|p2b: Garchomp|atk|1
|turn|4
|inactive|secretsoeren has 30 seconds left.
|inactive|secretsoeren has 20 seconds left.
|inactive|secretsoeren has 15 seconds left.
|inactive|secretsoeren has 10 seconds left.
|
|t:|1785950447
|detailschange|p2a: Floette|Floette-Mega, L50, F
|-mega|p2a: Floette|Floette|Floettite
|-ability|p2a: Floette|Fairy Aura
|move|p1a: Incineroar|Fake Out|p2a: Floette
|-damage|p2a: Floette|85/100
|move|p2b: Garchomp|Dragon Claw|p1b: Blastoise
|-damage|p1b: Blastoise|0 fnt
|faint|p1b: Blastoise
|-damage|p2b: Garchomp|21/100|[from] item: Life Orb
|cant|p2a: Floette|flinch
|
|upkeep
|
|t:|1785950455
|switch|p1b: Sinistcha|Sinistcha, L50|100/100
|-heal|p1a: Incineroar|80/100|[from] ability: Hospitality|[of] p1b: Sinistcha
|turn|5
|
|t:|1785950466
|move|p2b: Garchomp|Rock Slide|p1a: Incineroar|[spread] p1b
|-miss|p2b: Garchomp|p1a: Incineroar
|-damage|p1b: Sinistcha|88/100
|-damage|p2b: Garchomp|11/100|[from] item: Life Orb
|move|p2a: Floette|Light of Ruin|p1b: Sinistcha|[miss]
|-miss|p2a: Floette|p1b: Sinistcha
|move|p1a: Incineroar|Flare Blitz|p2a: Floette
|-crit|p2a: Floette
|-damage|p2a: Floette|0 fnt
|faint|p2a: Floette
|-damage|p1a: Incineroar|58/100|[from] Recoil
|move|p1b: Sinistcha|Trick Room|p1b: Sinistcha
|-fieldstart|move: Trick Room|[of] p1b: Sinistcha
|
|-sideend|p2: CrazyComet37|move: Tailwind
|upkeep
|
|t:|1785950480
|switch|p2a: Basculegion|Basculegion, L50, M|100/100
|turn|6
|
|t:|1785950499
|move|p1b: Sinistcha|Matcha Gotcha|p2a: Basculegion|[spread] p2b
|-miss|p1b: Sinistcha|p2a: Basculegion
|-damage|p2b: Garchomp|0 fnt
|-heal|p1b: Sinistcha|94/100|[from] drain|[of] p2b: Garchomp
|faint|p2b: Garchomp
|move|p1a: Incineroar|Throat Chop|p2a: Basculegion
|-supereffective|p2a: Basculegion|1
|-damage|p2a: Basculegion|28/100
|-start|p2a: Basculegion|Throat Chop|[silent]
|move|p2a: Basculegion|Last Respects|p1b: Sinistcha
|-supereffective|p1b: Sinistcha|1
|-damage|p1b: Sinistcha|0 fnt
|faint|p1b: Sinistcha
|
|upkeep
|turn|7
|
|t:|1785950514
|move|p2a: Basculegion|Protect|p2a: Basculegion
|-singleturn|p2a: Basculegion|Protect
|move|p1a: Incineroar|Throat Chop|p2a: Basculegion
|-activate|p2a: Basculegion|move: Protect
|
|-end|p2a: Basculegion|Throat Chop|[silent]
|upkeep
|turn|8
|
|t:|1785950520
|move|p2a: Basculegion|Aqua Jet|p1a: Incineroar
|-supereffective|p1a: Incineroar|1
|-damage|p1a: Incineroar|0 fnt
|faint|p1a: Incineroar
|
|win|CrazyComet37
||CrazyComet37 is ready for game 2.
|inactive|secretsoeren has 30 seconds to confirm battle start!
|inactive|secretsoeren has 20 seconds to confirm battle start!
||secretsoeren is ready for game 2.
|uhtml|next|Next: Game 2 of 3
|l|☆secretsoeren
|player|p1|
