|j|☆Fairy Juice Jay
|j|☆OceanicGamer
|html|Fairy Juice JayOceanicGamer    
|uhtml|bestof|Game 2 of a best-of-3
|t:|1783200528
|gametype|doubles
|player|p1|Fairy Juice Jay|burgh-masters|
|player|p2|OceanicGamer|#agwliiikyogres|
|gen|9
|tier|[Gen 9 Champions] VGC 2026 Reg M-B (Bo3)
|rule|Species Clause: Limit one of each Pokémon
|rule|Item Clause: Limit 1 of each item
|clearpoke
|poke|p1|Tyranitar, L50, F|
|poke|p1|Venusaur, L50, M|
|poke|p1|Excadrill, L50, F|
|poke|p1|Rotom-Heat, L50|
|poke|p1|Aegislash, L50, F|
|poke|p1|Primarina, L50, F|
|poke|p2|Tyranitar, L50, M, shiny|
|poke|p2|Excadrill, L50, F, shiny|
|poke|p2|Talonflame, L50, F, shiny|
|poke|p2|Rotom-Mow, L50, shiny|
|poke|p2|Tinkaton, L50, F|
|poke|p2|Samurott-Hisui, L50, F|
|teampreview|4
|showteam|p1|Tyranitar||Tyranitarite|SandStream|RockSlide,KnockOff,Superpower,Protect|Adamant||F|||50|]Venusaur||Venusaurite|Chlorophyll|GigaDrain,SludgeBomb,LeechSeed,Protect|Bold||M|||50|]Excadrill||FocusSash|SandRush|HighHorsepower,IronHead,RockSlide,Protect|Adamant||F|||50|]Rotom-Heat||SitrusBerry|Levitate|Thunderbolt,Overheat,WillOWisp,Protect|Modest|||||50|]Aegislash||WhiteHerb|StanceChange|IronHead,Poltergeist,ShadowSneak,KingsShield|Adamant||F|||50|]Primarina||Leftovers|LiquidVoice|HyperVoice,Moonblast,AquaJet,Protect|Modest||F|||50|
|showteam|p2|Tyranitar||Tyranitarite|SandStream|Protect,RockSlide,KnockOff,LowKick|Adamant||M|||50|]Excadrill||FocusSash|SandRush|HighHorsepower,IronHead,SwordsDance,Protect|Adamant||F|||50|]Talonflame||LifeOrb|GaleWings|FlareBlitz,BraveBird,Protect,Tailwind|Adamant||F|||50|]Rotom-Mow||SitrusBerry|Levitate|LeafStorm,Electroweb,WillOWisp,Protect|Modest|||||50|]Tinkaton||MetalCoat|OwnTempo|FakeOut,GigatonHammer,PlayRough,Protect|Jolly||F|||50|]Samurott-Hisui||BlackGlasses|Sharpness|CeaselessEdge,SuckerPunch,RazorShell,Protect|Jolly||F|||50|
|inactive|Battle timer is ON: inactive players will automatically lose when time's up. (requested by OceanicGamer)
|inactive|Fairy Juice Jay also wants the timer to be on.
|c|☆OceanicGamer|glhf
|inactive|OceanicGamer has 60 seconds left.
|
|t:|1783200565
|teamsize|p1|4
|teamsize|p2|4
|start
|switch|p1a: Demeter|Excadrill, L50, F|100/100
|switch|p1b: Petal|Venusaur, L50, M|100/100
|switch|p2a: Talonflame|Talonflame, L50, F, shiny|100/100
|switch|p2b: Tinkaton|Tinkaton, L50, F|100/100
|turn|1
|
|t:|1783200589
|switch|p1b: Zippy|Rotom-Heat, L50|100/100
|move|p2a: Talonflame|Protect|p2a: Talonflame
|-singleturn|p2a: Talonflame|Protect
|move|p1a: Demeter|Protect|p1a: Demeter
|-singleturn|p1a: Demeter|Protect
|move|p2b: Tinkaton|Fake Out|p1a: Demeter
|-activate|p1a: Demeter|move: Protect
|
|upkeep
|turn|2
|inactive|OceanicGamer has 30 seconds left.
|
|t:|1783200623
|switch|p2a: Excadrill|Excadrill, L50, F, shiny|100/100
|move|p2b: Tinkaton|Gigaton Hammer|p1a: Demeter
|-resisted|p1a: Demeter|1
|-damage|p1a: Demeter|50/100g
|move|p1a: Demeter|High Horsepower|p2b: Tinkaton
|-supereffective|p2b: Tinkaton|1
|-damage|p2b: Tinkaton|0 fnt
|faint|p2b: Tinkaton
|move|p1b: Zippy|Thunderbolt|p2a: Excadrill
|-immune|p2a: Excadrill
|
|upkeep
|
|t:|1783200634
|switch|p2b: Talonflame|Talonflame, L50, F, shiny|100/100
|turn|3
|
|t:|1783200655
|move|p2b: Talonflame|Tailwind|p2b: Talonflame
|-sidestart|p2: OceanicGamer|move: Tailwind
|move|p2a: Excadrill|High Horsepower|p1a: Demeter
|-supereffective|p1a: Demeter|1
|-damage|p1a: Demeter|0 fnt
|faint|p1a: Demeter
|move|p1b: Zippy|Will-O-Wisp|p2a: Excadrill
|-status|p2a: Excadrill|brn
|
|-damage|p2a: Excadrill|94/100 brn|[from] brn
|upkeep
|
|t:|1783200670
|switch|p1a: Petal|Venusaur, L50, M|100/100
|turn|4
|
|t:|1783200680
|switch|p2a: Tyranitar|Tyranitar, L50, M, shiny|100/100
|-weather|Sandstorm|[from] ability: Sand Stream|[of] p2a: Tyranitar
|detailschange|p1a: Petal|Venusaur-Mega, L50, M
|-mega|p1a: Petal|Venusaur|Venusaurite
|move|p2b: Talonflame|Protect|p2b: Talonflame
|-singleturn|p2b: Talonflame|Protect
|move|p1b: Zippy|Thunderbolt|p2b: Talonflame
|-activate|p2b: Talonflame|move: Protect
|move|p1a: Petal|Leech Seed|p2a: Tyranitar
|-start|p2a: Tyranitar|move: Leech Seed
|
|-weather|Sandstorm|[upkeep]
|-damage|p2b: Talonflame|94/100|[from] Sandstorm
|-damage|p1b: Zippy|94/100|[from] Sandstorm
|-damage|p1a: Petal|94/100|[from] Sandstorm
|-damage|p2a: Tyranitar|87/100|[from] Leech Seed|[of] p1a: Petal
|-heal|p1a: Petal|100/100|[silent]
|upkeep
|turn|5
|j| slitherwingfan6
|
|t:|1783200704
|detailschange|p2a: Tyranitar|Tyranitar-Mega, L50, M, shiny
|-mega|p2a: Tyranitar|Tyranitar|Tyranitarite
|move|p1a: Petal|Protect|p1a: Petal
|-singleturn|p1a: Petal|Protect
|move|p2b: Talonflame|Brave Bird|p1a: Petal
|-activate|p1a: Petal|move: Protect
|move|p2a: Tyranitar|Rock Slide|p1a: Petal|[spread] p1b
|-activate|p1a: Petal|move: Protect
|-supereffective|p1b: Zippy|1
|-damage|p1b: Zippy|17/100
|-enditem|p1b: Zippy|Sitrus Berry|[eat]
|-heal|p1b: Zippy|42/100|[from] item: Sitrus Berry
|cant|p1b: Zippy|flinch
|
|-weather|Sandstorm|[upkeep]
|-damage|p2b: Talonflame|88/100|[from] Sandstorm
|-damage|p1b: Zippy|36/100|[from] Sandstorm
|-damage|p1a: Petal|94/100|[from] Sandstorm
|-damage|p2a: Tyranitar|75/100|[from] Leech Seed|[of] p1a: Petal
|-heal|p1a: Petal|100/100|[silent]
|upkeep
|turn|6
|c|☆OceanicGamer|mb
|
|t:|1783200725
|move|p1b: Zippy|Protect|p1b: Zippy
|-singleturn|p1b: Zippy|Protect
|move|p2b: Talonflame|Brave Bird|p1a: Petal
|-supereffective|p1a: Petal|1
|-crit|p1a: Petal
|-damage|p1a: Petal|0 fnt
|faint|p1a: Petal
|-damage|p2b: Talonflame|48/100|[from] Recoil
|-damage|p2b: Talonflame|38/100|[from] item: Life Orb
|move|p2a: Tyranitar|Rock Slide|p1b: Zippy
|-activate|p1b: Zippy|move: Protect
|
|-weather|Sandstorm|[upkeep]
|-damage|p2b: Talonflame|32/100|[from] Sandstorm
|-damage|p1b: Zippy|31/100|[from] Sandstorm
|-sideend|p2: OceanicGamer|move: Tailwind
|upkeep
|c|☆Fairy Juice Jay|Bro
|
|t:|1783200733
|switch|p1a: Primarina|Primarina, L50, F|100/100
|turn|7
|c| slitherwingfan6|yo what is this LMAO
|
|t:|1783200751
|move|p1b: Zippy|Protect|p1b: Zippy
|-singleturn|p1b: Zippy|Protect
|move|p2b: Talonflame|Brave Bird|p1a: Primarina
|-damage|p1a: Primarina|25/100
|-damage|p2b: Talonflame|3/100|[from] Recoil
|-damage|p2b: Talonflame|0 fnt|[from] item: Life Orb
|faint|p2b: Talonflame
|move|p2a: Tyranitar|Rock Slide|p1a: Primarina|[spread] p1a
|-activate|p1b: Zippy|move: Protect
|-damage|p1a: Primarina|0 fnt
|faint|p1a: Primarina
|
|-weather|Sandstorm|[upkeep]
|-damage|p1b: Zippy|25/100|[from] Sandstorm
|upkeep
|
|t:|1783200762
|switch|p2b: Excadrill|Excadrill, L50, F, shiny|94/100 brn
|turn|8
|-message|Fairy Juice Jay forfeited.
|
|win|OceanicGamer
|c|☆OceanicGamer|gg sry
