|j|☆thymianthorsten
|j|☆crudo de fava
|html|thymianthorstencrudo de fava    
|uhtml|bestof|Game 1 of a best-of-3
|t:|1756414569
|gametype|doubles
|player|p1|thymianthorsten|101|1375
|player|p2|crudo de fava|ingo|1434
|gen|9
|tier|[Gen 9] VGC 2025 Reg H (Bo3)
|rated|
|rule|Species Clause: Limit one of each Pokémon
|rule|Item Clause: Limit 1 of each item
|clearpoke
|poke|p1|Garchomp, L50, M|
|poke|p1|Vivillon, L50, M|
|poke|p1|Incineroar, L50, F|
|poke|p1|Porygon2, L50|
|poke|p1|Primarina, L50, F|
|poke|p1|Gholdengo, L50|
|poke|p2|Charizard, L50, M|
|poke|p2|Torkoal, L50, M|
|poke|p2|Porygon2, L50|
|poke|p2|Incineroar, L50, F|
|poke|p2|Jumpluff, L50, M|
|poke|p2|Ursaluna, L50, M|
|teampreview|4
|showteam|p1|Garchomp||LifeOrb|RoughSkin|DragonClaw,Earthquake,StompingTantrum,Protect|||M|||50|,,,,,Fire]Vivillon||FocusSash|CompoundEyes|Protect,RagePowder,SleepPowder,Hurricane|||M|||50|,,,,,Ghost]Incineroar||SafetyGoggles|Intimidate|FakeOut,FlareBlitz,KnockOff,PartingShot|||F|||50|,,,,,Ghost]Porygon2||Eviolite|Download|TeraBlast,IceBeam,Recover,TrickRoom||||||50|,,,,,Fighting]Primarina||ThroatSpray|LiquidVoice|HyperVoice,Moonblast,Haze,Protect|||F|||50|,,,,,Poison]Gholdengo||MetalCoat|GoodasGold|MakeItRain,ShadowBall,NastyPlot,Protect||||||50|,,,,,Dragon
|showteam|p2|Charizard||ChoiceSpecs|SolarPower|HeatWave,Overheat,WeatherBall,AirSlash|||M|||50|,,,,,Ghost]Torkoal||EjectPack|Drought|Eruption,Overheat,HelpingHand,Protect|||M|||50|,,,,,Fire]Porygon2||Eviolite|Download|TeraBlast,IceBeam,Recover,TrickRoom||||||50|,,,,,Fighting]Incineroar||SitrusBerry|Intimidate|FlareBlitz,KnockOff,FakeOut,PartingShot|||F|||50|,,,,,Ghost]Jumpluff||CovertCloak|Chlorophyll|SleepPowder,SunnyDay,RagePowder,Tailwind|||M|||50|,,,,,Water]Ursaluna||FlameOrb|Guts|HeadlongRush,Facade,Earthquake,Protect|||M|||50|,,,,,Ghost
|
|t:|1756414602
|teamsize|p1|4
|teamsize|p2|4
|start
|switch|p1a: Vivillon|Vivillon, L50, M|100/100
|switch|p1b: Gholdengo|Gholdengo, L50|100/100
|switch|p2a: Jumpluff|Jumpluff, L50, M|100/100
|switch|p2b: Charizard|Charizard, L50, M|100/100
|turn|1
|
|t:|1756414631
|switch|p1a: Incineroar|Incineroar, L50, F|100/100
|-ability|p1a: Incineroar|Intimidate|boost
|-unboost|p2a: Jumpluff|atk|1
|-unboost|p2b: Charizard|atk|1
|-terastallize|p1b: Gholdengo|Dragon
|move|p2a: Jumpluff|Sleep Powder|p1a: Incineroar
|-activate|p1a: Incineroar|item: Safety Goggles|Sleep Powder
|move|p2b: Charizard|Heat Wave|p1a: Incineroar|[spread] p1a,p1b
|-resisted|p1a: Incineroar
|-resisted|p1b: Gholdengo
|-damage|p1a: Incineroar|79/100
|-damage|p1b: Gholdengo|74/100
|move|p1b: Gholdengo|Nasty Plot|p1b: Gholdengo
|-boost|p1b: Gholdengo|spa|2
|
|upkeep
|turn|2
|
|t:|1756414681
|switch|p1a: Garchomp|Garchomp, L50, M|100/100
|move|p2a: Jumpluff|Sunny Day|p2a: Jumpluff
|-weather|SunnyDay
|move|p2b: Charizard|Heat Wave|p1a: Garchomp|[spread] p1a,p1b
|-resisted|p1a: Garchomp
|-resisted|p1b: Gholdengo
|-damage|p1a: Garchomp|43/100
|-damage|p1b: Gholdengo|7/100
|move|p1b: Gholdengo|Make It Rain|p2a: Jumpluff|[spread] p2a,p2b
|-resisted|p2b: Charizard
|-damage|p2a: Jumpluff|0 fnt
|-damage|p2b: Charizard|21/100
|-unboost|p1b: Gholdengo|spa|1
|faint|p2a: Jumpluff
|
|-weather|SunnyDay|[upkeep]
|-damage|p2b: Charizard|8/100|[from] ability: Solar Power|[of] p2b: Charizard
|upkeep
|inactive|Battle timer is ON: inactive players will automatically lose when time's up. (requested by thymianthorsten)
|
|t:|1756414699
|switch|p2a: Porygon2|Porygon2, L50|100/100
|-ability|p2a: Porygon2|Download|boost
|-boost|p2a: Porygon2|spa|1
|turn|3
|
|t:|1756414709
|move|p1b: Gholdengo|Protect|p1b: Gholdengo
|-singleturn|p1b: Gholdengo|Protect
|move|p2b: Charizard|Heat Wave|p1b: Gholdengo|[spread] p1a
|-activate|p1b: Gholdengo|move: Protect
|-resisted|p1a: Garchomp
|-damage|p1a: Garchomp|0 fnt
|faint|p1a: Garchomp
|move|p2a: Porygon2|Trick Room|p2a: Porygon2
|-fieldstart|move: Trick Room|[of] p2a: Porygon2
|
|-weather|SunnyDay|[upkeep]
|-damage|p2b: Charizard|0 fnt|[from] ability: Solar Power|[of] p2b: Charizard
|faint|p2b: Charizard
|upkeep
|
|t:|1756414718
|switch|p1a: Incineroar|Incineroar, L50, F|79/100
|switch|p2b: Ursaluna|Ursaluna, L50, M|100/100
|-ability|p1a: Incineroar|Intimidate|boost
|-unboost|p2a: Porygon2|atk|1
|-unboost|p2b: Ursaluna|atk|1
|turn|4
|inactive|crudo de fava has 30 seconds left.
|inactive|crudo de fava has 20 seconds left.
|
|t:|1756414756
|move|p1b: Gholdengo|Protect|p1b: Gholdengo
|-singleturn|p1b: Gholdengo|Protect
|move|p2a: Porygon2|Tera Blast|p1b: Gholdengo
|-activate|p1b: Gholdengo|move: Protect
|move|p1a: Incineroar|Knock Off|p2b: Ursaluna
|-damage|p2b: Ursaluna|70/100
|-enditem|p2b: Ursaluna|Flame Orb|[from] move: Knock Off|[of] p1a: Incineroar
|move|p2b: Ursaluna|Earthquake|p1b: Gholdengo|[spread] p2a,p1a
|-activate|p1b: Gholdengo|move: Protect
|-supereffective|p1a: Incineroar
|-damage|p2a: Porygon2|83/100
|-damage|p1a: Incineroar|34/100
|
|-weather|SunnyDay|[upkeep]
|upkeep
|turn|5
|
|t:|1756414777
|switch|p1b: Vivillon|Vivillon, L50, M|100/100
|move|p1a: Incineroar|Knock Off|p2a: Porygon2
|-damage|p2a: Porygon2|56/100
|-enditem|p2a: Porygon2|Eviolite|[from] move: Knock Off|[of] p1a: Incineroar
|move|p2a: Porygon2|Tera Blast|p1b: Vivillon
|-enditem|p1b: Vivillon|Focus Sash
|-damage|p1b: Vivillon|1/100
|move|p2b: Ursaluna|Earthquake|p1a: Incineroar|[spread] p2a,p1a
|-immune|p1b: Vivillon
|-supereffective|p1a: Incineroar
|-damage|p2a: Porygon2|27/100
|-damage|p1a: Incineroar|0 fnt
|faint|p1a: Incineroar
|
|-weather|SunnyDay|[upkeep]
|upkeep
|
|t:|1756414791
|switch|p1a: Gholdengo|Gholdengo, L50, tera:Dragon|7/100
|turn|6
|
|t:|1756414799
|-terastallize|p2b: Ursaluna|Ghost
|move|p1a: Gholdengo|Protect|p1a: Gholdengo
|-singleturn|p1a: Gholdengo|Protect
|move|p1b: Vivillon|Protect|p1b: Vivillon
|-singleturn|p1b: Vivillon|Protect
|move|p2a: Porygon2|Tera Blast|p1a: Gholdengo
|-activate|p1a: Gholdengo|move: Protect
|move|p2b: Ursaluna|Facade|p1b: Vivillon
|-activate|p1b: Vivillon|move: Protect
|
|-weather|none
|upkeep
|turn|7
|
|t:|1756414812
|move|p1a: Gholdengo|Protect|p1a: Gholdengo
|-singleturn|p1a: Gholdengo|Protect
|move|p1b: Vivillon|Protect|p1b: Vivillon
|-singleturn|p1b: Vivillon|Protect
|move|p2a: Porygon2|Tera Blast|p1a: Gholdengo
|-activate|p1a: Gholdengo|move: Protect
|move|p2b: Ursaluna|Facade|p1b: Vivillon
|-activate|p1b: Vivillon|move: Protect
|
|-fieldend|move: Trick Room
|upkeep
|turn|8
|inactive|crudo de fava has 30 seconds left.
|inactive|crudo de fava has 20 seconds left.
|
|t:|1756414848
|move|p1b: Vivillon|Sleep Powder|p2b: Ursaluna
|-status|p2b: Ursaluna|slp|[from] move: Sleep Powder
|move|p1a: Gholdengo|Make It Rain|p2a: Porygon2|[spread] p2a,p2b
|-crit|p2b: Ursaluna
|-damage|p2a: Porygon2|0 fnt
|-damage|p2b: Ursaluna|0 fnt
|-unboost|p1a: Gholdengo|spa|1
|faint|p2a: Porygon2
|faint|p2b: Ursaluna
|
|win|thymianthorsten
