|j|☆mygreat
|j|☆UchitaWyrm
|html|mygreatUchitaWyrm    
|uhtml|bestof|Game 3 of a best-of-3
|t:|1783163013
|gametype|doubles
|player|p1|mygreat|veteran|1225
|player|p2|UchitaWyrm|rocketgrunt|1123
|gen|9
|tier|[Gen 9 Champions] VGC 2026 Reg M-B (Bo3)
|rated|
|rule|Species Clause: Limit one of each Pokémon
|rule|Item Clause: Limit 1 of each item
|clearpoke
|poke|p1|Aerodactyl, L50, F|
|poke|p1|Charizard, L50, M|
|poke|p1|Garchomp, L50, M|
|poke|p1|Sylveon, L50, M|
|poke|p1|Kingambit, L50, M|
|poke|p1|Farigiraf, L50, M|
|poke|p2|Froslass, L50, F|
|poke|p2|Basculegion, L50, M|
|poke|p2|Glimmora, L50, M|
|poke|p2|Rotom-Wash, L50|
|poke|p2|Kingambit, L50, M|
|poke|p2|Clefable, L50, M|
|teampreview|4
|showteam|p1|Aerodactyl||Aerodactylite|Unnerve|WideGuard,RockSlide,DualWingbeat,Tailwind|Jolly||F|||50|]Charizard||CharizarditeY|Blaze|SolarBeam,WeatherBall,HeatWave,Protect|Modest||M|||50|]Garchomp||LifeOrb|RoughSkin|DragonClaw,RockSlide,Earthquake,Protect|Jolly||M|||50|]Sylveon||FairyFeather|Pixilate|HyperVoice,HyperBeam,QuickAttack,Protect|Modest||M|||50|]Kingambit||FocusSash|Defiant|LowKick,IronHead,KowtowCleave,SuckerPunch|Adamant||M|||50|]Farigiraf||SitrusBerry|ArmorTail|Thunderbolt,Psychic,TrickRoom,HelpingHand|Bold||M|||50|
|showteam|p2|Froslass||Froslassite|SnowCloak|Blizzard,AuroraVeil,ShadowBall,Protect|Timid||F|||50|]Basculegion||LifeOrb|Adaptability|WaveCrash,AquaJet,LastRespects,Protect|Jolly||M|||50|]Glimmora||FocusSash|ToxicDebris|SpikyShield,PowerGem,SludgeBomb,EarthPower|Timid||M|||50|]Rotom-Wash||ChoiceScarf|Levitate|Trick,VoltSwitch,Electroweb,HydroPump|Timid|||||50|]Kingambit||BlackGlasses|Defiant|SuckerPunch,IronHead,KowtowCleave,BrickBreak|Adamant||M|||50|]Clefable||SitrusBerry|Unaware|Moonblast,FollowMe,HelpingHand,Protect|Bold||M|||50|
|
|t:|1783163025
|teamsize|p1|4
|teamsize|p2|4
|start
|switch|p1a: Kingambit|Kingambit, L50, M|100/100
|switch|p1b: Farigiraf|Farigiraf, L50, M|100/100
|switch|p2a: Rotom|Rotom-Wash, L50|100/100
|switch|p2b: Glimmora|Glimmora, L50, M|100/100
|turn|1
|
|t:|1783163037
|move|p2a: Rotom|Trick|p1b: Farigiraf
|-activate|p2a: Rotom|move: Trick|[of] p1b: Farigiraf
|-item|p1b: Farigiraf|Choice Scarf|[from] move: Trick
|-item|p2a: Rotom|Sitrus Berry|[from] move: Trick
|move|p2b: Glimmora|Earth Power|p1a: Kingambit
|-supereffective|p1a: Kingambit|1
|-damage|p1a: Kingambit|32/100
|move|p1a: Kingambit|Iron Head|p2b: Glimmora
|-supereffective|p2b: Glimmora|1
|-crit|p2b: Glimmora
|-enditem|p2b: Glimmora|Focus Sash
|-damage|p2b: Glimmora|1/100
|-activate|p2b: Glimmora|ability: Toxic Debris
|-sidestart|p1: mygreat|move: Toxic Spikes
|move|p1b: Farigiraf|Trick Room|p1b: Farigiraf
|-fieldstart|move: Trick Room|[of] p1b: Farigiraf
|
|upkeep
|turn|2
|
|t:|1783163054
|switch|p1b: Sylveon|Sylveon, L50, M|100/100
|-status|p1b: Sylveon|psn
|move|p1a: Kingambit|Kowtow Cleave|p2b: Glimmora
|-damage|p2b: Glimmora|0 fnt
|-activate|p2b: Glimmora|ability: Toxic Debris
|-sidestart|p1: mygreat|move: Toxic Spikes
|faint|p2b: Glimmora
|move|p2a: Rotom|Volt Switch|p1b: Sylveon
|-damage|p1b: Sylveon|72/100 psn
|
|t:|1783163061
|switch|p2a: Kingambit|Kingambit, L50, M|100/100|[from] Volt Switch
|
|-damage|p1b: Sylveon|60/100 psn|[from] psn
|upkeep
|
|t:|1783163062
|switch|p2b: Froslass|Froslass, L50, F|100/100
|turn|3
|
|t:|1783163073
|switch|p2b: Rotom|Rotom-Wash, L50|100/100
|move|p2a: Kingambit|Iron Head|p1b: Sylveon
|-supereffective|p1b: Sylveon|1
|-damage|p1b: Sylveon|0 fnt
|faint|p1b: Sylveon
|move|p1a: Kingambit|Low Kick|p2a: Kingambit
|-supereffective|p2a: Kingambit|2
|-damage|p2a: Kingambit|0 fnt
|faint|p2a: Kingambit
|
|upkeep
|
|t:|1783163081
|switch|p2a: Froslass|Froslass, L50, F|100/100
|switch|p1b: Charizard|Charizard, L50, M|100/100
|turn|4
|
|t:|1783163099
|detailschange|p1b: Charizard|Charizard-Mega-Y, L50, M
|-mega|p1b: Charizard|Charizard|Charizardite Y
|-weather|SunnyDay|[from] ability: Drought|[of] p1b: Charizard
|detailschange|p2a: Froslass|Froslass-Mega, L50, F
|-mega|p2a: Froslass|Froslass|Froslassite
|-weather|Snowscape|[from] ability: Snow Warning|[of] p2a: Froslass
|move|p2a: Froslass|Protect|p2a: Froslass
|-singleturn|p2a: Froslass|Protect
|move|p1a: Kingambit|Kowtow Cleave|p2a: Froslass
|-activate|p2a: Froslass|move: Protect
|move|p1b: Charizard|Heat Wave|p2a: Froslass|[spread] p2b
|-activate|p2a: Froslass|move: Protect
|-resisted|p2b: Rotom|1
|-damage|p2b: Rotom|74/100
|move|p2b: Rotom|Hydro Pump|p1a: Kingambit
|-damage|p1a: Kingambit|0 fnt
|faint|p1a: Kingambit
|
|-weather|Snowscape|[upkeep]
|upkeep
|
|t:|1783163106
|switch|p1a: Farigiraf|Farigiraf, L50, M|100/100
|-status|p1a: Farigiraf|tox
|turn|5
|
|t:|1783163121
|move|p1a: Farigiraf|Psychic|p2a: Froslass
|-damage|p2a: Froslass|58/100
|move|p1b: Charizard|Heat Wave|p2b: Rotom|[spread] p2a,p2b
|-supereffective|p2a: Froslass|1
|-resisted|p2b: Rotom|1
|-damage|p2a: Froslass|0 fnt
|-damage|p2b: Rotom|48/100
|-enditem|p2b: Rotom|Sitrus Berry|[eat]
|-heal|p2b: Rotom|72/100|[from] item: Sitrus Berry
|faint|p2a: Froslass
|move|p2b: Rotom|Electroweb|p1a: Farigiraf|[spread] p1a,p1b
|-supereffective|p1b: Charizard|1
|-damage|p1a: Farigiraf|83/100 tox
|-damage|p1b: Charizard|67/100
|-unboost|p1a: Farigiraf|spe|1
|-unboost|p1b: Charizard|spe|1
|
|-weather|Snowscape|[upkeep]
|-damage|p1a: Farigiraf|77/100 tox|[from] psn
|-fieldend|move: Trick Room
|upkeep
|turn|6
|
|t:|1783163130
|move|p2b: Rotom|Hydro Pump|p1b: Charizard
|-supereffective|p1b: Charizard|1
|-damage|p1b: Charizard|0 fnt
|faint|p1b: Charizard
|move|p1a: Farigiraf|Psychic|p2b: Rotom
|-damage|p2b: Rotom|26/100
|-unboost|p2b: Rotom|spd|1
|
|-weather|Snowscape|[upkeep]
|-damage|p1a: Farigiraf|65/100 tox|[from] psn
|upkeep
|turn|7
|
|t:|1783163134
|move|p2b: Rotom|Hydro Pump|p1a: Farigiraf
|-damage|p1a: Farigiraf|16/100 tox
|move|p1a: Farigiraf|Psychic|p2b: Rotom
|-damage|p2b: Rotom|0 fnt
|faint|p2b: Rotom
|
|win|mygreat
|raw|mygreat's rating: 1225 → 1243(+18 for winning)
|raw|UchitaWyrm's rating: 1123 → 1105(-18 for losing)
