|j|☆Squiggs842
|j|☆naibot2814
|html|Squiggs842naibot2814    
|uhtml|bestof|Game 2 of a best-of-3
|t:|1784051801
|gametype|doubles
|player|p1|Squiggs842|2|1236
|player|p2|naibot2814|colress|1325
|gen|9
|tier|[Gen 9 Champions] VGC 2026 Reg M-B (Bo3)
|rated|
|rule|Species Clause: Limit one of each Pokémon
|rule|Item Clause: Limit 1 of each item
|clearpoke
|poke|p1|Blaziken, L50, F, shiny|
|poke|p1|Kingambit, L50, M, shiny|
|poke|p1|Basculegion, L50, M, shiny|
|poke|p1|Ninetales-Alola, L50, M, shiny|
|poke|p1|Gengar, L50, M, shiny|
|poke|p1|Incineroar, L50, M, shiny|
|poke|p2|Blastoise, L50, M|
|poke|p2|Incineroar, L50, M|
|poke|p2|Sneasler, L50, M|
|poke|p2|Sinistcha, L50|
|poke|p2|Kingambit, L50, M, shiny|
|poke|p2|Delphox, L50, F|
|teampreview|4
|showteam|p1|Blaziken||Blazikenite|SpeedBoost|CloseCombat,RockSlide,FlareBlitz,Detect|Adamant||F|||50|]Kingambit||LifeOrb|Defiant|KowtowCleave,SuckerPunch,Protect,IronHead|Adamant||M|||50|]Basculegion||FocusSash|Adaptability|Liquidation,LastRespects,AquaJet,Protect|Adamant||M|||50|]Ninetales-Alola||NeverMeltIce|SnowWarning|Blizzard,FreezeDry,Encore,Protect|Timid||M|||50|]Gengar||Gengarite|CursedBody|ShadowBall,Disable,PerishSong,Protect|Modest||M|||50|]Incineroar||PasshoBerry|Intimidate|FakeOut,PartingShot,FlareBlitz,Protect|Relaxed||M|||50|
|showteam|p2|Blastoise||Blastoisinite|Torrent|WaterSpout,DarkPulse,ShellSmash,Protect|Modest||M|||50|]Incineroar||SitrusBerry|Intimidate|FakeOut,FlareBlitz,DarkestLariat,PartingShot|Careful||M|||50|]Sneasler||FocusSash|PoisonTouch|FakeOut,CloseCombat,PoisonJab,RockTomb|Jolly||M|||50|]Sinistcha||KasibBerry|Hospitality|MatchaGotcha,TrickRoom,RagePowder,Protect|Bold|||||50|]Kingambit||BlackGlasses|Defiant|KowtowCleave,SuckerPunch,SwordsDance,Protect|Adamant||M|||50|]Delphox||Delphoxite|Blaze|HeatWave,Psyshock,NastyPlot,Protect|Timid||F|||50|
|inactive|Battle timer is ON: inactive players will automatically lose when time's up. (requested by Squiggs842)
|
|t:|1784051819
|teamsize|p1|4
|teamsize|p2|4
|start
|switch|p1a: Gengar|Gengar, L50, M, shiny|100/100
|switch|p1b: Incineroar|Incineroar, L50, M, shiny|100/100
|switch|p2a: Blastoise|Blastoise, L50, M|100/100
|switch|p2b: Sneasler|Sneasler, L50, M|100/100
|-ability|p1b: Incineroar|Intimidate|boost
|-unboost|p2a: Blastoise|atk|1
|-unboost|p2b: Sneasler|atk|1
|turn|1
|
|t:|1784051841
|detailschange|p1a: Gengar|Gengar-Mega, L50, M, shiny
|-mega|p1a: Gengar|Gengar|Gengarite
|detailschange|p2a: Blastoise|Blastoise-Mega, L50, M
|-mega|p2a: Blastoise|Blastoise|Blastoisinite
|move|p2b: Sneasler|Fake Out|p1b: Incineroar
|-damage|p1b: Incineroar|93/100
|cant|p1b: Incineroar|flinch
|move|p1a: Gengar|Perish Song|p1a: Gengar
|-start|p1a: Gengar|perish3|[silent]
|-start|p1b: Incineroar|perish3|[silent]
|-start|p2a: Blastoise|perish3|[silent]
|-start|p2b: Sneasler|perish3|[silent]
|-fieldactivate|move: Perish Song
|move|p2a: Blastoise|Dark Pulse|p1a: Gengar
|-supereffective|p1a: Gengar|1
|-damage|p1a: Gengar|12/100
|
|-start|p2b: Sneasler|perish3
|-start|p1a: Gengar|perish3
|-start|p2a: Blastoise|perish3
|-start|p1b: Incineroar|perish3
|upkeep
|turn|2
|
|t:|1784051855
|move|p1a: Gengar|Protect|p1a: Gengar
|-singleturn|p1a: Gengar|Protect
|move|p1b: Incineroar|Protect|p1b: Incineroar
|-singleturn|p1b: Incineroar|Protect
|move|p2b: Sneasler|Close Combat|p1b: Incineroar
|-activate|p1b: Incineroar|move: Protect
|move|p2a: Blastoise|Shell Smash|p2a: Blastoise
|-unboost|p2a: Blastoise|def|1
|-unboost|p2a: Blastoise|spd|1
|-boost|p2a: Blastoise|atk|2
|-boost|p2a: Blastoise|spa|2
|-boost|p2a: Blastoise|spe|2
|
|-start|p2a: Blastoise|perish2
|-start|p2b: Sneasler|perish2
|-start|p1a: Gengar|perish2
|-start|p1b: Incineroar|perish2
|upkeep
|turn|3
|
|t:|1784051877
|switch|p1a: Ninetales|Ninetales-Alola, L50, M, shiny|100/100
|-weather|Snowscape|[from] ability: Snow Warning|[of] p1a: Ninetales
|move|p2a: Blastoise|Water Spout|p1b: Incineroar|[spread] p1a,p1b
|-supereffective|p1b: Incineroar|1
|-enditem|p1b: Incineroar|Passho Berry|[eat]
|-enditem|p1b: Incineroar|Passho Berry|[weaken]
|-damage|p1a: Ninetales|0 fnt
|-damage|p1b: Incineroar|0 fnt
|faint|p1a: Ninetales
|faint|p1b: Incineroar
|move|p2b: Sneasler|Close Combat|p1: Ninetales|[notarget]
|-fail|p2b: Sneasler
|
|-weather|Snowscape|[upkeep]
|-start|p2a: Blastoise|perish1
|-start|p2b: Sneasler|perish1
|upkeep
|
|t:|1784051885
|switch|p1a: Kingambit|Kingambit, L50, M, shiny|100/100
|switch|p1b: Gengar|Gengar-Mega, L50, M, shiny|12/100
|turn|4
|
|t:|1784051898
|move|p1b: Gengar|Protect|p1b: Gengar
|-singleturn|p1b: Gengar|Protect
|move|p1a: Kingambit|Protect|p1a: Kingambit
|-singleturn|p1a: Kingambit|Protect
|move|p2a: Blastoise|Dark Pulse|p1b: Gengar
|-activate|p1b: Gengar|move: Protect
|move|p2b: Sneasler|Close Combat|p1a: Kingambit
|-activate|p1a: Kingambit|move: Protect
|
|-weather|Snowscape|[upkeep]
|-start|p2a: Blastoise|perish0
|-start|p2b: Sneasler|perish0
|faint|p2a: Blastoise
|faint|p2b: Sneasler
|upkeep
|
|t:|1784051900
|switch|p2b: Sinistcha|Sinistcha, L50|100/100
|switch|p2a: Kingambit|Kingambit, L50, M, shiny|100/100
|turn|5
|
|t:|1784051916
|move|p2b: Sinistcha|Protect|p2b: Sinistcha
|-singleturn|p2b: Sinistcha|Protect
|move|p1b: Gengar|Disable||[still]
|-fail|p1b: Gengar
|move|p1a: Kingambit|Kowtow Cleave|p2b: Sinistcha
|-activate|p2b: Sinistcha|move: Protect
|move|p2a: Kingambit|Kowtow Cleave|p1b: Gengar
|-supereffective|p1b: Gengar|1
|-damage|p1b: Gengar|0 fnt
|faint|p1b: Gengar
|
|-weather|Snowscape|[upkeep]
|upkeep
|turn|6
|-message|Squiggs842 forfeited.
|
|win|naibot2814
|raw|Squiggs842's rating: 1236 → 1217(-19 for losing)
|raw|naibot2814's rating: 1325 → 1340(+15 for winning)
|l|☆Squiggs842
|player|p1|
