|j|☆norganic_snsrr
|j|☆Catzuki
|html|norganic_snsrrCatzuki    
|uhtml|bestof|Game 1 of a best-of-3
|t:|1785896211
|gametype|doubles
|player|p1|norganic_snsrr|pokefan|1100
|player|p2|Catzuki|101|1102
|gen|9
|tier|[Gen 9 Champions] VGC 2026 Reg M-B (Bo3)
|rated|
|rule|Species Clause: Limit one of each Pokémon
|rule|Item Clause: Limit 1 of each item
|clearpoke
|poke|p1|Annihilape, L50, M|
|poke|p1|Whimsicott, L50, M, shiny|
|poke|p1|Milotic, L50, M|
|poke|p1|Primarina, L50, F|
|poke|p1|Kingambit, L50, F|
|poke|p1|Mawile, L50, M|
|poke|p2|Grimmsnarl, L50, M|
|poke|p2|Hydreigon, L50, F|
|poke|p2|Toxapex, L50, F|
|poke|p2|Incineroar, L50, M|
|poke|p2|Charizard, L50, F|
|poke|p2|Venusaur, L50, F|
|teampreview|4
|showteam|p1|Annihilape||Leftovers|Defiant|RageFist,BulkUp,DrainPunch,Protect|Careful||M|||50|]Whimsicott||FocusSash|Prankster|BeatUp,Tailwind,Moonblast,Encore|Timid||M|||50|]Milotic||SitrusBerry|Competitive|Scald,IceBeam,Recover,Protect|Serious||M|||50|]Primarina||WiseGlasses|LiquidVoice|HyperVoice,Moonblast,PsychicNoise,Protect|Modest||F|||50|]Kingambit||ChopleBerry|Defiant|KowtowCleave,SuckerPunch,IronHead,Protect|Adamant||F|||50|]Mawile||Mawilite|Intimidate|PlayRough,IronHead,SuckerPunch,Protect|Adamant||M|||50|
|showteam|p2|Grimmsnarl||RoseliBerry|Prankster|PowerSwap,PartingShot,FakeOut,ScaryFace|Calm||M|||50|]Hydreigon||LifeOrb|Levitate|Protect,DracoMeteor,DarkPulse,FlashCannon|Modest||F|||50|]Toxapex||Leftovers|Regenerator|Infestation,Toxic,WideGuard,BanefulBunker|Bold||F|||50|]Incineroar||SitrusBerry|Intimidate|FlareBlitz,ThroatChop,FakeOut,PartingShot|Impish||M|||50|]Charizard||CharizarditeY|Blaze|HeatWave,Overheat,Hurricane,Protect|Modest||F|||50|]Venusaur||FocusSash|Chlorophyll|LeafStorm,SludgeBomb,EarthPower,Protect|Modest||F|||50|
|
|t:|1785896253
|teamsize|p1|4
|teamsize|p2|4
|start
|switch|p1a: Annihilape|Annihilape, L50, M|100/100
|switch|p1b: Whimsicott|Whimsicott, L50, M, shiny|100/100
|switch|p2a: Charizard|Charizard, L50, F|100/100
|switch|p2b: Venusaur|Venusaur, L50, F|100/100
|turn|1
|
|t:|1785896299
|detailschange|p2a: Charizard|Charizard-Mega-Y, L50, F
|-mega|p2a: Charizard|Charizard|Charizardite Y
|-weather|SunnyDay|[from] ability: Drought|[of] p2a: Charizard
|move|p2b: Venusaur|Sludge Bomb|p1a: Annihilape
|-resisted|p1a: Annihilape|1
|-damage|p1a: Annihilape|85/100
|move|p1b: Whimsicott|Beat Up|p1a: Annihilape
|-damage|p1a: Annihilape|82/100
|-damage|p1a: Annihilape|81/100
|-damage|p1a: Annihilape|79/100
|-damage|p1a: Annihilape|76/100
|-hitcount|p1a: Annihilape|4
|move|p2a: Charizard|Heat Wave|p1b: Whimsicott|[spread] p1a,p1b
|-supereffective|p1b: Whimsicott|1
|-damage|p1a: Annihilape|35/100
|-enditem|p1b: Whimsicott|Focus Sash
|-damage|p1b: Whimsicott|1/100
|-status|p1a: Annihilape|brn
|move|p1a: Annihilape|Rage Fist|p2a: Charizard
|-damage|p2a: Charizard|37/100
|
|-weather|SunnyDay|[upkeep]
|-heal|p1a: Annihilape|41/100 brn|[from] item: Leftovers
|-damage|p1a: Annihilape|35/100 brn|[from] brn
|upkeep
|turn|2
|
|t:|1785896335
|move|p1b: Whimsicott|Tailwind|p1b: Whimsicott
|-sidestart|p1: norganic_snsrr|move: Tailwind
|move|p2b: Venusaur|Sludge Bomb|p1a: Annihilape
|-resisted|p1a: Annihilape|1
|-damage|p1a: Annihilape|19/100 brn
|move|p1a: Annihilape|Rage Fist|p2a: Charizard
|-damage|p2a: Charizard|0 fnt
|faint|p2a: Charizard
|
|-weather|SunnyDay|[upkeep]
|-heal|p1a: Annihilape|25/100 brn|[from] item: Leftovers
|-damage|p1a: Annihilape|19/100 brn|[from] brn
|upkeep
|
|t:|1785896353
|switch|p2a: Hydreigon|Hydreigon, L50, F|100/100
|turn|3
|
|t:|1785896366
|move|p2a: Hydreigon|Protect|p2a: Hydreigon
|-singleturn|p2a: Hydreigon|Protect
|move|p1b: Whimsicott|Moonblast|p2a: Hydreigon
|-activate|p2a: Hydreigon|move: Protect
|move|p2b: Venusaur|Leaf Storm|p1a: Annihilape
|-damage|p1a: Annihilape|0 fnt
|-unboost|p2b: Venusaur|spa|2
|faint|p1a: Annihilape
|
|-weather|SunnyDay|[upkeep]
|upkeep
|
|t:|1785896378
|switch|p1a: Kingambit|Kingambit, L50, F|100/100
|turn|4
|
|t:|1785896399
|switch|p2a: Grimmsnarl|Grimmsnarl, L50, M|100/100
|move|p2b: Venusaur|Protect|p2b: Venusaur
|-singleturn|p2b: Venusaur|Protect
|move|p1a: Kingambit|Protect|p1a: Kingambit
|-singleturn|p1a: Kingambit|Protect
|move|p1b: Whimsicott|Encore|p2b: Venusaur
|-activate|p2b: Venusaur|move: Protect
|
|-weather|SunnyDay|[upkeep]
|upkeep
|turn|5
|
|t:|1785896439
|move|p2a: Grimmsnarl|Fake Out|p1b: Whimsicott
|-damage|p1b: Whimsicott|0 fnt
|faint|p1b: Whimsicott
|move|p2b: Venusaur|Earth Power|p1a: Kingambit
|-supereffective|p1a: Kingambit|1
|-damage|p1a: Kingambit|72/100
|move|p1a: Kingambit|Iron Head|p2a: Grimmsnarl
|-supereffective|p2a: Grimmsnarl|1
|-damage|p2a: Grimmsnarl|9/100
|
|-weather|none
|-sideend|p1: norganic_snsrr|move: Tailwind
|upkeep
|
|t:|1785896449
|switch|p1b: Milotic|Milotic, L50, M|100/100
|turn|6
|
|t:|1785896479
|move|p2a: Grimmsnarl|Power Swap|p2b: Venusaur
|-swapboost|p2a: Grimmsnarl|p2b: Venusaur|atk, spa|[from] move: Power Swap
|move|p1a: Kingambit|Sucker Punch||[still]
|-fail|p1a: Kingambit
|move|p2b: Venusaur|Leaf Storm|p1b: Milotic
|-supereffective|p1b: Milotic|1
|-damage|p1b: Milotic|16/100
|-unboost|p2b: Venusaur|spa|2
|-enditem|p1b: Milotic|Sitrus Berry|[eat]
|-heal|p1b: Milotic|41/100|[from] item: Sitrus Berry
|move|p1b: Milotic|Ice Beam|p2b: Venusaur
|-supereffective|p2b: Venusaur|1
|-damage|p2b: Venusaur|52/100
|
|upkeep
|turn|7
|
|t:|1785896500
|move|p1b: Milotic|Protect|p1b: Milotic
|-singleturn|p1b: Milotic|Protect
|move|p2a: Grimmsnarl|Power Swap|p1b: Milotic
|-activate|p1b: Milotic|move: Protect
|move|p2b: Venusaur|Earth Power|p1a: Kingambit
|-supereffective|p1a: Kingambit|1
|-damage|p1a: Kingambit|43/100
|move|p1a: Kingambit|Iron Head|p2a: Grimmsnarl
|-supereffective|p2a: Grimmsnarl|1
|-damage|p2a: Grimmsnarl|0 fnt
|faint|p2a: Grimmsnarl
|
|upkeep
|
|t:|1785896511
|switch|p2a: Hydreigon|Hydreigon, L50, F|100/100
|turn|8
|
|t:|1785896528
|move|p1a: Kingambit|Sucker Punch|p2b: Venusaur
|-damage|p2b: Venusaur|0 fnt
|faint|p2b: Venusaur
|move|p2a: Hydreigon|Draco Meteor|p1b: Milotic
|-damage|p1b: Milotic|0 fnt
|-unboost|p2a: Hydreigon|spa|2
|faint|p1b: Milotic
|-damage|p2a: Hydreigon|90/100|[from] item: Life Orb
|
|upkeep
|turn|9
|
|t:|1785896554
|move|p2a: Hydreigon|Dark Pulse|p1a: Kingambit
|-resisted|p1a: Kingambit|1
|-damage|p1a: Kingambit|30/100
|-damage|p2a: Hydreigon|81/100|[from] item: Life Orb
|move|p1a: Kingambit|Iron Head|p2a: Hydreigon
|-damage|p2a: Hydreigon|26/100
|
|upkeep
|turn|10
|
|t:|1785896567
|move|p2a: Hydreigon|Draco Meteor|p1a: Kingambit
|-resisted|p1a: Kingambit|1
|-damage|p1a: Kingambit|10/100
|-unboost|p2a: Hydreigon|spa|2
|-damage|p2a: Hydreigon|16/100|[from] item: Life Orb
|move|p1a: Kingambit|Iron Head|p2a: Hydreigon
|-damage|p2a: Hydreigon|0 fnt
|faint|p2a: Hydreigon
|
|win|norganic_snsrr
