|j|â˜†Spliffbaeless
|j|â˜†soymalo1
|html|Spliffbaelesssoymalo1    
|uhtml|bestof|Game 2 of a best-of-3
|t:|1785694663
|gametype|doubles
|player|p1|Spliffbaeless|steven|1215
|player|p2|soymalo1|2|1091
|gen|9
|tier|[Gen 9 Champions] VGC 2026 Reg M-B (Bo3)
|rated|
|rule|Species Clause: Limit one of each PokÃ©mon
|rule|Item Clause: Limit 1 of each item
|clearpoke
|poke|p1|Raichu, L50, M, shiny|
|poke|p1|Mawile, L50, F|
|poke|p1|Sinistcha, L50|
|poke|p1|Ceruledge, L50, F|
|poke|p1|Milotic, L50, F|
|poke|p1|Incineroar, L50, F, shiny|
|poke|p2|Aerodactyl, L50, M|
|poke|p2|Kingambit, L50, F|
|poke|p2|Sylveon, L50, F|
|poke|p2|Garchomp, L50, M|
|poke|p2|Charizard, L50, M|
|poke|p2|Incineroar, L50, M|
|teampreview|4
|showteam|p1|Raichu||RaichuniteY|LightningRod|ZapCannon,FocusBlast,FakeOut,Protect|Timid||M|||50|]Mawile||Mawilite|HyperCutter|PlayRough,SuckerPunch,SwordsDance,Protect|Adamant||F|||50|]Sinistcha||KasibBerry|Hospitality|MatchaGotcha,LifeDew,RagePowder,Protect|Relaxed|||||50|]Ceruledge||ColburBerry|FlashFire|BitterBlade,ShadowSneak,BulkUp,Protect|Adamant||F|||50|]Milotic||Leftovers|Competitive|MuddyWater,Coil,Hypnosis,Protect|Calm||F|||50|]Incineroar||SitrusBerry|Intimidate|FlareBlitz,ThroatChop,FakeOut,PartingShot|Impish||F|||50|
|showteam|p2|Aerodactyl||Aerodactylite|Unnerve|RockSlide,IceFang,Tailwind,WideGuard|Jolly||M|||50|]Kingambit||FocusSash|Defiant|KowtowCleave,SuckerPunch,IronHead,Protect|Adamant||F|||50|]Sylveon||FairyFeather|Pixilate|Detect,HyperVoice,HyperBeam,QuickAttack|Modest||F|||50|]Garchomp||LifeOrb|RoughSkin|Earthquake,DragonClaw,StompingTantrum,Protect|Jolly||M|||50|]Charizard||CharizarditeY|Blaze|Protect,HeatWave,SolarBeam,WeatherBall|Modest||M|||50|]Incineroar||SitrusBerry|Intimidate|DarkestLariat,FlareBlitz,FakeOut,PartingShot|Impish||M|||50|
|inactive|Battle timer is ON: inactive players will automatically lose when time's up. (requested by soymalo1)
|inactive|soymalo1 has 60 seconds left.
|
|t:|1785694709
|teamsize|p1|4
|teamsize|p2|4
|start
|switch|p1a: Birdman|Milotic, L50, F|100/100
|switch|p1b: Lil Wayne|Raichu, L50, M, shiny|100/100
|switch|p2a: Charizard|Charizard, L50, M|100/100
|switch|p2b: Garchomp|Garchomp, L50, M|100/100
|turn|1
|
|t:|1785694722
|move|p1b: Lil Wayne|Protect|p1b: Lil Wayne
|-singleturn|p1b: Lil Wayne|Protect
|move|p2a: Charizard|Protect|p2a: Charizard
|-singleturn|p2a: Charizard|Protect
|move|p1a: Birdman|Protect|p1a: Birdman
|-singleturn|p1a: Birdman|Protect
|move|p2b: Garchomp|Earthquake|p1b: Lil Wayne|[spread] 
|-activate|p2a: Charizard|move: Protect
|-activate|p1a: Birdman|move: Protect
|-activate|p1b: Lil Wayne|move: Protect
|
|upkeep
|turn|2
|
|t:|1785694735
|detailschange|p1b: Lil Wayne|Raichu-Mega-Y, L50, M, shiny
|-mega|p1b: Lil Wayne|Raichu|Raichunite Y
|detailschange|p2a: Charizard|Charizard-Mega-Y, L50, M
|-mega|p2a: Charizard|Charizard|Charizardite Y
|-weather|SunnyDay|[from] ability: Drought|[of] p2a: Charizard
|move|p1b: Lil Wayne|Zap Cannon|p2a: Charizard
|-supereffective|p2a: Charizard|1
|-damage|p2a: Charizard|0 fnt
|faint|p2a: Charizard
|move|p2b: Garchomp|Earthquake|p1b: Lil Wayne|[spread] p1a,p1b
|-supereffective|p1b: Lil Wayne|1
|-damage|p1a: Birdman|55/100
|-damage|p1b: Lil Wayne|0 fnt
|faint|p1b: Lil Wayne
|-damage|p2b: Garchomp|90/100|[from] item: Life Orb
|move|p1a: Birdman|Coil|p1a: Birdman
|-boost|p1a: Birdman|atk|1
|-boost|p1a: Birdman|def|1
|-boost|p1a: Birdman|accuracy|1
|
|-weather|SunnyDay|[upkeep]
|-heal|p1a: Birdman|61/100|[from] item: Leftovers
|upkeep
|
|t:|1785694750
|switch|p1b: Curren$y|Sinistcha, L50|100/100
|switch|p2a: Aerodactyl|Aerodactyl, L50, M|100/100
|-ability|p2a: Aerodactyl|Unnerve
|-heal|p1a: Birdman|86/100|[from] ability: Hospitality|[of] p1b: Curren$y
|turn|3
|
|t:|1785694759
|switch|p1b: Tyga|Incineroar, L50, F, shiny|100/100
|-ability|p1b: Tyga|Intimidate|boost
|-unboost|p2a: Aerodactyl|atk|1
|-unboost|p2b: Garchomp|atk|1
|move|p2a: Aerodactyl|Tailwind|p2a: Aerodactyl
|-sidestart|p2: soymalo1|move: Tailwind
|move|p2b: Garchomp|Earthquake|p1b: Tyga|[spread] p1a,p1b
|-immune|p2a: Aerodactyl
|-supereffective|p1b: Tyga|1
|-damage|p1a: Birdman|66/100
|-damage|p1b: Tyga|53/100
|-damage|p2b: Garchomp|80/100|[from] item: Life Orb
|move|p1a: Birdman|Coil|p1a: Birdman
|-boost|p1a: Birdman|atk|1
|-boost|p1a: Birdman|def|1
|-boost|p1a: Birdman|accuracy|1
|
|-weather|SunnyDay|[upkeep]
|-heal|p1a: Birdman|72/100|[from] item: Leftovers
|upkeep
|turn|4
|
|t:|1785694781
|move|p1b: Tyga|Fake Out|p2b: Garchomp
|-damage|p2b: Garchomp|69/100
|-damage|p1b: Tyga|41/100|[from] ability: Rough Skin|[of] p2b: Garchomp
|move|p2a: Aerodactyl|Rock Slide|p1a: Birdman|[spread] p1b
|-miss|p2a: Aerodactyl|p1a: Birdman
|-supereffective|p1b: Tyga|1
|-damage|p1b: Tyga|20/100y
|cant|p2b: Garchomp|flinch
|move|p1a: Birdman|Hypnosis|p2b: Garchomp
|-status|p2b: Garchomp|slp|[from] move: Hypnosis
|
|-weather|SunnyDay|[upkeep]
|-heal|p1a: Birdman|78/100|[from] item: Leftovers
|upkeep
|turn|5
|
|t:|1785694802
|move|p2a: Aerodactyl|Rock Slide|p1a: Birdman|[spread] p1a,p1b
|-supereffective|p1b: Tyga|1
|-damage|p1a: Birdman|72/100
|-damage|p1b: Tyga|0 fnt
|faint|p1b: Tyga
|cant|p2b: Garchomp|slp
|move|p1a: Birdman|Hypnosis|p2a: Aerodactyl
|-status|p2a: Aerodactyl|slp|[from] move: Hypnosis
|
|-weather|SunnyDay|[upkeep]
|-heal|p1a: Birdman|78/100|[from] item: Leftovers
|upkeep
|
|t:|1785694805
|switch|p1b: Curren$y|Sinistcha, L50|100/100
|-heal|p1a: Birdman|100/100|[from] ability: Hospitality|[of] p1b: Curren$y
|turn|6
|
|t:|1785694813
|cant|p2a: Aerodactyl|slp
|cant|p2b: Garchomp|slp
|move|p1a: Birdman|Muddy Water|p2b: Garchomp|[spread] p2a,p2b
|-supereffective|p2a: Aerodactyl|1
|-damage|p2a: Aerodactyl|72/100 slp
|-damage|p2b: Garchomp|56/100 slp
|-unboost|p2a: Aerodactyl|accuracy|1
|move|p1b: Curren$y|Matcha Gotcha|p2b: Garchomp|[spread] p2a,p2b
|-damage|p2a: Aerodactyl|42/100 slp
|-damage|p2b: Garchomp|28/100 slp
|
|-weather|none
|-sideend|p2: soymalo1|move: Tailwind
|upkeep
|turn|7
|
|t:|1785694822
|-curestatus|p2a: Aerodactyl|slp|[msg]
|move|p2a: Aerodactyl|Wide Guard|p2a: Aerodactyl
|-singleturn|p2a: Aerodactyl|Wide Guard
|-curestatus|p2b: Garchomp|slp|[msg]
|move|p2b: Garchomp|Earthquake|p1a: Birdman|[spread] p1a,p1b
|-activate|p2a: Aerodactyl|move: Wide Guard
|-resisted|p1b: Curren$y|1
|-damage|p1a: Birdman|86/100
|-damage|p1b: Curren$y|87/100
|-damage|p2b: Garchomp|18/100|[from] item: Life Orb
|move|p1a: Birdman|Muddy Water|p2a: Aerodactyl|[spread] 
|-activate|p2a: Aerodactyl|move: Wide Guard
|-activate|p2b: Garchomp|move: Wide Guard
|move|p1b: Curren$y|Matcha Gotcha|p2b: Garchomp|[spread] 
|-activate|p2a: Aerodactyl|move: Wide Guard
|-activate|p2b: Garchomp|move: Wide Guard
|
|-heal|p1a: Birdman|92/100|[from] item: Leftovers
|upkeep
|turn|8
|inactive|Spliffbaeless has 30 seconds left.
|inactive|soymalo1 has 30 seconds left.
|
|t:|1785694852
|switch|p2a: Kingambit|Kingambit, L50, F|100/100
|move|p2b: Garchomp|Protect|p2b: Garchomp
|-singleturn|p2b: Garchomp|Protect
|move|p1b: Curren$y|Protect|p1b: Curren$y
|-singleturn|p1b: Curren$y|Protect
|move|p1a: Birdman|Hypnosis|p2a: Kingambit
|-status|p2a: Kingambit|slp|[from] move: Hypnosis
|
|-heal|p1a: Birdman|98/100|[from] item: Leftovers
|upkeep
|turn|9
|inactive|soymalo1 has 30 seconds left.
|
|t:|1785694877
|move|p2b: Garchomp|Stomping Tantrum|p1b: Curren$y
|-resisted|p1b: Curren$y|1
|-damage|p1b: Curren$y|73/100
|-damage|p2b: Garchomp|8/100|[from] item: Life Orb
|move|p1a: Birdman|Muddy Water|p2b: Garchomp|[spread] p2a,p2b
|-damage|p2a: Kingambit|73/100 slp
|-damage|p2b: Garchomp|0 fnt
|faint|p2b: Garchomp
|cant|p2a: Kingambit|slp
|move|p1b: Curren$y|Matcha Gotcha|p2a: Kingambit
|-resisted|p2a: Kingambit|1
|-damage|p2a: Kingambit|57/100 slp
|-heal|p1b: Curren$y|82/100|[from] drain|[of] p2a: Kingambit
|
|-heal|p1a: Birdman|100/100|[from] item: Leftovers
|upkeep
|
|t:|1785694884
|switch|p2b: Aerodactyl|Aerodactyl, L50, M|42/100
|-ability|p2b: Aerodactyl|Unnerve
|turn|10
|
|t:|1785694901
|move|p1b: Curren$y|Protect|p1b: Curren$y
|-singleturn|p1b: Curren$y|Protect
|move|p2b: Aerodactyl|Ice Fang|p1b: Curren$y
|-activate|p1b: Curren$y|move: Protect
|move|p1a: Birdman|Hypnosis|p2b: Aerodactyl
|-status|p2b: Aerodactyl|slp|[from] move: Hypnosis
|-curestatus|p2a: Kingambit|slp|[msg]
|move|p2a: Kingambit|Kowtow Cleave|p1b: Curren$y
|-activate|p1b: Curren$y|move: Protect
|
|upkeep
|turn|11
|
|t:|1785694916
|move|p2a: Kingambit|Sucker Punch|p1b: Curren$y
|-supereffective|p1b: Curren$y|1
|-damage|p1b: Curren$y|13/100
|cant|p2b: Aerodactyl|slp
|move|p1a: Birdman|Muddy Water|p2b: Aerodactyl|[spread] p2a,p2b
|-supereffective|p2b: Aerodactyl|1
|-damage|p2a: Kingambit|34/100
|-damage|p2b: Aerodactyl|0 fnt
|-unboost|p2a: Kingambit|accuracy|1
|-ability|p2a: Kingambit|Defiant|boost
|-boost|p2a: Kingambit|atk|2
|faint|p2b: Aerodactyl
|move|p1b: Curren$y|Matcha Gotcha|p2a: Kingambit
|-resisted|p2a: Kingambit|1
|-damage|p2a: Kingambit|18/100
|-heal|p1b: Curren$y|22/100|[from] drain|[of] p2a: Kingambit
|
|upkeep
|turn|12
|
|t:|1785694925
|move|p1b: Curren$y|Rage Powder|p1b: Curren$y
|-singleturn|p1b: Curren$y|move: Rage Powder
|move|p2a: Kingambit|Sucker Punch||[still]
|-fail|p2a: Kingambit
|move|p1a: Birdman|Muddy Water|p2a: Kingambit
|-damage|p2a: Kingambit|0 fnt
|faint|p2a: Kingambit
|
|win|Spliffbaeless
