|j|☆kirbybreaker
|j|☆TacoBurger
|html|kirbybreakerTacoBurger    
|uhtml|bestof|Game 2 of a best-of-3
|t:|1783788652
|gametype|doubles
|player|p1|kirbybreaker|miku-ghost|
|player|p2|TacoBurger|tuber|
|gen|9
|tier|[Gen 9 Champions] VGC 2026 Reg M-B (Bo3)
|rule|Species Clause: Limit one of each Pokémon
|rule|Item Clause: Limit 1 of each item
|clearpoke
|poke|p1|Annihilape, L50, F|
|poke|p1|Mimikyu, L50, M|
|poke|p1|Sableye, L50, F|
|poke|p1|Froslass, L50, F|
|poke|p1|Basculegion, L50, M|
|poke|p1|Sinistcha, L50|
|poke|p2|Pyroar, L50, F|
|poke|p2|Ninetales, L50, M|
|poke|p2|Incineroar, L50, M|
|poke|p2|Victreebel, L50, M|
|poke|p2|Basculegion, L50, M|
|poke|p2|Sneasler, L50, F|
|teampreview|4
|showteam|p1|Annihilape||FocusSash|Defiant|CloseCombat,RageFist,Protect,RockSlide|Adamant||F|||50|]Mimikyu||LifeOrb|Disguise|PlayRough,ShadowClaw,ShadowSneak,Protect|Jolly||M|||50|]Sableye||Sablenite|KeenEye|SuckerPunch,Poltergeist,LowKick,ThroatChop|Brave||F|||50|]Froslass||Froslassite|CursedBody|Blizzard,ShadowBall,Protect,Thunderbolt|Timid||F|||50|]Basculegion||ChoiceScarf|Adaptability|WaveCrash,LastRespects,AquaJet,FlipTurn|Adamant||M|||50|]Sinistcha||KasibBerry|Hospitality|MatchaGotcha,LifeDew,RagePowder,TrickRoom|Bold|||||50|
|showteam|p2|Pyroar||Pyroarite|Unnerve|HeatWave,Overheat,SolarBeam,Protect|Timid||F|||50|]Ninetales||ChoiceScarf|Drought|HeatWave,Overheat,SolarBeam,FakeTears|Modest||M|||50|]Incineroar||SitrusBerry|Intimidate|FakeOut,FlareBlitz,ThroatChop,PartingShot|Adamant||M|||50|]Victreebel||WideLens|Chlorophyll|Protect,SleepPowder,EnergyBall,SludgeBomb|Timid||M|||50|]Basculegion||LifeOrb|Adaptability|WaveCrash,LastRespects,AquaJet,Protect|Adamant||M|||50|]Sneasler||WhiteHerb|Unburden|Protect,CloseCombat,DireClaw,RockSlide|Adamant||F|||50|
|
|t:|1783788675
|teamsize|p1|4
|teamsize|p2|4
|start
|switch|p1a: Seth|Froslass, L50, F|100/100
|switch|p1b: Orange|Annihilape, L50, F|100/100
|switch|p2a: Incineroar|Incineroar, L50, M|100/100
|switch|p2b: Victreebel|Victreebel, L50, M|100/100
|-ability|p2a: Incineroar|Intimidate|boost
|-unboost|p1a: Seth|atk|1
|-unboost|p1b: Orange|atk|1
|-ability|p1b: Orange|Defiant|boost
|-boost|p1b: Orange|atk|2
|turn|1
|
|t:|1783788698
|move|p1a: Seth|Protect|p1a: Seth
|-singleturn|p1a: Seth|Protect
|move|p1b: Orange|Protect|p1b: Orange
|-singleturn|p1b: Orange|Protect
|move|p2b: Victreebel|Sleep Powder|p1b: Orange
|-activate|p1b: Orange|move: Protect
|move|p2a: Incineroar|Flare Blitz|p1a: Seth
|-activate|p1a: Seth|move: Protect
|
|upkeep
|turn|2
|
|t:|1783788717
|detailschange|p1a: Seth|Froslass-Mega, L50, F
|-mega|p1a: Seth|Froslass|Froslassite
|-weather|Snowscape|[from] ability: Snow Warning|[of] p1a: Seth
|move|p2b: Victreebel|Protect|p2b: Victreebel
|-singleturn|p2b: Victreebel|Protect
|move|p1a: Seth|Blizzard|p2a: Incineroar|[spread] p2a
|-activate|p2b: Victreebel|move: Protect
|-resisted|p2a: Incineroar|1
|-damage|p2a: Incineroar|82/100
|move|p1b: Orange|Close Combat|p2a: Incineroar
|-supereffective|p2a: Incineroar|1
|-damage|p2a: Incineroar|0 fnt
|-unboost|p1b: Orange|def|1
|-unboost|p1b: Orange|spd|1
|faint|p2a: Incineroar
|
|-weather|Snowscape|[upkeep]
|upkeep
|
|t:|1783788735
|switch|p2a: Ninetales|Ninetales, L50, M|100/100
|-weather|SunnyDay|[from] ability: Drought|[of] p2a: Ninetales
|turn|3
|
|t:|1783788746
|switch|p1a: Yellow|Mimikyu, L50, M|100/100
|move|p1b: Orange|Protect|p1b: Orange
|-singleturn|p1b: Orange|Protect
|move|p2a: Ninetales|Heat Wave|p1a: Yellow|[spread] p1a
|-activate|p1b: Orange|move: Protect
|-activate|p1a: Yellow|ability: Disguise
|-damage|p1a: Yellow|100/100
|detailschange|p1a: Yellow|Mimikyu-Busted, L50, M
|-damage|p1a: Yellow|87/100|[from] pokemon: Mimikyu-Busted
|move|p2b: Victreebel|Sleep Powder|p1b: Orange
|-activate|p1b: Orange|move: Protect
|
|-weather|SunnyDay|[upkeep]
|upkeep
|turn|4
|
|t:|1783788775
|switch|p2a: Pyroar|Pyroar, L50, F|100/100
|-ability|p2a: Pyroar|Unnerve
|switch|p1a: Seth|Froslass-Mega, L50, F|100/100
|-weather|Snowscape|[from] ability: Snow Warning|[of] p1a: Seth
|move|p2b: Victreebel|Protect|p2b: Victreebel
|-singleturn|p2b: Victreebel|Protect
|move|p1b: Orange|Close Combat|p2a: Pyroar
|-supereffective|p2a: Pyroar|1
|-damage|p2a: Pyroar|0 fnt
|-unboost|p1b: Orange|def|1
|-unboost|p1b: Orange|spd|1
|faint|p2a: Pyroar
|
|-weather|Snowscape|[upkeep]
|upkeep
|
|t:|1783788792
|switch|p2a: Ninetales|Ninetales, L50, M|100/100
|-weather|SunnyDay|[from] ability: Drought|[of] p2a: Ninetales
|turn|5
|
|t:|1783788813
|switch|p1a: Yellow|Mimikyu-Busted, L50, M|87/100
|move|p2a: Ninetales|Heat Wave|p1a: Yellow|[spread] p1a,p1b
|-damage|p1a: Yellow|26/100
|-damage|p1b: Orange|15/100
|move|p2b: Victreebel|Sleep Powder|p1b: Orange
|-status|p1b: Orange|slp|[from] move: Sleep Powder
|cant|p1b: Orange|slp
|
|-weather|SunnyDay|[upkeep]
|upkeep
|turn|6
|
|t:|1783788840
|move|p1a: Yellow|Shadow Sneak|p2b: Victreebel
|-damage|p2b: Victreebel|72/100
|-damage|p1a: Yellow|16/100|[from] item: Life Orb
|move|p2a: Ninetales|Heat Wave|p1a: Yellow|[spread] p1a,p1b
|-damage|p1a: Yellow|0 fnt
|-damage|p1b: Orange|0 fnt
|faint|p1a: Yellow
|faint|p1b: Orange
|move|p2b: Victreebel|Sleep Powder|p1: Yellow|[notarget]
|-fail|p2b: Victreebel
|
|-weather|SunnyDay|[upkeep]
|upkeep
|
|t:|1783788846
|switch|p1a: Seth|Froslass-Mega, L50, F|100/100
|switch|p1b: Blue|Basculegion, L50, M|100/100
|-weather|Snowscape|[from] ability: Snow Warning|[of] p1a: Seth
|turn|7
|
|t:|1783788859
|move|p2a: Ninetales|Heat Wave|p1a: Seth|[spread] p1a,p1b
|-supereffective|p1a: Seth|1
|-resisted|p1b: Blue|1
|-damage|p1a: Seth|25/100
|-damage|p1b: Blue|83/100
|move|p1b: Blue|Wave Crash|p2a: Ninetales
|-supereffective|p2a: Ninetales|1
|-damage|p2a: Ninetales|0 fnt
|faint|p2a: Ninetales
|-damage|p1b: Blue|57/100|[from] Recoil
|move|p1a: Seth|Blizzard|p2b: Victreebel
|-supereffective|p2b: Victreebel|1
|-damage|p2b: Victreebel|0 fnt
|faint|p2b: Victreebel
|
|win|kirbybreaker
|inactive|kirbybreaker has 30 seconds to confirm battle start!
|inactive|TacoBurger has 30 seconds to confirm battle start!
||TacoBurger is ready for game 3.
||kirbybreaker is ready for game 3.
|uhtml|next|Next: Game 3 of 3
