|j|☆kayou93
|j|☆clarocojones
|html|kayou93clarocojones    
|uhtml|bestof|Game 3 of a best-of-3
|t:|1785693925
|gametype|doubles
|player|p1|kayou93|nate|1156
|player|p2|clarocojones|striker|1310
|gen|9
|tier|[Gen 9 Champions] VGC 2026 Reg M-B (Bo3)
|rated|
|rule|Species Clause: Limit one of each Pokémon
|rule|Item Clause: Limit 1 of each item
|clearpoke
|poke|p1|Floette-Eternal, L50, F|
|poke|p1|Delphox, L50, M|
|poke|p1|Sneasler, L50, F|
|poke|p1|Sinistcha, L50|
|poke|p1|Incineroar, L50, M|
|poke|p1|Basculegion, L50, M|
|poke|p2|Incineroar, L50, F, shiny|
|poke|p2|Floette-Eternal, L50, F|
|poke|p2|Sinistcha-Masterpiece, L50, shiny|
|poke|p2|Kommo-o, L50, M|
|poke|p2|Kingambit, L50, F, shiny|
|poke|p2|Aerodactyl, L50, F|
|teampreview|4
|showteam|p1|Floette-Eternal||Floettite|FlowerVeil|Moonblast,DazzlingGleam,CalmMind,Protect|Timid||F|||50|]Delphox||Delphoxite|Blaze|Psychic,HeatWave,NastyPlot,Protect|Timid||M|||50|]Sneasler||FocusSash|PoisonTouch|PoisonJab,CloseCombat,FakeOut,QuickGuard|Jolly||F|||50|]Sinistcha||SitrusBerry|Hospitality|MatchaGotcha,LifeDew,RagePowder,Protect|Bold|||||50|]Incineroar||PasshoBerry|Intimidate|FakeOut,FlareBlitz,PartingShot,ThroatChop|Careful||M|||50|]Basculegion||ChoiceScarf|Adaptability|LastRespects,WaveCrash,FlipTurn,AquaJet|Jolly||M|||50|
|showteam|p2|Incineroar||SitrusBerry|Intimidate|FakeOut,PartingShot,HelpingHand,FlareBlitz|Careful||F|||50|]Floette-Eternal||Floettite|FlowerVeil|Moonblast,DazzlingGleam,CalmMind,Protect|Modest||F|||50|]Sinistcha-Masterpiece||ColburBerry|Hospitality|MatchaGotcha,LifeDew,RagePowder,TrickRoom|Bold|||||50|]Kommo-o||Leftovers|Overcoat|ClangingScales,AuraSphere,ClangorousSoul,Protect|Modest||M|||50|]Kingambit||FocusSash|Defiant|KowtowCleave,SuckerPunch,IronHead,Protect|Adamant||F|||50|]Aerodactyl||Aerodactylite|Unnerve|Protect,RockSlide,Tailwind,DualWingbeat|Jolly||F|||50|
|
|t:|1785694026
|teamsize|p1|4
|teamsize|p2|4
|start
|switch|p1a: Sneasler|Sneasler, L50, F|100/100
|switch|p1b: Basculegion|Basculegion, L50, M|100/100
|switch|p2a: Aerodactyl|Aerodactyl, L50, F|100/100
|switch|p2b: Friends Take|Incineroar, L50, F, shiny|100/100
|-ability|p2a: Aerodactyl|Unnerve
|-ability|p2b: Friends Take|Intimidate|boost
|-unboost|p1a: Sneasler|atk|1
|-unboost|p1b: Basculegion|atk|1
|turn|1
|
|t:|1785694046
|move|p2a: Aerodactyl|Protect|p2a: Aerodactyl
|-singleturn|p2a: Aerodactyl|Protect
|move|p1a: Sneasler|Fake Out|p2b: Friends Take
|-damage|p2b: Friends Take|90/100
|move|p1b: Basculegion|Wave Crash|p2a: Aerodactyl
|-activate|p2a: Aerodactyl|move: Protect
|cant|p2b: Friends Take|flinch
|
|upkeep
|turn|2
|
|t:|1785694066
|switch|p2a: DON JULIO|Sinistcha-Masterpiece, L50, shiny|100/100
|-heal|p2b: Friends Take|100/100|[from] ability: Hospitality|[of] p2a: DON JULIO
|switch|p1a: Incineroar|Incineroar, L50, M|100/100
|-ability|p1a: Incineroar|Intimidate|boost
|-unboost|p2a: DON JULIO|atk|1
|-unboost|p2b: Friends Take|atk|1
|move|p1b: Basculegion|Wave Crash|p2a: DON JULIO
|-resisted|p2a: DON JULIO|1
|-damage|p2a: DON JULIO|79/100
|-damage|p1b: Basculegion|93/100|[from] Recoil
|move|p2b: Friends Take|Parting Shot|p1b: Basculegion
|-unboost|p1b: Basculegion|atk|1
|-unboost|p1b: Basculegion|spa|1
|
|t:|1785694085
|switch|p2b: Aerodactyl|Aerodactyl, L50, F|100/100|[from] Parting Shot
|-ability|p2b: Aerodactyl|Unnerve
|
|upkeep
|turn|3
|inactive|Battle timer is ON: inactive players will automatically lose when time's up. (requested by clarocojones)
|
|t:|1785694120
|switch|p1b: Sneasler|Sneasler, L50, F|100/100
|move|p2b: Aerodactyl|Protect|p2b: Aerodactyl
|-singleturn|p2b: Aerodactyl|Protect
|move|p2a: DON JULIO|Matcha Gotcha|p1b: Sneasler|[spread] p1a,p1b
|-resisted|p1a: Incineroar|1
|-resisted|p1b: Sneasler|1
|-crit|p1b: Sneasler
|-damage|p1a: Incineroar|90/100
|-heal|p2a: DON JULIO|85/100|[from] drain|[of] p1a: Incineroar
|-damage|p1b: Sneasler|76/100
|-heal|p2a: DON JULIO|96/100|[from] drain|[of] p1b: Sneasler
|move|p1a: Incineroar|Flare Blitz|p2a: DON JULIO
|-supereffective|p2a: DON JULIO|1
|-damage|p2a: DON JULIO|21/100
|-damage|p1a: Incineroar|68/100|[from] Recoil
|
|upkeep
|turn|4
|
|t:|1785694144
|switch|p2a: Friends Take|Incineroar, L50, F, shiny|100/100
|-ability|p2a: Friends Take|Intimidate|boost
|-unboost|p1a: Incineroar|atk|1
|-unboost|p1b: Sneasler|atk|1
|detailschange|p2b: Aerodactyl|Aerodactyl-Mega, L50, F
|-mega|p2b: Aerodactyl|Aerodactyl|Aerodactylite
|move|p1b: Sneasler|Fake Out|p2b: Aerodactyl
|-resisted|p2b: Aerodactyl|1
|-damage|p2b: Aerodactyl|94/100
|-status|p2b: Aerodactyl|psn|[from] ability: Poison Touch|[of] p1b: Sneasler
|cant|p2b: Aerodactyl|flinch
|move|p1a: Incineroar|Parting Shot|p2b: Aerodactyl
|-unboost|p2b: Aerodactyl|atk|1
|-unboost|p2b: Aerodactyl|spa|1
|
|t:|1785694159
|switch|p1a: Basculegion|Basculegion, L50, M|93/100|[from] Parting Shot
|
|-damage|p2b: Aerodactyl|82/100 psn|[from] psn
|upkeep
|turn|5
|
|t:|1785694181
|switch|p1b: Incineroar|Incineroar, L50, M|68/100
|-ability|p1b: Incineroar|Intimidate|boost
|-unboost|p2a: Friends Take|atk|1
|-unboost|p2b: Aerodactyl|atk|1
|switch|p2a: DON JULIO|Sinistcha-Masterpiece, L50, shiny|21/100
|-heal|p2b: Aerodactyl|100/100 psn|[from] ability: Hospitality|[of] p2a: DON JULIO
|move|p2b: Aerodactyl|Protect|p2b: Aerodactyl
|-singleturn|p2b: Aerodactyl|Protect
|move|p1a: Basculegion|Wave Crash|p2a: DON JULIO
|-resisted|p2a: DON JULIO|1
|-damage|p2a: DON JULIO|0 fnt
|faint|p2a: DON JULIO
|-damage|p1a: Basculegion|87/100|[from] Recoil
|
|-damage|p2b: Aerodactyl|87/100 psn|[from] psn
|upkeep
|
|t:|1785694187
|switch|p2a: Kingambit|Kingambit, L50, F, shiny|100/100
|turn|6
|
|t:|1785694206
|move|p1b: Incineroar|Fake Out|p2a: Kingambit
|-resisted|p2a: Kingambit|1
|-damage|p2a: Kingambit|95/100
|cant|p2a: Kingambit|flinch
|move|p2b: Aerodactyl|Tailwind|p2b: Aerodactyl
|-sidestart|p2: clarocojones|move: Tailwind
|move|p1a: Basculegion|Wave Crash|p2b: Aerodactyl
|-supereffective|p2b: Aerodactyl|1
|-damage|p2b: Aerodactyl|0 fnt
|faint|p2b: Aerodactyl
|-damage|p1a: Basculegion|61/100|[from] Recoil
|
|upkeep
|
|t:|1785694209
|switch|p2b: Friends Take|Incineroar, L50, F, shiny|100/100
|-ability|p2b: Friends Take|Intimidate|boost
|-unboost|p1a: Basculegion|atk|1
|-unboost|p1b: Incineroar|atk|1
|turn|7
|
|t:|1785694229
|switch|p1a: Sneasler|Sneasler, L50, F|76/100
|move|p2b: Friends Take|Fake Out|p1b: Incineroar
|-damage|p1b: Incineroar|58/100
|move|p2a: Kingambit|Kowtow Cleave|p1a: Sneasler
|-resisted|p1a: Sneasler|1
|-damage|p1a: Sneasler|35/100
|cant|p1b: Incineroar|flinch
|
|upkeep
|turn|8
|inactive|kayou93 has 30 seconds left.
|inactive|kayou93 has 20 seconds left.
|inactive|kayou93 has 15 seconds left.
|inactive|kayou93 has 10 seconds left.
|
|t:|1785694277
|move|p1a: Sneasler|Fake Out|p2a: Kingambit
|-resisted|p2a: Kingambit|1
|-damage|p2a: Kingambit|89/100
|move|p2b: Friends Take|Flare Blitz|p1a: Sneasler
|-damage|p1a: Sneasler|0 fnt
|faint|p1a: Sneasler
|-damage|p2b: Friends Take|91/100|[from] Recoil
|cant|p2a: Kingambit|flinch
|move|p1b: Incineroar|Parting Shot|p2b: Friends Take
|-unboost|p2b: Friends Take|atk|1
|-unboost|p2b: Friends Take|spa|1
|
|t:|1785694284
|switch|p1b: Floette|Floette-Eternal, L50, F|100/100|[from] Parting Shot
|
|upkeep
|
|t:|1785694288
|switch|p1a: Incineroar|Incineroar, L50, M|58/100
|-ability|p1a: Incineroar|Intimidate|boost
|-unboost|p2a: Kingambit|atk|1
|-ability|p2a: Kingambit|Defiant|boost
|-boost|p2a: Kingambit|atk|2
|-unboost|p2b: Friends Take|atk|1
|turn|9
|
|t:|1785694297
|detailschange|p1b: Floette|Floette-Mega, L50, F
|-mega|p1b: Floette|Floette|Floettite
|-ability|p1b: Floette|Fairy Aura
|move|p2a: Kingambit|Protect|p2a: Kingambit
|-singleturn|p2a: Kingambit|Protect
|move|p1a: Incineroar|Fake Out|p2a: Kingambit
|-activate|p2a: Kingambit|move: Protect
|move|p2b: Friends Take|Flare Blitz|p1b: Floette
|-damage|p1b: Floette|71/100
|-damage|p2b: Friends Take|83/100|[from] Recoil
|move|p1b: Floette|Dazzling Gleam|p2a: Kingambit|[spread] p2b
|-activate|p2a: Kingambit|move: Protect
|-damage|p2b: Friends Take|49/100
|-enditem|p2b: Friends Take|Sitrus Berry|[eat]
|-heal|p2b: Friends Take|74/100|[from] item: Sitrus Berry
|
|-sideend|p2: clarocojones|move: Tailwind
|upkeep
|turn|10
|
|t:|1785694314
|move|p1b: Floette|Moonblast|p2a: Kingambit
|-damage|p2a: Kingambit|6/100
|move|p2b: Friends Take|Parting Shot|p1a: Incineroar
|-unboost|p1a: Incineroar|atk|1
|-unboost|p1a: Incineroar|spa|1
|move|p2a: Kingambit|Iron Head|p1b: Floette
|-supereffective|p1b: Floette|1
|-damage|p1b: Floette|0 fnt
|faint|p1b: Floette
|move|p1a: Incineroar|Flare Blitz|p2a: Kingambit
|-supereffective|p2a: Kingambit|1
|-damage|p2a: Kingambit|0 fnt
|faint|p2a: Kingambit
|-damage|p1a: Incineroar|56/100|[from] Recoil
|
|upkeep
|
|t:|1785694317
|switch|p1b: Basculegion|Basculegion, L50, M|61/100
|turn|11
|inactive|clarocojones has 30 seconds left.
|-message|clarocojones forfeited.
|raw|kayou93's rating: 1156 → 1191(+35 for winning)
|raw|clarocojones's rating: 1310 → 1282(-28 for losing)
|
|win|kayou93
