|j|☆kakashi_com
|j|☆Rat Rizzo
|html|kakashi_comRat Rizzo    
|uhtml|bestof|Game 2 of a best-of-3
|t:|1756700273
|gametype|doubles
|player|p1|kakashi_com|169|1078
|player|p2|Rat Rizzo|170|1094
|gen|9
|tier|[Gen 9] VGC 2025 Reg H (Bo3)
|rated|
|rule|Species Clause: Limit one of each Pokémon
|rule|Item Clause: Limit 1 of each item
|clearpoke
|poke|p1|Gothitelle, L50, F|
|poke|p1|Sneasler, L50, M|
|poke|p1|Dragonite, L50, M|
|poke|p1|Volcarona, L50, M|
|poke|p1|Incineroar, L50, F|
|poke|p1|Sylveon, L50, M|
|poke|p2|Dragonite, L50, M|
|poke|p2|Gholdengo, L50|
|poke|p2|Incineroar, L50, F|
|poke|p2|Amoonguss, L50, M|
|poke|p2|Sneasler, L50, F|
|poke|p2|Ursaluna-Bloodmoon, L50, M|
|teampreview|4
|showteam|p1|Gothitelle||SitrusBerry|ShadowTag|FakeOut,Protect,Psychic,TrickRoom|||F|||50|,,,,,Dark]Sneasler||FocusSash|Unburden|FakeOut,CloseCombat,DireClaw,Protect|||M|||50|,,,,,Ghost]Dragonite||LoadedDice|Multiscale|ScaleShot,ExtremeSpeed,Haze,Protect|||M|||50|,,,,,Normal]Volcarona||Leftovers|FlameBody|HeatWave,GigaDrain,QuiverDance,Protect|||M|||50|,,,,,Grass]Incineroar||SafetyGoggles|Intimidate|FakeOut,FlareBlitz,KnockOff,PartingShot|||F|||50|,,,,,Bug]Sylveon||ChoiceSpecs|Pixilate|HyperVoice,TeraBlast,HyperBeam,SleepTalk|||M|||50|,,,,,Fire
|showteam|p2|Dragonite||LoadedDice|Multiscale|Protect,Haze,ScaleShot,IceSpinner|||M|||50|,,,,,Fairy]Gholdengo||Leftovers|GoodasGold|Protect,NastyPlot,ShadowBall,MakeItRain||||||50|,,,,,Dragon]Incineroar||SafetyGoggles|Intimidate|FakeOut,FlareBlitz,KnockOff,PartingShot|||F|||50|,,,,,Ghost]Amoonguss||RockyHelmet|Regenerator|PollenPuff,Protect,Spore,RagePowder|||M|||50|,,,,,Water]Sneasler||FocusSash|PoisonTouch|Protect,DireClaw,ThroatChop,CloseCombat|||F|||50|,,,,,Ghost]Ursaluna-Bloodmoon||AssaultVest|MindsEye|BloodMoon,EarthPower,HyperVoice,VacuumWave|||M|||50|,,,,,Ghost
|inactive|Battle timer is ON: inactive players will automatically lose when time's up. (requested by Rat Rizzo)
|inactive|kakashi_com has 60 seconds left.
|inactive|Rat Rizzo has 60 seconds left.
|inactive|Rat Rizzo has 30 seconds left.
|inactive|Rat Rizzo has 20 seconds left.
|inactive|Rat Rizzo has 15 seconds left.
|inactive|Rat Rizzo has 10 seconds left.
|inactive|Rat Rizzo has 5 seconds left.
|
|t:|1756700360
|teamsize|p1|4
|teamsize|p2|4
|start
|switch|p1a: Incineroar|Incineroar, L50, F|100/100
|switch|p1b: Sylveon|Sylveon, L50, M|100/100
|switch|p2a: Gholdengo|Gholdengo, L50|100/100
|switch|p2b: Amoonguss|Amoonguss, L50, M|100/100
|-ability|p1a: Incineroar|Intimidate|boost
|-unboost|p2a: Gholdengo|atk|1
|-unboost|p2b: Amoonguss|atk|1
|turn|1
|inactive|kakashi_com has 30 seconds left.
|
|t:|1756700394
|-terastallize|p1b: Sylveon|Fire
|move|p2b: Amoonguss|Rage Powder|p2b: Amoonguss
|-singleturn|p2b: Amoonguss|move: Rage Powder
|move|p2a: Gholdengo|Nasty Plot|p2a: Gholdengo
|-boost|p2a: Gholdengo|spa|2
|move|p1b: Sylveon|Hyper Voice|p2a: Gholdengo|[spread] p2a,p2b
|-resisted|p2a: Gholdengo
|-resisted|p2b: Amoonguss
|-damage|p2a: Gholdengo|70/100
|-damage|p2b: Amoonguss|72/100
|move|p1a: Incineroar|Flare Blitz|p2b: Amoonguss
|-supereffective|p2b: Amoonguss
|-damage|p2b: Amoonguss|0 fnt
|-damage|p1a: Incineroar|84/100|[from] item: Rocky Helmet|[of] p2b: Amoonguss
|faint|p2b: Amoonguss
|-damage|p1a: Incineroar|58/100|[from] Recoil
|
|-heal|p2a: Gholdengo|76/100|[from] item: Leftovers
|upkeep
|
|t:|1756700412
|switch|p2b: Incineroar|Incineroar, L50, F|100/100
|-ability|p2b: Incineroar|Intimidate|boost
|-unboost|p1a: Incineroar|atk|1
|-unboost|p1b: Sylveon|atk|1
|turn|2
|
|t:|1756700418
|switch|p1b: Volcarona|Volcarona, L50, M|100/100
|move|p2b: Incineroar|Fake Out|p1a: Incineroar
|-damage|p1a: Incineroar|48/100
|move|p2a: Gholdengo|Shadow Ball|p1b: Volcarona
|-crit|p1b: Volcarona
|-damage|p1b: Volcarona|0 fnt
|faint|p1b: Volcarona
|cant|p1a: Incineroar|flinch
|
|-heal|p2a: Gholdengo|82/100|[from] item: Leftovers
|upkeep
|
|t:|1756700425
|switch|p1b: Sylveon|Sylveon, L50, M, tera:Fire|100/100
|turn|3
|
|t:|1756700451
|move|p2a: Gholdengo|Protect|p2a: Gholdengo
|-singleturn|p2a: Gholdengo|Protect
|move|p1b: Sylveon|Hyper Beam|p2b: Incineroar
|-damage|p2b: Incineroar|0 fnt
|-mustrecharge|p1b: Sylveon
|faint|p2b: Incineroar
|move|p1a: Incineroar|Flare Blitz|p2a: Gholdengo
|-activate|p2a: Gholdengo|move: Protect
|
|-heal|p2a: Gholdengo|89/100|[from] item: Leftovers
|upkeep
|
|t:|1756700458
|switch|p2b: Sneasler|Sneasler, L50, F|100/100
|turn|4
|
|t:|1756700469
|move|p2b: Sneasler|Close Combat|p1a: Incineroar
|-supereffective|p1a: Incineroar
|-damage|p1a: Incineroar|0 fnt
|-unboost|p2b: Sneasler|def|1
|-unboost|p2b: Sneasler|spd|1
|faint|p1a: Incineroar
|move|p2a: Gholdengo|Shadow Ball|p1b: Sylveon
|-damage|p1b: Sylveon|42/100
|cant|p1b: Sylveon|recharge
|
|-heal|p2a: Gholdengo|95/100|[from] item: Leftovers
|upkeep
|
|t:|1756700471
|switch|p1a: Dragonite|Dragonite, L50, M|100/100
|turn|5
|
|t:|1756700491
|-terastallize|p2b: Sneasler|Ghost
|move|p2b: Sneasler|Dire Claw|p1b: Sylveon
|-damage|p1b: Sylveon|0 fnt
|faint|p1b: Sylveon
|move|p1a: Dragonite|Haze|p1a: Dragonite
|-clearallboost
|move|p2a: Gholdengo|Make It Rain|p1a: Dragonite
|-damage|p1a: Dragonite|71/100
|-unboost|p2a: Gholdengo|spa|1
|
|-heal|p2a: Gholdengo|100/100|[from] item: Leftovers
|upkeep
|turn|6
|-message|kakashi_com forfeited.
|
|win|Rat Rizzo
|l|☆kakashi_com
|player|p1|
