|j|☆beeetch
|j|☆WestyLiam
|html|beeetchWestyLiam    
|uhtml|bestof|Game 3 of a best-of-3
|t:|1754744540
|gametype|doubles
|player|p1|beeetch|beauty-gen4dp|1260
|player|p2|WestyLiam|1|1352
|gen|9
|tier|[Gen 9] VGC 2025 Reg H (Bo3)
|rated|
|rule|Species Clause: Limit one of each Pokémon
|rule|Item Clause: Limit 1 of each item
|clearpoke
|poke|p1|Toedscruel, L50, F|
|poke|p1|Weezing-Galar, L50, M|
|poke|p1|Corviknight, L50, F|
|poke|p1|Pawmot, L50, F|
|poke|p1|Garchomp, L50, M|
|poke|p1|Typhlosion-Hisui, L50, M|
|poke|p2|Ninetales-Alola, L50, F|
|poke|p2|Rillaboom, L50, F|
|poke|p2|Magmar, L50, F|
|poke|p2|Sneasler, L50, M|
|poke|p2|Kingambit, L50, M|
|poke|p2|Basculegion, L50, M|
|teampreview|4
|showteam|p1|Toedscruel||CovertCloak|MyceliumMight|Spore,EarthPower,AcidSpray,RagePowder|||F|||50|,,,,,Water]Weezing-Galar||ChoiceSpecs|NeutralizingGas|DazzlingGleam,SludgeBomb,StrangeSteam,Flamethrower|||M|||50|,,,,,Fire]Corviknight||SitrusBerry|MirrorArmor|Protect,Tailwind,Roost,BraveBird|||F|||50|,,,,,Dragon]Pawmot||FocusSash|NaturalCure|Protect,CloseCombat,DoubleShock,FakeOut|||F|||50|,,,,,Electric]Garchomp||LifeOrb|RoughSkin|Protect,Earthquake,DragonClaw,StompingTantrum|||M|||50|,,,,,Ground]Typhlosion-Hisui||ChoiceScarf|Blaze|Eruption,SleepTalk,HeatWave,ShadowBall|||M|||50|,,,,,Fire
|showteam|p2|Ninetales-Alola||LifeOrb|SnowWarning|Blizzard,FreezeDry,Encore,Protect|||F|||50|,,,,,Ghost]Rillaboom||AssaultVest|GrassySurge|WoodHammer,FakeOut,Uturn,GrassyGlide|||F|||50|,,,,,Ghost]Magmar||Eviolite|VitalSpirit|Protect,HeatWave,WillOWisp,FollowMe|||F|||50|,,,,,Ghost]Sneasler||FocusSash|PoisonTouch|FakeOut,DireClaw,CloseCombat,Protect|||M|||50|,,,,,Ghost]Kingambit||BlackGlasses|Defiant|KowtowCleave,SwordsDance,SuckerPunch,Protect|||M|||50|,,,,,Fire]Basculegion||ChoiceScarf|Adaptability|WaveCrash,FlipTurn,TeraBlast,LastRespects|||M|||50|,,,,,Fighting
|
|t:|1754744564
|teamsize|p1|4
|teamsize|p2|4
|start
|switch|p1a: Garchomp|Garchomp, L50, M|100/100
|switch|p1b: Typhlosion|Typhlosion-Hisui, L50, M|100/100
|switch|p2a: Kingambit|Kingambit, L50, M|100/100
|switch|p2b: Ninetales|Ninetales-Alola, L50, F|100/100
|-weather|Snowscape|[from] ability: Snow Warning|[of] p2b: Ninetales
|turn|1
|inactive|Battle timer is ON: inactive players will automatically lose when time's up. (requested by WestyLiam)
|
|t:|1754744628
|switch|p1b: Corviknight|Corviknight, L50, F|100/100
|-terastallize|p2b: Ninetales|Ghost
|-terastallize|p1a: Garchomp|Ground
|move|p2a: Kingambit|Sucker Punch||[still]
|-fail|p2a: Kingambit
|move|p2b: Ninetales|Blizzard|p1b: Corviknight|[spread] p1a,p1b
|-supereffective|p1a: Garchomp
|-damage|p1a: Garchomp|7/100
|-damage|p1b: Corviknight|64/100
|-damage|p2b: Ninetales|91/100|[from] item: Life Orb
|move|p1a: Garchomp|Earthquake|p2b: Ninetales|[spread] p2a,p2b
|-immune|p1b: Corviknight
|-supereffective|p2a: Kingambit
|-damage|p2a: Kingambit|0 fnt
|-damage|p2b: Ninetales|0 fnt
|faint|p2a: Kingambit
|faint|p2b: Ninetales
|-damage|p1a: Garchomp|0 fnt|[from] item: Life Orb
|faint|p1a: Garchomp
|
|-weather|Snowscape|[upkeep]
|upkeep
|
|t:|1754744653
|switch|p2b: Basculegion|Basculegion, L50, M|100/100
|switch|p1a: Typhlosion|Typhlosion-Hisui, L50, M|100/100
|switch|p2a: Magmar|Magmar, L50, F|100/100
|turn|2
|
|t:|1754744673
|move|p2a: Magmar|Follow Me|p2a: Magmar
|-singleturn|p2a: Magmar|move: Follow Me
|move|p1a: Typhlosion|Eruption|p2b: Basculegion|[spread] p2a,p2b
|-resisted|p2a: Magmar
|-resisted|p2b: Basculegion
|-damage|p2a: Magmar|75/100
|-damage|p2b: Basculegion|65/100
|move|p2b: Basculegion|Last Respects|p1b: Corviknight
|-damage|p1b: Corviknight|0 fnt
|faint|p1b: Corviknight
|
|-weather|Snowscape|[upkeep]
|upkeep
|
|t:|1754744682
|switch|p1b: Pawmot|Pawmot, L50, F|100/100
|turn|3
|inactive|beeetch has 30 seconds left.
|inactive|WestyLiam has 30 seconds left.
|inactive|WestyLiam has 20 seconds left.
|inactive|WestyLiam has 15 seconds left.
|inactive|WestyLiam has 10 seconds left.
|inactive|WestyLiam has 5 seconds left.
|
|t:|1754744741
|move|p2a: Magmar|Follow Me|p2a: Magmar
|-singleturn|p2a: Magmar|move: Follow Me
|move|p1a: Typhlosion|Eruption|p2b: Basculegion|[spread] p2a,p2b
|-resisted|p2a: Magmar
|-resisted|p2b: Basculegion
|-damage|p2a: Magmar|50/100
|-damage|p2b: Basculegion|30/100
|move|p2b: Basculegion|Last Respects|p1a: Typhlosion
|-supereffective|p1a: Typhlosion
|-damage|p1a: Typhlosion|0 fnt
|faint|p1a: Typhlosion
|move|p1b: Pawmot|Double Shock|p2a: Magmar
|-damage|p2a: Magmar|8/100
|-start|p1b: Pawmot|typechange|???/Fighting|[from] move: Double Shock
|
|-weather|Snowscape|[upkeep]
|upkeep
|turn|4
|
|t:|1754744759
|move|p1b: Pawmot|Protect|p1b: Pawmot
|-singleturn|p1b: Pawmot|Protect
|move|p2a: Magmar|Follow Me|p2a: Magmar
|-singleturn|p2a: Magmar|move: Follow Me
|move|p2b: Basculegion|Last Respects|p1b: Pawmot
|-activate|p1b: Pawmot|move: Protect
|
|-weather|Snowscape|[upkeep]
|upkeep
|turn|5
|
|t:|1754744769
|move|p2a: Magmar|Follow Me|p2a: Magmar
|-singleturn|p2a: Magmar|move: Follow Me
|move|p2b: Basculegion|Last Respects|p1b: Pawmot
|-enditem|p1b: Pawmot|Focus Sash
|-damage|p1b: Pawmot|1/100
|move|p1b: Pawmot|Close Combat|p2a: Magmar
|-damage|p2a: Magmar|0 fnt
|-unboost|p1b: Pawmot|def|1
|-unboost|p1b: Pawmot|spd|1
|faint|p2a: Magmar
|
|-weather|none
|upkeep
|turn|6
|
|t:|1754744773
|move|p1b: Pawmot|Protect|p1b: Pawmot
|-singleturn|p1b: Pawmot|Protect
|move|p2b: Basculegion|Last Respects|p1b: Pawmot
|-activate|p1b: Pawmot|move: Protect
|
|upkeep
|turn|7
|
|t:|1754744782
|move|p2b: Basculegion|Last Respects|p1b: Pawmot
|-damage|p1b: Pawmot|0 fnt
|faint|p1b: Pawmot
|
|win|WestyLiam
|raw|beeetch's rating: 1260 → 1241(-19 for losing)
|raw|WestyLiam's rating: 1352 → 1367(+15 for winning)
