|j|☆jacopozioporco
|j|☆Jun RH
|html|jacopozioporcoJun RH    
|uhtml|bestof|Game 2 of a best-of-3
|t:|1756929418
|gametype|doubles
|player|p1|jacopozioporco|102|1039
|player|p2|Jun RH|burglar|1065
|gen|9
|tier|[Gen 9] VGC 2025 Reg H (Bo3)
|rated|
|rule|Species Clause: Limit one of each Pokémon
|rule|Item Clause: Limit 1 of each item
|clearpoke
|poke|p1|Porygon2, L50|
|poke|p1|Amoonguss, L50, M|
|poke|p1|Incineroar, L50, M|
|poke|p1|Ursaluna, L50, F|
|poke|p1|Gholdengo, L50|
|poke|p1|Tyranitar, L50, F|
|poke|p2|Gholdengo, L50|
|poke|p2|Incineroar, L50, M|
|poke|p2|Amoonguss, L50, M|
|poke|p2|Dragonite, L50, F|
|poke|p2|Garchomp, L50, F|
|poke|p2|Primarina, L50, F|
|teampreview|4
|showteam|p1|Porygon2||Eviolite|Download|TrickRoom,IceBeam,Recover,TeraBlast||||||50|,,,,,Fighting]Amoonguss||MentalHerb|Regenerator|Spore,RagePowder,PollenPuff,Protect|||M|||50|,,,,,Water]Incineroar||SafetyGoggles|Intimidate|FakeOut,KnockOff,FlareBlitz,PartingShot|||M|||50|,,,,,Bug]Ursaluna||FlameOrb|Guts|Facade,HeadlongRush,CloseCombat,Protect|||F|||50|,,,,,Grass]Gholdengo||LifeOrb|GoodasGold|MakeItRain,ShadowBall,NastyPlot,Protect||||||50|,,,,,Water]Tyranitar||AssaultVest|SandStream|TeraBlast,RockSlide,DragonClaw,KnockOff|||F|||50|,,,,,Flying
|showteam|p2|Gholdengo||LifeOrb|GoodasGold|MakeItRain,ShadowBall,NastyPlot,Protect||||||50|,,,,,Water]Incineroar||SafetyGoggles|Intimidate|KnockOff,FlareBlitz,FakeOut,PartingShot|||M|||50|,,,,,Ghost]Amoonguss||CovertCloak|Regenerator|RagePowder,PollenPuff,Protect,Spore|||M|||50|,,,,,Dark]Dragonite||LoadedDice|Multiscale|ScaleShot,Tailwind,Protect,Haze|||F|||50|,,,,,Fairy]Garchomp||ClearAmulet|RoughSkin|DragonClaw,Earthquake,StompingTantrum,Protect|||F|||50|,,,,,Fire]Primarina||AssaultVest|LiquidVoice|HyperVoice,Moonblast,IcyWind,DazzlingGleam|||F|||50|,,,,,Grass
|l|☆Jun RH
|player|p2|
|j|☆Jun RH
|player|p2|Jun RH|burglar|
|inactive|Battle timer is ON: inactive players will automatically lose when time's up. (requested by Jun RH)
|
|t:|1756929520
|teamsize|p1|4
|teamsize|p2|4
|start
|switch|p1a: Porygon2|Porygon2, L50|100/100
|switch|p1b: Ursaluna|Ursaluna, L50, F|100/100
|switch|p2a: Incineroar|Incineroar, L50, M|100/100
|switch|p2b: Amoonguss|Amoonguss, L50, M|100/100
|-ability|p2a: Incineroar|Intimidate|boost
|-unboost|p1a: Porygon2|atk|1
|-unboost|p1b: Ursaluna|atk|1
|-ability|p1a: Porygon2|Download|boost
|-boost|p1a: Porygon2|atk|1
|turn|1
|inactive|jacopozioporco has 30 seconds left.
|inactive|jacopozioporco has 20 seconds left.
|inactive|jacopozioporco has 15 seconds left.
|
|t:|1756929565
|switch|p1a: Incineroar|Incineroar, L50, M|100/100
|-ability|p1a: Incineroar|Intimidate|boost
|-unboost|p2a: Incineroar|atk|1
|-unboost|p2b: Amoonguss|atk|1
|-terastallize|p1b: Ursaluna|Grass
|move|p2a: Incineroar|Knock Off|p1a: Incineroar
|-resisted|p1a: Incineroar
|-damage|p1a: Incineroar|89/100
|-enditem|p1a: Incineroar|Safety Goggles|[from] move: Knock Off|[of] p2a: Incineroar
|move|p2b: Amoonguss|Spore|p1a: Incineroar
|-status|p1a: Incineroar|slp|[from] move: Spore
|move|p1b: Ursaluna|Facade|p2b: Amoonguss
|-damage|p2b: Amoonguss|80/100
|
|-status|p1b: Ursaluna|brn|[from] item: Flame Orb
|upkeep
|turn|2
|inactive|jacopozioporco has 30 seconds left.
|inactive|Jun RH has 30 seconds left.
|
|t:|1756929595
|cant|p1a: Incineroar|slp
|move|p2a: Incineroar|Parting Shot|p1b: Ursaluna
|-unboost|p1b: Ursaluna|atk|1
|-unboost|p1b: Ursaluna|spa|1
|
|t:|1756929607
|switch|p2a: Dragonite|Dragonite, L50, F|100/100|[from] Parting Shot
|move|p2b: Amoonguss|Pollen Puff|p1b: Ursaluna
|-supereffective|p1b: Ursaluna
|-damage|p1b: Ursaluna|73/100 brn
|move|p1b: Ursaluna|Headlong Rush|p2a: Dragonite
|-immune|p2a: Dragonite
|
|-damage|p1b: Ursaluna|67/100 brn|[from] brn
|upkeep
|turn|3
|inactive|Jun RH has 30 seconds left.
|
|t:|1756929637
|switch|p2a: Incineroar|Incineroar, L50, M|100/100
|-ability|p2a: Incineroar|Intimidate|boost
|-unboost|p1a: Incineroar|atk|1
|-unboost|p1b: Ursaluna|atk|1
|switch|p1b: Porygon2|Porygon2, L50|100/100
|-ability|p1b: Porygon2|Download|boost
|-boost|p1b: Porygon2|atk|1
|cant|p1a: Incineroar|slp
|move|p2b: Amoonguss|Pollen Puff|p1b: Porygon2
|-crit|p1b: Porygon2
|-damage|p1b: Porygon2|80/100
|
|upkeep
|turn|4
|inactive|jacopozioporco has 30 seconds left.
|inactive|Jun RH has 30 seconds left.
|
|t:|1756929663
|move|p2a: Incineroar|Flare Blitz|p1b: Porygon2
|-damage|p1b: Porygon2|50/100
|-damage|p2a: Incineroar|91/100|[from] Recoil
|-curestatus|p1a: Incineroar|slp|[msg]
|move|p1a: Incineroar|Parting Shot|p2a: Incineroar
|-unboost|p2a: Incineroar|atk|1
|-unboost|p2a: Incineroar|spa|1
|
|t:|1756929671
|switch|p1a: Ursaluna|Ursaluna, L50, F, tera:Grass|67/100 brn|[from] Parting Shot
|move|p2b: Amoonguss|Pollen Puff|p1b: Porygon2
|-damage|p1b: Porygon2|39/100
|move|p1b: Porygon2|Trick Room|p1b: Porygon2
|-fieldstart|move: Trick Room|[of] p1b: Porygon2
|
|-damage|p1a: Ursaluna|61/100 brn|[from] brn
|upkeep
|turn|5
|inactive|Jun RH has 30 seconds left.
|inactive|jacopozioporco has 30 seconds left.
|inactive|Jun RH has 20 seconds left.
|
|t:|1756929711
|-terastallize|p2a: Incineroar|Ghost
|move|p1a: Ursaluna|Headlong Rush|p2b: Amoonguss
|-damage|p2b: Amoonguss|0 fnt
|-unboost|p1a: Ursaluna|def|1
|-unboost|p1a: Ursaluna|spd|1
|faint|p2b: Amoonguss
|move|p1b: Porygon2|Recover|p1b: Porygon2
|-heal|p1b: Porygon2|89/100
|move|p2a: Incineroar|Parting Shot|p1a: Ursaluna
|-unboost|p1a: Ursaluna|atk|1
|-unboost|p1a: Ursaluna|spa|1
|
|t:|1756929734
|switch|p2a: Dragonite|Dragonite, L50, F|100/100|[from] Parting Shot
|
|-damage|p1a: Ursaluna|55/100 brn|[from] brn
|upkeep
|
|t:|1756929740
|switch|p2b: Incineroar|Incineroar, L50, M, tera:Ghost|91/100
|-ability|p2b: Incineroar|Intimidate|boost
|-unboost|p1a: Ursaluna|atk|1
|-unboost|p1b: Porygon2|atk|1
|turn|6
|
|t:|1756929757
|switch|p1a: Incineroar|Incineroar, L50, M|89/100
|-ability|p1a: Incineroar|Intimidate|boost
|-unboost|p2a: Dragonite|atk|1
|-unboost|p2b: Incineroar|atk|1
|move|p1b: Porygon2|Ice Beam|p2a: Dragonite
|-supereffective|p2a: Dragonite
|-damage|p2a: Dragonite|54/100
|move|p2b: Incineroar|Knock Off|p1b: Porygon2
|-damage|p1b: Porygon2|71/100
|-enditem|p1b: Porygon2|Eviolite|[from] move: Knock Off|[of] p2b: Incineroar
|move|p2a: Dragonite|Scale Shot|p1b: Porygon2
|-damage|p1b: Porygon2|62/100
|-damage|p1b: Porygon2|53/100
|-crit|p1b: Porygon2
|-damage|p1b: Porygon2|32/100
|-damage|p1b: Porygon2|23/100
|-damage|p1b: Porygon2|15/100
|-hitcount|p1b: Porygon2|5
|-unboost|p2a: Dragonite|def|1
|-boost|p2a: Dragonite|spe|1
|
|upkeep
|turn|7
|inactive|jacopozioporco has 30 seconds left.
|inactive|Jun RH has 30 seconds left.
|inactive|jacopozioporco has 20 seconds left.
|inactive|Jun RH has 20 seconds left.
|
|t:|1756929796
|switch|p2a: Primarina|Primarina, L50, F|100/100
|move|p1a: Incineroar|Knock Off|p2b: Incineroar
|-supereffective|p2b: Incineroar
|-damage|p2b: Incineroar|8/100
|-enditem|p2b: Incineroar|Safety Goggles|[from] move: Knock Off|[of] p1a: Incineroar
|move|p1b: Porygon2|Ice Beam|p2a: Primarina
|-resisted|p2a: Primarina
|-damage|p2a: Primarina|94/100
|move|p2b: Incineroar|Parting Shot|p1a: Incineroar
|-unboost|p1a: Incineroar|atk|1
|-unboost|p1a: Incineroar|spa|1
|
|t:|1756929808
|switch|p2b: Dragonite|Dragonite, L50, F|54/100|[from] Parting Shot
|
|upkeep
|turn|8
|
|t:|1756929829
|move|p1a: Incineroar|Parting Shot|p2a: Primarina
|-unboost|p2a: Primarina|atk|1
|-unboost|p2a: Primarina|spa|1
|
|t:|1756929833
|switch|p1a: Ursaluna|Ursaluna, L50, F, tera:Grass|55/100 brn|[from] Parting Shot
|move|p2a: Primarina|Dazzling Gleam|p1a: Ursaluna|[spread] p1a,p1b
|-crit|p1b: Porygon2
|-damage|p1a: Ursaluna|39/100 brn
|-damage|p1b: Porygon2|0 fnt
|faint|p1b: Porygon2
|move|p2b: Dragonite|Scale Shot|p1a: Ursaluna
|-damage|p1a: Ursaluna|28/100 brn
|-damage|p1a: Ursaluna|17/100 brn
|-damage|p1a: Ursaluna|5/100 brn
|-damage|p1a: Ursaluna|0 fnt
|faint|p1a: Ursaluna
|-hitcount|p1: Ursaluna|4
|-unboost|p2b: Dragonite|def|1
|-boost|p2b: Dragonite|spe|1
|
|-fieldend|move: Trick Room
|upkeep
|
|t:|1756929840
|switch|p1b: Incineroar|Incineroar, L50, M|89/100
|switch|p1a: Tyranitar|Tyranitar, L50, F|100/100
|-weather|Sandstorm|[from] ability: Sand Stream|[of] p1a: Tyranitar
|-ability|p1b: Incineroar|Intimidate|boost
|-unboost|p2a: Primarina|atk|1
|-unboost|p2b: Dragonite|atk|1
|turn|9
|inactive|Jun RH has 30 seconds left.
|
|t:|1756929869
|switch|p2a: Incineroar|Incineroar, L50, M, tera:Ghost|8/100
|-ability|p2a: Incineroar|Intimidate|boost
|-unboost|p1a: Tyranitar|atk|1
|-unboost|p1b: Incineroar|atk|1
|move|p2b: Dragonite|Protect|p2b: Dragonite
|-singleturn|p2b: Dragonite|Protect
|move|p1a: Tyranitar|Rock Slide|p2b: Dragonite|[spread] p2a
|-activate|p2b: Dragonite|move: Protect
|-damage|p2a: Incineroar|0 fnt
|faint|p2a: Incineroar
|move|p1b: Incineroar|Parting Shot|p2b: Dragonite
|-activate|p2b: Dragonite|move: Protect
|
|-weather|Sandstorm|[upkeep]
|-damage|p2b: Dragonite|48/100|[from] Sandstorm
|-damage|p1b: Incineroar|83/100|[from] Sandstorm
|upkeep
|
|t:|1756929886
|switch|p2a: Primarina|Primarina, L50, F|94/100
|turn|10
|
|t:|1756929899
|move|p2b: Dragonite|Scale Shot|p1a: Tyranitar
|-damage|p1a: Tyranitar|93/100
|-damage|p1a: Tyranitar|85/100
|-damage|p1a: Tyranitar|77/100
|-damage|p1a: Tyranitar|70/100
|-hitcount|p1a: Tyranitar|4
|-unboost|p2b: Dragonite|def|1
|-boost|p2b: Dragonite|spe|1
|move|p2a: Primarina|Hyper Voice|p1a: Tyranitar|[spread] p1a,p1b
|-supereffective|p1a: Tyranitar
|-supereffective|p1b: Incineroar
|-damage|p1a: Tyranitar|40/100
|-damage|p1b: Incineroar|21/100
|move|p1a: Tyranitar|Rock Slide|p2a: Primarina|[spread] p2a,p2b
|-supereffective|p2b: Dragonite
|-damage|p2a: Primarina|64/100
|-damage|p2b: Dragonite|0 fnt
|faint|p2b: Dragonite
|move|p1b: Incineroar|Parting Shot|p2a: Primarina
|-unboost|p2a: Primarina|atk|1
|-unboost|p2a: Primarina|spa|1
|
|-weather|Sandstorm|[upkeep]
|-damage|p2a: Primarina|58/100|[from] Sandstorm
|-damage|p1b: Incineroar|15/100|[from] Sandstorm
|upkeep
|turn|11
|inactive|jacopozioporco has 30 seconds left.
|
|t:|1756929934
|move|p2a: Primarina|Moonblast|p1a: Tyranitar
|-supereffective|p1a: Tyranitar
|-damage|p1a: Tyranitar|10/100
|-unboost|p1a: Tyranitar|spa|1
|move|p1a: Tyranitar|Knock Off|p2a: Primarina
|-resisted|p2a: Primarina
|-damage|p2a: Primarina|34/100
|-enditem|p2a: Primarina|Assault Vest|[from] move: Knock Off|[of] p1a: Tyranitar
|move|p1b: Incineroar|Parting Shot|p2a: Primarina
|-unboost|p2a: Primarina|atk|1
|-unboost|p2a: Primarina|spa|1
|
|-weather|Sandstorm|[upkeep]
|-damage|p2a: Primarina|28/100|[from] Sandstorm
|-damage|p1b: Incineroar|9/100|[from] Sandstorm
|upkeep
|turn|12
|
|t:|1756929953
|move|p2a: Primarina|Hyper Voice|p1b: Incineroar|[spread] p1a,p1b
|-supereffective|p1a: Tyranitar
|-supereffective|p1b: Incineroar
|-damage|p1a: Tyranitar|0 fnt
|-damage|p1b: Incineroar|0 fnt
|faint|p1a: Tyranitar
|faint|p1b: Incineroar
|
|win|Jun RH
||jacopozioporco is ready for game 3.
