|j|☆gaboP2
|j|☆Kurolax
|html|gaboP2Kurolax    
|uhtml|bestof|Game 2 of a best-of-3
|t:|1756423465
|gametype|doubles
|player|p1|gaboP2|1|1078
|player|p2|Kurolax|102|1120
|gen|9
|tier|[Gen 9] VGC 2025 Reg H (Bo3)
|rated|
|rule|Species Clause: Limit one of each Pokémon
|rule|Item Clause: Limit 1 of each item
|clearpoke
|poke|p1|Volcarona, L50, M|
|poke|p1|Kingambit, L50, F|
|poke|p1|Arcanine-Hisui, L50, F|
|poke|p1|Dragonite, L50, M|
|poke|p1|Amoonguss, L50, M|
|poke|p1|Whimsicott, L50, F|
|poke|p2|Volcarona, L50, M|
|poke|p2|Tyranitar, L50, F|
|poke|p2|Rillaboom, L50, M|
|poke|p2|Primarina, L50, M|
|poke|p2|Sneasler, L50, M|
|poke|p2|Dragonite, L50, F|
|teampreview|4
|showteam|p1|Volcarona||SitrusBerry|FlameBody|HeatWave,QuiverDance,Protect,GigaDrain|||M|||50|,,,,,Grass]Kingambit||BlackGlasses|Defiant|KowtowCleave,SuckerPunch,SwordsDance,Protect|||F|||50|,,,,,Dark]Arcanine-Hisui||ClearAmulet|Intimidate|ExtremeSpeed,FlareBlitz,RockSlide,CloseCombat|||F|||50|,,,,,Normal]Dragonite||LoadedDice|Multiscale|ScaleShot,ExtremeSpeed,LowKick,Protect|||M|||50|,,,,,Steel]Amoonguss||RockyHelmet|EffectSpore|Spore,RagePowder,SludgeBomb,Protect|||M|||50|,,,,,Psychic]Whimsicott||FocusSash|Prankster|Tailwind,Taunt,SunnyDay,Moonblast|||F|||50|,,,,,Fairy
|showteam|p2|Volcarona||GrassySeed|FlameBody|QuiverDance,HeatWave,TeraBlast,BugBuzz|||M|||50|,,,,,Fairy]Tyranitar||AssaultVest|SandStream|RockSlide,KnockOff,TeraBlast,LowKick|||F|||50|,,,,,Flying]Rillaboom||MiracleSeed|GrassySurge|KnockOff,Uturn,GrassyGlide,FakeOut|||M|||50|,,,,,Grass]Primarina||SitrusBerry|LiquidVoice|HyperVoice,Moonblast,CalmMind,Protect|||M|||50|,,,,,Poison]Sneasler||WhiteHerb|Unburden|DireClaw,FakeOut,ThroatChop,CloseCombat|||M|||50|,,,,,Dark]Dragonite||ClearAmulet|Multiscale|Tailwind,Haze,StompingTantrum,IceSpinner|||F|||50|,,,,,Fairy
|
|t:|1756423502
|teamsize|p1|4
|teamsize|p2|4
|start
|switch|p1a: Arcanino|Arcanine-Hisui, L50, F|100/100
|switch|p1b: Amongos|Amoonguss, L50, M, shiny|100/100
|switch|p2a: Rillaboom|Rillaboom, L50, M|100/100
|switch|p2b: Volcarona|Volcarona, L50, M|100/100
|-ability|p1a: Arcanino|Intimidate|boost
|-unboost|p2a: Rillaboom|atk|1
|-unboost|p2b: Volcarona|atk|1
|-fieldstart|move: Grassy Terrain|[from] ability: Grassy Surge|[of] p2a: Rillaboom
|-enditem|p2b: Volcarona|Grassy Seed
|-boost|p2b: Volcarona|def|1|[from] item: Grassy Seed
|turn|1
|
|t:|1756423528
|move|p2a: Rillaboom|Fake Out|p1a: Arcanino
|-resisted|p1a: Arcanino
|-damage|p1a: Arcanino|94/100
|cant|p1a: Arcanino|flinch
|move|p2b: Volcarona|Quiver Dance|p2b: Volcarona
|-boost|p2b: Volcarona|spa|1
|-boost|p2b: Volcarona|spd|1
|-boost|p2b: Volcarona|spe|1
|move|p1b: Amongos|Spore|p2b: Volcarona
|-status|p2b: Volcarona|slp|[from] move: Spore
|
|-heal|p1a: Arcanino|99/100|[from] Grassy Terrain
|upkeep
|turn|2
|
|t:|1756423569
|move|p2a: Rillaboom|Grassy Glide|p1a: Arcanino
|-damage|p1a: Arcanino|60/100
|cant|p2b: Volcarona|slp
|move|p1a: Arcanino|Rock Slide|p2a: Rillaboom|[spread] p2a
|-miss|p1a: Arcanino|p2b: Volcarona
|-damage|p2a: Rillaboom|72/100
|move|p1b: Amongos|Sludge Bomb|p2a: Rillaboom
|-supereffective|p2a: Rillaboom
|-damage|p2a: Rillaboom|7/100
|
|-heal|p1a: Arcanino|66/100|[from] Grassy Terrain
|-heal|p2a: Rillaboom|13/100|[from] Grassy Terrain
|upkeep
|turn|3
|
|t:|1756423614
|move|p1b: Amongos|Rage Powder|p1b: Amongos
|-singleturn|p1b: Amongos|move: Rage Powder
|move|p2a: Rillaboom|Grassy Glide|p1a: Arcanino
|-damage|p1a: Arcanino|24/100
|-curestatus|p2b: Volcarona|slp|[msg]
|move|p2b: Volcarona|Quiver Dance|p2b: Volcarona
|-boost|p2b: Volcarona|spa|1
|-boost|p2b: Volcarona|spd|1
|-boost|p2b: Volcarona|spe|1
|move|p1a: Arcanino|Rock Slide|p2b: Volcarona|[spread] p2a,p2b
|-supereffective|p2b: Volcarona
|-damage|p2a: Rillaboom|0 fnt
|-damage|p2b: Volcarona|11/100
|faint|p2a: Rillaboom
|
|-heal|p2b: Volcarona|17/100|[from] Grassy Terrain
|-heal|p1a: Arcanino|30/100|[from] Grassy Terrain
|upkeep
|
|t:|1756423623
|switch|p2a: Sneasler|Sneasler, L50, M|100/100
|turn|4
|
|t:|1756423647
|move|p2a: Sneasler|Fake Out|p1a: Arcanino
|-resisted|p1a: Arcanino
|-damage|p1a: Arcanino|20/100
|cant|p1a: Arcanino|flinch
|move|p1b: Amongos|Rage Powder|p1b: Amongos
|-singleturn|p1b: Amongos|move: Rage Powder
|move|p2b: Volcarona|Heat Wave|p1a: Arcanino|[spread] p1a,p1b
|-resisted|p1a: Arcanino
|-supereffective|p1b: Amongos
|-damage|p1a: Arcanino|0 fnt
|-damage|p1b: Amongos|0 fnt
|faint|p1a: Arcanino
|faint|p1b: Amongos
|
|-heal|p2b: Volcarona|23/100|[from] Grassy Terrain
|upkeep
|
|t:|1756423664
|switch|p1a: Dragonites|Dragonite, L50, M, shiny|100/100
|switch|p1b: Jimcarona|Volcarona, L50, M|100/100
|turn|5
|
|t:|1756423690
|-terastallize|p2b: Volcarona|Fairy
|move|p2b: Volcarona|Tera Blast|p1a: Dragonites|[anim] Tera Blast Fairy
|-supereffective|p1a: Dragonites
|-damage|p1a: Dragonites|14/100
|move|p2a: Sneasler|Dire Claw|p1a: Dragonites
|-damage|p1a: Dragonites|0 fnt
|faint|p1a: Dragonites
|move|p1b: Jimcarona|Heat Wave|p2a: Sneasler|[spread] p2a,p2b
|-damage|p2a: Sneasler|54/100
|-damage|p2b: Volcarona|8/100
|
|-heal|p2b: Volcarona|14/100|[from] Grassy Terrain
|-heal|p2a: Sneasler|60/100|[from] Grassy Terrain
|-fieldend|move: Grassy Terrain
|upkeep
|turn|6
|-message|gaboP2 forfeited.
|
|win|Kurolax
|raw|gaboP2's rating: 1078 → 1059(-19 for losing)
|raw|Kurolax's rating: 1120 → 1142(+22 for winning)
|l|☆gaboP2
|player|p1|
