|j|☆moicito
|j|☆VGCPancakes
|html|moicitoVGCPancakes    
|uhtml|bestof|Game 2 of a best-of-3
|t:|1756781037
|gametype|doubles
|player|p1|moicito|caitlin|1154
|player|p2|VGCPancakes|dawn-gen4pt|1071
|gen|9
|tier|[Gen 9] VGC 2025 Reg H (Bo3)
|rated|
|rule|Species Clause: Limit one of each Pokémon
|rule|Item Clause: Limit 1 of each item
|clearpoke
|poke|p1|Incineroar, L50, M|
|poke|p1|Rillaboom, L50, F|
|poke|p1|Ursaluna-Bloodmoon, L50, M|
|poke|p1|Sneasler, L50, F|
|poke|p1|Dragonite, L50, F|
|poke|p1|Gholdengo, L50|
|poke|p2|Torkoal, L50, M|
|poke|p2|Jumpluff, L50, F|
|poke|p2|Archaludon, L50, M|
|poke|p2|Typhlosion-Hisui, L50, F|
|poke|p2|Gastrodon, L50, F|
|poke|p2|Meowscarada, L50, M|
|teampreview|4
|showteam|p1|Incineroar||SafetyGoggles|Intimidate|FlareBlitz,KnockOff,FakeOut,PartingShot|||M|||50|,,,,,Ghost]Rillaboom||AssaultVest|GrassySurge|WoodHammer,GrassyGlide,HighHorsepower,FakeOut|||F|||50|,,,,,Fire]Ursaluna-Bloodmoon||Leftovers|MindsEye|BloodMoon,HyperVoice,EarthPower,Protect|||M|||50|,,,,,Electric]Sneasler||FocusSash|PoisonTouch|CloseCombat,DireClaw,Coaching,FakeOut|||F|||50|,,,,,Stellar]Dragonite||LoadedDice|Multiscale|ScaleShot,Haze,ExtremeSpeed,Protect|||F|||50|,,,,,Fairy]Gholdengo||LifeOrb|GoodasGold|NastyPlot,MakeItRain,ShadowBall,Protect||||||50|,,,,,Water
|showteam|p2|Torkoal||EjectPack|Drought|Protect,Overheat,EarthPower,HelpingHand|||M|||50|,,,,,Fire]Jumpluff||CovertCloak|Chlorophyll|Tailwind,RagePowder,SleepPowder,PollenPuff|||F|||50|,,,,,Dark]Archaludon||AssaultVest|Stamina|ElectroShot,DragonPulse,BodyPress,Snarl|||M|||50|,,,,,Bug]Typhlosion-Hisui||ChoiceScarf|Blaze|Eruption,ShadowBall,HeatWave,Overheat|||F|||50|,,,,,Fire]Gastrodon||Leftovers|StormDrain|Protect,Yawn,IcyWind,EarthPower|||F|||50|,,,,,Grass]Meowscarada||ChoiceBand|Protean|FlowerTrick,KnockOff,SuckerPunch,Uturn|||M|||50|,,,,,Grass
|
|t:|1756781109
|teamsize|p1|4
|teamsize|p2|4
|start
|switch|p1a: Pelito|Sneasler, L50, F|100/100
|switch|p1b: Changuito|Rillaboom, L50, F, shiny|100/100
|switch|p2a: Meowscarada|Meowscarada, L50, M|100/100
|switch|p2b: Jumpluff|Jumpluff, L50, F|100/100
|-fieldstart|move: Grassy Terrain|[from] ability: Grassy Surge|[of] p1b: Changuito
|turn|1
|
|t:|1756781147
|switch|p2a: Torkoal|Torkoal, L50, M|100/100
|-weather|SunnyDay|[from] ability: Drought|[of] p2a: Torkoal
|switch|p1a: Gatito|Incineroar, L50, M|100/100
|-ability|p1a: Gatito|Intimidate|boost
|-unboost|p2a: Torkoal|atk|1
|-unboost|p2b: Jumpluff|atk|1
|-enditem|p2a: Torkoal|Eject Pack
|
|t:|1756781155
|switch|p2a: Typhlosion|Typhlosion-Hisui, L50, F|100/100
|move|p2b: Jumpluff|Sleep Powder|p1a: Gatito
|-activate|p1a: Gatito|item: Safety Goggles|Sleep Powder
|move|p1b: Changuito|Wood Hammer|p2b: Jumpluff
|-resisted|p2b: Jumpluff
|-damage|p2b: Jumpluff|74/100
|-damage|p1b: Changuito|93/100|[from] Recoil
|
|-weather|SunnyDay|[upkeep]
|-heal|p1b: Changuito|99/100|[from] Grassy Terrain
|upkeep
|turn|2
|
|t:|1756781206
|switch|p1b: Pelito|Sneasler, L50, F|100/100
|-terastallize|p2a: Typhlosion|Fire
|move|p2b: Jumpluff|Rage Powder|p2b: Jumpluff
|-singleturn|p2b: Jumpluff|move: Rage Powder
|move|p2a: Typhlosion|Eruption|p1b: Pelito|[spread] p1a,p1b
|-resisted|p1a: Gatito
|-damage|p1a: Gatito|40/100
|-enditem|p1b: Pelito|Focus Sash
|-damage|p1b: Pelito|1/100
|move|p1a: Gatito|Flare Blitz|p2b: Jumpluff
|-supereffective|p2b: Jumpluff
|-damage|p2b: Jumpluff|0 fnt
|faint|p2b: Jumpluff
|-damage|p1a: Gatito|18/100|[from] Recoil
|
|-weather|SunnyDay|[upkeep]
|-heal|p1b: Pelito|7/100|[from] Grassy Terrain
|-heal|p1a: Gatito|24/100|[from] Grassy Terrain
|upkeep
|
|t:|1756781226
|switch|p2b: Meowscarada|Meowscarada, L50, M|100/100
|turn|3
|
|t:|1756781257
|move|p1b: Pelito|Fake Out|p2a: Typhlosion
|-damage|p2a: Typhlosion|80/100
|cant|p2a: Typhlosion|flinch
|move|p2b: Meowscarada|Flower Trick|p1b: Pelito
|-start|p2b: Meowscarada|typechange|Grass|[from] ability: Protean
|-resisted|p1b: Pelito
|-crit|p1b: Pelito
|-damage|p1b: Pelito|0 fnt
|faint|p1b: Pelito
|move|p1a: Gatito|Parting Shot|p2a: Typhlosion
|-unboost|p2a: Typhlosion|atk|1
|-unboost|p2a: Typhlosion|spa|1
|
|t:|1756781273
|switch|p1a: Changuito|Rillaboom, L50, F, shiny|99/100|[from] Parting Shot
|
|-weather|SunnyDay|[upkeep]
|-heal|p2a: Typhlosion|86/100|[from] Grassy Terrain
|-heal|p1a: Changuito|100/100|[from] Grassy Terrain
|upkeep
|
|t:|1756781280
|switch|p1b: Gatito|Incineroar, L50, M|24/100
|-ability|p1b: Gatito|Intimidate|boost
|-unboost|p2a: Typhlosion|atk|1
|-unboost|p2b: Meowscarada|atk|1
|turn|4
|
|t:|1756781298
|switch|p2b: Torkoal|Torkoal, L50, M|100/100
|move|p1b: Gatito|Fake Out|p2a: Typhlosion
|-damage|p2a: Typhlosion|69/100
|cant|p2a: Typhlosion|flinch
|move|p1a: Changuito|High Horsepower|p2a: Typhlosion
|-supereffective|p2a: Typhlosion
|-damage|p2a: Typhlosion|0 fnt
|faint|p2a: Typhlosion
|
|-weather|SunnyDay|[upkeep]
|-heal|p1b: Gatito|30/100|[from] Grassy Terrain
|upkeep
|
|t:|1756781304
|switch|p2a: Meowscarada|Meowscarada, L50, M|100/100
|turn|5
|
|t:|1756781325
|-terastallize|p1a: Changuito|Fire
|move|p2a: Meowscarada|Flower Trick|p1b: Gatito
|-start|p2a: Meowscarada|typechange|Grass|[from] ability: Protean
|-resisted|p1b: Gatito
|-crit|p1b: Gatito
|-damage|p1b: Gatito|0 fnt
|faint|p1b: Gatito
|move|p1a: Changuito|High Horsepower|p2b: Torkoal
|-supereffective|p2b: Torkoal
|-damage|p2b: Torkoal|51/100
|move|p2b: Torkoal|Overheat|p1a: Changuito
|-resisted|p1a: Changuito
|-damage|p1a: Changuito|81/100
|-unboost|p2b: Torkoal|spa|2
|
|-weather|none
|-heal|p1a: Changuito|86/100|[from] Grassy Terrain
|-heal|p2b: Torkoal|57/100|[from] Grassy Terrain
|-fieldend|move: Grassy Terrain
|upkeep
|
|t:|1756781341
|switch|p1b: Dragoncito|Dragonite, L50, F|100/100
|turn|6
|
|t:|1756781357
|move|p2b: Torkoal|Helping Hand|p2a: Meowscarada
|-singleturn|p2a: Meowscarada|Helping Hand|[of] p2b: Torkoal
|move|p2a: Meowscarada|Flower Trick|p1a: Changuito
|-resisted|p1a: Changuito
|-crit|p1a: Changuito
|-damage|p1a: Changuito|31/100
|move|p1b: Dragoncito|Scale Shot|p2a: Meowscarada
|-damage|p2a: Meowscarada|78/100
|-damage|p2a: Meowscarada|54/100
|-damage|p2a: Meowscarada|30/100
|-damage|p2a: Meowscarada|5/100
|-damage|p2a: Meowscarada|0 fnt
|faint|p2a: Meowscarada
|-hitcount|p2: Meowscarada|5
|-unboost|p1b: Dragoncito|def|1
|-boost|p1b: Dragoncito|spe|1
|move|p1a: Changuito|Wood Hammer|p2b: Torkoal
|-resisted|p2b: Torkoal
|-damage|p2b: Torkoal|33/100
|-damage|p1a: Changuito|25/100|[from] Recoil
|
|upkeep
|turn|7
|-message|VGCPancakes forfeited.
|raw|moicito's rating: 1154 → 1173(+19 for winning)
|raw|VGCPancakes's rating: 1071 → 1055(-16 for losing)
|
|win|moicito
|l|☆VGCPancakes
|player|p2|
|c|☆moicito|ggs
