|j|☆javitebe
|j|☆1OO% Jesus
|html|javitebe1OO% Jesus    
|uhtml|bestof|Game 2 of a best-of-3
|t:|1782486696
|gametype|doubles
|player|p1|javitebe|brycenman|
|player|p2|1OO% Jesus|lillie-z|
|gen|9
|tier|[Gen 9 Champions] VGC 2026 Reg M-B (Bo3)
|rule|Species Clause: Limit one of each Pokémon
|rule|Item Clause: Limit 1 of each item
|clearpoke
|poke|p1|Hydreigon, L50, F, shiny|
|poke|p1|Tyranitar, L50, F|
|poke|p1|Aegislash, L50, M|
|poke|p1|Aerodactyl, L50, F|
|poke|p1|Metagross, L50, shiny|
|poke|p1|Sneasler, L50, F|
|poke|p2|Charizard, L50, M|
|poke|p2|Whimsicott, L50, M|
|poke|p2|Garchomp, L50, M|
|poke|p2|Basculegion, L50, M|
|poke|p2|Kingambit, L50, M|
|poke|p2|Floette-Eternal, L50, F|
|teampreview|4
|showteam|p1|Hydreigon||LifeOrb|Levitate|DracoMeteor,DarkPulse,HeatWave,Protect|Modest||F|||50|]Tyranitar||Tyranitarite|SandStream|Protect,RockSlide,Superpower,KnockOff|Adamant||F|||50|]Aegislash||MetalCoat|StanceChange|KingsShield,ShadowBall,FlashCannon,SteelBeam|Modest||M|||50|]Aerodactyl||FocusSash|RockHead|Tailwind,Protect,RockSlide,WideGuard|Jolly||F|||50|]Metagross||Metagrossite|ClearBody|Protect,MeteorMash,BulletPunch,PsychicFangs|Jolly|||||50|]Sneasler||WhiteHerb|Unburden|FakeOut,DireClaw,CloseCombat,Coaching|Jolly||F|||50|
|showteam|p2|Charizard||CharizarditeY|Blaze|HeatWave,WeatherBall,SolarBeam,Protect|Modest||M|||50|]Whimsicott||FocusSash|Prankster|Moonblast,Tailwind,Encore,Protect|Timid||M|||50|]Garchomp||LifeOrb|RoughSkin|Earthquake,DragonClaw,RockSlide,Protect|Jolly||M|||50|]Basculegion||MysticWater|Adaptability|WaveCrash,LastRespects,AquaJet,Protect|Adamant||M|||50|]Kingambit||ChopleBerry|Defiant|KowtowCleave,SuckerPunch,IronHead,LowKick|Adamant||M|||50|]Floette-Eternal||Floettite|FlowerVeil|DazzlingGleam,Moonblast,LightofRuin,Protect|Timid||F|||50|
|inactive|Battle timer is ON: inactive players will automatically lose when time's up. (requested by javitebe)
|inactive|1OO% Jesus has 60 seconds left.
|inactive|1OO% Jesus has 30 seconds left.
|inactive|1OO% Jesus has 20 seconds left.
|inactive|1OO% Jesus has 15 seconds left.
|inactive|1OO% Jesus has 10 seconds left.
|
|t:|1782486780
|teamsize|p1|4
|teamsize|p2|4
|start
|switch|p1a: Metagross|Metagross, L50, shiny|100/100
|switch|p1b: Sneasler|Sneasler, L50, F|100/100
|switch|p2a: Whimsicott|Whimsicott, L50, M|100/100
|switch|p2b: Garchomp|Garchomp, L50, M|100/100
|turn|1
|inactive|javitebe has 30 seconds left.
|inactive|javitebe has 20 seconds left.
|inactive|1OO% Jesus has 30 seconds left.
|inactive|javitebe has 15 seconds left.
|inactive|javitebe has 10 seconds left.
|inactive|javitebe has 5 seconds left.
|
|t:|1782486834
|detailschange|p1a: Metagross|Metagross-Mega, L50, shiny
|-mega|p1a: Metagross|Metagross|Metagrossite
|move|p2a: Whimsicott|Protect|p2a: Whimsicott
|-singleturn|p2a: Whimsicott|Protect
|move|p2b: Garchomp|Protect|p2b: Garchomp
|-singleturn|p2b: Garchomp|Protect
|move|p1b: Sneasler|Fake Out|p2b: Garchomp
|-activate|p2b: Garchomp|move: Protect
|move|p1a: Metagross|Meteor Mash|p2b: Garchomp
|-activate|p2b: Garchomp|move: Protect
|
|upkeep
|turn|2
|inactive|javitebe has 30 seconds left.
|
|t:|1782486866
|switch|p1b: Aerodactyl|Aerodactyl, L50, F|100/100
|move|p2a: Whimsicott|Tailwind|p2a: Whimsicott
|-sidestart|p2: 1OO% Jesus|move: Tailwind
|move|p2b: Garchomp|Earthquake|p1b: Aerodactyl|[spread] p2a,p1a
|-immune|p1b: Aerodactyl
|-resisted|p2a: Whimsicott|1
|-supereffective|p1a: Metagross|1
|-damage|p2a: Whimsicott|64/100
|-damage|p1a: Metagross|31/100
|-damage|p2b: Garchomp|90/100|[from] item: Life Orb
|move|p1a: Metagross|Meteor Mash|p2b: Garchomp
|-damage|p2b: Garchomp|29/100
|-damage|p1a: Metagross|19/100|[from] ability: Rough Skin|[of] p2b: Garchomp
|
|upkeep
|turn|3
|inactive|javitebe has 30 seconds left.
|inactive|1OO% Jesus has 30 seconds left.
|
|t:|1782486904
|move|p1a: Metagross|Bullet Punch|p2a: Whimsicott
|-supereffective|p2a: Whimsicott|1
|-damage|p2a: Whimsicott|0 fnt
|faint|p2a: Whimsicott
|move|p2b: Garchomp|Dragon Claw|p1b: Aerodactyl
|-damage|p1b: Aerodactyl|28/100
|-damage|p2b: Garchomp|20/100y|[from] item: Life Orb
|move|p1b: Aerodactyl|Tailwind|p1b: Aerodactyl
|-sidestart|p1: javitebe|move: Tailwind
|
|upkeep
|inactive|1OO% Jesus has 30 seconds left.
|inactive|1OO% Jesus has 20 seconds left.
|
|t:|1782486940
|switch|p2a: Kingambit|Kingambit, L50, M|100/100
|turn|4
|
|t:|1782486962
|switch|p1b: Sneasler|Sneasler, L50, F|100/100
|switch|p2b: Charizard|Charizard, L50, M|100/100
|move|p1a: Metagross|Bullet Punch|p2b: Charizard
|-resisted|p2b: Charizard|1
|-damage|p2b: Charizard|86/100
|move|p2a: Kingambit|Sucker Punch||[still]
|-fail|p2a: Kingambit
|
|upkeep
|turn|5
|inactive|javitebe has 30 seconds left.
|inactive|javitebe has 20 seconds left.
|inactive|javitebe has 15 seconds left.
|inactive|javitebe has 10 seconds left.
|
|t:|1782487009
|detailschange|p2b: Charizard|Charizard-Mega-Y, L50, M
|-mega|p2b: Charizard|Charizard|Charizardite Y
|-weather|SunnyDay|[from] ability: Drought|[of] p2b: Charizard
|move|p1a: Metagross|Protect|p1a: Metagross
|-singleturn|p1a: Metagross|Protect
|move|p2a: Kingambit|Sucker Punch||[still]
|-fail|p2a: Kingambit
|move|p1b: Sneasler|Close Combat|p2a: Kingambit
|-supereffective|p2a: Kingambit|2
|-crit|p2a: Kingambit
|-enditem|p2a: Kingambit|Chople Berry|[eat]
|-enditem|p2a: Kingambit|Chople Berry|[weaken]
|-damage|p2a: Kingambit|0 fnt
|-unboost|p1b: Sneasler|def|1
|-unboost|p1b: Sneasler|spd|1
|faint|p2a: Kingambit
|-enditem|p1b: Sneasler|White Herb
|-clearnegativeboost|p1b: Sneasler|[silent]
|move|p2b: Charizard|Heat Wave|p1a: Metagross|[spread] p1b
|-activate|p1a: Metagross|move: Protect
|-damage|p1b: Sneasler|22/100
|
|-weather|SunnyDay|[upkeep]
|-sideend|p2: 1OO% Jesus|move: Tailwind
|upkeep
|
|t:|1782487029
|switch|p2a: Garchomp|Garchomp, L50, M|20/100y
|turn|6
|inactive|javitebe has 30 seconds left.
|inactive|1OO% Jesus has 30 seconds left.
|inactive|javitebe has 20 seconds left.
|inactive|javitebe has 15 seconds left.
|inactive|1OO% Jesus has 20 seconds left.
|inactive|javitebe has 10 seconds left.
|inactive|1OO% Jesus has 15 seconds left.
|inactive|javitebe has 5 seconds left.
|inactive|1OO% Jesus has 10 seconds left.
|
|t:|1782487085
|move|p1b: Sneasler|Dire Claw|p2b: Charizard
|-damage|p2b: Charizard|36/100
|move|p1a: Metagross|Psychic Fangs|p2a: Garchomp
|-damage|p2a: Garchomp|0 fnt
|-damage|p1a: Metagross|7/100|[from] ability: Rough Skin|[of] p2a: Garchomp
|faint|p2a: Garchomp
|move|p2b: Charizard|Heat Wave|p1a: Metagross|[spread] p1a,p1b
|-supereffective|p1a: Metagross|1
|-damage|p1a: Metagross|0 fnt
|-damage|p1b: Sneasler|0 fnt
|faint|p1a: Metagross
|faint|p1b: Sneasler
|
|-weather|SunnyDay|[upkeep]
|-sideend|p1: javitebe|move: Tailwind
|upkeep
|
|t:|1782487094
|switch|p1b: Hydreigon|Hydreigon, L50, F, shiny|100/100
|switch|p1a: Aerodactyl|Aerodactyl, L50, F|28/100
|turn|7
|
|t:|1782487100
|move|p1a: Aerodactyl|Rock Slide|p2b: Charizard
|-supereffective|p2b: Charizard|2
|-damage|p2b: Charizard|0 fnt
|faint|p2b: Charizard
|
|win|javitebe
||javitebe is ready for game 3.
||1OO% Jesus is ready for game 3.
|uhtml|next|Next: Game 3 of 3
