|j|☆scizormetimbers07
|j|☆Slinky35
|html|scizormetimbers07Slinky35    
|uhtml|bestof|Game 1 of a best-of-3
|t:|1785107662
|gametype|doubles
|player|p1|scizormetimbers07|gambler|
|player|p2|Slinky35|170|
|gen|9
|tier|[Gen 9 Champions] VGC 2026 Reg M-B (Bo3)
|rule|Species Clause: Limit one of each Pokémon
|rule|Item Clause: Limit 1 of each item
|clearpoke
|poke|p1|Infernape, L50, M|
|poke|p1|Absol, L50, M|
|poke|p1|Whimsicott, L50, M, shiny|
|poke|p1|Kangaskhan, L50, F|
|poke|p1|Sinistcha-Masterpiece, L50, shiny|
|poke|p1|Blastoise, L50, M, shiny|
|poke|p2|Kingambit, L50, M|
|poke|p2|Gyarados, L50, F|
|poke|p2|Gliscor, L50, M|
|poke|p2|Delphox, L50, F|
|poke|p2|Vileplume, L50, M|
|poke|p2|Froslass, L50, F|
|teampreview|4
|showteam|p1|Infernape||ShellBell|IronFist|DrainPunch,FakeOut,ThunderPunch,FirePunch|Adamant||M|||50|]Absol||ScopeLens|SuperLuck|Detect,PsychoCut,ShadowClaw,NightSlash|Jolly||M|||50|]Whimsicott||FocusSash|Prankster|DazzlingGleam,LightScreen,Tailwind,Hurricane|Bold||M|||50|]Kangaskhan||Kangaskhanite|Scrappy|BodySlam,FakeOut,FirePunch,ThunderPunch|Adamant||F|||50|]Sinistcha-Masterpiece||Leftovers|Hospitality|MatchaGotcha,ShadowBall,Scald,LifeDew|Calm|||||50|]Blastoise||Blastoisinite|RainDish|AuraSphere,FakeOut,DragonPulse,WaterSpout|Modest||M|||50|
|showteam|p2|Kingambit||BlackGlasses|SupremeOverlord|KowtowCleave,SuckerPunch,Protect,IronHead|Adamant||M|||50|]Gyarados||SitrusBerry|Intimidate|Waterfall,ThunderWave,IceFang,Protect|Adamant||F|||50|]Gliscor||ChestoBerry|SandVeil|Earthquake,RockSlide,Uturn,Protect|Impish||M|||50|]Delphox||LifeOrb|Blaze|HeatWave,PsychicNoise,Overheat,Protect|Timid||F|||50|]Vileplume||BrightPowder|EffectSpore|SleepPowder,GigaDrain,SludgeBomb,StrengthSap|Bold||M|||50|]Froslass||Froslassite|SnowCloak|Blizzard,ShadowBall,Thunderbolt,DestinyBond|Timid||F|||50|
|j| xanian7
|
|t:|1785107720
|teamsize|p1|4
|teamsize|p2|4
|start
|switch|p1a: Whimsicott|Whimsicott, L50, M, shiny|100/100
|switch|p1b: Kangaskhan|Kangaskhan, L50, F|100/100
|switch|p2a: Delphox|Delphox, L50, F|100/100
|switch|p2b: Froslass|Froslass, L50, F|100/100
|turn|1
|
|t:|1785107802
|detailschange|p2b: Froslass|Froslass-Mega, L50, F
|-mega|p2b: Froslass|Froslass|Froslassite
|-weather|Snowscape|[from] ability: Snow Warning|[of] p2b: Froslass
|move|p2a: Delphox|Protect|p2a: Delphox
|-singleturn|p2a: Delphox|Protect
|move|p1b: Kangaskhan|Fake Out|p2b: Froslass
|-damage|p2b: Froslass|83/100
|move|p1a: Whimsicott|Light Screen|p1a: Whimsicott
|-sidestart|p1: scizormetimbers07|move: Light Screen
|cant|p2b: Froslass|flinch
|
|-weather|Snowscape|[upkeep]
|upkeep
|turn|2
|
|t:|1785107823
|detailschange|p1b: Kangaskhan|Kangaskhan-Mega, L50, F
|-mega|p1b: Kangaskhan|Kangaskhan|Kangaskhanite
|move|p1a: Whimsicott|Tailwind|p1a: Whimsicott
|-sidestart|p1: scizormetimbers07|move: Tailwind
|move|p1b: Kangaskhan|Body Slam|p2a: Delphox
|-damage|p2a: Delphox|37/100
|-damage|p2a: Delphox|21/100
|-status|p2a: Delphox|par
|-hitcount|p2a: Delphox|2
|move|p2b: Froslass|Blizzard|p1b: Kangaskhan|[spread] p1a,p1b
|-supereffective|p1a: Whimsicott|1
|-damage|p1a: Whimsicott|32/100
|-damage|p1b: Kangaskhan|74/100
|move|p2a: Delphox|Heat Wave|p1b: Kangaskhan|[spread] p1a,p1b
|-supereffective|p1a: Whimsicott|1
|-crit|p1b: Kangaskhan
|-damage|p1a: Whimsicott|0 fnt
|-damage|p1b: Kangaskhan|0 fnt
|faint|p1a: Whimsicott
|faint|p1b: Kangaskhan
|-damage|p2a: Delphox|11/100 par|[from] item: Life Orb
|
|-weather|Snowscape|[upkeep]
|upkeep
|
|t:|1785107843
|switch|p1a: Infernape|Infernape, L50, M|100/100
|switch|p1b: Sinistcha|Sinistcha-Masterpiece, L50, shiny|100/100
|turn|3
|
|t:|1785107895
|move|p1a: Infernape|Fake Out|p2a: Delphox
|-damage|p2a: Delphox|0 fnt
|faint|p2a: Delphox
|move|p1b: Sinistcha|Shadow Ball|p2b: Froslass
|-supereffective|p2b: Froslass|1
|-damage|p2b: Froslass|5/100
|move|p2b: Froslass|Destiny Bond|p2b: Froslass
|-singlemove|p2b: Froslass|Destiny Bond
|
|-weather|Snowscape|[upkeep]
|upkeep
|
|t:|1785107952
|switch|p2a: Kingambit|Kingambit, L50, M|100/100
|-activate|p2a: Kingambit|ability: Supreme Overlord
|-start|p2a: Kingambit|fallen1|[silent]
|turn|4
|
|t:|1785107977
|move|p2a: Kingambit|Sucker Punch|p1a: Infernape
|-resisted|p1a: Infernape|1
|-damage|p1a: Infernape|65/100
|move|p1a: Infernape|Drain Punch|p2a: Kingambit
|-supereffective|p2a: Kingambit|2
|-damage|p2a: Kingambit|0 fnt
|-heal|p1a: Infernape|100/100|[from] drain|[of] p2a: Kingambit
|faint|p2a: Kingambit
|-end|p2a: Kingambit|fallen1|[silent]
|move|p1b: Sinistcha|Life Dew||[still]|[still]|[spread] 
|-fail|p1a: Infernape|heal
|-fail|p1b: Sinistcha|heal
|move|p2b: Froslass|Shadow Ball|p1b: Sinistcha
|-supereffective|p1b: Sinistcha|1
|-damage|p1b: Sinistcha|43/100
|
|-weather|Snowscape|[upkeep]
|-heal|p1b: Sinistcha|50/100y|[from] item: Leftovers
|upkeep
|
|t:|1785107998
|switch|p2a: Vileplume|Vileplume, L50, M|100/100
|turn|5
|
|t:|1785108016
|move|p1a: Infernape|Fire Punch|p2a: Vileplume
|-supereffective|p2a: Vileplume|1
|-damage|p2a: Vileplume|27/100
|-status|p1a: Infernape|par|[from] ability: Effect Spore|[of] p2a: Vileplume
|move|p1b: Sinistcha|Shadow Ball|p2b: Froslass
|-supereffective|p2b: Froslass|1
|-damage|p2b: Froslass|0 fnt
|faint|p2b: Froslass
|move|p2a: Vileplume|Sleep Powder||[still]
|-fail|p2a: Vileplume
|
|-weather|none
|-heal|p1b: Sinistcha|56/100|[from] item: Leftovers
|-sideend|p1: scizormetimbers07|move: Light Screen
|-sideend|p1: scizormetimbers07|move: Tailwind
|upkeep
|turn|6
|
|t:|1785108036
|move|p1b: Sinistcha|Shadow Ball|p2a: Vileplume
|-damage|p2a: Vileplume|0 fnt
|faint|p2a: Vileplume
|
|win|scizormetimbers07
||Slinky35 is ready for game 2.
|inactive|scizormetimbers07 has 30 seconds to confirm battle start!
|inactive|scizormetimbers07 has 20 seconds to confirm battle start!
||scizormetimbers07 is ready for game 2.
|uhtml|next|Next: Game 2 of 3
|l|☆Slinky35
|player|p2|
