|j|☆Bzap13
|j|☆komsu
|html|Bzap13komsu    
|uhtml|bestof|Game 1 of a best-of-3
|t:|1784231356
|gametype|doubles
|player|p1|Bzap13|101|1186
|player|p2|komsu|gambler|1307
|gen|9
|tier|[Gen 9 Champions] VGC 2026 Reg M-B (Bo3)
|rated|
|rule|Species Clause: Limit one of each Pokémon
|rule|Item Clause: Limit 1 of each item
|clearpoke
|poke|p1|Sinistcha, L50|
|poke|p1|Gardevoir, L50, F|
|poke|p1|Blastoise, L50, F|
|poke|p1|Sneasler, L50, F|
|poke|p1|Incineroar, L50, F|
|poke|p1|Weavile, L50, F|
|poke|p2|Scizor, L50, M|
|poke|p2|Blastoise, L50, M, shiny|
|poke|p2|Sinistcha, L50|
|poke|p2|Kingambit, L50, M|
|poke|p2|Aerodactyl, L50, M|
|poke|p2|Farigiraf, L50, F|
|teampreview|4
|showteam|p1|Sinistcha||KasibBerry|Hospitality|MatchaGotcha,RagePowder,Imprison,TrickRoom|Relaxed|||||50|]Gardevoir||Gardevoirite|Trace|HyperVoice,Psyshock,CalmMind,Protect|Modest||F|||50|]Blastoise||Blastoisinite|RainDish|DarkPulse,WaterSpout,Protect,ShellSmash|Modest||F|||50|]Sneasler||WhiteHerb|Unburden|GunkShot,FakeOut,CloseCombat,Acrobatics|Adamant||F|||50|]Incineroar||SitrusBerry|Intimidate|FlareBlitz,ThroatChop,FakeOut,PartingShot|Adamant||F|||50|]Weavile||FocusSash|Pickpocket|TripleAxel,FakeOut,UpperHand,Feint|Jolly||F|||50|
|showteam|p2|Scizor||LifeOrb|Technician|BulletPunch,BugBite,DualWingbeat,Protect|Adamant||M|||50|]Blastoise||Blastoisinite|RainDish|WaterSpout,Protect,ShellSmash,DarkPulse|Timid||M|||50|]Sinistcha||ColburBerry|Hospitality|MatchaGotcha,Protect,TrickRoom,RagePowder|Calm|||||50|]Kingambit||FocusSash|Defiant|KowtowCleave,IronHead,SuckerPunch,LowKick|Adamant||M|||50|]Aerodactyl||Aerodactylite|Unnerve|RockSlide,DualWingbeat,IceFang,Tailwind|Jolly||M|||50|]Farigiraf||SitrusBerry|ArmorTail|PsychicNoise,Thunderbolt,TrickRoom,Protect|Bold||F|||50|
|inactive|Battle timer is ON: inactive players will automatically lose when time's up. (requested by Bzap13)
|inactive|komsu has 60 seconds left.
|
|t:|1784231452
|teamsize|p1|4
|teamsize|p2|4
|start
|switch|p1a: Blastoise|Blastoise, L50, F|100/100
|switch|p1b: Sinistcha|Sinistcha, L50|100/100
|switch|p2a: Farigiraf|Farigiraf, L50, F|100/100
|switch|p2b: HunterKiller|Scizor, L50, M|100/100
|turn|1
|inactive|komsu has 30 seconds left.
|inactive|komsu has 20 seconds left.
|
|t:|1784231490
|detailschange|p1a: Blastoise|Blastoise-Mega, L50, F
|-mega|p1a: Blastoise|Blastoise|Blastoisinite
|move|p1a: Blastoise|Shell Smash|p1a: Blastoise
|-unboost|p1a: Blastoise|def|1
|-unboost|p1a: Blastoise|spd|1
|-boost|p1a: Blastoise|atk|2
|-boost|p1a: Blastoise|spa|2
|-boost|p1a: Blastoise|spe|2
|move|p2b: HunterKiller|Dual Wingbeat|p1a: Blastoise
|-damage|p1a: Blastoise|51/100
|-damage|p1a: Blastoise|4/100
|-hitcount|p1a: Blastoise|2
|-damage|p2b: HunterKiller|90/100|[from] item: Life Orb
|move|p1b: Sinistcha|Imprison|p1b: Sinistcha
|-start|p1b: Sinistcha|move: Imprison
|cant|p2a: Farigiraf|move: Imprison|Trick Room
|
|upkeep
|turn|2
|inactive|komsu has 30 seconds left.
|inactive|komsu has 20 seconds left.
|
|t:|1784231529
|move|p2a: Farigiraf|Protect|p2a: Farigiraf
|-singleturn|p2a: Farigiraf|Protect
|move|p1b: Sinistcha|Rage Powder|p1b: Sinistcha
|-singleturn|p1b: Sinistcha|move: Rage Powder
|move|p1a: Blastoise|Dark Pulse|p2a: Farigiraf
|-activate|p2a: Farigiraf|move: Protect
|move|p2b: HunterKiller|Dual Wingbeat|p1b: Sinistcha
|-supereffective|p1b: Sinistcha|1
|-damage|p1b: Sinistcha|56/100
|-supereffective|p1b: Sinistcha|1
|-damage|p1b: Sinistcha|12/100
|-hitcount|p1b: Sinistcha|2
|-damage|p2b: HunterKiller|80/100|[from] item: Life Orb
|
|upkeep
|turn|3
|
|t:|1784231547
|move|p1b: Sinistcha|Rage Powder|p1b: Sinistcha
|-singleturn|p1b: Sinistcha|move: Rage Powder
|move|p2b: HunterKiller|Bullet Punch|p1b: Sinistcha
|-damage|p1b: Sinistcha|0 fnt
|faint|p1b: Sinistcha
|-damage|p2b: HunterKiller|70/100|[from] item: Life Orb
|move|p1a: Blastoise|Dark Pulse|p2a: Farigiraf
|-supereffective|p2a: Farigiraf|1
|-damage|p2a: Farigiraf|0 fnt
|faint|p2a: Farigiraf
|
|upkeep
|
|t:|1784231561
|switch|p1b: Incineroar|Incineroar, L50, F|100/100
|switch|p2a: Kingambit|Kingambit, L50, M|100/100
|-ability|p1b: Incineroar|Intimidate|boost
|-unboost|p2a: Kingambit|atk|1
|-ability|p2a: Kingambit|Defiant|boost
|-boost|p2a: Kingambit|atk|2
|-unboost|p2b: HunterKiller|atk|1
|turn|4
|inactive|komsu has 30 seconds left.
|
|t:|1784231588
|move|p1a: Blastoise|Protect|p1a: Blastoise
|-singleturn|p1a: Blastoise|Protect
|move|p2a: Kingambit|Sucker Punch||[still]
|-fail|p2a: Kingambit
|move|p2b: HunterKiller|Bug Bite|p1b: Incineroar
|-damage|p1b: Incineroar|57/100
|-enditem|p1b: Incineroar|Sitrus Berry|[from] stealeat|[move] Bug Bite|[of] p2b: HunterKiller
|-heal|p2b: HunterKiller|95/100|[from] item: Sitrus Berry
|-damage|p2b: HunterKiller|85/100|[from] item: Life Orb
|move|p1b: Incineroar|Flare Blitz|p2a: Kingambit
|-supereffective|p2a: Kingambit|1
|-enditem|p2a: Kingambit|Focus Sash
|-damage|p2a: Kingambit|1/100
|-damage|p1b: Incineroar|28/100|[from] Recoil
|
|upkeep
|turn|5
|inactive|Bzap13 has 30 seconds left.
|
|t:|1784231615
|switch|p1b: Sneasler|Sneasler, L50, F|100/100
|move|p2b: HunterKiller|Bullet Punch|p1a: Blastoise
|-resisted|p1a: Blastoise|1
|-damage|p1a: Blastoise|0 fnt
|faint|p1a: Blastoise
|-damage|p2b: HunterKiller|75/100|[from] item: Life Orb
|move|p2a: Kingambit|Low Kick|p1b: Sneasler
|-resisted|p1b: Sneasler|1
|-damage|p1b: Sneasler|71/100
|
|upkeep
|
|t:|1784231620
|switch|p1a: Incineroar|Incineroar, L50, F|28/100
|-ability|p1a: Incineroar|Intimidate|boost
|-unboost|p2a: Kingambit|atk|1
|-ability|p2a: Kingambit|Defiant|boost
|-boost|p2a: Kingambit|atk|2
|-unboost|p2b: HunterKiller|atk|1
|turn|6
|inactive|Bzap13 has 30 seconds left.
|
|t:|1784231648
|switch|p2b: Aerodactyl|Aerodactyl, L50, M|100/100
|-ability|p2b: Aerodactyl|Unnerve
|move|p1a: Incineroar|Fake Out|p2a: Kingambit
|-resisted|p2a: Kingambit|1
|-damage|p2a: Kingambit|0 fnt
|faint|p2a: Kingambit
|move|p1b: Sneasler|Close Combat|p2b: Aerodactyl
|-damage|p2b: Aerodactyl|13/100
|-unboost|p1b: Sneasler|def|1
|-unboost|p1b: Sneasler|spd|1
|-enditem|p1b: Sneasler|White Herb
|-clearnegativeboost|p1b: Sneasler|[silent]
|
|upkeep
|
|t:|1784231661
|switch|p2a: HunterKiller|Scizor, L50, M|75/100
|turn|7
|
|t:|1784231685
|detailschange|p2b: Aerodactyl|Aerodactyl-Mega, L50, M
|-mega|p2b: Aerodactyl|Aerodactyl|Aerodactylite
|move|p1b: Sneasler|Acrobatics|p2b: Aerodactyl
|-resisted|p2b: Aerodactyl|1
|-damage|p2b: Aerodactyl|0 fnt
|faint|p2b: Aerodactyl
|move|p2a: HunterKiller|Bug Bite|p1a: Incineroar
|-damage|p1a: Incineroar|0 fnt
|faint|p1a: Incineroar
|-damage|p2a: HunterKiller|65/100|[from] item: Life Orb
|
|upkeep
|turn|8
|
|t:|1784231697
|move|p1b: Sneasler|Close Combat|p2a: HunterKiller
|-damage|p2a: HunterKiller|0 fnt
|-unboost|p1b: Sneasler|def|1
|-unboost|p1b: Sneasler|spd|1
|faint|p2a: HunterKiller
|
|win|Bzap13
||Bzap13 is ready for game 2.
|l|☆Bzap13
|player|p1|
||komsu is ready for game 2.
|uhtml|next|Next: Game 2 of 3
