|j|☆Cotcha
|j|☆Eu Farei x10
|html|CotchaEu Farei x10    
|uhtml|bestof|Game 1 of a best-of-3
|t:|1756387114
|gametype|doubles
|player|p1|Cotcha|li|1150
|player|p2|Eu Farei x10|hiker-gen7|1223
|gen|9
|tier|[Gen 9] VGC 2025 Reg H (Bo3)
|rated|
|rule|Species Clause: Limit one of each Pokémon
|rule|Item Clause: Limit 1 of each item
|clearpoke
|poke|p1|Annihilape, L50, F|
|poke|p1|Sinistcha, L50|
|poke|p1|Basculegion, L50, M|
|poke|p1|Pelipper, L50, M|
|poke|p1|Archaludon, L50, F|
|poke|p1|Maushold, L50|
|poke|p2|Maushold-Four, L50|
|poke|p2|Annihilape, L50, F|
|poke|p2|Rillaboom, L50, M|
|poke|p2|Klefki, L50, M|
|poke|p2|Volcarona, L50, F|
|poke|p2|Ninetales-Alola, L50, M|
|teampreview|4
|showteam|p1|Annihilape||SitrusBerry|Defiant|DrainPunch,RageFist,BulkUp,Protect|||F|||50|,,,,,Fire]Sinistcha||RockyHelmet|Hospitality|RagePowder,MatchaGotcha,LifeDew,TrickRoom||||||50|,,,,,Fairy]Basculegion||ChoiceScarf|Adaptability|FlipTurn,WaveCrash,LastRespects,AquaJet|||M|||50|,,,,,Grass]Pelipper||FocusSash|Drizzle|WeatherBall,Hurricane,WideGuard,Protect|||M|||50|,,,,,Stellar]Archaludon||AssaultVest|Stamina|ElectroShot,BodyPress,DracoMeteor,FlashCannon|||F|||50|,,,,,Bug]Maushold||SafetyGoggles|FriendGuard|SuperFang,BeatUp,FollowMe,Taunt||||||50|,,,,,Ghost
|showteam|p2|Maushold-Four||SafetyGoggles|FriendGuard|Protect,BeatUp,Taunt,FollowMe||||||50|,,,,,Ghost]Annihilape||Leftovers|Defiant|Protect,RageFist,BulkUp,DrainPunch|||F|||50|,,,,,Fire]Rillaboom||AssaultVest|GrassySurge|FakeOut,WoodHammer,GrassyGlide,Uturn|||M|||50|,,,,,Fire]Klefki||LightClay|Prankster|Reflect,LightScreen,ThunderWave,DazzlingGleam|||M|||50|,,,,,Water]Volcarona||GrassySeed|FlameBody|Protect,GigaDrain,QuiverDance,HeatWave|||F|||50|,,,,,Grass]Ninetales-Alola||ChoiceSpecs|SnowWarning|Blizzard,Moonblast,FreezeDry,DazzlingGleam|||M|||50|,,,,,Ice
|inactive|Battle timer is ON: inactive players will automatically lose when time's up. (requested by Eu Farei x10)
|inactive|Cotcha has 60 seconds left.
|inactive|Cotcha has 30 seconds left.
|
|t:|1756387182
|teamsize|p1|4
|teamsize|p2|4
|start
|switch|p1a: Annihilape|Annihilape, L50, F|100/100
|switch|p1b: Maushold|Maushold, L50|100/100
|switch|p2a: Los Ramírez|Maushold-Four, L50|100/100
|switch|p2b: Annihilape|Annihilape, L50, F|100/100
|turn|1
|inactive|Cotcha has 30 seconds left.
|
|t:|1756387208
|move|p2a: Los Ramírez|Follow Me|p2a: Los Ramírez
|-singleturn|p2a: Los Ramírez|move: Follow Me
|move|p1b: Maushold|Taunt|p2a: Los Ramírez
|-start|p2a: Los Ramírez|move: Taunt
|move|p2b: Annihilape|Bulk Up|p2b: Annihilape
|-boost|p2b: Annihilape|atk|1
|-boost|p2b: Annihilape|def|1
|move|p1a: Annihilape|Bulk Up|p1a: Annihilape
|-boost|p1a: Annihilape|atk|1
|-boost|p1a: Annihilape|def|1
|
|upkeep
|turn|2
|inactive|Cotcha has 30 seconds left.
|
|t:|1756387233
|-terastallize|p2b: Annihilape|Fire
|move|p1b: Maushold|Follow Me|p1b: Maushold
|-singleturn|p1b: Maushold|move: Follow Me
|move|p2a: Los Ramírez|Beat Up|p1b: Maushold
|-damage|p1b: Maushold|97/100
|-damage|p1b: Maushold|93/100
|-damage|p1b: Maushold|89/100
|-damage|p1b: Maushold|85/100
|-hitcount|p1b: Maushold|4
|move|p2b: Annihilape|Drain Punch|p1b: Maushold
|-supereffective|p1b: Maushold
|-damage|p1b: Maushold|0 fnt
|faint|p1b: Maushold
|move|p1a: Annihilape|Drain Punch|p2a: Los Ramírez
|-supereffective|p2a: Los Ramírez
|-damage|p2a: Los Ramírez|0 fnt
|faint|p2a: Los Ramírez
|
|upkeep
|
|t:|1756387255
|switch|p1b: Basculegion|Basculegion, L50, M|100/100
|switch|p2a: Rillaboom|Rillaboom, L50, M|100/100
|-fieldstart|move: Grassy Terrain|[from] ability: Grassy Surge|[of] p2a: Rillaboom
|turn|3
|
|t:|1756387277
|-terastallize|p1b: Basculegion|Grass
|move|p2b: Annihilape|Protect|p2b: Annihilape
|-singleturn|p2b: Annihilape|Protect
|move|p1b: Basculegion|Wave Crash|p2b: Annihilape
|-activate|p2b: Annihilape|move: Protect
|move|p1a: Annihilape|Drain Punch|p2a: Rillaboom
|-damage|p2a: Rillaboom|54/100
|move|p2a: Rillaboom|U-turn|p1b: Basculegion
|-supereffective|p1b: Basculegion
|-damage|p1b: Basculegion|44/100
|
|t:|1756387287
|switch|p2a: Ninetales|Ninetales-Alola, L50, M|100/100|[from] U-turn
|-weather|Snowscape|[from] ability: Snow Warning|[of] p2a: Ninetales
|
|-weather|Snowscape|[upkeep]
|-heal|p1b: Basculegion|50/100|[from] Grassy Terrain
|upkeep
|turn|4
|inactive|Cotcha has 30 seconds left.
|inactive|Cotcha has 20 seconds left.
|inactive|Cotcha has 15 seconds left.
|inactive|Cotcha has 10 seconds left.
|
|t:|1756387334
|switch|p2b: Rillaboom|Rillaboom, L50, M|54/100
|move|p1b: Basculegion|Wave Crash|p2b: Rillaboom
|-resisted|p2b: Rillaboom
|-damage|p2b: Rillaboom|24/100
|-damage|p1b: Basculegion|40/100|[from] Recoil
|move|p2a: Ninetales|Freeze-Dry|p1b: Basculegion
|-supereffective|p1b: Basculegion
|-damage|p1b: Basculegion|0 fnt
|faint|p1b: Basculegion
|move|p1a: Annihilape|Drain Punch|p2a: Ninetales
|-damage|p2a: Ninetales|58/100
|
|-weather|Snowscape|[upkeep]
|-heal|p2a: Ninetales|64/100|[from] Grassy Terrain
|-heal|p2b: Rillaboom|29/100|[from] Grassy Terrain
|upkeep
|
|t:|1756387344
|switch|p1b: Archaludon|Archaludon, L50, F|100/100
|turn|5
|inactive|Cotcha has 30 seconds left.
|inactive|Cotcha has 20 seconds left.
|
|t:|1756387380
|switch|p2a: Annihilape|Annihilape, L50, F, tera:Fire|100/100
|move|p1a: Annihilape|Drain Punch|p2b: Rillaboom
|-damage|p2b: Rillaboom|0 fnt
|faint|p2b: Rillaboom
|move|p1b: Archaludon|Flash Cannon|p2a: Annihilape
|-resisted|p2a: Annihilape
|-damage|p2a: Annihilape|85/100
|
|-weather|Snowscape|[upkeep]
|-heal|p2a: Annihilape|91/100|[from] Grassy Terrain
|-heal|p2a: Annihilape|97/100|[from] item: Leftovers
|upkeep
|
|t:|1756387388
|switch|p2b: Ninetales|Ninetales-Alola, L50, M|64/100
|turn|6
|
|t:|1756387403
|move|p1a: Annihilape|Protect|p1a: Annihilape
|-singleturn|p1a: Annihilape|Protect
|move|p2b: Ninetales|Blizzard|p1b: Archaludon|[spread] p1b
|-activate|p1a: Annihilape|move: Protect
|-damage|p1b: Archaludon|70/100
|-status|p1b: Archaludon|frz
|-ability|p1b: Archaludon|Stamina|boost
|-boost|p1b: Archaludon|def|1
|move|p2a: Annihilape|Rage Fist|p1a: Annihilape
|-activate|p1a: Annihilape|move: Protect
|cant|p1b: Archaludon|frz
|
|-weather|Snowscape|[upkeep]
|-heal|p2b: Ninetales|70/100|[from] Grassy Terrain
|-heal|p2a: Annihilape|100/100|[from] Grassy Terrain
|-heal|p1b: Archaludon|76/100 frz|[from] Grassy Terrain
|upkeep
|turn|7
|inactive|Cotcha has 30 seconds left.
|
|t:|1756387429
|move|p2b: Ninetales|Blizzard|p1a: Annihilape|[spread] p1a,p1b
|-damage|p1a: Annihilape|63/100
|-damage|p1b: Archaludon|44/100 frz
|-ability|p1b: Archaludon|Stamina|boost
|-boost|p1b: Archaludon|def|1
|move|p2a: Annihilape|Rage Fist|p1a: Annihilape
|-supereffective|p1a: Annihilape
|-crit|p1a: Annihilape
|-damage|p1a: Annihilape|0 fnt
|faint|p1a: Annihilape
|cant|p1b: Archaludon|frz
|
|-weather|none
|-heal|p2b: Ninetales|76/100|[from] Grassy Terrain
|-heal|p1b: Archaludon|50/100 frz|[from] Grassy Terrain
|-fieldend|move: Grassy Terrain
|upkeep
|turn|8
|inactive|Eu Farei x10 has 30 seconds left.
|
|t:|1756387463
|move|p2b: Ninetales|Blizzard|p1b: Archaludon
|-damage|p1b: Archaludon|6/100 frz
|-ability|p1b: Archaludon|Stamina|boost
|-boost|p1b: Archaludon|def|1
|move|p2a: Annihilape|Bulk Up|p2a: Annihilape
|-boost|p2a: Annihilape|atk|1
|-boost|p2a: Annihilape|def|1
|cant|p1b: Archaludon|frz
|
|upkeep
|turn|9
|
|t:|1756387475
|move|p2b: Ninetales|Blizzard|p1b: Archaludon|[miss]
|-miss|p2b: Ninetales|p1b: Archaludon
|move|p2a: Annihilape|Drain Punch|p1b: Archaludon
|-supereffective|p1b: Archaludon
|-damage|p1b: Archaludon|0 fnt
|faint|p1b: Archaludon
|
|win|Eu Farei x10
||Cotcha is ready for game 2.
|inactive|Eu Farei x10 has 30 seconds to confirm battle start!
||Eu Farei x10 is ready for game 2.
|uhtml|next|Next: Game 2 of 3
