|j|☆bigj009
|j|☆SlaymonSays
|html|bigj009SlaymonSays    
|uhtml|bestof|Game 2 of a best-of-3
|t:|1757741746
|gametype|doubles
|player|p1|bigj009|lucas|1245
|player|p2|SlaymonSays|1|1318
|gen|9
|tier|[Gen 9] VGC 2025 Reg H (Bo3)
|rated|
|rule|Species Clause: Limit one of each Pokémon
|rule|Item Clause: Limit 1 of each item
|clearpoke
|poke|p1|Pelipper, L50, F|
|poke|p1|Gholdengo, L50|
|poke|p1|Basculegion, L50, M|
|poke|p1|Sneasler, L50, F|
|poke|p1|Garchomp, L50, F|
|poke|p1|Amoonguss, L50, F|
|poke|p2|Ursaluna-Bloodmoon, L50, M|
|poke|p2|Dragonite, L50, M|
|poke|p2|Gholdengo, L50|
|poke|p2|Rillaboom, L50, M|
|poke|p2|Incineroar, L50, F|
|poke|p2|Ninetales-Alola, L50, F|
|teampreview|4
|showteam|p1|Pelipper||CovertCloak|Drizzle|Tailwind,Hurricane,WeatherBall,HelpingHand|||F|||50|,,,,,Grass]Gholdengo||ChoiceSpecs|GoodasGold|MakeItRain,ShadowBall,Thunderbolt,PowerGem||||||50|,,,,,Steel]Basculegion||ChoiceBand|SwiftSwim|AquaJet,LastRespects,FlipTurn,WaveCrash|||M|||50|,,,,,Water]Sneasler||WhiteHerb|Unburden|FakeOut,CloseCombat,DireClaw,ThroatChop|||F|||50|,,,,,Dark]Garchomp||ClearAmulet|RoughSkin|DragonClaw,Earthquake,StompingTantrum,Protect|||F|||50|,,,,,Fire]Amoonguss||SitrusBerry|Regenerator|Spore,PollenPuff,RagePowder,Protect|||F|||50|,,,,,Water
|showteam|p2|Ursaluna-Bloodmoon||LifeOrb|MindsEye|BloodMoon,HyperVoice,EarthPower,Protect|||M|||50|,,,,,Normal]Dragonite||LoadedDice|InnerFocus|ScaleShot,Haze,Tailwind,Protect|||M|||50|,,,,,Fairy]Gholdengo||Leftovers|GoodasGold|MakeItRain,ShadowBall,NastyPlot,Protect||||||50|,,,,,Water]Rillaboom||AssaultVest|GrassySurge|FakeOut,GrassyGlide,WoodHammer,HighHorsepower|||M|||50|,,,,,Fire]Incineroar||SafetyGoggles|Intimidate|FakeOut,FlareBlitz,KnockOff,PartingShot|||F|||50|,,,,,Ghost]Ninetales-Alola||CovertCloak|SnowWarning|Blizzard,IcyWind,AuroraVeil,Encore|||F|||50|,,,,,Fire
|inactive|Battle timer is ON: inactive players will automatically lose when time's up. (requested by bigj009)
|
|t:|1757741774
|teamsize|p1|4
|teamsize|p2|4
|start
|switch|p1a: Sneasler|Sneasler, L50, F|100/100
|switch|p1b: Garchomp|Garchomp, L50, F|100/100
|switch|p2a: Rillaboom|Rillaboom, L50, M|100/100
|switch|p2b: Gholdengo|Gholdengo, L50|100/100
|-fieldstart|move: Grassy Terrain|[from] ability: Grassy Surge|[of] p2a: Rillaboom
|turn|1
|inactive|SlaymonSays has 30 seconds left.
|
|t:|1757741801
|-terastallize|p2b: Gholdengo|Water
|move|p1a: Sneasler|Fake Out|p2a: Rillaboom
|-damage|p2a: Rillaboom|86/100
|move|p1b: Garchomp|Stomping Tantrum|p2b: Gholdengo
|-damage|p2b: Gholdengo|66/100
|cant|p2a: Rillaboom|flinch
|move|p2b: Gholdengo|Nasty Plot|p2b: Gholdengo
|-boost|p2b: Gholdengo|spa|2
|
|-heal|p2a: Rillaboom|92/100|[from] Grassy Terrain
|-heal|p2b: Gholdengo|72/100|[from] Grassy Terrain
|-heal|p2b: Gholdengo|78/100|[from] item: Leftovers
|upkeep
|turn|2
|
|t:|1757741824
|move|p1b: Garchomp|Protect|p1b: Garchomp
|-singleturn|p1b: Garchomp|Protect
|move|p2b: Gholdengo|Protect|p2b: Gholdengo
|-singleturn|p2b: Gholdengo|Protect
|move|p1a: Sneasler|Dire Claw|p2a: Rillaboom
|-supereffective|p2a: Rillaboom
|-damage|p2a: Rillaboom|9/100
|move|p2a: Rillaboom|High Horsepower|p1a: Sneasler
|-supereffective|p1a: Sneasler
|-damage|p1a: Sneasler|0 fnt
|faint|p1a: Sneasler
|
|-heal|p2a: Rillaboom|15/100|[from] Grassy Terrain
|-heal|p2b: Gholdengo|84/100|[from] Grassy Terrain
|-heal|p2b: Gholdengo|91/100|[from] item: Leftovers
|upkeep
|
|t:|1757741838
|switch|p1a: Pelipper|Pelipper, L50, F|100/100
|-weather|RainDance|[from] ability: Drizzle|[of] p1a: Pelipper
|turn|3
|
|t:|1757741858
|move|p1a: Pelipper|Helping Hand|p1b: Garchomp
|-singleturn|p1b: Garchomp|Helping Hand|[of] p1a: Pelipper
|move|p2a: Rillaboom|Grassy Glide|p1a: Pelipper
|-damage|p1a: Pelipper|45/100
|move|p1b: Garchomp|Dragon Claw|p2b: Gholdengo
|-damage|p2b: Gholdengo|28/100
|move|p2b: Gholdengo|Shadow Ball|p1a: Pelipper
|-damage|p1a: Pelipper|0 fnt
|faint|p1a: Pelipper
|
|-weather|RainDance|[upkeep]
|-heal|p2a: Rillaboom|21/100|[from] Grassy Terrain
|-heal|p2b: Gholdengo|34/100|[from] Grassy Terrain
|-heal|p2b: Gholdengo|40/100|[from] item: Leftovers
|upkeep
|
|t:|1757741866
|switch|p1a: Basculegion|Basculegion, L50, M|100/100
|turn|4
|
|t:|1757741881
|-terastallize|p1a: Basculegion|Water
|move|p1a: Basculegion|Aqua Jet|p2a: Rillaboom
|-resisted|p2a: Rillaboom
|-damage|p2a: Rillaboom|0 fnt
|faint|p2a: Rillaboom
|move|p1b: Garchomp|Dragon Claw|p2b: Gholdengo
|-crit|p2b: Gholdengo
|-damage|p2b: Gholdengo|0 fnt
|faint|p2b: Gholdengo
|
|-weather|RainDance|[upkeep]
|upkeep
|
|t:|1757741890
|switch|p2a: Incineroar|Incineroar, L50, F|100/100
|switch|p2b: Ursaluna|Ursaluna-Bloodmoon, L50, M|100/100
|-ability|p2a: Incineroar|Intimidate|boost
|-unboost|p1a: Basculegion|atk|1
|-fail|p1b: Garchomp|unboost|[from] item: Clear Amulet|[of] p1b: Garchomp
|turn|5
|
|t:|1757741897
|move|p2a: Incineroar|Fake Out|p1a: Basculegion
|-damage|p1a: Basculegion|86/100
|cant|p1a: Basculegion|flinch
|move|p1b: Garchomp|Stomping Tantrum|p2a: Incineroar
|-supereffective|p2a: Incineroar
|-damage|p2a: Incineroar|28/100
|move|p2b: Ursaluna|Blood Moon|p1a: Basculegion
|-damage|p1a: Basculegion|0 fnt
|faint|p1a: Basculegion
|-damage|p2b: Ursaluna|91/100|[from] item: Life Orb
|
|-weather|RainDance|[upkeep]
|-heal|p2a: Incineroar|34/100|[from] Grassy Terrain
|-heal|p2b: Ursaluna|97/100|[from] Grassy Terrain
|-fieldend|move: Grassy Terrain
|upkeep
|turn|6
|
|t:|1757741904
|move|p1b: Garchomp|Earthquake|p2b: Ursaluna|[spread] p2a,p2b
|-supereffective|p2a: Incineroar
|-damage|p2a: Incineroar|0 fnt
|-damage|p2b: Ursaluna|71/100
|faint|p2a: Incineroar
|move|p2b: Ursaluna|Hyper Voice|p1b: Garchomp
|-damage|p1b: Garchomp|33/100
|-damage|p2b: Ursaluna|61/100|[from] item: Life Orb
|
|-weather|RainDance|[upkeep]
|upkeep
|turn|7
|
|t:|1757741909
|move|p1b: Garchomp|Earthquake|p2b: Ursaluna
|-damage|p2b: Ursaluna|23/100
|move|p2b: Ursaluna|Blood Moon|p1b: Garchomp
|-damage|p1b: Garchomp|0 fnt
|faint|p1b: Garchomp
|-damage|p2b: Ursaluna|13/100|[from] item: Life Orb
|
|win|SlaymonSays
|raw|bigj009's rating: 1245 → 1225(-20 for losing)
|raw|SlaymonSays's rating: 1318 → 1334(+16 for winning)
|l|☆SlaymonSays
|player|p2|
|l|☆bigj009
|player|p1|
