|j|☆valxrie
|j|☆tidal otter
|html|valxrietidal otter    
|uhtml|bestof|Game 3 of a best-of-3
|t:|1784490115
|gametype|doubles
|player|p1|valxrie|101|
|player|p2|tidal otter|siebold|
|gen|9
|tier|[Gen 9 Champions] VGC 2026 Reg M-B (Bo3)
|rule|Species Clause: Limit one of each Pokémon
|rule|Item Clause: Limit 1 of each item
|clearpoke
|poke|p1|Garchomp, L50, F|
|poke|p1|Sableye, L50, F|
|poke|p1|Metagross, L50|
|poke|p1|Delphox, L50, F|
|poke|p1|Sneasler, L50, F|
|poke|p1|Floette-Eternal, L50, F|
|poke|p2|Charizard, L50, M|
|poke|p2|Venusaur, L50, F|
|poke|p2|Annihilape, L50, M|
|poke|p2|Maushold, L50|
|poke|p2|Grimmsnarl, L50, M|
|poke|p2|Glimmora, L50, F|
|teampreview|4
|showteam|p1|Garchomp||ChoiceScarf|RoughSkin|Earthquake,RockSlide,DragonClaw,FireBlast|Naive||F|||50|]Sableye||RoseliBerry|Prankster|FakeOut,Encore,KnockOff,WillOWisp|Careful||F|||50|]Metagross||Metagrossite|ClearBody|MeteorMash,PsychicFangs,RockSlide,BulletPunch|Jolly|||||50|]Delphox||Delphoxite|Blaze|HeatWave,Psychic,Overheat,DazzlingGleam|Timid||F|||50|]Sneasler||WhiteHerb|Unburden|UpperHand,CloseCombat,DireClaw,FakeOut|Adamant||F|||50|]Floette-Eternal||LifeOrb|Symbiosis|Synthesis,LightofRuin,EnergyBall,Trailblaze|Hasty||F|||50|
|showteam|p2|Charizard||CharizarditeY|Blaze|HeatWave,SolarBeam,WeatherBall,Protect|Timid||M|||50|]Venusaur||LifeOrb|Chlorophyll|EarthPower,GigaDrain,SleepPowder,Protect|Modest||F|||50|]Annihilape||Leftovers|Defiant|RageFist,DrainPunch,BulkUp,Protect|Adamant||M|||50|]Maushold||ChopleBerry|FriendGuard|BeatUp,SuperFang,FollowMe,Protect|Jolly|||||50|]Grimmsnarl||LightClay|Prankster|FakeOut,LightScreen,Reflect,SpiritBreak|Adamant||M|||50|]Glimmora||FocusSash|ToxicDebris|PowerGem,SludgeBomb,DazzlingGleam,SpikyShield|Timid||F|||50|
|j| Milkshook♡
|
|t:|1784490168
|teamsize|p1|4
|teamsize|p2|4
|start
|switch|p1a: Metagross|Metagross, L50|100/100
|switch|p1b: Sneasler|Sneasler, L50, F|100/100
|switch|p2a: Igneel|Charizard, L50, M|100/100
|switch|p2b: Aldoron|Venusaur, L50, F|100/100
|turn|1
|
|t:|1784490184
|move|p2a: Igneel|Protect|p2a: Igneel
|-singleturn|p2a: Igneel|Protect
|move|p2b: Aldoron|Protect|p2b: Aldoron
|-singleturn|p2b: Aldoron|Protect
|move|p1b: Sneasler|Fake Out|p2a: Igneel
|-activate|p2a: Igneel|move: Protect
|move|p1a: Metagross|Psychic Fangs|p2b: Aldoron
|-activate|p2b: Aldoron|move: Protect
|
|upkeep
|turn|2
|
|t:|1784490208
|detailschange|p2a: Igneel|Charizard-Mega-Y, L50, M
|-mega|p2a: Igneel|Charizard|Charizardite Y
|-weather|SunnyDay|[from] ability: Drought|[of] p2a: Igneel
|move|p2b: Aldoron|Sleep Powder|p1b: Sneasler
|-status|p1b: Sneasler|slp|[from] move: Sleep Powder
|cant|p1b: Sneasler|slp
|move|p2a: Igneel|Weather Ball|p1a: Metagross
|-supereffective|p1a: Metagross|1
|-damage|p1a: Metagross|0 fnt
|faint|p1a: Metagross
|
|-weather|SunnyDay|[upkeep]
|upkeep
|
|t:|1784490217
|switch|p1a: Delphox|Delphox, L50, F|100/100
|turn|3
|
|t:|1784490224
|detailschange|p1a: Delphox|Delphox-Mega, L50, F
|-mega|p1a: Delphox|Delphox|Delphoxite
|move|p2b: Aldoron|Sleep Powder|p1a: Delphox
|-status|p1a: Delphox|slp|[from] move: Sleep Powder
|cant|p1a: Delphox|slp
|cant|p1b: Sneasler|slp
|move|p2a: Igneel|Heat Wave|p1b: Sneasler|[spread] p1a,p1b
|-resisted|p1a: Delphox|1
|-damage|p1a: Delphox|68/100 slp
|-damage|p1b: Sneasler|17/100 slp
|
|-weather|SunnyDay|[upkeep]
|upkeep
|turn|4
|
|t:|1784490242
|move|p2b: Aldoron|Earth Power|p1b: Sneasler
|-supereffective|p1b: Sneasler|1
|-damage|p1b: Sneasler|0 fnt
|faint|p1b: Sneasler
|-damage|p2b: Aldoron|90/100|[from] item: Life Orb
|cant|p1a: Delphox|slp
|move|p2a: Igneel|Weather Ball|p1a: Delphox
|-resisted|p1a: Delphox|1
|-damage|p1a: Delphox|24/100 slp
|
|-weather|SunnyDay|[upkeep]
|upkeep
|j| frostwandered
|
|t:|1784490250
|switch|p1b: Garchomp|Garchomp, L50, F|100/100
|turn|5
|
|t:|1784490259
|move|p2b: Aldoron|Sleep Powder|p1b: Garchomp|[miss]
|-miss|p2b: Aldoron|p1b: Garchomp
|move|p1b: Garchomp|Rock Slide|p2b: Aldoron|[spread] p2a,p2b
|-supereffective|p2a: Igneel|2
|-crit|p2a: Igneel
|-damage|p2a: Igneel|0 fnt
|-damage|p2b: Aldoron|66/100
|faint|p2a: Igneel
|-curestatus|p1a: Delphox|slp|[msg]
|move|p1a: Delphox|Heat Wave|p2b: Aldoron
|-supereffective|p2b: Aldoron|1
|-damage|p2b: Aldoron|0 fnt
|faint|p2b: Aldoron
|
|-weather|SunnyDay|[upkeep]
|upkeep
|
|t:|1784490265
|switch|p2a: Skiadrum|Annihilape, L50, M|100/100
|switch|p2b: Elefseria|Maushold, L50|100/100
|turn|6
|
|t:|1784490281
|move|p2b: Elefseria|Follow Me|p2b: Elefseria
|-singleturn|p2b: Elefseria|move: Follow Me
|move|p1b: Garchomp|Rock Slide|p2b: Elefseria|[spread] p2a,p2b
|-resisted|p2a: Skiadrum|1
|-damage|p2a: Skiadrum|93/100
|-damage|p2b: Elefseria|74/100
|move|p1a: Delphox|Dazzling Gleam|p2a: Skiadrum|[spread] p2a,p2b
|-supereffective|p2a: Skiadrum|1
|-crit|p2a: Skiadrum
|-damage|p2a: Skiadrum|41/100
|-damage|p2b: Elefseria|43/100
|cant|p2a: Skiadrum|flinch
|
|-weather|none
|-heal|p2a: Skiadrum|47/100|[from] item: Leftovers
|upkeep
|turn|7
|c| Milkshook♡|...
|c|☆tidal otter|dawg
|c|☆valxrie|mb
|
|t:|1784490301
|move|p2b: Elefseria|Protect|p2b: Elefseria
|-singleturn|p2b: Elefseria|Protect
|move|p2a: Skiadrum|Protect|p2a: Skiadrum
|-singleturn|p2a: Skiadrum|Protect
|move|p1b: Garchomp|Rock Slide|p2b: Elefseria|[spread] 
|-activate|p2a: Skiadrum|move: Protect
|-activate|p2b: Elefseria|move: Protect
|move|p1a: Delphox|Dazzling Gleam|p2b: Elefseria|[spread] 
|-activate|p2a: Skiadrum|move: Protect
|-activate|p2b: Elefseria|move: Protect
|
|-heal|p2a: Skiadrum|53/100|[from] item: Leftovers
|upkeep
|turn|8
|
|t:|1784490352
|move|p1b: Garchomp|Rock Slide|p2b: Elefseria|[spread] p2a,p2b
|-resisted|p2a: Skiadrum|1
|-damage|p2a: Skiadrum|46/100
|-damage|p2b: Elefseria|19/100
|move|p1a: Delphox|Dazzling Gleam|p2a: Skiadrum|[spread] p2a,p2b
|-supereffective|p2a: Skiadrum|1
|-damage|p2a: Skiadrum|16/100
|-damage|p2b: Elefseria|0 fnt
|faint|p2b: Elefseria
|move|p2a: Skiadrum|Rage Fist|p1a: Delphox
|-supereffective|p1a: Delphox|1
|-damage|p1a: Delphox|0 fnt
|faint|p1a: Delphox
|
|-heal|p2a: Skiadrum|22/100|[from] item: Leftovers
|upkeep
|turn|9
|
|t:|1784490362
|move|p2a: Skiadrum|Protect|p2a: Skiadrum
|-singleturn|p2a: Skiadrum|Protect
|move|p1b: Garchomp|Rock Slide|p2a: Skiadrum
|-activate|p2a: Skiadrum|move: Protect
|
|-heal|p2a: Skiadrum|28/100|[from] item: Leftovers
|upkeep
|turn|10
|
|t:|1784490370
|move|p1b: Garchomp|Rock Slide|p2a: Skiadrum
|-resisted|p2a: Skiadrum|1
|-damage|p2a: Skiadrum|15/100
|move|p2a: Skiadrum|Rage Fist|p1b: Garchomp
|-damage|p1b: Garchomp|0 fnt
|-damage|p2a: Skiadrum|2/100|[from] ability: Rough Skin|[of] p1b: Garchomp
|faint|p1b: Garchomp
|
|win|tidal otter
|c|☆tidal otter|gg
|c|☆valxrie|gg
|l| frostwandered
|l|☆valxrie
|player|p1|
