|j|☆HMSP_Moldy
|j|☆vossangus
|html|HMSP_Moldyvossangus    
|uhtml|bestof|Game 3 of a best-of-3
|t:|1785290178
|gametype|doubles
|player|p1|HMSP_Moldy|backersf|
|player|p2|vossangus|flannery|
|gen|9
|tier|[Gen 9 Champions] VGC 2026 Reg M-B (Bo3)
|rule|Species Clause: Limit one of each Pokémon
|rule|Item Clause: Limit 1 of each item
|clearpoke
|poke|p1|Garchomp, L50, M|
|poke|p1|Basculegion, L50, M|
|poke|p1|Dragonite, L50, F|
|poke|p1|Scovillain, L50, F|
|poke|p1|Gholdengo, L50|
|poke|p1|Sylveon, L50, M|
|poke|p2|Staraptor, L50, M|
|poke|p2|Scrafty, L50, M|
|poke|p2|Farigiraf, L50, M|
|poke|p2|Mawile, L50, M|
|poke|p2|Torkoal, L50, M|
|poke|p2|Vileplume, L50, M|
|teampreview|4
|showteam|p1|Garchomp||LifeOrb|RoughSkin|StompingTantrum,DragonClaw,RockSlide,Protect|Jolly||M|||50|]Basculegion||SitrusBerry|Adaptability|WaveCrash,AquaJet,LastRespects,Protect|Adamant||M|||50|]Dragonite||Dragoninite|InnerFocus|DracoMeteor,AirSlash,Tailwind,Haze|Timid||F|||50|]Scovillain||Scovillainite|Chlorophyll|Overheat,LeechSeed,RagePowder,Protect|Bold||F|||50|]Gholdengo||FocusSash|GoodasGold|MakeItRain,ShadowBall,PowerGem,Protect|Timid|||||50|]Sylveon||FairyFeather|Pixilate|HyperVoice,QuickAttack,Yawn,Protect|Modest||M|||50|
|showteam|p2|Staraptor||ChoiceScarf|Intimidate|BraveBird,FinalGambit,Uturn,CloseCombat|Jolly||M|||50|]Scrafty||LifeOrb|Moxie|KnockOff,DrainPunch,FakeOut,CloseCombat|Brave||M|||50|]Farigiraf||SitrusBerry|ArmorTail|Psychic,Thunderbolt,TrickRoom,Protect|Bold||M|||50|]Mawile||Mawilite|Intimidate|RockSlide,PlayRough,SuckerPunch,Protect|Brave||M|||50|]Torkoal||Charcoal|Drought|Eruption,WeatherBall,HeatWave,Protect|Quiet||M|||50|]Vileplume||WideLens|Chlorophyll|AfterYou,SludgeBomb,SleepPowder,LeafStorm|Timid||M|||50|
|
|t:|1785290224
|teamsize|p1|4
|teamsize|p2|4
|start
|switch|p1a: Scovillain|Scovillain, L50, F|100/100
|switch|p1b: Gholdengo|Gholdengo, L50|100/100
|switch|p2a: Farigiraf|Farigiraf, L50, M|100/100
|switch|p2b: Scrafty|Scrafty, L50, M|100/100
|turn|1
|
|t:|1785290260
|detailschange|p1a: Scovillain|Scovillain-Mega, L50, F
|-mega|p1a: Scovillain|Scovillain|Scovillainite
|move|p2b: Scrafty|Fake Out|p1a: Scovillain
|-damage|p1a: Scovillain|87/100
|-status|p2b: Scrafty|brn|[from] ability: Spicy Spray|[of] p1a: Scovillain
|-damage|p2b: Scrafty|90/100 brn|[from] item: Life Orb
|cant|p1a: Scovillain|flinch
|move|p1b: Gholdengo|Make It Rain|p2b: Scrafty|[spread] p2a,p2b
|-crit|p2a: Farigiraf
|-damage|p2a: Farigiraf|27/100
|-damage|p2b: Scrafty|44/100 brn
|-unboost|p1b: Gholdengo|spa|2
|-enditem|p2a: Farigiraf|Sitrus Berry|[eat]
|-heal|p2a: Farigiraf|52/100|[from] item: Sitrus Berry
|move|p2a: Farigiraf|Trick Room|p2a: Farigiraf
|-fieldstart|move: Trick Room|[of] p2a: Farigiraf
|
|-damage|p2b: Scrafty|38/100 brn|[from] brn
|upkeep
|turn|2
|
|t:|1785290296
|move|p2b: Scrafty|Knock Off|p1b: Gholdengo
|-supereffective|p1b: Gholdengo|1
|-damage|p1b: Gholdengo|35/100
|-enditem|p1b: Gholdengo|Focus Sash|[from] move: Knock Off|[of] p2b: Scrafty
|-damage|p2b: Scrafty|29/100 brn|[from] item: Life Orb
|move|p2a: Farigiraf|Psychic|p1a: Scovillain
|-damage|p1a: Scovillain|46/100
|-status|p2a: Farigiraf|brn|[from] ability: Spicy Spray|[of] p1a: Scovillain
|move|p1a: Scovillain|Leech Seed|p2a: Farigiraf
|-start|p2a: Farigiraf|move: Leech Seed
|move|p1b: Gholdengo|Make It Rain|p2b: Scrafty|[spread] p2a,p2b
|-damage|p2a: Farigiraf|31/100 brn
|-damage|p2b: Scrafty|7/100 brn
|-unboost|p1b: Gholdengo|spa|2
|
|-damage|p2a: Farigiraf|19/100 brn|[from] Leech Seed|[of] p1a: Scovillain
|-heal|p1a: Scovillain|62/100|[silent]
|-damage|p2b: Scrafty|1/100 brn|[from] brn
|-damage|p2a: Farigiraf|13/100 brn|[from] brn
|upkeep
|turn|3
|
|t:|1785290316
|move|p1a: Scovillain|Protect|p1a: Scovillain
|-singleturn|p1a: Scovillain|Protect
|move|p1b: Gholdengo|Protect|p1b: Gholdengo
|-singleturn|p1b: Gholdengo|Protect
|move|p2b: Scrafty|Knock Off|p1b: Gholdengo
|-activate|p1b: Gholdengo|move: Protect
|move|p2a: Farigiraf|Psychic|p1a: Scovillain
|-activate|p1a: Scovillain|move: Protect
|
|-damage|p2a: Farigiraf|1/100 brn|[from] Leech Seed|[of] p1a: Scovillain
|-heal|p1a: Scovillain|77/100|[silent]
|-damage|p2b: Scrafty|0 fnt|[from] brn
|faint|p2b: Scrafty
|-damage|p2a: Farigiraf|0 fnt|[from] brn
|faint|p2a: Farigiraf
|upkeep
|
|t:|1785290330
|switch|p2b: Torkoal|Torkoal, L50, M|100/100
|switch|p2a: Mawile|Mawile, L50, M|100/100
|-weather|SunnyDay|[from] ability: Drought|[of] p2b: Torkoal
|-ability|p2a: Mawile|Intimidate|boost
|-unboost|p1a: Scovillain|atk|1
|-unboost|p1b: Gholdengo|atk|1
|turn|4
|
|t:|1785290359
|detailschange|p2a: Mawile|Mawile-Mega, L50, M
|-mega|p2a: Mawile|Mawile|Mawilite
|move|p2a: Mawile|Protect|p2a: Mawile
|-singleturn|p2a: Mawile|Protect
|move|p1a: Scovillain|Rage Powder|p1a: Scovillain
|-singleturn|p1a: Scovillain|move: Rage Powder
|move|p2b: Torkoal|Eruption|p1b: Gholdengo|[spread] p1a,p1b
|-supereffective|p1b: Gholdengo|1
|-damage|p1a: Scovillain|0 fnt
|-damage|p1b: Gholdengo|0 fnt
|-immune|p2b: Torkoal
|faint|p1a: Scovillain
|faint|p1b: Gholdengo
|
|-weather|SunnyDay|[upkeep]
|upkeep
|
|t:|1785290369
|switch|p1a: Sylveon|Sylveon, L50, M|100/100
|switch|p1b: Basculegion|Basculegion, L50, M|100/100
|turn|5
|
|t:|1785290405
|move|p1b: Basculegion|Protect|p1b: Basculegion
|-singleturn|p1b: Basculegion|Protect
|move|p2a: Mawile|Sucker Punch||[still]
|-fail|p2a: Mawile
|move|p2b: Torkoal|Eruption|p1a: Sylveon|[spread] p1a
|-activate|p1b: Basculegion|move: Protect
|-damage|p1a: Sylveon|40/100
|move|p1a: Sylveon|Hyper Voice|p2b: Torkoal|[spread] p2a,p2b
|-resisted|p2a: Mawile|1
|-resisted|p2b: Torkoal|1
|-damage|p2a: Mawile|73/100
|-damage|p2b: Torkoal|68/100
|
|-weather|SunnyDay|[upkeep]
|-fieldend|move: Trick Room
|upkeep
|turn|6
|
|t:|1785290432
|move|p1b: Basculegion|Protect||[still]
|-fail|p1b: Basculegion
|move|p2a: Mawile|Sucker Punch||[still]
|-fail|p2a: Mawile
|move|p1a: Sylveon|Yawn|p2a: Mawile
|-start|p2a: Mawile|move: Yawn|[of] p1a: Sylveon
|move|p2b: Torkoal|Weather Ball|p1a: Sylveon
|-damage|p1a: Sylveon|0 fnt
|faint|p1a: Sylveon
|
|-weather|SunnyDay|[upkeep]
|upkeep
|turn|7
|
|t:|1785290447
|move|p1b: Basculegion|Protect|p1b: Basculegion
|-singleturn|p1b: Basculegion|Protect
|move|p2a: Mawile|Sucker Punch||[still]
|-fail|p2a: Mawile
|move|p2b: Torkoal|Weather Ball|p1b: Basculegion
|-activate|p1b: Basculegion|move: Protect
|
|-weather|SunnyDay|[upkeep]
|-end|p2a: Mawile|move: Yawn|[silent]
|-status|p2a: Mawile|slp
|upkeep
|turn|8
|
|t:|1785290464
|move|p2b: Torkoal|Protect|p2b: Torkoal
|-singleturn|p2b: Torkoal|Protect
|move|p1b: Basculegion|Last Respects|p2b: Torkoal
|-activate|p2b: Torkoal|move: Protect
|cant|p2a: Mawile|slp
|
|-weather|none
|upkeep
|turn|9
|
|t:|1785290479
|cant|p2a: Mawile|slp
|move|p1b: Basculegion|Last Respects|p2a: Mawile
|-damage|p2a: Mawile|0 fnt
|faint|p2a: Mawile
|move|p2b: Torkoal|Heat Wave|p1b: Basculegion
|-resisted|p1b: Basculegion|1
|-damage|p1b: Basculegion|75/100
|-status|p1b: Basculegion|brn
|
|-damage|p1b: Basculegion|69/100 brn|[from] brn
|upkeep
|turn|10
|j| soulmoonvgc
|
|t:|1785290496
|move|p1b: Basculegion|Wave Crash|p2b: Torkoal
|-supereffective|p2b: Torkoal|1
|-damage|p2b: Torkoal|2/100
|-damage|p1b: Basculegion|50/100y brn|[from] Recoil
|-enditem|p1b: Basculegion|Sitrus Berry|[eat]
|-heal|p1b: Basculegion|74/100 brn|[from] item: Sitrus Berry
|move|p2b: Torkoal|Heat Wave|p1b: Basculegion
|-resisted|p1b: Basculegion|1
|-damage|p1b: Basculegion|52/100 brn
|
|-damage|p1b: Basculegion|46/100 brn|[from] brn
|upkeep
|turn|11
|
|t:|1785290506
|move|p2b: Torkoal|Protect|p2b: Torkoal
|-singleturn|p2b: Torkoal|Protect
|move|p1b: Basculegion|Aqua Jet|p2b: Torkoal
|-activate|p2b: Torkoal|move: Protect
|
|-damage|p1b: Basculegion|40/100 brn|[from] brn
|upkeep
|turn|12
|
|t:|1785290514
|move|p1b: Basculegion|Aqua Jet|p2b: Torkoal
|-supereffective|p2b: Torkoal|1
|-damage|p2b: Torkoal|0 fnt
|faint|p2b: Torkoal
|
|win|HMSP_Moldy
