|j|☆Iceman5687
|j|☆rokotroko
|html|Iceman5687rokotroko    
|uhtml|bestof|Game 1 of a best-of-3
|t:|1784136309
|gametype|doubles
|player|p1|Iceman5687|170|1212
|player|p2|rokotroko|2|1264
|gen|9
|tier|[Gen 9 Champions] VGC 2026 Reg M-B (Bo3)
|rated|
|rule|Species Clause: Limit one of each Pokémon
|rule|Item Clause: Limit 1 of each item
|clearpoke
|poke|p1|Charizard, L50, M|
|poke|p1|Grimmsnarl, L50, M|
|poke|p1|Pelipper, L50, F|
|poke|p1|Archaludon, L50, M|
|poke|p1|Basculegion, L50, M|
|poke|p1|Venusaur, L50, M|
|poke|p2|Charizard, L50, F|
|poke|p2|Whimsicott, L50, M|
|poke|p2|Umbreon, L50, M|
|poke|p2|Sneasler, L50, F|
|poke|p2|Gardevoir, L50, F|
|poke|p2|Basculegion, L50, M|
|teampreview|4
|showteam|p1|Charizard||CharizarditeY|Blaze|Protect,HeatWave,WeatherBall,SolarBeam|Modest||M|||50|]Grimmsnarl||LightClay|Prankster|SpiritBreak,Reflect,LightScreen,PartingShot|Sassy||M|||50|]Pelipper||SitrusBerry|Drizzle|Hurricane,WeatherBall,Tailwind,WideGuard|Modest||F|||50|]Archaludon||Leftovers|Stamina|Protect,ElectroShot,DragonPulse,FlashCannon|Calm||M|||50|]Basculegion||ChoiceScarf|Adaptability|FlipTurn,WaveCrash,AquaJet,LastRespects|Jolly||M|||50|]Venusaur||FocusSash|Chlorophyll|Protect,SleepPowder,SludgeBomb,EarthPower|Modest||M|||50|
|showteam|p2|Charizard||CharizarditeY|Blaze|SolarBeam,WeatherBall,HeatWave,Protect|Timid||F|||50|]Whimsicott||FocusSash|Prankster|Moonblast,Encore,Tailwind,SunnyDay|Timid||M|||50|]Umbreon||SitrusBerry|InnerFocus|FoulPlay,Taunt,Snarl,Moonlight|Bold||M|||50|]Sneasler||WhiteHerb|Unburden|DireClaw,CloseCombat,Protect,QuickGuard|Jolly||F|||50|]Gardevoir||Gardevoirite|Synchronize|Psychic,HyperVoice,TrickRoom,Protect|Modest||F|||50|]Basculegion||ChoiceScarf|Adaptability|LastRespects,WaveCrash,AquaJet,FlipTurn|Jolly||M|||50|
|inactive|Battle timer is ON: inactive players will automatically lose when time's up. (requested by rokotroko)
|inactive|rokotroko has 60 seconds left.
|inactive|rokotroko has 30 seconds left.
|inactive|rokotroko has 20 seconds left.
|inactive|rokotroko has 15 seconds left.
|inactive|rokotroko has 10 seconds left.
|inactive|rokotroko has 5 seconds left.
|
|t:|1784136434
|teamsize|p1|4
|teamsize|p2|4
|start
|switch|p1a: Pelipper|Pelipper, L50, F|100/100
|switch|p1b: Grimmsnarl|Grimmsnarl, L50, M|100/100
|switch|p2a: Whimsicott|Whimsicott, L50, M|100/100
|switch|p2b: Umbreon|Umbreon, L50, M|100/100
|-weather|RainDance|[from] ability: Drizzle|[of] p1a: Pelipper
|turn|1
|inactive|Iceman5687 has 30 seconds left.
|inactive|Iceman5687 has 20 seconds left.
|
|t:|1784136473
|move|p2a: Whimsicott|Tailwind|p2a: Whimsicott
|-sidestart|p2: rokotroko|move: Tailwind
|move|p2b: Umbreon|Taunt|p1b: Grimmsnarl
|-start|p1b: Grimmsnarl|move: Taunt
|move|p1a: Pelipper|Tailwind|p1a: Pelipper
|-sidestart|p1: Iceman5687|move: Tailwind
|move|p1b: Grimmsnarl|Spirit Break|p2b: Umbreon
|-supereffective|p2b: Umbreon|1
|-damage|p2b: Umbreon|54/100
|-unboost|p2b: Umbreon|spa|1
|
|-weather|RainDance|[upkeep]
|upkeep
|turn|2
|
|t:|1784136489
|switch|p1a: Charizard|Charizard, L50, M|100/100
|move|p2a: Whimsicott|Sunny Day|p2a: Whimsicott
|-weather|SunnyDay
|move|p2b: Umbreon|Moonlight|p2b: Umbreon
|-heal|p2b: Umbreon|100/100
|move|p1b: Grimmsnarl|Spirit Break|p2b: Umbreon
|-supereffective|p2b: Umbreon|1
|-damage|p2b: Umbreon|54/100
|-unboost|p2b: Umbreon|spa|1
|
|-weather|SunnyDay|[upkeep]
|upkeep
|turn|3
|
|t:|1784136509
|detailschange|p1a: Charizard|Charizard-Mega-Y, L50, M
|-mega|p1a: Charizard|Charizard|Charizardite Y
|move|p2a: Whimsicott|Moonblast|p1b: Grimmsnarl
|-supereffective|p1b: Grimmsnarl|1
|-damage|p1b: Grimmsnarl|37/100
|move|p1a: Charizard|Heat Wave|p2b: Umbreon|[spread] p2a,p2b
|-supereffective|p2a: Whimsicott|1
|-enditem|p2a: Whimsicott|Focus Sash
|-damage|p2a: Whimsicott|1/100
|-damage|p2b: Umbreon|15/100
|-enditem|p2b: Umbreon|Sitrus Berry|[eat]
|-heal|p2b: Umbreon|40/100|[from] item: Sitrus Berry
|move|p2b: Umbreon|Snarl|p1b: Grimmsnarl|[spread] p1a,p1b
|-resisted|p1b: Grimmsnarl|2
|-damage|p1a: Charizard|94/100
|-damage|p1b: Grimmsnarl|36/100
|-unboost|p1a: Charizard|spa|1
|-unboost|p1b: Grimmsnarl|spa|1
|move|p1b: Grimmsnarl|Spirit Break|p2a: Whimsicott
|-damage|p2a: Whimsicott|0 fnt
|faint|p2a: Whimsicott
|
|-weather|SunnyDay|[upkeep]
|-end|p1b: Grimmsnarl|move: Taunt
|upkeep
|inactive|rokotroko has 30 seconds left.
|
|t:|1784136534
|switch|p2a: Gardevoir|Gardevoir, L50, F|100/100
|turn|4
|
|t:|1784136545
|detailschange|p2a: Gardevoir|Gardevoir-Mega, L50, F
|-mega|p2a: Gardevoir|Gardevoir|Gardevoirite
|move|p2a: Gardevoir|Protect|p2a: Gardevoir
|-singleturn|p2a: Gardevoir|Protect
|move|p1b: Grimmsnarl|Parting Shot|p2a: Gardevoir
|-activate|p2a: Gardevoir|move: Protect
|move|p1a: Charizard|Heat Wave|p2b: Umbreon|[spread] p2b
|-activate|p2a: Gardevoir|move: Protect
|-damage|p2b: Umbreon|16/100
|move|p2b: Umbreon|Snarl|p1b: Grimmsnarl|[spread] p1a,p1b
|-resisted|p1b: Grimmsnarl|2
|-damage|p1a: Charizard|90/100
|-damage|p1b: Grimmsnarl|35/100
|-unboost|p1a: Charizard|spa|1
|-unboost|p1b: Grimmsnarl|spa|1
|
|-weather|SunnyDay|[upkeep]
|-sideend|p1: Iceman5687|move: Tailwind
|-sideend|p2: rokotroko|move: Tailwind
|upkeep
|turn|5
|
|t:|1784136570
|switch|p1a: Pelipper|Pelipper, L50, F|100/100
|-weather|RainDance|[from] ability: Drizzle|[of] p1a: Pelipper
|move|p1b: Grimmsnarl|Light Screen|p1b: Grimmsnarl
|-sidestart|p1: Iceman5687|move: Light Screen
|move|p2a: Gardevoir|Psychic|p1a: Pelipper
|-damage|p1a: Pelipper|53/100
|move|p2b: Umbreon|Moonlight|p2b: Umbreon
|-heal|p2b: Umbreon|41/100
|
|-weather|RainDance|[upkeep]
|upkeep
|turn|6
|inactive|rokotroko has 30 seconds left.
|
|t:|1784136600
|move|p1b: Grimmsnarl|Parting Shot|p2a: Gardevoir
|-unboost|p2a: Gardevoir|atk|1
|-unboost|p2a: Gardevoir|spa|1
|
|t:|1784136607
|switch|p1b: Charizard|Charizard-Mega-Y, L50, M|90/100|[from] Parting Shot
|-weather|SunnyDay|[from] ability: Drought|[of] p1b: Charizard
|move|p2a: Gardevoir|Hyper Voice|p1a: Pelipper|[spread] p1a,p1b
|-resisted|p1b: Charizard|1
|-damage|p1a: Pelipper|23/100
|-damage|p1b: Charizard|78/100
|-enditem|p1a: Pelipper|Sitrus Berry|[eat]
|-heal|p1a: Pelipper|48/100|[from] item: Sitrus Berry
|move|p1a: Pelipper|Weather Ball|p2b: Umbreon
|-damage|p2b: Umbreon|20/100y
|move|p2b: Umbreon|Foul Play|p1a: Pelipper
|-damage|p1a: Pelipper|31/100
|
|-weather|SunnyDay|[upkeep]
|upkeep
|turn|7
|
|t:|1784136628
|move|p1b: Charizard|Heat Wave|p2a: Gardevoir|[spread] p2a,p2b
|-damage|p2a: Gardevoir|51/100
|-damage|p2b: Umbreon|0 fnt
|faint|p2b: Umbreon
|move|p2a: Gardevoir|Psychic|p1b: Charizard
|-damage|p1b: Charizard|50/100g
|move|p1a: Pelipper|Tailwind|p1a: Pelipper
|-sidestart|p1: Iceman5687|move: Tailwind
|
|-weather|SunnyDay|[upkeep]
|upkeep
|
|t:|1784136636
|switch|p2b: Basculegion|Basculegion, L50, M|100/100
|turn|8
|
|t:|1784136646
|switch|p1a: Grimmsnarl|Grimmsnarl, L50, M|35/100
|move|p1b: Charizard|Solar Beam||[still]
|-prepare|p1b: Charizard|Solar Beam
|-anim|p1b: Charizard|Solar Beam|p2b: Basculegion
|-supereffective|p2b: Basculegion|1
|-damage|p2b: Basculegion|0 fnt
|faint|p2b: Basculegion
|move|p2a: Gardevoir|Psychic|p1b: Charizard
|-damage|p1b: Charizard|24/100
|
|-weather|SunnyDay|[upkeep]
|upkeep
|turn|9
|
|t:|1784136659
|move|p1b: Charizard|Weather Ball|p2a: Gardevoir
|-damage|p2a: Gardevoir|0 fnt
|faint|p2a: Gardevoir
|
|win|Iceman5687
