|j|☆dracojackson
|j|☆Como Se Dice Ben
|html|dracojacksonComo Se Dice Ben    
|uhtml|bestof|Game 1 of a best-of-3
|t:|1756749997
|gametype|doubles
|player|p1|dracojackson|hilbert|
|player|p2|Como Se Dice Ben|toddsnap2|
|gen|9
|tier|[Gen 9] VGC 2025 Reg H (Bo3)
|rule|Species Clause: Limit one of each Pokémon
|rule|Item Clause: Limit 1 of each item
|clearpoke
|poke|p1|Porygon2, L50|
|poke|p1|Incineroar, L50, M|
|poke|p1|Ursaluna, L50, F|
|poke|p1|Amoonguss, L50, F|
|poke|p1|Gholdengo, L50|
|poke|p1|Dragonite, L50, M|
|poke|p2|Weezing-Galar, L50, F|
|poke|p2|Toedscruel, L50, M|
|poke|p2|Annihilape, L50, F|
|poke|p2|Typhlosion-Hisui, L50, M|
|poke|p2|Sneasler, L50, F|
|poke|p2|Corviknight, L50, F|
|teampreview|4
|showteam|p1|Porygon2||Eviolite|Download|TeraBlast,IceBeam,Recover,TrickRoom||||||50|,,,,,Fighting]Incineroar||SafetyGoggles|Intimidate|FakeOut,KnockOff,FlareBlitz,PartingShot|||M|||50|,,,,,Ghost]Ursaluna||FlameOrb|Guts|HeadlongRush,Facade,Earthquake,Protect|||F|||50|,,,,,Ghost]Amoonguss||SitrusBerry|Regenerator|PollenPuff,Spore,RagePowder,Protect|||F|||50|,,,,,Water]Gholdengo||LifeOrb|GoodasGold|MakeItRain,ShadowBall,NastyPlot,Protect||||||50|,,,,,Dragon]Dragonite||LoadedDice|Multiscale|ScaleShot,Haze,Tailwind,Protect|||M|||50|,,,,,Steel
|showteam|p2|Weezing-Galar||ChoiceSpecs|NeutralizingGas|DazzlingGleam,SludgeBomb,StrangeSteam,Flamethrower|||F|||50|,,,,,Flying]Toedscruel||CovertCloak|MyceliumMight|Spore,EarthPower,AcidSpray,BulletSeed|||M|||50|,,,,,Water]Annihilape||AssaultVest|Defiant|RageFist,DrainPunch,CloseCombat,FinalGambit|||F|||50|,,,,,Fire]Typhlosion-Hisui||ChoiceScarf|Frisk|Eruption,HeatWave,Overheat,InfernalParade|||M|||50|,,,,,Fire]Sneasler||LifeOrb|PoisonTouch|DireClaw,CloseCombat,ThroatChop,Protect|||F|||50|,,,,,Stellar]Corviknight||SitrusBerry|MirrorArmor|BraveBird,Tailwind,Roost,Protect|||F|||50|,,,,,Dragon
|
|t:|1756750057
|teamsize|p1|4
|teamsize|p2|4
|start
|switch|p1a: Tomato|Incineroar, L50, M|100/100
|switch|p1b: LaFawnduh|Amoonguss, L50, F, shiny|100/100
|switch|p2a: Weezing|Weezing-Galar, L50, F|100/100
|switch|p2b: Sneasler|Sneasler, L50, F, shiny|100/100
|-ability|p2a: Weezing|Neutralizing Gas
|turn|1
|
|t:|1756750078
|switch|p2b: Annihilape|Annihilape, L50, F, shiny|100/100
|switch|p1b: IGOR|Ursaluna, L50, F, shiny|100/100
|move|p1a: Tomato|Fake Out|p2a: Weezing
|-damage|p2a: Weezing|87/100
|cant|p2a: Weezing|flinch
|
|-status|p1b: IGOR|brn|[from] item: Flame Orb
|upkeep
|turn|2
|
|t:|1756750155
|-end|p2a: Weezing|ability: Neutralizing Gas
|-ability|p1a: Tomato|Intimidate|boost
|-unboost|p2a: Weezing|atk|1
|-unboost|p2b: Annihilape|atk|1
|-ability|p2b: Annihilape|Defiant|boost
|-boost|p2b: Annihilape|atk|2
|switch|p2a: Toedscruel|Toedscruel, L50, M|100/100
|-terastallize|p1b: IGOR|Ghost
|move|p2b: Annihilape|Close Combat|p1b: IGOR
|-immune|p1b: IGOR
|move|p1a: Tomato|Knock Off|p2a: Toedscruel
|-damage|p2a: Toedscruel|37/100
|-enditem|p2a: Toedscruel|Covert Cloak|[from] move: Knock Off|[of] p1a: Tomato
|move|p1b: IGOR|Facade|p2a: Toedscruel
|-damage|p2a: Toedscruel|0 fnt
|faint|p2a: Toedscruel
|
|-damage|p1b: IGOR|95/100 brn|[from] brn
|upkeep
|
|t:|1756750177
|switch|p2a: Sneasler|Sneasler, L50, F, shiny|100/100
|turn|3
|
|t:|1756750202
|switch|p1a: LaFawnduh|Amoonguss, L50, F, shiny|100/100
|-terastallize|p2a: Sneasler|Stellar
|move|p1b: IGOR|Protect|p1b: IGOR
|-singleturn|p1b: IGOR|Protect
|move|p2a: Sneasler|Throat Chop|p1b: IGOR
|-activate|p1b: IGOR|move: Protect
|move|p2b: Annihilape|Close Combat|p1a: LaFawnduh
|-resisted|p1a: LaFawnduh
|-damage|p1a: LaFawnduh|69/100
|-unboost|p2b: Annihilape|def|1
|-unboost|p2b: Annihilape|spd|1
|
|-damage|p1b: IGOR|89/100 brn|[from] brn
|upkeep
|turn|4
|
|t:|1756750227
|move|p1a: LaFawnduh|Rage Powder|p1a: LaFawnduh
|-singleturn|p1a: LaFawnduh|move: Rage Powder
|move|p2a: Sneasler|Dire Claw|p1a: LaFawnduh
|-damage|p1a: LaFawnduh|7/100
|-status|p1a: LaFawnduh|par
|-enditem|p1a: LaFawnduh|Sitrus Berry|[eat]
|-heal|p1a: LaFawnduh|32/100 par|[from] item: Sitrus Berry
|-damage|p2a: Sneasler|91/100|[from] item: Life Orb
|move|p2b: Annihilape|Rage Fist|p1a: LaFawnduh
|-damage|p1a: LaFawnduh|6/100 par
|move|p1b: IGOR|Facade|p2a: Sneasler
|-crit|p2a: Sneasler
|-damage|p2a: Sneasler|0 fnt
|faint|p2a: Sneasler
|
|-damage|p1b: IGOR|83/100 brn|[from] brn
|upkeep
|
|t:|1756750237
|switch|p2a: Weezing|Weezing-Galar, L50, F|87/100
|-ability|p2a: Weezing|Neutralizing Gas
|turn|5
|
|t:|1756750271
|move|p1a: LaFawnduh|Rage Powder|p1a: LaFawnduh
|-singleturn|p1a: LaFawnduh|move: Rage Powder
|move|p2b: Annihilape|Rage Fist|p1a: LaFawnduh
|-damage|p1a: LaFawnduh|0 fnt
|faint|p1a: LaFawnduh
|move|p2a: Weezing|Dazzling Gleam|p1b: IGOR
|-damage|p1b: IGOR|33/100 brn
|move|p1b: IGOR|Facade|p2a: Weezing
|-damage|p2a: Weezing|0 fnt
|faint|p2a: Weezing
|-end|p2a: Weezing|ability: Neutralizing Gas
|
|-damage|p1b: IGOR|27/100 brn|[from] brn
|upkeep
|
|t:|1756750276
|switch|p1a: Dingus|Gholdengo, L50, shiny|100/100
|turn|6
|
|t:|1756750294
|move|p2b: Annihilape|Rage Fist|p1b: IGOR
|-supereffective|p1b: IGOR
|-crit|p1b: IGOR
|-damage|p1b: IGOR|0 fnt
|faint|p1b: IGOR
|move|p1a: Dingus|Shadow Ball|p2b: Annihilape
|-supereffective|p2b: Annihilape
|-damage|p2b: Annihilape|8/100
|-damage|p1a: Dingus|91/100|[from] item: Life Orb
|
|upkeep
|
|t:|1756750296
|switch|p1b: Tomato|Incineroar, L50, M|100/100
|-ability|p1b: Tomato|Intimidate|boost
|-unboost|p2b: Annihilape|atk|1
|-ability|p2b: Annihilape|Defiant|boost
|-boost|p2b: Annihilape|atk|2
|turn|7
|
|t:|1756750309
|move|p2b: Annihilape|Drain Punch|p1b: Tomato
|-supereffective|p1b: Tomato
|-damage|p1b: Tomato|0 fnt
|-heal|p2b: Annihilape|57/100|[from] drain|[of] p1b: Tomato
|faint|p1b: Tomato
|move|p1a: Dingus|Shadow Ball|p2b: Annihilape
|-supereffective|p2b: Annihilape
|-damage|p2b: Annihilape|0 fnt
|faint|p2b: Annihilape
|-damage|p1a: Dingus|82/100|[from] item: Life Orb
|
|win|dracojackson
||dracojackson is ready for game 2.
||Como Se Dice Ben is ready for game 2.
|uhtml|next|Next: Game 2 of 3
