|j|☆firulaisv
|j|☆Penniferlovehewitt
|html|firulaisvPenniferlovehewitt    
|uhtml|bestof|Game 1 of a best-of-3
|t:|1756670191
|gametype|doubles
|player|p1|firulaisv|pryce|1068
|player|p2|Penniferlovehewitt|flannery|1031
|gen|9
|tier|[Gen 9] VGC 2025 Reg H (Bo3)
|rated|
|rule|Species Clause: Limit one of each Pokémon
|rule|Item Clause: Limit 1 of each item
|clearpoke
|poke|p1|Sneasler, L50, F|
|poke|p1|Ursaluna, L50, M|
|poke|p1|Porygon2, L50|
|poke|p1|Incineroar, L50, M|
|poke|p1|Whimsicott, L50, M|
|poke|p1|Dragonite, L50, F|
|poke|p2|Indeedee-F, L50, F|
|poke|p2|Gallade, L50, M|
|poke|p2|Torkoal, L50, F|
|poke|p2|Ursaluna, L50, M|
|poke|p2|Exeggutor, L50, F|
|poke|p2|Zoroark-Hisui, L50, F|
|teampreview|4
|showteam|p1|Sneasler||FocusSash|Unburden|DireClaw,CloseCombat,FakeOut,Protect|||F|||50|,,,,,Stellar]Ursaluna||FlameOrb|Guts|Earthquake,Protect,HeadlongRush,Facade|||M|||50|,,,,,Ghost]Porygon2||Eviolite|Download|TeraBlast,IceBeam,TrickRoom,Recover||||||50|,,,,,Flying]Incineroar||SafetyGoggles|Intimidate|FakeOut,FlareBlitz,KnockOff,WillOWisp|||M|||50|,,,,,Water]Whimsicott||CovertCloak|Prankster|Tailwind,Taunt,SunnyDay,Moonblast|||M|||50|,,,,,Dark]Dragonite||LoadedDice|Multiscale|ScaleShot,Haze,DragonDance,TeraBlast|||F|||50|,,,,,Flying
|showteam|p2|Indeedee-F||RockyHelmet|PsychicSurge|Psychic,HelpingHand,FollowMe,TrickRoom|||F|||50|,,,,,Grass]Gallade||ScopeLens|Sharpness|SacredSword,PsychoCut,TrickRoom,WideGuard|||M|||50|,,,,,Grass]Torkoal||Charcoal|Drought|Eruption,WeatherBall,ClearSmog,Protect|||F|||50|,,,,,Fire]Ursaluna||FlameOrb|Guts|Facade,HeadlongRush,Earthquake,Protect|||M|||50|,,,,,Ghost]Exeggutor||FocusSash|Chlorophyll|ExpandingForce,LeafStorm,SleepPowder,TrickRoom|||F|||50|,,,,,Psychic]Zoroark-Hisui||ChoiceSpecs|Illusion|HyperBeam,HyperVoice,ShadowBall,FocusBlast|||F|||50|,,,,,Normal
|inactive|Battle timer is ON: inactive players will automatically lose when time's up. (requested by Penniferlovehewitt)
|
|t:|1756670229
|teamsize|p1|4
|teamsize|p2|4
|start
|switch|p1a: Whimsicott|Whimsicott, L50, M|100/100
|switch|p1b: Sneasler|Sneasler, L50, F|100/100
|switch|p2a: Torkoal|Torkoal, L50, F|100/100
|switch|p2b: Exeggutor|Exeggutor, L50, F|100/100
|-weather|SunnyDay|[from] ability: Drought|[of] p2a: Torkoal
|turn|1
|
|t:|1756670247
|switch|p2a: Indeedee|Indeedee-F, L50, F|100/100
|-fieldstart|move: Psychic Terrain|[from] ability: Psychic Surge|[of] p2a: Indeedee
|-terastallize|p1b: Sneasler|Stellar
|move|p1a: Whimsicott|Tailwind|p1a: Whimsicott
|-sidestart|p1: firulaisv|move: Tailwind
|move|p1b: Sneasler|Dire Claw|p2b: Exeggutor
|-resisted|p2b: Exeggutor
|-damage|p2b: Exeggutor|36/100
|-status|p2b: Exeggutor|par
|replace|p2b: Zoroark|Zoroark-Hisui, L50, F
|-end|p2b: Zoroark|Illusion
|move|p2b: Zoroark|Hyper Voice|p1a: Whimsicott|[spread] p1a,p1b
|-damage|p1a: Whimsicott|39/100
|-damage|p1b: Sneasler|33/100
|
|-weather|SunnyDay|[upkeep]
|upkeep
|turn|2
|inactive|firulaisv has 30 seconds left.
|inactive|Penniferlovehewitt has 30 seconds left.
|
|t:|1756670278
|switch|p1a: Espartaco|Incineroar, L50, M|100/100
|-ability|p1a: Espartaco|Intimidate|boost
|-unboost|p2a: Indeedee|atk|1
|-unboost|p2b: Zoroark|atk|1
|move|p2a: Indeedee|Follow Me|p2a: Indeedee
|-singleturn|p2a: Indeedee|move: Follow Me
|move|p1b: Sneasler|Close Combat|p2a: Indeedee
|-damage|p2a: Indeedee|18/100
|-unboost|p1b: Sneasler|def|1
|-unboost|p1b: Sneasler|spd|1
|-damage|p1b: Sneasler|17/100|[from] item: Rocky Helmet|[of] p2a: Indeedee
|move|p2b: Zoroark|Hyper Voice|p1b: Sneasler|[spread] p1a,p1b
|-damage|p1a: Espartaco|59/100
|-damage|p1b: Sneasler|0 fnt
|faint|p1b: Sneasler
|
|-weather|SunnyDay|[upkeep]
|upkeep
|
|t:|1756670290
|switch|p1b: Ursaluna|Ursaluna, L50, M|100/100
|turn|3
|
|t:|1756670310
|move|p1a: Espartaco|Flare Blitz|p2b: Zoroark
|-damage|p2b: Zoroark|0 fnt
|faint|p2b: Zoroark
|-damage|p1a: Espartaco|51/100|[from] Recoil
|move|p1b: Ursaluna|Facade|p2a: Indeedee
|-crit|p2a: Indeedee
|-damage|p2a: Indeedee|0 fnt
|-damage|p1b: Ursaluna|84/100|[from] item: Rocky Helmet|[of] p2a: Indeedee
|faint|p2a: Indeedee
|
|-weather|SunnyDay|[upkeep]
|-status|p1b: Ursaluna|brn|[from] item: Flame Orb
|upkeep
|
|t:|1756670318
|switch|p2b: Exeggutor|Exeggutor, L50, F|100/100
|switch|p2a: Torkoal|Torkoal, L50, F|100/100
|turn|4
|inactive|Penniferlovehewitt has 30 seconds left.
|inactive|Penniferlovehewitt has 20 seconds left.
|
|t:|1756670354
|move|p1b: Ursaluna|Protect|p1b: Ursaluna
|-singleturn|p1b: Ursaluna|Protect
|move|p2b: Exeggutor|Expanding Force|p1a: Espartaco|[spread] 
|-activate|p1b: Ursaluna|move: Protect
|-immune|p1a: Espartaco
|move|p1a: Espartaco|Flare Blitz|p2b: Exeggutor
|-supereffective|p2b: Exeggutor
|-enditem|p2b: Exeggutor|Focus Sash
|-damage|p2b: Exeggutor|1/100
|-damage|p1a: Espartaco|23/100|[from] Recoil
|move|p2a: Torkoal|Weather Ball|p1a: Espartaco
|-resisted|p1a: Espartaco
|-damage|p1a: Espartaco|0 fnt
|faint|p1a: Espartaco
|
|-weather|SunnyDay|[upkeep]
|-damage|p1b: Ursaluna|78/100 brn|[from] brn
|-sideend|p1: firulaisv|move: Tailwind
|upkeep
|
|t:|1756670369
|switch|p1a: Whimsicott|Whimsicott, L50, M|39/100
|turn|5
|
|t:|1756670392
|-terastallize|p2a: Torkoal|Fire
|move|p1a: Whimsicott|Tailwind|p1a: Whimsicott
|-sidestart|p1: firulaisv|move: Tailwind
|move|p2b: Exeggutor|Leaf Storm|p1b: Ursaluna
|-supereffective|p1b: Ursaluna
|-damage|p1b: Ursaluna|0 fnt
|-unboost|p2b: Exeggutor|spa|2
|faint|p1b: Ursaluna
|move|p2a: Torkoal|Eruption|p1a: Whimsicott
|-supereffective|p1a: Whimsicott
|-damage|p1a: Whimsicott|0 fnt
|faint|p1a: Whimsicott
|
|win|Penniferlovehewitt
||firulaisv is ready for game 2.
