|j|☆Kripo405
|j|☆jussdoit
|html|Kripo405jussdoit    
|uhtml|bestof|Game 3 of a best-of-3
|t:|1756387395
|gametype|doubles
|player|p1|Kripo405|266|1072
|player|p2|jussdoit|steven|1049
|gen|9
|tier|[Gen 9] VGC 2025 Reg H (Bo3)
|rated|
|rule|Species Clause: Limit one of each Pokémon
|rule|Item Clause: Limit 1 of each item
|clearpoke
|poke|p1|Smeargle, L50, M|
|poke|p1|Hydreigon, L50, F|
|poke|p1|Garchomp, L50, F|
|poke|p1|Whimsicott, L50, M|
|poke|p1|Incineroar, L50, F|
|poke|p1|Primarina, L50, M|
|poke|p2|Glaceon, L50, M|
|poke|p2|Ninetales-Alola, L50, M|
|poke|p2|Ceruledge, L50, M|
|poke|p2|Sneasler, L50, F|
|poke|p2|Greninja-*, L50, F|
|poke|p2|Sinistcha, L50|
|teampreview|4
|showteam|p1|Smeargle||FocusSash|Moody|FakeOut,Decorate,FollowMe,Spore|||M|||50|,,,,,Grass]Hydreigon||SafetyGoggles|Levitate|DracoMeteor,DarkPulse,Protect,Snarl|||F|||50|,,,,,Poison]Garchomp||LifeOrb|RoughSkin|Earthquake,StompingTantrum,DragonClaw,Protect|||F|||50|,,,,,Steel]Whimsicott||CovertCloak|Prankster|Moonblast,Tailwind,LightScreen,HelpingHand|||M|||50|,,,,,Dark]Incineroar||AssaultVest|Intimidate|KnockOff,FlareBlitz,Uturn,FakeOut|||F|||50|,,,,,Ghost]Primarina||ThroatSpray|LiquidVoice|Protect,Moonblast,HyperVoice,Haze|||M|||50|,,,,,Fire
|showteam|p2|Glaceon||ChoiceSpecs|SnowCloak|Blizzard,IceBeam,TeraBlast,WeatherBall|||M|||50|,,,,,Fighting]Ninetales-Alola||CovertCloak|SnowWarning|AuroraVeil,HelpingHand,Moonblast,Encore|||M|||50|,,,,,Ice]Ceruledge||BigRoot|FlashFire|BitterBlade,ShadowSneak,SwordsDance,Protect|||M|||50|,,,,,Grass]Sneasler||NormalGem|Unburden|DireClaw,FakeOut,SwordsDance,CloseCombat|||F|||50|,,,,,Stellar]Greninja||LifeOrb|Protean|WaterShuriken,DarkPulse,Extrasensory,Blizzard|||F|||50|,,,,,Steel]Sinistcha||WeaknessPolicy|Hospitality|LifeDew,MatchaGotcha,StrengthSap,Protect||||||50|,,,,,Fire
|inactive|Battle timer is ON: inactive players will automatically lose when time's up. (requested by jussdoit)
|inactive|Kripo405 has 60 seconds left.
|inactive|Kripo405 has 30 seconds left.
|
|t:|1756387457
|teamsize|p1|4
|teamsize|p2|4
|start
|switch|p1a: Incineroar|Incineroar, L50, F|100/100
|switch|p1b: Smeargle|Smeargle, L50, M|100/100
|switch|p2a: Sneasler|Sneasler, L50, F|100/100
|switch|p2b: Ceruledge|Ceruledge, L50, M|100/100
|-ability|p1a: Incineroar|Intimidate|boost
|-unboost|p2a: Sneasler|atk|1
|-unboost|p2b: Ceruledge|atk|1
|turn|1
|inactive|Kripo405 has 30 seconds left.
|inactive|Kripo405 has 20 seconds left.
|inactive|Kripo405 has 15 seconds left.
|inactive|Kripo405 has 10 seconds left.
|inactive|Kripo405 has 5 seconds left.
|
|t:|1756387511
|-terastallize|p2b: Ceruledge|Grass
|move|p2a: Sneasler|Fake Out|p1a: Incineroar
|-enditem|p2a: Sneasler|Normal Gem|[from] gem
|-damage|p1a: Incineroar|90/100
|cant|p1a: Incineroar|flinch
|move|p1b: Smeargle|Spore|p2a: Sneasler
|-status|p2a: Sneasler|slp|[from] move: Spore
|move|p2b: Ceruledge|Swords Dance|p2b: Ceruledge
|-boost|p2b: Ceruledge|atk|2
|
|-ability|p1b: Smeargle|Moody|boost
|-boost|p1b: Smeargle|atk|2
|-unboost|p1b: Smeargle|def|1
|upkeep
|turn|2
|inactive|Kripo405 has 30 seconds left.
|inactive|Kripo405 has 20 seconds left.
|
|t:|1756387549
|cant|p2a: Sneasler|slp
|move|p1b: Smeargle|Decorate|p1a: Incineroar
|-boost|p1a: Incineroar|atk|2
|-boost|p1a: Incineroar|spa|2
|move|p2b: Ceruledge|Bitter Blade|p1b: Smeargle
|-enditem|p1b: Smeargle|Focus Sash
|-damage|p1b: Smeargle|1/100
|move|p1a: Incineroar|Knock Off|p2b: Ceruledge
|-crit|p2b: Ceruledge
|-damage|p2b: Ceruledge|0 fnt
|-enditem|p2b: Ceruledge|Big Root|[from] move: Knock Off|[of] p1a: Incineroar
|faint|p2b: Ceruledge
|
|-ability|p1b: Smeargle|Moody|boost
|-boost|p1b: Smeargle|spe|2
|-unboost|p1b: Smeargle|atk|1
|upkeep
|
|t:|1756387563
|switch|p2b: Ninetales|Ninetales-Alola, L50, M|100/100
|-weather|Snowscape|[from] ability: Snow Warning|[of] p2b: Ninetales
|turn|3
|c|☆jussdoit|unlucky crit
|inactive|Kripo405 has 30 seconds left.
|inactive|Kripo405 has 20 seconds left.
|inactive|Kripo405 has 15 seconds left.
|inactive|Kripo405 has 10 seconds left.
|inactive|Kripo405 has 5 seconds left.
|
|t:|1756387616
|cant|p2a: Sneasler|slp
|move|p1b: Smeargle|Decorate|p1a: Incineroar
|-boost|p1a: Incineroar|atk|2
|-boost|p1a: Incineroar|spa|2
|move|p2b: Ninetales|Aurora Veil|p2b: Ninetales
|-sidestart|p2: jussdoit|move: Aurora Veil
|move|p1a: Incineroar|Flare Blitz|p2b: Ninetales
|-supereffective|p2b: Ninetales
|-damage|p2b: Ninetales|0 fnt
|faint|p2b: Ninetales
|-damage|p1a: Incineroar|61/100|[from] Recoil
|
|-weather|Snowscape|[upkeep]
|-ability|p1b: Smeargle|Moody|boost
|-boost|p1b: Smeargle|spd|2
|-unboost|p1b: Smeargle|def|1
|upkeep
|
|t:|1756387629
|switch|p2b: Glaceon|Glaceon, L50, M|100/100
|turn|4
|inactive|Kripo405 has 30 seconds left.
|inactive|Kripo405 has 20 seconds left.
|inactive|Kripo405 has 15 seconds left.
|inactive|Kripo405 has 10 seconds left.
|
|t:|1756387676
|-terastallize|p1a: Incineroar|Ghost
|-curestatus|p2a: Sneasler|slp|[msg]
|move|p2a: Sneasler|Close Combat|p1a: Incineroar
|-immune|p1a: Incineroar
|move|p1b: Smeargle|Decorate|p1a: Incineroar
|-boost|p1a: Incineroar|atk|2
|-boost|p1a: Incineroar|spa|2
|move|p2b: Glaceon|Blizzard|p1b: Smeargle|[spread] p1a,p1b
|-damage|p1a: Incineroar|26/100
|-damage|p1b: Smeargle|0 fnt
|faint|p1b: Smeargle
|move|p1a: Incineroar|Flare Blitz|p2b: Glaceon
|-supereffective|p2b: Glaceon
|-damage|p2b: Glaceon|0 fnt
|faint|p2b: Glaceon
|-damage|p1a: Incineroar|0 fnt|[from] Recoil
|faint|p1a: Incineroar
|
|-weather|Snowscape|[upkeep]
|upkeep
|
|t:|1756387692
|switch|p1b: Garchomp|Garchomp, L50, F|100/100
|switch|p1a: Hydreigon|Hydreigon, L50, F|100/100
|turn|5
|
|t:|1756387711
|move|p2a: Sneasler|Dire Claw|p1b: Garchomp
|-resisted|p1b: Garchomp
|-damage|p1b: Garchomp|86/100
|-status|p1b: Garchomp|psn
|-damage|p2a: Sneasler|88/100|[from] ability: Rough Skin|[of] p1b: Garchomp
|move|p1b: Garchomp|Earthquake|p2a: Sneasler|[spread] p2a
|-immune|p1a: Hydreigon|[from] ability: Levitate
|-supereffective|p2a: Sneasler
|-damage|p2a: Sneasler|0 fnt
|faint|p2a: Sneasler
|-damage|p1b: Garchomp|76/100 psn|[from] item: Life Orb
|
|win|Kripo405
|raw|Kripo405's rating: 1072 → 1099(+27 for winning)
|raw|jussdoit's rating: 1049 → 1033(-16 for losing)
|l|☆jussdoit
|player|p2|
