|j|☆Mangaking202
|j|☆Aquarior02
|html|Mangaking202Aquarior02    
|uhtml|bestof|Game 1 of a best-of-3
|t:|1784335815
|gametype|doubles
|player|p1|Mangaking202|265|1045
|player|p2|Aquarior02|mustard-master|1048
|gen|9
|tier|[Gen 9 Champions] VGC 2026 Reg M-B (Bo3)
|rated|
|rule|Species Clause: Limit one of each Pokémon
|rule|Item Clause: Limit 1 of each item
|clearpoke
|poke|p1|Rotom-Heat, L50|
|poke|p1|Staraptor, L50, F|
|poke|p1|Garchomp, L50, M|
|poke|p1|Grimmsnarl, L50, M|
|poke|p1|Basculegion, L50, M|
|poke|p1|Gholdengo, L50|
|poke|p2|Garchomp, L50, F, shiny|
|poke|p2|Venusaur, L50, M, shiny|
|poke|p2|Incineroar, L50, M, shiny|
|poke|p2|Charizard, L50, M, shiny|
|poke|p2|Toxapex, L50, F, shiny|
|poke|p2|Annihilape, L50, M, shiny|
|teampreview|4
|showteam|p1|Rotom-Heat||SitrusBerry|Levitate|Thunderbolt,Overheat,WillOWisp,Protect|Serious|||||50|]Staraptor||Staraptite|Intimidate|BraveBird,CloseCombat,Roost,Protect|Jolly||F|||50|]Garchomp||LifeOrb|RoughSkin|Earthquake,DragonClaw,RockSlide,Protect|Jolly||M|||50|]Grimmsnarl||LightBall|Prankster|SpiritBreak,PartingShot,Reflect,LightScreen|Serious||M|||50|]Basculegion||ChoiceScarf|Adaptability|WaveCrash,FlipTurn,AquaJet,LastRespects|Jolly||M|||50|]Gholdengo||MetalCoat|GoodasGold|NastyPlot,MakeItRain,ShadowBall,Protect|Serious|||||50|
|showteam|p2|Garchomp||ChoiceScarf|RoughSkin|Earthquake,StompingTantrum,DragonClaw,RockSlide|Adamant||F|||50|]Venusaur||LifeOrb|Chlorophyll|SolarBeam,SludgeBomb,EarthPower,Protect|Modest||M|||50|]Incineroar||SitrusBerry|Intimidate|FakeOut,FlareBlitz,ThroatChop,PartingShot|Impish||M|||50|]Charizard||CharizarditeY|Blaze|HeatWave,WeatherBall,HelpingHand,Protect|Modest||M|||50|]Toxapex||Leftovers|Regenerator|Toxic,Infestation,BanefulBunker,WideGuard|Bold||F|||50|]Annihilape||FocusSash|Defiant|CloseCombat,PhantomForce,RockTomb,Protect|Jolly||M|||50|
|inactive|Battle timer is ON: inactive players will automatically lose when time's up. (requested by Aquarior02)
|c|☆Aquarior02|light ball grimm?
|inactive|Mangaking202 has 60 seconds left.
|inactive|Aquarior02 has 60 seconds left.
|c|☆Aquarior02|isn't it supposed to be light clay?
|inactive|Mangaking202 has 30 seconds left.
|inactive|Mangaking202 has 20 seconds left.
|inactive|Mangaking202 has 15 seconds left.
|inactive|Mangaking202 has 10 seconds left.
|c|☆Aquarior02|I think you have the wrong item on your Grimmsnarl
|
|t:|1784335904
|teamsize|p1|4
|teamsize|p2|4
|start
|switch|p1a: Basculegion|Basculegion, L50, M|100/100
|switch|p1b: Rotom|Rotom-Heat, L50|100/100
|switch|p2a: Incineroar|Incineroar, L50, M, shiny|100/100
|switch|p2b: Annihilape|Annihilape, L50, M, shiny|100/100
|-ability|p2a: Incineroar|Intimidate|boost
|-unboost|p1a: Basculegion|atk|1
|-unboost|p1b: Rotom|atk|1
|turn|1
|
|t:|1784335929
|switch|p1a: Garchomp|Garchomp, L50, M|100/100
|move|p2b: Annihilape|Protect|p2b: Annihilape
|-singleturn|p2b: Annihilape|Protect
|move|p1b: Rotom|Will-O-Wisp|p2b: Annihilape
|-activate|p2b: Annihilape|move: Protect
|move|p2a: Incineroar|Throat Chop|p1a: Garchomp
|-damage|p1a: Garchomp|67/100
|-start|p1a: Garchomp|Throat Chop|[silent]
|-damage|p2a: Incineroar|87/100|[from] ability: Rough Skin|[of] p1a: Garchomp
|
|upkeep
|turn|2
|inactive|Mangaking202 has 30 seconds left.
|inactive|Aquarior02 has 30 seconds left.
|
|t:|1784335957
|move|p1a: Garchomp|Earthquake|p2b: Annihilape|[spread] p2a,p2b
|-immune|p1b: Rotom|[from] ability: Levitate
|-supereffective|p2a: Incineroar|1
|-damage|p2a: Incineroar|10/100
|-damage|p2b: Annihilape|38/100
|-enditem|p2a: Incineroar|Sitrus Berry|[eat]
|-heal|p2a: Incineroar|35/100|[from] item: Sitrus Berry
|-damage|p1a: Garchomp|57/100|[from] item: Life Orb
|move|p2b: Annihilape|Phantom Force||[still]
|-prepare|p2b: Annihilape|Phantom Force
|move|p1b: Rotom|Thunderbolt|p2a: Incineroar
|-damage|p2a: Incineroar|3/100
|move|p2a: Incineroar|Parting Shot|p1a: Garchomp
|-unboost|p1a: Garchomp|atk|1
|-unboost|p1a: Garchomp|spa|1
|
|t:|1784335972
|switch|p2a: Charizard|Charizard, L50, M, shiny|100/100|[from] Parting Shot
|
|-end|p1a: Garchomp|Throat Chop|[silent]
|upkeep
|turn|3
|inactive|Mangaking202 has 30 seconds left.
|inactive|Mangaking202 has 20 seconds left.
|inactive|Mangaking202 has 15 seconds left.
|
|t:|1784336016
|switch|p2a: Incineroar|Incineroar, L50, M, shiny|3/100
|-ability|p2a: Incineroar|Intimidate|boost
|-unboost|p1a: Garchomp|atk|1
|-unboost|p1b: Rotom|atk|1
|move|p1a: Garchomp|Dragon Claw|p2a: Incineroar
|-damage|p2a: Incineroar|0 fnt
|faint|p2a: Incineroar
|-damage|p1a: Garchomp|47/100|[from] item: Life Orb
|move|p2b: Annihilape|Phantom Force|p1a: Garchomp|[from] lockedmove
|-damage|p1a: Garchomp|3/100
|-damage|p2b: Annihilape|25/100|[from] ability: Rough Skin|[of] p1a: Garchomp
|move|p1b: Rotom|Thunderbolt|p2b: Annihilape
|-damage|p2b: Annihilape|0 fnt
|faint|p2b: Annihilape
|
|upkeep
|
|t:|1784336031
|switch|p2b: Venusaur|Venusaur, L50, M, shiny|100/100
|switch|p2a: Charizard|Charizard, L50, M, shiny|100/100
|turn|4
|inactive|Mangaking202 has 30 seconds left.
|inactive|Mangaking202 has 20 seconds left.
|
|t:|1784336067
|detailschange|p2a: Charizard|Charizard-Mega-Y, L50, M, shiny
|-mega|p2a: Charizard|Charizard|Charizardite Y
|-weather|SunnyDay|[from] ability: Drought|[of] p2a: Charizard
|move|p2b: Venusaur|Protect|p2b: Venusaur
|-singleturn|p2b: Venusaur|Protect
|move|p1a: Garchomp|Protect|p1a: Garchomp
|-singleturn|p1a: Garchomp|Protect
|move|p2a: Charizard|Heat Wave|p1b: Rotom|[spread] p1b
|-activate|p1a: Garchomp|move: Protect
|-resisted|p1b: Rotom|1
|-damage|p1b: Rotom|66/100
|move|p1b: Rotom|Thunderbolt|p2a: Charizard
|-supereffective|p2a: Charizard|1
|-damage|p2a: Charizard|42/100
|
|-weather|SunnyDay|[upkeep]
|upkeep
|turn|5
|inactive|Mangaking202 has 30 seconds left.
|
|t:|1784336096
|move|p2b: Venusaur|Sludge Bomb|p1a: Garchomp
|-resisted|p1a: Garchomp|1
|-damage|p1a: Garchomp|0 fnt
|faint|p1a: Garchomp
|-damage|p2b: Venusaur|90/100|[from] item: Life Orb
|move|p2a: Charizard|Weather Ball|p1b: Rotom
|-resisted|p1b: Rotom|1
|-damage|p1b: Rotom|22/100
|-enditem|p1b: Rotom|Sitrus Berry|[eat]
|-heal|p1b: Rotom|47/100|[from] item: Sitrus Berry
|move|p1b: Rotom|Overheat|p2b: Venusaur
|-supereffective|p2b: Venusaur|1
|-damage|p2b: Venusaur|0 fnt
|-unboost|p1b: Rotom|spa|2
|faint|p2b: Venusaur
|
|-weather|SunnyDay|[upkeep]
|upkeep
|-message|Aquarior02 forfeited.
|
|win|Mangaking202
|l|☆Aquarior02
|player|p2|
||Aquarior02 is ready for game 2.
|inactive|Mangaking202 has 30 seconds to confirm battle start!
