|j|☆ZekromZeke
|j|☆Bytev24
|html|ZekromZekeBytev24    
|uhtml|bestof|Game 2 of a best-of-3
|t:|1782767596
|gametype|doubles
|player|p1|ZekromZeke|#smogonxnpa2026draftee|
|player|p2|Bytev24|#smogonxnpa2026draftee|
|gen|9
|tier|[Gen 9 Champions] VGC 2026 Reg M-B (Bo3)
|rule|Species Clause: Limit one of each Pokémon
|rule|Item Clause: Limit 1 of each item
|clearpoke
|poke|p1|Venusaur, L50, F, shiny|
|poke|p1|Grimmsnarl, L50, M|
|poke|p1|Pelipper, L50, M, shiny|
|poke|p1|Archaludon, L50, M|
|poke|p1|Swampert, L50, M|
|poke|p1|Hydreigon, L50, M|
|poke|p2|Floette-Eternal, L50, F|
|poke|p2|Delphox, L50, M|
|poke|p2|Incineroar, L50, M|
|poke|p2|Kingambit, L50, F|
|poke|p2|Sneasler, L50, M|
|poke|p2|Sinistcha, L50|
|teampreview|4
|showteam|p1|Venusaur||Venusaurite|Chlorophyll|Protect,SludgeBomb,GigaDrain,EarthPower|Modest||F|||50|]Grimmsnarl||LightClay|Prankster|SpiritBreak,Reflect,LightScreen,PartingShot|Careful||M|||50|]Pelipper||SitrusBerry|Drizzle|Hurricane,WeatherBall,Tailwind,WideGuard|Modest||M|||50|]Archaludon||Leftovers|Stamina|Protect,ElectroShot,DragonPulse,FlashCannon|Modest||M|||50|]Swampert||Swampertite|Torrent|Protect,WaveCrash,Earthquake,IcePunch|Adamant||M|||50|]Hydreigon||ChoiceScarf|Levitate|DarkPulse,Snarl,DracoMeteor,HeatWave|Modest||M|||50|
|showteam|p2|Floette-Eternal||Floettite|FlowerVeil|Moonblast,DazzlingGleam,CalmMind,Protect|Modest||F|||50|]Delphox||Delphoxite|Blaze|HeatWave,Psyshock,NastyPlot,Protect|Timid||M|||50|]Incineroar||SitrusBerry|Intimidate|FlareBlitz,ThroatChop,PartingShot,FakeOut|Careful||M|||50|]Kingambit||BlackGlasses|Defiant|KowtowCleave,SuckerPunch,SwordsDance,Protect|Adamant||F|||50|]Sneasler||FocusSash|PoisonTouch|CloseCombat,PoisonJab,QuickGuard,FakeOut|Jolly||M|||50|]Sinistcha||KasibBerry|Hospitality|MatchaGotcha,RagePowder,TrickRoom,Protect|Bold|||||50|
|j| Clipperz
|j| frostvg
|j| tryingsomethingnew
|j| Pmc21
|j| Axior
|j| Helios of Sun
|j| Sven
|j| azulite_poke
|j| Triir
|j| ParlayPrinceWins
|j| YOASOBI stan
|j| superstar jamie
|j| Yoshiandlugia
|j| DubiousVGC
|j| Finabas
|
|t:|1782767666
|teamsize|p1|4
|teamsize|p2|4
|start
|switch|p1a: Pelipper|Pelipper, L50, M, shiny|100/100
|switch|p1b: Swampert|Swampert, L50, M|100/100
|switch|p2a: Floette|Floette-Eternal, L50, F|100/100
|switch|p2b: Incineroar|Incineroar, L50, M|100/100
|-ability|p2b: Incineroar|Intimidate|boost
|-unboost|p1a: Pelipper|atk|1
|-unboost|p1b: Swampert|atk|1
|-weather|RainDance|[from] ability: Drizzle|[of] p1a: Pelipper
|turn|1
|l| superstar jamie
|j| pipppo
|l| frostvg
|j| baaaaat_
|j| superstar jamie
|
|t:|1782767729
|detailschange|p2a: Floette|Floette-Mega, L50, F
|-mega|p2a: Floette|Floette|Floettite
|-ability|p2a: Floette|Fairy Aura
|detailschange|p1b: Swampert|Swampert-Mega, L50, M
|-mega|p1b: Swampert|Swampert|Swampertite
|move|p2b: Incineroar|Fake Out|p1b: Swampert
|-damage|p1b: Swampert|91/100
|cant|p1b: Swampert|flinch
|move|p2a: Floette|Moonblast|p1b: Swampert
|-damage|p1b: Swampert|28/100
|move|p1a: Pelipper|Hurricane|p2b: Incineroar
|-damage|p2b: Incineroar|67/100
|
|-weather|RainDance|[upkeep]
|upkeep
|turn|2
|l| Finabas
|j| sheist goob-nut
|j| frostvg
|j| templevgc
|
|t:|1782767770
|switch|p2a: Sinistcha|Sinistcha, L50|100/100
|-heal|p2b: Incineroar|92/100|[from] ability: Hospitality|[of] p2a: Sinistcha
|move|p1b: Swampert|Earthquake|p2b: Incineroar|[spread] p2a,p2b
|-immune|p1a: Pelipper
|-resisted|p2a: Sinistcha|1
|-supereffective|p2b: Incineroar|1
|-damage|p2a: Sinistcha|88/100
|-damage|p2b: Incineroar|28/100
|-enditem|p2b: Incineroar|Sitrus Berry|[eat]
|-heal|p2b: Incineroar|53/100|[from] item: Sitrus Berry
|move|p2b: Incineroar|Parting Shot|p1a: Pelipper
|-unboost|p1a: Pelipper|atk|1
|-unboost|p1a: Pelipper|spa|1
|
|t:|1782767781
|switch|p2b: Floette|Floette-Mega, L50, F|100/100|[from] Parting Shot
|-ability|p2b: Floette|Fairy Aura
|move|p1a: Pelipper|Hurricane|p2b: Floette
|-damage|p2b: Floette|77/100
|-start|p2b: Floette|confusion
|
|-weather|RainDance|[upkeep]
|upkeep
|turn|3
|j| Finabas
|
|t:|1782767804
|switch|p1b: Venusaur|Venusaur, L50, F, shiny|100/100
|switch|p2b: Incineroar|Incineroar, L50, M|53/100
|-ability|p2b: Incineroar|Intimidate|boost
|-unboost|p1a: Pelipper|atk|1
|-unboost|p1b: Venusaur|atk|1
|move|p1a: Pelipper|Hurricane|p2a: Sinistcha
|-supereffective|p2a: Sinistcha|1
|-damage|p2a: Sinistcha|27/100
|move|p2a: Sinistcha|Matcha Gotcha|p1b: Venusaur|[spread] p1a,p1b
|-resisted|p1b: Venusaur|2
|-damage|p1a: Pelipper|71/100
|-heal|p2a: Sinistcha|41/100|[from] drain|[of] p1a: Pelipper
|-damage|p1b: Venusaur|93/100
|-heal|p2a: Sinistcha|44/100|[from] drain|[of] p1b: Venusaur
|
|-weather|RainDance|[upkeep]
|upkeep
|turn|4
|j| Daneci
|l|☆Bytev24
|player|p2|
|j|☆Bytev24
|player|p2|Bytev24|#smogonxnpa2026draftee|
|l| Daneci
|j| Daneci
|
|t:|1782767867
|switch|p1a: Hydreigon|Hydreigon, L50, M|100/100
|switch|p2a: Kingambit|Kingambit, L50, F|100/100
|move|p1b: Venusaur|Earth Power|p2b: Incineroar
|-supereffective|p2b: Incineroar|1
|-damage|p2b: Incineroar|8/100
|move|p2b: Incineroar|Parting Shot|p1b: Venusaur
|-unboost|p1b: Venusaur|atk|1
|-unboost|p1b: Venusaur|spa|1
|
|t:|1782767877
|switch|p2b: Floette|Floette-Mega, L50, F|77/100|[from] Parting Shot
|-ability|p2b: Floette|Fairy Aura
|
|-weather|RainDance|[upkeep]
|upkeep
|turn|5
|
|t:|1782767932
|switch|p1a: Swampert|Swampert-Mega, L50, M|28/100
|move|p2b: Floette|Dazzling Gleam|p1b: Venusaur|[spread] p1a,p1b
|-resisted|p1b: Venusaur|1
|-damage|p1a: Swampert|0 fnt
|-damage|p1b: Venusaur|71/100
|faint|p1a: Swampert
|move|p1b: Venusaur|Sludge Bomb|p2b: Floette
|-supereffective|p2b: Floette|1
|-damage|p2b: Floette|32/100
|-status|p2b: Floette|psn
|move|p2a: Kingambit|Kowtow Cleave|p1b: Venusaur
|-damage|p1b: Venusaur|5/100
|
|-weather|none
|-damage|p2b: Floette|20/100y psn|[from] psn
|upkeep
|
|t:|1782767945
|switch|p1a: Hydreigon|Hydreigon, L50, M|100/100
|turn|6
|j| Justified Joe
|l|☆Bytev24
|player|p2|
|j|☆Bytev24
|player|p2|Bytev24|#smogonxnpa2026draftee|
|
|t:|1782767975
|switch|p2a: Sinistcha|Sinistcha, L50|44/100
|-heal|p2b: Floette|45/100 psn|[from] ability: Hospitality|[of] p2a: Sinistcha
|move|p1a: Hydreigon|Heat Wave|p2a: Sinistcha|[spread] p2a,p2b
|-supereffective|p2a: Sinistcha|1
|-damage|p2a: Sinistcha|0 fnt
|-damage|p2b: Floette|24/100 psn
|faint|p2a: Sinistcha
|move|p2b: Floette|Dazzling Gleam|p1b: Venusaur|[spread] p1a,p1b
|-supereffective|p1a: Hydreigon|2
|-resisted|p1b: Venusaur|1
|-damage|p1a: Hydreigon|0 fnt
|-damage|p1b: Venusaur|0 fnt
|faint|p1a: Hydreigon
|faint|p1b: Venusaur
|
|-damage|p2b: Floette|12/100 psn|[from] psn
|upkeep
|j|+PinkSylvie
|
|t:|1782767986
|switch|p1b: Pelipper|Pelipper, L50, M, shiny|71/100
|switch|p2a: Kingambit|Kingambit, L50, F|100/100
|-weather|RainDance|[from] ability: Drizzle|[of] p1b: Pelipper
|turn|7
|l| frostvg
|
|t:|1782768001
|move|p2b: Floette|Moonblast|p1b: Pelipper
|-damage|p1b: Pelipper|0 fnt
|faint|p1b: Pelipper
|
|win|Bytev24
||ZekromZeke is ready for game 3.
||Bytev24 is ready for game 3.
|uhtml|next|Next: Game 3 of 3
|j| frostvg
|n| BusinessPig|sheistgoobnut
|l| frostvg
|l|+PinkSylvie
|l| Finabas
|l| Daneci
|l| baaaaat_
|l| DubiousVGC
|j| baaaaat_
|l| pipppo
|j| LivioVGC
|l| Justified Joe
|j| Flaniwali
|l| superstar jamie
|l| Pmc21
|j| DarkJorch
|l| tryingsomethingnew
|l| Helios of Sun
|l| Flaniwali
|l| LivioVGC
|l| Yoshiandlugia
|l| DarkJorch
|l|☆Bytev24
|player|p2|
|l| YOASOBI stan
|l| baaaaat_
|l| ParlayPrinceWins
|j| Helios of Sun
|l|☆ZekromZeke
|player|p1|
|l| Triir
|l| Axior
|j|☆Bytev24
|player|p2|Bytev24|#smogonxnpa2026draftee|
