|j|☆KatKraydel
|j|☆Alecat
|html|KatKraydelAlecat    
|uhtml|bestof|Game 2 of a best-of-3
|t:|1757763222
|gametype|doubles
|player|p1|KatKraydel|molayne|1171
|player|p2|Alecat|scientistf|1078
|gen|9
|tier|[Gen 9] VGC 2025 Reg H (Bo3)
|rated|
|rule|Species Clause: Limit one of each Pokémon
|rule|Item Clause: Limit 1 of each item
|clearpoke
|poke|p1|Primarina, L50, F|
|poke|p1|Talonflame, L50, M|
|poke|p1|Garchomp, L50, M|
|poke|p1|Ninetales-Alola, L50, M|
|poke|p1|Sinistcha, L50|
|poke|p1|Conkeldurr, L50, M|
|poke|p2|Sneasler, L50, M|
|poke|p2|Magmar, L50, F|
|poke|p2|Rillaboom, L50, F|
|poke|p2|Espathra, L50, M|
|poke|p2|Kingambit, L50, M|
|poke|p2|Arcanine-Hisui, L50, F|
|teampreview|4
|showteam|p1|Primarina||SitrusBerry|LiquidVoice|HyperVoice,Moonblast,Haze,Protect|||F|||50|,,,,,Poison]Talonflame||SharpBeak|GaleWings|DualWingbeat,FlareBlitz,Tailwind,Taunt|||M|||50|,,,,,Ghost]Garchomp||LifeOrb|RoughSkin|StompingTantrum,Earthquake,Protect,DragonClaw|||M|||50|,,,,,Ground]Ninetales-Alola||FocusSash|SnowWarning|Blizzard,FreezeDry,Moonblast,Protect|||M|||50|,,,,,Fire]Sinistcha||RockyHelmet|Hospitality|MatchaGotcha,RagePowder,LifeDew,Protect||||||50|,,,,,Water]Conkeldurr||FlameOrb|Guts|CloseCombat,KnockOff,WideGuard,MachPunch|||M|||50|,,,,,Dark
|showteam|p2|Sneasler||FocusSash|Unburden|FakeOut,CloseCombat,DireClaw,Coaching|||M|||50|,,,,,Ghost]Magmar||Eviolite|VitalSpirit|FollowMe,HeatWave,Taunt,Protect|||F|||50|,,,,,Dragon]Rillaboom||AssaultVest|GrassySurge|FakeOut,WoodHammer,GrassyGlide,HighHorsepower|||F|||50|,,,,,Fire]Espathra||GrassySeed|SpeedBoost|StoredPower,TeraBlast,CalmMind,Protect|||M|||50|,,,,,Fighting]Kingambit||SafetyGoggles|Defiant|KowtowCleave,SuckerPunch,SwordsDance,Protect|||M|||50|,,,,,Dark]Arcanine-Hisui||LoadedDice|Intimidate|FlareBlitz,RockBlast,ExtremeSpeed,Protect|||F|||50|,,,,,Ghost
|inactive|Battle timer is ON: inactive players will automatically lose when time's up. (requested by Alecat)
|inactive|KatKraydel has 60 seconds left.
|inactive|KatKraydel has 30 seconds left.
|inactive|KatKraydel has 20 seconds left.
|inactive|KatKraydel has 15 seconds left.
|
|t:|1757763302
|teamsize|p1|4
|teamsize|p2|4
|start
|switch|p1a: Conkeldurr|Conkeldurr, L50, M, shiny|100/100
|switch|p1b: Garchomp|Garchomp, L50, M, shiny|100/100
|switch|p2a: Espathra|Espathra, L50, M, shiny|100/100
|switch|p2b: Sneasler|Sneasler, L50, M|100/100
|turn|1
|
|t:|1757763320
|move|p2a: Espathra|Protect|p2a: Espathra
|-singleturn|p2a: Espathra|Protect
|move|p1a: Conkeldurr|Wide Guard|p1a: Conkeldurr
|-singleturn|p1a: Conkeldurr|Wide Guard
|move|p2b: Sneasler|Coaching|p2a: Espathra
|-boost|p2a: Espathra|atk|1
|-boost|p2a: Espathra|def|1
|move|p1b: Garchomp|Earthquake|p2b: Sneasler|[spread] p2b
|-activate|p1a: Conkeldurr|move: Wide Guard
|-activate|p2a: Espathra|move: Protect
|-supereffective|p2b: Sneasler
|-enditem|p2b: Sneasler|Focus Sash
|-damage|p2b: Sneasler|1/100
|-damage|p1b: Garchomp|91/100|[from] item: Life Orb
|
|-ability|p2a: Espathra|Speed Boost|boost
|-boost|p2a: Espathra|spe|1
|-status|p1a: Conkeldurr|brn|[from] item: Flame Orb
|upkeep
|turn|2
|inactive|Alecat has 30 seconds left.
|inactive|Alecat has 20 seconds left.
|inactive|Alecat has 15 seconds left.
|inactive|Alecat has 10 seconds left.
|
|t:|1757763369
|switch|p2b: Arcanine|Arcanine-Hisui, L50, F, shiny|100/100
|-ability|p2b: Arcanine|Intimidate|boost
|-unboost|p1a: Conkeldurr|atk|1
|-unboost|p1b: Garchomp|atk|1
|-terastallize|p2a: Espathra|Fighting
|-terastallize|p1a: Conkeldurr|Dark
|move|p1a: Conkeldurr|Mach Punch|p2b: Arcanine
|-supereffective|p2b: Arcanine
|-damage|p2b: Arcanine|40/100
|move|p2a: Espathra|Calm Mind|p2a: Espathra
|-boost|p2a: Espathra|spa|1
|-boost|p2a: Espathra|spd|1
|move|p1b: Garchomp|Stomping Tantrum|p2a: Espathra
|-damage|p2a: Espathra|76/100
|-damage|p1b: Garchomp|81/100|[from] item: Life Orb
|
|-damage|p1a: Conkeldurr|94/100 brn|[from] brn
|-ability|p2a: Espathra|Speed Boost|boost
|-boost|p2a: Espathra|spe|1
|upkeep
|turn|3
|
|t:|1757763392
|switch|p2b: Rillaboom|Rillaboom, L50, F|100/100
|-fieldstart|move: Grassy Terrain|[from] ability: Grassy Surge|[of] p2b: Rillaboom
|-enditem|p2a: Espathra|Grassy Seed
|-boost|p2a: Espathra|def|1|[from] item: Grassy Seed
|move|p1a: Conkeldurr|Mach Punch|p2a: Espathra
|-damage|p2a: Espathra|64/100
|move|p2a: Espathra|Tera Blast|p1a: Conkeldurr|[anim] Tera Blast Fighting
|-supereffective|p1a: Conkeldurr
|-damage|p1a: Conkeldurr|0 fnt
|faint|p1a: Conkeldurr
|move|p1b: Garchomp|Earthquake|p2a: Espathra|[spread] p2a,p2b
|-resisted|p2b: Rillaboom
|-damage|p2a: Espathra|55/100
|-damage|p2b: Rillaboom|93/100
|-damage|p1b: Garchomp|71/100|[from] item: Life Orb
|
|-heal|p2a: Espathra|61/100|[from] Grassy Terrain
|-heal|p1b: Garchomp|77/100|[from] Grassy Terrain
|-heal|p2b: Rillaboom|99/100|[from] Grassy Terrain
|-ability|p2a: Espathra|Speed Boost|boost
|-boost|p2a: Espathra|spe|1
|upkeep
|
|t:|1757763399
|switch|p1a: Talonflame|Talonflame, L50, M, shiny|100/100
|turn|4
|
|t:|1757763421
|switch|p1a: Mermadonna|Primarina, L50, F, shiny|100/100
|move|p2a: Espathra|Protect|p2a: Espathra
|-singleturn|p2a: Espathra|Protect
|move|p1b: Garchomp|Protect|p1b: Garchomp
|-singleturn|p1b: Garchomp|Protect
|move|p2b: Rillaboom|Grassy Glide|p1a: Mermadonna
|-supereffective|p1a: Mermadonna
|-damage|p1a: Mermadonna|25/100
|-enditem|p1a: Mermadonna|Sitrus Berry|[eat]
|-heal|p1a: Mermadonna|50/100|[from] item: Sitrus Berry
|
|-heal|p2a: Espathra|67/100|[from] Grassy Terrain
|-heal|p1b: Garchomp|83/100|[from] Grassy Terrain
|-heal|p2b: Rillaboom|100/100|[from] Grassy Terrain
|-heal|p1a: Mermadonna|56/100|[from] Grassy Terrain
|-ability|p2a: Espathra|Speed Boost|boost
|-boost|p2a: Espathra|spe|1
|upkeep
|turn|5
|inactive|Alecat has 30 seconds left.
|
|t:|1757763447
|move|p2a: Espathra|Stored Power|p1a: Mermadonna
|-damage|p1a: Mermadonna|0 fnt
|faint|p1a: Mermadonna
|move|p1b: Garchomp|Dragon Claw|p2a: Espathra
|-damage|p2a: Espathra|45/100
|-damage|p1b: Garchomp|73/100|[from] item: Life Orb
|move|p2b: Rillaboom|Wood Hammer|p1b: Garchomp
|-damage|p1b: Garchomp|0 fnt
|-damage|p2b: Rillaboom|88/100|[from] ability: Rough Skin|[of] p1b: Garchomp
|faint|p1b: Garchomp
|-damage|p2b: Rillaboom|67/100|[from] Recoil
|
|-heal|p2a: Espathra|51/100|[from] Grassy Terrain
|-heal|p2b: Rillaboom|73/100|[from] Grassy Terrain
|-ability|p2a: Espathra|Speed Boost|boost
|-boost|p2a: Espathra|spe|1
|upkeep
|
|t:|1757763465
|switch|p1b: Talonflame|Talonflame, L50, M, shiny|100/100
|turn|6
|
|t:|1757763469
|move|p2a: Espathra|Protect|p2a: Espathra
|-singleturn|p2a: Espathra|Protect
|move|p1b: Talonflame|Dual Wingbeat|p2a: Espathra
|-activate|p2a: Espathra|move: Protect
|move|p2b: Rillaboom|Grassy Glide|p1b: Talonflame
|-resisted|p1b: Talonflame
|-damage|p1b: Talonflame|90/100
|
|-heal|p2a: Espathra|57/100|[from] Grassy Terrain
|-heal|p2b: Rillaboom|79/100|[from] Grassy Terrain
|-ability|p2a: Espathra|Speed Boost|boost
|-boost|p2a: Espathra|spe|1
|upkeep
|turn|7
|inactive|KatKraydel has 30 seconds left.
|
|t:|1757763497
|switch|p2b: Arcanine|Arcanine-Hisui, L50, F, shiny|40/100
|-ability|p2b: Arcanine|Intimidate|boost
|-unboost|p1b: Talonflame|atk|1
|move|p2a: Espathra|Stored Power|p1b: Talonflame
|-damage|p1b: Talonflame|0 fnt
|faint|p1b: Talonflame
|
|win|Alecat
|raw|KatKraydel's rating: 1171 → 1139(-32 for losing)
|raw|Alecat's rating: 1078 → 1114(+36 for winning)
|l|☆KatKraydel
|player|p1|
