|badge|p1|bronze|gen9ou|100-6
|uhtml|medal-msg|Curious what those medals under the avatar are? PS now has Ladder Seasons! For more information, check out the thread on Smogon.
|j|☆JackRG1
|j|☆TreyBayBay
|html|JackRG1TreyBayBay    
|uhtml|bestof|Game 3 of a best-of-3
|t:|1757698330
|gametype|doubles
|player|p1|JackRG1|dawn-gen4pt|1167
|player|p2|TreyBayBay|ninjaboy|1154
|gen|9
|tier|[Gen 9] VGC 2025 Reg H (Bo3)
|rated|
|rule|Species Clause: Limit one of each Pokémon
|rule|Item Clause: Limit 1 of each item
|clearpoke
|poke|p1|Tyranitar, L50, F|
|poke|p1|Excadrill, L50, F|
|poke|p1|Milotic, L50, M|
|poke|p1|Indeedee-F, L50, F|
|poke|p1|Volcarona, L50, F|
|poke|p1|Hatterene, L50, F|
|poke|p2|Ninetales-Alola, L50, F|
|poke|p2|Farigiraf, L50, F|
|poke|p2|Sneasler, L50, M|
|poke|p2|Incineroar, L50, F|
|poke|p2|Archaludon, L50, F|
|poke|p2|Hydreigon, L50, F|
|teampreview|4
|showteam|p1|Tyranitar||AssaultVest|SandStream|RockSlide,KnockOff,LowKick,TeraBlast|||F|||50|,,,,,Flying]Excadrill||FocusSash|SandRush|Earthquake,HighHorsepower,IronHead,Protect|||F|||50|,,,,,Stellar]Milotic||CovertCloak|Competitive|Scald,IcyWind,Haze,Protect|||M|||50|,,,,,Grass]Indeedee-F||SafetyGoggles|PsychicSurge|TrickRoom,Protect,Psychic,FollowMe|||F|||50|,,,,,Fairy]Volcarona||Leftovers|FlameBody|Protect,HeatWave,QuiverDance,GigaDrain|||F|||50|,,,,,Grass]Hatterene||LifeOrb|MagicBounce|DazzlingGleam,TrickRoom,ExpandingForce,Protect|||F|||50|,,,,,Fairy
|showteam|p2|Ninetales-Alola||LightClay|SnowWarning|Protect,Blizzard,Moonblast,AuroraVeil|||F|||50|,,,,,Ghost]Farigiraf||ThroatSpray|ArmorTail|ExpandingForce,HyperVoice,TrickRoom,Imprison|||F|||50|,,,,,Fairy]Sneasler||FocusSash|PoisonTouch|FakeOut,DireClaw,CloseCombat,Taunt|||M|||50|,,,,,Stellar]Incineroar||SafetyGoggles|Intimidate|FakeOut,FlareBlitz,KnockOff,WillOWisp|||F|||50|,,,,,Ghost]Archaludon||AssaultVest|Stamina|DracoMeteor,FlashCannon,BodyPress,Snarl|||F|||50|,,,,,Bug]Hydreigon||CovertCloak|Levitate|DarkPulse,EarthPower,NastyPlot,Tailwind|||F|||50|,,,,,Ghost
|inactive|Battle timer is ON: inactive players will automatically lose when time's up. (requested by JackRG1)
|inactive|JackRG1 has 60 seconds left.
|
|t:|1757698372
|teamsize|p1|4
|teamsize|p2|4
|start
|switch|p1a: Indeedee|Indeedee-F, L50, F|100/100
|switch|p1b: Hatterene|Hatterene, L50, F|100/100
|switch|p2a: Hydreigon|Hydreigon, L50, F, shiny|100/100
|switch|p2b: Sneasler|Sneasler, L50, M|100/100
|-fieldstart|move: Psychic Terrain|[from] ability: Psychic Surge|[of] p1a: Indeedee
|turn|1
|inactive|TreyBayBay has 30 seconds left.
|
|t:|1757698406
|move|p1a: Indeedee|Follow Me|p1a: Indeedee
|-singleturn|p1a: Indeedee|move: Follow Me
|move|p2b: Sneasler|Taunt|p1a: Indeedee
|-start|p1a: Indeedee|move: Taunt
|move|p2a: Hydreigon|Dark Pulse|p1a: Indeedee
|-supereffective|p1a: Indeedee
|-damage|p1a: Indeedee|25/100
|move|p1b: Hatterene|Trick Room|p1b: Hatterene
|-fieldstart|move: Trick Room|[of] p1b: Hatterene
|
|upkeep
|turn|2
|inactive|TreyBayBay has 30 seconds left.
|
|t:|1757698437
|switch|p2a: Farigiraf|Farigiraf, L50, F, shiny|100/100
|move|p1b: Hatterene|Dazzling Gleam|p2b: Sneasler|[spread] p2a,p2b
|-damage|p2a: Farigiraf|59/100
|-damage|p2b: Sneasler|38/100
|-damage|p1b: Hatterene|91/100|[from] item: Life Orb
|move|p1a: Indeedee|Psychic|p2b: Sneasler
|-supereffective|p2b: Sneasler
|-damage|p2b: Sneasler|0 fnt
|faint|p2b: Sneasler
|
|upkeep
|
|t:|1757698446
|switch|p2b: Archaludon|Archaludon, L50, F, shiny|100/100
|turn|3
|
|t:|1757698458
|-terastallize|p1b: Hatterene|Fairy
|move|p1b: Hatterene|Dazzling Gleam|p2a: Farigiraf|[spread] p2a,p2b
|-damage|p2a: Farigiraf|0 fnt
|-damage|p2b: Archaludon|59/100
|-ability|p2b: Archaludon|Stamina|boost
|-boost|p2b: Archaludon|def|1
|faint|p2a: Farigiraf
|-damage|p1b: Hatterene|81/100|[from] item: Life Orb
|move|p1a: Indeedee|Psychic|p2b: Archaludon
|-resisted|p2b: Archaludon
|-damage|p2b: Archaludon|47/100
|-ability|p2b: Archaludon|Stamina|boost
|-boost|p2b: Archaludon|def|1
|move|p2b: Archaludon|Snarl|p1a: Indeedee|[spread] p1a,p1b
|-supereffective|p1a: Indeedee
|-resisted|p1b: Hatterene
|-damage|p1a: Indeedee|0 fnt
|-damage|p1b: Hatterene|74/100
|-unboost|p1b: Hatterene|spa|1
|faint|p1a: Indeedee
|
|upkeep
|
|t:|1757698475
|switch|p2a: Hydreigon|Hydreigon, L50, F, shiny|100/100
|switch|p1a: Milotic|Milotic, L50, M|100/100
|turn|4
|
|t:|1757698488
|-terastallize|p2a: Hydreigon|Ghost
|move|p1b: Hatterene|Dazzling Gleam|p2a: Hydreigon|[spread] p2a,p2b
|-damage|p2a: Hydreigon|61/100
|-damage|p2b: Archaludon|18/100
|-ability|p2b: Archaludon|Stamina|boost
|-boost|p2b: Archaludon|def|1
|-damage|p1b: Hatterene|65/100|[from] item: Life Orb
|move|p1a: Milotic|Haze|p1a: Milotic
|-clearallboost
|move|p2b: Archaludon|Snarl|p1a: Milotic|[spread] p1a,p1b
|-resisted|p1b: Hatterene
|-crit|p1b: Hatterene
|-damage|p1a: Milotic|92/100
|-damage|p1b: Hatterene|55/100
|-unboost|p1b: Hatterene|spa|1
|move|p2a: Hydreigon|Earth Power|p1b: Hatterene
|-damage|p1b: Hatterene|25/100
|
|upkeep
|turn|5
|inactive|TreyBayBay has 30 seconds left.
|
|t:|1757698515
|move|p1b: Hatterene|Expanding Force|p2b: Archaludon|[spread] p2a,p2b
|-resisted|p2b: Archaludon
|-damage|p2a: Hydreigon|8/100
|-damage|p2b: Archaludon|0 fnt
|faint|p2b: Archaludon
|-damage|p1b: Hatterene|15/100|[from] item: Life Orb
|move|p1a: Milotic|Scald|p2a: Hydreigon
|-damage|p2a: Hydreigon|0 fnt
|faint|p2a: Hydreigon
|
|win|JackRG1
|raw|JackRG1's rating: 1167 → 1191(+24 for winning)
|raw|TreyBayBay's rating: 1154 → 1130(-24 for losing)
|l|☆JackRG1
|player|p1|
