|j|☆phenomsteelers08
|j|☆Urkin' Pincurchin
|html|phenomsteelers08Urkin' Pincurchin    
|uhtml|bestof|Game 2 of a best-of-3
|t:|1756695028
|gametype|doubles
|player|p1|phenomsteelers08|265|1458
|player|p2|Urkin' Pincurchin|fisherman-gen4|1391
|gen|9
|tier|[Gen 9] VGC 2025 Reg H (Bo3)
|rated|
|rule|Species Clause: Limit one of each Pokémon
|rule|Item Clause: Limit 1 of each item
|clearpoke
|poke|p1|Indeedee-F, L50, F|
|poke|p1|Whimsicott, L50, M|
|poke|p1|Annihilape, L50, M|
|poke|p1|Armarouge, L50, F|
|poke|p1|Typhlosion-Hisui, L50, M|
|poke|p1|Dragapult, L50, F|
|poke|p2|Ninetales-Alola, L50, F|
|poke|p2|Dragonite, L50, M|
|poke|p2|Incineroar, L50, M|
|poke|p2|Annihilape, L50, M|
|poke|p2|Gholdengo, L50|
|poke|p2|Ursaluna-Bloodmoon, L50, M|
|teampreview|4
|showteam|p1|Indeedee-F||RockyHelmet|PsychicSurge|Psychic,FollowMe,TrickRoom,HelpingHand|||F|||50|,,,,,Fairy]Whimsicott||FocusSash|Prankster|Moonblast,Tailwind,BeatUp,SunnyDay|||M|||50|,,,,,Ghost]Annihilape||Leftovers|Defiant|DrainPunch,RageFist,BulkUp,Protect|||M|||50|,,,,,Fairy]Armarouge||TwistedSpoon|FlashFire|ExpandingForce,HeatWave,TrickRoom,Protect|||F|||50|,,,,,Psychic]Typhlosion-Hisui||Charcoal|Blaze|Eruption,Flamethrower,ShadowBall,Protect|||M|||50|,,,,,Fire]Dragapult||ChoiceBand|ClearBody|DragonDarts,Outrage,PhantomForce,Uturn|||F|||50|,,,,,Dragon
|showteam|p2|Ninetales-Alola||FocusSash|SnowWarning|Blizzard,IcyWind,Protect,Encore|||F|||50|,,,,,Ice]Dragonite||LoadedDice|Multiscale|ScaleShot,Tailwind,Protect,Haze|||M|||50|,,,,,Fairy]Incineroar||SafetyGoggles|Intimidate|FlareBlitz,KnockOff,FakeOut,PartingShot|||M|||50|,,,,,Ghost]Annihilape||SitrusBerry|Defiant|CloseCombat,RageFist,FinalGambit,Taunt|||M|||50|,,,,,Grass]Gholdengo||LifeOrb|GoodasGold|MakeItRain,ShadowBall,Protect,NastyPlot||||||50|,,,,,Water]Ursaluna-Bloodmoon||AssaultVest|MindsEye|BloodMoon,EarthPower,HyperVoice,VacuumWave|||M|||50|,,,,,Water
|inactive|Battle timer is ON: inactive players will automatically lose when time's up. (requested by Urkin' Pincurchin)
|inactive|phenomsteelers08 also wants the timer to be on.
|j| teamthief420
|j| Tindall64
|inactive|Urkin' Pincurchin has 60 seconds left.
|
|t:|1756695063
|teamsize|p1|4
|teamsize|p2|4
|start
|switch|p1a: Whimsicott|Whimsicott, L50, M|100/100
|switch|p1b: Annihilape|Annihilape, L50, M|100/100
|switch|p2a: Dragonite|Dragonite, L50, M|100/100
|switch|p2b: Ursaluna|Ursaluna-Bloodmoon, L50, M|100/100
|turn|1
|inactive|Urkin' Pincurchin has 30 seconds left.
|
|t:|1756695096
|move|p1a: Whimsicott|Moonblast|p2b: Ursaluna
|-damage|p2b: Ursaluna|79/100
|move|p1b: Annihilape|Drain Punch|p2b: Ursaluna
|-supereffective|p2b: Ursaluna
|-damage|p2b: Ursaluna|29/100
|move|p2a: Dragonite|Tailwind|p2a: Dragonite
|-sidestart|p2: Urkin' Pincurchin|move: Tailwind
|move|p2b: Ursaluna|Blood Moon|p1a: Whimsicott
|-enditem|p1a: Whimsicott|Focus Sash
|-damage|p1a: Whimsicott|1/100
|
|upkeep
|turn|2
|inactive|phenomsteelers08 has 30 seconds left.
|inactive|phenomsteelers08 has 20 seconds left.
|inactive|phenomsteelers08 has 15 seconds left.
|inactive|phenomsteelers08 has 10 seconds left.
|
|t:|1756695142
|switch|p2a: Ninetales|Ninetales-Alola, L50, F|100/100
|-weather|Snowscape|[from] ability: Snow Warning|[of] p2a: Ninetales
|-terastallize|p1b: Annihilape|Fairy
|move|p1a: Whimsicott|Tailwind|p1a: Whimsicott
|-sidestart|p1: phenomsteelers08|move: Tailwind
|move|p2b: Ursaluna|Vacuum Wave|p1a: Whimsicott
|-resisted|p1a: Whimsicott
|-damage|p1a: Whimsicott|0 fnt
|faint|p1a: Whimsicott
|move|p1b: Annihilape|Drain Punch|p2b: Ursaluna
|-supereffective|p2b: Ursaluna
|-damage|p2b: Ursaluna|0 fnt
|faint|p2b: Ursaluna
|
|-weather|Snowscape|[upkeep]
|upkeep
|
|t:|1756695156
|switch|p1a: Typhlosion|Typhlosion-Hisui, L50, M|100/100
|switch|p2b: Gholdengo|Gholdengo, L50|100/100
|turn|3
|
|t:|1756695179
|-terastallize|p2b: Gholdengo|Water
|move|p2a: Ninetales|Icy Wind|p1b: Annihilape|[spread] p1a,p1b
|-resisted|p1a: Typhlosion
|-damage|p1a: Typhlosion|90/100
|-damage|p1b: Annihilape|83/100
|-unboost|p1a: Typhlosion|spe|1
|-unboost|p1b: Annihilape|spe|1
|-ability|p1b: Annihilape|Defiant|boost
|-boost|p1b: Annihilape|atk|2
|move|p2b: Gholdengo|Make It Rain|p1a: Typhlosion|[spread] p1a,p1b
|-resisted|p1a: Typhlosion
|-supereffective|p1b: Annihilape
|-damage|p1a: Typhlosion|52/100
|-damage|p1b: Annihilape|0 fnt
|-unboost|p2b: Gholdengo|spa|1
|faint|p1b: Annihilape
|-damage|p2b: Gholdengo|91/100|[from] item: Life Orb
|move|p1a: Typhlosion|Eruption|p2a: Ninetales|[spread] p2a,p2b
|-supereffective|p2a: Ninetales
|-resisted|p2b: Gholdengo
|-damage|p2a: Ninetales|20/100
|-damage|p2b: Gholdengo|74/100
|
|-weather|Snowscape|[upkeep]
|upkeep
|
|t:|1756695198
|switch|p1b: Dragapult|Dragapult, L50, F|100/100
|turn|4
|inactive|Urkin' Pincurchin has 30 seconds left.
|inactive|Urkin' Pincurchin has 20 seconds left.
|inactive|Urkin' Pincurchin has 15 seconds left.
|inactive|Urkin' Pincurchin has 10 seconds left.
|inactive|phenomsteelers08 has 30 seconds left.
|inactive|Urkin' Pincurchin has 5 seconds left.
|
|t:|1756695251
|move|p2b: Gholdengo|Protect|p2b: Gholdengo
|-singleturn|p2b: Gholdengo|Protect
|move|p1a: Typhlosion|Protect|p1a: Typhlosion
|-singleturn|p1a: Typhlosion|Protect
|move|p1b: Dragapult|Phantom Force||[still]
|-prepare|p1b: Dragapult|Phantom Force
|move|p2a: Ninetales|Blizzard|p1b: Dragapult|[spread] 
|-miss|p2a: Ninetales|p1b: Dragapult
|-activate|p1a: Typhlosion|move: Protect
|
|-weather|Snowscape|[upkeep]
|-sideend|p2: Urkin' Pincurchin|move: Tailwind
|upkeep
|turn|5
|
|t:|1756695268
|move|p2a: Ninetales|Protect|p2a: Ninetales
|-singleturn|p2a: Ninetales|Protect
|move|p1b: Dragapult|Phantom Force|p2b: Gholdengo|[from] lockedmove
|-damage|p2b: Gholdengo|0 fnt
|faint|p2b: Gholdengo
|move|p1a: Typhlosion|Eruption|p2a: Ninetales
|-activate|p2a: Ninetales|move: Protect
|
|-weather|Snowscape|[upkeep]
|-sideend|p1: phenomsteelers08|move: Tailwind
|upkeep
|
|t:|1756695273
|switch|p2b: Dragonite|Dragonite, L50, M|100/100
|turn|6
|
|t:|1756695294
|move|p1b: Dragapult|Phantom Force||[still]
|-prepare|p1b: Dragapult|Phantom Force
|move|p2a: Ninetales|Encore|p1a: Typhlosion
|-start|p1a: Typhlosion|Encore
|move|p2b: Dragonite|Scale Shot|p1a: Typhlosion|[miss]
|-miss|p2b: Dragonite|p1a: Typhlosion
|move|p1a: Typhlosion|Eruption|p2a: Ninetales|[spread] p2a,p2b
|-supereffective|p2a: Ninetales
|-resisted|p2b: Dragonite
|-damage|p2a: Ninetales|0 fnt
|-damage|p2b: Dragonite|93/100
|faint|p2a: Ninetales
|
|-weather|none
|upkeep
|turn|7
|
|t:|1756695306
|move|p1b: Dragapult|Phantom Force|p2b: Dragonite|[from] lockedmove
|-damage|p2b: Dragonite|13/100
|move|p2b: Dragonite|Scale Shot|p1b: Dragapult
|-supereffective|p1b: Dragapult
|-damage|p1b: Dragapult|63/100
|-supereffective|p1b: Dragapult
|-damage|p1b: Dragapult|20/100
|-supereffective|p1b: Dragapult
|-damage|p1b: Dragapult|0 fnt
|faint|p1b: Dragapult
|-hitcount|p1: Dragapult|3
|-unboost|p2b: Dragonite|def|1
|-boost|p2b: Dragonite|spe|1
|move|p1a: Typhlosion|Eruption|p2b: Dragonite
|-resisted|p2b: Dragonite
|-damage|p2b: Dragonite|0 fnt
|faint|p2b: Dragonite
|
|win|phenomsteelers08
|raw|phenomsteelers08's rating: 1458 → 1474(+16 for winning)
|raw|Urkin' Pincurchin's rating: 1391 → 1375(-16 for losing)
