|j|☆Pacogol
|j|☆Alvarolm22
|html|PacogolAlvarolm22    
|uhtml|bestof|Game 1 of a best-of-3
|t:|1757753767
|gametype|doubles
|player|p1|Pacogol|170|1073
|player|p2|Alvarolm22|102|1040
|gen|9
|tier|[Gen 9] VGC 2025 Reg H (Bo3)
|rated|
|rule|Species Clause: Limit one of each Pokémon
|rule|Item Clause: Limit 1 of each item
|clearpoke
|poke|p1|Sneasler, L50, M|
|poke|p1|Indeedee, L50, M|
|poke|p1|Ursaluna-Bloodmoon, L50, M|
|poke|p1|Talonflame, L50, M|
|poke|p1|Electabuzz, L50, M|
|poke|p1|Hydreigon, L50, F|
|poke|p2|Incineroar, L50, M|
|poke|p2|Basculegion, L50, M|
|poke|p2|Rillaboom, L50, F|
|poke|p2|Gastrodon, L50, M|
|poke|p2|Pelipper, L50, F|
|poke|p2|Electrode-Hisui, L50|
|teampreview|4
|showteam|p1|Sneasler||PsychicSeed|Unburden|Protect,CloseCombat,DireClaw,ThroatChop|||M|||50|,,,,,Dark]Indeedee||FocusSash|PsychicSurge|ExpandingForce,Protect,TrickRoom,HelpingHand|||M|||50|,,,,,Psychic]Ursaluna-Bloodmoon||LifeOrb|MindsEye|Protect,HyperVoice,EarthPower,BloodMoon|||M|||50|,,,,,Normal]Talonflame||CovertCloak|GaleWings|Tailwind,DualWingbeat,Taunt,WillOWisp|||M|||50|,,,,,Stellar]Electabuzz||Eviolite|VitalSpirit|Taunt,FollowMe,Protect,Electroweb|||M|||50|,,,,,Fairy]Hydreigon||ChoiceSpecs|Levitate|HeatWave,DracoMeteor,DarkPulse,Snarl|||F|||50|,,,,,Fire
|showteam|p2|Incineroar||SafetyGoggles|Intimidate|FakeOut,Taunt,PartingShot,KnockOff|||M|||50|,,,,,Ghost]Basculegion||ChoiceBand|SwiftSwim|WaveCrash,FlipTurn,LastRespects,AquaJet|||M|||50|,,,,,Water]Rillaboom||MiracleSeed|GrassySurge|FakeOut,WoodHammer,GrassyGlide,Uturn|||F|||50|,,,,,Fire]Gastrodon||Leftovers|StormDrain|ClearSmog,Recover,Protect,EarthPower|||M|||50|,,,,,Water]Pelipper||FocusSash|Drizzle|ChillingWater,Hurricane,Tailwind,WideGuard|||F|||50|,,,,,Water]Electrode-Hisui||AssaultVest|Aftermath|Electroweb,Thunder,VoltSwitch,GigaDrain||||||50|,,,,,Water
|inactive|Battle timer is ON: inactive players will automatically lose when time's up. (requested by Pacogol)
|inactive|Alvarolm22 has 60 seconds left.
|inactive|Pacogol has 30 seconds left.
|inactive|Pacogol has 20 seconds left.
|inactive|Pacogol has 15 seconds left.
|inactive|Pacogol has 10 seconds left.
|inactive|Pacogol has 5 seconds left.
|inactive|Alvarolm22 has 30 seconds left.
|inactive|Alvarolm22 has 20 seconds left.
|inactive|Alvarolm22 has 15 seconds left.
|
|t:|1757753878
|teamsize|p1|4
|teamsize|p2|4
|start
|switch|p1a: Talonflame|Talonflame, L50, M|100/100
|switch|p1b: Hydreigon|Hydreigon, L50, F|100/100
|switch|p2a: Pelipper|Pelipper, L50, F|100/100
|switch|p2b: Incineroar|Incineroar, L50, M|100/100
|-weather|RainDance|[from] ability: Drizzle|[of] p2a: Pelipper
|-ability|p2b: Incineroar|Intimidate|boost
|-unboost|p1a: Talonflame|atk|1
|-unboost|p1b: Hydreigon|atk|1
|turn|1
|inactive|Pacogol has 30 seconds left.
|inactive|Alvarolm22 has 30 seconds left.
|inactive|Pacogol has 20 seconds left.
|inactive|Pacogol has 15 seconds left.
|inactive|Pacogol has 10 seconds left.
|inactive|Pacogol has 5 seconds left.
|
|t:|1757753931
|move|p2b: Incineroar|Fake Out|p1a: Talonflame
|-damage|p1a: Talonflame|83/100
|move|p1a: Talonflame|Taunt|p2a: Pelipper
|-start|p2a: Pelipper|move: Taunt
|move|p1b: Hydreigon|Dark Pulse|p2a: Pelipper
|-damage|p2a: Pelipper|25/100
|cant|p2a: Pelipper|move: Taunt|Tailwind
|
|-weather|RainDance|[upkeep]
|upkeep
|turn|2
|inactive|Pacogol has 30 seconds left.
|
|t:|1757753958
|move|p1a: Talonflame|Dual Wingbeat|p2a: Pelipper
|-damage|p2a: Pelipper|16/100
|-damage|p2a: Pelipper|7/100
|-hitcount|p2a: Pelipper|2
|move|p1b: Hydreigon|Dark Pulse|p2b: Incineroar
|-resisted|p2b: Incineroar
|-damage|p2b: Incineroar|74/100
|move|p2a: Pelipper|Chilling Water|p1a: Talonflame
|-supereffective|p1a: Talonflame
|-damage|p1a: Talonflame|5/100
|move|p2b: Incineroar|Parting Shot|p1b: Hydreigon
|-unboost|p1b: Hydreigon|atk|1
|-unboost|p1b: Hydreigon|spa|1
|
|t:|1757753973
|switch|p2b: Electrode|Electrode-Hisui, L50|100/100|[from] Parting Shot
|
|-weather|RainDance|[upkeep]
|upkeep
|turn|3
|inactive|Alvarolm22 has 30 seconds left.
|inactive|Alvarolm22 has 20 seconds left.
|inactive|Alvarolm22 has 15 seconds left.
|
|t:|1757754013
|switch|p1a: Sneasler|Sneasler, L50, M|100/100
|-terastallize|p2b: Electrode|Water
|move|p2b: Electrode|Electroweb|p1a: Sneasler|[spread] p1a,p1b
|-resisted|p1b: Hydreigon
|-damage|p1a: Sneasler|79/100
|-damage|p1b: Hydreigon|92/100
|-unboost|p1a: Sneasler|spe|1
|-unboost|p1b: Hydreigon|spe|1
|move|p1b: Hydreigon|Dark Pulse|p2a: Pelipper
|-damage|p2a: Pelipper|0 fnt
|faint|p2a: Pelipper
|
|-weather|RainDance|[upkeep]
|upkeep
|
|t:|1757754030
|switch|p2a: Incineroar|Incineroar, L50, M|74/100
|-ability|p2a: Incineroar|Intimidate|boost
|-unboost|p1a: Sneasler|atk|1
|-unboost|p1b: Hydreigon|atk|1
|turn|4
|inactive|Alvarolm22 has 30 seconds left.
|inactive|Alvarolm22 has 20 seconds left.
|
|t:|1757754067
|switch|p1b: Ursaluna|Ursaluna-Bloodmoon, L50, M|100/100
|move|p1a: Sneasler|Protect|p1a: Sneasler
|-singleturn|p1a: Sneasler|Protect
|move|p2a: Incineroar|Fake Out|p1a: Sneasler
|-activate|p1a: Sneasler|move: Protect
|move|p2b: Electrode|Thunder|p1b: Ursaluna
|-immune|p1b: Ursaluna
|
|-weather|RainDance|[upkeep]
|upkeep
|turn|5
|inactive|Pacogol has 30 seconds left.
|inactive|Pacogol has 20 seconds left.
|inactive|Pacogol has 15 seconds left.
|inactive|Pacogol has 10 seconds left.
|inactive|Pacogol has 5 seconds left.
|
|t:|1757754122
|move|p1a: Sneasler|Protect||[still]
|-fail|p1a: Sneasler
|move|p1b: Ursaluna|Protect|p1b: Ursaluna
|-singleturn|p1b: Ursaluna|Protect
|move|p2b: Electrode|Giga Drain|p1b: Ursaluna
|-activate|p1b: Ursaluna|move: Protect
|move|p2a: Incineroar|Parting Shot|p1a: Sneasler
|-unboost|p1a: Sneasler|atk|1
|-unboost|p1a: Sneasler|spa|1
|
|t:|1757754132
|switch|p2a: Basculegion|Basculegion, L50, M|100/100|[from] Parting Shot
|
|-weather|none
|upkeep
|turn|6
|inactive|Pacogol has 30 seconds left.
|inactive|Alvarolm22 has 30 seconds left.
|inactive|Alvarolm22 has 20 seconds left.
|
|t:|1757754168
|switch|p1a: Talonflame|Talonflame, L50, M|5/100
|-terastallize|p1b: Ursaluna|Normal
|move|p2b: Electrode|Giga Drain|p1b: Ursaluna
|-damage|p1b: Ursaluna|65/100
|move|p2a: Basculegion|Wave Crash|p1a: Talonflame
|-supereffective|p1a: Talonflame
|-damage|p1a: Talonflame|0 fnt
|faint|p1a: Talonflame
|-damage|p2a: Basculegion|99/100|[from] Recoil
|move|p1b: Ursaluna|Blood Moon|p2a: Basculegion
|-damage|p2a: Basculegion|0 fnt
|faint|p2a: Basculegion
|-damage|p1b: Ursaluna|56/100|[from] item: Life Orb
|
|upkeep
|
|t:|1757754189
|switch|p1a: Hydreigon|Hydreigon, L50, F|92/100
|switch|p2a: Incineroar|Incineroar, L50, M|74/100
|-ability|p2a: Incineroar|Intimidate|boost
|-unboost|p1a: Hydreigon|atk|1
|-unboost|p1b: Ursaluna|atk|1
|turn|7
|inactive|Alvarolm22 has 30 seconds left.
|inactive|Pacogol has 30 seconds left.
|
|t:|1757754227
|move|p2a: Incineroar|Fake Out|p1a: Hydreigon
|-damage|p1a: Hydreigon|79/100
|move|p2b: Electrode|Thunder|p1b: Ursaluna|[miss]
|-miss|p2b: Electrode|p1b: Ursaluna
|cant|p1a: Hydreigon|flinch
|move|p1b: Ursaluna|Earth Power|p2a: Incineroar
|-supereffective|p2a: Incineroar
|-damage|p2a: Incineroar|0 fnt
|faint|p2a: Incineroar
|-damage|p1b: Ursaluna|46/100|[from] item: Life Orb
|
|upkeep
|turn|8
|inactive|Alvarolm22 has 30 seconds left.
|
|t:|1757754258
|move|p2b: Electrode|Giga Drain|p1b: Ursaluna
|-damage|p1b: Ursaluna|8/100
|move|p1a: Hydreigon|Draco Meteor|p2b: Electrode
|-damage|p2b: Electrode|0 fnt
|-unboost|p1a: Hydreigon|spa|2
|faint|p2b: Electrode
|
|win|Pacogol
|inactive|Pacogol has 30 seconds to confirm battle start!
|inactive|Alvarolm22 has 30 seconds to confirm battle start!
|l|☆Alvarolm22
|player|p2|
||Pacogol is ready for game 2.
|inactive|Alvarolm22 has 20 seconds to confirm battle start!
|inactive|Alvarolm22 has 10 seconds to confirm battle start!
|uhtml|next|Next: Game 2 of 3
