|j|☆Bruneauxx
|j|☆kelseyrobinsonvgc
|html|Bruneauxxkelseyrobinsonvgc    
|uhtml|bestof|Game 2 of a best-of-3
|t:|1756950047
|gametype|doubles
|player|p1|Bruneauxx|fisherman-gen4|1177
|player|p2|kelseyrobinsonvgc|clerkf|1099
|gen|9
|tier|[Gen 9] VGC 2025 Reg H (Bo3)
|rated|
|rule|Species Clause: Limit one of each Pokémon
|rule|Item Clause: Limit 1 of each item
|clearpoke
|poke|p1|Braviary-Hisui, L50, M|
|poke|p1|Sneasler, L50, M|
|poke|p1|Indeedee-F, L50, F|
|poke|p1|Pelipper, L50, F|
|poke|p1|Archaludon, L50, M|
|poke|p1|Maushold, L50|
|poke|p2|Gholdengo, L50|
|poke|p2|Amoonguss, L50, F|
|poke|p2|Incineroar, L50, F|
|poke|p2|Porygon2, L50|
|poke|p2|Ursaluna, L50, M|
|poke|p2|Flamigo, L50, F|
|teampreview|4
|showteam|p1|Braviary-Hisui||TwistedSpoon|TintedLens|ExpandingForce,AirSlash,EsperWing,Protect|||M|||50|,,,,,Psychic]Sneasler||PsychicSeed|Unburden|DireClaw,CloseCombat,ThroatChop,Protect|||M|||50|,,,,,Dark]Indeedee-F||SafetyGoggles|PsychicSurge|DazzlingGleam,FollowMe,TrickRoom,HelpingHand|||F|||50|,,,,,Fairy]Pelipper||FocusSash|Drizzle|Hurricane,WeatherBall,Tailwind,Protect|||F|||50|,,,,,Stellar]Archaludon||AssaultVest|Stamina|ElectroShot,FlashCannon,DragonPulse,BodyPress|||M|||50|,,,,,Grass]Maushold||WideLens|Technician|PopulationBomb,SuperFang,Encore,Protect||||||50|,,,,,Ghost
|showteam|p2|Gholdengo||LifeOrb|GoodasGold|MakeItRain,NastyPlot,Protect,ShadowBall||||||50|,,,,,Dragon]Amoonguss||SitrusBerry|Regenerator|Spore,RagePowder,SludgeBomb,Protect|||F|||50|,,,,,Dark]Incineroar||SafetyGoggles|Intimidate|FlareBlitz,KnockOff,PartingShot,FakeOut|||F|||50|,,,,,Ghost]Porygon2||Eviolite|Download|Recover,TeraBlast,IceBeam,TrickRoom||||||50|,,,,,Fighting]Ursaluna||FlameOrb|Guts|HeadlongRush,Facade,Protect,Earthquake|||M|||50|,,,,,Ghost]Flamigo||FocusSash|Scrappy|CloseCombat,BraveBird,Tailwind,Protect|||F|||50|,,,,,Steel
|inactive|Battle timer is ON: inactive players will automatically lose when time's up. (requested by kelseyrobinsonvgc)
|inactive|Bruneauxx has 60 seconds left.
|inactive|kelseyrobinsonvgc has 60 seconds left.
|
|t:|1756950096
|teamsize|p1|4
|teamsize|p2|4
|start
|switch|p1a: Pelipper|Pelipper, L50, F|100/100
|switch|p1b: Braviary|Braviary-Hisui, L50, M|100/100
|switch|p2a: Porygon2|Porygon2, L50|100/100
|switch|p2b: Incineroar|Incineroar, L50, F|100/100
|-weather|RainDance|[from] ability: Drizzle|[of] p1a: Pelipper
|-ability|p2b: Incineroar|Intimidate|boost
|-unboost|p1a: Pelipper|atk|1
|-unboost|p1b: Braviary|atk|1
|-ability|p2a: Porygon2|Download|boost
|-boost|p2a: Porygon2|spa|1
|turn|1
|
|t:|1756950116
|switch|p1b: Indeedee|Indeedee-F, L50, F|100/100
|-fieldstart|move: Psychic Terrain|[from] ability: Psychic Surge|[of] p1b: Indeedee
|-terastallize|p1a: Pelipper|Stellar
|move|p2b: Incineroar|Fake Out|p1a: Pelipper
|-hint|Psychic Terrain doesn't affect Pokémon immune to Ground.
|-damage|p1a: Pelipper|87/100
|cant|p1a: Pelipper|flinch
|move|p2a: Porygon2|Trick Room|p2a: Porygon2
|-fieldstart|move: Trick Room|[of] p2a: Porygon2
|
|-weather|RainDance|[upkeep]
|upkeep
|turn|2
|inactive|kelseyrobinsonvgc has 30 seconds left.
|
|t:|1756950146
|move|p2a: Porygon2|Ice Beam|p1a: Pelipper
|-crit|p1a: Pelipper
|-damage|p1a: Pelipper|5/100
|move|p2b: Incineroar|Parting Shot|p1a: Pelipper
|-unboost|p1a: Pelipper|atk|1
|-unboost|p1a: Pelipper|spa|1
|
|t:|1756950152
|switch|p2b: Amoonguss|Amoonguss, L50, F|100/100|[from] Parting Shot
|move|p1a: Pelipper|Weather Ball|p2b: Amoonguss
|-resisted|p2b: Amoonguss
|-damage|p2b: Amoonguss|80/100
|move|p1b: Indeedee|Trick Room|p1b: Indeedee
|-fieldend|move: Trick Room
|
|-weather|RainDance|[upkeep]
|upkeep
|turn|3
|
|t:|1756950176
|move|p2b: Amoonguss|Protect|p2b: Amoonguss
|-singleturn|p2b: Amoonguss|Protect
|move|p1a: Pelipper|Hurricane|p2b: Amoonguss
|-activate|p2b: Amoonguss|move: Protect
|move|p2a: Porygon2|Ice Beam|p1a: Pelipper
|-crit|p1a: Pelipper
|-damage|p1a: Pelipper|0 fnt
|faint|p1a: Pelipper
|move|p1b: Indeedee|Trick Room|p1b: Indeedee
|-fieldstart|move: Trick Room|[of] p1b: Indeedee
|
|-weather|RainDance|[upkeep]
|upkeep
|
|t:|1756950186
|switch|p1a: Braviary|Braviary-Hisui, L50, M|100/100
|turn|4
|
|t:|1756950198
|switch|p2b: Incineroar|Incineroar, L50, F|100/100
|-ability|p2b: Incineroar|Intimidate|boost
|-unboost|p1a: Braviary|atk|1
|-unboost|p1b: Indeedee|atk|1
|move|p1a: Braviary|Protect|p1a: Braviary
|-singleturn|p1a: Braviary|Protect
|move|p2a: Porygon2|Ice Beam|p1a: Braviary
|-activate|p1a: Braviary|move: Protect
|move|p1b: Indeedee|Trick Room|p1b: Indeedee
|-fieldend|move: Trick Room
|
|-weather|RainDance|[upkeep]
|upkeep
|turn|5
|
|t:|1756950221
|switch|p1a: Sneasler|Sneasler, L50, M|100/100
|-enditem|p1a: Sneasler|Psychic Seed
|-boost|p1a: Sneasler|spd|1|[from] item: Psychic Seed
|move|p1b: Indeedee|Dazzling Gleam|p2b: Incineroar|[spread] p2a,p2b
|-damage|p2a: Porygon2|93/100
|-damage|p2b: Incineroar|90/100
|move|p2b: Incineroar|Knock Off|p1a: Sneasler
|-resisted|p1a: Sneasler
|-damage|p1a: Sneasler|79/100
|move|p2a: Porygon2|Ice Beam|p1a: Sneasler
|-damage|p1a: Sneasler|47/100
|-status|p1a: Sneasler|frz
|
|-weather|none
|-fieldend|move: Psychic Terrain
|upkeep
|turn|6
|
|t:|1756950239
|move|p1b: Indeedee|Follow Me|p1b: Indeedee
|-singleturn|p1b: Indeedee|move: Follow Me
|-curestatus|p1a: Sneasler|frz|[msg]
|move|p1a: Sneasler|Close Combat|p2a: Porygon2
|-supereffective|p2a: Porygon2
|-damage|p2a: Porygon2|8/100
|-unboost|p1a: Sneasler|def|1
|-unboost|p1a: Sneasler|spd|1
|move|p2b: Incineroar|Knock Off|p1b: Indeedee
|-supereffective|p1b: Indeedee
|-damage|p1b: Indeedee|25/100
|-enditem|p1b: Indeedee|Safety Goggles|[from] move: Knock Off|[of] p2b: Incineroar
|move|p2a: Porygon2|Ice Beam|p1b: Indeedee
|-damage|p1b: Indeedee|0 fnt
|faint|p1b: Indeedee
|
|upkeep
|
|t:|1756950245
|switch|p1b: Braviary|Braviary-Hisui, L50, M|100/100
|turn|7
|inactive|kelseyrobinsonvgc has 30 seconds left.
|inactive|kelseyrobinsonvgc has 20 seconds left.
|
|t:|1756950280
|switch|p2b: Amoonguss|Amoonguss, L50, F|100/100
|move|p1a: Sneasler|Close Combat|p2b: Amoonguss
|-resisted|p2b: Amoonguss
|-crit|p2b: Amoonguss
|-damage|p2b: Amoonguss|62/100
|-unboost|p1a: Sneasler|def|1
|-unboost|p1a: Sneasler|spd|1
|move|p1b: Braviary|Esper Wing|p2a: Porygon2
|-damage|p2a: Porygon2|0 fnt
|-boost|p1b: Braviary|spe|1
|faint|p2a: Porygon2
|
|upkeep
|
|t:|1756950296
|switch|p2a: Incineroar|Incineroar, L50, F|90/100
|-ability|p2a: Incineroar|Intimidate|boost
|-unboost|p1a: Sneasler|atk|1
|-unboost|p1b: Braviary|atk|1
|turn|8
|inactive|kelseyrobinsonvgc has 30 seconds left.
|
|t:|1756950322
|move|p1a: Sneasler|Protect|p1a: Sneasler
|-singleturn|p1a: Sneasler|Protect
|move|p2b: Amoonguss|Rage Powder|p2b: Amoonguss
|-singleturn|p2b: Amoonguss|move: Rage Powder
|move|p1b: Braviary|Air Slash|p2b: Amoonguss|[miss]
|-miss|p1b: Braviary|p2b: Amoonguss
|move|p2a: Incineroar|Flare Blitz|p1a: Sneasler
|-activate|p1a: Sneasler|move: Protect
|
|upkeep
|turn|9
|
|t:|1756950333
|move|p2b: Amoonguss|Rage Powder|p2b: Amoonguss
|-singleturn|p2b: Amoonguss|move: Rage Powder
|move|p1a: Sneasler|Close Combat|p2b: Amoonguss
|-resisted|p2b: Amoonguss
|-damage|p2b: Amoonguss|44/100
|-unboost|p1a: Sneasler|def|1
|-unboost|p1a: Sneasler|spd|1
|-enditem|p2b: Amoonguss|Sitrus Berry|[eat]
|-heal|p2b: Amoonguss|69/100|[from] item: Sitrus Berry
|move|p1b: Braviary|Esper Wing|p2b: Amoonguss
|-supereffective|p2b: Amoonguss
|-damage|p2b: Amoonguss|0 fnt
|-boost|p1b: Braviary|spe|1
|faint|p2b: Amoonguss
|move|p2a: Incineroar|Flare Blitz|p1a: Sneasler
|-damage|p1a: Sneasler|0 fnt
|faint|p1a: Sneasler
|-damage|p2a: Incineroar|78/100|[from] Recoil
|
|upkeep
|
|t:|1756950349
|switch|p2b: Ursaluna|Ursaluna, L50, M|100/100
|turn|10
|
|t:|1756950357
|move|p1b: Braviary|Air Slash|p2a: Incineroar
|-damage|p2a: Incineroar|48/100
|move|p2a: Incineroar|Knock Off|p1b: Braviary
|-supereffective|p1b: Braviary
|-damage|p1b: Braviary|3/100
|-enditem|p1b: Braviary|Twisted Spoon|[from] move: Knock Off|[of] p2a: Incineroar
|move|p2b: Ursaluna|Facade|p1b: Braviary
|-damage|p1b: Braviary|0 fnt
|faint|p1b: Braviary
|
|win|kelseyrobinsonvgc
||kelseyrobinsonvgc is ready for game 3.
|inactive|Bruneauxx has 30 seconds to confirm battle start!
||Bruneauxx is ready for game 3.
|uhtml|next|Next: Game 3 of 3
|l|☆Bruneauxx
|player|p1|
|l|☆kelseyrobinsonvgc
|player|p2|
|j|☆Bruneauxx
|player|p1|Bruneauxx|fisherman-gen4|
