|j|☆northfacefan
|j|☆iori696
|html|northfacefaniori696    
|uhtml|bestof|Game 1 of a best-of-3
|t:|1783390709
|gametype|doubles
|player|p1|northfacefan|170|
|player|p2|iori696|169|
|gen|9
|tier|[Gen 9 Champions] VGC 2026 Reg M-B (Bo3)
|rule|Species Clause: Limit one of each Pokémon
|rule|Item Clause: Limit 1 of each item
|clearpoke
|poke|p1|Sceptile, L50, M, shiny|
|poke|p1|Rotom-Heat, L50|
|poke|p1|Tyranitar, L50, F|
|poke|p1|Excadrill, L50, M|
|poke|p1|Sinistcha, L50|
|poke|p1|Primarina, L50, M|
|poke|p2|Swampert, L50, F|
|poke|p2|Pelipper, L50, M|
|poke|p2|Archaludon, L50, F|
|poke|p2|Grimmsnarl, L50, M|
|poke|p2|Metagross, L50|
|poke|p2|Sinistcha, L50|
|teampreview|4
|showteam|p1|Sceptile||Sceptilite|Overgrow|EnergyBall,DragonPulse,EarthPower,Protect|Timid||M|||50|]Rotom-Heat||ChoiceScarf|Levitate|Discharge,Electroweb,Overheat,Thunderbolt|Timid|||||50|]Tyranitar||Tyranitarite|SandStream|RockSlide,Assurance,LowKick,Protect|Adamant||F|||50|]Excadrill||FocusSash|SandRush|RockSlide,IronHead,Earthquake,Protect|Adamant||M|||50|]Sinistcha||Leftovers|Hospitality|RagePowder,MatchaGotcha,Protect,TrickRoom|Calm|||||50|]Primarina||LifeOrb|LiquidVoice|HyperVoice,Moonblast,CalmMind,Protect|Modest||M|||50|
|showteam|p2|Swampert||Swampertite|Torrent|WaveCrash,Earthquake,IcePunch,Protect|Adamant||F|||50|]Pelipper||FocusSash|Drizzle|WeatherBall,Hurricane,Tailwind,Protect|Modest||M|||50|]Archaludon||Leftovers|Stamina|ElectroShot,FlashCannon,DragonPulse,Protect|Modest||F|||50|]Grimmsnarl||LightClay|Prankster|SpiritBreak,LightScreen,Reflect,PartingShot|Careful||M|||50|]Metagross||Metagrossite|ClearBody|IronHead,PsychicFangs,StompingTantrum,Protect|Jolly|||||50|]Sinistcha||CobaBerry|Hospitality|MatchaGotcha,LifeDew,TrickRoom,RagePowder|Bold|||||50|
|
|t:|1783390758
|teamsize|p1|4
|teamsize|p2|4
|start
|switch|p1a: Sceptile|Sceptile, L50, M, shiny|100/100
|switch|p1b: Rotom|Rotom-Heat, L50|100/100
|switch|p2a: Grimmsnarl|Grimmsnarl, L50, M|100/100
|switch|p2b: Archaludon|Archaludon, L50, F|100/100
|turn|1
|
|t:|1783390783
|detailschange|p1a: Sceptile|Sceptile-Mega, L50, M, shiny
|-mega|p1a: Sceptile|Sceptile|Sceptilite
|move|p2a: Grimmsnarl|Light Screen|p2a: Grimmsnarl
|-sidestart|p2: iori696|move: Light Screen
|move|p1b: Rotom|Discharge|p2a: Grimmsnarl|[spread] p2a,p2b
|-ability|p1a: Sceptile|Lightning Rod|boost
|-boost|p1a: Sceptile|spa|1
|-resisted|p2b: Archaludon|1
|-damage|p2a: Grimmsnarl|85/100
|-damage|p2b: Archaludon|90/100
|-status|p2b: Archaludon|par
|-ability|p2b: Archaludon|Stamina|boost
|-boost|p2b: Archaludon|def|1
|move|p1a: Sceptile|Earth Power|p2b: Archaludon
|-supereffective|p2b: Archaludon|1
|-damage|p2b: Archaludon|27/100 par
|-ability|p2b: Archaludon|Stamina|boost
|-boost|p2b: Archaludon|def|1
|move|p2b: Archaludon|Dragon Pulse|p1a: Sceptile
|-supereffective|p1a: Sceptile|1
|-damage|p1a: Sceptile|0 fnt
|faint|p1a: Sceptile
|
|-heal|p2b: Archaludon|33/100 par|[from] item: Leftovers
|upkeep
|
|t:|1783390811
|switch|p1a: Primarina|Primarina, L50, M|100/100
|turn|2
|
|t:|1783390823
|move|p1a: Primarina|Protect|p1a: Primarina
|-singleturn|p1a: Primarina|Protect
|move|p2b: Archaludon|Protect|p2b: Archaludon
|-singleturn|p2b: Archaludon|Protect
|move|p2a: Grimmsnarl|Parting Shot|p1a: Primarina
|-activate|p1a: Primarina|move: Protect
|move|p1b: Rotom|Discharge|p2a: Grimmsnarl|[spread] p2a
|-activate|p1a: Primarina|move: Protect
|-activate|p2b: Archaludon|move: Protect
|-damage|p2a: Grimmsnarl|69/100
|
|-heal|p2b: Archaludon|39/100 par|[from] item: Leftovers
|upkeep
|turn|3
|
|t:|1783390842
|switch|p1b: Tyranitar|Tyranitar, L50, F|100/100
|-weather|Sandstorm|[from] ability: Sand Stream|[of] p1b: Tyranitar
|move|p2a: Grimmsnarl|Parting Shot|p1a: Primarina
|-unboost|p1a: Primarina|atk|1
|-unboost|p1a: Primarina|spa|1
|
|t:|1783390847
|switch|p2a: Sinistcha|Sinistcha, L50|100/100|[from] Parting Shot
|-heal|p2b: Archaludon|64/100 par|[from] ability: Hospitality|[of] p2a: Sinistcha
|move|p1a: Primarina|Hyper Voice|p2b: Archaludon|[spread] p2a,p2b
|-resisted|p2a: Sinistcha|1
|-resisted|p2b: Archaludon|1
|-damage|p2a: Sinistcha|88/100
|-damage|p2b: Archaludon|52/100 par
|-ability|p2b: Archaludon|Stamina|boost
|-boost|p2b: Archaludon|def|1
|-damage|p1a: Primarina|90/100|[from] item: Life Orb
|move|p2b: Archaludon|Flash Cannon|p1a: Primarina
|-damage|p1a: Primarina|52/100
|
|-weather|Sandstorm|[upkeep]
|-damage|p2a: Sinistcha|82/100|[from] Sandstorm
|-damage|p1a: Primarina|46/100|[from] Sandstorm
|-heal|p2b: Archaludon|58/100 par|[from] item: Leftovers
|upkeep
|turn|4
|
|t:|1783390879
|switch|p2a: Grimmsnarl|Grimmsnarl, L50, M|69/100
|switch|p1a: Rotom|Rotom-Heat, L50|100/100
|move|p1b: Tyranitar|Protect|p1b: Tyranitar
|-singleturn|p1b: Tyranitar|Protect
|move|p2b: Archaludon|Protect||[still]
|-fail|p2b: Archaludon
|
|-weather|Sandstorm|[upkeep]
|-damage|p1a: Rotom|94/100|[from] Sandstorm
|-damage|p2a: Grimmsnarl|63/100|[from] Sandstorm
|-heal|p2b: Archaludon|64/100 par|[from] item: Leftovers
|upkeep
|turn|5
|
|t:|1783390951
|move|p2a: Grimmsnarl|Parting Shot|p1a: Rotom
|-unboost|p1a: Rotom|atk|1
|-unboost|p1a: Rotom|spa|1
|
|t:|1783390956
|switch|p2a: Pelipper|Pelipper, L50, M|100/100|[from] Parting Shot
|-weather|RainDance|[from] ability: Drizzle|[of] p2a: Pelipper
|move|p1a: Rotom|Overheat|p2b: Archaludon
|-damage|p2b: Archaludon|52/100 par
|-unboost|p1a: Rotom|spa|2
|-ability|p2b: Archaludon|Stamina|boost
|-boost|p2b: Archaludon|def|1
|move|p1b: Tyranitar|Low Kick|p2b: Archaludon
|-supereffective|p2b: Archaludon|1
|-damage|p2b: Archaludon|36/100 par
|-ability|p2b: Archaludon|Stamina|boost
|-boost|p2b: Archaludon|def|1
|move|p2b: Archaludon|Electro Shot||[still]
|-prepare|p2b: Archaludon|Electro Shot
|-boost|p2b: Archaludon|spa|1
|-anim|p2b: Archaludon|Electro Shot|p1b: Tyranitar
|-damage|p1b: Tyranitar|52/100
|
|-weather|RainDance|[upkeep]
|-heal|p2b: Archaludon|42/100 par|[from] item: Leftovers
|upkeep
|turn|6
|
|t:|1783390979
|switch|p2a: Sinistcha|Sinistcha, L50|82/100
|-heal|p2b: Archaludon|67/100 par|[from] ability: Hospitality|[of] p2a: Sinistcha
|move|p1a: Rotom|Overheat|p2b: Archaludon|[miss]
|-miss|p1a: Rotom|p2b: Archaludon
|move|p1b: Tyranitar|Rock Slide|p2b: Archaludon|[spread] p2a,p2b
|-resisted|p2b: Archaludon|1
|-damage|p2a: Sinistcha|57/100
|-damage|p2b: Archaludon|63/100 par
|-ability|p2b: Archaludon|Stamina|boost
|-boost|p2b: Archaludon|def|1
|move|p2b: Archaludon|Flash Cannon|p1b: Tyranitar
|-supereffective|p1b: Tyranitar|1
|-damage|p1b: Tyranitar|0 fnt
|faint|p1b: Tyranitar
|
|-weather|RainDance|[upkeep]
|-heal|p2b: Archaludon|70/100 par|[from] item: Leftovers
|upkeep
|inactive|Battle timer is ON: inactive players will automatically lose when time's up. (requested by northfacefan)
|
|t:|1783390996
|switch|p1b: Primarina|Primarina, L50, M|46/100
|turn|7
|
|t:|1783391008
|move|p2a: Sinistcha|Rage Powder|p2a: Sinistcha
|-singleturn|p2a: Sinistcha|move: Rage Powder
|move|p1a: Rotom|Overheat|p2a: Sinistcha
|-supereffective|p2a: Sinistcha|1
|-damage|p2a: Sinistcha|43/100
|-unboost|p1a: Rotom|spa|2
|move|p1b: Primarina|Moonblast|p2a: Sinistcha
|-damage|p2a: Sinistcha|0 fnt
|faint|p2a: Sinistcha
|-damage|p1b: Primarina|36/100|[from] item: Life Orb
|move|p2b: Archaludon|Electro Shot||[still]
|-prepare|p2b: Archaludon|Electro Shot
|-boost|p2b: Archaludon|spa|1
|-anim|p2b: Archaludon|Electro Shot|p1b: Primarina
|-supereffective|p1b: Primarina|1
|-damage|p1b: Primarina|0 fnt
|faint|p1b: Primarina
|
|-weather|RainDance|[upkeep]
|-heal|p2b: Archaludon|76/100 par|[from] item: Leftovers
|upkeep
|
|t:|1783391019
|switch|p2a: Pelipper|Pelipper, L50, M|100/100
|turn|8
|
|t:|1783391032
|move|p1a: Rotom|Overheat|p2b: Archaludon
|-damage|p2b: Archaludon|70/100 par
|-unboost|p1a: Rotom|spa|1
|move|p2a: Pelipper|Weather Ball|p1a: Rotom
|-supereffective|p1a: Rotom|1
|-damage|p1a: Rotom|0 fnt
|faint|p1a: Rotom
|
|win|iori696
||iori696 is ready for game 2.
|inactive|northfacefan has 30 seconds to confirm battle start!
|l|☆northfacefan
|player|p1|
|inactive|northfacefan has 20 seconds to confirm battle start!
|inactive|northfacefan has 10 seconds to confirm battle start!
|inactive|northfacefan has 0 seconds to confirm battle start!
||northfacefan is ready for game 2.
|uhtml|next|Next: Game 2 of 3
|j|☆northfacefan
|player|p1|northfacefan|170|
|l|☆northfacefan
|player|p1|
