|j|☆spellbreakvgc
|j|☆aceccam56
|html|spellbreakvgcaceccam56    
|uhtml|bestof|Game 3 of a best-of-3
|t:|1757721786
|gametype|doubles
|player|p1|spellbreakvgc|lance|1159
|player|p2|aceccam56|2|1036
|gen|9
|tier|[Gen 9] VGC 2025 Reg H (Bo3)
|rated|
|rule|Species Clause: Limit one of each Pokémon
|rule|Item Clause: Limit 1 of each item
|clearpoke
|poke|p1|Dondozo, L50, M|
|poke|p1|Sneasler, L50, F|
|poke|p1|Ursaluna-Bloodmoon, L50, M|
|poke|p1|Indeedee, L50, M|
|poke|p1|Tatsugiri, L50, M|
|poke|p1|Whimsicott, L50, M|
|poke|p2|Charizard, L50, F|
|poke|p2|Torkoal, L50, F|
|poke|p2|Jumpluff, L50, M|
|poke|p2|Porygon2, L50|
|poke|p2|Ursaluna, L50, M|
|poke|p2|Farigiraf, L50, F|
|teampreview|4
|showteam|p1|Dondozo||Leftovers|Unaware|WaveCrash,OrderUp,Earthquake,Protect|||M|||50|,,,,,Grass]Sneasler||PsychicSeed|Unburden|DireClaw,CloseCombat,ThroatChop,Protect|||F|||50|,,,,,Dark]Ursaluna-Bloodmoon||LifeOrb|MindsEye|BloodMoon,HyperVoice,EarthPower,Protect|||M|||50|,,,,,Normal]Indeedee||FocusSash|PsychicSurge|ExpandingForce,TeraBlast,HelpingHand,Protect|||M|||50|,,,,,Psychic]Tatsugiri||SafetyGoggles|Commander|DracoMeteor,MuddyWater,HelpingHand,Protect|||M|||50|,,,,,Normal]Whimsicott||CovertCloak|Prankster|Moonblast,Tailwind,LightScreen,HelpingHand|||M|||50|,,,,,Poison
|showteam|p2|Charizard||ChoiceSpecs|SolarPower|HeatWave,Overheat,AirSlash,WeatherBall|||F|||50|,,,,,Fire]Torkoal||SafetyGoggles|Drought|Eruption,EarthPower,Protect,WeatherBall|||F|||50|,,,,,Fire]Jumpluff||CovertCloak|Chlorophyll|Tailwind,SleepPowder,RagePowder,SunnyDay|||M|||50|,,,,,Water]Porygon2||Eviolite|Download|IceBeam,TeraBlast,TrickRoom,Protect||||||50|,,,,,Fighting]Ursaluna||FlameOrb|Guts|Facade,HeadlongRush,Earthquake,Protect|||M|||50|,,,,,Ghost]Farigiraf||ThroatSpray|ArmorTail|HyperVoice,TrickRoom,HelpingHand,Protect|||F|||50|,,,,,Dark
|inactive|Battle timer is ON: inactive players will automatically lose when time's up. (requested by spellbreakvgc)
|inactive|spellbreakvgc has 60 seconds left.
|
|t:|1757721824
|teamsize|p1|4
|teamsize|p2|4
|start
|switch|p1a: Sneasler|Sneasler, L50, F|100/100
|switch|p1b: Indeedee|Indeedee, L50, M|100/100
|switch|p2a: Porygon2|Porygon2, L50, shiny|100/100
|switch|p2b: Jumpluff|Jumpluff, L50, M|100/100
|-fieldstart|move: Psychic Terrain|[from] ability: Psychic Surge|[of] p1b: Indeedee
|-enditem|p1a: Sneasler|Psychic Seed
|-boost|p1a: Sneasler|spd|1|[from] item: Psychic Seed
|-ability|p2a: Porygon2|Download|boost
|-boost|p2a: Porygon2|atk|1
|turn|1
|
|t:|1757721848
|-terastallize|p1b: Indeedee|Psychic
|move|p2a: Porygon2|Protect|p2a: Porygon2
|-singleturn|p2a: Porygon2|Protect
|move|p1a: Sneasler|Close Combat|p2a: Porygon2
|-activate|p2a: Porygon2|move: Protect
|move|p1b: Indeedee|Expanding Force|p2a: Porygon2|[spread] p2b
|-activate|p2a: Porygon2|move: Protect
|-damage|p2b: Jumpluff|38/100
|move|p2b: Jumpluff|Sleep Powder|p1a: Sneasler|[miss]
|-miss|p2b: Jumpluff|p1a: Sneasler
|
|upkeep
|turn|2
|
|t:|1757721867
|switch|p2a: Farigiraf|Farigiraf, L50, F|100/100
|move|p1a: Sneasler|Close Combat|p2a: Farigiraf
|-damage|p2a: Farigiraf|34/100
|-unboost|p1a: Sneasler|def|1
|-unboost|p1a: Sneasler|spd|1
|move|p1b: Indeedee|Expanding Force|p2b: Jumpluff|[spread] p2a,p2b
|-resisted|p2a: Farigiraf
|-damage|p2a: Farigiraf|3/100
|-damage|p2b: Jumpluff|0 fnt
|faint|p2b: Jumpluff
|
|upkeep
|
|t:|1757721877
|switch|p2b: Ursaluna|Ursaluna, L50, M|100/100
|turn|3
|
|t:|1757721885
|-terastallize|p2b: Ursaluna|Ghost
|move|p2a: Farigiraf|Helping Hand|p2b: Ursaluna
|-singleturn|p2b: Ursaluna|Helping Hand|[of] p2a: Farigiraf
|move|p1a: Sneasler|Close Combat|p2b: Ursaluna
|-immune|p2b: Ursaluna
|move|p1b: Indeedee|Expanding Force|p2b: Ursaluna|[spread] p2a,p2b
|-resisted|p2a: Farigiraf
|-damage|p2a: Farigiraf|0 fnt
|-damage|p2b: Ursaluna|42/100
|faint|p2a: Farigiraf
|move|p2b: Ursaluna|Earthquake|p1a: Sneasler|[spread] p1a,p1b
|-supereffective|p1a: Sneasler
|-damage|p1a: Sneasler|0 fnt
|-enditem|p1b: Indeedee|Focus Sash
|-damage|p1b: Indeedee|1/100
|faint|p1a: Sneasler
|
|-status|p2b: Ursaluna|brn|[from] item: Flame Orb
|upkeep
|
|t:|1757721901
|switch|p1a: Dondozo|Dondozo, L50, M|100/100
|switch|p2a: Porygon2|Porygon2, L50, shiny|100/100
|-ability|p2a: Porygon2|Download|boost
|-boost|p2a: Porygon2|spa|1
|turn|4
|
|t:|1757721917
|move|p2b: Ursaluna|Protect|p2b: Ursaluna
|-singleturn|p2b: Ursaluna|Protect
|move|p1b: Indeedee|Expanding Force|p2b: Ursaluna|[spread] p2a
|-activate|p2b: Ursaluna|move: Protect
|-damage|p2a: Porygon2|60/100
|move|p1a: Dondozo|Wave Crash|p2a: Porygon2
|-damage|p2a: Porygon2|23/100
|-damage|p1a: Dondozo|91/100|[from] Recoil
|move|p2a: Porygon2|Ice Beam|p1b: Indeedee
|-damage|p1b: Indeedee|0 fnt
|faint|p1b: Indeedee
|
|-heal|p1a: Dondozo|97/100|[from] item: Leftovers
|-damage|p2b: Ursaluna|36/100 brn|[from] brn
|upkeep
|
|t:|1757721931
|switch|p1b: Tatsugiri|Tatsugiri, L50, M|100/100
|-activate|p1b: Tatsugiri|ability: Commander|[of] p1a: Dondozo
|-boost|p1a: Dondozo|atk|2
|-boost|p1a: Dondozo|spa|2
|-boost|p1a: Dondozo|spe|2
|-boost|p1a: Dondozo|def|2
|-boost|p1a: Dondozo|spd|2
|turn|5
|
|t:|1757721949
|move|p1a: Dondozo|Wave Crash|p2b: Ursaluna
|-damage|p2b: Ursaluna|0 fnt
|faint|p2b: Ursaluna
|-damage|p1a: Dondozo|86/100|[from] Recoil
|move|p2a: Porygon2|Trick Room|p2a: Porygon2
|-fieldstart|move: Trick Room|[of] p2a: Porygon2
|
|-heal|p1a: Dondozo|93/100|[from] item: Leftovers
|-fieldend|move: Psychic Terrain
|upkeep
|turn|6
|
|t:|1757721953
|move|p2a: Porygon2|Ice Beam|p1a: Dondozo
|-resisted|p1a: Dondozo
|-damage|p1a: Dondozo|85/100
|move|p1a: Dondozo|Wave Crash|p2a: Porygon2
|-damage|p2a: Porygon2|0 fnt
|faint|p2a: Porygon2
|-damage|p1a: Dondozo|79/100|[from] Recoil
|
|win|spellbreakvgc
