|j|☆HopeAddict
|j|☆Illumina_IrisQ
|html|HopeAddictIllumina_IrisQ    
|uhtml|bestof|Game 1 of a best-of-3
|t:|1756242300
|gametype|doubles
|player|p1|HopeAddict|bill|1040
|player|p2|Illumina_IrisQ|akari|1033
|gen|9
|tier|[Gen 9] VGC 2025 Reg H (Bo3)
|rated|
|rule|Species Clause: Limit one of each Pokémon
|rule|Item Clause: Limit 1 of each item
|clearpoke
|poke|p1|Whimsicott, L50, M|
|poke|p1|Ursaluna-Bloodmoon, L50, M|
|poke|p1|Typhlosion-Hisui, L50, F|
|poke|p1|Milotic, L50, F|
|poke|p1|Annihilape, L50, M|
|poke|p1|Maushold, L50|
|poke|p2|Magmar, L50, F|
|poke|p2|Rillaboom, L50, M|
|poke|p2|Sneasler, L50, M|
|poke|p2|Basculegion, L50, M|
|poke|p2|Ninetales-Alola, L50, F|
|poke|p2|Archaludon, L50, M|
|teampreview|4
|showteam|p1|Whimsicott||CovertCloak|Prankster|Moonblast,Encore,Tailwind,Protect|||M|||50|,,,,,Water]Ursaluna-Bloodmoon||AssaultVest|MindsEye|BloodMoon,HyperVoice,EarthPower,VacuumWave|||M|||50|,,,,,Ghost]Typhlosion-Hisui||ChoiceSpecs|Blaze|Eruption,HeatWave,Flamethrower,ShadowBall|||F|||50|,,,,,Fire]Milotic||Leftovers|Competitive|Scald,IcyWind,Haze,Protect|||F|||50|,,,,,Poison]Annihilape||SafetyGoggles|Defiant|RageFist,DrainPunch,BulkUp,Protect|||M|||50|,,,,,Fire]Maushold||FocusSash|FriendGuard|BeatUp,Taunt,FollowMe,SuperFang||||||50|,,,,,Ghost
|showteam|p2|Magmar||Eviolite|VitalSpirit|Flamethrower,FollowMe,Taunt,Protect|||F|||50|,,,,,Fairy]Rillaboom||AssaultVest|GrassySurge|WoodHammer,GrassyGlide,FakeOut,HighHorsepower|||M|||50|,,,,,Fire]Sneasler||FocusSash|Unburden|DireClaw,CloseCombat,ThroatChop,Protect|||M|||50|,,,,,Stellar]Basculegion||ChoiceScarf|Adaptability|WaveCrash,LastRespects,AquaJet,FlipTurn|||M|||50|,,,,,Grass]Ninetales-Alola||IciclePlate|SnowWarning|Blizzard,FreezeDry,IcyWind,Protect|||F|||50|,,,,,Ice]Archaludon||PowerHerb|Sturdy|ElectroShot,DragonPulse,Thunderbolt,Protect|||M|||50|,,,,,Electric
|inactive|Battle timer is ON: inactive players will automatically lose when time's up. (requested by Illumina_IrisQ)
|inactive|HopeAddict also wants the timer to be on.
|inactive|HopeAddict has 60 seconds left.
|inactive|Illumina_IrisQ has 60 seconds left.
|inactive|HopeAddict has 30 seconds left.
|
|t:|1756242371
|teamsize|p1|4
|teamsize|p2|4
|start
|switch|p1a: Annihilape|Annihilape, L50, M|100/100
|switch|p1b: Maushold|Maushold, L50|100/100
|switch|p2a: Sneasler|Sneasler, L50, M, shiny|100/100
|switch|p2b: Archaludon|Archaludon, L50, M|100/100
|turn|1
|inactive|HopeAddict has 30 seconds left.
|
|t:|1756242400
|-terastallize|p2b: Archaludon|Electric
|move|p2a: Sneasler|Throat Chop|p1a: Annihilape
|-damage|p1a: Annihilape|79/100
|-start|p1a: Annihilape|Throat Chop|[silent]
|move|p1b: Maushold|Super Fang|p2b: Archaludon
|-damage|p2b: Archaludon|50/100
|move|p1a: Annihilape|Drain Punch|p2b: Archaludon
|-damage|p2b: Archaludon|23/100
|-heal|p1a: Annihilape|90/100|[from] drain|[of] p2b: Archaludon
|move|p2b: Archaludon|Electro Shot||[still]
|-prepare|p2b: Archaludon|Electro Shot
|-boost|p2b: Archaludon|spa|1
|-enditem|p2b: Archaludon|Power Herb
|-anim|p2b: Archaludon|Electro Shot|p1a: Annihilape
|-damage|p1a: Annihilape|18/100
|
|upkeep
|turn|2
|inactive|HopeAddict has 30 seconds left.
|inactive|HopeAddict has 20 seconds left.
|
|t:|1756242435
|move|p2b: Archaludon|Protect|p2b: Archaludon
|-singleturn|p2b: Archaludon|Protect
|move|p1b: Maushold|Follow Me|p1b: Maushold
|-singleturn|p1b: Maushold|move: Follow Me
|move|p2a: Sneasler|Throat Chop|p1b: Maushold
|-damage|p1b: Maushold|64/100
|-start|p1b: Maushold|Throat Chop|[silent]
|move|p1a: Annihilape|Rage Fist|p2a: Sneasler
|-crit|p2a: Sneasler
|-enditem|p2a: Sneasler|Focus Sash
|-damage|p2a: Sneasler|1/100
|
|-end|p1a: Annihilape|Throat Chop|[silent]
|upkeep
|turn|3
|
|t:|1756242455
|move|p1b: Maushold|Follow Me|p1b: Maushold
|-singleturn|p1b: Maushold|move: Follow Me
|move|p2a: Sneasler|Close Combat|p1b: Maushold
|-supereffective|p1b: Maushold
|-damage|p1b: Maushold|0 fnt
|-unboost|p2a: Sneasler|def|1
|-unboost|p2a: Sneasler|spd|1
|faint|p1b: Maushold
|move|p1a: Annihilape|Drain Punch|p2b: Archaludon
|-damage|p2b: Archaludon|0 fnt
|-heal|p1a: Annihilape|27/100|[from] drain|[of] p2b: Archaludon
|faint|p2b: Archaludon
|
|upkeep
|
|t:|1756242468
|switch|p1b: Ursaluna|Ursaluna-Bloodmoon, L50, M|100/100
|switch|p2b: Gooseberry|Basculegion, L50, M, shiny|100/100
|turn|4
|
|t:|1756242484
|switch|p2a: Magmar|Magmar, L50, F|100/100
|-terastallize|p1b: Ursaluna|Ghost
|move|p1a: Annihilape|Protect|p1a: Annihilape
|-singleturn|p1a: Annihilape|Protect
|move|p2b: Gooseberry|Flip Turn|p1a: Annihilape
|-activate|p1a: Annihilape|move: Protect
|move|p1b: Ursaluna|Blood Moon|p2b: Gooseberry
|-damage|p2b: Gooseberry|14/100
|
|upkeep
|turn|5
|
|t:|1756242505
|move|p2b: Gooseberry|Flip Turn|p1a: Annihilape
|-damage|p1a: Annihilape|0 fnt
|faint|p1a: Annihilape
|
|t:|1756242508
|switch|p2b: Sneasler|Sneasler, L50, M, shiny|1/100|[from] Flip Turn
|move|p2a: Magmar|Flamethrower|p1b: Ursaluna
|-damage|p1b: Ursaluna|72/100
|move|p1b: Ursaluna|Earth Power|p2a: Magmar
|-supereffective|p2a: Magmar
|-damage|p2a: Magmar|33/100
|
|upkeep
|
|t:|1756242516
|switch|p1a: Typhlosion|Typhlosion-Hisui, L50, F|100/100
|turn|6
|
|t:|1756242526
|move|p2a: Magmar|Protect|p2a: Magmar
|-singleturn|p2a: Magmar|Protect
|move|p1b: Ursaluna|Vacuum Wave|p2b: Sneasler
|-resisted|p2b: Sneasler
|-damage|p2b: Sneasler|0 fnt
|faint|p2b: Sneasler
|move|p1a: Typhlosion|Shadow Ball|p2a: Magmar
|-activate|p2a: Magmar|move: Protect
|
|upkeep
|
|t:|1756242530
|switch|p2b: Gooseberry|Basculegion, L50, M, shiny|14/100
|turn|7
|
|t:|1756242538
|move|p2a: Magmar|Follow Me|p2a: Magmar
|-singleturn|p2a: Magmar|move: Follow Me
|move|p1b: Ursaluna|Vacuum Wave|p2a: Magmar
|-damage|p2a: Magmar|23/100
|move|p2b: Gooseberry|Last Respects|p1a: Typhlosion
|-supereffective|p1a: Typhlosion
|-damage|p1a: Typhlosion|0 fnt
|faint|p1a: Typhlosion
|
|upkeep
|turn|8
|
|t:|1756242551
|move|p2a: Magmar|Follow Me|p2a: Magmar
|-singleturn|p2a: Magmar|move: Follow Me
|move|p2b: Gooseberry|Last Respects|p1b: Ursaluna
|-supereffective|p1b: Ursaluna
|-damage|p1b: Ursaluna|0 fnt
|faint|p1b: Ursaluna
|
|win|Illumina_IrisQ
||HopeAddict is ready for game 2.
||Illumina_IrisQ is ready for game 2.
|uhtml|next|Next: Game 2 of 3
