|j|☆marcoslegui
|j|☆darrell sim
|html|marcosleguidarrell sim    
|uhtml|bestof|Game 1 of a best-of-3
|t:|1756469441
|gametype|doubles
|player|p1|marcoslegui|pokekid|1159
|player|p2|darrell sim|2|1108
|gen|9
|tier|[Gen 9] VGC 2025 Reg H (Bo3)
|rated|
|rule|Species Clause: Limit one of each Pokémon
|rule|Item Clause: Limit 1 of each item
|clearpoke
|poke|p1|Sneasler, L50, F|
|poke|p1|Volcarona, L50, M|
|poke|p1|Kingambit, L50, M|
|poke|p1|Baxcalibur, L50, F|
|poke|p1|Basculegion, L50, M|
|poke|p1|Rillaboom, L50, F|
|poke|p2|Dondozo, L50, M|
|poke|p2|Tatsugiri, L50, F|
|poke|p2|Pelipper, L50, F|
|poke|p2|Archaludon, L50, F|
|poke|p2|Annihilape, L50, F|
|poke|p2|Maushold, L50|
|teampreview|4
|showteam|p1|Sneasler||FocusSash|Unburden|DireClaw,CloseCombat,Protect,Coaching|||F|||50|,,,,,Stellar]Volcarona||CovertCloak|FlameBody|HeatWave,TeraBlast,QuiverDance,Protect|||M|||50|,,,,,Fairy]Kingambit||AssaultVest|Defiant|KowtowCleave,SuckerPunch,IronHead,LowKick|||M|||50|,,,,,Ghost]Baxcalibur||LoadedDice|ThermalExchange|IcicleSpear,ScaleShot,IceShard,Protect|||F|||50|,,,,,Ghost]Basculegion||ChoiceScarf|Adaptability|WaveCrash,FlipTurn,LastRespects,TeraBlast|||M|||50|,,,,,Fairy]Rillaboom||MiracleSeed|GrassySurge|WoodHammer,GrassyGlide,HighHorsepower,FakeOut|||F|||50|,,,,,Fire
|showteam|p2|Dondozo||Leftovers|Unaware|OrderUp,WaveCrash,Rest,SleepTalk|||M|||50|,,,,,Grass]Tatsugiri||ChoiceSpecs|Commander|DracoMeteor,HydroPump,IcyWind,MuddyWater|||F|||50|,,,,,Dragon]Pelipper||FocusSash|Drizzle|Hurricane,Tailwind,Protect,WideGuard|||F|||50|,,,,,Flying]Archaludon||AssaultVest|Stamina|ElectroShot,FlashCannon,DracoMeteor,BodyPress|||F|||50|,,,,,Electric]Annihilape||LifeOrb|Defiant|CloseCombat,RageFist,Protect,Endeavor|||F|||50|,,,,,Dark]Maushold||SafetyGoggles|FriendGuard|PopulationBomb,BeatUp,FollowMe,Protect||||||50|,,,,,Ghost
|inactive|Battle timer is ON: inactive players will automatically lose when time's up. (requested by darrell sim)
|inactive|marcoslegui has 60 seconds left.
|
|t:|1756469474
|teamsize|p1|4
|teamsize|p2|4
|start
|switch|p1a: Volcarona|Volcarona, L50, M|100/100
|switch|p1b: Rillaboom|Rillaboom, L50, F|100/100
|switch|p2a: Pelipper|Pelipper, L50, F|100/100
|switch|p2b: Dondozo|Dondozo, L50, M|100/100
|-weather|RainDance|[from] ability: Drizzle|[of] p2a: Pelipper
|-fieldstart|move: Grassy Terrain|[from] ability: Grassy Surge|[of] p1b: Rillaboom
|turn|1
|
|t:|1756469491
|switch|p1a: Sneasler|Sneasler, L50, F|100/100
|move|p2a: Pelipper|Protect|p2a: Pelipper
|-singleturn|p2a: Pelipper|Protect
|move|p1b: Rillaboom|Fake Out|p2a: Pelipper
|-activate|p2a: Pelipper|move: Protect
|move|p2b: Dondozo|Wave Crash|p1a: Sneasler
|-damage|p1a: Sneasler|2/100
|-damage|p2b: Dondozo|81/100|[from] Recoil
|
|-weather|RainDance|[upkeep]
|-heal|p1a: Sneasler|8/100|[from] Grassy Terrain
|-heal|p2b: Dondozo|87/100|[from] Grassy Terrain
|-heal|p2b: Dondozo|93/100|[from] item: Leftovers
|upkeep
|turn|2
|
|t:|1756469512
|move|p1a: Sneasler|Dire Claw|p2b: Dondozo
|-damage|p2b: Dondozo|73/100
|-status|p2b: Dondozo|psn
|move|p2a: Pelipper|Tailwind|p2a: Pelipper
|-sidestart|p2: darrell sim|move: Tailwind
|move|p1b: Rillaboom|Wood Hammer|p2b: Dondozo
|-supereffective|p2b: Dondozo
|-damage|p2b: Dondozo|0 fnt
|faint|p2b: Dondozo
|-damage|p1b: Rillaboom|69/100|[from] Recoil
|
|-weather|RainDance|[upkeep]
|-heal|p1a: Sneasler|13/100|[from] Grassy Terrain
|-heal|p1b: Rillaboom|75/100|[from] Grassy Terrain
|upkeep
|
|t:|1756469526
|switch|p2b: Archaludon|Archaludon, L50, F|100/100
|turn|3
|
|t:|1756469550
|-terastallize|p2b: Archaludon|Electric
|move|p1a: Sneasler|Protect|p1a: Sneasler
|-singleturn|p1a: Sneasler|Protect
|move|p2a: Pelipper|Hurricane|p1b: Rillaboom
|-supereffective|p1b: Rillaboom
|-damage|p1b: Rillaboom|0 fnt
|faint|p1b: Rillaboom
|move|p2b: Archaludon|Electro Shot||[still]
|-prepare|p2b: Archaludon|Electro Shot
|-boost|p2b: Archaludon|spa|1
|-anim|p2b: Archaludon|Electro Shot|p1a: Sneasler
|-activate|p1a: Sneasler|move: Protect
|
|-weather|RainDance|[upkeep]
|-heal|p1a: Sneasler|19/100|[from] Grassy Terrain
|upkeep
|
|t:|1756469567
|switch|p1b: Basculegion|Basculegion, L50, M|100/100
|turn|4
|
|t:|1756469575
|move|p2a: Pelipper|Hurricane|p1a: Sneasler
|-supereffective|p1a: Sneasler
|-damage|p1a: Sneasler|0 fnt
|faint|p1a: Sneasler
|move|p1b: Basculegion|Last Respects|p2b: Archaludon
|-damage|p2b: Archaludon|36/100
|-ability|p2b: Archaludon|Stamina|boost
|-boost|p2b: Archaludon|def|1
|move|p2b: Archaludon|Electro Shot||[still]
|-prepare|p2b: Archaludon|Electro Shot
|-boost|p2b: Archaludon|spa|1
|-anim|p2b: Archaludon|Electro Shot|p1b: Basculegion
|-supereffective|p1b: Basculegion
|-damage|p1b: Basculegion|0 fnt
|faint|p1b: Basculegion
|
|-weather|RainDance|[upkeep]
|-heal|p2b: Archaludon|42/100|[from] Grassy Terrain
|upkeep
|
|t:|1756469587
|switch|p1b: Volcarona|Volcarona, L50, M|100/100
|turn|5
|
|t:|1756469599
|-terastallize|p1b: Volcarona|Fairy
|move|p2a: Pelipper|Hurricane|p1b: Volcarona
|-damage|p1b: Volcarona|62/100
|move|p2b: Archaludon|Draco Meteor|p1b: Volcarona
|-immune|p1b: Volcarona
|move|p1b: Volcarona|Quiver Dance|p1b: Volcarona
|-boost|p1b: Volcarona|spa|1
|-boost|p1b: Volcarona|spd|1
|-boost|p1b: Volcarona|spe|1
|
|-weather|none
|-heal|p2b: Archaludon|48/100|[from] Grassy Terrain
|-heal|p1b: Volcarona|69/100|[from] Grassy Terrain
|-sideend|p2: darrell sim|move: Tailwind
|-fieldend|move: Grassy Terrain
|upkeep
|turn|6
|
|t:|1756469619
|move|p2a: Pelipper|Wide Guard|p2a: Pelipper
|-singleturn|p2a: Pelipper|Wide Guard
|move|p1b: Volcarona|Heat Wave|p2b: Archaludon|[spread] 
|-activate|p2a: Pelipper|move: Wide Guard
|-activate|p2b: Archaludon|move: Wide Guard
|move|p2b: Archaludon|Flash Cannon|p1b: Volcarona
|-supereffective|p1b: Volcarona
|-damage|p1b: Volcarona|0 fnt
|faint|p1b: Volcarona
|
|win|darrell sim
||marcoslegui is ready for game 2.
||darrell sim is ready for game 2.
|uhtml|next|Next: Game 2 of 3
