|j|☆negaifreak
|j|☆EVIOLITESWEEP
|html|negaifreakEVIOLITESWEEP    
|uhtml|bestof|Game 1 of a best-of-3
|t:|1783790925
|gametype|doubles
|player|p1|negaifreak|nate|1138
|player|p2|EVIOLITESWEEP|101|1035
|gen|9
|tier|[Gen 9 Champions] VGC 2026 Reg M-B (Bo3)
|rated|
|rule|Species Clause: Limit one of each Pokémon
|rule|Item Clause: Limit 1 of each item
|clearpoke
|poke|p1|Pelipper, L50, M|
|poke|p1|Tinkaton, L50, F|
|poke|p1|Sneasler, L50, M|
|poke|p1|Sinistcha, L50|
|poke|p1|Blastoise, L50, M|
|poke|p1|Farigiraf, L50, M|
|poke|p2|Orthworm, L50, F|
|poke|p2|Garchomp, L50, F|
|poke|p2|Delphox, L50, F|
|poke|p2|Whimsicott, L50, F|
|poke|p2|Aerodactyl, L50, F|
|poke|p2|Gyarados, L50, M|
|teampreview|4
|showteam|p1|Pelipper||FocusSash|Drizzle|WeatherBall,Hurricane,Tailwind,Protect|Modest||M|||50|]Tinkaton||Leftovers|MoldBreaker|GigatonHammer,FakeOut,PlayRough,Feint|Adamant||F|||50|]Sneasler||WhiteHerb|Unburden|FakeOut,DireClaw,CloseCombat,Protect|Adamant||M|||50|]Sinistcha||SitrusBerry|Hospitality|MatchaGotcha,RagePowder,LifeDew,TrickRoom|Relaxed|||||50|]Blastoise||Blastoisinite|Torrent|DarkPulse,WaterSpout,ShellSmash,Protect|Modest||M|||50|]Farigiraf||ColburBerry|ArmorTail|TrickRoom,RainDance,Psychic,HelpingHand|Bold||M|||50|
|showteam|p2|Orthworm||OccaBerry|EarthEater|BodyPress,HeavySlam,SmackDown,Protect|Careful||F|||50|]Garchomp||LifeOrb|RoughSkin|Earthquake,Protect,BreakingSwipe,RockSlide|Jolly||F|||50|]Delphox||Delphoxite|Blaze|HeatWave,FoulPlay,Psychic,Protect|Timid||F|||50|]Whimsicott||MentalHerb|Prankster|Tailwind,SunnyDay,Encore,Moonblast|Bold||F|||50|]Aerodactyl||Aerodactylite|RockHead|WideGuard,RockSlide,Tailwind,Protect|Jolly||F|||50|]Gyarados||WacanBerry|Intimidate|IcyWind,Crunch,Protect,DragonTail|Relaxed||M|||50|
|inactive|Battle timer is ON: inactive players will automatically lose when time's up. (requested by negaifreak)
|c|☆negaifreak|GLHF
|c|☆EVIOLITESWEEP|glhf!!
|inactive|negaifreak has 60 seconds left.
|inactive|EVIOLITESWEEP has 60 seconds left.
|inactive|negaifreak has 30 seconds left.
|
|t:|1783790990
|teamsize|p1|4
|teamsize|p2|4
|start
|switch|p1a: Tinkaton|Tinkaton, L50, F|100/100
|switch|p1b: Blastoise|Blastoise, L50, M|100/100
|switch|p2a: Whimsicott|Whimsicott, L50, F|100/100
|switch|p2b: Delphox|Delphox, L50, F|100/100
|-ability|p1a: Tinkaton|Mold Breaker
|turn|1
|inactive|negaifreak has 30 seconds left.
|inactive|EVIOLITESWEEP has 30 seconds left.
|inactive|negaifreak has 20 seconds left.
|inactive|EVIOLITESWEEP has 20 seconds left.
|
|t:|1783791029
|detailschange|p2b: Delphox|Delphox-Mega, L50, F
|-mega|p2b: Delphox|Delphox|Delphoxite
|detailschange|p1b: Blastoise|Blastoise-Mega, L50, M
|-mega|p1b: Blastoise|Blastoise|Blastoisinite
|move|p1a: Tinkaton|Fake Out|p2a: Whimsicott
|-damage|p2a: Whimsicott|91/100
|cant|p2a: Whimsicott|flinch
|move|p2b: Delphox|Heat Wave|p1b: Blastoise|[spread] p1a,p1b
|-supereffective|p1a: Tinkaton|1
|-resisted|p1b: Blastoise|1
|-damage|p1a: Tinkaton|30/100
|-damage|p1b: Blastoise|81/100
|-status|p1b: Blastoise|brn
|move|p1b: Blastoise|Water Spout|p2a: Whimsicott|[spread] p2a,p2b
|-resisted|p2a: Whimsicott|1
|-supereffective|p2b: Delphox|1
|-damage|p2a: Whimsicott|59/100
|-damage|p2b: Delphox|3/100
|
|-heal|p1a: Tinkaton|36/100|[from] item: Leftovers
|-damage|p1b: Blastoise|75/100 brn|[from] brn
|upkeep
|turn|2
|
|t:|1783791053
|switch|p1b: Farigiraf|Farigiraf, L50, M|100/100
|move|p2b: Delphox|Protect|p2b: Delphox
|-singleturn|p2b: Delphox|Protect
|move|p1a: Tinkaton|Feint|p2b: Delphox
|-activate|p2b: Delphox|move: Feint
|-damage|p2b: Delphox|0 fnt
|faint|p2b: Delphox
|move|p2a: Whimsicott|Sunny Day|p2a: Whimsicott
|-weather|SunnyDay
|
|-weather|SunnyDay|[upkeep]
|-heal|p1a: Tinkaton|42/100|[from] item: Leftovers
|upkeep
|
|t:|1783791062
|switch|p2b: Garchomp|Garchomp, L50, F|100/100
|turn|3
|
|t:|1783791083
|switch|p2a: Aerodactyl|Aerodactyl, L50, F|100/100
|move|p2b: Garchomp|Earthquake|p1b: Farigiraf|[spread] p1a,p1b
|-immune|p2a: Aerodactyl
|-supereffective|p1a: Tinkaton|1
|-damage|p1a: Tinkaton|0 fnt
|-damage|p1b: Farigiraf|57/100
|faint|p1a: Tinkaton
|-damage|p2b: Garchomp|90/100|[from] item: Life Orb
|move|p1b: Farigiraf|Trick Room|p1b: Farigiraf
|-fieldstart|move: Trick Room|[of] p1b: Farigiraf
|
|-weather|SunnyDay|[upkeep]
|upkeep
|
|t:|1783791096
|switch|p1a: Blastoise|Blastoise-Mega, L50, M|75/100 brn
|turn|4
|
|t:|1783791115
|move|p2a: Aerodactyl|Wide Guard|p2a: Aerodactyl
|-singleturn|p2a: Aerodactyl|Wide Guard
|move|p1b: Farigiraf|Rain Dance|p1b: Farigiraf
|-weather|RainDance
|move|p1a: Blastoise|Dark Pulse|p2b: Garchomp
|-damage|p2b: Garchomp|41/100
|move|p2b: Garchomp|Earthquake|p1a: Blastoise|[spread] p1a,p1b
|-activate|p2a: Aerodactyl|move: Wide Guard
|-damage|p1a: Blastoise|30/100 brn
|-damage|p1b: Farigiraf|15/100
|-damage|p2b: Garchomp|31/100|[from] item: Life Orb
|
|-weather|RainDance|[upkeep]
|-damage|p1a: Blastoise|24/100 brn|[from] brn
|upkeep
|turn|5
|
|t:|1783791135
|move|p2b: Garchomp|Protect|p2b: Garchomp
|-singleturn|p2b: Garchomp|Protect
|move|p2a: Aerodactyl|Protect|p2a: Aerodactyl
|-singleturn|p2a: Aerodactyl|Protect
|move|p1b: Farigiraf|Psychic|p2a: Aerodactyl
|-activate|p2a: Aerodactyl|move: Protect
|move|p1a: Blastoise|Dark Pulse|p2a: Aerodactyl
|-activate|p2a: Aerodactyl|move: Protect
|
|-weather|RainDance|[upkeep]
|-damage|p1a: Blastoise|18/100 brn|[from] brn
|upkeep
|turn|6
|
|t:|1783791152
|switch|p1b: Sinistcha|Sinistcha, L50|100/100
|-heal|p1a: Blastoise|43/100 brn|[from] ability: Hospitality|[of] p1b: Sinistcha
|move|p1a: Blastoise|Dark Pulse|p2b: Garchomp
|-damage|p2b: Garchomp|0 fnt
|faint|p2b: Garchomp
|move|p2a: Aerodactyl|Rock Slide|p1b: Sinistcha|[spread] p1b
|-miss|p2a: Aerodactyl|p1a: Blastoise
|-damage|p1b: Sinistcha|82/100
|
|-weather|RainDance|[upkeep]
|-damage|p1a: Blastoise|37/100 brn|[from] brn
|upkeep
|
|t:|1783791158
|switch|p2b: Whimsicott|Whimsicott, L50, F|59/100
|turn|7
|-message|EVIOLITESWEEP forfeited.
|
|win|negaifreak
|l|☆EVIOLITESWEEP
|player|p2|
||EVIOLITESWEEP is ready for game 2.
