|j|☆Ashishks
|j|☆JoJoel&Jesus
|html|AshishksJoJoel&Jesus    
|uhtml|bestof|Game 2 of a best-of-3
|t:|1782569575
|gametype|doubles
|player|p1|Ashishks|101|1106
|player|p2|JoJoel&Jesus|roughneck-gen4|1070
|gen|9
|tier|[Gen 9 Champions] VGC 2026 Reg M-B (Bo3)
|rated|
|rule|Species Clause: Limit one of each Pokémon
|rule|Item Clause: Limit 1 of each item
|clearpoke
|poke|p1|Tyranitar, L50, M|
|poke|p1|Corviknight, L50, M|
|poke|p1|Sylveon, L50, M|
|poke|p1|Sneasler, L50, M|
|poke|p1|Excadrill, L50, F|
|poke|p1|Tsareena, L50, F|
|poke|p2|Farigiraf, L50, M|
|poke|p2|Garchomp, L50, F|
|poke|p2|Grimmsnarl, L50, M|
|poke|p2|Gholdengo, L50|
|poke|p2|Kangaskhan, L50, F|
|poke|p2|Charizard, L50, M|
|teampreview|4
|showteam|p1|Tyranitar||Tyranitarite|SandStream|DragonDance,Protect,KnockOff,RockSlide|Jolly||M|||50|]Corviknight||SharpBeak|MirrorArmor|BraveBird,IronHead,Tailwind,Protect|Adamant||M|||50|]Sylveon||FairyFeather|Pixilate|HyperVoice,QuickAttack,CalmMind,Detect|Modest||M|||50|]Sneasler||WhiteHerb|Unburden|DireClaw,CloseCombat,FakeOut,Protect|Jolly||M|||50|]Excadrill||FocusSash|SandRush|RockSlide,Earthquake,Protect,IronHead|Adamant||F|||50|]Tsareena||SitrusBerry|QueenlyMajesty|TropKick,TripleAxel,Protect,LowKick|Jolly||F|||50|
|showteam|p2|Farigiraf||Leftovers|ArmorTail|HelpingHand,Roar,TrickRoom,TwinBeam|Bold||M|||50|]Garchomp||SitrusBerry|RoughSkin|SwordsDance,Earthquake,DragonClaw,RockSlide|Adamant||F|||50|]Grimmsnarl||LightClay|Prankster|Reflect,LightScreen,PartingShot,SpiritBreak|Bold||M|||50|]Gholdengo||LifeOrb|GoodasGold|MakeItRain,ShadowBall,Thunderbolt,Protect|Modest|||||50|]Kangaskhan||SilkScarf|Scrappy|DoubleEdge,FakeOut,IcePunch,HammerArm|Adamant||F|||50|]Charizard||CharizarditeX|Blaze|BreakingSwipe,FlareBlitz,BrickBreak,Protect|Brave||M|||50|
|inactive|Battle timer is ON: inactive players will automatically lose when time's up. (requested by Ashishks)
|
|t:|1782569648
|teamsize|p1|4
|teamsize|p2|4
|start
|switch|p1a: Tyranitar|Tyranitar, L50, M|100/100
|switch|p1b: Tsareena|Tsareena, L50, F|100/100
|switch|p2a: Guts|Farigiraf, L50, M|100/100
|switch|p2b: Charizard|Charizard, L50, M|100/100
|-weather|Sandstorm|[from] ability: Sand Stream|[of] p1a: Tyranitar
|turn|1
|inactive|Ashishks has 30 seconds left.
|inactive|JoJoel&Jesus has 30 seconds left.
|inactive|Ashishks has 20 seconds left.
|
|t:|1782569686
|detailschange|p1a: Tyranitar|Tyranitar-Mega, L50, M
|-mega|p1a: Tyranitar|Tyranitar|Tyranitarite
|detailschange|p2b: Charizard|Charizard-Mega-X, L50, M
|-mega|p2b: Charizard|Charizard|Charizardite X
|move|p1b: Tsareena|Protect|p1b: Tsareena
|-singleturn|p1b: Tsareena|Protect
|move|p2b: Charizard|Protect|p2b: Charizard
|-singleturn|p2b: Charizard|Protect
|move|p1a: Tyranitar|Rock Slide|p2b: Charizard|[spread] p2a
|-activate|p2b: Charizard|move: Protect
|-damage|p2a: Guts|67/100
|move|p2a: Guts|Trick Room|p2a: Guts
|-fieldstart|move: Trick Room|[of] p2a: Guts
|
|-weather|Sandstorm|[upkeep]
|-damage|p2a: Guts|61/100|[from] Sandstorm
|-damage|p2b: Charizard|93/100|[from] Sandstorm
|-damage|p1b: Tsareena|94/100|[from] Sandstorm
|-heal|p2a: Guts|67/100|[from] item: Leftovers
|upkeep
|turn|2
|inactive|Ashishks has 30 seconds left.
|inactive|Ashishks has 20 seconds left.
|inactive|Ashishks has 15 seconds left.
|inactive|Ashishks has 10 seconds left.
|inactive|Ashishks has 5 seconds left.
|
|t:|1782569736
|switch|p2a: Kangaskhan|Kangaskhan, L50, F|100/100
|switch|p1b: Sylveon|Sylveon, L50, M|100/100
|move|p2b: Charizard|Brick Break|p1a: Tyranitar
|-supereffective|p1a: Tyranitar|2
|-damage|p1a: Tyranitar|0 fnt
|faint|p1a: Tyranitar
|
|-weather|Sandstorm|[upkeep]
|-damage|p1b: Sylveon|94/100|[from] Sandstorm
|-damage|p2b: Charizard|87/100|[from] Sandstorm
|-damage|p2a: Kangaskhan|94/100|[from] Sandstorm
|upkeep
|
|t:|1782569755
|switch|p1a: Tsareena|Tsareena, L50, F|94/100
|turn|3
|
|t:|1782569770
|move|p1b: Sylveon|Hyper Voice|p2a: Kangaskhan|[spread] p2a,p2b
|-crit|p2a: Kangaskhan
|-crit|p2b: Charizard
|-damage|p2a: Kangaskhan|16/100
|-damage|p2b: Charizard|10/100
|move|p2b: Charizard|Flare Blitz|p1a: Tsareena
|-supereffective|p1a: Tsareena|1
|-damage|p1a: Tsareena|0 fnt
|faint|p1a: Tsareena
|-damage|p2b: Charizard|0 fnt|[from] Recoil
|faint|p2b: Charizard
|move|p2a: Kangaskhan|Double-Edge|p1b: Sylveon
|-damage|p1b: Sylveon|19/100
|-damage|p2a: Kangaskhan|0 fnt|[from] Recoil
|faint|p2a: Kangaskhan
|
|-weather|Sandstorm|[upkeep]
|-damage|p1b: Sylveon|13/100|[from] Sandstorm
|upkeep
|
|t:|1782569789
|switch|p2b: Guts|Farigiraf, L50, M|67/100
|switch|p2a: Nika|Gholdengo, L50|100/100
|switch|p1a: Excadrill|Excadrill, L50, F|100/100
|turn|4
|inactive|Ashishks has 30 seconds left.
|
|t:|1782569821
|move|p1b: Sylveon|Hyper Voice|p2b: Guts|[spread] p2a,p2b
|-resisted|p2a: Nika|1
|-damage|p2a: Nika|75/100
|-damage|p2b: Guts|21/100
|move|p2b: Guts|Twin Beam|p1a: Excadrill
|-resisted|p1a: Excadrill|1
|-damage|p1a: Excadrill|88/100
|-resisted|p1a: Excadrill|1
|-damage|p1a: Excadrill|78/100
|-hitcount|p1a: Excadrill|2
|move|p2a: Nika|Shadow Ball|p1a: Excadrill
|-damage|p1a: Excadrill|0 fnt
|faint|p1a: Excadrill
|-damage|p2a: Nika|65/100|[from] item: Life Orb
|
|-weather|Sandstorm|[upkeep]
|-damage|p1b: Sylveon|7/100|[from] Sandstorm
|-damage|p2b: Guts|15/100|[from] Sandstorm
|-heal|p2b: Guts|21/100|[from] item: Leftovers
|upkeep
|turn|5
|
|t:|1782569840
|move|p1b: Sylveon|Hyper Voice|p2b: Guts|[spread] p2a,p2b
|-resisted|p2a: Nika|1
|-damage|p2a: Nika|42/100
|-damage|p2b: Guts|0 fnt
|faint|p2b: Guts
|move|p2a: Nika|Make It Rain|p1b: Sylveon
|-supereffective|p1b: Sylveon|1
|-damage|p1b: Sylveon|0 fnt
|-unboost|p2a: Nika|spa|2
|faint|p1b: Sylveon
|-damage|p2a: Nika|33/100|[from] item: Life Orb
|
|win|JoJoel&Jesus
