|j|‽ilovepyroar
|j|☆NeonIsNuts
|html|ilovepyroarNeonIsNuts    
|uhtml|bestof|Game 1 of a best-of-3
|t:|1783315209
|gametype|doubles
|player|p1|ilovepyroar|101|1102
|player|p2|NeonIsNuts|102|1159
|gen|9
|tier|[Gen 9 Champions] VGC 2026 Reg M-B (Bo3)
|rated|
|rule|Species Clause: Limit one of each Pokémon
|rule|Item Clause: Limit 1 of each item
|clearpoke
|poke|p1|Gengar, L50, M|
|poke|p1|Scrafty, L50, F|
|poke|p1|Snorlax, L50, M|
|poke|p1|Incineroar, L50, M|
|poke|p1|Ninetales-Alola, L50, F|
|poke|p1|Dragonite, L50, F|
|poke|p2|Lucario, L50, M|
|poke|p2|Whimsicott, L50, F|
|poke|p2|Tinkaton, L50, F|
|poke|p2|Annihilape, L50, M|
|poke|p2|Archaludon, L50, F|
|poke|p2|Milotic, L50, F|
|teampreview|4
|showteam|p1|Gengar||Gengarite|CursedBody|Protect,PerishSong,SludgeBomb,ShadowBall|Modest||M|||50|]Scrafty||Scraftinite|Intimidate|Protect,CloseCombat,FakeOut,KnockOff|Careful||F|||50|]Snorlax||Leftovers|ThickFat|Protect,DoubleEdge,Yawn,HighHorsepower|Relaxed||M|||50|]Incineroar||SitrusBerry|Intimidate|Protect,FakeOut,FlareBlitz,PartingShot|Relaxed||M|||50|]Ninetales-Alola||FocusSash|SnowWarning|Protect,Encore,Disable,Blizzard|Timid||F|||50|]Dragonite||DragonFang|Multiscale|Protect,DragonClaw,LowKick,ExtremeSpeed|Adamant||F|||50|
|showteam|p2|Lucario||Lucarionite|Justified|BulletPunch,CloseCombat,Protect,RockSlide|Jolly||M|||50|]Whimsicott||FocusSash|Prankster|BeatUp,Tailwind,Taunt,Moonblast|Timid||F|||50|]Tinkaton||LightClay|MoldBreaker|GigatonHammer,FakeOut,LightScreen,Reflect|Jolly||F|||50|]Annihilape||LifeOrb|Defiant|RageFist,BulkUp,DrainPunch,Protect|Adamant||M|||50|]Archaludon||Leftovers|Stamina|DragonPulse,FlashCannon,Thunderbolt,Protect|Bold||F|||50|]Milotic||WideLens|Competitive|Scald,Blizzard,Hypnosis,LifeDew|Bold||F|||50|
|
|t:|1783315249
|teamsize|p1|4
|teamsize|p2|4
|start
|switch|p1a: Gengar|Gengar, L50, M|100/100
|switch|p1b: Dragonite|Dragonite, L50, F|100/100
|switch|p2a: Whimsicott|Whimsicott, L50, F|100/100
|switch|p2b: Annihilape|Annihilape, L50, M|100/100
|turn|1
|
|t:|1783315270
|detailschange|p1a: Gengar|Gengar-Mega, L50, M
|-mega|p1a: Gengar|Gengar|Gengarite
|move|p1a: Gengar|Protect|p1a: Gengar
|-singleturn|p1a: Gengar|Protect
|move|p2b: Annihilape|Protect|p2b: Annihilape
|-singleturn|p2b: Annihilape|Protect
|move|p2a: Whimsicott|Taunt|p1a: Gengar
|-activate|p1a: Gengar|move: Protect
|move|p1b: Dragonite|Dragon Claw|p2b: Annihilape
|-activate|p2b: Annihilape|move: Protect
|
|upkeep
|turn|2
|
|t:|1783315283
|switch|p1a: Ninetales|Ninetales-Alola, L50, F|100/100
|-weather|Snowscape|[from] ability: Snow Warning|[of] p1a: Ninetales
|move|p2a: Whimsicott|Tailwind|p2a: Whimsicott
|-sidestart|p2: NeonIsNuts|move: Tailwind
|move|p2b: Annihilape|Rage Fist|p1a: Ninetales
|-damage|p1a: Ninetales|65/100
|-damage|p2b: Annihilape|90/100|[from] item: Life Orb
|move|p1b: Dragonite|Dragon Claw|p2b: Annihilape
|-crit|p2b: Annihilape
|-damage|p2b: Annihilape|5/100
|
|-weather|Snowscape|[upkeep]
|upkeep
|turn|3
|
|t:|1783315303
|switch|p2b: Archaludon|Archaludon, L50, F|100/100
|move|p1b: Dragonite|Extreme Speed|p2a: Whimsicott
|-damage|p2a: Whimsicott|64/100
|move|p2a: Whimsicott|Beat Up|p2b: Archaludon
|-crit|p2b: Archaludon
|-damage|p2b: Archaludon|97/100
|-ability|p2b: Archaludon|Stamina|boost
|-boost|p2b: Archaludon|def|1
|-damage|p2b: Archaludon|95/100
|-ability|p2b: Archaludon|Stamina|boost
|-boost|p2b: Archaludon|def|1
|-damage|p2b: Archaludon|93/100
|-ability|p2b: Archaludon|Stamina|boost
|-boost|p2b: Archaludon|def|1
|-damage|p2b: Archaludon|92/100
|-ability|p2b: Archaludon|Stamina|boost
|-boost|p2b: Archaludon|def|1
|-hitcount|p2b: Archaludon|4
|move|p1a: Ninetales|Blizzard|p2a: Whimsicott|[spread] p2a,p2b
|-supereffective|p2a: Whimsicott|1
|-damage|p2a: Whimsicott|0 fnt
|-damage|p2b: Archaludon|56/100
|-ability|p2b: Archaludon|Stamina|boost
|-boost|p2b: Archaludon|def|1
|faint|p2a: Whimsicott
|
|-weather|Snowscape|[upkeep]
|-heal|p2b: Archaludon|62/100|[from] item: Leftovers
|upkeep
|
|t:|1783315311
|switch|p2a: Milotic|Milotic, L50, F|100/100
|turn|4
|
|t:|1783315325
|move|p2b: Archaludon|Flash Cannon|p1a: Ninetales
|-supereffective|p1a: Ninetales|2
|-damage|p1a: Ninetales|0 fnt
|faint|p1a: Ninetales
|move|p2a: Milotic|Blizzard|p1b: Dragonite
|-supereffective|p1b: Dragonite|2
|-damage|p1b: Dragonite|42/100
|move|p1b: Dragonite|Dragon Claw|p2a: Milotic
|-damage|p2a: Milotic|60/100
|
|-weather|Snowscape|[upkeep]
|-heal|p2b: Archaludon|68/100|[from] item: Leftovers
|upkeep
|
|t:|1783315334
|switch|p1a: Gengar|Gengar-Mega, L50, M|100/100
|turn|5
|
|t:|1783315345
|move|p1a: Gengar|Protect|p1a: Gengar
|-singleturn|p1a: Gengar|Protect
|move|p1b: Dragonite|Protect|p1b: Dragonite
|-singleturn|p1b: Dragonite|Protect
|move|p2b: Archaludon|Dragon Pulse|p1a: Gengar
|-activate|p1a: Gengar|move: Protect
|move|p2a: Milotic|Blizzard|p1b: Dragonite|[spread] 
|-activate|p1a: Gengar|move: Protect
|-activate|p1b: Dragonite|move: Protect
|
|-weather|Snowscape|[upkeep]
|-heal|p2b: Archaludon|74/100|[from] item: Leftovers
|-sideend|p2: NeonIsNuts|move: Tailwind
|upkeep
|turn|6
|
|t:|1783315355
|move|p1a: Gengar|Sludge Bomb|p2a: Milotic
|-damage|p2a: Milotic|18/100
|move|p1b: Dragonite|Dragon Claw|p2a: Milotic
|-damage|p2a: Milotic|0 fnt
|faint|p2a: Milotic
|move|p2b: Archaludon|Dragon Pulse|p1a: Gengar
|-damage|p1a: Gengar|47/100
|
|-weather|none
|-heal|p2b: Archaludon|80/100|[from] item: Leftovers
|upkeep
|
|t:|1783315360
|switch|p2a: Annihilape|Annihilape, L50, M|5/100
|turn|7
|
|t:|1783315372
|move|p2a: Annihilape|Protect|p2a: Annihilape
|-singleturn|p2a: Annihilape|Protect
|move|p1a: Gengar|Perish Song|p1a: Gengar
|-start|p1a: Gengar|perish3|[silent]
|-start|p1b: Dragonite|perish3|[silent]
|-start|p2a: Annihilape|perish3|[silent]
|-start|p2b: Archaludon|perish3|[silent]
|-fieldactivate|move: Perish Song
|move|p1b: Dragonite|Dragon Claw|p2a: Annihilape
|-activate|p2a: Annihilape|move: Protect
|move|p2b: Archaludon|Dragon Pulse|p1b: Dragonite
|-supereffective|p1b: Dragonite|1
|-damage|p1b: Dragonite|0 fnt
|faint|p1b: Dragonite
|
|-heal|p2b: Archaludon|86/100|[from] item: Leftovers
|-start|p1a: Gengar|perish3
|-start|p2a: Annihilape|perish3
|-start|p2b: Archaludon|perish3
|upkeep
|
|t:|1783315375
|switch|p1b: Incineroar|Incineroar, L50, M|100/100
|-ability|p1b: Incineroar|Intimidate|boost
|-unboost|p2a: Annihilape|atk|1
|-ability|p2a: Annihilape|Defiant|boost
|-boost|p2a: Annihilape|atk|2
|-unboost|p2b: Archaludon|atk|1
|turn|8
|
|t:|1783315386
|move|p1b: Incineroar|Fake Out|p2b: Archaludon
|-resisted|p2b: Archaludon|1
|-damage|p2b: Archaludon|85/100
|-ability|p2b: Archaludon|Stamina|boost
|-boost|p2b: Archaludon|def|1
|move|p1a: Gengar|Shadow Ball|p2a: Annihilape
|-supereffective|p2a: Annihilape|1
|-damage|p2a: Annihilape|0 fnt
|faint|p2a: Annihilape
|cant|p2b: Archaludon|flinch
|
|-heal|p2b: Archaludon|91/100|[from] item: Leftovers
|-start|p1a: Gengar|perish2
|-start|p2b: Archaludon|perish2
|upkeep
|turn|9
|
|t:|1783315401
|move|p1b: Incineroar|Protect|p1b: Incineroar
|-singleturn|p1b: Incineroar|Protect
|move|p1a: Gengar|Shadow Ball|p2b: Archaludon
|-damage|p2b: Archaludon|39/100
|move|p2b: Archaludon|Dragon Pulse|p1b: Incineroar
|-activate|p1b: Incineroar|move: Protect
|
|-heal|p2b: Archaludon|45/100|[from] item: Leftovers
|-start|p1a: Gengar|perish1
|-start|p2b: Archaludon|perish1
|upkeep
|turn|10
|
|t:|1783315409
|move|p1b: Incineroar|Protect||[still]
|-fail|p1b: Incineroar
|move|p1a: Gengar|Shadow Ball|p2b: Archaludon
|-damage|p2b: Archaludon|0 fnt
|faint|p2b: Archaludon
|
|win|ilovepyroar
||ilovepyroar is ready for game 2.
||NeonIsNuts is ready for game 2.
|uhtml|next|Next: Game 2 of 3
|l|☆NeonIsNuts
|player|p2|
