|j|☆Caporosso74
|j|☆r4ka
|html|Caporosso74r4ka    
|uhtml|bestof|Game 1 of a best-of-3
|t:|1756834906
|gametype|doubles
|player|p1|Caporosso74|170|1086
|player|p2|r4ka|102|1135
|gen|9
|tier|[Gen 9] VGC 2025 Reg H (Bo3)
|rated|
|rule|Species Clause: Limit one of each Pokémon
|rule|Item Clause: Limit 1 of each item
|clearpoke
|poke|p1|Pelipper, L50, F|
|poke|p1|Basculegion, L50, M|
|poke|p1|Archaludon, L50, M|
|poke|p1|Rillaboom, L50, F|
|poke|p1|Ursaluna-Bloodmoon, L50, M|
|poke|p1|Maushold, L50|
|poke|p2|Rillaboom, L50, M|
|poke|p2|Dragonite, L50, F|
|poke|p2|Sneasler, L50, F|
|poke|p2|Kingambit, L50, F|
|poke|p2|Electabuzz, L50, M|
|poke|p2|Volcarona, L50, F|
|teampreview|4
|showteam|p1|Pelipper||FocusSash|Drizzle|Hurricane,Protect,WeatherBall,Tailwind|||F|||50|,,,,,Ghost]Basculegion||LifeOrb|SwiftSwim|LastRespects,AquaJet,WaveCrash,Protect|||M|||50|,,,,,Water]Archaludon||PowerHerb|Sturdy|DragonPulse,ElectroShot,Protect,FlashCannon|||M|||50|,,,,,Electric]Rillaboom||AssaultVest|GrassySurge|FakeOut,HighHorsepower,GrassyGlide,Uturn|||F|||50|,,,,,Water]Ursaluna-Bloodmoon||SafetyGoggles|MindsEye|BloodMoon,Protect,EarthPower,HyperVoice|||M|||50|,,,,,Normal]Maushold||CovertCloak|FriendGuard|Protect,Feint,SuperFang,Taunt||||||50|,,,,,Flying
|showteam|p2|Rillaboom||AssaultVest|GrassySurge|FakeOut,HighHorsepower,WoodHammer,GrassyGlide|||M|||50|,,,,,Fire]Dragonite||LoadedDice|Multiscale|ExtremeSpeed,ScaleShot,Protect,Haze|||F|||50|,,,,,Steel]Sneasler||FocusSash|PoisonTouch|DireClaw,CloseCombat,FakeOut,Coaching|||F|||50|,,,,,Stellar]Kingambit||BlackGlasses|Defiant|KowtowCleave,SuckerPunch,SwordsDance,Protect|||F|||50|,,,,,Dark]Electabuzz||Eviolite|VitalSpirit|Thunderbolt,Taunt,Protect,FollowMe|||M|||50|,,,,,Ghost]Volcarona||Leftovers|FlameBody|HeatWave,TeraBlast,QuiverDance,Protect|||F|||50|,,,,,Fairy
|
|t:|1756834939
|teamsize|p1|4
|teamsize|p2|4
|start
|switch|p1a: Maushold|Maushold, L50|100/100
|switch|p1b: Archaludon|Archaludon, L50, M|100/100
|switch|p2a: Rillaboom|Rillaboom, L50, M|100/100
|switch|p2b: Volcarona|Volcarona, L50, F|100/100
|-fieldstart|move: Grassy Terrain|[from] ability: Grassy Surge|[of] p2a: Rillaboom
|turn|1
|
|t:|1756834966
|move|p1b: Archaludon|Protect|p1b: Archaludon
|-singleturn|p1b: Archaludon|Protect
|move|p2a: Rillaboom|Fake Out|p1a: Maushold
|-damage|p1a: Maushold|82/100
|move|p1a: Maushold|Super Fang|p2b: Volcarona
|-damage|p2b: Volcarona|50/100
|-status|p1a: Maushold|brn|[from] ability: Flame Body|[of] p2b: Volcarona
|move|p2b: Volcarona|Quiver Dance|p2b: Volcarona
|-boost|p2b: Volcarona|spa|1
|-boost|p2b: Volcarona|spd|1
|-boost|p2b: Volcarona|spe|1
|
|-heal|p2b: Volcarona|57/100|[from] Grassy Terrain
|-heal|p2b: Volcarona|63/100|[from] item: Leftovers
|-heal|p1a: Maushold|88/100 brn|[from] Grassy Terrain
|-damage|p1a: Maushold|82/100 brn|[from] brn
|upkeep
|turn|2
|
|t:|1756834984
|switch|p1a: Pelipper|Pelipper, L50, F|100/100
|-weather|RainDance|[from] ability: Drizzle|[of] p1a: Pelipper
|-terastallize|p1b: Archaludon|Electric
|move|p2b: Volcarona|Heat Wave|p1a: Pelipper|[spread] p1a
|-miss|p2b: Volcarona|p1b: Archaludon
|-resisted|p1a: Pelipper
|-damage|p1a: Pelipper|83/100
|move|p1b: Archaludon|Electro Shot||[still]
|-prepare|p1b: Archaludon|Electro Shot
|-boost|p1b: Archaludon|spa|1
|-anim|p1b: Archaludon|Electro Shot|p2b: Volcarona
|-damage|p2b: Volcarona|0 fnt
|faint|p2b: Volcarona
|move|p2a: Rillaboom|High Horsepower|p1b: Archaludon
|-supereffective|p1b: Archaludon
|-damage|p1b: Archaludon|45/100
|
|-weather|RainDance|[upkeep]
|-heal|p1b: Archaludon|51/100|[from] Grassy Terrain
|upkeep
|
|t:|1756835009
|switch|p2b: Electabuzz|Electabuzz, L50, M|100/100
|turn|3
|
|t:|1756835032
|move|p2b: Electabuzz|Follow Me|p2b: Electabuzz
|-singleturn|p2b: Electabuzz|move: Follow Me
|move|p1b: Archaludon|Electro Shot||[still]
|-prepare|p1b: Archaludon|Electro Shot
|-boost|p1b: Archaludon|spa|1
|-anim|p1b: Archaludon|Electro Shot|p2b: Electabuzz
|-resisted|p2b: Electabuzz
|-damage|p2b: Electabuzz|44/100
|move|p2a: Rillaboom|High Horsepower|p1b: Archaludon
|-supereffective|p1b: Archaludon
|-damage|p1b: Archaludon|0 fnt
|faint|p1b: Archaludon
|move|p1a: Pelipper|Hurricane|p2b: Electabuzz
|-resisted|p2b: Electabuzz
|-damage|p2b: Electabuzz|25/100
|
|-weather|RainDance|[upkeep]
|-heal|p2b: Electabuzz|31/100|[from] Grassy Terrain
|upkeep
|
|t:|1756835047
|switch|p1b: Ursaluna|Ursaluna-Bloodmoon, L50, M|100/100
|turn|4
|
|t:|1756835065
|-terastallize|p2a: Rillaboom|Fire
|move|p2b: Electabuzz|Thunderbolt|p1a: Pelipper
|-supereffective|p1a: Pelipper
|-damage|p1a: Pelipper|0 fnt
|faint|p1a: Pelipper
|move|p2a: Rillaboom|High Horsepower|p1b: Ursaluna
|-damage|p1b: Ursaluna|77/100
|move|p1b: Ursaluna|Blood Moon|p2b: Electabuzz
|-damage|p2b: Electabuzz|0 fnt
|faint|p2b: Electabuzz
|
|-weather|RainDance|[upkeep]
|-heal|p1b: Ursaluna|83/100|[from] Grassy Terrain
|upkeep
|
|t:|1756835078
|switch|p2b: Sneasler|Sneasler, L50, F|100/100
|switch|p1a: Maushold|Maushold, L50|82/100 brn
|turn|5
|
|t:|1756835093
|move|p1a: Maushold|Feint|p2b: Sneasler
|-damage|p2b: Sneasler|93/100
|move|p2b: Sneasler|Close Combat|p1a: Maushold
|-supereffective|p1a: Maushold
|-damage|p1a: Maushold|0 fnt
|-unboost|p2b: Sneasler|def|1
|-unboost|p2b: Sneasler|spd|1
|faint|p1a: Maushold
|move|p2a: Rillaboom|Wood Hammer|p1b: Ursaluna
|-supereffective|p1b: Ursaluna
|-damage|p1b: Ursaluna|0 fnt
|faint|p1b: Ursaluna
|-damage|p2a: Rillaboom|71/100|[from] Recoil
|
|win|r4ka
|inactive|Caporosso74 has 30 seconds to confirm battle start!
|inactive|r4ka has 30 seconds to confirm battle start!
||Caporosso74 is ready for game 2.
|inactive|r4ka has 20 seconds to confirm battle start!
|inactive|r4ka has 10 seconds to confirm battle start!
||r4ka is ready for game 2.
|uhtml|next|Next: Game 2 of 3
