|j|☆alysonz
|j|☆Curebo
|html|alysonzCurebo    
|uhtml|bestof|Game 2 of a best-of-3
|t:|1782356548
|gametype|doubles
|player|p1|alysonz|n|1041
|player|p2|Curebo|clay|1105
|gen|9
|tier|[Gen 9 Champions] VGC 2026 Reg M-B (Bo3)
|rated|
|rule|Species Clause: Limit one of each Pokémon
|rule|Item Clause: Limit 1 of each item
|clearpoke
|poke|p1|Gardevoir, L50, F|
|poke|p1|Pelipper, L50, F|
|poke|p1|Basculegion, L50, M|
|poke|p1|Archaludon, L50, M|
|poke|p1|Whimsicott, L50, F|
|poke|p1|Scrafty, L50, M|
|poke|p2|Excadrill, L50, M, shiny|
|poke|p2|Tyranitar, L50, F, shiny|
|poke|p2|Corviknight, L50, M, shiny|
|poke|p2|Hydreigon, L50, M, shiny|
|poke|p2|Scovillain, L50, M, shiny|
|poke|p2|Houndstone, L50, M, shiny|
|teampreview|4
|showteam|p1|Gardevoir||Gardevoirite|Telepathy|Protect,EnergyBall,HyperVoice,Psyshock|Modest||F|||50|]Pelipper||DampRock|Drizzle|Protect,Surf,Hurricane,IceBeam|Modest||F|||50|]Basculegion||LifeOrb|SwiftSwim|AquaJet,Protect,WaveCrash,LastRespects|Adamant||M|||50|]Archaludon||ExpertBelt|Stamina|Protect,ElectroShot,DragonPulse,FlashCannon|Modest||M|||50|]Whimsicott||FocusSash|Prankster|Encore,Tailwind,Taunt,DazzlingGleam|Timid||F|||50|]Scrafty||SitrusBerry|Intimidate|FakeOut,RainDance,CloseCombat,KnockOff|Adamant||M|||50|
|showteam|p2|Excadrill||FocusSash|SandRush|Earthquake,IronHead,RockSlide,Protect|Adamant||M|||50|]Tyranitar||Tyranitarite|SandStream|RockSlide,KnockOff,LowKick,Protect|Adamant||F|||50|]Corviknight||Leftovers|MirrorArmor|BraveBird,BulkUp,Roost,Tailwind|Careful||M|||50|]Hydreigon||ChoiceScarf|Levitate|DracoMeteor,DarkPulse,HeatWave,Snarl|Modest||M|||50|]Scovillain||Scovillainite|Moody|Overheat,GigaDrain,RagePowder,Protect|Calm||M|||50|]Houndstone||SitrusBerry|SandRush|LastRespects,WillOWisp,BodyPress,Protect|Adamant||M|||50|
|inactive|Battle timer is ON: inactive players will automatically lose when time's up. (requested by Curebo)
|
|t:|1782356581
|teamsize|p1|4
|teamsize|p2|4
|start
|switch|p1a: Echidna|Whimsicott, L50, F|100/100
|switch|p1b: Satella|Gardevoir, L50, F|100/100
|switch|p2a: Hydreigon|Hydreigon, L50, M, shiny|100/100
|switch|p2b: Scovillain|Scovillain, L50, M, shiny|100/100
|turn|1
|inactive|Curebo has 30 seconds left.
|inactive|Curebo has 20 seconds left.
|inactive|Curebo has 15 seconds left.
|inactive|Curebo has 10 seconds left.
|inactive|Curebo has 5 seconds left.
|
|t:|1782356633
|detailschange|p1b: Satella|Gardevoir-Mega, L50, F
|-mega|p1b: Satella|Gardevoir|Gardevoirite
|move|p1a: Echidna|Taunt|p2b: Scovillain
|-start|p2b: Scovillain|move: Taunt
|move|p2a: Hydreigon|Snarl|p1b: Satella|[spread] p1a,p1b
|-resisted|p1a: Echidna|1
|-damage|p1a: Echidna|80/100
|-damage|p1b: Satella|79/100
|-unboost|p1a: Echidna|spa|1
|-unboost|p1b: Satella|spa|1
|move|p1b: Satella|Hyper Voice|p2a: Hydreigon|[spread] p2a,p2b
|-supereffective|p2a: Hydreigon|2
|-resisted|p2b: Scovillain|1
|-damage|p2a: Hydreigon|0 fnt
|-damage|p2b: Scovillain|80/100
|faint|p2a: Hydreigon
|move|p2b: Scovillain|Overheat|p1b: Satella|[miss]
|-miss|p2b: Scovillain|p1b: Satella
|
|-ability|p2b: Scovillain|Moody|boost
|-boost|p2b: Scovillain|spd|2
|-unboost|p2b: Scovillain|atk|1
|upkeep
|
|t:|1782356657
|switch|p2a: Tyranitar|Tyranitar, L50, F, shiny|100/100
|-weather|Sandstorm|[from] ability: Sand Stream|[of] p2a: Tyranitar
|turn|2
|
|t:|1782356674
|detailschange|p2b: Scovillain|Scovillain-Mega, L50, M, shiny
|-mega|p2b: Scovillain|Scovillain|Scovillainite
|move|p2a: Tyranitar|Protect|p2a: Tyranitar
|-singleturn|p2a: Tyranitar|Protect
|move|p1a: Echidna|Dazzling Gleam|p2b: Scovillain|[spread] p2b
|-activate|p2a: Tyranitar|move: Protect
|-resisted|p2b: Scovillain|1
|-crit|p2b: Scovillain
|-damage|p2b: Scovillain|62/100
|-status|p1a: Echidna|brn|[from] ability: Spicy Spray|[of] p2b: Scovillain
|move|p1b: Satella|Hyper Voice|p2a: Tyranitar|[spread] p2b
|-activate|p2a: Tyranitar|move: Protect
|-resisted|p2b: Scovillain|1
|-damage|p2b: Scovillain|55/100
|-status|p1b: Satella|brn|[from] ability: Spicy Spray|[of] p2b: Scovillain
|move|p2b: Scovillain|Overheat|p1b: Satella|[miss]
|-miss|p2b: Scovillain|p1b: Satella
|
|-weather|Sandstorm|[upkeep]
|-damage|p1a: Echidna|74/100 brn|[from] Sandstorm
|-damage|p1b: Satella|73/100 brn|[from] Sandstorm
|-damage|p2b: Scovillain|49/100|[from] Sandstorm
|-damage|p1a: Echidna|68/100 brn|[from] brn
|-damage|p1b: Satella|67/100 brn|[from] brn
|upkeep
|turn|3
|inactive|alysonz has 30 seconds left.
|inactive|Curebo has 30 seconds left.
|
|t:|1782356708
|switch|p2a: Houndstone|Houndstone, L50, M, shiny|100/100
|move|p1a: Echidna|Dazzling Gleam|p2a: Houndstone|[spread] p2a,p2b
|-resisted|p2b: Scovillain|1
|-damage|p2a: Houndstone|85/100
|-damage|p2b: Scovillain|45/100
|move|p1b: Satella|Hyper Voice|p2a: Houndstone|[spread] p2a,p2b
|-resisted|p2b: Scovillain|1
|-damage|p2a: Houndstone|47/100
|-damage|p2b: Scovillain|37/100
|-enditem|p2a: Houndstone|Sitrus Berry|[eat]
|-heal|p2a: Houndstone|72/100|[from] item: Sitrus Berry
|move|p2b: Scovillain|Giga Drain|p1b: Satella
|-damage|p1b: Satella|35/100 brn
|-heal|p2b: Scovillain|50/100g|[from] drain|[of] p1b: Satella
|
|-weather|Sandstorm|[upkeep]
|-damage|p1a: Echidna|62/100 brn|[from] Sandstorm
|-damage|p1b: Satella|30/100 brn|[from] Sandstorm
|-damage|p2b: Scovillain|44/100|[from] Sandstorm
|-damage|p1a: Echidna|56/100 brn|[from] brn
|-damage|p1b: Satella|24/100 brn|[from] brn
|-end|p2b: Scovillain|move: Taunt
|upkeep
|turn|4
|inactive|alysonz has 30 seconds left.
|inactive|Curebo has 30 seconds left.
|inactive|Curebo has 20 seconds left.
|
|t:|1782356744
|move|p1a: Echidna|Tailwind|p1a: Echidna
|-sidestart|p1: alysonz|move: Tailwind
|move|p1b: Satella|Psyshock|p2a: Houndstone
|-damage|p2a: Houndstone|35/100
|move|p2a: Houndstone|Last Respects|p1b: Satella
|-supereffective|p1b: Satella|1
|-damage|p1b: Satella|0 fnt
|faint|p1b: Satella
|move|p2b: Scovillain|Overheat|p1a: Echidna
|-supereffective|p1a: Echidna|1
|-damage|p1a: Echidna|0 fnt
|-unboost|p2b: Scovillain|spa|2
|faint|p1a: Echidna
|
|-weather|Sandstorm|[upkeep]
|-damage|p2b: Scovillain|39/100|[from] Sandstorm
|upkeep
|
|t:|1782356763
|switch|p1a: Rigel|Basculegion, L50, M|100/100
|switch|p1b: Aldebaran|Scrafty, L50, M|100/100
|-ability|p1b: Aldebaran|Intimidate|boost
|-unboost|p2a: Houndstone|atk|1
|-unboost|p2b: Scovillain|atk|1
|turn|5
|
|t:|1782356778
|move|p2b: Scovillain|Rage Powder|p2b: Scovillain
|-singleturn|p2b: Scovillain|move: Rage Powder
|move|p1a: Rigel|Wave Crash|p2b: Scovillain
|-damage|p2b: Scovillain|0 fnt
|-status|p1a: Rigel|brn|[from] ability: Spicy Spray|[of] p2b: Scovillain
|faint|p2b: Scovillain
|-damage|p1a: Rigel|88/100 brn|[from] Recoil
|-damage|p1a: Rigel|79/100 brn|[from] item: Life Orb
|move|p2a: Houndstone|Last Respects|p1a: Rigel
|-supereffective|p1a: Rigel|1
|-damage|p1a: Rigel|0 fnt
|faint|p1a: Rigel
|move|p1b: Aldebaran|Knock Off|p2a: Houndstone
|-supereffective|p2a: Houndstone|1
|-damage|p2a: Houndstone|0 fnt
|faint|p2a: Houndstone
|
|-weather|Sandstorm|[upkeep]
|-damage|p1b: Aldebaran|94/100|[from] Sandstorm
|upkeep
|
|t:|1782356800
|switch|p2a: Tyranitar|Tyranitar, L50, F, shiny|100/100
|turn|6
|
|t:|1782356807
|move|p1b: Aldebaran|Close Combat|p2a: Tyranitar
|-supereffective|p2a: Tyranitar|2
|-damage|p2a: Tyranitar|0 fnt
|-unboost|p1b: Aldebaran|def|1
|-unboost|p1b: Aldebaran|spd|1
|faint|p2a: Tyranitar
|
|win|alysonz
||Curebo is ready for game 3.
|inactive|alysonz has 30 seconds to confirm battle start!
|l|☆alysonz
|player|p1|
|inactive|alysonz has 20 seconds to confirm battle start!
|inactive|alysonz has 10 seconds to confirm battle start!
|uhtml|next|Next: Game 3 of 3
