|j|☆lolgz
|j|☆Jamstiffer
|html|lolgzJamstiffer    
|uhtml|bestof|Game 1 of a best-of-3
|t:|1784371565
|gametype|doubles
|player|p1|lolgz|dawn|1088
|player|p2|Jamstiffer|aaron|1054
|gen|9
|tier|[Gen 9 Champions] VGC 2026 Reg M-B (Bo3)
|rated|
|rule|Species Clause: Limit one of each Pokémon
|rule|Item Clause: Limit 1 of each item
|clearpoke
|poke|p1|Blastoise, L50, F|
|poke|p1|Vivillon, L50, F|
|poke|p1|Farigiraf, L50, M|
|poke|p1|Gallade, L50, M|
|poke|p1|Mawile, L50, F|
|poke|p1|Torkoal, L50, M|
|poke|p2|Charizard, L50, F|
|poke|p2|Venusaur, L50, F|
|poke|p2|Ninetales-Alola, L50, F|
|poke|p2|Basculegion, L50, M|
|poke|p2|Kingambit, L50, M|
|poke|p2|Dragonite, L50, F|
|teampreview|4
|showteam|p1|Blastoise||Blastoisinite|Torrent|WaterSpout,DarkPulse,FakeOut,ShellSmash|Modest||F|||50|]Vivillon||ChoiceScarf|CompoundEyes|SleepPowder,RagePowder,Tailwind,Hurricane|Timid||F|||50|]Farigiraf||SitrusBerry|ArmorTail|TrickRoom,Psychic,HelpingHand,Protect|Relaxed||M|||50|]Gallade||IronBall|Sharpness|SacredSword,PsychoCut,LeafBlade,TrickRoom|Brave||M|||50|]Mawile||Mawilite|HyperCutter|SuckerPunch,PlayRough,RockSlide,Protect|Brave||F|||50|]Torkoal||Charcoal|Drought|WeatherBall,Eruption,EarthPower,Protect|Quiet||M|||50|
|showteam|p2|Charizard||CharizarditeX|Blaze|DragonDance,FlareBlitz,DragonClaw,Protect|Adamant||F|||50|]Venusaur||Venusaurite|Overgrow|GigaDrain,SludgeBomb,EarthPower,Protect|Modest||F|||50|]Ninetales-Alola||LightClay|SnowWarning|Blizzard,FreezeDry,AuroraVeil,Protect|Timid||F|||50|]Basculegion||SitrusBerry|Adaptability|WaveCrash,LastRespects,AquaJet,Protect|Adamant||M|||50|]Kingambit||ChopleBerry|Defiant|KowtowCleave,SuckerPunch,IronHead,Protect|Adamant||M|||50|]Dragonite||DragonFang|InnerFocus|DragonClaw,ExtremeSpeed,LowKick,Protect|Adamant||F|||50|
|inactive|Battle timer is ON: inactive players will automatically lose when time's up. (requested by lolgz)
|inactive|Jamstiffer also wants the timer to be on.
|inactive|lolgz has 60 seconds left.
|inactive|Jamstiffer has 60 seconds left.
|
|t:|1784371616
|teamsize|p1|4
|teamsize|p2|4
|start
|switch|p1a: Farigiraf|Farigiraf, L50, M|100/100
|switch|p1b: Gallade|Gallade, L50, M|100/100
|switch|p2a: Venusaur|Venusaur, L50, F|100/100
|switch|p2b: Kingambit|Kingambit, L50, M|100/100
|turn|1
|
|t:|1784371638
|switch|p2b: Ninetales|Ninetales-Alola, L50, F|100/100
|-weather|Snowscape|[from] ability: Snow Warning|[of] p2b: Ninetales
|detailschange|p2a: Venusaur|Venusaur-Mega, L50, F
|-mega|p2a: Venusaur|Venusaur|Venusaurite
|move|p1a: Farigiraf|Protect|p1a: Farigiraf
|-singleturn|p1a: Farigiraf|Protect
|move|p2a: Venusaur|Sludge Bomb|p1a: Farigiraf
|-activate|p1a: Farigiraf|move: Protect
|move|p1b: Gallade|Trick Room|p1b: Gallade
|-fieldstart|move: Trick Room|[of] p1b: Gallade
|
|-weather|Snowscape|[upkeep]
|upkeep
|turn|2
|
|t:|1784371654
|switch|p2a: Kingambit|Kingambit, L50, M|100/100
|move|p1b: Gallade|Psycho Cut|p2a: Kingambit
|-immune|p2a: Kingambit
|move|p1a: Farigiraf|Psychic|p2b: Ninetales
|-damage|p2b: Ninetales|65/100
|move|p2b: Ninetales|Aurora Veil|p2b: Ninetales
|-sidestart|p2: Jamstiffer|move: Aurora Veil
|
|-weather|Snowscape|[upkeep]
|upkeep
|turn|3
|
|t:|1784371669
|switch|p2b: Venusaur|Venusaur-Mega, L50, F|100/100
|move|p1a: Farigiraf|Helping Hand|p1b: Gallade
|-singleturn|p1b: Gallade|Helping Hand|[of] p1a: Farigiraf
|move|p2a: Kingambit|Protect|p2a: Kingambit
|-singleturn|p2a: Kingambit|Protect
|move|p1b: Gallade|Sacred Sword|p2a: Kingambit
|-activate|p2a: Kingambit|move: Protect
|
|-weather|Snowscape|[upkeep]
|upkeep
|turn|4
|
|t:|1784371692
|switch|p1b: Torkoal|Torkoal, L50, M|100/100
|-weather|SunnyDay|[from] ability: Drought|[of] p1b: Torkoal
|switch|p2a: Basculegion|Basculegion, L50, M|100/100
|move|p2b: Venusaur|Sludge Bomb|p1b: Torkoal
|-damage|p1b: Torkoal|40/100
|move|p1a: Farigiraf|Trick Room|p1a: Farigiraf
|-fieldend|move: Trick Room
|
|-weather|SunnyDay|[upkeep]
|upkeep
|turn|5
|c|☆lolgz|misclick
|inactive|Jamstiffer has 30 seconds left.
|inactive|Jamstiffer has 20 seconds left.
|
|t:|1784371731
|switch|p2a: Ninetales|Ninetales-Alola, L50, F|65/100
|-weather|Snowscape|[from] ability: Snow Warning|[of] p2a: Ninetales
|move|p2b: Venusaur|Sludge Bomb|p1a: Farigiraf
|-damage|p1a: Farigiraf|57/100
|move|p1b: Torkoal|Weather Ball|p2b: Venusaur
|-supereffective|p2b: Venusaur|1
|-damage|p2b: Venusaur|84/100
|move|p1a: Farigiraf|Trick Room|p1a: Farigiraf
|-fieldstart|move: Trick Room|[of] p1a: Farigiraf
|
|-weather|Snowscape|[upkeep]
|upkeep
|turn|6
|
|t:|1784371749
|switch|p2a: Basculegion|Basculegion, L50, M|100/100
|move|p1b: Torkoal|Eruption|p2b: Venusaur|[spread] p2a,p2b
|-resisted|p2a: Basculegion|1
|-supereffective|p2b: Venusaur|1
|-damage|p2a: Basculegion|93/100
|-damage|p2b: Venusaur|72/100
|move|p1a: Farigiraf|Psychic|p2b: Venusaur
|-supereffective|p2b: Venusaur|1
|-damage|p2b: Venusaur|38/100
|-unboost|p2b: Venusaur|spd|1
|move|p2b: Venusaur|Earth Power|p1b: Torkoal
|-supereffective|p1b: Torkoal|1
|-damage|p1b: Torkoal|0 fnt
|faint|p1b: Torkoal
|
|-weather|Snowscape|[upkeep]
|upkeep
|inactive|lolgz has 30 seconds left.
|inactive|lolgz has 20 seconds left.
|
|t:|1784371784
|switch|p1b: Mawile|Mawile, L50, F|100/100
|turn|7
|inactive|Jamstiffer has 30 seconds left.
|
|t:|1784371812
|switch|p2b: Kingambit|Kingambit, L50, M|100/100
|detailschange|p1b: Mawile|Mawile-Mega, L50, F
|-mega|p1b: Mawile|Mawile|Mawilite
|move|p2a: Basculegion|Protect|p2a: Basculegion
|-singleturn|p2a: Basculegion|Protect
|move|p1b: Mawile|Sucker Punch||[still]
|-fail|p1b: Mawile
|move|p1a: Farigiraf|Psychic|p2b: Kingambit
|-immune|p2b: Kingambit
|
|-weather|Snowscape|[upkeep]
|upkeep
|turn|8
|
|t:|1784371833
|switch|p1a: Gallade|Gallade, L50, M|100/100
|switch|p2a: Ninetales|Ninetales-Alola, L50, F|65/100
|move|p1b: Mawile|Play Rough|p2b: Kingambit
|-damage|p2b: Kingambit|56/100
|move|p2b: Kingambit|Kowtow Cleave|p1a: Gallade
|-damage|p1a: Gallade|29/100
|
|-weather|Snowscape|[upkeep]
|upkeep
|turn|9
|
|t:|1784371852
|switch|p1a: Farigiraf|Farigiraf, L50, M|57/100
|switch|p2b: Basculegion|Basculegion, L50, M|93/100
|move|p1b: Mawile|Play Rough|p2a: Ninetales
|-damage|p2a: Ninetales|17/100
|move|p2a: Ninetales|Blizzard|p1b: Mawile|[spread] p1a,p1b
|-resisted|p1b: Mawile|1
|-damage|p1a: Farigiraf|28/100
|-damage|p1b: Mawile|83/100
|-status|p1b: Mawile|frz
|-enditem|p1a: Farigiraf|Sitrus Berry|[eat]
|-heal|p1a: Farigiraf|52/100|[from] item: Sitrus Berry
|
|-weather|none
|-sideend|p2: Jamstiffer|move: Aurora Veil
|-fieldend|move: Trick Room
|upkeep
|turn|10
|c|☆lolgz|bruh
|
|t:|1784371871
|switch|p2a: Kingambit|Kingambit, L50, M|56/100
|cant|p1b: Mawile|frz
|move|p2b: Basculegion|Wave Crash|p1a: Farigiraf
|-damage|p1a: Farigiraf|1/100
|-damage|p2b: Basculegion|73/100|[from] Recoil
|move|p1a: Farigiraf|Trick Room|p1a: Farigiraf
|-fieldstart|move: Trick Room|[of] p1a: Farigiraf
|
|upkeep
|turn|11
|
|t:|1784371887
|move|p1a: Farigiraf|Protect|p1a: Farigiraf
|-singleturn|p1a: Farigiraf|Protect
|cant|p1b: Mawile|frz
|move|p2a: Kingambit|Kowtow Cleave|p1a: Farigiraf
|-activate|p1a: Farigiraf|move: Protect
|move|p2b: Basculegion|Wave Crash|p1b: Mawile
|-damage|p1b: Mawile|21/100 frz
|-damage|p2b: Basculegion|57/100|[from] Recoil
|
|upkeep
|turn|12
|
|t:|1784371896
|switch|p2b: Ninetales|Ninetales-Alola, L50, F|17/100
|-weather|Snowscape|[from] ability: Snow Warning|[of] p2b: Ninetales
|-curestatus|p1b: Mawile|frz|[msg]
|move|p1b: Mawile|Play Rough|p2a: Kingambit
|-damage|p2a: Kingambit|0 fnt
|faint|p2a: Kingambit
|move|p1a: Farigiraf|Psychic|p2b: Ninetales
|-damage|p2b: Ninetales|0 fnt
|faint|p2b: Ninetales
|
|-weather|Snowscape|[upkeep]
|upkeep
|
|t:|1784371905
|switch|p2a: Venusaur|Venusaur-Mega, L50, F|38/100
|switch|p2b: Basculegion|Basculegion, L50, M|57/100
|turn|13
|c|☆lolgz|holy comeback
|
|t:|1784371928
|move|p2a: Venusaur|Protect|p2a: Venusaur
|-singleturn|p2a: Venusaur|Protect
|move|p2b: Basculegion|Protect|p2b: Basculegion
|-singleturn|p2b: Basculegion|Protect
|move|p1b: Mawile|Sucker Punch||[still]
|-fail|p1b: Mawile
|move|p1a: Farigiraf|Psychic|p2a: Venusaur
|-activate|p2a: Venusaur|move: Protect
|
|-weather|Snowscape|[upkeep]
|upkeep
|turn|14
|
|t:|1784371936
|move|p2a: Venusaur|Protect||[still]
|-fail|p2a: Venusaur
|move|p2b: Basculegion|Protect||[still]
|-fail|p2b: Basculegion
|move|p1b: Mawile|Sucker Punch||[still]
|-fail|p1b: Mawile
|move|p1a: Farigiraf|Psychic|p2a: Venusaur
|-supereffective|p2a: Venusaur|1
|-damage|p2a: Venusaur|0 fnt
|faint|p2a: Venusaur
|
|-weather|Snowscape|[upkeep]
|-fieldend|move: Trick Room
|upkeep
|turn|15
|
|t:|1784371945
|move|p2b: Basculegion|Aqua Jet||[still]
|cant|p1a: Farigiraf|ability: Armor Tail|Aqua Jet|[of] p2b: Basculegion
|move|p1b: Mawile|Sucker Punch||[still]
|-fail|p1b: Mawile
|move|p1a: Farigiraf|Psychic|p2b: Basculegion
|-damage|p2b: Basculegion|29/100
|-enditem|p2b: Basculegion|Sitrus Berry|[eat]
|-heal|p2b: Basculegion|54/100|[from] item: Sitrus Berry
|
|-weather|Snowscape|[upkeep]
|upkeep
|turn|16
|
|t:|1784371951
|move|p2b: Basculegion|Aqua Jet||[still]
|cant|p1a: Farigiraf|ability: Armor Tail|Aqua Jet|[of] p2b: Basculegion
|move|p1b: Mawile|Sucker Punch||[still]
|-fail|p1b: Mawile
|move|p1a: Farigiraf|Psychic|p2b: Basculegion
|-damage|p2b: Basculegion|21/100
|
|-weather|none
|upkeep
|turn|17
|
|t:|1784371957
|move|p2b: Basculegion|Aqua Jet||[still]
|cant|p1a: Farigiraf|ability: Armor Tail|Aqua Jet|[of] p2b: Basculegion
|move|p1b: Mawile|Sucker Punch||[still]
|-fail|p1b: Mawile
|move|p1a: Farigiraf|Psychic|p2b: Basculegion
|-damage|p2b: Basculegion|0 fnt
|faint|p2b: Basculegion
|
|win|lolgz
