|j|â˜†superboy245
|j|â˜†maintanksux
|html|superboy245maintanksux    
|uhtml|bestof|Game 3 of a best-of-3
|t:|1782258132
|gametype|doubles
|player|p1|superboy245|buck|1088
|player|p2|maintanksux|170|1172
|gen|9
|tier|[Gen 9 Champions] VGC 2026 Reg M-B (Bo3)
|rated|
|rule|Species Clause: Limit one of each PokÃ©mon
|rule|Item Clause: Limit 1 of each item
|clearpoke
|poke|p1|Raichu, L50, M|
|poke|p1|Whimsicott, L50, F|
|poke|p1|Ninetales-Alola, L50, F|
|poke|p1|Scrafty, L50, M|
|poke|p1|Gholdengo, L50|
|poke|p1|Gliscor, L50, M|
|poke|p2|Staraptor, L50, F|
|poke|p2|Whimsicott, L50, F|
|poke|p2|Grimmsnarl, L50, M|
|poke|p2|Farigiraf, L50, F|
|poke|p2|Zoroark-Hisui, L50, M|
|poke|p2|Kingambit, L50, F|
|teampreview|4
|showteam|p1|Raichu||RaichuniteX|LightningRod|FakeOut,AlluringVoice,RisingVoltage,Protect|Timid||M|||50|]Whimsicott||CobaBerry|Prankster|Moonblast,Tailwind,Encore,Protect|Bold||F|||50|]Ninetales-Alola||FocusSash|SnowWarning|Blizzard,AuroraVeil,Moonblast,Protect|Timid||F|||50|]Scrafty||Scraftinite|Intimidate|FakeOut,KnockOff,CloseCombat,Protect|Adamant||M|||50|]Gholdengo||LifeOrb|GoodasGold|MakeItRain,ShadowBall,NastyPlot,Protect|Timid|||||50|]Gliscor||Leftovers|HyperCutter|Tailwind,BreakingSwipe,HighHorsepower,Protect|Jolly||M|||50|
|showteam|p2|Staraptor||Staraptite|Intimidate|CloseCombat,Roost,BraveBird,Protect|Adamant||F|||50|]Whimsicott||FocusSash|Prankster|Charm,Moonblast,Tailwind,Protect|Bold||F|||50|]Grimmsnarl||LightClay|Prankster|LightScreen,Reflect,PartingShot,SpiritBreak|Careful||M|||50|]Farigiraf||SitrusBerry|ArmorTail|HelpingHand,Protect,Psychic,HyperVoice|Calm||F|||50|]Zoroark-Hisui||ChoiceScarf|Illusion|ShadowBall,Psychic,IcyWind,HyperVoice|Timid||M|||50|]Kingambit||BlackGlasses|Defiant|SuckerPunch,KowtowCleave,IronHead,Protect|Adamant||F|||50|
|inactive|Battle timer is ON: inactive players will automatically lose when time's up. (requested by maintanksux)
|inactive|superboy245 has 60 seconds left.
|
|t:|1782258182
|teamsize|p1|4
|teamsize|p2|4
|start
|switch|p1a: Whimsicott|Whimsicott, L50, F|100/100
|switch|p1b: Raichu|Raichu, L50, M|100/100
|switch|p2a: Zubac|Grimmsnarl, L50, M|100/100
|switch|p2b: Nesmith|Kingambit, L50, F|100/100
|turn|1
|
|t:|1782258200
|move|p1b: Raichu|Protect|p1b: Raichu
|-singleturn|p1b: Raichu|Protect
|move|p1a: Whimsicott|Tailwind|p1a: Whimsicott
|-sidestart|p1: superboy245|move: Tailwind
|move|p2a: Zubac|Light Screen|p2a: Zubac
|-sidestart|p2: maintanksux|move: Light Screen
|move|p2b: Nesmith|Iron Head|p1a: Whimsicott
|-supereffective|p1a: Whimsicott|1
|-damage|p1a: Whimsicott|10/100
|
|upkeep
|turn|2
|inactive|superboy245 has 30 seconds left.
|
|t:|1782258228
|detailschange|p1b: Raichu|Raichu-Mega-X, L50, M
|-mega|p1b: Raichu|Raichu|Raichunite X
|-fieldstart|move: Electric Terrain|[from] ability: Electric Surge|[of] p1b: Raichu
|move|p1b: Raichu|Rising Voltage|p2b: Nesmith
|-hint|Rising Voltage's BP doubled on grounded target.
|-damage|p2b: Nesmith|49/100
|move|p1a: Whimsicott|Moonblast|p2b: Nesmith
|-damage|p2b: Nesmith|31/100
|move|p2a: Zubac|Spirit Break|p1a: Whimsicott
|-damage|p1a: Whimsicott|0 fnt
|faint|p1a: Whimsicott
|move|p2b: Nesmith|Kowtow Cleave|p1b: Raichu
|-damage|p1b: Raichu|21/100
|
|upkeep
|
|t:|1782258247
|switch|p1a: Gholdengo|Gholdengo, L50|100/100
|turn|3
|
|t:|1782258265
|move|p1b: Raichu|Protect|p1b: Raichu
|-singleturn|p1b: Raichu|Protect
|move|p1a: Gholdengo|Protect|p1a: Gholdengo
|-singleturn|p1a: Gholdengo|Protect
|move|p2a: Zubac|Spirit Break|p1b: Raichu
|-activate|p1b: Raichu|move: Protect
|move|p2b: Nesmith|Kowtow Cleave|p1a: Gholdengo
|-activate|p1a: Gholdengo|move: Protect
|
|upkeep
|turn|4
|
|t:|1782258275
|move|p1b: Raichu|Rising Voltage|p2b: Nesmith
|-hint|Rising Voltage's BP doubled on grounded target.
|-damage|p2b: Nesmith|0 fnt
|faint|p2b: Nesmith
|move|p1a: Gholdengo|Nasty Plot|p1a: Gholdengo
|-boost|p1a: Gholdengo|spa|2
|move|p2a: Zubac|Spirit Break|p1b: Raichu
|-damage|p1b: Raichu|0 fnt
|faint|p1b: Raichu
|
|-sideend|p1: superboy245|move: Tailwind
|upkeep
|
|t:|1782258282
|switch|p1b: Scrafty|Scrafty, L50, M|100/100
|switch|p2b: Siakam|Staraptor, L50, F|100/100
|-ability|p2b: Siakam|Intimidate|boost
|-unboost|p1a: Gholdengo|atk|1
|-unboost|p1b: Scrafty|atk|1
|-ability|p1b: Scrafty|Intimidate|boost
|-unboost|p2a: Zubac|atk|1
|-unboost|p2b: Siakam|atk|1
|turn|5
|
|t:|1782258305
|detailschange|p2b: Siakam|Staraptor-Mega, L50, F
|-mega|p2b: Siakam|Staraptor|Staraptite
|move|p1b: Scrafty|Fake Out|p2b: Siakam
|-damage|p2b: Siakam|91/100
|move|p2a: Zubac|Parting Shot|p2b: Siakam
|-boost|p2b: Siakam|atk|1
|-boost|p2b: Siakam|spa|1
|
|t:|1782258312
|switch|p2a: Hali|Whimsicott, L50, F|100/100|[from] Parting Shot
|move|p1a: Gholdengo|Make It Rain|p2a: Hali|[spread] p2a,p2b
|-supereffective|p2a: Hali|1
|-enditem|p2a: Hali|Focus Sash
|-damage|p2a: Hali|1/100
|-damage|p2b: Siakam|16/100
|-unboost|p1a: Gholdengo|spa|2
|-damage|p1a: Gholdengo|90/100|[from] item: Life Orb
|cant|p2b: Siakam|flinch
|
|upkeep
|turn|6
|
|t:|1782258335
|move|p2a: Hali|Charm|p2b: Siakam
|-boost|p2b: Siakam|atk|2
|move|p1a: Gholdengo|Shadow Ball|p2b: Siakam
|-damage|p2b: Siakam|0 fnt
|faint|p2b: Siakam
|-damage|p1a: Gholdengo|80/100|[from] item: Life Orb
|move|p1b: Scrafty|Knock Off|p2a: Hali
|-resisted|p2a: Hali|1
|-damage|p2a: Hali|0 fnt
|faint|p2a: Hali
|
|-fieldend|move: Electric Terrain
|upkeep
|
|t:|1782258341
|switch|p2b: Zubac|Grimmsnarl, L50, M|100/100
|turn|7
|c|â˜†maintanksux|gg
|c|â˜†superboy245|Gg
|
|t:|1782258356
|move|p1b: Scrafty|Protect|p1b: Scrafty
|-singleturn|p1b: Scrafty|Protect
|move|p1a: Gholdengo|Nasty Plot|p1a: Gholdengo
|-boost|p1a: Gholdengo|spa|2
|move|p2b: Zubac|Spirit Break|p1b: Scrafty
|-activate|p1b: Scrafty|move: Protect
|
|upkeep
|turn|8
|c|â˜†superboy245|Hisuin zor is scary ngl
|
|t:|1782258380
|move|p1a: Gholdengo|Make It Rain|p2b: Zubac
|-supereffective|p2b: Zubac|1
|-damage|p2b: Zubac|0 fnt
|-unboost|p1a: Gholdengo|spa|2
|faint|p2b: Zubac
|-damage|p1a: Gholdengo|70/100|[from] item: Life Orb
|
|win|superboy245
|raw|superboy245's rating: 1088 → 1121(+33 for winning)
|raw|maintanksux's rating: 1172 → 1141(-31 for losing)
|c|â˜†maintanksux|gg
|c|â˜†maintanksux|thx
|c|â˜†maintanksux|i like ur team too
|c|â˜†maintanksux|its fun to use
|c|â˜†superboy245|Yep
|c|â˜†superboy245|Gl in your next battles
|c|â˜†maintanksux|idk if the synergy with staraptor is amazing
|c|â˜†superboy245|It is
|c|â˜†maintanksux|thx
|c|â˜†maintanksux|good luck to u too
|c|â˜†maintanksux|u played rlly well
|c|â˜†superboy245|Adios then!
|c|â˜†maintanksux|around the kingambit
