|j|☆plato1
|j|☆b00mer8556
|html|plato1b00mer8556    
|uhtml|bestof|Game 1 of a best-of-3
|t:|1757745278
|gametype|doubles
|player|p1|plato1|266|1229
|player|p2|b00mer8556|169|1201
|gen|9
|tier|[Gen 9] VGC 2025 Reg H (Bo3)
|rated|
|rule|Species Clause: Limit one of each Pokémon
|rule|Item Clause: Limit 1 of each item
|clearpoke
|poke|p1|Murkrow, L50, F|
|poke|p1|Sneasler, L50, M|
|poke|p1|Gholdengo, L50|
|poke|p1|Indeedee-F, L50, F|
|poke|p1|Archaludon, L50, F|
|poke|p1|Basculegion, L50, M|
|poke|p2|Slaking, L50, M|
|poke|p2|Weezing, L50, F|
|poke|p2|Tatsugiri-Droopy, L50, F|
|poke|p2|Dondozo, L50, F|
|poke|p2|Kilowattrel, L50, M|
|poke|p2|Mamoswine, L50, M|
|teampreview|4
|showteam|p1|Murkrow||Eviolite|Prankster|FoulPlay,Haze,Tailwind,RainDance|||F|||50|,,,,,Ghost]Sneasler||PsychicSeed|Unburden|DireClaw,CloseCombat,ThroatChop,Protect|||M|||50|,,,,,Dark]Gholdengo||LifeOrb|GoodasGold|MakeItRain,ShadowBall,NastyPlot,Protect||||||50|,,,,,Dragon]Indeedee-F||SafetyGoggles|PsychicSurge|HyperVoice,Imprison,FollowMe,TrickRoom|||F|||50|,,,,,Ghost]Archaludon||PowerHerb|Sturdy|ElectroShot,DracoMeteor,FlashCannon,Protect|||F|||50|,,,,,Electric]Basculegion||ChoiceScarf|Adaptability|WaveCrash,LastRespects,FlipTurn,AquaJet|||M|||50|,,,,,Grass
|showteam|p2|Slaking||LifeOrb|Truant|Protect,DoubleEdge,HighHorsepower,SuckerPunch|||M|||50|,,,,,Ghost]Weezing||CovertCloak|NeutralizingGas|Protect,ToxicSpikes,WillOWisp,SludgeBomb|||F|||50|,,,,,Fairy]Tatsugiri-Droopy||AssaultVest|Commander|MuddyWater,DracoMeteor,IcyWind,MirrorCoat|||F|||50|,,,,,Steel]Dondozo||Leftovers|Unaware|Protect,Substitute,WaveCrash,Earthquake|||F|||50|,,,,,Ground]Kilowattrel||ChoiceSpecs|Competitive|VoltSwitch,Discharge,AirSlash,Thunderbolt|||M|||50|,,,,,Ghost]Mamoswine||FocusSash|Oblivious|Protect,Earthquake,IceShard,IcicleCrash|||M|||50|,,,,,Ghost
|inactive|Battle timer is ON: inactive players will automatically lose when time's up. (requested by plato1)
|inactive|plato1 has 60 seconds left.
|inactive|plato1 has 30 seconds left.
|inactive|plato1 has 20 seconds left.
|inactive|plato1 has 15 seconds left.
|inactive|plato1 has 10 seconds left.
|inactive|plato1 has 5 seconds left.
|
|t:|1757745367
|teamsize|p1|4
|teamsize|p2|4
|start
|switch|p1a: Indeedee|Indeedee-F, L50, F|100/100
|switch|p1b: Gholdengo|Gholdengo, L50|100/100
|switch|p2a: Weezing|Weezing, L50, F|100/100
|switch|p2b: Mamoswine|Mamoswine, L50, M|100/100
|-ability|p2a: Weezing|Neutralizing Gas
|turn|1
|inactive|plato1 has 30 seconds left.
|inactive|b00mer8556 has 30 seconds left.
|
|t:|1757745400
|-terastallize|p1b: Gholdengo|Dragon
|move|p2a: Weezing|Protect|p2a: Weezing
|-singleturn|p2a: Weezing|Protect
|move|p1b: Gholdengo|Make It Rain|p2a: Weezing|[spread] p2b
|-activate|p2a: Weezing|move: Protect
|-supereffective|p2b: Mamoswine
|-enditem|p2b: Mamoswine|Focus Sash
|-damage|p2b: Mamoswine|1/100
|-unboost|p1b: Gholdengo|spa|1
|-damage|p1b: Gholdengo|91/100|[from] item: Life Orb
|move|p2b: Mamoswine|Earthquake|p1a: Indeedee|[spread] p1a,p1b
|-activate|p2a: Weezing|move: Protect
|-damage|p1a: Indeedee|54/100
|-damage|p1b: Gholdengo|43/100
|move|p1a: Indeedee|Hyper Voice|p2a: Weezing|[spread] p2b
|-activate|p2a: Weezing|move: Protect
|-crit|p2b: Mamoswine
|-damage|p2b: Mamoswine|0 fnt
|faint|p2b: Mamoswine
|
|upkeep
|
|t:|1757745417
|switch|p2b: Dondozo|Dondozo, L50, F|100/100
|turn|2
|
|t:|1757745431
|-end|p2a: Weezing|ability: Neutralizing Gas
|-fieldstart|move: Psychic Terrain|[from] ability: Psychic Surge|[of] p1a: Indeedee
|switch|p2a: Tatsugiri|Tatsugiri-Droopy, L50, F|100/100
|-activate|p2a: Tatsugiri|ability: Commander|[of] p2b: Dondozo
|-boost|p2b: Dondozo|atk|2
|-boost|p2b: Dondozo|spa|2
|-boost|p2b: Dondozo|spe|2
|-boost|p2b: Dondozo|def|2
|-boost|p2b: Dondozo|spd|2
|-terastallize|p2b: Dondozo|Ground
|move|p1a: Indeedee|Follow Me|p1a: Indeedee
|-singleturn|p1a: Indeedee|move: Follow Me
|move|p2b: Dondozo|Earthquake|p1a: Indeedee|[spread] p1a,p1b
|-miss|p2b: Dondozo|p2a: Tatsugiri
|-damage|p1a: Indeedee|0 fnt
|-damage|p1b: Gholdengo|0 fnt
|faint|p1a: Indeedee
|faint|p1b: Gholdengo
|
|upkeep
|
|t:|1757745447
|switch|p1b: Sneasler|Sneasler, L50, M|100/100
|switch|p1a: Murkrow|Murkrow, L50, F|100/100
|-enditem|p1b: Sneasler|Psychic Seed
|-boost|p1b: Sneasler|spd|1|[from] item: Psychic Seed
|turn|3
|
|t:|1757745469
|move|p2b: Dondozo|Protect|p2b: Dondozo
|-singleturn|p2b: Dondozo|Protect
|move|p1a: Murkrow|Haze|p1a: Murkrow
|-clearallboost
|move|p1b: Sneasler|Dire Claw|p2b: Dondozo
|-activate|p2b: Dondozo|move: Protect
|
|upkeep
|turn|4
|
|t:|1757745484
|move|p1b: Sneasler|Protect|p1b: Sneasler
|-singleturn|p1b: Sneasler|Protect
|move|p1a: Murkrow|Foul Play|p2b: Dondozo
|-crit|p2b: Dondozo
|-damage|p2b: Dondozo|55/100
|move|p2b: Dondozo|Earthquake|p1a: Murkrow|[spread] 
|-miss|p2b: Dondozo|p2a: Tatsugiri
|-activate|p1b: Sneasler|move: Protect
|-immune|p1a: Murkrow
|
|-heal|p2b: Dondozo|61/100|[from] item: Leftovers
|upkeep
|turn|5
|
|t:|1757745498
|move|p1b: Sneasler|Dire Claw|p2b: Dondozo
|-resisted|p2b: Dondozo
|-damage|p2b: Dondozo|44/100
|move|p1a: Murkrow|Foul Play|p2b: Dondozo
|-damage|p2b: Dondozo|13/100
|move|p2b: Dondozo|Earthquake|p1a: Murkrow|[spread] p1b
|-miss|p2b: Dondozo|p2a: Tatsugiri
|-immune|p1a: Murkrow
|-supereffective|p1b: Sneasler
|-damage|p1b: Sneasler|0 fnt
|faint|p1b: Sneasler
|
|-heal|p2b: Dondozo|20/100|[from] item: Leftovers
|upkeep
|turn|6
|-message|plato1 forfeited.
|
|win|b00mer8556
|l|☆plato1
|player|p1|
||plato1 is ready for game 2.
||b00mer8556 is ready for game 2.
|uhtml|next|Next: Game 2 of 3
|l|☆b00mer8556
|player|p2|
