|j|☆Gi1796
|j|☆ReggioVGC
|html|Gi1796ReggioVGC    
|uhtml|bestof|Game 1 of a best-of-3
|t:|1756827974
|gametype|doubles
|player|p1|Gi1796|169|1076
|player|p2|ReggioVGC|lucas|1166
|gen|9
|tier|[Gen 9] VGC 2025 Reg H (Bo3)
|rated|
|rule|Species Clause: Limit one of each Pokémon
|rule|Item Clause: Limit 1 of each item
|clearpoke
|poke|p1|Sneasler, L50, M|
|poke|p1|Indeedee, L50, M|
|poke|p1|Annihilape, L50, M|
|poke|p1|Tyranitar, L50, M|
|poke|p1|Excadrill, L50, M|
|poke|p1|Corviknight, L50, F|
|poke|p2|Ursaluna, L50, M|
|poke|p2|Kilowattrel, L50, F|
|poke|p2|Gholdengo, L50|
|poke|p2|Incineroar, L50, M|
|poke|p2|Amoonguss, L50, M|
|poke|p2|Porygon2, L50|
|teampreview|4
|showteam|p1|Sneasler||PsychicSeed|Unburden|CloseCombat,DireClaw,ThroatChop,Protect|||M|||50|,,,,,Dark]Indeedee||ChoiceScarf|PsychicSurge|ExpandingForce,TeraBlast,Trick,DazzlingGleam|||M|||50|,,,,,Psychic]Annihilape||SafetyGoggles|Defiant|CloseCombat,RageFist,Taunt,FinalGambit|||M|||50|,,,,,Water]Tyranitar||AssaultVest|SandStream|RockSlide,KnockOff,TeraBlast,LowKick|||M|||50|,,,,,Flying]Excadrill||FocusSash|SandRush|HighHorsepower,Earthquake,IronHead,Protect|||M|||50|,,,,,Stellar]Corviknight||Leftovers|MirrorArmor|BraveBird,BulkUp,Tailwind,Roost|||F|||50|,,,,,Dragon
|showteam|p2|Ursaluna||FlameOrb|Guts|Facade,HeadlongRush,Earthquake,Protect|||M|||50|,,,,,Fairy]Kilowattrel||FocusSash|Competitive|Thunderbolt,AirSlash,Tailwind,Protect|||F|||50|,,,,,Ghost]Gholdengo||LifeOrb|GoodasGold|MakeItRain,ShadowBall,NastyPlot,Protect||||||50|,,,,,Flying]Incineroar||AssaultVest|Intimidate|KnockOff,FlareBlitz,Uturn,FakeOut|||M|||50|,,,,,Grass]Amoonguss||SitrusBerry|Regenerator|Spore,RagePowder,SludgeBomb,Protect|||M|||50|,,,,,Water]Porygon2||Eviolite|Download|TeraBlast,IceBeam,Recover,TrickRoom||||||50|,,,,,Fighting
|inactive|Battle timer is ON: inactive players will automatically lose when time's up. (requested by Gi1796)
|inactive|Gi1796 has 60 seconds left.
|inactive|ReggioVGC has 60 seconds left.
|inactive|Gi1796 has 30 seconds left.
|inactive|ReggioVGC has 30 seconds left.
|inactive|Gi1796 has 20 seconds left.
|inactive|ReggioVGC has 20 seconds left.
|inactive|Gi1796 has 15 seconds left.
|inactive|ReggioVGC has 15 seconds left.
|inactive|ReggioVGC has 10 seconds left.
|
|t:|1756828067
|teamsize|p1|4
|teamsize|p2|4
|start
|switch|p1a: Annihilape|Annihilape, L50, M|100/100
|switch|p1b: Tyranitar|Tyranitar, L50, M|100/100
|switch|p2a: Big Bird|Kilowattrel, L50, F|100/100
|switch|p2b: 뽀록나|Amoonguss, L50, M, shiny|100/100
|-weather|Sandstorm|[from] ability: Sand Stream|[of] p1b: Tyranitar
|turn|1
|inactive|ReggioVGC has 30 seconds left.
|
|t:|1756828101
|switch|p2b: Dinko|Ursaluna, L50, M|100/100
|move|p2a: Big Bird|Tailwind|p2a: Big Bird
|-sidestart|p2: ReggioVGC|move: Tailwind
|move|p1a: Annihilape|Taunt|p2b: Dinko
|-start|p2b: Dinko|move: Taunt
|move|p1b: Tyranitar|Rock Slide|p2a: Big Bird|[spread] p2a,p2b
|-supereffective|p2a: Big Bird
|-resisted|p2b: Dinko
|-enditem|p2a: Big Bird|Focus Sash
|-damage|p2a: Big Bird|1/100
|-damage|p2b: Dinko|86/100
|
|-weather|Sandstorm|[upkeep]
|-damage|p2a: Big Bird|0 fnt|[from] Sandstorm
|faint|p2a: Big Bird
|-status|p2b: Dinko|brn|[from] item: Flame Orb
|upkeep
|inactive|ReggioVGC has 30 seconds left.
|inactive|ReggioVGC has 20 seconds left.
|inactive|ReggioVGC has 15 seconds left.
|
|t:|1756828146
|switch|p2a: 뽀록나|Amoonguss, L50, M, shiny|100/100
|turn|2
|inactive|Gi1796 has 30 seconds left.
|inactive|ReggioVGC has 30 seconds left.
|inactive|Gi1796 has 20 seconds left.
|inactive|ReggioVGC has 20 seconds left.
|inactive|Gi1796 has 15 seconds left.
|inactive|Gi1796 has 10 seconds left.
|
|t:|1756828194
|switch|p2b: Nokia Brick|Porygon2, L50|100/100
|-ability|p2b: Nokia Brick|Download|boost
|-boost|p2b: Nokia Brick|spa|1
|-terastallize|p1b: Tyranitar|Flying
|move|p1a: Annihilape|Taunt|p2a: 뽀록나
|-start|p2a: 뽀록나|move: Taunt
|move|p1b: Tyranitar|Knock Off|p2b: Nokia Brick
|-damage|p2b: Nokia Brick|64/100
|-enditem|p2b: Nokia Brick|Eviolite|[from] move: Knock Off|[of] p1b: Tyranitar
|cant|p2a: 뽀록나|move: Taunt|Spore
|
|-weather|Sandstorm|[upkeep]
|-damage|p2b: Nokia Brick|58/100|[from] Sandstorm
|-damage|p1b: Tyranitar|94/100|[from] Sandstorm
|-damage|p2a: 뽀록나|95/100|[from] Sandstorm
|upkeep
|turn|3
|inactive|ReggioVGC has 30 seconds left.
|inactive|ReggioVGC has 20 seconds left.
|inactive|ReggioVGC has 15 seconds left.
|inactive|ReggioVGC has 10 seconds left.
|
|t:|1756828242
|-terastallize|p2b: Nokia Brick|Fighting
|move|p2b: Nokia Brick|Ice Beam|p1b: Tyranitar
|-supereffective|p1b: Tyranitar
|-damage|p1b: Tyranitar|52/100
|move|p1a: Annihilape|Close Combat|p2b: Nokia Brick
|-damage|p2b: Nokia Brick|16/100
|-unboost|p1a: Annihilape|def|1
|-unboost|p1a: Annihilape|spd|1
|move|p1b: Tyranitar|Tera Blast|p2b: Nokia Brick|[anim] Tera Blast Flying
|-supereffective|p2b: Nokia Brick
|-damage|p2b: Nokia Brick|0 fnt
|faint|p2b: Nokia Brick
|move|p2a: 뽀록나|Sludge Bomb|p1a: Annihilape
|-resisted|p1a: Annihilape
|-damage|p1a: Annihilape|82/100
|-status|p1a: Annihilape|psn
|
|-weather|Sandstorm|[upkeep]
|-damage|p1b: Tyranitar|46/100|[from] Sandstorm
|-damage|p2a: 뽀록나|89/100|[from] Sandstorm
|-damage|p1a: Annihilape|69/100 psn|[from] psn
|upkeep
|
|t:|1756828257
|switch|p2b: Dinko|Ursaluna, L50, M|86/100 brn
|turn|4
|inactive|Gi1796 has 30 seconds left.
|inactive|ReggioVGC has 30 seconds left.
|inactive|Gi1796 has 20 seconds left.
|inactive|ReggioVGC has 20 seconds left.
|inactive|Gi1796 has 15 seconds left.
|inactive|Gi1796 has 10 seconds left.
|
|t:|1756828302
|switch|p1a: Corviknight|Corviknight, L50, F|100/100
|move|p2b: Dinko|Earthquake|p1a: Corviknight|[spread] p2a
|-immune|p1a: Corviknight
|-immune|p1b: Tyranitar
|-damage|p2a: 뽀록나|31/100
|-enditem|p2a: 뽀록나|Sitrus Berry|[eat]
|-heal|p2a: 뽀록나|56/100|[from] item: Sitrus Berry
|move|p1b: Tyranitar|Tera Blast|p2a: 뽀록나|[anim] Tera Blast Flying
|-supereffective|p2a: 뽀록나
|-damage|p2a: 뽀록나|0 fnt
|faint|p2a: 뽀록나
|
|-weather|Sandstorm|[upkeep]
|-damage|p1b: Tyranitar|40/100|[from] Sandstorm
|-damage|p2b: Dinko|80/100 brn|[from] brn
|-sideend|p2: ReggioVGC|move: Tailwind
|upkeep
|turn|5
|
|t:|1756828323
|move|p1b: Tyranitar|Knock Off|p2b: Dinko
|-damage|p2b: Dinko|31/100 brn
|-enditem|p2b: Dinko|Flame Orb|[from] move: Knock Off|[of] p1b: Tyranitar
|move|p2b: Dinko|Facade|p1a: Corviknight
|-resisted|p1a: Corviknight
|-damage|p1a: Corviknight|43/100
|move|p1a: Corviknight|Bulk Up|p1a: Corviknight
|-boost|p1a: Corviknight|atk|1
|-boost|p1a: Corviknight|def|1
|
|-weather|none
|-heal|p1a: Corviknight|49/100|[from] item: Leftovers
|-damage|p2b: Dinko|25/100 brn|[from] brn
|upkeep
|turn|6
|
|t:|1756828339
|move|p1b: Tyranitar|Tera Blast|p2b: Dinko|[anim] Tera Blast Flying
|-damage|p2b: Dinko|0 fnt
|faint|p2b: Dinko
|
|win|Gi1796
