|j|☆Coqu1s
|j|☆JBE Zants
|html|Coqu1sJBE Zants    
|uhtml|bestof|Game 2 of a best-of-3
|t:|1784677889
|gametype|doubles
|player|p1|Coqu1s|steven|
|player|p2|JBE Zants|hilbert|
|gen|9
|tier|[Gen 9 Champions] VGC 2026 Reg M-B (Bo3)
|rule|Species Clause: Limit one of each Pokémon
|rule|Item Clause: Limit 1 of each item
|clearpoke
|poke|p1|Excadrill, L50, M|
|poke|p1|Tyranitar, L50, F|
|poke|p1|Sinistcha, L50|
|poke|p1|Milotic, L50, M|
|poke|p1|Gholdengo, L50|
|poke|p1|Staraptor, L50, F|
|poke|p2|Kingambit, L50, M|
|poke|p2|Sneasler, L50, M|
|poke|p2|Basculegion, L50, M|
|poke|p2|Scovillain, L50, M|
|poke|p2|Lycanroc-Dusk, L50, F|
|poke|p2|Froslass, L50, F|
|teampreview|4
|showteam|p1|Excadrill||FocusSash|SandRush|Protect,RockSlide,IronHead,HighHorsepower|Adamant||M|||50|]Tyranitar||Tyranitarite|SandStream|KnockOff,LowKick,Protect,RockSlide|Adamant||F|||50|]Sinistcha||SitrusBerry|Hospitality|MatchaGotcha,RagePowder,TrickRoom,Protect|Relaxed|||||50|]Milotic||Leftovers|Competitive|Scald,IceBeam,IcyWind,Protect|Modest||M|||50|]Gholdengo||LifeOrb|GoodasGold|MakeItRain,NastyPlot,ShadowBall,Protect|Modest|||||50|]Staraptor||Staraptite|Intimidate|BraveBird,CloseCombat,Tailwind,Protect|Jolly||F|||50|
|showteam|p2|Kingambit||BlackGlasses|Defiant|Protect,KowtowCleave,SuckerPunch,SwordsDance|Adamant||M|||50|]Sneasler||WhiteHerb|Unburden|Protect,CloseCombat,PoisonJab,FakeOut|Adamant||M|||50|]Basculegion||LifeOrb|Adaptability|Protect,WaveCrash,LastRespects,AquaJet|Jolly||M|||50|]Scovillain||Scovillainite|Moody|Protect,Overheat,GigaDrain,RagePowder|Bold||M|||50|]Lycanroc-Dusk||FocusSash|ToughClaws|Protect,RockSlide,Accelerock,CloseCombat|Adamant||F|||50|]Froslass||Froslassite|CursedBody|Protect,Blizzard,ShadowBall,Taunt|Timid||F|||50|
|
|t:|1784677946
|teamsize|p1|4
|teamsize|p2|4
|start
|switch|p1a: Excadrill|Excadrill, L50, M|100/100
|switch|p1b: Tyranitar|Tyranitar, L50, F|100/100
|switch|p2a: Scovillain|Scovillain, L50, M|100/100
|switch|p2b: Kingambit|Kingambit, L50, M|100/100
|-weather|Sandstorm|[from] ability: Sand Stream|[of] p1b: Tyranitar
|turn|1
|
|t:|1784677965
|detailschange|p2a: Scovillain|Scovillain-Mega, L50, M
|-mega|p2a: Scovillain|Scovillain|Scovillainite
|detailschange|p1b: Tyranitar|Tyranitar-Mega, L50, F
|-mega|p1b: Tyranitar|Tyranitar|Tyranitarite
|move|p2b: Kingambit|Protect|p2b: Kingambit
|-singleturn|p2b: Kingambit|Protect
|move|p1a: Excadrill|High Horsepower|p2b: Kingambit
|-activate|p2b: Kingambit|move: Protect
|move|p2a: Scovillain|Giga Drain|p1a: Excadrill
|-damage|p1a: Excadrill|55/100
|move|p1b: Tyranitar|Rock Slide|p2a: Scovillain|[spread] p2a
|-activate|p2b: Kingambit|move: Protect
|-supereffective|p2a: Scovillain|1
|-damage|p2a: Scovillain|40/100
|-status|p1b: Tyranitar|brn|[from] ability: Spicy Spray|[of] p2a: Scovillain
|
|-weather|Sandstorm|[upkeep]
|-damage|p2a: Scovillain|34/100|[from] Sandstorm
|-damage|p1b: Tyranitar|94/100 brn|[from] brn
|upkeep
|turn|2
|
|t:|1784677993
|switch|p1a: Milotic|Milotic, L50, M|100/100
|move|p2a: Scovillain|Rage Powder|p2a: Scovillain
|-singleturn|p2a: Scovillain|move: Rage Powder
|move|p1b: Tyranitar|Rock Slide|p2a: Scovillain|[spread] p2a
|-miss|p1b: Tyranitar|p2b: Kingambit
|-supereffective|p2a: Scovillain|1
|-damage|p2a: Scovillain|5/100
|move|p2b: Kingambit|Swords Dance|p2b: Kingambit
|-boost|p2b: Kingambit|atk|2
|
|-weather|Sandstorm|[upkeep]
|-damage|p1a: Milotic|94/100|[from] Sandstorm
|-damage|p2a: Scovillain|0 fnt|[from] Sandstorm
|faint|p2a: Scovillain
|-heal|p1a: Milotic|100/100|[from] item: Leftovers
|-damage|p1b: Tyranitar|88/100 brn|[from] brn
|upkeep
|
|t:|1784678007
|switch|p2a: Lycanroc|Lycanroc-Dusk, L50, F|100/100
|turn|3
|
|t:|1784678026
|move|p2a: Lycanroc|Protect|p2a: Lycanroc
|-singleturn|p2a: Lycanroc|Protect
|move|p1a: Milotic|Icy Wind|p2b: Kingambit|[spread] p2b
|-activate|p2a: Lycanroc|move: Protect
|-resisted|p2b: Kingambit|1
|-damage|p2b: Kingambit|95/100
|-unboost|p2b: Kingambit|spe|1
|-ability|p2b: Kingambit|Defiant|boost
|-boost|p2b: Kingambit|atk|2
|move|p1b: Tyranitar|Low Kick|p2b: Kingambit
|-supereffective|p2b: Kingambit|2
|-damage|p2b: Kingambit|40/100
|move|p2b: Kingambit|Kowtow Cleave|p1a: Milotic
|-damage|p1a: Milotic|0 fnt
|faint|p1a: Milotic
|
|-weather|Sandstorm|[upkeep]
|-damage|p1b: Tyranitar|82/100 brn|[from] brn
|upkeep
|
|t:|1784678044
|switch|p1a: Staraptor|Staraptor, L50, F|100/100
|-ability|p1a: Staraptor|Intimidate|boost
|-unboost|p2a: Lycanroc|atk|1
|-unboost|p2b: Kingambit|atk|1
|-ability|p2b: Kingambit|Defiant|boost
|-boost|p2b: Kingambit|atk|2
|turn|4
|
|t:|1784678063
|move|p2b: Kingambit|Sucker Punch||[still]
|-fail|p2b: Kingambit
|move|p2a: Lycanroc|Close Combat|p1b: Tyranitar
|-supereffective|p1b: Tyranitar|2
|-damage|p1b: Tyranitar|0 fnt
|-unboost|p2a: Lycanroc|def|1
|-unboost|p2a: Lycanroc|spd|1
|faint|p1b: Tyranitar
|move|p1a: Staraptor|Tailwind|p1a: Staraptor
|-sidestart|p1: Coqu1s|move: Tailwind
|
|-weather|Sandstorm|[upkeep]
|-damage|p1a: Staraptor|93/100|[from] Sandstorm
|upkeep
|
|t:|1784678074
|switch|p1b: Excadrill|Excadrill, L50, M|55/100
|turn|5
|
|t:|1784678084
|move|p2a: Lycanroc|Protect|p2a: Lycanroc
|-singleturn|p2a: Lycanroc|Protect
|move|p2b: Kingambit|Sucker Punch|p1b: Excadrill
|-damage|p1b: Excadrill|0 fnt
|faint|p1b: Excadrill
|move|p1a: Staraptor|Close Combat|p2a: Lycanroc
|-activate|p2a: Lycanroc|move: Protect
|
|-weather|none
|upkeep
|turn|6
|
|t:|1784678096
|move|p2a: Lycanroc|Accelerock|p1a: Staraptor
|-supereffective|p1a: Staraptor|1
|-damage|p1a: Staraptor|33/100
|move|p2b: Kingambit|Sucker Punch|p1a: Staraptor
|-damage|p1a: Staraptor|0 fnt
|faint|p1a: Staraptor
|
|win|JBE Zants
|l|☆Coqu1s
|player|p1|
