|j|☆gib1e
|j|☆av yveltal better
|html|gib1eav yveltal better    
|uhtml|bestof|Game 3 of a best-of-3
|t:|1755738148
|gametype|doubles
|player|p1|gib1e|smasher|1241
|player|p2|av yveltal better|silver|1425
|gen|9
|tier|[Gen 9] VGC 2025 Reg H (Bo3)
|rated|
|rule|Species Clause: Limit one of each Pokémon
|rule|Item Clause: Limit 1 of each item
|clearpoke
|poke|p1|Archaludon, L50, F|
|poke|p1|Gholdengo, L50|
|poke|p1|Pelipper, L50, F|
|poke|p1|Ursaluna, L50, F|
|poke|p1|Sinistcha, L50|
|poke|p1|Dragonite, L50, F|
|poke|p2|Kingambit, L50, M|
|poke|p2|Rillaboom, L50, F|
|poke|p2|Sneasler, L50, F|
|poke|p2|Magmar, L50, F|
|poke|p2|Ninetales-Alola, L50, M|
|poke|p2|Basculegion, L50, M|
|teampreview|4
|showteam|p1|Archaludon||AssaultVest|Stamina|DragonPulse,ElectroShot,BodyPress,Snarl|||F|||50|,,,,,Fighting]Gholdengo||ChoiceScarf|GoodasGold|MakeItRain,ShadowBall,PowerGem,Trick||||||50|,,,,,Flying]Pelipper||FocusSash|Drizzle|WeatherBall,Hurricane,Tailwind,Protect|||F|||50|,,,,,Ghost]Ursaluna||FlameOrb|Guts|Facade,HeadlongRush,Earthquake,Protect|||F|||50|,,,,,Ghost]Sinistcha||SitrusBerry|Hospitality|MatchaGotcha,LifeDew,RagePowder,TrickRoom||||||50|,,,,,Dark]Dragonite||LoadedDice|Multiscale|ScaleShot,Tailwind,Haze,Protect|||F|||50|,,,,,Fairy
|showteam|p2|Kingambit||BlackGlasses|Defiant|KowtowCleave,SuckerPunch,Protect,SwordsDance|||M|||50|,,,,,Fire]Rillaboom||AssaultVest|GrassySurge|WoodHammer,GrassyGlide,HighHorsepower,FakeOut|||F|||50|,,,,,Fire]Sneasler||FocusSash|PoisonTouch|CloseCombat,DireClaw,FakeOut,Protect|||F|||50|,,,,,Ghost]Magmar||Eviolite|VitalSpirit|BurningJealousy,Taunt,Protect,FollowMe|||F|||50|,,,,,Ghost]Ninetales-Alola||NeverMeltIce|SnowWarning|Blizzard,FreezeDry,Encore,Protect|||M|||50|,,,,,Ghost]Basculegion||ChoiceScarf|Adaptability|WaveCrash,LastRespects,TeraBlast,FlipTurn|||M|||50|,,,,,Fairy
|inactive|Battle timer is ON: inactive players will automatically lose when time's up. (requested by gib1e)
|inactive|av yveltal better has 60 seconds left.
|inactive|av yveltal better has 30 seconds left.
|
|t:|1755738210
|teamsize|p1|4
|teamsize|p2|4
|start
|switch|p1a: Ursagoona|Ursaluna, L50, F, shiny|100/100
|switch|p1b: Dragoonite|Dragonite, L50, F|100/100
|switch|p2a: Kingambit|Kingambit, L50, M|100/100
|switch|p2b: Sneasler|Sneasler, L50, F|100/100
|turn|1
|
|t:|1755738228
|switch|p2b: Ninetales|Ninetales-Alola, L50, M|100/100
|-weather|Snowscape|[from] ability: Snow Warning|[of] p2b: Ninetales
|switch|p1a: Archalugoon|Archaludon, L50, F, shiny|100/100
|move|p1b: Dragoonite|Scale Shot|p1a: Archalugoon
|-crit|p1a: Archalugoon
|-damage|p1a: Archalugoon|88/100
|-ability|p1a: Archalugoon|Stamina|boost
|-boost|p1a: Archalugoon|def|1
|-crit|p1a: Archalugoon
|-damage|p1a: Archalugoon|75/100
|-ability|p1a: Archalugoon|Stamina|boost
|-boost|p1a: Archalugoon|def|1
|-damage|p1a: Archalugoon|71/100
|-ability|p1a: Archalugoon|Stamina|boost
|-boost|p1a: Archalugoon|def|1
|-damage|p1a: Archalugoon|67/100
|-ability|p1a: Archalugoon|Stamina|boost
|-boost|p1a: Archalugoon|def|1
|-hitcount|p1a: Archalugoon|4
|-unboost|p1b: Dragoonite|def|1
|-boost|p1b: Dragoonite|spe|1
|move|p2a: Kingambit|Kowtow Cleave|p1b: Dragoonite
|-damage|p1b: Dragoonite|61/100
|
|-weather|Snowscape|[upkeep]
|upkeep
|turn|2
|inactive|av yveltal better has 30 seconds left.
|
|t:|1755738259
|move|p1b: Dragoonite|Tailwind|p1b: Dragoonite
|-sidestart|p1: gib1e|move: Tailwind
|move|p1a: Archalugoon|Body Press|p2a: Kingambit
|-supereffective|p2a: Kingambit
|-damage|p2a: Kingambit|0 fnt
|faint|p2a: Kingambit
|move|p2b: Ninetales|Blizzard|p1a: Archalugoon|[spread] p1a,p1b
|-supereffective|p1b: Dragoonite
|-damage|p1a: Archalugoon|43/100
|-damage|p1b: Dragoonite|0 fnt
|-ability|p1a: Archalugoon|Stamina|boost
|-boost|p1a: Archalugoon|def|1
|faint|p1b: Dragoonite
|
|-weather|Snowscape|[upkeep]
|upkeep
|
|t:|1755738267
|switch|p1b: Goondengo|Gholdengo, L50|100/100
|switch|p2a: Rillaboom|Rillaboom, L50, F|100/100
|-fieldstart|move: Grassy Terrain|[from] ability: Grassy Surge|[of] p2a: Rillaboom
|turn|3
|
|t:|1755738283
|-terastallize|p1b: Goondengo|Flying
|-terastallize|p2b: Ninetales|Ghost
|move|p2a: Rillaboom|Fake Out|p1a: Archalugoon
|-resisted|p1a: Archalugoon
|-damage|p1a: Archalugoon|41/100
|-ability|p1a: Archalugoon|Stamina|boost
|-boost|p1a: Archalugoon|def|1
|move|p1b: Goondengo|Make It Rain|p2a: Rillaboom|[spread] p2a,p2b
|-damage|p2a: Rillaboom|65/100
|-damage|p2b: Ninetales|35/100
|-unboost|p1b: Goondengo|spa|1
|cant|p1a: Archalugoon|flinch
|move|p2b: Ninetales|Blizzard|p1a: Archalugoon|[spread] p1a,p1b
|-supereffective|p1b: Goondengo
|-damage|p1a: Archalugoon|19/100
|-damage|p1b: Goondengo|22/100
|
|-weather|Snowscape|[upkeep]
|-heal|p1a: Archalugoon|26/100|[from] Grassy Terrain
|-heal|p2b: Ninetales|41/100|[from] Grassy Terrain
|-heal|p2a: Rillaboom|71/100|[from] Grassy Terrain
|upkeep
|turn|4
|
|t:|1755738307
|switch|p2b: Sneasler|Sneasler, L50, F|100/100
|move|p1b: Goondengo|Make It Rain|p2a: Rillaboom|[spread] p2a,p2b
|-damage|p2a: Rillaboom|46/100
|-damage|p2b: Sneasler|48/100
|-unboost|p1b: Goondengo|spa|1
|move|p1a: Archalugoon|Body Press|p2a: Rillaboom
|-damage|p2a: Rillaboom|0 fnt
|faint|p2a: Rillaboom
|
|-weather|Snowscape|[upkeep]
|-heal|p1a: Archalugoon|32/100|[from] Grassy Terrain
|-heal|p2b: Sneasler|54/100|[from] Grassy Terrain
|upkeep
|
|t:|1755738315
|switch|p2a: Ninetales|Ninetales-Alola, L50, M, tera:Ghost|41/100
|turn|5
|
|t:|1755738328
|switch|p1b: Ursagoona|Ursaluna, L50, F, shiny|100/100
|move|p2b: Sneasler|Fake Out|p1b: Ursagoona
|-damage|p1b: Ursagoona|91/100
|move|p1a: Archalugoon|Snarl|p2b: Sneasler|[spread] p2a,p2b
|-supereffective|p2a: Ninetales
|-resisted|p2b: Sneasler
|-damage|p2a: Ninetales|16/100
|-damage|p2b: Sneasler|46/100
|-unboost|p2a: Ninetales|spa|1
|-unboost|p2b: Sneasler|spa|1
|move|p2a: Ninetales|Blizzard|p1b: Ursagoona|[spread] p1a,p1b
|-supereffective|p1b: Ursagoona
|-damage|p1a: Archalugoon|16/100
|-damage|p1b: Ursagoona|40/100
|
|-weather|none
|-heal|p1a: Archalugoon|23/100|[from] Grassy Terrain
|-heal|p1b: Ursagoona|45/100|[from] Grassy Terrain
|-heal|p2b: Sneasler|52/100|[from] Grassy Terrain
|-heal|p2a: Ninetales|22/100|[from] Grassy Terrain
|-sideend|p1: gib1e|move: Tailwind
|-status|p1b: Ursagoona|brn|[from] item: Flame Orb
|upkeep
|turn|6
|inactive|gib1e has 30 seconds left.
|
|t:|1755738360
|move|p2b: Sneasler|Close Combat|p1a: Archalugoon
|-supereffective|p1a: Archalugoon
|-damage|p1a: Archalugoon|1/100
|-unboost|p2b: Sneasler|def|1
|-unboost|p2b: Sneasler|spd|1
|move|p2a: Ninetales|Blizzard|p1b: Ursagoona|[spread] p1b
|-miss|p2a: Ninetales|p1a: Archalugoon
|-supereffective|p1b: Ursagoona
|-damage|p1b: Ursagoona|0 fnt
|faint|p1b: Ursagoona
|move|p1a: Archalugoon|Body Press|p2b: Sneasler
|-resisted|p2b: Sneasler
|-damage|p2b: Sneasler|0 fnt
|faint|p2b: Sneasler
|
|-heal|p2a: Ninetales|28/100|[from] Grassy Terrain
|-heal|p1a: Archalugoon|7/100|[from] Grassy Terrain
|upkeep
|
|t:|1755738367
|switch|p1b: Goondengo|Gholdengo, L50, tera:Flying|22/100
|turn|7
|-message|av yveltal better forfeited.
|
|win|gib1e
|raw|gib1e's rating: 1241 → 1278(+37 for winning)
|raw|av yveltal better's rating: 1425 → 1395(-30 for losing)
