|j|☆KageUyagir
|j|☆FrostyK1w1
|html|KageUyagirFrostyK1w1    
|uhtml|bestof|Game 3 of a best-of-3
|t:|1784787742
|gametype|doubles
|player|p1|KageUyagir|169|
|player|p2|FrostyK1w1|cynthia|
|gen|9
|tier|[Gen 9 Champions] VGC 2026 Reg M-B (Bo3)
|rule|Species Clause: Limit one of each Pokémon
|rule|Item Clause: Limit 1 of each item
|clearpoke
|poke|p1|Chimecho, L50, M|
|poke|p1|Aerodactyl, L50, F|
|poke|p1|Altaria, L50, F|
|poke|p1|Alcremie, L50, F, shiny|
|poke|p1|Espathra, L50, M|
|poke|p1|Farigiraf, L50, M|
|poke|p2|Staraptor, L50, M|
|poke|p2|Clefable, L50, M|
|poke|p2|Mr. Rime, L50, F|
|poke|p2|Cofagrigus, L50, F|
|poke|p2|Noivern, L50, F|
|poke|p2|Lopunny, L50, M|
|teampreview|4
|showteam|p1|Chimecho||Chimechite|Levitate|KnockOff,StoredPower,BatonPass,PsychUp|Bold||M|||50|]Aerodactyl||ExpertBelt|Unnerve|RockSlide,DualWingbeat,Protect,Tailwind|Jolly||F|||50|]Altaria||Leftovers|CloudNine|Defog,DragonPulse,Moonblast,WillOWisp|Modest||F|||50|]Alcremie||FocusSash|AromaVeil|Decorate,Protect,DrainingKiss,AcidArmor|Bold||F|||50|]Espathra||ShellBell|SpeedBoost|CalmMind,Protect,StoredPower,DazzlingGleam|Modest||M|||50|]Farigiraf||SitrusBerry|CudChew|Reflect,TwinBeam,HyperVoice,TrickRoom|Quiet||M|||50|
|showteam|p2|Staraptor||Staraptite|Intimidate|CloseCombat,Tailwind,Uturn,DualWingbeat|Adamant||M|||50|]Clefable||ChoiceScarf|CuteCharm|AfterYou,Encore,Trick,AlluringVoice|Bold||M|||50|]Mr. Rime||FocusSash|ScreenCleaner|LightScreen,FakeOut,SuckerPunch,AfterYou|Brave||F|||50|]Cofagrigus||Leftovers|Mummy|DarkPulse,ToxicSpikes,WillOWisp,Protect|Sassy||F|||50|]Noivern||BlackGlasses|Frisk|Boomburst,DracoMeteor,DarkPulse,Taunt|Modest||F|||50|]Lopunny||SilkScarf|CuteCharm|FakeOut,TripleAxel,CottonGuard,BatonPass|Serious||M|||50|
|
|t:|1784787792
|teamsize|p1|4
|teamsize|p2|4
|start
|switch|p1a: Chimecho|Chimecho, L50, M|100/100
|switch|p1b: Alcremie|Alcremie, L50, F, shiny|100/100
|switch|p2a: Noivern|Noivern, L50, F|100/100
|switch|p2b: Staraptor|Staraptor, L50, M|100/100
|-item|p1a: Chimecho|Chimechite|[from] ability: Frisk|[of] p2a: Noivern
|-item|p1b: Alcremie|Focus Sash|[from] ability: Frisk|[of] p2a: Noivern
|-ability|p2b: Staraptor|Intimidate|boost
|-unboost|p1a: Chimecho|atk|1
|-unboost|p1b: Alcremie|atk|1
|turn|1
|
|t:|1784787814
|detailschange|p2b: Staraptor|Staraptor-Mega, L50, M
|-mega|p2b: Staraptor|Staraptor|Staraptite
|detailschange|p1a: Chimecho|Chimecho-Mega, L50, M
|-mega|p1a: Chimecho|Chimecho|Chimechite
|move|p2b: Staraptor|U-turn|p1a: Chimecho
|-damage|p1a: Chimecho|81/100
|
|t:|1784787821
|switch|p2b: Cofagrigus|Cofagrigus, L50, F|100/100|[from] U-turn
|move|p2a: Noivern|Taunt|p1b: Alcremie
|-block|p1b: Alcremie|ability: Aroma Veil|[of] p1b: Alcremie
|move|p1a: Chimecho|Psych Up|p2b: Cofagrigus
|-copyboost|p1a: Chimecho|p2b: Cofagrigus|[from] move: Psych Up
|move|p1b: Alcremie|Decorate|p1a: Chimecho
|-boost|p1a: Chimecho|atk|2
|-boost|p1a: Chimecho|spa|2
|
|upkeep
|turn|2
|
|t:|1784787866
|move|p2a: Noivern|Dark Pulse|p1a: Chimecho
|-supereffective|p1a: Chimecho|1
|-damage|p1a: Chimecho|32/100
|move|p1a: Chimecho|Stored Power|p2a: Noivern
|-damage|p2a: Noivern|0 fnt
|faint|p2a: Noivern
|move|p1b: Alcremie|Decorate|p1a: Chimecho
|-boost|p1a: Chimecho|atk|2
|-boost|p1a: Chimecho|spa|2
|move|p2b: Cofagrigus|Will-O-Wisp|p1b: Alcremie
|-status|p1b: Alcremie|brn
|
|-damage|p1b: Alcremie|94/100 brn|[from] brn
|upkeep
|
|t:|1784787882
|switch|p2a: Mr. Rime|Mr. Rime, L50, F|100/100
|turn|3
|
|t:|1784787909
|move|p1a: Chimecho|Baton Pass|p1a: Chimecho
|
|t:|1784787917
|switch|p1a: Aerodactyl|Aerodactyl, L50, F|100/100|[from] Baton Pass
|-ability|p1a: Aerodactyl|Unnerve
|move|p1b: Alcremie|Decorate|p1a: Aerodactyl
|-boost|p1a: Aerodactyl|atk|2
|-boost|p1a: Aerodactyl|spa|2
|move|p2a: Mr. Rime|Light Screen|p2a: Mr. Rime
|-sidestart|p2: FrostyK1w1|move: Light Screen
|move|p2b: Cofagrigus|Dark Pulse|p1a: Aerodactyl
|-damage|p1a: Aerodactyl|66/100
|
|-damage|p1b: Alcremie|88/100 brn|[from] brn
|upkeep
|turn|4
|
|t:|1784787940
|move|p1a: Aerodactyl|Rock Slide|p2a: Mr. Rime|[spread] p2a,p2b
|-supereffective|p2a: Mr. Rime|1
|-enditem|p2a: Mr. Rime|Focus Sash
|-damage|p2a: Mr. Rime|1/100
|-damage|p2b: Cofagrigus|15/100
|move|p1b: Alcremie|Draining Kiss|p2b: Cofagrigus
|-damage|p2b: Cofagrigus|4/100
|-heal|p1b: Alcremie|95/100 brn|[from] drain|[of] p2b: Cofagrigus
|-activate|p2b: Cofagrigus|ability: Mummy|p1b: Alcremie|[ability] Aroma Veil
|move|p2a: Mr. Rime|After You|p2b: Cofagrigus
|-activate|p2b: Cofagrigus|move: After You
|cant|p2b: Cofagrigus|flinch
|
|-heal|p2b: Cofagrigus|9/100|[from] item: Leftovers
|-damage|p1b: Alcremie|89/100 brn|[from] brn
|upkeep
|turn|5
|
|t:|1784787969
|move|p2a: Mr. Rime|Sucker Punch|p1a: Aerodactyl
|-damage|p1a: Aerodactyl|35/100
|move|p1a: Aerodactyl|Rock Slide|p2a: Mr. Rime|[spread] p2a,p2b
|-supereffective|p2a: Mr. Rime|1
|-damage|p2a: Mr. Rime|0 fnt
|-damage|p2b: Cofagrigus|0 fnt
|faint|p2a: Mr. Rime
|faint|p2b: Cofagrigus
|move|p1b: Alcremie|Acid Armor|p1b: Alcremie
|-boost|p1b: Alcremie|def|2
|
|-damage|p1b: Alcremie|83/100 brn|[from] brn
|upkeep
|
|t:|1784787982
|switch|p2a: Staraptor|Staraptor-Mega, L50, M|100/100
|turn|6
|
|t:|1784787989
|move|p1a: Aerodactyl|Dual Wingbeat|p2a: Staraptor
|-supereffective|p2a: Staraptor|1
|-damage|p2a: Staraptor|0 fnt
|faint|p2a: Staraptor
|-hitcount|p2: Staraptor|1
|
|win|KageUyagir
