|j|☆EVHIEWBVEUIB
|j|☆smearglesoldier
|html|EVHIEWBVEUIBsmearglesoldier    
|uhtml|bestof|Game 1 of a best-of-3
|t:|1757653101
|gametype|doubles
|player|p1|EVHIEWBVEUIB|2|1057
|player|p2|smearglesoldier|bugsy|1040
|gen|9
|tier|[Gen 9] VGC 2025 Reg H (Bo3)
|rated|
|rule|Species Clause: Limit one of each Pokémon
|rule|Item Clause: Limit 1 of each item
|clearpoke
|poke|p1|Ursaluna, L50, F|
|poke|p1|Talonflame, L50, F|
|poke|p1|Gholdengo, L50|
|poke|p1|Porygon2, L50|
|poke|p1|Rillaboom, L50, M|
|poke|p1|Primarina, L50, M|
|poke|p2|Smeargle, L50, F|
|poke|p2|Whimsicott, L50, M|
|poke|p2|Rampardos, L50, F|
|poke|p2|Torkoal, L50, M|
|poke|p2|Indeedee-F, L50, F|
|poke|p2|Exeggutor, L50, M|
|teampreview|4
|showteam|p1|Ursaluna||FlameOrb|Guts|HeadlongRush,Facade,Earthquake,Protect|||F|||50|,,,,,Ghost]Talonflame||FocusSash|GaleWings|DualWingbeat,FlareBlitz,Tailwind,Protect|||F|||50|,,,,,Ghost]Gholdengo||LifeOrb|GoodasGold|MakeItRain,ShadowBall,NastyPlot,Protect||||||50|,,,,,Steel]Porygon2||Eviolite|Download|TeraBlast,IceBeam,Recover,TrickRoom||||||50|,,,,,Flying]Rillaboom||AssaultVest|GrassySurge|WoodHammer,GrassyGlide,FakeOut,Uturn|||M|||50|,,,,,Fire]Primarina||ThroatSpray|LiquidVoice|Moonblast,HyperVoice,Haze,Protect|||M|||50|,,,,,Grass
|showteam|p2|Smeargle||CovertCloak|Moody|Spore,Transform,Imprison,Protect|||F|||50|,,,,,Dark]Whimsicott||FocusSash|Prankster|Tailwind,Encore,Moonblast,Endeavor|||M|||50|,,,,,Ghost]Rampardos||ClearAmulet|SheerForce|RockSlide,HammerArm,Protect,SwordsDance|||F|||50|,,,,,Rock]Torkoal||Charcoal|Drought|Eruption,HeatWave,EarthPower,Protect|||M|||50|,,,,,Fire]Indeedee-F||PsychicSeed|PsychicSurge|DrainingKiss,TrickRoom,FollowMe,HelpingHand|||F|||50|,,,,,Fairy]Exeggutor||WideLens|Chlorophyll|SkillSwap,SleepPowder,SolarBeam,SludgeBomb|||M|||50|,,,,,Ghost
|inactive|Battle timer is ON: inactive players will automatically lose when time's up. (requested by smearglesoldier)
|inactive|EVHIEWBVEUIB has 60 seconds left.
|inactive|EVHIEWBVEUIB has 30 seconds left.
|
|t:|1757653192
|teamsize|p1|4
|teamsize|p2|4
|start
|switch|p1a: Gholdengo|Gholdengo, L50, shiny|100/100
|switch|p1b: Talonflame|Talonflame, L50, F|100/100
|switch|p2a: Whimsicott|Whimsicott, L50, M|100/100
|switch|p2b: Smeargle|Smeargle, L50, F|100/100
|turn|1
|inactive|EVHIEWBVEUIB has 30 seconds left.
|inactive|EVHIEWBVEUIB has 20 seconds left.
|inactive|EVHIEWBVEUIB has 15 seconds left.
|inactive|EVHIEWBVEUIB has 10 seconds left.
|
|t:|1757653239
|move|p1b: Talonflame|Dual Wingbeat|p2a: Whimsicott
|-supereffective|p2a: Whimsicott
|-damage|p2a: Whimsicott|61/100
|-supereffective|p2a: Whimsicott
|-damage|p2a: Whimsicott|21/100
|-hitcount|p2a: Whimsicott|2
|move|p2a: Whimsicott|Tailwind|p2a: Whimsicott
|-sidestart|p2: smearglesoldier|move: Tailwind
|move|p2b: Smeargle|Spore|p1b: Talonflame
|-status|p1b: Talonflame|slp|[from] move: Spore
|move|p1a: Gholdengo|Make It Rain|p2a: Whimsicott|[spread] p2a,p2b
|-supereffective|p2a: Whimsicott
|-damage|p2a: Whimsicott|0 fnt
|-damage|p2b: Smeargle|0 fnt
|-unboost|p1a: Gholdengo|spa|1
|faint|p2a: Whimsicott
|faint|p2b: Smeargle
|-damage|p1a: Gholdengo|91/100|[from] item: Life Orb
|
|upkeep
|
|t:|1757653255
|switch|p2b: Rampardos|Rampardos, L50, F|100/100
|switch|p2a: Torkoal|Torkoal, L50, M|100/100
|-weather|SunnyDay|[from] ability: Drought|[of] p2a: Torkoal
|turn|2
|
|t:|1757653275
|-terastallize|p2a: Torkoal|Fire
|move|p1a: Gholdengo|Protect|p1a: Gholdengo
|-singleturn|p1a: Gholdengo|Protect
|cant|p1b: Talonflame|slp
|move|p2b: Rampardos|Rock Slide|p1a: Gholdengo|[spread] p1b
|-activate|p1a: Gholdengo|move: Protect
|-supereffective|p1b: Talonflame
|-crit|p1b: Talonflame
|-enditem|p1b: Talonflame|Focus Sash
|-damage|p1b: Talonflame|1/100 slp
|move|p2a: Torkoal|Eruption|p1b: Talonflame|[spread] p1b
|-activate|p1a: Gholdengo|move: Protect
|-resisted|p1b: Talonflame
|-damage|p1b: Talonflame|0 fnt
|faint|p1b: Talonflame
|
|-weather|SunnyDay|[upkeep]
|upkeep
|inactive|EVHIEWBVEUIB has 30 seconds left.
|
|t:|1757653301
|switch|p1b: Ursaluna|Ursaluna, L50, F|100/100
|turn|3
|
|t:|1757653316
|move|p1b: Ursaluna|Protect|p1b: Ursaluna
|-singleturn|p1b: Ursaluna|Protect
|move|p2b: Rampardos|Rock Slide|p1b: Ursaluna|[spread] p1a
|-activate|p1b: Ursaluna|move: Protect
|-resisted|p1a: Gholdengo
|-damage|p1a: Gholdengo|70/100
|move|p2a: Torkoal|Eruption|p1b: Ursaluna|[spread] p1a
|-activate|p1b: Ursaluna|move: Protect
|-supereffective|p1a: Gholdengo
|-damage|p1a: Gholdengo|0 fnt
|faint|p1a: Gholdengo
|
|-weather|SunnyDay|[upkeep]
|-status|p1b: Ursaluna|brn|[from] item: Flame Orb
|upkeep
|
|t:|1757653329
|switch|p1a: Rillaboom|Rillaboom, L50, M|100/100
|-fieldstart|move: Grassy Terrain|[from] ability: Grassy Surge|[of] p1a: Rillaboom
|turn|4
|
|t:|1757653341
|move|p1a: Rillaboom|Fake Out|p2a: Torkoal
|-damage|p2a: Torkoal|87/100
|move|p2b: Rampardos|Hammer Arm|p1b: Ursaluna|[miss]
|-miss|p2b: Rampardos|p1b: Ursaluna
|cant|p2a: Torkoal|flinch
|move|p1b: Ursaluna|Earthquake|p2a: Torkoal|[spread] p1a,p2a,p2b
|-resisted|p1a: Rillaboom
|-supereffective|p2a: Torkoal
|-supereffective|p2b: Rampardos
|-damage|p1a: Rillaboom|86/100
|-damage|p2a: Torkoal|33/100
|-damage|p2b: Rampardos|10/100
|
|-weather|SunnyDay|[upkeep]
|-heal|p2b: Rampardos|16/100|[from] Grassy Terrain
|-heal|p2a: Torkoal|39/100|[from] Grassy Terrain
|-heal|p1a: Rillaboom|92/100|[from] Grassy Terrain
|-damage|p1b: Ursaluna|94/100 brn|[from] brn
|-sideend|p2: smearglesoldier|move: Tailwind
|upkeep
|turn|5
|
|t:|1757653355
|move|p2b: Rampardos|Protect|p2b: Rampardos
|-singleturn|p2b: Rampardos|Protect
|move|p1a: Rillaboom|Grassy Glide|p2b: Rampardos
|-activate|p2b: Rampardos|move: Protect
|move|p1b: Ursaluna|Earthquake|p2b: Rampardos|[spread] p1a,p2a
|-activate|p2b: Rampardos|move: Protect
|-resisted|p1a: Rillaboom
|-supereffective|p2a: Torkoal
|-damage|p1a: Rillaboom|76/100
|-damage|p2a: Torkoal|0 fnt
|faint|p2a: Torkoal
|
|-weather|SunnyDay|[upkeep]
|-heal|p1a: Rillaboom|82/100|[from] Grassy Terrain
|-heal|p2b: Rampardos|22/100|[from] Grassy Terrain
|-heal|p1b: Ursaluna|100/100 brn|[from] Grassy Terrain
|-damage|p1b: Ursaluna|94/100 brn|[from] brn
|upkeep
|turn|6
|-message|smearglesoldier forfeited.
|raw|EVHIEWBVEUIB's rating: 1057 → 1087(+30 for winning)
|raw|smearglesoldier's rating: 1040 → 1025(-15 for losing)
|
|win|EVHIEWBVEUIB
|l|☆smearglesoldier
|player|p2|
|l|☆EVHIEWBVEUIB
|player|p1|
