|j|☆Canadianboard26
|j|☆Aleysha Mittons
|html|Canadianboard26Aleysha Mittons    
|uhtml|bestof|Game 1 of a best-of-3
|t:|1782372531
|gametype|doubles
|player|p1|Canadianboard26|169|1132
|player|p2|Aleysha Mittons|benga|1033
|gen|9
|tier|[Gen 9 Champions] VGC 2026 Reg M-B (Bo3)
|rated|
|rule|Species Clause: Limit one of each Pokémon
|rule|Item Clause: Limit 1 of each item
|clearpoke
|poke|p1|Pyroar, L50, M|
|poke|p1|Whimsicott, L50, F|
|poke|p1|Torkoal, L50, F|
|poke|p1|Farigiraf, L50, M|
|poke|p1|Basculegion, L50, M|
|poke|p1|Venusaur, L50, M|
|poke|p2|Kleavor, L50, M|
|poke|p2|Whimsicott, L50, M|
|poke|p2|Charizard, L50, M|
|poke|p2|Garchomp, L50, M|
|poke|p2|Basculegion, L50, M|
|poke|p2|Kingambit, L50, F|
|teampreview|4
|showteam|p1|Pyroar||Pyroarite|Rivalry|HeatWave,Overheat,SolarBeam,Protect|Timid||M|||50|]Whimsicott||FocusSash|Prankster|Tailwind,SunnyDay,Moonblast,Protect|Timid||F|||50|]Torkoal||Charcoal|Drought|Eruption,HeatWave,HelpingHand,Protect|Modest||F|||50|]Farigiraf||SitrusBerry|ArmorTail|TrickRoom,HelpingHand,TwinBeam,Thunderbolt|Bold||M|||50|]Basculegion||LifeOrb|Adaptability|WaveCrash,AquaJet,LastRespects,Protect|Adamant||M|||50|]Venusaur||ExpertBelt|Chlorophyll|SludgeBomb,EnergyBall,EarthPower,Protect|Modest||M|||50|
|showteam|p2|Kleavor||FocusSash|Sharpness|StoneAxe,CloseCombat,Feint,Protect|Jolly||M|||50|]Whimsicott||FairyFeather|Prankster|Tailwind,Moonblast,Encore,Protect|Timid||M|||50|]Charizard||CharizarditeY|Blaze|HeatWave,WeatherBall,SolarBeam,Protect|Modest||M|||50|]Garchomp||LifeOrb|RoughSkin|Earthquake,DragonClaw,RockSlide,Protect|Jolly||M|||50|]Basculegion||ChoiceScarf|Adaptability|WaveCrash,LastRespects,AquaJet,FlipTurn|Jolly||M|||50|]Kingambit||BlackGlasses|Defiant|KowtowCleave,SuckerPunch,IronHead,Protect|Adamant||F|||50|
|inactive|Battle timer is ON: inactive players will automatically lose when time's up. (requested by Canadianboard26)
|j| Texturace3
|l| Texturace3
|inactive|Canadianboard26 has 60 seconds left.
|inactive|Aleysha Mittons has 60 seconds left.
|
|t:|1782372578
|teamsize|p1|4
|teamsize|p2|4
|start
|switch|p1a: Whimsicott|Whimsicott, L50, F|100/100
|switch|p1b: Basculegion|Basculegion, L50, M|100/100
|switch|p2a: Charizard|Charizard, L50, M|100/100
|switch|p2b: Kleavor|Kleavor, L50, M|100/100
|turn|1
|
|t:|1782372599
|switch|p2a: Whimsicott|Whimsicott, L50, M|100/100
|move|p1a: Whimsicott|Tailwind|p1a: Whimsicott
|-sidestart|p1: Canadianboard26|move: Tailwind
|move|p1b: Basculegion|Wave Crash|p2b: Kleavor
|-supereffective|p2b: Kleavor|1
|-enditem|p2b: Kleavor|Focus Sash
|-damage|p2b: Kleavor|1/100
|-damage|p1b: Basculegion|78/100|[from] Recoil
|-damage|p1b: Basculegion|68/100|[from] item: Life Orb
|move|p2b: Kleavor|Stone Axe|p1a: Whimsicott
|-damage|p1a: Whimsicott|16/100
|-sidestart|p1: Canadianboard26|move: Stealth Rock
|
|upkeep
|turn|2
|inactive|Canadianboard26 has 30 seconds left.
|inactive|Aleysha Mittons has 30 seconds left.
|inactive|Canadianboard26 has 20 seconds left.
|inactive|Canadianboard26 has 15 seconds left.
|inactive|Canadianboard26 has 10 seconds left.
|
|t:|1782372646
|switch|p1a: Pyroar|Pyroar, L50, M|100/100
|-damage|p1a: Pyroar|75/100|[from] Stealth Rock
|move|p2b: Kleavor|Feint|p1a: Pyroar
|-damage|p1a: Pyroar|58/100
|move|p1b: Basculegion|Aqua Jet|p2b: Kleavor
|-supereffective|p2b: Kleavor|1
|-damage|p2b: Kleavor|0 fnt
|faint|p2b: Kleavor
|-damage|p1b: Basculegion|58/100|[from] item: Life Orb
|move|p2a: Whimsicott|Moonblast|p1b: Basculegion
|-damage|p1b: Basculegion|16/100
|
|upkeep
|
|t:|1782372656
|switch|p2b: Garchomp|Garchomp, L50, M|100/100
|turn|3
|
|t:|1782372667
|detailschange|p1a: Pyroar|Pyroar-Mega, L50, M
|-mega|p1a: Pyroar|Pyroar|Pyroarite
|move|p2a: Whimsicott|Tailwind|p2a: Whimsicott
|-sidestart|p2: Aleysha Mittons|move: Tailwind
|move|p1a: Pyroar|Heat Wave|p2b: Garchomp|[spread] p2a,p2b
|-supereffective|p2a: Whimsicott|1
|-resisted|p2b: Garchomp|1
|-damage|p2a: Whimsicott|0 fnt
|-damage|p2b: Garchomp|68/100
|-status|p2b: Garchomp|brn
|faint|p2a: Whimsicott
|move|p2b: Garchomp|Earthquake|p1a: Pyroar|[spread] p1a,p1b
|-supereffective|p1a: Pyroar|1
|-damage|p1a: Pyroar|0 fnt
|-damage|p1b: Basculegion|0 fnt
|faint|p1a: Pyroar
|faint|p1b: Basculegion
|-damage|p2b: Garchomp|58/100 brn|[from] item: Life Orb
|
|-damage|p2b: Garchomp|52/100 brn|[from] brn
|upkeep
|
|t:|1782372684
|switch|p1a: Farigiraf|Farigiraf, L50, M|100/100
|switch|p2a: Charizard|Charizard, L50, M|100/100
|switch|p1b: Whimsicott|Whimsicott, L50, F|16/100
|-damage|p1b: Whimsicott|4/100|[from] Stealth Rock
|-damage|p1a: Farigiraf|87/100|[from] Stealth Rock
|turn|4
|
|t:|1782372703
|detailschange|p2a: Charizard|Charizard-Mega-Y, L50, M
|-mega|p2a: Charizard|Charizard|Charizardite Y
|-weather|SunnyDay|[from] ability: Drought|[of] p2a: Charizard
|move|p1b: Whimsicott|Moonblast|p2b: Garchomp
|-supereffective|p2b: Garchomp|1
|-damage|p2b: Garchomp|0 fnt
|faint|p2b: Garchomp
|move|p2a: Charizard|Heat Wave|p1a: Farigiraf|[spread] p1a,p1b
|-supereffective|p1b: Whimsicott|1
|-crit|p1b: Whimsicott
|-damage|p1a: Farigiraf|34/100
|-damage|p1b: Whimsicott|0 fnt
|-enditem|p1a: Farigiraf|Sitrus Berry|[eat]
|-heal|p1a: Farigiraf|59/100|[from] item: Sitrus Berry
|faint|p1b: Whimsicott
|move|p1a: Farigiraf|Thunderbolt|p2a: Charizard
|-supereffective|p2a: Charizard|1
|-damage|p2a: Charizard|56/100
|
|-weather|SunnyDay|[upkeep]
|-sideend|p1: Canadianboard26|move: Tailwind
|upkeep
|turn|5
|
|t:|1782372721
|move|p2a: Charizard|Weather Ball|p1a: Farigiraf
|-damage|p1a: Farigiraf|0 fnt
|faint|p1a: Farigiraf
|
|win|Aleysha Mittons
|l|☆Canadianboard26
|player|p1|
||Aleysha Mittons is ready for game 2.
||Canadianboard26 is ready for game 2.
|uhtml|next|Next: Game 2 of 3
