|j|☆Masehood
|j|☆Slowjow
|html|MasehoodSlowjow    
|uhtml|bestof|Game 1 of a best-of-3
|t:|1757938154
|gametype|doubles
|player|p1|Masehood|linebacker|1236
|player|p2|Slowjow|170|1262
|gen|9
|tier|[Gen 9] VGC 2025 Reg H (Bo3)
|rated|
|rule|Species Clause: Limit one of each Pokémon
|rule|Item Clause: Limit 1 of each item
|clearpoke
|poke|p1|Archaludon, L50, M|
|poke|p1|Pelipper, L50, M|
|poke|p1|Sinistcha-Masterpiece, L50|
|poke|p1|Dragonite, L50, M|
|poke|p1|Ursaluna, L50, M|
|poke|p1|Gholdengo, L50|
|poke|p2|Gliscor, L50, F|
|poke|p2|Electabuzz, L50, M|
|poke|p2|Tauros-Paldea-Blaze, L50, M|
|poke|p2|Gastrodon, L50, M|
|poke|p2|Kingambit, L50, F|
|poke|p2|Ninetales-Alola, L50, F|
|teampreview|4
|showteam|p1|Archaludon||AssaultVest|Stamina|ElectroShot,FlashCannon,BodyPress,Snarl|||M|||50|,,,,,Fighting]Pelipper||FocusSash|Drizzle|Hurricane,WideGuard,WeatherBall,Protect|||M|||50|,,,,,Ghost]Sinistcha-Masterpiece||SitrusBerry|Hospitality|RagePowder,MatchaGotcha,TrickRoom,LifeDew||||||50|,,,,,Dark]Dragonite||LoadedDice|Multiscale|ScaleShot,Tailwind,Haze,Protect|||M|||50|,,,,,Fairy]Ursaluna||FlameOrb|Guts|HeadlongRush,Facade,Earthquake,Protect|||M|||50|,,,,,Ghost]Gholdengo||ChoiceScarf|GoodasGold|MakeItRain,ShadowBall,TeraBlast,Trick||||||50|,,,,,Water
|showteam|p2|Gliscor||ToxicOrb|PoisonHeal|HighHorsepower,DualWingbeat,SwordsDance,Protect|||F|||50|,,,,,Water]Electabuzz||Eviolite|VitalSpirit|Electroweb,Taunt,FollowMe,Protect|||M|||50|,,,,,Ghost]Tauros-Paldea-Blaze||MirrorHerb|Intimidate|RagingBull,CloseCombat,WillOWisp,Protect|||M|||50|,,,,,Grass]Gastrodon||Leftovers|StormDrain|MuddyWater,ClearSmog,Yawn,Protect|||M|||50|,,,,,Fire]Kingambit||BlackGlasses|Defiant|KowtowCleave,SuckerPunch,SwordsDance,Protect|||F|||50|,,,,,Dark]Ninetales-Alola||LightClay|SnowWarning|AuroraVeil,Blizzard,Encore,Protect|||F|||50|,,,,,Water
|inactive|Battle timer is ON: inactive players will automatically lose when time's up. (requested by Masehood)
|inactive|Slowjow has 60 seconds left.
|inactive|Slowjow has 30 seconds left.
|inactive|Slowjow has 20 seconds left.
|inactive|Slowjow has 15 seconds left.
|inactive|Slowjow has 10 seconds left.
|
|t:|1757938239
|teamsize|p1|4
|teamsize|p2|4
|start
|switch|p1a: Gholdengo|Gholdengo, L50|100/100
|switch|p1b: Dragonite|Dragonite, L50, M|100/100
|switch|p2a: Electabuzz|Electabuzz, L50, M|100/100
|switch|p2b: Kingambit|Kingambit, L50, F|100/100
|turn|1
|inactive|Slowjow has 30 seconds left.
|
|t:|1757938268
|switch|p1a: Archaludon|Archaludon, L50, M|100/100
|move|p2a: Electabuzz|Follow Me|p2a: Electabuzz
|-singleturn|p2a: Electabuzz|move: Follow Me
|move|p1b: Dragonite|Scale Shot|p2a: Electabuzz
|-damage|p2a: Electabuzz|89/100
|-damage|p2a: Electabuzz|77/100
|-damage|p2a: Electabuzz|64/100
|-damage|p2a: Electabuzz|53/100
|-damage|p2a: Electabuzz|42/100
|-hitcount|p2a: Electabuzz|5
|-unboost|p1b: Dragonite|def|1
|-boost|p1b: Dragonite|spe|1
|move|p2b: Kingambit|Swords Dance|p2b: Kingambit
|-boost|p2b: Kingambit|atk|2
|
|upkeep
|turn|2
|inactive|Slowjow has 30 seconds left.
|
|t:|1757938301
|-terastallize|p1a: Archaludon|Fighting
|move|p2a: Electabuzz|Follow Me|p2a: Electabuzz
|-singleturn|p2a: Electabuzz|move: Follow Me
|move|p1b: Dragonite|Haze|p1b: Dragonite
|-clearallboost
|move|p1a: Archaludon|Body Press|p2a: Electabuzz
|-damage|p2a: Electabuzz|16/100
|move|p2b: Kingambit|Kowtow Cleave|p1b: Dragonite
|-damage|p1b: Dragonite|69/100
|
|upkeep
|turn|3
|inactive|Slowjow has 30 seconds left.
|inactive|Slowjow has 20 seconds left.
|
|t:|1757938340
|switch|p2b: Ninetales|Ninetales-Alola, L50, F|100/100
|-weather|Snowscape|[from] ability: Snow Warning|[of] p2b: Ninetales
|move|p2a: Electabuzz|Protect|p2a: Electabuzz
|-singleturn|p2a: Electabuzz|Protect
|move|p1b: Dragonite|Scale Shot|p2a: Electabuzz
|-activate|p2a: Electabuzz|move: Protect
|move|p1a: Archaludon|Body Press|p2b: Ninetales
|-damage|p2b: Ninetales|74/100
|
|-weather|Snowscape|[upkeep]
|upkeep
|turn|4
|inactive|Slowjow has 30 seconds left.
|
|t:|1757938374
|switch|p1b: Pelipper|Pelipper, L50, M|100/100
|-weather|RainDance|[from] ability: Drizzle|[of] p1b: Pelipper
|move|p2a: Electabuzz|Follow Me|p2a: Electabuzz
|-singleturn|p2a: Electabuzz|move: Follow Me
|move|p2b: Ninetales|Blizzard|p1a: Archaludon|[spread] p1a,p1b
|-damage|p1a: Archaludon|83/100
|-damage|p1b: Pelipper|56/100
|-ability|p1a: Archaludon|Stamina|boost
|-boost|p1a: Archaludon|def|1
|move|p1a: Archaludon|Flash Cannon|p2a: Electabuzz
|-resisted|p2a: Electabuzz
|-damage|p2a: Electabuzz|1/100
|
|-weather|RainDance|[upkeep]
|upkeep
|turn|5
|inactive|Masehood has 30 seconds left.
|
|t:|1757938400
|switch|p2b: Tauros|Tauros-Paldea-Blaze, L50, M|100/100
|-ability|p2b: Tauros|Intimidate|boost
|-unboost|p1a: Archaludon|atk|1
|-unboost|p1b: Pelipper|atk|1
|switch|p1b: Dragonite|Dragonite, L50, M|69/100
|move|p2a: Electabuzz|Electroweb|p1a: Archaludon|[spread] p1a,p1b
|-damage|p1a: Archaludon|74/100
|-damage|p1b: Dragonite|55/100
|-unboost|p1a: Archaludon|spe|1
|-unboost|p1b: Dragonite|spe|1
|-ability|p1a: Archaludon|Stamina|boost
|-boost|p1a: Archaludon|def|1
|-enditem|p2b: Tauros|Mirror Herb
|-boost|p2b: Tauros|def|1|[from] item: Mirror Herb
|move|p1a: Archaludon|Flash Cannon|p2b: Tauros
|-resisted|p2b: Tauros
|-damage|p2b: Tauros|75/100
|
|-weather|RainDance|[upkeep]
|upkeep
|turn|6
|inactive|Masehood has 30 seconds left.
|inactive|Slowjow has 30 seconds left.
|inactive|Slowjow has 20 seconds left.
|
|t:|1757938435
|move|p2a: Electabuzz|Follow Me|p2a: Electabuzz
|-singleturn|p2a: Electabuzz|move: Follow Me
|move|p2b: Tauros|Will-O-Wisp|p1b: Dragonite
|-status|p1b: Dragonite|brn
|move|p1b: Dragonite|Tailwind|p1b: Dragonite
|-sidestart|p1: Masehood|move: Tailwind
|move|p1a: Archaludon|Electro Shot||[still]
|-prepare|p1a: Archaludon|Electro Shot
|-boost|p1a: Archaludon|spa|1
|-anim|p1a: Archaludon|Electro Shot|p2a: Electabuzz
|-resisted|p2a: Electabuzz
|-damage|p2a: Electabuzz|0 fnt
|faint|p2a: Electabuzz
|
|-weather|RainDance|[upkeep]
|-damage|p1b: Dragonite|49/100 brn|[from] brn
|upkeep
|
|t:|1757938453
|switch|p2a: Ninetales|Ninetales-Alola, L50, F|74/100
|-weather|Snowscape|[from] ability: Snow Warning|[of] p2a: Ninetales
|turn|7
|inactive|Slowjow has 30 seconds left.
|inactive|Slowjow has 20 seconds left.
|inactive|Slowjow has 15 seconds left.
|
|t:|1757938494
|switch|p1b: Pelipper|Pelipper, L50, M|56/100
|-weather|RainDance|[from] ability: Drizzle|[of] p1b: Pelipper
|-terastallize|p2a: Ninetales|Water
|move|p2a: Ninetales|Encore|p1a: Archaludon
|-start|p1a: Archaludon|Encore
|move|p2b: Tauros|Raging Bull|p1b: Pelipper
|-resisted|p1b: Pelipper
|-damage|p1b: Pelipper|42/100
|move|p1a: Archaludon|Electro Shot||[still]
|-prepare|p1a: Archaludon|Electro Shot
|-boost|p1a: Archaludon|spa|1
|-anim|p1a: Archaludon|Electro Shot|p2a: Ninetales
|-supereffective|p2a: Ninetales
|-damage|p2a: Ninetales|0 fnt
|faint|p2a: Ninetales
|
|-weather|RainDance|[upkeep]
|upkeep
|
|t:|1757938514
|switch|p2a: Kingambit|Kingambit, L50, F|100/100
|turn|8
|
|t:|1757938531
|switch|p1b: Dragonite|Dragonite, L50, M|49/100 brn
|move|p2b: Tauros|Will-O-Wisp|p1a: Archaludon
|-status|p1a: Archaludon|brn
|move|p1a: Archaludon|Electro Shot||[still]
|-prepare|p1a: Archaludon|Electro Shot
|-boost|p1a: Archaludon|spa|1
|-anim|p1a: Archaludon|Electro Shot|p2b: Tauros
|-damage|p2b: Tauros|0 fnt
|faint|p2b: Tauros
|move|p2a: Kingambit|Kowtow Cleave|p1b: Dragonite
|-damage|p1b: Dragonite|0 fnt
|faint|p1b: Dragonite
|
|-weather|RainDance|[upkeep]
|-damage|p1a: Archaludon|68/100 brn|[from] brn
|upkeep
|
|t:|1757938545
|switch|p1b: Pelipper|Pelipper, L50, M|42/100
|turn|9
|
|t:|1757938559
|move|p2a: Kingambit|Sucker Punch|p1b: Pelipper
|-damage|p1b: Pelipper|0 fnt
|faint|p1b: Pelipper
|move|p1a: Archaludon|Electro Shot||[still]
|-prepare|p1a: Archaludon|Electro Shot
|-boost|p1a: Archaludon|spa|1
|-anim|p1a: Archaludon|Electro Shot|p2a: Kingambit
|-damage|p2a: Kingambit|0 fnt
|faint|p2a: Kingambit
|
|win|Masehood
||Masehood is ready for game 2.
|inactive|Slowjow has 30 seconds to confirm battle start!
||Slowjow is ready for game 2.
|uhtml|next|Next: Game 2 of 3
