|j|☆kerzz49
|j|☆munjah 14
|html|kerzz49munjah 14    
|uhtml|bestof|Game 1 of a best-of-3
|t:|1785423263
|gametype|doubles
|player|p1|kerzz49|cilan|1239
|player|p2|munjah 14|101|1287
|gen|9
|tier|[Gen 9 Champions] VGC 2026 Reg M-B (Bo3)
|rated|
|rule|Species Clause: Limit one of each Pokémon
|rule|Item Clause: Limit 1 of each item
|clearpoke
|poke|p1|Kingambit, L50, M|
|poke|p1|Gardevoir, L50, F|
|poke|p1|Talonflame, L50, M|
|poke|p1|Maushold, L50|
|poke|p1|Basculegion, L50, M|
|poke|p1|Garchomp, L50, F|
|poke|p2|Tyranitar, L50, F, shiny|
|poke|p2|Sneasler, L50, M, shiny|
|poke|p2|Rotom-Wash, L50, shiny|
|poke|p2|Arcanine-Hisui, L50, F, shiny|
|poke|p2|Sinistcha-Masterpiece, L50, shiny|
|poke|p2|Staraptor, L50, F, shiny|
|teampreview|4
|showteam|p1|Kingambit||FocusSash|Defiant|KowtowCleave,IronHead,SuckerPunch,LowKick|Adamant||M|||50|]Gardevoir||Gardevoirite|Telepathy|HyperVoice,Psyshock,TrickRoom,Protect|Modest||F|||50|]Talonflame||LifeOrb|GaleWings|DualWingbeat,FlareBlitz,Tailwind,Protect|Jolly||M|||50|]Maushold||ChopleBerry|FriendGuard|Feint,SuperFang,FollowMe,Protect|Impish|||||50|]Basculegion||MysticWater|Adaptability|WaveCrash,LastRespects,AquaJet,Protect|Adamant||M|||50|]Garchomp||SitrusBerry|RoughSkin|Earthquake,StompingTantrum,RockTomb,Protect|Jolly||F|||50|
|showteam|p2|Tyranitar||Tyranitarite|SandStream|DragonDance,RockSlide,KnockOff,Protect|Jolly||F|||50|]Sneasler||WhiteHerb|Unburden|FakeOut,CloseCombat,DireClaw,Protect|Jolly||M|||50|]Rotom-Wash||WideLens|Levitate|HydroPump,Thunderbolt,WillOWisp,VoltSwitch|Modest|||||50|]Arcanine-Hisui||FocusSash|RockHead|FlareBlitz,HeadSmash,ExtremeSpeed,Protect|Jolly||F|||50|]Sinistcha-Masterpiece||SitrusBerry|Hospitality|MatchaGotcha,TrickRoom,RagePowder,Protect|Calm|||||50|]Staraptor||Staraptite|Intimidate|CloseCombat,BraveBird,Tailwind,Protect|Jolly||F|||50|
|
|t:|1785423321
|teamsize|p1|4
|teamsize|p2|4
|start
|switch|p1a: Garchomp|Garchomp, L50, F|100/100
|switch|p1b: Talonflame|Talonflame, L50, M|100/100
|switch|p2a: Rotom|Rotom-Wash, L50, shiny|100/100
|switch|p2b: Sneasler|Sneasler, L50, M, shiny|100/100
|turn|1
|
|t:|1785423350
|switch|p1a: Gardevoir|Gardevoir, L50, F|100/100
|move|p1b: Talonflame|Protect|p1b: Talonflame
|-singleturn|p1b: Talonflame|Protect
|move|p2b: Sneasler|Fake Out|p1a: Gardevoir
|-damage|p1a: Gardevoir|82/100
|move|p2a: Rotom|Thunderbolt|p1b: Talonflame
|-activate|p1b: Talonflame|move: Protect
|
|upkeep
|turn|2
|
|t:|1785423374
|switch|p1b: Garchomp|Garchomp, L50, F|100/100
|detailschange|p1a: Gardevoir|Gardevoir-Mega, L50, F
|-mega|p1a: Gardevoir|Gardevoir|Gardevoirite
|move|p2b: Sneasler|Protect|p2b: Sneasler
|-singleturn|p2b: Sneasler|Protect
|move|p1a: Gardevoir|Hyper Voice|p2b: Sneasler|[spread] p2a
|-activate|p2b: Sneasler|move: Protect
|-crit|p2a: Rotom
|-damage|p2a: Rotom|29/100
|move|p2a: Rotom|Volt Switch|p1a: Gardevoir
|-damage|p1a: Gardevoir|55/100
|
|t:|1785423385
|switch|p2a: Staraptor|Staraptor, L50, F, shiny|100/100|[from] Volt Switch
|-ability|p2a: Staraptor|Intimidate|boost
|-unboost|p1a: Gardevoir|atk|1
|-unboost|p1b: Garchomp|atk|1
|
|upkeep
|turn|3
|
|t:|1785423415
|detailschange|p2a: Staraptor|Staraptor-Mega, L50, F, shiny
|-mega|p2a: Staraptor|Staraptor|Staraptite
|move|p2b: Sneasler|Dire Claw|p1a: Gardevoir
|-supereffective|p1a: Gardevoir|1
|-damage|p1a: Gardevoir|0 fnt
|faint|p1a: Gardevoir
|move|p2a: Staraptor|Close Combat|p1b: Garchomp
|-damage|p1b: Garchomp|52/100
|-boost|p2a: Staraptor|def|1
|-boost|p2a: Staraptor|spd|1
|-damage|p2a: Staraptor|87/100|[from] ability: Rough Skin|[of] p1b: Garchomp
|move|p1b: Garchomp|Stomping Tantrum|p2b: Sneasler
|-supereffective|p2b: Sneasler|1
|-damage|p2b: Sneasler|29/100
|
|upkeep
|
|t:|1785423441
|switch|p1a: Talonflame|Talonflame, L50, M|100/100
|turn|4
|
|t:|1785423466
|move|p1a: Talonflame|Dual Wingbeat|p2a: Staraptor
|-supereffective|p2a: Staraptor|1
|-damage|p2a: Staraptor|61/100
|-supereffective|p2a: Staraptor|1
|-damage|p2a: Staraptor|31/100
|-hitcount|p2a: Staraptor|2
|-damage|p1a: Talonflame|90/100|[from] item: Life Orb
|move|p2b: Sneasler|Dire Claw|p1a: Talonflame
|-damage|p1a: Talonflame|31/100
|move|p2a: Staraptor|Close Combat|p1b: Garchomp
|-damage|p1b: Garchomp|1/100
|-boost|p2a: Staraptor|def|1
|-boost|p2a: Staraptor|spd|1
|-damage|p2a: Staraptor|19/100|[from] ability: Rough Skin|[of] p1b: Garchomp
|-enditem|p1b: Garchomp|Sitrus Berry|[eat]
|-heal|p1b: Garchomp|26/100|[from] item: Sitrus Berry
|move|p1b: Garchomp|Earthquake|p2b: Sneasler|[spread] p2b
|-immune|p1a: Talonflame
|-immune|p2a: Staraptor
|-supereffective|p2b: Sneasler|1
|-damage|p2b: Sneasler|0 fnt
|faint|p2b: Sneasler
|
|upkeep
|
|t:|1785423486
|switch|p2b: Sinistcha|Sinistcha-Masterpiece, L50, shiny|100/100
|-heal|p2a: Staraptor|44/100|[from] ability: Hospitality|[of] p2b: Sinistcha
|turn|5
|
|t:|1785423504
|move|p2b: Sinistcha|Rage Powder|p2b: Sinistcha
|-singleturn|p2b: Sinistcha|move: Rage Powder
|move|p1a: Talonflame|Tailwind|p1a: Talonflame
|-sidestart|p1: kerzz49|move: Tailwind
|move|p1b: Garchomp|Rock Tomb|p2b: Sinistcha
|-damage|p2b: Sinistcha|89/100
|-unboost|p2b: Sinistcha|spe|1
|move|p2a: Staraptor|Tailwind|p2a: Staraptor
|-sidestart|p2: munjah 14|move: Tailwind
|
|upkeep
|turn|6
|
|t:|1785423529
|move|p2a: Staraptor|Protect|p2a: Staraptor
|-singleturn|p2a: Staraptor|Protect
|move|p1a: Talonflame|Flare Blitz|p2b: Sinistcha
|-supereffective|p2b: Sinistcha|1
|-damage|p2b: Sinistcha|0 fnt
|faint|p2b: Sinistcha
|-damage|p1a: Talonflame|0 fnt|[from] Recoil
|faint|p1a: Talonflame
|move|p1b: Garchomp|Rock Tomb|p2a: Staraptor
|-activate|p2a: Staraptor|move: Protect
|
|upkeep
|
|t:|1785423540
|switch|p1a: Basculegion|Basculegion, L50, M|100/100
|switch|p2b: Rotom|Rotom-Wash, L50, shiny|29/100
|turn|7
|
|t:|1785423567
|move|p2a: Staraptor|Brave Bird|p1a: Basculegion
|-damage|p1a: Basculegion|35/100
|-damage|p2a: Staraptor|20/100y|[from] Recoil
|move|p1b: Garchomp|Rock Tomb|p2b: Rotom
|-crit|p2b: Rotom
|-damage|p2b: Rotom|1/100
|-unboost|p2b: Rotom|spe|1
|move|p1a: Basculegion|Last Respects|p2a: Staraptor
|-damage|p2a: Staraptor|0 fnt
|faint|p2a: Staraptor
|move|p2b: Rotom|Thunderbolt|p1a: Basculegion
|-supereffective|p1a: Basculegion|1
|-damage|p1a: Basculegion|0 fnt
|faint|p1a: Basculegion
|
|upkeep
|turn|8
|
|t:|1785423583
|move|p1b: Garchomp|Rock Tomb|p2b: Rotom
|-crit|p2b: Rotom
|-damage|p2b: Rotom|0 fnt
|faint|p2b: Rotom
|
|win|kerzz49
||kerzz49 is ready for game 2.
||munjah 14 is ready for game 2.
|uhtml|next|Next: Game 2 of 3
|l|☆munjah 14
|player|p2|
