|j|☆Lightoz VI
|j|☆Mirokart 8 Deluxe
|html|Lightoz VIMirokart 8 Deluxe    
|uhtml|bestof|Game 1 of a best-of-3
|t:|1757689374
|gametype|doubles
|player|p1|Lightoz VI|blue-gen2|1491
|player|p2|Mirokart 8 Deluxe|169|1491
|gen|9
|tier|[Gen 9] VGC 2025 Reg H (Bo3)
|rated|
|rule|Species Clause: Limit one of each Pokémon
|rule|Item Clause: Limit 1 of each item
|clearpoke
|poke|p1|Incineroar, L50, F|
|poke|p1|Annihilape, L50, M|
|poke|p1|Dragonite, L50, M|
|poke|p1|Volcarona, L50, F|
|poke|p1|Rillaboom, L50, M|
|poke|p1|Basculegion, L50, M|
|poke|p2|Rillaboom, L50, F|
|poke|p2|Kingambit, L50, M|
|poke|p2|Dragapult, L50, M|
|poke|p2|Sneasler, L50, F|
|poke|p2|Primarina, L50, M|
|poke|p2|Electabuzz, L50, M|
|teampreview|4
|showteam|p1|Incineroar||SitrusBerry|Intimidate|FlareBlitz,KnockOff,FakeOut,PartingShot|||F|||50|,,,,,Ghost]Annihilape||SafetyGoggles|Defiant|CloseCombat,RageFist,Coaching,FinalGambit|||M|||50|,,,,,Water]Dragonite||LoadedDice|Multiscale|ScaleShot,Haze,SunnyDay,Protect|||M|||50|,,,,,Fairy]Volcarona||Leftovers|FlameBody|HeatWave,TeraBlast,QuiverDance,Protect|||F|||50|,,,,,Fairy]Rillaboom||AssaultVest|GrassySurge|WoodHammer,GrassyGlide,HighHorsepower,FakeOut|||M|||50|,,,,,Fire]Basculegion||ChoiceScarf|Adaptability|WaveCrash,LastRespects,FlipTurn,AquaJet|||M|||50|,,,,,Water
|showteam|p2|Rillaboom||AssaultVest|GrassySurge|FakeOut,GrassyGlide,WoodHammer,HighHorsepower|||F|||50|,,,,,Fire]Kingambit||SafetyGoggles|Defiant|KowtowCleave,SuckerPunch,SwordsDance,Protect|||M|||50|,,,,,Ghost]Dragapult||ChoiceBand|ClearBody|DragonDarts,Outrage,Uturn,PhantomForce|||M|||50|,,,,,Dragon]Sneasler||FocusSash|Unburden|DireClaw,CloseCombat,FakeOut,Protect|||F|||50|,,,,,Stellar]Primarina||ThroatSpray|LiquidVoice|HyperVoice,Moonblast,Haze,Protect|||M|||50|,,,,,Poison]Electabuzz||Eviolite|VitalSpirit|FollowMe,Taunt,Electroweb,Protect|||M|||50|,,,,,Fairy
|inactive|Battle timer is ON: inactive players will automatically lose when time's up. (requested by Mirokart 8 Deluxe)
|
|t:|1757689432
|teamsize|p1|4
|teamsize|p2|4
|start
|switch|p1a: Incineroar|Incineroar, L50, F|100/100
|switch|p1b: Annihilape|Annihilape, L50, M, shiny|100/100
|switch|p2a: Dragapult|Dragapult, L50, M|100/100
|switch|p2b: Sneasler|Sneasler, L50, F|100/100
|-ability|p1a: Incineroar|Intimidate|boost
|-fail|p2a: Dragapult|unboost|[from] ability: Clear Body|[of] p2a: Dragapult
|-unboost|p2b: Sneasler|atk|1
|turn|1
|
|t:|1757689444
|switch|p2b: Electabuzz|Electabuzz, L50, M|100/100
|-terastallize|p2a: Dragapult|Dragon
|-terastallize|p1b: Annihilape|Water
|move|p2a: Dragapult|Dragon Darts|p1a: Incineroar
|-damage|p1a: Incineroar|63/100
|-anim|p2a: Dragapult|Dragon Darts|p1b: Annihilape
|-damage|p1b: Annihilape|48/100
|move|p1b: Annihilape|Rage Fist|p2a: Dragapult
|-damage|p2a: Dragapult|42/100
|move|p1a: Incineroar|Knock Off|p2a: Dragapult
|-damage|p2a: Dragapult|0 fnt
|-enditem|p2a: Dragapult|Choice Band|[from] move: Knock Off|[of] p1a: Incineroar
|faint|p2a: Dragapult
|
|upkeep
|
|t:|1757689461
|switch|p2a: Sneasler|Sneasler, L50, F|100/100
|turn|2
|
|t:|1757689470
|switch|p1a: Volcarona|Volcarona, L50, F|100/100
|move|p2a: Sneasler|Close Combat|p1a: Volcarona
|-resisted|p1a: Volcarona
|-damage|p1a: Volcarona|60/100
|-unboost|p2a: Sneasler|def|1
|-unboost|p2a: Sneasler|spd|1
|-status|p2a: Sneasler|brn|[from] ability: Flame Body|[of] p1a: Volcarona
|move|p1b: Annihilape|Coaching|p1a: Volcarona
|-boost|p1a: Volcarona|atk|1
|-boost|p1a: Volcarona|def|1
|move|p2b: Electabuzz|Electroweb|p1a: Volcarona|[spread] p1a,p1b
|-supereffective|p1b: Annihilape
|-damage|p1a: Volcarona|48/100
|-damage|p1b: Annihilape|23/100
|-unboost|p1a: Volcarona|spe|1
|-unboost|p1b: Annihilape|spe|1
|-ability|p1b: Annihilape|Defiant|boost
|-boost|p1b: Annihilape|atk|2
|
|-heal|p1a: Volcarona|54/100|[from] item: Leftovers
|-damage|p2a: Sneasler|95/100 brn|[from] brn
|upkeep
|turn|3
|
|t:|1757689494
|switch|p1b: Rillaboom|Rillaboom, L50, M, shiny|100/100
|-fieldstart|move: Grassy Terrain|[from] ability: Grassy Surge|[of] p1b: Rillaboom
|move|p1a: Volcarona|Protect|p1a: Volcarona
|-singleturn|p1a: Volcarona|Protect
|move|p2a: Sneasler|Dire Claw|p1a: Volcarona
|-activate|p1a: Volcarona|move: Protect
|move|p2b: Electabuzz|Electroweb|p1b: Rillaboom|[spread] p1b
|-activate|p1a: Volcarona|move: Protect
|-resisted|p1b: Rillaboom
|-damage|p1b: Rillaboom|96/100
|-unboost|p1b: Rillaboom|spe|1
|
|-heal|p2a: Sneasler|100/100 brn|[from] Grassy Terrain
|-heal|p1a: Volcarona|60/100|[from] Grassy Terrain
|-heal|p1a: Volcarona|67/100|[from] item: Leftovers
|-heal|p1b: Rillaboom|100/100|[from] Grassy Terrain
|-damage|p2a: Sneasler|95/100 brn|[from] brn
|upkeep
|turn|4
|
|t:|1757689507
|move|p1b: Rillaboom|Fake Out|p2a: Sneasler
|-damage|p2a: Sneasler|57/100 brn
|cant|p2a: Sneasler|flinch
|move|p2b: Electabuzz|Electroweb|p1b: Rillaboom|[spread] p1a,p1b
|-resisted|p1b: Rillaboom
|-crit|p1b: Rillaboom
|-damage|p1a: Volcarona|52/100
|-damage|p1b: Rillaboom|93/100
|-unboost|p1a: Volcarona|spe|1
|-unboost|p1b: Rillaboom|spe|1
|move|p1a: Volcarona|Heat Wave|p2b: Electabuzz|[spread] p2a,p2b
|-damage|p2a: Sneasler|0 fnt
|-damage|p2b: Electabuzz|77/100
|-status|p2b: Electabuzz|brn
|faint|p2a: Sneasler
|
|-heal|p2b: Electabuzz|83/100 brn|[from] Grassy Terrain
|-heal|p1a: Volcarona|59/100|[from] Grassy Terrain
|-heal|p1a: Volcarona|65/100|[from] item: Leftovers
|-heal|p1b: Rillaboom|99/100|[from] Grassy Terrain
|-damage|p2b: Electabuzz|77/100 brn|[from] brn
|upkeep
|
|t:|1757689510
|switch|p2a: Kingambit|Kingambit, L50, M|100/100
|turn|5
|
|t:|1757689527
|move|p2b: Electabuzz|Protect|p2b: Electabuzz
|-singleturn|p2b: Electabuzz|Protect
|move|p2a: Kingambit|Swords Dance|p2a: Kingambit
|-boost|p2a: Kingambit|atk|2
|move|p1a: Volcarona|Heat Wave|p2b: Electabuzz|[spread] 
|-activate|p2b: Electabuzz|move: Protect
|-miss|p1a: Volcarona|p2a: Kingambit
|move|p1b: Rillaboom|Wood Hammer|p2a: Kingambit
|-resisted|p2a: Kingambit
|-damage|p2a: Kingambit|68/100
|-damage|p1b: Rillaboom|88/100|[from] Recoil
|
|-heal|p2b: Electabuzz|83/100 brn|[from] Grassy Terrain
|-heal|p2a: Kingambit|74/100|[from] Grassy Terrain
|-heal|p1a: Volcarona|71/100|[from] Grassy Terrain
|-heal|p1a: Volcarona|77/100|[from] item: Leftovers
|-heal|p1b: Rillaboom|94/100|[from] Grassy Terrain
|-damage|p2b: Electabuzz|77/100 brn|[from] brn
|upkeep
|turn|6
|
|t:|1757689548
|move|p2a: Kingambit|Sucker Punch|p1a: Volcarona
|-crit|p1a: Volcarona
|-damage|p1a: Volcarona|0 fnt
|-status|p2a: Kingambit|brn|[from] ability: Flame Body|[of] p1a: Volcarona
|faint|p1a: Volcarona
|move|p1b: Rillaboom|Grassy Glide|p2b: Electabuzz
|-damage|p2b: Electabuzz|46/100 brn
|move|p2b: Electabuzz|Electroweb|p1b: Rillaboom|[miss]
|-miss|p2b: Electabuzz|p1b: Rillaboom
|
|-heal|p2b: Electabuzz|52/100 brn|[from] Grassy Terrain
|-heal|p2a: Kingambit|80/100 brn|[from] Grassy Terrain
|-heal|p1b: Rillaboom|99/100|[from] Grassy Terrain
|-damage|p2b: Electabuzz|46/100 brn|[from] brn
|-damage|p2a: Kingambit|74/100 brn|[from] brn
|upkeep
|
|t:|1757689554
|switch|p1a: Annihilape|Annihilape, L50, M, shiny, tera:Water|23/100
|turn|7
|
|t:|1757689566
|move|p2a: Kingambit|Sucker Punch|p1b: Rillaboom
|-damage|p1b: Rillaboom|59/100
|move|p1a: Annihilape|Coaching|p1b: Rillaboom
|-boost|p1b: Rillaboom|atk|1
|-boost|p1b: Rillaboom|def|1
|move|p2b: Electabuzz|Electroweb|p1a: Annihilape|[spread] p1a,p1b
|-supereffective|p1a: Annihilape
|-resisted|p1b: Rillaboom
|-damage|p1a: Annihilape|0 fnt
|-damage|p1b: Rillaboom|54/100
|-unboost|p1b: Rillaboom|spe|1
|faint|p1a: Annihilape
|move|p1b: Rillaboom|High Horsepower|p2a: Kingambit
|-supereffective|p2a: Kingambit
|-damage|p2a: Kingambit|1/100 brn
|
|-heal|p2b: Electabuzz|52/100 brn|[from] Grassy Terrain
|-heal|p2a: Kingambit|7/100 brn|[from] Grassy Terrain
|-heal|p1b: Rillaboom|60/100|[from] Grassy Terrain
|-damage|p2b: Electabuzz|46/100 brn|[from] brn
|-damage|p2a: Kingambit|1/100 brn|[from] brn
|-fieldend|move: Grassy Terrain
|upkeep
|
|t:|1757689571
|switch|p1a: Incineroar|Incineroar, L50, F|63/100
|-ability|p1a: Incineroar|Intimidate|boost
|-unboost|p2a: Kingambit|atk|1
|-ability|p2a: Kingambit|Defiant|boost
|-boost|p2a: Kingambit|atk|2
|-unboost|p2b: Electabuzz|atk|1
|turn|8
|
|t:|1757689581
|move|p2a: Kingambit|Sucker Punch|p1b: Rillaboom
|-damage|p1b: Rillaboom|29/100
|move|p2b: Electabuzz|Electroweb|p1b: Rillaboom|[spread] p1a,p1b
|-resisted|p1b: Rillaboom
|-damage|p1a: Incineroar|49/100
|-damage|p1b: Rillaboom|24/100
|-unboost|p1a: Incineroar|spe|1
|-unboost|p1b: Rillaboom|spe|1
|-enditem|p1a: Incineroar|Sitrus Berry|[eat]
|-heal|p1a: Incineroar|74/100|[from] item: Sitrus Berry
|move|p1a: Incineroar|Knock Off|p2a: Kingambit
|-resisted|p2a: Kingambit
|-damage|p2a: Kingambit|0 fnt
|-enditem|p2a: Kingambit|Safety Goggles|[from] move: Knock Off|[of] p1a: Incineroar
|faint|p2a: Kingambit
|move|p1b: Rillaboom|Wood Hammer|p2b: Electabuzz
|-damage|p2b: Electabuzz|0 fnt
|faint|p2b: Electabuzz
|-damage|p1b: Rillaboom|11/100|[from] Recoil
|
|win|Lightoz VI
||Lightoz VI is ready for game 2.
|inactive|Mirokart 8 Deluxe has 30 seconds to confirm battle start!
||Mirokart 8 Deluxe is ready for game 2.
|uhtml|next|Next: Game 2 of 3
