|j|☆VGC_HEARTGOLD
|j|☆Zzag
|html|VGC_HEARTGOLDZzag    
|uhtml|bestof|Game 1 of a best-of-3
|t:|1757110326
|gametype|doubles
|player|p1|VGC_HEARTGOLD|ethan|1076
|player|p2|Zzag|102|1168
|gen|9
|tier|[Gen 9] VGC 2025 Reg H (Bo3)
|rated|
|rule|Species Clause: Limit one of each Pokémon
|rule|Item Clause: Limit 1 of each item
|clearpoke
|poke|p1|Gholdengo, L50|
|poke|p1|Ursaluna-Bloodmoon, L50, M|
|poke|p1|Dragonite, L50, M|
|poke|p1|Rillaboom, L50, F|
|poke|p1|Maushold, L50|
|poke|p1|Annihilape, L50, M|
|poke|p2|Pelipper, L50, F|
|poke|p2|Baxcalibur, L50, F|
|poke|p2|Dragonite, L50, F|
|poke|p2|Basculegion, L50, M|
|poke|p2|Amoonguss, L50, M|
|poke|p2|Incineroar, L50, M|
|teampreview|4
|showteam|p1|Gholdengo||LifeOrb|GoodasGold|MakeItRain,ShadowBall,NastyPlot,Protect||||||50|,,,,,Dragon]Ursaluna-Bloodmoon||AssaultVest|MindsEye|BloodMoon,HyperVoice,EarthPower,VacuumWave|||M|||50|,,,,,Normal]Dragonite||LoadedDice|Multiscale|ScaleShot,Tailwind,Haze,Protect|||M|||50|,,,,,Fairy]Rillaboom||MiracleSeed|GrassySurge|DrumBeating,GrassyGlide,FakeOut,KnockOff|||F|||50|,,,,,Fire]Maushold||FocusSash|FriendGuard|SuperFang,FollowMe,BeatUp,Protect||||||50|,,,,,Ghost]Annihilape||SafetyGoggles|Defiant|DrainPunch,RageFist,BulkUp,Protect|||M|||50|,,,,,Water
|showteam|p2|Pelipper||FocusSash|Drizzle|Hurricane,WeatherBall,Protect,Tailwind|||F|||50|,,,,,Stellar]Baxcalibur||DracoPlate|ThermalExchange|IceShard,IcicleCrash,GlaiveRush,Protect|||F|||50|,,,,,Poison]Dragonite||LoadedDice|Multiscale|ScaleShot,ExtremeSpeed,Haze,Protect|||F|||50|,,,,,Fairy]Basculegion||LifeOrb|SwiftSwim|LastRespects,WaveCrash,AquaJet,Protect|||M|||50|,,,,,Water]Amoonguss||SitrusBerry|Regenerator|Protect,PollenPuff,RagePowder,Spore|||M|||50|,,,,,Steel]Incineroar||AssaultVest|Intimidate|FakeOut,DrainPunch,KnockOff,Uturn|||M|||50|,,,,,Grass
|inactive|Battle timer is ON: inactive players will automatically lose when time's up. (requested by Zzag)
|inactive|VGC_HEARTGOLD has 60 seconds left.
|inactive|Zzag has 60 seconds left.
|
|t:|1757110369
|teamsize|p1|4
|teamsize|p2|4
|start
|switch|p1a: Maushold|Maushold, L50|100/100
|switch|p1b: Annihilape|Annihilape, L50, M|100/100
|switch|p2a: Pelipper|Pelipper, L50, F|100/100
|switch|p2b: Basculegion|Basculegion, L50, M|100/100
|-weather|RainDance|[from] ability: Drizzle|[of] p2a: Pelipper
|turn|1
|
|t:|1757110390
|-terastallize|p2b: Basculegion|Water
|move|p1a: Maushold|Follow Me|p1a: Maushold
|-singleturn|p1a: Maushold|move: Follow Me
|move|p2b: Basculegion|Wave Crash|p1a: Maushold
|-enditem|p1a: Maushold|Focus Sash
|-damage|p1a: Maushold|1/100
|-damage|p2b: Basculegion|74/100|[from] Recoil
|-damage|p2b: Basculegion|64/100|[from] item: Life Orb
|move|p1b: Annihilape|Bulk Up|p1b: Annihilape
|-boost|p1b: Annihilape|atk|1
|-boost|p1b: Annihilape|def|1
|move|p2a: Pelipper|Tailwind|p2a: Pelipper
|-sidestart|p2: Zzag|move: Tailwind
|
|-weather|RainDance|[upkeep]
|upkeep
|turn|2
|inactive|VGC_HEARTGOLD has 30 seconds left.
|inactive|Zzag has 30 seconds left.
|inactive|VGC_HEARTGOLD has 20 seconds left.
|inactive|Zzag has 20 seconds left.
|inactive|VGC_HEARTGOLD has 15 seconds left.
|
|t:|1757110433
|-terastallize|p1b: Annihilape|Water
|move|p1a: Maushold|Follow Me|p1a: Maushold
|-singleturn|p1a: Maushold|move: Follow Me
|move|p2b: Basculegion|Wave Crash|p1a: Maushold
|-damage|p1a: Maushold|0 fnt
|faint|p1a: Maushold
|-damage|p2b: Basculegion|64/100|[from] Recoil
|-damage|p2b: Basculegion|54/100|[from] item: Life Orb
|move|p2a: Pelipper|Hurricane|p1b: Annihilape
|-damage|p1b: Annihilape|56/100
|move|p1b: Annihilape|Bulk Up|p1b: Annihilape
|-boost|p1b: Annihilape|atk|1
|-boost|p1b: Annihilape|def|1
|
|-weather|RainDance|[upkeep]
|upkeep
|
|t:|1757110454
|switch|p1a: Dragonite|Dragonite, L50, M|100/100
|turn|3
|
|t:|1757110468
|move|p2b: Basculegion|Wave Crash|p1a: Dragonite
|-resisted|p1a: Dragonite
|-damage|p1a: Dragonite|64/100
|-damage|p2b: Basculegion|44/100|[from] Recoil
|-damage|p2b: Basculegion|34/100|[from] item: Life Orb
|move|p2a: Pelipper|Hurricane|p1a: Dragonite
|-damage|p1a: Dragonite|18/100
|move|p1b: Annihilape|Drain Punch|p2b: Basculegion
|-damage|p2b: Basculegion|0 fnt
|-heal|p1b: Annihilape|75/100|[from] drain|[of] p2b: Basculegion
|faint|p2b: Basculegion
|move|p1a: Dragonite|Tailwind|p1a: Dragonite
|-sidestart|p1: VGC_HEARTGOLD|move: Tailwind
|
|-weather|RainDance|[upkeep]
|upkeep
|
|t:|1757110480
|switch|p2b: Dragonite|Dragonite, L50, F|100/100
|turn|4
|
|t:|1757110500
|move|p1b: Annihilape|Protect|p1b: Annihilape
|-singleturn|p1b: Annihilape|Protect
|move|p2a: Pelipper|Protect|p2a: Pelipper
|-singleturn|p2a: Pelipper|Protect
|move|p1a: Dragonite|Protect|p1a: Dragonite
|-singleturn|p1a: Dragonite|Protect
|move|p2b: Dragonite|Extreme Speed|p1a: Dragonite
|-activate|p1a: Dragonite|move: Protect
|
|-weather|RainDance|[upkeep]
|-sideend|p2: Zzag|move: Tailwind
|upkeep
|turn|5
|inactive|VGC_HEARTGOLD has 30 seconds left.
|
|t:|1757110531
|move|p2b: Dragonite|Extreme Speed|p1a: Dragonite
|-damage|p1a: Dragonite|0 fnt
|faint|p1a: Dragonite
|move|p1b: Annihilape|Rage Fist|p2b: Dragonite
|-damage|p2b: Dragonite|68/100
|move|p2a: Pelipper|Tailwind|p2a: Pelipper
|-sidestart|p2: Zzag|move: Tailwind
|
|-weather|none
|upkeep
|
|t:|1757110544
|switch|p1a: Gholdengo|Gholdengo, L50|100/100
|turn|6
|
|t:|1757110567
|switch|p2a: Baxcalibur|Baxcalibur, L50, F|100/100
|move|p1b: Annihilape|Drain Punch|p2b: Dragonite
|-resisted|p2b: Dragonite
|-damage|p2b: Dragonite|40/100
|-heal|p1b: Annihilape|89/100|[from] drain|[of] p2b: Dragonite
|move|p1a: Gholdengo|Nasty Plot|p1a: Gholdengo
|-boost|p1a: Gholdengo|spa|2
|move|p2b: Dragonite|Haze|p2b: Dragonite
|-clearallboost
|
|-sideend|p1: VGC_HEARTGOLD|move: Tailwind
|upkeep
|turn|7
|inactive|VGC_HEARTGOLD has 30 seconds left.
|
|t:|1757110598
|switch|p2b: Pelipper|Pelipper, L50, F|100/100
|-weather|RainDance|[from] ability: Drizzle|[of] p2b: Pelipper
|move|p2a: Baxcalibur|Protect|p2a: Baxcalibur
|-singleturn|p2a: Baxcalibur|Protect
|move|p1b: Annihilape|Drain Punch|p2a: Baxcalibur
|-activate|p2a: Baxcalibur|move: Protect
|move|p1a: Gholdengo|Make It Rain|p2a: Baxcalibur|[spread] p2b
|-activate|p2a: Baxcalibur|move: Protect
|-resisted|p2b: Pelipper
|-damage|p2b: Pelipper|52/100
|-unboost|p1a: Gholdengo|spa|1
|-damage|p1a: Gholdengo|91/100|[from] item: Life Orb
|
|-weather|RainDance|[upkeep]
|upkeep
|turn|8
|inactive|VGC_HEARTGOLD has 30 seconds left.
|
|t:|1757110626
|move|p2b: Pelipper|Weather Ball|p1a: Gholdengo
|-damage|p1a: Gholdengo|24/100
|move|p2a: Baxcalibur|Glaive Rush|p1b: Annihilape
|-damage|p1b: Annihilape|0 fnt
|-singlemove|p2a: Baxcalibur|Glaive Rush|[silent]
|faint|p1b: Annihilape
|move|p1a: Gholdengo|Nasty Plot|p1a: Gholdengo
|-boost|p1a: Gholdengo|spa|2
|
|-weather|RainDance|[upkeep]
|-sideend|p2: Zzag|move: Tailwind
|upkeep
|turn|9
|
|t:|1757110640
|move|p2a: Baxcalibur|Protect|p2a: Baxcalibur
|-singleturn|p2a: Baxcalibur|Protect
|move|p1a: Gholdengo|Make It Rain|p2a: Baxcalibur|[spread] p2b
|-activate|p2a: Baxcalibur|move: Protect
|-resisted|p2b: Pelipper
|-damage|p2b: Pelipper|0 fnt
|-unboost|p1a: Gholdengo|spa|1
|faint|p2b: Pelipper
|-damage|p1a: Gholdengo|15/100|[from] item: Life Orb
|
|-weather|RainDance|[upkeep]
|upkeep
|
|t:|1757110647
|switch|p2b: Dragonite|Dragonite, L50, F|40/100
|turn|10
|
|t:|1757110654
|move|p1a: Gholdengo|Make It Rain|p2b: Dragonite|[spread] p2a,p2b
|-supereffective|p2a: Baxcalibur
|-damage|p2a: Baxcalibur|0 fnt
|-damage|p2b: Dragonite|0 fnt
|-unboost|p1a: Gholdengo|spa|1
|faint|p2a: Baxcalibur
|faint|p2b: Dragonite
|-damage|p1a: Gholdengo|5/100|[from] item: Life Orb
|
|win|VGC_HEARTGOLD
||Zzag is ready for game 2.
|inactive|VGC_HEARTGOLD has 30 seconds to confirm battle start!
||VGC_HEARTGOLD is ready for game 2.
|uhtml|next|Next: Game 2 of 3
|l|☆VGC_HEARTGOLD
|player|p1|
