|j|☆x-demon18
|j|☆Sizzle2466
|html|x-demon18Sizzle2466    
|uhtml|bestof|Game 1 of a best-of-3
|t:|1784204611
|gametype|doubles
|player|p1|x-demon18|lucas|1139
|player|p2|Sizzle2466|2|1238
|gen|9
|tier|[Gen 9 Champions] VGC 2026 Reg M-B (Bo3)
|rated|
|rule|Species Clause: Limit one of each Pokémon
|rule|Item Clause: Limit 1 of each item
|clearpoke
|poke|p1|Tyranitar, L50, M|
|poke|p1|Metagross, L50, shiny|
|poke|p1|Corviknight, L50, F|
|poke|p1|Sylveon, L50, F|
|poke|p1|Annihilape, L50, M|
|poke|p1|Grimmsnarl, L50, M|
|poke|p2|Raichu, L50, M|
|poke|p2|Annihilape, L50, F|
|poke|p2|Incineroar, L50, M|
|poke|p2|Sinistcha, L50|
|poke|p2|Floette-Eternal, L50, F|
|poke|p2|Maushold, L50|
|teampreview|4
|showteam|p1|Tyranitar||ExpertBelt|SandStream|RockSlide,KnockOff,IcePunch,Protect|Adamant||M|||50|]Metagross||Metagrossite|ClearBody|IronHead,PsychicFangs,StompingTantrum,Protect|Adamant|||||50|]Corviknight||OccaBerry|MirrorArmor|Tailwind,BraveBird,IronHead,Roost|Adamant||F|||50|]Sylveon||FairyFeather|Pixilate|HyperVoice,QuickAttack,Yawn,Detect|Bold||F|||50|]Annihilape||Leftovers|Defiant|RageFist,DrainPunch,BulkUp,Protect|Adamant||M|||50|]Grimmsnarl||BabiriBerry|Prankster|Taunt,SpiritBreak,SuckerPunch,PartingShot|Impish||M|||50|
|showteam|p2|Raichu||RaichuniteY|Static|FakeOut,ZapCannon,FocusBlast,Protect|Timid||M|||50|]Annihilape||Leftovers|Defiant|BulkUp,RageFist,DrainPunch,Protect|Adamant||F|||50|]Incineroar||SitrusBerry|Intimidate|FakeOut,FlareBlitz,Taunt,PartingShot|Careful||M|||50|]Sinistcha||CobaBerry|Hospitality|RagePowder,MatchaGotcha,LifeDew,Protect|Bold|||||50|]Floette-Eternal||Floettite|FlowerVeil|CalmMind,DazzlingGleam,DrainingKiss,Protect|Timid||F|||50|]Maushold||WideLens|Technician|PopulationBomb,BeatUp,FollowMe,Protect|Jolly|||||50|
|
|t:|1784204668
|teamsize|p1|4
|teamsize|p2|4
|start
|switch|p1a: Griffith|Corviknight, L50, F|100/100
|switch|p1b: Grimmsnarl|Grimmsnarl, L50, M|100/100
|switch|p2a: Maushold|Maushold, L50|100/100
|switch|p2b: Annihilape|Annihilape, L50, F|100/100
|turn|1
|
|t:|1784204690
|move|p1b: Grimmsnarl|Taunt|p2a: Maushold
|-start|p2a: Maushold|move: Taunt
|move|p2a: Maushold|Beat Up|p2b: Annihilape
|-damage|p2b: Annihilape|95/100
|-damage|p2b: Annihilape|90/100
|-damage|p2b: Annihilape|86/100
|-damage|p2b: Annihilape|82/100
|-hitcount|p2b: Annihilape|4
|move|p2b: Annihilape|Bulk Up|p2b: Annihilape
|-boost|p2b: Annihilape|atk|1
|-boost|p2b: Annihilape|def|1
|move|p1a: Griffith|Brave Bird|p2b: Annihilape
|-supereffective|p2b: Annihilape|1
|-crit|p2b: Annihilape
|-damage|p2b: Annihilape|0 fnt
|faint|p2b: Annihilape
|-damage|p1a: Griffith|70/100|[from] Recoil
|
|upkeep
|
|t:|1784204707
|switch|p2b: Floette|Floette-Eternal, L50, F|100/100
|turn|2
|
|t:|1784204719
|detailschange|p2b: Floette|Floette-Mega, L50, F
|-mega|p2b: Floette|Floette|Floettite
|-ability|p2b: Floette|Fairy Aura
|move|p1b: Grimmsnarl|Taunt|p2b: Floette
|-start|p2b: Floette|move: Taunt
|move|p2a: Maushold|Population Bomb|p1a: Griffith
|-resisted|p1a: Griffith|1
|-damage|p1a: Griffith|65/100
|-resisted|p1a: Griffith|1
|-damage|p1a: Griffith|61/100
|-resisted|p1a: Griffith|1
|-damage|p1a: Griffith|56/100
|-hitcount|p1a: Griffith|3
|move|p2b: Floette|Dazzling Gleam|p1b: Grimmsnarl|[spread] p1a,p1b
|-resisted|p1a: Griffith|1
|-supereffective|p1b: Grimmsnarl|1
|-damage|p1a: Griffith|39/100
|-damage|p1b: Grimmsnarl|26/100
|move|p1a: Griffith|Tailwind|p1a: Griffith
|-sidestart|p1: x-demon18|move: Tailwind
|
|upkeep
|turn|3
|
|t:|1784204747
|move|p1b: Grimmsnarl|Parting Shot|p2b: Floette
|-unboost|p2b: Floette|atk|1
|-unboost|p2b: Floette|spa|1
|
|t:|1784204751
|switch|p1b: Magneto|Metagross, L50, shiny|100/100|[from] Parting Shot
|move|p1a: Griffith|Iron Head|p2b: Floette
|-supereffective|p2b: Floette|1
|-damage|p2b: Floette|27/100
|move|p2a: Maushold|Population Bomb|p1a: Griffith
|-resisted|p1a: Griffith|1
|-damage|p1a: Griffith|34/100
|-resisted|p1a: Griffith|1
|-crit|p1a: Griffith
|-damage|p1a: Griffith|27/100
|-resisted|p1a: Griffith|1
|-damage|p1a: Griffith|23/100
|-resisted|p1a: Griffith|1
|-damage|p1a: Griffith|19/100
|-resisted|p1a: Griffith|1
|-damage|p1a: Griffith|14/100
|-resisted|p1a: Griffith|1
|-damage|p1a: Griffith|10/100
|-resisted|p1a: Griffith|1
|-damage|p1a: Griffith|5/100
|-resisted|p1a: Griffith|1
|-damage|p1a: Griffith|1/100
|-resisted|p1a: Griffith|1
|-damage|p1a: Griffith|0 fnt
|faint|p1a: Griffith
|-hitcount|p1: Griffith|9
|move|p2b: Floette|Dazzling Gleam|p1b: Magneto
|-resisted|p1b: Magneto|1
|-damage|p1b: Magneto|84/100
|
|-end|p2a: Maushold|move: Taunt
|upkeep
|l|☆x-demon18
|player|p1|
|j|☆x-demon18
|player|p1|x-demon18|lucas|
|
|t:|1784204802
|switch|p1a: Grimmsnarl|Grimmsnarl, L50, M|26/100
|turn|4
|
|t:|1784204839
|detailschange|p1b: Magneto|Metagross-Mega, L50, shiny
|-mega|p1b: Magneto|Metagross|Metagrossite
|move|p2a: Maushold|Follow Me|p2a: Maushold
|-singleturn|p2a: Maushold|move: Follow Me
|move|p1a: Grimmsnarl|Taunt|p2a: Maushold
|-start|p2a: Maushold|move: Taunt
|move|p1b: Magneto|Iron Head|p2a: Maushold
|-damage|p2a: Maushold|19/100
|move|p2b: Floette|Draining Kiss|p1a: Grimmsnarl
|-supereffective|p1a: Grimmsnarl|1
|-damage|p1a: Grimmsnarl|0 fnt
|-heal|p2b: Floette|51/100|[from] drain|[of] p1a: Grimmsnarl
|faint|p1a: Grimmsnarl
|
|-end|p2b: Floette|move: Taunt
|upkeep
|
|t:|1784204856
|switch|p1a: Kratos|Annihilape, L50, M|100/100
|turn|5
|
|t:|1784204865
|switch|p2a: Sinistcha|Sinistcha, L50|100/100
|-heal|p2b: Floette|76/100|[from] ability: Hospitality|[of] p2a: Sinistcha
|move|p2b: Floette|Protect|p2b: Floette
|-singleturn|p2b: Floette|Protect
|move|p1a: Kratos|Drain Punch|p2a: Sinistcha
|-immune|p2a: Sinistcha
|move|p1b: Magneto|Iron Head|p2b: Floette
|-activate|p2b: Floette|move: Protect
|
|-sideend|p1: x-demon18|move: Tailwind
|upkeep
|turn|6
|
|t:|1784204883
|move|p2a: Sinistcha|Rage Powder|p2a: Sinistcha
|-singleturn|p2a: Sinistcha|move: Rage Powder
|move|p2b: Floette|Dazzling Gleam|p1a: Kratos|[spread] p1a,p1b
|-supereffective|p1a: Kratos|1
|-resisted|p1b: Magneto|1
|-damage|p1a: Kratos|50/100y
|-damage|p1b: Magneto|74/100
|move|p1a: Kratos|Rage Fist|p2a: Sinistcha
|-supereffective|p2a: Sinistcha|1
|-damage|p2a: Sinistcha|32/100
|move|p1b: Magneto|Psychic Fangs|p2a: Sinistcha
|-damage|p2a: Sinistcha|0 fnt
|faint|p2a: Sinistcha
|
|-heal|p1a: Kratos|56/100|[from] item: Leftovers
|upkeep
|
|t:|1784204896
|switch|p2a: Maushold|Maushold, L50|19/100
|turn|7
|
|t:|1784204907
|move|p1a: Kratos|Protect|p1a: Kratos
|-singleturn|p1a: Kratos|Protect
|move|p2a: Maushold|Population Bomb|p1b: Magneto
|-resisted|p1b: Magneto|1
|-crit|p1b: Magneto
|-damage|p1b: Magneto|68/100
|-resisted|p1b: Magneto|1
|-damage|p1b: Magneto|64/100
|-resisted|p1b: Magneto|1
|-damage|p1b: Magneto|61/100
|-resisted|p1b: Magneto|1
|-damage|p1b: Magneto|57/100
|-resisted|p1b: Magneto|1
|-damage|p1b: Magneto|53/100
|-resisted|p1b: Magneto|1
|-damage|p1b: Magneto|49/100
|-resisted|p1b: Magneto|1
|-damage|p1b: Magneto|45/100
|-resisted|p1b: Magneto|1
|-damage|p1b: Magneto|41/100
|-resisted|p1b: Magneto|1
|-damage|p1b: Magneto|37/100
|-resisted|p1b: Magneto|1
|-damage|p1b: Magneto|34/100
|-hitcount|p1b: Magneto|10
|move|p2b: Floette|Dazzling Gleam|p1a: Kratos|[spread] p1b
|-activate|p1a: Kratos|move: Protect
|-resisted|p1b: Magneto|1
|-damage|p1b: Magneto|22/100
|move|p1b: Magneto|Iron Head|p2b: Floette
|-supereffective|p2b: Floette|1
|-damage|p2b: Floette|0 fnt
|faint|p2b: Floette
|
|-heal|p1a: Kratos|62/100|[from] item: Leftovers
|upkeep
|turn|8
|
|t:|1784204940
|move|p2a: Maushold|Population Bomb|p1b: Magneto
|-resisted|p1b: Magneto|1
|-damage|p1b: Magneto|18/100
|-resisted|p1b: Magneto|1
|-damage|p1b: Magneto|15/100
|-resisted|p1b: Magneto|1
|-damage|p1b: Magneto|11/100
|-resisted|p1b: Magneto|1
|-damage|p1b: Magneto|7/100
|-resisted|p1b: Magneto|1
|-damage|p1b: Magneto|3/100
|-resisted|p1b: Magneto|1
|-damage|p1b: Magneto|0 fnt
|faint|p1b: Magneto
|-hitcount|p1: Magneto|6
|move|p1a: Kratos|Drain Punch|p2a: Maushold
|-supereffective|p2a: Maushold|1
|-damage|p2a: Maushold|0 fnt
|-heal|p1a: Kratos|70/100|[from] drain|[of] p2a: Maushold
|faint|p2a: Maushold
|
|win|x-demon18
|inactive|x-demon18 has 30 seconds to confirm battle start!
|inactive|Sizzle2466 has 30 seconds to confirm battle start!
||Sizzle2466 is ready for game 2.
|inactive|x-demon18 has 20 seconds to confirm battle start!
