|j|☆lux raymundi
|j|‽mouseilluminati
|html|lux raymundimouseilluminati    
|uhtml|bestof|Game 2 of a best-of-3
|t:|1786159557
|gametype|doubles
|player|p1|lux raymundi|169|1269
|player|p2|mouseilluminati|n|1289
|gen|9
|tier|[Gen 9 Champions] VGC 2026 Reg M-B (Bo3)
|rated|
|rule|Species Clause: Limit one of each Pokémon
|rule|Item Clause: Limit 1 of each item
|clearpoke
|poke|p1|Staraptor, L50, F|
|poke|p1|Arcanine-Hisui, L50, M|
|poke|p1|Kingambit, L50, M|
|poke|p1|Raichu, L50, M|
|poke|p1|Farigiraf, L50, F|
|poke|p1|Sylveon, L50, M|
|poke|p2|Raichu, L50, F|
|poke|p2|Milotic, L50, F|
|poke|p2|Ceruledge, L50, F|
|poke|p2|Farigiraf, L50, F|
|poke|p2|Ninetales-Alola, L50, M|
|poke|p2|Staraptor, L50, M|
|teampreview|4
|showteam|p1|Staraptor||Staraptite|Intimidate|DualWingbeat,CloseCombat,Tailwind,Protect|Jolly||F|||50|]Arcanine-Hisui||FocusSash|RockHead|FlareBlitz,HeadSmash,ExtremeSpeed,Protect|Jolly||M|||50|]Kingambit||LifeOrb|Defiant|KowtowCleave,SuckerPunch,SwordsDance,Protect|Adamant||M|||50|]Raichu||RaichuniteY|LightningRod|ZapCannon,FocusBlast,FakeOut,Protect|Timid||M|||50|]Farigiraf||SitrusBerry|ArmorTail|Psychic,HelpingHand,TrickRoom,Protect|Calm||F|||50|]Sylveon||FairyFeather|Pixilate|HyperVoice,HyperBeam,QuickAttack,Detect|Modest||M|||50|
|showteam|p2|Raichu||RaichuniteY|LightningRod|ZapCannon,FocusBlast,FakeOut,Protect|Timid||F|||50|]Milotic||Leftovers|Competitive|MuddyWater,Hypnosis,Coil,Recover|Calm||F|||50|]Ceruledge||ColburBerry|FlashFire|BitterBlade,ShadowSneak,BulkUp,Protect|Adamant||F|||50|]Farigiraf||SitrusBerry|ArmorTail|Psychic,Imprison,TrickRoom,Protect|Sassy||F|||50|]Ninetales-Alola||LightClay|SnowWarning|Blizzard,FreezeDry,AuroraVeil,Protect|Timid||M|||50|]Staraptor||Staraptite|Reckless|BraveBird,CloseCombat,Roost,Protect|Jolly||M|||50|
|inactive|Battle timer is ON: inactive players will automatically lose when time's up. (requested by mouseilluminati)
|
|t:|1786159585
|teamsize|p1|4
|teamsize|p2|4
|start
|switch|p1a: Raichu|Raichu, L50, M|100/100
|switch|p1b: Sylveon|Sylveon, L50, M|100/100
|switch|p2a: Raichu|Raichu, L50, F|100/100
|switch|p2b: Staraptor|Staraptor, L50, M|100/100
|turn|1
|
|t:|1786159606
|detailschange|p2b: Staraptor|Staraptor-Mega, L50, M
|-mega|p2b: Staraptor|Staraptor|Staraptite
|move|p1a: Raichu|Fake Out|p2a: Raichu
|-damage|p2a: Raichu|88/100
|cant|p2a: Raichu|flinch
|move|p2b: Staraptor|Close Combat|p1a: Raichu
|-damage|p1a: Raichu|12/100
|-boost|p2b: Staraptor|def|1
|-boost|p2b: Staraptor|spd|1
|move|p1b: Sylveon|Hyper Voice|p2b: Staraptor|[spread] p2a,p2b
|-crit|p2a: Raichu
|-supereffective|p2b: Staraptor|1
|-damage|p2a: Raichu|0 fnt
|-damage|p2b: Staraptor|30/100
|faint|p2a: Raichu
|
|upkeep
|
|t:|1786159619
|switch|p2a: Ceruledge|Ceruledge, L50, F|100/100
|turn|2
|
|t:|1786159634
|move|p2b: Staraptor|Protect|p2b: Staraptor
|-singleturn|p2b: Staraptor|Protect
|move|p1a: Raichu|Protect|p1a: Raichu
|-singleturn|p1a: Raichu|Protect
|move|p2a: Ceruledge|Bulk Up|p2a: Ceruledge
|-boost|p2a: Ceruledge|atk|1
|-boost|p2a: Ceruledge|def|1
|move|p1b: Sylveon|Hyper Voice|p2b: Staraptor|[spread] p2a
|-activate|p2b: Staraptor|move: Protect
|-resisted|p2a: Ceruledge|1
|-damage|p2a: Ceruledge|76/100
|
|upkeep
|turn|3
|inactive|lux raymundi has 30 seconds left.
|
|t:|1786159662
|switch|p1b: Arcanine|Arcanine-Hisui, L50, M|100/100
|detailschange|p1a: Raichu|Raichu-Mega-Y, L50, M
|-mega|p1a: Raichu|Raichu|Raichunite Y
|move|p1a: Raichu|Zap Cannon|p2b: Staraptor
|-supereffective|p2b: Staraptor|1
|-damage|p2b: Staraptor|0 fnt
|faint|p2b: Staraptor
|move|p2a: Ceruledge|Bitter Blade|p1b: Arcanine
|-resisted|p1b: Arcanine|2
|-damage|p1b: Arcanine|75/100
|-heal|p2a: Ceruledge|88/100|[from] drain|[of] p1b: Arcanine
|
|upkeep
|
|t:|1786159674
|switch|p2b: Farigiraf|Farigiraf, L50, F|100/100
|turn|4
|
|t:|1786159686
|move|p2a: Ceruledge|Protect|p2a: Ceruledge
|-singleturn|p2a: Ceruledge|Protect
|move|p1a: Raichu|Zap Cannon|p2b: Farigiraf
|-damage|p2b: Farigiraf|55/100
|-status|p2b: Farigiraf|par
|move|p1b: Arcanine|Head Smash|p2a: Ceruledge
|-activate|p2a: Ceruledge|move: Protect
|move|p2b: Farigiraf|Trick Room|p2b: Farigiraf
|-fieldstart|move: Trick Room|[of] p2b: Farigiraf
|
|upkeep
|turn|5
|
|t:|1786159698
|move|p1a: Raichu|Protect|p1a: Raichu
|-singleturn|p1a: Raichu|Protect
|move|p2a: Ceruledge|Shadow Sneak|p1b: Arcanine
|-damage|p1b: Arcanine|36/100
|move|p2b: Farigiraf|Psychic|p1b: Arcanine
|-crit|p1b: Arcanine
|-damage|p1b: Arcanine|0 fnt
|faint|p1b: Arcanine
|
|upkeep
|
|t:|1786159707
|switch|p1b: Kingambit|Kingambit, L50, M|100/100
|turn|6
|
|t:|1786159722
|move|p2b: Farigiraf|Psychic|p1a: Raichu
|-damage|p1a: Raichu|0 fnt
|faint|p1a: Raichu
|move|p1b: Kingambit|Kowtow Cleave|p2a: Ceruledge
|-supereffective|p2a: Ceruledge|1
|-enditem|p2a: Ceruledge|Colbur Berry|[eat]
|-enditem|p2a: Ceruledge|Colbur Berry|[weaken]
|-damage|p2a: Ceruledge|39/100
|-damage|p1b: Kingambit|90/100|[from] item: Life Orb
|move|p2a: Ceruledge|Bitter Blade|p1b: Kingambit
|-supereffective|p1b: Kingambit|1
|-damage|p1b: Kingambit|0 fnt
|-heal|p2a: Ceruledge|92/100|[from] drain|[of] p1b: Kingambit
|faint|p1b: Kingambit
|
|upkeep
|
|t:|1786159730
|switch|p1b: Sylveon|Sylveon, L50, M|100/100
|turn|7
|
|t:|1786159745
|move|p1b: Sylveon|Hyper Beam|p2a: Ceruledge
|-resisted|p2a: Ceruledge|1
|-damage|p2a: Ceruledge|35/100
|-mustrecharge|p1b: Sylveon
|move|p2a: Ceruledge|Bitter Blade|p1b: Sylveon
|-damage|p1b: Sylveon|11/100
|-heal|p2a: Ceruledge|80/100|[from] drain|[of] p1b: Sylveon
|move|p2b: Farigiraf|Trick Room|p2b: Farigiraf
|-fieldend|move: Trick Room
|
|upkeep
|turn|8
|
|t:|1786159757
|move|p2a: Ceruledge|Shadow Sneak|p1b: Sylveon
|-damage|p1b: Sylveon|0 fnt
|faint|p1b: Sylveon
|
|win|mouseilluminati
|raw|lux raymundi's rating: 1269 → 1245(-24 for losing)
|raw|mouseilluminati's rating: 1289 → 1313(+24 for winning)
