|j|☆lettitripppp
|j|☆lanagram
|html|lettitripppplanagram    
|uhtml|bestof|Game 1 of a best-of-3
|t:|1783028683
|gametype|doubles
|player|p1|lettitripppp|lucas|1160
|player|p2|lanagram|265|1105
|gen|9
|tier|[Gen 9 Champions] VGC 2026 Reg M-B (Bo3)
|rated|
|rule|Species Clause: Limit one of each Pokémon
|rule|Item Clause: Limit 1 of each item
|clearpoke
|poke|p1|Charizard, L50, F|
|poke|p1|Floette-Eternal, L50, F|
|poke|p1|Basculegion, L50, M, shiny|
|poke|p1|Garchomp, L50, M|
|poke|p1|Whimsicott, L50, M, shiny|
|poke|p1|Kingambit, L50, F|
|poke|p2|Floette-Eternal, L50, F|
|poke|p2|Basculegion, L50, M|
|poke|p2|Incineroar, L50, M|
|poke|p2|Maushold, L50|
|poke|p2|Chandelure, L50, M|
|poke|p2|Vivillon, L50, M|
|teampreview|4
|showteam|p1|Charizard||CharizarditeY|Blaze|WeatherBall,SolarBeam,HeatWave,Protect|Modest||F|||50|]Floette-Eternal||Floettite|FlowerVeil|DazzlingGleam,LightofRuin,Moonblast,Protect|Timid||F|||50|]Basculegion||MysticWater|Adaptability|LastRespects,WaveCrash,AquaJet,Protect|Adamant||M|||50|]Garchomp||LifeOrb|RoughSkin|DragonClaw,Earthquake,RockSlide,Protect|Jolly||M|||50|]Whimsicott||FocusSash|Prankster|Moonblast,Tailwind,Encore,Protect|Timid||M|||50|]Kingambit||ChopleBerry|Defiant|KowtowCleave,SuckerPunch,IronHead,LowKick|Adamant||F|||50|
|showteam|p2|Floette-Eternal||Floettite|FlowerVeil|DazzlingGleam,DrainingKiss,CalmMind,Protect|Modest||F|||50|]Basculegion||ChoiceScarf|Adaptability|WaveCrash,LastRespects,FlipTurn,AquaJet|Jolly||M|||50|]Incineroar||SitrusBerry|Intimidate|FlareBlitz,DarkestLariat,PartingShot,FakeOut|Adamant||M|||50|]Maushold||WideLens|FriendGuard|PopulationBomb,FollowMe,Encore,Protect|Jolly|||||50|]Chandelure||Chandelurite|Infiltrator|CalmMind,ShadowBall,HeatWave,Protect|Modest||M|||50|]Vivillon||FocusSash|CompoundEyes|SleepPowder,RagePowder,Tailwind,Hurricane|Timid||M|||50|
|inactive|Battle timer is ON: inactive players will automatically lose when time's up. (requested by lettitripppp)
|inactive|lettitripppp has 60 seconds left.
|inactive|lanagram has 60 seconds left.
|inactive|lanagram has 30 seconds left.
|inactive|lanagram has 20 seconds left.
|inactive|lanagram has 15 seconds left.
|inactive|lanagram has 10 seconds left.
|inactive|lanagram has 5 seconds left.
|
|t:|1783028772
|teamsize|p1|4
|teamsize|p2|4
|start
|switch|p1a: AGNI|Charizard, L50, F|100/100
|switch|p1b: LETS GO GO|Whimsicott, L50, M, shiny|100/100
|switch|p2a: Chandelure|Chandelure, L50, M|100/100
|switch|p2b: Maushold|Maushold, L50|100/100
|turn|1
|
|t:|1783028794
|detailschange|p1a: AGNI|Charizard-Mega-Y, L50, F
|-mega|p1a: AGNI|Charizard|Charizardite Y
|-weather|SunnyDay|[from] ability: Drought|[of] p1a: AGNI
|detailschange|p2a: Chandelure|Chandelure-Mega, L50, M
|-mega|p2a: Chandelure|Chandelure|Chandelurite
|move|p2b: Maushold|Protect|p2b: Maushold
|-singleturn|p2b: Maushold|Protect
|move|p1b: LETS GO GO|Tailwind|p1b: LETS GO GO
|-sidestart|p1: lettitripppp|move: Tailwind
|move|p1a: AGNI|Weather Ball|p2b: Maushold
|-activate|p2b: Maushold|move: Protect
|move|p2a: Chandelure|Calm Mind|p2a: Chandelure
|-boost|p2a: Chandelure|spa|1
|-boost|p2a: Chandelure|spd|1
|
|-weather|SunnyDay|[upkeep]
|upkeep
|turn|2
|inactive|lettitripppp has 30 seconds left.
|
|t:|1783028823
|move|p2b: Maushold|Follow Me|p2b: Maushold
|-singleturn|p2b: Maushold|move: Follow Me
|move|p1b: LETS GO GO|Encore|p2b: Maushold
|-start|p2b: Maushold|Encore
|move|p1a: AGNI|Weather Ball|p2b: Maushold
|-damage|p2b: Maushold|0 fnt
|faint|p2b: Maushold
|move|p2a: Chandelure|Heat Wave|p1a: AGNI|[spread] p1b
|-miss|p2a: Chandelure|p1a: AGNI
|-supereffective|p1b: LETS GO GO|1
|-enditem|p1b: LETS GO GO|Focus Sash
|-damage|p1b: LETS GO GO|1/100
|-status|p1b: LETS GO GO|brn
|
|-weather|SunnyDay|[upkeep]
|-damage|p1b: LETS GO GO|0 fnt|[from] brn
|faint|p1b: LETS GO GO
|upkeep
|
|t:|1783028846
|switch|p1b: GENERAL BLADUS|Kingambit, L50, F|100/100
|switch|p2b: Incineroar|Incineroar, L50, M|100/100
|-ability|p2b: Incineroar|Intimidate|boost
|-unboost|p1a: AGNI|atk|1
|-unboost|p1b: GENERAL BLADUS|atk|1
|-ability|p1b: GENERAL BLADUS|Defiant|boost
|-boost|p1b: GENERAL BLADUS|atk|2
|turn|3
|
|t:|1783028871
|move|p2b: Incineroar|Fake Out|p1b: GENERAL BLADUS
|-resisted|p1b: GENERAL BLADUS|1
|-damage|p1b: GENERAL BLADUS|95/100
|cant|p1b: GENERAL BLADUS|flinch
|move|p1a: AGNI|Weather Ball|p2b: Incineroar
|-resisted|p2b: Incineroar|1
|-damage|p2b: Incineroar|59/100
|move|p2a: Chandelure|Heat Wave|p1b: GENERAL BLADUS|[spread] p1a,p1b
|-resisted|p1a: AGNI|1
|-crit|p1a: AGNI
|-supereffective|p1b: GENERAL BLADUS|1
|-damage|p1a: AGNI|33/100
|-damage|p1b: GENERAL BLADUS|0 fnt
|faint|p1b: GENERAL BLADUS
|
|-weather|SunnyDay|[upkeep]
|upkeep
|
|t:|1783028881
|switch|p1b: GHOSTWAVE|Basculegion, L50, M, shiny|100/100
|turn|4
|inactive|lanagram has 30 seconds left.
|inactive|lanagram has 20 seconds left.
|
|t:|1783028917
|move|p2a: Chandelure|Protect|p2a: Chandelure
|-singleturn|p2a: Chandelure|Protect
|move|p1a: AGNI|Weather Ball|p2b: Incineroar
|-resisted|p2b: Incineroar|1
|-damage|p2b: Incineroar|17/100
|-enditem|p2b: Incineroar|Sitrus Berry|[eat]
|-heal|p2b: Incineroar|42/100|[from] item: Sitrus Berry
|move|p1b: GHOSTWAVE|Last Respects|p2a: Chandelure
|-activate|p2a: Chandelure|move: Protect
|move|p2b: Incineroar|Parting Shot|p1b: GHOSTWAVE
|-unboost|p1b: GHOSTWAVE|atk|1
|-unboost|p1b: GHOSTWAVE|spa|1
|
|t:|1783028932
|switch|p2b: Basculegion|Basculegion, L50, M|100/100|[from] Parting Shot
|
|-weather|SunnyDay|[upkeep]
|-sideend|p1: lettitripppp|move: Tailwind
|upkeep
|turn|5
|
|t:|1783028952
|move|p2b: Basculegion|Flip Turn|p1a: AGNI
|-supereffective|p1a: AGNI|1
|-damage|p1a: AGNI|0 fnt
|faint|p1a: AGNI
|
|t:|1783028958
|switch|p2b: Incineroar|Incineroar, L50, M|42/100|[from] Flip Turn
|-ability|p2b: Incineroar|Intimidate|boost
|-unboost|p1b: GHOSTWAVE|atk|1
|move|p1b: GHOSTWAVE|Last Respects|p2a: Chandelure
|-supereffective|p2a: Chandelure|1
|-damage|p2a: Chandelure|4/100
|move|p2a: Chandelure|Shadow Ball|p1b: GHOSTWAVE
|-supereffective|p1b: GHOSTWAVE|1
|-damage|p1b: GHOSTWAVE|0 fnt
|faint|p1b: GHOSTWAVE
|
|win|lanagram
|inactive|lettitripppp has 30 seconds to confirm battle start!
|inactive|lanagram has 30 seconds to confirm battle start!
||lettitripppp is ready for game 2.
||lanagram is ready for game 2.
|uhtml|next|Next: Game 2 of 3
