|j|☆vuelve chusooo
|j|☆Navizz0
|html|vuelve chusoooNavizz0    
|uhtml|bestof|Game 2 of a best-of-3
|t:|1785412413
|gametype|doubles
|player|p1|vuelve chusooo|fisherman-gen4|1219
|player|p2|Navizz0|ethan|1398
|gen|9
|tier|[Gen 9 Champions] VGC 2026 Reg M-B (Bo3)
|rated|
|rule|Species Clause: Limit one of each Pokémon
|rule|Item Clause: Limit 1 of each item
|clearpoke
|poke|p1|Swampert, L50, M|
|poke|p1|Pelipper, L50, F|
|poke|p1|Archaludon, L50, F|
|poke|p1|Floette-Eternal, L50, F|
|poke|p1|Basculegion, L50, M|
|poke|p1|Incineroar, L50, F|
|poke|p2|Blaziken, L50, F|
|poke|p2|Ninetales-Alola, L50, F|
|poke|p2|Sinistcha, L50|
|poke|p2|Aerodactyl, L50, F|
|poke|p2|Kingambit, L50, F|
|poke|p2|Basculegion, L50, M|
|teampreview|4
|showteam|p1|Swampert||Swampertite|Torrent|WaveCrash,Earthquake,IcePunch,Protect|Adamant||M|||50|]Pelipper||FocusSash|Drizzle|WeatherBall,Hurricane,Tailwind,Protect|Modest||F|||50|]Archaludon||Leftovers|Stamina|DragonPulse,FlashCannon,ElectroShot,Protect|Modest||F|||50|]Floette-Eternal||Floettite|FlowerVeil|Moonblast,DazzlingGleam,LightofRuin,Protect|Modest||F|||50|]Basculegion||ChoiceScarf|Adaptability|WaveCrash,LastRespects,AquaJet,FlipTurn|Adamant||M|||50|]Incineroar||SitrusBerry|Intimidate|FakeOut,PartingShot,FlareBlitz,ThroatChop|Careful||F|||50|
|showteam|p2|Blaziken||Blazikenite|SpeedBoost|AuraSphere,HeatWave,ScorchingSands,Detect|Modest||F|||50|]Ninetales-Alola||LifeOrb|SnowWarning|Blizzard,FreezeDry,Moonblast,Protect|Timid||F|||50|]Sinistcha||SitrusBerry|Hospitality|MatchaGotcha,Protect,TrickRoom,RagePowder|Calm|||||50|]Aerodactyl||Aerodactylite|Unnerve|RockSlide,DualWingbeat,WideGuard,Tailwind|Jolly||F|||50|]Kingambit||FocusSash|Defiant|SuckerPunch,IronHead,Protect,KowtowCleave|Adamant||F|||50|]Basculegion||ChoiceScarf|Adaptability|LastRespects,WaveCrash,AquaJet,FlipTurn|Jolly||M|||50|
|inactive|Battle timer is ON: inactive players will automatically lose when time's up. (requested by Navizz0)
|inactive|vuelve chusooo has 60 seconds left.
|l|☆Navizz0
|inactive|Navizz0 disconnected and has a minute to reconnect!
|player|p2|
|inactive|vuelve chusooo has 30 seconds left.
|j|☆Navizz0
|inactive|Navizz0 reconnected.
|player|p2|Navizz0|ethan|
|
|t:|1785412483
|teamsize|p1|4
|teamsize|p2|4
|start
|switch|p1a: Incineroar|Incineroar, L50, F|100/100
|switch|p1b: Floette|Floette-Eternal, L50, F|100/100
|switch|p2a: Basculegion|Basculegion, L50, M|100/100
|switch|p2b: Kingambit|Kingambit, L50, F|100/100
|-ability|p1a: Incineroar|Intimidate|boost
|-unboost|p2a: Basculegion|atk|1
|-unboost|p2b: Kingambit|atk|1
|-ability|p2b: Kingambit|Defiant|boost
|-boost|p2b: Kingambit|atk|2
|turn|1
|inactive|vuelve chusooo has 30 seconds left.
|inactive|Navizz0 has 30 seconds left.
|
|t:|1785412512
|detailschange|p1b: Floette|Floette-Mega, L50, F
|-mega|p1b: Floette|Floette|Floettite
|-ability|p1b: Floette|Fairy Aura
|move|p2b: Kingambit|Protect|p2b: Kingambit
|-singleturn|p2b: Kingambit|Protect
|move|p1a: Incineroar|Fake Out|p2b: Kingambit
|-activate|p2b: Kingambit|move: Protect
|move|p2a: Basculegion|Flip Turn|p1a: Incineroar
|-supereffective|p1a: Incineroar|1
|-damage|p1a: Incineroar|54/100
|
|t:|1785412524
|switch|p2a: Blaziken|Blaziken, L50, F|100/100|[from] Flip Turn
|move|p1b: Floette|Light of Ruin|p2b: Kingambit
|-activate|p2b: Kingambit|move: Protect
|
|upkeep
|turn|2
|inactive|vuelve chusooo has 30 seconds left.
|inactive|vuelve chusooo has 20 seconds left.
|inactive|vuelve chusooo has 15 seconds left.
|inactive|vuelve chusooo has 10 seconds left.
|inactive|vuelve chusooo has 5 seconds left.
|
|t:|1785412575
|switch|p1a: Basculegion|Basculegion, L50, M|100/100
|detailschange|p2a: Blaziken|Blaziken-Mega, L50, F
|-mega|p2a: Blaziken|Blaziken|Blazikenite
|move|p1b: Floette|Light of Ruin|p2b: Kingambit
|-enditem|p2b: Kingambit|Focus Sash
|-damage|p2b: Kingambit|1/100
|-damage|p1b: Floette|41/100|[from] Recoil
|move|p2a: Blaziken|Aura Sphere|p1a: Basculegion
|-immune|p1a: Basculegion
|move|p2b: Kingambit|Iron Head|p1b: Floette
|-supereffective|p1b: Floette|1
|-damage|p1b: Floette|0 fnt
|faint|p1b: Floette
|
|-ability|p2a: Blaziken|Speed Boost|boost
|-boost|p2a: Blaziken|spe|1
|upkeep
|
|t:|1785412590
|switch|p1b: Pelipper|Pelipper, L50, F|100/100
|-weather|RainDance|[from] ability: Drizzle|[of] p1b: Pelipper
|turn|3
|
|t:|1785412608
|switch|p2b: Ninetales|Ninetales-Alola, L50, F|100/100
|-weather|Snowscape|[from] ability: Snow Warning|[of] p2b: Ninetales
|move|p1a: Basculegion|Aqua Jet|p2b: Ninetales
|-damage|p2b: Ninetales|70/100
|move|p2a: Blaziken|Heat Wave|p1b: Pelipper|[spread] p1a,p1b
|-resisted|p1a: Basculegion|1
|-resisted|p1b: Pelipper|1
|-damage|p1a: Basculegion|74/100
|-damage|p1b: Pelipper|64/100
|-status|p1b: Pelipper|brn
|move|p1b: Pelipper|Tailwind|p1b: Pelipper
|-sidestart|p1: vuelve chusooo|move: Tailwind
|
|-weather|Snowscape|[upkeep]
|-damage|p1b: Pelipper|58/100 brn|[from] brn
|-ability|p2a: Blaziken|Speed Boost|boost
|-boost|p2a: Blaziken|spe|1
|upkeep
|turn|4
|
|t:|1785412630
|switch|p1a: Incineroar|Incineroar, L50, F|54/100
|-ability|p1a: Incineroar|Intimidate|boost
|-unboost|p2a: Blaziken|atk|1
|-unboost|p2b: Ninetales|atk|1
|move|p2a: Blaziken|Detect|p2a: Blaziken
|-singleturn|p2a: Blaziken|Protect
|move|p1b: Pelipper|Hurricane|p2a: Blaziken
|-activate|p2a: Blaziken|move: Protect
|move|p2b: Ninetales|Freeze-Dry|p1a: Incineroar
|-resisted|p1a: Incineroar|1
|-damage|p1a: Incineroar|40/100
|-enditem|p1a: Incineroar|Sitrus Berry|[eat]
|-heal|p1a: Incineroar|64/100|[from] item: Sitrus Berry
|-damage|p2b: Ninetales|60/100|[from] item: Life Orb
|
|-weather|Snowscape|[upkeep]
|-damage|p1b: Pelipper|52/100 brn|[from] brn
|-ability|p2a: Blaziken|Speed Boost|boost
|-boost|p2a: Blaziken|spe|1
|upkeep
|turn|5
|
|t:|1785412653
|move|p1a: Incineroar|Fake Out|p2b: Ninetales
|-damage|p2b: Ninetales|50/100y
|move|p2a: Blaziken|Aura Sphere|p1a: Incineroar
|-supereffective|p1a: Incineroar|1
|-damage|p1a: Incineroar|0 fnt
|faint|p1a: Incineroar
|move|p1b: Pelipper|Hurricane|p2a: Blaziken|[miss]
|-miss|p1b: Pelipper|p2a: Blaziken
|cant|p2b: Ninetales|flinch
|
|-weather|Snowscape|[upkeep]
|-damage|p1b: Pelipper|47/100 brn|[from] brn
|-ability|p2a: Blaziken|Speed Boost|boost
|-boost|p2a: Blaziken|spe|1
|upkeep
|
|t:|1785412661
|switch|p1a: Basculegion|Basculegion, L50, M|74/100
|turn|6
|inactive|vuelve chusooo has 30 seconds left.
|inactive|vuelve chusooo has 20 seconds left.
|inactive|vuelve chusooo has 15 seconds left.
|
|t:|1785412704
|move|p2b: Ninetales|Protect|p2b: Ninetales
|-singleturn|p2b: Ninetales|Protect
|move|p2a: Blaziken|Heat Wave|p1b: Pelipper|[spread] p1a,p1b
|-resisted|p1a: Basculegion|1
|-crit|p1a: Basculegion
|-resisted|p1b: Pelipper|1
|-damage|p1a: Basculegion|39/100
|-damage|p1b: Pelipper|11/100 brn
|move|p1a: Basculegion|Last Respects|p2b: Ninetales
|-activate|p2b: Ninetales|move: Protect
|move|p1b: Pelipper|Hurricane|p2a: Blaziken
|-supereffective|p2a: Blaziken|1
|-damage|p2a: Blaziken|0 fnt
|faint|p2a: Blaziken
|
|-weather|Snowscape|[upkeep]
|-damage|p1b: Pelipper|5/100 brn|[from] brn
|-sideend|p1: vuelve chusooo|move: Tailwind
|upkeep
|
|t:|1785412716
|switch|p2a: Basculegion|Basculegion, L50, M|100/100
|turn|7
|
|t:|1785412727
|move|p2a: Basculegion|Last Respects|p1a: Basculegion
|-supereffective|p1a: Basculegion|1
|-damage|p1a: Basculegion|0 fnt
|faint|p1a: Basculegion
|move|p2b: Ninetales|Freeze-Dry|p1b: Pelipper
|-supereffective|p1b: Pelipper|2
|-damage|p1b: Pelipper|0 fnt
|faint|p1b: Pelipper
|-damage|p2b: Ninetales|40/100|[from] item: Life Orb
|
|win|Navizz0
||Navizz0 is ready for game 3.
||vuelve chusooo is ready for game 3.
|uhtml|next|Next: Game 3 of 3
|l|☆Navizz0
|player|p2|
