|j|☆selene915
|j|☆kotamager34
|html|selene915kotamager34    
|uhtml|bestof|Game 3 of a best-of-3
|t:|1783771389
|gametype|doubles
|player|p1|selene915|cynthia|1181
|player|p2|kotamager34|grimsley|1231
|gen|9
|tier|[Gen 9 Champions] VGC 2026 Reg M-B (Bo3)
|rated|
|rule|Species Clause: Limit one of each Pokémon
|rule|Item Clause: Limit 1 of each item
|clearpoke
|poke|p1|Toxapex, L50, F|
|poke|p1|Whimsicott, L50, F|
|poke|p1|Charizard, L50, M|
|poke|p1|Tyranitar, L50, F|
|poke|p1|Tsareena, L50, F, shiny|
|poke|p1|Raichu, L50, M|
|poke|p2|Mawile, L50, M, shiny|
|poke|p2|Raichu, L50, M|
|poke|p2|Sinistcha, L50|
|poke|p2|Ceruledge, L50, M, shiny|
|poke|p2|Incineroar, L50, F|
|poke|p2|Milotic, L50, M|
|teampreview|4
|showteam|p1|Toxapex||Leftovers|Regenerator|BanefulBunker,WideGuard,Infestation,Toxic|Bold||F|||50|]Whimsicott||FocusSash|Prankster|Moonblast,Encore,EnergyBall,Tailwind|Modest||F|||50|]Charizard||CharizarditeY|Blaze|HeatWave,DragonPulse,SolarBeam,Protect|Modest||M|||50|]Tyranitar||LifeOrb|SandStream|RockSlide,KnockOff,LowKick,Protect|Adamant||F|||50|]Tsareena||WhiteHerb|QueenlyMajesty|TropKick,LowKick,TripleAxel,Protect|Adamant||F|||50|]Raichu||RaichuniteY|LightningRod|FakeOut,ZapCannon,FocusBlast,Protect|Timid||M|||50|
|showteam|p2|Mawile||Mawilite|HyperCutter|PlayRough,SuckerPunch,SwordsDance,Protect|Adamant||M|||50|]Raichu||RaichuniteY|LightningRod|ZapCannon,FocusBlast,FakeOut,Protect|Timid||M|||50|]Sinistcha||KasibBerry|Hospitality|Protect,RagePowder,MatchaGotcha,LifeDew|Calm|||||50|]Ceruledge||ColburBerry|FlashFire|BulkUp,Protect,ShadowSneak,BitterBlade|Adamant||M|||50|]Incineroar||SitrusBerry|Intimidate|FakeOut,ThroatChop,FlareBlitz,PartingShot|Impish||F|||50|]Milotic||Leftovers|Competitive|MuddyWater,Hypnosis,Coil,Protect|Calm||M|||50|
|inactive|Battle timer is ON: inactive players will automatically lose when time's up. (requested by kotamager34)
|
|t:|1783771406
|teamsize|p1|4
|teamsize|p2|4
|start
|switch|p1a: Ki<3|Whimsicott, L50, F|100/100
|switch|p1b: Beifong|Tyranitar, L50, F|100/100
|switch|p2a: Mawile|Mawile, L50, M, shiny|100/100
|switch|p2b: Incineroar|Incineroar, L50, F|100/100
|-weather|Sandstorm|[from] ability: Sand Stream|[of] p1b: Beifong
|-ability|p2b: Incineroar|Intimidate|boost
|-unboost|p1a: Ki<3|atk|1
|-unboost|p1b: Beifong|atk|1
|turn|1
|
|t:|1783771427
|detailschange|p2a: Mawile|Mawile-Mega, L50, M, shiny
|-mega|p2a: Mawile|Mawile|Mawilite
|move|p1b: Beifong|Protect|p1b: Beifong
|-singleturn|p1b: Beifong|Protect
|move|p2b: Incineroar|Fake Out|p1a: Ki<3
|-crit|p1a: Ki<3
|-damage|p1a: Ki<3|74/100
|cant|p1a: Ki<3|flinch
|move|p2a: Mawile|Play Rough|p1b: Beifong
|-activate|p1b: Beifong|move: Protect
|
|-weather|Sandstorm|[upkeep]
|-damage|p1a: Ki<3|68/100|[from] Sandstorm
|-damage|p2b: Incineroar|94/100|[from] Sandstorm
|upkeep
|turn|2
|
|t:|1783771442
|switch|p1b: Rosaria|Toxapex, L50, F|100/100
|move|p1a: Ki<3|Tailwind|p1a: Ki<3
|-sidestart|p1: selene915|move: Tailwind
|move|p2b: Incineroar|Flare Blitz|p1a: Ki<3
|-supereffective|p1a: Ki<3|1
|-damage|p1a: Ki<3|0 fnt
|faint|p1a: Ki<3
|-damage|p2b: Incineroar|78/100|[from] Recoil
|move|p2a: Mawile|Play Rough|p1b: Rosaria|[miss]
|-miss|p2a: Mawile|p1b: Rosaria
|
|-weather|Sandstorm|[upkeep]
|-damage|p1b: Rosaria|94/100|[from] Sandstorm
|-damage|p2b: Incineroar|72/100|[from] Sandstorm
|-heal|p1b: Rosaria|100/100|[from] item: Leftovers
|upkeep
|
|t:|1783771457
|switch|p1a: Zuko|Charizard, L50, M|100/100
|turn|3
|
|t:|1783771469
|switch|p2a: Ceruledge|Ceruledge, L50, M, shiny|100/100
|detailschange|p1a: Zuko|Charizard-Mega-Y, L50, M
|-mega|p1a: Zuko|Charizard|Charizardite Y
|-weather|SunnyDay|[from] ability: Drought|[of] p1a: Zuko
|move|p1a: Zuko|Heat Wave|p2b: Incineroar|[spread] p2b
|-start|p2a: Ceruledge|ability: Flash Fire
|-resisted|p2b: Incineroar|1
|-damage|p2b: Incineroar|44/100
|-enditem|p2b: Incineroar|Sitrus Berry|[eat]
|-heal|p2b: Incineroar|69/100|[from] item: Sitrus Berry
|move|p1b: Rosaria|Toxic|p2b: Incineroar
|-status|p2b: Incineroar|tox
|move|p2b: Incineroar|Throat Chop|p1a: Zuko
|-damage|p1a: Zuko|51/100
|-start|p1a: Zuko|Throat Chop|[silent]
|
|-weather|SunnyDay|[upkeep]
|-damage|p2b: Incineroar|63/100 tox|[from] psn
|upkeep
|turn|4
|inactive|selene915 has 30 seconds left.
|
|t:|1783771497
|switch|p1a: Beifong|Tyranitar, L50, F|100/100
|-weather|Sandstorm|[from] ability: Sand Stream|[of] p1a: Beifong
|move|p1b: Rosaria|Toxic|p2a: Ceruledge
|-status|p2a: Ceruledge|tox
|move|p2a: Ceruledge|Bulk Up|p2a: Ceruledge
|-boost|p2a: Ceruledge|atk|1
|-boost|p2a: Ceruledge|def|1
|move|p2b: Incineroar|Parting Shot|p1a: Beifong
|-unboost|p1a: Beifong|atk|1
|-unboost|p1a: Beifong|spa|1
|
|t:|1783771505
|switch|p2b: Mawile|Mawile-Mega, L50, M, shiny|100/100|[from] Parting Shot
|
|-weather|Sandstorm|[upkeep]
|-damage|p1b: Rosaria|94/100|[from] Sandstorm
|-damage|p2a: Ceruledge|93/100 tox|[from] Sandstorm
|-heal|p1b: Rosaria|100/100|[from] item: Leftovers
|-damage|p2a: Ceruledge|87/100 tox|[from] psn
|upkeep
|turn|5
|
|t:|1783771531
|move|p2a: Ceruledge|Shadow Sneak|p1b: Rosaria
|-damage|p1b: Rosaria|80/100
|move|p1a: Beifong|Rock Slide|p2b: Mawile|[spread] p2a,p2b
|-supereffective|p2a: Ceruledge|1
|-resisted|p2b: Mawile|1
|-damage|p2a: Ceruledge|48/100 tox
|-damage|p2b: Mawile|87/100
|-damage|p1a: Beifong|90/100|[from] item: Life Orb
|move|p1b: Rosaria|Infestation|p2b: Mawile
|-resisted|p2b: Mawile|2
|-damage|p2b: Mawile|86/100
|-activate|p2b: Mawile|move: Infestation|[of] p1b: Rosaria
|move|p2b: Mawile|Swords Dance|p2b: Mawile
|-boost|p2b: Mawile|atk|2
|
|-weather|Sandstorm|[upkeep]
|-damage|p1b: Rosaria|74/100|[from] Sandstorm
|-damage|p2a: Ceruledge|41/100 tox|[from] Sandstorm
|-heal|p1b: Rosaria|80/100|[from] item: Leftovers
|-damage|p2a: Ceruledge|29/100 tox|[from] psn
|-damage|p2b: Mawile|74/100|[from] move: Infestation|[partiallytrapped]
|-sideend|p1: selene915|move: Tailwind
|upkeep
|turn|6
|
|t:|1783771552
|move|p1a: Beifong|Protect|p1a: Beifong
|-singleturn|p1a: Beifong|Protect
|move|p2a: Ceruledge|Bitter Blade|p1b: Rosaria
|-resisted|p1b: Rosaria|1
|-damage|p1b: Rosaria|49/100
|-heal|p2a: Ceruledge|42/100 tox|[from] drain|[of] p1b: Rosaria
|move|p2b: Mawile|Play Rough|p1a: Beifong
|-activate|p1a: Beifong|move: Protect
|move|p1b: Rosaria|Infestation|p2a: Ceruledge
|-resisted|p2a: Ceruledge|2
|-damage|p2a: Ceruledge|42/100 tox
|-activate|p2a: Ceruledge|move: Infestation|[of] p1b: Rosaria
|
|-weather|Sandstorm|[upkeep]
|-damage|p2a: Ceruledge|36/100 tox|[from] Sandstorm
|-damage|p1b: Rosaria|43/100|[from] Sandstorm
|-heal|p1b: Rosaria|49/100|[from] item: Leftovers
|-damage|p2a: Ceruledge|17/100 tox|[from] psn
|-damage|p2a: Ceruledge|5/100 tox|[from] move: Infestation|[partiallytrapped]
|-damage|p2b: Mawile|62/100|[from] move: Infestation|[partiallytrapped]
|upkeep
|turn|7
|
|t:|1783771573
|move|p1a: Beifong|Protect||[still]
|-fail|p1a: Beifong
|move|p1b: Rosaria|Baneful Bunker|p1b: Rosaria
|-singleturn|p1b: Rosaria|move: Protect
|move|p2a: Ceruledge|Shadow Sneak|p1b: Rosaria
|-activate|p1b: Rosaria|move: Protect
|move|p2b: Mawile|Play Rough|p1a: Beifong
|-supereffective|p1a: Beifong|1
|-damage|p1a: Beifong|0 fnt
|faint|p1a: Beifong
|
|-weather|Sandstorm|[upkeep]
|-damage|p2a: Ceruledge|0 fnt|[from] Sandstorm
|-damage|p1b: Rosaria|43/100|[from] Sandstorm
|faint|p2a: Ceruledge
|-heal|p1b: Rosaria|49/100|[from] item: Leftovers
|-damage|p2b: Mawile|49/100|[from] move: Infestation|[partiallytrapped]
|upkeep
|
|t:|1783771591
|switch|p2a: Milotic|Milotic, L50, M|100/100
|switch|p1a: Zuko|Charizard-Mega-Y, L50, M|51/100
|-weather|SunnyDay|[from] ability: Drought|[of] p1a: Zuko
|turn|8
|
|t:|1783771602
|move|p1a: Zuko|Protect|p1a: Zuko
|-singleturn|p1a: Zuko|Protect
|move|p2b: Mawile|Sucker Punch||[still]
|-fail|p2b: Mawile
|move|p2a: Milotic|Coil|p2a: Milotic
|-boost|p2a: Milotic|atk|1
|-boost|p2a: Milotic|def|1
|-boost|p2a: Milotic|accuracy|1
|move|p1b: Rosaria|Toxic|p2a: Milotic
|-status|p2a: Milotic|tox
|
|-weather|SunnyDay|[upkeep]
|-heal|p1b: Rosaria|55/100|[from] item: Leftovers
|-damage|p2a: Milotic|94/100 tox|[from] psn
|-damage|p2b: Mawile|37/100|[from] move: Infestation|[partiallytrapped]
|upkeep
|turn|9
|
|t:|1783771625
|move|p1a: Zuko|Protect|p1a: Zuko
|-singleturn|p1a: Zuko|Protect
|move|p2b: Mawile|Sucker Punch||[still]
|-fail|p2b: Mawile
|move|p2a: Milotic|Hypnosis|p1b: Rosaria
|-status|p1b: Rosaria|slp|[from] move: Hypnosis
|cant|p1b: Rosaria|slp
|
|-weather|SunnyDay|[upkeep]
|-heal|p2a: Milotic|100/100 tox|[from] item: Leftovers
|-heal|p1b: Rosaria|61/100 slp|[from] item: Leftovers
|-damage|p2a: Milotic|88/100 tox|[from] psn
|-end|p2b: Mawile|Infestation|[partiallytrapped]
|upkeep
|turn|10
|
|t:|1783771647
|move|p2b: Mawile|Sucker Punch|p1a: Zuko
|-damage|p1a: Zuko|0 fnt
|faint|p1a: Zuko
|move|p2a: Milotic|Hypnosis|p1b: Rosaria
|-fail|p1b: Rosaria|slp
|cant|p1b: Rosaria|slp
|
|-weather|SunnyDay|[upkeep]
|-heal|p2a: Milotic|94/100 tox|[from] item: Leftovers
|-heal|p1b: Rosaria|66/100 slp|[from] item: Leftovers
|-damage|p2a: Milotic|76/100 tox|[from] psn
|upkeep
|turn|11
|
|t:|1783771659
|move|p2a: Milotic|Muddy Water|p1b: Rosaria
|-resisted|p1b: Rosaria|1
|-damage|p1b: Rosaria|61/100 slp
|-unboost|p1b: Rosaria|accuracy|1
|move|p2b: Mawile|Play Rough|p1b: Rosaria
|-resisted|p1b: Rosaria|1
|-damage|p1b: Rosaria|19/100 slp
|-curestatus|p1b: Rosaria|slp|[msg]
|move|p1b: Rosaria|Infestation|p2b: Mawile
|-resisted|p2b: Mawile|2
|-damage|p2b: Mawile|36/100
|-activate|p2b: Mawile|move: Infestation|[of] p1b: Rosaria
|
|-weather|SunnyDay|[upkeep]
|-heal|p2a: Milotic|82/100 tox|[from] item: Leftovers
|-heal|p1b: Rosaria|24/100|[from] item: Leftovers
|-damage|p2a: Milotic|58/100 tox|[from] psn
|-damage|p2b: Mawile|24/100|[from] move: Infestation|[partiallytrapped]
|upkeep
|turn|12
|
|t:|1783771676
|move|p1b: Rosaria|Baneful Bunker|p1b: Rosaria
|-singleturn|p1b: Rosaria|move: Protect
|move|p2a: Milotic|Hypnosis|p1b: Rosaria
|-activate|p1b: Rosaria|move: Protect
|move|p2b: Mawile|Play Rough|p1b: Rosaria
|-activate|p1b: Rosaria|move: Protect
|
|-weather|none
|-heal|p2a: Milotic|64/100 tox|[from] item: Leftovers
|-heal|p1b: Rosaria|30/100|[from] item: Leftovers
|-damage|p2a: Milotic|34/100 tox|[from] psn
|-damage|p2b: Mawile|11/100|[from] move: Infestation|[partiallytrapped]
|upkeep
|turn|13
|
|t:|1783771688
|move|p1b: Rosaria|Baneful Bunker|p1b: Rosaria
|-singleturn|p1b: Rosaria|move: Protect
|move|p2a: Milotic|Hypnosis|p1b: Rosaria
|-activate|p1b: Rosaria|move: Protect
|move|p2b: Mawile|Play Rough|p1b: Rosaria
|-activate|p1b: Rosaria|move: Protect
|
|-heal|p2a: Milotic|40/100 tox|[from] item: Leftovers
|-heal|p1b: Rosaria|36/100|[from] item: Leftovers
|-damage|p2a: Milotic|4/100 tox|[from] psn
|-damage|p2b: Mawile|0 fnt|[from] move: Infestation|[partiallytrapped]
|faint|p2b: Mawile
|upkeep
|
|t:|1783771690
|switch|p2b: Incineroar|Incineroar, L50, F|63/100 tox
|-ability|p2b: Incineroar|Intimidate|boost
|-unboost|p1b: Rosaria|atk|1
|turn|14
|
|t:|1783771707
|move|p2a: Milotic|Hypnosis|p1b: Rosaria
|-status|p1b: Rosaria|slp|[from] move: Hypnosis
|move|p2b: Incineroar|Throat Chop|p1b: Rosaria
|-damage|p1b: Rosaria|17/100 slp
|-start|p1b: Rosaria|Throat Chop|[silent]
|cant|p1b: Rosaria|slp
|
|-heal|p2a: Milotic|10/100 tox|[from] item: Leftovers
|-heal|p1b: Rosaria|22/100 slp|[from] item: Leftovers
|-damage|p2a: Milotic|0 fnt|[from] psn
|faint|p2a: Milotic
|-damage|p2b: Incineroar|57/100 tox|[from] psn
|upkeep
|turn|15
|
|t:|1783771720
|cant|p1b: Rosaria|slp
|move|p2b: Incineroar|Throat Chop|p1b: Rosaria
|-damage|p1b: Rosaria|5/100 slp
|
|-heal|p1b: Rosaria|10/100 slp|[from] item: Leftovers
|-damage|p2b: Incineroar|45/100 tox|[from] psn
|-end|p1b: Rosaria|Throat Chop|[silent]
|upkeep
|turn|16
|
|t:|1783771732
|-curestatus|p1b: Rosaria|slp|[msg]
|move|p1b: Rosaria|Baneful Bunker|p1b: Rosaria
|-singleturn|p1b: Rosaria|move: Protect
|move|p2b: Incineroar|Throat Chop|p1b: Rosaria
|-activate|p1b: Rosaria|move: Protect
|
|-heal|p1b: Rosaria|16/100|[from] item: Leftovers
|-damage|p2b: Incineroar|27/100 tox|[from] psn
|upkeep
|turn|17
|
|t:|1783771744
|move|p1b: Rosaria|Baneful Bunker|p1b: Rosaria
|-singleturn|p1b: Rosaria|move: Protect
|move|p2b: Incineroar|Throat Chop|p1b: Rosaria
|-activate|p1b: Rosaria|move: Protect
|
|-heal|p1b: Rosaria|22/100|[from] item: Leftovers
|-damage|p2b: Incineroar|3/100 tox|[from] psn
|upkeep
|turn|18
|c|☆kotamager34|Joder de verdad?
|
|t:|1783771762
|move|p1b: Rosaria|Baneful Bunker||[still]
|-fail|p1b: Rosaria
|move|p2b: Incineroar|Flare Blitz|p1b: Rosaria
|-resisted|p1b: Rosaria|1
|-damage|p1b: Rosaria|7/100
|-damage|p2b: Incineroar|0 fnt|[from] Recoil
|faint|p2b: Incineroar
|
|win|selene915
|raw|selene915's rating: 1181 → 1210(+29 for winning)
|raw|kotamager34's rating: 1231 → 1202(-29 for losing)
