|j|☆fili53
|j|☆cereales testea
|html|fili53cereales testea    
|uhtml|bestof|Game 3 of a best-of-3
|t:|1754331446
|gametype|doubles
|player|p1|fili53|cress|1222
|player|p2|cereales testea|tate|1324
|gen|9
|tier|[Gen 9] VGC 2025 Reg H (Bo3)
|rated|
|rule|Species Clause: Limit one of each Pokémon
|rule|Item Clause: Limit 1 of each item
|clearpoke
|poke|p1|Drifblim, L50, F|
|poke|p1|Slaking, L50, F|
|poke|p1|Incineroar, L50, M|
|poke|p1|Weezing-Galar, L50, F|
|poke|p1|Indeedee, L50, M|
|poke|p1|Amoonguss, L50, F|
|poke|p2|Annihilape, L50, M|
|poke|p2|Dragonite, L50, M|
|poke|p2|Gholdengo, L50|
|poke|p2|Electabuzz, L50, M|
|poke|p2|Rillaboom, L50, F|
|poke|p2|Incineroar, L50, F|
|teampreview|4
|showteam|p1|Drifblim||PsychicSeed|Unburden|SkillSwap,WillOWisp,ShadowBall,Protect|||F|||50|,,,,,Dark]Slaking||WhiteHerb|Truant|DoubleEdge,KnockOff,HighHorsepower,Protect|||F|||50|,,,,,Ghost]Incineroar||AbilityShield|Intimidate|FakeOut,FlareBlitz,KnockOff,PartingShot|||M|||50|,,,,,Ghost]Weezing-Galar||ChoiceSpecs|NeutralizingGas|StrangeSteam,DazzlingGleam,SludgeBomb,Flamethrower|||F|||50|,,,,,Fire]Indeedee||FocusSash|PsychicSurge|ExpandingForce,TrickRoom,Imprison,Protect|||M|||50|,,,,,Psychic]Amoonguss||RockyHelmet|Regenerator|Spore,RagePowder,PollenPuff,Protect|||F|||50|,,,,,Fairy
|showteam|p2|Annihilape||FocusSash|Defiant|Taunt,CloseCombat,RageFist,Coaching|||M|||50|,,,,,Stellar]Dragonite||LoadedDice|Multiscale|Protect,ScaleShot,Haze,ExtremeSpeed|||M|||50|,,,,,Fairy]Gholdengo||SitrusBerry|GoodasGold|MakeItRain,ShadowBall,NastyPlot,Protect||||||50|,,,,,Water]Electabuzz||Eviolite|VitalSpirit|Protect,Electroweb,Taunt,FollowMe|||M|||50|,,,,,Dragon]Rillaboom||AssaultVest|GrassySurge|FakeOut,WoodHammer,HighHorsepower,GrassyGlide|||F|||50|,,,,,Fire]Incineroar||MirrorHerb|Intimidate|FakeOut,PartingShot,FlareBlitz,KnockOff|||F|||50|,,,,,Ghost
|
|t:|1754331478
|teamsize|p1|4
|teamsize|p2|4
|start
|switch|p1a: Drifblim|Drifblim, L50, F|100/100
|switch|p1b: Indeedee|Indeedee, L50, M|100/100
|switch|p2a: Gholdengo|Gholdengo, L50|100/100
|switch|p2b: Incineroar|Incineroar, L50, F|100/100
|-fieldstart|move: Psychic Terrain|[from] ability: Psychic Surge|[of] p1b: Indeedee
|-enditem|p1a: Drifblim|Psychic Seed
|-boost|p1a: Drifblim|spd|1|[from] item: Psychic Seed
|-ability|p2b: Incineroar|Intimidate|boost
|-unboost|p1a: Drifblim|atk|1
|-unboost|p1b: Indeedee|atk|1
|-enditem|p2b: Incineroar|Mirror Herb
|-boost|p2b: Incineroar|spd|1|[from] item: Mirror Herb
|turn|1
|inactive|Battle timer is ON: inactive players will automatically lose when time's up. (requested by cereales testea)
|
|t:|1754331506
|switch|p1b: Slaking|Slaking, L50, F|100/100
|move|p2a: Gholdengo|Protect|p2a: Gholdengo
|-singleturn|p2a: Gholdengo|Protect
|move|p1a: Drifblim|Skill Swap|p1b: Slaking
|-activate|p1a: Drifblim|move: Skill Swap|||[of] p1b: Slaking
|move|p2b: Incineroar|Knock Off|p1b: Slaking
|-damage|p1b: Slaking|70/100
|-enditem|p1b: Slaking|White Herb|[from] move: Knock Off|[of] p2b: Incineroar
|
|upkeep
|turn|2
|
|t:|1754331529
|switch|p2b: Dragonite|Dragonite, L50, M|100/100
|-terastallize|p2a: Gholdengo|Water
|move|p1b: Slaking|Knock Off|p2a: Gholdengo
|-damage|p2a: Gholdengo|62/100
|-enditem|p2a: Gholdengo|Sitrus Berry|[from] move: Knock Off|[of] p1b: Slaking
|move|p2a: Gholdengo|Make It Rain|p1b: Slaking|[spread] p1a,p1b
|-damage|p1a: Drifblim|67/100
|-damage|p1b: Slaking|27/100
|-unboost|p2a: Gholdengo|spa|1
|cant|p1a: Drifblim|ability: Truant
|
|upkeep
|turn|3
|inactive|cereales testea has 30 seconds left.
|
|t:|1754331562
|switch|p2a: Incineroar|Incineroar, L50, F|100/100
|-ability|p2a: Incineroar|Intimidate|boost
|-unboost|p1a: Drifblim|atk|1
|-unboost|p1b: Slaking|atk|1
|move|p1b: Slaking|Protect|p1b: Slaking
|-singleturn|p1b: Slaking|Protect
|move|p2b: Dragonite|Protect|p2b: Dragonite
|-singleturn|p2b: Dragonite|Protect
|move|p1a: Drifblim|Will-O-Wisp|p2b: Dragonite
|-activate|p2b: Dragonite|move: Protect
|
|upkeep
|turn|4
|inactive|fili53 has 30 seconds left.
|
|t:|1754331587
|move|p1b: Slaking|Knock Off|p2b: Dragonite
|-damage|p2b: Dragonite|85/100
|-enditem|p2b: Dragonite|Loaded Dice|[from] move: Knock Off|[of] p1b: Slaking
|cant|p1a: Drifblim|ability: Truant
|move|p2b: Dragonite|Scale Shot|p1b: Slaking
|-damage|p1b: Slaking|16/100
|-damage|p1b: Slaking|4/100
|-hitcount|p1b: Slaking|2
|-unboost|p2b: Dragonite|def|1
|-boost|p2b: Dragonite|spe|1
|move|p2a: Incineroar|Parting Shot|p1b: Slaking
|-unboost|p1b: Slaking|atk|1
|-unboost|p1b: Slaking|spa|1
|
|t:|1754331600
|switch|p2a: Gholdengo|Gholdengo, L50, tera:Water|62/100|[from] Parting Shot
|
|upkeep
|turn|5
|inactive|fili53 has 30 seconds left.
|inactive|cereales testea has 30 seconds left.
|
|t:|1754331638
|move|p2b: Dragonite|Protect|p2b: Dragonite
|-singleturn|p2b: Dragonite|Protect
|move|p2a: Gholdengo|Protect|p2a: Gholdengo
|-singleturn|p2a: Gholdengo|Protect
|move|p1b: Slaking|Double-Edge|p2a: Gholdengo
|-activate|p2a: Gholdengo|move: Protect
|move|p1a: Drifblim|Will-O-Wisp|p2b: Dragonite
|-activate|p2b: Dragonite|move: Protect
|
|-fieldend|move: Psychic Terrain
|upkeep
|turn|6
|
|t:|1754331663
|move|p1b: Slaking|Double-Edge|p2a: Gholdengo
|-damage|p2a: Gholdengo|21/100
|-damage|p1b: Slaking|0 fnt|[from] Recoil
|faint|p1b: Slaking
|move|p2b: Dragonite|Scale Shot|p1a: Drifblim
|-damage|p1a: Drifblim|52/100
|-damage|p1a: Drifblim|37/100
|-damage|p1a: Drifblim|21/100
|-hitcount|p1a: Drifblim|3
|-unboost|p2b: Dragonite|def|1
|-boost|p2b: Dragonite|spe|1
|move|p2a: Gholdengo|Nasty Plot|p2a: Gholdengo
|-boost|p2a: Gholdengo|spa|2
|cant|p1a: Drifblim|ability: Truant
|
|upkeep
|inactive|fili53 has 30 seconds left.
|
|t:|1754331689
|switch|p1b: Indeedee|Indeedee, L50, M|100/100
|-fieldstart|move: Psychic Terrain|[from] ability: Psychic Surge|[of] p1b: Indeedee
|turn|7
|
|t:|1754331705
|switch|p1b: Incineroar|Incineroar, L50, M|100/100
|-ability|p1b: Incineroar|Intimidate|boost
|-unboost|p2a: Gholdengo|atk|1
|-unboost|p2b: Dragonite|atk|1
|switch|p2a: Rillaboom|Rillaboom, L50, F|100/100
|-fieldstart|move: Grassy Terrain|[from] ability: Grassy Surge|[of] p2a: Rillaboom
|move|p2b: Dragonite|Scale Shot|p1a: Drifblim
|-damage|p1a: Drifblim|10/100
|-damage|p1a: Drifblim|0 fnt
|faint|p1a: Drifblim
|-hitcount|p1: Drifblim|2
|-unboost|p2b: Dragonite|def|1
|-boost|p2b: Dragonite|spe|1
|
|upkeep
|
|t:|1754331714
|switch|p1a: Indeedee|Indeedee, L50, M|100/100
|-fieldstart|move: Psychic Terrain|[from] ability: Psychic Surge|[of] p1a: Indeedee
|turn|8
|
|t:|1754331731
|switch|p2a: Incineroar|Incineroar, L50, F|100/100
|-ability|p2a: Incineroar|Intimidate|boost
|-unboost|p1a: Indeedee|atk|1
|-unboost|p1b: Incineroar|atk|1
|-terastallize|p1a: Indeedee|Psychic
|move|p2b: Dragonite|Protect|p2b: Dragonite
|-singleturn|p2b: Dragonite|Protect
|move|p1a: Indeedee|Expanding Force|p2a: Incineroar|[spread] 
|-activate|p2b: Dragonite|move: Protect
|-immune|p2a: Incineroar
|move|p1b: Incineroar|Flare Blitz|p2a: Incineroar
|-resisted|p2a: Incineroar
|-damage|p2a: Incineroar|88/100
|-damage|p1b: Incineroar|97/100|[from] Recoil
|
|upkeep
|turn|9
|-message|fili53 forfeited.
|raw|fili53's rating: 1222 → 1204(-18 for losing)
|raw|cereales testea's rating: 1324 → 1338(+14 for winning)
|
|win|cereales testea
|l|☆fili53
|player|p1|
