|j|☆clem 2
|j|☆VenuDaAscoInRain
|html|clem 2VenuDaAscoInRain    
|uhtml|bestof|Game 1 of a best-of-3
|t:|1783112514
|gametype|doubles
|player|p1|clem 2|gentleman-gen4dp|1233
|player|p2|VenuDaAscoInRain|li|1163
|gen|9
|tier|[Gen 9 Champions] VGC 2026 Reg M-B (Bo3)
|rated|
|rule|Species Clause: Limit one of each Pokémon
|rule|Item Clause: Limit 1 of each item
|clearpoke
|poke|p1|Froslass, L50, F|
|poke|p1|Whimsicott, L50, M|
|poke|p1|Glimmora, L50, M|
|poke|p1|Garchomp, L50, M|
|poke|p1|Gyarados, L50, F|
|poke|p1|Kingambit, L50, M|
|poke|p2|Pelipper, L50, M, shiny|
|poke|p2|Swampert, L50, M|
|poke|p2|Archaludon, L50, M, shiny|
|poke|p2|Grimmsnarl, L50, M, shiny|
|poke|p2|Venusaur, L50, M, shiny|
|poke|p2|Sneasler, L50, M, shiny|
|teampreview|4
|showteam|p1|Froslass||Froslassite|CursedBody|Protect,AuroraVeil,Blizzard,ShadowBall|Timid||F|||50|]Whimsicott||MentalHerb|Prankster|Protect,Tailwind,Encore,Moonblast|Bold||M|||50|]Glimmora||FocusSash|ToxicDebris|SpikyShield,PowerGem,SludgeBomb,EarthPower|Modest||M|||50|]Garchomp||LifeOrb|RoughSkin|Protect,DragonClaw,StompingTantrum,RockSlide|Adamant||M|||50|]Gyarados||SitrusBerry|Intimidate|Protect,Waterfall,PowerWhip,DragonDance|Adamant||F|||50|]Kingambit||BlackGlasses|Defiant|Protect,SwordsDance,KowtowCleave,SuckerPunch|Adamant||M|||50|
|showteam|p2|Pelipper||FocusSash|Drizzle|WeatherBall,Hurricane,Tailwind,Protect|Modest||M|||50|]Swampert||Swampertite|Torrent|WaveCrash,IcePunch,HighHorsepower,Protect|Adamant||M|||50|]Archaludon||Leftovers|Stamina|ElectroShot,FlashCannon,DragonPulse,Protect|Modest||M|||50|]Grimmsnarl||RoseliBerry|Prankster|SpiritBreak,PartingShot,Reflect,LightScreen|Careful||M|||50|]Venusaur||Venusaurite|Chlorophyll|SludgeBomb,GigaDrain,EarthPower,SleepPowder|Modest||M|||50|]Sneasler||WhiteHerb|Unburden|DireClaw,CloseCombat,FakeOut,RockTomb|Jolly||M|||50|
|inactive|Battle timer is ON: inactive players will automatically lose when time's up. (requested by VenuDaAscoInRain)
|j| Erp_01
|inactive|VenuDaAscoInRain has 60 seconds left.
|
|t:|1783112560
|teamsize|p1|4
|teamsize|p2|4
|start
|switch|p1a: Garchomp|Garchomp, L50, M|100/100
|switch|p1b: Gyarados|Gyarados, L50, F|100/100
|switch|p2a: Grimmsnarl|Grimmsnarl, L50, M, shiny|100/100
|switch|p2b: Venusaur|Venusaur, L50, M, shiny|100/100
|-ability|p1b: Gyarados|Intimidate|boost
|-unboost|p2a: Grimmsnarl|atk|1
|-unboost|p2b: Venusaur|atk|1
|turn|1
|
|t:|1783112584
|detailschange|p2b: Venusaur|Venusaur-Mega, L50, M, shiny
|-mega|p2b: Venusaur|Venusaur|Venusaurite
|move|p2a: Grimmsnarl|Reflect|p2a: Grimmsnarl
|-sidestart|p2: VenuDaAscoInRain|Reflect
|move|p1a: Garchomp|Dragon Claw|p2b: Venusaur
|-damage|p2b: Venusaur|68/100
|-damage|p1a: Garchomp|90/100|[from] item: Life Orb
|move|p1b: Gyarados|Dragon Dance|p1b: Gyarados
|-boost|p1b: Gyarados|atk|1
|-boost|p1b: Gyarados|spe|1
|move|p2b: Venusaur|Sleep Powder|p1b: Gyarados
|-status|p1b: Gyarados|slp|[from] move: Sleep Powder
|
|upkeep
|turn|2
|
|t:|1783112607
|move|p2a: Grimmsnarl|Parting Shot|p1a: Garchomp
|-unboost|p1a: Garchomp|atk|1
|-unboost|p1a: Garchomp|spa|1
|
|t:|1783112610
|switch|p2a: Pelipper|Pelipper, L50, M, shiny|100/100|[from] Parting Shot
|-weather|RainDance|[from] ability: Drizzle|[of] p2a: Pelipper
|cant|p1b: Gyarados|slp
|move|p1a: Garchomp|Rock Slide|p2a: Pelipper|[spread] p2a,p2b
|-supereffective|p2a: Pelipper|1
|-damage|p2a: Pelipper|69/100
|-damage|p2b: Venusaur|60/100
|-damage|p1a: Garchomp|80/100|[from] item: Life Orb
|move|p2b: Venusaur|Giga Drain|p1b: Gyarados
|-damage|p1b: Gyarados|66/100 slp
|-heal|p2b: Venusaur|77/100|[from] drain|[of] p1b: Gyarados
|
|-weather|RainDance|[upkeep]
|upkeep
|turn|3
|
|t:|1783112632
|cant|p1b: Gyarados|slp
|move|p1a: Garchomp|Rock Slide|p2a: Pelipper|[spread] p2b
|-miss|p1a: Garchomp|p2a: Pelipper
|-damage|p2b: Venusaur|67/100
|-damage|p1a: Garchomp|71/100|[from] item: Life Orb
|move|p2a: Pelipper|Hurricane|p1b: Gyarados
|-damage|p1b: Gyarados|20/100y slp
|-enditem|p1b: Gyarados|Sitrus Berry|[eat]
|-heal|p1b: Gyarados|45/100 slp|[from] item: Sitrus Berry
|move|p2b: Venusaur|Giga Drain|p1b: Gyarados
|-damage|p1b: Gyarados|13/100 slp
|-heal|p2b: Venusaur|84/100|[from] drain|[of] p1b: Gyarados
|
|-weather|RainDance|[upkeep]
|upkeep
|turn|4
|
|t:|1783112652
|move|p2a: Pelipper|Protect|p2a: Pelipper
|-singleturn|p2a: Pelipper|Protect
|-curestatus|p1b: Gyarados|slp|[msg]
|move|p1b: Gyarados|Waterfall|p2a: Pelipper
|-activate|p2a: Pelipper|move: Protect
|move|p1a: Garchomp|Rock Slide|p2a: Pelipper|[spread] p2b
|-activate|p2a: Pelipper|move: Protect
|-damage|p2b: Venusaur|75/100
|-damage|p1a: Garchomp|61/100|[from] item: Life Orb
|cant|p2b: Venusaur|flinch
|
|-weather|RainDance|[upkeep]
|upkeep
|turn|5
|
|t:|1783112658
|switch|p2a: Grimmsnarl|Grimmsnarl, L50, M, shiny|100/100
|move|p1b: Gyarados|Waterfall|p2a: Grimmsnarl
|-damage|p2a: Grimmsnarl|29/100
|move|p1a: Garchomp|Rock Slide|p2b: Venusaur|[spread] p2a,p2b
|-damage|p2a: Grimmsnarl|16/100
|-damage|p2b: Venusaur|66/100
|-damage|p1a: Garchomp|52/100|[from] item: Life Orb
|cant|p2b: Venusaur|flinch
|
|-weather|RainDance|[upkeep]
|-sideend|p2: VenuDaAscoInRain|Reflect
|upkeep
|turn|6
|
|t:|1783112671
|move|p2a: Grimmsnarl|Reflect|p2a: Grimmsnarl
|-sidestart|p2: VenuDaAscoInRain|Reflect
|move|p1b: Gyarados|Waterfall|p2b: Venusaur
|-resisted|p2b: Venusaur|1
|-damage|p2b: Venusaur|43/100
|move|p1a: Garchomp|Rock Slide|p2b: Venusaur|[spread] p2a,p2b
|-damage|p2a: Grimmsnarl|3/100
|-damage|p2b: Venusaur|34/100
|-damage|p1a: Garchomp|42/100|[from] item: Life Orb
|move|p2b: Venusaur|Giga Drain|p1b: Gyarados
|-damage|p1b: Gyarados|0 fnt
|-heal|p2b: Venusaur|41/100|[from] drain|[of] p1b: Gyarados
|faint|p1b: Gyarados
|
|-weather|none
|upkeep
|
|t:|1783112679
|switch|p1b: Froslass|Froslass, L50, F|100/100
|turn|7
|
|t:|1783112690
|switch|p1a: Glimmora|Glimmora, L50, M|100/100
|detailschange|p1b: Froslass|Froslass-Mega, L50, F
|-mega|p1b: Froslass|Froslass|Froslassite
|-weather|Snowscape|[from] ability: Snow Warning|[of] p1b: Froslass
|move|p2a: Grimmsnarl|Parting Shot|p1b: Froslass
|-unboost|p1b: Froslass|atk|1
|-unboost|p1b: Froslass|spa|1
|
|t:|1783112698
|switch|p2a: Pelipper|Pelipper, L50, M, shiny|69/100|[from] Parting Shot
|-weather|RainDance|[from] ability: Drizzle|[of] p2a: Pelipper
|move|p1b: Froslass|Blizzard|p2b: Venusaur|[spread] p2a,p2b
|-supereffective|p2b: Venusaur|1
|-damage|p2a: Pelipper|16/100
|-damage|p2b: Venusaur|17/100
|move|p2b: Venusaur|Giga Drain|p1a: Glimmora
|-damage|p1a: Glimmora|53/100
|-heal|p2b: Venusaur|37/100|[from] drain|[of] p1a: Glimmora
|
|-weather|RainDance|[upkeep]
|upkeep
|turn|8
|
|t:|1783112711
|switch|p2a: Archaludon|Archaludon, L50, M, shiny|100/100
|move|p1b: Froslass|Shadow Ball|p2a: Archaludon
|-damage|p2a: Archaludon|73/100
|-ability|p2a: Archaludon|Stamina|boost
|-boost|p2a: Archaludon|def|1
|move|p1a: Glimmora|Sludge Bomb|p2b: Venusaur
|-damage|p2b: Venusaur|0 fnt
|faint|p2b: Venusaur
|
|-weather|RainDance|[upkeep]
|-heal|p2a: Archaludon|79/100|[from] item: Leftovers
|upkeep
|
|t:|1783112717
|switch|p2b: Pelipper|Pelipper, L50, M, shiny|16/100
|turn|9
|
|t:|1783112724
|move|p2b: Pelipper|Protect|p2b: Pelipper
|-singleturn|p2b: Pelipper|Protect
|move|p1b: Froslass|Shadow Ball|p2b: Pelipper
|-activate|p2b: Pelipper|move: Protect
|move|p1a: Glimmora|Earth Power|p2a: Archaludon
|-supereffective|p2a: Archaludon|1
|-damage|p2a: Archaludon|9/100
|-ability|p2a: Archaludon|Stamina|boost
|-boost|p2a: Archaludon|def|1
|move|p2a: Archaludon|Electro Shot||[still]
|-prepare|p2a: Archaludon|Electro Shot
|-boost|p2a: Archaludon|spa|1
|-anim|p2a: Archaludon|Electro Shot|p1a: Glimmora
|-damage|p1a: Glimmora|0 fnt
|faint|p1a: Glimmora
|
|-weather|RainDance|[upkeep]
|-heal|p2a: Archaludon|16/100|[from] item: Leftovers
|upkeep
|
|t:|1783112727
|switch|p1a: Garchomp|Garchomp, L50, M|42/100
|turn|10
|-message|VenuDaAscoInRain forfeited.
|
|win|clem 2
