|j|☆KodeBeast0526
|j|☆octogono
|html|KodeBeast0526octogono    
|uhtml|bestof|Game 1 of a best-of-3
|t:|1784048953
|gametype|doubles
|player|p1|KodeBeast0526|hiker|1065
|player|p2|octogono|170|1027
|gen|9
|tier|[Gen 9 Champions] VGC 2026 Reg M-B (Bo3)
|rated|
|rule|Species Clause: Limit one of each Pokémon
|rule|Item Clause: Limit 1 of each item
|clearpoke
|poke|p1|Aerodactyl, L50, M|
|poke|p1|Kingambit, L50, M|
|poke|p1|Sylveon, L50, M|
|poke|p1|Garchomp, L50, M|
|poke|p1|Charizard, L50, M|
|poke|p1|Incineroar, L50, M|
|poke|p2|Whimsicott, L50, M|
|poke|p2|Charizard, L50, F|
|poke|p2|Tyranitar, L50, F|
|poke|p2|Heliolisk, L50, M|
|poke|p2|Raichu, L50, M|
|poke|p2|Toxapex, L50, M|
|teampreview|4
|showteam|p1|Aerodactyl||Aerodactylite|Unnerve|RockSlide,IceFang,Tailwind,WideGuard|Jolly||M|||50|]Kingambit||FocusSash|Defiant|KowtowCleave,SuckerPunch,IronHead,Protect|Adamant||M|||50|]Sylveon||FairyFeather|Pixilate|Detect,HyperVoice,HyperBeam,QuickAttack|Modest||M|||50|]Garchomp||LifeOrb|RoughSkin|Earthquake,DragonClaw,StompingTantrum,Protect|Jolly||M|||50|]Charizard||CharizarditeY|Blaze|Protect,HeatWave,SolarBeam,WeatherBall|Modest||M|||50|]Incineroar||SitrusBerry|Intimidate|DarkestLariat,FlareBlitz,FakeOut,PartingShot|Impish||M|||50|
|showteam|p2|Whimsicott||FocusSash|Prankster|DazzlingGleam,Tailwind,Encore,Taunt|Bold||M|||50|]Charizard||CharizarditeY|SolarPower|HeatWave,SolarBeam,AirSlash,Protect|Timid||F|||50|]Tyranitar||ChopleBerry|Unnerve|RockSlide,Crunch,SandTomb,Protect|Impish||F|||50|]Heliolisk||LifeOrb|SolarPower|RisingVoltage,VoltSwitch,HyperVoice,Protect|Modest||M|||50|]Raichu||RaichuniteX|Static|FakeOut,VoltTackle,VoltSwitch,Protect|Jolly||M|||50|]Toxapex||Leftovers|Regenerator|SludgeBomb,ChillingWater,WideGuard,BanefulBunker|Bold||M|||50|
|inactive|Battle timer is ON: inactive players will automatically lose when time's up. (requested by KodeBeast0526)
|inactive|octogono has 60 seconds left.
|
|t:|1784049048
|teamsize|p1|4
|teamsize|p2|4
|start
|switch|p1a: Aerodactyl|Aerodactyl, L50, M|100/100
|switch|p1b: Garchomp|Garchomp, L50, M|100/100
|switch|p2a: Whimsicott|Whimsicott, L50, M|100/100
|switch|p2b: Raichu|Raichu, L50, M|100/100
|-ability|p1a: Aerodactyl|Unnerve
|turn|1
|inactive|octogono has 30 seconds left.
|inactive|octogono has 20 seconds left.
|inactive|octogono has 15 seconds left.
|inactive|octogono has 10 seconds left.
|inactive|octogono has 5 seconds left.
|
|t:|1784049100
|switch|p1b: Incineroar|Incineroar, L50, M|100/100
|-ability|p1b: Incineroar|Intimidate|boost
|-unboost|p2a: Whimsicott|atk|1
|-unboost|p2b: Raichu|atk|1
|detailschange|p2b: Raichu|Raichu-Mega-X, L50, M
|-mega|p2b: Raichu|Raichu|Raichunite X
|-fieldstart|move: Electric Terrain|[from] ability: Electric Surge|[of] p2b: Raichu
|move|p2b: Raichu|Fake Out|p1b: Incineroar
|-damage|p1b: Incineroar|93/100
|move|p2a: Whimsicott|Tailwind|p2a: Whimsicott
|-sidestart|p2: octogono|move: Tailwind
|move|p1a: Aerodactyl|Rock Slide|p2a: Whimsicott|[spread] p2a,p2b
|-damage|p2a: Whimsicott|82/100
|-damage|p2b: Raichu|70/100
|
|upkeep
|turn|2
|inactive|KodeBeast0526 has 30 seconds left.
|inactive|octogono has 30 seconds left.
|inactive|KodeBeast0526 has 20 seconds left.
|inactive|octogono has 20 seconds left.
|inactive|KodeBeast0526 has 15 seconds left.
|inactive|octogono has 15 seconds left.
|inactive|octogono has 10 seconds left.
|
|t:|1784049152
|detailschange|p1a: Aerodactyl|Aerodactyl-Mega, L50, M
|-mega|p1a: Aerodactyl|Aerodactyl|Aerodactylite
|move|p1b: Incineroar|Fake Out|p2b: Raichu
|-damage|p2b: Raichu|57/100
|move|p2a: Whimsicott|Taunt|p1b: Incineroar
|-hint|Since gen 7, Dark is immune to Prankster moves.
|-immune|p1b: Incineroar
|cant|p2b: Raichu|flinch
|move|p1a: Aerodactyl|Tailwind|p1a: Aerodactyl
|-sidestart|p1: KodeBeast0526|move: Tailwind
|
|upkeep
|turn|3
|inactive|octogono has 30 seconds left.
|
|t:|1784049183
|switch|p1a: Garchomp|Garchomp, L50, M|100/100
|move|p2a: Whimsicott|Encore||[still]
|-fail|p2a: Whimsicott
|move|p2b: Raichu|Volt Switch|p1b: Incineroar
|-damage|p1b: Incineroar|69/100
|
|t:|1784049196
|switch|p2b: Toxapex|Toxapex, L50, M|100/100|[from] Volt Switch
|move|p1b: Incineroar|Flare Blitz|p2b: Toxapex
|-resisted|p2b: Toxapex|1
|-damage|p2b: Toxapex|84/100
|-damage|p1b: Incineroar|65/100|[from] Recoil
|
|-heal|p2b: Toxapex|89/100|[from] item: Leftovers
|upkeep
|turn|4
|inactive|octogono has 30 seconds left.
|inactive|octogono has 20 seconds left.
|
|t:|1784049236
|move|p2b: Toxapex|Wide Guard|p2b: Toxapex
|-singleturn|p2b: Toxapex|Wide Guard
|move|p1a: Garchomp|Stomping Tantrum|p2b: Toxapex
|-supereffective|p2b: Toxapex|1
|-damage|p2b: Toxapex|13/100
|-damage|p1a: Garchomp|90/100|[from] item: Life Orb
|move|p2a: Whimsicott|Dazzling Gleam|p1a: Garchomp|[spread] p1a,p1b
|-supereffective|p1a: Garchomp|1
|-damage|p1a: Garchomp|56/100
|-damage|p1b: Incineroar|48/100
|-enditem|p1b: Incineroar|Sitrus Berry|[eat]
|-heal|p1b: Incineroar|72/100|[from] item: Sitrus Berry
|move|p1b: Incineroar|Parting Shot|p2a: Whimsicott
|-unboost|p2a: Whimsicott|atk|1
|-unboost|p2a: Whimsicott|spa|1
|
|t:|1784049248
|switch|p1b: Kingambit|Kingambit, L50, M|100/100|[from] Parting Shot
|
|-heal|p2b: Toxapex|19/100|[from] item: Leftovers
|-sideend|p2: octogono|move: Tailwind
|upkeep
|turn|5
|
|t:|1784049269
|switch|p1a: Aerodactyl|Aerodactyl-Mega, L50, M|100/100
|move|p2b: Toxapex|Baneful Bunker||[still]
|-fail|p2b: Toxapex
|move|p2a: Whimsicott|Encore||[still]
|-fail|p2a: Whimsicott
|move|p1b: Kingambit|Iron Head|p2a: Whimsicott
|-supereffective|p2a: Whimsicott|1
|-damage|p2a: Whimsicott|8/100
|
|-heal|p2b: Toxapex|24/100|[from] item: Leftovers
|-sideend|p1: KodeBeast0526|move: Tailwind
|-fieldend|move: Electric Terrain
|upkeep
|turn|6
|inactive|octogono has 30 seconds left.
|
|t:|1784049297
|-heal|p2b: Toxapex|57/100|[from] ability: Regenerator|[silent]
|switch|p2b: Raichu|Raichu-Mega-X, L50, M|57/100
|-fieldstart|move: Electric Terrain|[from] ability: Electric Surge|[of] p2b: Raichu
|move|p2a: Whimsicott|Taunt|p1a: Aerodactyl
|-start|p1a: Aerodactyl|move: Taunt
|move|p1a: Aerodactyl|Ice Fang|p2a: Whimsicott
|-supereffective|p2a: Whimsicott|1
|-damage|p2a: Whimsicott|0 fnt
|faint|p2a: Whimsicott
|move|p1b: Kingambit|Kowtow Cleave|p2b: Raichu
|-damage|p2b: Raichu|0 fnt
|faint|p2b: Raichu
|
|upkeep
|-message|octogono forfeited.
|
|win|KodeBeast0526
|l|☆octogono
|player|p2|
|l|☆KodeBeast0526
|player|p1|
|inactive|KodeBeast0526 has 30 seconds to confirm battle start!
|inactive|octogono has 30 seconds to confirm battle start!
|inactive|KodeBeast0526 has 20 seconds to confirm battle start!
|inactive|octogono has 20 seconds to confirm battle start!
|inactive|KodeBeast0526 has 10 seconds to confirm battle start!
|inactive|octogono has 10 seconds to confirm battle start!
|uhtml|next|Next: Game 2 of 3
|j|☆KodeBeast0526
|player|p1|KodeBeast0526|hiker|
