|j|â˜†afkahaoai
|j|â˜†sorecruiser
|html|afkahaoaisorecruiser    
|uhtml|bestof|Game 1 of a best-of-3
|t:|1756923686
|gametype|doubles
|player|p1|afkahaoai|rosa|1090
|player|p2|sorecruiser|furisodegirl-black|1161
|gen|9
|tier|[Gen 9] VGC 2025 Reg H (Bo3)
|rated|
|rule|Species Clause: Limit one of each PokÃ©mon
|rule|Item Clause: Limit 1 of each item
|clearpoke
|poke|p1|Serperior, L50, F|
|poke|p1|Typhlosion-Hisui, L50, F|
|poke|p1|Empoleon, L50, M|
|poke|p1|Dragonite, L50, F|
|poke|p1|Ninetales-Alola, L50, F|
|poke|p1|Gholdengo, L50|
|poke|p2|Gholdengo, L50|
|poke|p2|Whimsicott, L50, F|
|poke|p2|Sneasler, L50, M|
|poke|p2|Basculegion, L50, M|
|poke|p2|Hydreigon, L50, F|
|poke|p2|Magmar, L50, F|
|teampreview|4
|showteam|p1|Serperior||LifeOrb|Contrary|LeafStorm,TeraBlast,GrassPledge,Protect|||F|||50|,,,,,Stellar]Typhlosion-Hisui||Charcoal|Frisk|Eruption,InfernalParade,FirePledge,Protect|||F|||50|,,,,,Fire]Empoleon||WeaknessPolicy|Competitive|WaterPledge,FlashCannon,VacuumWave,Protect|||M|||50|,,,,,Ground]Dragonite||LoadedDice|Multiscale|Tailwind,Haze,ScaleShot,ExtremeSpeed|||F|||50|,,,,,Fairy]Ninetales-Alola||CovertCloak|SnowWarning|Blizzard,IcyWind,AuroraVeil,Protect|||F|||50|,,,,,Ice]Gholdengo||ChoiceSpecs|GoodasGold|MakeItRain,ShadowBall,Thunderbolt,Trick||||||50|,,,,,Steel
|showteam|p2|Gholdengo||MetalCoat|GoodasGold|MakeItRain,ShadowBall,NastyPlot,Protect||||||50|,,,,,Steel]Whimsicott||CovertCloak|Prankster|Tailwind,Encore,FakeTears,Moonblast|||F|||50|,,,,,Dark]Sneasler||FocusSash|PoisonTouch|Protect,CloseCombat,DireClaw,ThroatChop|||M|||50|,,,,,Dark]Basculegion||ChoiceScarf|Adaptability|LastRespects,WaveCrash,AquaJet,FlipTurn|||M|||50|,,,,,Ghost]Hydreigon||ChoiceSpecs|Levitate|DarkPulse,DracoMeteor,Snarl,HeatWave|||F|||50|,,,,,Fire]Magmar||Eviolite|VitalSpirit|Protect,FollowMe,HeatWave,Taunt|||F|||50|,,,,,Water
|inactive|Battle timer is ON: inactive players will automatically lose when time's up. (requested by afkahaoai)
|inactive|afkahaoai has 60 seconds left.
|inactive|sorecruiser has 60 seconds left.
|inactive|afkahaoai has 30 seconds left.
|inactive|sorecruiser has 30 seconds left.
|inactive|afkahaoai has 20 seconds left.
|inactive|sorecruiser has 20 seconds left.
|inactive|afkahaoai has 15 seconds left.
|inactive|sorecruiser has 15 seconds left.
|inactive|afkahaoai has 10 seconds left.
|inactive|sorecruiser has 10 seconds left.
|
|t:|1756923771
|teamsize|p1|4
|teamsize|p2|4
|start
|switch|p1a: Dragonite|Dragonite, L50, F|100/100
|switch|p1b: Ninetales|Ninetales-Alola, L50, F|100/100
|switch|p2a: Sneasler|Sneasler, L50, M|100/100
|switch|p2b: Hydreigon|Hydreigon, L50, F|100/100
|-weather|Snowscape|[from] ability: Snow Warning|[of] p1b: Ninetales
|turn|1
|inactive|afkahaoai has 30 seconds left.
|
|t:|1756923803
|-terastallize|p2b: Hydreigon|Fire
|-terastallize|p1a: Dragonite|Fairy
|move|p1b: Ninetales|Protect|p1b: Ninetales
|-singleturn|p1b: Ninetales|Protect
|move|p2a: Sneasler|Protect|p2a: Sneasler
|-singleturn|p2a: Sneasler|Protect
|move|p2b: Hydreigon|Heat Wave|p1b: Ninetales|[spread] p1a
|-activate|p1b: Ninetales|move: Protect
|-damage|p1a: Dragonite|75/100
|move|p1a: Dragonite|Scale Shot|p2b: Hydreigon|[miss]
|-miss|p1a: Dragonite|p2b: Hydreigon
|
|-weather|Snowscape|[upkeep]
|upkeep
|turn|2
|inactive|afkahaoai has 30 seconds left.
|
|t:|1756923829
|move|p1b: Ninetales|Aurora Veil|p1b: Ninetales
|-sidestart|p1: afkahaoai|move: Aurora Veil
|move|p2a: Sneasler|Dire Claw|p1b: Ninetales
|-supereffective|p1b: Ninetales
|-crit|p1b: Ninetales
|-damage|p1b: Ninetales|0 fnt
|faint|p1b: Ninetales
|move|p2b: Hydreigon|Heat Wave|p1a: Dragonite|[miss]
|-miss|p2b: Hydreigon|p1a: Dragonite
|move|p1a: Dragonite|Tailwind|p1a: Dragonite
|-sidestart|p1: afkahaoai|move: Tailwind
|
|-weather|Snowscape|[upkeep]
|upkeep
|
|t:|1756923843
|switch|p1b: Typhlosion|Typhlosion-Hisui, L50, F|100/100
|-item|p2a: Sneasler|Focus Sash|[from] ability: Frisk|[of] p1b: Typhlosion
|-item|p2b: Hydreigon|Choice Specs|[from] ability: Frisk|[of] p1b: Typhlosion
|turn|3
|c|â˜†sorecruiser|you may as well run Blaze at that point
|inactive|afkahaoai has 30 seconds left.
|c|â˜†sorecruiser|Frisk is useless in OTS
|inactive|afkahaoai has 20 seconds left.
|inactive|afkahaoai has 15 seconds left.
|inactive|afkahaoai has 10 seconds left.
|inactive|afkahaoai has 5 seconds left.
|
|t:|1756923894
|switch|p2a: Whimsicott|Whimsicott, L50, F|100/100
|move|p1b: Typhlosion|Eruption|p2b: Hydreigon|[spread] p2a,p2b
|-supereffective|p2a: Whimsicott
|-resisted|p2b: Hydreigon
|-damage|p2a: Whimsicott|0 fnt
|-damage|p2b: Hydreigon|59/100
|faint|p2a: Whimsicott
|move|p1a: Dragonite|Scale Shot|p2b: Hydreigon
|-damage|p2b: Hydreigon|42/100
|-damage|p2b: Hydreigon|24/100
|-damage|p2b: Hydreigon|6/100
|-damage|p2b: Hydreigon|0 fnt
|faint|p2b: Hydreigon
|-hitcount|p2: Hydreigon|4
|-unboost|p1a: Dragonite|def|1
|-boost|p1a: Dragonite|spe|1
|
|-weather|Snowscape|[upkeep]
|upkeep
|
|t:|1756923903
|switch|p2a: Basculegion|Basculegion, L50, M|100/100
|switch|p2b: Sneasler|Sneasler, L50, M|100/100
|turn|4
|
|t:|1756923928
|move|p1b: Typhlosion|Protect|p1b: Typhlosion
|-singleturn|p1b: Typhlosion|Protect
|move|p2b: Sneasler|Protect|p2b: Sneasler
|-singleturn|p2b: Sneasler|Protect
|move|p1a: Dragonite|Scale Shot|p2a: Basculegion
|-damage|p2a: Basculegion|82/100
|-damage|p2a: Basculegion|64/100
|-damage|p2a: Basculegion|43/100
|-damage|p2a: Basculegion|24/100
|-hitcount|p2a: Basculegion|4
|-unboost|p1a: Dragonite|def|1
|-boost|p1a: Dragonite|spe|1
|move|p2a: Basculegion|Wave Crash|p1b: Typhlosion
|-activate|p1b: Typhlosion|move: Protect
|
|-weather|Snowscape|[upkeep]
|upkeep
|turn|5
|
|t:|1756923949
|move|p1a: Dragonite|Scale Shot|p2a: Basculegion
|-damage|p2a: Basculegion|4/100
|-damage|p2a: Basculegion|0 fnt
|faint|p2a: Basculegion
|-hitcount|p2: Basculegion|2
|-unboost|p1a: Dragonite|def|1
|-boost|p1a: Dragonite|spe|1
|move|p1b: Typhlosion|Eruption|p2b: Sneasler
|-enditem|p2b: Sneasler|Focus Sash
|-damage|p2b: Sneasler|1/100
|move|p2b: Sneasler|Dire Claw|p1a: Dragonite
|-supereffective|p1a: Dragonite
|-damage|p1a: Dragonite|0 fnt
|faint|p1a: Dragonite
|
|-weather|none
|-sideend|p1: afkahaoai|move: Tailwind
|upkeep
|
|t:|1756923961
|switch|p1a: Serperior|Serperior, L50, F|100/100
|turn|6
|
|t:|1756923966
|move|p2b: Sneasler|Throat Chop|p1b: Typhlosion
|-supereffective|p1b: Typhlosion
|-damage|p1b: Typhlosion|41/100
|-start|p1b: Typhlosion|Throat Chop|[silent]
|-status|p1b: Typhlosion|psn|[from] ability: Poison Touch|[of] p2b: Sneasler
|move|p1b: Typhlosion|Infernal Parade|p2b: Sneasler
|-damage|p2b: Sneasler|0 fnt
|faint|p2b: Sneasler
|
|win|afkahaoai
