|j|☆Cucaro macaro
|j|☆AbadanRiyi92
|html|Cucaro macaroAbadanRiyi92    
|uhtml|bestof|Game 2 of a best-of-3
|t:|1784944384
|gametype|doubles
|player|p1|Cucaro macaro|giovanni|1133
|player|p2|AbadanRiyi92|colress|1215
|gen|9
|tier|[Gen 9 Champions] VGC 2026 Reg M-B (Bo3)
|rated|
|rule|Species Clause: Limit one of each Pokémon
|rule|Item Clause: Limit 1 of each item
|clearpoke
|poke|p1|Alakazam, L50, M|
|poke|p1|Corviknight, L50, F|
|poke|p1|Meowscarada, L50, F|
|poke|p1|Sneasler, L50, F, shiny|
|poke|p1|Arcanine-Hisui, L50, F|
|poke|p1|Primarina, L50, M, shiny|
|poke|p2|Gengar, L50, F, shiny|
|poke|p2|Maushold-Four, L50|
|poke|p2|Annihilape, L50, F|
|poke|p2|Incineroar, L50, F|
|poke|p2|Politoed, L50, M, shiny|
|poke|p2|Archaludon, L50, F|
|teampreview|4
|showteam|p1|Alakazam||Alakazite|InnerFocus|Psychic,NastyPlot,DazzlingGleam,Protect|Timid||M|||50|]Corviknight||Leftovers|Pressure|Tailwind,Protect,BraveBird,BodyPress|Impish||F|||50|]Meowscarada||FocusSash|Overgrow|Protect,FlowerTrick,KnockOff,SuckerPunch|Jolly||F|||50|]Sneasler||WhiteHerb|Unburden|Protect,FakeOut,DireClaw,CloseCombat|Adamant||F|||50|]Arcanine-Hisui||ChopleBerry|Intimidate|ExtremeSpeed,FlareBlitz,RockSlide,Protect|Jolly||F|||50|]Primarina||BrightPowder|LiquidVoice|HyperVoice,Moonblast,Protect,Amnesia|Calm||M|||50|
|showteam|p2|Gengar||Gengarite|CursedBody|ShadowBall,Disable,PerishSong,Protect|Timid||F|||50|]Maushold-Four||FocusSash|FriendGuard|FollowMe,Encore,BeatUp,Protect|Jolly|||||50|]Annihilape||RoseliBerry|Defiant|RageFist,CloseCombat,Encore,Protect|Jolly||F|||50|]Incineroar||PasshoBerry|Blaze|PartingShot,ThroatChop,Protect,FakeOut|Sassy||F|||50|]Politoed||SitrusBerry|Drizzle|WeatherBall,Encore,PerishSong,Protect|Calm||M|||50|]Archaludon||Leftovers|Stamina|DragonPulse,FlashCannon,ElectroShot,Protect|Bold||F|||50|
|inactive|Battle timer is ON: inactive players will automatically lose when time's up. (requested by Cucaro macaro)
|
|t:|1784944395
|teamsize|p1|4
|teamsize|p2|4
|start
|switch|p1a: Sneasler|Sneasler, L50, F, shiny|100/100
|switch|p1b: Meowscarada|Meowscarada, L50, F|100/100
|switch|p2a: Maushold|Maushold-Four, L50|100/100
|switch|p2b: Annihilape|Annihilape, L50, F|100/100
|turn|1
|inactive|AbadanRiyi92 has 30 seconds left.
|
|t:|1784944424
|move|p2a: Maushold|Protect|p2a: Maushold
|-singleturn|p2a: Maushold|Protect
|move|p2b: Annihilape|Protect|p2b: Annihilape
|-singleturn|p2b: Annihilape|Protect
|move|p1a: Sneasler|Fake Out|p2a: Maushold
|-activate|p2a: Maushold|move: Protect
|move|p1b: Meowscarada|Flower Trick|p2b: Annihilape
|-activate|p2b: Annihilape|move: Protect
|
|upkeep
|turn|2
|inactive|AbadanRiyi92 has 30 seconds left.
|
|t:|1784944453
|switch|p2b: Archaludon|Archaludon, L50, F|100/100
|move|p1a: Sneasler|Protect|p1a: Sneasler
|-singleturn|p1a: Sneasler|Protect
|move|p1b: Meowscarada|Knock Off|p2a: Maushold
|-damage|p2a: Maushold|46/100
|-enditem|p2a: Maushold|Focus Sash|[from] move: Knock Off|[of] p1b: Meowscarada
|move|p2a: Maushold|Encore|p1a: Sneasler
|-activate|p1a: Sneasler|move: Protect
|
|upkeep
|turn|3
|
|t:|1784944473
|move|p1b: Meowscarada|Flower Trick|p2a: Maushold
|-crit|p2a: Maushold
|-damage|p2a: Maushold|0 fnt
|faint|p2a: Maushold
|move|p1a: Sneasler|Close Combat|p2b: Archaludon
|-supereffective|p2b: Archaludon|1
|-damage|p2b: Archaludon|13/100
|-unboost|p1a: Sneasler|def|1
|-unboost|p1a: Sneasler|spd|1
|-ability|p2b: Archaludon|Stamina|boost
|-boost|p2b: Archaludon|def|1
|-enditem|p1a: Sneasler|White Herb
|-clearnegativeboost|p1a: Sneasler|[silent]
|move|p2b: Archaludon|Flash Cannon|p1b: Meowscarada
|-damage|p1b: Meowscarada|52/100
|
|-heal|p2b: Archaludon|19/100|[from] item: Leftovers
|upkeep
|
|t:|1784944492
|switch|p2a: Annihilape|Annihilape, L50, F|100/100
|turn|4
|inactive|AbadanRiyi92 has 30 seconds left.
|
|t:|1784944525
|move|p2b: Archaludon|Protect|p2b: Archaludon
|-singleturn|p2b: Archaludon|Protect
|move|p1a: Sneasler|Close Combat|p2b: Archaludon
|-activate|p2b: Archaludon|move: Protect
|move|p1b: Meowscarada|Flower Trick|p2a: Annihilape
|-crit|p2a: Annihilape
|-damage|p2a: Annihilape|46/100
|move|p2a: Annihilape|Close Combat|p1b: Meowscarada
|-supereffective|p1b: Meowscarada|1
|-damage|p1b: Meowscarada|0 fnt
|-unboost|p2a: Annihilape|def|1
|-unboost|p2a: Annihilape|spd|1
|faint|p1b: Meowscarada
|
|-heal|p2b: Archaludon|25/100|[from] item: Leftovers
|upkeep
|
|t:|1784944548
|switch|p1b: Alakazam|Alakazam, L50, M|100/100
|turn|5
|inactive|AbadanRiyi92 has 30 seconds left.
|
|t:|1784944575
|switch|p2b: Politoed|Politoed, L50, M, shiny|100/100
|-weather|RainDance|[from] ability: Drizzle|[of] p2b: Politoed
|detailschange|p1b: Alakazam|Alakazam-Mega, L50, M
|-mega|p1b: Alakazam|Alakazam|Alakazite
|-ability|p1b: Alakazam|Defiant|Trace|[from] ability: Trace|[of] p2a: Annihilape
|move|p1a: Sneasler|Close Combat|p2b: Politoed
|-damage|p2b: Politoed|38/100
|-unboost|p1a: Sneasler|def|1
|-unboost|p1a: Sneasler|spd|1
|-enditem|p2b: Politoed|Sitrus Berry|[eat]
|-heal|p2b: Politoed|63/100|[from] item: Sitrus Berry
|move|p1b: Alakazam|Dazzling Gleam|p2b: Politoed|[spread] p2a,p2b
|-supereffective|p2a: Annihilape|1
|-enditem|p2a: Annihilape|Roseli Berry|[eat]
|-enditem|p2a: Annihilape|Roseli Berry|[weaken]
|-damage|p2a: Annihilape|9/100
|-damage|p2b: Politoed|46/100
|move|p2a: Annihilape|Rage Fist|p1b: Alakazam
|-supereffective|p1b: Alakazam|1
|-damage|p1b: Alakazam|0 fnt
|faint|p1b: Alakazam
|
|-weather|RainDance|[upkeep]
|upkeep
|inactive|Cucaro macaro has 30 seconds left.
|
|t:|1784944600
|switch|p1b: Primarina|Primarina, L50, M, shiny|100/100
|turn|6
|inactive|AbadanRiyi92 has 30 seconds left.
|inactive|AbadanRiyi92 has 20 seconds left.
|inactive|AbadanRiyi92 has 15 seconds left.
|
|t:|1784944641
|move|p1a: Sneasler|Dire Claw|p2a: Annihilape
|-resisted|p2a: Annihilape|1
|-damage|p2a: Annihilape|0 fnt
|faint|p2a: Annihilape
|move|p2b: Politoed|Weather Ball|p1b: Primarina
|-resisted|p1b: Primarina|1
|-damage|p1b: Primarina|83/100
|move|p1b: Primarina|Moonblast|p2b: Politoed
|-damage|p2b: Politoed|14/100
|
|-weather|RainDance|[upkeep]
|upkeep
|
|t:|1784944652
|switch|p2a: Archaludon|Archaludon, L50, F|25/100
|turn|7
|l|☆Cucaro macaro
|inactive|Cucaro macaro disconnected and has a minute to reconnect!
|player|p1|
|inactive|Cucaro macaro has 30 seconds left.
|inactive|Cucaro macaro has 20 seconds left.
|inactive|Cucaro macaro has 15 seconds left.
|inactive|Cucaro macaro has 10 seconds left.
|inactive|Cucaro macaro has 5 seconds left.
|-message|Cucaro macaro lost due to inactivity.
|
|win|AbadanRiyi92
|raw|Cucaro macaro's rating: 1133 → 1114(-19 for losing)
|raw|AbadanRiyi92's rating: 1215 → 1234(+19 for winning)
