|j|☆merakychampionsmb
|j|☆SHOMA_WIN
|html|merakychampionsmbSHOMA_WIN    
|uhtml|bestof|Game 1 of a best-of-3
|t:|1782302771
|gametype|doubles
|player|p1|merakychampionsmb|winona|1355
|player|p2|SHOMA_WIN|scientist|1406
|gen|9
|tier|[Gen 9 Champions] VGC 2026 Reg M-B (Bo3)
|rated|
|rule|Species Clause: Limit one of each Pokémon
|rule|Item Clause: Limit 1 of each item
|clearpoke
|poke|p1|Delphox, L50, F|
|poke|p1|Sinistcha, L50|
|poke|p1|Incineroar, L50, M|
|poke|p1|Staraptor, L50, M|
|poke|p1|Grimmsnarl, L50, M|
|poke|p1|Garchomp, L50, F|
|poke|p2|Aerodactyl, L50, F|
|poke|p2|Garchomp, L50, M|
|poke|p2|Kingambit, L50, F|
|poke|p2|Charizard, L50, F|
|poke|p2|Sylveon, L50, F|
|poke|p2|Farigiraf, L50, M|
|teampreview|4
|showteam|p1|Delphox||Delphoxite|Blaze|HeatWave,Psyshock,NastyPlot,Protect|Timid||F|||50|]Sinistcha||KasibBerry|Hospitality|MatchaGotcha,TrickRoom,RagePowder,Protect|Calm|||||50|]Incineroar||SitrusBerry|Intimidate|FlareBlitz,DarkestLariat,FakeOut,PartingShot|Careful||M|||50|]Staraptor||Staraptite|Intimidate|CloseCombat,BraveBird,Roost,Protect|Jolly||M|||50|]Grimmsnarl||LightClay|Prankster|FoulPlay,Reflect,LightScreen,PartingShot|Calm||M|||50|]Garchomp||LifeOrb|RoughSkin|Earthquake,RockSlide,DragonClaw,Protect|Adamant||F|||50|
|showteam|p2|Aerodactyl||Aerodactylite|Unnerve|IceFang,RockSlide,Tailwind,DualWingbeat|Jolly||F|||50|]Garchomp||LifeOrb|RoughSkin|DragonClaw,StompingTantrum,Earthquake,Protect|Jolly||M|||50|]Kingambit||FocusSash|Defiant|SuckerPunch,KowtowCleave,IronHead,LowKick|Adamant||F|||50|]Charizard||CharizarditeY|Blaze|Protect,WeatherBall,HeatWave,SolarBeam|Modest||F|||50|]Sylveon||FairyFeather|Pixilate|Protect,HyperVoice,HyperBeam,QuickAttack|Modest||F|||50|]Farigiraf||SitrusBerry|ArmorTail|TrickRoom,Thunderbolt,Roar,TwinBeam|Bold||M|||50|
|inactive|Battle timer is ON: inactive players will automatically lose when time's up. (requested by merakychampionsmb)
|inactive|merakychampionsmb has 60 seconds left.
|inactive|SHOMA_WIN has 60 seconds left.
|inactive|SHOMA_WIN has 30 seconds left.
|
|t:|1782302838
|teamsize|p1|4
|teamsize|p2|4
|start
|switch|p1a: Staraptor|Staraptor, L50, M|100/100
|switch|p1b: Grimmsnarl|Grimmsnarl, L50, M|100/100
|switch|p2a: Aerodactyl|Aerodactyl, L50, F|100/100
|switch|p2b: Sylveon|Sylveon, L50, F|100/100
|-ability|p2a: Aerodactyl|Unnerve
|-ability|p1a: Staraptor|Intimidate|boost
|-unboost|p2a: Aerodactyl|atk|1
|-unboost|p2b: Sylveon|atk|1
|turn|1
|inactive|merakychampionsmb has 30 seconds left.
|inactive|merakychampionsmb has 20 seconds left.
|inactive|merakychampionsmb has 15 seconds left.
|inactive|SHOMA_WIN has 30 seconds left.
|inactive|merakychampionsmb has 10 seconds left.
|
|t:|1782302888
|detailschange|p2a: Aerodactyl|Aerodactyl-Mega, L50, F
|-mega|p2a: Aerodactyl|Aerodactyl|Aerodactylite
|detailschange|p1a: Staraptor|Staraptor-Mega, L50, M
|-mega|p1a: Staraptor|Staraptor|Staraptite
|move|p1b: Grimmsnarl|Parting Shot|p1a: Staraptor
|-boost|p1a: Staraptor|atk|1
|-boost|p1a: Staraptor|spa|1
|
|t:|1782302894
|switch|p1b: Sinistcha|Sinistcha, L50|100/100|[from] Parting Shot
|move|p2a: Aerodactyl|Tailwind|p2a: Aerodactyl
|-sidestart|p2: SHOMA_WIN|move: Tailwind
|move|p1a: Staraptor|Brave Bird|p2b: Sylveon
|-damage|p2b: Sylveon|0 fnt
|faint|p2b: Sylveon
|-damage|p1a: Staraptor|64/100|[from] Recoil
|
|upkeep
|
|t:|1782302913
|switch|p2b: Kingambit|Kingambit, L50, F|100/100
|turn|2
|inactive|merakychampionsmb has 30 seconds left.
|
|t:|1782302941
|switch|p1b: Grimmsnarl|Grimmsnarl, L50, M|100/100
|move|p1a: Staraptor|Protect|p1a: Staraptor
|-singleturn|p1a: Staraptor|Protect
|move|p2a: Aerodactyl|Rock Slide|p1a: Staraptor|[spread] p1b
|-activate|p1a: Staraptor|move: Protect
|-damage|p1b: Grimmsnarl|80/100
|move|p2b: Kingambit|Kowtow Cleave|p1b: Grimmsnarl
|-resisted|p1b: Grimmsnarl|2
|-damage|p1b: Grimmsnarl|65/100
|
|upkeep
|turn|3
|
|t:|1782302954
|move|p1b: Grimmsnarl|Reflect|p1b: Grimmsnarl
|-sidestart|p1: merakychampionsmb|Reflect
|move|p2a: Aerodactyl|Dual Wingbeat|p1a: Staraptor
|-supereffective|p1a: Staraptor|1
|-damage|p1a: Staraptor|38/100
|-supereffective|p1a: Staraptor|1
|-damage|p1a: Staraptor|14/100
|-hitcount|p1a: Staraptor|2
|move|p2b: Kingambit|Iron Head|p1a: Staraptor
|-damage|p1a: Staraptor|0 fnt
|faint|p1a: Staraptor
|
|upkeep
|
|t:|1782302965
|switch|p1a: Garchomp|Garchomp, L50, F|100/100
|turn|4
|
|t:|1782302984
|move|p1b: Grimmsnarl|Parting Shot|p2a: Aerodactyl
|-unboost|p2a: Aerodactyl|atk|1
|-unboost|p2a: Aerodactyl|spa|1
|
|t:|1782302987
|switch|p1b: Sinistcha|Sinistcha, L50|100/100|[from] Parting Shot
|move|p2a: Aerodactyl|Rock Slide|p1a: Garchomp|[spread] p1a,p1b
|-resisted|p1a: Garchomp|1
|-damage|p1a: Garchomp|95/100
|-damage|p1b: Sinistcha|91/100
|move|p2b: Kingambit|Iron Head|p1b: Sinistcha
|-damage|p1b: Sinistcha|64/100
|cant|p1a: Garchomp|flinch
|
|-sideend|p2: SHOMA_WIN|move: Tailwind
|upkeep
|turn|5
|
|t:|1782303004
|switch|p2a: Garchomp|Garchomp, L50, M|100/100
|move|p1a: Garchomp|Earthquake|p2a: Garchomp|[spread] p1b,p2a,p2b
|-resisted|p1b: Sinistcha|1
|-supereffective|p2b: Kingambit|1
|-damage|p1b: Sinistcha|47/100
|-damage|p2a: Garchomp|50/100g
|-damage|p2b: Kingambit|1/100
|-damage|p1a: Garchomp|85/100|[from] item: Life Orb
|move|p2b: Kingambit|Kowtow Cleave|p1b: Sinistcha
|-supereffective|p1b: Sinistcha|1
|-damage|p1b: Sinistcha|0 fnt
|faint|p1b: Sinistcha
|
|upkeep
|
|t:|1782303013
|switch|p1b: Grimmsnarl|Grimmsnarl, L50, M|65/100
|turn|6
|
|t:|1782303033
|move|p2a: Garchomp|Protect|p2a: Garchomp
|-singleturn|p2a: Garchomp|Protect
|move|p2b: Kingambit|Sucker Punch|p1a: Garchomp
|-damage|p1a: Garchomp|60/100
|-damage|p2b: Kingambit|0 fnt|[from] ability: Rough Skin|[of] p1a: Garchomp
|faint|p2b: Kingambit
|move|p1a: Garchomp|Dragon Claw|p2a: Garchomp
|-activate|p2a: Garchomp|move: Protect
|move|p1b: Grimmsnarl|Foul Play|p2a: Garchomp
|-activate|p2a: Garchomp|move: Protect
|
|upkeep
|
|t:|1782303038
|switch|p2b: Aerodactyl|Aerodactyl-Mega, L50, F|100/100
|turn|7
|
|t:|1782303051
|move|p1a: Garchomp|Protect|p1a: Garchomp
|-singleturn|p1a: Garchomp|Protect
|move|p2b: Aerodactyl|Ice Fang|p1a: Garchomp
|-activate|p1a: Garchomp|move: Protect
|move|p2a: Garchomp|Stomping Tantrum|p1b: Grimmsnarl
|-damage|p1b: Grimmsnarl|25/100
|-damage|p2a: Garchomp|40/100|[from] item: Life Orb
|move|p1b: Grimmsnarl|Foul Play|p2a: Garchomp
|-damage|p2a: Garchomp|0 fnt
|-damage|p1b: Grimmsnarl|12/100|[from] ability: Rough Skin|[of] p2a: Garchomp
|faint|p2a: Garchomp
|
|upkeep
|turn|8
|
|t:|1782303073
|move|p1a: Garchomp|Protect||[still]
|-fail|p1a: Garchomp
|move|p2b: Aerodactyl|Rock Slide|p1b: Grimmsnarl|[spread] p1a,p1b
|-resisted|p1a: Garchomp|1
|-damage|p1a: Garchomp|52/100
|-damage|p1b: Grimmsnarl|0 fnt
|faint|p1b: Grimmsnarl
|
|upkeep
|turn|9
|
|t:|1782303082
|move|p2b: Aerodactyl|Ice Fang|p1a: Garchomp
|-supereffective|p1a: Garchomp|2
|-damage|p1a: Garchomp|0 fnt
|-damage|p2b: Aerodactyl|87/100|[from] ability: Rough Skin|[of] p1a: Garchomp
|faint|p1a: Garchomp
|
|win|SHOMA_WIN
||merakychampionsmb is ready for game 2.
