|j|☆superboy245
|j|☆8_Wcaryl_8
|html|superboy2458_Wcaryl_8    
|uhtml|bestof|Game 1 of a best-of-3
|t:|1782259328
|gametype|doubles
|player|p1|superboy245|buck|1101
|player|p2|8_Wcaryl_8|psychic-gen4|1000
|gen|9
|tier|[Gen 9 Champions] VGC 2026 Reg M-B (Bo3)
|rated|
|rule|Species Clause: Limit one of each Pokémon
|rule|Item Clause: Limit 1 of each item
|clearpoke
|poke|p1|Raichu, L50, M|
|poke|p1|Whimsicott, L50, F|
|poke|p1|Ninetales-Alola, L50, F|
|poke|p1|Scrafty, L50, M|
|poke|p1|Gholdengo, L50|
|poke|p1|Gliscor, L50, M|
|poke|p2|Charizard, L50, F|
|poke|p2|Venusaur, L50, M|
|poke|p2|Garchomp, L50, F|
|poke|p2|Whimsicott, L50, F|
|poke|p2|Milotic, L50, M|
|poke|p2|Scizor, L50, F|
|teampreview|4
|showteam|p1|Raichu||RaichuniteX|LightningRod|FakeOut,AlluringVoice,RisingVoltage,Protect|Timid||M|||50|]Whimsicott||CobaBerry|Prankster|Moonblast,Tailwind,Encore,Protect|Bold||F|||50|]Ninetales-Alola||FocusSash|SnowWarning|Blizzard,AuroraVeil,Moonblast,Protect|Timid||F|||50|]Scrafty||Scraftinite|Intimidate|FakeOut,KnockOff,CloseCombat,Protect|Adamant||M|||50|]Gholdengo||LifeOrb|GoodasGold|MakeItRain,ShadowBall,NastyPlot,Protect|Timid|||||50|]Gliscor||Leftovers|HyperCutter|Tailwind,BreakingSwipe,HighHorsepower,Protect|Jolly||M|||50|
|showteam|p2|Charizard||CharizarditeY|SolarPower|HeatWave,Protect,WeatherBall,SolarBeam|Timid||F|||50|]Venusaur||FocusSash|Chlorophyll|SludgeBomb,SleepPowder,Protect,SolarBeam|Modest||M|||50|]Garchomp||ChoiceScarf|RoughSkin|Earthquake,RockSlide,DragonClaw,ShadowClaw|Adamant||F|||50|]Whimsicott||SitrusBerry|Prankster|Tailwind,Moonblast,Encore,SunnyDay|Bold||F|||50|]Milotic||Leftovers|Competitive|Scald,IcyWind,LifeDew,Protect|Bold||M|||50|]Scizor||Scizorite|Technician|BulletPunch,Trailblaze,Pounce,SwordsDance|Adamant||F|||50|
|inactive|Battle timer is ON: inactive players will automatically lose when time's up. (requested by 8_Wcaryl_8)
|c|☆8_Wcaryl_8|Hi!!!!!
|c|☆superboy245|Hi
|c|☆superboy245|Gimme a sec
|inactive|superboy245 has 60 seconds left.
|c|☆8_Wcaryl_8|ok no prob!
|inactiveoff|Battle timer is now OFF.
|
|t:|1782259401
|teamsize|p1|4
|teamsize|p2|4
|start
|switch|p1a: Whimsicott|Whimsicott, L50, F|100/100
|switch|p1b: Raichu|Raichu, L50, M|100/100
|switch|p2a: Charizard|Charizard, L50, F|100/100
|switch|p2b: Whimsicott|Whimsicott, L50, F|100/100
|turn|1
|
|t:|1782259422
|detailschange|p1b: Raichu|Raichu-Mega-X, L50, M
|-mega|p1b: Raichu|Raichu|Raichunite X
|-fieldstart|move: Electric Terrain|[from] ability: Electric Surge|[of] p1b: Raichu
|detailschange|p2a: Charizard|Charizard-Mega-Y, L50, F
|-mega|p2a: Charizard|Charizard|Charizardite Y
|-weather|SunnyDay|[from] ability: Drought|[of] p2a: Charizard
|move|p2a: Charizard|Protect|p2a: Charizard
|-singleturn|p2a: Charizard|Protect
|move|p1a: Whimsicott|Tailwind|p1a: Whimsicott
|-sidestart|p1: superboy245|move: Tailwind
|move|p2b: Whimsicott|Tailwind|p2b: Whimsicott
|-sidestart|p2: 8_Wcaryl_8|move: Tailwind
|move|p1b: Raichu|Rising Voltage|p2b: Whimsicott
|-hint|Rising Voltage's BP doubled on grounded target.
|-resisted|p2b: Whimsicott|1
|-damage|p2b: Whimsicott|47/100
|-enditem|p2b: Whimsicott|Sitrus Berry|[eat]
|-heal|p2b: Whimsicott|72/100|[from] item: Sitrus Berry
|
|-weather|SunnyDay|[upkeep]
|upkeep
|turn|2
|
|t:|1782259487
|switch|p2a: Garchomp|Garchomp, L50, F|100/100
|move|p1a: Whimsicott|Encore|p2b: Whimsicott
|-start|p2b: Whimsicott|Encore
|move|p2b: Whimsicott|Tailwind||[still]
|-fail|p2b: Whimsicott
|move|p1b: Raichu|Rising Voltage|p2a: Garchomp
|-immune|p2a: Garchomp
|
|-weather|SunnyDay|[upkeep]
|upkeep
|turn|3
|c|☆superboy245|53 and resisted is crazy
|
|t:|1782259509
|switch|p1b: Scrafty|Scrafty, L50, M|100/100
|-ability|p1b: Scrafty|Intimidate|boost
|-unboost|p2a: Garchomp|atk|1
|-unboost|p2b: Whimsicott|atk|1
|switch|p2b: Venusaur|Venusaur, L50, M|100/100
|move|p2a: Garchomp|Earthquake|p1b: Scrafty|[spread] p2b,p1a,p1b
|-resisted|p1a: Whimsicott|1
|-damage|p2b: Venusaur|59/100
|-damage|p1a: Whimsicott|86/100
|-damage|p1b: Scrafty|75/100
|move|p1a: Whimsicott|Moonblast|p2a: Garchomp
|-supereffective|p2a: Garchomp|1
|-damage|p2a: Garchomp|37/100
|
|-weather|SunnyDay|[upkeep]
|upkeep
|turn|4
|
|t:|1782259540
|switch|p2a: Charizard|Charizard-Mega-Y, L50, F|100/100
|move|p1b: Scrafty|Fake Out|p2b: Venusaur
|-damage|p2b: Venusaur|44/100
|cant|p2b: Venusaur|flinch
|move|p1a: Whimsicott|Moonblast|p2a: Charizard
|-resisted|p2a: Charizard|1
|-damage|p2a: Charizard|86/100
|
|-weather|SunnyDay|[upkeep]
|-sideend|p2: 8_Wcaryl_8|move: Tailwind
|-sideend|p1: superboy245|move: Tailwind
|upkeep
|turn|5
|c|☆8_Wcaryl_8|I goofed lolll
|c|☆superboy245|Haplesn
|c|☆superboy245|Happens*
|
|t:|1782259580
|switch|p1a: Ninetales|Ninetales-Alola, L50, F|100/100
|-weather|Snowscape|[from] ability: Snow Warning|[of] p1a: Ninetales
|move|p2a: Charizard|Heat Wave|p1a: Ninetales|[spread] p1a,p1b
|-supereffective|p1a: Ninetales|1
|-enditem|p1a: Ninetales|Focus Sash
|-damage|p1a: Ninetales|1/100
|-damage|p1b: Scrafty|32/100
|-status|p1a: Ninetales|brn
|move|p2b: Venusaur|Solar Beam||[still]
|-prepare|p2b: Venusaur|Solar Beam
|move|p1b: Scrafty|Knock Off|p2a: Charizard
|-damage|p2a: Charizard|41/100
|
|-weather|Snowscape|[upkeep]
|-damage|p1a: Ninetales|0 fnt|[from] brn
|faint|p1a: Ninetales
|-fieldend|move: Electric Terrain
|upkeep
|
|t:|1782259599
|switch|p1a: Raichu|Raichu-Mega-X, L50, M|100/100
|-fieldstart|move: Electric Terrain|[from] ability: Electric Surge|[of] p1a: Raichu
|turn|6
|
|t:|1782259630
|switch|p2a: Garchomp|Garchomp, L50, F|37/100
|switch|p1b: Whimsicott|Whimsicott, L50, F|86/100
|move|p1a: Raichu|Fake Out|p2b: Venusaur
|-damage|p2b: Venusaur|29/100
|cant|p2b: Venusaur|flinch
|
|-weather|Snowscape|[upkeep]
|upkeep
|turn|7
|
|t:|1782259662
|switch|p2b: Charizard|Charizard-Mega-Y, L50, F|41/100
|-weather|SunnyDay|[from] ability: Drought|[of] p2b: Charizard
|move|p1a: Raichu|Protect|p1a: Raichu
|-singleturn|p1a: Raichu|Protect
|move|p1b: Whimsicott|Tailwind|p1b: Whimsicott
|-sidestart|p1: superboy245|move: Tailwind
|move|p2a: Garchomp|Earthquake|p1b: Whimsicott|[spread] p1b
|-activate|p1a: Raichu|move: Protect
|-immune|p2b: Charizard
|-resisted|p1b: Whimsicott|1
|-damage|p1b: Whimsicott|67/100
|
|-weather|SunnyDay|[upkeep]
|upkeep
|turn|8
|
|t:|1782259690
|switch|p2a: Whimsicott|Whimsicott, L50, F|72/100
|move|p1a: Raichu|Rising Voltage|p2b: Charizard
|-supereffective|p2b: Charizard|1
|-damage|p2b: Charizard|0 fnt
|faint|p2b: Charizard
|move|p1b: Whimsicott|Moonblast|p2a: Whimsicott
|-damage|p2a: Whimsicott|36/100
|
|-weather|SunnyDay|[upkeep]
|upkeep
|
|t:|1782259701
|switch|p2b: Garchomp|Garchomp, L50, F|37/100
|turn|9
|
|t:|1782259726
|switch|p1a: Scrafty|Scrafty, L50, M|32/100
|-ability|p1a: Scrafty|Intimidate|boost
|-unboost|p2a: Whimsicott|atk|1
|-unboost|p2b: Garchomp|atk|1
|move|p2a: Whimsicott|Tailwind|p2a: Whimsicott
|-sidestart|p2: 8_Wcaryl_8|move: Tailwind
|move|p2b: Garchomp|Earthquake|p1a: Scrafty|[spread] p2a,p1a,p1b
|-resisted|p2a: Whimsicott|1
|-resisted|p1b: Whimsicott|1
|-damage|p2a: Whimsicott|25/100
|-damage|p1a: Scrafty|8/100
|-damage|p1b: Whimsicott|54/100
|move|p1b: Whimsicott|Moonblast|p2b: Garchomp
|-supereffective|p2b: Garchomp|1
|-damage|p2b: Garchomp|0 fnt
|faint|p2b: Garchomp
|
|-weather|SunnyDay|[upkeep]
|upkeep
|
|t:|1782259741
|switch|p2b: Venusaur|Venusaur, L50, M|29/100
|turn|10
|
|t:|1782259750
|move|p1a: Scrafty|Fake Out|p2b: Venusaur
|-damage|p2b: Venusaur|14/100
|move|p1b: Whimsicott|Encore|p2a: Whimsicott
|-start|p2a: Whimsicott|Encore
|move|p2a: Whimsicott|Tailwind||[still]
|-fail|p2a: Whimsicott
|cant|p2b: Venusaur|flinch
|
|-weather|SunnyDay|[upkeep]
|-sideend|p1: superboy245|move: Tailwind
|-fieldend|move: Electric Terrain
|upkeep
|turn|11
|
|t:|1782259764
|move|p2a: Whimsicott|Tailwind||[still]
|-fail|p2a: Whimsicott
|move|p1b: Whimsicott|Tailwind|p1b: Whimsicott
|-sidestart|p1: superboy245|move: Tailwind
|move|p2b: Venusaur|Sludge Bomb|p1b: Whimsicott
|-supereffective|p1b: Whimsicott|2
|-damage|p1b: Whimsicott|0 fnt
|faint|p1b: Whimsicott
|move|p1a: Scrafty|Knock Off|p2b: Venusaur
|-damage|p2b: Venusaur|0 fnt
|-enditem|p2b: Venusaur|Focus Sash|[from] move: Knock Off|[of] p1a: Scrafty
|faint|p2b: Venusaur
|
|-weather|none
|upkeep
|c|☆superboy245|God maybei  should have scarfed ninetales
|
|t:|1782259780
|switch|p1b: Raichu|Raichu-Mega-X, L50, M|100/100
|-fieldstart|move: Electric Terrain|[from] ability: Electric Surge|[of] p1b: Raichu
|turn|12
|c|☆superboy245|Garchomp is really the only main ground type stopping him
|
|t:|1782259805
|move|p2a: Whimsicott|Tailwind||[still]
|-fail|p2a: Whimsicott
|move|p1b: Raichu|Rising Voltage|p2a: Whimsicott
|-hint|Rising Voltage's BP doubled on grounded target.
|-resisted|p2a: Whimsicott|1
|-damage|p2a: Whimsicott|0 fnt
|faint|p2a: Whimsicott
|
|win|superboy245
||superboy245 is ready for game 2.
|inactive|8_Wcaryl_8 has 30 seconds to confirm battle start!
|l|☆8_Wcaryl_8
|player|p2|
|inactive|8_Wcaryl_8 has 20 seconds to confirm battle start!
|inactive|8_Wcaryl_8 has 9 seconds to confirm battle start!
|uhtml|next|Next: Game 2 of 3
