|j|☆vilan333
|j|☆Aeon_Twins
|html|vilan333Aeon_Twins    
|uhtml|bestof|Game 1 of a best-of-3
|t:|1782675602
|gametype|doubles
|player|p1|vilan333|marshal|1199
|player|p2|Aeon_Twins|n|1352
|gen|9
|tier|[Gen 9 Champions] VGC 2026 Reg M-B (Bo3)
|rated|
|rule|Species Clause: Limit one of each Pokémon
|rule|Item Clause: Limit 1 of each item
|clearpoke
|poke|p1|Farigiraf, L50, M|
|poke|p1|Torkoal, L50, F|
|poke|p1|Annihilape, L50, M|
|poke|p1|Aerodactyl, L50, M|
|poke|p1|Sylveon, L50, M|
|poke|p1|Metagross, L50, shiny|
|poke|p2|Torkoal, L50, F|
|poke|p2|Farigiraf, L50, F|
|poke|p2|Pyroar, L50, F|
|poke|p2|Venusaur, L50, F|
|poke|p2|Aerodactyl, L50, M|
|poke|p2|Garchomp, L50, M|
|teampreview|4
|showteam|p1|Farigiraf||SitrusBerry|ArmorTail|TrickRoom,Protect,Psychic,HelpingHand|Bold||M|||50|]Torkoal||Charcoal|Drought|Eruption,WeatherBall,EarthPower,Protect|Quiet||F|||50|]Annihilape||FocusSash|Defiant|ShadowClaw,CloseCombat,Taunt,Protect|Jolly||M|||50|]Aerodactyl||Aerodactylite|Unnerve|Tailwind,RockSlide,IceFang,DualWingbeat|Jolly||M|||50|]Sylveon||FairyFeather|Pixilate|Detect,HyperVoice,HyperBeam,QuickAttack|Modest||M|||50|]Metagross||Metagrossite|ClearBody|IronHead,PsychicFangs,Protect,StompingTantrum|Jolly|||||50|
|showteam|p2|Torkoal||Charcoal|Drought|Eruption,HeatWave,HelpingHand,Protect|Quiet||F|||50|]Farigiraf||ColburBerry|ArmorTail|Psychic,Thunderbolt,TrickRoom,HelpingHand|Sassy||F|||50|]Pyroar||Pyroarite|Rivalry|Overheat,HyperVoice,HeatWave,Protect|Timid||F|||50|]Venusaur||LifeOrb|Chlorophyll|GigaDrain,EarthPower,SleepPowder,Protect|Timid||F|||50|]Aerodactyl||Aerodactylite|RockHead|RockSlide,DualWingbeat,Tailwind,IceFang|Jolly||M|||50|]Garchomp||SitrusBerry|RoughSkin|RockSlide,DragonClaw,Earthquake,Protect|Jolly||M|||50|
|
|t:|1782675646
|teamsize|p1|4
|teamsize|p2|4
|start
|switch|p1a: Aerodactyl|Aerodactyl, L50, M|100/100
|switch|p1b: Annihilape|Annihilape, L50, M|100/100
|switch|p2a: Farigiraf|Farigiraf, L50, F|100/100
|switch|p2b: Pyroar|Pyroar, L50, F|100/100
|-ability|p1a: Aerodactyl|Unnerve
|turn|1
|inactive|Battle timer is ON: inactive players will automatically lose when time's up. (requested by vilan333)
|inactive|Aeon_Twins has 60 seconds left.
|
|t:|1782675694
|move|p2b: Pyroar|Protect|p2b: Pyroar
|-singleturn|p2b: Pyroar|Protect
|move|p1a: Aerodactyl|Rock Slide|p2b: Pyroar|[spread] p2a
|-activate|p2b: Pyroar|move: Protect
|-damage|p2a: Farigiraf|82/100
|move|p1b: Annihilape|Taunt|p2a: Farigiraf
|-start|p2a: Farigiraf|move: Taunt
|cant|p2a: Farigiraf|move: Taunt|Trick Room
|
|upkeep
|turn|2
|inactive|vilan333 has 30 seconds left.
|
|t:|1782675720
|switch|p2b: Garchomp|Garchomp, L50, M|100/100
|move|p1a: Aerodactyl|Rock Slide|p2b: Garchomp|[spread] p2b
|-miss|p1a: Aerodactyl|p2a: Farigiraf
|-resisted|p2b: Garchomp|1
|-damage|p2b: Garchomp|90/100
|move|p1b: Annihilape|Close Combat|p2b: Garchomp
|-damage|p2b: Garchomp|29/100
|-unboost|p1b: Annihilape|def|1
|-unboost|p1b: Annihilape|spd|1
|-damage|p1b: Annihilape|87/100|[from] ability: Rough Skin|[of] p2b: Garchomp
|move|p2a: Farigiraf|Thunderbolt|p1a: Aerodactyl
|-supereffective|p1a: Aerodactyl|1
|-damage|p1a: Aerodactyl|45/100
|
|upkeep
|turn|3
|inactive|vilan333 has 30 seconds left.
|
|t:|1782675749
|move|p1a: Aerodactyl|Tailwind|p1a: Aerodactyl
|-sidestart|p1: vilan333|move: Tailwind
|move|p1b: Annihilape|Close Combat|p2a: Farigiraf
|-damage|p2a: Farigiraf|33/100
|-unboost|p1b: Annihilape|def|1
|-unboost|p1b: Annihilape|spd|1
|move|p2b: Garchomp|Rock Slide|p1b: Annihilape|[spread] p1a,p1b
|-supereffective|p1a: Aerodactyl|1
|-resisted|p1b: Annihilape|1
|-damage|p1a: Aerodactyl|0 fnt
|-damage|p1b: Annihilape|67/100
|-enditem|p2b: Garchomp|Sitrus Berry|[eat]
|-heal|p2b: Garchomp|54/100|[from] item: Sitrus Berry
|faint|p1a: Aerodactyl
|move|p2a: Farigiraf|Thunderbolt|p1b: Annihilape
|-damage|p1b: Annihilape|16/100
|
|-end|p2a: Farigiraf|move: Taunt
|upkeep
|
|t:|1782675768
|switch|p1a: Sylveon|Sylveon, L50, M|100/100
|turn|4
|
|t:|1782675777
|switch|p1b: Metagross|Metagross, L50, shiny|100/100
|move|p2b: Garchomp|Protect|p2b: Garchomp
|-singleturn|p2b: Garchomp|Protect
|move|p1a: Sylveon|Hyper Voice|p2a: Farigiraf|[spread] p2a
|-activate|p2b: Garchomp|move: Protect
|-damage|p2a: Farigiraf|0 fnt
|faint|p2a: Farigiraf
|
|upkeep
|
|t:|1782675783
|switch|p2a: Torkoal|Torkoal, L50, F|100/100
|-weather|SunnyDay|[from] ability: Drought|[of] p2a: Torkoal
|turn|5
|
|t:|1782675800
|detailschange|p1b: Metagross|Metagross-Mega, L50, shiny
|-mega|p1b: Metagross|Metagross|Metagrossite
|move|p1b: Metagross|Psychic Fangs|p2a: Torkoal
|-damage|p2a: Torkoal|53/100
|move|p1a: Sylveon|Hyper Voice|p2a: Torkoal|[spread] p2a,p2b
|-resisted|p2a: Torkoal|1
|-supereffective|p2b: Garchomp|1
|-damage|p2a: Torkoal|23/100
|-damage|p2b: Garchomp|0 fnt
|faint|p2b: Garchomp
|move|p2a: Torkoal|Eruption|p1b: Metagross|[spread] p1a,p1b
|-supereffective|p1b: Metagross|1
|-damage|p1a: Sylveon|82/100
|-damage|p1b: Metagross|62/100
|
|-weather|SunnyDay|[upkeep]
|upkeep
|
|t:|1782675812
|switch|p2b: Pyroar|Pyroar, L50, F|100/100
|turn|6
|
|t:|1782675822
|move|p2b: Pyroar|Protect|p2b: Pyroar
|-singleturn|p2b: Pyroar|Protect
|move|p2a: Torkoal|Protect|p2a: Torkoal
|-singleturn|p2a: Torkoal|Protect
|move|p1b: Metagross|Stomping Tantrum|p2b: Pyroar
|-activate|p2b: Pyroar|move: Protect
|move|p1a: Sylveon|Hyper Voice|p2b: Pyroar|[spread] 
|-activate|p2a: Torkoal|move: Protect
|-activate|p2b: Pyroar|move: Protect
|
|-weather|SunnyDay|[upkeep]
|-sideend|p1: vilan333|move: Tailwind
|upkeep
|turn|7
|
|t:|1782675838
|detailschange|p2b: Pyroar|Pyroar-Mega, L50, F
|-mega|p2b: Pyroar|Pyroar|Pyroarite
|move|p2a: Torkoal|Helping Hand|p2b: Pyroar
|-singleturn|p2b: Pyroar|Helping Hand|[of] p2a: Torkoal
|move|p2b: Pyroar|Heat Wave|p1a: Sylveon|[spread] p1a
|-miss|p2b: Pyroar|p1b: Metagross
|-crit|p1a: Sylveon
|-damage|p1a: Sylveon|0 fnt
|faint|p1a: Sylveon
|move|p1b: Metagross|Stomping Tantrum|p2b: Pyroar
|-supereffective|p2b: Pyroar|1
|-damage|p2b: Pyroar|15/100
|
|-weather|SunnyDay|[upkeep]
|upkeep
|
|t:|1782675852
|switch|p1a: Annihilape|Annihilape, L50, M|16/100
|turn|8
|
|t:|1782675860
|move|p2a: Torkoal|Helping Hand|p2b: Pyroar
|-singleturn|p2b: Pyroar|Helping Hand|[of] p2a: Torkoal
|move|p2b: Pyroar|Heat Wave|p1a: Annihilape|[spread] p1a,p1b
|-supereffective|p1b: Metagross|1
|-damage|p1a: Annihilape|0 fnt
|-damage|p1b: Metagross|0 fnt
|faint|p1a: Annihilape
|faint|p1b: Metagross
|
|win|Aeon_Twins
||Aeon_Twins is ready for game 2.
|inactive|vilan333 has 30 seconds to confirm battle start!
|l|☆vilan333
|player|p1|
||vilan333 is ready for game 2.
|uhtml|next|Next: Game 2 of 3
