|j|☆Myshirtisdirty
|j|☆ace.bnz
|html|Myshirtisdirtyace.bnz    
|uhtml|bestof|Game 2 of a best-of-3
|t:|1756637175
|gametype|doubles
|player|p1|Myshirtisdirty|170|1049
|player|p2|ace.bnz|alec-anime|1000
|gen|9
|tier|[Gen 9] VGC 2025 Reg H (Bo3)
|rated|
|rule|Species Clause: Limit one of each Pokémon
|rule|Item Clause: Limit 1 of each item
|clearpoke
|poke|p1|Indeedee, L50, M|
|poke|p1|Sneasler, L50, F|
|poke|p1|Incineroar, L50, M|
|poke|p1|Milotic, L50, F|
|poke|p1|Ninetales-Alola, L50, M|
|poke|p1|Garchomp, L50, F|
|poke|p2|Charizard, L50, F|
|poke|p2|Torkoal, L50, M|
|poke|p2|Porygon2, L50|
|poke|p2|Incineroar, L50, M|
|poke|p2|Jumpluff, L50, F|
|poke|p2|Ursaluna, L50, F|
|teampreview|4
|showteam|p1|Indeedee||FocusSash|PsychicSurge|ExpandingForce,TeraBlast,TrickRoom,Protect|||M|||50|,,,,,Fairy]Sneasler||PsychicSeed|Unburden|Protect,CloseCombat,DireClaw,ThroatChop|||F|||50|,,,,,Dark]Incineroar||AssaultVest|Intimidate|FakeOut,FlareBlitz,KnockOff,Uturn|||M|||50|,,,,,Ghost]Milotic||SitrusBerry|Competitive|Scald,LifeDew,Haze,Protect|||F|||50|,,,,,Grass]Ninetales-Alola||NeverMeltIce|SnowWarning|AuroraVeil,FreezeDry,Blizzard,Protect|||M|||50|,,,,,Fire]Garchomp||LifeOrb|RoughSkin|DragonClaw,Earthquake,StompingTantrum,Protect|||F|||50|,,,,,Fairy
|showteam|p2|Charizard||ChoiceSpecs|SolarPower|HeatWave,Overheat,WeatherBall,AirSlash|||F|||50|,,,,,Ghost]Torkoal||EjectPack|Drought|Eruption,Overheat,HelpingHand,Protect|||M|||50|,,,,,Fire]Porygon2||Eviolite|Download|IceBeam,TeraBlast,TrickRoom,Recover||||||50|,,,,,Fighting]Incineroar||SitrusBerry|Intimidate|FlareBlitz,KnockOff,FakeOut,PartingShot|||M|||50|,,,,,Ghost]Jumpluff||CovertCloak|Chlorophyll|SleepPowder,SunnyDay,RagePowder,Tailwind|||F|||50|,,,,,Water]Ursaluna||FlameOrb|Guts|HeadlongRush,Facade,Earthquake,Protect|||F|||50|,,,,,Ghost
|inactive|Battle timer is ON: inactive players will automatically lose when time's up. (requested by ace.bnz)
|
|t:|1756637206
|teamsize|p1|4
|teamsize|p2|4
|start
|switch|p1a: Milotic|Milotic, L50, F|100/100
|switch|p1b: Incineroar|Incineroar, L50, M|100/100
|switch|p2a: Incineroar|Incineroar, L50, M|100/100
|switch|p2b: Porygon2|Porygon2, L50|100/100
|-ability|p2a: Incineroar|Intimidate|boost
|-unboost|p1a: Milotic|atk|1
|-ability|p1a: Milotic|Competitive|boost
|-boost|p1a: Milotic|spa|2
|-unboost|p1b: Incineroar|atk|1
|-ability|p1b: Incineroar|Intimidate|boost
|-unboost|p2a: Incineroar|atk|1
|-unboost|p2b: Porygon2|atk|1
|-ability|p2b: Porygon2|Download|boost
|-boost|p2b: Porygon2|atk|1
|turn|1
|
|t:|1756637225
|move|p2a: Incineroar|Fake Out|p1a: Milotic
|-damage|p1a: Milotic|93/100
|move|p1b: Incineroar|Fake Out|p2b: Porygon2
|-damage|p2b: Porygon2|94/100
|cant|p1a: Milotic|flinch
|cant|p2b: Porygon2|flinch
|
|upkeep
|turn|2
|
|t:|1756637247
|move|p2a: Incineroar|Parting Shot|p1b: Incineroar
|-unboost|p1b: Incineroar|atk|1
|-unboost|p1b: Incineroar|spa|1
|
|t:|1756637250
|switch|p2a: Torkoal|Torkoal, L50, M|100/100|[from] Parting Shot
|-weather|SunnyDay|[from] ability: Drought|[of] p2a: Torkoal
|move|p1a: Milotic|Scald|p2a: Torkoal
|-supereffective|p2a: Torkoal
|-damage|p2a: Torkoal|0 fnt
|faint|p2a: Torkoal
|move|p1b: Incineroar|Knock Off|p2b: Porygon2
|-damage|p2b: Porygon2|80/100
|-enditem|p2b: Porygon2|Eviolite|[from] move: Knock Off|[of] p1b: Incineroar
|move|p2b: Porygon2|Trick Room|p2b: Porygon2
|-fieldstart|move: Trick Room|[of] p2b: Porygon2
|
|-weather|SunnyDay|[upkeep]
|upkeep
|
|t:|1756637255
|switch|p2a: Ursaluna|Ursaluna, L50, F|100/100
|turn|3
|inactive|Myshirtisdirty has 30 seconds left.
|inactive|ace.bnz has 30 seconds left.
|
|t:|1756637284
|switch|p1b: Indeedee|Indeedee, L50, M|100/100
|-fieldstart|move: Psychic Terrain|[from] ability: Psychic Surge|[of] p1b: Indeedee
|-terastallize|p2a: Ursaluna|Ghost
|-terastallize|p1a: Milotic|Grass
|move|p2b: Porygon2|Tera Blast|p1a: Milotic
|-damage|p1a: Milotic|62/100
|move|p2a: Ursaluna|Facade|p1a: Milotic
|-damage|p1a: Milotic|16/100
|-enditem|p1a: Milotic|Sitrus Berry|[eat]
|-heal|p1a: Milotic|41/100|[from] item: Sitrus Berry
|move|p1a: Milotic|Scald|p2a: Ursaluna
|-damage|p2a: Ursaluna|63/100
|-status|p2a: Ursaluna|brn
|
|-weather|SunnyDay|[upkeep]
|-damage|p2a: Ursaluna|57/100 brn|[from] brn
|upkeep
|turn|4
|inactive|Myshirtisdirty has 30 seconds left.
|inactive|Myshirtisdirty has 20 seconds left.
|inactive|Myshirtisdirty has 15 seconds left.
|inactive|Myshirtisdirty has 10 seconds left.
|l|☆Myshirtisdirty
|inactive|Myshirtisdirty disconnected and has a minute to reconnect!
|player|p1|
|inactive|Myshirtisdirty has 5 seconds left.
|j|☆Myshirtisdirty
|inactive|Myshirtisdirty reconnected and has 5 seconds left.
|player|p1|Myshirtisdirty|170|
|
|t:|1756637339
|move|p2b: Porygon2|Ice Beam|p1a: Milotic
|-supereffective|p1a: Milotic
|-damage|p1a: Milotic|0 fnt
|faint|p1a: Milotic
|move|p2a: Ursaluna|Facade|p1b: Indeedee
|-enditem|p1b: Indeedee|Focus Sash
|-damage|p1b: Indeedee|1/100
|move|p1b: Indeedee|Expanding Force|p2b: Porygon2|[spread] p2a,p2b
|-damage|p2a: Ursaluna|10/100 brn
|-damage|p2b: Porygon2|32/100
|
|-weather|SunnyDay|[upkeep]
|-damage|p2a: Ursaluna|4/100 brn|[from] brn
|upkeep
|
|t:|1756637342
|switch|p1a: Incineroar|Incineroar, L50, M|100/100
|-ability|p1a: Incineroar|Intimidate|boost
|-unboost|p2a: Ursaluna|atk|1
|-unboost|p2b: Porygon2|atk|1
|turn|5
|
|t:|1756637355
|switch|p2b: Incineroar|Incineroar, L50, M|100/100
|-ability|p2b: Incineroar|Intimidate|boost
|-unboost|p1a: Incineroar|atk|1
|-unboost|p1b: Indeedee|atk|1
|switch|p1a: Sneasler|Sneasler, L50, F|100/100
|-enditem|p1a: Sneasler|Psychic Seed
|-boost|p1a: Sneasler|spd|1|[from] item: Psychic Seed
|move|p2a: Ursaluna|Headlong Rush|p1a: Sneasler
|-supereffective|p1a: Sneasler
|-damage|p1a: Sneasler|0 fnt
|-unboost|p2a: Ursaluna|def|1
|-unboost|p2a: Ursaluna|spd|1
|faint|p1a: Sneasler
|move|p1b: Indeedee|Expanding Force|p2b: Incineroar|[spread] p2a
|-immune|p2b: Incineroar
|-damage|p2a: Ursaluna|0 fnt
|faint|p2a: Ursaluna
|
|-weather|SunnyDay|[upkeep]
|upkeep
|
|t:|1756637369
|switch|p2a: Porygon2|Porygon2, L50|32/100
|switch|p1a: Incineroar|Incineroar, L50, M|100/100
|-ability|p2a: Porygon2|Download|boost
|-boost|p2a: Porygon2|atk|1
|-ability|p1a: Incineroar|Intimidate|boost
|-unboost|p2a: Porygon2|atk|1
|-unboost|p2b: Incineroar|atk|1
|turn|6
|
|t:|1756637380
|move|p1b: Indeedee|Protect|p1b: Indeedee
|-singleturn|p1b: Indeedee|Protect
|move|p2a: Porygon2|Tera Blast|p1a: Incineroar
|-damage|p1a: Incineroar|77/100
|move|p1a: Incineroar|Flare Blitz|p2a: Porygon2
|-damage|p2a: Porygon2|0 fnt
|faint|p2a: Porygon2
|-damage|p1a: Incineroar|67/100|[from] Recoil
|move|p2b: Incineroar|Knock Off|p1b: Indeedee
|-activate|p1b: Indeedee|move: Protect
|
|-weather|none
|-fieldend|move: Trick Room
|upkeep
|turn|7
|
|t:|1756637394
|move|p1b: Indeedee|Tera Blast|p2b: Incineroar
|-damage|p2b: Incineroar|66/100
|move|p2b: Incineroar|Knock Off|p1a: Incineroar
|-resisted|p1a: Incineroar
|-damage|p1a: Incineroar|52/100
|-enditem|p1a: Incineroar|Assault Vest|[from] move: Knock Off|[of] p2b: Incineroar
|move|p1a: Incineroar|Knock Off|p2b: Incineroar
|-resisted|p2b: Incineroar
|-damage|p2b: Incineroar|44/100
|-enditem|p2b: Incineroar|Sitrus Berry|[from] move: Knock Off|[of] p1a: Incineroar
|
|-fieldend|move: Psychic Terrain
|upkeep
|turn|8
|inactive|Myshirtisdirty has 30 seconds left.
|
|t:|1756637421
|move|p1b: Indeedee|Tera Blast|p2b: Incineroar
|-damage|p2b: Incineroar|6/100
|move|p2b: Incineroar|Knock Off|p1a: Incineroar
|-resisted|p1a: Incineroar
|-damage|p1a: Incineroar|43/100
|move|p1a: Incineroar|Flare Blitz|p2b: Incineroar
|-resisted|p2b: Incineroar
|-damage|p2b: Incineroar|0 fnt
|faint|p2b: Incineroar
|-damage|p1a: Incineroar|41/100|[from] Recoil
|
|win|Myshirtisdirty
|raw|Myshirtisdirty's rating: 1049 → 1077(+28 for winning)
|raw|ace.bnz's rating: 1000 → 1000(+0 for losing)
