|j|☆scottyb04
|j|☆castoriceball
|html|scottyb04castoriceball    
|uhtml|bestof|Game 2 of a best-of-3
|t:|1783599361
|gametype|doubles
|player|p1|scottyb04|2|1241
|player|p2|castoriceball|miku-flying|1274
|gen|9
|tier|[Gen 9 Champions] VGC 2026 Reg M-B (Bo3)
|rated|
|rule|Species Clause: Limit one of each Pokémon
|rule|Item Clause: Limit 1 of each item
|clearpoke
|poke|p1|Raichu, L50, F|
|poke|p1|Gyarados, L50, M|
|poke|p1|Mamoswine, L50, F|
|poke|p1|Ceruledge, L50, F|
|poke|p1|Clefable, L50, M|
|poke|p1|Kingambit, L50, F|
|poke|p2|Garchomp, L50, M|
|poke|p2|Floette-Eternal, L50, F|
|poke|p2|Talonflame, L50, M|
|poke|p2|Rotom-Wash, L50, shiny|
|poke|p2|Ceruledge, L50, F|
|poke|p2|Sneasler, L50, F|
|teampreview|4
|showteam|p1|Raichu||RaichuniteY|LightningRod|ZapCannon,FocusBlast,FakeOut,Protect|Timid||F|||50|]Gyarados||Gyaradosite|Intimidate|Waterfall,PowerWhip,DragonDance,Protect|Adamant||M|||50|]Mamoswine||LifeOrb|Oblivious|HighHorsepower,IceShard,IcicleCrash,Protect|Jolly||F|||50|]Ceruledge||ColburBerry|FlashFire|BitterBlade,ShadowSneak,BulkUp,Protect|Adamant||F|||50|]Clefable||SitrusBerry|Unaware|Moonblast,FollowMe,HelpingHand,Protect|Bold||M|||50|]Kingambit||FocusSash|Defiant|IronHead,KowtowCleave,SuckerPunch,LowKick|Adamant||F|||50|
|showteam|p2|Garchomp||LifeOrb|RoughSkin|DragonClaw,Earthquake,RockSlide,Protect|Adamant||M|||50|]Floette-Eternal||Floettite|FlowerVeil|Moonblast,DazzlingGleam,LightofRuin,Protect|Modest||F|||50|]Talonflame||SharpBeak|GaleWings|Tailwind,DualWingbeat,SunnyDay,Protect|Jolly||M|||50|]Rotom-Wash||Magnet|Levitate|Thunderbolt,HydroPump,Electroweb,Protect|Modest|||||50|]Ceruledge||ColburBerry|FlashFire|Poltergeist,BitterBlade,ShadowSneak,Protect|Adamant||F|||50|]Sneasler||FocusSash|Unburden|FakeOut,DireClaw,CloseCombat,Taunt|Naughty||F|||50|
|inactive|Battle timer is ON: inactive players will automatically lose when time's up. (requested by scottyb04)
|
|t:|1783599377
|teamsize|p1|4
|teamsize|p2|4
|start
|switch|p1a: Raichu|Raichu, L50, F|100/100
|switch|p1b: Kingambit|Kingambit, L50, F|100/100
|switch|p2a: BIRDD|Talonflame, L50, M|100/100
|switch|p2b: $70 flutter|Floette-Eternal, L50, F|100/100
|turn|1
|
|t:|1783599401
|switch|p2a: jarchomp|Garchomp, L50, M|100/100
|detailschange|p1a: Raichu|Raichu-Mega-Y, L50, F
|-mega|p1a: Raichu|Raichu|Raichunite Y
|move|p2b: $70 flutter|Protect|p2b: $70 flutter
|-singleturn|p2b: $70 flutter|Protect
|move|p1a: Raichu|Zap Cannon|p2a: jarchomp
|-immune|p2a: jarchomp
|move|p1b: Kingambit|Iron Head|p2b: $70 flutter
|-activate|p2b: $70 flutter|move: Protect
|
|upkeep
|turn|2
|
|t:|1783599413
|switch|p2b: Laundry List|Rotom-Wash, L50, shiny|100/100
|switch|p1b: Gyarados|Gyarados, L50, M|100/100
|-ability|p1b: Gyarados|Intimidate|boost
|-unboost|p2a: jarchomp|atk|1
|-unboost|p2b: Laundry List|atk|1
|move|p1a: Raichu|Protect|p1a: Raichu
|-singleturn|p1a: Raichu|Protect
|move|p2a: jarchomp|Earthquake|p1b: Gyarados|[spread] 
|-activate|p1a: Raichu|move: Protect
|-immune|p2b: Laundry List|[from] ability: Levitate
|-immune|p1b: Gyarados
|
|upkeep
|turn|3
|inactive|scottyb04 has 30 seconds left.
|inactive|scottyb04 has 20 seconds left.
|
|t:|1783599448
|move|p1a: Raichu|Zap Cannon|p2b: Laundry List
|-damage|p2b: Laundry List|35/100
|move|p2a: jarchomp|Earthquake|p1a: Raichu|[spread] p1a
|-immune|p2b: Laundry List|[from] ability: Levitate
|-immune|p1b: Gyarados
|-supereffective|p1a: Raichu|1
|-damage|p1a: Raichu|0 fnt
|faint|p1a: Raichu
|-damage|p2a: jarchomp|90/100|[from] item: Life Orb
|move|p1b: Gyarados|Power Whip|p2b: Laundry List
|-supereffective|p2b: Laundry List|1
|-crit|p2b: Laundry List
|-damage|p2b: Laundry List|0 fnt
|faint|p2b: Laundry List
|
|upkeep
|
|t:|1783599466
|switch|p1a: Mamoswine|Mamoswine, L50, F|100/100
|switch|p2b: $70 flutter|Floette-Eternal, L50, F|100/100
|turn|4
|inactive|castoriceball has 30 seconds left.
|
|t:|1783599495
|switch|p2a: BIRDD|Talonflame, L50, M|100/100
|detailschange|p2b: $70 flutter|Floette-Mega, L50, F
|-mega|p2b: $70 flutter|Floette|Floettite
|-ability|p2b: $70 flutter|Fairy Aura
|move|p1a: Mamoswine|Protect|p1a: Mamoswine
|-singleturn|p1a: Mamoswine|Protect
|move|p2b: $70 flutter|Moonblast|p1a: Mamoswine
|-activate|p1a: Mamoswine|move: Protect
|move|p1b: Gyarados|Waterfall|p2b: $70 flutter
|-damage|p2b: $70 flutter|42/100
|
|upkeep
|turn|5
|
|t:|1783599520
|move|p2a: BIRDD|Tailwind|p2a: BIRDD
|-sidestart|p2: castoriceball|move: Tailwind
|move|p2b: $70 flutter|Moonblast|p1a: Mamoswine
|-damage|p1a: Mamoswine|0 fnt
|faint|p1a: Mamoswine
|move|p1b: Gyarados|Waterfall|p2b: $70 flutter
|-damage|p2b: $70 flutter|0 fnt
|faint|p2b: $70 flutter
|
|upkeep
|
|t:|1783599528
|switch|p2b: jarchomp|Garchomp, L50, M|90/100
|switch|p1a: Kingambit|Kingambit, L50, F|100/100
|turn|6
|
|t:|1783599541
|move|p2a: BIRDD|Dual Wingbeat|p1b: Gyarados
|-damage|p1b: Gyarados|78/100
|-damage|p1b: Gyarados|54/100
|-hitcount|p1b: Gyarados|2
|move|p1a: Kingambit|Sucker Punch||[still]
|-fail|p1a: Kingambit
|move|p2b: jarchomp|Rock Slide|p1b: Gyarados|[spread] p1b
|-miss|p2b: jarchomp|p1a: Kingambit
|-supereffective|p1b: Gyarados|1
|-damage|p1b: Gyarados|0 fnt
|faint|p1b: Gyarados
|-damage|p2b: jarchomp|80/100|[from] item: Life Orb
|
|upkeep
|turn|7
|c|☆scottyb04|gg]
|
|t:|1783599555
|move|p2a: BIRDD|Dual Wingbeat|p1a: Kingambit
|-resisted|p1a: Kingambit|1
|-damage|p1a: Kingambit|91/100
|-resisted|p1a: Kingambit|1
|-damage|p1a: Kingambit|83/100
|-hitcount|p1a: Kingambit|2
|move|p1a: Kingambit|Sucker Punch|p2b: jarchomp
|-damage|p2b: jarchomp|38/100
|-damage|p1a: Kingambit|70/100|[from] ability: Rough Skin|[of] p2b: jarchomp
|move|p2b: jarchomp|Earthquake|p1a: Kingambit|[spread] p1a
|-immune|p2a: BIRDD
|-supereffective|p1a: Kingambit|1
|-damage|p1a: Kingambit|0 fnt
|faint|p1a: Kingambit
|-damage|p2b: jarchomp|28/100|[from] item: Life Orb
|
|win|castoriceball
|raw|scottyb04's rating: 1241 → 1218(-23 for losing)
|raw|castoriceball's rating: 1274 → 1297(+23 for winning)
