|j|☆greninja12383
|j|☆battle sim trainer
|html|greninja12383battle sim trainer    
|uhtml|bestof|Game 2 of a best-of-3
|t:|1783508610
|gametype|doubles
|player|p1|greninja12383|red|1063
|player|p2|battle sim trainer|turo|1129
|gen|9
|tier|[Gen 9 Champions] VGC 2026 Reg M-B (Bo3)
|rated|
|rule|Species Clause: Limit one of each Pokémon
|rule|Item Clause: Limit 1 of each item
|clearpoke
|poke|p1|Blastoise, L50, M|
|poke|p1|Sinistcha, L50|
|poke|p1|Incineroar, L50, F|
|poke|p1|Sneasler, L50, M|
|poke|p1|Delphox, L50, F|
|poke|p1|Kingambit, L50, F|
|poke|p2|Swampert, L50, M|
|poke|p2|Pelipper, L50, F|
|poke|p2|Archaludon, L50, M|
|poke|p2|Mawile, L50, F|
|poke|p2|Farigiraf, L50, M|
|poke|p2|Scrafty, L50, F|
|teampreview|4
|showteam|p1|Blastoise||Blastoisinite|RainDish|WaterSpout,DarkPulse,ShellSmash,Protect|Modest||M|||50|]Sinistcha||OccaBerry|Hospitality|MatchaGotcha,RagePowder,TrickRoom,Protect|Calm|||||50|]Incineroar||SitrusBerry|Intimidate|FakeOut,PartingShot,FlareBlitz,HelpingHand|Careful||F|||50|]Sneasler||FocusSash|Unburden|DireClaw,CloseCombat,FakeOut,QuickGuard|Jolly||M|||50|]Delphox||Delphoxite|Blaze|HeatWave,Psyshock,NastyPlot,Protect|Timid||F|||50|]Kingambit||BlackGlasses|Defiant|KowtowCleave,SuckerPunch,SwordsDance,Protect|Adamant||F|||50|
|showteam|p2|Swampert||Swampertite|Damp|WaveCrash,Earthquake,IcePunch,Protect|Adamant||M|||50|]Pelipper||FocusSash|Drizzle|Hurricane,WeatherBall,Tailwind,Protect|Modest||F|||50|]Archaludon||Leftovers|Stamina|ElectroShot,DragonPulse,FlashCannon,Protect|Modest||M|||50|]Mawile||Mawilite|HyperCutter|SwordsDance,SuckerPunch,IronHead,PsychicFangs|Adamant||F|||50|]Farigiraf||SitrusBerry|CudChew|Thunderbolt,Psychic,TrickRoom,HelpingHand|Bold||M|||50|]Scrafty||ChopleBerry|Intimidate|FakeOut,Coaching,CloseCombat,ThroatChop|Impish||F|||50|
|
|t:|1783508671
|teamsize|p1|4
|teamsize|p2|4
|start
|switch|p1a: Blastoise|Blastoise, L50, M|100/100
|switch|p1b: Sneasler|Sneasler, L50, M|100/100
|switch|p2a: Farigiraf|Farigiraf, L50, M|100/100
|switch|p2b: Pelipper|Pelipper, L50, F|100/100
|-weather|RainDance|[from] ability: Drizzle|[of] p2b: Pelipper
|turn|1
|
|t:|1783508723
|detailschange|p1a: Blastoise|Blastoise-Mega, L50, M
|-mega|p1a: Blastoise|Blastoise|Blastoisinite
|move|p1b: Sneasler|Dire Claw|p2a: Farigiraf
|-damage|p2a: Farigiraf|69/100
|move|p1a: Blastoise|Dark Pulse|p2a: Farigiraf
|-supereffective|p2a: Farigiraf|1
|-damage|p2a: Farigiraf|0 fnt
|faint|p2a: Farigiraf
|move|p2b: Pelipper|Hurricane|p1a: Blastoise
|-damage|p1a: Blastoise|46/100
|-start|p1a: Blastoise|confusion
|
|-weather|RainDance|[upkeep]
|upkeep
|
|t:|1783508736
|switch|p2a: Scrafty|Scrafty, L50, F|100/100
|-ability|p2a: Scrafty|Intimidate|boost
|-unboost|p1a: Blastoise|atk|1
|-unboost|p1b: Sneasler|atk|1
|turn|2
|
|t:|1783508790
|switch|p1b: Incineroar|Incineroar, L50, F|100/100
|-ability|p1b: Incineroar|Intimidate|boost
|-unboost|p2a: Scrafty|atk|1
|-unboost|p2b: Pelipper|atk|1
|switch|p1a: Sinistcha|Sinistcha, L50|100/100
|switch|p2b: Mawile|Mawile, L50, F|100/100
|move|p2a: Scrafty|Coaching|p2b: Mawile
|-boost|p2b: Mawile|atk|1
|-boost|p2b: Mawile|def|1
|
|-weather|RainDance|[upkeep]
|upkeep
|turn|3
|
|t:|1783508826
|switch|p2a: Pelipper|Pelipper, L50, F|100/100
|detailschange|p2b: Mawile|Mawile-Mega, L50, F
|-mega|p2b: Mawile|Mawile|Mawilite
|move|p1a: Sinistcha|Rage Powder|p1a: Sinistcha
|-singleturn|p1a: Sinistcha|move: Rage Powder
|move|p2b: Mawile|Iron Head|p1a: Sinistcha
|-damage|p1a: Sinistcha|0 fnt
|faint|p1a: Sinistcha
|move|p1b: Incineroar|Flare Blitz|p2b: Mawile
|-supereffective|p2b: Mawile|1
|-damage|p2b: Mawile|69/100
|-damage|p1b: Incineroar|92/100|[from] Recoil
|
|-weather|RainDance|[upkeep]
|upkeep
|
|t:|1783508841
|switch|p1a: Sneasler|Sneasler, L50, M|100/100
|turn|4
|
|t:|1783508873
|switch|p1b: Blastoise|Blastoise-Mega, L50, M|46/100
|move|p1a: Sneasler|Close Combat|p2b: Mawile
|-damage|p2b: Mawile|29/100
|-unboost|p1a: Sneasler|def|1
|-unboost|p1a: Sneasler|spd|1
|move|p2a: Pelipper|Weather Ball|p1b: Blastoise
|-resisted|p1b: Blastoise|1
|-damage|p1b: Blastoise|7/100
|move|p2b: Mawile|Psychic Fangs|p1a: Sneasler
|-supereffective|p1a: Sneasler|2
|-enditem|p1a: Sneasler|Focus Sash
|-damage|p1a: Sneasler|1/100
|
|-weather|RainDance|[upkeep]
|upkeep
|turn|5
|
|t:|1783508912
|move|p2b: Mawile|Sucker Punch|p1b: Blastoise
|-damage|p1b: Blastoise|0 fnt
|faint|p1b: Blastoise
|move|p1a: Sneasler|Close Combat|p2b: Mawile
|-damage|p2b: Mawile|0 fnt
|-unboost|p1a: Sneasler|def|1
|-unboost|p1a: Sneasler|spd|1
|faint|p2b: Mawile
|move|p2a: Pelipper|Weather Ball|p1a: Sneasler
|-damage|p1a: Sneasler|0 fnt
|faint|p1a: Sneasler
|
|-weather|none
|upkeep
|
|t:|1783508925
|switch|p1b: Incineroar|Incineroar, L50, F|92/100
|switch|p2b: Scrafty|Scrafty, L50, F|100/100
|-ability|p1b: Incineroar|Intimidate|boost
|-unboost|p2a: Pelipper|atk|1
|-unboost|p2b: Scrafty|atk|1
|-ability|p2b: Scrafty|Intimidate|boost
|-unboost|p1b: Incineroar|atk|1
|turn|6
|
|t:|1783508941
|move|p2a: Pelipper|Tailwind|p2a: Pelipper
|-sidestart|p2: battle sim trainer|move: Tailwind
|move|p2b: Scrafty|Close Combat|p1b: Incineroar
|-supereffective|p1b: Incineroar|1
|-damage|p1b: Incineroar|44/100
|-unboost|p2b: Scrafty|def|1
|-unboost|p2b: Scrafty|spd|1
|-enditem|p1b: Incineroar|Sitrus Berry|[eat]
|-heal|p1b: Incineroar|68/100|[from] item: Sitrus Berry
|move|p1b: Incineroar|Flare Blitz|p2b: Scrafty
|-damage|p2b: Scrafty|62/100
|-damage|p1b: Incineroar|58/100|[from] Recoil
|
|upkeep
|turn|7
|
|t:|1783508960
|move|p2a: Pelipper|Hurricane|p1b: Incineroar
|-damage|p1b: Incineroar|25/100
|move|p2b: Scrafty|Coaching|p2a: Pelipper
|-boost|p2a: Pelipper|atk|1
|-boost|p2a: Pelipper|def|1
|move|p1b: Incineroar|Flare Blitz|p2b: Scrafty
|-crit|p2b: Scrafty
|-damage|p2b: Scrafty|0 fnt
|faint|p2b: Scrafty
|-damage|p1b: Incineroar|7/100|[from] Recoil
|
|upkeep
|turn|8
|
|t:|1783508973
|move|p2a: Pelipper|Weather Ball|p1b: Incineroar
|-damage|p1b: Incineroar|0 fnt
|faint|p1b: Incineroar
|
|win|battle sim trainer
|raw|greninja12383's rating: 1063 → 1047(-16 for losing)
|raw|battle sim trainer's rating: 1129 → 1149(+20 for winning)
