|j|☆Shishio_Ax
|j|☆Nussloni
|html|Shishio_AxNussloni    
|uhtml|bestof|Game 2 of a best-of-3
|t:|1756640990
|gametype|doubles
|player|p1|Shishio_Ax|gambler|1351
|player|p2|Nussloni|170|1356
|gen|9
|tier|[Gen 9] VGC 2025 Reg H (Bo3)
|rated|
|rule|Species Clause: Limit one of each Pokémon
|rule|Item Clause: Limit 1 of each item
|clearpoke
|poke|p1|Charizard, L50, M|
|poke|p1|Dragapult, L50, M|
|poke|p1|Porygon2, L50|
|poke|p1|Incineroar, L50, M|
|poke|p1|Ursaluna-Bloodmoon, L50, M|
|poke|p1|Whimsicott, L50, F|
|poke|p2|Sneasler, L50, F|
|poke|p2|Indeedee, L50, M|
|poke|p2|Ursaluna-Bloodmoon, L50, M|
|poke|p2|Gholdengo, L50|
|poke|p2|Incineroar, L50, F|
|poke|p2|Volcarona, L50, M|
|teampreview|4
|showteam|p1|Charizard||ChoiceSpecs|SolarPower|HeatWave,Overheat,WeatherBall,SolarBeam|||M|||50|,,,,,Ghost]Dragapult||ChoiceBand|ClearBody|DragonDarts,Outrage,PhantomForce,Uturn|||M|||50|,,,,,Dragon]Porygon2||Eviolite|Download|TeraBlast,IceBeam,TrickRoom,Recover||||||50|,,,,,Fighting]Incineroar||SafetyGoggles|Intimidate|FakeOut,KnockOff,FlareBlitz,PartingShot|||M|||50|,,,,,Ghost]Ursaluna-Bloodmoon||LifeOrb|MindsEye|BloodMoon,HyperVoice,EarthPower,Protect|||M|||50|,,,,,Normal]Whimsicott||CovertCloak|Prankster|Moonblast,Tailwind,Encore,SunnyDay|||F|||50|,,,,,Poison
|showteam|p2|Sneasler||PsychicSeed|Unburden|DireClaw,CloseCombat,LashOut,Protect|||F|||50|,,,,,Dark]Indeedee||FocusSash|PsychicSurge|ExpandingForce,TrickRoom,Encore,Protect|||M|||50|,,,,,Psychic]Ursaluna-Bloodmoon||LifeOrb|MindsEye|BloodMoon,EarthPower,HyperVoice,Protect|||M|||50|,,,,,Normal]Gholdengo||MetalCoat|GoodasGold|NastyPlot,MakeItRain,ShadowBall,Protect||||||50|,,,,,Fairy]Incineroar||SafetyGoggles|Intimidate|FlareBlitz,KnockOff,PartingShot,FakeOut|||F|||50|,,,,,Ghost]Volcarona||RockyHelmet|FlameBody|Overheat,RagePowder,Tailwind,StruggleBug|||M|||50|,,,,,Fairy
|
|t:|1756641038
|teamsize|p1|4
|teamsize|p2|4
|start
|switch|p1a: Rudra|Dragapult, L50, M|100/100
|switch|p1b: Mary|Whimsicott, L50, F|100/100
|switch|p2a: Ursaluna|Ursaluna-Bloodmoon, L50, M|100/100
|switch|p2b: Volcarona|Volcarona, L50, M|100/100
|turn|1
|inactive|Battle timer is ON: inactive players will automatically lose when time's up. (requested by Shishio_Ax)
|
|t:|1756641081
|-terastallize|p2a: Ursaluna|Normal
|move|p2b: Volcarona|Rage Powder|p2b: Volcarona
|-singleturn|p2b: Volcarona|move: Rage Powder
|move|p1b: Mary|Tailwind|p1b: Mary
|-sidestart|p1: Shishio_Ax|move: Tailwind
|move|p1a: Rudra|U-turn|p2b: Volcarona
|-resisted|p2b: Volcarona
|-damage|p2b: Volcarona|79/100
|-damage|p1a: Rudra|84/100|[from] item: Rocky Helmet|[of] p2b: Volcarona
|
|t:|1756641090
|switch|p1a: Puss|Incineroar, L50, M|100/100|[from] U-turn
|-ability|p1a: Puss|Intimidate|boost
|-unboost|p2a: Ursaluna|atk|1
|-unboost|p2b: Volcarona|atk|1
|move|p2a: Ursaluna|Hyper Voice|p1a: Puss|[spread] p1a,p1b
|-damage|p1a: Puss|39/100
|-damage|p1b: Mary|7/100
|-damage|p2a: Ursaluna|91/100|[from] item: Life Orb
|
|upkeep
|turn|2
|
|t:|1756641107
|switch|p2b: Incineroar|Incineroar, L50, F|100/100
|-ability|p2b: Incineroar|Intimidate|boost
|-unboost|p1a: Puss|atk|1
|-unboost|p1b: Mary|atk|1
|move|p2a: Ursaluna|Protect|p2a: Ursaluna
|-singleturn|p2a: Ursaluna|Protect
|move|p1b: Mary|Moonblast|p2a: Ursaluna
|-activate|p2a: Ursaluna|move: Protect
|move|p1a: Puss|Flare Blitz|p2b: Incineroar
|-resisted|p2b: Incineroar
|-damage|p2b: Incineroar|85/100
|-damage|p1a: Puss|34/100|[from] Recoil
|
|upkeep
|turn|3
|inactive|Nussloni has 30 seconds left.
|
|t:|1756641141
|move|p2b: Incineroar|Fake Out|p1a: Puss
|-damage|p1a: Puss|24/100
|move|p1b: Mary|Moonblast|p2a: Ursaluna
|-crit|p2a: Ursaluna
|-damage|p2a: Ursaluna|35/100
|cant|p1a: Puss|flinch
|move|p2a: Ursaluna|Hyper Voice|p1a: Puss|[spread] p1a,p1b
|-damage|p1a: Puss|0 fnt
|-damage|p1b: Mary|0 fnt
|faint|p1a: Puss
|faint|p1b: Mary
|-damage|p2a: Ursaluna|25/100|[from] item: Life Orb
|
|upkeep
|
|t:|1756641149
|switch|p1b: Shāhmat|Ursaluna-Bloodmoon, L50, M|100/100
|switch|p1a: Rudra|Dragapult, L50, M|84/100
|turn|4
|inactive|Nussloni has 30 seconds left.
|
|t:|1756641183
|-terastallize|p1a: Rudra|Dragon
|move|p2a: Ursaluna|Protect|p2a: Ursaluna
|-singleturn|p2a: Ursaluna|Protect
|move|p1a: Rudra|Dragon Darts|p2b: Incineroar
|-damage|p2b: Incineroar|41/100
|-anim|p1a: Rudra|Dragon Darts|p2b: Incineroar
|-damage|p2b: Incineroar|0 fnt
|faint|p2b: Incineroar
|move|p1b: Shāhmat|Earth Power|p2a: Ursaluna
|-activate|p2a: Ursaluna|move: Protect
|
|-sideend|p1: Shishio_Ax|move: Tailwind
|upkeep
|inactive|Nussloni has 30 seconds left.
|
|t:|1756641209
|switch|p2b: Volcarona|Volcarona, L50, M|79/100
|turn|5
|inactive|Nussloni has 30 seconds left.
|
|t:|1756641235
|move|p2b: Volcarona|Rage Powder|p2b: Volcarona
|-singleturn|p2b: Volcarona|move: Rage Powder
|move|p1a: Rudra|Dragon Darts|p2b: Volcarona
|-damage|p2b: Volcarona|12/100
|-anim|p1a: Rudra|Dragon Darts|p2b: Volcarona
|-damage|p2b: Volcarona|0 fnt
|faint|p2b: Volcarona
|move|p2a: Ursaluna|Hyper Voice|p1a: Rudra|[spread] p1a,p1b
|-damage|p1a: Rudra|0 fnt
|-damage|p1b: Shāhmat|21/100
|faint|p1a: Rudra
|-damage|p2a: Ursaluna|15/100|[from] item: Life Orb
|move|p1b: Shāhmat|Hyper Voice|p2a: Ursaluna
|-damage|p2a: Ursaluna|0 fnt
|faint|p2a: Ursaluna
|-damage|p1b: Shāhmat|11/100|[from] item: Life Orb
|
|upkeep
|
|t:|1756641251
|switch|p2b: Sneasler|Sneasler, L50, F|100/100
|turn|6
|-message|Shishio_Ax forfeited.
|raw|Shishio_Ax's rating: 1351 → 1331(-20 for losing)
|raw|Nussloni's rating: 1356 → 1376(+20 for winning)
|
|win|Nussloni
|l|☆Shishio_Ax
|player|p1|
