|j|☆Vlasaraptor33
|j|☆PowerVGC
|html|Vlasaraptor33PowerVGC    
|uhtml|bestof|Game 1 of a best-of-3
|t:|1757083338
|gametype|doubles
|player|p1|Vlasaraptor33|pokemaniac|1031
|player|p2|PowerVGC|2|1000
|gen|9
|tier|[Gen 9] VGC 2025 Reg H (Bo3)
|rated|
|rule|Species Clause: Limit one of each Pokémon
|rule|Item Clause: Limit 1 of each item
|clearpoke
|poke|p1|Palafin, L50, M|
|poke|p1|Farigiraf, L50, F|
|poke|p1|Amoonguss, L50, M|
|poke|p1|Dragapult, L50, F|
|poke|p1|Incineroar, L50, M|
|poke|p1|Gholdengo, L50|
|poke|p2|Incineroar, L50, M|
|poke|p2|Gholdengo, L50|
|poke|p2|Amoonguss, L50, M|
|poke|p2|Hydreigon, L50, M|
|poke|p2|Porygon2, L50|
|poke|p2|Ursaluna, L50, M|
|teampreview|4
|showteam|p1|Palafin||MysticWater|ZerotoHero|FlipTurn,WaveCrash,Protect,JetPunch|||M|||50|,,,,,Water]Farigiraf||ThroatSpray|ArmorTail|HelpingHand,HyperVoice,Psychic,Protect|||F|||50|,,,,,Normal]Amoonguss||SitrusBerry|Regenerator|Spore,RagePowder,ClearSmog,Protect|||M|||50|,,,,,Water]Dragapult||LifeOrb|ClearBody|DragonDarts,PhantomForce,TeraBlast,Protect|||F|||50|,,,,,Fairy]Incineroar||SafetyGoggles|Intimidate|FakeOut,FlareBlitz,KnockOff,PartingShot|||M|||50|,,,,,Ghost]Gholdengo||MetalCoat|GoodasGold|MakeItRain,ShadowBall,NastyPlot,Protect||||||50|,,,,,Water
|showteam|p2|Incineroar||SitrusBerry|Intimidate|KnockOff,FakeOut,FlareBlitz,PartingShot|||M|||50|,,,,,Ghost]Gholdengo||MetalCoat|GoodasGold|Protect,NastyPlot,MakeItRain,ShadowBall||||||50|,,,,,Water]Amoonguss||RockyHelmet|Regenerator|Spore,RagePowder,PollenPuff,Protect|||M|||50|,,,,,Fairy]Hydreigon||SafetyGoggles|Levitate|DracoMeteor,Snarl,Tailwind,Protect|||M|||50|,,,,,Ghost]Porygon2||Eviolite|Download|Recover,IceBeam,TeraBlast,TrickRoom||||||50|,,,,,Fighting]Ursaluna||FlameOrb|Guts|Earthquake,Facade,HeadlongRush,Protect|||M|||50|,,,,,Ghost
|inactive|Battle timer is ON: inactive players will automatically lose when time's up. (requested by Vlasaraptor33)
|inactive|PowerVGC has 60 seconds left.
|
|t:|1757083382
|teamsize|p1|4
|teamsize|p2|4
|start
|switch|p1a: Palafin|Palafin, L50, M, shiny|100/100
|switch|p1b: Gholdengo|Gholdengo, L50, shiny|100/100
|switch|p2a: Eve|Porygon2, L50, shiny|100/100
|switch|p2b: Tiamat|Hydreigon, L50, M, shiny|100/100
|-ability|p2a: Eve|Download|boost
|-boost|p2a: Eve|atk|1
|turn|1
|inactive|PowerVGC has 30 seconds left.
|
|t:|1757083408
|move|p1b: Gholdengo|Protect|p1b: Gholdengo
|-singleturn|p1b: Gholdengo|Protect
|move|p2b: Tiamat|Snarl|p1a: Palafin|[spread] p1a
|-activate|p1b: Gholdengo|move: Protect
|-damage|p1a: Palafin|78/100
|-unboost|p1a: Palafin|spa|1
|move|p1a: Palafin|Flip Turn|p2a: Eve
|-damage|p2a: Eve|85/100
|
|t:|1757083422
|detailschange|p1a: Palafin|Palafin-Hero, L50, M, shiny
|switch|p1a: Incineroar|Incineroar, L50, M|100/100|[from] Flip Turn
|-ability|p1a: Incineroar|Intimidate|boost
|-unboost|p2a: Eve|atk|1
|-unboost|p2b: Tiamat|atk|1
|move|p2a: Eve|Trick Room|p2a: Eve
|-fieldstart|move: Trick Room|[of] p2a: Eve
|
|upkeep
|turn|2
|
|t:|1757083444
|move|p1a: Incineroar|Fake Out|p2b: Tiamat
|-damage|p2b: Tiamat|88/100
|move|p2a: Eve|Recover|p2a: Eve
|-heal|p2a: Eve|100/100
|move|p1b: Gholdengo|Nasty Plot|p1b: Gholdengo
|-boost|p1b: Gholdengo|spa|2
|cant|p2b: Tiamat|flinch
|
|upkeep
|turn|3
|
|t:|1757083463
|switch|p2b: Virus-T|Amoonguss, L50, M, shiny|100/100
|move|p1b: Gholdengo|Protect|p1b: Gholdengo
|-singleturn|p1b: Gholdengo|Protect
|move|p2a: Eve|Recover||[still]
|-fail|p2a: Eve|heal
|move|p1a: Incineroar|Parting Shot|p2b: Virus-T
|-unboost|p2b: Virus-T|atk|1
|-unboost|p2b: Virus-T|spa|1
|
|t:|1757083472
|switch|p1a: Farigiraf|Farigiraf, L50, F|100/100|[from] Parting Shot
|
|upkeep
|turn|4
|
|t:|1757083492
|move|p1a: Farigiraf|Helping Hand|p1b: Gholdengo
|-immune|p1b: Gholdengo|[from] ability: Good as Gold
|move|p2b: Virus-T|Spore|p1a: Farigiraf
|-status|p1a: Farigiraf|slp|[from] move: Spore
|move|p2a: Eve|Recover||[still]
|-fail|p2a: Eve|heal
|move|p1b: Gholdengo|Make It Rain|p2b: Virus-T|[spread] p2a,p2b
|-crit|p2b: Virus-T
|-damage|p2a: Eve|19/100
|-damage|p2b: Virus-T|0 fnt
|-unboost|p1b: Gholdengo|spa|1
|faint|p2b: Virus-T
|
|upkeep
|inactive|PowerVGC has 30 seconds left.
|
|t:|1757083519
|switch|p2b: Tiamat|Hydreigon, L50, M, shiny|88/100
|turn|5
|
|t:|1757083543
|move|p1b: Gholdengo|Protect|p1b: Gholdengo
|-singleturn|p1b: Gholdengo|Protect
|move|p2b: Tiamat|Protect|p2b: Tiamat
|-singleturn|p2b: Tiamat|Protect
|cant|p1a: Farigiraf|slp
|move|p2a: Eve|Recover|p2a: Eve
|-heal|p2a: Eve|69/100
|
|-fieldend|move: Trick Room
|upkeep
|turn|6
|
|t:|1757083560
|move|p2b: Tiamat|Snarl|p1a: Farigiraf|[spread] p1a,p1b
|-supereffective|p1a: Farigiraf
|-supereffective|p1b: Gholdengo
|-damage|p1a: Farigiraf|60/100 slp
|-damage|p1b: Gholdengo|53/100
|-unboost|p1a: Farigiraf|spa|1
|-unboost|p1b: Gholdengo|spa|1
|move|p1b: Gholdengo|Make It Rain|p2a: Eve|[spread] p2a,p2b
|-damage|p2a: Eve|27/100
|-damage|p2b: Tiamat|28/100
|-unboost|p1b: Gholdengo|spa|1
|move|p2a: Eve|Ice Beam|p1b: Gholdengo
|-resisted|p1b: Gholdengo
|-damage|p1b: Gholdengo|35/100
|-curestatus|p1a: Farigiraf|slp|[msg]
|move|p1a: Farigiraf|Hyper Voice|p2a: Eve|[spread] p2a,p2b
|-damage|p2a: Eve|14/100
|-damage|p2b: Tiamat|7/100
|-enditem|p1a: Farigiraf|Throat Spray
|-boost|p1a: Farigiraf|spa|1|[from] item: Throat Spray
|
|upkeep
|turn|7
|inactive|Vlasaraptor33 has 30 seconds left.
|
|t:|1757083588
|move|p1b: Gholdengo|Protect|p1b: Gholdengo
|-singleturn|p1b: Gholdengo|Protect
|move|p2b: Tiamat|Tailwind|p2b: Tiamat
|-sidestart|p2: PowerVGC|move: Tailwind
|move|p2a: Eve|Recover|p2a: Eve
|-heal|p2a: Eve|64/100
|move|p1a: Farigiraf|Hyper Voice|p2a: Eve|[spread] p2a,p2b
|-damage|p2a: Eve|44/100
|-damage|p2b: Tiamat|0 fnt
|faint|p2b: Tiamat
|
|upkeep
|
|t:|1757083601
|switch|p2b: Odin|Ursaluna, L50, M|100/100
|turn|8
|
|t:|1757083622
|move|p2b: Odin|Earthquake|p1b: Gholdengo|[spread] p2a,p1a,p1b
|-supereffective|p1b: Gholdengo
|-damage|p2a: Eve|19/100
|-damage|p1a: Farigiraf|24/100
|-damage|p1b: Gholdengo|0 fnt
|faint|p1b: Gholdengo
|move|p2a: Eve|Recover|p2a: Eve
|-heal|p2a: Eve|69/100
|move|p1a: Farigiraf|Psychic|p2b: Odin
|-damage|p2b: Odin|58/100
|-unboost|p2b: Odin|spd|1
|
|-status|p2b: Odin|brn|[from] item: Flame Orb
|upkeep
|
|t:|1757083636
|switch|p1b: Palafin|Palafin-Hero, L50, M, shiny|78/100
|-activate|p1b: Palafin|ability: Zero to Hero
|turn|9
|inactive|PowerVGC has 30 seconds left.
|inactive|PowerVGC has 20 seconds left.
|
|t:|1757083672
|-terastallize|p2b: Odin|Ghost
|move|p2b: Odin|Headlong Rush|p1b: Palafin
|-crit|p1b: Palafin
|-damage|p1b: Palafin|0 fnt
|-unboost|p2b: Odin|def|1
|-unboost|p2b: Odin|spd|1
|faint|p1b: Palafin
|move|p2a: Eve|Ice Beam|p1a: Farigiraf
|-damage|p1a: Farigiraf|0 fnt
|faint|p1a: Farigiraf
|
|-damage|p2b: Odin|53/100 brn|[from] brn
|upkeep
|-message|Vlasaraptor33 forfeited.
|raw|Vlasaraptor33's rating: 1031 → 1015(-16 for losing)
|raw|PowerVGC's rating: 1000 → 1044(+44 for winning)
|
|win|PowerVGC
|l|☆Vlasaraptor33
|player|p1|
