|j|☆HunterOnShowdown
|j|☆TheMochiMan
|html|HunterOnShowdownTheMochiMan    
|uhtml|bestof|Game 1 of a best-of-3
|t:|1785866662
|gametype|doubles
|player|p1|HunterOnShowdown|hilbert|1320
|player|p2|TheMochiMan|doctor|1284
|gen|9
|tier|[Gen 9 Champions] VGC 2026 Reg M-B (Bo3)
|rated|
|rule|Species Clause: Limit one of each Pokémon
|rule|Item Clause: Limit 1 of each item
|clearpoke
|poke|p1|Emboar, L50, M|
|poke|p1|Meowscarada, L50, M|
|poke|p1|Ninetales-Alola, L50, F|
|poke|p1|Sneasler, L50, F, shiny|
|poke|p1|Aerodactyl, L50, M|
|poke|p1|Garchomp, L50, M|
|poke|p2|Toxapex, L50, F, shiny|
|poke|p2|Charizard, L50, M|
|poke|p2|Garchomp, L50, F|
|poke|p2|Annihilape, L50, M, shiny|
|poke|p2|Venusaur, L50, M|
|poke|p2|Incineroar, L50, F|
|teampreview|4
|showteam|p1|Emboar||Emboarite|Reckless|FlareBlitz,DrainPunch,SuckerPunch,Protect|Adamant||M|||50|]Meowscarada||ChoiceScarf|Protean|Uturn,FlowerTrick,ThroatChop,TripleAxel|Adamant||M|||50|]Ninetales-Alola||NeverMeltIce|SnowWarning|Blizzard,FreezeDry,Protect,Encore|Timid||F|||50|]Sneasler||WhiteHerb|Unburden|Coaching,CloseCombat,GunkShot,FakeOut|Jolly||F|||50|]Aerodactyl||Aerodactylite|Unnerve|RockSlide,DualWingbeat,Tailwind,Protect|Jolly||M|||50|]Garchomp||SitrusBerry|RoughSkin|DragonClaw,StompingTantrum,RockSlide,Protect|Adamant||M|||50|
|showteam|p2|Toxapex||Leftovers|Regenerator|Toxic,Infestation,BanefulBunker,WideGuard|Bold||F|||50|]Charizard||CharizarditeY|Blaze|Protect,HeatWave,HelpingHand,WeatherBall|Modest||M|||50|]Garchomp||ChoiceScarf|RoughSkin|StompingTantrum,Earthquake,DragonClaw,RockSlide|Adamant||F|||50|]Annihilape||FocusSash|Defiant|Protect,CloseCombat,PhantomForce,RageFist|Jolly||M|||50|]Venusaur||LifeOrb|Chlorophyll|Protect,EarthPower,SludgeBomb,SolarBeam|Modest||M|||50|]Incineroar||SitrusBerry|Intimidate|FakeOut,PartingShot,ThroatChop,FlareBlitz|Impish||F|||50|
|inactive|Battle timer is ON: inactive players will automatically lose when time's up. (requested by HunterOnShowdown)
|inactive|HunterOnShowdown has 60 seconds left.
|inactive|TheMochiMan has 60 seconds left.
|inactive|HunterOnShowdown has 30 seconds left.
|
|t:|1785866727
|teamsize|p1|4
|teamsize|p2|4
|start
|switch|p1a: Tyrannis|Garchomp, L50, M|100/100
|switch|p1b: Misaki|Sneasler, L50, F, shiny|100/100
|switch|p2a: Incineroar|Incineroar, L50, F|100/100
|switch|p2b: Toxapex|Toxapex, L50, F, shiny|100/100
|-ability|p2a: Incineroar|Intimidate|boost
|-unboost|p1a: Tyrannis|atk|1
|-unboost|p1b: Misaki|atk|1
|-enditem|p1b: Misaki|White Herb
|-clearnegativeboost|p1b: Misaki|[silent]
|turn|1
|
|t:|1785866752
|switch|p2a: Charizard|Charizard, L50, M|100/100
|move|p2b: Toxapex|Baneful Bunker|p2b: Toxapex
|-singleturn|p2b: Toxapex|move: Protect
|move|p1b: Misaki|Coaching|p1a: Tyrannis
|-boost|p1a: Tyrannis|atk|1
|-boost|p1a: Tyrannis|def|1
|move|p1a: Tyrannis|Stomping Tantrum|p2b: Toxapex
|-activate|p2b: Toxapex|move: Protect
|-status|p1a: Tyrannis|psn
|
|-damage|p1a: Tyrannis|87/100 psn|[from] psn
|upkeep
|turn|2
|
|t:|1785866763
|switch|p2a: Incineroar|Incineroar, L50, F|100/100
|-ability|p2a: Incineroar|Intimidate|boost
|-unboost|p1a: Tyrannis|atk|1
|-unboost|p1b: Misaki|atk|1
|move|p1b: Misaki|Coaching|p1a: Tyrannis
|-boost|p1a: Tyrannis|atk|1
|-boost|p1a: Tyrannis|def|1
|move|p1a: Tyrannis|Stomping Tantrum|p2b: Toxapex
|-supereffective|p2b: Toxapex|1
|-damage|p2b: Toxapex|50/100g
|move|p2b: Toxapex|Infestation|p1a: Tyrannis
|-damage|p1a: Tyrannis|85/100 psn
|-activate|p1a: Tyrannis|move: Infestation|[of] p2b: Toxapex
|-damage|p2b: Toxapex|38/100|[from] ability: Rough Skin|[of] p1a: Tyrannis
|
|-heal|p2b: Toxapex|43/100|[from] item: Leftovers
|-damage|p1a: Tyrannis|72/100 psn|[from] psn
|-damage|p1a: Tyrannis|60/100 psn|[from] move: Infestation|[partiallytrapped]
|upkeep
|turn|3
|
|t:|1785866785
|-heal|p2b: Toxapex|77/100|[from] ability: Regenerator|[silent]
|switch|p2b: Charizard|Charizard, L50, M|100/100
|move|p1b: Misaki|Close Combat|p2a: Incineroar
|-supereffective|p2a: Incineroar|1
|-damage|p2a: Incineroar|48/100
|-unboost|p1b: Misaki|def|1
|-unboost|p1b: Misaki|spd|1
|-enditem|p2a: Incineroar|Sitrus Berry|[eat]
|-heal|p2a: Incineroar|73/100|[from] item: Sitrus Berry
|move|p1a: Tyrannis|Stomping Tantrum|p2a: Incineroar
|-supereffective|p2a: Incineroar|1
|-damage|p2a: Incineroar|16/100
|move|p2a: Incineroar|Parting Shot|p1a: Tyrannis
|-unboost|p1a: Tyrannis|atk|1
|-unboost|p1a: Tyrannis|spa|1
|
|t:|1785866801
|switch|p2a: Toxapex|Toxapex, L50, F, shiny|77/100|[from] Parting Shot
|
|-heal|p2a: Toxapex|82/100|[from] item: Leftovers
|-damage|p1a: Tyrannis|48/100 psn|[from] psn
|-end|p1a: Tyrannis|Infestation|[partiallytrapped]|[silent]
|upkeep
|-enditem|p1a: Tyrannis|Sitrus Berry|[eat]
|-heal|p1a: Tyrannis|73/100 psn|[from] item: Sitrus Berry
|turn|4
|
|t:|1785866816
|switch|p1a: Emboar|Emboar, L50, M|100/100
|detailschange|p2b: Charizard|Charizard-Mega-Y, L50, M
|-mega|p2b: Charizard|Charizard|Charizardite Y
|-weather|SunnyDay|[from] ability: Drought|[of] p2b: Charizard
|move|p2a: Toxapex|Wide Guard|p2a: Toxapex
|-singleturn|p2a: Toxapex|Wide Guard
|move|p1b: Misaki|Coaching|p1a: Emboar
|-boost|p1a: Emboar|atk|1
|-boost|p1a: Emboar|def|1
|move|p2b: Charizard|Heat Wave|p1a: Emboar|[spread] p1a,p1b
|-resisted|p1a: Emboar|1
|-damage|p1a: Emboar|60/100
|-damage|p1b: Misaki|0 fnt
|faint|p1b: Misaki
|
|-weather|SunnyDay|[upkeep]
|-heal|p2a: Toxapex|88/100|[from] item: Leftovers
|upkeep
|
|t:|1785866832
|switch|p1b: Tyrannis|Garchomp, L50, M|73/100 psn
|turn|5
|
|t:|1785866837
|-heal|p2a: Toxapex|100/100|[from] ability: Regenerator|[silent]
|switch|p2a: Incineroar|Incineroar, L50, F|16/100
|-ability|p2a: Incineroar|Intimidate|boost
|-unboost|p1a: Emboar|atk|1
|-unboost|p1b: Tyrannis|atk|1
|detailschange|p1a: Emboar|Emboar-Mega, L50, M
|-mega|p1a: Emboar|Emboar|Emboarite
|-ability|p1a: Emboar|Mold Breaker
|move|p2b: Charizard|Protect|p2b: Charizard
|-singleturn|p2b: Charizard|Protect
|move|p1b: Tyrannis|Stomping Tantrum|p2a: Incineroar
|-supereffective|p2a: Incineroar|1
|-damage|p2a: Incineroar|0 fnt
|faint|p2a: Incineroar
|move|p1a: Emboar|Drain Punch|p2b: Charizard
|-activate|p2b: Charizard|move: Protect
|
|-weather|SunnyDay|[upkeep]
|-damage|p1b: Tyrannis|61/100 psn|[from] psn
|upkeep
|
|t:|1785866855
|switch|p2a: Venusaur|Venusaur, L50, M|100/100
|turn|6
|inactive|TheMochiMan has 30 seconds left.
|inactive|TheMochiMan has 20 seconds left.
|
|t:|1785866890
|move|p2a: Venusaur|Earth Power|p1a: Emboar
|-supereffective|p1a: Emboar|1
|-damage|p1a: Emboar|2/100
|-damage|p2a: Venusaur|90/100|[from] item: Life Orb
|move|p1b: Tyrannis|Stomping Tantrum|p2b: Charizard
|-immune|p2b: Charizard
|move|p2b: Charizard|Weather Ball|p1b: Tyrannis
|-resisted|p1b: Tyrannis|1
|-damage|p1b: Tyrannis|22/100 psn
|move|p1a: Emboar|Flare Blitz|p2a: Venusaur
|-supereffective|p2a: Venusaur|1
|-damage|p2a: Venusaur|0 fnt
|faint|p2a: Venusaur
|-damage|p1a: Emboar|0 fnt|[from] Recoil
|faint|p1a: Emboar
|
|-weather|SunnyDay|[upkeep]
|-damage|p1b: Tyrannis|10/100 psn|[from] psn
|upkeep
|
|t:|1785866896
|switch|p2a: Toxapex|Toxapex, L50, F, shiny|100/100
|switch|p1a: Ptietro|Aerodactyl, L50, M|100/100
|-ability|p1a: Ptietro|Unnerve
|turn|7
|
|t:|1785866910
|move|p2b: Charizard|Protect|p2b: Charizard
|-singleturn|p2b: Charizard|Protect
|move|p2a: Toxapex|Baneful Bunker|p2a: Toxapex
|-singleturn|p2a: Toxapex|move: Protect
|move|p1a: Ptietro|Rock Slide|p2b: Charizard|[spread] 
|-activate|p2a: Toxapex|move: Protect
|-activate|p2b: Charizard|move: Protect
|move|p1b: Tyrannis|Stomping Tantrum|p2a: Toxapex
|-activate|p2a: Toxapex|move: Protect
|
|-weather|SunnyDay|[upkeep]
|-damage|p1b: Tyrannis|0 fnt|[from] psn
|faint|p1b: Tyrannis
|upkeep
|turn|8
|
|t:|1785866916
|move|p2a: Toxapex|Wide Guard|p2a: Toxapex
|-singleturn|p2a: Toxapex|Wide Guard
|move|p1a: Ptietro|Rock Slide|p2b: Charizard|[spread] 
|-activate|p2a: Toxapex|move: Wide Guard
|-activate|p2b: Charizard|move: Wide Guard
|move|p2b: Charizard|Weather Ball|p1a: Ptietro
|-resisted|p1a: Ptietro|1
|-damage|p1a: Ptietro|49/100
|
|-weather|none
|upkeep
|turn|9
|
|t:|1785866923
|move|p2a: Toxapex|Wide Guard|p2a: Toxapex
|-singleturn|p2a: Toxapex|Wide Guard
|move|p1a: Ptietro|Rock Slide|p2b: Charizard|[spread] 
|-activate|p2a: Toxapex|move: Wide Guard
|-activate|p2b: Charizard|move: Wide Guard
|move|p2b: Charizard|Heat Wave|p1a: Ptietro
|-resisted|p1a: Ptietro|1
|-damage|p1a: Ptietro|16/100
|
|upkeep
|turn|10
|
|t:|1785866927
|move|p2a: Toxapex|Wide Guard|p2a: Toxapex
|-singleturn|p2a: Toxapex|Wide Guard
|move|p1a: Ptietro|Rock Slide|p2a: Toxapex|[spread] 
|-activate|p2a: Toxapex|move: Wide Guard
|-activate|p2b: Charizard|move: Wide Guard
|move|p2b: Charizard|Heat Wave|p1a: Ptietro
|-resisted|p1a: Ptietro|1
|-damage|p1a: Ptietro|0 fnt
|faint|p1a: Ptietro
|
|win|TheMochiMan
||HunterOnShowdown is ready for game 2.
||TheMochiMan is ready for game 2.
|uhtml|next|Next: Game 2 of 3
|l|☆HunterOnShowdown
|player|p1|
