|j|☆Mongoos19
|j|☆reggiehedge
|html|Mongoos19reggiehedge    
|uhtml|bestof|Game 2 of a best-of-3
|t:|1783128926
|gametype|doubles
|player|p1|Mongoos19|1|
|player|p2|reggiehedge|medium|
|gen|9
|tier|[Gen 9 Champions] VGC 2026 Reg M-B (Bo3)
|rule|Species Clause: Limit one of each Pokémon
|rule|Item Clause: Limit 1 of each item
|clearpoke
|poke|p1|Meowstic, L50, M|
|poke|p1|Slowbro, L50, F, shiny|
|poke|p1|Arcanine-Hisui, L50, F, shiny|
|poke|p1|Gyarados, L50, M, shiny|
|poke|p1|Sinistcha, L50|
|poke|p1|Tyranitar, L50, F|
|poke|p2|Basculegion, L50, M|
|poke|p2|Heracross, L50, M|
|poke|p2|Gliscor, L50, M|
|poke|p2|Garchomp, L50, M|
|poke|p2|Rotom-Wash, L50|
|poke|p2|Slowking-Galar, L50, M|
|teampreview|4
|showteam|p1|Meowstic||SitrusBerry|Prankster|FakeOut,RainDance,SkillSwap,PsychicTerrain|Careful||M|||50|]Slowbro||Slowbronite|Oblivious|ExpandingForce,CalmMind,SlackOff,IronDefense|Quiet||F|||50|]Arcanine-Hisui||ChoiceScarf|Intimidate|RockSlide,FlareBlitz,WildCharge,HeadSmash|Adamant||F|||50|]Gyarados||ChestoBerry|Intimidate|Waterfall,Crunch,DragonDance,Protect|Adamant||M|||50|]Sinistcha||KasibBerry|Hospitality|MatchaGotcha,LeafStorm,RagePowder,Protect|Modest|||||50|]Tyranitar||ShucaBerry|SandStream|RockSlide,KnockOff,IcePunch,Substitute|Brave||F|||50|
|showteam|p2|Basculegion||LumBerry|Adaptability|LastRespects,WaveCrash,AquaJet,Protect|Adamant||M|||50|]Heracross||Heracronite|Swarm|BulletSeed,PinMissile,CloseCombat,Detect|Adamant||M|||50|]Gliscor||Leftovers|HyperCutter|KnockOff,Substitute,Toxic,Protect|Impish||M|||50|]Garchomp||WhiteHerb|SandVeil|RockSlide,DragonClaw,StompingTantrum,Protect|Jolly||M|||50|]Rotom-Wash||Magnet|Levitate|Discharge,Electroweb,HydroPump,Protect|Timid|||||50|]Slowking-Galar||SitrusBerry|Regenerator|ChillingWater,Toxic,SlackOff,Protect|Calm||M|||50|
|inactive|Battle timer is ON: inactive players will automatically lose when time's up. (requested by Mongoos19)
|inactive|reggiehedge has 60 seconds left.
|
|t:|1783128977
|teamsize|p1|4
|teamsize|p2|4
|start
|switch|p1a: Tyranitar|Tyranitar, L50, F|100/100
|switch|p1b: Arcanine|Arcanine-Hisui, L50, F, shiny|100/100
|switch|p2a: Rotom|Rotom-Wash, L50|100/100
|switch|p2b: Garchomp|Garchomp, L50, M|100/100
|-ability|p1b: Arcanine|Intimidate|boost
|-unboost|p2a: Rotom|atk|1
|-unboost|p2b: Garchomp|atk|1
|-weather|Sandstorm|[from] ability: Sand Stream|[of] p1a: Tyranitar
|-enditem|p2b: Garchomp|White Herb
|-clearnegativeboost|p2b: Garchomp|[silent]
|turn|1
|inactive|Mongoos19 has 30 seconds left.
|inactive|reggiehedge has 30 seconds left.
|
|t:|1783129016
|move|p1b: Arcanine|Head Smash|p2a: Rotom
|-damage|p2a: Rotom|0 fnt
|faint|p2a: Rotom
|-damage|p1b: Arcanine|62/100|[from] Recoil
|move|p2b: Garchomp|Stomping Tantrum|p1b: Arcanine
|-supereffective|p1b: Arcanine|2
|-damage|p1b: Arcanine|0 fnt
|faint|p1b: Arcanine
|move|p1a: Tyranitar|Ice Punch|p2b: Garchomp|[miss]
|-miss|p1a: Tyranitar|p2b: Garchomp
|
|-weather|Sandstorm|[upkeep]
|upkeep
|
|t:|1783129030
|switch|p2a: Gliscor|Gliscor, L50, M|100/100
|switch|p1b: Gyarados|Gyarados, L50, M, shiny|100/100
|-ability|p1b: Gyarados|Intimidate|boost
|-fail|p2a: Gliscor|unboost|Attack|[from] ability: Hyper Cutter|[of] p2a: Gliscor
|-unboost|p2b: Garchomp|atk|1
|turn|2
|inactive|reggiehedge has 30 seconds left.
|c|☆Mongoos19|That's so mean
|inactive|reggiehedge has 20 seconds left.
|inactiveoff|Battle timer is now OFF.
|
|t:|1783129070
|move|p2b: Garchomp|Rock Slide|p1b: Gyarados|[spread] p1a,p1b
|-supereffective|p1b: Gyarados|1
|-damage|p1a: Tyranitar|89/100
|-damage|p1b: Gyarados|68/100
|cant|p1b: Gyarados|flinch
|move|p2a: Gliscor|Toxic|p1a: Tyranitar
|-status|p1a: Tyranitar|tox
|move|p1a: Tyranitar|Ice Punch|p2b: Garchomp
|-supereffective|p2b: Garchomp|2
|-damage|p2b: Garchomp|0 fnt
|faint|p2b: Garchomp
|
|-weather|Sandstorm|[upkeep]
|-damage|p1b: Gyarados|62/100|[from] Sandstorm
|-damage|p1a: Tyranitar|84/100 tox|[from] psn
|upkeep
|
|t:|1783129080
|switch|p2b: Basculegion|Basculegion, L50, M|100/100
|turn|3
|
|t:|1783129111
|switch|p1a: Sinistcha|Sinistcha, L50|100/100
|-heal|p1b: Gyarados|87/100|[from] ability: Hospitality|[of] p1a: Sinistcha
|move|p2b: Basculegion|Protect|p2b: Basculegion
|-singleturn|p2b: Basculegion|Protect
|move|p1b: Gyarados|Dragon Dance|p1b: Gyarados
|-boost|p1b: Gyarados|atk|1
|-boost|p1b: Gyarados|spe|1
|move|p2a: Gliscor|Toxic|p1b: Gyarados|[miss]
|-miss|p2a: Gliscor|p1b: Gyarados
|
|-weather|Sandstorm|[upkeep]
|-damage|p1b: Gyarados|81/100|[from] Sandstorm
|-damage|p2b: Basculegion|93/100|[from] Sandstorm
|-damage|p1a: Sinistcha|93/100|[from] Sandstorm
|upkeep
|turn|4
|
|t:|1783129145
|move|p1b: Gyarados|Crunch|p2b: Basculegion
|-supereffective|p2b: Basculegion|1
|-damage|p2b: Basculegion|0 fnt
|faint|p2b: Basculegion
|move|p2a: Gliscor|Knock Off|p1b: Gyarados
|-damage|p1b: Gyarados|52/100
|-enditem|p1b: Gyarados|Chesto Berry|[from] move: Knock Off|[of] p2a: Gliscor
|move|p1a: Sinistcha|Matcha Gotcha|p2a: Gliscor
|-damage|p2a: Gliscor|51/100
|-heal|p1a: Sinistcha|100/100|[from] drain|[of] p2a: Gliscor
|
|-weather|Sandstorm|[upkeep]
|-damage|p1b: Gyarados|46/100|[from] Sandstorm
|-damage|p1a: Sinistcha|93/100|[from] Sandstorm
|-heal|p2a: Gliscor|57/100|[from] item: Leftovers
|upkeep
|turn|5
|
|t:|1783129159
|move|p1b: Gyarados|Waterfall|p2a: Gliscor
|-supereffective|p2a: Gliscor|1
|-damage|p2a: Gliscor|0 fnt
|faint|p2a: Gliscor
|
|win|Mongoos19
