|j|☆Colonelpaco
|j|☆15Hugs
|html|Colonelpaco15Hugs    
|uhtml|bestof|Game 2 of a best-of-3
|t:|1757724120
|gametype|doubles
|player|p1|Colonelpaco|102|1100
|player|p2|15Hugs|gentleman-gen4|1101
|gen|9
|tier|[Gen 9] VGC 2025 Reg H (Bo3)
|rated|
|rule|Species Clause: Limit one of each Pokémon
|rule|Item Clause: Limit 1 of each item
|clearpoke
|poke|p1|Sneasler, L50, F|
|poke|p1|Dragapult, L50, M|
|poke|p1|Primarina, L50, F|
|poke|p1|Rillaboom, L50, M|
|poke|p1|Kingambit, L50, M|
|poke|p1|Magmar, L50, F|
|poke|p2|Kingambit, L50, F|
|poke|p2|Primarina, L50, M|
|poke|p2|Sneasler, L50, M|
|poke|p2|Magmar, L50, M|
|poke|p2|Rillaboom, L50, F|
|poke|p2|Dragapult, L50, M|
|teampreview|4
|showteam|p1|Sneasler||FocusSash|Unburden|CloseCombat,DireClaw,FakeOut,Protect|||F|||50|,,,,,Stellar]Dragapult||ChoiceBand|ClearBody|DragonDarts,TeraBlast,PhantomForce,Uturn|||M|||50|,,,,,Ghost]Primarina||SitrusBerry|LiquidVoice|HyperVoice,Moonblast,Haze,Protect|||F|||50|,,,,,Water]Rillaboom||AssaultVest|GrassySurge|WoodHammer,GrassyGlide,HighHorsepower,FakeOut|||M|||50|,,,,,Fire]Kingambit||BlackGlasses|Defiant|KowtowCleave,SuckerPunch,SwordsDance,Protect|||M|||50|,,,,,Ghost]Magmar||Eviolite|VitalSpirit|Overheat,WillOWisp,FollowMe,Protect|||F|||50|,,,,,Ghost
|showteam|p2|Kingambit||BlackGlasses|Defiant|KowtowCleave,SuckerPunch,SwordsDance,Protect|||F|||50|,,,,,Dark]Primarina||SitrusBerry|LiquidVoice|HyperVoice,Moonblast,Haze,Protect|||M|||50|,,,,,Poison]Sneasler||FocusSash|PoisonTouch|CloseCombat,DireClaw,FakeOut,Protect|||M|||50|,,,,,Ghost]Magmar||Eviolite|VitalSpirit|Overheat,WillOWisp,FollowMe,Protect|||M|||50|,,,,,Ghost]Rillaboom||AssaultVest|GrassySurge|WoodHammer,GrassyGlide,HighHorsepower,FakeOut|||F|||50|,,,,,Fire]Dragapult||ChoiceBand|ClearBody|DragonDarts,PhantomForce,Outrage,Uturn|||M|||50|,,,,,Dragon
|inactive|Battle timer is ON: inactive players will automatically lose when time's up. (requested by Colonelpaco)
|inactive|Colonelpaco has 60 seconds left.
|inactive|15Hugs has 60 seconds left.
|inactive|15Hugs has 30 seconds left.
|
|t:|1757724182
|teamsize|p1|4
|teamsize|p2|4
|start
|switch|p1a: Kingambit|Kingambit, L50, M|100/100
|switch|p1b: Sneasler|Sneasler, L50, F|100/100
|switch|p2a: Magmar|Magmar, L50, M|100/100
|switch|p2b: Dragapult|Dragapult, L50, M|100/100
|turn|1
|inactive|15Hugs has 30 seconds left.
|
|t:|1757724210
|-terastallize|p2a: Magmar|Ghost
|move|p1b: Sneasler|Fake Out|p2a: Magmar
|-immune|p2a: Magmar
|move|p2a: Magmar|Follow Me|p2a: Magmar
|-singleturn|p2a: Magmar|move: Follow Me
|move|p1a: Kingambit|Sucker Punch||[still]
|-fail|p1a: Kingambit
|move|p2b: Dragapult|Dragon Darts|p1a: Kingambit
|-resisted|p1a: Kingambit
|-damage|p1a: Kingambit|84/100
|-anim|p2b: Dragapult|Dragon Darts|p1b: Sneasler
|-damage|p1b: Sneasler|25/100
|
|upkeep
|turn|2
|
|t:|1757724230
|move|p1b: Sneasler|Protect|p1b: Sneasler
|-singleturn|p1b: Sneasler|Protect
|move|p2b: Dragapult|Dragon Darts|p1a: Kingambit
|-resisted|p1a: Kingambit
|-damage|p1a: Kingambit|69/100
|-anim|p2b: Dragapult|Dragon Darts|p1a: Kingambit
|-resisted|p1a: Kingambit
|-damage|p1a: Kingambit|53/100
|move|p2a: Magmar|Will-O-Wisp|p1a: Kingambit
|-status|p1a: Kingambit|brn
|move|p1a: Kingambit|Kowtow Cleave|p2b: Dragapult
|-supereffective|p2b: Dragapult
|-damage|p2b: Dragapult|18/100
|
|-damage|p1a: Kingambit|47/100 brn|[from] brn
|upkeep
|turn|3
|
|t:|1757724250
|move|p2a: Magmar|Follow Me|p2a: Magmar
|-singleturn|p2a: Magmar|move: Follow Me
|move|p2b: Dragapult|Dragon Darts|p1a: Kingambit
|-resisted|p1a: Kingambit
|-damage|p1a: Kingambit|32/100 brn
|-anim|p2b: Dragapult|Dragon Darts|p1b: Sneasler
|-damage|p1b: Sneasler|0 fnt
|faint|p1b: Sneasler
|move|p1a: Kingambit|Kowtow Cleave|p2a: Magmar
|-supereffective|p2a: Magmar
|-damage|p2a: Magmar|52/100
|
|-damage|p1a: Kingambit|26/100 brn|[from] brn
|upkeep
|
|t:|1757724263
|switch|p1b: Magmar|Magmar, L50, F|100/100
|turn|4
|
|t:|1757724276
|move|p2a: Magmar|Follow Me|p2a: Magmar
|-singleturn|p2a: Magmar|move: Follow Me
|move|p1b: Magmar|Follow Me|p1b: Magmar
|-singleturn|p1b: Magmar|move: Follow Me
|move|p2b: Dragapult|Dragon Darts|p1b: Magmar
|-damage|p1b: Magmar|71/100
|-anim|p2b: Dragapult|Dragon Darts|p1b: Magmar
|-damage|p1b: Magmar|41/100
|move|p1a: Kingambit|Kowtow Cleave|p2a: Magmar
|-supereffective|p2a: Magmar
|-damage|p2a: Magmar|2/100
|
|-damage|p1a: Kingambit|20/100 brn|[from] brn
|upkeep
|turn|5
|
|t:|1757724290
|move|p1a: Kingambit|Protect|p1a: Kingambit
|-singleturn|p1a: Kingambit|Protect
|move|p2a: Magmar|Follow Me|p2a: Magmar
|-singleturn|p2a: Magmar|move: Follow Me
|move|p2b: Dragapult|Dragon Darts|p1b: Magmar
|-damage|p1b: Magmar|11/100
|-anim|p2b: Dragapult|Dragon Darts|p1b: Magmar
|-damage|p1b: Magmar|0 fnt
|faint|p1b: Magmar
|
|-damage|p1a: Kingambit|14/100 brn|[from] brn
|upkeep
|
|t:|1757724300
|switch|p1b: Rillaboom|Rillaboom, L50, M|100/100
|-fieldstart|move: Grassy Terrain|[from] ability: Grassy Surge|[of] p1b: Rillaboom
|turn|6
|
|t:|1757724312
|switch|p2b: Kingambit|Kingambit, L50, F|100/100
|move|p1b: Rillaboom|Grassy Glide|p2a: Magmar
|-damage|p2a: Magmar|0 fnt
|faint|p2a: Magmar
|move|p1a: Kingambit|Sucker Punch||[still]
|-fail|p1a: Kingambit
|
|-heal|p1a: Kingambit|20/100 brn|[from] Grassy Terrain
|-damage|p1a: Kingambit|14/100 brn|[from] brn
|upkeep
|
|t:|1757724322
|switch|p2a: Sneasler|Sneasler, L50, M|100/100
|turn|7
|
|t:|1757724340
|move|p1a: Kingambit|Protect|p1a: Kingambit
|-singleturn|p1a: Kingambit|Protect
|move|p2a: Sneasler|Fake Out|p1a: Kingambit
|-activate|p1a: Kingambit|move: Protect
|move|p1b: Rillaboom|High Horsepower|p2b: Kingambit
|-supereffective|p2b: Kingambit
|-damage|p2b: Kingambit|50/100
|move|p2b: Kingambit|Swords Dance|p2b: Kingambit
|-boost|p2b: Kingambit|atk|2
|
|-heal|p1a: Kingambit|20/100 brn|[from] Grassy Terrain
|-heal|p2b: Kingambit|56/100|[from] Grassy Terrain
|-damage|p1a: Kingambit|14/100 brn|[from] brn
|upkeep
|turn|8
|inactive|Colonelpaco has 30 seconds left.
|
|t:|1757724370
|move|p2b: Kingambit|Protect|p2b: Kingambit
|-singleturn|p2b: Kingambit|Protect
|move|p2a: Sneasler|Close Combat|p1a: Kingambit
|-supereffective|p1a: Kingambit
|-damage|p1a: Kingambit|0 fnt
|-unboost|p2a: Sneasler|def|1
|-unboost|p2a: Sneasler|spd|1
|faint|p1a: Kingambit
|move|p1b: Rillaboom|Wood Hammer|p2b: Kingambit
|-activate|p2b: Kingambit|move: Protect
|
|-heal|p2b: Kingambit|62/100|[from] Grassy Terrain
|upkeep
|turn|9
|-message|Colonelpaco forfeited.
|
|win|15Hugs
||Colonelpaco is ready for game 3.
|inactive|15Hugs has 30 seconds to confirm battle start!
||15Hugs is ready for game 3.
|uhtml|next|Next: Game 3 of 3
|l|☆15Hugs
|player|p2|
