|j|☆nikolasnaiz
|j|☆vassa777_vgc
|html|nikolasnaizvassa777_vgc    
|uhtml|bestof|Game 2 of a best-of-3
|t:|1756825671
|gametype|doubles
|player|p1|nikolasnaiz|larry|1276
|player|p2|vassa777_vgc|miku-ghost|1262
|gen|9
|tier|[Gen 9] VGC 2025 Reg H (Bo3)
|rated|
|rule|Species Clause: Limit one of each Pokémon
|rule|Item Clause: Limit 1 of each item
|clearpoke
|poke|p1|Dragonite, L50, F|
|poke|p1|Ursaluna-Bloodmoon, L50, M|
|poke|p1|Annihilape, L50, M|
|poke|p1|Volcarona, L50, M|
|poke|p1|Rillaboom, L50, F|
|poke|p1|Incineroar, L50, M|
|poke|p2|Sneasler, L50, F|
|poke|p2|Primarina, L50, F|
|poke|p2|Kingambit, L50, M|
|poke|p2|Rillaboom, L50, M|
|poke|p2|Electabuzz, L50, M|
|poke|p2|Dragapult, L50, M|
|teampreview|4
|showteam|p1|Dragonite||LoadedDice|Multiscale|Protect,ScaleShot,Tailwind,Haze|||F|||50|,,,,,Steel]Ursaluna-Bloodmoon||FocusSash|MindsEye|Protect,BloodMoon,EarthPower,HyperVoice|||M|||50|,,,,,Normal]Annihilape||LumBerry|Defiant|Protect,RageFist,CloseCombat,Taunt|||M|||50|,,,,,Fire]Volcarona||CovertCloak|FlameBody|Protect,QuiverDance,HeatWave,TeraBlast|||M|||50|,,,,,Fairy]Rillaboom||AssaultVest|GrassySurge|FakeOut,WoodHammer,GrassyGlide,HighHorsepower|||F|||50|,,,,,Fire]Incineroar||SafetyGoggles|Intimidate|FakeOut,PartingShot,FlareBlitz,KnockOff|||M|||50|,,,,,Ghost
|showteam|p2|Sneasler||FocusSash|PoisonTouch|DireClaw,CloseCombat,Protect,FakeOut|||F|||50|,,,,,Stellar]Primarina||ThroatSpray|LiquidVoice|Protect,HyperVoice,Moonblast,Haze|||F|||50|,,,,,Poison]Kingambit||BlackGlasses|Defiant|KowtowCleave,SwordsDance,SuckerPunch,Protect|||M|||50|,,,,,Dark]Rillaboom||AssaultVest|GrassySurge|WoodHammer,Uturn,GrassyGlide,FakeOut|||M|||50|,,,,,Fire]Electabuzz||Eviolite|VitalSpirit|Electroweb,Taunt,Protect,FollowMe|||M|||50|,,,,,Fairy]Dragapult||ChoiceBand|ClearBody|DragonDarts,Uturn,PhantomForce,Outrage|||M|||50|,,,,,Dragon
|inactive|Battle timer is ON: inactive players will automatically lose when time's up. (requested by nikolasnaiz)
|j| chineseambassador
|
|t:|1756825678
|teamsize|p1|4
|teamsize|p2|4
|start
|switch|p1a: Dragonite|Dragonite, L50, F, shiny|100/100
|switch|p1b: Incineroar|Incineroar, L50, M, shiny|100/100
|switch|p2a: Kingambit|Kingambit, L50, M|100/100
|switch|p2b: Electabuzz|Electabuzz, L50, M|100/100
|-ability|p1b: Incineroar|Intimidate|boost
|-unboost|p2a: Kingambit|atk|1
|-ability|p2a: Kingambit|Defiant|boost
|-boost|p2a: Kingambit|atk|2
|-unboost|p2b: Electabuzz|atk|1
|turn|1
|inactive|nikolasnaiz has 30 seconds left.
|
|t:|1756825706
|switch|p2b: Primarina|Primarina, L50, F, shiny|100/100
|move|p2a: Kingambit|Protect|p2a: Kingambit
|-singleturn|p2a: Kingambit|Protect
|move|p1b: Incineroar|Fake Out|p2b: Primarina
|-damage|p2b: Primarina|87/100
|move|p1a: Dragonite|Scale Shot|p2b: Primarina
|-immune|p2b: Primarina
|
|upkeep
|turn|2
|inactive|vassa777_vgc has 30 seconds left.
|
|t:|1756825732
|switch|p1a: Rillaboom|Rillaboom, L50, F|100/100
|-fieldstart|move: Grassy Terrain|[from] ability: Grassy Surge|[of] p1a: Rillaboom
|-terastallize|p2a: Kingambit|Dark
|move|p1b: Incineroar|Flare Blitz|p2a: Kingambit
|-damage|p2a: Kingambit|66/100
|-damage|p1b: Incineroar|89/100|[from] Recoil
|move|p2b: Primarina|Hyper Voice|p1b: Incineroar|[spread] p1a,p1b
|-resisted|p1a: Rillaboom
|-supereffective|p1b: Incineroar
|-damage|p1a: Rillaboom|88/100
|-damage|p1b: Incineroar|34/100
|-enditem|p2b: Primarina|Throat Spray
|-boost|p2b: Primarina|spa|1|[from] item: Throat Spray
|move|p2a: Kingambit|Kowtow Cleave|p1a: Rillaboom
|-damage|p1a: Rillaboom|0 fnt
|faint|p1a: Rillaboom
|
|-heal|p1b: Incineroar|40/100|[from] Grassy Terrain
|-heal|p2b: Primarina|93/100|[from] Grassy Terrain
|-heal|p2a: Kingambit|72/100|[from] Grassy Terrain
|upkeep
|
|t:|1756825745
|switch|p1a: Volcarona|Volcarona, L50, M|100/100
|turn|3
|
|t:|1756825754
|-terastallize|p1a: Volcarona|Fairy
|move|p1a: Volcarona|Quiver Dance|p1a: Volcarona
|-boost|p1a: Volcarona|spa|1
|-boost|p1a: Volcarona|spd|1
|-boost|p1a: Volcarona|spe|1
|move|p1b: Incineroar|Parting Shot|p2b: Primarina
|-unboost|p2b: Primarina|atk|1
|-unboost|p2b: Primarina|spa|1
|
|t:|1756825758
|switch|p1b: Dragonite|Dragonite, L50, F, shiny|100/100|[from] Parting Shot
|move|p2b: Primarina|Hyper Voice|p1b: Dragonite|[spread] p1a,p1b
|-resisted|p1b: Dragonite
|-damage|p1a: Volcarona|79/100
|-damage|p1b: Dragonite|91/100
|move|p2a: Kingambit|Kowtow Cleave|p1a: Volcarona
|-resisted|p1a: Volcarona
|-damage|p1a: Volcarona|8/100
|-status|p2a: Kingambit|brn|[from] ability: Flame Body|[of] p1a: Volcarona
|
|-heal|p1a: Volcarona|15/100|[from] Grassy Terrain
|-heal|p2b: Primarina|99/100|[from] Grassy Terrain
|-heal|p2a: Kingambit|78/100 brn|[from] Grassy Terrain
|-damage|p2a: Kingambit|72/100 brn|[from] brn
|upkeep
|turn|4
|
|t:|1756825771
|move|p1a: Volcarona|Protect|p1a: Volcarona
|-singleturn|p1a: Volcarona|Protect
|move|p2a: Kingambit|Sucker Punch||[still]
|-fail|p2a: Kingambit
|move|p1b: Dragonite|Scale Shot|p2a: Kingambit
|-damage|p2a: Kingambit|60/100 brn
|-damage|p2a: Kingambit|48/100 brn
|-damage|p2a: Kingambit|37/100 brn
|-damage|p2a: Kingambit|27/100 brn
|-hitcount|p2a: Kingambit|4
|-unboost|p1b: Dragonite|def|1
|-boost|p1b: Dragonite|spe|1
|move|p2b: Primarina|Hyper Voice|p1b: Dragonite|[spread] p1b
|-activate|p1a: Volcarona|move: Protect
|-resisted|p1b: Dragonite
|-damage|p1b: Dragonite|73/100
|
|-heal|p1a: Volcarona|21/100|[from] Grassy Terrain
|-heal|p2b: Primarina|100/100|[from] Grassy Terrain
|-heal|p2a: Kingambit|33/100 brn|[from] Grassy Terrain
|-damage|p2a: Kingambit|27/100 brn|[from] brn
|upkeep
|turn|5
|
|t:|1756825783
|move|p2a: Kingambit|Sucker Punch||[still]
|-fail|p2a: Kingambit
|move|p1a: Volcarona|Quiver Dance|p1a: Volcarona
|-boost|p1a: Volcarona|spa|1
|-boost|p1a: Volcarona|spd|1
|-boost|p1a: Volcarona|spe|1
|move|p1b: Dragonite|Scale Shot|p2a: Kingambit
|-damage|p2a: Kingambit|16/100 brn
|-damage|p2a: Kingambit|5/100 brn
|-damage|p2a: Kingambit|0 fnt
|faint|p2a: Kingambit
|-hitcount|p2: Kingambit|3
|-unboost|p1b: Dragonite|def|1
|-boost|p1b: Dragonite|spe|1
|move|p2b: Primarina|Hyper Voice|p1b: Dragonite|[spread] p1a,p1b
|-resisted|p1b: Dragonite
|-damage|p1a: Volcarona|5/100
|-damage|p1b: Dragonite|55/100
|
|-heal|p1a: Volcarona|11/100|[from] Grassy Terrain
|upkeep
|
|t:|1756825788
|switch|p2a: Electabuzz|Electabuzz, L50, M|100/100
|turn|6
|
|t:|1756825801
|move|p1a: Volcarona|Protect|p1a: Volcarona
|-singleturn|p1a: Volcarona|Protect
|move|p2a: Electabuzz|Follow Me|p2a: Electabuzz
|-singleturn|p2a: Electabuzz|move: Follow Me
|move|p1b: Dragonite|Scale Shot|p2a: Electabuzz
|-damage|p2a: Electabuzz|88/100
|-damage|p2a: Electabuzz|75/100
|-damage|p2a: Electabuzz|61/100
|-damage|p2a: Electabuzz|48/100
|-damage|p2a: Electabuzz|36/100
|-hitcount|p2a: Electabuzz|5
|-unboost|p1b: Dragonite|def|1
|-boost|p1b: Dragonite|spe|1
|move|p2b: Primarina|Hyper Voice|p1b: Dragonite|[spread] p1b
|-activate|p1a: Volcarona|move: Protect
|-resisted|p1b: Dragonite
|-damage|p1b: Dragonite|39/100
|
|-heal|p1a: Volcarona|17/100|[from] Grassy Terrain
|-heal|p2a: Electabuzz|42/100|[from] Grassy Terrain
|-fieldend|move: Grassy Terrain
|upkeep
|turn|7
|
|t:|1756825822
|move|p2a: Electabuzz|Follow Me|p2a: Electabuzz
|-singleturn|p2a: Electabuzz|move: Follow Me
|move|p1b: Dragonite|Tailwind|p1b: Dragonite
|-sidestart|p1: nikolasnaiz|move: Tailwind
|move|p1a: Volcarona|Heat Wave|p2b: Primarina|[spread] p2a,p2b
|-resisted|p2b: Primarina
|-damage|p2a: Electabuzz|0 fnt
|-damage|p2b: Primarina|72/100
|faint|p2a: Electabuzz
|move|p2b: Primarina|Hyper Voice|p1b: Dragonite|[spread] p1a,p1b
|-resisted|p1b: Dragonite
|-damage|p1a: Volcarona|2/100
|-damage|p1b: Dragonite|21/100
|
|upkeep
|
|t:|1756825831
|switch|p2a: Dragapult|Dragapult, L50, M, shiny|100/100
|turn|8
|
|t:|1756825838
|move|p1b: Dragonite|Scale Shot|p2a: Dragapult
|-supereffective|p2a: Dragapult
|-damage|p2a: Dragapult|55/100
|-supereffective|p2a: Dragapult
|-damage|p2a: Dragapult|14/100
|-supereffective|p2a: Dragapult
|-damage|p2a: Dragapult|0 fnt
|faint|p2a: Dragapult
|-hitcount|p2: Dragapult|3
|-unboost|p1b: Dragonite|def|1
|-boost|p1b: Dragonite|spe|1
|move|p1a: Volcarona|Tera Blast|p2b: Primarina|[anim] Tera Blast Fairy
|-damage|p2b: Primarina|5/100
|move|p2b: Primarina|Hyper Voice|p1b: Dragonite|[spread] p1a,p1b
|-resisted|p1b: Dragonite
|-damage|p1a: Volcarona|0 fnt
|-damage|p1b: Dragonite|5/100
|faint|p1a: Volcarona
|
|upkeep
|-message|vassa777_vgc forfeited.
|
|win|nikolasnaiz
|raw|nikolasnaiz's rating: 1276 → 1300(+24 for winning)
|raw|vassa777_vgc's rating: 1262 → 1238(-24 for losing)
|l|☆vassa777_vgc
|player|p2|
