|j|☆imonx6pace!
|j|☆bananapanner
|html|imonx6pace!bananapanner    
|uhtml|bestof|Game 2 of a best-of-3
|t:|1784602179
|gametype|doubles
|player|p1|imonx6pace!|rocketgrunt|1100
|player|p2|bananapanner|wattson|1085
|gen|9
|tier|[Gen 9 Champions] VGC 2026 Reg M-B (Bo3)
|rated|
|rule|Species Clause: Limit one of each Pokémon
|rule|Item Clause: Limit 1 of each item
|clearpoke
|poke|p1|Sinistcha, L50|
|poke|p1|Aerodactyl, L50, M|
|poke|p1|Sneasler, L50, M|
|poke|p1|Incineroar, L50, M|
|poke|p1|Garchomp, L50, M|
|poke|p1|Delphox, L50, M|
|poke|p2|Pelipper, L50, F|
|poke|p2|Archaludon, L50, F, shiny|
|poke|p2|Sinistcha-Masterpiece, L50|
|poke|p2|Grimmsnarl, L50, M, shiny|
|poke|p2|Swampert, L50, M|
|poke|p2|Gholdengo, L50|
|teampreview|4
|showteam|p1|Sinistcha||SitrusBerry|Hospitality|MatchaGotcha,RagePowder,LifeDew,TrickRoom|Calm|||||50|]Aerodactyl||FocusSash|Unnerve|Tailwind,RockSlide,DualWingbeat,Protect|Jolly||M|||50|]Sneasler||WhiteHerb|Unburden|FakeOut,DireClaw,CloseCombat,Protect|Jolly||M|||50|]Incineroar||ChopleBerry|Intimidate|FakeOut,PartingShot,FlareBlitz,ThroatChop|Careful||M|||50|]Garchomp||LifeOrb|RoughSkin|Earthquake,RockSlide,Protect,DragonClaw|Jolly||M|||50|]Delphox||Delphoxite|Blaze|NastyPlot,HeatWave,Psychic,Protect|Timid||M|||50|
|showteam|p2|Pelipper||SitrusBerry|Drizzle|WeatherBall,Hurricane,Tailwind,WideGuard|Modest||F|||50|]Archaludon||Leftovers|Stamina|ElectroShot,DragonPulse,FlashCannon,Protect|Modest||F|||50|]Sinistcha-Masterpiece||ColburBerry|Hospitality|MatchaGotcha,LifeDew,RagePowder,Protect|Bold|||||50|]Grimmsnarl||LightClay|Prankster|LightScreen,Taunt,PartingShot,FoulPlay|Careful||M|||50|]Swampert||Swampertite|Torrent|Earthquake,WaveCrash,IcePunch,Protect|Adamant||M|||50|]Gholdengo||LifeOrb|GoodasGold|NastyPlot,MakeItRain,ShadowBall,Protect|Modest|||||50|
|inactive|Battle timer is ON: inactive players will automatically lose when time's up. (requested by imonx6pace!)
|
|t:|1784602205
|teamsize|p1|4
|teamsize|p2|4
|start
|switch|p1a: Aerodactyl|Aerodactyl, L50, M|100/100
|switch|p1b: Incineroar|Incineroar, L50, M|100/100
|switch|p2a: Grimmsnarl|Grimmsnarl, L50, M, shiny|100/100
|switch|p2b: Sinkmouth|Pelipper, L50, F|100/100
|-ability|p1a: Aerodactyl|Unnerve
|-weather|RainDance|[from] ability: Drizzle|[of] p2b: Sinkmouth
|-ability|p1b: Incineroar|Intimidate|boost
|-unboost|p2a: Grimmsnarl|atk|1
|-unboost|p2b: Sinkmouth|atk|1
|turn|1
|
|t:|1784602227
|switch|p2a: London|Archaludon, L50, F, shiny|100/100
|move|p1a: Aerodactyl|Rock Slide|p2b: Sinkmouth|[spread] p2a,p2b
|-resisted|p2a: London|1
|-supereffective|p2b: Sinkmouth|1
|-damage|p2a: London|91/100
|-damage|p2b: Sinkmouth|44/100
|-ability|p2a: London|Stamina|boost
|-boost|p2a: London|def|1
|move|p2b: Sinkmouth|Tailwind|p2b: Sinkmouth
|-sidestart|p2: bananapanner|move: Tailwind
|move|p1b: Incineroar|Parting Shot|p2b: Sinkmouth
|-unboost|p2b: Sinkmouth|atk|1
|-unboost|p2b: Sinkmouth|spa|1
|
|t:|1784602236
|switch|p1b: Garchomp|Garchomp, L50, M|100/100|[from] Parting Shot
|
|-weather|RainDance|[upkeep]
|-heal|p2a: London|97/100|[from] item: Leftovers
|upkeep
|turn|2
|
|t:|1784602246
|move|p2b: Sinkmouth|Wide Guard|p2b: Sinkmouth
|-singleturn|p2b: Sinkmouth|Wide Guard
|move|p2a: London|Electro Shot||[still]
|-prepare|p2a: London|Electro Shot
|-boost|p2a: London|spa|1
|-anim|p2a: London|Electro Shot|p1a: Aerodactyl
|-supereffective|p1a: Aerodactyl|1
|-enditem|p1a: Aerodactyl|Focus Sash
|-damage|p1a: Aerodactyl|1/100
|move|p1a: Aerodactyl|Tailwind|p1a: Aerodactyl
|-sidestart|p1: imonx6pace!|move: Tailwind
|move|p1b: Garchomp|Earthquake|p2a: London|[spread] 
|-activate|p2a: London|move: Wide Guard
|-activate|p2b: Sinkmouth|move: Wide Guard
|-immune|p1a: Aerodactyl
|
|-weather|RainDance|[upkeep]
|-heal|p2a: London|100/100|[from] item: Leftovers
|upkeep
|turn|3
|
|t:|1784602261
|switch|p2b: BollockBuster|Swampert, L50, M|100/100
|move|p1a: Aerodactyl|Dual Wingbeat|p2b: BollockBuster
|-damage|p2b: BollockBuster|81/100
|-damage|p2b: BollockBuster|62/100
|-hitcount|p2b: BollockBuster|2
|move|p1b: Garchomp|Dragon Claw|p2b: BollockBuster
|-damage|p2b: BollockBuster|3/100
|-damage|p1b: Garchomp|90/100|[from] item: Life Orb
|move|p2a: London|Dragon Pulse|p1b: Garchomp
|-supereffective|p1b: Garchomp|1
|-damage|p1b: Garchomp|0 fnt
|faint|p1b: Garchomp
|
|-weather|RainDance|[upkeep]
|upkeep
|
|t:|1784602275
|switch|p1b: Delphox|Delphox, L50, M|100/100
|turn|4
|
|t:|1784602288
|detailschange|p1b: Delphox|Delphox-Mega, L50, M
|-mega|p1b: Delphox|Delphox|Delphoxite
|detailschange|p2b: BollockBuster|Swampert-Mega, L50, M
|-mega|p2b: BollockBuster|Swampert|Swampertite
|move|p1b: Delphox|Protect|p1b: Delphox
|-singleturn|p1b: Delphox|Protect
|move|p1a: Aerodactyl|Protect|p1a: Aerodactyl
|-singleturn|p1a: Aerodactyl|Protect
|move|p2b: BollockBuster|Wave Crash|p1b: Delphox
|-activate|p1b: Delphox|move: Protect
|move|p2a: London|Dragon Pulse|p1a: Aerodactyl
|-activate|p1a: Aerodactyl|move: Protect
|
|-weather|RainDance|[upkeep]
|-sideend|p2: bananapanner|move: Tailwind
|upkeep
|turn|5
|
|t:|1784602303
|switch|p2b: Grimmsnarl|Grimmsnarl, L50, M, shiny|100/100
|move|p1b: Delphox|Nasty Plot|p1b: Delphox
|-boost|p1b: Delphox|spa|2
|move|p1a: Aerodactyl|Rock Slide|p2a: London|[spread] p2a,p2b
|-resisted|p2a: London|1
|-damage|p2a: London|93/100
|-damage|p2b: Grimmsnarl|72/100
|-ability|p2a: London|Stamina|boost
|-boost|p2a: London|def|1
|move|p2a: London|Electro Shot||[still]
|-prepare|p2a: London|Electro Shot
|-boost|p2a: London|spa|1
|-anim|p2a: London|Electro Shot|p1a: Aerodactyl
|-supereffective|p1a: Aerodactyl|1
|-damage|p1a: Aerodactyl|0 fnt
|faint|p1a: Aerodactyl
|
|-weather|none
|-heal|p2a: London|99/100|[from] item: Leftovers
|-sideend|p1: imonx6pace!|move: Tailwind
|upkeep
|
|t:|1784602314
|switch|p1a: Incineroar|Incineroar, L50, M|100/100
|-ability|p1a: Incineroar|Intimidate|boost
|-unboost|p2a: London|atk|1
|-unboost|p2b: Grimmsnarl|atk|1
|turn|6
|
|t:|1784602327
|move|p1a: Incineroar|Fake Out|p2b: Grimmsnarl
|-damage|p2b: Grimmsnarl|61/100
|cant|p2b: Grimmsnarl|flinch
|move|p1b: Delphox|Heat Wave|p2b: Grimmsnarl|[spread] p2a,p2b
|-damage|p2a: London|15/100
|-damage|p2b: Grimmsnarl|0 fnt
|-ability|p2a: London|Stamina|boost
|-boost|p2a: London|def|1
|faint|p2b: Grimmsnarl
|move|p2a: London|Dragon Pulse|p1b: Delphox
|-damage|p1b: Delphox|22/100
|
|-heal|p2a: London|21/100|[from] item: Leftovers
|upkeep
|
|t:|1784602330
|switch|p2b: Sinkmouth|Pelipper, L50, F|44/100
|-enditem|p2b: Sinkmouth|Sitrus Berry|[eat]
|-heal|p2b: Sinkmouth|69/100|[from] item: Sitrus Berry
|-weather|RainDance|[from] ability: Drizzle|[of] p2b: Sinkmouth
|turn|7
|
|t:|1784602350
|move|p1b: Delphox|Psychic|p2b: Sinkmouth
|-damage|p2b: Sinkmouth|0 fnt
|faint|p2b: Sinkmouth
|move|p2a: London|Dragon Pulse|p1a: Incineroar
|-damage|p1a: Incineroar|41/100
|move|p1a: Incineroar|Parting Shot|p2a: London
|-unboost|p2a: London|atk|1
|-unboost|p2a: London|spa|1
|
|-weather|RainDance|[upkeep]
|-heal|p2a: London|27/100|[from] item: Leftovers
|upkeep
|
|t:|1784602353
|switch|p2b: BollockBuster|Swampert-Mega, L50, M|3/100
|turn|8
|
|t:|1784602367
|move|p2a: London|Protect|p2a: London
|-singleturn|p2a: London|Protect
|move|p2b: BollockBuster|Earthquake|p1a: Incineroar|[spread] p1a
|-activate|p2a: London|move: Protect
|-immune|p1b: Delphox|[from] ability: Levitate
|-supereffective|p1a: Incineroar|1
|-damage|p1a: Incineroar|0 fnt
|faint|p1a: Incineroar
|move|p1b: Delphox|Heat Wave|p2a: London|[spread] p2b
|-activate|p2a: London|move: Protect
|-resisted|p2b: BollockBuster|1
|-damage|p2b: BollockBuster|0 fnt
|faint|p2b: BollockBuster
|
|-weather|RainDance|[upkeep]
|-heal|p2a: London|33/100|[from] item: Leftovers
|upkeep
|turn|9
|c|☆imonx6pace!|GG
|c|☆bananapanner|SHITTT
|c|☆imonx6pace!|take a chill pill my guy
|inactive|bananapanner has 30 seconds left.
|c|☆imonx6pace!|i lost anyway
|c|☆bananapanner|nah im just playing up for dramatic effect
|inactive|bananapanner has 20 seconds left.
|inactive|bananapanner has 15 seconds left.
|
|t:|1784602409
|move|p1b: Delphox|Protect|p1b: Delphox
|-singleturn|p1b: Delphox|Protect
|move|p2a: London|Protect||[still]
|-fail|p2a: London
|
|-weather|RainDance|[upkeep]
|-heal|p2a: London|39/100|[from] item: Leftovers
|upkeep
|turn|10
|c|☆imonx6pace!|weird but sure
|
|t:|1784602416
|move|p2a: London|Protect|p2a: London
|-singleturn|p2a: London|Protect
|move|p1b: Delphox|Heat Wave|p2a: London
|-activate|p2a: London|move: Protect
|
|-weather|RainDance|[upkeep]
|-heal|p2a: London|45/100|[from] item: Leftovers
|upkeep
|turn|11
|
|t:|1784602420
|move|p1b: Delphox|Protect|p1b: Delphox
|-singleturn|p1b: Delphox|Protect
|move|p2a: London|Dragon Pulse|p1b: Delphox
|-activate|p1b: Delphox|move: Protect
|
|-weather|none
|-heal|p2a: London|51/100|[from] item: Leftovers
|upkeep
|turn|12
|
|t:|1784602424
|move|p1b: Delphox|Heat Wave|p2a: London
|-damage|p2a: London|0 fnt
|faint|p2a: London
|
|win|imonx6pace!
