|j|☆CalliopeOKBH
|j|☆gonnatortureyou
|html|CalliopeOKBHgonnatortureyou    
|uhtml|bestof|Game 2 of a best-of-3
|t:|1757200663
|gametype|doubles
|player|p1|CalliopeOKBH|zinnia|1104
|player|p2|gonnatortureyou|2|1188
|gen|9
|tier|[Gen 9] VGC 2025 Reg H (Bo3)
|rated|
|rule|Species Clause: Limit one of each Pokémon
|rule|Item Clause: Limit 1 of each item
|clearpoke
|poke|p1|Pelipper, L50, M|
|poke|p1|Salamence, L50, M|
|poke|p1|Archaludon, L50, F|
|poke|p1|Basculegion, L50, M|
|poke|p1|Incineroar, L50, M|
|poke|p1|Amoonguss, L50, F|
|poke|p2|Dragonite, L50, M|
|poke|p2|Kingambit, L50, M|
|poke|p2|Electabuzz, L50, F|
|poke|p2|Rillaboom, L50, M|
|poke|p2|Volcarona, L50, F|
|poke|p2|Sneasler, L50, M|
|teampreview|4
|showteam|p1|Pelipper||FocusSash|Drizzle|Tailwind,WideGuard,MuddyWater,Hurricane|||M|||50|,,,,,Ground]Salamence||LifeOrb|Intimidate|Hurricane,DracoMeteor,Tailwind,Protect|||M|||50|,,,,,Flying]Archaludon||AssaultVest|Stamina|ElectroShot,FlashCannon,DracoMeteor,BodyPress|||F|||50|,,,,,Grass]Basculegion||ClearAmulet|SwiftSwim|LastRespects,WaveCrash,FlipTurn,Protect|||M|||50|,,,,,Water]Incineroar||SafetyGoggles|Intimidate|FakeOut,KnockOff,PartingShot,Taunt|||M|||50|,,,,,Ghost]Amoonguss||RockyHelmet|Regenerator|RagePowder,SludgeBomb,Spore,Protect|||F|||50|,,,,,Bug
|showteam|p2|Dragonite||LoadedDice|Multiscale|ScaleShot,ExtremeSpeed,Haze,Protect|||M|||50|,,,,,Steel]Kingambit||BlackGlasses|Defiant|KowtowCleave,SuckerPunch,SwordsDance,Protect|||M|||50|,,,,,Dark]Electabuzz||Eviolite|VitalSpirit|Thunderbolt,Taunt,FollowMe,Protect|||F|||50|,,,,,Ghost]Rillaboom||AssaultVest|GrassySurge|WoodHammer,GrassyGlide,HighHorsepower,FakeOut|||M|||50|,,,,,Fire]Volcarona||Leftovers|FlameBody|HeatWave,TeraBlast,QuiverDance,Protect|||F|||50|,,,,,Fairy]Sneasler||FocusSash|Unburden|CloseCombat,DireClaw,Coaching,Protect|||M|||50|,,,,,Stellar
|inactive|Battle timer is ON: inactive players will automatically lose when time's up. (requested by CalliopeOKBH)
|inactive|gonnatortureyou also wants the timer to be on.
|
|t:|1757200675
|teamsize|p1|4
|teamsize|p2|4
|start
|switch|p1a: Pelipper|Pelipper, L50, M|100/100
|switch|p1b: Archaludon|Archaludon, L50, F|100/100
|switch|p2a: Sneasler|Sneasler, L50, M|100/100
|switch|p2b: Dragonite|Dragonite, L50, M|100/100
|-weather|RainDance|[from] ability: Drizzle|[of] p1a: Pelipper
|turn|1
|
|t:|1757200688
|switch|p1b: Basculegion|Basculegion, L50, M|100/100
|switch|p2b: Kingambit|Kingambit, L50, M|100/100
|move|p2a: Sneasler|Coaching|p2b: Kingambit
|-boost|p2b: Kingambit|atk|1
|-boost|p2b: Kingambit|def|1
|move|p1a: Pelipper|Tailwind|p1a: Pelipper
|-sidestart|p1: CalliopeOKBH|move: Tailwind
|
|-weather|RainDance|[upkeep]
|upkeep
|turn|2
|
|t:|1757200706
|-terastallize|p1b: Basculegion|Water
|move|p2a: Sneasler|Protect|p2a: Sneasler
|-singleturn|p2a: Sneasler|Protect
|move|p2b: Kingambit|Sucker Punch|p1b: Basculegion
|-damage|p1b: Basculegion|9/100
|move|p1b: Basculegion|Flip Turn|p2a: Sneasler
|-activate|p2a: Sneasler|move: Protect
|move|p1a: Pelipper|Hurricane|p2a: Sneasler
|-activate|p2a: Sneasler|move: Protect
|
|-weather|RainDance|[upkeep]
|upkeep
|turn|3
|
|t:|1757200716
|move|p2b: Kingambit|Sucker Punch|p1b: Basculegion
|-damage|p1b: Basculegion|0 fnt
|faint|p1b: Basculegion
|move|p1a: Pelipper|Hurricane|p2a: Sneasler
|-supereffective|p2a: Sneasler
|-enditem|p2a: Sneasler|Focus Sash
|-damage|p2a: Sneasler|1/100
|move|p2a: Sneasler|Dire Claw|p1a: Pelipper
|-damage|p1a: Pelipper|42/100
|
|-weather|RainDance|[upkeep]
|upkeep
|
|t:|1757200719
|switch|p1b: Amoonguss|Amoonguss, L50, F|100/100
|turn|4
|
|t:|1757200734
|switch|p1a: Archaludon|Archaludon, L50, F|100/100
|switch|p2b: Electabuzz|Electabuzz, L50, F|100/100
|move|p2a: Sneasler|Protect|p2a: Sneasler
|-singleturn|p2a: Sneasler|Protect
|move|p1b: Amoonguss|Spore|p2b: Electabuzz
|-immune|p2b: Electabuzz|[from] ability: Vital Spirit
|
|-weather|RainDance|[upkeep]
|-sideend|p1: CalliopeOKBH|move: Tailwind
|upkeep
|turn|5
|
|t:|1757200746
|move|p2b: Electabuzz|Follow Me|p2b: Electabuzz
|-singleturn|p2b: Electabuzz|move: Follow Me
|move|p1b: Amoonguss|Rage Powder|p1b: Amoonguss
|-singleturn|p1b: Amoonguss|move: Rage Powder
|move|p2a: Sneasler|Close Combat|p1b: Amoonguss
|-resisted|p1b: Amoonguss
|-damage|p1b: Amoonguss|74/100
|-unboost|p2a: Sneasler|def|1
|-unboost|p2a: Sneasler|spd|1
|-damage|p2a: Sneasler|0 fnt|[from] item: Rocky Helmet|[of] p1b: Amoonguss
|faint|p2a: Sneasler
|move|p1a: Archaludon|Electro Shot||[still]
|-prepare|p1a: Archaludon|Electro Shot
|-boost|p1a: Archaludon|spa|1
|-anim|p1a: Archaludon|Electro Shot|p2b: Electabuzz
|-resisted|p2b: Electabuzz
|-damage|p2b: Electabuzz|70/100
|
|-weather|none
|upkeep
|
|t:|1757200757
|switch|p2a: Kingambit|Kingambit, L50, M|100/100
|turn|6
|
|t:|1757200767
|switch|p1b: Pelipper|Pelipper, L50, M|42/100
|-weather|RainDance|[from] ability: Drizzle|[of] p1b: Pelipper
|move|p2b: Electabuzz|Follow Me|p2b: Electabuzz
|-singleturn|p2b: Electabuzz|move: Follow Me
|move|p1a: Archaludon|Body Press|p2b: Electabuzz
|-damage|p2b: Electabuzz|54/100
|move|p2a: Kingambit|Swords Dance|p2a: Kingambit
|-boost|p2a: Kingambit|atk|2
|
|-weather|RainDance|[upkeep]
|upkeep
|turn|7
|
|t:|1757200784
|switch|p1a: Amoonguss|Amoonguss, L50, F|100/100
|move|p2a: Kingambit|Protect|p2a: Kingambit
|-singleturn|p2a: Kingambit|Protect
|move|p2b: Electabuzz|Thunderbolt|p1b: Pelipper
|-supereffective|p1b: Pelipper
|-crit|p1b: Pelipper
|-damage|p1b: Pelipper|0 fnt
|faint|p1b: Pelipper
|
|-weather|RainDance|[upkeep]
|upkeep
|
|t:|1757200786
|switch|p1b: Archaludon|Archaludon, L50, F|100/100
|turn|8
|
|t:|1757200799
|move|p2b: Electabuzz|Follow Me|p2b: Electabuzz
|-singleturn|p2b: Electabuzz|move: Follow Me
|move|p1a: Amoonguss|Rage Powder|p1a: Amoonguss
|-singleturn|p1a: Amoonguss|move: Rage Powder
|move|p1b: Archaludon|Electro Shot||[still]
|-prepare|p1b: Archaludon|Electro Shot
|-boost|p1b: Archaludon|spa|1
|-anim|p1b: Archaludon|Electro Shot|p2b: Electabuzz
|-resisted|p2b: Electabuzz
|-crit|p2b: Electabuzz
|-damage|p2b: Electabuzz|8/100
|move|p2a: Kingambit|Swords Dance|p2a: Kingambit
|-boost|p2a: Kingambit|atk|2
|
|-weather|RainDance|[upkeep]
|upkeep
|turn|9
|
|t:|1757200822
|-terastallize|p2a: Kingambit|Dark
|move|p2b: Electabuzz|Protect|p2b: Electabuzz
|-singleturn|p2b: Electabuzz|Protect
|move|p1b: Archaludon|Electro Shot||[still]
|-prepare|p1b: Archaludon|Electro Shot
|-boost|p1b: Archaludon|spa|1
|-anim|p1b: Archaludon|Electro Shot|p2a: Kingambit
|-crit|p2a: Kingambit
|-damage|p2a: Kingambit|0 fnt
|faint|p2a: Kingambit
|move|p1a: Amoonguss|Spore|p2b: Electabuzz
|-activate|p2b: Electabuzz|move: Protect
|
|-weather|RainDance|[upkeep]
|upkeep
|
|t:|1757200832
|switch|p2a: Dragonite|Dragonite, L50, M|100/100
|turn|10
|
|t:|1757200841
|move|p2b: Electabuzz|Follow Me|p2b: Electabuzz
|-singleturn|p2b: Electabuzz|move: Follow Me
|move|p1a: Amoonguss|Rage Powder|p1a: Amoonguss
|-singleturn|p1a: Amoonguss|move: Rage Powder
|move|p1b: Archaludon|Electro Shot||[still]
|-prepare|p1b: Archaludon|Electro Shot
|-boost|p1b: Archaludon|spa|1
|-anim|p1b: Archaludon|Electro Shot|p2b: Electabuzz
|-resisted|p2b: Electabuzz
|-crit|p2b: Electabuzz
|-damage|p2b: Electabuzz|0 fnt
|faint|p2b: Electabuzz
|move|p2a: Dragonite|Scale Shot|p1a: Amoonguss
|-damage|p1a: Amoonguss|88/100
|-damage|p1a: Amoonguss|75/100
|-damage|p1a: Amoonguss|64/100
|-damage|p1a: Amoonguss|51/100
|-hitcount|p1a: Amoonguss|4
|-unboost|p2a: Dragonite|def|1
|-boost|p2a: Dragonite|spe|1
|
|-weather|none
|upkeep
|turn|11
|
|t:|1757200862
|move|p2a: Dragonite|Scale Shot|p1a: Amoonguss|[miss]
|-miss|p2a: Dragonite|p1a: Amoonguss
|move|p1b: Archaludon|Flash Cannon|p2a: Dragonite
|-damage|p2a: Dragonite|40/100
|move|p1a: Amoonguss|Spore|p2a: Dragonite
|-status|p2a: Dragonite|slp|[from] move: Spore
|
|upkeep
|turn|12
|-message|gonnatortureyou forfeited.
|
|win|CalliopeOKBH
||CalliopeOKBH is ready for game 3.
||gonnatortureyou is ready for game 3.
|uhtml|next|Next: Game 3 of 3
