|j|☆whoopeesucle
|j|☆lolgz
|html|whoopeesuclelolgz    
|uhtml|bestof|Game 1 of a best-of-3
|t:|1784097885
|gametype|doubles
|player|p1|whoopeesucle|1|1102
|player|p2|lolgz|dawn|1141
|gen|9
|tier|[Gen 9 Champions] VGC 2026 Reg M-B (Bo3)
|rated|
|rule|Species Clause: Limit one of each Pokémon
|rule|Item Clause: Limit 1 of each item
|clearpoke
|poke|p1|Froslass, L50, F|
|poke|p1|Dragonite, L50, M|
|poke|p1|Kingambit, L50, M|
|poke|p1|Blaziken, L50, F|
|poke|p1|Toxapex, L50, F|
|poke|p1|Sneasler, L50, M|
|poke|p2|Delphox, L50, M|
|poke|p2|Incineroar, L50, F|
|poke|p2|Vivillon, L50, F|
|poke|p2|Sinistcha, L50|
|poke|p2|Blastoise, L50, M|
|poke|p2|Maushold, L50|
|teampreview|4
|showteam|p1|Froslass||Froslassite|CursedBody|Blizzard,Protect,AuroraVeil,ShadowBall|Timid||F|||50|]Dragonite||LifeOrb|InnerFocus|DragonClaw,LowKick,Protect,ExtremeSpeed|Adamant||M|||50|]Kingambit||BlackGlasses|Defiant|Protect,SuckerPunch,KowtowCleave,LowKick|Adamant||M|||50|]Blaziken||Blazikenite|SpeedBoost|CloseCombat,FlareBlitz,Protect,RockSlide|Adamant||F|||50|]Toxapex||Leftovers|Regenerator|Infestation,Toxic,BanefulBunker,WideGuard|Bold||F|||50|]Sneasler||FocusSash|PoisonTouch|DireClaw,FakeOut,Protect,CloseCombat|Jolly||M|||50|
|showteam|p2|Delphox||Delphoxite|Blaze|HeatWave,Psychic,NastyPlot,Protect|Timid||M|||50|]Incineroar||SitrusBerry|Intimidate|FakeOut,PartingShot,FlareBlitz,ThroatChop|Impish||F|||50|]Vivillon||ChoiceScarf|CompoundEyes|SleepPowder,Hurricane,RagePowder,Tailwind|Timid||F|||50|]Sinistcha||CobaBerry|Hospitality|MatchaGotcha,RagePowder,Protect,TrickRoom|Bold|||||50|]Blastoise||Blastoisinite|RainDish|Protect,WaterSpout,DarkPulse,ShellSmash|Modest||M|||50|]Maushold||FocusSash|FriendGuard|FollowMe,Protect,SuperFang,HelpingHand|Jolly|||||50|
|inactive|Battle timer is ON: inactive players will automatically lose when time's up. (requested by lolgz)
|inactive|whoopeesucle has 60 seconds left.
|inactive|whoopeesucle has 30 seconds left.
|inactive|whoopeesucle has 20 seconds left.
|
|t:|1784097956
|teamsize|p1|4
|teamsize|p2|4
|start
|switch|p1a: Sneasler|Sneasler, L50, M|100/100
|switch|p1b: Blaziken|Blaziken, L50, F|100/100
|switch|p2a: Vivillon|Vivillon, L50, F|100/100
|switch|p2b: Delphox|Delphox, L50, M|100/100
|turn|1
|inactive|whoopeesucle has 30 seconds left.
|inactive|lolgz has 30 seconds left.
|inactive|whoopeesucle has 20 seconds left.
|inactive|lolgz has 20 seconds left.
|inactive|whoopeesucle has 15 seconds left.
|inactive|lolgz has 15 seconds left.
|inactive|lolgz has 10 seconds left.
|inactive|lolgz has 5 seconds left.
|
|t:|1784098011
|detailschange|p1b: Blaziken|Blaziken-Mega, L50, F
|-mega|p1b: Blaziken|Blaziken|Blazikenite
|move|p1a: Sneasler|Protect|p1a: Sneasler
|-singleturn|p1a: Sneasler|Protect
|move|p1b: Blaziken|Protect|p1b: Blaziken
|-singleturn|p1b: Blaziken|Protect
|move|p2a: Vivillon|Sleep Powder|p1b: Blaziken
|-activate|p1b: Blaziken|move: Protect
|move|p2b: Delphox|Heat Wave|p1b: Blaziken|[spread] 
|-activate|p1a: Sneasler|move: Protect
|-activate|p1b: Blaziken|move: Protect
|
|-ability|p1b: Blaziken|Speed Boost|boost
|-boost|p1b: Blaziken|spe|1
|upkeep
|turn|2
|
|t:|1784098030
|switch|p2a: Maushold|Maushold, L50|100/100
|detailschange|p2b: Delphox|Delphox-Mega, L50, M
|-mega|p2b: Delphox|Delphox|Delphoxite
|move|p2b: Delphox|Protect|p2b: Delphox
|-singleturn|p2b: Delphox|Protect
|move|p1b: Blaziken|Rock Slide|p2b: Delphox|[spread] p2a
|-activate|p2b: Delphox|move: Protect
|-damage|p2a: Maushold|69/100
|move|p1a: Sneasler|Dire Claw|p2b: Delphox
|-activate|p2b: Delphox|move: Protect
|
|-ability|p1b: Blaziken|Speed Boost|boost
|-boost|p1b: Blaziken|spe|1
|upkeep
|turn|3
|
|t:|1784098046
|move|p1b: Blaziken|Protect|p1b: Blaziken
|-singleturn|p1b: Blaziken|Protect
|move|p2a: Maushold|Follow Me|p2a: Maushold
|-singleturn|p2a: Maushold|move: Follow Me
|move|p2b: Delphox|Psychic|p1b: Blaziken
|-activate|p1b: Blaziken|move: Protect
|move|p1a: Sneasler|Close Combat|p2a: Maushold
|-supereffective|p2a: Maushold|1
|-damage|p2a: Maushold|0 fnt
|-unboost|p1a: Sneasler|def|1
|-unboost|p1a: Sneasler|spd|1
|faint|p2a: Maushold
|
|-ability|p1b: Blaziken|Speed Boost|boost
|-boost|p1b: Blaziken|spe|1
|upkeep
|
|t:|1784098062
|switch|p2a: Sinistcha|Sinistcha, L50|100/100
|turn|4
|
|t:|1784098080
|move|p2a: Sinistcha|Rage Powder|p2a: Sinistcha
|-singleturn|p2a: Sinistcha|move: Rage Powder
|move|p1b: Blaziken|Rock Slide|p2a: Sinistcha|[spread] p2b
|-miss|p1b: Blaziken|p2a: Sinistcha
|-supereffective|p2b: Delphox|1
|-damage|p2b: Delphox|16/100
|move|p2b: Delphox|Psychic|p1b: Blaziken
|-supereffective|p1b: Blaziken|1
|-damage|p1b: Blaziken|0 fnt
|faint|p1b: Blaziken
|move|p1a: Sneasler|Dire Claw|p2a: Sinistcha
|-damage|p2a: Sinistcha|69/100
|
|upkeep
|
|t:|1784098088
|switch|p1b: Dragonite|Dragonite, L50, M|100/100
|turn|5
|inactive|lolgz has 30 seconds left.
|
|t:|1784098117
|move|p1b: Dragonite|Extreme Speed|p2b: Delphox
|-damage|p2b: Delphox|0 fnt
|faint|p2b: Delphox
|-damage|p1b: Dragonite|90/100|[from] item: Life Orb
|move|p2a: Sinistcha|Rage Powder|p2a: Sinistcha
|-singleturn|p2a: Sinistcha|move: Rage Powder
|move|p1a: Sneasler|Dire Claw|p2a: Sinistcha
|-damage|p2a: Sinistcha|37/100
|
|upkeep
|-message|lolgz forfeited.
|raw|whoopeesucle's rating: 1102 → 1130(+28 for winning)
|raw|lolgz's rating: 1141 → 1113(-28 for losing)
|
|win|whoopeesucle
