|j|☆GS Barnabe
|j|☆kingjdjdjd
|html|GS Barnabekingjdjdjd    
|uhtml|bestof|Game 2 of a best-of-3
|t:|1785716677
|gametype|doubles
|player|p1|GS Barnabe|265|1257
|player|p2|kingjdjdjd|1|1243
|gen|9
|tier|[Gen 9 Champions] VGC 2026 Reg M-B (Bo3)
|rated|
|rule|Species Clause: Limit one of each Pokémon
|rule|Item Clause: Limit 1 of each item
|clearpoke
|poke|p1|Clefable, L50, F|
|poke|p1|Tyranitar, L50, F|
|poke|p1|Garchomp, L50, M|
|poke|p1|Gholdengo, L50|
|poke|p1|Rotom-Wash, L50|
|poke|p1|Aerodactyl, L50, M|
|poke|p2|Charizard, L50, M|
|poke|p2|Mamoswine, L50, M|
|poke|p2|Venusaur, L50, F|
|poke|p2|Incineroar, L50, M|
|poke|p2|Toxapex, L50, F|
|poke|p2|Hydreigon, L50, F|
|teampreview|4
|showteam|p1|Clefable||SitrusBerry|Unaware|Moonblast,HelpingHand,FollowMe,Protect|Bold||F|||50|]Tyranitar||ChoiceScarf|SandStream|RockSlide,KnockOff,IcePunch,Superpower|Jolly||F|||50|]Garchomp||Garchompite|SandVeil|DracoMeteor,EarthPower,PowerGem,Protect|Modest||M|||50|]Gholdengo||LifeOrb|GoodasGold|MakeItRain,ShadowBall,NastyPlot,Protect|Modest|||||50|]Rotom-Wash||Leftovers|Levitate|HydroPump,VoltSwitch,WillOWisp,Protect|Calm|||||50|]Aerodactyl||Aerodactylite|RockHead|RockSlide,DualWingbeat,Tailwind,Protect|Jolly||M|||50|
|showteam|p2|Charizard||CharizarditeY|Blaze|HeatWave,WeatherBall,SolarBeam,Protect|Modest||M|||50|]Mamoswine||LifeOrb|Oblivious|Earthquake,HighHorsepower,IceShard,Protect|Jolly||M|||50|]Venusaur||FocusSash|Chlorophyll|SludgeBomb,EarthPower,Protect,SleepPowder|Modest||F|||50|]Incineroar||ChopleBerry|Intimidate|FakeOut,FlareBlitz,CloseCombat,PartingShot|Adamant||M|||50|]Toxapex||Leftovers|Regenerator|Infestation,Toxic,WideGuard,BanefulBunker|Calm||F|||50|]Hydreigon||RoseliBerry|Levitate|DracoMeteor,Tailwind,Snarl,Protect|Modest||F|||50|
|inactive|Battle timer is ON: inactive players will automatically lose when time's up. (requested by kingjdjdjd)
|
|t:|1785716716
|teamsize|p1|4
|teamsize|p2|4
|start
|switch|p1a: Gholdengo|Gholdengo, L50|100/100
|switch|p1b: Clefable|Clefable, L50, F|100/100
|switch|p2a: Mamoswine|Mamoswine, L50, M|100/100
|switch|p2b: Charizard|Charizard, L50, M|100/100
|turn|1
|
|t:|1785716740
|detailschange|p2b: Charizard|Charizard-Mega-Y, L50, M
|-mega|p2b: Charizard|Charizard|Charizardite Y
|-weather|SunnyDay|[from] ability: Drought|[of] p2b: Charizard
|move|p1a: Gholdengo|Protect|p1a: Gholdengo
|-singleturn|p1a: Gholdengo|Protect
|move|p2a: Mamoswine|Earthquake|p1a: Gholdengo|[spread] p1b
|-activate|p1a: Gholdengo|move: Protect
|-immune|p2b: Charizard
|-damage|p1b: Clefable|51/100
|-damage|p2a: Mamoswine|90/100|[from] item: Life Orb
|move|p2b: Charizard|Heat Wave|p1a: Gholdengo|[spread] 
|-activate|p1a: Gholdengo|move: Protect
|-miss|p2b: Charizard|p1b: Clefable
|move|p1b: Clefable|Moonblast|p2a: Mamoswine
|-damage|p2a: Mamoswine|42/100
|
|-weather|SunnyDay|[upkeep]
|upkeep
|turn|2
|inactive|GS Barnabe has 30 seconds left.
|inactive|GS Barnabe has 20 seconds left.
|inactive|GS Barnabe has 15 seconds left.
|
|t:|1785716781
|switch|p1b: Tyranitar|Tyranitar, L50, F|100/100
|-weather|Sandstorm|[from] ability: Sand Stream|[of] p1b: Tyranitar
|move|p2a: Mamoswine|Earthquake|p1b: Tyranitar|[spread] p1a,p1b
|-immune|p2b: Charizard
|-supereffective|p1a: Gholdengo|1
|-supereffective|p1b: Tyranitar|1
|-damage|p1a: Gholdengo|13/100
|-damage|p1b: Tyranitar|6/100
|-damage|p2a: Mamoswine|32/100|[from] item: Life Orb
|move|p2b: Charizard|Heat Wave|p1a: Gholdengo|[spread] p1a,p1b
|-supereffective|p1a: Gholdengo|1
|-resisted|p1b: Tyranitar|1
|-damage|p1a: Gholdengo|0 fnt
|-damage|p1b: Tyranitar|0 fnt
|faint|p1a: Gholdengo
|faint|p1b: Tyranitar
|
|-weather|Sandstorm|[upkeep]
|-damage|p2b: Charizard|94/100|[from] Sandstorm
|upkeep
|
|t:|1785716795
|switch|p1b: Clefable|Clefable, L50, F|51/100
|switch|p1a: Garchomp|Garchomp, L50, M|100/100
|turn|3
|
|t:|1785716814
|switch|p2b: Incineroar|Incineroar, L50, M|100/100
|-ability|p2b: Incineroar|Intimidate|boost
|-unboost|p1a: Garchomp|atk|1
|-unboost|p1b: Clefable|atk|1
|detailschange|p1a: Garchomp|Garchomp-Mega, L50, M
|-mega|p1a: Garchomp|Garchomp|Garchompite
|move|p2a: Mamoswine|Protect|p2a: Mamoswine
|-singleturn|p2a: Mamoswine|Protect
|move|p1a: Garchomp|Earth Power|p2a: Mamoswine
|-activate|p2a: Mamoswine|move: Protect
|move|p1b: Clefable|Moonblast|p2b: Incineroar
|-damage|p2b: Incineroar|70/100
|
|-weather|Sandstorm|[upkeep]
|-damage|p1b: Clefable|46/100|[from] Sandstorm
|-damage|p2b: Incineroar|64/100|[from] Sandstorm
|-enditem|p1b: Clefable|Sitrus Berry|[eat]
|-heal|p1b: Clefable|70/100|[from] item: Sitrus Berry
|upkeep
|turn|4
|
|t:|1785716834
|move|p2b: Incineroar|Fake Out|p1b: Clefable
|-damage|p1b: Clefable|57/100
|move|p2a: Mamoswine|Ice Shard|p1a: Garchomp
|-supereffective|p1a: Garchomp|2
|-damage|p1a: Garchomp|10/100
|-damage|p2a: Mamoswine|22/100|[from] item: Life Orb
|move|p1a: Garchomp|Earth Power|p2b: Incineroar
|-supereffective|p2b: Incineroar|1
|-damage|p2b: Incineroar|0 fnt
|faint|p2b: Incineroar
|cant|p1b: Clefable|flinch
|
|-weather|Sandstorm|[upkeep]
|-damage|p1b: Clefable|51/100|[from] Sandstorm
|upkeep
|
|t:|1785716859
|switch|p2b: Hydreigon|Hydreigon, L50, F|100/100
|turn|5
|
|t:|1785716876
|move|p1a: Garchomp|Protect|p1a: Garchomp
|-singleturn|p1a: Garchomp|Protect
|move|p2b: Hydreigon|Snarl|p1a: Garchomp|[spread] p1b
|-activate|p1a: Garchomp|move: Protect
|-resisted|p1b: Clefable|1
|-damage|p1b: Clefable|42/100
|-unboost|p1b: Clefable|spa|1
|move|p2a: Mamoswine|Earthquake|p1a: Garchomp|[spread] p1b
|-activate|p1a: Garchomp|move: Protect
|-immune|p2b: Hydreigon|[from] ability: Levitate
|-damage|p1b: Clefable|1/100
|-damage|p2a: Mamoswine|13/100|[from] item: Life Orb
|move|p1b: Clefable|Moonblast|p2a: Mamoswine
|-damage|p2a: Mamoswine|0 fnt
|faint|p2a: Mamoswine
|
|-weather|Sandstorm|[upkeep]
|-damage|p2b: Hydreigon|94/100|[from] Sandstorm
|-damage|p1b: Clefable|0 fnt|[from] Sandstorm
|faint|p1b: Clefable
|upkeep
|
|t:|1785716878
|switch|p2a: Charizard|Charizard-Mega-Y, L50, M|94/100
|-weather|SunnyDay|[from] ability: Drought|[of] p2a: Charizard
|turn|6
|
|t:|1785716901
|move|p2b: Hydreigon|Snarl|p1a: Garchomp
|-damage|p1a: Garchomp|0 fnt
|faint|p1a: Garchomp
|
|win|kingjdjdjd
