|j|☆TONKMAN
|j|☆sig.kire
|html|TONKMANsig.kire    
|uhtml|bestof|Game 1 of a best-of-3
|t:|1757831086
|gametype|doubles
|player|p1|TONKMAN|ltsurge|1230
|player|p2|sig.kire|sailor|1274
|gen|9
|tier|[Gen 9] VGC 2025 Reg H (Bo3)
|rated|
|rule|Species Clause: Limit one of each Pokémon
|rule|Item Clause: Limit 1 of each item
|clearpoke
|poke|p1|Vivillon, L50, F|
|poke|p1|Garchomp, L50, M|
|poke|p1|Primarina, L50, F|
|poke|p1|Porygon2, L50|
|poke|p1|Incineroar, L50, M|
|poke|p1|Gholdengo, L50|
|poke|p2|Corviknight, L50, M|
|poke|p2|Garchomp, L50, F|
|poke|p2|Tyranitar, L50, F|
|poke|p2|Volcarona, L50, F|
|poke|p2|Indeedee, L50, M|
|poke|p2|Sneasler, L50, M|
|teampreview|4
|showteam|p1|Vivillon||FocusSash|CompoundEyes|Hurricane,SleepPowder,RagePowder,Protect|||F|||50|,,,,,Ghost]Garchomp||LifeOrb|RoughSkin|DragonClaw,Earthquake,StompingTantrum,Protect|||M|||50|,,,,,Steel]Primarina||SitrusBerry|LiquidVoice|HyperVoice,Moonblast,Haze,Protect|||F|||50|,,,,,Poison]Porygon2||Eviolite|Download|TeraBlast,IceBeam,TrickRoom,Recover||||||50|,,,,,Ground]Incineroar||SafetyGoggles|Intimidate|FakeOut,FlareBlitz,KnockOff,PartingShot|||M|||50|,,,,,Ghost]Gholdengo||Leftovers|GoodasGold|MakeItRain,ShadowBall,NastyPlot,Protect||||||50|,,,,,Flying
|showteam|p2|Corviknight||SitrusBerry|MirrorArmor|BraveBird,BodyPress,BulkUp,Roost|||M|||50|,,,,,Fire]Garchomp||LifeOrb|RoughSkin|DragonClaw,StompingTantrum,Earthquake,Protect|||F|||50|,,,,,Ground]Tyranitar||AssaultVest|SandStream|RockSlide,KnockOff,TeraBlast,LowKick|||F|||50|,,,,,Flying]Volcarona||SafetyGoggles|FlameBody|Overheat,Protect,RagePowder,Tailwind|||F|||50|,,,,,Fairy]Indeedee||ChoiceScarf|PsychicSurge|ExpandingForce,HelpingHand,Trick,TrickRoom|||M|||50|,,,,,Psychic]Sneasler||PsychicSeed|Unburden|DireClaw,CloseCombat,ThroatChop,Protect|||M|||50|,,,,,Dark
|
|t:|1757831139
|teamsize|p1|4
|teamsize|p2|4
|start
|switch|p1a: Vivillon|Vivillon, L50, F|100/100
|switch|p1b: Garchomp|Garchomp, L50, M|100/100
|switch|p2a: Volcarona|Volcarona, L50, F|100/100
|switch|p2b: Sneasler|Sneasler, L50, M|100/100
|turn|1
|inactive|Battle timer is ON: inactive players will automatically lose when time's up. (requested by TONKMAN)
|
|t:|1757831159
|move|p1a: Vivillon|Protect|p1a: Vivillon
|-singleturn|p1a: Vivillon|Protect
|move|p2a: Volcarona|Rage Powder|p2a: Volcarona
|-singleturn|p2a: Volcarona|move: Rage Powder
|move|p2b: Sneasler|Dire Claw|p1a: Vivillon
|-activate|p1a: Vivillon|move: Protect
|move|p1b: Garchomp|Earthquake|p2b: Sneasler|[spread] p2a,p2b
|-activate|p1a: Vivillon|move: Protect
|-supereffective|p2b: Sneasler
|-damage|p2a: Volcarona|46/100
|-damage|p2b: Sneasler|0 fnt
|faint|p2b: Sneasler
|-damage|p1b: Garchomp|91/100|[from] item: Life Orb
|
|upkeep
|
|t:|1757831162
|switch|p2b: Indeedee|Indeedee, L50, M|100/100
|-fieldstart|move: Psychic Terrain|[from] ability: Psychic Surge|[of] p2b: Indeedee
|turn|2
|inactive|TONKMAN has 30 seconds left.
|
|t:|1757831189
|-terastallize|p2b: Indeedee|Psychic
|move|p2a: Volcarona|Rage Powder|p2a: Volcarona
|-singleturn|p2a: Volcarona|move: Rage Powder
|move|p2b: Indeedee|Expanding Force|p1a: Vivillon|[spread] p1a,p1b
|-enditem|p1a: Vivillon|Focus Sash
|-damage|p1a: Vivillon|1/100
|-damage|p1b: Garchomp|9/100
|move|p1b: Garchomp|Earthquake|p2a: Volcarona|[spread] p2a,p2b
|-immune|p1a: Vivillon
|-damage|p2a: Volcarona|0 fnt
|-damage|p2b: Indeedee|3/100
|faint|p2a: Volcarona
|-damage|p1b: Garchomp|0 fnt|[from] item: Life Orb
|faint|p1b: Garchomp
|move|p1a: Vivillon|Hurricane|p2b: Indeedee
|-damage|p2b: Indeedee|0 fnt
|faint|p2b: Indeedee
|
|upkeep
|
|t:|1757831201
|switch|p1b: Incineroar|Incineroar, L50, M|100/100
|switch|p2b: Corviknight|Corviknight, L50, M|100/100
|-ability|p1b: Incineroar|Intimidate|boost
|-ability|p2b: Corviknight|Mirror Armor
|-unboost|p1b: Incineroar|atk|1
|turn|3
|
|t:|1757831217
|move|p1b: Incineroar|Fake Out|p2b: Corviknight
|-hint|Psychic Terrain doesn't affect Pokémon immune to Ground.
|-resisted|p2b: Corviknight
|-damage|p2b: Corviknight|98/100
|move|p1a: Vivillon|Sleep Powder|p2b: Corviknight
|-status|p2b: Corviknight|slp|[from] move: Sleep Powder
|cant|p2b: Corviknight|slp
|
|upkeep
|turn|4
|
|t:|1757831230
|move|p1a: Vivillon|Hurricane|p2b: Corviknight
|-resisted|p2b: Corviknight
|-damage|p2b: Corviknight|78/100 slp
|-curestatus|p2b: Corviknight|slp|[msg]
|move|p2b: Corviknight|Body Press|p1a: Vivillon
|-resisted|p1a: Vivillon
|-damage|p1a: Vivillon|0 fnt
|faint|p1a: Vivillon
|move|p1b: Incineroar|Flare Blitz|p2b: Corviknight
|-supereffective|p2b: Corviknight
|-damage|p2b: Corviknight|22/100
|-enditem|p2b: Corviknight|Sitrus Berry|[eat]
|-heal|p2b: Corviknight|47/100|[from] item: Sitrus Berry
|-damage|p1b: Incineroar|82/100|[from] Recoil
|
|upkeep
|
|t:|1757831236
|switch|p1a: Gholdengo|Gholdengo, L50|100/100
|turn|5
|
|t:|1757831240
|move|p1a: Gholdengo|Shadow Ball|p2b: Corviknight
|-damage|p2b: Corviknight|7/100
|move|p2b: Corviknight|Roost|p2b: Corviknight
|-heal|p2b: Corviknight|57/100
|-singleturn|p2b: Corviknight|move: Roost
|move|p1b: Incineroar|Flare Blitz|p2b: Corviknight
|-supereffective|p2b: Corviknight
|-damage|p2b: Corviknight|9/100
|-damage|p1b: Incineroar|66/100|[from] Recoil
|
|upkeep
|turn|6
|
|t:|1757831245
|move|p1a: Gholdengo|Shadow Ball|p2b: Corviknight
|-damage|p2b: Corviknight|0 fnt
|faint|p2b: Corviknight
|
|win|TONKMAN
||sig.kire is ready for game 2.
||TONKMAN is ready for game 2.
|uhtml|next|Next: Game 2 of 3
|l|☆sig.kire
|player|p2|
|l|☆TONKMAN
|player|p1|
