|j|☆capspungo
|j|☆psychic system
|html|capspungopsychic system    
|uhtml|bestof|Game 2 of a best-of-3
|t:|1757784407
|gametype|doubles
|player|p1|capspungo|1|1037
|player|p2|psychic system|dawn|1030
|gen|9
|tier|[Gen 9] VGC 2025 Reg H (Bo3)
|rated|
|rule|Species Clause: Limit one of each Pokémon
|rule|Item Clause: Limit 1 of each item
|clearpoke
|poke|p1|Archaludon, L50, F|
|poke|p1|Dragonite, L50, F|
|poke|p1|Pelipper, L50, F|
|poke|p1|Ursaluna, L50, M|
|poke|p1|Sinistcha, L50|
|poke|p1|Gholdengo, L50|
|poke|p2|Maushold, L50|
|poke|p2|Basculegion, L50, M|
|poke|p2|Electabuzz, L50, F|
|poke|p2|Rillaboom, L50, F|
|poke|p2|Volcarona, L50, F|
|poke|p2|Annihilape, L50, M|
|teampreview|4
|showteam|p1|Archaludon||AssaultVest|Stamina|FlashCannon,BodyPress,ElectroShot,Snarl|||F|||50|,,,,,Fighting]Dragonite||LoadedDice|Multiscale|ScaleShot,Tailwind,Haze,Protect|||F|||50|,,,,,Fairy]Pelipper||FocusSash|Drizzle|MuddyWater,Hurricane,Tailwind,Protect|||F|||50|,,,,,Ghost]Ursaluna||FlameOrb|Guts|Facade,HeadlongRush,Earthquake,Protect|||M|||50|,,,,,Ghost]Sinistcha||SitrusBerry|Hospitality|MatchaGotcha,LifeDew,RagePowder,TrickRoom||||||50|,,,,,Dark]Gholdengo||ChoiceScarf|GoodasGold|MakeItRain,ShadowBall,Trick,Protect||||||50|,,,,,Flying
|showteam|p2|Maushold||SafetyGoggles|FriendGuard|BeatUp,FollowMe,Taunt,Protect||||||50|,,,,,Normal]Basculegion||ChoiceScarf|Adaptability|WaveCrash,AquaJet,LastRespects,FlipTurn|||M|||50|,,,,,Water]Electabuzz||Eviolite|VitalSpirit|Electroweb,Taunt,FollowMe,Protect|||F|||50|,,,,,Ghost]Rillaboom||AssaultVest|GrassySurge|WoodHammer,GrassyGlide,HighHorsepower,FakeOut|||F|||50|,,,,,Fire]Volcarona||CovertCloak|FlameBody|HeatWave,TeraBlast,QuiverDance,Protect|||F|||50|,,,,,Fairy]Annihilape||Leftovers|Defiant|DrainPunch,RageFist,BulkUp,Protect|||M|||50|,,,,,Water
|inactive|Battle timer is ON: inactive players will automatically lose when time's up. (requested by psychic system)
|
|t:|1757784423
|teamsize|p1|4
|teamsize|p2|4
|start
|switch|p1a: Dragonite|Dragonite, L50, F|100/100
|switch|p1b: Gholdengo|Gholdengo, L50|100/100
|switch|p2a: Maushold|Maushold, L50|100/100
|switch|p2b: Annihilape|Annihilape, L50, M|100/100
|turn|1
|
|t:|1757784447
|move|p2a: Maushold|Follow Me|p2a: Maushold
|-singleturn|p2a: Maushold|move: Follow Me
|move|p1b: Gholdengo|Make It Rain|p2b: Annihilape|[spread] p2a,p2b
|-damage|p2a: Maushold|41/100
|-damage|p2b: Annihilape|67/100
|-unboost|p1b: Gholdengo|spa|1
|move|p2b: Annihilape|Bulk Up|p2b: Annihilape
|-boost|p2b: Annihilape|atk|1
|-boost|p2b: Annihilape|def|1
|move|p1a: Dragonite|Scale Shot|p2a: Maushold|[miss]
|-miss|p1a: Dragonite|p2a: Maushold
|
|-heal|p2b: Annihilape|73/100|[from] item: Leftovers
|upkeep
|turn|2
|
|t:|1757784469
|switch|p1b: Ursaluna|Ursaluna, L50, M|100/100
|move|p2a: Maushold|Follow Me|p2a: Maushold
|-singleturn|p2a: Maushold|move: Follow Me
|move|p2b: Annihilape|Rage Fist|p1b: Ursaluna
|-immune|p1b: Ursaluna
|move|p1a: Dragonite|Tailwind|p1a: Dragonite
|-sidestart|p1: capspungo|move: Tailwind
|
|-heal|p2b: Annihilape|79/100|[from] item: Leftovers
|-status|p1b: Ursaluna|brn|[from] item: Flame Orb
|upkeep
|turn|3
|
|t:|1757784489
|-terastallize|p1b: Ursaluna|Ghost
|move|p2a: Maushold|Follow Me|p2a: Maushold
|-singleturn|p2a: Maushold|move: Follow Me
|move|p1a: Dragonite|Scale Shot|p2a: Maushold
|-damage|p2a: Maushold|22/100
|-damage|p2a: Maushold|2/100
|-damage|p2a: Maushold|0 fnt
|faint|p2a: Maushold
|-hitcount|p2: Maushold|3
|-unboost|p1a: Dragonite|def|1
|-boost|p1a: Dragonite|spe|1
|move|p1b: Ursaluna|Earthquake|p2b: Annihilape|[spread] p2b
|-immune|p1a: Dragonite
|-damage|p2b: Annihilape|36/100
|move|p2b: Annihilape|Drain Punch|p1b: Ursaluna
|-immune|p1b: Ursaluna
|
|-heal|p2b: Annihilape|42/100|[from] item: Leftovers
|-damage|p1b: Ursaluna|95/100 brn|[from] brn
|upkeep
|
|t:|1757784510
|switch|p2a: Basculegion|Basculegion, L50, M|100/100
|turn|4
|inactive|psychic system has 30 seconds left.
|
|t:|1757784545
|move|p1b: Ursaluna|Protect|p1b: Ursaluna
|-singleturn|p1b: Ursaluna|Protect
|move|p1a: Dragonite|Scale Shot|p2a: Basculegion
|-damage|p2a: Basculegion|81/100
|-crit|p2a: Basculegion
|-damage|p2a: Basculegion|53/100
|-damage|p2a: Basculegion|34/100
|-damage|p2a: Basculegion|15/100
|-damage|p2a: Basculegion|0 fnt
|faint|p2a: Basculegion
|-hitcount|p2: Basculegion|5
|-unboost|p1a: Dragonite|def|1
|-boost|p1a: Dragonite|spe|1
|move|p2b: Annihilape|Drain Punch|p1a: Dragonite
|-resisted|p1a: Dragonite
|-damage|p1a: Dragonite|74/100
|-heal|p2b: Annihilape|53/100|[from] drain|[of] p1a: Dragonite
|
|-heal|p2b: Annihilape|60/100|[from] item: Leftovers
|-damage|p1b: Ursaluna|89/100 brn|[from] brn
|upkeep
|
|t:|1757784564
|switch|p2a: Electabuzz|Electabuzz, L50, F|100/100
|turn|5
|
|t:|1757784580
|move|p1a: Dragonite|Protect|p1a: Dragonite
|-singleturn|p1a: Dragonite|Protect
|move|p2a: Electabuzz|Protect|p2a: Electabuzz
|-singleturn|p2a: Electabuzz|Protect
|move|p2b: Annihilape|Protect|p2b: Annihilape
|-singleturn|p2b: Annihilape|Protect
|move|p1b: Ursaluna|Earthquake|p2b: Annihilape|[spread] 
|-activate|p1a: Dragonite|move: Protect
|-activate|p2a: Electabuzz|move: Protect
|-activate|p2b: Annihilape|move: Protect
|
|-heal|p2b: Annihilape|66/100|[from] item: Leftovers
|-damage|p1b: Ursaluna|83/100 brn|[from] brn
|-sideend|p1: capspungo|move: Tailwind
|upkeep
|turn|6
|
|t:|1757784599
|move|p1a: Dragonite|Tailwind|p1a: Dragonite
|-sidestart|p1: capspungo|move: Tailwind
|move|p2a: Electabuzz|Electroweb|p1a: Dragonite|[spread] p1a,p1b
|-damage|p1a: Dragonite|57/100
|-damage|p1b: Ursaluna|72/100 brn
|-unboost|p1a: Dragonite|spe|1
|-unboost|p1b: Ursaluna|spe|1
|move|p2b: Annihilape|Bulk Up|p2b: Annihilape
|-boost|p2b: Annihilape|atk|1
|-boost|p2b: Annihilape|def|1
|move|p1b: Ursaluna|Earthquake|p2a: Electabuzz|[spread] p2a,p2b
|-immune|p1a: Dragonite
|-supereffective|p2a: Electabuzz
|-damage|p2a: Electabuzz|0 fnt
|-damage|p2b: Annihilape|34/100
|faint|p2a: Electabuzz
|
|-heal|p2b: Annihilape|40/100|[from] item: Leftovers
|-damage|p1b: Ursaluna|66/100 brn|[from] brn
|upkeep
|turn|7
|
|t:|1757784619
|move|p2b: Annihilape|Protect|p2b: Annihilape
|-singleturn|p2b: Annihilape|Protect
|move|p1a: Dragonite|Haze|p1a: Dragonite
|-clearallboost
|move|p1b: Ursaluna|Earthquake|p2b: Annihilape|[spread] 
|-activate|p2b: Annihilape|move: Protect
|-immune|p1a: Dragonite
|
|-heal|p2b: Annihilape|46/100|[from] item: Leftovers
|-damage|p1b: Ursaluna|60/100 brn|[from] brn
|upkeep
|turn|8
|-message|psychic system forfeited.
|
|win|capspungo
