|j|☆snekr1994
|j|☆EXHOUL
|html|snekr1994EXHOUL    
|uhtml|bestof|Game 1 of a best-of-3
|t:|1756952970
|gametype|doubles
|player|p1|snekr1994|2|1501
|player|p2|EXHOUL|shadowtriad|1509
|gen|9
|tier|[Gen 9] VGC 2025 Reg H (Bo3)
|rated|
|rule|Species Clause: Limit one of each Pokémon
|rule|Item Clause: Limit 1 of each item
|clearpoke
|poke|p1|Kingambit, L50, F|
|poke|p1|Sneasler, L50, F|
|poke|p1|Electabuzz, L50, F|
|poke|p1|Dragonite, L50, M|
|poke|p1|Rillaboom, L50, F|
|poke|p1|Volcarona, L50, F|
|poke|p2|Torkoal, L50, F|
|poke|p2|Lilligant-Hisui, L50, F|
|poke|p2|Armarouge, L50, F|
|poke|p2|Indeedee-F, L50, F|
|poke|p2|Gallade, L50, M|
|poke|p2|Ursaluna, L50, M|
|teampreview|4
|showteam|p1|Kingambit||SafetyGoggles|Defiant|KowtowCleave,SuckerPunch,SwordsDance,Protect|||F|||50|,,,,,Dark]Sneasler||FocusSash|PoisonTouch|DireClaw,CloseCombat,Coaching,FakeOut|||F|||50|,,,,,Stellar]Electabuzz||Eviolite|VitalSpirit|Thunderbolt,FollowMe,Taunt,Protect|||F|||50|,,,,,Dragon]Dragonite||LoadedDice|Multiscale|ScaleShot,ExtremeSpeed,Haze,Protect|||M|||50|,,,,,Steel]Rillaboom||AssaultVest|GrassySurge|WoodHammer,GrassyGlide,HighHorsepower,FakeOut|||F|||50|,,,,,Fire]Volcarona||CovertCloak|FlameBody|HeatWave,TeraBlast,QuiverDance,Protect|||F|||50|,,,,,Fairy
|showteam|p2|Torkoal||Charcoal|Drought|Eruption,Flamethrower,ClearSmog,Protect|||F|||50|,,,,,Fire]Lilligant-Hisui||FocusSash|Chlorophyll|SleepPowder,CloseCombat,Encore,AfterYou|||F|||50|,,,,,Ghost]Armarouge||LifeOrb|FlashFire|ExpandingForce,ArmorCannon,WideGuard,TrickRoom|||F|||50|,,,,,Grass]Indeedee-F||RockyHelmet|PsychicSurge|FollowMe,HelpingHand,DazzlingGleam,TrickRoom|||F|||50|,,,,,Steel]Gallade||ClearAmulet|Sharpness|SacredSword,NightSlash,DestinyBond,TrickRoom|||M|||50|,,,,,Dark]Ursaluna||FlameOrb|Guts|Facade,HeadlongRush,Earthquake,Protect|||M|||50|,,,,,Ghost
|inactive|Battle timer is ON: inactive players will automatically lose when time's up. (requested by EXHOUL)
|
|t:|1756952998
|teamsize|p1|4
|teamsize|p2|4
|start
|switch|p1a: Electabuzz|Electabuzz, L50, F|100/100
|switch|p1b: Kingambit|Kingambit, L50, F|100/100
|switch|p2a: Indeedee|Indeedee-F, L50, F|100/100
|switch|p2b: Armarouge|Armarouge, L50, F|100/100
|-fieldstart|move: Psychic Terrain|[from] ability: Psychic Surge|[of] p2a: Indeedee
|turn|1
|
|t:|1756953023
|move|p1a: Electabuzz|Follow Me|p1a: Electabuzz
|-singleturn|p1a: Electabuzz|move: Follow Me
|move|p2a: Indeedee|Follow Me|p2a: Indeedee
|-singleturn|p2a: Indeedee|move: Follow Me
|move|p1b: Kingambit|Swords Dance|p1b: Kingambit
|-boost|p1b: Kingambit|atk|2
|move|p2b: Armarouge|Trick Room|p2b: Armarouge
|-fieldstart|move: Trick Room|[of] p2b: Armarouge
|
|upkeep
|turn|2
|inactive|snekr1994 has 30 seconds left.
|
|t:|1756953050
|switch|p2a: Ursaluna|Ursaluna, L50, M|100/100
|-terastallize|p2b: Armarouge|Grass
|move|p1a: Electabuzz|Follow Me|p1a: Electabuzz
|-singleturn|p1a: Electabuzz|move: Follow Me
|move|p1b: Kingambit|Kowtow Cleave|p2a: Ursaluna
|-damage|p2a: Ursaluna|32/100
|move|p2b: Armarouge|Expanding Force|p1a: Electabuzz|[spread] p1a
|-immune|p1b: Kingambit
|-damage|p1a: Electabuzz|34/100
|-damage|p2b: Armarouge|91/100|[from] item: Life Orb
|
|-status|p2a: Ursaluna|brn|[from] item: Flame Orb
|upkeep
|turn|3
|
|t:|1756953069
|switch|p1a: Rillaboom|Rillaboom, L50, F|100/100
|-fieldstart|move: Grassy Terrain|[from] ability: Grassy Surge|[of] p1a: Rillaboom
|-terastallize|p1b: Kingambit|Dark
|move|p1b: Kingambit|Sucker Punch|p2a: Ursaluna
|-damage|p2a: Ursaluna|0 fnt
|faint|p2a: Ursaluna
|move|p2b: Armarouge|Armor Cannon|p1a: Rillaboom
|-supereffective|p1a: Rillaboom
|-damage|p1a: Rillaboom|0 fnt
|-unboost|p2b: Armarouge|def|1
|-unboost|p2b: Armarouge|spd|1
|faint|p1a: Rillaboom
|-damage|p2b: Armarouge|81/100|[from] item: Life Orb
|
|-heal|p2b: Armarouge|87/100|[from] Grassy Terrain
|upkeep
|
|t:|1756953083
|switch|p2a: Torkoal|Torkoal, L50, F|100/100
|switch|p1a: Dragonite|Dragonite, L50, M|100/100
|-weather|SunnyDay|[from] ability: Drought|[of] p2a: Torkoal
|turn|4
|
|t:|1756953097
|switch|p2b: Indeedee|Indeedee-F, L50, F|100/100
|-fieldstart|move: Psychic Terrain|[from] ability: Psychic Surge|[of] p2b: Indeedee
|move|p1b: Kingambit|Protect|p1b: Kingambit
|-singleturn|p1b: Kingambit|Protect
|move|p2a: Torkoal|Eruption|p1b: Kingambit|[spread] p1a
|-activate|p1b: Kingambit|move: Protect
|-resisted|p1a: Dragonite
|-damage|p1a: Dragonite|78/100
|move|p1a: Dragonite|Scale Shot|p2a: Torkoal
|-damage|p2a: Torkoal|89/100
|-damage|p2a: Torkoal|77/100
|-damage|p2a: Torkoal|66/100
|-damage|p2a: Torkoal|56/100
|-hitcount|p2a: Torkoal|4
|-unboost|p1a: Dragonite|def|1
|-boost|p1a: Dragonite|spe|1
|
|-weather|SunnyDay|[upkeep]
|upkeep
|turn|5
|
|t:|1756953118
|move|p2b: Indeedee|Helping Hand|p2a: Torkoal
|-singleturn|p2a: Torkoal|Helping Hand|[of] p2b: Indeedee
|move|p2a: Torkoal|Flamethrower|p1b: Kingambit
|-damage|p1b: Kingambit|0 fnt
|faint|p1b: Kingambit
|move|p1a: Dragonite|Scale Shot|p2a: Torkoal
|-damage|p2a: Torkoal|45/100
|-damage|p2a: Torkoal|33/100
|-damage|p2a: Torkoal|21/100
|-damage|p2a: Torkoal|10/100
|-damage|p2a: Torkoal|0 fnt
|faint|p2a: Torkoal
|-hitcount|p2: Torkoal|5
|-unboost|p1a: Dragonite|def|1
|-boost|p1a: Dragonite|spe|1
|
|-weather|SunnyDay|[upkeep]
|-fieldend|move: Trick Room
|upkeep
|
|t:|1756953130
|switch|p1b: Electabuzz|Electabuzz, L50, F|34/100
|switch|p2a: Armarouge|Armarouge, L50, F, tera:Grass|87/100
|turn|6
|
|t:|1756953143
|move|p2b: Indeedee|Follow Me|p2b: Indeedee
|-singleturn|p2b: Indeedee|move: Follow Me
|move|p1a: Dragonite|Scale Shot|p2b: Indeedee
|-damage|p2b: Indeedee|86/100
|-damage|p2b: Indeedee|71/100
|-damage|p2b: Indeedee|57/100
|-damage|p2b: Indeedee|43/100
|-damage|p2b: Indeedee|27/100
|-hitcount|p2b: Indeedee|5
|-unboost|p1a: Dragonite|def|1
|-boost|p1a: Dragonite|spe|1
|move|p1b: Electabuzz|Thunderbolt|p2b: Indeedee
|-damage|p2b: Indeedee|0 fnt
|faint|p2b: Indeedee
|move|p2a: Armarouge|Trick Room|p2a: Armarouge
|-fieldstart|move: Trick Room|[of] p2a: Armarouge
|
|-weather|SunnyDay|[upkeep]
|upkeep
|turn|7
|
|t:|1756953165
|move|p2a: Armarouge|Expanding Force|p1b: Electabuzz|[spread] p1a,p1b
|-damage|p1a: Dragonite|0 fnt
|-damage|p1b: Electabuzz|0 fnt
|faint|p1a: Dragonite
|faint|p1b: Electabuzz
|-damage|p2a: Armarouge|78/100|[from] item: Life Orb
|
|win|EXHOUL
||EXHOUL is ready for game 2.
||snekr1994 is ready for game 2.
|uhtml|next|Next: Game 2 of 3
