|j|☆homerj71
|j|☆Pokemonkey25
|html|homerj71Pokemonkey25    
|uhtml|bestof|Game 1 of a best-of-3
|t:|1785439313
|gametype|doubles
|player|p1|homerj71|1|1176
|player|p2|Pokemonkey25|swimmerf|1085
|gen|9
|tier|[Gen 9 Champions] VGC 2026 Reg M-B (Bo3)
|rated|
|rule|Species Clause: Limit one of each Pokémon
|rule|Item Clause: Limit 1 of each item
|clearpoke
|poke|p1|Tyranitar, L50, M|
|poke|p1|Staraptor, L50, M|
|poke|p1|Gholdengo, L50|
|poke|p1|Excadrill, L50, M|
|poke|p1|Sinistcha, L50|
|poke|p1|Milotic, L50, F|
|poke|p2|Sinistcha, L50|
|poke|p2|Pelipper, L50, F|
|poke|p2|Grimmsnarl, L50, M|
|poke|p2|Maushold-Four, L50|
|poke|p2|Lucario, L50, M, shiny|
|poke|p2|Farigiraf, L50, M|
|teampreview|4
|showteam|p1|Tyranitar||Tyranitarite|SandStream|KnockOff,RockSlide,Protect,LowKick|Jolly||M|||50|]Staraptor||Staraptite|Intimidate|DualWingbeat,CloseCombat,Protect,Tailwind|Jolly||M|||50|]Gholdengo||LifeOrb|GoodasGold|MakeItRain,NastyPlot,Protect,ShadowBall|Timid|||||50|]Excadrill||FocusSash|SandRush|HighHorsepower,IronHead,RockSlide,Protect|Adamant||M|||50|]Sinistcha||SitrusBerry|Hospitality|MatchaGotcha,RagePowder,ShadowBall,Protect|Calm|||||50|]Milotic||Leftovers|Competitive|Scald,IcyWind,Protect,IceBeam|Modest||F|||50|
|showteam|p2|Sinistcha||BrightPowder|Hospitality|RagePowder,MatchaGotcha,LifeDew,ShadowBall|Calm|||||50|]Pelipper||LifeOrb|Drizzle|WideGuard,MuddyWater,Hurricane,Tailwind|Modest||F|||50|]Grimmsnarl||LightClay|Prankster|LightScreen,Reflect,Taunt,PartingShot|Careful||M|||50|]Maushold-Four||ChopleBerry|FriendGuard|FollowMe,BeatUp,SuperFang,Protect|Impish|||||50|]Lucario||Lucarionite|Justified|ExtremeSpeed,Detect,DrainPunch,MeteorMash|Careful||M|||50|]Farigiraf||SitrusBerry|ArmorTail|BeatUp,AllySwitch,DazzlingGleam,TrickRoom|Bold||M|||50|
|inactive|Battle timer is ON: inactive players will automatically lose when time's up. (requested by homerj71)
|inactive|homerj71 has 60 seconds left.
|
|t:|1785439366
|teamsize|p1|4
|teamsize|p2|4
|start
|switch|p1a: Staraptor|Staraptor, L50, M|100/100
|switch|p1b: Gholdengo|Gholdengo, L50|100/100
|switch|p2a: imp or tint|Grimmsnarl, L50, M|100/100
|switch|p2b: Farigiraf|Farigiraf, L50, M|100/100
|-ability|p1a: Staraptor|Intimidate|boost
|-unboost|p2a: imp or tint|atk|1
|-unboost|p2b: Farigiraf|atk|1
|turn|1
|inactive|Pokemonkey25 has 30 seconds left.
|
|t:|1785439400
|detailschange|p1a: Staraptor|Staraptor-Mega, L50, M
|-mega|p1a: Staraptor|Staraptor|Staraptite
|move|p2a: imp or tint|Reflect|p2a: imp or tint
|-sidestart|p2: Pokemonkey25|Reflect
|move|p1a: Staraptor|Close Combat|p2b: Farigiraf
|-damage|p2b: Farigiraf|67/100
|-boost|p1a: Staraptor|def|1
|-boost|p1a: Staraptor|spd|1
|move|p1b: Gholdengo|Nasty Plot|p1b: Gholdengo
|-boost|p1b: Gholdengo|spa|2
|move|p2b: Farigiraf|Trick Room|p2b: Farigiraf
|-fieldstart|move: Trick Room|[of] p2b: Farigiraf
|
|upkeep
|turn|2
|
|t:|1785439417
|move|p2a: imp or tint|Light Screen|p2a: imp or tint
|-sidestart|p2: Pokemonkey25|move: Light Screen
|move|p2b: Farigiraf|Dazzling Gleam|p1b: Gholdengo|[spread] p1a,p1b
|-supereffective|p1a: Staraptor|1
|-resisted|p1b: Gholdengo|1
|-damage|p1a: Staraptor|76/100
|-damage|p1b: Gholdengo|92/100
|move|p1b: Gholdengo|Nasty Plot|p1b: Gholdengo
|-boost|p1b: Gholdengo|spa|2
|move|p1a: Staraptor|Close Combat|p2b: Farigiraf
|-damage|p2b: Farigiraf|33/100
|-boost|p1a: Staraptor|def|1
|-boost|p1a: Staraptor|spd|1
|-enditem|p2b: Farigiraf|Sitrus Berry|[eat]
|-heal|p2b: Farigiraf|58/100|[from] item: Sitrus Berry
|
|upkeep
|turn|3
|
|t:|1785439438
|switch|p2a: Zero Fox|Lucario, L50, M, shiny|100/100
|move|p1b: Gholdengo|Protect|p1b: Gholdengo
|-singleturn|p1b: Gholdengo|Protect
|move|p1a: Staraptor|Protect|p1a: Staraptor
|-singleturn|p1a: Staraptor|Protect
|move|p2b: Farigiraf|Beat Up|p2a: Zero Fox
|-resisted|p2a: Zero Fox|1
|-damage|p2a: Zero Fox|98/100
|-ability|p2a: Zero Fox|Justified|boost
|-boost|p2a: Zero Fox|atk|1
|-resisted|p2a: Zero Fox|1
|-damage|p2a: Zero Fox|98/100
|-ability|p2a: Zero Fox|Justified|boost
|-boost|p2a: Zero Fox|atk|1
|-resisted|p2a: Zero Fox|1
|-damage|p2a: Zero Fox|96/100
|-ability|p2a: Zero Fox|Justified|boost
|-boost|p2a: Zero Fox|atk|1
|-resisted|p2a: Zero Fox|1
|-damage|p2a: Zero Fox|96/100
|-ability|p2a: Zero Fox|Justified|boost
|-boost|p2a: Zero Fox|atk|1
|-hitcount|p2a: Zero Fox|4
|
|upkeep
|turn|4
|inactive|Pokemonkey25 has 30 seconds left.
|inactive|homerj71 has 30 seconds left.
|inactive|Pokemonkey25 has 20 seconds left.
|inactive|Pokemonkey25 has 15 seconds left.
|inactive|Pokemonkey25 has 10 seconds left.
|inactive|Pokemonkey25 has 5 seconds left.
|
|t:|1785439490
|detailschange|p2a: Zero Fox|Lucario-Mega, L50, M, shiny
|-mega|p2a: Zero Fox|Lucario|Lucarionite
|move|p2b: Farigiraf|Ally Switch|p2b: Farigiraf
|swap|p2b: Farigiraf|0|[from] move: Ally Switch
|move|p2b: Zero Fox|Meteor Mash|p1b: Gholdengo
|-resisted|p1b: Gholdengo|1
|-damage|p1b: Gholdengo|0 fnt
|faint|p1b: Gholdengo
|move|p1a: Staraptor|Close Combat|p2b: Zero Fox
|-supereffective|p2b: Zero Fox|1
|-damage|p2b: Zero Fox|3/100
|-boost|p1a: Staraptor|def|1
|-boost|p1a: Staraptor|spd|1
|
|upkeep
|
|t:|1785439502
|switch|p1b: Tyranitar|Tyranitar, L50, M|100/100
|-weather|Sandstorm|[from] ability: Sand Stream|[of] p1b: Tyranitar
|turn|5
|inactive|Pokemonkey25 has 30 seconds left.
|inactive|Pokemonkey25 has 20 seconds left.
|inactive|Pokemonkey25 has 15 seconds left.
|
|t:|1785439542
|switch|p2a: mine|Pelipper, L50, F|100/100
|-weather|RainDance|[from] ability: Drizzle|[of] p2a: mine
|move|p2b: Zero Fox|Extreme Speed|p1a: Staraptor
|-damage|p1a: Staraptor|45/100
|move|p1b: Tyranitar|Knock Off|p2b: Zero Fox
|-resisted|p2b: Zero Fox|1
|-crit|p2b: Zero Fox
|-damage|p2b: Zero Fox|0 fnt
|faint|p2b: Zero Fox
|move|p1a: Staraptor|Close Combat|p2a: mine
|-resisted|p2a: mine|1
|-damage|p2a: mine|79/100
|-boost|p1a: Staraptor|def|1
|-boost|p1a: Staraptor|spd|1
|
|-weather|RainDance|[upkeep]
|-fieldend|move: Trick Room
|upkeep
|
|t:|1785439562
|switch|p2b: Farigiraf|Farigiraf, L50, M|58/100
|turn|6
|
|t:|1785439569
|switch|p1b: Excadrill|Excadrill, L50, M|100/100
|switch|p2a: imp or tint|Grimmsnarl, L50, M|100/100
|move|p1a: Staraptor|Close Combat|p2b: Farigiraf
|-damage|p2b: Farigiraf|24/100
|-boost|p1a: Staraptor|def|1
|-boost|p1a: Staraptor|spd|1
|move|p2b: Farigiraf|Dazzling Gleam|p1b: Excadrill|[spread] p1a,p1b
|-supereffective|p1a: Staraptor|1
|-resisted|p1b: Excadrill|1
|-damage|p1a: Staraptor|34/100
|-damage|p1b: Excadrill|89/100
|
|-weather|RainDance|[upkeep]
|upkeep
|turn|7
|inactive|Pokemonkey25 has 30 seconds left.
|
|t:|1785439597
|move|p2a: imp or tint|Parting Shot|p1b: Excadrill
|-unboost|p1b: Excadrill|atk|1
|-unboost|p1b: Excadrill|spa|1
|
|t:|1785439600
|switch|p2a: mine|Pelipper, L50, F|79/100|[from] Parting Shot
|move|p1a: Staraptor|Close Combat|p2b: Farigiraf
|-damage|p2b: Farigiraf|0 fnt
|-boost|p1a: Staraptor|def|1
|-boost|p1a: Staraptor|spd|1
|faint|p2b: Farigiraf
|move|p1b: Excadrill|Iron Head|p2a: mine
|-resisted|p2a: mine|1
|-damage|p2a: mine|68/100
|
|-weather|RainDance|[upkeep]
|upkeep
|
|t:|1785439611
|switch|p2b: imp or tint|Grimmsnarl, L50, M|100/100
|turn|8
|
|t:|1785439625
|switch|p1b: Tyranitar|Tyranitar, L50, M|100/100
|-weather|Sandstorm|[from] ability: Sand Stream|[of] p1b: Tyranitar
|move|p2b: imp or tint|Parting Shot|p1b: Tyranitar
|-hint|Since gen 7, Dark is immune to Prankster moves.
|-immune|p1b: Tyranitar
|move|p1a: Staraptor|Dual Wingbeat|p2a: mine
|-damage|p2a: mine|52/100
|-damage|p2a: mine|37/100
|-hitcount|p2a: mine|2
|move|p2a: mine|Hurricane|p1a: Staraptor
|-supereffective|p1a: Staraptor|1
|-damage|p1a: Staraptor|1/100
|-damage|p2a: mine|27/100|[from] item: Life Orb
|
|-weather|Sandstorm|[upkeep]
|-damage|p1a: Staraptor|0 fnt|[from] Sandstorm
|-damage|p2a: mine|21/100|[from] Sandstorm
|-damage|p2b: imp or tint|94/100|[from] Sandstorm
|faint|p1a: Staraptor
|-sideend|p2: Pokemonkey25|Reflect
|upkeep
|
|t:|1785439633
|switch|p1a: Excadrill|Excadrill, L50, M|89/100
|turn|9
|
|t:|1785439652
|move|p2b: imp or tint|Reflect|p2b: imp or tint
|-sidestart|p2: Pokemonkey25|Reflect
|move|p1a: Excadrill|Iron Head|p2b: imp or tint
|-supereffective|p2b: imp or tint|1
|-crit|p2b: imp or tint
|-damage|p2b: imp or tint|0 fnt
|faint|p2b: imp or tint
|move|p1b: Tyranitar|Rock Slide|p2a: mine|[miss]
|-miss|p1b: Tyranitar|p2a: mine
|move|p2a: mine|Muddy Water|p1a: Excadrill|[spread] p1a,p1b
|-supereffective|p1a: Excadrill|1
|-supereffective|p1b: Tyranitar|1
|-damage|p1a: Excadrill|4/100
|-damage|p1b: Tyranitar|60/100
|-damage|p2a: mine|11/100|[from] item: Life Orb
|
|-weather|Sandstorm|[upkeep]
|-damage|p2a: mine|5/100|[from] Sandstorm
|-sideend|p2: Pokemonkey25|move: Light Screen
|upkeep
|turn|10
|
|t:|1785439667
|move|p1a: Excadrill|Rock Slide|p2a: mine
|-supereffective|p2a: mine|1
|-damage|p2a: mine|0 fnt
|faint|p2a: mine
|
|win|homerj71
