|j|☆Crying Flurmels
|j|☆PugBurro
|html|Crying FlurmelsPugBurro    
|uhtml|bestof|Game 3 of a best-of-3
|t:|1756927476
|gametype|doubles
|player|p1|Crying Flurmels|102|
|player|p2|PugBurro|red|
|gen|9
|tier|[Gen 9] VGC 2025 Reg H (Bo3)
|rule|Species Clause: Limit one of each Pokémon
|rule|Item Clause: Limit 1 of each item
|clearpoke
|poke|p1|Murkrow, L50, F|
|poke|p1|Volcarona, L50, F|
|poke|p1|Sneasler, L50, M|
|poke|p1|Kingambit, L50, F|
|poke|p1|Dragonite, L50, M|
|poke|p1|Rillaboom, L50, M|
|poke|p2|Archaludon, L50, F|
|poke|p2|Pelipper, L50, F|
|poke|p2|Basculegion, L50, M|
|poke|p2|Sneasler, L50, F|
|poke|p2|Amoonguss, L50, F|
|poke|p2|Maushold, L50|
|teampreview|4
|showteam|p1|Murkrow||Eviolite|Prankster|FoulPlay,Tailwind,Haze,SunnyDay|||F|||50|,,,,,Ghost]Volcarona||CovertCloak|FlameBody|HeatWave,TeraBlast,QuiverDance,Protect|||F|||50|,,,,,Water]Sneasler||GrassySeed|Unburden|DireClaw,CloseCombat,Protect,Coaching|||M|||50|,,,,,Stellar]Kingambit||BlackGlasses|Defiant|KowtowCleave,SuckerPunch,SwordsDance,Protect|||F|||50|,,,,,Dark]Dragonite||ChoiceBand|InnerFocus|Outrage,StompingTantrum,LowKick,ExtremeSpeed|||M|||50|,,,,,Normal]Rillaboom||MiracleSeed|GrassySurge|WoodHammer,GrassyGlide,Uturn,FakeOut|||M|||50|,,,,,Fire
|showteam|p2|Archaludon||AssaultVest|Stamina|ElectroShot,DracoMeteor,FlashCannon,BodyPress|||F|||50|,,,,,Fairy]Pelipper||CovertCloak|Drizzle|WeatherBall,Hurricane,Tailwind,Protect|||F|||50|,,,,,Steel]Basculegion||MysticWater|SwiftSwim|WaveCrash,LastRespects,AquaJet,Protect|||M|||50|,,,,,Grass]Sneasler||FocusSash|Unburden|CloseCombat,DireClaw,FakeOut,Protect|||F|||50|,,,,,Stellar]Amoonguss||SitrusBerry|Regenerator|Spore,RagePowder,PollenPuff,ClearSmog|||F|||50|,,,,,Water]Maushold||WideLens|Technician|PopulationBomb,FollowMe,Taunt,Protect||||||50|,,,,,Ghost
|
|t:|1756927509
|teamsize|p1|4
|teamsize|p2|4
|start
|switch|p1a: Murkrow|Murkrow, L50, F|100/100
|switch|p1b: Volcarona|Volcarona, L50, F|100/100
|switch|p2a: Archaludon|Archaludon, L50, F, shiny|100/100
|switch|p2b: Amoonguss|Amoonguss, L50, F, shiny|100/100
|turn|1
|
|t:|1756927528
|-terastallize|p2b: Amoonguss|Water
|move|p1a: Murkrow|Sunny Day|p1a: Murkrow
|-weather|SunnyDay
|move|p1b: Volcarona|Heat Wave|p2a: Archaludon|[spread] p2a,p2b
|-resisted|p2b: Amoonguss
|-damage|p2a: Archaludon|63/100
|-damage|p2b: Amoonguss|79/100
|-ability|p2a: Archaludon|Stamina|boost
|-boost|p2a: Archaludon|def|1
|move|p2a: Archaludon|Electro Shot||[still]
|-prepare|p2a: Archaludon|Electro Shot
|-boost|p2a: Archaludon|spa|1
|move|p2b: Amoonguss|Spore|p1b: Volcarona
|-status|p1b: Volcarona|slp|[from] move: Spore
|
|-weather|SunnyDay|[upkeep]
|upkeep
|turn|2
|
|t:|1756927546
|move|p1a: Murkrow|Haze|p1a: Murkrow
|-clearallboost
|cant|p1b: Volcarona|slp
|move|p2a: Archaludon|Electro Shot|p1a: Murkrow|[from] lockedmove
|-supereffective|p1a: Murkrow
|-damage|p1a: Murkrow|19/100
|move|p2b: Amoonguss|Pollen Puff|p2a: Archaludon
|-heal|p2a: Archaludon|100/100
|
|-weather|SunnyDay|[upkeep]
|upkeep
|turn|3
|
|t:|1756927559
|switch|p1a: Sneasler|Sneasler, L50, M|100/100
|-curestatus|p1b: Volcarona|slp|[msg]
|move|p1b: Volcarona|Heat Wave|p2b: Amoonguss|[spread] p2a,p2b
|-resisted|p2b: Amoonguss
|-damage|p2a: Archaludon|60/100
|-damage|p2b: Amoonguss|58/100
|-ability|p2a: Archaludon|Stamina|boost
|-boost|p2a: Archaludon|def|1
|move|p2a: Archaludon|Flash Cannon|p1a: Sneasler
|-damage|p1a: Sneasler|52/100
|move|p2b: Amoonguss|Spore|p1b: Volcarona
|-status|p1b: Volcarona|slp|[from] move: Spore
|
|-weather|SunnyDay|[upkeep]
|upkeep
|turn|4
|j| yuriquars
|
|t:|1756927585
|switch|p2a: Pelipper|Pelipper, L50, F, shiny|100/100
|-weather|RainDance|[from] ability: Drizzle|[of] p2a: Pelipper
|-terastallize|p1a: Sneasler|Stellar
|move|p1a: Sneasler|Close Combat|p2a: Pelipper
|-resisted|p2a: Pelipper
|-damage|p2a: Pelipper|50/100
|-unboost|p1a: Sneasler|def|1
|-unboost|p1a: Sneasler|spd|1
|cant|p1b: Volcarona|slp
|move|p2b: Amoonguss|Spore|p1a: Sneasler
|-status|p1a: Sneasler|slp|[from] move: Spore
|
|-weather|RainDance|[upkeep]
|upkeep
|turn|5
|
|t:|1756927621
|cant|p1a: Sneasler|slp
|cant|p1b: Volcarona|slp
|move|p2a: Pelipper|Weather Ball|p1b: Volcarona
|-supereffective|p1b: Volcarona
|-damage|p1b: Volcarona|0 fnt
|faint|p1b: Volcarona
|move|p2b: Amoonguss|Pollen Puff|p2a: Pelipper
|-heal|p2a: Pelipper|99/100
|
|-weather|RainDance|[upkeep]
|upkeep
|
|t:|1756927628
|switch|p1b: Kingambit|Kingambit, L50, F, shiny|100/100
|turn|6
|
|t:|1756927658
|cant|p1a: Sneasler|slp
|move|p2a: Pelipper|Hurricane|p1a: Sneasler
|-supereffective|p1a: Sneasler
|-damage|p1a: Sneasler|0 fnt
|faint|p1a: Sneasler
|move|p1b: Kingambit|Kowtow Cleave|p2b: Amoonguss
|-damage|p2b: Amoonguss|10/100
|-enditem|p2b: Amoonguss|Sitrus Berry|[eat]
|-heal|p2b: Amoonguss|35/100|[from] item: Sitrus Berry
|move|p2b: Amoonguss|Spore|p1b: Kingambit
|-status|p1b: Kingambit|slp|[from] move: Spore
|
|-weather|RainDance|[upkeep]
|upkeep
|
|t:|1756927664
|switch|p1a: Murkrow|Murkrow, L50, F|19/100
|turn|7
|-message|Crying Flurmels forfeited.
|
|win|PugBurro
|l|☆PugBurro
|player|p2|
|l|☆Crying Flurmels
|player|p1|
|j|☆Crying Flurmels
|player|p1|Crying Flurmels|102|
