|j|☆Diriana
|j|☆TrafalgarLaw773
|html|DirianaTrafalgarLaw773    
|uhtml|bestof|Game 1 of a best-of-3
|t:|1786175226
|gametype|doubles
|player|p1|Diriana|miku-flying|
|player|p2|TrafalgarLaw773|lacey-masters|
|gen|9
|tier|[Gen 9 Champions] VGC 2026 Reg M-B (Bo3)
|rule|Species Clause: Limit one of each Pokémon
|rule|Item Clause: Limit 1 of each item
|clearpoke
|poke|p1|Emboar, L50, M, shiny|
|poke|p1|Heliolisk, L50, M|
|poke|p1|Slowbro, L50, M|
|poke|p1|Sylveon, L50, F, shiny|
|poke|p1|Toucannon, L50, F, shiny|
|poke|p1|Toxicroak, L50, M|
|poke|p2|Sableye, L50, F|
|poke|p2|Sylveon, L50, F|
|poke|p2|Simisear, L50, F|
|poke|p2|Garbodor, L50, M|
|poke|p2|Toucannon, L50, M|
|poke|p2|Zoroark, L50, F|
|teampreview|4
|showteam|p1|Emboar||Emboarite|Blaze|DrainPunch,FirePunch,BulkUp,Protect|Adamant||M|||50|]Heliolisk||ShucaBerry|DrySkin|Thunderbolt,Electroweb,GrassKnot,Protect|Timid||M|||50|]Slowbro||Slowbronite|Oblivious|Scald,Psychic,CalmMind,SlackOff|Relaxed||M|||50|]Sylveon||FairyFeather|Pixilate|HyperVoice,HyperBeam,QuickAttack,Detect|Modest||F|||50|]Toucannon||SitrusBerry|SkillLink|BraveBird,BulletSeed,Tailwind,Protect|Adamant||F|||50|]Toxicroak||LifeOrb|PoisonTouch|CloseCombat,PoisonJab,KnockOff,Protect|Adamant||M|||50|
|showteam|p2|Sableye||Sablenite|KeenEye|WillOWisp,Hex,Recover,DrainPunch|Sassy||F|||50|]Sylveon||FairyFeather|Pixilate|HyperVoice,HyperBeam,QuickAttack,Detect|Modest||F|||50|]Simisear||Charcoal|Blaze|FlareBlitz,FakeOut,WillOWisp,Protect|Jolly||F|||50|]Garbodor||Leftovers|WeakArmor|SludgeWave,Stockpile,Explosion,FocusBlast|Quiet||M|||50|]Toucannon||SitrusBerry|SkillLink|BraveBird,BulletSeed,Tailwind,Protect|Adamant||M|||50|]Zoroark||LifeOrb|Illusion|Snarl,Flamethrower,GrassKnot,Protect|Timid||F|||50|
|
|t:|1786175314
|teamsize|p1|4
|teamsize|p2|4
|start
|switch|p1a: Mad Lizard|Heliolisk, L50, M|100/100
|switch|p1b: No More Pills|Toucannon, L50, F, shiny|100/100
|switch|p2a: Sableye|Sableye, L50, F|100/100
|switch|p2b: Simisear|Simisear, L50, F|100/100
|turn|1
|
|t:|1786175342
|switch|p1b: Pork Chop|Emboar, L50, M, shiny|100/100
|detailschange|p2a: Sableye|Sableye-Mega, L50, F
|-mega|p2a: Sableye|Sableye|Sablenite
|move|p1a: Mad Lizard|Protect|p1a: Mad Lizard
|-singleturn|p1a: Mad Lizard|Protect
|move|p2b: Simisear|Fake Out|p1a: Mad Lizard
|-activate|p1a: Mad Lizard|move: Protect
|move|p2a: Sableye|Drain Punch|p1a: Mad Lizard
|-activate|p1a: Mad Lizard|move: Protect
|
|upkeep
|turn|2
|
|t:|1786175359
|detailschange|p1b: Pork Chop|Emboar-Mega, L50, M, shiny
|-mega|p1b: Pork Chop|Emboar|Emboarite
|-ability|p1b: Pork Chop|Mold Breaker
|move|p1a: Mad Lizard|Electroweb|p2b: Simisear|[spread] p2a,p2b
|-damage|p2a: Sableye|86/100
|-damage|p2b: Simisear|71/100
|-unboost|p2a: Sableye|spe|1
|-unboost|p2b: Simisear|spe|1
|move|p2b: Simisear|Flare Blitz|p1a: Mad Lizard
|-damage|p1a: Mad Lizard|0 fnt
|faint|p1a: Mad Lizard
|-damage|p2b: Simisear|46/100|[from] Recoil
|move|p1b: Pork Chop|Bulk Up|p1b: Pork Chop
|-boost|p1b: Pork Chop|atk|1
|-boost|p1b: Pork Chop|def|1
|move|p2a: Sableye|Drain Punch|p1b: Pork Chop
|-damage|p1b: Pork Chop|90/100
|-heal|p2a: Sableye|93/100|[from] drain|[of] p1b: Pork Chop
|
|upkeep
|
|t:|1786175380
|switch|p1a: Nymphia-GX|Sylveon, L50, F, shiny|100/100
|turn|3
|
|t:|1786175406
|move|p1a: Nymphia-GX|Detect|p1a: Nymphia-GX
|-singleturn|p1a: Nymphia-GX|Protect
|move|p2b: Simisear|Flare Blitz|p1a: Nymphia-GX
|-activate|p1a: Nymphia-GX|move: Protect
|move|p1b: Pork Chop|Drain Punch|p2b: Simisear
|-crit|p2b: Simisear
|-damage|p2b: Simisear|0 fnt
|-heal|p1b: Pork Chop|100/100|[from] drain|[of] p2b: Simisear
|faint|p2b: Simisear
|move|p2a: Sableye|Hex|p1b: Pork Chop
|-damage|p1b: Pork Chop|85/100
|
|upkeep
|
|t:|1786175421
|switch|p2b: Garbodor|Garbodor, L50, M|100/100
|turn|4
|
|t:|1786175435
|switch|p1a: No More Pills|Toucannon, L50, F, shiny|100/100
|move|p1b: Pork Chop|Bulk Up|p1b: Pork Chop
|-boost|p1b: Pork Chop|atk|1
|-boost|p1b: Pork Chop|def|1
|move|p2b: Garbodor|Sludge Wave|p1b: Pork Chop|[spread] p2a,p1a,p1b
|-resisted|p2a: Sableye|1
|-damage|p2a: Sableye|84/100
|-damage|p1a: No More Pills|70/100
|-damage|p1b: Pork Chop|69/100
|move|p2a: Sableye|Recover|p2a: Sableye
|-heal|p2a: Sableye|100/100
|
|upkeep
|turn|5
|
|t:|1786175470
|move|p1b: Pork Chop|Fire Punch|p2a: Sableye
|-damage|p2a: Sableye|25/100
|-status|p2a: Sableye|brn
|move|p1a: No More Pills|Tailwind|p1a: No More Pills
|-sidestart|p1: Diriana|move: Tailwind
|move|p2b: Garbodor|Focus Blast|p1b: Pork Chop
|-damage|p1b: Pork Chop|51/100
|move|p2a: Sableye|Hex|p1b: Pork Chop
|-damage|p1b: Pork Chop|38/100
|
|-damage|p2a: Sableye|19/100 brn|[from] brn
|upkeep
|turn|6
|c|☆TrafalgarLaw773|жесть силач эмбоар
|
|t:|1786175505
|move|p1b: Pork Chop|Fire Punch|p2b: Garbodor
|-damage|p2b: Garbodor|3/100
|-status|p2b: Garbodor|brn
|-ability|p2b: Garbodor|Weak Armor|boost
|-unboost|p2b: Garbodor|def|1
|-boost|p2b: Garbodor|spe|2
|move|p1a: No More Pills|Brave Bird|p2b: Garbodor
|-damage|p2b: Garbodor|0 fnt
|faint|p2b: Garbodor
|-damage|p1a: No More Pills|68/100|[from] Recoil
|move|p2a: Sableye|Hex|p1b: Pork Chop
|-damage|p1b: Pork Chop|25/100
|
|-damage|p2a: Sableye|14/100 brn|[from] brn
|upkeep
|
|t:|1786175518
|switch|p2b: Sylveon|Sylveon, L50, F|100/100
|turn|7
|
|t:|1786175529
|move|p1b: Pork Chop|Fire Punch|p2b: Sylveon
|-damage|p2b: Sylveon|16/100
|move|p1a: No More Pills|Bullet Seed|p2a: Sableye
|-damage|p2a: Sableye|4/100 brn
|-crit|p2a: Sableye
|-damage|p2a: Sableye|0 fnt
|faint|p2a: Sableye
|-hitcount|p2: Sableye|2
|move|p2b: Sylveon|Hyper Voice|p1b: Pork Chop|[spread] p1a,p1b
|-damage|p1a: No More Pills|18/100
|-damage|p1b: Pork Chop|0 fnt
|-enditem|p1a: No More Pills|Sitrus Berry|[eat]
|-heal|p1a: No More Pills|43/100|[from] item: Sitrus Berry
|faint|p1b: Pork Chop
|
|upkeep
|
|t:|1786175542
|switch|p1b: Nymphia-GX|Sylveon, L50, F, shiny|100/100
|turn|8
|
|t:|1786175566
|move|p1a: No More Pills|Brave Bird|p2b: Sylveon
|-damage|p2b: Sylveon|0 fnt
|faint|p2b: Sylveon
|-damage|p1a: No More Pills|37/100|[from] Recoil
|
|win|Diriana
||TrafalgarLaw773 is ready for game 2.
