|j|☆theonlyambipomfan
|j|☆mavrickbfr
|html|theonlyambipomfanmavrickbfr    
|uhtml|bestof|Game 3 of a best-of-3
|t:|1785627696
|gametype|doubles
|player|p1|theonlyambipomfan|volkner|1144
|player|p2|mavrickbfr|gentleman-gen4|1022
|gen|9
|tier|[Gen 9 Champions] VGC 2026 Reg M-B (Bo3)
|rated|
|rule|Species Clause: Limit one of each Pokémon
|rule|Item Clause: Limit 1 of each item
|clearpoke
|poke|p1|Glimmora, L50, F, shiny|
|poke|p1|Whimsicott, L50, F|
|poke|p1|Incineroar, L50, F, shiny|
|poke|p1|Rotom-Frost, L50|
|poke|p1|Froslass, L50, F|
|poke|p1|Beartic, L50, F|
|poke|p2|Blaziken, L50, M, shiny|
|poke|p2|Floette-Eternal, L50, F|
|poke|p2|Sinistcha, L50|
|poke|p2|Basculegion, L50, M, shiny|
|poke|p2|Garchomp, L50, M, shiny|
|poke|p2|Sneasler, L50, M, shiny|
|teampreview|4
|showteam|p1|Glimmora||Glimmoranite|ToxicDebris|SludgeBomb,PowerGem,EarthPower,SpikyShield|Timid||F|||50|]Whimsicott||FocusSash|Prankster|Tailwind,Encore,GrassKnot,Protect|Bold||F|||50|]Incineroar||ExpertBelt|Intimidate|FakeOut,FlareBlitz,PartingShot,DarkestLariat|Adamant||F|||50|]Rotom-Frost||LifeOrb|Levitate|WillOWisp,VoltSwitch,Thunderbolt,Blizzard|Timid|||||50|]Froslass||Froslassite|CursedBody|Blizzard,AuroraVeil,ShadowBall,Protect|Timid||F|||50|]Beartic||ChoiceScarf|SlushRush|Superpower,IcicleCrash,StoneEdge,PlayRough|Adamant||F|||50|
|showteam|p2|Blaziken||Blazikenite|SpeedBoost|BlazeKick,RockSlide,CloseCombat,Protect|Adamant||M|||50|]Floette-Eternal||Floettite|FlowerVeil|DazzlingGleam,CalmMind,Protect,DrainingKiss|Modest||F|||50|]Sinistcha||SitrusBerry|Hospitality|MatchaGotcha,RagePowder,Protect,LifeDew|Bold|||||50|]Basculegion||ChoiceScarf|Adaptability|LastRespects,WaveCrash,FlipTurn,AquaJet|Adamant||M|||50|]Garchomp||RoseliBerry|RoughSkin|PoisonJab,StompingTantrum,Earthquake,RockSlide|Jolly||M|||50|]Sneasler||FocusSash|PoisonTouch|FakeOut,PoisonJab,CloseCombat,QuickGuard|Jolly||M|||50|
|
|t:|1785627710
|teamsize|p1|4
|teamsize|p2|4
|start
|switch|p1a: Whimsicott|Whimsicott, L50, F|100/100
|switch|p1b: Glimmora|Glimmora, L50, F, shiny|100/100
|switch|p2a: Sneasler|Sneasler, L50, M, shiny|100/100
|switch|p2b: Blaziken|Blaziken, L50, M, shiny|100/100
|turn|1
|
|t:|1785627739
|detailschange|p1b: Glimmora|Glimmora-Mega, L50, F, shiny
|-mega|p1b: Glimmora|Glimmora|Glimmoranite
|detailschange|p2b: Blaziken|Blaziken-Mega, L50, M, shiny
|-mega|p2b: Blaziken|Blaziken|Blazikenite
|move|p2b: Blaziken|Protect|p2b: Blaziken
|-singleturn|p2b: Blaziken|Protect
|move|p1a: Whimsicott|Tailwind|p1a: Whimsicott
|-sidestart|p1: theonlyambipomfan|move: Tailwind
|move|p1b: Glimmora|Earth Power|p2a: Sneasler
|-supereffective|p2a: Sneasler|1
|-damage|p2a: Sneasler|3/100
|move|p2a: Sneasler|Poison Jab|p1a: Whimsicott
|-supereffective|p1a: Whimsicott|2
|-enditem|p1a: Whimsicott|Focus Sash
|-damage|p1a: Whimsicott|1/100
|
|-ability|p2b: Blaziken|Speed Boost|boost
|-boost|p2b: Blaziken|spe|1
|upkeep
|turn|2
|
|t:|1785627763
|move|p1a: Whimsicott|Encore|p2b: Blaziken
|-start|p2b: Blaziken|Encore
|move|p2b: Blaziken|Protect||[still]
|-fail|p2b: Blaziken
|move|p1b: Glimmora|Earth Power|p2a: Sneasler
|-supereffective|p2a: Sneasler|1
|-damage|p2a: Sneasler|0 fnt
|faint|p2a: Sneasler
|
|-ability|p2b: Blaziken|Speed Boost|boost
|-boost|p2b: Blaziken|spe|1
|upkeep
|
|t:|1785627776
|switch|p2a: Floette|Floette-Eternal, L50, F|100/100
|turn|3
|
|t:|1785627784
|switch|p1a: Beartic|Beartic, L50, F|100/100
|move|p2b: Blaziken|Protect|p2b: Blaziken
|-singleturn|p2b: Blaziken|Protect
|move|p1b: Glimmora|Sludge Bomb|p2a: Floette
|-supereffective|p2a: Floette|1
|-damage|p2a: Floette|0 fnt
|faint|p2a: Floette
|
|-ability|p2b: Blaziken|Speed Boost|boost
|-boost|p2b: Blaziken|spe|1
|upkeep
|
|t:|1785627794
|switch|p2a: Sinistcha|Sinistcha, L50|100/100
|turn|4
|
|t:|1785627802
|move|p2b: Blaziken|Protect||[still]
|-fail|p2b: Blaziken
|move|p2a: Sinistcha|Rage Powder|p2a: Sinistcha
|-singleturn|p2a: Sinistcha|move: Rage Powder
|move|p1b: Glimmora|Earth Power|p2a: Sinistcha
|-resisted|p2a: Sinistcha|1
|-damage|p2a: Sinistcha|83/100
|move|p1a: Beartic|Icicle Crash|p2a: Sinistcha
|-supereffective|p2a: Sinistcha|1
|-damage|p2a: Sinistcha|2/100
|-enditem|p2a: Sinistcha|Sitrus Berry|[eat]
|-heal|p2a: Sinistcha|27/100|[from] item: Sitrus Berry
|
|-end|p2b: Blaziken|Encore
|-sideend|p1: theonlyambipomfan|move: Tailwind
|-ability|p2b: Blaziken|Speed Boost|boost
|-boost|p2b: Blaziken|spe|1
|upkeep
|turn|5
|
|t:|1785627840
|switch|p1b: Froslass|Froslass, L50, F|100/100
|move|p2b: Blaziken|Rock Slide|p1a: Beartic|[spread] p1b
|-miss|p2b: Blaziken|p1a: Beartic
|-supereffective|p1b: Froslass|1
|-damage|p1b: Froslass|25/100
|move|p1a: Beartic|Icicle Crash|p2a: Sinistcha|[miss]
|-miss|p1a: Beartic|p2a: Sinistcha
|move|p2a: Sinistcha|Life Dew||[still]|[spread] p2a,p2b
|-heal|p2a: Sinistcha|52/100
|-fail|p2b: Blaziken|heal
|
|-ability|p2b: Blaziken|Speed Boost|boost
|-boost|p2b: Blaziken|spe|1
|upkeep
|turn|6
|
|t:|1785627860
|switch|p1a: Whimsicott|Whimsicott, L50, F|1/100
|move|p2b: Blaziken|Rock Slide|p1b: Froslass|[spread] p1a,p1b
|-supereffective|p1b: Froslass|1
|-damage|p1a: Whimsicott|0 fnt
|-damage|p1b: Froslass|0 fnt
|faint|p1a: Whimsicott
|faint|p1b: Froslass
|move|p2a: Sinistcha|Matcha Gotcha|p1: Whimsicott|[notarget]
|-fail|p2a: Sinistcha
|
|-ability|p2b: Blaziken|Speed Boost|boost
|-boost|p2b: Blaziken|spe|1
|upkeep
|
|t:|1785627870
|switch|p1b: Glimmora|Glimmora-Mega, L50, F, shiny|100/100
|switch|p1a: Beartic|Beartic, L50, F|100/100
|turn|7
|
|t:|1785627879
|move|p2b: Blaziken|Protect|p2b: Blaziken
|-singleturn|p2b: Blaziken|Protect
|move|p1b: Glimmora|Spiky Shield|p1b: Glimmora
|-singleturn|p1b: Glimmora|move: Protect
|move|p1a: Beartic|Icicle Crash|p2a: Sinistcha
|-supereffective|p2a: Sinistcha|1
|-damage|p2a: Sinistcha|0 fnt
|faint|p2a: Sinistcha
|
|upkeep
|turn|8
|
|t:|1785627891
|move|p2b: Blaziken|Rock Slide|p1b: Glimmora|[spread] p1a,p1b
|-supereffective|p1a: Beartic|1
|-damage|p1a: Beartic|44/100
|-damage|p1b: Glimmora|73/100
|cant|p1b: Glimmora|flinch
|move|p1a: Beartic|Icicle Crash|p2b: Blaziken
|-resisted|p2b: Blaziken|1
|-damage|p2b: Blaziken|66/100
|
|upkeep
|turn|9
|
|t:|1785627909
|move|p2b: Blaziken|Protect|p2b: Blaziken
|-singleturn|p2b: Blaziken|Protect
|move|p1b: Glimmora|Spiky Shield|p1b: Glimmora
|-singleturn|p1b: Glimmora|move: Protect
|move|p1a: Beartic|Icicle Crash|p2b: Blaziken
|-activate|p2b: Blaziken|move: Protect
|
|upkeep
|turn|10
|
|t:|1785627932
|move|p2b: Blaziken|Rock Slide|p1b: Glimmora|[spread] p1a,p1b
|-supereffective|p1a: Beartic|1
|-damage|p1a: Beartic|0 fnt
|-damage|p1b: Glimmora|48/100
|faint|p1a: Beartic
|move|p1b: Glimmora|Earth Power|p2b: Blaziken
|-supereffective|p2b: Blaziken|1
|-damage|p2b: Blaziken|0 fnt
|faint|p2b: Blaziken
|
|win|theonlyambipomfan
|raw|theonlyambipomfan's rating: 1144 → 1161(+17 for winning)
|raw|mavrickbfr's rating: 1022 → 1013(-9 for losing)
|l|☆theonlyambipomfan
|player|p1|
