|j|☆kimax624
|j|☆MelodicHarmony
|html|kimax624MelodicHarmony    
|uhtml|bestof|Game 1 of a best-of-3
|t:|1782247274
|gametype|doubles
|player|p1|kimax624|1|1204
|player|p2|MelodicHarmony|flannery|1199
|gen|9
|tier|[Gen 9 Champions] VGC 2026 Reg M-B (Bo3)
|rated|
|rule|Species Clause: Limit one of each Pokémon
|rule|Item Clause: Limit 1 of each item
|clearpoke
|poke|p1|Metagross, L50, shiny|
|poke|p1|Hydreigon, L50, M|
|poke|p1|Sneasler, L50, F|
|poke|p1|Aerodactyl, L50, F|
|poke|p1|Incineroar, L50, F|
|poke|p1|Sylveon, L50, M, shiny|
|poke|p2|Floette-Eternal, L50, F|
|poke|p2|Garchomp, L50, F|
|poke|p2|Whimsicott, L50, F, shiny|
|poke|p2|Gholdengo, L50|
|poke|p2|Basculegion, L50, M, shiny|
|poke|p2|Raichu, L50, M|
|teampreview|4
|showteam|p1|Metagross||Metagrossite|ClearBody|IronHead,StompingTantrum,PsychicFangs,Protect|Jolly|||||50|]Hydreigon||LifeOrb|Levitate|EarthPower,DracoMeteor,DarkPulse,Protect|Modest||M|||50|]Sneasler||WhiteHerb|Unburden|FakeOut,CloseCombat,DireClaw,Protect|Adamant||F|||50|]Aerodactyl||FocusSash|RockHead|RockSlide,DualWingbeat,Tailwind,Protect|Jolly||F|||50|]Incineroar||ExpertBelt|Intimidate|FlareBlitz,ThroatChop,PartingShot,FakeOut|Adamant||F|||50|]Sylveon||FairyFeather|Pixilate|HyperVoice,HyperBeam,QuickAttack,Protect|Modest||M|||50|
|showteam|p2|Floette-Eternal||Floettite|FlowerVeil|Moonblast,LightofRuin,DrainingKiss,Protect|Modest||F|||50|]Garchomp||SitrusBerry|RoughSkin|DragonClaw,StompingTantrum,RockSlide,Protect|Adamant||F|||50|]Whimsicott||FocusSash|Prankster|Moonblast,Encore,Tailwind,Protect|Timid||F|||50|]Gholdengo||LifeOrb|GoodasGold|NastyPlot,MakeItRain,ShadowBall,Protect|Modest|||||50|]Basculegion||MysticWater|Adaptability|AquaJet,LastRespects,WaveCrash,Protect|Adamant||M|||50|]Raichu||RaichuniteY|LightningRod|FakeOut,ZapCannon,FocusBlast,Protect|Modest||M|||50|
|inactive|Battle timer is ON: inactive players will automatically lose when time's up. (requested by kimax624)
|
|t:|1782247308
|teamsize|p1|4
|teamsize|p2|4
|start
|switch|p1a: Aerodactyl|Aerodactyl, L50, F|100/100
|switch|p1b: Hydreigon|Hydreigon, L50, M|100/100
|switch|p2a: Shock Collar|Raichu, L50, M|100/100
|switch|p2b: Cotton|Whimsicott, L50, F, shiny|100/100
|turn|1
|inactive|kimax624 has 30 seconds left.
|inactive|MelodicHarmony has 30 seconds left.
|
|t:|1782247339
|switch|p1b: Metagross|Metagross, L50, shiny|100/100
|detailschange|p2a: Shock Collar|Raichu-Mega-Y, L50, M
|-mega|p2a: Shock Collar|Raichu|Raichunite Y
|move|p2a: Shock Collar|Fake Out|p1a: Aerodactyl
|-resisted|p1a: Aerodactyl|1
|-damage|p1a: Aerodactyl|93/100
|cant|p1a: Aerodactyl|flinch
|move|p2b: Cotton|Moonblast|p1b: Metagross
|-resisted|p1b: Metagross|1
|-damage|p1b: Metagross|79/100
|
|upkeep
|turn|2
|
|t:|1782247362
|detailschange|p1b: Metagross|Metagross-Mega, L50, shiny
|-mega|p1b: Metagross|Metagross|Metagrossite
|move|p2b: Cotton|Tailwind|p2b: Cotton
|-sidestart|p2: MelodicHarmony|move: Tailwind
|move|p2a: Shock Collar|Zap Cannon|p1b: Metagross
|-damage|p1b: Metagross|4/100
|-status|p1b: Metagross|par
|move|p1a: Aerodactyl|Tailwind|p1a: Aerodactyl
|-sidestart|p1: kimax624|move: Tailwind
|move|p1b: Metagross|Stomping Tantrum|p2a: Shock Collar
|-supereffective|p2a: Shock Collar|1
|-damage|p2a: Shock Collar|0 fnt
|faint|p2a: Shock Collar
|
|upkeep
|
|t:|1782247381
|switch|p2a: Reddit|Gholdengo, L50|100/100
|turn|3
|
|t:|1782247397
|move|p2b: Cotton|Encore|p1a: Aerodactyl
|-start|p1a: Aerodactyl|Encore
|move|p1a: Aerodactyl|Tailwind||[still]
|-fail|p1a: Aerodactyl
|move|p2a: Reddit|Make It Rain|p1b: Metagross|[spread] p1a,p1b
|-supereffective|p1a: Aerodactyl|1
|-resisted|p1b: Metagross|1
|-damage|p1a: Aerodactyl|0 fnt
|-damage|p1b: Metagross|0 fnt
|-unboost|p2a: Reddit|spa|2
|faint|p1a: Aerodactyl
|faint|p1b: Metagross
|-damage|p2a: Reddit|90/100|[from] item: Life Orb
|
|upkeep
|
|t:|1782247408
|switch|p1a: Sylveon|Sylveon, L50, M, shiny|100/100
|switch|p1b: Hydreigon|Hydreigon, L50, M|100/100
|turn|4
|
|t:|1782247426
|move|p1b: Hydreigon|Protect|p1b: Hydreigon
|-singleturn|p1b: Hydreigon|Protect
|move|p2b: Cotton|Moonblast|p1b: Hydreigon
|-activate|p1b: Hydreigon|move: Protect
|move|p2a: Reddit|Make It Rain|p1b: Hydreigon|[spread] p1a
|-activate|p1b: Hydreigon|move: Protect
|-supereffective|p1a: Sylveon|1
|-damage|p1a: Sylveon|47/100
|-unboost|p2a: Reddit|spa|2
|-damage|p2a: Reddit|80/100|[from] item: Life Orb
|move|p1a: Sylveon|Hyper Voice|p2a: Reddit|[spread] p2a,p2b
|-resisted|p2a: Reddit|1
|-damage|p2a: Reddit|55/100
|-damage|p2b: Cotton|14/100
|
|upkeep
|turn|5
|
|t:|1782247444
|move|p1a: Sylveon|Quick Attack|p2b: Cotton
|-damage|p2b: Cotton|0 fnt
|faint|p2b: Cotton
|move|p1b: Hydreigon|Dark Pulse|p2a: Reddit
|-supereffective|p2a: Reddit|1
|-damage|p2a: Reddit|0 fnt
|faint|p2a: Reddit
|-damage|p1b: Hydreigon|90/100|[from] item: Life Orb
|
|-sideend|p1: kimax624|move: Tailwind
|-sideend|p2: MelodicHarmony|move: Tailwind
|upkeep
|
|t:|1782247450
|switch|p2a: Obsidian|Basculegion, L50, M, shiny|100/100
|turn|6
|
|t:|1782247468
|move|p1b: Hydreigon|Dark Pulse|p2a: Obsidian
|-supereffective|p2a: Obsidian|1
|-damage|p2a: Obsidian|0 fnt
|faint|p2a: Obsidian
|-damage|p1b: Hydreigon|81/100|[from] item: Life Orb
|
|win|kimax624
||MelodicHarmony is ready for game 2.
||kimax624 is ready for game 2.
|uhtml|next|Next: Game 2 of 3
|l|☆MelodicHarmony
|player|p2|
