|j|☆TJP195
|j|☆Quill86
|html|TJP195Quill86    
|uhtml|bestof|Game 3 of a best-of-3
|t:|1757694008
|gametype|doubles
|player|p1|TJP195|rocketgrunt|1201
|player|p2|Quill86|lucas|1221
|gen|9
|tier|[Gen 9] VGC 2025 Reg H (Bo3)
|rated|
|rule|Species Clause: Limit one of each Pokémon
|rule|Item Clause: Limit 1 of each item
|clearpoke
|poke|p1|Braviary-Hisui, L50, M|
|poke|p1|Ursaluna, L50, M|
|poke|p1|Indeedee-F, L50, F|
|poke|p1|Scrafty, L50, M|
|poke|p1|Meowstic, L50, M|
|poke|p1|Volcarona, L50, M|
|poke|p2|Incineroar, L50, M|
|poke|p2|Gholdengo, L50|
|poke|p2|Ursaluna-Bloodmoon, L50, M|
|poke|p2|Indeedee-F, L50, F|
|poke|p2|Gallade, L50, M|
|poke|p2|Torkoal, L50, M|
|teampreview|4
|showteam|p1|Braviary-Hisui||ChoiceSpecs|TintedLens|ExpandingForce,HeatWave,Snarl,Hurricane|||M|||50|,,,,,Psychic]Ursaluna||FlameOrb|Guts|Facade,Protect,HeadlongRush,Earthquake|||M|||50|,,,,,Ghost]Indeedee-F||SafetyGoggles|PsychicSurge|TrickRoom,FollowMe,HelpingHand,DazzlingGleam|||F|||50|,,,,,Fairy]Scrafty||AssaultVest|Intimidate|CloseCombat,KnockOff,PoisonJab,RockSlide|||M|||50|,,,,,Poison]Meowstic||MentalHerb|Prankster|PsychicTerrain,TrickRoom,LightScreen,RainDance|||M|||50|,,,,,Grass]Volcarona||RockyHelmet|FlameBody|RagePowder,Protect,FieryDance,GigaDrain|||M|||50|,,,,,Grass
|showteam|p2|Incineroar||SafetyGoggles|Intimidate|FakeOut,FlareBlitz,KnockOff,PartingShot|||M|||50|,,,,,Ghost]Gholdengo||SitrusBerry|GoodasGold|MakeItRain,ShadowBall,NastyPlot,Protect||||||50|,,,,,Water]Ursaluna-Bloodmoon||LifeOrb|MindsEye|BloodMoon,HyperVoice,EarthPower,Protect|||M|||50|,,,,,Normal]Indeedee-F||PsychicSeed|PsychicSurge|FollowMe,TrickRoom,HelpingHand,DazzlingGleam|||F|||50|,,,,,Fairy]Gallade||ClearAmulet|Sharpness|SacredSword,PsychoCut,WideGuard,TrickRoom|||M|||50|,,,,,Grass]Torkoal||Leftovers|Drought|Eruption,WeatherBall,Yawn,Protect|||M|||50|,,,,,Fire
|inactive|Battle timer is ON: inactive players will automatically lose when time's up. (requested by Quill86)
|
|t:|1757694030
|teamsize|p1|4
|teamsize|p2|4
|start
|switch|p1a: Volcarona|Volcarona, L50, M, shiny|100/100
|switch|p1b: Indeedee|Indeedee-F, L50, F, shiny|100/100
|switch|p2a: Incineroar|Incineroar, L50, M|100/100
|switch|p2b: Gholdengo|Gholdengo, L50|100/100
|-fieldstart|move: Psychic Terrain|[from] ability: Psychic Surge|[of] p1b: Indeedee
|-ability|p2a: Incineroar|Intimidate|boost
|-unboost|p1a: Volcarona|atk|1
|-unboost|p1b: Indeedee|atk|1
|turn|1
|
|t:|1757694049
|move|p1a: Volcarona|Rage Powder|p1a: Volcarona
|-singleturn|p1a: Volcarona|move: Rage Powder
|move|p2b: Gholdengo|Nasty Plot|p2b: Gholdengo
|-boost|p2b: Gholdengo|spa|2
|move|p2a: Incineroar|Knock Off|p1a: Volcarona
|-damage|p1a: Volcarona|55/100
|-damage|p2a: Incineroar|84/100|[from] item: Rocky Helmet|[of] p1a: Volcarona
|-enditem|p1a: Volcarona|Rocky Helmet|[from] move: Knock Off|[of] p2a: Incineroar
|move|p1b: Indeedee|Trick Room|p1b: Indeedee
|-fieldstart|move: Trick Room|[of] p1b: Indeedee
|
|upkeep
|turn|2
|inactive|TJP195 has 30 seconds left.
|
|t:|1757694075
|move|p2a: Incineroar|Knock Off|p1b: Indeedee
|-supereffective|p1b: Indeedee
|-damage|p1b: Indeedee|32/100
|-enditem|p1b: Indeedee|Safety Goggles|[from] move: Knock Off|[of] p2a: Incineroar
|move|p1b: Indeedee|Dazzling Gleam|p2a: Incineroar|[spread] p2a,p2b
|-resisted|p2b: Gholdengo
|-damage|p2a: Incineroar|72/100
|-damage|p2b: Gholdengo|93/100
|move|p2b: Gholdengo|Make It Rain|p1b: Indeedee|[spread] p1a,p1b
|-resisted|p1a: Volcarona
|-damage|p1a: Volcarona|5/100
|-damage|p1b: Indeedee|0 fnt
|-unboost|p2b: Gholdengo|spa|1
|faint|p1b: Indeedee
|move|p1a: Volcarona|Fiery Dance|p2b: Gholdengo
|-supereffective|p2b: Gholdengo
|-damage|p2b: Gholdengo|12/100
|-enditem|p2b: Gholdengo|Sitrus Berry|[eat]
|-heal|p2b: Gholdengo|37/100|[from] item: Sitrus Berry
|
|upkeep
|
|t:|1757694090
|switch|p1b: Ursaluna|Ursaluna, L50, M, shiny|100/100
|turn|3
|
|t:|1757694110
|move|p1b: Ursaluna|Protect|p1b: Ursaluna
|-singleturn|p1b: Ursaluna|Protect
|move|p2a: Incineroar|Knock Off|p1b: Ursaluna
|-activate|p1b: Ursaluna|move: Protect
|move|p2b: Gholdengo|Make It Rain|p1a: Volcarona|[spread] p1a
|-activate|p1b: Ursaluna|move: Protect
|-resisted|p1a: Volcarona
|-damage|p1a: Volcarona|0 fnt
|-unboost|p2b: Gholdengo|spa|1
|faint|p1a: Volcarona
|
|-status|p1b: Ursaluna|brn|[from] item: Flame Orb
|upkeep
|
|t:|1757694113
|switch|p1a: Braviary|Braviary-Hisui, L50, M, shiny|100/100
|turn|4
|inactive|Quill86 has 30 seconds left.
|
|t:|1757694142
|-terastallize|p1a: Braviary|Psychic
|move|p2b: Gholdengo|Protect|p2b: Gholdengo
|-singleturn|p2b: Gholdengo|Protect
|move|p1b: Ursaluna|Headlong Rush|p2a: Incineroar
|-supereffective|p2a: Incineroar
|-damage|p2a: Incineroar|0 fnt
|-unboost|p1b: Ursaluna|def|1
|-unboost|p1b: Ursaluna|spd|1
|faint|p2a: Incineroar
|move|p1a: Braviary|Expanding Force|p2b: Gholdengo
|-activate|p2b: Gholdengo|move: Protect
|
|-damage|p1b: Ursaluna|94/100 brn|[from] brn
|upkeep
|
|t:|1757694154
|switch|p2a: Ursaluna|Ursaluna-Bloodmoon, L50, M|100/100
|turn|5
|
|t:|1757694163
|move|p2a: Ursaluna|Protect|p2a: Ursaluna
|-singleturn|p2a: Ursaluna|Protect
|move|p1b: Ursaluna|Facade|p2a: Ursaluna
|-activate|p2a: Ursaluna|move: Protect
|move|p1a: Braviary|Expanding Force|p2a: Ursaluna|[spread] p2b
|-activate|p2a: Ursaluna|move: Protect
|-resisted|p2b: Gholdengo
|-damage|p2b: Gholdengo|0 fnt
|faint|p2b: Gholdengo
|
|-damage|p1b: Ursaluna|88/100 brn|[from] brn
|-fieldend|move: Trick Room
|-fieldend|move: Psychic Terrain
|upkeep
|
|t:|1757694174
|switch|p2b: Gallade|Gallade, L50, M|100/100
|turn|6
|inactive|TJP195 has 30 seconds left.
|
|t:|1757694199
|-terastallize|p2a: Ursaluna|Normal
|move|p1b: Ursaluna|Protect|p1b: Ursaluna
|-singleturn|p1b: Ursaluna|Protect
|move|p2b: Gallade|Sacred Sword|p1b: Ursaluna
|-activate|p1b: Ursaluna|move: Protect
|move|p1a: Braviary|Expanding Force|p2a: Ursaluna
|-damage|p2a: Ursaluna|0 fnt
|faint|p2a: Ursaluna
|
|-damage|p1b: Ursaluna|82/100 brn|[from] brn
|upkeep
|turn|7
|c|☆TJP195|gg
|
|t:|1757694216
|move|p2b: Gallade|Sacred Sword|p1b: Ursaluna
|-supereffective|p1b: Ursaluna
|-damage|p1b: Ursaluna|0 fnt
|faint|p1b: Ursaluna
|move|p1a: Braviary|Expanding Force|p2b: Gallade
|-damage|p2b: Gallade|25/100
|
|upkeep
|turn|8
|-message|Quill86 forfeited.
|
|win|TJP195
|raw|TJP195's rating: 1201 → 1227(+26 for winning)
|raw|Quill86's rating: 1221 → 1195(-26 for losing)
