|j|☆Tonypajamas17
|j|☆Museigentest
|html|Tonypajamas17Museigentest    
|uhtml|bestof|Game 1 of a best-of-3
|t:|1757197561
|gametype|doubles
|player|p1|Tonypajamas17|2|1391
|player|p2|Museigentest|265|1377
|gen|9
|tier|[Gen 9] VGC 2025 Reg H (Bo3)
|rated|
|rule|Species Clause: Limit one of each Pokémon
|rule|Item Clause: Limit 1 of each item
|clearpoke
|poke|p1|Tyranitar, L50, M|
|poke|p1|Excadrill, L50, M|
|poke|p1|Indeedee, L50, M|
|poke|p1|Sneasler, L50, M|
|poke|p1|Kilowattrel, L50, F|
|poke|p1|Amoonguss, L50, F|
|poke|p2|Sneasler, L50, F|
|poke|p2|Indeedee, L50, M|
|poke|p2|Volcarona, L50, M|
|poke|p2|Ursaluna-Bloodmoon, L50, M|
|poke|p2|Annihilape, L50, F|
|poke|p2|Tyranitar, L50, M|
|teampreview|4
|showteam|p1|Tyranitar||AssaultVest|SandStream|RockSlide,TeraBlast,LowKick,KnockOff|||M|||50|,,,,,Flying]Excadrill||FocusSash|SandRush|Earthquake,IronHead,Protect,HighHorsepower|||M|||50|,,,,,Ghost]Indeedee||ChoiceScarf|PsychicSurge|ExpandingForce,TeraBlast,Trick,ShadowBall|||M|||50|,,,,,Fighting]Sneasler||PsychicSeed|Unburden|CloseCombat,Protect,Taunt,DireClaw|||M|||50|,,,,,Dark]Kilowattrel||SafetyGoggles|Competitive|Tailwind,Protect,Thunderbolt,AirSlash|||F|||50|,,,,,Ghost]Amoonguss||CovertCloak|Regenerator|Spore,RagePowder,PollenPuff,Protect|||F|||50|,,,,,Water
|showteam|p2|Sneasler||PsychicSeed|Unburden|CloseCombat,DireClaw,ThroatChop,Protect|||F|||50|,,,,,Dark]Indeedee||ChoiceScarf|PsychicSurge|ExpandingForce,TeraBlast,Trick,Protect|||M|||50|,,,,,Psychic]Volcarona||SitrusBerry|FlameBody|Overheat,StruggleBug,RagePowder,Tailwind|||M|||50|,,,,,Grass]Ursaluna-Bloodmoon||LifeOrb|MindsEye|BloodMoon,HyperVoice,EarthPower,Protect|||M|||50|,,,,,Normal]Annihilape||SafetyGoggles|Defiant|CloseCombat,RageFist,Taunt,FinalGambit|||F|||50|,,,,,Fairy]Tyranitar||AssaultVest|SandStream|RockSlide,KnockOff,TeraBlast,LowKick|||M|||50|,,,,,Flying
|inactive|Battle timer is ON: inactive players will automatically lose when time's up. (requested by Museigentest)
|c|☆Museigentest|Gl hf
|inactive|Tonypajamas17 has 60 seconds left.
|inactive|Museigentest has 60 seconds left.
|inactive|Tonypajamas17 has 30 seconds left.
|inactive|Tonypajamas17 has 20 seconds left.
|inactive|Tonypajamas17 has 15 seconds left.
|inactive|Tonypajamas17 has 10 seconds left.
|inactive|Tonypajamas17 has 5 seconds left.
|
|t:|1757197677
|teamsize|p1|4
|teamsize|p2|4
|start
|switch|p1a: Tyranitar|Tyranitar, L50, M, shiny|100/100
|switch|p1b: Excadrill|Excadrill, L50, M|100/100
|switch|p2a: Volcarona|Volcarona, L50, M|100/100
|switch|p2b: Tyranitar|Tyranitar, L50, M|100/100
|-weather|Sandstorm|[from] ability: Sand Stream|[of] p1a: Tyranitar
|turn|1
|inactive|Museigentest has 30 seconds left.
|inactive|Museigentest has 20 seconds left.
|inactive|Museigentest has 15 seconds left.
|inactive|Museigentest has 10 seconds left.
|inactive|Museigentest has 5 seconds left.
|
|t:|1757197727
|-terastallize|p1a: Tyranitar|Flying
|move|p1b: Excadrill|Protect|p1b: Excadrill
|-singleturn|p1b: Excadrill|Protect
|move|p2a: Volcarona|Overheat|p1b: Excadrill
|-activate|p1b: Excadrill|move: Protect
|move|p1a: Tyranitar|Rock Slide|p2a: Volcarona|[spread] p2a,p2b
|-supereffective|p2a: Volcarona
|-damage|p2a: Volcarona|0 fnt
|-damage|p2b: Tyranitar|79/100
|faint|p2a: Volcarona
|move|p2b: Tyranitar|Rock Slide|p1a: Tyranitar|[spread] p1a
|-activate|p1b: Excadrill|move: Protect
|-supereffective|p1a: Tyranitar
|-damage|p1a: Tyranitar|50/100
|
|-weather|Sandstorm|[upkeep]
|-damage|p1a: Tyranitar|44/100|[from] Sandstorm
|upkeep
|
|t:|1757197741
|switch|p2a: Indeedee|Indeedee, L50, M|100/100
|-fieldstart|move: Psychic Terrain|[from] ability: Psychic Surge|[of] p2a: Indeedee
|turn|2
|inactive|Tonypajamas17 has 30 seconds left.
|inactive|Museigentest has 30 seconds left.
|inactive|Museigentest has 20 seconds left.
|
|t:|1757197778
|-terastallize|p2b: Tyranitar|Flying
|move|p1b: Excadrill|Earthquake|p2b: Tyranitar|[spread] p2a
|-immune|p1a: Tyranitar
|-immune|p2b: Tyranitar
|-damage|p2a: Indeedee|6/100
|move|p2a: Indeedee|Expanding Force|p1b: Excadrill|[spread] p1a,p1b
|-resisted|p1b: Excadrill
|-damage|p1a: Tyranitar|13/100
|-damage|p1b: Excadrill|60/100
|move|p1a: Tyranitar|Rock Slide|p2a: Indeedee|[spread] p2a,p2b
|-supereffective|p2b: Tyranitar
|-damage|p2a: Indeedee|0 fnt
|-damage|p2b: Tyranitar|34/100
|faint|p2a: Indeedee
|cant|p2b: Tyranitar|flinch
|
|-weather|Sandstorm|[upkeep]
|-damage|p1a: Tyranitar|7/100|[from] Sandstorm
|-damage|p2b: Tyranitar|28/100|[from] Sandstorm
|upkeep
|
|t:|1757197792
|switch|p2a: Sneasler|Sneasler, L50, F|100/100
|-enditem|p2a: Sneasler|Psychic Seed
|-boost|p2a: Sneasler|spd|1|[from] item: Psychic Seed
|turn|3
|
|t:|1757197808
|move|p2a: Sneasler|Protect|p2a: Sneasler
|-singleturn|p2a: Sneasler|Protect
|move|p1b: Excadrill|Earthquake|p2a: Sneasler|[spread] 
|-activate|p2a: Sneasler|move: Protect
|-immune|p1a: Tyranitar
|-immune|p2b: Tyranitar
|move|p1a: Tyranitar|Tera Blast|p2a: Sneasler|[anim] Tera Blast Flying
|-activate|p2a: Sneasler|move: Protect
|move|p2b: Tyranitar|Rock Slide|p1b: Excadrill|[spread] p1a
|-miss|p2b: Tyranitar|p1b: Excadrill
|-supereffective|p1a: Tyranitar
|-damage|p1a: Tyranitar|0 fnt
|faint|p1a: Tyranitar
|
|-weather|Sandstorm|[upkeep]
|-damage|p2a: Sneasler|95/100|[from] Sandstorm
|-damage|p2b: Tyranitar|22/100|[from] Sandstorm
|upkeep
|
|t:|1757197815
|switch|p1a: Indeedee|Indeedee, L50, M, shiny|100/100
|turn|4
|
|t:|1757197837
|move|p2a: Sneasler|Protect|p2a: Sneasler
|-singleturn|p2a: Sneasler|Protect
|move|p1b: Excadrill|High Horsepower|p2a: Sneasler
|-activate|p2a: Sneasler|move: Protect
|move|p1a: Indeedee|Expanding Force|p2a: Sneasler|[spread] p2b
|-activate|p2a: Sneasler|move: Protect
|-damage|p2b: Tyranitar|0 fnt
|faint|p2b: Tyranitar
|
|-weather|Sandstorm|[upkeep]
|-damage|p2a: Sneasler|89/100|[from] Sandstorm
|-damage|p1a: Indeedee|95/100|[from] Sandstorm
|upkeep
|turn|5
|
|t:|1757197853
|move|p2a: Sneasler|Close Combat|p1b: Excadrill
|-supereffective|p1b: Excadrill
|-damage|p1b: Excadrill|0 fnt
|-unboost|p2a: Sneasler|def|1
|-unboost|p2a: Sneasler|spd|1
|faint|p1b: Excadrill
|move|p1a: Indeedee|Expanding Force|p2a: Sneasler
|-supereffective|p2a: Sneasler
|-damage|p2a: Sneasler|0 fnt
|faint|p2a: Sneasler
|
|win|Tonypajamas17
||Museigentest is ready for game 2.
|inactive|Tonypajamas17 has 30 seconds to confirm battle start!
|inactive|Tonypajamas17 has 20 seconds to confirm battle start!
||Tonypajamas17 is ready for game 2.
|uhtml|next|Next: Game 2 of 3
|l|☆Tonypajamas17
|player|p1|
