|j|☆WASHINGTONGARGACHA
|j|☆yousickbastard
|html|WASHINGTONGARGACHAyousickbastard    
|uhtml|bestof|Game 3 of a best-of-3
|t:|1757769606
|gametype|doubles
|player|p1|WASHINGTONGARGACHA|101|1136
|player|p2|yousickbastard|birdkeeper-gen4dp|1217
|gen|9
|tier|[Gen 9] VGC 2025 Reg H (Bo3)
|rated|
|rule|Species Clause: Limit one of each Pokémon
|rule|Item Clause: Limit 1 of each item
|clearpoke
|poke|p1|Talonflame, L50, M|
|poke|p1|Gholdengo, L50|
|poke|p1|Dragonite, L50, F|
|poke|p1|Archaludon, L50, F|
|poke|p1|Tyranitar, L50, M|
|poke|p1|Garchomp, L50, M|
|poke|p2|Gholdengo, L50|
|poke|p2|Sneasler, L50, M|
|poke|p2|Rillaboom, L50, M|
|poke|p2|Dragonite, L50, M|
|poke|p2|Ninetales-Alola, L50, F|
|poke|p2|Arcanine-Hisui, L50, M|
|teampreview|4
|showteam|p1|Talonflame||CovertCloak|GaleWings|Tailwind,DualWingbeat,Taunt,FlareBlitz|||M|||50|,,,,,Stellar]Gholdengo||LifeOrb|GoodasGold|MakeItRain,NastyPlot,ShadowBall,Protect||||||50|,,,,,Steel]Dragonite||LoadedDice|Multiscale|ScaleShot,IceSpinner,Haze,Protect|||F|||50|,,,,,Steel]Archaludon||PowerHerb|Sturdy|FlashCannon,ElectroShot,DracoMeteor,Protect|||F|||50|,,,,,Flying]Tyranitar||AssaultVest|SandStream|KnockOff,RockSlide,TeraBlast,LowKick|||M|||50|,,,,,Flying]Garchomp||ClearAmulet|RoughSkin|DragonClaw,StompingTantrum,Earthquake,Protect|||M|||50|,,,,,Steel
|showteam|p2|Gholdengo||GrassySeed|GoodasGold|NastyPlot,MakeItRain,ShadowBall,Protect||||||50|,,,,,Water]Sneasler||WhiteHerb|Unburden|CloseCombat,DireClaw,Coaching,Protect|||M|||50|,,,,,Ghost]Rillaboom||AssaultVest|GrassySurge|FakeOut,GrassyGlide,DrumBeating,HighHorsepower|||M|||50|,,,,,Fire]Dragonite||LoadedDice|Multiscale|ScaleShot,StompingTantrum,Tailwind,Protect|||M|||50|,,,,,Ground]Ninetales-Alola||FocusSash|SnowWarning|Blizzard,IcyWind,Encore,AuroraVeil|||F|||50|,,,,,Ghost]Arcanine-Hisui||ClearAmulet|Intimidate|RockSlide,FlareBlitz,ExtremeSpeed,Protect|||M|||50|,,,,,Water
|
|t:|1757769619
|teamsize|p1|4
|teamsize|p2|4
|start
|switch|p1a: Tyranitar|Tyranitar, L50, M|100/100
|switch|p1b: Garchomp|Garchomp, L50, M|100/100
|switch|p2a: Niners|Ninetales-Alola, L50, F|100/100
|switch|p2b: Arcanine|Arcanine-Hisui, L50, M|100/100
|-weather|Snowscape|[from] ability: Snow Warning|[of] p2a: Niners
|-ability|p2b: Arcanine|Intimidate|boost
|-unboost|p1a: Tyranitar|atk|1
|-fail|p1b: Garchomp|unboost|[from] item: Clear Amulet|[of] p1b: Garchomp
|-weather|Sandstorm|[from] ability: Sand Stream|[of] p1a: Tyranitar
|turn|1
|
|t:|1757769645
|switch|p2a: Gholdengo|Gholdengo, L50|100/100
|switch|p2b: Rillaboom|Rillaboom, L50, M|100/100
|-fieldstart|move: Grassy Terrain|[from] ability: Grassy Surge|[of] p2b: Rillaboom
|-enditem|p2a: Gholdengo|Grassy Seed
|-boost|p2a: Gholdengo|def|1|[from] item: Grassy Seed
|move|p1b: Garchomp|Dragon Claw|p2a: Gholdengo
|-resisted|p2a: Gholdengo
|-damage|p2a: Gholdengo|87/100
|move|p1a: Tyranitar|Rock Slide|p2a: Gholdengo|[spread] p2a,p2b
|-resisted|p2a: Gholdengo
|-damage|p2a: Gholdengo|80/100
|-damage|p2b: Rillaboom|81/100
|
|-weather|Sandstorm|[upkeep]
|-damage|p2b: Rillaboom|75/100|[from] Sandstorm
|-heal|p2b: Rillaboom|81/100|[from] Grassy Terrain
|-heal|p2a: Gholdengo|86/100|[from] Grassy Terrain
|upkeep
|turn|2
|
|t:|1757769670
|switch|p1b: Gholdengo|Gholdengo, L50|100/100
|switch|p1a: Talonflame|Talonflame, L50, M|100/100
|-terastallize|p2a: Gholdengo|Water
|move|p2b: Rillaboom|Fake Out|p1a: Talonflame
|-damage|p1a: Talonflame|82/100
|move|p2a: Gholdengo|Nasty Plot|p2a: Gholdengo
|-boost|p2a: Gholdengo|spa|2
|
|-weather|Sandstorm|[upkeep]
|-damage|p1a: Talonflame|76/100|[from] Sandstorm
|-damage|p2b: Rillaboom|75/100|[from] Sandstorm
|-damage|p2a: Gholdengo|80/100|[from] Sandstorm
|-heal|p2b: Rillaboom|81/100|[from] Grassy Terrain
|-heal|p2a: Gholdengo|86/100|[from] Grassy Terrain
|upkeep
|turn|3
|
|t:|1757769711
|move|p1b: Gholdengo|Protect|p1b: Gholdengo
|-singleturn|p1b: Gholdengo|Protect
|move|p2a: Gholdengo|Protect|p2a: Gholdengo
|-singleturn|p2a: Gholdengo|Protect
|move|p1a: Talonflame|Tailwind|p1a: Talonflame
|-sidestart|p1: WASHINGTONGARGACHA|move: Tailwind
|move|p2b: Rillaboom|Drum Beating|p1b: Gholdengo
|-activate|p1b: Gholdengo|move: Protect
|
|-weather|Sandstorm|[upkeep]
|-damage|p1a: Talonflame|70/100|[from] Sandstorm
|-damage|p2b: Rillaboom|75/100|[from] Sandstorm
|-damage|p2a: Gholdengo|80/100|[from] Sandstorm
|-heal|p2b: Rillaboom|81/100|[from] Grassy Terrain
|-heal|p2a: Gholdengo|86/100|[from] Grassy Terrain
|upkeep
|turn|4
|
|t:|1757769766
|-terastallize|p1b: Gholdengo|Steel
|move|p2b: Rillaboom|Grassy Glide|p1b: Gholdengo
|-resisted|p1b: Gholdengo
|-damage|p1b: Gholdengo|81/100
|move|p1a: Talonflame|Flare Blitz|p2b: Rillaboom
|-supereffective|p2b: Rillaboom
|-damage|p2b: Rillaboom|0 fnt
|faint|p2b: Rillaboom
|-damage|p1a: Talonflame|38/100|[from] Recoil
|move|p1b: Gholdengo|Make It Rain|p2a: Gholdengo
|-resisted|p2a: Gholdengo
|-damage|p2a: Gholdengo|29/100
|-unboost|p1b: Gholdengo|spa|1
|-damage|p1b: Gholdengo|71/100|[from] item: Life Orb
|move|p2a: Gholdengo|Shadow Ball|p1b: Gholdengo
|-damage|p1b: Gholdengo|0 fnt
|faint|p1b: Gholdengo
|
|-weather|Sandstorm|[upkeep]
|-damage|p1a: Talonflame|33/100|[from] Sandstorm
|-damage|p2a: Gholdengo|23/100|[from] Sandstorm
|-heal|p2a: Gholdengo|29/100|[from] Grassy Terrain
|upkeep
|
|t:|1757769791
|switch|p2b: Niners|Ninetales-Alola, L50, F|100/100
|switch|p1b: Garchomp|Garchomp, L50, M|100/100
|-weather|Snowscape|[from] ability: Snow Warning|[of] p2b: Niners
|turn|5
|
|t:|1757769810
|switch|p1b: Tyranitar|Tyranitar, L50, M|100/100
|-weather|Sandstorm|[from] ability: Sand Stream|[of] p1b: Tyranitar
|move|p1a: Talonflame|Flare Blitz|p2b: Niners
|-supereffective|p2b: Niners
|-enditem|p2b: Niners|Focus Sash
|-damage|p2b: Niners|1/100
|-status|p2b: Niners|brn
|-damage|p1a: Talonflame|2/100|[from] Recoil
|move|p2b: Niners|Icy Wind|p1a: Talonflame|[spread] p1a,p1b
|-damage|p1a: Talonflame|0 fnt
|-damage|p1b: Tyranitar|94/100
|-unboost|p1b: Tyranitar|spe|1
|faint|p1a: Talonflame
|move|p2a: Gholdengo|Make It Rain|p1b: Tyranitar
|-supereffective|p1b: Tyranitar
|-damage|p1b: Tyranitar|0 fnt
|-unboost|p2a: Gholdengo|spa|1
|faint|p1b: Tyranitar
|
|-weather|Sandstorm|[upkeep]
|-damage|p2b: Niners|0 fnt|[from] Sandstorm
|-damage|p2a: Gholdengo|23/100|[from] Sandstorm
|faint|p2b: Niners
|-heal|p2a: Gholdengo|29/100|[from] Grassy Terrain
|-fieldend|move: Grassy Terrain
|upkeep
|
|t:|1757769834
|switch|p2b: Arcanine|Arcanine-Hisui, L50, M|100/100
|switch|p1b: Garchomp|Garchomp, L50, M|100/100
|-ability|p2b: Arcanine|Intimidate|boost
|-fail|p1b: Garchomp|unboost|[from] item: Clear Amulet|[of] p1b: Garchomp
|turn|6
|
|t:|1757769874
|move|p2b: Arcanine|Protect|p2b: Arcanine
|-singleturn|p2b: Arcanine|Protect
|move|p1b: Garchomp|Earthquake|p2b: Arcanine|[spread] p2a
|-activate|p2b: Arcanine|move: Protect
|-damage|p2a: Gholdengo|3/100
|move|p2a: Gholdengo|Make It Rain|p1b: Garchomp
|-crit|p1b: Garchomp
|-damage|p1b: Garchomp|0 fnt
|-unboost|p2a: Gholdengo|spa|1
|faint|p1b: Garchomp
|
|win|yousickbastard
|raw|WASHINGTONGARGACHA's rating: 1136 → 1117(-19 for losing)
|raw|yousickbastard's rating: 1217 → 1236(+19 for winning)
