|j|☆Pytonia
|j|☆tetris14
|html|Pytoniatetris14    
|uhtml|bestof|Game 1 of a best-of-3
|t:|1783540131
|gametype|doubles
|player|p1|Pytonia|lucian|1142
|player|p2|tetris14|brawly|1092
|gen|9
|tier|[Gen 9 Champions] VGC 2026 Reg M-B (Bo3)
|rated|
|rule|Species Clause: Limit one of each Pokémon
|rule|Item Clause: Limit 1 of each item
|clearpoke
|poke|p1|Meganium, L50, M|
|poke|p1|Lycanroc-Dusk, L50, F|
|poke|p1|Milotic, L50, F|
|poke|p1|Volcarona, L50, M|
|poke|p1|Corviknight, L50, M|
|poke|p1|Drampa, L50, F|
|poke|p2|Froslass, L50, F|
|poke|p2|Ninetales-Alola, L50, M|
|poke|p2|Toxapex, L50, M|
|poke|p2|Chandelure, L50, M|
|poke|p2|Archaludon, L50, M|
|poke|p2|Incineroar, L50, M|
|teampreview|4
|showteam|p1|Meganium||Meganiumite|LeafGuard|SolarBeam,DazzlingGleam,WeatherBall,Protect|Modest||M|||50|]Lycanroc-Dusk||FocusSash|ToughClaws|Accelerock,RockSlide,CloseCombat,Protect|Jolly||F|||50|]Milotic||Leftovers|Competitive|Scald,IcyWind,Recover,Protect|Bold||F|||50|]Volcarona||PasshoBerry|FlameBody|HeatWave,RagePowder,GigaDrain,Protect|Bold||M|||50|]Corviknight||SitrusBerry|MirrorArmor|BodyPress,IronHead,BulkUp,Protect|Careful||M|||50|]Drampa||Drampanite|CloudNine|EarthPower,HyperVoice,Roost,Protect|Quiet||F|||50|
|showteam|p2|Froslass||Froslassite|SnowCloak|ShadowBall,WillOWisp,Blizzard,Protect|Timid||F|||50|]Ninetales-Alola||LightClay|SnowWarning|AuroraVeil,Protect,Blizzard,Moonblast|Timid||M|||50|]Toxapex||SitrusBerry|Regenerator|BanefulBunker,Infestation,Recover,Liquidation|Relaxed||M|||50|]Chandelure||Chandelurite|FlashFire|HeatWave,EnergyBall,ShadowBall,Protect|Timid||M|||50|]Archaludon||Leftovers|Stamina|ElectroShot,FlashCannon,Protect,DragonPulse|Timid||M|||50|]Incineroar||BrightPowder|Intimidate|FakeOut,FlareBlitz,DarkestLariat,PartingShot|Adamant||M|||50|
|inactive|Battle timer is ON: inactive players will automatically lose when time's up. (requested by tetris14)
|inactive|Pytonia has 60 seconds left.
|
|t:|1783540190
|teamsize|p1|4
|teamsize|p2|4
|start
|switch|p1a: Volcarona|Volcarona, L50, M|100/100
|switch|p1b: Corviknight|Corviknight, L50, M|100/100
|switch|p2a: Ninetales|Ninetales-Alola, L50, M|100/100
|switch|p2b: Toxapex|Toxapex, L50, M|100/100
|-weather|Snowscape|[from] ability: Snow Warning|[of] p2a: Ninetales
|turn|1
|
|t:|1783540203
|switch|p1a: Drampa|Drampa, L50, F|100/100
|-ability|p1a: Drampa|Cloud Nine
|move|p2a: Ninetales|Aurora Veil||[still]
|-fail|p2a: Ninetales
|move|p1b: Corviknight|Iron Head|p2a: Ninetales
|-supereffective|p2a: Ninetales|2
|-damage|p2a: Ninetales|0 fnt
|faint|p2a: Ninetales
|move|p2b: Toxapex|Infestation|p1b: Corviknight
|-resisted|p1b: Corviknight|2
|-damage|p1b: Corviknight|99/100
|-activate|p1b: Corviknight|move: Infestation|[of] p2b: Toxapex
|
|-weather|Snowscape|[upkeep]
|-damage|p1b: Corviknight|86/100|[from] move: Infestation|[partiallytrapped]
|upkeep
|
|t:|1783540213
|switch|p2a: Incineroar|Incineroar, L50, M|100/100
|-ability|p2a: Incineroar|Intimidate|boost
|-unboost|p1a: Drampa|atk|1
|-ability|p1b: Corviknight|Mirror Armor
|-unboost|p2a: Incineroar|atk|1
|turn|2
|
|t:|1783540221
|move|p2a: Incineroar|Fake Out|p1a: Drampa
|-damage|p1a: Drampa|91/100
|move|p1b: Corviknight|Bulk Up|p1b: Corviknight
|-boost|p1b: Corviknight|atk|1
|-boost|p1b: Corviknight|def|1
|cant|p1a: Drampa|flinch
|move|p2b: Toxapex|Infestation|p1a: Drampa
|-damage|p1a: Drampa|88/100
|-activate|p1a: Drampa|move: Infestation|[of] p2b: Toxapex
|
|-weather|Snowscape|[upkeep]
|-damage|p1b: Corviknight|74/100|[from] move: Infestation|[partiallytrapped]
|-damage|p1a: Drampa|75/100|[from] move: Infestation|[partiallytrapped]
|upkeep
|turn|3
|
|t:|1783540233
|move|p1b: Corviknight|Bulk Up|p1b: Corviknight
|-boost|p1b: Corviknight|atk|1
|-boost|p1b: Corviknight|def|1
|move|p2a: Incineroar|Flare Blitz|p1b: Corviknight
|-supereffective|p1b: Corviknight|1
|-damage|p1b: Corviknight|36/100
|-enditem|p1b: Corviknight|Sitrus Berry|[eat]
|-heal|p1b: Corviknight|61/100|[from] item: Sitrus Berry
|-damage|p2a: Incineroar|88/100|[from] Recoil
|move|p1a: Drampa|Earth Power|p2b: Toxapex
|-supereffective|p2b: Toxapex|1
|-crit|p2b: Toxapex
|-damage|p2b: Toxapex|18/100
|-enditem|p2b: Toxapex|Sitrus Berry|[eat]
|-heal|p2b: Toxapex|43/100|[from] item: Sitrus Berry
|move|p2b: Toxapex|Liquidation|p1b: Corviknight
|-damage|p1b: Corviknight|53/100
|
|-weather|Snowscape|[upkeep]
|-damage|p1b: Corviknight|41/100|[from] move: Infestation|[partiallytrapped]
|-damage|p1a: Drampa|63/100|[from] move: Infestation|[partiallytrapped]
|upkeep
|turn|4
|
|t:|1783540258
|move|p2b: Toxapex|Baneful Bunker|p2b: Toxapex
|-singleturn|p2b: Toxapex|move: Protect
|move|p1b: Corviknight|Body Press|p2a: Incineroar
|-supereffective|p2a: Incineroar|1
|-damage|p2a: Incineroar|15/100
|move|p2a: Incineroar|Flare Blitz|p1b: Corviknight
|-supereffective|p1b: Corviknight|1
|-damage|p1b: Corviknight|5/100
|-damage|p2a: Incineroar|4/100|[from] Recoil
|move|p1a: Drampa|Earth Power|p2b: Toxapex
|-activate|p2b: Toxapex|move: Protect
|
|-weather|Snowscape|[upkeep]
|-damage|p1b: Corviknight|0 fnt|[from] move: Infestation|[partiallytrapped]
|faint|p1b: Corviknight
|-damage|p1a: Drampa|50/100g|[from] move: Infestation|[partiallytrapped]
|upkeep
|
|t:|1783540262
|switch|p1b: Lycanroc|Lycanroc-Dusk, L50, F|100/100
|turn|5
|
|t:|1783540285
|move|p1b: Lycanroc|Rock Slide|p2b: Toxapex|[spread] p2a,p2b
|-supereffective|p2a: Incineroar|1
|-damage|p2a: Incineroar|0 fnt
|-damage|p2b: Toxapex|26/100
|faint|p2a: Incineroar
|move|p1a: Drampa|Earth Power|p2b: Toxapex
|-supereffective|p2b: Toxapex|1
|-damage|p2b: Toxapex|0 fnt
|faint|p2b: Toxapex
|
|-weather|none
|-end|p1a: Drampa|Infestation|[partiallytrapped]|[silent]
|upkeep
|
|t:|1783540292
|switch|p2a: Chandelure|Chandelure, L50, M|100/100
|turn|6
|
|t:|1783540301
|detailschange|p2a: Chandelure|Chandelure-Mega, L50, M
|-mega|p2a: Chandelure|Chandelure|Chandelurite
|detailschange|p1a: Drampa|Drampa-Mega, L50, F
|-mega|p1a: Drampa|Drampa|Drampanite
|move|p1b: Lycanroc|Accelerock|p2a: Chandelure
|-supereffective|p2a: Chandelure|1
|-damage|p2a: Chandelure|41/100
|move|p2a: Chandelure|Heat Wave|p1a: Drampa|[spread] p1a,p1b
|-resisted|p1a: Drampa|1
|-resisted|p1b: Lycanroc|1
|-damage|p1a: Drampa|34/100
|-damage|p1b: Lycanroc|64/100
|-ability|p1a: Drampa|Berserk|boost
|-boost|p1a: Drampa|spa|1
|move|p1a: Drampa|Earth Power|p2a: Chandelure
|-supereffective|p2a: Chandelure|1
|-damage|p2a: Chandelure|0 fnt
|faint|p2a: Chandelure
|
|win|Pytonia
||Pytonia is ready for game 2.
|inactive|tetris14 has 30 seconds to confirm battle start!
||tetris14 is ready for game 2.
|uhtml|next|Next: Game 2 of 3
