|j|☆endershovel
|j|☆LyricSum
|html|endershovelLyricSum    
|uhtml|bestof|Game 3 of a best-of-3
|t:|1784553631
|gametype|doubles
|player|p1|endershovel|1|1346
|player|p2|LyricSum|veteran|1274
|gen|9
|tier|[Gen 9 Champions] VGC 2026 Reg M-B (Bo3)
|rated|
|rule|Species Clause: Limit one of each Pokémon
|rule|Item Clause: Limit 1 of each item
|clearpoke
|poke|p1|Starmie, L50, shiny|
|poke|p1|Sneasler, L50, F|
|poke|p1|Pelipper, L50, M|
|poke|p1|Archaludon, L50, M|
|poke|p1|Sinistcha-Masterpiece, L50|
|poke|p1|Kingambit, L50, F|
|poke|p2|Froslass, L50, F, shiny|
|poke|p2|Sneasler, L50, M, shiny|
|poke|p2|Lycanroc-Dusk, L50, M, shiny|
|poke|p2|Whimsicott, L50, F, shiny|
|poke|p2|Maushold-Four, L50, shiny|
|poke|p2|Rotom-Wash, L50, shiny|
|teampreview|4
|showteam|p1|Starmie||Starminite|NaturalCure|Liquidation,ZenHeadbutt,AquaJet,Protect|Jolly|||||50|]Sneasler||WhiteHerb|Unburden|CloseCombat,DireClaw,Coaching,FakeOut|Adamant||F|||50|]Pelipper||SitrusBerry|Drizzle|Hurricane,MuddyWater,Tailwind,Protect|Modest||M|||50|]Archaludon||Leftovers|Stamina|ElectroShot,FlashCannon,DragonPulse,Protect|Modest||M|||50|]Sinistcha-Masterpiece||ColburBerry|Hospitality|MatchaGotcha,RagePowder,TrickRoom,Protect|Calm|||||50|]Kingambit||BlackGlasses|Defiant|KowtowCleave,SuckerPunch,SwordsDance,Protect|Adamant||F|||50|
|showteam|p2|Froslass||Froslassite|CursedBody|NastyPlot,Blizzard,ShadowBall,Protect|Timid||F|||50|]Sneasler||WhiteHerb|Unburden|FakeOut,CloseCombat,DireClaw,ThroatChop|Adamant||M|||50|]Lycanroc-Dusk||FocusSash|ToughClaws|Accelerock,RockSlide,CloseCombat,Protect|Jolly||M|||50|]Whimsicott||FairyFeather|Prankster|Tailwind,Moonblast,Encore,Protect|Timid||F|||50|]Maushold-Four||SitrusBerry|FriendGuard|SuperFang,FollowMe,Taunt,Protect|Timid|||||50|]Rotom-Wash||ChoiceScarf|Levitate|VoltSwitch,HydroPump,Thunderbolt,Trick|Timid|||||50|
|inactive|Battle timer is ON: inactive players will automatically lose when time's up. (requested by LyricSum)
|
|t:|1784553652
|teamsize|p1|4
|teamsize|p2|4
|start
|switch|p1a: Sinistcha|Sinistcha-Masterpiece, L50|100/100
|switch|p1b: Kingambit|Kingambit, L50, F|100/100
|switch|p2a: Haribo|Sneasler, L50, M, shiny|100/100
|switch|p2b: Mickey Mice|Maushold-Four, L50, shiny|100/100
|turn|1
|
|t:|1784553665
|switch|p1a: Starmie|Starmie, L50, shiny|100/100
|move|p2a: Haribo|Fake Out|p1b: Kingambit
|-resisted|p1b: Kingambit|1
|-damage|p1b: Kingambit|95/100
|move|p2b: Mickey Mice|Taunt|p1a: Starmie
|-start|p1a: Starmie|move: Taunt
|cant|p1b: Kingambit|flinch
|
|upkeep
|turn|2
|j| tyho45
|inactive|LyricSum has 30 seconds left.
|
|t:|1784553695
|switch|p1b: Pelipper|Pelipper, L50, M|100/100
|-weather|RainDance|[from] ability: Drizzle|[of] p1b: Pelipper
|detailschange|p1a: Starmie|Starmie-Mega, L50, shiny
|-mega|p1a: Starmie|Starmie|Starminite
|move|p2b: Mickey Mice|Follow Me|p2b: Mickey Mice
|-singleturn|p2b: Mickey Mice|move: Follow Me
|move|p2a: Haribo|Throat Chop|p1a: Starmie
|-supereffective|p1a: Starmie|1
|-damage|p1a: Starmie|42/100
|-start|p1a: Starmie|Throat Chop|[silent]
|move|p1a: Starmie|Liquidation|p2b: Mickey Mice
|-damage|p2b: Mickey Mice|0 fnt
|faint|p2b: Mickey Mice
|
|-weather|RainDance|[upkeep]
|upkeep
|
|t:|1784553699
|switch|p2b: Not Washed|Rotom-Wash, L50, shiny|100/100
|turn|3
|
|t:|1784553717
|switch|p2a: Dress2Impress|Froslass, L50, F, shiny|100/100
|switch|p1b: Sinistcha|Sinistcha-Masterpiece, L50|100/100
|-heal|p1a: Starmie|67/100|[from] ability: Hospitality|[of] p1b: Sinistcha
|move|p2b: Not Washed|Thunderbolt|p1b: Sinistcha
|-resisted|p1b: Sinistcha|1
|-damage|p1b: Sinistcha|80/100
|move|p1a: Starmie|Liquidation|p2a: Dress2Impress
|-damage|p2a: Dress2Impress|0 fnt
|faint|p2a: Dress2Impress
|
|-weather|RainDance|[upkeep]
|-end|p1a: Starmie|move: Taunt
|-end|p1a: Starmie|Throat Chop|[silent]
|upkeep
|
|t:|1784553721
|switch|p2a: Haribo|Sneasler, L50, M, shiny|100/100
|turn|4
|inactive|LyricSum has 30 seconds left.
|
|t:|1784553751
|move|p1a: Starmie|Protect|p1a: Starmie
|-singleturn|p1a: Starmie|Protect
|move|p2b: Not Washed|Thunderbolt|p1b: Sinistcha
|-resisted|p1b: Sinistcha|1
|-damage|p1b: Sinistcha|60/100
|-status|p1b: Sinistcha|par
|move|p2a: Haribo|Throat Chop|p1b: Sinistcha
|-supereffective|p1b: Sinistcha|1
|-enditem|p1b: Sinistcha|Colbur Berry|[eat]
|-enditem|p1b: Sinistcha|Colbur Berry|[weaken]
|-damage|p1b: Sinistcha|34/100 par
|-start|p1b: Sinistcha|Throat Chop|[silent]
|move|p1b: Sinistcha|Trick Room|p1b: Sinistcha
|-fieldstart|move: Trick Room|[of] p1b: Sinistcha
|
|-weather|RainDance|[upkeep]
|upkeep
|turn|5
|l| tyho45
|
|t:|1784553769
|move|p1b: Sinistcha|Matcha Gotcha|p2b: Not Washed|[spread] p2a
|-miss|p1b: Sinistcha|p2b: Not Washed
|-resisted|p2a: Haribo|1
|-crit|p2a: Haribo
|-damage|p2a: Haribo|74/100
|-heal|p1b: Sinistcha|46/100 par|[from] drain|[of] p2a: Haribo
|move|p1a: Starmie|Liquidation|p2a: Haribo
|-damage|p2a: Haribo|0 fnt
|faint|p2a: Haribo
|move|p2b: Not Washed|Thunderbolt|p1a: Starmie
|-supereffective|p1a: Starmie|1
|-damage|p1a: Starmie|0 fnt
|faint|p1a: Starmie
|
|-weather|RainDance|[upkeep]
|-end|p1b: Sinistcha|Throat Chop|[silent]
|upkeep
|
|t:|1784553773
|switch|p1a: Kingambit|Kingambit, L50, F|95/100
|turn|6
|j| tyho45
|-message|LyricSum forfeited.
|
|win|endershovel
|raw|endershovel's rating: 1346 → 1362(+16 for winning)
|raw|LyricSum's rating: 1274 → 1254(-20 for losing)
|l|☆LyricSum
|player|p2|
