|j|☆joepoopgaming
|j|☆hypergamer_2422
|html|joepoopgaminghypergamer_2422    
|uhtml|bestof|Game 1 of a best-of-3
|t:|1783378700
|gametype|doubles
|player|p1|joepoopgaming|1|
|player|p2|hypergamer_2422|pokemaniac|
|gen|9
|tier|[Gen 9 Champions] VGC 2026 Reg M-B (Bo3)
|rule|Species Clause: Limit one of each Pokémon
|rule|Item Clause: Limit 1 of each item
|clearpoke
|poke|p1|Pelipper, L50, F, shiny|
|poke|p1|Beedrill, L50, F|
|poke|p1|Archaludon, L50, F, shiny|
|poke|p1|Sinistcha-Masterpiece, L50, shiny|
|poke|p1|Scizor, L50, F, shiny|
|poke|p1|Sneasler, L50, F, shiny|
|poke|p2|Staraptor, L50, F|
|poke|p2|Ditto, L50|
|poke|p2|Grimmsnarl, L50, M|
|poke|p2|Garchomp, L50, M|
|poke|p2|Goodra-Hisui, L50, M|
|poke|p2|Espathra, L50, F|
|teampreview|4
|showteam|p1|Pelipper||WacanBerry|Drizzle|Tailwind,Hurricane,WeatherBall,Protect|Timid||F|||50|]Beedrill||Beedrillite|Sniper|Lunge,PoisonJab,Uturn,Protect|Adamant||F|||50|]Archaludon||LifeOrb|Stamina|ElectroShot,FlashCannon,DracoMeteor,Protect|Modest||F|||50|]Sinistcha-Masterpiece||SitrusBerry|Hospitality|RagePowder,MatchaGotcha,ShadowBall,Protect|Modest|||||50|]Scizor||Scizorite|Technician|BulletPunch,Lunge,CloseCombat,Protect|Adamant||F|||50|]Sneasler||FocusSash|Unburden|FakeOut,CloseCombat,DireClaw,Protect|Adamant||F|||50|
|showteam|p2|Staraptor||Staraptite|Intimidate|CloseCombat,Facade,Protect,BraveBird|Jolly||F|||50|]Ditto||FocusSash|Imposter|Transform|Relaxed|||||50|]Grimmsnarl||LightClay|Prankster|FakeOut,LightScreen,Reflect,FoulPlay|Careful||M|||50|]Garchomp||ChoiceScarf|RoughSkin|Outrage,Earthquake,StoneEdge,BodySlam|Jolly||M|||50|]Goodra-Hisui||QuickClaw|Gooey|Rest,SleepTalk,FireBlast,FlashCannon|Modest||M|||50|]Espathra||LifeOrb|SpeedBoost|LuminaCrash,CalmMind,ShadowBall,Uturn|Modest||F|||50|
|
|t:|1783378739
|teamsize|p1|4
|teamsize|p2|4
|start
|switch|p1a: pepper|Pelipper, L50, F, shiny|100/100
|switch|p1b: a big bite|Archaludon, L50, F, shiny|100/100
|switch|p2a: Staraptor|Staraptor, L50, F|100/100
|switch|p2b: Grimmsnarl|Grimmsnarl, L50, M|100/100
|-ability|p2a: Staraptor|Intimidate|boost
|-unboost|p1a: pepper|atk|1
|-unboost|p1b: a big bite|atk|1
|-weather|RainDance|[from] ability: Drizzle|[of] p1a: pepper
|turn|1
|c|☆joepoopgaming|glhf
|c|☆hypergamer_2422|glhf
|
|t:|1783378772
|detailschange|p2a: Staraptor|Staraptor-Mega, L50, F
|-mega|p2a: Staraptor|Staraptor|Staraptite
|move|p2b: Grimmsnarl|Fake Out|p1b: a big bite
|-resisted|p1b: a big bite|1
|-damage|p1b: a big bite|96/100
|-ability|p1b: a big bite|Stamina|boost
|-boost|p1b: a big bite|def|1
|move|p2a: Staraptor|Close Combat|p1b: a big bite
|-supereffective|p1b: a big bite|1
|-damage|p1b: a big bite|34/100
|-boost|p2a: Staraptor|def|1
|-boost|p2a: Staraptor|spd|1
|-ability|p1b: a big bite|Stamina|boost
|-boost|p1b: a big bite|def|1
|cant|p1b: a big bite|flinch
|move|p1a: pepper|Tailwind|p1a: pepper
|-sidestart|p1: joepoopgaming|move: Tailwind
|
|-weather|RainDance|[upkeep]
|upkeep
|turn|2
|
|t:|1783378822
|move|p2b: Grimmsnarl|Light Screen|p2b: Grimmsnarl
|-sidestart|p2: hypergamer_2422|move: Light Screen
|move|p1b: a big bite|Electro Shot||[still]
|-prepare|p1b: a big bite|Electro Shot
|-boost|p1b: a big bite|spa|1
|-anim|p1b: a big bite|Electro Shot|p2a: Staraptor
|-supereffective|p2a: Staraptor|1
|-damage|p2a: Staraptor|1/100
|-damage|p1b: a big bite|25/100|[from] item: Life Orb
|move|p1a: pepper|Hurricane|p2b: Grimmsnarl
|-crit|p2b: Grimmsnarl
|-damage|p2b: Grimmsnarl|46/100
|move|p2a: Staraptor|Close Combat|p1b: a big bite
|-supereffective|p1b: a big bite|1
|-damage|p1b: a big bite|0 fnt
|-boost|p2a: Staraptor|def|1
|-boost|p2a: Staraptor|spd|1
|faint|p1b: a big bite
|
|-weather|RainDance|[upkeep]
|upkeep
|c|☆joepoopgaming|:(
|
|t:|1783378838
|switch|p1b: achoo|Sneasler, L50, F, shiny|100/100
|turn|3
|
|t:|1783378864
|move|p2a: Staraptor|Protect|p2a: Staraptor
|-singleturn|p2a: Staraptor|Protect
|move|p1b: achoo|Fake Out|p2a: Staraptor
|-activate|p2a: Staraptor|move: Protect
|move|p2b: Grimmsnarl|Reflect|p2b: Grimmsnarl
|-sidestart|p2: hypergamer_2422|Reflect
|move|p1a: pepper|Weather Ball|p2b: Grimmsnarl
|-damage|p2b: Grimmsnarl|13/100
|
|-weather|RainDance|[upkeep]
|upkeep
|turn|4
|
|t:|1783378898
|switch|p2a: Ditto|Ditto, L50|100/100
|-transform|p2a: Ditto|p1b: achoo|[from] ability: Imposter
|move|p1b: achoo|Dire Claw|p2b: Grimmsnarl
|-supereffective|p2b: Grimmsnarl|1
|-damage|p2b: Grimmsnarl|0 fnt
|faint|p2b: Grimmsnarl
|move|p1a: pepper|Hurricane|p2a: Ditto
|-supereffective|p2a: Ditto|1
|-enditem|p2a: Ditto|Focus Sash
|-damage|p2a: Ditto|1/100
|-start|p2a: Ditto|confusion
|
|-weather|RainDance|[upkeep]
|-sideend|p1: joepoopgaming|move: Tailwind
|upkeep
|
|t:|1783378917
|switch|p2b: Goodra|Goodra-Hisui, L50, M|100/100
|turn|5
|
|t:|1783378929
|-activate|p2a: Ditto|confusion
|move|p2a: Ditto|Fake Out|p1b: achoo
|-damage|p1b: achoo|73/100
|cant|p1b: achoo|flinch
|move|p1a: pepper|Tailwind|p1a: pepper
|-sidestart|p1: joepoopgaming|move: Tailwind
|move|p2b: Goodra|Flash Cannon|p1b: achoo
|-damage|p1b: achoo|15/100
|
|-weather|none
|upkeep
|turn|6
|
|t:|1783378950
|-activate|p2a: Ditto|confusion
|-damage|p2a: Ditto|0 fnt|[from] confusion
|faint|p2a: Ditto
|move|p1a: pepper|Protect|p1a: pepper
|-singleturn|p1a: pepper|Protect
|move|p1b: achoo|Close Combat|p2b: Goodra
|-supereffective|p2b: Goodra|1
|-damage|p2b: Goodra|9/100
|-unboost|p1b: achoo|def|1
|-unboost|p1b: achoo|spd|1
|-ability|p2b: Goodra|Gooey
|-unboost|p1b: achoo|spe|1
|move|p2b: Goodra|Flash Cannon|p1b: achoo
|-damage|p1b: achoo|0 fnt
|faint|p1b: achoo
|
|upkeep
|
|t:|1783378966
|switch|p1b: unknown tech|Scizor, L50, F, shiny|100/100
|switch|p2a: Staraptor|Staraptor-Mega, L50, F|1/100
|turn|7
|
|t:|1783378986
|detailschange|p1b: unknown tech|Scizor-Mega, L50, F, shiny
|-mega|p1b: unknown tech|Scizor|Scizorite
|move|p1b: unknown tech|Bullet Punch|p2b: Goodra
|-resisted|p2b: Goodra|1
|-damage|p2b: Goodra|0 fnt
|-ability|p2b: Goodra|Gooey
|-unboost|p1b: unknown tech|spe|1
|faint|p2b: Goodra
|move|p1a: pepper|Weather Ball|p2a: Staraptor
|-damage|p2a: Staraptor|0 fnt
|faint|p2a: Staraptor
|
|win|joepoopgaming
||hypergamer_2422 is ready for game 2.
|inactive|joepoopgaming has 30 seconds to confirm battle start!
|c|☆joepoopgaming|gg
|c|☆hypergamer_2422|gg
||joepoopgaming is ready for game 2.
|uhtml|next|Next: Game 2 of 3
|l|☆joepoopgaming
|player|p1|
|l|☆hypergamer_2422
|player|p2|
|j|☆joepoopgaming
|player|p1|joepoopgaming|1|
