|j|☆BernieBrando
|j|☆tonsofpax
|html|BernieBrandotonsofpax    
|uhtml|bestof|Game 2 of a best-of-3
|t:|1756749077
|gametype|doubles
|player|p1|BernieBrando|adaman|
|player|p2|tonsofpax|bellelba|
|gen|9
|tier|[Gen 9] VGC 2025 Reg H (Bo3)
|rule|Species Clause: Limit one of each Pokémon
|rule|Item Clause: Limit 1 of each item
|clearpoke
|poke|p1|Indeedee-F, L50, F|
|poke|p1|Espathra, L50, M|
|poke|p1|Amoonguss, L50, M|
|poke|p1|Torracat, L50, F|
|poke|p1|Bastiodon, L50, F|
|poke|p1|Malamar, L50, F|
|poke|p2|Indeedee-F, L50, F|
|poke|p2|Oricorio-Sensu, L50, M|
|poke|p2|Tauros-Paldea-Blaze, L50, M|
|poke|p2|Gastrodon-East, L50, F|
|poke|p2|Ribombee, L50, M|
|poke|p2|Raichu, L50, F|
|teampreview|4
|showteam|p1|Indeedee-F||PsychicSeed|PsychicSurge|FollowMe,TrickRoom,HelpingHand,Psychic|||F|||50|,,,,,Grass]Espathra||FocusSash|SpeedBoost|Protect,LuminaCrash,ExpandingForce,DazzlingGleam|||M|||50|,,,,,Psychic]Amoonguss||RockyHelmet|Regenerator|RagePowder,Spore,PollenPuff,SludgeBomb|||M|||50|,,,,,Water]Torracat||Eviolite|Intimidate|FakeOut,PartingShot,HeatWave,Taunt|||F|||50|,,,,,Grass]Bastiodon||Leftovers|Soundproof|BodyPress,IronDefense,RockSlide,Taunt|||F|||50|,,,,,Fighting]Malamar||CovertCloak|Contrary|Superpower,KnockOff,TrickRoom,TopsyTurvy|||F|||50|,,,,,Steel
|showteam|p2|Indeedee-F||RockyHelmet|PsychicSurge|FollowMe,TrickRoom,DazzlingGleam,HelpingHand|||F|||50|,,,,,Grass]Oricorio-Sensu||LifeOrb|Dancer|RevelationDance,AirSlash,QuiverDance,Protect|||M|||50|,,,,,Grass]Tauros-Paldea-Blaze||SafetyGoggles|Intimidate|FlareBlitz,CloseCombat,Protect,RagingBull|||M|||50|,,,,,Fire]Gastrodon-East||SitrusBerry|StormDrain|ClearSmog,EarthPower,Yawn,Protect|||F|||50|,,,,,Ghost]Ribombee||FocusSash|ShieldDust|Tailwind,QuiverDance,PollenPuff,Moonblast|||M|||50|,,,,,Fairy]Raichu||AssaultVest|LightningRod|FakeOut,Nuzzle,KnockOff,VoltSwitch|||F|||50|,,,,,Ghost
|j| PRIME TENACITY
|inactive|Battle timer is ON: inactive players will automatically lose when time's up. (requested by tonsofpax)
|l| PRIME TENACITY
|inactive|BernieBrando has 60 seconds left.
|inactive|tonsofpax has 60 seconds left.
|
|t:|1756749134
|teamsize|p1|4
|teamsize|p2|4
|start
|switch|p1a: Lady Gaga|Espathra, L50, M|100/100
|switch|p1b: Incinerunt|Torracat, L50, F|100/100
|switch|p2a: Oriconsensus|Oricorio-Sensu, L50, M|100/100
|switch|p2b: Ribombagree|Ribombee, L50, M, shiny|100/100
|-ability|p1b: Incinerunt|Intimidate|boost
|-unboost|p2a: Oriconsensus|atk|1
|-unboost|p2b: Ribombagree|atk|1
|turn|1
|inactive|BernieBrando has 30 seconds left.
|inactive|tonsofpax has 30 seconds left.
|
|t:|1756749163
|move|p1a: Lady Gaga|Protect|p1a: Lady Gaga
|-singleturn|p1a: Lady Gaga|Protect
|move|p2b: Ribombagree|Tailwind|p2b: Ribombagree
|-sidestart|p2: tonsofpax|move: Tailwind
|move|p2a: Oriconsensus|Revelation Dance|p1a: Lady Gaga
|-activate|p1a: Lady Gaga|move: Protect
|move|p1b: Incinerunt|Heat Wave|p2a: Oriconsensus|[spread] p2a,p2b
|-supereffective|p2b: Ribombagree
|-damage|p2a: Oriconsensus|67/100
|-damage|p2b: Ribombagree|27/100
|
|-ability|p1a: Lady Gaga|Speed Boost|boost
|-boost|p1a: Lady Gaga|spe|1
|upkeep
|turn|2
|inactive|BernieBrando has 30 seconds left.
|
|t:|1756749190
|switch|p1a: Min Min|Indeedee-F, L50, F|100/100
|-fieldstart|move: Psychic Terrain|[from] ability: Psychic Surge|[of] p1a: Min Min
|-enditem|p1a: Min Min|Psychic Seed
|-boost|p1a: Min Min|spd|1|[from] item: Psychic Seed
|move|p2b: Ribombagree|Pollen Puff|p1a: Min Min
|-supereffective|p1a: Min Min
|-damage|p1a: Min Min|55/100
|move|p2a: Oriconsensus|Air Slash|p1a: Min Min
|-damage|p1a: Min Min|28/100
|-damage|p2a: Oriconsensus|57/100|[from] item: Life Orb
|move|p1b: Incinerunt|Heat Wave|p2a: Oriconsensus|[spread] p2a
|-miss|p1b: Incinerunt|p2b: Ribombagree
|-damage|p2a: Oriconsensus|24/100
|
|upkeep
|turn|3
|c|☆BernieBrando|90% missing too much today
|inactive|BernieBrando has 30 seconds left.
|inactive|BernieBrando has 20 seconds left.
|inactive|BernieBrando has 15 seconds left.
|inactive|BernieBrando has 10 seconds left.
|
|t:|1756749235
|move|p2b: Ribombagree|Pollen Puff|p2a: Oriconsensus
|-heal|p2a: Oriconsensus|74/100
|move|p2a: Oriconsensus|Air Slash|p1a: Min Min
|-damage|p1a: Min Min|1/100
|-damage|p2a: Oriconsensus|64/100|[from] item: Life Orb
|move|p1b: Incinerunt|Heat Wave|p2b: Ribombagree|[spread] p2a,p2b
|-supereffective|p2b: Ribombagree
|-damage|p2a: Oriconsensus|27/100
|-damage|p2b: Ribombagree|0 fnt
|faint|p2b: Ribombagree
|move|p1a: Min Min|Trick Room|p1a: Min Min
|-fieldstart|move: Trick Room|[of] p1a: Min Min
|
|upkeep
|
|t:|1756749250
|switch|p2b: Gastruedon|Gastrodon-East, L50, F|100/100
|turn|4
|inactive|BernieBrando has 30 seconds left.
|
|t:|1756749277
|switch|p2a: Right U R|Raichu, L50, F|100/100
|move|p1a: Min Min|Helping Hand|p1b: Incinerunt
|-singleturn|p1b: Incinerunt|Helping Hand|[of] p1a: Min Min
|move|p2b: Gastruedon|Yawn|p1b: Incinerunt
|-start|p1b: Incinerunt|move: Yawn|[of] p2b: Gastruedon
|move|p1b: Incinerunt|Heat Wave|p2a: Right U R|[spread] p2a,p2b
|-resisted|p2b: Gastruedon
|-damage|p2a: Right U R|69/100
|-damage|p2b: Gastruedon|85/100
|-status|p2a: Right U R|brn
|
|-damage|p2a: Right U R|62/100 brn|[from] brn
|-sideend|p2: tonsofpax|move: Tailwind
|upkeep
|turn|5
|inactive|BernieBrando has 30 seconds left.
|inactive|BernieBrando has 20 seconds left.
|inactive|BernieBrando has 15 seconds left.
|
|t:|1756749321
|move|p2b: Gastruedon|Earth Power|p1b: Incinerunt
|-supereffective|p1b: Incinerunt
|-damage|p1b: Incinerunt|29/100
|move|p1a: Min Min|Psychic|p2b: Gastruedon
|-damage|p2b: Gastruedon|53/100
|move|p1b: Incinerunt|Parting Shot|p2a: Right U R
|-unboost|p2a: Right U R|atk|1
|-unboost|p2a: Right U R|spa|1
|
|t:|1756749330
|switch|p1b: Lady Gaga|Espathra, L50, M|100/100|[from] Parting Shot
|move|p2a: Right U R|Knock Off|p1b: Lady Gaga
|-supereffective|p1b: Lady Gaga
|-damage|p1b: Lady Gaga|75/100
|-enditem|p1b: Lady Gaga|Focus Sash|[from] move: Knock Off|[of] p2a: Right U R
|
|-damage|p2a: Right U R|56/100 brn|[from] brn
|upkeep
|turn|6
|c|☆BernieBrando|wrong mon OOPS
|inactive|BernieBrando has 30 seconds left.
|inactive|tonsofpax has 30 seconds left.
|inactive|BernieBrando has 20 seconds left.
|inactive|tonsofpax has 20 seconds left.
|inactive|BernieBrando has 15 seconds left.
|inactive|tonsofpax has 15 seconds left.
|
|t:|1756749375
|move|p2b: Gastruedon|Protect|p2b: Gastruedon
|-singleturn|p2b: Gastruedon|Protect
|move|p1a: Min Min|Psychic|p2b: Gastruedon
|-activate|p2b: Gastruedon|move: Protect
|move|p1b: Lady Gaga|Expanding Force|p2a: Right U R|[spread] p2a
|-activate|p2b: Gastruedon|move: Protect
|-damage|p2a: Right U R|5/100 brn
|move|p2a: Right U R|Volt Switch|p1a: Min Min
|-damage|p1a: Min Min|0 fnt
|faint|p1a: Min Min
|
|t:|1756749386
|switch|p2a: Oriconsensus|Oricorio-Sensu, L50, M|27/100|[from] Volt Switch
|
|-fieldend|move: Psychic Terrain
|-ability|p1b: Lady Gaga|Speed Boost|boost
|-boost|p1b: Lady Gaga|spe|1
|upkeep
|
|t:|1756749393
|switch|p1a: Miramichi|Amoonguss, L50, M|100/100
|turn|7
|inactive|tonsofpax has 30 seconds left.
|inactive|tonsofpax has 20 seconds left.
|inactive|tonsofpax has 15 seconds left.
|
|t:|1756749434
|move|p2a: Oriconsensus|Protect|p2a: Oriconsensus
|-singleturn|p2a: Oriconsensus|Protect
|move|p1b: Lady Gaga|Protect|p1b: Lady Gaga
|-singleturn|p1b: Lady Gaga|Protect
|move|p2b: Gastruedon|Yawn|p1a: Miramichi
|-start|p1a: Miramichi|move: Yawn|[of] p2b: Gastruedon
|move|p1a: Miramichi|Spore|p2b: Gastruedon
|-status|p2b: Gastruedon|slp|[from] move: Spore
|
|-fieldend|move: Trick Room
|-ability|p1b: Lady Gaga|Speed Boost|boost
|-boost|p1b: Lady Gaga|spe|1
|upkeep
|turn|8
|inactive|BernieBrando has 30 seconds left.
|inactive|tonsofpax has 30 seconds left.
|inactive|BernieBrando has 20 seconds left.
|
|t:|1756749473
|cant|p2b: Gastruedon|slp
|move|p1a: Miramichi|Rage Powder|p1a: Miramichi
|-singleturn|p1a: Miramichi|move: Rage Powder
|move|p1b: Lady Gaga|Dazzling Gleam|p2b: Gastruedon|[spread] p2a,p2b
|-damage|p2a: Oriconsensus|0 fnt
|-damage|p2b: Gastruedon|36/100 slp
|-enditem|p2b: Gastruedon|Sitrus Berry|[eat]
|-heal|p2b: Gastruedon|61/100 slp|[from] item: Sitrus Berry
|faint|p2a: Oriconsensus
|
|-end|p1a: Miramichi|move: Yawn|[silent]
|-status|p1a: Miramichi|slp
|-ability|p1b: Lady Gaga|Speed Boost|boost
|-boost|p1b: Lady Gaga|spe|1
|upkeep
|
|t:|1756749479
|switch|p2a: Right U R|Raichu, L50, F|5/100 brn
|turn|9
|
|t:|1756749494
|cant|p1a: Miramichi|slp
|move|p1b: Lady Gaga|Dazzling Gleam|p2a: Right U R|[spread] p2a,p2b
|-damage|p2a: Right U R|0 fnt
|-damage|p2b: Gastruedon|45/100 slp
|faint|p2a: Right U R
|cant|p2b: Gastruedon|slp
|
|-ability|p1b: Lady Gaga|Speed Boost|boost
|-boost|p1b: Lady Gaga|spe|1
|upkeep
|turn|10
|c|☆tonsofpax|Gg
|
|t:|1756749517
|move|p1b: Lady Gaga|Lumina Crash|p2b: Gastruedon
|-damage|p2b: Gastruedon|14/100 slp
|-unboost|p2b: Gastruedon|spd|2
|cant|p1a: Miramichi|slp
|cant|p2b: Gastruedon|slp
|
|-ability|p1b: Lady Gaga|Speed Boost|boost
|-boost|p1b: Lady Gaga|spe|1
|upkeep
|turn|11
|
|t:|1756749531
|move|p1b: Lady Gaga|Lumina Crash|p2b: Gastruedon
|-damage|p2b: Gastruedon|0 fnt
|faint|p2b: Gastruedon
|
|win|BernieBrando
|c|☆BernieBrando|ggs
