|j|☆so atey
|j|☆is_katabo
|html|so ateyis_katabo    
|uhtml|bestof|Game 1 of a best-of-3
|t:|1785795252
|gametype|doubles
|player|p1|so atey|cynthia|1302
|player|p2|is_katabo|youngster-gen4dp|1256
|gen|9
|tier|[Gen 9 Champions] VGC 2026 Reg M-B (Bo3)
|rated|
|rule|Species Clause: Limit one of each Pokémon
|rule|Item Clause: Limit 1 of each item
|clearpoke
|poke|p1|Raichu, L50, M|
|poke|p1|Farigiraf, L50, M|
|poke|p1|Staraptor, L50, M|
|poke|p1|Sylveon, L50, M|
|poke|p1|Arcanine-Hisui, L50, M|
|poke|p1|Kingambit, L50, F|
|poke|p2|Clefable, L50, M|
|poke|p2|Delphox, L50, M|
|poke|p2|Staraptor, L50, F|
|poke|p2|Weavile, L50, F|
|poke|p2|Garchomp, L50, M|
|poke|p2|Milotic, L50, M|
|teampreview|4
|showteam|p1|Raichu||RaichuniteY|LightningRod|ZapCannon,FocusBlast,Protect,FakeOut|Timid||M|||50|]Farigiraf||SitrusBerry|ArmorTail|Protect,Psychic,TrickRoom,HelpingHand|Bold||M|||50|]Staraptor||Staraptite|Intimidate|CloseCombat,BraveBird,Protect,Tailwind|Jolly||M|||50|]Sylveon||FairyFeather|Pixilate|HyperBeam,HyperVoice,QuickAttack,Protect|Modest||M|||50|]Arcanine-Hisui||FocusSash|RockHead|FlareBlitz,ExtremeSpeed,HeadSmash,Protect|Jolly||M|||50|]Kingambit||LifeOrb|Defiant|SuckerPunch,KowtowCleave,SwordsDance,Protect|Adamant||F|||50|
|showteam|p2|Clefable||SitrusBerry|Unaware|Moonblast,FollowMe,HelpingHand,Protect|Bold||M|||50|]Delphox||Delphoxite|Blaze|HeatWave,Psyshock,NastyPlot,Protect|Modest||M|||50|]Staraptor||Staraptite|Intimidate|BraveBird,CloseCombat,Roost,Protect|Jolly||F|||50|]Weavile||FocusSash|Pickpocket|FakeOut,TripleAxel,ThroatChop,LowKick|Jolly||F|||50|]Garchomp||ChoiceScarf|RoughSkin|DragonClaw,Earthquake,StompingTantrum,RockSlide|Adamant||M|||50|]Milotic||Leftovers|Competitive|MuddyWater,Coil,Hypnosis,Recover|Calm||M|||50|
|
|t:|1785795287
|teamsize|p1|4
|teamsize|p2|4
|start
|switch|p1a: Raichu|Raichu, L50, M|100/100
|switch|p1b: Sylveon|Sylveon, L50, M|100/100
|switch|p2a: Clefable|Clefable, L50, M|100/100
|switch|p2b: Delphox|Delphox, L50, M|100/100
|turn|1
|
|t:|1785795303
|detailschange|p1a: Raichu|Raichu-Mega-Y, L50, M
|-mega|p1a: Raichu|Raichu|Raichunite Y
|detailschange|p2b: Delphox|Delphox-Mega, L50, M
|-mega|p2b: Delphox|Delphox|Delphoxite
|move|p1a: Raichu|Zap Cannon|p2b: Delphox
|-damage|p2b: Delphox|37/100
|-status|p2b: Delphox|par
|cant|p2b: Delphox|par
|move|p1b: Sylveon|Hyper Voice|p2a: Clefable|[spread] p2a,p2b
|-resisted|p2b: Delphox|1
|-damage|p2a: Clefable|55/100
|-damage|p2b: Delphox|14/100 par
|move|p2a: Clefable|Moonblast|p1a: Raichu
|-damage|p1a: Raichu|60/100
|
|upkeep
|turn|2
|inactive|Battle timer is ON: inactive players will automatically lose when time's up. (requested by so atey)
|
|t:|1785795334
|move|p2a: Clefable|Follow Me|p2a: Clefable
|-singleturn|p2a: Clefable|move: Follow Me
|move|p1a: Raichu|Zap Cannon|p2a: Clefable
|-damage|p2a: Clefable|2/100
|-status|p2a: Clefable|par
|-enditem|p2a: Clefable|Sitrus Berry|[eat]
|-heal|p2a: Clefable|27/100 par|[from] item: Sitrus Berry
|move|p2b: Delphox|Heat Wave|p1b: Sylveon|[spread] p1a,p1b
|-damage|p1a: Raichu|1/100
|-damage|p1b: Sylveon|68/100
|move|p1b: Sylveon|Hyper Voice|p2b: Delphox|[spread] p2a,p2b
|-resisted|p2b: Delphox|1
|-damage|p2a: Clefable|0 fnt
|-damage|p2b: Delphox|0 fnt
|faint|p2a: Clefable
|faint|p2b: Delphox
|
|upkeep
|
|t:|1785795346
|switch|p2b: Milotic|Milotic, L50, M|100/100
|switch|p2a: Weavile|Weavile, L50, F|100/100
|turn|3
|
|t:|1785795358
|switch|p1b: Farigiraf|Farigiraf, L50, M|100/100
|move|p2a: Weavile|Triple Axel|p1a: Raichu
|-damage|p1a: Raichu|0 fnt
|faint|p1a: Raichu
|-hitcount|p1: Raichu|1
|move|p2b: Milotic|Coil|p2b: Milotic
|-boost|p2b: Milotic|atk|1
|-boost|p2b: Milotic|def|1
|-boost|p2b: Milotic|accuracy|1
|
|upkeep
|
|t:|1785795368
|switch|p1a: Sylveon|Sylveon, L50, M|68/100
|turn|4
|
|t:|1785795376
|move|p2a: Weavile|Triple Axel|p1a: Sylveon
|-damage|p1a: Sylveon|58/100
|-damage|p1a: Sylveon|37/100
|-hitcount|p1a: Sylveon|2
|move|p2b: Milotic|Muddy Water|p1a: Sylveon|[spread] p1a,p1b
|-damage|p1a: Sylveon|16/100
|-damage|p1b: Farigiraf|77/100
|-unboost|p1b: Farigiraf|accuracy|1
|move|p1a: Sylveon|Hyper Voice|p2b: Milotic|[spread] p2a,p2b
|-supereffective|p2a: Weavile|1
|-enditem|p2a: Weavile|Focus Sash
|-damage|p2a: Weavile|1/100
|-damage|p2b: Milotic|73/100
|move|p1b: Farigiraf|Trick Room|p1b: Farigiraf
|-fieldstart|move: Trick Room|[of] p1b: Farigiraf
|
|-heal|p2b: Milotic|79/100|[from] item: Leftovers
|upkeep
|turn|5
|inactive|so atey has 30 seconds left.
|
|t:|1785795404
|move|p1b: Farigiraf|Helping Hand|p1a: Sylveon
|-singleturn|p1a: Sylveon|Helping Hand|[of] p1b: Farigiraf
|move|p1a: Sylveon|Hyper Voice|p2a: Weavile|[spread] p2a,p2b
|-supereffective|p2a: Weavile|1
|-damage|p2a: Weavile|0 fnt
|-damage|p2b: Milotic|33/100
|faint|p2a: Weavile
|move|p2b: Milotic|Muddy Water|p1b: Farigiraf|[spread] p1a,p1b
|-damage|p1a: Sylveon|0 fnt
|-damage|p1b: Farigiraf|55/100
|faint|p1a: Sylveon
|
|-heal|p2b: Milotic|39/100|[from] item: Leftovers
|upkeep
|
|t:|1785795410
|switch|p1a: Kingambit|Kingambit, L50, F|100/100
|turn|6
|
|t:|1785795419
|move|p1b: Farigiraf|Helping Hand|p1a: Kingambit
|-singleturn|p1a: Kingambit|Helping Hand|[of] p1b: Farigiraf
|move|p1a: Kingambit|Kowtow Cleave|p2b: Milotic
|-damage|p2b: Milotic|0 fnt
|faint|p2b: Milotic
|-damage|p1a: Kingambit|90/100|[from] item: Life Orb
|
|win|so atey
||is_katabo is ready for game 2.
||so atey is ready for game 2.
|uhtml|next|Next: Game 2 of 3
