|j|☆liamj vgc!
|j|☆Deoxine
|html|liamj vgc!Deoxine    
|uhtml|bestof|Game 3 of a best-of-3
|t:|1783534756
|gametype|doubles
|player|p1|liamj vgc!|leon-tower|
|player|p2|Deoxine|2|
|gen|9
|tier|[Gen 9 Champions] VGC 2026 Reg M-B (Bo3)
|rule|Species Clause: Limit one of each Pokémon
|rule|Item Clause: Limit 1 of each item
|clearpoke
|poke|p1|Gengar, L50, F, shiny|
|poke|p1|Incineroar, L50, M, shiny|
|poke|p1|Sinistcha, L50|
|poke|p1|Politoed, L50, F|
|poke|p1|Staraptor, L50, M|
|poke|p1|Archaludon, L50, F, shiny|
|poke|p2|Raichu, L50, F|
|poke|p2|Mawile, L50, M|
|poke|p2|Sinistcha, L50|
|poke|p2|Ceruledge, L50, M|
|poke|p2|Milotic, L50, F|
|poke|p2|Incineroar, L50, M|
|teampreview|4
|showteam|p1|Gengar||Gengarite|CursedBody|ShadowBall,PerishSong,Disable,Protect|Timid||F|||50|]Incineroar||PasshoBerry|Intimidate|Protect,FakeOut,ThroatChop,PartingShot|Impish||M|||50|]Sinistcha||ColburBerry|Hospitality|GigaDrain,RagePowder,StrengthSap,Protect|Calm|||||50|]Politoed||SitrusBerry|Drizzle|WeatherBall,PerishSong,Encore,Protect|Bold||F|||50|]Staraptor||Staraptite|Intimidate|CloseCombat,BraveBird,Roost,Protect|Jolly||M|||50|]Archaludon||Magnet|Stalwart|FlashCannon,ElectroShot,DragonPulse,Protect|Modest||F|||50|
|showteam|p2|Raichu||RaichuniteY|LightningRod|ZapCannon,FocusBlast,FakeOut,Protect|Timid||F|||50|]Mawile||Mawilite|HyperCutter|PlayRough,SuckerPunch,SwordsDance,Protect|Adamant||M|||50|]Sinistcha||KasibBerry|Hospitality|MatchaGotcha,LifeDew,RagePowder,Protect|Relaxed|||||50|]Ceruledge||ColburBerry|FlashFire|BitterBlade,ShadowSneak,BulkUp,Protect|Adamant||M|||50|]Milotic||Leftovers|Competitive|MuddyWater,Coil,Hypnosis,Protect|Calm||F|||50|]Incineroar||SitrusBerry|Intimidate|FlareBlitz,ThroatChop,FakeOut,PartingShot|Impish||M|||50|
|inactive|Battle timer is ON: inactive players will automatically lose when time's up. (requested by liamj vgc!)
|j| TG511
|inactive|Deoxine has 60 seconds left.
|
|t:|1783534797
|teamsize|p1|4
|teamsize|p2|4
|start
|switch|p1a: Sinistcha|Sinistcha, L50|100/100
|switch|p1b: Archaludon|Archaludon, L50, F, shiny|100/100
|switch|p2a: Raichu|Raichu, L50, F|100/100
|switch|p2b: Milotic|Milotic, L50, F|100/100
|turn|1
|inactive|Deoxine has 30 seconds left.
|inactive|liamj vgc! has 30 seconds left.
|inactive|liamj vgc! has 20 seconds left.
|
|t:|1783534839
|move|p1b: Archaludon|Protect|p1b: Archaludon
|-singleturn|p1b: Archaludon|Protect
|move|p2a: Raichu|Focus Blast|p1b: Archaludon
|-activate|p1b: Archaludon|move: Protect
|move|p2b: Milotic|Coil|p2b: Milotic
|-boost|p2b: Milotic|atk|1
|-boost|p2b: Milotic|def|1
|-boost|p2b: Milotic|accuracy|1
|move|p1a: Sinistcha|Giga Drain|p2a: Raichu
|-damage|p2a: Raichu|63/100
|
|upkeep
|turn|2
|inactive|Deoxine has 30 seconds left.
|inactive|Deoxine has 20 seconds left.
|
|t:|1783534878
|switch|p1a: Politoed|Politoed, L50, F|100/100
|-weather|RainDance|[from] ability: Drizzle|[of] p1a: Politoed
|detailschange|p2a: Raichu|Raichu-Mega-Y, L50, F
|-mega|p2a: Raichu|Raichu|Raichunite Y
|move|p2a: Raichu|Focus Blast|p1b: Archaludon
|-supereffective|p1b: Archaludon|1
|-damage|p1b: Archaludon|8/100
|move|p1b: Archaludon|Electro Shot||[still]
|-prepare|p1b: Archaludon|Electro Shot
|-boost|p1b: Archaludon|spa|1
|-anim|p1b: Archaludon|Electro Shot|p2b: Milotic
|-supereffective|p2b: Milotic|1
|-damage|p2b: Milotic|4/100
|move|p2b: Milotic|Hypnosis|p1a: Politoed
|-status|p1a: Politoed|slp|[from] move: Hypnosis
|
|-weather|RainDance|[upkeep]
|-heal|p2b: Milotic|10/100|[from] item: Leftovers
|upkeep
|turn|3
|inactive|liamj vgc! has 30 seconds left.
|inactive|Deoxine has 30 seconds left.
|
|t:|1783534911
|switch|p1a: Sinistcha|Sinistcha, L50|100/100
|-heal|p1b: Archaludon|33/100|[from] ability: Hospitality|[of] p1a: Sinistcha
|move|p1b: Archaludon|Protect|p1b: Archaludon
|-singleturn|p1b: Archaludon|Protect
|move|p2a: Raichu|Zap Cannon|p1b: Archaludon
|-activate|p1b: Archaludon|move: Protect
|move|p2b: Milotic|Coil|p2b: Milotic
|-boost|p2b: Milotic|atk|1
|-boost|p2b: Milotic|def|1
|-boost|p2b: Milotic|accuracy|1
|
|-weather|RainDance|[upkeep]
|-heal|p2b: Milotic|16/100|[from] item: Leftovers
|upkeep
|turn|4
|inactive|Deoxine has 30 seconds left.
|
|t:|1783534942
|move|p2b: Milotic|Protect|p2b: Milotic
|-singleturn|p2b: Milotic|Protect
|move|p1a: Sinistcha|Rage Powder|p1a: Sinistcha
|-singleturn|p1a: Sinistcha|move: Rage Powder
|move|p2a: Raichu|Focus Blast|p1a: Sinistcha
|-immune|p1a: Sinistcha
|move|p1b: Archaludon|Dragon Pulse|p2a: Raichu
|-damage|p2a: Raichu|0 fnt
|faint|p2a: Raichu
|
|-weather|RainDance|[upkeep]
|-heal|p2b: Milotic|22/100|[from] item: Leftovers
|upkeep
|inactive|Deoxine has 30 seconds left.
|
|t:|1783534972
|switch|p2a: Sinistcha|Sinistcha, L50|100/100
|-heal|p2b: Milotic|47/100|[from] ability: Hospitality|[of] p2a: Sinistcha
|turn|5
|j| Dr. Bejan
|
|t:|1783534997
|move|p2b: Milotic|Protect|p2b: Milotic
|-singleturn|p2b: Milotic|Protect
|move|p1b: Archaludon|Electro Shot||[still]
|-prepare|p1b: Archaludon|Electro Shot
|-boost|p1b: Archaludon|spa|1
|-anim|p1b: Archaludon|Electro Shot|p2b: Milotic
|-activate|p2b: Milotic|move: Protect
|move|p1a: Sinistcha|Strength Sap|p1b: Archaludon
|-unboost|p1b: Archaludon|atk|1
|move|p2a: Sinistcha|Matcha Gotcha|p1a: Sinistcha|[spread] p1a,p1b
|-resisted|p1a: Sinistcha|1
|-resisted|p1b: Archaludon|2
|-damage|p1a: Sinistcha|89/100
|-damage|p1b: Archaludon|27/100
|
|-weather|RainDance|[upkeep]
|-heal|p2b: Milotic|53/100|[from] item: Leftovers
|upkeep
|turn|6
|j| TheOneAndOnlyChat
|inactive|Deoxine has 30 seconds left.
|inactive|Deoxine has 20 seconds left.
|inactive|Deoxine has 15 seconds left.
|inactive|Deoxine has 10 seconds left.
|
|t:|1783535043
|switch|p1a: Gengar|Gengar, L50, F, shiny|100/100
|move|p1b: Archaludon|Electro Shot||[still]
|-prepare|p1b: Archaludon|Electro Shot
|-boost|p1b: Archaludon|spa|1
|-anim|p1b: Archaludon|Electro Shot|p2b: Milotic
|-supereffective|p2b: Milotic|1
|-damage|p2b: Milotic|0 fnt
|faint|p2b: Milotic
|move|p2a: Sinistcha|Life Dew||[still]
|-fail|p2a: Sinistcha|heal
|
|-weather|none
|upkeep
|
|t:|1783535053
|switch|p2b: Ceruledge|Ceruledge, L50, M|100/100
|turn|7
|inactive|liamj vgc! has 30 seconds left.
|
|t:|1783535085
|switch|p1b: Sinistcha|Sinistcha, L50|89/100
|detailschange|p1a: Gengar|Gengar-Mega, L50, F, shiny
|-mega|p1a: Gengar|Gengar|Gengarite
|move|p1a: Gengar|Perish Song|p1a: Gengar
|-start|p1a: Gengar|perish3|[silent]
|-start|p1b: Sinistcha|perish3|[silent]
|-start|p2a: Sinistcha|perish3|[silent]
|-start|p2b: Ceruledge|perish3|[silent]
|-fieldactivate|move: Perish Song
|move|p2b: Ceruledge|Bitter Blade|p1b: Sinistcha
|-supereffective|p1b: Sinistcha|1
|-damage|p1b: Sinistcha|1/100
|move|p2a: Sinistcha|Matcha Gotcha|p1a: Gengar|[spread] p1a
|-miss|p2a: Sinistcha|p1b: Sinistcha
|-resisted|p1a: Gengar|1
|-damage|p1a: Gengar|87/100
|
|-start|p1a: Gengar|perish3
|-start|p2b: Ceruledge|perish3
|-start|p1b: Sinistcha|perish3
|-start|p2a: Sinistcha|perish3
|upkeep
|turn|8
|inactive|Deoxine has 30 seconds left.
|
|t:|1783535116
|move|p1a: Gengar|Protect|p1a: Gengar
|-singleturn|p1a: Gengar|Protect
|move|p1b: Sinistcha|Protect|p1b: Sinistcha
|-singleturn|p1b: Sinistcha|Protect
|move|p2b: Ceruledge|Bulk Up|p2b: Ceruledge
|-boost|p2b: Ceruledge|atk|1
|-boost|p2b: Ceruledge|def|1
|move|p2a: Sinistcha|Matcha Gotcha|p1a: Gengar|[spread] 
|-activate|p1a: Gengar|move: Protect
|-activate|p1b: Sinistcha|move: Protect
|
|-start|p1a: Gengar|perish2
|-start|p2b: Ceruledge|perish2
|-start|p1b: Sinistcha|perish2
|-start|p2a: Sinistcha|perish2
|upkeep
|turn|9
|inactive|liamj vgc! has 30 seconds left.
|
|t:|1783535146
|move|p2b: Ceruledge|Shadow Sneak|p1a: Gengar
|-supereffective|p1a: Gengar|1
|-damage|p1a: Gengar|11/100
|move|p1a: Gengar|Disable|p2a: Sinistcha
|-start|p2a: Sinistcha|Disable|Matcha Gotcha
|move|p1b: Sinistcha|Strength Sap|p2b: Ceruledge
|-unboost|p2b: Ceruledge|atk|1
|-heal|p1b: Sinistcha|100/100
|cant|p2a: Sinistcha|Disable|Matcha Gotcha
|
|-start|p1a: Gengar|perish1
|-start|p2b: Ceruledge|perish1
|-start|p1b: Sinistcha|perish1
|-start|p2a: Sinistcha|perish1
|upkeep
|turn|10
|
|t:|1783535166
|switch|p1a: Archaludon|Archaludon, L50, F, shiny|27/100
|switch|p1b: Politoed|Politoed, L50, F|100/100 slp
|-weather|RainDance|[from] ability: Drizzle|[of] p1b: Politoed
|move|p2a: Sinistcha|Rage Powder|p2a: Sinistcha
|-singleturn|p2a: Sinistcha|move: Rage Powder
|move|p2b: Ceruledge|Bitter Blade|p1b: Politoed
|-resisted|p1b: Politoed|1
|-damage|p1b: Politoed|89/100 slp
|
|-weather|RainDance|[upkeep]
|-start|p2b: Ceruledge|perish0
|-start|p2a: Sinistcha|perish0
|upkeep
|faint|p2b: Ceruledge
|faint|p2a: Sinistcha
|
|win|liamj vgc!
|c|☆liamj vgc!|ggwp
|c|☆Deoxine|gg gl wp
|l|☆Deoxine
|player|p2|
|c|☆liamj vgc!|gl
