|j|☆artyowls
|j|☆pokedinoboy
|html|artyowlspokedinoboy    
|uhtml|bestof|Game 1 of a best-of-3
|t:|1756844302
|gametype|doubles
|player|p1|artyowls|plasmagrunt|1100
|player|p2|pokedinoboy|169|1000
|gen|9
|tier|[Gen 9] VGC 2025 Reg H (Bo3)
|rated|
|rule|Species Clause: Limit one of each Pokémon
|rule|Item Clause: Limit 1 of each item
|clearpoke
|poke|p1|Dragonite, L50, F|
|poke|p1|Ursaluna-Bloodmoon, L50, M|
|poke|p1|Gholdengo, L50|
|poke|p1|Volcarona, L50, M|
|poke|p1|Amoonguss, L50, F|
|poke|p1|Incineroar, L50, F|
|poke|p2|Archaludon, L50, F|
|poke|p2|Incineroar, L50, F|
|poke|p2|Amoonguss, L50, F|
|poke|p2|Dragonite, L50, M|
|poke|p2|Pelipper, L50, F|
|poke|p2|Basculegion, L50, M|
|teampreview|4
|showteam|p1|Dragonite||AssaultVest|Multiscale|ExtremeSpeed,StompingTantrum,IceSpinner,ThunderPunch|||F|||50|,,,,,Electric]Ursaluna-Bloodmoon||ChopleBerry|MindsEye|Protect,VacuumWave,BloodMoon,EarthPower|||M|||50|,,,,,Steel]Gholdengo||FocusSash|GoodasGold|Protect,NastyPlot,MakeItRain,ShadowBall||||||50|,,,,,Steel]Volcarona||Charcoal|FlameBody|Tailwind,RagePowder,StruggleBug,HeatWave|||M|||50|,,,,,Fairy]Amoonguss||CobaBerry|Regenerator|Protect,RagePowder,Spore,PollenPuff|||F|||50|,,,,,Water]Incineroar||SitrusBerry|Intimidate|PartingShot,FakeOut,FlareBlitz,KnockOff|||F|||50|,,,,,Ghost
|showteam|p2|Archaludon||AssaultVest|Stamina|FlashCannon,ElectroShot,DragonPulse,BodyPress|||F|||50|,,,,,Grass]Incineroar||SafetyGoggles|Blaze|FakeOut,PartingShot,WillOWisp,KnockOff|||F|||50|,,,,,Bug]Amoonguss||RockyHelmet|Regenerator|Spore,Protect,RagePowder,PollenPuff|||F|||50|,,,,,Dark]Dragonite||ClearAmulet|Multiscale|ExtremeSpeed,ScaleShot,Protect,Haze|||M|||50|,,,,,Fairy]Pelipper||FocusSash|Drizzle|Hurricane,WeatherBall,Tailwind,WideGuard|||F|||50|,,,,,Ground]Basculegion||LifeOrb|SwiftSwim|WaveCrash,LastRespects,Protect,AquaJet|||M|||50|,,,,,Water
|inactive|Battle timer is ON: inactive players will automatically lose when time's up. (requested by pokedinoboy)
|inactive|artyowls has 60 seconds left.
|
|t:|1756844389
|teamsize|p1|4
|teamsize|p2|4
|start
|switch|p1a: Dragonite|Dragonite, L50, F|100/100
|switch|p1b: Gholdengo|Gholdengo, L50|100/100
|switch|p2a: Incineroar|Incineroar, L50, F|100/100
|switch|p2b: Pelipper|Pelipper, L50, F|100/100
|-weather|RainDance|[from] ability: Drizzle|[of] p2b: Pelipper
|turn|1
|inactive|artyowls has 30 seconds left.
|inactive|pokedinoboy has 30 seconds left.
|inactive|artyowls has 20 seconds left.
|
|t:|1756844428
|move|p1b: Gholdengo|Nasty Plot|p1b: Gholdengo
|-boost|p1b: Gholdengo|spa|2
|move|p1a: Dragonite|Thunder Punch|p2b: Pelipper
|-supereffective|p2b: Pelipper
|-enditem|p2b: Pelipper|Focus Sash
|-damage|p2b: Pelipper|1/100
|move|p2b: Pelipper|Weather Ball|p1a: Dragonite
|-resisted|p1a: Dragonite
|-damage|p1a: Dragonite|91/100
|move|p2a: Incineroar|Will-O-Wisp|p1a: Dragonite
|-status|p1a: Dragonite|brn
|
|-weather|RainDance|[upkeep]
|-damage|p1a: Dragonite|85/100 brn|[from] brn
|upkeep
|turn|2
|
|t:|1756844451
|move|p2b: Pelipper|Wide Guard|p2b: Pelipper
|-singleturn|p2b: Pelipper|Wide Guard
|move|p1b: Gholdengo|Make It Rain|p2b: Pelipper|[spread] 
|-activate|p2a: Incineroar|move: Wide Guard
|-activate|p2b: Pelipper|move: Wide Guard
|move|p1a: Dragonite|Stomping Tantrum|p2a: Incineroar
|-supereffective|p2a: Incineroar
|-damage|p2a: Incineroar|79/100
|move|p2a: Incineroar|Knock Off|p1b: Gholdengo
|-supereffective|p1b: Gholdengo
|-damage|p1b: Gholdengo|8/100
|-enditem|p1b: Gholdengo|Focus Sash|[from] move: Knock Off|[of] p2a: Incineroar
|
|-weather|RainDance|[upkeep]
|-damage|p1a: Dragonite|79/100 brn|[from] brn
|upkeep
|turn|3
|inactive|artyowls has 30 seconds left.
|inactive|pokedinoboy has 30 seconds left.
|
|t:|1756844481
|move|p1a: Dragonite|Extreme Speed|p2b: Pelipper
|-damage|p2b: Pelipper|0 fnt
|faint|p2b: Pelipper
|move|p1b: Gholdengo|Make It Rain|p2a: Incineroar
|-resisted|p2a: Incineroar
|-damage|p2a: Incineroar|23/100
|-unboost|p1b: Gholdengo|spa|1
|move|p2a: Incineroar|Parting Shot|p1a: Dragonite
|-unboost|p1a: Dragonite|atk|1
|-unboost|p1a: Dragonite|spa|1
|
|t:|1756844493
|switch|p2a: Basculegion|Basculegion, L50, M|100/100|[from] Parting Shot
|
|-weather|RainDance|[upkeep]
|-damage|p1a: Dragonite|73/100 brn|[from] brn
|upkeep
|
|t:|1756844496
|switch|p2b: Incineroar|Incineroar, L50, F|23/100
|turn|4
|inactive|artyowls has 30 seconds left.
|
|t:|1756844526
|-terastallize|p1b: Gholdengo|Steel
|move|p2a: Basculegion|Aqua Jet|p1b: Gholdengo
|-damage|p1b: Gholdengo|0 fnt
|faint|p1b: Gholdengo
|-damage|p2a: Basculegion|91/100|[from] item: Life Orb
|move|p1a: Dragonite|Thunder Punch|p2a: Basculegion
|-supereffective|p2a: Basculegion
|-damage|p2a: Basculegion|66/100
|move|p2b: Incineroar|Knock Off|p1a: Dragonite
|-damage|p1a: Dragonite|29/100 brn
|-enditem|p1a: Dragonite|Assault Vest|[from] move: Knock Off|[of] p2b: Incineroar
|
|-weather|RainDance|[upkeep]
|-damage|p1a: Dragonite|23/100 brn|[from] brn
|upkeep
|
|t:|1756844540
|switch|p1b: Incineroar|Incineroar, L50, F|100/100
|-ability|p1b: Incineroar|Intimidate|boost
|-unboost|p2a: Basculegion|atk|1
|-unboost|p2b: Incineroar|atk|1
|turn|5
|inactive|artyowls has 30 seconds left.
|
|t:|1756844568
|switch|p1b: Amoonguss|Amoonguss, L50, F|100/100
|switch|p2b: Archaludon|Archaludon, L50, F|100/100
|move|p2a: Basculegion|Wave Crash|p1b: Amoonguss
|-resisted|p1b: Amoonguss
|-damage|p1b: Amoonguss|66/100
|-damage|p2a: Basculegion|54/100|[from] Recoil
|-damage|p2a: Basculegion|44/100|[from] item: Life Orb
|move|p1a: Dragonite|Thunder Punch|p2a: Basculegion
|-supereffective|p2a: Basculegion
|-damage|p2a: Basculegion|20/100
|
|-weather|none
|-damage|p1a: Dragonite|17/100 brn|[from] brn
|upkeep
|turn|6
|inactive|artyowls has 30 seconds left.
|inactive|artyowls has 20 seconds left.
|
|t:|1756844606
|move|p1b: Amoonguss|Rage Powder|p1b: Amoonguss
|-singleturn|p1b: Amoonguss|move: Rage Powder
|move|p1a: Dragonite|Ice Spinner|p2b: Archaludon
|-damage|p2b: Archaludon|93/100
|-ability|p2b: Archaludon|Stamina|boost
|-boost|p2b: Archaludon|def|1
|move|p2a: Basculegion|Last Respects|p1b: Amoonguss
|-damage|p1b: Amoonguss|29/100
|-damage|p2a: Basculegion|11/100|[from] item: Life Orb
|move|p2b: Archaludon|Dragon Pulse|p1b: Amoonguss
|-damage|p1b: Amoonguss|0 fnt
|faint|p1b: Amoonguss
|
|-damage|p1a: Dragonite|11/100 brn|[from] brn
|upkeep
|
|t:|1756844616
|switch|p1b: Incineroar|Incineroar, L50, F|100/100
|-ability|p1b: Incineroar|Intimidate|boost
|-unboost|p2a: Basculegion|atk|1
|-unboost|p2b: Archaludon|atk|1
|turn|7
|
|t:|1756844631
|move|p2a: Basculegion|Aqua Jet|p1a: Dragonite
|-resisted|p1a: Dragonite
|-damage|p1a: Dragonite|3/100 brn
|-damage|p2a: Basculegion|1/100|[from] item: Life Orb
|move|p1a: Dragonite|Thunder Punch|p2a: Basculegion
|-supereffective|p2a: Basculegion
|-damage|p2a: Basculegion|0 fnt
|faint|p2a: Basculegion
|move|p2b: Archaludon|Body Press|p1b: Incineroar
|-supereffective|p1b: Incineroar
|-damage|p1b: Incineroar|23/100
|-enditem|p1b: Incineroar|Sitrus Berry|[eat]
|-heal|p1b: Incineroar|48/100|[from] item: Sitrus Berry
|move|p1b: Incineroar|Knock Off|p2b: Archaludon
|-damage|p2b: Archaludon|74/100
|-ability|p2b: Archaludon|Stamina|boost
|-boost|p2b: Archaludon|def|1
|-enditem|p2b: Archaludon|Assault Vest|[from] move: Knock Off|[of] p1b: Incineroar
|
|-damage|p1a: Dragonite|0 fnt|[from] brn
|faint|p1a: Dragonite
|upkeep
|
|t:|1756844643
|switch|p2a: Incineroar|Incineroar, L50, F|23/100
|turn|8
|
|t:|1756844656
|move|p2b: Archaludon|Body Press|p1b: Incineroar
|-supereffective|p1b: Incineroar
|-damage|p1b: Incineroar|0 fnt
|faint|p1b: Incineroar
|
|win|pokedinoboy
||artyowls is ready for game 2.
||pokedinoboy is ready for game 2.
|uhtml|next|Next: Game 2 of 3
