|j|☆sbhaga34
|j|☆marcosdeltasena31
|html|sbhaga34marcosdeltasena31    
|uhtml|bestof|Game 3 of a best-of-3
|t:|1755558588
|gametype|doubles
|player|p1|sbhaga34|hugh|1213
|player|p2|marcosdeltasena31|hilbert|1341
|gen|9
|tier|[Gen 9] VGC 2025 Reg H (Bo3)
|rated|
|rule|Species Clause: Limit one of each Pokémon
|rule|Item Clause: Limit 1 of each item
|clearpoke
|poke|p1|Indeedee-F, L50, F|
|poke|p1|Corviknight, L50, F|
|poke|p1|Tyranitar, L50, F|
|poke|p1|Excadrill, L50, M|
|poke|p1|Gardevoir, L50, M|
|poke|p1|Ursaluna-Bloodmoon, L50, M|
|poke|p2|Dragonite, L50, F|
|poke|p2|Sneasler, L50, F|
|poke|p2|Volcarona, L50, F|
|poke|p2|Rillaboom, L50, M|
|poke|p2|Kingambit, L50, F|
|poke|p2|Electabuzz, L50, F|
|teampreview|4
|showteam|p1|Indeedee-F||SafetyGoggles|PsychicSurge|FollowMe,TrickRoom,Imprison,Psychic|||F|||50|,,,,,Fairy]Corviknight||CovertCloak|MirrorArmor|BraveBird,BodyPress,BulkUp,Tailwind|||F|||50|,,,,,Fighting]Tyranitar||WeaknessPolicy|SandStream|RockSlide,KnockOff,LowKick,Protect|||F|||50|,,,,,Flying]Excadrill||FocusSash|SandRush|Earthquake,IronHead,SwordsDance,Protect|||M|||50|,,,,,Ground]Gardevoir||ChoiceScarf|Telepathy|ExpandingForce,DazzlingGleam,Moonblast,IcyWind|||M|||50|,,,,,Psychic]Ursaluna-Bloodmoon||LifeOrb|MindsEye|BloodMoon,HyperVoice,EarthPower,Protect|||M|||50|,,,,,Normal
|showteam|p2|Dragonite||LoadedDice|Multiscale|ScaleShot,ExtremeSpeed,Haze,Protect|||F|||50|,,,,,Fairy]Sneasler||FocusSash|PoisonTouch|DireClaw,CloseCombat,FakeOut,Coaching|||F|||50|,,,,,Ghost]Volcarona||CovertCloak|FlameBody|HeatWave,TeraBlast,QuiverDance,Protect|||F|||50|,,,,,Fairy]Rillaboom||AssaultVest|GrassySurge|WoodHammer,FakeOut,GrassyGlide,HighHorsepower|||M|||50|,,,,,Fire]Kingambit||BlackGlasses|Defiant|KowtowCleave,SwordsDance,SuckerPunch,Protect|||F|||50|,,,,,Dark]Electabuzz||Eviolite|VitalSpirit|Electroweb,FollowMe,Taunt,Protect|||F|||50|,,,,,Ghost
|
|t:|1755558622
|teamsize|p1|4
|teamsize|p2|4
|start
|switch|p1a: Corviknight|Corviknight, L50, F|100/100
|switch|p1b: Tyranitar|Tyranitar, L50, F|100/100
|switch|p2a: Electabuzz|Electabuzz, L50, F|100/100
|switch|p2b: Dragonite|Dragonite, L50, F|100/100
|-weather|Sandstorm|[from] ability: Sand Stream|[of] p1b: Tyranitar
|turn|1
|
|t:|1755558657
|switch|p1a: Indeedee|Indeedee-F, L50, F|100/100
|-fieldstart|move: Psychic Terrain|[from] ability: Psychic Surge|[of] p1a: Indeedee
|move|p2b: Dragonite|Protect|p2b: Dragonite
|-singleturn|p2b: Dragonite|Protect
|move|p2a: Electabuzz|Taunt|p1a: Indeedee
|-start|p1a: Indeedee|move: Taunt
|move|p1b: Tyranitar|Knock Off|p2b: Dragonite
|-activate|p2b: Dragonite|move: Protect
|
|-weather|Sandstorm|[upkeep]
|-damage|p2b: Dragonite|95/100|[from] Sandstorm
|-damage|p2a: Electabuzz|95/100|[from] Sandstorm
|upkeep
|turn|2
|
|t:|1755558673
|switch|p1a: Corviknight|Corviknight, L50, F|100/100
|-terastallize|p2b: Dragonite|Fairy
|-terastallize|p1b: Tyranitar|Flying
|move|p2b: Dragonite|Scale Shot|p1b: Tyranitar|[miss]
|-miss|p2b: Dragonite|p1b: Tyranitar
|move|p2a: Electabuzz|Electroweb|p1b: Tyranitar|[spread] p1a,p1b
|-supereffective|p1a: Corviknight
|-supereffective|p1b: Tyranitar
|-damage|p1a: Corviknight|73/100
|-damage|p1b: Tyranitar|70/100
|-unboost|p1b: Tyranitar|spe|1
|-enditem|p1b: Tyranitar|Weakness Policy
|-boost|p1b: Tyranitar|atk|2|[from] item: Weakness Policy
|-boost|p1b: Tyranitar|spa|2|[from] item: Weakness Policy
|move|p1b: Tyranitar|Rock Slide|p2a: Electabuzz|[spread] p2b
|-miss|p1b: Tyranitar|p2a: Electabuzz
|-damage|p2b: Dragonite|26/100
|
|-weather|Sandstorm|[upkeep]
|-damage|p2b: Dragonite|20/100|[from] Sandstorm
|-damage|p2a: Electabuzz|89/100|[from] Sandstorm
|-damage|p1b: Tyranitar|64/100|[from] Sandstorm
|upkeep
|turn|3
|
|t:|1755558696
|move|p1b: Tyranitar|Protect|p1b: Tyranitar
|-singleturn|p1b: Tyranitar|Protect
|move|p2b: Dragonite|Scale Shot|p1b: Tyranitar
|-activate|p1b: Tyranitar|move: Protect
|move|p2a: Electabuzz|Electroweb|p1a: Corviknight|[spread] p1a
|-activate|p1b: Tyranitar|move: Protect
|-supereffective|p1a: Corviknight
|-damage|p1a: Corviknight|45/100
|move|p1a: Corviknight|Tailwind|p1a: Corviknight
|-sidestart|p1: sbhaga34|move: Tailwind
|
|-weather|Sandstorm|[upkeep]
|-damage|p1b: Tyranitar|58/100|[from] Sandstorm
|-damage|p2b: Dragonite|14/100|[from] Sandstorm
|-damage|p2a: Electabuzz|83/100|[from] Sandstorm
|upkeep
|turn|4
|
|t:|1755558713
|move|p2b: Dragonite|Protect|p2b: Dragonite
|-singleturn|p2b: Dragonite|Protect
|move|p1a: Corviknight|Brave Bird|p2a: Electabuzz
|-resisted|p2a: Electabuzz
|-damage|p2a: Electabuzz|68/100
|-damage|p1a: Corviknight|41/100|[from] Recoil
|move|p1b: Tyranitar|Rock Slide|p2b: Dragonite|[spread] p2a
|-activate|p2b: Dragonite|move: Protect
|-damage|p2a: Electabuzz|22/100
|move|p2a: Electabuzz|Electroweb|p1b: Tyranitar|[spread] p1a,p1b
|-supereffective|p1a: Corviknight
|-supereffective|p1b: Tyranitar
|-damage|p1a: Corviknight|17/100
|-damage|p1b: Tyranitar|27/100
|-unboost|p1b: Tyranitar|spe|1
|
|-weather|Sandstorm|[upkeep]
|-damage|p2b: Dragonite|8/100|[from] Sandstorm
|-damage|p2a: Electabuzz|16/100|[from] Sandstorm
|-damage|p1b: Tyranitar|22/100|[from] Sandstorm
|upkeep
|turn|5
|
|t:|1755558756
|switch|p2b: Kingambit|Kingambit, L50, F|100/100
|switch|p1b: Indeedee|Indeedee-F, L50, F|100/100
|move|p1a: Corviknight|Brave Bird|p2a: Electabuzz
|-resisted|p2a: Electabuzz
|-damage|p2a: Electabuzz|0 fnt
|faint|p2a: Electabuzz
|-damage|p1a: Corviknight|12/100|[from] Recoil
|
|-weather|none
|-fieldend|move: Psychic Terrain
|upkeep
|
|t:|1755558768
|switch|p2a: Rillaboom|Rillaboom, L50, M|100/100
|-fieldstart|move: Grassy Terrain|[from] ability: Grassy Surge|[of] p2a: Rillaboom
|turn|6
|
|t:|1755558789
|switch|p1b: Tyranitar|Tyranitar, L50, F, tera:Flying|22/100
|-weather|Sandstorm|[from] ability: Sand Stream|[of] p1b: Tyranitar
|switch|p1a: Excadrill|Excadrill, L50, M, shiny|100/100
|move|p2a: Rillaboom|Wood Hammer|p1a: Excadrill
|-enditem|p1a: Excadrill|Focus Sash
|-damage|p1a: Excadrill|1/100
|-damage|p2a: Rillaboom|71/100|[from] Recoil
|move|p2b: Kingambit|Kowtow Cleave|p1b: Tyranitar
|-damage|p1b: Tyranitar|0 fnt
|faint|p1b: Tyranitar
|
|-weather|Sandstorm|[upkeep]
|-damage|p2a: Rillaboom|65/100|[from] Sandstorm
|-heal|p1a: Excadrill|7/100|[from] Grassy Terrain
|-heal|p2a: Rillaboom|71/100|[from] Grassy Terrain
|-sideend|p1: sbhaga34|move: Tailwind
|upkeep
|
|t:|1755558819
|switch|p1b: Corviknight|Corviknight, L50, F|12/100
|turn|7
|
|t:|1755558841
|move|p1a: Excadrill|Protect|p1a: Excadrill
|-singleturn|p1a: Excadrill|Protect
|move|p2a: Rillaboom|Wood Hammer|p1b: Corviknight
|-resisted|p1b: Corviknight
|-damage|p1b: Corviknight|0 fnt
|faint|p1b: Corviknight
|-damage|p2a: Rillaboom|68/100|[from] Recoil
|move|p2b: Kingambit|Kowtow Cleave|p1a: Excadrill
|-activate|p1a: Excadrill|move: Protect
|
|-weather|Sandstorm|[upkeep]
|-damage|p2a: Rillaboom|62/100|[from] Sandstorm
|-heal|p1a: Excadrill|13/100|[from] Grassy Terrain
|-heal|p2a: Rillaboom|68/100|[from] Grassy Terrain
|upkeep
|-message|sbhaga34 forfeited.
|
|win|marcosdeltasena31
|raw|sbhaga34's rating: 1213 → 1197(-16 for losing)
|raw|marcosdeltasena31's rating: 1341 → 1354(+13 for winning)
|l|☆sbhaga34
|player|p1|
