|j|☆Drag0nplus
|j|☆SuprEpcGuy
|html|Drag0nplusSuprEpcGuy    
|uhtml|bestof|Game 3 of a best-of-3
|t:|1783131088
|gametype|doubles
|player|p1|Drag0nplus|169|1140
|player|p2|SuprEpcGuy|shauntal|1225
|gen|9
|tier|[Gen 9 Champions] VGC 2026 Reg M-B (Bo3)
|rated|
|rule|Species Clause: Limit one of each Pokémon
|rule|Item Clause: Limit 1 of each item
|clearpoke
|poke|p1|Swampert, L50, F|
|poke|p1|Mawile, L50, F|
|poke|p1|Pelipper, L50, F|
|poke|p1|Farigiraf, L50, M|
|poke|p1|Incineroar, L50, M|
|poke|p1|Archaludon, L50, M|
|poke|p2|Zoroark-Hisui, L50, F|
|poke|p2|Basculegion, L50, M|
|poke|p2|Kingambit, L50, F, shiny|
|poke|p2|Aerodactyl, L50, M|
|poke|p2|Floette-Eternal, L50, F|
|poke|p2|Incineroar, L50, M|
|teampreview|4
|showteam|p1|Swampert||Swampertite|Torrent|IcePunch,WaveCrash,HighHorsepower,Protect|Adamant||F|||50|]Mawile||Mawilite|HyperCutter|PlayRough,SuckerPunch,IronHead,Protect|Adamant||F|||50|]Pelipper||LifeOrb|Drizzle|Hurricane,WeatherBall,Protect,Tailwind|Modest||F|||50|]Farigiraf||SitrusBerry|ArmorTail|Psychic,Thunderbolt,HelpingHand,TrickRoom|Bold||M|||50|]Incineroar||Charcoal|Intimidate|DarkestLariat,FlareBlitz,FakeOut,PartingShot|Adamant||M|||50|]Archaludon||Leftovers|Stamina|DragonPulse,FlashCannon,ElectroShot,Protect|Calm||M|||50|
|showteam|p2|Zoroark-Hisui||FocusSash|Illusion|IcyWind,WillOWisp,ShadowBall,Taunt|Timid||F|||50|]Basculegion||ChoiceScarf|Adaptability|LastRespects,WaveCrash,AquaJet,FlipTurn|Jolly||M|||50|]Kingambit||BlackGlasses|Defiant|SuckerPunch,KowtowCleave,Protect,SwordsDance|Adamant||F|||50|]Aerodactyl||Aerodactylite|RockHead|RockSlide,PsychicFangs,WideGuard,Tailwind|Jolly||M|||50|]Floette-Eternal||Floettite|FlowerVeil|Moonblast,DazzlingGleam,CalmMind,Protect|Modest||F|||50|]Incineroar||SitrusBerry|Intimidate|FakeOut,FlareBlitz,PartingShot,ThroatChop|Careful||M|||50|
|inactive|Battle timer is ON: inactive players will automatically lose when time's up. (requested by SuprEpcGuy)
|inactive|Drag0nplus has 60 seconds left.
|inactive|SuprEpcGuy has 60 seconds left.
|
|t:|1783131122
|teamsize|p1|4
|teamsize|p2|4
|start
|switch|p1a: Mawile|Mawile, L50, F|100/100
|switch|p1b: Farigiraf|Farigiraf, L50, M|100/100
|switch|p2a: Floette|Floette-Eternal, L50, F|100/100
|switch|p2b: Paraselene|Kingambit, L50, F, shiny|100/100
|turn|1
|inactive|Drag0nplus has 30 seconds left.
|inactive|SuprEpcGuy has 30 seconds left.
|inactive|Drag0nplus has 20 seconds left.
|inactive|Drag0nplus has 15 seconds left.
|
|t:|1783131164
|switch|p1a: Incineroar|Incineroar, L50, M|100/100
|-ability|p1a: Incineroar|Intimidate|boost
|-unboost|p2a: Floette|atk|1
|-unboost|p2b: Paraselene|atk|1
|detailschange|p2a: Floette|Floette-Mega, L50, F
|-mega|p2a: Floette|Floette|Floettite
|-ability|p2a: Floette|Fairy Aura
|move|p2b: Paraselene|Taunt|p1b: Farigiraf
|-start|p1b: Farigiraf|move: Taunt
|move|p2a: Floette|Moonblast|p1b: Farigiraf
|-damage|p1b: Farigiraf|20/100y
|-enditem|p1b: Farigiraf|Sitrus Berry|[eat]
|-heal|p1b: Farigiraf|45/100|[from] item: Sitrus Berry
|cant|p1b: Farigiraf|move: Taunt|Trick Room
|
|upkeep
|turn|2
|inactive|Drag0nplus has 30 seconds left.
|inactive|SuprEpcGuy has 30 seconds left.
|inactive|Drag0nplus has 20 seconds left.
|inactive|SuprEpcGuy has 20 seconds left.
|inactive|Drag0nplus has 15 seconds left.
|inactive|SuprEpcGuy has 15 seconds left.
|inactive|SuprEpcGuy has 10 seconds left.
|
|t:|1783131211
|switch|p1b: Mawile|Mawile, L50, F|100/100
|move|p1a: Incineroar|Fake Out|p2a: Floette
|-damage|p2a: Floette|82/100
|move|p2b: Paraselene|Taunt|p1a: Incineroar
|-start|p1a: Incineroar|move: Taunt
|cant|p2a: Floette|flinch
|
|upkeep
|turn|3
|
|t:|1783131235
|detailschange|p1b: Mawile|Mawile-Mega, L50, F
|-mega|p1b: Mawile|Mawile|Mawilite
|move|p1b: Mawile|Protect|p1b: Mawile
|-singleturn|p1b: Mawile|Protect
|move|p2b: Paraselene|Will-O-Wisp|p1b: Mawile
|-activate|p1b: Mawile|move: Protect
|move|p2a: Floette|Dazzling Gleam|p1b: Mawile|[spread] p1a
|-activate|p1b: Mawile|move: Protect
|-damage|p1a: Incineroar|50/100g
|move|p1a: Incineroar|Darkest Lariat|p2b: Paraselene
|-supereffective|p2b: Paraselene|1
|-enditem|p2b: Paraselene|Focus Sash
|-damage|p2b: Paraselene|1/100
|replace|p2b: Boo|Zoroark-Hisui, L50, F
|-end|p2b: Boo|Illusion
|
|upkeep
|turn|4
|inactive|Drag0nplus has 30 seconds left.
|inactive|SuprEpcGuy has 30 seconds left.
|inactive|Drag0nplus has 20 seconds left.
|inactive|Drag0nplus has 15 seconds left.
|inactive|Drag0nplus has 10 seconds left.
|
|t:|1783131280
|switch|p2a: Paraselene|Kingambit, L50, F, shiny|100/100
|switch|p1b: Pelipper|Pelipper, L50, F|100/100
|-weather|RainDance|[from] ability: Drizzle|[of] p1b: Pelipper
|move|p2b: Boo|Will-O-Wisp|p1b: Pelipper
|-status|p1b: Pelipper|brn
|move|p1a: Incineroar|Darkest Lariat|p2b: Boo
|-supereffective|p2b: Boo|1
|-damage|p2b: Boo|0 fnt
|faint|p2b: Boo
|
|-weather|RainDance|[upkeep]
|-damage|p1b: Pelipper|94/100 brn|[from] brn
|upkeep
|
|t:|1783131294
|switch|p2b: Reverence|Basculegion, L50, M|100/100
|turn|5
|inactive|Drag0nplus has 30 seconds left.
|inactive|SuprEpcGuy has 30 seconds left.
|
|t:|1783131323
|move|p2b: Reverence|Flip Turn|p1a: Incineroar
|-supereffective|p1a: Incineroar|1
|-damage|p1a: Incineroar|0 fnt
|faint|p1a: Incineroar
|
|t:|1783131328
|switch|p2b: Floette|Floette-Mega, L50, F|82/100|[from] Flip Turn
|-ability|p2b: Floette|Fairy Aura
|move|p1b: Pelipper|Tailwind|p1b: Pelipper
|-sidestart|p1: Drag0nplus|move: Tailwind
|move|p2a: Paraselene|Swords Dance|p2a: Paraselene
|-boost|p2a: Paraselene|atk|2
|
|-weather|RainDance|[upkeep]
|-damage|p1b: Pelipper|88/100 brn|[from] brn
|upkeep
|
|t:|1783131336
|switch|p1a: Mawile|Mawile-Mega, L50, F|100/100
|turn|6
|inactive|Drag0nplus has 30 seconds left.
|inactive|SuprEpcGuy has 30 seconds left.
|inactive|Drag0nplus has 20 seconds left.
|inactive|SuprEpcGuy has 20 seconds left.
|inactive|SuprEpcGuy has 15 seconds left.
|
|t:|1783131376
|move|p1b: Pelipper|Protect|p1b: Pelipper
|-singleturn|p1b: Pelipper|Protect
|move|p2b: Floette|Protect|p2b: Floette
|-singleturn|p2b: Floette|Protect
|move|p2a: Paraselene|Sucker Punch||[still]
|-fail|p2a: Paraselene
|move|p1a: Mawile|Play Rough|p2a: Paraselene|[miss]
|-miss|p1a: Mawile|p2a: Paraselene
|
|-weather|RainDance|[upkeep]
|-damage|p1b: Pelipper|82/100 brn|[from] brn
|upkeep
|turn|7
|inactive|Drag0nplus has 30 seconds left.
|inactive|SuprEpcGuy has 30 seconds left.
|inactive|Drag0nplus has 20 seconds left.
|
|t:|1783131413
|switch|p2b: Reverence|Basculegion, L50, M|100/100
|move|p1b: Pelipper|Protect||[still]
|-fail|p1b: Pelipper
|move|p2a: Paraselene|Sucker Punch||[still]
|-fail|p2a: Paraselene
|move|p1a: Mawile|Play Rough|p2a: Paraselene
|-crit|p2a: Paraselene
|-damage|p2a: Paraselene|12/100
|
|-weather|RainDance|[upkeep]
|-damage|p1b: Pelipper|76/100 brn|[from] brn
|upkeep
|turn|8
|inactive|Drag0nplus has 30 seconds left.
|inactive|Drag0nplus has 20 seconds left.
|inactive|SuprEpcGuy has 30 seconds left.
|
|t:|1783131456
|switch|p1b: Farigiraf|Farigiraf, L50, M|45/100
|move|p1a: Mawile|Sucker Punch|p2b: Reverence
|-supereffective|p2b: Reverence|1
|-damage|p2b: Reverence|0 fnt
|faint|p2b: Reverence
|move|p2a: Paraselene|Sucker Punch||[still]
|cant|p1b: Farigiraf|ability: Armor Tail|Sucker Punch|[of] p2a: Paraselene
|
|-weather|none
|-sideend|p1: Drag0nplus|move: Tailwind
|upkeep
|
|t:|1783131461
|switch|p2b: Floette|Floette-Mega, L50, F|82/100
|-ability|p2b: Floette|Fairy Aura
|turn|9
|inactive|Drag0nplus has 30 seconds left.
|inactive|SuprEpcGuy has 30 seconds left.
|inactive|Drag0nplus has 20 seconds left.
|inactive|Drag0nplus has 15 seconds left.
|inactive|Drag0nplus has 10 seconds left.
|inactive|Drag0nplus has 5 seconds left.
|
|t:|1783131512
|move|p1b: Farigiraf|Helping Hand|p1a: Mawile
|-singleturn|p1a: Mawile|Helping Hand|[of] p1b: Farigiraf
|move|p2b: Floette|Moonblast|p1a: Mawile
|-resisted|p1a: Mawile|1
|-damage|p1a: Mawile|51/100
|move|p1a: Mawile|Iron Head|p2b: Floette
|-supereffective|p2b: Floette|1
|-damage|p2b: Floette|0 fnt
|faint|p2b: Floette
|move|p2a: Paraselene|Kowtow Cleave|p1b: Farigiraf
|-supereffective|p1b: Farigiraf|1
|-damage|p1b: Farigiraf|0 fnt
|faint|p1b: Farigiraf
|
|upkeep
|
|t:|1783131523
|switch|p1b: Pelipper|Pelipper, L50, F|76/100 brn
|-weather|RainDance|[from] ability: Drizzle|[of] p1b: Pelipper
|turn|10
|c|☆SuprEpcGuy|gg
|
|t:|1783131541
|move|p2a: Paraselene|Sucker Punch|p1b: Pelipper
|-damage|p1b: Pelipper|0 fnt
|faint|p1b: Pelipper
|move|p1a: Mawile|Iron Head|p2a: Paraselene
|-resisted|p2a: Paraselene|1
|-damage|p2a: Paraselene|0 fnt
|faint|p2a: Paraselene
|
|win|Drag0nplus
|raw|Drag0nplus's rating: 1140 → 1171(+31 for winning)
|raw|SuprEpcGuy's rating: 1225 → 1194(-31 for losing)
