|j|☆wade connects
|j|☆P!nkbearz07
|html|wade connectsP!nkbearz07    
|uhtml|bestof|Game 1 of a best-of-3
|t:|1757651746
|gametype|doubles
|player|p1|wade connects|1|1156
|player|p2|P!nkbearz07|marlon|1099
|gen|9
|tier|[Gen 9] VGC 2025 Reg H (Bo3)
|rated|
|rule|Species Clause: Limit one of each Pokémon
|rule|Item Clause: Limit 1 of each item
|clearpoke
|poke|p1|Malamar, L50, F|
|poke|p1|Indeedee-F, L50, F|
|poke|p1|Hatterene, L50, F|
|poke|p1|Torkoal, L50, M|
|poke|p1|Ursaluna, L50, M|
|poke|p1|Lilligant-Hisui, L50, F|
|poke|p2|Whimsicott, L50, M|
|poke|p2|Lurantis, L50, M|
|poke|p2|Tsareena, L50, F|
|poke|p2|Sunflora, L50, M|
|poke|p2|Rillaboom, L50, F|
|poke|p2|Appletun, L50, F|
|teampreview|4
|showteam|p1|Malamar||SafetyGoggles|Contrary|Protect,TrickRoom,Superpower,KnockOff|||F|||50|,,,,,Water]Indeedee-F||PsychicSeed|PsychicSurge|Protect,HelpingHand,FollowMe,TrickRoom|||F|||50|,,,,,Grass]Hatterene||LifeOrb|MagicBounce|Protect,TrickRoom,ExpandingForce,DazzlingGleam|||F|||50|,,,,,Water]Torkoal||Charcoal|Drought|Protect,Overheat,Eruption,HeatWave|||M|||50|,,,,,Fire]Ursaluna||FlameOrb|Guts|Protect,Facade,HeadlongRush,SwordsDance|||M|||50|,,,,,Ghost]Lilligant-Hisui||FocusSash|Chlorophyll|AfterYou,SleepPowder,LeafBlade,CloseCombat|||F|||50|,,,,,Ghost
|showteam|p2|Whimsicott||FocusSash|Prankster|Moonblast,Tailwind,FakeTears,Tickle|||M|||50|,,,,,Ghost]Lurantis||CovertCloak|Contrary|LeafStorm,Superpower,GrassyGlide,Protect|||M|||50|,,,,,Rock]Tsareena||GrassySeed|QueenlyMajesty|Acrobatics,HighJumpKick,SeedBomb,Protect|||F|||50|,,,,,Flying]Sunflora||LifeOrb|SolarPower|EnergyBall,EarthPower,DazzlingGleam,Protect|||M|||50|,,,,,Stellar]Rillaboom||AssaultVest|GrassySurge|FakeOut,GrassyGlide,WoodHammer,Uturn|||F|||50|,,,,,Water]Appletun||Leftovers|ThickFat|LightScreen,Reflect,LeechSeed,BodyPress|||F|||50|,,,,,Water
|inactive|Battle timer is ON: inactive players will automatically lose when time's up. (requested by P!nkbearz07)
|inactive|P!nkbearz07 has 60 seconds left.
|
|t:|1757651807
|teamsize|p1|4
|teamsize|p2|4
|start
|switch|p1a: Indeedee|Indeedee-F, L50, F, shiny|100/100
|switch|p1b: Hatterene|Hatterene, L50, F|100/100
|switch|p2a: Whimsicott|Whimsicott, L50, M, shiny|100/100
|switch|p2b: Lurantis|Lurantis, L50, M, shiny|100/100
|-fieldstart|move: Psychic Terrain|[from] ability: Psychic Surge|[of] p1a: Indeedee
|-enditem|p1a: Indeedee|Psychic Seed
|-boost|p1a: Indeedee|spd|1|[from] item: Psychic Seed
|turn|1
|
|t:|1757651828
|move|p2a: Whimsicott|Fake Tears|p2b: Lurantis
|-boost|p2b: Lurantis|spd|2
|move|p2b: Lurantis|Superpower|p1a: Indeedee
|-damage|p1a: Indeedee|60/100
|-boost|p2b: Lurantis|atk|1
|-boost|p2b: Lurantis|def|1
|move|p1b: Hatterene|Expanding Force|p2a: Whimsicott|[spread] p2a,p2b
|-enditem|p2a: Whimsicott|Focus Sash
|-damage|p2a: Whimsicott|1/100
|-damage|p2b: Lurantis|46/100
|-damage|p1b: Hatterene|91/100|[from] item: Life Orb
|move|p1a: Indeedee|Trick Room|p1a: Indeedee
|-fieldstart|move: Trick Room|[of] p1a: Indeedee
|
|upkeep
|turn|2
|inactive|P!nkbearz07 has 30 seconds left.
|inactive|P!nkbearz07 has 20 seconds left.
|inactive|P!nkbearz07 has 15 seconds left.
|
|t:|1757651872
|move|p1a: Indeedee|Helping Hand|p1b: Hatterene
|-singleturn|p1b: Hatterene|Helping Hand|[of] p1a: Indeedee
|move|p2a: Whimsicott|Fake Tears|p2b: Lurantis
|-boost|p2b: Lurantis|spd|2
|move|p1b: Hatterene|Dazzling Gleam|p2b: Lurantis|[spread] p2a,p2b
|-damage|p2a: Whimsicott|0 fnt
|-damage|p2b: Lurantis|21/100
|faint|p2a: Whimsicott
|-damage|p1b: Hatterene|81/100|[from] item: Life Orb
|move|p2b: Lurantis|Superpower|p1a: Indeedee
|-damage|p1a: Indeedee|0 fnt
|-boost|p2b: Lurantis|atk|1
|-boost|p2b: Lurantis|def|1
|faint|p1a: Indeedee
|
|upkeep
|
|t:|1757651886
|switch|p1a: Malamar|Malamar, L50, F, shiny|100/100
|switch|p2a: Rillaboom|Rillaboom, L50, F, shiny|100/100
|-fieldstart|move: Grassy Terrain|[from] ability: Grassy Surge|[of] p2a: Rillaboom
|turn|3
|inactive|P!nkbearz07 has 30 seconds left.
|
|t:|1757651918
|move|p2b: Lurantis|Protect|p2b: Lurantis
|-singleturn|p2b: Lurantis|Protect
|move|p1b: Hatterene|Dazzling Gleam|p2b: Lurantis|[spread] p2a
|-activate|p2b: Lurantis|move: Protect
|-crit|p2a: Rillaboom
|-damage|p2a: Rillaboom|49/100
|-damage|p1b: Hatterene|71/100|[from] item: Life Orb
|move|p1a: Malamar|Superpower|p2b: Lurantis
|-activate|p2b: Lurantis|move: Protect
|move|p2a: Rillaboom|U-turn|p1a: Malamar
|-supereffective|p1a: Malamar
|-damage|p1a: Malamar|12/100
|
|t:|1757651930
|switch|p2a: Sunflora|Sunflora, L50, M, shiny|100/100|[from] U-turn
|
|-heal|p1b: Hatterene|77/100|[from] Grassy Terrain
|-heal|p1a: Malamar|18/100|[from] Grassy Terrain
|-heal|p2b: Lurantis|27/100|[from] Grassy Terrain
|upkeep
|turn|4
|
|t:|1757651940
|-terastallize|p2a: Sunflora|Stellar
|move|p2b: Lurantis|Grassy Glide|p1a: Malamar
|-damage|p1a: Malamar|0 fnt
|faint|p1a: Malamar
|move|p1b: Hatterene|Dazzling Gleam|p2a: Sunflora|[spread] p2a,p2b
|-damage|p2a: Sunflora|49/100
|-damage|p2b: Lurantis|9/100
|-damage|p1b: Hatterene|68/100|[from] item: Life Orb
|move|p2a: Sunflora|Energy Ball|p1b: Hatterene
|-damage|p1b: Hatterene|0 fnt
|faint|p1b: Hatterene
|-damage|p2a: Sunflora|39/100|[from] item: Life Orb
|
|-heal|p2a: Sunflora|45/100|[from] Grassy Terrain
|-heal|p2b: Lurantis|15/100|[from] Grassy Terrain
|upkeep
|
|t:|1757651957
|switch|p1b: Torkoal|Torkoal, L50, M|100/100
|-weather|SunnyDay|[from] ability: Drought|[of] p1b: Torkoal
|turn|5
|
|t:|1757651962
|-terastallize|p1b: Torkoal|Fire
|move|p2a: Sunflora|Protect|p2a: Sunflora
|-singleturn|p2a: Sunflora|Protect
|move|p2b: Lurantis|Protect|p2b: Lurantis
|-singleturn|p2b: Lurantis|Protect
|move|p1b: Torkoal|Eruption|p2a: Sunflora|[spread] 
|-activate|p2a: Sunflora|move: Protect
|-activate|p2b: Lurantis|move: Protect
|
|-weather|SunnyDay|[upkeep]
|-damage|p2a: Sunflora|33/100|[from] ability: Solar Power|[of] p2a: Sunflora
|-heal|p2a: Sunflora|39/100|[from] Grassy Terrain
|-heal|p2b: Lurantis|22/100|[from] Grassy Terrain
|-fieldend|move: Trick Room
|upkeep
|turn|6
|
|t:|1757651976
|move|p2b: Lurantis|Superpower|p1b: Torkoal
|-damage|p1b: Torkoal|46/100
|-boost|p2b: Lurantis|atk|1
|-boost|p2b: Lurantis|def|1
|move|p2a: Sunflora|Earth Power|p1b: Torkoal
|-supereffective|p1b: Torkoal
|-damage|p1b: Torkoal|0 fnt
|faint|p1b: Torkoal
|-damage|p2a: Sunflora|29/100|[from] item: Life Orb
|
|win|P!nkbearz07
||P!nkbearz07 is ready for game 2.
||wade connects is ready for game 2.
|uhtml|next|Next: Game 2 of 3
