|j|☆Thisiswhyweclash
|j|☆Er Yayo
|html|ThisiswhyweclashEr Yayo    
|uhtml|bestof|Game 2 of a best-of-3
|t:|1756892308
|gametype|doubles
|player|p1|Thisiswhyweclash|schoolkid-gen4dp|1195
|player|p2|Er Yayo|102|1203
|gen|9
|tier|[Gen 9] VGC 2025 Reg H (Bo3)
|rated|
|rule|Species Clause: Limit one of each Pokémon
|rule|Item Clause: Limit 1 of each item
|clearpoke
|poke|p1|Gholdengo, L50|
|poke|p1|Incineroar, L50, M|
|poke|p1|Amoonguss, L50, F|
|poke|p1|Archaludon, L50, M|
|poke|p1|Pelipper, L50, M|
|poke|p1|Basculegion, L50, M|
|poke|p2|Porygon2, L50|
|poke|p2|Charizard, L50, F|
|poke|p2|Jumpluff, L50, M|
|poke|p2|Torkoal, L50, M|
|poke|p2|Ursaluna, L50, F|
|poke|p2|Incineroar, L50, F|
|teampreview|4
|showteam|p1|Gholdengo||LifeOrb|GoodasGold|MakeItRain,ShadowBall,NastyPlot,Protect||||||50|,,,,,Water]Incineroar||RockyHelmet|Intimidate|Taunt,KnockOff,PartingShot,FakeOut|||M|||50|,,,,,Ghost]Amoonguss||SitrusBerry|Regenerator|PollenPuff,Spore,RagePowder,Protect|||F|||50|,,,,,Water]Archaludon||AssaultVest|Stamina|DragonPulse,FlashCannon,ElectroShot,BodyPress|||M|||50|,,,,,Bug]Pelipper||FocusSash|Drizzle|WeatherBall,Hurricane,Tailwind,Protect|||M|||50|,,,,,Ground]Basculegion||ChoiceBand|SwiftSwim|WaveCrash,LastRespects,FlipTurn,AquaJet|||M|||50|,,,,,Water
|showteam|p2|Porygon2||Eviolite|Download|TeraBlast,IceBeam,TrickRoom,Recover||||||50|,,,,,Fighting]Charizard||ChoiceSpecs|SolarPower|HeatWave,Overheat,WeatherBall,AirSlash|||F|||50|,,,,,Ghost]Jumpluff||CovertCloak|Chlorophyll|Tailwind,SleepPowder,SunnyDay,RagePowder|||M|||50|,,,,,Dark]Torkoal||EjectPack|Drought|Eruption,Overheat,HelpingHand,Protect|||M|||50|,,,,,Fire]Ursaluna||FlameOrb|Guts|Facade,HeadlongRush,Earthquake,Protect|||F|||50|,,,,,Ghost]Incineroar||SitrusBerry|Intimidate|FlareBlitz,KnockOff,PartingShot,FakeOut|||F|||50|,,,,,Ghost
|
|t:|1756892323
|teamsize|p1|4
|teamsize|p2|4
|start
|switch|p1a: Archaludon|Archaludon, L50, M|100/100
|switch|p1b: Basculegion|Basculegion, L50, M|100/100
|switch|p2a: Jumpluff|Jumpluff, L50, M|100/100
|switch|p2b: Charizard|Charizard, L50, F|100/100
|turn|1
|
|t:|1756892365
|switch|p1a: Pelipper|Pelipper, L50, M|100/100
|-weather|RainDance|[from] ability: Drizzle|[of] p1a: Pelipper
|-terastallize|p2b: Charizard|Ghost
|-terastallize|p1b: Basculegion|Water
|move|p1b: Basculegion|Wave Crash|p2a: Jumpluff
|-resisted|p2a: Jumpluff
|-damage|p2a: Jumpluff|0 fnt
|faint|p2a: Jumpluff
|-damage|p1b: Basculegion|72/100|[from] Recoil
|move|p2b: Charizard|Heat Wave|p1b: Basculegion|[spread] p1a
|-miss|p2b: Charizard|p1b: Basculegion
|-resisted|p1a: Pelipper
|-damage|p1a: Pelipper|76/100
|
|-weather|RainDance|[upkeep]
|upkeep
|
|t:|1756892381
|switch|p2a: Torkoal|Torkoal, L50, M|100/100
|-weather|SunnyDay|[from] ability: Drought|[of] p2a: Torkoal
|turn|2
|
|t:|1756892390
|switch|p1b: Incineroar|Incineroar, L50, M|100/100
|-ability|p1b: Incineroar|Intimidate|boost
|-unboost|p2a: Torkoal|atk|1
|-unboost|p2b: Charizard|atk|1
|-enditem|p2a: Torkoal|Eject Pack
|
|t:|1756892396
|switch|p2a: Ursaluna|Ursaluna, L50, F|100/100
|switch|p1a: Archaludon|Archaludon, L50, M|100/100
|move|p2b: Charizard|Heat Wave|p1a: Archaludon|[spread] p1a,p1b
|-resisted|p1b: Incineroar
|-damage|p1a: Archaludon|8/100
|-damage|p1b: Incineroar|43/100
|-ability|p1a: Archaludon|Stamina|boost
|-boost|p1a: Archaludon|def|1
|
|-weather|SunnyDay|[upkeep]
|-damage|p2b: Charizard|88/100|[from] ability: Solar Power|[of] p2b: Charizard
|-status|p2a: Ursaluna|brn|[from] item: Flame Orb
|upkeep
|turn|3
|
|t:|1756892421
|switch|p1a: Pelipper|Pelipper, L50, M|76/100
|-weather|RainDance|[from] ability: Drizzle|[of] p1a: Pelipper
|move|p2b: Charizard|Heat Wave|p1a: Pelipper|[spread] p1a,p1b
|-resisted|p1a: Pelipper
|-resisted|p1b: Incineroar
|-damage|p1a: Pelipper|54/100
|-damage|p1b: Incineroar|30/100
|move|p1b: Incineroar|Knock Off|p2b: Charizard
|-supereffective|p2b: Charizard
|-damage|p2b: Charizard|0 fnt
|-enditem|p2b: Charizard|Choice Specs|[from] move: Knock Off|[of] p1b: Incineroar
|faint|p2b: Charizard
|move|p2a: Ursaluna|Headlong Rush|p1b: Incineroar
|-supereffective|p1b: Incineroar
|-damage|p1b: Incineroar|0 fnt
|-unboost|p2a: Ursaluna|def|1
|-unboost|p2a: Ursaluna|spd|1
|-damage|p2a: Ursaluna|84/100 brn|[from] item: Rocky Helmet|[of] p1b: Incineroar
|faint|p1b: Incineroar
|
|-weather|RainDance|[upkeep]
|-damage|p2a: Ursaluna|78/100 brn|[from] brn
|upkeep
|
|t:|1756892440
|switch|p2b: Torkoal|Torkoal, L50, M|100/100
|switch|p1b: Basculegion|Basculegion, L50, M, tera:Water|72/100
|-weather|SunnyDay|[from] ability: Drought|[of] p2b: Torkoal
|turn|4
|
|t:|1756892460
|switch|p1a: Archaludon|Archaludon, L50, M|8/100
|move|p2b: Torkoal|Protect|p2b: Torkoal
|-singleturn|p2b: Torkoal|Protect
|move|p1b: Basculegion|Flip Turn|p1a: Archaludon
|-resisted|p1a: Archaludon
|-damage|p1a: Archaludon|0 fnt
|faint|p1a: Archaludon
|
|t:|1756892467
|switch|p1b: Pelipper|Pelipper, L50, M|54/100|[from] Flip Turn
|-weather|RainDance|[from] ability: Drizzle|[of] p1b: Pelipper
|move|p2a: Ursaluna|Earthquake|p1b: Pelipper|[spread] 
|-activate|p2b: Torkoal|move: Protect
|-immune|p1b: Pelipper
|
|-weather|RainDance|[upkeep]
|-damage|p2a: Ursaluna|72/100 brn|[from] brn
|upkeep
|
|t:|1756892477
|switch|p1a: Basculegion|Basculegion, L50, M, tera:Water|72/100
|turn|5
|
|t:|1756892491
|move|p1a: Basculegion|Wave Crash|p2a: Ursaluna
|-supereffective|p2a: Ursaluna
|-damage|p2a: Ursaluna|0 fnt
|faint|p2a: Ursaluna
|-damage|p1a: Basculegion|45/100|[from] Recoil
|move|p1b: Pelipper|Weather Ball|p2b: Torkoal
|-supereffective|p2b: Torkoal
|-damage|p2b: Torkoal|0 fnt
|faint|p2b: Torkoal
|
|win|Thisiswhyweclash
|raw|Thisiswhyweclash's rating: 1195 → 1221(+26 for winning)
|raw|Er Yayo's rating: 1203 → 1177(-26 for losing)
|c|☆Thisiswhyweclash|gg
|l|☆Er Yayo
|player|p2|
