|j|â˜†Truevillany123
|j|â˜†MRiolu
|html|Truevillany123MRiolu    
|uhtml|bestof|Game 3 of a best-of-3
|t:|1757094110
|gametype|doubles
|player|p1|Truevillany123|169|1058
|player|p2|MRiolu|101|1032
|gen|9
|tier|[Gen 9] VGC 2025 Reg H (Bo3)
|rated|
|rule|Species Clause: Limit one of each PokÃ©mon
|rule|Item Clause: Limit 1 of each item
|clearpoke
|poke|p1|Ursaluna-Bloodmoon, L50, M|
|poke|p1|Gholdengo, L50|
|poke|p1|Dragonite, L50, F|
|poke|p1|Sneasler, L50, F|
|poke|p1|Incineroar, L50, M|
|poke|p1|Amoonguss, L50, F|
|poke|p2|Annihilape, L50, F|
|poke|p2|Ninetales-Alola, L50, M|
|poke|p2|Dragonite, L50, M|
|poke|p2|Rillaboom, L50, M|
|poke|p2|Incineroar, L50, M|
|poke|p2|Archaludon, L50, F|
|teampreview|4
|showteam|p1|Ursaluna-Bloodmoon||AssaultVest|MindsEye|BloodMoon,EarthPower,VacuumWave,HyperVoice|||M|||50|,,,,,Water]Gholdengo||LifeOrb|GoodasGold|Protect,MakeItRain,ShadowBall,NastyPlot||||||50|,,,,,Water]Dragonite||LoadedDice|Multiscale|ScaleShot,Tailwind,Haze,Protect|||F|||50|,,,,,Fairy]Sneasler||FocusSash|Unburden|Protect,DireClaw,CloseCombat,ThroatChop|||F|||50|,,,,,Stellar]Incineroar||SafetyGoggles|Intimidate|KnockOff,PartingShot,FlareBlitz,FakeOut|||M|||50|,,,,,Ghost]Amoonguss||SitrusBerry|Regenerator|RagePowder,Spore,PollenPuff,Protect|||F|||50|,,,,,Psychic
|showteam|p2|Annihilape||SitrusBerry|Defiant|RageFist,Protect,CloseCombat,Taunt|||F|||50|,,,,,Grass]Ninetales-Alola||CovertCloak|SnowWarning|Blizzard,AuroraVeil,Protect,IcyWind|||M|||50|,,,,,Water]Dragonite||LoadedDice|InnerFocus|ExtremeSpeed,ScaleShot,Protect,Tailwind|||M|||50|,,,,,Normal]Rillaboom||MiracleSeed|GrassySurge|GrassyGlide,FakeOut,HighHorsepower,WoodHammer|||M|||50|,,,,,Poison]Incineroar||AssaultVest|Intimidate|KnockOff,FakeOut,FlareBlitz,Uturn|||M|||50|,,,,,Ghost]Archaludon||PowerHerb|Stalwart|ElectroShot,FlashCannon,Protect,BodyPress|||F|||50|,,,,,Flying
|
|t:|1757094161
|teamsize|p1|4
|teamsize|p2|4
|start
|switch|p1a: Incineroar|Incineroar, L50, M|100/100
|switch|p1b: Sneasler|Sneasler, L50, F|100/100
|switch|p2a: Rillaboom|Rillaboom, L50, M|100/100
|switch|p2b: Annihilape|Annihilape, L50, F|100/100
|-fieldstart|move: Grassy Terrain|[from] ability: Grassy Surge|[of] p2a: Rillaboom
|-ability|p1a: Incineroar|Intimidate|boost
|-unboost|p2a: Rillaboom|atk|1
|-unboost|p2b: Annihilape|atk|1
|-ability|p2b: Annihilape|Defiant|boost
|-boost|p2b: Annihilape|atk|2
|turn|1
|
|t:|1757094194
|switch|p2a: Incineroar|Incineroar, L50, M|100/100
|-ability|p2a: Incineroar|Intimidate|boost
|-unboost|p1a: Incineroar|atk|1
|-unboost|p1b: Sneasler|atk|1
|-terastallize|p1b: Sneasler|Stellar
|move|p1b: Sneasler|Dire Claw|p2a: Incineroar
|-damage|p2a: Incineroar|65/100
|-status|p2a: Incineroar|slp
|move|p2b: Annihilape|Close Combat|p1a: Incineroar
|-supereffective|p1a: Incineroar
|-damage|p1a: Incineroar|0 fnt
|-unboost|p2b: Annihilape|def|1
|-unboost|p2b: Annihilape|spd|1
|faint|p1a: Incineroar
|
|-heal|p2a: Incineroar|71/100 slp|[from] Grassy Terrain
|upkeep
|c|â˜†Truevillany123|Gg
|
|t:|1757094210
|switch|p1a: Gholdengo|Gholdengo, L50|100/100
|turn|2
|
|t:|1757094233
|move|p1b: Sneasler|Close Combat|p2a: Incineroar
|-supereffective|p2a: Incineroar
|-damage|p2a: Incineroar|0 fnt
|-unboost|p1b: Sneasler|def|1
|-unboost|p1b: Sneasler|spd|1
|faint|p2a: Incineroar
|move|p2b: Annihilape|Taunt|p1a: Gholdengo
|-immune|p1a: Gholdengo|[from] ability: Good as Gold
|move|p1a: Gholdengo|Nasty Plot|p1a: Gholdengo
|-boost|p1a: Gholdengo|spa|2
|
|upkeep
|c|â˜†MRiolu|lol whoops
|c|â˜†Truevillany123|forgot?
|
|t:|1757094248
|switch|p2a: Rillaboom|Rillaboom, L50, M|100/100
|turn|3
|
|t:|1757094267
|-terastallize|p2a: Rillaboom|Poison
|move|p1b: Sneasler|Protect|p1b: Sneasler
|-singleturn|p1b: Sneasler|Protect
|move|p2b: Annihilape|Protect|p2b: Annihilape
|-singleturn|p2b: Annihilape|Protect
|move|p1a: Gholdengo|Make It Rain|p2b: Annihilape|[spread] p2a
|-activate|p2b: Annihilape|move: Protect
|-damage|p2a: Rillaboom|0 fnt
|-unboost|p1a: Gholdengo|spa|1
|faint|p2a: Rillaboom
|-damage|p1a: Gholdengo|91/100|[from] item: Life Orb
|
|-heal|p1a: Gholdengo|97/100|[from] Grassy Terrain
|upkeep
|
|t:|1757094277
|switch|p2a: Ninetales|Ninetales-Alola, L50, M|100/100
|-weather|Snowscape|[from] ability: Snow Warning|[of] p2a: Ninetales
|turn|4
|
|t:|1757094298
|move|p1b: Sneasler|Dire Claw|p2a: Ninetales
|-supereffective|p2a: Ninetales
|-damage|p2a: Ninetales|53/100
|move|p2a: Ninetales|Aurora Veil|p2a: Ninetales
|-sidestart|p2: MRiolu|move: Aurora Veil
|move|p2b: Annihilape|Rage Fist|p1a: Gholdengo
|-supereffective|p1a: Gholdengo
|-damage|p1a: Gholdengo|22/100
|move|p1a: Gholdengo|Nasty Plot|p1a: Gholdengo
|-boost|p1a: Gholdengo|spa|2
|
|-weather|Snowscape|[upkeep]
|-heal|p2a: Ninetales|59/100|[from] Grassy Terrain
|-heal|p1a: Gholdengo|28/100|[from] Grassy Terrain
|upkeep
|turn|5
|
|t:|1757094338
|move|p1a: Gholdengo|Protect|p1a: Gholdengo
|-singleturn|p1a: Gholdengo|Protect
|move|p1b: Sneasler|Dire Claw|p2a: Ninetales
|-supereffective|p2a: Ninetales
|-damage|p2a: Ninetales|27/100
|move|p2a: Ninetales|Blizzard|p1b: Sneasler|[spread] p1b
|-activate|p1a: Gholdengo|move: Protect
|-damage|p1b: Sneasler|46/100
|move|p2b: Annihilape|Rage Fist|p1a: Gholdengo
|-activate|p1a: Gholdengo|move: Protect
|
|-weather|Snowscape|[upkeep]
|-heal|p1b: Sneasler|52/100|[from] Grassy Terrain
|-heal|p2a: Ninetales|33/100|[from] Grassy Terrain
|-heal|p1a: Gholdengo|35/100|[from] Grassy Terrain
|-fieldend|move: Grassy Terrain
|upkeep
|turn|6
|c|â˜†Truevillany123|GG'
|
|t:|1757094368
|move|p2a: Ninetales|Protect|p2a: Ninetales
|-singleturn|p2a: Ninetales|Protect
|move|p1a: Gholdengo|Protect||[still]
|-fail|p1a: Gholdengo
|move|p1b: Sneasler|Dire Claw|p2a: Ninetales
|-activate|p2a: Ninetales|move: Protect
|move|p2b: Annihilape|Rage Fist|p1a: Gholdengo
|-supereffective|p1a: Gholdengo
|-damage|p1a: Gholdengo|0 fnt
|faint|p1a: Gholdengo
|
|-weather|Snowscape|[upkeep]
|upkeep
|
|t:|1757094372
|switch|p1a: Amoonguss|Amoonguss, L50, F|100/100
|turn|7
|c|â˜†Truevillany123|Fuck Annihilapoe
|
|t:|1757094382
|move|p1b: Sneasler|Dire Claw|p2a: Ninetales
|-supereffective|p2a: Ninetales
|-damage|p2a: Ninetales|0 fnt
|faint|p2a: Ninetales
|move|p2b: Annihilape|Taunt|p1a: Amoonguss
|-start|p1a: Amoonguss|move: Taunt
|cant|p1a: Amoonguss|move: Taunt|Spore
|
|-weather|Snowscape|[upkeep]
|upkeep
|turn|8
|
|t:|1757094398
|move|p1b: Sneasler|Throat Chop|p2b: Annihilape
|-damage|p2b: Annihilape|77/100
|-start|p2b: Annihilape|Throat Chop|[silent]
|move|p2b: Annihilape|Rage Fist|p1b: Sneasler
|-damage|p1b: Sneasler|0 fnt
|faint|p1b: Sneasler
|move|p1a: Amoonguss|Pollen Puff|p2b: Annihilape
|-resisted|p2b: Annihilape
|-damage|p2b: Annihilape|72/100
|
|-weather|none
|-sideend|p2: MRiolu|move: Aurora Veil
|upkeep
|turn|9
|c|â˜†MRiolu|tbh fuck gholdengo lol
|c|â˜†Truevillany123|Ugh I shoulda shadow balled but fuckingn Teras Grass
|c|â˜†Truevillany123|Annihilape always fuciking beats me man\
|c|â˜†Truevillany123|\
|
|t:|1757094425
|move|p2b: Annihilape|Rage Fist|p1a: Amoonguss
|-damage|p1a: Amoonguss|21/100
|-enditem|p1a: Amoonguss|Sitrus Berry|[eat]
|-heal|p1a: Amoonguss|46/100|[from] item: Sitrus Berry
|move|p1a: Amoonguss|Pollen Puff|p1: Sneasler|[notarget]
|-fail|p1a: Amoonguss
|
|-end|p1a: Amoonguss|move: Taunt
|-end|p2b: Annihilape|Throat Chop|[silent]
|upkeep
|turn|10
|c|â˜†MRiolu|dang srry
|
|t:|1757094433
|move|p2b: Annihilape|Rage Fist|p1a: Amoonguss
|-damage|p1a: Amoonguss|0 fnt
|faint|p1a: Amoonguss
|
|win|MRiolu
