|j|â˜†Frisk Azzy
|j|â˜†LittleSunLight
|html|Frisk AzzyLittleSunLight    
|uhtml|bestof|Game 1 of a best-of-3
|t:|1783711332
|gametype|doubles
|player|p1|Frisk Azzy|riley|
|player|p2|LittleSunLight|beauty|
|gen|9
|tier|[Gen 9 Champions] VGC 2026 Reg M-B (Bo3)
|rule|Species Clause: Limit one of each PokÃ©mon
|rule|Item Clause: Limit 1 of each item
|clearpoke
|poke|p1|Charizard, L50, M, shiny|
|poke|p1|Venusaur, L50, M|
|poke|p1|Whimsicott, L50, M|
|poke|p1|Luxray, L50, M, shiny|
|poke|p1|Aegislash, L50, M|
|poke|p1|Garchomp, L50, F, shiny|
|poke|p2|Dragonite, L50, F, shiny|
|poke|p2|Froslass, L50, F|
|poke|p2|Sneasler, L50, M|
|poke|p2|Arcanine-Hisui, L50, M|
|poke|p2|Basculegion, L50, M|
|poke|p2|Kingambit, L50, F|
|teampreview|4
|showteam|p1|Charizard||CharizarditeY|SolarPower|HeatWave,Protect,SolarBeam,AirSlash|Timid||M|||50|]Venusaur||LifeOrb|Chlorophyll|GigaDrain,SludgeBomb,Protect,EarthPower|Modest||M|||50|]Whimsicott||FocusSash|Prankster|Moonblast,Tailwind,Taunt,SunnyDay|Timid||M|||50|]Luxray||SitrusBerry|Intimidate|Crunch,WildCharge,Protect,VoltSwitch|Sassy||M|||50|]Aegislash||SpellTag|StanceChange|IronHead,KingsShield,WideGuard,ShadowSneak|Adamant||M|||50|]Garchomp||YacheBerry|RoughSkin|DragonClaw,Protect,Earthquake,RockSlide|Jolly||F|||50|
|showteam|p2|Dragonite||Dragoninite|Multiscale|Protect,Tailwind,DragonPulse,Flamethrower|Modest||F|||50|]Froslass||Froslassite|CursedBody|Protect,Blizzard,ShadowBall,AuroraVeil|Timid||F|||50|]Sneasler||WhiteHerb|Unburden|Protect,CloseCombat,DireClaw,FakeOut|Jolly||M|||50|]Arcanine-Hisui||FocusSash|RockHead|FlareBlitz,HeadSmash,RockSlide,ExtremeSpeed|Jolly||M|||50|]Basculegion||LifeOrb|Adaptability|Protect,WaveCrash,AquaJet,LastRespects|Adamant||M|||50|]Kingambit||ChopleBerry|Defiant|Protect,KowtowCleave,IronHead,SuckerPunch|Adamant||F|||50|
|c|â˜†LittleSunLight|Lets goooo!
|c|â˜†Frisk Azzy|Glhf
|inactive|Battle timer is ON: inactive players will automatically lose when time's up. (requested by LittleSunLight)
|l|â˜†LittleSunLight
|inactive|LittleSunLight disconnected and has 300 seconds to reconnect!
|player|p2|
|j|â˜†LittleSunLight
|inactive|LittleSunLight reconnected and has 80 seconds left.
|player|p2|LittleSunLight|beauty|
|inactiveoff|Battle timer is now OFF.
|c|â˜†LittleSunLight|sorry i needed to refresh to get the music lol
|
|t:|1783711425
|teamsize|p1|4
|teamsize|p2|4
|start
|switch|p1a: Bow|Garchomp, L50, F, shiny|100/100
|switch|p1b: Dr While|Whimsicott, L50, M|100/100
|switch|p2a: Helix!|Dragonite, L50, F, shiny|100/100
|switch|p2b: Mochi|Sneasler, L50, M|100/100
|turn|1
|
|t:|1783711452
|move|p1a: Bow|Protect|p1a: Bow
|-singleturn|p1a: Bow|Protect
|move|p2b: Mochi|Fake Out|p1a: Bow
|-activate|p1a: Bow|move: Protect
|move|p1b: Dr While|Tailwind|p1b: Dr While
|-sidestart|p1: Frisk Azzy|move: Tailwind
|move|p2a: Helix!|Tailwind|p2a: Helix!
|-sidestart|p2: LittleSunLight|move: Tailwind
|
|upkeep
|turn|2
|
|t:|1783711479
|move|p2b: Mochi|Dire Claw|p1b: Dr While
|-supereffective|p1b: Dr While|2
|-enditem|p1b: Dr While|Focus Sash
|-damage|p1b: Dr While|1/100
|move|p1b: Dr While|Moonblast|p2a: Helix!
|-supereffective|p2a: Helix!|1
|-damage|p2a: Helix!|67/100
|move|p1a: Bow|Rock Slide|p2b: Mochi|[spread] p2a,p2b
|-supereffective|p2a: Helix!|1
|-resisted|p2b: Mochi|1
|-damage|p2a: Helix!|22/100
|-damage|p2b: Mochi|83/100
|move|p2a: Helix!|Dragon Pulse|p1a: Bow
|-supereffective|p1a: Bow|1
|-damage|p1a: Bow|4/100
|
|upkeep
|turn|3
|
|t:|1783711527
|switch|p1b: Vine|Venusaur, L50, M|100/100
|move|p2b: Mochi|Dire Claw|p1b: Vine
|-damage|p1b: Vine|42/100
|move|p1a: Bow|Rock Slide|p2b: Mochi|[spread] p2a,p2b
|-supereffective|p2a: Helix!|1
|-resisted|p2b: Mochi|1
|-damage|p2a: Helix!|0 fnt
|-damage|p2b: Mochi|67/100
|faint|p2a: Helix!
|
|upkeep
|
|t:|1783711550
|switch|p2a: Frisk|Arcanine-Hisui, L50, M|100/100
|turn|4
|
|t:|1783711568
|switch|p1b: Dragonoid|Charizard, L50, M, shiny|100/100
|move|p1a: Bow|Protect|p1a: Bow
|-singleturn|p1a: Bow|Protect
|move|p2b: Mochi|Dire Claw|p1b: Dragonoid
|-damage|p1b: Dragonoid|43/100
|move|p2a: Frisk|Rock Slide|p1a: Bow|[spread] p1b
|-activate|p1a: Bow|move: Protect
|-supereffective|p1b: Dragonoid|2
|-damage|p1b: Dragonoid|0 fnt
|faint|p1b: Dragonoid
|
|-sideend|p2: LittleSunLight|move: Tailwind
|-sideend|p1: Frisk Azzy|move: Tailwind
|upkeep
|
|t:|1783711586
|switch|p1b: Dr While|Whimsicott, L50, M|1/100
|turn|5
|c|â˜†LittleSunLight|i sorry dragonoid :(
|
|t:|1783711607
|move|p1b: Dr While|Tailwind|p1b: Dr While
|-sidestart|p1: Frisk Azzy|move: Tailwind
|move|p1a: Bow|Earthquake|p2b: Mochi|[spread] p1b,p2a,p2b
|-resisted|p1b: Dr While|1
|-supereffective|p2a: Frisk|2
|-supereffective|p2b: Mochi|1
|-crit|p2b: Mochi
|-damage|p1b: Dr While|0 fnt
|-enditem|p2a: Frisk|Focus Sash
|-damage|p2a: Frisk|1/100
|-damage|p2b: Mochi|0 fnt
|faint|p1b: Dr While
|faint|p2b: Mochi
|move|p2a: Frisk|Flare Blitz|p1a: Bow
|-resisted|p1a: Bow|1
|-damage|p1a: Bow|0 fnt
|-damage|p2a: Frisk|0 fnt|[from] ability: Rough Skin|[of] p1a: Bow
|faint|p1a: Bow
|faint|p2a: Frisk
|
|upkeep
|
|t:|1783711625
|switch|p2b: Elssssa|Froslass, L50, F|100/100
|switch|p1a: Vine|Venusaur, L50, M|42/100
|turn|6
|c|â˜†LittleSunLight|uh oh
|c|â˜†Frisk Azzy|Ggwp
|
|t:|1783711641
|detailschange|p2b: Elssssa|Froslass-Mega, L50, F
|-mega|p2b: Elssssa|Froslass|Froslassite
|-weather|Snowscape|[from] ability: Snow Warning|[of] p2b: Elssssa
|move|p1a: Vine|Sludge Bomb|p2b: Elssssa
|-resisted|p2b: Elssssa|1
|-damage|p2b: Elssssa|65/100
|-status|p2b: Elssssa|psn
|-damage|p1a: Vine|33/100|[from] item: Life Orb
|move|p2b: Elssssa|Blizzard|p1a: Vine
|-supereffective|p1a: Vine|1
|-damage|p1a: Vine|0 fnt
|faint|p1a: Vine
|
|win|LittleSunLight
|inactive|Frisk Azzy has 30 seconds to confirm battle start!
|inactive|LittleSunLight has 30 seconds to confirm battle start!
|c|â˜†LittleSunLight|ggwp
