|j|☆fifthtimesthecharm
|j|☆LeeCh1in0
|html|fifthtimesthecharmLeeCh1in0    
|uhtml|bestof|Game 2 of a best-of-3
|t:|1756664578
|gametype|doubles
|player|p1|fifthtimesthecharm|marshal|1024
|player|p2|LeeCh1in0|1|1000
|gen|9
|tier|[Gen 9] VGC 2025 Reg H (Bo3)
|rated|
|rule|Species Clause: Limit one of each Pokémon
|rule|Item Clause: Limit 1 of each item
|clearpoke
|poke|p1|Dragonite, L50, M|
|poke|p1|Rillaboom, L50, M|
|poke|p1|Sneasler, L50, F|
|poke|p1|Volcarona, L50, M|
|poke|p1|Electabuzz, L50, M|
|poke|p1|Kingambit, L50, M|
|poke|p2|Indeedee-F, L50, F|
|poke|p2|Torkoal, L50, M|
|poke|p2|Ursaluna, L50, M|
|poke|p2|Hatterene, L50, F|
|poke|p2|Gallade, L50, M|
|poke|p2|Incineroar, L50, F|
|teampreview|4
|showteam|p1|Dragonite||LoadedDice|Multiscale|ScaleShot,ExtremeSpeed,Haze,Protect|||M|||50|,,,,,Normal]Rillaboom||AssaultVest|GrassySurge|WoodHammer,GrassyGlide,FakeOut,Uturn|||M|||50|,,,,,Fire]Sneasler||FocusSash|Unburden|CloseCombat,Coaching,DireClaw,FakeOut|||F|||50|,,,,,Stellar]Volcarona||GrassySeed|FlameBody|Flamethrower,QuiverDance,GigaDrain,Protect|||M|||50|,,,,,Grass]Electabuzz||Eviolite|VitalSpirit|Thunderbolt,Taunt,FollowMe,Protect|||M|||50|,,,,,Ghost]Kingambit||SafetyGoggles|Defiant|KowtowCleave,SuckerPunch,SwordsDance,Protect|||M|||50|,,,,,Dark
|showteam|p2|Indeedee-F||PsychicSeed|PsychicSurge|Psychic,HelpingHand,FollowMe,TrickRoom|||F|||50|,,,,,Fairy]Torkoal||Charcoal|Drought|Eruption,WeatherBall,HeatWave,Protect|||M|||50|,,,,,Fire]Ursaluna||FlameOrb|Guts|Facade,HeadlongRush,Earthquake,Protect|||M|||50|,,,,,Ghost]Hatterene||LifeOrb|MagicBounce|ExpandingForce,DazzlingGleam,TrickRoom,MysticalFire|||F|||50|,,,,,Fire]Gallade||ScopeLens|Sharpness|WideGuard,SacredSword,PsychoCut,TrickRoom|||M|||50|,,,,,Grass]Incineroar||SafetyGoggles|Intimidate|KnockOff,PartingShot,FakeOut,FlareBlitz|||F|||50|,,,,,Ghost
|inactive|Battle timer is ON: inactive players will automatically lose when time's up. (requested by fifthtimesthecharm)
|inactive|fifthtimesthecharm has 60 seconds left.
|inactive|LeeCh1in0 has 60 seconds left.
|
|t:|1756664631
|teamsize|p1|4
|teamsize|p2|4
|start
|switch|p1a: Michael|Electabuzz, L50, M|100/100
|switch|p1b: Tokugawa|Kingambit, L50, M|100/100
|switch|p2a: Indeedee|Indeedee-F, L50, F|100/100
|switch|p2b: Hatterene|Hatterene, L50, F|100/100
|-fieldstart|move: Psychic Terrain|[from] ability: Psychic Surge|[of] p2a: Indeedee
|-enditem|p2a: Indeedee|Psychic Seed
|-boost|p2a: Indeedee|spd|1|[from] item: Psychic Seed
|turn|1
|
|t:|1756664643
|-terastallize|p2b: Hatterene|Fire
|move|p2a: Indeedee|Follow Me|p2a: Indeedee
|-singleturn|p2a: Indeedee|move: Follow Me
|move|p1a: Michael|Taunt|p2a: Indeedee
|-start|p2a: Indeedee|move: Taunt
|move|p1b: Tokugawa|Swords Dance|p1b: Tokugawa
|-boost|p1b: Tokugawa|atk|2
|move|p2b: Hatterene|Mystical Fire|p1b: Tokugawa
|-supereffective|p1b: Tokugawa
|-damage|p1b: Tokugawa|0 fnt
|faint|p1b: Tokugawa
|-damage|p2b: Hatterene|91/100|[from] item: Life Orb
|
|upkeep
|inactive|fifthtimesthecharm has 30 seconds left.
|inactive|fifthtimesthecharm has 20 seconds left.
|
|t:|1756664681
|switch|p1b: Douglass|Dragonite, L50, M|100/100
|turn|2
|
|t:|1756664696
|switch|p2a: Ursaluna|Ursaluna, L50, M|100/100
|switch|p2b: Torkoal|Torkoal, L50, M|100/100
|-weather|SunnyDay|[from] ability: Drought|[of] p2b: Torkoal
|move|p1b: Douglass|Scale Shot|p2b: Torkoal
|-damage|p2b: Torkoal|88/100
|-damage|p2b: Torkoal|76/100
|-damage|p2b: Torkoal|64/100
|-damage|p2b: Torkoal|52/100
|-hitcount|p2b: Torkoal|4
|-unboost|p1b: Douglass|def|1
|-boost|p1b: Douglass|spe|1
|move|p1a: Michael|Thunderbolt|p2b: Torkoal
|-damage|p2b: Torkoal|14/100
|
|-weather|SunnyDay|[upkeep]
|-status|p2a: Ursaluna|brn|[from] item: Flame Orb
|upkeep
|turn|3
|inactive|LeeCh1in0 has 30 seconds left.
|
|t:|1756664731
|move|p1a: Michael|Follow Me|p1a: Michael
|-singleturn|p1a: Michael|move: Follow Me
|move|p1b: Douglass|Scale Shot|p2b: Torkoal
|-damage|p2b: Torkoal|2/100
|-damage|p2b: Torkoal|0 fnt
|faint|p2b: Torkoal
|-hitcount|p2: Torkoal|2
|-unboost|p1b: Douglass|def|1
|-boost|p1b: Douglass|spe|1
|move|p2a: Ursaluna|Facade|p1a: Michael
|-damage|p1a: Michael|9/100
|
|-weather|SunnyDay|[upkeep]
|-damage|p2a: Ursaluna|95/100 brn|[from] brn
|upkeep
|
|t:|1756664748
|switch|p2b: Indeedee|Indeedee-F, L50, F|100/100
|turn|4
|
|t:|1756664758
|move|p1b: Douglass|Protect|p1b: Douglass
|-singleturn|p1b: Douglass|Protect
|move|p2b: Indeedee|Follow Me|p2b: Indeedee
|-singleturn|p2b: Indeedee|move: Follow Me
|move|p1a: Michael|Taunt|p2b: Indeedee
|-start|p2b: Indeedee|move: Taunt
|move|p2a: Ursaluna|Facade|p1b: Douglass
|-activate|p1b: Douglass|move: Protect
|
|-weather|SunnyDay|[upkeep]
|-damage|p2a: Ursaluna|89/100 brn|[from] brn
|upkeep
|turn|5
|
|t:|1756664783
|switch|p2b: Hatterene|Hatterene, L50, F, tera:Fire|91/100
|move|p2a: Ursaluna|Protect|p2a: Ursaluna
|-singleturn|p2a: Ursaluna|Protect
|move|p1a: Michael|Follow Me|p1a: Michael
|-singleturn|p1a: Michael|move: Follow Me
|move|p1b: Douglass|Scale Shot|p2a: Ursaluna
|-activate|p2a: Ursaluna|move: Protect
|
|-weather|SunnyDay|[upkeep]
|-damage|p2a: Ursaluna|83/100 brn|[from] brn
|-fieldend|move: Psychic Terrain
|upkeep
|turn|6
|
|t:|1756664805
|move|p1b: Douglass|Scale Shot|p2b: Hatterene
|-damage|p2b: Hatterene|72/100
|-damage|p2b: Hatterene|56/100
|-damage|p2b: Hatterene|39/100
|-damage|p2b: Hatterene|24/100
|-hitcount|p2b: Hatterene|4
|-unboost|p1b: Douglass|def|1
|-boost|p1b: Douglass|spe|1
|move|p1a: Michael|Thunderbolt|p2b: Hatterene
|-damage|p2b: Hatterene|0 fnt
|faint|p2b: Hatterene
|move|p2a: Ursaluna|Facade|p1b: Douglass
|-damage|p1b: Douglass|0 fnt
|faint|p1b: Douglass
|
|-weather|none
|-damage|p2a: Ursaluna|77/100 brn|[from] brn
|upkeep
|
|t:|1756664823
|switch|p1b: Harambe|Rillaboom, L50, M|100/100
|switch|p2b: Indeedee|Indeedee-F, L50, F|100/100
|-fieldstart|move: Grassy Terrain|[from] ability: Grassy Surge|[of] p1b: Harambe
|-fieldstart|move: Psychic Terrain|[from] ability: Psychic Surge|[of] p2b: Indeedee
|turn|7
|
|t:|1756664833
|move|p2b: Indeedee|Follow Me|p2b: Indeedee
|-singleturn|p2b: Indeedee|move: Follow Me
|move|p1a: Michael|Taunt|p2b: Indeedee
|-start|p2b: Indeedee|move: Taunt
|move|p1b: Harambe|Wood Hammer|p2b: Indeedee
|-damage|p2b: Indeedee|36/100
|-damage|p1b: Harambe|79/100|[from] Recoil
|move|p2a: Ursaluna|Facade|p1b: Harambe
|-damage|p1b: Harambe|0 fnt
|faint|p1b: Harambe
|
|-damage|p2a: Ursaluna|71/100 brn|[from] brn
|upkeep
|turn|8
|
|t:|1756664847
|move|p1a: Michael|Thunderbolt|p2b: Indeedee
|-damage|p2b: Indeedee|8/100
|move|p2b: Indeedee|Psychic|p1a: Michael
|-damage|p1a: Michael|0 fnt
|faint|p1a: Michael
|
|win|LeeCh1in0
||fifthtimesthecharm is ready for game 3.
||LeeCh1in0 is ready for game 3.
|uhtml|next|Next: Game 3 of 3
