|j|☆shifuvgc
|j|☆Smadonn0
|html|shifuvgcSmadonn0    
|uhtml|bestof|Game 2 of a best-of-3
|t:|1756926653
|gametype|doubles
|player|p1|shifuvgc|266|1070
|player|p2|Smadonn0|102|1000
|gen|9
|tier|[Gen 9] VGC 2025 Reg H (Bo3)
|rated|
|rule|Species Clause: Limit one of each Pokémon
|rule|Item Clause: Limit 1 of each item
|clearpoke
|poke|p1|Gholdengo, L50|
|poke|p1|Sneasler, L50, F|
|poke|p1|Rillaboom, L50, M|
|poke|p1|Ninetales-Alola, L50, F|
|poke|p1|Incineroar, L50, F|
|poke|p1|Dragapult, L50, M|
|poke|p2|Charizard, L50, F|
|poke|p2|Torkoal, L50, M|
|poke|p2|Porygon2, L50|
|poke|p2|Incineroar, L50, F|
|poke|p2|Jumpluff, L50, F|
|poke|p2|Ursaluna, L50, M|
|teampreview|4
|showteam|p1|Gholdengo||ChoiceSpecs|GoodasGold|Trick,MakeItRain,ShadowBall,DazzlingGleam||||||50|,,,,,Steel]Sneasler||GrassySeed|Unburden|CloseCombat,DireClaw,Coaching,ThroatChop|||F|||50|,,,,,Water]Rillaboom||AssaultVest|GrassySurge|FakeOut,DrumBeating,HighHorsepower,GrassyGlide|||M|||50|,,,,,Fire]Ninetales-Alola||FocusSash|SnowWarning|Protect,AuroraVeil,Encore,Blizzard|||F|||50|,,,,,Ghost]Incineroar||SitrusBerry|Intimidate|KnockOff,FlareBlitz,PartingShot,FakeOut|||F|||50|,,,,,Water]Dragapult||LifeOrb|ClearBody|DragonDarts,Protect,PhantomForce,TeraBlast|||M|||50|,,,,,Fairy
|showteam|p2|Charizard||ChoiceSpecs|SolarPower|HeatWave,Overheat,WeatherBall,AirSlash|||F|||50|,,,,,Ghost]Torkoal||EjectPack|Drought|Eruption,Overheat,HelpingHand,Protect|||M|||50|,,,,,Fire]Porygon2||Eviolite|Download|TeraBlast,IceBeam,Recover,TrickRoom||||||50|,,,,,Fighting]Incineroar||SitrusBerry|Intimidate|FlareBlitz,KnockOff,FakeOut,PartingShot|||F|||50|,,,,,Ghost]Jumpluff||CovertCloak|Chlorophyll|SleepPowder,SunnyDay,RagePowder,Tailwind|||F|||50|,,,,,Water]Ursaluna||FlameOrb|Guts|HeadlongRush,Facade,Earthquake,Protect|||M|||50|,,,,,Ghost
|
|t:|1756926663
|teamsize|p1|4
|teamsize|p2|4
|start
|switch|p1a: Sneasler|Sneasler, L50, F|100/100
|switch|p1b: Rillaboom|Rillaboom, L50, M|100/100
|switch|p2a: Porygon2|Porygon2, L50|100/100
|switch|p2b: Incineroar|Incineroar, L50, F|100/100
|-ability|p2b: Incineroar|Intimidate|boost
|-unboost|p1a: Sneasler|atk|1
|-unboost|p1b: Rillaboom|atk|1
|-fieldstart|move: Grassy Terrain|[from] ability: Grassy Surge|[of] p1b: Rillaboom
|-enditem|p1a: Sneasler|Grassy Seed
|-boost|p1a: Sneasler|def|1|[from] item: Grassy Seed
|-ability|p2a: Porygon2|Download|boost
|-boost|p2a: Porygon2|spa|1
|turn|1
|
|t:|1756926694
|move|p2b: Incineroar|Fake Out|p1a: Sneasler
|-damage|p1a: Sneasler|88/100
|move|p1b: Rillaboom|Fake Out|p2a: Porygon2
|-damage|p2a: Porygon2|94/100
|cant|p1a: Sneasler|flinch
|cant|p2a: Porygon2|flinch
|
|-heal|p1a: Sneasler|94/100|[from] Grassy Terrain
|-heal|p2a: Porygon2|99/100|[from] Grassy Terrain
|upkeep
|turn|2
|
|t:|1756926713
|move|p1a: Sneasler|Coaching|p1b: Rillaboom
|-boost|p1b: Rillaboom|atk|1
|-boost|p1b: Rillaboom|def|1
|move|p2b: Incineroar|Flare Blitz|p1b: Rillaboom
|-supereffective|p1b: Rillaboom
|-damage|p1b: Rillaboom|37/100
|-damage|p2b: Incineroar|81/100|[from] Recoil
|move|p1b: Rillaboom|High Horsepower|p2b: Incineroar
|-supereffective|p2b: Incineroar
|-damage|p2b: Incineroar|17/100
|-enditem|p2b: Incineroar|Sitrus Berry|[eat]
|-heal|p2b: Incineroar|42/100|[from] item: Sitrus Berry
|move|p2a: Porygon2|Trick Room|p2a: Porygon2
|-fieldstart|move: Trick Room|[of] p2a: Porygon2
|
|-heal|p2a: Porygon2|100/100|[from] Grassy Terrain
|-heal|p1b: Rillaboom|43/100|[from] Grassy Terrain
|-heal|p2b: Incineroar|48/100|[from] Grassy Terrain
|-heal|p1a: Sneasler|100/100|[from] Grassy Terrain
|upkeep
|turn|3
|
|t:|1756926738
|move|p2a: Porygon2|Ice Beam|p1b: Rillaboom
|-supereffective|p1b: Rillaboom
|-damage|p1b: Rillaboom|0 fnt
|faint|p1b: Rillaboom
|move|p2b: Incineroar|Parting Shot|p1a: Sneasler
|-unboost|p1a: Sneasler|atk|1
|-unboost|p1a: Sneasler|spa|1
|
|t:|1756926750
|switch|p2b: Torkoal|Torkoal, L50, M|100/100|[from] Parting Shot
|-weather|SunnyDay|[from] ability: Drought|[of] p2b: Torkoal
|move|p1a: Sneasler|Dire Claw|p2a: Porygon2
|-damage|p2a: Porygon2|86/100
|
|-weather|SunnyDay|[upkeep]
|-heal|p2a: Porygon2|93/100|[from] Grassy Terrain
|upkeep
|
|t:|1756926762
|switch|p1b: Ninetales|Ninetales-Alola, L50, F|100/100
|-weather|Snowscape|[from] ability: Snow Warning|[of] p1b: Ninetales
|turn|4
|
|t:|1756926772
|-terastallize|p2a: Porygon2|Fighting
|-terastallize|p1a: Sneasler|Water
|move|p2b: Torkoal|Eruption|p1a: Sneasler|[spread] p1a,p1b
|-resisted|p1a: Sneasler
|-supereffective|p1b: Ninetales
|-damage|p1a: Sneasler|74/100
|-enditem|p1b: Ninetales|Focus Sash
|-damage|p1b: Ninetales|1/100
|move|p2a: Porygon2|Tera Blast|p1a: Sneasler|[anim] Tera Blast Fighting
|-damage|p1a: Sneasler|13/100
|move|p1b: Ninetales|Aurora Veil|p1b: Ninetales
|-sidestart|p1: shifuvgc|move: Aurora Veil
|move|p1a: Sneasler|Dire Claw|p2b: Torkoal
|-damage|p2b: Torkoal|85/100
|
|-weather|Snowscape|[upkeep]
|-heal|p2b: Torkoal|91/100|[from] Grassy Terrain
|-heal|p2a: Porygon2|99/100|[from] Grassy Terrain
|-heal|p1b: Ninetales|7/100|[from] Grassy Terrain
|-heal|p1a: Sneasler|19/100|[from] Grassy Terrain
|upkeep
|turn|5
|
|t:|1756926803
|move|p2b: Torkoal|Eruption|p1a: Sneasler|[spread] p1a,p1b
|-resisted|p1a: Sneasler
|-supereffective|p1b: Ninetales
|-damage|p1a: Sneasler|2/100
|-damage|p1b: Ninetales|0 fnt
|faint|p1b: Ninetales
|move|p2a: Porygon2|Tera Blast|p1a: Sneasler|[anim] Tera Blast Fighting
|-damage|p1a: Sneasler|0 fnt
|faint|p1a: Sneasler
|
|-weather|Snowscape|[upkeep]
|-heal|p2b: Torkoal|98/100|[from] Grassy Terrain
|-heal|p2a: Porygon2|100/100|[from] Grassy Terrain
|-fieldend|move: Grassy Terrain
|upkeep
|
|t:|1756926817
|switch|p1b: Dragapult|Dragapult, L50, M|100/100
|turn|6
|
|t:|1756926827
|move|p1b: Dragapult|Protect|p1b: Dragapult
|-singleturn|p1b: Dragapult|Protect
|move|p2b: Torkoal|Eruption|p1b: Dragapult
|-activate|p1b: Dragapult|move: Protect
|move|p2a: Porygon2|Ice Beam|p1b: Dragapult
|-activate|p1b: Dragapult|move: Protect
|
|-weather|Snowscape|[upkeep]
|-fieldend|move: Trick Room
|upkeep
|turn|7
|
|t:|1756926839
|move|p1b: Dragapult|Dragon Darts|p2b: Torkoal
|-damage|p2b: Torkoal|71/100
|-anim|p1b: Dragapult|Dragon Darts|p2a: Porygon2
|-damage|p2a: Porygon2|80/100
|-damage|p1b: Dragapult|91/100|[from] item: Life Orb
|move|p2a: Porygon2|Tera Blast|p1b: Dragapult|[anim] Tera Blast Fighting
|-immune|p1b: Dragapult
|move|p2b: Torkoal|Eruption|p1b: Dragapult
|-resisted|p1b: Dragapult
|-damage|p1b: Dragapult|69/100
|
|-weather|Snowscape|[upkeep]
|upkeep
|turn|8
|
|t:|1756926854
|move|p1b: Dragapult|Phantom Force||[still]
|-prepare|p1b: Dragapult|Phantom Force
|move|p2a: Porygon2|Ice Beam|p1b: Dragapult|[miss]
|-miss|p2a: Porygon2|p1b: Dragapult
|move|p2b: Torkoal|Eruption|p1b: Dragapult|[miss]
|-miss|p2b: Torkoal|p1b: Dragapult
|
|-weather|none
|-sideend|p1: shifuvgc|move: Aurora Veil
|upkeep
|turn|9
|
|t:|1756926865
|move|p1b: Dragapult|Phantom Force|p2b: Torkoal|[from] lockedmove
|-damage|p2b: Torkoal|24/100
|-damage|p1b: Dragapult|59/100|[from] item: Life Orb
|move|p2b: Torkoal|Eruption|p1b: Dragapult
|-resisted|p1b: Dragapult
|-damage|p1b: Dragapult|48/100
|move|p2a: Porygon2|Trick Room|p2a: Porygon2
|-fieldstart|move: Trick Room|[of] p2a: Porygon2
|
|upkeep
|turn|10
|
|t:|1756926880
|move|p2b: Torkoal|Overheat|p1b: Dragapult
|-resisted|p1b: Dragapult
|-damage|p1b: Dragapult|11/100
|-unboost|p2b: Torkoal|spa|2
|-enditem|p2b: Torkoal|Eject Pack
|
|t:|1756926885
|switch|p2b: Ursaluna|Ursaluna, L50, M|100/100
|move|p2a: Porygon2|Ice Beam|p1b: Dragapult
|-supereffective|p1b: Dragapult
|-damage|p1b: Dragapult|0 fnt
|faint|p1b: Dragapult
|
|win|Smadonn0
|raw|shifuvgc's rating: 1070 → 1045(-25 for losing)
|raw|Smadonn0's rating: 1000 → 1048(+48 for winning)
|l|☆shifuvgc
|player|p1|
