|j|☆meknomancer
|j|☆notoank
|html|meknomancernotoank    
|uhtml|bestof|Game 1 of a best-of-3
|t:|1783548971
|gametype|doubles
|player|p1|meknomancer|allister|
|player|p2|notoank|burgh|
|gen|9
|tier|[Gen 9 Champions] VGC 2026 Reg M-B (Bo3)
|rule|Species Clause: Limit one of each Pokémon
|rule|Item Clause: Limit 1 of each item
|clearpoke
|poke|p1|Kingambit, L50, M|
|poke|p1|Aerodactyl, L50, M|
|poke|p1|Empoleon, L50, F|
|poke|p1|Serperior, L50, M|
|poke|p1|Sableye, L50, M|
|poke|p1|Krookodile, L50, M|
|poke|p2|Tyranitar, L50, M|
|poke|p2|Excadrill, L50, F|
|poke|p2|Rotom-Wash, L50, shiny|
|poke|p2|Arcanine, L50, M|
|poke|p2|Farigiraf, L50, F, shiny|
|poke|p2|Skarmory, L50, M|
|teampreview|4
|showteam|p1|Kingambit||LifeOrb|Defiant|IronHead,KowtowCleave,SuckerPunch,Protect|Adamant||M|||50|]Aerodactyl||Aerodactylite|Pressure|RockSlide,DualWingbeat,Tailwind,WideGuard|Adamant||M|||50|]Empoleon||Leftovers|Competitive|Surf,FlashCannon,IcyWind,Protect|Modest||F|||50|]Serperior||MiracleSeed|Contrary|LeafStorm,Glare,LightScreen,Protect|Timid||M|||50|]Sableye||RoseliBerry|Prankster|FakeOut,KnockOff,Encore,ThunderWave|Impish||M|||50|]Krookodile||SitrusBerry|Intimidate|Earthquake,Crunch,LowKick,Protect|Jolly||M|||50|
|showteam|p2|Tyranitar||SmoothRock|SandStream|KnockOff,RockSlide,LowKick,Protect|Careful||M|||50|]Excadrill||LifeOrb|SandRush|HighHorsepower,IronHead,SwordsDance,Protect|Adamant||F|||50|]Rotom-Wash||SitrusBerry|Levitate|Thunderbolt,HydroPump,VoltSwitch,Protect|Modest|||||50|]Arcanine||Leftovers|Justified|FlareBlitz,ExtremeSpeed,CloseCombat,Protect|Jolly||M|||50|]Farigiraf||MentalHerb|ArmorTail|Reflect,LightScreen,MirrorCoat,Protect|Calm||F|||50|]Skarmory||Metronome|Sturdy|BraveBird,Taunt,Protect,Tailwind|Impish||M|||50|
|
|t:|1783549053
|teamsize|p1|4
|teamsize|p2|4
|start
|switch|p1a: Tailwind Merchant|Aerodactyl, L50, M|100/100
|switch|p1b: WANNA BE CRAZY|Kingambit, L50, M|100/100
|switch|p2a: Farigiraf|Farigiraf, L50, F, shiny|100/100
|switch|p2b: Scrapmory|Skarmory, L50, M|100/100
|-ability|p1a: Tailwind Merchant|Pressure
|turn|1
|
|t:|1783549090
|detailschange|p1a: Tailwind Merchant|Aerodactyl-Mega, L50, M
|-mega|p1a: Tailwind Merchant|Aerodactyl|Aerodactylite
|move|p1a: Tailwind Merchant|Tailwind|p1a: Tailwind Merchant
|-sidestart|p1: meknomancer|move: Tailwind
|move|p1b: WANNA BE CRAZY|Kowtow Cleave|p2a: Farigiraf
|-supereffective|p2a: Farigiraf|1
|-damage|p2a: Farigiraf|0 fnt
|faint|p2a: Farigiraf
|-damage|p1b: WANNA BE CRAZY|90/100|[from] item: Life Orb
|move|p2b: Scrapmory|Taunt|p1b: WANNA BE CRAZY
|-start|p1b: WANNA BE CRAZY|move: Taunt
|
|upkeep
|j| raccan
|
|t:|1783549103
|switch|p2a: Arcanine|Arcanine, L50, M|100/100
|turn|2
|
|t:|1783549119
|move|p1a: Tailwind Merchant|Rock Slide|p2a: Arcanine|[spread] p2a,p2b
|-supereffective|p2a: Arcanine|1
|-damage|p2a: Arcanine|19/100
|-damage|p2b: Scrapmory|80/100
|move|p2a: Arcanine|Close Combat|p1b: WANNA BE CRAZY
|-supereffective|p1b: WANNA BE CRAZY|2
|-damage|p1b: WANNA BE CRAZY|0 fnt
|-unboost|p2a: Arcanine|def|1
|-unboost|p2a: Arcanine|spd|1
|faint|p1b: WANNA BE CRAZY
|cant|p2b: Scrapmory|flinch
|
|-heal|p2a: Arcanine|25/100|[from] item: Leftovers
|upkeep
|
|t:|1783549136
|switch|p1b: Happy Feet|Empoleon, L50, F|100/100
|turn|3
|
|t:|1783549145
|move|p2a: Arcanine|Protect|p2a: Arcanine
|-singleturn|p2a: Arcanine|Protect
|move|p1a: Tailwind Merchant|Rock Slide|p2b: Scrapmory|[spread] 
|-activate|p2a: Arcanine|move: Protect
|-miss|p1a: Tailwind Merchant|p2b: Scrapmory
|move|p1b: Happy Feet|Icy Wind|p2a: Arcanine|[spread] p2b
|-activate|p2a: Arcanine|move: Protect
|-damage|p2b: Scrapmory|62/100
|-unboost|p2b: Scrapmory|spe|1
|move|p2b: Scrapmory|Tailwind|p2b: Scrapmory
|-sidestart|p2: notoank|move: Tailwind
|
|-heal|p2a: Arcanine|31/100|[from] item: Leftovers
|upkeep
|turn|4
|j| Terrycat
|
|t:|1783549169
|switch|p2b: Zap|Rotom-Wash, L50, shiny|100/100
|move|p1a: Tailwind Merchant|Rock Slide|p2b: Zap|[spread] p2a,p2b
|-supereffective|p2a: Arcanine|1
|-damage|p2a: Arcanine|0 fnt
|-damage|p2b: Zap|66/100
|faint|p2a: Arcanine
|move|p1b: Happy Feet|Icy Wind|p2b: Zap|[miss]
|-miss|p1b: Happy Feet|p2b: Zap
|
|-sideend|p1: meknomancer|move: Tailwind
|upkeep
|
|t:|1783549179
|switch|p2a: Scrapmory|Skarmory, L50, M|62/100
|turn|5
|
|t:|1783549202
|move|p2a: Scrapmory|Protect|p2a: Scrapmory
|-singleturn|p2a: Scrapmory|Protect
|move|p2b: Zap|Thunderbolt|p1a: Tailwind Merchant
|-supereffective|p1a: Tailwind Merchant|1
|-damage|p1a: Tailwind Merchant|0 fnt
|faint|p1a: Tailwind Merchant
|move|p1b: Happy Feet|Icy Wind|p2b: Zap|[spread] p2b
|-activate|p2a: Scrapmory|move: Protect
|-resisted|p2b: Zap|1
|-damage|p2b: Zap|59/100
|-unboost|p2b: Zap|spe|1
|
|upkeep
|
|t:|1783549213
|switch|p1a: Don Krokodilo|Krookodile, L50, M|100/100
|-ability|p1a: Don Krokodilo|Intimidate|boost
|-unboost|p2a: Scrapmory|atk|1
|-unboost|p2b: Zap|atk|1
|turn|6
|
|t:|1783549234
|move|p2a: Scrapmory|Taunt|p1a: Don Krokodilo
|-start|p1a: Don Krokodilo|move: Taunt
|move|p1a: Don Krokodilo|Crunch|p2b: Zap
|-damage|p2b: Zap|15/100
|-enditem|p2b: Zap|Sitrus Berry|[eat]
|-heal|p2b: Zap|40/100|[from] item: Sitrus Berry
|move|p2b: Zap|Hydro Pump|p1a: Don Krokodilo
|-supereffective|p1a: Don Krokodilo|1
|-damage|p1a: Don Krokodilo|0 fnt
|faint|p1a: Don Krokodilo
|move|p1b: Happy Feet|Icy Wind|p2a: Scrapmory|[spread] p2a,p2b
|-resisted|p2b: Zap|1
|-damage|p2a: Scrapmory|41/100
|-damage|p2b: Zap|33/100
|-unboost|p2a: Scrapmory|spe|1
|-unboost|p2b: Zap|spe|1
|
|-sideend|p2: notoank|move: Tailwind
|upkeep
|turn|7
|
|t:|1783549259
|move|p1b: Happy Feet|Surf|p2a: Scrapmory|[spread] p2a,p2b
|-resisted|p2b: Zap|1
|-damage|p2a: Scrapmory|0 fnt
|-damage|p2b: Zap|14/100
|faint|p2a: Scrapmory
|move|p2b: Zap|Thunderbolt|p1b: Happy Feet
|-supereffective|p1b: Happy Feet|1
|-damage|p1b: Happy Feet|8/100
|
|-heal|p1b: Happy Feet|14/100|[from] item: Leftovers
|upkeep
|turn|8
|
|t:|1783549268
|move|p2b: Zap|Protect|p2b: Zap
|-singleturn|p2b: Zap|Protect
|move|p1b: Happy Feet|Surf|p2b: Zap
|-activate|p2b: Zap|move: Protect
|
|-heal|p1b: Happy Feet|20/100y|[from] item: Leftovers
|upkeep
|turn|9
|
|t:|1783549280
|move|p1b: Happy Feet|Surf|p2b: Zap
|-resisted|p2b: Zap|1
|-damage|p2b: Zap|0 fnt
|faint|p2b: Zap
|
|win|meknomancer
|inactive|meknomancer has 30 seconds to confirm battle start!
|inactive|notoank has 30 seconds to confirm battle start!
||notoank is ready for game 2.
|inactive|meknomancer has 20 seconds to confirm battle start!
||meknomancer is ready for game 2.
|uhtml|next|Next: Game 2 of 3
