|j|☆Lightoz V
|j|☆T8mcrae
|html|Lightoz VT8mcrae    
|uhtml|bestof|Game 3 of a best-of-3
|t:|1756820106
|gametype|doubles
|player|p1|Lightoz V|blue-gen2|1318
|player|p2|T8mcrae|1|1215
|gen|9
|tier|[Gen 9] VGC 2025 Reg H (Bo3)
|rated|
|rule|Species Clause: Limit one of each Pokémon
|rule|Item Clause: Limit 1 of each item
|clearpoke
|poke|p1|Incineroar, L50, M|
|poke|p1|Annihilape, L50, F|
|poke|p1|Dragonite, L50, M|
|poke|p1|Volcarona, L50, M|
|poke|p1|Rillaboom, L50, F|
|poke|p1|Ursaluna-Bloodmoon, L50, M|
|poke|p2|Annihilape, L50, F|
|poke|p2|Gholdengo, L50|
|poke|p2|Maushold, L50|
|poke|p2|Rillaboom, L50, M|
|poke|p2|Vivillon-Ocean, L50, F|
|poke|p2|Gliscor, L50, M|
|teampreview|4
|showteam|p1|Incineroar||SitrusBerry|Intimidate|FlareBlitz,KnockOff,FakeOut,PartingShot|||M|||50|,,,,,Ghost]Annihilape||SafetyGoggles|Defiant|CloseCombat,RageFist,Coaching,FinalGambit|||F|||50|,,,,,Water]Dragonite||LoadedDice|Multiscale|ScaleShot,Tailwind,Haze,Protect|||M|||50|,,,,,Steel]Volcarona||Leftovers|FlameBody|HeatWave,TeraBlast,QuiverDance,Protect|||M|||50|,,,,,Fairy]Rillaboom||AssaultVest|GrassySurge|WoodHammer,GrassyGlide,HighHorsepower,FakeOut|||F|||50|,,,,,Fire]Ursaluna-Bloodmoon||FocusSash|MindsEye|BloodMoon,EarthPower,HyperVoice,Protect|||M|||50|,,,,,Normal
|showteam|p2|Annihilape||SafetyGoggles|Defiant|RageFist,DrainPunch,BulkUp,Protect|||F|||50|,,,,,Fire]Gholdengo||MetalCoat|GoodasGold|MakeItRain,ShadowBall,NastyPlot,Protect||||||50|,,,,,Dragon]Maushold||WideLens|FriendGuard|PopulationBomb,FollowMe,BeatUp,Protect||||||50|,,,,,Grass]Rillaboom||AssaultVest|GrassySurge|FakeOut,GrassyGlide,DrumBeating,HighHorsepower|||M|||50|,,,,,Fire]Vivillon-Ocean||FocusSash|CompoundEyes|Hurricane,SleepPowder,Tailwind,Protect|||F|||50|,,,,,Ghost]Gliscor||ToxicOrb|PoisonHeal|HighHorsepower,DualWingbeat,SwordsDance,Protect|||M|||50|,,,,,Water
|
|t:|1756820135
|teamsize|p1|4
|teamsize|p2|4
|start
|switch|p1a: Dragonite|Dragonite, L50, M|100/100
|switch|p1b: Ursaluna|Ursaluna-Bloodmoon, L50, M|100/100
|switch|p2a: Rillaboom|Rillaboom, L50, M, shiny|100/100
|switch|p2b: Vivillon|Vivillon-Ocean, L50, F|100/100
|-fieldstart|move: Grassy Terrain|[from] ability: Grassy Surge|[of] p2a: Rillaboom
|turn|1
|inactive|Battle timer is ON: inactive players will automatically lose when time's up. (requested by T8mcrae)
|
|t:|1756820158
|switch|p1b: Incineroar|Incineroar, L50, M|100/100
|-ability|p1b: Incineroar|Intimidate|boost
|-unboost|p2a: Rillaboom|atk|1
|-unboost|p2b: Vivillon|atk|1
|move|p2a: Rillaboom|Fake Out|p1a: Dragonite
|-damage|p1a: Dragonite|96/100
|move|p2b: Vivillon|Sleep Powder|p1b: Incineroar
|-status|p1b: Incineroar|slp|[from] move: Sleep Powder
|cant|p1a: Dragonite|flinch
|
|upkeep
|turn|2
|inactive|T8mcrae has 30 seconds left.
|
|t:|1756820186
|switch|p2a: Annihilape|Annihilape, L50, F, shiny|100/100
|move|p2b: Vivillon|Sleep Powder|p1a: Dragonite
|-status|p1a: Dragonite|slp|[from] move: Sleep Powder
|cant|p1a: Dragonite|slp
|cant|p1b: Incineroar|slp
|
|upkeep
|turn|3
|
|t:|1756820206
|move|p2a: Annihilape|Bulk Up|p2a: Annihilape
|-boost|p2a: Annihilape|atk|1
|-boost|p2a: Annihilape|def|1
|move|p2b: Vivillon|Tailwind|p2b: Vivillon
|-sidestart|p2: T8mcrae|move: Tailwind
|cant|p1a: Dragonite|slp
|cant|p1b: Incineroar|slp
|
|upkeep
|turn|4
|
|t:|1756820224
|move|p2a: Annihilape|Bulk Up|p2a: Annihilape
|-boost|p2a: Annihilape|atk|1
|-boost|p2a: Annihilape|def|1
|move|p2b: Vivillon|Hurricane|p1a: Dragonite
|-damage|p1a: Dragonite|47/100 slp
|cant|p1a: Dragonite|slp
|cant|p1b: Incineroar|slp
|
|upkeep
|turn|5
|inactive|T8mcrae has 30 seconds left.
|
|t:|1756820252
|-curestatus|p1a: Dragonite|slp|[msg]
|move|p1a: Dragonite|Protect|p1a: Dragonite
|-singleturn|p1a: Dragonite|Protect
|move|p2a: Annihilape|Bulk Up|p2a: Annihilape
|-boost|p2a: Annihilape|atk|1
|-boost|p2a: Annihilape|def|1
|move|p2b: Vivillon|Hurricane|p1a: Dragonite
|-activate|p1a: Dragonite|move: Protect
|-curestatus|p1b: Incineroar|slp|[msg]
|move|p1b: Incineroar|Parting Shot|p2b: Vivillon
|-unboost|p2b: Vivillon|atk|1
|-unboost|p2b: Vivillon|spa|1
|
|t:|1756820259
|switch|p1b: Ursaluna|Ursaluna-Bloodmoon, L50, M|100/100|[from] Parting Shot
|
|-fieldend|move: Grassy Terrain
|upkeep
|turn|6
|
|t:|1756820271
|move|p1b: Ursaluna|Protect|p1b: Ursaluna
|-singleturn|p1b: Ursaluna|Protect
|move|p2a: Annihilape|Rage Fist|p1a: Dragonite
|-damage|p1a: Dragonite|0 fnt
|faint|p1a: Dragonite
|move|p2b: Vivillon|Hurricane|p1b: Ursaluna
|-activate|p1b: Ursaluna|move: Protect
|
|-sideend|p2: T8mcrae|move: Tailwind
|upkeep
|
|t:|1756820278
|switch|p1a: Incineroar|Incineroar, L50, M|100/100
|-ability|p1a: Incineroar|Intimidate|boost
|-unboost|p2a: Annihilape|atk|1
|-ability|p2a: Annihilape|Defiant|boost
|-boost|p2a: Annihilape|atk|2
|-unboost|p2b: Vivillon|atk|1
|turn|7
|
|t:|1756820288
|-terastallize|p2b: Vivillon|Ghost
|-terastallize|p1b: Ursaluna|Normal
|move|p1a: Incineroar|Fake Out|p2b: Vivillon
|-immune|p2b: Vivillon
|move|p2a: Annihilape|Drain Punch|p1a: Incineroar
|-supereffective|p1a: Incineroar
|-damage|p1a: Incineroar|0 fnt
|faint|p1a: Incineroar
|move|p2b: Vivillon|Sleep Powder|p1b: Ursaluna
|-status|p1b: Ursaluna|slp|[from] move: Sleep Powder
|cant|p1b: Ursaluna|slp
|
|upkeep
|-message|Lightoz V forfeited.
|
|win|T8mcrae
|raw|Lightoz V's rating: 1318 → 1292(-26 for losing)
|raw|T8mcrae's rating: 1215 → 1247(+32 for winning)
|l|☆Lightoz V
|player|p1|
