|j|☆henryclayalt
|j|☆Friegg
|html|henryclayaltFriegg    
|uhtml|bestof|Game 1 of a best-of-3
|t:|1784141220
|gametype|doubles
|player|p1|henryclayalt|n|
|player|p2|Friegg|2|
|gen|9
|tier|[Gen 9 Champions] VGC 2026 Reg M-B (Bo3)
|rule|Species Clause: Limit one of each Pokémon
|rule|Item Clause: Limit 1 of each item
|clearpoke
|poke|p1|Basculegion, L50, M|
|poke|p1|Floette-Eternal, L50, F|
|poke|p1|Farigiraf, L50, F|
|poke|p1|Aggron, L50, M|
|poke|p1|Toxapex, L50, M|
|poke|p1|Vivillon, L50, M|
|poke|p2|Charizard, L50, M|
|poke|p2|Kingambit, L50, F|
|poke|p2|Tinkaton, L50, F|
|poke|p2|Scovillain, L50, F|
|poke|p2|Aerodactyl, L50, F|
|poke|p2|Typhlosion-Hisui, L50, F|
|teampreview|4
|showteam|p1|Basculegion||ChoiceScarf|Adaptability|WaveCrash,AquaJet,LastRespects,FlipTurn|Adamant||M|||50|]Floette-Eternal||Floettite|FlowerVeil|CalmMind,LightofRuin,DazzlingGleam,Protect|Timid||F|||50|]Farigiraf||SitrusBerry|ArmorTail|TrickRoom,HelpingHand,Thunderbolt,HyperVoice|Sassy||F|||50|]Aggron||Aggronite|RockHead|RockSlide,Curse,HeavySlam,StompingTantrum|Brave||M|||50|]Toxapex||Leftovers|Regenerator|BanefulBunker,WideGuard,Infestation,IcyWind|Sassy||M|||50|]Vivillon||FocusSash|FriendGuard|RagePowder,Tailwind,SleepPowder,Hurricane|Timid||M|||50|
|showteam|p2|Charizard||CharizarditeY|Blaze|HeatWave,WeatherBall,AirSlash,Protect|Timid||M|||50|]Kingambit||BlackGlasses|Defiant|KowtowCleave,IronHead,SuckerPunch,Protect|Adamant||F|||50|]Tinkaton||MetalCoat|MoldBreaker|GigatonHammer,FakeOut,Encore,Protect|Jolly||F|||50|]Scovillain||ExpertBelt|Chlorophyll|LeafStorm,Overheat,RagePowder,Protect|Modest||F|||50|]Aerodactyl||FocusSash|Unnerve|RockSlide,Tailwind,WideGuard,Protect|Jolly||F|||50|]Typhlosion-Hisui||Charcoal|Frisk|Eruption,Overheat,ShadowBall,Protect|Timid||F|||50|
|inactive|Battle timer is ON: inactive players will automatically lose when time's up. (requested by henryclayalt)
|
|t:|1784141298
|teamsize|p1|4
|teamsize|p2|4
|start
|switch|p1a: Basculegion|Basculegion, L50, M|100/100
|switch|p1b: Farigiraf|Farigiraf, L50, F|100/100
|switch|p2a: Tinkaton|Tinkaton, L50, F|100/100
|switch|p2b: Aerodactyl|Aerodactyl, L50, F|100/100
|-ability|p2b: Aerodactyl|Unnerve
|-ability|p2a: Tinkaton|Mold Breaker
|turn|1
|inactive|henryclayalt has 30 seconds left.
|inactive|Friegg has 30 seconds left.
|
|t:|1784141324
|move|p2b: Aerodactyl|Tailwind|p2b: Aerodactyl
|-sidestart|p2: Friegg|move: Tailwind
|move|p2a: Tinkaton|Gigaton Hammer|p1b: Farigiraf
|-damage|p1b: Farigiraf|33/100
|move|p1a: Basculegion|Flip Turn|p2b: Aerodactyl
|-supereffective|p2b: Aerodactyl|1
|-enditem|p2b: Aerodactyl|Focus Sash
|-damage|p2b: Aerodactyl|1/100
|
|t:|1784141332
|switch|p1a: Aggron|Aggron, L50, M|100/100|[from] Flip Turn
|move|p1b: Farigiraf|Trick Room|p1b: Farigiraf
|-fieldstart|move: Trick Room|[of] p1b: Farigiraf
|
|upkeep
|turn|2
|
|t:|1784141348
|detailschange|p1a: Aggron|Aggron-Mega, L50, M
|-mega|p1a: Aggron|Aggron|Aggronite
|move|p2a: Tinkaton|Protect|p2a: Tinkaton
|-singleturn|p2a: Tinkaton|Protect
|move|p1a: Aggron|Curse|p1a: Aggron
|-unboost|p1a: Aggron|spe|1
|-boost|p1a: Aggron|atk|1
|-boost|p1a: Aggron|def|1
|move|p1b: Farigiraf|Thunderbolt|p2b: Aerodactyl
|-supereffective|p2b: Aerodactyl|1
|-damage|p2b: Aerodactyl|0 fnt
|-enditem|p1b: Farigiraf|Sitrus Berry|[eat]
|-heal|p1b: Farigiraf|58/100|[from] item: Sitrus Berry
|faint|p2b: Aerodactyl
|
|upkeep
|
|t:|1784141361
|switch|p2b: Charizard|Charizard, L50, M|100/100
|turn|3
|
|t:|1784141379
|detailschange|p2b: Charizard|Charizard-Mega-Y, L50, M
|-mega|p2b: Charizard|Charizard|Charizardite Y
|-weather|SunnyDay|[from] ability: Drought|[of] p2b: Charizard
|move|p1b: Farigiraf|Helping Hand|p1a: Aggron
|-singleturn|p1a: Aggron|Helping Hand|[of] p1b: Farigiraf
|move|p1a: Aggron|Stomping Tantrum|p2a: Tinkaton
|-supereffective|p2a: Tinkaton|1
|-damage|p2a: Tinkaton|0 fnt
|faint|p2a: Tinkaton
|move|p2b: Charizard|Weather Ball|p1a: Aggron
|-supereffective|p1a: Aggron|1
|-damage|p1a: Aggron|0 fnt
|faint|p1a: Aggron
|
|-weather|SunnyDay|[upkeep]
|upkeep
|
|t:|1784141394
|switch|p1a: Toxapex|Toxapex, L50, M|100/100
|switch|p2a: Typhlosion|Typhlosion-Hisui, L50, F|100/100
|-item|p1a: Toxapex|Leftovers|[from] ability: Frisk|[of] p2a: Typhlosion
|turn|4
|
|t:|1784141414
|move|p1a: Toxapex|Wide Guard|p1a: Toxapex
|-singleturn|p1a: Toxapex|Wide Guard
|move|p1b: Farigiraf|Thunderbolt|p2b: Charizard
|-supereffective|p2b: Charizard|1
|-damage|p2b: Charizard|53/100
|-status|p2b: Charizard|par
|move|p2b: Charizard|Heat Wave|p1a: Toxapex|[spread] 
|-activate|p1a: Toxapex|move: Wide Guard
|-activate|p1b: Farigiraf|move: Wide Guard
|move|p2a: Typhlosion|Eruption|p1b: Farigiraf|[spread] 
|-activate|p1a: Toxapex|move: Wide Guard
|-activate|p1b: Farigiraf|move: Wide Guard
|
|-weather|SunnyDay|[upkeep]
|-sideend|p2: Friegg|move: Tailwind
|upkeep
|turn|5
|inactive|henryclayalt has 30 seconds left.
|inactive|Friegg has 30 seconds left.
|
|t:|1784141450
|move|p1a: Toxapex|Infestation|p2a: Typhlosion
|-resisted|p2a: Typhlosion|2
|-damage|p2a: Typhlosion|99/100
|-activate|p2a: Typhlosion|move: Infestation|[of] p1a: Toxapex
|move|p1b: Farigiraf|Thunderbolt|p2b: Charizard
|-supereffective|p2b: Charizard|1
|-crit|p2b: Charizard
|-damage|p2b: Charizard|0 fnt
|faint|p2b: Charizard
|move|p2a: Typhlosion|Eruption|p1b: Farigiraf|[spread] p1a,p1b
|-resisted|p1a: Toxapex|1
|-damage|p1a: Toxapex|68/100
|-damage|p1b: Farigiraf|0 fnt
|faint|p1b: Farigiraf
|
|-weather|SunnyDay|[upkeep]
|-heal|p1a: Toxapex|74/100|[from] item: Leftovers
|-damage|p2a: Typhlosion|87/100|[from] move: Infestation|[partiallytrapped]
|-fieldend|move: Trick Room
|upkeep
|
|t:|1784141464
|switch|p1b: Basculegion|Basculegion, L50, M|100/100
|turn|6
|
|t:|1784141477
|move|p1b: Basculegion|Last Respects|p2a: Typhlosion
|-supereffective|p2a: Typhlosion|1
|-damage|p2a: Typhlosion|0 fnt
|faint|p2a: Typhlosion
|
|win|henryclayalt
||henryclayalt is ready for game 2.
||Friegg is ready for game 2.
|uhtml|next|Next: Game 2 of 3
|l|☆henryclayalt
|player|p1|
|l|☆Friegg
|player|p2|
|j|☆Friegg
|player|p2|Friegg|2|
