|j|☆T-Soro
|j|☆dont make me walk
|html|T-Sorodont make me walk    
|uhtml|bestof|Game 1 of a best-of-3
|t:|1756714509
|gametype|doubles
|player|p1|T-Soro|1|1249
|player|p2|dont make me walk|red-masters3|1288
|gen|9
|tier|[Gen 9] VGC 2025 Reg H (Bo3)
|rated|
|rule|Species Clause: Limit one of each Pokémon
|rule|Item Clause: Limit 1 of each item
|clearpoke
|poke|p1|Indeedee, L50, M|
|poke|p1|Sneasler, L50, M|
|poke|p1|Tyranitar, L50, F|
|poke|p1|Excadrill, L50, M|
|poke|p1|Corviknight, L50, F|
|poke|p1|Annihilape, L50, F|
|poke|p2|Ursaluna-Bloodmoon, L50, M|
|poke|p2|Indeedee, L50, M|
|poke|p2|Sneasler, L50, M|
|poke|p2|Incineroar, L50, M|
|poke|p2|Talonflame, L50, F|
|poke|p2|Garchomp, L50, M|
|teampreview|4
|showteam|p1|Indeedee||FocusSash|PsychicSurge|Imprison,TrickRoom,TeraBlast,ExpandingForce|||M|||50|,,,,,Grass]Sneasler||PsychicSeed|Unburden|Protect,DireClaw,CloseCombat,ThroatChop|||M|||50|,,,,,Dark]Tyranitar||AssaultVest|SandStream|RockSlide,KnockOff,LowKick,TeraBlast|||F|||50|,,,,,Flying]Excadrill||LifeOrb|SandRush|IronHead,Protect,Earthquake,HighHorsepower|||M|||50|,,,,,Stellar]Corviknight||Leftovers|MirrorArmor|BraveBird,PowerTrip,BulkUp,Roost|||F|||50|,,,,,Water]Annihilape||SafetyGoggles|Defiant|RageFist,DrainPunch,BulkUp,Protect|||F|||50|,,,,,Fire
|showteam|p2|Ursaluna-Bloodmoon||LifeOrb|MindsEye|Protect,EarthPower,HyperVoice,BloodMoon|||M|||50|,,,,,Normal]Indeedee||FocusSash|PsychicSurge|ExpandingForce,TeraBlast,TrickRoom,Protect|||M|||50|,,,,,Fighting]Sneasler||PsychicSeed|Unburden|DireClaw,CloseCombat,ThroatChop,Protect|||M|||50|,,,,,Dark]Incineroar||AssaultVest|Intimidate|FakeOut,KnockOff,FlareBlitz,Uturn|||M|||50|,,,,,Grass]Talonflame||CovertCloak|GaleWings|FlareBlitz,DualWingbeat,WillOWisp,Tailwind|||F|||50|,,,,,Fairy]Garchomp||ClearAmulet|RoughSkin|Earthquake,StompingTantrum,DragonClaw,Protect|||M|||50|,,,,,Ground
|inactive|Battle timer is ON: inactive players will automatically lose when time's up. (requested by dont make me walk)
|inactive|T-Soro has 60 seconds left.
|inactive|dont make me walk has 60 seconds left.
|
|t:|1756714550
|teamsize|p1|4
|teamsize|p2|4
|start
|switch|p1a: Indeedee|Indeedee, L50, M|100/100
|switch|p1b: Sneasler|Sneasler, L50, M|100/100
|switch|p2a: Talonflame|Talonflame, L50, F|100/100
|switch|p2b: Garchomp|Garchomp, L50, M|100/100
|-fieldstart|move: Psychic Terrain|[from] ability: Psychic Surge|[of] p1a: Indeedee
|-enditem|p1b: Sneasler|Psychic Seed
|-boost|p1b: Sneasler|spd|1|[from] item: Psychic Seed
|turn|1
|inactive|T-Soro has 30 seconds left.
|inactive|T-Soro has 20 seconds left.
|inactive|T-Soro has 15 seconds left.
|inactive|T-Soro has 10 seconds left.
|inactive|T-Soro has 5 seconds left.
|
|t:|1756714605
|move|p1b: Sneasler|Protect|p1b: Sneasler
|-singleturn|p1b: Sneasler|Protect
|move|p2a: Talonflame|Tailwind|p2a: Talonflame
|-sidestart|p2: dont make me walk|move: Tailwind
|move|p2b: Garchomp|Earthquake|p1b: Sneasler|[spread] p1a
|-activate|p1b: Sneasler|move: Protect
|-immune|p2a: Talonflame
|-damage|p1a: Indeedee|16/100
|move|p1a: Indeedee|Imprison|p1a: Indeedee
|-start|p1a: Indeedee|move: Imprison
|
|upkeep
|turn|2
|
|t:|1756714626
|move|p1b: Sneasler|Dire Claw|p2a: Talonflame
|-damage|p2a: Talonflame|55/100
|move|p2a: Talonflame|Flare Blitz|p1b: Sneasler
|-damage|p1b: Sneasler|40/100
|-damage|p2a: Talonflame|37/100|[from] Recoil
|move|p2b: Garchomp|Earthquake|p1a: Indeedee|[spread] p1a,p1b
|-immune|p2a: Talonflame
|-supereffective|p1b: Sneasler
|-damage|p1a: Indeedee|0 fnt
|-damage|p1b: Sneasler|0 fnt
|faint|p1a: Indeedee
|faint|p1b: Sneasler
|
|upkeep
|
|t:|1756714636
|switch|p1b: Annihilape|Annihilape, L50, F|100/100
|switch|p1a: Corviknight|Corviknight, L50, F|100/100
|turn|3
|
|t:|1756714658
|move|p1b: Annihilape|Protect|p1b: Annihilape
|-singleturn|p1b: Annihilape|Protect
|move|p2a: Talonflame|Will-O-Wisp|p1a: Corviknight
|-status|p1a: Corviknight|brn
|move|p2b: Garchomp|Earthquake|p1a: Corviknight|[spread] 
|-activate|p1b: Annihilape|move: Protect
|-immune|p2a: Talonflame
|-immune|p1a: Corviknight
|move|p1a: Corviknight|Brave Bird|p2a: Talonflame
|-damage|p2a: Talonflame|14/100
|-damage|p1a: Corviknight|93/100 brn|[from] Recoil
|
|-heal|p1a: Corviknight|99/100 brn|[from] item: Leftovers
|-damage|p1a: Corviknight|93/100 brn|[from] brn
|upkeep
|turn|4
|
|t:|1756714677
|move|p2a: Talonflame|Will-O-Wisp|p1b: Annihilape
|-status|p1b: Annihilape|brn
|move|p2b: Garchomp|Earthquake|p1b: Annihilape|[spread] p1b
|-immune|p2a: Talonflame
|-immune|p1a: Corviknight
|-damage|p1b: Annihilape|62/100 brn
|move|p1b: Annihilape|Rage Fist|p2b: Garchomp
|-damage|p2b: Garchomp|78/100
|-damage|p1b: Annihilape|49/100 brn|[from] ability: Rough Skin|[of] p2b: Garchomp
|move|p1a: Corviknight|Power Trip|p1b: Annihilape
|-damage|p1b: Annihilape|47/100 brn
|
|-heal|p1a: Corviknight|99/100 brn|[from] item: Leftovers
|-damage|p1b: Annihilape|40/100 brn|[from] brn
|-damage|p1a: Corviknight|93/100 brn|[from] brn
|-sideend|p2: dont make me walk|move: Tailwind
|upkeep
|turn|5
|-message|T-Soro forfeited.
|
|win|dont make me walk
|l|☆T-Soro
|player|p1|
||dont make me walk is ready for game 2.
||T-Soro is ready for game 2.
|uhtml|next|Next: Game 2 of 3
