|j|☆norbert71
|j|☆MrGardnHose
|html|norbert71MrGardnHose    
|uhtml|bestof|Game 2 of a best-of-3
|t:|1782409262
|gametype|doubles
|player|p1|norbert71|colress|1158
|player|p2|MrGardnHose|jasmine-masters2|1144
|gen|9
|tier|[Gen 9 Champions] VGC 2026 Reg M-B (Bo3)
|rated|
|rule|Species Clause: Limit one of each Pokémon
|rule|Item Clause: Limit 1 of each item
|clearpoke
|poke|p1|Staraptor, L50, M|
|poke|p1|Grimmsnarl, L50, M|
|poke|p1|Incineroar, L50, F|
|poke|p1|Toxapex, L50, M|
|poke|p1|Raichu, L50, F|
|poke|p1|Sinistcha, L50|
|poke|p2|Whimsicott, L50, F|
|poke|p2|Swampert, L50, F|
|poke|p2|Pelipper, L50, F|
|poke|p2|Archaludon, L50, F|
|poke|p2|Basculegion, L50, M|
|poke|p2|Floette-Eternal, L50, F|
|teampreview|4
|showteam|p1|Staraptor||Staraptite|Intimidate|CloseCombat,DualWingbeat,Protect,Roost|Jolly||M|||50|]Grimmsnarl||LightClay|Prankster|Reflect,LightScreen,SpiritBreak,PartingShot|Careful||M|||50|]Incineroar||ShucaBerry|Intimidate|FakeOut,FlareBlitz,PartingShot,Snarl|Adamant||F|||50|]Toxapex||Leftovers|Regenerator|Toxic,Infestation,Recover,BanefulBunker|Relaxed||M|||50|]Raichu||FocusSash|Static|FakeOut,GrassKnot,VoltSwitch,Protect|Modest||F|||50|]Sinistcha||KasibBerry|Hospitality|MatchaGotcha,ShadowBall,RagePowder,Protect|Bold|||||50|
|showteam|p2|Whimsicott||CobaBerry|Prankster|Moonblast,Tailwind,Encore,Protect|Bold||F|||50|]Swampert||Swampertite|Torrent|WaveCrash,Earthquake,IcePunch,Protect|Adamant||F|||50|]Pelipper||LifeOrb|Drizzle|WeatherBall,Hurricane,Tailwind,Protect|Modest||F|||50|]Archaludon||Leftovers|Stamina|DracoMeteor,FlashCannon,ElectroShot,Protect|Modest||F|||50|]Basculegion||FocusSash|Adaptability|Liquidation,LastRespects,AquaJet,Protect|Adamant||M|||50|]Floette-Eternal||Floettite|FlowerVeil|Moonblast,DazzlingGleam,LightofRuin,Protect|Modest||F|||50|
|
|t:|1782409278
|teamsize|p1|4
|teamsize|p2|4
|start
|switch|p1a: Toxapex|Toxapex, L50, M|100/100
|switch|p1b: Raichu|Raichu, L50, F|100/100
|switch|p2a: Whimsicott|Whimsicott, L50, F|100/100
|switch|p2b: Floette|Floette-Eternal, L50, F|100/100
|turn|1
|
|t:|1782409288
|switch|p2a: Archaludon|Archaludon, L50, F|100/100
|move|p2b: Floette|Protect|p2b: Floette
|-singleturn|p2b: Floette|Protect
|move|p1b: Raichu|Fake Out|p2a: Archaludon
|-resisted|p2a: Archaludon|1
|-damage|p2a: Archaludon|97/100
|-ability|p2a: Archaludon|Stamina|boost
|-boost|p2a: Archaludon|def|1
|move|p1a: Toxapex|Toxic|p2b: Floette
|-activate|p2b: Floette|move: Protect
|
|-heal|p2a: Archaludon|100/100|[from] item: Leftovers
|upkeep
|turn|2
|
|t:|1782409304
|switch|p2b: Pelipper|Pelipper, L50, F|100/100
|-weather|RainDance|[from] ability: Drizzle|[of] p2b: Pelipper
|switch|p1a: Sinistcha|Sinistcha, L50|100/100
|move|p1b: Raichu|Volt Switch|p2b: Pelipper
|-supereffective|p2b: Pelipper|2
|-damage|p2b: Pelipper|0 fnt
|faint|p2b: Pelipper
|
|t:|1782409316
|switch|p1b: Grimmsnarl|Grimmsnarl, L50, M|100/100|[from] Volt Switch
|move|p2a: Archaludon|Electro Shot||[still]
|-prepare|p2a: Archaludon|Electro Shot
|-boost|p2a: Archaludon|spa|1
|-anim|p2a: Archaludon|Electro Shot|p1a: Sinistcha
|-resisted|p1a: Sinistcha|1
|-damage|p1a: Sinistcha|61/100
|
|-weather|RainDance|[upkeep]
|upkeep
|
|t:|1782409330
|switch|p2b: Floette|Floette-Eternal, L50, F|100/100
|turn|3
|
|t:|1782409348
|switch|p2b: Whimsicott|Whimsicott, L50, F|100/100
|move|p1b: Grimmsnarl|Light Screen|p1b: Grimmsnarl
|-sidestart|p1: norbert71|move: Light Screen
|move|p2a: Archaludon|Electro Shot||[still]
|-prepare|p2a: Archaludon|Electro Shot
|-boost|p2a: Archaludon|spa|1
|-anim|p2a: Archaludon|Electro Shot|p1a: Sinistcha
|-resisted|p1a: Sinistcha|1
|-damage|p1a: Sinistcha|29/100
|move|p1a: Sinistcha|Matcha Gotcha|p2a: Archaludon|[spread] p2b
|-miss|p1a: Sinistcha|p2a: Archaludon
|-resisted|p2b: Whimsicott|1
|-damage|p2b: Whimsicott|85/100
|-heal|p1a: Sinistcha|37/100|[from] drain|[of] p2b: Whimsicott
|
|-weather|RainDance|[upkeep]
|upkeep
|turn|4
|
|t:|1782409372
|move|p1a: Sinistcha|Protect|p1a: Sinistcha
|-singleturn|p1a: Sinistcha|Protect
|move|p2b: Whimsicott|Encore|p1a: Sinistcha
|-activate|p1a: Sinistcha|move: Protect
|move|p1b: Grimmsnarl|Parting Shot|p2a: Archaludon
|-unboost|p2a: Archaludon|atk|1
|-unboost|p2a: Archaludon|spa|1
|
|t:|1782409380
|switch|p1b: Raichu|Raichu, L50, F|100/100|[from] Parting Shot
|move|p2a: Archaludon|Flash Cannon|p1b: Raichu
|-resisted|p1b: Raichu|1
|-damage|p1b: Raichu|72/100
|
|-weather|RainDance|[upkeep]
|upkeep
|turn|5
|
|t:|1782409389
|move|p1b: Raichu|Fake Out|p2b: Whimsicott
|-damage|p2b: Whimsicott|77/100
|cant|p2b: Whimsicott|flinch
|move|p2a: Archaludon|Electro Shot||[still]
|-prepare|p2a: Archaludon|Electro Shot
|-boost|p2a: Archaludon|spa|1
|-anim|p2a: Archaludon|Electro Shot|p1a: Sinistcha
|-resisted|p1a: Sinistcha|1
|-crit|p1a: Sinistcha
|-damage|p1a: Sinistcha|0 fnt
|faint|p1a: Sinistcha
|
|-weather|RainDance|[upkeep]
|upkeep
|-message|norbert71 forfeited.
|raw|norbert71's rating: 1158 → 1132(-26 for losing)
|raw|MrGardnHose's rating: 1144 → 1170(+26 for winning)
|
|win|MrGardnHose
