|j|☆Snowsquall brute
|j|☆lukashz
|html|Snowsquall brutelukashz    
|uhtml|bestof|Game 1 of a best-of-3
|t:|1784261068
|gametype|doubles
|player|p1|Snowsquall brute|170|1347
|player|p2|lukashz|elesa|1357
|gen|9
|tier|[Gen 9 Champions] VGC 2026 Reg M-B (Bo3)
|rated|
|rule|Species Clause: Limit one of each Pokémon
|rule|Item Clause: Limit 1 of each item
|clearpoke
|poke|p1|Staraptor, L50, F|
|poke|p1|Glimmora, L50, F|
|poke|p1|Kingambit, L50, M|
|poke|p1|Dragapult, L50, F|
|poke|p1|Rotom-Heat, L50|
|poke|p1|Araquanid, L50, F|
|poke|p2|Sylveon, L50, F|
|poke|p2|Weavile, L50, M|
|poke|p2|Basculegion, L50, M|
|poke|p2|Garchomp, L50, M|
|poke|p2|Roserade, L50, M|
|poke|p2|Aerodactyl, L50, M|
|teampreview|4
|showteam|p1|Staraptor||Staraptite|Intimidate|BraveBird,CloseCombat,Roost,Protect|Impish||F|||50|]Glimmora||Glimmoranite|ToxicDebris|SludgeBomb,PowerGem,EarthPower,SpikyShield|Bold||F|||50|]Kingambit||BlackGlasses|Defiant|IronHead,KowtowCleave,SuckerPunch,Protect|Adamant||M|||50|]Dragapult||FocusSash|CursedBody|DracoMeteor,WillOWisp,Hex,Protect|Timid||F|||50|]Rotom-Heat||PasshoBerry|Levitate|SunnyDay,Overheat,Thunderbolt,Protect|Modest|||||50|]Araquanid||BabiriBerry|WaterBubble|Facade|Serious||F|||50|
|showteam|p2|Sylveon||FairyFeather|Pixilate|HyperVoice,Protect,HyperBeam,HelpingHand|Modest||F|||50|]Weavile||FocusSash|Pressure|FakeOut,KnockOff,IcicleCrash,IceShard|Jolly||M|||50|]Basculegion||ChoiceScarf|Adaptability|AquaJet,FlipTurn,WaveCrash,LastRespects|Adamant||M|||50|]Garchomp||LifeOrb|RoughSkin|DragonClaw,Earthquake,Protect,StompingTantrum|Jolly||M|||50|]Roserade||WideLens|PoisonPoint|SleepPowder,SludgeBomb,LeafStorm,Protect|Timid||M|||50|]Aerodactyl||Aerodactylite|Unnerve|RockSlide,Protect,Tailwind,DualWingbeat|Jolly||M|||50|
|
|t:|1784261103
|teamsize|p1|4
|teamsize|p2|4
|start
|switch|p1a: Kingambit|Kingambit, L50, M|100/100
|switch|p1b: Staraptor|Staraptor, L50, F|100/100
|switch|p2a: Garchomp|Garchomp, L50, M|100/100
|switch|p2b: Aerodactyl|Aerodactyl, L50, M|100/100
|-ability|p2b: Aerodactyl|Unnerve
|-ability|p1b: Staraptor|Intimidate|boost
|-unboost|p2a: Garchomp|atk|1
|-unboost|p2b: Aerodactyl|atk|1
|turn|1
|
|t:|1784261157
|detailschange|p2b: Aerodactyl|Aerodactyl-Mega, L50, M
|-mega|p2b: Aerodactyl|Aerodactyl|Aerodactylite
|detailschange|p1b: Staraptor|Staraptor-Mega, L50, F
|-mega|p1b: Staraptor|Staraptor|Staraptite
|move|p1a: Kingambit|Protect|p1a: Kingambit
|-singleturn|p1a: Kingambit|Protect
|move|p2b: Aerodactyl|Rock Slide|p1a: Kingambit|[spread] p1b
|-activate|p1a: Kingambit|move: Protect
|-crit|p1b: Staraptor
|-damage|p1b: Staraptor|67/100
|move|p2a: Garchomp|Stomping Tantrum|p1a: Kingambit
|-activate|p1a: Kingambit|move: Protect
|move|p1b: Staraptor|Close Combat|p2b: Aerodactyl
|-damage|p2b: Aerodactyl|35/100
|-boost|p1b: Staraptor|def|1
|-boost|p1b: Staraptor|spd|1
|
|upkeep
|turn|2
|
|t:|1784261169
|move|p1a: Kingambit|Sucker Punch|p2b: Aerodactyl
|-damage|p2b: Aerodactyl|0 fnt
|faint|p2b: Aerodactyl
|move|p2a: Garchomp|Dragon Claw|p1b: Staraptor
|-damage|p1b: Staraptor|48/100
|-damage|p2a: Garchomp|90/100|[from] item: Life Orb
|move|p1b: Staraptor|Roost|p1b: Staraptor
|-heal|p1b: Staraptor|98/100
|-singleturn|p1b: Staraptor|move: Roost
|
|upkeep
|
|t:|1784261181
|switch|p2b: Weavile|Weavile, L50, M|100/100
|-ability|p2b: Weavile|Pressure
|turn|3
|
|t:|1784261190
|move|p2b: Weavile|Icicle Crash|p1b: Staraptor
|-supereffective|p1b: Staraptor|1
|-damage|p1b: Staraptor|56/100
|move|p2a: Garchomp|Stomping Tantrum|p1a: Kingambit
|-supereffective|p1a: Kingambit|1
|-damage|p1a: Kingambit|47/100
|-damage|p2a: Garchomp|80/100|[from] item: Life Orb
|move|p1b: Staraptor|Close Combat|p2b: Weavile
|-supereffective|p2b: Weavile|2
|-enditem|p2b: Weavile|Focus Sash
|-damage|p2b: Weavile|1/100
|-boost|p1b: Staraptor|def|1
|-boost|p1b: Staraptor|spd|1
|move|p1a: Kingambit|Kowtow Cleave|p2a: Garchomp
|-damage|p2a: Garchomp|24/100
|-damage|p1a: Kingambit|35/100|[from] ability: Rough Skin|[of] p2a: Garchomp
|
|upkeep
|turn|4
|
|t:|1784261211
|move|p1a: Kingambit|Sucker Punch|p2a: Garchomp
|-damage|p2a: Garchomp|0 fnt
|-damage|p1a: Kingambit|23/100|[from] ability: Rough Skin|[of] p2a: Garchomp
|faint|p2a: Garchomp
|move|p2b: Weavile|Icicle Crash|p1b: Staraptor
|-supereffective|p1b: Staraptor|1
|-damage|p1b: Staraptor|24/100
|move|p1b: Staraptor|Roost|p1b: Staraptor
|-heal|p1b: Staraptor|74/100
|-singleturn|p1b: Staraptor|move: Roost
|
|upkeep
|
|t:|1784261213
|switch|p2a: Basculegion|Basculegion, L50, M|100/100
|turn|5
|
|t:|1784261218
|move|p1a: Kingambit|Sucker Punch|p2a: Basculegion
|-supereffective|p2a: Basculegion|1
|-damage|p2a: Basculegion|0 fnt
|faint|p2a: Basculegion
|move|p2b: Weavile|Icicle Crash|p1b: Staraptor
|-supereffective|p1b: Staraptor|1
|-damage|p1b: Staraptor|38/100
|move|p1b: Staraptor|Close Combat|p2b: Weavile
|-supereffective|p2b: Weavile|2
|-damage|p2b: Weavile|0 fnt
|-boost|p1b: Staraptor|def|1
|-boost|p1b: Staraptor|spd|1
|faint|p2b: Weavile
|
|win|Snowsquall brute
||lukashz is ready for game 2.
||Snowsquall brute is ready for game 2.
|uhtml|next|Next: Game 2 of 3
