|j|☆Yusuf3000
|j|☆KingK0opa
|html|Yusuf3000KingK0opa    
|uhtml|bestof|Game 1 of a best-of-3
|t:|1784746212
|gametype|doubles
|player|p1|Yusuf3000|waiter-gen4|
|player|p2|KingK0opa|bugsy|
|gen|9
|tier|[Gen 9 Champions] VGC 2026 Reg M-B (Bo3)
|rule|Species Clause: Limit one of each Pokémon
|rule|Item Clause: Limit 1 of each item
|clearpoke
|poke|p1|Blaziken, L50, F|
|poke|p1|Kingambit, L50, F|
|poke|p1|Basculegion, L50, M|
|poke|p1|Venusaur, L50, M|
|poke|p1|Lycanroc-Dusk, L50, M|
|poke|p1|Ninetales-Alola, L50, F|
|poke|p2|Chimecho, L50, F|
|poke|p2|Mudsdale, L50, F|
|poke|p2|Farigiraf, L50, F|
|poke|p2|Vivillon, L50, F|
|poke|p2|Vanilluxe, L50, M|
|poke|p2|Scrafty, L50, F|
|teampreview|4
|showteam|p1|Blaziken||Blazikenite|SpeedBoost|FlareBlitz,CloseCombat,Protect,RockSlide|Adamant||F|||50|]Kingambit||LifeOrb|Defiant|KowtowCleave,Protect,IronHead,SuckerPunch|Adamant||F|||50|]Basculegion||ChoiceScarf|Adaptability|WaveCrash,FlipTurn,LastRespects,AquaJet|Jolly||M|||50|]Venusaur||Venusaurite|Chlorophyll|SleepPowder,LeafStorm,SludgeBomb,Protect|Modest||M|||50|]Lycanroc-Dusk||FocusSash|ToughClaws|RockSlide,Accelerock,CloseCombat,Protect|Jolly||M|||50|]Ninetales-Alola||NeverMeltIce|SnowWarning|FreezeDry,Blizzard,Protect,Encore|Timid||F|||50|
|showteam|p2|Chimecho||Chimechite|Levitate|Psychic,FlashCannon,CalmMind,TrickRoom|Quiet||F|||50|]Mudsdale||LifeOrb|InnerFocus|Earthquake,HighHorsepower,RockSlide,HeavySlam|Brave||F|||50|]Farigiraf||SitrusBerry|ArmorTail|PsychicNoise,Thunderbolt,TrickRoom,Protect|Relaxed||F|||50|]Vivillon||FocusSash|CompoundEyes|Hurricane,SleepPowder,RagePowder,Protect|Timid||F|||50|]Vanilluxe||NeverMeltIce|SnowWarning|Blizzard,FreezeDry,IceShard,Protect|Quiet||M|||50|]Scrafty||Scraftinite|Intimidate|FakeOut,CloseCombat,Crunch,IronHead|Brave||F|||50|
|inactive|Battle timer is ON: inactive players will automatically lose when time's up. (requested by KingK0opa)
|inactive|Yusuf3000 has 60 seconds left.
|inactive|KingK0opa has 60 seconds left.
|inactive|Yusuf3000 has 30 seconds left.
|inactive|KingK0opa has 30 seconds left.
|inactive|Yusuf3000 has 20 seconds left.
|inactive|Yusuf3000 has 15 seconds left.
|inactive|Yusuf3000 has 10 seconds left.
|inactive|KingK0opa has 20 seconds left.
|inactive|KingK0opa has 15 seconds left.
|
|t:|1784746300
|teamsize|p1|4
|teamsize|p2|4
|start
|switch|p1a: Lycanroc|Lycanroc-Dusk, L50, M|100/100
|switch|p1b: Basculegion|Basculegion, L50, M|100/100
|switch|p2a: Farigiraf|Farigiraf, L50, F|100/100
|switch|p2b: Mudsdale|Mudsdale, L50, F|100/100
|turn|1
|
|t:|1784746311
|switch|p2b: Scrafty|Scrafty, L50, F|100/100
|-ability|p2b: Scrafty|Intimidate|boost
|-unboost|p1a: Lycanroc|atk|1
|-unboost|p1b: Basculegion|atk|1
|move|p1b: Basculegion|Wave Crash|p2a: Farigiraf
|-damage|p2a: Farigiraf|62/100
|-damage|p1b: Basculegion|85/100|[from] Recoil
|move|p1a: Lycanroc|Close Combat|p2a: Farigiraf
|-damage|p2a: Farigiraf|34/100
|-unboost|p1a: Lycanroc|def|1
|-unboost|p1a: Lycanroc|spd|1
|-enditem|p2a: Farigiraf|Sitrus Berry|[eat]
|-heal|p2a: Farigiraf|59/100|[from] item: Sitrus Berry
|move|p2a: Farigiraf|Trick Room|p2a: Farigiraf
|-fieldstart|move: Trick Room|[of] p2a: Farigiraf
|
|upkeep
|turn|2
|inactive|KingK0opa has 30 seconds left.
|
|t:|1784746340
|switch|p1a: Venusaur|Venusaur, L50, M|100/100
|switch|p1b: Kingambit|Kingambit, L50, F|100/100
|detailschange|p2b: Scrafty|Scrafty-Mega, L50, F
|-mega|p2b: Scrafty|Scrafty|Scraftinite
|-ability|p2b: Scrafty|Intimidate|boost
|-unboost|p1a: Venusaur|atk|1
|-unboost|p1b: Kingambit|atk|1
|-ability|p1b: Kingambit|Defiant|boost
|-boost|p1b: Kingambit|atk|2
|move|p2a: Farigiraf|Psychic Noise|p1a: Venusaur
|-supereffective|p1a: Venusaur|1
|-damage|p1a: Venusaur|48/100
|-start|p1a: Venusaur|move: Heal Block
|move|p2b: Scrafty|Crunch|p1b: Kingambit
|-resisted|p1b: Kingambit|1
|-damage|p1b: Kingambit|82/100
|
|upkeep
|turn|3
|
|t:|1784746356
|move|p1b: Kingambit|Protect|p1b: Kingambit
|-singleturn|p1b: Kingambit|Protect
|move|p1a: Venusaur|Protect|p1a: Venusaur
|-singleturn|p1a: Venusaur|Protect
|move|p2a: Farigiraf|Psychic Noise|p1a: Venusaur
|-activate|p1a: Venusaur|move: Protect
|move|p2b: Scrafty|Close Combat|p1b: Kingambit
|-activate|p1b: Kingambit|move: Protect
|
|-end|p1a: Venusaur|move: Heal Block
|upkeep
|turn|4
|
|t:|1784746371
|switch|p1b: Basculegion|Basculegion, L50, M|85/100
|detailschange|p1a: Venusaur|Venusaur-Mega, L50, M
|-mega|p1a: Venusaur|Venusaur|Venusaurite
|move|p2a: Farigiraf|Psychic Noise|p1a: Venusaur
|-supereffective|p1a: Venusaur|1
|-damage|p1a: Venusaur|3/100
|-start|p1a: Venusaur|move: Heal Block
|move|p2b: Scrafty|Crunch|p1b: Basculegion
|-supereffective|p1b: Basculegion|1
|-damage|p1b: Basculegion|0 fnt
|faint|p1b: Basculegion
|move|p1a: Venusaur|Sleep Powder|p2b: Scrafty
|-status|p2b: Scrafty|slp|[from] move: Sleep Powder
|
|upkeep
|
|t:|1784746385
|switch|p1b: Kingambit|Kingambit, L50, F|82/100
|turn|5
|inactive|KingK0opa has 30 seconds left.
|
|t:|1784746411
|switch|p1a: Lycanroc|Lycanroc-Dusk, L50, M|100/100
|move|p2a: Farigiraf|Psychic Noise|p1a: Lycanroc
|-damage|p1a: Lycanroc|57/100
|-start|p1a: Lycanroc|move: Heal Block
|move|p1b: Kingambit|Kowtow Cleave|p2a: Farigiraf
|-supereffective|p2a: Farigiraf|1
|-damage|p2a: Farigiraf|0 fnt
|faint|p2a: Farigiraf
|-damage|p1b: Kingambit|72/100|[from] item: Life Orb
|cant|p2b: Scrafty|slp
|
|-fieldend|move: Trick Room
|upkeep
|
|t:|1784746422
|switch|p2a: Mudsdale|Mudsdale, L50, F|100/100
|turn|6
|
|t:|1784746432
|switch|p2b: Chimecho|Chimecho, L50, F|100/100
|move|p1a: Lycanroc|Close Combat|p2b: Chimecho
|-resisted|p2b: Chimecho|1
|-damage|p2b: Chimecho|72/100
|-unboost|p1a: Lycanroc|def|1
|-unboost|p1a: Lycanroc|spd|1
|move|p1b: Kingambit|Kowtow Cleave|p2a: Mudsdale
|-damage|p2a: Mudsdale|32/100
|-damage|p1b: Kingambit|63/100|[from] item: Life Orb
|move|p2a: Mudsdale|Earthquake|p1a: Lycanroc|[spread] p1a,p1b
|-immune|p2b: Chimecho|[from] ability: Levitate
|-supereffective|p1a: Lycanroc|1
|-supereffective|p1b: Kingambit|1
|-damage|p1a: Lycanroc|0 fnt
|-damage|p1b: Kingambit|0 fnt
|faint|p1a: Lycanroc
|faint|p1b: Kingambit
|-damage|p2a: Mudsdale|23/100|[from] item: Life Orb
|
|upkeep
|-message|Yusuf3000 forfeited.
|
|win|KingK0opa
|l|☆Yusuf3000
|player|p1|
||Yusuf3000 is ready for game 2.
||KingK0opa is ready for game 2.
|uhtml|next|Next: Game 2 of 3
