|j|☆new mental
|j|☆vilan333
|html|new mentalvilan333    
|uhtml|bestof|Game 3 of a best-of-3
|t:|1786041123
|gametype|doubles
|player|p1|new mental|volkner|1298
|player|p2|vilan333|marshal|1306
|gen|9
|tier|[Gen 9 Champions] VGC 2026 Reg M-B (Bo3)
|rated|
|rule|Species Clause: Limit one of each Pokémon
|rule|Item Clause: Limit 1 of each item
|clearpoke
|poke|p1|Charizard, L50, F|
|poke|p1|Garchomp, L50, F|
|poke|p1|Incineroar, L50, M|
|poke|p1|Venusaur, L50, F|
|poke|p1|Toxapex, L50, F|
|poke|p1|Sylveon, L50, F|
|poke|p2|Tyranitar, L50, M, shiny|
|poke|p2|Excadrill, L50, F|
|poke|p2|Floette-Eternal, L50, F|
|poke|p2|Whimsicott, L50, M|
|poke|p2|Incineroar, L50, M|
|poke|p2|Sinistcha, L50|
|teampreview|4
|showteam|p1|Charizard||CharizarditeY|Blaze|WeatherBall,HeatWave,AncientPower,Protect|Modest||F|||50|]Garchomp||ChoiceScarf|RoughSkin|RockSlide,DragonClaw,Earthquake,StompingTantrum|Adamant||F|||50|]Incineroar||SitrusBerry|Intimidate|FlareBlitz,FakeOut,DarkestLariat,PartingShot|Impish||M|||50|]Venusaur||LifeOrb|Chlorophyll|SludgeBomb,LeafStorm,EarthPower,Protect|Modest||F|||50|]Toxapex||Leftovers|Regenerator|Infestation,Toxic,WideGuard,BanefulBunker|Bold||F|||50|]Sylveon||FairyFeather|Pixilate|HyperVoice,QuickAttack,Yawn,Detect|Modest||F|||50|
|showteam|p2|Tyranitar||FocusSash|SandStream|Protect,RockSlide,KnockOff,LowKick|Adamant||M|||50|]Excadrill||LifeOrb|SandRush|RockSlide,Protect,IronHead,Earthquake|Adamant||F|||50|]Floette-Eternal||Floettite|FlowerVeil|Protect,Moonblast,DazzlingGleam,CalmMind|Modest||F|||50|]Whimsicott||OccaBerry|Prankster|Moonblast,Encore,Tailwind,Protect|Calm||M|||50|]Incineroar||SitrusBerry|Intimidate|PartingShot,FakeOut,FlareBlitz,HelpingHand|Adamant||M|||50|]Sinistcha||Leftovers|Hospitality|ShadowBall,RagePowder,TrickRoom,Protect|Calm|||||50|
|inactive|Battle timer is ON: inactive players will automatically lose when time's up. (requested by new mental)
|
|t:|1786041166
|teamsize|p1|4
|teamsize|p2|4
|start
|switch|p1a: Charizard|Charizard, L50, F|100/100
|switch|p1b: Toxapex|Toxapex, L50, F|100/100
|switch|p2a: Floette|Floette-Eternal, L50, F|100/100
|switch|p2b: Incineroar|Incineroar, L50, M|100/100
|-ability|p2b: Incineroar|Intimidate|boost
|-unboost|p1a: Charizard|atk|1
|-unboost|p1b: Toxapex|atk|1
|turn|1
|
|t:|1786041182
|detailschange|p1a: Charizard|Charizard-Mega-Y, L50, F
|-mega|p1a: Charizard|Charizard|Charizardite Y
|-weather|SunnyDay|[from] ability: Drought|[of] p1a: Charizard
|detailschange|p2a: Floette|Floette-Mega, L50, F
|-mega|p2a: Floette|Floette|Floettite
|-ability|p2a: Floette|Fairy Aura
|move|p2b: Incineroar|Fake Out|p1a: Charizard
|-damage|p1a: Charizard|86/100
|move|p2a: Floette|Calm Mind|p2a: Floette
|-boost|p2a: Floette|spa|1
|-boost|p2a: Floette|spd|1
|cant|p1a: Charizard|flinch
|move|p1b: Toxapex|Toxic|p2a: Floette
|-status|p2a: Floette|tox
|
|-weather|SunnyDay|[upkeep]
|-damage|p2a: Floette|94/100 tox|[from] psn
|upkeep
|turn|2
|
|t:|1786041203
|switch|p2b: Tyranitar|Tyranitar, L50, M, shiny|100/100
|-weather|Sandstorm|[from] ability: Sand Stream|[of] p2b: Tyranitar
|move|p1a: Charizard|Protect|p1a: Charizard
|-singleturn|p1a: Charizard|Protect
|move|p1b: Toxapex|Baneful Bunker|p1b: Toxapex
|-singleturn|p1b: Toxapex|move: Protect
|move|p2a: Floette|Moonblast|p1a: Charizard
|-activate|p1a: Charizard|move: Protect
|
|-weather|Sandstorm|[upkeep]
|-damage|p2a: Floette|88/100 tox|[from] Sandstorm
|-damage|p1a: Charizard|80/100|[from] Sandstorm
|-damage|p1b: Toxapex|94/100|[from] Sandstorm
|-heal|p1b: Toxapex|100/100|[from] item: Leftovers
|-damage|p2a: Floette|77/100 tox|[from] psn
|upkeep
|turn|3
|
|t:|1786041224
|switch|p1a: Incineroar|Incineroar, L50, M|100/100
|-ability|p1a: Incineroar|Intimidate|boost
|-unboost|p2a: Floette|atk|1
|-unboost|p2b: Tyranitar|atk|1
|move|p2a: Floette|Moonblast|p1a: Incineroar
|-damage|p1a: Incineroar|0 fnt
|faint|p1a: Incineroar
|move|p2b: Tyranitar|Rock Slide|p1b: Toxapex
|-damage|p1b: Toxapex|78/100
|move|p1b: Toxapex|Toxic|p2b: Tyranitar
|-status|p2b: Tyranitar|tox
|
|-weather|Sandstorm|[upkeep]
|-damage|p2a: Floette|71/100 tox|[from] Sandstorm
|-damage|p1b: Toxapex|73/100|[from] Sandstorm
|-heal|p1b: Toxapex|78/100|[from] item: Leftovers
|-damage|p2a: Floette|54/100 tox|[from] psn
|-damage|p2b: Tyranitar|94/100 tox|[from] psn
|upkeep
|
|t:|1786041230
|switch|p1a: Charizard|Charizard-Mega-Y, L50, F|80/100
|-weather|SunnyDay|[from] ability: Drought|[of] p1a: Charizard
|turn|4
|
|t:|1786041250
|switch|p2b: Incineroar|Incineroar, L50, M|100/100
|-ability|p2b: Incineroar|Intimidate|boost
|-unboost|p1a: Charizard|atk|1
|-unboost|p1b: Toxapex|atk|1
|move|p1a: Charizard|Protect|p1a: Charizard
|-singleturn|p1a: Charizard|Protect
|move|p2a: Floette|Moonblast|p1a: Charizard
|-activate|p1a: Charizard|move: Protect
|move|p1b: Toxapex|Infestation|p2b: Incineroar
|-damage|p2b: Incineroar|97/100
|-activate|p2b: Incineroar|move: Infestation|[of] p1b: Toxapex
|
|-weather|SunnyDay|[upkeep]
|-heal|p1b: Toxapex|84/100|[from] item: Leftovers
|-damage|p2a: Floette|31/100 tox|[from] psn
|-damage|p2b: Incineroar|84/100|[from] move: Infestation|[partiallytrapped]
|upkeep
|turn|5
|
|t:|1786041270
|switch|p1a: Venusaur|Venusaur, L50, F|100/100
|move|p2a: Floette|Moonblast|p1a: Venusaur
|-resisted|p1a: Venusaur|1
|-damage|p1a: Venusaur|29/100
|move|p2b: Incineroar|Flare Blitz|p1a: Venusaur
|-supereffective|p1a: Venusaur|1
|-damage|p1a: Venusaur|0 fnt
|faint|p1a: Venusaur
|-damage|p2b: Incineroar|76/100|[from] Recoil
|move|p1b: Toxapex|Toxic|p2b: Incineroar
|-status|p2b: Incineroar|tox
|
|-weather|SunnyDay|[upkeep]
|-heal|p1b: Toxapex|90/100|[from] item: Leftovers
|-damage|p2a: Floette|2/100 tox|[from] psn
|-damage|p2b: Incineroar|70/100 tox|[from] psn
|-damage|p2b: Incineroar|58/100 tox|[from] move: Infestation|[partiallytrapped]
|upkeep
|
|t:|1786041286
|switch|p1a: Charizard|Charizard-Mega-Y, L50, F|80/100
|turn|6
|inactive|new mental has 30 seconds left.
|inactive|new mental has 20 seconds left.
|inactive|new mental has 15 seconds left.
|inactive|new mental has 10 seconds left.
|
|t:|1786041331
|switch|p2a: Tyranitar|Tyranitar, L50, M, shiny|94/100 tox
|-weather|Sandstorm|[from] ability: Sand Stream|[of] p2a: Tyranitar
|move|p1a: Charizard|Protect|p1a: Charizard
|-singleturn|p1a: Charizard|Protect
|move|p2b: Incineroar|Parting Shot|p1a: Charizard
|-activate|p1a: Charizard|move: Protect
|move|p1b: Toxapex|Infestation|p2b: Incineroar
|-damage|p2b: Incineroar|55/100 tox
|
|-weather|Sandstorm|[upkeep]
|-damage|p1a: Charizard|74/100|[from] Sandstorm
|-damage|p2b: Incineroar|49/100 tox|[from] Sandstorm
|-damage|p1b: Toxapex|84/100|[from] Sandstorm
|-enditem|p2b: Incineroar|Sitrus Berry|[eat]
|-heal|p2b: Incineroar|74/100 tox|[from] item: Sitrus Berry
|-heal|p1b: Toxapex|90/100|[from] item: Leftovers
|-damage|p2a: Tyranitar|88/100 tox|[from] psn
|-damage|p2b: Incineroar|62/100 tox|[from] psn
|-damage|p2b: Incineroar|49/100 tox|[from] move: Infestation|[partiallytrapped]
|upkeep
|turn|7
|inactive|vilan333 has 30 seconds left.
|
|t:|1786041356
|move|p1b: Toxapex|Wide Guard|p1b: Toxapex
|-singleturn|p1b: Toxapex|Wide Guard
|move|p1a: Charizard|Ancient Power|p2b: Incineroar
|-supereffective|p2b: Incineroar|1
|-damage|p2b: Incineroar|5/100 tox
|move|p2a: Tyranitar|Knock Off|p1b: Toxapex
|-damage|p1b: Toxapex|55/100
|-enditem|p1b: Toxapex|Leftovers|[from] move: Knock Off|[of] p2a: Tyranitar
|move|p2b: Incineroar|Parting Shot|p1a: Charizard
|-unboost|p1a: Charizard|atk|1
|-unboost|p1a: Charizard|spa|1
|
|t:|1786041369
|switch|p2b: Excadrill|Excadrill, L50, F|100/100|[from] Parting Shot
|
|-weather|Sandstorm|[upkeep]
|-damage|p1a: Charizard|68/100|[from] Sandstorm
|-damage|p1b: Toxapex|49/100|[from] Sandstorm
|-damage|p2a: Tyranitar|77/100 tox|[from] psn
|upkeep
|turn|8
|inactive|vilan333 has 30 seconds left.
|inactive|vilan333 has 20 seconds left.
|inactive|vilan333 has 15 seconds left.
|
|t:|1786041410
|switch|p2b: Incineroar|Incineroar, L50, M|5/100 tox
|-ability|p2b: Incineroar|Intimidate|boost
|-unboost|p1a: Charizard|atk|1
|-unboost|p1b: Toxapex|atk|1
|move|p1b: Toxapex|Wide Guard|p1b: Toxapex
|-singleturn|p1b: Toxapex|Wide Guard
|move|p1a: Charizard|Heat Wave|p2b: Incineroar|[spread] p2a,p2b
|-resisted|p2a: Tyranitar|1
|-resisted|p2b: Incineroar|1
|-damage|p2a: Tyranitar|66/100 tox
|-damage|p2b: Incineroar|0 fnt
|faint|p2b: Incineroar
|move|p2a: Tyranitar|Rock Slide|p1a: Charizard|[spread] 
|-activate|p1a: Charizard|move: Wide Guard
|-activate|p1b: Toxapex|move: Wide Guard
|
|-weather|Sandstorm|[upkeep]
|-damage|p1a: Charizard|62/100|[from] Sandstorm
|-damage|p1b: Toxapex|43/100|[from] Sandstorm
|-damage|p2a: Tyranitar|49/100 tox|[from] psn
|upkeep
|
|t:|1786041429
|switch|p2b: Floette|Floette-Mega, L50, F|2/100 tox
|-ability|p2b: Floette|Fairy Aura
|turn|9
|
|t:|1786041442
|move|p1a: Charizard|Protect|p1a: Charizard
|-singleturn|p1a: Charizard|Protect
|move|p2b: Floette|Moonblast|p1b: Toxapex
|-resisted|p1b: Toxapex|1
|-damage|p1b: Toxapex|15/100
|move|p2a: Tyranitar|Knock Off|p1b: Toxapex
|-damage|p1b: Toxapex|0 fnt
|faint|p1b: Toxapex
|
|-weather|Sandstorm|[upkeep]
|-damage|p2b: Floette|0 fnt|[from] Sandstorm
|-damage|p1a: Charizard|56/100|[from] Sandstorm
|faint|p2b: Floette
|-damage|p2a: Tyranitar|26/100 tox|[from] psn
|upkeep
|
|t:|1786041457
|switch|p2b: Excadrill|Excadrill, L50, F|100/100
|turn|10
|
|t:|1786041461
|move|p2b: Excadrill|Rock Slide|p1a: Charizard
|-supereffective|p1a: Charizard|2
|-damage|p1a: Charizard|0 fnt
|faint|p1a: Charizard
|-damage|p2b: Excadrill|90/100|[from] item: Life Orb
|
|win|vilan333
|raw|new mental's rating: 1298 → 1274(-24 for losing)
|raw|vilan333's rating: 1306 → 1326(+20 for winning)
