|j|☆NotNumber1
|j|☆Eggbro999
|html|NotNumber1Eggbro999    
|uhtml|bestof|Game 2 of a best-of-3
|t:|1785180526
|gametype|doubles
|player|p1|NotNumber1|cynthia|1000
|player|p2|Eggbro999|bianca|1000
|gen|9
|tier|[Gen 9 Champions] VGC 2026 Reg M-B (Bo3)
|rated|
|rule|Species Clause: Limit one of each Pokémon
|rule|Item Clause: Limit 1 of each item
|clearpoke
|poke|p1|Delphox, L50, F|
|poke|p1|Floette-Eternal, L50, F|
|poke|p1|Sneasler, L50, M|
|poke|p1|Incineroar, L50, M|
|poke|p1|Sinistcha, L50|
|poke|p1|Palafin, L50, M|
|poke|p2|Falinks, L50|
|poke|p2|Kangaskhan, L50, F|
|poke|p2|Garchomp, L50, F|
|poke|p2|Scrafty, L50, M|
|poke|p2|Sneasler, L50, M|
|poke|p2|Vivillon-Pokeball, L50, F|
|teampreview|4
|showteam|p1|Delphox||Delphoxite|Blaze|HeatWave,NastyPlot,Psyshock,Protect|Timid||F|||50|]Floette-Eternal||Floettite|FlowerVeil|DrainingKiss,DazzlingGleam,CalmMind,Protect|Bold||F|||50|]Sneasler||FocusSash|PoisonTouch|FakeOut,PoisonJab,CloseCombat,Protect|Jolly||M|||50|]Incineroar||SitrusBerry|Intimidate|FlareBlitz,FakeOut,DarkestLariat,PartingShot|Careful||M|||50|]Sinistcha||KasibBerry|Hospitality|MatchaGotcha,RagePowder,Protect,TrickRoom|Impish|||||50|]Palafin||Leftovers|ZerotoHero|JetPunch,WaveCrash,BulkUp,Protect|Adamant||M|||50|
|showteam|p2|Falinks||Falinksite|Defiant|NoRetreat,RockSlide,BrickBreak,Protect|Adamant|||||50|]Kangaskhan||Metronome|Scrappy|FakeOut,LastResort|Adamant||F|||50|]Garchomp||LifeOrb|RoughSkin|DragonTail,Protect,RockSlide,StompingTantrum|Jolly||F|||50|]Scrafty||Scraftinite|Intimidate|DrainPunch,Protect,IronHead,Crunch|Impish||M|||50|]Sneasler||WhiteHerb|Unburden|CloseCombat,DireClaw,Protect,BrickBreak|Adamant||M|||50|]Vivillon-Pokeball||FocusSash|CompoundEyes|Tailwind,LightScreen,SleepPowder,Substitute|Timid||F|||50|
|inactive|Battle timer is ON: inactive players will automatically lose when time's up. (requested by Eggbro999)
|
|t:|1785180539
|teamsize|p1|4
|teamsize|p2|4
|start
|switch|p1a: Delphox|Delphox, L50, F|100/100
|switch|p1b: Sneasler|Sneasler, L50, M|100/100
|switch|p2a: Scrafty|Scrafty, L50, M|100/100
|switch|p2b: Vivillon|Vivillon-Pokeball, L50, F|100/100
|-ability|p2a: Scrafty|Intimidate|boost
|-unboost|p1a: Delphox|atk|1
|-unboost|p1b: Sneasler|atk|1
|turn|1
|inactive|NotNumber1 has 30 seconds left.
|inactive|Eggbro999 has 30 seconds left.
|inactive|NotNumber1 has 20 seconds left.
|inactive|Eggbro999 has 20 seconds left.
|
|t:|1785180575
|detailschange|p1a: Delphox|Delphox-Mega, L50, F
|-mega|p1a: Delphox|Delphox|Delphoxite
|detailschange|p2a: Scrafty|Scrafty-Mega, L50, M
|-mega|p2a: Scrafty|Scrafty|Scraftinite
|-ability|p2a: Scrafty|Intimidate|boost
|-unboost|p1a: Delphox|atk|1
|-unboost|p1b: Sneasler|atk|1
|move|p1b: Sneasler|Fake Out|p2a: Scrafty
|-damage|p2a: Scrafty|94/100
|move|p1a: Delphox|Heat Wave|p2a: Scrafty|[spread] p2a,p2b
|-supereffective|p2b: Vivillon|1
|-damage|p2a: Scrafty|62/100
|-enditem|p2b: Vivillon|Focus Sash
|-damage|p2b: Vivillon|1/100
|move|p2b: Vivillon|Sleep Powder|p1a: Delphox
|-status|p1a: Delphox|slp|[from] move: Sleep Powder
|cant|p2a: Scrafty|flinch
|
|upkeep
|turn|2
|
|t:|1785180596
|switch|p1a: Incineroar|Incineroar, L50, M|100/100
|-ability|p1a: Incineroar|Intimidate|boost
|-unboost|p2a: Scrafty|atk|1
|-unboost|p2b: Vivillon|atk|1
|move|p1b: Sneasler|Poison Jab|p2b: Vivillon
|-crit|p2b: Vivillon
|-damage|p2b: Vivillon|0 fnt
|faint|p2b: Vivillon
|move|p2a: Scrafty|Crunch|p1a: Incineroar
|-resisted|p1a: Incineroar|1
|-damage|p1a: Incineroar|90/100
|
|upkeep
|
|t:|1785180607
|switch|p2b: Kangaskhan|Kangaskhan, L50, F|100/100
|turn|3
|inactive|NotNumber1 has 30 seconds left.
|inactive|NotNumber1 has 20 seconds left.
|
|t:|1785180642
|switch|p1b: Sinistcha|Sinistcha, L50|100/100
|-heal|p1a: Incineroar|100/100|[from] ability: Hospitality|[of] p1b: Sinistcha
|move|p2b: Kangaskhan|Fake Out|p1a: Incineroar
|-damage|p1a: Incineroar|83/100
|move|p2a: Scrafty|Drain Punch|p1a: Incineroar
|-supereffective|p1a: Incineroar|1
|-damage|p1a: Incineroar|48/100
|-heal|p2a: Scrafty|88/100|[from] drain|[of] p1a: Incineroar
|-enditem|p1a: Incineroar|Sitrus Berry|[eat]
|-heal|p1a: Incineroar|72/100|[from] item: Sitrus Berry
|cant|p1a: Incineroar|flinch
|
|upkeep
|turn|4
|
|t:|1785180662
|move|p1b: Sinistcha|Rage Powder|p1b: Sinistcha
|-singleturn|p1b: Sinistcha|move: Rage Powder
|move|p2b: Kangaskhan|Last Resort|p1b: Sinistcha
|-damage|p1b: Sinistcha|49/100
|move|p2a: Scrafty|Crunch|p1b: Sinistcha
|-supereffective|p1b: Sinistcha|1
|-damage|p1b: Sinistcha|7/100
|move|p1a: Incineroar|Parting Shot|p2b: Kangaskhan
|-unboost|p2b: Kangaskhan|atk|1
|-unboost|p2b: Kangaskhan|spa|1
|
|t:|1785180669
|switch|p1a: Sneasler|Sneasler, L50, M|100/100|[from] Parting Shot
|
|upkeep
|turn|5
|inactive|NotNumber1 has 30 seconds left.
|
|t:|1785180697
|move|p1b: Sinistcha|Rage Powder|p1b: Sinistcha
|-singleturn|p1b: Sinistcha|move: Rage Powder
|move|p1a: Sneasler|Close Combat|p2a: Scrafty
|-supereffective|p2a: Scrafty|1
|-damage|p2a: Scrafty|0 fnt
|-unboost|p1a: Sneasler|def|1
|-unboost|p1a: Sneasler|spd|1
|faint|p2a: Scrafty
|move|p2b: Kangaskhan|Last Resort|p1b: Sinistcha
|-damage|p1b: Sinistcha|0 fnt
|faint|p1b: Sinistcha
|
|upkeep
|
|t:|1785180707
|switch|p1b: Delphox|Delphox-Mega, L50, F|100/100 slp
|switch|p2a: Sneasler|Sneasler, L50, M|100/100
|turn|6
|
|t:|1785180718
|cant|p1b: Delphox|slp
|move|p1a: Sneasler|Close Combat|p2b: Kangaskhan
|-supereffective|p2b: Kangaskhan|1
|-damage|p2b: Kangaskhan|0 fnt
|-unboost|p1a: Sneasler|def|1
|-unboost|p1a: Sneasler|spd|1
|faint|p2b: Kangaskhan
|move|p2a: Sneasler|Dire Claw|p1b: Delphox
|-damage|p1b: Delphox|36/100 slp
|
|upkeep
|turn|7
|
|t:|1785180728
|cant|p1b: Delphox|slp
|move|p1a: Sneasler|Poison Jab|p2a: Sneasler
|-resisted|p2a: Sneasler|1
|-damage|p2a: Sneasler|63/100
|move|p2a: Sneasler|Dire Claw|p1a: Sneasler
|-resisted|p1a: Sneasler|1
|-damage|p1a: Sneasler|22/100
|
|upkeep
|turn|8
|
|t:|1785180735
|-curestatus|p1b: Delphox|slp|[msg]
|move|p1b: Delphox|Psyshock|p2a: Sneasler
|-supereffective|p2a: Sneasler|2
|-damage|p2a: Sneasler|0 fnt
|faint|p2a: Sneasler
|
|win|NotNumber1
|raw|NotNumber1's rating: 1000 → 1040(+40 for winning)
|raw|Eggbro999's rating: 1000 → 1000(+0 for losing)
|l|☆Eggbro999
|player|p2|
