|j|☆Pacoespepe
|j|☆cornettoalbar
|html|Pacoespepecornettoalbar    
|uhtml|bestof|Game 2 of a best-of-3
|t:|1784550725
|gametype|doubles
|player|p1|Pacoespepe|juggler|1103
|player|p2|cornettoalbar|pokekid|1046
|gen|9
|tier|[Gen 9 Champions] VGC 2026 Reg M-B (Bo3)
|rated|
|rule|Species Clause: Limit one of each Pokémon
|rule|Item Clause: Limit 1 of each item
|clearpoke
|poke|p1|Kommo-o, L50, M, shiny|
|poke|p1|Froslass, L50, F|
|poke|p1|Sinistcha-Masterpiece, L50, shiny|
|poke|p1|Talonflame, L50, F|
|poke|p1|Primarina, L50, F|
|poke|p1|Ceruledge, L50, M, shiny|
|poke|p2|Hydreigon, L50, F|
|poke|p2|Garchomp, L50, M|
|poke|p2|Metagross, L50, shiny|
|poke|p2|Charizard, L50, F, shiny|
|poke|p2|Grimmsnarl, L50, M|
|poke|p2|Toxapex, L50, M, shiny|
|teampreview|4
|showteam|p1|Kommo-o||Leftovers|Soundproof|Boomburst,ClangingScales,ClangorousSoul,Protect|Modest||M|||50|]Froslass||Froslassite|CursedBody|AuroraVeil,Blizzard,ShadowBall,Protect|Timid||F|||50|]Sinistcha-Masterpiece||SitrusBerry|Hospitality|MatchaGotcha,PsychUp,RagePowder,StrengthSap|Calm|||||50|]Talonflame||LifeOrb|GaleWings|BraveBird,Tailwind,FlareBlitz,DualWingbeat|Jolly||F|||50|]Primarina||WacanBerry|LiquidVoice|PsychUp,HyperVoice,Moonblast,Protect|Modest||F|||50|]Ceruledge||BigRoot|FlashFire|BitterBlade,ShadowSneak,PsychUp,Protect|Adamant||M|||50|
|showteam|p2|Hydreigon||ChoiceScarf|Levitate|HeatWave,DarkPulse,DracoMeteor,Snarl|Modest||F|||50|]Garchomp||SitrusBerry|RoughSkin|Earthquake,RockSlide,DragonClaw,Protect|Adamant||M|||50|]Metagross||Metagrossite|ClearBody|IronHead,HammerArm,BulletPunch,Protect|Adamant|||||50|]Charizard||CharizarditeY|Blaze|Protect,HeatWave,SolarBeam,WeatherBall|Timid||F|||50|]Grimmsnarl||RoseliBerry|Prankster|FakeOut,FoulPlay,Reflect,PartingShot|Sassy||M|||50|]Toxapex||Leftovers|Regenerator|Infestation,Toxic,BanefulBunker,WideGuard|Bold||M|||50|
|inactive|Battle timer is ON: inactive players will automatically lose when time's up. (requested by cornettoalbar)
|inactive|Pacoespepe has 60 seconds left.
|
|t:|1784550761
|teamsize|p1|4
|teamsize|p2|4
|start
|switch|p1a: Primarina|Primarina, L50, F|100/100
|switch|p1b: Froslass|Froslass, L50, F|100/100
|switch|p2a: Grimmsnarl|Grimmsnarl, L50, M|100/100
|switch|p2b: Toxapex|Toxapex, L50, M, shiny|100/100
|turn|1
|
|t:|1784550781
|detailschange|p1b: Froslass|Froslass-Mega, L50, F
|-mega|p1b: Froslass|Froslass|Froslassite
|-weather|Snowscape|[from] ability: Snow Warning|[of] p1b: Froslass
|move|p2a: Grimmsnarl|Fake Out|p1a: Primarina
|-damage|p1a: Primarina|88/100
|move|p1b: Froslass|Shadow Ball|p2b: Toxapex
|-damage|p2b: Toxapex|66/100
|cant|p1a: Primarina|flinch
|move|p2b: Toxapex|Toxic|p1b: Froslass
|-status|p1b: Froslass|tox
|
|-weather|Snowscape|[upkeep]
|-heal|p2b: Toxapex|72/100|[from] item: Leftovers
|-damage|p1b: Froslass|93/100 tox|[from] psn
|upkeep
|turn|2
|inactive|Pacoespepe has 30 seconds left.
|inactive|cornettoalbar has 30 seconds left.
|
|t:|1784550815
|move|p1b: Froslass|Protect|p1b: Froslass
|-singleturn|p1b: Froslass|Protect
|move|p1a: Primarina|Moonblast|p2a: Grimmsnarl
|-supereffective|p2a: Grimmsnarl|1
|-enditem|p2a: Grimmsnarl|Roseli Berry|[eat]
|-enditem|p2a: Grimmsnarl|Roseli Berry|[weaken]
|-damage|p2a: Grimmsnarl|52/100
|move|p2a: Grimmsnarl|Foul Play|p1b: Froslass
|-activate|p1b: Froslass|move: Protect
|move|p2b: Toxapex|Toxic|p1a: Primarina
|-status|p1a: Primarina|tox
|
|-weather|Snowscape|[upkeep]
|-heal|p2b: Toxapex|78/100|[from] item: Leftovers
|-damage|p1b: Froslass|81/100 tox|[from] psn
|-damage|p1a: Primarina|82/100 tox|[from] psn
|upkeep
|turn|3
|
|t:|1784550837
|switch|p1b: Sinistcha|Sinistcha-Masterpiece, L50, shiny|100/100
|-heal|p1a: Primarina|100/100 tox|[from] ability: Hospitality|[of] p1b: Sinistcha
|move|p2a: Grimmsnarl|Parting Shot|p1b: Sinistcha
|-unboost|p1b: Sinistcha|atk|1
|-unboost|p1b: Sinistcha|spa|1
|
|t:|1784550843
|switch|p2a: Metagross|Metagross, L50, shiny|100/100|[from] Parting Shot
|move|p1a: Primarina|Hyper Voice|p2b: Toxapex|[spread] p2a,p2b
|-crit|p2a: Metagross
|-resisted|p2b: Toxapex|1
|-damage|p2a: Metagross|49/100
|-damage|p2b: Toxapex|63/100
|move|p2b: Toxapex|Infestation|p1a: Primarina
|-resisted|p1a: Primarina|1
|-damage|p1a: Primarina|98/100 tox
|-activate|p1a: Primarina|move: Infestation|[of] p2b: Toxapex
|
|-weather|Snowscape|[upkeep]
|-heal|p2b: Toxapex|69/100|[from] item: Leftovers
|-damage|p1a: Primarina|86/100 tox|[from] psn
|-damage|p1a: Primarina|74/100 tox|[from] move: Infestation|[partiallytrapped]
|upkeep
|turn|4
|inactive|Pacoespepe has 30 seconds left.
|
|t:|1784550878
|switch|p2a: Grimmsnarl|Grimmsnarl, L50, M|52/100
|move|p1b: Sinistcha|Rage Powder|p1b: Sinistcha
|-singleturn|p1b: Sinistcha|move: Rage Powder
|move|p1a: Primarina|Hyper Voice|p2b: Toxapex|[spread] p2a,p2b
|-resisted|p2b: Toxapex|1
|-damage|p2a: Grimmsnarl|20/100y
|-damage|p2b: Toxapex|57/100
|move|p2b: Toxapex|Toxic|p1b: Sinistcha
|-status|p1b: Sinistcha|tox
|
|-weather|Snowscape|[upkeep]
|-heal|p2b: Toxapex|63/100|[from] item: Leftovers
|-damage|p1b: Sinistcha|93/100 tox|[from] psn
|-damage|p1a: Primarina|56/100 tox|[from] psn
|-damage|p1a: Primarina|44/100 tox|[from] move: Infestation|[partiallytrapped]
|upkeep
|turn|5
|inactive|Pacoespepe has 30 seconds left.
|
|t:|1784550912
|move|p2a: Grimmsnarl|Fake Out|p1a: Primarina
|-damage|p1a: Primarina|32/100 tox
|move|p1b: Sinistcha|Matcha Gotcha|p2a: Grimmsnarl|[spread] p2a,p2b
|-damage|p2a: Grimmsnarl|5/100
|-heal|p1b: Sinistcha|100/100 tox|[from] drain|[of] p2a: Grimmsnarl
|-damage|p2b: Toxapex|50/100g
|-status|p2b: Toxapex|brn
|cant|p1a: Primarina|flinch
|move|p2b: Toxapex|Infestation|p1b: Sinistcha
|-crit|p1b: Sinistcha
|-damage|p1b: Sinistcha|95/100 tox
|-activate|p1b: Sinistcha|move: Infestation|[of] p2b: Toxapex
|
|-weather|none
|-heal|p2b: Toxapex|56/100 brn|[from] item: Leftovers
|-damage|p1b: Sinistcha|83/100 tox|[from] psn
|-damage|p1a: Primarina|8/100 tox|[from] psn
|-damage|p2b: Toxapex|50/100g brn|[from] brn
|-damage|p1b: Sinistcha|70/100 tox|[from] move: Infestation|[partiallytrapped]
|-damage|p1a: Primarina|0 fnt|[from] move: Infestation|[partiallytrapped]
|faint|p1a: Primarina
|upkeep
|
|t:|1784550934
|switch|p1a: Froslass|Froslass-Mega, L50, F|81/100 tox
|-weather|Snowscape|[from] ability: Snow Warning|[of] p1a: Froslass
|turn|6
|inactive|cornettoalbar has 30 seconds left.
|
|t:|1784550965
|switch|p1b: Ceruledge|Ceruledge, L50, M, shiny|100/100
|switch|p2a: Metagross|Metagross, L50, shiny|49/100
|move|p2b: Toxapex|Baneful Bunker|p2b: Toxapex
|-singleturn|p2b: Toxapex|move: Protect
|move|p1a: Froslass|Blizzard|p2a: Metagross|[spread] p2a
|-activate|p2b: Toxapex|move: Protect
|-resisted|p2a: Metagross|1
|-damage|p2a: Metagross|28/100
|
|-weather|Snowscape|[upkeep]
|-heal|p2b: Toxapex|56/100 brn|[from] item: Leftovers
|-damage|p1a: Froslass|75/100 tox|[from] psn
|-damage|p2b: Toxapex|50/100g brn|[from] brn
|upkeep
|turn|7
|inactive|Pacoespepe has 30 seconds left.
|
|t:|1784550998
|move|p1a: Froslass|Protect|p1a: Froslass
|-singleturn|p1a: Froslass|Protect
|move|p2a: Metagross|Protect|p2a: Metagross
|-singleturn|p2a: Metagross|Protect
|move|p1b: Ceruledge|Bitter Blade|p2a: Metagross
|-activate|p2a: Metagross|move: Protect
|move|p2b: Toxapex|Toxic|p1b: Ceruledge
|-status|p1b: Ceruledge|tox
|
|-weather|Snowscape|[upkeep]
|-heal|p2b: Toxapex|56/100 brn|[from] item: Leftovers
|-damage|p1a: Froslass|63/100 tox|[from] psn
|-damage|p1b: Ceruledge|93/100 tox|[from] psn
|-damage|p2b: Toxapex|50/100g brn|[from] brn
|upkeep
|turn|8
|inactive|Pacoespepe has 30 seconds left.
|
|t:|1784551024
|detailschange|p2a: Metagross|Metagross-Mega, L50, shiny
|-mega|p2a: Metagross|Metagross|Metagrossite
|move|p2a: Metagross|Bullet Punch|p1a: Froslass
|-supereffective|p1a: Froslass|1
|-damage|p1a: Froslass|0 fnt
|faint|p1a: Froslass
|move|p1b: Ceruledge|Shadow Sneak|p2a: Metagross
|-supereffective|p2a: Metagross|1
|-damage|p2a: Metagross|0 fnt
|faint|p2a: Metagross
|move|p2b: Toxapex|Infestation|p1b: Ceruledge
|-resisted|p1b: Ceruledge|2
|-damage|p1b: Ceruledge|93/100 tox
|-activate|p1b: Ceruledge|move: Infestation|[of] p2b: Toxapex
|
|-weather|Snowscape|[upkeep]
|-heal|p2b: Toxapex|56/100 brn|[from] item: Leftovers
|-damage|p1b: Ceruledge|81/100 tox|[from] psn
|-damage|p2b: Toxapex|50/100g brn|[from] brn
|-damage|p1b: Ceruledge|68/100 tox|[from] move: Infestation|[partiallytrapped]
|upkeep
|
|t:|1784551044
|switch|p1a: Sinistcha|Sinistcha-Masterpiece, L50, shiny|70/100 tox
|switch|p2a: Hydreigon|Hydreigon, L50, F|100/100
|-heal|p1b: Ceruledge|93/100 tox|[from] ability: Hospitality|[of] p1a: Sinistcha
|turn|9
|
|t:|1784551058
|move|p2a: Hydreigon|Snarl|p1b: Ceruledge|[spread] p1a,p1b
|-supereffective|p1a: Sinistcha|1
|-supereffective|p1b: Ceruledge|1
|-damage|p1a: Sinistcha|35/100 tox
|-damage|p1b: Ceruledge|50/100g tox
|-unboost|p1a: Sinistcha|spa|1
|-unboost|p1b: Ceruledge|spa|1
|-enditem|p1a: Sinistcha|Sitrus Berry|[eat]
|-heal|p1a: Sinistcha|60/100 tox|[from] item: Sitrus Berry
|move|p1b: Ceruledge|Bitter Blade|p2a: Hydreigon
|-resisted|p2a: Hydreigon|1
|-damage|p2a: Hydreigon|76/100
|-heal|p1b: Ceruledge|65/100 tox|[from] drain|[of] p2a: Hydreigon
|move|p1a: Sinistcha|Matcha Gotcha|p2a: Hydreigon|[spread] p2a,p2b
|-resisted|p2a: Hydreigon|1
|-damage|p2a: Hydreigon|66/100
|-heal|p1a: Sinistcha|65/100 tox|[from] drain|[of] p2a: Hydreigon
|-damage|p2b: Toxapex|38/100 brn
|-heal|p1a: Sinistcha|70/100 tox|[from] drain|[of] p2b: Toxapex
|move|p2b: Toxapex|Infestation|p1a: Sinistcha
|-damage|p1a: Sinistcha|67/100 tox
|-activate|p1a: Sinistcha|move: Infestation|[of] p2b: Toxapex
|
|-weather|Snowscape|[upkeep]
|-heal|p2b: Toxapex|44/100 brn|[from] item: Leftovers
|-damage|p1b: Ceruledge|47/100 tox|[from] psn
|-damage|p1a: Sinistcha|61/100 tox|[from] psn
|-damage|p2b: Toxapex|38/100 brn|[from] brn
|-damage|p1b: Ceruledge|35/100 tox|[from] move: Infestation|[partiallytrapped]
|-damage|p1a: Sinistcha|49/100 tox|[from] move: Infestation|[partiallytrapped]
|upkeep
|turn|10
|inactive|Pacoespepe has 30 seconds left.
|
|t:|1784551091
|move|p2b: Toxapex|Wide Guard|p2b: Toxapex
|-singleturn|p2b: Toxapex|Wide Guard
|move|p2a: Hydreigon|Snarl|p1b: Ceruledge|[spread] p1a,p1b
|-supereffective|p1a: Sinistcha|1
|-supereffective|p1b: Ceruledge|1
|-damage|p1a: Sinistcha|11/100 tox
|-damage|p1b: Ceruledge|0 fnt
|-unboost|p1a: Sinistcha|spa|1
|faint|p1b: Ceruledge
|move|p1a: Sinistcha|Matcha Gotcha|p2b: Toxapex|[spread] 
|-activate|p2a: Hydreigon|move: Wide Guard
|-activate|p2b: Toxapex|move: Wide Guard
|
|-weather|none
|-heal|p2b: Toxapex|44/100 brn|[from] item: Leftovers
|-damage|p1a: Sinistcha|0 fnt|[from] psn
|faint|p1a: Sinistcha
|
|win|cornettoalbar
|inactive|Pacoespepe has 30 seconds to confirm battle start!
|inactive|cornettoalbar has 30 seconds to confirm battle start!
||cornettoalbar is ready for game 3.
|inactive|Pacoespepe has 20 seconds to confirm battle start!
||Pacoespepe is ready for game 3.
|uhtml|next|Next: Game 3 of 3
|l|☆Pacoespepe
|player|p1|
