|j|☆new mental
|j|☆jasonbeak
|html|new mentaljasonbeak    
|uhtml|bestof|Game 1 of a best-of-3
|t:|1785058205
|gametype|doubles
|player|p1|new mental|volkner|1300
|player|p2|jasonbeak|2|1369
|gen|9
|tier|[Gen 9 Champions] VGC 2026 Reg M-B (Bo3)
|rated|
|rule|Species Clause: Limit one of each Pokémon
|rule|Item Clause: Limit 1 of each item
|clearpoke
|poke|p1|Charizard, L50, M|
|poke|p1|Garchomp, L50, F|
|poke|p1|Incineroar, L50, F|
|poke|p1|Venusaur, L50, M|
|poke|p1|Toxapex, L50, F|
|poke|p1|Sylveon, L50, F|
|poke|p2|Kingambit, L50, M|
|poke|p2|Sneasler, L50, M|
|poke|p2|Basculegion, L50, M|
|poke|p2|Scovillain, L50, F|
|poke|p2|Lycanroc-Dusk, L50, F|
|poke|p2|Froslass, L50, F|
|teampreview|4
|showteam|p1|Charizard||CharizarditeY|SolarPower|WeatherBall,HeatWave,AncientPower,Protect|Modest||M|||50|]Garchomp||ChoiceScarf|RoughSkin|RockSlide,DragonClaw,Earthquake,StompingTantrum|Adamant||F|||50|]Incineroar||SitrusBerry|Intimidate|FlareBlitz,FakeOut,DarkestLariat,PartingShot|Impish||F|||50|]Venusaur||LifeOrb|Chlorophyll|SludgeBomb,LeafStorm,EarthPower,Protect|Modest||M|||50|]Toxapex||Leftovers|Regenerator|Infestation,Toxic,WideGuard,BanefulBunker|Bold||F|||50|]Sylveon||FairyFeather|Pixilate|HyperVoice,QuickAttack,Yawn,Detect|Modest||F|||50|
|showteam|p2|Kingambit||BlackGlasses|Defiant|Protect,KowtowCleave,SuckerPunch,SwordsDance|Adamant||M|||50|]Sneasler||WhiteHerb|Unburden|Protect,CloseCombat,FakeOut,GunkShot|Adamant||M|||50|]Basculegion||LifeOrb|Adaptability|Protect,WaveCrash,LastRespects,AquaJet|Jolly||M|||50|]Scovillain||Scovillainite|Moody|Protect,Overheat,GigaDrain,RagePowder|Bold||F|||50|]Lycanroc-Dusk||FocusSash|ToughClaws|Protect,RockSlide,Accelerock,CloseCombat|Adamant||F|||50|]Froslass||Froslassite|CursedBody|Protect,Blizzard,ShadowBall,Taunt|Timid||F|||50|
|
|t:|1785058277
|teamsize|p1|4
|teamsize|p2|4
|start
|switch|p1a: Toxapex|Toxapex, L50, F|100/100
|switch|p1b: Garchomp|Garchomp, L50, F|100/100
|switch|p2a: Froslass|Froslass, L50, F|100/100
|switch|p2b: Lycanroc|Lycanroc-Dusk, L50, F|100/100
|turn|1
|
|t:|1785058310
|switch|p1b: Incineroar|Incineroar, L50, F|100/100
|-ability|p1b: Incineroar|Intimidate|boost
|-unboost|p2a: Froslass|atk|1
|-unboost|p2b: Lycanroc|atk|1
|switch|p2b: Basculegion|Basculegion, L50, M|100/100
|detailschange|p2a: Froslass|Froslass-Mega, L50, F
|-mega|p2a: Froslass|Froslass|Froslassite
|-weather|Snowscape|[from] ability: Snow Warning|[of] p2a: Froslass
|move|p2a: Froslass|Taunt|p1a: Toxapex
|-start|p1a: Toxapex|move: Taunt
|move|p1a: Toxapex|Infestation|p2b: Basculegion
|-resisted|p2b: Basculegion|1
|-damage|p2b: Basculegion|98/100
|-activate|p2b: Basculegion|move: Infestation|[of] p1a: Toxapex
|
|-weather|Snowscape|[upkeep]
|-damage|p2b: Basculegion|86/100|[from] move: Infestation|[partiallytrapped]
|upkeep
|turn|2
|inactive|Battle timer is ON: inactive players will automatically lose when time's up. (requested by new mental)
|inactive|new mental has 60 seconds left.
|
|t:|1785058347
|switch|p1b: Garchomp|Garchomp, L50, F|100/100
|move|p2a: Froslass|Shadow Ball|p1a: Toxapex
|-damage|p1a: Toxapex|71/100
|move|p2b: Basculegion|Wave Crash|p1b: Garchomp
|-damage|p1b: Garchomp|7/100
|-damage|p2b: Basculegion|74/100|[from] ability: Rough Skin|[of] p1b: Garchomp
|-damage|p2b: Basculegion|45/100|[from] Recoil
|-damage|p2b: Basculegion|36/100|[from] item: Life Orb
|move|p1a: Toxapex|Infestation|p2a: Froslass
|-resisted|p2a: Froslass|1
|-crit|p2a: Froslass
|-damage|p2a: Froslass|97/100
|-activate|p2a: Froslass|move: Infestation|[of] p1a: Toxapex
|
|-weather|Snowscape|[upkeep]
|-heal|p1a: Toxapex|77/100|[from] item: Leftovers
|-damage|p2a: Froslass|85/100|[from] move: Infestation|[partiallytrapped]
|-damage|p2b: Basculegion|23/100|[from] move: Infestation|[partiallytrapped]
|upkeep
|turn|3
|inactive|new mental has 30 seconds left.
|inactive|jasonbeak has 30 seconds left.
|inactive|new mental has 20 seconds left.
|inactive|jasonbeak has 20 seconds left.
|inactive|new mental has 15 seconds left.
|inactive|jasonbeak has 15 seconds left.
|inactive|new mental has 10 seconds left.
|inactive|jasonbeak has 10 seconds left.
|inactive|new mental has 5 seconds left.
|inactive|jasonbeak has 5 seconds left.
|
|t:|1785058400
|switch|p2a: Kingambit|Kingambit, L50, M|100/100
|-heal|p1a: Toxapex|100/100|[from] ability: Regenerator|[silent]
|switch|p1a: Incineroar|Incineroar, L50, F|100/100
|-ability|p1a: Incineroar|Intimidate|boost
|-unboost|p2a: Kingambit|atk|1
|-ability|p2a: Kingambit|Defiant|boost
|-boost|p2a: Kingambit|atk|2
|-unboost|p2b: Basculegion|atk|1
|move|p2b: Basculegion|Aqua Jet|p1b: Garchomp
|-damage|p1b: Garchomp|0 fnt
|-damage|p2b: Basculegion|11/100|[from] ability: Rough Skin|[of] p1b: Garchomp
|faint|p1b: Garchomp
|-damage|p2b: Basculegion|2/100|[from] item: Life Orb
|
|-weather|Snowscape|[upkeep]
|-end|p2b: Basculegion|Infestation|[partiallytrapped]|[silent]
|upkeep
|
|t:|1785058408
|switch|p1b: Toxapex|Toxapex, L50, F|100/100
|turn|4
|
|t:|1785058427
|move|p1a: Incineroar|Fake Out|p2a: Kingambit
|-resisted|p2a: Kingambit|1
|-damage|p2a: Kingambit|96/100
|move|p2b: Basculegion|Wave Crash|p1a: Incineroar
|-supereffective|p1a: Incineroar|1
|-damage|p1a: Incineroar|4/100
|-enditem|p1a: Incineroar|Sitrus Berry|[eat]
|-heal|p1a: Incineroar|29/100|[from] item: Sitrus Berry
|-damage|p2b: Basculegion|0 fnt|[from] Recoil
|faint|p2b: Basculegion
|cant|p2a: Kingambit|flinch
|move|p1b: Toxapex|Infestation|p2a: Kingambit
|-damage|p2a: Kingambit|93/100
|-activate|p2a: Kingambit|move: Infestation|[of] p1b: Toxapex
|
|-weather|Snowscape|[upkeep]
|-damage|p2a: Kingambit|81/100|[from] move: Infestation|[partiallytrapped]
|upkeep
|
|t:|1785058447
|switch|p2b: Lycanroc|Lycanroc-Dusk, L50, F|100/100
|turn|5
|
|t:|1785058458
|move|p2b: Lycanroc|Accelerock|p1a: Incineroar
|-supereffective|p1a: Incineroar|1
|-damage|p1a: Incineroar|0 fnt
|faint|p1a: Incineroar
|move|p2a: Kingambit|Swords Dance|p2a: Kingambit
|-boost|p2a: Kingambit|atk|2
|move|p1b: Toxapex|Toxic|p2b: Lycanroc
|-status|p2b: Lycanroc|tox
|
|-weather|none
|-damage|p2b: Lycanroc|94/100 tox|[from] psn
|-damage|p2a: Kingambit|69/100|[from] move: Infestation|[partiallytrapped]
|upkeep
|
|t:|1785058461
|switch|p1a: Charizard|Charizard, L50, M|100/100
|turn|6
|
|t:|1785058478
|move|p1a: Charizard|Protect|p1a: Charizard
|-singleturn|p1a: Charizard|Protect
|move|p2b: Lycanroc|Accelerock|p1a: Charizard
|-activate|p1a: Charizard|move: Protect
|move|p2a: Kingambit|Kowtow Cleave|p1b: Toxapex
|-damage|p1b: Toxapex|0 fnt
|faint|p1b: Toxapex
|
|-damage|p2b: Lycanroc|82/100 tox|[from] psn
|-end|p2a: Kingambit|Infestation|[partiallytrapped]|[silent]
|upkeep
|turn|7
|-message|new mental forfeited.
|
|win|jasonbeak
