|j|☆hatsune p2
|j|☆dreepy_volador1
|html|hatsune p2dreepy_volador1    
|uhtml|bestof|Game 3 of a best-of-3
|t:|1756878774
|gametype|doubles
|player|p1|hatsune p2|miku-fairy|1212
|player|p2|dreepy_volador1|101|1280
|gen|9
|tier|[Gen 9] VGC 2025 Reg H (Bo3)
|rated|
|rule|Species Clause: Limit one of each Pokémon
|rule|Item Clause: Limit 1 of each item
|clearpoke
|poke|p1|Pelipper, L50, M|
|poke|p1|Archaludon, L50, M|
|poke|p1|Basculegion, L50, M|
|poke|p1|Incineroar, L50, F|
|poke|p1|Amoonguss, L50, M|
|poke|p1|Maushold, L50|
|poke|p2|Whimsicott, L50, M|
|poke|p2|Sneasler, L50, M|
|poke|p2|Indeedee, L50, M|
|poke|p2|Annihilape, L50, F|
|poke|p2|Primarina, L50, M|
|poke|p2|Dragapult, L50, M|
|teampreview|4
|showteam|p1|Pelipper||FocusSash|Drizzle|WeatherBall,Hurricane,Tailwind,WideGuard|||M|||50|,,,,,Ghost]Archaludon||AssaultVest|Stamina|BodyPress,FlashCannon,ElectroShot,DragonPulse|||M|||50|,,,,,Fairy]Basculegion||ChoiceScarf|Adaptability|LastRespects,WaveCrash,FlipTurn,AquaJet|||M|||50|,,,,,Grass]Incineroar||SafetyGoggles|Intimidate|FakeOut,FlareBlitz,KnockOff,PartingShot|||F|||50|,,,,,Ghost]Amoonguss||CovertCloak|Regenerator|RagePowder,Spore,PollenPuff,LeafStorm|||M|||50|,,,,,Water]Maushold||WideLens|FriendGuard|PopulationBomb,FollowMe,Taunt,Protect||||||50|,,,,,Ghost
|showteam|p2|Whimsicott||CovertCloak|Prankster|Tailwind,Taunt,Moonblast,BeatUp|||M|||50|,,,,,Fire]Sneasler||PsychicSeed|Unburden|DireClaw,CloseCombat,ThroatChop,Protect|||M|||50|,,,,,Dark]Indeedee||FocusSash|PsychicSurge|ExpandingForce,HelpingHand,Imprison,TrickRoom|||M|||50|,,,,,Psychic]Annihilape||SafetyGoggles|Defiant|RageFist,DrainPunch,BulkUp,Protect|||F|||50|,,,,,Fire]Primarina||LifeOrb|LiquidVoice|HyperVoice,Moonblast,Haze,Protect|||M|||50|,,,,,Poison]Dragapult||ChoiceBand|ClearBody|DragonDarts,Uturn,PhantomForce,Outrage|||M|||50|,,,,,Dragon
|inactive|Battle timer is ON: inactive players will automatically lose when time's up. (requested by dreepy_volador1)
|
|t:|1756878796
|teamsize|p1|4
|teamsize|p2|4
|start
|switch|p1a: Incineroar|Incineroar, L50, F|100/100
|switch|p1b: Maushold|Maushold, L50|100/100
|switch|p2a: PitufoMoreno|Whimsicott, L50, M, shiny|100/100
|switch|p2b: Monkeyded|Annihilape, L50, F|100/100
|-ability|p1a: Incineroar|Intimidate|boost
|-unboost|p2a: PitufoMoreno|atk|1
|-unboost|p2b: Monkeyded|atk|1
|-ability|p2b: Monkeyded|Defiant|boost
|-boost|p2b: Monkeyded|atk|2
|turn|1
|inactive|hatsune p2 has 30 seconds left.
|inactive|dreepy_volador1 has 30 seconds left.
|inactive|dreepy_volador1 has 20 seconds left.
|
|t:|1756878835
|switch|p1b: Basculegion|Basculegion, L50, M|100/100
|move|p2a: PitufoMoreno|Tailwind|p2a: PitufoMoreno
|-sidestart|p2: dreepy_volador1|move: Tailwind
|move|p2b: Monkeyded|Bulk Up|p2b: Monkeyded
|-boost|p2b: Monkeyded|atk|1
|-boost|p2b: Monkeyded|def|1
|move|p1a: Incineroar|Flare Blitz|p2a: PitufoMoreno
|-supereffective|p2a: PitufoMoreno
|-damage|p2a: PitufoMoreno|0 fnt
|faint|p2a: PitufoMoreno
|-damage|p1a: Incineroar|76/100|[from] Recoil
|
|upkeep
|
|t:|1756878849
|switch|p2a: Sleeper|Sneasler, L50, M|100/100
|turn|2
|inactive|hatsune p2 has 30 seconds left.
|
|t:|1756878881
|switch|p1b: Maushold|Maushold, L50|100/100
|move|p2a: Sleeper|Throat Chop|p1b: Maushold
|-damage|p1b: Maushold|51/100
|-start|p1b: Maushold|Throat Chop|[silent]
|move|p2b: Monkeyded|Rage Fist|p1b: Maushold
|-immune|p1b: Maushold
|move|p1a: Incineroar|Flare Blitz|p2a: Sleeper
|-damage|p2a: Sleeper|17/100
|-damage|p1a: Incineroar|55/100|[from] Recoil
|
|upkeep
|turn|3
|
|t:|1756878895
|move|p2a: Sleeper|Protect|p2a: Sleeper
|-singleturn|p2a: Sleeper|Protect
|move|p1b: Maushold|Protect|p1b: Maushold
|-singleturn|p1b: Maushold|Protect
|move|p2b: Monkeyded|Bulk Up|p2b: Monkeyded
|-boost|p2b: Monkeyded|atk|1
|-boost|p2b: Monkeyded|def|1
|move|p1a: Incineroar|Knock Off|p2a: Sleeper
|-activate|p2a: Sleeper|move: Protect
|
|-end|p1b: Maushold|Throat Chop|[silent]
|upkeep
|turn|4
|inactive|dreepy_volador1 has 30 seconds left.
|inactive|hatsune p2 has 30 seconds left.
|
|t:|1756878928
|switch|p1b: Amoonguss|Amoonguss, L50, M|100/100
|-terastallize|p1a: Incineroar|Ghost
|move|p2a: Sleeper|Throat Chop|p1b: Amoonguss
|-crit|p1b: Amoonguss
|-damage|p1b: Amoonguss|62/100
|move|p2b: Monkeyded|Drain Punch|p1a: Incineroar
|-immune|p1a: Incineroar
|move|p1a: Incineroar|Knock Off|p2b: Monkeyded
|-damage|p2b: Monkeyded|82/100
|-enditem|p2b: Monkeyded|Safety Goggles|[from] move: Knock Off|[of] p1a: Incineroar
|
|-sideend|p2: dreepy_volador1|move: Tailwind
|upkeep
|turn|5
|inactive|hatsune p2 has 30 seconds left.
|
|t:|1756878954
|switch|p1b: Maushold|Maushold, L50|51/100
|move|p2a: Sleeper|Dire Claw|p1b: Maushold
|-damage|p1b: Maushold|0 fnt
|faint|p1b: Maushold
|move|p2b: Monkeyded|Rage Fist|p1a: Incineroar
|-supereffective|p1a: Incineroar
|-damage|p1a: Incineroar|0 fnt
|faint|p1a: Incineroar
|
|upkeep
|
|t:|1756878959
|switch|p1b: Basculegion|Basculegion, L50, M|100/100
|switch|p1a: Amoonguss|Amoonguss, L50, M|95/100
|turn|6
|
|t:|1756878982
|move|p1a: Amoonguss|Rage Powder|p1a: Amoonguss
|-singleturn|p1a: Amoonguss|move: Rage Powder
|move|p1b: Basculegion|Last Respects|p2a: Sleeper
|-damage|p2a: Sleeper|0 fnt
|faint|p2a: Sleeper
|move|p2b: Monkeyded|Rage Fist|p1a: Amoonguss
|-damage|p1a: Amoonguss|8/100
|
|upkeep
|
|t:|1756878991
|switch|p2a: V4ginator|Indeedee, L50, M|100/100
|-fieldstart|move: Psychic Terrain|[from] ability: Psychic Surge|[of] p2a: V4ginator
|turn|7
|-message|hatsune p2 forfeited.
|
|win|dreepy_volador1
|raw|hatsune p2's rating: 1212 → 1192(-20 for losing)
|raw|dreepy_volador1's rating: 1280 → 1300(+20 for winning)
|l|☆hatsune p2
|player|p1|
|c|☆dreepy_volador1|Gg
