|j|☆Sukzre
|j|☆tmjp01
|html|Sukzretmjp01    
|uhtml|bestof|Game 1 of a best-of-3
|t:|1782254026
|gametype|doubles
|player|p1|Sukzre|266|1138
|player|p2|tmjp01|102|1196
|gen|9
|tier|[Gen 9 Champions] VGC 2026 Reg M-B (Bo3)
|rated|
|rule|Species Clause: Limit one of each Pokémon
|rule|Item Clause: Limit 1 of each item
|clearpoke
|poke|p1|Tyranitar, L50, F|
|poke|p1|Sinistcha, L50|
|poke|p1|Rotom-Wash, L50|
|poke|p1|Excadrill, L50, F|
|poke|p1|Sneasler, L50, F|
|poke|p1|Clefable, L50, F|
|poke|p2|Corviknight, L50, F|
|poke|p2|Tyranitar, L50, F|
|poke|p2|Hydreigon, L50, M|
|poke|p2|Froslass, L50, F|
|poke|p2|Garchomp, L50, F|
|poke|p2|Arcanine-Hisui, L50, M|
|teampreview|4
|showteam|p1|Tyranitar||Tyranitarite|SandStream|RockSlide,KnockOff,Protect,DragonDance|Adamant||F|||50|]Sinistcha||ColburBerry|Hospitality|TrickRoom,MatchaGotcha,Protect,RagePowder|Bold|||||50|]Rotom-Wash||SitrusBerry|Levitate|WillOWisp,Thunderbolt,Protect,HydroPump|Bold|||||50|]Excadrill||LifeOrb|SandRush|Earthquake,Protect,IronHead,RockSlide|Adamant||F|||50|]Sneasler||WhiteHerb|Unburden|DireClaw,Coaching,CloseCombat,FakeOut|Jolly||F|||50|]Clefable||Leftovers|Unaware|Protect,AlluringVoice,FollowMe,Moonlight|Bold||F|||50|
|showteam|p2|Corviknight||OccaBerry|MirrorArmor|BraveBird,Protect,IronHead,Tailwind|Adamant||F|||50|]Tyranitar||Tyranitarite|SandStream|Protect,KnockOff,RockSlide,DragonDance|Adamant||F|||50|]Hydreigon||ChoiceScarf|Levitate|DarkPulse,DracoMeteor,EarthPower,ZenHeadbutt|Timid||M|||50|]Froslass||Froslassite|SnowCloak|Blizzard,Protect,ShadowBall,WeatherBall|Timid||F|||50|]Garchomp||LifeOrb|RoughSkin|Protect,DragonClaw,RockSlide,Earthquake|Jolly||F|||50|]Arcanine-Hisui||FocusSash|RockHead|Protect,HeadSmash,ExtremeSpeed,FlareBlitz|Adamant||M|||50|
|
|t:|1782254094
|teamsize|p1|4
|teamsize|p2|4
|start
|switch|p1a: Tyranitar|Tyranitar, L50, F|100/100
|switch|p1b: Excadrill|Excadrill, L50, F|100/100
|switch|p2a: Corviknight|Corviknight, L50, F|100/100
|switch|p2b: Arcanine|Arcanine-Hisui, L50, M|100/100
|-weather|Sandstorm|[from] ability: Sand Stream|[of] p1a: Tyranitar
|turn|1
|
|t:|1782254110
|switch|p1a: Rotom|Rotom-Wash, L50|100/100
|move|p1b: Excadrill|Protect|p1b: Excadrill
|-singleturn|p1b: Excadrill|Protect
|move|p2b: Arcanine|Flare Blitz|p1b: Excadrill
|-activate|p1b: Excadrill|move: Protect
|move|p2a: Corviknight|Tailwind|p2a: Corviknight
|-sidestart|p2: tmjp01|move: Tailwind
|
|-weather|Sandstorm|[upkeep]
|-damage|p1a: Rotom|94/100|[from] Sandstorm
|upkeep
|turn|2
|
|t:|1782254129
|switch|p1b: Tyranitar|Tyranitar, L50, F|100/100
|move|p2b: Arcanine|Head Smash|p1a: Rotom
|-damage|p1a: Rotom|34/100
|-enditem|p1a: Rotom|Sitrus Berry|[eat]
|-heal|p1a: Rotom|59/100|[from] item: Sitrus Berry
|move|p2a: Corviknight|Brave Bird|p1a: Rotom
|-resisted|p1a: Rotom|1
|-damage|p1a: Rotom|40/100
|-damage|p2a: Corviknight|95/100|[from] Recoil
|move|p1a: Rotom|Hydro Pump|p2b: Arcanine|[miss]
|-miss|p1a: Rotom|p2b: Arcanine
|
|-weather|Sandstorm|[upkeep]
|-damage|p1a: Rotom|34/100|[from] Sandstorm
|upkeep
|turn|3
|
|t:|1782254149
|move|p2b: Arcanine|Head Smash|p1a: Rotom|[miss]
|-miss|p2b: Arcanine|p1a: Rotom
|move|p2a: Corviknight|Iron Head|p1b: Tyranitar
|-supereffective|p1b: Tyranitar|1
|-damage|p1b: Tyranitar|55/100
|move|p1a: Rotom|Hydro Pump|p2b: Arcanine|[miss]
|-miss|p1a: Rotom|p2b: Arcanine
|move|p1b: Tyranitar|Rock Slide|p2a: Corviknight|[spread] p2a,p2b
|-supereffective|p2b: Arcanine|1
|-damage|p2a: Corviknight|68/100
|-damage|p2b: Arcanine|22/100
|
|-weather|Sandstorm|[upkeep]
|-damage|p1a: Rotom|28/100|[from] Sandstorm
|upkeep
|turn|4
|
|t:|1782254181
|move|p1b: Tyranitar|Protect|p1b: Tyranitar
|-singleturn|p1b: Tyranitar|Protect
|move|p2b: Arcanine|Flare Blitz|p1b: Tyranitar
|-activate|p1b: Tyranitar|move: Protect
|move|p2a: Corviknight|Iron Head|p1b: Tyranitar
|-activate|p1b: Tyranitar|move: Protect
|move|p1a: Rotom|Hydro Pump|p2b: Arcanine|[miss]
|-miss|p1a: Rotom|p2b: Arcanine
|
|-weather|Sandstorm|[upkeep]
|-damage|p1a: Rotom|22/100|[from] Sandstorm
|-sideend|p2: tmjp01|move: Tailwind
|upkeep
|turn|5
|c|☆Sukzre|Holy blessed
|
|t:|1782254224
|switch|p1b: Clefable|Clefable, L50, F|100/100
|move|p1a: Rotom|Protect|p1a: Rotom
|-singleturn|p1a: Rotom|Protect
|move|p2b: Arcanine|Flare Blitz|p1a: Rotom
|-activate|p1a: Rotom|move: Protect
|move|p2a: Corviknight|Iron Head|p1b: Clefable
|-supereffective|p1b: Clefable|1
|-damage|p1b: Clefable|52/100
|
|-weather|none
|-heal|p1b: Clefable|58/100|[from] item: Leftovers
|upkeep
|turn|6
|inactive|Battle timer is ON: inactive players will automatically lose when time's up. (requested by Sukzre)
|
|t:|1782254261
|move|p2b: Arcanine|Flare Blitz|p1a: Rotom
|-resisted|p1a: Rotom|1
|-damage|p1a: Rotom|0 fnt
|faint|p1a: Rotom
|move|p2a: Corviknight|Tailwind|p2a: Corviknight
|-sidestart|p2: tmjp01|move: Tailwind
|move|p1b: Clefable|Moonlight|p1b: Clefable
|-heal|p1b: Clefable|100/100
|
|upkeep
|
|t:|1782254269
|switch|p1a: Tyranitar|Tyranitar, L50, F|55/100
|-weather|Sandstorm|[from] ability: Sand Stream|[of] p1a: Tyranitar
|turn|7
|
|t:|1782254280
|detailschange|p1a: Tyranitar|Tyranitar-Mega, L50, F
|-mega|p1a: Tyranitar|Tyranitar|Tyranitarite
|move|p1b: Clefable|Follow Me|p1b: Clefable
|-singleturn|p1b: Clefable|move: Follow Me
|move|p2b: Arcanine|Head Smash|p1b: Clefable
|-damage|p1b: Clefable|40/100
|move|p2a: Corviknight|Iron Head|p1b: Clefable
|-supereffective|p1b: Clefable|1
|-damage|p1b: Clefable|0 fnt
|faint|p1b: Clefable
|move|p1a: Tyranitar|Rock Slide|p2b: Arcanine|[spread] p2a,p2b
|-supereffective|p2b: Arcanine|1
|-damage|p2a: Corviknight|36/100
|-damage|p2b: Arcanine|0 fnt
|faint|p2b: Arcanine
|
|-weather|Sandstorm|[upkeep]
|upkeep
|
|t:|1782254299
|switch|p2b: Garchomp|Garchomp, L50, F|100/100
|switch|p1b: Excadrill|Excadrill, L50, F|100/100
|turn|8
|inactive|Sukzre has 30 seconds left.
|
|t:|1782254329
|move|p1a: Tyranitar|Protect|p1a: Tyranitar
|-singleturn|p1a: Tyranitar|Protect
|move|p2b: Garchomp|Earthquake|p1a: Tyranitar|[spread] p1b
|-activate|p1a: Tyranitar|move: Protect
|-immune|p2a: Corviknight
|-supereffective|p1b: Excadrill|1
|-damage|p1b: Excadrill|0 fnt
|faint|p1b: Excadrill
|-damage|p2b: Garchomp|90/100|[from] item: Life Orb
|move|p2a: Corviknight|Iron Head|p1a: Tyranitar
|-activate|p1a: Tyranitar|move: Protect
|
|-weather|Sandstorm|[upkeep]
|upkeep
|turn|9
|-message|Sukzre forfeited.
|
|win|tmjp01
|l|☆Sukzre
|player|p1|
||Sukzre is ready for game 2.
|j|☆Sukzre
|player|p1|Sukzre|266|
|inactive|tmjp01 has 30 seconds to confirm battle start!
||tmjp01 is ready for game 2.
|uhtml|next|Next: Game 2 of 3
|l|☆Sukzre
|player|p1|
