|j|☆C.blaze
|j|☆raksbach
|html|C.blazeraksbach    
|uhtml|bestof|Game 2 of a best-of-3
|t:|1784556555
|gametype|doubles
|player|p1|C.blaze|265|1209
|player|p2|raksbach|266|1242
|gen|9
|tier|[Gen 9 Champions] VGC 2026 Reg M-B (Bo3)
|rated|
|rule|Species Clause: Limit one of each Pokémon
|rule|Item Clause: Limit 1 of each item
|clearpoke
|poke|p1|Malamar, L50, M|
|poke|p1|Garchomp, L50, F|
|poke|p1|Charizard, L50, M|
|poke|p1|Incineroar, L50, M|
|poke|p1|Primarina, L50, F|
|poke|p1|Glimmora, L50, M|
|poke|p2|Incineroar, L50, M|
|poke|p2|Maushold, L50|
|poke|p2|Sinistcha, L50|
|poke|p2|Sneasler, L50, M|
|poke|p2|Blastoise, L50, M|
|poke|p2|Delphox, L50, M|
|teampreview|4
|showteam|p1|Malamar||Malamarite|Contrary|Superpower,KnockOff,Protect,TrickRoom|Adamant||M|||50|]Garchomp||LifeOrb|SandVeil|StompingTantrum,DragonClaw,Protect,RockSlide|Jolly||F|||50|]Charizard||CharizarditeY|Blaze|HeatWave,WeatherBall,Protect,SolarBeam|Timid||M|||50|]Incineroar||ChopleBerry|Intimidate|FlareBlitz,ThroatChop,PartingShot,FakeOut|Brave||M|||50|]Primarina||Leftovers|LiquidVoice|HyperVoice,Moonblast,Protect,Haze|Modest||F|||50|]Glimmora||FocusSash|ToxicDebris|SludgeBomb,PowerGem,SpikyShield,EarthPower|Timid||M|||50|
|showteam|p2|Incineroar||SitrusBerry|Intimidate|FakeOut,FlareBlitz,DarkestLariat,PartingShot|Impish||M|||50|]Maushold||ChopleBerry|FriendGuard|SuperFang,FollowMe,Protect,Feint|Impish|||||50|]Sinistcha||OccaBerry|Hospitality|MatchaGotcha,LifeDew,RagePowder,Protect|Bold|||||50|]Sneasler||FocusSash|PoisonTouch|FakeOut,CloseCombat,DireClaw,QuickGuard|Jolly||M|||50|]Blastoise||Blastoisinite|Torrent|WaterSpout,DarkPulse,ShellSmash,Protect|Modest||M|||50|]Delphox||Delphoxite|Blaze|HeatWave,Psychic,NastyPlot,Protect|Timid||M|||50|
|inactive|Battle timer is ON: inactive players will automatically lose when time's up. (requested by raksbach)
|c|☆raksbach|Bro what happen
|inactive|C.blaze has 60 seconds left.
|inactive|C.blaze has 30 seconds left.
|inactive|C.blaze has 20 seconds left.
|inactive|C.blaze has 15 seconds left.
|
|t:|1784556632
|teamsize|p1|4
|teamsize|p2|4
|start
|switch|p1a: Incineroar|Incineroar, L50, M|100/100
|switch|p1b: Malamar|Malamar, L50, M|100/100
|switch|p2a: Sinistcha|Sinistcha, L50|100/100
|switch|p2b: Sneasler|Sneasler, L50, M|100/100
|-ability|p1a: Incineroar|Intimidate|boost
|-unboost|p2a: Sinistcha|atk|1
|-unboost|p2b: Sneasler|atk|1
|turn|1
|
|t:|1784556653
|move|p2a: Sinistcha|Protect|p2a: Sinistcha
|-singleturn|p2a: Sinistcha|Protect
|move|p2b: Sneasler|Close Combat|p1a: Incineroar
|-supereffective|p1a: Incineroar|1
|-enditem|p1a: Incineroar|Chople Berry|[eat]
|-enditem|p1a: Incineroar|Chople Berry|[weaken]
|-damage|p1a: Incineroar|61/100
|-unboost|p2b: Sneasler|def|1
|-unboost|p2b: Sneasler|spd|1
|-status|p1a: Incineroar|psn|[from] ability: Poison Touch|[of] p2b: Sneasler
|move|p1b: Malamar|Knock Off|p2a: Sinistcha
|-activate|p2a: Sinistcha|move: Protect
|move|p1a: Incineroar|Parting Shot|p2b: Sneasler
|-unboost|p2b: Sneasler|atk|1
|-unboost|p2b: Sneasler|spa|1
|
|t:|1784556662
|switch|p1a: Charizard|Charizard, L50, M|100/100|[from] Parting Shot
|
|upkeep
|turn|2
|
|t:|1784556682
|switch|p2a: Incineroar|Incineroar, L50, M|100/100
|-ability|p2a: Incineroar|Intimidate|boost
|-unboost|p1a: Charizard|atk|1
|-boost|p1b: Malamar|atk|1
|detailschange|p1a: Charizard|Charizard-Mega-Y, L50, M
|-mega|p1a: Charizard|Charizard|Charizardite Y
|-weather|SunnyDay|[from] ability: Drought|[of] p1a: Charizard
|move|p2b: Sneasler|Close Combat|p1b: Malamar
|-damage|p1b: Malamar|68/100
|-unboost|p2b: Sneasler|def|1
|-unboost|p2b: Sneasler|spd|1
|move|p1a: Charizard|Heat Wave|p2b: Sneasler|[spread] p2a,p2b
|-resisted|p2a: Incineroar|1
|-damage|p2a: Incineroar|73/100
|-enditem|p2b: Sneasler|Focus Sash
|-damage|p2b: Sneasler|1/100
|-status|p2b: Sneasler|brn
|move|p1b: Malamar|Trick Room|p1b: Malamar
|-fieldstart|move: Trick Room|[of] p1b: Malamar
|
|-weather|SunnyDay|[upkeep]
|-damage|p2b: Sneasler|0 fnt|[from] brn
|faint|p2b: Sneasler
|upkeep
|
|t:|1784556702
|switch|p2b: Blastoise|Blastoise, L50, M|100/100
|turn|3
|
|t:|1784556716
|detailschange|p2b: Blastoise|Blastoise-Mega, L50, M
|-mega|p2b: Blastoise|Blastoise|Blastoisinite
|move|p1b: Malamar|Protect|p1b: Malamar
|-singleturn|p1b: Malamar|Protect
|move|p1a: Charizard|Protect|p1a: Charizard
|-singleturn|p1a: Charizard|Protect
|move|p2a: Incineroar|Fake Out|p1a: Charizard
|-activate|p1a: Charizard|move: Protect
|move|p2b: Blastoise|Dark Pulse|p1b: Malamar
|-activate|p1b: Malamar|move: Protect
|
|-weather|SunnyDay|[upkeep]
|upkeep
|turn|4
|
|t:|1784556730
|switch|p2b: Sinistcha|Sinistcha, L50|100/100
|-heal|p2a: Incineroar|98/100|[from] ability: Hospitality|[of] p2b: Sinistcha
|move|p2a: Incineroar|Flare Blitz|p1b: Malamar
|-crit|p1b: Malamar
|-damage|p1b: Malamar|0 fnt
|faint|p1b: Malamar
|-damage|p2a: Incineroar|76/100|[from] Recoil
|move|p1a: Charizard|Heat Wave|p2b: Sinistcha|[spread] p2a
|-miss|p1a: Charizard|p2b: Sinistcha
|-resisted|p2a: Incineroar|1
|-damage|p2a: Incineroar|48/100
|-enditem|p2a: Incineroar|Sitrus Berry|[eat]
|-heal|p2a: Incineroar|73/100|[from] item: Sitrus Berry
|
|-weather|SunnyDay|[upkeep]
|upkeep
|
|t:|1784556743
|switch|p1b: Incineroar|Incineroar, L50, M|61/100 psn
|-ability|p1b: Incineroar|Intimidate|boost
|-unboost|p2a: Incineroar|atk|1
|-unboost|p2b: Sinistcha|atk|1
|turn|5
|
|t:|1784556755
|move|p2b: Sinistcha|Protect|p2b: Sinistcha
|-singleturn|p2b: Sinistcha|Protect
|move|p1b: Incineroar|Fake Out|p2a: Incineroar
|-damage|p2a: Incineroar|63/100
|cant|p2a: Incineroar|flinch
|move|p1a: Charizard|Heat Wave|p2a: Incineroar|[spread] p2a
|-activate|p2b: Sinistcha|move: Protect
|-resisted|p2a: Incineroar|1
|-damage|p2a: Incineroar|36/100
|
|-weather|SunnyDay|[upkeep]
|-damage|p1b: Incineroar|49/100 psn|[from] psn
|upkeep
|turn|6
|
|t:|1784556776
|move|p2b: Sinistcha|Rage Powder|p2b: Sinistcha
|-singleturn|p2b: Sinistcha|move: Rage Powder
|move|p1b: Incineroar|Flare Blitz|p2b: Sinistcha
|-supereffective|p2b: Sinistcha|1
|-enditem|p2b: Sinistcha|Occa Berry|[eat]
|-enditem|p2b: Sinistcha|Occa Berry|[weaken]
|-damage|p2b: Sinistcha|25/100
|-damage|p1b: Incineroar|27/100 psn|[from] Recoil
|move|p2a: Incineroar|Parting Shot|p1b: Incineroar
|-unboost|p1b: Incineroar|atk|1
|-unboost|p1b: Incineroar|spa|1
|
|t:|1784556785
|switch|p2a: Blastoise|Blastoise-Mega, L50, M|100/100|[from] Parting Shot
|move|p1a: Charizard|Solar Beam||[still]
|-prepare|p1a: Charizard|Solar Beam
|-anim|p1a: Charizard|Solar Beam|p2b: Sinistcha
|-resisted|p2b: Sinistcha|1
|-damage|p2b: Sinistcha|2/100
|
|-weather|none
|-damage|p1b: Incineroar|14/100 psn|[from] psn
|-fieldend|move: Trick Room
|upkeep
|turn|7
|
|t:|1784556800
|switch|p1a: Primarina|Primarina, L50, F|100/100
|move|p2a: Blastoise|Protect|p2a: Blastoise
|-singleturn|p2a: Blastoise|Protect
|move|p2b: Sinistcha|Protect|p2b: Sinistcha
|-singleturn|p2b: Sinistcha|Protect
|move|p1b: Incineroar|Parting Shot|p2a: Blastoise
|-activate|p2a: Blastoise|move: Protect
|
|-damage|p1b: Incineroar|2/100 psn|[from] psn
|upkeep
|turn|8
|
|t:|1784556810
|move|p2b: Sinistcha|Rage Powder|p2b: Sinistcha
|-singleturn|p2b: Sinistcha|move: Rage Powder
|move|p2a: Blastoise|Shell Smash|p2a: Blastoise
|-unboost|p2a: Blastoise|def|1
|-unboost|p2a: Blastoise|spd|1
|-boost|p2a: Blastoise|atk|2
|-boost|p2a: Blastoise|spa|2
|-boost|p2a: Blastoise|spe|2
|move|p1a: Primarina|Hyper Voice|p2b: Sinistcha|[spread] p2a,p2b
|-resisted|p2a: Blastoise|1
|-resisted|p2b: Sinistcha|1
|-damage|p2a: Blastoise|69/100
|-damage|p2b: Sinistcha|0 fnt
|faint|p2b: Sinistcha
|move|p1b: Incineroar|Parting Shot|p2a: Blastoise
|-unboost|p2a: Blastoise|atk|1
|-unboost|p2a: Blastoise|spa|1
|
|t:|1784556823
|switch|p1b: Charizard|Charizard-Mega-Y, L50, M|100/100|[from] Parting Shot
|-weather|SunnyDay|[from] ability: Drought|[of] p1b: Charizard
|
|-weather|SunnyDay|[upkeep]
|upkeep
|
|t:|1784556828
|switch|p2b: Incineroar|Incineroar, L50, M|36/100
|-ability|p2b: Incineroar|Intimidate|boost
|-unboost|p1a: Primarina|atk|1
|-unboost|p1b: Charizard|atk|1
|turn|9
|inactive|raksbach has 30 seconds left.
|
|t:|1784556857
|move|p2b: Incineroar|Fake Out|p1a: Primarina
|-damage|p1a: Primarina|86/100
|move|p2a: Blastoise|Water Spout|p1a: Primarina|[spread] p1a,p1b
|-resisted|p1a: Primarina|1
|-supereffective|p1b: Charizard|1
|-crit|p1b: Charizard
|-damage|p1a: Primarina|71/100
|-damage|p1b: Charizard|1/100
|move|p1b: Charizard|Solar Beam||[still]
|-prepare|p1b: Charizard|Solar Beam
|-anim|p1b: Charizard|Solar Beam|p2a: Blastoise
|-supereffective|p2a: Blastoise|1
|-damage|p2a: Blastoise|0 fnt
|faint|p2a: Blastoise
|cant|p1a: Primarina|flinch
|
|-weather|SunnyDay|[upkeep]
|-heal|p1a: Primarina|77/100|[from] item: Leftovers
|upkeep
|turn|10
|-message|raksbach forfeited.
|
|win|C.blaze
