|j|☆Mclovingods
|j|☆lettitripppp
|html|Mclovingodslettitripppp    
|uhtml|bestof|Game 3 of a best-of-3
|t:|1782768072
|gametype|doubles
|player|p1|Mclovingods|2|1158
|player|p2|lettitripppp|lucas|1173
|gen|9
|tier|[Gen 9 Champions] VGC 2026 Reg M-B (Bo3)
|rated|
|rule|Species Clause: Limit one of each Pokémon
|rule|Item Clause: Limit 1 of each item
|clearpoke
|poke|p1|Delphox, L50, M|
|poke|p1|Basculegion, L50, M|
|poke|p1|Sinistcha, L50|
|poke|p1|Incineroar, L50, F|
|poke|p1|Garchomp, L50, M|
|poke|p1|Staraptor, L50, M|
|poke|p2|Charizard, L50, F|
|poke|p2|Floette-Eternal, L50, F|
|poke|p2|Basculegion, L50, M, shiny|
|poke|p2|Garchomp, L50, M|
|poke|p2|Whimsicott, L50, M, shiny|
|poke|p2|Kingambit, L50, F|
|teampreview|4
|showteam|p1|Delphox||Delphoxite|Blaze|NastyPlot,HeatWave,Psychic,Protect|Timid||M|||50|]Basculegion||MysticWater|Adaptability|WaveCrash,AquaJet,LastRespects,Protect|Jolly||M|||50|]Sinistcha||CobaBerry|Hospitality|MatchaGotcha,RagePowder,LifeDew,TrickRoom|Calm|||||50|]Incineroar||SitrusBerry|Intimidate|FakeOut,PartingShot,FlareBlitz,DarkestLariat|Careful||F|||50|]Garchomp||LifeOrb|RoughSkin|Earthquake,DragonClaw,RockSlide,Protect|Jolly||M|||50|]Staraptor||Staraptite|Intimidate|CloseCombat,BraveBird,Protect,Roost|Jolly||M|||50|
|showteam|p2|Charizard||CharizarditeY|Blaze|WeatherBall,SolarBeam,HeatWave,Protect|Modest||F|||50|]Floette-Eternal||Floettite|FlowerVeil|DazzlingGleam,LightofRuin,Moonblast,Protect|Timid||F|||50|]Basculegion||MysticWater|Adaptability|LastRespects,WaveCrash,AquaJet,Protect|Adamant||M|||50|]Garchomp||LifeOrb|RoughSkin|DragonClaw,Earthquake,RockSlide,Protect|Jolly||M|||50|]Whimsicott||FocusSash|Prankster|Moonblast,Tailwind,Encore,Protect|Timid||M|||50|]Kingambit||ChopleBerry|Defiant|KowtowCleave,SuckerPunch,IronHead,LowKick|Adamant||F|||50|
|inactive|Battle timer is ON: inactive players will automatically lose when time's up. (requested by lettitripppp)
|
|t:|1782768099
|teamsize|p1|4
|teamsize|p2|4
|start
|switch|p1a: Delphox|Delphox, L50, M|100/100
|switch|p1b: Sinistcha|Sinistcha, L50|100/100
|switch|p2a: GHOSTWAVE|Basculegion, L50, M, shiny|100/100
|switch|p2b: LETS GO GO|Whimsicott, L50, M, shiny|100/100
|turn|1
|
|t:|1782768108
|detailschange|p1a: Delphox|Delphox-Mega, L50, M
|-mega|p1a: Delphox|Delphox|Delphoxite
|move|p1b: Sinistcha|Rage Powder|p1b: Sinistcha
|-singleturn|p1b: Sinistcha|move: Rage Powder
|move|p1a: Delphox|Heat Wave|p2a: GHOSTWAVE|[spread] p2a,p2b
|-resisted|p2a: GHOSTWAVE|1
|-supereffective|p2b: LETS GO GO|1
|-damage|p2a: GHOSTWAVE|77/100
|-enditem|p2b: LETS GO GO|Focus Sash
|-damage|p2b: LETS GO GO|1/100
|move|p2b: LETS GO GO|Moonblast|p1b: Sinistcha
|-damage|p1b: Sinistcha|74/100
|move|p2a: GHOSTWAVE|Last Respects|p1b: Sinistcha
|-supereffective|p1b: Sinistcha|1
|-damage|p1b: Sinistcha|15/100
|
|upkeep
|turn|2
|
|t:|1782768122
|move|p1b: Sinistcha|Rage Powder|p1b: Sinistcha
|-singleturn|p1b: Sinistcha|move: Rage Powder
|move|p2b: LETS GO GO|Tailwind|p2b: LETS GO GO
|-sidestart|p2: lettitripppp|move: Tailwind
|move|p2a: GHOSTWAVE|Wave Crash|p1b: Sinistcha
|-resisted|p1b: Sinistcha|1
|-damage|p1b: Sinistcha|0 fnt
|faint|p1b: Sinistcha
|-damage|p2a: GHOSTWAVE|73/100|[from] Recoil
|move|p1a: Delphox|Heat Wave|p2b: LETS GO GO|[spread] p2a
|-miss|p1a: Delphox|p2b: LETS GO GO
|-resisted|p2a: GHOSTWAVE|1
|-damage|p2a: GHOSTWAVE|50/100g
|
|upkeep
|
|t:|1782768134
|switch|p1b: Incineroar|Incineroar, L50, F|100/100
|-ability|p1b: Incineroar|Intimidate|boost
|-unboost|p2a: GHOSTWAVE|atk|1
|-unboost|p2b: LETS GO GO|atk|1
|turn|3
|
|t:|1782768140
|switch|p1a: Basculegion|Basculegion, L50, M|100/100
|move|p2b: LETS GO GO|Protect|p2b: LETS GO GO
|-singleturn|p2b: LETS GO GO|Protect
|move|p1b: Incineroar|Fake Out|p2b: LETS GO GO
|-activate|p2b: LETS GO GO|move: Protect
|move|p2a: GHOSTWAVE|Wave Crash|p1b: Incineroar
|-supereffective|p1b: Incineroar|1
|-damage|p1b: Incineroar|0 fnt
|faint|p1b: Incineroar
|-damage|p2a: GHOSTWAVE|19/100|[from] Recoil
|
|upkeep
|
|t:|1782768144
|switch|p1b: Delphox|Delphox-Mega, L50, M|100/100
|turn|4
|
|t:|1782768155
|move|p1a: Basculegion|Aqua Jet|p2a: GHOSTWAVE
|-resisted|p2a: GHOSTWAVE|1
|-damage|p2a: GHOSTWAVE|4/100
|move|p2b: LETS GO GO|Moonblast|p1a: Basculegion
|-damage|p1a: Basculegion|69/100
|move|p2a: GHOSTWAVE|Last Respects|p1a: Basculegion
|-supereffective|p1a: Basculegion|1
|-damage|p1a: Basculegion|17/100
|move|p1b: Delphox|Heat Wave|p2b: LETS GO GO|[spread] p2a,p2b
|-resisted|p2a: GHOSTWAVE|1
|-crit|p2a: GHOSTWAVE
|-supereffective|p2b: LETS GO GO|1
|-damage|p2a: GHOSTWAVE|0 fnt
|-damage|p2b: LETS GO GO|0 fnt
|faint|p2a: GHOSTWAVE
|faint|p2b: LETS GO GO
|
|upkeep
|
|t:|1782768164
|switch|p2b: CRUSH SHARK|Garchomp, L50, M|100/100
|switch|p2a: GENERAL BLADUS|Kingambit, L50, F|100/100
|turn|5
|
|t:|1782768169
|move|p1b: Delphox|Protect|p1b: Delphox
|-singleturn|p1b: Delphox|Protect
|move|p1a: Basculegion|Protect|p1a: Basculegion
|-singleturn|p1a: Basculegion|Protect
|move|p2a: GENERAL BLADUS|Sucker Punch||[still]
|-fail|p2a: GENERAL BLADUS
|move|p2b: CRUSH SHARK|Rock Slide|p1b: Delphox|[spread] 
|-activate|p1a: Basculegion|move: Protect
|-activate|p1b: Delphox|move: Protect
|
|-sideend|p2: lettitripppp|move: Tailwind
|upkeep
|turn|6
|
|t:|1782768187
|move|p2a: GENERAL BLADUS|Sucker Punch||[still]
|-fail|p2a: GENERAL BLADUS
|move|p1b: Delphox|Nasty Plot|p1b: Delphox
|-boost|p1b: Delphox|spa|2
|move|p2b: CRUSH SHARK|Dragon Claw|p1a: Basculegion
|-damage|p1a: Basculegion|0 fnt
|faint|p1a: Basculegion
|-damage|p2b: CRUSH SHARK|90/100|[from] item: Life Orb
|
|upkeep
|turn|7
|
|t:|1782768197
|move|p2a: GENERAL BLADUS|Sucker Punch|p1b: Delphox
|-supereffective|p1b: Delphox|1
|-damage|p1b: Delphox|0 fnt
|faint|p1b: Delphox
|
|win|lettitripppp
|raw|Mclovingods's rating: 1158 → 1134(-24 for losing)
|raw|lettitripppp's rating: 1173 → 1197(+24 for winning)
|l|☆Mclovingods
|player|p1|
