|j|☆kings11
|j|☆sybe123
|html|kings11sybe123    
|uhtml|bestof|Game 2 of a best-of-3
|t:|1786124400
|gametype|doubles
|player|p1|kings11|169|1182
|player|p2|sybe123|101|1246
|gen|9
|tier|[Gen 9 Champions] VGC 2026 Reg M-B (Bo3)
|rated|
|rule|Species Clause: Limit one of each Pokémon
|rule|Item Clause: Limit 1 of each item
|clearpoke
|poke|p1|Raichu, L50, F|
|poke|p1|Milotic, L50, F|
|poke|p1|Ceruledge, L50, F|
|poke|p1|Meowscarada, L50, M|
|poke|p1|Ninetales-Alola, L50, F|
|poke|p1|Staraptor, L50, M|
|poke|p2|Sinistcha, L50|
|poke|p2|Garchomp, L50, F|
|poke|p2|Sneasler, L50, M|
|poke|p2|Floette-Eternal, L50, F|
|poke|p2|Incineroar, L50, F|
|poke|p2|Kingambit, L50, F|
|teampreview|4
|showteam|p1|Raichu||RaichuniteY|LightningRod|ZapCannon,FocusBlast,FakeOut,Protect|Timid||F|||50|]Milotic||Leftovers|Competitive|MuddyWater,Hypnosis,Coil,Recover|Calm||F|||50|]Ceruledge||ColburBerry|FlashFire|BitterBlade,ShadowSneak,BulkUp,Protect|Adamant||F|||50|]Meowscarada||FocusSash|Overgrow|FlowerTrick,KnockOff,SuckerPunch,Protect|Jolly||M|||50|]Ninetales-Alola||LightClay|SnowWarning|Blizzard,FreezeDry,AuroraVeil,Protect|Timid||F|||50|]Staraptor||Staraptite|Intimidate|BraveBird,CloseCombat,Tailwind,Protect|Jolly||M|||50|
|showteam|p2|Sinistcha||SitrusBerry|Hospitality|MatchaGotcha,TrickRoom,RagePowder,Protect|Bold|||||50|]Garchomp||Garchompite|RoughSkin|StompingTantrum,Earthquake,RockSlide,Protect|Adamant||F|||50|]Sneasler||FocusSash|Unburden|CloseCombat,DireClaw,FakeOut,Coaching|Jolly||M|||50|]Floette-Eternal||Floettite|FlowerVeil|DrainingKiss,DazzlingGleam,CalmMind,Protect|Timid||F|||50|]Incineroar||Leftovers|Intimidate|FakeOut,FlareBlitz,PartingShot,HelpingHand|Sassy||F|||50|]Kingambit||ChopleBerry|Defiant|KowtowCleave,SuckerPunch,IronHead,Protect|Adamant||F|||50|
|inactive|Battle timer is ON: inactive players will automatically lose when time's up. (requested by sybe123)
|
|t:|1786124431
|teamsize|p1|4
|teamsize|p2|4
|start
|switch|p1a: Milotic|Milotic, L50, F|100/100
|switch|p1b: Staraptor|Staraptor, L50, M|100/100
|switch|p2a: Floette|Floette-Eternal, L50, F|100/100
|switch|p2b: Incineroar|Incineroar, L50, F|100/100
|-ability|p1b: Staraptor|Intimidate|boost
|-unboost|p2a: Floette|atk|1
|-unboost|p2b: Incineroar|atk|1
|-ability|p2b: Incineroar|Intimidate|boost
|-unboost|p1a: Milotic|atk|1
|-ability|p1a: Milotic|Competitive|boost
|-boost|p1a: Milotic|spa|2
|-unboost|p1b: Staraptor|atk|1
|turn|1
|inactive|sybe123 has 30 seconds left.
|
|t:|1786124460
|switch|p1b: Ceruledge|Ceruledge, L50, F|100/100
|detailschange|p2a: Floette|Floette-Mega, L50, F
|-mega|p2a: Floette|Floette|Floettite
|-ability|p2a: Floette|Fairy Aura
|move|p2b: Incineroar|Fake Out|p1a: Milotic
|-damage|p1a: Milotic|94/100
|move|p2a: Floette|Calm Mind|p2a: Floette
|-boost|p2a: Floette|spa|1
|-boost|p2a: Floette|spd|1
|cant|p1a: Milotic|flinch
|
|-heal|p1a: Milotic|100/100|[from] item: Leftovers
|upkeep
|turn|2
|
|t:|1786124482
|move|p2a: Floette|Dazzling Gleam|p1b: Ceruledge|[spread] p1a,p1b
|-resisted|p1b: Ceruledge|1
|-damage|p1a: Milotic|61/100
|-damage|p1b: Ceruledge|69/100
|move|p1b: Ceruledge|Bulk Up|p1b: Ceruledge
|-boost|p1b: Ceruledge|atk|1
|-boost|p1b: Ceruledge|def|1
|move|p1a: Milotic|Coil|p1a: Milotic
|-boost|p1a: Milotic|atk|1
|-boost|p1a: Milotic|def|1
|-boost|p1a: Milotic|accuracy|1
|move|p2b: Incineroar|Parting Shot|p1b: Ceruledge
|-unboost|p1b: Ceruledge|atk|1
|-unboost|p1b: Ceruledge|spa|1
|
|t:|1786124498
|switch|p2b: Sinistcha|Sinistcha, L50|100/100|[from] Parting Shot
|
|-heal|p1a: Milotic|67/100|[from] item: Leftovers
|upkeep
|turn|3
|
|t:|1786124509
|move|p2b: Sinistcha|Rage Powder|p2b: Sinistcha
|-singleturn|p2b: Sinistcha|move: Rage Powder
|move|p2a: Floette|Dazzling Gleam|p1b: Ceruledge|[spread] p1a,p1b
|-resisted|p1b: Ceruledge|1
|-damage|p1a: Milotic|24/100
|-damage|p1b: Ceruledge|40/100
|move|p1b: Ceruledge|Bitter Blade|p2b: Sinistcha
|-supereffective|p2b: Sinistcha|1
|-damage|p2b: Sinistcha|31/100
|-heal|p1b: Ceruledge|74/100|[from] drain|[of] p2b: Sinistcha
|-enditem|p2b: Sinistcha|Sitrus Berry|[eat]
|-heal|p2b: Sinistcha|56/100|[from] item: Sitrus Berry
|move|p1a: Milotic|Hypnosis|p2b: Sinistcha
|-status|p2b: Sinistcha|slp|[from] move: Hypnosis
|
|-heal|p1a: Milotic|30/100|[from] item: Leftovers
|upkeep
|turn|4
|inactive|kings11 has 30 seconds left.
|inactive|kings11 has 20 seconds left.
|
|t:|1786124544
|switch|p1a: Ninetales|Ninetales-Alola, L50, F|100/100
|-weather|Snowscape|[from] ability: Snow Warning|[of] p1a: Ninetales
|switch|p2b: Incineroar|Incineroar, L50, F|100/100
|-ability|p2b: Incineroar|Intimidate|boost
|-unboost|p1a: Ninetales|atk|1
|-unboost|p1b: Ceruledge|atk|1
|move|p2a: Floette|Dazzling Gleam|p1a: Ninetales|[spread] p1a,p1b
|-resisted|p1b: Ceruledge|1
|-damage|p1a: Ninetales|28/100
|-damage|p1b: Ceruledge|42/100
|move|p1b: Ceruledge|Bitter Blade|p2b: Incineroar
|-resisted|p2b: Incineroar|1
|-damage|p2b: Incineroar|86/100
|-heal|p1b: Ceruledge|50/100g|[from] drain|[of] p2b: Incineroar
|
|-weather|Snowscape|[upkeep]
|-heal|p2b: Incineroar|92/100|[from] item: Leftovers
|upkeep
|turn|5
|inactive|sybe123 has 30 seconds left.
|
|t:|1786124573
|move|p2b: Incineroar|Helping Hand|p2a: Floette
|-singleturn|p2a: Floette|Helping Hand|[of] p2b: Incineroar
|move|p1a: Ninetales|Protect|p1a: Ninetales
|-singleturn|p1a: Ninetales|Protect
|move|p1b: Ceruledge|Protect|p1b: Ceruledge
|-singleturn|p1b: Ceruledge|Protect
|move|p2a: Floette|Dazzling Gleam|p1a: Ninetales|[spread] 
|-activate|p1a: Ninetales|move: Protect
|-activate|p1b: Ceruledge|move: Protect
|
|-weather|Snowscape|[upkeep]
|-heal|p2b: Incineroar|98/100|[from] item: Leftovers
|upkeep
|turn|6
|inactive|kings11 has 30 seconds left.
|inactive|kings11 has 20 seconds left.
|inactive|kings11 has 15 seconds left.
|inactive|kings11 has 10 seconds left.
|inactive|kings11 has 5 seconds left.
|
|t:|1786124625
|move|p1a: Ninetales|Aurora Veil|p1a: Ninetales
|-sidestart|p1: kings11|move: Aurora Veil
|move|p2a: Floette|Dazzling Gleam|p1b: Ceruledge|[spread] p1a,p1b
|-resisted|p1b: Ceruledge|1
|-damage|p1a: Ninetales|0 fnt
|-damage|p1b: Ceruledge|29/100
|faint|p1a: Ninetales
|move|p1b: Ceruledge|Bulk Up|p1b: Ceruledge
|-boost|p1b: Ceruledge|atk|1
|-boost|p1b: Ceruledge|def|1
|move|p2b: Incineroar|Parting Shot|p1b: Ceruledge
|-unboost|p1b: Ceruledge|atk|1
|-unboost|p1b: Ceruledge|spa|1
|
|t:|1786124644
|switch|p2b: Garchomp|Garchomp, L50, F|100/100|[from] Parting Shot
|
|-weather|Snowscape|[upkeep]
|upkeep
|
|t:|1786124664
|switch|p1a: Staraptor|Staraptor, L50, M|100/100
|-ability|p1a: Staraptor|Intimidate|boost
|-unboost|p2a: Floette|atk|1
|-unboost|p2b: Garchomp|atk|1
|turn|7
|
|t:|1786124678
|switch|p2b: Incineroar|Incineroar, L50, F|98/100
|-ability|p2b: Incineroar|Intimidate|boost
|-unboost|p1a: Staraptor|atk|1
|-unboost|p1b: Ceruledge|atk|1
|move|p1b: Ceruledge|Protect|p1b: Ceruledge
|-singleturn|p1b: Ceruledge|Protect
|move|p1a: Staraptor|Tailwind|p1a: Staraptor
|-sidestart|p1: kings11|move: Tailwind
|move|p2a: Floette|Dazzling Gleam|p1b: Ceruledge|[spread] p1a
|-activate|p1b: Ceruledge|move: Protect
|-damage|p1a: Staraptor|48/100
|
|-weather|Snowscape|[upkeep]
|-heal|p2b: Incineroar|100/100|[from] item: Leftovers
|upkeep
|turn|8
|
|t:|1786124695
|move|p2b: Incineroar|Helping Hand|p2a: Floette
|-singleturn|p2a: Floette|Helping Hand|[of] p2b: Incineroar
|move|p1a: Staraptor|Brave Bird|p2a: Floette
|-damage|p2a: Floette|63/100
|-damage|p1a: Staraptor|37/100|[from] Recoil
|move|p1b: Ceruledge|Bitter Blade|p2a: Floette
|-damage|p2a: Floette|35/100
|-heal|p1b: Ceruledge|43/100|[from] drain|[of] p2a: Floette
|move|p2a: Floette|Dazzling Gleam|p1b: Ceruledge|[spread] p1a,p1b
|-resisted|p1b: Ceruledge|1
|-damage|p1a: Staraptor|0 fnt
|-damage|p1b: Ceruledge|12/100
|faint|p1a: Staraptor
|
|-weather|none
|upkeep
|
|t:|1786124705
|switch|p1a: Milotic|Milotic, L50, F|30/100
|turn|9
|
|t:|1786124726
|switch|p2b: Sinistcha|Sinistcha, L50|56/100 slp
|-heal|p2a: Floette|60/100|[from] ability: Hospitality|[of] p2b: Sinistcha
|move|p1b: Ceruledge|Bitter Blade|p2a: Floette
|-damage|p2a: Floette|33/100
|-heal|p1b: Ceruledge|24/100|[from] drain|[of] p2a: Floette
|move|p1a: Milotic|Muddy Water|p2b: Sinistcha|[spread] p2a
|-miss|p1a: Milotic|p2b: Sinistcha
|-damage|p2a: Floette|21/100
|move|p2a: Floette|Dazzling Gleam|p1a: Milotic|[spread] p1a,p1b
|-resisted|p1b: Ceruledge|1
|-damage|p1a: Milotic|3/100
|-damage|p1b: Ceruledge|4/100
|
|-heal|p1a: Milotic|9/100|[from] item: Leftovers
|upkeep
|turn|10
|inactive|kings11 has 30 seconds left.
|inactive|sybe123 has 30 seconds left.
|
|t:|1786124753
|switch|p2b: Incineroar|Incineroar, L50, F|100/100
|-ability|p2b: Incineroar|Intimidate|boost
|-unboost|p1a: Milotic|atk|1
|-ability|p1a: Milotic|Competitive|boost
|-boost|p1a: Milotic|spa|2
|-unboost|p1b: Ceruledge|atk|1
|move|p2a: Floette|Protect|p2a: Floette
|-singleturn|p2a: Floette|Protect
|move|p1b: Ceruledge|Bitter Blade|p2a: Floette
|-activate|p2a: Floette|move: Protect
|move|p1a: Milotic|Recover|p1a: Milotic
|-heal|p1a: Milotic|59/100
|
|-heal|p1a: Milotic|65/100|[from] item: Leftovers
|-sideend|p1: kings11|move: Tailwind
|upkeep
|turn|11
|
|t:|1786124768
|move|p1b: Ceruledge|Protect|p1b: Ceruledge
|-singleturn|p1b: Ceruledge|Protect
|move|p2b: Incineroar|Fake Out|p1a: Milotic
|-damage|p1a: Milotic|59/100
|move|p2a: Floette|Dazzling Gleam|p1b: Ceruledge|[spread] p1a
|-activate|p1b: Ceruledge|move: Protect
|-damage|p1a: Milotic|34/100
|cant|p1a: Milotic|flinch
|
|-heal|p1a: Milotic|40/100|[from] item: Leftovers
|upkeep
|turn|12
|
|t:|1786124788
|move|p2b: Incineroar|Helping Hand|p2a: Floette
|-singleturn|p2a: Floette|Helping Hand|[of] p2b: Incineroar
|move|p2a: Floette|Dazzling Gleam|p1a: Milotic|[spread] p1a,p1b
|-resisted|p1b: Ceruledge|1
|-damage|p1a: Milotic|1/100
|-damage|p1b: Ceruledge|0 fnt
|faint|p1b: Ceruledge
|move|p1a: Milotic|Recover|p1a: Milotic
|-heal|p1a: Milotic|51/100
|
|-heal|p1a: Milotic|57/100|[from] item: Leftovers
|upkeep
|turn|13
|
|t:|1786124802
|move|p2b: Incineroar|Helping Hand|p2a: Floette
|-singleturn|p2a: Floette|Helping Hand|[of] p2b: Incineroar
|move|p2a: Floette|Draining Kiss|p1a: Milotic
|-damage|p1a: Milotic|23/100
|-heal|p2a: Floette|52/100|[from] drain|[of] p1a: Milotic
|move|p1a: Milotic|Muddy Water|p2a: Floette|[spread] p2a,p2b
|-supereffective|p2b: Incineroar|1
|-damage|p2a: Floette|29/100
|-damage|p2b: Incineroar|31/100
|-unboost|p2b: Incineroar|accuracy|1
|
|-heal|p1a: Milotic|29/100|[from] item: Leftovers
|-heal|p2b: Incineroar|37/100|[from] item: Leftovers
|-sideend|p1: kings11|move: Aurora Veil
|upkeep
|turn|14
|
|t:|1786124820
|move|p2b: Incineroar|Helping Hand|p2a: Floette
|-singleturn|p2a: Floette|Helping Hand|[of] p2b: Incineroar
|move|p2a: Floette|Draining Kiss|p1a: Milotic
|-damage|p1a: Milotic|0 fnt
|-heal|p2a: Floette|54/100|[from] drain|[of] p1a: Milotic
|faint|p1a: Milotic
|
|win|sybe123
|inactive|kings11 has 30 seconds to confirm battle start!
|inactive|sybe123 has 30 seconds to confirm battle start!
|inactive|kings11 has 20 seconds to confirm battle start!
|inactive|sybe123 has 20 seconds to confirm battle start!
