|j|☆angusgrind13
|j|☆musse67
|html|angusgrind13musse67    
|uhtml|bestof|Game 1 of a best-of-3
|t:|1784811356
|gametype|doubles
|player|p1|angusgrind13|steven|1089
|player|p2|musse67|skier|1091
|gen|9
|tier|[Gen 9 Champions] VGC 2026 Reg M-B (Bo3)
|rated|
|rule|Species Clause: Limit one of each Pokémon
|rule|Item Clause: Limit 1 of each item
|clearpoke
|poke|p1|Kommo-o, L50, F|
|poke|p1|Audino, L50, F|
|poke|p1|Hatterene, L50, F|
|poke|p1|Farigiraf, L50, F|
|poke|p1|Torkoal, L50, M|
|poke|p1|Incineroar, L50, F|
|poke|p2|Tyranitar, L50, M|
|poke|p2|Steelix, L50, M|
|poke|p2|Sinistcha-Masterpiece, L50|
|poke|p2|Rotom-Wash, L50|
|poke|p2|Kommo-o, L50, M|
|poke|p2|Delphox, L50, M|
|teampreview|4
|showteam|p1|Kommo-o||WhiteHerb|Soundproof|ClangingScales,ClangorousSoul,AuraSphere,Boomburst|Timid||F|||50|]Audino||Audinite|Healer|SimpleBeam,HyperVoice,CalmMind,Protect|Bold||F|||50|]Hatterene||LifeOrb|MagicBounce|TrickRoom,DazzlingGleam,Psychic,Protect|Sassy||F|||50|]Farigiraf||MentalHerb|ArmorTail|TrickRoom,HelpingHand,Protect,Psyshock|Sassy||F|||50|]Torkoal||Leftovers|Drought|Eruption,AncientPower,ClearSmog,HeatWave|Quiet||M|||50|]Incineroar||SitrusBerry|Intimidate|FakeOut,FlareBlitz,DarkestLariat,PartingShot|Adamant||F|||50|
|showteam|p2|Tyranitar||ChopleBerry|SandStream|DragonDance,KnockOff,RockSlide,Protect|Adamant||M|||50|]Steelix||Steelixite|Sturdy|HeavySlam,HighHorsepower,WideGuard,Protect|Brave||M|||50|]Sinistcha-Masterpiece||SitrusBerry|Hospitality|TrickRoom,MatchaGotcha,RagePowder,Protect|Relaxed|||||50|]Rotom-Wash||LifeOrb|Levitate|HydroPump,Thunderbolt,WillOWisp,Protect|Calm|||||50|]Kommo-o||Leftovers|Soundproof|ClangorousSoul,ClangingScales,AuraSphere,Protect|Timid||M|||50|]Delphox||Delphoxite|Magician|NastyPlot,Protect,Psychic,HeatWave|Timid||M|||50|
|inactive|Battle timer is ON: inactive players will automatically lose when time's up. (requested by musse67)
|
|t:|1784811383
|teamsize|p1|4
|teamsize|p2|4
|start
|switch|p1a: Audino|Audino, L50, F|100/100
|switch|p1b: Hatterene|Hatterene, L50, F|100/100
|switch|p2a: Kommo-o|Kommo-o, L50, M|100/100
|switch|p2b: Rotom|Rotom-Wash, L50|100/100
|turn|1
|
|t:|1784811392
|detailschange|p1a: Audino|Audino-Mega, L50, F
|-mega|p1a: Audino|Audino|Audinite
|move|p2a: Kommo-o|Clangorous Soul|p2a: Kommo-o
|-boost|p2a: Kommo-o|atk|1
|-boost|p2a: Kommo-o|def|1
|-boost|p2a: Kommo-o|spa|1
|-boost|p2a: Kommo-o|spd|1
|-boost|p2a: Kommo-o|spe|1
|-damage|p2a: Kommo-o|67/100
|move|p2b: Rotom|Will-O-Wisp|p1a: Audino
|-status|p1a: Audino|brn
|move|p1a: Audino|Simple Beam|p1b: Hatterene
|move|p1b: Hatterene|Simple Beam|p1a: Audino|[from] ability: Magic Bounce
|-ability|p1a: Audino|Simple|Healer|[from] move: Simple Beam
|move|p1b: Hatterene|Trick Room|p1b: Hatterene
|-fieldstart|move: Trick Room|[of] p1b: Hatterene
|
|-heal|p2a: Kommo-o|73/100|[from] item: Leftovers
|-damage|p1a: Audino|93/100 brn|[from] brn
|upkeep
|turn|2
|inactive|musse67 has 30 seconds left.
|
|t:|1784811420
|switch|p2b: Sinistcha|Sinistcha-Masterpiece, L50|100/100
|-heal|p2a: Kommo-o|98/100|[from] ability: Hospitality|[of] p2b: Sinistcha
|move|p1b: Hatterene|Dazzling Gleam|p2b: Sinistcha|[spread] p2a,p2b
|-supereffective|p2a: Kommo-o|2
|-damage|p2a: Kommo-o|0 fnt
|-damage|p2b: Sinistcha|60/100
|faint|p2a: Kommo-o
|-damage|p1b: Hatterene|90/100|[from] item: Life Orb
|move|p1a: Audino|Calm Mind|p1a: Audino
|-boost|p1a: Audino|spa|2
|-boost|p1a: Audino|spd|2
|
|-damage|p1a: Audino|87/100 brn|[from] brn
|upkeep
|
|t:|1784811433
|switch|p2a: Delphox|Delphox, L50, M|100/100
|turn|3
|
|t:|1784811444
|detailschange|p2a: Delphox|Delphox-Mega, L50, M
|-mega|p2a: Delphox|Delphox|Delphoxite
|move|p2a: Delphox|Protect|p2a: Delphox
|-singleturn|p2a: Delphox|Protect
|move|p1b: Hatterene|Psychic|p2b: Sinistcha
|-damage|p2b: Sinistcha|1/100
|-enditem|p2b: Sinistcha|Sitrus Berry|[eat]
|-heal|p2b: Sinistcha|26/100|[from] item: Sitrus Berry
|-damage|p1b: Hatterene|80/100|[from] item: Life Orb
|move|p1a: Audino|Calm Mind|p1a: Audino
|-boost|p1a: Audino|spa|2
|-boost|p1a: Audino|spd|2
|move|p2b: Sinistcha|Trick Room|p2b: Sinistcha
|-fieldend|move: Trick Room
|
|-damage|p1a: Audino|81/100 brn|[from] brn
|upkeep
|turn|4
|
|t:|1784811458
|move|p2a: Delphox|Nasty Plot|p2a: Delphox
|-boost|p2a: Delphox|spa|2
|move|p2b: Sinistcha|Matcha Gotcha|p1b: Hatterene|[spread] p1b
|-miss|p2b: Sinistcha|p1a: Audino
|-damage|p1b: Hatterene|61/100
|-heal|p2b: Sinistcha|35/100|[from] drain|[of] p1b: Hatterene
|-status|p1b: Hatterene|brn
|move|p1a: Audino|Hyper Voice|p2b: Sinistcha|[spread] p2a
|-immune|p2b: Sinistcha
|-damage|p2a: Delphox|47/100
|move|p1b: Hatterene|Trick Room|p1b: Hatterene
|-fieldstart|move: Trick Room|[of] p1b: Hatterene
|
|-damage|p1b: Hatterene|55/100 brn|[from] brn
|-damage|p1a: Audino|75/100 brn|[from] brn
|upkeep
|turn|5
|
|t:|1784811465
|move|p2a: Delphox|Protect|p2a: Delphox
|-singleturn|p2a: Delphox|Protect
|move|p1b: Hatterene|Psychic|p2b: Sinistcha
|-damage|p2b: Sinistcha|0 fnt
|faint|p2b: Sinistcha
|-damage|p1b: Hatterene|45/100 brn|[from] item: Life Orb
|move|p1a: Audino|Hyper Voice|p2a: Delphox
|-activate|p2a: Delphox|move: Protect
|
|-damage|p1b: Hatterene|39/100 brn|[from] brn
|-damage|p1a: Audino|69/100 brn|[from] brn
|upkeep
|
|t:|1784811466
|switch|p2b: Rotom|Rotom-Wash, L50|100/100
|turn|6
|
|t:|1784811476
|move|p1b: Hatterene|Psychic|p2b: Rotom
|-damage|p2b: Rotom|49/100
|-damage|p1b: Hatterene|29/100 brn|[from] item: Life Orb
|move|p1a: Audino|Hyper Voice|p2b: Rotom|[spread] p2a,p2b
|-damage|p2a: Delphox|0 fnt
|-damage|p2b: Rotom|0 fnt
|faint|p2a: Delphox
|faint|p2b: Rotom
|
|win|angusgrind13
||angusgrind13 is ready for game 2.
||musse67 is ready for game 2.
|uhtml|next|Next: Game 2 of 3
