|j|☆SBDV
|j|☆Quill86
|html|SBDVQuill86    
|uhtml|bestof|Game 2 of a best-of-3
|t:|1757642750
|gametype|doubles
|player|p1|SBDV|sailor|1127
|player|p2|Quill86|lucas|1227
|gen|9
|tier|[Gen 9] VGC 2025 Reg H (Bo3)
|rated|
|rule|Species Clause: Limit one of each Pokémon
|rule|Item Clause: Limit 1 of each item
|clearpoke
|poke|p1|Dragonite, L50, M|
|poke|p1|Gholdengo, L50|
|poke|p1|Ursaluna-Bloodmoon, L50, M|
|poke|p1|Annihilape, L50, F|
|poke|p1|Maushold-Four, L50|
|poke|p1|Rillaboom, L50, F|
|poke|p2|Incineroar, L50, F|
|poke|p2|Gholdengo, L50|
|poke|p2|Ursaluna-Bloodmoon, L50, M|
|poke|p2|Amoonguss, L50, F|
|poke|p2|Indeedee-F, L50, F|
|poke|p2|Gallade, L50, M|
|teampreview|4
|showteam|p1|Dragonite||LoadedDice|Multiscale|Tailwind,ScaleShot,Haze,Protect|||M|||50|,,,,,Fairy]Gholdengo||LifeOrb|GoodasGold|NastyPlot,Protect,MakeItRain,ShadowBall||||||50|,,,,,Water]Ursaluna-Bloodmoon||AssaultVest|MindsEye|BloodMoon,VacuumWave,HyperVoice,EarthPower|||M|||50|,,,,,Water]Annihilape||SitrusBerry|Defiant|DrainPunch,RageFist,BulkUp,Protect|||F|||50|,,,,,Fire]Maushold-Four||FocusSash|FriendGuard|SuperFang,BeatUp,FollowMe,Protect||||||50|,,,,,Ghost]Rillaboom||MiracleSeed|GrassySurge|WoodHammer,GrassyGlide,HighHorsepower,FakeOut|||F|||50|,,,,,Fire
|showteam|p2|Incineroar||SafetyGoggles|Intimidate|FakeOut,FlareBlitz,KnockOff,PartingShot|||F|||50|,,,,,Ghost]Gholdengo||SitrusBerry|GoodasGold|MakeItRain,ShadowBall,NastyPlot,Protect||||||50|,,,,,Water]Ursaluna-Bloodmoon||LifeOrb|MindsEye|BloodMoon,HyperVoice,EarthPower,Protect|||M|||50|,,,,,Normal]Amoonguss||MentalHerb|Regenerator|Spore,RagePowder,PollenPuff,ClearSmog|||F|||50|,,,,,Dragon]Indeedee-F||PsychicSeed|PsychicSurge|FollowMe,TrickRoom,HelpingHand,DazzlingGleam|||F|||50|,,,,,Fairy]Gallade||ClearAmulet|Sharpness|SacredSword,PsychoCut,WideGuard,TrickRoom|||M|||50|,,,,,Grass
|inactive|Battle timer is ON: inactive players will automatically lose when time's up. (requested by Quill86)
|inactive|SBDV has 60 seconds left.
|inactive|SBDV has 30 seconds left.
|inactive|SBDV has 20 seconds left.
|inactive|SBDV has 15 seconds left.
|
|t:|1757642850
|teamsize|p1|4
|teamsize|p2|4
|start
|switch|p1a: Maushold|Maushold-Four, L50|100/100
|switch|p1b: Ursaluna|Ursaluna-Bloodmoon, L50, M|100/100
|switch|p2a: Indeedee|Indeedee-F, L50, F|100/100
|switch|p2b: Gallade|Gallade, L50, M|100/100
|-fieldstart|move: Psychic Terrain|[from] ability: Psychic Surge|[of] p2a: Indeedee
|-enditem|p2a: Indeedee|Psychic Seed
|-boost|p2a: Indeedee|spd|1|[from] item: Psychic Seed
|turn|1
|
|t:|1757642874
|move|p1a: Maushold|Super Fang|p2b: Gallade
|-damage|p2b: Gallade|51/100
|move|p2a: Indeedee|Dazzling Gleam|p1a: Maushold|[spread] p1a,p1b
|-damage|p1a: Maushold|84/100
|-damage|p1b: Ursaluna|94/100
|move|p1b: Ursaluna|Blood Moon|p2b: Gallade
|-damage|p2b: Gallade|0 fnt
|faint|p2b: Gallade
|
|upkeep
|
|t:|1757642880
|switch|p2b: Incineroar|Incineroar, L50, F|100/100
|-ability|p2b: Incineroar|Intimidate|boost
|-unboost|p1a: Maushold|atk|1
|-unboost|p1b: Ursaluna|atk|1
|turn|2
|inactive|SBDV has 30 seconds left.
|inactive|SBDV has 20 seconds left.
|inactive|SBDV has 15 seconds left.
|
|t:|1757642923
|move|p1a: Maushold|Super Fang|p2a: Indeedee
|-damage|p2a: Indeedee|51/100
|move|p2b: Incineroar|Parting Shot|p1b: Ursaluna
|-unboost|p1b: Ursaluna|atk|1
|-unboost|p1b: Ursaluna|spa|1
|
|t:|1757642928
|switch|p2b: Ursaluna|Ursaluna-Bloodmoon, L50, M|100/100|[from] Parting Shot
|move|p1b: Ursaluna|Earth Power|p2a: Indeedee
|-damage|p2a: Indeedee|28/100
|move|p2a: Indeedee|Trick Room|p2a: Indeedee
|-fieldstart|move: Trick Room|[of] p2a: Indeedee
|
|upkeep
|turn|3
|inactive|SBDV has 30 seconds left.
|inactive|SBDV has 20 seconds left.
|
|t:|1757642965
|switch|p2a: Incineroar|Incineroar, L50, F|100/100
|-ability|p2a: Incineroar|Intimidate|boost
|-unboost|p1a: Maushold|atk|1
|-unboost|p1b: Ursaluna|atk|1
|-terastallize|p2b: Ursaluna|Normal
|move|p2b: Ursaluna|Hyper Voice|p1b: Ursaluna|[spread] p1a,p1b
|-damage|p1a: Maushold|0 fnt
|-damage|p1b: Ursaluna|60/100
|faint|p1a: Maushold
|-damage|p2b: Ursaluna|90/100|[from] item: Life Orb
|move|p1b: Ursaluna|Blood Moon|p2a: Incineroar
|-damage|p2a: Incineroar|54/100
|
|upkeep
|
|t:|1757642985
|switch|p1a: Rillaboom|Rillaboom, L50, F|100/100
|-fieldstart|move: Grassy Terrain|[from] ability: Grassy Surge|[of] p1a: Rillaboom
|turn|4
|
|t:|1757643002
|switch|p1b: Annihilape|Annihilape, L50, F|100/100
|move|p2a: Incineroar|Fake Out|p1a: Rillaboom
|-damage|p1a: Rillaboom|90/100
|cant|p1a: Rillaboom|flinch
|move|p2b: Ursaluna|Hyper Voice|p1b: Annihilape|[spread] p1a,p1b
|-damage|p1a: Rillaboom|8/100
|-damage|p1b: Annihilape|40/100
|-enditem|p1b: Annihilape|Sitrus Berry|[eat]
|-heal|p1b: Annihilape|65/100|[from] item: Sitrus Berry
|-damage|p2b: Ursaluna|80/100|[from] item: Life Orb
|
|-heal|p2b: Ursaluna|86/100|[from] Grassy Terrain
|-heal|p2a: Incineroar|60/100|[from] Grassy Terrain
|-heal|p1a: Rillaboom|14/100|[from] Grassy Terrain
|-heal|p1b: Annihilape|72/100|[from] Grassy Terrain
|upkeep
|turn|5
|inactive|SBDV has 30 seconds left.
|
|t:|1757643034
|switch|p1a: Ursaluna|Ursaluna-Bloodmoon, L50, M|60/100
|move|p1b: Annihilape|Protect|p1b: Annihilape
|-singleturn|p1b: Annihilape|Protect
|move|p2b: Ursaluna|Hyper Voice|p1a: Ursaluna|[spread] p1a
|-activate|p1b: Annihilape|move: Protect
|-crit|p1a: Ursaluna
|-damage|p1a: Ursaluna|0 fnt
|faint|p1a: Ursaluna
|-damage|p2b: Ursaluna|76/100|[from] item: Life Orb
|move|p2a: Incineroar|Flare Blitz|p1b: Annihilape
|-activate|p1b: Annihilape|move: Protect
|
|-heal|p2b: Ursaluna|82/100|[from] Grassy Terrain
|-heal|p2a: Incineroar|66/100|[from] Grassy Terrain
|-heal|p1b: Annihilape|78/100|[from] Grassy Terrain
|upkeep
|
|t:|1757643048
|switch|p1a: Rillaboom|Rillaboom, L50, F|14/100
|turn|6
|
|t:|1757643070
|switch|p2a: Indeedee|Indeedee-F, L50, F|28/100
|-fieldstart|move: Psychic Terrain|[from] ability: Psychic Surge|[of] p2a: Indeedee
|-terastallize|p1b: Annihilape|Fire
|move|p2b: Ursaluna|Blood Moon|p1b: Annihilape
|-damage|p1b: Annihilape|0 fnt
|faint|p1b: Annihilape
|-damage|p2b: Ursaluna|72/100|[from] item: Life Orb
|move|p1a: Rillaboom|High Horsepower|p2a: Indeedee
|-damage|p2a: Indeedee|0 fnt
|faint|p2a: Indeedee
|
|-fieldend|move: Trick Room
|upkeep
|
|t:|1757643083
|switch|p2a: Incineroar|Incineroar, L50, F|66/100
|-ability|p2a: Incineroar|Intimidate|boost
|-unboost|p1a: Rillaboom|atk|1
|turn|7
|-message|SBDV forfeited.
|
|win|Quill86
|raw|SBDV's rating: 1127 → 1109(-18 for losing)
|raw|Quill86's rating: 1227 → 1245(+18 for winning)
|l|☆SBDV
|player|p1|
