|j|☆KKirby
|j|☆bandicoot25
|html|KKirbybandicoot25    
|uhtml|bestof|Game 2 of a best-of-3
|t:|1783845616
|gametype|doubles
|player|p1|KKirby|benga|1394
|player|p2|bandicoot25|blaine|1421
|gen|9
|tier|[Gen 9 Champions] VGC 2026 Reg M-B (Bo3)
|rated|
|rule|Species Clause: Limit one of each Pokémon
|rule|Item Clause: Limit 1 of each item
|clearpoke
|poke|p1|Scovillain, L50, F|
|poke|p1|Gholdengo, L50|
|poke|p1|Araquanid, L50, F|
|poke|p1|Espathra, L50, M|
|poke|p1|Incineroar, L50, M|
|poke|p1|Garchomp, L50, F|
|poke|p2|Charizard, L50, M|
|poke|p2|Garchomp, L50, M|
|poke|p2|Sylveon, L50, M|
|poke|p2|Farigiraf, L50, M|
|poke|p2|Kingambit, L50, F|
|poke|p2|Aerodactyl, L50, F|
|teampreview|4
|showteam|p1|Scovillain||Scovillainite|Moody|RagePowder,LeechSeed,Flamethrower,Protect|Bold||F|||50|]Gholdengo||SitrusBerry|GoodasGold|MakeItRain,ShadowBall,NastyPlot,Protect|Modest|||||50|]Araquanid||MysticWater|WaterBubble|Liquidation,WideGuard,Infestation,Protect|Adamant||F|||50|]Espathra||ColburBerry|SpeedBoost|CalmMind,Protect,BatonPass,LuminaCrash|Bold||M|||50|]Incineroar||ShucaBerry|Intimidate|FakeOut,ThroatChop,FlareBlitz,PartingShot|Careful||M|||50|]Garchomp||LifeOrb|RoughSkin|StompingTantrum,RockSlide,DragonClaw,Protect|Jolly||F|||50|
|showteam|p2|Charizard||CharizarditeY|Blaze|Protect,HeatWave,WeatherBall,SolarBeam|Modest||M|||50|]Garchomp||LifeOrb|RoughSkin|Protect,DragonClaw,StompingTantrum,Earthquake|Jolly||M|||50|]Sylveon||FairyFeather|Pixilate|Detect,QuickAttack,HyperVoice,HyperBeam|Modest||M|||50|]Farigiraf||SitrusBerry|ArmorTail|TwinBeam,Thunderbolt,Roar,TrickRoom|Bold||M|||50|]Kingambit||FocusSash|Defiant|KowtowCleave,IronHead,SuckerPunch,LowKick|Adamant||F|||50|]Aerodactyl||Aerodactylite|RockHead|RockSlide,DualWingbeat,IceFang,Tailwind|Jolly||F|||50|
|inactive|Battle timer is ON: inactive players will automatically lose when time's up. (requested by KKirby)
|
|t:|1783845638
|teamsize|p1|4
|teamsize|p2|4
|start
|switch|p1a: Incineroar|Incineroar, L50, M|100/100
|switch|p1b: Garchomp|Garchomp, L50, F|100/100
|switch|p2a: Charizard|Charizard, L50, M|100/100
|switch|p2b: Kingambit|Kingambit, L50, F|100/100
|-ability|p1a: Incineroar|Intimidate|boost
|-unboost|p2a: Charizard|atk|1
|-unboost|p2b: Kingambit|atk|1
|-ability|p2b: Kingambit|Defiant|boost
|-boost|p2b: Kingambit|atk|2
|turn|1
|
|t:|1783845651
|switch|p2a: Farigiraf|Farigiraf, L50, M|100/100
|move|p1b: Garchomp|Rock Slide|p2b: Kingambit|[spread] p2a,p2b
|-resisted|p2b: Kingambit|1
|-damage|p2a: Farigiraf|79/100
|-damage|p2b: Kingambit|89/100
|-damage|p1b: Garchomp|90/100|[from] item: Life Orb
|move|p2b: Kingambit|Low Kick|p1a: Incineroar
|-supereffective|p1a: Incineroar|1
|-damage|p1a: Incineroar|20/100y
|move|p1a: Incineroar|Flare Blitz|p2b: Kingambit
|-supereffective|p2b: Kingambit|1
|-damage|p2b: Kingambit|2/100
|-damage|p1a: Incineroar|0 fnt|[from] Recoil
|faint|p1a: Incineroar
|
|upkeep
|
|t:|1783845666
|switch|p1a: Scovillain|Scovillain, L50, F|100/100
|turn|2
|
|t:|1783845683
|detailschange|p1a: Scovillain|Scovillain-Mega, L50, F
|-mega|p1a: Scovillain|Scovillain|Scovillainite
|move|p1a: Scovillain|Rage Powder|p1a: Scovillain
|-singleturn|p1a: Scovillain|move: Rage Powder
|move|p2b: Kingambit|Sucker Punch||[still]
|-fail|p2b: Kingambit
|move|p1b: Garchomp|Rock Slide|p2b: Kingambit|[spread] p2b
|-miss|p1b: Garchomp|p2a: Farigiraf
|-resisted|p2b: Kingambit|1
|-damage|p2b: Kingambit|0 fnt
|faint|p2b: Kingambit
|-damage|p1b: Garchomp|80/100|[from] item: Life Orb
|move|p2a: Farigiraf|Twin Beam|p1a: Scovillain
|-damage|p1a: Scovillain|80/100
|-status|p2a: Farigiraf|brn|[from] ability: Spicy Spray|[of] p1a: Scovillain
|-damage|p1a: Scovillain|62/100
|-hitcount|p1a: Scovillain|2
|
|-damage|p2a: Farigiraf|73/100 brn|[from] brn
|upkeep
|
|t:|1783845692
|switch|p2b: Sylveon|Sylveon, L50, M|100/100
|turn|3
|
|t:|1783845699
|switch|p1b: Araquanid|Araquanid, L50, F|100/100
|move|p1a: Scovillain|Protect|p1a: Scovillain
|-singleturn|p1a: Scovillain|Protect
|move|p2b: Sylveon|Hyper Voice|p1a: Scovillain|[spread] p1b
|-activate|p1a: Scovillain|move: Protect
|-damage|p1b: Araquanid|64/100
|move|p2a: Farigiraf|Twin Beam|p1a: Scovillain
|-activate|p1a: Scovillain|move: Protect
|
|-damage|p2a: Farigiraf|66/100 brn|[from] brn
|upkeep
|turn|4
|
|t:|1783845714
|move|p1a: Scovillain|Rage Powder|p1a: Scovillain
|-singleturn|p1a: Scovillain|move: Rage Powder
|move|p2b: Sylveon|Hyper Beam|p1a: Scovillain|[miss]
|-miss|p2b: Sylveon|p1a: Scovillain
|move|p2a: Farigiraf|Thunderbolt|p1a: Scovillain
|-resisted|p1a: Scovillain|1
|-damage|p1a: Scovillain|47/100
|move|p1b: Araquanid|Liquidation|p2b: Sylveon
|-damage|p2b: Sylveon|17/100
|
|-damage|p2a: Farigiraf|60/100 brn|[from] brn
|upkeep
|turn|5
|inactive|KKirby has 30 seconds left.
|
|t:|1783845741
|move|p2b: Sylveon|Detect|p2b: Sylveon
|-singleturn|p2b: Sylveon|Protect
|move|p1b: Araquanid|Wide Guard|p1b: Araquanid
|-singleturn|p1b: Araquanid|Wide Guard
|move|p1a: Scovillain|Leech Seed|p2a: Farigiraf
|-start|p2a: Farigiraf|move: Leech Seed
|move|p2a: Farigiraf|Thunderbolt|p1b: Araquanid
|-supereffective|p1b: Araquanid|1
|-damage|p1b: Araquanid|21/100
|
|-damage|p2a: Farigiraf|48/100 brn|[from] Leech Seed|[of] p1a: Scovillain
|-heal|p1a: Scovillain|62/100|[silent]
|-damage|p2a: Farigiraf|42/100 brn|[from] brn
|upkeep
|-enditem|p2a: Farigiraf|Sitrus Berry|[eat]
|-heal|p2a: Farigiraf|67/100 brn|[from] item: Sitrus Berry
|turn|6
|inactive|KKirby has 30 seconds left.
|inactive|KKirby has 20 seconds left.
|inactive|KKirby has 15 seconds left.
|inactive|KKirby has 10 seconds left.
|
|t:|1783845789
|switch|p2a: Charizard|Charizard, L50, M|100/100
|move|p1a: Scovillain|Protect|p1a: Scovillain
|-singleturn|p1a: Scovillain|Protect
|move|p2b: Sylveon|Hyper Beam|p1a: Scovillain
|-activate|p1a: Scovillain|move: Protect
|move|p1b: Araquanid|Liquidation|p2a: Charizard
|-supereffective|p2a: Charizard|1
|-damage|p2a: Charizard|0 fnt
|faint|p2a: Charizard
|
|upkeep
|-message|bandicoot25 forfeited.
|
|win|KKirby
|raw|KKirby's rating: 1394 → 1416(+22 for winning)
|raw|bandicoot25's rating: 1421 → 1399(-22 for losing)
|l|☆bandicoot25
|player|p2|
