|j|☆Gamertag1001
|j|☆Stutesting
|html|Gamertag1001Stutesting    
|uhtml|bestof|Game 1 of a best-of-3
|t:|1757743082
|gametype|doubles
|player|p1|Gamertag1001|bugcatcher-gen4dp|1180
|player|p2|Stutesting|170|1258
|gen|9
|tier|[Gen 9] VGC 2025 Reg H (Bo3)
|rated|
|rule|Species Clause: Limit one of each Pokémon
|rule|Item Clause: Limit 1 of each item
|clearpoke
|poke|p1|Dragonite, L50, M|
|poke|p1|Sneasler, L50, F|
|poke|p1|Rillaboom, L50, F|
|poke|p1|Electabuzz, L50, F|
|poke|p1|Ursaluna-Bloodmoon, L50, M|
|poke|p1|Primarina, L50, M|
|poke|p2|Amoonguss, L50, F|
|poke|p2|Incineroar, L50, F|
|poke|p2|Ceruledge, L50, F|
|poke|p2|Porygon2, L50|
|poke|p2|Palafin, L50, F|
|poke|p2|Ursaluna, L50, F|
|teampreview|4
|showteam|p1|Dragonite||LoadedDice|Multiscale|ScaleShot,Protect,StompingTantrum,Tailwind|||M|||50|,,,,,Fairy]Sneasler||FocusSash|Unburden|CloseCombat,DireClaw,Coaching,Protect|||F|||50|,,,,,Stellar]Rillaboom||MiracleSeed|GrassySurge|WoodHammer,GrassyGlide,Uturn,FakeOut|||F|||50|,,,,,Fire]Electabuzz||Eviolite|VitalSpirit|FollowMe,Thunderbolt,Taunt,Protect|||F|||50|,,,,,Poison]Ursaluna-Bloodmoon||AssaultVest|MindsEye|BloodMoon,HyperVoice,EarthPower,VacuumWave|||M|||50|,,,,,Ghost]Primarina||ThroatSpray|LiquidVoice|HyperVoice,Moonblast,Haze,Protect|||M|||50|,,,,,Electric
|showteam|p2|Amoonguss||RockyHelmet|Regenerator|Spore,RagePowder,PollenPuff,Protect|||F|||50|,,,,,Dark]Incineroar||SafetyGoggles|Intimidate|FakeOut,KnockOff,FlareBlitz,PartingShot|||F|||50|,,,,,Ghost]Ceruledge||AssaultVest|FlashFire|BitterBlade,ShadowSneak,CloseCombat,TeraBlast|||F|||50|,,,,,Grass]Porygon2||Eviolite|Download|TeraBlast,IceBeam,TrickRoom,Recover||||||50|,,,,,Fairy]Palafin||MysticWater|ZerotoHero|JetPunch,WaveCrash,CloseCombat,Protect|||F|||50|,,,,,Water]Ursaluna||FlameOrb|Guts|Facade,HeadlongRush,Earthquake,Protect|||F|||50|,,,,,Poison
|inactive|Battle timer is ON: inactive players will automatically lose when time's up. (requested by Stutesting)
|inactive|Gamertag1001 also wants the timer to be on.
|c|☆Stutesting|Glhf
|
|t:|1757743109
|teamsize|p1|4
|teamsize|p2|4
|start
|switch|p1a: Ursaluna|Ursaluna-Bloodmoon, L50, M|100/100
|switch|p1b: Sneasler|Sneasler, L50, F|100/100
|switch|p2a: Porygon2|Porygon2, L50|100/100
|switch|p2b: Ceruledge|Ceruledge, L50, F, shiny|100/100
|-ability|p2a: Porygon2|Download|boost
|-boost|p2a: Porygon2|spa|1
|turn|1
|inactive|Gamertag1001 has 30 seconds left.
|inactive|Stutesting has 30 seconds left.
|inactive|Stutesting has 20 seconds left.
|inactive|Stutesting has 15 seconds left.
|inactive|Stutesting has 10 seconds left.
|
|t:|1757743157
|-terastallize|p1a: Ursaluna|Ghost
|move|p1b: Sneasler|Dire Claw|p2a: Porygon2
|-damage|p2a: Porygon2|75/100
|move|p2b: Ceruledge|Close Combat|p1a: Ursaluna
|-immune|p1a: Ursaluna
|move|p1a: Ursaluna|Hyper Voice|p2a: Porygon2|[spread] p2a,p2b
|-damage|p2a: Porygon2|55/100
|-damage|p2b: Ceruledge|77/100
|move|p2a: Porygon2|Trick Room|p2a: Porygon2
|-fieldstart|move: Trick Room|[of] p2a: Porygon2
|
|upkeep
|turn|2
|inactive|Gamertag1001 has 30 seconds left.
|
|t:|1757743184
|move|p1a: Ursaluna|Earth Power|p2b: Ceruledge
|-supereffective|p2b: Ceruledge
|-damage|p2b: Ceruledge|5/100
|move|p2a: Porygon2|Ice Beam|p1a: Ursaluna
|-damage|p1a: Ursaluna|73/100
|move|p2b: Ceruledge|Bitter Blade|p1a: Ursaluna
|-damage|p1a: Ursaluna|42/100
|-heal|p2b: Ceruledge|24/100|[from] drain|[of] p1a: Ursaluna
|move|p1b: Sneasler|Close Combat|p2a: Porygon2
|-supereffective|p2a: Porygon2
|-damage|p2a: Porygon2|0 fnt
|-unboost|p1b: Sneasler|def|1
|-unboost|p1b: Sneasler|spd|1
|faint|p2a: Porygon2
|
|upkeep
|
|t:|1757743196
|switch|p2a: Ursaluna|Ursaluna, L50, F|100/100
|turn|3
|inactive|Gamertag1001 has 30 seconds left.
|inactive|Gamertag1001 has 20 seconds left.
|
|t:|1757743236
|-terastallize|p2a: Ursaluna|Poison
|move|p2b: Ceruledge|Shadow Sneak|p1a: Ursaluna
|-supereffective|p1a: Ursaluna
|-damage|p1a: Ursaluna|11/100
|move|p2a: Ursaluna|Earthquake|p1b: Sneasler|[spread] p2b,p1a,p1b
|-supereffective|p2b: Ceruledge
|-crit|p2b: Ceruledge
|-supereffective|p1b: Sneasler
|-damage|p2b: Ceruledge|0 fnt
|-damage|p1a: Ursaluna|0 fnt
|-enditem|p1b: Sneasler|Focus Sash
|-damage|p1b: Sneasler|1/100
|faint|p2b: Ceruledge
|faint|p1a: Ursaluna
|move|p1b: Sneasler|Close Combat|p2a: Ursaluna
|-resisted|p2a: Ursaluna
|-crit|p2a: Ursaluna
|-damage|p2a: Ursaluna|68/100
|-unboost|p1b: Sneasler|def|1
|-unboost|p1b: Sneasler|spd|1
|
|-status|p2a: Ursaluna|brn|[from] item: Flame Orb
|upkeep
|j| sam smithy
|
|t:|1757743245
|switch|p1a: Rillaboom|Rillaboom, L50, F|100/100
|switch|p2b: Amoonguss|Amoonguss, L50, F|100/100
|-fieldstart|move: Grassy Terrain|[from] ability: Grassy Surge|[of] p1a: Rillaboom
|turn|4
|
|t:|1757743268
|move|p1a: Rillaboom|Fake Out|p2a: Ursaluna
|-damage|p2a: Ursaluna|58/100 brn
|move|p2b: Amoonguss|Pollen Puff|p1b: Sneasler
|-resisted|p1b: Sneasler
|-damage|p1b: Sneasler|0 fnt
|faint|p1b: Sneasler
|cant|p2a: Ursaluna|flinch
|
|-heal|p2a: Ursaluna|64/100 brn|[from] Grassy Terrain
|-damage|p2a: Ursaluna|58/100 brn|[from] brn
|upkeep
|
|t:|1757743274
|switch|p1b: Primarina|Primarina, L50, M|100/100
|turn|5
|
|t:|1757743286
|move|p1a: Rillaboom|Grassy Glide|p2a: Ursaluna
|-resisted|p2a: Ursaluna
|-damage|p2a: Ursaluna|43/100 brn
|move|p2b: Amoonguss|Pollen Puff|p2a: Ursaluna
|-heal|p2a: Ursaluna|93/100 brn
|move|p2a: Ursaluna|Facade|p1a: Rillaboom
|-damage|p1a: Rillaboom|0 fnt
|faint|p1a: Rillaboom
|move|p1b: Primarina|Hyper Voice|p2a: Ursaluna|[spread] p2a,p2b
|-resisted|p2b: Amoonguss
|-damage|p2a: Ursaluna|64/100 brn
|-damage|p2b: Amoonguss|86/100
|-enditem|p1b: Primarina|Throat Spray
|-boost|p1b: Primarina|spa|1|[from] item: Throat Spray
|
|-heal|p2b: Amoonguss|92/100|[from] Grassy Terrain
|-heal|p2a: Ursaluna|70/100 brn|[from] Grassy Terrain
|-damage|p2a: Ursaluna|64/100 brn|[from] brn
|-fieldend|move: Trick Room
|upkeep
|turn|6
|
|t:|1757743302
|move|p1b: Primarina|Hyper Voice|p2b: Amoonguss|[spread] p2a,p2b
|-resisted|p2b: Amoonguss
|-damage|p2a: Ursaluna|19/100 brn
|-damage|p2b: Amoonguss|74/100
|move|p2a: Ursaluna|Facade|p1b: Primarina
|-damage|p1b: Primarina|0 fnt
|faint|p1b: Primarina
|
|win|Stutesting
||Stutesting is ready for game 2.
|l|☆Stutesting
|player|p2|
||Gamertag1001 is ready for game 2.
|uhtml|next|Next: Game 2 of 3
