|j|☆pistoiese1312
|j|☆x-demon18
|html|pistoiese1312x-demon18    
|uhtml|bestof|Game 1 of a best-of-3
|t:|1784039979
|gametype|doubles
|player|p1|pistoiese1312|265|1160
|player|p2|x-demon18|lucas|1200
|gen|9
|tier|[Gen 9 Champions] VGC 2026 Reg M-B (Bo3)
|rated|
|rule|Species Clause: Limit one of each Pokémon
|rule|Item Clause: Limit 1 of each item
|clearpoke
|poke|p1|Gengar, L50, F|
|poke|p1|Incineroar, L50, F|
|poke|p1|Floette-Eternal, L50, F|
|poke|p1|Kingambit, L50, M|
|poke|p1|Kommo-o, L50, M|
|poke|p1|Sneasler, L50, F|
|poke|p2|Incineroar, L50, F|
|poke|p2|Rotom-Wash, L50|
|poke|p2|Venusaur, L50, F|
|poke|p2|Garchomp, L50, M|
|poke|p2|Sylveon, L50, F|
|poke|p2|Corviknight, L50, F|
|teampreview|4
|showteam|p1|Gengar||Gengarite|CursedBody|ShadowBall,PerishSong,Disable,Protect|Modest||F|||50|]Incineroar||PasshoBerry|Intimidate|FlareBlitz,PartingShot,FakeOut,Protect|Relaxed||F|||50|]Floette-Eternal||Floettite|FlowerVeil|LightofRuin,Moonblast,DazzlingGleam,Protect|Calm||F|||50|]Kingambit||BlackGlasses|Defiant|SuckerPunch,KowtowCleave,SwordsDance,Protect|Adamant||M|||50|]Kommo-o||Leftovers|Soundproof|AuraSphere,ClangingScales,ClangorousSoul,Protect|Modest||M|||50|]Sneasler||WhiteHerb|Unburden|DireClaw,CloseCombat,FakeOut,Protect|Adamant||F|||50|
|showteam|p2|Incineroar||ExpertBelt|Intimidate|FakeOut,TemperFlare,ThroatChop,PartingShot|Adamant||F|||50|]Rotom-Wash||SitrusBerry|Levitate|HydroPump,Electroweb,WillOWisp,VoltSwitch|Modest|||||50|]Venusaur||Venusaurite|Chlorophyll|GigaDrain,SludgeBomb,EarthPower,Protect|Modest||F|||50|]Garchomp||LifeOrb|RoughSkin|RockSlide,DragonClaw,StompingTantrum,Protect|Jolly||M|||50|]Sylveon||FairyFeather|Pixilate|HyperVoice,QuickAttack,Yawn,Detect|Modest||F|||50|]Corviknight||OccaBerry|MirrorArmor|Tailwind,BraveBird,IronHead,BodyPress|Careful||F|||50|
|inactive|Battle timer is ON: inactive players will automatically lose when time's up. (requested by x-demon18)
|
|t:|1784040119
|teamsize|p1|4
|teamsize|p2|4
|start
|switch|p1a: Gengar|Gengar, L50, F|100/100
|switch|p1b: Sneasler|Sneasler, L50, F|100/100
|switch|p2a: Griffith|Corviknight, L50, F|100/100
|switch|p2b: Yggdrasil|Venusaur, L50, F|100/100
|turn|1
|inactive|x-demon18 has 30 seconds left.
|
|t:|1784040148
|detailschange|p1a: Gengar|Gengar-Mega, L50, F
|-mega|p1a: Gengar|Gengar|Gengarite
|detailschange|p2b: Yggdrasil|Venusaur-Mega, L50, F
|-mega|p2b: Yggdrasil|Venusaur|Venusaurite
|move|p1b: Sneasler|Fake Out|p2b: Yggdrasil
|-damage|p2b: Yggdrasil|87/100
|move|p1a: Gengar|Perish Song|p1a: Gengar
|-start|p1a: Gengar|perish3|[silent]
|-start|p1b: Sneasler|perish3|[silent]
|-start|p2a: Griffith|perish3|[silent]
|-start|p2b: Yggdrasil|perish3|[silent]
|-fieldactivate|move: Perish Song
|cant|p2b: Yggdrasil|flinch
|move|p2a: Griffith|Iron Head|p1a: Gengar
|-damage|p1a: Gengar|68/100
|
|-start|p1b: Sneasler|perish3
|-start|p1a: Gengar|perish3
|-start|p2b: Yggdrasil|perish3
|-start|p2a: Griffith|perish3
|upkeep
|turn|2
|inactive|x-demon18 has 30 seconds left.
|
|t:|1784040173
|switch|p1b: Incineroar|Incineroar, L50, F|100/100
|-ability|p1b: Incineroar|Intimidate|boost
|-ability|p2a: Griffith|Mirror Armor
|-unboost|p1b: Incineroar|atk|1
|-unboost|p2b: Yggdrasil|atk|1
|move|p1a: Gengar|Protect|p1a: Gengar
|-singleturn|p1a: Gengar|Protect
|move|p2b: Yggdrasil|Earth Power|p1b: Incineroar
|-supereffective|p1b: Incineroar|1
|-damage|p1b: Incineroar|47/100
|move|p2a: Griffith|Brave Bird|p1a: Gengar
|-activate|p1a: Gengar|move: Protect
|
|-start|p1a: Gengar|perish2
|-start|p2b: Yggdrasil|perish2
|-start|p2a: Griffith|perish2
|upkeep
|turn|3
|inactive|pistoiese1312 has 30 seconds left.
|inactive|x-demon18 has 30 seconds left.
|inactive|pistoiese1312 has 20 seconds left.
|
|t:|1784040209
|move|p1b: Incineroar|Fake Out|p2b: Yggdrasil
|-crit|p2b: Yggdrasil
|-damage|p2b: Yggdrasil|75/100
|move|p1a: Gengar|Disable|p2a: Griffith
|-start|p2a: Griffith|Disable|Brave Bird
|cant|p2b: Yggdrasil|flinch
|cant|p2a: Griffith|Disable|Brave Bird
|
|-start|p1a: Gengar|perish1
|-start|p2b: Yggdrasil|perish1
|-start|p2a: Griffith|perish1
|upkeep
|turn|4
|inactive|pistoiese1312 has 30 seconds left.
|inactive|x-demon18 has 30 seconds left.
|
|t:|1784040241
|switch|p1a: Sneasler|Sneasler, L50, F|100/100
|move|p1b: Incineroar|Protect|p1b: Incineroar
|-singleturn|p1b: Incineroar|Protect
|move|p2b: Yggdrasil|Earth Power|p1a: Sneasler
|-supereffective|p1a: Sneasler|1
|-damage|p1a: Sneasler|21/100
|move|p2a: Griffith|Body Press|p1b: Incineroar
|-activate|p1b: Incineroar|move: Protect
|
|-start|p2b: Yggdrasil|perish0
|-start|p2a: Griffith|perish0
|faint|p2b: Yggdrasil
|faint|p2a: Griffith
|upkeep
|
|t:|1784040256
|switch|p2b: HydroVolt|Rotom-Wash, L50|100/100
|switch|p2a: Berserk|Garchomp, L50, M|100/100
|turn|5
|inactive|pistoiese1312 has 30 seconds left.
|
|t:|1784040287
|switch|p1b: Gengar|Gengar-Mega, L50, F|68/100
|move|p1a: Sneasler|Close Combat|p2b: HydroVolt
|-damage|p2b: HydroVolt|28/100
|-unboost|p1a: Sneasler|def|1
|-unboost|p1a: Sneasler|spd|1
|-enditem|p2b: HydroVolt|Sitrus Berry|[eat]
|-heal|p2b: HydroVolt|53/100|[from] item: Sitrus Berry
|-enditem|p1a: Sneasler|White Herb
|-clearnegativeboost|p1a: Sneasler|[silent]
|move|p2a: Berserk|Stomping Tantrum|p1b: Gengar
|-supereffective|p1b: Gengar|1
|-damage|p1b: Gengar|0 fnt
|faint|p1b: Gengar
|-damage|p2a: Berserk|90/100|[from] item: Life Orb
|move|p2b: HydroVolt|Electroweb|p1a: Sneasler
|-damage|p1a: Sneasler|0 fnt
|faint|p1a: Sneasler
|
|upkeep
|
|t:|1784040306
|switch|p1a: Kingambit|Kingambit, L50, M|100/100
|switch|p1b: Incineroar|Incineroar, L50, F|47/100
|-ability|p1b: Incineroar|Intimidate|boost
|-unboost|p2a: Berserk|atk|1
|-unboost|p2b: HydroVolt|atk|1
|turn|6
|
|t:|1784040325
|move|p1b: Incineroar|Fake Out|p2a: Berserk
|-damage|p2a: Berserk|79/100
|-damage|p1b: Incineroar|34/100|[from] ability: Rough Skin|[of] p2a: Berserk
|cant|p2a: Berserk|flinch
|move|p2b: HydroVolt|Will-O-Wisp|p1a: Kingambit
|-status|p1a: Kingambit|brn
|move|p1a: Kingambit|Swords Dance|p1a: Kingambit
|-boost|p1a: Kingambit|atk|2
|
|-damage|p1a: Kingambit|94/100 brn|[from] brn
|upkeep
|turn|7
|
|t:|1784040342
|move|p2a: Berserk|Stomping Tantrum|p1a: Kingambit
|-supereffective|p1a: Kingambit|1
|-damage|p1a: Kingambit|0 fnt
|faint|p1a: Kingambit
|-damage|p2a: Berserk|69/100|[from] item: Life Orb
|move|p2b: HydroVolt|Hydro Pump|p1b: Incineroar
|-supereffective|p1b: Incineroar|1
|-enditem|p1b: Incineroar|Passho Berry|[eat]
|-enditem|p1b: Incineroar|Passho Berry|[weaken]
|-damage|p1b: Incineroar|0 fnt
|faint|p1b: Incineroar
|
|win|x-demon18
|inactive|pistoiese1312 has 30 seconds to confirm battle start!
|inactive|x-demon18 has 30 seconds to confirm battle start!
||pistoiese1312 is ready for game 2.
