|j|☆ilovemigu
|j|☆EdRedRyan
|html|ilovemiguEdRedRyan    
|uhtml|bestof|Game 1 of a best-of-3
|t:|1784617900
|gametype|doubles
|player|p1|ilovemigu|swimmerf-gen4dp|1034
|player|p2|EdRedRyan|gambler|1037
|gen|9
|tier|[Gen 9 Champions] VGC 2026 Reg M-B (Bo3)
|rated|
|rule|Species Clause: Limit one of each Pokémon
|rule|Item Clause: Limit 1 of each item
|clearpoke
|poke|p1|Gallade, L50, M, shiny|
|poke|p1|Farigiraf, L50, F, shiny|
|poke|p1|Charizard, L50, F, shiny|
|poke|p1|Incineroar, L50, M, shiny|
|poke|p1|Tsareena, L50, F, shiny|
|poke|p1|Clefable, L50, F, shiny|
|poke|p2|Whimsicott, L50, F|
|poke|p2|Raichu, L50, M|
|poke|p2|Archaludon, L50, F|
|poke|p2|Pelipper, L50, M|
|poke|p2|Bellibolt, L50, F|
|poke|p2|Musharna, L50, M|
|teampreview|4
|showteam|p1|Gallade||Galladite|Justified|DrainPunch,ShadowSneak,RockSlide,Protect|Adamant||M|||50|]Farigiraf||SitrusBerry|ArmorTail|AllySwitch,Psychic,BeatUp|Relaxed||F|||50|]Charizard||CharizarditeY|SolarPower|HeatWave,SolarBeam,WeatherBall,Protect|Timid||F|||50|]Incineroar||ChopleBerry|Intimidate|PartingShot,FakeOut,FlareBlitz,ThroatChop|Relaxed||M|||50|]Tsareena||FocusSash|QueenlyMajesty|Acupressure,Protect,TripleAxel,LowKick|Jolly||F|||50|]Clefable||Leftovers|MagicGuard|CosmicPower,LifeDew,FollowMe,BatonPass|Bold||F|||50|
|showteam|p2|Whimsicott||FocusSash|Prankster|TrickRoom,Tailwind,Moonblast,Endeavor|Relaxed||F|||50|]Raichu||RaichuniteX|LightningRod|RainDance,FakeOut,VoltSwitch,Protect|Jolly||M|||50|]Archaludon||Leftovers|Stamina|FlashCannon,ElectroShot,DragonPulse,Protect|Modest||F|||50|]Pelipper||SitrusBerry|Drizzle|Hurricane,Tailwind,Soak,WideGuard|Modest||M|||50|]Bellibolt||Magnet|Electromorphosis|ParabolicCharge,Discharge,Protect,MuddyWater|Modest||F|||50|]Musharna||MentalHerb|Telepathy|TrickRoom,AllySwitch,HelpingHand,HealingWish|Sassy||M|||50|
|
|t:|1784617948
|teamsize|p1|4
|teamsize|p2|4
|start
|switch|p1a: Tsareena|Tsareena, L50, F, shiny|100/100
|switch|p1b: Clefable|Clefable, L50, F, shiny|100/100
|switch|p2a: Whimsicott|Whimsicott, L50, F|100/100
|switch|p2b: Raichu|Raichu, L50, M|100/100
|turn|1
|
|t:|1784617968
|detailschange|p2b: Raichu|Raichu-Mega-X, L50, M
|-mega|p2b: Raichu|Raichu|Raichunite X
|-fieldstart|move: Electric Terrain|[from] ability: Electric Surge|[of] p2b: Raichu
|move|p2b: Raichu|Volt Switch|p1a: Tsareena
|-resisted|p1a: Tsareena|1
|-damage|p1a: Tsareena|84/100
|
|t:|1784617980
|switch|p2b: Archaludon|Archaludon, L50, F|100/100|[from] Volt Switch
|move|p1a: Tsareena|Acupressure|p1b: Clefable
|-boost|p1b: Clefable|spe|2
|move|p1b: Clefable|Cosmic Power|p1b: Clefable
|-boost|p1b: Clefable|def|1
|-boost|p1b: Clefable|spd|1
|move|p2a: Whimsicott|Trick Room|p2a: Whimsicott
|-fieldstart|move: Trick Room|[of] p2a: Whimsicott
|
|upkeep
|turn|2
|
|t:|1784618003
|switch|p2a: Pelipper|Pelipper, L50, M|100/100
|-weather|RainDance|[from] ability: Drizzle|[of] p2a: Pelipper
|move|p2b: Archaludon|Electro Shot||[still]
|-prepare|p2b: Archaludon|Electro Shot
|-boost|p2b: Archaludon|spa|1
|-anim|p2b: Archaludon|Electro Shot|p1b: Clefable
|-damage|p1b: Clefable|48/100
|move|p1a: Tsareena|Acupressure|p1b: Clefable
|-boost|p1b: Clefable|spa|2
|move|p1b: Clefable|Cosmic Power|p1b: Clefable
|-boost|p1b: Clefable|def|1
|-boost|p1b: Clefable|spd|1
|
|-weather|RainDance|[upkeep]
|-heal|p1b: Clefable|54/100|[from] item: Leftovers
|upkeep
|turn|3
|
|t:|1784618032
|move|p2a: Pelipper|Soak|p1a: Tsareena
|-start|p1a: Tsareena|typechange|Water
|move|p2b: Archaludon|Electro Shot||[still]
|-prepare|p2b: Archaludon|Electro Shot
|-boost|p2b: Archaludon|spa|1
|-anim|p2b: Archaludon|Electro Shot|p1a: Tsareena
|-supereffective|p1a: Tsareena|1
|-damage|p1a: Tsareena|0 fnt
|faint|p1a: Tsareena
|move|p1b: Clefable|Baton Pass|p1b: Clefable
|
|t:|1784618043
|switch|p1b: Gallade|Gallade, L50, M, shiny|100/100|[from] Baton Pass
|
|-weather|RainDance|[upkeep]
|upkeep
|
|t:|1784618047
|switch|p1a: Clefable|Clefable, L50, F, shiny|54/100
|turn|4
|
|t:|1784618059
|detailschange|p1b: Gallade|Gallade-Mega, L50, M, shiny
|-mega|p1b: Gallade|Gallade|Galladite
|move|p1a: Clefable|Follow Me|p1a: Clefable
|-singleturn|p1a: Clefable|move: Follow Me
|move|p2a: Pelipper|Soak|p1a: Clefable
|-start|p1a: Clefable|typechange|Water
|move|p2b: Archaludon|Electro Shot||[still]
|-prepare|p2b: Archaludon|Electro Shot
|-boost|p2b: Archaludon|spa|1
|-anim|p2b: Archaludon|Electro Shot|p1a: Clefable
|-supereffective|p1a: Clefable|1
|-damage|p1a: Clefable|0 fnt
|faint|p1a: Clefable
|move|p1b: Gallade|Drain Punch|p2b: Archaludon
|-supereffective|p2b: Archaludon|1
|-damage|p2b: Archaludon|13/100
|-ability|p2b: Archaludon|Stamina|boost
|-boost|p2b: Archaludon|def|1
|
|-weather|RainDance|[upkeep]
|-heal|p2b: Archaludon|18/100|[from] item: Leftovers
|upkeep
|
|t:|1784618072
|switch|p1a: Farigiraf|Farigiraf, L50, F, shiny|100/100
|turn|5
|
|t:|1784618096
|switch|p2b: Whimsicott|Whimsicott, L50, F|100/100
|move|p1a: Farigiraf|Ally Switch|p1a: Farigiraf
|swap|p1a: Farigiraf|1|[from] move: Ally Switch
|move|p2a: Pelipper|Tailwind|p2a: Pelipper
|-sidestart|p2: EdRedRyan|move: Tailwind
|move|p1a: Gallade|Drain Punch|p2b: Whimsicott
|-resisted|p2b: Whimsicott|1
|-damage|p2b: Whimsicott|77/100
|
|-weather|RainDance|[upkeep]
|-fieldend|move: Trick Room
|-fieldend|move: Electric Terrain
|upkeep
|turn|6
|
|t:|1784618118
|move|p1a: Gallade|Rock Slide|p2a: Pelipper|[spread] p2a,p2b
|-supereffective|p2a: Pelipper|1
|-damage|p2a: Pelipper|42/100
|-damage|p2b: Whimsicott|53/100
|-enditem|p2a: Pelipper|Sitrus Berry|[eat]
|-heal|p2a: Pelipper|66/100|[from] item: Sitrus Berry
|move|p2b: Whimsicott|Moonblast|p1a: Gallade
|-supereffective|p1a: Gallade|1
|-damage|p1a: Gallade|72/100
|cant|p2a: Pelipper|flinch
|move|p1b: Farigiraf|Psychic|p2a: Pelipper
|-damage|p2a: Pelipper|19/100
|-unboost|p2a: Pelipper|spd|1
|
|-weather|none
|upkeep
|turn|7
|
|t:|1784618141
|switch|p2b: Raichu|Raichu-Mega-X, L50, M|100/100
|-fieldstart|move: Electric Terrain|[from] ability: Electric Surge|[of] p2b: Raichu
|move|p2a: Pelipper|Wide Guard|p2a: Pelipper
|-singleturn|p2a: Pelipper|Wide Guard
|move|p1a: Gallade|Rock Slide|p2b: Raichu|[spread] 
|-activate|p2a: Pelipper|move: Wide Guard
|-activate|p2b: Raichu|move: Wide Guard
|move|p1b: Farigiraf|Psychic|p2b: Raichu
|-damage|p2b: Raichu|55/100
|
|upkeep
|turn|8
|
|t:|1784618169
|move|p2b: Raichu|Rain Dance|p2b: Raichu
|-weather|RainDance
|move|p1a: Gallade|Drain Punch|p2b: Raichu
|-damage|p2b: Raichu|0 fnt
|-heal|p1a: Gallade|94/100|[from] drain|[of] p2b: Raichu
|faint|p2b: Raichu
|move|p2a: Pelipper|Hurricane|p1a: Gallade
|-supereffective|p1a: Gallade|1
|-damage|p1a: Gallade|46/100
|move|p1b: Farigiraf|Psychic|p2a: Pelipper
|-damage|p2a: Pelipper|0 fnt
|faint|p2a: Pelipper
|
|-weather|RainDance|[upkeep]
|-sideend|p2: EdRedRyan|move: Tailwind
|upkeep
|
|t:|1784618183
|switch|p2b: Whimsicott|Whimsicott, L50, F|53/100
|switch|p2a: Archaludon|Archaludon, L50, F|18/100
|turn|9
|
|t:|1784618198
|move|p2b: Whimsicott|Tailwind|p2b: Whimsicott
|-sidestart|p2: EdRedRyan|move: Tailwind
|move|p1a: Gallade|Drain Punch|p2a: Archaludon
|-supereffective|p2a: Archaludon|1
|-damage|p2a: Archaludon|0 fnt
|-heal|p1a: Gallade|56/100|[from] drain|[of] p2a: Archaludon
|faint|p2a: Archaludon
|move|p1b: Farigiraf|Psychic|p2b: Whimsicott
|-damage|p2b: Whimsicott|8/100
|
|-weather|RainDance|[upkeep]
|upkeep
|turn|10
|
|t:|1784618209
|move|p1a: Gallade|Shadow Sneak|p2b: Whimsicott
|-damage|p2b: Whimsicott|0 fnt
|faint|p2b: Whimsicott
|
|win|ilovemigu
||ilovemigu is ready for game 2.
|inactive|EdRedRyan has 30 seconds to confirm battle start!
|inactive|EdRedRyan has 20 seconds to confirm battle start!
