|j|☆RomeroBritoEBom
|j|☆Bujero A subir
|html|RomeroBritoEBomBujero A subir    
|uhtml|bestof|Game 2 of a best-of-3
|t:|1756494914
|gametype|doubles
|player|p1|RomeroBritoEBom|guzma|1116
|player|p2|Bujero A subir|acetrainercouple|1102
|gen|9
|tier|[Gen 9] VGC 2025 Reg H (Bo3)
|rated|
|rule|Species Clause: Limit one of each Pokémon
|rule|Item Clause: Limit 1 of each item
|clearpoke
|poke|p1|Gholdengo, L50|
|poke|p1|Glimmora, L50, F|
|poke|p1|Talonflame, L50, F|
|poke|p1|Dragonite, L50, F|
|poke|p1|Dondozo, L50, M|
|poke|p1|Tatsugiri, L50, F|
|poke|p2|Rillaboom, L50, M|
|poke|p2|Kingambit, L50, M|
|poke|p2|Sneasler, L50, M|
|poke|p2|Electabuzz, L50, M|
|poke|p2|Dragonite, L50, M|
|poke|p2|Volcarona, L50, M|
|teampreview|4
|showteam|p1|Gholdengo||ChoiceSpecs|GoodasGold|MakeItRain,ShadowBall,PowerGem,Thunderbolt||||||50|,,,,,Steel]Glimmora||PowerHerb|ToxicDebris|MeteorBeam,SludgeBomb,EarthPower,SpikyShield|||F|||50|,,,,,Grass]Talonflame||LifeOrb|GaleWings|BraveBird,FlareBlitz,Tailwind,WillOWisp|||F|||50|,,,,,Ghost]Dragonite||ChoiceBand|Multiscale|ExtremeSpeed,Outrage,AerialAce,Earthquake|||F|||50|,,,,,Normal]Dondozo||Leftovers|Unaware|WaveCrash,Earthquake,OrderUp,Protect|||M|||50|,,,,,Grass]Tatsugiri||FocusSash|Commander|DracoMeteor,MuddyWater,DragonPulse,Protect|||F|||50|,,,,,Stellar
|showteam|p2|Rillaboom||AssaultVest|GrassySurge|FakeOut,WoodHammer,HighHorsepower,GrassyGlide|||M|||50|,,,,,Fire]Kingambit||BlackGlasses|Defiant|KowtowCleave,SuckerPunch,SwordsDance,Protect|||M|||50|,,,,,Dark]Sneasler||GrassySeed|Unburden|CloseCombat,DireClaw,Protect,Coaching|||M|||50|,,,,,Stellar]Electabuzz||Eviolite|VitalSpirit|Electroweb,Taunt,FollowMe,Protect|||M|||50|,,,,,Dragon]Dragonite||LoadedDice|Multiscale|ScaleShot,Tailwind,Protect,Haze|||M|||50|,,,,,Fairy]Volcarona||CovertCloak|FlameBody|QuiverDance,TeraBlast,HeatWave,Protect|||M|||50|,,,,,Fairy
|inactive|Battle timer is ON: inactive players will automatically lose when time's up. (requested by RomeroBritoEBom)
|
|t:|1756494936
|teamsize|p1|4
|teamsize|p2|4
|start
|switch|p1a: Talonflame|Talonflame, L50, F|100/100
|switch|p1b: Glimmora|Glimmora, L50, F|100/100
|switch|p2a: Electabuzz|Electabuzz, L50, M, shiny|100/100
|switch|p2b: Volcarona|Volcarona, L50, M|100/100
|turn|1
|
|t:|1756494945
|move|p2b: Volcarona|Protect|p2b: Volcarona
|-singleturn|p2b: Volcarona|Protect
|move|p1a: Talonflame|Tailwind|p1a: Talonflame
|-sidestart|p1: RomeroBritoEBom|move: Tailwind
|move|p1b: Glimmora|Meteor Beam||[still]
|-prepare|p1b: Glimmora|Meteor Beam
|-boost|p1b: Glimmora|spa|1
|-enditem|p1b: Glimmora|Power Herb
|-anim|p1b: Glimmora|Meteor Beam|p2b: Volcarona
|-activate|p2b: Volcarona|move: Protect
|move|p2a: Electabuzz|Electroweb|p1a: Talonflame|[spread] p1a
|-miss|p2a: Electabuzz|p1b: Glimmora
|-supereffective|p1a: Talonflame
|-damage|p1a: Talonflame|57/100
|-unboost|p1a: Talonflame|spe|1
|
|upkeep
|turn|2
|
|t:|1756494968
|move|p2a: Electabuzz|Follow Me|p2a: Electabuzz
|-singleturn|p2a: Electabuzz|move: Follow Me
|move|p1b: Glimmora|Earth Power|p2a: Electabuzz
|-supereffective|p2a: Electabuzz
|-damage|p2a: Electabuzz|18/100
|move|p1a: Talonflame|Flare Blitz|p2a: Electabuzz
|-damage|p2a: Electabuzz|0 fnt
|faint|p2a: Electabuzz
|-damage|p1a: Talonflame|51/100|[from] Recoil
|-damage|p1a: Talonflame|42/100|[from] item: Life Orb
|move|p2b: Volcarona|Heat Wave|p1b: Glimmora|[spread] p1a,p1b
|-resisted|p1a: Talonflame
|-resisted|p1b: Glimmora
|-damage|p1a: Talonflame|14/100
|-damage|p1b: Glimmora|77/100
|
|upkeep
|
|t:|1756494990
|switch|p2a: Kingambit|Kingambit, L50, M, shiny|100/100
|turn|3
|
|t:|1756495005
|switch|p1a: Dragonite|Dragonite, L50, F|100/100
|-terastallize|p2a: Kingambit|Dark
|move|p2a: Kingambit|Sucker Punch|p1b: Glimmora
|-damage|p1b: Glimmora|0 fnt
|-activate|p1b: Glimmora|ability: Toxic Debris
|-sidestart|p2: Bujero A subir|move: Toxic Spikes
|faint|p1b: Glimmora
|move|p2b: Volcarona|Heat Wave|p1a: Dragonite
|-resisted|p1a: Dragonite
|-damage|p1a: Dragonite|90/100
|
|upkeep
|
|t:|1756495012
|switch|p1b: Gholdengo|Gholdengo, L50|100/100
|turn|4
|
|t:|1756495019
|-terastallize|p1b: Gholdengo|Steel
|move|p2b: Volcarona|Protect|p2b: Volcarona
|-singleturn|p2b: Volcarona|Protect
|move|p2a: Kingambit|Protect|p2a: Kingambit
|-singleturn|p2a: Kingambit|Protect
|move|p1a: Dragonite|Extreme Speed|p2b: Volcarona
|-activate|p2b: Volcarona|move: Protect
|move|p1b: Gholdengo|Make It Rain|p2a: Kingambit|[spread] 
|-activate|p2a: Kingambit|move: Protect
|-activate|p2b: Volcarona|move: Protect
|
|-sideend|p1: RomeroBritoEBom|move: Tailwind
|upkeep
|turn|5
|
|t:|1756495043
|move|p1a: Dragonite|Extreme Speed|p2b: Volcarona
|-damage|p2b: Volcarona|50/100
|-status|p1a: Dragonite|brn|[from] ability: Flame Body|[of] p2b: Volcarona
|move|p2a: Kingambit|Sucker Punch|p1b: Gholdengo
|-damage|p1b: Gholdengo|27/100
|move|p1b: Gholdengo|Make It Rain|p2b: Volcarona|[spread] p2a,p2b
|-resisted|p2b: Volcarona
|-crit|p2b: Volcarona
|-damage|p2a: Kingambit|5/100
|-damage|p2b: Volcarona|0 fnt
|-unboost|p1b: Gholdengo|spa|1
|faint|p2b: Volcarona
|
|-damage|p1a: Dragonite|84/100 brn|[from] brn
|upkeep
|
|t:|1756495058
|switch|p2b: Dragonite|Dragonite, L50, M, shiny|100/100
|turn|6
|
|t:|1756495064
|move|p2a: Kingambit|Protect|p2a: Kingambit
|-singleturn|p2a: Kingambit|Protect
|move|p1a: Dragonite|Extreme Speed|p2a: Kingambit
|-activate|p2a: Kingambit|move: Protect
|move|p1b: Gholdengo|Make It Rain|p2b: Dragonite|[spread] p2b
|-activate|p2a: Kingambit|move: Protect
|-damage|p2b: Dragonite|69/100
|-unboost|p1b: Gholdengo|spa|1
|move|p2b: Dragonite|Scale Shot|p1a: Dragonite|[miss]
|-miss|p2b: Dragonite|p1a: Dragonite
|
|-damage|p1a: Dragonite|78/100 brn|[from] brn
|upkeep
|turn|7
|
|t:|1756495079
|move|p1a: Dragonite|Extreme Speed|p2a: Kingambit
|-damage|p2a: Kingambit|0 fnt
|faint|p2a: Kingambit
|move|p1b: Gholdengo|Make It Rain|p2b: Dragonite
|-damage|p2b: Dragonite|0 fnt
|-unboost|p1b: Gholdengo|spa|1
|faint|p2b: Dragonite
|
|win|RomeroBritoEBom
|raw|RomeroBritoEBom's rating: 1116 → 1140(+24 for winning)
|raw|Bujero A subir's rating: 1102 → 1078(-24 for losing)
|c|☆Bujero A subir|??????????
|c|☆RomeroBritoEBom|Normal
|c|☆RomeroBritoEBom|95 Ac
|l|☆Bujero A subir
|player|p2|
|j|☆Bujero A subir
|player|p2|Bujero A subir|acetrainercouple|
