|j|☆222salad
|j|☆namboyVGC
|html|222saladnamboyVGC    
|uhtml|bestof|Game 1 of a best-of-3
|t:|1783972468
|gametype|doubles
|player|p1|222salad|guitarist|1086
|player|p2|namboyVGC|pokemonranger-gen4|1144
|gen|9
|tier|[Gen 9 Champions] VGC 2026 Reg M-B (Bo3)
|rated|
|rule|Species Clause: Limit one of each Pokémon
|rule|Item Clause: Limit 1 of each item
|clearpoke
|poke|p1|Gengar, L50, M|
|poke|p1|Incineroar, L50, M|
|poke|p1|Politoed, L50, M|
|poke|p1|Archaludon, L50, F|
|poke|p1|Charizard, L50, M|
|poke|p1|Venusaur, L50, F|
|poke|p2|Tyranitar, L50, M|
|poke|p2|Excadrill, L50, M|
|poke|p2|Milotic, L50, M|
|poke|p2|Sinistcha, L50|
|poke|p2|Staraptor, L50, M|
|poke|p2|Gholdengo, L50|
|teampreview|4
|showteam|p1|Gengar||Gengarite|CursedBody|SludgeBomb,ShadowBall,PerishSong,Protect|Modest||M|||50|]Incineroar||PasshoBerry|Intimidate|FlareBlitz,PartingShot,FakeOut,Protect|Relaxed||M|||50|]Politoed||SitrusBerry|Drizzle|WeatherBall,Encore,PerishSong,Protect|Bold||M|||50|]Archaludon||Leftovers|Stamina|DragonPulse,FlashCannon,ElectroShot,Protect|Bold||F|||50|]Charizard||CharizarditeY|Blaze|HeatWave,WeatherBall,SolarBeam,Protect|Modest||M|||50|]Venusaur||FocusSash|Chlorophyll|SludgeBomb,EarthPower,SleepPowder,Protect|Modest||F|||50|
|showteam|p2|Tyranitar||Tyranitarite|SandStream|KnockOff,RockSlide,HighHorsepower,Protect|Jolly||M|||50|]Excadrill||FocusSash|SandRush|Earthquake,IronHead,RockSlide,Protect|Adamant||M|||50|]Milotic||SitrusBerry|Competitive|Scald,IcyWind,Haze,Protect|Calm||M|||50|]Sinistcha||ColburBerry|Hospitality|MatchaGotcha,ShadowBall,Protect,RagePowder|Bold|||||50|]Staraptor||Staraptite|Intimidate|CloseCombat,BraveBird,Tailwind,Protect|Jolly||M|||50|]Gholdengo||LifeOrb|GoodasGold|MakeItRain,ShadowBall,NastyPlot,Protect|Modest|||||50|
|inactive|Battle timer is ON: inactive players will automatically lose when time's up. (requested by namboyVGC)
|inactive|222salad also wants the timer to be on.
|inactive|222salad has 60 seconds left.
|inactive|namboyVGC has 60 seconds left.
|inactive|222salad has 30 seconds left.
|
|t:|1783972538
|teamsize|p1|4
|teamsize|p2|4
|start
|switch|p1a: Charizard|Charizard, L50, M|100/100
|switch|p1b: Venusaur|Venusaur, L50, F|100/100
|switch|p2a: Gholdengo|Gholdengo, L50|100/100
|switch|p2b: Staraptor|Staraptor, L50, M|100/100
|-ability|p2b: Staraptor|Intimidate|boost
|-unboost|p1a: Charizard|atk|1
|-unboost|p1b: Venusaur|atk|1
|turn|1
|
|t:|1783972554
|detailschange|p2b: Staraptor|Staraptor-Mega, L50, M
|-mega|p2b: Staraptor|Staraptor|Staraptite
|detailschange|p1a: Charizard|Charizard-Mega-Y, L50, M
|-mega|p1a: Charizard|Charizard|Charizardite Y
|-weather|SunnyDay|[from] ability: Drought|[of] p1a: Charizard
|move|p2b: Staraptor|Protect|p2b: Staraptor
|-singleturn|p2b: Staraptor|Protect
|move|p2a: Gholdengo|Protect|p2a: Gholdengo
|-singleturn|p2a: Gholdengo|Protect
|move|p1b: Venusaur|Sleep Powder|p2b: Staraptor
|-activate|p2b: Staraptor|move: Protect
|move|p1a: Charizard|Heat Wave|p2a: Gholdengo|[spread] 
|-activate|p2a: Gholdengo|move: Protect
|-activate|p2b: Staraptor|move: Protect
|
|-weather|SunnyDay|[upkeep]
|upkeep
|turn|2
|inactive|222salad has 30 seconds left.
|
|t:|1783972589
|switch|p1b: Politoed|Politoed, L50, M|100/100
|-weather|RainDance|[from] ability: Drizzle|[of] p1b: Politoed
|switch|p2a: Tyranitar|Tyranitar, L50, M|100/100
|-weather|Sandstorm|[from] ability: Sand Stream|[of] p2a: Tyranitar
|move|p2b: Staraptor|Brave Bird|p1b: Politoed
|-damage|p1b: Politoed|55/100
|-damage|p2b: Staraptor|85/100|[from] Recoil
|move|p1a: Charizard|Weather Ball|p2a: Tyranitar
|-damage|p2a: Tyranitar|77/100
|
|-weather|Sandstorm|[upkeep]
|-damage|p2b: Staraptor|79/100|[from] Sandstorm
|-damage|p1a: Charizard|94/100|[from] Sandstorm
|-damage|p1b: Politoed|49/100|[from] Sandstorm
|-enditem|p1b: Politoed|Sitrus Berry|[eat]
|-heal|p1b: Politoed|74/100|[from] item: Sitrus Berry
|upkeep
|turn|3
|inactive|222salad has 30 seconds left.
|
|t:|1783972624
|switch|p1a: Archaludon|Archaludon, L50, F|100/100
|switch|p1b: Venusaur|Venusaur, L50, F|100/100
|move|p2b: Staraptor|Tailwind|p2b: Staraptor
|-sidestart|p2: namboyVGC|move: Tailwind
|move|p2a: Tyranitar|Rock Slide|p1b: Venusaur|[spread] p1a
|-miss|p2a: Tyranitar|p1b: Venusaur
|-resisted|p1a: Archaludon|1
|-damage|p1a: Archaludon|91/100
|-ability|p1a: Archaludon|Stamina|boost
|-boost|p1a: Archaludon|def|1
|
|-weather|Sandstorm|[upkeep]
|-damage|p2b: Staraptor|73/100|[from] Sandstorm
|-damage|p1b: Venusaur|94/100|[from] Sandstorm
|-heal|p1a: Archaludon|97/100|[from] item: Leftovers
|upkeep
|turn|4
|inactive|222salad has 30 seconds left.
|inactive|222salad has 20 seconds left.
|inactive|222salad has 15 seconds left.
|
|t:|1783972665
|switch|p1b: Politoed|Politoed, L50, M|74/100
|-weather|RainDance|[from] ability: Drizzle|[of] p1b: Politoed
|move|p2b: Staraptor|Close Combat|p1a: Archaludon
|-supereffective|p1a: Archaludon|1
|-damage|p1a: Archaludon|52/100
|-boost|p2b: Staraptor|def|1
|-boost|p2b: Staraptor|spd|1
|-ability|p1a: Archaludon|Stamina|boost
|-boost|p1a: Archaludon|def|1
|move|p2a: Tyranitar|Knock Off|p1a: Archaludon
|-crit|p1a: Archaludon
|-damage|p1a: Archaludon|7/100
|-ability|p1a: Archaludon|Stamina|boost
|-boost|p1a: Archaludon|def|1
|-enditem|p1a: Archaludon|Leftovers|[from] move: Knock Off|[of] p2a: Tyranitar
|move|p1a: Archaludon|Electro Shot||[still]
|-prepare|p1a: Archaludon|Electro Shot
|-boost|p1a: Archaludon|spa|1
|-anim|p1a: Archaludon|Electro Shot|p2b: Staraptor
|-supereffective|p2b: Staraptor|1
|-damage|p2b: Staraptor|0 fnt
|faint|p2b: Staraptor
|
|-weather|RainDance|[upkeep]
|upkeep
|inactive|namboyVGC has 30 seconds left.
|inactive|namboyVGC has 20 seconds left.
|
|t:|1783972702
|switch|p2b: Gholdengo|Gholdengo, L50|100/100
|turn|5
|inactive|222salad has 30 seconds left.
|
|t:|1783972734
|switch|p2a: Excadrill|Excadrill, L50, M|100/100
|move|p2b: Gholdengo|Make It Rain|p1b: Politoed|[spread] p1b
|-miss|p2b: Gholdengo|p1a: Archaludon
|-resisted|p1b: Politoed|1
|-damage|p1b: Politoed|47/100
|-unboost|p2b: Gholdengo|spa|2
|-damage|p2b: Gholdengo|90/100|[from] item: Life Orb
|move|p1a: Archaludon|Electro Shot||[still]
|-prepare|p1a: Archaludon|Electro Shot
|-boost|p1a: Archaludon|spa|1
|-anim|p1a: Archaludon|Electro Shot|p2b: Gholdengo
|-damage|p2b: Gholdengo|21/100
|move|p1b: Politoed|Weather Ball|p2a: Excadrill
|-supereffective|p2a: Excadrill|1
|-enditem|p2a: Excadrill|Focus Sash
|-damage|p2a: Excadrill|1/100
|
|-weather|RainDance|[upkeep]
|upkeep
|turn|6
|inactive|222salad has 30 seconds left.
|
|t:|1783972760
|move|p2b: Gholdengo|Protect|p2b: Gholdengo
|-singleturn|p2b: Gholdengo|Protect
|move|p1b: Politoed|Protect|p1b: Politoed
|-singleturn|p1b: Politoed|Protect
|move|p2a: Excadrill|Earthquake|p1a: Archaludon|[spread] p1a
|-activate|p2b: Gholdengo|move: Protect
|-activate|p1b: Politoed|move: Protect
|-supereffective|p1a: Archaludon|1
|-damage|p1a: Archaludon|0 fnt
|faint|p1a: Archaludon
|
|-weather|RainDance|[upkeep]
|-sideend|p2: namboyVGC|move: Tailwind
|upkeep
|
|t:|1783972773
|switch|p1a: Venusaur|Venusaur, L50, F|94/100
|turn|7
|
|t:|1783972785
|switch|p1b: Charizard|Charizard-Mega-Y, L50, M|94/100
|-weather|SunnyDay|[from] ability: Drought|[of] p1b: Charizard
|move|p2a: Excadrill|Protect|p2a: Excadrill
|-singleturn|p2a: Excadrill|Protect
|move|p2b: Gholdengo|Protect|p2b: Gholdengo
|-singleturn|p2b: Gholdengo|Protect
|move|p1a: Venusaur|Earth Power|p2a: Excadrill
|-activate|p2a: Excadrill|move: Protect
|
|-weather|SunnyDay|[upkeep]
|upkeep
|turn|8
|inactive|222salad has 30 seconds left.
|inactive|222salad has 20 seconds left.
|
|t:|1783972820
|switch|p2b: Tyranitar|Tyranitar, L50, M|77/100
|-weather|Sandstorm|[from] ability: Sand Stream|[of] p2b: Tyranitar
|move|p1b: Charizard|Protect|p1b: Charizard
|-singleturn|p1b: Charizard|Protect
|move|p2a: Excadrill|Rock Slide|p1b: Charizard|[spread] p1a
|-activate|p1b: Charizard|move: Protect
|-damage|p1a: Venusaur|67/100
|move|p1a: Venusaur|Earth Power|p2a: Excadrill
|-supereffective|p2a: Excadrill|1
|-damage|p2a: Excadrill|0 fnt
|faint|p2a: Excadrill
|
|-weather|Sandstorm|[upkeep]
|-damage|p1b: Charizard|88/100|[from] Sandstorm
|-damage|p1a: Venusaur|61/100|[from] Sandstorm
|upkeep
|
|t:|1783972838
|switch|p2a: Gholdengo|Gholdengo, L50|21/100
|turn|9
|inactive|222salad has 30 seconds left.
|
|t:|1783972863
|move|p1b: Charizard|Heat Wave|p2b: Tyranitar|[spread] p2a,p2b
|-supereffective|p2a: Gholdengo|1
|-resisted|p2b: Tyranitar|1
|-damage|p2a: Gholdengo|0 fnt
|-damage|p2b: Tyranitar|64/100
|faint|p2a: Gholdengo
|move|p1a: Venusaur|Sleep Powder|p2b: Tyranitar
|-status|p2b: Tyranitar|slp|[from] move: Sleep Powder
|cant|p2b: Tyranitar|slp
|
|-weather|Sandstorm|[upkeep]
|-damage|p1b: Charizard|82/100|[from] Sandstorm
|-damage|p1a: Venusaur|56/100|[from] Sandstorm
|upkeep
|turn|10
|-message|namboyVGC forfeited.
|
|win|222salad
