|j|‽ridgeydidge
|j|☆knoxvillninja
|html|ridgeydidgeknoxvillninja    
|uhtml|bestof|Game 2 of a best-of-3
|t:|1784612521
|gametype|doubles
|player|p1|ridgeydidge|169|1000
|player|p2|knoxvillninja|2|1047
|gen|9
|tier|[Gen 9 Champions] VGC 2026 Reg M-B (Bo3)
|rated|
|rule|Species Clause: Limit one of each Pokémon
|rule|Item Clause: Limit 1 of each item
|clearpoke
|poke|p1|Araquanid, L50, F|
|poke|p1|Volcarona, L50, M|
|poke|p1|Vivillon-Pokeball, L50, F, shiny|
|poke|p1|Pinsir, L50, F|
|poke|p1|Ariados, L50, M|
|poke|p1|Kleavor, L50, F|
|poke|p2|Charizard, L50, M|
|poke|p2|Basculegion, L50, M|
|poke|p2|Aerodactyl, L50, F|
|poke|p2|Venusaur, L50, M|
|poke|p2|Krookodile, L50, F|
|poke|p2|Greninja, L50, F|
|teampreview|4
|showteam|p1|Araquanid||Leftovers|WaterBubble|Liquidation,LeechLife,AquaRing,WideGuard|Impish||F|||50|]Volcarona||ChartiBerry|FlameBody|Tailwind,BugBuzz,HeatWave,QuiverDance|Modest||M|||50|]Vivillon-Pokeball||FocusSash|CompoundEyes|Hurricane,SleepPowder,RagePowder,Protect|Timid||F|||50|]Pinsir||Pinsirite|HyperCutter|Feint,BodySlam,XScissor,Protect|Jolly||F|||50|]Ariados||OccaBerry|Swarm|NightShade,RagePowder,StickyWeb,StruggleBug|Bold||M|||50|]Kleavor||ChoiceScarf|Sharpness|StoneAxe,XScissor,NightSlash,Uturn|Jolly||F|||50|
|showteam|p2|Charizard||CharizarditeY|Blaze|HeatWave,SolarBeam,WeatherBall,Protect|Modest||M|||50|]Basculegion||ChoiceScarf|Adaptability|LastRespects,WaveCrash,AquaJet,FlipTurn|Adamant||M|||50|]Aerodactyl||FocusSash|Unnerve|RockSlide,IceFang,Tailwind,RainDance|Jolly||F|||50|]Venusaur||WideLens|Chlorophyll|SleepPowder,EarthPower,LeafStorm,Protect|Timid||M|||50|]Krookodile||LifeOrb|Intimidate|Earthquake,Crunch,RockSlide,Protect|Jolly||F|||50|]Greninja||Greninjite|Protean|HydroPump,DarkPulse,IceBeam,Protect|Timid||F|||50|
|
|t:|1784612547
|teamsize|p1|4
|teamsize|p2|4
|start
|switch|p1a: Kleavor|Kleavor, L50, F|100/100
|switch|p1b: Araquanid|Araquanid, L50, F|100/100
|switch|p2a: Aerodactyl|Aerodactyl, L50, F|100/100
|switch|p2b: Basculegion|Basculegion, L50, M|100/100
|-ability|p2a: Aerodactyl|Unnerve
|turn|1
|inactive|Battle timer is ON: inactive players will automatically lose when time's up. (requested by ridgeydidge)
|
|t:|1784612573
|move|p1a: Kleavor|Night Slash|p2b: Basculegion
|-supereffective|p2b: Basculegion|1
|-damage|p2b: Basculegion|10/100
|move|p2a: Aerodactyl|Tailwind|p2a: Aerodactyl
|-sidestart|p2: knoxvillninja|move: Tailwind
|move|p2b: Basculegion|Wave Crash|p1a: Kleavor
|-supereffective|p1a: Kleavor|1
|-damage|p1a: Kleavor|0 fnt
|faint|p1a: Kleavor
|-damage|p2b: Basculegion|0 fnt|[from] Recoil
|faint|p2b: Basculegion
|move|p1b: Araquanid|Liquidation|p2a: Aerodactyl
|-supereffective|p2a: Aerodactyl|1
|-enditem|p2a: Aerodactyl|Focus Sash
|-damage|p2a: Aerodactyl|1/100
|
|upkeep
|
|t:|1784612591
|switch|p1a: Pinsir|Pinsir, L50, F|100/100
|switch|p2b: Greninja|Greninja, L50, F|100/100
|turn|2
|inactive|knoxvillninja has 30 seconds left.
|inactive|knoxvillninja has 20 seconds left.
|inactive|knoxvillninja has 15 seconds left.
|inactive|knoxvillninja has 10 seconds left.
|inactive|knoxvillninja has 5 seconds left.
|
|t:|1784612642
|detailschange|p2b: Greninja|Greninja-Mega, L50, F
|-mega|p2b: Greninja|Greninja|Greninjite
|detailschange|p1a: Pinsir|Pinsir-Mega, L50, F
|-mega|p1a: Pinsir|Pinsir|Pinsirite
|move|p1a: Pinsir|Feint|p2a: Aerodactyl
|-resisted|p2a: Aerodactyl|1
|-damage|p2a: Aerodactyl|0 fnt
|faint|p2a: Aerodactyl
|move|p2b: Greninja|Hydro Pump|p1b: Araquanid
|-start|p2b: Greninja|typechange|Water|[from] ability: Protean
|-resisted|p1b: Araquanid|1
|-damage|p1b: Araquanid|74/100
|move|p1b: Araquanid|Leech Life|p2b: Greninja
|-damage|p2b: Greninja|55/100
|-heal|p1b: Araquanid|96/100|[from] drain|[of] p2b: Greninja
|
|-heal|p1b: Araquanid|100/100|[from] item: Leftovers
|upkeep
|
|t:|1784612656
|switch|p2a: Krookodile|Krookodile, L50, F|100/100
|-ability|p2a: Krookodile|Intimidate|boost
|-unboost|p1a: Pinsir|atk|1
|-unboost|p1b: Araquanid|atk|1
|turn|3
|
|t:|1784612677
|move|p1b: Araquanid|Wide Guard|p1b: Araquanid
|-singleturn|p1b: Araquanid|Wide Guard
|move|p2b: Greninja|Ice Beam|p1a: Pinsir
|-supereffective|p1a: Pinsir|1
|-crit|p1a: Pinsir
|-damage|p1a: Pinsir|0 fnt
|faint|p1a: Pinsir
|move|p2a: Krookodile|Crunch|p1b: Araquanid
|-damage|p1b: Araquanid|53/100
|-damage|p2a: Krookodile|90/100|[from] item: Life Orb
|
|-heal|p1b: Araquanid|59/100|[from] item: Leftovers
|upkeep
|
|t:|1784612685
|switch|p1a: Vivillon|Vivillon-Pokeball, L50, F, shiny|100/100
|turn|4
|
|t:|1784612699
|move|p2b: Greninja|Ice Beam|p1a: Vivillon
|-supereffective|p1a: Vivillon|1
|-enditem|p1a: Vivillon|Focus Sash
|-damage|p1a: Vivillon|1/100
|move|p2a: Krookodile|Crunch|p1b: Araquanid
|-crit|p1b: Araquanid
|-damage|p1b: Araquanid|0 fnt
|faint|p1b: Araquanid
|-damage|p2a: Krookodile|80/100|[from] item: Life Orb
|move|p1a: Vivillon|Sleep Powder|p2a: Krookodile
|-status|p2a: Krookodile|slp|[from] move: Sleep Powder
|
|-sideend|p2: knoxvillninja|move: Tailwind
|upkeep
|turn|5
|
|t:|1784612714
|move|p2b: Greninja|Dark Pulse|p1a: Vivillon
|-damage|p1a: Vivillon|0 fnt
|faint|p1a: Vivillon
|
|win|knoxvillninja
||ridgeydidge is ready for game 3.
||knoxvillninja is ready for game 3.
|uhtml|next|Next: Game 3 of 3
|l|☆knoxvillninja
|player|p2|
