|j|☆ExessVGC
|j|☆hariolos
|html|ExessVGChariolos    
|uhtml|bestof|Game 1 of a best-of-3
|t:|1756238497
|gametype|doubles
|player|p1|ExessVGC|101|1022
|player|p2|hariolos|hooligans|1032
|gen|9
|tier|[Gen 9] VGC 2025 Reg H (Bo3)
|rated|
|rule|Species Clause: Limit one of each Pokémon
|rule|Item Clause: Limit 1 of each item
|clearpoke
|poke|p1|Tyranitar, L50, M|
|poke|p1|Talonflame, L50, F|
|poke|p1|Rillaboom, L50, F|
|poke|p1|Sneasler, L50, M|
|poke|p1|Dragapult, L50, F|
|poke|p1|Spiritomb, L50, M|
|poke|p2|Typhlosion-Hisui, L50, F|
|poke|p2|Indeedee-F, L50, F|
|poke|p2|Glimmora, L50, M|
|poke|p2|Sneasler, L50, M|
|poke|p2|Whimsicott, L50, M|
|poke|p2|Wigglytuff, L50, F|
|teampreview|4
|showteam|p1|Tyranitar||ClearAmulet|SandStream|RockSlide,KnockOff,TeraBlast,Protect|||M|||50|,,,,,Flying]Talonflame||CovertCloak|GaleWings|DualWingbeat,Tailwind,Taunt,WillOWisp|||F|||50|,,,,,Grass]Rillaboom||LoadedDice|GrassySurge|FakeOut,GrassyGlide,BulletSeed,HighHorsepower|||F|||50|,,,,,Fire]Sneasler||GrassySeed|Pressure|DireClaw,CloseCombat,Coaching,Protect|||M|||50|,,,,,Fire]Dragapult||ChoiceBand|ClearBody|DragonDarts,PhantomForce,Uturn,Outrage|||F|||50|,,,,,Dragon]Spiritomb||SafetyGoggles|Infiltrator|PainSplit,TrickRoom,Snarl,WillOWisp|||M|||50|,,,,,Bug
|showteam|p2|Typhlosion-Hisui||ChoiceScarf|Blaze|Eruption,InfernalParade,Flamethrower,Extrasensory|||F|||50|,,,,,Fire]Indeedee-F||SitrusBerry|PsychicSurge|FollowMe,DazzlingGleam,Protect,TrickRoom|||F|||50|,,,,,Fairy]Glimmora||PowerHerb|ToxicDebris|MeteorBeam,SpikyShield,SludgeBomb,EarthPower|||M|||50|,,,,,Grass]Sneasler||PsychicSeed|Unburden|SwordsDance,CloseCombat,DireClaw,Protect|||M|||50|,,,,,Fighting]Whimsicott||FocusSash|Prankster|Tailwind,Encore,Moonblast,Protect|||M|||50|,,,,,Water]Wigglytuff||LifeOrb|Competitive|ExpandingForce,Protect,DazzlingGleam,Flamethrower|||F|||50|,,,,,Psychic
|
|t:|1756238538
|teamsize|p1|4
|teamsize|p2|4
|start
|switch|p1a: Dragapult|Dragapult, L50, F|100/100
|switch|p1b: Sneasler|Sneasler, L50, M|100/100
|switch|p2a: Indeedee|Indeedee-F, L50, F|100/100
|switch|p2b: Sneasler|Sneasler, L50, M|100/100
|-ability|p1b: Sneasler|Pressure
|-fieldstart|move: Psychic Terrain|[from] ability: Psychic Surge|[of] p2a: Indeedee
|-enditem|p2b: Sneasler|Psychic Seed
|-boost|p2b: Sneasler|spd|1|[from] item: Psychic Seed
|turn|1
|
|t:|1756238579
|switch|p2a: Glimmora|Glimmora, L50, M|100/100
|move|p2b: Sneasler|Protect|p2b: Sneasler
|-singleturn|p2b: Sneasler|Protect
|move|p1a: Dragapult|U-turn|p2a: Glimmora
|-resisted|p2a: Glimmora
|-damage|p2a: Glimmora|80/100
|-activate|p2a: Glimmora|ability: Toxic Debris
|-sidestart|p1: ExessVGC|move: Toxic Spikes
|
|t:|1756238591
|switch|p1a: Rillaboom|Rillaboom, L50, F|100/100|[from] U-turn
|-status|p1a: Rillaboom|psn
|-fieldstart|move: Grassy Terrain|[from] ability: Grassy Surge|[of] p1a: Rillaboom
|-enditem|p1b: Sneasler|Grassy Seed
|-boost|p1b: Sneasler|def|1|[from] item: Grassy Seed
|move|p1b: Sneasler|Dire Claw|p2b: Sneasler
|-activate|p2b: Sneasler|move: Protect
|
|-heal|p2a: Glimmora|85/100|[from] Grassy Terrain
|-damage|p1a: Rillaboom|88/100 psn|[from] psn
|upkeep
|turn|2
|
|t:|1756238628
|switch|p2a: Indeedee|Indeedee-F, L50, F|100/100
|-fieldstart|move: Psychic Terrain|[from] ability: Psychic Surge|[of] p2a: Indeedee
|move|p1a: Rillaboom|Fake Out|p2b: Sneasler
|-activate|p2b: Sneasler|move: Psychic Terrain
|move|p2b: Sneasler|Dire Claw|p1a: Rillaboom
|-supereffective|p1a: Rillaboom
|-damage|p1a: Rillaboom|3/100 psn
|move|p1b: Sneasler|Close Combat|p2a: Indeedee
|-damage|p2a: Indeedee|29/100
|-unboost|p1b: Sneasler|def|1
|-unboost|p1b: Sneasler|spd|1
|-enditem|p2a: Indeedee|Sitrus Berry|[eat]
|-heal|p2a: Indeedee|54/100|[from] item: Sitrus Berry
|
|-damage|p1a: Rillaboom|0 fnt|[from] psn
|faint|p1a: Rillaboom
|upkeep
|
|t:|1756238651
|switch|p1a: Tyranitar|Tyranitar, L50, M|100/100
|-status|p1a: Tyranitar|psn
|-weather|Sandstorm|[from] ability: Sand Stream|[of] p1a: Tyranitar
|turn|3
|
|t:|1756238691
|-terastallize|p1a: Tyranitar|Flying
|move|p1b: Sneasler|Protect|p1b: Sneasler
|-singleturn|p1b: Sneasler|Protect
|move|p2a: Indeedee|Follow Me|p2a: Indeedee
|-singleturn|p2a: Indeedee|move: Follow Me
|move|p2b: Sneasler|Close Combat|p1b: Sneasler
|-activate|p1b: Sneasler|move: Protect
|move|p1a: Tyranitar|Tera Blast|p2a: Indeedee|[anim] Tera Blast Flying
|-damage|p2a: Indeedee|10/100
|
|-weather|Sandstorm|[upkeep]
|-damage|p2b: Sneasler|95/100|[from] Sandstorm
|-damage|p1b: Sneasler|95/100|[from] Sandstorm
|-damage|p1a: Tyranitar|95/100 psn|[from] Sandstorm
|-damage|p2a: Indeedee|4/100|[from] Sandstorm
|-damage|p1a: Tyranitar|83/100 psn|[from] psn
|upkeep
|turn|4
|
|t:|1756238713
|move|p2a: Indeedee|Follow Me|p2a: Indeedee
|-singleturn|p2a: Indeedee|move: Follow Me
|move|p2b: Sneasler|Dire Claw|p1a: Tyranitar
|-damage|p1a: Tyranitar|51/100 psn
|move|p1b: Sneasler|Dire Claw|p2a: Indeedee
|-damage|p2a: Indeedee|0 fnt
|faint|p2a: Indeedee
|move|p1a: Tyranitar|Tera Blast|p2b: Sneasler|[anim] Tera Blast Flying
|-supereffective|p2b: Sneasler
|-damage|p2b: Sneasler|0 fnt
|faint|p2b: Sneasler
|
|-weather|Sandstorm|[upkeep]
|-damage|p1b: Sneasler|89/100|[from] Sandstorm
|-damage|p1a: Tyranitar|46/100 psn|[from] Sandstorm
|-damage|p1a: Tyranitar|34/100 psn|[from] psn
|upkeep
|
|t:|1756238721
|switch|p2b: Glimmora|Glimmora, L50, M|85/100
|switch|p2a: Typhlosion|Typhlosion-Hisui, L50, F|100/100
|turn|5
|
|t:|1756238755
|move|p2a: Typhlosion|Eruption|p1b: Sneasler|[spread] p1a,p1b
|-crit|p1a: Tyranitar
|-damage|p1a: Tyranitar|0 fnt
|-damage|p1b: Sneasler|0 fnt
|faint|p1a: Tyranitar
|faint|p1b: Sneasler
|move|p2b: Glimmora|Meteor Beam||[still]
|-prepare|p2b: Glimmora|Meteor Beam
|-boost|p2b: Glimmora|spa|1
|-enditem|p2b: Glimmora|Power Herb
|-anim|p2b: Glimmora|Meteor Beam|p1: Tyranitar|[notarget]
|-fail|p2b: Glimmora
|
|-weather|Sandstorm|[upkeep]
|-damage|p2a: Typhlosion|94/100|[from] Sandstorm
|upkeep
|
|t:|1756238801
|switch|p1a: Dragapult|Dragapult, L50, F|100/100
|-status|p1a: Dragapult|psn
|turn|6
|inactive|Battle timer is ON: inactive players will automatically lose when time's up. (requested by ExessVGC)
|
|t:|1756238813
|move|p2a: Typhlosion|Eruption|p1a: Dragapult
|-resisted|p1a: Dragapult
|-damage|p1a: Dragapult|56/100 psn
|move|p1a: Dragapult|Outrage|p2b: Glimmora
|-damage|p2b: Glimmora|0 fnt
|-activate|p2b: Glimmora|ability: Toxic Debris
|-sidestart|p1: ExessVGC|move: Toxic Spikes
|faint|p2b: Glimmora
|
|-weather|Sandstorm|[upkeep]
|-damage|p2a: Typhlosion|88/100|[from] Sandstorm
|-damage|p1a: Dragapult|50/100 psn|[from] Sandstorm
|-damage|p1a: Dragapult|37/100 psn|[from] psn
|-fieldend|move: Psychic Terrain
|upkeep
|turn|7
|
|t:|1756238823
|-terastallize|p2a: Typhlosion|Fire
|move|p2a: Typhlosion|Eruption|p1a: Dragapult
|-resisted|p1a: Dragapult
|-damage|p1a: Dragapult|0 fnt
|faint|p1a: Dragapult
|
|win|hariolos
||hariolos is ready for game 2.
