|j|☆DamEdge
|j|☆SirSpiderVGC
|html|DamEdgeSirSpiderVGC    
|uhtml|bestof|Game 2 of a best-of-3
|t:|1785702612
|gametype|doubles
|player|p1|DamEdge|teamrocket|
|player|p2|SirSpiderVGC|lusamine-nihilego|
|gen|9
|tier|[Gen 9 Champions] VGC 2026 Reg M-B (Bo3)
|rule|Species Clause: Limit one of each Pokémon
|rule|Item Clause: Limit 1 of each item
|clearpoke
|poke|p1|Swampert, L50, F|
|poke|p1|Pelipper, L50, F|
|poke|p1|Archaludon, L50, M|
|poke|p1|Maushold, L50|
|poke|p1|Annihilape, L50, F|
|poke|p1|Sableye, L50, F|
|poke|p2|Pyroar, L50, M|
|poke|p2|Blastoise, L50, M|
|poke|p2|Aerodactyl, L50, M|
|poke|p2|Venusaur, L50, M|
|poke|p2|Torkoal, L50, F|
|poke|p2|Farigiraf, L50, F|
|teampreview|4
|showteam|p1|Swampert||Swampertite|Torrent|WaveCrash,HighHorsepower,IcePunch,Protect|Adamant||F|||50|]Pelipper||FocusSash|Drizzle|Hurricane,WeatherBall,Tailwind,Protect|Modest||F|||50|]Archaludon||Leftovers|Stamina|ElectroShot,DragonPulse,AuraSphere,Protect|Modest||M|||50|]Maushold||ChopleBerry|FriendGuard|BeatUp,FollowMe,Taunt,Protect|Timid|||||50|]Annihilape||SitrusBerry|Defiant|RageFist,DrainPunch,BulkUp,Protect|Jolly||F|||50|]Sableye||LightClay|Prankster|Encore,Reflect,LightScreen,RainDance|Bold||F|||50|
|showteam|p2|Pyroar||Pyroarite|Unnerve|Overheat,HeatWave,SolarBeam,Protect|Timid||M|||50|]Blastoise||Blastoisinite|Torrent|WaterSpout,IceBeam,DarkPulse,FakeOut|Quiet||M|||50|]Aerodactyl||ExpertBelt|Unnerve|RockSlide,IceFang,Taunt,Protect|Adamant||M|||50|]Venusaur||LifeOrb|Chlorophyll|EnergyBall,SludgeBomb,EarthPower,Protect|Modest||M|||50|]Torkoal||Charcoal|Drought|Eruption,WeatherBall,HelpingHand,Protect|Quiet||F|||50|]Farigiraf||ColburBerry|ArmorTail|TwinBeam,Thunderbolt,TrickRoom,RainDance|Relaxed||F|||50|
|inactive|Battle timer is ON: inactive players will automatically lose when time's up. (requested by DamEdge)
|j| Cos(wt)
|inactive|DamEdge has 60 seconds left.
|
|t:|1785702644
|teamsize|p1|4
|teamsize|p2|4
|start
|switch|p1a: Maushold|Maushold, L50|100/100
|switch|p1b: Swampert|Swampert, L50, F|100/100
|switch|p2a: Voyager|Aerodactyl, L50, M|100/100
|switch|p2b: Too Long|Pyroar, L50, M|100/100
|-ability|p2a: Voyager|Unnerve
|-ability|p2b: Too Long|Unnerve
|turn|1
|
|t:|1785702668
|switch|p1a: Pelipper|Pelipper, L50, F|100/100
|-weather|RainDance|[from] ability: Drizzle|[of] p1a: Pelipper
|detailschange|p1b: Swampert|Swampert-Mega, L50, F
|-mega|p1b: Swampert|Swampert|Swampertite
|move|p2b: Too Long|Protect|p2b: Too Long
|-singleturn|p2b: Too Long|Protect
|move|p1b: Swampert|Wave Crash|p2b: Too Long
|-activate|p2b: Too Long|move: Protect
|move|p2a: Voyager|Rock Slide|p1b: Swampert|[spread] p1a,p1b
|-supereffective|p1a: Pelipper|1
|-resisted|p1b: Swampert|1
|-damage|p1a: Pelipper|8/100
|-damage|p1b: Swampert|88/100
|
|-weather|RainDance|[upkeep]
|upkeep
|turn|2
|inactive|SirSpiderVGC has 30 seconds left.
|
|t:|1785702700
|switch|p2a: Burnin'|Torkoal, L50, F|100/100
|-weather|SunnyDay|[from] ability: Drought|[of] p2a: Burnin'
|detailschange|p2b: Too Long|Pyroar-Mega, L50, M
|-mega|p2b: Too Long|Pyroar|Pyroarite
|move|p2b: Too Long|Solar Beam||[still]
|-prepare|p2b: Too Long|Solar Beam
|-anim|p2b: Too Long|Solar Beam|p1b: Swampert
|-supereffective|p1b: Swampert|2
|-damage|p1b: Swampert|0 fnt
|faint|p1b: Swampert
|move|p1a: Pelipper|Weather Ball|p2b: Too Long
|-resisted|p2b: Too Long|1
|-damage|p2b: Too Long|72/100
|
|-weather|SunnyDay|[upkeep]
|upkeep
|
|t:|1785702715
|switch|p1b: Maushold|Maushold, L50|100/100
|turn|3
|
|t:|1785702723
|move|p2a: Burnin'|Helping Hand|p2b: Too Long
|-singleturn|p2b: Too Long|Helping Hand|[of] p2a: Burnin'
|move|p1b: Maushold|Protect|p1b: Maushold
|-singleturn|p1b: Maushold|Protect
|move|p2b: Too Long|Heat Wave|p1b: Maushold|[spread] p1a
|-activate|p1b: Maushold|move: Protect
|-resisted|p1a: Pelipper|1
|-damage|p1a: Pelipper|0 fnt
|faint|p1a: Pelipper
|
|-weather|SunnyDay|[upkeep]
|upkeep
|
|t:|1785702724
|switch|p1a: Annihilape|Annihilape, L50, F|100/100
|turn|4
|inactive|DamEdge has 30 seconds left.
|
|t:|1785702758
|move|p2a: Burnin'|Helping Hand|p2b: Too Long
|-singleturn|p2b: Too Long|Helping Hand|[of] p2a: Burnin'
|move|p2b: Too Long|Heat Wave|p1b: Maushold|[spread] p1a,p1b
|-damage|p1a: Annihilape|17/100
|-damage|p1b: Maushold|0 fnt
|-enditem|p1a: Annihilape|Sitrus Berry|[eat]
|-heal|p1a: Annihilape|42/100|[from] item: Sitrus Berry
|faint|p1b: Maushold
|move|p1a: Annihilape|Rage Fist|p2a: Burnin'
|-damage|p2a: Burnin'|69/100
|
|-weather|SunnyDay|[upkeep]
|upkeep
|turn|5
|c|☆DamEdge|Ggs?
|c|☆DamEdge|*!!
|c|☆SirSpiderVGC|ggwp
|inactive|DamEdge has 30 seconds left.
|-message|DamEdge forfeited.
|
|win|SirSpiderVGC
|l| Cos(wt)
|l|☆DamEdge
|player|p1|
