|j|☆VGVG8585
|j|☆PawmotNo1
|html|VGVG8585PawmotNo1    
|uhtml|bestof|Game 1 of a best-of-3
|t:|1785162960
|gametype|doubles
|player|p1|VGVG8585|169|
|player|p2|PawmotNo1|ethan|
|gen|9
|tier|[Gen 9 Champions] VGC 2026 Reg M-B (Bo3)
|rule|Species Clause: Limit one of each Pokémon
|rule|Item Clause: Limit 1 of each item
|clearpoke
|poke|p1|Delphox, L50, M|
|poke|p1|Floette-Eternal, L50, F|
|poke|p1|Sinistcha-Masterpiece, L50|
|poke|p1|Sneasler, L50, M|
|poke|p1|Incineroar, L50, M|
|poke|p1|Garchomp, L50, M|
|poke|p2|Kangaskhan, L50, F, shiny|
|poke|p2|Chandelure, L50, M, shiny|
|poke|p2|Kingambit, L50, F, shiny|
|poke|p2|Basculegion, L50, M, shiny|
|poke|p2|Kommo-o, L50, F, shiny|
|poke|p2|Gallade, L50, M, shiny|
|teampreview|4
|showteam|p1|Delphox||Delphoxite|Magician|HeatWave,Psychic,NastyPlot,Protect|Timid||M|||50|]Floette-Eternal||Floettite|FlowerVeil|CalmMind,Moonblast,DazzlingGleam,Protect|Modest||F|||50|]Sinistcha-Masterpiece||OccaBerry|Hospitality|MatchaGotcha,TrickRoom,RagePowder,Protect|Bold|||||50|]Sneasler||FocusSash|PoisonTouch|CloseCombat,DireClaw,FakeOut,QuickGuard|Jolly||M|||50|]Incineroar||SitrusBerry|Intimidate|FakeOut,PartingShot,FlareBlitz,DarkestLariat|Impish||M|||50|]Garchomp||ChoiceScarf|RoughSkin|Earthquake,DragonClaw,RockSlide,StompingTantrum|Jolly||M|||50|
|showteam|p2|Kangaskhan||Kangaskhanite|Scrappy|FakeOut,SuckerPunch,BrickBreak,DoubleEdge|Brave||F|||50|]Chandelure||FocusSash|FlashFire|Protect,TrickRoom,HeatWave,ShadowBall|Quiet||M|||50|]Kingambit||ChopleBerry|Defiant|SuckerPunch,LowKick,IronHead,KowtowCleave|Brave||F|||50|]Basculegion||SitrusBerry|Adaptability|Protect,AquaJet,LastRespects,WaveCrash|Brave||M|||50|]Kommo-o||LifeOrb|Soundproof|Protect,Flamethrower,AuraSphere,ClangingScales|Quiet||F|||50|]Gallade||ExpertBelt|Sharpness|Protect,LeafBlade,PsychoCut,SacredSword|Brave||M|||50|
|inactive|Battle timer is ON: inactive players will automatically lose when time's up. (requested by PawmotNo1)
|inactive|VGVG8585 also wants the timer to be on.
|inactive|VGVG8585 has 60 seconds left.
|inactive|PawmotNo1 has 60 seconds left.
|inactive|VGVG8585 has 30 seconds left.
|inactive|VGVG8585 has 20 seconds left.
|inactive|VGVG8585 has 15 seconds left.
|inactive|VGVG8585 has 10 seconds left.
|
|t:|1785163042
|teamsize|p1|4
|teamsize|p2|4
|start
|switch|p1a: Delphox|Delphox, L50, M|100/100
|switch|p1b: Garchomp|Garchomp, L50, M|100/100
|switch|p2a: Kangaskhan|Kangaskhan, L50, F, shiny|100/100
|switch|p2b: Chandelure|Chandelure, L50, M, shiny|100/100
|turn|1
|inactive|VGVG8585 has 30 seconds left.
|inactive|VGVG8585 has 20 seconds left.
|inactive|VGVG8585 has 15 seconds left.
|
|t:|1785163083
|detailschange|p1a: Delphox|Delphox-Mega, L50, M
|-mega|p1a: Delphox|Delphox|Delphoxite
|detailschange|p2a: Kangaskhan|Kangaskhan-Mega, L50, F, shiny
|-mega|p2a: Kangaskhan|Kangaskhan|Kangaskhanite
|move|p2a: Kangaskhan|Fake Out|p1b: Garchomp
|-damage|p1b: Garchomp|77/100
|-damage|p2a: Kangaskhan|87/100|[from] ability: Rough Skin|[of] p1b: Garchomp
|-damage|p1b: Garchomp|72/100
|-damage|p2a: Kangaskhan|75/100|[from] ability: Rough Skin|[of] p1b: Garchomp
|-hitcount|p1b: Garchomp|2
|cant|p1b: Garchomp|flinch
|move|p1a: Delphox|Psychic|p2a: Kangaskhan
|-damage|p2a: Kangaskhan|36/100
|move|p2b: Chandelure|Trick Room|p2b: Chandelure
|-fieldstart|move: Trick Room|[of] p2b: Chandelure
|
|upkeep
|turn|2
|inactive|VGVG8585 has 30 seconds left.
|inactive|PawmotNo1 has 30 seconds left.
|inactive|VGVG8585 has 20 seconds left.
|inactive|PawmotNo1 has 20 seconds left.
|
|t:|1785163122
|switch|p1a: Sinistcha|Sinistcha-Masterpiece, L50|100/100
|-heal|p1b: Garchomp|97/100|[from] ability: Hospitality|[of] p1a: Sinistcha
|move|p2b: Chandelure|Shadow Ball|p1a: Sinistcha
|-supereffective|p1a: Sinistcha|1
|-damage|p1a: Sinistcha|2/100
|move|p2a: Kangaskhan|Double-Edge|p1b: Garchomp
|-damage|p1b: Garchomp|27/100
|-damage|p2a: Kangaskhan|24/100|[from] ability: Rough Skin|[of] p1b: Garchomp
|-damage|p1b: Garchomp|10/100
|-damage|p2a: Kangaskhan|12/100|[from] ability: Rough Skin|[of] p1b: Garchomp
|-hitcount|p1b: Garchomp|2
|-damage|p2a: Kangaskhan|0 fnt|[from] Recoil
|faint|p2a: Kangaskhan
|move|p1b: Garchomp|Earthquake|p2b: Chandelure|[spread] p1a,p2b
|-resisted|p1a: Sinistcha|1
|-supereffective|p2b: Chandelure|1
|-damage|p1a: Sinistcha|0 fnt
|-damage|p2b: Chandelure|10/100
|faint|p1a: Sinistcha
|
|upkeep
|inactive|VGVG8585 has 30 seconds left.
|
|t:|1785163151
|switch|p1a: Incineroar|Incineroar, L50, M|100/100
|switch|p2a: Kingambit|Kingambit, L50, F, shiny|100/100
|-ability|p1a: Incineroar|Intimidate|boost
|-unboost|p2a: Kingambit|atk|1
|-ability|p2a: Kingambit|Defiant|boost
|-boost|p2a: Kingambit|atk|2
|-unboost|p2b: Chandelure|atk|1
|turn|3
|inactive|VGVG8585 has 30 seconds left.
|inactive|PawmotNo1 has 30 seconds left.
|inactive|VGVG8585 has 20 seconds left.
|inactive|VGVG8585 has 15 seconds left.
|inactive|VGVG8585 has 10 seconds left.
|
|t:|1785163199
|move|p1a: Incineroar|Fake Out|p2a: Kingambit
|-resisted|p2a: Kingambit|1
|-crit|p2a: Kingambit
|-damage|p2a: Kingambit|94/100
|cant|p2a: Kingambit|flinch
|move|p2b: Chandelure|Shadow Ball|p1b: Garchomp
|-damage|p1b: Garchomp|0 fnt
|faint|p1b: Garchomp
|
|upkeep
|
|t:|1785163206
|switch|p1b: Delphox|Delphox-Mega, L50, M|100/100
|turn|4
|inactive|VGVG8585 has 30 seconds left.
|inactive|VGVG8585 has 20 seconds left.
|inactive|VGVG8585 has 15 seconds left.
|inactive|VGVG8585 has 10 seconds left.
|inactive|VGVG8585 has 5 seconds left.
|
|t:|1785163257
|move|p1b: Delphox|Protect|p1b: Delphox
|-singleturn|p1b: Delphox|Protect
|move|p2a: Kingambit|Low Kick|p1a: Incineroar
|-supereffective|p1a: Incineroar|1
|-damage|p1a: Incineroar|28/100
|-enditem|p1a: Incineroar|Sitrus Berry|[eat]
|-heal|p1a: Incineroar|53/100|[from] item: Sitrus Berry
|move|p1a: Incineroar|Darkest Lariat|p2b: Chandelure
|-supereffective|p2b: Chandelure|1
|-damage|p2b: Chandelure|0 fnt
|faint|p2b: Chandelure
|
|upkeep
|
|t:|1785163260
|switch|p2b: Kommo-o|Kommo-o, L50, F, shiny|100/100
|turn|5
|
|t:|1785163277
|move|p1b: Delphox|Protect||[still]
|-fail|p1b: Delphox
|move|p2a: Kingambit|Kowtow Cleave|p1b: Delphox
|-supereffective|p1b: Delphox|1
|-damage|p1b: Delphox|0 fnt
|faint|p1b: Delphox
|move|p1a: Incineroar|Flare Blitz|p2a: Kingambit
|-supereffective|p2a: Kingambit|1
|-damage|p2a: Kingambit|28/100
|-damage|p1a: Incineroar|30/100|[from] Recoil
|move|p2b: Kommo-o|Aura Sphere|p1a: Incineroar
|-supereffective|p1a: Incineroar|1
|-damage|p1a: Incineroar|0 fnt
|faint|p1a: Incineroar
|-damage|p2b: Kommo-o|90/100|[from] item: Life Orb
|
|win|PawmotNo1
||VGVG8585 is ready for game 2.
|inactive|PawmotNo1 has 30 seconds to confirm battle start!
||PawmotNo1 is ready for game 2.
|uhtml|next|Next: Game 2 of 3
|j| ilyrus
|l| ilyrus
