|j|☆LNBeezy
|j|☆llufamistica
|html|LNBeezyllufamistica    
|uhtml|bestof|Game 3 of a best-of-3
|t:|1757179578
|gametype|doubles
|player|p1|LNBeezy|ethan|1160
|player|p2|llufamistica|169|1045
|gen|9
|tier|[Gen 9] VGC 2025 Reg H (Bo3)
|rated|
|rule|Species Clause: Limit one of each Pokémon
|rule|Item Clause: Limit 1 of each item
|clearpoke
|poke|p1|Rillaboom, L50, M|
|poke|p1|Dragonite, L50, M|
|poke|p1|Sneasler, L50, M|
|poke|p1|Kingambit, L50, M|
|poke|p1|Electabuzz, L50, M|
|poke|p1|Volcarona, L50, M|
|poke|p2|Murkrow, L50, F|
|poke|p2|Garchomp, L50, M|
|poke|p2|Toxtricity, L50, M|
|poke|p2|Zoroark-Hisui, L50, M|
|poke|p2|Indeedee-F, L50, F|
|poke|p2|Annihilape, L50, F|
|teampreview|4
|showteam|p1|Rillaboom||AssaultVest|GrassySurge|FakeOut,GrassyGlide,WoodHammer,HighHorsepower|||M|||50|,,,,,Fire]Dragonite||LoadedDice|Multiscale|ExtremeSpeed,ScaleShot,Haze,Protect|||M|||50|,,,,,Steel]Sneasler||FocusSash|Unburden|FakeOut,DireClaw,CloseCombat,Coaching|||M|||50|,,,,,Stellar]Kingambit||BlackGlasses|Defiant|SuckerPunch,KowtowCleave,SwordsDance,Protect|||M|||50|,,,,,Dark]Electabuzz||Eviolite|VitalSpirit|Electroweb,Taunt,FollowMe,Protect|||M|||50|,,,,,Ghost]Volcarona||Leftovers|FlameBody|HeatWave,TeraBlast,QuiverDance,Protect|||M|||50|,,,,,Fairy
|showteam|p2|Murkrow||Eviolite|Prankster|BraveBird,Tailwind,Quash,Haze|||F|||50|,,,,,Ghost]Garchomp||LifeOrb|RoughSkin|Earthquake,IronHead,RockSlide,Protect|||M|||50|,,,,,Steel]Toxtricity||ChoiceSpecs|PunkRock|Boomburst,Overdrive,VoltSwitch,SludgeBomb|||M|||50|,,,,,Normal]Zoroark-Hisui||FocusSash|Illusion|ShadowBall,Protect,HyperVoice,NastyPlot|||M|||50|,,,,,Stellar]Indeedee-F||SafetyGoggles|Synchronize|FollowMe,HelpingHand,FakeOut,DazzlingGleam|||F|||50|,,,,,Fairy]Annihilape||ChoiceScarf|Defiant|FinalGambit,HelpingHand,ShadowClaw,CloseCombat|||F|||50|,,,,,Grass
|inactive|Battle timer is ON: inactive players will automatically lose when time's up. (requested by llufamistica)
|inactive|LNBeezy also wants the timer to be on.
|inactive|llufamistica has 60 seconds left.
|j| NotANerd33333
|l| NotANerd33333
|inactive|llufamistica has 30 seconds left.
|inactive|llufamistica has 20 seconds left.
|inactive|llufamistica has 15 seconds left.
|inactive|llufamistica has 10 seconds left.
|inactive|llufamistica has 5 seconds left.
|
|t:|1757179670
|teamsize|p1|4
|teamsize|p2|4
|start
|switch|p1a: Electabuzz|Electabuzz, L50, M|100/100
|switch|p1b: Volcarona|Volcarona, L50, M|100/100
|switch|p2a: Murkrow|Murkrow, L50, F, shiny|100/100
|switch|p2b: Garchomp|Garchomp, L50, M, shiny|100/100
|turn|1
|inactive|LNBeezy has 30 seconds left.
|inactive|llufamistica has 30 seconds left.
|inactive|llufamistica has 20 seconds left.
|
|t:|1757179709
|-terastallize|p1b: Volcarona|Fairy
|move|p2b: Garchomp|Earthquake|p1a: Electabuzz|[spread] p1a,p1b
|-immune|p2a: Murkrow
|-supereffective|p1a: Electabuzz
|-damage|p1a: Electabuzz|22/100
|-damage|p1b: Volcarona|41/100
|-damage|p2b: Garchomp|91/100|[from] item: Life Orb
|move|p1b: Volcarona|Heat Wave|p2b: Garchomp|[spread] p2a,p2b
|-crit|p2a: Murkrow
|-resisted|p2b: Garchomp
|-damage|p2a: Murkrow|27/100
|-damage|p2b: Garchomp|71/100
|move|p1a: Electabuzz|Taunt|p2a: Murkrow
|-start|p2a: Murkrow|move: Taunt
|move|p2a: Murkrow|Brave Bird|p1a: Electabuzz
|-resisted|p1a: Electabuzz
|-damage|p1a: Electabuzz|9/100
|-damage|p2a: Murkrow|23/100|[from] Recoil
|
|-heal|p1b: Volcarona|47/100|[from] item: Leftovers
|upkeep
|turn|2
|inactive|LNBeezy has 30 seconds left.
|inactive|llufamistica has 30 seconds left.
|inactive|llufamistica has 20 seconds left.
|inactive|llufamistica has 15 seconds left.
|inactive|llufamistica has 10 seconds left.
|
|t:|1757179758
|switch|p1a: Rillaboom|Rillaboom, L50, M, shiny|100/100
|-fieldstart|move: Grassy Terrain|[from] ability: Grassy Surge|[of] p1a: Rillaboom
|move|p2b: Garchomp|Protect|p2b: Garchomp
|-singleturn|p2b: Garchomp|Protect
|move|p1b: Volcarona|Protect|p1b: Volcarona
|-singleturn|p1b: Volcarona|Protect
|move|p2a: Murkrow|Brave Bird|p1a: Rillaboom
|-supereffective|p1a: Rillaboom
|-damage|p1a: Rillaboom|35/100
|-damage|p2a: Murkrow|0 fnt|[from] Recoil
|faint|p2a: Murkrow
|
|-heal|p2b: Garchomp|77/100|[from] Grassy Terrain
|-heal|p1b: Volcarona|53/100|[from] Grassy Terrain
|-heal|p1b: Volcarona|60/100|[from] item: Leftovers
|-heal|p1a: Rillaboom|41/100|[from] Grassy Terrain
|upkeep
|inactive|llufamistica has 30 seconds left.
|inactive|llufamistica has 20 seconds left.
|inactive|llufamistica has 15 seconds left.
|inactive|llufamistica has 10 seconds left.
|
|t:|1757179806
|switch|p2a: Indeedee|Indeedee-F, L50, F|100/100
|turn|3
|inactive|LNBeezy has 30 seconds left.
|
|t:|1757179832
|move|p1a: Rillaboom|Fake Out|p2b: Garchomp
|-damage|p2b: Garchomp|63/100
|-damage|p1a: Rillaboom|29/100|[from] ability: Rough Skin|[of] p2b: Garchomp
|move|p2a: Indeedee|Nasty Plot|p2a: Indeedee
|-boost|p2a: Indeedee|spa|2
|cant|p2b: Garchomp|flinch
|move|p1b: Volcarona|Quiver Dance|p1b: Volcarona
|-boost|p1b: Volcarona|spa|1
|-boost|p1b: Volcarona|spd|1
|-boost|p1b: Volcarona|spe|1
|
|-heal|p1b: Volcarona|66/100|[from] Grassy Terrain
|-heal|p1b: Volcarona|72/100|[from] item: Leftovers
|-heal|p2b: Garchomp|69/100|[from] Grassy Terrain
|-heal|p1a: Rillaboom|35/100|[from] Grassy Terrain
|upkeep
|turn|4
|inactive|LNBeezy has 30 seconds left.
|inactive|llufamistica has 30 seconds left.
|inactive|LNBeezy has 20 seconds left.
|
|t:|1757179868
|move|p2a: Indeedee|Protect|p2a: Indeedee
|-singleturn|p2a: Indeedee|Protect
|move|p1a: Rillaboom|Grassy Glide|p2a: Indeedee
|-activate|p2a: Indeedee|move: Protect
|move|p1b: Volcarona|Tera Blast|p2b: Garchomp|[anim] Tera Blast Fairy
|-supereffective|p2b: Garchomp
|-damage|p2b: Garchomp|0 fnt
|faint|p2b: Garchomp
|
|-heal|p1b: Volcarona|78/100|[from] Grassy Terrain
|-heal|p1b: Volcarona|85/100|[from] item: Leftovers
|-heal|p1a: Rillaboom|41/100|[from] Grassy Terrain
|upkeep
|
|t:|1757179880
|switch|p2b: Indeedee|Indeedee-F, L50, F|100/100
|turn|5
|inactive|llufamistica has 30 seconds left.
|inactive|llufamistica has 20 seconds left.
|inactive|llufamistica has 15 seconds left.
|inactive|llufamistica has 10 seconds left.
|inactive|llufamistica has 5 seconds left.
|
|t:|1757179931
|switch|p1a: Dragonite|Dragonite, L50, M|100/100
|-terastallize|p2a: Indeedee|Stellar
|move|p1b: Volcarona|Protect|p1b: Volcarona
|-singleturn|p1b: Volcarona|Protect
|move|p2b: Indeedee|Follow Me|p2b: Indeedee
|-singleturn|p2b: Indeedee|move: Follow Me
|move|p2a: Indeedee|Hyper Voice|p1a: Dragonite|[spread] p1a
|-activate|p1b: Volcarona|move: Protect
|-damage|p1a: Dragonite|44/100
|
|-heal|p1b: Volcarona|91/100|[from] Grassy Terrain
|-heal|p1b: Volcarona|97/100|[from] item: Leftovers
|upkeep
|turn|6
|inactive|LNBeezy has 30 seconds left.
|inactive|llufamistica has 30 seconds left.
|inactive|LNBeezy has 20 seconds left.
|inactive|LNBeezy has 15 seconds left.
|inactive|LNBeezy has 10 seconds left.
|inactive|LNBeezy has 5 seconds left.
|
|t:|1757179982
|move|p2b: Indeedee|Helping Hand|p2a: Indeedee
|-singleturn|p2a: Indeedee|Helping Hand|[of] p2b: Indeedee
|move|p1b: Volcarona|Heat Wave|p2a: Indeedee|[spread] p2a,p2b
|-enditem|p2a: Indeedee|Focus Sash
|-damage|p2a: Indeedee|1/100
|-damage|p2b: Indeedee|45/100
|replace|p2a: Zoroark|Zoroark-Hisui, L50, M, shiny
|-end|p2a: Zoroark|Illusion
|move|p2a: Zoroark|Shadow Ball|p1b: Volcarona
|-damage|p1b: Volcarona|0 fnt
|faint|p1b: Volcarona
|move|p1a: Dragonite|Scale Shot|p2b: Indeedee
|-damage|p2b: Indeedee|30/100
|-damage|p2b: Indeedee|14/100
|-damage|p2b: Indeedee|0 fnt
|faint|p2b: Indeedee
|-hitcount|p2: Indeedee|3
|-unboost|p1a: Dragonite|def|1
|-boost|p1a: Dragonite|spe|1
|
|-heal|p2a: Zoroark|7/100|[from] Grassy Terrain
|-fieldend|move: Grassy Terrain
|upkeep
|
|t:|1757179999
|switch|p1b: Electabuzz|Electabuzz, L50, M|9/100
|turn|7
|inactive|LNBeezy has 30 seconds left.
|inactive|LNBeezy has 20 seconds left.
|
|t:|1757180038
|move|p1a: Dragonite|Scale Shot|p2a: Zoroark
|-damage|p2a: Zoroark|0 fnt
|faint|p2a: Zoroark
|-hitcount|p2: Zoroark|1
|
|win|LNBeezy
|raw|LNBeezy's rating: 1160 → 1177(+17 for winning)
|raw|llufamistica's rating: 1045 → 1034(-11 for losing)
|l|☆LNBeezy
|player|p1|
