|j|☆zhipiyy
|j|☆rolandruina
|html|zhipiyyrolandruina    
|uhtml|bestof|Game 3 of a best-of-3
|t:|1782494069
|gametype|doubles
|player|p1|zhipiyy|n|1168
|player|p2|rolandruina|169|1141
|gen|9
|tier|[Gen 9 Champions] VGC 2026 Reg M-B (Bo3)
|rated|
|rule|Species Clause: Limit one of each Pokémon
|rule|Item Clause: Limit 1 of each item
|clearpoke
|poke|p1|Whimsicott, L50, F|
|poke|p1|Froslass, L50, F|
|poke|p1|Sneasler, L50, M|
|poke|p1|Lycanroc-Dusk, L50, F|
|poke|p1|Kingambit, L50, F|
|poke|p1|Rotom-Wash, L50|
|poke|p2|Swampert, L50, F|
|poke|p2|Metagross, L50|
|poke|p2|Archaludon, L50, M|
|poke|p2|Grimmsnarl, L50, M|
|poke|p2|Pelipper, L50, M|
|poke|p2|Sinistcha, L50|
|teampreview|4
|showteam|p1|Whimsicott||OccaBerry|Prankster|Tailwind,Protect,Moonblast,Encore|Timid||F|||50|]Froslass||Froslassite|CursedBody|AuroraVeil,Blizzard,ShadowBall,Protect|Timid||F|||50|]Sneasler||WhiteHerb|Unburden|CloseCombat,DireClaw,Protect,FakeOut|Adamant||M|||50|]Lycanroc-Dusk||FocusSash|ToughClaws|Protect,Accelerock,RockSlide,CloseCombat|Jolly||F|||50|]Kingambit||LifeOrb|Defiant|Protect,KowtowCleave,SuckerPunch,IronHead|Adamant||F|||50|]Rotom-Wash||SitrusBerry|Levitate|HydroPump,Thunderbolt,WillOWisp,Protect|Calm|||||50|
|showteam|p2|Swampert||Swampertite|Damp|WaveCrash,HighHorsepower,IcePunch,Protect|Adamant||F|||50|]Metagross||Metagrossite|ClearBody|IronHead,PsychicFangs,BodyPress,Protect|Jolly|||||50|]Archaludon||Leftovers|Stamina|DragonPulse,FlashCannon,ElectroShot,Protect|Calm||M|||50|]Grimmsnarl||LightClay|Prankster|FoulPlay,PartingShot,LightScreen,Reflect|Calm||M|||50|]Pelipper||FocusSash|Drizzle|Hurricane,WeatherBall,Tailwind,Protect|Modest||M|||50|]Sinistcha||KasibBerry|Hospitality|MatchaGotcha,RagePowder,LifeDew,TrickRoom|Bold|||||50|
|inactive|Battle timer is ON: inactive players will automatically lose when time's up. (requested by rolandruina)
|
|t:|1782494084
|teamsize|p1|4
|teamsize|p2|4
|start
|switch|p1a: Sneasler|Sneasler, L50, M|100/100
|switch|p1b: Rotom|Rotom-Wash, L50|100/100
|switch|p2a: Metagross|Metagross, L50|100/100
|switch|p2b: Grimmsnarl|Grimmsnarl, L50, M|100/100
|turn|1
|inactive|zhipiyy has 30 seconds left.
|inactive|rolandruina has 30 seconds left.
|inactive|zhipiyy has 20 seconds left.
|
|t:|1782494122
|switch|p1b: Kingambit|Kingambit, L50, F|100/100
|detailschange|p2a: Metagross|Metagross-Mega, L50
|-mega|p2a: Metagross|Metagross|Metagrossite
|move|p2b: Grimmsnarl|Light Screen|p2b: Grimmsnarl
|-sidestart|p2: rolandruina|move: Light Screen
|move|p2a: Metagross|Psychic Fangs|p1a: Sneasler
|-supereffective|p1a: Sneasler|2
|-damage|p1a: Sneasler|0 fnt
|faint|p1a: Sneasler
|
|upkeep
|
|t:|1782494133
|switch|p1a: Rotom|Rotom-Wash, L50|100/100
|turn|2
|inactive|rolandruina has 30 seconds left.
|
|t:|1782494161
|switch|p2a: Archaludon|Archaludon, L50, M|100/100
|move|p2b: Grimmsnarl|Reflect|p2b: Grimmsnarl
|-sidestart|p2: rolandruina|Reflect
|move|p1a: Rotom|Will-O-Wisp|p2a: Archaludon
|-status|p2a: Archaludon|brn
|move|p1b: Kingambit|Iron Head|p2b: Grimmsnarl
|-supereffective|p2b: Grimmsnarl|1
|-damage|p2b: Grimmsnarl|21/100
|-damage|p1b: Kingambit|90/100|[from] item: Life Orb
|
|-damage|p2a: Archaludon|93/100 brn|[from] brn
|upkeep
|turn|3
|inactive|zhipiyy has 30 seconds left.
|
|t:|1782494190
|move|p2b: Grimmsnarl|Parting Shot|p1a: Rotom
|-unboost|p1a: Rotom|atk|1
|-unboost|p1a: Rotom|spa|1
|
|t:|1782494192
|switch|p2b: Pelipper|Pelipper, L50, M|100/100|[from] Parting Shot
|-weather|RainDance|[from] ability: Drizzle|[of] p2b: Pelipper
|move|p2a: Archaludon|Electro Shot||[still]
|-prepare|p2a: Archaludon|Electro Shot
|-boost|p2a: Archaludon|spa|1
|-anim|p2a: Archaludon|Electro Shot|p1b: Kingambit
|-damage|p1b: Kingambit|35/100
|move|p1a: Rotom|Thunderbolt|p2b: Pelipper
|-supereffective|p2b: Pelipper|2
|-enditem|p2b: Pelipper|Focus Sash
|-damage|p2b: Pelipper|1/100
|-status|p2b: Pelipper|par
|move|p1b: Kingambit|Kowtow Cleave|p2a: Archaludon
|-damage|p2a: Archaludon|63/100 brn
|-ability|p2a: Archaludon|Stamina|boost
|-boost|p2a: Archaludon|def|1
|-damage|p1b: Kingambit|26/100|[from] item: Life Orb
|
|-weather|RainDance|[upkeep]
|-heal|p2a: Archaludon|69/100 brn|[from] item: Leftovers
|-damage|p2a: Archaludon|63/100 brn|[from] brn
|upkeep
|turn|4
|inactive|zhipiyy has 30 seconds left.
|inactive|rolandruina has 30 seconds left.
|inactive|zhipiyy has 20 seconds left.
|inactive|rolandruina has 20 seconds left.
|inactive|zhipiyy has 15 seconds left.
|
|t:|1782494233
|switch|p2b: Metagross|Metagross-Mega, L50|100/100
|move|p1b: Kingambit|Protect|p1b: Kingambit
|-singleturn|p1b: Kingambit|Protect
|move|p2a: Archaludon|Electro Shot||[still]
|-prepare|p2a: Archaludon|Electro Shot
|-boost|p2a: Archaludon|spa|1
|-anim|p2a: Archaludon|Electro Shot|p1b: Kingambit
|-activate|p1b: Kingambit|move: Protect
|move|p1a: Rotom|Thunderbolt|p2b: Metagross
|-damage|p2b: Metagross|83/100
|
|-weather|RainDance|[upkeep]
|-heal|p2a: Archaludon|69/100 brn|[from] item: Leftovers
|-damage|p2a: Archaludon|63/100 brn|[from] brn
|upkeep
|turn|5
|inactive|zhipiyy has 30 seconds left.
|
|t:|1782494260
|move|p1b: Kingambit|Sucker Punch|p2a: Archaludon
|-damage|p2a: Archaludon|46/100 brn
|-ability|p2a: Archaludon|Stamina|boost
|-boost|p2a: Archaludon|def|1
|-damage|p1b: Kingambit|16/100|[from] item: Life Orb
|move|p2b: Metagross|Body Press|p1b: Kingambit
|-supereffective|p1b: Kingambit|2
|-damage|p1b: Kingambit|0 fnt
|faint|p1b: Kingambit
|move|p2a: Archaludon|Electro Shot||[still]
|-prepare|p2a: Archaludon|Electro Shot
|-boost|p2a: Archaludon|spa|1
|-anim|p2a: Archaludon|Electro Shot|p1a: Rotom
|-damage|p1a: Rotom|23/100
|-enditem|p1a: Rotom|Sitrus Berry|[eat]
|-heal|p1a: Rotom|48/100|[from] item: Sitrus Berry
|move|p1a: Rotom|Hydro Pump|p2a: Archaludon
|-resisted|p2a: Archaludon|1
|-damage|p2a: Archaludon|33/100 brn
|-ability|p2a: Archaludon|Stamina|boost
|-boost|p2a: Archaludon|def|1
|
|-weather|RainDance|[upkeep]
|-heal|p2a: Archaludon|40/100 brn|[from] item: Leftovers
|-damage|p2a: Archaludon|33/100 brn|[from] brn
|upkeep
|
|t:|1782494280
|switch|p1b: Froslass|Froslass, L50, F|100/100
|turn|6
|inactive|zhipiyy has 30 seconds left.
|inactive|rolandruina has 30 seconds left.
|inactive|zhipiyy has 20 seconds left.
|
|t:|1782494315
|move|p1b: Froslass|Protect|p1b: Froslass
|-singleturn|p1b: Froslass|Protect
|move|p2b: Metagross|Iron Head|p1b: Froslass
|-activate|p1b: Froslass|move: Protect
|move|p2a: Archaludon|Dragon Pulse|p1a: Rotom
|-damage|p1a: Rotom|0 fnt
|faint|p1a: Rotom
|
|-weather|RainDance|[upkeep]
|-heal|p2a: Archaludon|40/100 brn|[from] item: Leftovers
|-damage|p2a: Archaludon|33/100 brn|[from] brn
|upkeep
|turn|7
|-message|zhipiyy forfeited.
|
|win|rolandruina
|raw|zhipiyy's rating: 1168 → 1141(-27 for losing)
|raw|rolandruina's rating: 1141 → 1168(+27 for winning)
|l|☆zhipiyy
|player|p1|
