|j|☆jayoticnl
|j|☆thegreatestnone
|html|jayoticnlthegreatestnone    
|uhtml|bestof|Game 2 of a best-of-3
|t:|1783718853
|gametype|doubles
|player|p1|jayoticnl|jacinthe|1107
|player|p2|thegreatestnone|265|1239
|gen|9
|tier|[Gen 9 Champions] VGC 2026 Reg M-B (Bo3)
|rated|
|rule|Species Clause: Limit one of each Pokémon
|rule|Item Clause: Limit 1 of each item
|clearpoke
|poke|p1|Scolipede, L50, M|
|poke|p1|Orthworm, L50, F|
|poke|p1|Vivillon-Elegant, L50, M|
|poke|p1|Venusaur, L50, M|
|poke|p1|Ceruledge, L50, F|
|poke|p1|Milotic, L50, M|
|poke|p2|Grimmsnarl, L50, M|
|poke|p2|Toxapex, L50, M|
|poke|p2|Glimmora, L50, M|
|poke|p2|Garchomp, L50, M|
|poke|p2|Basculegion, L50, M|
|poke|p2|Scovillain, L50, M|
|teampreview|4
|showteam|p1|Scolipede||Scolipite|SpeedBoost|LeechLife,GunkShot,SwordsDance,Protect|Adamant||M|||50|]Orthworm||SitrusBerry|EarthEater|HeavySlam,ShedTail,HelpingHand,Protect|Jolly||F|||50|]Vivillon-Elegant||FocusSash|CompoundEyes|SleepPowder,Hurricane,RagePowder,Protect|Timid||M|||50|]Venusaur||Venusaurite|Chlorophyll|GigaDrain,EarthPower,SludgeBomb,Protect|Modest||M|||50|]Ceruledge||ColburBerry|FlashFire|BitterBlade,ShadowSneak,BulkUp,Protect|Adamant||F|||50|]Milotic||Leftovers|Competitive|MuddyWater,Hypnosis,Coil,Protect|Calm||M|||50|
|showteam|p2|Grimmsnarl||LightClay|Prankster|Protect,Reflect,PartingShot,LightScreen|Sassy||M|||50|]Toxapex||Leftovers|Regenerator|BanefulBunker,Infestation,Toxic,Recover|Relaxed||M|||50|]Glimmora||FocusSash|Corrosion|Toxic,StealthRock,PowerGem,Protect|Calm||M|||50|]Garchomp||SitrusBerry|RoughSkin|Protect,RockSlide,StompingTantrum,SwordsDance|Impish||M|||50|]Basculegion||ChoiceScarf|Adaptability|WaveCrash,FlipTurn,LastRespects,AquaJet|Adamant||M|||50|]Scovillain||Scovillainite|Chlorophyll|LeechSeed,RagePowder,Protect,Flamethrower|Calm||M|||50|
|
|t:|1783718889
|teamsize|p1|4
|teamsize|p2|4
|start
|switch|p1a: Vivillon|Vivillon-Elegant, L50, M|100/100
|switch|p1b: Orthworm|Orthworm, L50, F|100/100
|switch|p2a: Scovillain|Scovillain, L50, M|100/100
|switch|p2b: Basculegion|Basculegion, L50, M|100/100
|turn|1
|
|t:|1783718904
|detailschange|p2a: Scovillain|Scovillain-Mega, L50, M
|-mega|p2a: Scovillain|Scovillain|Scovillainite
|move|p2a: Scovillain|Protect|p2a: Scovillain
|-singleturn|p2a: Scovillain|Protect
|move|p2b: Basculegion|Flip Turn|p1a: Vivillon
|-damage|p1a: Vivillon|23/100
|
|t:|1783718910
|switch|p2b: Grimmsnarl|Grimmsnarl, L50, M|100/100|[from] Flip Turn
|move|p1a: Vivillon|Hurricane|p2a: Scovillain
|-activate|p2a: Scovillain|move: Protect
|move|p1b: Orthworm|Shed Tail|p1b: Orthworm
|-start|p1b: Orthworm|Substitute|[from] move: Shed Tail
|-damage|p1b: Orthworm|50/100y
|-enditem|p1b: Orthworm|Sitrus Berry|[eat]
|-heal|p1b: Orthworm|75/100|[from] item: Sitrus Berry
|
|t:|1783718915
|switch|p1b: Scolipede|Scolipede, L50, M|100/100|[from] Shed Tail
|
|upkeep
|turn|2
|
|t:|1783718932
|move|p2b: Grimmsnarl|Light Screen|p2b: Grimmsnarl
|-sidestart|p2: thegreatestnone|move: Light Screen
|move|p1b: Scolipede|Swords Dance|p1b: Scolipede
|-boost|p1b: Scolipede|atk|2
|move|p1a: Vivillon|Hurricane|p2a: Scovillain
|-supereffective|p2a: Scovillain|1
|-damage|p2a: Scovillain|39/100
|-status|p1a: Vivillon|brn|[from] ability: Spicy Spray|[of] p2a: Scovillain
|move|p2a: Scovillain|Flamethrower|p1b: Scolipede
|-supereffective|p1b: Scolipede|1
|-end|p1b: Scolipede|Substitute
|
|-damage|p1a: Vivillon|18/100 brn|[from] brn
|-ability|p1b: Scolipede|Speed Boost|boost
|-boost|p1b: Scolipede|spe|1
|upkeep
|turn|3
|
|t:|1783718958
|switch|p2a: Basculegion|Basculegion, L50, M|100/100
|move|p1b: Scolipede|Protect|p1b: Scolipede
|-singleturn|p1b: Scolipede|Protect
|move|p2b: Grimmsnarl|Parting Shot|p1b: Scolipede
|-activate|p1b: Scolipede|move: Protect
|move|p1a: Vivillon|Sleep Powder|p2b: Grimmsnarl
|-status|p2b: Grimmsnarl|slp|[from] move: Sleep Powder
|
|-damage|p1a: Vivillon|12/100 brn|[from] brn
|-ability|p1b: Scolipede|Speed Boost|boost
|-boost|p1b: Scolipede|spe|1
|upkeep
|turn|4
|
|t:|1783718978
|switch|p2b: Scovillain|Scovillain-Mega, L50, M|39/100
|move|p1a: Vivillon|Rage Powder|p1a: Vivillon
|-singleturn|p1a: Vivillon|move: Rage Powder
|move|p1b: Scolipede|Swords Dance|p1b: Scolipede
|-boost|p1b: Scolipede|atk|2
|move|p2a: Basculegion|Flip Turn|p1a: Vivillon
|-damage|p1a: Vivillon|0 fnt
|faint|p1a: Vivillon
|
|t:|1783718988
|switch|p2a: Toxapex|Toxapex, L50, M|100/100|[from] Flip Turn
|
|-ability|p1b: Scolipede|Speed Boost|boost
|-boost|p1b: Scolipede|spe|1
|upkeep
|
|t:|1783718994
|switch|p1a: Milotic|Milotic, L50, M|100/100
|turn|5
|
|t:|1783719004
|switch|p2b: Grimmsnarl|Grimmsnarl, L50, M|100/100 slp
|move|p1b: Scolipede|Protect|p1b: Scolipede
|-singleturn|p1b: Scolipede|Protect
|move|p1a: Milotic|Hypnosis|p2b: Grimmsnarl
|-fail|p2b: Grimmsnarl|slp
|move|p2a: Toxapex|Toxic|p1a: Milotic
|-status|p1a: Milotic|tox
|
|-damage|p1a: Milotic|94/100 tox|[from] psn
|-ability|p1b: Scolipede|Speed Boost|boost
|-boost|p1b: Scolipede|spe|1
|upkeep
|turn|6
|
|t:|1783719019
|detailschange|p1b: Scolipede|Scolipede-Mega, L50, M
|-mega|p1b: Scolipede|Scolipede|Scolipite
|cant|p2b: Grimmsnarl|slp
|move|p1b: Scolipede|Gunk Shot|p2b: Grimmsnarl
|-supereffective|p2b: Grimmsnarl|1
|-damage|p2b: Grimmsnarl|0 fnt
|faint|p2b: Grimmsnarl
|move|p1a: Milotic|Coil|p1a: Milotic
|-boost|p1a: Milotic|atk|1
|-boost|p1a: Milotic|def|1
|-boost|p1a: Milotic|accuracy|1
|move|p2a: Toxapex|Infestation|p1b: Scolipede
|-resisted|p1b: Scolipede|1
|-damage|p1b: Scolipede|97/100
|-activate|p1b: Scolipede|move: Infestation|[of] p2a: Toxapex
|
|-heal|p1a: Milotic|100/100 tox|[from] item: Leftovers
|-damage|p1a: Milotic|88/100 tox|[from] psn
|-damage|p1b: Scolipede|85/100|[from] move: Infestation|[partiallytrapped]
|upkeep
|
|t:|1783719042
|switch|p2b: Scovillain|Scovillain-Mega, L50, M|39/100
|turn|7
|
|t:|1783719048
|move|p1b: Scolipede|Swords Dance|p1b: Scolipede
|-boost|p1b: Scolipede|atk|2
|move|p1a: Milotic|Hypnosis|p2b: Scovillain|[miss]
|-miss|p1a: Milotic|p2b: Scovillain
|move|p2b: Scovillain|Leech Seed|p1b: Scolipede
|-start|p1b: Scolipede|move: Leech Seed
|move|p2a: Toxapex|Infestation|p1a: Milotic
|-damage|p1a: Milotic|86/100 tox
|-activate|p1a: Milotic|move: Infestation|[of] p2a: Toxapex
|
|-heal|p1a: Milotic|92/100 tox|[from] item: Leftovers
|-damage|p1b: Scolipede|74/100|[from] Leech Seed|[of] p2b: Scovillain
|-heal|p2b: Scovillain|48/100|[silent]
|-damage|p1a: Milotic|74/100 tox|[from] psn
|-damage|p1b: Scolipede|62/100|[from] move: Infestation|[partiallytrapped]
|-damage|p1a: Milotic|61/100 tox|[from] move: Infestation|[partiallytrapped]
|upkeep
|turn|8
|
|t:|1783719092
|move|p1b: Scolipede|Leech Life|p2b: Scovillain
|-damage|p2b: Scovillain|0 fnt
|-heal|p1b: Scolipede|93/100|[from] drain|[of] p2b: Scovillain
|-status|p1b: Scolipede|brn|[from] ability: Spicy Spray|[of] p2b: Scovillain
|faint|p2b: Scovillain
|move|p1a: Milotic|Hypnosis|p2a: Toxapex
|-status|p2a: Toxapex|slp|[from] move: Hypnosis
|cant|p2a: Toxapex|slp
|
|-heal|p1a: Milotic|67/100 tox|[from] item: Leftovers
|-damage|p1a: Milotic|43/100 tox|[from] psn
|-damage|p1b: Scolipede|87/100 brn|[from] brn
|-damage|p1b: Scolipede|75/100 brn|[from] move: Infestation|[partiallytrapped]
|-damage|p1a: Milotic|31/100 tox|[from] move: Infestation|[partiallytrapped]
|upkeep
|
|t:|1783719106
|switch|p2b: Basculegion|Basculegion, L50, M|100/100
|turn|9
|
|t:|1783719113
|move|p1b: Scolipede|Gunk Shot|p2b: Basculegion
|-resisted|p2b: Basculegion|1
|-crit|p2b: Basculegion
|-damage|p2b: Basculegion|0 fnt
|faint|p2b: Basculegion
|move|p1a: Milotic|Muddy Water|p2a: Toxapex
|-resisted|p2a: Toxapex|1
|-damage|p2a: Toxapex|91/100 slp
|cant|p2a: Toxapex|slp
|
|-heal|p1a: Milotic|37/100 tox|[from] item: Leftovers
|-heal|p2a: Toxapex|97/100 slp|[from] item: Leftovers
|-damage|p1a: Milotic|7/100 tox|[from] psn
|-damage|p1b: Scolipede|69/100 brn|[from] brn
|-damage|p1b: Scolipede|57/100 brn|[from] move: Infestation|[partiallytrapped]
|-damage|p1a: Milotic|0 fnt|[from] move: Infestation|[partiallytrapped]
|faint|p1a: Milotic
|-sideend|p2: thegreatestnone|move: Light Screen
|upkeep
|
|t:|1783719120
|switch|p1a: Orthworm|Orthworm, L50, F|75/100
|turn|10
|
|t:|1783719127
|move|p1a: Orthworm|Helping Hand|p1b: Scolipede
|-singleturn|p1b: Scolipede|Helping Hand|[of] p1a: Orthworm
|move|p1b: Scolipede|Leech Life|p2a: Toxapex
|-resisted|p2a: Toxapex|1
|-damage|p2a: Toxapex|51/100 slp
|-heal|p1b: Scolipede|84/100 brn|[from] drain|[of] p2a: Toxapex
|-curestatus|p2a: Toxapex|slp|[msg]
|move|p2a: Toxapex|Infestation|p1a: Orthworm
|-resisted|p1a: Orthworm|1
|-damage|p1a: Orthworm|72/100
|-activate|p1a: Orthworm|move: Infestation|[of] p2a: Toxapex
|
|-heal|p2a: Toxapex|57/100|[from] item: Leftovers
|-damage|p1b: Scolipede|78/100 brn|[from] brn
|-end|p1b: Scolipede|Infestation|[partiallytrapped]
|-damage|p1a: Orthworm|60/100|[from] move: Infestation|[partiallytrapped]
|upkeep
|turn|11
|
|t:|1783719144
|move|p1a: Orthworm|Helping Hand|p1b: Scolipede
|-singleturn|p1b: Scolipede|Helping Hand|[of] p1a: Orthworm
|move|p1b: Scolipede|Leech Life|p2a: Toxapex
|-resisted|p2a: Toxapex|1
|-damage|p2a: Toxapex|13/100
|-heal|p1b: Scolipede|100/100 brn|[from] drain|[of] p2a: Toxapex
|move|p2a: Toxapex|Infestation|p1b: Scolipede
|-resisted|p1b: Scolipede|1
|-damage|p1b: Scolipede|97/100 brn
|-activate|p1b: Scolipede|move: Infestation|[of] p2a: Toxapex
|
|-heal|p2a: Toxapex|19/100|[from] item: Leftovers
|-damage|p1b: Scolipede|91/100 brn|[from] brn
|-damage|p1b: Scolipede|80/100 brn|[from] move: Infestation|[partiallytrapped]
|-damage|p1a: Orthworm|47/100|[from] move: Infestation|[partiallytrapped]
|upkeep
|turn|12
|
|t:|1783719154
|move|p1a: Orthworm|Helping Hand|p1b: Scolipede
|-singleturn|p1b: Scolipede|Helping Hand|[of] p1a: Orthworm
|move|p2a: Toxapex|Baneful Bunker|p2a: Toxapex
|-singleturn|p2a: Toxapex|move: Protect
|move|p1b: Scolipede|Leech Life|p2a: Toxapex
|-activate|p2a: Toxapex|move: Protect
|
|-heal|p2a: Toxapex|24/100|[from] item: Leftovers
|-damage|p1b: Scolipede|74/100 brn|[from] brn
|-damage|p1b: Scolipede|62/100 brn|[from] move: Infestation|[partiallytrapped]
|-damage|p1a: Orthworm|35/100|[from] move: Infestation|[partiallytrapped]
|upkeep
|turn|13
|
|t:|1783719168
|move|p1a: Orthworm|Helping Hand|p1b: Scolipede
|-singleturn|p1b: Scolipede|Helping Hand|[of] p1a: Orthworm
|move|p2a: Toxapex|Baneful Bunker||[still]
|-fail|p2a: Toxapex
|move|p1b: Scolipede|Leech Life|p2a: Toxapex
|-resisted|p2a: Toxapex|1
|-damage|p2a: Toxapex|0 fnt
|-heal|p1b: Scolipede|77/100 brn|[from] drain|[of] p2a: Toxapex
|faint|p2a: Toxapex
|
|win|jayoticnl
|raw|jayoticnl's rating: 1107 → 1141(+34 for winning)
|raw|thegreatestnone's rating: 1239 → 1205(-34 for losing)
|l|☆thegreatestnone
|player|p2|
