|j|☆Silhouetiquette
|j|☆Pumpkinman
|html|SilhouetiquettePumpkinman    
|uhtml|bestof|Game 1 of a best-of-3
|t:|1757021654
|gametype|doubles
|player|p1|Silhouetiquette|101|1053
|player|p2|Pumpkinman|cyclist-gen4|1123
|gen|9
|tier|[Gen 9] VGC 2025 Reg H (Bo3)
|rated|
|rule|Species Clause: Limit one of each Pokémon
|rule|Item Clause: Limit 1 of each item
|clearpoke
|poke|p1|Tyranitar, L50, F|
|poke|p1|Excadrill, L50, F|
|poke|p1|Kilowattrel, L50, F|
|poke|p1|Amoonguss, L50, F|
|poke|p1|Indeedee, L50, M|
|poke|p1|Sneasler, L50, F|
|poke|p2|Charizard, L50, F|
|poke|p2|Torkoal, L50, M|
|poke|p2|Porygon2, L50|
|poke|p2|Incineroar, L50, M|
|poke|p2|Jumpluff, L50, F|
|poke|p2|Ursaluna, L50, M|
|teampreview|4
|showteam|p1|Tyranitar||AssaultVest|SandStream|RockSlide,KnockOff,TeraBlast,LowKick|||F|||50|,,,,,Flying]Excadrill||ClearAmulet|SandRush|Earthquake,IronHead,StompingTantrum,Protect|||F|||50|,,,,,Ground]Kilowattrel||ChoiceSpecs|Competitive|WeatherBall,Thunderbolt,AirSlash,Hurricane|||F|||50|,,,,,Stellar]Amoonguss||SitrusBerry|Regenerator|Spore,RagePowder,PollenPuff,Protect|||F|||50|,,,,,Water]Indeedee||FocusSash|PsychicSurge|ExpandingForce,Imprison,TrickRoom,TeraBlast|||M|||50|,,,,,Fighting]Sneasler||PsychicSeed|Unburden|DireClaw,CloseCombat,Acrobatics,Protect|||F|||50|,,,,,Flying
|showteam|p2|Charizard||ChoiceSpecs|SolarPower|HeatWave,Overheat,WeatherBall,AirSlash|||F|||50|,,,,,Ghost]Torkoal||EjectPack|Drought|Eruption,Overheat,HelpingHand,Protect|||M|||50|,,,,,Fire]Porygon2||Eviolite|Download|TeraBlast,IceBeam,Recover,TrickRoom||||||50|,,,,,Fighting]Incineroar||SitrusBerry|Intimidate|FlareBlitz,KnockOff,FakeOut,PartingShot|||M|||50|,,,,,Ghost]Jumpluff||CovertCloak|Chlorophyll|SleepPowder,SunnyDay,RagePowder,Tailwind|||F|||50|,,,,,Water]Ursaluna||FlameOrb|Guts|HeadlongRush,Facade,Earthquake,Protect|||M|||50|,,,,,Ghost
|inactive|Battle timer is ON: inactive players will automatically lose when time's up. (requested by Pumpkinman)
|inactive|Silhouetiquette also wants the timer to be on.
|inactive|Silhouetiquette has 60 seconds left.
|inactive|Pumpkinman has 60 seconds left.
|inactive|Pumpkinman has 30 seconds left.
|
|t:|1757021715
|teamsize|p1|4
|teamsize|p2|4
|start
|switch|p1a: Kilowattrel|Kilowattrel, L50, F|100/100
|switch|p1b: Excadrill|Excadrill, L50, F|100/100
|switch|p2a: Jumpluff|Jumpluff, L50, F|100/100
|switch|p2b: Torkoal|Torkoal, L50, M|100/100
|-weather|SunnyDay|[from] ability: Drought|[of] p2b: Torkoal
|turn|1
|inactive|Pumpkinman has 30 seconds left.
|
|t:|1757021746
|switch|p1b: Tyranitar|Tyranitar, L50, F|100/100
|-weather|Sandstorm|[from] ability: Sand Stream|[of] p1b: Tyranitar
|-terastallize|p2a: Jumpluff|Water
|move|p2a: Jumpluff|Rage Powder|p2a: Jumpluff
|-singleturn|p2a: Jumpluff|move: Rage Powder
|move|p1a: Kilowattrel|Weather Ball|p2a: Jumpluff
|-damage|p2a: Jumpluff|52/100
|move|p2b: Torkoal|Eruption|p1b: Tyranitar|[spread] p1a,p1b
|-resisted|p1b: Tyranitar
|-damage|p1a: Kilowattrel|7/100
|-damage|p1b: Tyranitar|92/100
|
|-weather|Sandstorm|[upkeep]
|-damage|p1a: Kilowattrel|0 fnt|[from] Sandstorm
|-damage|p2a: Jumpluff|46/100|[from] Sandstorm
|-damage|p2b: Torkoal|94/100|[from] Sandstorm
|faint|p1a: Kilowattrel
|upkeep
|
|t:|1757021758
|switch|p1a: Excadrill|Excadrill, L50, F|100/100
|turn|2
|inactive|Pumpkinman has 30 seconds left.
|inactive|Pumpkinman has 20 seconds left.
|
|t:|1757021795
|switch|p2b: Porygon2|Porygon2, L50|100/100
|-ability|p2b: Porygon2|Download|boost
|-boost|p2b: Porygon2|spa|1
|-terastallize|p1b: Tyranitar|Flying
|move|p1a: Excadrill|Earthquake|p2b: Porygon2|[spread] p2a,p2b
|-immune|p1b: Tyranitar
|-damage|p2a: Jumpluff|0 fnt
|-damage|p2b: Porygon2|72/100
|faint|p2a: Jumpluff
|move|p1b: Tyranitar|Rock Slide|p2b: Porygon2
|-damage|p2b: Porygon2|43/100
|
|-weather|Sandstorm|[upkeep]
|-damage|p2b: Porygon2|36/100|[from] Sandstorm
|-damage|p1b: Tyranitar|86/100|[from] Sandstorm
|upkeep
|inactive|Pumpkinman has 30 seconds left.
|inactive|Pumpkinman has 20 seconds left.
|inactive|Pumpkinman has 15 seconds left.
|
|t:|1757021840
|switch|p2a: Ursaluna|Ursaluna, L50, M|100/100
|turn|3
|inactive|Pumpkinman has 30 seconds left.
|
|t:|1757021866
|move|p1a: Excadrill|Earthquake|p2a: Ursaluna|[spread] p2a,p2b
|-immune|p1b: Tyranitar
|-damage|p2a: Ursaluna|64/100
|-damage|p2b: Porygon2|8/100
|move|p2a: Ursaluna|Facade|p1b: Tyranitar
|-damage|p1b: Tyranitar|53/100
|move|p1b: Tyranitar|Knock Off|p2a: Ursaluna
|-damage|p2a: Ursaluna|18/100
|-enditem|p2a: Ursaluna|Flame Orb|[from] move: Knock Off|[of] p1b: Tyranitar
|move|p2b: Porygon2|Trick Room|p2b: Porygon2
|-fieldstart|move: Trick Room|[of] p2b: Porygon2
|
|-weather|Sandstorm|[upkeep]
|-damage|p1b: Tyranitar|47/100|[from] Sandstorm
|-damage|p2b: Porygon2|2/100|[from] Sandstorm
|upkeep
|turn|4
|inactive|Silhouetiquette has 30 seconds left.
|inactive|Pumpkinman has 30 seconds left.
|inactive|Pumpkinman has 20 seconds left.
|inactive|Pumpkinman has 15 seconds left.
|
|t:|1757021909
|move|p2a: Ursaluna|Protect|p2a: Ursaluna
|-singleturn|p2a: Ursaluna|Protect
|move|p1b: Tyranitar|Rock Slide|p2a: Ursaluna|[spread] p2b
|-activate|p2a: Ursaluna|move: Protect
|-crit|p2b: Porygon2
|-damage|p2b: Porygon2|0 fnt
|faint|p2b: Porygon2
|move|p1a: Excadrill|Earthquake|p2a: Ursaluna|[spread] 
|-activate|p2a: Ursaluna|move: Protect
|-immune|p1b: Tyranitar
|
|-weather|Sandstorm|[upkeep]
|-damage|p1b: Tyranitar|41/100|[from] Sandstorm
|upkeep
|
|t:|1757021918
|switch|p2b: Torkoal|Torkoal, L50, M|94/100
|-weather|SunnyDay|[from] ability: Drought|[of] p2b: Torkoal
|turn|5
|inactive|Pumpkinman has 30 seconds left.
|inactive|Pumpkinman has 20 seconds left.
|inactive|Pumpkinman has 15 seconds left.
|inactive|Pumpkinman has 10 seconds left.
|
|t:|1757021966
|switch|p1b: Amoonguss|Amoonguss, L50, F|100/100
|move|p1a: Excadrill|Protect|p1a: Excadrill
|-singleturn|p1a: Excadrill|Protect
|move|p2b: Torkoal|Eruption|p1b: Amoonguss|[spread] p1b
|-activate|p1a: Excadrill|move: Protect
|-supereffective|p1b: Amoonguss
|-damage|p1b: Amoonguss|0 fnt
|faint|p1b: Amoonguss
|move|p2a: Ursaluna|Facade|p1a: Excadrill
|-activate|p1a: Excadrill|move: Protect
|
|-weather|SunnyDay|[upkeep]
|upkeep
|
|t:|1757021977
|switch|p1b: Tyranitar|Tyranitar, L50, F, tera:Flying|41/100
|-weather|Sandstorm|[from] ability: Sand Stream|[of] p1b: Tyranitar
|turn|6
|inactive|Pumpkinman has 30 seconds left.
|inactive|Pumpkinman has 20 seconds left.
|inactive|Pumpkinman has 15 seconds left.
|inactive|Pumpkinman has 10 seconds left.
|inactive|Pumpkinman has 5 seconds left.
|
|t:|1757022028
|move|p2b: Torkoal|Eruption|p1a: Excadrill|[spread] p1a,p1b
|-supereffective|p1a: Excadrill
|-damage|p1a: Excadrill|0 fnt
|-damage|p1b: Tyranitar|16/100
|faint|p1a: Excadrill
|move|p1b: Tyranitar|Rock Slide|p2a: Ursaluna|[spread] p2a,p2b
|-resisted|p2a: Ursaluna
|-supereffective|p2b: Torkoal
|-damage|p2a: Ursaluna|4/100
|-damage|p2b: Torkoal|47/100
|move|p2a: Ursaluna|Facade|p1b: Tyranitar
|-damage|p1b: Tyranitar|0 fnt
|faint|p1b: Tyranitar
|
|win|Pumpkinman
||Silhouetiquette is ready for game 2.
|inactive|Pumpkinman has 30 seconds to confirm battle start!
|l|☆Silhouetiquette
|player|p1|
|inactive|Pumpkinman has 20 seconds to confirm battle start!
||Pumpkinman is ready for game 2.
|uhtml|next|Next: Game 2 of 3
