|j|☆vglabmty
|j|☆fergalhopper
|html|vglabmtyfergalhopper    
|uhtml|bestof|Game 3 of a best-of-3
|t:|1784757804
|gametype|doubles
|player|p1|vglabmty|101|1120
|player|p2|fergalhopper|1|1043
|gen|9
|tier|[Gen 9 Champions] VGC 2026 Reg M-B (Bo3)
|rated|
|rule|Species Clause: Limit one of each Pokémon
|rule|Item Clause: Limit 1 of each item
|clearpoke
|poke|p1|Clefable, L50, F|
|poke|p1|Farigiraf, L50, F|
|poke|p1|Tyranitar, L50, F|
|poke|p1|Houndstone, L50, M|
|poke|p1|Sneasler, L50, F|
|poke|p1|Aurorus, L50, M|
|poke|p2|Blaziken, L50, M|
|poke|p2|Whimsicott, L50, F|
|poke|p2|Maushold-Four, L50|
|poke|p2|Gholdengo, L50|
|poke|p2|Tsareena, L50, F|
|poke|p2|Annihilape, L50, F|
|teampreview|4
|showteam|p1|Clefable||Leftovers|MagicGuard|Protect,FollowMe,LifeDew,DazzlingGleam|Calm||F|||50|]Farigiraf||SitrusBerry|ArmorTail|HelpingHand,Thunderbolt,TwinBeam,TrickRoom|Relaxed||F|||50|]Tyranitar||Tyranitarite|SandStream|DragonDance,KnockOff,RockSlide,Protect|Adamant||F|||50|]Houndstone||SpellTag|SandRush|LastRespects,PhantomForce,WillOWisp,Protect|Adamant||M|||50|]Sneasler||WhiteHerb|Unburden|FakeOut,DireClaw,CloseCombat,NightSlash|Adamant||F|||50|]Aurorus||LifeOrb|Refrigerate|HyperVoice,EarthPower,HyperBeam,Protect|Quiet||M|||50|
|showteam|p2|Blaziken||Blazikenite|SpeedBoost|FlareBlitz,CloseCombat,RockSlide,Protect|Adamant||M|||50|]Whimsicott||FocusSash|Prankster|Moonblast,Tailwind,Charm,Protect|Timid||F|||50|]Maushold-Four||WideLens|Technician|Protect,PopulationBomb,FollowMe,Feint|Adamant|||||50|]Gholdengo||LifeOrb|GoodasGold|MakeItRain,ShadowBall,NastyPlot,Protect|Modest|||||50|]Tsareena||LightClay|QueenlyMajesty|TropKick,LightScreen,Reflect,Taunt|Careful||F|||50|]Annihilape||SitrusBerry|Defiant|PhantomForce,CloseCombat,RockTomb,Protect|Adamant||F|||50|
|
|t:|1784757830
|teamsize|p1|4
|teamsize|p2|4
|start
|switch|p1a: Farigiraf|Farigiraf, L50, F|100/100
|switch|p1b: Sneasler|Sneasler, L50, F|100/100
|switch|p2a: Gholdengo|Gholdengo, L50|100/100
|switch|p2b: Annihilape|Annihilape, L50, F|100/100
|turn|1
|
|t:|1784757854
|move|p2a: Gholdengo|Protect|p2a: Gholdengo
|-singleturn|p2a: Gholdengo|Protect
|move|p1b: Sneasler|Night Slash|p2b: Annihilape
|-damage|p2b: Annihilape|73/100
|move|p2b: Annihilape|Close Combat|p1a: Farigiraf
|-damage|p1a: Farigiraf|51/100
|-unboost|p2b: Annihilape|def|1
|-unboost|p2b: Annihilape|spd|1
|move|p1a: Farigiraf|Twin Beam|p2b: Annihilape
|-supereffective|p2b: Annihilape|1
|-damage|p2b: Annihilape|31/100
|-enditem|p2b: Annihilape|Sitrus Berry|[eat]
|-heal|p2b: Annihilape|56/100|[from] item: Sitrus Berry
|-supereffective|p2b: Annihilape|1
|-damage|p2b: Annihilape|17/100
|-hitcount|p2b: Annihilape|2
|
|upkeep
|turn|2
|
|t:|1784757895
|move|p2b: Annihilape|Protect|p2b: Annihilape
|-singleturn|p2b: Annihilape|Protect
|move|p1b: Sneasler|Night Slash|p2b: Annihilape
|-activate|p2b: Annihilape|move: Protect
|move|p2a: Gholdengo|Make It Rain|p1a: Farigiraf|[spread] p1a,p1b
|-damage|p1a: Farigiraf|0 fnt
|-damage|p1b: Sneasler|20/100y
|-unboost|p2a: Gholdengo|spa|2
|faint|p1a: Farigiraf
|-damage|p2a: Gholdengo|90/100|[from] item: Life Orb
|
|upkeep
|
|t:|1784757918
|switch|p1a: Tyranitar|Tyranitar, L50, F|100/100
|-weather|Sandstorm|[from] ability: Sand Stream|[of] p1a: Tyranitar
|turn|3
|
|t:|1784757943
|move|p1b: Sneasler|Night Slash|p2b: Annihilape
|-damage|p2b: Annihilape|0 fnt
|faint|p2b: Annihilape
|move|p2a: Gholdengo|Make It Rain|p1a: Tyranitar|[spread] p1a,p1b
|-supereffective|p1a: Tyranitar|1
|-damage|p1a: Tyranitar|60/100
|-damage|p1b: Sneasler|0 fnt
|-unboost|p2a: Gholdengo|spa|2
|faint|p1b: Sneasler
|-damage|p2a: Gholdengo|80/100|[from] item: Life Orb
|move|p1a: Tyranitar|Dragon Dance|p1a: Tyranitar
|-boost|p1a: Tyranitar|atk|1
|-boost|p1a: Tyranitar|spe|1
|
|-weather|Sandstorm|[upkeep]
|upkeep
|
|t:|1784757988
|switch|p1b: Aurorus|Aurorus, L50, M|100/100
|switch|p2b: Blaziken|Blaziken, L50, M|100/100
|turn|4
|
|t:|1784758007
|detailschange|p1a: Tyranitar|Tyranitar-Mega, L50, F
|-mega|p1a: Tyranitar|Tyranitar|Tyranitarite
|detailschange|p2b: Blaziken|Blaziken-Mega, L50, M
|-mega|p2b: Blaziken|Blaziken|Blazikenite
|move|p2b: Blaziken|Protect|p2b: Blaziken
|-singleturn|p2b: Blaziken|Protect
|move|p2a: Gholdengo|Protect|p2a: Gholdengo
|-singleturn|p2a: Gholdengo|Protect
|move|p1a: Tyranitar|Knock Off|p2a: Gholdengo
|-activate|p2a: Gholdengo|move: Protect
|move|p1b: Aurorus|Earth Power|p2b: Blaziken
|-activate|p2b: Blaziken|move: Protect
|
|-weather|Sandstorm|[upkeep]
|-damage|p2b: Blaziken|94/100|[from] Sandstorm
|-ability|p2b: Blaziken|Speed Boost|boost
|-boost|p2b: Blaziken|spe|1
|upkeep
|turn|5
|
|t:|1784758046
|move|p1a: Tyranitar|Protect|p1a: Tyranitar
|-singleturn|p1a: Tyranitar|Protect
|move|p2b: Blaziken|Close Combat|p1a: Tyranitar
|-activate|p1a: Tyranitar|move: Protect
|move|p2a: Gholdengo|Make It Rain|p1b: Aurorus|[spread] p1b
|-activate|p1a: Tyranitar|move: Protect
|-supereffective|p1b: Aurorus|2
|-crit|p1b: Aurorus
|-damage|p1b: Aurorus|0 fnt
|-unboost|p2a: Gholdengo|spa|2
|faint|p1b: Aurorus
|-damage|p2a: Gholdengo|71/100|[from] item: Life Orb
|
|-weather|Sandstorm|[upkeep]
|-damage|p2b: Blaziken|88/100|[from] Sandstorm
|-ability|p2b: Blaziken|Speed Boost|boost
|-boost|p2b: Blaziken|spe|1
|upkeep
|turn|6
|c|☆vglabmty|no mms
|c|☆vglabmty|fck hax
|-message|vglabmty forfeited.
|
|win|fergalhopper
|raw|vglabmty's rating: 1095 → 1067(-28 for losing)
|raw|fergalhopper's rating: 1043 → 1082(+39 for winning)
|l|☆vglabmty
|player|p1|
