|j|☆Anicredible
|j|☆OhNoValentine
|html|AnicredibleOhNoValentine    
|uhtml|bestof|Game 3 of a best-of-3
|t:|1756994191
|gametype|doubles
|player|p1|Anicredible|hilbert|1111
|player|p2|OhNoValentine|170|1230
|gen|9
|tier|[Gen 9] VGC 2025 Reg H (Bo3)
|rated|
|rule|Species Clause: Limit one of each Pokémon
|rule|Item Clause: Limit 1 of each item
|clearpoke
|poke|p1|Annihilape, L50, M|
|poke|p1|Ursaluna-Bloodmoon, L50, M|
|poke|p1|Farigiraf, L50, F|
|poke|p1|Arcanine-Hisui, L50, M|
|poke|p1|Whimsicott, L50, M|
|poke|p1|Altaria, L50, M|
|poke|p2|Rillaboom, L50, M|
|poke|p2|Sneasler, L50, F|
|poke|p2|Gholdengo, L50|
|poke|p2|Ursaluna, L50, F|
|poke|p2|Dragonite, L50, M|
|poke|p2|Incineroar, L50, M|
|teampreview|4
|showteam|p1|Annihilape||MistySeed|Defiant|Protect,BulkUp,DrainPunch,RageFist|||M|||50|,,,,,Fire]Ursaluna-Bloodmoon||LifeOrb|MindsEye|Protect,EarthPower,HyperVoice,BloodMoon|||M|||50|,,,,,Normal]Farigiraf||ThroatSpray|ArmorTail|Protect,TrickRoom,HyperVoice,Psychic|||F|||50|,,,,,Dragon]Arcanine-Hisui||ChoiceBand|Intimidate|FlareBlitz,RockSlide,ExtremeSpeed,WildCharge|||M|||50|,,,,,Grass]Whimsicott||CovertCloak|Prankster|Tailwind,MistyTerrain,Moonblast,Encore|||M|||50|,,,,,Fire]Altaria||SitrusBerry|CloudNine|Protect,Haze,Thief,HelpingHand|||M|||50|,,,,,Fairy
|showteam|p2|Rillaboom||AssaultVest|GrassySurge|FakeOut,WoodHammer,Uturn,GrassyGlide|||M|||50|,,,,,Fire]Sneasler||GrassySeed|Unburden|Protect,CloseCombat,DireClaw,ThroatChop|||F|||50|,,,,,Dark]Gholdengo||LifeOrb|GoodasGold|MakeItRain,ShadowBall,NastyPlot,Protect||||||50|,,,,,Water]Ursaluna||FlameOrb|Guts|Protect,HeadlongRush,Earthquake,Facade|||F|||50|,,,,,Ghost]Dragonite||LoadedDice|Multiscale|Protect,Tailwind,ExtremeSpeed,ScaleShot|||M|||50|,,,,,Steel]Incineroar||SafetyGoggles|Intimidate|FakeOut,KnockOff,FlareBlitz,PartingShot|||M|||50|,,,,,Water
|inactive|Battle timer is ON: inactive players will automatically lose when time's up. (requested by Anicredible)
|inactive|Anicredible has 60 seconds left.
|
|t:|1756994225
|teamsize|p1|4
|teamsize|p2|4
|start
|switch|p1a: Whimsicott|Whimsicott, L50, M|100/100
|switch|p1b: Annihilape|Annihilape, L50, M|100/100
|switch|p2a: Dragonite|Dragonite, L50, M|100/100
|switch|p2b: Gholdengo|Gholdengo, L50, shiny|100/100
|turn|1
|inactive|OhNoValentine has 30 seconds left.
|inactive|OhNoValentine has 20 seconds left.
|
|t:|1756994262
|-terastallize|p2b: Gholdengo|Water
|move|p1a: Whimsicott|Misty Terrain|p1a: Whimsicott
|-fieldstart|move: Misty Terrain
|-enditem|p1b: Annihilape|Misty Seed
|-boost|p1b: Annihilape|spd|1|[from] item: Misty Seed
|move|p2b: Gholdengo|Nasty Plot|p2b: Gholdengo
|-boost|p2b: Gholdengo|spa|2
|move|p1b: Annihilape|Bulk Up|p1b: Annihilape
|-boost|p1b: Annihilape|atk|1
|-boost|p1b: Annihilape|def|1
|move|p2a: Dragonite|Scale Shot|p1a: Whimsicott
|-immune|p1a: Whimsicott
|
|upkeep
|turn|2
|inactive|Anicredible has 30 seconds left.
|
|t:|1756994289
|-terastallize|p1b: Annihilape|Fire
|move|p1a: Whimsicott|Encore|p2a: Dragonite
|-start|p2a: Dragonite|Encore
|move|p2b: Gholdengo|Nasty Plot|p2b: Gholdengo
|-boost|p2b: Gholdengo|spa|2
|move|p1b: Annihilape|Drain Punch|p2b: Gholdengo
|-damage|p2b: Gholdengo|37/100
|move|p2a: Dragonite|Scale Shot|p1a: Whimsicott
|-immune|p1a: Whimsicott
|
|upkeep
|turn|3
|
|t:|1756994308
|switch|p2a: Sneasler|Sneasler, L50, F|100/100
|move|p2b: Gholdengo|Protect|p2b: Gholdengo
|-singleturn|p2b: Gholdengo|Protect
|move|p1a: Whimsicott|Tailwind|p1a: Whimsicott
|-sidestart|p1: Anicredible|move: Tailwind
|move|p1b: Annihilape|Drain Punch|p2b: Gholdengo
|-activate|p2b: Gholdengo|move: Protect
|
|upkeep
|turn|4
|inactive|Anicredible has 30 seconds left.
|inactive|Anicredible has 20 seconds left.
|
|t:|1756994345
|switch|p1a: Arcanine|Arcanine-Hisui, L50, M|100/100
|-ability|p1a: Arcanine|Intimidate|boost
|-unboost|p2a: Sneasler|atk|1
|-unboost|p2b: Gholdengo|atk|1
|switch|p2b: Dragonite|Dragonite, L50, M|100/100
|move|p1b: Annihilape|Drain Punch|p2b: Dragonite
|-resisted|p2b: Dragonite
|-damage|p2b: Dragonite|86/100
|move|p2a: Sneasler|Dire Claw|p1a: Arcanine
|-resisted|p1a: Arcanine
|-damage|p1a: Arcanine|82/100
|
|upkeep
|turn|5
|
|t:|1756994362
|move|p2a: Sneasler|Protect|p2a: Sneasler
|-singleturn|p2a: Sneasler|Protect
|move|p2b: Dragonite|Protect|p2b: Dragonite
|-singleturn|p2b: Dragonite|Protect
|move|p1b: Annihilape|Bulk Up|p1b: Annihilape
|-boost|p1b: Annihilape|atk|1
|-boost|p1b: Annihilape|def|1
|move|p1a: Arcanine|Flare Blitz|p2a: Sneasler
|-activate|p2a: Sneasler|move: Protect
|
|-fieldend|Misty Terrain
|upkeep
|turn|6
|
|t:|1756994379
|move|p1b: Annihilape|Drain Punch|p2b: Dragonite
|-resisted|p2b: Dragonite
|-damage|p2b: Dragonite|48/100
|move|p1a: Arcanine|Flare Blitz|p2a: Sneasler
|-damage|p2a: Sneasler|0 fnt
|faint|p2a: Sneasler
|-damage|p1a: Arcanine|54/100|[from] Recoil
|move|p2b: Dragonite|Tailwind|p2b: Dragonite
|-sidestart|p2: OhNoValentine|move: Tailwind
|
|-sideend|p1: Anicredible|move: Tailwind
|upkeep
|
|t:|1756994385
|switch|p2a: Gholdengo|Gholdengo, L50, shiny, tera:Water|37/100
|turn|7
|
|t:|1756994408
|switch|p2b: Ursaluna|Ursaluna, L50, F|100/100
|move|p2a: Gholdengo|Shadow Ball|p1a: Arcanine
|-damage|p1a: Arcanine|0 fnt
|faint|p1a: Arcanine
|-damage|p2a: Gholdengo|28/100|[from] item: Life Orb
|move|p1b: Annihilape|Drain Punch|p2a: Gholdengo
|-damage|p2a: Gholdengo|0 fnt
|faint|p2a: Gholdengo
|
|-status|p2b: Ursaluna|brn|[from] item: Flame Orb
|upkeep
|
|t:|1756994422
|switch|p2a: Dragonite|Dragonite, L50, M|48/100
|switch|p1a: Whimsicott|Whimsicott, L50, M|100/100
|turn|8
|
|t:|1756994435
|move|p1a: Whimsicott|Tailwind|p1a: Whimsicott
|-sidestart|p1: Anicredible|move: Tailwind
|move|p1b: Annihilape|Drain Punch|p2b: Ursaluna
|-supereffective|p2b: Ursaluna
|-damage|p2b: Ursaluna|0 fnt
|faint|p2b: Ursaluna
|move|p2a: Dragonite|Scale Shot|p1b: Annihilape
|-damage|p1b: Annihilape|92/100
|-damage|p1b: Annihilape|83/100
|-damage|p1b: Annihilape|73/100
|-damage|p1b: Annihilape|64/100
|-hitcount|p1b: Annihilape|4
|-unboost|p2a: Dragonite|def|1
|-boost|p2a: Dragonite|spe|1
|
|upkeep
|turn|9
|-message|OhNoValentine forfeited.
|raw|Anicredible's rating: 1111 → 1144(+33 for winning)
|raw|OhNoValentine's rating: 1230 → 1197(-33 for losing)
|
|win|Anicredible
|c|☆Anicredible|gg
|l|☆OhNoValentine
|player|p2|
