|j|☆AnotherDreamer
|j|☆spernerslemma
|html|AnotherDreamerspernerslemma    
|uhtml|bestof|Game 2 of a best-of-3
|t:|1785066969
|gametype|doubles
|player|p1|AnotherDreamer|1|1243
|player|p2|spernerslemma|2|1357
|gen|9
|tier|[Gen 9 Champions] VGC 2026 Reg M-B (Bo3)
|rated|
|rule|Species Clause: Limit one of each Pokémon
|rule|Item Clause: Limit 1 of each item
|clearpoke
|poke|p1|Staraptor, L50, F|
|poke|p1|Grimmsnarl, L50, M|
|poke|p1|Kingambit, L50, M|
|poke|p1|Basculegion, L50, M|
|poke|p1|Metagross, L50|
|poke|p1|Torkoal, L50, F|
|poke|p2|Swampert, L50, M|
|poke|p2|Grimmsnarl, L50, M|
|poke|p2|Archaludon, L50, F|
|poke|p2|Pelipper, L50, F|
|poke|p2|Venusaur, L50, M|
|poke|p2|Sneasler, L50, F|
|teampreview|4
|showteam|p1|Staraptor||Staraptite|Intimidate|CloseCombat,Roost,Protect,DualWingbeat|Adamant||F|||50|]Grimmsnarl||RoseliBerry|Prankster|PartingShot,SpiritBreak,FakeOut,ScaryFace|Impish||M|||50|]Kingambit||ChopleBerry|Defiant|KowtowCleave,LowKick,IronHead,SuckerPunch|Adamant||M|||50|]Basculegion||ChoiceScarf|Adaptability|WaveCrash,FlipTurn,AquaJet,LastRespects|Jolly||M|||50|]Metagross||Metagrossite|ClearBody|PsychicFangs,Protect,BulletPunch,Earthquake|Adamant|||||50|]Torkoal||Charcoal|Drought|Eruption,SolarBeam,HeatWave,Protect|Quiet||F|||50|
|showteam|p2|Swampert||Swampertite|Torrent|WaveCrash,Protect,Earthquake,IcePunch|Adamant||M|||50|]Grimmsnarl||LightClay|Prankster|FoulPlay,Reflect,LightScreen,PartingShot|Calm||M|||50|]Archaludon||Leftovers|Stamina|ElectroShot,DragonPulse,FlashCannon,Protect|Modest||F|||50|]Pelipper||SitrusBerry|Drizzle|WeatherBall,Hurricane,Tailwind,Protect|Modest||F|||50|]Venusaur||Venusaurite|Chlorophyll|SludgeBomb,Protect,GigaDrain,EarthPower|Modest||M|||50|]Sneasler||FocusSash|PoisonTouch|FakeOut,CloseCombat,DireClaw,Protect|Jolly||F|||50|
|inactive|Battle timer is ON: inactive players will automatically lose when time's up. (requested by AnotherDreamer)
|inactive|spernerslemma has 60 seconds left.
|inactive|spernerslemma has 30 seconds left.
|inactive|spernerslemma has 20 seconds left.
|inactive|spernerslemma has 15 seconds left.
|inactive|spernerslemma has 10 seconds left.
|inactive|spernerslemma has 5 seconds left.
|
|t:|1785067059
|teamsize|p1|4
|teamsize|p2|4
|start
|switch|p1a: Grimmsnarl|Grimmsnarl, L50, M|100/100
|switch|p1b: Staraptor|Staraptor, L50, F|100/100
|switch|p2a: Sneasler|Sneasler, L50, F|100/100
|switch|p2b: Pelipper|Pelipper, L50, F|100/100
|-ability|p1b: Staraptor|Intimidate|boost
|-unboost|p2a: Sneasler|atk|1
|-unboost|p2b: Pelipper|atk|1
|-weather|RainDance|[from] ability: Drizzle|[of] p2b: Pelipper
|turn|1
|
|t:|1785067074
|detailschange|p1b: Staraptor|Staraptor-Mega, L50, F
|-mega|p1b: Staraptor|Staraptor|Staraptite
|move|p2a: Sneasler|Protect|p2a: Sneasler
|-singleturn|p2a: Sneasler|Protect
|move|p1a: Grimmsnarl|Fake Out|p2b: Pelipper
|-damage|p2b: Pelipper|88/100
|move|p1b: Staraptor|Dual Wingbeat|p2a: Sneasler
|-activate|p2a: Sneasler|move: Protect
|cant|p2b: Pelipper|flinch
|
|-weather|RainDance|[upkeep]
|upkeep
|turn|2
|
|t:|1785067092
|switch|p2b: Swampert|Swampert, L50, M|100/100
|move|p1b: Staraptor|Protect|p1b: Staraptor
|-singleturn|p1b: Staraptor|Protect
|move|p1a: Grimmsnarl|Scary Face|p2a: Sneasler
|-unboost|p2a: Sneasler|spe|2
|move|p2a: Sneasler|Dire Claw|p1b: Staraptor
|-activate|p1b: Staraptor|move: Protect
|
|-weather|RainDance|[upkeep]
|upkeep
|turn|3
|
|t:|1785067113
|detailschange|p2b: Swampert|Swampert-Mega, L50, M
|-mega|p2b: Swampert|Swampert|Swampertite
|move|p2b: Swampert|Protect|p2b: Swampert
|-singleturn|p2b: Swampert|Protect
|move|p2a: Sneasler|Protect|p2a: Sneasler
|-singleturn|p2a: Sneasler|Protect
|move|p1a: Grimmsnarl|Parting Shot|p2b: Swampert
|-activate|p2b: Swampert|move: Protect
|move|p1b: Staraptor|Close Combat|p2b: Swampert
|-activate|p2b: Swampert|move: Protect
|
|-weather|RainDance|[upkeep]
|upkeep
|turn|4
|
|t:|1785067135
|switch|p2a: Archaludon|Archaludon, L50, F|100/100
|move|p1b: Staraptor|Protect|p1b: Staraptor
|-singleturn|p1b: Staraptor|Protect
|move|p1a: Grimmsnarl|Scary Face|p2b: Swampert
|-unboost|p2b: Swampert|spe|2
|move|p2b: Swampert|Wave Crash|p1a: Grimmsnarl
|-damage|p1a: Grimmsnarl|0 fnt
|faint|p1a: Grimmsnarl
|-damage|p2b: Swampert|62/100|[from] Recoil
|
|-weather|RainDance|[upkeep]
|upkeep
|
|t:|1785067139
|switch|p1a: Basculegion|Basculegion, L50, M|100/100
|turn|5
|inactive|spernerslemma has 30 seconds left.
|
|t:|1785067169
|switch|p2b: Pelipper|Pelipper, L50, F|88/100
|move|p2a: Archaludon|Protect|p2a: Archaludon
|-singleturn|p2a: Archaludon|Protect
|move|p1a: Basculegion|Flip Turn|p2b: Pelipper
|-resisted|p2b: Pelipper|1
|-damage|p2b: Pelipper|56/100
|
|t:|1785067175
|switch|p1a: Torkoal|Torkoal, L50, F|100/100|[from] Flip Turn
|-weather|SunnyDay|[from] ability: Drought|[of] p1a: Torkoal
|move|p1b: Staraptor|Close Combat|p2a: Archaludon
|-activate|p2a: Archaludon|move: Protect
|
|-weather|SunnyDay|[upkeep]
|upkeep
|turn|6
|inactive|spernerslemma has 30 seconds left.
|inactive|spernerslemma has 20 seconds left.
|inactive|spernerslemma has 15 seconds left.
|inactive|spernerslemma has 10 seconds left.
|
|t:|1785067220
|switch|p2a: Swampert|Swampert-Mega, L50, M|62/100
|move|p1b: Staraptor|Close Combat|p2a: Swampert
|-damage|p2a: Swampert|0 fnt
|-boost|p1b: Staraptor|def|1
|-boost|p1b: Staraptor|spd|1
|faint|p2a: Swampert
|move|p2b: Pelipper|Hurricane|p1b: Staraptor
|-supereffective|p1b: Staraptor|1
|-damage|p1b: Staraptor|43/100
|-start|p1b: Staraptor|confusion
|move|p1a: Torkoal|Heat Wave|p2b: Pelipper|[miss]
|-miss|p1a: Torkoal|p2b: Pelipper
|
|-weather|SunnyDay|[upkeep]
|upkeep
|
|t:|1785067234
|switch|p2a: Sneasler|Sneasler, L50, F|100/100
|turn|7
|inactive|spernerslemma has 30 seconds left.
|inactive|spernerslemma has 20 seconds left.
|inactive|spernerslemma has 15 seconds left.
|
|t:|1785067279
|switch|p1b: Basculegion|Basculegion, L50, M|100/100
|switch|p2b: Archaludon|Archaludon, L50, F|100/100
|move|p2a: Sneasler|Dire Claw|p1b: Basculegion
|-resisted|p1b: Basculegion|1
|-damage|p1b: Basculegion|74/100
|move|p1a: Torkoal|Heat Wave|p2a: Sneasler|[spread] p2a
|-miss|p1a: Torkoal|p2b: Archaludon
|-damage|p2a: Sneasler|25/100
|
|-weather|SunnyDay|[upkeep]
|upkeep
|turn|8
|inactive|spernerslemma has 30 seconds left.
|
|t:|1785067306
|switch|p1a: Staraptor|Staraptor-Mega, L50, F|43/100
|move|p1b: Basculegion|Flip Turn|p2a: Sneasler
|-damage|p2a: Sneasler|0 fnt
|faint|p2a: Sneasler
|
|t:|1785067312
|switch|p1b: Torkoal|Torkoal, L50, F|100/100|[from] Flip Turn
|move|p2b: Archaludon|Dragon Pulse|p1a: Staraptor
|-damage|p1a: Staraptor|6/100
|
|-weather|SunnyDay|[upkeep]
|upkeep
|
|t:|1785067318
|switch|p2a: Pelipper|Pelipper, L50, F|56/100
|-weather|RainDance|[from] ability: Drizzle|[of] p2a: Pelipper
|turn|9
|inactive|spernerslemma has 30 seconds left.
|
|t:|1785067344
|switch|p1b: Basculegion|Basculegion, L50, M|74/100
|move|p1a: Staraptor|Roost|p1a: Staraptor
|-heal|p1a: Staraptor|57/100
|-singleturn|p1a: Staraptor|move: Roost
|move|p2b: Archaludon|Electro Shot||[still]
|-prepare|p2b: Archaludon|Electro Shot
|-boost|p2b: Archaludon|spa|1
|-anim|p2b: Archaludon|Electro Shot|p1b: Basculegion
|-supereffective|p1b: Basculegion|1
|-damage|p1b: Basculegion|0 fnt
|faint|p1b: Basculegion
|move|p2a: Pelipper|Tailwind|p2a: Pelipper
|-sidestart|p2: spernerslemma|move: Tailwind
|
|-weather|RainDance|[upkeep]
|upkeep
|
|t:|1785067354
|switch|p1b: Torkoal|Torkoal, L50, F|100/100
|-weather|SunnyDay|[from] ability: Drought|[of] p1b: Torkoal
|turn|10
|
|t:|1785067369
|move|p2b: Archaludon|Dragon Pulse|p1b: Torkoal
|-damage|p1b: Torkoal|23/100
|move|p2a: Pelipper|Hurricane|p1a: Staraptor
|-supereffective|p1a: Staraptor|1
|-damage|p1a: Staraptor|0 fnt
|faint|p1a: Staraptor
|move|p1b: Torkoal|Heat Wave|p2a: Pelipper|[spread] p2a,p2b
|-resisted|p2a: Pelipper|1
|-damage|p2a: Pelipper|21/100
|-damage|p2b: Archaludon|40/100
|-ability|p2b: Archaludon|Stamina|boost
|-boost|p2b: Archaludon|def|1
|-enditem|p2a: Pelipper|Sitrus Berry|[eat]
|-heal|p2a: Pelipper|45/100|[from] item: Sitrus Berry
|
|-weather|SunnyDay|[upkeep]
|-heal|p2b: Archaludon|46/100|[from] item: Leftovers
|upkeep
|turn|11
|
|t:|1785067384
|move|p2b: Archaludon|Dragon Pulse|p1b: Torkoal
|-damage|p1b: Torkoal|0 fnt
|faint|p1b: Torkoal
|
|win|spernerslemma
|l|☆AnotherDreamer
|player|p1|
||spernerslemma is ready for game 3.
||AnotherDreamer is ready for game 3.
|uhtml|next|Next: Game 3 of 3
