|j|☆s4m1_jaw3d
|j|☆kDreamzzz
|html|s4m1_jaw3dkDreamzzz    
|uhtml|bestof|Game 3 of a best-of-3
|t:|1784146692
|gametype|doubles
|player|p1|s4m1_jaw3d|volkner|
|player|p2|kDreamzzz|1|
|gen|9
|tier|[Gen 9 Champions] VGC 2026 Reg M-B (Bo3)
|rule|Species Clause: Limit one of each Pokémon
|rule|Item Clause: Limit 1 of each item
|clearpoke
|poke|p1|Grimmsnarl, L50, M|
|poke|p1|Archaludon, L50, F|
|poke|p1|Venusaur, L50, F|
|poke|p1|Medicham, L50, M|
|poke|p1|Pelipper, L50, F|
|poke|p1|Beartic, L50, F|
|poke|p2|Swampert, L50, M|
|poke|p2|Sableye, L50, F|
|poke|p2|Politoed, L50, M|
|poke|p2|Dragonite, L50, M|
|poke|p2|Tsareena, L50, F|
|poke|p2|Corviknight, L50, F|
|teampreview|4
|showteam|p1|Grimmsnarl||LightClay|Prankster|Reflect,PartingShot,LightScreen,FoulPlay|Adamant||M|||50|]Archaludon||Leftovers|Stamina|Protect,ElectroShot,DragonPulse,FlashCannon|Modest||F|||50|]Venusaur||Venusaurite|Overgrow|GigaDrain,LeechSeed,Protect,SludgeBomb|Serious||F|||50|]Medicham||Medichamite|PurePower|FakeOut,CloseCombat,IcePunch,Protect|Jolly||M|||50|]Pelipper||FocusSash|Drizzle|Protect,Tailwind,Hurricane,WeatherBall|Timid||F|||50|]Beartic||ExpertBelt|SwiftSwim|GrassKnot,IcicleCrash,Protect,IcyWind|Rash||F|||50|
|showteam|p2|Swampert||Swampertite|Damp|HighHorsepower,WaveCrash,Earthquake,Protect|Adamant||M|||50|]Sableye||LightClay|Prankster|Encore,Quash,FoulPlay,LightScreen|Sassy||F|||50|]Politoed||SitrusBerry|Drizzle|HelpingHand,WeatherBall,Haze,IceBeam|Modest||M|||50|]Dragonite||Dragoninite|Multiscale|Protect,Hurricane,DracoMeteor,Thunder|Modest||M|||50|]Tsareena||WideLens|QueenlyMajesty|TropKick,LowKick,TripleAxel,Protect|Adamant||F|||50|]Corviknight||Leftovers|Unnerve|IronHead,BraveBird,Roost,Tailwind|Impish||F|||50|
|
|t:|1784146717
|teamsize|p1|4
|teamsize|p2|4
|start
|switch|p1a: Medicham|Medicham, L50, M|100/100
|switch|p1b: Pelipper|Pelipper, L50, F|100/100
|switch|p2a: Sableye|Sableye, L50, F|100/100
|switch|p2b: Politoed|Politoed, L50, M|100/100
|-weather|RainDance|[from] ability: Drizzle|[of] p1b: Pelipper
|turn|1
|
|t:|1784146736
|detailschange|p1a: Medicham|Medicham-Mega, L50, M
|-mega|p1a: Medicham|Medicham|Medichamite
|move|p2a: Sableye|Quash|p1a: Medicham
|-activate|p1a: Medicham|move: Quash
|move|p1b: Pelipper|Tailwind|p1b: Pelipper
|-sidestart|p1: s4m1_jaw3d|move: Tailwind
|move|p2b: Politoed|Weather Ball|p1a: Medicham
|-crit|p1a: Medicham
|-damage|p1a: Medicham|0 fnt
|faint|p1a: Medicham
|
|-weather|RainDance|[upkeep]
|upkeep
|
|t:|1784146746
|switch|p1a: Archaludon|Archaludon, L50, F|100/100
|turn|2
|c|☆s4m1_jaw3d|Insane crit
|inactive|Battle timer is ON: inactive players will automatically lose when time's up. (requested by s4m1_jaw3d)
|
|t:|1784146770
|switch|p2b: Dragonite|Dragonite, L50, M|100/100
|move|p2a: Sableye|Encore|p1b: Pelipper
|-start|p1b: Pelipper|Encore
|move|p1b: Pelipper|Tailwind||[still]
|-fail|p1b: Pelipper
|move|p1a: Archaludon|Electro Shot||[still]
|-prepare|p1a: Archaludon|Electro Shot
|-boost|p1a: Archaludon|spa|1
|-anim|p1a: Archaludon|Electro Shot|p2b: Dragonite
|-damage|p2b: Dragonite|72/100
|
|-weather|RainDance|[upkeep]
|upkeep
|turn|3
|
|t:|1784146793
|switch|p1b: Beartic|Beartic, L50, F|100/100
|detailschange|p2b: Dragonite|Dragonite-Mega, L50, M
|-mega|p2b: Dragonite|Dragonite|Dragoninite
|move|p2a: Sableye|Light Screen|p2a: Sableye
|-sidestart|p2: kDreamzzz|move: Light Screen
|move|p1a: Archaludon|Electro Shot||[still]
|-prepare|p1a: Archaludon|Electro Shot
|-boost|p1a: Archaludon|spa|1
|-anim|p1a: Archaludon|Electro Shot|p2a: Sableye
|-damage|p2a: Sableye|40/100
|move|p2b: Dragonite|Draco Meteor|p1a: Archaludon
|-damage|p1a: Archaludon|25/100
|-unboost|p2b: Dragonite|spa|2
|-ability|p1a: Archaludon|Stamina|boost
|-boost|p1a: Archaludon|def|1
|
|-weather|RainDance|[upkeep]
|-heal|p1a: Archaludon|31/100|[from] item: Leftovers
|upkeep
|turn|4
|inactive|s4m1_jaw3d has 30 seconds left.
|inactive|kDreamzzz has 30 seconds left.
|
|t:|1784146827
|move|p2a: Sableye|Quash|p1b: Beartic
|-activate|p1b: Beartic|move: Quash
|move|p1a: Archaludon|Dragon Pulse|p2a: Sableye
|-damage|p2a: Sableye|0 fnt
|faint|p2a: Sableye
|move|p2b: Dragonite|Draco Meteor|p1a: Archaludon
|-damage|p1a: Archaludon|0 fnt
|-unboost|p2b: Dragonite|spa|2
|faint|p1a: Archaludon
|move|p1b: Beartic|Icicle Crash|p2b: Dragonite
|-supereffective|p2b: Dragonite|2
|-damage|p2b: Dragonite|0 fnt
|faint|p2b: Dragonite
|
|-weather|RainDance|[upkeep]
|-sideend|p1: s4m1_jaw3d|move: Tailwind
|upkeep
|
|t:|1784146842
|switch|p2b: Politoed|Politoed, L50, M|100/100
|switch|p1a: Pelipper|Pelipper, L50, F|100/100
|switch|p2a: Corviknight|Corviknight, L50, F|100/100
|-ability|p2a: Corviknight|Unnerve
|turn|5
|
|t:|1784146863
|move|p1b: Beartic|Protect|p1b: Beartic
|-singleturn|p1b: Beartic|Protect
|move|p1a: Pelipper|Weather Ball|p2a: Corviknight
|-damage|p2a: Corviknight|55/100
|move|p2b: Politoed|Weather Ball|p1a: Pelipper
|-resisted|p1a: Pelipper|1
|-damage|p1a: Pelipper|42/100
|move|p2a: Corviknight|Iron Head|p1b: Beartic
|-activate|p1b: Beartic|move: Protect
|
|-weather|none
|-heal|p2a: Corviknight|61/100|[from] item: Leftovers
|upkeep
|turn|6
|inactive|kDreamzzz has 30 seconds left.
|
|t:|1784146897
|move|p1a: Pelipper|Hurricane|p2a: Corviknight
|-resisted|p2a: Corviknight|1
|-damage|p2a: Corviknight|44/100
|move|p1b: Beartic|Icicle Crash|p2a: Corviknight
|-damage|p2a: Corviknight|20/100y
|move|p2b: Politoed|Weather Ball|p1a: Pelipper
|-damage|p1a: Pelipper|17/100
|move|p2a: Corviknight|Iron Head|p1b: Beartic
|-supereffective|p1b: Beartic|1
|-damage|p1b: Beartic|32/100
|
|-heal|p2a: Corviknight|26/100|[from] item: Leftovers
|upkeep
|turn|7
|inactive|s4m1_jaw3d has 30 seconds left.
|
|t:|1784146931
|move|p1a: Pelipper|Hurricane|p2a: Corviknight|[miss]
|-miss|p1a: Pelipper|p2a: Corviknight
|move|p1b: Beartic|Icicle Crash|p2a: Corviknight
|-damage|p2a: Corviknight|2/100
|move|p2b: Politoed|Weather Ball|p1a: Pelipper
|-damage|p1a: Pelipper|0 fnt
|faint|p1a: Pelipper
|move|p2a: Corviknight|Roost|p2a: Corviknight
|-heal|p2a: Corviknight|53/100
|-singleturn|p2a: Corviknight|move: Roost
|
|-heal|p2a: Corviknight|59/100|[from] item: Leftovers
|upkeep
|turn|8
|c|☆s4m1_jaw3d|Ggs
|c|☆s4m1_jaw3d|I got really unlucky man
|c|☆kDreamzzz|that was, im sorry man
|c|☆s4m1_jaw3d|Dw
|inactive|kDreamzzz has 30 seconds left.
|
|t:|1784146958
|move|p1b: Beartic|Grass Knot|p2b: Politoed
|-supereffective|p2b: Politoed|1
|-damage|p2b: Politoed|79/100
|move|p2b: Politoed|Weather Ball|p1b: Beartic
|-damage|p1b: Beartic|10/100
|move|p2a: Corviknight|Iron Head|p1b: Beartic
|-supereffective|p1b: Beartic|1
|-damage|p1b: Beartic|0 fnt
|faint|p1b: Beartic
|
|win|kDreamzzz
|c|☆s4m1_jaw3d|That 1 crit deadass won u the game 2
|c|☆kDreamzzz|Fr
|c|☆kDreamzzz|you calc that?
|l|☆s4m1_jaw3d
|player|p1|
|c|☆kDreamzzz|Do you know how to post the replays on discord? This is my first time using showdown
