|j|☆washingtongargacha
|j|☆Grackles4
|html|washingtongargachaGrackles4    
|uhtml|bestof|Game 1 of a best-of-3
|t:|1757184247
|gametype|doubles
|player|p1|washingtongargacha|169|1154
|player|p2|Grackles4|birdkeeper|1153
|gen|9
|tier|[Gen 9] VGC 2025 Reg H (Bo3)
|rated|
|rule|Species Clause: Limit one of each Pokémon
|rule|Item Clause: Limit 1 of each item
|clearpoke
|poke|p1|Talonflame, L50, M|
|poke|p1|Gholdengo, L50|
|poke|p1|Dragonite, L50, F|
|poke|p1|Archaludon, L50, M|
|poke|p1|Tyranitar, L50, M|
|poke|p1|Garchomp, L50, M|
|poke|p2|Incineroar, L50, F|
|poke|p2|Amoonguss, L50, F|
|poke|p2|Ursaluna, L50, F|
|poke|p2|Gholdengo, L50|
|poke|p2|Flamigo, L50, F|
|poke|p2|Farigiraf, L50, F|
|teampreview|4
|showteam|p1|Talonflame||CovertCloak|GaleWings|Tailwind,DualWingbeat,Taunt,FlareBlitz|||M|||50|,,,,,Ghost]Gholdengo||ChoiceSpecs|GoodasGold|MakeItRain,SteelBeam,ShadowBall,PowerGem||||||50|,,,,,Flying]Dragonite||LoadedDice|Multiscale|ScaleShot,IceSpinner,Haze,Protect|||F|||50|,,,,,Steel]Archaludon||PowerHerb|Sturdy|FlashCannon,ElectroShot,DracoMeteor,Protect|||M|||50|,,,,,Flying]Tyranitar||AssaultVest|SandStream|KnockOff,RockSlide,TeraBlast,LowKick|||M|||50|,,,,,Flying]Garchomp||LifeOrb|RoughSkin|DragonClaw,StompingTantrum,Earthquake,Protect|||M|||50|,,,,,Steel
|showteam|p2|Incineroar||SitrusBerry|Intimidate|KnockOff,FlareBlitz,PartingShot,FakeOut|||F|||50|,,,,,Grass]Amoonguss||MentalHerb|Regenerator|Spore,RagePowder,PollenPuff,SludgeBomb|||F|||50|,,,,,Water]Ursaluna||FlameOrb|Guts|Facade,HeadlongRush,Earthquake,Protect|||F|||50|,,,,,Normal]Gholdengo||LifeOrb|GoodasGold|MakeItRain,ShadowBall,NastyPlot,Protect||||||50|,,,,,Dragon]Flamigo||FocusSash|Scrappy|CloseCombat,BraveBird,WideGuard,Protect|||F|||50|,,,,,Ghost]Farigiraf||ThroatSpray|ArmorTail|TrickRoom,HyperVoice,Psychic,Protect|||F|||50|,,,,,Grass
|inactive|Battle timer is ON: inactive players will automatically lose when time's up. (requested by Grackles4)
|
|t:|1757184319
|teamsize|p1|4
|teamsize|p2|4
|start
|switch|p1a: Talonflame|Talonflame, L50, M|100/100
|switch|p1b: Gholdengo|Gholdengo, L50|100/100
|switch|p2a: Farigiraf|Farigiraf, L50, F|100/100
|switch|p2b: Incineroar|Incineroar, L50, F, shiny|100/100
|-ability|p2b: Incineroar|Intimidate|boost
|-unboost|p1a: Talonflame|atk|1
|-unboost|p1b: Gholdengo|atk|1
|turn|1
|inactive|washingtongargacha has 30 seconds left.
|inactive|washingtongargacha has 20 seconds left.
|
|t:|1757184355
|move|p1a: Talonflame|Taunt|p2a: Farigiraf
|-start|p2a: Farigiraf|move: Taunt
|move|p1b: Gholdengo|Make It Rain|p2a: Farigiraf|[spread] p2a,p2b
|-crit|p2a: Farigiraf
|-resisted|p2b: Incineroar
|-damage|p2a: Farigiraf|0 fnt
|-damage|p2b: Incineroar|66/100
|-unboost|p1b: Gholdengo|spa|1
|faint|p2a: Farigiraf
|move|p2b: Incineroar|Knock Off|p1b: Gholdengo
|-supereffective|p1b: Gholdengo
|-damage|p1b: Gholdengo|0 fnt
|-enditem|p1b: Gholdengo|Choice Specs|[from] move: Knock Off|[of] p2b: Incineroar
|faint|p1b: Gholdengo
|
|upkeep
|
|t:|1757184377
|switch|p1b: Garchomp|Garchomp, L50, M|100/100
|switch|p2a: Gholdengo|Gholdengo, L50, shiny|100/100
|turn|2
|inactive|Grackles4 has 30 seconds left.
|
|t:|1757184409
|-terastallize|p2b: Incineroar|Grass
|move|p2a: Gholdengo|Protect|p2a: Gholdengo
|-singleturn|p2a: Gholdengo|Protect
|move|p1a: Talonflame|Flare Blitz|p2a: Gholdengo
|-activate|p2a: Gholdengo|move: Protect
|move|p1b: Garchomp|Earthquake|p2b: Incineroar|[spread] p2b
|-activate|p2a: Gholdengo|move: Protect
|-immune|p1a: Talonflame
|-resisted|p2b: Incineroar
|-damage|p2b: Incineroar|42/100
|-enditem|p2b: Incineroar|Sitrus Berry|[eat]
|-heal|p2b: Incineroar|67/100|[from] item: Sitrus Berry
|-damage|p1b: Garchomp|91/100|[from] item: Life Orb
|move|p2b: Incineroar|Parting Shot|p1b: Garchomp
|-unboost|p1b: Garchomp|atk|1
|-unboost|p1b: Garchomp|spa|1
|
|t:|1757184424
|switch|p2b: Flamigo|Flamigo, L50, F, shiny|100/100|[from] Parting Shot
|
|upkeep
|turn|3
|inactive|washingtongargacha has 30 seconds left.
|
|t:|1757184449
|switch|p2a: Incineroar|Incineroar, L50, F, shiny, tera:Grass|67/100
|-ability|p2a: Incineroar|Intimidate|boost
|-unboost|p1a: Talonflame|atk|1
|-unboost|p1b: Garchomp|atk|1
|move|p2b: Flamigo|Wide Guard|p2b: Flamigo
|-singleturn|p2b: Flamigo|Wide Guard
|move|p1a: Talonflame|Flare Blitz|p2a: Incineroar
|-supereffective|p2a: Incineroar
|-damage|p2a: Incineroar|31/100
|-damage|p1a: Talonflame|88/100|[from] Recoil
|move|p1b: Garchomp|Earthquake|p2b: Flamigo|[spread] 
|-activate|p2a: Incineroar|move: Wide Guard
|-activate|p2b: Flamigo|move: Wide Guard
|-immune|p1a: Talonflame
|
|upkeep
|turn|4
|inactive|Grackles4 has 30 seconds left.
|
|t:|1757184475
|switch|p1b: Dragonite|Dragonite, L50, F|100/100
|move|p1a: Talonflame|Dual Wingbeat|p2b: Flamigo
|-supereffective|p2b: Flamigo
|-damage|p2b: Flamigo|84/100
|-supereffective|p2b: Flamigo
|-damage|p2b: Flamigo|65/100
|-hitcount|p2b: Flamigo|2
|move|p2b: Flamigo|Close Combat|p1a: Talonflame
|-resisted|p1a: Talonflame
|-damage|p1a: Talonflame|50/100
|-unboost|p2b: Flamigo|def|1
|-unboost|p2b: Flamigo|spd|1
|move|p2a: Incineroar|Knock Off|p1a: Talonflame
|-damage|p1a: Talonflame|0 fnt
|-enditem|p1a: Talonflame|Covert Cloak|[from] move: Knock Off|[of] p2a: Incineroar
|faint|p1a: Talonflame
|
|upkeep
|
|t:|1757184490
|switch|p1a: Garchomp|Garchomp, L50, M|91/100
|turn|5
|inactive|washingtongargacha has 30 seconds left.
|inactive|washingtongargacha has 20 seconds left.
|inactive|washingtongargacha has 15 seconds left.
|inactive|washingtongargacha has 10 seconds left.
|
|t:|1757184540
|switch|p2a: Gholdengo|Gholdengo, L50, shiny|100/100
|move|p2b: Flamigo|Protect|p2b: Flamigo
|-singleturn|p2b: Flamigo|Protect
|move|p1a: Garchomp|Dragon Claw|p2a: Gholdengo
|-resisted|p2a: Gholdengo
|-damage|p2a: Gholdengo|71/100
|-damage|p1a: Garchomp|81/100|[from] item: Life Orb
|move|p1b: Dragonite|Scale Shot|p2b: Flamigo
|-activate|p2b: Flamigo|move: Protect
|
|upkeep
|turn|6
|inactive|washingtongargacha has 30 seconds left.
|
|t:|1757184574
|switch|p2b: Incineroar|Incineroar, L50, F, shiny, tera:Grass|31/100
|-ability|p2b: Incineroar|Intimidate|boost
|-unboost|p1a: Garchomp|atk|1
|-unboost|p1b: Dragonite|atk|1
|move|p2a: Gholdengo|Protect|p2a: Gholdengo
|-singleturn|p2a: Gholdengo|Protect
|move|p1a: Garchomp|Stomping Tantrum|p2b: Incineroar
|-resisted|p2b: Incineroar
|-damage|p2b: Incineroar|13/100
|-damage|p1a: Garchomp|71/100|[from] item: Life Orb
|move|p1b: Dragonite|Scale Shot|p2b: Incineroar
|-damage|p2b: Incineroar|3/100
|-damage|p2b: Incineroar|0 fnt
|faint|p2b: Incineroar
|-hitcount|p2: Incineroar|2
|-unboost|p1b: Dragonite|def|1
|-boost|p1b: Dragonite|spe|1
|
|upkeep
|
|t:|1757184592
|switch|p2b: Flamigo|Flamigo, L50, F, shiny|65/100
|turn|7
|
|t:|1757184616
|move|p1b: Dragonite|Ice Spinner|p2b: Flamigo
|-supereffective|p2b: Flamigo
|-damage|p2b: Flamigo|2/100
|move|p1a: Garchomp|Stomping Tantrum|p2a: Gholdengo
|-supereffective|p2a: Gholdengo
|-damage|p2a: Gholdengo|0 fnt
|faint|p2a: Gholdengo
|-damage|p1a: Garchomp|61/100|[from] item: Life Orb
|move|p2b: Flamigo|Brave Bird|p1a: Garchomp
|-damage|p1a: Garchomp|4/100
|-damage|p2b: Flamigo|0 fnt|[from] ability: Rough Skin|[of] p1a: Garchomp
|faint|p2b: Flamigo
|
|win|washingtongargacha
