|j|☆farewell~friend
|j|☆Tchoubib
|html|farewell~friendTchoubib    
|uhtml|bestof|Game 2 of a best-of-3
|t:|1756584733
|gametype|doubles
|player|p1|farewell~friend|baker|1175
|player|p2|Tchoubib|cynthia|1230
|gen|9
|tier|[Gen 9] VGC 2025 Reg H (Bo3)
|rated|
|rule|Species Clause: Limit one of each Pokémon
|rule|Item Clause: Limit 1 of each item
|clearpoke
|poke|p1|Volcarona, L50, M|
|poke|p1|Baxcalibur, L50, M|
|poke|p1|Rillaboom, L50, M|
|poke|p1|Sneasler, L50, F|
|poke|p1|Kingambit, L50, F|
|poke|p1|Dondozo, L50, F|
|poke|p2|Sneasler, L50, F|
|poke|p2|Dragapult, L50, M|
|poke|p2|Primarina, L50, M|
|poke|p2|Rillaboom, L50, M|
|poke|p2|Kingambit, L50, M|
|poke|p2|Magmar, L50, F|
|teampreview|4
|showteam|p1|Volcarona||CovertCloak|FlameBody|HeatWave,TeraBlast,QuiverDance,Protect|||M|||50|,,,,,Fairy]Baxcalibur||LoadedDice|ThermalExchange|Protect,IceShard,ScaleShot,IcicleSpear|||M|||50|,,,,,Ghost]Rillaboom||AssaultVest|GrassySurge|FakeOut,GrassyGlide,WoodHammer,HighHorsepower|||M|||50|,,,,,Fire]Sneasler||FocusSash|PoisonTouch|Protect,Coaching,DireClaw,CloseCombat|||F|||50|,,,,,Ghost]Kingambit||BlackGlasses|Defiant|Protect,SuckerPunch,KowtowCleave,SwordsDance|||F|||50|,,,,,Dark]Dondozo||Leftovers|Unaware|Protect,WaveCrash,Fissure,Yawn|||F|||50|,,,,,Bug
|showteam|p2|Sneasler||FocusSash|PoisonTouch|CloseCombat,DireClaw,FakeOut,Protect|||F|||50|,,,,,Stellar]Dragapult||ChoiceBand|ClearBody|DragonDarts,TeraBlast,PhantomForce,Uturn|||M|||50|,,,,,Ghost]Primarina||SitrusBerry|LiquidVoice|HyperVoice,Moonblast,Haze,Protect|||M|||50|,,,,,Water]Rillaboom||AssaultVest|GrassySurge|WoodHammer,GrassyGlide,HighHorsepower,FakeOut|||M|||50|,,,,,Fire]Kingambit||BlackGlasses|Defiant|KowtowCleave,SuckerPunch,SwordsDance,Protect|||M|||50|,,,,,Ghost]Magmar||Eviolite|VitalSpirit|Flamethrower,WillOWisp,FollowMe,Protect|||F|||50|,,,,,Ghost
|
|t:|1756584781
|teamsize|p1|4
|teamsize|p2|4
|start
|switch|p1a: Sneasler|Sneasler, L50, F|100/100
|switch|p1b: Baxcalibur|Baxcalibur, L50, M|100/100
|switch|p2a: Dragapult|Dragapult, L50, M|100/100
|switch|p2b: Primarina|Primarina, L50, M|100/100
|turn|1
|
|t:|1756584801
|-terastallize|p2a: Dragapult|Ghost
|-terastallize|p1b: Baxcalibur|Ghost
|move|p2b: Primarina|Protect|p2b: Primarina
|-singleturn|p2b: Primarina|Protect
|move|p2a: Dragapult|Dragon Darts|p1b: Baxcalibur
|-damage|p1b: Baxcalibur|61/100
|-anim|p2a: Dragapult|Dragon Darts|p1a: Sneasler
|-damage|p1a: Sneasler|36/100
|move|p1a: Sneasler|Coaching|p1b: Baxcalibur
|-boost|p1b: Baxcalibur|atk|1
|-boost|p1b: Baxcalibur|def|1
|move|p1b: Baxcalibur|Icicle Spear|p2a: Dragapult
|-damage|p2a: Dragapult|67/100
|-damage|p2a: Dragapult|32/100
|-damage|p2a: Dragapult|0 fnt
|faint|p2a: Dragapult
|-hitcount|p2: Dragapult|3
|
|upkeep
|
|t:|1756584817
|switch|p2a: Sneasler|Sneasler, L50, F|100/100
|turn|2
|
|t:|1756584836
|move|p2a: Sneasler|Fake Out|p1a: Sneasler
|-damage|p1a: Sneasler|12/100
|cant|p1a: Sneasler|flinch
|move|p1b: Baxcalibur|Icicle Spear|p2a: Sneasler
|-damage|p2a: Sneasler|60/100
|-damage|p2a: Sneasler|21/100
|-damage|p2a: Sneasler|0 fnt
|faint|p2a: Sneasler
|-hitcount|p2: Sneasler|3
|move|p2b: Primarina|Hyper Voice|p1b: Baxcalibur|[spread] p1a,p1b
|-damage|p1a: Sneasler|0 fnt
|-damage|p1b: Baxcalibur|29/100
|faint|p1a: Sneasler
|
|upkeep
|
|t:|1756584856
|switch|p1a: Volcarona|Volcarona, L50, M|100/100
|switch|p2a: Magmar|Magmar, L50, F|100/100
|turn|3
|
|t:|1756584879
|move|p2a: Magmar|Follow Me|p2a: Magmar
|-singleturn|p2a: Magmar|move: Follow Me
|move|p1b: Baxcalibur|Scale Shot|p2a: Magmar
|-damage|p2a: Magmar|80/100
|-damage|p2a: Magmar|60/100
|-damage|p2a: Magmar|41/100
|-damage|p2a: Magmar|21/100
|-hitcount|p2a: Magmar|4
|-unboost|p1b: Baxcalibur|def|1
|-boost|p1b: Baxcalibur|spe|1
|move|p1a: Volcarona|Quiver Dance|p1a: Volcarona
|-boost|p1a: Volcarona|spa|1
|-boost|p1a: Volcarona|spd|1
|-boost|p1a: Volcarona|spe|1
|move|p2b: Primarina|Hyper Voice|p1b: Baxcalibur|[spread] p1a,p1b
|-supereffective|p1a: Volcarona
|-damage|p1a: Volcarona|62/100
|-damage|p1b: Baxcalibur|0 fnt
|faint|p1b: Baxcalibur
|
|upkeep
|
|t:|1756584894
|switch|p1b: Rillaboom|Rillaboom, L50, M|100/100
|-fieldstart|move: Grassy Terrain|[from] ability: Grassy Surge|[of] p1b: Rillaboom
|turn|4
|
|t:|1756584948
|move|p1b: Rillaboom|Fake Out|p2b: Primarina
|-damage|p2b: Primarina|86/100
|move|p1a: Volcarona|Tera Blast|p2a: Magmar
|-damage|p2a: Magmar|0 fnt
|faint|p2a: Magmar
|cant|p2b: Primarina|flinch
|
|-heal|p1a: Volcarona|68/100|[from] Grassy Terrain
|-heal|p2b: Primarina|92/100|[from] Grassy Terrain
|upkeep
|turn|5
|
|t:|1756584959
|move|p1a: Volcarona|Tera Blast|p2b: Primarina
|-damage|p2b: Primarina|61/100
|move|p1b: Rillaboom|Wood Hammer|p2b: Primarina
|-supereffective|p2b: Primarina
|-damage|p2b: Primarina|0 fnt
|faint|p2b: Primarina
|-damage|p1b: Rillaboom|83/100|[from] Recoil
|
|win|farewell~friend
|raw|farewell~friend's rating: 1175 → 1204(+29 for winning)
|raw|Tchoubib's rating: 1230 → 1201(-29 for losing)
