|j|☆namboyVGC
|j|☆Realfrytki
|html|namboyVGCRealfrytki    
|uhtml|bestof|Game 2 of a best-of-3
|t:|1756407562
|gametype|doubles
|player|p1|namboyVGC|pokemonranger-gen4|
|player|p2|Realfrytki|veteranf|
|gen|9
|tier|[Gen 9] VGC 2025 Reg H (Bo3)
|rule|Species Clause: Limit one of each Pokémon
|rule|Item Clause: Limit 1 of each item
|clearpoke
|poke|p1|Sneasler, L50, M|
|poke|p1|Indeedee, L50, M|
|poke|p1|Annihilape, L50, F|
|poke|p1|Tyranitar, L50, M|
|poke|p1|Excadrill, L50, M|
|poke|p1|Hydreigon, L50, M|
|poke|p2|Volcarona, L50, F|
|poke|p2|Rillaboom, L50, F|
|poke|p2|Dragonite, L50, F|
|poke|p2|Kingambit, L50, M|
|poke|p2|Sneasler, L50, F|
|poke|p2|Electabuzz, L50, M|
|teampreview|4
|showteam|p1|Sneasler||PsychicSeed|Unburden|CloseCombat,DireClaw,ThroatChop,Protect|||M|||50|,,,,,Dark]Indeedee||ChoiceScarf|PsychicSurge|ExpandingForce,TeraBlast,Trick,DazzlingGleam|||M|||50|,,,,,Fire]Annihilape||SafetyGoggles|Defiant|CloseCombat,RageFist,Taunt,FinalGambit|||F|||50|,,,,,Water]Tyranitar||AssaultVest|SandStream|RockSlide,KnockOff,TeraBlast,LowKick|||M|||50|,,,,,Flying]Excadrill||FocusSash|SandRush|HighHorsepower,Earthquake,IronHead,Protect|||M|||50|,,,,,Stellar]Hydreigon||CovertCloak|Levitate|Snarl,DracoMeteor,Tailwind,Roar|||M|||50|,,,,,Ghost
|showteam|p2|Volcarona||Leftovers|FlameBody|HeatWave,TeraBlast,QuiverDance,Protect|||F|||50|,,,,,Fairy]Rillaboom||MiracleSeed|GrassySurge|WoodHammer,GrassyGlide,FakeOut,HighHorsepower|||F|||50|,,,,,Fire]Dragonite||LoadedDice|Multiscale|ScaleShot,ExtremeSpeed,Haze,Protect|||F|||50|,,,,,Steel]Kingambit||AssaultVest|Defiant|KowtowCleave,SuckerPunch,IronHead,TeraBlast|||M|||50|,,,,,Flying]Sneasler||FocusSash|Unburden|CloseCombat,DireClaw,Coaching,FakeOut|||F|||50|,,,,,Stellar]Electabuzz||Eviolite|VitalSpirit|Thunderbolt,FollowMe,Taunt,Protect|||M|||50|,,,,,Ghost
|inactive|Battle timer is ON: inactive players will automatically lose when time's up. (requested by namboyVGC)
|inactive|Realfrytki has 60 seconds left.
|
|t:|1756407611
|teamsize|p1|4
|teamsize|p2|4
|start
|switch|p1a: Sneasler|Sneasler, L50, M|100/100
|switch|p1b: Indeedee|Indeedee, L50, M|100/100
|switch|p2a: Sneasler|Sneasler, L50, F|100/100
|switch|p2b: Dragonite|Dragonite, L50, F|100/100
|-fieldstart|move: Psychic Terrain|[from] ability: Psychic Surge|[of] p1b: Indeedee
|-enditem|p1a: Sneasler|Psychic Seed
|-boost|p1a: Sneasler|spd|1|[from] item: Psychic Seed
|turn|1
|inactive|Realfrytki has 30 seconds left.
|inactive|Realfrytki has 20 seconds left.
|inactive|Realfrytki has 15 seconds left.
|
|t:|1756407653
|switch|p2a: Rillaboom|Rillaboom, L50, F|100/100
|-fieldstart|move: Grassy Terrain|[from] ability: Grassy Surge|[of] p2a: Rillaboom
|move|p2b: Dragonite|Protect|p2b: Dragonite
|-singleturn|p2b: Dragonite|Protect
|move|p1a: Sneasler|Dire Claw|p2a: Rillaboom
|-supereffective|p2a: Rillaboom
|-damage|p2a: Rillaboom|20/100
|move|p1b: Indeedee|Expanding Force|p2a: Rillaboom
|-damage|p2a: Rillaboom|0 fnt
|faint|p2a: Rillaboom
|
|upkeep
|
|t:|1756407666
|switch|p2a: Kingambit|Kingambit, L50, M|100/100
|turn|2
|
|t:|1756407683
|switch|p1b: Tyranitar|Tyranitar, L50, M|100/100
|-weather|Sandstorm|[from] ability: Sand Stream|[of] p1b: Tyranitar
|-terastallize|p2a: Kingambit|Flying
|move|p1a: Sneasler|Dire Claw|p2b: Dragonite
|-damage|p2b: Dragonite|75/100
|-status|p2b: Dragonite|psn
|move|p2b: Dragonite|Scale Shot|p1b: Tyranitar
|-damage|p1b: Tyranitar|87/100
|-damage|p1b: Tyranitar|74/100
|-damage|p1b: Tyranitar|62/100
|-damage|p1b: Tyranitar|47/100
|-damage|p1b: Tyranitar|35/100
|-hitcount|p1b: Tyranitar|5
|-unboost|p2b: Dragonite|def|1
|-boost|p2b: Dragonite|spe|1
|move|p2a: Kingambit|Tera Blast|p1a: Sneasler|[anim] Tera Blast Flying
|-supereffective|p1a: Sneasler
|-damage|p1a: Sneasler|0 fnt
|faint|p1a: Sneasler
|
|-weather|Sandstorm|[upkeep]
|-damage|p2b: Dragonite|69/100 psn|[from] Sandstorm
|-damage|p2a: Kingambit|95/100|[from] Sandstorm
|-heal|p1b: Tyranitar|40/100|[from] Grassy Terrain
|-damage|p2b: Dragonite|57/100 psn|[from] psn
|upkeep
|inactive|namboyVGC has 30 seconds left.
|
|t:|1756407714
|switch|p1a: Excadrill|Excadrill, L50, M|100/100
|turn|3
|
|t:|1756407738
|switch|p1b: Indeedee|Indeedee, L50, M|100/100
|-fieldstart|move: Psychic Terrain|[from] ability: Psychic Surge|[of] p1b: Indeedee
|move|p2b: Dragonite|Protect|p2b: Dragonite
|-singleturn|p2b: Dragonite|Protect
|move|p1a: Excadrill|Iron Head|p2b: Dragonite
|-activate|p2b: Dragonite|move: Protect
|move|p2a: Kingambit|Kowtow Cleave|p1a: Excadrill
|-damage|p1a: Excadrill|35/100
|
|-weather|Sandstorm|[upkeep]
|-damage|p1b: Indeedee|95/100|[from] Sandstorm
|-damage|p2b: Dragonite|51/100 psn|[from] Sandstorm
|-damage|p2a: Kingambit|89/100|[from] Sandstorm
|-damage|p2b: Dragonite|39/100 psn|[from] psn
|upkeep
|turn|4
|inactive|Realfrytki has 30 seconds left.
|inactive|Realfrytki has 20 seconds left.
|inactive|Realfrytki has 15 seconds left.
|inactive|Realfrytki has 10 seconds left.
|
|t:|1756407787
|move|p1a: Excadrill|Iron Head|p2a: Kingambit
|-damage|p2a: Kingambit|56/100
|move|p1b: Indeedee|Expanding Force|p2b: Dragonite|[spread] p2a,p2b
|-damage|p2a: Kingambit|16/100
|-damage|p2b: Dragonite|0 fnt
|faint|p2b: Dragonite
|cant|p2a: Kingambit|flinch
|
|-weather|Sandstorm|[upkeep]
|-damage|p1b: Indeedee|89/100|[from] Sandstorm
|-damage|p2a: Kingambit|11/100|[from] Sandstorm
|upkeep
|
|t:|1756407796
|switch|p2b: Sneasler|Sneasler, L50, F|100/100
|turn|5
|
|t:|1756407812
|move|p1a: Excadrill|Iron Head|p2b: Sneasler
|-damage|p2b: Sneasler|25/100
|move|p1b: Indeedee|Expanding Force|p2b: Sneasler|[spread] p2a,p2b
|-supereffective|p2b: Sneasler
|-damage|p2a: Kingambit|0 fnt
|-damage|p2b: Sneasler|0 fnt
|faint|p2a: Kingambit
|faint|p2b: Sneasler
|
|win|namboyVGC
|c|☆Realfrytki|gg
|c|☆namboyVGC|ggs
