|j|☆SideB33563356
|j|☆WrathofSharath
|html|SideB33563356WrathofSharath    
|uhtml|bestof|Game 2 of a best-of-3
|t:|1784162162
|gametype|doubles
|player|p1|SideB33563356|1|
|player|p2|WrathofSharath|alder|
|gen|9
|tier|[Gen 9 Champions] VGC 2026 Reg M-B (Bo3)
|rule|Species Clause: Limit one of each Pokémon
|rule|Item Clause: Limit 1 of each item
|clearpoke
|poke|p1|Metagross, L50|
|poke|p1|Talonflame, L50, F|
|poke|p1|Basculegion, L50, M|
|poke|p1|Kingambit, L50, M|
|poke|p1|Hydreigon, L50, F|
|poke|p1|Ninetales-Alola, L50, M|
|poke|p2|Gholdengo, L50, shiny|
|poke|p2|Floette-Eternal, L50, F|
|poke|p2|Sneasler, L50, M, shiny|
|poke|p2|Garchomp, L50, F|
|poke|p2|Incineroar, L50, M, shiny|
|poke|p2|Talonflame, L50, M, shiny|
|teampreview|4
|showteam|p1|Metagross||Metagrossite|ClearBody|MeteorMash,PsychicFangs,BulletPunch,Protect|Jolly|||||50|]Talonflame||SharpBeak|GaleWings|BraveBird,WillOWisp,Tailwind,Protect|Jolly||F|||50|]Basculegion||LifeOrb|Adaptability|WaveCrash,LastRespects,AquaJet,Protect|Jolly||M|||50|]Kingambit||BlackGlasses|Defiant|KowtowCleave,LowKick,SuckerPunch,Protect|Adamant||M|||50|]Hydreigon||ChoiceScarf|Levitate|DarkPulse,DracoMeteor,Snarl,EarthPower|Modest||F|||50|]Ninetales-Alola||FocusSash|SnowWarning|Blizzard,FreezeDry,Encore,Protect|Timid||M|||50|
|showteam|p2|Gholdengo||ChoiceScarf|GoodasGold|MakeItRain,ShadowBall,Thunderbolt,Psychic|Modest|||||50|]Floette-Eternal||Floettite|FlowerVeil|Moonblast,DazzlingGleam,CalmMind,Protect|Timid||F|||50|]Sneasler||WhiteHerb|Unburden|DireClaw,FakeOut,Protect,CloseCombat|Adamant||M|||50|]Garchomp||LifeOrb|RoughSkin|Protect,Earthquake,DragonClaw,RockSlide|Jolly||F|||50|]Incineroar||SitrusBerry|Intimidate|FakeOut,FlareBlitz,ThroatChop,Protect|Adamant||M|||50|]Talonflame||SharpBeak|GaleWings|BraveBird,Tailwind,SunnyDay,Taunt|Jolly||M|||50|
|inactive|Battle timer is ON: inactive players will automatically lose when time's up. (requested by WrathofSharath)
|inactiveoff|Battle timer is now OFF.
|
|t:|1784162211
|teamsize|p1|4
|teamsize|p2|4
|start
|switch|p1a: Trae Young|Talonflame, L50, F|100/100
|switch|p1b: Wave Crash My Wife|Basculegion, L50, M|100/100
|switch|p2a: Uzbek Messi|Talonflame, L50, M, shiny|100/100
|switch|p2b: Ronaldo|Sneasler, L50, M, shiny|100/100
|turn|1
|
|t:|1784162241
|move|p1a: Trae Young|Protect|p1a: Trae Young
|-singleturn|p1a: Trae Young|Protect
|move|p2b: Ronaldo|Fake Out|p1a: Trae Young
|-activate|p1a: Trae Young|move: Protect
|move|p2a: Uzbek Messi|Sunny Day|p2a: Uzbek Messi
|-weather|SunnyDay
|move|p1b: Wave Crash My Wife|Wave Crash|p2a: Uzbek Messi
|-supereffective|p2a: Uzbek Messi|1
|-damage|p2a: Uzbek Messi|0 fnt
|faint|p2a: Uzbek Messi
|-damage|p1b: Wave Crash My Wife|69/100|[from] Recoil
|-damage|p1b: Wave Crash My Wife|59/100|[from] item: Life Orb
|
|-weather|SunnyDay|[upkeep]
|upkeep
|
|t:|1784162255
|switch|p2a: The Dictator|Gholdengo, L50, shiny|100/100
|turn|2
|
|t:|1784162314
|move|p1a: Trae Young|Tailwind|p1a: Trae Young
|-sidestart|p1: SideB33563356|move: Tailwind
|move|p1b: Wave Crash My Wife|Last Respects|p2a: The Dictator
|-supereffective|p2a: The Dictator|1
|-damage|p2a: The Dictator|4/100
|-damage|p1b: Wave Crash My Wife|49/100|[from] item: Life Orb
|move|p2a: The Dictator|Thunderbolt|p1a: Trae Young
|-supereffective|p1a: Trae Young|1
|-damage|p1a: Trae Young|0 fnt
|faint|p1a: Trae Young
|move|p2b: Ronaldo|Dire Claw|p1b: Wave Crash My Wife
|-resisted|p1b: Wave Crash My Wife|1
|-damage|p1b: Wave Crash My Wife|18/100
|
|-weather|SunnyDay|[upkeep]
|upkeep
|
|t:|1784162336
|switch|p1a: Texas Power Crisis|Ninetales-Alola, L50, M|100/100
|-weather|Snowscape|[from] ability: Snow Warning|[of] p1a: Texas Power Crisis
|turn|3
|
|t:|1784162357
|move|p1a: Texas Power Crisis|Blizzard|p2b: Ronaldo|[spread] p2a,p2b
|-resisted|p2a: The Dictator|1
|-damage|p2a: The Dictator|0 fnt
|-damage|p2b: Ronaldo|54/100
|faint|p2a: The Dictator
|move|p1b: Wave Crash My Wife|Last Respects|p2b: Ronaldo
|-damage|p2b: Ronaldo|0 fnt
|faint|p2b: Ronaldo
|-damage|p1b: Wave Crash My Wife|9/100|[from] item: Life Orb
|
|-weather|Snowscape|[upkeep]
|upkeep
|
|t:|1784162365
|switch|p2a: Vozinha|Floette-Eternal, L50, F|100/100
|turn|4
|
|t:|1784162379
|detailschange|p2a: Vozinha|Floette-Mega, L50, F
|-mega|p2a: Vozinha|Floette|Floettite
|-ability|p2a: Vozinha|Fairy Aura
|move|p2a: Vozinha|Protect|p2a: Vozinha
|-singleturn|p2a: Vozinha|Protect
|move|p1a: Texas Power Crisis|Blizzard|p2a: Vozinha
|-activate|p2a: Vozinha|move: Protect
|move|p1b: Wave Crash My Wife|Wave Crash|p2a: Vozinha
|-activate|p2a: Vozinha|move: Protect
|
|-weather|Snowscape|[upkeep]
|upkeep
|turn|5
|
|t:|1784162392
|switch|p1b: Computah|Metagross, L50|100/100
|move|p2a: Vozinha|Protect|p2a: Vozinha
|-singleturn|p2a: Vozinha|Protect
|move|p1a: Texas Power Crisis|Encore|p2a: Vozinha
|-activate|p2a: Vozinha|move: Protect
|
|-weather|Snowscape|[upkeep]
|-sideend|p1: SideB33563356|move: Tailwind
|upkeep
|turn|6
|
|t:|1784162401
|detailschange|p1b: Computah|Metagross-Mega, L50
|-mega|p1b: Computah|Metagross|Metagrossite
|move|p1b: Computah|Meteor Mash|p2a: Vozinha
|-supereffective|p2a: Vozinha|1
|-damage|p2a: Vozinha|0 fnt
|faint|p2a: Vozinha
|
|win|SideB33563356
