|j|☆perxes jr
|j|‽testingdeez
|html|perxes jrtestingdeez    
|uhtml|bestof|Game 2 of a best-of-3
|t:|1782220203
|gametype|doubles
|player|p1|perxes jr|169|1048
|player|p2|testingdeez|101|1162
|gen|9
|tier|[Gen 9 Champions] VGC 2026 Reg M-B (Bo3)
|rated|
|rule|Species Clause: Limit one of each Pokémon
|rule|Item Clause: Limit 1 of each item
|clearpoke
|poke|p1|Swampert, L50, F|
|poke|p1|Floette-Eternal, L50, F|
|poke|p1|Pelipper, L50, M|
|poke|p1|Grimmsnarl, L50, M|
|poke|p1|Sinistcha, L50|
|poke|p1|Archaludon, L50, F|
|poke|p2|Charizard, L50, F, shiny|
|poke|p2|Metagross, L50, shiny|
|poke|p2|Samurott-Hisui, L50, F, shiny|
|poke|p2|Sylveon, L50, F|
|poke|p2|Garchomp, L50, M|
|poke|p2|Aerodactyl, L50, F|
|teampreview|4
|showteam|p1|Swampert||Swampertite|Torrent|WaveCrash,Earthquake,IcePunch,Protect|Adamant||F|||50|]Floette-Eternal||Floettite|FlowerVeil|Moonblast,DazzlingGleam,CalmMind,Protect|Modest||F|||50|]Pelipper||SitrusBerry|Drizzle|Hurricane,WeatherBall,Tailwind,WideGuard|Modest||M|||50|]Grimmsnarl||LightClay|Prankster|Reflect,LightScreen,PartingShot,FoulPlay|Careful||M|||50|]Sinistcha||CobaBerry|Hospitality|MatchaGotcha,LifeDew,TrickRoom,RagePowder|Relaxed|||||50|]Archaludon||Leftovers|Stamina|ElectroShot,DragonPulse,FlashCannon,Protect|Modest||F|||50|
|showteam|p2|Charizard||CharizarditeY|Blaze|WeatherBall,HeatWave,SolarBeam,Protect|Bold||F|||50|]Metagross||Metagrossite|ClearBody|IronHead,BodyPress,IcePunch,Protect|Jolly|||||50|]Samurott-Hisui||BlackGlasses|Sharpness|SuckerPunch,CeaselessEdge,SacredSword,Protect|Adamant||F|||50|]Sylveon||FairyFeather|Pixilate|HyperVoice,QuickAttack,HyperBeam,Protect|Modest||F|||50|]Garchomp||LifeOrb|RoughSkin|DragonClaw,RockSlide,Earthquake,Protect|Jolly||M|||50|]Aerodactyl||FocusSash|Unnerve|RockSlide,SunnyDay,Tailwind,Protect|Jolly||F|||50|
|inactive|Battle timer is ON: inactive players will automatically lose when time's up. (requested by perxes jr)
|
|t:|1782220231
|teamsize|p1|4
|teamsize|p2|4
|start
|switch|p1a: Floette|Floette-Eternal, L50, F|100/100
|switch|p1b: Grimmsnarl|Grimmsnarl, L50, M|100/100
|switch|p2a: Charizard|Charizard, L50, F, shiny|100/100
|switch|p2b: Aerodactyl|Aerodactyl, L50, F|100/100
|-ability|p2b: Aerodactyl|Unnerve
|turn|1
|
|t:|1782220250
|detailschange|p1a: Floette|Floette-Mega, L50, F
|-mega|p1a: Floette|Floette|Floettite
|-ability|p1a: Floette|Fairy Aura
|detailschange|p2a: Charizard|Charizard-Mega-Y, L50, F, shiny
|-mega|p2a: Charizard|Charizard|Charizardite Y
|-weather|SunnyDay|[from] ability: Drought|[of] p2a: Charizard
|move|p1b: Grimmsnarl|Light Screen|p1b: Grimmsnarl
|-sidestart|p1: perxes jr|move: Light Screen
|move|p2b: Aerodactyl|Rock Slide|p1a: Floette|[spread] p1a
|-miss|p2b: Aerodactyl|p1b: Grimmsnarl
|-damage|p1a: Floette|74/100
|cant|p1a: Floette|flinch
|move|p2a: Charizard|Heat Wave|p1a: Floette|[spread] p1a,p1b
|-damage|p1a: Floette|42/100
|-damage|p1b: Grimmsnarl|64/100
|
|-weather|SunnyDay|[upkeep]
|upkeep
|turn|2
|inactive|perxes jr has 30 seconds left.
|
|t:|1782220279
|move|p1b: Grimmsnarl|Parting Shot|p2a: Charizard
|-unboost|p2a: Charizard|atk|1
|-unboost|p2a: Charizard|spa|1
|
|t:|1782220283
|switch|p1b: Pelipper|Pelipper, L50, M|100/100|[from] Parting Shot
|-weather|RainDance|[from] ability: Drizzle|[of] p1b: Pelipper
|move|p2b: Aerodactyl|Rock Slide|p1b: Pelipper|[spread] p1a,p1b
|-supereffective|p1b: Pelipper|1
|-damage|p1a: Floette|14/100
|-damage|p1b: Pelipper|45/100
|cant|p1a: Floette|flinch
|move|p2a: Charizard|Weather Ball|p1a: Floette
|-damage|p1a: Floette|0 fnt
|faint|p1a: Floette
|
|-weather|RainDance|[upkeep]
|upkeep
|
|t:|1782220297
|switch|p1a: Swampert|Swampert, L50, F|100/100
|turn|3
|inactive|perxes jr has 30 seconds left.
|inactive|testingdeez has 30 seconds left.
|inactive|testingdeez has 20 seconds left.
|inactive|testingdeez has 15 seconds left.
|inactive|testingdeez has 10 seconds left.
|
|t:|1782220344
|switch|p2a: Sylveon|Sylveon, L50, F|100/100
|move|p2b: Aerodactyl|Tailwind|p2b: Aerodactyl
|-sidestart|p2: testingdeez|move: Tailwind
|move|p1a: Swampert|Wave Crash|p2a: Sylveon
|-damage|p2a: Sylveon|0 fnt
|faint|p2a: Sylveon
|-damage|p1a: Swampert|64/100|[from] Recoil
|move|p1b: Pelipper|Hurricane|p2b: Aerodactyl
|-resisted|p2b: Aerodactyl|1
|-damage|p2b: Aerodactyl|71/100
|-start|p2b: Aerodactyl|confusion
|
|-weather|RainDance|[upkeep]
|upkeep
|
|t:|1782220355
|switch|p2a: Charizard|Charizard-Mega-Y, L50, F, shiny|100/100
|-weather|SunnyDay|[from] ability: Drought|[of] p2a: Charizard
|turn|4
|
|t:|1782220370
|switch|p2b: Garchomp|Garchomp, L50, M|100/100
|-enditem|p1b: Pelipper|Sitrus Berry|[eat]
|-heal|p1b: Pelipper|70/100|[from] item: Sitrus Berry
|move|p2a: Charizard|Solar Beam||[still]
|-prepare|p2a: Charizard|Solar Beam
|-anim|p2a: Charizard|Solar Beam|p1b: Pelipper
|-damage|p1b: Pelipper|32/100
|move|p1a: Swampert|Wave Crash|p2b: Garchomp
|-damage|p2b: Garchomp|70/100
|-damage|p1a: Swampert|52/100|[from] ability: Rough Skin|[of] p2b: Garchomp
|-damage|p1a: Swampert|42/100|[from] Recoil
|move|p1b: Pelipper|Hurricane|p2a: Charizard|[miss]
|-miss|p1b: Pelipper|p2a: Charizard
|
|-weather|SunnyDay|[upkeep]
|upkeep
|turn|5
|inactive|testingdeez has 30 seconds left.
|
|t:|1782220404
|move|p1a: Swampert|Protect|p1a: Swampert
|-singleturn|p1a: Swampert|Protect
|move|p2b: Garchomp|Earthquake|p1b: Pelipper|[spread] 
|-activate|p1a: Swampert|move: Protect
|-immune|p2a: Charizard
|-immune|p1b: Pelipper
|move|p2a: Charizard|Solar Beam||[still]
|-prepare|p2a: Charizard|Solar Beam
|-anim|p2a: Charizard|Solar Beam|p1a: Swampert
|-activate|p1a: Swampert|move: Protect
|move|p1b: Pelipper|Hurricane|p2b: Garchomp|[miss]
|-miss|p1b: Pelipper|p2b: Garchomp
|
|-weather|SunnyDay|[upkeep]
|upkeep
|turn|6
|-message|perxes jr forfeited.
|raw|perxes jr's rating: 1048 → 1036(-12 for losing)
|raw|testingdeez's rating: 1162 → 1179(+17 for winning)
|
|win|testingdeez
|l|☆perxes jr
|player|p1|
