|j|☆ronzthebonz
|j|☆MarkTheMarker
|html|ronzthebonzMarkTheMarker    
|uhtml|bestof|Game 2 of a best-of-3
|t:|1784994723
|gametype|doubles
|player|p1|ronzthebonz|170|1321
|player|p2|MarkTheMarker|wallace|1418
|gen|9
|tier|[Gen 9 Champions] VGC 2026 Reg M-B (Bo3)
|rated|
|rule|Species Clause: Limit one of each Pokémon
|rule|Item Clause: Limit 1 of each item
|clearpoke
|poke|p1|Snorlax, L50, F|
|poke|p1|Incineroar, L50, F|
|poke|p1|Gengar, L50, M|
|poke|p1|Kingambit, L50, M|
|poke|p1|Rotom-Wash, L50|
|poke|p1|Ninetales-Alola, L50, F|
|poke|p2|Grimmsnarl, L50, M|
|poke|p2|Archaludon, L50, M|
|poke|p2|Pelipper, L50, F|
|poke|p2|Venusaur, L50, M|
|poke|p2|Gholdengo, L50|
|poke|p2|Staraptor, L50, F|
|teampreview|4
|showteam|p1|Snorlax||Leftovers|ThickFat|Yawn,Protect,Fissure,IcePunch|Sassy||F|||50|]Incineroar||PasshoBerry|Intimidate|FlareBlitz,Protect,FakeOut,PartingShot|Sassy||F|||50|]Gengar||Gengarite|CursedBody|ShadowBall,WillOWisp,PerishSong,Protect|Modest||M|||50|]Kingambit||ChopleBerry|Defiant|LowKick,KowtowCleave,IronHead,SuckerPunch|Brave||M|||50|]Rotom-Wash||SitrusBerry|Levitate|HydroPump,WillOWisp,VoltSwitch,Thunderbolt|Bold|||||50|]Ninetales-Alola||FocusSash|SnowWarning|Blizzard,Encore,Disable,Protect|Timid||F|||50|
|showteam|p2|Grimmsnarl||LightClay|Prankster|SpiritBreak,PartingShot,LightScreen,Reflect|Careful||M|||50|]Archaludon||Leftovers|Stamina|DragonPulse,FlashCannon,ElectroShot,Protect|Calm||M|||50|]Pelipper||SitrusBerry|Drizzle|Hurricane,WeatherBall,WideGuard,Tailwind|Modest||F|||50|]Venusaur||Venusaurite|Chlorophyll|GigaDrain,SludgeBomb,EarthPower,Protect|Modest||M|||50|]Gholdengo||LifeOrb|GoodasGold|MakeItRain,ShadowBall,NastyPlot,Protect|Modest|||||50|]Staraptor||Staraptite|Intimidate|CloseCombat,BraveBird,Roost,Protect|Jolly||F|||50|
|inactive|Battle timer is ON: inactive players will automatically lose when time's up. (requested by MarkTheMarker)
|inactive|ronzthebonz has 60 seconds left.
|
|t:|1784994781
|teamsize|p1|4
|teamsize|p2|4
|start
|switch|p1a: Incineroar|Incineroar, L50, F|100/100
|switch|p1b: Kingambit|Kingambit, L50, M|100/100
|switch|p2a: Grimmsnarl|Grimmsnarl, L50, M|100/100
|switch|p2b: Pelipper|Pelipper, L50, F|100/100
|-weather|RainDance|[from] ability: Drizzle|[of] p2b: Pelipper
|-ability|p1a: Incineroar|Intimidate|boost
|-unboost|p2a: Grimmsnarl|atk|1
|-unboost|p2b: Pelipper|atk|1
|turn|1
|inactive|MarkTheMarker has 30 seconds left.
|
|t:|1784994809
|move|p1a: Incineroar|Fake Out|p2b: Pelipper
|-damage|p2b: Pelipper|87/100
|move|p2a: Grimmsnarl|Reflect|p2a: Grimmsnarl
|-sidestart|p2: MarkTheMarker|Reflect
|cant|p2b: Pelipper|flinch
|move|p1b: Kingambit|Iron Head|p2a: Grimmsnarl
|-supereffective|p2a: Grimmsnarl|1
|-damage|p2a: Grimmsnarl|37/100
|
|-weather|RainDance|[upkeep]
|upkeep
|turn|2
|inactive|ronzthebonz has 30 seconds left.
|inactive|ronzthebonz has 20 seconds left.
|inactive|ronzthebonz has 15 seconds left.
|
|t:|1784994852
|move|p2a: Grimmsnarl|Light Screen|p2a: Grimmsnarl
|-sidestart|p2: MarkTheMarker|move: Light Screen
|move|p2b: Pelipper|Weather Ball|p1b: Kingambit
|-damage|p1b: Kingambit|39/100
|move|p1a: Incineroar|Parting Shot|p2b: Pelipper
|-unboost|p2b: Pelipper|atk|1
|-unboost|p2b: Pelipper|spa|1
|
|t:|1784994866
|switch|p1a: Rotom|Rotom-Wash, L50|100/100|[from] Parting Shot
|move|p1b: Kingambit|Iron Head|p2a: Grimmsnarl
|-supereffective|p2a: Grimmsnarl|1
|-damage|p2a: Grimmsnarl|0 fnt
|faint|p2a: Grimmsnarl
|
|-weather|RainDance|[upkeep]
|upkeep
|
|t:|1784994873
|switch|p2a: Staraptor|Staraptor, L50, F|100/100
|-ability|p2a: Staraptor|Intimidate|boost
|-unboost|p1a: Rotom|atk|1
|-unboost|p1b: Kingambit|atk|1
|-ability|p1b: Kingambit|Defiant|boost
|-boost|p1b: Kingambit|atk|2
|turn|3
|inactive|ronzthebonz has 30 seconds left.
|
|t:|1784994903
|switch|p1b: Incineroar|Incineroar, L50, F|100/100
|-ability|p1b: Incineroar|Intimidate|boost
|-unboost|p2a: Staraptor|atk|1
|-unboost|p2b: Pelipper|atk|1
|detailschange|p2a: Staraptor|Staraptor-Mega, L50, F
|-mega|p2a: Staraptor|Staraptor|Staraptite
|move|p2a: Staraptor|Close Combat|p1a: Rotom
|-damage|p1a: Rotom|63/100
|-boost|p2a: Staraptor|def|1
|-boost|p2a: Staraptor|spd|1
|move|p1a: Rotom|Will-O-Wisp|p2a: Staraptor
|-status|p2a: Staraptor|brn
|move|p2b: Pelipper|Tailwind|p2b: Pelipper
|-sidestart|p2: MarkTheMarker|move: Tailwind
|
|-weather|RainDance|[upkeep]
|-damage|p2a: Staraptor|93/100 brn|[from] brn
|upkeep
|turn|4
|
|t:|1784994928
|switch|p2b: Gholdengo|Gholdengo, L50|100/100
|move|p2a: Staraptor|Close Combat|p1b: Incineroar
|-supereffective|p1b: Incineroar|1
|-damage|p1b: Incineroar|59/100
|-boost|p2a: Staraptor|def|1
|-boost|p2a: Staraptor|spd|1
|move|p1a: Rotom|Thunderbolt|p2b: Gholdengo
|-damage|p2b: Gholdengo|79/100
|move|p1b: Incineroar|Parting Shot|p2b: Gholdengo
|-immune|p2b: Gholdengo|[from] ability: Good as Gold
|
|-weather|RainDance|[upkeep]
|-damage|p2a: Staraptor|87/100 brn|[from] brn
|upkeep
|turn|5
|inactive|ronzthebonz has 30 seconds left.
|inactive|ronzthebonz has 20 seconds left.
|inactive|ronzthebonz has 15 seconds left.
|inactive|ronzthebonz has 10 seconds left.
|
|t:|1784994974
|move|p2a: Staraptor|Close Combat|p1b: Incineroar
|-supereffective|p1b: Incineroar|1
|-damage|p1b: Incineroar|23/100
|-boost|p2a: Staraptor|def|1
|-boost|p2a: Staraptor|spd|1
|move|p2b: Gholdengo|Nasty Plot|p2b: Gholdengo
|-boost|p2b: Gholdengo|spa|2
|move|p1a: Rotom|Thunderbolt|p2a: Staraptor
|-supereffective|p2a: Staraptor|1
|-damage|p2a: Staraptor|65/100 brn
|move|p1b: Incineroar|Flare Blitz|p2b: Gholdengo
|-supereffective|p2b: Gholdengo|1
|-damage|p2b: Gholdengo|52/100
|-damage|p1b: Incineroar|15/100|[from] Recoil
|
|-weather|none
|-damage|p2a: Staraptor|59/100 brn|[from] brn
|upkeep
|turn|6
|inactive|ronzthebonz has 30 seconds left.
|
|t:|1784995004
|switch|p1a: Kingambit|Kingambit, L50, M|39/100
|move|p2a: Staraptor|Close Combat|p1b: Incineroar
|-supereffective|p1b: Incineroar|1
|-damage|p1b: Incineroar|0 fnt
|-boost|p2a: Staraptor|def|1
|-boost|p2a: Staraptor|spd|1
|faint|p1b: Incineroar
|move|p2b: Gholdengo|Shadow Ball|p1a: Kingambit
|-resisted|p1a: Kingambit|1
|-damage|p1a: Kingambit|0 fnt
|faint|p1a: Kingambit
|-damage|p2b: Gholdengo|42/100|[from] item: Life Orb
|
|-damage|p2a: Staraptor|53/100 brn|[from] brn
|-sideend|p2: MarkTheMarker|move: Tailwind
|upkeep
|
|t:|1784995015
|switch|p1b: Rotom|Rotom-Wash, L50|63/100
|switch|p1a: Gengar|Gengar, L50, M|100/100
|turn|7
|
|t:|1784995030
|detailschange|p1a: Gengar|Gengar-Mega, L50, M
|-mega|p1a: Gengar|Gengar|Gengarite
|move|p2a: Staraptor|Roost|p2a: Staraptor
|-heal|p2a: Staraptor|100/100 brn
|-singleturn|p2a: Staraptor|move: Roost
|move|p1a: Gengar|Shadow Ball|p2b: Gholdengo
|-supereffective|p2b: Gholdengo|1
|-damage|p2b: Gholdengo|0 fnt
|faint|p2b: Gholdengo
|move|p1b: Rotom|Thunderbolt|p2a: Staraptor
|-damage|p2a: Staraptor|90/100 brn
|
|-damage|p2a: Staraptor|83/100 brn|[from] brn
|upkeep
|
|t:|1784995033
|switch|p2b: Pelipper|Pelipper, L50, F|87/100
|-weather|RainDance|[from] ability: Drizzle|[of] p2b: Pelipper
|turn|8
|
|t:|1784995051
|move|p2a: Staraptor|Close Combat|p1b: Rotom
|-damage|p1b: Rotom|46/100
|-boost|p2a: Staraptor|def|1
|-boost|p2a: Staraptor|spd|1
|-enditem|p1b: Rotom|Sitrus Berry|[eat]
|-heal|p1b: Rotom|71/100|[from] item: Sitrus Berry
|move|p1a: Gengar|Shadow Ball|p2a: Staraptor
|-damage|p2a: Staraptor|72/100 brn
|move|p1b: Rotom|Thunderbolt|p2b: Pelipper
|-supereffective|p2b: Pelipper|2
|-damage|p2b: Pelipper|0 fnt
|faint|p2b: Pelipper
|
|-weather|RainDance|[upkeep]
|-damage|p2a: Staraptor|66/100 brn|[from] brn
|-sideend|p2: MarkTheMarker|Reflect
|upkeep
|turn|9
|
|t:|1784995071
|move|p2a: Staraptor|Roost|p2a: Staraptor
|-heal|p2a: Staraptor|100/100 brn
|-singleturn|p2a: Staraptor|move: Roost
|move|p1a: Gengar|Shadow Ball|p2a: Staraptor
|-crit|p2a: Staraptor
|-damage|p2a: Staraptor|18/100 brn
|move|p1b: Rotom|Thunderbolt|p2a: Staraptor
|-damage|p2a: Staraptor|9/100 brn
|
|-weather|RainDance|[upkeep]
|-damage|p2a: Staraptor|3/100 brn|[from] brn
|-sideend|p2: MarkTheMarker|move: Light Screen
|upkeep
|turn|10
|-message|MarkTheMarker forfeited.
|
|win|ronzthebonz
||MarkTheMarker is ready for game 3.
||ronzthebonz is ready for game 3.
|uhtml|next|Next: Game 3 of 3
|l|☆ronzthebonz
|player|p1|
