|j|☆claudiusmaximus125
|j|☆Jakobtc
|html|claudiusmaximus125Jakobtc    
|uhtml|bestof|Game 2 of a best-of-3
|t:|1756876941
|gametype|doubles
|player|p1|claudiusmaximus125|ghetsis-gen5bw|1307
|player|p2|Jakobtc|riley|1154
|gen|9
|tier|[Gen 9] VGC 2025 Reg H (Bo3)
|rated|
|rule|Species Clause: Limit one of each Pokémon
|rule|Item Clause: Limit 1 of each item
|clearpoke
|poke|p1|Dragonite, L50, F|
|poke|p1|Kingambit, L50, F|
|poke|p1|Amoonguss, L50, F|
|poke|p1|Gholdengo, L50|
|poke|p1|Basculegion, L50, M|
|poke|p1|Pelipper, L50, F|
|poke|p2|Gholdengo, L50|
|poke|p2|Incineroar, L50, F|
|poke|p2|Amoonguss, L50, F|
|poke|p2|Porygon2, L50|
|poke|p2|Ursaluna, L50, F|
|poke|p2|Kilowattrel, L50, F|
|teampreview|4
|showteam|p1|Dragonite||LoadedDice|Multiscale|ScaleShot,Tailwind,Haze,Protect|||F|||50|,,,,,Dragon]Kingambit||BlackGlasses|Defiant|KowtowCleave,SuckerPunch,SwordsDance,Protect|||F|||50|,,,,,Dark]Amoonguss||SitrusBerry|Regenerator|Spore,RagePowder,PollenPuff,Protect|||F|||50|,,,,,Grass]Gholdengo||ChoiceSpecs|GoodasGold|MakeItRain,ShadowBall,Thunderbolt,PowerGem||||||50|,,,,,Steel]Basculegion||LifeOrb|SwiftSwim|WaveCrash,FlipTurn,LastRespects,Protect|||M|||50|,,,,,Water]Pelipper||FocusSash|Drizzle|WeatherBall,Hurricane,HelpingHand,Protect|||F|||50|,,,,,Ghost
|showteam|p2|Gholdengo||LifeOrb|GoodasGold|MakeItRain,ShadowBall,NastyPlot,Protect||||||50|,,,,,Water]Incineroar||SafetyGoggles|Intimidate|FakeOut,FlareBlitz,KnockOff,PartingShot|||F|||50|,,,,,Bug]Amoonguss||SitrusBerry|EffectSpore|Spore,RagePowder,PollenPuff,Protect|||F|||50|,,,,,Water]Porygon2||Eviolite|Download|TeraBlast,IceBeam,TrickRoom,Recover||||||50|,,,,,Fighting]Ursaluna||FlameOrb|Guts|Facade,HeadlongRush,Earthquake,Protect|||F|||50|,,,,,Ghost]Kilowattrel||FocusSash|Competitive|AirSlash,Thunderbolt,Tailwind,Protect|||F|||50|,,,,,Ghost
|inactive|Battle timer is ON: inactive players will automatically lose when time's up. (requested by Jakobtc)
|
|t:|1756877010
|teamsize|p1|4
|teamsize|p2|4
|start
|switch|p1a: Basculegion|Basculegion, L50, M|100/100
|switch|p1b: Pelipper|Pelipper, L50, F|100/100
|switch|p2a: Amoonguss|Amoonguss, L50, F, shiny|100/100
|switch|p2b: Porygon2|Porygon2, L50, shiny|100/100
|-weather|RainDance|[from] ability: Drizzle|[of] p1b: Pelipper
|-ability|p2b: Porygon2|Download|boost
|-boost|p2b: Porygon2|spa|1
|turn|1
|inactive|claudiusmaximus125 has 30 seconds left.
|inactive|Jakobtc has 30 seconds left.
|inactive|claudiusmaximus125 has 20 seconds left.
|inactive|claudiusmaximus125 has 15 seconds left.
|
|t:|1756877051
|-terastallize|p2a: Amoonguss|Water
|move|p2a: Amoonguss|Rage Powder|p2a: Amoonguss
|-singleturn|p2a: Amoonguss|move: Rage Powder
|move|p1a: Basculegion|Flip Turn|p2a: Amoonguss
|-resisted|p2a: Amoonguss
|-damage|p2a: Amoonguss|77/100
|-status|p1a: Basculegion|slp|[from] ability: Effect Spore|[of] p2a: Amoonguss
|-damage|p1a: Basculegion|91/100 slp|[from] item: Life Orb
|
|t:|1756877062
|switch|p1a: Amoonguss|Amoonguss, L50, F|100/100|[from] Flip Turn
|move|p1b: Pelipper|Hurricane|p2a: Amoonguss
|-damage|p2a: Amoonguss|33/100
|-enditem|p2a: Amoonguss|Sitrus Berry|[eat]
|-heal|p2a: Amoonguss|58/100|[from] item: Sitrus Berry
|move|p2b: Porygon2|Trick Room|p2b: Porygon2
|-fieldstart|move: Trick Room|[of] p2b: Porygon2
|
|-weather|RainDance|[upkeep]
|upkeep
|turn|2
|
|t:|1756877082
|switch|p2a: Ursaluna|Ursaluna, L50, F|100/100
|move|p1b: Pelipper|Protect|p1b: Pelipper
|-singleturn|p1b: Pelipper|Protect
|move|p1a: Amoonguss|Spore|p2a: Ursaluna
|-status|p2a: Ursaluna|slp|[from] move: Spore
|move|p2b: Porygon2|Ice Beam|p1a: Amoonguss
|-supereffective|p1a: Amoonguss
|-damage|p1a: Amoonguss|38/100
|-enditem|p1a: Amoonguss|Sitrus Berry|[eat]
|-heal|p1a: Amoonguss|63/100|[from] item: Sitrus Berry
|
|-weather|RainDance|[upkeep]
|upkeep
|turn|3
|inactive|Jakobtc has 30 seconds left.
|
|t:|1756877109
|switch|p2a: Amoonguss|Amoonguss, L50, F, shiny, tera:Water|58/100
|move|p1a: Amoonguss|Spore|p2b: Porygon2
|-status|p2b: Porygon2|slp|[from] move: Spore
|cant|p2b: Porygon2|slp
|move|p1b: Pelipper|Weather Ball|p2a: Amoonguss
|-resisted|p2a: Amoonguss
|-damage|p2a: Amoonguss|27/100
|
|-weather|RainDance|[upkeep]
|upkeep
|turn|4
|
|t:|1756877132
|move|p2a: Amoonguss|Protect|p2a: Amoonguss
|-singleturn|p2a: Amoonguss|Protect
|move|p1a: Amoonguss|Spore|p2a: Amoonguss
|-activate|p2a: Amoonguss|move: Protect
|cant|p2b: Porygon2|slp
|move|p1b: Pelipper|Weather Ball|p2b: Porygon2
|-damage|p2b: Porygon2|60/100 slp
|
|-weather|RainDance|[upkeep]
|upkeep
|turn|5
|
|t:|1756877154
|switch|p1b: Gholdengo|Gholdengo, L50|100/100
|move|p2a: Amoonguss|Rage Powder|p2a: Amoonguss
|-singleturn|p2a: Amoonguss|move: Rage Powder
|move|p1a: Amoonguss|Spore|p2a: Amoonguss
|-status|p2a: Amoonguss|slp|[from] move: Spore
|-curestatus|p2b: Porygon2|slp|[msg]
|move|p2b: Porygon2|Ice Beam|p1a: Amoonguss
|-supereffective|p1a: Amoonguss
|-damage|p1a: Amoonguss|0 fnt
|faint|p1a: Amoonguss
|
|-weather|none
|-fieldend|move: Trick Room
|upkeep
|
|t:|1756877171
|switch|p1a: Pelipper|Pelipper, L50, F|100/100
|-weather|RainDance|[from] ability: Drizzle|[of] p1a: Pelipper
|turn|6
|
|t:|1756877194
|switch|p2a: Ursaluna|Ursaluna, L50, F|100/100 slp
|move|p1a: Pelipper|Helping Hand|p1b: Gholdengo
|-immune|p1b: Gholdengo|[from] ability: Good as Gold
|move|p1b: Gholdengo|Make It Rain|p2a: Ursaluna|[spread] p2a,p2b
|-damage|p2a: Ursaluna|21/100 slp
|-damage|p2b: Porygon2|13/100
|-unboost|p1b: Gholdengo|spa|1
|move|p2b: Porygon2|Trick Room|p2b: Porygon2
|-fieldstart|move: Trick Room|[of] p2b: Porygon2
|
|-weather|RainDance|[upkeep]
|upkeep
|turn|7
|
|t:|1756877215
|move|p1a: Pelipper|Protect|p1a: Pelipper
|-singleturn|p1a: Pelipper|Protect
|move|p2b: Porygon2|Recover|p2b: Porygon2
|-heal|p2b: Porygon2|63/100
|cant|p2a: Ursaluna|slp
|move|p1b: Gholdengo|Make It Rain|p2b: Porygon2|[spread] p2a,p2b
|-damage|p2a: Ursaluna|0 fnt
|-damage|p2b: Porygon2|32/100
|-unboost|p1b: Gholdengo|spa|1
|faint|p2a: Ursaluna
|
|-weather|RainDance|[upkeep]
|upkeep
|
|t:|1756877226
|switch|p2a: Kilowattrel|Kilowattrel, L50, F|100/100
|turn|8
|inactive|claudiusmaximus125 has 30 seconds left.
|inactive|claudiusmaximus125 has 20 seconds left.
|inactive|claudiusmaximus125 has 15 seconds left.
|
|t:|1756877268
|move|p1a: Pelipper|Helping Hand|p1b: Gholdengo
|-immune|p1b: Gholdengo|[from] ability: Good as Gold
|move|p2b: Porygon2|Ice Beam|p1a: Pelipper
|-crit|p1a: Pelipper
|-damage|p1a: Pelipper|3/100
|move|p1b: Gholdengo|Make It Rain|p2a: Kilowattrel|[spread] p2a,p2b
|-resisted|p2a: Kilowattrel
|-damage|p2a: Kilowattrel|64/100
|-damage|p2b: Porygon2|8/100
|-unboost|p1b: Gholdengo|spa|1
|move|p2a: Kilowattrel|Thunderbolt|p1a: Pelipper
|-supereffective|p1a: Pelipper
|-damage|p1a: Pelipper|0 fnt
|faint|p1a: Pelipper
|
|-weather|RainDance|[upkeep]
|upkeep
|
|t:|1756877284
|switch|p1a: Basculegion|Basculegion, L50, M|91/100 slp
|turn|9
|inactive|claudiusmaximus125 has 30 seconds left.
|
|t:|1756877310
|-terastallize|p1b: Gholdengo|Steel
|move|p1b: Gholdengo|Make It Rain|p2a: Kilowattrel|[spread] p2a,p2b
|-resisted|p2a: Kilowattrel
|-damage|p2a: Kilowattrel|29/100
|-damage|p2b: Porygon2|0 fnt
|-unboost|p1b: Gholdengo|spa|1
|faint|p2b: Porygon2
|move|p2a: Kilowattrel|Thunderbolt|p1a: Basculegion
|-supereffective|p1a: Basculegion
|-damage|p1a: Basculegion|2/100 slp
|cant|p1a: Basculegion|slp
|
|-weather|RainDance|[upkeep]
|upkeep
|
|t:|1756877329
|switch|p2b: Amoonguss|Amoonguss, L50, F, shiny, tera:Water|27/100 slp
|turn|10
|
|t:|1756877337
|cant|p1a: Basculegion|slp
|cant|p2b: Amoonguss|slp
|move|p1b: Gholdengo|Make It Rain|p2a: Kilowattrel|[spread] p2a,p2b
|-resisted|p2a: Kilowattrel
|-resisted|p2b: Amoonguss
|-damage|p2a: Kilowattrel|0 fnt
|-damage|p2b: Amoonguss|11/100 slp
|-unboost|p1b: Gholdengo|spa|1
|faint|p2a: Kilowattrel
|
|-weather|none
|-fieldend|move: Trick Room
|upkeep
|turn|11
|c|☆claudiusmaximus125|the cheese string of doom
|c|☆claudiusmaximus125|did you tr again or something whyd he go before p2
|inactive|claudiusmaximus125 has 30 seconds left.
|
|t:|1756877365
|move|p1b: Gholdengo|Make It Rain|p2b: Amoonguss
|-resisted|p2b: Amoonguss
|-damage|p2b: Amoonguss|0 fnt
|-unboost|p1b: Gholdengo|spa|1
|faint|p2b: Amoonguss
|
|win|claudiusmaximus125
|raw|claudiusmaximus125's rating: 1307 → 1319(+12 for winning)
|raw|Jakobtc's rating: 1154 → 1139(-15 for losing)
|c|☆Jakobtc|no i did not i
|c|☆claudiusmaximus125|hmmm
|c|☆Jakobtc|i'm a bad player
|c|☆claudiusmaximus125|i see
