|j|☆Durugista
|j|☆eklyst
|html|Durugistaeklyst    
|uhtml|bestof|Game 2 of a best-of-3
|t:|1785340526
|gametype|doubles
|player|p1|Durugista|102|1233
|player|p2|eklyst|pokemaniac|1178
|gen|9
|tier|[Gen 9 Champions] VGC 2026 Reg M-B (Bo3)
|rated|
|rule|Species Clause: Limit one of each Pokémon
|rule|Item Clause: Limit 1 of each item
|clearpoke
|poke|p1|Staraptor, L50, F, shiny|
|poke|p1|Whimsicott, L50, F, shiny|
|poke|p1|Basculegion, L50, M|
|poke|p1|Milotic, L50, F|
|poke|p1|Pelipper, L50, M|
|poke|p1|Kingambit, L50, M|
|poke|p2|Metagross, L50|
|poke|p2|Floette-Eternal, L50, F|
|poke|p2|Garchomp, L50, M|
|poke|p2|Aerodactyl, L50, F|
|poke|p2|Sinistcha, L50|
|poke|p2|Incineroar, L50, F|
|teampreview|4
|showteam|p1|Staraptor||Staraptite|Intimidate|CloseCombat,BraveBird,Roost,Protect|Adamant||F|||50|]Whimsicott||OccaBerry|Prankster|Tailwind,Encore,Charm,FakeTears|Calm||F|||50|]Basculegion||ChoiceScarf|Adaptability|LastRespects,WaveCrash,AquaJet,FlipTurn|Jolly||M|||50|]Milotic||Leftovers|Competitive|Coil,Hypnosis,IceBeam,Scald|Calm||F|||50|]Pelipper||FocusSash|Drizzle|WeatherBall,Protect,Hurricane,WideGuard|Modest||M|||50|]Kingambit||LifeOrb|Defiant|SuckerPunch,KowtowCleave,IronHead,LowKick|Adamant||M|||50|
|showteam|p2|Metagross||Metagrossite|ClearBody|PsychicFangs,IronHead,BulletPunch,Protect|Adamant|||||50|]Floette-Eternal||Floettite|FlowerVeil|DazzlingGleam,Moonblast,CalmMind,Protect|Modest||F|||50|]Garchomp||LifeOrb|RoughSkin|RockSlide,StompingTantrum,DragonClaw,Protect|Jolly||M|||50|]Aerodactyl||FocusSash|Unnerve|RockSlide,DualWingbeat,Tailwind,Protect|Jolly||F|||50|]Sinistcha||KasibBerry|Hospitality|MatchaGotcha,TrickRoom,RagePowder,Protect|Relaxed|||||50|]Incineroar||SitrusBerry|Intimidate|FakeOut,FlareBlitz,ThroatChop,PartingShot|Adamant||F|||50|
|inactive|Battle timer is ON: inactive players will automatically lose when time's up. (requested by Durugista)
|inactive|eklyst also wants the timer to be on.
|inactive|eklyst has 60 seconds left.
|
|t:|1785340575
|teamsize|p1|4
|teamsize|p2|4
|start
|switch|p1a: Basculegion|Basculegion, L50, M|100/100
|switch|p1b: Staraptor|Staraptor, L50, F, shiny|100/100
|switch|p2a: Sinistcha|Sinistcha, L50|100/100
|switch|p2b: Floette|Floette-Eternal, L50, F|100/100
|-ability|p1b: Staraptor|Intimidate|boost
|-block|p2a: Sinistcha|ability: Flower Veil|[of] p2b: Floette
|-unboost|p2b: Floette|atk|1
|turn|1
|n|☆Durugista|durugista
|inactive|Durugista has 30 seconds left.
|inactive|Durugista has 20 seconds left.
|inactive|Durugista has 15 seconds left.
|
|t:|1785340615
|switch|p1b: Pelipper|Pelipper, L50, M|100/100
|-weather|RainDance|[from] ability: Drizzle|[of] p1b: Pelipper
|detailschange|p2b: Floette|Floette-Mega, L50, F
|-mega|p2b: Floette|Floette|Floettite
|-ability|p2b: Floette|Fairy Aura
|move|p2b: Floette|Protect|p2b: Floette
|-singleturn|p2b: Floette|Protect
|move|p1a: Basculegion|Wave Crash|p2b: Floette
|-activate|p2b: Floette|move: Protect
|move|p2a: Sinistcha|Trick Room|p2a: Sinistcha
|-fieldstart|move: Trick Room|[of] p2a: Sinistcha
|
|-weather|RainDance|[upkeep]
|upkeep
|turn|2
|
|t:|1785340637
|switch|p1a: Whimsicott|Whimsicott, L50, F, shiny|100/100
|move|p2a: Sinistcha|Rage Powder|p2a: Sinistcha
|-singleturn|p2a: Sinistcha|move: Rage Powder
|move|p1b: Pelipper|Hurricane|p2a: Sinistcha
|-supereffective|p2a: Sinistcha|1
|-damage|p2a: Sinistcha|5/100
|move|p2b: Floette|Calm Mind|p2b: Floette
|-boost|p2b: Floette|spa|1
|-boost|p2b: Floette|spd|1
|
|-weather|RainDance|[upkeep]
|upkeep
|turn|3
|
|t:|1785340661
|switch|p2a: Incineroar|Incineroar, L50, F|100/100
|-ability|p2a: Incineroar|Intimidate|boost
|-unboost|p1a: Whimsicott|atk|1
|-unboost|p1b: Pelipper|atk|1
|move|p2b: Floette|Protect|p2b: Floette
|-singleturn|p2b: Floette|Protect
|move|p1a: Whimsicott|Encore|p2b: Floette
|-activate|p2b: Floette|move: Protect
|move|p1b: Pelipper|Weather Ball|p2a: Incineroar
|-supereffective|p2a: Incineroar|1
|-damage|p2a: Incineroar|0 fnt
|faint|p2a: Incineroar
|
|-weather|RainDance|[upkeep]
|upkeep
|
|t:|1785340673
|switch|p2a: Garchomp|Garchomp, L50, M|100/100
|turn|4
|
|t:|1785340682
|switch|p2b: Sinistcha|Sinistcha, L50|5/100
|move|p1a: Whimsicott|Encore||[still]
|-fail|p1a: Whimsicott
|move|p1b: Pelipper|Weather Ball|p2a: Garchomp
|-damage|p2a: Garchomp|25/100
|move|p2a: Garchomp|Rock Slide|p1b: Pelipper|[spread] p1a,p1b
|-supereffective|p1b: Pelipper|1
|-damage|p1a: Whimsicott|71/100
|-damage|p1b: Pelipper|27/100
|-damage|p2a: Garchomp|15/100|[from] item: Life Orb
|
|-weather|RainDance|[upkeep]
|upkeep
|turn|5
|
|t:|1785340696
|switch|p2a: Floette|Floette-Mega, L50, F|100/100
|-ability|p2a: Floette|Fairy Aura
|move|p1a: Whimsicott|Charm|p2a: Floette
|-unboost|p2a: Floette|atk|2
|move|p2b: Sinistcha|Matcha Gotcha|p1b: Pelipper|[spread] p1b
|-miss|p2b: Sinistcha|p1a: Whimsicott
|-damage|p1b: Pelipper|0 fnt
|-heal|p2b: Sinistcha|16/100|[from] drain|[of] p1b: Pelipper
|faint|p1b: Pelipper
|
|-weather|none
|-fieldend|move: Trick Room
|upkeep
|inactive|Durugista has 30 seconds left.
|
|t:|1785340729
|switch|p1b: Staraptor|Staraptor, L50, F, shiny|100/100
|-ability|p1b: Staraptor|Intimidate|boost
|-unboost|p2a: Floette|atk|1
|-unboost|p2b: Sinistcha|atk|1
|turn|6
|
|t:|1785340737
|detailschange|p1b: Staraptor|Staraptor-Mega, L50, F, shiny
|-mega|p1b: Staraptor|Staraptor|Staraptite
|move|p1a: Whimsicott|Charm|p1b: Staraptor
|-boost|p1b: Staraptor|atk|2
|move|p1b: Staraptor|Brave Bird|p2a: Floette
|-damage|p2a: Floette|0 fnt
|faint|p2a: Floette
|-damage|p1b: Staraptor|68/100|[from] Recoil
|move|p2b: Sinistcha|Trick Room|p2b: Sinistcha
|-fieldstart|move: Trick Room|[of] p2b: Sinistcha
|
|upkeep
|
|t:|1785340745
|switch|p2a: Garchomp|Garchomp, L50, M|15/100
|turn|7
|
|t:|1785340760
|move|p1a: Whimsicott|Charm|p2a: Garchomp
|-unboost|p2a: Garchomp|atk|2
|move|p2b: Sinistcha|Matcha Gotcha|p1b: Staraptor|[spread] p1a,p1b
|-resisted|p1a: Whimsicott|1
|-resisted|p1b: Staraptor|1
|-damage|p1a: Whimsicott|61/100
|-heal|p2b: Sinistcha|21/100|[from] drain|[of] p1a: Whimsicott
|-damage|p1b: Staraptor|59/100
|-heal|p2b: Sinistcha|26/100|[from] drain|[of] p1b: Staraptor
|-status|p1b: Staraptor|brn
|move|p1b: Staraptor|Brave Bird|p2a: Garchomp
|-damage|p2a: Garchomp|0 fnt
|-damage|p1b: Staraptor|47/100 brn|[from] ability: Rough Skin|[of] p2a: Garchomp
|faint|p2a: Garchomp
|-damage|p1b: Staraptor|41/100 brn|[from] Recoil
|
|-damage|p1b: Staraptor|36/100 brn|[from] brn
|upkeep
|turn|8
|
|t:|1785340777
|move|p1a: Whimsicott|Fake Tears|p2b: Sinistcha
|-unboost|p2b: Sinistcha|spd|2
|move|p2b: Sinistcha|Matcha Gotcha|p1a: Whimsicott|[spread] p1a,p1b
|-resisted|p1a: Whimsicott|1
|-resisted|p1b: Staraptor|1
|-damage|p1a: Whimsicott|50/100g
|-heal|p2b: Sinistcha|31/100|[from] drain|[of] p1a: Whimsicott
|-damage|p1b: Staraptor|25/100 brn
|-heal|p2b: Sinistcha|37/100|[from] drain|[of] p1b: Staraptor
|move|p1b: Staraptor|Brave Bird|p2b: Sinistcha
|-supereffective|p2b: Sinistcha|1
|-damage|p2b: Sinistcha|0 fnt
|faint|p2b: Sinistcha
|-damage|p1b: Staraptor|14/100 brn|[from] Recoil
|
|win|Durugista
|raw|Durugista's rating: 1233 → 1254(+21 for winning)
|raw|eklyst's rating: 1178 → 1157(-21 for losing)
