|j|☆snailboss
|j|☆Nacos
|html|snailbossNacos    
|uhtml|bestof|Game 2 of a best-of-3
|t:|1757713322
|gametype|doubles
|player|p1|snailboss|hilda-wonderlauncher|1155
|player|p2|Nacos|169|1202
|gen|9
|tier|[Gen 9] VGC 2025 Reg H (Bo3)
|rated|
|rule|Species Clause: Limit one of each Pokémon
|rule|Item Clause: Limit 1 of each item
|clearpoke
|poke|p1|Kingambit, L50, F|
|poke|p1|Rillaboom, L50, F|
|poke|p1|Volcarona, L50, F|
|poke|p1|Tauros-Paldea-Aqua, L50, M|
|poke|p1|Electabuzz, L50, F|
|poke|p1|Ninetales-Alola, L50, M|
|poke|p2|Pelipper, L50, M|
|poke|p2|Archaludon, L50, F|
|poke|p2|Basculegion, L50, M|
|poke|p2|Gholdengo, L50|
|poke|p2|Incineroar, L50, F|
|poke|p2|Rillaboom, L50, M|
|teampreview|4
|showteam|p1|Kingambit||BlackGlasses|Defiant|SuckerPunch,KowtowCleave,SwordsDance,Protect|||F|||50|,,,,,Fire]Rillaboom||AssaultVest|GrassySurge|FakeOut,GrassyGlide,WoodHammer,HighHorsepower|||F|||50|,,,,,Fire]Volcarona||CovertCloak|FlameBody|QuiverDance,HeatWave,GigaDrain,Protect|||F|||50|,,,,,Grass]Tauros-Paldea-Aqua||GrassySeed|Intimidate|WaveCrash,BodyPress,Protect,AquaJet|||M|||50|,,,,,Fire]Electabuzz||Eviolite|VitalSpirit|Taunt,Thunderbolt,Protect,FollowMe|||F|||50|,,,,,Ghost]Ninetales-Alola||FocusSash|SnowWarning|Protect,Encore,FreezeDry,Disable|||M|||50|,,,,,Ghost
|showteam|p2|Pelipper||FocusSash|Drizzle|Tailwind,Protect,WeatherBall,Hurricane|||M|||50|,,,,,Steel]Archaludon||AssaultVest|Stamina|ElectroShot,DracoMeteor,FlashCannon,BodyPress|||F|||50|,,,,,Grass]Basculegion||ChoiceBand|SwiftSwim|WaveCrash,LastRespects,FlipTurn,AquaJet|||M|||50|,,,,,Water]Gholdengo||LifeOrb|GoodasGold|MakeItRain,ShadowBall,NastyPlot,Protect||||||50|,,,,,Dragon]Incineroar||SafetyGoggles|Intimidate|FakeOut,KnockOff,Taunt,PartingShot|||F|||50|,,,,,Water]Rillaboom||MiracleSeed|GrassySurge|FakeOut,GrassyGlide,Uturn,WoodHammer|||M|||50|,,,,,Fire
|
|t:|1757713342
|teamsize|p1|4
|teamsize|p2|4
|start
|switch|p1a: Rillaboom|Rillaboom, L50, F|100/100
|switch|p1b: Kingambit|Kingambit, L50, F|100/100
|switch|p2a: Gholdengo|Gholdengo, L50|100/100
|switch|p2b: Basculegion|Basculegion, L50, M|100/100
|-fieldstart|move: Grassy Terrain|[from] ability: Grassy Surge|[of] p1a: Rillaboom
|turn|1
|inactive|Battle timer is ON: inactive players will automatically lose when time's up. (requested by Nacos)
|inactive|snailboss has 60 seconds left.
|
|t:|1757713384
|switch|p2b: Archaludon|Archaludon, L50, F|100/100
|move|p1a: Rillaboom|Grassy Glide|p2b: Archaludon
|-resisted|p2b: Archaludon
|-damage|p2b: Archaludon|93/100
|-ability|p2b: Archaludon|Stamina|boost
|-boost|p2b: Archaludon|def|1
|move|p2a: Gholdengo|Shadow Ball|p1a: Rillaboom
|-damage|p1a: Rillaboom|54/100
|-damage|p2a: Gholdengo|91/100|[from] item: Life Orb
|move|p1b: Kingambit|Kowtow Cleave|p2a: Gholdengo
|-supereffective|p2a: Gholdengo
|-damage|p2a: Gholdengo|0 fnt
|faint|p2a: Gholdengo
|
|-heal|p1a: Rillaboom|60/100|[from] Grassy Terrain
|-heal|p2b: Archaludon|99/100|[from] Grassy Terrain
|upkeep
|
|t:|1757713391
|switch|p2a: Basculegion|Basculegion, L50, M|100/100
|turn|2
|inactive|snailboss has 30 seconds left.
|inactive|snailboss has 20 seconds left.
|inactive|snailboss has 15 seconds left.
|
|t:|1757713431
|switch|p2a: Pelipper|Pelipper, L50, M|100/100
|-weather|RainDance|[from] ability: Drizzle|[of] p2a: Pelipper
|switch|p1b: Ninetales|Ninetales-Alola, L50, M|100/100
|-weather|Snowscape|[from] ability: Snow Warning|[of] p1b: Ninetales
|move|p1a: Rillaboom|Grassy Glide|p2a: Pelipper
|-damage|p2a: Pelipper|52/100
|move|p2b: Archaludon|Electro Shot||[still]
|-prepare|p2b: Archaludon|Electro Shot
|-boost|p2b: Archaludon|spa|1
|
|-weather|Snowscape|[upkeep]
|-heal|p1a: Rillaboom|66/100|[from] Grassy Terrain
|-heal|p2b: Archaludon|100/100|[from] Grassy Terrain
|upkeep
|turn|3
|inactive|snailboss has 30 seconds left.
|
|t:|1757713458
|switch|p2a: Basculegion|Basculegion, L50, M|100/100
|move|p1b: Ninetales|Disable|p2b: Archaludon
|-start|p2b: Archaludon|Disable|Electro Shot
|move|p1a: Rillaboom|Wood Hammer|p2a: Basculegion
|-supereffective|p2a: Basculegion
|-damage|p2a: Basculegion|0 fnt
|faint|p2a: Basculegion
|-damage|p1a: Rillaboom|34/100|[from] Recoil
|cant|p2b: Archaludon|Disable|Electro Shot
|
|-weather|Snowscape|[upkeep]
|-heal|p1a: Rillaboom|40/100|[from] Grassy Terrain
|upkeep
|
|t:|1757713461
|switch|p2a: Pelipper|Pelipper, L50, M|52/100
|-weather|RainDance|[from] ability: Drizzle|[of] p2a: Pelipper
|turn|4
|inactive|snailboss has 30 seconds left.
|inactive|Nacos has 30 seconds left.
|inactive|snailboss has 20 seconds left.
|
|t:|1757713509
|move|p1b: Ninetales|Protect|p1b: Ninetales
|-singleturn|p1b: Ninetales|Protect
|move|p2a: Pelipper|Protect|p2a: Pelipper
|-singleturn|p2a: Pelipper|Protect
|move|p1a: Rillaboom|Wood Hammer|p2a: Pelipper
|-activate|p2a: Pelipper|move: Protect
|move|p2b: Archaludon|Body Press|p1b: Ninetales
|-activate|p1b: Ninetales|move: Protect
|
|-weather|RainDance|[upkeep]
|-heal|p1a: Rillaboom|46/100|[from] Grassy Terrain
|upkeep
|turn|5
|
|t:|1757713524
|-terastallize|p1b: Ninetales|Ghost
|-terastallize|p2a: Pelipper|Steel
|move|p1b: Ninetales|Encore|p2b: Archaludon
|-start|p2b: Archaludon|Encore
|move|p2a: Pelipper|Tailwind|p2a: Pelipper
|-sidestart|p2: Nacos|move: Tailwind
|move|p2b: Archaludon|Body Press|p1b: Ninetales
|-immune|p1b: Ninetales
|move|p1a: Rillaboom|Wood Hammer|p2a: Pelipper
|-resisted|p2a: Pelipper
|-damage|p2a: Pelipper|0 fnt
|faint|p2a: Pelipper
|-damage|p1a: Rillaboom|35/100|[from] Recoil
|
|-weather|RainDance|[upkeep]
|-heal|p1a: Rillaboom|41/100|[from] Grassy Terrain
|-fieldend|move: Grassy Terrain
|upkeep
|turn|6
|-message|Nacos forfeited.
|
|win|snailboss
||Nacos is ready for game 3.
||snailboss is ready for game 3.
|uhtml|next|Next: Game 3 of 3
|l|☆Nacos
|player|p2|
