|j|☆Schmixed_007
|j|☆liamj vgc!
|html|Schmixed_007liamj vgc!    
|uhtml|bestof|Game 3 of a best-of-3
|t:|1782715903
|gametype|doubles
|player|p1|Schmixed_007|101|1308
|player|p2|liamj vgc!|leon-tower|1306
|gen|9
|tier|[Gen 9 Champions] VGC 2026 Reg M-B (Bo3)
|rated|
|rule|Species Clause: Limit one of each Pokémon
|rule|Item Clause: Limit 1 of each item
|clearpoke
|poke|p1|Gengar, L50, M|
|poke|p1|Garchomp, L50, F|
|poke|p1|Ninetales-Alola, L50, F|
|poke|p1|Staraptor, L50, M|
|poke|p1|Rotom-Wash, L50|
|poke|p1|Whimsicott, L50, M|
|poke|p2|Gengar, L50, M, shiny|
|poke|p2|Incineroar, L50, M, shiny|
|poke|p2|Sinistcha, L50|
|poke|p2|Politoed, L50, M|
|poke|p2|Staraptor, L50, F|
|poke|p2|Archaludon, L50, M, shiny|
|teampreview|4
|showteam|p1|Gengar||Gengarite|CursedBody|ShadowBall,SludgeBomb,Disable,Protect|Timid||M|||50|]Garchomp||LifeOrb|RoughSkin|Earthquake,RockSlide,DragonClaw,Protect|Jolly||F|||50|]Ninetales-Alola||FocusSash|SnowWarning|Blizzard,FreezeDry,Encore,Protect|Timid||F|||50|]Staraptor||Staraptite|Intimidate|CloseCombat,DualWingbeat,Roost,Protect|Jolly||M|||50|]Rotom-Wash||SitrusBerry|Levitate|HydroPump,Thunderbolt,WillOWisp,Protect|Modest|||||50|]Whimsicott||OccaBerry|Prankster|Tailwind,Moonblast,Tickle,Protect|Bold||M|||50|
|showteam|p2|Gengar||Gengarite|CursedBody|ShadowBall,PerishSong,Disable,Protect|Timid||M|||50|]Incineroar||PasshoBerry|Intimidate|Protect,FakeOut,DarkestLariat,PartingShot|Impish||M|||50|]Sinistcha||ColburBerry|Hospitality|GigaDrain,RagePowder,StrengthSap,Protect|Calm|||||50|]Politoed||SitrusBerry|Drizzle|WeatherBall,PerishSong,Encore,Protect|Bold||M|||50|]Staraptor||Staraptite|Intimidate|CloseCombat,BraveBird,Roost,Protect|Jolly||F|||50|]Archaludon||Leftovers|Stamina|FlashCannon,ElectroShot,DragonPulse,Protect|Modest||M|||50|
|inactive|Battle timer is ON: inactive players will automatically lose when time's up. (requested by liamj vgc!)
|
|t:|1782715924
|teamsize|p1|4
|teamsize|p2|4
|start
|switch|p1a: Gengar|Gengar, L50, M|100/100
|switch|p1b: Garchomp|Garchomp, L50, F|100/100
|switch|p2a: Archaludon|Archaludon, L50, M, shiny|100/100
|switch|p2b: Politoed|Politoed, L50, M|100/100
|-weather|RainDance|[from] ability: Drizzle|[of] p2b: Politoed
|turn|1
|
|t:|1782715948
|switch|p1a: Rotom|Rotom-Wash, L50|100/100
|move|p1b: Garchomp|Earthquake|p2b: Politoed|[spread] p2a,p2b
|-immune|p1a: Rotom|[from] ability: Levitate
|-supereffective|p2a: Archaludon|1
|-damage|p2a: Archaludon|29/100
|-damage|p2b: Politoed|54/100
|-ability|p2a: Archaludon|Stamina|boost
|-boost|p2a: Archaludon|def|1
|-damage|p1b: Garchomp|90/100|[from] item: Life Orb
|move|p2a: Archaludon|Electro Shot||[still]
|-prepare|p2a: Archaludon|Electro Shot
|-boost|p2a: Archaludon|spa|1
|-anim|p2a: Archaludon|Electro Shot|p1a: Rotom
|-damage|p1a: Rotom|30/100
|-enditem|p1a: Rotom|Sitrus Berry|[eat]
|-heal|p1a: Rotom|55/100|[from] item: Sitrus Berry
|move|p2b: Politoed|Weather Ball|p1b: Garchomp
|-damage|p1b: Garchomp|41/100
|
|-weather|RainDance|[upkeep]
|-heal|p2a: Archaludon|35/100|[from] item: Leftovers
|upkeep
|turn|2
|
|t:|1782715972
|switch|p1a: Ninetales|Ninetales-Alola, L50, F|100/100
|-weather|Snowscape|[from] ability: Snow Warning|[of] p1a: Ninetales
|switch|p2b: Sinistcha|Sinistcha, L50|100/100
|-heal|p2a: Archaludon|59/100|[from] ability: Hospitality|[of] p2b: Sinistcha
|move|p2a: Archaludon|Protect|p2a: Archaludon
|-singleturn|p2a: Archaludon|Protect
|move|p1b: Garchomp|Dragon Claw|p2b: Sinistcha
|-damage|p2b: Sinistcha|53/100
|-damage|p1b: Garchomp|31/100|[from] item: Life Orb
|
|-weather|Snowscape|[upkeep]
|-heal|p2a: Archaludon|65/100|[from] item: Leftovers
|upkeep
|turn|3
|inactive|liamj vgc! has 30 seconds left.
|inactive|Schmixed_007 has 30 seconds left.
|
|t:|1782716007
|move|p2b: Sinistcha|Rage Powder|p2b: Sinistcha
|-singleturn|p2b: Sinistcha|move: Rage Powder
|move|p1a: Ninetales|Encore|p2b: Sinistcha
|-start|p2b: Sinistcha|Encore
|move|p1b: Garchomp|Dragon Claw|p2b: Sinistcha
|-damage|p2b: Sinistcha|9/100
|-damage|p1b: Garchomp|21/100|[from] item: Life Orb
|move|p2a: Archaludon|Dragon Pulse|p1b: Garchomp
|-supereffective|p1b: Garchomp|1
|-damage|p1b: Garchomp|0 fnt
|faint|p1b: Garchomp
|
|-weather|Snowscape|[upkeep]
|-heal|p2a: Archaludon|71/100|[from] item: Leftovers
|upkeep
|
|t:|1782716020
|switch|p1b: Gengar|Gengar, L50, M|100/100
|turn|4
|
|t:|1782716034
|switch|p2b: Politoed|Politoed, L50, M|54/100
|-weather|RainDance|[from] ability: Drizzle|[of] p2b: Politoed
|detailschange|p1b: Gengar|Gengar-Mega, L50, M
|-mega|p1b: Gengar|Gengar|Gengarite
|move|p1b: Gengar|Protect|p1b: Gengar
|-singleturn|p1b: Gengar|Protect
|move|p2a: Archaludon|Protect|p2a: Archaludon
|-singleturn|p2a: Archaludon|Protect
|move|p1a: Ninetales|Blizzard|p2a: Archaludon|[spread] 
|-activate|p2a: Archaludon|move: Protect
|-miss|p1a: Ninetales|p2b: Politoed
|
|-weather|RainDance|[upkeep]
|-heal|p2a: Archaludon|76/100|[from] item: Leftovers
|upkeep
|turn|5
|
|t:|1782716062
|move|p1b: Gengar|Protect||[still]
|-fail|p1b: Gengar
|move|p1a: Ninetales|Encore|p2a: Archaludon
|-start|p2a: Archaludon|Encore
|move|p2a: Archaludon|Protect|p2a: Archaludon
|-singleturn|p2a: Archaludon|Protect
|move|p2b: Politoed|Weather Ball|p1a: Ninetales
|-damage|p1a: Ninetales|44/100
|
|-weather|RainDance|[upkeep]
|-heal|p2a: Archaludon|82/100|[from] item: Leftovers
|upkeep
|turn|6
|
|t:|1782716075
|move|p2a: Archaludon|Protect||[still]
|-fail|p2a: Archaludon
|move|p1b: Gengar|Sludge Bomb|p2b: Politoed
|-damage|p2b: Politoed|8/100
|-status|p2b: Politoed|psn
|-enditem|p2b: Politoed|Sitrus Berry|[eat]
|-heal|p2b: Politoed|33/100 psn|[from] item: Sitrus Berry
|move|p1a: Ninetales|Freeze-Dry|p2b: Politoed
|-supereffective|p2b: Politoed|1
|-damage|p2b: Politoed|0 fnt
|faint|p2b: Politoed
|
|-weather|RainDance|[upkeep]
|-heal|p2a: Archaludon|88/100|[from] item: Leftovers
|upkeep
|
|t:|1782716092
|switch|p2b: Staraptor|Staraptor, L50, F|100/100
|-ability|p2b: Staraptor|Intimidate|boost
|-unboost|p1a: Ninetales|atk|1
|-unboost|p1b: Gengar|atk|1
|turn|7
|
|t:|1782716111
|detailschange|p2b: Staraptor|Staraptor-Mega, L50, F
|-mega|p2b: Staraptor|Staraptor|Staraptite
|move|p1a: Ninetales|Protect|p1a: Ninetales
|-singleturn|p1a: Ninetales|Protect
|move|p2a: Archaludon|Protect|p2a: Archaludon
|-singleturn|p2a: Archaludon|Protect
|move|p1b: Gengar|Sludge Bomb|p2b: Staraptor
|-damage|p2b: Staraptor|51/100
|move|p2b: Staraptor|Close Combat|p1a: Ninetales
|-activate|p1a: Ninetales|move: Protect
|
|-weather|RainDance|[upkeep]
|-heal|p2a: Archaludon|94/100|[from] item: Leftovers
|-end|p2a: Archaludon|Encore
|upkeep
|turn|8
|
|t:|1782716127
|move|p1b: Gengar|Disable|p2b: Staraptor
|-start|p2b: Staraptor|Disable|Close Combat
|move|p1a: Ninetales|Encore|p2a: Archaludon
|-start|p2a: Archaludon|Encore
|move|p2a: Archaludon|Protect|p2a: Archaludon
|-singleturn|p2a: Archaludon|Protect
|cant|p2b: Staraptor|Disable|Close Combat
|
|-weather|none
|-heal|p2a: Archaludon|100/100|[from] item: Leftovers
|upkeep
|turn|9
|
|t:|1782716139
|move|p2b: Staraptor|Protect|p2b: Staraptor
|-singleturn|p2b: Staraptor|Protect
|move|p2a: Archaludon|Protect||[still]
|-fail|p2a: Archaludon
|move|p1b: Gengar|Shadow Ball|p2a: Archaludon
|-damage|p2a: Archaludon|52/100
|-ability|p2a: Archaludon|Stamina|boost
|-boost|p2a: Archaludon|def|1
|move|p1a: Ninetales|Encore|p2b: Staraptor
|-activate|p2b: Staraptor|move: Protect
|
|-heal|p2a: Archaludon|58/100|[from] item: Leftovers
|upkeep
|turn|10
|
|t:|1782716154
|move|p2a: Archaludon|Protect|p2a: Archaludon
|-singleturn|p2a: Archaludon|Protect
|move|p1b: Gengar|Sludge Bomb|p2b: Staraptor
|-damage|p2b: Staraptor|3/100
|move|p1a: Ninetales|Encore|p2b: Staraptor
|-start|p2b: Staraptor|Encore
|move|p2b: Staraptor|Protect||[still]
|-fail|p2b: Staraptor
|
|-heal|p2a: Archaludon|64/100|[from] item: Leftovers
|-end|p2a: Archaludon|Encore
|upkeep
|turn|11
|inactive|liamj vgc! has 30 seconds left.
|
|t:|1782716182
|move|p2b: Staraptor|Protect|p2b: Staraptor
|-singleturn|p2b: Staraptor|Protect
|move|p1b: Gengar|Shadow Ball|p2a: Archaludon
|-damage|p2a: Archaludon|20/100y
|-ability|p2a: Archaludon|Stamina|boost
|-boost|p2a: Archaludon|def|1
|move|p1a: Ninetales|Encore||[still]
|-fail|p1a: Ninetales
|move|p2a: Archaludon|Flash Cannon|p1a: Ninetales
|-supereffective|p1a: Ninetales|2
|-damage|p1a: Ninetales|0 fnt
|faint|p1a: Ninetales
|
|-heal|p2a: Archaludon|26/100|[from] item: Leftovers
|-end|p2b: Staraptor|Disable
|upkeep
|
|t:|1782716193
|switch|p1a: Rotom|Rotom-Wash, L50|55/100
|turn|12
|
|t:|1782716208
|move|p1b: Gengar|Protect|p1b: Gengar
|-singleturn|p1b: Gengar|Protect
|move|p2b: Staraptor|Protect|p2b: Staraptor
|-singleturn|p2b: Staraptor|Protect
|move|p2a: Archaludon|Dragon Pulse|p1b: Gengar
|-activate|p1b: Gengar|move: Protect
|move|p1a: Rotom|Hydro Pump|p2b: Staraptor
|-activate|p2b: Staraptor|move: Protect
|
|-heal|p2a: Archaludon|31/100|[from] item: Leftovers
|-end|p2b: Staraptor|Encore
|upkeep
|turn|13
|inactive|liamj vgc! has 30 seconds left.
|inactive|Schmixed_007 has 30 seconds left.
|inactive|Schmixed_007 has 20 seconds left.
|inactive|Schmixed_007 has 15 seconds left.
|inactive|Schmixed_007 has 10 seconds left.
|inactive|Schmixed_007 has 5 seconds left.
|
|t:|1782716266
|move|p1b: Gengar|Disable|p2a: Archaludon
|-start|p2a: Archaludon|Disable|Dragon Pulse
|move|p2b: Staraptor|Close Combat|p1a: Rotom
|-damage|p1a: Rotom|0 fnt
|-boost|p2b: Staraptor|def|1
|-boost|p2b: Staraptor|spd|1
|faint|p1a: Rotom
|cant|p2a: Archaludon|Disable|Dragon Pulse
|
|-heal|p2a: Archaludon|37/100|[from] item: Leftovers
|upkeep
|turn|14
|
|t:|1782716285
|move|p1b: Gengar|Shadow Ball|p2a: Archaludon
|-damage|p2a: Archaludon|0 fnt
|faint|p2a: Archaludon
|move|p2b: Staraptor|Roost|p2b: Staraptor
|-heal|p2b: Staraptor|53/100
|-singleturn|p2b: Staraptor|move: Roost
|
|upkeep
|
|t:|1782716288
|switch|p2a: Sinistcha|Sinistcha, L50|9/100
|-heal|p2b: Staraptor|78/100|[from] ability: Hospitality|[of] p2a: Sinistcha
|turn|15
|
|t:|1782716303
|move|p2a: Sinistcha|Rage Powder|p2a: Sinistcha
|-singleturn|p2a: Sinistcha|move: Rage Powder
|move|p1b: Gengar|Sludge Bomb|p2a: Sinistcha
|-damage|p2a: Sinistcha|0 fnt
|faint|p2a: Sinistcha
|move|p2b: Staraptor|Roost|p2b: Staraptor
|-heal|p2b: Staraptor|100/100
|-singleturn|p2b: Staraptor|move: Roost
|
|upkeep
|turn|16
|
|t:|1782716310
|move|p1b: Gengar|Sludge Bomb|p2b: Staraptor
|-damage|p2b: Staraptor|65/100
|-status|p2b: Staraptor|psn
|move|p2b: Staraptor|Brave Bird|p1b: Gengar
|-damage|p1b: Gengar|41/100
|-damage|p2b: Staraptor|48/100 psn|[from] Recoil
|
|-damage|p2b: Staraptor|36/100 psn|[from] psn
|upkeep
|turn|17
|
|t:|1782716318
|move|p1b: Gengar|Disable|p2b: Staraptor
|-start|p2b: Staraptor|Disable|Brave Bird
|cant|p2b: Staraptor|Disable|Brave Bird
|
|-damage|p2b: Staraptor|23/100 psn|[from] psn
|upkeep
|turn|18
|
|t:|1782716324
|move|p1b: Gengar|Sludge Bomb|p2b: Staraptor
|-damage|p2b: Staraptor|0 fnt
|faint|p2b: Staraptor
|
|win|Schmixed_007
|raw|Schmixed_007's rating: 1308 → 1328(+20 for winning)
|raw|liamj vgc!'s rating: 1306 → 1286(-20 for losing)
|c|☆Schmixed_007|gg
|c|☆liamj vgc!|ggwp
|l|☆liamj vgc!
|player|p2|
