|j|☆platanoso
|j|☆Fantastick_0
|html|platanosoFantastick_0    
|uhtml|bestof|Game 1 of a best-of-3
|t:|1782333345
|gametype|doubles
|player|p1|platanoso|madame-gen4|1026
|player|p2|Fantastick_0|2|1000
|gen|9
|tier|[Gen 9 Champions] VGC 2026 Reg M-B (Bo3)
|rated|
|rule|Species Clause: Limit one of each Pokémon
|rule|Item Clause: Limit 1 of each item
|clearpoke
|poke|p1|Raichu, L50, F|
|poke|p1|Mawile, L50, M|
|poke|p1|Sinistcha, L50|
|poke|p1|Ceruledge, L50, F|
|poke|p1|Milotic, L50, M|
|poke|p1|Incineroar, L50, F|
|poke|p2|Chandelure, L50, M|
|poke|p2|Whimsicott, L50, F|
|poke|p2|Sneasler, L50, M|
|poke|p2|Rotom-Wash, L50|
|poke|p2|Corviknight, L50, F|
|poke|p2|Garchomp, L50, F|
|teampreview|4
|showteam|p1|Raichu||RaichuniteY|LightningRod|ZapCannon,FocusBlast,FakeOut,Protect|Timid||F|||50|]Mawile||Mawilite|HyperCutter|PlayRough,SuckerPunch,SwordsDance,Protect|Adamant||M|||50|]Sinistcha||KasibBerry|Hospitality|MatchaGotcha,LifeDew,RagePowder,Protect|Relaxed|||||50|]Ceruledge||ColburBerry|FlashFire|BitterBlade,ShadowSneak,BulkUp,Protect|Adamant||F|||50|]Milotic||Leftovers|Competitive|MuddyWater,Coil,Hypnosis,Protect|Calm||M|||50|]Incineroar||SitrusBerry|Intimidate|FlareBlitz,ThroatChop,FakeOut,PartingShot|Impish||F|||50|
|showteam|p2|Chandelure||Chandelurite|FlashFire|HeatWave,FireBlast,ShadowBall,Protect|Modest||M|||50|]Whimsicott||FocusSash|Prankster|Moonblast,Tailwind,Encore,SunnyDay|Timid||F|||50|]Sneasler||WhiteHerb|Unburden|CloseCombat,DireClaw,RockSlide,FakeOut|Jolly||M|||50|]Rotom-Wash||SitrusBerry|Levitate|HydroPump,Thunderbolt,WillOWisp,Protect|Modest|||||50|]Corviknight||Leftovers|MirrorArmor|BraveBird,BodyPress,BulkUp,Roost|Impish||F|||50|]Garchomp||HabanBerry|RoughSkin|DragonClaw,StompingTantrum,RockSlide,Protect|Jolly||F|||50|
|inactive|Battle timer is ON: inactive players will automatically lose when time's up. (requested by Fantastick_0)
|inactive|platanoso has 60 seconds left.
|inactive|platanoso has 30 seconds left.
|
|t:|1782333443
|teamsize|p1|4
|teamsize|p2|4
|start
|switch|p1a: Milotic|Milotic, L50, M|100/100
|switch|p1b: Incineroar|Incineroar, L50, F|100/100
|switch|p2a: Chandelure|Chandelure, L50, M|100/100
|switch|p2b: Whimsicott|Whimsicott, L50, F|100/100
|-ability|p1b: Incineroar|Intimidate|boost
|-unboost|p2a: Chandelure|atk|1
|-unboost|p2b: Whimsicott|atk|1
|turn|1
|inactive|platanoso has 30 seconds left.
|inactive|platanoso has 20 seconds left.
|
|t:|1782333478
|switch|p1b: Raichu|Raichu, L50, F|100/100
|move|p2a: Chandelure|Protect|p2a: Chandelure
|-singleturn|p2a: Chandelure|Protect
|move|p2b: Whimsicott|Sunny Day|p2b: Whimsicott
|-weather|SunnyDay
|move|p1a: Milotic|Coil|p1a: Milotic
|-boost|p1a: Milotic|atk|1
|-boost|p1a: Milotic|def|1
|-boost|p1a: Milotic|accuracy|1
|
|-weather|SunnyDay|[upkeep]
|upkeep
|turn|2
|inactive|Fantastick_0 has 30 seconds left.
|
|t:|1782333504
|switch|p1b: Incineroar|Incineroar, L50, F|100/100
|-ability|p1b: Incineroar|Intimidate|boost
|-unboost|p2a: Chandelure|atk|1
|-unboost|p2b: Whimsicott|atk|1
|detailschange|p2a: Chandelure|Chandelure-Mega, L50, M
|-mega|p2a: Chandelure|Chandelure|Chandelurite
|move|p1a: Milotic|Protect|p1a: Milotic
|-singleturn|p1a: Milotic|Protect
|move|p2b: Whimsicott|Tailwind|p2b: Whimsicott
|-sidestart|p2: Fantastick_0|move: Tailwind
|move|p2a: Chandelure|Heat Wave|p1a: Milotic|[spread] p1b
|-activate|p1a: Milotic|move: Protect
|-resisted|p1b: Incineroar|1
|-damage|p1b: Incineroar|66/100
|
|-weather|SunnyDay|[upkeep]
|upkeep
|turn|3
|inactive|Fantastick_0 has 30 seconds left.
|
|t:|1782333532
|switch|p2a: Sneasler|Sneasler, L50, M|100/100
|move|p1b: Incineroar|Fake Out|p2b: Whimsicott
|-damage|p2b: Whimsicott|86/100
|cant|p2b: Whimsicott|flinch
|move|p1a: Milotic|Hypnosis|p2a: Sneasler
|-status|p2a: Sneasler|slp|[from] move: Hypnosis
|
|-weather|SunnyDay|[upkeep]
|upkeep
|turn|4
|
|t:|1782333555
|switch|p2b: Corviknight|Corviknight, L50, F|100/100
|cant|p2a: Sneasler|slp
|move|p1a: Milotic|Coil|p1a: Milotic
|-boost|p1a: Milotic|atk|1
|-boost|p1a: Milotic|def|1
|-boost|p1a: Milotic|accuracy|1
|move|p1b: Incineroar|Flare Blitz|p2b: Corviknight
|-supereffective|p2b: Corviknight|1
|-damage|p2b: Corviknight|5/100
|-damage|p1b: Incineroar|35/100|[from] Recoil
|-enditem|p1b: Incineroar|Sitrus Berry|[eat]
|-heal|p1b: Incineroar|59/100|[from] item: Sitrus Berry
|
|-weather|SunnyDay|[upkeep]
|-heal|p2b: Corviknight|11/100|[from] item: Leftovers
|upkeep
|turn|5
|inactive|Fantastick_0 has 30 seconds left.
|inactive|Fantastick_0 has 20 seconds left.
|
|t:|1782333595
|switch|p1b: Ceruledge|Ceruledge, L50, F|100/100
|cant|p2a: Sneasler|slp
|move|p2b: Corviknight|Body Press|p1b: Ceruledge
|-immune|p1b: Ceruledge
|move|p1a: Milotic|Hypnosis|p2b: Corviknight
|-status|p2b: Corviknight|slp|[from] move: Hypnosis
|
|-weather|none
|-heal|p2b: Corviknight|17/100 slp|[from] item: Leftovers
|-sideend|p2: Fantastick_0|move: Tailwind
|upkeep
|turn|6
|
|t:|1782333619
|switch|p2b: Whimsicott|Whimsicott, L50, F|86/100
|-curestatus|p2a: Sneasler|slp|[msg]
|move|p2a: Sneasler|Rock Slide|p1a: Milotic|[spread] p1a,p1b
|-supereffective|p1b: Ceruledge|1
|-damage|p1a: Milotic|91/100
|-damage|p1b: Ceruledge|54/100
|move|p1b: Ceruledge|Bulk Up|p1b: Ceruledge
|-boost|p1b: Ceruledge|atk|1
|-boost|p1b: Ceruledge|def|1
|move|p1a: Milotic|Hypnosis|p2a: Sneasler
|-status|p2a: Sneasler|slp|[from] move: Hypnosis
|
|-heal|p1a: Milotic|97/100|[from] item: Leftovers
|upkeep
|turn|7
|
|t:|1782333642
|switch|p1a: Incineroar|Incineroar, L50, F|59/100
|-ability|p1a: Incineroar|Intimidate|boost
|-unboost|p2a: Sneasler|atk|1
|-unboost|p2b: Whimsicott|atk|1
|-enditem|p2a: Sneasler|White Herb
|-clearnegativeboost|p2a: Sneasler|[silent]
|move|p1b: Ceruledge|Protect|p1b: Ceruledge
|-singleturn|p1b: Ceruledge|Protect
|cant|p2a: Sneasler|slp
|move|p2b: Whimsicott|Moonblast|p1a: Incineroar
|-damage|p1a: Incineroar|32/100
|
|upkeep
|turn|8
|
|t:|1782333663
|move|p1a: Incineroar|Fake Out|p2b: Whimsicott
|-damage|p2b: Whimsicott|73/100
|cant|p2b: Whimsicott|flinch
|cant|p2a: Sneasler|slp
|move|p1b: Ceruledge|Bitter Blade|p2b: Whimsicott
|-supereffective|p2b: Whimsicott|1
|-damage|p2b: Whimsicott|0 fnt
|-heal|p1b: Ceruledge|87/100|[from] drain|[of] p2b: Whimsicott
|faint|p2b: Whimsicott
|
|upkeep
|
|t:|1782333677
|switch|p2b: Chandelure|Chandelure-Mega, L50, M|100/100
|turn|9
|inactive|platanoso has 30 seconds left.
|inactive|platanoso has 20 seconds left.
|inactive|platanoso has 15 seconds left.
|
|t:|1782333719
|move|p1b: Ceruledge|Protect|p1b: Ceruledge
|-singleturn|p1b: Ceruledge|Protect
|-curestatus|p2a: Sneasler|slp|[msg]
|move|p2a: Sneasler|Rock Slide|p1a: Incineroar|[spread] p1a
|-activate|p1b: Ceruledge|move: Protect
|-supereffective|p1a: Incineroar|1
|-damage|p1a: Incineroar|2/100
|move|p2b: Chandelure|Shadow Ball|p1b: Ceruledge
|-activate|p1b: Ceruledge|move: Protect
|move|p1a: Incineroar|Parting Shot|p2b: Chandelure
|-unboost|p2b: Chandelure|atk|1
|-unboost|p2b: Chandelure|spa|1
|
|t:|1782333733
|switch|p1a: Raichu|Raichu, L50, F|100/100|[from] Parting Shot
|
|upkeep
|turn|10
|
|t:|1782333746
|detailschange|p1a: Raichu|Raichu-Mega-Y, L50, F
|-mega|p1a: Raichu|Raichu|Raichunite Y
|move|p1b: Ceruledge|Shadow Sneak|p2b: Chandelure
|-supereffective|p2b: Chandelure|1
|-damage|p2b: Chandelure|26/100
|move|p2a: Sneasler|Rock Slide|p1b: Ceruledge|[spread] p1a
|-miss|p2a: Sneasler|p1b: Ceruledge
|-damage|p1a: Raichu|73/100
|move|p1a: Raichu|Zap Cannon|p2b: Chandelure
|-damage|p2b: Chandelure|0 fnt
|faint|p2b: Chandelure
|
|upkeep
|
|t:|1782333759
|switch|p2b: Corviknight|Corviknight, L50, F|17/100 slp
|turn|11
|
|t:|1782333770
|switch|p1a: Incineroar|Incineroar, L50, F|2/100
|-ability|p1a: Incineroar|Intimidate|boost
|-unboost|p2a: Sneasler|atk|1
|-ability|p2b: Corviknight|Mirror Armor
|-unboost|p1a: Incineroar|atk|1
|move|p1b: Ceruledge|Shadow Sneak|p2b: Corviknight
|-damage|p2b: Corviknight|0 fnt
|faint|p2b: Corviknight
|move|p2a: Sneasler|Rock Slide|p1a: Incineroar|[spread] p1a,p1b
|-supereffective|p1a: Incineroar|1
|-supereffective|p1b: Ceruledge|1
|-damage|p1a: Incineroar|0 fnt
|-damage|p1b: Ceruledge|69/100
|faint|p1a: Incineroar
|
|upkeep
|
|t:|1782333782
|switch|p1a: Raichu|Raichu-Mega-Y, L50, F|73/100
|turn|12
|
|t:|1782333789
|move|p1a: Raichu|Fake Out|p2a: Sneasler
|-damage|p2a: Sneasler|84/100
|cant|p2a: Sneasler|flinch
|move|p1b: Ceruledge|Bitter Blade|p2a: Sneasler
|-damage|p2a: Sneasler|0 fnt
|-heal|p1b: Ceruledge|100/100|[from] drain|[of] p2a: Sneasler
|faint|p2a: Sneasler
|
|win|platanoso
||platanoso is ready for game 2.
|inactive|Fantastick_0 has 30 seconds to confirm battle start!
|l|☆Fantastick_0
|player|p2|
|inactive|Fantastick_0 has 20 seconds to confirm battle start!
|inactive|Fantastick_0 has 10 seconds to confirm battle start!
|uhtml|next|Next: Game 2 of 3
