|j|☆ultraclaw1
|j|☆new mental
|html|ultraclaw1new mental    
|uhtml|bestof|Game 1 of a best-of-3
|t:|1786105120
|gametype|doubles
|player|p1|ultraclaw1|brycenman|1398
|player|p2|new mental|volkner|1270
|gen|9
|tier|[Gen 9 Champions] VGC 2026 Reg M-B (Bo3)
|rated|
|rule|Species Clause: Limit one of each Pokémon
|rule|Item Clause: Limit 1 of each item
|clearpoke
|poke|p1|Maushold, L50|
|poke|p1|Kingambit, L50, F|
|poke|p1|Garchomp, L50, M|
|poke|p1|Basculegion, L50, M|
|poke|p1|Talonflame, L50, M|
|poke|p1|Floette-Eternal, L50, F|
|poke|p2|Charizard, L50, F|
|poke|p2|Garchomp, L50, M|
|poke|p2|Incineroar, L50, M|
|poke|p2|Venusaur, L50, F|
|poke|p2|Toxapex, L50, M|
|poke|p2|Sylveon, L50, M|
|teampreview|4
|showteam|p1|Maushold||FocusSash|FriendGuard|SuperFang,Taunt,FollowMe,Protect|Timid|||||50|]Kingambit||ChopleBerry|Defiant|KowtowCleave,SuckerPunch,LowKick,IronHead|Adamant||F|||50|]Garchomp||LifeOrb|RoughSkin|RockSlide,Earthquake,DragonClaw,Protect|Jolly||M|||50|]Basculegion||MysticWater|Adaptability|WaveCrash,LastRespects,AquaJet,Protect|Adamant||M|||50|]Talonflame||SharpBeak|GaleWings|QuickGuard,DualWingbeat,Tailwind,Protect|Jolly||M|||50|]Floette-Eternal||Floettite|FlowerVeil|LightofRuin,Protect,Moonblast,DazzlingGleam|Modest||F|||50|
|showteam|p2|Charizard||CharizarditeY|Blaze|WeatherBall,HeatWave,AncientPower,Protect|Modest||F|||50|]Garchomp||ChoiceScarf|RoughSkin|RockSlide,DragonClaw,Earthquake,StompingTantrum|Adamant||M|||50|]Incineroar||SitrusBerry|Intimidate|FlareBlitz,FakeOut,DarkestLariat,PartingShot|Impish||M|||50|]Venusaur||LifeOrb|Chlorophyll|SludgeBomb,LeafStorm,EarthPower,Protect|Modest||F|||50|]Toxapex||Leftovers|Regenerator|Infestation,Toxic,WideGuard,BanefulBunker|Bold||M|||50|]Sylveon||FairyFeather|Pixilate|HyperVoice,QuickAttack,Yawn,Detect|Modest||M|||50|
|inactive|Battle timer is ON: inactive players will automatically lose when time's up. (requested by ultraclaw1)
|
|t:|1786105151
|teamsize|p1|4
|teamsize|p2|4
|start
|switch|p1a: Floette|Floette-Eternal, L50, F|100/100
|switch|p1b: Garchomp|Garchomp, L50, M|100/100
|switch|p2a: Charizard|Charizard, L50, F|100/100
|switch|p2b: Toxapex|Toxapex, L50, M|100/100
|turn|1
|
|t:|1786105158
|detailschange|p2a: Charizard|Charizard-Mega-Y, L50, F
|-mega|p2a: Charizard|Charizard|Charizardite Y
|-weather|SunnyDay|[from] ability: Drought|[of] p2a: Charizard
|move|p1b: Garchomp|Protect|p1b: Garchomp
|-singleturn|p1b: Garchomp|Protect
|move|p1a: Floette|Protect|p1a: Floette
|-singleturn|p1a: Floette|Protect
|move|p2b: Toxapex|Wide Guard|p2b: Toxapex
|-singleturn|p2b: Toxapex|Wide Guard
|move|p2a: Charizard|Heat Wave|p1a: Floette|[spread] 
|-activate|p1a: Floette|move: Protect
|-activate|p1b: Garchomp|move: Protect
|
|-weather|SunnyDay|[upkeep]
|upkeep
|turn|2
|
|t:|1786105185
|detailschange|p1a: Floette|Floette-Mega, L50, F
|-mega|p1a: Floette|Floette|Floettite
|-ability|p1a: Floette|Fairy Aura
|move|p2a: Charizard|Protect|p2a: Charizard
|-singleturn|p2a: Charizard|Protect
|move|p1b: Garchomp|Dragon Claw|p2a: Charizard
|-activate|p2a: Charizard|move: Protect
|move|p1a: Floette|Moonblast|p2a: Charizard
|-activate|p2a: Charizard|move: Protect
|move|p2b: Toxapex|Toxic|p1a: Floette
|-status|p1a: Floette|tox
|
|-weather|SunnyDay|[upkeep]
|-damage|p1a: Floette|94/100 tox|[from] psn
|upkeep
|turn|3
|
|t:|1786105195
|switch|p2a: Sylveon|Sylveon, L50, M|100/100
|move|p1b: Garchomp|Dragon Claw|p2b: Toxapex
|-damage|p2b: Toxapex|66/100
|-damage|p1b: Garchomp|90/100|[from] item: Life Orb
|move|p1a: Floette|Moonblast|p2a: Sylveon
|-damage|p2a: Sylveon|37/100
|move|p2b: Toxapex|Toxic|p1b: Garchomp
|-status|p1b: Garchomp|tox
|
|-weather|SunnyDay|[upkeep]
|-heal|p2b: Toxapex|72/100|[from] item: Leftovers
|-damage|p1b: Garchomp|84/100 tox|[from] psn
|-damage|p1a: Floette|82/100 tox|[from] psn
|upkeep
|turn|4
|
|t:|1786105204
|move|p1a: Floette|Protect|p1a: Floette
|-singleturn|p1a: Floette|Protect
|move|p2b: Toxapex|Wide Guard|p2b: Toxapex
|-singleturn|p2b: Toxapex|Wide Guard
|move|p1b: Garchomp|Earthquake|p2a: Sylveon|[spread] 
|-activate|p2a: Sylveon|move: Wide Guard
|-activate|p2b: Toxapex|move: Wide Guard
|-activate|p1a: Floette|move: Protect
|move|p2a: Sylveon|Hyper Voice|p1b: Garchomp|[spread] p1b
|-activate|p1a: Floette|move: Protect
|-supereffective|p1b: Garchomp|1
|-damage|p1b: Garchomp|0 fnt
|faint|p1b: Garchomp
|
|-weather|SunnyDay|[upkeep]
|-heal|p2b: Toxapex|78/100|[from] item: Leftovers
|-damage|p1a: Floette|65/100 tox|[from] psn
|upkeep
|
|t:|1786105212
|switch|p1b: Basculegion|Basculegion, L50, M|100/100
|turn|5
|
|t:|1786105218
|move|p1a: Floette|Moonblast|p2a: Sylveon
|-damage|p2a: Sylveon|0 fnt
|faint|p2a: Sylveon
|move|p1b: Basculegion|Last Respects|p2b: Toxapex
|-damage|p2b: Toxapex|36/100
|move|p2b: Toxapex|Toxic|p1b: Basculegion
|-status|p1b: Basculegion|tox
|
|-weather|none
|-heal|p2b: Toxapex|42/100|[from] item: Leftovers
|-damage|p1a: Floette|41/100 tox|[from] psn
|-damage|p1b: Basculegion|93/100 tox|[from] psn
|upkeep
|
|t:|1786105229
|switch|p2a: Venusaur|Venusaur, L50, F|100/100
|turn|6
|
|t:|1786105241
|switch|p1a: Talonflame|Talonflame, L50, M|100/100
|-heal|p2b: Toxapex|75/100|[from] ability: Regenerator|[silent]
|switch|p2b: Charizard|Charizard-Mega-Y, L50, F|100/100
|-weather|SunnyDay|[from] ability: Drought|[of] p2b: Charizard
|move|p1b: Basculegion|Protect|p1b: Basculegion
|-singleturn|p1b: Basculegion|Protect
|move|p2a: Venusaur|Leaf Storm|p1b: Basculegion
|-activate|p1b: Basculegion|move: Protect
|
|-weather|SunnyDay|[upkeep]
|-damage|p1b: Basculegion|81/100 tox|[from] psn
|upkeep
|turn|7
|
|t:|1786105264
|switch|p2b: Toxapex|Toxapex, L50, M|75/100
|move|p1a: Talonflame|Tailwind|p1a: Talonflame
|-sidestart|p1: ultraclaw1|move: Tailwind
|move|p2a: Venusaur|Leaf Storm|p1b: Basculegion
|-supereffective|p1b: Basculegion|1
|-damage|p1b: Basculegion|0 fnt
|-unboost|p2a: Venusaur|spa|2
|faint|p1b: Basculegion
|-damage|p2a: Venusaur|90/100|[from] item: Life Orb
|
|-weather|SunnyDay|[upkeep]
|-heal|p2b: Toxapex|80/100|[from] item: Leftovers
|upkeep
|
|t:|1786105269
|switch|p1b: Floette|Floette-Mega, L50, F|41/100 tox
|-ability|p1b: Floette|Fairy Aura
|turn|8
|
|t:|1786105273
|switch|p2a: Charizard|Charizard-Mega-Y, L50, F|100/100
|move|p1a: Talonflame|Dual Wingbeat|p2a: Charizard|[miss]
|-miss|p1a: Talonflame|p2a: Charizard
|move|p1b: Floette|Moonblast|p2b: Toxapex
|-resisted|p2b: Toxapex|1
|-damage|p2b: Toxapex|52/100
|move|p2b: Toxapex|Toxic|p1a: Talonflame
|-status|p1a: Talonflame|tox
|
|-weather|SunnyDay|[upkeep]
|-heal|p2b: Toxapex|57/100|[from] item: Leftovers
|-damage|p1a: Talonflame|94/100 tox|[from] psn
|-damage|p1b: Floette|36/100 tox|[from] psn
|upkeep
|turn|9
|-message|ultraclaw1 forfeited.
|
|win|new mental
