|j|☆M00ncell
|j|☆Theo The Mighty
|html|M00ncellTheo The Mighty    
|uhtml|bestof|Game 2 of a best-of-3
|t:|1783354476
|gametype|doubles
|player|p1|M00ncell|plasmagrunt|
|player|p2|Theo The Mighty|acetrainer-gen4|
|gen|9
|tier|[Gen 9 Champions] VGC 2026 Reg M-B (Bo3)
|rule|Species Clause: Limit one of each Pokémon
|rule|Item Clause: Limit 1 of each item
|clearpoke
|poke|p1|Staraptor, L50, M|
|poke|p1|Whimsicott, L50, F|
|poke|p1|Garchomp, L50, M|
|poke|p1|Basculegion, L50, M|
|poke|p1|Incineroar, L50, M|
|poke|p1|Charizard, L50, M|
|poke|p2|Decidueye-Hisui, L50, M|
|poke|p2|Dragonite, L50, M|
|poke|p2|Zoroark-Hisui, L50, M|
|poke|p2|Excadrill, L50, M|
|poke|p2|Lycanroc-Dusk, L50, F|
|poke|p2|Incineroar, L50, F|
|teampreview|4
|showteam|p1|Staraptor||Staraptite|Intimidate|CloseCombat,BraveBird,Protect,Roost|Jolly||M|||50|]Whimsicott||FocusSash|Prankster|Moonblast,Tailwind,Encore,Protect|Timid||F|||50|]Garchomp||LifeOrb|RoughSkin|DragonClaw,Protect,Earthquake,RockSlide|Jolly||M|||50|]Basculegion||ChoiceScarf|Adaptability|LastRespects,AquaJet,WaveCrash,FlipTurn|Adamant||M|||50|]Incineroar||SitrusBerry|Intimidate|FakeOut,PartingShot,FlareBlitz,ThroatChop|Careful||M|||50|]Charizard||CharizarditeY|Blaze|Protect,HeatWave,SolarBeam,WeatherBall|Modest||M|||50|
|showteam|p2|Decidueye-Hisui||FocusSash|Scrappy|TripleArrows,LeafBlade,Tailwind,Protect|Adamant||M|||50|]Dragonite||Dragoninite|Multiscale|AirCutter,Thunderbolt,IceBeam,Protect|Timid||M|||50|]Zoroark-Hisui||LifeOrb|Illusion|ShadowBall,IcyWind,Taunt,Protect|Timid||M|||50|]Excadrill||Excadrite|MoldBreaker|IronHead,HighHorsepower,RockSlide,Protect|Adamant||M|||50|]Lycanroc-Dusk||MuscleBand|ToughClaws|Accelerock,SuckerPunch,PsychicFangs,Protect|Jolly||F|||50|]Incineroar||SitrusBerry|Intimidate|DarkestLariat,FakeOut,FlareBlitz,PartingShot|Adamant||F|||50|
|
|t:|1783354526
|teamsize|p1|4
|teamsize|p2|4
|start
|switch|p1a: Incineroar|Incineroar, L50, M|100/100
|switch|p1b: Whimsicott|Whimsicott, L50, F|100/100
|switch|p2a: Dragonite|Dragonite, L50, M|100/100
|switch|p2b: Decidueye|Decidueye-Hisui, L50, M|100/100
|-ability|p1a: Incineroar|Intimidate|boost
|-unboost|p2a: Dragonite|atk|1
|-fail|p2b: Decidueye|unboost|Attack|[from] ability: Scrappy|[of] p2b: Decidueye
|turn|1
|
|t:|1783354563
|move|p2b: Decidueye|Protect|p2b: Decidueye
|-singleturn|p2b: Decidueye|Protect
|move|p1a: Incineroar|Fake Out|p2a: Dragonite
|-immune|p2a: Dragonite
|move|p1b: Whimsicott|Moonblast|p2b: Decidueye
|-activate|p2b: Decidueye|move: Protect
|move|p2a: Dragonite|Icy Wind|p1b: Whimsicott|[spread] p1a,p1b
|-resisted|p1a: Incineroar|1
|-supereffective|p1b: Whimsicott|1
|-damage|p1a: Incineroar|93/100
|-damage|p1b: Whimsicott|39/100
|-unboost|p1a: Incineroar|spe|1
|-unboost|p1b: Whimsicott|spe|1
|-damage|p2a: Dragonite|90/100|[from] item: Life Orb
|
|upkeep
|turn|2
|
|t:|1783354589
|move|p1b: Whimsicott|Encore|p2b: Decidueye
|-start|p2b: Decidueye|Encore
|move|p2b: Decidueye|Protect||[still]
|-fail|p2b: Decidueye
|move|p2a: Dragonite|Icy Wind|p1b: Whimsicott|[spread] p1a,p1b
|-resisted|p1a: Incineroar|1
|-supereffective|p1b: Whimsicott|1
|-damage|p1a: Incineroar|87/100
|-damage|p1b: Whimsicott|0 fnt
|-unboost|p1a: Incineroar|spe|1
|faint|p1b: Whimsicott
|-damage|p2a: Dragonite|80/100|[from] item: Life Orb
|move|p1a: Incineroar|Throat Chop|p2a: Dragonite
|-supereffective|p2a: Dragonite|1
|-damage|p2a: Dragonite|0 fnt
|replace|p2a: Zoroark|Zoroark-Hisui, L50, M
|-end|p2a: Zoroark|Illusion
|faint|p2a: Zoroark
|
|upkeep
|
|t:|1783354611
|switch|p1b: Staraptor|Staraptor, L50, M|100/100
|switch|p2a: Lycanroc|Lycanroc-Dusk, L50, F|100/100
|-ability|p1b: Staraptor|Intimidate|boost
|-unboost|p2a: Lycanroc|atk|1
|-fail|p2b: Decidueye|unboost|Attack|[from] ability: Scrappy|[of] p2b: Decidueye
|turn|3
|
|t:|1783354629
|switch|p2b: Dragonite|Dragonite, L50, M|100/100
|switch|p1a: Basculegion|Basculegion, L50, M|100/100
|detailschange|p1b: Staraptor|Staraptor-Mega, L50, M
|-mega|p1b: Staraptor|Staraptor|Staraptite
|move|p1b: Staraptor|Close Combat|p2a: Lycanroc
|-supereffective|p2a: Lycanroc|1
|-damage|p2a: Lycanroc|0 fnt
|-boost|p1b: Staraptor|def|1
|-boost|p1b: Staraptor|spd|1
|faint|p2a: Lycanroc
|
|upkeep
|
|t:|1783354643
|switch|p2a: Decidueye|Decidueye-Hisui, L50, M|100/100
|turn|4
|
|t:|1783354673
|detailschange|p2b: Dragonite|Dragonite-Mega, L50, M
|-mega|p2b: Dragonite|Dragonite|Dragoninite
|move|p2b: Dragonite|Protect|p2b: Dragonite
|-singleturn|p2b: Dragonite|Protect
|move|p1a: Basculegion|Last Respects|p2b: Dragonite
|-activate|p2b: Dragonite|move: Protect
|move|p1b: Staraptor|Brave Bird|p2a: Decidueye
|-supereffective|p2a: Decidueye|2
|-enditem|p2a: Decidueye|Focus Sash
|-damage|p2a: Decidueye|1/100
|-damage|p1b: Staraptor|67/100|[from] Recoil
|move|p2a: Decidueye|Tailwind|p2a: Decidueye
|-sidestart|p2: Theo The Mighty|move: Tailwind
|
|upkeep
|turn|5
|
|t:|1783354701
|switch|p1a: Incineroar|Incineroar, L50, M|87/100
|-ability|p1a: Incineroar|Intimidate|boost
|-fail|p2a: Decidueye|unboost|Attack|[from] ability: Scrappy|[of] p2a: Decidueye
|-unboost|p2b: Dragonite|atk|1
|move|p1b: Staraptor|Protect|p1b: Staraptor
|-singleturn|p1b: Staraptor|Protect
|move|p2b: Dragonite|Thunderbolt|p1b: Staraptor
|-activate|p1b: Staraptor|move: Protect
|move|p2a: Decidueye|Leaf Blade|p1a: Incineroar
|-resisted|p1a: Incineroar|1
|-damage|p1a: Incineroar|68/100
|
|upkeep
|turn|6
|
|t:|1783354725
|move|p1a: Incineroar|Fake Out|p2b: Dragonite
|-damage|p2b: Dragonite|95/100
|cant|p2b: Dragonite|flinch
|move|p2a: Decidueye|Triple Arrows|p1a: Incineroar
|-supereffective|p1a: Incineroar|1
|-damage|p1a: Incineroar|0 fnt
|faint|p1a: Incineroar
|move|p1b: Staraptor|Close Combat|p2a: Decidueye
|-damage|p2a: Decidueye|0 fnt
|-boost|p1b: Staraptor|def|1
|-boost|p1b: Staraptor|spd|1
|faint|p2a: Decidueye
|
|upkeep
|
|t:|1783354738
|switch|p1a: Basculegion|Basculegion, L50, M|100/100
|turn|7
|
|t:|1783354753
|move|p2b: Dragonite|Thunderbolt|p1b: Staraptor
|-supereffective|p1b: Staraptor|1
|-damage|p1b: Staraptor|25/100
|move|p1a: Basculegion|Last Respects|p2b: Dragonite
|-damage|p2b: Dragonite|0 fnt
|faint|p2b: Dragonite
|
|win|M00ncell
||M00ncell is ready for game 3.
|inactive|Theo The Mighty has 30 seconds to confirm battle start!
|inactive|Theo The Mighty has 20 seconds to confirm battle start!
||Theo The Mighty is ready for game 3.
|uhtml|next|Next: Game 3 of 3
