|j|☆bosilek
|j|☆Bad rain team guy
|html|bosilekBad rain team guy    
|uhtml|bestof|Game 2 of a best-of-3
|t:|1756181037
|gametype|doubles
|player|p1|bosilek|hilbert-wonderlauncher|1087
|player|p2|Bad rain team guy|elesa|1030
|gen|9
|tier|[Gen 9] VGC 2025 Reg H (Bo3)
|rated|
|rule|Species Clause: Limit one of each Pokémon
|rule|Item Clause: Limit 1 of each item
|clearpoke
|poke|p1|Garchomp, L50, F|
|poke|p1|Incineroar, L50, M|
|poke|p1|Dragonite, L50, F|
|poke|p1|Farigiraf, L50, F|
|poke|p1|Sneasler, L50, M|
|poke|p1|Ninetales-Alola, L50, F|
|poke|p2|Ursaluna, L50, F|
|poke|p2|Torkoal, L50, M|
|poke|p2|Indeedee-F, L50, F|
|poke|p2|Hatterene, L50, F|
|poke|p2|Gallade, L50, M|
|poke|p2|Lilligant-Hisui, L50, F|
|teampreview|4
|showteam|p1|Garchomp||LifeOrb|RoughSkin|Protect,Earthquake,DragonClaw,StompingTantrum|||F|||50|,,,,,Ground]Incineroar||SafetyGoggles|Intimidate|FakeOut,PartingShot,KnockOff,FlareBlitz|||M|||50|,,,,,Ghost]Dragonite||LoadedDice|Multiscale|Protect,Tailwind,ScaleShot,ExtremeSpeed|||F|||50|,,,,,Fairy]Farigiraf||RockyHelmet|ArmorTail|DazzlingGleam,PsychicNoise,HelpingHand,TrickRoom|||F|||50|,,,,,Fairy]Sneasler||FocusSash|Unburden|Protect,CloseCombat,DireClaw,Coaching|||M|||50|,,,,,Flying]Ninetales-Alola||CovertCloak|SnowWarning|Blizzard,Moonblast,AuroraVeil,Encore|||F|||50|,,,,,Ghost
|showteam|p2|Ursaluna||FlameOrb|Guts|Protect,Facade,SwordsDance,HeadlongRush|||F|||50|,,,,,Ghost]Torkoal||ChoiceSpecs|Drought|Eruption,HeatWave,EarthPower,WeatherBall|||M|||50|,,,,,Fire]Indeedee-F||PsychicSeed|PsychicSurge|DazzlingGleam,FollowMe,HelpingHand,TrickRoom|||F|||50|,,,,,Fire]Hatterene||LifeOrb|MagicBounce|ExpandingForce,DazzlingGleam,Protect,TrickRoom|||F|||50|,,,,,Psychic]Gallade||ClearAmulet|Sharpness|PsychoCut,SacredSword,WideGuard,TrickRoom|||M|||50|,,,,,Grass]Lilligant-Hisui||FocusSash|Chlorophyll|SolarBlade,CloseCombat,SleepPowder,AfterYou|||F|||50|,,,,,Ghost
|inactive|Battle timer is ON: inactive players will automatically lose when time's up. (requested by Bad rain team guy)
|inactive|bosilek has 60 seconds left.
|
|t:|1756181071
|teamsize|p1|4
|teamsize|p2|4
|start
|switch|p1a: Incineroar|Incineroar, L50, M|100/100
|switch|p1b: Dragonite|Dragonite, L50, F|100/100
|switch|p2a: Indeedee|Indeedee-F, L50, F|100/100
|switch|p2b: Gallade|Gallade, L50, M|100/100
|-ability|p1a: Incineroar|Intimidate|boost
|-unboost|p2a: Indeedee|atk|1
|-fail|p2b: Gallade|unboost|[from] item: Clear Amulet|[of] p2b: Gallade
|-fieldstart|move: Psychic Terrain|[from] ability: Psychic Surge|[of] p2a: Indeedee
|-enditem|p2a: Indeedee|Psychic Seed
|-boost|p2a: Indeedee|spd|1|[from] item: Psychic Seed
|turn|1
|inactive|Bad rain team guy has 30 seconds left.
|
|t:|1756181106
|switch|p1a: Farigiraf|Farigiraf, L50, F|100/100
|move|p2a: Indeedee|Follow Me|p2a: Indeedee
|-singleturn|p2a: Indeedee|move: Follow Me
|move|p1b: Dragonite|Scale Shot|p2a: Indeedee
|-damage|p2a: Indeedee|85/100
|-damage|p2a: Indeedee|72/100
|-damage|p2a: Indeedee|58/100
|-damage|p2a: Indeedee|45/100
|-hitcount|p2a: Indeedee|4
|-unboost|p1b: Dragonite|def|1
|-boost|p1b: Dragonite|spe|1
|move|p2b: Gallade|Trick Room|p2b: Gallade
|-fieldstart|move: Trick Room|[of] p2b: Gallade
|
|upkeep
|turn|2
|inactive|Bad rain team guy has 30 seconds left.
|inactive|Bad rain team guy has 20 seconds left.
|
|t:|1756181144
|switch|p2a: Ursaluna|Ursaluna, L50, F|100/100
|move|p2b: Gallade|Psycho Cut|p1a: Farigiraf
|-resisted|p1a: Farigiraf
|-damage|p1a: Farigiraf|74/100
|move|p1b: Dragonite|Scale Shot|p2b: Gallade
|-damage|p2b: Gallade|80/100
|-damage|p2b: Gallade|60/100
|-damage|p2b: Gallade|38/100
|-damage|p2b: Gallade|17/100
|-hitcount|p2b: Gallade|4
|-unboost|p1b: Dragonite|def|1
|-boost|p1b: Dragonite|spe|1
|move|p1a: Farigiraf|Trick Room|p1a: Farigiraf
|-fieldend|move: Trick Room
|
|-status|p2a: Ursaluna|brn|[from] item: Flame Orb
|upkeep
|turn|3
|inactive|bosilek has 30 seconds left.
|inactive|Bad rain team guy has 30 seconds left.
|inactive|Bad rain team guy has 20 seconds left.
|inactive|Bad rain team guy has 15 seconds left.
|
|t:|1756181186
|switch|p2b: Indeedee|Indeedee-F, L50, F|45/100
|move|p1b: Dragonite|Scale Shot|p2a: Ursaluna
|-damage|p2a: Ursaluna|90/100 brn
|-damage|p2a: Ursaluna|80/100 brn
|-damage|p2a: Ursaluna|69/100 brn
|-damage|p2a: Ursaluna|59/100 brn
|-hitcount|p2a: Ursaluna|4
|-unboost|p1b: Dragonite|def|1
|-boost|p1b: Dragonite|spe|1
|move|p1a: Farigiraf|Dazzling Gleam|p2b: Indeedee|[spread] p2a,p2b
|-damage|p2a: Ursaluna|46/100 brn
|-damage|p2b: Indeedee|30/100
|move|p2a: Ursaluna|Facade|p1b: Dragonite
|-damage|p1b: Dragonite|0 fnt
|faint|p1b: Dragonite
|
|-damage|p2a: Ursaluna|40/100 brn|[from] brn
|upkeep
|inactive|bosilek has 30 seconds left.
|
|t:|1756181214
|switch|p1b: Sneasler|Sneasler, L50, M|100/100
|turn|4
|
|t:|1756181231
|move|p2a: Ursaluna|Protect|p2a: Ursaluna
|-singleturn|p2a: Ursaluna|Protect
|move|p1b: Sneasler|Close Combat|p2b: Indeedee
|-damage|p2b: Indeedee|0 fnt
|-unboost|p1b: Sneasler|def|1
|-unboost|p1b: Sneasler|spd|1
|faint|p2b: Indeedee
|move|p1a: Farigiraf|Psychic Noise|p2a: Ursaluna
|-activate|p2a: Ursaluna|move: Protect
|
|-damage|p2a: Ursaluna|34/100 brn|[from] brn
|upkeep
|
|t:|1756181248
|switch|p2b: Torkoal|Torkoal, L50, M|100/100
|-weather|SunnyDay|[from] ability: Drought|[of] p2b: Torkoal
|turn|5
|inactive|bosilek has 30 seconds left.
|
|t:|1756181276
|-terastallize|p2a: Ursaluna|Ghost
|move|p1b: Sneasler|Dire Claw|p2a: Ursaluna
|-resisted|p2a: Ursaluna
|-damage|p2a: Ursaluna|19/100 brn
|move|p1a: Farigiraf|Psychic Noise|p2b: Torkoal
|-damage|p2b: Torkoal|52/100
|-start|p2b: Torkoal|move: Heal Block
|move|p2a: Ursaluna|Facade|p1b: Sneasler
|-enditem|p1b: Sneasler|Focus Sash
|-damage|p1b: Sneasler|1/100
|move|p2b: Torkoal|Heat Wave|p1a: Farigiraf|[spread] p1a,p1b
|-damage|p1a: Farigiraf|5/100
|-damage|p1b: Sneasler|0 fnt
|faint|p1b: Sneasler
|
|-weather|SunnyDay|[upkeep]
|-damage|p2a: Ursaluna|13/100 brn|[from] brn
|-fieldend|move: Psychic Terrain
|upkeep
|
|t:|1756181287
|switch|p1b: Incineroar|Incineroar, L50, M|100/100
|-ability|p1b: Incineroar|Intimidate|boost
|-unboost|p2a: Ursaluna|atk|1
|-unboost|p2b: Torkoal|atk|1
|turn|6
|inactive|bosilek has 30 seconds left.
|
|t:|1756181322
|move|p2a: Ursaluna|Protect|p2a: Ursaluna
|-singleturn|p2a: Ursaluna|Protect
|move|p1b: Incineroar|Fake Out|p2b: Torkoal
|-damage|p2b: Torkoal|43/100
|move|p1a: Farigiraf|Psychic Noise|p2a: Ursaluna
|-activate|p2a: Ursaluna|move: Protect
|cant|p2b: Torkoal|flinch
|
|-weather|SunnyDay|[upkeep]
|-damage|p2a: Ursaluna|7/100 brn|[from] brn
|-end|p2b: Torkoal|move: Heal Block
|upkeep
|turn|7
|
|t:|1756181339
|move|p1b: Incineroar|Knock Off|p2b: Torkoal
|-damage|p2b: Torkoal|5/100
|-enditem|p2b: Torkoal|Choice Specs|[from] move: Knock Off|[of] p1b: Incineroar
|move|p1a: Farigiraf|Dazzling Gleam|p2a: Ursaluna|[spread] p2a,p2b
|-crit|p2a: Ursaluna
|-resisted|p2b: Torkoal
|-damage|p2a: Ursaluna|0 fnt
|-damage|p2b: Torkoal|0 fnt
|faint|p2a: Ursaluna
|faint|p2b: Torkoal
|
|-weather|SunnyDay|[upkeep]
|upkeep
|inactive|Bad rain team guy has 30 seconds left.
|
|t:|1756181365
|switch|p2b: Gallade|Gallade, L50, M|17/100
|turn|8
|
|t:|1756181373
|-terastallize|p1b: Incineroar|Ghost
|move|p1b: Incineroar|Knock Off|p2b: Gallade
|-damage|p2b: Gallade|0 fnt
|-enditem|p2b: Gallade|Clear Amulet|[from] move: Knock Off|[of] p1b: Incineroar
|faint|p2b: Gallade
|
|win|bosilek
