|j|☆robby w
|j|☆SnorlaxPikachu1
|html|robby wSnorlaxPikachu1    
|uhtml|bestof|Game 1 of a best-of-3
|t:|1756651595
|gametype|doubles
|player|p1|robby w|pokefan-gen4|1307
|player|p2|SnorlaxPikachu1|palmer|1401
|gen|9
|tier|[Gen 9] VGC 2025 Reg H (Bo3)
|rated|
|rule|Species Clause: Limit one of each Pokémon
|rule|Item Clause: Limit 1 of each item
|clearpoke
|poke|p1|Dondozo, L50, F|
|poke|p1|Tatsugiri, L50, F|
|poke|p1|Sneasler, L50, M|
|poke|p1|Indeedee, L50, M|
|poke|p1|Whimsicott, L50, M|
|poke|p1|Hydreigon, L50, F|
|poke|p2|Kingambit, L50, F|
|poke|p2|Rillaboom, L50, F|
|poke|p2|Ninetales-Alola, L50, F|
|poke|p2|Magmar, L50, M|
|poke|p2|Sneasler, L50, F|
|poke|p2|Basculegion, L50, M|
|teampreview|4
|showteam|p1|Dondozo||Leftovers|Unaware|Protect,WaveCrash,Earthquake,OrderUp|||F|||50|,,,,,Grass]Tatsugiri||ChoiceScarf|Commander|DragonPulse,IcyWind,DracoMeteor,MuddyWater|||F|||50|,,,,,Stellar]Sneasler||PsychicSeed|Unburden|DireClaw,CloseCombat,Protect,ThroatChop|||M|||50|,,,,,Dark]Indeedee||FocusSash|PsychicSurge|DazzlingGleam,HelpingHand,ExpandingForce,Protect|||M|||50|,,,,,Fairy]Whimsicott||CovertCloak|Prankster|Tailwind,Moonblast,Encore,SunnyDay|||M|||50|,,,,,Dark]Hydreigon||ChoiceSpecs|Levitate|HeatWave,Snarl,DarkPulse,DracoMeteor|||F|||50|,,,,,Steel
|showteam|p2|Kingambit||BlackGlasses|Defiant|SuckerPunch,KowtowCleave,SwordsDance,Protect|||F|||50|,,,,,Fire]Rillaboom||AssaultVest|GrassySurge|WoodHammer,GrassyGlide,Uturn,FakeOut|||F|||50|,,,,,Ghost]Ninetales-Alola||LifeOrb|SnowWarning|Blizzard,FreezeDry,Encore,Protect|||F|||50|,,,,,Ice]Magmar||Eviolite|VitalSpirit|HeatWave,WillOWisp,FollowMe,Protect|||M|||50|,,,,,Ghost]Sneasler||FocusSash|PoisonTouch|DireClaw,CloseCombat,FakeOut,Protect|||F|||50|,,,,,Ghost]Basculegion||ChoiceScarf|Adaptability|TeraBlast,LastRespects,WaveCrash,FlipTurn|||M|||50|,,,,,Fighting
|c|☆SnorlaxPikachu1|glhf
|c|☆robby w|gl hf
|
|t:|1756651653
|teamsize|p1|4
|teamsize|p2|4
|start
|switch|p1a: Dondozo|Dondozo, L50, F, shiny|100/100
|switch|p1b: Sneasler|Sneasler, L50, M|100/100
|switch|p2a: Sneasler|Sneasler, L50, F|100/100
|switch|p2b: Ninetales|Ninetales-Alola, L50, F|100/100
|-weather|Snowscape|[from] ability: Snow Warning|[of] p2b: Ninetales
|turn|1
|
|t:|1756651693
|switch|p1a: Indeedee|Indeedee, L50, M|100/100
|-fieldstart|move: Psychic Terrain|[from] ability: Psychic Surge|[of] p1a: Indeedee
|-enditem|p1b: Sneasler|Psychic Seed
|-boost|p1b: Sneasler|spd|1|[from] item: Psychic Seed
|-terastallize|p2b: Ninetales|Ice
|move|p1b: Sneasler|Dire Claw|p2b: Ninetales
|-damage|p2b: Ninetales|52/100
|-status|p2b: Ninetales|psn
|move|p2a: Sneasler|Close Combat|p1b: Sneasler
|-resisted|p1b: Sneasler
|-damage|p1b: Sneasler|51/100
|-unboost|p2a: Sneasler|def|1
|-unboost|p2a: Sneasler|spd|1
|move|p2b: Ninetales|Blizzard|p1b: Sneasler|[spread] p1a,p1b
|-damage|p1a: Indeedee|23/100
|-damage|p1b: Sneasler|0 fnt
|faint|p1b: Sneasler
|-damage|p2b: Ninetales|42/100 psn|[from] item: Life Orb
|
|-weather|Snowscape|[upkeep]
|-damage|p2b: Ninetales|30/100 psn|[from] psn
|upkeep
|
|t:|1756651718
|switch|p1b: Dondozo|Dondozo, L50, F, shiny|100/100
|turn|2
|
|t:|1756651753
|move|p2b: Ninetales|Protect|p2b: Ninetales
|-singleturn|p2b: Ninetales|Protect
|move|p1b: Dondozo|Protect|p1b: Dondozo
|-singleturn|p1b: Dondozo|Protect
|move|p2a: Sneasler|Dire Claw|p1a: Indeedee
|-damage|p1a: Indeedee|0 fnt
|faint|p1a: Indeedee
|
|-weather|Snowscape|[upkeep]
|-damage|p2b: Ninetales|18/100 psn|[from] psn
|upkeep
|
|t:|1756651764
|switch|p1a: Tatsugiri|Tatsugiri, L50, F|100/100
|-activate|p1a: Tatsugiri|ability: Commander|[of] p1b: Dondozo
|-boost|p1b: Dondozo|atk|2
|-boost|p1b: Dondozo|spa|2
|-boost|p1b: Dondozo|spe|2
|-boost|p1b: Dondozo|def|2
|-boost|p1b: Dondozo|spd|2
|turn|3
|
|t:|1756651773
|switch|p2b: Rillaboom|Rillaboom, L50, F|100/100
|-fieldstart|move: Grassy Terrain|[from] ability: Grassy Surge|[of] p2b: Rillaboom
|move|p2a: Sneasler|Dire Claw|p1b: Dondozo
|-damage|p1b: Dondozo|86/100
|-status|p1b: Dondozo|par
|cant|p1b: Dondozo|par
|
|-weather|Snowscape|[upkeep]
|-heal|p1b: Dondozo|92/100 par|[from] Grassy Terrain
|-heal|p1b: Dondozo|98/100 par|[from] item: Leftovers
|upkeep
|turn|4
|
|t:|1756651787
|move|p1b: Dondozo|Protect|p1b: Dondozo
|-singleturn|p1b: Dondozo|Protect
|move|p2a: Sneasler|Dire Claw|p1b: Dondozo
|-activate|p1b: Dondozo|move: Protect
|move|p2b: Rillaboom|Wood Hammer|p1b: Dondozo
|-activate|p1b: Dondozo|move: Protect
|
|-weather|Snowscape|[upkeep]
|-heal|p1b: Dondozo|100/100 par|[from] Grassy Terrain
|upkeep
|turn|5
|
|t:|1756651804
|-terastallize|p1b: Dondozo|Grass
|move|p2a: Sneasler|Dire Claw|p1b: Dondozo
|-supereffective|p1b: Dondozo
|-damage|p1b: Dondozo|71/100 par
|move|p2b: Rillaboom|Wood Hammer|p1b: Dondozo
|-resisted|p1b: Dondozo
|-damage|p1b: Dondozo|58/100 par
|-damage|p2b: Rillaboom|96/100|[from] Recoil
|cant|p1b: Dondozo|par
|
|-weather|none
|-heal|p2b: Rillaboom|100/100|[from] Grassy Terrain
|-heal|p1b: Dondozo|64/100 par|[from] Grassy Terrain
|-heal|p1b: Dondozo|70/100 par|[from] item: Leftovers
|upkeep
|turn|6
|
|t:|1756651818
|move|p1b: Dondozo|Protect|p1b: Dondozo
|-singleturn|p1b: Dondozo|Protect
|move|p2a: Sneasler|Dire Claw|p1b: Dondozo
|-activate|p1b: Dondozo|move: Protect
|move|p2b: Rillaboom|Wood Hammer|p1b: Dondozo
|-activate|p1b: Dondozo|move: Protect
|
|-heal|p1b: Dondozo|77/100 par|[from] Grassy Terrain
|-heal|p1b: Dondozo|83/100 par|[from] item: Leftovers
|upkeep
|turn|7
|
|t:|1756651831
|move|p2a: Sneasler|Dire Claw|p1b: Dondozo
|-supereffective|p1b: Dondozo
|-damage|p1b: Dondozo|54/100 par
|move|p2b: Rillaboom|Wood Hammer|p1b: Dondozo
|-resisted|p1b: Dondozo
|-damage|p1b: Dondozo|41/100 par
|-damage|p2b: Rillaboom|96/100|[from] Recoil
|move|p1b: Dondozo|Order Up|p2a: Sneasler
|-damage|p2a: Sneasler|7/100
|-boost|p1b: Dondozo|atk|1
|
|-heal|p2a: Sneasler|13/100|[from] Grassy Terrain
|-heal|p2b: Rillaboom|100/100|[from] Grassy Terrain
|-heal|p1b: Dondozo|47/100 par|[from] Grassy Terrain
|-heal|p1b: Dondozo|53/100 par|[from] item: Leftovers
|-fieldend|move: Grassy Terrain
|upkeep
|turn|8
|
|t:|1756651847
|move|p2a: Sneasler|Dire Claw|p1b: Dondozo
|-supereffective|p1b: Dondozo
|-damage|p1b: Dondozo|21/100 par
|move|p2b: Rillaboom|Wood Hammer|p1b: Dondozo
|-resisted|p1b: Dondozo
|-damage|p1b: Dondozo|11/100 par
|-damage|p2b: Rillaboom|97/100|[from] Recoil
|cant|p1b: Dondozo|par
|
|-heal|p1b: Dondozo|17/100 par|[from] item: Leftovers
|upkeep
|turn|9
|-message|robby w forfeited.
|
|win|SnorlaxPikachu1
||SnorlaxPikachu1 is ready for game 2.
||robby w is ready for game 2.
|uhtml|next|Next: Game 2 of 3
