|j|☆laufey#1fan
|j|☆bigboyblue3451
|html|laufey#1fanbigboyblue3451    
|uhtml|bestof|Game 2 of a best-of-3
|t:|1757042187
|gametype|doubles
|player|p1|laufey#1fan|265|1330
|player|p2|bigboyblue3451|170|1298
|gen|9
|tier|[Gen 9] VGC 2025 Reg H (Bo3)
|rated|
|rule|Species Clause: Limit one of each Pokémon
|rule|Item Clause: Limit 1 of each item
|clearpoke
|poke|p1|Kingambit, L50, M|
|poke|p1|Ursaluna-Bloodmoon, L50, M|
|poke|p1|Sinistcha, L50|
|poke|p1|Ninetales-Alola, L50, F|
|poke|p1|Sneasler, L50, F|
|poke|p1|Dragonite, L50, M|
|poke|p2|Archaludon, L50, M|
|poke|p2|Pelipper, L50, F|
|poke|p2|Amoonguss, L50, F|
|poke|p2|Basculegion, L50, M|
|poke|p2|Farigiraf, L50, F|
|poke|p2|Pincurchin, L50, F|
|teampreview|4
|showteam|p1|Kingambit||BlackGlasses|Defiant|KowtowCleave,SwordsDance,SuckerPunch,Protect|||M|||50|,,,,,Fire]Ursaluna-Bloodmoon||AssaultVest|MindsEye|BloodMoon,EarthPower,HyperVoice,VacuumWave|||M|||50|,,,,,Water]Sinistcha||SitrusBerry|Hospitality|Protect,MatchaGotcha,TrickRoom,RagePowder||||||50|,,,,,Water]Ninetales-Alola||ChoiceSpecs|SnowWarning|Blizzard,Moonblast,FreezeDry,DazzlingGleam|||F|||50|,,,,,Ghost]Sneasler||FocusSash|Unburden|CloseCombat,DireClaw,Coaching,FakeOut|||F|||50|,,,,,Ghost]Dragonite||LoadedDice|Multiscale|Protect,ScaleShot,StompingTantrum,Haze|||M|||50|,,,,,Steel
|showteam|p2|Archaludon||AssaultVest|Stamina|ElectroShot,Snarl,DracoMeteor,BodyPress|||M|||50|,,,,,Bug]Pelipper||FocusSash|Drizzle|MuddyWater,Hurricane,Tailwind,Protect|||F|||50|,,,,,Stellar]Amoonguss||CovertCloak|Regenerator|Spore,PollenPuff,RagePowder,ClearSmog|||F|||50|,,,,,Psychic]Basculegion||ChoiceBand|SwiftSwim|AquaJet,FlipTurn,WaveCrash,LastRespects|||M|||50|,,,,,Water]Farigiraf||SafetyGoggles|ArmorTail|HyperVoice,Psychic,TrickRoom,Protect|||F|||50|,,,,,Fairy]Pincurchin||SitrusBerry|ElectricSurge|Scald,Electroweb,ToxicSpikes,Protect|||F|||50|,,,,,Flying
|inactive|Battle timer is ON: inactive players will automatically lose when time's up. (requested by laufey#1fan)
|inactive|bigboyblue3451 has 60 seconds left.
|
|t:|1757042238
|teamsize|p1|4
|teamsize|p2|4
|start
|switch|p1a: JOYBOY|Dragonite, L50, M|100/100
|switch|p1b: Sabotage|Sneasler, L50, F|100/100
|switch|p2a: Basculegion|Basculegion, L50, M|100/100
|switch|p2b: Pelipper|Pelipper, L50, F|100/100
|-weather|RainDance|[from] ability: Drizzle|[of] p2b: Pelipper
|turn|1
|
|t:|1757042258
|move|p2a: Basculegion|Flip Turn|p1a: JOYBOY
|-resisted|p1a: JOYBOY
|-damage|p1a: JOYBOY|81/100
|
|t:|1757042261
|switch|p2a: Farigiraf|Farigiraf, L50, F|100/100|[from] Flip Turn
|move|p1b: Sabotage|Dire Claw|p2b: Pelipper
|-damage|p2b: Pelipper|40/100
|move|p1a: JOYBOY|Scale Shot|p2b: Pelipper|[miss]
|-miss|p1a: JOYBOY|p2b: Pelipper
|move|p2b: Pelipper|Tailwind|p2b: Pelipper
|-sidestart|p2: bigboyblue3451|move: Tailwind
|
|-weather|RainDance|[upkeep]
|upkeep
|turn|2
|inactive|laufey#1fan has 30 seconds left.
|
|t:|1757042289
|move|p2b: Pelipper|Muddy Water|p1a: JOYBOY|[spread] p1a,p1b
|-resisted|p1a: JOYBOY
|-damage|p1a: JOYBOY|61/100
|-damage|p1b: Sabotage|36/100
|move|p1b: Sabotage|Coaching|p1a: JOYBOY
|-boost|p1a: JOYBOY|atk|1
|-boost|p1a: JOYBOY|def|1
|move|p2a: Farigiraf|Psychic|p1b: Sabotage
|-supereffective|p1b: Sabotage
|-damage|p1b: Sabotage|0 fnt
|faint|p1b: Sabotage
|move|p1a: JOYBOY|Scale Shot|p2b: Pelipper
|-damage|p2b: Pelipper|9/100
|-damage|p2b: Pelipper|0 fnt
|faint|p2b: Pelipper
|-hitcount|p2: Pelipper|2
|-unboost|p1a: JOYBOY|def|1
|-boost|p1a: JOYBOY|spe|1
|
|-weather|RainDance|[upkeep]
|upkeep
|
|t:|1757042301
|switch|p1b: Laufey|Ninetales-Alola, L50, F, shiny|100/100
|switch|p2b: Archaludon|Archaludon, L50, M|100/100
|-weather|Snowscape|[from] ability: Snow Warning|[of] p1b: Laufey
|turn|3
|
|t:|1757042321
|move|p1a: JOYBOY|Protect|p1a: JOYBOY
|-singleturn|p1a: JOYBOY|Protect
|move|p2b: Archaludon|Draco Meteor|p1a: JOYBOY
|-activate|p1a: JOYBOY|move: Protect
|move|p1b: Laufey|Moonblast|p2a: Farigiraf
|-damage|p2a: Farigiraf|49/100
|move|p2a: Farigiraf|Trick Room|p2a: Farigiraf
|-fieldstart|move: Trick Room|[of] p2a: Farigiraf
|
|-weather|Snowscape|[upkeep]
|upkeep
|turn|4
|inactive|laufey#1fan has 30 seconds left.
|inactive|bigboyblue3451 has 30 seconds left.
|
|t:|1757042355
|switch|p1a: Kingambit|Kingambit, L50, M|100/100
|move|p2a: Farigiraf|Hyper Voice|p1a: Kingambit|[spread] p1a,p1b
|-resisted|p1a: Kingambit
|-damage|p1a: Kingambit|88/100
|-damage|p1b: Laufey|70/100
|move|p1b: Laufey|Moonblast|p2a: Farigiraf
|-damage|p2a: Farigiraf|0 fnt
|faint|p2a: Farigiraf
|move|p2b: Archaludon|Body Press|p1a: Kingambit
|-supereffective|p1a: Kingambit
|-damage|p1a: Kingambit|16/100
|
|-weather|Snowscape|[upkeep]
|-sideend|p2: bigboyblue3451|move: Tailwind
|upkeep
|
|t:|1757042359
|switch|p2a: Basculegion|Basculegion, L50, M|100/100
|turn|5
|inactive|bigboyblue3451 has 30 seconds left.
|inactive|laufey#1fan has 30 seconds left.
|
|t:|1757042393
|move|p2a: Basculegion|Aqua Jet|p1a: Kingambit
|-damage|p1a: Kingambit|0 fnt
|faint|p1a: Kingambit
|move|p2b: Archaludon|Snarl|p1b: Laufey
|-resisted|p1b: Laufey
|-damage|p1b: Laufey|60/100
|-unboost|p1b: Laufey|spa|1
|move|p1b: Laufey|Moonblast|p2a: Basculegion
|-damage|p2a: Basculegion|59/100
|
|-weather|Snowscape|[upkeep]
|upkeep
|
|t:|1757042402
|switch|p1a: JOYBOY|Dragonite, L50, M|61/100
|turn|6
|
|t:|1757042412
|-terastallize|p1a: JOYBOY|Steel
|move|p2a: Basculegion|Aqua Jet|p1b: Laufey
|-damage|p1b: Laufey|29/100
|move|p2b: Archaludon|Snarl|p1a: JOYBOY|[spread] p1a,p1b
|-resisted|p1b: Laufey
|-damage|p1a: JOYBOY|47/100
|-damage|p1b: Laufey|21/100
|-unboost|p1a: JOYBOY|spa|1
|-unboost|p1b: Laufey|spa|1
|move|p1a: JOYBOY|Scale Shot|p2a: Basculegion
|-damage|p2a: Basculegion|39/100
|-damage|p2a: Basculegion|22/100
|-damage|p2a: Basculegion|4/100
|-damage|p2a: Basculegion|0 fnt
|faint|p2a: Basculegion
|-hitcount|p2: Basculegion|4
|-unboost|p1a: JOYBOY|def|1
|-boost|p1a: JOYBOY|spe|1
|move|p1b: Laufey|Moonblast|p2b: Archaludon
|-damage|p2b: Archaludon|80/100
|-ability|p2b: Archaludon|Stamina|boost
|-boost|p2b: Archaludon|def|1
|
|-weather|Snowscape|[upkeep]
|upkeep
|turn|7
|
|t:|1757042434
|move|p2b: Archaludon|Body Press|p1b: Laufey
|-damage|p1b: Laufey|0 fnt
|faint|p1b: Laufey
|move|p1a: JOYBOY|Stomping Tantrum|p2b: Archaludon
|-supereffective|p2b: Archaludon
|-damage|p2b: Archaludon|52/100
|-ability|p2b: Archaludon|Stamina|boost
|-boost|p2b: Archaludon|def|1
|
|-weather|none
|-fieldend|move: Trick Room
|upkeep
|turn|8
|
|t:|1757042440
|move|p1a: JOYBOY|Scale Shot|p2b: Archaludon
|-damage|p2b: Archaludon|47/100
|-ability|p2b: Archaludon|Stamina|boost
|-boost|p2b: Archaludon|def|1
|-damage|p2b: Archaludon|42/100
|-ability|p2b: Archaludon|Stamina|boost
|-boost|p2b: Archaludon|def|1
|-crit|p2b: Archaludon
|-damage|p2b: Archaludon|25/100
|-ability|p2b: Archaludon|Stamina|boost
|-boost|p2b: Archaludon|def|1
|-damage|p2b: Archaludon|22/100
|-ability|p2b: Archaludon|Stamina|boost
|-boost|p2b: Archaludon|def|1
|-hitcount|p2b: Archaludon|4
|-unboost|p1a: JOYBOY|def|1
|-boost|p1a: JOYBOY|spe|1
|move|p2b: Archaludon|Body Press|p1a: JOYBOY
|-supereffective|p1a: JOYBOY
|-damage|p1a: JOYBOY|0 fnt
|faint|p1a: JOYBOY
|
|win|bigboyblue3451
||laufey#1fan is ready for game 3.
|inactive|bigboyblue3451 has 30 seconds to confirm battle start!
|inactive|bigboyblue3451 has 20 seconds to confirm battle start!
||bigboyblue3451 is ready for game 3.
|uhtml|next|Next: Game 3 of 3
|l|☆bigboyblue3451
|player|p2|
