|j|☆Jun RH
|j|☆Chococroc
|html|Jun RHChococroc    
|uhtml|bestof|Game 2 of a best-of-3
|t:|1755895947
|gametype|doubles
|player|p1|Jun RH|burglar|1248
|player|p2|Chococroc|pokemaniac|1154
|gen|9
|tier|[Gen 9] VGC 2025 Reg H (Bo3)
|rated|
|rule|Species Clause: Limit one of each Pokémon
|rule|Item Clause: Limit 1 of each item
|clearpoke
|poke|p1|Gholdengo, L50|
|poke|p1|Incineroar, L50, F|
|poke|p1|Amoonguss, L50, M|
|poke|p1|Dragonite, L50, F|
|poke|p1|Pelipper, L50, F|
|poke|p1|Archaludon, L50, F|
|poke|p2|Porygon2, L50|
|poke|p2|Gholdengo, L50|
|poke|p2|Amoonguss, L50, F|
|poke|p2|Yanmega, L50, M|
|poke|p2|Ursaluna, L50, M|
|poke|p2|Incineroar, L50, M|
|teampreview|4
|showteam|p1|Gholdengo||LifeOrb|GoodasGold|MakeItRain,ShadowBall,NastyPlot,Protect||||||50|,,,,,Water]Incineroar||SafetyGoggles|Intimidate|KnockOff,FlareBlitz,FakeOut,PartingShot|||F|||50|,,,,,Ghost]Amoonguss||RockyHelmet|Regenerator|RagePowder,PollenPuff,Protect,Spore|||M|||50|,,,,,Fairy]Dragonite||LoadedDice|Multiscale|ScaleShot,Tailwind,Protect,Haze|||F|||50|,,,,,Fairy]Pelipper||FocusSash|Drizzle|Hurricane,WeatherBall,WideGuard,Protect|||F|||50|,,,,,Stellar]Archaludon||AssaultVest|Stamina|FlashCannon,DracoMeteor,ElectroShot,BodyPress|||F|||50|,,,,,Grass
|showteam|p2|Porygon2||Eviolite|Download|TeraBlast,Recover,IceBeam,TrickRoom||||||50|,,,,,Ground]Gholdengo||LifeOrb|GoodasGold|MakeItRain,ShadowBall,NastyPlot,Protect||||||50|,,,,,Water]Amoonguss||SitrusBerry|Regenerator|PollenPuff,Spore,RagePowder,Protect|||F|||50|,,,,,Fairy]Yanmega||FocusSash|SpeedBoost|BugBuzz,Tailwind,AirSlash,Detect|||M|||50|,,,,,Ghost]Ursaluna||FlameOrb|Guts|Facade,HeadlongRush,Protect,Earthquake|||M|||50|,,,,,Ghost]Incineroar||SafetyGoggles|Intimidate|FlareBlitz,KnockOff,FakeOut,PartingShot|||M|||50|,,,,,Ghost
|inactive|Battle timer is ON: inactive players will automatically lose when time's up. (requested by Chococroc)
|
|t:|1755896005
|teamsize|p1|4
|teamsize|p2|4
|start
|switch|p1a: Incineroar|Incineroar, L50, F|100/100
|switch|p1b: Dragonite|Dragonite, L50, F|100/100
|switch|p2a: Incineroar|Incineroar, L50, M|100/100
|switch|p2b: Porygon2|Porygon2, L50|100/100
|-ability|p1a: Incineroar|Intimidate|boost
|-unboost|p2a: Incineroar|atk|1
|-unboost|p2b: Porygon2|atk|1
|-ability|p2b: Porygon2|Download|boost
|-boost|p2b: Porygon2|atk|1
|-ability|p2a: Incineroar|Intimidate|boost
|-unboost|p1a: Incineroar|atk|1
|-unboost|p1b: Dragonite|atk|1
|turn|1
|inactive|Jun RH has 30 seconds left.
|
|t:|1755896035
|switch|p1b: Pelipper|Pelipper, L50, F|100/100
|-weather|RainDance|[from] ability: Drizzle|[of] p1b: Pelipper
|move|p2a: Incineroar|Fake Out|p1b: Pelipper
|-damage|p1b: Pelipper|91/100
|move|p1a: Incineroar|Knock Off|p2b: Porygon2
|-damage|p2b: Porygon2|84/100
|-enditem|p2b: Porygon2|Eviolite|[from] move: Knock Off|[of] p1a: Incineroar
|move|p2b: Porygon2|Trick Room|p2b: Porygon2
|-fieldstart|move: Trick Room|[of] p2b: Porygon2
|
|-weather|RainDance|[upkeep]
|upkeep
|turn|2
|inactive|Jun RH has 30 seconds left.
|inactive|Chococroc has 30 seconds left.
|inactive|Jun RH has 20 seconds left.
|inactive|Chococroc has 20 seconds left.
|
|t:|1755896071
|move|p2a: Incineroar|Knock Off|p1b: Pelipper
|-damage|p1b: Pelipper|55/100
|-enditem|p1b: Pelipper|Focus Sash|[from] move: Knock Off|[of] p2a: Incineroar
|move|p2b: Porygon2|Tera Blast|p1b: Pelipper
|-damage|p1b: Pelipper|0 fnt
|faint|p1b: Pelipper
|move|p1a: Incineroar|Parting Shot|p2b: Porygon2
|-unboost|p2b: Porygon2|atk|1
|-unboost|p2b: Porygon2|spa|1
|
|t:|1755896085
|switch|p1a: Archaludon|Archaludon, L50, F|100/100|[from] Parting Shot
|
|-weather|RainDance|[upkeep]
|upkeep
|
|t:|1755896096
|switch|p1b: Dragonite|Dragonite, L50, F|100/100
|turn|3
|
|t:|1755896112
|switch|p2b: Amoonguss|Amoonguss, L50, F|100/100
|move|p2a: Incineroar|Parting Shot|p1b: Dragonite
|-unboost|p1b: Dragonite|atk|1
|-unboost|p1b: Dragonite|spa|1
|
|t:|1755896116
|switch|p2a: Ursaluna|Ursaluna, L50, M|100/100|[from] Parting Shot
|move|p1a: Archaludon|Electro Shot||[still]
|-prepare|p1a: Archaludon|Electro Shot
|-boost|p1a: Archaludon|spa|1
|-anim|p1a: Archaludon|Electro Shot|p2b: Amoonguss
|-resisted|p2b: Amoonguss
|-damage|p2b: Amoonguss|71/100
|move|p1b: Dragonite|Scale Shot|p1a: Archaludon|[miss]
|-miss|p1b: Dragonite|p1a: Archaludon
|
|-weather|RainDance|[upkeep]
|-status|p2a: Ursaluna|brn|[from] item: Flame Orb
|upkeep
|turn|4
|inactive|Jun RH has 30 seconds left.
|
|t:|1755896148
|switch|p1b: Incineroar|Incineroar, L50, F|100/100
|-ability|p1b: Incineroar|Intimidate|boost
|-unboost|p2a: Ursaluna|atk|1
|-unboost|p2b: Amoonguss|atk|1
|-terastallize|p1a: Archaludon|Grass
|move|p2b: Amoonguss|Spore|p1a: Archaludon
|-immune|p1a: Archaludon
|move|p2a: Ursaluna|Facade|p1a: Archaludon
|-damage|p1a: Archaludon|39/100
|-ability|p1a: Archaludon|Stamina|boost
|-boost|p1a: Archaludon|def|1
|move|p1a: Archaludon|Draco Meteor|p2a: Ursaluna
|-damage|p2a: Ursaluna|14/100 brn
|-unboost|p1a: Archaludon|spa|2
|
|-weather|RainDance|[upkeep]
|-damage|p2a: Ursaluna|8/100 brn|[from] brn
|upkeep
|turn|5
|inactive|Jun RH has 30 seconds left.
|inactive|Chococroc has 30 seconds left.
|inactive|Jun RH has 20 seconds left.
|inactive|Chococroc has 20 seconds left.
|inactive|Jun RH has 15 seconds left.
|inactive|Jun RH has 10 seconds left.
|inactive|Chococroc has 15 seconds left.
|inactive|Jun RH has 5 seconds left.
|inactive|Chococroc has 10 seconds left.
|inactive|Chococroc has 5 seconds left.
|
|t:|1755896203
|-terastallize|p2a: Ursaluna|Ghost
|move|p2b: Amoonguss|Pollen Puff|p1a: Archaludon
|-supereffective|p1a: Archaludon
|-damage|p1a: Archaludon|9/100
|-ability|p1a: Archaludon|Stamina|boost
|-boost|p1a: Archaludon|def|1
|move|p2a: Ursaluna|Facade|p1a: Archaludon
|-damage|p1a: Archaludon|0 fnt
|faint|p1a: Archaludon
|move|p1b: Incineroar|Knock Off|p2b: Amoonguss
|-damage|p2b: Amoonguss|39/100
|-enditem|p2b: Amoonguss|Sitrus Berry|[from] move: Knock Off|[of] p1b: Incineroar
|
|-weather|none
|-damage|p2a: Ursaluna|2/100 brn|[from] brn
|-fieldend|move: Trick Room
|upkeep
|
|t:|1755896221
|switch|p1a: Dragonite|Dragonite, L50, F|100/100
|turn|6
|inactive|Chococroc has 30 seconds left.
|
|t:|1755896249
|switch|p2b: Incineroar|Incineroar, L50, M|100/100
|-ability|p2b: Incineroar|Intimidate|boost
|-unboost|p1a: Dragonite|atk|1
|-unboost|p1b: Incineroar|atk|1
|move|p1a: Dragonite|Scale Shot|p2b: Incineroar
|-damage|p2b: Incineroar|93/100
|-damage|p2b: Incineroar|85/100
|-damage|p2b: Incineroar|77/100
|-damage|p2b: Incineroar|68/100
|-hitcount|p2b: Incineroar|4
|-unboost|p1a: Dragonite|def|1
|-boost|p1a: Dragonite|spe|1
|move|p1b: Incineroar|Knock Off|p2a: Ursaluna
|-supereffective|p2a: Ursaluna
|-damage|p2a: Ursaluna|0 fnt
|-enditem|p2a: Ursaluna|Flame Orb|[from] move: Knock Off|[of] p1b: Incineroar
|faint|p2a: Ursaluna
|
|upkeep
|
|t:|1755896256
|switch|p2a: Porygon2|Porygon2, L50|84/100
|-ability|p2a: Porygon2|Download|boost
|-boost|p2a: Porygon2|atk|1
|turn|7
|inactive|Jun RH has 30 seconds left.
|
|t:|1755896285
|move|p1a: Dragonite|Protect|p1a: Dragonite
|-singleturn|p1a: Dragonite|Protect
|move|p2b: Incineroar|Fake Out|p1a: Dragonite
|-activate|p1a: Dragonite|move: Protect
|move|p1b: Incineroar|Flare Blitz|p2a: Porygon2
|-damage|p2a: Porygon2|56/100
|-damage|p1b: Incineroar|91/100|[from] Recoil
|move|p2a: Porygon2|Trick Room|p2a: Porygon2
|-fieldstart|move: Trick Room|[of] p2a: Porygon2
|
|upkeep
|turn|8
|
|t:|1755896304
|move|p2b: Incineroar|Knock Off|p1a: Dragonite
|-damage|p1a: Dragonite|69/100
|-enditem|p1a: Dragonite|Loaded Dice|[from] move: Knock Off|[of] p2b: Incineroar
|move|p2a: Porygon2|Ice Beam|p1a: Dragonite
|-supereffective|p1a: Dragonite
|-damage|p1a: Dragonite|0 fnt
|faint|p1a: Dragonite
|move|p1b: Incineroar|Flare Blitz|p2a: Porygon2
|-damage|p2a: Porygon2|27/100
|-damage|p1b: Incineroar|82/100|[from] Recoil
|
|upkeep
|turn|9
|
|t:|1755896317
|move|p2b: Incineroar|Parting Shot|p1b: Incineroar
|-unboost|p1b: Incineroar|atk|1
|-unboost|p1b: Incineroar|spa|1
|
|t:|1755896320
|switch|p2b: Amoonguss|Amoonguss, L50, F|72/100|[from] Parting Shot
|move|p2a: Porygon2|Recover|p2a: Porygon2
|-heal|p2a: Porygon2|77/100
|move|p1b: Incineroar|Flare Blitz|p2a: Porygon2
|-damage|p2a: Porygon2|53/100
|-damage|p1b: Incineroar|74/100|[from] Recoil
|
|upkeep
|turn|10
|-message|Jun RH forfeited.
|
|win|Chococroc
|raw|Jun RH's rating: 1248 → 1216(-32 for losing)
|raw|Chococroc's rating: 1154 → 1186(+32 for winning)
