|j|☆buf33 scizorfanboy
|j|☆washingtongargacha
|html|buf33 scizorfanboywashingtongargacha    
|uhtml|bestof|Game 3 of a best-of-3
|t:|1756856643
|gametype|doubles
|player|p1|buf33 scizorfanboy|cynthia-gen4|1347
|player|p2|washingtongargacha|102|1206
|gen|9
|tier|[Gen 9] VGC 2025 Reg H (Bo3)
|rated|
|rule|Species Clause: Limit one of each Pokémon
|rule|Item Clause: Limit 1 of each item
|clearpoke
|poke|p1|Kingambit, L50, F|
|poke|p1|Basculegion, L50, M|
|poke|p1|Rillaboom, L50, M|
|poke|p1|Sneasler, L50, F|
|poke|p1|Ninetales-Alola, L50, F|
|poke|p1|Magmar, L50, M|
|poke|p2|Talonflame, L50, M|
|poke|p2|Gholdengo, L50|
|poke|p2|Dragonite, L50, M|
|poke|p2|Archaludon, L50, F|
|poke|p2|Tyranitar, L50, M|
|poke|p2|Garchomp, L50, F|
|teampreview|4
|showteam|p1|Kingambit||SafetyGoggles|Defiant|Protect,KowtowCleave,SuckerPunch,SwordsDance|||F|||50|,,,,,Dark]Basculegion||ChoiceScarf|Adaptability|WaveCrash,LastRespects,AquaJet,FlipTurn|||M|||50|,,,,,Grass]Rillaboom||AssaultVest|GrassySurge|WoodHammer,GrassyGlide,Uturn,FakeOut|||M|||50|,,,,,Fire]Sneasler||FocusSash|Unburden|Protect,DireClaw,CloseCombat,FakeOut|||F|||50|,,,,,Stellar]Ninetales-Alola||NeverMeltIce|SnowWarning|Protect,Blizzard,FreezeDry,Encore|||F|||50|,,,,,Ghost]Magmar||Eviolite|VitalSpirit|Protect,HeatWave,Taunt,FollowMe|||M|||50|,,,,,Ghost
|showteam|p2|Talonflame||CovertCloak|GaleWings|Tailwind,BraveBird,Taunt,WillOWisp|||M|||50|,,,,,Ghost]Gholdengo||ChoiceSpecs|GoodasGold|MakeItRain,SteelBeam,ShadowBall,PowerGem||||||50|,,,,,Steel]Dragonite||LoadedDice|Multiscale|ScaleShot,IceSpinner,Haze,Protect|||M|||50|,,,,,Steel]Archaludon||PowerHerb|Sturdy|FlashCannon,ElectroShot,DracoMeteor,Protect|||F|||50|,,,,,Flying]Tyranitar||AssaultVest|SandStream|KnockOff,RockSlide,TeraBlast,LowKick|||M|||50|,,,,,Flying]Garchomp||LifeOrb|RoughSkin|DragonClaw,StompingTantrum,Earthquake,Protect|||F|||50|,,,,,Steel
|inactive|Battle timer is ON: inactive players will automatically lose when time's up. (requested by buf33 scizorfanboy)
|
|t:|1756856672
|teamsize|p1|4
|teamsize|p2|4
|start
|switch|p1a: Ninetales|Ninetales-Alola, L50, F|100/100
|switch|p1b: Magmar|Magmar, L50, M|100/100
|switch|p2a: Talonflame|Talonflame, L50, M|100/100
|switch|p2b: Archaludon|Archaludon, L50, F|100/100
|-weather|Snowscape|[from] ability: Snow Warning|[of] p1a: Ninetales
|turn|1
|
|t:|1756856693
|switch|p2a: Gholdengo|Gholdengo, L50|100/100
|move|p1b: Magmar|Follow Me|p1b: Magmar
|-singleturn|p1b: Magmar|move: Follow Me
|move|p1a: Ninetales|Blizzard|p2a: Gholdengo|[spread] p2a,p2b
|-resisted|p2a: Gholdengo
|-damage|p2a: Gholdengo|81/100
|-damage|p2b: Archaludon|46/100
|move|p2b: Archaludon|Flash Cannon|p1b: Magmar
|-resisted|p1b: Magmar
|-damage|p1b: Magmar|85/100
|
|-weather|Snowscape|[upkeep]
|upkeep
|turn|2
|
|t:|1756856717
|-terastallize|p1a: Ninetales|Ghost
|-terastallize|p2a: Gholdengo|Steel
|move|p1a: Ninetales|Blizzard|p2a: Gholdengo|[spread] p2a,p2b
|-resisted|p2a: Gholdengo
|-damage|p2a: Gholdengo|63/100
|-damage|p2b: Archaludon|0 fnt
|faint|p2b: Archaludon
|move|p2a: Gholdengo|Make It Rain|p1b: Magmar|[spread] p1a,p1b
|-resisted|p1b: Magmar
|-damage|p1a: Ninetales|0 fnt
|-damage|p1b: Magmar|48/100
|-unboost|p2a: Gholdengo|spa|1
|faint|p1a: Ninetales
|move|p1b: Magmar|Heat Wave|p2a: Gholdengo
|-supereffective|p2a: Gholdengo
|-damage|p2a: Gholdengo|0 fnt
|faint|p2a: Gholdengo
|
|-weather|Snowscape|[upkeep]
|upkeep
|inactive|buf33 scizorfanboy has 30 seconds left.
|
|t:|1756856745
|switch|p1a: Basculegion|Basculegion, L50, M|100/100
|switch|p2b: Garchomp|Garchomp, L50, F|100/100
|switch|p2a: Talonflame|Talonflame, L50, M|100/100
|turn|3
|inactive|buf33 scizorfanboy has 30 seconds left.
|
|t:|1756856772
|move|p1b: Magmar|Follow Me|p1b: Magmar
|-singleturn|p1b: Magmar|move: Follow Me
|move|p2a: Talonflame|Tailwind|p2a: Talonflame
|-sidestart|p2: washingtongargacha|move: Tailwind
|move|p2b: Garchomp|Earthquake|p1a: Basculegion|[spread] p1a,p1b
|-immune|p2a: Talonflame
|-supereffective|p1b: Magmar
|-damage|p1a: Basculegion|34/100
|-damage|p1b: Magmar|0 fnt
|faint|p1b: Magmar
|-damage|p2b: Garchomp|91/100|[from] item: Life Orb
|move|p1a: Basculegion|Last Respects|p2b: Garchomp
|-damage|p2b: Garchomp|0 fnt
|faint|p2b: Garchomp
|
|-weather|Snowscape|[upkeep]
|upkeep
|
|t:|1756856783
|switch|p1b: Sneasler|Sneasler, L50, F|100/100
|turn|4
|
|t:|1756856793
|move|p2a: Talonflame|Brave Bird|p1a: Basculegion
|-damage|p1a: Basculegion|0 fnt
|faint|p1a: Basculegion
|-damage|p2a: Talonflame|88/100|[from] Recoil
|move|p1b: Sneasler|Dire Claw|p2a: Talonflame
|-damage|p2a: Talonflame|34/100
|
|-weather|Snowscape|[upkeep]
|upkeep
|turn|5
|
|t:|1756856805
|move|p2a: Talonflame|Brave Bird|p1b: Sneasler
|-supereffective|p1b: Sneasler
|-enditem|p1b: Sneasler|Focus Sash
|-damage|p1b: Sneasler|1/100
|-damage|p2a: Talonflame|6/100|[from] Recoil
|move|p1b: Sneasler|Dire Claw|p2a: Talonflame
|-damage|p2a: Talonflame|0 fnt
|faint|p2a: Talonflame
|
|win|buf33 scizorfanboy
|raw|buf33 scizorfanboy's rating: 1347 → 1359(+12 for winning)
|raw|washingtongargacha's rating: 1206 → 1191(-15 for losing)
