|j|☆Bodhidelbarrio
|j|☆Bread248
|html|BodhidelbarrioBread248    
|uhtml|bestof|Game 1 of a best-of-3
|t:|1756857775
|gametype|doubles
|player|p1|Bodhidelbarrio|alder|1229
|player|p2|Bread248|266|1257
|gen|9
|tier|[Gen 9] VGC 2025 Reg H (Bo3)
|rated|
|rule|Species Clause: Limit one of each Pokémon
|rule|Item Clause: Limit 1 of each item
|clearpoke
|poke|p1|Dragonite, L50, F|
|poke|p1|Garchomp, L50, F|
|poke|p1|Kingambit, L50, M|
|poke|p1|Amoonguss, L50, F|
|poke|p1|Incineroar, L50, M|
|poke|p1|Ninetales-Alola, L50, F|
|poke|p2|Ursaluna-Bloodmoon, L50, M|
|poke|p2|Incineroar, L50, F|
|poke|p2|Dragonite, L50, F|
|poke|p2|Rillaboom, L50, M|
|poke|p2|Gholdengo, L50|
|poke|p2|Annihilape, L50, F|
|teampreview|4
|showteam|p1|Dragonite||LoadedDice|Multiscale|ScaleShot,Haze,Tailwind,Protect|||F|||50|,,,,,Fairy]Garchomp||LifeOrb|RoughSkin|Earthquake,DragonClaw,StompingTantrum,Protect|||F|||50|,,,,,Ground]Kingambit||BlackGlasses|Defiant|KowtowCleave,SwordsDance,Protect,SuckerPunch|||M|||50|,,,,,Flying]Amoonguss||SitrusBerry|Regenerator|Spore,RagePowder,PollenPuff,Protect|||F|||50|,,,,,Psychic]Incineroar||SafetyGoggles|Intimidate|FakeOut,FlareBlitz,KnockOff,PartingShot|||M|||50|,,,,,Ghost]Ninetales-Alola||FocusSash|SnowWarning|Blizzard,NastyPlot,Moonblast,Protect|||F|||50|,,,,,Water
|showteam|p2|Ursaluna-Bloodmoon||FocusSash|MindsEye|BloodMoon,HyperVoice,EarthPower,Protect|||M|||50|,,,,,Normal]Incineroar||SitrusBerry|Intimidate|FlareBlitz,KnockOff,PartingShot,FakeOut|||F|||50|,,,,,Ghost]Dragonite||LoadedDice|Multiscale|ScaleShot,Tailwind,Protect,Haze|||F|||50|,,,,,Steel]Rillaboom||AssaultVest|GrassySurge|WoodHammer,FakeOut,GrassyGlide,HighHorsepower|||M|||50|,,,,,Fire]Gholdengo||LifeOrb|GoodasGold|MakeItRain,ShadowBall,NastyPlot,Protect||||||50|,,,,,Water]Annihilape||SafetyGoggles|Defiant|CloseCombat,RageFist,Taunt,FinalGambit|||F|||50|,,,,,Water
|inactive|Battle timer is ON: inactive players will automatically lose when time's up. (requested by Bread248)
|inactive|Bodhidelbarrio has 60 seconds left.
|inactive|Bread248 has 60 seconds left.
|inactive|Bread248 has 30 seconds left.
|
|t:|1756857845
|teamsize|p1|4
|teamsize|p2|4
|start
|switch|p1a: Winter|Ninetales-Alola, L50, F|100/100
|switch|p1b: Rhaenyra|Dragonite, L50, F|100/100
|switch|p2a: Annihilape|Annihilape, L50, F|100/100
|switch|p2b: Gholdengo|Gholdengo, L50|100/100
|-weather|Snowscape|[from] ability: Snow Warning|[of] p1a: Winter
|turn|1
|inactive|Bodhidelbarrio has 30 seconds left.
|
|t:|1756857877
|switch|p2a: Incineroar|Incineroar, L50, F|100/100
|-ability|p2a: Incineroar|Intimidate|boost
|-unboost|p1a: Winter|atk|1
|-unboost|p1b: Rhaenyra|atk|1
|move|p1b: Rhaenyra|Protect|p1b: Rhaenyra
|-singleturn|p1b: Rhaenyra|Protect
|move|p1a: Winter|Moonblast|p2a: Incineroar
|-damage|p2a: Incineroar|65/100
|move|p2b: Gholdengo|Make It Rain|p1b: Rhaenyra|[spread] p1a
|-activate|p1b: Rhaenyra|move: Protect
|-supereffective|p1a: Winter
|-enditem|p1a: Winter|Focus Sash
|-damage|p1a: Winter|1/100
|-unboost|p2b: Gholdengo|spa|1
|-damage|p2b: Gholdengo|91/100|[from] item: Life Orb
|
|-weather|Snowscape|[upkeep]
|upkeep
|turn|2
|
|t:|1756857892
|switch|p1a: Jaque|Kingambit, L50, M|100/100
|move|p2a: Incineroar|Fake Out|p1b: Rhaenyra
|-damage|p1b: Rhaenyra|94/100
|move|p2b: Gholdengo|Nasty Plot|p2b: Gholdengo
|-boost|p2b: Gholdengo|spa|2
|cant|p1b: Rhaenyra|flinch
|
|-weather|Snowscape|[upkeep]
|upkeep
|turn|3
|
|t:|1756857903
|-terastallize|p2b: Gholdengo|Water
|move|p2b: Gholdengo|Make It Rain|p1b: Rhaenyra|[spread] p1a,p1b
|-resisted|p1a: Jaque
|-damage|p1a: Jaque|55/100
|-damage|p1b: Rhaenyra|5/100
|-unboost|p2b: Gholdengo|spa|1
|-damage|p2b: Gholdengo|82/100|[from] item: Life Orb
|move|p1b: Rhaenyra|Haze|p1b: Rhaenyra
|-clearallboost
|move|p2a: Incineroar|Flare Blitz|p1a: Jaque
|-supereffective|p1a: Jaque
|-damage|p1a: Jaque|0 fnt
|faint|p1a: Jaque
|-damage|p2a: Incineroar|47/100|[from] Recoil
|-enditem|p2a: Incineroar|Sitrus Berry|[eat]
|-heal|p2a: Incineroar|72/100|[from] item: Sitrus Berry
|
|-weather|Snowscape|[upkeep]
|upkeep
|
|t:|1756857916
|switch|p1a: Syrax|Garchomp, L50, F|100/100
|turn|4
|
|t:|1756857938
|switch|p2a: Annihilape|Annihilape, L50, F|100/100
|-terastallize|p1a: Syrax|Ground
|move|p2b: Gholdengo|Protect|p2b: Gholdengo
|-singleturn|p2b: Gholdengo|Protect
|move|p1a: Syrax|Earthquake|p2a: Annihilape|[spread] p2a
|-activate|p2b: Gholdengo|move: Protect
|-immune|p1b: Rhaenyra
|-damage|p2a: Annihilape|30/100
|-damage|p1a: Syrax|91/100|[from] item: Life Orb
|move|p1b: Rhaenyra|Scale Shot|p2b: Gholdengo
|-activate|p2b: Gholdengo|move: Protect
|
|-weather|Snowscape|[upkeep]
|upkeep
|turn|5
|
|t:|1756857957
|switch|p2b: Incineroar|Incineroar, L50, F|72/100
|-ability|p2b: Incineroar|Intimidate|boost
|-unboost|p1a: Syrax|atk|1
|-unboost|p1b: Rhaenyra|atk|1
|move|p1a: Syrax|Earthquake|p2a: Annihilape|[spread] p2a,p2b
|-immune|p1b: Rhaenyra
|-supereffective|p2b: Incineroar
|-damage|p2a: Annihilape|0 fnt
|-damage|p2b: Incineroar|0 fnt
|faint|p2a: Annihilape
|faint|p2b: Incineroar
|-damage|p1a: Syrax|81/100|[from] item: Life Orb
|move|p1b: Rhaenyra|Scale Shot|p2: Annihilape|[notarget]
|-fail|p1b: Rhaenyra
|
|-weather|none
|upkeep
|
|t:|1756857966
|switch|p2a: Ursaluna|Ursaluna-Bloodmoon, L50, M|100/100
|switch|p2b: Gholdengo|Gholdengo, L50, tera:Water|82/100
|turn|6
|
|t:|1756857976
|move|p1a: Syrax|Earthquake|p2b: Gholdengo|[spread] p2a,p2b
|-immune|p1b: Rhaenyra
|-damage|p2a: Ursaluna|65/100
|-damage|p2b: Gholdengo|36/100
|-damage|p1a: Syrax|71/100|[from] item: Life Orb
|move|p2b: Gholdengo|Make It Rain|p1a: Syrax|[spread] p1a,p1b
|-damage|p1a: Syrax|11/100
|-damage|p1b: Rhaenyra|0 fnt
|-unboost|p2b: Gholdengo|spa|1
|faint|p1b: Rhaenyra
|-damage|p2b: Gholdengo|27/100|[from] item: Life Orb
|move|p2a: Ursaluna|Hyper Voice|p1a: Syrax
|-damage|p1a: Syrax|0 fnt
|faint|p1a: Syrax
|
|upkeep
|
|t:|1756857984
|switch|p1b: Winter|Ninetales-Alola, L50, F|1/100
|-weather|Snowscape|[from] ability: Snow Warning|[of] p1b: Winter
|turn|7
|
|t:|1756857993
|move|p1b: Winter|Blizzard|p2b: Gholdengo|[spread] p2a,p2b
|-supereffective|p2a: Ursaluna
|-resisted|p2b: Gholdengo
|-damage|p2a: Ursaluna|0 fnt
|-damage|p2b: Gholdengo|9/100
|faint|p2a: Ursaluna
|move|p2b: Gholdengo|Make It Rain|p1b: Winter
|-supereffective|p1b: Winter
|-damage|p1b: Winter|0 fnt
|-unboost|p2b: Gholdengo|spa|1
|faint|p1b: Winter
|-damage|p2b: Gholdengo|0 fnt|[from] item: Life Orb
|faint|p2b: Gholdengo
|
|win|Bread248
||Bodhidelbarrio is ready for game 2.
||Bread248 is ready for game 2.
|uhtml|next|Next: Game 2 of 3
