|j|☆PTP_VGC
|j|☆LastHorzion
|html|PTP_VGCLastHorzion    
|uhtml|bestof|Game 2 of a best-of-3
|t:|1754454019
|gametype|doubles
|player|p1|PTP_VGC|birdkeeper|1283
|player|p2|LastHorzion|steven|1170
|gen|9
|tier|[Gen 9] VGC 2025 Reg H (Bo3)
|rated|
|rule|Species Clause: Limit one of each Pokémon
|rule|Item Clause: Limit 1 of each item
|clearpoke
|poke|p1|Arcanine-Hisui, L50, F|
|poke|p1|Weezing, L50, M|
|poke|p1|Porygon2, L50|
|poke|p1|Weavile, L50, M|
|poke|p1|Pawmot, L50, F|
|poke|p1|Toedscruel, L50, F|
|poke|p2|Sneasler, L50, F|
|poke|p2|Indeedee, L50, M|
|poke|p2|Murkrow, L50, F|
|poke|p2|Typhlosion-Hisui, L50, F|
|poke|p2|Maushold, L50|
|poke|p2|Dragapult, L50, F|
|teampreview|4
|showteam|p1|Arcanine-Hisui||AbilityShield|Intimidate|FlareBlitz,RockSlide,ExtremeSpeed,Protect|||F|||50|,,,,,Ghost]Weezing||SitrusBerry|NeutralizingGas|SludgeBomb,WillOWisp,Taunt,Protect|||M|||50|,,,,,Grass]Porygon2||Eviolite|Download|TeraBlast,IceBeam,Recover,TrickRoom||||||50|,,,,,Water]Weavile||WideLens|Pressure|KnockOff,TripleAxel,FakeOut,Protect|||M|||50|,,,,,Stellar]Pawmot||FocusSash|NaturalCure|DoubleShock,CloseCombat,RevivalBlessing,Protect|||F|||50|,,,,,Stellar]Toedscruel||LifeOrb|MyceliumMight|EarthPower,EnergyBall,Spore,RagePowder|||F|||50|,,,,,Water
|showteam|p2|Sneasler||PsychicSeed|Unburden|CloseCombat,DireClaw,ThroatChop,Protect|||F|||50|,,,,,Dark]Indeedee||FocusSash|PsychicSurge|ExpandingForce,TeraBlast,Imprison,TrickRoom|||M|||50|,,,,,Ground]Murkrow||Eviolite|Prankster|FoulPlay,Tailwind,SunnyDay,Haze|||F|||50|,,,,,Ghost]Typhlosion-Hisui||ChoiceScarf|Blaze|Eruption,Hex,HeatWave,ShadowBall|||F|||50|,,,,,Fire]Maushold||WideLens|Technician|FollowMe,Protect,Taunt,PopulationBomb||||||50|,,,,,Fairy]Dragapult||ChoiceBand|ClearBody|DragonDarts,Uturn,PhantomForce,TeraBlast|||F|||50|,,,,,Dragon
|inactive|Battle timer is ON: inactive players will automatically lose when time's up. (requested by LastHorzion)
|inactive|LastHorzion has 60 seconds left.
|
|t:|1754454076
|teamsize|p1|4
|teamsize|p2|4
|start
|switch|p1a: Funky Duck|Porygon2, L50|100/100
|switch|p1b: Adr. & Adr.|Weezing, L50, M|100/100
|switch|p2a: Maushold|Maushold, L50|100/100
|switch|p2b: Dragapult|Dragapult, L50, F, shiny|100/100
|-ability|p1b: Adr. & Adr.|Neutralizing Gas
|turn|1
|inactive|PTP_VGC has 30 seconds left.
|inactive|LastHorzion has 30 seconds left.
|
|t:|1754454109
|switch|p1a: Vulfmon|Arcanine-Hisui, L50, F|100/100
|-ability|p1a: Vulfmon|Intimidate|boost
|-unboost|p2a: Maushold|atk|1
|-unboost|p2b: Dragapult|atk|1
|-terastallize|p2b: Dragapult|Dragon
|move|p2b: Dragapult|Dragon Darts|p1a: Vulfmon
|-damage|p1a: Vulfmon|66/100
|-anim|p2b: Dragapult|Dragon Darts|p1b: Adr. & Adr.
|-damage|p1b: Adr. & Adr.|73/100
|move|p2a: Maushold|Population Bomb|p1a: Vulfmon
|-resisted|p1a: Vulfmon
|-damage|p1a: Vulfmon|63/100
|-resisted|p1a: Vulfmon
|-damage|p1a: Vulfmon|60/100
|-resisted|p1a: Vulfmon
|-damage|p1a: Vulfmon|57/100
|-resisted|p1a: Vulfmon
|-damage|p1a: Vulfmon|54/100
|-resisted|p1a: Vulfmon
|-damage|p1a: Vulfmon|51/100
|-resisted|p1a: Vulfmon
|-damage|p1a: Vulfmon|49/100
|-resisted|p1a: Vulfmon
|-damage|p1a: Vulfmon|46/100
|-resisted|p1a: Vulfmon
|-damage|p1a: Vulfmon|43/100
|-resisted|p1a: Vulfmon
|-crit|p1a: Vulfmon
|-damage|p1a: Vulfmon|37/100
|-resisted|p1a: Vulfmon
|-damage|p1a: Vulfmon|35/100
|-hitcount|p1a: Vulfmon|10
|move|p1b: Adr. & Adr.|Taunt|p2a: Maushold
|-start|p2a: Maushold|move: Taunt
|
|upkeep
|turn|2
|inactive|PTP_VGC has 30 seconds left.
|inactive|LastHorzion has 30 seconds left.
|inactive|PTP_VGC has 20 seconds left.
|inactive|PTP_VGC has 15 seconds left.
|inactive|PTP_VGC has 10 seconds left.
|
|t:|1754454156
|move|p1a: Vulfmon|Extreme Speed|p2a: Maushold
|-damage|p2a: Maushold|60/100
|move|p2b: Dragapult|Dragon Darts|p1a: Vulfmon
|-damage|p1a: Vulfmon|0 fnt
|-anim|p2b: Dragapult|Dragon Darts|p1b: Adr. & Adr.
|-damage|p1b: Adr. & Adr.|42/100
|-enditem|p1b: Adr. & Adr.|Sitrus Berry|[eat]
|-heal|p1b: Adr. & Adr.|67/100|[from] item: Sitrus Berry
|faint|p1a: Vulfmon
|move|p2a: Maushold|Population Bomb|p1b: Adr. & Adr.
|-damage|p1b: Adr. & Adr.|63/100
|-damage|p1b: Adr. & Adr.|59/100
|-damage|p1b: Adr. & Adr.|55/100
|-damage|p1b: Adr. & Adr.|51/100
|-damage|p1b: Adr. & Adr.|47/100
|-damage|p1b: Adr. & Adr.|43/100
|-damage|p1b: Adr. & Adr.|39/100
|-damage|p1b: Adr. & Adr.|35/100
|-damage|p1b: Adr. & Adr.|31/100
|-damage|p1b: Adr. & Adr.|27/100
|-hitcount|p1b: Adr. & Adr.|10
|move|p1b: Adr. & Adr.|Will-O-Wisp|p2b: Dragapult
|-status|p2b: Dragapult|brn
|
|-damage|p2b: Dragapult|95/100 brn|[from] brn
|upkeep
|
|t:|1754454163
|switch|p1a: Funky Duck|Porygon2, L50|100/100
|turn|3
|
|t:|1754454183
|move|p1b: Adr. & Adr.|Protect|p1b: Adr. & Adr.
|-singleturn|p1b: Adr. & Adr.|Protect
|move|p2b: Dragapult|Dragon Darts|p1a: Funky Duck
|-damage|p1a: Funky Duck|90/100
|-anim|p2b: Dragapult|Dragon Darts|p1a: Funky Duck
|-damage|p1a: Funky Duck|79/100
|move|p2a: Maushold|Population Bomb|p1a: Funky Duck
|-damage|p1a: Funky Duck|75/100
|-damage|p1a: Funky Duck|71/100
|-damage|p1a: Funky Duck|68/100
|-damage|p1a: Funky Duck|63/100
|-damage|p1a: Funky Duck|59/100
|-damage|p1a: Funky Duck|56/100
|-damage|p1a: Funky Duck|52/100
|-damage|p1a: Funky Duck|48/100
|-damage|p1a: Funky Duck|45/100
|-damage|p1a: Funky Duck|41/100
|-hitcount|p1a: Funky Duck|10
|move|p1a: Funky Duck|Trick Room|p1a: Funky Duck
|-fieldstart|move: Trick Room|[of] p1a: Funky Duck
|
|-damage|p2b: Dragapult|89/100 brn|[from] brn
|upkeep
|turn|4
|inactive|LastHorzion has 30 seconds left.
|
|t:|1754454209
|switch|p2b: Sneasler|Sneasler, L50, F, shiny|100/100
|move|p1a: Funky Duck|Tera Blast|p2a: Maushold
|-damage|p2a: Maushold|10/100
|move|p1b: Adr. & Adr.|Sludge Bomb|p2a: Maushold
|-damage|p2a: Maushold|0 fnt
|faint|p2a: Maushold
|
|upkeep
|
|t:|1754454221
|switch|p2a: Indeedee|Indeedee, L50, M, shiny|100/100
|turn|5
|inactive|PTP_VGC has 30 seconds left.
|inactive|LastHorzion has 30 seconds left.
|j| YoshimaP
|inactive|PTP_VGC has 20 seconds left.
|inactive|PTP_VGC has 15 seconds left.
|
|t:|1754454261
|-terastallize|p1a: Funky Duck|Water
|move|p1a: Funky Duck|Recover|p1a: Funky Duck
|-heal|p1a: Funky Duck|91/100
|move|p1b: Adr. & Adr.|Will-O-Wisp|p2b: Sneasler|[miss]
|-miss|p1b: Adr. & Adr.|p2b: Sneasler
|move|p2b: Sneasler|Close Combat|p1a: Funky Duck
|-damage|p1a: Funky Duck|50/100
|-unboost|p2b: Sneasler|def|1
|-unboost|p2b: Sneasler|spd|1
|move|p2a: Indeedee|Trick Room|p2a: Indeedee
|-fieldend|move: Trick Room
|
|upkeep
|turn|6
|inactive|PTP_VGC has 30 seconds left.
|inactive|LastHorzion has 30 seconds left.
|inactive|LastHorzion has 20 seconds left.
|inactive|LastHorzion has 15 seconds left.
|
|t:|1754454302
|move|p2b: Sneasler|Dire Claw|p1a: Funky Duck
|-damage|p1a: Funky Duck|23/100
|move|p2a: Indeedee|Imprison|p2a: Indeedee
|-start|p2a: Indeedee|move: Imprison
|move|p1b: Adr. & Adr.|Will-O-Wisp|p2b: Sneasler
|-status|p2b: Sneasler|brn
|move|p1a: Funky Duck|Recover|p1a: Funky Duck
|-heal|p1a: Funky Duck|73/100
|
|-damage|p2b: Sneasler|95/100 brn|[from] brn
|upkeep
|turn|7
|inactive|PTP_VGC has 30 seconds left.
|
|t:|1754454332
|-end|p1b: Adr. & Adr.|ability: Neutralizing Gas
|-fieldstart|move: Psychic Terrain|[from] ability: Psychic Surge|[of] p2a: Indeedee
|-enditem|p2b: Sneasler|Psychic Seed
|-boost|p2b: Sneasler|spd|1|[from] item: Psychic Seed
|-ability|p1a: Funky Duck|Download|boost
|-boost|p1a: Funky Duck|atk|1
|switch|p1b: Speedwalker|Weavile, L50, M|100/100
|-ability|p1b: Speedwalker|Pressure
|move|p2b: Sneasler|Dire Claw|p1a: Funky Duck
|-damage|p1a: Funky Duck|59/100
|move|p2a: Indeedee|Expanding Force|p1a: Funky Duck|[spread] p1a
|-immune|p1b: Speedwalker
|-damage|p1a: Funky Duck|27/100
|move|p1a: Funky Duck|Ice Beam|p2a: Indeedee
|-damage|p2a: Indeedee|63/100
|
|-damage|p2b: Sneasler|89/100 brn|[from] brn
|upkeep
|turn|8
|inactive|LastHorzion has 30 seconds left.
|inactive|LastHorzion has 20 seconds left.
|inactive|LastHorzion has 15 seconds left.
|
|t:|1754454377
|switch|p1a: Adr. & Adr.|Weezing, L50, M|27/100
|-ability|p1a: Adr. & Adr.|Neutralizing Gas
|move|p1b: Speedwalker|Triple Axel|p2b: Sneasler
|-damage|p2b: Sneasler|65/100 brn
|-damage|p2b: Sneasler|17/100 brn
|-damage|p2b: Sneasler|0 fnt
|faint|p2b: Sneasler
|-hitcount|p2: Sneasler|3
|move|p2a: Indeedee|Expanding Force|p1b: Speedwalker|[spread] p1a
|-immune|p1b: Speedwalker
|-supereffective|p1a: Adr. & Adr.
|-damage|p1a: Adr. & Adr.|0 fnt
|faint|p1a: Adr. & Adr.
|-end|p1a: Adr. & Adr.|ability: Neutralizing Gas
|-ability|p1b: Speedwalker|Pressure
|
|upkeep
|
|t:|1754454389
|switch|p2b: Dragapult|Dragapult, L50, F, shiny, tera:Dragon|89/100 brn
|switch|p1a: Funky Duck|Porygon2, L50, tera:Water|27/100
|-ability|p1a: Funky Duck|Download|boost
|-boost|p1a: Funky Duck|atk|1
|turn|9
|inactive|LastHorzion has 30 seconds left.
|inactive|LastHorzion has 20 seconds left.
|inactive|LastHorzion has 15 seconds left.
|inactive|LastHorzion has 10 seconds left.
|
|t:|1754454438
|move|p2b: Dragapult|Dragon Darts|p1b: Speedwalker
|-damage|p1b: Speedwalker|60/100
|-anim|p2b: Dragapult|Dragon Darts|p1a: Funky Duck
|-damage|p1a: Funky Duck|12/100
|move|p1b: Speedwalker|Knock Off|p2a: Indeedee
|-supereffective|p2a: Indeedee
|-damage|p2a: Indeedee|0 fnt
|-enditem|p2a: Indeedee|Focus Sash|[from] move: Knock Off|[of] p1b: Speedwalker
|faint|p2a: Indeedee
|move|p1a: Funky Duck|Recover|p1a: Funky Duck
|-heal|p1a: Funky Duck|62/100
|
|-damage|p2b: Dragapult|83/100 brn|[from] brn
|upkeep
|turn|10
|
|t:|1754454447
|move|p2b: Dragapult|Dragon Darts|p1a: Funky Duck
|-damage|p1a: Funky Duck|47/100
|-anim|p2b: Dragapult|Dragon Darts|p1b: Speedwalker
|-damage|p1b: Speedwalker|20/100
|move|p1b: Speedwalker|Triple Axel|p2b: Dragapult
|-supereffective|p2b: Dragapult
|-damage|p2b: Dragapult|61/100 brn
|-supereffective|p2b: Dragapult
|-damage|p2b: Dragapult|11/100 brn
|-supereffective|p2b: Dragapult
|-damage|p2b: Dragapult|0 fnt
|faint|p2b: Dragapult
|-hitcount|p2: Dragapult|3
|
|win|PTP_VGC
|raw|PTP_VGC's rating: 1283 → 1300(+17 for winning)
|raw|LastHorzion's rating: 1170 → 1153(-17 for losing)
|c|☆LastHorzion|ggs
|c|☆PTP_VGC|ggs
|l| YoshimaP
