|j|☆tyho45
|j|☆dean44
|html|tyho45dean44    
|uhtml|bestof|Game 2 of a best-of-3
|t:|1784479398
|gametype|doubles
|player|p1|tyho45|n|1105
|player|p2|dean44|2|1086
|gen|9
|tier|[Gen 9 Champions] VGC 2026 Reg M-B (Bo3)
|rated|
|rule|Species Clause: Limit one of each Pokémon
|rule|Item Clause: Limit 1 of each item
|clearpoke
|poke|p1|Araquanid, L50, M|
|poke|p1|Farigiraf, L50, F, shiny|
|poke|p1|Torkoal, L50, M, shiny|
|poke|p1|Mawile, L50, F, shiny|
|poke|p1|Kingambit, L50, F|
|poke|p1|Staraptor, L50, F, shiny|
|poke|p2|Pelipper, L50, F|
|poke|p2|Meganium, L50, F|
|poke|p2|Sneasler, L50, M|
|poke|p2|Farigiraf, L50, M|
|poke|p2|Swampert, L50, F|
|poke|p2|Archaludon, L50, F|
|teampreview|4
|showteam|p1|Araquanid||MysticWater|WaterBubble|Liquidation,LeechLife,Protect,WideGuard|Adamant||M|||50|]Farigiraf||SitrusBerry|ArmorTail|TrickRoom,Psychic,Protect,HelpingHand|Bold||F|||50|]Torkoal||Charcoal|Drought|Eruption,HeatWave,Protect,EarthPower|Modest||M|||50|]Mawile||Mawilite|HyperCutter|RockSlide,Protect,PlayRough,IronHead|Adamant||F|||50|]Kingambit||BlackGlasses|Defiant|KowtowCleave,SuckerPunch,LowKick,Protect|Adamant||F|||50|]Staraptor||ChoiceScarf|Intimidate|FinalGambit,BraveBird,CloseCombat,Uturn|Jolly||F|||50|
|showteam|p2|Pelipper||DampRock|Drizzle|Hurricane,WeatherBall,WideGuard,Tailwind|Modest||F|||50|]Meganium||Meganiumite|LeafGuard|SolarBeam,DazzlingGleam,Protect,WeatherBall|Modest||F|||50|]Sneasler||WhiteHerb|PoisonTouch|DireClaw,FakeOut,CloseCombat,Protect|Jolly||M|||50|]Farigiraf||LumBerry|ArmorTail|TrickRoom,HelpingHand,HyperVoice,PsychicNoise|Quiet||M|||50|]Swampert||Swampertite|Damp|WaveCrash,Earthquake,FlipTurn,RockSlide|Adamant||F|||50|]Archaludon||Leftovers|Stamina|ElectroShot,DragonPulse,FlashCannon,Protect|Timid||F|||50|
|inactive|Battle timer is ON: inactive players will automatically lose when time's up. (requested by dean44)
|
|t:|1784479412
|teamsize|p1|4
|teamsize|p2|4
|start
|switch|p1a: Farigiraf|Farigiraf, L50, F, shiny|100/100
|switch|p1b: Staraptor|Staraptor, L50, F, shiny|100/100
|switch|p2a: Pelipper|Pelipper, L50, F|100/100
|switch|p2b: Swampert|Swampert, L50, F|100/100
|-ability|p1b: Staraptor|Intimidate|boost
|-unboost|p2a: Pelipper|atk|1
|-unboost|p2b: Swampert|atk|1
|-weather|RainDance|[from] ability: Drizzle|[of] p2a: Pelipper
|turn|1
|
|t:|1784479427
|switch|p2a: Farigiraf|Farigiraf, L50, M|100/100
|detailschange|p2b: Swampert|Swampert-Mega, L50, F
|-mega|p2b: Swampert|Swampert|Swampertite
|move|p1b: Staraptor|Final Gambit|p2b: Swampert
|-damage|p2b: Swampert|0 fnt
|faint|p1b: Staraptor
|faint|p2b: Swampert
|move|p1a: Farigiraf|Trick Room|p1a: Farigiraf
|-fieldstart|move: Trick Room|[of] p1a: Farigiraf
|
|-weather|RainDance|[upkeep]
|upkeep
|
|t:|1784479441
|switch|p2b: Archaludon|Archaludon, L50, F|100/100
|switch|p1b: Torkoal|Torkoal, L50, M, shiny|100/100
|-weather|SunnyDay|[from] ability: Drought|[of] p1b: Torkoal
|turn|2
|
|t:|1784479456
|switch|p1b: Mawile|Mawile, L50, F, shiny|100/100
|move|p2b: Archaludon|Protect|p2b: Archaludon
|-singleturn|p2b: Archaludon|Protect
|move|p1a: Farigiraf|Psychic|p2a: Farigiraf
|-resisted|p2a: Farigiraf|1
|-damage|p2a: Farigiraf|81/100
|move|p2a: Farigiraf|Trick Room|p2a: Farigiraf
|-fieldend|move: Trick Room
|
|-weather|SunnyDay|[upkeep]
|upkeep
|turn|3
|inactive|dean44 has 30 seconds left.
|
|t:|1784479490
|detailschange|p1b: Mawile|Mawile-Mega, L50, F, shiny
|-mega|p1b: Mawile|Mawile|Mawilite
|move|p2a: Farigiraf|Helping Hand|p2b: Archaludon
|-singleturn|p2b: Archaludon|Helping Hand|[of] p2a: Farigiraf
|move|p2b: Archaludon|Dragon Pulse|p1a: Farigiraf
|-damage|p1a: Farigiraf|33/100
|-enditem|p1a: Farigiraf|Sitrus Berry|[eat]
|-heal|p1a: Farigiraf|58/100|[from] item: Sitrus Berry
|move|p1b: Mawile|Rock Slide|p2a: Farigiraf|[spread] p2a,p2b
|-resisted|p2b: Archaludon|1
|-damage|p2a: Farigiraf|43/100
|-damage|p2b: Archaludon|85/100
|-ability|p2b: Archaludon|Stamina|boost
|-boost|p2b: Archaludon|def|1
|move|p1a: Farigiraf|Trick Room|p1a: Farigiraf
|-fieldstart|move: Trick Room|[of] p1a: Farigiraf
|
|-weather|SunnyDay|[upkeep]
|-heal|p2b: Archaludon|91/100|[from] item: Leftovers
|upkeep
|turn|4
|
|t:|1784479503
|move|p1a: Farigiraf|Helping Hand|p1b: Mawile
|-singleturn|p1b: Mawile|Helping Hand|[of] p1a: Farigiraf
|move|p1b: Mawile|Play Rough|p2b: Archaludon
|-damage|p2b: Archaludon|9/100
|-ability|p2b: Archaludon|Stamina|boost
|-boost|p2b: Archaludon|def|1
|move|p2b: Archaludon|Electro Shot||[still]
|-prepare|p2b: Archaludon|Electro Shot
|-boost|p2b: Archaludon|spa|1
|move|p2a: Farigiraf|Trick Room|p2a: Farigiraf
|-fieldend|move: Trick Room
|
|-weather|SunnyDay|[upkeep]
|-heal|p2b: Archaludon|15/100|[from] item: Leftovers
|upkeep
|turn|5
|
|t:|1784479525
|move|p2a: Farigiraf|Helping Hand|p2b: Archaludon
|-singleturn|p2b: Archaludon|Helping Hand|[of] p2a: Farigiraf
|move|p2b: Archaludon|Electro Shot|p1b: Mawile|[from] lockedmove
|-damage|p1b: Mawile|0 fnt
|faint|p1b: Mawile
|move|p1a: Farigiraf|Psychic|p2b: Archaludon
|-resisted|p2b: Archaludon|1
|-damage|p2b: Archaludon|0 fnt
|faint|p2b: Archaludon
|
|-weather|SunnyDay|[upkeep]
|upkeep
|
|t:|1784479533
|switch|p2b: Pelipper|Pelipper, L50, F|100/100
|switch|p1b: Torkoal|Torkoal, L50, M, shiny|100/100
|-weather|RainDance|[from] ability: Drizzle|[of] p2b: Pelipper
|-weather|SunnyDay|[from] ability: Drought|[of] p1b: Torkoal
|turn|6
|
|t:|1784479542
|move|p1a: Farigiraf|Helping Hand|p1b: Torkoal
|-singleturn|p1b: Torkoal|Helping Hand|[of] p1a: Farigiraf
|move|p2b: Pelipper|Hurricane|p1b: Torkoal
|-damage|p1b: Torkoal|37/100
|move|p2a: Farigiraf|Hyper Voice|p1a: Farigiraf|[spread] p1a,p1b
|-damage|p1a: Farigiraf|22/100
|-damage|p1b: Torkoal|0 fnt
|faint|p1b: Torkoal
|
|-weather|SunnyDay|[upkeep]
|upkeep
|turn|7
|-message|tyho45 forfeited.
|
|win|dean44
|l|☆tyho45
|player|p1|
||tyho45 is ready for game 3.
||dean44 is ready for game 3.
|uhtml|next|Next: Game 3 of 3
|l|☆dean44
|player|p2|
|j|☆dean44
|player|p2|dean44|2|
