|j|☆wweewwzz
|j|☆Ggttmmhh
|html|wweewwzzGgttmmhh    
|uhtml|bestof|Game 3 of a best-of-3
|t:|1755742110
|gametype|doubles
|player|p1|wweewwzz|pokekid|1192
|player|p2|Ggttmmhh|101|1307
|gen|9
|tier|[Gen 9] VGC 2025 Reg H (Bo3)
|rated|
|rule|Species Clause: Limit one of each Pokémon
|rule|Item Clause: Limit 1 of each item
|clearpoke
|poke|p1|Gholdengo, L50|
|poke|p1|Incineroar, L50, M|
|poke|p1|Ursaluna, L50, F|
|poke|p1|Sinistcha, L50|
|poke|p1|Sneasler, L50, M|
|poke|p1|Dragonite, L50, F|
|poke|p2|Sinistcha-Masterpiece, L50|
|poke|p2|Ursaluna, L50, F|
|poke|p2|Gholdengo, L50|
|poke|p2|Malamar, L50, M|
|poke|p2|Incineroar, L50, M|
|poke|p2|Ninetales-Alola, L50, F|
|teampreview|4
|showteam|p1|Gholdengo||LifeOrb|GoodasGold|MakeItRain,ShadowBall,NastyPlot,Protect||||||50|,,,,,Water]Incineroar||AssaultVest|Intimidate|FakeOut,Uturn,KnockOff,FlareBlitz|||M|||50|,,,,,Ghost]Ursaluna||FlameOrb|Guts|Earthquake,Facade,HeadlongRush,Protect|||F|||50|,,,,,Ghost]Sinistcha||SitrusBerry|Hospitality|MatchaGotcha,LifeDew,RagePowder,TrickRoom||||||50|,,,,,Dark]Sneasler||FocusSash|PoisonTouch|DireClaw,CloseCombat,Coaching,Protect|||M|||50|,,,,,Flying]Dragonite||LoadedDice|Multiscale|ScaleShot,Haze,Tailwind,Protect|||F|||50|,,,,,Fairy
|showteam|p2|Sinistcha-Masterpiece||Leftovers|Hospitality|StrengthSap,RagePowder,LifeDew,MatchaGotcha||||||50|,,,,,Fire]Ursaluna||FlameOrb|Guts|Protect,Facade,Earthquake,HeadlongRush|||F|||50|,,,,,Ghost]Gholdengo||ChoiceScarf|GoodasGold|MakeItRain,FocusBlast,ShadowBall,PowerGem||||||50|,,,,,Steel]Malamar||SitrusBerry|Contrary|TrickRoom,KnockOff,Superpower,TopsyTurvy|||M|||50|,,,,,Fire]Incineroar||RockyHelmet|Intimidate|FakeOut,KnockOff,FlareBlitz,PartingShot|||M|||50|,,,,,Fairy]Ninetales-Alola||CovertCloak|SnowWarning|Blizzard,FakeTears,AuroraVeil,Charm|||F|||50|,,,,,Water
|inactive|Battle timer is ON: inactive players will automatically lose when time's up. (requested by wweewwzz)
|inactive|wweewwzz has 60 seconds left.
|inactive|Ggttmmhh has 60 seconds left.
|j| teamthief420
|
|t:|1755742168
|teamsize|p1|4
|teamsize|p2|4
|start
|switch|p1a: Incineroar|Incineroar, L50, M|100/100
|switch|p1b: Sneasler|Sneasler, L50, M|100/100
|switch|p2a: Ninetales|Ninetales-Alola, L50, F, shiny|100/100
|switch|p2b: Malamar|Malamar, L50, M, shiny|100/100
|-weather|Snowscape|[from] ability: Snow Warning|[of] p2a: Ninetales
|-ability|p1a: Incineroar|Intimidate|boost
|-unboost|p2a: Ninetales|atk|1
|-boost|p2b: Malamar|atk|1
|turn|1
|inactive|Ggttmmhh has 30 seconds left.
|inactive|Ggttmmhh has 20 seconds left.
|
|t:|1755742205
|move|p1b: Sneasler|Dire Claw|p2a: Ninetales
|-supereffective|p2a: Ninetales
|-damage|p2a: Ninetales|15/100
|move|p2a: Ninetales|Aurora Veil|p2a: Ninetales
|-sidestart|p2: Ggttmmhh|move: Aurora Veil
|move|p1a: Incineroar|U-turn|p2b: Malamar
|-supereffective|p2b: Malamar
|-damage|p2b: Malamar|37/100
|-enditem|p2b: Malamar|Sitrus Berry|[eat]
|-heal|p2b: Malamar|62/100|[from] item: Sitrus Berry
|
|t:|1755742211
|switch|p1a: Sinistcha|Sinistcha, L50|100/100|[from] U-turn
|move|p2b: Malamar|Trick Room|p2b: Malamar
|-fieldstart|move: Trick Room|[of] p2b: Malamar
|
|-weather|Snowscape|[upkeep]
|upkeep
|turn|2
|
|t:|1755742235
|switch|p2a: Sinistcha|Sinistcha-Masterpiece, L50|100/100
|-heal|p2b: Malamar|87/100|[from] ability: Hospitality|[of] p2a: Sinistcha
|-terastallize|p1a: Sinistcha|Dark
|move|p2b: Malamar|Knock Off|p1a: Sinistcha
|-resisted|p1a: Sinistcha
|-damage|p1a: Sinistcha|73/100
|-enditem|p1a: Sinistcha|Sitrus Berry|[from] move: Knock Off|[of] p2b: Malamar
|move|p1a: Sinistcha|Matcha Gotcha|p2b: Malamar|[spread] p2a,p2b
|-resisted|p2a: Sinistcha
|-damage|p2a: Sinistcha|92/100
|-heal|p1a: Sinistcha|77/100|[from] drain|[of] p2a: Sinistcha
|-damage|p2b: Malamar|70/100
|-heal|p1a: Sinistcha|86/100|[from] drain|[of] p2b: Malamar
|move|p1b: Sneasler|Close Combat|p2b: Malamar
|-damage|p2b: Malamar|24/100
|-unboost|p1b: Sneasler|def|1
|-unboost|p1b: Sneasler|spd|1
|
|-weather|Snowscape|[upkeep]
|-heal|p2a: Sinistcha|98/100|[from] item: Leftovers
|upkeep
|turn|3
|inactive|wweewwzz has 30 seconds left.
|inactive|Ggttmmhh has 30 seconds left.
|inactive|wweewwzz has 20 seconds left.
|inactive|Ggttmmhh has 20 seconds left.
|inactive|Ggttmmhh has 15 seconds left.
|inactive|Ggttmmhh has 10 seconds left.
|inactive|Ggttmmhh has 5 seconds left.
|
|t:|1755742286
|move|p2b: Malamar|Superpower|p1a: Sinistcha
|-supereffective|p1a: Sinistcha
|-damage|p1a: Sinistcha|0 fnt
|-boost|p2b: Malamar|atk|1
|-boost|p2b: Malamar|def|1
|faint|p1a: Sinistcha
|move|p2a: Sinistcha|Matcha Gotcha|p1b: Sneasler
|-resisted|p1b: Sneasler
|-damage|p1b: Sneasler|58/100
|-heal|p2a: Sinistcha|100/100|[from] drain|[of] p1b: Sneasler
|move|p1b: Sneasler|Dire Claw|p2b: Malamar
|-damage|p2b: Malamar|3/100
|-status|p2b: Malamar|slp
|
|-weather|Snowscape|[upkeep]
|upkeep
|
|t:|1755742293
|switch|p1a: Ursaluna|Ursaluna, L50, F, shiny|100/100
|turn|4
|inactive|Ggttmmhh has 30 seconds left.
|inactive|Ggttmmhh has 20 seconds left.
|inactive|Ggttmmhh has 15 seconds left.
|inactive|Ggttmmhh has 10 seconds left.
|inactive|Ggttmmhh has 5 seconds left.
|
|t:|1755742343
|move|p1b: Sneasler|Protect|p1b: Sneasler
|-singleturn|p1b: Sneasler|Protect
|cant|p2b: Malamar|slp
|move|p2a: Sinistcha|Matcha Gotcha|p1b: Sneasler|[spread] p1a
|-activate|p1b: Sneasler|move: Protect
|-supereffective|p1a: Ursaluna
|-damage|p1a: Ursaluna|40/100
|move|p1a: Ursaluna|Earthquake|p2b: Malamar|[spread] p2a,p2b
|-activate|p1b: Sneasler|move: Protect
|-resisted|p2a: Sinistcha
|-damage|p2a: Sinistcha|85/100
|-damage|p2b: Malamar|0 fnt
|faint|p2b: Malamar
|
|-weather|Snowscape|[upkeep]
|-heal|p2a: Sinistcha|91/100|[from] item: Leftovers
|-status|p1a: Ursaluna|brn|[from] item: Flame Orb
|upkeep
|
|t:|1755742356
|switch|p2b: Ursaluna|Ursaluna, L50, F|100/100
|turn|5
|
|t:|1755742369
|switch|p1a: Incineroar|Incineroar, L50, M|100/100
|-ability|p1a: Incineroar|Intimidate|boost
|-unboost|p2a: Sinistcha|atk|1
|-unboost|p2b: Ursaluna|atk|1
|move|p1b: Sneasler|Protect||[still]
|-fail|p1b: Sneasler
|move|p2b: Ursaluna|Earthquake|p1a: Incineroar|[spread] p2a,p1a,p1b
|-resisted|p2a: Sinistcha
|-supereffective|p1a: Incineroar
|-supereffective|p1b: Sneasler
|-damage|p2a: Sinistcha|83/100
|-damage|p1a: Incineroar|45/100
|-damage|p1b: Sneasler|0 fnt
|faint|p1b: Sneasler
|move|p2a: Sinistcha|Matcha Gotcha|p1a: Incineroar
|-resisted|p1a: Incineroar
|-damage|p1a: Incineroar|33/100
|-heal|p2a: Sinistcha|90/100|[from] drain|[of] p1a: Incineroar
|
|-weather|none
|-heal|p2a: Sinistcha|97/100|[from] item: Leftovers
|-sideend|p2: Ggttmmhh|move: Aurora Veil
|-fieldend|move: Trick Room
|-status|p2b: Ursaluna|brn|[from] item: Flame Orb
|upkeep
|
|t:|1755742376
|switch|p1b: Ursaluna|Ursaluna, L50, F, shiny|40/100 brn
|turn|6
|l| teamthief420
|inactive|Ggttmmhh has 30 seconds left.
|inactive|Ggttmmhh has 20 seconds left.
|
|t:|1755742416
|move|p1a: Incineroar|Flare Blitz|p2a: Sinistcha
|-supereffective|p2a: Sinistcha
|-damage|p2a: Sinistcha|0 fnt
|faint|p2a: Sinistcha
|-damage|p1a: Incineroar|5/100|[from] Recoil
|move|p1b: Ursaluna|Facade|p2b: Ursaluna
|-damage|p2b: Ursaluna|11/100 brn
|move|p2b: Ursaluna|Earthquake|p1a: Incineroar|[spread] p1a,p1b
|-supereffective|p1a: Incineroar
|-damage|p1a: Incineroar|0 fnt
|-damage|p1b: Ursaluna|6/100 brn
|faint|p1a: Incineroar
|
|-damage|p1b: Ursaluna|0 fnt|[from] brn
|faint|p1b: Ursaluna
|
|win|Ggttmmhh
|raw|wweewwzz's rating: 1192 → 1175(-17 for losing)
|raw|Ggttmmhh's rating: 1307 → 1321(+14 for winning)
