|j|☆bosspark1737376
|j|☆JSA08
|html|bosspark1737376JSA08    
|uhtml|bestof|Game 1 of a best-of-3
|t:|1756755948
|gametype|doubles
|player|p1|bosspark1737376|swimmerf|1053
|player|p2|JSA08|jasmine|1041
|gen|9
|tier|[Gen 9] VGC 2025 Reg H (Bo3)
|rated|
|rule|Species Clause: Limit one of each Pokémon
|rule|Item Clause: Limit 1 of each item
|clearpoke
|poke|p1|Sneasler, L50, M|
|poke|p1|Rillaboom, L50, M|
|poke|p1|Incineroar, L50, F|
|poke|p1|Porygon2, L50|
|poke|p1|Kingambit, L50, F|
|poke|p1|Sylveon, L50, M|
|poke|p2|Amoonguss, L50, F|
|poke|p2|Dragapult, L50, F|
|poke|p2|Volcarona, L50, F|
|poke|p2|Tyranitar, L50, F|
|poke|p2|Sneasler, L50, M|
|poke|p2|Clefable, L50, F|
|teampreview|4
|showteam|p1|Sneasler||GrassySeed|Unburden|DireClaw,CloseCombat,ThroatChop,Protect|||M|||50|,,,,,Dark]Rillaboom||AssaultVest|GrassySurge|WoodHammer,GrassyGlide,FakeOut,Uturn|||M|||50|,,,,,Fire]Incineroar||SafetyGoggles|Intimidate|FakeOut,FlareBlitz,KnockOff,PartingShot|||F|||50|,,,,,Ghost]Porygon2||Eviolite|Download|IceBeam,TeraBlast,Recover,TrickRoom||||||50|,,,,,Fighting]Kingambit||BlackGlasses|Defiant|KowtowCleave,SuckerPunch,Protect,SwordsDance|||F|||50|,,,,,Dark]Sylveon||ThroatSpray|Pixilate|HyperVoice,TeraBlast,CalmMind,Protect|||M|||50|,,,,,Flying
|showteam|p2|Amoonguss||SitrusBerry|Regenerator|RagePowder,PollenPuff,Spore,Protect|||F|||50|,,,,,Water]Dragapult||LifeOrb|ClearBody|DragonDarts,PhantomForce,TeraBlast,Protect|||F|||50|,,,,,Ghost]Volcarona||CovertCloak|FlameBody|QuiverDance,GigaDrain,HeatWave,Protect|||F|||50|,,,,,Grass]Tyranitar||AssaultVest|SandStream|RockBlast,KnockOff,LowKick,TeraBlast|||F|||50|,,,,,Flying]Sneasler||FocusSash|Unburden|DireClaw,CloseCombat,FakeOut,Protect|||M|||50|,,,,,Stellar]Clefable||SafetyGoggles|Unaware|Protect,FollowMe,Moonblast,HelpingHand|||F|||50|,,,,,Steel
|inactive|Battle timer is ON: inactive players will automatically lose when time's up. (requested by bosspark1737376)
|inactive|JSA08 has 60 seconds left.
|
|t:|1756755981
|teamsize|p1|4
|teamsize|p2|4
|start
|switch|p1a: Sneasler|Sneasler, L50, M, shiny|100/100
|switch|p1b: Rillaboom|Rillaboom, L50, M|100/100
|switch|p2a: Volcarona|Volcarona, L50, F, shiny|100/100
|switch|p2b: Clefable|Clefable, L50, F, shiny|100/100
|-fieldstart|move: Grassy Terrain|[from] ability: Grassy Surge|[of] p1b: Rillaboom
|-enditem|p1a: Sneasler|Grassy Seed
|-boost|p1a: Sneasler|def|1|[from] item: Grassy Seed
|turn|1
|inactive|bosspark1737376 has 30 seconds left.
|
|t:|1756756011
|move|p2a: Volcarona|Protect|p2a: Volcarona
|-singleturn|p2a: Volcarona|Protect
|move|p2b: Clefable|Protect|p2b: Clefable
|-singleturn|p2b: Clefable|Protect
|move|p1a: Sneasler|Dire Claw|p2a: Volcarona
|-activate|p2a: Volcarona|move: Protect
|move|p1b: Rillaboom|U-turn|p2b: Clefable
|-activate|p2b: Clefable|move: Protect
|
|upkeep
|turn|2
|
|t:|1756756022
|switch|p1b: Incineroar|Incineroar, L50, F|100/100
|-ability|p1b: Incineroar|Intimidate|boost
|-unboost|p2a: Volcarona|atk|1
|-unboost|p2b: Clefable|atk|1
|move|p1a: Sneasler|Protect|p1a: Sneasler
|-singleturn|p1a: Sneasler|Protect
|move|p2b: Clefable|Follow Me|p2b: Clefable
|-singleturn|p2b: Clefable|move: Follow Me
|move|p2a: Volcarona|Quiver Dance|p2a: Volcarona
|-boost|p2a: Volcarona|spa|1
|-boost|p2a: Volcarona|spd|1
|-boost|p2a: Volcarona|spe|1
|
|upkeep
|turn|3
|
|t:|1756756037
|move|p2a: Volcarona|Protect|p2a: Volcarona
|-singleturn|p2a: Volcarona|Protect
|move|p2b: Clefable|Protect|p2b: Clefable
|-singleturn|p2b: Clefable|Protect
|move|p1a: Sneasler|Dire Claw|p2a: Volcarona
|-activate|p2a: Volcarona|move: Protect
|move|p1b: Incineroar|Parting Shot|p2a: Volcarona
|-activate|p2a: Volcarona|move: Protect
|
|upkeep
|turn|4
|
|t:|1756756048
|move|p2b: Clefable|Follow Me|p2b: Clefable
|-singleturn|p2b: Clefable|move: Follow Me
|move|p1a: Sneasler|Dire Claw|p2b: Clefable
|-supereffective|p2b: Clefable
|-damage|p2b: Clefable|0 fnt
|faint|p2b: Clefable
|move|p2a: Volcarona|Quiver Dance|p2a: Volcarona
|-boost|p2a: Volcarona|spa|1
|-boost|p2a: Volcarona|spd|1
|-boost|p2a: Volcarona|spe|1
|move|p1b: Incineroar|Parting Shot|p2a: Volcarona
|-unboost|p2a: Volcarona|atk|1
|-unboost|p2a: Volcarona|spa|1
|
|t:|1756756060
|switch|p1b: Rillaboom|Rillaboom, L50, M|100/100|[from] Parting Shot
|
|upkeep
|
|t:|1756756064
|switch|p2b: Sneasler|Sneasler, L50, M|100/100
|turn|5
|
|t:|1756756072
|switch|p1b: Incineroar|Incineroar, L50, F|100/100
|-ability|p1b: Incineroar|Intimidate|boost
|-unboost|p2a: Volcarona|atk|1
|-unboost|p2b: Sneasler|atk|1
|move|p1a: Sneasler|Protect|p1a: Sneasler
|-singleturn|p1a: Sneasler|Protect
|move|p2b: Sneasler|Fake Out|p1b: Incineroar
|-damage|p1b: Incineroar|92/100
|move|p2a: Volcarona|Heat Wave|p1a: Sneasler|[spread] p1b
|-activate|p1a: Sneasler|move: Protect
|-resisted|p1b: Incineroar
|-damage|p1b: Incineroar|72/100
|
|-heal|p1b: Incineroar|78/100|[from] Grassy Terrain
|-fieldend|move: Grassy Terrain
|upkeep
|turn|6
|
|t:|1756756093
|switch|p1b: Rillaboom|Rillaboom, L50, M|100/100
|-fieldstart|move: Grassy Terrain|[from] ability: Grassy Surge|[of] p1b: Rillaboom
|move|p2a: Volcarona|Protect|p2a: Volcarona
|-singleturn|p2a: Volcarona|Protect
|move|p1a: Sneasler|Dire Claw|p2a: Volcarona
|-activate|p2a: Volcarona|move: Protect
|move|p2b: Sneasler|Close Combat|p1b: Rillaboom
|-damage|p1b: Rillaboom|56/100
|-unboost|p2b: Sneasler|def|1
|-unboost|p2b: Sneasler|spd|1
|
|-heal|p1b: Rillaboom|61/100|[from] Grassy Terrain
|upkeep
|turn|7
|
|t:|1756756113
|move|p1b: Rillaboom|Fake Out|p2a: Volcarona
|-damage|p2a: Volcarona|85/100
|move|p1a: Sneasler|Dire Claw|p2a: Volcarona
|-damage|p2a: Volcarona|33/100
|move|p2a: Volcarona|Heat Wave|p1a: Sneasler|[spread] p1a,p1b
|-supereffective|p1b: Rillaboom
|-damage|p1a: Sneasler|31/100
|-damage|p1b: Rillaboom|0 fnt
|-status|p1a: Sneasler|brn
|faint|p1b: Rillaboom
|move|p2b: Sneasler|Dire Claw|p1a: Sneasler
|-resisted|p1a: Sneasler
|-damage|p1a: Sneasler|13/100 brn
|
|-heal|p1a: Sneasler|19/100 brn|[from] Grassy Terrain
|-heal|p2a: Volcarona|39/100|[from] Grassy Terrain
|-damage|p1a: Sneasler|13/100 brn|[from] brn
|upkeep
|
|t:|1756756128
|switch|p1b: Sylveon|Sylveon, L50, M|100/100
|turn|8
|
|t:|1756756139
|move|p2a: Volcarona|Protect|p2a: Volcarona
|-singleturn|p2a: Volcarona|Protect
|move|p1b: Sylveon|Protect|p1b: Sylveon
|-singleturn|p1b: Sylveon|Protect
|move|p1a: Sneasler|Close Combat|p2b: Sneasler
|-resisted|p2b: Sneasler
|-damage|p2b: Sneasler|60/100
|-unboost|p1a: Sneasler|def|1
|-unboost|p1a: Sneasler|spd|1
|move|p2b: Sneasler|Dire Claw|p1b: Sylveon
|-activate|p1b: Sylveon|move: Protect
|
|-heal|p1a: Sneasler|19/100 brn|[from] Grassy Terrain
|-heal|p2a: Volcarona|45/100|[from] Grassy Terrain
|-heal|p2b: Sneasler|66/100|[from] Grassy Terrain
|-damage|p1a: Sneasler|13/100 brn|[from] brn
|upkeep
|turn|9
|inactive|bosspark1737376 has 30 seconds left.
|
|t:|1756756172
|switch|p1b: Incineroar|Incineroar, L50, F|78/100
|-ability|p1b: Incineroar|Intimidate|boost
|-unboost|p2a: Volcarona|atk|1
|-unboost|p2b: Sneasler|atk|1
|move|p1a: Sneasler|Close Combat|p2b: Sneasler
|-resisted|p2b: Sneasler
|-damage|p2b: Sneasler|25/100
|-unboost|p1a: Sneasler|def|1
|-unboost|p1a: Sneasler|spd|1
|move|p2a: Volcarona|Heat Wave|p1b: Incineroar|[spread] p1a,p1b
|-resisted|p1b: Incineroar
|-damage|p1a: Sneasler|0 fnt
|-damage|p1b: Incineroar|56/100
|faint|p1a: Sneasler
|move|p2b: Sneasler|Dire Claw|p1b: Incineroar
|-damage|p1b: Incineroar|36/100
|
|-heal|p2a: Volcarona|52/100|[from] Grassy Terrain
|-heal|p2b: Sneasler|31/100|[from] Grassy Terrain
|-heal|p1b: Incineroar|42/100|[from] Grassy Terrain
|upkeep
|
|t:|1756756188
|switch|p1a: Sylveon|Sylveon, L50, M|100/100
|turn|10
|
|t:|1756756196
|move|p2a: Volcarona|Protect|p2a: Volcarona
|-singleturn|p2a: Volcarona|Protect
|move|p2b: Sneasler|Protect|p2b: Sneasler
|-singleturn|p2b: Sneasler|Protect
|move|p1b: Incineroar|Fake Out|p2b: Sneasler
|-activate|p2b: Sneasler|move: Protect
|move|p1a: Sylveon|Calm Mind|p1a: Sylveon
|-boost|p1a: Sylveon|spa|1
|-boost|p1a: Sylveon|spd|1
|
|-heal|p2a: Volcarona|58/100|[from] Grassy Terrain
|-heal|p2b: Sneasler|37/100|[from] Grassy Terrain
|-heal|p1b: Incineroar|48/100|[from] Grassy Terrain
|-fieldend|move: Grassy Terrain
|upkeep
|turn|11
|inactive|bosspark1737376 has 30 seconds left.
|
|t:|1756756224
|move|p2a: Volcarona|Giga Drain|p1a: Sylveon
|-damage|p1a: Sylveon|83/100
|-heal|p2a: Volcarona|68/100|[from] drain|[of] p1a: Sylveon
|move|p2b: Sneasler|Close Combat|p1b: Incineroar
|-supereffective|p1b: Incineroar
|-crit|p1b: Incineroar
|-damage|p1b: Incineroar|0 fnt
|-unboost|p2b: Sneasler|def|1
|-unboost|p2b: Sneasler|spd|1
|faint|p1b: Incineroar
|move|p1a: Sylveon|Hyper Voice|p2a: Volcarona|[spread] p2a,p2b
|-resisted|p2a: Volcarona
|-damage|p2a: Volcarona|54/100
|-damage|p2b: Sneasler|0 fnt
|faint|p2b: Sneasler
|-enditem|p1a: Sylveon|Throat Spray
|-boost|p1a: Sylveon|spa|1|[from] item: Throat Spray
|
|upkeep
|
|t:|1756756230
|switch|p2b: Amoonguss|Amoonguss, L50, F|100/100
|turn|12
|
|t:|1756756244
|-terastallize|p1a: Sylveon|Flying
|move|p2a: Volcarona|Quiver Dance|p2a: Volcarona
|-boost|p2a: Volcarona|spa|1
|-boost|p2a: Volcarona|spd|1
|-boost|p2a: Volcarona|spe|1
|move|p1a: Sylveon|Tera Blast|p2a: Volcarona|[anim] Tera Blast Flying
|-supereffective|p2a: Volcarona
|-damage|p2a: Volcarona|1/100
|move|p2b: Amoonguss|Spore|p1a: Sylveon
|-status|p1a: Sylveon|slp|[from] move: Spore
|
|upkeep
|turn|13
|
|t:|1756756265
|-terastallize|p2b: Amoonguss|Water
|move|p2a: Volcarona|Heat Wave|p1a: Sylveon
|-damage|p1a: Sylveon|42/100 slp
|cant|p1a: Sylveon|slp
|move|p2b: Amoonguss|Pollen Puff|p2a: Volcarona
|-heal|p2a: Volcarona|51/100
|
|upkeep
|turn|14
|
|t:|1756756275
|move|p2a: Volcarona|Giga Drain|p1a: Sylveon
|-resisted|p1a: Sylveon
|-damage|p1a: Sylveon|31/100 slp
|-heal|p2a: Volcarona|57/100|[from] drain|[of] p1a: Sylveon
|cant|p1a: Sylveon|slp
|move|p2b: Amoonguss|Pollen Puff|p2a: Volcarona
|-heal|p2a: Volcarona|100/100
|
|upkeep
|turn|15
|
|t:|1756756284
|move|p2b: Amoonguss|Rage Powder|p2b: Amoonguss
|-singleturn|p2b: Amoonguss|move: Rage Powder
|move|p2a: Volcarona|Heat Wave|p1a: Sylveon
|-damage|p1a: Sylveon|0 fnt
|faint|p1a: Sylveon
|
|win|JSA08
||JSA08 is ready for game 2.
||bosspark1737376 is ready for game 2.
|uhtml|next|Next: Game 2 of 3
|l|☆bosspark1737376
|player|p1|
