|j|☆resourcespro
|j|☆ufhednarvgc
|html|resourcesproufhednarvgc    
|uhtml|bestof|Game 1 of a best-of-3
|t:|1785960199
|gametype|doubles
|player|p1|resourcespro|lucas-gen4pt|1101
|player|p2|ufhednarvgc|lance|1107
|gen|9
|tier|[Gen 9 Champions] VGC 2026 Reg M-B (Bo3)
|rated|
|rule|Species Clause: Limit one of each Pokémon
|rule|Item Clause: Limit 1 of each item
|clearpoke
|poke|p1|Annihilape, L50, M|
|poke|p1|Clefable, L50, F|
|poke|p1|Excadrill, L50, F|
|poke|p1|Tyranitar, L50, F|
|poke|p1|Scizor, L50, M|
|poke|p1|Meowscarada, L50, M|
|poke|p2|Arcanine-Hisui, L50, F|
|poke|p2|Kingambit, L50, M|
|poke|p2|Raichu, L50, F|
|poke|p2|Farigiraf, L50, M|
|poke|p2|Sylveon, L50, F|
|poke|p2|Staraptor, L50, M|
|teampreview|4
|showteam|p1|Annihilape|||InnerFocus|BulkUp,Acrobatics,DrainPunch,RageFist|Adamant||M|||50|]Clefable||Clefablite|MagicGuard|FollowMe,Flamethrower,LightScreen,Thunderbolt|Modest||F|||50|]Excadrill||FocusSash|SandRush|Earthquake,RockSlide,SwordsDance,BrickBreak|Adamant||F|||50|]Tyranitar||SmoothRock|SandStream|FireBlast,IceBeam,Thunderbolt,DarkPulse|Modest||F|||50|]Scizor||ExpertBelt|Technician|BulletPunch,BugBite,DualWingbeat,Trailblaze|Adamant||M|||50|]Meowscarada||LifeOrb|Overgrow|Taunt,Protect,FlowerTrick,TripleAxel|Jolly||M|||50|
|showteam|p2|Arcanine-Hisui||FocusSash|RockHead|FlareBlitz,HeadSmash,ExtremeSpeed,Protect|Jolly||F|||50|]Kingambit||LifeOrb|Defiant|KowtowCleave,SuckerPunch,SwordsDance,Protect|Adamant||M|||50|]Raichu||RaichuniteY|LightningRod|ZapCannon,FocusBlast,FakeOut,Protect|Timid||F|||50|]Farigiraf||SitrusBerry|ArmorTail|Psychic,HelpingHand,TrickRoom,Protect|Modest||M|||50|]Sylveon||FairyFeather|Pixilate|HyperVoice,HyperBeam,QuickAttack,Detect|Modest||F|||50|]Staraptor||Staraptite|Intimidate|CloseCombat,DualWingbeat,Roost,Protect|Jolly||M|||50|
|
|t:|1785960266
|teamsize|p1|4
|teamsize|p2|4
|start
|switch|p1a: Clefable|Clefable, L50, F|100/100
|switch|p1b: Annihilape|Annihilape, L50, M|100/100
|switch|p2a: Raichu|Raichu, L50, F|100/100
|switch|p2b: Kingambit|Kingambit, L50, M|100/100
|turn|1
|
|t:|1785960318
|switch|p2b: Sylveon|Sylveon, L50, F|100/100
|detailschange|p2a: Raichu|Raichu-Mega-Y, L50, F
|-mega|p2a: Raichu|Raichu|Raichunite Y
|move|p2a: Raichu|Zap Cannon|p1a: Clefable
|-damage|p1a: Clefable|35/100
|-status|p1a: Clefable|par
|move|p1b: Annihilape|Drain Punch|p2b: Sylveon
|-resisted|p2b: Sylveon|1
|-damage|p2b: Sylveon|77/100
|move|p1a: Clefable|Light Screen|p1a: Clefable
|-sidestart|p1: resourcespro|move: Light Screen
|
|upkeep
|turn|2
|
|t:|1785960356
|switch|p1a: Excadrill|Excadrill, L50, F|100/100
|move|p2a: Raichu|Zap Cannon|p1b: Annihilape
|-damage|p1b: Annihilape|63/100
|-status|p1b: Annihilape|par
|move|p2b: Sylveon|Hyper Voice|p1b: Annihilape|[spread] p1a,p1b
|-resisted|p1a: Excadrill|1
|-supereffective|p1b: Annihilape|1
|-damage|p1a: Excadrill|78/100
|-damage|p1b: Annihilape|5/100 par
|move|p1b: Annihilape|Acrobatics|p2b: Sylveon
|-damage|p2b: Sylveon|33/100
|
|upkeep
|turn|3
|
|t:|1785960384
|move|p2b: Sylveon|Quick Attack|p1b: Annihilape
|-supereffective|p1b: Annihilape|1
|-damage|p1b: Annihilape|0 fnt
|faint|p1b: Annihilape
|move|p2a: Raichu|Focus Blast|p1a: Excadrill
|-supereffective|p1a: Excadrill|1
|-damage|p1a: Excadrill|0 fnt
|faint|p1a: Excadrill
|
|upkeep
|
|t:|1785960392
|switch|p1a: Meowscarada|Meowscarada, L50, M|100/100
|switch|p1b: Clefable|Clefable, L50, F|35/100 par
|turn|4
|
|t:|1785960418
|detailschange|p1b: Clefable|Clefable-Mega, L50, F
|-mega|p1b: Clefable|Clefable|Clefablite
|move|p2a: Raichu|Zap Cannon|p1a: Meowscarada
|-resisted|p1a: Meowscarada|1
|-damage|p1a: Meowscarada|67/100
|-status|p1a: Meowscarada|par
|move|p1a: Meowscarada|Flower Trick|p2b: Sylveon
|-crit|p2b: Sylveon
|-damage|p2b: Sylveon|0 fnt
|faint|p2b: Sylveon
|-damage|p1a: Meowscarada|58/100 par|[from] item: Life Orb
|move|p1b: Clefable|Flamethrower|p2a: Raichu
|-damage|p2a: Raichu|53/100
|
|upkeep
|
|t:|1785960431
|switch|p2b: Arcanine|Arcanine-Hisui, L50, F|100/100
|turn|5
|
|t:|1785960454
|move|p2a: Raichu|Zap Cannon|p1b: Clefable
|-supereffective|p1b: Clefable|1
|-damage|p1b: Clefable|0 fnt
|faint|p1b: Clefable
|move|p2b: Arcanine|Flare Blitz|p1a: Meowscarada
|-supereffective|p1a: Meowscarada|1
|-damage|p1a: Meowscarada|0 fnt
|faint|p1a: Meowscarada
|
|win|ufhednarvgc
||ufhednarvgc is ready for game 2.
|inactive|resourcespro has 30 seconds to confirm battle start!
||resourcespro is ready for game 2.
|uhtml|next|Next: Game 2 of 3
