|j|☆Swift Demise
|j|☆slubkid
|html|Swift Demiseslubkid    
|uhtml|bestof|Game 1 of a best-of-3
|t:|1784087152
|gametype|doubles
|player|p1|Swift Demise|lucas|1105
|player|p2|slubkid|camper|1155
|gen|9
|tier|[Gen 9 Champions] VGC 2026 Reg M-B (Bo3)
|rated|
|rule|Species Clause: Limit one of each Pokémon
|rule|Item Clause: Limit 1 of each item
|clearpoke
|poke|p1|Grimmsnarl, L50, M|
|poke|p1|Pelipper, L50, M|
|poke|p1|Archaludon, L50, F|
|poke|p1|Charizard, L50, F|
|poke|p1|Basculegion, L50, M|
|poke|p1|Venusaur, L50, M|
|poke|p2|Gholdengo, L50|
|poke|p2|Whimsicott, L50, M|
|poke|p2|Staraptor, L50, F|
|poke|p2|Charizard, L50, M|
|poke|p2|Sylveon, L50, F, shiny|
|poke|p2|Grimmsnarl, L50, M|
|teampreview|4
|showteam|p1|Grimmsnarl||LightClay|Prankster|SpiritBreak,Reflect,LightScreen,PartingShot|Careful||M|||50|]Pelipper||SitrusBerry|Drizzle|Hurricane,WeatherBall,Tailwind,WideGuard|Modest||M|||50|]Archaludon||Leftovers|Stamina|DragonPulse,FlashCannon,ElectroShot,Protect|Modest||F|||50|]Charizard||CharizarditeY|Blaze|HeatWave,HelpingHand,WeatherBall,Protect|Modest||F|||50|]Basculegion||ChoiceScarf|Adaptability|WaveCrash,FlipTurn,LastRespects,AquaJet|Jolly||M|||50|]Venusaur||LifeOrb|Chlorophyll|SludgeBomb,EarthPower,SolarBeam,Protect|Modest||M|||50|
|showteam|p2|Gholdengo||ChoiceScarf|GoodasGold|ShadowBall,MakeItRain,Thunder,PowerGem|Timid|||||50|]Whimsicott||FocusSash|Prankster|Moonblast,Charm,Tailwind,Encore|Bold||M|||50|]Staraptor||Staraptite|Intimidate|BraveBird,CloseCombat,Roost,Protect|Jolly||F|||50|]Charizard||CharizarditeY|Blaze|WeatherBall,HeatWave,SolarBeam,Protect|Modest||M|||50|]Sylveon||FairyFeather|Pixilate|HyperVoice,HyperBeam,QuickAttack,Detect|Modest||F|||50|]Grimmsnarl||ExpertBelt|Prankster|FakeOut,SuckerPunch,ThunderPunch,PartingShot|Adamant||M|||50|
|inactive|Battle timer is ON: inactive players will automatically lose when time's up. (requested by slubkid)
|
|t:|1784087203
|teamsize|p1|4
|teamsize|p2|4
|start
|switch|p1a: Charizard|Charizard, L50, F|100/100
|switch|p1b: Venusaur|Venusaur, L50, M|100/100
|switch|p2a: Charizard|Charizard, L50, M|100/100
|switch|p2b: Sylveon|Sylveon, L50, F, shiny|100/100
|turn|1
|inactive|Swift Demise has 30 seconds left.
|
|t:|1784087234
|detailschange|p2a: Charizard|Charizard-Mega-Y, L50, M
|-mega|p2a: Charizard|Charizard|Charizardite Y
|-weather|SunnyDay|[from] ability: Drought|[of] p2a: Charizard
|detailschange|p1a: Charizard|Charizard-Mega-Y, L50, F
|-mega|p1a: Charizard|Charizard|Charizardite Y
|move|p1b: Venusaur|Protect|p1b: Venusaur
|-singleturn|p1b: Venusaur|Protect
|move|p2a: Charizard|Heat Wave|p1a: Charizard|[spread] p1a
|-activate|p1b: Venusaur|move: Protect
|-resisted|p1a: Charizard|1
|-damage|p1a: Charizard|72/100
|move|p1a: Charizard|Heat Wave|p2b: Sylveon|[spread] p2a,p2b
|-resisted|p2a: Charizard|1
|-damage|p2a: Charizard|73/100
|-damage|p2b: Sylveon|49/100
|move|p2b: Sylveon|Hyper Beam|p1a: Charizard
|-resisted|p1a: Charizard|1
|-damage|p1a: Charizard|24/100
|-mustrecharge|p2b: Sylveon
|
|-weather|SunnyDay|[upkeep]
|upkeep
|turn|2
|
|t:|1784087253
|switch|p1b: Pelipper|Pelipper, L50, M|100/100
|-weather|RainDance|[from] ability: Drizzle|[of] p1b: Pelipper
|move|p2a: Charizard|Heat Wave|p1a: Charizard|[spread] p1b
|-miss|p2a: Charizard|p1a: Charizard
|-resisted|p1b: Pelipper|1
|-damage|p1b: Pelipper|86/100
|move|p1a: Charizard|Weather Ball|p2a: Charizard
|-supereffective|p2a: Charizard|1
|-damage|p2a: Charizard|0 fnt
|faint|p2a: Charizard
|cant|p2b: Sylveon|recharge
|
|-weather|RainDance|[upkeep]
|upkeep
|
|t:|1784087264
|switch|p2a: Gholdengo|Gholdengo, L50|100/100
|turn|3
|inactive|Swift Demise has 30 seconds left.
|inactive|Swift Demise has 20 seconds left.
|inactive|Swift Demise has 15 seconds left.
|inactive|Swift Demise has 10 seconds left.
|
|t:|1784087313
|switch|p1a: Basculegion|Basculegion, L50, M|100/100
|move|p2a: Gholdengo|Thunder|p1b: Pelipper
|-supereffective|p1b: Pelipper|2
|-damage|p1b: Pelipper|0 fnt
|faint|p1b: Pelipper
|move|p2b: Sylveon|Hyper Voice|p1a: Basculegion
|-damage|p1a: Basculegion|33/100
|
|-weather|RainDance|[upkeep]
|upkeep
|
|t:|1784087331
|switch|p1b: Venusaur|Venusaur, L50, M|100/100
|turn|4
|
|t:|1784087354
|move|p2b: Sylveon|Quick Attack|p1a: Basculegion
|-damage|p1a: Basculegion|17/100
|move|p2a: Gholdengo|Thunder|p1a: Basculegion
|-supereffective|p1a: Basculegion|1
|-crit|p1a: Basculegion
|-damage|p1a: Basculegion|0 fnt
|faint|p1a: Basculegion
|move|p1b: Venusaur|Sludge Bomb|p2b: Sylveon
|-supereffective|p2b: Sylveon|1
|-damage|p2b: Sylveon|0 fnt
|faint|p2b: Sylveon
|-damage|p1b: Venusaur|90/100|[from] item: Life Orb
|
|-weather|RainDance|[upkeep]
|upkeep
|
|t:|1784087362
|switch|p1a: Charizard|Charizard-Mega-Y, L50, F|24/100
|switch|p2b: Grimmsnarl|Grimmsnarl, L50, M|100/100
|-weather|SunnyDay|[from] ability: Drought|[of] p1a: Charizard
|turn|5
|inactive|slubkid has 30 seconds left.
|
|t:|1784087389
|move|p1b: Venusaur|Protect|p1b: Venusaur
|-singleturn|p1b: Venusaur|Protect
|move|p1a: Charizard|Protect|p1a: Charizard
|-singleturn|p1a: Charizard|Protect
|move|p2b: Grimmsnarl|Fake Out|p1a: Charizard
|-activate|p1a: Charizard|move: Protect
|move|p2a: Gholdengo|Thunder|p1b: Venusaur
|-activate|p1b: Venusaur|move: Protect
|
|-weather|SunnyDay|[upkeep]
|upkeep
|turn|6
|
|t:|1784087403
|move|p1a: Charizard|Helping Hand|p1b: Venusaur
|-singleturn|p1b: Venusaur|Helping Hand|[of] p1a: Charizard
|move|p2b: Grimmsnarl|Sucker Punch||[still]
|-fail|p2b: Grimmsnarl
|move|p1b: Venusaur|Earth Power|p2a: Gholdengo
|-supereffective|p2a: Gholdengo|1
|-damage|p2a: Gholdengo|0 fnt
|faint|p2a: Gholdengo
|-damage|p1b: Venusaur|80/100|[from] item: Life Orb
|
|-weather|SunnyDay|[upkeep]
|upkeep
|turn|7
|
|t:|1784087420
|move|p1a: Charizard|Helping Hand|p1b: Venusaur
|-singleturn|p1b: Venusaur|Helping Hand|[of] p1a: Charizard
|move|p2b: Grimmsnarl|Sucker Punch|p1b: Venusaur
|-damage|p1b: Venusaur|32/100
|move|p1b: Venusaur|Solar Beam||[still]
|-prepare|p1b: Venusaur|Solar Beam
|-anim|p1b: Venusaur|Solar Beam|p2b: Grimmsnarl
|-damage|p2b: Grimmsnarl|0 fnt
|faint|p2b: Grimmsnarl
|-damage|p1b: Venusaur|22/100|[from] item: Life Orb
|
|win|Swift Demise
||slubkid is ready for game 2.
|inactive|Swift Demise has 30 seconds to confirm battle start!
||Swift Demise is ready for game 2.
|uhtml|next|Next: Game 2 of 3
|l|☆slubkid
|player|p2|
