|j|☆Lamortse
|j|☆geardox
|html|Lamortsegeardox    
|uhtml|bestof|Game 1 of a best-of-3
|t:|1756754018
|gametype|doubles
|player|p1|Lamortse|101|1075
|player|p2|geardox|cyclist|1165
|gen|9
|tier|[Gen 9] VGC 2025 Reg H (Bo3)
|rated|
|rule|Species Clause: Limit one of each Pokémon
|rule|Item Clause: Limit 1 of each item
|clearpoke
|poke|p1|Dragapult, L50, F|
|poke|p1|Tyranitar, L50, M|
|poke|p1|Corviknight, L50, M|
|poke|p1|Primarina, L50, F|
|poke|p1|Incineroar, L50, M|
|poke|p1|Amoonguss, L50, F|
|poke|p2|Sneasler, L50, M|
|poke|p2|Garchomp, L50, M|
|poke|p2|Corviknight, L50, M|
|poke|p2|Archaludon, L50, M|
|poke|p2|Amoonguss, L50, F|
|poke|p2|Incineroar, L50, M|
|teampreview|4
|showteam|p1|Dragapult||ChoiceBand|ClearBody|DragonDarts,Uturn,TeraBlast,PhantomForce|||F|||50|,,,,,Ground]Tyranitar||AssaultVest|SandStream|RockSlide,KnockOff,LowKick,TeraBlast|||M|||50|,,,,,Flying]Corviknight||Leftovers|MirrorArmor|BraveBird,Tailwind,IronHead,BulkUp|||M|||50|,,,,,Dragon]Primarina||SitrusBerry|LiquidVoice|HyperVoice,Moonblast,Protect,Haze|||F|||50|,,,,,Poison]Incineroar||SafetyGoggles|Intimidate|Taunt,FakeOut,FlareBlitz,PartingShot|||M|||50|,,,,,Ghost]Amoonguss||RockyHelmet|Regenerator|SludgeBomb,Spore,RagePowder,Protect|||F|||50|,,,,,Fairy
|showteam|p2|Sneasler||FocusSash|Unburden|DireClaw,CloseCombat,ThroatChop,Coaching|||M|||50|,,,,,Ghost]Garchomp||LifeOrb|RoughSkin|Protect,Earthquake,DragonClaw,StompingTantrum|||M|||50|,,,,,Ground]Corviknight||SitrusBerry|MirrorArmor|BraveBird,Tailwind,Roost,IronHead|||M|||50|,,,,,Fire]Archaludon||PowerHerb|Stamina|Protect,DracoMeteor,FlashCannon,ElectroShot|||M|||50|,,,,,Dragon]Amoonguss||RockyHelmet|Regenerator|ClearSmog,RagePowder,Spore,PollenPuff|||F|||50|,,,,,Water]Incineroar||AssaultVest|Intimidate|KnockOff,FlareBlitz,FakeOut,Uturn|||M|||50|,,,,,Ghost
|inactive|Battle timer is ON: inactive players will automatically lose when time's up. (requested by Lamortse)
|c|☆geardox|glhf
|inactive|Lamortse has 60 seconds left.
|inactive|geardox has 60 seconds left.
|c|☆Lamortse|u2
|
|t:|1756754070
|teamsize|p1|4
|teamsize|p2|4
|start
|switch|p1a: Dragapult|Dragapult, L50, F|100/100
|switch|p1b: Corviknight|Corviknight, L50, M|100/100
|switch|p2a: Incineroar|Incineroar, L50, M|100/100
|switch|p2b: Eggman|Corviknight, L50, M, shiny|100/100
|-ability|p2a: Incineroar|Intimidate|boost
|-fail|p1a: Dragapult|unboost|[from] ability: Clear Body|[of] p1a: Dragapult
|-ability|p1b: Corviknight|Mirror Armor
|-unboost|p2a: Incineroar|atk|1
|turn|1
|inactive|Lamortse has 30 seconds left.
|inactive|geardox has 30 seconds left.
|inactive|Lamortse has 20 seconds left.
|
|t:|1756754107
|move|p1a: Dragapult|Dragon Darts|p2b: Eggman
|-resisted|p2b: Eggman
|-damage|p2b: Eggman|84/100
|-anim|p1a: Dragapult|Dragon Darts|p2a: Incineroar
|-damage|p2a: Incineroar|61/100
|move|p2a: Incineroar|Flare Blitz|p1b: Corviknight
|-supereffective|p1b: Corviknight
|-damage|p1b: Corviknight|46/100
|-damage|p2a: Incineroar|43/100|[from] Recoil
|move|p2b: Eggman|Tailwind|p2b: Eggman
|-sidestart|p2: geardox|move: Tailwind
|move|p1b: Corviknight|Iron Head|p2b: Eggman
|-resisted|p2b: Eggman
|-damage|p2b: Eggman|69/100
|
|-heal|p1b: Corviknight|52/100|[from] item: Leftovers
|upkeep
|turn|2
|inactive|geardox has 30 seconds left.
|
|t:|1756754135
|switch|p1b: Primarina|Primarina, L50, F|100/100
|move|p2a: Incineroar|Knock Off|p1a: Dragapult
|-supereffective|p1a: Dragapult
|-damage|p1a: Dragapult|28/100
|-enditem|p1a: Dragapult|Choice Band|[from] move: Knock Off|[of] p2a: Incineroar
|move|p1a: Dragapult|Dragon Darts|p2b: Eggman
|-resisted|p2b: Eggman
|-damage|p2b: Eggman|59/100
|-anim|p1a: Dragapult|Dragon Darts|p2a: Incineroar
|-crit|p2a: Incineroar
|-damage|p2a: Incineroar|7/100
|move|p2b: Eggman|Iron Head|p1b: Primarina
|-damage|p1b: Primarina|72/100
|
|upkeep
|turn|3
|inactive|geardox has 30 seconds left.
|inactive|geardox has 20 seconds left.
|inactive|geardox has 15 seconds left.
|
|t:|1756754178
|switch|p1a: Corviknight|Corviknight, L50, M|52/100
|move|p2a: Incineroar|Knock Off|p1b: Primarina
|-resisted|p1b: Primarina
|-damage|p1b: Primarina|52/100
|-enditem|p1b: Primarina|Sitrus Berry|[from] move: Knock Off|[of] p2a: Incineroar
|move|p2b: Eggman|Brave Bird|p1a: Corviknight
|-resisted|p1a: Corviknight
|-damage|p1a: Corviknight|37/100
|-damage|p2b: Eggman|54/100|[from] Recoil
|move|p1b: Primarina|Hyper Voice|p2b: Eggman|[spread] p2a,p2b
|-supereffective|p2a: Incineroar
|-damage|p2a: Incineroar|0 fnt
|-damage|p2b: Eggman|26/100
|-enditem|p2b: Eggman|Sitrus Berry|[eat]
|-heal|p2b: Eggman|51/100|[from] item: Sitrus Berry
|faint|p2a: Incineroar
|
|-heal|p1a: Corviknight|43/100|[from] item: Leftovers
|upkeep
|
|t:|1756754195
|switch|p2a: Riku|Sneasler, L50, M|100/100
|turn|4
|
|t:|1756754208
|switch|p1a: Incineroar|Incineroar, L50, M|100/100
|-ability|p1a: Incineroar|Intimidate|boost
|-unboost|p2a: Riku|atk|1
|-ability|p2b: Eggman|Mirror Armor
|-unboost|p1a: Incineroar|atk|1
|move|p1b: Primarina|Protect|p1b: Primarina
|-singleturn|p1b: Primarina|Protect
|move|p2a: Riku|Close Combat|p1a: Incineroar
|-supereffective|p1a: Incineroar
|-damage|p1a: Incineroar|30/100
|-unboost|p2a: Riku|def|1
|-unboost|p2a: Riku|spd|1
|move|p2b: Eggman|Brave Bird|p1b: Primarina
|-activate|p1b: Primarina|move: Protect
|
|-sideend|p2: geardox|move: Tailwind
|upkeep
|turn|5
|inactive|Lamortse has 30 seconds left.
|inactive|geardox has 30 seconds left.
|
|t:|1756754245
|move|p1a: Incineroar|Fake Out|p2a: Riku
|-damage|p2a: Riku|82/100
|cant|p2a: Riku|flinch
|move|p2b: Eggman|Tailwind|p2b: Eggman
|-sidestart|p2: geardox|move: Tailwind
|move|p1b: Primarina|Moonblast|p2a: Riku
|-damage|p2a: Riku|0 fnt
|faint|p2a: Riku
|
|upkeep
|
|t:|1756754255
|switch|p2a: Stinky Pete|Garchomp, L50, M|100/100
|turn|6
|
|t:|1756754263
|switch|p1a: Corviknight|Corviknight, L50, M|43/100
|-terastallize|p2a: Stinky Pete|Ground
|move|p1b: Primarina|Protect|p1b: Primarina
|-singleturn|p1b: Primarina|Protect
|move|p2a: Stinky Pete|Earthquake|p1b: Primarina|[spread] 
|-activate|p1b: Primarina|move: Protect
|-immune|p2b: Eggman
|-immune|p1a: Corviknight
|move|p2b: Eggman|Roost|p2b: Eggman
|-heal|p2b: Eggman|100/100
|-singleturn|p2b: Eggman|move: Roost
|
|-heal|p1a: Corviknight|49/100|[from] item: Leftovers
|upkeep
|turn|7
|
|t:|1756754282
|switch|p1b: Incineroar|Incineroar, L50, M|30/100
|-ability|p1b: Incineroar|Intimidate|boost
|-unboost|p2a: Stinky Pete|atk|1
|-ability|p2b: Eggman|Mirror Armor
|-unboost|p1b: Incineroar|atk|1
|move|p2a: Stinky Pete|Stomping Tantrum|p1b: Incineroar
|-supereffective|p1b: Incineroar
|-damage|p1b: Incineroar|0 fnt
|faint|p1b: Incineroar
|-damage|p2a: Stinky Pete|91/100|[from] item: Life Orb
|move|p2b: Eggman|Iron Head|p1a: Corviknight
|-resisted|p1a: Corviknight
|-damage|p1a: Corviknight|39/100
|cant|p1a: Corviknight|flinch
|
|-heal|p1a: Corviknight|45/100|[from] item: Leftovers
|upkeep
|
|t:|1756754287
|switch|p1b: Dragapult|Dragapult, L50, F|28/100
|turn|8
|
|t:|1756754305
|switch|p1b: Primarina|Primarina, L50, F|52/100
|move|p2a: Stinky Pete|Dragon Claw|p1b: Primarina
|-immune|p1b: Primarina
|move|p2b: Eggman|Iron Head|p1a: Corviknight
|-resisted|p1a: Corviknight
|-damage|p1a: Corviknight|35/100
|move|p1a: Corviknight|Tailwind|p1a: Corviknight
|-sidestart|p1: Lamortse|move: Tailwind
|
|-heal|p1a: Corviknight|41/100|[from] item: Leftovers
|-sideend|p2: geardox|move: Tailwind
|upkeep
|turn|9
|
|t:|1756754327
|move|p2a: Stinky Pete|Protect|p2a: Stinky Pete
|-singleturn|p2a: Stinky Pete|Protect
|move|p1a: Corviknight|Brave Bird|p2a: Stinky Pete
|-activate|p2a: Stinky Pete|move: Protect
|move|p1b: Primarina|Hyper Voice|p2b: Eggman|[spread] p2b
|-activate|p2a: Stinky Pete|move: Protect
|-damage|p2b: Eggman|74/100
|move|p2b: Eggman|Tailwind|p2b: Eggman
|-sidestart|p2: geardox|move: Tailwind
|
|-heal|p1a: Corviknight|47/100|[from] item: Leftovers
|upkeep
|turn|10
|inactive|geardox has 30 seconds left.
|
|t:|1756754356
|move|p2a: Stinky Pete|Earthquake|p1a: Corviknight|[spread] p1b
|-immune|p2b: Eggman
|-immune|p1a: Corviknight
|-damage|p1b: Primarina|0 fnt
|faint|p1b: Primarina
|-damage|p2a: Stinky Pete|81/100|[from] item: Life Orb
|move|p2b: Eggman|Iron Head|p1a: Corviknight
|-resisted|p1a: Corviknight
|-damage|p1a: Corviknight|36/100
|move|p1a: Corviknight|Brave Bird|p2a: Stinky Pete
|-damage|p2a: Stinky Pete|31/100
|-damage|p1a: Corviknight|23/100|[from] ability: Rough Skin|[of] p2a: Stinky Pete
|-damage|p1a: Corviknight|8/100|[from] Recoil
|
|-heal|p1a: Corviknight|14/100|[from] item: Leftovers
|upkeep
|
|t:|1756754360
|switch|p1b: Dragapult|Dragapult, L50, F|28/100
|turn|11
|inactive|geardox has 30 seconds left.
|
|t:|1756754389
|-terastallize|p1b: Dragapult|Ground
|move|p2a: Stinky Pete|Protect|p2a: Stinky Pete
|-singleturn|p2a: Stinky Pete|Protect
|move|p1b: Dragapult|Dragon Darts|p2b: Eggman
|-resisted|p2b: Eggman
|-damage|p2b: Eggman|63/100
|-anim|p1b: Dragapult|Dragon Darts|p2b: Eggman
|-resisted|p2b: Eggman
|-crit|p2b: Eggman
|-damage|p2b: Eggman|48/100
|move|p2b: Eggman|Roost|p2b: Eggman
|-heal|p2b: Eggman|98/100
|-singleturn|p2b: Eggman|move: Roost
|move|p1a: Corviknight|Brave Bird|p2a: Stinky Pete
|-activate|p2a: Stinky Pete|move: Protect
|
|-heal|p1a: Corviknight|20/100|[from] item: Leftovers
|-sideend|p1: Lamortse|move: Tailwind
|upkeep
|turn|12
|
|t:|1756754412
|move|p2a: Stinky Pete|Earthquake|p1b: Dragapult|[spread] p1b
|-immune|p2b: Eggman
|-immune|p1a: Corviknight
|-damage|p1b: Dragapult|0 fnt
|faint|p1b: Dragapult
|-damage|p2a: Stinky Pete|21/100|[from] item: Life Orb
|move|p2b: Eggman|Iron Head|p1a: Corviknight
|-resisted|p1a: Corviknight
|-damage|p1a: Corviknight|10/100
|move|p1a: Corviknight|Brave Bird|p2a: Stinky Pete
|-damage|p2a: Stinky Pete|0 fnt
|-damage|p1a: Corviknight|0 fnt|[from] ability: Rough Skin|[of] p2a: Stinky Pete
|faint|p2a: Stinky Pete
|faint|p1a: Corviknight
|
|win|geardox
||Lamortse is ready for game 2.
|inactive|geardox has 30 seconds to confirm battle start!
