|j|☆5NitesAtTrickRoom
|j|☆raimolol
|html|5NitesAtTrickRoomraimolol    
|uhtml|bestof|Game 1 of a best-of-3
|t:|1757211844
|gametype|doubles
|player|p1|5NitesAtTrickRoom|hilbert|1000
|player|p2|raimolol|170|1072
|gen|9
|tier|[Gen 9] VGC 2025 Reg H (Bo3)
|rated|
|rule|Species Clause: Limit one of each Pokémon
|rule|Item Clause: Limit 1 of each item
|clearpoke
|poke|p1|Indeedee-F, L50, F|
|poke|p1|Armarouge, L50, M|
|poke|p1|Dragonite, L50, M|
|poke|p1|Ursaluna, L50, M|
|poke|p1|Whimsicott, L50, F|
|poke|p1|Blastoise, L50, F|
|poke|p2|Porygon2, L50|
|poke|p2|Kingambit, L50, F|
|poke|p2|Volcarona, L50, F|
|poke|p2|Incineroar, L50, F|
|poke|p2|Cetitan, L50, F|
|poke|p2|Ninetales-Alola, L50, F|
|teampreview|4
|showteam|p1|Indeedee-F||SafetyGoggles|PsychicSurge|FollowMe,HelpingHand,TrickRoom,DazzlingGleam|||F|||50|,,,,,Water]Armarouge||PowerHerb|FlashFire|MeteorBeam,ExpandingForce,ArmorCannon,TrickRoom|||M|||50|,,,,,Grass]Dragonite||ChoiceBand|InnerFocus|ExtremeSpeed,Outrage,LowKick,TeraBlast|||M|||50|,,,,,Flying]Ursaluna||FlameOrb|Guts|Earthquake,HeadlongRush,Facade,Protect|||M|||50|,,,,,Ghost]Whimsicott||CovertCloak|Prankster|Moonblast,Tailwind,HelpingHand,Encore|||F|||50|,,,,,Water]Blastoise||ChoiceSpecs|Torrent|WaterSpout,HydroPump,IceBeam,DarkPulse|||F|||50|,,,,,Water
|showteam|p2|Porygon2||Eviolite|Download|TeraBlast,IceBeam,Recover,TrickRoom||||||50|,,,,,Flying]Kingambit||LifeOrb|Defiant|KowtowCleave,SuckerPunch,StoneEdge,Protect|||F|||50|,,,,,Dark]Volcarona||CovertCloak|FlameBody|QuiverDance,Protect,GigaDrain,FieryDance|||F|||50|,,,,,Grass]Incineroar||SafetyGoggles|Intimidate|FlareBlitz,KnockOff,FakeOut,PartingShot|||F|||50|,,,,,Ghost]Cetitan||SitrusBerry|SlushRush|PlayRough,IcicleCrash,Protect,BellyDrum|||F|||50|,,,,,Fairy]Ninetales-Alola||FocusSash|SnowWarning|AuroraVeil,Encore,Protect,IcyWind|||F|||50|,,,,,Ghost
|inactive|Battle timer is ON: inactive players will automatically lose when time's up. (requested by raimolol)
|inactive|5NitesAtTrickRoom has 60 seconds left.
|
|t:|1757211914
|teamsize|p1|4
|teamsize|p2|4
|start
|switch|p1a: Whimsicott|Whimsicott, L50, F, shiny|100/100
|switch|p1b: Blastoise|Blastoise, L50, F|100/100
|switch|p2a: Porygon2|Porygon2, L50|100/100
|switch|p2b: Ninetales|Ninetales-Alola, L50, F|100/100
|-weather|Snowscape|[from] ability: Snow Warning|[of] p2b: Ninetales
|-ability|p2a: Porygon2|Download|boost
|-boost|p2a: Porygon2|spa|1
|turn|1
|inactive|5NitesAtTrickRoom has 30 seconds left.
|
|t:|1757211945
|-terastallize|p1b: Blastoise|Water
|move|p1a: Whimsicott|Helping Hand|p1b: Blastoise
|-singleturn|p1b: Blastoise|Helping Hand|[of] p1a: Whimsicott
|move|p2b: Ninetales|Aurora Veil|p2b: Ninetales
|-sidestart|p2: raimolol|move: Aurora Veil
|move|p1b: Blastoise|Water Spout|p2b: Ninetales|[spread] p2a,p2b
|-damage|p2a: Porygon2|37/100
|-enditem|p2b: Ninetales|Focus Sash
|-damage|p2b: Ninetales|1/100
|move|p2a: Porygon2|Trick Room|p2a: Porygon2
|-fieldstart|move: Trick Room|[of] p2a: Porygon2
|
|-weather|Snowscape|[upkeep]
|upkeep
|turn|2
|inactive|raimolol has 30 seconds left.
|
|t:|1757211970
|move|p1a: Whimsicott|Encore|p2a: Porygon2
|-start|p2a: Porygon2|Encore
|move|p2a: Porygon2|Trick Room|p2a: Porygon2
|-fieldend|move: Trick Room
|move|p2b: Ninetales|Encore||[still]
|-fail|p2b: Ninetales
|move|p1b: Blastoise|Water Spout|p2b: Ninetales|[spread] p2a,p2b
|-damage|p2a: Porygon2|0 fnt
|-damage|p2b: Ninetales|0 fnt
|faint|p2a: Porygon2
|faint|p2b: Ninetales
|
|-weather|Snowscape|[upkeep]
|upkeep
|
|t:|1757211982
|switch|p2b: Incineroar|Incineroar, L50, F, shiny|100/100
|switch|p2a: Cetitan|Cetitan, L50, F|100/100
|-ability|p2b: Incineroar|Intimidate|boost
|-unboost|p1a: Whimsicott|atk|1
|-unboost|p1b: Blastoise|atk|1
|turn|3
|
|t:|1757211995
|-terastallize|p2a: Cetitan|Fairy
|move|p2b: Incineroar|Fake Out|p1b: Blastoise
|-crit|p1b: Blastoise
|-damage|p1b: Blastoise|77/100
|move|p1a: Whimsicott|Tailwind|p1a: Whimsicott
|-sidestart|p1: 5NitesAtTrickRoom|move: Tailwind
|cant|p1b: Blastoise|flinch
|move|p2a: Cetitan|Belly Drum|p2a: Cetitan
|-damage|p2a: Cetitan|51/100
|-setboost|p2a: Cetitan|atk|6|[from] move: Belly Drum
|
|-weather|Snowscape|[upkeep]
|upkeep
|turn|4
|inactive|raimolol has 30 seconds left.
|
|t:|1757212026
|move|p1a: Whimsicott|Encore|p2a: Cetitan
|-start|p2a: Cetitan|Encore
|move|p1b: Blastoise|Water Spout|p2a: Cetitan|[spread] p2a,p2b
|-supereffective|p2b: Incineroar
|-damage|p2a: Cetitan|10/100
|-damage|p2b: Incineroar|5/100
|-enditem|p2a: Cetitan|Sitrus Berry|[eat]
|-heal|p2a: Cetitan|35/100|[from] item: Sitrus Berry
|move|p2a: Cetitan|Belly Drum||[still]
|-fail|p2a: Cetitan
|move|p2b: Incineroar|Flare Blitz|p1a: Whimsicott
|-supereffective|p1a: Whimsicott
|-damage|p1a: Whimsicott|0 fnt
|faint|p1a: Whimsicott
|-damage|p2b: Incineroar|0 fnt|[from] Recoil
|faint|p2b: Incineroar
|
|-weather|Snowscape|[upkeep]
|upkeep
|
|t:|1757212037
|switch|p1a: Ursaluna|Ursaluna, L50, M|100/100
|turn|5
|-message|raimolol forfeited.
|raw|5NitesAtTrickRoom's rating: 1000 → 1048(+48 for winning)
|raw|raimolol's rating: 1072 → 1047(-25 for losing)
|
|win|5NitesAtTrickRoom
|l|☆raimolol
|player|p2|
