|j|☆BeatrizPinzon
|j|☆new mental
|html|BeatrizPinzonnew mental    
|uhtml|bestof|Game 1 of a best-of-3
|t:|1783804599
|gametype|doubles
|player|p1|BeatrizPinzon|clerkf|1357
|player|p2|new mental|volkner|1333
|gen|9
|tier|[Gen 9 Champions] VGC 2026 Reg M-B (Bo3)
|rated|
|rule|Species Clause: Limit one of each Pokémon
|rule|Item Clause: Limit 1 of each item
|clearpoke
|poke|p1|Swampert, L50, F|
|poke|p1|Sableye, L50, F|
|poke|p1|Pelipper, L50, M|
|poke|p1|Archaludon, L50, M|
|poke|p1|Venusaur, L50, F|
|poke|p1|Gholdengo, L50|
|poke|p2|Charizard, L50, F|
|poke|p2|Kingambit, L50, M|
|poke|p2|Sylveon, L50, F|
|poke|p2|Garchomp, L50, M|
|poke|p2|Aerodactyl, L50, F|
|poke|p2|Farigiraf, L50, F|
|teampreview|4
|showteam|p1|Swampert||Swampertite|Torrent|WaveCrash,HighHorsepower,IcePunch,Protect|Adamant||F|||50|]Sableye||RoseliBerry|Prankster|Encore,LightScreen,Reflect,RainDance|Calm||F|||50|]Pelipper||SitrusBerry|Drizzle|Hurricane,WeatherBall,Tailwind,WideGuard|Modest||M|||50|]Archaludon||Leftovers|Stamina|DragonPulse,ElectroShot,FlashCannon,Protect|Calm||M|||50|]Venusaur||Venusaurite|Chlorophyll|SludgeBomb,GigaDrain,EarthPower,Protect|Modest||F|||50|]Gholdengo||LifeOrb|GoodasGold|MakeItRain,ShadowBall,NastyPlot,Protect|Modest|||||50|
|showteam|p2|Charizard||CharizarditeY|SolarPower|Protect,HeatWave,SolarBeam,WeatherBall|Modest||F|||50|]Kingambit||FocusSash|Defiant|IronHead,SuckerPunch,KowtowCleave,LowKick|Adamant||M|||50|]Sylveon||FairyFeather|Pixilate|Detect,HyperVoice,HyperBeam,QuickAttack|Modest||F|||50|]Garchomp||LifeOrb|RoughSkin|Protect,DragonClaw,Earthquake,RockSlide|Jolly||M|||50|]Aerodactyl||Aerodactylite|Unnerve|IceFang,RockSlide,Tailwind,DualWingbeat|Jolly||F|||50|]Farigiraf||SitrusBerry|ArmorTail|TrickRoom,Psychic,Thunderbolt,Roar|Bold||F|||50|
|inactive|Battle timer is ON: inactive players will automatically lose when time's up. (requested by new mental)
|
|t:|1783804616
|teamsize|p1|4
|teamsize|p2|4
|start
|switch|p1a: Top G|Sableye, L50, F|100/100
|switch|p1b: Peynado|Archaludon, L50, M|100/100
|switch|p2a: Sylveon|Sylveon, L50, F|100/100
|switch|p2b: Farigiraf|Farigiraf, L50, F|100/100
|turn|1
|
|t:|1783804639
|move|p1a: Top G|Light Screen|p1a: Top G
|-sidestart|p1: BeatrizPinzon|move: Light Screen
|move|p1b: Peynado|Flash Cannon|p2a: Sylveon
|-supereffective|p2a: Sylveon|1
|-damage|p2a: Sylveon|45/100
|-unboost|p2a: Sylveon|spd|1
|move|p2a: Sylveon|Hyper Voice|p1a: Top G|[spread] p1a,p1b
|-supereffective|p1a: Top G|1
|-enditem|p1a: Top G|Roseli Berry|[eat]
|-enditem|p1a: Top G|Roseli Berry|[weaken]
|-damage|p1a: Top G|66/100
|-damage|p1b: Peynado|69/100
|-ability|p1b: Peynado|Stamina|boost
|-boost|p1b: Peynado|def|1
|move|p2b: Farigiraf|Roar|p1b: Peynado
|drag|p1b: Ororo|Pelipper, L50, M|100/100
|-weather|RainDance|[from] ability: Drizzle|[of] p1b: Ororo
|
|-weather|RainDance|[upkeep]
|upkeep
|turn|2
|
|t:|1783804659
|move|p1a: Top G|Reflect|p1a: Top G
|-sidestart|p1: BeatrizPinzon|Reflect
|move|p2a: Sylveon|Hyper Voice|p1a: Top G|[spread] p1a,p1b
|-supereffective|p1a: Top G|1
|-damage|p1a: Top G|0 fnt
|-damage|p1b: Ororo|68/100
|faint|p1a: Top G
|move|p1b: Ororo|Hurricane|p2a: Sylveon
|-damage|p2a: Sylveon|0 fnt
|faint|p2a: Sylveon
|move|p2b: Farigiraf|Thunderbolt|p1b: Ororo
|-supereffective|p1b: Ororo|2
|-damage|p1b: Ororo|5/100
|-enditem|p1b: Ororo|Sitrus Berry|[eat]
|-heal|p1b: Ororo|30/100|[from] item: Sitrus Berry
|
|-weather|RainDance|[upkeep]
|upkeep
|
|t:|1783804673
|switch|p2a: Charizard|Charizard, L50, F|100/100
|switch|p1a: Peynado|Archaludon, L50, M|69/100
|turn|3
|
|t:|1783804688
|switch|p1b: Chad|Swampert, L50, F|100/100
|detailschange|p2a: Charizard|Charizard-Mega-Y, L50, F
|-mega|p2a: Charizard|Charizard|Charizardite Y
|-weather|SunnyDay|[from] ability: Drought|[of] p2a: Charizard
|move|p2a: Charizard|Solar Beam||[still]
|-prepare|p2a: Charizard|Solar Beam
|-anim|p2a: Charizard|Solar Beam|p1b: Chad
|-supereffective|p1b: Chad|2
|-damage|p1b: Chad|0 fnt
|faint|p1b: Chad
|move|p1a: Peynado|Dragon Pulse|p2b: Farigiraf
|-damage|p2b: Farigiraf|66/100
|move|p2b: Farigiraf|Psychic|p1a: Peynado
|-resisted|p1a: Peynado|1
|-damage|p1a: Peynado|59/100
|-ability|p1a: Peynado|Stamina|boost
|-boost|p1a: Peynado|def|1
|
|-weather|SunnyDay|[upkeep]
|-heal|p1a: Peynado|65/100|[from] item: Leftovers
|upkeep
|
|t:|1783804705
|switch|p1b: Ororo|Pelipper, L50, M|30/100
|-weather|RainDance|[from] ability: Drizzle|[of] p1b: Ororo
|turn|4
|
|t:|1783804711
|switch|p2a: Garchomp|Garchomp, L50, M|100/100
|move|p1a: Peynado|Electro Shot||[still]
|-prepare|p1a: Peynado|Electro Shot
|-boost|p1a: Peynado|spa|1
|-anim|p1a: Peynado|Electro Shot|p2b: Farigiraf
|-damage|p2b: Farigiraf|15/100
|-enditem|p2b: Farigiraf|Sitrus Berry|[eat]
|-heal|p2b: Farigiraf|40/100|[from] item: Sitrus Berry
|move|p1b: Ororo|Tailwind|p1b: Ororo
|-sidestart|p1: BeatrizPinzon|move: Tailwind
|move|p2b: Farigiraf|Thunderbolt|p1b: Ororo
|-supereffective|p1b: Ororo|2
|-damage|p1b: Ororo|0 fnt
|faint|p1b: Ororo
|
|-weather|RainDance|[upkeep]
|-heal|p1a: Peynado|71/100|[from] item: Leftovers
|upkeep
|turn|5
|
|t:|1783804734
|switch|p2b: Charizard|Charizard-Mega-Y, L50, F|100/100
|-weather|SunnyDay|[from] ability: Drought|[of] p2b: Charizard
|move|p1a: Peynado|Dragon Pulse|p2b: Charizard
|-damage|p2b: Charizard|53/100
|move|p2a: Garchomp|Dragon Claw|p1a: Peynado
|-damage|p1a: Peynado|53/100
|-ability|p1a: Peynado|Stamina|boost
|-boost|p1a: Peynado|def|1
|-damage|p2a: Garchomp|90/100|[from] item: Life Orb
|
|-weather|SunnyDay|[upkeep]
|-heal|p1a: Peynado|59/100|[from] item: Leftovers
|-sideend|p1: BeatrizPinzon|move: Light Screen
|upkeep
|turn|6
|
|t:|1783804750
|move|p1a: Peynado|Dragon Pulse|p2b: Charizard
|-damage|p2b: Charizard|6/100
|move|p2a: Garchomp|Earthquake|p1a: Peynado|[spread] p1a
|-immune|p2b: Charizard
|-supereffective|p1a: Peynado|1
|-crit|p1a: Peynado
|-damage|p1a: Peynado|0 fnt
|faint|p1a: Peynado
|-damage|p2a: Garchomp|80/100|[from] item: Life Orb
|
|win|new mental
||BeatrizPinzon is ready for game 2.
|inactive|new mental has 30 seconds to confirm battle start!
||new mental is ready for game 2.
|uhtml|next|Next: Game 2 of 3
