|j|☆triziateam
|j|☆Autin Mago
|html|triziateamAutin Mago    
|uhtml|bestof|Game 2 of a best-of-3
|t:|1785618329
|gametype|doubles
|player|p1|triziateam|1|
|player|p2|Autin Mago|265|
|gen|9
|tier|[Gen 9 Champions] VGC 2026 Reg M-B (Bo3)
|rule|Species Clause: Limit one of each Pokémon
|rule|Item Clause: Limit 1 of each item
|clearpoke
|poke|p1|Staraptor, L50, M, shiny|
|poke|p1|Basculegion, L50, M, shiny|
|poke|p1|Venusaur, L50, M, shiny|
|poke|p1|Sylveon, L50, F, shiny|
|poke|p1|Incineroar, L50, M, shiny|
|poke|p1|Grimmsnarl, L50, M, shiny|
|poke|p2|Milotic, L50, F|
|poke|p2|Staraptor, L50, M|
|poke|p2|Tyranitar, L50, M|
|poke|p2|Gholdengo, L50|
|poke|p2|Excadrill, L50, F|
|poke|p2|Sinistcha, L50|
|teampreview|4
|showteam|p1|Staraptor||Staraptite|Intimidate|BraveBird,CloseCombat,Roost,Protect|Jolly||M|||50|]Basculegion||LifeOrb|Adaptability|WaveCrash,LastRespects,AquaJet,Protect|Jolly||M|||50|]Venusaur||Venusaurite|Chlorophyll|SludgeBomb,GigaDrain,EarthPower,Protect|Modest||M|||50|]Sylveon||FairyFeather|Pixilate|HyperBeam,HyperVoice,Yawn,Detect|Modest||F|||50|]Incineroar||SitrusBerry|Intimidate|FlareBlitz,ThroatChop,FakeOut,PartingShot|Impish||M|||50|]Grimmsnarl||LightClay|Prankster|FoulPlay,Reflect,PartingShot,LightScreen|Impish||M|||50|
|showteam|p2|Milotic||SitrusBerry|Competitive|Protect,Haze,Scald,IcyWind|Calm||F|||50|]Staraptor||Staraptite|Intimidate|Protect,BraveBird,CloseCombat,Tailwind|Jolly||M|||50|]Tyranitar||Tyranitarite|SandStream|Protect,KnockOff,RockSlide,LowKick|Jolly||M|||50|]Gholdengo||LifeOrb|GoodasGold|Protect,ShadowBall,NastyPlot,MakeItRain|Modest|||||50|]Excadrill||FocusSash|SandRush|Protect,IronHead,RockSlide,HighHorsepower|Jolly||F|||50|]Sinistcha||ColburBerry|Hospitality|Protect,ShadowBall,RagePowder,MatchaGotcha|Bold|||||50|
|j| TemporalDonut
|l|☆triziateam
|player|p1|
|j| Blizz.vg
|l| Blizz.vg
|j|☆triziateam
|player|p1|triziateam|1|
|
|t:|1785618370
|teamsize|p1|4
|teamsize|p2|4
|start
|switch|p1a: Staraptor|Staraptor, L50, M, shiny|100/100
|switch|p1b: Incineroar|Incineroar, L50, M, shiny|100/100
|switch|p2a: Milotic|Milotic, L50, F|100/100
|switch|p2b: Staraptor|Staraptor, L50, M|100/100
|-ability|p2b: Staraptor|Intimidate|boost
|-unboost|p1a: Staraptor|atk|1
|-unboost|p1b: Incineroar|atk|1
|-ability|p1a: Staraptor|Intimidate|boost
|-unboost|p2a: Milotic|atk|1
|-ability|p2a: Milotic|Competitive|boost
|-boost|p2a: Milotic|spa|2
|-unboost|p2b: Staraptor|atk|1
|-ability|p1b: Incineroar|Intimidate|boost
|-unboost|p2a: Milotic|atk|1
|-ability|p2a: Milotic|Competitive|boost
|-boost|p2a: Milotic|spa|2
|-unboost|p2b: Staraptor|atk|1
|turn|1
|j| Blizz.vg
|
|t:|1785618397
|detailschange|p2b: Staraptor|Staraptor-Mega, L50, M
|-mega|p2b: Staraptor|Staraptor|Staraptite
|detailschange|p1a: Staraptor|Staraptor-Mega, L50, M, shiny
|-mega|p1a: Staraptor|Staraptor|Staraptite
|move|p2a: Milotic|Protect|p2a: Milotic
|-singleturn|p2a: Milotic|Protect
|move|p1b: Incineroar|Fake Out|p2a: Milotic
|-activate|p2a: Milotic|move: Protect
|move|p1a: Staraptor|Brave Bird|p2b: Staraptor
|-supereffective|p2b: Staraptor|1
|-damage|p2b: Staraptor|19/100
|-damage|p1a: Staraptor|69/100|[from] Recoil
|move|p2b: Staraptor|Tailwind|p2b: Staraptor
|-sidestart|p2: Autin Mago|move: Tailwind
|
|upkeep
|turn|2
|
|t:|1785618420
|switch|p1b: Basculegion|Basculegion, L50, M, shiny|100/100
|move|p2b: Staraptor|Close Combat|p1b: Basculegion
|-immune|p1b: Basculegion
|move|p2a: Milotic|Scald|p1a: Staraptor
|-damage|p1a: Staraptor|0 fnt
|faint|p1a: Staraptor
|
|upkeep
|
|t:|1785618434
|switch|p1a: Venusaur|Venusaur, L50, M, shiny|100/100
|turn|3
|
|t:|1785618445
|move|p1b: Basculegion|Aqua Jet|p2b: Staraptor
|-damage|p2b: Staraptor|0 fnt
|faint|p2b: Staraptor
|-damage|p1b: Basculegion|90/100|[from] item: Life Orb
|move|p2a: Milotic|Icy Wind|p1a: Venusaur|[spread] p1a,p1b
|-supereffective|p1a: Venusaur|1
|-resisted|p1b: Basculegion|1
|-crit|p1b: Basculegion
|-damage|p1a: Venusaur|47/100
|-damage|p1b: Basculegion|63/100
|-unboost|p1a: Venusaur|spe|1
|-unboost|p1b: Basculegion|spe|1
|move|p1a: Venusaur|Giga Drain|p2a: Milotic
|-supereffective|p2a: Milotic|1
|-damage|p2a: Milotic|55/100
|-heal|p1a: Venusaur|69/100|[from] drain|[of] p2a: Milotic
|
|upkeep
|
|t:|1785618453
|switch|p2b: Gholdengo|Gholdengo, L50|100/100
|turn|4
|
|t:|1785618477
|move|p2a: Milotic|Protect|p2a: Milotic
|-singleturn|p2a: Milotic|Protect
|move|p1b: Basculegion|Protect|p1b: Basculegion
|-singleturn|p1b: Basculegion|Protect
|move|p2b: Gholdengo|Shadow Ball|p1b: Basculegion
|-activate|p1b: Basculegion|move: Protect
|move|p1a: Venusaur|Giga Drain|p2a: Milotic
|-activate|p2a: Milotic|move: Protect
|
|-sideend|p2: Autin Mago|move: Tailwind
|upkeep
|turn|5
|
|t:|1785618509
|switch|p1b: Incineroar|Incineroar, L50, M, shiny|100/100
|-ability|p1b: Incineroar|Intimidate|boost
|-unboost|p2a: Milotic|atk|1
|-ability|p2a: Milotic|Competitive|boost
|-boost|p2a: Milotic|spa|2
|-unboost|p2b: Gholdengo|atk|1
|move|p2a: Milotic|Icy Wind|p1a: Venusaur|[spread] p1a,p1b
|-supereffective|p1a: Venusaur|1
|-resisted|p1b: Incineroar|1
|-damage|p1a: Venusaur|0 fnt
|-damage|p1b: Incineroar|83/100
|-unboost|p1b: Incineroar|spe|1
|faint|p1a: Venusaur
|move|p2b: Gholdengo|Shadow Ball|p1b: Incineroar
|-resisted|p1b: Incineroar|1
|-damage|p1b: Incineroar|62/100
|-unboost|p1b: Incineroar|spd|1
|-damage|p2b: Gholdengo|90/100|[from] item: Life Orb
|
|upkeep
|
|t:|1785618518
|switch|p1a: Basculegion|Basculegion, L50, M, shiny|63/100
|turn|6
|
|t:|1785618529
|move|p2a: Milotic|Protect|p2a: Milotic
|-singleturn|p2a: Milotic|Protect
|move|p2b: Gholdengo|Protect|p2b: Gholdengo
|-singleturn|p2b: Gholdengo|Protect
|move|p1b: Incineroar|Fake Out|p2a: Milotic
|-activate|p2a: Milotic|move: Protect
|move|p1a: Basculegion|Last Respects|p2b: Gholdengo
|-activate|p2b: Gholdengo|move: Protect
|
|upkeep
|turn|7
|
|t:|1785618544
|move|p1a: Basculegion|Last Respects|p2a: Milotic
|-damage|p2a: Milotic|0 fnt
|faint|p2a: Milotic
|-damage|p1a: Basculegion|54/100|[from] item: Life Orb
|move|p2b: Gholdengo|Shadow Ball|p1a: Basculegion
|-supereffective|p1a: Basculegion|1
|-damage|p1a: Basculegion|0 fnt
|faint|p1a: Basculegion
|-damage|p2b: Gholdengo|80/100|[from] item: Life Orb
|move|p1b: Incineroar|Flare Blitz|p2b: Gholdengo
|-supereffective|p2b: Gholdengo|1
|-damage|p2b: Gholdengo|0 fnt
|faint|p2b: Gholdengo
|-damage|p1b: Incineroar|36/100|[from] Recoil
|-enditem|p1b: Incineroar|Sitrus Berry|[eat]
|-heal|p1b: Incineroar|61/100|[from] item: Sitrus Berry
|
|upkeep
|
|t:|1785618551
|switch|p2b: Tyranitar|Tyranitar, L50, M|100/100
|-weather|Sandstorm|[from] ability: Sand Stream|[of] p2b: Tyranitar
|turn|8
|
|t:|1785618560
|move|p2b: Tyranitar|Rock Slide|p1b: Incineroar
|-supereffective|p1b: Incineroar|1
|-damage|p1b: Incineroar|0 fnt
|faint|p1b: Incineroar
|
|win|Autin Mago
|c|☆Autin Mago|Ggs wp
|l| Blizz.vg
|l|☆triziateam
|player|p1|
|l| TemporalDonut
