|j|☆sturmkitten69
|j|☆Baronismo
|html|sturmkitten69Baronismo    
|uhtml|bestof|Game 1 of a best-of-3
|t:|1784019058
|gametype|doubles
|player|p1|sturmkitten69|fisherman-gen4|1190
|player|p2|Baronismo|depotagent|1292
|gen|9
|tier|[Gen 9 Champions] VGC 2026 Reg M-B (Bo3)
|rated|
|rule|Species Clause: Limit one of each Pokémon
|rule|Item Clause: Limit 1 of each item
|clearpoke
|poke|p1|Blastoise, L50, M|
|poke|p1|Farigiraf, L50, F, shiny|
|poke|p1|Basculegion, L50, M|
|poke|p1|Aerodactyl, L50, M|
|poke|p1|Rotom-Heat, L50|
|poke|p1|Garchomp, L50, F|
|poke|p2|Lycanroc-Dusk, L50, M|
|poke|p2|Dragonite, L50, F|
|poke|p2|Toxapex, L50, F|
|poke|p2|Staraptor, L50, M|
|poke|p2|Incineroar, L50, M|
|poke|p2|Ninetales-Alola, L50, M|
|teampreview|4
|showteam|p1|Blastoise||Blastoisinite|Torrent|DarkPulse,Protect,FakeOut,WaterSpout|Modest||M|||50|]Farigiraf||SitrusBerry|ArmorTail|RainDance,Thunderbolt,HelpingHand,TrickRoom|Bold||F|||50|]Basculegion||FocusSash|Adaptability|LastRespects,WaveCrash,Protect,AquaJet|Adamant||M|||50|]Aerodactyl||Aerodactylite|Unnerve|RockSlide,Protect,Tailwind,DualWingbeat|Jolly||M|||50|]Rotom-Heat||ChoiceScarf|Levitate|Overheat,VoltSwitch,Thunderbolt,WillOWisp|Timid|||||50|]Garchomp||LifeOrb|RoughSkin|RockSlide,Earthquake,DragonClaw,Protect|Jolly||F|||50|
|showteam|p2|Lycanroc-Dusk||FocusSash|ToughClaws|Accelerock,RockSlide,CloseCombat,Protect|Jolly||M|||50|]Dragonite||LifeOrb|InnerFocus|DragonClaw,LowKick,ExtremeSpeed,Protect|Adamant||F|||50|]Toxapex||Leftovers|Regenerator|Toxic,Infestation,WideGuard,BanefulBunker|Bold||F|||50|]Staraptor||Staraptite|Intimidate|CloseCombat,BraveBird,Tailwind,Protect|Jolly||M|||50|]Incineroar||SitrusBerry|Intimidate|FakeOut,FlareBlitz,ThroatChop,PartingShot|Careful||M|||50|]Ninetales-Alola||NeverMeltIce|SnowWarning|Blizzard,FreezeDry,Encore,Protect|Timid||M|||50|
|inactive|Battle timer is ON: inactive players will automatically lose when time's up. (requested by Baronismo)
|inactive|sturmkitten69 has 60 seconds left.
|
|t:|1784019127
|teamsize|p1|4
|teamsize|p2|4
|start
|switch|p1a: Rotom|Rotom-Heat, L50|100/100
|switch|p1b: Blastoise|Blastoise, L50, M|100/100
|switch|p2a: Toxapex|Toxapex, L50, F|100/100
|switch|p2b: Incineroar|Incineroar, L50, M|100/100
|-ability|p2b: Incineroar|Intimidate|boost
|-unboost|p1a: Rotom|atk|1
|-unboost|p1b: Blastoise|atk|1
|turn|1
|
|t:|1784019145
|detailschange|p1b: Blastoise|Blastoise-Mega, L50, M
|-mega|p1b: Blastoise|Blastoise|Blastoisinite
|move|p1b: Blastoise|Fake Out|p2b: Incineroar
|-damage|p2b: Incineroar|94/100
|cant|p2b: Incineroar|flinch
|move|p1a: Rotom|Volt Switch|p2a: Toxapex
|-supereffective|p2a: Toxapex|1
|-damage|p2a: Toxapex|50/100g
|
|t:|1784019155
|switch|p1a: Aerodactyl|Aerodactyl, L50, M|100/100|[from] Volt Switch
|-ability|p1a: Aerodactyl|Unnerve
|move|p2a: Toxapex|Toxic|p1b: Blastoise
|-status|p1b: Blastoise|tox
|
|-heal|p2a: Toxapex|56/100|[from] item: Leftovers
|-damage|p1b: Blastoise|93/100 tox|[from] psn
|upkeep
|turn|2
|
|t:|1784019179
|move|p1a: Aerodactyl|Rock Slide|p2a: Toxapex|[spread] p2a,p2b
|-supereffective|p2b: Incineroar|1
|-damage|p2a: Toxapex|38/100
|-damage|p2b: Incineroar|54/100
|move|p1b: Blastoise|Water Spout|p2b: Incineroar|[spread] p2a,p2b
|-resisted|p2a: Toxapex|1
|-supereffective|p2b: Incineroar|1
|-damage|p2a: Toxapex|13/100
|-damage|p2b: Incineroar|0 fnt
|faint|p2b: Incineroar
|move|p2a: Toxapex|Infestation|p1b: Blastoise
|-damage|p1b: Blastoise|91/100 tox
|-activate|p1b: Blastoise|move: Infestation|[of] p2a: Toxapex
|
|-heal|p2a: Toxapex|19/100|[from] item: Leftovers
|-damage|p1b: Blastoise|78/100 tox|[from] psn
|-damage|p1b: Blastoise|66/100 tox|[from] move: Infestation|[partiallytrapped]
|upkeep
|
|t:|1784019194
|switch|p2b: Dragonite|Dragonite, L50, F|100/100
|turn|3
|
|t:|1784019209
|move|p2b: Dragonite|Protect|p2b: Dragonite
|-singleturn|p2b: Dragonite|Protect
|move|p2a: Toxapex|Baneful Bunker|p2a: Toxapex
|-singleturn|p2a: Toxapex|move: Protect
|move|p1a: Aerodactyl|Dual Wingbeat|p2a: Toxapex
|-activate|p2a: Toxapex|move: Protect
|-status|p1a: Aerodactyl|psn
|move|p1b: Blastoise|Dark Pulse|p2b: Dragonite
|-activate|p2b: Dragonite|move: Protect
|
|-heal|p2a: Toxapex|24/100|[from] item: Leftovers
|-damage|p1a: Aerodactyl|87/100 psn|[from] psn
|-damage|p1b: Blastoise|47/100 tox|[from] psn
|-damage|p1b: Blastoise|35/100 tox|[from] move: Infestation|[partiallytrapped]
|upkeep
|turn|4
|
|t:|1784019231
|-heal|p2a: Toxapex|57/100|[from] ability: Regenerator|[silent]
|switch|p2a: Ninetales|Ninetales-Alola, L50, M|100/100
|-weather|Snowscape|[from] ability: Snow Warning|[of] p2a: Ninetales
|move|p1a: Aerodactyl|Dual Wingbeat|p2a: Ninetales
|-damage|p2a: Ninetales|81/100
|-damage|p2a: Ninetales|63/100
|-hitcount|p2a: Ninetales|2
|move|p2b: Dragonite|Dragon Claw|p1a: Aerodactyl
|-damage|p1a: Aerodactyl|0 fnt
|faint|p1a: Aerodactyl
|-damage|p2b: Dragonite|90/100|[from] item: Life Orb
|move|p1b: Blastoise|Dark Pulse|p2b: Dragonite
|-damage|p2b: Dragonite|42/100
|
|-weather|Snowscape|[upkeep]
|-damage|p1b: Blastoise|10/100 tox|[from] psn
|-end|p1b: Blastoise|Infestation|[partiallytrapped]|[silent]
|upkeep
|
|t:|1784019249
|switch|p1a: Rotom|Rotom-Heat, L50|100/100
|turn|5
|inactive|sturmkitten69 has 30 seconds left.
|
|t:|1784019275
|switch|p1b: Farigiraf|Farigiraf, L50, F, shiny|100/100
|move|p2a: Ninetales|Protect|p2a: Ninetales
|-singleturn|p2a: Ninetales|Protect
|move|p2b: Dragonite|Extreme Speed||[still]
|cant|p1b: Farigiraf|ability: Armor Tail|Extreme Speed|[of] p2b: Dragonite
|move|p1a: Rotom|Volt Switch|p2b: Dragonite
|-damage|p2b: Dragonite|9/100
|
|t:|1784019284
|switch|p1a: Blastoise|Blastoise-Mega, L50, M|10/100 tox|[from] Volt Switch
|
|-weather|Snowscape|[upkeep]
|-damage|p1a: Blastoise|4/100 tox|[from] psn
|upkeep
|turn|6
|
|t:|1784019295
|switch|p2b: Toxapex|Toxapex, L50, F|57/100
|switch|p1a: Rotom|Rotom-Heat, L50|100/100
|move|p2a: Ninetales|Blizzard|p1a: Rotom|[spread] p1a,p1b
|-resisted|p1a: Rotom|1
|-damage|p1a: Rotom|74/100
|-damage|p1b: Farigiraf|69/100
|move|p1b: Farigiraf|Thunderbolt|p2b: Toxapex
|-supereffective|p2b: Toxapex|1
|-damage|p2b: Toxapex|21/100
|
|-weather|Snowscape|[upkeep]
|-heal|p2b: Toxapex|26/100|[from] item: Leftovers
|upkeep
|turn|7
|
|t:|1784019309
|move|p1a: Rotom|Overheat|p2a: Ninetales
|-supereffective|p2a: Ninetales|1
|-damage|p2a: Ninetales|0 fnt
|-unboost|p1a: Rotom|spa|2
|faint|p2a: Ninetales
|move|p1b: Farigiraf|Thunderbolt|p2b: Toxapex
|-supereffective|p2b: Toxapex|1
|-damage|p2b: Toxapex|0 fnt
|faint|p2b: Toxapex
|
|-weather|Snowscape|[upkeep]
|upkeep
|
|t:|1784019316
|switch|p2b: Dragonite|Dragonite, L50, F|9/100
|turn|8
|
|t:|1784019322
|move|p1a: Rotom|Overheat|p2b: Dragonite
|-resisted|p2b: Dragonite|1
|-damage|p2b: Dragonite|0 fnt
|-unboost|p1a: Rotom|spa|2
|faint|p2b: Dragonite
|
|win|sturmkitten69
||Baronismo is ready for game 2.
