|j|☆0-3 bar
|j|☆efwefwefwefweifier
|html|0-3 barefwefwefwefweifier    
|uhtml|bestof|Game 2 of a best-of-3
|t:|1784542448
|gametype|doubles
|player|p1|0-3 bar|2|1350
|player|p2|efwefwefwefweifier|clown|1326
|gen|9
|tier|[Gen 9 Champions] VGC 2026 Reg M-B (Bo3)
|rated|
|rule|Species Clause: Limit one of each Pokémon
|rule|Item Clause: Limit 1 of each item
|clearpoke
|poke|p1|Charizard, L50, M|
|poke|p1|Whimsicott, L50, F|
|poke|p1|Basculegion, L50, M|
|poke|p1|Kingambit, L50, M|
|poke|p1|Glimmora, L50, F|
|poke|p1|Mamoswine, L50, F|
|poke|p2|Armarouge, L50, F|
|poke|p2|Sinistcha, L50|
|poke|p2|Floette-Eternal, L50, F|
|poke|p2|Incineroar, L50, M, shiny|
|poke|p2|Sneasler, L50, F|
|poke|p2|Hydreigon, L50, M|
|teampreview|4
|showteam|p1|Charizard||CharizarditeY|SolarPower|Protect,HeatWave,WeatherBall,SolarBeam|Modest||M|||50|]Whimsicott||FocusSash|Prankster|Protect,Tailwind,Moonblast,Encore|Timid||F|||50|]Basculegion||MysticWater|Adaptability|Protect,AquaJet,WaveCrash,LastRespects|Adamant||M|||50|]Kingambit||ChopleBerry|Defiant|Protect,KowtowCleave,SuckerPunch,LowKick|Adamant||M|||50|]Glimmora||Glimmoranite|ToxicDebris|PowerGem,SludgeBomb,EarthPower,SpikyShield|Timid||F|||50|]Mamoswine||LifeOrb|Oblivious|IcicleCrash,IceShard,HighHorsepower,Protect|Jolly||F|||50|
|showteam|p2|Armarouge||ColburBerry|FlashFire|HeatWave,Psychic,CalmMind,Protect|Modest||F|||50|]Sinistcha||KasibBerry|Hospitality|MatchaGotcha,RagePowder,TrickRoom,Protect|Calm|||||50|]Floette-Eternal||Floettite|FlowerVeil|DazzlingGleam,DrainingKiss,CalmMind,Protect|Modest||F|||50|]Incineroar||SitrusBerry|Intimidate|FlareBlitz,DarkestLariat,FakeOut,PartingShot|Careful||M|||50|]Sneasler||FocusSash|PoisonTouch|CloseCombat,PoisonJab,FakeOut,QuickGuard|Jolly||F|||50|]Hydreigon||ChoiceScarf|Levitate|DracoMeteor,DarkPulse,Snarl,EarthPower|Modest||M|||50|
|inactive|Battle timer is ON: inactive players will automatically lose when time's up. (requested by efwefwefwefweifier)
|inactive|0-3 bar has 60 seconds left.
|inactive|efwefwefwefweifier has 60 seconds left.
|
|t:|1784542503
|teamsize|p1|4
|teamsize|p2|4
|start
|switch|p1a: Whimsicott|Whimsicott, L50, F|100/100
|switch|p1b: Glimmora|Glimmora, L50, F|100/100
|switch|p2a: Poison Foison|Sneasler, L50, F|100/100
|switch|p2b: Bartholomews|Hydreigon, L50, M|100/100
|turn|1
|inactive|0-3 bar has 30 seconds left.
|inactive|0-3 bar has 20 seconds left.
|inactive|0-3 bar has 15 seconds left.
|
|t:|1784542543
|detailschange|p1b: Glimmora|Glimmora-Mega, L50, F
|-mega|p1b: Glimmora|Glimmora|Glimmoranite
|move|p1a: Whimsicott|Protect|p1a: Whimsicott
|-singleturn|p1a: Whimsicott|Protect
|move|p2a: Poison Foison|Fake Out|p1a: Whimsicott
|-activate|p1a: Whimsicott|move: Protect
|move|p2b: Bartholomews|Snarl|p1a: Whimsicott|[spread] p1b
|-activate|p1a: Whimsicott|move: Protect
|-damage|p1b: Glimmora|74/100
|-unboost|p1b: Glimmora|spa|1
|move|p1b: Glimmora|Earth Power|p2a: Poison Foison
|-supereffective|p2a: Poison Foison|1
|-damage|p2a: Poison Foison|33/100
|
|upkeep
|turn|2
|inactive|0-3 bar has 30 seconds left.
|inactive|0-3 bar has 20 seconds left.
|inactive|0-3 bar has 15 seconds left.
|
|t:|1784542588
|move|p1a: Whimsicott|Tailwind|p1a: Whimsicott
|-sidestart|p1: 0-3 bar|move: Tailwind
|move|p1b: Glimmora|Earth Power|p2a: Poison Foison
|-supereffective|p2a: Poison Foison|1
|-damage|p2a: Poison Foison|0 fnt
|faint|p2a: Poison Foison
|move|p2b: Bartholomews|Snarl|p1a: Whimsicott|[spread] p1a,p1b
|-resisted|p1a: Whimsicott|1
|-damage|p1a: Whimsicott|80/100
|-damage|p1b: Glimmora|50/100g
|-unboost|p1a: Whimsicott|spa|1
|-unboost|p1b: Glimmora|spa|1
|
|upkeep
|
|t:|1784542612
|switch|p2a: Spinny Sinny|Sinistcha, L50|100/100
|turn|3
|inactive|efwefwefwefweifier has 30 seconds left.
|
|t:|1784542639
|switch|p1b: Kingambit|Kingambit, L50, M|100/100
|switch|p2b: Pasta Blasta|Armarouge, L50, F|100/100
|move|p1a: Whimsicott|Moonblast|p2b: Pasta Blasta
|-resisted|p2b: Pasta Blasta|1
|-damage|p2b: Pasta Blasta|87/100
|move|p2a: Spinny Sinny|Trick Room|p2a: Spinny Sinny
|-fieldstart|move: Trick Room|[of] p2a: Spinny Sinny
|
|upkeep
|turn|4
|inactive|0-3 bar has 30 seconds left.
|inactive|efwefwefwefweifier has 30 seconds left.
|inactive|0-3 bar has 20 seconds left.
|inactive|0-3 bar has 15 seconds left.
|
|t:|1784542680
|move|p2a: Spinny Sinny|Rage Powder|p2a: Spinny Sinny
|-singleturn|p2a: Spinny Sinny|move: Rage Powder
|move|p1a: Whimsicott|Encore|p2a: Spinny Sinny
|-start|p2a: Spinny Sinny|Encore
|move|p2b: Pasta Blasta|Heat Wave|p1a: Whimsicott|[spread] p1b
|-miss|p2b: Pasta Blasta|p1a: Whimsicott
|-supereffective|p1b: Kingambit|1
|-damage|p1b: Kingambit|32/100
|move|p1b: Kingambit|Kowtow Cleave|p2a: Spinny Sinny
|-supereffective|p2a: Spinny Sinny|1
|-damage|p2a: Spinny Sinny|4/100
|
|upkeep
|turn|5
|
|t:|1784542701
|switch|p2a: Bartholomews|Hydreigon, L50, M|100/100
|move|p1a: Whimsicott|Protect|p1a: Whimsicott
|-singleturn|p1a: Whimsicott|Protect
|move|p1b: Kingambit|Protect|p1b: Kingambit
|-singleturn|p1b: Kingambit|Protect
|move|p2b: Pasta Blasta|Heat Wave|p1a: Whimsicott|[spread] 
|-activate|p1a: Whimsicott|move: Protect
|-activate|p1b: Kingambit|move: Protect
|
|-sideend|p1: 0-3 bar|move: Tailwind
|upkeep
|turn|6
|
|t:|1784542717
|switch|p2a: Spinny Sinny|Sinistcha, L50|4/100
|-heal|p2b: Pasta Blasta|100/100|[from] ability: Hospitality|[of] p2a: Spinny Sinny
|move|p1b: Kingambit|Kowtow Cleave|p2b: Pasta Blasta
|-supereffective|p2b: Pasta Blasta|1
|-enditem|p2b: Pasta Blasta|Colbur Berry|[eat]
|-enditem|p2b: Pasta Blasta|Colbur Berry|[weaken]
|-damage|p2b: Pasta Blasta|57/100
|move|p2b: Pasta Blasta|Heat Wave|p1a: Whimsicott|[spread] p1a
|-miss|p2b: Pasta Blasta|p1b: Kingambit
|-supereffective|p1a: Whimsicott|1
|-crit|p1a: Whimsicott
|-damage|p1a: Whimsicott|0 fnt
|faint|p1a: Whimsicott
|
|upkeep
|
|t:|1784542738
|switch|p1a: Basculegion|Basculegion, L50, M|100/100
|turn|7
|inactive|efwefwefwefweifier has 30 seconds left.
|
|t:|1784542767
|switch|p2a: Bartholomews|Hydreigon, L50, M|100/100
|move|p2b: Pasta Blasta|Protect|p2b: Pasta Blasta
|-singleturn|p2b: Pasta Blasta|Protect
|move|p1a: Basculegion|Aqua Jet|p2a: Bartholomews
|-resisted|p2a: Bartholomews|1
|-damage|p2a: Bartholomews|81/100
|move|p1b: Kingambit|Kowtow Cleave|p2b: Pasta Blasta
|-activate|p2b: Pasta Blasta|move: Protect
|
|-fieldend|move: Trick Room
|upkeep
|turn|8
|inactive|0-3 bar has 30 seconds left.
|inactive|efwefwefwefweifier has 30 seconds left.
|inactive|0-3 bar has 20 seconds left.
|inactive|0-3 bar has 15 seconds left.
|inactive|0-3 bar has 10 seconds left.
|
|t:|1784542816
|switch|p2b: Spinny Sinny|Sinistcha, L50|4/100
|-heal|p2a: Bartholomews|100/100|[from] ability: Hospitality|[of] p2b: Spinny Sinny
|move|p2a: Bartholomews|Dark Pulse|p1a: Basculegion
|-supereffective|p1a: Basculegion|1
|-damage|p1a: Basculegion|0 fnt
|faint|p1a: Basculegion
|move|p1b: Kingambit|Kowtow Cleave|p2b: Spinny Sinny
|-supereffective|p2b: Spinny Sinny|1
|-crit|p2b: Spinny Sinny
|-damage|p2b: Spinny Sinny|0 fnt
|faint|p2b: Spinny Sinny
|
|upkeep
|
|t:|1784542827
|switch|p1a: Glimmora|Glimmora-Mega, L50, F|50/100g
|switch|p2b: Pasta Blasta|Armarouge, L50, F|57/100
|turn|9
|inactive|0-3 bar has 30 seconds left.
|inactive|efwefwefwefweifier has 30 seconds left.
|
|t:|1784542861
|move|p2b: Pasta Blasta|Protect|p2b: Pasta Blasta
|-singleturn|p2b: Pasta Blasta|Protect
|move|p1b: Kingambit|Sucker Punch||[still]
|-fail|p1b: Kingambit
|move|p2a: Bartholomews|Dark Pulse|p1b: Kingambit
|-resisted|p1b: Kingambit|1
|-damage|p1b: Kingambit|8/100
|move|p1a: Glimmora|Sludge Bomb|p2a: Bartholomews
|-damage|p2a: Bartholomews|26/100
|
|upkeep
|turn|10
|inactive|0-3 bar has 30 seconds left.
|inactive|efwefwefwefweifier has 30 seconds left.
|inactive|0-3 bar has 20 seconds left.
|inactive|efwefwefwefweifier has 20 seconds left.
|
|t:|1784542897
|move|p1a: Glimmora|Spiky Shield|p1a: Glimmora
|-singleturn|p1a: Glimmora|move: Protect
|move|p1b: Kingambit|Sucker Punch|p2a: Bartholomews
|-resisted|p2a: Bartholomews|1
|-damage|p2a: Bartholomews|1/100
|move|p2a: Bartholomews|Dark Pulse|p1a: Glimmora
|-activate|p1a: Glimmora|move: Protect
|move|p2b: Pasta Blasta|Heat Wave|p1b: Kingambit|[spread] p1b
|-activate|p1a: Glimmora|move: Protect
|-supereffective|p1b: Kingambit|1
|-damage|p1b: Kingambit|0 fnt
|faint|p1b: Kingambit
|
|upkeep
|turn|11
|
|t:|1784542917
|move|p2a: Bartholomews|Dark Pulse|p1a: Glimmora
|-damage|p1a: Glimmora|1/100
|move|p1a: Glimmora|Power Gem|p2b: Pasta Blasta
|-supereffective|p2b: Pasta Blasta|1
|-damage|p2b: Pasta Blasta|0 fnt
|faint|p2b: Pasta Blasta
|
|upkeep
|turn|12
|
|t:|1784542926
|move|p1a: Glimmora|Spiky Shield|p1a: Glimmora
|-singleturn|p1a: Glimmora|move: Protect
|move|p2a: Bartholomews|Dark Pulse|p1a: Glimmora
|-activate|p1a: Glimmora|move: Protect
|
|upkeep
|turn|13
|
|t:|1784542932
|move|p2a: Bartholomews|Dark Pulse|p1a: Glimmora
|-damage|p1a: Glimmora|0 fnt
|faint|p1a: Glimmora
|
|win|efwefwefwefweifier
||0-3 bar is ready for game 3.
||efwefwefwefweifier is ready for game 3.
|uhtml|next|Next: Game 3 of 3
