|j|☆caZISA
|j|☆palle synchro
|html|caZISApalle synchro    
|uhtml|bestof|Game 2 of a best-of-3
|t:|1757074821
|gametype|doubles
|player|p1|caZISA|red|1441
|player|p2|palle synchro|volkner|1463
|gen|9
|tier|[Gen 9] VGC 2025 Reg H (Bo3)
|rated|
|rule|Species Clause: Limit one of each Pokémon
|rule|Item Clause: Limit 1 of each item
|clearpoke
|poke|p1|Amoonguss, L50, M|
|poke|p1|Incineroar, L50, M|
|poke|p1|Pelipper, L50, F|
|poke|p1|Archaludon, L50, M|
|poke|p1|Ursaluna, L50, F|
|poke|p1|Gothitelle, L50, F|
|poke|p2|Whimsicott, L50, M|
|poke|p2|Annihilape, L50, M|
|poke|p2|Indeedee, L50, M|
|poke|p2|Sneasler, L50, F|
|poke|p2|Ursaluna-Bloodmoon, L50, M|
|poke|p2|Archaludon, L50, M|
|teampreview|4
|showteam|p1|Amoonguss||RockyHelmet|Regenerator|Spore,RagePowder,ClearSmog,PollenPuff|||M|||50|,,,,,Water]Incineroar||SafetyGoggles|Intimidate|FakeOut,WillOWisp,KnockOff,PartingShot|||M|||50|,,,,,Ghost]Pelipper||FocusSash|Drizzle|Hurricane,MuddyWater,WideGuard,Protect|||F|||50|,,,,,Grass]Archaludon||AssaultVest|Stamina|FlashCannon,DracoMeteor,ElectroShot,Snarl|||M|||50|,,,,,Bug]Ursaluna||FlameOrb|Guts|Facade,HeadlongRush,Earthquake,Protect|||F|||50|,,,,,Ghost]Gothitelle||MentalHerb|ShadowTag|FakeOut,Psychic,TrickRoom,Protect|||F|||50|,,,,,Dark
|showteam|p2|Whimsicott||CovertCloak|Prankster|Moonblast,Taunt,Tailwind,FakeTears|||M|||50|,,,,,Water]Annihilape||SafetyGoggles|Defiant|CloseCombat,RageFist,FinalGambit,Taunt|||M|||50|,,,,,Fairy]Indeedee||FocusSash|PsychicSurge|ExpandingForce,TeraBlast,Imprison,TrickRoom|||M|||50|,,,,,Psychic]Sneasler||PsychicSeed|Unburden|CloseCombat,DireClaw,ThroatChop,Protect|||F|||50|,,,,,Dark]Ursaluna-Bloodmoon||LifeOrb|MindsEye|HyperVoice,BloodMoon,EarthPower,Protect|||M|||50|,,,,,Normal]Archaludon||PowerHerb|Sturdy|ElectroShot,DragonPulse,Thunderbolt,Protect|||M|||50|,,,,,Electric
|inactive|Battle timer is ON: inactive players will automatically lose when time's up. (requested by palle synchro)
|
|t:|1757074838
|teamsize|p1|4
|teamsize|p2|4
|start
|switch|p1a: Vanessa|Gothitelle, L50, F|100/100
|switch|p1b: Toad|Amoonguss, L50, M|100/100
|switch|p2a: Annihilape|Annihilape, L50, M|100/100
|switch|p2b: Archaludon|Archaludon, L50, M|100/100
|turn|1
|
|t:|1757074845
|move|p2b: Archaludon|Protect|p2b: Archaludon
|-singleturn|p2b: Archaludon|Protect
|move|p1b: Toad|Rage Powder|p1b: Toad
|-singleturn|p1b: Toad|move: Rage Powder
|move|p2a: Annihilape|Taunt|p1a: Vanessa
|-start|p1a: Vanessa|move: Taunt
|-enditem|p1a: Vanessa|Mental Herb
|-end|p1a: Vanessa|move: Taunt
|move|p1a: Vanessa|Trick Room|p1a: Vanessa
|-fieldstart|move: Trick Room|[of] p1a: Vanessa
|
|upkeep
|turn|2
|
|t:|1757074867
|move|p1a: Vanessa|Protect|p1a: Vanessa
|-singleturn|p1a: Vanessa|Protect
|move|p1b: Toad|Spore|p2b: Archaludon
|-status|p2b: Archaludon|slp|[from] move: Spore
|cant|p2b: Archaludon|slp
|move|p2a: Annihilape|Close Combat|p1b: Toad
|-resisted|p1b: Toad
|-damage|p1b: Toad|75/100
|-unboost|p2a: Annihilape|def|1
|-unboost|p2a: Annihilape|spd|1
|-damage|p2a: Annihilape|84/100|[from] item: Rocky Helmet|[of] p1b: Toad
|
|upkeep
|turn|3
|
|t:|1757074879
|switch|p1b: Freddy|Ursaluna, L50, F|100/100
|switch|p2a: Indeedee|Indeedee, L50, M|100/100
|-fieldstart|move: Psychic Terrain|[from] ability: Psychic Surge|[of] p2a: Indeedee
|move|p1a: Vanessa|Psychic|p2a: Indeedee
|-resisted|p2a: Indeedee
|-damage|p2a: Indeedee|74/100
|cant|p2b: Archaludon|slp
|
|-status|p1b: Freddy|brn|[from] item: Flame Orb
|upkeep
|turn|4
|
|t:|1757074892
|move|p1a: Vanessa|Protect|p1a: Vanessa
|-singleturn|p1a: Vanessa|Protect
|cant|p2b: Archaludon|slp
|move|p1b: Freddy|Earthquake|p2a: Indeedee|[spread] p2a,p2b
|-activate|p1a: Vanessa|move: Protect
|-supereffective|p2b: Archaludon
|-crit|p2b: Archaludon
|-damage|p2a: Indeedee|0 fnt
|-ability|p2b: Archaludon|Sturdy
|-damage|p2b: Archaludon|1/100 slp
|faint|p2a: Indeedee
|
|-damage|p1b: Freddy|95/100 brn|[from] brn
|upkeep
|
|t:|1757074901
|switch|p2a: Sneasler|Sneasler, L50, F|100/100
|-enditem|p2a: Sneasler|Psychic Seed
|-boost|p2a: Sneasler|spd|1|[from] item: Psychic Seed
|turn|5
|
|t:|1757074912
|-curestatus|p2b: Archaludon|slp|[msg]
|move|p2b: Archaludon|Protect|p2b: Archaludon
|-singleturn|p2b: Archaludon|Protect
|move|p2a: Sneasler|Protect|p2a: Sneasler
|-singleturn|p2a: Sneasler|Protect
|move|p1b: Freddy|Facade|p2b: Archaludon
|-activate|p2b: Archaludon|move: Protect
|move|p1a: Vanessa|Psychic|p2a: Sneasler
|-activate|p2a: Sneasler|move: Protect
|
|-damage|p1b: Freddy|89/100 brn|[from] brn
|-fieldend|move: Trick Room
|upkeep
|turn|6
|
|t:|1757074932
|switch|p1b: Toad|Amoonguss, L50, M|100/100
|-terastallize|p2b: Archaludon|Electric
|move|p1a: Vanessa|Protect|p1a: Vanessa
|-singleturn|p1a: Vanessa|Protect
|move|p2a: Sneasler|Dire Claw|p1a: Vanessa
|-activate|p1a: Vanessa|move: Protect
|move|p2b: Archaludon|Electro Shot||[still]
|-prepare|p2b: Archaludon|Electro Shot
|-boost|p2b: Archaludon|spa|1
|-enditem|p2b: Archaludon|Power Herb
|-anim|p2b: Archaludon|Electro Shot|p1a: Vanessa
|-activate|p1a: Vanessa|move: Protect
|
|upkeep
|turn|7
|-message|palle synchro forfeited.
|
|win|caZISA
