|j|☆T.anh88
|j|☆blum10
|html|T.anh88blum10    
|uhtml|bestof|Game 1 of a best-of-3
|t:|1783993303
|gametype|doubles
|player|p1|T.anh88|265|1057
|player|p2|blum10|265|1101
|gen|9
|tier|[Gen 9 Champions] VGC 2026 Reg M-B (Bo3)
|rated|
|rule|Species Clause: Limit one of each Pokémon
|rule|Item Clause: Limit 1 of each item
|clearpoke
|poke|p1|Archaludon, L50, F|
|poke|p1|Maushold-Four, L50|
|poke|p1|Sinistcha-Masterpiece, L50|
|poke|p1|Umbreon, L50, M|
|poke|p1|Dragalge, L50, F|
|poke|p1|Meowscarada, L50, M|
|poke|p2|Aerodactyl, L50, M|
|poke|p2|Kingambit, L50, M|
|poke|p2|Sylveon, L50, M|
|poke|p2|Garchomp, L50, M|
|poke|p2|Charizard, L50, M|
|poke|p2|Incineroar, L50, M|
|teampreview|4
|showteam|p1|Archaludon||Leftovers|Stamina|AuraSphere,FlashCannon,Protect,ElectroShot|Modest||F|||50|]Maushold-Four||FocusSash|FriendGuard|PopulationBomb,RainDance,Taunt,HelpingHand|Lax|||||50|]Sinistcha-Masterpiece||ShellBell|Hospitality|MatchaGotcha,TrickRoom,LifeDew,RagePowder|Modest|||||50|]Umbreon||RoseliBerry|InnerFocus|Toxic,Snarl,Taunt,Wish|Relaxed||M|||50|]Dragalge||Dragalgite|Adaptability|ToxicSpikes,RainDance,DracoMeteor,SludgeWave|Modest||F|||50|]Meowscarada||ChoiceScarf|Protean|PlayRough,TripleAxel,FlowerTrick,SuckerPunch|Naive||M|||50|
|showteam|p2|Aerodactyl||Aerodactylite|Unnerve|RockSlide,IceFang,Tailwind,WideGuard|Jolly||M|||50|]Kingambit||FocusSash|Defiant|KowtowCleave,SuckerPunch,IronHead,Protect|Adamant||M|||50|]Sylveon||FairyFeather|Pixilate|Detect,HyperVoice,HyperBeam,QuickAttack|Modest||M|||50|]Garchomp||LifeOrb|RoughSkin|Earthquake,DragonClaw,StompingTantrum,Protect|Jolly||M|||50|]Charizard||CharizarditeY|Blaze|Protect,HeatWave,SolarBeam,WeatherBall|Modest||M|||50|]Incineroar||SitrusBerry|Intimidate|DarkestLariat,FlareBlitz,FakeOut,PartingShot|Impish||M|||50|
|
|t:|1783993370
|teamsize|p1|4
|teamsize|p2|4
|start
|switch|p1a: Dragalge|Dragalge, L50, F|100/100
|switch|p1b: Meowscarada|Meowscarada, L50, M|100/100
|switch|p2a: Incineroar|Incineroar, L50, M|100/100
|switch|p2b: Charizard|Charizard, L50, M|100/100
|-ability|p2a: Incineroar|Intimidate|boost
|-unboost|p1a: Dragalge|atk|1
|-unboost|p1b: Meowscarada|atk|1
|turn|1
|
|t:|1783993399
|detailschange|p2b: Charizard|Charizard-Mega-Y, L50, M
|-mega|p2b: Charizard|Charizard|Charizardite Y
|-weather|SunnyDay|[from] ability: Drought|[of] p2b: Charizard
|detailschange|p1a: Dragalge|Dragalge-Mega, L50, F
|-mega|p1a: Dragalge|Dragalge|Dragalgite
|move|p2a: Incineroar|Fake Out|p1a: Dragalge
|-damage|p1a: Dragalge|91/100
|move|p1b: Meowscarada|Play Rough|p2a: Incineroar
|-start|p1b: Meowscarada|typechange|Fairy|[from] ability: Protean
|-damage|p2a: Incineroar|82/100
|move|p2b: Charizard|Heat Wave|p1b: Meowscarada|[spread] 
|-miss|p2b: Charizard|p1a: Dragalge
|-miss|p2b: Charizard|p1b: Meowscarada
|cant|p1a: Dragalge|flinch
|
|-weather|SunnyDay|[upkeep]
|upkeep
|turn|2
|
|t:|1783993434
|switch|p2a: Sylveon|Sylveon, L50, M|100/100
|move|p1b: Meowscarada|Play Rough|p2a: Sylveon
|-damage|p2a: Sylveon|69/100
|-unboost|p2a: Sylveon|atk|1
|move|p2b: Charizard|Heat Wave|p1b: Meowscarada|[spread] p1a,p1b
|-resisted|p1a: Dragalge|1
|-damage|p1a: Dragalge|69/100
|-damage|p1b: Meowscarada|0 fnt
|faint|p1b: Meowscarada
|move|p1a: Dragalge|Rain Dance|p1a: Dragalge
|-weather|RainDance
|
|-weather|RainDance|[upkeep]
|upkeep
|
|t:|1783993451
|switch|p1b: Archaludon|Archaludon, L50, F|100/100
|turn|3
|
|t:|1783993464
|switch|p2b: Garchomp|Garchomp, L50, M|100/100
|move|p2a: Sylveon|Detect|p2a: Sylveon
|-singleturn|p2a: Sylveon|Protect
|move|p1b: Archaludon|Electro Shot||[still]
|-prepare|p1b: Archaludon|Electro Shot
|-boost|p1b: Archaludon|spa|1
|-anim|p1b: Archaludon|Electro Shot|p2b: Garchomp
|-immune|p2b: Garchomp
|move|p1a: Dragalge|Sludge Wave|p2b: Garchomp|[spread] p2b
|-activate|p2a: Sylveon|move: Protect
|-immune|p1b: Archaludon
|-resisted|p2b: Garchomp|1
|-damage|p2b: Garchomp|80/100
|
|-weather|RainDance|[upkeep]
|upkeep
|turn|4
|
|t:|1783993485
|switch|p2a: Charizard|Charizard-Mega-Y, L50, M|100/100
|-weather|SunnyDay|[from] ability: Drought|[of] p2a: Charizard
|move|p1b: Archaludon|Protect|p1b: Archaludon
|-singleturn|p1b: Archaludon|Protect
|move|p2b: Garchomp|Earthquake|p1a: Dragalge|[spread] p1a
|-activate|p1b: Archaludon|move: Protect
|-immune|p2a: Charizard
|-supereffective|p1a: Dragalge|1
|-damage|p1a: Dragalge|0 fnt
|faint|p1a: Dragalge
|-damage|p2b: Garchomp|70/100|[from] item: Life Orb
|
|-weather|SunnyDay|[upkeep]
|upkeep
|
|t:|1783993502
|switch|p1a: Maushold|Maushold-Four, L50|100/100
|turn|5
|
|t:|1783993526
|move|p2b: Garchomp|Earthquake|p1a: Maushold|[spread] p1a,p1b
|-immune|p2a: Charizard
|-supereffective|p1b: Archaludon|1
|-damage|p1a: Maushold|44/100
|-damage|p1b: Archaludon|46/100
|-ability|p1b: Archaludon|Stamina|boost
|-boost|p1b: Archaludon|def|1
|-damage|p2b: Garchomp|60/100|[from] item: Life Orb
|move|p2a: Charizard|Heat Wave|p1b: Archaludon|[spread] p1a,p1b
|-damage|p1a: Maushold|0 fnt
|-damage|p1b: Archaludon|3/100
|-ability|p1b: Archaludon|Stamina|boost
|-boost|p1b: Archaludon|def|1
|faint|p1a: Maushold
|move|p1b: Archaludon|Aura Sphere|p2b: Garchomp
|-damage|p2b: Garchomp|20/100y
|
|-weather|SunnyDay|[upkeep]
|-heal|p1b: Archaludon|9/100|[from] item: Leftovers
|upkeep
|turn|6
|-message|T.anh88 forfeited.
|
|win|blum10
