|j|☆TeyVgc
|j|☆Mikellyvgc3
|html|TeyVgcMikellyvgc3    
|uhtml|bestof|Game 2 of a best-of-3
|t:|1783044070
|gametype|doubles
|player|p1|TeyVgc|rood|1164
|player|p2|Mikellyvgc3|266|1228
|gen|9
|tier|[Gen 9 Champions] VGC 2026 Reg M-B (Bo3)
|rated|
|rule|Species Clause: Limit one of each Pokémon
|rule|Item Clause: Limit 1 of each item
|clearpoke
|poke|p1|Tyranitar, L50, M|
|poke|p1|Excadrill, L50, M|
|poke|p1|Rotom-Wash, L50|
|poke|p1|Sinistcha, L50|
|poke|p1|Corviknight, L50, F|
|poke|p1|Houndstone, L50, M|
|poke|p2|Basculegion, L50, M|
|poke|p2|Pelipper, L50, M|
|poke|p2|Archaludon, L50, M|
|poke|p2|Staraptor, L50, F|
|poke|p2|Venusaur, L50, F|
|poke|p2|Hydreigon, L50, F|
|teampreview|4
|showteam|p1|Tyranitar||Tyranitarite|SandStream|RockSlide,KnockOff,LowKick,Protect|Adamant||M|||50|]Excadrill||FocusSash|SandRush|IronHead,Protect,Earthquake,RockSlide|Adamant||M|||50|]Rotom-Wash||ChoiceScarf|Levitate|VoltSwitch,HydroPump,Electroweb,Thunderbolt|Modest|||||50|]Sinistcha||SitrusBerry|Hospitality|RagePowder,MatchaGotcha,StrengthSap,TrickRoom|Bold|||||50|]Corviknight||Leftovers|MirrorArmor|BulkUp,BraveBird,Roost,Tailwind|Careful||F|||50|]Houndstone||SpellTag|SandRush|LastRespects,PhantomForce,WillOWisp,Protect|Adamant||M|||50|
|showteam|p2|Basculegion||LifeOrb|SwiftSwim|WaveCrash,LastRespects,AquaJet,Protect|Adamant||M|||50|]Pelipper||SitrusBerry|Drizzle|Hurricane,WeatherBall,Tailwind,WideGuard|Modest||M|||50|]Archaludon||Leftovers|Stamina|ElectroShot,DragonPulse,FlashCannon,Protect|Modest||M|||50|]Staraptor||Staraptite|Intimidate|BraveBird,CloseCombat,Roost,Protect|Jolly||F|||50|]Venusaur||Venusaurite|Chlorophyll|SludgeBomb,EarthPower,LeechSeed,Protect|Modest||F|||50|]Hydreigon||ChoiceScarf|Levitate|DarkPulse,DracoMeteor,Snarl,HeatWave|Modest||F|||50|
|
|t:|1783044137
|teamsize|p1|4
|teamsize|p2|4
|start
|switch|p1a: Tyranitar|Tyranitar, L50, M|100/100
|switch|p1b: Excadrill|Excadrill, L50, M|100/100
|switch|p2a: Staraptor|Staraptor, L50, F|100/100
|switch|p2b: Pelipper|Pelipper, L50, M|100/100
|-ability|p2a: Staraptor|Intimidate|boost
|-unboost|p1a: Tyranitar|atk|1
|-unboost|p1b: Excadrill|atk|1
|-weather|Sandstorm|[from] ability: Sand Stream|[of] p1a: Tyranitar
|-weather|RainDance|[from] ability: Drizzle|[of] p2b: Pelipper
|turn|1
|
|t:|1783044158
|detailschange|p2a: Staraptor|Staraptor-Mega, L50, F
|-mega|p2a: Staraptor|Staraptor|Staraptite
|detailschange|p1a: Tyranitar|Tyranitar-Mega, L50, M
|-mega|p1a: Tyranitar|Tyranitar|Tyranitarite
|-weather|Sandstorm|[from] ability: Sand Stream|[of] p1a: Tyranitar
|move|p1a: Tyranitar|Protect|p1a: Tyranitar
|-singleturn|p1a: Tyranitar|Protect
|move|p2b: Pelipper|Wide Guard|p2b: Pelipper
|-singleturn|p2b: Pelipper|Wide Guard
|move|p1b: Excadrill|Rock Slide|p2b: Pelipper|[spread] 
|-activate|p2a: Staraptor|move: Wide Guard
|-activate|p2b: Pelipper|move: Wide Guard
|move|p2a: Staraptor|Close Combat|p1b: Excadrill
|-supereffective|p1b: Excadrill|1
|-enditem|p1b: Excadrill|Focus Sash
|-damage|p1b: Excadrill|1/100
|-boost|p2a: Staraptor|def|1
|-boost|p2a: Staraptor|spd|1
|
|-weather|Sandstorm|[upkeep]
|-damage|p2a: Staraptor|94/100|[from] Sandstorm
|-damage|p2b: Pelipper|93/100|[from] Sandstorm
|upkeep
|turn|2
|
|t:|1783044185
|switch|p1a: Rotom|Rotom-Wash, L50|100/100
|move|p1b: Excadrill|Rock Slide|p2b: Pelipper|[spread] p2a,p2b
|-supereffective|p2b: Pelipper|1
|-damage|p2a: Staraptor|84/100
|-damage|p2b: Pelipper|60/100
|cant|p2a: Staraptor|flinch
|cant|p2b: Pelipper|flinch
|
|-weather|Sandstorm|[upkeep]
|-damage|p1a: Rotom|94/100|[from] Sandstorm
|-damage|p2a: Staraptor|78/100|[from] Sandstorm
|-damage|p2b: Pelipper|54/100|[from] Sandstorm
|upkeep
|turn|3
|
|t:|1783044211
|switch|p2a: Hydreigon|Hydreigon, L50, F|100/100
|switch|p2b: Basculegion|Basculegion, L50, M|100/100
|move|p1b: Excadrill|Rock Slide|p2a: Hydreigon|[spread] p2a,p2b
|-damage|p2a: Hydreigon|82/100
|-damage|p2b: Basculegion|84/100
|move|p1a: Rotom|Volt Switch|p2a: Hydreigon
|-resisted|p2a: Hydreigon|1
|-damage|p2a: Hydreigon|61/100
|
|t:|1783044224
|switch|p1a: Corviknight|Corviknight, L50, F|100/100|[from] Volt Switch
|
|-weather|Sandstorm|[upkeep]
|-damage|p2a: Hydreigon|55/100|[from] Sandstorm
|-damage|p2b: Basculegion|78/100|[from] Sandstorm
|upkeep
|turn|4
|
|t:|1783044246
|move|p1b: Excadrill|Protect|p1b: Excadrill
|-singleturn|p1b: Excadrill|Protect
|move|p2b: Basculegion|Aqua Jet|p1b: Excadrill
|-activate|p1b: Excadrill|move: Protect
|move|p2a: Hydreigon|Dark Pulse|p1a: Corviknight
|-damage|p1a: Corviknight|60/100
|cant|p1a: Corviknight|flinch
|
|-weather|Sandstorm|[upkeep]
|-damage|p2a: Hydreigon|49/100|[from] Sandstorm
|-damage|p2b: Basculegion|72/100|[from] Sandstorm
|-heal|p1a: Corviknight|66/100|[from] item: Leftovers
|upkeep
|turn|5
|
|t:|1783044262
|switch|p1b: Rotom|Rotom-Wash, L50|94/100
|move|p2b: Basculegion|Aqua Jet|p1b: Rotom
|-resisted|p1b: Rotom|1
|-damage|p1b: Rotom|76/100
|-damage|p2b: Basculegion|63/100|[from] item: Life Orb
|move|p2a: Hydreigon|Dark Pulse|p1a: Corviknight
|-damage|p1a: Corviknight|27/100
|move|p1a: Corviknight|Tailwind|p1a: Corviknight
|-sidestart|p1: TeyVgc|move: Tailwind
|
|-weather|none
|-heal|p1a: Corviknight|33/100|[from] item: Leftovers
|upkeep
|turn|6
|
|t:|1783044284
|move|p2b: Basculegion|Aqua Jet|p1a: Corviknight
|-damage|p1a: Corviknight|10/100
|-damage|p2b: Basculegion|53/100|[from] item: Life Orb
|move|p1b: Rotom|Electroweb|p2b: Basculegion|[spread] p2a,p2b
|-resisted|p2a: Hydreigon|1
|-supereffective|p2b: Basculegion|1
|-damage|p2a: Hydreigon|39/100
|-damage|p2b: Basculegion|8/100
|-unboost|p2a: Hydreigon|spe|1
|-unboost|p2b: Basculegion|spe|1
|move|p1a: Corviknight|Roost|p1a: Corviknight
|-heal|p1a: Corviknight|60/100
|-singleturn|p1a: Corviknight|move: Roost
|move|p2a: Hydreigon|Dark Pulse|p1a: Corviknight
|-damage|p1a: Corviknight|16/100
|
|-heal|p1a: Corviknight|22/100|[from] item: Leftovers
|upkeep
|turn|7
|
|t:|1783044307
|move|p2b: Basculegion|Protect|p2b: Basculegion
|-singleturn|p2b: Basculegion|Protect
|move|p1b: Rotom|Electroweb|p2b: Basculegion|[spread] p2a
|-activate|p2b: Basculegion|move: Protect
|-resisted|p2a: Hydreigon|1
|-damage|p2a: Hydreigon|27/100
|-unboost|p2a: Hydreigon|spe|1
|move|p1a: Corviknight|Roost|p1a: Corviknight
|-heal|p1a: Corviknight|72/100
|-singleturn|p1a: Corviknight|move: Roost
|move|p2a: Hydreigon|Dark Pulse|p1b: Rotom
|-damage|p1b: Rotom|12/100
|
|-heal|p1a: Corviknight|78/100|[from] item: Leftovers
|upkeep
|turn|8
|
|t:|1783044329
|switch|p1b: Excadrill|Excadrill, L50, M|1/100
|switch|p2b: Pelipper|Pelipper, L50, M|54/100
|-weather|RainDance|[from] ability: Drizzle|[of] p2b: Pelipper
|move|p1a: Corviknight|Bulk Up|p1a: Corviknight
|-boost|p1a: Corviknight|atk|1
|-boost|p1a: Corviknight|def|1
|move|p2a: Hydreigon|Dark Pulse|p1b: Excadrill
|-damage|p1b: Excadrill|0 fnt
|faint|p1b: Excadrill
|
|-weather|RainDance|[upkeep]
|-heal|p1a: Corviknight|84/100|[from] item: Leftovers
|-sideend|p1: TeyVgc|move: Tailwind
|upkeep
|
|t:|1783044341
|switch|p1b: Rotom|Rotom-Wash, L50|12/100
|turn|9
|
|t:|1783044355
|switch|p2a: Basculegion|Basculegion, L50, M|8/100
|move|p1b: Rotom|Volt Switch|p2b: Pelipper
|-supereffective|p2b: Pelipper|2
|-damage|p2b: Pelipper|0 fnt
|faint|p2b: Pelipper
|
|t:|1783044361
|switch|p1b: Tyranitar|Tyranitar-Mega, L50, M|100/100|[from] Volt Switch
|-weather|Sandstorm|[from] ability: Sand Stream|[of] p1b: Tyranitar
|move|p1a: Corviknight|Brave Bird|p2a: Basculegion
|-damage|p2a: Basculegion|0 fnt
|faint|p2a: Basculegion
|-damage|p1a: Corviknight|81/100|[from] Recoil
|
|-weather|Sandstorm|[upkeep]
|-heal|p1a: Corviknight|87/100|[from] item: Leftovers
|upkeep
|
|t:|1783044371
|switch|p2a: Staraptor|Staraptor-Mega, L50, F|78/100
|switch|p2b: Hydreigon|Hydreigon, L50, F|27/100
|turn|10
|
|t:|1783044384
|move|p1b: Tyranitar|Protect|p1b: Tyranitar
|-singleturn|p1b: Tyranitar|Protect
|move|p2b: Hydreigon|Dark Pulse|p1a: Corviknight
|-damage|p1a: Corviknight|51/100
|move|p2a: Staraptor|Close Combat|p1a: Corviknight
|-damage|p1a: Corviknight|16/100
|-boost|p2a: Staraptor|def|1
|-boost|p2a: Staraptor|spd|1
|move|p1a: Corviknight|Tailwind|p1a: Corviknight
|-sidestart|p1: TeyVgc|move: Tailwind
|
|-weather|Sandstorm|[upkeep]
|-damage|p2b: Hydreigon|21/100|[from] Sandstorm
|-damage|p2a: Staraptor|72/100|[from] Sandstorm
|-heal|p1a: Corviknight|22/100|[from] item: Leftovers
|upkeep
|turn|11
|
|t:|1783044407
|move|p2b: Hydreigon|Dark Pulse|p1a: Corviknight
|-damage|p1a: Corviknight|0 fnt
|faint|p1a: Corviknight
|move|p1b: Tyranitar|Rock Slide|p2b: Hydreigon|[spread] p2b
|-miss|p1b: Tyranitar|p2a: Staraptor
|-damage|p2b: Hydreigon|0 fnt
|faint|p2b: Hydreigon
|move|p2a: Staraptor|Close Combat|p1b: Tyranitar
|-supereffective|p1b: Tyranitar|2
|-damage|p1b: Tyranitar|0 fnt
|-boost|p2a: Staraptor|def|1
|-boost|p2a: Staraptor|spd|1
|faint|p1b: Tyranitar
|
|-weather|Sandstorm|[upkeep]
|-damage|p2a: Staraptor|67/100|[from] Sandstorm
|upkeep
|
|t:|1783044415
|switch|p1b: Rotom|Rotom-Wash, L50|12/100
|turn|12
|
|t:|1783044426
|move|p1b: Rotom|Thunderbolt|p2a: Staraptor
|-supereffective|p2a: Staraptor|1
|-damage|p2a: Staraptor|18/100
|move|p2a: Staraptor|Close Combat|p1b: Rotom
|-damage|p1b: Rotom|0 fnt
|-boost|p2a: Staraptor|def|1
|-boost|p2a: Staraptor|spd|1
|faint|p1b: Rotom
|
|win|Mikellyvgc3
