|j|☆x-demon18
|j|☆BravitoRito
|html|x-demon18BravitoRito    
|uhtml|bestof|Game 2 of a best-of-3
|t:|1784950174
|gametype|doubles
|player|p1|x-demon18|pokefan-gen4|1125
|player|p2|BravitoRito|striker|1199
|gen|9
|tier|[Gen 9 Champions] VGC 2026 Reg M-B (Bo3)
|rated|
|rule|Species Clause: Limit one of each Pokémon
|rule|Item Clause: Limit 1 of each item
|clearpoke
|poke|p1|Rotom-Heat, L50|
|poke|p1|Sinistcha, L50|
|poke|p1|Primarina, L50, F|
|poke|p1|Metagross, L50, shiny|
|poke|p1|Garchomp, L50, M|
|poke|p1|Tyranitar, L50, M|
|poke|p2|Charizard, L50, M, shiny|
|poke|p2|Aerodactyl, L50, M|
|poke|p2|Farigiraf, L50, M|
|poke|p2|Garchomp, L50, M|
|poke|p2|Sylveon, L50, F|
|poke|p2|Kingambit, L50, M|
|teampreview|4
|showteam|p1|Rotom-Heat||SitrusBerry|Levitate|Overheat,Electroweb,WillOWisp,VoltSwitch|Modest|||||50|]Sinistcha||KasibBerry|Hospitality|MatchaGotcha,ShadowBall,RagePowder,Protect|Quiet|||||50|]Primarina||Leftovers|LiquidVoice|HyperVoice,Moonblast,IcyWind,Protect|Modest||F|||50|]Metagross||Metagrossite|ClearBody|IronHead,PsychicFangs,BodyPress,Protect|Adamant|||||50|]Garchomp||LifeOrb|RoughSkin|RockSlide,DragonClaw,StompingTantrum,Protect|Jolly||M|||50|]Tyranitar||Tyranitarite|SandStream|RockSlide,KnockOff,IcePunch,Protect|Adamant||M|||50|
|showteam|p2|Charizard||CharizarditeY|Blaze|HeatWave,SolarBeam,WeatherBall,Protect|Modest||M|||50|]Aerodactyl||Aerodactylite|Unnerve|RockSlide,DualWingbeat,IceFang,Tailwind|Jolly||M|||50|]Farigiraf||SitrusBerry|ArmorTail|Psychic,Thunderbolt,TrickRoom,Roar|Sassy||M|||50|]Garchomp||LifeOrb|RoughSkin|Earthquake,DragonClaw,StompingTantrum,Protect|Jolly||M|||50|]Sylveon||FairyFeather|Pixilate|HyperVoice,HyperBeam,QuickAttack,Detect|Sassy||F|||50|]Kingambit||FocusSash|Defiant|KowtowCleave,IronHead,SuckerPunch,LowKick|Adamant||M|||50|
|inactive|Battle timer is ON: inactive players will automatically lose when time's up. (requested by BravitoRito)
|
|t:|1784950200
|teamsize|p1|4
|teamsize|p2|4
|start
|switch|p1a: Magneto|Metagross, L50, shiny|100/100
|switch|p1b: Prometheus|Rotom-Heat, L50|100/100
|switch|p2a: Aerodactyl|Aerodactyl, L50, M|100/100
|switch|p2b: Kingambit|Kingambit, L50, M|100/100
|-ability|p2a: Aerodactyl|Unnerve
|turn|1
|inactive|BravitoRito has 30 seconds left.
|inactive|BravitoRito has 20 seconds left.
|
|t:|1784950238
|detailschange|p2a: Aerodactyl|Aerodactyl-Mega, L50, M
|-mega|p2a: Aerodactyl|Aerodactyl|Aerodactylite
|detailschange|p1a: Magneto|Metagross-Mega, L50, shiny
|-mega|p1a: Magneto|Metagross|Metagrossite
|move|p2a: Aerodactyl|Rock Slide|p1b: Prometheus|[spread] p1a,p1b
|-resisted|p1a: Magneto|1
|-supereffective|p1b: Prometheus|1
|-damage|p1a: Magneto|88/100
|-damage|p1b: Prometheus|38/100
|-enditem|p1b: Prometheus|Sitrus Berry|[eat]
|-heal|p1b: Prometheus|63/100|[from] item: Sitrus Berry
|move|p1a: Magneto|Iron Head|p2a: Aerodactyl
|-supereffective|p2a: Aerodactyl|1
|-damage|p2a: Aerodactyl|0 fnt
|faint|p2a: Aerodactyl
|move|p1b: Prometheus|Overheat|p2b: Kingambit
|-supereffective|p2b: Kingambit|1
|-enditem|p2b: Kingambit|Focus Sash
|-damage|p2b: Kingambit|1/100
|-unboost|p1b: Prometheus|spa|2
|move|p2b: Kingambit|Kowtow Cleave|p1a: Magneto
|-supereffective|p1a: Magneto|1
|-damage|p1a: Magneto|18/100
|
|upkeep
|inactive|BravitoRito has 30 seconds left.
|
|t:|1784950263
|switch|p2a: Garchomp|Garchomp, L50, M|100/100
|turn|2
|
|t:|1784950282
|switch|p1b: Don Julio|Sinistcha, L50|100/100
|-heal|p1a: Magneto|43/100|[from] ability: Hospitality|[of] p1b: Don Julio
|move|p1a: Magneto|Protect|p1a: Magneto
|-singleturn|p1a: Magneto|Protect
|move|p2b: Kingambit|Sucker Punch||[still]
|-fail|p2b: Kingambit
|move|p2a: Garchomp|Dragon Claw|p1b: Don Julio
|-damage|p1b: Don Julio|53/100
|-damage|p2a: Garchomp|90/100|[from] item: Life Orb
|
|upkeep
|turn|3
|inactive|BravitoRito has 30 seconds left.
|
|t:|1784950314
|move|p1b: Don Julio|Rage Powder|p1b: Don Julio
|-singleturn|p1b: Don Julio|move: Rage Powder
|move|p2a: Garchomp|Dragon Claw|p1b: Don Julio
|-damage|p1b: Don Julio|6/100
|-damage|p2a: Garchomp|80/100|[from] item: Life Orb
|move|p1a: Magneto|Iron Head|p2b: Kingambit
|-resisted|p2b: Kingambit|1
|-damage|p2b: Kingambit|0 fnt
|faint|p2b: Kingambit
|
|upkeep
|
|t:|1784950323
|switch|p2b: Sylveon|Sylveon, L50, F|100/100
|turn|4
|
|t:|1784950330
|move|p2b: Sylveon|Detect|p2b: Sylveon
|-singleturn|p2b: Sylveon|Protect
|move|p1b: Don Julio|Rage Powder|p1b: Don Julio
|-singleturn|p1b: Don Julio|move: Rage Powder
|move|p2a: Garchomp|Stomping Tantrum|p1b: Don Julio
|-resisted|p1b: Don Julio|1
|-damage|p1b: Don Julio|0 fnt
|faint|p1b: Don Julio
|-damage|p2a: Garchomp|70/100|[from] item: Life Orb
|move|p1a: Magneto|Iron Head|p2b: Sylveon
|-activate|p2b: Sylveon|move: Protect
|
|upkeep
|
|t:|1784950344
|switch|p1b: Caliope|Primarina, L50, F|100/100
|turn|5
|
|t:|1784950361
|switch|p1a: Prometheus|Rotom-Heat, L50|63/100
|move|p2a: Garchomp|Stomping Tantrum|p1a: Prometheus
|-immune|p1a: Prometheus|[from] ability: Levitate
|move|p1b: Caliope|Moonblast|p2a: Garchomp
|-supereffective|p2a: Garchomp|1
|-damage|p2a: Garchomp|0 fnt
|faint|p2a: Garchomp
|move|p2b: Sylveon|Hyper Voice|p1a: Prometheus|[spread] p1a,p1b
|-resisted|p1a: Prometheus|1
|-damage|p1a: Prometheus|43/100
|-damage|p1b: Caliope|64/100
|
|-heal|p1b: Caliope|70/100|[from] item: Leftovers
|upkeep
|turn|6
|-message|BravitoRito forfeited.
|
|win|x-demon18
|l|☆BravitoRito
|player|p2|
||BravitoRito is ready for game 3.
