|j|☆spodermees
|j|☆markknight05
|html|spodermeesmarkknight05    
|uhtml|bestof|Game 1 of a best-of-3
|t:|1784236639
|gametype|doubles
|player|p1|spodermees|sailor|1127
|player|p2|markknight05|101|1144
|gen|9
|tier|[Gen 9 Champions] VGC 2026 Reg M-B (Bo3)
|rated|
|rule|Species Clause: Limit one of each Pokémon
|rule|Item Clause: Limit 1 of each item
|clearpoke
|poke|p1|Floette-Eternal, L50, F|
|poke|p1|Sneasler, L50, M|
|poke|p1|Incineroar, L50, M|
|poke|p1|Sinistcha, L50|
|poke|p1|Delphox, L50, F|
|poke|p1|Garchomp, L50, F|
|poke|p2|Gengar, L50, F|
|poke|p2|Alakazam, L50, F|
|poke|p2|Annihilape, L50, F|
|poke|p2|Snorlax, L50, M|
|poke|p2|Ninetales-Alola, L50, F|
|poke|p2|Malamar, L50, M|
|teampreview|4
|showteam|p1|Floette-Eternal||Floettite|FlowerVeil|DazzlingGleam,DrainingKiss,Protect,CalmMind|Timid||F|||50|]Sneasler||FocusSash|PoisonTouch|FakeOut,PoisonJab,CloseCombat,Protect|Jolly||M|||50|]Incineroar||SitrusBerry|Intimidate|FakeOut,FlareBlitz,PartingShot,DarkestLariat|Careful||M|||50|]Sinistcha||Leftovers|Hospitality|MatchaGotcha,Protect,TrickRoom,RagePowder|Calm|||||50|]Delphox||Delphoxite|Blaze|HeatWave,Psyshock,NastyPlot,Protect|Timid||F|||50|]Garchomp||LifeOrb|RoughSkin|Earthquake,Protect,RockSlide,DragonClaw|Adamant||F|||50|
|showteam|p2|Gengar||Gengarite|CursedBody|Disable,SludgeBomb,PerishSong,Protect|Timid||F|||50|]Alakazam||LifeOrb|MagicGuard|Disable,Encore,ExpandingForce,Protect|Timid||F|||50|]Annihilape||FocusSash|Defiant|CloseCombat,PhantomForce,RockSlide,Protect|Adamant||F|||50|]Snorlax||Leftovers|ThickFat|Stockpile,BodyPress,Yawn,Protect|Impish||M|||50|]Ninetales-Alola||LightClay|SnowWarning|AuroraVeil,Blizzard,Encore,Protect|Serious||F|||50|]Malamar||BlackGlasses|Contrary|Disable,TopsyTurvy,TrickRoom,Protect|Relaxed||M|||50|
|inactive|Battle timer is ON: inactive players will automatically lose when time's up. (requested by spodermees)
|inactive|spodermees has 60 seconds left.
|inactive|markknight05 has 60 seconds left.
|
|t:|1784236690
|teamsize|p1|4
|teamsize|p2|4
|start
|switch|p1a: Delphox|Delphox, L50, F|100/100
|switch|p1b: Garchomp|Garchomp, L50, F|100/100
|switch|p2a: Gengar|Gengar, L50, F|100/100
|switch|p2b: Alakazam|Alakazam, L50, F|100/100
|turn|1
|inactive|markknight05 has 30 seconds left.
|
|t:|1784236718
|detailschange|p2a: Gengar|Gengar-Mega, L50, F
|-mega|p2a: Gengar|Gengar|Gengarite
|detailschange|p1a: Delphox|Delphox-Mega, L50, F
|-mega|p1a: Delphox|Delphox|Delphoxite
|move|p2a: Gengar|Protect|p2a: Gengar
|-singleturn|p2a: Gengar|Protect
|move|p1a: Delphox|Heat Wave|p2a: Gengar|[spread] p2b
|-activate|p2a: Gengar|move: Protect
|-damage|p2b: Alakazam|47/100
|move|p2b: Alakazam|Expanding Force|p1b: Garchomp
|-damage|p1b: Garchomp|44/100
|move|p1b: Garchomp|Earthquake|p2a: Gengar|[spread] p2b
|-activate|p2a: Gengar|move: Protect
|-immune|p1a: Delphox|[from] ability: Levitate
|-damage|p2b: Alakazam|0 fnt
|faint|p2b: Alakazam
|-damage|p1b: Garchomp|34/100|[from] item: Life Orb
|
|upkeep
|
|t:|1784236736
|switch|p2b: Snorlax|Snorlax, L50, M|100/100
|turn|2
|
|t:|1784236745
|move|p1b: Garchomp|Protect|p1b: Garchomp
|-singleturn|p1b: Garchomp|Protect
|move|p1a: Delphox|Psyshock|p2a: Gengar
|-supereffective|p2a: Gengar|1
|-damage|p2a: Gengar|0 fnt
|faint|p2a: Gengar
|move|p2b: Snorlax|Yawn|p1a: Delphox
|-start|p1a: Delphox|move: Yawn|[of] p2b: Snorlax
|
|upkeep
|
|t:|1784236753
|switch|p2a: Ninetales|Ninetales-Alola, L50, F|100/100
|-weather|Snowscape|[from] ability: Snow Warning|[of] p2a: Ninetales
|turn|3
|
|t:|1784236771
|switch|p1a: Incineroar|Incineroar, L50, M|100/100
|-ability|p1a: Incineroar|Intimidate|boost
|-unboost|p2a: Ninetales|atk|1
|-unboost|p2b: Snorlax|atk|1
|move|p2a: Ninetales|Blizzard|p1a: Incineroar|[spread] p1a,p1b
|-resisted|p1a: Incineroar|1
|-supereffective|p1b: Garchomp|2
|-damage|p1a: Incineroar|91/100
|-damage|p1b: Garchomp|0 fnt
|faint|p1b: Garchomp
|move|p2b: Snorlax|Stockpile|p2b: Snorlax
|-start|p2b: Snorlax|stockpile1
|-boost|p2b: Snorlax|def|1
|-boost|p2b: Snorlax|spd|1
|
|-weather|Snowscape|[upkeep]
|upkeep
|
|t:|1784236779
|switch|p1b: Delphox|Delphox-Mega, L50, F|100/100
|turn|4
|
|t:|1784236791
|move|p2a: Ninetales|Protect|p2a: Ninetales
|-singleturn|p2a: Ninetales|Protect
|move|p1a: Incineroar|Fake Out|p2b: Snorlax
|-damage|p2b: Snorlax|95/100
|move|p1b: Delphox|Nasty Plot|p1b: Delphox
|-boost|p1b: Delphox|spa|2
|cant|p2b: Snorlax|flinch
|
|-weather|Snowscape|[upkeep]
|-heal|p2b: Snorlax|100/100|[from] item: Leftovers
|upkeep
|turn|5
|
|t:|1784236807
|move|p1b: Delphox|Heat Wave|p2b: Snorlax|[spread] p2a,p2b
|-supereffective|p2a: Ninetales|1
|-crit|p2a: Ninetales
|-damage|p2a: Ninetales|0 fnt
|-damage|p2b: Snorlax|82/100
|faint|p2a: Ninetales
|move|p1a: Incineroar|Parting Shot|p2b: Snorlax
|-unboost|p2b: Snorlax|atk|1
|-unboost|p2b: Snorlax|spa|1
|
|t:|1784236813
|switch|p1a: Sneasler|Sneasler, L50, M|100/100|[from] Parting Shot
|move|p2b: Snorlax|Yawn|p1b: Delphox
|-start|p1b: Delphox|move: Yawn|[of] p2b: Snorlax
|
|-weather|Snowscape|[upkeep]
|-heal|p2b: Snorlax|88/100|[from] item: Leftovers
|upkeep
|turn|6
|
|t:|1784236822
|move|p1b: Delphox|Psyshock|p2b: Snorlax
|-damage|p2b: Snorlax|46/100
|move|p1a: Sneasler|Close Combat|p2b: Snorlax
|-supereffective|p2b: Snorlax|1
|-crit|p2b: Snorlax
|-damage|p2b: Snorlax|0 fnt
|-unboost|p1a: Sneasler|def|1
|-unboost|p1a: Sneasler|spd|1
|faint|p2b: Snorlax
|
|win|spodermees
