|j|☆Urkfkffk
|j|☆NETDlDO
|html|UrkfkffkNETDlDO    
|uhtml|bestof|Game 1 of a best-of-3
|t:|1786038773
|gametype|doubles
|player|p1|Urkfkffk|bellelba|1042
|player|p2|NETDlDO|bruno|1065
|gen|9
|tier|[Gen 9 Champions] VGC 2026 Reg M-B (Bo3)
|rated|
|rule|Species Clause: Limit one of each Pokémon
|rule|Item Clause: Limit 1 of each item
|clearpoke
|poke|p1|Metagross, L50|
|poke|p1|Farigiraf, L50, M|
|poke|p1|Whimsicott, L50, M|
|poke|p1|Garchomp, L50, M|
|poke|p1|Floette-Eternal, L50, F|
|poke|p1|Ceruledge, L50, F|
|poke|p2|Pelipper, L50, F|
|poke|p2|Archaludon, L50, M|
|poke|p2|Raichu, L50, M|
|poke|p2|Sylveon, L50, F|
|poke|p2|Aerodactyl, L50, M|
|poke|p2|Maushold, L50|
|teampreview|4
|showteam|p1|Metagross||Metagrossite|ClearBody|MeteorMash,BodyPress,PsychicFangs,Protect|Jolly|||||50|]Farigiraf||Leftovers|ArmorTail|Imprison,TrickRoom,Earthquake,HelpingHand|Relaxed||M|||50|]Whimsicott||FocusSash|Prankster|Tailwind,Charm,Moonblast,Protect|Modest||M|||50|]Garchomp||LifeOrb|RoughSkin|Earthquake,DragonClaw,Crunch,Protect|Jolly||M|||50|]Floette-Eternal||Floettite|FlowerVeil|DazzlingGleam,Moonblast,CalmMind,Protect|Timid||F|||50|]Ceruledge||ChoiceScarf|FlashFire|BitterBlade,Poltergeist,CloseCombat,IronHead|Jolly||F|||50|
|showteam|p2|Pelipper||DampRock|Drizzle|Hurricane,WeatherBall,RainDance,Tailwind|Timid||F|||50|]Archaludon||Leftovers|Stamina|ElectroShot,DragonPulse,Protect,FlashCannon|Modest||M|||50|]Raichu||RaichuniteY|Static|FocusBlast,FakeOut,ZapCannon,Protect|Timid||M|||50|]Sylveon||FairyFeather|Pixilate|HyperVoice,HyperBeam,Protect,QuickAttack|Modest||F|||50|]Aerodactyl||FocusSash|Unnerve|Tailwind,RockSlide,DualWingbeat,Protect|Jolly||M|||50|]Maushold||WideLens|FriendGuard|PopulationBomb,Taunt,FollowMe,SuperFang|Jolly|||||50|
|inactive|Battle timer is ON: inactive players will automatically lose when time's up. (requested by Urkfkffk)
|inactive|NETDlDO has 60 seconds left.
|inactive|NETDlDO has 30 seconds left.
|
|t:|1786038836
|teamsize|p1|4
|teamsize|p2|4
|start
|switch|p1a: Garchomp|Garchomp, L50, M|100/100
|switch|p1b: Whimsicott|Whimsicott, L50, M|100/100
|switch|p2a: Pelipper|Pelipper, L50, F|100/100
|switch|p2b: Archaludon|Archaludon, L50, M|100/100
|-weather|RainDance|[from] ability: Drizzle|[of] p2a: Pelipper
|turn|1
|inactive|NETDlDO has 30 seconds left.
|inactive|NETDlDO has 20 seconds left.
|inactive|NETDlDO has 15 seconds left.
|
|t:|1786038879
|move|p1b: Whimsicott|Tailwind|p1b: Whimsicott
|-sidestart|p1: Urkfkffk|move: Tailwind
|move|p1a: Garchomp|Earthquake|p2a: Pelipper|[spread] p1b,p2b
|-immune|p2a: Pelipper
|-resisted|p1b: Whimsicott|1
|-supereffective|p2b: Archaludon|1
|-damage|p1b: Whimsicott|59/100
|-damage|p2b: Archaludon|20/100y
|-ability|p2b: Archaludon|Stamina|boost
|-boost|p2b: Archaludon|def|1
|-damage|p1a: Garchomp|90/100|[from] item: Life Orb
|move|p2a: Pelipper|Tailwind|p2a: Pelipper
|-sidestart|p2: NETDlDO|move: Tailwind
|move|p2b: Archaludon|Dragon Pulse|p1a: Garchomp
|-supereffective|p1a: Garchomp|1
|-damage|p1a: Garchomp|0 fnt
|faint|p1a: Garchomp
|
|-weather|RainDance|[upkeep]
|-heal|p2b: Archaludon|26/100|[from] item: Leftovers
|upkeep
|
|t:|1786038899
|switch|p1a: Metagross|Metagross, L50|100/100
|turn|2
|
|t:|1786038913
|detailschange|p1a: Metagross|Metagross-Mega, L50
|-mega|p1a: Metagross|Metagross|Metagrossite
|move|p2b: Archaludon|Protect|p2b: Archaludon
|-singleturn|p2b: Archaludon|Protect
|move|p1a: Metagross|Body Press|p2b: Archaludon
|-activate|p2b: Archaludon|move: Protect
|move|p1b: Whimsicott|Moonblast|p2a: Pelipper
|-damage|p2a: Pelipper|47/100
|move|p2a: Pelipper|Hurricane|p1b: Whimsicott
|-supereffective|p1b: Whimsicott|1
|-damage|p1b: Whimsicott|0 fnt
|faint|p1b: Whimsicott
|
|-weather|RainDance|[upkeep]
|-heal|p2b: Archaludon|32/100|[from] item: Leftovers
|upkeep
|
|t:|1786038931
|switch|p1b: Ceruledge|Ceruledge, L50, F|100/100
|turn|3
|inactive|NETDlDO has 30 seconds left.
|inactive|NETDlDO has 20 seconds left.
|inactive|NETDlDO has 15 seconds left.
|
|t:|1786038975
|move|p1b: Ceruledge|Poltergeist|p2a: Pelipper
|-activate|p2a: Pelipper|move: Poltergeist|Damp Rock
|-damage|p2a: Pelipper|0 fnt
|faint|p2a: Pelipper
|move|p1a: Metagross|Body Press|p2b: Archaludon
|-supereffective|p2b: Archaludon|1
|-damage|p2b: Archaludon|0 fnt
|faint|p2b: Archaludon
|
|-weather|RainDance|[upkeep]
|upkeep
|inactive|NETDlDO has 30 seconds left.
|inactive|NETDlDO has 20 seconds left.
|
|t:|1786039014
|switch|p2a: Raichu|Raichu, L50, M|100/100
|switch|p2b: Aerodactyl|Aerodactyl, L50, M|100/100
|-ability|p2b: Aerodactyl|Unnerve
|turn|4
|inactive|NETDlDO has 30 seconds left.
|
|t:|1786039041
|move|p2a: Raichu|Fake Out|p1a: Metagross
|-resisted|p1a: Metagross|1
|-damage|p1a: Metagross|96/100
|move|p1b: Ceruledge|Poltergeist|p2a: Raichu
|-activate|p2a: Raichu|move: Poltergeist|Raichunite Y
|-damage|p2a: Raichu|1/100
|move|p2b: Aerodactyl|Rock Slide|p1a: Metagross|[spread] p1a,p1b
|-resisted|p1a: Metagross|1
|-supereffective|p1b: Ceruledge|1
|-damage|p1a: Metagross|87/100
|-damage|p1b: Ceruledge|31/100
|cant|p1a: Metagross|flinch
|
|-weather|RainDance|[upkeep]
|-sideend|p1: Urkfkffk|move: Tailwind
|-sideend|p2: NETDlDO|move: Tailwind
|upkeep
|turn|5
|
|t:|1786039063
|move|p2a: Raichu|Protect|p2a: Raichu
|-singleturn|p2a: Raichu|Protect
|move|p1b: Ceruledge|Poltergeist|p2a: Raichu
|-activate|p2a: Raichu|move: Protect
|move|p2b: Aerodactyl|Tailwind|p2b: Aerodactyl
|-sidestart|p2: NETDlDO|move: Tailwind
|move|p1a: Metagross|Meteor Mash|p2b: Aerodactyl
|-supereffective|p2b: Aerodactyl|1
|-enditem|p2b: Aerodactyl|Focus Sash
|-damage|p2b: Aerodactyl|1/100
|
|-weather|RainDance|[upkeep]
|upkeep
|turn|6
|
|t:|1786039082
|detailschange|p2a: Raichu|Raichu-Mega-Y, L50, M
|-mega|p2a: Raichu|Raichu|Raichunite Y
|move|p2b: Aerodactyl|Rock Slide|p1b: Ceruledge|[spread] 
|-miss|p2b: Aerodactyl|p1a: Metagross
|-miss|p2b: Aerodactyl|p1b: Ceruledge
|move|p2a: Raichu|Zap Cannon|p1a: Metagross
|-damage|p1a: Metagross|12/100
|-status|p1a: Metagross|par
|move|p1b: Ceruledge|Poltergeist|p2a: Raichu
|-activate|p2a: Raichu|move: Poltergeist|Raichunite Y
|-damage|p2a: Raichu|0 fnt
|faint|p2a: Raichu
|move|p1a: Metagross|Psychic Fangs|p2b: Aerodactyl
|-damage|p2b: Aerodactyl|0 fnt
|faint|p2b: Aerodactyl
|
|win|Urkfkffk
|c|☆NETDlDO|man
|inactive|Urkfkffk has 30 seconds to confirm battle start!
|inactive|NETDlDO has 30 seconds to confirm battle start!
||NETDlDO is ready for game 2.
|inactive|Urkfkffk has 20 seconds to confirm battle start!
||Urkfkffk is ready for game 2.
|uhtml|next|Next: Game 2 of 3
