|j|☆NathanaelW19
|j|‽wolfey = goated
|html|NathanaelW19wolfey = goated    
|uhtml|bestof|Game 3 of a best-of-3
|t:|1783863630
|gametype|doubles
|player|p1|NathanaelW19|169|1127
|player|p2|wolfey = goated|101|1032
|gen|9
|tier|[Gen 9 Champions] VGC 2026 Reg M-B (Bo3)
|rated|
|rule|Species Clause: Limit one of each Pokémon
|rule|Item Clause: Limit 1 of each item
|clearpoke
|poke|p1|Gengar, L50, M, shiny|
|poke|p1|Kangaskhan, L50, F|
|poke|p1|Gholdengo, L50|
|poke|p1|Incineroar, L50, M, shiny|
|poke|p1|Politoed, L50, F, shiny|
|poke|p1|Aerodactyl, L50, F|
|poke|p2|Swampert, L50, F|
|poke|p2|Metagross, L50|
|poke|p2|Sinistcha, L50|
|poke|p2|Archaludon, L50, F|
|poke|p2|Pelipper, L50, M|
|poke|p2|Grimmsnarl, L50, M|
|teampreview|4
|showteam|p1|Gengar||Gengarite|CursedBody|SludgeBomb,ShadowBall,PerishSong,Protect|Modest||M|||50|]Kangaskhan||Kangaskhanite|Scrappy|FakeOut,DoubleEdge,BrickBreak,Protect|Jolly||F|||50|]Gholdengo||LifeOrb|GoodasGold|MakeItRain,PowerGem,ShadowBall,Protect|Modest|||||50|]Incineroar||SitrusBerry|Intimidate|FakeOut,DarkestLariat,PartingShot,Protect|Relaxed||M|||50|]Politoed||Leftovers|Drizzle|WeatherBall,Encore,PerishSong,Protect|Calm||F|||50|]Aerodactyl||FocusSash|Unnerve|Tailwind,RockSlide,DualWingbeat,Protect|Jolly||F|||50|
|showteam|p2|Swampert||Swampertite|Torrent|WaveCrash,Earthquake,Protect,IcePunch|Adamant||F|||50|]Metagross||Metagrossite|ClearBody|IronHead,BodyPress,PsychicFangs,Protect|Jolly|||||50|]Sinistcha||CobaBerry|Hospitality|MatchaGotcha,RagePowder,TrickRoom,Protect|Bold|||||50|]Archaludon||Leftovers|Stamina|ElectroShot,DragonPulse,FlashCannon,Protect|Modest||F|||50|]Pelipper||SitrusBerry|Drizzle|Hurricane,WeatherBall,WideGuard,Tailwind|Serious||M|||50|]Grimmsnarl||LightClay|Prankster|LightScreen,Reflect,FoulPlay,PartingShot|Serious||M|||50|
|inactive|Battle timer is ON: inactive players will automatically lose when time's up. (requested by wolfey = goated)
|inactive|NathanaelW19 also wants the timer to be on.
|
|t:|1783863642
|teamsize|p1|4
|teamsize|p2|4
|start
|switch|p1a: Kangaskhan|Kangaskhan, L50, F|100/100
|switch|p1b: Aerodactyl|Aerodactyl, L50, F|100/100
|switch|p2a: Pelipper|Pelipper, L50, M|100/100
|switch|p2b: Swampert|Swampert, L50, F|100/100
|-ability|p1b: Aerodactyl|Unnerve
|-weather|RainDance|[from] ability: Drizzle|[of] p2a: Pelipper
|turn|1
|
|t:|1783863667
|detailschange|p1a: Kangaskhan|Kangaskhan-Mega, L50, F
|-mega|p1a: Kangaskhan|Kangaskhan|Kangaskhanite
|detailschange|p2b: Swampert|Swampert-Mega, L50, F
|-mega|p2b: Swampert|Swampert|Swampertite
|move|p1a: Kangaskhan|Fake Out|p2b: Swampert
|-damage|p2b: Swampert|82/100
|-damage|p2b: Swampert|78/100
|-hitcount|p2b: Swampert|2
|cant|p2b: Swampert|flinch
|move|p1b: Aerodactyl|Tailwind|p1b: Aerodactyl
|-sidestart|p1: NathanaelW19|move: Tailwind
|move|p2a: Pelipper|Tailwind|p2a: Pelipper
|-sidestart|p2: wolfey = goated|move: Tailwind
|
|-weather|RainDance|[upkeep]
|upkeep
|turn|2
|
|t:|1783863683
|move|p2b: Swampert|Earthquake|p1b: Aerodactyl|[spread] p1a
|-immune|p2a: Pelipper
|-immune|p1b: Aerodactyl
|-damage|p1a: Kangaskhan|53/100
|move|p1b: Aerodactyl|Dual Wingbeat|p2b: Swampert
|-damage|p2b: Swampert|63/100
|-damage|p2b: Swampert|47/100
|-hitcount|p2b: Swampert|2
|move|p1a: Kangaskhan|Double-Edge|p2b: Swampert
|-damage|p2b: Swampert|0 fnt
|faint|p2b: Swampert
|-damage|p1a: Kangaskhan|37/100|[from] Recoil
|move|p2a: Pelipper|Weather Ball|p1b: Aerodactyl
|-supereffective|p1b: Aerodactyl|1
|-enditem|p1b: Aerodactyl|Focus Sash
|-damage|p1b: Aerodactyl|1/100
|
|-weather|RainDance|[upkeep]
|upkeep
|
|t:|1783863703
|switch|p2b: Archaludon|Archaludon, L50, F|100/100
|turn|3
|
|t:|1783863713
|move|p1b: Aerodactyl|Dual Wingbeat|p2a: Pelipper
|-damage|p2a: Pelipper|79/100
|-damage|p2a: Pelipper|61/100
|-hitcount|p2a: Pelipper|2
|move|p1a: Kangaskhan|Double-Edge|p2a: Pelipper
|-damage|p2a: Pelipper|0 fnt
|faint|p2a: Pelipper
|-damage|p1a: Kangaskhan|19/100|[from] Recoil
|move|p2b: Archaludon|Electro Shot||[still]
|-prepare|p2b: Archaludon|Electro Shot
|-boost|p2b: Archaludon|spa|1
|-anim|p2b: Archaludon|Electro Shot|p1a: Kangaskhan
|-crit|p1a: Kangaskhan
|-damage|p1a: Kangaskhan|0 fnt
|faint|p1a: Kangaskhan
|
|-weather|RainDance|[upkeep]
|upkeep
|
|t:|1783863728
|switch|p1a: Politoed|Politoed, L50, F, shiny|100/100
|switch|p2a: Sinistcha|Sinistcha, L50|100/100
|turn|4
|
|t:|1783863739
|move|p1b: Aerodactyl|Rock Slide|p2b: Archaludon|[spread] p2a,p2b
|-resisted|p2b: Archaludon|1
|-crit|p2b: Archaludon
|-damage|p2a: Sinistcha|83/100
|-damage|p2b: Archaludon|87/100
|-ability|p2b: Archaludon|Stamina|boost
|-boost|p2b: Archaludon|def|1
|move|p2b: Archaludon|Electro Shot||[still]
|-prepare|p2b: Archaludon|Electro Shot
|-boost|p2b: Archaludon|spa|1
|-anim|p2b: Archaludon|Electro Shot|p1a: Politoed
|-supereffective|p1a: Politoed|1
|-damage|p1a: Politoed|0 fnt
|faint|p1a: Politoed
|move|p2a: Sinistcha|Matcha Gotcha|p1b: Aerodactyl
|-crit|p1b: Aerodactyl
|-damage|p1b: Aerodactyl|0 fnt
|-heal|p2a: Sinistcha|83/100|[from] drain|[of] p1b: Aerodactyl
|faint|p1b: Aerodactyl
|
|-weather|RainDance|[upkeep]
|-heal|p2b: Archaludon|93/100|[from] item: Leftovers
|-sideend|p1: NathanaelW19|move: Tailwind
|-sideend|p2: wolfey = goated|move: Tailwind
|upkeep
|
|t:|1783863750
|switch|p1b: Gholdengo|Gholdengo, L50|100/100
|turn|5
|j| Future wolfey 28
|inactive|wolfey = goated has 30 seconds left.
|
|t:|1783863783
|move|p1b: Gholdengo|Make It Rain|p2b: Archaludon|[spread] p2a,p2b
|-crit|p2a: Sinistcha
|-resisted|p2b: Archaludon|1
|-damage|p2a: Sinistcha|0 fnt
|-damage|p2b: Archaludon|58/100
|-unboost|p1b: Gholdengo|spa|2
|-ability|p2b: Archaludon|Stamina|boost
|-boost|p2b: Archaludon|def|1
|faint|p2a: Sinistcha
|-damage|p1b: Gholdengo|90/100|[from] item: Life Orb
|move|p2b: Archaludon|Electro Shot||[still]
|-prepare|p2b: Archaludon|Electro Shot
|-boost|p2b: Archaludon|spa|1
|-anim|p2b: Archaludon|Electro Shot|p1b: Gholdengo
|-damage|p1b: Gholdengo|0 fnt
|faint|p1b: Gholdengo
|
|win|wolfey = goated
|raw|NathanaelW19's rating: 1127 → 1095(-32 for losing)
|raw|wolfey = goated's rating: 1032 → 1077(+45 for winning)
|c|☆NathanaelW19|ggs
|l|‽wolfey = goated
|player|p2|
