|j|☆DDXDonYT
|j|☆AquamarineVGC
|html|DDXDonYTAquamarineVGC    
|uhtml|bestof|Game 1 of a best-of-3
|t:|1757102520
|gametype|doubles
|player|p1|DDXDonYT|cynthia-gen4|
|player|p2|AquamarineVGC|lucas-gen4pt|
|gen|9
|tier|[Gen 9] VGC 2025 Reg H (Bo3)
|rule|Species Clause: Limit one of each Pokémon
|rule|Item Clause: Limit 1 of each item
|clearpoke
|poke|p1|Rillaboom, L50, F|
|poke|p1|Magmar, L50, M|
|poke|p1|Kingambit, L50, M|
|poke|p1|Ninetales-Alola, L50, M|
|poke|p1|Basculegion, L50, M|
|poke|p1|Sneasler, L50, F|
|poke|p2|Ninetales-Alola, L50, M|
|poke|p2|Porygon2, L50|
|poke|p2|Ursaluna, L50, F|
|poke|p2|Staraptor, L50, M|
|poke|p2|Rotom-Frost, L50|
|poke|p2|Annihilape, L50, F|
|teampreview|4
|showteam|p1|Rillaboom||AssaultVest|GrassySurge|DrumBeating,GrassyGlide,FakeOut,Uturn|||F|||50|,,,,,Ghost]Magmar||Eviolite|VitalSpirit|Overheat,FollowMe,Taunt,Protect|||M|||50|,,,,,Ghost]Kingambit||BlackGlasses|Defiant|KowtowCleave,SuckerPunch,SwordsDance,Protect|||M|||50|,,,,,Fire]Ninetales-Alola||LifeOrb|SnowWarning|Blizzard,FreezeDry,Encore,Protect|||M|||50|,,,,,Ghost]Basculegion||ChoiceScarf|Adaptability|WaveCrash,LastRespects,FlipTurn,TeraBlast|||M|||50|,,,,,Fighting]Sneasler||FocusSash|PoisonTouch|CloseCombat,DireClaw,FakeOut,Protect|||F|||50|,,,,,Ghost
|showteam|p2|Ninetales-Alola||CovertCloak|SnowWarning|Blizzard,WeatherBall,AuroraVeil,Protect|||M|||50|,,,,,Poison]Porygon2||Eviolite|Download|TeraBlast,IceBeam,Recover,TrickRoom||||||50|,,,,,Ground]Ursaluna||FlameOrb|Guts|Facade,HeadlongRush,Earthquake,Protect|||F|||50|,,,,,Ghost]Staraptor||MirrorHerb|Intimidate|Acrobatics,CloseCombat,Tailwind,Protect|||M|||50|,,,,,Fighting]Rotom-Frost||ChoiceSpecs|Levitate|Thunderbolt,VoltSwitch,Discharge,Blizzard||||||50|,,,,,Ghost]Annihilape||ScopeLens|Defiant|DrainPunch,RageFist,FocusEnergy,Protect|||F|||50|,,,,,Fire
|c|☆AquamarineVGC|GLHF
|c|☆DDXDonYT|glhf
|j| ryanpowneyissoslay
|
|t:|1757102620
|teamsize|p1|4
|teamsize|p2|4
|start
|switch|p1a: Sneasler|Sneasler, L50, F|100/100
|switch|p1b: Basculegion|Basculegion, L50, M|100/100
|switch|p2a: Ninetales|Ninetales-Alola, L50, M|100/100
|switch|p2b: Annihilape|Annihilape, L50, F|100/100
|-weather|Snowscape|[from] ability: Snow Warning|[of] p2a: Ninetales
|turn|1
|j| joeux19
|
|t:|1757102638
|move|p1b: Basculegion|Wave Crash|p2a: Ninetales
|-damage|p2a: Ninetales|23/100
|-damage|p1b: Basculegion|81/100|[from] Recoil
|move|p2a: Ninetales|Aurora Veil|p2a: Ninetales
|-sidestart|p2: AquamarineVGC|move: Aurora Veil
|move|p1a: Sneasler|Dire Claw|p2a: Ninetales
|-supereffective|p2a: Ninetales
|-crit|p2a: Ninetales
|-damage|p2a: Ninetales|0 fnt
|faint|p2a: Ninetales
|move|p2b: Annihilape|Focus Energy|p2b: Annihilape
|-start|p2b: Annihilape|move: Focus Energy
|
|-weather|Snowscape|[upkeep]
|upkeep
|
|t:|1757102660
|switch|p2a: Staraptor|Staraptor, L50, M|100/100
|-ability|p2a: Staraptor|Intimidate|boost
|-unboost|p1a: Sneasler|atk|1
|-unboost|p1b: Basculegion|atk|1
|turn|2
|
|t:|1757102682
|move|p1b: Basculegion|Wave Crash|p2a: Staraptor
|-damage|p2a: Staraptor|50/100
|-damage|p1b: Basculegion|67/100|[from] Recoil
|move|p1a: Sneasler|Dire Claw|p2b: Annihilape
|-resisted|p2b: Annihilape
|-damage|p2b: Annihilape|90/100
|-status|p2b: Annihilape|psn
|move|p2a: Staraptor|Tailwind|p2a: Staraptor
|-sidestart|p2: AquamarineVGC|move: Tailwind
|move|p2b: Annihilape|Rage Fist|p1a: Sneasler
|-crit|p1a: Sneasler
|-enditem|p1a: Sneasler|Focus Sash
|-damage|p1a: Sneasler|1/100
|
|-weather|Snowscape|[upkeep]
|-damage|p2b: Annihilape|78/100 psn|[from] psn
|upkeep
|turn|3
|
|t:|1757102716
|move|p1a: Sneasler|Protect|p1a: Sneasler
|-singleturn|p1a: Sneasler|Protect
|move|p2a: Staraptor|Acrobatics|p1a: Sneasler
|-activate|p1a: Sneasler|move: Protect
|move|p2b: Annihilape|Rage Fist|p1b: Basculegion
|-supereffective|p1b: Basculegion
|-crit|p1b: Basculegion
|-damage|p1b: Basculegion|0 fnt
|faint|p1b: Basculegion
|
|-weather|Snowscape|[upkeep]
|-damage|p2b: Annihilape|65/100 psn|[from] psn
|upkeep
|
|t:|1757102735
|switch|p1b: Rillaboom|Rillaboom, L50, F|100/100
|-fieldstart|move: Grassy Terrain|[from] ability: Grassy Surge|[of] p1b: Rillaboom
|turn|4
|
|t:|1757102779
|switch|p2a: Rotom|Rotom-Frost, L50|100/100
|-terastallize|p1a: Sneasler|Ghost
|move|p1b: Rillaboom|Fake Out|p2a: Rotom
|-damage|p2a: Rotom|91/100
|move|p2b: Annihilape|Rage Fist|p1a: Sneasler
|-supereffective|p1a: Sneasler
|-crit|p1a: Sneasler
|-damage|p1a: Sneasler|0 fnt
|faint|p1a: Sneasler
|
|-weather|Snowscape|[upkeep]
|-heal|p2b: Annihilape|71/100 psn|[from] Grassy Terrain
|-damage|p2b: Annihilape|59/100 psn|[from] psn
|upkeep
|
|t:|1757102790
|switch|p1a: Kingambit|Kingambit, L50, M|100/100
|turn|5
|j| ur1ryanpowney
|
|t:|1757102817
|move|p1b: Rillaboom|Grassy Glide|p2b: Annihilape
|-damage|p2b: Annihilape|31/100 psn
|move|p1a: Kingambit|Sucker Punch|p2b: Annihilape
|-damage|p2b: Annihilape|0 fnt
|faint|p2b: Annihilape
|move|p2a: Rotom|Blizzard|p1b: Rillaboom|[spread] p1a,p1b
|-resisted|p1a: Kingambit
|-supereffective|p1b: Rillaboom
|-damage|p1a: Kingambit|76/100
|-damage|p1b: Rillaboom|24/100
|
|-weather|none
|-heal|p1b: Rillaboom|31/100|[from] Grassy Terrain
|-heal|p1a: Kingambit|82/100|[from] Grassy Terrain
|-sideend|p2: AquamarineVGC|move: Tailwind
|-sideend|p2: AquamarineVGC|move: Aurora Veil
|upkeep
|
|t:|1757102830
|switch|p2b: Staraptor|Staraptor, L50, M|50/100
|-ability|p2b: Staraptor|Intimidate|boost
|-unboost|p1a: Kingambit|atk|1
|-ability|p1a: Kingambit|Defiant|boost
|-boost|p1a: Kingambit|atk|2
|-unboost|p1b: Rillaboom|atk|1
|-enditem|p2b: Staraptor|Mirror Herb
|-boost|p2b: Staraptor|atk|2|[from] item: Mirror Herb
|turn|6
|
|t:|1757102844
|-terastallize|p2b: Staraptor|Fighting
|move|p1a: Kingambit|Sucker Punch|p2b: Staraptor
|-resisted|p2b: Staraptor
|-damage|p2b: Staraptor|0 fnt
|faint|p2b: Staraptor
|move|p2a: Rotom|Blizzard|p1b: Rillaboom|[spread] p1a,p1b
|-resisted|p1a: Kingambit
|-supereffective|p1b: Rillaboom
|-damage|p1a: Kingambit|56/100
|-damage|p1b: Rillaboom|0 fnt
|faint|p1b: Rillaboom
|
|-heal|p1a: Kingambit|62/100|[from] Grassy Terrain
|upkeep
|turn|7
|
|t:|1757102856
|move|p1a: Kingambit|Sucker Punch|p2a: Rotom
|-damage|p2a: Rotom|5/100
|move|p2a: Rotom|Blizzard|p1a: Kingambit
|-resisted|p1a: Kingambit
|-damage|p1a: Kingambit|31/100
|
|-heal|p1a: Kingambit|37/100|[from] Grassy Terrain
|upkeep
|turn|8
|
|t:|1757102863
|move|p1a: Kingambit|Sucker Punch|p2a: Rotom
|-damage|p2a: Rotom|0 fnt
|faint|p2a: Rotom
|
|win|DDXDonYT
||DDXDonYT is ready for game 2.
|inactive|AquamarineVGC has 30 seconds to confirm battle start!
||AquamarineVGC is ready for game 2.
|uhtml|next|Next: Game 2 of 3
