|j|☆OhNoValentine
|j|☆Filippo1226
|html|OhNoValentineFilippo1226    
|uhtml|bestof|Game 2 of a best-of-3
|t:|1756996787
|gametype|doubles
|player|p1|OhNoValentine|170|1281
|player|p2|Filippo1226|dragontamer|1252
|gen|9
|tier|[Gen 9] VGC 2025 Reg H (Bo3)
|rated|
|rule|Species Clause: Limit one of each Pokémon
|rule|Item Clause: Limit 1 of each item
|clearpoke
|poke|p1|Rillaboom, L50, F|
|poke|p1|Sneasler, L50, M|
|poke|p1|Gholdengo, L50|
|poke|p1|Ursaluna, L50, F|
|poke|p1|Dragonite, L50, M|
|poke|p1|Annihilape, L50, M|
|poke|p2|Talonflame, L50, M|
|poke|p2|Kommo-o, L50, M|
|poke|p2|Mamoswine, L50, F|
|poke|p2|Gholdengo, L50|
|poke|p2|Gallade, L50, M|
|poke|p2|Electabuzz, L50, M|
|teampreview|4
|showteam|p1|Rillaboom||AssaultVest|GrassySurge|FakeOut,WoodHammer,Uturn,GrassyGlide|||F|||50|,,,,,Fire]Sneasler||GrassySeed|Unburden|Protect,CloseCombat,DireClaw,ThroatChop|||M|||50|,,,,,Dark]Gholdengo||LifeOrb|GoodasGold|MakeItRain,ShadowBall,NastyPlot,Protect||||||50|,,,,,Water]Ursaluna||FlameOrb|Guts|Protect,HeadlongRush,Earthquake,Facade|||F|||50|,,,,,Ghost]Dragonite||LoadedDice|Multiscale|Protect,Tailwind,Haze,ScaleShot|||M|||50|,,,,,Steel]Annihilape||SafetyGoggles|Defiant|RageFist,DrainPunch,Protect,BulkUp|||M|||50|,,,,,Fire
|showteam|p2|Talonflame||CovertCloak|GaleWings|DualWingbeat,Taunt,Tailwind,QuickGuard|||M|||50|,,,,,Flying]Kommo-o||ChoiceSpecs|Overcoat|ClangingScales,Flamethrower,AuraSphere,DracoMeteor|||M|||50|,,,,,Dragon]Mamoswine||LoadedDice|Oblivious|IcicleSpear,Earthquake,HighHorsepower,Protect|||F|||50|,,,,,Ground]Gholdengo||LifeOrb|GoodasGold|MakeItRain,ShadowBall,NastyPlot,Protect||||||50|,,,,,Water]Gallade||SitrusBerry|Sharpness|SacredSword,Imprison,TrickRoom,PsychoCut|||M|||50|,,,,,Dark]Electabuzz||Eviolite|VitalSpirit|Electroweb,FollowMe,Thunderbolt,Protect|||M|||50|,,,,,Flying
|inactive|Battle timer is ON: inactive players will automatically lose when time's up. (requested by Filippo1226)
|
|t:|1756996821
|teamsize|p1|4
|teamsize|p2|4
|start
|switch|p1a: Sneasler|Sneasler, L50, M|100/100
|switch|p1b: Rillaboom|Rillaboom, L50, F|100/100
|switch|p2a: Talonflame|Talonflame, L50, M|100/100
|switch|p2b: Mamoswine|Mamoswine, L50, F|100/100
|-fieldstart|move: Grassy Terrain|[from] ability: Grassy Surge|[of] p1b: Rillaboom
|-enditem|p1a: Sneasler|Grassy Seed
|-boost|p1a: Sneasler|def|1|[from] item: Grassy Seed
|turn|1
|inactive|OhNoValentine has 30 seconds left.
|
|t:|1756996853
|-terastallize|p2b: Mamoswine|Ground
|move|p2a: Talonflame|Quick Guard|p2a: Talonflame
|-singleturn|p2a: Talonflame|Quick Guard
|move|p1a: Sneasler|Close Combat|p2b: Mamoswine
|-damage|p2b: Mamoswine|23/100
|-unboost|p1a: Sneasler|def|1
|-unboost|p1a: Sneasler|spd|1
|move|p2b: Mamoswine|Icicle Spear|p1b: Rillaboom
|-supereffective|p1b: Rillaboom
|-damage|p1b: Rillaboom|73/100
|-supereffective|p1b: Rillaboom
|-damage|p1b: Rillaboom|45/100
|-supereffective|p1b: Rillaboom
|-damage|p1b: Rillaboom|20/100
|-supereffective|p1b: Rillaboom
|-damage|p1b: Rillaboom|0 fnt
|faint|p1b: Rillaboom
|-hitcount|p1: Rillaboom|4
|
|-heal|p2b: Mamoswine|29/100|[from] Grassy Terrain
|upkeep
|
|t:|1756996862
|switch|p1b: Dragonite|Dragonite, L50, M|100/100
|turn|2
|inactive|Filippo1226 has 30 seconds left.
|
|t:|1756996889
|-terastallize|p1a: Sneasler|Dark
|move|p2a: Talonflame|Dual Wingbeat|p1a: Sneasler
|-damage|p1a: Sneasler|75/100
|-damage|p1a: Sneasler|48/100
|-hitcount|p1a: Sneasler|2
|move|p1a: Sneasler|Throat Chop|p2b: Mamoswine
|-crit|p2b: Mamoswine
|-damage|p2b: Mamoswine|0 fnt
|faint|p2b: Mamoswine
|move|p1b: Dragonite|Scale Shot|p2a: Talonflame
|-damage|p2a: Talonflame|78/100
|-damage|p2a: Talonflame|54/100
|-damage|p2a: Talonflame|33/100
|-damage|p2a: Talonflame|11/100
|-damage|p2a: Talonflame|0 fnt
|faint|p2a: Talonflame
|-hitcount|p2: Talonflame|5
|-unboost|p1b: Dragonite|def|1
|-boost|p1b: Dragonite|spe|1
|
|-heal|p1a: Sneasler|54/100|[from] Grassy Terrain
|upkeep
|
|t:|1756996895
|switch|p2a: Electabuzz|Electabuzz, L50, M|100/100
|switch|p2b: Gholdengo|Gholdengo, L50|100/100
|turn|3
|
|t:|1756996914
|move|p2a: Electabuzz|Protect|p2a: Electabuzz
|-singleturn|p2a: Electabuzz|Protect
|move|p1a: Sneasler|Close Combat|p2a: Electabuzz
|-activate|p2a: Electabuzz|move: Protect
|move|p1b: Dragonite|Scale Shot|p2a: Electabuzz
|-activate|p2a: Electabuzz|move: Protect
|move|p2b: Gholdengo|Nasty Plot|p2b: Gholdengo
|-boost|p2b: Gholdengo|spa|2
|
|-heal|p1a: Sneasler|60/100|[from] Grassy Terrain
|upkeep
|turn|4
|
|t:|1756996926
|move|p2a: Electabuzz|Follow Me|p2a: Electabuzz
|-singleturn|p2a: Electabuzz|move: Follow Me
|move|p1a: Sneasler|Close Combat|p2a: Electabuzz
|-damage|p2a: Electabuzz|41/100
|-unboost|p1a: Sneasler|def|1
|-unboost|p1a: Sneasler|spd|1
|move|p1b: Dragonite|Scale Shot|p2a: Electabuzz
|-damage|p2a: Electabuzz|28/100
|-damage|p2a: Electabuzz|17/100
|-damage|p2a: Electabuzz|6/100
|-damage|p2a: Electabuzz|0 fnt
|faint|p2a: Electabuzz
|-hitcount|p2: Electabuzz|4
|-unboost|p1b: Dragonite|def|1
|-boost|p1b: Dragonite|spe|1
|move|p2b: Gholdengo|Make It Rain|p1a: Sneasler|[spread] p1a,p1b
|-damage|p1a: Sneasler|0 fnt
|-damage|p1b: Dragonite|38/100
|-unboost|p2b: Gholdengo|spa|1
|faint|p1a: Sneasler
|-damage|p2b: Gholdengo|91/100|[from] item: Life Orb
|
|-heal|p2b: Gholdengo|97/100|[from] Grassy Terrain
|upkeep
|
|t:|1756996931
|switch|p1a: Gholdengo|Gholdengo, L50, shiny|100/100
|turn|5
|
|t:|1756996943
|move|p1b: Dragonite|Tailwind|p1b: Dragonite
|-sidestart|p1: OhNoValentine|move: Tailwind
|move|p1a: Gholdengo|Shadow Ball|p2b: Gholdengo
|-supereffective|p2b: Gholdengo
|-damage|p2b: Gholdengo|0 fnt
|faint|p2b: Gholdengo
|-damage|p1a: Gholdengo|91/100|[from] item: Life Orb
|
|win|OhNoValentine
|raw|OhNoValentine's rating: 1281 → 1304(+23 for winning)
|raw|Filippo1226's rating: 1252 → 1229(-23 for losing)
