|j|☆elpibevgc
|j|☆Lagv
|html|elpibevgcLagv    
|uhtml|bestof|Game 1 of a best-of-3
|t:|1785616041
|gametype|doubles
|player|p1|elpibevgc|lucas|1133
|player|p2|Lagv|2|1070
|gen|9
|tier|[Gen 9 Champions] VGC 2026 Reg M-B (Bo3)
|rated|
|rule|Species Clause: Limit one of each Pokémon
|rule|Item Clause: Limit 1 of each item
|clearpoke
|poke|p1|Gengar, L50, M|
|poke|p1|Incineroar, L50, M|
|poke|p1|Politoed, L50, M|
|poke|p1|Archaludon, L50, F|
|poke|p1|Vivillon-Jungle, L50, M|
|poke|p1|Swampert, L50, M|
|poke|p2|Tyranitar, L50, F|
|poke|p2|Talonflame, L50, M|
|poke|p2|Sableye, L50, M|
|poke|p2|Garchomp, L50, F|
|poke|p2|Milotic, L50, F|
|poke|p2|Palafin, L50, F|
|teampreview|4
|showteam|p1|Gengar||Gengarite|CursedBody|ShadowBall,PerishSong,SludgeBomb,Protect|Modest||M|||50|]Incineroar||PasshoBerry|Intimidate|ThroatChop,PartingShot,FakeOut,Protect|Impish||M|||50|]Politoed||SitrusBerry|Drizzle|WeatherBall,PerishSong,Encore,Protect|Calm||M|||50|]Archaludon||Leftovers|Stamina|DragonPulse,FlashCannon,ElectroShot,Protect|Bold||F|||50|]Vivillon-Jungle||FocusSash|CompoundEyes|Hurricane,SleepPowder,RagePowder,Protect|Timid||M|||50|]Swampert||Swampertite|Torrent|WaveCrash,Earthquake,IcePunch,Protect|Adamant||M|||50|
|showteam|p2|Tyranitar||Tyranitarite|SandStream|KnockOff,RockSlide,HighHorsepower,Protect|Adamant||F|||50|]Talonflame||FocusSash|GaleWings|Tailwind,BraveBird,Uturn,Taunt|Jolly||M|||50|]Sableye||RoseliBerry|Prankster|FakeOut,Encore,Disable,Taunt|Calm||M|||50|]Garchomp||Garchompite|RoughSkin|Earthquake,RockSlide,IronHead,Protect|Adamant||F|||50|]Milotic||Leftovers|Competitive|MuddyWater,IcyWind,AlluringVoice,Protect|Bold||F|||50|]Palafin||ChoiceScarf|ZerotoHero|WaveCrash,FlipTurn,CloseCombat,IronHead|Adamant||F|||50|
|
|t:|1785616086
|teamsize|p1|4
|teamsize|p2|4
|start
|switch|p1a: Vivillon|Vivillon-Jungle, L50, M|100/100
|switch|p1b: Swampert|Swampert, L50, M|100/100
|switch|p2a: Talonflame|Talonflame, L50, M|100/100
|switch|p2b: Milotic|Milotic, L50, F|100/100
|turn|1
|
|t:|1785616132
|switch|p1a: Politoed|Politoed, L50, M|100/100
|-weather|RainDance|[from] ability: Drizzle|[of] p1a: Politoed
|detailschange|p1b: Swampert|Swampert-Mega, L50, M
|-mega|p1b: Swampert|Swampert|Swampertite
|move|p2a: Talonflame|Tailwind|p2a: Talonflame
|-sidestart|p2: Lagv|move: Tailwind
|move|p1b: Swampert|Wave Crash|p2a: Talonflame
|-supereffective|p2a: Talonflame|1
|-enditem|p2a: Talonflame|Focus Sash
|-damage|p2a: Talonflame|1/100
|-damage|p1b: Swampert|71/100|[from] Recoil
|move|p2b: Milotic|Icy Wind|p1a: Politoed|[spread] p1a
|-miss|p2b: Milotic|p1b: Swampert
|-resisted|p1a: Politoed|1
|-damage|p1a: Politoed|96/100
|-unboost|p1a: Politoed|spe|1
|
|-weather|RainDance|[upkeep]
|upkeep
|turn|2
|
|t:|1785616190
|move|p1b: Swampert|Protect|p1b: Swampert
|-singleturn|p1b: Swampert|Protect
|move|p2b: Milotic|Protect|p2b: Milotic
|-singleturn|p2b: Milotic|Protect
|move|p2a: Talonflame|Brave Bird|p1b: Swampert
|-activate|p1b: Swampert|move: Protect
|move|p1a: Politoed|Weather Ball|p2a: Talonflame
|-supereffective|p2a: Talonflame|1
|-damage|p2a: Talonflame|0 fnt
|faint|p2a: Talonflame
|
|-weather|RainDance|[upkeep]
|upkeep
|
|t:|1785616205
|switch|p2a: Palafin|Palafin, L50, F|100/100
|turn|3
|
|t:|1785616242
|switch|p1b: Archaludon|Archaludon, L50, F|100/100
|move|p2a: Palafin|Flip Turn|p1b: Archaludon
|-resisted|p1b: Archaludon|1
|-damage|p1b: Archaludon|87/100
|-ability|p1b: Archaludon|Stamina|boost
|-boost|p1b: Archaludon|def|1
|
|t:|1785616249
|detailschange|p2a: Palafin|Palafin-Hero, L50, F
|switch|p2a: Garchomp|Garchomp, L50, F|100/100|[from] Flip Turn
|move|p2b: Milotic|Icy Wind|p1b: Archaludon|[spread] p1a,p1b
|-resisted|p1a: Politoed|1
|-damage|p1a: Politoed|92/100
|-damage|p1b: Archaludon|79/100
|-unboost|p1a: Politoed|spe|1
|-unboost|p1b: Archaludon|spe|1
|-ability|p1b: Archaludon|Stamina|boost
|-boost|p1b: Archaludon|def|1
|move|p1a: Politoed|Weather Ball|p2a: Garchomp
|-damage|p2a: Garchomp|52/100
|
|-weather|RainDance|[upkeep]
|-heal|p1b: Archaludon|85/100|[from] item: Leftovers
|upkeep
|turn|4
|
|t:|1785616280
|switch|p1a: Vivillon|Vivillon-Jungle, L50, M|100/100
|move|p2a: Garchomp|Protect|p2a: Garchomp
|-singleturn|p2a: Garchomp|Protect
|move|p1b: Archaludon|Protect|p1b: Archaludon
|-singleturn|p1b: Archaludon|Protect
|move|p2b: Milotic|Alluring Voice|p1b: Archaludon
|-activate|p1b: Archaludon|move: Protect
|
|-weather|RainDance|[upkeep]
|-heal|p1b: Archaludon|91/100|[from] item: Leftovers
|-sideend|p2: Lagv|move: Tailwind
|upkeep
|turn|5
|
|t:|1785616300
|detailschange|p2a: Garchomp|Garchomp-Mega, L50, F
|-mega|p2a: Garchomp|Garchomp|Garchompite
|move|p1a: Vivillon|Sleep Powder|p2b: Milotic
|-status|p2b: Milotic|slp|[from] move: Sleep Powder
|move|p2a: Garchomp|Rock Slide|p1a: Vivillon|[spread] p1a,p1b
|-supereffective|p1a: Vivillon|2
|-resisted|p1b: Archaludon|1
|-enditem|p1a: Vivillon|Focus Sash
|-damage|p1a: Vivillon|1/100
|-damage|p1b: Archaludon|87/100
|-ability|p1b: Archaludon|Stamina|boost
|-boost|p1b: Archaludon|def|1
|cant|p2b: Milotic|slp
|move|p1b: Archaludon|Dragon Pulse|p2a: Garchomp
|-supereffective|p2a: Garchomp|1
|-damage|p2a: Garchomp|0 fnt
|faint|p2a: Garchomp
|
|-weather|none
|-heal|p1b: Archaludon|93/100|[from] item: Leftovers
|upkeep
|
|t:|1785616320
|switch|p2a: Palafin|Palafin-Hero, L50, F|100/100
|-activate|p2a: Palafin|ability: Zero to Hero
|turn|6
|
|t:|1785616342
|move|p2a: Palafin|Close Combat|p1b: Archaludon
|-supereffective|p1b: Archaludon|1
|-damage|p1b: Archaludon|67/100
|-unboost|p2a: Palafin|def|1
|-unboost|p2a: Palafin|spd|1
|-ability|p1b: Archaludon|Stamina|boost
|-boost|p1b: Archaludon|def|1
|move|p1a: Vivillon|Sleep Powder|p2a: Palafin
|-status|p2a: Palafin|slp|[from] move: Sleep Powder
|cant|p2b: Milotic|slp
|move|p1b: Archaludon|Dragon Pulse|p2a: Palafin
|-damage|p2a: Palafin|36/100 slp
|
|-heal|p1b: Archaludon|73/100|[from] item: Leftovers
|upkeep
|turn|7
|
|t:|1785616366
|switch|p1a: Politoed|Politoed, L50, M|92/100
|-weather|RainDance|[from] ability: Drizzle|[of] p1a: Politoed
|cant|p2a: Palafin|slp
|-curestatus|p2b: Milotic|slp|[msg]
|move|p2b: Milotic|Muddy Water|p1a: Politoed|[spread] p1a,p1b
|-resisted|p1a: Politoed|1
|-crit|p1a: Politoed
|-resisted|p1b: Archaludon|1
|-damage|p1a: Politoed|73/100
|-damage|p1b: Archaludon|56/100
|-unboost|p1a: Politoed|accuracy|1
|-unboost|p1b: Archaludon|accuracy|1
|-ability|p1b: Archaludon|Stamina|boost
|-boost|p1b: Archaludon|def|1
|move|p1b: Archaludon|Electro Shot||[still]
|-prepare|p1b: Archaludon|Electro Shot
|-boost|p1b: Archaludon|spa|1
|-anim|p1b: Archaludon|Electro Shot|p2b: Milotic|[miss]
|-miss|p1b: Archaludon|p2b: Milotic
|
|-weather|RainDance|[upkeep]
|-heal|p1b: Archaludon|62/100|[from] item: Leftovers
|upkeep
|turn|8
|
|t:|1785616403
|cant|p2a: Palafin|slp
|move|p2b: Milotic|Muddy Water|p1a: Politoed|[spread] p1a,p1b
|-resisted|p1a: Politoed|1
|-crit|p1a: Politoed
|-resisted|p1b: Archaludon|1
|-damage|p1a: Politoed|53/100
|-damage|p1b: Archaludon|46/100
|-unboost|p1a: Politoed|accuracy|1
|-unboost|p1b: Archaludon|accuracy|1
|-ability|p1b: Archaludon|Stamina|boost
|-boost|p1b: Archaludon|def|1
|move|p1a: Politoed|Perish Song|p1a: Politoed
|-start|p1a: Politoed|perish3|[silent]
|-start|p1b: Archaludon|perish3|[silent]
|-start|p2a: Palafin|perish3|[silent]
|-start|p2b: Milotic|perish3|[silent]
|-fieldactivate|move: Perish Song
|move|p1b: Archaludon|Electro Shot||[still]
|-prepare|p1b: Archaludon|Electro Shot
|-boost|p1b: Archaludon|spa|1
|-anim|p1b: Archaludon|Electro Shot|p2b: Milotic|[miss]
|-miss|p1b: Archaludon|p2b: Milotic
|
|-weather|RainDance|[upkeep]
|-heal|p1b: Archaludon|52/100|[from] item: Leftovers
|-start|p2a: Palafin|perish3
|-start|p2b: Milotic|perish3
|-start|p1a: Politoed|perish3
|-start|p1b: Archaludon|perish3
|upkeep
|turn|9
|
|t:|1785616428
|move|p1a: Politoed|Protect|p1a: Politoed
|-singleturn|p1a: Politoed|Protect
|move|p1b: Archaludon|Protect|p1b: Archaludon
|-singleturn|p1b: Archaludon|Protect
|-curestatus|p2a: Palafin|slp|[msg]
|move|p2a: Palafin|Close Combat|p1b: Archaludon
|-activate|p1b: Archaludon|move: Protect
|move|p2b: Milotic|Muddy Water|p1a: Politoed|[spread] 
|-activate|p1a: Politoed|move: Protect
|-activate|p1b: Archaludon|move: Protect
|
|-weather|RainDance|[upkeep]
|-heal|p1b: Archaludon|58/100|[from] item: Leftovers
|-start|p2a: Palafin|perish2
|-start|p2b: Milotic|perish2
|-start|p1a: Politoed|perish2
|-start|p1b: Archaludon|perish2
|upkeep
|turn|10
|
|t:|1785616458
|switch|p1b: Swampert|Swampert-Mega, L50, M|71/100
|move|p2a: Palafin|Close Combat|p1b: Swampert
|-damage|p1b: Swampert|18/100
|-unboost|p2a: Palafin|def|1
|-unboost|p2a: Palafin|spd|1
|move|p2b: Milotic|Muddy Water|p1a: Politoed|[spread] p1a,p1b
|-resisted|p1a: Politoed|1
|-damage|p1a: Politoed|40/100
|-damage|p1b: Swampert|0 fnt
|-enditem|p1a: Politoed|Sitrus Berry|[eat]
|-heal|p1a: Politoed|65/100|[from] item: Sitrus Berry
|faint|p1b: Swampert
|move|p1a: Politoed|Weather Ball|p2a: Palafin|[miss]
|-miss|p1a: Politoed|p2a: Palafin
|
|-weather|RainDance|[upkeep]
|-start|p2a: Palafin|perish1
|-start|p2b: Milotic|perish1
|-start|p1a: Politoed|perish1
|upkeep
|
|t:|1785616477
|switch|p1b: Vivillon|Vivillon-Jungle, L50, M|1/100
|turn|11
|
|t:|1785616486
|move|p1b: Vivillon|Protect|p1b: Vivillon
|-singleturn|p1b: Vivillon|Protect
|move|p1a: Politoed|Protect|p1a: Politoed
|-singleturn|p1a: Politoed|Protect
|move|p2a: Palafin|Close Combat|p1a: Politoed
|-activate|p1a: Politoed|move: Protect
|move|p2b: Milotic|Muddy Water|p1a: Politoed|[spread] 
|-activate|p1a: Politoed|move: Protect
|-activate|p1b: Vivillon|move: Protect
|
|-weather|none
|-start|p2a: Palafin|perish0
|-start|p2b: Milotic|perish0
|-start|p1a: Politoed|perish0
|faint|p2a: Palafin
|faint|p2b: Milotic
|faint|p1a: Politoed
|
|win|elpibevgc
||Lagv is ready for game 2.
