|j|☆Sincubii
|j|☆latios66
|html|Sincubiilatios66    
|uhtml|bestof|Game 2 of a best-of-3
|t:|1756319303
|gametype|doubles
|player|p1|Sincubii|palmer|1040
|player|p2|latios66|265|1061
|gen|9
|tier|[Gen 9] VGC 2025 Reg H (Bo3)
|rated|
|rule|Species Clause: Limit one of each Pokémon
|rule|Item Clause: Limit 1 of each item
|clearpoke
|poke|p1|Weavile, L50, F|
|poke|p1|Rillaboom, L50, F|
|poke|p1|Magnezone, L50|
|poke|p1|Dragonite, L50, M|
|poke|p1|Ninetales-Alola, L50, F|
|poke|p1|Infernape, L50, M|
|poke|p2|Indeedee, L50, M|
|poke|p2|Drifblim, L50, M|
|poke|p2|Volcarona, L50, F|
|poke|p2|Kommo-o, L50, M|
|poke|p2|Toxtricity, L50, M|
|poke|p2|Hydreigon, L50, M|
|teampreview|4
|showteam|p1|Weavile||LifeOrb|Pressure|IceSpinner,FakeOut,KnockOff,IceShard|||F|||50|,,,,,Ghost]Rillaboom||MiracleSeed|GrassySurge|FakeOut,GrassyGlide,WoodHammer,Protect|||F|||50|,,,,,Grass]Magnezone||ChoiceSpecs|Analytic|VoltSwitch,Electroweb,Thunderbolt,FlashCannon||||||50|,,,,,Water]Dragonite||LoadedDice|Multiscale|Protect,ScaleShot,Tailwind,Haze|||M|||50|,,,,,Fairy]Ninetales-Alola||CovertCloak|SnowWarning|Blizzard,AuroraVeil,Encore,IcyWind|||F|||50|,,,,,Water]Infernape||FocusSash|Blaze|HeatWave,Overheat,CloseCombat,FakeOut|||M|||50|,,,,,Fire
|showteam|p2|Indeedee||FocusSash|PsychicSurge|ExpandingForce,TeraBlast,Imprison,TrickRoom|||M|||50|,,,,,Ground]Drifblim||PsychicSeed|Unburden|Acrobatics,WillOWisp,StrengthSap,Tailwind|||M|||50|,,,,,Grass]Volcarona||LifeOrb|FlameBody|BugBuzz,HeatWave,TeraBlast,Protect|||F|||50|,,,,,Fairy]Kommo-o||Leftovers|Soundproof|BodyPress,Flamethrower,IronDefense,Protect|||M|||50|,,,,,Fire]Toxtricity||ChoiceScarf|PunkRock|Overdrive,SludgeBomb,Boomburst,VoltSwitch|||M|||50|,,,,,Normal]Hydreigon||AssaultVest|Levitate|DarkPulse,DracoMeteor,EarthPower,Snarl|||M|||50|,,,,,Ghost
|inactive|Battle timer is ON: inactive players will automatically lose when time's up. (requested by latios66)
|
|t:|1756319384
|teamsize|p1|4
|teamsize|p2|4
|start
|switch|p1a: Rillaboom|Rillaboom, L50, F|100/100
|switch|p1b: Weavile|Weavile, L50, F|100/100
|switch|p2a: Indeedee|Indeedee, L50, M|100/100
|switch|p2b: Drifblim|Drifblim, L50, M|100/100
|-ability|p1b: Weavile|Pressure
|-fieldstart|move: Psychic Terrain|[from] ability: Psychic Surge|[of] p2a: Indeedee
|-enditem|p2b: Drifblim|Psychic Seed
|-boost|p2b: Drifblim|spd|1|[from] item: Psychic Seed
|-fieldstart|move: Grassy Terrain|[from] ability: Grassy Surge|[of] p1a: Rillaboom
|turn|1
|inactive|Sincubii has 30 seconds left.
|inactive|latios66 has 30 seconds left.
|inactive|Sincubii has 20 seconds left.
|inactive|latios66 has 20 seconds left.
|inactive|Sincubii has 15 seconds left.
|inactive|Sincubii has 10 seconds left.
|inactive|Sincubii has 5 seconds left.
|
|t:|1756319439
|switch|p2a: Kommo-o|Kommo-o, L50, M|100/100
|move|p1a: Rillaboom|Fake Out|p2b: Drifblim
|-immune|p2b: Drifblim
|move|p2b: Drifblim|Tailwind|p2b: Drifblim
|-sidestart|p2: latios66|move: Tailwind
|move|p1b: Weavile|Ice Spinner|p2a: Kommo-o
|-supereffective|p2a: Kommo-o
|-damage|p2a: Kommo-o|35/100
|-fieldend|move: Grassy Terrain
|-damage|p1b: Weavile|91/100|[from] item: Life Orb
|
|-heal|p2a: Kommo-o|41/100|[from] item: Leftovers
|upkeep
|turn|2
|
|t:|1756319464
|switch|p1a: Ninetales|Ninetales-Alola, L50, F|100/100
|-weather|Snowscape|[from] ability: Snow Warning|[of] p1a: Ninetales
|move|p1b: Weavile|Ice Shard|p2a: Kommo-o
|-supereffective|p2a: Kommo-o
|-damage|p2a: Kommo-o|7/100
|-damage|p1b: Weavile|81/100|[from] item: Life Orb
|move|p2b: Drifblim|Acrobatics|p1a: Ninetales
|-damage|p1a: Ninetales|76/100
|move|p2a: Kommo-o|Iron Defense|p2a: Kommo-o
|-boost|p2a: Kommo-o|def|2
|
|-weather|Snowscape|[upkeep]
|-heal|p2a: Kommo-o|13/100|[from] item: Leftovers
|upkeep
|turn|3
|inactive|Sincubii has 30 seconds left.
|inactive|latios66 has 30 seconds left.
|
|t:|1756319494
|-terastallize|p2a: Kommo-o|Fire
|move|p1b: Weavile|Ice Shard|p2a: Kommo-o
|-resisted|p2a: Kommo-o
|-damage|p2a: Kommo-o|8/100
|-damage|p1b: Weavile|72/100|[from] item: Life Orb
|move|p2b: Drifblim|Strength Sap|p1b: Weavile
|-unboost|p1b: Weavile|atk|1
|move|p2a: Kommo-o|Body Press|p1a: Ninetales
|-damage|p1a: Ninetales|6/100
|move|p1a: Ninetales|Blizzard|p2b: Drifblim|[spread] p2a,p2b
|-resisted|p2a: Kommo-o
|-supereffective|p2b: Drifblim
|-damage|p2a: Kommo-o|0 fnt
|-damage|p2b: Drifblim|70/100
|faint|p2a: Kommo-o
|
|-weather|Snowscape|[upkeep]
|upkeep
|
|t:|1756319511
|switch|p2a: Toxtricity|Toxtricity, L50, M|100/100
|turn|4
|inactive|Sincubii has 30 seconds left.
|
|t:|1756319540
|move|p1b: Weavile|Ice Shard|p2b: Drifblim
|-supereffective|p2b: Drifblim
|-damage|p2b: Drifblim|28/100
|-damage|p1b: Weavile|62/100|[from] item: Life Orb
|move|p2b: Drifblim|Strength Sap|p1b: Weavile
|-unboost|p1b: Weavile|atk|1
|-heal|p2b: Drifblim|79/100
|move|p2a: Toxtricity|Boomburst|p1a: Ninetales|[spread] p1a,p1b
|-immune|p2b: Drifblim
|-damage|p1a: Ninetales|0 fnt
|-damage|p1b: Weavile|0 fnt
|faint|p1a: Ninetales
|faint|p1b: Weavile
|
|-weather|Snowscape|[upkeep]
|-sideend|p2: latios66|move: Tailwind
|upkeep
|
|t:|1756319548
|switch|p1b: Dragonite|Dragonite, L50, M|100/100
|switch|p1a: Rillaboom|Rillaboom, L50, F|100/100
|-fieldstart|move: Grassy Terrain|[from] ability: Grassy Surge|[of] p1a: Rillaboom
|turn|5
|inactive|Sincubii has 30 seconds left.
|
|t:|1756319576
|switch|p2b: Indeedee|Indeedee, L50, M|100/100
|-fieldstart|move: Psychic Terrain|[from] ability: Psychic Surge|[of] p2b: Indeedee
|move|p2a: Toxtricity|Boomburst|p1a: Rillaboom|[spread] p2b,p1a,p1b
|-damage|p2b: Indeedee|33/100
|-damage|p1a: Rillaboom|49/100
|-damage|p1b: Dragonite|77/100
|move|p1b: Dragonite|Scale Shot|p2b: Indeedee
|-damage|p2b: Indeedee|2/100
|-damage|p2b: Indeedee|0 fnt
|faint|p2b: Indeedee
|-hitcount|p2: Indeedee|2
|-unboost|p1b: Dragonite|def|1
|-boost|p1b: Dragonite|spe|1
|move|p1a: Rillaboom|Wood Hammer|p2a: Toxtricity
|-resisted|p2a: Toxtricity
|-damage|p2a: Toxtricity|36/100
|-damage|p1a: Rillaboom|33/100|[from] Recoil
|
|-weather|Snowscape|[upkeep]
|upkeep
|
|t:|1756319585
|switch|p2b: Drifblim|Drifblim, L50, M|79/100
|turn|6
|
|t:|1756319599
|move|p2a: Toxtricity|Boomburst|p1b: Dragonite|[spread] p1a,p1b
|-immune|p2b: Drifblim
|-damage|p1a: Rillaboom|0 fnt
|-damage|p1b: Dragonite|32/100
|faint|p1a: Rillaboom
|move|p1b: Dragonite|Tailwind|p1b: Dragonite
|-sidestart|p1: Sincubii|move: Tailwind
|move|p2b: Drifblim|Strength Sap|p1b: Dragonite
|-unboost|p1b: Dragonite|atk|1
|-heal|p2b: Drifblim|100/100
|
|-weather|none
|upkeep
|turn|7
|-message|Sincubii forfeited.
|
|win|latios66
|raw|Sincubii's rating: 1040 → 1025(-15 for losing)
|raw|latios66's rating: 1061 → 1090(+29 for winning)
|l|☆Sincubii
|player|p1|
