|j|☆Sir_loon
|j|☆lipeater444
|html|Sir_loonlipeater444    
|uhtml|bestof|Game 3 of a best-of-3
|t:|1785604566
|gametype|doubles
|player|p1|Sir_loon|ghetsis-gen5bw|
|player|p2|lipeater444|skierf-gen4dp|
|gen|9
|tier|[Gen 9 Champions] VGC 2026 Reg M-B (Bo3)
|rule|Species Clause: Limit one of each Pokémon
|rule|Item Clause: Limit 1 of each item
|clearpoke
|poke|p1|Vivillon, L50, F|
|poke|p1|Araquanid, L50, M|
|poke|p1|Scizor, L50, M|
|poke|p1|Volcarona, L50, M|
|poke|p1|Kleavor, L50, F|
|poke|p1|Beedrill, L50, M, shiny|
|poke|p2|Metagross, L50|
|poke|p2|Delphox, L50, M|
|poke|p2|Meowstic, L50, M, shiny|
|poke|p2|Farigiraf, L50, M|
|poke|p2|Gardevoir, L50, M|
|poke|p2|Gallade, L50, M, shiny|
|teampreview|4
|showteam|p1|Vivillon||FocusSash|CompoundEyes|SleepPowder,DrainingKiss,Hurricane,Tailwind|Timid||F|||50|]Araquanid||QuickClaw|WaterBubble|Liquidation,PoisonJab,LeechLife,WonderRoom|Adamant||M|||50|]Scizor||ChoiceScarf|Technician|BulletPunch,BugBite,Trailblaze,BrutalSwing|Adamant||M|||50|]Volcarona||SitrusBerry|FlameBody|QuiverDance,HeatWave,BugBuzz,Protect|Modest||M|||50|]Kleavor||LifeOrb|Sharpness|StoneAxe,XScissor,NightSlash,Protect|Adamant||F|||50|]Beedrill||Beedrillite|Sniper|PoisonJab,DrillRun,Uturn,Protect|Jolly||M|||50|
|showteam|p2|Metagross||LifeOrb|ClearBody|BulletPunch,IronHead,PsychicFangs,Protect|Brave|||||50|]Delphox||Delphoxite|Magician|HeatWave,Flamethrower,ExpandingForce,Protect|Timid||M|||50|]Meowstic||FocusSash|Prankster|LightScreen,Reflect,PsychicTerrain,ExpandingForce|Calm||M|||50|]Farigiraf||SitrusBerry|ArmorTail|TrickRoom,HyperVoice,HelpingHand,Protect|Sassy||M|||50|]Gardevoir||Gardevoirite|Trace|HyperVoice,AuraSphere,ExpandingForce,Protect|Timid||M|||50|]Gallade||ChoiceScarf|Sharpness|SacredSword,LeafBlade,PsychoCut,Trick|Jolly||M|||50|
|inactive|Battle timer is ON: inactive players will automatically lose when time's up. (requested by Sir_loon)
|j| AustinMcballs
|inactive|lipeater444 has 60 seconds left.
|inactive|lipeater444 has 30 seconds left.
|inactive|lipeater444 has 20 seconds left.
|
|t:|1785604643
|teamsize|p1|4
|teamsize|p2|4
|start
|switch|p1a: Vivillon|Vivillon, L50, F|100/100
|switch|p1b: Volcarona|Volcarona, L50, M|100/100
|switch|p2a: Ronny|Gardevoir, L50, M|100/100
|switch|p2b: Aoi|Gallade, L50, M, shiny|100/100
|-ability|p2a: Ronny|Compound Eyes|Trace|[from] ability: Trace|[of] p1a: Vivillon
|turn|1
|
|t:|1785604661
|detailschange|p2a: Ronny|Gardevoir-Mega, L50, M
|-mega|p2a: Ronny|Gardevoir|Gardevoirite
|move|p2b: Aoi|Psycho Cut|p1a: Vivillon
|-damage|p1a: Vivillon|1/100
|move|p2a: Ronny|Hyper Voice|p1a: Vivillon|[spread] p1a,p1b
|-resisted|p1b: Volcarona|1
|-damage|p1a: Vivillon|0 fnt
|-damage|p1b: Volcarona|72/100
|faint|p1a: Vivillon
|move|p1b: Volcarona|Heat Wave|p2a: Ronny|[spread] p2a,p2b
|-damage|p2a: Ronny|60/100
|-damage|p2b: Aoi|59/100
|
|upkeep
|
|t:|1785604672
|switch|p1a: Scizor|Scizor, L50, M|100/100
|turn|2
|inactive|lipeater444 has 30 seconds left.
|
|t:|1785604702
|switch|p2b: Nekota|Meowstic, L50, M, shiny|100/100
|move|p2a: Ronny|Protect|p2a: Ronny
|-singleturn|p2a: Ronny|Protect
|move|p1a: Scizor|Bullet Punch|p2a: Ronny
|-activate|p2a: Ronny|move: Protect
|move|p1b: Volcarona|Heat Wave|p2b: Nekota|[spread] p2b
|-activate|p2a: Ronny|move: Protect
|-damage|p2b: Nekota|61/100
|
|upkeep
|turn|3
|inactive|lipeater444 has 30 seconds left.
|
|t:|1785604727
|move|p1a: Scizor|Bullet Punch|p2a: Ronny
|-supereffective|p2a: Ronny|1
|-damage|p2a: Ronny|0 fnt
|faint|p2a: Ronny
|move|p2b: Nekota|Psychic Terrain|p2b: Nekota
|-fieldstart|move: Psychic Terrain
|move|p1b: Volcarona|Bug Buzz|p2b: Nekota
|-supereffective|p2b: Nekota|1
|-damage|p2b: Nekota|0 fnt
|faint|p2b: Nekota
|
|upkeep
|
|t:|1785604735
|switch|p2a: Aoi|Gallade, L50, M, shiny|59/100
|switch|p2b: Saien|Metagross, L50|100/100
|turn|4
|
|t:|1785604757
|switch|p1a: Araquanid|Araquanid, L50, M|100/100
|move|p2a: Aoi|Psycho Cut|p1b: Volcarona
|-damage|p1b: Volcarona|0 fnt
|faint|p1b: Volcarona
|move|p2b: Saien|Psychic Fangs|p1a: Araquanid
|-damage|p1a: Araquanid|4/100
|-damage|p2b: Saien|90/100|[from] item: Life Orb
|
|upkeep
|
|t:|1785604765
|switch|p1b: Scizor|Scizor, L50, M|100/100
|turn|5
|inactive|Sir_loon has 30 seconds left.
|inactive|Sir_loon has 20 seconds left.
|-activate|p1a: Araquanid|item: Quick Claw
|
|t:|1785604804
|move|p1a: Araquanid|Leech Life|p2a: Aoi
|-damage|p2a: Aoi|11/100
|-heal|p1a: Araquanid|25/100|[from] drain|[of] p2a: Aoi
|move|p2a: Aoi|Psycho Cut|p1b: Scizor
|-resisted|p1b: Scizor|1
|-damage|p1b: Scizor|62/100
|move|p1b: Scizor|Brutal Swing|p2b: Saien|[spread] p1a,p2a,p2b
|-supereffective|p2b: Saien|1
|-damage|p1a: Araquanid|0 fnt
|-damage|p2a: Aoi|0 fnt
|-damage|p2b: Saien|48/100
|faint|p1a: Araquanid
|faint|p2a: Aoi
|move|p2b: Saien|Psychic Fangs|p1b: Scizor
|-resisted|p1b: Scizor|1
|-damage|p1b: Scizor|18/100
|-damage|p2b: Saien|39/100|[from] item: Life Orb
|
|upkeep
|turn|6
|
|t:|1785604819
|move|p1b: Scizor|Brutal Swing|p2b: Saien
|-supereffective|p2b: Saien|1
|-damage|p2b: Saien|0 fnt
|faint|p2b: Saien
|
|win|Sir_loon
|l| AustinMcballs
