|j|☆Michael Skarm
|j|☆snailboss
|html|Michael Skarmsnailboss    
|uhtml|bestof|Game 2 of a best-of-3
|t:|1756671136
|gametype|doubles
|player|p1|Michael Skarm|101|1108
|player|p2|snailboss|102|1155
|gen|9
|tier|[Gen 9] VGC 2025 Reg H (Bo3)
|rated|
|rule|Species Clause: Limit one of each Pokémon
|rule|Item Clause: Limit 1 of each item
|clearpoke
|poke|p1|Garchomp, L50, F|
|poke|p1|Gholdengo, L50|
|poke|p1|Tyranitar, L50, M|
|poke|p1|Talonflame, L50, M|
|poke|p1|Clefable, L50, M|
|poke|p1|Annihilape, L50, F|
|poke|p2|Zoroark-Hisui, L50, M|
|poke|p2|Tyranitar, L50, M|
|poke|p2|Excadrill, L50, F|
|poke|p2|Indeedee-F, L50, F|
|poke|p2|Gallade, L50, M|
|poke|p2|Talonflame, L50, F|
|teampreview|4
|showteam|p1|Garchomp||LifeOrb|RoughSkin|Earthquake,DragonClaw,StompingTantrum,Protect|||F|||50|,,,,,Ground]Gholdengo||ChoiceSpecs|GoodasGold|MakeItRain,ShadowBall,Thunderbolt,PowerGem||||||50|,,,,,Steel]Tyranitar||AssaultVest|SandStream|RockSlide,KnockOff,TeraBlast,LowKick|||M|||50|,,,,,Flying]Talonflame||CovertCloak|GaleWings|BraveBird,WillOWisp,Tailwind,Taunt|||M|||50|,,,,,Grass]Clefable||SitrusBerry|Unaware|FollowMe,Moonblast,IcyWind,Protect|||M|||50|,,,,,Water]Annihilape||SafetyGoggles|Defiant|CloseCombat,RageFist,FinalGambit,Protect|||F|||50|,,,,,Stellar
|showteam|p2|Zoroark-Hisui||ChoiceSpecs|Illusion|HyperVoice,Flamethrower,ShadowBall,HyperBeam|||M|||50|,,,,,Normal]Tyranitar||AssaultVest|SandStream|RockSlide,KnockOff,LowKick,TeraBlast|||M|||50|,,,,,Flying]Excadrill||FocusSash|SandRush|IronHead,Protect,SwordsDance,Earthquake|||F|||50|,,,,,Ground]Indeedee-F||SafetyGoggles|PsychicSurge|TrickRoom,FollowMe,Psychic,HelpingHand|||F|||50|,,,,,Fairy]Gallade||ClearAmulet|Sharpness|PsychoCut,TrickRoom,WideGuard,SacredSword|||M|||50|,,,,,Grass]Talonflame||CovertCloak|GaleWings|Tailwind,BraveBird,FlareBlitz,Taunt|||F|||50|,,,,,Grass
|
|t:|1756671214
|teamsize|p1|4
|teamsize|p2|4
|start
|switch|p1a: Talonflame|Talonflame, L50, M|100/100
|switch|p1b: Garchomp|Garchomp, L50, F|100/100
|switch|p2a: Butter|Indeedee-F, L50, F|100/100
|switch|p2b: Alistair|Gallade, L50, M|100/100
|-fieldstart|move: Psychic Terrain|[from] ability: Psychic Surge|[of] p2a: Butter
|turn|1
|
|t:|1756671236
|move|p2a: Butter|Follow Me|p2a: Butter
|-singleturn|p2a: Butter|move: Follow Me
|move|p1a: Talonflame|Taunt|p2a: Butter
|-start|p2a: Butter|move: Taunt
|move|p1b: Garchomp|Earthquake|p2a: Butter|[spread] p2a,p2b
|-immune|p1a: Talonflame
|-damage|p2a: Butter|52/100
|-damage|p2b: Alistair|28/100
|-damage|p1b: Garchomp|91/100|[from] item: Life Orb
|move|p2b: Alistair|Trick Room|p2b: Alistair
|-fieldstart|move: Trick Room|[of] p2b: Alistair
|
|upkeep
|turn|2
|
|t:|1756671267
|switch|p2a: Alice|Tyranitar, L50, M|100/100
|-weather|Sandstorm|[from] ability: Sand Stream|[of] p2a: Alice
|move|p1b: Garchomp|Protect|p1b: Garchomp
|-singleturn|p1b: Garchomp|Protect
|move|p2b: Alistair|Psycho Cut|p1a: Talonflame
|-damage|p1a: Talonflame|0 fnt
|faint|p1a: Talonflame
|
|-weather|Sandstorm|[upkeep]
|-damage|p2b: Alistair|22/100|[from] Sandstorm
|upkeep
|
|t:|1756671280
|switch|p1a: Gholdengo|Gholdengo, L50|100/100
|turn|3
|
|t:|1756671293
|-terastallize|p2a: Alice|Flying
|-terastallize|p1a: Gholdengo|Steel
|move|p2b: Alistair|Psycho Cut|p1b: Garchomp
|-damage|p1b: Garchomp|12/100
|move|p2a: Alice|Knock Off|p1a: Gholdengo
|-damage|p1a: Gholdengo|48/100
|-enditem|p1a: Gholdengo|Choice Specs|[from] move: Knock Off|[of] p2a: Alice
|move|p1a: Gholdengo|Make It Rain|p2b: Alistair|[spread] p2a,p2b
|-damage|p2a: Alice|57/100
|-damage|p2b: Alistair|0 fnt
|-unboost|p1a: Gholdengo|spa|1
|faint|p2b: Alistair
|move|p1b: Garchomp|Stomping Tantrum|p2a: Alice
|-immune|p2a: Alice
|
|-weather|Sandstorm|[upkeep]
|-damage|p2a: Alice|51/100|[from] Sandstorm
|upkeep
|
|t:|1756671307
|switch|p2b: Butter|Indeedee-F, L50, F|52/100
|turn|4
|
|t:|1756671319
|move|p1b: Garchomp|Protect|p1b: Garchomp
|-singleturn|p1b: Garchomp|Protect
|move|p2b: Butter|Psychic|p1b: Garchomp
|-activate|p1b: Garchomp|move: Protect
|move|p2a: Alice|Low Kick|p1a: Gholdengo
|-supereffective|p1a: Gholdengo
|-damage|p1a: Gholdengo|2/100
|move|p1a: Gholdengo|Make It Rain|p2a: Alice|[spread] p2a,p2b
|-crit|p2b: Butter
|-damage|p2a: Alice|24/100
|-damage|p2b: Butter|0 fnt
|-unboost|p1a: Gholdengo|spa|1
|faint|p2b: Butter
|
|-weather|Sandstorm|[upkeep]
|-damage|p2a: Alice|18/100|[from] Sandstorm
|upkeep
|
|t:|1756671329
|switch|p2b: Dr. Drills|Excadrill, L50, F|100/100
|turn|5
|
|t:|1756671349
|move|p2a: Alice|Rock Slide|p1b: Garchomp|[spread] p1a,p1b
|-resisted|p1a: Gholdengo
|-resisted|p1b: Garchomp
|-damage|p1a: Gholdengo|0 fnt
|-damage|p1b: Garchomp|0 fnt
|faint|p1a: Gholdengo
|faint|p1b: Garchomp
|move|p2b: Dr. Drills|Swords Dance|p2b: Dr. Drills
|-boost|p2b: Dr. Drills|atk|2
|
|-weather|Sandstorm|[upkeep]
|-damage|p2a: Alice|12/100|[from] Sandstorm
|-fieldend|move: Trick Room
|-fieldend|move: Psychic Terrain
|upkeep
|
|t:|1756671353
|switch|p1b: Tyranitar|Tyranitar, L50, M|100/100
|turn|6
|
|t:|1756671369
|move|p2b: Dr. Drills|Earthquake|p1b: Tyranitar|[spread] p1b
|-immune|p2a: Alice
|-supereffective|p1b: Tyranitar
|-damage|p1b: Tyranitar|0 fnt
|faint|p1b: Tyranitar
|
|win|snailboss
||Michael Skarm is ready for game 3.
|inactive|snailboss has 30 seconds to confirm battle start!
|inactive|snailboss has 20 seconds to confirm battle start!
