|j|☆harpdog
|j|☆SunshineTufo
|html|harpdogSunshineTufo    
|uhtml|bestof|Game 2 of a best-of-3
|t:|1785267878
|gametype|doubles
|player|p1|harpdog|2|1137
|player|p2|SunshineTufo|li|1241
|gen|9
|tier|[Gen 9 Champions] VGC 2026 Reg M-B (Bo3)
|rated|
|rule|Species Clause: Limit one of each Pokémon
|rule|Item Clause: Limit 1 of each item
|clearpoke
|poke|p1|Blastoise, L50, M|
|poke|p1|Gholdengo, L50|
|poke|p1|Whimsicott, L50, F|
|poke|p1|Floette-Eternal, L50, F|
|poke|p1|Sinistcha-Masterpiece, L50|
|poke|p1|Incineroar, L50, F|
|poke|p2|Grimmsnarl, L50, M|
|poke|p2|Pelipper, L50, F|
|poke|p2|Archaludon, L50, M|
|poke|p2|Tyranitar, L50, M|
|poke|p2|Excadrill, L50, F|
|poke|p2|Staraptor, L50, F|
|teampreview|4
|showteam|p1|Blastoise||Blastoisinite|Torrent|WaterSpout,AuraSphere,ShellSmash,Protect|Modest||M|||50|]Gholdengo||SitrusBerry|GoodasGold|MakeItRain,ShadowBall,NastyPlot,Protect|Modest|||||50|]Whimsicott||FocusSash|Prankster|Moonblast,FakeTears,Tailwind,Protect|Timid||F|||50|]Floette-Eternal||Floettite|FlowerVeil|Moonblast,DazzlingGleam,CalmMind,Protect|Modest||F|||50|]Sinistcha-Masterpiece||ColburBerry|Hospitality|MatchaGotcha,LifeDew,RagePowder,Protect|Relaxed|||||50|]Incineroar||Leftovers|Intimidate|FakeOut,FlareBlitz,DarkestLariat,PartingShot|Adamant||F|||50|
|showteam|p2|Grimmsnarl||LightClay|Prankster|SpiritBreak,Reflect,LightScreen,PartingShot|Sassy||M|||50|]Pelipper||SitrusBerry|Drizzle|Hurricane,WeatherBall,Tailwind,WideGuard|Modest||F|||50|]Archaludon||Leftovers|Stamina|Protect,ElectroShot,DragonPulse,FlashCannon|Calm||M|||50|]Tyranitar||Tyranitarite|SandStream|RockSlide,KnockOff,IcePunch,Protect|Adamant||M|||50|]Excadrill||FocusSash|SandRush|Earthquake,IronHead,RockSlide,Protect|Adamant||F|||50|]Staraptor||Staraptite|Intimidate|Protect,Roost,CloseCombat,BraveBird|Jolly||F|||50|
|inactive|Battle timer is ON: inactive players will automatically lose when time's up. (requested by SunshineTufo)
|inactive|harpdog has 60 seconds left.
|inactive|SunshineTufo has 60 seconds left.
|
|t:|1785267919
|teamsize|p1|4
|teamsize|p2|4
|start
|switch|p1a: Floette|Floette-Eternal, L50, F|100/100
|switch|p1b: Incineroar|Incineroar, L50, F|100/100
|switch|p2a: Staraptor|Staraptor, L50, F|100/100
|switch|p2b: Grimmsnarl|Grimmsnarl, L50, M|100/100
|-ability|p2a: Staraptor|Intimidate|boost
|-unboost|p1a: Floette|atk|1
|-unboost|p1b: Incineroar|atk|1
|-ability|p1b: Incineroar|Intimidate|boost
|-unboost|p2a: Staraptor|atk|1
|-unboost|p2b: Grimmsnarl|atk|1
|turn|1
|
|t:|1785267943
|move|p2a: Staraptor|Protect|p2a: Staraptor
|-singleturn|p2a: Staraptor|Protect
|move|p1b: Incineroar|Fake Out|p2b: Grimmsnarl
|-damage|p2b: Grimmsnarl|91/100
|cant|p2b: Grimmsnarl|flinch
|move|p1a: Floette|Dazzling Gleam|p2b: Grimmsnarl|[spread] p2b
|-activate|p2a: Staraptor|move: Protect
|-supereffective|p2b: Grimmsnarl|1
|-crit|p2b: Grimmsnarl
|-damage|p2b: Grimmsnarl|16/100
|
|upkeep
|turn|2
|
|t:|1785267965
|detailschange|p2a: Staraptor|Staraptor-Mega, L50, F
|-mega|p2a: Staraptor|Staraptor|Staraptite
|move|p2b: Grimmsnarl|Parting Shot|p2a: Staraptor
|-boost|p2a: Staraptor|atk|1
|-boost|p2a: Staraptor|spa|1
|
|t:|1785267969
|switch|p2b: Excadrill|Excadrill, L50, F|100/100|[from] Parting Shot
|move|p2a: Staraptor|Close Combat|p1b: Incineroar
|-supereffective|p1b: Incineroar|1
|-damage|p1b: Incineroar|0 fnt
|-boost|p2a: Staraptor|def|1
|-boost|p2a: Staraptor|spd|1
|faint|p1b: Incineroar
|move|p1a: Floette|Dazzling Gleam|p2a: Staraptor|[spread] p2a,p2b
|-supereffective|p2a: Staraptor|1
|-resisted|p2b: Excadrill|1
|-damage|p2a: Staraptor|62/100
|-damage|p2b: Excadrill|78/100
|
|upkeep
|
|t:|1785267979
|switch|p1b: Blastoise|Blastoise, L50, M|100/100
|turn|3
|
|t:|1785268006
|detailschange|p1b: Blastoise|Blastoise-Mega, L50, M
|-mega|p1b: Blastoise|Blastoise|Blastoisinite
|move|p2a: Staraptor|Close Combat|p1b: Blastoise
|-damage|p1b: Blastoise|54/100
|-boost|p2a: Staraptor|def|1
|-boost|p2a: Staraptor|spd|1
|move|p2b: Excadrill|Earthquake|p1a: Floette|[spread] p1a,p1b
|-immune|p2a: Staraptor
|-damage|p1a: Floette|44/100
|-damage|p1b: Blastoise|13/100
|move|p1b: Blastoise|Shell Smash|p1b: Blastoise
|-unboost|p1b: Blastoise|def|1
|-unboost|p1b: Blastoise|spd|1
|-boost|p1b: Blastoise|atk|2
|-boost|p1b: Blastoise|spa|2
|-boost|p1b: Blastoise|spe|2
|move|p1a: Floette|Dazzling Gleam|p2a: Staraptor|[spread] p2a,p2b
|-supereffective|p2a: Staraptor|1
|-resisted|p2b: Excadrill|1
|-damage|p2a: Staraptor|32/100
|-damage|p2b: Excadrill|56/100
|
|upkeep
|turn|4
|
|t:|1785268022
|switch|p2a: Tyranitar|Tyranitar, L50, M|100/100
|-weather|Sandstorm|[from] ability: Sand Stream|[of] p2a: Tyranitar
|switch|p1a: Sinistcha|Sinistcha-Masterpiece, L50|100/100
|-heal|p1b: Blastoise|38/100|[from] ability: Hospitality|[of] p1a: Sinistcha
|move|p1b: Blastoise|Protect|p1b: Blastoise
|-singleturn|p1b: Blastoise|Protect
|move|p2b: Excadrill|Earthquake|p1a: Sinistcha|[spread] p2a,p1a
|-activate|p1b: Blastoise|move: Protect
|-supereffective|p2a: Tyranitar|1
|-resisted|p1a: Sinistcha|1
|-damage|p2a: Tyranitar|23/100
|-damage|p1a: Sinistcha|83/100
|
|-weather|Sandstorm|[upkeep]
|-damage|p1b: Blastoise|32/100|[from] Sandstorm
|-damage|p1a: Sinistcha|76/100|[from] Sandstorm
|upkeep
|turn|5
|
|t:|1785268043
|move|p2b: Excadrill|Protect|p2b: Excadrill
|-singleturn|p2b: Excadrill|Protect
|move|p1b: Blastoise|Water Spout|p2b: Excadrill|[spread] p2a
|-activate|p2b: Excadrill|move: Protect
|-supereffective|p2a: Tyranitar|1
|-damage|p2a: Tyranitar|0 fnt
|faint|p2a: Tyranitar
|move|p1a: Sinistcha|Matcha Gotcha|p2b: Excadrill
|-activate|p2b: Excadrill|move: Protect
|
|-weather|Sandstorm|[upkeep]
|-damage|p1b: Blastoise|26/100|[from] Sandstorm
|-damage|p1a: Sinistcha|70/100|[from] Sandstorm
|upkeep
|
|t:|1785268048
|switch|p2a: Staraptor|Staraptor-Mega, L50, F|32/100
|turn|6
|
|t:|1785268064
|switch|p1a: Floette|Floette-Eternal, L50, F|44/100
|move|p1b: Blastoise|Protect|p1b: Blastoise
|-singleturn|p1b: Blastoise|Protect
|move|p2b: Excadrill|Earthquake|p1a: Floette|[spread] p1a
|-activate|p1b: Blastoise|move: Protect
|-immune|p2a: Staraptor
|-crit|p1a: Floette
|-damage|p1a: Floette|0 fnt
|faint|p1a: Floette
|move|p2a: Staraptor|Brave Bird|p1b: Blastoise
|-activate|p1b: Blastoise|move: Protect
|
|-weather|Sandstorm|[upkeep]
|-damage|p1b: Blastoise|20/100y|[from] Sandstorm
|-damage|p2a: Staraptor|26/100|[from] Sandstorm
|upkeep
|
|t:|1785268074
|switch|p1a: Sinistcha|Sinistcha-Masterpiece, L50|70/100
|-heal|p1b: Blastoise|45/100|[from] ability: Hospitality|[of] p1a: Sinistcha
|turn|7
|
|t:|1785268096
|move|p1a: Sinistcha|Protect|p1a: Sinistcha
|-singleturn|p1a: Sinistcha|Protect
|move|p2b: Excadrill|Earthquake|p1b: Blastoise|[spread] p1b
|-activate|p1a: Sinistcha|move: Protect
|-immune|p2a: Staraptor
|-damage|p1b: Blastoise|0 fnt
|faint|p1b: Blastoise
|move|p2a: Staraptor|Brave Bird|p1a: Sinistcha
|-activate|p1a: Sinistcha|move: Protect
|
|-weather|Sandstorm|[upkeep]
|-damage|p2a: Staraptor|21/100|[from] Sandstorm
|-damage|p1a: Sinistcha|64/100|[from] Sandstorm
|upkeep
|turn|8
|
|t:|1785268103
|move|p2b: Excadrill|Iron Head|p1a: Sinistcha
|-damage|p1a: Sinistcha|32/100
|move|p2a: Staraptor|Brave Bird|p1a: Sinistcha
|-supereffective|p1a: Sinistcha|1
|-damage|p1a: Sinistcha|0 fnt
|faint|p1a: Sinistcha
|-damage|p2a: Staraptor|11/100|[from] Recoil
|
|win|SunshineTufo
|raw|harpdog's rating: 1137 → 1119(-18 for losing)
|raw|SunshineTufo's rating: 1241 → 1259(+18 for winning)
