|j|☆godoftoasty
|j|☆salvulcano24
|html|godoftoastysalvulcano24    
|uhtml|bestof|Game 3 of a best-of-3
|t:|1784664495
|gametype|doubles
|player|p1|godoftoasty|2|1161
|player|p2|salvulcano24|pokemonbreederf|1122
|gen|9
|tier|[Gen 9 Champions] VGC 2026 Reg M-B (Bo3)
|rated|
|rule|Species Clause: Limit one of each Pokémon
|rule|Item Clause: Limit 1 of each item
|clearpoke
|poke|p1|Gengar, L50, F, shiny|
|poke|p1|Incineroar, L50, M|
|poke|p1|Garchomp, L50, F|
|poke|p1|Ninetales-Alola, L50, M|
|poke|p1|Blaziken, L50, M|
|poke|p1|Kingambit, L50, F|
|poke|p2|Farigiraf, L50, F|
|poke|p2|Gardevoir, L50, F|
|poke|p2|Venusaur, L50, M|
|poke|p2|Aerodactyl, L50, M|
|poke|p2|Garchomp, L50, F|
|poke|p2|Rampardos, L50, M, shiny|
|teampreview|4
|showteam|p1|Gengar||Gengarite|CursedBody|ShadowBall,SludgeBomb,PerishSong,Protect|Timid||F|||50|]Incineroar||SitrusBerry|Intimidate|FakeOut,PartingShot,Protect,FlareBlitz|Impish||M|||50|]Garchomp||LifeOrb|RoughSkin|DragonClaw,StompingTantrum,RockSlide,Protect|Jolly||F|||50|]Ninetales-Alola||FocusSash|SnowWarning|Blizzard,Encore,Disable,Protect|Timid||M|||50|]Blaziken||Blazikenite|SpeedBoost|FlareBlitz,CloseCombat,RockSlide,Detect|Adamant||M|||50|]Kingambit||ExpertBelt|Defiant|KowtowCleave,SuckerPunch,IronHead,Protect|Adamant||F|||50|
|showteam|p2|Farigiraf||SitrusBerry|ArmorTail|Psychic,TrickRoom,Protect,HelpingHand|Bold||F|||50|]Gardevoir||Gardevoirite|Synchronize|Protect,AuraSphere,HyperVoice,TrickRoom|Modest||F|||50|]Venusaur||Venusaurite|Overgrow|Protect,GigaDrain,SludgeBomb,EarthPower|Modest||M|||50|]Aerodactyl||FocusSash|Unnerve|RockSlide,DualWingbeat,Tailwind,WideGuard|Jolly||M|||50|]Garchomp||RoseliBerry|RoughSkin|StompingTantrum,DragonClaw,SwordsDance,Protect|Jolly||F|||50|]Rampardos||LifeOrb|SheerForce|RockSlide,FirePunch,ThunderPunch,Protect|Adamant||M|||50|
|inactive|Battle timer is ON: inactive players will automatically lose when time's up. (requested by salvulcano24)
|
|t:|1784664580
|teamsize|p1|4
|teamsize|p2|4
|start
|switch|p1a: Gengar|Gengar, L50, F, shiny|100/100
|switch|p1b: Incineroar|Incineroar, L50, M|100/100
|switch|p2a: Garchomp|Garchomp, L50, F|100/100
|switch|p2b: Farigiraf|Farigiraf, L50, F|100/100
|-ability|p1b: Incineroar|Intimidate|boost
|-unboost|p2a: Garchomp|atk|1
|-unboost|p2b: Farigiraf|atk|1
|turn|1
|inactive|salvulcano24 has 30 seconds left.
|
|t:|1784664613
|detailschange|p1a: Gengar|Gengar-Mega, L50, F, shiny
|-mega|p1a: Gengar|Gengar|Gengarite
|move|p1a: Gengar|Protect|p1a: Gengar
|-singleturn|p1a: Gengar|Protect
|move|p2a: Garchomp|Swords Dance|p2a: Garchomp
|-boost|p2a: Garchomp|atk|2
|move|p2b: Farigiraf|Psychic|p1a: Gengar
|-activate|p1a: Gengar|move: Protect
|move|p1b: Incineroar|Parting Shot|p2b: Farigiraf
|-unboost|p2b: Farigiraf|atk|1
|-unboost|p2b: Farigiraf|spa|1
|
|t:|1784664625
|switch|p1b: Ninetales|Ninetales-Alola, L50, M|100/100|[from] Parting Shot
|-weather|Snowscape|[from] ability: Snow Warning|[of] p1b: Ninetales
|
|-weather|Snowscape|[upkeep]
|upkeep
|turn|2
|
|t:|1784664644
|move|p2a: Garchomp|Protect|p2a: Garchomp
|-singleturn|p2a: Garchomp|Protect
|move|p1a: Gengar|Sludge Bomb|p2b: Farigiraf
|-damage|p2b: Farigiraf|49/100
|-enditem|p2b: Farigiraf|Sitrus Berry|[eat]
|-heal|p2b: Farigiraf|74/100|[from] item: Sitrus Berry
|move|p1b: Ninetales|Blizzard|p2a: Garchomp|[spread] p2b
|-activate|p2a: Garchomp|move: Protect
|-damage|p2b: Farigiraf|47/100
|move|p2b: Farigiraf|Trick Room|p2b: Farigiraf
|-fieldstart|move: Trick Room|[of] p2b: Farigiraf
|
|-weather|Snowscape|[upkeep]
|upkeep
|turn|3
|
|t:|1784664663
|switch|p1a: Incineroar|Incineroar, L50, M|100/100
|-ability|p1a: Incineroar|Intimidate|boost
|-unboost|p2a: Garchomp|atk|1
|-unboost|p2b: Farigiraf|atk|1
|move|p2b: Farigiraf|Psychic|p1b: Ninetales
|-damage|p1b: Ninetales|76/100
|-unboost|p1b: Ninetales|spd|1
|move|p2a: Garchomp|Stomping Tantrum|p1b: Ninetales
|-crit|p1b: Ninetales
|-damage|p1b: Ninetales|30/100
|move|p1b: Ninetales|Blizzard|p2b: Farigiraf|[spread] p2a,p2b
|-supereffective|p2a: Garchomp|2
|-damage|p2a: Garchomp|8/100
|-damage|p2b: Farigiraf|23/100
|
|-weather|Snowscape|[upkeep]
|upkeep
|turn|4
|inactive|godoftoasty has 30 seconds left.
|
|t:|1784664688
|move|p2b: Farigiraf|Protect|p2b: Farigiraf
|-singleturn|p2b: Farigiraf|Protect
|move|p1b: Ninetales|Protect|p1b: Ninetales
|-singleturn|p1b: Ninetales|Protect
|move|p1a: Incineroar|Flare Blitz|p2a: Garchomp
|-resisted|p2a: Garchomp|1
|-damage|p2a: Garchomp|0 fnt
|-damage|p1a: Incineroar|87/100|[from] ability: Rough Skin|[of] p2a: Garchomp
|faint|p2a: Garchomp
|-damage|p1a: Incineroar|84/100|[from] Recoil
|
|-weather|Snowscape|[upkeep]
|upkeep
|
|t:|1784664700
|switch|p2a: Rampardos|Rampardos, L50, M, shiny|100/100
|turn|5
|
|t:|1784664720
|switch|p2b: Venusaur|Venusaur, L50, M|100/100
|switch|p1b: Kingambit|Kingambit, L50, F|100/100
|move|p2a: Rampardos|Rock Slide|p1b: Kingambit|[spread] p1a,p1b
|-supereffective|p1a: Incineroar|1
|-crit|p1a: Incineroar
|-resisted|p1b: Kingambit|1
|-damage|p1a: Incineroar|0 fnt
|-damage|p1b: Kingambit|74/100
|faint|p1a: Incineroar
|
|-weather|none
|upkeep
|
|t:|1784664725
|switch|p1a: Gengar|Gengar-Mega, L50, F, shiny|100/100
|turn|6
|
|t:|1784664744
|detailschange|p2b: Venusaur|Venusaur-Mega, L50, M
|-mega|p2b: Venusaur|Venusaur|Venusaurite
|move|p2a: Rampardos|Protect|p2a: Rampardos
|-singleturn|p2a: Rampardos|Protect
|move|p1b: Kingambit|Iron Head|p2a: Rampardos
|-activate|p2a: Rampardos|move: Protect
|move|p2b: Venusaur|Earth Power|p1a: Gengar
|-supereffective|p1a: Gengar|1
|-damage|p1a: Gengar|30/100
|move|p1a: Gengar|Sludge Bomb|p2b: Venusaur
|-damage|p2b: Venusaur|59/100
|
|-fieldend|move: Trick Room
|upkeep
|turn|7
|inactive|godoftoasty has 30 seconds left.
|inactive|godoftoasty has 20 seconds left.
|
|t:|1784664782
|move|p1a: Gengar|Protect|p1a: Gengar
|-singleturn|p1a: Gengar|Protect
|move|p1b: Kingambit|Sucker Punch|p2b: Venusaur
|-damage|p2b: Venusaur|25/100
|move|p2b: Venusaur|Earth Power|p1a: Gengar
|-activate|p1a: Gengar|move: Protect
|move|p2a: Rampardos|Fire Punch|p1b: Kingambit
|-supereffective|p1b: Kingambit|1
|-damage|p1b: Kingambit|0 fnt
|faint|p1b: Kingambit
|
|upkeep
|
|t:|1784664784
|switch|p1b: Ninetales|Ninetales-Alola, L50, M|30/100
|-weather|Snowscape|[from] ability: Snow Warning|[of] p1b: Ninetales
|turn|8
|
|t:|1784664804
|move|p2b: Venusaur|Protect|p2b: Venusaur
|-singleturn|p2b: Venusaur|Protect
|move|p1a: Gengar|Sludge Bomb|p2b: Venusaur
|-activate|p2b: Venusaur|move: Protect
|move|p1b: Ninetales|Blizzard|p2b: Venusaur|[spread] p2a
|-activate|p2b: Venusaur|move: Protect
|-damage|p2a: Rampardos|66/100
|-status|p2a: Rampardos|frz
|cant|p2a: Rampardos|frz
|
|-weather|Snowscape|[upkeep]
|upkeep
|turn|9
|c|☆salvulcano24|......
|inactive|salvulcano24 has 30 seconds left.
|
|t:|1784664830
|move|p2b: Venusaur|Protect|p2b: Venusaur
|-singleturn|p2b: Venusaur|Protect
|move|p1a: Gengar|Shadow Ball|p2a: Rampardos
|-damage|p2a: Rampardos|4/100 frz
|-unboost|p2a: Rampardos|spd|1
|move|p1b: Ninetales|Encore|p2b: Venusaur
|-activate|p2b: Venusaur|move: Protect
|cant|p2a: Rampardos|frz
|
|-weather|Snowscape|[upkeep]
|upkeep
|turn|10
|c|☆salvulcano24|.........................
|
|t:|1784664850
|move|p1a: Gengar|Sludge Bomb|p2b: Venusaur
|-damage|p2b: Venusaur|0 fnt
|faint|p2b: Venusaur
|move|p1b: Ninetales|Blizzard|p2a: Rampardos
|-damage|p2a: Rampardos|0 fnt
|faint|p2a: Rampardos
|
|-weather|Snowscape|[upkeep]
|upkeep
|
|t:|1784664860
|switch|p2b: Farigiraf|Farigiraf, L50, F|23/100
|turn|11
|inactive|salvulcano24 has 30 seconds left.
|inactive|salvulcano24 has 20 seconds left.
|inactive|salvulcano24 has 15 seconds left.
|inactive|salvulcano24 has 10 seconds left.
|c|☆godoftoasty|Gottem
|inactive|salvulcano24 has 5 seconds left.
|
|t:|1784664914
|move|p2b: Farigiraf|Protect|p2b: Farigiraf
|-singleturn|p2b: Farigiraf|Protect
|move|p1a: Gengar|Sludge Bomb|p2b: Farigiraf
|-activate|p2b: Farigiraf|move: Protect
|move|p1b: Ninetales|Blizzard|p2b: Farigiraf
|-activate|p2b: Farigiraf|move: Protect
|
|-weather|Snowscape|[upkeep]
|upkeep
|turn|12
|inactive|salvulcano24 has 30 seconds left.
|inactive|salvulcano24 has 20 seconds left.
|inactive|salvulcano24 has 15 seconds left.
|inactive|salvulcano24 has 10 seconds left.
|inactive|salvulcano24 has 5 seconds left.
|
|t:|1784664966
|move|p2b: Farigiraf|Protect||[still]
|-fail|p2b: Farigiraf
|move|p1a: Gengar|Sludge Bomb|p2b: Farigiraf
|-damage|p2b: Farigiraf|0 fnt
|faint|p2b: Farigiraf
|
|win|godoftoasty
|raw|godoftoasty's rating: 1161 → 1183(+22 for winning)
|raw|salvulcano24's rating: 1122 → 1100(-22 for losing)
