|j|☆its eeffoc tuah!
|j|☆RustyTacos27
|html|its eeffoc tuah!RustyTacos27    
|uhtml|bestof|Game 3 of a best-of-3
|t:|1754788178
|gametype|doubles
|player|p1|its eeffoc tuah!|carmine-festival|1130
|player|p2|RustyTacos27|265|1256
|gen|9
|tier|[Gen 9] VGC 2025 Reg H (Bo3)
|rated|
|rule|Species Clause: Limit one of each Pokémon
|rule|Item Clause: Limit 1 of each item
|clearpoke
|poke|p1|Pelipper, L50, M|
|poke|p1|Basculegion, L50, M|
|poke|p1|Incineroar, L50, F|
|poke|p1|Archaludon, L50, M|
|poke|p1|Sinistcha, L50|
|poke|p1|Ursaluna, L50, M|
|poke|p2|Incineroar, L50, F|
|poke|p2|Sneasler, L50, F|
|poke|p2|Archaludon, L50, M|
|poke|p2|Garchomp, L50, M|
|poke|p2|Corviknight, L50, F|
|poke|p2|Amoonguss, L50, M|
|teampreview|4
|showteam|p1|Pelipper||FocusSash|Drizzle|Protect,Hurricane,WeatherBall,Tailwind|||M|||50|,,,,,Stellar]Basculegion||ChoiceBand|SwiftSwim|WaveCrash,AquaJet,FlipTurn,LastRespects|||M|||50|,,,,,Water]Incineroar||SafetyGoggles|Intimidate|Taunt,KnockOff,FakeOut,PartingShot|||F|||50|,,,,,Flying]Archaludon||AssaultVest|Stamina|ElectroShot,BodyPress,Snarl,DragonPulse|||M|||50|,,,,,Bug]Sinistcha||SitrusBerry|Hospitality|MatchaGotcha,RagePowder,LifeDew,TrickRoom||||||50|,,,,,Water]Ursaluna||FlameOrb|Guts|Protect,HeadlongRush,Facade,Earthquake|||M|||50|,,,,,Ghost
|showteam|p2|Incineroar||AssaultVest|Intimidate|KnockOff,FlareBlitz,FakeOut,Uturn|||F|||50|,,,,,Ghost]Sneasler||FocusSash|PoisonTouch|DireClaw,CloseCombat,FakeOut,Coaching|||F|||50|,,,,,Stellar]Archaludon||PowerHerb|Stamina|Protect,DracoMeteor,FlashCannon,ElectroShot|||M|||50|,,,,,Dragon]Garchomp||LifeOrb|RoughSkin|Protect,Earthquake,DragonClaw,StompingTantrum|||M|||50|,,,,,Ground]Corviknight||SitrusBerry|MirrorArmor|BraveBird,Tailwind,Roost,Taunt|||F|||50|,,,,,Fire]Amoonguss||RockyHelmet|Regenerator|Protect,RagePowder,Spore,SludgeBomb|||M|||50|,,,,,Water
|
|t:|1754788247
|teamsize|p1|4
|teamsize|p2|4
|start
|switch|p1a: Sinistcha|Sinistcha, L50|100/100
|switch|p1b: Incineroar|Incineroar, L50, F|100/100
|switch|p2a: Archaludon|Archaludon, L50, M|100/100
|switch|p2b: Sneasler|Sneasler, L50, F|100/100
|-ability|p1b: Incineroar|Intimidate|boost
|-unboost|p2a: Archaludon|atk|1
|-unboost|p2b: Sneasler|atk|1
|turn|1
|
|t:|1754788265
|switch|p2a: Incineroar|Incineroar, L50, F|100/100
|-ability|p2a: Incineroar|Intimidate|boost
|-unboost|p1a: Sinistcha|atk|1
|-unboost|p1b: Incineroar|atk|1
|move|p1b: Incineroar|Fake Out|p2b: Sneasler
|-damage|p2b: Sneasler|89/100
|cant|p2b: Sneasler|flinch
|move|p1a: Sinistcha|Trick Room|p1a: Sinistcha
|-fieldstart|move: Trick Room|[of] p1a: Sinistcha
|
|upkeep
|turn|2
|
|t:|1754788290
|switch|p2b: Archaludon|Archaludon, L50, M|100/100
|move|p1a: Sinistcha|Matcha Gotcha|p2b: Archaludon|[spread] p2a,p2b
|-resisted|p2a: Incineroar
|-resisted|p2b: Archaludon
|-damage|p2a: Incineroar|93/100
|-damage|p2b: Archaludon|92/100
|-ability|p2b: Archaludon|Stamina|boost
|-boost|p2b: Archaludon|def|1
|move|p1b: Incineroar|Parting Shot|p2a: Incineroar
|-unboost|p2a: Incineroar|atk|1
|-unboost|p2a: Incineroar|spa|1
|inactive|Battle timer is ON: inactive players will automatically lose when time's up. (requested by RustyTacos27)
|
|t:|1754788302
|switch|p1b: Ursaluna|Ursaluna, L50, M|100/100|[from] Parting Shot
|move|p2a: Incineroar|Knock Off|p1a: Sinistcha
|-supereffective|p1a: Sinistcha
|-damage|p1a: Sinistcha|45/100
|-enditem|p1a: Sinistcha|Sitrus Berry|[from] move: Knock Off|[of] p2a: Incineroar
|
|-status|p1b: Ursaluna|brn|[from] item: Flame Orb
|upkeep
|turn|3
|inactive|its eeffoc tuah! has 30 seconds left.
|inactive|its eeffoc tuah! has 20 seconds left.
|inactive|its eeffoc tuah! has 15 seconds left.
|
|t:|1754788343
|switch|p2a: Amoonguss|Amoonguss, L50, M, shiny|100/100
|move|p2b: Archaludon|Protect|p2b: Archaludon
|-singleturn|p2b: Archaludon|Protect
|move|p1b: Ursaluna|Headlong Rush|p2b: Archaludon
|-activate|p2b: Archaludon|move: Protect
|move|p1a: Sinistcha|Life Dew||[still]|[spread] p1a,p1b
|-heal|p1a: Sinistcha|71/100
|-fail|p1b: Ursaluna|heal
|
|-damage|p1b: Ursaluna|95/100 brn|[from] brn
|upkeep
|turn|4
|inactive|its eeffoc tuah! has 30 seconds left.
|
|t:|1754788370
|-terastallize|p2b: Archaludon|Dragon
|move|p2a: Amoonguss|Rage Powder|p2a: Amoonguss
|-singleturn|p2a: Amoonguss|move: Rage Powder
|move|p1b: Ursaluna|Headlong Rush|p2a: Amoonguss
|-damage|p2a: Amoonguss|10/100
|-unboost|p1b: Ursaluna|def|1
|-unboost|p1b: Ursaluna|spd|1
|-damage|p1b: Ursaluna|78/100 brn|[from] item: Rocky Helmet|[of] p2a: Amoonguss
|move|p1a: Sinistcha|Matcha Gotcha|p2b: Archaludon|[spread] p2a,p2b
|-resisted|p2a: Amoonguss
|-resisted|p2b: Archaludon
|-damage|p2a: Amoonguss|5/100
|-heal|p1a: Sinistcha|74/100|[from] drain|[of] p2a: Amoonguss
|-damage|p2b: Archaludon|75/100
|-heal|p1a: Sinistcha|82/100|[from] drain|[of] p2b: Archaludon
|-status|p2b: Archaludon|brn
|-ability|p2b: Archaludon|Stamina|boost
|-boost|p2b: Archaludon|def|1
|move|p2b: Archaludon|Electro Shot||[still]
|-prepare|p2b: Archaludon|Electro Shot
|-boost|p2b: Archaludon|spa|1
|-enditem|p2b: Archaludon|Power Herb
|-anim|p2b: Archaludon|Electro Shot|p1a: Sinistcha
|-resisted|p1a: Sinistcha
|-damage|p1a: Sinistcha|55/100
|
|-damage|p1b: Ursaluna|72/100 brn|[from] brn
|-damage|p2b: Archaludon|69/100 brn|[from] brn
|upkeep
|turn|5
|inactive|its eeffoc tuah! has 30 seconds left.
|inactive|RustyTacos27 has 30 seconds left.
|inactive|its eeffoc tuah! has 20 seconds left.
|
|t:|1754788408
|switch|p1b: Incineroar|Incineroar, L50, F|100/100
|-ability|p1b: Incineroar|Intimidate|boost
|-unboost|p2a: Amoonguss|atk|1
|-unboost|p2b: Archaludon|atk|1
|switch|p2a: Incineroar|Incineroar, L50, F|93/100
|-ability|p2a: Incineroar|Intimidate|boost
|-unboost|p1a: Sinistcha|atk|1
|-unboost|p1b: Incineroar|atk|1
|move|p1a: Sinistcha|Life Dew||[still]|[spread] p1a,p1b
|-heal|p1a: Sinistcha|80/100
|-fail|p1b: Incineroar|heal
|move|p2b: Archaludon|Flash Cannon|p1b: Incineroar
|-resisted|p1b: Incineroar
|-damage|p1b: Incineroar|76/100
|
|-damage|p2b: Archaludon|63/100 brn|[from] brn
|-fieldend|move: Trick Room
|upkeep
|turn|6
|
|t:|1754788429
|-terastallize|p1a: Sinistcha|Water
|move|p1b: Incineroar|Fake Out|p2b: Archaludon
|-damage|p2b: Archaludon|60/100 brn
|-ability|p2b: Archaludon|Stamina|boost
|-boost|p2b: Archaludon|def|1
|cant|p2b: Archaludon|flinch
|move|p2a: Incineroar|Flare Blitz|p1a: Sinistcha
|-resisted|p1a: Sinistcha
|-damage|p1a: Sinistcha|57/100
|-damage|p2a: Incineroar|86/100|[from] Recoil
|move|p1a: Sinistcha|Trick Room|p1a: Sinistcha
|-fieldstart|move: Trick Room|[of] p1a: Sinistcha
|
|-damage|p2b: Archaludon|54/100 brn|[from] brn
|upkeep
|turn|7
|inactive|its eeffoc tuah! has 30 seconds left.
|
|t:|1754788458
|move|p1a: Sinistcha|Matcha Gotcha|p2a: Incineroar|[spread] p2a,p2b
|-resisted|p2a: Incineroar
|-resisted|p2b: Archaludon
|-damage|p2a: Incineroar|79/100
|-heal|p1a: Sinistcha|61/100|[from] drain|[of] p2a: Incineroar
|-damage|p2b: Archaludon|35/100 brn
|-heal|p1a: Sinistcha|70/100|[from] drain|[of] p2b: Archaludon
|-ability|p2b: Archaludon|Stamina|boost
|-boost|p2b: Archaludon|def|1
|move|p1b: Incineroar|Taunt|p2a: Incineroar
|-start|p2a: Incineroar|move: Taunt
|move|p2a: Incineroar|U-turn|p1b: Incineroar
|-damage|p1b: Incineroar|55/100
|
|t:|1754788473
|switch|p2a: Amoonguss|Amoonguss, L50, M, shiny|38/100|[from] U-turn
|move|p2b: Archaludon|Flash Cannon|p1a: Sinistcha
|-resisted|p1a: Sinistcha
|-damage|p1a: Sinistcha|45/100
|
|-damage|p2b: Archaludon|29/100 brn|[from] brn
|upkeep
|turn|8
|inactive|its eeffoc tuah! has 30 seconds left.
|inactive|its eeffoc tuah! has 20 seconds left.
|inactive|RustyTacos27 has 30 seconds left.
|
|t:|1754788514
|switch|p1a: Archaludon|Archaludon, L50, M|100/100
|move|p2a: Amoonguss|Spore|p1a: Archaludon
|-status|p1a: Archaludon|slp|[from] move: Spore
|move|p1b: Incineroar|Taunt|p2a: Amoonguss
|-start|p2a: Amoonguss|move: Taunt
|move|p2b: Archaludon|Draco Meteor|p1b: Incineroar
|-damage|p1b: Incineroar|0 fnt
|-unboost|p2b: Archaludon|spa|2
|faint|p1b: Incineroar
|
|-damage|p2b: Archaludon|23/100 brn|[from] brn
|upkeep
|
|t:|1754788528
|switch|p1b: Ursaluna|Ursaluna, L50, M|72/100 brn
|turn|9
|inactive|its eeffoc tuah! has 30 seconds left.
|
|t:|1754788563
|switch|p2a: Incineroar|Incineroar, L50, F|79/100
|-ability|p2a: Incineroar|Intimidate|boost
|-unboost|p1a: Archaludon|atk|1
|-unboost|p1b: Ursaluna|atk|1
|switch|p2b: Sneasler|Sneasler, L50, F|89/100
|move|p1b: Ursaluna|Facade|p2b: Sneasler
|-damage|p2b: Sneasler|0 fnt
|faint|p2b: Sneasler
|cant|p1a: Archaludon|slp
|
|-damage|p1b: Ursaluna|66/100 brn|[from] brn
|upkeep
|
|t:|1754788576
|switch|p2b: Archaludon|Archaludon, L50, M, tera:Dragon|23/100 brn
|turn|10
|
|t:|1754788592
|switch|p1b: Sinistcha|Sinistcha, L50, tera:Water|45/100
|move|p2a: Incineroar|Knock Off|p1a: Archaludon
|-damage|p1a: Archaludon|71/100 slp
|-ability|p1a: Archaludon|Stamina|boost
|-boost|p1a: Archaludon|def|1
|-enditem|p1a: Archaludon|Assault Vest|[from] move: Knock Off|[of] p2a: Incineroar
|-curestatus|p1a: Archaludon|slp|[msg]
|move|p1a: Archaludon|Dragon Pulse|p2a: Incineroar
|-crit|p2a: Incineroar
|-damage|p2a: Incineroar|36/100
|move|p2b: Archaludon|Draco Meteor|p1a: Archaludon|[miss]
|-miss|p2b: Archaludon|p1a: Archaludon
|
|-damage|p2b: Archaludon|17/100 brn|[from] brn
|-fieldend|move: Trick Room
|upkeep
|turn|11
|inactive|its eeffoc tuah! has 30 seconds left.
|inactive|RustyTacos27 has 30 seconds left.
|
|t:|1754788621
|switch|p2a: Amoonguss|Amoonguss, L50, M, shiny|71/100
|move|p2b: Archaludon|Protect|p2b: Archaludon
|-singleturn|p2b: Archaludon|Protect
|move|p1b: Sinistcha|Rage Powder|p1b: Sinistcha
|-singleturn|p1b: Sinistcha|move: Rage Powder
|move|p1a: Archaludon|Dragon Pulse|p2b: Archaludon
|-activate|p2b: Archaludon|move: Protect
|
|-damage|p2b: Archaludon|11/100 brn|[from] brn
|upkeep
|turn|12
|
|t:|1754788638
|switch|p2b: Incineroar|Incineroar, L50, F|36/100
|-ability|p2b: Incineroar|Intimidate|boost
|-unboost|p1a: Archaludon|atk|1
|-unboost|p1b: Sinistcha|atk|1
|move|p1a: Archaludon|Snarl|p2b: Incineroar|[spread] p2a,p2b
|-resisted|p2b: Incineroar
|-damage|p2a: Amoonguss|59/100
|-damage|p2b: Incineroar|32/100
|-unboost|p2a: Amoonguss|spa|1
|-unboost|p2b: Incineroar|spa|1
|move|p1b: Sinistcha|Matcha Gotcha|p2a: Amoonguss|[spread] p2a,p2b
|-resisted|p2a: Amoonguss
|-resisted|p2b: Incineroar
|-damage|p2a: Amoonguss|53/100
|-heal|p1b: Sinistcha|49/100|[from] drain|[of] p2a: Amoonguss
|-damage|p2b: Incineroar|25/100
|-heal|p1b: Sinistcha|53/100|[from] drain|[of] p2b: Incineroar
|move|p2a: Amoonguss|Spore|p1b: Sinistcha
|-status|p1b: Sinistcha|slp|[from] move: Spore
|
|upkeep
|turn|13
|-message|RustyTacos27 forfeited.
|raw|its eeffoc tuah!'s rating: 1130 → 1164(+34 for winning)
|raw|RustyTacos27's rating: 1256 → 1222(-34 for losing)
|
|win|its eeffoc tuah!
|l|☆RustyTacos27
|player|p2|
