|j|☆hakoryu
|j|☆Wayne4Life
|html|hakoryuWayne4Life    
|uhtml|bestof|Game 3 of a best-of-3
|t:|1784929613
|gametype|doubles
|player|p1|hakoryu|valerie|
|player|p2|Wayne4Life|unknown|
|gen|9
|tier|[Gen 9 Champions] VGC 2026 Reg M-B (Bo3)
|rule|Species Clause: Limit one of each Pokémon
|rule|Item Clause: Limit 1 of each item
|clearpoke
|poke|p1|Kommo-o, L50, F|
|poke|p1|Gyarados, L50, M|
|poke|p1|Sinistcha, L50|
|poke|p1|Banette, L50, F|
|poke|p1|Arcanine-Hisui, L50, M|
|poke|p1|Ninetales-Alola, L50, M|
|poke|p2|Heracross, L50, F, shiny|
|poke|p2|Milotic, L50, M, shiny|
|poke|p2|Talonflame, L50, M|
|poke|p2|Garchomp, L50, F|
|poke|p2|Absol, L50, M|
|poke|p2|Gholdengo, L50|
|teampreview|4
|showteam|p1|Kommo-o||Leftovers|Bulletproof|ClangorousSoul,ClangingScales,Protect,AuraSphere|Modest||F|||50|]Gyarados||Gyaradosite|Intimidate|Waterfall,DragonDance,Protect,Crunch|Adamant||M|||50|]Sinistcha||SitrusBerry|Hospitality|MatchaGotcha,LifeDew,TrickRoom,RagePowder|Quiet|||||50|]Banette||Banettite|Insomnia|Poltergeist,ShadowSneak,Taunt,DestinyBond|Lonely||F|||50|]Arcanine-Hisui||LifeOrb|Intimidate|RockSlide,FlareBlitz,ExtremeSpeed,Protect|Adamant||M|||50|]Ninetales-Alola||LightClay|SnowWarning|FreezeDry,IcyWind,AuroraVeil,Protect|Timid||M|||50|
|showteam|p2|Heracross||Heracronite|Guts|Protect,CloseCombat,RockBlast,PinMissile|Adamant||F|||50|]Milotic||Leftovers|Competitive|IceBeam,Scald,Protect,AlluringVoice|Modest||M|||50|]Talonflame||FocusSash|GaleWings|FlareBlitz,Tailwind,QuickGuard,BraveBird|Jolly||M|||50|]Garchomp||ChoiceScarf|RoughSkin|IronHead,Earthquake,DragonClaw,RockSlide|Adamant||F|||50|]Absol||Absolite|Justified|CloseCombat,PlayRough,ThroatChop,SuckerPunch|Jolly||M|||50|]Gholdengo||LifeOrb|GoodasGold|MakeItRain,ShadowBall,Thunderbolt,Protect|Modest|||||50|
|c|☆hakoryu|okay it comes down to this
|j| Someoneofficial
|j| guxueprimalblade
|j| HEROBREIN9
|
|t:|1784929679
|teamsize|p1|4
|teamsize|p2|4
|start
|switch|p1a: Kommo-o|Kommo-o, L50, F|100/100
|switch|p1b: Ninetales|Ninetales-Alola, L50, M|100/100
|switch|p2a: GHOATdengo|Gholdengo, L50|100/100
|switch|p2b: Chompzilla|Garchomp, L50, F|100/100
|-weather|Snowscape|[from] ability: Snow Warning|[of] p1b: Ninetales
|turn|1
|
|t:|1784929728
|move|p2a: GHOATdengo|Protect|p2a: GHOATdengo
|-singleturn|p2a: GHOATdengo|Protect
|move|p1a: Kommo-o|Protect|p1a: Kommo-o
|-singleturn|p1a: Kommo-o|Protect
|move|p2b: Chompzilla|Iron Head|p1b: Ninetales
|-supereffective|p1b: Ninetales|2
|-damage|p1b: Ninetales|0 fnt
|faint|p1b: Ninetales
|
|-weather|Snowscape|[upkeep]
|upkeep
|
|t:|1784929736
|switch|p1b: Gyarados|Gyarados, L50, M|100/100
|-ability|p1b: Gyarados|Intimidate|boost
|-unboost|p2a: GHOATdengo|atk|1
|-unboost|p2b: Chompzilla|atk|1
|turn|2
|
|t:|1784929761
|switch|p2b: Asuna|Milotic, L50, M, shiny|100/100
|detailschange|p1b: Gyarados|Gyarados-Mega, L50, M
|-mega|p1b: Gyarados|Gyarados|Gyaradosite
|-ability|p1b: Gyarados|Mold Breaker
|move|p2a: GHOATdengo|Thunderbolt|p1b: Gyarados
|-supereffective|p1b: Gyarados|1
|-damage|p1b: Gyarados|39/100
|-damage|p2a: GHOATdengo|90/100|[from] item: Life Orb
|move|p1b: Gyarados|Crunch|p2a: GHOATdengo
|-supereffective|p2a: GHOATdengo|1
|-damage|p2a: GHOATdengo|0 fnt
|faint|p2a: GHOATdengo
|move|p1a: Kommo-o|Clangorous Soul|p1a: Kommo-o
|-boost|p1a: Kommo-o|atk|1
|-boost|p1a: Kommo-o|def|1
|-boost|p1a: Kommo-o|spa|1
|-boost|p1a: Kommo-o|spd|1
|-boost|p1a: Kommo-o|spe|1
|-damage|p1a: Kommo-o|67/100
|
|-weather|Snowscape|[upkeep]
|-heal|p1a: Kommo-o|73/100|[from] item: Leftovers
|upkeep
|
|t:|1784929788
|switch|p2a: Icarus|Talonflame, L50, M|100/100
|turn|3
|
|t:|1784929820
|switch|p1b: Sinistcha|Sinistcha, L50|100/100
|-heal|p1a: Kommo-o|98/100|[from] ability: Hospitality|[of] p1b: Sinistcha
|move|p2a: Icarus|Tailwind|p2a: Icarus
|-sidestart|p2: Wayne4Life|move: Tailwind
|move|p2b: Asuna|Alluring Voice|p1b: Sinistcha
|-damage|p1b: Sinistcha|74/100
|move|p1a: Kommo-o|Clanging Scales|p2a: Icarus|[spread] p2a,p2b
|-damage|p2a: Icarus|25/100
|-damage|p2b: Asuna|68/100
|-unboost|p1a: Kommo-o|def|1
|
|-weather|Snowscape|[upkeep]
|-heal|p2b: Asuna|74/100|[from] item: Leftovers
|-heal|p1a: Kommo-o|100/100|[from] item: Leftovers
|upkeep
|turn|4
|
|t:|1784929836
|switch|p1b: Gyarados|Gyarados-Mega, L50, M|39/100
|-ability|p1b: Gyarados|Mold Breaker
|move|p2a: Icarus|Brave Bird|p1a: Kommo-o
|-supereffective|p1a: Kommo-o|1
|-damage|p1a: Kommo-o|18/100
|-damage|p2a: Icarus|0 fnt|[from] Recoil
|faint|p2a: Icarus
|move|p2b: Asuna|Ice Beam|p1a: Kommo-o
|-supereffective|p1a: Kommo-o|1
|-damage|p1a: Kommo-o|0 fnt
|faint|p1a: Kommo-o
|
|-weather|Snowscape|[upkeep]
|-heal|p2b: Asuna|80/100|[from] item: Leftovers
|upkeep
|
|t:|1784929851
|switch|p2a: Chompzilla|Garchomp, L50, F|100/100
|switch|p1a: Sinistcha|Sinistcha, L50|74/100
|-heal|p1b: Gyarados|64/100|[from] ability: Hospitality|[of] p1a: Sinistcha
|turn|5
|
|t:|1784929880
|move|p2a: Chompzilla|Dragon Claw|p1a: Sinistcha
|-crit|p1a: Sinistcha
|-damage|p1a: Sinistcha|14/100
|-enditem|p1a: Sinistcha|Sitrus Berry|[eat]
|-heal|p1a: Sinistcha|39/100|[from] item: Sitrus Berry
|move|p2b: Asuna|Alluring Voice|p1b: Gyarados
|-supereffective|p1b: Gyarados|1
|-damage|p1b: Gyarados|26/100
|move|p1b: Gyarados|Dragon Dance|p1b: Gyarados
|-boost|p1b: Gyarados|atk|1
|-boost|p1b: Gyarados|spe|1
|move|p1a: Sinistcha|Matcha Gotcha|p2b: Asuna|[spread] p2a,p2b
|-supereffective|p2b: Asuna|1
|-damage|p2a: Chompzilla|72/100
|-heal|p1a: Sinistcha|53/100|[from] drain|[of] p2a: Chompzilla
|-damage|p2b: Asuna|39/100
|-heal|p1a: Sinistcha|77/100|[from] drain|[of] p2b: Asuna
|
|-weather|none
|-heal|p2b: Asuna|45/100|[from] item: Leftovers
|upkeep
|turn|6
|
|t:|1784929908
|move|p1a: Sinistcha|Rage Powder|p1a: Sinistcha
|-singleturn|p1a: Sinistcha|move: Rage Powder
|move|p2a: Chompzilla|Dragon Claw|p1a: Sinistcha
|-damage|p1a: Sinistcha|42/100
|move|p2b: Asuna|Ice Beam|p1a: Sinistcha
|-supereffective|p1a: Sinistcha|1
|-damage|p1a: Sinistcha|0 fnt
|faint|p1a: Sinistcha
|move|p1b: Gyarados|Crunch|p2b: Asuna
|-damage|p2b: Asuna|0 fnt
|faint|p2b: Asuna
|
|-sideend|p2: Wayne4Life|move: Tailwind
|upkeep
|turn|7
|
|t:|1784929924
|move|p2a: Chompzilla|Dragon Claw|p1b: Gyarados
|-damage|p1b: Gyarados|0 fnt
|faint|p1b: Gyarados
|
|win|Wayne4Life
|c| HEROBREIN9|GG
|c|☆hakoryu|ggwp
|c|☆Wayne4Life|GG
|l| HEROBREIN9
|l|☆Wayne4Life
|player|p2|
