|j|☆SlowHomie
|j|☆Its last min
|html|SlowHomieIts last min    
|uhtml|bestof|Game 2 of a best-of-3
|t:|1757006127
|gametype|doubles
|player|p1|SlowHomie|skier|
|player|p2|Its last min|265|
|gen|9
|tier|[Gen 9] VGC 2025 Reg H (Bo3)
|rule|Species Clause: Limit one of each Pokémon
|rule|Item Clause: Limit 1 of each item
|clearpoke
|poke|p1|Murkrow, L50, M|
|poke|p1|Abomasnow, L50, F|
|poke|p1|Indeedee, L50, M|
|poke|p1|Sneasler, L50, M|
|poke|p1|Gholdengo, L50|
|poke|p1|Basculegion, L50, M|
|poke|p2|Ninetales-Alola, L50, F|
|poke|p2|Gholdengo, L50|
|poke|p2|Rillaboom, L50, M|
|poke|p2|Annihilape, L50, F|
|poke|p2|Dragonite, L50, F|
|poke|p2|Ursaluna-Bloodmoon, L50, M|
|teampreview|4
|showteam|p1|Murkrow||Eviolite|Prankster|FoulPlay,Tailwind,Haze,Protect|||M|||50|,,,,,Ghost]Abomasnow||AssaultVest|SnowWarning|Blizzard,LeafStorm,EarthPower,WeatherBall|||F|||50|,,,,,Fire]Indeedee||FocusSash|PsychicSurge|ExpandingForce,TeraBlast,Imprison,TrickRoom|||M|||50|,,,,,Fighting]Sneasler||PsychicSeed|Unburden|DireClaw,CloseCombat,ThroatChop,Protect|||M|||50|,,,,,Dark]Gholdengo||LifeOrb|GoodasGold|MakeItRain,ShadowBall,NastyPlot,Protect||||||50|,,,,,Steel]Basculegion||ChoiceScarf|Adaptability|WaveCrash,LastRespects,AquaJet,FlipTurn|||M|||50|,,,,,Grass
|showteam|p2|Ninetales-Alola||FocusSash|SnowWarning|IcicleSpear,Blizzard,AuroraVeil,IcyWind|||F|||50|,,,,,Ghost]Gholdengo||GrassySeed|GoodasGold|MakeItRain,ShadowBall,Protect,NastyPlot||||||50|,,,,,Water]Rillaboom||MiracleSeed|GrassySurge|WoodHammer,FakeOut,GrassyGlide,Protect|||M|||50|,,,,,Fire]Annihilape||SafetyGoggles|Defiant|BulkUp,Protect,RageFist,DrainPunch|||F|||50|,,,,,Fire]Dragonite||LoadedDice|Multiscale|ScaleShot,ExtremeSpeed,Protect,StompingTantrum|||F|||50|,,,,,Steel]Ursaluna-Bloodmoon||AssaultVest|MindsEye|BloodMoon,EarthPower,VacuumWave,HyperVoice|||M|||50|,,,,,Water
|inactive|Battle timer is ON: inactive players will automatically lose when time's up. (requested by SlowHomie)
|
|t:|1757006151
|teamsize|p1|4
|teamsize|p2|4
|start
|switch|p1a: Brynden Rivers|Murkrow, L50, M|100/100
|switch|p1b: Jet Fuel|Gholdengo, L50|100/100
|switch|p2a: Ninetales|Ninetales-Alola, L50, F|100/100
|switch|p2b: Gholdengo|Gholdengo, L50|100/100
|-weather|Snowscape|[from] ability: Snow Warning|[of] p2a: Ninetales
|turn|1
|inactive|Its last min has 30 seconds left.
|
|t:|1757006179
|-terastallize|p1b: Jet Fuel|Steel
|move|p1a: Brynden Rivers|Tailwind|p1a: Brynden Rivers
|-sidestart|p1: SlowHomie|move: Tailwind
|move|p1b: Jet Fuel|Make It Rain|p2b: Gholdengo|[spread] p2a,p2b
|-supereffective|p2a: Ninetales
|-resisted|p2b: Gholdengo
|-enditem|p2a: Ninetales|Focus Sash
|-damage|p2a: Ninetales|1/100
|-damage|p2b: Gholdengo|62/100
|-unboost|p1b: Jet Fuel|spa|1
|-damage|p1b: Jet Fuel|91/100|[from] item: Life Orb
|move|p2a: Ninetales|Aurora Veil|p2a: Ninetales
|-sidestart|p2: Its last min|move: Aurora Veil
|move|p2b: Gholdengo|Shadow Ball|p1b: Jet Fuel
|-damage|p1b: Jet Fuel|42/100
|-unboost|p1b: Jet Fuel|spd|1
|
|-weather|Snowscape|[upkeep]
|upkeep
|turn|2
|
|t:|1757006202
|switch|p2a: Rillaboom|Rillaboom, L50, M|100/100
|-fieldstart|move: Grassy Terrain|[from] ability: Grassy Surge|[of] p2a: Rillaboom
|-enditem|p2b: Gholdengo|Grassy Seed
|-boost|p2b: Gholdengo|def|1|[from] item: Grassy Seed
|move|p2b: Gholdengo|Protect|p2b: Gholdengo
|-singleturn|p2b: Gholdengo|Protect
|move|p1a: Brynden Rivers|Haze|p1a: Brynden Rivers
|-clearallboost
|move|p1b: Jet Fuel|Shadow Ball|p2b: Gholdengo
|-activate|p2b: Gholdengo|move: Protect
|
|-weather|Snowscape|[upkeep]
|-heal|p1b: Jet Fuel|48/100|[from] Grassy Terrain
|-heal|p2b: Gholdengo|68/100|[from] Grassy Terrain
|upkeep
|turn|3
|inactive|Its last min has 30 seconds left.
|
|t:|1757006229
|switch|p1a: MDD|Indeedee, L50, M, shiny|100/100
|-fieldstart|move: Psychic Terrain|[from] ability: Psychic Surge|[of] p1a: MDD
|switch|p2a: Dragonite|Dragonite, L50, F|100/100
|move|p1b: Jet Fuel|Make It Rain|p2a: Dragonite|[spread] p2a,p2b
|-resisted|p2b: Gholdengo
|-damage|p2a: Dragonite|69/100
|-damage|p2b: Gholdengo|40/100
|-unboost|p1b: Jet Fuel|spa|1
|-damage|p1b: Jet Fuel|38/100|[from] item: Life Orb
|move|p2b: Gholdengo|Nasty Plot|p2b: Gholdengo
|-boost|p2b: Gholdengo|spa|2
|
|-weather|Snowscape|[upkeep]
|upkeep
|turn|4
|inactive|Its last min has 30 seconds left.
|
|t:|1757006256
|switch|p1a: Brynden Rivers|Murkrow, L50, M|100/100
|-terastallize|p2a: Dragonite|Steel
|move|p2b: Gholdengo|Protect|p2b: Gholdengo
|-singleturn|p2b: Gholdengo|Protect
|move|p1b: Jet Fuel|Shadow Ball|p2b: Gholdengo
|-activate|p2b: Gholdengo|move: Protect
|move|p2a: Dragonite|Scale Shot|p1a: Brynden Rivers
|-damage|p1a: Brynden Rivers|84/100
|-damage|p1a: Brynden Rivers|71/100
|-damage|p1a: Brynden Rivers|58/100
|-damage|p1a: Brynden Rivers|43/100
|-damage|p1a: Brynden Rivers|29/100
|-hitcount|p1a: Brynden Rivers|5
|-unboost|p2a: Dragonite|def|1
|-boost|p2a: Dragonite|spe|1
|
|-weather|Snowscape|[upkeep]
|-sideend|p1: SlowHomie|move: Tailwind
|upkeep
|turn|5
|inactive|Its last min has 30 seconds left.
|inactive|Its last min has 20 seconds left.
|inactive|Its last min has 15 seconds left.
|
|t:|1757006300
|switch|p2b: Ninetales|Ninetales-Alola, L50, F|1/100
|move|p1a: Brynden Rivers|Tailwind|p1a: Brynden Rivers
|-sidestart|p1: SlowHomie|move: Tailwind
|move|p1b: Jet Fuel|Shadow Ball|p2b: Ninetales
|-damage|p2b: Ninetales|0 fnt
|faint|p2b: Ninetales
|-damage|p1b: Jet Fuel|29/100|[from] item: Life Orb
|move|p2a: Dragonite|Stomping Tantrum|p1b: Jet Fuel
|-supereffective|p1b: Jet Fuel
|-crit|p1b: Jet Fuel
|-damage|p1b: Jet Fuel|0 fnt
|faint|p1b: Jet Fuel
|
|-weather|none
|-sideend|p2: Its last min|move: Aurora Veil
|upkeep
|
|t:|1757006308
|switch|p2b: Rillaboom|Rillaboom, L50, M|100/100
|switch|p1b: Longclaw|Sneasler, L50, M, shiny|100/100
|-fieldstart|move: Grassy Terrain|[from] ability: Grassy Surge|[of] p2b: Rillaboom
|turn|6
|
|t:|1757006328
|switch|p2b: Gholdengo|Gholdengo, L50|40/100
|move|p1a: Brynden Rivers|Protect|p1a: Brynden Rivers
|-singleturn|p1a: Brynden Rivers|Protect
|move|p1b: Longclaw|Protect|p1b: Longclaw
|-singleturn|p1b: Longclaw|Protect
|move|p2a: Dragonite|Protect||[still]
|-fail|p2a: Dragonite
|
|-heal|p2a: Dragonite|75/100|[from] Grassy Terrain
|-heal|p2b: Gholdengo|46/100|[from] Grassy Terrain
|upkeep
|turn|7
|inactive|Its last min has 30 seconds left.
|
|t:|1757006353
|switch|p1a: MDD|Indeedee, L50, M, shiny|100/100
|-fieldstart|move: Psychic Terrain|[from] ability: Psychic Surge|[of] p1a: MDD
|-enditem|p1b: Longclaw|Psychic Seed
|-boost|p1b: Longclaw|spd|1|[from] item: Psychic Seed
|switch|p2a: Rillaboom|Rillaboom, L50, M|100/100
|-fieldstart|move: Grassy Terrain|[from] ability: Grassy Surge|[of] p2a: Rillaboom
|move|p1b: Longclaw|Close Combat|p2a: Rillaboom
|-damage|p2a: Rillaboom|31/100
|-unboost|p1b: Longclaw|def|1
|-unboost|p1b: Longclaw|spd|1
|move|p2b: Gholdengo|Nasty Plot|p2b: Gholdengo
|-boost|p2b: Gholdengo|spa|2
|
|-heal|p2b: Gholdengo|53/100|[from] Grassy Terrain
|-heal|p2a: Rillaboom|36/100|[from] Grassy Terrain
|upkeep
|turn|8
|
|t:|1757006374
|switch|p1a: Brynden Rivers|Murkrow, L50, M|29/100
|switch|p2a: Dragonite|Dragonite, L50, F, tera:Steel|75/100
|move|p1b: Longclaw|Protect|p1b: Longclaw
|-singleturn|p1b: Longclaw|Protect
|move|p2b: Gholdengo|Make It Rain|p1b: Longclaw|[spread] p1a
|-activate|p1b: Longclaw|move: Protect
|-damage|p1a: Brynden Rivers|0 fnt
|-unboost|p2b: Gholdengo|spa|1
|faint|p1a: Brynden Rivers
|
|-heal|p2a: Dragonite|81/100|[from] Grassy Terrain
|-heal|p2b: Gholdengo|59/100|[from] Grassy Terrain
|-sideend|p1: SlowHomie|move: Tailwind
|upkeep
|
|t:|1757006383
|switch|p1a: MDD|Indeedee, L50, M, shiny|100/100
|-fieldstart|move: Psychic Terrain|[from] ability: Psychic Surge|[of] p1a: MDD
|turn|9
|
|t:|1757006402
|move|p1b: Longclaw|Protect||[still]
|-fail|p1b: Longclaw
|move|p1a: MDD|Expanding Force|p2b: Gholdengo|[spread] p2a,p2b
|-resisted|p2a: Dragonite
|-resisted|p2b: Gholdengo
|-damage|p2a: Dragonite|50/100
|-damage|p2b: Gholdengo|34/100
|move|p2a: Dragonite|Scale Shot|p1b: Longclaw
|-damage|p1b: Longclaw|62/100
|-damage|p1b: Longclaw|25/100
|-damage|p1b: Longclaw|0 fnt
|faint|p1b: Longclaw
|-hitcount|p1: Longclaw|3
|-unboost|p2a: Dragonite|def|1
|-boost|p2a: Dragonite|spe|1
|move|p2b: Gholdengo|Make It Rain|p1a: MDD
|-enditem|p1a: MDD|Focus Sash
|-damage|p1a: MDD|1/100
|-unboost|p2b: Gholdengo|spa|1
|
|upkeep
|turn|10
|
|t:|1757006410
|move|p2a: Dragonite|Stomping Tantrum|p1a: MDD
|-damage|p1a: MDD|0 fnt
|faint|p1a: MDD
|
|win|Its last min
