|j|☆chocokoala vgc
|j|☆rowletspin
|html|chocokoala vgcrowletspin    
|uhtml|bestof|Game 3 of a best-of-3
|t:|1784814503
|gametype|doubles
|player|p1|chocokoala vgc|benga|1300
|player|p2|rowletspin|1|1382
|gen|9
|tier|[Gen 9 Champions] VGC 2026 Reg M-B (Bo3)
|rated|
|rule|Species Clause: Limit one of each Pokémon
|rule|Item Clause: Limit 1 of each item
|clearpoke
|poke|p1|Scovillain, L50, M|
|poke|p1|Primarina, L50, F|
|poke|p1|Aerodactyl, L50, F|
|poke|p1|Garchomp, L50, M|
|poke|p1|Gholdengo, L50|
|poke|p1|Grimmsnarl, L50, M|
|poke|p2|Raichu, L50, F|
|poke|p2|Corviknight, L50, M|
|poke|p2|Sylveon, L50, M|
|poke|p2|Basculegion, L50, M|
|poke|p2|Mamoswine, L50, F|
|poke|p2|Tyranitar, L50, F|
|teampreview|4
|showteam|p1|Scovillain||Scovillainite|Moody|Flamethrower,GigaDrain,Protect,RagePowder|Bold||M|||50|]Primarina||Leftovers|LiquidVoice|HyperVoice,Moonblast,Protect,CalmMind|Modest||F|||50|]Aerodactyl||Aerodactylite|Unnerve|RockSlide,DualWingbeat,Protect,Tailwind|Jolly||F|||50|]Garchomp||SoftSand|RoughSkin|Earthquake,StompingTantrum,Protect,DragonClaw|Jolly||M|||50|]Gholdengo||LifeOrb|GoodasGold|MakeItRain,ShadowBall,Protect,NastyPlot|Modest|||||50|]Grimmsnarl||LightClay|Prankster|LightScreen,Reflect,FakeOut,FoulPlay|Sassy||M|||50|
|showteam|p2|Raichu||RaichuniteY|LightningRod|ZapCannon,FocusBlast,FakeOut,Protect|Timid||F|||50|]Corviknight||Leftovers|MirrorArmor|BraveBird,IronHead,Tailwind,Protect|Careful||M|||50|]Sylveon||FairyFeather|Pixilate|HyperVoice,QuickAttack,Protect,Yawn|Modest||M|||50|]Basculegion||MysticWater|Adaptability|WaveCrash,LastRespects,AquaJet,Protect|Adamant||M|||50|]Mamoswine||LifeOrb|Oblivious|HighHorsepower,IcicleCrash,IceShard,Protect|Adamant||F|||50|]Tyranitar||FocusSash|SandStream|RockSlide,KnockOff,Superpower,Protect|Adamant||F|||50|
|inactive|Battle timer is ON: inactive players will automatically lose when time's up. (requested by rowletspin)
|inactive|chocokoala vgc also wants the timer to be on.
|
|t:|1784814525
|teamsize|p1|4
|teamsize|p2|4
|start
|switch|p1a: Scovillain|Scovillain, L50, M|100/100
|switch|p1b: Gholdengo|Gholdengo, L50|100/100
|switch|p2a: Raichu|Raichu, L50, F|100/100
|switch|p2b: Basculegion|Basculegion, L50, M|100/100
|turn|1
|
|t:|1784814538
|detailschange|p2a: Raichu|Raichu-Mega-Y, L50, F
|-mega|p2a: Raichu|Raichu|Raichunite Y
|move|p1b: Gholdengo|Protect|p1b: Gholdengo
|-singleturn|p1b: Gholdengo|Protect
|move|p1a: Scovillain|Protect|p1a: Scovillain
|-singleturn|p1a: Scovillain|Protect
|move|p2a: Raichu|Zap Cannon|p1a: Scovillain
|-activate|p1a: Scovillain|move: Protect
|move|p2b: Basculegion|Wave Crash|p1a: Scovillain
|-activate|p1a: Scovillain|move: Protect
|
|-ability|p1a: Scovillain|Moody|boost
|-boost|p1a: Scovillain|atk|2
|-unboost|p1a: Scovillain|def|1
|upkeep
|turn|2
|
|t:|1784814553
|move|p2b: Basculegion|Protect|p2b: Basculegion
|-singleturn|p2b: Basculegion|Protect
|move|p1a: Scovillain|Rage Powder|p1a: Scovillain
|-singleturn|p1a: Scovillain|move: Rage Powder
|move|p2a: Raichu|Zap Cannon|p1a: Scovillain
|-resisted|p1a: Scovillain|1
|-damage|p1a: Scovillain|59/100
|-status|p1a: Scovillain|par
|move|p1b: Gholdengo|Shadow Ball|p2b: Basculegion
|-activate|p2b: Basculegion|move: Protect
|
|-ability|p1a: Scovillain|Moody|boost
|-boost|p1a: Scovillain|def|2
|-unboost|p1a: Scovillain|atk|1
|upkeep
|turn|3
|
|t:|1784814569
|switch|p2b: Sylveon|Sylveon, L50, M|100/100
|detailschange|p1a: Scovillain|Scovillain-Mega, L50, M
|-mega|p1a: Scovillain|Scovillain|Scovillainite
|move|p1a: Scovillain|Rage Powder|p1a: Scovillain
|-singleturn|p1a: Scovillain|move: Rage Powder
|move|p2a: Raichu|Zap Cannon|p1a: Scovillain
|-resisted|p1a: Scovillain|1
|-damage|p1a: Scovillain|27/100 par
|-status|p2a: Raichu|brn|[from] ability: Spicy Spray|[of] p1a: Scovillain
|move|p1b: Gholdengo|Shadow Ball|p2b: Sylveon
|-damage|p2b: Sylveon|51/100
|-damage|p1b: Gholdengo|90/100|[from] item: Life Orb
|
|-damage|p2a: Raichu|94/100 brn|[from] brn
|upkeep
|turn|4
|
|t:|1784814592
|move|p2a: Raichu|Protect|p2a: Raichu
|-singleturn|p2a: Raichu|Protect
|move|p1a: Scovillain|Rage Powder|p1a: Scovillain
|-singleturn|p1a: Scovillain|move: Rage Powder
|move|p1b: Gholdengo|Shadow Ball|p2a: Raichu
|-activate|p2a: Raichu|move: Protect
|move|p2b: Sylveon|Hyper Voice|p1a: Scovillain|[spread] p1a,p1b
|-resisted|p1a: Scovillain|1
|-resisted|p1b: Gholdengo|1
|-damage|p1a: Scovillain|6/100 par
|-damage|p1b: Gholdengo|64/100
|-status|p2b: Sylveon|brn|[from] ability: Spicy Spray|[of] p1a: Scovillain
|
|-damage|p2a: Raichu|88/100 brn|[from] brn
|-damage|p2b: Sylveon|45/100 brn|[from] brn
|upkeep
|turn|5
|
|t:|1784814607
|switch|p2a: Mamoswine|Mamoswine, L50, F|100/100
|move|p1a: Scovillain|Rage Powder|p1a: Scovillain
|-singleturn|p1a: Scovillain|move: Rage Powder
|move|p1b: Gholdengo|Shadow Ball|p2a: Mamoswine
|-damage|p2a: Mamoswine|21/100
|-damage|p1b: Gholdengo|55/100|[from] item: Life Orb
|move|p2b: Sylveon|Hyper Voice|p1b: Gholdengo|[spread] p1a,p1b
|-resisted|p1a: Scovillain|1
|-resisted|p1b: Gholdengo|1
|-damage|p1a: Scovillain|0 fnt
|-damage|p1b: Gholdengo|28/100
|faint|p1a: Scovillain
|
|-damage|p2b: Sylveon|40/100 brn|[from] brn
|upkeep
|
|t:|1784814621
|switch|p1a: Primarina|Primarina, L50, F|100/100
|turn|6
|
|t:|1784814626
|move|p2a: Mamoswine|Protect|p2a: Mamoswine
|-singleturn|p2a: Mamoswine|Protect
|move|p1b: Gholdengo|Protect|p1b: Gholdengo
|-singleturn|p1b: Gholdengo|Protect
|move|p1a: Primarina|Hyper Voice|p2a: Mamoswine|[spread] p2b
|-activate|p2a: Mamoswine|move: Protect
|-damage|p2b: Sylveon|12/100 brn
|move|p2b: Sylveon|Hyper Voice|p1a: Primarina|[spread] p1a
|-activate|p1b: Gholdengo|move: Protect
|-damage|p1a: Primarina|61/100
|
|-heal|p1a: Primarina|67/100|[from] item: Leftovers
|-damage|p2b: Sylveon|6/100 brn|[from] brn
|upkeep
|turn|7
|inactive|rowletspin has 30 seconds left.
|
|t:|1784814651
|switch|p1b: Grimmsnarl|Grimmsnarl, L50, M|100/100
|move|p2a: Mamoswine|Ice Shard|p1b: Grimmsnarl
|-damage|p1b: Grimmsnarl|69/100
|-damage|p2a: Mamoswine|11/100|[from] item: Life Orb
|move|p2b: Sylveon|Quick Attack|p1b: Grimmsnarl
|-supereffective|p1b: Grimmsnarl|1
|-damage|p1b: Grimmsnarl|55/100
|move|p1a: Primarina|Hyper Voice|p2a: Mamoswine|[spread] p2a,p2b
|-supereffective|p2a: Mamoswine|1
|-damage|p2a: Mamoswine|0 fnt
|-damage|p2b: Sylveon|0 fnt
|faint|p2a: Mamoswine
|faint|p2b: Sylveon
|
|-heal|p1a: Primarina|73/100|[from] item: Leftovers
|upkeep
|
|t:|1784814656
|switch|p2a: Raichu|Raichu-Mega-Y, L50, F|88/100 brn
|switch|p2b: Basculegion|Basculegion, L50, M|100/100
|turn|8
|
|t:|1784814670
|move|p1a: Primarina|Protect|p1a: Primarina
|-singleturn|p1a: Primarina|Protect
|move|p2a: Raichu|Fake Out|p1a: Primarina
|-activate|p1a: Primarina|move: Protect
|move|p1b: Grimmsnarl|Light Screen|p1b: Grimmsnarl
|-sidestart|p1: chocokoala vgc|move: Light Screen
|move|p2b: Basculegion|Wave Crash|p1b: Grimmsnarl
|-damage|p1b: Grimmsnarl|0 fnt
|faint|p1b: Grimmsnarl
|-damage|p2b: Basculegion|82/100|[from] Recoil
|
|-heal|p1a: Primarina|79/100|[from] item: Leftovers
|-damage|p2a: Raichu|83/100 brn|[from] brn
|upkeep
|
|t:|1784814682
|switch|p1b: Gholdengo|Gholdengo, L50|28/100
|turn|9
|
|t:|1784814686
|move|p1b: Gholdengo|Protect|p1b: Gholdengo
|-singleturn|p1b: Gholdengo|Protect
|move|p2a: Raichu|Zap Cannon|p1b: Gholdengo
|-activate|p1b: Gholdengo|move: Protect
|move|p2b: Basculegion|Last Respects|p1a: Primarina
|-damage|p1a: Primarina|0 fnt
|faint|p1a: Primarina
|
|-damage|p2a: Raichu|77/100 brn|[from] brn
|upkeep
|turn|10
|-message|chocokoala vgc forfeited.
|
|win|rowletspin
|raw|chocokoala vgc's rating: 1300 → 1281(-19 for losing)
|raw|rowletspin's rating: 1382 → 1397(+15 for winning)
