|j|☆iwonagainstwolfe
|j|☆Younk Ark
|html|iwonagainstwolfeYounk Ark    
|uhtml|bestof|Game 1 of a best-of-3
|t:|1784142700
|gametype|doubles
|player|p1|iwonagainstwolfe|clown|1000
|player|p2|Younk Ark|101|1037
|gen|9
|tier|[Gen 9 Champions] VGC 2026 Reg M-B (Bo3)
|rated|
|rule|Species Clause: Limit one of each Pokémon
|rule|Item Clause: Limit 1 of each item
|clearpoke
|poke|p1|Venusaur, L50, M|
|poke|p1|Grimmsnarl, L50, M|
|poke|p1|Pelipper, L50, M|
|poke|p1|Archaludon, L50, M|
|poke|p1|Charizard, L50, M|
|poke|p1|Basculegion, L50, M|
|poke|p2|Delphox, L50, M, shiny|
|poke|p2|Incineroar, L50, F|
|poke|p2|Kangaskhan, L50, F|
|poke|p2|Staraptor, L50, M, shiny|
|poke|p2|Whimsicott, L50, M, shiny|
|poke|p2|Sinistcha, L50|
|teampreview|4
|showteam|p1|Venusaur||Venusaurite|Chlorophyll|SludgeBomb,EarthPower,SleepPowder,Protect|Modest||M|||50|]Grimmsnarl||LightClay|Prankster|SpiritBreak,Reflect,LightScreen,PartingShot|Careful||M|||50|]Pelipper||SitrusBerry|Drizzle|Hurricane,WeatherBall,Tailwind,WideGuard|Modest||M|||50|]Archaludon||Leftovers|Stamina|DragonPulse,FlashCannon,ElectroShot,Protect|Modest||M|||50|]Charizard||CharizarditeY|Blaze|HeatWave,SolarBeam,WeatherBall,Protect|Modest||M|||50|]Basculegion||ChoiceScarf|Adaptability|WaveCrash,FlipTurn,LastRespects,AquaJet|Jolly||M|||50|
|showteam|p2|Delphox||Delphoxite|Magician|NastyPlot,HeatWave,Psyshock,Protect|Modest||M|||50|]Incineroar||BlackGlasses|Intimidate|FakeOut,ThroatChop,Protect,PartingShot|Impish||F|||50|]Kangaskhan||LifeOrb|Scrappy|FakeOut,LastResort|Adamant||F|||50|]Staraptor||Staraptite|Intimidate|BraveBird,CloseCombat,Protect,Roost|Jolly||M|||50|]Whimsicott||FocusSash|Prankster|Charm,Moonblast,Tailwind,SunnyDay|Timid||M|||50|]Sinistcha||SitrusBerry|Hospitality|MatchaGotcha,TrickRoom,Protect,RagePowder|Bold|||||50|
|inactive|Battle timer is ON: inactive players will automatically lose when time's up. (requested by Younk Ark)
|
|t:|1784142733
|teamsize|p1|4
|teamsize|p2|4
|start
|switch|p1a: Grimmsnarl|Grimmsnarl, L50, M|100/100
|switch|p1b: Archaludon|Archaludon, L50, M|100/100
|switch|p2a: Whimsicott|Whimsicott, L50, M, shiny|100/100
|switch|p2b: Staraptor|Staraptor, L50, M, shiny|100/100
|-ability|p2b: Staraptor|Intimidate|boost
|-unboost|p1a: Grimmsnarl|atk|1
|-unboost|p1b: Archaludon|atk|1
|turn|1
|
|t:|1784142748
|detailschange|p2b: Staraptor|Staraptor-Mega, L50, M, shiny
|-mega|p2b: Staraptor|Staraptor|Staraptite
|move|p2b: Staraptor|Protect|p2b: Staraptor
|-singleturn|p2b: Staraptor|Protect
|move|p2a: Whimsicott|Tailwind|p2a: Whimsicott
|-sidestart|p2: Younk Ark|move: Tailwind
|move|p1a: Grimmsnarl|Reflect|p1a: Grimmsnarl
|-sidestart|p1: iwonagainstwolfe|Reflect
|move|p1b: Archaludon|Flash Cannon|p2a: Whimsicott
|-supereffective|p2a: Whimsicott|1
|-enditem|p2a: Whimsicott|Focus Sash
|-damage|p2a: Whimsicott|1/100
|
|upkeep
|turn|2
|
|t:|1784142762
|move|p1b: Archaludon|Protect|p1b: Archaludon
|-singleturn|p1b: Archaludon|Protect
|move|p2a: Whimsicott|Charm|p2b: Staraptor
|-boost|p2b: Staraptor|atk|2
|move|p2b: Staraptor|Close Combat|p1b: Archaludon
|-activate|p1b: Archaludon|move: Protect
|move|p1a: Grimmsnarl|Spirit Break|p2b: Staraptor
|-supereffective|p2b: Staraptor|1
|-damage|p2b: Staraptor|51/100
|-boost|p2b: Staraptor|spa|1
|
|upkeep
|turn|3
|
|t:|1784142774
|switch|p1b: Basculegion|Basculegion, L50, M|100/100
|move|p2a: Whimsicott|Charm|p2b: Staraptor
|-boost|p2b: Staraptor|atk|2
|move|p2b: Staraptor|Close Combat|p1b: Basculegion
|-immune|p1b: Basculegion
|move|p1a: Grimmsnarl|Spirit Break|p2b: Staraptor
|-supereffective|p2b: Staraptor|1
|-damage|p2b: Staraptor|2/100
|-boost|p2b: Staraptor|spa|1
|
|upkeep
|turn|4
|
|t:|1784142789
|move|p2a: Whimsicott|Charm|p1b: Basculegion
|-unboost|p1b: Basculegion|atk|2
|move|p1b: Basculegion|Aqua Jet|p2b: Staraptor
|-damage|p2b: Staraptor|0 fnt
|faint|p2b: Staraptor
|move|p1a: Grimmsnarl|Spirit Break|p2a: Whimsicott
|-damage|p2a: Whimsicott|0 fnt
|faint|p2a: Whimsicott
|
|-sideend|p2: Younk Ark|move: Tailwind
|upkeep
|
|t:|1784142796
|switch|p2a: Kangaskhan|Kangaskhan, L50, F|100/100
|switch|p2b: Sinistcha|Sinistcha, L50|100/100
|turn|5
|
|t:|1784142816
|switch|p1b: Archaludon|Archaludon, L50, M|100/100
|move|p2a: Kangaskhan|Fake Out|p1b: Archaludon
|-resisted|p1b: Archaludon|1
|-damage|p1b: Archaludon|94/100
|-ability|p1b: Archaludon|Stamina|boost
|-boost|p1b: Archaludon|def|1
|-damage|p2a: Kangaskhan|90/100|[from] item: Life Orb
|move|p1a: Grimmsnarl|Parting Shot|p2a: Kangaskhan
|-unboost|p2a: Kangaskhan|atk|1
|-unboost|p2a: Kangaskhan|spa|1
|
|t:|1784142827
|switch|p1a: Pelipper|Pelipper, L50, M|100/100|[from] Parting Shot
|-weather|RainDance|[from] ability: Drizzle|[of] p1a: Pelipper
|move|p2b: Sinistcha|Trick Room|p2b: Sinistcha
|-fieldstart|move: Trick Room|[of] p2b: Sinistcha
|
|-weather|RainDance|[upkeep]
|-heal|p1b: Archaludon|100/100|[from] item: Leftovers
|upkeep
|turn|6
|
|t:|1784142839
|move|p2b: Sinistcha|Rage Powder|p2b: Sinistcha
|-singleturn|p2b: Sinistcha|move: Rage Powder
|move|p1a: Pelipper|Hurricane|p2b: Sinistcha
|-supereffective|p2b: Sinistcha|1
|-damage|p2b: Sinistcha|0 fnt
|faint|p2b: Sinistcha
|move|p1b: Archaludon|Electro Shot||[still]
|-prepare|p1b: Archaludon|Electro Shot
|-boost|p1b: Archaludon|spa|1
|-anim|p1b: Archaludon|Electro Shot|p2a: Kangaskhan
|-damage|p2a: Kangaskhan|30/100
|move|p2a: Kangaskhan|Last Resort|p1a: Pelipper
|-damage|p1a: Pelipper|59/100
|-damage|p2a: Kangaskhan|20/100y|[from] item: Life Orb
|
|-weather|RainDance|[upkeep]
|upkeep
|turn|7
|-message|Younk Ark forfeited.
|raw|iwonagainstwolfe's rating: 1000 → 1044(+44 for winning)
|raw|Younk Ark's rating: 1037 → 1020(-17 for losing)
|
|win|iwonagainstwolfe
