|j|☆anino23
|j|☆Streisten
|html|anino23Streisten    
|uhtml|bestof|Game 1 of a best-of-3
|t:|1756320075
|gametype|doubles
|player|p1|anino23|101|1019
|player|p2|Streisten|preschooler|1034
|gen|9
|tier|[Gen 9] VGC 2025 Reg H (Bo3)
|rated|
|rule|Species Clause: Limit one of each Pokémon
|rule|Item Clause: Limit 1 of each item
|clearpoke
|poke|p1|Jolteon, L50, F|
|poke|p1|Dragonite, L50, F|
|poke|p1|Porygon2, L50|
|poke|p1|Ursaluna, L50, M|
|poke|p1|Incineroar, L50, F|
|poke|p1|Gholdengo, L50|
|poke|p2|Gholdengo, L50|
|poke|p2|Amoonguss, L50, M|
|poke|p2|Porygon2, L50|
|poke|p2|Incineroar, L50, M|
|poke|p2|Ursaluna, L50, F|
|poke|p2|Hydreigon, L50, F|
|teampreview|4
|showteam|p1|Jolteon||LifeOrb|VoltAbsorb|Electroweb,Detect,Thunderbolt,VoltSwitch|||F|||50|,,,,,Electric]Dragonite||LoadedDice|Multiscale|ScaleShot,ExtremeSpeed,Protect,Tailwind|||F|||50|,,,,,Normal]Porygon2||Eviolite|Download|TrickRoom,IceBeam,Recover,TeraBlast||||||50|,,,,,Fairy]Ursaluna||FlameOrb|Guts|Facade,HeadlongRush,Earthquake,Protect|||M|||50|,,,,,Ghost]Incineroar||SafetyGoggles|Intimidate|FakeOut,PartingShot,FlareBlitz,KnockOff|||F|||50|,,,,,Grass]Gholdengo||ChoiceSpecs|GoodasGold|MakeItRain,ShadowBall,Trick,DazzlingGleam||||||50|,,,,,Steel
|showteam|p2|Gholdengo||MetalCoat|GoodasGold|MakeItRain,ShadowBall,NastyPlot,Protect||||||50|,,,,,Water]Amoonguss||CovertCloak|Regenerator|PollenPuff,Spore,RagePowder,Protect|||M|||50|,,,,,Psychic]Porygon2||Eviolite|Download|TeraBlast,IceBeam,TrickRoom,Recover||||||50|,,,,,Fighting]Incineroar||SitrusBerry|Intimidate|FakeOut,FlareBlitz,KnockOff,PartingShot|||M|||50|,,,,,Ghost]Ursaluna||FlameOrb|Guts|Facade,HeadlongRush,Earthquake,Protect|||F|||50|,,,,,Ghost]Hydreigon||SafetyGoggles|Levitate|DracoMeteor,Snarl,Tailwind,Protect|||F|||50|,,,,,Ghost
|
|t:|1756320139
|teamsize|p1|4
|teamsize|p2|4
|start
|switch|p1a: Jolteon|Jolteon, L50, F|100/100
|switch|p1b: Gholdengo|Gholdengo, L50|100/100
|switch|p2a: Amoonguss|Amoonguss, L50, M, shiny|100/100
|switch|p2b: Incineroar|Incineroar, L50, M, shiny|100/100
|-ability|p2b: Incineroar|Intimidate|boost
|-unboost|p1a: Jolteon|atk|1
|-unboost|p1b: Gholdengo|atk|1
|turn|1
|
|t:|1756320221
|move|p1a: Jolteon|Thunderbolt|p2b: Incineroar
|-damage|p2b: Incineroar|49/100
|-enditem|p2b: Incineroar|Sitrus Berry|[eat]
|-heal|p2b: Incineroar|74/100|[from] item: Sitrus Berry
|-damage|p1a: Jolteon|90/100|[from] item: Life Orb
|move|p1b: Gholdengo|Trick|p2b: Incineroar
|-activate|p1b: Gholdengo|move: Trick|[of] p2b: Incineroar
|-item|p2b: Incineroar|Choice Specs|[from] move: Trick
|-enditem|p1b: Gholdengo|Choice Specs|[silent]|[from] move: Trick
|move|p2b: Incineroar|Flare Blitz|p1b: Gholdengo
|-supereffective|p1b: Gholdengo
|-damage|p1b: Gholdengo|0 fnt
|faint|p1b: Gholdengo
|-damage|p2b: Incineroar|46/100|[from] Recoil
|move|p2a: Amoonguss|Spore|p1a: Jolteon
|-status|p1a: Jolteon|slp|[from] move: Spore
|
|upkeep
|
|t:|1756320236
|switch|p1b: Incineroar|Incineroar, L50, F|100/100
|-ability|p1b: Incineroar|Intimidate|boost
|-unboost|p2a: Amoonguss|atk|1
|-unboost|p2b: Incineroar|atk|1
|turn|2
|
|t:|1756320254
|switch|p2b: Hydreigon|Hydreigon, L50, F, shiny|100/100
|move|p2a: Amoonguss|Protect|p2a: Amoonguss
|-singleturn|p2a: Amoonguss|Protect
|move|p1b: Incineroar|Fake Out|p2b: Hydreigon
|-damage|p2b: Hydreigon|87/100
|cant|p1a: Jolteon|slp
|
|upkeep
|turn|3
|
|t:|1756320269
|switch|p2a: Incineroar|Incineroar, L50, M, shiny|46/100
|-ability|p2a: Incineroar|Intimidate|boost
|-unboost|p1a: Jolteon|atk|1
|-unboost|p1b: Incineroar|atk|1
|cant|p1a: Jolteon|slp
|move|p2b: Hydreigon|Snarl|p1a: Jolteon|[spread] p1a,p1b
|-resisted|p1b: Incineroar
|-damage|p1a: Jolteon|65/100 slp
|-damage|p1b: Incineroar|93/100
|-unboost|p1a: Jolteon|spa|1
|-unboost|p1b: Incineroar|spa|1
|move|p1b: Incineroar|Flare Blitz|p2a: Incineroar
|-resisted|p2a: Incineroar
|-damage|p2a: Incineroar|31/100
|-damage|p1b: Incineroar|88/100|[from] Recoil
|
|upkeep
|turn|4
|
|t:|1756320291
|-curestatus|p1a: Jolteon|slp|[msg]
|move|p1a: Jolteon|Electroweb|p2b: Hydreigon|[spread] p2a,p2b
|-resisted|p2b: Hydreigon
|-damage|p2a: Incineroar|13/100
|-damage|p2b: Hydreigon|78/100
|-unboost|p2a: Incineroar|spe|1
|-unboost|p2b: Hydreigon|spe|1
|-damage|p1a: Jolteon|55/100|[from] item: Life Orb
|move|p2b: Hydreigon|Snarl|p1b: Incineroar|[spread] p1a,p1b
|-resisted|p1b: Incineroar
|-damage|p1a: Jolteon|29/100
|-damage|p1b: Incineroar|81/100
|-unboost|p1a: Jolteon|spa|1
|-unboost|p1b: Incineroar|spa|1
|move|p1b: Incineroar|Parting Shot|p2b: Hydreigon
|-unboost|p2b: Hydreigon|atk|1
|-unboost|p2b: Hydreigon|spa|1
|
|t:|1756320305
|switch|p1b: Ursaluna|Ursaluna, L50, M|100/100|[from] Parting Shot
|move|p2a: Incineroar|Knock Off|p1b: Ursaluna
|-damage|p1b: Ursaluna|68/100
|-enditem|p1b: Ursaluna|Flame Orb|[from] move: Knock Off|[of] p2a: Incineroar
|
|upkeep
|turn|5
|
|t:|1756320326
|move|p2b: Hydreigon|Protect|p2b: Hydreigon
|-singleturn|p2b: Hydreigon|Protect
|move|p1a: Jolteon|Volt Switch|p2a: Incineroar
|-damage|p2a: Incineroar|0 fnt
|faint|p2a: Incineroar
|-damage|p1a: Jolteon|19/100|[from] item: Life Orb
|
|t:|1756320332
|switch|p1a: Incineroar|Incineroar, L50, F|81/100|[from] Volt Switch
|-ability|p1a: Incineroar|Intimidate|boost
|-unboost|p2b: Hydreigon|atk|1
|move|p1b: Ursaluna|Facade|p2b: Hydreigon
|-activate|p2b: Hydreigon|move: Protect
|
|upkeep
|
|t:|1756320344
|switch|p2a: Ursaluna|Ursaluna, L50, F, shiny|100/100
|turn|6
|
|t:|1756320385
|switch|p2b: Amoonguss|Amoonguss, L50, M, shiny|100/100
|move|p2a: Ursaluna|Protect|p2a: Ursaluna
|-singleturn|p2a: Ursaluna|Protect
|move|p1a: Incineroar|Knock Off|p2b: Amoonguss
|-damage|p2b: Amoonguss|62/100
|-enditem|p2b: Amoonguss|Covert Cloak|[from] move: Knock Off|[of] p1a: Incineroar
|move|p1b: Ursaluna|Facade|p2b: Amoonguss
|-damage|p2b: Amoonguss|24/100
|
|-status|p2a: Ursaluna|brn|[from] item: Flame Orb
|upkeep
|turn|7
|
|t:|1756320434
|move|p1a: Incineroar|Parting Shot|p2a: Ursaluna
|-unboost|p2a: Ursaluna|atk|1
|-unboost|p2a: Ursaluna|spa|1
|
|t:|1756320437
|switch|p1a: Jolteon|Jolteon, L50, F|19/100|[from] Parting Shot
|move|p2a: Ursaluna|Earthquake|p1a: Jolteon|[spread] p2b,p1a,p1b
|-supereffective|p1a: Jolteon
|-damage|p2b: Amoonguss|0 fnt
|-damage|p1a: Jolteon|0 fnt
|-damage|p1b: Ursaluna|36/100
|faint|p2b: Amoonguss
|faint|p1a: Jolteon
|move|p1b: Ursaluna|Headlong Rush|p2a: Ursaluna
|-damage|p2a: Ursaluna|43/100 brn
|-unboost|p1b: Ursaluna|def|1
|-unboost|p1b: Ursaluna|spd|1
|
|-damage|p2a: Ursaluna|37/100 brn|[from] brn
|upkeep
|
|t:|1756320450
|switch|p1a: Incineroar|Incineroar, L50, F|81/100
|switch|p2b: Hydreigon|Hydreigon, L50, F, shiny|78/100
|-ability|p1a: Incineroar|Intimidate|boost
|-unboost|p2a: Ursaluna|atk|1
|-unboost|p2b: Hydreigon|atk|1
|turn|8
|
|t:|1756320469
|move|p2b: Hydreigon|Protect|p2b: Hydreigon
|-singleturn|p2b: Hydreigon|Protect
|move|p2a: Ursaluna|Protect|p2a: Ursaluna
|-singleturn|p2a: Ursaluna|Protect
|move|p1a: Incineroar|Fake Out|p2b: Hydreigon
|-activate|p2b: Hydreigon|move: Protect
|move|p1b: Ursaluna|Facade|p2b: Hydreigon
|-activate|p2b: Hydreigon|move: Protect
|
|-damage|p2a: Ursaluna|31/100 brn|[from] brn
|upkeep
|turn|9
|
|t:|1756320490
|-terastallize|p2b: Hydreigon|Ghost
|-terastallize|p1a: Incineroar|Grass
|move|p1b: Ursaluna|Protect|p1b: Ursaluna
|-singleturn|p1b: Ursaluna|Protect
|move|p2b: Hydreigon|Tailwind|p2b: Hydreigon
|-sidestart|p2: Streisten|move: Tailwind
|move|p2a: Ursaluna|Headlong Rush|p1a: Incineroar
|-resisted|p1a: Incineroar
|-damage|p1a: Incineroar|55/100
|-unboost|p2a: Ursaluna|def|1
|-unboost|p2a: Ursaluna|spd|1
|move|p1a: Incineroar|Knock Off|p2a: Ursaluna
|-damage|p2a: Ursaluna|0 fnt
|-enditem|p2a: Ursaluna|Flame Orb|[from] move: Knock Off|[of] p1a: Incineroar
|faint|p2a: Ursaluna
|
|upkeep
|turn|10
|
|t:|1756320515
|move|p2b: Hydreigon|Draco Meteor|p1a: Incineroar
|-damage|p1a: Incineroar|4/100
|-unboost|p2b: Hydreigon|spa|2
|move|p1a: Incineroar|Knock Off|p2b: Hydreigon
|-supereffective|p2b: Hydreigon
|-damage|p2b: Hydreigon|0 fnt
|-enditem|p2b: Hydreigon|Safety Goggles|[from] move: Knock Off|[of] p1a: Incineroar
|faint|p2b: Hydreigon
|
|win|anino23
||Streisten is ready for game 2.
||anino23 is ready for game 2.
|uhtml|next|Next: Game 2 of 3
