|j|☆OddBranch_
|j|☆lolgz
|html|OddBranch_lolgz    
|uhtml|bestof|Game 1 of a best-of-3
|t:|1782193745
|gametype|doubles
|player|p1|OddBranch_|n|1049
|player|p2|lolgz|dawn|1175
|gen|9
|tier|[Gen 9 Champions] VGC 2026 Reg M-B (Bo3)
|rated|
|rule|Species Clause: Limit one of each Pokémon
|rule|Item Clause: Limit 1 of each item
|clearpoke
|poke|p1|Blaziken, L50, F|
|poke|p1|Ninetales-Alola, L50, M|
|poke|p1|Corviknight, L50, F|
|poke|p1|Overqwil, L50, F|
|poke|p1|Rotom-Wash, L50|
|poke|p1|Tsareena, L50, F|
|poke|p2|Torkoal, L50, F|
|poke|p2|Vileplume, L50, M|
|poke|p2|Farigiraf, L50, M|
|poke|p2|Scrafty, L50, F|
|poke|p2|Gallade, L50, M|
|poke|p2|Mawile, L50, M|
|teampreview|4
|showteam|p1|Blaziken||Blazikenite|SpeedBoost|FlareBlitz,Detect,CloseCombat,SwordsDance|Adamant||F|||50|]Ninetales-Alola||FocusSash|SnowWarning|AuroraVeil,FreezeDry,DazzlingGleam,HelpingHand|Timid||M|||50|]Corviknight||SitrusBerry|Pressure|LightScreen,Swagger,SteelWing,Reflect|Impish||F|||50|]Overqwil||LifeOrb|Intimidate|Crunch,PoisonJab,Protect,Acupressure|Jolly||F|||50|]Rotom-Wash||ChoiceScarf|Levitate|VoltSwitch,HydroPump,Thunderbolt,Trick|Timid|||||50|]Tsareena||CobaBerry|QueenlyMajesty|TripleAxel,TropKick,Uturn,KnockOff|Adamant||F|||50|
|showteam|p2|Torkoal||Charcoal|Drought|Eruption,WeatherBall,EarthPower,Protect|Quiet||F|||50|]Vileplume||FocusSash|Chlorophyll|EnergyBall,SludgeBomb,SleepPowder,AfterYou|Timid||M|||50|]Farigiraf||SitrusBerry|ArmorTail|TrickRoom,Protect,Psychic,HelpingHand|Bold||M|||50|]Scrafty||Scraftinite|Intimidate|CloseCombat,KnockOff,FakeOut,RockSlide|Brave||F|||50|]Gallade||IronBall|Sharpness|SacredSword,PsychoCut,WideGuard,TrickRoom|Brave||M|||50|]Mawile||Mawilite|Intimidate|SuckerPunch,PlayRough,SwordsDance,Protect|Brave||M|||50|
|inactive|Battle timer is ON: inactive players will automatically lose when time's up. (requested by lolgz)
|inactive|OddBranch_ has 60 seconds left.
|inactive|lolgz has 60 seconds left.
|
|t:|1782193802
|teamsize|p1|4
|teamsize|p2|4
|start
|switch|p1a: Blaziken|Blaziken, L50, F|100/100
|switch|p1b: Overqwil|Overqwil, L50, F|100/100
|switch|p2a: Farigiraf|Farigiraf, L50, M|100/100
|switch|p2b: Gallade|Gallade, L50, M|100/100
|-ability|p1b: Overqwil|Intimidate|boost
|-unboost|p2a: Farigiraf|atk|1
|-unboost|p2b: Gallade|atk|1
|turn|1
|
|t:|1782193827
|move|p2a: Farigiraf|Protect|p2a: Farigiraf
|-singleturn|p2a: Farigiraf|Protect
|move|p1b: Overqwil|Crunch|p2a: Farigiraf
|-activate|p2a: Farigiraf|move: Protect
|move|p1a: Blaziken|Flare Blitz|p2a: Farigiraf
|-activate|p2a: Farigiraf|move: Protect
|move|p2b: Gallade|Trick Room|p2b: Gallade
|-fieldstart|move: Trick Room|[of] p2b: Gallade
|
|-ability|p1a: Blaziken|Speed Boost|boost
|-boost|p1a: Blaziken|spe|1
|upkeep
|turn|2
|inactive|OddBranch_ has 30 seconds left.
|
|t:|1782193855
|switch|p2a: Mawile|Mawile, L50, M|100/100
|-ability|p2a: Mawile|Intimidate|boost
|-unboost|p1a: Blaziken|atk|1
|-unboost|p1b: Overqwil|atk|1
|move|p2b: Gallade|Psycho Cut|p1a: Blaziken
|-supereffective|p1a: Blaziken|1
|-damage|p1a: Blaziken|0 fnt
|faint|p1a: Blaziken
|move|p1b: Overqwil|Crunch|p2a: Mawile
|-resisted|p2a: Mawile|1
|-damage|p2a: Mawile|78/100
|-damage|p1b: Overqwil|90/100|[from] item: Life Orb
|
|upkeep
|
|t:|1782193865
|switch|p1a: Ninetales|Ninetales-Alola, L50, M|100/100
|-weather|Snowscape|[from] ability: Snow Warning|[of] p1a: Ninetales
|turn|3
|
|t:|1782193879
|switch|p2b: Torkoal|Torkoal, L50, F|100/100
|-weather|SunnyDay|[from] ability: Drought|[of] p2b: Torkoal
|detailschange|p2a: Mawile|Mawile-Mega, L50, M
|-mega|p2a: Mawile|Mawile|Mawilite
|move|p2a: Mawile|Play Rough|p1b: Overqwil
|-damage|p1b: Overqwil|0 fnt
|faint|p1b: Overqwil
|move|p1a: Ninetales|Aurora Veil||[still]
|-fail|p1a: Ninetales
|
|-weather|SunnyDay|[upkeep]
|upkeep
|
|t:|1782193887
|switch|p1b: Corviknight|Corviknight, L50, F|100/100
|-ability|p1b: Corviknight|Pressure
|turn|4
|
|t:|1782193894
|move|p2b: Torkoal|Eruption|p1a: Ninetales|[spread] p1a,p1b
|-supereffective|p1a: Ninetales|1
|-supereffective|p1b: Corviknight|1
|-enditem|p1a: Ninetales|Focus Sash
|-damage|p1a: Ninetales|1/100
|-damage|p1b: Corviknight|0 fnt
|faint|p1b: Corviknight
|move|p2a: Mawile|Swords Dance|p2a: Mawile
|-boost|p2a: Mawile|atk|2
|move|p1a: Ninetales|Dazzling Gleam|p2a: Mawile|[spread] p2a,p2b
|-resisted|p2a: Mawile|1
|-resisted|p2b: Torkoal|1
|-damage|p2a: Mawile|64/100
|-damage|p2b: Torkoal|85/100
|
|-weather|SunnyDay|[upkeep]
|upkeep
|turn|5
|-message|OddBranch_ forfeited.
|raw|OddBranch_'s rating: 1049 → 1038(-11 for losing)
|raw|lolgz's rating: 1175 → 1191(+16 for winning)
|
|win|lolgz
