|j|☆TestingTeam00
|j|☆rudy4242
|html|TestingTeam00rudy4242    
|uhtml|bestof|Game 1 of a best-of-3
|t:|1784321430
|gametype|doubles
|player|p1|TestingTeam00|nate|1315
|player|p2|rudy4242|giovanni|1247
|gen|9
|tier|[Gen 9 Champions] VGC 2026 Reg M-B (Bo3)
|rated|
|rule|Species Clause: Limit one of each Pokémon
|rule|Item Clause: Limit 1 of each item
|clearpoke
|poke|p1|Staraptor, L50, M|
|poke|p1|Grimmsnarl, L50, M|
|poke|p1|Farigiraf, L50, F|
|poke|p1|Garchomp, L50, M|
|poke|p1|Aerodactyl, L50, M|
|poke|p1|Ceruledge, L50, M|
|poke|p2|Grimmsnarl, L50, M|
|poke|p2|Bellibolt, L50, F|
|poke|p2|Camerupt, L50, F|
|poke|p2|Primarina, L50, F|
|poke|p2|Farigiraf, L50, F|
|poke|p2|Abomasnow, L50, F|
|teampreview|4
|showteam|p1|Staraptor||Staraptite|Intimidate|BraveBird,CloseCombat,Roost,Protect|Jolly||M|||50|]Grimmsnarl||LightClay|Prankster|Reflect,LightScreen,PartingShot,SpiritBreak|Impish||M|||50|]Farigiraf||SitrusBerry|ArmorTail|Psychic,Thunderbolt,TrickRoom,Imprison|Calm||F|||50|]Garchomp||LifeOrb|RoughSkin|StompingTantrum,RockSlide,DragonClaw,Protect|Jolly||M|||50|]Aerodactyl||FocusSash|Unnerve|Tailwind,RockBlast,DualWingbeat,WideGuard|Jolly||M|||50|]Ceruledge||ColburBerry|FlashFire|ShadowSneak,BitterBlade,BulkUp,Protect|Adamant||M|||50|
|showteam|p2|Grimmsnarl||LightClay|Prankster|FakeOut,FoulPlay,Reflect,LightScreen|Careful||M|||50|]Bellibolt||SitrusBerry|Electromorphosis|Thunderbolt,ParabolicCharge,Soak,Protect|Quiet||F|||50|]Camerupt||Cameruptite|SolidRock|HeatWave,EarthPower,AncientPower,Protect|Quiet||F|||50|]Primarina||Leftovers|LiquidVoice|HyperVoice,Moonblast,CalmMind,Protect|Quiet||F|||50|]Farigiraf||ColburBerry|ArmorTail|TwinBeam,HelpingHand,AllySwitch,TrickRoom|Sassy||F|||50|]Abomasnow||Abomasite|SnowWarning|Blizzard,EnergyBall,EarthPower,AuroraVeil|Quiet||F|||50|
|inactive|Battle timer is ON: inactive players will automatically lose when time's up. (requested by TestingTeam00)
|inactive|TestingTeam00 has 60 seconds left.
|inactive|rudy4242 has 60 seconds left.
|inactive|TestingTeam00 has 30 seconds left.
|inactive|rudy4242 has 30 seconds left.
|inactive|TestingTeam00 has 20 seconds left.
|inactive|TestingTeam00 has 15 seconds left.
|
|t:|1784321512
|teamsize|p1|4
|teamsize|p2|4
|start
|switch|p1a: Grimmsnarl|Grimmsnarl, L50, M|100/100
|switch|p1b: Farigiraf|Farigiraf, L50, F|100/100
|switch|p2a: Grimmsnarl|Grimmsnarl, L50, M|100/100
|switch|p2b: Primarina|Primarina, L50, F|100/100
|turn|1
|inactive|TestingTeam00 has 30 seconds left.
|inactive|rudy4242 has 30 seconds left.
|
|t:|1784321544
|switch|p2b: Camerupt|Camerupt, L50, F|100/100
|move|p1a: Grimmsnarl|Light Screen|p1a: Grimmsnarl
|-sidestart|p1: TestingTeam00|move: Light Screen
|move|p2a: Grimmsnarl|Reflect|p2a: Grimmsnarl
|-sidestart|p2: rudy4242|Reflect
|move|p1b: Farigiraf|Thunderbolt|p2b: Camerupt
|-immune|p2b: Camerupt
|
|upkeep
|turn|2
|inactive|TestingTeam00 has 30 seconds left.
|
|t:|1784321571
|detailschange|p2b: Camerupt|Camerupt-Mega, L50, F
|-mega|p2b: Camerupt|Camerupt|Cameruptite
|move|p2a: Grimmsnarl|Light Screen|p2a: Grimmsnarl
|-sidestart|p2: rudy4242|move: Light Screen
|move|p1b: Farigiraf|Psychic|p2b: Camerupt
|-crit|p2b: Camerupt
|-damage|p2b: Camerupt|46/100
|move|p1a: Grimmsnarl|Spirit Break|p2b: Camerupt
|-resisted|p2b: Camerupt|1
|-damage|p2b: Camerupt|36/100
|-unboost|p2b: Camerupt|spa|1
|move|p2b: Camerupt|Heat Wave|p1b: Farigiraf|[spread] p1b
|-miss|p2b: Camerupt|p1a: Grimmsnarl
|-damage|p1b: Farigiraf|76/100
|
|upkeep
|turn|3
|inactive|TestingTeam00 has 30 seconds left.
|c|☆rudy4242|well that sucked lol
|inactive|TestingTeam00 has 20 seconds left.
|inactive|TestingTeam00 has 15 seconds left.
|inactive|TestingTeam00 has 10 seconds left.
|
|t:|1784321620
|switch|p2b: Mr. Frog|Bellibolt, L50, F|100/100
|move|p1a: Grimmsnarl|Reflect|p1a: Grimmsnarl
|-sidestart|p1: TestingTeam00|Reflect
|move|p1b: Farigiraf|Psychic|p2b: Mr. Frog
|-damage|p2b: Mr. Frog|81/100
|-start|p2b: Mr. Frog|Charge|Psychic|[from] ability: Electromorphosis
|move|p2a: Grimmsnarl|Foul Play|p1b: Farigiraf
|-supereffective|p1b: Farigiraf|1
|-damage|p1b: Farigiraf|43/100
|-enditem|p1b: Farigiraf|Sitrus Berry|[eat]
|-heal|p1b: Farigiraf|68/100|[from] item: Sitrus Berry
|
|upkeep
|turn|4
|inactive|rudy4242 has 30 seconds left.
|inactive|TestingTeam00 has 30 seconds left.
|
|t:|1784321653
|switch|p1b: Garchomp|Garchomp, L50, M|100/100
|switch|p2a: Camerupt|Camerupt-Mega, L50, F|36/100
|move|p1a: Grimmsnarl|Spirit Break|p2a: Camerupt
|-resisted|p2a: Camerupt|1
|-damage|p2a: Camerupt|27/100
|-unboost|p2a: Camerupt|spa|1
|move|p2b: Mr. Frog|Parabolic Charge|p1b: Garchomp|[spread] p1a
|-immune|p2a: Camerupt
|-immune|p1b: Garchomp
|-damage|p1a: Grimmsnarl|72/100
|-heal|p2b: Mr. Frog|95/100|[from] drain|[of] p1a: Grimmsnarl
|-end|p2b: Mr. Frog|Charge|[silent]
|
|upkeep
|turn|5
|inactive|TestingTeam00 has 30 seconds left.
|inactive|rudy4242 has 30 seconds left.
|inactive|TestingTeam00 has 20 seconds left.
|inactive|TestingTeam00 has 15 seconds left.
|inactive|rudy4242 has 20 seconds left.
|inactive|TestingTeam00 has 10 seconds left.
|
|t:|1784321702
|switch|p2a: Grimmsnarl|Grimmsnarl, L50, M|100/100
|move|p2b: Mr. Frog|Protect|p2b: Mr. Frog
|-singleturn|p2b: Mr. Frog|Protect
|move|p1b: Garchomp|Stomping Tantrum|p2b: Mr. Frog
|-activate|p2b: Mr. Frog|move: Protect
|move|p1a: Grimmsnarl|Spirit Break|p2b: Mr. Frog
|-activate|p2b: Mr. Frog|move: Protect
|
|upkeep
|turn|6
|inactive|TestingTeam00 has 30 seconds left.
|inactive|TestingTeam00 has 20 seconds left.
|inactive|rudy4242 has 30 seconds left.
|
|t:|1784321742
|move|p2a: Grimmsnarl|Fake Out|p1b: Garchomp
|-damage|p1b: Garchomp|92/100
|-damage|p2a: Grimmsnarl|87/100|[from] ability: Rough Skin|[of] p1b: Garchomp
|cant|p1b: Garchomp|flinch
|move|p1a: Grimmsnarl|Spirit Break|p2a: Grimmsnarl
|-supereffective|p2a: Grimmsnarl|1
|-damage|p2a: Grimmsnarl|46/100
|-unboost|p2a: Grimmsnarl|spa|1
|move|p2b: Mr. Frog|Soak|p1b: Garchomp
|-start|p1b: Garchomp|typechange|Water
|
|upkeep
|turn|7
|inactive|TestingTeam00 has 30 seconds left.
|inactive|TestingTeam00 has 20 seconds left.
|inactive|TestingTeam00 has 15 seconds left.
|inactive|TestingTeam00 has 10 seconds left.
|
|t:|1784321791
|switch|p1b: Farigiraf|Farigiraf, L50, F|68/100
|switch|p2a: Camerupt|Camerupt-Mega, L50, F|27/100
|move|p1a: Grimmsnarl|Parting Shot|p2b: Mr. Frog
|-unboost|p2b: Mr. Frog|atk|1
|-unboost|p2b: Mr. Frog|spa|1
|
|t:|1784321799
|switch|p1a: Garchomp|Garchomp, L50, M|92/100|[from] Parting Shot
|move|p2b: Mr. Frog|Thunderbolt|p1b: Farigiraf
|-damage|p1b: Farigiraf|53/100
|-status|p1b: Farigiraf|par
|
|upkeep
|turn|8
|
|t:|1784321820
|switch|p2b: Grimmsnarl|Grimmsnarl, L50, M|46/100
|switch|p1b: Grimmsnarl|Grimmsnarl, L50, M|72/100
|move|p2a: Camerupt|Protect|p2a: Camerupt
|-singleturn|p2a: Camerupt|Protect
|move|p1a: Garchomp|Stomping Tantrum|p2a: Camerupt
|-activate|p2a: Camerupt|move: Protect
|
|-sideend|p2: rudy4242|Reflect
|-sideend|p1: TestingTeam00|move: Light Screen
|upkeep
|turn|9
|
|t:|1784321840
|switch|p1a: Farigiraf|Farigiraf, L50, F|53/100 par
|switch|p2a: Primarina|Primarina, L50, F|100/100
|move|p1b: Grimmsnarl|Light Screen|p1b: Grimmsnarl
|-sidestart|p1: TestingTeam00|move: Light Screen
|move|p2b: Grimmsnarl|Reflect|p2b: Grimmsnarl
|-sidestart|p2: rudy4242|Reflect
|
|-sideend|p2: rudy4242|move: Light Screen
|upkeep
|turn|10
|inactive|TestingTeam00 has 30 seconds left.
|
|t:|1784321871
|move|p2b: Grimmsnarl|Light Screen|p2b: Grimmsnarl
|-sidestart|p2: rudy4242|move: Light Screen
|move|p1b: Grimmsnarl|Spirit Break|p2a: Primarina
|-damage|p2a: Primarina|78/100
|-unboost|p2a: Primarina|spa|1
|move|p2a: Primarina|Calm Mind|p2a: Primarina
|-boost|p2a: Primarina|spa|1
|-boost|p2a: Primarina|spd|1
|move|p1a: Farigiraf|Thunderbolt|p2a: Primarina
|-supereffective|p2a: Primarina|1
|-damage|p2a: Primarina|60/100
|
|-heal|p2a: Primarina|66/100|[from] item: Leftovers
|-sideend|p1: TestingTeam00|Reflect
|upkeep
|turn|11
|
|t:|1784321894
|move|p2a: Primarina|Protect|p2a: Primarina
|-singleturn|p2a: Primarina|Protect
|move|p1b: Grimmsnarl|Spirit Break|p2a: Primarina
|-activate|p2a: Primarina|move: Protect
|move|p2b: Grimmsnarl|Foul Play|p1a: Farigiraf
|-supereffective|p1a: Farigiraf|1
|-damage|p1a: Farigiraf|0 fnt
|faint|p1a: Farigiraf
|
|-heal|p2a: Primarina|72/100|[from] item: Leftovers
|upkeep
|
|t:|1784321914
|switch|p1a: Staraptor|Staraptor, L50, M|100/100
|-ability|p1a: Staraptor|Intimidate|boost
|-unboost|p2a: Primarina|atk|1
|-unboost|p2b: Grimmsnarl|atk|1
|turn|12
|
|t:|1784321931
|switch|p2b: Camerupt|Camerupt-Mega, L50, F|27/100
|switch|p2a: Mr. Frog|Bellibolt, L50, F|95/100
|detailschange|p1a: Staraptor|Staraptor-Mega, L50, M
|-mega|p1a: Staraptor|Staraptor|Staraptite
|move|p1b: Grimmsnarl|Parting Shot|p2a: Mr. Frog
|-unboost|p2a: Mr. Frog|atk|1
|-unboost|p2a: Mr. Frog|spa|1
|
|t:|1784321939
|switch|p1b: Garchomp|Garchomp, L50, M|92/100|[from] Parting Shot
|move|p1a: Staraptor|Close Combat|p2b: Camerupt
|-damage|p2b: Camerupt|0 fnt
|-boost|p1a: Staraptor|def|1
|-boost|p1a: Staraptor|spd|1
|faint|p2b: Camerupt
|
|upkeep
|inactive|rudy4242 has 30 seconds left.
|
|t:|1784321968
|switch|p2b: Grimmsnarl|Grimmsnarl, L50, M|46/100
|turn|13
|inactive|TestingTeam00 has 30 seconds left.
|inactive|TestingTeam00 has 20 seconds left.
|inactive|TestingTeam00 has 15 seconds left.
|
|t:|1784321995
|move|p1a: Staraptor|Protect|p1a: Staraptor
|-singleturn|p1a: Staraptor|Protect
|move|p2b: Grimmsnarl|Fake Out|p1b: Garchomp
|-damage|p1b: Garchomp|81/100
|-damage|p2b: Grimmsnarl|33/100|[from] ability: Rough Skin|[of] p1b: Garchomp
|cant|p1b: Garchomp|flinch
|move|p2a: Mr. Frog|Soak|p1b: Garchomp
|-start|p1b: Garchomp|typechange|Water
|
|upkeep
|turn|14
|inactive|TestingTeam00 has 15 seconds left this turn.
|inactive|TestingTeam00 has 10 seconds left.
|inactiveoff|Battle timer is now OFF.
|
|t:|1784322012
|switch|p1b: Grimmsnarl|Grimmsnarl, L50, M|72/100
|move|p1a: Staraptor|Close Combat|p2b: Grimmsnarl
|-damage|p2b: Grimmsnarl|0 fnt
|-boost|p1a: Staraptor|def|1
|-boost|p1a: Staraptor|spd|1
|faint|p2b: Grimmsnarl
|move|p2a: Mr. Frog|Parabolic Charge|p1b: Grimmsnarl|[spread] p1a,p1b
|-supereffective|p1a: Staraptor|1
|-crit|p1a: Staraptor
|-damage|p1a: Staraptor|20/100y
|-heal|p2a: Mr. Frog|100/100|[from] drain|[of] p1a: Staraptor
|-damage|p1b: Grimmsnarl|63/100
|
|upkeep
|
|t:|1784322023
|switch|p2b: Primarina|Primarina, L50, F|72/100
|turn|15
|inactive|Battle timer is ON: inactive players will automatically lose when time's up. (requested by rudy4242)
|inactive|TestingTeam00 has 10 seconds left this turn.
|
|t:|1784322078
|move|p1a: Staraptor|Protect|p1a: Staraptor
|-singleturn|p1a: Staraptor|Protect
|move|p2b: Primarina|Protect|p2b: Primarina
|-singleturn|p2b: Primarina|Protect
|move|p1b: Grimmsnarl|Parting Shot|p2b: Primarina
|-activate|p2b: Primarina|move: Protect
|move|p2a: Mr. Frog|Thunderbolt|p1a: Staraptor
|-activate|p1a: Staraptor|move: Protect
|
|-heal|p2b: Primarina|78/100|[from] item: Leftovers
|upkeep
|turn|16
|inactive|TestingTeam00 has 10 seconds left this turn.
|inactive|TestingTeam00 has 5 seconds left.
|
|t:|1784322102
|switch|p1a: Garchomp|Garchomp, L50, M|81/100
|move|p1b: Grimmsnarl|Spirit Break|p2b: Primarina
|-damage|p2b: Primarina|55/100
|-unboost|p2b: Primarina|spa|1
|move|p2b: Primarina|Moonblast|p1a: Garchomp
|-supereffective|p1a: Garchomp|1
|-damage|p1a: Garchomp|37/100
|move|p2a: Mr. Frog|Thunderbolt|p1a: Garchomp
|-immune|p1a: Garchomp
|
|-heal|p2b: Primarina|61/100|[from] item: Leftovers
|-sideend|p2: rudy4242|Reflect
|-sideend|p1: TestingTeam00|move: Light Screen
|upkeep
|turn|17
|inactive|TestingTeam00 has 5 seconds left this turn.
|-message|TestingTeam00 lost due to inactivity.
|
|win|rudy4242
||TestingTeam00 is ready for game 2.
||rudy4242 is ready for game 2.
|uhtml|next|Next: Game 2 of 3
|l|☆TestingTeam00
|player|p1|
