|j|☆maxw21386
|j|☆ProtectThyKing34
|html|maxw21386ProtectThyKing34    
|uhtml|bestof|Game 3 of a best-of-3
|t:|1784764613
|gametype|doubles
|player|p1|maxw21386|102|1000
|player|p2|ProtectThyKing34|rocketgrunt|1114
|gen|9
|tier|[Gen 9 Champions] VGC 2026 Reg M-B (Bo3)
|rated|
|rule|Species Clause: Limit one of each Pokémon
|rule|Item Clause: Limit 1 of each item
|clearpoke
|poke|p1|Incineroar, L50, F|
|poke|p1|Sylveon, L50, F|
|poke|p1|Raichu, L50, M|
|poke|p1|Whimsicott, L50, M|
|poke|p1|Gengar, L50, M|
|poke|p1|Milotic, L50, F|
|poke|p2|Delphox, L50, M|
|poke|p2|Incineroar, L50, F|
|poke|p2|Sneasler, L50, M|
|poke|p2|Sinistcha, L50|
|poke|p2|Kingambit, L50, M|
|poke|p2|Blastoise, L50, M|
|teampreview|4
|showteam|p1|Incineroar||SitrusBerry|Intimidate|FakeOut,PartingShot,FlareBlitz|Serious||F|||50|]Sylveon||ChoiceScarf|Pixilate|HyperVoice,Protect,Yawn,HyperBeam|Timid||F|||50|]Raichu||RaichuniteY|LightningRod|ZapCannon,Protect,FakeOut,PlayRough|Serious||M|||50|]Whimsicott||FocusSash|Prankster|Moonblast,Encore,Tailwind,Taunt|Serious||M|||50|]Gengar||Gengarite|CursedBody|SludgeBomb,ShadowBall,Protect,PerishSong|Serious||M|||50|]Milotic|||Competitive|Scald,Protect,Coil,Hypnosis|Bold||F|||50|
|showteam|p2|Delphox||Delphoxite|Blaze|NastyPlot,Protect,Psyshock,HeatWave|Timid||M|||50|]Incineroar||SitrusBerry|Intimidate|FakeOut,PartingShot,FlareBlitz,DarkestLariat|Impish||F|||50|]Sneasler||FocusSash|PoisonTouch|GunkShot,FakeOut,CloseCombat,QuickGuard|Jolly||M|||50|]Sinistcha||OccaBerry|Hospitality|MatchaGotcha,RagePowder,TrickRoom,Protect|Calm|||||50|]Kingambit||BlackGlasses|Defiant|SuckerPunch,KowtowCleave,LowKick,Protect|Adamant||M|||50|]Blastoise||Blastoisinite|RainDish|ShellSmash,WaterSpout,DarkPulse,Protect|Timid||M|||50|
|inactive|Battle timer is ON: inactive players will automatically lose when time's up. (requested by ProtectThyKing34)
|
|t:|1784764645
|teamsize|p1|4
|teamsize|p2|4
|start
|switch|p1a: Whimsicott|Whimsicott, L50, M|100/100
|switch|p1b: Incineroar|Incineroar, L50, F|100/100
|switch|p2a: Sneasler|Sneasler, L50, M|100/100
|switch|p2b: Kingambit|Kingambit, L50, M|100/100
|-ability|p1b: Incineroar|Intimidate|boost
|-unboost|p2a: Sneasler|atk|1
|-unboost|p2b: Kingambit|atk|1
|-ability|p2b: Kingambit|Defiant|boost
|-boost|p2b: Kingambit|atk|2
|turn|1
|
|t:|1784764661
|move|p1b: Incineroar|Fake Out|p2b: Kingambit
|-resisted|p2b: Kingambit|1
|-damage|p2b: Kingambit|96/100
|move|p1a: Whimsicott|Tailwind|p1a: Whimsicott
|-sidestart|p1: maxw21386|move: Tailwind
|move|p2a: Sneasler|Gunk Shot|p1a: Whimsicott|[miss]
|-miss|p2a: Sneasler|p1a: Whimsicott
|cant|p2b: Kingambit|flinch
|
|upkeep
|turn|2
|
|t:|1784764685
|switch|p2b: Delphox|Delphox, L50, M|100/100
|move|p1a: Whimsicott|Moonblast|p2a: Sneasler
|-damage|p2a: Sneasler|63/100
|move|p2a: Sneasler|Close Combat|p1b: Incineroar
|-supereffective|p1b: Incineroar|1
|-damage|p1b: Incineroar|33/100
|-unboost|p2a: Sneasler|def|1
|-unboost|p2a: Sneasler|spd|1
|-enditem|p1b: Incineroar|Sitrus Berry|[eat]
|-heal|p1b: Incineroar|58/100|[from] item: Sitrus Berry
|move|p1b: Incineroar|Parting Shot|p2a: Sneasler
|-unboost|p2a: Sneasler|atk|1
|-unboost|p2a: Sneasler|spa|1
|
|t:|1784764704
|switch|p1b: Sylveon|Sylveon, L50, F|100/100|[from] Parting Shot
|
|upkeep
|turn|3
|
|t:|1784764719
|switch|p2a: Sinistcha|Sinistcha, L50|100/100
|switch|p2b: Kingambit|Kingambit, L50, M|96/100
|move|p1b: Sylveon|Hyper Voice|p2a: Sinistcha|[spread] p2a,p2b
|-damage|p2a: Sinistcha|65/100
|-damage|p2b: Kingambit|60/100
|move|p1a: Whimsicott|Moonblast|p2a: Sinistcha
|-damage|p2a: Sinistcha|41/100
|
|upkeep
|turn|4
|inactive|maxw21386 has 30 seconds left.
|
|t:|1784764745
|move|p1a: Whimsicott|Taunt|p2a: Sinistcha
|-start|p2a: Sinistcha|move: Taunt
|move|p1b: Sylveon|Hyper Voice|p2b: Kingambit|[spread] p2a,p2b
|-damage|p2a: Sinistcha|7/100
|-damage|p2b: Kingambit|20/100y
|move|p2a: Sinistcha|Matcha Gotcha|p1a: Whimsicott|[spread] p1a,p1b
|-resisted|p1a: Whimsicott|1
|-damage|p1a: Whimsicott|83/100
|-heal|p2a: Sinistcha|15/100|[from] drain|[of] p1a: Whimsicott
|-damage|p1b: Sylveon|80/100
|-heal|p2a: Sinistcha|25/100|[from] drain|[of] p1b: Sylveon
|move|p2b: Kingambit|Kowtow Cleave|p1b: Sylveon
|-resisted|p1b: Sylveon|1
|-damage|p1b: Sylveon|38/100
|
|-sideend|p1: maxw21386|move: Tailwind
|upkeep
|turn|5
|
|t:|1784764767
|move|p1a: Whimsicott|Tailwind|p1a: Whimsicott
|-sidestart|p1: maxw21386|move: Tailwind
|move|p2b: Kingambit|Sucker Punch|p1b: Sylveon
|-resisted|p1b: Sylveon|1
|-damage|p1b: Sylveon|1/100
|move|p1b: Sylveon|Hyper Voice|p2a: Sinistcha|[spread] p2a,p2b
|-damage|p2a: Sinistcha|0 fnt
|-damage|p2b: Kingambit|0 fnt
|faint|p2a: Sinistcha
|faint|p2b: Kingambit
|
|upkeep
|
|t:|1784764772
|switch|p2a: Sneasler|Sneasler, L50, M|63/100
|switch|p2b: Delphox|Delphox, L50, M|100/100
|turn|6
|
|t:|1784764788
|switch|p1b: Gengar|Gengar, L50, M|100/100
|detailschange|p2b: Delphox|Delphox-Mega, L50, M
|-mega|p2b: Delphox|Delphox|Delphoxite
|move|p1a: Whimsicott|Moonblast|p2a: Sneasler
|-damage|p2a: Sneasler|28/100
|move|p2b: Delphox|Heat Wave|p1a: Whimsicott|[spread] p1a,p1b
|-supereffective|p1a: Whimsicott|1
|-damage|p1a: Whimsicott|0 fnt
|-damage|p1b: Gengar|31/100
|-start|p2b: Delphox|Disable|Heat Wave|[from] ability: Cursed Body|[of] p1b: Gengar
|faint|p1a: Whimsicott
|move|p2a: Sneasler|Gunk Shot|p1b: Gengar
|-resisted|p1b: Gengar|2
|-damage|p1b: Gengar|3/100
|
|upkeep
|
|t:|1784764803
|switch|p1a: Sylveon|Sylveon, L50, F|1/100
|turn|7
|inactive|maxw21386 has 30 seconds left.
|
|t:|1784764828
|move|p1a: Sylveon|Hyper Voice|p2b: Delphox|[spread] p2a,p2b
|-resisted|p2b: Delphox|1
|-damage|p2a: Sneasler|0 fnt
|-damage|p2b: Delphox|80/100
|faint|p2a: Sneasler
|move|p1b: Gengar|Shadow Ball|p2b: Delphox
|-supereffective|p2b: Delphox|1
|-damage|p2b: Delphox|5/100
|move|p2b: Delphox|Psyshock|p1b: Gengar
|-supereffective|p1b: Gengar|1
|-damage|p1b: Gengar|0 fnt
|faint|p1b: Gengar
|
|upkeep
|
|t:|1784764838
|switch|p1b: Incineroar|Incineroar, L50, F|58/100
|-ability|p1b: Incineroar|Intimidate|boost
|-unboost|p2b: Delphox|atk|1
|turn|8
|
|t:|1784764846
|move|p2b: Delphox|Protect|p2b: Delphox
|-singleturn|p2b: Delphox|Protect
|move|p1b: Incineroar|Fake Out|p2b: Delphox
|-activate|p2b: Delphox|move: Protect
|move|p1a: Sylveon|Hyper Voice|p2b: Delphox
|-activate|p2b: Delphox|move: Protect
|
|-sideend|p1: maxw21386|move: Tailwind
|upkeep
|turn|9
|
|t:|1784764856
|move|p2b: Delphox|Protect||[still]
|-fail|p2b: Delphox
|move|p1a: Sylveon|Hyper Voice|p2b: Delphox
|-resisted|p2b: Delphox|1
|-damage|p2b: Delphox|0 fnt
|faint|p2b: Delphox
|
|win|maxw21386
|raw|maxw21386's rating: 1000 → 1053(+53 for winning)
|raw|ProtectThyKing34's rating: 1114 → 1081(-33 for losing)
|c|☆ProtectThyKing34|gg
|c|☆maxw21386|gg
