|j|☆PTP_VGC
|j|☆Gottkomplexe
|html|PTP_VGCGottkomplexe    
|uhtml|bestof|Game 3 of a best-of-3
|t:|1754952106
|gametype|doubles
|player|p1|PTP_VGC|102|1368
|player|p2|Gottkomplexe|ilima|1294
|gen|9
|tier|[Gen 9] VGC 2025 Reg H (Bo3)
|rated|
|rule|Species Clause: Limit one of each Pokémon
|rule|Item Clause: Limit 1 of each item
|clearpoke
|poke|p1|Arcanine-Hisui, L50, F|
|poke|p1|Weezing, L50, F|
|poke|p1|Porygon2, L50|
|poke|p1|Weavile, L50, F|
|poke|p1|Pawmot, L50, M|
|poke|p1|Toedscruel, L50, M|
|poke|p2|Ursaluna-Bloodmoon, L50, M|
|poke|p2|Torkoal, L50, M|
|poke|p2|Hatterene, L50, F|
|poke|p2|Indeedee-F, L50, F|
|poke|p2|Lilligant-Hisui, L50, F|
|poke|p2|Porygon2, L50|
|teampreview|4
|showteam|p1|Arcanine-Hisui||AbilityShield|Intimidate|FlareBlitz,RockSlide,ExtremeSpeed,Protect|||F|||50|,,,,,Ghost]Weezing||SitrusBerry|NeutralizingGas|SludgeBomb,WillOWisp,Taunt,Protect|||F|||50|,,,,,Grass]Porygon2||Eviolite|Download|TeraBlast,IceBeam,Recover,TrickRoom||||||50|,,,,,Water]Weavile||WideLens|Pressure|KnockOff,TripleAxel,FakeOut,Protect|||F|||50|,,,,,Stellar]Pawmot||FocusSash|NaturalCure|DoubleShock,CloseCombat,RevivalBlessing,Protect|||M|||50|,,,,,Stellar]Toedscruel||LifeOrb|MyceliumMight|EarthPower,EnergyBall,Spore,RagePowder|||M|||50|,,,,,Water
|showteam|p2|Ursaluna-Bloodmoon||LifeOrb|MindsEye|HyperVoice,BloodMoon,EarthPower,Protect|||M|||50|,,,,,Normal]Torkoal||Charcoal|Drought|HeatWave,Eruption,EarthPower,Protect|||M|||50|,,,,,Fire]Hatterene||TwistedSpoon|MagicBounce|DazzlingGleam,ExpandingForce,Protect,TrickRoom|||F|||50|,,,,,Steel]Indeedee-F||PsychicSeed|PsychicSurge|TeraBlast,FollowMe,HelpingHand,TrickRoom|||F|||50|,,,,,Fighting]Lilligant-Hisui||CovertCloak|Chlorophyll|AfterYou,TripleAxel,CloseCombat,SolarBlade|||F|||50|,,,,,Fighting]Porygon2||Eviolite|Download|TeraBlast,IceBeam,Recover,TrickRoom||||||50|,,,,,Fighting
|inactive|Battle timer is ON: inactive players will automatically lose when time's up. (requested by Gottkomplexe)
|inactive|Gottkomplexe has 60 seconds left.
|inactive|Gottkomplexe has 30 seconds left.
|inactive|Gottkomplexe has 20 seconds left.
|
|t:|1754952180
|teamsize|p1|4
|teamsize|p2|4
|start
|switch|p1a: Speedwalker|Weavile, L50, F|100/100
|switch|p1b: Adr. & Adr.|Weezing, L50, F|100/100
|switch|p2a: Indeedee|Indeedee-F, L50, F|100/100
|switch|p2b: Hatterene|Hatterene, L50, F|100/100
|-ability|p1b: Adr. & Adr.|Neutralizing Gas
|turn|1
|inactive|PTP_VGC has 30 seconds left.
|inactive|PTP_VGC has 20 seconds left.
|
|t:|1754952220
|switch|p2a: Ursaluna|Ursaluna-Bloodmoon, L50, M|100/100
|move|p2b: Hatterene|Protect|p2b: Hatterene
|-singleturn|p2b: Hatterene|Protect
|move|p1a: Speedwalker|Fake Out|p2b: Hatterene
|-activate|p2b: Hatterene|move: Protect
|move|p1b: Adr. & Adr.|Taunt|p2a: Ursaluna
|-start|p2a: Ursaluna|move: Taunt
|
|upkeep
|turn|2
|inactive|Gottkomplexe has 30 seconds left.
|
|t:|1754952249
|switch|p2a: Torkoal|Torkoal, L50, M|100/100
|-terastallize|p1b: Adr. & Adr.|Grass
|-terastallize|p2b: Hatterene|Steel
|move|p1a: Speedwalker|Knock Off|p2a: Torkoal
|-damage|p2a: Torkoal|64/100
|-enditem|p2a: Torkoal|Charcoal|[from] move: Knock Off|[of] p1a: Speedwalker
|move|p1b: Adr. & Adr.|Taunt|p2b: Hatterene
|-start|p2b: Hatterene|move: Taunt
|cant|p2b: Hatterene|move: Taunt|Trick Room
|
|upkeep
|turn|3
|inactive|PTP_VGC has 30 seconds left.
|
|t:|1754952280
|move|p2a: Torkoal|Protect|p2a: Torkoal
|-singleturn|p2a: Torkoal|Protect
|move|p1a: Speedwalker|Knock Off|p2a: Torkoal
|-activate|p2a: Torkoal|move: Protect
|move|p1b: Adr. & Adr.|Sludge Bomb|p2a: Torkoal
|-activate|p2a: Torkoal|move: Protect
|move|p2b: Hatterene|Dazzling Gleam|p1a: Speedwalker|[spread] p1a,p1b
|-supereffective|p1a: Speedwalker
|-damage|p1a: Speedwalker|9/100
|-damage|p1b: Adr. & Adr.|62/100
|
|upkeep
|turn|4
|
|t:|1754952298
|move|p1a: Speedwalker|Knock Off|p2a: Torkoal
|-damage|p2a: Torkoal|42/100
|move|p1b: Adr. & Adr.|Sludge Bomb|p2a: Torkoal
|-damage|p2a: Torkoal|2/100
|-status|p2a: Torkoal|psn
|move|p2b: Hatterene|Dazzling Gleam|p1a: Speedwalker|[spread] p1a,p1b
|-supereffective|p1a: Speedwalker
|-damage|p1a: Speedwalker|0 fnt
|-damage|p1b: Adr. & Adr.|28/100
|-enditem|p1b: Adr. & Adr.|Sitrus Berry|[eat]
|-heal|p1b: Adr. & Adr.|53/100|[from] item: Sitrus Berry
|faint|p1a: Speedwalker
|move|p2a: Torkoal|Heat Wave|p1b: Adr. & Adr.|[miss]
|-miss|p2a: Torkoal|p1b: Adr. & Adr.
|
|-damage|p2a: Torkoal|0 fnt|[from] psn
|faint|p2a: Torkoal
|-end|p2b: Hatterene|move: Taunt
|upkeep
|
|t:|1754952315
|switch|p1a: Back Pocket|Pawmot, L50, M|100/100
|switch|p2a: Indeedee|Indeedee-F, L50, F|100/100
|turn|5
|
|t:|1754952333
|move|p2a: Indeedee|Follow Me|p2a: Indeedee
|-singleturn|p2a: Indeedee|move: Follow Me
|move|p1a: Back Pocket|Revival Blessing|p1a: Back Pocket
|
|t:|1754952336
|-heal|p1: Speedwalker|50/100|[from] move: Revival Blessing
|move|p1b: Adr. & Adr.|Taunt|p2a: Indeedee
|-start|p2a: Indeedee|move: Taunt
|move|p2b: Hatterene|Trick Room|p2b: Hatterene
|-fieldstart|move: Trick Room|[of] p2b: Hatterene
|
|upkeep
|turn|6
|
|t:|1754952348
|switch|p1a: Funky Duck|Porygon2, L50|100/100
|move|p1b: Adr. & Adr.|Protect|p1b: Adr. & Adr.
|-singleturn|p1b: Adr. & Adr.|Protect
|move|p2b: Hatterene|Dazzling Gleam|p1b: Adr. & Adr.|[spread] p1a
|-activate|p1b: Adr. & Adr.|move: Protect
|-damage|p1a: Funky Duck|78/100
|move|p2a: Indeedee|Tera Blast|p1a: Funky Duck
|-damage|p1a: Funky Duck|61/100
|
|upkeep
|turn|7
|
|t:|1754952360
|switch|p2a: Ursaluna|Ursaluna-Bloodmoon, L50, M|100/100
|move|p2b: Hatterene|Dazzling Gleam|p1b: Adr. & Adr.|[spread] p1a,p1b
|-damage|p1a: Funky Duck|39/100
|-damage|p1b: Adr. & Adr.|14/100
|move|p1a: Funky Duck|Recover|p1a: Funky Duck
|-heal|p1a: Funky Duck|89/100
|move|p1b: Adr. & Adr.|Sludge Bomb|p2a: Ursaluna
|-resisted|p2a: Ursaluna
|-damage|p2a: Ursaluna|86/100
|
|upkeep
|turn|8
|
|t:|1754952375
|move|p1b: Adr. & Adr.|Protect|p1b: Adr. & Adr.
|-singleturn|p1b: Adr. & Adr.|Protect
|move|p2b: Hatterene|Expanding Force|p1a: Funky Duck
|-damage|p1a: Funky Duck|55/100
|move|p2a: Ursaluna|Blood Moon|p1a: Funky Duck
|-damage|p1a: Funky Duck|0 fnt
|faint|p1a: Funky Duck
|-damage|p2a: Ursaluna|77/100|[from] item: Life Orb
|
|upkeep
|
|t:|1754952392
|switch|p1a: Back Pocket|Pawmot, L50, M|100/100
|turn|9
|inactive|PTP_VGC has 30 seconds left.
|
|t:|1754952423
|-end|p1b: Adr. & Adr.|ability: Neutralizing Gas
|switch|p1b: Speedwalker|Weavile, L50, F|50/100
|-ability|p1b: Speedwalker|Pressure
|move|p1a: Back Pocket|Protect|p1a: Back Pocket
|-singleturn|p1a: Back Pocket|Protect
|move|p2b: Hatterene|Dazzling Gleam|p1a: Back Pocket|[spread] p1b
|-activate|p1a: Back Pocket|move: Protect
|-supereffective|p1b: Speedwalker
|-damage|p1b: Speedwalker|0 fnt
|faint|p1b: Speedwalker
|move|p2a: Ursaluna|Hyper Voice|p1a: Back Pocket
|-activate|p1a: Back Pocket|move: Protect
|
|-fieldend|move: Trick Room
|upkeep
|
|t:|1754952425
|switch|p1b: Adr. & Adr.|Weezing, L50, F, tera:Grass|14/100
|-ability|p1b: Adr. & Adr.|Neutralizing Gas
|turn|10
|
|t:|1754952443
|switch|p2a: Indeedee|Indeedee-F, L50, F|100/100
|move|p1a: Back Pocket|Close Combat|p2a: Indeedee
|-crit|p2a: Indeedee
|-damage|p2a: Indeedee|24/100
|-unboost|p1a: Back Pocket|def|1
|-unboost|p1a: Back Pocket|spd|1
|move|p1b: Adr. & Adr.|Taunt|p2b: Hatterene
|-start|p2b: Hatterene|move: Taunt
|cant|p2b: Hatterene|move: Taunt|Trick Room
|
|upkeep
|turn|11
|
|t:|1754952460
|move|p1a: Back Pocket|Protect|p1a: Back Pocket
|-singleturn|p1a: Back Pocket|Protect
|move|p2a: Indeedee|Follow Me|p2a: Indeedee
|-singleturn|p2a: Indeedee|move: Follow Me
|move|p1b: Adr. & Adr.|Sludge Bomb|p2a: Indeedee
|-damage|p2a: Indeedee|0 fnt
|faint|p2a: Indeedee
|move|p2b: Hatterene|Dazzling Gleam|p1b: Adr. & Adr.|[spread] p1b
|-activate|p1a: Back Pocket|move: Protect
|-damage|p1b: Adr. & Adr.|0 fnt
|faint|p1b: Adr. & Adr.
|-end|p1b: Adr. & Adr.|ability: Neutralizing Gas
|
|upkeep
|
|t:|1754952467
|switch|p2a: Ursaluna|Ursaluna-Bloodmoon, L50, M|77/100
|turn|12
|
|t:|1754952477
|move|p1a: Back Pocket|Close Combat|p2b: Hatterene
|-supereffective|p2b: Hatterene
|-damage|p2b: Hatterene|0 fnt
|-unboost|p1a: Back Pocket|def|1
|-unboost|p1a: Back Pocket|spd|1
|faint|p2b: Hatterene
|move|p2a: Ursaluna|Earth Power|p1a: Back Pocket
|-supereffective|p1a: Back Pocket
|-enditem|p1a: Back Pocket|Focus Sash
|-damage|p1a: Back Pocket|1/100
|-damage|p2a: Ursaluna|67/100|[from] item: Life Orb
|
|upkeep
|turn|13
|
|t:|1754952481
|move|p1a: Back Pocket|Close Combat|p2a: Ursaluna
|-supereffective|p2a: Ursaluna
|-crit|p2a: Ursaluna
|-damage|p2a: Ursaluna|0 fnt
|-unboost|p1a: Back Pocket|def|1
|-unboost|p1a: Back Pocket|spd|1
|faint|p2a: Ursaluna
|
|win|PTP_VGC
|raw|PTP_VGC's rating: 1368 → 1384(+16 for winning)
|raw|Gottkomplexe's rating: 1294 → 1274(-20 for losing)
|l|☆Gottkomplexe
|player|p2|
