|j|☆bdogplatinum
|j|☆salmoncashew
|html|bdogplatinumsalmoncashew    
|uhtml|bestof|Game 1 of a best-of-3
|t:|1783724659
|gametype|doubles
|player|p1|bdogplatinum|lucas|1175
|player|p2|salmoncashew|caitlin|1179
|gen|9
|tier|[Gen 9 Champions] VGC 2026 Reg M-B (Bo3)
|rated|
|rule|Species Clause: Limit one of each Pokémon
|rule|Item Clause: Limit 1 of each item
|clearpoke
|poke|p1|Blaziken, L50, F|
|poke|p1|Kingambit, L50, F|
|poke|p1|Whimsicott, L50, F|
|poke|p1|Farigiraf, L50, F|
|poke|p1|Blastoise, L50, M|
|poke|p1|Clefable, L50, M|
|poke|p2|Whimsicott, L50, F|
|poke|p2|Sneasler, L50, M|
|poke|p2|Basculegion, L50, M|
|poke|p2|Incineroar, L50, M, shiny|
|poke|p2|Pyroar, L50, F, shiny|
|poke|p2|Garchomp, L50, M|
|teampreview|4
|showteam|p1|Blaziken||Blazikenite|SpeedBoost|Protect,SwordsDance,FlareBlitz,CloseCombat|Adamant||F|||50|]Kingambit||FocusSash|Defiant|SuckerPunch,KowtowCleave,IronHead,Protect|Adamant||F|||50|]Whimsicott||LifeOrb|Prankster|Protect,Tailwind,GrassKnot,Moonblast|Timid||F|||50|]Farigiraf||ColburBerry|ArmorTail|TrickRoom,RainDance,Psyshock,Thunderbolt|Modest||F|||50|]Blastoise||Blastoisinite|Torrent|FakeOut,WaterSpout,AuraSphere,DarkPulse|Modest||M|||50|]Clefable||SitrusBerry|Unaware|Protect,FollowMe,LifeDew,Moonblast|Calm||M|||50|
|showteam|p2|Whimsicott||FocusSash|Prankster|Protect,Tailwind,SunnyDay,Moonblast|Timid||F|||50|]Sneasler||WhiteHerb|Unburden|Protect,CloseCombat,ThroatChop,GunkShot|Adamant||M|||50|]Basculegion||ChoiceScarf|Adaptability|LastRespects,FlipTurn,WaveCrash,AquaJet|Jolly||M|||50|]Incineroar||SitrusBerry|Intimidate|FakeOut,PartingShot,ThroatChop,FlareBlitz|Adamant||M|||50|]Pyroar||Pyroarite|Unnerve|Protect,HeatWave,Overheat,SolarBeam|Timid||F|||50|]Garchomp||LifeOrb|RoughSkin|Earthquake,DragonClaw,StompingTantrum,Protect|Adamant||M|||50|
|inactive|Battle timer is ON: inactive players will automatically lose when time's up. (requested by salmoncashew)
|inactive|salmoncashew has 60 seconds left.
|
|t:|1783724703
|teamsize|p1|4
|teamsize|p2|4
|start
|switch|p1a: Blastoise|Blastoise, L50, M|100/100
|switch|p1b: Farigiraf|Farigiraf, L50, F|100/100
|switch|p2a: Garchomp|Garchomp, L50, M|100/100
|switch|p2b: Sneasler|Sneasler, L50, M|100/100
|turn|1
|
|t:|1783724713
|detailschange|p1a: Blastoise|Blastoise-Mega, L50, M
|-mega|p1a: Blastoise|Blastoise|Blastoisinite
|move|p1a: Blastoise|Fake Out|p2a: Garchomp
|-damage|p2a: Garchomp|91/100
|-damage|p1a: Blastoise|87/100|[from] ability: Rough Skin|[of] p2a: Garchomp
|move|p2b: Sneasler|Gunk Shot|p1a: Blastoise
|-damage|p1a: Blastoise|29/100
|-status|p1a: Blastoise|psn
|cant|p2a: Garchomp|flinch
|move|p1b: Farigiraf|Trick Room|p1b: Farigiraf
|-fieldstart|move: Trick Room|[of] p1b: Farigiraf
|
|-damage|p1a: Blastoise|16/100 psn|[from] psn
|upkeep
|turn|2
|
|t:|1783724727
|move|p2b: Sneasler|Protect|p2b: Sneasler
|-singleturn|p2b: Sneasler|Protect
|move|p1b: Farigiraf|Psyshock|p2b: Sneasler
|-activate|p2b: Sneasler|move: Protect
|move|p1a: Blastoise|Dark Pulse|p2a: Garchomp
|-damage|p2a: Garchomp|37/100
|cant|p2a: Garchomp|flinch
|
|-damage|p1a: Blastoise|4/100 psn|[from] psn
|upkeep
|turn|3
|
|t:|1783724740
|switch|p2b: Incineroar|Incineroar, L50, M, shiny|100/100
|-ability|p2b: Incineroar|Intimidate|boost
|-unboost|p1a: Blastoise|atk|1
|-unboost|p1b: Farigiraf|atk|1
|move|p2a: Garchomp|Protect|p2a: Garchomp
|-singleturn|p2a: Garchomp|Protect
|move|p1b: Farigiraf|Psyshock|p2b: Incineroar
|-immune|p2b: Incineroar
|move|p1a: Blastoise|Aura Sphere|p2b: Incineroar
|-supereffective|p2b: Incineroar|1
|-damage|p2b: Incineroar|2/100
|-enditem|p2b: Incineroar|Sitrus Berry|[eat]
|-heal|p2b: Incineroar|27/100|[from] item: Sitrus Berry
|
|-damage|p1a: Blastoise|0 fnt|[from] psn
|faint|p1a: Blastoise
|upkeep
|
|t:|1783724757
|switch|p1a: Kingambit|Kingambit, L50, F|100/100
|turn|4
|
|t:|1783724778
|move|p1a: Kingambit|Kowtow Cleave|p2a: Garchomp
|-damage|p2a: Garchomp|0 fnt
|-damage|p1a: Kingambit|87/100|[from] ability: Rough Skin|[of] p2a: Garchomp
|faint|p2a: Garchomp
|move|p1b: Farigiraf|Thunderbolt|p2b: Incineroar
|-damage|p2b: Incineroar|1/100
|-status|p2b: Incineroar|par
|move|p2b: Incineroar|Flare Blitz|p1a: Kingambit
|-supereffective|p1a: Kingambit|1
|-damage|p1a: Kingambit|0 fnt
|faint|p1a: Kingambit
|-damage|p2b: Incineroar|0 fnt|[from] Recoil
|faint|p2b: Incineroar
|
|upkeep
|
|t:|1783724789
|switch|p1a: Clefable|Clefable, L50, M|100/100
|switch|p2b: Pyroar|Pyroar, L50, F, shiny|100/100
|switch|p2a: Sneasler|Sneasler, L50, M|100/100
|-ability|p2b: Pyroar|Unnerve
|turn|5
|
|t:|1783724808
|detailschange|p2b: Pyroar|Pyroar-Mega, L50, F, shiny
|-mega|p2b: Pyroar|Pyroar|Pyroarite
|move|p2a: Sneasler|Protect|p2a: Sneasler
|-singleturn|p2a: Sneasler|Protect
|move|p1b: Farigiraf|Rain Dance|p1b: Farigiraf
|-weather|RainDance
|move|p1a: Clefable|Moonblast|p2b: Pyroar
|-resisted|p2b: Pyroar|1
|-damage|p2b: Pyroar|82/100
|-unboost|p2b: Pyroar|spa|1
|move|p2b: Pyroar|Heat Wave|p1b: Farigiraf|[spread] p1a,p1b
|-damage|p1a: Clefable|80/100
|-damage|p1b: Farigiraf|85/100
|-status|p1b: Farigiraf|brn
|
|-weather|RainDance|[upkeep]
|-damage|p1b: Farigiraf|78/100 brn|[from] brn
|-fieldend|move: Trick Room
|upkeep
|turn|6
|
|t:|1783724823
|move|p1a: Clefable|Protect|p1a: Clefable
|-singleturn|p1a: Clefable|Protect
|move|p2b: Pyroar|Heat Wave|p1a: Clefable|[spread] p1b
|-activate|p1a: Clefable|move: Protect
|-damage|p1b: Farigiraf|62/100 brn
|move|p2a: Sneasler|Gunk Shot|p1b: Farigiraf
|-damage|p1b: Farigiraf|2/100 brn
|move|p1b: Farigiraf|Psyshock|p2a: Sneasler
|-supereffective|p2a: Sneasler|2
|-damage|p2a: Sneasler|0 fnt
|faint|p2a: Sneasler
|
|-weather|RainDance|[upkeep]
|-damage|p1b: Farigiraf|0 fnt|[from] brn
|faint|p1b: Farigiraf
|upkeep
|turn|7
|
|t:|1783724833
|move|p2b: Pyroar|Overheat|p1a: Clefable
|-damage|p1a: Clefable|41/100
|-unboost|p2b: Pyroar|spa|2
|-enditem|p1a: Clefable|Sitrus Berry|[eat]
|-heal|p1a: Clefable|66/100|[from] item: Sitrus Berry
|move|p1a: Clefable|Moonblast|p2b: Pyroar
|-resisted|p2b: Pyroar|1
|-damage|p2b: Pyroar|64/100
|-unboost|p2b: Pyroar|spa|1
|
|-weather|RainDance|[upkeep]
|upkeep
|turn|8
|
|t:|1783724837
|move|p2b: Pyroar|Overheat|p1a: Clefable
|-damage|p1a: Clefable|26/100
|-unboost|p2b: Pyroar|spa|2
|move|p1a: Clefable|Moonblast|p2b: Pyroar
|-resisted|p2b: Pyroar|1
|-damage|p2b: Pyroar|45/100
|
|-weather|RainDance|[upkeep]
|upkeep
|turn|9
|
|t:|1783724842
|move|p2b: Pyroar|Overheat|p1a: Clefable
|-damage|p1a: Clefable|0 fnt
|faint|p1a: Clefable
|
|win|salmoncashew
||bdogplatinum is ready for game 2.
