|j|Ōśåzesarbluee
|j|Ōśåpoodle sundae
|html|zesarblueepoodle sundae    
|uhtml|bestof|Game 2 of a best-of-3
|t:|1782317914
|gametype|doubles
|player|p1|zesarbluee|hiker-gen4|1194
|player|p2|poodle sundae|2|1197
|gen|9
|tier|[Gen 9 Champions] VGC 2026 Reg M-B (Bo3)
|rated|
|rule|Species Clause: Limit one of each Pok├®mon
|rule|Item Clause: Limit 1 of each item
|clearpoke
|poke|p1|Charizard, L50, M|
|poke|p1|Garchomp, L50, M|
|poke|p1|Farigiraf, L50, M, shiny|
|poke|p1|Aerodactyl, L50, M|
|poke|p1|Kingambit, L50, F|
|poke|p1|Sylveon, L50, M|
|poke|p2|Metagross, L50|
|poke|p2|Hydreigon, L50, F|
|poke|p2|Venusaur, L50, M|
|poke|p2|Milotic, L50, F|
|poke|p2|Garchomp, L50, M|
|poke|p2|Ceruledge, L50, F|
|teampreview|4
|showteam|p1|Charizard||CharizarditeY|Blaze|Protect,HeatWave,SolarBeam,WeatherBall|Modest||M|||50|]Garchomp||LifeOrb|RoughSkin|Protect,DragonClaw,Earthquake,StompingTantrum|Adamant||M|||50|]Farigiraf||SitrusBerry|ArmorTail|Thunderbolt,Roar,TrickRoom,Psychic|Modest||M|||50|]Aerodactyl||Aerodactylite|Unnerve|Tailwind,RockSlide,DualWingbeat,IceFang|Jolly||M|||50|]Kingambit||FocusSash|Defiant|SuckerPunch,KowtowCleave,IronHead,LowKick|Adamant||F|||50|]Sylveon||FairyFeather|Pixilate|Detect,QuickAttack,HyperBeam,HyperVoice|Modest||M|||50|
|showteam|p2|Metagross||Metagrossite|ClearBody|IronHead,PsychicFangs,BodyPress,Protect|Jolly|||||50|]Hydreigon||ChoiceScarf|Levitate|DarkPulse,DracoMeteor,Snarl,HeatWave|Modest||F|||50|]Venusaur||Venusaurite|Chlorophyll|GigaDrain,SludgeBomb,EarthPower,Protect|Modest||M|||50|]Milotic||Leftovers|Competitive|MuddyWater,Coil,Hypnosis,Protect|Calm||F|||50|]Garchomp||LifeOrb|RoughSkin|DragonClaw,Earthquake,RockSlide,Protect|Jolly||M|||50|]Ceruledge||ColburBerry|FlashFire|BitterBlade,ShadowSneak,BulkUp,Protect|Adamant||F|||50|
|inactive|Battle timer is ON: inactive players will automatically lose when time's up. (requested by zesarbluee)
|inactive|zesarbluee has 60 seconds left.
|
|t:|1782317950
|teamsize|p1|4
|teamsize|p2|4
|start
|switch|p1a: Farigiraf|Farigiraf, L50, M, shiny|100/100
|switch|p1b: Sylveon|Sylveon, L50, M|100/100
|switch|p2a: Hydreigon|Hydreigon, L50, F|100/100
|switch|p2b: Milotic|Milotic, L50, F|100/100
|turn|1
|
|t:|1782317962
|switch|p2a: Ceruledge|Ceruledge, L50, F|100/100
|move|p2b: Milotic|Coil|p2b: Milotic
|-boost|p2b: Milotic|atk|1
|-boost|p2b: Milotic|def|1
|-boost|p2b: Milotic|accuracy|1
|move|p1b: Sylveon|Hyper Voice|p2b: Milotic|[spread] p2a,p2b
|-resisted|p2a: Ceruledge|1
|-damage|p2a: Ceruledge|75/100
|-damage|p2b: Milotic|65/100
|move|p1a: Farigiraf|Roar|p2b: Milotic
|drag|p2b: Hydreigon|Hydreigon, L50, F|100/100
|
|upkeep
|turn|2
|inactive|poodle sundae has 30 seconds left.
|inactive|zesarbluee has 30 seconds left.
|
|t:|1782317992
|move|p1b: Sylveon|Detect|p1b: Sylveon
|-singleturn|p1b: Sylveon|Protect
|move|p2b: Hydreigon|Dark Pulse|p1a: Farigiraf
|-supereffective|p1a: Farigiraf|1
|-damage|p1a: Farigiraf|14/100
|-enditem|p1a: Farigiraf|Sitrus Berry|[eat]
|-heal|p1a: Farigiraf|39/100|[from] item: Sitrus Berry
|move|p2a: Ceruledge|Bitter Blade|p1a: Farigiraf
|-crit|p1a: Farigiraf
|-damage|p1a: Farigiraf|0 fnt
|-heal|p2a: Ceruledge|100/100|[from] drain|[of] p1a: Farigiraf
|faint|p1a: Farigiraf
|
|upkeep
|
|t:|1782318003
|switch|p1a: Charizard|Charizard, L50, M|100/100
|turn|3
|
|t:|1782318014
|move|p1a: Charizard|Protect|p1a: Charizard
|-singleturn|p1a: Charizard|Protect
|move|p2b: Hydreigon|Dark Pulse|p1a: Charizard
|-activate|p1a: Charizard|move: Protect
|move|p2a: Ceruledge|Bulk Up|p2a: Ceruledge
|-boost|p2a: Ceruledge|atk|1
|-boost|p2a: Ceruledge|def|1
|move|p1b: Sylveon|Hyper Voice|p2b: Hydreigon|[spread] p2a,p2b
|-resisted|p2a: Ceruledge|1
|-supereffective|p2b: Hydreigon|2
|-damage|p2a: Ceruledge|77/100
|-damage|p2b: Hydreigon|0 fnt
|faint|p2b: Hydreigon
|
|upkeep
|
|t:|1782318026
|switch|p2b: Milotic|Milotic, L50, F|65/100
|turn|4
|
|t:|1782318044
|detailschange|p1a: Charizard|Charizard-Mega-Y, L50, M
|-mega|p1a: Charizard|Charizard|Charizardite Y
|-weather|SunnyDay|[from] ability: Drought|[of] p1a: Charizard
|move|p2b: Milotic|Protect|p2b: Milotic
|-singleturn|p2b: Milotic|Protect
|move|p1a: Charizard|Solar Beam||[still]
|-prepare|p1a: Charizard|Solar Beam
|-anim|p1a: Charizard|Solar Beam|p2b: Milotic
|-activate|p2b: Milotic|move: Protect
|move|p2a: Ceruledge|Bitter Blade|p1a: Charizard
|-resisted|p1a: Charizard|1
|-damage|p1a: Charizard|39/100
|-heal|p2a: Ceruledge|100/100|[from] drain|[of] p1a: Charizard
|move|p1b: Sylveon|Hyper Beam|p2a: Ceruledge|[miss]
|-miss|p1b: Sylveon|p2a: Ceruledge
|
|-weather|SunnyDay|[upkeep]
|-heal|p2b: Milotic|71/100|[from] item: Leftovers
|upkeep
|turn|5
|c|Ōśåzesarbluee|ok dude
|c|Ōśåzesarbluee|fck off
|inactive|zesarbluee has 30 seconds left.
|inactive|poodle sundae has 30 seconds left.
|inactive|zesarbluee has 20 seconds left.
|inactive|poodle sundae has 20 seconds left.
|c|Ōśåzesarbluee|gonna suck timer
|inactive|zesarbluee has 15 seconds left.
|c|Ōśåpoodle sundae|have fun
|inactive|zesarbluee has 10 seconds left.
|inactive|zesarbluee has 5 seconds left.
|
|t:|1782318100
|move|p1a: Charizard|Protect|p1a: Charizard
|-singleturn|p1a: Charizard|Protect
|move|p1b: Sylveon|Detect|p1b: Sylveon
|-singleturn|p1b: Sylveon|Protect
|move|p2a: Ceruledge|Bitter Blade|p1b: Sylveon
|-activate|p1b: Sylveon|move: Protect
|move|p2b: Milotic|Hypnosis|p1a: Charizard
|-activate|p1a: Charizard|move: Protect
|
|-weather|SunnyDay|[upkeep]
|-heal|p2b: Milotic|77/100|[from] item: Leftovers
|upkeep
|turn|6
|c|Ōśåzesarbluee|you too
|c|Ōśåzesarbluee|gringo hijo de puta
|n|ŌĆĮzesarbluee|zesarbluee
|c|~|/log zesarbluee was locked from talking by Artemis. (Ōśåzesarbluee: gringo hijo de puta)
|c|~|/raw This action was done automatically. Want to learn more about the AI? Visit the information thread.
|inactive|zesarbluee has 30 seconds left.
|inactive|zesarbluee has 20 seconds left.
|inactive|zesarbluee has 15 seconds left.
|inactive|zesarbluee has 10 seconds left.
|inactive|zesarbluee has 5 seconds left.
|
|t:|1782318155
|move|p1a: Charizard|Protect||[still]
|-fail|p1a: Charizard
|move|p1b: Sylveon|Detect||[still]
|-fail|p1b: Sylveon
|move|p2a: Ceruledge|Bitter Blade|p1b: Sylveon
|-damage|p1b: Sylveon|0 fnt
|faint|p1b: Sylveon
|move|p2b: Milotic|Coil|p2b: Milotic
|-boost|p2b: Milotic|atk|1
|-boost|p2b: Milotic|def|1
|-boost|p2b: Milotic|accuracy|1
|
|-weather|SunnyDay|[upkeep]
|-heal|p2b: Milotic|83/100|[from] item: Leftovers
|upkeep
|c|Ōśåpoodle sundae|hope you're enjoying yourself today :)
|inactive|zesarbluee has 30 seconds left.
|inactive|zesarbluee has 20 seconds left.
|inactive|zesarbluee has 15 seconds left.
|inactive|zesarbluee has 10 seconds left.
|inactive|zesarbluee has 5 seconds left.
|
|t:|1782318210
|switch|p1b: Garchomp|Garchomp, L50, M|100/100
|turn|7
|inactive|zesarbluee has 30 seconds left.
|inactive|zesarbluee has 20 seconds left.
|inactive|zesarbluee has 15 seconds left.
|inactive|zesarbluee has 10 seconds left.
|inactive|zesarbluee has 5 seconds left.
|
|t:|1782318265
|move|p1b: Garchomp|Protect|p1b: Garchomp
|-singleturn|p1b: Garchomp|Protect
|move|p1a: Charizard|Protect|p1a: Charizard
|-singleturn|p1a: Charizard|Protect
|move|p2a: Ceruledge|Protect|p2a: Ceruledge
|-singleturn|p2a: Ceruledge|Protect
|move|p2b: Milotic|Hypnosis|p1b: Garchomp
|-activate|p1b: Garchomp|move: Protect
|
|-weather|SunnyDay|[upkeep]
|-heal|p2b: Milotic|89/100|[from] item: Leftovers
|upkeep
|turn|8
|inactive|zesarbluee has 30 seconds left.
|inactive|poodle sundae has 30 seconds left.
|inactive|zesarbluee has 20 seconds left.
|inactive|zesarbluee has 15 seconds left.
|inactive|zesarbluee has 10 seconds left.
|inactive|zesarbluee has 5 seconds left.
|
|t:|1782318320
|move|p1b: Garchomp|Protect|p1b: Garchomp
|-singleturn|p1b: Garchomp|Protect
|move|p1a: Charizard|Protect||[still]
|-fail|p1a: Charizard
|move|p2a: Ceruledge|Shadow Sneak|p1a: Charizard
|-damage|p1a: Charizard|7/100
|move|p2b: Milotic|Hypnosis|p1b: Garchomp
|-activate|p1b: Garchomp|move: Protect
|
|-weather|none
|-heal|p2b: Milotic|95/100|[from] item: Leftovers
|upkeep
|turn|9
|inactive|zesarbluee has 30 seconds left.
|inactive|zesarbluee has 20 seconds left.
|inactive|zesarbluee has 15 seconds left.
|inactive|zesarbluee has 10 seconds left.
|inactive|zesarbluee has 5 seconds left.
|
|t:|1782318375
|move|p1b: Garchomp|Protect||[still]
|-fail|p1b: Garchomp
|move|p1a: Charizard|Protect|p1a: Charizard
|-singleturn|p1a: Charizard|Protect
|move|p2a: Ceruledge|Bulk Up|p2a: Ceruledge
|-boost|p2a: Ceruledge|atk|1
|-boost|p2a: Ceruledge|def|1
|move|p2b: Milotic|Hypnosis|p1b: Garchomp
|-status|p1b: Garchomp|slp|[from] move: Hypnosis
|
|-heal|p2b: Milotic|100/100|[from] item: Leftovers
|upkeep
|turn|10
|inactive|zesarbluee has 25 seconds left this turn.
|inactive|zesarbluee has 20 seconds left.
|inactive|zesarbluee has 15 seconds left.
|inactive|zesarbluee has 10 seconds left.
|inactive|zesarbluee has 5 seconds left.
|-message|zesarbluee lost due to inactivity.
|
|win|poodle sundae
