|j|☆TheLeoj
|j|☆Dragonrida
|html|TheLeojDragonrida    
|uhtml|bestof|Game 1 of a best-of-3
|t:|1786031083
|gametype|doubles
|player|p1|TheLeoj|benga|1065
|player|p2|Dragonrida|265|1012
|gen|9
|tier|[Gen 9 Champions] VGC 2026 Reg M-B (Bo3)
|rated|
|rule|Species Clause: Limit one of each Pokémon
|rule|Item Clause: Limit 1 of each item
|clearpoke
|poke|p1|Politoed, L50, F, shiny|
|poke|p1|Swampert, L50, F, shiny|
|poke|p1|Incineroar, L50, M, shiny|
|poke|p1|Gengar, L50, F, shiny|
|poke|p1|Vivillon-Monsoon, L50, F, shiny|
|poke|p1|Kommo-o, L50, M, shiny|
|poke|p2|Tauros-Paldea-Combat, L50, M|
|poke|p2|Swampert, L50, M|
|poke|p2|Pelipper, L50, M|
|poke|p2|Archaludon, L50, M|
|poke|p2|Gallade, L50, M|
|poke|p2|Basculegion, L50, M|
|teampreview|4
|showteam|p1|Politoed||SitrusBerry|Drizzle|WeatherBall,HelpingHand,Protect,PerishSong|Sassy||F|||50|]Swampert||Swampertite|Damp|WaveCrash,Protect,HighHorsepower,IcePunch|Adamant||F|||50|]Incineroar||PasshoBerry|Intimidate|ThroatChop,FakeOut,PartingShot,Protect|Impish||M|||50|]Gengar||Gengarite|CursedBody|ShadowBall,Protect,SludgeBomb,PerishSong|Bold||F|||50|]Vivillon-Monsoon||FocusSash|CompoundEyes|Hurricane,RagePowder,Protect,SleepPowder|Timid||F|||50|]Kommo-o||Leftovers|Soundproof|ClangingScales,AuraSphere,ClangorousSoul,Protect|Modest||M|||50|
|showteam|p2|Tauros-Paldea-Combat||SilkScarf|Intimidate|RagingBull,CloseCombat,Substitute,RockSlide|Jolly||M|||50|]Swampert||Swampertite|Torrent|Protect,IcePunch,WaveCrash,Earthquake|Adamant||M|||50|]Pelipper||DampRock|Drizzle|WideGuard,WeatherBall,IceBeam,Tailwind|Modest||M|||50|]Archaludon||Leftovers|Stamina|Protect,ElectroShot,DracoMeteor,FlashCannon|Modest||M|||50|]Gallade||Galladite|Steadfast|DrainPunch,PsychoCut,LeafBlade,SwordsDance|Jolly||M|||50|]Basculegion||ChoiceScarf|Adaptability|LastRespects,Liquidation,PhantomForce,PsychicFangs|Adamant||M|||50|
|inactive|Battle timer is ON: inactive players will automatically lose when time's up. (requested by TheLeoj)
|inactive|Dragonrida has 60 seconds left.
|
|t:|1786031115
|teamsize|p1|4
|teamsize|p2|4
|start
|switch|p1a: Incineroar|Incineroar, L50, M, shiny|100/100
|switch|p1b: Gengar|Gengar, L50, F, shiny|100/100
|switch|p2a: Tauros|Tauros-Paldea-Combat, L50, M|100/100
|switch|p2b: Gallade|Gallade, L50, M|100/100
|-ability|p2a: Tauros|Intimidate|boost
|-unboost|p1a: Incineroar|atk|1
|-unboost|p1b: Gengar|atk|1
|-ability|p1a: Incineroar|Intimidate|boost
|-unboost|p2a: Tauros|atk|1
|-unboost|p2b: Gallade|atk|1
|turn|1
|
|t:|1786031137
|detailschange|p2b: Gallade|Gallade-Mega, L50, M
|-mega|p2b: Gallade|Gallade|Galladite
|detailschange|p1b: Gengar|Gengar-Mega, L50, F, shiny
|-mega|p1b: Gengar|Gengar|Gengarite
|move|p1a: Incineroar|Fake Out|p2b: Gallade
|-damage|p2b: Gallade|91/100
|move|p2b: Gallade|Psycho Cut|p1b: Gengar
|-supereffective|p1b: Gengar|1
|-damage|p1b: Gengar|55/100
|move|p2a: Tauros|Rock Slide|p1b: Gengar|[spread] p1a,p1b
|-supereffective|p1a: Incineroar|1
|-damage|p1a: Incineroar|84/100
|-damage|p1b: Gengar|44/100
|move|p1b: Gengar|Perish Song|p1b: Gengar
|-start|p1a: Incineroar|perish3|[silent]
|-start|p1b: Gengar|perish3|[silent]
|-start|p2a: Tauros|perish3|[silent]
|-start|p2b: Gallade|perish3|[silent]
|-fieldactivate|move: Perish Song
|
|-start|p2b: Gallade|perish3
|-start|p2a: Tauros|perish3
|-start|p1b: Gengar|perish3
|-start|p1a: Incineroar|perish3
|upkeep
|turn|2
|inactive|TheLeoj has 30 seconds left.
|inactive|Dragonrida has 30 seconds left.
|inactive|TheLeoj has 20 seconds left.
|inactive|TheLeoj has 15 seconds left.
|inactive|TheLeoj has 10 seconds left.
|
|t:|1786031185
|move|p1b: Gengar|Protect|p1b: Gengar
|-singleturn|p1b: Gengar|Protect
|move|p1a: Incineroar|Protect|p1a: Incineroar
|-singleturn|p1a: Incineroar|Protect
|move|p2b: Gallade|Swords Dance|p2b: Gallade
|-boost|p2b: Gallade|atk|2
|move|p2a: Tauros|Close Combat|p1a: Incineroar
|-activate|p1a: Incineroar|move: Protect
|
|-start|p2b: Gallade|perish2
|-start|p2a: Tauros|perish2
|-start|p1b: Gengar|perish2
|-start|p1a: Incineroar|perish2
|upkeep
|turn|3
|
|t:|1786031207
|switch|p1b: Kommo-o|Kommo-o, L50, M, shiny|100/100
|move|p2b: Gallade|Psycho Cut|p1b: Kommo-o
|-supereffective|p1b: Kommo-o|1
|-damage|p1b: Kommo-o|0 fnt
|faint|p1b: Kommo-o
|move|p2a: Tauros|Rock Slide|p1a: Incineroar
|-supereffective|p1a: Incineroar|1
|-damage|p1a: Incineroar|60/100
|cant|p1a: Incineroar|flinch
|
|-start|p2b: Gallade|perish1
|-start|p2a: Tauros|perish1
|-start|p1a: Incineroar|perish1
|upkeep
|
|t:|1786031220
|switch|p1b: Gengar|Gengar-Mega, L50, F, shiny|44/100
|turn|4
|
|t:|1786031233
|move|p1b: Gengar|Protect|p1b: Gengar
|-singleturn|p1b: Gengar|Protect
|move|p2b: Gallade|Drain Punch|p1a: Incineroar
|-supereffective|p1a: Incineroar|1
|-damage|p1a: Incineroar|0 fnt
|-heal|p2b: Gallade|100/100|[from] drain|[of] p1a: Incineroar
|faint|p1a: Incineroar
|move|p2a: Tauros|Close Combat|p1b: Gengar
|-activate|p1b: Gengar|move: Protect
|
|-start|p2b: Gallade|perish0
|-start|p2a: Tauros|perish0
|faint|p2b: Gallade
|faint|p2a: Tauros
|upkeep
|
|t:|1786031249
|switch|p2b: Basculegion|Basculegion, L50, M|100/100
|switch|p2a: Pelipper|Pelipper, L50, M|100/100
|switch|p1a: Vivillon|Vivillon-Monsoon, L50, F, shiny|100/100
|-weather|RainDance|[from] ability: Drizzle|[of] p2a: Pelipper
|turn|5
|
|t:|1786031272
|move|p2b: Basculegion|Last Respects|p1b: Gengar
|-supereffective|p1b: Gengar|1
|-damage|p1b: Gengar|0 fnt
|faint|p1b: Gengar
|move|p1a: Vivillon|Sleep Powder|p2b: Basculegion
|-status|p2b: Basculegion|slp|[from] move: Sleep Powder
|move|p2a: Pelipper|Tailwind|p2a: Pelipper
|-sidestart|p2: Dragonrida|move: Tailwind
|
|-weather|RainDance|[upkeep]
|upkeep
|turn|6
|-message|TheLeoj forfeited.
|
|win|Dragonrida
