|j|☆Nearshort
|j|☆Nimblefrog6
|html|NearshortNimblefrog6    
|uhtml|bestof|Game 1 of a best-of-3
|t:|1757752409
|gametype|doubles
|player|p1|Nearshort|169|1156
|player|p2|Nimblefrog6|medium-gen2jp|1147
|gen|9
|tier|[Gen 9] VGC 2025 Reg H (Bo3)
|rated|
|rule|Species Clause: Limit one of each Pokémon
|rule|Item Clause: Limit 1 of each item
|clearpoke
|poke|p1|Tyranitar, L50, F|
|poke|p1|Orthworm, L50, F|
|poke|p1|Excadrill, L50, M|
|poke|p1|Amoonguss, L50, F|
|poke|p1|Indeedee-F, L50, F|
|poke|p1|Armarouge, L50, M|
|poke|p2|Gholdengo, L50|
|poke|p2|Sneasler, L50, M|
|poke|p2|Rillaboom, L50, F|
|poke|p2|Ninetales-Alola, L50, M|
|poke|p2|Ursaluna-Bloodmoon, L50, M|
|poke|p2|Incineroar, L50, F|
|teampreview|4
|showteam|p1|Tyranitar||AssaultVest|SandStream|RockSlide,LowKick,TeraBlast,KnockOff|||F|||50|,,,,,Flying]Orthworm||SitrusBerry|EarthEater|ShedTail,RockBlast,HelpingHand,Protect|||F|||50|,,,,,Poison]Excadrill||LifeOrb|SandRush|Earthquake,RockSlide,ShadowClaw,IronHead|||M|||50|,,,,,Ground]Amoonguss||RockyHelmet|Regenerator|RagePowder,Protect,ClearSmog,Spore|||F|||50|,,,,,Water]Indeedee-F||SafetyGoggles|PsychicSurge|FollowMe,Psychic,Protect,TrickRoom|||F|||50|,,,,,Fairy]Armarouge||PowerHerb|WeakArmor|ExpandingForce,HeatWave,Protect,MeteorBeam|||M|||50|,,,,,Grass
|showteam|p2|Gholdengo||GrassySeed|GoodasGold|NastyPlot,MakeItRain,ShadowBall,Protect||||||50|,,,,,Water]Sneasler||WhiteHerb|Unburden|CloseCombat,DireClaw,ThroatChop,Protect|||M|||50|,,,,,Ghost]Rillaboom||AssaultVest|GrassySurge|FakeOut,GrassyGlide,DrumBeating,HighHorsepower|||F|||50|,,,,,Fire]Ninetales-Alola||FocusSash|SnowWarning|Blizzard,IcyWind,Encore,AuroraVeil|||M|||50|,,,,,Ghost]Ursaluna-Bloodmoon||LifeOrb|MindsEye|HyperVoice,BloodMoon,EarthPower,VacuumWave|||M|||50|,,,,,Ghost]Incineroar||SitrusBerry|Intimidate|FakeOut,KnockOff,PartingShot,FlareBlitz|||F|||50|,,,,,Ghost
|inactive|Battle timer is ON: inactive players will automatically lose when time's up. (requested by Nimblefrog6)
|
|t:|1757752430
|teamsize|p1|4
|teamsize|p2|4
|start
|switch|p1a: Indeedee|Indeedee-F, L50, F|100/100
|switch|p1b: Orthworm|Orthworm, L50, F|100/100
|switch|p2a: Meow|Sneasler, L50, M|100/100
|switch|p2b: Cheese|Gholdengo, L50|100/100
|-fieldstart|move: Psychic Terrain|[from] ability: Psychic Surge|[of] p1a: Indeedee
|turn|1
|inactive|Nimblefrog6 has 30 seconds left.
|inactive|Nimblefrog6 has 20 seconds left.
|
|t:|1757752466
|switch|p1a: Tyranitar|Tyranitar, L50, F|100/100
|-weather|Sandstorm|[from] ability: Sand Stream|[of] p1a: Tyranitar
|-terastallize|p1b: Orthworm|Poison
|move|p2a: Meow|Close Combat|p1a: Tyranitar
|-supereffective|p1a: Tyranitar
|-damage|p1a: Tyranitar|0 fnt
|-unboost|p2a: Meow|def|1
|-unboost|p2a: Meow|spd|1
|faint|p1a: Tyranitar
|-enditem|p2a: Meow|White Herb
|-clearnegativeboost|p2a: Meow|[silent]
|move|p2b: Cheese|Make It Rain|p1b: Orthworm
|-damage|p1b: Orthworm|36/100
|-unboost|p2b: Cheese|spa|1
|-enditem|p1b: Orthworm|Sitrus Berry|[eat]
|-heal|p1b: Orthworm|61/100|[from] item: Sitrus Berry
|move|p1b: Orthworm|Shed Tail|p1b: Orthworm
|-start|p1b: Orthworm|Substitute|[from] move: Shed Tail
|-damage|p1b: Orthworm|10/100
|
|t:|1757752484
|switch|p1b: Excadrill|Excadrill, L50, M|100/100|[from] Shed Tail
|
|-weather|Sandstorm|[upkeep]
|-damage|p2a: Meow|94/100|[from] Sandstorm
|upkeep
|
|t:|1757752486
|switch|p1a: Orthworm|Orthworm, L50, F, tera:Poison|10/100
|turn|2
|
|t:|1757752507
|move|p1a: Orthworm|Helping Hand|p1b: Excadrill
|-singleturn|p1b: Excadrill|Helping Hand|[of] p1a: Orthworm
|move|p2a: Meow|Close Combat|p1b: Excadrill
|-supereffective|p1b: Excadrill
|-end|p1b: Excadrill|Substitute
|-unboost|p2a: Meow|def|1
|-unboost|p2a: Meow|spd|1
|move|p1b: Excadrill|Earthquake|p2a: Meow|[spread] p2a,p2b
|-heal|p1a: Orthworm|35/100|[from] ability: Earth Eater|[of] p1b: Excadrill
|-supereffective|p2a: Meow
|-supereffective|p2b: Cheese
|-damage|p2a: Meow|0 fnt
|-damage|p2b: Cheese|0 fnt
|faint|p2a: Meow
|faint|p2b: Cheese
|-damage|p1b: Excadrill|91/100|[from] item: Life Orb
|
|-weather|Sandstorm|[upkeep]
|-damage|p1a: Orthworm|29/100|[from] Sandstorm
|upkeep
|
|t:|1757752511
|switch|p2a: Monkey|Rillaboom, L50, F|100/100
|switch|p2b: Fox|Ninetales-Alola, L50, M|100/100
|-weather|Snowscape|[from] ability: Snow Warning|[of] p2b: Fox
|-fieldstart|move: Grassy Terrain|[from] ability: Grassy Surge|[of] p2a: Monkey
|turn|3
|
|t:|1757752534
|switch|p1a: Indeedee|Indeedee-F, L50, F|100/100
|-fieldstart|move: Psychic Terrain|[from] ability: Psychic Surge|[of] p1a: Indeedee
|move|p2b: Fox|Blizzard|p1b: Excadrill|[spread] p1a,p1b
|-damage|p1a: Indeedee|72/100
|-damage|p1b: Excadrill|46/100
|move|p2a: Monkey|Grassy Glide|p1b: Excadrill
|-damage|p1b: Excadrill|5/100
|move|p1b: Excadrill|Rock Slide|p2a: Monkey|[spread] p2a,p2b
|-supereffective|p2b: Fox
|-damage|p2a: Monkey|74/100
|-damage|p2b: Fox|46/100
|-damage|p1b: Excadrill|0 fnt|[from] item: Life Orb
|faint|p1b: Excadrill
|
|-weather|Snowscape|[upkeep]
|upkeep
|
|t:|1757752548
|switch|p1b: Orthworm|Orthworm, L50, F, tera:Poison|29/100
|turn|4
|inactive|Nearshort has 30 seconds left.
|inactive|Nearshort has 20 seconds left.
|inactive|Nearshort has 15 seconds left.
|inactive|Nearshort has 10 seconds left.
|inactive|Nearshort has 5 seconds left.
|
|t:|1757752601
|move|p1b: Orthworm|Helping Hand|p1a: Indeedee
|-singleturn|p1a: Indeedee|Helping Hand|[of] p1b: Orthworm
|move|p2b: Fox|Blizzard|p1b: Orthworm|[spread] p1a,p1b
|-damage|p1a: Indeedee|39/100
|-damage|p1b: Orthworm|0 fnt
|faint|p1b: Orthworm
|move|p2a: Monkey|Drum Beating|p1a: Indeedee
|-damage|p1a: Indeedee|6/100
|-unboost|p1a: Indeedee|spe|1
|move|p1a: Indeedee|Psychic|p2a: Monkey
|-damage|p2a: Monkey|23/100
|
|-weather|Snowscape|[upkeep]
|upkeep
|turn|5
|-message|Nearshort forfeited.
|raw|Nearshort's rating: 1156 → 1130(-26 for losing)
|raw|Nimblefrog6's rating: 1147 → 1173(+26 for winning)
|
|win|Nimblefrog6
|l|☆Nearshort
|player|p1|
