|j|☆fnlroia
|j|☆doatzmgoatz
|html|fnlroiadoatzmgoatz    
|uhtml|bestof|Game 3 of a best-of-3
|t:|1784695755
|gametype|doubles
|player|p1|fnlroia|parasollady-gen4|
|player|p2|doatzmgoatz|2|
|gen|9
|tier|[Gen 9 Champions] VGC 2026 Reg M-B (Bo3)
|rule|Species Clause: Limit one of each Pokémon
|rule|Item Clause: Limit 1 of each item
|clearpoke
|poke|p1|Mimikyu, L50, M, shiny|
|poke|p1|Arcanine-Hisui, L50, F|
|poke|p1|Delphox, L50, M|
|poke|p1|Samurott-Hisui, L50, M|
|poke|p1|Floette-Eternal, L50, F|
|poke|p1|Vivillon, L50, F|
|poke|p2|Gengar, L50, M|
|poke|p2|Incineroar, L50, F|
|poke|p2|Hydreigon, L50, F|
|poke|p2|Clefable, L50, F|
|poke|p2|Vaporeon, L50, M|
|poke|p2|Noivern, L50, F|
|teampreview|4
|showteam|p1|Mimikyu||ExpertBelt|Disguise|ShadowSneak,Protect,ShadowClaw,TrickRoom|Jolly||M|||50|]Arcanine-Hisui||LifeOrb|RockHead|RockSlide,FlareBlitz,ExtremeSpeed,Protect|Jolly||F|||50|]Delphox||Delphoxite|Blaze|HeatWave,NastyPlot,Psyshock,Protect|Timid||M|||50|]Samurott-Hisui||BlackGlasses|Sharpness|CeaselessEdge,SuckerPunch,SacredSword,Protect|Jolly||M|||50|]Floette-Eternal||Floettite|FlowerVeil|CalmMind,DrainingKiss,LightofRuin,Protect|Modest||F|||50|]Vivillon||FocusSash|CompoundEyes|RagePowder,SleepPowder,Hurricane,Tailwind|Timid||F|||50|
|showteam|p2|Gengar||Gengarite|CursedBody|SludgeWave,ShadowBall,NastyPlot,Substitute|Timid||M|||50|]Incineroar||SitrusBerry|Intimidate|BrickBreak,Earthquake,PartingShot,FakeOut|Adamant||F|||50|]Hydreigon||LifeOrb|Levitate|EarthPower,DracoMeteor,DarkPulse,Uturn|Timid||F|||50|]Clefable||Leftovers|MagicGuard|FollowMe,LightScreen,DazzlingGleam,Gravity|Calm||F|||50|]Vaporeon||MysticWater|WaterAbsorb|Scald,Protect,RainDance,IceBeam|Bold||M|||50|]Noivern||ExpertBelt|Telepathy|Tailwind,Boomburst,Hurricane,Uturn|Timid||F|||50|
|
|t:|1784695807
|teamsize|p1|4
|teamsize|p2|4
|start
|switch|p1a: jop river otter|Samurott-Hisui, L50, M|100/100
|switch|p1b: lol|Vivillon, L50, F|100/100
|switch|p2a: Clefable|Clefable, L50, F|100/100
|switch|p2b: Gengar|Gengar, L50, M|100/100
|turn|1
|
|t:|1784695829
|detailschange|p2b: Gengar|Gengar-Mega, L50, M
|-mega|p2b: Gengar|Gengar|Gengarite
|move|p1a: jop river otter|Sucker Punch||[still]
|-fail|p1a: jop river otter
|move|p2b: Gengar|Substitute|p2b: Gengar
|-start|p2b: Gengar|Substitute
|-damage|p2b: Gengar|75/100
|move|p1b: lol|Tailwind|p1b: lol
|-sidestart|p1: fnlroia|move: Tailwind
|move|p2a: Clefable|Dazzling Gleam|p1b: lol|[spread] p1a,p1b
|-supereffective|p1a: jop river otter|1
|-crit|p1b: lol
|-damage|p1a: jop river otter|38/100
|-damage|p1b: lol|43/100
|
|upkeep
|turn|2
|
|t:|1784695846
|move|p1a: jop river otter|Protect|p1a: jop river otter
|-singleturn|p1a: jop river otter|Protect
|move|p2a: Clefable|Follow Me|p2a: Clefable
|-singleturn|p2a: Clefable|move: Follow Me
|move|p1b: lol|Sleep Powder|p2a: Clefable
|-status|p2a: Clefable|slp|[from] move: Sleep Powder
|move|p2b: Gengar|Sludge Wave|p1b: lol|[spread] p2a,p1b
|-activate|p1a: jop river otter|move: Protect
|-supereffective|p2a: Clefable|1
|-damage|p2a: Clefable|37/100 slp
|-damage|p1b: lol|0 fnt
|faint|p1b: lol
|
|-heal|p2a: Clefable|43/100 slp|[from] item: Leftovers
|upkeep
|
|t:|1784695867
|switch|p1b: not floette|Delphox, L50, M|100/100
|turn|3
|
|t:|1784695891
|detailschange|p1b: not floette|Delphox-Mega, L50, M
|-mega|p1b: not floette|Delphox|Delphoxite
|move|p1a: jop river otter|Sucker Punch|p2b: Gengar
|-supereffective|p2b: Gengar|1
|-end|p2b: Gengar|Substitute
|move|p1b: not floette|Psyshock|p2b: Gengar
|-supereffective|p2b: Gengar|1
|-damage|p2b: Gengar|0 fnt
|faint|p2b: Gengar
|cant|p2a: Clefable|slp
|
|-heal|p2a: Clefable|49/100 slp|[from] item: Leftovers
|upkeep
|
|t:|1784695905
|switch|p2b: Vaporeon|Vaporeon, L50, M|100/100
|turn|4
|
|t:|1784695925
|cant|p2a: Clefable|slp
|move|p1b: not floette|Psyshock|p2b: Vaporeon
|-damage|p2b: Vaporeon|64/100
|move|p1a: jop river otter|Ceaseless Edge|p2b: Vaporeon
|-damage|p2b: Vaporeon|22/100
|-sidestart|p2: doatzmgoatz|Spikes
|move|p2b: Vaporeon|Scald|p1b: not floette
|-supereffective|p1b: not floette|1
|-damage|p1b: not floette|36/100
|
|-heal|p2a: Clefable|55/100 slp|[from] item: Leftovers
|-sideend|p1: fnlroia|move: Tailwind
|upkeep
|turn|5
|
|t:|1784695944
|move|p1b: not floette|Protect|p1b: not floette
|-singleturn|p1b: not floette|Protect
|move|p1a: jop river otter|Sucker Punch|p2b: Vaporeon
|-damage|p2b: Vaporeon|0 fnt
|faint|p2b: Vaporeon
|-curestatus|p2a: Clefable|slp|[msg]
|move|p2a: Clefable|Dazzling Gleam|p1b: not floette|[spread] p1a
|-activate|p1b: not floette|move: Protect
|-supereffective|p1a: jop river otter|1
|-damage|p1a: jop river otter|0 fnt
|faint|p1a: jop river otter
|
|-heal|p2a: Clefable|61/100|[from] item: Leftovers
|upkeep
|
|t:|1784695957
|switch|p1a: rock head merchant|Arcanine-Hisui, L50, F|100/100
|switch|p2b: Noivern|Noivern, L50, F|100/100
|turn|6
|
|t:|1784695979
|move|p1b: not floette|Psyshock|p2b: Noivern
|-damage|p2b: Noivern|36/100
|move|p2b: Noivern|Boomburst|p1a: rock head merchant|[spread] p2a,p1a,p1b
|-resisted|p1a: rock head merchant|1
|-damage|p2a: Clefable|41/100
|-damage|p1a: rock head merchant|81/100
|-damage|p1b: not floette|8/100
|move|p1a: rock head merchant|Rock Slide|p2b: Noivern|[spread] p2a,p2b
|-supereffective|p2b: Noivern|1
|-damage|p2a: Clefable|2/100
|-damage|p2b: Noivern|0 fnt
|faint|p2b: Noivern
|-damage|p1a: rock head merchant|71/100|[from] item: Life Orb
|move|p2a: Clefable|Light Screen|p2a: Clefable
|-sidestart|p2: doatzmgoatz|move: Light Screen
|
|-heal|p2a: Clefable|8/100|[from] item: Leftovers
|upkeep
|turn|7
|
|t:|1784695996
|move|p1b: not floette|Protect|p1b: not floette
|-singleturn|p1b: not floette|Protect
|move|p1a: rock head merchant|Extreme Speed|p2a: Clefable
|-damage|p2a: Clefable|0 fnt
|faint|p2a: Clefable
|-damage|p1a: rock head merchant|61/100|[from] item: Life Orb
|
|win|fnlroia
