|j|☆bosilek
|j|☆5minutestolive
|html|bosilek5minutestolive    
|uhtml|bestof|Game 1 of a best-of-3
|t:|1756270434
|gametype|doubles
|player|p1|bosilek|hilbert-wonderlauncher|1138
|player|p2|5minutestolive|winona|1292
|gen|9
|tier|[Gen 9] VGC 2025 Reg H (Bo3)
|rated|
|rule|Species Clause: Limit one of each Pokémon
|rule|Item Clause: Limit 1 of each item
|clearpoke
|poke|p1|Garchomp, L50, M|
|poke|p1|Talonflame, L50, F|
|poke|p1|Gholdengo, L50|
|poke|p1|Ninetales-Alola, L50, M|
|poke|p1|Hydreigon, L50, M|
|poke|p1|Annihilape, L50, F|
|poke|p2|Ninetales-Alola, L50, M|
|poke|p2|Ursaluna-Bloodmoon, L50, M|
|poke|p2|Gholdengo, L50|
|poke|p2|Amoonguss, L50, F|
|poke|p2|Annihilape, L50, M|
|poke|p2|Dragonite, L50, F|
|teampreview|4
|showteam|p1|Garchomp||LifeOrb|RoughSkin|Protect,Earthquake,DragonClaw,StompingTantrum|||M|||50|,,,,,Steel]Talonflame||CovertCloak|GaleWings|BraveBird,Taunt,WillOWisp,Tailwind|||F|||50|,,,,,Grass]Gholdengo||MetalCoat|GoodasGold|MakeItRain,ShadowBall,Protect,NastyPlot||||||50|,,,,,Water]Ninetales-Alola||FocusSash|SnowWarning|Blizzard,FreezeDry,Encore,Protect|||M|||50|,,,,,Water]Hydreigon||ChoiceSpecs|Levitate|HeatWave,Snarl,EarthPower,DragonPulse|||M|||50|,,,,,Fire]Annihilape||SafetyGoggles|Defiant|FinalGambit,RageFist,CloseCombat,Protect|||F|||50|,,,,,Fire
|showteam|p2|Ninetales-Alola||CovertCloak|SnowWarning|IcyWind,Blizzard,AuroraVeil,IcicleSpear|||M|||50|,,,,,Water]Ursaluna-Bloodmoon||AssaultVest|MindsEye|BloodMoon,EarthPower,HyperVoice,VacuumWave|||M|||50|,,,,,Water]Gholdengo||LifeOrb|GoodasGold|Protect,NastyPlot,MakeItRain,ShadowBall||||||50|,,,,,Water]Amoonguss||SitrusBerry|Regenerator|Spore,RagePowder,PollenPuff,Protect|||F|||50|,,,,,Psychic]Annihilape||SafetyGoggles|Defiant|RageFist,BulkUp,DrainPunch,Protect|||M|||50|,,,,,Fire]Dragonite||LoadedDice|Multiscale|ScaleShot,Tailwind,Haze,Protect|||F|||50|,,,,,Fairy
|inactive|Battle timer is ON: inactive players will automatically lose when time's up. (requested by 5minutestolive)
|
|t:|1756270515
|teamsize|p1|4
|teamsize|p2|4
|start
|switch|p1a: Talonflame|Talonflame, L50, F|100/100
|switch|p1b: Hydreigon|Hydreigon, L50, M|100/100
|switch|p2a: Ninetales|Ninetales-Alola, L50, M|100/100
|switch|p2b: Ursaluna|Ursaluna-Bloodmoon, L50, M|100/100
|-weather|Snowscape|[from] ability: Snow Warning|[of] p2a: Ninetales
|turn|1
|
|t:|1756270535
|-terastallize|p2a: Ninetales|Water
|-terastallize|p1b: Hydreigon|Fire
|move|p1a: Talonflame|Taunt|p2a: Ninetales
|-start|p2a: Ninetales|move: Taunt
|cant|p2a: Ninetales|move: Taunt|Aurora Veil
|move|p1b: Hydreigon|Heat Wave|p2a: Ninetales|[spread] p2a,p2b
|-resisted|p2a: Ninetales
|-damage|p2a: Ninetales|72/100
|-damage|p2b: Ursaluna|64/100
|move|p2b: Ursaluna|Blood Moon|p1b: Hydreigon
|-damage|p1b: Hydreigon|18/100
|
|-weather|Snowscape|[upkeep]
|upkeep
|turn|2
|
|t:|1756270557
|move|p1a: Talonflame|Brave Bird|p2a: Ninetales
|-damage|p2a: Ninetales|18/100
|-damage|p1a: Talonflame|80/100|[from] Recoil
|move|p2b: Ursaluna|Vacuum Wave|p1b: Hydreigon
|-damage|p1b: Hydreigon|3/100
|move|p2a: Ninetales|Icy Wind|p1b: Hydreigon|[spread] p1a,p1b
|-resisted|p1b: Hydreigon
|-damage|p1a: Talonflame|60/100
|-damage|p1b: Hydreigon|0 fnt
|faint|p1b: Hydreigon
|
|-weather|Snowscape|[upkeep]
|upkeep
|
|t:|1756270571
|switch|p1b: Annihilape|Annihilape, L50, F|100/100
|turn|3
|
|t:|1756270585
|switch|p2b: Gholdengo|Gholdengo, L50|100/100
|move|p1a: Talonflame|Brave Bird|p2a: Ninetales
|-damage|p2a: Ninetales|0 fnt
|faint|p2a: Ninetales
|-damage|p1a: Talonflame|52/100|[from] Recoil
|move|p1b: Annihilape|Close Combat|p2b: Gholdengo
|-immune|p2b: Gholdengo
|
|-weather|Snowscape|[upkeep]
|upkeep
|
|t:|1756270597
|switch|p2a: Annihilape|Annihilape, L50, M|100/100
|turn|4
|
|t:|1756270611
|move|p1b: Annihilape|Protect|p1b: Annihilape
|-singleturn|p1b: Annihilape|Protect
|move|p2a: Annihilape|Protect|p2a: Annihilape
|-singleturn|p2a: Annihilape|Protect
|move|p1a: Talonflame|Will-O-Wisp|p2a: Annihilape
|-activate|p2a: Annihilape|move: Protect
|move|p2b: Gholdengo|Nasty Plot|p2b: Gholdengo
|-boost|p2b: Gholdengo|spa|2
|
|-weather|Snowscape|[upkeep]
|upkeep
|turn|5
|inactive|bosilek has 30 seconds left.
|
|t:|1756270638
|move|p1a: Talonflame|Will-O-Wisp|p2a: Annihilape
|-status|p2a: Annihilape|brn
|move|p1b: Annihilape|Rage Fist|p2b: Gholdengo
|-supereffective|p2b: Gholdengo
|-damage|p2b: Gholdengo|57/100
|move|p2b: Gholdengo|Make It Rain|p1a: Talonflame|[spread] p1a,p1b
|-resisted|p1a: Talonflame
|-damage|p1a: Talonflame|0 fnt
|-damage|p1b: Annihilape|0 fnt
|-unboost|p2b: Gholdengo|spa|1
|faint|p1a: Talonflame
|faint|p1b: Annihilape
|-damage|p2b: Gholdengo|47/100|[from] item: Life Orb
|move|p2a: Annihilape|Rage Fist|p1: Talonflame|[notarget]
|-fail|p2a: Annihilape
|
|-weather|none
|-damage|p2a: Annihilape|95/100 brn|[from] brn
|upkeep
|
|t:|1756270649
|switch|p1a: Garchomp|Garchomp, L50, M|100/100
|turn|6
|inactive|5minutestolive has 30 seconds left.
|
|t:|1756270677
|move|p2b: Gholdengo|Protect|p2b: Gholdengo
|-singleturn|p2b: Gholdengo|Protect
|move|p1a: Garchomp|Earthquake|p2b: Gholdengo|[spread] p2a
|-activate|p2b: Gholdengo|move: Protect
|-crit|p2a: Annihilape
|-damage|p2a: Annihilape|17/100 brn
|-damage|p1a: Garchomp|91/100|[from] item: Life Orb
|move|p2a: Annihilape|Rage Fist|p1a: Garchomp
|-damage|p1a: Garchomp|69/100
|-damage|p2a: Annihilape|5/100 brn|[from] ability: Rough Skin|[of] p1a: Garchomp
|
|-damage|p2a: Annihilape|0 fnt|[from] brn
|faint|p2a: Annihilape
|upkeep
|
|t:|1756270680
|switch|p2a: Ursaluna|Ursaluna-Bloodmoon, L50, M|64/100
|turn|7
|
|t:|1756270694
|move|p1a: Garchomp|Earthquake|p2b: Gholdengo|[spread] p2a,p2b
|-supereffective|p2b: Gholdengo
|-damage|p2a: Ursaluna|24/100
|-damage|p2b: Gholdengo|0 fnt
|faint|p2b: Gholdengo
|-damage|p1a: Garchomp|59/100|[from] item: Life Orb
|move|p2a: Ursaluna|Blood Moon|p1a: Garchomp
|-damage|p1a: Garchomp|0 fnt
|faint|p1a: Garchomp
|
|win|5minutestolive
||5minutestolive is ready for game 2.
