|j|☆the rainy mouse
|j|☆Gozante
|html|the rainy mouseGozante    
|uhtml|bestof|Game 2 of a best-of-3
|t:|1785769225
|gametype|doubles
|player|p1|the rainy mouse|pokemaniac|1396
|player|p2|Gozante|2|1537
|gen|9
|tier|[Gen 9 Champions] VGC 2026 Reg M-B (Bo3)
|rated|
|rule|Species Clause: Limit one of each Pokémon
|rule|Item Clause: Limit 1 of each item
|clearpoke
|poke|p1|Charizard, L50, M|
|poke|p1|Garchomp, L50, M|
|poke|p1|Incineroar, L50, F|
|poke|p1|Venusaur, L50, F|
|poke|p1|Toxapex, L50, F|
|poke|p1|Annihilape, L50, F|
|poke|p2|Floette-Eternal, L50, F|
|poke|p2|Delphox, L50, F|
|poke|p2|Sneasler, L50, F|
|poke|p2|Incineroar, L50, M|
|poke|p2|Kingambit, L50, M|
|poke|p2|Sinistcha, L50|
|teampreview|4
|showteam|p1|Charizard||CharizarditeY|Blaze|WeatherBall,HeatWave,AncientPower,Protect|Modest||M|||50|]Garchomp||ChoiceScarf|RoughSkin|RockSlide,DragonClaw,Earthquake,StompingTantrum|Adamant||M|||50|]Incineroar||SitrusBerry|Intimidate|FlareBlitz,FakeOut,DarkestLariat,PartingShot|Impish||F|||50|]Venusaur||LifeOrb|Chlorophyll|SludgeBomb,LeafStorm,EarthPower,Protect|Modest||F|||50|]Toxapex||Leftovers|Regenerator|Infestation,Toxic,WideGuard,BanefulBunker|Bold||F|||50|]Annihilape||FocusSash|Defiant|CloseCombat,PhantomForce,RockTomb,Protect|Adamant||F|||50|
|showteam|p2|Floette-Eternal||Floettite|FlowerVeil|Protect,CalmMind,DazzlingGleam,Moonblast|Modest||F|||50|]Delphox||Delphoxite|Blaze|Protect,NastyPlot,Psychic,HeatWave|Modest||F|||50|]Sneasler||FocusSash|PoisonTouch|FakeOut,PoisonJab,CloseCombat,RockTomb|Jolly||F|||50|]Incineroar||SitrusBerry|Intimidate|FakeOut,ThroatChop,PartingShot,FlareBlitz|Careful||M|||50|]Kingambit||LifeOrb|Defiant|Protect,SwordsDance,SuckerPunch,KowtowCleave|Adamant||M|||50|]Sinistcha||ColburBerry|Hospitality|Protect,TrickRoom,RagePowder,MatchaGotcha|Bold|||||50|
|
|t:|1785769264
|teamsize|p1|4
|teamsize|p2|4
|start
|switch|p1a: Annihilape|Annihilape, L50, F|100/100
|switch|p1b: Incineroar|Incineroar, L50, F|100/100
|switch|p2a: Sneasler|Sneasler, L50, F|100/100
|switch|p2b: Delphox|Delphox, L50, F|100/100
|-ability|p1b: Incineroar|Intimidate|boost
|-unboost|p2a: Sneasler|atk|1
|-unboost|p2b: Delphox|atk|1
|turn|1
|
|t:|1785769273
|detailschange|p2b: Delphox|Delphox-Mega, L50, F
|-mega|p2b: Delphox|Delphox|Delphoxite
|move|p2a: Sneasler|Fake Out|p1b: Incineroar
|-damage|p1b: Incineroar|92/100
|cant|p1b: Incineroar|flinch
|move|p2b: Delphox|Heat Wave|p1a: Annihilape|[spread] p1a,p1b
|-resisted|p1b: Incineroar|1
|-damage|p1a: Annihilape|54/100
|-damage|p1b: Incineroar|75/100
|move|p1a: Annihilape|Phantom Force||[still]
|-prepare|p1a: Annihilape|Phantom Force
|
|upkeep
|turn|2
|inactive|Battle timer is ON: inactive players will automatically lose when time's up. (requested by the rainy mouse)
|
|t:|1785769298
|switch|p2b: Incineroar|Incineroar, L50, M|100/100
|-ability|p2b: Incineroar|Intimidate|boost
|-unboost|p1a: Annihilape|atk|1
|-ability|p1a: Annihilape|Defiant|boost
|-boost|p1a: Annihilape|atk|2
|-unboost|p1b: Incineroar|atk|1
|switch|p1b: Toxapex|Toxapex, L50, F|100/100
|move|p2a: Sneasler|Poison Jab|p1b: Toxapex
|-resisted|p1b: Toxapex|1
|-crit|p1b: Toxapex
|-damage|p1b: Toxapex|77/100
|move|p1a: Annihilape|Phantom Force|p2b: Incineroar|[from] lockedmove
|-resisted|p2b: Incineroar|1
|-damage|p2b: Incineroar|67/100
|
|-heal|p1b: Toxapex|83/100|[from] item: Leftovers
|upkeep
|turn|3
|
|t:|1785769317
|move|p2a: Sneasler|Rock Tomb|p1a: Annihilape
|-resisted|p1a: Annihilape|1
|-damage|p1a: Annihilape|46/100
|-unboost|p1a: Annihilape|spe|1
|-ability|p1a: Annihilape|Defiant|boost
|-boost|p1a: Annihilape|atk|2
|move|p2b: Incineroar|Flare Blitz|p1a: Annihilape
|-damage|p1a: Annihilape|0 fnt
|faint|p1a: Annihilape
|-damage|p2b: Incineroar|52/100|[from] Recoil
|move|p1b: Toxapex|Infestation|p2a: Sneasler
|-resisted|p2a: Sneasler|2
|-damage|p2a: Sneasler|99/100
|-activate|p2a: Sneasler|move: Infestation|[of] p1b: Toxapex
|
|-heal|p1b: Toxapex|89/100|[from] item: Leftovers
|-damage|p2a: Sneasler|87/100|[from] move: Infestation|[partiallytrapped]
|upkeep
|inactive|the rainy mouse has 30 seconds left.
|
|t:|1785769345
|switch|p1a: Charizard|Charizard, L50, M|100/100
|turn|4
|
|t:|1785769365
|switch|p1a: Incineroar|Incineroar, L50, F|75/100
|-ability|p1a: Incineroar|Intimidate|boost
|-unboost|p2a: Sneasler|atk|1
|-unboost|p2b: Incineroar|atk|1
|move|p2a: Sneasler|Rock Tomb|p1a: Incineroar
|-supereffective|p1a: Incineroar|1
|-damage|p1a: Incineroar|57/100
|-unboost|p1a: Incineroar|spe|1
|move|p2b: Incineroar|Parting Shot|p1b: Toxapex
|-unboost|p1b: Toxapex|atk|1
|-unboost|p1b: Toxapex|spa|1
|
|t:|1785769377
|switch|p2b: Delphox|Delphox-Mega, L50, F|100/100|[from] Parting Shot
|move|p1b: Toxapex|Infestation|p2b: Delphox
|-damage|p2b: Delphox|98/100
|-activate|p2b: Delphox|move: Infestation|[of] p1b: Toxapex
|
|-heal|p1b: Toxapex|94/100|[from] item: Leftovers
|-damage|p2a: Sneasler|75/100|[from] move: Infestation|[partiallytrapped]
|-damage|p2b: Delphox|85/100|[from] move: Infestation|[partiallytrapped]
|upkeep
|turn|5
|
|t:|1785769402
|move|p2a: Sneasler|Close Combat|p1a: Incineroar
|-supereffective|p1a: Incineroar|1
|-damage|p1a: Incineroar|6/100
|-unboost|p2a: Sneasler|def|1
|-unboost|p2a: Sneasler|spd|1
|-status|p1a: Incineroar|psn|[from] ability: Poison Touch|[of] p2a: Sneasler
|-enditem|p1a: Incineroar|Sitrus Berry|[eat]
|-heal|p1a: Incineroar|31/100 psn|[from] item: Sitrus Berry
|move|p2b: Delphox|Psychic|p1b: Toxapex
|-supereffective|p1b: Toxapex|1
|-damage|p1b: Toxapex|18/100
|move|p1b: Toxapex|Toxic|p2b: Delphox
|-status|p2b: Delphox|tox
|move|p1a: Incineroar|Darkest Lariat|p2b: Delphox
|-supereffective|p2b: Delphox|1
|-damage|p2b: Delphox|0 fnt
|faint|p2b: Delphox
|
|-heal|p1b: Toxapex|24/100|[from] item: Leftovers
|-damage|p1a: Incineroar|18/100 psn|[from] psn
|-damage|p2a: Sneasler|63/100|[from] move: Infestation|[partiallytrapped]
|upkeep
|
|t:|1785769419
|switch|p2b: Sinistcha|Sinistcha, L50|100/100
|-heal|p2a: Sneasler|87/100|[from] ability: Hospitality|[of] p2b: Sinistcha
|turn|6
|inactive|Gozante has 30 seconds left.
|
|t:|1785769447
|-heal|p1b: Toxapex|57/100|[from] ability: Regenerator|[silent]
|switch|p1b: Charizard|Charizard, L50, M|100/100
|move|p2a: Sneasler|Rock Tomb|p1a: Incineroar
|-supereffective|p1a: Incineroar|1
|-damage|p1a: Incineroar|1/100 psn
|-unboost|p1a: Incineroar|spe|1
|move|p2b: Sinistcha|Matcha Gotcha|p1b: Charizard|[spread] p1a,p1b
|-resisted|p1a: Incineroar|1
|-resisted|p1b: Charizard|2
|-damage|p1a: Incineroar|0 fnt
|-damage|p1b: Charizard|92/100
|faint|p1a: Incineroar
|
|-end|p2a: Sneasler|Infestation|[partiallytrapped]|[silent]
|upkeep
|
|t:|1785769456
|switch|p1a: Toxapex|Toxapex, L50, F|57/100
|turn|7
|
|t:|1785769475
|switch|p2a: Incineroar|Incineroar, L50, M|52/100
|-ability|p2a: Incineroar|Intimidate|boost
|-unboost|p1a: Toxapex|atk|1
|-unboost|p1b: Charizard|atk|1
|detailschange|p1b: Charizard|Charizard-Mega-Y, L50, M
|-mega|p1b: Charizard|Charizard|Charizardite Y
|-weather|SunnyDay|[from] ability: Drought|[of] p1b: Charizard
|move|p1b: Charizard|Heat Wave|p2a: Incineroar|[spread] p2a,p2b
|-resisted|p2a: Incineroar|1
|-supereffective|p2b: Sinistcha|1
|-crit|p2b: Sinistcha
|-damage|p2a: Incineroar|26/100
|-damage|p2b: Sinistcha|0 fnt
|-enditem|p2a: Incineroar|Sitrus Berry|[eat]
|-heal|p2a: Incineroar|51/100|[from] item: Sitrus Berry
|faint|p2b: Sinistcha
|move|p1a: Toxapex|Toxic|p2a: Incineroar
|-status|p2a: Incineroar|tox
|
|-weather|SunnyDay|[upkeep]
|-heal|p1a: Toxapex|63/100|[from] item: Leftovers
|-damage|p2a: Incineroar|45/100 tox|[from] psn
|upkeep
|
|t:|1785769477
|switch|p2b: Sneasler|Sneasler, L50, F|87/100
|turn|8
|
|t:|1785769497
|move|p1b: Charizard|Protect|p1b: Charizard
|-singleturn|p1b: Charizard|Protect
|move|p2a: Incineroar|Fake Out|p1a: Toxapex
|-damage|p1a: Toxapex|56/100
|move|p2b: Sneasler|Close Combat|p1a: Toxapex
|-resisted|p1a: Toxapex|1
|-damage|p1a: Toxapex|34/100
|-unboost|p2b: Sneasler|def|1
|-unboost|p2b: Sneasler|spd|1
|cant|p1a: Toxapex|flinch
|
|-weather|SunnyDay|[upkeep]
|-heal|p1a: Toxapex|40/100|[from] item: Leftovers
|-damage|p2a: Incineroar|33/100 tox|[from] psn
|upkeep
|turn|9
|
|t:|1785769512
|move|p2b: Sneasler|Rock Tomb|p1b: Charizard
|-supereffective|p1b: Charizard|2
|-damage|p1b: Charizard|0 fnt
|faint|p1b: Charizard
|move|p2a: Incineroar|Throat Chop|p1a: Toxapex
|-damage|p1a: Toxapex|20/100y
|-start|p1a: Toxapex|Throat Chop|[silent]
|move|p1a: Toxapex|Infestation|p2b: Sneasler
|-resisted|p2b: Sneasler|2
|-damage|p2b: Sneasler|86/100
|-activate|p2b: Sneasler|move: Infestation|[of] p1a: Toxapex
|
|-weather|SunnyDay|[upkeep]
|-heal|p1a: Toxapex|26/100|[from] item: Leftovers
|-damage|p2a: Incineroar|15/100 tox|[from] psn
|-damage|p2b: Sneasler|74/100|[from] move: Infestation|[partiallytrapped]
|upkeep
|turn|10
|
|t:|1785769525
|move|p1a: Toxapex|Baneful Bunker|p1a: Toxapex
|-singleturn|p1a: Toxapex|move: Protect
|move|p2b: Sneasler|Close Combat|p1a: Toxapex
|-activate|p1a: Toxapex|move: Protect
|move|p2a: Incineroar|Throat Chop|p1a: Toxapex
|-activate|p1a: Toxapex|move: Protect
|
|-weather|SunnyDay|[upkeep]
|-heal|p1a: Toxapex|31/100|[from] item: Leftovers
|-damage|p2a: Incineroar|0 fnt|[from] psn
|faint|p2a: Incineroar
|-damage|p2b: Sneasler|62/100|[from] move: Infestation|[partiallytrapped]
|-end|p1a: Toxapex|Throat Chop|[silent]
|upkeep
|turn|11
|
|t:|1785769539
|move|p1a: Toxapex|Baneful Bunker|p1a: Toxapex
|-singleturn|p1a: Toxapex|move: Protect
|move|p2b: Sneasler|Close Combat|p1a: Toxapex
|-activate|p1a: Toxapex|move: Protect
|
|-weather|none
|-heal|p1a: Toxapex|37/100|[from] item: Leftovers
|-damage|p2b: Sneasler|50/100g|[from] move: Infestation|[partiallytrapped]
|upkeep
|turn|12
|
|t:|1785769542
|move|p2b: Sneasler|Close Combat|p1a: Toxapex
|-resisted|p1a: Toxapex|1
|-damage|p1a: Toxapex|16/100
|-unboost|p2b: Sneasler|def|1
|-unboost|p2b: Sneasler|spd|1
|move|p1a: Toxapex|Infestation|p2b: Sneasler
|-resisted|p2b: Sneasler|2
|-damage|p2b: Sneasler|48/100
|
|-heal|p1a: Toxapex|22/100|[from] item: Leftovers
|-damage|p2b: Sneasler|36/100|[from] move: Infestation|[partiallytrapped]
|upkeep
|turn|13
|
|t:|1785769548
|move|p1a: Toxapex|Baneful Bunker|p1a: Toxapex
|-singleturn|p1a: Toxapex|move: Protect
|move|p2b: Sneasler|Close Combat|p1a: Toxapex
|-activate|p1a: Toxapex|move: Protect
|
|-heal|p1a: Toxapex|28/100|[from] item: Leftovers
|-end|p2b: Sneasler|Infestation|[partiallytrapped]
|upkeep
|turn|14
|
|t:|1785769553
|move|p2b: Sneasler|Close Combat|p1a: Toxapex
|-resisted|p1a: Toxapex|1
|-damage|p1a: Toxapex|7/100
|-unboost|p2b: Sneasler|def|1
|-unboost|p2b: Sneasler|spd|1
|move|p1a: Toxapex|Infestation|p2b: Sneasler
|-resisted|p2b: Sneasler|2
|-damage|p2b: Sneasler|33/100
|-activate|p2b: Sneasler|move: Infestation|[of] p1a: Toxapex
|
|-heal|p1a: Toxapex|12/100|[from] item: Leftovers
|-damage|p2b: Sneasler|21/100|[from] move: Infestation|[partiallytrapped]
|upkeep
|turn|15
|
|t:|1785769565
|move|p1a: Toxapex|Baneful Bunker|p1a: Toxapex
|-singleturn|p1a: Toxapex|move: Protect
|move|p2b: Sneasler|Rock Tomb|p1a: Toxapex
|-activate|p1a: Toxapex|move: Protect
|
|-heal|p1a: Toxapex|18/100|[from] item: Leftovers
|-damage|p2b: Sneasler|9/100|[from] move: Infestation|[partiallytrapped]
|upkeep
|turn|16
|
|t:|1785769567
|move|p1a: Toxapex|Baneful Bunker|p1a: Toxapex
|-singleturn|p1a: Toxapex|move: Protect
|move|p2b: Sneasler|Close Combat|p1a: Toxapex
|-activate|p1a: Toxapex|move: Protect
|
|-heal|p1a: Toxapex|24/100|[from] item: Leftovers
|-damage|p2b: Sneasler|0 fnt|[from] move: Infestation|[partiallytrapped]
|faint|p2b: Sneasler
|
|win|the rainy mouse
||the rainy mouse is ready for game 3.
||Gozante is ready for game 3.
|uhtml|next|Next: Game 3 of 3
|l|☆Gozante
|player|p2|
