|j|☆patrulheirogeek
|j|☆CalliopeOKBH
|html|patrulheirogeekCalliopeOKBH    
|uhtml|bestof|Game 2 of a best-of-3
|t:|1757022554
|gametype|doubles
|player|p1|patrulheirogeek|101|1016
|player|p2|CalliopeOKBH|zinnia|1011
|gen|9
|tier|[Gen 9] VGC 2025 Reg H (Bo3)
|rated|
|rule|Species Clause: Limit one of each Pokémon
|rule|Item Clause: Limit 1 of each item
|clearpoke
|poke|p1|Torkoal, L50, F|
|poke|p1|Milotic, L50, F|
|poke|p1|Rillaboom, L50, F|
|poke|p1|Dragonite, L50, M|
|poke|p1|Ursaluna, L50, F|
|poke|p1|Dusclops, L50, M|
|poke|p2|Tyranitar, L50, M|
|poke|p2|Excadrill, L50, M|
|poke|p2|Gholdengo, L50|
|poke|p2|Garchomp, L50, F|
|poke|p2|Incineroar, L50, M|
|poke|p2|Corviknight, L50, F|
|teampreview|4
|showteam|p1|Torkoal||SitrusBerry|Drought|Eruption,SolarBeam,EarthPower,Yawn|||F|||50|,,,,,Fire]Milotic||Leftovers|MarvelScale|Recover,WeatherBall,DrainingKiss,HydroPump|||F|||50|,,,,,Fairy]Rillaboom||AssaultVest|GrassySurge|WoodHammer,Uturn,FakeOut,KnockOff|||F|||50|,,,,,Fire]Dragonite||ChoiceBand|InnerFocus|ExtremeSpeed,Outrage,IronHead,DragonTail|||M|||50|,,,,,Normal]Ursaluna||FlameOrb|Guts|Protect,Facade,DrainPunch,RockSlide|||F|||50|,,,,,Ghost]Dusclops||Eviolite|Pressure|TrickRoom,Taunt,WillOWisp,BodySlam|||M|||50|,,,,,Dark
|showteam|p2|Tyranitar||AssaultVest|SandStream|RockSlide,KnockOff,TeraBlast,IceBeam|||M|||50|,,,,,Flying]Excadrill||ClearAmulet|SandRush|Earthquake,HighHorsepower,IronHead,Protect|||M|||50|,,,,,Ground]Gholdengo||ChoiceScarf|GoodasGold|Trick,MakeItRain,ShadowBall,Protect||||||50|,,,,,Steel]Garchomp||BrightPowder|SandVeil|Protect,StompingTantrum,DragonClaw,RockSlide|||F|||50|,,,,,Ghost]Incineroar||SafetyGoggles|Intimidate|FakeOut,FlareBlitz,Taunt,PartingShot|||M|||50|,,,,,Bug]Corviknight||CovertCloak|MirrorArmor|BodyPress,IronHead,Tailwind,BulkUp|||F|||50|,,,,,Fighting
|inactive|Battle timer is ON: inactive players will automatically lose when time's up. (requested by CalliopeOKBH)
|inactive|CalliopeOKBH has 60 seconds left.
|
|t:|1757022590
|teamsize|p1|4
|teamsize|p2|4
|start
|switch|p1a: Dragonite|Dragonite, L50, M, shiny|100/100
|switch|p1b: Dusclops|Dusclops, L50, M|100/100
|switch|p2a: Gholdengo|Gholdengo, L50|100/100
|switch|p2b: Incineroar|Incineroar, L50, M|100/100
|-ability|p2b: Incineroar|Intimidate|boost
|-fail|p1a: Dragonite|unboost|Attack|[from] ability: Inner Focus|[of] p1a: Dragonite
|-unboost|p1b: Dusclops|atk|1
|-ability|p1b: Dusclops|Pressure
|turn|1
|inactive|patrulheirogeek has 30 seconds left.
|
|t:|1757022625
|switch|p2a: Tyranitar|Tyranitar, L50, M|100/100
|-weather|Sandstorm|[from] ability: Sand Stream|[of] p2a: Tyranitar
|move|p1a: Dragonite|Outrage|p2b: Incineroar
|-damage|p2b: Incineroar|20/100
|move|p2b: Incineroar|Taunt|p1b: Dusclops
|-start|p1b: Dusclops|move: Taunt
|cant|p1b: Dusclops|move: Taunt|Trick Room
|
|-weather|Sandstorm|[upkeep]
|-damage|p1a: Dragonite|94/100|[from] Sandstorm
|-damage|p1b: Dusclops|95/100|[from] Sandstorm
|upkeep
|turn|2
|
|t:|1757022647
|switch|p2b: Gholdengo|Gholdengo, L50|100/100
|switch|p1b: Torkoal|Torkoal, L50, F|100/100
|-weather|SunnyDay|[from] ability: Drought|[of] p1b: Torkoal
|move|p1a: Dragonite|Outrage|p2b: Gholdengo|[from] lockedmove
|-resisted|p2b: Gholdengo
|-damage|p2b: Gholdengo|49/100
|-start|p1a: Dragonite|confusion|[fatigue]
|move|p2a: Tyranitar|Ice Beam|p1a: Dragonite
|-supereffective|p1a: Dragonite
|-damage|p1a: Dragonite|24/100
|
|-weather|SunnyDay|[upkeep]
|upkeep
|turn|3
|inactive|CalliopeOKBH has 30 seconds left.
|
|t:|1757022673
|switch|p2a: Incineroar|Incineroar, L50, M|20/100
|-ability|p2a: Incineroar|Intimidate|boost
|-fail|p1a: Dragonite|unboost|Attack|[from] ability: Inner Focus|[of] p1a: Dragonite
|-unboost|p1b: Torkoal|atk|1
|-terastallize|p1b: Torkoal|Fire
|move|p2b: Gholdengo|Trick|p1b: Torkoal
|-activate|p2b: Gholdengo|move: Trick|[of] p1b: Torkoal
|-item|p1b: Torkoal|Choice Scarf|[from] move: Trick
|-item|p2b: Gholdengo|Sitrus Berry|[from] move: Trick
|-enditem|p2b: Gholdengo|Sitrus Berry|[eat]
|-heal|p2b: Gholdengo|73/100|[from] item: Sitrus Berry
|-activate|p1a: Dragonite|confusion
|-damage|p1a: Dragonite|11/100|[from] confusion
|move|p1b: Torkoal|Eruption|p2a: Incineroar|[spread] p2a,p2b
|-resisted|p2a: Incineroar
|-supereffective|p2b: Gholdengo
|-damage|p2a: Incineroar|0 fnt
|-damage|p2b: Gholdengo|0 fnt
|faint|p2a: Incineroar
|faint|p2b: Gholdengo
|
|-weather|SunnyDay|[upkeep]
|upkeep
|
|t:|1757022688
|switch|p2b: Garchomp|Garchomp, L50, F|100/100
|switch|p2a: Tyranitar|Tyranitar, L50, M|100/100
|-weather|Sandstorm|[from] ability: Sand Stream|[of] p2a: Tyranitar
|turn|4
|
|t:|1757022700
|switch|p1b: Rillaboom|Rillaboom, L50, F|100/100
|-fieldstart|move: Grassy Terrain|[from] ability: Grassy Surge|[of] p1b: Rillaboom
|move|p2b: Garchomp|Rock Slide|p1b: Rillaboom|[spread] p1b
|-miss|p2b: Garchomp|p1a: Dragonite
|-damage|p1b: Rillaboom|82/100
|-end|p1a: Dragonite|confusion
|move|p1a: Dragonite|Outrage|p2a: Tyranitar
|-crit|p2a: Tyranitar
|-damage|p2a: Tyranitar|0 fnt
|faint|p2a: Tyranitar
|
|-weather|Sandstorm|[upkeep]
|-damage|p1b: Rillaboom|76/100|[from] Sandstorm
|-damage|p1a: Dragonite|5/100|[from] Sandstorm
|-heal|p1b: Rillaboom|82/100|[from] Grassy Terrain
|upkeep
|turn|5
|
|t:|1757022715
|switch|p1b: Torkoal|Torkoal, L50, F, tera:Fire|100/100
|-weather|SunnyDay|[from] ability: Drought|[of] p1b: Torkoal
|move|p2b: Garchomp|Rock Slide|p1b: Torkoal|[spread] p1a,p1b
|-supereffective|p1a: Dragonite
|-supereffective|p1b: Torkoal
|-damage|p1a: Dragonite|0 fnt
|-damage|p1b: Torkoal|66/100
|faint|p1a: Dragonite
|
|-weather|SunnyDay|[upkeep]
|-heal|p1b: Torkoal|72/100|[from] Grassy Terrain
|upkeep
|
|t:|1757022725
|switch|p1a: Dusclops|Dusclops, L50, M|95/100
|-ability|p1a: Dusclops|Pressure
|turn|6
|inactive|patrulheirogeek has 30 seconds left.
|
|t:|1757022751
|move|p2b: Garchomp|Rock Slide|p1b: Torkoal|[spread] p1a,p1b
|-supereffective|p1b: Torkoal
|-damage|p1a: Dusclops|80/100
|-damage|p1b: Torkoal|37/100
|move|p1b: Torkoal|Earth Power|p2b: Garchomp
|-damage|p2b: Garchomp|73/100
|cant|p1a: Dusclops|flinch
|
|-weather|SunnyDay|[upkeep]
|-heal|p2b: Garchomp|78/100|[from] Grassy Terrain
|-heal|p1b: Torkoal|43/100|[from] Grassy Terrain
|-heal|p1a: Dusclops|86/100|[from] Grassy Terrain
|upkeep
|turn|7
|inactive|CalliopeOKBH has 30 seconds left.
|
|t:|1757022777
|switch|p1b: Rillaboom|Rillaboom, L50, F|82/100
|move|p2b: Garchomp|Rock Slide|p1b: Rillaboom|[spread] p1a,p1b
|-damage|p1a: Dusclops|73/100
|-damage|p1b: Rillaboom|64/100
|move|p1a: Dusclops|Will-O-Wisp|p2b: Garchomp
|-status|p2b: Garchomp|brn
|
|-weather|SunnyDay|[upkeep]
|-heal|p2b: Garchomp|84/100 brn|[from] Grassy Terrain
|-heal|p1b: Rillaboom|70/100|[from] Grassy Terrain
|-heal|p1a: Dusclops|79/100|[from] Grassy Terrain
|-damage|p2b: Garchomp|78/100 brn|[from] brn
|upkeep
|turn|8
|
|t:|1757022800
|-terastallize|p2b: Garchomp|Ghost
|move|p1b: Rillaboom|Fake Out|p2b: Garchomp
|-immune|p2b: Garchomp
|move|p2b: Garchomp|Rock Slide|p1a: Dusclops|[spread] p1a,p1b
|-damage|p1a: Dusclops|72/100
|-damage|p1b: Rillaboom|62/100
|cant|p1a: Dusclops|flinch
|
|-weather|SunnyDay|[upkeep]
|-heal|p2b: Garchomp|84/100 brn|[from] Grassy Terrain
|-heal|p1b: Rillaboom|67/100|[from] Grassy Terrain
|-heal|p1a: Dusclops|77/100|[from] Grassy Terrain
|-damage|p2b: Garchomp|78/100 brn|[from] brn
|-fieldend|move: Grassy Terrain
|upkeep
|turn|9
|
|t:|1757022822
|move|p2b: Garchomp|Dragon Claw|p1a: Dusclops
|-damage|p1a: Dusclops|62/100
|move|p1b: Rillaboom|Knock Off|p2b: Garchomp
|-supereffective|p2b: Garchomp
|-damage|p2b: Garchomp|18/100 brn
|-enditem|p2b: Garchomp|Bright Powder|[from] move: Knock Off|[of] p1b: Rillaboom
|move|p1a: Dusclops|Trick Room|p1a: Dusclops
|-fieldstart|move: Trick Room|[of] p1a: Dusclops
|
|-weather|none
|-damage|p2b: Garchomp|12/100 brn|[from] brn
|upkeep
|turn|10
|
|t:|1757022841
|move|p1a: Dusclops|Body Slam|p2b: Garchomp
|-immune|p2b: Garchomp
|move|p1b: Rillaboom|Knock Off|p2b: Garchomp
|-supereffective|p2b: Garchomp
|-damage|p2b: Garchomp|0 fnt
|faint|p2b: Garchomp
|
|win|patrulheirogeek
||CalliopeOKBH is ready for game 3.
|inactive|patrulheirogeek has 30 seconds to confirm battle start!
|l|☆patrulheirogeek
|player|p1|
|inactive|patrulheirogeek has 20 seconds to confirm battle start!
|inactive|patrulheirogeek has 10 seconds to confirm battle start!
|uhtml|next|Next: Game 3 of 3
