|j|☆Hadrian1917
|j|☆copicentrovgc
|html|Hadrian1917copicentrovgc    
|uhtml|bestof|Game 2 of a best-of-3
|t:|1756166361
|gametype|doubles
|player|p1|Hadrian1917|266|1053
|player|p2|copicentrovgc|ingo|1101
|gen|9
|tier|[Gen 9] VGC 2025 Reg H (Bo3)
|rated|
|rule|Species Clause: Limit one of each Pokémon
|rule|Item Clause: Limit 1 of each item
|clearpoke
|poke|p1|Gholdengo, L50|
|poke|p1|Incineroar, L50, M|
|poke|p1|Amoonguss, L50, M|
|poke|p1|Archaludon, L50, F|
|poke|p1|Pelipper, L50, F|
|poke|p1|Dragonite, L50, M|
|poke|p2|Garganacl, L50, M|
|poke|p2|Dondozo, L50, F|
|poke|p2|Sneasler, L50, M|
|poke|p2|Gholdengo, L50|
|poke|p2|Ninetales-Alola, L50, F|
|poke|p2|Incineroar, L50, F|
|teampreview|4
|showteam|p1|Gholdengo||LifeOrb|GoodasGold|MakeItRain,ShadowBall,NastyPlot,Protect||||||50|,,,,,Water]Incineroar||SafetyGoggles|Intimidate|FlareBlitz,KnockOff,FakeOut,PartingShot|||M|||50|,,,,,Ghost]Amoonguss||RockyHelmet|Regenerator|RagePowder,PollenPuff,Protect,Spore|||M|||50|,,,,,Dark]Archaludon||AssaultVest|Stamina|FlashCannon,DracoMeteor,BodyPress,ElectroShot|||F|||50|,,,,,Grass]Pelipper||FocusSash|Drizzle|Hurricane,WeatherBall,Protect,WideGuard|||F|||50|,,,,,Ghost]Dragonite||LoadedDice|Multiscale|ScaleShot,Haze,Tailwind,Protect|||M|||50|,,,,,Fairy
|showteam|p2|Garganacl||MarangaBerry|PurifyingSalt|SaltCure,StealthRock,Protect,Recover|||M|||50|,,,,,Flying]Dondozo||Leftovers|Unaware|Liquidation,Yawn,Curse,Protect|||F|||50|,,,,,Poison]Sneasler||FocusSash|PoisonTouch|DireClaw,CloseCombat,Coaching,Protect|||M|||50|,,,,,Ghost]Gholdengo||ChoiceScarf|GoodasGold|MakeItRain,ShadowBall,Trick,PowerGem||||||50|,,,,,Steel]Ninetales-Alola||NeverMeltIce|SnowWarning|Blizzard,FreezeDry,Protect,AuroraVeil|||F|||50|,,,,,Ice]Incineroar||AssaultVest|Intimidate|FlareBlitz,KnockOff,FakeOut,DrainPunch|||F|||50|,,,,,Grass
|
|t:|1756166385
|teamsize|p1|4
|teamsize|p2|4
|start
|switch|p1a: Incineroar|Incineroar, L50, M|100/100
|switch|p1b: Gholdengo|Gholdengo, L50|100/100
|switch|p2a: Sneasler|Sneasler, L50, M|100/100
|switch|p2b: Incineroar|Incineroar, L50, F|100/100
|-ability|p1a: Incineroar|Intimidate|boost
|-unboost|p2a: Sneasler|atk|1
|-unboost|p2b: Incineroar|atk|1
|-ability|p2b: Incineroar|Intimidate|boost
|-unboost|p1a: Incineroar|atk|1
|-unboost|p1b: Gholdengo|atk|1
|turn|1
|inactive|Battle timer is ON: inactive players will automatically lose when time's up. (requested by Hadrian1917)
|inactive|Hadrian1917 has 60 seconds left.
|inactive|copicentrovgc has 60 seconds left.
|
|t:|1756166429
|switch|p1b: Archaludon|Archaludon, L50, F|100/100
|move|p1a: Incineroar|Fake Out|p2a: Sneasler
|-damage|p2a: Sneasler|89/100
|move|p2b: Incineroar|Fake Out|p1a: Incineroar
|-damage|p1a: Incineroar|92/100
|cant|p2a: Sneasler|flinch
|
|upkeep
|turn|2
|inactive|copicentrovgc has 30 seconds left.
|inactive|copicentrovgc has 20 seconds left.
|inactive|copicentrovgc has 15 seconds left.
|inactive|copicentrovgc has 10 seconds left.
|inactive|copicentrovgc has 5 seconds left.
|
|t:|1756166482
|switch|p1b: Gholdengo|Gholdengo, L50|100/100
|move|p2a: Sneasler|Close Combat|p1a: Incineroar
|-supereffective|p1a: Incineroar
|-damage|p1a: Incineroar|7/100
|-unboost|p2a: Sneasler|def|1
|-unboost|p2a: Sneasler|spd|1
|move|p1a: Incineroar|Parting Shot|p2b: Incineroar
|-unboost|p2b: Incineroar|atk|1
|-unboost|p2b: Incineroar|spa|1
|
|t:|1756166496
|switch|p1a: Pelipper|Pelipper, L50, F|100/100|[from] Parting Shot
|-weather|RainDance|[from] ability: Drizzle|[of] p1a: Pelipper
|move|p2b: Incineroar|Knock Off|p1b: Gholdengo
|-supereffective|p1b: Gholdengo
|-damage|p1b: Gholdengo|50/100
|-enditem|p1b: Gholdengo|Life Orb|[from] move: Knock Off|[of] p2b: Incineroar
|
|-weather|RainDance|[upkeep]
|upkeep
|turn|3
|inactive|copicentrovgc has 30 seconds left.
|
|t:|1756166523
|switch|p2b: Dondozo|Dondozo, L50, F|100/100
|move|p2a: Sneasler|Protect|p2a: Sneasler
|-singleturn|p2a: Sneasler|Protect
|move|p1a: Pelipper|Protect|p1a: Pelipper
|-singleturn|p1a: Pelipper|Protect
|move|p1b: Gholdengo|Nasty Plot|p1b: Gholdengo
|-boost|p1b: Gholdengo|spa|2
|
|-weather|RainDance|[upkeep]
|upkeep
|turn|4
|
|t:|1756166546
|switch|p1a: Incineroar|Incineroar, L50, M|7/100
|-ability|p1a: Incineroar|Intimidate|boost
|-unboost|p2a: Sneasler|atk|1
|-unboost|p2b: Dondozo|atk|1
|move|p2a: Sneasler|Coaching|p2b: Dondozo
|-boost|p2b: Dondozo|atk|1
|-boost|p2b: Dondozo|def|1
|move|p1b: Gholdengo|Shadow Ball|p2a: Sneasler
|-damage|p2a: Sneasler|0 fnt
|faint|p2a: Sneasler
|move|p2b: Dondozo|Liquidation|p1b: Gholdengo
|-damage|p1b: Gholdengo|0 fnt
|faint|p1b: Gholdengo
|
|-weather|RainDance|[upkeep]
|upkeep
|
|t:|1756166567
|switch|p2a: Incineroar|Incineroar, L50, F|100/100
|switch|p1b: Pelipper|Pelipper, L50, F|100/100
|-ability|p2a: Incineroar|Intimidate|boost
|-unboost|p1a: Incineroar|atk|1
|-unboost|p1b: Pelipper|atk|1
|turn|5
|inactive|copicentrovgc has 30 seconds left.
|
|t:|1756166600
|switch|p1a: Archaludon|Archaludon, L50, F|100/100
|-terastallize|p1b: Pelipper|Ghost
|move|p1b: Pelipper|Weather Ball|p2a: Incineroar
|-supereffective|p2a: Incineroar
|-damage|p2a: Incineroar|22/100
|move|p2a: Incineroar|Knock Off|p1b: Pelipper
|-supereffective|p1b: Pelipper
|-enditem|p1b: Pelipper|Focus Sash
|-damage|p1b: Pelipper|1/100
|move|p2b: Dondozo|Curse|p2b: Dondozo
|-unboost|p2b: Dondozo|spe|1
|-boost|p2b: Dondozo|atk|1
|-boost|p2b: Dondozo|def|1
|
|-weather|RainDance|[upkeep]
|upkeep
|turn|6
|inactive|copicentrovgc has 30 seconds left.
|inactive|Hadrian1917 has 30 seconds left.
|inactive|copicentrovgc has 20 seconds left.
|inactive|copicentrovgc has 15 seconds left.
|
|t:|1756166644
|-terastallize|p2b: Dondozo|Poison
|move|p1b: Pelipper|Protect|p1b: Pelipper
|-singleturn|p1b: Pelipper|Protect
|move|p1a: Archaludon|Electro Shot||[still]
|-prepare|p1a: Archaludon|Electro Shot
|-boost|p1a: Archaludon|spa|1
|-anim|p1a: Archaludon|Electro Shot|p2a: Incineroar
|-damage|p2a: Incineroar|0 fnt
|faint|p2a: Incineroar
|move|p2b: Dondozo|Liquidation|p1b: Pelipper
|-activate|p1b: Pelipper|move: Protect
|
|-weather|none
|upkeep
|
|t:|1756166653
|switch|p2a: Garganacl|Garganacl, L50, M|100/100
|turn|7
|inactive|Hadrian1917 has 30 seconds left.
|inactive|Hadrian1917 has 20 seconds left.
|inactive|Hadrian1917 has 15 seconds left.
|
|t:|1756166696
|switch|p1b: Incineroar|Incineroar, L50, M|7/100
|-ability|p1b: Incineroar|Intimidate|boost
|-unboost|p2a: Garganacl|atk|1
|-unboost|p2b: Dondozo|atk|1
|move|p1a: Archaludon|Flash Cannon|p2a: Garganacl
|-supereffective|p2a: Garganacl
|-damage|p2a: Garganacl|19/100
|-enditem|p2a: Garganacl|Maranga Berry|[eat]
|-boost|p2a: Garganacl|spd|1|[from] item: Maranga Berry
|move|p2a: Garganacl|Salt Cure|p1a: Archaludon
|-resisted|p1a: Archaludon
|-damage|p1a: Archaludon|97/100
|-start|p1a: Archaludon|Salt Cure
|-ability|p1a: Archaludon|Stamina|boost
|-boost|p1a: Archaludon|def|1
|move|p2b: Dondozo|Liquidation|p1b: Incineroar
|-supereffective|p1b: Incineroar
|-damage|p1b: Incineroar|0 fnt
|faint|p1b: Incineroar
|
|-damage|p1a: Archaludon|72/100|[from] Salt Cure
|upkeep
|
|t:|1756166713
|switch|p1b: Pelipper|Pelipper, L50, F, tera:Ghost|1/100
|-weather|RainDance|[from] ability: Drizzle|[of] p1b: Pelipper
|turn|8
|inactive|copicentrovgc has 30 seconds left.
|
|t:|1756166743
|move|p2a: Garganacl|Protect|p2a: Garganacl
|-singleturn|p2a: Garganacl|Protect
|move|p1b: Pelipper|Weather Ball|p2b: Dondozo
|-damage|p2b: Dondozo|50/100
|move|p1a: Archaludon|Electro Shot||[still]
|-prepare|p1a: Archaludon|Electro Shot
|-boost|p1a: Archaludon|spa|1
|-anim|p1a: Archaludon|Electro Shot|p2b: Dondozo
|-damage|p2b: Dondozo|20/100
|move|p2b: Dondozo|Liquidation|p1a: Archaludon
|-resisted|p1a: Archaludon
|-damage|p1a: Archaludon|53/100
|-ability|p1a: Archaludon|Stamina|boost
|-boost|p1a: Archaludon|def|1
|
|-weather|RainDance|[upkeep]
|-heal|p2b: Dondozo|26/100|[from] item: Leftovers
|-damage|p1a: Archaludon|28/100|[from] Salt Cure
|upkeep
|turn|9
|inactive|Hadrian1917 has 30 seconds left.
|inactive|copicentrovgc has 30 seconds left.
|inactive|copicentrovgc has 20 seconds left.
|inactive|copicentrovgc has 15 seconds left.
|inactive|copicentrovgc has 10 seconds left.
|
|t:|1756166793
|move|p2b: Dondozo|Protect|p2b: Dondozo
|-singleturn|p2b: Dondozo|Protect
|move|p1b: Pelipper|Weather Ball|p2b: Dondozo
|-activate|p2b: Dondozo|move: Protect
|move|p1a: Archaludon|Flash Cannon|p2a: Garganacl
|-supereffective|p2a: Garganacl
|-damage|p2a: Garganacl|0 fnt
|faint|p2a: Garganacl
|
|-weather|RainDance|[upkeep]
|-heal|p2b: Dondozo|32/100|[from] item: Leftovers
|-damage|p1a: Archaludon|3/100|[from] Salt Cure
|upkeep
|turn|10
|inactive|Hadrian1917 has 30 seconds left.
|inactive|Hadrian1917 has 20 seconds left.
|inactive|Hadrian1917 has 15 seconds left.
|inactive|Hadrian1917 has 10 seconds left.
|inactive|Hadrian1917 has 5 seconds left.
|
|t:|1756166844
|move|p2b: Dondozo|Protect||[still]
|-fail|p2b: Dondozo
|move|p1b: Pelipper|Weather Ball|p2b: Dondozo
|-damage|p2b: Dondozo|0 fnt
|faint|p2b: Dondozo
|
|win|Hadrian1917
|raw|Hadrian1917's rating: 1053 → 1089(+36 for winning)
|raw|copicentrovgc's rating: 1101 → 1073(-28 for losing)
|l|☆Hadrian1917
|player|p1|
