|j|☆eklyst
|j|☆KodeBeast0526
|html|eklystKodeBeast0526    
|uhtml|bestof|Game 1 of a best-of-3
|t:|1785163582
|gametype|doubles
|player|p1|eklyst|pokemaniac|1181
|player|p2|KodeBeast0526|hiker|1196
|gen|9
|tier|[Gen 9 Champions] VGC 2026 Reg M-B (Bo3)
|rated|
|rule|Species Clause: Limit one of each Pokémon
|rule|Item Clause: Limit 1 of each item
|clearpoke
|poke|p1|Metagross, L50|
|poke|p1|Floette-Eternal, L50, F|
|poke|p1|Garchomp, L50, F|
|poke|p1|Aerodactyl, L50, M|
|poke|p1|Sinistcha, L50|
|poke|p1|Incineroar, L50, M|
|poke|p2|Aerodactyl, L50, M|
|poke|p2|Kingambit, L50, M|
|poke|p2|Sylveon, L50, M|
|poke|p2|Garchomp, L50, M|
|poke|p2|Charizard, L50, M|
|poke|p2|Farigiraf, L50, F, shiny|
|teampreview|4
|showteam|p1|Metagross||Metagrossite|ClearBody|PsychicFangs,IronHead,BulletPunch,Protect|Adamant|||||50|]Floette-Eternal||Floettite|FlowerVeil|DazzlingGleam,Moonblast,CalmMind,Protect|Modest||F|||50|]Garchomp||LifeOrb|RoughSkin|RockSlide,StompingTantrum,DragonClaw,Protect|Jolly||F|||50|]Aerodactyl||FocusSash|Unnerve|RockSlide,DualWingbeat,Tailwind,Protect|Jolly||M|||50|]Sinistcha||KasibBerry|Hospitality|MatchaGotcha,TrickRoom,RagePowder,Protect|Relaxed|||||50|]Incineroar||SitrusBerry|Intimidate|FakeOut,FlareBlitz,ThroatChop,PartingShot|Adamant||M|||50|
|showteam|p2|Aerodactyl||Aerodactylite|Unnerve|RockSlide,IceFang,Tailwind,WideGuard|Jolly||M|||50|]Kingambit||FocusSash|Defiant|KowtowCleave,SuckerPunch,IronHead,LowKick|Adamant||M|||50|]Sylveon||FairyFeather|Pixilate|Detect,HyperVoice,HyperBeam,QuickAttack|Modest||M|||50|]Garchomp||LifeOrb|RoughSkin|Earthquake,DragonClaw,StompingTantrum,Protect|Jolly||M|||50|]Charizard||CharizarditeY|Blaze|Protect,HeatWave,SolarBeam,WeatherBall|Modest||M|||50|]Farigiraf||SitrusBerry|ArmorTail|Thunderbolt,PsychicNoise,TrickRoom,HelpingHand|Bold||F|||50|
|inactive|Battle timer is ON: inactive players will automatically lose when time's up. (requested by eklyst)
|inactive|KodeBeast0526 has 60 seconds left.
|
|t:|1785163613
|teamsize|p1|4
|teamsize|p2|4
|start
|switch|p1a: Incineroar|Incineroar, L50, M|100/100
|switch|p1b: Sinistcha|Sinistcha, L50|100/100
|switch|p2a: Kingambit|Kingambit, L50, M|100/100
|switch|p2b: Farigiraf|Farigiraf, L50, F, shiny|100/100
|-ability|p1a: Incineroar|Intimidate|boost
|-unboost|p2a: Kingambit|atk|1
|-ability|p2a: Kingambit|Defiant|boost
|-boost|p2a: Kingambit|atk|2
|-unboost|p2b: Farigiraf|atk|1
|turn|1
|
|t:|1785163625
|move|p1b: Sinistcha|Protect|p1b: Sinistcha
|-singleturn|p1b: Sinistcha|Protect
|move|p2a: Kingambit|Low Kick|p1a: Incineroar
|-supereffective|p1a: Incineroar|1
|-damage|p1a: Incineroar|10/100
|-enditem|p1a: Incineroar|Sitrus Berry|[eat]
|-heal|p1a: Incineroar|35/100|[from] item: Sitrus Berry
|move|p2b: Farigiraf|Psychic Noise|p1b: Sinistcha
|-activate|p1b: Sinistcha|move: Protect
|move|p1a: Incineroar|Flare Blitz|p2a: Kingambit
|-supereffective|p2a: Kingambit|1
|-damage|p2a: Kingambit|6/100
|-damage|p1a: Incineroar|6/100|[from] Recoil
|
|upkeep
|turn|2
|
|t:|1785163644
|move|p2a: Kingambit|Kowtow Cleave|p1b: Sinistcha
|-supereffective|p1b: Sinistcha|1
|-damage|p1b: Sinistcha|0 fnt
|faint|p1b: Sinistcha
|move|p1a: Incineroar|Parting Shot|p2b: Farigiraf
|-unboost|p2b: Farigiraf|atk|1
|-unboost|p2b: Farigiraf|spa|1
|
|t:|1785163653
|switch|p1a: Garchomp|Garchomp, L50, F|100/100|[from] Parting Shot
|move|p2b: Farigiraf|Trick Room|p2b: Farigiraf
|-fieldstart|move: Trick Room|[of] p2b: Farigiraf
|
|upkeep
|
|t:|1785163659
|switch|p1b: Floette|Floette-Eternal, L50, F|100/100
|turn|3
|
|t:|1785163684
|detailschange|p1b: Floette|Floette-Mega, L50, F
|-mega|p1b: Floette|Floette|Floettite
|-ability|p1b: Floette|Fairy Aura
|move|p2b: Farigiraf|Helping Hand|p2a: Kingambit
|-singleturn|p2a: Kingambit|Helping Hand|[of] p2b: Farigiraf
|move|p2a: Kingambit|Kowtow Cleave|p1a: Garchomp
|-damage|p1a: Garchomp|0 fnt
|-damage|p2a: Kingambit|0 fnt|[from] ability: Rough Skin|[of] p1a: Garchomp
|faint|p1a: Garchomp
|faint|p2a: Kingambit
|move|p1b: Floette|Calm Mind|p1b: Floette
|-boost|p1b: Floette|spa|1
|-boost|p1b: Floette|spd|1
|
|upkeep
|
|t:|1785163697
|switch|p2a: Charizard|Charizard, L50, M|100/100
|switch|p1a: Incineroar|Incineroar, L50, M|6/100
|-ability|p1a: Incineroar|Intimidate|boost
|-unboost|p2a: Charizard|atk|1
|-unboost|p2b: Farigiraf|atk|1
|turn|4
|
|t:|1785163708
|detailschange|p2a: Charizard|Charizard-Mega-Y, L50, M
|-mega|p2a: Charizard|Charizard|Charizardite Y
|-weather|SunnyDay|[from] ability: Drought|[of] p2a: Charizard
|move|p2b: Farigiraf|Helping Hand|p2a: Charizard
|-singleturn|p2a: Charizard|Helping Hand|[of] p2b: Farigiraf
|move|p1a: Incineroar|Throat Chop|p2a: Charizard
|-damage|p2a: Charizard|58/100
|-start|p2a: Charizard|Throat Chop|[silent]
|move|p1b: Floette|Dazzling Gleam|p2b: Farigiraf|[spread] p2a,p2b
|-resisted|p2a: Charizard|1
|-damage|p2a: Charizard|28/100
|-damage|p2b: Farigiraf|32/100
|-enditem|p2b: Farigiraf|Sitrus Berry|[eat]
|-heal|p2b: Farigiraf|57/100|[from] item: Sitrus Berry
|move|p2a: Charizard|Heat Wave|p1a: Incineroar|[spread] p1a,p1b
|-resisted|p1a: Incineroar|1
|-damage|p1a: Incineroar|0 fnt
|-damage|p1b: Floette|55/100
|faint|p1a: Incineroar
|
|-weather|SunnyDay|[upkeep]
|upkeep
|turn|5
|
|t:|1785163723
|move|p2b: Farigiraf|Helping Hand|p2a: Charizard
|-singleturn|p2a: Charizard|Helping Hand|[of] p2b: Farigiraf
|move|p1b: Floette|Dazzling Gleam|p2b: Farigiraf|[spread] p2a,p2b
|-resisted|p2a: Charizard|1
|-damage|p2a: Charizard|0 fnt
|-damage|p2b: Farigiraf|0 fnt
|faint|p2a: Charizard
|faint|p2b: Farigiraf
|
|-weather|SunnyDay|[upkeep]
|upkeep
|
|t:|1785163729
|switch|p2b: Sylveon|Sylveon, L50, M|100/100
|turn|6
|
|t:|1785163741
|move|p1b: Floette|Protect|p1b: Floette
|-singleturn|p1b: Floette|Protect
|move|p2b: Sylveon|Hyper Beam|p1b: Floette
|-activate|p1b: Floette|move: Protect
|
|-weather|SunnyDay|[upkeep]
|-fieldend|move: Trick Room
|upkeep
|turn|7
|
|t:|1785163747
|move|p1b: Floette|Moonblast|p2b: Sylveon
|-damage|p2b: Sylveon|16/100
|move|p2b: Sylveon|Hyper Beam|p1b: Floette
|-crit|p1b: Floette
|-damage|p1b: Floette|0 fnt
|-mustrecharge|p2b: Sylveon
|faint|p1b: Floette
|
|win|KodeBeast0526
||eklyst is ready for game 2.
||KodeBeast0526 is ready for game 2.
|uhtml|next|Next: Game 2 of 3
