|j|☆0oBRUNCHo0
|j|☆Starkbert
|html|0oBRUNCHo0Starkbert    
|uhtml|bestof|Game 3 of a best-of-3
|t:|1786103133
|gametype|doubles
|player|p1|0oBRUNCHo0|unknown|1121
|player|p2|Starkbert|hilbert|1156
|gen|9
|tier|[Gen 9 Champions] VGC 2026 Reg M-B (Bo3)
|rated|
|rule|Species Clause: Limit one of each Pokémon
|rule|Item Clause: Limit 1 of each item
|clearpoke
|poke|p1|Arcanine-Hisui, L50, F|
|poke|p1|Aggron, L50, M, shiny|
|poke|p1|Farigiraf, L50, M|
|poke|p1|Garchomp, L50, F|
|poke|p1|Sinistcha-Masterpiece, L50, shiny|
|poke|p1|Vivillon-Pokeball, L50, F|
|poke|p2|Charizard, L50, M|
|poke|p2|Venusaur, L50, F|
|poke|p2|Pelipper, L50, F|
|poke|p2|Grimmsnarl, L50, M|
|poke|p2|Basculegion, L50, M|
|poke|p2|Archaludon, L50, M|
|teampreview|4
|showteam|p1|Arcanine-Hisui||FocusSash|RockHead|Protect,FlareBlitz,HeadSmash,ExtremeSpeed|Adamant||F|||50|]Aggron||Aggronite|HeavyMetal|BodyPress,HeavySlam,Protect,IronDefense|Sassy||M|||50|]Farigiraf||SitrusBerry|ArmorTail|Thunderbolt,Psychic,HelpingHand,TrickRoom|Relaxed||M|||50|]Garchomp||LifeOrb|RoughSkin|DragonClaw,Earthquake,Protect,RockSlide|Jolly||F|||50|]Sinistcha-Masterpiece||ColburBerry|Hospitality|MatchaGotcha,RagePowder,LifeDew,TrickRoom|Calm|||||50|]Vivillon-Pokeball||ChoiceScarf|CompoundEyes|SleepPowder,RagePowder,Hurricane,PollenPuff|Timid||F|||50|
|showteam|p2|Charizard||CharizarditeY|Blaze|HeatWave,WeatherBall,SolarBeam,Protect|Modest||M|||50|]Venusaur||FocusSash|Chlorophyll|SludgeBomb,EarthPower,SleepPowder,Protect|Modest||F|||50|]Pelipper||SitrusBerry|Drizzle|Hurricane,WeatherBall,Tailwind,WideGuard|Modest||F|||50|]Grimmsnarl||LightClay|Prankster|SpiritBreak,Reflect,LightScreen,PartingShot|Sassy||M|||50|]Basculegion||ChoiceScarf|Adaptability|WaveCrash,LastRespects,FlipTurn,AquaJet|Jolly||M|||50|]Archaludon||Leftovers|Stamina|DragonPulse,FlashCannon,ElectroShot,Protect|Calm||M|||50|
|
|t:|1786103189
|teamsize|p1|4
|teamsize|p2|4
|start
|switch|p1a: Arcanine|Arcanine-Hisui, L50, F|100/100
|switch|p1b: Vivillon|Vivillon-Pokeball, L50, F|100/100
|switch|p2a: Charizard|Charizard, L50, M|100/100
|switch|p2b: Venusaur|Venusaur, L50, F|100/100
|turn|1
|
|t:|1786103235
|switch|p1a: Sinistcha|Sinistcha-Masterpiece, L50, shiny|100/100
|detailschange|p2a: Charizard|Charizard-Mega-Y, L50, M
|-mega|p2a: Charizard|Charizard|Charizardite Y
|-weather|SunnyDay|[from] ability: Drought|[of] p2a: Charizard
|move|p2a: Charizard|Protect|p2a: Charizard
|-singleturn|p2a: Charizard|Protect
|move|p2b: Venusaur|Earth Power|p1a: Sinistcha
|-resisted|p1a: Sinistcha|1
|-damage|p1a: Sinistcha|87/100
|move|p1b: Vivillon|Sleep Powder|p2a: Charizard
|-activate|p2a: Charizard|move: Protect
|
|-weather|SunnyDay|[upkeep]
|upkeep
|turn|2
|
|t:|1786103257
|move|p2b: Venusaur|Sludge Bomb|p1b: Vivillon
|-damage|p1b: Vivillon|24/100
|move|p1b: Vivillon|Sleep Powder|p2a: Charizard
|-status|p2a: Charizard|slp|[from] move: Sleep Powder
|cant|p2a: Charizard|slp
|move|p1a: Sinistcha|Trick Room|p1a: Sinistcha
|-fieldstart|move: Trick Room|[of] p1a: Sinistcha
|
|-weather|SunnyDay|[upkeep]
|upkeep
|turn|3
|
|t:|1786103315
|switch|p1a: Farigiraf|Farigiraf, L50, M|100/100
|switch|p1b: Arcanine|Arcanine-Hisui, L50, F|100/100
|move|p2b: Venusaur|Protect|p2b: Venusaur
|-singleturn|p2b: Venusaur|Protect
|cant|p2a: Charizard|slp
|
|-weather|SunnyDay|[upkeep]
|upkeep
|turn|4
|
|t:|1786103337
|-curestatus|p2a: Charizard|slp|[msg]
|move|p2a: Charizard|Protect|p2a: Charizard
|-singleturn|p2a: Charizard|Protect
|move|p1a: Farigiraf|Psychic|p2b: Venusaur
|-supereffective|p2b: Venusaur|1
|-damage|p2b: Venusaur|26/100
|move|p1b: Arcanine|Head Smash|p2a: Charizard
|-activate|p2a: Charizard|move: Protect
|move|p2b: Venusaur|Earth Power|p1b: Arcanine
|-supereffective|p1b: Arcanine|2
|-enditem|p1b: Arcanine|Focus Sash
|-damage|p1b: Arcanine|1/100
|
|-weather|SunnyDay|[upkeep]
|upkeep
|turn|5
|
|t:|1786103362
|switch|p2a: Pelipper|Pelipper, L50, F|100/100
|-weather|RainDance|[from] ability: Drizzle|[of] p2a: Pelipper
|move|p2b: Venusaur|Protect|p2b: Venusaur
|-singleturn|p2b: Venusaur|Protect
|move|p1a: Farigiraf|Psychic|p2b: Venusaur
|-activate|p2b: Venusaur|move: Protect
|move|p1b: Arcanine|Head Smash|p2a: Pelipper
|-supereffective|p2a: Pelipper|1
|-damage|p2a: Pelipper|0 fnt
|faint|p2a: Pelipper
|
|-weather|RainDance|[upkeep]
|upkeep
|
|t:|1786103377
|switch|p2a: Basculegion|Basculegion, L50, M|100/100
|turn|6
|
|t:|1786103464
|switch|p2b: Charizard|Charizard-Mega-Y, L50, M|100/100
|-weather|SunnyDay|[from] ability: Drought|[of] p2b: Charizard
|move|p1a: Farigiraf|Psychic|p2b: Charizard
|-damage|p2b: Charizard|68/100
|move|p1b: Arcanine|Head Smash|p2a: Basculegion|[miss]
|-miss|p1b: Arcanine|p2a: Basculegion
|move|p2a: Basculegion|Flip Turn|p1b: Arcanine
|-supereffective|p1b: Arcanine|2
|-damage|p1b: Arcanine|0 fnt
|faint|p1b: Arcanine
|
|t:|1786103476
|switch|p2a: Venusaur|Venusaur, L50, F|26/100|[from] Flip Turn
|
|-weather|SunnyDay|[upkeep]
|-fieldend|move: Trick Room
|upkeep
|
|t:|1786103486
|switch|p1b: Vivillon|Vivillon-Pokeball, L50, F|24/100
|turn|7
|
|t:|1786103505
|move|p2b: Charizard|Protect|p2b: Charizard
|-singleturn|p2b: Charizard|Protect
|move|p2a: Venusaur|Sleep Powder|p1a: Farigiraf
|-status|p1a: Farigiraf|slp|[from] move: Sleep Powder
|move|p1b: Vivillon|Sleep Powder|p2b: Charizard
|-activate|p2b: Charizard|move: Protect
|cant|p1a: Farigiraf|slp
|
|-weather|SunnyDay|[upkeep]
|upkeep
|turn|8
|
|t:|1786103525
|switch|p1b: Sinistcha|Sinistcha-Masterpiece, L50, shiny|87/100
|move|p2a: Venusaur|Sludge Bomb|p1b: Sinistcha
|-damage|p1b: Sinistcha|48/100
|move|p2b: Charizard|Heat Wave|p1a: Farigiraf|[spread] p1a,p1b
|-supereffective|p1b: Sinistcha|1
|-damage|p1a: Farigiraf|46/100 slp
|-damage|p1b: Sinistcha|0 fnt
|-enditem|p1a: Farigiraf|Sitrus Berry|[eat]
|-heal|p1a: Farigiraf|71/100 slp|[from] item: Sitrus Berry
|faint|p1b: Sinistcha
|cant|p1a: Farigiraf|slp
|
|-weather|SunnyDay|[upkeep]
|upkeep
|
|t:|1786103539
|switch|p1b: Vivillon|Vivillon-Pokeball, L50, F|24/100
|turn|9
|
|t:|1786103551
|move|p2a: Venusaur|Sludge Bomb|p1b: Vivillon
|-damage|p1b: Vivillon|0 fnt
|faint|p1b: Vivillon
|move|p2b: Charizard|Weather Ball|p1a: Farigiraf
|-damage|p1a: Farigiraf|0 fnt
|faint|p1a: Farigiraf
|
|win|Starkbert
|raw|0oBRUNCHo0's rating: 1121 → 1099(-22 for losing)
|raw|Starkbert's rating: 1156 → 1178(+22 for winning)
|l|☆Starkbert
|player|p2|
|l|☆0oBRUNCHo0
|player|p1|
|j|☆0oBRUNCHo0
|player|p1|0oBRUNCHo0|unknown|
