|j|☆Bacon122
|j|☆sum1dum
|html|Bacon122sum1dum    
|uhtml|bestof|Game 1 of a best-of-3
|t:|1783132140
|gametype|doubles
|player|p1|Bacon122|shauntal|1274
|player|p2|sum1dum|rosa|1253
|gen|9
|tier|[Gen 9 Champions] VGC 2026 Reg M-B (Bo3)
|rated|
|rule|Species Clause: Limit one of each Pokémon
|rule|Item Clause: Limit 1 of each item
|clearpoke
|poke|p1|Blaziken, L50, M|
|poke|p1|Floette-Eternal, L50, F|
|poke|p1|Whimsicott, L50, F|
|poke|p1|Hydreigon, L50, M|
|poke|p1|Basculegion, L50, M|
|poke|p1|Farigiraf, L50, F|
|poke|p2|Gliscor, L50, F|
|poke|p2|Primarina, L50, F|
|poke|p2|Metagross, L50|
|poke|p2|Ninetales-Alola, L50, M|
|poke|p2|Incineroar, L50, M|
|poke|p2|Sinistcha, L50|
|teampreview|4
|showteam|p1|Blaziken||Blazikenite|SpeedBoost|FlareBlitz,CloseCombat,RockSlide,Protect|Adamant||M|||50|]Floette-Eternal||Floettite|FlowerVeil|Moonblast,DazzlingGleam,LightofRuin,Protect|Timid||F|||50|]Whimsicott||FocusSash|Prankster|Moonblast,Tailwind,SunnyDay,Encore|Timid||F|||50|]Hydreigon||ChoiceScarf|Levitate|Snarl,DracoMeteor,DarkPulse,EarthPower|Modest||M|||50|]Basculegion||LifeOrb|Adaptability|WaveCrash,AquaJet,LastRespects,Protect|Adamant||M|||50|]Farigiraf||SitrusBerry|ArmorTail|Psychic,Thunderbolt,HelpingHand,TrickRoom|Bold||F|||50|
|showteam|p2|Gliscor||LifeOrb|HyperCutter|DualWingbeat,HighHorsepower,Protect,RockSlide|Jolly||F|||50|]Primarina||Leftovers|LiquidVoice|CalmMind,HyperVoice,Moonblast,Protect|Modest||F|||50|]Metagross||Metagrossite|ClearBody|BulletPunch,IronHead,Protect,PsychicFangs|Jolly|||||50|]Ninetales-Alola||LightClay|SnowWarning|AuroraVeil,FreezeDry,Moonblast,Protect|Timid||M|||50|]Incineroar||ChopleBerry|Intimidate|FakeOut,FlareBlitz,DarkestLariat,PartingShot|Impish||M|||50|]Sinistcha||SitrusBerry|Hospitality|MatchaGotcha,Protect,LifeDew,RagePowder|Bold|||||50|
|inactive|Battle timer is ON: inactive players will automatically lose when time's up. (requested by sum1dum)
|inactive|Bacon122 has 60 seconds left.
|inactive|sum1dum has 60 seconds left.
|
|t:|1783132191
|teamsize|p1|4
|teamsize|p2|4
|start
|switch|p1a: Cott Red-banded|Whimsicott, L50, F|100/100
|switch|p1b: Wilfred Jr.|Basculegion, L50, M|100/100
|switch|p2a: Patience|Primarina, L50, F|100/100
|switch|p2b: Justice|Incineroar, L50, M|100/100
|-ability|p2b: Justice|Intimidate|boost
|-unboost|p1a: Cott Red-banded|atk|1
|-unboost|p1b: Wilfred Jr.|atk|1
|turn|1
|inactive|Bacon122 has 30 seconds left.
|
|t:|1783132220
|move|p1a: Cott Red-banded|Moonblast|p2a: Patience
|-damage|p2a: Patience|72/100
|move|p1b: Wilfred Jr.|Wave Crash|p2b: Justice
|-supereffective|p2b: Justice|1
|-damage|p2b: Justice|0 fnt
|faint|p2b: Justice
|-damage|p1b: Wilfred Jr.|66/100|[from] Recoil
|-damage|p1b: Wilfred Jr.|56/100|[from] item: Life Orb
|move|p2a: Patience|Hyper Voice|p1a: Cott Red-banded|[spread] p1a,p1b
|-resisted|p1a: Cott Red-banded|1
|-resisted|p1b: Wilfred Jr.|1
|-damage|p1a: Cott Red-banded|72/100
|-damage|p1b: Wilfred Jr.|37/100
|
|-heal|p2a: Patience|78/100|[from] item: Leftovers
|upkeep
|
|t:|1783132226
|switch|p2b: Perserverance|Metagross, L50|100/100
|turn|2
|inactive|Bacon122 has 30 seconds left.
|inactive|sum1dum has 30 seconds left.
|inactive|Bacon122 has 20 seconds left.
|inactive|sum1dum has 20 seconds left.
|
|t:|1783132263
|detailschange|p2b: Perserverance|Metagross-Mega, L50
|-mega|p2b: Perserverance|Metagross|Metagrossite
|move|p1b: Wilfred Jr.|Protect|p1b: Wilfred Jr.
|-singleturn|p1b: Wilfred Jr.|Protect
|move|p1a: Cott Red-banded|Tailwind|p1a: Cott Red-banded
|-sidestart|p1: Bacon122|move: Tailwind
|move|p2b: Perserverance|Bullet Punch|p1a: Cott Red-banded
|-supereffective|p1a: Cott Red-banded|1
|-damage|p1a: Cott Red-banded|0 fnt
|faint|p1a: Cott Red-banded
|move|p2a: Patience|Moonblast|p1b: Wilfred Jr.
|-activate|p1b: Wilfred Jr.|move: Protect
|
|-heal|p2a: Patience|83/100|[from] item: Leftovers
|upkeep
|
|t:|1783132279
|switch|p1a: ButTheLeviWasDrei|Hydreigon, L50, M|100/100
|turn|3
|
|t:|1783132294
|move|p2b: Perserverance|Protect|p2b: Perserverance
|-singleturn|p2b: Perserverance|Protect
|move|p1a: ButTheLeviWasDrei|Snarl|p2b: Perserverance|[spread] p2a
|-activate|p2b: Perserverance|move: Protect
|-resisted|p2a: Patience|1
|-crit|p2a: Patience
|-damage|p2a: Patience|69/100
|-unboost|p2a: Patience|spa|1
|move|p1b: Wilfred Jr.|Last Respects|p2a: Patience
|-damage|p2a: Patience|13/100
|-damage|p1b: Wilfred Jr.|27/100|[from] item: Life Orb
|move|p2a: Patience|Moonblast|p1b: Wilfred Jr.
|-damage|p1b: Wilfred Jr.|0 fnt
|faint|p1b: Wilfred Jr.
|
|-heal|p2a: Patience|19/100|[from] item: Leftovers
|upkeep
|
|t:|1783132304
|switch|p1b: Flower Outage|Floette-Eternal, L50, F|100/100
|turn|4
|
|t:|1783132319
|detailschange|p1b: Flower Outage|Floette-Mega, L50, F
|-mega|p1b: Flower Outage|Floette|Floettite
|-ability|p1b: Flower Outage|Fairy Aura
|move|p2a: Patience|Protect|p2a: Patience
|-singleturn|p2a: Patience|Protect
|move|p1a: ButTheLeviWasDrei|Snarl|p2b: Perserverance|[spread] p2b
|-activate|p2a: Patience|move: Protect
|-supereffective|p2b: Perserverance|1
|-damage|p2b: Perserverance|46/100
|-unboost|p2b: Perserverance|spa|1
|move|p1b: Flower Outage|Light of Ruin|p2b: Perserverance
|-resisted|p2b: Perserverance|1
|-damage|p2b: Perserverance|0 fnt
|faint|p2b: Perserverance
|-damage|p1b: Flower Outage|78/100|[from] Recoil
|
|-heal|p2a: Patience|25/100|[from] item: Leftovers
|upkeep
|
|t:|1783132331
|switch|p2b: Integrity|Ninetales-Alola, L50, M|100/100
|-weather|Snowscape|[from] ability: Snow Warning|[of] p2b: Integrity
|turn|5
|
|t:|1783132340
|move|p2b: Integrity|Protect|p2b: Integrity
|-singleturn|p2b: Integrity|Protect
|move|p2a: Patience|Protect||[still]
|-fail|p2a: Patience
|move|p1a: ButTheLeviWasDrei|Snarl|p2a: Patience|[spread] p2a
|-activate|p2b: Integrity|move: Protect
|-resisted|p2a: Patience|1
|-damage|p2a: Patience|16/100
|-unboost|p2a: Patience|spa|1
|move|p1b: Flower Outage|Dazzling Gleam|p2a: Patience|[spread] p2a
|-activate|p2b: Integrity|move: Protect
|-damage|p2a: Patience|0 fnt
|faint|p2a: Patience
|
|-weather|Snowscape|[upkeep]
|-sideend|p1: Bacon122|move: Tailwind
|upkeep
|turn|6
|
|t:|1783132354
|move|p1a: ButTheLeviWasDrei|Snarl|p2b: Integrity
|-resisted|p2b: Integrity|1
|-damage|p2b: Integrity|82/100
|-unboost|p2b: Integrity|spa|1
|move|p2b: Integrity|Moonblast|p1b: Flower Outage
|-damage|p1b: Flower Outage|53/100
|move|p1b: Flower Outage|Moonblast|p2b: Integrity
|-damage|p2b: Integrity|0 fnt
|faint|p2b: Integrity
|
|win|Bacon122
