|j|鈽唕edcorvin
|j|鈽唅lkrosirjs
|html|redcorvinilkrosirjs    
|uhtml|bestof|Game 1 of a best-of-3
|t:|1783527822
|gametype|doubles
|player|p1|redcorvin|hugh|
|player|p2|ilkrosirjs|lady|
|gen|9
|tier|[Gen 9 Champions] VGC 2026 Reg M-B (Bo3)
|rule|Species Clause: Limit one of each Pok茅mon
|rule|Item Clause: Limit 1 of each item
|clearpoke
|poke|p1|Floette-Eternal, L50, F|
|poke|p1|Charizard, L50, M|
|poke|p1|Whimsicott, L50, F, shiny|
|poke|p1|Garchomp, L50, F, shiny|
|poke|p1|Basculegion, L50, M|
|poke|p1|Kingambit, L50, M, shiny|
|poke|p2|Floette-Eternal, L50, F|
|poke|p2|Blaziken, L50, M|
|poke|p2|Whimsicott, L50, F|
|poke|p2|Basculegion, L50, M|
|poke|p2|Farigiraf, L50, F|
|poke|p2|Hydreigon, L50, F|
|teampreview|4
|showteam|p1|Floette-Eternal||Floettite|FlowerVeil|Moonblast,DazzlingGleam,LightofRuin,Protect|Modest||F|||50|]Charizard||CharizarditeY|Blaze|HeatWave,WeatherBall,SolarBeam,Protect|Modest||M|||50|]Whimsicott||FocusSash|Prankster|Moonblast,Tailwind,Encore,Protect|Timid||F|||50|]Garchomp||RoseliBerry|RoughSkin|DragonClaw,StompingTantrum,PoisonJab,RockSlide|Jolly||F|||50|]Basculegion||MysticWater|Adaptability|WaveCrash,LastRespects,AquaJet,Protect|Adamant||M|||50|]Kingambit||OccaBerry|Defiant|KowtowCleave,IronHead,SuckerPunch,Protect|Adamant||M|||50|
|showteam|p2|Floette-Eternal||Floettite|FlowerVeil|LightofRuin,Moonblast,DazzlingGleam,Protect|Timid||F|||50|]Blaziken||Blazikenite|SpeedBoost|FlareBlitz,CloseCombat,RockSlide,Protect|Adamant||M|||50|]Whimsicott||FocusSash|Prankster|Moonblast,Tailwind,Encore,Protect|Timid||F|||50|]Basculegion||LifeOrb|Adaptability|WaveCrash,LastRespects,AquaJet,Protect|Jolly||M|||50|]Farigiraf||SitrusBerry|ArmorTail|TwinBeam,HyperVoice,HelpingHand,Roar|Modest||F|||50|]Hydreigon||ChoiceScarf|Levitate|DarkPulse,DracoMeteor,EarthPower,Snarl|Timid||F|||50|
|c|鈽唅lkrosirjs|gl
|c|鈽唕edcorvin|gl
|
|t:|1783527853
|teamsize|p1|4
|teamsize|p2|4
|start
|switch|p1a: Whimsicott|Whimsicott, L50, F, shiny|100/100
|switch|p1b: Floette|Floette-Eternal, L50, F|100/100
|switch|p2a: Floette|Floette-Eternal, L50, F|100/100
|switch|p2b: Whimsicott|Whimsicott, L50, F|100/100
|turn|1
|c|鈽唕edcorvin|wow
|
|t:|1783527876
|detailschange|p2a: Floette|Floette-Mega, L50, F
|-mega|p2a: Floette|Floette|Floettite
|-ability|p2a: Floette|Fairy Aura
|detailschange|p1b: Floette|Floette-Mega, L50, F
|-mega|p1b: Floette|Floette|Floettite
|-ability|p1b: Floette|Fairy Aura
|move|p1b: Floette|Protect|p1b: Floette
|-singleturn|p1b: Floette|Protect
|move|p1a: Whimsicott|Tailwind|p1a: Whimsicott
|-sidestart|p1: redcorvin|move: Tailwind
|move|p2b: Whimsicott|Tailwind|p2b: Whimsicott
|-sidestart|p2: ilkrosirjs|move: Tailwind
|move|p2a: Floette|Light of Ruin|p1b: Floette
|-activate|p1b: Floette|move: Protect
|
|upkeep
|turn|2
|
|t:|1783527905
|move|p2b: Whimsicott|Encore|p1b: Floette
|-start|p1b: Floette|Encore
|move|p1b: Floette|Protect||[still]
|-fail|p1b: Floette
|move|p1a: Whimsicott|Encore||[still]
|-fail|p1a: Whimsicott
|move|p2a: Floette|Light of Ruin|p1b: Floette
|-damage|p1b: Floette|12/100
|-damage|p2a: Floette|54/100|[from] Recoil
|
|upkeep
|turn|3
|
|t:|1783527921
|move|p1b: Floette|Protect|p1b: Floette
|-singleturn|p1b: Floette|Protect
|move|p1a: Whimsicott|Encore|p2a: Floette
|-start|p2a: Floette|Encore
|move|p2b: Whimsicott|Moonblast|p1a: Whimsicott
|-damage|p1a: Whimsicott|18/100
|move|p2a: Floette|Light of Ruin|p1b: Floette
|-activate|p1b: Floette|move: Protect
|
|upkeep
|turn|4
|
|t:|1783527954
|switch|p2b: Basculegion|Basculegion, L50, M|100/100
|move|p1b: Floette|Protect||[still]
|-fail|p1b: Floette
|move|p1a: Whimsicott|Moonblast|p2b: Basculegion
|-damage|p2b: Basculegion|49/100
|move|p2a: Floette|Light of Ruin|p1a: Whimsicott
|-damage|p1a: Whimsicott|0 fnt
|faint|p1a: Whimsicott
|-damage|p2a: Floette|45/100|[from] Recoil
|
|-end|p1b: Floette|Encore
|-sideend|p2: ilkrosirjs|move: Tailwind
|-sideend|p1: redcorvin|move: Tailwind
|upkeep
|
|t:|1783527969
|switch|p1a: Garchomp|Garchomp, L50, F, shiny|100/100
|turn|5
|
|t:|1783527984
|move|p2b: Basculegion|Aqua Jet|p1b: Floette
|-crit|p1b: Floette
|-damage|p1b: Floette|0 fnt
|faint|p1b: Floette
|-damage|p2b: Basculegion|40/100|[from] item: Life Orb
|move|p2a: Floette|Light of Ruin|p1a: Garchomp
|-supereffective|p1a: Garchomp|1
|-enditem|p1a: Garchomp|Roseli Berry|[eat]
|-enditem|p1a: Garchomp|Roseli Berry|[weaken]
|-damage|p1a: Garchomp|0 fnt
|faint|p1a: Garchomp
|-damage|p2a: Floette|0 fnt|[from] Recoil
|faint|p2a: Floette
|
|upkeep
|
|t:|1783528004
|switch|p2a: Hydreigon|Hydreigon, L50, F|100/100
|switch|p1a: Basculegion|Basculegion, L50, M|100/100
|turn|6
|
|t:|1783528018
|move|p2a: Hydreigon|Dark Pulse|p1a: Basculegion
|-supereffective|p1a: Basculegion|1
|-damage|p1a: Basculegion|1/100
|move|p2b: Basculegion|Last Respects|p1a: Basculegion
|-supereffective|p1a: Basculegion|1
|-damage|p1a: Basculegion|0 fnt
|faint|p1a: Basculegion
|-damage|p2b: Basculegion|30/100|[from] item: Life Orb
|
|win|ilkrosirjs
||redcorvin is ready for game 2.
|inactive|ilkrosirjs has 30 seconds to confirm battle start!
