|j|☆poison mouse
|j|☆Flaming Kitchen
|html|poison mouseFlaming Kitchen    
|uhtml|bestof|Game 2 of a best-of-3
|t:|1784898844
|gametype|doubles
|player|p1|poison mouse|tate|1450
|player|p2|Flaming Kitchen|caitlin|1455
|gen|9
|tier|[Gen 9 Champions] VGC 2026 Reg M-B (Bo3)
|rated|
|rule|Species Clause: Limit one of each Pokémon
|rule|Item Clause: Limit 1 of each item
|clearpoke
|poke|p1|Sneasler, L50, M|
|poke|p1|Kingambit, L50, M|
|poke|p1|Incineroar, L50, M|
|poke|p1|Blastoise, L50, M|
|poke|p1|Sinistcha, L50|
|poke|p1|Delphox, L50, M, shiny|
|poke|p2|Grimmsnarl, L50, M|
|poke|p2|Politoed, L50, F, shiny|
|poke|p2|Archaludon, L50, F|
|poke|p2|Venusaur, L50, M|
|poke|p2|Annihilape, L50, F|
|poke|p2|Basculegion, L50, M|
|teampreview|4
|showteam|p1|Sneasler||FocusSash|PoisonTouch|QuickGuard,FakeOut,CloseCombat,DireClaw|Jolly||M|||50|]Kingambit||BlackGlasses|Defiant|Protect,SwordsDance,SuckerPunch,KowtowCleave|Adamant||M|||50|]Incineroar||SitrusBerry|Intimidate|FakeOut,PartingShot,FlareBlitz,ThroatChop|Impish||M|||50|]Blastoise||Blastoisinite|Torrent|Protect,ShellSmash,WaterSpout,DarkPulse|Modest||M|||50|]Sinistcha||ColburBerry|Hospitality|Protect,MatchaGotcha,TrickRoom,RagePowder|Bold|||||50|]Delphox||Delphoxite|Blaze|Protect,HeatWave,Psyshock,NastyPlot|Timid||M|||50|
|showteam|p2|Grimmsnarl||LightClay|Prankster|SpiritBreak,Reflect,LightScreen,PartingShot|Careful||M|||50|]Politoed||SitrusBerry|Drizzle|WeatherBall,IceBeam,MuddyWater,Protect|Calm||F|||50|]Archaludon||Leftovers|Stamina|ElectroShot,DragonPulse,FlashCannon,Protect|Modest||F|||50|]Venusaur||Venusaurite|Chlorophyll|GigaDrain,SludgeBomb,EarthPower,Protect|Modest||M|||50|]Annihilape||FocusSash|Defiant|CloseCombat,PhantomForce,Taunt,Protect|Jolly||F|||50|]Basculegion||ChoiceScarf|Adaptability|WaveCrash,LastRespects,AquaJet,FlipTurn|Jolly||M|||50|
|inactive|Battle timer is ON: inactive players will automatically lose when time's up. (requested by Flaming Kitchen)
|
|t:|1784898862
|teamsize|p1|4
|teamsize|p2|4
|start
|switch|p1a: Blastoise|Blastoise, L50, M|100/100
|switch|p1b: Sneasler|Sneasler, L50, M|100/100
|switch|p2a: Annihilape|Annihilape, L50, F|100/100
|switch|p2b: Basculegion|Basculegion, L50, M|100/100
|turn|1
|
|t:|1784898881
|switch|p1b: Sinistcha|Sinistcha, L50|100/100
|detailschange|p1a: Blastoise|Blastoise-Mega, L50, M
|-mega|p1a: Blastoise|Blastoise|Blastoisinite
|move|p1a: Blastoise|Protect|p1a: Blastoise
|-singleturn|p1a: Blastoise|Protect
|move|p2b: Basculegion|Wave Crash|p1b: Sinistcha
|-resisted|p1b: Sinistcha|1
|-damage|p1b: Sinistcha|68/100
|-damage|p2b: Basculegion|90/100|[from] Recoil
|move|p2a: Annihilape|Close Combat|p1b: Sinistcha
|-immune|p1b: Sinistcha
|
|upkeep
|turn|2
|
|t:|1784898890
|move|p1b: Sinistcha|Rage Powder|p1b: Sinistcha
|-singleturn|p1b: Sinistcha|move: Rage Powder
|move|p2b: Basculegion|Wave Crash|p1b: Sinistcha
|-resisted|p1b: Sinistcha|1
|-damage|p1b: Sinistcha|36/100
|-damage|p2b: Basculegion|81/100|[from] Recoil
|move|p2a: Annihilape|Taunt|p1b: Sinistcha
|-start|p1b: Sinistcha|move: Taunt
|move|p1a: Blastoise|Shell Smash|p1a: Blastoise
|-unboost|p1a: Blastoise|def|1
|-unboost|p1a: Blastoise|spd|1
|-boost|p1a: Blastoise|atk|2
|-boost|p1a: Blastoise|spa|2
|-boost|p1a: Blastoise|spe|2
|
|upkeep
|turn|3
|
|t:|1784898902
|move|p1a: Blastoise|Dark Pulse|p2b: Basculegion
|-supereffective|p2b: Basculegion|1
|-damage|p2b: Basculegion|0 fnt
|faint|p2b: Basculegion
|move|p2a: Annihilape|Phantom Force||[still]
|-prepare|p2a: Annihilape|Phantom Force
|move|p1b: Sinistcha|Matcha Gotcha|p2a: Annihilape|[miss]
|-miss|p1b: Sinistcha|p2a: Annihilape
|
|upkeep
|
|t:|1784898904
|switch|p2b: Venusaur|Venusaur, L50, M|100/100
|turn|4
|inactive|poison mouse has 30 seconds left.
|
|t:|1784898939
|switch|p1b: Sneasler|Sneasler, L50, M|100/100
|detailschange|p2b: Venusaur|Venusaur-Mega, L50, M
|-mega|p2b: Venusaur|Venusaur|Venusaurite
|move|p1a: Blastoise|Water Spout|p2a: Annihilape|[spread] p2b
|-miss|p1a: Blastoise|p2a: Annihilape
|-resisted|p2b: Venusaur|1
|-damage|p2b: Venusaur|47/100
|move|p2a: Annihilape|Phantom Force|p1a: Blastoise|[from] lockedmove
|-damage|p1a: Blastoise|35/100
|move|p2b: Venusaur|Giga Drain|p1a: Blastoise
|-supereffective|p1a: Blastoise|1
|-damage|p1a: Blastoise|0 fnt
|-heal|p2b: Venusaur|62/100|[from] drain|[of] p1a: Blastoise
|faint|p1a: Blastoise
|
|upkeep
|
|t:|1784898954
|switch|p1a: Sinistcha|Sinistcha, L50|36/100
|turn|5
|
|t:|1784898973
|move|p2b: Venusaur|Protect|p2b: Venusaur
|-singleturn|p2b: Venusaur|Protect
|move|p1b: Sneasler|Dire Claw|p2b: Venusaur
|-activate|p2b: Venusaur|move: Protect
|move|p2a: Annihilape|Taunt|p1a: Sinistcha
|-start|p1a: Sinistcha|move: Taunt
|move|p1a: Sinistcha|Matcha Gotcha|p2a: Annihilape|[spread] p2a
|-activate|p2b: Venusaur|move: Protect
|-damage|p2a: Annihilape|74/100
|-heal|p1a: Sinistcha|49/100|[from] drain|[of] p2a: Annihilape
|
|upkeep
|turn|6
|
|t:|1784898988
|switch|p1a: Kingambit|Kingambit, L50, M|100/100
|move|p1b: Sneasler|Dire Claw|p2b: Venusaur
|-damage|p2b: Venusaur|26/100
|move|p2a: Annihilape|Close Combat|p1a: Kingambit
|-supereffective|p1a: Kingambit|2
|-damage|p1a: Kingambit|0 fnt
|-unboost|p2a: Annihilape|def|1
|-unboost|p2a: Annihilape|spd|1
|faint|p1a: Kingambit
|move|p2b: Venusaur|Sludge Bomb|p1b: Sneasler
|-resisted|p1b: Sneasler|1
|-damage|p1b: Sneasler|63/100
|
|upkeep
|-message|poison mouse forfeited.
|
|win|Flaming Kitchen
||poison mouse is ready for game 3.
||Flaming Kitchen is ready for game 3.
|uhtml|next|Next: Game 3 of 3
|l|☆Flaming Kitchen
|player|p2|
