|j|☆maugzm1
|j|☆ToastedArt
|html|maugzm1ToastedArt    
|uhtml|bestof|Game 1 of a best-of-3
|t:|1785257816
|gametype|doubles
|player|p1|maugzm1|cynthia-gen4|1130
|player|p2|ToastedArt|iris|1112
|gen|9
|tier|[Gen 9 Champions] VGC 2026 Reg M-B (Bo3)
|rated|
|rule|Species Clause: Limit one of each Pokémon
|rule|Item Clause: Limit 1 of each item
|clearpoke
|poke|p1|Raichu, L50, M|
|poke|p1|Milotic, L50, F|
|poke|p1|Ceruledge, L50, F|
|poke|p1|Incineroar, L50, M|
|poke|p1|Sinistcha, L50|
|poke|p1|Floette-Eternal, L50, F|
|poke|p2|Vanilluxe, L50, M, shiny|
|poke|p2|Sneasler, L50, M|
|poke|p2|Sinistcha, L50, shiny|
|poke|p2|Raichu, L50, M|
|poke|p2|Incineroar, L50, M|
|poke|p2|Azumarill, L50, F|
|teampreview|4
|showteam|p1|Raichu||RaichuniteY|LightningRod|ZapCannon,FocusBlast,FakeOut,Protect|Timid||M|||50|]Milotic||Leftovers|Competitive|MuddyWater,Hypnosis,Coil,Recover|Calm||F|||50|]Ceruledge||ColburBerry|FlashFire|BitterBlade,ShadowSneak,BulkUp,Protect|Adamant||F|||50|]Incineroar||SitrusBerry|Intimidate|FlareBlitz,FakeOut,PartingShot,DarkestLariat|Impish||M|||50|]Sinistcha||KasibBerry|Hospitality|RagePowder,TrickRoom,MatchaGotcha,Protect|Relaxed|||||50|]Floette-Eternal||Floettite|FlowerVeil|Moonblast,DazzlingGleam,CalmMind,Protect|Modest||F|||50|
|showteam|p2|Vanilluxe||ChoiceScarf|SnowWarning|Blizzard,FreezeDry,IcyWind,SheerCold|Timid||M|||50|]Sneasler||FocusSash|PoisonTouch|PoisonJab,CloseCombat,FakeOut,Taunt|Adamant||M|||50|]Sinistcha||ColburBerry|Hospitality|MatchaGotcha,RagePowder,TrickRoom,Protect|Bold|||||50|]Raichu||RaichuniteY|LightningRod|ZapCannon,FocusBlast,Substitute,Protect|Timid||M|||50|]Incineroar||Charcoal|Intimidate|FlareBlitz,ThroatChop,FakeOut,PartingShot|Adamant||M|||50|]Azumarill||SitrusBerry|HugePower|PlayRough,AquaJet,BellyDrum,Protect|Adamant||F|||50|
|inactive|Battle timer is ON: inactive players will automatically lose when time's up. (requested by ToastedArt)
|inactive|maugzm1 also wants the timer to be on.
|inactive|ToastedArt has 60 seconds left.
|
|t:|1785257864
|teamsize|p1|4
|teamsize|p2|4
|start
|switch|p1a: Milotic|Milotic, L50, F|100/100
|switch|p1b: Raichu|Raichu, L50, M|100/100
|switch|p2a: troglodyte pokemon|Azumarill, L50, F|100/100
|switch|p2b: Sneasler|Sneasler, L50, M|100/100
|turn|1
|inactive|maugzm1 has 30 seconds left.
|
|t:|1785257890
|detailschange|p1b: Raichu|Raichu-Mega-Y, L50, M
|-mega|p1b: Raichu|Raichu|Raichunite Y
|move|p1b: Raichu|Fake Out|p2b: Sneasler
|-damage|p2b: Sneasler|85/100
|cant|p2b: Sneasler|flinch
|move|p1a: Milotic|Coil|p1a: Milotic
|-boost|p1a: Milotic|atk|1
|-boost|p1a: Milotic|def|1
|-boost|p1a: Milotic|accuracy|1
|move|p2a: troglodyte pokemon|Belly Drum|p2a: troglodyte pokemon
|-damage|p2a: troglodyte pokemon|50/100y
|-setboost|p2a: troglodyte pokemon|atk|6|[from] move: Belly Drum
|-enditem|p2a: troglodyte pokemon|Sitrus Berry|[eat]
|-heal|p2a: troglodyte pokemon|74/100|[from] item: Sitrus Berry
|
|upkeep
|turn|2
|inactive|ToastedArt has 30 seconds left.
|
|t:|1785257916
|switch|p2b: Ol' Betsy|Raichu, L50, M|100/100
|move|p1b: Raichu|Zap Cannon|p2b: Ol' Betsy
|-ability|p2b: Ol' Betsy|Lightning Rod|boost
|-boost|p2b: Ol' Betsy|spa|1
|move|p1a: Milotic|Hypnosis|p2a: troglodyte pokemon|[miss]
|-miss|p1a: Milotic|p2a: troglodyte pokemon
|move|p2a: troglodyte pokemon|Play Rough|p1a: Milotic
|-damage|p1a: Milotic|0 fnt
|faint|p1a: Milotic
|
|upkeep
|
|t:|1785257935
|switch|p1a: Incineroar|Incineroar, L50, M|100/100
|-ability|p1a: Incineroar|Intimidate|boost
|-unboost|p2a: troglodyte pokemon|atk|1
|-unboost|p2b: Ol' Betsy|atk|1
|turn|3
|inactive|ToastedArt has 30 seconds left.
|
|t:|1785257967
|move|p1a: Incineroar|Fake Out|p2a: troglodyte pokemon
|-damage|p2a: troglodyte pokemon|63/100
|move|p1b: Raichu|Zap Cannon|p2b: Ol' Betsy
|-activate|p2b: Ol' Betsy|ability: Lightning Rod
|-ability|p2b: Ol' Betsy|Lightning Rod|boost
|-boost|p2b: Ol' Betsy|spa|1
|move|p2b: Ol' Betsy|Substitute|p2b: Ol' Betsy
|-start|p2b: Ol' Betsy|Substitute
|-damage|p2b: Ol' Betsy|75/100
|cant|p2a: troglodyte pokemon|flinch
|
|upkeep
|turn|4
|
|t:|1785257987
|switch|p1b: Sinistcha|Sinistcha, L50|100/100
|move|p2a: troglodyte pokemon|Aqua Jet|p1a: Incineroar
|-supereffective|p1a: Incineroar|1
|-damage|p1a: Incineroar|0 fnt
|faint|p1a: Incineroar
|move|p2b: Ol' Betsy|Substitute|p2b: Ol' Betsy
|-fail|p2b: Ol' Betsy|move: Substitute
|
|upkeep
|
|t:|1785257993
|switch|p1a: Raichu|Raichu-Mega-Y, L50, M|100/100
|turn|5
|
|t:|1785258012
|move|p1a: Raichu|Focus Blast|p2b: Ol' Betsy
|-end|p2b: Ol' Betsy|Substitute
|move|p2b: Ol' Betsy|Substitute|p2b: Ol' Betsy
|-start|p2b: Ol' Betsy|Substitute
|-damage|p2b: Ol' Betsy|50/100g
|move|p1b: Sinistcha|Matcha Gotcha|p2a: troglodyte pokemon|[spread] p2a,p2b
|-end|p2b: Ol' Betsy|Substitute
|-supereffective|p2a: troglodyte pokemon|1
|-damage|p2a: troglodyte pokemon|10/100
|move|p2a: troglodyte pokemon|Play Rough|p1b: Sinistcha
|-damage|p1b: Sinistcha|0 fnt
|faint|p1b: Sinistcha
|
|upkeep
|turn|6
|
|t:|1785258028
|move|p2a: troglodyte pokemon|Aqua Jet|p1a: Raichu
|-damage|p1a: Raichu|0 fnt
|faint|p1a: Raichu
|
|win|ToastedArt
