|j|☆ZeusPokePlays
|j|☆dont make me walk
|html|ZeusPokePlaysdont make me walk    
|uhtml|bestof|Game 3 of a best-of-3
|t:|1756377804
|gametype|doubles
|player|p1|ZeusPokePlays|hugh|1151
|player|p2|dont make me walk|red-masters3|1270
|gen|9
|tier|[Gen 9] VGC 2025 Reg H (Bo3)
|rated|
|rule|Species Clause: Limit one of each Pokémon
|rule|Item Clause: Limit 1 of each item
|clearpoke
|poke|p1|Rillaboom, L50, M|
|poke|p1|Typhlosion-Hisui, L50, M|
|poke|p1|Tsareena, L50, F|
|poke|p1|Whimsicott, L50, F|
|poke|p1|Kommo-o, L50, M|
|poke|p1|Gallade, L50, M|
|poke|p2|Ursaluna-Bloodmoon, L50, M|
|poke|p2|Indeedee, L50, M|
|poke|p2|Sneasler, L50, F|
|poke|p2|Incineroar, L50, M|
|poke|p2|Electabuzz, L50, M|
|poke|p2|Talonflame, L50, M|
|teampreview|4
|showteam|p1|Rillaboom||AssaultVest|GrassySurge|FakeOut,GrassyGlide,StompingTantrum,Uturn|||M|||50|,,,,,Fire]Typhlosion-Hisui||ChoiceSpecs|Blaze|Eruption,Flamethrower,ShadowBall,SolarBeam|||M|||50|,,,,,Fire]Tsareena||ClearAmulet|QueenlyMajesty|HighJumpKick,PowerWhip,TripleAxel,Protect|||F|||50|,,,,,Fighting]Whimsicott||FocusSash|Prankster|Tailwind,Moonblast,Encore,SunnyDay|||F|||50|,,,,,Ghost]Kommo-o||Leftovers|Overcoat|ClangorousSoul,FlashCannon,ClangingScales,Protect|||M|||50|,,,,,Steel]Gallade||CovertCloak|Sharpness|SacredSword,PsychoCut,Imprison,TrickRoom|||M|||50|,,,,,Fire
|showteam|p2|Ursaluna-Bloodmoon||LifeOrb|MindsEye|Protect,EarthPower,HyperVoice,BloodMoon|||M|||50|,,,,,Normal]Indeedee||FocusSash|PsychicSurge|ExpandingForce,TeraBlast,TrickRoom,Protect|||M|||50|,,,,,Fighting]Sneasler||PsychicSeed|Unburden|DireClaw,CloseCombat,ThroatChop,Protect|||F|||50|,,,,,Dark]Incineroar||AssaultVest|Intimidate|FakeOut,KnockOff,FlareBlitz,Uturn|||M|||50|,,,,,Grass]Electabuzz||Eviolite|VitalSpirit|Electroweb,Taunt,FollowMe,Protect|||M|||50|,,,,,Ghost]Talonflame||CovertCloak|GaleWings|FlareBlitz,DualWingbeat,WillOWisp,Tailwind|||M|||50|,,,,,Fairy
|inactive|Battle timer is ON: inactive players will automatically lose when time's up. (requested by dont make me walk)
|
|t:|1756377830
|teamsize|p1|4
|teamsize|p2|4
|start
|switch|p1a: Kommo-o|Kommo-o, L50, M|100/100
|switch|p1b: Typhlosion|Typhlosion-Hisui, L50, M|100/100
|switch|p2a: Talonflame|Talonflame, L50, M|100/100
|switch|p2b: Ursaluna|Ursaluna-Bloodmoon, L50, M|100/100
|turn|1
|
|t:|1756377848
|-terastallize|p2b: Ursaluna|Normal
|move|p2a: Talonflame|Tailwind|p2a: Talonflame
|-sidestart|p2: dont make me walk|move: Tailwind
|move|p2b: Ursaluna|Blood Moon|p1b: Typhlosion
|-damage|p1b: Typhlosion|0 fnt
|faint|p1b: Typhlosion
|-damage|p2b: Ursaluna|91/100|[from] item: Life Orb
|move|p1a: Kommo-o|Clanging Scales|p2b: Ursaluna|[spread] p2a,p2b
|-damage|p2a: Talonflame|45/100
|-damage|p2b: Ursaluna|38/100
|-unboost|p1a: Kommo-o|def|1
|
|upkeep
|
|t:|1756377862
|switch|p1b: Whimsicott|Whimsicott, L50, F|100/100
|turn|2
|inactive|dont make me walk has 30 seconds left.
|inactive|ZeusPokePlays has 30 seconds left.
|
|t:|1756377897
|-terastallize|p1a: Kommo-o|Steel
|move|p2b: Ursaluna|Protect|p2b: Ursaluna
|-singleturn|p2b: Ursaluna|Protect
|move|p1b: Whimsicott|Encore|p2b: Ursaluna
|-activate|p2b: Ursaluna|move: Protect
|move|p2a: Talonflame|Flare Blitz|p1b: Whimsicott
|-supereffective|p1b: Whimsicott
|-enditem|p1b: Whimsicott|Focus Sash
|-damage|p1b: Whimsicott|1/100
|-damage|p2a: Talonflame|19/100|[from] Recoil
|move|p1a: Kommo-o|Clangorous Soul|p1a: Kommo-o
|-boost|p1a: Kommo-o|atk|1
|-boost|p1a: Kommo-o|def|1
|-boost|p1a: Kommo-o|spa|1
|-boost|p1a: Kommo-o|spd|1
|-boost|p1a: Kommo-o|spe|1
|-damage|p1a: Kommo-o|68/100
|
|-heal|p1a: Kommo-o|74/100|[from] item: Leftovers
|upkeep
|turn|3
|
|t:|1756377904
|switch|p2b: Indeedee|Indeedee, L50, M|100/100
|-fieldstart|move: Psychic Terrain|[from] ability: Psychic Surge|[of] p2b: Indeedee
|move|p1b: Whimsicott|Tailwind|p1b: Whimsicott
|-sidestart|p1: ZeusPokePlays|move: Tailwind
|move|p1a: Kommo-o|Clanging Scales|p2a: Talonflame|[spread] p2a,p2b
|-damage|p2a: Talonflame|0 fnt
|-damage|p2b: Indeedee|14/100
|faint|p2a: Talonflame
|-unboost|p1a: Kommo-o|def|1
|
|-heal|p1a: Kommo-o|80/100|[from] item: Leftovers
|upkeep
|
|t:|1756377911
|switch|p2a: Sneasler|Sneasler, L50, F|100/100
|-enditem|p2a: Sneasler|Psychic Seed
|-boost|p2a: Sneasler|spd|1|[from] item: Psychic Seed
|turn|4
|
|t:|1756377937
|switch|p2b: Ursaluna|Ursaluna-Bloodmoon, L50, M, tera:Normal|38/100
|move|p1a: Kommo-o|Protect|p1a: Kommo-o
|-singleturn|p1a: Kommo-o|Protect
|move|p2a: Sneasler|Close Combat|p1a: Kommo-o
|-activate|p1a: Kommo-o|move: Protect
|move|p1b: Whimsicott|Moonblast|p2b: Ursaluna
|-crit|p2b: Ursaluna
|-damage|p2b: Ursaluna|0 fnt
|faint|p2b: Ursaluna
|
|-heal|p1a: Kommo-o|86/100|[from] item: Leftovers
|-sideend|p2: dont make me walk|move: Tailwind
|upkeep
|
|t:|1756377941
|switch|p2b: Indeedee|Indeedee, L50, M|14/100
|turn|5
|
|t:|1756377944
|move|p1a: Kommo-o|Clanging Scales|p2b: Indeedee|[spread] p2a,p2b
|-damage|p2a: Sneasler|42/100
|-damage|p2b: Indeedee|0 fnt
|faint|p2b: Indeedee
|-unboost|p1a: Kommo-o|def|1
|move|p2a: Sneasler|Close Combat|p1a: Kommo-o
|-supereffective|p1a: Kommo-o
|-damage|p1a: Kommo-o|0 fnt
|-unboost|p2a: Sneasler|def|1
|-unboost|p2a: Sneasler|spd|1
|faint|p1a: Kommo-o
|move|p1b: Whimsicott|Moonblast|p2a: Sneasler
|-damage|p2a: Sneasler|0 fnt
|faint|p2a: Sneasler
|
|win|ZeusPokePlays
|raw|ZeusPokePlays's rating: 1151 → 1184(+33 for winning)
|raw|dont make me walk's rating: 1270 → 1237(-33 for losing)
|c|☆ZeusPokePlays|gg
