|j|☆OroRosaXIV
|j|☆Nathanlikesfeet
|html|OroRosaXIVNathanlikesfeet    
|uhtml|bestof|Game 2 of a best-of-3
|t:|1784809160
|gametype|doubles
|player|p1|OroRosaXIV|cynthia-gen4|
|player|p2|Nathanlikesfeet|2|
|gen|9
|tier|[Gen 9 Champions] VGC 2026 Reg M-B (Bo3)
|rule|Species Clause: Limit one of each Pokémon
|rule|Item Clause: Limit 1 of each item
|clearpoke
|poke|p1|Glalie, L50, M|
|poke|p1|Sableye, L50, M|
|poke|p1|Swampert, L50, F|
|poke|p1|Archaludon, L50, M|
|poke|p1|Blaziken, L50, M|
|poke|p1|Sceptile, L50, F|
|poke|p2|Tyranitar, L50, F|
|poke|p2|Excadrill, L50, F|
|poke|p2|Houndstone, L50, F|
|poke|p2|Hydreigon, L50, F|
|poke|p2|Rotom-Wash, L50|
|poke|p2|Scovillain, L50, F|
|teampreview|4
|showteam|p1|Glalie||Glalitite|Moody|Explosion,BodySlam,Earthquake,Protect|Jolly||M|||50|]Sableye||MentalHerb|Prankster|Swagger,RainDance,FakeOut,Encore|Bold||M|||50|]Swampert||Swampertite|Torrent|WaveCrash,Earthquake,HammerArm,Protect|Adamant||F|||50|]Archaludon||Leftovers|Stamina|DracoMeteor,ElectroShot,Protect,FlashCannon|Modest||M|||50|]Blaziken||LumBerry|SpeedBoost|CloseCombat,FlareBlitz,Protect,BraveBird|Jolly||M|||50|]Sceptile||LifeOrb|Overgrow|LeafStorm,Protect,ShedTail,BreakingSwipe|Hasty||F|||50|
|showteam|p2|Tyranitar||Tyranitarite|SandStream|RockSlide,KnockOff,Earthquake,Protect|Adamant||F|||50|]Excadrill||FocusSash|SandRush|Earthquake,IronHead,RockSlide,Protect|Adamant||F|||50|]Houndstone||SitrusBerry|SandRush|LastRespects,WillOWisp,StompingTantrum,Protect|Jolly||F|||50|]Hydreigon||ChoiceScarf|Levitate|DarkPulse,DracoMeteor,EarthPower,HeatWave|Modest||F|||50|]Rotom-Wash||LightClay|Levitate|LightScreen,Reflect,WillOWisp,HydroPump|Modest|||||50|]Scovillain||Scovillainite|Chlorophyll|Flamethrower,GigaDrain,LeechSeed,RagePowder|Modest||F|||50|
|
|t:|1784809199
|teamsize|p1|4
|teamsize|p2|4
|start
|switch|p1a: Sableye|Sableye, L50, M|100/100
|switch|p1b: Archaludon|Archaludon, L50, M|100/100
|switch|p2a: Tyranitar|Tyranitar, L50, F|100/100
|switch|p2b: Hydreigon|Hydreigon, L50, F|100/100
|-weather|Sandstorm|[from] ability: Sand Stream|[of] p2a: Tyranitar
|turn|1
|
|t:|1784809222
|detailschange|p2a: Tyranitar|Tyranitar-Mega, L50, F
|-mega|p2a: Tyranitar|Tyranitar|Tyranitarite
|move|p1a: Sableye|Fake Out|p2b: Hydreigon
|-damage|p2b: Hydreigon|92/100
|cant|p2b: Hydreigon|flinch
|move|p1b: Archaludon|Draco Meteor|p2b: Hydreigon
|-supereffective|p2b: Hydreigon|1
|-damage|p2b: Hydreigon|0 fnt
|-unboost|p1b: Archaludon|spa|2
|faint|p2b: Hydreigon
|move|p2a: Tyranitar|Earthquake|p1b: Archaludon|[spread] p1a,p1b
|-supereffective|p1b: Archaludon|1
|-damage|p1a: Sableye|63/100
|-damage|p1b: Archaludon|36/100
|-ability|p1b: Archaludon|Stamina|boost
|-boost|p1b: Archaludon|def|1
|
|-weather|Sandstorm|[upkeep]
|-damage|p1a: Sableye|57/100|[from] Sandstorm
|-heal|p1b: Archaludon|42/100|[from] item: Leftovers
|upkeep
|
|t:|1784809244
|switch|p2b: Rotom|Rotom-Wash, L50|100/100
|turn|2
|j| tearamizuu
|
|t:|1784809272
|move|p1a: Sableye|Swagger|p2b: Rotom|[miss]
|-miss|p1a: Sableye|p2b: Rotom
|move|p1b: Archaludon|Flash Cannon|p2a: Tyranitar
|-supereffective|p2a: Tyranitar|1
|-damage|p2a: Tyranitar|78/100
|move|p2b: Rotom|Light Screen|p2b: Rotom
|-sidestart|p2: Nathanlikesfeet|move: Light Screen
|move|p2a: Tyranitar|Earthquake|p1b: Archaludon|[spread] p1a,p1b
|-immune|p2b: Rotom|[from] ability: Levitate
|-supereffective|p1b: Archaludon|1
|-damage|p1a: Sableye|26/100
|-damage|p1b: Archaludon|0 fnt
|faint|p1b: Archaludon
|
|-weather|Sandstorm|[upkeep]
|-damage|p2b: Rotom|94/100|[from] Sandstorm
|-damage|p1a: Sableye|20/100y|[from] Sandstorm
|upkeep
|
|t:|1784809285
|switch|p1b: Blaziken|Blaziken, L50, M|100/100
|turn|3
|
|t:|1784809294
|move|p2a: Tyranitar|Protect|p2a: Tyranitar
|-singleturn|p2a: Tyranitar|Protect
|move|p1a: Sableye|Swagger|p1b: Blaziken|[miss]
|-miss|p1a: Sableye|p1b: Blaziken
|move|p1b: Blaziken|Close Combat|p2b: Rotom
|-damage|p2b: Rotom|28/100
|-unboost|p1b: Blaziken|def|1
|-unboost|p1b: Blaziken|spd|1
|move|p2b: Rotom|Hydro Pump|p1b: Blaziken
|-supereffective|p1b: Blaziken|1
|-crit|p1b: Blaziken
|-damage|p1b: Blaziken|0 fnt
|faint|p1b: Blaziken
|
|-weather|Sandstorm|[upkeep]
|-damage|p2b: Rotom|23/100|[from] Sandstorm
|-damage|p1a: Sableye|14/100|[from] Sandstorm
|upkeep
|c|☆OroRosaXIV|Yo sableye
|c|☆OroRosaXIV|lock I
|
|t:|1784809316
|switch|p1b: Swampert|Swampert, L50, F|100/100
|turn|4
|
|t:|1784809338
|switch|p2a: Excadrill|Excadrill, L50, F|100/100
|detailschange|p1b: Swampert|Swampert-Mega, L50, F
|-mega|p1b: Swampert|Swampert|Swampertite
|move|p1a: Sableye|Swagger|p2b: Rotom
|-boost|p2b: Rotom|atk|2
|-start|p2b: Rotom|confusion
|-activate|p2b: Rotom|confusion
|move|p2b: Rotom|Reflect|p2b: Rotom
|-sidestart|p2: Nathanlikesfeet|Reflect
|move|p1b: Swampert|Wave Crash|p2a: Excadrill
|-supereffective|p2a: Excadrill|1
|-enditem|p2a: Excadrill|Focus Sash
|-damage|p2a: Excadrill|1/100
|-damage|p1b: Swampert|67/100|[from] Recoil
|
|-weather|Sandstorm|[upkeep]
|-damage|p2b: Rotom|17/100|[from] Sandstorm
|-damage|p1a: Sableye|8/100|[from] Sandstorm
|upkeep
|turn|5
|
|t:|1784809364
|move|p1a: Sableye|Rain Dance|p1a: Sableye
|-weather|RainDance
|move|p1b: Swampert|Wave Crash|p2a: Excadrill
|-supereffective|p2a: Excadrill|1
|-damage|p2a: Excadrill|0 fnt
|faint|p2a: Excadrill
|-damage|p1b: Swampert|66/100|[from] Recoil
|-end|p2b: Rotom|confusion
|move|p2b: Rotom|Hydro Pump|p1b: Swampert
|-damage|p1b: Swampert|5/100
|
|-weather|RainDance|[upkeep]
|upkeep
|
|t:|1784809380
|switch|p2a: Tyranitar|Tyranitar-Mega, L50, F|78/100
|-weather|Sandstorm|[from] ability: Sand Stream|[of] p2a: Tyranitar
|turn|6
|
|t:|1784809393
|move|p1b: Swampert|Protect|p1b: Swampert
|-singleturn|p1b: Swampert|Protect
|move|p1a: Sableye|Rain Dance|p1a: Sableye
|-weather|RainDance
|move|p2b: Rotom|Hydro Pump|p1b: Swampert
|-activate|p1b: Swampert|move: Protect
|move|p2a: Tyranitar|Earthquake|p1a: Sableye|[spread] p1a
|-activate|p1b: Swampert|move: Protect
|-immune|p2b: Rotom|[from] ability: Levitate
|-damage|p1a: Sableye|0 fnt
|faint|p1a: Sableye
|
|-weather|RainDance|[upkeep]
|upkeep
|turn|7
|
|t:|1784809413
|move|p1b: Swampert|Hammer Arm|p2a: Tyranitar
|-supereffective|p2a: Tyranitar|2
|-damage|p2a: Tyranitar|5/100
|-unboost|p1b: Swampert|spe|1
|move|p2b: Rotom|Hydro Pump|p1b: Swampert
|-damage|p1b: Swampert|0 fnt
|faint|p1b: Swampert
|
|win|Nathanlikesfeet
||OroRosaXIV is ready for game 3.
|inactive|Nathanlikesfeet has 30 seconds to confirm battle start!
