|j|☆CretaceousDraconid
|j|☆jao9222
|html|CretaceousDraconidjao9222    
|uhtml|bestof|Game 1 of a best-of-3
|t:|1757842797
|gametype|doubles
|player|p1|CretaceousDraconid|zinnia-masters|1055
|player|p2|jao9222|170|1036
|gen|9
|tier|[Gen 9] VGC 2025 Reg H (Bo3)
|rated|
|rule|Species Clause: Limit one of each Pokémon
|rule|Item Clause: Limit 1 of each item
|clearpoke
|poke|p1|Rillaboom, L50, F|
|poke|p1|Incineroar, L50, M|
|poke|p1|Salamence, L50, F|
|poke|p1|Garchomp, L50, F|
|poke|p1|Sneasler, L50, M|
|poke|p1|Ninetales-Alola, L50, F|
|poke|p2|Gothitelle, L50, M|
|poke|p2|Politoed, L50, M|
|poke|p2|Primarina, L50, F|
|poke|p2|Archaludon, L50, F|
|poke|p2|Incineroar, L50, F|
|poke|p2|Amoonguss, L50, F|
|teampreview|4
|showteam|p1|Rillaboom||AssaultVest|GrassySurge|FakeOut,Uturn,GrassyGlide,WoodHammer|||F|||50|,,,,,Fire]Incineroar||SafetyGoggles|Intimidate|FakeOut,Taunt,PartingShot,KnockOff|||M|||50|,,,,,Ghost]Salamence||ChoiceSpecs|Intimidate|Hurricane,HeatWave,DracoMeteor,HydroPump|||F|||50|,,,,,Fire]Garchomp||LoadedDice|RoughSkin|StompingTantrum,Earthquake,ScaleShot,Protect|||F|||50|,,,,,Fairy]Sneasler||FocusSash|PoisonTouch|DireClaw,CloseCombat,Coaching,Protect|||M|||50|,,,,,Fairy]Ninetales-Alola||NeverMeltIce|SnowWarning|FreezeDry,Blizzard,AuroraVeil,Protect|||F|||50|,,,,,Ghost
|showteam|p2|Gothitelle||Leftovers|ShadowTag|FakeOut,Protect,TrickRoom,Psychic|||M|||50|,,,,,Steel]Politoed||SitrusBerry|Drizzle|PerishSong,IcyWind,WeatherBall,Protect|||M|||50|,,,,,Fire]Primarina||ThroatSpray|LiquidVoice|PerishSong,Protect,HyperVoice,Moonblast|||F|||50|,,,,,Grass]Archaludon||PowerHerb|Stamina|Protect,ElectroShot,IronDefense,BodyPress|||F|||50|,,,,,Electric]Incineroar||SafetyGoggles|Intimidate|FakeOut,PartingShot,KnockOff,Protect|||F|||50|,,,,,Bug]Amoonguss||EjectButton|Regenerator|Spore,Protect,RagePowder,PollenPuff|||F|||50|,,,,,Water
|
|t:|1757842831
|teamsize|p1|4
|teamsize|p2|4
|start
|switch|p1a: Rillaboom|Rillaboom, L50, F|100/100
|switch|p1b: Incineroar|Incineroar, L50, M|100/100
|switch|p2a: Primarina|Primarina, L50, F|100/100
|switch|p2b: Gothitelle|Gothitelle, L50, M|100/100
|-ability|p1b: Incineroar|Intimidate|boost
|-unboost|p2a: Primarina|atk|1
|-unboost|p2b: Gothitelle|atk|1
|-fieldstart|move: Grassy Terrain|[from] ability: Grassy Surge|[of] p1a: Rillaboom
|turn|1
|
|t:|1757842841
|move|p2a: Primarina|Protect|p2a: Primarina
|-singleturn|p2a: Primarina|Protect
|move|p2b: Gothitelle|Protect|p2b: Gothitelle
|-singleturn|p2b: Gothitelle|Protect
|move|p1a: Rillaboom|Fake Out|p2b: Gothitelle
|-activate|p2b: Gothitelle|move: Protect
|move|p1b: Incineroar|Taunt|p2a: Primarina
|-activate|p2a: Primarina|move: Protect
|
|upkeep
|turn|2
|
|t:|1757842861
|move|p1b: Incineroar|Knock Off|p2a: Primarina
|-resisted|p2a: Primarina
|-damage|p2a: Primarina|80/100
|-enditem|p2a: Primarina|Throat Spray|[from] move: Knock Off|[of] p1b: Incineroar
|move|p1a: Rillaboom|Wood Hammer|p2a: Primarina
|-supereffective|p2a: Primarina
|-damage|p2a: Primarina|0 fnt
|faint|p2a: Primarina
|-damage|p1a: Rillaboom|78/100|[from] Recoil
|move|p2b: Gothitelle|Trick Room|p2b: Gothitelle
|-fieldstart|move: Trick Room|[of] p2b: Gothitelle
|
|-heal|p1a: Rillaboom|84/100|[from] Grassy Terrain
|upkeep
|
|t:|1757842870
|switch|p2a: Amoonguss|Amoonguss, L50, F|100/100
|turn|3
|
|t:|1757842887
|move|p1a: Rillaboom|Grassy Glide|p2a: Amoonguss
|-resisted|p2a: Amoonguss
|-damage|p2a: Amoonguss|93/100
|-enditem|p2a: Amoonguss|Eject Button
|
|t:|1757842914
|switch|p2a: Incineroar|Incineroar, L50, F|100/100
|-ability|p2a: Incineroar|Intimidate|boost
|-unboost|p1a: Rillaboom|atk|1
|-unboost|p1b: Incineroar|atk|1
|move|p2b: Gothitelle|Psychic|p1a: Rillaboom
|-crit|p1a: Rillaboom
|-damage|p1a: Rillaboom|52/100
|move|p1b: Incineroar|Knock Off|p2b: Gothitelle
|-supereffective|p2b: Gothitelle
|-damage|p2b: Gothitelle|53/100
|-enditem|p2b: Gothitelle|Leftovers|[from] move: Knock Off|[of] p1b: Incineroar
|
|-heal|p2b: Gothitelle|59/100|[from] Grassy Terrain
|-heal|p1a: Rillaboom|58/100|[from] Grassy Terrain
|upkeep
|turn|4
|
|t:|1757842930
|move|p2b: Gothitelle|Psychic|p1a: Rillaboom
|-damage|p1a: Rillaboom|35/100
|move|p2a: Incineroar|Parting Shot|p1a: Rillaboom
|-unboost|p1a: Rillaboom|atk|1
|-unboost|p1a: Rillaboom|spa|1
|
|t:|1757842932
|switch|p2a: Amoonguss|Amoonguss, L50, F|100/100|[from] Parting Shot
|move|p1a: Rillaboom|U-turn|p2b: Gothitelle
|-supereffective|p2b: Gothitelle
|-damage|p2b: Gothitelle|34/100
|
|t:|1757842941
|switch|p1a: TheFuckYouGuy|Sneasler, L50, M|100/100|[from] U-turn
|move|p1b: Incineroar|Parting Shot|p2a: Amoonguss
|-unboost|p2a: Amoonguss|atk|1
|-unboost|p2a: Amoonguss|spa|1
|
|t:|1757842943
|switch|p1b: Rillaboom|Rillaboom, L50, F|35/100|[from] Parting Shot
|
|-heal|p2b: Gothitelle|40/100|[from] Grassy Terrain
|-heal|p1b: Rillaboom|41/100|[from] Grassy Terrain
|upkeep
|turn|5
|
|t:|1757842952
|move|p2a: Amoonguss|Protect|p2a: Amoonguss
|-singleturn|p2a: Amoonguss|Protect
|move|p2b: Gothitelle|Protect|p2b: Gothitelle
|-singleturn|p2b: Gothitelle|Protect
|move|p1a: TheFuckYouGuy|Protect|p1a: TheFuckYouGuy
|-singleturn|p1a: TheFuckYouGuy|Protect
|move|p1b: Rillaboom|U-turn|p2b: Gothitelle
|-activate|p2b: Gothitelle|move: Protect
|
|-heal|p2b: Gothitelle|46/100|[from] Grassy Terrain
|-heal|p1b: Rillaboom|47/100|[from] Grassy Terrain
|-fieldend|move: Grassy Terrain
|upkeep
|turn|6
|
|t:|1757842960
|move|p1a: TheFuckYouGuy|Protect||[still]
|-fail|p1a: TheFuckYouGuy
|move|p2a: Amoonguss|Pollen Puff|p2b: Gothitelle
|-heal|p2b: Gothitelle|96/100
|move|p2b: Gothitelle|Psychic|p1a: TheFuckYouGuy
|-supereffective|p1a: TheFuckYouGuy
|-enditem|p1a: TheFuckYouGuy|Focus Sash
|-damage|p1a: TheFuckYouGuy|1/100
|move|p1b: Rillaboom|U-turn|p2b: Gothitelle
|-supereffective|p2b: Gothitelle
|-damage|p2b: Gothitelle|48/100
|
|t:|1757842967
|switch|p1b: Incineroar|Incineroar, L50, M|100/100|[from] U-turn
|-ability|p1b: Incineroar|Intimidate|boost
|-unboost|p2a: Amoonguss|atk|1
|-unboost|p2b: Gothitelle|atk|1
|
|-fieldend|move: Trick Room
|upkeep
|turn|7
|
|t:|1757842978
|switch|p2b: Incineroar|Incineroar, L50, F|100/100
|-ability|p2b: Incineroar|Intimidate|boost
|-unboost|p1a: TheFuckYouGuy|atk|1
|-unboost|p1b: Incineroar|atk|1
|move|p1a: TheFuckYouGuy|Coaching|p1b: Incineroar
|-boost|p1b: Incineroar|atk|1
|-boost|p1b: Incineroar|def|1
|move|p1b: Incineroar|Knock Off|p2b: Incineroar
|-resisted|p2b: Incineroar
|-crit|p2b: Incineroar
|-damage|p2b: Incineroar|75/100
|-enditem|p2b: Incineroar|Safety Goggles|[from] move: Knock Off|[of] p1b: Incineroar
|move|p2a: Amoonguss|Pollen Puff|p1a: TheFuckYouGuy
|-resisted|p1a: TheFuckYouGuy
|-damage|p1a: TheFuckYouGuy|0 fnt
|faint|p1a: TheFuckYouGuy
|
|upkeep
|
|t:|1757842982
|switch|p1a: Garchomp|Garchomp, L50, F|100/100
|turn|8
|
|t:|1757842995
|move|p1a: Garchomp|Protect|p1a: Garchomp
|-singleturn|p1a: Garchomp|Protect
|move|p1b: Incineroar|Taunt|p2a: Amoonguss
|-start|p2a: Amoonguss|move: Taunt
|move|p2b: Incineroar|Parting Shot|p1b: Incineroar
|-unboost|p1b: Incineroar|atk|1
|-unboost|p1b: Incineroar|spa|1
|
|t:|1757842998
|switch|p2b: Gothitelle|Gothitelle, L50, M|48/100|[from] Parting Shot
|cant|p2a: Amoonguss|move: Taunt|Spore
|
|upkeep
|turn|9
|
|t:|1757843018
|switch|p2b: Incineroar|Incineroar, L50, F|75/100
|-ability|p2b: Incineroar|Intimidate|boost
|-unboost|p1a: Garchomp|atk|1
|-unboost|p1b: Incineroar|atk|1
|move|p1a: Garchomp|Scale Shot|p2b: Incineroar
|-damage|p2b: Incineroar|68/100
|-damage|p2b: Incineroar|60/100
|-damage|p2b: Incineroar|52/100
|-damage|p2b: Incineroar|45/100
|-hitcount|p2b: Incineroar|4
|-unboost|p1a: Garchomp|def|1
|-boost|p1a: Garchomp|spe|1
|move|p1b: Incineroar|Parting Shot|p2b: Incineroar
|-unboost|p2b: Incineroar|atk|1
|-unboost|p2b: Incineroar|spa|1
|
|t:|1757843020
|switch|p1b: Rillaboom|Rillaboom, L50, F|47/100|[from] Parting Shot
|-fieldstart|move: Grassy Terrain|[from] ability: Grassy Surge|[of] p1b: Rillaboom
|move|p2a: Amoonguss|Pollen Puff|p1a: Garchomp
|-damage|p1a: Garchomp|85/100
|
|-heal|p1a: Garchomp|91/100|[from] Grassy Terrain
|-heal|p1b: Rillaboom|53/100|[from] Grassy Terrain
|-heal|p2b: Incineroar|51/100|[from] Grassy Terrain
|upkeep
|turn|10
|
|t:|1757843047
|move|p2b: Incineroar|Protect|p2b: Incineroar
|-singleturn|p2b: Incineroar|Protect
|move|p1b: Rillaboom|Fake Out|p2b: Incineroar
|-activate|p2b: Incineroar|move: Protect
|move|p1a: Garchomp|Stomping Tantrum|p2b: Incineroar
|-activate|p2b: Incineroar|move: Protect
|move|p2a: Amoonguss|Pollen Puff|p1b: Rillaboom
|-supereffective|p1b: Rillaboom
|-damage|p1b: Rillaboom|35/100
|
|-heal|p1a: Garchomp|97/100|[from] Grassy Terrain
|-heal|p1b: Rillaboom|41/100|[from] Grassy Terrain
|-heal|p2b: Incineroar|57/100|[from] Grassy Terrain
|-end|p2a: Amoonguss|move: Taunt
|upkeep
|turn|11
|
|t:|1757843060
|-terastallize|p2b: Incineroar|Bug
|move|p1a: Garchomp|Stomping Tantrum|p2b: Incineroar
|-resisted|p2b: Incineroar
|-damage|p2b: Incineroar|47/100
|move|p1b: Rillaboom|U-turn|p2b: Incineroar
|-damage|p2b: Incineroar|27/100
|
|t:|1757843063
|switch|p1b: Incineroar|Incineroar, L50, M|100/100|[from] U-turn
|-ability|p1b: Incineroar|Intimidate|boost
|-unboost|p2a: Amoonguss|atk|1
|-unboost|p2b: Incineroar|atk|1
|move|p2b: Incineroar|Parting Shot|p1a: Garchomp
|-unboost|p1a: Garchomp|atk|1
|-unboost|p1a: Garchomp|spa|1
|
|t:|1757843073
|switch|p2b: Gothitelle|Gothitelle, L50, M|48/100|[from] Parting Shot
|move|p2a: Amoonguss|Pollen Puff|p2b: Gothitelle
|-heal|p2b: Gothitelle|98/100
|
|-heal|p1a: Garchomp|100/100|[from] Grassy Terrain
|-heal|p2b: Gothitelle|100/100|[from] Grassy Terrain
|upkeep
|turn|12
|
|t:|1757843099
|move|p2b: Gothitelle|Protect|p2b: Gothitelle
|-singleturn|p2b: Gothitelle|Protect
|move|p2a: Amoonguss|Protect|p2a: Amoonguss
|-singleturn|p2a: Amoonguss|Protect
|move|p1b: Incineroar|Fake Out|p2b: Gothitelle
|-activate|p2b: Gothitelle|move: Protect
|move|p1a: Garchomp|Scale Shot|p2a: Amoonguss
|-activate|p2a: Amoonguss|move: Protect
|
|upkeep
|turn|13
|
|t:|1757843111
|switch|p2a: Incineroar|Incineroar, L50, F, tera:Bug|27/100
|-ability|p2a: Incineroar|Intimidate|boost
|-unboost|p1a: Garchomp|atk|1
|-unboost|p1b: Incineroar|atk|1
|move|p1a: Garchomp|Stomping Tantrum|p2b: Gothitelle
|-damage|p2b: Gothitelle|86/100
|move|p1b: Incineroar|Taunt|p2a: Incineroar
|-start|p2a: Incineroar|move: Taunt
|move|p2b: Gothitelle|Trick Room|p2b: Gothitelle
|-fieldstart|move: Trick Room|[of] p2b: Gothitelle
|
|-heal|p2b: Gothitelle|92/100|[from] Grassy Terrain
|-heal|p2a: Incineroar|33/100|[from] Grassy Terrain
|-fieldend|move: Grassy Terrain
|upkeep
|turn|14
|
|t:|1757843136
|move|p2a: Incineroar|Fake Out|p1b: Incineroar
|-damage|p1b: Incineroar|89/100
|move|p2b: Gothitelle|Psychic|p1a: Garchomp
|-damage|p1a: Garchomp|66/100
|cant|p1b: Incineroar|flinch
|move|p1a: Garchomp|Scale Shot|p2a: Incineroar
|-damage|p2a: Incineroar|28/100
|-damage|p2a: Incineroar|23/100
|-damage|p2a: Incineroar|18/100
|-damage|p2a: Incineroar|13/100
|-hitcount|p2a: Incineroar|4
|-unboost|p1a: Garchomp|def|1
|-boost|p1a: Garchomp|spe|1
|
|upkeep
|turn|15
|
|t:|1757843156
|switch|p2b: Amoonguss|Amoonguss, L50, F|100/100
|move|p1a: Garchomp|Protect|p1a: Garchomp
|-singleturn|p1a: Garchomp|Protect
|move|p2a: Incineroar|Knock Off|p1a: Garchomp
|-activate|p1a: Garchomp|move: Protect
|move|p1b: Incineroar|Knock Off|p2a: Incineroar
|-damage|p2a: Incineroar|0 fnt
|faint|p2a: Incineroar
|
|upkeep
|
|t:|1757843162
|switch|p2a: Gothitelle|Gothitelle, L50, M|92/100
|turn|16
|
|t:|1757843177
|move|p2b: Amoonguss|Spore|p1a: Garchomp
|-status|p1a: Garchomp|slp|[from] move: Spore
|move|p2a: Gothitelle|Psychic|p1a: Garchomp
|-damage|p1a: Garchomp|28/100 slp
|move|p1b: Incineroar|Taunt|p2b: Amoonguss
|-start|p2b: Amoonguss|move: Taunt
|cant|p1a: Garchomp|slp
|
|upkeep
|turn|17
|
|t:|1757843187
|-curestatus|p1a: Garchomp|slp|[msg]
|move|p1a: Garchomp|Protect|p1a: Garchomp
|-singleturn|p1a: Garchomp|Protect
|move|p2b: Amoonguss|Pollen Puff|p2a: Gothitelle
|-heal|p2a: Gothitelle|100/100
|move|p2a: Gothitelle|Psychic|p1a: Garchomp
|-activate|p1a: Garchomp|move: Protect
|move|p1b: Incineroar|Parting Shot|p2a: Gothitelle
|-unboost|p2a: Gothitelle|atk|1
|-unboost|p2a: Gothitelle|spa|1
|
|t:|1757843190
|switch|p1b: Rillaboom|Rillaboom, L50, F|41/100|[from] Parting Shot
|-fieldstart|move: Grassy Terrain|[from] ability: Grassy Surge|[of] p1b: Rillaboom
|
|-heal|p1b: Rillaboom|47/100|[from] Grassy Terrain
|-heal|p1a: Garchomp|34/100|[from] Grassy Terrain
|-fieldend|move: Trick Room
|upkeep
|turn|18
|
|t:|1757843204
|move|p2a: Gothitelle|Protect|p2a: Gothitelle
|-singleturn|p2a: Gothitelle|Protect
|move|p1a: Garchomp|Scale Shot|p2a: Gothitelle
|-activate|p2a: Gothitelle|move: Protect
|move|p1b: Rillaboom|Wood Hammer|p2a: Gothitelle
|-activate|p2a: Gothitelle|move: Protect
|move|p2b: Amoonguss|Pollen Puff|p1b: Rillaboom
|-supereffective|p1b: Rillaboom
|-damage|p1b: Rillaboom|23/100
|
|-heal|p1a: Garchomp|40/100|[from] Grassy Terrain
|-heal|p1b: Rillaboom|29/100|[from] Grassy Terrain
|upkeep
|turn|19
|
|t:|1757843218
|move|p1a: Garchomp|Scale Shot|p2a: Gothitelle
|-damage|p2a: Gothitelle|95/100
|-damage|p2a: Gothitelle|90/100
|-damage|p2a: Gothitelle|84/100
|-damage|p2a: Gothitelle|79/100
|-hitcount|p2a: Gothitelle|4
|-unboost|p1a: Garchomp|def|1
|-boost|p1a: Garchomp|spe|1
|move|p1b: Rillaboom|U-turn|p2a: Gothitelle
|-supereffective|p2a: Gothitelle
|-damage|p2a: Gothitelle|30/100
|
|t:|1757843228
|switch|p1b: Incineroar|Incineroar, L50, M|89/100|[from] U-turn
|-ability|p1b: Incineroar|Intimidate|boost
|-unboost|p2a: Gothitelle|atk|1
|-unboost|p2b: Amoonguss|atk|1
|move|p2b: Amoonguss|Pollen Puff|p1b: Incineroar
|-damage|p1b: Incineroar|70/100
|move|p2a: Gothitelle|Trick Room|p2a: Gothitelle
|-fieldstart|move: Trick Room|[of] p2a: Gothitelle
|
|-heal|p2a: Gothitelle|36/100|[from] Grassy Terrain
|-heal|p1b: Incineroar|76/100|[from] Grassy Terrain
|-heal|p1a: Garchomp|46/100|[from] Grassy Terrain
|-end|p2b: Amoonguss|move: Taunt
|upkeep
|turn|20
|
|t:|1757843247
|move|p2b: Amoonguss|Pollen Puff|p2a: Gothitelle
|-heal|p2a: Gothitelle|86/100
|move|p2a: Gothitelle|Psychic|p1a: Garchomp
|-damage|p1a: Garchomp|21/100
|move|p1b: Incineroar|Knock Off|p2a: Gothitelle
|-supereffective|p2a: Gothitelle
|-damage|p2a: Gothitelle|35/100
|move|p1a: Garchomp|Scale Shot|p2b: Amoonguss
|-damage|p2b: Amoonguss|96/100
|-damage|p2b: Amoonguss|90/100
|-damage|p2b: Amoonguss|84/100
|-damage|p2b: Amoonguss|79/100
|-hitcount|p2b: Amoonguss|4
|-unboost|p1a: Garchomp|def|1
|-boost|p1a: Garchomp|spe|1
|
|-heal|p2b: Amoonguss|85/100|[from] Grassy Terrain
|-heal|p2a: Gothitelle|41/100|[from] Grassy Terrain
|-heal|p1b: Incineroar|82/100|[from] Grassy Terrain
|-heal|p1a: Garchomp|27/100|[from] Grassy Terrain
|upkeep
|turn|21
|
|t:|1757843261
|move|p1a: Garchomp|Protect|p1a: Garchomp
|-singleturn|p1a: Garchomp|Protect
|move|p2b: Amoonguss|Pollen Puff|p2a: Gothitelle
|-heal|p2a: Gothitelle|91/100
|move|p2a: Gothitelle|Psychic|p1a: Garchomp
|-activate|p1a: Garchomp|move: Protect
|move|p1b: Incineroar|Knock Off|p2b: Amoonguss
|-damage|p2b: Amoonguss|60/100
|
|-heal|p2b: Amoonguss|67/100|[from] Grassy Terrain
|-heal|p2a: Gothitelle|97/100|[from] Grassy Terrain
|-heal|p1b: Incineroar|88/100|[from] Grassy Terrain
|-heal|p1a: Garchomp|33/100|[from] Grassy Terrain
|-fieldend|move: Grassy Terrain
|upkeep
|turn|22
|
|t:|1757843277
|move|p2b: Amoonguss|Pollen Puff|p1a: Garchomp
|-damage|p1a: Garchomp|13/100
|move|p2a: Gothitelle|Psychic|p1a: Garchomp
|-damage|p1a: Garchomp|0 fnt
|faint|p1a: Garchomp
|move|p1b: Incineroar|Knock Off|p2a: Gothitelle
|-supereffective|p2a: Gothitelle
|-damage|p2a: Gothitelle|46/100
|
|upkeep
|
|t:|1757843280
|switch|p1a: Rillaboom|Rillaboom, L50, F|29/100
|-fieldstart|move: Grassy Terrain|[from] ability: Grassy Surge|[of] p1a: Rillaboom
|turn|23
|
|t:|1757843291
|move|p1a: Rillaboom|Fake Out|p2b: Amoonguss
|-damage|p2b: Amoonguss|54/100
|cant|p2b: Amoonguss|flinch
|move|p2a: Gothitelle|Psychic|p1a: Rillaboom
|-damage|p1a: Rillaboom|15/100
|move|p1b: Incineroar|Knock Off|p2a: Gothitelle
|-supereffective|p2a: Gothitelle
|-damage|p2a: Gothitelle|0 fnt
|faint|p2a: Gothitelle
|
|-heal|p2b: Amoonguss|60/100|[from] Grassy Terrain
|-heal|p1a: Rillaboom|21/100|[from] Grassy Terrain
|-heal|p1b: Incineroar|94/100|[from] Grassy Terrain
|-fieldend|move: Trick Room
|upkeep
|turn|24
|
|t:|1757843313
|-terastallize|p1a: Rillaboom|Fire
|move|p1b: Incineroar|Taunt|p2b: Amoonguss
|-start|p2b: Amoonguss|move: Taunt
|move|p1a: Rillaboom|U-turn|p2b: Amoonguss
|-damage|p2b: Amoonguss|36/100
|move|p2b: Amoonguss|Pollen Puff|p1a: Rillaboom
|-resisted|p1a: Rillaboom
|-damage|p1a: Rillaboom|15/100
|
|-heal|p1b: Incineroar|99/100|[from] Grassy Terrain
|-heal|p1a: Rillaboom|21/100|[from] Grassy Terrain
|-heal|p2b: Amoonguss|42/100|[from] Grassy Terrain
|upkeep
|turn|25
|
|t:|1757843324
|move|p1b: Incineroar|Knock Off|p2b: Amoonguss
|-damage|p2b: Amoonguss|18/100
|move|p1a: Rillaboom|U-turn|p2b: Amoonguss
|-damage|p2b: Amoonguss|0 fnt
|faint|p2b: Amoonguss
|
|win|CretaceousDraconid
||CretaceousDraconid is ready for game 2.
||jao9222 is ready for game 2.
|uhtml|next|Next: Game 2 of 3
