|j|☆applejuice1738
|j|☆MasterSkillsalt
|html|applejuice1738MasterSkillsalt    
|uhtml|bestof|Game 2 of a best-of-3
|t:|1785605447
|gametype|doubles
|player|p1|applejuice1738|2|
|player|p2|MasterSkillsalt|101|
|gen|9
|tier|[Gen 9 Champions] VGC 2026 Reg M-B (Bo3)
|rule|Species Clause: Limit one of each Pokémon
|rule|Item Clause: Limit 1 of each item
|clearpoke
|poke|p1|Annihilape, L50, M, shiny|
|poke|p1|Gardevoir, L50, F|
|poke|p1|Mawile, L50, F|
|poke|p1|Rotom-Heat, L50|
|poke|p1|Crabominable, L50, M|
|poke|p1|Spiritomb, L50, M|
|poke|p2|Zoroark-Hisui, L50, F|
|poke|p2|Archaludon, L50, F|
|poke|p2|Politoed, L50, F|
|poke|p2|Starmie, L50|
|poke|p2|Liepard, L50, F|
|poke|p2|Mr. Rime, L50, F|
|teampreview|4
|showteam|p1|Annihilape||FocusSash|VitalSpirit|RageFist,BrickBreak,Protect,ThroatChop|Jolly||M|||50|]Gardevoir||MentalHerb|Synchronize|TrickRoom,DrainingKiss,LightScreen,Protect|Sassy||F|||50|]Mawile||Mawilite|HyperCutter|SuckerPunch,PlayRough,IronHead,Protect|Adamant||F|||50|]Rotom-Heat||ExpertBelt|Levitate|VoltSwitch,Overheat,Thunderbolt,Protect|Timid|||||50|]Crabominable||LifeOrb|IronFist|IcePunch,DynamicPunch,FocusPunch,Protect|Adamant||M|||50|]Spiritomb|||Pressure|TrickRoom,WillOWisp,DestinyBond,Snarl|Sassy||M|||50|
|showteam|p2|Zoroark-Hisui||ExpertBelt|Illusion|NastyPlot,BitterMalice,Flamethrower,HyperVoice|Modest||F|||50|]Archaludon||Leftovers|Stamina|Protect,ElectroShot,FlashCannon,DragonPulse|Modest||F|||50|]Politoed||SitrusBerry|Drizzle|IcyWind,WeatherBall,ChillingWater,HelpingHand|Calm||F|||50|]Starmie||Starminite|Illuminate|Protect,FlipTurn,ZenHeadbutt,Liquidation|Adamant|||||50|]Liepard||FocusSash|Prankster|FakeOut,FakeTears,Charm,Encore|Timid||F|||50|]Mr. Rime||BrightPowder|ScreenCleaner|Psychic,BatonPass,CalmMind,Reflect|Calm||F|||50|
|j| PJG4487
|j| PsychedelicDawgII
|j| SlobCat47
|
|t:|1785605497
|teamsize|p1|4
|teamsize|p2|4
|start
|switch|p1a: BADDIE ALERT|Gardevoir, L50, F|100/100
|switch|p1b: GREG|Annihilape, L50, M, shiny|100/100
|switch|p2a: Politoed|Politoed, L50, F|100/100
|switch|p2b: Starmie|Starmie, L50|100/100
|-weather|RainDance|[from] ability: Drizzle|[of] p2a: Politoed
|turn|1
|
|t:|1785605539
|move|p2b: Starmie|Protect|p2b: Starmie
|-singleturn|p2b: Starmie|Protect
|move|p1b: GREG|Rage Fist|p2b: Starmie
|-activate|p2b: Starmie|move: Protect
|move|p2a: Politoed|Icy Wind|p1b: GREG|[spread] p1a,p1b
|-damage|p1a: BADDIE ALERT|93/100
|-damage|p1b: GREG|91/100
|-unboost|p1a: BADDIE ALERT|spe|1
|-unboost|p1b: GREG|spe|1
|move|p1a: BADDIE ALERT|Trick Room|p1a: BADDIE ALERT
|-fieldstart|move: Trick Room|[of] p1a: BADDIE ALERT
|
|-weather|RainDance|[upkeep]
|upkeep
|turn|2
|
|t:|1785605576
|switch|p2b: Mr. Rime|Mr. Rime, L50, F|100/100
|move|p1a: BADDIE ALERT|Draining Kiss|p2a: Politoed
|-damage|p2a: Politoed|84/100
|-heal|p1a: BADDIE ALERT|100/100|[from] drain|[of] p2a: Politoed
|move|p2a: Politoed|Weather Ball|p1b: GREG
|-damage|p1b: GREG|44/100
|move|p1b: GREG|Rage Fist|p2b: Mr. Rime
|-supereffective|p2b: Mr. Rime|1
|-damage|p2b: Mr. Rime|0 fnt
|faint|p2b: Mr. Rime
|
|-weather|RainDance|[upkeep]
|upkeep
|
|t:|1785605597
|switch|p2b: Liepard|Liepard, L50, F|100/100
|turn|3
|j| aggroat23
|
|t:|1785605612
|move|p2b: Liepard|Fake Out|p1a: BADDIE ALERT
|-damage|p1a: BADDIE ALERT|89/100
|cant|p1a: BADDIE ALERT|flinch
|move|p2a: Politoed|Weather Ball|p1b: GREG
|-damage|p1b: GREG|0 fnt
|faint|p1b: GREG
|
|-weather|RainDance|[upkeep]
|upkeep
|
|t:|1785605622
|switch|p1b: HOT BOX|Rotom-Heat, L50|100/100
|turn|4
|
|t:|1785605641
|move|p2b: Liepard|Fake Tears|p1b: HOT BOX
|-unboost|p1b: HOT BOX|spd|2
|move|p1a: BADDIE ALERT|Draining Kiss|p2b: Liepard
|-supereffective|p2b: Liepard|1
|-damage|p2b: Liepard|26/100
|-heal|p1a: BADDIE ALERT|100/100|[from] drain|[of] p2b: Liepard
|move|p2a: Politoed|Weather Ball|p1b: HOT BOX
|-supereffective|p1b: HOT BOX|1
|-damage|p1b: HOT BOX|0 fnt
|faint|p1b: HOT BOX
|
|-weather|RainDance|[upkeep]
|upkeep
|
|t:|1785605652
|switch|p1b: mouth game|Mawile, L50, F|100/100
|turn|5
|
|t:|1785605693
|detailschange|p1b: mouth game|Mawile-Mega, L50, F
|-mega|p1b: mouth game|Mawile|Mawilite
|move|p1b: mouth game|Sucker Punch|p2a: Politoed
|-damage|p2a: Politoed|35/100
|-enditem|p2a: Politoed|Sitrus Berry|[eat]
|-heal|p2a: Politoed|59/100|[from] item: Sitrus Berry
|move|p2b: Liepard|Charm|p1b: mouth game
|-unboost|p1b: mouth game|atk|2
|move|p1a: BADDIE ALERT|Draining Kiss|p2b: Liepard
|-supereffective|p2b: Liepard|1
|-damage|p2b: Liepard|0 fnt
|faint|p2b: Liepard
|move|p2a: Politoed|Weather Ball|p1b: mouth game
|-damage|p1b: mouth game|42/100
|
|-weather|none
|-fieldend|move: Trick Room
|upkeep
|
|t:|1785605712
|switch|p2b: Starmie|Starmie, L50|100/100
|turn|6
|
|t:|1785605730
|move|p2b: Starmie|Protect|p2b: Starmie
|-singleturn|p2b: Starmie|Protect
|move|p1b: mouth game|Sucker Punch||[still]
|-fail|p1b: mouth game
|move|p2a: Politoed|Chilling Water|p1b: mouth game
|-damage|p1b: mouth game|24/100
|-unboost|p1b: mouth game|atk|1
|move|p1a: BADDIE ALERT|Draining Kiss|p2a: Politoed
|-damage|p2a: Politoed|45/100
|
|upkeep
|turn|7
|
|t:|1785605792
|move|p2b: Starmie|Protect||[still]
|-fail|p2b: Starmie
|move|p2a: Politoed|Chilling Water|p1b: mouth game
|-damage|p1b: mouth game|5/100
|-unboost|p1b: mouth game|atk|1
|move|p1b: mouth game|Play Rough|p2a: Politoed
|-crit|p2a: Politoed
|-damage|p2a: Politoed|0 fnt
|faint|p2a: Politoed
|move|p1a: BADDIE ALERT|Draining Kiss|p2b: Starmie
|-damage|p2b: Starmie|69/100
|
|upkeep
|turn|8
|
|t:|1785605809
|detailschange|p2b: Starmie|Starmie-Mega, L50
|-mega|p2b: Starmie|Starmie|Starminite
|move|p1b: mouth game|Sucker Punch|p2b: Starmie
|-supereffective|p2b: Starmie|1
|-crit|p2b: Starmie
|-damage|p2b: Starmie|0 fnt
|faint|p2b: Starmie
|
|win|applejuice1738
|inactive|applejuice1738 has 30 seconds to confirm battle start!
|inactive|MasterSkillsalt has 30 seconds to confirm battle start!
||MasterSkillsalt is ready for game 3.
||applejuice1738 is ready for game 3.
|uhtml|next|Next: Game 3 of 3
|l| aggroat23
|l| PsychedelicDawgII
|l|☆applejuice1738
|player|p1|
|l| SlobCat47
