|j|☆CheekyCow
|j|☆pokedaddyyuey
|html|CheekyCowpokedaddyyuey    
|uhtml|bestof|Game 1 of a best-of-3
|t:|1784595358
|gametype|doubles
|player|p1|CheekyCow|worker|
|player|p2|pokedaddyyuey|1|
|gen|9
|tier|[Gen 9 Champions] VGC 2026 Reg M-B (Bo3)
|rule|Species Clause: Limit one of each Pokémon
|rule|Item Clause: Limit 1 of each item
|clearpoke
|poke|p1|Palafin, L50, M|
|poke|p1|Sableye, L50, M|
|poke|p1|Scizor, L50, M|
|poke|p1|Meganium, L50, F|
|poke|p1|Pelipper, L50, M|
|poke|p1|Greninja, L50, M|
|poke|p2|Whimsicott, L50, M, shiny|
|poke|p2|Bellibolt, L50, M, shiny|
|poke|p2|Sneasler, L50, M, shiny|
|poke|p2|Manectric, L50, M, shiny|
|poke|p2|Scovillain, L50, M|
|poke|p2|Rotom-Frost, L50, shiny|
|teampreview|4
|showteam|p1|Palafin||ChoiceScarf|ZerotoHero|WaveCrash,CloseCombat,FlipTurn,IcePunch|Jolly||M|||50|]Sableye||LightClay|Prankster|RainDance,Reflect,LightScreen,KnockOff|Impish||M|||50|]Scizor||Leftovers|Technician|BugBite,BulletPunch,SwordsDance,DualWingbeat|Adamant||M|||50|]Meganium||Meganiumite|Overgrow|DazzlingGleam,EarthPower,Synthesis,SolarBeam|Timid||F|||50|]Pelipper||FocusSash|Drizzle|Hurricane,WeatherBall,Tailwind,Uturn|Modest||M|||50|]Greninja||LifeOrb|Protean|IceBeam,WaterShuriken,Protect,Uturn|Timid||M|||50|
|showteam|p2|Whimsicott||FocusSash|Prankster|Protect,Encore,Tailwind,Moonblast|Bold||M|||50|]Bellibolt||Leftovers|Electromorphosis|ParabolicCharge,MuddyWater,SlackOff,Protect|Bold||M|||50|]Sneasler||LumBerry|Unburden|FakeOut,DireClaw,CloseCombat,Protect|Adamant||M|||50|]Manectric||SitrusBerry|LightningRod|LightScreen,Discharge,Flamethrower,Protect|Timid||M|||50|]Scovillain||Scovillainite|Moody|Protect,Flamethrower,EnergyBall,RagePowder|Calm||M|||50|]Rotom-Frost||ChoiceScarf|Levitate|Discharge,Electroweb,Blizzard,Trick|Timid|||||50|
|c|☆pokedaddyyuey|glhf!
|c|☆CheekyCow|glhf!
|
|t:|1784595426
|teamsize|p1|4
|teamsize|p2|4
|start
|switch|p1a: Sebulba|Sableye, L50, M|100/100
|switch|p1b: Dr. Mantis|Scizor, L50, M|100/100
|switch|p2a: Beer Holder|Rotom-Frost, L50, shiny|100/100
|switch|p2b: Diva Weavile|Sneasler, L50, M, shiny|100/100
|turn|1
|
|t:|1784595438
|move|p2b: Diva Weavile|Fake Out|p1b: Dr. Mantis
|-resisted|p1b: Dr. Mantis|1
|-damage|p1b: Dr. Mantis|92/100
|move|p1a: Sebulba|Reflect|p1a: Sebulba
|-sidestart|p1: CheekyCow|Reflect
|move|p2a: Beer Holder|Trick|p1a: Sebulba
|-activate|p2a: Beer Holder|move: Trick|[of] p1a: Sebulba
|-item|p1a: Sebulba|Choice Scarf|[from] move: Trick
|-item|p2a: Beer Holder|Light Clay|[from] move: Trick
|cant|p1b: Dr. Mantis|flinch
|
|-heal|p1b: Dr. Mantis|98/100|[from] item: Leftovers
|upkeep
|turn|2
|j| amissan6
|
|t:|1784595455
|switch|p2b: Underdog|Manectric, L50, M, shiny|100/100
|move|p2a: Beer Holder|Discharge|p1b: Dr. Mantis|[spread] p1a,p1b
|-ability|p2b: Underdog|Lightning Rod|boost
|-boost|p2b: Underdog|spa|1
|-damage|p1a: Sebulba|57/100
|-damage|p1b: Dr. Mantis|68/100
|move|p1a: Sebulba|Knock Off|p2b: Underdog
|-damage|p2b: Underdog|46/100
|-enditem|p2b: Underdog|Sitrus Berry|[from] move: Knock Off|[of] p1a: Sebulba
|move|p1b: Dr. Mantis|Dual Wingbeat|p2b: Underdog
|-resisted|p2b: Underdog|1
|-damage|p2b: Underdog|25/100
|-resisted|p2b: Underdog|1
|-damage|p2b: Underdog|3/100
|-hitcount|p2b: Underdog|2
|
|-heal|p1b: Dr. Mantis|74/100|[from] item: Leftovers
|upkeep
|turn|3
|
|t:|1784595474
|move|p2b: Underdog|Protect|p2b: Underdog
|-singleturn|p2b: Underdog|Protect
|move|p1b: Dr. Mantis|Bullet Punch|p2b: Underdog
|-activate|p2b: Underdog|move: Protect
|move|p2a: Beer Holder|Electroweb|p1a: Sebulba|[spread] p1a,p1b
|-damage|p1a: Sebulba|26/100
|-damage|p1b: Dr. Mantis|52/100
|-unboost|p1a: Sebulba|spe|1
|-unboost|p1b: Dr. Mantis|spe|1
|move|p1a: Sebulba|Knock Off|p2a: Beer Holder
|-damage|p2a: Beer Holder|63/100
|-enditem|p2a: Beer Holder|Light Clay|[from] move: Knock Off|[of] p1a: Sebulba
|
|-heal|p1b: Dr. Mantis|58/100|[from] item: Leftovers
|upkeep
|turn|4
|
|t:|1784595497
|move|p2b: Underdog|Protect||[still]
|-fail|p2b: Underdog
|move|p2a: Beer Holder|Discharge|p1b: Dr. Mantis|[spread] p1a,p1b
|-ability|p2b: Underdog|Lightning Rod|boost
|-boost|p2b: Underdog|spa|1
|-damage|p1a: Sebulba|0 fnt
|-damage|p1b: Dr. Mantis|24/100
|-status|p1b: Dr. Mantis|par
|faint|p1a: Sebulba
|move|p1b: Dr. Mantis|Swords Dance|p1b: Dr. Mantis
|-boost|p1b: Dr. Mantis|atk|2
|
|-heal|p1b: Dr. Mantis|31/100 par|[from] item: Leftovers
|upkeep
|l| amissan6
|
|t:|1784595511
|switch|p1a: Mega Gogurt|Meganium, L50, F|100/100
|turn|5
|
|t:|1784595518
|detailschange|p1a: Mega Gogurt|Meganium-Mega, L50, F
|-mega|p1a: Mega Gogurt|Meganium|Meganiumite
|move|p1b: Dr. Mantis|Bullet Punch|p2a: Beer Holder
|-damage|p2a: Beer Holder|0 fnt
|faint|p2a: Beer Holder
|move|p2b: Underdog|Flamethrower|p1a: Mega Gogurt
|-supereffective|p1a: Mega Gogurt|1
|-damage|p1a: Mega Gogurt|0 fnt
|faint|p1a: Mega Gogurt
|
|-heal|p1b: Dr. Mantis|37/100 par|[from] item: Leftovers
|upkeep
|
|t:|1784595528
|switch|p2a: Two Face|Scovillain, L50, M|100/100
|switch|p1a: fllapy bird :)|Pelipper, L50, M|100/100
|-weather|RainDance|[from] ability: Drizzle|[of] p1a: fllapy bird :)
|turn|6
|
|t:|1784595540
|detailschange|p2a: Two Face|Scovillain-Mega, L50, M
|-mega|p2a: Two Face|Scovillain|Scovillainite
|move|p2a: Two Face|Rage Powder|p2a: Two Face
|-singleturn|p2a: Two Face|move: Rage Powder
|move|p1b: Dr. Mantis|Bullet Punch|p2a: Two Face
|-resisted|p2a: Two Face|1
|-damage|p2a: Two Face|60/100
|move|p2b: Underdog|Discharge|p1b: Dr. Mantis|[spread] p2a,p1a,p1b
|-resisted|p2a: Two Face|1
|-supereffective|p1a: fllapy bird :)|2
|-damage|p2a: Two Face|39/100
|-enditem|p1a: fllapy bird :)|Focus Sash
|-damage|p1a: fllapy bird :)|1/100
|-damage|p1b: Dr. Mantis|0 fnt
|-status|p2b: Underdog|brn|[from] ability: Spicy Spray|[of] p2a: Two Face
|faint|p1b: Dr. Mantis
|move|p1a: fllapy bird :)|Hurricane|p2a: Two Face
|-supereffective|p2a: Two Face|1
|-damage|p2a: Two Face|0 fnt
|-status|p1a: fllapy bird :)|brn|[from] ability: Spicy Spray|[of] p2a: Two Face
|faint|p2a: Two Face
|
|-weather|RainDance|[upkeep]
|-damage|p2b: Underdog|0 fnt|[from] brn
|faint|p2b: Underdog
|-damage|p1a: fllapy bird :)|0 fnt|[from] brn
|faint|p1a: fllapy bird :)
|
|win|pokedaddyyuey
|c|☆pokedaddyyuey|GG!
|inactive|CheekyCow has 30 seconds to confirm battle start!
|inactive|pokedaddyyuey has 30 seconds to confirm battle start!
|inactive|CheekyCow has 20 seconds to confirm battle start!
|inactive|pokedaddyyuey has 20 seconds to confirm battle start!
|c|☆CheekyCow|ggs
|c|☆CheekyCow|damn lol
||CheekyCow is ready for game 2.
||pokedaddyyuey is ready for game 2.
|uhtml|next|Next: Game 2 of 3
