|j|☆kommander
|j|☆emforbes
|html|kommanderemforbes    
|uhtml|bestof|Game 3 of a best-of-3
|t:|1783304056
|gametype|doubles
|player|p1|kommander|#smogonxnpa2025winner|
|player|p2|emforbes|#wcop2026uswest2|
|gen|9
|tier|[Gen 9 Champions] VGC 2026 Reg M-B (Bo3)
|rule|Species Clause: Limit one of each Pokémon
|rule|Item Clause: Limit 1 of each item
|clearpoke
|poke|p1|Aerodactyl, L50, F|
|poke|p1|Sylveon, L50, F, shiny|
|poke|p1|Charizard, L50, F|
|poke|p1|Kingambit, L50, F, shiny|
|poke|p1|Farigiraf, L50, F, shiny|
|poke|p1|Garchomp, L50, F, shiny|
|poke|p2|Incineroar, L50, M, shiny|
|poke|p2|Garchomp, L50, F|
|poke|p2|Charizard, L50, F, shiny|
|poke|p2|Toxapex, L50, F, shiny|
|poke|p2|Hydreigon, L50, F|
|poke|p2|Metagross, L50|
|teampreview|4
|showteam|p1|Aerodactyl||Aerodactylite|Unnerve|RockSlide,DualWingbeat,Tailwind,IceFang|Jolly||F|||50|]Sylveon||FairyFeather|Pixilate|HyperVoice,QuickAttack,HyperBeam,Detect|Modest||F|||50|]Charizard||CharizarditeY|Blaze|HeatWave,WeatherBall,SolarBeam,Protect|Modest||F|||50|]Kingambit||FocusSash|Defiant|KowtowCleave,SuckerPunch,IronHead,LowKick|Adamant||F|||50|]Farigiraf||SitrusBerry|ArmorTail|TwinBeam,Thunderbolt,TrickRoom,HelpingHand|Relaxed||F|||50|]Garchomp||LifeOrb|RoughSkin|DragonClaw,StompingTantrum,Earthquake,Protect|Jolly||F|||50|
|showteam|p2|Incineroar||SitrusBerry|Intimidate|FlareBlitz,DarkestLariat,FakeOut,PartingShot|Impish||M|||50|]Garchomp||LifeOrb|RoughSkin|Earthquake,DragonClaw,RockSlide,Protect|Jolly||F|||50|]Charizard||CharizarditeY|Blaze|HeatWave,WeatherBall,SolarBeam,Protect|Modest||F|||50|]Toxapex||Leftovers|Regenerator|Infestation,WideGuard,Toxic,BanefulBunker|Bold||F|||50|]Hydreigon||ChoiceScarf|Levitate|DracoMeteor,DarkPulse,Snarl,HeatWave|Modest||F|||50|]Metagross||Metagrossite|ClearBody|IronHead,BodyPress,PsychicFangs,Protect|Jolly|||||50|
|j| Naniroma
|j| vikram chan
|j| GetNikkDon
|j| braverius
|j| kunal
|inactive|Battle timer is ON: inactive players will automatically lose when time's up. (requested by emforbes)
|j| arekusabi
|j|+PinkSylvie
|j| Galahad Excalibur
|j| tryingsomethingnew
|j| beben la lechee
|j| Uncle Lou
|inactive|kommander has 60 seconds left.
|inactive|emforbes has 60 seconds left.
|j| thacrow
|j| Pmc21
|j| Ann ♡
|l| arekusabi
|inactive|emforbes has 30 seconds left.
|j| KnockingOnMyIncin
|j|+Radio Free C-Side
|inactive|emforbes has 20 seconds left.
|j| arekusabi
|
|t:|1783304147
|teamsize|p1|4
|teamsize|p2|4
|start
|switch|p1a: Kingambit|Kingambit, L50, F, shiny|100/100
|switch|p1b: Garchomp|Garchomp, L50, F, shiny|100/100
|switch|p2a: Charizard|Charizard, L50, F, shiny|100/100
|switch|p2b: Toxapex|Toxapex, L50, F, shiny|100/100
|turn|1
|inactive|kommander has 30 seconds left.
|inactive|emforbes has 30 seconds left.
|
|t:|1783304180
|detailschange|p2a: Charizard|Charizard-Mega-Y, L50, F, shiny
|-mega|p2a: Charizard|Charizard|Charizardite Y
|-weather|SunnyDay|[from] ability: Drought|[of] p2a: Charizard
|move|p1a: Kingambit|Sucker Punch|p2a: Charizard
|-damage|p2a: Charizard|60/100
|move|p1b: Garchomp|Dragon Claw|p2a: Charizard
|-damage|p2a: Charizard|13/100
|-damage|p1b: Garchomp|90/100|[from] item: Life Orb
|move|p2a: Charizard|Heat Wave|p1a: Kingambit|[spread] p1a
|-miss|p2a: Charizard|p1b: Garchomp
|-supereffective|p1a: Kingambit|1
|-enditem|p1a: Kingambit|Focus Sash
|-damage|p1a: Kingambit|1/100
|move|p2b: Toxapex|Infestation|p1a: Kingambit
|-damage|p1a: Kingambit|0 fnt
|faint|p1a: Kingambit
|
|-weather|SunnyDay|[upkeep]
|upkeep
|l| arekusabi
|inactive|kommander has 30 seconds left.
|j| arekusabi
|
|t:|1783304212
|switch|p1a: Charizard|Charizard, L50, F|100/100
|turn|2
|l| thacrow
|j| gephicka
|l| KnockingOnMyIncin
|inactive|kommander has 30 seconds left.
|inactive|kommander has 20 seconds left.
|j| KnockingOnMyIncin
|inactive|kommander has 15 seconds left.
|inactive|kommander has 10 seconds left.
|
|t:|1783304260
|switch|p2a: Incineroar|Incineroar, L50, M, shiny|100/100
|-ability|p2a: Incineroar|Intimidate|boost
|-unboost|p1a: Charizard|atk|1
|-unboost|p1b: Garchomp|atk|1
|detailschange|p1a: Charizard|Charizard-Mega-Y, L50, F
|-mega|p1a: Charizard|Charizard|Charizardite Y
|move|p1b: Garchomp|Earthquake|p2a: Incineroar|[spread] p2a,p2b
|-immune|p1a: Charizard
|-supereffective|p2a: Incineroar|1
|-supereffective|p2b: Toxapex|1
|-damage|p2a: Incineroar|46/100
|-damage|p2b: Toxapex|58/100
|-enditem|p2a: Incineroar|Sitrus Berry|[eat]
|-heal|p2a: Incineroar|70/100|[from] item: Sitrus Berry
|-damage|p1b: Garchomp|80/100|[from] item: Life Orb
|move|p1a: Charizard|Heat Wave|p2a: Incineroar|[spread] p2a,p2b
|-resisted|p2a: Incineroar|1
|-resisted|p2b: Toxapex|1
|-damage|p2a: Incineroar|47/100
|-damage|p2b: Toxapex|33/100
|move|p2b: Toxapex|Toxic|p1b: Garchomp
|-status|p1b: Garchomp|tox
|
|-weather|SunnyDay|[upkeep]
|-heal|p2b: Toxapex|39/100|[from] item: Leftovers
|-damage|p1b: Garchomp|75/100 tox|[from] psn
|upkeep
|turn|3
|j| partingshottosinis
|inactive|kommander has 30 seconds left.
|inactive|emforbes has 30 seconds left.
|inactive|kommander has 20 seconds left.
|inactive|kommander has 15 seconds left.
|inactive|emforbes has 20 seconds left.
|l|+Radio Free C-Side
|inactive|kommander has 10 seconds left.
|inactive|emforbes has 15 seconds left.
|inactive|kommander has 5 seconds left.
|
|t:|1783304313
|switch|p1a: Farigiraf|Farigiraf, L50, F, shiny|100/100
|switch|p2a: Garchomp|Garchomp, L50, F|100/100
|move|p2b: Toxapex|Baneful Bunker|p2b: Toxapex
|-singleturn|p2b: Toxapex|move: Protect
|move|p1b: Garchomp|Stomping Tantrum|p2a: Garchomp
|-damage|p2a: Garchomp|68/100
|-damage|p1b: Garchomp|62/100 tox|[from] ability: Rough Skin|[of] p2a: Garchomp
|-damage|p1b: Garchomp|53/100 tox|[from] item: Life Orb
|
|-weather|SunnyDay|[upkeep]
|-heal|p2b: Toxapex|45/100|[from] item: Leftovers
|-damage|p1b: Garchomp|41/100 tox|[from] psn
|upkeep
|turn|4
|inactive|kommander has 30 seconds left.
|inactive|emforbes has 30 seconds left.
|inactive|kommander has 20 seconds left.
|inactive|kommander has 15 seconds left.
|inactive|kommander has 10 seconds left.
|inactive|kommander has 5 seconds left.
|inactive|emforbes has 20 seconds left.
|inactive|emforbes has 15 seconds left.
|
|t:|1783304370
|-heal|p2b: Toxapex|78/100|[from] ability: Regenerator|[silent]
|switch|p2b: Incineroar|Incineroar, L50, M, shiny|47/100
|-ability|p2b: Incineroar|Intimidate|boost
|-unboost|p1a: Farigiraf|atk|1
|-unboost|p1b: Garchomp|atk|1
|move|p2a: Garchomp|Dragon Claw|p1b: Garchomp
|-supereffective|p1b: Garchomp|1
|-damage|p1b: Garchomp|0 fnt
|-damage|p2a: Garchomp|56/100|[from] ability: Rough Skin|[of] p1b: Garchomp
|faint|p1b: Garchomp
|-damage|p2a: Garchomp|46/100|[from] item: Life Orb
|move|p1a: Farigiraf|Trick Room|p1a: Farigiraf
|-fieldstart|move: Trick Room|[of] p1a: Farigiraf
|
|-weather|SunnyDay|[upkeep]
|upkeep
|
|t:|1783304377
|switch|p1b: Charizard|Charizard-Mega-Y, L50, F|100/100
|turn|5
|j| SlycedBreadVGC
|
|t:|1783304385
|move|p2a: Garchomp|Protect|p2a: Garchomp
|-singleturn|p2a: Garchomp|Protect
|move|p1a: Farigiraf|Thunderbolt|p2b: Incineroar
|-damage|p2b: Incineroar|29/100
|move|p2b: Incineroar|Parting Shot|p1a: Farigiraf
|-unboost|p1a: Farigiraf|atk|1
|-unboost|p1a: Farigiraf|spa|1
|
|t:|1783304392
|switch|p2b: Toxapex|Toxapex, L50, F, shiny|78/100|[from] Parting Shot
|move|p1b: Charizard|Weather Ball|p2b: Toxapex
|-resisted|p2b: Toxapex|1
|-damage|p2b: Toxapex|42/100
|
|-weather|none
|-heal|p2b: Toxapex|48/100|[from] item: Leftovers
|upkeep
|turn|6
|l| KnockingOnMyIncin
|inactive|kommander has 30 seconds left.
|inactive|emforbes has 30 seconds left.
|
|t:|1783304426
|move|p1b: Charizard|Protect|p1b: Charizard
|-singleturn|p1b: Charizard|Protect
|move|p2b: Toxapex|Infestation|p1a: Farigiraf
|-supereffective|p1a: Farigiraf|1
|-damage|p1a: Farigiraf|92/100
|-activate|p1a: Farigiraf|move: Infestation|[of] p2b: Toxapex
|move|p1a: Farigiraf|Twin Beam|p2b: Toxapex
|-supereffective|p2b: Toxapex|1
|-damage|p2b: Toxapex|31/100
|-supereffective|p2b: Toxapex|1
|-damage|p2b: Toxapex|16/100
|-hitcount|p2b: Toxapex|2
|move|p2a: Garchomp|Rock Slide|p1a: Farigiraf|[spread] p1a
|-activate|p1b: Charizard|move: Protect
|-damage|p1a: Farigiraf|72/100
|-damage|p2a: Garchomp|36/100|[from] item: Life Orb
|
|-heal|p2b: Toxapex|22/100|[from] item: Leftovers
|-damage|p1a: Farigiraf|60/100|[from] move: Infestation|[partiallytrapped]
|upkeep
|turn|7
|l| arekusabi
|l| tryingsomethingnew
|inactive|emforbes has 30 seconds left.
|j| tryingsomethingnew
|
|t:|1783304456
|move|p2b: Toxapex|Baneful Bunker|p2b: Toxapex
|-singleturn|p2b: Toxapex|move: Protect
|move|p2a: Garchomp|Protect|p2a: Garchomp
|-singleturn|p2a: Garchomp|Protect
|move|p1a: Farigiraf|Twin Beam|p2a: Garchomp
|-activate|p2a: Garchomp|move: Protect
|move|p1b: Charizard|Heat Wave|p2a: Garchomp|[spread] 
|-activate|p2a: Garchomp|move: Protect
|-activate|p2b: Toxapex|move: Protect
|
|-heal|p2b: Toxapex|28/100|[from] item: Leftovers
|-damage|p1a: Farigiraf|48/100|[from] move: Infestation|[partiallytrapped]
|upkeep
|-enditem|p1a: Farigiraf|Sitrus Berry|[eat]
|-heal|p1a: Farigiraf|73/100|[from] item: Sitrus Berry
|turn|8
|
|t:|1783304474
|switch|p2a: Incineroar|Incineroar, L50, M, shiny|29/100
|-ability|p2a: Incineroar|Intimidate|boost
|-unboost|p1a: Farigiraf|atk|1
|-unboost|p1b: Charizard|atk|1
|move|p2b: Toxapex|Toxic|p1a: Farigiraf
|-status|p1a: Farigiraf|tox
|move|p1a: Farigiraf|Twin Beam|p2b: Toxapex
|-supereffective|p2b: Toxapex|1
|-damage|p2b: Toxapex|11/100
|-supereffective|p2b: Toxapex|1
|-damage|p2b: Toxapex|0 fnt
|faint|p2b: Toxapex
|-hitcount|p2: Toxapex|2
|move|p1b: Charizard|Heat Wave|p2a: Incineroar
|-resisted|p2a: Incineroar|1
|-damage|p2a: Incineroar|5/100
|
|-damage|p1a: Farigiraf|67/100 tox|[from] psn
|-end|p1a: Farigiraf|Infestation|[partiallytrapped]|[silent]
|-fieldend|move: Trick Room
|upkeep
|l| Pmc21
|j| NashVGC7
|
|t:|1783304487
|switch|p2b: Garchomp|Garchomp, L50, F|36/100
|turn|9
|j| Pmc21
|l| NashVGC7
|
|t:|1783304502
|move|p1a: Farigiraf|Helping Hand|p1b: Charizard
|-singleturn|p1b: Charizard|Helping Hand|[of] p1a: Farigiraf
|move|p2b: Garchomp|Rock Slide|p1b: Charizard|[spread] p1a,p1b
|-supereffective|p1b: Charizard|2
|-damage|p1a: Farigiraf|49/100 tox
|-damage|p1b: Charizard|3/100
|-damage|p2b: Garchomp|27/100|[from] item: Life Orb
|move|p1b: Charizard|Heat Wave|p2b: Garchomp|[spread] p2a
|-miss|p1b: Charizard|p2b: Garchomp
|-resisted|p2a: Incineroar|1
|-damage|p2a: Incineroar|0 fnt
|faint|p2a: Incineroar
|
|-damage|p1a: Farigiraf|37/100 tox|[from] psn
|upkeep
|
|t:|1783304508
|switch|p2a: Charizard|Charizard-Mega-Y, L50, F, shiny|13/100
|-weather|SunnyDay|[from] ability: Drought|[of] p2a: Charizard
|turn|10
|inactive|kommander has 30 seconds left.
|l| partingshottosinis
|j| Sushinoya TM
|inactive|kommander has 20 seconds left.
|inactive|kommander has 15 seconds left.
|inactive|kommander has 10 seconds left.
|c|☆kommander|ggwp
|inactive|kommander has 5 seconds left.
|-message|kommander forfeited.
|
|win|emforbes
|c|☆emforbes|gg
|l|+PinkSylvie
|j| mareeohyt
|l| Naniroma
|l| Galahad Excalibur
|l| SlycedBreadVGC
|l| Pmc21
|l| gephicka
|l| mareeohyt
|l|☆emforbes
|player|p2|
|l| tryingsomethingnew
|l| beben la lechee
|j| Code
|l| Uncle Lou
|l| vikram chan
|l| Ann ♡
|j| slitherwingfan6
|l| slitherwingfan6
|j| CICCIOTT fan
|l| Code
|l| CICCIOTT fan
|l| GetNikkDon
|l| kunal
|j| Mogo
|l| Mogo
|j| Darth Floette
|j| abhayfive
|l| braverius
|l| abhayfive
