|j|☆hastalnabo
|j|☆Crystneel
|html|hastalnaboCrystneel    
|uhtml|bestof|Game 2 of a best-of-3
|t:|1757162168
|gametype|doubles
|player|p1|hastalnabo|170|1372
|player|p2|Crystneel|ethan|1246
|gen|9
|tier|[Gen 9] VGC 2025 Reg H (Bo3)
|rated|
|rule|Species Clause: Limit one of each Pokémon
|rule|Item Clause: Limit 1 of each item
|clearpoke
|poke|p1|Volcarona, L50, M|
|poke|p1|Tauros-Paldea-Aqua, L50, M|
|poke|p1|Rillaboom, L50, F|
|poke|p1|Ninetales-Alola, L50, F|
|poke|p1|Glimmora, L50, F|
|poke|p1|Kingambit, L50, F|
|poke|p2|Volcarona, L50, F|
|poke|p2|Electabuzz, L50, F|
|poke|p2|Sneasler, L50, M|
|poke|p2|Rillaboom, L50, F|
|poke|p2|Dragonite, L50, M|
|poke|p2|Ursaluna-Bloodmoon, L50, M|
|teampreview|4
|showteam|p1|Volcarona||Leftovers|FlameBody|Protect,QuiverDance,HeatWave,GigaDrain|||M|||50|,,,,,Grass]Tauros-Paldea-Aqua||ChoiceBand|Intimidate|AquaJet,WaveCrash,CloseCombat,RockSlide|||M|||50|,,,,,Water]Rillaboom||AssaultVest|GrassySurge|FakeOut,Uturn,GrassyGlide,WoodHammer|||F|||50|,,,,,Fire]Ninetales-Alola||CovertCloak|SnowWarning|Protect,AuroraVeil,Encore,Blizzard|||F|||50|,,,,,Water]Glimmora||PowerHerb|ToxicDebris|SpikyShield,MeteorBeam,SludgeBomb,EarthPower|||F|||50|,,,,,Grass]Kingambit||BlackGlasses|Defiant|Protect,SwordsDance,SuckerPunch,KowtowCleave|||F|||50|,,,,,Ghost
|showteam|p2|Volcarona||Leftovers|FlameBody|FieryDance,QuiverDance,GigaDrain,Protect|||F|||50|,,,,,Water]Electabuzz||Eviolite|Static|FollowMe,Electroweb,VoltSwitch,Taunt|||F|||50|,,,,,Fairy]Sneasler||GrassySeed|Unburden|DireClaw,CloseCombat,ThroatChop,Protect|||M|||50|,,,,,Dark]Rillaboom||AssaultVest|GrassySurge|FakeOut,GrassyGlide,WoodHammer,Uturn|||F|||50|,,,,,Fire]Dragonite||LoadedDice|Multiscale|ExtremeSpeed,ScaleShot,IceSpinner,LowKick|||M|||50|,,,,,Normal]Ursaluna-Bloodmoon||ThroatSpray|MindsEye|BloodMoon,HyperVoice,EarthPower,Protect|||M|||50|,,,,,Poison
|j| AztecRaptor
|inactive|Battle timer is ON: inactive players will automatically lose when time's up. (requested by Crystneel)
|
|t:|1757162196
|teamsize|p1|4
|teamsize|p2|4
|start
|switch|p1a: Volcarona|Volcarona, L50, M|100/100
|switch|p1b: Tauros|Tauros-Paldea-Aqua, L50, M|100/100
|switch|p2a: Rillaboom|Rillaboom, L50, F|100/100
|switch|p2b: Electabuzz|Electabuzz, L50, F|100/100
|-ability|p1b: Tauros|Intimidate|boost
|-unboost|p2a: Rillaboom|atk|1
|-unboost|p2b: Electabuzz|atk|1
|-fieldstart|move: Grassy Terrain|[from] ability: Grassy Surge|[of] p2a: Rillaboom
|turn|1
|
|t:|1757162220
|switch|p1b: Rillaboom|Rillaboom, L50, F|100/100
|move|p2a: Rillaboom|Fake Out|p1b: Rillaboom
|-crit|p1b: Rillaboom
|-damage|p1b: Rillaboom|81/100
|move|p1a: Volcarona|Quiver Dance|p1a: Volcarona
|-boost|p1a: Volcarona|spa|1
|-boost|p1a: Volcarona|spd|1
|-boost|p1a: Volcarona|spe|1
|move|p2b: Electabuzz|Taunt|p1a: Volcarona
|-start|p1a: Volcarona|move: Taunt
|
|-heal|p1b: Rillaboom|87/100|[from] Grassy Terrain
|upkeep
|turn|2
|
|t:|1757162238
|-terastallize|p2a: Rillaboom|Fire
|move|p1a: Volcarona|Heat Wave|p2a: Rillaboom|[spread] p2a,p2b
|-resisted|p2a: Rillaboom
|-damage|p2a: Rillaboom|79/100
|-damage|p2b: Electabuzz|64/100
|move|p2b: Electabuzz|Electroweb|p1b: Rillaboom|[spread] p1a,p1b
|-resisted|p1b: Rillaboom
|-damage|p1a: Volcarona|92/100
|-damage|p1b: Rillaboom|82/100
|-unboost|p1a: Volcarona|spe|1
|-unboost|p1b: Rillaboom|spe|1
|move|p2a: Rillaboom|U-turn|p1b: Rillaboom
|-supereffective|p1b: Rillaboom
|-damage|p1b: Rillaboom|50/100
|
|t:|1757162248
|switch|p2a: Volcarona|Volcarona, L50, F|100/100|[from] U-turn
|move|p1b: Rillaboom|U-turn|p2b: Electabuzz
|-damage|p2b: Electabuzz|42/100
|-status|p1b: Rillaboom|par|[from] ability: Static|[of] p2b: Electabuzz
|
|t:|1757162256
|switch|p1b: Tauros|Tauros-Paldea-Aqua, L50, M|100/100|[from] U-turn
|-ability|p1b: Tauros|Intimidate|boost
|-unboost|p2a: Volcarona|atk|1
|-unboost|p2b: Electabuzz|atk|1
|
|-heal|p1a: Volcarona|98/100|[from] Grassy Terrain
|-heal|p1a: Volcarona|100/100|[from] item: Leftovers
|-heal|p2b: Electabuzz|48/100|[from] Grassy Terrain
|upkeep
|turn|3
|
|t:|1757162268
|move|p2a: Volcarona|Protect|p2a: Volcarona
|-singleturn|p2a: Volcarona|Protect
|move|p1b: Tauros|Rock Slide|p2b: Electabuzz|[spread] 
|-activate|p2a: Volcarona|move: Protect
|-miss|p1b: Tauros|p2b: Electabuzz
|move|p1a: Volcarona|Heat Wave|p2b: Electabuzz|[spread] p2b
|-activate|p2a: Volcarona|move: Protect
|-damage|p2b: Electabuzz|10/100
|move|p2b: Electabuzz|Electroweb|p1b: Tauros|[spread] p1a,p1b
|-supereffective|p1b: Tauros
|-damage|p1a: Volcarona|92/100
|-damage|p1b: Tauros|59/100
|-unboost|p1a: Volcarona|spe|1
|-unboost|p1b: Tauros|spe|1
|
|-heal|p2b: Electabuzz|16/100|[from] Grassy Terrain
|-heal|p1b: Tauros|65/100|[from] Grassy Terrain
|-heal|p1a: Volcarona|98/100|[from] Grassy Terrain
|-heal|p1a: Volcarona|100/100|[from] item: Leftovers
|upkeep
|turn|4
|
|t:|1757162289
|move|p2a: Volcarona|Giga Drain|p1b: Tauros
|-supereffective|p1b: Tauros
|-damage|p1b: Tauros|0 fnt
|faint|p1b: Tauros
|move|p2b: Electabuzz|Electroweb|p1a: Volcarona
|-damage|p1a: Volcarona|89/100
|-unboost|p1a: Volcarona|spe|1
|move|p1a: Volcarona|Heat Wave|p2a: Volcarona|[spread] p2a
|-miss|p1a: Volcarona|p2b: Electabuzz
|-damage|p2a: Volcarona|52/100
|
|-heal|p2a: Volcarona|58/100|[from] Grassy Terrain
|-heal|p2a: Volcarona|63/100|[from] item: Leftovers
|-heal|p2b: Electabuzz|22/100|[from] Grassy Terrain
|-heal|p1a: Volcarona|95/100|[from] Grassy Terrain
|-heal|p1a: Volcarona|100/100|[from] item: Leftovers
|-end|p1a: Volcarona|move: Taunt
|upkeep
|
|t:|1757162301
|switch|p1b: Glimmora|Glimmora, L50, F|100/100
|turn|5
|
|t:|1757162319
|move|p2a: Volcarona|Protect|p2a: Volcarona
|-singleturn|p2a: Volcarona|Protect
|move|p1b: Glimmora|Earth Power|p2b: Electabuzz
|-supereffective|p2b: Electabuzz
|-damage|p2b: Electabuzz|0 fnt
|faint|p2b: Electabuzz
|move|p1a: Volcarona|Quiver Dance|p1a: Volcarona
|-boost|p1a: Volcarona|spa|1
|-boost|p1a: Volcarona|spd|1
|-boost|p1a: Volcarona|spe|1
|
|-heal|p2a: Volcarona|69/100|[from] Grassy Terrain
|-heal|p2a: Volcarona|75/100|[from] item: Leftovers
|-fieldend|move: Grassy Terrain
|upkeep
|
|t:|1757162328
|switch|p2b: Rillaboom|Rillaboom, L50, F, tera:Fire|79/100
|-fieldstart|move: Grassy Terrain|[from] ability: Grassy Surge|[of] p2b: Rillaboom
|turn|6
|
|t:|1757162350
|move|p1b: Glimmora|Meteor Beam||[still]
|-prepare|p1b: Glimmora|Meteor Beam
|-boost|p1b: Glimmora|spa|1
|-enditem|p1b: Glimmora|Power Herb
|-anim|p1b: Glimmora|Meteor Beam|p2b: Rillaboom
|-supereffective|p2b: Rillaboom
|-damage|p2b: Rillaboom|0 fnt
|faint|p2b: Rillaboom
|move|p2a: Volcarona|Giga Drain|p1b: Glimmora
|-damage|p1b: Glimmora|63/100
|-heal|p2a: Volcarona|91/100|[from] drain|[of] p1b: Glimmora
|move|p1a: Volcarona|Heat Wave|p2a: Volcarona
|-damage|p2a: Volcarona|7/100
|
|-heal|p1b: Glimmora|69/100|[from] Grassy Terrain
|-heal|p2a: Volcarona|13/100|[from] Grassy Terrain
|-heal|p2a: Volcarona|19/100|[from] item: Leftovers
|upkeep
|
|t:|1757162361
|switch|p2b: Sneasler|Sneasler, L50, M|100/100
|-enditem|p2b: Sneasler|Grassy Seed
|-boost|p2b: Sneasler|def|1|[from] item: Grassy Seed
|turn|7
|
|t:|1757162371
|move|p2b: Sneasler|Dire Claw|p1a: Volcarona
|-damage|p1a: Volcarona|52/100
|-status|p1a: Volcarona|psn
|move|p1b: Glimmora|Earth Power|p2b: Sneasler
|-supereffective|p2b: Sneasler
|-damage|p2b: Sneasler|0 fnt
|faint|p2b: Sneasler
|move|p2a: Volcarona|Fiery Dance|p1a: Volcarona
|-damage|p1a: Volcarona|36/100 psn
|-boost|p2a: Volcarona|spa|1
|move|p1a: Volcarona|Heat Wave|p2a: Volcarona
|-damage|p2a: Volcarona|0 fnt
|faint|p2a: Volcarona
|
|win|hastalnabo
|raw|hastalnabo's rating: 1372 → 1385(+13 for winning)
|raw|Crystneel's rating: 1246 → 1230(-16 for losing)
