|j|☆Mtcoc2
|j|☆AndrewsWho
|html|Mtcoc2AndrewsWho    
|uhtml|bestof|Game 2 of a best-of-3
|t:|1756388849
|gametype|doubles
|player|p1|Mtcoc2|265|1145
|player|p2|AndrewsWho|102|1150
|gen|9
|tier|[Gen 9] VGC 2025 Reg H (Bo3)
|rated|
|rule|Species Clause: Limit one of each Pokémon
|rule|Item Clause: Limit 1 of each item
|clearpoke
|poke|p1|Dragonite, L50, M|
|poke|p1|Ninetales-Alola, L50, M|
|poke|p1|Annihilape, L50, F|
|poke|p1|Ursaluna-Bloodmoon, L50, M|
|poke|p1|Magmar, L50, M|
|poke|p1|Gholdengo, L50|
|poke|p2|Charizard, L50, F|
|poke|p2|Torkoal, L50, F|
|poke|p2|Porygon2, L50|
|poke|p2|Incineroar, L50, F|
|poke|p2|Jumpluff, L50, M|
|poke|p2|Ursaluna, L50, F|
|teampreview|4
|showteam|p1|Dragonite||LoadedDice|Multiscale|ScaleShot,ExtremeSpeed,Haze,Protect|||M|||50|,,,,,Steel]Ninetales-Alola||LightClay|SnowWarning|AuroraVeil,Blizzard,IcicleSpear,Encore|||M|||50|,,,,,Ghost]Annihilape||SafetyGoggles|Defiant|DrainPunch,RageFist,BulkUp,Protect|||F|||50|,,,,,Water]Ursaluna-Bloodmoon||AssaultVest|MindsEye|EarthPower,BloodMoon,HyperVoice,VacuumWave|||M|||50|,,,,,Water]Magmar||Eviolite|FlameBody|FollowMe,Overheat,Taunt,Protect|||M|||50|,,,,,Ghost]Gholdengo||MetalCoat|GoodasGold|MakeItRain,ShadowBall,NastyPlot,Protect||||||50|,,,,,Dragon
|showteam|p2|Charizard||ChoiceSpecs|SolarPower|HeatWave,Overheat,WeatherBall,AirSlash|||F|||50|,,,,,Ghost]Torkoal||EjectPack|Drought|Eruption,Overheat,HelpingHand,Protect|||F|||50|,,,,,Fire]Porygon2||Eviolite|Download|TeraBlast,IceBeam,Recover,TrickRoom||||||50|,,,,,Fighting]Incineroar||SitrusBerry|Intimidate|FlareBlitz,KnockOff,FakeOut,PartingShot|||F|||50|,,,,,Ghost]Jumpluff||CovertCloak|Chlorophyll|SleepPowder,SunnyDay,RagePowder,Tailwind|||M|||50|,,,,,Water]Ursaluna||FlameOrb|Guts|HeadlongRush,Facade,Earthquake,Protect|||F|||50|,,,,,Ghost
|inactive|Battle timer is ON: inactive players will automatically lose when time's up. (requested by Mtcoc2)
|
|t:|1756388869
|teamsize|p1|4
|teamsize|p2|4
|start
|switch|p1a: Annihilape|Annihilape, L50, F|100/100
|switch|p1b: Gholdengo|Gholdengo, L50|100/100
|switch|p2a: Jumpluff|Jumpluff, L50, M|100/100
|switch|p2b: Ursaluna|Ursaluna, L50, F|100/100
|turn|1
|inactive|Mtcoc2 has 30 seconds left.
|inactive|Mtcoc2 has 20 seconds left.
|inactive|Mtcoc2 has 15 seconds left.
|inactive|Mtcoc2 has 10 seconds left.
|
|t:|1756388916
|move|p2a: Jumpluff|Tailwind|p2a: Jumpluff
|-sidestart|p2: AndrewsWho|move: Tailwind
|move|p2b: Ursaluna|Headlong Rush|p1b: Gholdengo
|-supereffective|p1b: Gholdengo
|-damage|p1b: Gholdengo|0 fnt
|-unboost|p2b: Ursaluna|def|1
|-unboost|p2b: Ursaluna|spd|1
|faint|p1b: Gholdengo
|move|p1a: Annihilape|Bulk Up|p1a: Annihilape
|-boost|p1a: Annihilape|atk|1
|-boost|p1a: Annihilape|def|1
|
|-status|p2b: Ursaluna|brn|[from] item: Flame Orb
|upkeep
|
|t:|1756388937
|switch|p1b: Ninetales|Ninetales-Alola, L50, M|100/100
|-weather|Snowscape|[from] ability: Snow Warning|[of] p1b: Ninetales
|turn|2
|
|t:|1756388954
|move|p2a: Jumpluff|Sleep Powder|p1b: Ninetales
|-status|p1b: Ninetales|slp|[from] move: Sleep Powder
|cant|p1b: Ninetales|slp
|move|p2b: Ursaluna|Facade|p1b: Ninetales
|-damage|p1b: Ninetales|0 fnt
|faint|p1b: Ninetales
|move|p1a: Annihilape|Drain Punch|p2b: Ursaluna
|-supereffective|p2b: Ursaluna
|-damage|p2b: Ursaluna|0 fnt
|faint|p2b: Ursaluna
|
|-weather|Snowscape|[upkeep]
|upkeep
|
|t:|1756388964
|switch|p1b: Ursaluna|Ursaluna-Bloodmoon, L50, M|100/100
|switch|p2b: Charizard|Charizard, L50, F|100/100
|turn|3
|inactive|AndrewsWho has 30 seconds left.
|
|t:|1756388991
|-terastallize|p1a: Annihilape|Water
|move|p2a: Jumpluff|Sleep Powder|p1b: Ursaluna
|-status|p1b: Ursaluna|slp|[from] move: Sleep Powder
|move|p2b: Charizard|Heat Wave|p1a: Annihilape|[spread] p1a,p1b
|-resisted|p1a: Annihilape
|-damage|p1a: Annihilape|77/100
|-damage|p1b: Ursaluna|63/100 slp
|-status|p1a: Annihilape|brn
|move|p1a: Annihilape|Rage Fist|p2b: Charizard
|-damage|p2b: Charizard|48/100
|cant|p1b: Ursaluna|slp
|
|-weather|Snowscape|[upkeep]
|-damage|p1a: Annihilape|71/100 brn|[from] brn
|upkeep
|turn|4
|inactive|Mtcoc2 has 30 seconds left.
|inactive|Mtcoc2 has 20 seconds left.
|inactive|Mtcoc2 has 15 seconds left.
|
|t:|1756389033
|move|p2a: Jumpluff|Sunny Day|p2a: Jumpluff
|-weather|SunnyDay
|move|p2b: Charizard|Heat Wave|p1a: Annihilape|[spread] p1a
|-miss|p2b: Charizard|p1b: Ursaluna
|-resisted|p1a: Annihilape
|-damage|p1a: Annihilape|24/100 brn
|move|p1a: Annihilape|Rage Fist|p2b: Charizard
|-damage|p2b: Charizard|0 fnt
|faint|p2b: Charizard
|cant|p1b: Ursaluna|slp
|
|-weather|SunnyDay|[upkeep]
|-damage|p1a: Annihilape|18/100 brn|[from] brn
|-sideend|p2: AndrewsWho|move: Tailwind
|upkeep
|
|t:|1756389038
|switch|p2b: Torkoal|Torkoal, L50, F|100/100
|turn|5
|inactive|AndrewsWho has 30 seconds left.
|
|t:|1756389065
|move|p2b: Torkoal|Protect|p2b: Torkoal
|-singleturn|p2b: Torkoal|Protect
|move|p2a: Jumpluff|Tailwind|p2a: Jumpluff
|-sidestart|p2: AndrewsWho|move: Tailwind
|move|p1a: Annihilape|Rage Fist|p2b: Torkoal
|-activate|p2b: Torkoal|move: Protect
|-curestatus|p1b: Ursaluna|slp|[msg]
|move|p1b: Ursaluna|Earth Power|p2b: Torkoal
|-activate|p2b: Torkoal|move: Protect
|
|-weather|SunnyDay|[upkeep]
|-damage|p1a: Annihilape|12/100 brn|[from] brn
|upkeep
|turn|6
|inactive|AndrewsWho has 30 seconds left.
|inactive|AndrewsWho has 20 seconds left.
|
|t:|1756389103
|move|p2a: Jumpluff|Sleep Powder|p1b: Ursaluna
|-status|p1b: Ursaluna|slp|[from] move: Sleep Powder
|move|p1a: Annihilape|Rage Fist|p2b: Torkoal
|-damage|p2b: Torkoal|57/100
|cant|p1b: Ursaluna|slp
|move|p2b: Torkoal|Overheat|p1b: Ursaluna
|-damage|p1b: Ursaluna|7/100 slp
|-unboost|p2b: Torkoal|spa|2
|
|-weather|SunnyDay|[upkeep]
|-damage|p1a: Annihilape|6/100 brn|[from] brn
|upkeep
|turn|7
|inactive|Mtcoc2 has 30 seconds left.
|inactive|Mtcoc2 has 20 seconds left.
|inactive|Mtcoc2 has 15 seconds left.
|inactive|Mtcoc2 has 10 seconds left.
|inactive|Mtcoc2 has 5 seconds left.
|inactive|AndrewsWho has 30 seconds left.
|
|t:|1756389158
|-terastallize|p2b: Torkoal|Fire
|move|p2a: Jumpluff|Rage Powder|p2a: Jumpluff
|-singleturn|p2a: Jumpluff|move: Rage Powder
|move|p1a: Annihilape|Drain Punch|p2a: Jumpluff
|-resisted|p2a: Jumpluff
|-damage|p2a: Jumpluff|84/100
|-heal|p1a: Annihilape|13/100 brn|[from] drain|[of] p2a: Jumpluff
|cant|p1b: Ursaluna|slp
|move|p2b: Torkoal|Overheat|p1b: Ursaluna
|-damage|p1b: Ursaluna|0 fnt
|-unboost|p2b: Torkoal|spa|2
|faint|p1b: Ursaluna
|
|-weather|SunnyDay|[upkeep]
|-damage|p1a: Annihilape|7/100 brn|[from] brn
|upkeep
|turn|8
|inactive|Mtcoc2 has 30 seconds left.
|inactive|AndrewsWho has 30 seconds left.
|inactive|Mtcoc2 has 20 seconds left.
|inactive|Mtcoc2 has 15 seconds left.
|inactive|Mtcoc2 has 10 seconds left.
|inactive|Mtcoc2 has 5 seconds left.
|
|t:|1756389213
|move|p2a: Jumpluff|Rage Powder|p2a: Jumpluff
|-singleturn|p2a: Jumpluff|move: Rage Powder
|move|p1a: Annihilape|Drain Punch|p2a: Jumpluff
|-resisted|p2a: Jumpluff
|-damage|p2a: Jumpluff|67/100
|-heal|p1a: Annihilape|14/100 brn|[from] drain|[of] p2a: Jumpluff
|move|p2b: Torkoal|Overheat|p1a: Annihilape
|-resisted|p1a: Annihilape
|-damage|p1a: Annihilape|0 fnt
|-unboost|p2b: Torkoal|spa|2
|faint|p1a: Annihilape
|
|win|AndrewsWho
