|j|☆A Regu1ar Guy
|j|☆garompa
|html|A Regu1ar Guygarompa    
|uhtml|bestof|Game 2 of a best-of-3
|t:|1756830361
|gametype|doubles
|player|p1|A Regu1ar Guy|elesa|1304
|player|p2|garompa|1|1201
|gen|9
|tier|[Gen 9] VGC 2025 Reg H (Bo3)
|rated|
|rule|Species Clause: Limit one of each Pokémon
|rule|Item Clause: Limit 1 of each item
|clearpoke
|poke|p1|Volcarona, L50, M|
|poke|p1|Rillaboom, L50, M|
|poke|p1|Electabuzz, L50, M|
|poke|p1|Tauros-Paldea-Aqua, L50, M|
|poke|p1|Tyranitar, L50, F|
|poke|p1|Gholdengo, L50|
|poke|p2|Incineroar, L50, M|
|poke|p2|Gholdengo, L50|
|poke|p2|Amoonguss, L50, M|
|poke|p2|Hydreigon, L50, M|
|poke|p2|Porygon2, L50|
|poke|p2|Ursaluna, L50, M|
|teampreview|4
|showteam|p1|Volcarona||GrassySeed|FlameBody|HeatWave,GigaDrain,QuiverDance,Protect|||M|||50|,,,,,Grass]Rillaboom||MiracleSeed|GrassySurge|WoodHammer,GrassyGlide,FakeOut,HighHorsepower|||M|||50|,,,,,Fire]Electabuzz||Eviolite|VitalSpirit|Thunderbolt,FollowMe,Taunt,Protect|||M|||50|,,,,,Ghost]Tauros-Paldea-Aqua||MirrorHerb|Intimidate|WaveCrash,AquaJet,CloseCombat,Protect|||M|||50|,,,,,Water]Tyranitar||AssaultVest|SandStream|KnockOff,RockSlide,TeraBlast,LowKick|||F|||50|,,,,,Flying]Gholdengo||LifeOrb|GoodasGold|MakeItRain,ShadowBall,NastyPlot,Protect||||||50|,,,,,Water
|showteam|p2|Incineroar||SitrusBerry|Intimidate|KnockOff,FakeOut,FlareBlitz,PartingShot|||M|||50|,,,,,Ghost]Gholdengo||MetalCoat|GoodasGold|Protect,NastyPlot,MakeItRain,ShadowBall||||||50|,,,,,Water]Amoonguss||RockyHelmet|Regenerator|Spore,RagePowder,PollenPuff,Protect|||M|||50|,,,,,Fairy]Hydreigon||SafetyGoggles|Levitate|DracoMeteor,Snarl,Tailwind,Protect|||M|||50|,,,,,Ghost]Porygon2||Eviolite|Download|Recover,IceBeam,TeraBlast,TrickRoom||||||50|,,,,,Fighting]Ursaluna||FlameOrb|Guts|Earthquake,Facade,HeadlongRush,Protect|||M|||50|,,,,,Ghost
|
|t:|1756830397
|teamsize|p1|4
|teamsize|p2|4
|start
|switch|p1a: Volcarona|Volcarona, L50, M, shiny|100/100
|switch|p1b: Tauros|Tauros-Paldea-Aqua, L50, M|100/100
|switch|p2a: Hydreigon|Hydreigon, L50, M|100/100
|switch|p2b: Incineroar|Incineroar, L50, M|100/100
|-ability|p1b: Tauros|Intimidate|boost
|-unboost|p2a: Hydreigon|atk|1
|-unboost|p2b: Incineroar|atk|1
|-ability|p2b: Incineroar|Intimidate|boost
|-unboost|p1a: Volcarona|atk|1
|-unboost|p1b: Tauros|atk|1
|turn|1
|
|t:|1756830410
|move|p2b: Incineroar|Fake Out|p1b: Tauros
|-damage|p1b: Tauros|92/100
|cant|p1b: Tauros|flinch
|move|p2a: Hydreigon|Snarl|p1b: Tauros|[spread] p1a,p1b
|-resisted|p1b: Tauros
|-damage|p1a: Volcarona|83/100
|-damage|p1b: Tauros|75/100
|-unboost|p1a: Volcarona|spa|1
|-unboost|p1b: Tauros|spa|1
|move|p1a: Volcarona|Quiver Dance|p1a: Volcarona
|-boost|p1a: Volcarona|spa|1
|-boost|p1a: Volcarona|spd|1
|-boost|p1a: Volcarona|spe|1
|
|upkeep
|turn|2
|
|t:|1756830437
|move|p1a: Volcarona|Heat Wave|p2a: Hydreigon|[spread] p2a,p2b
|-resisted|p2a: Hydreigon
|-resisted|p2b: Incineroar
|-damage|p2a: Hydreigon|82/100
|-damage|p2b: Incineroar|83/100
|-status|p2a: Hydreigon|brn
|move|p1b: Tauros|Close Combat|p2a: Hydreigon
|-supereffective|p2a: Hydreigon
|-damage|p2a: Hydreigon|7/100 brn
|-unboost|p1b: Tauros|def|1
|-unboost|p1b: Tauros|spd|1
|move|p2a: Hydreigon|Snarl|p1a: Volcarona|[spread] p1a,p1b
|-resisted|p1b: Tauros
|-damage|p1a: Volcarona|72/100
|-damage|p1b: Tauros|54/100
|-unboost|p1a: Volcarona|spa|1
|-unboost|p1b: Tauros|spa|1
|move|p2b: Incineroar|Knock Off|p1a: Volcarona
|-damage|p1a: Volcarona|39/100
|-enditem|p1a: Volcarona|Grassy Seed|[from] move: Knock Off|[of] p2b: Incineroar
|
|-damage|p2a: Hydreigon|0 fnt|[from] brn
|faint|p2a: Hydreigon
|upkeep
|
|t:|1756830455
|switch|p2a: Porygon2|Porygon2, L50|100/100
|-ability|p2a: Porygon2|Download|boost
|-boost|p2a: Porygon2|atk|1
|-enditem|p1b: Tauros|Mirror Herb
|-boost|p1b: Tauros|atk|1|[from] item: Mirror Herb
|turn|3
|
|t:|1756830478
|-terastallize|p1b: Tauros|Water
|move|p1a: Volcarona|Heat Wave|p2b: Incineroar|[spread] p2a,p2b
|-resisted|p2b: Incineroar
|-damage|p2a: Porygon2|85/100
|-damage|p2b: Incineroar|71/100
|move|p1b: Tauros|Wave Crash|p2b: Incineroar
|-supereffective|p2b: Incineroar
|-damage|p2b: Incineroar|0 fnt
|faint|p2b: Incineroar
|-damage|p1b: Tauros|24/100|[from] Recoil
|move|p2a: Porygon2|Trick Room|p2a: Porygon2
|-fieldstart|move: Trick Room|[of] p2a: Porygon2
|
|upkeep
|
|t:|1756830488
|switch|p2b: Ursaluna|Ursaluna, L50, M|100/100
|turn|4
|
|t:|1756830522
|switch|p1b: Electabuzz|Electabuzz, L50, M|100/100
|switch|p1a: Rillaboom|Rillaboom, L50, M|100/100
|-fieldstart|move: Grassy Terrain|[from] ability: Grassy Surge|[of] p1a: Rillaboom
|-terastallize|p2b: Ursaluna|Ghost
|move|p2a: Porygon2|Tera Blast|p1b: Electabuzz
|-damage|p1b: Electabuzz|72/100
|move|p2b: Ursaluna|Facade|p1a: Rillaboom
|-damage|p1a: Rillaboom|60/100
|
|-heal|p2a: Porygon2|91/100|[from] Grassy Terrain
|-heal|p1a: Rillaboom|66/100|[from] Grassy Terrain
|-heal|p1b: Electabuzz|78/100|[from] Grassy Terrain
|-status|p2b: Ursaluna|brn|[from] item: Flame Orb
|upkeep
|turn|5
|
|t:|1756830551
|move|p1b: Electabuzz|Follow Me|p1b: Electabuzz
|-singleturn|p1b: Electabuzz|move: Follow Me
|move|p2a: Porygon2|Tera Blast|p1b: Electabuzz
|-damage|p1b: Electabuzz|50/100
|move|p2b: Ursaluna|Facade|p1b: Electabuzz
|-damage|p1b: Electabuzz|0 fnt
|faint|p1b: Electabuzz
|move|p1a: Rillaboom|Wood Hammer|p2b: Ursaluna
|-damage|p2b: Ursaluna|25/100 brn
|-damage|p1a: Rillaboom|38/100|[from] Recoil
|
|-heal|p2a: Porygon2|97/100|[from] Grassy Terrain
|-heal|p2b: Ursaluna|31/100 brn|[from] Grassy Terrain
|-heal|p1a: Rillaboom|44/100|[from] Grassy Terrain
|-damage|p2b: Ursaluna|25/100 brn|[from] brn
|upkeep
|
|t:|1756830558
|switch|p1b: Volcarona|Volcarona, L50, M, shiny|39/100
|turn|6
|
|t:|1756830572
|move|p2b: Ursaluna|Protect|p2b: Ursaluna
|-singleturn|p2b: Ursaluna|Protect
|move|p1a: Rillaboom|Grassy Glide|p2b: Ursaluna
|-activate|p2b: Ursaluna|move: Protect
|move|p2a: Porygon2|Ice Beam|p1a: Rillaboom
|-supereffective|p1a: Rillaboom
|-damage|p1a: Rillaboom|0 fnt
|faint|p1a: Rillaboom
|move|p1b: Volcarona|Quiver Dance|p1b: Volcarona
|-boost|p1b: Volcarona|spa|1
|-boost|p1b: Volcarona|spd|1
|-boost|p1b: Volcarona|spe|1
|
|-heal|p2a: Porygon2|100/100|[from] Grassy Terrain
|-heal|p2b: Ursaluna|31/100 brn|[from] Grassy Terrain
|-heal|p1b: Volcarona|45/100|[from] Grassy Terrain
|-damage|p2b: Ursaluna|25/100 brn|[from] brn
|upkeep
|
|t:|1756830574
|switch|p1a: Tauros|Tauros-Paldea-Aqua, L50, M, tera:Water|24/100
|-ability|p1a: Tauros|Intimidate|boost
|-unboost|p2a: Porygon2|atk|1
|-unboost|p2b: Ursaluna|atk|1
|turn|7
|
|t:|1756830605
|move|p1a: Tauros|Protect|p1a: Tauros
|-singleturn|p1a: Tauros|Protect
|move|p1b: Volcarona|Protect|p1b: Volcarona
|-singleturn|p1b: Volcarona|Protect
|move|p2a: Porygon2|Tera Blast|p1b: Volcarona
|-activate|p1b: Volcarona|move: Protect
|move|p2b: Ursaluna|Earthquake|p1a: Tauros|[spread] p2a
|-activate|p1a: Tauros|move: Protect
|-activate|p1b: Volcarona|move: Protect
|-damage|p2a: Porygon2|87/100
|
|-heal|p2a: Porygon2|94/100|[from] Grassy Terrain
|-heal|p2b: Ursaluna|31/100 brn|[from] Grassy Terrain
|-heal|p1a: Tauros|30/100|[from] Grassy Terrain
|-heal|p1b: Volcarona|52/100|[from] Grassy Terrain
|-damage|p2b: Ursaluna|25/100 brn|[from] brn
|-fieldend|move: Trick Room
|upkeep
|turn|8
|
|t:|1756830628
|move|p2b: Ursaluna|Protect|p2b: Ursaluna
|-singleturn|p2b: Ursaluna|Protect
|move|p1b: Volcarona|Heat Wave|p2b: Ursaluna|[spread] p2a
|-activate|p2b: Ursaluna|move: Protect
|-damage|p2a: Porygon2|61/100
|-status|p2a: Porygon2|brn
|move|p1a: Tauros|Close Combat|p2a: Porygon2
|-supereffective|p2a: Porygon2
|-damage|p2a: Porygon2|0 fnt
|-unboost|p1a: Tauros|def|1
|-unboost|p1a: Tauros|spd|1
|faint|p2a: Porygon2
|
|-heal|p1b: Volcarona|58/100|[from] Grassy Terrain
|-heal|p1a: Tauros|36/100|[from] Grassy Terrain
|-heal|p2b: Ursaluna|31/100 brn|[from] Grassy Terrain
|-damage|p2b: Ursaluna|25/100 brn|[from] brn
|-fieldend|move: Grassy Terrain
|upkeep
|turn|9
|
|t:|1756830645
|move|p1b: Volcarona|Giga Drain|p2b: Ursaluna
|-damage|p2b: Ursaluna|0 fnt
|-heal|p1b: Volcarona|72/100|[from] drain|[of] p2b: Ursaluna
|faint|p2b: Ursaluna
|
|win|A Regu1ar Guy
|raw|A Regu1ar Guy's rating: 1304 → 1318(+14 for winning)
|raw|garompa's rating: 1201 → 1183(-18 for losing)
