|j|☆tessa scarlet
|j|☆Sonja Hilmer
|html|tessa scarletSonja Hilmer    
|uhtml|bestof|Game 3 of a best-of-3
|t:|1756815437
|gametype|doubles
|player|p1|tessa scarlet|170|1400
|player|p2|Sonja Hilmer|lady|1430
|gen|9
|tier|[Gen 9] VGC 2025 Reg H (Bo3)
|rated|
|rule|Species Clause: Limit one of each Pokémon
|rule|Item Clause: Limit 1 of each item
|clearpoke
|poke|p1|Gholdengo, L50|
|poke|p1|Annihilape, L50, F|
|poke|p1|Volcarona, L50, M|
|poke|p1|Dragonite, L50, F|
|poke|p1|Ninetales-Alola, L50, F|
|poke|p1|Ursaluna-Bloodmoon, L50, M|
|poke|p2|Dachsbun, L50, M|
|poke|p2|Typhlosion-Hisui, L50, F|
|poke|p2|Kingambit, L50, M|
|poke|p2|Jumpluff, L50, F|
|poke|p2|Rillaboom, L50, M|
|poke|p2|Torkoal, L50, F|
|teampreview|4
|showteam|p1|Gholdengo||LifeOrb|GoodasGold|NastyPlot,MakeItRain,ShadowBall,Protect||||||50|,,,,,Water]Annihilape||SafetyGoggles|Defiant|DrainPunch,RageFist,BulkUp,Protect|||F|||50|,,,,,Fire]Volcarona||SitrusBerry|FlameBody|StruggleBug,Overheat,RagePowder,Tailwind|||M|||50|,,,,,Steel]Dragonite||LoadedDice|Multiscale|ScaleShot,Haze,Tailwind,Protect|||F|||50|,,,,,Steel]Ninetales-Alola||FocusSash|SnowWarning|Blizzard,IcyWind,IcicleSpear,AuroraVeil|||F|||50|,,,,,Ghost]Ursaluna-Bloodmoon||AssaultVest|MindsEye|BloodMoon,HyperVoice,EarthPower,VacuumWave|||M|||50|,,,,,Water
|showteam|p2|Dachsbun||Leftovers|WellBakedBody|BodyPress,Snarl,HelpingHand,Protect|||M|||50|,,,,,Steel]Typhlosion-Hisui||ChoiceSpecs|Blaze|Eruption,LavaPlume,Overheat,ShadowBall|||F|||50|,,,,,Fire]Kingambit||SafetyGoggles|Defiant|Protect,KowtowCleave,SuckerPunch,SwordsDance|||M|||50|,,,,,Dark]Jumpluff||CovertCloak|Chlorophyll|SleepPowder,SunnyDay,Encore,Tailwind|||F|||50|,,,,,Water]Rillaboom||AssaultVest|GrassySurge|WoodHammer,GrassyGlide,FakeOut,HighHorsepower|||M|||50|,,,,,Water]Torkoal||SitrusBerry|Drought|HeatWave,LavaPlume,ClearSmog,Protect|||F|||50|,,,,,Fairy
|inactive|Battle timer is ON: inactive players will automatically lose when time's up. (requested by Sonja Hilmer)
|inactive|tessa scarlet has 60 seconds left.
|
|t:|1756815472
|teamsize|p1|4
|teamsize|p2|4
|start
|switch|p1a: Annihilape|Annihilape, L50, F|100/100
|switch|p1b: Volcarona|Volcarona, L50, M|100/100
|switch|p2a: Typhlosion|Typhlosion-Hisui, L50, F|100/100
|switch|p2b: Jumpluff|Jumpluff, L50, F|100/100
|turn|1
|inactive|tessa scarlet has 30 seconds left.
|
|t:|1756815507
|-terastallize|p2a: Typhlosion|Fire
|-terastallize|p1a: Annihilape|Fire
|move|p2b: Jumpluff|Tailwind|p2b: Jumpluff
|-sidestart|p2: Sonja Hilmer|move: Tailwind
|move|p2a: Typhlosion|Eruption|p1b: Volcarona|[spread] p1a,p1b
|-resisted|p1a: Annihilape
|-damage|p1a: Annihilape|49/100
|-damage|p1b: Volcarona|2/100
|-enditem|p1b: Volcarona|Sitrus Berry|[eat]
|-heal|p1b: Volcarona|27/100|[from] item: Sitrus Berry
|move|p1b: Volcarona|Tailwind|p1b: Volcarona
|-sidestart|p1: tessa scarlet|move: Tailwind
|move|p1a: Annihilape|Bulk Up|p1a: Annihilape
|-boost|p1a: Annihilape|atk|1
|-boost|p1a: Annihilape|def|1
|
|upkeep
|turn|2
|
|t:|1756815532
|move|p1a: Annihilape|Protect|p1a: Annihilape
|-singleturn|p1a: Annihilape|Protect
|move|p2b: Jumpluff|Sunny Day|p2b: Jumpluff
|-weather|SunnyDay
|move|p1b: Volcarona|Struggle Bug|p2a: Typhlosion|[spread] p2a,p2b
|-resisted|p2a: Typhlosion
|-damage|p2a: Typhlosion|90/100
|-damage|p2b: Jumpluff|84/100
|-unboost|p2a: Typhlosion|spa|1
|move|p2a: Typhlosion|Eruption|p1b: Volcarona|[spread] p1b
|-activate|p1a: Annihilape|move: Protect
|-damage|p1b: Volcarona|0 fnt
|faint|p1b: Volcarona
|
|-weather|SunnyDay|[upkeep]
|upkeep
|
|t:|1756815534
|switch|p1b: Ninetales|Ninetales-Alola, L50, F|100/100
|-weather|Snowscape|[from] ability: Snow Warning|[of] p1b: Ninetales
|turn|3
|
|t:|1756815550
|move|p2b: Jumpluff|Encore|p1a: Annihilape
|-start|p1a: Annihilape|Encore
|move|p1b: Ninetales|Icy Wind|p2a: Typhlosion|[spread] p2a,p2b
|-resisted|p2a: Typhlosion
|-supereffective|p2b: Jumpluff
|-damage|p2a: Typhlosion|80/100
|-damage|p2b: Jumpluff|16/100
|-unboost|p2a: Typhlosion|spe|1
|move|p1a: Annihilape|Protect|p1a: Annihilape
|-singleturn|p1a: Annihilape|Protect
|move|p2a: Typhlosion|Eruption|p1b: Ninetales|[spread] p1b
|-activate|p1a: Annihilape|move: Protect
|-supereffective|p1b: Ninetales
|-enditem|p1b: Ninetales|Focus Sash
|-damage|p1b: Ninetales|1/100
|
|-weather|Snowscape|[upkeep]
|upkeep
|turn|4
|
|t:|1756815563
|switch|p2b: Kingambit|Kingambit, L50, M|100/100
|move|p1a: Annihilape|Protect||[still]
|-fail|p1a: Annihilape
|move|p1b: Ninetales|Blizzard|p2a: Typhlosion|[spread] p2a,p2b
|-resisted|p2a: Typhlosion
|-resisted|p2b: Kingambit
|-damage|p2a: Typhlosion|61/100
|-damage|p2b: Kingambit|84/100
|move|p2a: Typhlosion|Eruption|p1b: Ninetales|[spread] p1a,p1b
|-resisted|p1a: Annihilape
|-supereffective|p1b: Ninetales
|-damage|p1a: Annihilape|29/100
|-damage|p1b: Ninetales|0 fnt
|faint|p1b: Ninetales
|
|-weather|Snowscape|[upkeep]
|-sideend|p2: Sonja Hilmer|move: Tailwind
|-sideend|p1: tessa scarlet|move: Tailwind
|upkeep
|
|t:|1756815566
|switch|p1b: Dragonite|Dragonite, L50, F|100/100
|turn|5
|
|t:|1756815589
|move|p1a: Annihilape|Protect|p1a: Annihilape
|-singleturn|p1a: Annihilape|Protect
|move|p1b: Dragonite|Scale Shot|p2a: Typhlosion
|-damage|p2a: Typhlosion|40/100
|-damage|p2a: Typhlosion|19/100
|-damage|p2a: Typhlosion|0 fnt
|faint|p2a: Typhlosion
|-hitcount|p2: Typhlosion|3
|-unboost|p1b: Dragonite|def|1
|-boost|p1b: Dragonite|spe|1
|move|p2b: Kingambit|Kowtow Cleave|p1b: Dragonite
|-damage|p1b: Dragonite|63/100
|
|-weather|Snowscape|[upkeep]
|-end|p1a: Annihilape|Encore
|upkeep
|
|t:|1756815594
|switch|p2a: Rillaboom|Rillaboom, L50, M|100/100
|-fieldstart|move: Grassy Terrain|[from] ability: Grassy Surge|[of] p2a: Rillaboom
|turn|6
|
|t:|1756815601
|move|p2a: Rillaboom|Fake Out|p1a: Annihilape
|-damage|p1a: Annihilape|19/100
|move|p1b: Dragonite|Tailwind|p1b: Dragonite
|-sidestart|p1: tessa scarlet|move: Tailwind
|cant|p1a: Annihilape|flinch
|move|p2b: Kingambit|Kowtow Cleave|p1a: Annihilape
|-damage|p1a: Annihilape|0 fnt
|faint|p1a: Annihilape
|
|-weather|Snowscape|[upkeep]
|-heal|p2b: Kingambit|90/100|[from] Grassy Terrain
|upkeep
|turn|7
|-message|tessa scarlet forfeited.
|
|win|Sonja Hilmer
|raw|tessa scarlet's rating: 1400 → 1382(-18 for losing)
|raw|Sonja Hilmer's rating: 1430 → 1448(+18 for winning)
|l|☆Sonja Hilmer
|player|p2|
|j|☆Sonja Hilmer
|player|p2|Sonja Hilmer|lady|
