|j|☆MetaknightXIII
|j|☆Cristante terabug
|html|MetaknightXIIICristante terabug    
|uhtml|bestof|Game 3 of a best-of-3
|t:|1756243619
|gametype|doubles
|player|p1|MetaknightXIII|veteran|1103
|player|p2|Cristante terabug|kieran-champion|1176
|gen|9
|tier|[Gen 9] VGC 2025 Reg H (Bo3)
|rated|
|rule|Species Clause: Limit one of each Pokémon
|rule|Item Clause: Limit 1 of each item
|clearpoke
|poke|p1|Kingdra, L50, M|
|poke|p1|Politoed, L50, F|
|poke|p1|Gothitelle, L50, F|
|poke|p1|Incineroar, L50, M|
|poke|p1|Amoonguss, L50, F|
|poke|p1|Archaludon, L50, M|
|poke|p2|Sneasler, L50, M|
|poke|p2|Gholdengo, L50|
|poke|p2|Rillaboom, L50, M|
|poke|p2|Kommo-o, L50, F|
|poke|p2|Ninetales-Alola, L50, M|
|poke|p2|Basculegion, L50, M|
|teampreview|4
|showteam|p1|Kingdra||LifeOrb|SwiftSwim|WeatherBall,MuddyWater,DracoMeteor,Protect|||M|||50|,,,,,Stellar]Politoed||Leftovers|Drizzle|WeatherBall,PerishSong,Encore,Protect|||F|||50|,,,,,Grass]Gothitelle||SitrusBerry|ShadowTag|FakeOut,Psychic,TrickRoom,Protect|||F|||50|,,,,,Dark]Incineroar||SafetyGoggles|Intimidate|FakeOut,KnockOff,PartingShot,Protect|||M|||50|,,,,,Ghost]Amoonguss||EjectButton|Regenerator|Spore,RagePowder,PollenPuff,Protect|||F|||50|,,,,,Fairy]Archaludon||PowerHerb|Sturdy|ElectroShot,FlashCannon,DragonPulse,Protect|||M|||50|,,,,,Electric
|showteam|p2|Sneasler||GrassySeed|Unburden|CloseCombat,DireClaw,Coaching,Protect|||M|||50|,,,,,Stellar]Gholdengo||LifeOrb|GoodasGold|MakeItRain,NastyPlot,Protect,ShadowBall||||||50|,,,,,Water]Rillaboom||AssaultVest|GrassySurge|FakeOut,GrassyGlide,DrumBeating,HighHorsepower|||M|||50|,,,,,Fire]Kommo-o||Leftovers|Overcoat|BodyPress,IronDefense,Flamethrower,Protect|||F|||50|,,,,,Fire]Ninetales-Alola||FocusSash|SnowWarning|Blizzard,AuroraVeil,Encore,Protect|||M|||50|,,,,,Water]Basculegion||ChoiceScarf|Adaptability|WaveCrash,LastRespects,FlipTurn,TeraBlast|||M|||50|,,,,,Fighting
|inactive|Battle timer is ON: inactive players will automatically lose when time's up. (requested by Cristante terabug)
|
|t:|1756243670
|teamsize|p1|4
|teamsize|p2|4
|start
|switch|p1a: Archaludon|Archaludon, L50, M|100/100
|switch|p1b: Incineroar|Incineroar, L50, M|100/100
|switch|p2a: Basculegion|Basculegion, L50, M|100/100
|switch|p2b: Gholdengo|Gholdengo, L50|100/100
|-ability|p1b: Incineroar|Intimidate|boost
|-unboost|p2a: Basculegion|atk|1
|-unboost|p2b: Gholdengo|atk|1
|turn|1
|inactive|Cristante terabug has 30 seconds left.
|inactive|Cristante terabug has 20 seconds left.
|inactive|Cristante terabug has 15 seconds left.
|
|t:|1756243712
|-terastallize|p2a: Basculegion|Fighting
|move|p1a: Archaludon|Protect|p1a: Archaludon
|-singleturn|p1a: Archaludon|Protect
|move|p1b: Incineroar|Protect|p1b: Incineroar
|-singleturn|p1b: Incineroar|Protect
|move|p2a: Basculegion|Tera Blast|p1a: Archaludon|[anim] Tera Blast Fighting
|-activate|p1a: Archaludon|move: Protect
|move|p2b: Gholdengo|Shadow Ball|p1a: Archaludon
|-activate|p1a: Archaludon|move: Protect
|
|upkeep
|turn|2
|
|t:|1756243736
|switch|p1b: Politoed|Politoed, L50, F|100/100
|-weather|RainDance|[from] ability: Drizzle|[of] p1b: Politoed
|-terastallize|p1a: Archaludon|Electric
|move|p2a: Basculegion|Tera Blast|p1b: Politoed|[anim] Tera Blast Fighting
|-damage|p1b: Politoed|66/100
|move|p1a: Archaludon|Electro Shot||[still]
|-prepare|p1a: Archaludon|Electro Shot
|-boost|p1a: Archaludon|spa|1
|-anim|p1a: Archaludon|Electro Shot|p2b: Gholdengo
|-damage|p2b: Gholdengo|0 fnt
|faint|p2b: Gholdengo
|
|-weather|RainDance|[upkeep]
|-heal|p1b: Politoed|72/100|[from] item: Leftovers
|upkeep
|
|t:|1756243753
|switch|p2b: Sneasler|Sneasler, L50, M|100/100
|turn|3
|inactive|MetaknightXIII has 30 seconds left.
|
|t:|1756243780
|switch|p2a: Rillaboom|Rillaboom, L50, M|100/100
|-fieldstart|move: Grassy Terrain|[from] ability: Grassy Surge|[of] p2a: Rillaboom
|-enditem|p2b: Sneasler|Grassy Seed
|-boost|p2b: Sneasler|def|1|[from] item: Grassy Seed
|move|p2b: Sneasler|Dire Claw|p1a: Archaludon
|-crit|p1a: Archaludon
|-damage|p1a: Archaludon|43/100
|move|p1a: Archaludon|Electro Shot||[still]
|-prepare|p1a: Archaludon|Electro Shot
|-boost|p1a: Archaludon|spa|1
|-anim|p1a: Archaludon|Electro Shot|p2a: Rillaboom
|-resisted|p2a: Rillaboom
|-damage|p2a: Rillaboom|46/100
|move|p1b: Politoed|Weather Ball|p2a: Rillaboom
|-resisted|p2a: Rillaboom
|-damage|p2a: Rillaboom|25/100
|
|-weather|RainDance|[upkeep]
|-heal|p1a: Archaludon|49/100|[from] Grassy Terrain
|-heal|p2a: Rillaboom|31/100|[from] Grassy Terrain
|-heal|p1b: Politoed|78/100|[from] Grassy Terrain
|-heal|p1b: Politoed|84/100|[from] item: Leftovers
|upkeep
|turn|4
|
|t:|1756243803
|switch|p1b: Incineroar|Incineroar, L50, M|100/100
|-ability|p1b: Incineroar|Intimidate|boost
|-unboost|p2a: Rillaboom|atk|1
|-unboost|p2b: Sneasler|atk|1
|move|p1a: Archaludon|Protect|p1a: Archaludon
|-singleturn|p1a: Archaludon|Protect
|move|p2b: Sneasler|Close Combat|p1a: Archaludon
|-activate|p1a: Archaludon|move: Protect
|move|p2a: Rillaboom|Drum Beating|p1b: Incineroar
|-resisted|p1b: Incineroar
|-damage|p1b: Incineroar|85/100
|-unboost|p1b: Incineroar|spe|1
|
|-weather|RainDance|[upkeep]
|-heal|p2a: Rillaboom|37/100|[from] Grassy Terrain
|-heal|p1a: Archaludon|55/100|[from] Grassy Terrain
|-heal|p1b: Incineroar|91/100|[from] Grassy Terrain
|upkeep
|turn|5
|
|t:|1756243815
|move|p2b: Sneasler|Protect|p2b: Sneasler
|-singleturn|p2b: Sneasler|Protect
|move|p1b: Incineroar|Fake Out|p2b: Sneasler
|-activate|p2b: Sneasler|move: Protect
|move|p2a: Rillaboom|High Horsepower|p1a: Archaludon
|-supereffective|p1a: Archaludon
|-damage|p1a: Archaludon|17/100
|move|p1a: Archaludon|Dragon Pulse|p2a: Rillaboom
|-damage|p2a: Rillaboom|0 fnt
|faint|p2a: Rillaboom
|
|-weather|RainDance|[upkeep]
|-heal|p1a: Archaludon|23/100|[from] Grassy Terrain
|-heal|p1b: Incineroar|97/100|[from] Grassy Terrain
|upkeep
|
|t:|1756243825
|switch|p2a: Basculegion|Basculegion, L50, M, tera:Fighting|100/100
|turn|6
|
|t:|1756243834
|switch|p1b: Politoed|Politoed, L50, F|84/100
|move|p1a: Archaludon|Protect|p1a: Archaludon
|-singleturn|p1a: Archaludon|Protect
|move|p2b: Sneasler|Close Combat|p1a: Archaludon
|-activate|p1a: Archaludon|move: Protect
|move|p2a: Basculegion|Wave Crash|p1b: Politoed
|-resisted|p1b: Politoed
|-damage|p1b: Politoed|41/100
|-damage|p2a: Basculegion|86/100|[from] Recoil
|
|-weather|none
|-heal|p2a: Basculegion|92/100|[from] Grassy Terrain
|-heal|p1a: Archaludon|29/100|[from] Grassy Terrain
|-heal|p1b: Politoed|47/100|[from] Grassy Terrain
|-heal|p1b: Politoed|53/100|[from] item: Leftovers
|upkeep
|turn|7
|
|t:|1756243856
|switch|p1b: Incineroar|Incineroar, L50, M|97/100
|-ability|p1b: Incineroar|Intimidate|boost
|-unboost|p2a: Basculegion|atk|1
|-unboost|p2b: Sneasler|atk|1
|move|p2b: Sneasler|Coaching|p2a: Basculegion
|-boost|p2a: Basculegion|atk|1
|-boost|p2a: Basculegion|def|1
|move|p2a: Basculegion|Wave Crash|p1a: Archaludon
|-damage|p1a: Archaludon|0 fnt
|faint|p1a: Archaludon
|-damage|p2a: Basculegion|84/100|[from] Recoil
|
|-heal|p2a: Basculegion|90/100|[from] Grassy Terrain
|-heal|p1b: Incineroar|100/100|[from] Grassy Terrain
|-fieldend|move: Grassy Terrain
|upkeep
|
|t:|1756243865
|switch|p1a: Kingdra|Kingdra, L50, M|100/100
|turn|8
|
|t:|1756243874
|switch|p1b: Politoed|Politoed, L50, F|53/100
|-weather|RainDance|[from] ability: Drizzle|[of] p1b: Politoed
|move|p2b: Sneasler|Dire Claw|p1a: Kingdra
|-damage|p1a: Kingdra|73/100
|move|p1a: Kingdra|Weather Ball|p2a: Basculegion
|-damage|p2a: Basculegion|0 fnt
|faint|p2a: Basculegion
|-damage|p1a: Kingdra|63/100|[from] item: Life Orb
|
|-weather|RainDance|[upkeep]
|-heal|p1b: Politoed|59/100|[from] item: Leftovers
|upkeep
|turn|9
|-message|Cristante terabug forfeited.
|
|win|MetaknightXIII
|raw|MetaknightXIII's rating: 1103 → 1133(+30 for winning)
|raw|Cristante terabug's rating: 1176 → 1146(-30 for losing)
|l|☆Cristante terabug
|player|p2|
|j|☆Cristante terabug
|player|p2|Cristante terabug|kieran-champion|
