|j|☆Chelicerate1
|j|☆lobitooooo
|html|Chelicerate1lobitooooo    
|uhtml|bestof|Game 2 of a best-of-3
|t:|1784351088
|gametype|doubles
|player|p1|Chelicerate1|ethan|1264
|player|p2|lobitooooo|linebacker|1165
|gen|9
|tier|[Gen 9 Champions] VGC 2026 Reg M-B (Bo3)
|rated|
|rule|Species Clause: Limit one of each Pokémon
|rule|Item Clause: Limit 1 of each item
|clearpoke
|poke|p1|Grimmsnarl, L50, M|
|poke|p1|Basculegion, L50, M|
|poke|p1|Charizard, L50, F|
|poke|p1|Pelipper, L50, M|
|poke|p1|Venusaur, L50, M|
|poke|p1|Archaludon, L50, M|
|poke|p2|Drampa, L50, F|
|poke|p2|Farigiraf, L50, M|
|poke|p2|Incineroar, L50, F|
|poke|p2|Gengar, L50, M|
|poke|p2|Mamoswine, L50, F|
|poke|p2|Basculegion, L50, M|
|teampreview|4
|showteam|p1|Grimmsnarl||LightClay|Prankster|SpiritBreak,PartingShot,Reflect,LightScreen|Sassy||M|||50|]Basculegion||ChoiceScarf|Adaptability|LastRespects,WaveCrash,AquaJet,FlipTurn|Jolly||M|||50|]Charizard||CharizarditeY|Blaze|Protect,HeatWave,WeatherBall,SolarBeam|Modest||F|||50|]Pelipper||SitrusBerry|Drizzle|Hurricane,WeatherBall,Tailwind,WideGuard|Modest||M|||50|]Venusaur||FocusSash|Chlorophyll|SludgeBomb,SleepPowder,EarthPower,Protect|Modest||M|||50|]Archaludon||Leftovers|Stamina|ElectroShot,DragonPulse,FlashCannon,Protect|Calm||M|||50|
|showteam|p2|Drampa||Drampanite|CloudNine|CalmMind,HyperVoice,Protect,EarthPower|Calm||F|||50|]Farigiraf||SitrusBerry|ArmorTail|TrickRoom,HelpingHand,Thunderbolt,Psychic|Relaxed||M|||50|]Incineroar||ChopleBerry|Intimidate|CloseCombat,FakeOut,FlareBlitz,PartingShot|Adamant||F|||50|]Gengar||Gengarite|CursedBody|Protect,PerishSong,Disable,SludgeBomb|Timid||M|||50|]Mamoswine||FocusSash|Oblivious|IceShard,Protect,Earthquake,IcicleCrash|Jolly||F|||50|]Basculegion||MysticWater|Adaptability|AquaJet,Protect,WaveCrash,LastRespects|Jolly||M|||50|
|inactive|Battle timer is ON: inactive players will automatically lose when time's up. (requested by Chelicerate1)
|
|t:|1784351104
|teamsize|p1|4
|teamsize|p2|4
|start
|switch|p1a: Charizard|Charizard, L50, F|100/100
|switch|p1b: Grimmsnarl|Grimmsnarl, L50, M|100/100
|switch|p2a: Gengar|Gengar, L50, M|100/100
|switch|p2b: Incineroar|Incineroar, L50, F|100/100
|-ability|p2b: Incineroar|Intimidate|boost
|-unboost|p1a: Charizard|atk|1
|-unboost|p1b: Grimmsnarl|atk|1
|turn|1
|inactive|Chelicerate1 has 30 seconds left.
|inactive|Chelicerate1 has 20 seconds left.
|inactive|Chelicerate1 has 15 seconds left.
|inactive|Chelicerate1 has 10 seconds left.
|inactive|Chelicerate1 has 5 seconds left.
|
|t:|1784351156
|detailschange|p2a: Gengar|Gengar-Mega, L50, M
|-mega|p2a: Gengar|Gengar|Gengarite
|detailschange|p1a: Charizard|Charizard-Mega-Y, L50, F
|-mega|p1a: Charizard|Charizard|Charizardite Y
|-weather|SunnyDay|[from] ability: Drought|[of] p1a: Charizard
|move|p2b: Incineroar|Fake Out|p1a: Charizard
|-damage|p1a: Charizard|86/100
|move|p2a: Gengar|Perish Song|p2a: Gengar
|-start|p1a: Charizard|perish3|[silent]
|-start|p1b: Grimmsnarl|perish3|[silent]
|-start|p2a: Gengar|perish3|[silent]
|-start|p2b: Incineroar|perish3|[silent]
|-fieldactivate|move: Perish Song
|cant|p1a: Charizard|flinch
|move|p1b: Grimmsnarl|Spirit Break|p2b: Incineroar
|-damage|p2b: Incineroar|80/100
|-unboost|p2b: Incineroar|spa|1
|
|-weather|SunnyDay|[upkeep]
|-start|p2a: Gengar|perish3
|-start|p1a: Charizard|perish3
|-start|p2b: Incineroar|perish3
|-start|p1b: Grimmsnarl|perish3
|upkeep
|turn|2
|
|t:|1784351179
|move|p2a: Gengar|Protect|p2a: Gengar
|-singleturn|p2a: Gengar|Protect
|move|p1a: Charizard|Weather Ball|p2b: Incineroar
|-resisted|p2b: Incineroar|1
|-damage|p2b: Incineroar|41/100
|move|p2b: Incineroar|Parting Shot|p1a: Charizard
|-unboost|p1a: Charizard|atk|1
|-unboost|p1a: Charizard|spa|1
|
|t:|1784351189
|switch|p2b: Drampa|Drampa, L50, F|100/100|[from] Parting Shot
|-ability|p2b: Drampa|Cloud Nine
|move|p1b: Grimmsnarl|Spirit Break|p2b: Drampa
|-supereffective|p2b: Drampa|1
|-damage|p2b: Drampa|57/100
|-unboost|p2b: Drampa|spa|1
|
|-weather|SunnyDay|[upkeep]
|-start|p2a: Gengar|perish2
|-start|p1a: Charizard|perish2
|-start|p1b: Grimmsnarl|perish2
|upkeep
|turn|3
|
|t:|1784351212
|switch|p2b: Incineroar|Incineroar, L50, F|41/100
|-ability|p2b: Incineroar|Intimidate|boost
|-unboost|p1a: Charizard|atk|1
|-unboost|p1b: Grimmsnarl|atk|1
|move|p1b: Grimmsnarl|Parting Shot|p2a: Gengar
|-unboost|p2a: Gengar|atk|1
|-unboost|p2a: Gengar|spa|1
|
|t:|1784351219
|switch|p1b: Archaludon|Archaludon, L50, M|100/100|[from] Parting Shot
|move|p2a: Gengar|Disable|p1a: Charizard
|-start|p1a: Charizard|Disable|Weather Ball
|move|p1a: Charizard|Heat Wave|p2a: Gengar|[spread] p2a
|-miss|p1a: Charizard|p2b: Incineroar
|-damage|p2a: Gengar|58/100
|
|-weather|SunnyDay|[upkeep]
|-start|p2a: Gengar|perish1
|-start|p1a: Charizard|perish1
|upkeep
|turn|4
|inactive|Chelicerate1 has 30 seconds left.
|
|t:|1784351245
|switch|p2a: Drampa|Drampa, L50, F|57/100
|-ability|p2a: Drampa|Cloud Nine
|move|p2b: Incineroar|Fake Out|p1b: Archaludon
|-resisted|p1b: Archaludon|1
|-damage|p1b: Archaludon|94/100
|-ability|p1b: Archaludon|Stamina|boost
|-boost|p1b: Archaludon|def|1
|move|p1a: Charizard|Heat Wave|p2a: Drampa|[spread] p2a,p2b
|-resisted|p2a: Drampa|1
|-resisted|p2b: Incineroar|1
|-damage|p2a: Drampa|47/100
|-damage|p2b: Incineroar|27/100
|-status|p2a: Drampa|brn
|cant|p1b: Archaludon|flinch
|
|-weather|SunnyDay|[upkeep]
|-heal|p1b: Archaludon|100/100|[from] item: Leftovers
|-damage|p2a: Drampa|41/100 brn|[from] brn
|-start|p1a: Charizard|perish0
|upkeep
|faint|p1a: Charizard
|
|t:|1784351253
|switch|p1a: Pelipper|Pelipper, L50, M|100/100
|-weather|RainDance|[from] ability: Drizzle|[of] p1a: Pelipper
|turn|5
|
|t:|1784351271
|move|p2a: Drampa|Protect|p2a: Drampa
|-singleturn|p2a: Drampa|Protect
|move|p1b: Archaludon|Dragon Pulse|p2b: Incineroar
|-damage|p2b: Incineroar|0 fnt
|faint|p2b: Incineroar
|move|p1a: Pelipper|Tailwind|p1a: Pelipper
|-sidestart|p1: Chelicerate1|move: Tailwind
|
|-weather|RainDance|[upkeep]
|-damage|p2a: Drampa|35/100 brn|[from] brn
|upkeep
|
|t:|1784351282
|switch|p2b: Gengar|Gengar-Mega, L50, M|58/100
|turn|6
|
|t:|1784351293
|move|p1b: Archaludon|Dragon Pulse|p2a: Drampa
|-supereffective|p2a: Drampa|1
|-damage|p2a: Drampa|0 fnt
|faint|p2a: Drampa
|move|p2b: Gengar|Perish Song|p2b: Gengar
|-start|p1a: Pelipper|perish3|[silent]
|-start|p1b: Archaludon|perish3|[silent]
|-start|p2b: Gengar|perish3|[silent]
|-fieldactivate|move: Perish Song
|move|p1a: Pelipper|Hurricane|p2b: Gengar
|-crit|p2b: Gengar
|-damage|p2b: Gengar|0 fnt
|faint|p2b: Gengar
|
|-weather|RainDance|[upkeep]
|-start|p1b: Archaludon|perish3
|-start|p1a: Pelipper|perish3
|upkeep
|
|t:|1784351307
|switch|p2a: Basculegion|Basculegion, L50, M|100/100
|turn|7
|
|t:|1784351317
|move|p2a: Basculegion|Protect|p2a: Basculegion
|-singleturn|p2a: Basculegion|Protect
|move|p1b: Archaludon|Electro Shot||[still]
|-prepare|p1b: Archaludon|Electro Shot
|-boost|p1b: Archaludon|spa|1
|-anim|p1b: Archaludon|Electro Shot|p2a: Basculegion
|-activate|p2a: Basculegion|move: Protect
|move|p1a: Pelipper|Hurricane|p2a: Basculegion
|-activate|p2a: Basculegion|move: Protect
|
|-weather|RainDance|[upkeep]
|-start|p1b: Archaludon|perish2
|-start|p1a: Pelipper|perish2
|upkeep
|turn|8
|
|t:|1784351339
|move|p1b: Archaludon|Electro Shot||[still]
|-prepare|p1b: Archaludon|Electro Shot
|-boost|p1b: Archaludon|spa|1
|-anim|p1b: Archaludon|Electro Shot|p2a: Basculegion
|-supereffective|p2a: Basculegion|1
|-damage|p2a: Basculegion|0 fnt
|faint|p2a: Basculegion
|
|win|Chelicerate1
|raw|Chelicerate1's rating: 1264 → 1282(+18 for winning)
|raw|lobitooooo's rating: 1165 → 1147(-18 for losing)
