|j|☆JayTodd13
|j|☆PatmonVGC
|html|JayTodd13PatmonVGC    
|uhtml|bestof|Game 3 of a best-of-3
|t:|1757859720
|gametype|doubles
|player|p1|JayTodd13|ltsurge|1241
|player|p2|PatmonVGC|grusha|1256
|gen|9
|tier|[Gen 9] VGC 2025 Reg H (Bo3)
|rated|
|rule|Species Clause: Limit one of each Pokémon
|rule|Item Clause: Limit 1 of each item
|clearpoke
|poke|p1|Indeedee-F, L50, F|
|poke|p1|Pelipper, L50, M|
|poke|p1|Archaludon, L50, M|
|poke|p1|Primarina, L50, F|
|poke|p1|Sneasler, L50, M|
|poke|p1|Braviary-Hisui, L50, M|
|poke|p2|Sneasler, L50, F|
|poke|p2|Dragapult, L50, M|
|poke|p2|Primarina, L50, F|
|poke|p2|Rillaboom, L50, M|
|poke|p2|Kingambit, L50, M|
|poke|p2|Magmar, L50, M|
|teampreview|4
|showteam|p1|Indeedee-F||SafetyGoggles|PsychicSurge|Imprison,FollowMe,Psychic,TrickRoom|||F|||50|,,,,,Fairy]Pelipper||FocusSash|Drizzle|Tailwind,Hurricane,WeatherBall,Protect|||M|||50|,,,,,Ghost]Archaludon||AssaultVest|Stamina|BodyPress,ElectroShot,DracoMeteor,FlashCannon|||M|||50|,,,,,Grass]Primarina||SitrusBerry|LiquidVoice|HyperVoice,Moonblast,Haze,Protect|||F|||50|,,,,,Water]Sneasler||PsychicSeed|Unburden|CloseCombat,DireClaw,ThroatChop,Protect|||M|||50|,,,,,Stellar]Braviary-Hisui||TwistedSpoon|TintedLens|ExpandingForce,DazzlingGleam,Psyshock,Tailwind|||M|||50|,,,,,Psychic
|showteam|p2|Sneasler||FocusSash|PoisonTouch|CloseCombat,DireClaw,FakeOut,Protect|||F|||50|,,,,,Stellar]Dragapult||ChoiceBand|ClearBody|DragonDarts,Outrage,PhantomForce,Uturn|||M|||50|,,,,,Dragon]Primarina||SitrusBerry|LiquidVoice|HyperVoice,Moonblast,Haze,Protect|||F|||50|,,,,,Water]Rillaboom||AssaultVest|GrassySurge|WoodHammer,GrassyGlide,HighHorsepower,FakeOut|||M|||50|,,,,,Fire]Kingambit||DreadPlate|Defiant|KowtowCleave,SuckerPunch,SwordsDance,Protect|||M|||50|,,,,,Ghost]Magmar||Eviolite|VitalSpirit|Overheat,WillOWisp,FollowMe,Protect|||M|||50|,,,,,Ghost
|inactive|Battle timer is ON: inactive players will automatically lose when time's up. (requested by PatmonVGC)
|
|t:|1757859735
|teamsize|p1|4
|teamsize|p2|4
|start
|switch|p1a: Indeedee|Indeedee-F, L50, F|100/100
|switch|p1b: Sneasler|Sneasler, L50, M|100/100
|switch|p2a: Dragapult|Dragapult, L50, M|100/100
|switch|p2b: Sneasler|Sneasler, L50, F|100/100
|-fieldstart|move: Psychic Terrain|[from] ability: Psychic Surge|[of] p1a: Indeedee
|-enditem|p1b: Sneasler|Psychic Seed
|-boost|p1b: Sneasler|spd|1|[from] item: Psychic Seed
|turn|1
|
|t:|1757859743
|move|p1b: Sneasler|Dire Claw|p2b: Sneasler
|-resisted|p2b: Sneasler
|-damage|p2b: Sneasler|60/100
|move|p2a: Dragapult|U-turn|p1a: Indeedee
|-supereffective|p1a: Indeedee
|-damage|p1a: Indeedee|23/100
|
|t:|1757859748
|switch|p2a: Rillaboom|Rillaboom, L50, M|100/100|[from] U-turn
|-fieldstart|move: Grassy Terrain|[from] ability: Grassy Surge|[of] p2a: Rillaboom
|move|p2b: Sneasler|Dire Claw|p1b: Sneasler
|-resisted|p1b: Sneasler
|-damage|p1b: Sneasler|66/100
|move|p1a: Indeedee|Psychic|p2b: Sneasler
|-supereffective|p2b: Sneasler
|-damage|p2b: Sneasler|0 fnt
|faint|p2b: Sneasler
|
|-heal|p1b: Sneasler|71/100|[from] Grassy Terrain
|-heal|p1a: Indeedee|29/100|[from] Grassy Terrain
|upkeep
|
|t:|1757859750
|switch|p2b: Dragapult|Dragapult, L50, M|100/100
|turn|2
|inactive|JayTodd13 has 30 seconds left.
|
|t:|1757859777
|switch|p1a: Pelipper|Pelipper, L50, M|100/100
|-weather|RainDance|[from] ability: Drizzle|[of] p1a: Pelipper
|move|p1b: Sneasler|Protect|p1b: Sneasler
|-singleturn|p1b: Sneasler|Protect
|move|p2a: Rillaboom|Fake Out|p1b: Sneasler
|-activate|p1b: Sneasler|move: Protect
|move|p2b: Dragapult|Dragon Darts|p1a: Pelipper
|-damage|p1a: Pelipper|51/100
|-anim|p2b: Dragapult|Dragon Darts|p1a: Pelipper
|-damage|p1a: Pelipper|2/100
|
|-weather|RainDance|[upkeep]
|-heal|p1b: Sneasler|77/100|[from] Grassy Terrain
|upkeep
|turn|3
|inactive|JayTodd13 has 30 seconds left.
|inactive|JayTodd13 has 20 seconds left.
|
|t:|1757859813
|switch|p2a: Kingambit|Kingambit, L50, M|100/100
|-terastallize|p2b: Dragapult|Dragon
|move|p1b: Sneasler|Throat Chop|p2b: Dragapult
|-damage|p2b: Dragapult|60/100
|-start|p2b: Dragapult|Throat Chop|[silent]
|move|p2b: Dragapult|Dragon Darts|p1b: Sneasler
|-damage|p1b: Sneasler|0 fnt
|-anim|p2b: Dragapult|Dragon Darts|p1a: Pelipper
|-crit|p1a: Pelipper
|-damage|p1a: Pelipper|0 fnt
|faint|p1b: Sneasler
|faint|p1a: Pelipper
|
|-weather|RainDance|[upkeep]
|-heal|p2b: Dragapult|66/100|[from] Grassy Terrain
|upkeep
|
|t:|1757859819
|switch|p1b: Indeedee|Indeedee-F, L50, F|29/100
|switch|p1a: Archaludon|Archaludon, L50, M|100/100
|-fieldstart|move: Psychic Terrain|[from] ability: Psychic Surge|[of] p1b: Indeedee
|turn|4
|
|t:|1757859836
|switch|p2b: Rillaboom|Rillaboom, L50, M|100/100
|-fieldstart|move: Grassy Terrain|[from] ability: Grassy Surge|[of] p2b: Rillaboom
|-terastallize|p1b: Indeedee|Fairy
|move|p1b: Indeedee|Follow Me|p1b: Indeedee
|-singleturn|p1b: Indeedee|move: Follow Me
|move|p1a: Archaludon|Electro Shot||[still]
|-prepare|p1a: Archaludon|Electro Shot
|-boost|p1a: Archaludon|spa|1
|-anim|p1a: Archaludon|Electro Shot|p2a: Kingambit
|-damage|p2a: Kingambit|43/100
|move|p2a: Kingambit|Kowtow Cleave|p1b: Indeedee
|-resisted|p1b: Indeedee
|-damage|p1b: Indeedee|0 fnt
|faint|p1b: Indeedee
|
|-weather|RainDance|[upkeep]
|-heal|p2a: Kingambit|49/100|[from] Grassy Terrain
|upkeep
|turn|5
|
|t:|1757859859
|move|p2b: Rillaboom|Fake Out|p1a: Archaludon
|-resisted|p1a: Archaludon
|-damage|p1a: Archaludon|95/100
|-ability|p1a: Archaludon|Stamina|boost
|-boost|p1a: Archaludon|def|1
|cant|p1a: Archaludon|flinch
|move|p2a: Kingambit|Swords Dance|p2a: Kingambit
|-boost|p2a: Kingambit|atk|2
|
|-weather|RainDance|[upkeep]
|-heal|p1a: Archaludon|100/100|[from] Grassy Terrain
|-heal|p2a: Kingambit|55/100|[from] Grassy Terrain
|upkeep
|turn|6
|
|t:|1757859864
|move|p2a: Kingambit|Sucker Punch|p1a: Archaludon
|-damage|p1a: Archaludon|52/100
|-ability|p1a: Archaludon|Stamina|boost
|-boost|p1a: Archaludon|def|1
|move|p2b: Rillaboom|High Horsepower|p1a: Archaludon
|-supereffective|p1a: Archaludon
|-damage|p1a: Archaludon|27/100
|-ability|p1a: Archaludon|Stamina|boost
|-boost|p1a: Archaludon|def|1
|move|p1a: Archaludon|Body Press|p2a: Kingambit
|-supereffective|p2a: Kingambit
|-damage|p2a: Kingambit|0 fnt
|faint|p2a: Kingambit
|
|-weather|none
|-heal|p1a: Archaludon|34/100|[from] Grassy Terrain
|upkeep
|
|t:|1757859870
|switch|p2a: Dragapult|Dragapult, L50, M, tera:Dragon|66/100
|turn|7
|
|t:|1757859875
|move|p2a: Dragapult|Outrage|p1a: Archaludon
|-damage|p1a: Archaludon|0 fnt
|faint|p1a: Archaludon
|
|win|PatmonVGC
|raw|JayTodd13's rating: 1241 → 1217(-24 for losing)
|raw|PatmonVGC's rating: 1256 → 1280(+24 for winning)
|c|☆JayTodd13|gg wo
|l|☆JayTodd13
|player|p1|
|l|☆PatmonVGC
|player|p2|
