|j|☆Willow78
|j|☆new mental
|html|Willow78new mental    
|uhtml|bestof|Game 1 of a best-of-3
|t:|1784829892
|gametype|doubles
|player|p1|Willow78|petrel|1077
|player|p2|new mental|volkner|1225
|gen|9
|tier|[Gen 9 Champions] VGC 2026 Reg M-B (Bo3)
|rated|
|rule|Species Clause: Limit one of each Pokémon
|rule|Item Clause: Limit 1 of each item
|clearpoke
|poke|p1|Blaziken, L50, M|
|poke|p1|Whimsicott, L50, M|
|poke|p1|Maushold-Four, L50|
|poke|p1|Meowscarada, L50, M|
|poke|p1|Rotom-Wash, L50|
|poke|p1|Sneasler, L50, F|
|poke|p2|Charizard, L50, F|
|poke|p2|Garchomp, L50, M|
|poke|p2|Incineroar, L50, M|
|poke|p2|Venusaur, L50, F|
|poke|p2|Toxapex, L50, M|
|poke|p2|Sylveon, L50, M|
|teampreview|4
|showteam|p1|Blaziken||Blazikenite|SpeedBoost|FlareBlitz,BraveBird,CloseCombat,Protect|Adamant||M|||50|]Whimsicott||FocusSash|Prankster|Tailwind,Encore,Protect,Moonblast|Modest||M|||50|]Maushold-Four||SitrusBerry|FriendGuard|FollowMe,Protect,PopulationBomb,ThunderWave|Careful|||||50|]Meowscarada||LifeOrb|Protean|FlowerTrick,Protect,LashOut,KnockOff|Jolly||M|||50|]Rotom-Wash||ChoiceScarf|Levitate|Discharge,Thunderbolt,HydroPump,Trick|Timid|||||50|]Sneasler||WhiteHerb|Unburden|CloseCombat,DireClaw,FakeOut,Protect|Adamant||F|||50|
|showteam|p2|Charizard||CharizarditeY|SolarPower|WeatherBall,HeatWave,AncientPower,Protect|Modest||F|||50|]Garchomp||ChoiceScarf|RoughSkin|RockSlide,DragonClaw,Earthquake,StompingTantrum|Adamant||M|||50|]Incineroar||SitrusBerry|Intimidate|FlareBlitz,FakeOut,DarkestLariat,PartingShot|Impish||M|||50|]Venusaur||LifeOrb|Chlorophyll|SludgeBomb,LeafStorm,EarthPower,Protect|Modest||F|||50|]Toxapex||Leftovers|Regenerator|Infestation,Toxic,WideGuard,BanefulBunker|Bold||M|||50|]Sylveon||FairyFeather|Pixilate|HyperVoice,QuickAttack,Yawn,Detect|Modest||M|||50|
|
|t:|1784829910
|teamsize|p1|4
|teamsize|p2|4
|start
|switch|p1a: Blaziken|Blaziken, L50, M|100/100
|switch|p1b: Sneasler|Sneasler, L50, F|100/100
|switch|p2a: Charizard|Charizard, L50, F|100/100
|switch|p2b: Incineroar|Incineroar, L50, M|100/100
|-ability|p2b: Incineroar|Intimidate|boost
|-unboost|p1a: Blaziken|atk|1
|-unboost|p1b: Sneasler|atk|1
|-enditem|p1b: Sneasler|White Herb
|-clearnegativeboost|p1b: Sneasler|[silent]
|turn|1
|
|t:|1784829927
|detailschange|p1a: Blaziken|Blaziken-Mega, L50, M
|-mega|p1a: Blaziken|Blaziken|Blazikenite
|detailschange|p2a: Charizard|Charizard-Mega-Y, L50, F
|-mega|p2a: Charizard|Charizard|Charizardite Y
|-weather|SunnyDay|[from] ability: Drought|[of] p2a: Charizard
|move|p1b: Sneasler|Fake Out|p2b: Incineroar
|-damage|p2b: Incineroar|87/100
|move|p1a: Blaziken|Flare Blitz|p2a: Charizard
|-resisted|p2a: Charizard|1
|-damage|p2a: Charizard|63/100
|-damage|p1a: Blaziken|85/100|[from] Recoil
|move|p2a: Charizard|Heat Wave|p1b: Sneasler|[spread] p1a,p1b
|-resisted|p1a: Blaziken|1
|-damage|p1a: Blaziken|45/100
|-damage|p1b: Sneasler|22/100
|cant|p2b: Incineroar|flinch
|
|-weather|SunnyDay|[upkeep]
|-ability|p1a: Blaziken|Speed Boost|boost
|-boost|p1a: Blaziken|spe|1
|upkeep
|turn|2
|inactive|Battle timer is ON: inactive players will automatically lose when time's up. (requested by new mental)
|
|t:|1784829949
|move|p1b: Sneasler|Close Combat|p2b: Incineroar
|-supereffective|p2b: Incineroar|1
|-damage|p2b: Incineroar|0 fnt
|-unboost|p1b: Sneasler|def|1
|-unboost|p1b: Sneasler|spd|1
|faint|p2b: Incineroar
|move|p1a: Blaziken|Close Combat|p2a: Charizard
|-resisted|p2a: Charizard|1
|-damage|p2a: Charizard|40/100
|-unboost|p1a: Blaziken|def|1
|-unboost|p1a: Blaziken|spd|1
|move|p2a: Charizard|Heat Wave|p1a: Blaziken|[spread] p1b
|-miss|p2a: Charizard|p1a: Blaziken
|-crit|p1b: Sneasler
|-damage|p1b: Sneasler|0 fnt
|faint|p1b: Sneasler
|
|-weather|SunnyDay|[upkeep]
|-ability|p1a: Blaziken|Speed Boost|boost
|-boost|p1a: Blaziken|spe|1
|upkeep
|
|t:|1784829968
|switch|p1b: Rotom|Rotom-Wash, L50|100/100
|switch|p2b: Toxapex|Toxapex, L50, M|100/100
|turn|3
|
|t:|1784829976
|switch|p1a: Whimsicott|Whimsicott, L50, M|100/100
|move|p1b: Rotom|Discharge|p2b: Toxapex|[spread] p1a,p2a,p2b
|-resisted|p1a: Whimsicott|1
|-crit|p1a: Whimsicott
|-supereffective|p2a: Charizard|1
|-supereffective|p2b: Toxapex|1
|-damage|p1a: Whimsicott|65/100
|-damage|p2a: Charizard|0 fnt
|-damage|p2b: Toxapex|56/100
|-status|p2b: Toxapex|par
|faint|p2a: Charizard
|move|p2b: Toxapex|Toxic|p1b: Rotom
|-status|p1b: Rotom|tox
|
|-weather|SunnyDay|[upkeep]
|-heal|p2b: Toxapex|62/100 par|[from] item: Leftovers
|-damage|p1b: Rotom|94/100 tox|[from] psn
|upkeep
|
|t:|1784829979
|switch|p2a: Garchomp|Garchomp, L50, M|100/100
|turn|4
|
|t:|1784829998
|move|p2a: Garchomp|Rock Slide|p1b: Rotom|[spread] p1a,p1b
|-damage|p1a: Whimsicott|34/100
|-damage|p1b: Rotom|66/100 tox
|move|p1b: Rotom|Discharge|p2a: Garchomp|[spread] p1a,p2b
|-immune|p2a: Garchomp
|-resisted|p1a: Whimsicott|1
|-supereffective|p2b: Toxapex|1
|-damage|p1a: Whimsicott|10/100
|-damage|p2b: Toxapex|20/100y par
|move|p1a: Whimsicott|Moonblast|p2a: Garchomp
|-supereffective|p2a: Garchomp|1
|-damage|p2a: Garchomp|14/100
|move|p2b: Toxapex|Toxic|p1a: Whimsicott
|-status|p1a: Whimsicott|tox
|
|-weather|SunnyDay|[upkeep]
|-heal|p2b: Toxapex|26/100 par|[from] item: Leftovers
|-damage|p1b: Rotom|55/100 tox|[from] psn
|-damage|p1a: Whimsicott|4/100 tox|[from] psn
|upkeep
|turn|5
|
|t:|1784830019
|cant|p2b: Toxapex|par
|move|p1a: Whimsicott|Tailwind|p1a: Whimsicott
|-sidestart|p1: Willow78|move: Tailwind
|move|p1b: Rotom|Discharge|p2a: Garchomp|[spread] p1a,p2b
|-immune|p2a: Garchomp
|-resisted|p1a: Whimsicott|1
|-supereffective|p2b: Toxapex|1
|-damage|p1a: Whimsicott|0 fnt
|-damage|p2b: Toxapex|0 fnt
|faint|p1a: Whimsicott
|faint|p2b: Toxapex
|move|p2a: Garchomp|Rock Slide|p1b: Rotom
|-damage|p1b: Rotom|18/100 tox
|
|-weather|none
|-damage|p1b: Rotom|1/100 tox|[from] psn
|upkeep
|
|t:|1784830035
|switch|p1a: Blaziken|Blaziken-Mega, L50, M|45/100
|turn|6
|
|t:|1784830040
|move|p1a: Blaziken|Protect|p1a: Blaziken
|-singleturn|p1a: Blaziken|Protect
|move|p1b: Rotom|Discharge|p2a: Garchomp|[spread] 
|-activate|p1a: Blaziken|move: Protect
|-immune|p2a: Garchomp
|move|p2a: Garchomp|Rock Slide|p1b: Rotom|[spread] p1b
|-activate|p1a: Blaziken|move: Protect
|-damage|p1b: Rotom|0 fnt
|faint|p1b: Rotom
|
|-ability|p1a: Blaziken|Speed Boost|boost
|-boost|p1a: Blaziken|spe|1
|upkeep
|turn|7
|
|t:|1784830057
|move|p1a: Blaziken|Flare Blitz|p2a: Garchomp
|-resisted|p2a: Garchomp|1
|-crit|p2a: Garchomp
|-damage|p2a: Garchomp|0 fnt
|-damage|p1a: Blaziken|33/100|[from] ability: Rough Skin|[of] p2a: Garchomp
|faint|p2a: Garchomp
|-damage|p1a: Blaziken|27/100|[from] Recoil
|
|win|Willow78
