|j|☆fanman64
|j|☆ParroTiest
|html|fanman64ParroTiest    
|uhtml|bestof|Game 2 of a best-of-3
|t:|1756233072
|gametype|doubles
|player|p1|fanman64|266|1117
|player|p2|ParroTiest|wallace|1166
|gen|9
|tier|[Gen 9] VGC 2025 Reg H (Bo3)
|rated|
|rule|Species Clause: Limit one of each Pokémon
|rule|Item Clause: Limit 1 of each item
|clearpoke
|poke|p1|Tauros-Paldea-Blaze, L50, M|
|poke|p1|Rillaboom, L50, M|
|poke|p1|Tyranitar, L50, M|
|poke|p1|Kommo-o, L50, M|
|poke|p1|Basculegion, L50, M|
|poke|p1|Magmar, L50, M|
|poke|p2|Grimmsnarl, L50, M|
|poke|p2|Ursaluna-Bloodmoon, L50, M|
|poke|p2|Farigiraf, L50, M|
|poke|p2|Gholdengo, L50|
|poke|p2|Rillaboom, L50, M|
|poke|p2|Volcarona, L50, F|
|teampreview|4
|showteam|p1|Tauros-Paldea-Blaze||ClearAmulet|Intimidate|RagingBull,CloseCombat,Protect,WillOWisp|||M|||50|,,,,,Grass]Rillaboom||MiracleSeed|GrassySurge|WoodHammer,GrassyGlide,Uturn,FakeOut|||M|||50|,,,,,Grass]Tyranitar||AssaultVest|SandStream|KnockOff,RockSlide,LowKick,TeraBlast|||M|||50|,,,,,Flying]Kommo-o||ThroatSpray|Soundproof|ClangingScales,Flamethrower,Protect,ClangorousSoul|||M|||50|,,,,,Fire]Basculegion||ChoiceScarf|Adaptability|WaveCrash,LastRespects,FlipTurn,AquaJet|||M|||50|,,,,,Water]Magmar||Eviolite|VitalSpirit|Overheat,ClearSmog,FollowMe,Protect|||M|||50|,,,,,Fairy
|showteam|p2|Grimmsnarl||LightClay|Prankster|Reflect,LightScreen,SpiritBreak,Taunt|||M|||50|,,,,,Ghost]Ursaluna-Bloodmoon||LifeOrb|MindsEye|BloodMoon,HyperVoice,EarthPower,Protect|||M|||50|,,,,,Normal]Farigiraf||ThroatSpray|ArmorTail|HyperVoice,Psychic,TrickRoom,Protect|||M|||50|,,,,,Fairy]Gholdengo||ChoiceSpecs|GoodasGold|MakeItRain,ShadowBall,PowerGem,Trick||||||50|,,,,,Water]Rillaboom||AssaultVest|GrassySurge|FakeOut,WoodHammer,GrassyGlide,Uturn|||M|||50|,,,,,Fire]Volcarona||Leftovers|FlameBody|QuiverDance,HeatWave,GigaDrain,Protect|||F|||50|,,,,,Grass
|inactive|Battle timer is ON: inactive players will automatically lose when time's up. (requested by ParroTiest)
|inactive|ParroTiest has 60 seconds left.
|inactive|ParroTiest has 30 seconds left.
|inactive|ParroTiest has 20 seconds left.
|inactive|ParroTiest has 15 seconds left.
|inactive|ParroTiest has 10 seconds left.
|
|t:|1756233156
|teamsize|p1|4
|teamsize|p2|4
|start
|switch|p1a: Kommo-o|Kommo-o, L50, M|100/100
|switch|p1b: Basculegion|Basculegion, L50, M|100/100
|switch|p2a: monke|Rillaboom, L50, M|100/100
|switch|p2b: no fake out|Farigiraf, L50, M|100/100
|-fieldstart|move: Grassy Terrain|[from] ability: Grassy Surge|[of] p2a: monke
|turn|1
|inactive|fanman64 has 30 seconds left.
|
|t:|1756233189
|switch|p1b: Tauros|Tauros-Paldea-Blaze, L50, M|100/100
|-ability|p1b: Tauros|Intimidate|boost
|-unboost|p2a: monke|atk|1
|-unboost|p2b: no fake out|atk|1
|move|p2a: monke|Fake Out|p1a: Kommo-o
|-damage|p1a: Kommo-o|93/100
|cant|p1a: Kommo-o|flinch
|move|p2b: no fake out|Trick Room|p2b: no fake out
|-fieldstart|move: Trick Room|[of] p2b: no fake out
|
|-heal|p1a: Kommo-o|99/100|[from] Grassy Terrain
|upkeep
|turn|2
|inactive|fanman64 has 30 seconds left.
|
|t:|1756233217
|-terastallize|p1a: Kommo-o|Fire
|move|p1b: Tauros|Protect|p1b: Tauros
|-singleturn|p1b: Tauros|Protect
|move|p2b: no fake out|Psychic|p1b: Tauros
|-activate|p1b: Tauros|move: Protect
|move|p2a: monke|U-turn|p1b: Tauros
|-activate|p1b: Tauros|move: Protect
|move|p1a: Kommo-o|Clangorous Soul|p1a: Kommo-o
|-boost|p1a: Kommo-o|atk|1
|-boost|p1a: Kommo-o|def|1
|-boost|p1a: Kommo-o|spa|1
|-boost|p1a: Kommo-o|spd|1
|-boost|p1a: Kommo-o|spe|1
|-damage|p1a: Kommo-o|66/100
|-enditem|p1a: Kommo-o|Throat Spray
|-boost|p1a: Kommo-o|spa|1|[from] item: Throat Spray
|
|-heal|p1a: Kommo-o|73/100|[from] Grassy Terrain
|upkeep
|turn|3
|
|t:|1756233242
|switch|p1b: Tyranitar|Tyranitar, L50, M|100/100
|-weather|Sandstorm|[from] ability: Sand Stream|[of] p1b: Tyranitar
|move|p2b: no fake out|Psychic|p1a: Kommo-o
|-damage|p1a: Kommo-o|44/100
|move|p2a: monke|U-turn|p1b: Tyranitar
|-supereffective|p1b: Tyranitar
|-damage|p1b: Tyranitar|74/100
|
|t:|1756233250
|switch|p2a: gremlin|Grimmsnarl, L50, M, shiny|100/100|[from] U-turn
|move|p1a: Kommo-o|Flamethrower|p2a: gremlin
|-damage|p2a: gremlin|26/100
|
|-weather|Sandstorm|[upkeep]
|-damage|p2b: no fake out|94/100|[from] Sandstorm
|-damage|p2a: gremlin|20/100|[from] Sandstorm
|-damage|p1a: Kommo-o|37/100|[from] Sandstorm
|-heal|p2b: no fake out|100/100|[from] Grassy Terrain
|-heal|p1b: Tyranitar|80/100|[from] Grassy Terrain
|-heal|p2a: gremlin|26/100|[from] Grassy Terrain
|-heal|p1a: Kommo-o|44/100|[from] Grassy Terrain
|upkeep
|turn|4
|inactive|ParroTiest has 30 seconds left.
|
|t:|1756233276
|-terastallize|p2b: no fake out|Fairy
|move|p2a: gremlin|Light Screen|p2a: gremlin
|-sidestart|p2: ParroTiest|move: Light Screen
|move|p1b: Tyranitar|Knock Off|p2b: no fake out
|-resisted|p2b: no fake out
|-damage|p2b: no fake out|72/100
|-enditem|p2b: no fake out|Throat Spray|[from] move: Knock Off|[of] p1b: Tyranitar
|move|p2b: no fake out|Psychic|p1a: Kommo-o
|-crit|p1a: Kommo-o
|-damage|p1a: Kommo-o|0 fnt
|faint|p1a: Kommo-o
|
|-weather|Sandstorm|[upkeep]
|-damage|p2b: no fake out|66/100|[from] Sandstorm
|-damage|p2a: gremlin|20/100|[from] Sandstorm
|-heal|p2b: no fake out|72/100|[from] Grassy Terrain
|-heal|p1b: Tyranitar|86/100|[from] Grassy Terrain
|-heal|p2a: gremlin|26/100|[from] Grassy Terrain
|upkeep
|
|t:|1756233294
|switch|p1a: Tauros|Tauros-Paldea-Blaze, L50, M|100/100
|-ability|p1a: Tauros|Intimidate|boost
|-unboost|p2a: gremlin|atk|1
|-unboost|p2b: no fake out|atk|1
|turn|5
|
|t:|1756233305
|move|p2a: gremlin|Reflect|p2a: gremlin
|-sidestart|p2: ParroTiest|Reflect
|move|p2b: no fake out|Hyper Voice|p1b: Tyranitar|[spread] p1a,p1b
|-resisted|p1b: Tyranitar
|-damage|p1a: Tauros|58/100
|-damage|p1b: Tyranitar|80/100
|move|p1b: Tyranitar|Rock Slide|p2b: no fake out|[spread] p2a
|-miss|p1b: Tyranitar|p2b: no fake out
|-damage|p2a: gremlin|3/100
|move|p1a: Tauros|Raging Bull|p2a: gremlin
|-sideend|p2: ParroTiest|Reflect
|-sideend|p2: ParroTiest|move: Light Screen
|-damage|p2a: gremlin|0 fnt
|faint|p2a: gremlin
|
|-weather|Sandstorm|[upkeep]
|-damage|p2b: no fake out|66/100|[from] Sandstorm
|-damage|p1a: Tauros|52/100|[from] Sandstorm
|-heal|p2b: no fake out|72/100|[from] Grassy Terrain
|-heal|p1b: Tyranitar|86/100|[from] Grassy Terrain
|-heal|p1a: Tauros|58/100|[from] Grassy Terrain
|-fieldend|move: Trick Room
|-fieldend|move: Grassy Terrain
|upkeep
|
|t:|1756233311
|switch|p2a: monke|Rillaboom, L50, M|100/100
|-fieldstart|move: Grassy Terrain|[from] ability: Grassy Surge|[of] p2a: monke
|turn|6
|
|t:|1756233334
|move|p2a: monke|Fake Out|p1a: Tauros
|-damage|p1a: Tauros|44/100
|cant|p1a: Tauros|flinch
|move|p2b: no fake out|Psychic|p1a: Tauros
|-supereffective|p1a: Tauros
|-damage|p1a: Tauros|0 fnt
|faint|p1a: Tauros
|move|p1b: Tyranitar|Rock Slide|p2b: no fake out|[spread] p2a,p2b
|-damage|p2a: monke|69/100
|-damage|p2b: no fake out|35/100
|
|-weather|Sandstorm|[upkeep]
|-damage|p2a: monke|64/100|[from] Sandstorm
|-damage|p2b: no fake out|29/100|[from] Sandstorm
|-heal|p2a: monke|69/100|[from] Grassy Terrain
|-heal|p1b: Tyranitar|92/100|[from] Grassy Terrain
|-heal|p2b: no fake out|35/100|[from] Grassy Terrain
|upkeep
|
|t:|1756233348
|switch|p1a: Basculegion|Basculegion, L50, M|100/100
|turn|7
|
|t:|1756233357
|move|p1a: Basculegion|Wave Crash|p2a: monke
|-resisted|p2a: monke
|-damage|p2a: monke|34/100
|-damage|p1a: Basculegion|88/100|[from] Recoil
|move|p2a: monke|Wood Hammer|p1a: Basculegion
|-supereffective|p1a: Basculegion
|-damage|p1a: Basculegion|0 fnt
|faint|p1a: Basculegion
|-damage|p2a: monke|6/100|[from] Recoil
|move|p1b: Tyranitar|Rock Slide|p2a: monke|[spread] p2a
|-miss|p1b: Tyranitar|p2b: no fake out
|-damage|p2a: monke|0 fnt
|faint|p2a: monke
|move|p2b: no fake out|Psychic|p1b: Tyranitar
|-immune|p1b: Tyranitar
|
|-weather|none
|-heal|p1b: Tyranitar|98/100|[from] Grassy Terrain
|-heal|p2b: no fake out|41/100|[from] Grassy Terrain
|upkeep
|
|t:|1756233364
|switch|p2a: instakill button|Ursaluna-Bloodmoon, L50, M|100/100
|turn|8
|
|t:|1756233371
|move|p2a: instakill button|Earth Power|p1b: Tyranitar
|-supereffective|p1b: Tyranitar
|-damage|p1b: Tyranitar|28/100
|-damage|p2a: instakill button|90/100|[from] item: Life Orb
|move|p2b: no fake out|Hyper Voice|p1b: Tyranitar
|-resisted|p1b: Tyranitar
|-damage|p1b: Tyranitar|16/100
|move|p1b: Tyranitar|Low Kick|p2a: instakill button
|-supereffective|p2a: instakill button
|-damage|p2a: instakill button|28/100
|
|-heal|p2a: instakill button|34/100|[from] Grassy Terrain
|-heal|p1b: Tyranitar|22/100|[from] Grassy Terrain
|-heal|p2b: no fake out|47/100|[from] Grassy Terrain
|upkeep
|turn|9
|
|t:|1756233379
|move|p2a: instakill button|Earth Power|p1b: Tyranitar
|-supereffective|p1b: Tyranitar
|-damage|p1b: Tyranitar|0 fnt
|faint|p1b: Tyranitar
|-damage|p2a: instakill button|24/100|[from] item: Life Orb
|
|win|ParroTiest
|raw|fanman64's rating: 1117 → 1096(-21 for losing)
|raw|ParroTiest's rating: 1166 → 1187(+21 for winning)
|c|☆ParroTiest|gg
