|j|☆vgcbeta
|j|☆ranakos
|html|vgcbetaranakos    
|uhtml|bestof|Game 1 of a best-of-3
|t:|1756487049
|gametype|doubles
|player|p1|vgcbeta|sada|
|player|p2|ranakos|scientist-gen4|
|gen|9
|tier|[Gen 9] VGC 2025 Reg H (Bo3)
|rule|Species Clause: Limit one of each Pokémon
|rule|Item Clause: Limit 1 of each item
|clearpoke
|poke|p1|Talonflame, L50, F|
|poke|p1|Garchomp, L50, F|
|poke|p1|Gholdengo, L50|
|poke|p1|Milotic, L50, M|
|poke|p1|Tyranitar, L50, M|
|poke|p1|Amoonguss, L50, M|
|poke|p2|Gholdengo, L50|
|poke|p2|Rillaboom, L50, M|
|poke|p2|Dragapult, L50, M|
|poke|p2|Electabuzz, L50, M|
|poke|p2|Volcarona, L50, F|
|poke|p2|Gyarados, L50, F|
|teampreview|4
|showteam|p1|Talonflame||CovertCloak|GaleWings|Taunt,WillOWisp,BraveBird,Tailwind|||F|||50|,,,,,Grass]Garchomp||LifeOrb|RoughSkin|Earthquake,DragonClaw,StompingTantrum,Protect|||F|||50|,,,,,Fairy]Gholdengo||ChoiceSpecs|GoodasGold|MakeItRain,ShadowBall,PowerGem,Thunderbolt||||||50|,,,,,Steel]Milotic||SafetyGoggles|Competitive|Scald,IcyWind,Haze,Protect|||M|||50|,,,,,Dragon]Tyranitar||AssaultVest|SandStream|RockSlide,LowKick,TeraBlast,KnockOff|||M|||50|,,,,,Flying]Amoonguss||SitrusBerry|Regenerator|RagePowder,Spore,PollenPuff,ClearSmog|||M|||50|,,,,,Water
|showteam|p2|Gholdengo||ChoiceScarf|GoodasGold|MakeItRain,ShadowBall,PowerGem,Trick||||||50|,,,,,Steel]Rillaboom||AssaultVest|GrassySurge|FakeOut,WoodHammer,Uturn,GrassyGlide|||M|||50|,,,,,Fire]Dragapult||ChoiceBand|ClearBody|DragonDarts,DragonClaw,PhantomForce,Uturn|||M|||50|,,,,,Dragon]Electabuzz||Eviolite|Static|Electroweb,Taunt,FollowMe,Protect|||M|||50|,,,,,Electric]Volcarona||Leftovers|FlameBody|HeatWave,QuiverDance,Protect,GigaDrain|||F|||50|,,,,,Grass]Gyarados||SafetyGoggles|Intimidate|Waterfall,Taunt,ThunderWave,Protect|||F|||50|,,,,,Grass
|inactive|Battle timer is ON: inactive players will automatically lose when time's up. (requested by ranakos)
|inactive|vgcbeta has 60 seconds left.
|inactive|ranakos has 60 seconds left.
|
|t:|1756487126
|teamsize|p1|4
|teamsize|p2|4
|start
|switch|p1a: Garchomp|Garchomp, L50, F|100/100
|switch|p1b: Talonflame|Talonflame, L50, F|100/100
|switch|p2a: Big Jerry|Rillaboom, L50, M|100/100
|switch|p2b: Volcarona|Volcarona, L50, F, shiny|100/100
|-fieldstart|move: Grassy Terrain|[from] ability: Grassy Surge|[of] p2a: Big Jerry
|turn|1
|inactive|vgcbeta has 30 seconds left.
|inactive|ranakos has 30 seconds left.
|inactive|vgcbeta has 20 seconds left.
|inactive|ranakos has 20 seconds left.
|
|t:|1756487165
|switch|p1a: Tyranitar|Tyranitar, L50, M|100/100
|-weather|Sandstorm|[from] ability: Sand Stream|[of] p1a: Tyranitar
|switch|p2b: Gyarados|Gyarados, L50, F|100/100
|-ability|p2b: Gyarados|Intimidate|boost
|-unboost|p1a: Tyranitar|atk|1
|-unboost|p1b: Talonflame|atk|1
|move|p1b: Talonflame|Taunt|p2b: Gyarados
|-start|p2b: Gyarados|move: Taunt
|move|p2a: Big Jerry|U-turn|p1b: Talonflame
|-resisted|p1b: Talonflame
|-damage|p1b: Talonflame|91/100
|
|t:|1756487179
|switch|p2a: Gholdengo|Gholdengo, L50|100/100|[from] U-turn
|
|-weather|Sandstorm|[upkeep]
|-damage|p1b: Talonflame|85/100|[from] Sandstorm
|upkeep
|turn|2
|inactive|vgcbeta has 30 seconds left.
|inactive|vgcbeta has 20 seconds left.
|inactive|vgcbeta has 15 seconds left.
|inactive|vgcbeta has 10 seconds left.
|
|t:|1756487228
|-terastallize|p2a: Gholdengo|Steel
|-terastallize|p1a: Tyranitar|Flying
|move|p2a: Gholdengo|Make It Rain|p1a: Tyranitar|[spread] p1a,p1b
|-resisted|p1b: Talonflame
|-damage|p1a: Tyranitar|63/100
|-damage|p1b: Talonflame|34/100
|-unboost|p2a: Gholdengo|spa|1
|move|p1b: Talonflame|Will-O-Wisp|p2b: Gyarados
|-status|p2b: Gyarados|brn
|move|p2b: Gyarados|Waterfall|p1a: Tyranitar
|-damage|p1a: Tyranitar|47/100
|move|p1a: Tyranitar|Knock Off|p2a: Gholdengo
|-damage|p2a: Gholdengo|60/100
|-enditem|p2a: Gholdengo|Choice Scarf|[from] move: Knock Off|[of] p1a: Tyranitar
|
|-weather|Sandstorm|[upkeep]
|-damage|p1b: Talonflame|28/100|[from] Sandstorm
|-damage|p1a: Tyranitar|41/100|[from] Sandstorm
|-heal|p2a: Gholdengo|66/100|[from] Grassy Terrain
|-damage|p2b: Gyarados|94/100 brn|[from] brn
|upkeep
|turn|3
|inactive|vgcbeta has 30 seconds left.
|inactive|ranakos has 30 seconds left.
|inactive|vgcbeta has 20 seconds left.
|inactive|ranakos has 20 seconds left.
|
|t:|1756487266
|switch|p1a: Gholdengo|Gholdengo, L50|100/100
|move|p1b: Talonflame|Tailwind|p1b: Talonflame
|-sidestart|p1: vgcbeta|move: Tailwind
|move|p2a: Gholdengo|Make It Rain|p1a: Gholdengo|[spread] p1a,p1b
|-resisted|p1a: Gholdengo
|-resisted|p1b: Talonflame
|-damage|p1a: Gholdengo|74/100
|-damage|p1b: Talonflame|0 fnt
|-unboost|p2a: Gholdengo|spa|1
|faint|p1b: Talonflame
|move|p2b: Gyarados|Waterfall|p1a: Gholdengo
|-damage|p1a: Gholdengo|52/100
|
|-weather|Sandstorm|[upkeep]
|-heal|p1a: Gholdengo|58/100|[from] Grassy Terrain
|-heal|p2a: Gholdengo|72/100|[from] Grassy Terrain
|-damage|p2b: Gyarados|88/100 brn|[from] brn
|-end|p2b: Gyarados|move: Taunt
|upkeep
|inactive|vgcbeta has 30 seconds left.
|
|t:|1756487292
|switch|p1b: Garchomp|Garchomp, L50, F|100/100
|turn|4
|inactive|ranakos has 30 seconds left.
|inactive|vgcbeta has 30 seconds left.
|
|t:|1756487327
|switch|p2a: Big Jerry|Rillaboom, L50, M|100/100
|move|p1b: Garchomp|Stomping Tantrum|p2a: Big Jerry
|-resisted|p2a: Big Jerry
|-crit|p2a: Big Jerry
|-damage|p2a: Big Jerry|63/100
|-damage|p1b: Garchomp|91/100|[from] item: Life Orb
|move|p1a: Gholdengo|Power Gem|p2b: Gyarados
|-supereffective|p2b: Gyarados
|-damage|p2b: Gyarados|26/100 brn
|move|p2b: Gyarados|Waterfall|p1a: Gholdengo
|-damage|p1a: Gholdengo|34/100
|
|-weather|Sandstorm|[upkeep]
|-damage|p2a: Big Jerry|57/100|[from] Sandstorm
|-heal|p1b: Garchomp|97/100|[from] Grassy Terrain
|-heal|p1a: Gholdengo|40/100|[from] Grassy Terrain
|-heal|p2a: Big Jerry|63/100|[from] Grassy Terrain
|-damage|p2b: Gyarados|19/100 brn|[from] brn
|upkeep
|turn|5
|inactive|vgcbeta has 30 seconds left.
|
|t:|1756487358
|switch|p1a: Tyranitar|Tyranitar, L50, M, tera:Flying|41/100
|switch|p2b: Gholdengo|Gholdengo, L50, tera:Steel|72/100
|move|p2a: Big Jerry|Fake Out|p1b: Garchomp
|-damage|p1b: Garchomp|81/100
|-damage|p2a: Big Jerry|51/100|[from] ability: Rough Skin|[of] p1b: Garchomp
|cant|p1b: Garchomp|flinch
|
|-weather|none
|-heal|p1b: Garchomp|87/100|[from] Grassy Terrain
|-heal|p2b: Gholdengo|78/100|[from] Grassy Terrain
|-heal|p2a: Big Jerry|57/100|[from] Grassy Terrain
|-fieldend|move: Grassy Terrain
|upkeep
|turn|6
|inactive|vgcbeta has 30 seconds left.
|inactive|ranakos has 30 seconds left.
|
|t:|1756487388
|switch|p2b: Gyarados|Gyarados, L50, F|19/100 brn
|-ability|p2b: Gyarados|Intimidate|boost
|-unboost|p1a: Tyranitar|atk|1
|-unboost|p1b: Garchomp|atk|1
|switch|p2a: Volcarona|Volcarona, L50, F, shiny|100/100
|move|p1b: Garchomp|Dragon Claw|p2a: Volcarona
|-damage|p2a: Volcarona|60/100
|-damage|p1b: Garchomp|77/100|[from] item: Life Orb
|move|p1a: Tyranitar|Knock Off|p2a: Volcarona
|-damage|p2a: Volcarona|19/100
|-status|p1a: Tyranitar|brn|[from] ability: Flame Body|[of] p2a: Volcarona
|-enditem|p2a: Volcarona|Leftovers|[from] move: Knock Off|[of] p1a: Tyranitar
|
|-damage|p1a: Tyranitar|35/100 brn|[from] brn
|-damage|p2b: Gyarados|13/100 brn|[from] brn
|-sideend|p1: vgcbeta|move: Tailwind
|upkeep
|turn|7
|inactive|ranakos has 30 seconds left.
|
|t:|1756487414
|switch|p2b: Big Jerry|Rillaboom, L50, M|57/100
|-fieldstart|move: Grassy Terrain|[from] ability: Grassy Surge|[of] p2b: Big Jerry
|move|p2a: Volcarona|Protect|p2a: Volcarona
|-singleturn|p2a: Volcarona|Protect
|move|p1b: Garchomp|Dragon Claw|p2a: Volcarona
|-activate|p2a: Volcarona|move: Protect
|move|p1a: Tyranitar|Rock Slide|p2b: Big Jerry|[spread] p2b
|-activate|p2a: Volcarona|move: Protect
|-damage|p2b: Big Jerry|47/100
|
|-heal|p1b: Garchomp|83/100|[from] Grassy Terrain
|-heal|p2a: Volcarona|25/100|[from] Grassy Terrain
|-heal|p2b: Big Jerry|52/100|[from] Grassy Terrain
|-damage|p1a: Tyranitar|29/100 brn|[from] brn
|upkeep
|turn|8
|
|t:|1756487440
|switch|p1b: Gholdengo|Gholdengo, L50|40/100
|move|p2b: Big Jerry|Fake Out|p1b: Gholdengo
|-immune|p1b: Gholdengo
|move|p2a: Volcarona|Heat Wave|p1b: Gholdengo|[spread] p1a,p1b
|-supereffective|p1b: Gholdengo
|-crit|p1b: Gholdengo
|-damage|p1a: Tyranitar|10/100 brn
|-damage|p1b: Gholdengo|0 fnt
|faint|p1b: Gholdengo
|move|p1a: Tyranitar|Rock Slide|p2b: Big Jerry|[spread] p2a,p2b
|-supereffective|p2a: Volcarona
|-damage|p2a: Volcarona|0 fnt
|-damage|p2b: Big Jerry|42/100
|faint|p2a: Volcarona
|
|-heal|p2b: Big Jerry|48/100|[from] Grassy Terrain
|-damage|p1a: Tyranitar|4/100 brn|[from] brn
|upkeep
|inactive|ranakos has 30 seconds left.
|
|t:|1756487465
|switch|p1b: Garchomp|Garchomp, L50, F|83/100
|switch|p2a: Gholdengo|Gholdengo, L50, tera:Steel|78/100
|turn|9
|
|t:|1756487490
|switch|p2a: Gyarados|Gyarados, L50, F|13/100 brn
|-ability|p2a: Gyarados|Intimidate|boost
|-unboost|p1a: Tyranitar|atk|1
|-unboost|p1b: Garchomp|atk|1
|move|p2b: Big Jerry|Grassy Glide|p1a: Tyranitar
|-resisted|p1a: Tyranitar
|-damage|p1a: Tyranitar|0 fnt
|faint|p1a: Tyranitar
|move|p1b: Garchomp|Dragon Claw|p2b: Big Jerry
|-damage|p2b: Big Jerry|13/100
|-damage|p1b: Garchomp|73/100|[from] item: Life Orb
|
|-heal|p1b: Garchomp|79/100|[from] Grassy Terrain
|-heal|p2b: Big Jerry|19/100|[from] Grassy Terrain
|-damage|p2a: Gyarados|7/100 brn|[from] brn
|upkeep
|turn|10
|
|t:|1756487517
|switch|p2a: Gholdengo|Gholdengo, L50, tera:Steel|78/100
|move|p1b: Garchomp|Protect|p1b: Garchomp
|-singleturn|p1b: Garchomp|Protect
|move|p2b: Big Jerry|U-turn|p1b: Garchomp
|-activate|p1b: Garchomp|move: Protect
|
|-heal|p1b: Garchomp|85/100|[from] Grassy Terrain
|-heal|p2a: Gholdengo|85/100|[from] Grassy Terrain
|-heal|p2b: Big Jerry|25/100|[from] Grassy Terrain
|upkeep
|turn|11
|
|t:|1756487531
|switch|p2b: Gyarados|Gyarados, L50, F|7/100 brn
|-ability|p2b: Gyarados|Intimidate|boost
|-unboost|p1b: Garchomp|atk|1
|move|p1b: Garchomp|Earthquake|p2a: Gholdengo|[spread] p2a
|-immune|p2b: Gyarados
|-supereffective|p2a: Gholdengo
|-damage|p2a: Gholdengo|56/100
|-damage|p1b: Garchomp|75/100|[from] item: Life Orb
|move|p2a: Gholdengo|Make It Rain|p1b: Garchomp
|-damage|p1b: Garchomp|0 fnt
|-unboost|p2a: Gholdengo|spa|1
|faint|p1b: Garchomp
|
|win|ranakos
||vgcbeta is ready for game 2.
|inactive|ranakos has 29 seconds to confirm battle start!
||ranakos is ready for game 2.
|uhtml|next|Next: Game 2 of 3
