|j|☆chrispygreens
|j|☆RKD_544
|html|chrispygreensRKD_544    
|uhtml|bestof|Game 2 of a best-of-3
|t:|1757075091
|gametype|doubles
|player|p1|chrispygreens|palmer|1065
|player|p2|RKD_544|blackbelt-gen4dp|1030
|gen|9
|tier|[Gen 9] VGC 2025 Reg H (Bo3)
|rated|
|rule|Species Clause: Limit one of each Pokémon
|rule|Item Clause: Limit 1 of each item
|clearpoke
|poke|p1|Incineroar, L50, M|
|poke|p1|Amoonguss, L50, M|
|poke|p1|Archaludon, L50, M|
|poke|p1|Blaziken, L50, F|
|poke|p1|Salamence, L50, F|
|poke|p1|Grimmsnarl, L50, M|
|poke|p2|Porygon-Z, L50|
|poke|p2|Magmar, L50, M|
|poke|p2|Sneasler, L50, F|
|poke|p2|Garchomp, L50, M|
|poke|p2|Vikavolt, L50, F|
|poke|p2|Whimsicott, L50, M|
|teampreview|4
|showteam|p1|Incineroar||SafetyGoggles|Intimidate|FlareBlitz,FakeOut,KnockOff,PartingShot|||M|||50|,,,,,Bug]Amoonguss||Leftovers|Regenerator|Spore,SludgeBomb,RagePowder,GigaDrain|||M|||50|,,,,,Dark]Archaludon||PowerHerb|Stamina|ElectroShot,DragonPulse,BodyPress,FlashCannon|||M|||50|,,,,,Fighting]Blaziken||LifeOrb|SpeedBoost|FlareBlitz,BraveBird,CloseCombat,Protect|||F|||50|,,,,,Flying]Salamence||EjectButton|Intimidate|IronHead,DualWingbeat,Outrage,Tailwind|||F|||50|,,,,,Steel]Grimmsnarl||LightClay|Prankster|LightScreen,Reflect,SpiritBreak,Taunt|||M|||50|,,,,,Fairy
|showteam|p2|Porygon-Z||ChoiceSpecs|Adaptability|TeraBlast,IceBeam,Thunderbolt,ShadowBall||||||50|,,,,,Fighting]Magmar||Eviolite|VitalSpirit|FollowMe,Flamethrower,ClearSmog,HelpingHand|||M|||50|,,,,,Grass]Sneasler||LifeOrb|PoisonTouch|DireClaw,CloseCombat,ThroatChop,Protect|||F|||50|,,,,,Stellar]Garchomp||ClearAmulet|RoughSkin|StompingTantrum,Earthquake,DragonClaw,Protect|||M|||50|,,,,,Ground]Vikavolt||ThroatSpray|Levitate|BugBuzz,Thunderbolt,Protect,VoltSwitch|||F|||50|,,,,,Electric]Whimsicott||FocusSash|Prankster|Tailwind,Moonblast,Encore,FakeTears|||M|||50|,,,,,Grass
|inactive|Battle timer is ON: inactive players will automatically lose when time's up. (requested by RKD_544)
|
|t:|1757075115
|teamsize|p1|4
|teamsize|p2|4
|start
|switch|p1a: Archaludon|Archaludon, L50, M|100/100
|switch|p1b: Amoonguss|Amoonguss, L50, M|100/100
|switch|p2a: Magmar|Magmar, L50, M|100/100
|switch|p2b: Porygon-Z|Porygon-Z, L50|100/100
|turn|1
|
|t:|1757075135
|move|p2a: Magmar|Follow Me|p2a: Magmar
|-singleturn|p2a: Magmar|move: Follow Me
|move|p2b: Porygon-Z|Ice Beam|p1b: Amoonguss
|-supereffective|p1b: Amoonguss
|-damage|p1b: Amoonguss|3/100
|move|p1a: Archaludon|Electro Shot||[still]
|-prepare|p1a: Archaludon|Electro Shot
|-boost|p1a: Archaludon|spa|1
|-enditem|p1a: Archaludon|Power Herb
|-anim|p1a: Archaludon|Electro Shot|p2a: Magmar
|-damage|p2a: Magmar|53/100
|move|p1b: Amoonguss|Spore|p2a: Magmar
|-immune|p2a: Magmar|[from] ability: Vital Spirit
|
|-heal|p1b: Amoonguss|9/100|[from] item: Leftovers
|upkeep
|turn|2
|inactive|RKD_544 has 30 seconds left.
|inactive|RKD_544 has 20 seconds left.
|
|t:|1757075174
|switch|p2b: Sneasler|Sneasler, L50, F|100/100
|switch|p1b: Incineroar|Incineroar, L50, M|100/100
|-ability|p1b: Incineroar|Intimidate|boost
|-unboost|p2a: Magmar|atk|1
|-unboost|p2b: Sneasler|atk|1
|move|p1a: Archaludon|Dragon Pulse|p2a: Magmar
|-damage|p2a: Magmar|7/100
|move|p2a: Magmar|Flamethrower|p1b: Incineroar
|-resisted|p1b: Incineroar
|-damage|p1b: Incineroar|85/100
|
|upkeep
|turn|3
|
|t:|1757075199
|switch|p2a: Whimsicott|Whimsicott, L50, M|100/100
|move|p2b: Sneasler|Protect|p2b: Sneasler
|-singleturn|p2b: Sneasler|Protect
|move|p1b: Incineroar|Fake Out|p2b: Sneasler
|-activate|p2b: Sneasler|move: Protect
|move|p1a: Archaludon|Dragon Pulse|p2a: Whimsicott
|-immune|p2a: Whimsicott
|
|upkeep
|turn|4
|inactive|RKD_544 has 30 seconds left.
|
|t:|1757075232
|move|p2a: Whimsicott|Tailwind|p2a: Whimsicott
|-sidestart|p2: RKD_544|move: Tailwind
|move|p2b: Sneasler|Close Combat|p1a: Archaludon
|-supereffective|p1a: Archaludon
|-damage|p1a: Archaludon|6/100
|-unboost|p2b: Sneasler|def|1
|-unboost|p2b: Sneasler|spd|1
|-ability|p1a: Archaludon|Stamina|boost
|-boost|p1a: Archaludon|def|1
|-damage|p2b: Sneasler|91/100|[from] item: Life Orb
|move|p1a: Archaludon|Flash Cannon|p2a: Whimsicott
|-supereffective|p2a: Whimsicott
|-enditem|p2a: Whimsicott|Focus Sash
|-damage|p2a: Whimsicott|1/100
|move|p1b: Incineroar|Flare Blitz|p2b: Sneasler
|-damage|p2b: Sneasler|0 fnt
|faint|p2b: Sneasler
|-damage|p1b: Incineroar|62/100|[from] Recoil
|
|upkeep
|
|t:|1757075250
|switch|p2b: Porygon-Z|Porygon-Z, L50|100/100
|turn|5
|
|t:|1757075261
|-terastallize|p2b: Porygon-Z|Fighting
|move|p2a: Whimsicott|Moonblast|p1a: Archaludon
|-damage|p1a: Archaludon|0 fnt
|faint|p1a: Archaludon
|move|p2b: Porygon-Z|Tera Blast|p1b: Incineroar|[anim] Tera Blast Fighting
|-supereffective|p1b: Incineroar
|-damage|p1b: Incineroar|0 fnt
|faint|p1b: Incineroar
|
|upkeep
|
|t:|1757075270
|switch|p1a: Salamence|Salamence, L50, F|100/100
|switch|p1b: Amoonguss|Amoonguss, L50, M|42/100
|-ability|p1a: Salamence|Intimidate|boost
|-unboost|p2a: Whimsicott|atk|1
|-unboost|p2b: Porygon-Z|atk|1
|turn|6
|
|t:|1757075289
|switch|p2b: Magmar|Magmar, L50, M|7/100
|-terastallize|p1a: Salamence|Steel
|move|p2a: Whimsicott|Moonblast|p1a: Salamence
|-resisted|p1a: Salamence
|-damage|p1a: Salamence|78/100
|move|p1a: Salamence|Iron Head|p2a: Whimsicott
|-supereffective|p2a: Whimsicott
|-damage|p2a: Whimsicott|0 fnt
|faint|p2a: Whimsicott
|move|p1b: Amoonguss|Spore|p2b: Magmar
|-immune|p2b: Magmar|[from] ability: Vital Spirit
|
|-heal|p1b: Amoonguss|48/100|[from] item: Leftovers
|upkeep
|
|t:|1757075302
|switch|p2a: Porygon-Z|Porygon-Z, L50, tera:Fighting|100/100
|turn|7
|
|t:|1757075313
|move|p1b: Amoonguss|Rage Powder|p1b: Amoonguss
|-singleturn|p1b: Amoonguss|move: Rage Powder
|move|p2a: Porygon-Z|Tera Blast|p1b: Amoonguss|[anim] Tera Blast Fighting
|-resisted|p1b: Amoonguss
|-damage|p1b: Amoonguss|6/100
|move|p2b: Magmar|Flamethrower|p1b: Amoonguss
|-supereffective|p1b: Amoonguss
|-damage|p1b: Amoonguss|0 fnt
|faint|p1b: Amoonguss
|move|p1a: Salamence|Dual Wingbeat|p2a: Porygon-Z
|-supereffective|p2a: Porygon-Z
|-damage|p2a: Porygon-Z|37/100
|-supereffective|p2a: Porygon-Z
|-damage|p2a: Porygon-Z|0 fnt
|faint|p2a: Porygon-Z
|-hitcount|p2: Porygon-Z|2
|
|-sideend|p2: RKD_544|move: Tailwind
|upkeep
|turn|8
|
|t:|1757075329
|move|p1a: Salamence|Dual Wingbeat|p2b: Magmar
|-damage|p2b: Magmar|0 fnt
|faint|p2b: Magmar
|-hitcount|p2: Magmar|1
|
|win|chrispygreens
|raw|chrispygreens's rating: 1065 → 1092(+27 for winning)
|raw|RKD_544's rating: 1030 → 1017(-13 for losing)
|c|☆RKD_544|gg
|l|☆RKD_544
|player|p2|
|c|☆chrispygreens|ggs
