|j|☆DrXJ13
|j|☆oscraft89
|html|DrXJ13oscraft89    
|uhtml|bestof|Game 3 of a best-of-3
|t:|1757246706
|gametype|doubles
|player|p1|DrXJ13|2|1112
|player|p2|oscraft89|265|1169
|gen|9
|tier|[Gen 9] VGC 2025 Reg H (Bo3)
|rated|
|rule|Species Clause: Limit one of each Pokémon
|rule|Item Clause: Limit 1 of each item
|clearpoke
|poke|p1|Sinistcha, L50|
|poke|p1|Ursaluna-Bloodmoon, L50, M|
|poke|p1|Incineroar, L50, F|
|poke|p1|Sneasler, L50, F|
|poke|p1|Dragonite, L50, F|
|poke|p1|Corviknight, L50, F|
|poke|p2|Porygon2, L50|
|poke|p2|Incineroar, L50, F|
|poke|p2|Jumpluff, L50, F|
|poke|p2|Charizard, L50, M|
|poke|p2|Ursaluna, L50, F|
|poke|p2|Torkoal, L50, M|
|teampreview|4
|showteam|p1|Sinistcha||RockyHelmet|Hospitality|MatchaGotcha,ShadowBall,TrickRoom,RagePowder||||||50|,,,,,Water]Ursaluna-Bloodmoon||Leftovers|MindsEye|HyperVoice,EarthPower,CalmMind,Protect|||M|||50|,,,,,Water]Incineroar||SafetyGoggles|Intimidate|FakeOut,KnockOff,FlareBlitz,PartingShot|||F|||50|,,,,,Ghost]Sneasler||FocusSash|Unburden|Coaching,DireClaw,CloseCombat,Protect|||F|||50|,,,,,Stellar]Dragonite||LoadedDice|Multiscale|ScaleShot,ExtremeSpeed,Haze,Protect|||F|||50|,,,,,Fairy]Corviknight||CovertCloak|MirrorArmor|DualWingbeat,Tailwind,IronHead,Taunt|||F|||50|,,,,,Dragon
|showteam|p2|Porygon2||Eviolite|Download|TeraBlast,IceBeam,Recover,TrickRoom||||||50|,,,,,Fighting]Incineroar||SitrusBerry|Intimidate|FakeOut,FlareBlitz,KnockOff,PartingShot|||F|||50|,,,,,Ghost]Jumpluff||CovertCloak|Chlorophyll|SleepPowder,Tailwind,SunnyDay,RagePowder|||F|||50|,,,,,Water]Charizard||ChoiceSpecs|SolarPower|HeatWave,WeatherBall,DragonPulse,Overheat|||M|||50|,,,,,Ghost]Ursaluna||FlameOrb|Guts|Protect,Earthquake,HeadlongRush,Facade|||F|||50|,,,,,Ghost]Torkoal||EjectPack|Drought|Eruption,Overheat,HelpingHand,Protect|||M|||50|,,,,,Fire
|inactive|Battle timer is ON: inactive players will automatically lose when time's up. (requested by DrXJ13)
|
|t:|1757246722
|teamsize|p1|4
|teamsize|p2|4
|start
|switch|p1a: Toño|Incineroar, L50, F|100/100
|switch|p1b: Onichan|Dragonite, L50, F|100/100
|switch|p2a: Jumpluff|Jumpluff, L50, F|100/100
|switch|p2b: Incineroar|Incineroar, L50, F|100/100
|-ability|p1a: Toño|Intimidate|boost
|-unboost|p2a: Jumpluff|atk|1
|-unboost|p2b: Incineroar|atk|1
|-ability|p2b: Incineroar|Intimidate|boost
|-unboost|p1a: Toño|atk|1
|-unboost|p1b: Onichan|atk|1
|turn|1
|
|t:|1757246742
|move|p1b: Onichan|Protect|p1b: Onichan
|-singleturn|p1b: Onichan|Protect
|move|p2b: Incineroar|Fake Out|p1a: Toño
|-damage|p1a: Toño|93/100
|move|p2a: Jumpluff|Sleep Powder|p1b: Onichan
|-activate|p1b: Onichan|move: Protect
|cant|p1a: Toño|flinch
|
|upkeep
|turn|2
|
|t:|1757246749
|move|p1b: Onichan|Extreme Speed|p2a: Jumpluff
|-damage|p2a: Jumpluff|77/100
|move|p2a: Jumpluff|Sleep Powder|p1b: Onichan
|-status|p1b: Onichan|slp|[from] move: Sleep Powder
|move|p1a: Toño|Flare Blitz|p2a: Jumpluff
|-supereffective|p2a: Jumpluff
|-damage|p2a: Jumpluff|9/100
|-damage|p1a: Toño|74/100|[from] Recoil
|move|p2b: Incineroar|Parting Shot|p1a: Toño
|-unboost|p1a: Toño|atk|1
|-unboost|p1a: Toño|spa|1
|
|t:|1757246761
|switch|p2b: Charizard|Charizard, L50, M|100/100|[from] Parting Shot
|
|upkeep
|turn|3
|
|t:|1757246774
|switch|p2a: Torkoal|Torkoal, L50, M|100/100
|-weather|SunnyDay|[from] ability: Drought|[of] p2a: Torkoal
|move|p2b: Charizard|Weather Ball|p1a: Toño
|-resisted|p1a: Toño
|-damage|p1a: Toño|11/100
|cant|p1b: Onichan|slp
|move|p1a: Toño|Flare Blitz|p2a: Torkoal
|-resisted|p2a: Torkoal
|-damage|p2a: Torkoal|87/100
|-damage|p1a: Toño|7/100|[from] Recoil
|
|-weather|SunnyDay|[upkeep]
|-damage|p2b: Charizard|88/100|[from] ability: Solar Power|[of] p2b: Charizard
|upkeep
|turn|4
|inactive|DrXJ13 has 30 seconds left.
|
|t:|1757246805
|move|p2b: Charizard|Weather Ball|p1b: Onichan
|-resisted|p1b: Onichan
|-damage|p1b: Onichan|57/100 slp
|cant|p1b: Onichan|slp
|move|p1a: Toño|Parting Shot|p2a: Torkoal
|-unboost|p2a: Torkoal|atk|1
|-unboost|p2a: Torkoal|spa|1
|
|t:|1757246813
|switch|p1a: Wellington|Ursaluna-Bloodmoon, L50, M|100/100|[from] Parting Shot
|move|p2a: Torkoal|Overheat|p1b: Onichan
|-resisted|p1b: Onichan
|-damage|p1b: Onichan|30/100 slp
|-unboost|p2a: Torkoal|spa|2
|-enditem|p2a: Torkoal|Eject Pack
|
|t:|1757246820
|switch|p2a: Jumpluff|Jumpluff, L50, F|9/100
|
|-weather|SunnyDay|[upkeep]
|-damage|p2b: Charizard|76/100|[from] ability: Solar Power|[of] p2b: Charizard
|upkeep
|turn|5
|
|t:|1757246830
|switch|p2a: Incineroar|Incineroar, L50, F|100/100
|-ability|p2a: Incineroar|Intimidate|boost
|-unboost|p1a: Wellington|atk|1
|-unboost|p1b: Onichan|atk|1
|switch|p1a: Toño|Incineroar, L50, F|7/100
|-ability|p1a: Toño|Intimidate|boost
|-unboost|p2a: Incineroar|atk|1
|-unboost|p2b: Charizard|atk|1
|cant|p1b: Onichan|slp
|move|p2b: Charizard|Weather Ball|p1a: Toño
|-resisted|p1a: Toño
|-damage|p1a: Toño|0 fnt
|faint|p1a: Toño
|
|-weather|SunnyDay|[upkeep]
|-damage|p2b: Charizard|63/100|[from] ability: Solar Power|[of] p2b: Charizard
|upkeep
|
|t:|1757246834
|switch|p1a: Wellington|Ursaluna-Bloodmoon, L50, M|100/100
|turn|6
|
|t:|1757246843
|-curestatus|p1b: Onichan|slp|[msg]
|move|p1b: Onichan|Protect|p1b: Onichan
|-singleturn|p1b: Onichan|Protect
|move|p1a: Wellington|Protect|p1a: Wellington
|-singleturn|p1a: Wellington|Protect
|move|p2a: Incineroar|Fake Out|p1a: Wellington
|-activate|p1a: Wellington|move: Protect
|move|p2b: Charizard|Weather Ball|p1b: Onichan
|-activate|p1b: Onichan|move: Protect
|
|-weather|SunnyDay|[upkeep]
|-damage|p2b: Charizard|51/100|[from] ability: Solar Power|[of] p2b: Charizard
|upkeep
|turn|7
|inactive|DrXJ13 has 30 seconds left.
|inactive|DrXJ13 has 20 seconds left.
|
|t:|1757246883
|-terastallize|p1a: Wellington|Water
|move|p2b: Charizard|Weather Ball|p1b: Onichan
|-resisted|p1b: Onichan
|-damage|p1b: Onichan|0 fnt
|faint|p1b: Onichan
|move|p2a: Incineroar|Parting Shot|p1a: Wellington
|-unboost|p1a: Wellington|atk|1
|-unboost|p1a: Wellington|spa|1
|
|t:|1757246897
|switch|p2a: Torkoal|Torkoal, L50, M|87/100|[from] Parting Shot
|move|p1a: Wellington|Hyper Voice|p2a: Torkoal|[spread] p2a,p2b
|-damage|p2a: Torkoal|54/100
|-damage|p2b: Charizard|16/100
|
|-weather|none
|upkeep
|
|t:|1757246903
|switch|p1b: Tuex|Sneasler, L50, F|100/100
|turn|8
|
|t:|1757246909
|switch|p2b: Incineroar|Incineroar, L50, F|100/100
|-ability|p2b: Incineroar|Intimidate|boost
|-unboost|p1a: Wellington|atk|1
|-unboost|p1b: Tuex|atk|1
|move|p2a: Torkoal|Protect|p2a: Torkoal
|-singleturn|p2a: Torkoal|Protect
|move|p1b: Tuex|Dire Claw|p2b: Incineroar
|-damage|p2b: Incineroar|75/100
|-status|p2b: Incineroar|slp
|move|p1a: Wellington|Earth Power|p2a: Torkoal
|-activate|p2a: Torkoal|move: Protect
|
|upkeep
|turn|9
|
|t:|1757246931
|switch|p2a: Charizard|Charizard, L50, M|16/100
|-terastallize|p2b: Incineroar|Ghost
|move|p1b: Tuex|Dire Claw|p2a: Charizard
|-damage|p2a: Charizard|0 fnt
|faint|p2a: Charizard
|cant|p2b: Incineroar|slp
|move|p1a: Wellington|Hyper Voice|p2b: Incineroar
|-damage|p2b: Incineroar|41/100 slp
|-enditem|p2b: Incineroar|Sitrus Berry|[eat]
|-heal|p2b: Incineroar|65/100 slp|[from] item: Sitrus Berry
|
|upkeep
|
|t:|1757246951
|switch|p2a: Jumpluff|Jumpluff, L50, F|9/100
|turn|10
|
|t:|1757246960
|switch|p2b: Torkoal|Torkoal, L50, M|54/100
|-weather|SunnyDay|[from] ability: Drought|[of] p2b: Torkoal
|move|p2a: Jumpluff|Sleep Powder|p1a: Wellington
|-status|p1a: Wellington|slp|[from] move: Sleep Powder
|move|p1b: Tuex|Dire Claw|p2a: Jumpluff
|-supereffective|p2a: Jumpluff
|-damage|p2a: Jumpluff|0 fnt
|faint|p2a: Jumpluff
|cant|p1a: Wellington|slp
|
|-weather|SunnyDay|[upkeep]
|upkeep
|
|t:|1757246967
|switch|p2a: Incineroar|Incineroar, L50, F, tera:Ghost|65/100 slp
|-ability|p2a: Incineroar|Intimidate|boost
|-unboost|p1a: Wellington|atk|1
|-unboost|p1b: Tuex|atk|1
|turn|11
|
|t:|1757246972
|move|p1b: Tuex|Protect|p1b: Tuex
|-singleturn|p1b: Tuex|Protect
|cant|p2a: Incineroar|slp
|cant|p1a: Wellington|slp
|move|p2b: Torkoal|Eruption|p1b: Tuex|[spread] p1a
|-activate|p1b: Tuex|move: Protect
|-resisted|p1a: Wellington
|-damage|p1a: Wellington|83/100 slp
|
|-weather|SunnyDay|[upkeep]
|-heal|p1a: Wellington|89/100 slp|[from] item: Leftovers
|upkeep
|turn|12
|
|t:|1757246978
|move|p1b: Tuex|Dire Claw|p2b: Torkoal
|-damage|p2b: Torkoal|39/100
|-status|p2b: Torkoal|par
|-curestatus|p2a: Incineroar|slp|[msg]
|move|p2a: Incineroar|Knock Off|p1a: Wellington
|-damage|p1a: Wellington|53/100 slp
|-enditem|p1a: Wellington|Leftovers|[from] move: Knock Off|[of] p2a: Incineroar
|-curestatus|p1a: Wellington|slp|[msg]
|move|p1a: Wellington|Hyper Voice|p2a: Incineroar|[spread] p2a,p2b
|-crit|p2a: Incineroar
|-crit|p2b: Torkoal
|-damage|p2a: Incineroar|15/100
|-damage|p2b: Torkoal|0 fnt
|faint|p2b: Torkoal
|
|-weather|SunnyDay|[upkeep]
|upkeep
|turn|13
|
|t:|1757247001
|move|p1b: Tuex|Dire Claw|p2a: Incineroar
|-resisted|p2a: Incineroar
|-damage|p2a: Incineroar|6/100
|-status|p2a: Incineroar|par
|move|p1a: Wellington|Hyper Voice|p2a: Incineroar
|-damage|p2a: Incineroar|0 fnt
|faint|p2a: Incineroar
|
|win|DrXJ13
|raw|DrXJ13's rating: 1112 → 1141(+29 for winning)
|raw|oscraft89's rating: 1169 → 1140(-29 for losing)
|l|☆oscraft89
|player|p2|
