|j|☆magmastormvgc
|j|☆chefbenboyrd
|html|magmastormvgcchefbenboyrd    
|uhtml|bestof|Game 1 of a best-of-3
|t:|1757701233
|gametype|doubles
|player|p1|magmastormvgc|101|1133
|player|p2|chefbenboyrd|brawly|1182
|gen|9
|tier|[Gen 9] VGC 2025 Reg H (Bo3)
|rated|
|rule|Species Clause: Limit one of each Pokémon
|rule|Item Clause: Limit 1 of each item
|clearpoke
|poke|p1|Dragonite, L50, M|
|poke|p1|Gholdengo, L50|
|poke|p1|Ursaluna-Bloodmoon, L50, M|
|poke|p1|Annihilape, L50, F|
|poke|p1|Maushold-Four, L50|
|poke|p1|Rillaboom, L50, M|
|poke|p2|Whimsicott, L50, M|
|poke|p2|Indeedee, L50, M|
|poke|p2|Ursaluna-Bloodmoon, L50, M|
|poke|p2|Incineroar, L50, F|
|poke|p2|Sneasler, L50, M|
|poke|p2|Garchomp, L50, M|
|teampreview|4
|showteam|p1|Dragonite||LoadedDice|Multiscale|ScaleShot,Tailwind,Haze,Protect|||M|||50|,,,,,Fairy]Gholdengo||LifeOrb|GoodasGold|MakeItRain,ShadowBall,NastyPlot,Protect||||||50|,,,,,Water]Ursaluna-Bloodmoon||AssaultVest|MindsEye|BloodMoon,EarthPower,HyperVoice,VacuumWave|||M|||50|,,,,,Water]Annihilape||SitrusBerry|Defiant|DrainPunch,RageFist,BulkUp,Protect|||F|||50|,,,,,Fire]Maushold-Four||FocusSash|FriendGuard|SuperFang,BeatUp,FollowMe,Protect||||||50|,,,,,Ghost]Rillaboom||MiracleSeed|GrassySurge|WoodHammer,GrassyGlide,HighHorsepower,FakeOut|||M|||50|,,,,,Fire
|showteam|p2|Whimsicott||CovertCloak|Prankster|SunnyDay,Encore,Tailwind,Moonblast|||M|||50|,,,,,Ghost]Indeedee||FocusSash|PsychicSurge|ExpandingForce,TrickRoom,HelpingHand,Protect|||M|||50|,,,,,Psychic]Ursaluna-Bloodmoon||LifeOrb|MindsEye|BloodMoon,HyperVoice,EarthPower,Protect|||M|||50|,,,,,Normal]Incineroar||SafetyGoggles|Intimidate|FlareBlitz,KnockOff,PartingShot,FakeOut|||F|||50|,,,,,Ghost]Sneasler||PsychicSeed|Unburden|DireClaw,CloseCombat,ThroatChop,Protect|||M|||50|,,,,,Dark]Garchomp||ClearAmulet|RoughSkin|StompingTantrum,Earthquake,Protect,DragonClaw|||M|||50|,,,,,Steel
|inactive|Battle timer is ON: inactive players will automatically lose when time's up. (requested by chefbenboyrd)
|inactive|magmastormvgc has 60 seconds left.
|inactive|magmastormvgc has 30 seconds left.
|inactive|magmastormvgc has 20 seconds left.
|
|t:|1757701322
|teamsize|p1|4
|teamsize|p2|4
|start
|switch|p1a: Annihilape|Annihilape, L50, F|100/100
|switch|p1b: Maushold|Maushold-Four, L50|100/100
|switch|p2a: Incineroar|Incineroar, L50, F|100/100
|switch|p2b: Sneasler|Sneasler, L50, M|100/100
|-ability|p2a: Incineroar|Intimidate|boost
|-unboost|p1a: Annihilape|atk|1
|-ability|p1a: Annihilape|Defiant|boost
|-boost|p1a: Annihilape|atk|2
|-unboost|p1b: Maushold|atk|1
|turn|1
|inactive|magmastormvgc has 30 seconds left.
|inactive|chefbenboyrd has 30 seconds left.
|inactive|magmastormvgc has 20 seconds left.
|inactive|chefbenboyrd has 20 seconds left.
|inactive|magmastormvgc has 15 seconds left.
|inactive|chefbenboyrd has 15 seconds left.
|
|t:|1757701365
|-terastallize|p2a: Incineroar|Ghost
|move|p1b: Maushold|Protect|p1b: Maushold
|-singleturn|p1b: Maushold|Protect
|move|p1a: Annihilape|Protect|p1a: Annihilape
|-singleturn|p1a: Annihilape|Protect
|move|p2a: Incineroar|Fake Out|p1b: Maushold
|-activate|p1b: Maushold|move: Protect
|move|p2b: Sneasler|Close Combat|p1b: Maushold
|-activate|p1b: Maushold|move: Protect
|
|upkeep
|turn|2
|inactive|magmastormvgc has 30 seconds left.
|inactive|magmastormvgc has 20 seconds left.
|inactive|chefbenboyrd has 30 seconds left.
|
|t:|1757701412
|move|p1b: Maushold|Beat Up|p1a: Annihilape
|-damage|p1a: Annihilape|99/100
|-crit|p1a: Annihilape
|-damage|p1a: Annihilape|96/100
|-damage|p1a: Annihilape|94/100
|-damage|p1a: Annihilape|92/100
|-hitcount|p1a: Annihilape|4
|move|p2b: Sneasler|Dire Claw|p1b: Maushold
|-damage|p1b: Maushold|49/100
|-status|p1b: Maushold|slp
|move|p1a: Annihilape|Rage Fist|p2a: Incineroar
|-supereffective|p2a: Incineroar
|-damage|p2a: Incineroar|0 fnt
|faint|p2a: Incineroar
|
|upkeep
|
|t:|1757701417
|switch|p2a: Indeedee|Indeedee, L50, M|100/100
|-fieldstart|move: Psychic Terrain|[from] ability: Psychic Surge|[of] p2a: Indeedee
|-enditem|p2b: Sneasler|Psychic Seed
|-boost|p2b: Sneasler|spd|1|[from] item: Psychic Seed
|turn|3
|inactive|magmastormvgc has 30 seconds left.
|inactive|magmastormvgc has 20 seconds left.
|inactive|magmastormvgc has 15 seconds left.
|inactive|magmastormvgc has 10 seconds left.
|
|t:|1757701465
|-terastallize|p1a: Annihilape|Fire
|cant|p1b: Maushold|slp
|move|p2b: Sneasler|Dire Claw|p1b: Maushold
|-damage|p1b: Maushold|0 fnt
|faint|p1b: Maushold
|move|p2a: Indeedee|Expanding Force|p1a: Annihilape
|-damage|p1a: Annihilape|28/100
|-enditem|p1a: Annihilape|Sitrus Berry|[eat]
|-heal|p1a: Annihilape|53/100|[from] item: Sitrus Berry
|move|p1a: Annihilape|Drain Punch|p2b: Sneasler
|-resisted|p2b: Sneasler
|-damage|p2b: Sneasler|62/100
|-heal|p1a: Annihilape|68/100|[from] drain|[of] p2b: Sneasler
|
|upkeep
|
|t:|1757701490
|switch|p1b: Gholdengo|Gholdengo, L50|100/100
|turn|4
|inactive|magmastormvgc has 30 seconds left.
|
|t:|1757701518
|move|p2b: Sneasler|Throat Chop|p1a: Annihilape
|-damage|p1a: Annihilape|38/100
|-start|p1a: Annihilape|Throat Chop|[silent]
|move|p2a: Indeedee|Expanding Force|p1b: Gholdengo|[spread] p1a,p1b
|-resisted|p1b: Gholdengo
|-damage|p1a: Annihilape|0 fnt
|-damage|p1b: Gholdengo|75/100
|faint|p1a: Annihilape
|move|p1b: Gholdengo|Make It Rain|p2b: Sneasler|[spread] p2a,p2b
|-damage|p2a: Indeedee|14/100
|-damage|p2b: Sneasler|6/100
|-unboost|p1b: Gholdengo|spa|1
|-damage|p1b: Gholdengo|65/100|[from] item: Life Orb
|
|upkeep
|
|t:|1757701529
|switch|p1a: Dragonite|Dragonite, L50, M|100/100
|turn|5
|
|t:|1757701552
|move|p2a: Indeedee|Helping Hand|p2b: Sneasler
|-singleturn|p2b: Sneasler|Helping Hand|[of] p2a: Indeedee
|move|p2b: Sneasler|Throat Chop|p1b: Gholdengo
|-supereffective|p1b: Gholdengo
|-damage|p1b: Gholdengo|0 fnt
|faint|p1b: Gholdengo
|move|p1a: Dragonite|Scale Shot|p2a: Indeedee
|-damage|p2a: Indeedee|0 fnt
|faint|p2a: Indeedee
|-hitcount|p2: Indeedee|1
|-unboost|p1a: Dragonite|def|1
|-boost|p1a: Dragonite|spe|1
|
|upkeep
|
|t:|1757701560
|switch|p2a: Garchomp|Garchomp, L50, M|100/100
|turn|6
|
|t:|1757701575
|move|p2b: Sneasler|Dire Claw|p1a: Dragonite
|-damage|p1a: Dragonite|63/100
|move|p1a: Dragonite|Scale Shot|p2a: Garchomp
|-supereffective|p2a: Garchomp
|-damage|p2a: Garchomp|70/100
|-supereffective|p2a: Garchomp
|-damage|p2a: Garchomp|37/100
|-supereffective|p2a: Garchomp
|-damage|p2a: Garchomp|4/100
|-supereffective|p2a: Garchomp
|-damage|p2a: Garchomp|0 fnt
|faint|p2a: Garchomp
|-hitcount|p2: Garchomp|4
|-unboost|p1a: Dragonite|def|1
|-boost|p1a: Dragonite|spe|1
|
|upkeep
|turn|7
|
|t:|1757701590
|move|p2b: Sneasler|Dire Claw|p1a: Dragonite
|-damage|p1a: Dragonite|0 fnt
|faint|p1a: Dragonite
|
|win|chefbenboyrd
||magmastormvgc is ready for game 2.
