|j|☆porygon77
|j|☆Kampfstube
|html|porygon77Kampfstube    
|uhtml|bestof|Game 1 of a best-of-3
|t:|1756618790
|gametype|doubles
|player|p1|porygon77|cynthia|1000
|player|p2|Kampfstube|n|1081
|gen|9
|tier|[Gen 9] VGC 2025 Reg H (Bo3)
|rated|
|rule|Species Clause: Limit one of each Pokémon
|rule|Item Clause: Limit 1 of each item
|clearpoke
|poke|p1|Weezing-Galar, L50, M|
|poke|p1|Toedscruel, L50, M|
|poke|p1|Corviknight, L50, M|
|poke|p1|Garchomp, L50, M|
|poke|p1|Palafin, L50, M|
|poke|p1|Pawmot, L50, M|
|poke|p2|Grimmsnarl, L50, M|
|poke|p2|Volcarona, L50, F|
|poke|p2|Annihilape, L50, M|
|poke|p2|Ursaluna-Bloodmoon, L50, M|
|poke|p2|Dragonite, L50, M|
|poke|p2|Maushold, L50|
|teampreview|4
|showteam|p1|Weezing-Galar||ChoiceSpecs|NeutralizingGas|DazzlingGleam,SludgeBomb,StrangeSteam,Flamethrower|||M|||50|,,,,,Fire]Toedscruel||CovertCloak|MyceliumMight|Spore,RagePowder,AcidSpray,EarthPower|||M|||50|,,,,,Water]Corviknight||SitrusBerry|MirrorArmor|BraveBird,Roost,Tailwind,Protect|||M|||50|,,,,,Dragon]Garchomp||LifeOrb|RoughSkin|StompingTantrum,Earthquake,DragonClaw,Protect|||M|||50|,,,,,Ground]Palafin||ChoiceScarf|ZerotoHero|WaveCrash,JetPunch,FlipTurn,SleepTalk|||M|||50|,,,,,Water]Pawmot||FocusSash|VoltAbsorb|FakeOut,DoubleShock,CloseCombat,Protect|||M|||50|,,,,,Electric
|showteam|p2|Grimmsnarl||CovertCloak|Prankster|SpiritBreak,LightScreen,Reflect,ThunderWave|||M|||50|,,,,,Steel]Volcarona||Leftovers|FlameBody|GigaDrain,QuiverDance,HeatWave,Protect|||F|||50|,,,,,Grass]Annihilape||SafetyGoggles|Defiant|BulkUp,DrainPunch,Protect,RageFist|||M|||50|,,,,,Fire]Ursaluna-Bloodmoon||AssaultVest|MindsEye|EarthPower,BloodMoon,HyperVoice,VacuumWave|||M|||50|,,,,,Water]Dragonite||LoadedDice|Multiscale|ScaleShot,ExtremeSpeed,Protect,Haze|||M|||50|,,,,,Fairy]Maushold||WideLens|FriendGuard|PopulationBomb,BeatUp,Protect,FollowMe||||||50|,,,,,Ghost
|inactive|Battle timer is ON: inactive players will automatically lose when time's up. (requested by Kampfstube)
|inactive|Kampfstube has 60 seconds left.
|inactive|Kampfstube has 30 seconds left.
|
|t:|1756618855
|teamsize|p1|4
|teamsize|p2|4
|start
|switch|p1a: Palafin|Palafin, L50, M, shiny|100/100
|switch|p1b: ermmm idk|Corviknight, L50, M|100/100
|switch|p2a: Grimmsnarl|Grimmsnarl, L50, M|100/100
|switch|p2b: Maushold|Maushold, L50|100/100
|turn|1
|inactive|Kampfstube has 30 seconds left.
|
|t:|1756618881
|switch|p2a: Annihilape|Annihilape, L50, M|100/100
|move|p1a: Palafin|Flip Turn|p2a: Annihilape
|-damage|p2a: Annihilape|85/100
|
|t:|1756618887
|detailschange|p1a: Palafin|Palafin-Hero, L50, M, shiny
|switch|p1a: WHEEZING|Weezing-Galar, L50, M, shiny|100/100|[from] Flip Turn
|-ability|p1a: WHEEZING|Neutralizing Gas
|move|p2b: Maushold|Beat Up|p2a: Annihilape
|-damage|p2a: Annihilape|81/100
|-crit|p2a: Annihilape
|-damage|p2a: Annihilape|77/100
|-damage|p2a: Annihilape|72/100
|-damage|p2a: Annihilape|69/100
|-hitcount|p2a: Annihilape|4
|move|p1b: ermmm idk|Tailwind|p1b: ermmm idk
|-sidestart|p1: porygon77|move: Tailwind
|
|upkeep
|turn|2
|inactive|porygon77 has 30 seconds left.
|inactive|Kampfstube has 30 seconds left.
|inactive|porygon77 has 20 seconds left.
|
|t:|1756618926
|move|p2a: Annihilape|Protect|p2a: Annihilape
|-singleturn|p2a: Annihilape|Protect
|move|p1b: ermmm idk|Brave Bird|p2a: Annihilape
|-activate|p2a: Annihilape|move: Protect
|move|p1a: WHEEZING|Dazzling Gleam|p2b: Maushold|[spread] p2b
|-activate|p2a: Annihilape|move: Protect
|-damage|p2b: Maushold|44/100
|move|p2b: Maushold|Population Bomb|p1a: WHEEZING
|-damage|p1a: WHEEZING|94/100
|-damage|p1a: WHEEZING|86/100
|-damage|p1a: WHEEZING|79/100
|-damage|p1a: WHEEZING|71/100
|-damage|p1a: WHEEZING|63/100
|-damage|p1a: WHEEZING|55/100
|-damage|p1a: WHEEZING|49/100
|-damage|p1a: WHEEZING|42/100
|-damage|p1a: WHEEZING|34/100
|-damage|p1a: WHEEZING|28/100
|-hitcount|p1a: WHEEZING|10
|
|upkeep
|turn|3
|inactive|Kampfstube has 30 seconds left.
|
|t:|1756618957
|-terastallize|p2a: Annihilape|Fire
|move|p2b: Maushold|Protect|p2b: Maushold
|-singleturn|p2b: Maushold|Protect
|move|p1b: ermmm idk|Brave Bird|p2a: Annihilape
|-damage|p2a: Annihilape|28/100
|-damage|p1b: ermmm idk|86/100|[from] Recoil
|move|p1a: WHEEZING|Dazzling Gleam|p2b: Maushold|[spread] p2a
|-activate|p2b: Maushold|move: Protect
|-resisted|p2a: Annihilape
|-damage|p2a: Annihilape|14/100
|move|p2a: Annihilape|Rage Fist|p1b: ermmm idk
|-damage|p1b: ermmm idk|0 fnt
|faint|p1b: ermmm idk
|
|upkeep
|
|t:|1756618973
|switch|p1b: Palafin|Palafin-Hero, L50, M, shiny|100/100
|-activate|p1b: Palafin|ability: Zero to Hero
|turn|4
|inactive|Kampfstube has 30 seconds left.
|
|t:|1756619000
|move|p2a: Annihilape|Protect|p2a: Annihilape
|-singleturn|p2a: Annihilape|Protect
|move|p1b: Palafin|Wave Crash|p2b: Maushold
|-damage|p2b: Maushold|0 fnt
|faint|p2b: Maushold
|-damage|p1b: Palafin|88/100|[from] Recoil
|move|p1a: WHEEZING|Dazzling Gleam|p2a: Annihilape
|-activate|p2a: Annihilape|move: Protect
|
|-sideend|p1: porygon77|move: Tailwind
|upkeep
|
|t:|1756619010
|switch|p2b: Ursaluna|Ursaluna-Bloodmoon, L50, M|100/100
|turn|5
|
|t:|1756619026
|switch|p2a: Grimmsnarl|Grimmsnarl, L50, M|100/100
|-end|p1a: WHEEZING|ability: Neutralizing Gas
|switch|p1a: woOo|Toedscruel, L50, M, shiny|100/100
|-terastallize|p1b: Palafin|Water
|move|p1b: Palafin|Wave Crash|p2b: Ursaluna
|-supereffective|p2b: Ursaluna
|-damage|p2b: Ursaluna|0 fnt
|faint|p2b: Ursaluna
|-damage|p1b: Palafin|49/100|[from] Recoil
|
|upkeep
|
|t:|1756619036
|switch|p2b: Annihilape|Annihilape, L50, M, tera:Fire|14/100
|turn|6
|
|t:|1756619058
|move|p2b: Annihilape|Protect|p2b: Annihilape
|-singleturn|p2b: Annihilape|Protect
|move|p2a: Grimmsnarl|Thunder Wave|p1b: Palafin
|-status|p1b: Palafin|par
|move|p1a: woOo|Earth Power|p2b: Annihilape
|-activate|p2b: Annihilape|move: Protect
|move|p1b: Palafin|Wave Crash|p2a: Grimmsnarl
|-damage|p2a: Grimmsnarl|0 fnt
|faint|p2a: Grimmsnarl
|-damage|p1b: Palafin|11/100 par|[from] Recoil
|
|upkeep
|turn|7
|
|t:|1756619073
|move|p1a: woOo|Acid Spray|p2b: Annihilape
|-damage|p2b: Annihilape|8/100
|-unboost|p2b: Annihilape|spd|2
|-ability|p2b: Annihilape|Defiant|boost
|-boost|p2b: Annihilape|atk|2
|move|p1b: Palafin|Wave Crash|p2b: Annihilape
|-supereffective|p2b: Annihilape
|-damage|p2b: Annihilape|0 fnt
|faint|p2b: Annihilape
|-damage|p1b: Palafin|8/100 par|[from] Recoil
|
|win|porygon77
