|j|☆pkmnbongocat
|j|☆Rat Rizzo
|html|pkmnbongocatRat Rizzo    
|uhtml|bestof|Game 1 of a best-of-3
|t:|1756701668
|gametype|doubles
|player|p1|pkmnbongocat|169|1047
|player|p2|Rat Rizzo|170|1069
|gen|9
|tier|[Gen 9] VGC 2025 Reg H (Bo3)
|rated|
|rule|Species Clause: Limit one of each Pokémon
|rule|Item Clause: Limit 1 of each item
|clearpoke
|poke|p1|Charizard, L50, M|
|poke|p1|Torkoal, L50, F|
|poke|p1|Porygon2, L50|
|poke|p1|Incineroar, L50, F|
|poke|p1|Jumpluff, L50, M|
|poke|p1|Ursaluna, L50, F|
|poke|p2|Hitmontop, L50, M|
|poke|p2|Gholdengo, L50|
|poke|p2|Rillaboom, L50, F|
|poke|p2|Sneasler, L50, M|
|poke|p2|Ursaluna-Bloodmoon, L50, M|
|poke|p2|Volcarona, L50, F|
|teampreview|4
|showteam|p1|Charizard||ChoiceSpecs|SolarPower|HeatWave,Overheat,WeatherBall,AirSlash|||M|||50|,,,,,Ghost]Torkoal||EjectPack|Drought|Eruption,Overheat,HelpingHand,Protect|||F|||50|,,,,,Fire]Porygon2||Eviolite|Download|IceBeam,TeraBlast,TrickRoom,Recover||||||50|,,,,,Fighting]Incineroar||SitrusBerry|Intimidate|FlareBlitz,KnockOff,FakeOut,PartingShot|||F|||50|,,,,,Ghost]Jumpluff||CovertCloak|Chlorophyll|SleepPowder,SunnyDay,RagePowder,Tailwind|||M|||50|,,,,,Water]Ursaluna||FlameOrb|Guts|HeadlongRush,Facade,Earthquake,Protect|||F|||50|,,,,,Ghost
|showteam|p2|Hitmontop||FocusSash|Intimidate|FakeOut,WideGuard,Feint,CloseCombat|||M|||50|,,,,,Fire]Gholdengo||LifeOrb|GoodasGold|Protect,NastyPlot,ShadowBall,MakeItRain||||||50|,,,,,Dragon]Rillaboom||AssaultVest|Overgrow|FakeOut,GrassyGlide,WoodHammer,HighHorsepower|||F|||50|,,,,,Fire]Sneasler||CovertCloak|Unburden|Protect,DireClaw,ThroatChop,CloseCombat|||M|||50|,,,,,Stellar]Ursaluna-Bloodmoon||ChoiceSpecs|MindsEye|BloodMoon,EarthPower,HyperVoice,VacuumWave|||M|||50|,,,,,Ghost]Volcarona||Leftovers|FlameBody|Protect,QuiverDance,HeatWave,GigaDrain|||F|||50|,,,,,Grass
|inactive|Battle timer is ON: inactive players will automatically lose when time's up. (requested by Rat Rizzo)
|inactive|pkmnbongocat has 60 seconds left.
|inactive|Rat Rizzo has 60 seconds left.
|inactive|Rat Rizzo has 30 seconds left.
|inactive|Rat Rizzo has 20 seconds left.
|
|t:|1756701742
|teamsize|p1|4
|teamsize|p2|4
|start
|switch|p1a: Charizard|Charizard, L50, M, shiny|100/100
|switch|p1b: Porygon2|Porygon2, L50, shiny|100/100
|switch|p2a: Hitmontop|Hitmontop, L50, M|100/100
|switch|p2b: Gholdengo|Gholdengo, L50|100/100
|-ability|p2a: Hitmontop|Intimidate|boost
|-unboost|p1a: Charizard|atk|1
|-unboost|p1b: Porygon2|atk|1
|-ability|p1b: Porygon2|Download|boost
|-boost|p1b: Porygon2|atk|1
|turn|1
|inactive|pkmnbongocat has 30 seconds left.
|
|t:|1756701773
|switch|p1b: Torkoal|Torkoal, L50, F|100/100
|-weather|SunnyDay|[from] ability: Drought|[of] p1b: Torkoal
|-terastallize|p1a: Charizard|Ghost
|move|p2a: Hitmontop|Fake Out|p1a: Charizard
|-immune|p1a: Charizard
|move|p1a: Charizard|Heat Wave|p2b: Gholdengo|[spread] p2b
|-miss|p1a: Charizard|p2a: Hitmontop
|-supereffective|p2b: Gholdengo
|-damage|p2b: Gholdengo|0 fnt
|faint|p2b: Gholdengo
|
|-weather|SunnyDay|[upkeep]
|-damage|p1a: Charizard|88/100|[from] ability: Solar Power|[of] p1a: Charizard
|upkeep
|
|t:|1756701785
|switch|p2b: Volcarona|Volcarona, L50, F|100/100
|turn|2
|
|t:|1756701796
|switch|p1a: Incineroar|Incineroar, L50, F|100/100
|-ability|p1a: Incineroar|Intimidate|boost
|-unboost|p2a: Hitmontop|atk|1
|-unboost|p2b: Volcarona|atk|1
|move|p2a: Hitmontop|Wide Guard|p2a: Hitmontop
|-singleturn|p2a: Hitmontop|Wide Guard
|move|p2b: Volcarona|Quiver Dance|p2b: Volcarona
|-boost|p2b: Volcarona|spa|1
|-boost|p2b: Volcarona|spd|1
|-boost|p2b: Volcarona|spe|1
|move|p1b: Torkoal|Overheat|p2b: Volcarona
|-damage|p2b: Volcarona|52/100
|-unboost|p1b: Torkoal|spa|2
|-enditem|p1b: Torkoal|Eject Pack
|
|t:|1756701812
|switch|p1b: Porygon2|Porygon2, L50, shiny|100/100
|-ability|p1b: Porygon2|Download|boost
|-boost|p1b: Porygon2|atk|1
|
|-weather|SunnyDay|[upkeep]
|-heal|p2b: Volcarona|58/100|[from] item: Leftovers
|upkeep
|turn|3
|
|t:|1756701828
|switch|p2a: Sneasler|Sneasler, L50, M|100/100
|move|p2b: Volcarona|Protect|p2b: Volcarona
|-singleturn|p2b: Volcarona|Protect
|move|p1a: Incineroar|Flare Blitz|p2b: Volcarona
|-activate|p2b: Volcarona|move: Protect
|move|p1b: Porygon2|Tera Blast|p2a: Sneasler
|-damage|p2a: Sneasler|52/100
|
|-weather|SunnyDay|[upkeep]
|-heal|p2b: Volcarona|65/100|[from] item: Leftovers
|upkeep
|turn|4
|
|t:|1756701843
|move|p2b: Volcarona|Quiver Dance|p2b: Volcarona
|-boost|p2b: Volcarona|spa|1
|-boost|p2b: Volcarona|spd|1
|-boost|p2b: Volcarona|spe|1
|move|p2a: Sneasler|Close Combat|p1a: Incineroar
|-supereffective|p1a: Incineroar
|-damage|p1a: Incineroar|0 fnt
|-unboost|p2a: Sneasler|def|1
|-unboost|p2a: Sneasler|spd|1
|faint|p1a: Incineroar
|move|p1b: Porygon2|Trick Room|p1b: Porygon2
|-fieldstart|move: Trick Room|[of] p1b: Porygon2
|
|-weather|SunnyDay|[upkeep]
|-heal|p2b: Volcarona|71/100|[from] item: Leftovers
|upkeep
|
|t:|1756701855
|switch|p1a: Charizard|Charizard, L50, M, shiny, tera:Ghost|88/100
|turn|5
|
|t:|1756701875
|move|p2b: Volcarona|Protect|p2b: Volcarona
|-singleturn|p2b: Volcarona|Protect
|move|p1b: Porygon2|Ice Beam|p2a: Sneasler
|-damage|p2a: Sneasler|0 fnt
|faint|p2a: Sneasler
|move|p1a: Charizard|Air Slash|p2b: Volcarona
|-activate|p2b: Volcarona|move: Protect
|
|-weather|none
|-heal|p2b: Volcarona|77/100|[from] item: Leftovers
|upkeep
|
|t:|1756701882
|switch|p2a: Hitmontop|Hitmontop, L50, M|100/100
|-ability|p2a: Hitmontop|Intimidate|boost
|-unboost|p1a: Charizard|atk|1
|-unboost|p1b: Porygon2|atk|1
|turn|6
|
|t:|1756701893
|move|p2a: Hitmontop|Fake Out|p1b: Porygon2
|-damage|p1b: Porygon2|94/100
|cant|p1b: Porygon2|flinch
|move|p1a: Charizard|Air Slash|p2b: Volcarona
|-supereffective|p2b: Volcarona
|-crit|p2b: Volcarona
|-damage|p2b: Volcarona|0 fnt
|faint|p2b: Volcarona
|
|upkeep
|turn|7
|-message|Rat Rizzo forfeited.
|
|win|pkmnbongocat
