|j|☆KodeBeast0526
|j|☆voizzz
|html|KodeBeast0526voizzz    
|uhtml|bestof|Game 2 of a best-of-3
|t:|1783544189
|gametype|doubles
|player|p1|KodeBeast0526|sailor|1072
|player|p2|voizzz|170|1102
|gen|9
|tier|[Gen 9 Champions] VGC 2026 Reg M-B (Bo3)
|rated|
|rule|Species Clause: Limit one of each Pokémon
|rule|Item Clause: Limit 1 of each item
|clearpoke
|poke|p1|Gengar, L50, F, shiny|
|poke|p1|Swampert, L50, F, shiny|
|poke|p1|Incineroar, L50, F, shiny|
|poke|p1|Politoed, L50, M, shiny|
|poke|p1|Archaludon, L50, M|
|poke|p1|Vivillon-Ocean, L50, F|
|poke|p2|Charizard, L50, M, shiny|
|poke|p2|Garchomp, L50, M, shiny|
|poke|p2|Venusaur, L50, M, shiny|
|poke|p2|Incineroar, L50, M, shiny|
|poke|p2|Sylveon, L50, M, shiny|
|poke|p2|Metagross, L50, shiny|
|teampreview|4
|showteam|p1|Gengar||Gengarite|CursedBody|ShadowBall,PerishSong,SludgeBomb,Protect|Timid||F|||50|]Swampert||Swampertite|Torrent|WaveCrash,Earthquake,IcePunch,Protect|Adamant||F|||50|]Incineroar||PasshoBerry|Intimidate|ThroatChop,PartingShot,FakeOut,Protect|Sassy||F|||50|]Politoed||SitrusBerry|Drizzle|WeatherBall,PerishSong,Encore,Protect|Calm||M|||50|]Archaludon||Leftovers|Stamina|DragonPulse,FlashCannon,ElectroShot,Protect|Bold||M|||50|]Vivillon-Ocean||FocusSash|CompoundEyes|Hurricane,SleepPowder,RagePowder,Protect|Timid||F|||50|
|showteam|p2|Charizard||CharizarditeY|SolarPower|Protect,WeatherBall,HeatWave,HelpingHand|Bold||M|||50|]Garchomp||ChoiceScarf|RoughSkin|Earthquake,DragonClaw,RockSlide,IronHead|Adamant||M|||50|]Venusaur||LifeOrb|Chlorophyll|Protect,SludgeBomb,EarthPower,SolarBeam|Modest||M|||50|]Incineroar||SitrusBerry|Intimidate|FakeOut,DarkestLariat,FlareBlitz,PartingShot|Careful||M|||50|]Sylveon||FairyFeather|Pixilate|HyperVoice,QuickAttack,Yawn,Detect|Modest||M|||50|]Metagross||Metagrossite|ClearBody|BodyPress,PsychicFangs,BulletPunch,Protect|Adamant|||||50|
|
|t:|1783544206
|teamsize|p1|4
|teamsize|p2|4
|start
|switch|p1a: Archaludon|Archaludon, L50, M|100/100
|switch|p1b: Vivillon|Vivillon-Ocean, L50, F|100/100
|switch|p2a: morcillard|Charizard, L50, M, shiny|100/100
|switch|p2b: Garchomp|Garchomp, L50, M, shiny|100/100
|turn|1
|
|t:|1783544234
|detailschange|p2a: morcillard|Charizard-Mega-Y, L50, M, shiny
|-mega|p2a: morcillard|Charizard|Charizardite Y
|-weather|SunnyDay|[from] ability: Drought|[of] p2a: morcillard
|move|p2b: Garchomp|Earthquake|p1b: Vivillon|[spread] p1a
|-immune|p2a: morcillard
|-immune|p1b: Vivillon
|-supereffective|p1a: Archaludon|1
|-damage|p1a: Archaludon|48/100
|-ability|p1a: Archaludon|Stamina|boost
|-boost|p1a: Archaludon|def|1
|move|p1b: Vivillon|Sleep Powder|p2a: morcillard
|-status|p2a: morcillard|slp|[from] move: Sleep Powder
|cant|p2a: morcillard|slp
|move|p1a: Archaludon|Dragon Pulse|p2b: Garchomp
|-supereffective|p2b: Garchomp|1
|-damage|p2b: Garchomp|16/100
|
|-weather|SunnyDay|[upkeep]
|-heal|p1a: Archaludon|54/100|[from] item: Leftovers
|upkeep
|turn|2
|
|t:|1783544280
|cant|p2a: morcillard|slp
|move|p1a: Archaludon|Protect|p1a: Archaludon
|-singleturn|p1a: Archaludon|Protect
|move|p2b: Garchomp|Earthquake|p1b: Vivillon|[spread] 
|-activate|p1a: Archaludon|move: Protect
|-immune|p2a: morcillard
|-immune|p1b: Vivillon
|move|p1b: Vivillon|Sleep Powder|p2b: Garchomp
|-status|p2b: Garchomp|slp|[from] move: Sleep Powder
|
|-weather|SunnyDay|[upkeep]
|-heal|p1a: Archaludon|60/100|[from] item: Leftovers
|upkeep
|turn|3
|
|t:|1783544296
|switch|p1b: Politoed|Politoed, L50, M, shiny|100/100
|-weather|RainDance|[from] ability: Drizzle|[of] p1b: Politoed
|cant|p2b: Garchomp|slp
|-curestatus|p2a: morcillard|slp|[msg]
|move|p2a: morcillard|Heat Wave|p1a: Archaludon|[spread] p1a,p1b
|-resisted|p1b: Politoed|1
|-damage|p1a: Archaludon|40/100
|-damage|p1b: Politoed|93/100
|-ability|p1a: Archaludon|Stamina|boost
|-boost|p1a: Archaludon|def|1
|move|p1a: Archaludon|Electro Shot||[still]
|-prepare|p1a: Archaludon|Electro Shot
|-boost|p1a: Archaludon|spa|1
|-anim|p1a: Archaludon|Electro Shot|p2a: morcillard
|-supereffective|p2a: morcillard|1
|-damage|p2a: morcillard|8/100
|
|-weather|RainDance|[upkeep]
|-heal|p1a: Archaludon|46/100|[from] item: Leftovers
|upkeep
|turn|4
|
|t:|1783544322
|switch|p2a: Incineroar|Incineroar, L50, M, shiny|100/100
|-ability|p2a: Incineroar|Intimidate|boost
|-unboost|p1a: Archaludon|atk|1
|-unboost|p1b: Politoed|atk|1
|cant|p2b: Garchomp|slp
|move|p1a: Archaludon|Electro Shot||[still]
|-prepare|p1a: Archaludon|Electro Shot
|-boost|p1a: Archaludon|spa|1
|-anim|p1a: Archaludon|Electro Shot|p2a: Incineroar
|-damage|p2a: Incineroar|47/100
|-enditem|p2a: Incineroar|Sitrus Berry|[eat]
|-heal|p2a: Incineroar|72/100|[from] item: Sitrus Berry
|move|p1b: Politoed|Weather Ball|p2b: Garchomp
|-crit|p2b: Garchomp
|-damage|p2b: Garchomp|0 fnt
|faint|p2b: Garchomp
|
|-weather|RainDance|[upkeep]
|-heal|p1a: Archaludon|52/100|[from] item: Leftovers
|upkeep
|
|t:|1783544336
|switch|p2b: morcillard|Charizard-Mega-Y, L50, M, shiny|8/100
|-weather|SunnyDay|[from] ability: Drought|[of] p2b: morcillard
|turn|5
|
|t:|1783544357
|switch|p1b: Vivillon|Vivillon-Ocean, L50, F|100/100
|move|p1a: Archaludon|Protect|p1a: Archaludon
|-singleturn|p1a: Archaludon|Protect
|move|p2a: Incineroar|Fake Out|p1a: Archaludon
|-activate|p1a: Archaludon|move: Protect
|move|p2b: morcillard|Heat Wave|p1a: Archaludon|[spread] p1b
|-activate|p1a: Archaludon|move: Protect
|-supereffective|p1b: Vivillon|1
|-enditem|p1b: Vivillon|Focus Sash
|-damage|p1b: Vivillon|1/100
|
|-weather|SunnyDay|[upkeep]
|-heal|p1a: Archaludon|58/100|[from] item: Leftovers
|upkeep
|turn|6
|
|t:|1783544382
|switch|p1b: Politoed|Politoed, L50, M, shiny|93/100
|-weather|RainDance|[from] ability: Drizzle|[of] p1b: Politoed
|switch|p2a: Venusaur|Venusaur, L50, M, shiny|100/100
|move|p2b: morcillard|Protect|p2b: morcillard
|-singleturn|p2b: morcillard|Protect
|move|p1a: Archaludon|Electro Shot||[still]
|-prepare|p1a: Archaludon|Electro Shot
|-boost|p1a: Archaludon|spa|1
|-anim|p1a: Archaludon|Electro Shot|p2a: Venusaur
|-resisted|p2a: Venusaur|1
|-damage|p2a: Venusaur|52/100
|
|-weather|RainDance|[upkeep]
|-heal|p1a: Archaludon|64/100|[from] item: Leftovers
|upkeep
|turn|7
|
|t:|1783544404
|switch|p2b: Incineroar|Incineroar, L50, M, shiny|72/100
|-ability|p2b: Incineroar|Intimidate|boost
|-unboost|p1a: Archaludon|atk|1
|-unboost|p1b: Politoed|atk|1
|switch|p1b: Vivillon|Vivillon-Ocean, L50, F|1/100
|move|p2a: Venusaur|Protect|p2a: Venusaur
|-singleturn|p2a: Venusaur|Protect
|move|p1a: Archaludon|Electro Shot||[still]
|-prepare|p1a: Archaludon|Electro Shot
|-boost|p1a: Archaludon|spa|1
|-anim|p1a: Archaludon|Electro Shot|p2b: Incineroar
|-damage|p2b: Incineroar|0 fnt
|faint|p2b: Incineroar
|
|-weather|RainDance|[upkeep]
|-heal|p1a: Archaludon|71/100|[from] item: Leftovers
|upkeep
|
|t:|1783544416
|switch|p2b: morcillard|Charizard-Mega-Y, L50, M, shiny|8/100
|-weather|SunnyDay|[from] ability: Drought|[of] p2b: morcillard
|turn|8
|
|t:|1783544434
|switch|p1b: Politoed|Politoed, L50, M, shiny|93/100
|-weather|RainDance|[from] ability: Drizzle|[of] p1b: Politoed
|move|p2b: morcillard|Heat Wave|p1a: Archaludon|[spread] p1a,p1b
|-resisted|p1b: Politoed|1
|-damage|p1a: Archaludon|52/100
|-damage|p1b: Politoed|87/100
|-ability|p1a: Archaludon|Stamina|boost
|-boost|p1a: Archaludon|def|1
|move|p2a: Venusaur|Earth Power|p1a: Archaludon
|-supereffective|p1a: Archaludon|1
|-damage|p1a: Archaludon|0 fnt
|faint|p1a: Archaludon
|-damage|p2a: Venusaur|42/100|[from] item: Life Orb
|
|-weather|RainDance|[upkeep]
|upkeep
|
|t:|1783544446
|switch|p1a: Swampert|Swampert, L50, F, shiny|100/100
|turn|9
|
|t:|1783544459
|detailschange|p1a: Swampert|Swampert-Mega, L50, F, shiny
|-mega|p1a: Swampert|Swampert|Swampertite
|move|p2b: morcillard|Protect|p2b: morcillard
|-singleturn|p2b: morcillard|Protect
|move|p1a: Swampert|Ice Punch|p2a: Venusaur
|-supereffective|p2a: Venusaur|1
|-damage|p2a: Venusaur|0 fnt
|faint|p2a: Venusaur
|move|p1b: Politoed|Weather Ball|p2b: morcillard
|-activate|p2b: morcillard|move: Protect
|
|-weather|RainDance|[upkeep]
|upkeep
|turn|10
|-message|voizzz forfeited.
|raw|KodeBeast0526's rating: 1072 → 1104(+32 for winning)
|raw|voizzz's rating: 1102 → 1075(-27 for losing)
|
|win|KodeBeast0526
|l|☆voizzz
|player|p2|
