|j|‽tskkds
|j|‽BigZorby
|html|tskkdsBigZorby    
|uhtml|bestof|Game 1 of a best-of-3
|t:|1756424190
|gametype|doubles
|player|p1|tskkds|unknownf|1161
|player|p2|BigZorby|265|1127
|gen|9
|tier|[Gen 9] VGC 2025 Reg H (Bo3)
|rated|
|rule|Species Clause: Limit one of each Pokémon
|rule|Item Clause: Limit 1 of each item
|clearpoke
|poke|p1|Annihilape, L50, M|
|poke|p1|Sinistcha, L50|
|poke|p1|Maushold-Four, L50|
|poke|p1|Klefki, L50, F|
|poke|p1|Ursaluna-Bloodmoon, L50, M|
|poke|p1|Ninetales-Alola, L50, F|
|poke|p2|Oranguru, L50, M|
|poke|p2|Torkoal, L50, F|
|poke|p2|Indeedee-F, L50, F|
|poke|p2|Gholdengo, L50|
|poke|p2|Ursaluna, L50, M|
|poke|p2|Hydreigon, L50, F|
|teampreview|4
|showteam|p1|Annihilape||Leftovers|Defiant|Protect,BulkUp,DrainPunch,RageFist|||M|||50|,,,,,Fire]Sinistcha||SitrusBerry|Hospitality|MatchaGotcha,TrickRoom,LifeDew,RagePowder||||||50|,,,,,Water]Maushold-Four||SafetyGoggles|FriendGuard|FollowMe,Taunt,BeatUp,Protect||||||50|,,,,,Ghost]Klefki||LightClay|Prankster|Reflect,LightScreen,MistyTerrain,DazzlingGleam|||F|||50|,,,,,Ghost]Ursaluna-Bloodmoon||AssaultVest|MindsEye|BloodMoon,HyperVoice,EarthPower,VacuumWave|||M|||50|,,,,,Water]Ninetales-Alola||FocusSash|SnowWarning|Protect,Encore,FreezeDry,Blizzard|||F|||50|,,,,,Ghost
|showteam|p2|Oranguru||MentalHerb|InnerFocus|TrickRoom,Protect,Instruct,Encore|||M|||50|,,,,,Grass]Torkoal||Charcoal|Drought|BodyPress,Protect,Eruption,Overheat|||F|||50|,,,,,Fire]Indeedee-F||PsychicSeed|PsychicSurge|BatonPass,Protect,FollowMe,HelpingHand|||F|||50|,,,,,Psychic]Gholdengo||LifeOrb|GoodasGold|NastyPlot,ShadowBall,MakeItRain,Protect||||||50|,,,,,Water]Ursaluna||FlameOrb|Guts|Facade,Earthquake,HeadlongRush,Protect|||M|||50|,,,,,Ghost]Hydreigon||ChoiceSpecs|Levitate|DracoMeteor,HeatWave,DarkPulse,FlashCannon|||F|||50|,,,,,Steel
|
|t:|1756424237
|teamsize|p1|4
|teamsize|p2|4
|start
|switch|p1a: Ursaluna|Ursaluna-Bloodmoon, L50, M|100/100
|switch|p1b: Annihilape|Annihilape, L50, M|100/100
|switch|p2a: Oranguru|Oranguru, L50, M|100/100
|switch|p2b: Indeedee|Indeedee-F, L50, F|100/100
|-fieldstart|move: Psychic Terrain|[from] ability: Psychic Surge|[of] p2b: Indeedee
|-enditem|p2b: Indeedee|Psychic Seed
|-boost|p2b: Indeedee|spd|1|[from] item: Psychic Seed
|turn|1
|
|t:|1756424251
|move|p2b: Indeedee|Follow Me|p2b: Indeedee
|-singleturn|p2b: Indeedee|move: Follow Me
|move|p1b: Annihilape|Bulk Up|p1b: Annihilape
|-boost|p1b: Annihilape|atk|1
|-boost|p1b: Annihilape|def|1
|move|p1a: Ursaluna|Blood Moon|p2b: Indeedee
|-damage|p2b: Indeedee|56/100
|move|p2a: Oranguru|Trick Room|p2a: Oranguru
|-fieldstart|move: Trick Room|[of] p2a: Oranguru
|
|upkeep
|turn|2
|
|t:|1756424271
|switch|p2b: Torkoal|Torkoal, L50, F|100/100
|-weather|SunnyDay|[from] ability: Drought|[of] p2b: Torkoal
|move|p1b: Annihilape|Protect|p1b: Annihilape
|-singleturn|p1b: Annihilape|Protect
|move|p2a: Oranguru|Encore|p1b: Annihilape
|-activate|p1b: Annihilape|move: Protect
|move|p1a: Ursaluna|Hyper Voice|p2b: Torkoal|[spread] p2a,p2b
|-damage|p2a: Oranguru|77/100
|-damage|p2b: Torkoal|51/100
|
|-weather|SunnyDay|[upkeep]
|upkeep
|turn|3
|
|t:|1756424301
|-terastallize|p1a: Ursaluna|Water
|move|p2b: Torkoal|Eruption|p1b: Annihilape|[spread] p1a,p1b
|-resisted|p1a: Ursaluna
|-damage|p1a: Ursaluna|85/100
|-damage|p1b: Annihilape|64/100
|move|p2a: Oranguru|Encore|p1b: Annihilape
|-start|p1b: Annihilape|Encore
|move|p1a: Ursaluna|Blood Moon|p2b: Torkoal
|-damage|p2b: Torkoal|0 fnt
|faint|p2b: Torkoal
|move|p1b: Annihilape|Protect||[still]
|-fail|p1b: Annihilape
|
|-weather|SunnyDay|[upkeep]
|-heal|p1b: Annihilape|70/100|[from] item: Leftovers
|upkeep
|
|t:|1756424316
|switch|p2b: Ursaluna|Ursaluna, L50, M|100/100
|turn|4
|
|t:|1756424341
|move|p2b: Ursaluna|Protect|p2b: Ursaluna
|-singleturn|p2b: Ursaluna|Protect
|move|p2a: Oranguru|Protect|p2a: Oranguru
|-singleturn|p2a: Oranguru|Protect
|move|p1b: Annihilape|Protect|p1b: Annihilape
|-singleturn|p1b: Annihilape|Protect
|move|p1a: Ursaluna|Hyper Voice|p2a: Oranguru|[spread] 
|-activate|p2a: Oranguru|move: Protect
|-activate|p2b: Ursaluna|move: Protect
|
|-weather|SunnyDay|[upkeep]
|-heal|p1b: Annihilape|76/100|[from] item: Leftovers
|-status|p2b: Ursaluna|brn|[from] item: Flame Orb
|upkeep
|turn|5
|
|t:|1756424373
|switch|p1b: Sinistcha|Sinistcha, L50|100/100
|-heal|p1a: Ursaluna|100/100|[from] ability: Hospitality|[of] p1b: Sinistcha
|move|p2b: Ursaluna|Facade|p1a: Ursaluna
|-damage|p1a: Ursaluna|5/100
|move|p2a: Oranguru|Instruct|p2b: Ursaluna
|-singleturn|p2b: Ursaluna|move: Instruct|[of] p2a: Oranguru
|move|p2b: Ursaluna|Facade|p1a: Ursaluna
|-damage|p1a: Ursaluna|0 fnt
|faint|p1a: Ursaluna
|
|-weather|SunnyDay|[upkeep]
|-damage|p2b: Ursaluna|95/100 brn|[from] brn
|-fieldend|move: Trick Room
|-fieldend|move: Psychic Terrain
|upkeep
|
|t:|1756424389
|switch|p1a: Ninetales|Ninetales-Alola, L50, F|100/100
|-weather|Snowscape|[from] ability: Snow Warning|[of] p1a: Ninetales
|turn|6
|
|t:|1756424397
|move|p2b: Ursaluna|Protect|p2b: Ursaluna
|-singleturn|p2b: Ursaluna|Protect
|move|p1b: Sinistcha|Rage Powder|p1b: Sinistcha
|-singleturn|p1b: Sinistcha|move: Rage Powder
|move|p1a: Ninetales|Encore|p2a: Oranguru
|-start|p2a: Oranguru|Encore
|-enditem|p2a: Oranguru|Mental Herb
|-end|p2a: Oranguru|Encore
|move|p2a: Oranguru|Trick Room|p2a: Oranguru
|-fieldstart|move: Trick Room|[of] p2a: Oranguru
|
|-weather|Snowscape|[upkeep]
|-damage|p2b: Ursaluna|89/100 brn|[from] brn
|upkeep
|turn|7
|
|t:|1756424416
|move|p1a: Ninetales|Protect|p1a: Ninetales
|-singleturn|p1a: Ninetales|Protect
|move|p2b: Ursaluna|Facade|p1a: Ninetales
|-activate|p1a: Ninetales|move: Protect
|move|p2a: Oranguru|Instruct|p2b: Ursaluna
|-singleturn|p2b: Ursaluna|move: Instruct|[of] p2a: Oranguru
|move|p2b: Ursaluna|Facade|p1a: Ninetales
|-activate|p1a: Ninetales|move: Protect
|move|p1b: Sinistcha|Trick Room|p1b: Sinistcha
|-fieldend|move: Trick Room
|
|-weather|Snowscape|[upkeep]
|-damage|p2b: Ursaluna|83/100 brn|[from] brn
|upkeep
|turn|8
|
|t:|1756424464
|-terastallize|p2b: Ursaluna|Ghost
|move|p1b: Sinistcha|Rage Powder|p1b: Sinistcha
|-singleturn|p1b: Sinistcha|move: Rage Powder
|move|p1a: Ninetales|Encore|p2a: Oranguru
|-start|p2a: Oranguru|Encore
|move|p2a: Oranguru|Instruct|p1b: Sinistcha
|-singleturn|p1b: Sinistcha|move: Instruct|[of] p2a: Oranguru
|move|p1b: Sinistcha|Rage Powder||[still]
|-fail|p1b: Sinistcha
|move|p2b: Ursaluna|Earthquake|p1b: Sinistcha|[spread] p2a,p1a,p1b
|-resisted|p1b: Sinistcha
|-damage|p2a: Oranguru|18/100
|-damage|p1a: Ninetales|33/100
|-damage|p1b: Sinistcha|76/100
|
|-weather|Snowscape|[upkeep]
|-damage|p2b: Ursaluna|77/100 brn|[from] brn
|upkeep
|turn|9
|
|t:|1756424480
|move|p1a: Ninetales|Freeze-Dry|p2a: Oranguru
|-damage|p2a: Oranguru|1/100
|move|p1b: Sinistcha|Matcha Gotcha|p2b: Ursaluna|[spread] p2a,p2b
|-damage|p2a: Oranguru|0 fnt
|-heal|p1b: Sinistcha|76/100|[from] drain|[of] p2a: Oranguru
|-damage|p2b: Ursaluna|54/100 brn
|-heal|p1b: Sinistcha|92/100|[from] drain|[of] p2b: Ursaluna
|faint|p2a: Oranguru
|move|p2b: Ursaluna|Earthquake|p1a: Ninetales|[spread] p1a,p1b
|-resisted|p1b: Sinistcha
|-damage|p1a: Ninetales|0 fnt
|-damage|p1b: Sinistcha|66/100
|faint|p1a: Ninetales
|
|-weather|Snowscape|[upkeep]
|-damage|p2b: Ursaluna|48/100 brn|[from] brn
|upkeep
|
|t:|1756424496
|switch|p1a: Annihilape|Annihilape, L50, M|76/100
|switch|p2a: Indeedee|Indeedee-F, L50, F|56/100
|-fieldstart|move: Psychic Terrain|[from] ability: Psychic Surge|[of] p2a: Indeedee
|turn|10
|
|t:|1756424515
|move|p2a: Indeedee|Follow Me|p2a: Indeedee
|-singleturn|p2a: Indeedee|move: Follow Me
|move|p1a: Annihilape|Bulk Up|p1a: Annihilape
|-boost|p1a: Annihilape|atk|1
|-boost|p1a: Annihilape|def|1
|move|p1b: Sinistcha|Life Dew|p1b: Sinistcha|[spread] p1a,p1b
|-heal|p1a: Annihilape|100/100
|-heal|p1b: Sinistcha|92/100
|move|p2b: Ursaluna|Headlong Rush|p1a: Annihilape
|-damage|p1a: Annihilape|31/100
|-unboost|p2b: Ursaluna|def|1
|-unboost|p2b: Ursaluna|spd|1
|
|-weather|none
|-heal|p1a: Annihilape|37/100|[from] item: Leftovers
|-damage|p2b: Ursaluna|42/100 brn|[from] brn
|upkeep
|turn|11
|
|t:|1756424554
|move|p2a: Indeedee|Helping Hand|p2b: Ursaluna
|-singleturn|p2b: Ursaluna|Helping Hand|[of] p2a: Indeedee
|move|p1a: Annihilape|Drain Punch|p2a: Indeedee
|-damage|p2a: Indeedee|10/100
|-heal|p1a: Annihilape|57/100|[from] drain|[of] p2a: Indeedee
|move|p1b: Sinistcha|Matcha Gotcha|p2a: Indeedee|[spread] p2a,p2b
|-damage|p2a: Indeedee|0 fnt
|-heal|p1b: Sinistcha|97/100|[from] drain|[of] p2a: Indeedee
|-damage|p2b: Ursaluna|10/100 brn
|-heal|p1b: Sinistcha|100/100|[from] drain|[of] p2b: Ursaluna
|faint|p2a: Indeedee
|move|p2b: Ursaluna|Earthquake|p1b: Sinistcha|[spread] p1a,p1b
|-resisted|p1b: Sinistcha
|-damage|p1a: Annihilape|0 fnt
|-damage|p1b: Sinistcha|60/100
|faint|p1a: Annihilape
|
|-damage|p2b: Ursaluna|4/100 brn|[from] brn
|upkeep
|turn|12
|
|t:|1756424576
|move|p1b: Sinistcha|Life Dew|p1b: Sinistcha
|-heal|p1b: Sinistcha|85/100
|move|p2b: Ursaluna|Headlong Rush|p1b: Sinistcha
|-resisted|p1b: Sinistcha
|-damage|p1b: Sinistcha|46/100
|-unboost|p2b: Ursaluna|def|1
|-unboost|p2b: Ursaluna|spd|1
|-enditem|p1b: Sinistcha|Sitrus Berry|[eat]
|-heal|p1b: Sinistcha|71/100|[from] item: Sitrus Berry
|
|-damage|p2b: Ursaluna|0 fnt|[from] brn
|faint|p2b: Ursaluna
|
|win|tskkds
||tskkds is ready for game 2.
||BigZorby is ready for game 2.
|uhtml|next|Next: Game 2 of 3
|l|‽BigZorby
|player|p2|
