|j|☆Crystneel
|j|☆we all hate ursf
|html|Crystneelwe all hate ursf    
|uhtml|bestof|Game 1 of a best-of-3
|t:|1757157538
|gametype|doubles
|player|p1|Crystneel|ethan|1153
|player|p2|we all hate ursf|shadowtriad|1166
|gen|9
|tier|[Gen 9] VGC 2025 Reg H (Bo3)
|rated|
|rule|Species Clause: Limit one of each Pokémon
|rule|Item Clause: Limit 1 of each item
|clearpoke
|poke|p1|Volcarona, L50, F|
|poke|p1|Electabuzz, L50, F|
|poke|p1|Sneasler, L50, M|
|poke|p1|Rillaboom, L50, M|
|poke|p1|Dragonite, L50, M|
|poke|p1|Ursaluna-Bloodmoon, L50, M|
|poke|p2|Archaludon, L50, M|
|poke|p2|Politoed, L50, F|
|poke|p2|Dragonite, L50, F|
|poke|p2|Incineroar, L50, M|
|poke|p2|Amoonguss, L50, M|
|poke|p2|Kingdra, L50, F|
|teampreview|4
|showteam|p1|Volcarona||Leftovers|FlameBody|FieryDance,QuiverDance,GigaDrain,Protect|||F|||50|,,,,,Water]Electabuzz||Eviolite|Static|FollowMe,Electroweb,VoltSwitch,Taunt|||F|||50|,,,,,Fairy]Sneasler||GrassySeed|Unburden|DireClaw,CloseCombat,ThroatChop,Protect|||M|||50|,,,,,Dark]Rillaboom||AssaultVest|GrassySurge|FakeOut,GrassyGlide,WoodHammer,Uturn|||M|||50|,,,,,Fire]Dragonite||LoadedDice|Multiscale|ExtremeSpeed,ScaleShot,IceSpinner,LowKick|||M|||50|,,,,,Normal]Ursaluna-Bloodmoon||ThroatSpray|MindsEye|BloodMoon,HyperVoice,EarthPower,Protect|||M|||50|,,,,,Poison
|showteam|p2|Archaludon||PowerHerb|Sturdy|ElectroShot,DragonPulse,FlashCannon,Protect|||M|||50|,,,,,Electric]Politoed||SitrusBerry|Drizzle|WeatherBall,Encore,HelpingHand,Protect|||F|||50|,,,,,Grass]Dragonite||LoadedDice|Multiscale|ScaleShot,IronHead,Tailwind,Protect|||F|||50|,,,,,Steel]Incineroar||SafetyGoggles|Intimidate|FakeOut,PartingShot,KnockOff,Roar|||M|||50|,,,,,Ghost]Amoonguss||CovertCloak|Regenerator|Spore,RagePowder,PollenPuff,Protect|||M|||50|,,,,,Water]Kingdra||LifeOrb|SwiftSwim|WeatherBall,Surf,DracoMeteor,Protect|||F|||50|,,,,,Stellar
|inactive|Battle timer is ON: inactive players will automatically lose when time's up. (requested by we all hate ursf)
|inactive|we all hate ursf has 60 seconds left.
|
|t:|1757157571
|teamsize|p1|4
|teamsize|p2|4
|start
|switch|p1a: Dragonite|Dragonite, L50, M|100/100
|switch|p1b: Electabuzz|Electabuzz, L50, F|100/100
|switch|p2a: Incineroar|Incineroar, L50, M|100/100
|switch|p2b: Kingdra|Kingdra, L50, F|100/100
|-ability|p2a: Incineroar|Intimidate|boost
|-unboost|p1a: Dragonite|atk|1
|-unboost|p1b: Electabuzz|atk|1
|turn|1
|
|t:|1757157595
|move|p2b: Kingdra|Protect|p2b: Kingdra
|-singleturn|p2b: Kingdra|Protect
|move|p1b: Electabuzz|Follow Me|p1b: Electabuzz
|-singleturn|p1b: Electabuzz|move: Follow Me
|move|p1a: Dragonite|Scale Shot|p2b: Kingdra
|-activate|p2b: Kingdra|move: Protect
|move|p2a: Incineroar|Knock Off|p1b: Electabuzz
|-damage|p1b: Electabuzz|67/100
|-status|p2a: Incineroar|par|[from] ability: Static|[of] p1b: Electabuzz
|-enditem|p1b: Electabuzz|Eviolite|[from] move: Knock Off|[of] p2a: Incineroar
|
|upkeep
|turn|2
|
|t:|1757157611
|switch|p2b: Politoed|Politoed, L50, F|100/100
|-weather|RainDance|[from] ability: Drizzle|[of] p2b: Politoed
|move|p1b: Electabuzz|Follow Me|p1b: Electabuzz
|-singleturn|p1b: Electabuzz|move: Follow Me
|move|p1a: Dragonite|Scale Shot|p2b: Politoed|[miss]
|-miss|p1a: Dragonite|p2b: Politoed
|move|p2a: Incineroar|Parting Shot|p1b: Electabuzz
|-unboost|p1b: Electabuzz|atk|1
|-unboost|p1b: Electabuzz|spa|1
|
|t:|1757157620
|switch|p2a: Kingdra|Kingdra, L50, F|100/100|[from] Parting Shot
|
|-weather|RainDance|[upkeep]
|upkeep
|turn|3
|
|t:|1757157628
|switch|p1a: Rillaboom|Rillaboom, L50, M|100/100
|-fieldstart|move: Grassy Terrain|[from] ability: Grassy Surge|[of] p1a: Rillaboom
|switch|p2b: Incineroar|Incineroar, L50, M|100/100 par
|-ability|p2b: Incineroar|Intimidate|boost
|-unboost|p1a: Rillaboom|atk|1
|-unboost|p1b: Electabuzz|atk|1
|move|p2a: Kingdra|Protect|p2a: Kingdra
|-singleturn|p2a: Kingdra|Protect
|move|p1b: Electabuzz|Volt Switch|p2b: Incineroar
|-damage|p2b: Incineroar|90/100 par
|
|t:|1757157639
|switch|p1b: Dragonite|Dragonite, L50, M|100/100|[from] Volt Switch
|
|-weather|RainDance|[upkeep]
|-heal|p2b: Incineroar|96/100 par|[from] Grassy Terrain
|upkeep
|turn|4
|
|t:|1757157650
|switch|p2a: Politoed|Politoed, L50, F|100/100
|-terastallize|p1b: Dragonite|Normal
|move|p1a: Rillaboom|Fake Out|p2b: Incineroar
|-damage|p2b: Incineroar|87/100 par
|move|p1b: Dragonite|Scale Shot|p2a: Politoed
|-damage|p2a: Politoed|82/100
|-damage|p2a: Politoed|65/100
|-damage|p2a: Politoed|48/100
|-enditem|p2a: Politoed|Sitrus Berry|[eat]
|-heal|p2a: Politoed|73/100|[from] item: Sitrus Berry
|-damage|p2a: Politoed|56/100
|-damage|p2a: Politoed|40/100
|-hitcount|p2a: Politoed|5
|-unboost|p1b: Dragonite|def|1
|-boost|p1b: Dragonite|spe|1
|cant|p2b: Incineroar|flinch
|
|-weather|RainDance|[upkeep]
|-heal|p2a: Politoed|46/100|[from] Grassy Terrain
|-heal|p2b: Incineroar|93/100 par|[from] Grassy Terrain
|upkeep
|turn|5
|
|t:|1757157675
|move|p1a: Rillaboom|Grassy Glide|p2a: Politoed
|-supereffective|p2a: Politoed
|-damage|p2a: Politoed|0 fnt
|faint|p2a: Politoed
|move|p1b: Dragonite|Low Kick|p2b: Incineroar
|-supereffective|p2b: Incineroar
|-damage|p2b: Incineroar|36/100 par
|cant|p2b: Incineroar|par
|
|-weather|RainDance|[upkeep]
|-heal|p2b: Incineroar|42/100 par|[from] Grassy Terrain
|upkeep
|
|t:|1757157685
|switch|p2a: Kingdra|Kingdra, L50, F|100/100
|turn|6
|
|t:|1757157706
|-terastallize|p2a: Kingdra|Stellar
|move|p2a: Kingdra|Weather Ball|p1b: Dragonite
|-damage|p1b: Dragonite|37/100
|-damage|p2a: Kingdra|91/100|[from] item: Life Orb
|move|p1b: Dragonite|Low Kick|p2b: Incineroar
|-supereffective|p2b: Incineroar
|-damage|p2b: Incineroar|0 fnt
|faint|p2b: Incineroar
|move|p1a: Rillaboom|Wood Hammer|p2a: Kingdra
|-damage|p2a: Kingdra|21/100
|-damage|p1a: Rillaboom|83/100|[from] Recoil
|
|-weather|none
|-heal|p2a: Kingdra|27/100|[from] Grassy Terrain
|-heal|p1b: Dragonite|43/100|[from] Grassy Terrain
|-heal|p1a: Rillaboom|89/100|[from] Grassy Terrain
|upkeep
|
|t:|1757157711
|switch|p2b: Archaludon|Archaludon, L50, M|100/100
|turn|7
|-message|we all hate ursf forfeited.
|
|win|Crystneel
|l|☆we all hate ursf
|player|p2|
||we all hate ursf is ready for game 2.
