|j|☆QUELON
|html|patata navidenyaQUELON    
|uhtml|bestof|Game 2 of a best-of-3
|t:|1756391571
|gametype|doubles
|player|p1|patata navidenya|cilan|1239
|player|p2|QUELON|cyrus|1238
|gen|9
|tier|[Gen 9] VGC 2025 Reg H (Bo3)
|rated|
|rule|Species Clause: Limit one of each Pokémon
|rule|Item Clause: Limit 1 of each item
|clearpoke
|poke|p1|Pelipper, L50, M|
|poke|p1|Archaludon, L50, M|
|poke|p1|Sinistcha, L50|
|poke|p1|Incineroar, L50, M|
|poke|p1|Dragonite, L50, M|
|poke|p1|Basculegion, L50, M|
|poke|p2|Gholdengo, L50|
|poke|p2|Sneasler, L50, F|
|poke|p2|Incineroar, L50, M|
|poke|p2|Amoonguss, L50, M|
|poke|p2|Dragonite, L50, F|
|poke|p2|Ursaluna-Bloodmoon, L50, M|
|teampreview|4
|showteam|p1|Pelipper||FocusSash|Drizzle|MuddyWater,Hurricane,WideGuard,Protect|||M|||50|,,,,,Ghost]Archaludon||AssaultVest|Stamina|FlashCannon,ElectroShot,BodyPress,Snarl|||M|||50|,,,,,Bug]Sinistcha||SitrusBerry|Hospitality|MatchaGotcha,RagePowder,LifeDew,TrickRoom||||||50|,,,,,Fire]Incineroar||SafetyGoggles|Intimidate|KnockOff,Taunt,PartingShot,FakeOut|||M|||50|,,,,,Ghost]Dragonite||LoadedDice|Multiscale|ScaleShot,Tailwind,Haze,Protect|||M|||50|,,,,,Fairy]Basculegion||LifeOrb|SwiftSwim|WaveCrash,AquaJet,LastRespects,Protect|||M|||50|,,,,,Water
|showteam|p2|Gholdengo||LifeOrb|GoodasGold|MakeItRain,ShadowBall,NastyPlot,Protect||||||50|,,,,,Steel]Sneasler||FocusSash|PoisonTouch|FakeOut,CloseCombat,DireClaw,Protect|||F|||50|,,,,,Stellar]Incineroar||SafetyGoggles|Intimidate|FakeOut,FlareBlitz,KnockOff,PartingShot|||M|||50|,,,,,Ghost]Amoonguss||SitrusBerry|Regenerator|Spore,RagePowder,SludgeBomb,Protect|||M|||50|,,,,,Water]Dragonite||LoadedDice|Multiscale|ScaleShot,Haze,Tailwind,ExtremeSpeed|||F|||50|,,,,,Fairy]Ursaluna-Bloodmoon||AssaultVest|MindsEye|HyperVoice,BloodMoon,EarthPower,VacuumWave|||M|||50|,,,,,Normal
|j|☆patata navidenya
|player|p1|patata navidenya|cilan|
|inactive|Battle timer is ON: inactive players will automatically lose when time's up. (requested by patata navidenya)
|inactive|patata navidenya has 60 seconds left.
|inactive|QUELON has 60 seconds left.
|inactive|patata navidenya has 30 seconds left.
|
|t:|1756391641
|teamsize|p1|4
|teamsize|p2|4
|start
|switch|p1a: Incineroar|Incineroar, L50, M|100/100
|switch|p1b: Archaludon|Archaludon, L50, M|100/100
|switch|p2a: Gholdengo|Gholdengo, L50|100/100
|switch|p2b: Amoonguss|Amoonguss, L50, M|100/100
|-ability|p1a: Incineroar|Intimidate|boost
|-unboost|p2a: Gholdengo|atk|1
|-unboost|p2b: Amoonguss|atk|1
|turn|1
|
|t:|1756391666
|switch|p2a: Incineroar|Incineroar, L50, M, shiny|100/100
|-ability|p2a: Incineroar|Intimidate|boost
|-unboost|p1a: Incineroar|atk|1
|-unboost|p1b: Archaludon|atk|1
|move|p1b: Archaludon|Snarl|p2b: Amoonguss|[spread] p2a,p2b
|-resisted|p2a: Incineroar
|-damage|p2a: Incineroar|97/100
|-damage|p2b: Amoonguss|90/100
|-unboost|p2a: Incineroar|spa|1
|-unboost|p2b: Amoonguss|spa|1
|move|p1a: Incineroar|Taunt|p2b: Amoonguss
|-start|p2b: Amoonguss|move: Taunt
|cant|p2b: Amoonguss|move: Taunt|Spore
|
|upkeep
|turn|2
|inactive|QUELON has 30 seconds left.
|inactive|patata navidenya has 30 seconds left.
|inactive|QUELON has 20 seconds left.
|inactive|QUELON has 15 seconds left.
|inactive|QUELON has 10 seconds left.
|inactive|QUELON has 5 seconds left.
|
|t:|1756391719
|switch|p1b: Pelipper|Pelipper, L50, M|100/100
|-weather|RainDance|[from] ability: Drizzle|[of] p1b: Pelipper
|move|p2a: Incineroar|Parting Shot|p1b: Pelipper
|-unboost|p1b: Pelipper|atk|1
|-unboost|p1b: Pelipper|spa|1
|
|t:|1756391732
|switch|p2a: Dragonite|Dragonite, L50, F|100/100|[from] Parting Shot
|move|p1a: Incineroar|Knock Off|p2b: Amoonguss
|-damage|p2b: Amoonguss|69/100
|-enditem|p2b: Amoonguss|Sitrus Berry|[from] move: Knock Off|[of] p1a: Incineroar
|move|p2b: Amoonguss|Sludge Bomb|p1a: Incineroar
|-damage|p1a: Incineroar|86/100
|-status|p1a: Incineroar|psn
|
|-weather|RainDance|[upkeep]
|-damage|p1a: Incineroar|73/100 psn|[from] psn
|upkeep
|turn|3
|inactive|QUELON has 30 seconds left.
|
|t:|1756391763
|switch|p2b: Incineroar|Incineroar, L50, M, shiny|97/100
|-ability|p2b: Incineroar|Intimidate|boost
|-unboost|p1a: Incineroar|atk|1
|-unboost|p1b: Pelipper|atk|1
|move|p1b: Pelipper|Protect|p1b: Pelipper
|-singleturn|p1b: Pelipper|Protect
|move|p2a: Dragonite|Tailwind|p2a: Dragonite
|-sidestart|p2: QUELON|move: Tailwind
|move|p1a: Incineroar|Parting Shot|p2a: Dragonite
|-unboost|p2a: Dragonite|atk|1
|-unboost|p2a: Dragonite|spa|1
|
|t:|1756391777
|switch|p1a: Archaludon|Archaludon, L50, M|100/100|[from] Parting Shot
|
|-weather|RainDance|[upkeep]
|upkeep
|turn|4
|inactive|QUELON has 30 seconds left.
|inactive|QUELON has 20 seconds left.
|inactive|QUELON has 15 seconds left.
|
|t:|1756391818
|switch|p2b: Amoonguss|Amoonguss, L50, M|100/100
|move|p2a: Dragonite|Scale Shot|p1b: Pelipper
|-damage|p1b: Pelipper|85/100
|-damage|p1b: Pelipper|71/100
|-damage|p1b: Pelipper|58/100
|-damage|p1b: Pelipper|44/100
|-damage|p1b: Pelipper|31/100
|-hitcount|p1b: Pelipper|5
|-unboost|p2a: Dragonite|def|1
|-boost|p2a: Dragonite|spe|1
|move|p1b: Pelipper|Muddy Water|p2a: Dragonite|[spread] p2b
|-miss|p1b: Pelipper|p2a: Dragonite
|-resisted|p2b: Amoonguss
|-damage|p2b: Amoonguss|88/100
|move|p1a: Archaludon|Electro Shot||[still]
|-prepare|p1a: Archaludon|Electro Shot
|-boost|p1a: Archaludon|spa|1
|-anim|p1a: Archaludon|Electro Shot|p2a: Dragonite
|-damage|p2a: Dragonite|67/100
|
|-weather|RainDance|[upkeep]
|upkeep
|turn|5
|l|☆patata navidenya
|inactive|patata navidenya disconnected and has a minute to reconnect!
|player|p1|
|inactive|patata navidenya has 30 seconds left.
|inactive|QUELON has 30 seconds left.
|inactive|patata navidenya has 20 seconds left.
|inactive|QUELON has 20 seconds left.
|inactive|patata navidenya has 15 seconds left.
|inactive|patata navidenya has 10 seconds left.
|j|☆patata navidenya
|inactive|patata navidenya reconnected and has 10 seconds left.
|player|p1|patata navidenya|cilan|
|inactive|patata navidenya has 5 seconds left.
|
|t:|1756391869
|switch|p1b: Incineroar|Incineroar, L50, M|73/100 psn
|-ability|p1b: Incineroar|Intimidate|boost
|-unboost|p2a: Dragonite|atk|1
|-unboost|p2b: Amoonguss|atk|1
|move|p2a: Dragonite|Haze|p2a: Dragonite
|-clearallboost
|move|p1a: Archaludon|Electro Shot||[still]
|-prepare|p1a: Archaludon|Electro Shot
|-boost|p1a: Archaludon|spa|1
|-anim|p1a: Archaludon|Electro Shot|p2a: Dragonite
|-damage|p2a: Dragonite|4/100
|move|p2b: Amoonguss|Spore|p1a: Archaludon
|-status|p1a: Archaludon|slp|[from] move: Spore
|
|-weather|RainDance|[upkeep]
|-damage|p1b: Incineroar|61/100 psn|[from] psn
|upkeep
|turn|6
|inactive|QUELON has 30 seconds left.
|
|t:|1756391901
|switch|p2a: Gholdengo|Gholdengo, L50|100/100
|move|p1b: Incineroar|Fake Out|p2a: Gholdengo
|-immune|p2a: Gholdengo
|cant|p1a: Archaludon|slp
|move|p2b: Amoonguss|Sludge Bomb|p1b: Incineroar
|-damage|p1b: Incineroar|39/100 psn
|
|-weather|none
|-damage|p1b: Incineroar|26/100 psn|[from] psn
|-sideend|p2: QUELON|move: Tailwind
|upkeep
|turn|7
|inactive|QUELON has 30 seconds left.
|
|t:|1756391934
|-terastallize|p2a: Gholdengo|Steel
|move|p2b: Amoonguss|Rage Powder|p2b: Amoonguss
|-singleturn|p2b: Amoonguss|move: Rage Powder
|move|p2a: Gholdengo|Nasty Plot|p2a: Gholdengo
|-boost|p2a: Gholdengo|spa|2
|cant|p1a: Archaludon|slp
|move|p1b: Incineroar|Knock Off|p2a: Gholdengo
|-damage|p2a: Gholdengo|60/100
|-enditem|p2a: Gholdengo|Life Orb|[from] move: Knock Off|[of] p1b: Incineroar
|
|-damage|p1b: Incineroar|14/100 psn|[from] psn
|upkeep
|turn|8
|
|t:|1756391956
|move|p2b: Amoonguss|Rage Powder|p2b: Amoonguss
|-singleturn|p2b: Amoonguss|move: Rage Powder
|move|p2a: Gholdengo|Shadow Ball|p1a: Archaludon
|-damage|p1a: Archaludon|33/100 slp
|-ability|p1a: Archaludon|Stamina|boost
|-boost|p1a: Archaludon|def|1
|cant|p1a: Archaludon|slp
|move|p1b: Incineroar|Knock Off|p2a: Gholdengo
|-damage|p2a: Gholdengo|31/100
|
|-damage|p1b: Incineroar|1/100 psn|[from] psn
|upkeep
|turn|9
|inactive|QUELON has 30 seconds left.
|inactive|QUELON has 20 seconds left.
|
|t:|1756391994
|move|p2a: Gholdengo|Shadow Ball|p1a: Archaludon
|-damage|p1a: Archaludon|0 fnt
|faint|p1a: Archaludon
|move|p1b: Incineroar|Taunt|p2b: Amoonguss
|-start|p2b: Amoonguss|move: Taunt
|cant|p2b: Amoonguss|move: Taunt|Spore
|
|-damage|p1b: Incineroar|0 fnt|[from] psn
|faint|p1b: Incineroar
|upkeep
|
|t:|1756392013
|switch|p1a: Basculegion|Basculegion, L50, M|100/100
|switch|p1b: Pelipper|Pelipper, L50, M|31/100
|-weather|RainDance|[from] ability: Drizzle|[of] p1b: Pelipper
|turn|10
|
|t:|1756392026
|switch|p2b: Incineroar|Incineroar, L50, M, shiny|97/100
|-ability|p2b: Incineroar|Intimidate|boost
|-unboost|p1a: Basculegion|atk|1
|-unboost|p1b: Pelipper|atk|1
|move|p2a: Gholdengo|Protect|p2a: Gholdengo
|-singleturn|p2a: Gholdengo|Protect
|move|p1a: Basculegion|Wave Crash|p2a: Gholdengo
|-activate|p2a: Gholdengo|move: Protect
|move|p1b: Pelipper|Hurricane|p2b: Incineroar
|-damage|p2b: Incineroar|64/100
|
|-weather|RainDance|[upkeep]
|upkeep
|turn|11
|inactive|QUELON has 30 seconds left.
|inactive|QUELON has 20 seconds left.
|inactive|QUELON has 15 seconds left.
|
|t:|1756392071
|switch|p2a: Amoonguss|Amoonguss, L50, M|100/100
|-terastallize|p1a: Basculegion|Water
|move|p1a: Basculegion|Wave Crash|p2a: Amoonguss
|-resisted|p2a: Amoonguss
|-damage|p2a: Amoonguss|60/100
|-damage|p1a: Basculegion|85/100|[from] Recoil
|-damage|p1a: Basculegion|76/100|[from] item: Life Orb
|move|p1b: Pelipper|Muddy Water|p2a: Amoonguss|[spread] p2a,p2b
|-resisted|p2a: Amoonguss
|-supereffective|p2b: Incineroar
|-damage|p2a: Amoonguss|38/100
|-damage|p2b: Incineroar|3/100
|move|p2b: Incineroar|Parting Shot|p1a: Basculegion
|-unboost|p1a: Basculegion|atk|1
|-unboost|p1a: Basculegion|spa|1
|
|t:|1756392088
|switch|p2b: Dragonite|Dragonite, L50, F|4/100|[from] Parting Shot
|
|-weather|RainDance|[upkeep]
|upkeep
|turn|12
|
|t:|1756392100
|switch|p2a: Incineroar|Incineroar, L50, M, shiny|3/100
|-ability|p2a: Incineroar|Intimidate|boost
|-unboost|p1a: Basculegion|atk|1
|-unboost|p1b: Pelipper|atk|1
|move|p2b: Dragonite|Extreme Speed|p1b: Pelipper
|-damage|p1b: Pelipper|0 fnt
|faint|p1b: Pelipper
|move|p1a: Basculegion|Last Respects|p2b: Dragonite
|-damage|p2b: Dragonite|0 fnt
|faint|p2b: Dragonite
|-damage|p1a: Basculegion|66/100|[from] item: Life Orb
|
|-weather|RainDance|[upkeep]
|upkeep
|
|t:|1756392113
|switch|p2b: Gholdengo|Gholdengo, L50, tera:Steel|31/100
|turn|13
|-message|patata navidenya forfeited.
|
|win|QUELON
|l|☆patata navidenya
|player|p1|
||QUELON is ready for game 3.
|inactive|patata navidenya has 30 seconds to confirm battle start!
|inactive|patata navidenya has 19 seconds to confirm battle start!
|inactive|patata navidenya has 9 seconds to confirm battle start!
|uhtml|next|Next: Game 3 of 3
