|j|☆dinglustan
|j|☆i still have it
|html|dinglustani still have it    
|uhtml|bestof|Game 2 of a best-of-3
|t:|1756572164
|gametype|doubles
|player|p1|dinglustan|2|1404
|player|p2|i still have it|2|1441
|gen|9
|tier|[Gen 9] VGC 2025 Reg H (Bo3)
|rated|
|rule|Species Clause: Limit one of each Pokémon
|rule|Item Clause: Limit 1 of each item
|clearpoke
|poke|p1|Whimsicott, L50, F|
|poke|p1|Basculegion, L50, M|
|poke|p1|Arcanine-Hisui, L50, F|
|poke|p1|Hydreigon, L50, M|
|poke|p1|Farigiraf, L50, M|
|poke|p1|Pawmot, L50, M|
|poke|p2|Rillaboom, L50, M|
|poke|p2|Dragonite, L50, F|
|poke|p2|Incineroar, L50, M|
|poke|p2|Sneasler, L50, M|
|poke|p2|Kingambit, L50, M|
|poke|p2|Volcarona, L50, F|
|teampreview|4
|showteam|p1|Whimsicott||CovertCloak|Prankster|Tailwind,Moonblast,GigaDrain,Encore|||F|||50|,,,,,Water]Basculegion||ChoiceBand|Adaptability|AquaJet,LastRespects,WaveCrash,TeraBlast|||M|||50|,,,,,Fairy]Arcanine-Hisui||AssaultVest|Intimidate|ExtremeSpeed,FlareBlitz,RockSlide,TeraBlast|||F|||50|,,,,,Grass]Hydreigon||LifeOrb|Levitate|Protect,DracoMeteor,DarkPulse,HeatWave|||M|||50|,,,,,Fire]Farigiraf||ThroatSpray|ArmorTail|Protect,TrickRoom,HyperVoice,TwinBeam|||M|||50|,,,,,Grass]Pawmot||FocusSash|VoltAbsorb|FakeOut,DoubleShock,CloseCombat,RevivalBlessing|||M|||50|,,,,,Electric
|showteam|p2|Rillaboom||AssaultVest|GrassySurge|WoodHammer,Uturn,FakeOut,GrassyGlide|||M|||50|,,,,,Fire]Dragonite||LoadedDice|Multiscale|ScaleShot,Tailwind,Haze,Protect|||F|||50|,,,,,Dragon]Incineroar||SafetyGoggles|Intimidate|FlareBlitz,KnockOff,FakeOut,PartingShot|||M|||50|,,,,,Ghost]Sneasler||FocusSash|PoisonTouch|CloseCombat,DireClaw,Coaching,Protect|||M|||50|,,,,,Stellar]Kingambit||DreadPlate|Defiant|KowtowCleave,SwordsDance,SuckerPunch,Protect|||M|||50|,,,,,Dark]Volcarona||CovertCloak|FlameBody|QuiverDance,Flamethrower,TeraBlast,Protect|||F|||50|,,,,,Fairy
|inactive|Battle timer is ON: inactive players will automatically lose when time's up. (requested by dinglustan)
|
|t:|1756572176
|teamsize|p1|4
|teamsize|p2|4
|start
|switch|p1a: Whimsicott|Whimsicott, L50, F|100/100
|switch|p1b: Farigiraf|Farigiraf, L50, M|100/100
|switch|p2a: Sneasler|Sneasler, L50, M|100/100
|switch|p2b: Incineroar|Incineroar, L50, M|100/100
|-ability|p2b: Incineroar|Intimidate|boost
|-unboost|p1a: Whimsicott|atk|1
|-unboost|p1b: Farigiraf|atk|1
|turn|1
|
|t:|1756572200
|-terastallize|p1a: Whimsicott|Water
|move|p1a: Whimsicott|Tailwind|p1a: Whimsicott
|-sidestart|p1: dinglustan|move: Tailwind
|move|p2a: Sneasler|Dire Claw|p1a: Whimsicott
|-damage|p1a: Whimsicott|57/100
|move|p1b: Farigiraf|Hyper Voice|p2a: Sneasler|[spread] p2a,p2b
|-damage|p2a: Sneasler|59/100
|-damage|p2b: Incineroar|67/100
|-enditem|p1b: Farigiraf|Throat Spray
|-boost|p1b: Farigiraf|spa|1|[from] item: Throat Spray
|move|p2b: Incineroar|Parting Shot|p1b: Farigiraf
|-unboost|p1b: Farigiraf|atk|1
|-unboost|p1b: Farigiraf|spa|1
|j| T-Soro
|
|t:|1756572214
|switch|p2b: Rillaboom|Rillaboom, L50, M|100/100|[from] Parting Shot
|-fieldstart|move: Grassy Terrain|[from] ability: Grassy Surge|[of] p2b: Rillaboom
|
|-heal|p1a: Whimsicott|63/100|[from] Grassy Terrain
|-heal|p2a: Sneasler|65/100|[from] Grassy Terrain
|upkeep
|turn|2
|inactive|dinglustan has 30 seconds left.
|inactive|i still have it has 30 seconds left.
|
|t:|1756572242
|move|p2a: Sneasler|Protect|p2a: Sneasler
|-singleturn|p2a: Sneasler|Protect
|move|p1a: Whimsicott|Moonblast|p2b: Rillaboom
|-damage|p2b: Rillaboom|81/100
|move|p1b: Farigiraf|Hyper Voice|p2b: Rillaboom|[spread] p2b
|-activate|p2a: Sneasler|move: Protect
|-damage|p2b: Rillaboom|59/100
|move|p2b: Rillaboom|Wood Hammer|p1a: Whimsicott
|-supereffective|p1a: Whimsicott
|-damage|p1a: Whimsicott|0 fnt
|faint|p1a: Whimsicott
|-damage|p2b: Rillaboom|43/100|[from] Recoil
|
|-heal|p2a: Sneasler|71/100|[from] Grassy Terrain
|-heal|p2b: Rillaboom|49/100|[from] Grassy Terrain
|upkeep
|
|t:|1756572253
|switch|p1a: Basculegion|Basculegion, L50, M|100/100
|turn|3
|
|t:|1756572263
|switch|p2a: Incineroar|Incineroar, L50, M|67/100
|-ability|p2a: Incineroar|Intimidate|boost
|-unboost|p1a: Basculegion|atk|1
|-unboost|p1b: Farigiraf|atk|1
|move|p1a: Basculegion|Last Respects|p2b: Rillaboom
|-damage|p2b: Rillaboom|0 fnt
|faint|p2b: Rillaboom
|move|p1b: Farigiraf|Twin Beam|p2a: Incineroar
|-immune|p2a: Incineroar
|
|-heal|p2a: Incineroar|73/100|[from] Grassy Terrain
|upkeep
|
|t:|1756572287
|switch|p2b: Volcarona|Volcarona, L50, F|100/100
|turn|4
|
|t:|1756572309
|-terastallize|p2b: Volcarona|Fairy
|move|p1a: Basculegion|Last Respects|p2a: Incineroar
|-resisted|p2a: Incineroar
|-damage|p2a: Incineroar|43/100
|move|p1b: Farigiraf|Hyper Voice|p2b: Volcarona|[spread] p2a,p2b
|-damage|p2a: Incineroar|13/100
|-damage|p2b: Volcarona|74/100
|move|p2b: Volcarona|Quiver Dance|p2b: Volcarona
|-boost|p2b: Volcarona|spa|1
|-boost|p2b: Volcarona|spd|1
|-boost|p2b: Volcarona|spe|1
|move|p2a: Incineroar|Knock Off|p1b: Farigiraf
|-supereffective|p1b: Farigiraf
|-damage|p1b: Farigiraf|39/100
|
|-heal|p2b: Volcarona|80/100|[from] Grassy Terrain
|-heal|p1b: Farigiraf|45/100|[from] Grassy Terrain
|-heal|p2a: Incineroar|19/100|[from] Grassy Terrain
|-sideend|p1: dinglustan|move: Tailwind
|upkeep
|turn|5
|inactive|i still have it has 30 seconds left.
|
|t:|1756572336
|move|p2b: Volcarona|Flamethrower|p1b: Farigiraf
|-damage|p1b: Farigiraf|0 fnt
|faint|p1b: Farigiraf
|move|p1a: Basculegion|Last Respects|p2a: Incineroar
|-resisted|p2a: Incineroar
|-damage|p2a: Incineroar|0 fnt
|faint|p2a: Incineroar
|
|-heal|p2b: Volcarona|86/100|[from] Grassy Terrain
|-fieldend|move: Grassy Terrain
|upkeep
|
|t:|1756572341
|switch|p2a: Sneasler|Sneasler, L50, M|71/100
|switch|p1b: Pawmot|Pawmot, L50, M|100/100
|turn|6
|inactive|i still have it has 30 seconds left.
|
|t:|1756572366
|move|p1b: Pawmot|Fake Out|p2a: Sneasler
|-damage|p2a: Sneasler|46/100
|move|p2b: Volcarona|Tera Blast|p1a: Basculegion|[anim] Tera Blast Fairy
|-damage|p1a: Basculegion|33/100
|cant|p2a: Sneasler|flinch
|move|p1a: Basculegion|Last Respects|p2b: Volcarona
|-damage|p2b: Volcarona|0 fnt
|faint|p2b: Volcarona
|
|upkeep
|turn|7
|-message|i still have it forfeited.
|
|win|dinglustan
||i still have it is ready for game 3.
||dinglustan is ready for game 3.
|uhtml|next|Next: Game 3 of 3
|l| T-Soro
|l|☆dinglustan
|player|p1|
