|j|☆InfiniKnight
|j|☆morphiusdoorphius
|html|InfiniKnightmorphiusdoorphius    
|uhtml|bestof|Game 2 of a best-of-3
|t:|1784594937
|gametype|doubles
|player|p1|InfiniKnight|gambler|
|player|p2|morphiusdoorphius|linebacker|
|gen|9
|tier|[Gen 9 Champions] VGC 2026 Reg M-B (Bo3)
|rule|Species Clause: Limit one of each Pokémon
|rule|Item Clause: Limit 1 of each item
|clearpoke
|poke|p1|Staraptor, L50, M, shiny|
|poke|p1|Kommo-o, L50, F, shiny|
|poke|p1|Oranguru, L50, M, shiny|
|poke|p1|Floette-Eternal, L50, F|
|poke|p1|Garganacl, L50, M, shiny|
|poke|p1|Annihilape, L50, F, shiny|
|poke|p2|Charizard, L50, M|
|poke|p2|Talonflame, L50, F|
|poke|p2|Primarina, L50, M|
|poke|p2|Kingambit, L50, F|
|poke|p2|Kleavor, L50, M|
|poke|p2|Scrafty, L50, M|
|teampreview|4
|showteam|p1|Staraptor||ChoiceScarf|Intimidate|Tailwind,DualWingbeat,FinalGambit,Uturn|Jolly||M|||50|]Kommo-o||DragonFang|Soundproof|AuraSphere,ClangingScales,ClangorousSoul,Protect|Bold||F|||50|]Oranguru||MentalHerb|InnerFocus|Instruct,Psychic,TrickRoom,Protect|Sassy||M|||50|]Floette-Eternal||Floettite|FlowerVeil|Protect,DazzlingGleam,Moonblast,LightofRuin|Timid||F|||50|]Garganacl||Leftovers|PurifyingSalt|SaltCure,Recover,Protect,HeavySlam|Impish||M|||50|]Annihilape||SitrusBerry|Defiant|RageFist,Protect,DrainPunch,BulkUp|Adamant||F|||50|
|showteam|p2|Charizard||CharizarditeY|Blaze|HeatWave,Protect,WeatherBall,SolarBeam|Modest||M|||50|]Talonflame||FocusSash|GaleWings|Tailwind,Protect,FlareBlitz,BraveBird|Jolly||F|||50|]Primarina||MysticWater|LiquidVoice|IceBeam,Moonblast,Protect,HyperVoice|Naive||M|||50|]Kingambit||ChopleBerry|Defiant|IronHead,Protect,SuckerPunch,SwordsDance|Adamant||F|||50|]Kleavor||WideLens|Sharpness|StoneAxe,XScissor,RockSlide,Protect|Adamant||M|||50|]Scrafty||Scraftinite|Intimidate|SuperFang,FakeOut,Protect,CloseCombat|Adamant||M|||50|
|j| ChocoHammy
|j| budster16
|
|t:|1784594986
|teamsize|p1|4
|teamsize|p2|4
|start
|switch|p1a: PK starstorm|Staraptor, L50, M, shiny|100/100
|switch|p1b: Garganacl|Garganacl, L50, M, shiny|100/100
|switch|p2a: Kingambit|Kingambit, L50, F|100/100
|switch|p2b: Scrafty|Scrafty, L50, M|100/100
|-ability|p1a: PK starstorm|Intimidate|boost
|-unboost|p2a: Kingambit|atk|1
|-ability|p2a: Kingambit|Defiant|boost
|-boost|p2a: Kingambit|atk|2
|-unboost|p2b: Scrafty|atk|1
|-ability|p2b: Scrafty|Intimidate|boost
|-unboost|p1a: PK starstorm|atk|1
|-unboost|p1b: Garganacl|atk|1
|turn|1
|j| Youax55
|
|t:|1784595037
|move|p2b: Scrafty|Fake Out|p1a: PK starstorm
|-damage|p1a: PK starstorm|90/100
|cant|p1a: PK starstorm|flinch
|move|p2a: Kingambit|Iron Head|p1a: PK starstorm
|-damage|p1a: PK starstorm|0 fnt
|faint|p1a: PK starstorm
|move|p1b: Garganacl|Salt Cure|p2a: Kingambit
|-resisted|p2a: Kingambit|1
|-damage|p2a: Kingambit|96/100
|-start|p2a: Kingambit|Salt Cure
|
|-damage|p2a: Kingambit|84/100|[from] Salt Cure
|upkeep
|
|t:|1784595054
|switch|p1a: Annihilape|Annihilape, L50, F, shiny|100/100
|turn|2
|
|t:|1784595102
|move|p1b: Garganacl|Protect|p1b: Garganacl
|-singleturn|p1b: Garganacl|Protect
|move|p2a: Kingambit|Sucker Punch|p1a: Annihilape
|-damage|p1a: Annihilape|40/100
|-enditem|p1a: Annihilape|Sitrus Berry|[eat]
|-heal|p1a: Annihilape|64/100|[from] item: Sitrus Berry
|move|p2b: Scrafty|Close Combat|p1b: Garganacl
|-activate|p1b: Garganacl|move: Protect
|move|p1a: Annihilape|Drain Punch|p2a: Kingambit
|-supereffective|p2a: Kingambit|2
|-enditem|p2a: Kingambit|Chople Berry|[eat]
|-enditem|p2a: Kingambit|Chople Berry|[weaken]
|-damage|p2a: Kingambit|28/100
|-heal|p1a: Annihilape|91/100|[from] drain|[of] p2a: Kingambit
|
|-damage|p2a: Kingambit|16/100|[from] Salt Cure
|upkeep
|turn|3
|
|t:|1784595158
|move|p1a: Annihilape|Protect|p1a: Annihilape
|-singleturn|p1a: Annihilape|Protect
|move|p2a: Kingambit|Protect|p2a: Kingambit
|-singleturn|p2a: Kingambit|Protect
|move|p2b: Scrafty|Close Combat|p1b: Garganacl
|-supereffective|p1b: Garganacl|1
|-damage|p1b: Garganacl|68/100
|-unboost|p2b: Scrafty|def|1
|-unboost|p2b: Scrafty|spd|1
|move|p1b: Garganacl|Salt Cure|p2b: Scrafty
|-resisted|p2b: Scrafty|1
|-damage|p2b: Scrafty|93/100
|-start|p2b: Scrafty|Salt Cure
|
|-heal|p1b: Garganacl|73/100|[from] item: Leftovers
|-damage|p2b: Scrafty|87/100|[from] Salt Cure
|-damage|p2a: Kingambit|4/100|[from] Salt Cure
|upkeep
|turn|4
|
|t:|1784595208
|switch|p2a: Primarina|Primarina, L50, M|100/100
|move|p1b: Garganacl|Protect|p1b: Garganacl
|-singleturn|p1b: Garganacl|Protect
|move|p1a: Annihilape|Drain Punch|p2b: Scrafty
|-supereffective|p2b: Scrafty|1
|-damage|p2b: Scrafty|0 fnt
|-heal|p1a: Annihilape|100/100|[from] drain|[of] p2b: Scrafty
|faint|p2b: Scrafty
|
|-heal|p1b: Garganacl|79/100|[from] item: Leftovers
|upkeep
|
|t:|1784595228
|switch|p2b: Charizard|Charizard, L50, M|100/100
|turn|5
|
|t:|1784595260
|move|p2b: Charizard|Protect|p2b: Charizard
|-singleturn|p2b: Charizard|Protect
|move|p2a: Primarina|Hyper Voice|p1a: Annihilape|[spread] p1a,p1b
|-supereffective|p1b: Garganacl|1
|-damage|p1a: Annihilape|66/100
|-damage|p1b: Garganacl|4/100
|move|p1a: Annihilape|Rage Fist|p2b: Charizard
|-activate|p2b: Charizard|move: Protect
|move|p1b: Garganacl|Salt Cure|p2b: Charizard
|-activate|p2b: Charizard|move: Protect
|
|-heal|p1b: Garganacl|10/100|[from] item: Leftovers
|upkeep
|turn|6
|
|t:|1784595304
|detailschange|p2b: Charizard|Charizard-Mega-Y, L50, M
|-mega|p2b: Charizard|Charizard|Charizardite Y
|-weather|SunnyDay|[from] ability: Drought|[of] p2b: Charizard
|move|p1b: Garganacl|Protect|p1b: Garganacl
|-singleturn|p1b: Garganacl|Protect
|move|p2b: Charizard|Weather Ball|p1b: Garganacl
|-activate|p1b: Garganacl|move: Protect
|move|p2a: Primarina|Hyper Voice|p1a: Annihilape|[spread] p1a
|-activate|p1b: Garganacl|move: Protect
|-damage|p1a: Annihilape|48/100
|move|p1a: Annihilape|Rage Fist|p2a: Primarina
|-damage|p2a: Primarina|0 fnt
|faint|p2a: Primarina
|
|-weather|SunnyDay|[upkeep]
|-heal|p1b: Garganacl|15/100|[from] item: Leftovers
|upkeep
|
|t:|1784595321
|switch|p2a: Kingambit|Kingambit, L50, F|4/100
|turn|7
|
|t:|1784595338
|move|p2a: Kingambit|Sucker Punch||[still]
|-fail|p2a: Kingambit
|move|p2b: Charizard|Weather Ball|p1a: Annihilape
|-damage|p1a: Annihilape|0 fnt
|faint|p1a: Annihilape
|move|p1b: Garganacl|Recover|p1b: Garganacl
|-heal|p1b: Garganacl|66/100
|
|-weather|SunnyDay|[upkeep]
|-heal|p1b: Garganacl|71/100|[from] item: Leftovers
|upkeep
|
|t:|1784595348
|switch|p1a: Floette|Floette-Eternal, L50, F|100/100
|turn|8
|j| Dylan Jenson
|l| Dylan Jenson
|
|t:|1784595439
|move|p1a: Floette|Protect|p1a: Floette
|-singleturn|p1a: Floette|Protect
|move|p2b: Charizard|Solar Beam||[still]
|-prepare|p2b: Charizard|Solar Beam
|-anim|p2b: Charizard|Solar Beam|p1b: Garganacl
|-supereffective|p1b: Garganacl|1
|-damage|p1b: Garganacl|0 fnt
|faint|p1b: Garganacl
|move|p2a: Kingambit|Iron Head|p1a: Floette
|-activate|p1a: Floette|move: Protect
|
|-weather|SunnyDay|[upkeep]
|upkeep
|turn|9
|
|t:|1784595465
|detailschange|p1a: Floette|Floette-Mega, L50, F
|-mega|p1a: Floette|Floette|Floettite
|-ability|p1a: Floette|Fairy Aura
|move|p2a: Kingambit|Protect|p2a: Kingambit
|-singleturn|p2a: Kingambit|Protect
|move|p1a: Floette|Dazzling Gleam|p2b: Charizard|[spread] p2b
|-activate|p2a: Kingambit|move: Protect
|-resisted|p2b: Charizard|1
|-damage|p2b: Charizard|76/100
|move|p2b: Charizard|Weather Ball|p1a: Floette
|-damage|p1a: Floette|18/100
|
|-weather|SunnyDay|[upkeep]
|upkeep
|turn|10
|j| Dylan Jenson
|
|t:|1784595481
|move|p2a: Kingambit|Sucker Punch|p1a: Floette
|-resisted|p1a: Floette|1
|-crit|p1a: Floette
|-damage|p1a: Floette|0 fnt
|faint|p1a: Floette
|
|win|morphiusdoorphius
