|j|☆dugvgc
|j|☆none0279
|html|dugvgcnone0279    
|uhtml|bestof|Game 2 of a best-of-3
|t:|1784139597
|gametype|doubles
|player|p1|dugvgc|koga|1345
|player|p2|none0279|cynthia|1242
|gen|9
|tier|[Gen 9 Champions] VGC 2026 Reg M-B (Bo3)
|rated|
|rule|Species Clause: Limit one of each Pokémon
|rule|Item Clause: Limit 1 of each item
|clearpoke
|poke|p1|Delphox, L50, F|
|poke|p1|Blastoise, L50, M|
|poke|p1|Incineroar, L50, M|
|poke|p1|Sneasler, L50, M|
|poke|p1|Sinistcha, L50|
|poke|p1|Altaria, L50, M|
|poke|p2|Gengar, L50, F|
|poke|p2|Hydreigon, L50, M|
|poke|p2|Whimsicott, L50, M|
|poke|p2|Gallade, L50, M|
|poke|p2|Politoed, L50, M|
|poke|p2|Floette-Eternal, L50, F|
|teampreview|4
|showteam|p1|Delphox||Delphoxite|Blaze|Psychic,HeatWave,NastyPlot,Protect|Timid||F|||50|]Blastoise||Blastoisinite|RainDish|WaterSpout,DarkPulse,ShellSmash,Protect|Modest||M|||50|]Incineroar||SitrusBerry|Intimidate|FlareBlitz,FakeOut,ThroatChop,PartingShot|Impish||M|||50|]Sneasler||FocusSash|PoisonTouch|CloseCombat,PoisonJab,FakeOut,QuickGuard|Jolly||M|||50|]Sinistcha||OccaBerry|Hospitality|MatchaGotcha,LifeDew,RagePowder,Protect|Bold|||||50|]Altaria||HabanBerry|CloudNine|DragonPulse,WillOWisp,HelpingHand,Defog|Calm||M|||50|
|showteam|p2|Gengar||Gengarite|CursedBody|ShadowBall,SludgeBomb,Protect,Disable|Modest||F|||50|]Hydreigon||ChoiceScarf|Levitate|DracoMeteor,DarkPulse,Snarl,EarthPower|Modest||M|||50|]Whimsicott||FairyFeather|Prankster|Moonblast,Tailwind,Encore,Protect|Bold||M|||50|]Gallade||FocusSash|Sharpness|SacredSword,LeafBlade,Protect,PsychoCut|Jolly||M|||50|]Politoed||SitrusBerry|Drizzle|WeatherBall,Encore,Protect,PerishSong|Calm||M|||50|]Floette-Eternal||Floettite|FlowerVeil|Moonblast,DazzlingGleam,Protect,LightofRuin|Timid||F|||50|
|inactive|Battle timer is ON: inactive players will automatically lose when time's up. (requested by none0279)
|
|t:|1784139613
|teamsize|p1|4
|teamsize|p2|4
|start
|switch|p1a: Sneasler|Sneasler, L50, M|100/100
|switch|p1b: Incineroar|Incineroar, L50, M|100/100
|switch|p2a: Gengar|Gengar, L50, F|100/100
|switch|p2b: Pinky|Hydreigon, L50, M|100/100
|-ability|p1b: Incineroar|Intimidate|boost
|-unboost|p2a: Gengar|atk|1
|-unboost|p2b: Pinky|atk|1
|turn|1
|
|t:|1784139625
|detailschange|p2a: Gengar|Gengar-Mega, L50, F
|-mega|p2a: Gengar|Gengar|Gengarite
|move|p1b: Incineroar|Fake Out|p2b: Pinky
|-damage|p2b: Pinky|88/100
|cant|p2b: Pinky|flinch
|move|p1a: Sneasler|Close Combat|p2b: Pinky
|-supereffective|p2b: Pinky|1
|-damage|p2b: Pinky|0 fnt
|-unboost|p1a: Sneasler|def|1
|-unboost|p1a: Sneasler|spd|1
|faint|p2b: Pinky
|move|p2a: Gengar|Sludge Bomb|p1b: Incineroar
|-damage|p1b: Incineroar|44/100
|-enditem|p1b: Incineroar|Sitrus Berry|[eat]
|-heal|p1b: Incineroar|69/100|[from] item: Sitrus Berry
|
|upkeep
|
|t:|1784139644
|switch|p2b: Cottonball|Whimsicott, L50, M|100/100
|turn|2
|
|t:|1784139649
|move|p1a: Sneasler|Quick Guard|p1a: Sneasler
|-singleturn|p1a: Sneasler|Quick Guard
|move|p2a: Gengar|Sludge Bomb|p1b: Incineroar
|-damage|p1b: Incineroar|17/100
|move|p2b: Cottonball|Moonblast|p1b: Incineroar
|-damage|p1b: Incineroar|0 fnt
|faint|p1b: Incineroar
|
|upkeep
|
|t:|1784139665
|switch|p1b: Delphox|Delphox, L50, F|100/100
|turn|3
|
|t:|1784139687
|detailschange|p1b: Delphox|Delphox-Mega, L50, F
|-mega|p1b: Delphox|Delphox|Delphoxite
|move|p2a: Gengar|Protect|p2a: Gengar
|-singleturn|p2a: Gengar|Protect
|move|p2b: Cottonball|Tailwind|p2b: Cottonball
|-sidestart|p2: none0279|move: Tailwind
|move|p1b: Delphox|Psychic|p2a: Gengar
|-activate|p2a: Gengar|move: Protect
|move|p1a: Sneasler|Poison Jab|p2b: Cottonball
|-supereffective|p2b: Cottonball|2
|-damage|p2b: Cottonball|0 fnt
|faint|p2b: Cottonball
|
|upkeep
|
|t:|1784139696
|switch|p2b: Gallade|Gallade, L50, M|100/100
|turn|4
|
|t:|1784139714
|move|p2a: Gengar|Shadow Ball|p1b: Delphox
|-supereffective|p1b: Delphox|1
|-damage|p1b: Delphox|7/100
|move|p2b: Gallade|Sacred Sword|p1b: Delphox
|-resisted|p1b: Delphox|1
|-damage|p1b: Delphox|0 fnt
|faint|p1b: Delphox
|move|p1a: Sneasler|Poison Jab|p2b: Gallade
|-damage|p2b: Gallade|28/100
|
|upkeep
|
|t:|1784139720
|switch|p1b: Sinistcha|Sinistcha, L50|100/100
|turn|5
|
|t:|1784139740
|move|p1b: Sinistcha|Protect|p1b: Sinistcha
|-singleturn|p1b: Sinistcha|Protect
|move|p2a: Gengar|Shadow Ball|p1a: Sneasler
|-enditem|p1a: Sneasler|Focus Sash
|-damage|p1a: Sneasler|1/100
|move|p2b: Gallade|Psycho Cut|p1a: Sneasler
|-supereffective|p1a: Sneasler|2
|-damage|p1a: Sneasler|0 fnt
|faint|p1a: Sneasler
|
|upkeep
|turn|6
|-message|dugvgc forfeited.
|
|win|none0279
|raw|dugvgc's rating: 1345 → 1319(-26 for losing)
|raw|none0279's rating: 1242 → 1274(+32 for winning)
|l|☆dugvgc
|player|p1|
|l|☆none0279
|player|p2|
|j|☆none0279
|player|p2|none0279|cynthia|
|l|☆none0279
|player|p2|
|j|☆none0279
|player|p2|none0279|cynthia|
