|j|☆lettitripppp
|j|☆unbrokenduck2
|html|lettitrippppunbrokenduck2    
|uhtml|bestof|Game 2 of a best-of-3
|t:|1785949965
|gametype|doubles
|player|p1|lettitripppp|lucas|1137
|player|p2|unbrokenduck2|swimmerf-gen4dp|1125
|gen|9
|tier|[Gen 9 Champions] VGC 2026 Reg M-B (Bo3)
|rated|
|rule|Species Clause: Limit one of each Pokémon
|rule|Item Clause: Limit 1 of each item
|clearpoke
|poke|p1|Charizard, L50, F, shiny|
|poke|p1|Swampert, L50, F|
|poke|p1|Pelipper, L50, F|
|poke|p1|Venusaur, L50, M|
|poke|p1|Archaludon, L50, F|
|poke|p1|Grimmsnarl, L50, M, shiny|
|poke|p2|Chandelure, L50, F|
|poke|p2|Whimsicott, L50, F|
|poke|p2|Dragonite, L50, M, shiny|
|poke|p2|Sneasler, L50, M|
|poke|p2|Glimmora, L50, F|
|poke|p2|Grimmsnarl, L50, M, shiny|
|teampreview|4
|showteam|p1|Charizard||CharizarditeY|Blaze|WeatherBall,HeatWave,Hurricane,Protect|Modest||F|||50|]Swampert||Swampertite|Damp|WaveCrash,Earthquake,IcePunch,Protect|Adamant||F|||50|]Pelipper||SitrusBerry|Drizzle|WeatherBall,WideGuard,Hurricane,Tailwind|Modest||F|||50|]Venusaur||FocusSash|Chlorophyll|SleepPowder,SludgeBomb,LeafStorm,Protect|Modest||M|||50|]Archaludon||Leftovers|Stamina|FlashCannon,DragonPulse,ElectroShot,Protect|Calm||F|||50|]Grimmsnarl||LightClay|Prankster|PartingShot,LightScreen,SpiritBreak,Reflect|Sassy||M|||50|
|showteam|p2|Chandelure||Chandelurite|Infiltrator|ShadowBall,HeatWave,EnergyBall,Protect|Modest||F|||50|]Whimsicott||FocusSash|Prankster|Tailwind,EnergyBall,Moonblast,Protect|Timid||F|||50|]Dragonite||LifeOrb|InnerFocus|ExtremeSpeed,DragonClaw,Superpower,Protect|Adamant||M|||50|]Sneasler||WhiteHerb|PoisonTouch|CloseCombat,DireClaw,Protect,FirePunch|Jolly||M|||50|]Glimmora||Glimmoranite|ToxicDebris|PowerGem,SludgeBomb,SpikyShield,EarthPower|Timid||F|||50|]Grimmsnarl||Leftovers|Prankster|FakeOut,Taunt,SuckerPunch,SpiritBreak|Impish||M|||50|
|inactive|Battle timer is ON: inactive players will automatically lose when time's up. (requested by lettitripppp)
|inactive|unbrokenduck2 has 60 seconds left.
|
|t:|1785950001
|teamsize|p1|4
|teamsize|p2|4
|start
|switch|p1a: BEYOND BRIDGE|Archaludon, L50, F|100/100
|switch|p1b: GO JOHAN|Grimmsnarl, L50, M, shiny|100/100
|switch|p2a: Chandelure|Chandelure, L50, F|100/100
|switch|p2b: Grimmsnarl|Grimmsnarl, L50, M, shiny|100/100
|turn|1
|inactive|unbrokenduck2 has 30 seconds left.
|
|t:|1785950030
|detailschange|p2a: Chandelure|Chandelure-Mega, L50, F
|-mega|p2a: Chandelure|Chandelure|Chandelurite
|move|p1a: BEYOND BRIDGE|Protect|p1a: BEYOND BRIDGE
|-singleturn|p1a: BEYOND BRIDGE|Protect
|move|p2b: Grimmsnarl|Fake Out|p1a: BEYOND BRIDGE
|-activate|p1a: BEYOND BRIDGE|move: Protect
|move|p1b: GO JOHAN|Light Screen|p1b: GO JOHAN
|-sidestart|p1: lettitripppp|move: Light Screen
|move|p2a: Chandelure|Heat Wave|p1a: BEYOND BRIDGE|[spread] 
|-activate|p1a: BEYOND BRIDGE|move: Protect
|-miss|p2a: Chandelure|p1b: GO JOHAN
|
|upkeep
|turn|2
|
|t:|1785950044
|switch|p1b: WET-BEAK|Pelipper, L50, F|100/100
|-weather|RainDance|[from] ability: Drizzle|[of] p1b: WET-BEAK
|move|p2a: Chandelure|Heat Wave|p1b: WET-BEAK|[spread] p1a,p1b
|-resisted|p1b: WET-BEAK|1
|-damage|p1a: BEYOND BRIDGE|78/100
|-damage|p1b: WET-BEAK|83/100
|-ability|p1a: BEYOND BRIDGE|Stamina|boost
|-boost|p1a: BEYOND BRIDGE|def|1
|move|p1a: BEYOND BRIDGE|Electro Shot||[still]
|-prepare|p1a: BEYOND BRIDGE|Electro Shot
|-boost|p1a: BEYOND BRIDGE|spa|1
|-anim|p1a: BEYOND BRIDGE|Electro Shot|p2b: Grimmsnarl
|-damage|p2b: Grimmsnarl|44/100
|move|p2b: Grimmsnarl|Spirit Break|p1a: BEYOND BRIDGE
|-damage|p1a: BEYOND BRIDGE|61/100
|-unboost|p1a: BEYOND BRIDGE|spa|1
|-ability|p1a: BEYOND BRIDGE|Stamina|boost
|-boost|p1a: BEYOND BRIDGE|def|1
|
|-weather|RainDance|[upkeep]
|-heal|p1a: BEYOND BRIDGE|68/100|[from] item: Leftovers
|-heal|p2b: Grimmsnarl|50/100g|[from] item: Leftovers
|upkeep
|turn|3
|inactive|unbrokenduck2 has 30 seconds left.
|
|t:|1785950076
|move|p2a: Chandelure|Protect|p2a: Chandelure
|-singleturn|p2a: Chandelure|Protect
|move|p2b: Grimmsnarl|Taunt|p1b: WET-BEAK
|-start|p1b: WET-BEAK|move: Taunt
|move|p1a: BEYOND BRIDGE|Electro Shot||[still]
|-prepare|p1a: BEYOND BRIDGE|Electro Shot
|-boost|p1a: BEYOND BRIDGE|spa|1
|-anim|p1a: BEYOND BRIDGE|Electro Shot|p2b: Grimmsnarl
|-damage|p2b: Grimmsnarl|0 fnt
|faint|p2b: Grimmsnarl
|move|p1b: WET-BEAK|Hurricane|p2a: Chandelure
|-activate|p2a: Chandelure|move: Protect
|
|-weather|RainDance|[upkeep]
|-heal|p1a: BEYOND BRIDGE|74/100|[from] item: Leftovers
|upkeep
|
|t:|1785950089
|switch|p2b: Whimsicott|Whimsicott, L50, F|100/100
|turn|4
|
|t:|1785950100
|move|p2b: Whimsicott|Tailwind|p2b: Whimsicott
|-sidestart|p2: unbrokenduck2|move: Tailwind
|move|p2a: Chandelure|Shadow Ball|p1a: BEYOND BRIDGE
|-damage|p1a: BEYOND BRIDGE|28/100
|-ability|p1a: BEYOND BRIDGE|Stamina|boost
|-boost|p1a: BEYOND BRIDGE|def|1
|move|p1a: BEYOND BRIDGE|Electro Shot||[still]
|-prepare|p1a: BEYOND BRIDGE|Electro Shot
|-boost|p1a: BEYOND BRIDGE|spa|1
|-anim|p1a: BEYOND BRIDGE|Electro Shot|p2b: Whimsicott
|-resisted|p2b: Whimsicott|1
|-damage|p2b: Whimsicott|44/100
|move|p1b: WET-BEAK|Hurricane|p2b: Whimsicott
|-supereffective|p2b: Whimsicott|1
|-damage|p2b: Whimsicott|0 fnt
|faint|p2b: Whimsicott
|
|-weather|RainDance|[upkeep]
|-heal|p1a: BEYOND BRIDGE|34/100|[from] item: Leftovers
|upkeep
|
|t:|1785950116
|switch|p2b: Sneasler|Sneasler, L50, M|100/100
|turn|5
|
|t:|1785950123
|move|p2b: Sneasler|Dire Claw|p1b: WET-BEAK
|-damage|p1b: WET-BEAK|36/100
|-enditem|p1b: WET-BEAK|Sitrus Berry|[eat]
|-heal|p1b: WET-BEAK|61/100|[from] item: Sitrus Berry
|move|p2a: Chandelure|Shadow Ball|p1a: BEYOND BRIDGE
|-damage|p1a: BEYOND BRIDGE|0 fnt
|faint|p1a: BEYOND BRIDGE
|move|p1b: WET-BEAK|Weather Ball|p2a: Chandelure
|-supereffective|p2a: Chandelure|1
|-damage|p2a: Chandelure|0 fnt
|faint|p2a: Chandelure
|
|-weather|RainDance|[upkeep]
|-end|p1b: WET-BEAK|move: Taunt
|upkeep
|
|t:|1785950137
|switch|p1a: ROID WAVE|Swampert, L50, F|100/100
|turn|6
|
|t:|1785950143
|detailschange|p1a: ROID WAVE|Swampert-Mega, L50, F
|-mega|p1a: ROID WAVE|Swampert|Swampertite
|move|p2b: Sneasler|Dire Claw|p1b: WET-BEAK
|-damage|p1b: WET-BEAK|12/100
|-status|p1b: WET-BEAK|psn|[from] ability: Poison Touch|[of] p2b: Sneasler
|move|p1a: ROID WAVE|Earthquake|p2b: Sneasler|[spread] p2b
|-immune|p1b: WET-BEAK
|-supereffective|p2b: Sneasler|1
|-damage|p2b: Sneasler|0 fnt
|faint|p2b: Sneasler
|
|win|lettitripppp
|raw|lettitripppp's rating: 1137 → 1161(+24 for winning)
|raw|unbrokenduck2's rating: 1125 → 1101(-24 for losing)
