|j|☆Mongoos19
|j|☆p0lisindet0n
|html|Mongoos19p0lisindet0n    
|uhtml|bestof|Game 1 of a best-of-3
|t:|1757938764
|gametype|doubles
|player|p1|Mongoos19|102|1228
|player|p2|p0lisindet0n|lucas|1158
|gen|9
|tier|[Gen 9] VGC 2025 Reg H (Bo3)
|rated|
|rule|Species Clause: Limit one of each Pokémon
|rule|Item Clause: Limit 1 of each item
|clearpoke
|poke|p1|Indeedee-F, L50, F|
|poke|p1|Ursaluna, L50, M|
|poke|p1|Torkoal, L50, F|
|poke|p1|Lilligant-Hisui, L50, F|
|poke|p1|Dragapult, L50, M|
|poke|p1|Hatterene, L50, F|
|poke|p2|Volcarona, L50, F|
|poke|p2|Rillaboom, L50, M|
|poke|p2|Electabuzz, L50, F|
|poke|p2|Whimsicott, L50, F|
|poke|p2|Typhlosion-Hisui, L50, F|
|poke|p2|Ursaluna-Bloodmoon, L50, M|
|teampreview|4
|showteam|p1|Indeedee-F||SafetyGoggles|PsychicSurge|Psychic,FollowMe,TrickRoom,Protect|||F|||50|,,,,,Fairy]Ursaluna||FlameOrb|Guts|Facade,HeadlongRush,Earthquake,Protect|||M|||50|,,,,,Ghost]Torkoal||Charcoal|Drought|Eruption,WeatherBall,EarthPower,Protect|||F|||50|,,,,,Grass]Lilligant-Hisui||FocusSash|Chlorophyll|SolarBlade,CloseCombat,AfterYou,Protect|||F|||50|,,,,,Ghost]Dragapult||ChoiceBand|ClearBody|DragonDarts,PhantomForce,TeraBlast,Uturn|||M|||50|,,,,,Steel]Hatterene||LifeOrb|MagicBounce|ExpandingForce,DazzlingGleam,TrickRoom,Protect|||F|||50|,,,,,Psychic
|showteam|p2|Volcarona||GrassySeed|FlameBody|FieryDance,TeraBlast,QuiverDance,Protect|||F|||50|,,,,,Fairy]Rillaboom||AssaultVest|GrassySurge|WoodHammer,GrassyGlide,FakeOut,Uturn|||M|||50|,,,,,Fire]Electabuzz||Eviolite|VitalSpirit|FollowMe,Electroweb,Taunt,ThunderWave|||F|||50|,,,,,Ghost]Whimsicott||CovertCloak|Prankster|Tailwind,SunnyDay,Moonblast,FakeTears|||F|||50|,,,,,Poison]Typhlosion-Hisui||ChoiceSpecs|Blaze|Eruption,Overheat,ShadowBall,FocusBlast|||F|||50|,,,,,Fire]Ursaluna-Bloodmoon||LifeOrb|MindsEye|BloodMoon,EarthPower,HyperVoice,Protect|||M|||50|,,,,,Normal
|inactive|Battle timer is ON: inactive players will automatically lose when time's up. (requested by Mongoos19)
|inactive|Mongoos19 has 60 seconds left.
|
|t:|1757938816
|teamsize|p1|4
|teamsize|p2|4
|start
|switch|p1a: Dragapult|Dragapult, L50, M|100/100
|switch|p1b: Shakira|Indeedee-F, L50, F, shiny|100/100
|switch|p2a: Typhlosion|Typhlosion-Hisui, L50, F|100/100
|switch|p2b: Ursaluna|Ursaluna-Bloodmoon, L50, M|100/100
|-fieldstart|move: Psychic Terrain|[from] ability: Psychic Surge|[of] p1b: Shakira
|turn|1
|inactive|p0lisindet0n has 30 seconds left.
|
|t:|1757938844
|-terastallize|p2b: Ursaluna|Normal
|move|p1b: Shakira|Protect|p1b: Shakira
|-singleturn|p1b: Shakira|Protect
|move|p1a: Dragapult|Phantom Force||[still]
|-prepare|p1a: Dragapult|Phantom Force
|move|p2a: Typhlosion|Shadow Ball|p1a: Dragapult|[miss]
|-miss|p2a: Typhlosion|p1a: Dragapult
|move|p2b: Ursaluna|Blood Moon|p1b: Shakira
|-activate|p1b: Shakira|move: Protect
|
|upkeep
|turn|2
|
|t:|1757938863
|switch|p2a: Electabuzz|Electabuzz, L50, F|100/100
|move|p1a: Dragapult|Phantom Force|p2a: Electabuzz|[from] lockedmove
|-damage|p2a: Electabuzz|46/100
|move|p2b: Ursaluna|Hyper Voice|p1a: Dragapult|[spread] p1a,p1b
|-damage|p1a: Dragapult|0 fnt
|-damage|p1b: Shakira|34/100
|faint|p1a: Dragapult
|-damage|p2b: Ursaluna|91/100|[from] item: Life Orb
|move|p1b: Shakira|Trick Room|p1b: Shakira
|-fieldstart|move: Trick Room|[of] p1b: Shakira
|
|upkeep
|
|t:|1757938883
|switch|p1a: Torkoal|Torkoal, L50, F|100/100
|-weather|SunnyDay|[from] ability: Drought|[of] p1a: Torkoal
|turn|3
|
|t:|1757938908
|switch|p1b: Hatterene|Hatterene, L50, F, shiny|100/100
|switch|p2a: Typhlosion|Typhlosion-Hisui, L50, F|100/100
|-terastallize|p1a: Torkoal|Grass
|move|p2b: Ursaluna|Protect|p2b: Ursaluna
|-singleturn|p2b: Ursaluna|Protect
|move|p1a: Torkoal|Eruption|p2b: Ursaluna|[spread] p2a
|-activate|p2b: Ursaluna|move: Protect
|-resisted|p2a: Typhlosion
|-crit|p2a: Typhlosion
|-damage|p2a: Typhlosion|11/100
|
|-weather|SunnyDay|[upkeep]
|upkeep
|turn|4
|
|t:|1757938929
|switch|p2b: Electabuzz|Electabuzz, L50, F|46/100
|move|p1a: Torkoal|Eruption|p2b: Electabuzz|[spread] p2a,p2b
|-resisted|p2a: Typhlosion
|-damage|p2a: Typhlosion|0 fnt
|-damage|p2b: Electabuzz|0 fnt
|faint|p2a: Typhlosion
|faint|p2b: Electabuzz
|move|p1b: Hatterene|Expanding Force|p2: Typhlosion|[notarget]
|-fail|p1b: Hatterene
|
|-weather|SunnyDay|[upkeep]
|upkeep
|
|t:|1757938939
|switch|p2b: Ursaluna|Ursaluna-Bloodmoon, L50, M, tera:Normal|91/100
|switch|p2a: Rillaboom|Rillaboom, L50, M|100/100
|-fieldstart|move: Grassy Terrain|[from] ability: Grassy Surge|[of] p2a: Rillaboom
|turn|5
|
|t:|1757938953
|switch|p1b: Shakira|Indeedee-F, L50, F, shiny|34/100
|-fieldstart|move: Psychic Terrain|[from] ability: Psychic Surge|[of] p1b: Shakira
|move|p2a: Rillaboom|Fake Out|p1a: Torkoal
|-activate|p1a: Torkoal|move: Psychic Terrain
|move|p1a: Torkoal|Eruption|p2a: Rillaboom|[spread] p2a,p2b
|-supereffective|p2a: Rillaboom
|-damage|p2a: Rillaboom|0 fnt
|-damage|p2b: Ursaluna|0 fnt
|faint|p2a: Rillaboom
|faint|p2b: Ursaluna
|
|win|Mongoos19
||p0lisindet0n is ready for game 2.
||Mongoos19 is ready for game 2.
|uhtml|next|Next: Game 2 of 3
