|j|☆darthmorton
|j|☆Adrinhoo
|html|darthmortonAdrinhoo    
|uhtml|bestof|Game 3 of a best-of-3
|t:|1754309083
|gametype|doubles
|player|p1|darthmorton|ingo|1283
|player|p2|Adrinhoo|pokekid|1256
|gen|9
|tier|[Gen 9] VGC 2025 Reg H (Bo3)
|rated|
|rule|Species Clause: Limit one of each Pokémon
|rule|Item Clause: Limit 1 of each item
|clearpoke
|poke|p1|Kommo-o, L50, M|
|poke|p1|Rillaboom, L50, F|
|poke|p1|Clefairy, L50, F|
|poke|p1|Kingambit, L50, F|
|poke|p1|Sneasler, L50, M|
|poke|p1|Gyarados, L50, M|
|poke|p2|Archaludon, L50, M|
|poke|p2|Gholdengo, L50|
|poke|p2|Sinistcha, L50|
|poke|p2|Pelipper, L50, F|
|poke|p2|Ursaluna, L50, M|
|poke|p2|Dragonite, L50, F|
|teampreview|4
|showteam|p1|Kommo-o||ThroatSpray|Overcoat|ClangingScales,Flamethrower,ClangorousSoul,Protect|||M|||50|,,,,,Fire]Rillaboom||AssaultVest|GrassySurge|FakeOut,WoodHammer,GrassyGlide,Uturn|||F|||50|,,,,,Fire]Clefairy||Eviolite|FriendGuard|FollowMe,HelpingHand,Protect,LifeDew|||F|||50|,,,,,Grass]Kingambit||BlackGlasses|Defiant|KowtowCleave,SuckerPunch,IronHead,Protect|||F|||50|,,,,,Ghost]Sneasler||GrassySeed|Unburden|FakeOut,CloseCombat,DireClaw,Coaching|||M|||50|,,,,,Ghost]Gyarados||CovertCloak|Intimidate|Waterfall,Taunt,IronHead,ThunderWave|||M|||50|,,,,,Fairy
|showteam|p2|Archaludon||AssaultVest|Stamina|FlashCannon,BodyPress,ElectroShot,Snarl|||M|||50|,,,,,Fighting]Gholdengo||ChoiceScarf|GoodasGold|MakeItRain,ShadowBall,Trick,Protect||||||50|,,,,,Flying]Sinistcha||SitrusBerry|Hospitality|MatchaGotcha,LifeDew,RagePowder,TrickRoom||||||50|,,,,,Dark]Pelipper||FocusSash|Drizzle|Tailwind,Hurricane,WeatherBall,Protect|||F|||50|,,,,,Ghost]Ursaluna||FlameOrb|Guts|HeadlongRush,Earthquake,Facade,Protect|||M|||50|,,,,,Ghost]Dragonite||LoadedDice|Multiscale|ScaleShot,Tailwind,Haze,Protect|||F|||50|,,,,,Fairy
|inactive|Battle timer is ON: inactive players will automatically lose when time's up. (requested by Adrinhoo)
|inactive|darthmorton also wants the timer to be on.
|inactive|Adrinhoo has 60 seconds left.
|
|t:|1754309118
|teamsize|p1|4
|teamsize|p2|4
|start
|switch|p1a: Craig|Sneasler, L50, M, shiny|100/100
|switch|p1b: Jackson|Kingambit, L50, F, shiny|100/100
|switch|p2a: Dragonite|Dragonite, L50, F, shiny|100/100
|switch|p2b: Archaludon|Archaludon, L50, M|100/100
|turn|1
|
|t:|1754309138
|-terastallize|p1b: Jackson|Ghost
|move|p2a: Dragonite|Protect|p2a: Dragonite
|-singleturn|p2a: Dragonite|Protect
|move|p1a: Craig|Fake Out|p2a: Dragonite
|-activate|p2a: Dragonite|move: Protect
|move|p2b: Archaludon|Flash Cannon|p1a: Craig
|-damage|p1a: Craig|44/100
|move|p1b: Jackson|Kowtow Cleave|p2b: Archaludon
|-damage|p2b: Archaludon|59/100
|-ability|p2b: Archaludon|Stamina|boost
|-boost|p2b: Archaludon|def|1
|
|upkeep
|turn|2
|
|t:|1754309157
|move|p1a: Craig|Dire Claw|p2a: Dragonite
|-damage|p2a: Dragonite|74/100
|move|p2a: Dragonite|Scale Shot|p1b: Jackson|[miss]
|-miss|p2a: Dragonite|p1b: Jackson
|move|p2b: Archaludon|Flash Cannon|p1a: Craig
|-damage|p1a: Craig|0 fnt
|faint|p1a: Craig
|move|p1b: Jackson|Kowtow Cleave|p2a: Dragonite
|-damage|p2a: Dragonite|8/100
|
|upkeep
|
|t:|1754309168
|switch|p1a: Blake|Kommo-o, L50, M, shiny|100/100
|turn|3
|
|t:|1754309180
|switch|p2a: Pelipper|Pelipper, L50, F, shiny|100/100
|-weather|RainDance|[from] ability: Drizzle|[of] p2a: Pelipper
|move|p1b: Jackson|Sucker Punch||[still]
|-fail|p1b: Jackson
|move|p1a: Blake|Clangorous Soul|p1a: Blake
|-boost|p1a: Blake|atk|1
|-boost|p1a: Blake|def|1
|-boost|p1a: Blake|spa|1
|-boost|p1a: Blake|spd|1
|-boost|p1a: Blake|spe|1
|-damage|p1a: Blake|68/100
|-enditem|p1a: Blake|Throat Spray
|-boost|p1a: Blake|spa|1|[from] item: Throat Spray
|move|p2b: Archaludon|Electro Shot||[still]
|-prepare|p2b: Archaludon|Electro Shot
|-boost|p2b: Archaludon|spa|1
|-anim|p2b: Archaludon|Electro Shot|p1b: Jackson
|-damage|p1b: Jackson|41/100
|
|-weather|RainDance|[upkeep]
|upkeep
|turn|4
|inactive|Adrinhoo has 30 seconds left.
|inactive|Adrinhoo has 20 seconds left.
|
|t:|1754309220
|switch|p2b: Dragonite|Dragonite, L50, F, shiny|8/100
|switch|p1b: AJ|Rillaboom, L50, F, shiny|100/100
|-fieldstart|move: Grassy Terrain|[from] ability: Grassy Surge|[of] p1b: AJ
|move|p1a: Blake|Protect|p1a: Blake
|-singleturn|p1a: Blake|Protect
|move|p2a: Pelipper|Protect||[still]
|-fail|p2a: Pelipper
|
|-weather|RainDance|[upkeep]
|-heal|p1a: Blake|74/100|[from] Grassy Terrain
|upkeep
|turn|5
|inactive|Adrinhoo has 30 seconds left.
|inactive|darthmorton has 30 seconds left.
|
|t:|1754309253
|move|p2a: Pelipper|Protect|p2a: Pelipper
|-singleturn|p2a: Pelipper|Protect
|move|p1b: AJ|Fake Out|p2a: Pelipper
|-activate|p2a: Pelipper|move: Protect
|move|p1a: Blake|Flamethrower|p2b: Dragonite
|-resisted|p2b: Dragonite
|-damage|p2b: Dragonite|0 fnt
|faint|p2b: Dragonite
|
|-weather|RainDance|[upkeep]
|-heal|p1a: Blake|80/100|[from] Grassy Terrain
|upkeep
|
|t:|1754309259
|switch|p2b: Gholdengo|Gholdengo, L50|100/100
|turn|6
|inactive|darthmorton has 30 seconds left.
|
|t:|1754309290
|move|p1b: AJ|Grassy Glide|p2a: Pelipper
|-damage|p2a: Pelipper|53/100
|move|p1a: Blake|Flamethrower|p2a: Pelipper
|-resisted|p2a: Pelipper
|-damage|p2a: Pelipper|31/100
|move|p2b: Gholdengo|Trick|p1b: AJ
|-activate|p2b: Gholdengo|move: Trick|[of] p1b: AJ
|-item|p1b: AJ|Choice Scarf|[from] move: Trick
|-item|p2b: Gholdengo|Assault Vest|[from] move: Trick
|move|p2a: Pelipper|Hurricane|p1a: Blake
|-supereffective|p1a: Blake
|-damage|p1a: Blake|12/100
|
|-weather|RainDance|[upkeep]
|-heal|p1a: Blake|18/100|[from] Grassy Terrain
|upkeep
|turn|7
|inactive|darthmorton has 30 seconds left.
|inactive|Adrinhoo has 30 seconds left.
|
|t:|1754309322
|move|p1a: Blake|Protect|p1a: Blake
|-singleturn|p1a: Blake|Protect
|move|p1b: AJ|U-turn|p2a: Pelipper
|-resisted|p2a: Pelipper
|-damage|p2a: Pelipper|15/100
|
|t:|1754309327
|switch|p1b: Jackson|Kingambit, L50, F, shiny, tera:Ghost|41/100|[from] U-turn
|move|p2b: Gholdengo|Shadow Ball|p1a: Blake
|-activate|p1a: Blake|move: Protect
|move|p2a: Pelipper|Tailwind|p2a: Pelipper
|-sidestart|p2: Adrinhoo|move: Tailwind
|
|-weather|none
|-heal|p1a: Blake|24/100|[from] Grassy Terrain
|-heal|p1b: Jackson|46/100|[from] Grassy Terrain
|upkeep
|turn|8
|inactive|Adrinhoo has 30 seconds left.
|
|t:|1754309368
|switch|p2a: Archaludon|Archaludon, L50, M|59/100
|-terastallize|p2b: Gholdengo|Flying
|move|p1b: Jackson|Sucker Punch|p2b: Gholdengo
|-damage|p2b: Gholdengo|47/100
|move|p2b: Gholdengo|Make It Rain|p1b: Jackson|[spread] p1a,p1b
|-damage|p1a: Blake|0 fnt
|-damage|p1b: Jackson|6/100
|-unboost|p2b: Gholdengo|spa|1
|faint|p1a: Blake
|
|-heal|p2a: Archaludon|65/100|[from] Grassy Terrain
|-heal|p1b: Jackson|12/100|[from] Grassy Terrain
|-fieldend|move: Grassy Terrain
|upkeep
|
|t:|1754309375
|switch|p1a: AJ|Rillaboom, L50, F, shiny|100/100
|-fieldstart|move: Grassy Terrain|[from] ability: Grassy Surge|[of] p1a: AJ
|turn|9
|
|t:|1754309398
|move|p1b: Jackson|Protect|p1b: Jackson
|-singleturn|p1b: Jackson|Protect
|move|p2b: Gholdengo|Make It Rain|p1b: Jackson|[spread] p1a
|-activate|p1b: Jackson|move: Protect
|-damage|p1a: AJ|65/100
|-unboost|p2b: Gholdengo|spa|1
|move|p2a: Archaludon|Flash Cannon|p1b: Jackson
|-activate|p1b: Jackson|move: Protect
|move|p1a: AJ|Wood Hammer|p2b: Gholdengo
|-resisted|p2b: Gholdengo
|-damage|p2b: Gholdengo|2/100
|-damage|p1a: AJ|54/100|[from] Recoil
|
|-heal|p2a: Archaludon|72/100|[from] Grassy Terrain
|-heal|p1a: AJ|59/100|[from] Grassy Terrain
|-heal|p1b: Jackson|17/100|[from] Grassy Terrain
|upkeep
|turn|10
|
|t:|1754309420
|move|p2b: Gholdengo|Make It Rain|p1b: Jackson|[spread] p1a,p1b
|-damage|p1a: AJ|35/100
|-damage|p1b: Jackson|0 fnt
|-unboost|p2b: Gholdengo|spa|1
|faint|p1b: Jackson
|move|p2a: Archaludon|Flash Cannon|p1a: AJ
|-damage|p1a: AJ|0 fnt
|faint|p1a: AJ
|
|win|Adrinhoo
|raw|darthmorton's rating: 1283 → 1256(-27 for losing)
|raw|Adrinhoo's rating: 1256 → 1283(+27 for winning)
|l|☆Adrinhoo
|player|p2|
