|j|☆Hackervgc
|j|☆jayoticnl
|html|Hackervgcjayoticnl    
|uhtml|bestof|Game 1 of a best-of-3
|t:|1756572728
|gametype|doubles
|player|p1|Hackervgc|gentleman-gen4|
|player|p2|jayoticnl|preschooler|
|gen|9
|tier|[Gen 9] VGC 2025 Reg H (Bo3)
|rule|Species Clause: Limit one of each Pokémon
|rule|Item Clause: Limit 1 of each item
|clearpoke
|poke|p1|Kingambit, L50, F|
|poke|p1|Magmar, L50, M|
|poke|p1|Dragonite, L50, M|
|poke|p1|Sneasler, L50, F|
|poke|p1|Ursaluna-Bloodmoon, L50, M|
|poke|p1|Farigiraf, L50, M|
|poke|p2|Baxcalibur, L50, M|
|poke|p2|Kilowattrel, L50, M|
|poke|p2|Sneasler, L50, M|
|poke|p2|Gholdengo, L50|
|poke|p2|Dondozo, L50, F|
|poke|p2|Tatsugiri, L50, M|
|teampreview|4
|showteam|p1|Kingambit||AssaultVest|Defiant|KowtowCleave,SuckerPunch,LowKick,TeraBlast|||F|||50|,,,,,Flying]Magmar||Eviolite|VitalSpirit|FollowMe,Protect,Flamethrower,WillOWisp|||M|||50|,,,,,Grass]Dragonite||LoadedDice|Multiscale|ScaleShot,Protect,Haze,Tailwind|||M|||50|,,,,,Fairy]Sneasler||FocusSash|Unburden|ThroatChop,DireClaw,CloseCombat,Protect|||F|||50|,,,,,Stellar]Ursaluna-Bloodmoon||LifeOrb|MindsEye|BloodMoon,Protect,EarthPower,HyperVoice|||M|||50|,,,,,Normal]Farigiraf||SitrusBerry|ArmorTail|TrickRoom,HelpingHand,Psychic,Protect|||M|||50|,,,,,Water
|showteam|p2|Baxcalibur||LoadedDice|ThermalExchange|IcicleSpear,ScaleShot,IceShard,Protect|||M|||50|,,,,,Ghost]Kilowattrel||FocusSash|Competitive|Thunderbolt,AirSlash,Tailwind,Protect|||M|||50|,,,,,Ghost]Sneasler||WhiteHerb|Unburden|CloseCombat,DireClaw,Taunt,Protect|||M|||50|,,,,,Stellar]Gholdengo||LifeOrb|GoodasGold|MakeItRain,ShadowBall,NastyPlot,Protect||||||50|,,,,,Steel]Dondozo||Leftovers|Unaware|WaveCrash,OrderUp,Earthquake,Protect|||F|||50|,,,,,Grass]Tatsugiri||ChoiceScarf|Commander|MuddyWater,DracoMeteor,IcyWind,DragonPulse|||M|||50|,,,,,Steel
|
|t:|1756572759
|teamsize|p1|4
|teamsize|p2|4
|start
|switch|p1a: Kingambit|Kingambit, L50, F|100/100
|switch|p1b: Farigiraf|Farigiraf, L50, M|100/100
|switch|p2a: Vegas|Sneasler, L50, M|100/100
|switch|p2b: Booger|Baxcalibur, L50, M, shiny|100/100
|turn|1
|
|t:|1756572778
|move|p2a: Vegas|Taunt|p1b: Farigiraf
|-start|p1b: Farigiraf|move: Taunt
|move|p2b: Booger|Icicle Spear|p1a: Kingambit
|-resisted|p1a: Kingambit
|-damage|p1a: Kingambit|96/100
|-resisted|p1a: Kingambit
|-damage|p1a: Kingambit|90/100
|-resisted|p1a: Kingambit
|-damage|p1a: Kingambit|85/100
|-resisted|p1a: Kingambit
|-damage|p1a: Kingambit|80/100
|-resisted|p1a: Kingambit
|-damage|p1a: Kingambit|75/100
|-hitcount|p1a: Kingambit|5
|move|p1b: Farigiraf|Psychic|p2a: Vegas
|-supereffective|p2a: Vegas
|-damage|p2a: Vegas|0 fnt
|faint|p2a: Vegas
|move|p1a: Kingambit|Low Kick|p2b: Booger
|-supereffective|p2b: Booger
|-damage|p2b: Booger|18/100
|
|upkeep
|
|t:|1756572783
|switch|p2a: Big Don|Dondozo, L50, F|100/100
|turn|2
|
|t:|1756572804
|switch|p2b: Lil Lad|Tatsugiri, L50, M|100/100
|-activate|p2b: Lil Lad|ability: Commander|[of] p2a: Big Don
|-boost|p2a: Big Don|atk|2
|-boost|p2a: Big Don|spa|2
|-boost|p2a: Big Don|spe|2
|-boost|p2a: Big Don|def|2
|-boost|p2a: Big Don|spd|2
|move|p2a: Big Don|Earthquake|p1a: Kingambit|[spread] p1a,p1b
|-miss|p2a: Big Don|p2b: Lil Lad
|-supereffective|p1a: Kingambit
|-damage|p1a: Kingambit|16/100
|-damage|p1b: Farigiraf|59/100
|move|p1b: Farigiraf|Psychic|p2b: Lil Lad|[miss]
|-miss|p1b: Farigiraf|p2b: Lil Lad
|move|p1a: Kingambit|Low Kick|p2a: Big Don
|-damage|p2a: Big Don|86/100
|
|-heal|p2a: Big Don|92/100|[from] item: Leftovers
|upkeep
|turn|3
|
|t:|1756572820
|move|p2a: Big Don|Order Up|p1a: Kingambit
|-resisted|p1a: Kingambit
|-damage|p1a: Kingambit|0 fnt
|faint|p1a: Kingambit
|-boost|p2a: Big Don|atk|1
|move|p1b: Farigiraf|Psychic|p2a: Big Don
|-damage|p2a: Big Don|76/100
|
|-heal|p2a: Big Don|82/100|[from] item: Leftovers
|-end|p1b: Farigiraf|move: Taunt
|upkeep
|
|t:|1756572824
|switch|p1a: Dragonita|Dragonite, L50, M|100/100
|turn|4
|
|t:|1756572845
|-terastallize|p1a: Dragonita|Fairy
|move|p2a: Big Don|Order Up|p1a: Dragonita
|-immune|p1a: Dragonita
|move|p1a: Dragonita|Haze|p1a: Dragonita
|-clearallboost
|move|p1b: Farigiraf|Psychic|p2a: Big Don
|-damage|p2a: Big Don|47/100
|
|-heal|p2a: Big Don|53/100|[from] item: Leftovers
|upkeep
|turn|5
|
|t:|1756572856
|move|p1a: Dragonita|Scale Shot|p2a: Big Don
|-damage|p2a: Big Don|43/100
|-damage|p2a: Big Don|34/100
|-damage|p2a: Big Don|25/100
|-damage|p2a: Big Don|16/100
|-damage|p2a: Big Don|6/100
|-hitcount|p2a: Big Don|5
|-unboost|p1a: Dragonita|def|1
|-boost|p1a: Dragonita|spe|1
|move|p2a: Big Don|Wave Crash|p1b: Farigiraf
|-damage|p1b: Farigiraf|7/100
|-enditem|p1b: Farigiraf|Sitrus Berry|[eat]
|-heal|p1b: Farigiraf|32/100|[from] item: Sitrus Berry
|-damage|p2a: Big Don|0 fnt|[from] Recoil
|faint|p2a: Big Don
|move|p1b: Farigiraf|Psychic|p2b: Lil Lad
|-crit|p2b: Lil Lad
|-damage|p2b: Lil Lad|33/100
|
|upkeep
|
|t:|1756572859
|switch|p2a: Booger|Baxcalibur, L50, M, shiny|18/100
|turn|6
|
|t:|1756572893
|move|p2a: Booger|Protect|p2a: Booger
|-singleturn|p2a: Booger|Protect
|move|p1a: Dragonita|Scale Shot|p2b: Lil Lad
|-supereffective|p2b: Lil Lad
|-damage|p2b: Lil Lad|0 fnt
|faint|p2b: Lil Lad
|-hitcount|p2: Lil Lad|1
|-unboost|p1a: Dragonita|def|1
|-boost|p1a: Dragonita|spe|1
|move|p1b: Farigiraf|Psychic|p2a: Booger
|-activate|p2a: Booger|move: Protect
|
|upkeep
|turn|7
|-message|jayoticnl forfeited.
|
|win|Hackervgc
||jayoticnl is ready for game 2.
||Hackervgc is ready for game 2.
|uhtml|next|Next: Game 2 of 3
