|j|☆axiarise
|j|☆GooandtheGoomies
|html|axiariseGooandtheGoomies    
|uhtml|bestof|Game 1 of a best-of-3
|t:|1783808730
|gametype|doubles
|player|p1|axiarise|101|
|player|p2|GooandtheGoomies|266|
|gen|9
|tier|[Gen 9 Champions] VGC 2026 Reg M-B (Bo3)
|rule|Species Clause: Limit one of each Pokémon
|rule|Item Clause: Limit 1 of each item
|clearpoke
|poke|p1|Basculegion, L50, M|
|poke|p1|Luxray, L50, M|
|poke|p1|Metagross, L50|
|poke|p1|Primarina, L50, M|
|poke|p1|Sceptile, L50, M|
|poke|p1|Dragonite, L50, M|
|poke|p2|Pelipper, L50, M, shiny|
|poke|p2|Archaludon, L50, F|
|poke|p2|Raichu, L50, F|
|poke|p2|Klefki, L50, M|
|poke|p2|Meganium, L50, M|
|poke|p2|Spiritomb, L50, M|
|teampreview|4
|showteam|p1|Basculegion||ChoiceScarf|Adaptability|LastRespects,WaveCrash,AquaJet,FlipTurn|Jolly||M|||50|]Luxray||QuickClaw|Intimidate|Superpower,IceFang,WildCharge,Protect|Adamant||M|||50|]Metagross||Metagrossite|ClearBody|Protect,BodyPress,IronHead,BulletPunch|Adamant|||||50|]Primarina||Leftovers|LiquidVoice|HyperVoice,Protect,Moonblast,CalmMind|Modest||M|||50|]Sceptile||Sceptilite|Overgrow|EarthPower,DragonPulse,EnergyBall,Detect|Timid||M|||50|]Dragonite||Dragoninite|Multiscale|Protect,DragonPulse,Hurricane,ExtremeSpeed|Quiet||M|||50|
|showteam|p2|Pelipper||FocusSash|Drizzle|Hurricane,IcyWind,WideGuard,WeatherBall|Bold||M|||50|]Archaludon||Leftovers|Stamina|FlashCannon,DragonPulse,Protect,ElectroShot|Timid||F|||50|]Raichu||RaichuniteX|Static|FakeOut,Encore,VoltTackle,Protect|Jolly||F|||50|]Klefki||MentalHerb|Prankster|ThunderWave,SunnyDay,RainDance,FoulPlay|Relaxed||M|||50|]Meganium||Meganiumite|Overgrow|WeatherBall,SolarBeam,DazzlingGleam,Protect|Timid||M|||50|]Spiritomb||RoseliBerry|Pressure|TrickRoom,Snarl,WillOWisp,RainDance|Sassy||M|||50|
|
|t:|1783808789
|teamsize|p1|4
|teamsize|p2|4
|start
|switch|p1a: Feesh|Basculegion, L50, M|100/100
|switch|p1b: Sceptiroth|Sceptile, L50, M|100/100
|switch|p2a: Klefki|Klefki, L50, M|100/100
|switch|p2b: Meganium|Meganium, L50, M|100/100
|turn|1
|
|t:|1783808890
|detailschange|p2b: Meganium|Meganium-Mega, L50, M
|-mega|p2b: Meganium|Meganium|Meganiumite
|move|p1b: Sceptiroth|Detect|p1b: Sceptiroth
|-singleturn|p1b: Sceptiroth|Protect
|move|p2a: Klefki|Thunder Wave|p1b: Sceptiroth
|-activate|p1b: Sceptiroth|move: Protect
|move|p1a: Feesh|Last Respects|p2b: Meganium
|-crit|p2b: Meganium
|-damage|p2b: Meganium|47/100
|move|p2b: Meganium|Solar Beam||[still]
|-prepare|p2b: Meganium|Solar Beam
|-activate|p2b: Meganium|ability: Mega Sol
|-anim|p2b: Meganium|Solar Beam|p1a: Feesh
|-supereffective|p1a: Feesh|1
|-damage|p1a: Feesh|0 fnt
|faint|p1a: Feesh
|
|upkeep
|
|t:|1783808915
|switch|p1a: X-Wing|Metagross, L50|100/100
|turn|2
|
|t:|1783808929
|switch|p1b: What Are Those|Dragonite, L50, M|100/100
|detailschange|p1a: X-Wing|Metagross-Mega, L50
|-mega|p1a: X-Wing|Metagross|Metagrossite
|move|p1a: X-Wing|Bullet Punch|p2b: Meganium
|-supereffective|p2b: Meganium|1
|-damage|p2b: Meganium|0 fnt
|faint|p2b: Meganium
|move|p2a: Klefki|Thunder Wave|p1b: What Are Those
|-status|p1b: What Are Those|par
|
|upkeep
|
|t:|1783808940
|switch|p2b: Type-Gun|Archaludon, L50, F|100/100
|turn|3
|
|t:|1783808981
|move|p2a: Klefki|Thunder Wave|p1a: X-Wing
|-status|p1a: X-Wing|par
|move|p2b: Type-Gun|Dragon Pulse|p1b: What Are Those
|-supereffective|p1b: What Are Those|1
|-crit|p1b: What Are Those
|-damage|p1b: What Are Those|35/100 par
|move|p1a: X-Wing|Body Press|p2b: Type-Gun
|-supereffective|p2b: Type-Gun|1
|-damage|p2b: Type-Gun|42/100
|-ability|p2b: Type-Gun|Stamina|boost
|-boost|p2b: Type-Gun|def|1
|cant|p1b: What Are Those|par
|
|-heal|p2b: Type-Gun|48/100|[from] item: Leftovers
|upkeep
|turn|4
|
|t:|1783809004
|move|p1b: What Are Those|Extreme Speed|p2b: Type-Gun
|-resisted|p2b: Type-Gun|1
|-damage|p2b: Type-Gun|41/100
|-ability|p2b: Type-Gun|Stamina|boost
|-boost|p2b: Type-Gun|def|1
|move|p2b: Type-Gun|Dragon Pulse|p1b: What Are Those
|-supereffective|p1b: What Are Those|1
|-damage|p1b: What Are Those|0 fnt
|faint|p1b: What Are Those
|move|p2a: Klefki|Foul Play|p1a: X-Wing
|-supereffective|p1a: X-Wing|1
|-damage|p1a: X-Wing|47/100 par
|move|p1a: X-Wing|Body Press|p2b: Type-Gun
|-supereffective|p2b: Type-Gun|1
|-damage|p2b: Type-Gun|11/100
|-ability|p2b: Type-Gun|Stamina|boost
|-boost|p2b: Type-Gun|def|1
|
|-heal|p2b: Type-Gun|17/100|[from] item: Leftovers
|upkeep
|
|t:|1783809020
|switch|p1b: Sceptiroth|Sceptile, L50, M|100/100
|turn|5
|
|t:|1783809039
|move|p2b: Type-Gun|Protect|p2b: Type-Gun
|-singleturn|p2b: Type-Gun|Protect
|cant|p1a: X-Wing|par
|move|p2a: Klefki|Thunder Wave|p1b: Sceptiroth
|-status|p1b: Sceptiroth|par
|move|p1b: Sceptiroth|Earth Power|p2b: Type-Gun
|-activate|p2b: Type-Gun|move: Protect
|
|-heal|p2b: Type-Gun|23/100|[from] item: Leftovers
|upkeep
|turn|6
|
|t:|1783809060
|move|p1a: X-Wing|Protect|p1a: X-Wing
|-singleturn|p1a: X-Wing|Protect
|move|p2b: Type-Gun|Dragon Pulse|p1b: Sceptiroth
|-damage|p1b: Sceptiroth|40/100 par
|move|p1b: Sceptiroth|Earth Power|p2b: Type-Gun
|-supereffective|p2b: Type-Gun|1
|-damage|p2b: Type-Gun|0 fnt
|faint|p2b: Type-Gun
|move|p2a: Klefki|Foul Play|p1a: X-Wing
|-activate|p1a: X-Wing|move: Protect
|
|upkeep
|
|t:|1783809070
|switch|p2b: Pelipper|Pelipper, L50, M, shiny|100/100
|-weather|RainDance|[from] ability: Drizzle|[of] p2b: Pelipper
|turn|7
|
|t:|1783809090
|move|p1a: X-Wing|Bullet Punch|p2b: Pelipper
|-resisted|p2b: Pelipper|1
|-damage|p2b: Pelipper|87/100
|move|p1b: Sceptiroth|Earth Power|p2a: Klefki
|-supereffective|p2a: Klefki|1
|-damage|p2a: Klefki|26/100
|move|p2b: Pelipper|Hurricane|p1b: Sceptiroth
|-supereffective|p1b: Sceptiroth|1
|-damage|p1b: Sceptiroth|0 fnt
|faint|p1b: Sceptiroth
|move|p2a: Klefki|Foul Play|p1a: X-Wing
|-supereffective|p1a: X-Wing|1
|-damage|p1a: X-Wing|0 fnt
|faint|p1a: X-Wing
|
|win|GooandtheGoomies
|inactive|axiarise has 30 seconds to confirm battle start!
|inactive|GooandtheGoomies has 30 seconds to confirm battle start!
