|j|☆lilacq
|j|☆ClumbsyLilBeach
|html|lilacqClumbsyLilBeach    
|uhtml|bestof|Game 3 of a best-of-3
|t:|1785650336
|gametype|doubles
|player|p1|lilacq|shauntal|1159
|player|p2|ClumbsyLilBeach|jasmine|1156
|gen|9
|tier|[Gen 9 Champions] VGC 2026 Reg M-B (Bo3)
|rated|
|rule|Species Clause: Limit one of each Pokémon
|rule|Item Clause: Limit 1 of each item
|clearpoke
|poke|p1|Milotic, L50, F|
|poke|p1|Whimsicott, L50, F|
|poke|p1|Sinistcha, L50|
|poke|p1|Glimmora, L50, F|
|poke|p1|Delphox, L50, F|
|poke|p1|Ninetales-Alola, L50, F, shiny|
|poke|p2|Swampert, L50, F|
|poke|p2|Pelipper, L50, F|
|poke|p2|Basculegion, L50, M, shiny|
|poke|p2|Slowbro, L50, F|
|poke|p2|Blastoise, L50, F|
|poke|p2|Milotic, L50, F, shiny|
|teampreview|4
|showteam|p1|Milotic||Leftovers|Competitive|IceBeam,Coil,MuddyWater,Hypnosis|Calm||F|||50|]Whimsicott||MentalHerb|Prankster|Tailwind,FakeTears,Encore,Moonblast|Bold||F|||50|]Sinistcha||SitrusBerry|Hospitality|RagePowder,LifeDew,MatchaGotcha,TrickRoom|Bold|||||50|]Glimmora||Glimmoranite|ToxicDebris|EarthPower,PowerGem,SpikyShield,SludgeBomb|Timid||F|||50|]Delphox||Delphoxite|Blaze|HeatWave,Psychic,Substitute,CalmMind|Bold||F|||50|]Ninetales-Alola||LightClay|SnowWarning|AuroraVeil,Blizzard,Moonblast,Protect|Timid||F|||50|
|showteam|p2|Swampert||Swampertite|Damp|Earthquake,Waterfall,BulkUp,Protect|Jolly||F|||50|]Pelipper||FocusSash|Drizzle|WideGuard,Tailwind,Hurricane,WeatherBall|Timid||F|||50|]Basculegion||ChoiceScarf|Adaptability|LastRespects,WaveCrash,FlipTurn,AquaJet|Jolly||M|||50|]Slowbro||Leftovers|Oblivious|TrickRoom,HealPulse,RainDance,Psychic|Relaxed||F|||50|]Blastoise||Blastoisinite|RainDish|FakeOut,Protect,WaterSpout,WaterPulse|Quiet||F|||50|]Milotic||SitrusBerry|Competitive|Protect,Scald,IceBeam,IcyWind|Modest||F|||50|
|inactive|Battle timer is ON: inactive players will automatically lose when time's up. (requested by ClumbsyLilBeach)
|
|t:|1785650361
|teamsize|p1|4
|teamsize|p2|4
|start
|switch|p1a: Glimmora|Glimmora, L50, F|100/100
|switch|p1b: Milotic|Milotic, L50, F|100/100
|switch|p2a: Molasses|Slowbro, L50, F|100/100
|switch|p2b: Pelipper|Pelipper, L50, F|100/100
|-weather|RainDance|[from] ability: Drizzle|[of] p2b: Pelipper
|turn|1
|inactive|ClumbsyLilBeach has 30 seconds left.
|
|t:|1785650387
|switch|p1a: Ninetales|Ninetales-Alola, L50, F, shiny|100/100
|-weather|Snowscape|[from] ability: Snow Warning|[of] p1a: Ninetales
|move|p2b: Pelipper|Weather Ball|p1a: Ninetales
|-resisted|p1a: Ninetales|1
|-damage|p1a: Ninetales|83/100
|move|p1b: Milotic|Coil|p1b: Milotic
|-boost|p1b: Milotic|atk|1
|-boost|p1b: Milotic|def|1
|-boost|p1b: Milotic|accuracy|1
|move|p2a: Molasses|Psychic|p1a: Ninetales
|-damage|p1a: Ninetales|46/100
|
|-weather|Snowscape|[upkeep]
|upkeep
|turn|2
|
|t:|1785650408
|move|p2b: Pelipper|Wide Guard|p2b: Pelipper
|-singleturn|p2b: Pelipper|Wide Guard
|move|p1a: Ninetales|Aurora Veil|p1a: Ninetales
|-sidestart|p1: lilacq|move: Aurora Veil
|move|p1b: Milotic|Coil|p1b: Milotic
|-boost|p1b: Milotic|atk|1
|-boost|p1b: Milotic|def|1
|-boost|p1b: Milotic|accuracy|1
|move|p2a: Molasses|Rain Dance|p2a: Molasses
|-weather|RainDance
|
|-weather|RainDance|[upkeep]
|upkeep
|turn|3
|
|t:|1785650431
|move|p1a: Ninetales|Protect|p1a: Ninetales
|-singleturn|p1a: Ninetales|Protect
|move|p2b: Pelipper|Weather Ball|p1a: Ninetales
|-activate|p1a: Ninetales|move: Protect
|move|p1b: Milotic|Hypnosis|p2a: Molasses
|-status|p2a: Molasses|slp|[from] move: Hypnosis
|cant|p2a: Molasses|slp
|
|-weather|RainDance|[upkeep]
|upkeep
|turn|4
|
|t:|1785650454
|switch|p1a: Sinistcha|Sinistcha, L50|100/100
|move|p2b: Pelipper|Hurricane|p1a: Sinistcha
|-supereffective|p1a: Sinistcha|1
|-damage|p1a: Sinistcha|23/100
|-enditem|p1a: Sinistcha|Sitrus Berry|[eat]
|-heal|p1a: Sinistcha|47/100|[from] item: Sitrus Berry
|move|p1b: Milotic|Hypnosis|p2b: Pelipper
|-status|p2b: Pelipper|slp|[from] move: Hypnosis
|-curestatus|p2a: Molasses|slp|[msg]
|move|p2a: Molasses|Psychic|p1b: Milotic
|-damage|p1b: Milotic|89/100
|
|-weather|RainDance|[upkeep]
|-heal|p1b: Milotic|95/100|[from] item: Leftovers
|upkeep
|turn|5
|
|t:|1785650477
|cant|p2b: Pelipper|slp
|move|p1b: Milotic|Hypnosis|p2a: Molasses
|-status|p2a: Molasses|slp|[from] move: Hypnosis
|move|p1a: Sinistcha|Matcha Gotcha|p2b: Pelipper|[spread] p2a,p2b
|-supereffective|p2a: Molasses|1
|-damage|p2a: Molasses|60/100 slp
|-heal|p1a: Sinistcha|69/100|[from] drain|[of] p2a: Molasses
|-damage|p2b: Pelipper|56/100 slp
|-heal|p1a: Sinistcha|86/100|[from] drain|[of] p2b: Pelipper
|cant|p2a: Molasses|slp
|
|-weather|RainDance|[upkeep]
|-heal|p1b: Milotic|100/100|[from] item: Leftovers
|-heal|p2a: Molasses|66/100 slp|[from] item: Leftovers
|upkeep
|turn|6
|
|t:|1785650502
|switch|p1a: Ninetales|Ninetales-Alola, L50, F, shiny|46/100
|-weather|Snowscape|[from] ability: Snow Warning|[of] p1a: Ninetales
|cant|p2b: Pelipper|slp
|move|p1b: Milotic|Ice Beam|p2b: Pelipper
|-damage|p2b: Pelipper|18/100 slp
|cant|p2a: Molasses|slp
|
|-weather|Snowscape|[upkeep]
|-heal|p2a: Molasses|72/100 slp|[from] item: Leftovers
|upkeep
|turn|7
|inactive|ClumbsyLilBeach has 30 seconds left.
|
|t:|1785650530
|switch|p2b: Fiona|Swampert, L50, F|100/100
|move|p1a: Ninetales|Moonblast|p2b: Fiona
|-damage|p2b: Fiona|65/100
|move|p1b: Milotic|Muddy Water|p2b: Fiona|[spread] p2a,p2b
|-resisted|p2a: Molasses|1
|-damage|p2a: Molasses|62/100 slp
|-damage|p2b: Fiona|41/100
|-curestatus|p2a: Molasses|slp|[msg]
|move|p2a: Molasses|Rain Dance|p2a: Molasses
|-weather|RainDance
|
|-weather|RainDance|[upkeep]
|-heal|p2a: Molasses|68/100|[from] item: Leftovers
|upkeep
|turn|8
|
|t:|1785650549
|move|p1a: Ninetales|Protect|p1a: Ninetales
|-singleturn|p1a: Ninetales|Protect
|move|p2b: Fiona|Bulk Up|p2b: Fiona
|-boost|p2b: Fiona|atk|1
|-boost|p2b: Fiona|def|1
|move|p1b: Milotic|Hypnosis|p2b: Fiona
|-status|p2b: Fiona|slp|[from] move: Hypnosis
|move|p2a: Molasses|Trick Room|p2a: Molasses
|-fieldstart|move: Trick Room|[of] p2a: Molasses
|
|-weather|RainDance|[upkeep]
|-heal|p2a: Molasses|74/100|[from] item: Leftovers
|upkeep
|turn|9
|
|t:|1785650566
|switch|p1a: Sinistcha|Sinistcha, L50|86/100
|move|p2a: Molasses|Heal Pulse|p2b: Fiona
|-heal|p2b: Fiona|91/100 slp
|move|p1b: Milotic|Muddy Water|p2b: Fiona|[spread] p2a,p2b
|-resisted|p2a: Molasses|1
|-damage|p2a: Molasses|59/100
|-damage|p2b: Fiona|54/100 slp
|cant|p2b: Fiona|slp
|
|-weather|RainDance|[upkeep]
|-heal|p2a: Molasses|65/100|[from] item: Leftovers
|-sideend|p1: lilacq|move: Aurora Veil
|upkeep
|turn|10
|
|t:|1785650589
|detailschange|p2b: Fiona|Swampert-Mega, L50, F
|-mega|p2b: Fiona|Swampert|Swampertite
|move|p2a: Molasses|Heal Pulse|p2b: Fiona
|-heal|p2b: Fiona|100/100 slp
|move|p1a: Sinistcha|Matcha Gotcha|p2b: Fiona|[spread] p2a,p2b
|-supereffective|p2a: Molasses|1
|-supereffective|p2b: Fiona|2
|-damage|p2a: Molasses|20/100y
|-heal|p1a: Sinistcha|100/100|[from] drain|[of] p2a: Molasses
|-damage|p2b: Fiona|9/100 slp
|move|p1b: Milotic|Hypnosis|p2a: Molasses
|-status|p2a: Molasses|slp|[from] move: Hypnosis
|-curestatus|p2b: Fiona|slp|[msg]
|move|p2b: Fiona|Bulk Up|p2b: Fiona
|-boost|p2b: Fiona|atk|1
|-boost|p2b: Fiona|def|1
|
|-weather|RainDance|[upkeep]
|-heal|p2a: Molasses|26/100 slp|[from] item: Leftovers
|upkeep
|turn|11
|inactive|ClumbsyLilBeach has 30 seconds left.
|
|t:|1785650616
|move|p2b: Fiona|Protect|p2b: Fiona
|-singleturn|p2b: Fiona|Protect
|cant|p2a: Molasses|slp
|move|p1a: Sinistcha|Matcha Gotcha|p2a: Molasses|[spread] p2a
|-activate|p2b: Fiona|move: Protect
|-supereffective|p2a: Molasses|1
|-damage|p2a: Molasses|0 fnt
|faint|p2a: Molasses
|move|p1b: Milotic|Muddy Water|p2b: Fiona
|-activate|p2b: Fiona|move: Protect
|
|-weather|none
|upkeep
|
|t:|1785650631
|switch|p2a: Pelipper|Pelipper, L50, F|18/100 slp
|-weather|RainDance|[from] ability: Drizzle|[of] p2a: Pelipper
|turn|12
|
|t:|1785650638
|-curestatus|p2a: Pelipper|slp|[msg]
|move|p2a: Pelipper|Wide Guard|p2a: Pelipper
|-singleturn|p2a: Pelipper|Wide Guard
|move|p1a: Sinistcha|Matcha Gotcha|p2a: Pelipper|[spread] 
|-activate|p2a: Pelipper|move: Wide Guard
|-activate|p2b: Fiona|move: Wide Guard
|move|p1b: Milotic|Muddy Water|p2b: Fiona|[spread] 
|-activate|p2a: Pelipper|move: Wide Guard
|-activate|p2b: Fiona|move: Wide Guard
|move|p2b: Fiona|Bulk Up|p2b: Fiona
|-boost|p2b: Fiona|atk|1
|-boost|p2b: Fiona|def|1
|
|-weather|RainDance|[upkeep]
|-fieldend|move: Trick Room
|upkeep
|turn|13
|
|t:|1785650661
|switch|p1a: Ninetales|Ninetales-Alola, L50, F, shiny|46/100
|-weather|Snowscape|[from] ability: Snow Warning|[of] p1a: Ninetales
|move|p2b: Fiona|Earthquake|p1a: Ninetales|[spread] p1a,p1b
|-immune|p2a: Pelipper
|-damage|p1a: Ninetales|0 fnt
|-damage|p1b: Milotic|42/100
|faint|p1a: Ninetales
|move|p2a: Pelipper|Hurricane|p1b: Milotic
|-damage|p1b: Milotic|16/100
|move|p1b: Milotic|Ice Beam|p2b: Fiona
|-damage|p2b: Fiona|0 fnt
|faint|p2b: Fiona
|
|-weather|Snowscape|[upkeep]
|-heal|p1b: Milotic|22/100|[from] item: Leftovers
|upkeep
|
|t:|1785650680
|switch|p1a: Glimmora|Glimmora, L50, F|100/100
|switch|p2b: Chinook|Basculegion, L50, M, shiny|100/100
|turn|14
|
|t:|1785650701
|switch|p1a: Sinistcha|Sinistcha, L50|100/100
|-heal|p1b: Milotic|47/100|[from] ability: Hospitality|[of] p1a: Sinistcha
|move|p2b: Chinook|Last Respects|p1b: Milotic
|-damage|p1b: Milotic|1/100
|move|p2a: Pelipper|Hurricane|p1b: Milotic
|-damage|p1b: Milotic|0 fnt
|faint|p1b: Milotic
|
|-weather|Snowscape|[upkeep]
|upkeep
|
|t:|1785650711
|switch|p1b: Glimmora|Glimmora, L50, F|100/100
|turn|15
|
|t:|1785650720
|detailschange|p1b: Glimmora|Glimmora-Mega, L50, F
|-mega|p1b: Glimmora|Glimmora|Glimmoranite
|move|p2b: Chinook|Last Respects|p1a: Sinistcha
|-supereffective|p1a: Sinistcha|1
|-damage|p1a: Sinistcha|0 fnt
|faint|p1a: Sinistcha
|move|p1b: Glimmora|Sludge Bomb|p2b: Chinook
|-resisted|p2b: Chinook|1
|-damage|p2b: Chinook|65/100
|move|p2a: Pelipper|Weather Ball|p1b: Glimmora
|-damage|p1b: Glimmora|69/100
|
|-weather|Snowscape|[upkeep]
|upkeep
|turn|16
|-message|lilacq forfeited.
|
|win|ClumbsyLilBeach
|raw|lilacq's rating: 1159 → 1134(-25 for losing)
|raw|ClumbsyLilBeach's rating: 1156 → 1181(+25 for winning)
|l|☆lilacq
|player|p1|
