|j|☆BroscoeFlames
|j|☆Brdz
|html|BroscoeFlamesBrdz    
|uhtml|bestof|Game 2 of a best-of-3
|t:|1783748290
|gametype|doubles
|player|p1|BroscoeFlames|265|1116
|player|p2|Brdz|101|1030
|gen|9
|tier|[Gen 9 Champions] VGC 2026 Reg M-B (Bo3)
|rated|
|rule|Species Clause: Limit one of each Pokémon
|rule|Item Clause: Limit 1 of each item
|clearpoke
|poke|p1|Zoroark-Hisui, L50, M|
|poke|p1|Goodra-Hisui, L50, M|
|poke|p1|Grimmsnarl, L50, M|
|poke|p1|Venusaur, L50, F|
|poke|p1|Milotic, L50, F|
|poke|p1|Vivillon-Pokeball, L50, M|
|poke|p2|Excadrill, L50, F|
|poke|p2|Tyranitar, L50, F|
|poke|p2|Houndstone, L50, F|
|poke|p2|Sneasler, L50, M|
|poke|p2|Delphox, L50, M|
|poke|p2|Noivern, L50, M|
|teampreview|4
|showteam|p1|Zoroark-Hisui||ChoiceScarf|Illusion|HyperVoice,GrassKnot,IcyWind,ShadowBall|Modest||M|||50|]Goodra-Hisui||Leftovers|ShellArmor|BodyPress,HeavySlam,Shelter,Protect|Careful||M|||50|]Grimmsnarl||LightClay|Prankster|FakeOut,Reflect,LightScreen,SpiritBreak|Impish||M|||50|]Venusaur||Venusaurite|Overgrow|GigaDrain,SludgeBomb,EarthPower,Protect|Serious||F|||50|]Milotic||SitrusBerry|Competitive|MuddyWater,Coil,Hypnosis,Protect|Modest||F|||50|]Vivillon-Pokeball||FocusSash|CompoundEyes|Protect,Hurricane,Tailwind,SleepPowder|Timid||M|||50|
|showteam|p2|Excadrill||LifeOrb|SandRush|SwordsDance,Earthquake,RockSlide,IronHead|Adamant||F|||50|]Tyranitar||Tyranitarite|SandStream|DragonDance,RockSlide,KnockOff,IcePunch|Adamant||F|||50|]Houndstone||SpellTag|SandRush|AllySwitch,WillOWisp,LastRespects,ShadowSneak|Adamant||F|||50|]Sneasler||FocusSash|Unburden|FakeOut,CloseCombat,PoisonJab,Acrobatics|Adamant||M|||50|]Delphox||Delphoxite|Blaze|WillOWisp,Psyshock,HeatWave,CalmMind|Timid||M|||50|]Noivern||WhiteHerb|Frisk|Tailwind,DracoMeteor,Uturn,Boomburst|Timid||M|||50|
|inactive|Battle timer is ON: inactive players will automatically lose when time's up. (requested by Brdz)
|inactive|BroscoeFlames has 60 seconds left.
|
|t:|1783748332
|teamsize|p1|4
|teamsize|p2|4
|start
|switch|p1a: Vivillon|Vivillon-Pokeball, L50, M|100/100
|switch|p1b: Milotic|Milotic, L50, F|100/100
|switch|p2a: Sneasler|Sneasler, L50, M|100/100
|switch|p2b: Tyranitar|Tyranitar, L50, F|100/100
|-weather|Sandstorm|[from] ability: Sand Stream|[of] p2b: Tyranitar
|turn|1
|
|t:|1783748353
|move|p2a: Sneasler|Fake Out|p1a: Vivillon
|-immune|p1a: Vivillon
|move|p1a: Vivillon|Hyper Voice|p2b: Tyranitar|[spread] p2a,p2b
|-resisted|p2b: Tyranitar|1
|-damage|p2a: Sneasler|51/100
|-damage|p2b: Tyranitar|88/100
|move|p2b: Tyranitar|Dragon Dance|p2b: Tyranitar
|-boost|p2b: Tyranitar|atk|1
|-boost|p2b: Tyranitar|spe|1
|move|p1b: Milotic|Coil|p1b: Milotic
|-boost|p1b: Milotic|atk|1
|-boost|p1b: Milotic|def|1
|-boost|p1b: Milotic|accuracy|1
|
|-weather|Sandstorm|[upkeep]
|-damage|p1a: Vivillon|93/100|[from] Sandstorm
|-damage|p2a: Sneasler|45/100|[from] Sandstorm
|-damage|p1b: Milotic|94/100|[from] Sandstorm
|upkeep
|turn|2
|inactive|Brdz has 30 seconds left.
|inactive|Brdz has 20 seconds left.
|
|t:|1783748390
|detailschange|p2b: Tyranitar|Tyranitar-Mega, L50, F
|-mega|p2b: Tyranitar|Tyranitar|Tyranitarite
|move|p1a: Vivillon|Hyper Voice|p2a: Sneasler|[spread] p2a,p2b
|-resisted|p2b: Tyranitar|1
|-damage|p2a: Sneasler|0 fnt
|-damage|p2b: Tyranitar|76/100
|faint|p2a: Sneasler
|move|p2b: Tyranitar|Knock Off|p1b: Milotic
|-damage|p1b: Milotic|37/100
|-enditem|p1b: Milotic|Sitrus Berry|[from] move: Knock Off|[of] p2b: Tyranitar
|move|p1b: Milotic|Hypnosis|p2b: Tyranitar|[miss]
|-miss|p1b: Milotic|p2b: Tyranitar
|
|-weather|Sandstorm|[upkeep]
|-damage|p1a: Vivillon|87/100|[from] Sandstorm
|-damage|p1b: Milotic|31/100|[from] Sandstorm
|upkeep
|
|t:|1783748403
|switch|p2a: Houndstone|Houndstone, L50, F|100/100
|turn|3
|
|t:|1783748414
|switch|p1a: Goodra|Goodra-Hisui, L50, M|100/100
|move|p2a: Houndstone|Ally Switch|p2a: Houndstone
|swap|p2a: Houndstone|1|[from] move: Ally Switch
|move|p2a: Tyranitar|Rock Slide|p1b: Milotic|[spread] p1a,p1b
|-resisted|p1a: Goodra|1
|-damage|p1a: Goodra|77/100
|-damage|p1b: Milotic|0 fnt
|faint|p1b: Milotic
|
|-weather|Sandstorm|[upkeep]
|-heal|p1a: Goodra|82/100|[from] item: Leftovers
|upkeep
|inactive|BroscoeFlames has 30 seconds left.
|
|t:|1783748442
|switch|p1b: Vivillon|Vivillon-Pokeball, L50, M|87/100
|turn|4
|
|t:|1783748451
|move|p1b: Vivillon|Shadow Ball|p2b: Houndstone
|-supereffective|p2b: Houndstone|1
|-damage|p2b: Houndstone|0 fnt
|faint|p2b: Houndstone
|move|p2a: Tyranitar|Rock Slide|p1b: Vivillon|[spread] p1a
|-miss|p2a: Tyranitar|p1b: Vivillon
|-resisted|p1a: Goodra|1
|-damage|p1a: Goodra|57/100
|move|p1a: Goodra|Shelter|p1a: Goodra
|-boost|p1a: Goodra|def|2
|
|-weather|Sandstorm|[upkeep]
|-damage|p1b: Vivillon|81/100|[from] Sandstorm
|-heal|p1a: Goodra|63/100|[from] item: Leftovers
|upkeep
|
|t:|1783748464
|switch|p2b: Excadrill|Excadrill, L50, F|100/100
|turn|5
|
|t:|1783748481
|move|p1a: Goodra|Protect|p1a: Goodra
|-singleturn|p1a: Goodra|Protect
|move|p2b: Excadrill|Earthquake|p1b: Vivillon|[spread] p2a,p1b
|-activate|p1a: Goodra|move: Protect
|-supereffective|p2a: Tyranitar|1
|-damage|p2a: Tyranitar|0 fnt
|-damage|p1b: Vivillon|0 fnt
|replace|p1b: Zoroark|Zoroark-Hisui, L50, M
|-end|p1b: Zoroark|Illusion
|faint|p2a: Tyranitar
|faint|p1b: Zoroark
|-damage|p2b: Excadrill|90/100|[from] item: Life Orb
|
|-weather|none
|-heal|p1a: Goodra|68/100|[from] item: Leftovers
|upkeep
|
|t:|1783748493
|switch|p1b: Vivillon|Vivillon-Pokeball, L50, M|100/100
|turn|6
|
|t:|1783748501
|move|p1b: Vivillon|Sleep Powder|p2b: Excadrill
|-status|p2b: Excadrill|slp|[from] move: Sleep Powder
|cant|p2b: Excadrill|slp
|move|p1a: Goodra|Body Press|p2b: Excadrill
|-supereffective|p2b: Excadrill|1
|-damage|p2b: Excadrill|0 fnt
|faint|p2b: Excadrill
|
|win|BroscoeFlames
||Brdz is ready for game 3.
||BroscoeFlames is ready for game 3.
|uhtml|next|Next: Game 3 of 3
|l|☆Brdz
|player|p2|
