|j|☆apa plays poke
|j|☆gluttorn
|html|apa plays pokegluttorn    
|uhtml|bestof|Game 3 of a best-of-3
|t:|1782334646
|gametype|doubles
|player|p1|apa plays poke|norman|1053
|player|p2|gluttorn|102|1000
|gen|9
|tier|[Gen 9 Champions] VGC 2026 Reg M-B (Bo3)
|rated|
|rule|Species Clause: Limit one of each Pokémon
|rule|Item Clause: Limit 1 of each item
|clearpoke
|poke|p1|Incineroar, L50, M|
|poke|p1|Archaludon, L50, M|
|poke|p1|Pelipper, L50, M|
|poke|p1|Swampert, L50, F|
|poke|p1|Meganium, L50, M|
|poke|p1|Primarina, L50, M|
|poke|p2|Scrafty, L50, M|
|poke|p2|Torkoal, L50, F|
|poke|p2|Farigiraf, L50, M|
|poke|p2|Hatterene, L50, F|
|poke|p2|Staraptor, L50, M|
|poke|p2|Vileplume, L50, M|
|teampreview|4
|showteam|p1|Incineroar||ChopleBerry|Intimidate|FakeOut,PartingShot,FlareBlitz,WillOWisp|Careful||M|||50|]Archaludon||ShucaBerry|Stamina|Protect,FlashCannon,DracoMeteor,ElectroShot|Bold||M|||50|]Pelipper||Leftovers|Drizzle|Hurricane,Protect,HydroPump,Tailwind|Bold||M|||50|]Swampert||Swampertite|Torrent|Earthquake,WaveCrash,Protect,IcePunch|Adamant||F|||50|]Meganium||Meganiumite|Overgrow|WeatherBall,Synthesis,EarthPower,Protect|Modest||M|||50|]Primarina||SitrusBerry|LiquidVoice|HyperVoice,Moonblast,Protect,CalmMind|Calm||M|||50|
|showteam|p2|Scrafty||Scraftinite|Intimidate|FakeOut,KnockOff,DrainPunch,RockSlide|Brave||M|||50|]Torkoal||Charcoal|Drought|EarthPower,HeatWave,Eruption,Protect|Quiet||F|||50|]Farigiraf||MentalHerb|ArmorTail|Protect,HelpingHand,TrickRoom,Psychic|Calm||M|||50|]Hatterene||LifeOrb|MagicBounce|DazzlingGleam,Psychic,TrickRoom,Protect|Modest||F|||50|]Staraptor||ChoiceScarf|Intimidate|FinalGambit,Uturn,Tailwind,BraveBird|Jolly||M|||50|]Vileplume||FocusSash|Chlorophyll|AfterYou,Protect,EnergyBall,SludgeBomb|Timid||M|||50|
|
|t:|1782334704
|teamsize|p1|4
|teamsize|p2|4
|start
|switch|p1a: Primarina|Primarina, L50, M|100/100
|switch|p1b: Incineroar|Incineroar, L50, M|100/100
|switch|p2a: Staraptor|Staraptor, L50, M|100/100
|switch|p2b: Farigiraf|Farigiraf, L50, M|100/100
|-ability|p2a: Staraptor|Intimidate|boost
|-unboost|p1a: Primarina|atk|1
|-unboost|p1b: Incineroar|atk|1
|-ability|p1b: Incineroar|Intimidate|boost
|-unboost|p2a: Staraptor|atk|1
|-unboost|p2b: Farigiraf|atk|1
|turn|1
|
|t:|1782334739
|move|p1a: Primarina|Protect|p1a: Primarina
|-singleturn|p1a: Primarina|Protect
|move|p2a: Staraptor|U-turn|p1b: Incineroar
|-damage|p1b: Incineroar|90/100
|
|t:|1782334751
|switch|p2a: Hatterene|Hatterene, L50, F|100/100|[from] U-turn
|move|p1b: Incineroar|Flare Blitz|p2a: Hatterene
|-damage|p2a: Hatterene|67/100
|-damage|p1b: Incineroar|81/100|[from] Recoil
|move|p2b: Farigiraf|Trick Room|p2b: Farigiraf
|-fieldstart|move: Trick Room|[of] p2b: Farigiraf
|
|upkeep
|turn|2
|
|t:|1782334765
|switch|p1b: Pelipper|Pelipper, L50, M|100/100
|-weather|RainDance|[from] ability: Drizzle|[of] p1b: Pelipper
|move|p2b: Farigiraf|Helping Hand|p2a: Hatterene
|-singleturn|p2a: Hatterene|Helping Hand|[of] p2b: Farigiraf
|move|p2a: Hatterene|Dazzling Gleam|p1a: Primarina|[spread] p1a,p1b
|-damage|p1a: Primarina|51/100
|-damage|p1b: Pelipper|0 fnt
|faint|p1b: Pelipper
|-damage|p2a: Hatterene|57/100|[from] item: Life Orb
|move|p1a: Primarina|Hyper Voice|p2b: Farigiraf|[spread] p2a,p2b
|-damage|p2a: Hatterene|10/100
|-damage|p2b: Farigiraf|65/100
|
|-weather|RainDance|[upkeep]
|upkeep
|
|t:|1782334776
|switch|p1b: Swampert|Swampert, L50, F|100/100
|turn|3
|
|t:|1782334790
|detailschange|p1b: Swampert|Swampert-Mega, L50, F
|-mega|p1b: Swampert|Swampert|Swampertite
|move|p2b: Farigiraf|Helping Hand|p2a: Hatterene
|-singleturn|p2a: Hatterene|Helping Hand|[of] p2b: Farigiraf
|move|p2a: Hatterene|Dazzling Gleam|p1b: Swampert|[spread] p1a,p1b
|-damage|p1a: Primarina|8/100
|-damage|p1b: Swampert|31/100
|-enditem|p1a: Primarina|Sitrus Berry|[eat]
|-heal|p1a: Primarina|32/100|[from] item: Sitrus Berry
|-damage|p2a: Hatterene|1/100|[from] item: Life Orb
|move|p1a: Primarina|Hyper Voice|p2b: Farigiraf|[spread] p2a,p2b
|-crit|p2a: Hatterene
|-damage|p2a: Hatterene|0 fnt
|-damage|p2b: Farigiraf|29/100
|faint|p2a: Hatterene
|move|p1b: Swampert|Earthquake|p2b: Farigiraf|[spread] p1a,p2b
|-damage|p1a: Primarina|0 fnt
|-damage|p2b: Farigiraf|0 fnt
|faint|p1a: Primarina
|faint|p2b: Farigiraf
|
|-weather|RainDance|[upkeep]
|upkeep
|
|t:|1782334812
|switch|p2a: Staraptor|Staraptor, L50, M|100/100
|switch|p2b: Torkoal|Torkoal, L50, F|100/100
|switch|p1a: Incineroar|Incineroar, L50, M|81/100
|-weather|SunnyDay|[from] ability: Drought|[of] p2b: Torkoal
|-ability|p1a: Incineroar|Intimidate|boost
|-unboost|p2a: Staraptor|atk|1
|-unboost|p2b: Torkoal|atk|1
|-ability|p2a: Staraptor|Intimidate|boost
|-unboost|p1a: Incineroar|atk|1
|-unboost|p1b: Swampert|atk|1
|turn|4
|
|t:|1782334834
|move|p1a: Incineroar|Fake Out|p2b: Torkoal
|-damage|p2b: Torkoal|94/100
|cant|p2b: Torkoal|flinch
|move|p1b: Swampert|Ice Punch|p2a: Staraptor
|-supereffective|p2a: Staraptor|1
|-damage|p2a: Staraptor|42/100
|move|p2a: Staraptor|Final Gambit|p1b: Swampert
|-damage|p1b: Swampert|0 fnt
|faint|p2a: Staraptor
|faint|p1b: Swampert
|
|-weather|SunnyDay|[upkeep]
|upkeep
|turn|5
|
|t:|1782334849
|move|p2b: Torkoal|Earth Power|p1a: Incineroar
|-supereffective|p1a: Incineroar|1
|-damage|p1a: Incineroar|39/100
|-unboost|p1a: Incineroar|spd|1
|move|p1a: Incineroar|Parting Shot|p2b: Torkoal
|-unboost|p2b: Torkoal|atk|1
|-unboost|p2b: Torkoal|spa|1
|
|-weather|SunnyDay|[upkeep]
|-fieldend|move: Trick Room
|upkeep
|turn|6
|c|☆apa plays poke|nice
|
|t:|1782334859
|move|p1a: Incineroar|Flare Blitz|p2b: Torkoal
|-resisted|p2b: Torkoal|1
|-damage|p2b: Torkoal|77/100
|-damage|p1a: Incineroar|34/100|[from] Recoil
|move|p2b: Torkoal|Earth Power|p1a: Incineroar
|-supereffective|p1a: Incineroar|1
|-damage|p1a: Incineroar|0 fnt
|faint|p1a: Incineroar
|
|win|gluttorn
|raw|apa plays poke's rating: 1053 → 1032(-21 for losing)
|raw|gluttorn's rating: 1000 → 1046(+46 for winning)
|c|☆apa plays poke|gg
|l|☆apa plays poke
|player|p1|
|c|☆gluttorn|Wah gg sih bang
