|j|☆Sawadaburner
|j|☆QUELON
|html|SawadaburnerQUELON    
|uhtml|bestof|Game 2 of a best-of-3
|t:|1756390070
|gametype|doubles
|player|p1|Sawadaburner|101|1193
|player|p2|QUELON|cyrus|1215
|gen|9
|tier|[Gen 9] VGC 2025 Reg H (Bo3)
|rated|
|rule|Species Clause: Limit one of each Pokémon
|rule|Item Clause: Limit 1 of each item
|clearpoke
|poke|p1|Porygon2, L50|
|poke|p1|Incineroar, L50, F|
|poke|p1|Ursaluna, L50, F|
|poke|p1|Jumpluff, L50, F|
|poke|p1|Charizard, L50, F|
|poke|p1|Torkoal, L50, M|
|poke|p2|Gholdengo, L50|
|poke|p2|Sneasler, L50, M|
|poke|p2|Incineroar, L50, M|
|poke|p2|Amoonguss, L50, M|
|poke|p2|Dragonite, L50, F|
|poke|p2|Ursaluna-Bloodmoon, L50, M|
|teampreview|4
|showteam|p1|Porygon2||Eviolite|Download|TeraBlast,IceBeam,TrickRoom,Recover||||||50|,,,,,Fighting]Incineroar||SitrusBerry|Intimidate|FakeOut,KnockOff,FlareBlitz,PartingShot|||F|||50|,,,,,Ghost]Ursaluna||FlameOrb|Guts|HeadlongRush,Facade,Earthquake,Protect|||F|||50|,,,,,Ghost]Jumpluff||CovertCloak|Chlorophyll|RagePowder,SunnyDay,Tailwind,SleepPowder|||F|||50|,,,,,Water]Charizard||ChoiceSpecs|SolarPower|HeatWave,Overheat,WeatherBall,AirSlash|||F|||50|,,,,,Ghost]Torkoal||EjectPack|Drought|Overheat,Eruption,HelpingHand,Protect|||M|||50|,,,,,Fire
|showteam|p2|Gholdengo||LifeOrb|GoodasGold|MakeItRain,ShadowBall,NastyPlot,Protect||||||50|,,,,,Steel]Sneasler||FocusSash|PoisonTouch|FakeOut,CloseCombat,DireClaw,Protect|||M|||50|,,,,,Stellar]Incineroar||SafetyGoggles|Intimidate|FakeOut,FlareBlitz,KnockOff,PartingShot|||M|||50|,,,,,Ghost]Amoonguss||SitrusBerry|Regenerator|Spore,RagePowder,SludgeBomb,Protect|||M|||50|,,,,,Water]Dragonite||LoadedDice|Multiscale|ScaleShot,Haze,Tailwind,ExtremeSpeed|||F|||50|,,,,,Fairy]Ursaluna-Bloodmoon||AssaultVest|MindsEye|HyperVoice,BloodMoon,EarthPower,VacuumWave|||M|||50|,,,,,Normal
|
|t:|1756390087
|teamsize|p1|4
|teamsize|p2|4
|start
|switch|p1a: Jumpluff|Jumpluff, L50, F|100/100
|switch|p1b: Incineroar|Incineroar, L50, F|100/100
|switch|p2a: Amoonguss|Amoonguss, L50, M|100/100
|switch|p2b: Sneasler|Sneasler, L50, M|100/100
|-ability|p1b: Incineroar|Intimidate|boost
|-unboost|p2a: Amoonguss|atk|1
|-unboost|p2b: Sneasler|atk|1
|turn|1
|
|t:|1756390151
|switch|p2b: Incineroar|Incineroar, L50, M, shiny|100/100
|-ability|p2b: Incineroar|Intimidate|boost
|-unboost|p1a: Jumpluff|atk|1
|-unboost|p1b: Incineroar|atk|1
|move|p1a: Jumpluff|Tailwind|p1a: Jumpluff
|-sidestart|p1: Sawadaburner|move: Tailwind
|move|p1b: Incineroar|Flare Blitz|p2a: Amoonguss
|-supereffective|p2a: Amoonguss
|-damage|p2a: Amoonguss|31/100
|-enditem|p2a: Amoonguss|Sitrus Berry|[eat]
|-heal|p2a: Amoonguss|56/100|[from] item: Sitrus Berry
|-damage|p1b: Incineroar|76/100|[from] Recoil
|move|p2a: Amoonguss|Spore|p1b: Incineroar
|-status|p1b: Incineroar|slp|[from] move: Spore
|
|upkeep
|turn|2
|inactive|Battle timer is ON: inactive players will automatically lose when time's up. (requested by Sawadaburner)
|
|t:|1756390231
|switch|p2a: Sneasler|Sneasler, L50, M|100/100
|move|p1a: Jumpluff|Sunny Day|p1a: Jumpluff
|-weather|SunnyDay
|cant|p1b: Incineroar|slp
|move|p2b: Incineroar|Knock Off|p1a: Jumpluff
|-damage|p1a: Jumpluff|55/100
|-enditem|p1a: Jumpluff|Covert Cloak|[from] move: Knock Off|[of] p2b: Incineroar
|
|-weather|SunnyDay|[upkeep]
|upkeep
|turn|3
|inactive|Sawadaburner has 30 seconds left.
|
|t:|1756390258
|move|p2a: Sneasler|Protect|p2a: Sneasler
|-singleturn|p2a: Sneasler|Protect
|move|p1a: Jumpluff|Sleep Powder|p2a: Sneasler
|-activate|p2a: Sneasler|move: Protect
|cant|p1b: Incineroar|slp
|move|p2b: Incineroar|Flare Blitz|p1a: Jumpluff
|-supereffective|p1a: Jumpluff
|-damage|p1a: Jumpluff|0 fnt
|faint|p1a: Jumpluff
|-damage|p2b: Incineroar|84/100|[from] Recoil
|
|-weather|SunnyDay|[upkeep]
|upkeep
|
|t:|1756390262
|switch|p1a: Ursaluna|Ursaluna, L50, F|100/100
|turn|4
|inactive|QUELON has 30 seconds left.
|
|t:|1756390291
|switch|p1b: Charizard|Charizard, L50, F|100/100
|switch|p2b: Amoonguss|Amoonguss, L50, M|90/100
|-terastallize|p1a: Ursaluna|Ghost
|move|p2a: Sneasler|Close Combat|p1b: Charizard
|-resisted|p1b: Charizard
|-damage|p1b: Charizard|52/100
|-unboost|p2a: Sneasler|def|1
|-unboost|p2a: Sneasler|spd|1
|-status|p1b: Charizard|psn|[from] ability: Poison Touch|[of] p2a: Sneasler
|move|p1a: Ursaluna|Earthquake|p2b: Amoonguss|[spread] p2a,p2b
|-immune|p1b: Charizard
|-supereffective|p2a: Sneasler
|-enditem|p2a: Sneasler|Focus Sash
|-damage|p2a: Sneasler|1/100
|-damage|p2b: Amoonguss|56/100
|
|-weather|SunnyDay|[upkeep]
|-damage|p1b: Charizard|40/100 psn|[from] ability: Solar Power|[of] p1b: Charizard
|-damage|p1b: Charizard|28/100 psn|[from] psn
|-sideend|p1: Sawadaburner|move: Tailwind
|-status|p1a: Ursaluna|brn|[from] item: Flame Orb
|upkeep
|turn|5
|inactive|QUELON has 30 seconds left.
|inactive|QUELON has 20 seconds left.
|inactive|QUELON has 15 seconds left.
|inactive|QUELON has 10 seconds left.
|
|t:|1756390340
|switch|p1b: Incineroar|Incineroar, L50, F|76/100 slp
|-ability|p1b: Incineroar|Intimidate|boost
|-unboost|p2a: Sneasler|atk|1
|-unboost|p2b: Amoonguss|atk|1
|move|p2b: Amoonguss|Protect|p2b: Amoonguss
|-singleturn|p2b: Amoonguss|Protect
|move|p2a: Sneasler|Close Combat|p1b: Incineroar
|-supereffective|p1b: Incineroar
|-damage|p1b: Incineroar|0 fnt
|-unboost|p2a: Sneasler|def|1
|-unboost|p2a: Sneasler|spd|1
|faint|p1b: Incineroar
|move|p1a: Ursaluna|Facade|p2b: Amoonguss
|-activate|p2b: Amoonguss|move: Protect
|
|-weather|SunnyDay|[upkeep]
|-damage|p1a: Ursaluna|95/100 brn|[from] brn
|upkeep
|
|t:|1756390348
|switch|p1b: Charizard|Charizard, L50, F|28/100 psn
|turn|6
|-message|Sawadaburner forfeited.
|
|win|QUELON
|raw|Sawadaburner's rating: 1193 → 1170(-23 for losing)
|raw|QUELON's rating: 1215 → 1238(+23 for winning)
|l|☆Sawadaburner
|player|p1|
