|j|☆Lstdnce
|j|☆JuanGuerrero09
|html|LstdnceJuanGuerrero09    
|uhtml|bestof|Game 2 of a best-of-3
|t:|1756802627
|gametype|doubles
|player|p1|Lstdnce|2|1181
|player|p2|JuanGuerrero09|102|1041
|gen|9
|tier|[Gen 9] VGC 2025 Reg H (Bo3)
|rated|
|rule|Species Clause: Limit one of each Pokémon
|rule|Item Clause: Limit 1 of each item
|clearpoke
|poke|p1|Dragonite, L50, F|
|poke|p1|Ursaluna-Bloodmoon, L50, M|
|poke|p1|Gholdengo, L50|
|poke|p1|Maushold-Four, L50|
|poke|p1|Annihilape, L50, M|
|poke|p1|Rillaboom, L50, F|
|poke|p2|Sneasler, L50, M|
|poke|p2|Indeedee, L50, M|
|poke|p2|Tyranitar, L50, M|
|poke|p2|Excadrill, L50, M|
|poke|p2|Annihilape, L50, M|
|poke|p2|Hydreigon, L50, F|
|teampreview|4
|showteam|p1|Dragonite||LoadedDice|Multiscale|ScaleShot,Tailwind,Haze,Protect|||F|||50|,,,,,Steel]Ursaluna-Bloodmoon||AssaultVest|MindsEye|BloodMoon,EarthPower,HyperVoice,VacuumWave|||M|||50|,,,,,Water]Gholdengo||LifeOrb|GoodasGold|MakeItRain,ShadowBall,NastyPlot,Protect||||||50|,,,,,Water]Maushold-Four||FocusSash|FriendGuard|SuperFang,FollowMe,BeatUp,Protect||||||50|,,,,,Ghost]Annihilape||SitrusBerry|Defiant|RageFist,DrainPunch,BulkUp,Protect|||M|||50|,,,,,Fire]Rillaboom||MiracleSeed|GrassySurge|WoodHammer,GrassyGlide,HighHorsepower,FakeOut|||F|||50|,,,,,Fire
|showteam|p2|Sneasler||PsychicSeed|Unburden|CloseCombat,DireClaw,ThroatChop,Protect|||M|||50|,,,,,Dark]Indeedee||ChoiceScarf|PsychicSurge|ExpandingForce,TeraBlast,Trick,DazzlingGleam|||M|||50|,,,,,Fire]Tyranitar||AssaultVest|SandStream|RockSlide,KnockOff,TeraBlast,LowKick|||M|||50|,,,,,Flying]Excadrill||FocusSash|SandRush|HighHorsepower,Earthquake,IronHead,Protect|||M|||50|,,,,,Ground]Annihilape||SafetyGoggles|Defiant|CloseCombat,RageFist,Taunt,FinalGambit|||M|||50|,,,,,Psychic]Hydreigon||CovertCloak|Levitate|Snarl,Tailwind,DracoMeteor,Protect|||F|||50|,,,,,Poison
|inactive|Battle timer is ON: inactive players will automatically lose when time's up. (requested by Lstdnce)
|
|t:|1756802644
|teamsize|p1|4
|teamsize|p2|4
|start
|switch|p1a: Maushold|Maushold-Four, L50|100/100
|switch|p1b: Annihilape|Annihilape, L50, M|100/100
|switch|p2a: Tyranitar|Tyranitar, L50, M|100/100
|switch|p2b: Excadrill|Excadrill, L50, M|100/100
|-weather|Sandstorm|[from] ability: Sand Stream|[of] p2a: Tyranitar
|turn|1
|
|t:|1756802658
|-terastallize|p2a: Tyranitar|Flying
|move|p2b: Excadrill|Earthquake|p1b: Annihilape|[spread] p1a,p1b
|-immune|p2a: Tyranitar
|-damage|p1a: Maushold|51/100
|-damage|p1b: Annihilape|69/100
|move|p1a: Maushold|Beat Up|p1b: Annihilape
|-damage|p1b: Annihilape|67/100
|-damage|p1b: Annihilape|65/100
|-damage|p1b: Annihilape|63/100
|-damage|p1b: Annihilape|61/100
|-hitcount|p1b: Annihilape|4
|move|p1b: Annihilape|Rage Fist|p2a: Tyranitar
|-damage|p2a: Tyranitar|0 fnt
|faint|p2a: Tyranitar
|
|-weather|Sandstorm|[upkeep]
|-damage|p1a: Maushold|45/100|[from] Sandstorm
|-damage|p1b: Annihilape|55/100|[from] Sandstorm
|upkeep
|
|t:|1756802672
|switch|p2a: Indeedee|Indeedee, L50, M|100/100
|-fieldstart|move: Psychic Terrain|[from] ability: Psychic Surge|[of] p2a: Indeedee
|turn|2
|
|t:|1756802690
|switch|p1a: Rillaboom|Rillaboom, L50, F|100/100
|-fieldstart|move: Grassy Terrain|[from] ability: Grassy Surge|[of] p1a: Rillaboom
|move|p1b: Annihilape|Protect|p1b: Annihilape
|-singleturn|p1b: Annihilape|Protect
|move|p2b: Excadrill|High Horsepower|p1a: Rillaboom
|-resisted|p1a: Rillaboom
|-damage|p1a: Rillaboom|75/100
|move|p2a: Indeedee|Expanding Force|p1b: Annihilape
|-activate|p1b: Annihilape|move: Protect
|
|-weather|Sandstorm|[upkeep]
|-damage|p2a: Indeedee|95/100|[from] Sandstorm
|-damage|p1b: Annihilape|49/100|[from] Sandstorm
|-damage|p1a: Rillaboom|69/100|[from] Sandstorm
|-enditem|p1b: Annihilape|Sitrus Berry|[eat]
|-heal|p1b: Annihilape|74/100|[from] item: Sitrus Berry
|-heal|p2a: Indeedee|100/100|[from] Grassy Terrain
|-heal|p1b: Annihilape|80/100|[from] Grassy Terrain
|-heal|p1a: Rillaboom|75/100|[from] Grassy Terrain
|upkeep
|turn|3
|inactive|JuanGuerrero09 has 30 seconds left.
|
|t:|1756802715
|move|p2b: Excadrill|Protect|p2b: Excadrill
|-singleturn|p2b: Excadrill|Protect
|move|p1a: Rillaboom|Fake Out|p2a: Indeedee
|-damage|p2a: Indeedee|72/100
|cant|p2a: Indeedee|flinch
|move|p1b: Annihilape|Drain Punch|p2a: Indeedee
|-damage|p2a: Indeedee|5/100
|-heal|p1b: Annihilape|100/100|[from] drain|[of] p2a: Indeedee
|
|-weather|Sandstorm|[upkeep]
|-damage|p2a: Indeedee|0 fnt|[from] Sandstorm
|-damage|p1b: Annihilape|94/100|[from] Sandstorm
|-damage|p1a: Rillaboom|69/100|[from] Sandstorm
|faint|p2a: Indeedee
|-heal|p1b: Annihilape|100/100|[from] Grassy Terrain
|-heal|p1a: Rillaboom|75/100|[from] Grassy Terrain
|upkeep
|
|t:|1756802729
|switch|p2a: Sneasler|Sneasler, L50, M|100/100
|turn|4
|
|t:|1756802742
|move|p1a: Rillaboom|Grassy Glide|p2b: Excadrill
|-damage|p2b: Excadrill|34/100
|move|p2b: Excadrill|Iron Head|p1b: Annihilape
|-damage|p1b: Annihilape|56/100
|move|p2a: Sneasler|Dire Claw|p1a: Rillaboom
|-supereffective|p1a: Rillaboom
|-damage|p1a: Rillaboom|0 fnt
|faint|p1a: Rillaboom
|move|p1b: Annihilape|Rage Fist|p2a: Sneasler
|-damage|p2a: Sneasler|0 fnt
|faint|p2a: Sneasler
|
|-weather|Sandstorm|[upkeep]
|-damage|p1b: Annihilape|50/100|[from] Sandstorm
|-heal|p2b: Excadrill|40/100|[from] Grassy Terrain
|-heal|p1b: Annihilape|56/100|[from] Grassy Terrain
|upkeep
|
|t:|1756802754
|switch|p1a: Maushold|Maushold-Four, L50|45/100
|turn|5
|
|t:|1756802765
|move|p1a: Maushold|Protect|p1a: Maushold
|-singleturn|p1a: Maushold|Protect
|move|p1b: Annihilape|Protect|p1b: Annihilape
|-singleturn|p1b: Annihilape|Protect
|move|p2b: Excadrill|Earthquake|p1b: Annihilape|[spread] 
|-activate|p1a: Maushold|move: Protect
|-activate|p1b: Annihilape|move: Protect
|
|-weather|none
|-heal|p2b: Excadrill|46/100|[from] Grassy Terrain
|-heal|p1a: Maushold|51/100|[from] Grassy Terrain
|-heal|p1b: Annihilape|62/100|[from] Grassy Terrain
|upkeep
|turn|6
|
|t:|1756802773
|move|p2b: Excadrill|Protect|p2b: Excadrill
|-singleturn|p2b: Excadrill|Protect
|move|p1a: Maushold|Super Fang|p2b: Excadrill
|-activate|p2b: Excadrill|move: Protect
|move|p1b: Annihilape|Rage Fist|p2b: Excadrill
|-activate|p2b: Excadrill|move: Protect
|
|-heal|p1a: Maushold|57/100|[from] Grassy Terrain
|-heal|p1b: Annihilape|68/100|[from] Grassy Terrain
|-heal|p2b: Excadrill|52/100|[from] Grassy Terrain
|-fieldend|move: Grassy Terrain
|upkeep
|turn|7
|
|t:|1756802782
|move|p1a: Maushold|Super Fang|p2b: Excadrill
|-damage|p2b: Excadrill|26/100
|move|p1b: Annihilape|Rage Fist|p2b: Excadrill
|-damage|p2b: Excadrill|0 fnt
|faint|p2b: Excadrill
|
|win|Lstdnce
||JuanGuerrero09 is ready for game 3.
||Lstdnce is ready for game 3.
|uhtml|next|Next: Game 3 of 3
|l|☆JuanGuerrero09
|player|p2|
|l|☆Lstdnce
|player|p1|
|j|☆Lstdnce
|player|p1|Lstdnce|2|
