|j|☆Metallicmadness
|j|☆Wooperdooperpooper
|html|MetallicmadnessWooperdooperpooper    
|uhtml|bestof|Game 3 of a best-of-3
|t:|1755958293
|gametype|doubles
|player|p1|Metallicmadness|byron|1313
|player|p2|Wooperdooperpooper|101|1391
|gen|9
|tier|[Gen 9] VGC 2025 Reg H (Bo3)
|rated|
|rule|Species Clause: Limit one of each Pokémon
|rule|Item Clause: Limit 1 of each item
|clearpoke
|poke|p1|Tyranitar, L50, M|
|poke|p1|Corviknight, L50, F|
|poke|p1|Lycanroc, L50, F|
|poke|p1|Garchomp, L50, M|
|poke|p1|Archaludon, L50, M|
|poke|p1|Houndstone, L50, M|
|poke|p2|Charizard, L50, M|
|poke|p2|Indeedee-F, L50, F|
|poke|p2|Ursaluna, L50, F|
|poke|p2|Torkoal, L50, M|
|poke|p2|Gallade, L50, M|
|poke|p2|Hatterene, L50, F|
|teampreview|4
|showteam|p1|Tyranitar||AssaultVest|SandStream|RockSlide,KnockOff,TeraBlast,LowKick|||M|||50|,,,,,Flying]Corviknight||Leftovers|MirrorArmor|IronDefense,BodyPress,Roost,BraveBird|||F|||50|,,,,,Fighting]Lycanroc||LoadedDice|SandRush|RockSlide,DrillRun,RockBlast,Protect|||F|||50|,,,,,Ground]Garchomp||ClearAmulet|RoughSkin|Earthquake,StompingTantrum,DragonClaw,Protect|||M|||50|,,,,,Ground]Archaludon||PowerHerb|Stalwart|Protect,ElectroShot,DracoMeteor,FlashCannon|||M|||50|,,,,,Electric]Houndstone||SitrusBerry|SandRush|LastRespects,Howl,Protect,Poltergeist|||M|||50|,,,,,Grass
|showteam|p2|Charizard||ChoiceScarf|SolarPower|HeatWave,Overheat,WeatherBall,ScorchingSands|||M|||50|,,,,,Fire]Indeedee-F||SafetyGoggles|PsychicSurge|DazzlingGleam,FollowMe,TrickRoom,HelpingHand|||F|||50|,,,,,Water]Ursaluna||FlameOrb|Guts|HeadlongRush,Facade,RockSlide,Protect|||F|||50|,,,,,Dragon]Torkoal||Charcoal|Drought|Eruption,Overheat,HelpingHand,Protect|||M|||50|,,,,,Fire]Gallade||ClearAmulet|Sharpness|SacredSword,PsychoCut,TrickRoom,WideGuard|||M|||50|,,,,,Grass]Hatterene||LifeOrb|MagicBounce|ExpandingForce,DazzlingGleam,TrickRoom,Protect|||F|||50|,,,,,Water
|inactive|Battle timer is ON: inactive players will automatically lose when time's up. (requested by Metallicmadness)
|
|t:|1755958315
|teamsize|p1|4
|teamsize|p2|4
|start
|switch|p1a: Tyranitar|Tyranitar, L50, M|100/100
|switch|p1b: Archaludon|Archaludon, L50, M|100/100
|switch|p2a: Gallade|Gallade, L50, M|100/100
|switch|p2b: Indeedee|Indeedee-F, L50, F|100/100
|-weather|Sandstorm|[from] ability: Sand Stream|[of] p1a: Tyranitar
|-fieldstart|move: Psychic Terrain|[from] ability: Psychic Surge|[of] p2b: Indeedee
|turn|1
|
|t:|1755958324
|switch|p2a: Hatterene|Hatterene, L50, F|100/100
|-terastallize|p2b: Indeedee|Water
|move|p1b: Archaludon|Draco Meteor|p2a: Hatterene
|-immune|p2a: Hatterene
|move|p1a: Tyranitar|Knock Off|p2b: Indeedee
|-damage|p2b: Indeedee|46/100
|-enditem|p2b: Indeedee|Safety Goggles|[from] move: Knock Off|[of] p1a: Tyranitar
|move|p2b: Indeedee|Trick Room|p2b: Indeedee
|-fieldstart|move: Trick Room|[of] p2b: Indeedee
|
|-weather|Sandstorm|[upkeep]
|-damage|p2a: Hatterene|94/100|[from] Sandstorm
|-damage|p2b: Indeedee|40/100|[from] Sandstorm
|upkeep
|turn|2
|
|t:|1755958334
|switch|p2b: Ursaluna|Ursaluna, L50, F|100/100
|move|p2a: Hatterene|Dazzling Gleam|p1a: Tyranitar|[spread] p1a,p1b
|-supereffective|p1a: Tyranitar
|-damage|p1a: Tyranitar|65/100
|-damage|p1b: Archaludon|32/100
|-damage|p2a: Hatterene|85/100|[from] item: Life Orb
|move|p1a: Tyranitar|Rock Slide|p2a: Hatterene|[spread] p2a,p2b
|-resisted|p2b: Ursaluna
|-damage|p2a: Hatterene|46/100
|-damage|p2b: Ursaluna|89/100
|move|p1b: Archaludon|Flash Cannon|p2a: Hatterene
|-supereffective|p2a: Hatterene
|-damage|p2a: Hatterene|0 fnt
|faint|p2a: Hatterene
|
|-weather|Sandstorm|[upkeep]
|-status|p2b: Ursaluna|brn|[from] item: Flame Orb
|upkeep
|
|t:|1755958339
|switch|p2a: Gallade|Gallade, L50, M|100/100
|turn|3
|
|t:|1755958361
|move|p1b: Archaludon|Protect|p1b: Archaludon
|-singleturn|p1b: Archaludon|Protect
|move|p2b: Ursaluna|Headlong Rush|p1a: Tyranitar
|-supereffective|p1a: Tyranitar
|-damage|p1a: Tyranitar|0 fnt
|-unboost|p2b: Ursaluna|def|1
|-unboost|p2b: Ursaluna|spd|1
|faint|p1a: Tyranitar
|move|p2a: Gallade|Psycho Cut|p1b: Archaludon
|-activate|p1b: Archaludon|move: Protect
|
|-weather|Sandstorm|[upkeep]
|-damage|p2a: Gallade|95/100|[from] Sandstorm
|-damage|p2b: Ursaluna|83/100 brn|[from] brn
|upkeep
|
|t:|1755958373
|switch|p1a: Corviknight|Corviknight, L50, F|100/100
|turn|4
|
|t:|1755958384
|switch|p1b: Houndstone|Houndstone, L50, M|100/100
|move|p2b: Ursaluna|Headlong Rush|p1b: Houndstone
|-damage|p1b: Houndstone|0 fnt
|-unboost|p2b: Ursaluna|def|1
|-unboost|p2b: Ursaluna|spd|1
|faint|p1b: Houndstone
|move|p2a: Gallade|Sacred Sword|p1a: Corviknight
|-damage|p1a: Corviknight|34/100
|move|p1a: Corviknight|Brave Bird|p2a: Gallade
|-supereffective|p2a: Gallade
|-damage|p2a: Gallade|0 fnt
|faint|p2a: Gallade
|-damage|p1a: Corviknight|8/100|[from] Recoil
|
|-weather|Sandstorm|[upkeep]
|-heal|p1a: Corviknight|14/100|[from] item: Leftovers
|-damage|p2b: Ursaluna|77/100 brn|[from] brn
|upkeep
|
|t:|1755958403
|switch|p2a: Indeedee|Indeedee-F, L50, F, tera:Water|40/100
|switch|p1b: Archaludon|Archaludon, L50, M|32/100
|turn|5
|
|t:|1755958410
|move|p1b: Archaludon|Protect|p1b: Archaludon
|-singleturn|p1b: Archaludon|Protect
|move|p2b: Ursaluna|Rock Slide|p1a: Corviknight|[spread] p1a
|-activate|p1b: Archaludon|move: Protect
|-damage|p1a: Corviknight|0 fnt
|faint|p1a: Corviknight
|move|p2a: Indeedee|Dazzling Gleam|p1b: Archaludon
|-activate|p1b: Archaludon|move: Protect
|
|-weather|none
|-damage|p2b: Ursaluna|71/100 brn|[from] brn
|-fieldend|move: Trick Room
|-fieldend|move: Psychic Terrain
|upkeep
|turn|6
|
|t:|1755958424
|move|p1b: Archaludon|Electro Shot||[still]
|-prepare|p1b: Archaludon|Electro Shot
|-boost|p1b: Archaludon|spa|1
|-enditem|p1b: Archaludon|Power Herb
|-anim|p1b: Archaludon|Electro Shot|p2a: Indeedee
|-supereffective|p2a: Indeedee
|-crit|p2a: Indeedee
|-damage|p2a: Indeedee|0 fnt
|faint|p2a: Indeedee
|move|p2b: Ursaluna|Headlong Rush|p1b: Archaludon
|-supereffective|p1b: Archaludon
|-damage|p1b: Archaludon|0 fnt
|-unboost|p2b: Ursaluna|def|1
|-unboost|p2b: Ursaluna|spd|1
|faint|p1b: Archaludon
|
|win|Wooperdooperpooper
|raw|Metallicmadness's rating: 1313 → 1297(-16 for losing)
|raw|Wooperdooperpooper's rating: 1391 → 1407(+16 for winning)
|c|☆Wooperdooperpooper|Gg wo
|c|☆Metallicmadness|Gg lol
|c|☆Wooperdooperpooper|Wp
|l|☆Metallicmadness
|player|p1|
|c|☆Wooperdooperpooper|Damn that was exhausting
|l|☆Wooperdooperpooper
|player|p2|
|j|☆Wooperdooperpooper
|player|p2|Wooperdooperpooper|101|
