|j|☆trepanbad
|j|☆beeetch
|html|trepanbadbeeetch    
|uhtml|bestof|Game 3 of a best-of-3
|t:|1755867377
|gametype|doubles
|player|p1|trepanbad|hilbert|1297
|player|p2|beeetch|beauty-gen4dp|1340
|gen|9
|tier|[Gen 9] VGC 2025 Reg H (Bo3)
|rated|
|rule|Species Clause: Limit one of each Pokémon
|rule|Item Clause: Limit 1 of each item
|clearpoke
|poke|p1|Incineroar, L50, M|
|poke|p1|Annihilape, L50, M|
|poke|p1|Electabuzz, L50, M|
|poke|p1|Gholdengo, L50|
|poke|p1|Rillaboom, L50, F|
|poke|p1|Dragonite, L50, M|
|poke|p2|Toedscruel, L50, F|
|poke|p2|Weezing-Galar, L50, F|
|poke|p2|Corviknight, L50, M|
|poke|p2|Pawmot, L50, M|
|poke|p2|Garchomp, L50, F|
|poke|p2|Typhlosion-Hisui, L50, F|
|teampreview|4
|showteam|p1|Incineroar||MirrorHerb|Intimidate|FakeOut,PartingShot,FlareBlitz,KnockOff|||M|||50|,,,,,Ghost]Annihilape||FocusSash|Defiant|Taunt,CloseCombat,RageFist,Protect|||M|||50|,,,,,Stellar]Electabuzz||Eviolite|VitalSpirit|Electroweb,Taunt,Protect,FollowMe|||M|||50|,,,,,Dragon]Gholdengo||SitrusBerry|GoodasGold|MakeItRain,ShadowBall,Protect,NastyPlot||||||50|,,,,,Water]Rillaboom||AssaultVest|GrassySurge|FakeOut,WoodHammer,HighHorsepower,GrassyGlide|||F|||50|,,,,,Fire]Dragonite||LoadedDice|Multiscale|Protect,ScaleShot,Haze,ExtremeSpeed|||M|||50|,,,,,Fairy
|showteam|p2|Toedscruel||CovertCloak|MyceliumMight|Spore,EarthPower,AcidSpray,RagePowder|||F|||50|,,,,,Water]Weezing-Galar||ChoiceSpecs|NeutralizingGas|DazzlingGleam,SludgeBomb,StrangeSteam,Flamethrower|||F|||50|,,,,,Fire]Corviknight||SitrusBerry|MirrorArmor|Protect,Tailwind,Roost,BraveBird|||M|||50|,,,,,Dragon]Pawmot||FocusSash|NaturalCure|Protect,CloseCombat,DoubleShock,FakeOut|||M|||50|,,,,,Electric]Garchomp||LifeOrb|RoughSkin|Protect,Earthquake,DragonClaw,StompingTantrum|||F|||50|,,,,,Ground]Typhlosion-Hisui||ChoiceScarf|Blaze|Eruption,SleepTalk,HeatWave,ShadowBall|||F|||50|,,,,,Fire
|inactive|Battle timer is ON: inactive players will automatically lose when time's up. (requested by trepanbad)
|
|t:|1755867406
|teamsize|p1|4
|teamsize|p2|4
|start
|switch|p1a: Annihilape|Annihilape, L50, M|100/100
|switch|p1b: Gholdengo|Gholdengo, L50|100/100
|switch|p2a: Weezing|Weezing-Galar, L50, F|100/100
|switch|p2b: Toedscruel|Toedscruel, L50, F|100/100
|-ability|p2a: Weezing|Neutralizing Gas
|turn|1
|inactive|trepanbad has 30 seconds left.
|
|t:|1755867433
|switch|p1a: Rillaboom|Rillaboom, L50, F|100/100
|move|p1b: Gholdengo|Protect|p1b: Gholdengo
|-singleturn|p1b: Gholdengo|Protect
|move|p2b: Toedscruel|Spore|p1a: Rillaboom
|-immune|p1a: Rillaboom
|move|p2a: Weezing|Dazzling Gleam|p1a: Rillaboom|[spread] p1a
|-activate|p1b: Gholdengo|move: Protect
|-damage|p1a: Rillaboom|75/100
|
|upkeep
|turn|2
|inactive|trepanbad has 30 seconds left.
|
|t:|1755867462
|move|p1a: Rillaboom|Fake Out|p2b: Toedscruel
|-damage|p2b: Toedscruel|82/100
|move|p2b: Toedscruel|Spore|p1b: Gholdengo
|-status|p1b: Gholdengo|slp|[from] move: Spore
|cant|p1b: Gholdengo|slp
|move|p2a: Weezing|Dazzling Gleam|p1b: Gholdengo|[spread] p1a,p1b
|-resisted|p1b: Gholdengo
|-damage|p1a: Rillaboom|52/100
|-damage|p1b: Gholdengo|80/100 slp
|
|upkeep
|turn|3
|
|t:|1755867476
|move|p2b: Toedscruel|Earth Power|p1b: Gholdengo
|-supereffective|p1b: Gholdengo
|-damage|p1b: Gholdengo|25/100 slp
|-enditem|p1b: Gholdengo|Sitrus Berry|[eat]
|-heal|p1b: Gholdengo|50/100 slp|[from] item: Sitrus Berry
|cant|p1b: Gholdengo|slp
|move|p1a: Rillaboom|High Horsepower|p2a: Weezing
|-supereffective|p2a: Weezing
|-damage|p2a: Weezing|44/100
|move|p2a: Weezing|Dazzling Gleam|p1a: Rillaboom|[spread] p1a,p1b
|-resisted|p1b: Gholdengo
|-damage|p1a: Rillaboom|25/100
|-damage|p1b: Gholdengo|29/100 slp
|
|upkeep
|turn|4
|inactive|trepanbad has 30 seconds left.
|
|t:|1755867510
|move|p2b: Toedscruel|Earth Power|p1b: Gholdengo
|-supereffective|p1b: Gholdengo
|-damage|p1b: Gholdengo|0 fnt
|faint|p1b: Gholdengo
|move|p1a: Rillaboom|High Horsepower|p2a: Weezing
|-supereffective|p2a: Weezing
|-damage|p2a: Weezing|0 fnt
|faint|p2a: Weezing
|-end|p2a: Weezing|ability: Neutralizing Gas
|-fieldstart|move: Grassy Terrain|[from] ability: Grassy Surge|[of] p1a: Rillaboom
|
|-heal|p2b: Toedscruel|88/100|[from] Grassy Terrain
|-heal|p1a: Rillaboom|31/100|[from] Grassy Terrain
|upkeep
|
|t:|1755867523
|switch|p1b: Incineroar|Incineroar, L50, M|100/100
|switch|p2a: Corviknight|Corviknight, L50, M|100/100
|-ability|p1b: Incineroar|Intimidate|boost
|-ability|p2a: Corviknight|Mirror Armor
|-unboost|p1b: Incineroar|atk|1
|-unboost|p2b: Toedscruel|atk|1
|turn|5
|inactive|trepanbad has 30 seconds left.
|
|t:|1755867556
|move|p2a: Corviknight|Protect|p2a: Corviknight
|-singleturn|p2a: Corviknight|Protect
|move|p1b: Incineroar|Fake Out|p2b: Toedscruel
|-damage|p2b: Toedscruel|79/100
|move|p2b: Toedscruel|Earth Power|p1b: Incineroar
|-supereffective|p1b: Incineroar
|-damage|p1b: Incineroar|51/100
|-unboost|p1b: Incineroar|spd|1
|move|p1a: Rillaboom|Wood Hammer|p2b: Toedscruel
|-damage|p2b: Toedscruel|0 fnt
|faint|p2b: Toedscruel
|-damage|p1a: Rillaboom|8/100|[from] Recoil
|
|-heal|p1a: Rillaboom|14/100|[from] Grassy Terrain
|-heal|p1b: Incineroar|57/100|[from] Grassy Terrain
|upkeep
|
|t:|1755867570
|switch|p2b: Garchomp|Garchomp, L50, F|100/100
|turn|6
|inactive|trepanbad has 30 seconds left.
|
|t:|1755867602
|-terastallize|p1b: Incineroar|Ghost
|move|p2b: Garchomp|Protect|p2b: Garchomp
|-singleturn|p2b: Garchomp|Protect
|move|p1a: Rillaboom|Grassy Glide|p2b: Garchomp
|-activate|p2b: Garchomp|move: Protect
|move|p2a: Corviknight|Tailwind|p2a: Corviknight
|-sidestart|p2: beeetch|move: Tailwind
|move|p1b: Incineroar|Parting Shot|p2b: Garchomp
|-activate|p2b: Garchomp|move: Protect
|
|-heal|p1a: Rillaboom|20/100|[from] Grassy Terrain
|-heal|p1b: Incineroar|63/100|[from] Grassy Terrain
|upkeep
|turn|7
|
|t:|1755867620
|move|p1a: Rillaboom|Grassy Glide|p2b: Garchomp
|-damage|p2b: Garchomp|62/100
|-damage|p1a: Rillaboom|7/100|[from] ability: Rough Skin|[of] p2b: Garchomp
|move|p2b: Garchomp|Dragon Claw|p1b: Incineroar
|-damage|p1b: Incineroar|18/100
|-damage|p2b: Garchomp|53/100|[from] item: Life Orb
|move|p2a: Corviknight|Brave Bird|p1a: Rillaboom
|-supereffective|p1a: Rillaboom
|-damage|p1a: Rillaboom|0 fnt
|faint|p1a: Rillaboom
|-damage|p2a: Corviknight|98/100|[from] Recoil
|move|p1b: Incineroar|Parting Shot|p2b: Garchomp
|-unboost|p2b: Garchomp|atk|1
|-unboost|p2b: Garchomp|spa|1
|
|t:|1755867631
|switch|p1b: Annihilape|Annihilape, L50, M|100/100|[from] Parting Shot
|
|-heal|p2b: Garchomp|59/100|[from] Grassy Terrain
|upkeep
|
|t:|1755867634
|switch|p1a: Incineroar|Incineroar, L50, M, tera:Ghost|18/100
|-ability|p1a: Incineroar|Intimidate|boost
|-ability|p2a: Corviknight|Mirror Armor
|-unboost|p1a: Incineroar|atk|1
|-unboost|p2b: Garchomp|atk|1
|turn|8
|inactive|trepanbad has 30 seconds left.
|inactive|trepanbad has 20 seconds left.
|inactive|trepanbad has 15 seconds left.
|inactive|trepanbad has 10 seconds left.
|inactive|trepanbad has 5 seconds left.
|
|t:|1755867689
|move|p1a: Incineroar|Fake Out|p2a: Corviknight
|-resisted|p2a: Corviknight
|-damage|p2a: Corviknight|95/100
|move|p2b: Garchomp|Dragon Claw|p1a: Incineroar
|-damage|p1a: Incineroar|0 fnt
|faint|p1a: Incineroar
|-damage|p2b: Garchomp|49/100|[from] item: Life Orb
|cant|p2a: Corviknight|flinch
|move|p1b: Annihilape|Taunt|p2a: Corviknight
|-start|p2a: Corviknight|move: Taunt
|
|-heal|p2b: Garchomp|55/100|[from] Grassy Terrain
|-fieldend|move: Grassy Terrain
|upkeep
|turn|9
|-message|trepanbad forfeited.
|
|win|beeetch
|raw|trepanbad's rating: 1297 → 1275(-22 for losing)
|raw|beeetch's rating: 1340 → 1358(+18 for winning)
