|j|☆emptinessmach
|j|☆Extroier
|html|emptinessmachExtroier    
|uhtml|bestof|Game 2 of a best-of-3
|t:|1757034690
|gametype|doubles
|player|p1|emptinessmach|red|1110
|player|p2|Extroier|101|1019
|gen|9
|tier|[Gen 9] VGC 2025 Reg H (Bo3)
|rated|
|rule|Species Clause: Limit one of each Pokémon
|rule|Item Clause: Limit 1 of each item
|clearpoke
|poke|p1|Porygon2, L50|
|poke|p1|Incineroar, L50, M|
|poke|p1|Garchomp, L50, F|
|poke|p1|Gholdengo, L50|
|poke|p1|Amoonguss, L50, F|
|poke|p1|Sneasler, L50, M|
|poke|p2|Tinkaton, L50, F|
|poke|p2|Sneasler, L50, M|
|poke|p2|Clefairy, L50, M|
|poke|p2|Grimmsnarl, L50, M|
|poke|p2|Volcarona, L50, M|
|poke|p2|Ninetales, L50, M|
|teampreview|4
|showteam|p1|Porygon2||Eviolite|Download|TeraBlast,IceBeam,Recover,TrickRoom||||||50|,,,,,Ground]Incineroar||SafetyGoggles|Intimidate|FlareBlitz,KnockOff,FakeOut,PartingShot|||M|||50|,,,,,Ghost]Garchomp||ClearAmulet|RoughSkin|Earthquake,Protect,StompingTantrum,DragonClaw|||F|||50|,,,,,Fire]Gholdengo||LifeOrb|GoodasGold|Protect,NastyPlot,MakeItRain,ShadowBall||||||50|,,,,,Water]Amoonguss||SitrusBerry|Regenerator|Spore,RagePowder,Protect,PollenPuff|||F|||50|,,,,,Fairy]Sneasler||FocusSash|PoisonTouch|DireClaw,CloseCombat,Coaching,Protect|||M|||50|,,,,,Flying
|showteam|p2|Tinkaton||Leftovers|OwnTempo|SwordsDance,GigatonHammer,Protect,FakeOut|||F|||50|,,,,,Dragon]Sneasler||FocusSash|PoisonTouch|CloseCombat,DireClaw,FakeOut,Protect|||M|||50|,,,,,Ghost]Clefairy||Eviolite|FriendGuard|Encore,Protect,FollowMe,LifeDew|||M|||50|,,,,,Grass]Grimmsnarl||CovertCloak|Prankster|Protect,SuckerPunch,Taunt,LightScreen|||M|||50|,,,,,Steel]Volcarona||LifeOrb|FlameBody|FieryDance,BugBuzz,QuiverDance,Protect|||M|||50|,,,,,Bug]Ninetales||ChoiceSpecs|Drought|Extrasensory,Flamethrower,Snarl,EnergyBall|||M|||50|,,,,,Fire
|inactive|Battle timer is ON: inactive players will automatically lose when time's up. (requested by Extroier)
|
|t:|1757034713
|teamsize|p1|4
|teamsize|p2|4
|start
|switch|p1a: Incineroar|Incineroar, L50, M|100/100
|switch|p1b: Gholdengo|Gholdengo, L50|100/100
|switch|p2a: Ninetales|Ninetales, L50, M|100/100
|switch|p2b: Volcarona|Volcarona, L50, M|100/100
|-weather|SunnyDay|[from] ability: Drought|[of] p2a: Ninetales
|-ability|p1a: Incineroar|Intimidate|boost
|-unboost|p2a: Ninetales|atk|1
|-unboost|p2b: Volcarona|atk|1
|turn|1
|
|t:|1757034730
|switch|p1b: Garchomp|Garchomp, L50, F|100/100
|move|p1a: Incineroar|Fake Out|p2b: Volcarona
|-damage|p2b: Volcarona|84/100
|move|p2a: Ninetales|Flamethrower|p1b: Garchomp
|-resisted|p1b: Garchomp
|-damage|p1b: Garchomp|55/100
|cant|p2b: Volcarona|flinch
|
|-weather|SunnyDay|[upkeep]
|upkeep
|turn|2
|inactive|emptinessmach has 30 seconds left.
|
|t:|1757034757
|move|p1b: Garchomp|Stomping Tantrum|p2a: Ninetales
|-supereffective|p2a: Ninetales
|-crit|p2a: Ninetales
|-damage|p2a: Ninetales|0 fnt
|faint|p2a: Ninetales
|move|p2b: Volcarona|Fiery Dance|p1b: Garchomp
|-resisted|p1b: Garchomp
|-damage|p1b: Garchomp|6/100
|-boost|p2b: Volcarona|spa|1
|-damage|p2b: Volcarona|74/100|[from] item: Life Orb
|move|p1a: Incineroar|Flare Blitz|p2b: Volcarona
|-damage|p2b: Volcarona|0 fnt
|faint|p2b: Volcarona
|-damage|p1a: Incineroar|78/100|[from] Recoil
|
|-weather|SunnyDay|[upkeep]
|upkeep
|
|t:|1757034769
|switch|p2a: Sneasler|Sneasler, L50, M|100/100
|switch|p2b: Tinkaton|Tinkaton, L50, F|100/100
|turn|3
|
|t:|1757034782
|switch|p1b: Gholdengo|Gholdengo, L50|100/100
|move|p2a: Sneasler|Fake Out|p1b: Gholdengo
|-immune|p1b: Gholdengo
|move|p2b: Tinkaton|Fake Out|p1a: Incineroar
|-damage|p1a: Incineroar|69/100
|cant|p1a: Incineroar|flinch
|
|-weather|SunnyDay|[upkeep]
|upkeep
|turn|4
|
|t:|1757034797
|switch|p1a: Porygon2|Porygon2, L50|100/100
|-ability|p1a: Porygon2|Download|boost
|-boost|p1a: Porygon2|atk|1
|-terastallize|p2b: Tinkaton|Dragon
|move|p2a: Sneasler|Close Combat|p1a: Porygon2
|-supereffective|p1a: Porygon2
|-crit|p1a: Porygon2
|-damage|p1a: Porygon2|0 fnt
|-unboost|p2a: Sneasler|def|1
|-unboost|p2a: Sneasler|spd|1
|faint|p1a: Porygon2
|move|p2b: Tinkaton|Swords Dance|p2b: Tinkaton
|-boost|p2b: Tinkaton|atk|2
|move|p1b: Gholdengo|Make It Rain|p2b: Tinkaton|[spread] p2a,p2b
|-enditem|p2a: Sneasler|Focus Sash
|-damage|p2a: Sneasler|1/100
|-damage|p2b: Tinkaton|43/100
|-unboost|p1b: Gholdengo|spa|1
|-damage|p1b: Gholdengo|91/100|[from] item: Life Orb
|
|-weather|SunnyDay|[upkeep]
|-heal|p2b: Tinkaton|49/100|[from] item: Leftovers
|upkeep
|
|t:|1757034806
|switch|p1a: Incineroar|Incineroar, L50, M|69/100
|-ability|p1a: Incineroar|Intimidate|boost
|-unboost|p2a: Sneasler|atk|1
|-fail|p2b: Tinkaton|unboost|Attack|[from] ability: Own Tempo|[of] p2b: Tinkaton
|turn|5
|
|t:|1757034825
|move|p2a: Sneasler|Protect|p2a: Sneasler
|-singleturn|p2a: Sneasler|Protect
|move|p2b: Tinkaton|Protect|p2b: Tinkaton
|-singleturn|p2b: Tinkaton|Protect
|move|p1a: Incineroar|Fake Out|p2a: Sneasler
|-activate|p2a: Sneasler|move: Protect
|move|p1b: Gholdengo|Nasty Plot|p1b: Gholdengo
|-boost|p1b: Gholdengo|spa|2
|
|-weather|none
|-heal|p2b: Tinkaton|55/100|[from] item: Leftovers
|upkeep
|turn|6
|
|t:|1757034838
|move|p2a: Sneasler|Close Combat|p1a: Incineroar
|-supereffective|p1a: Incineroar
|-damage|p1a: Incineroar|0 fnt
|-unboost|p2a: Sneasler|def|1
|-unboost|p2a: Sneasler|spd|1
|faint|p1a: Incineroar
|move|p2b: Tinkaton|Gigaton Hammer|p1b: Gholdengo
|-resisted|p1b: Gholdengo
|-crit|p1b: Gholdengo
|-damage|p1b: Gholdengo|5/100
|move|p1b: Gholdengo|Make It Rain|p2b: Tinkaton|[spread] p2a,p2b
|-damage|p2a: Sneasler|0 fnt
|-damage|p2b: Tinkaton|0 fnt
|-unboost|p1b: Gholdengo|spa|1
|faint|p2a: Sneasler
|faint|p2b: Tinkaton
|-damage|p1b: Gholdengo|0 fnt|[from] item: Life Orb
|faint|p1b: Gholdengo
|
|win|emptinessmach
||Extroier is ready for game 3.
||emptinessmach is ready for game 3.
|uhtml|next|Next: Game 3 of 3
|l|☆Extroier
|player|p2|
