|j|☆tiramisaurus
|j|☆washingtongargacha
|html|tiramisauruswashingtongargacha    
|uhtml|bestof|Game 1 of a best-of-3
|t:|1757727323
|gametype|doubles
|player|p1|tiramisaurus|101|1201
|player|p2|washingtongargacha|101|1158
|gen|9
|tier|[Gen 9] VGC 2025 Reg H (Bo3)
|rated|
|rule|Species Clause: Limit one of each Pokémon
|rule|Item Clause: Limit 1 of each item
|clearpoke
|poke|p1|Kilowattrel, L50, M|
|poke|p1|Ninetales-Alola, L50, F|
|poke|p1|Garchomp, L50, F|
|poke|p1|Incineroar, L50, F|
|poke|p1|Sinistcha, L50|
|poke|p1|Gholdengo, L50|
|poke|p2|Typhlosion-Hisui, L50, M|
|poke|p2|Whimsicott, L50, M|
|poke|p2|Dragapult, L50, M|
|poke|p2|Torkoal, L50, M|
|poke|p2|Lilligant-Hisui, L50, F|
|poke|p2|Electabuzz, L50, M|
|teampreview|4
|showteam|p1|Kilowattrel||FocusSash|Competitive|Discharge,Protect,Tailwind,AirSlash|||M|||50|,,,,,Ghost]Ninetales-Alola||CovertCloak|SnowWarning|FreezeDry,Blizzard,Moonblast,Protect|||F|||50|,,,,,Water]Garchomp||LifeOrb|RoughSkin|DragonClaw,Earthquake,StompingTantrum,Protect|||F|||50|,,,,,Steel]Incineroar||MirrorHerb|Intimidate|FakeOut,KnockOff,PartingShot,FlareBlitz|||F|||50|,,,,,Ghost]Sinistcha||SitrusBerry|Hospitality|MatchaGotcha,StrengthSap,RagePowder,TrickRoom||||||50|,,,,,Dark]Gholdengo||MetalCoat|GoodasGold|NastyPlot,MakeItRain,ShadowBall,Protect||||||50|,,,,,Water
|showteam|p2|Typhlosion-Hisui||ChoiceSpecs|Blaze|HeatWave,Eruption,ShadowBall,FocusPunch|||M|||50|,,,,,Fire]Whimsicott||CovertCloak|Prankster|Tailwind,Moonblast,SunnyDay,Encore|||M|||50|,,,,,Water]Dragapult||ChoiceBand|ClearBody|Uturn,SuckerPunch,DragonDarts,PhantomForce|||M|||50|,,,,,Dragon]Torkoal||LifeOrb|Drought|HeatWave,Eruption,Protect,WeatherBall|||M|||50|,,,,,Fire]Lilligant-Hisui||FocusSash|Chlorophyll|CloseCombat,SleepPowder,AfterYou,LeafBlade|||F|||50|,,,,,Ghost]Electabuzz||Eviolite|VitalSpirit|FollowMe,Taunt,Electroweb,Protect|||M|||50|,,,,,Grass
|
|t:|1757727384
|teamsize|p1|4
|teamsize|p2|4
|start
|switch|p1a: Kilowattrel|Kilowattrel, L50, M|100/100
|switch|p1b: Garchomp|Garchomp, L50, F|100/100
|switch|p2a: Whimsicott|Whimsicott, L50, M|100/100
|switch|p2b: Typhlosion|Typhlosion-Hisui, L50, M|100/100
|turn|1
|
|t:|1757727406
|-terastallize|p2b: Typhlosion|Fire
|move|p2a: Whimsicott|Tailwind|p2a: Whimsicott
|-sidestart|p2: washingtongargacha|move: Tailwind
|move|p2b: Typhlosion|Eruption|p1b: Garchomp|[spread] p1a,p1b
|-resisted|p1b: Garchomp
|-enditem|p1a: Kilowattrel|Focus Sash
|-damage|p1a: Kilowattrel|1/100
|-damage|p1b: Garchomp|38/100
|move|p1a: Kilowattrel|Tailwind|p1a: Kilowattrel
|-sidestart|p1: tiramisaurus|move: Tailwind
|move|p1b: Garchomp|Earthquake|p2b: Typhlosion|[spread] p2a,p2b
|-immune|p1a: Kilowattrel
|-resisted|p2a: Whimsicott
|-supereffective|p2b: Typhlosion
|-damage|p2a: Whimsicott|77/100
|-damage|p2b: Typhlosion|0 fnt
|faint|p2b: Typhlosion
|-damage|p1b: Garchomp|28/100|[from] item: Life Orb
|
|upkeep
|
|t:|1757727421
|switch|p2b: Dragapult|Dragapult, L50, M|100/100
|turn|2
|
|t:|1757727451
|switch|p1a: Gholdengo|Gholdengo, L50|100/100
|move|p2b: Dragapult|U-turn|p1a: Gholdengo
|-resisted|p1a: Gholdengo
|-damage|p1a: Gholdengo|90/100
|
|t:|1757727455
|switch|p2b: Electabuzz|Electabuzz, L50, M|100/100|[from] U-turn
|move|p1b: Garchomp|Dragon Claw|p2b: Electabuzz
|-damage|p2b: Electabuzz|43/100
|-damage|p1b: Garchomp|18/100|[from] item: Life Orb
|move|p2a: Whimsicott|Moonblast|p1b: Garchomp
|-supereffective|p1b: Garchomp
|-damage|p1b: Garchomp|0 fnt
|faint|p1b: Garchomp
|
|upkeep
|
|t:|1757727474
|switch|p1b: Kilowattrel|Kilowattrel, L50, M|1/100
|turn|3
|
|t:|1757727514
|move|p1b: Kilowattrel|Protect|p1b: Kilowattrel
|-singleturn|p1b: Kilowattrel|Protect
|move|p2b: Electabuzz|Protect|p2b: Electabuzz
|-singleturn|p2b: Electabuzz|Protect
|move|p1a: Gholdengo|Make It Rain|p2a: Whimsicott|[spread] p2a
|-activate|p2b: Electabuzz|move: Protect
|-supereffective|p2a: Whimsicott
|-damage|p2a: Whimsicott|0 fnt
|-unboost|p1a: Gholdengo|spa|1
|faint|p2a: Whimsicott
|
|upkeep
|
|t:|1757727525
|switch|p2a: Dragapult|Dragapult, L50, M|100/100
|turn|4
|
|t:|1757727567
|-terastallize|p1a: Gholdengo|Water
|move|p2a: Dragapult|Phantom Force||[still]
|-prepare|p2a: Dragapult|Phantom Force
|move|p1b: Kilowattrel|Air Slash|p2a: Dragapult|[miss]
|-miss|p1b: Kilowattrel|p2a: Dragapult
|move|p2b: Electabuzz|Electroweb|p1b: Kilowattrel|[spread] p1a,p1b
|-supereffective|p1a: Gholdengo
|-crit|p1b: Kilowattrel
|-damage|p1a: Gholdengo|57/100
|-damage|p1b: Kilowattrel|0 fnt
|-unboost|p1a: Gholdengo|spe|1
|faint|p1b: Kilowattrel
|move|p1a: Gholdengo|Nasty Plot|p1a: Gholdengo
|-boost|p1a: Gholdengo|spa|2
|
|-sideend|p1: tiramisaurus|move: Tailwind
|-sideend|p2: washingtongargacha|move: Tailwind
|upkeep
|
|t:|1757727583
|switch|p1b: Incineroar|Incineroar, L50, F|100/100
|-ability|p1b: Incineroar|Intimidate|boost
|-fail|p2a: Dragapult|unboost|[from] ability: Clear Body|[of] p2a: Dragapult
|-unboost|p2b: Electabuzz|atk|1
|turn|5
|
|t:|1757727605
|move|p2b: Electabuzz|Protect|p2b: Electabuzz
|-singleturn|p2b: Electabuzz|Protect
|move|p1a: Gholdengo|Protect|p1a: Gholdengo
|-singleturn|p1a: Gholdengo|Protect
|move|p2a: Dragapult|Phantom Force|p1a: Gholdengo|[from] lockedmove
|-activate|p1a: Gholdengo|move: Phantom Force|[broken]
|-damage|p1a: Gholdengo|0 fnt
|faint|p1a: Gholdengo
|move|p1b: Incineroar|Knock Off|p2a: Dragapult
|-supereffective|p2a: Dragapult
|-damage|p2a: Dragapult|0 fnt
|-enditem|p2a: Dragapult|Choice Band|[from] move: Knock Off|[of] p1b: Incineroar
|faint|p2a: Dragapult
|
|upkeep
|turn|6
|
|t:|1757727626
|move|p2b: Electabuzz|Electroweb|p1b: Incineroar
|-damage|p1b: Incineroar|84/100
|-unboost|p1b: Incineroar|spe|1
|move|p1b: Incineroar|Knock Off|p2b: Electabuzz
|-damage|p2b: Electabuzz|0 fnt
|-enditem|p2b: Electabuzz|Eviolite|[from] move: Knock Off|[of] p1b: Incineroar
|faint|p2b: Electabuzz
|
|win|tiramisaurus
