|j|☆Giocostorto
|j|☆AntZim
|html|GiocostortoAntZim    
|uhtml|bestof|Game 1 of a best-of-3
|t:|1756415406
|gametype|doubles
|player|p1|Giocostorto|palmer|1212
|player|p2|AntZim|265|1130
|gen|9
|tier|[Gen 9] VGC 2025 Reg H (Bo3)
|rated|
|rule|Species Clause: Limit one of each Pokémon
|rule|Item Clause: Limit 1 of each item
|clearpoke
|poke|p1|Oricorio-Pom-Pom, L50, M|
|poke|p1|Volcarona, L50, F|
|poke|p1|Maushold, L50|
|poke|p1|Annihilape, L50, F|
|poke|p1|Basculegion, L50, M|
|poke|p1|Farigiraf, L50, F|
|poke|p2|Pincurchin, L50, F|
|poke|p2|Talonflame, L50, F|
|poke|p2|Incineroar, L50, M|
|poke|p2|Gastrodon-East, L50, F|
|poke|p2|Raichu-Alola, L50, M|
|poke|p2|Greninja-*, L50, F|
|teampreview|4
|showteam|p1|Oricorio-Pom-Pom||FocusSash|Dancer|Hurricane,RevelationDance,Tailwind,Protect|||M|||50|,,,,,Ghost]Volcarona||CovertCloak|FlameBody|FieryDance,TeraBlast,QuiverDance,Protect|||F|||50|,,,,,Fairy]Maushold||SafetyGoggles|FriendGuard|BeatUp,Taunt,FollowMe,Protect||||||50|,,,,,Ghost]Annihilape||SitrusBerry|Defiant|Protect,BulkUp,DrainPunch,RageFist|||F|||50|,,,,,Fire]Basculegion||ChoiceScarf|Adaptability|WaveCrash,LastRespects,FlipTurn,AquaJet|||M|||50|,,,,,Water]Farigiraf||ThroatSpray|ArmorTail|Psychic,HyperVoice,TrickRoom,Imprison|||F|||50|,,,,,Fairy
|showteam|p2|Pincurchin||RockyHelmet|ElectricSurge|Acupressure,SupercellSlam,Protect,ThunderWave|||F|||50|,,,,,Grass]Talonflame||LifeOrb|GaleWings|BraveBird,DualWingbeat,FlareBlitz,Protect|||F|||50|,,,,,Ground]Incineroar||AssaultVest|Intimidate|FlareBlitz,Uturn,FakeOut,KnockOff|||M|||50|,,,,,Bug]Gastrodon-East||Leftovers|StormDrain|EarthPower,IceBeam,Recover,Protect|||F|||50|,,,,,Grass]Raichu-Alola||ChoiceSpecs|SurgeSurfer|Psychic,VoltSwitch,AlluringVoice,Thunderbolt|||M|||50|,,,,,Fairy]Greninja||FocusSash|Torrent|Surf,Taunt,Uturn,DarkPulse|||F|||50|,,,,,Ghost
|inactive|Battle timer is ON: inactive players will automatically lose when time's up. (requested by Giocostorto)
|inactive|AntZim has 60 seconds left.
|inactive|Giocostorto has 60 seconds left.
|
|t:|1756415459
|teamsize|p1|4
|teamsize|p2|4
|start
|switch|p1a: Oricorio|Oricorio-Pom-Pom, L50, M|100/100
|switch|p1b: Volcarona|Volcarona, L50, F|100/100
|switch|p2a: Greninja|Greninja, L50, F|100/100
|switch|p2b: Gastrodon|Gastrodon-East, L50, F|100/100
|turn|1
|inactive|Giocostorto has 30 seconds left.
|
|t:|1756415486
|move|p1b: Volcarona|Protect|p1b: Volcarona
|-singleturn|p1b: Volcarona|Protect
|move|p2a: Greninja|Surf|p1a: Oricorio|[spread] p1a
|-activate|p1b: Volcarona|move: Protect
|-ability|p2b: Gastrodon|Storm Drain|boost
|-boost|p2b: Gastrodon|spa|1
|-crit|p1a: Oricorio
|-damage|p1a: Oricorio|29/100
|move|p1a: Oricorio|Tailwind|p1a: Oricorio
|-sidestart|p1: Giocostorto|move: Tailwind
|move|p2b: Gastrodon|Earth Power|p1b: Volcarona
|-activate|p1b: Volcarona|move: Protect
|
|upkeep
|turn|2
|inactive|Giocostorto has 30 seconds left.
|inactive|AntZim has 30 seconds left.
|inactive|AntZim has 20 seconds left.
|
|t:|1756415521
|move|p1b: Volcarona|Fiery Dance|p2a: Greninja
|-resisted|p2a: Greninja
|-damage|p2a: Greninja|66/100
|-boost|p1b: Volcarona|spa|1
|-activate|p1a: Oricorio|ability: Dancer
|move|p1a: Oricorio|Fiery Dance|p2a: Greninja|[from] ability: Dancer
|-resisted|p2a: Greninja
|-damage|p2a: Greninja|46/100
|-boost|p1a: Oricorio|spa|1
|move|p1a: Oricorio|Hurricane|p2a: Greninja
|-damage|p2a: Greninja|0 fnt
|faint|p2a: Greninja
|move|p2b: Gastrodon|Earth Power|p1b: Volcarona
|-damage|p1b: Volcarona|62/100
|
|upkeep
|
|t:|1756415540
|switch|p2a: Pincurchin|Pincurchin, L50, F|100/100
|-fieldstart|move: Electric Terrain|[from] ability: Electric Surge|[of] p2a: Pincurchin
|turn|3
|
|t:|1756415564
|-terastallize|p1a: Oricorio|Ghost
|move|p2a: Pincurchin|Protect|p2a: Pincurchin
|-singleturn|p2a: Pincurchin|Protect
|move|p1b: Volcarona|Quiver Dance|p1b: Volcarona
|-boost|p1b: Volcarona|spa|1
|-boost|p1b: Volcarona|spd|1
|-boost|p1b: Volcarona|spe|1
|-activate|p1a: Oricorio|ability: Dancer
|move|p1a: Oricorio|Quiver Dance|p1a: Oricorio|[from] ability: Dancer
|-boost|p1a: Oricorio|spa|1
|-boost|p1a: Oricorio|spd|1
|-boost|p1a: Oricorio|spe|1
|move|p1a: Oricorio|Revelation Dance|p2a: Pincurchin
|-activate|p2a: Pincurchin|move: Protect
|move|p2b: Gastrodon|Ice Beam|p1a: Oricorio
|-damage|p1a: Oricorio|0 fnt
|faint|p1a: Oricorio
|
|upkeep
|
|t:|1756415583
|switch|p1a: Annihilape|Annihilape, L50, F|100/100
|turn|4
|inactive|AntZim has 30 seconds left.
|inactive|AntZim has 20 seconds left.
|
|t:|1756415620
|move|p1b: Volcarona|Fiery Dance|p2a: Pincurchin
|-damage|p2a: Pincurchin|2/100
|-boost|p1b: Volcarona|spa|1
|move|p1a: Annihilape|Bulk Up|p1a: Annihilape
|-boost|p1a: Annihilape|atk|1
|-boost|p1a: Annihilape|def|1
|move|p2b: Gastrodon|Earth Power|p1b: Volcarona
|-damage|p1b: Volcarona|34/100
|move|p2a: Pincurchin|Supercell Slam|p1b: Volcarona
|-damage|p1b: Volcarona|0 fnt
|faint|p1b: Volcarona
|
|-sideend|p1: Giocostorto|move: Tailwind
|upkeep
|
|t:|1756415633
|switch|p1b: Maushold|Maushold, L50|100/100
|turn|5
|inactive|AntZim has 30 seconds left.
|inactive|AntZim has 20 seconds left.
|
|t:|1756415668
|move|p1b: Maushold|Beat Up|p2a: Pincurchin
|-damage|p2a: Pincurchin|0 fnt
|faint|p2a: Pincurchin
|-hitcount|p2: Pincurchin|1
|move|p1a: Annihilape|Bulk Up|p1a: Annihilape
|-boost|p1a: Annihilape|atk|1
|-boost|p1a: Annihilape|def|1
|move|p2b: Gastrodon|Earth Power|p1a: Annihilape
|-damage|p1a: Annihilape|70/100
|
|upkeep
|
|t:|1756415677
|switch|p2a: Raichu|Raichu-Alola, L50, M|100/100
|turn|6
|
|t:|1756415692
|move|p1b: Maushold|Follow Me|p1b: Maushold
|-singleturn|p1b: Maushold|move: Follow Me
|move|p2a: Raichu|Psychic|p1b: Maushold
|-damage|p1b: Maushold|25/100
|-unboost|p1b: Maushold|spd|1
|move|p1a: Annihilape|Rage Fist|p2a: Raichu
|-supereffective|p2a: Raichu
|-damage|p2a: Raichu|0 fnt
|faint|p2a: Raichu
|move|p2b: Gastrodon|Earth Power|p1b: Maushold
|-damage|p1b: Maushold|0 fnt
|faint|p1b: Maushold
|
|upkeep
|turn|7
|
|t:|1756415709
|move|p1a: Annihilape|Drain Punch|p2b: Gastrodon
|-damage|p2b: Gastrodon|48/100
|-heal|p1a: Annihilape|96/100|[from] drain|[of] p2b: Gastrodon
|move|p2b: Gastrodon|Earth Power|p1a: Annihilape
|-damage|p1a: Annihilape|55/100
|
|-heal|p2b: Gastrodon|54/100|[from] item: Leftovers
|-fieldend|move: Electric Terrain
|upkeep
|turn|8
|inactive|AntZim has 30 seconds left.
|
|t:|1756415738
|move|p2b: Gastrodon|Protect|p2b: Gastrodon
|-singleturn|p2b: Gastrodon|Protect
|move|p1a: Annihilape|Rage Fist|p2b: Gastrodon
|-activate|p2b: Gastrodon|move: Protect
|
|-heal|p2b: Gastrodon|60/100|[from] item: Leftovers
|upkeep
|turn|9
|inactive|Giocostorto has 30 seconds left.
|
|t:|1756415770
|move|p1a: Annihilape|Rage Fist|p2b: Gastrodon
|-damage|p2b: Gastrodon|0 fnt
|faint|p2b: Gastrodon
|
|win|Giocostorto
