|j|☆NiL312
|j|☆Cetoo
|html|NiL312Cetoo    
|uhtml|bestof|Game 1 of a best-of-3
|t:|1783296234
|gametype|doubles
|player|p1|NiL312|1|
|player|p2|Cetoo|169|
|gen|9
|tier|[Gen 9 Champions] VGC 2026 Reg M-B (Bo3)
|rule|Species Clause: Limit one of each Pokémon
|rule|Item Clause: Limit 1 of each item
|clearpoke
|poke|p1|Mawile, L50, M|
|poke|p1|Farigiraf, L50, F|
|poke|p1|Garchomp, L50, M|
|poke|p1|Corviknight, L50, M|
|poke|p1|Blastoise, L50, M|
|poke|p1|Talonflame, L50, M|
|poke|p2|Metagross, L50|
|poke|p2|Kingambit, L50, F|
|poke|p2|Gholdengo, L50|
|poke|p2|Dragapult, L50, M|
|poke|p2|Rotom-Wash, L50|
|poke|p2|Clefable, L50, M|
|teampreview|4
|showteam|p1|Mawile||Mawilite|Intimidate|PlayRough,SuckerPunch,SwordsDance,Protect|Brave||M|||50|]Farigiraf||ColburBerry|ArmorTail|TrickRoom,HelpingHand,ShadowBall,EnergyBall|Modest||F|||50|]Garchomp||LifeOrb|RoughSkin|Earthquake,BrickBreak,DragonClaw,Protect|Jolly||M|||50|]Corviknight||Leftovers|MirrorArmor|IronHead,BraveBird,IronDefense,BodyPress|Adamant||M|||50|]Blastoise||Blastoisinite|Torrent|WaterSpout,DarkPulse,AuraSphere,FakeOut|Modest||M|||50|]Talonflame||FocusSash|GaleWings|Tailwind,DualWingbeat,FlareBlitz,Protect|Jolly||M|||50|
|showteam|p2|Metagross||Metagrossite|ClearBody|Protect,PsychicFangs,IronHead,BodyPress|Adamant|||||50|]Kingambit||ChopleBerry|Defiant|SuckerPunch,KowtowCleave,IronHead,Protect|Adamant||F|||50|]Gholdengo||LifeOrb|GoodasGold|MakeItRain,ShadowBall,NastyPlot,Protect|Timid|||||50|]Dragapult||FocusSash|ClearBody|DragonDarts,PhantomForce,WillOWisp,Protect|Timid||M|||50|]Rotom-Wash||Leftovers|Levitate|HydroPump,WillOWisp,Thunderbolt,Protect|Calm|||||50|]Clefable||SitrusBerry|Unaware|FollowMe,Moonblast,Protect,HelpingHand|Bold||M|||50|
|inactive|Battle timer is ON: inactive players will automatically lose when time's up. (requested by Cetoo)
|
|t:|1783296253
|teamsize|p1|4
|teamsize|p2|4
|start
|switch|p1a: savetheturtles|Blastoise, L50, M|100/100
|switch|p1b: bird game 4|Talonflame, L50, M|100/100
|switch|p2a: Rotom|Rotom-Wash, L50|100/100
|switch|p2b: Dragapult|Dragapult, L50, M|100/100
|turn|1
|inactive|NiL312 has 30 seconds left.
|inactive|Cetoo has 30 seconds left.
|inactive|NiL312 has 20 seconds left.
|inactive|Cetoo has 20 seconds left.
|inactive|Cetoo has 15 seconds left.
|
|t:|1783296295
|switch|p1b: do geese see god|Farigiraf, L50, F|100/100
|move|p1a: savetheturtles|Fake Out|p2a: Rotom
|-damage|p2a: Rotom|92/100
|move|p2b: Dragapult|Phantom Force||[still]
|-prepare|p2b: Dragapult|Phantom Force
|cant|p2a: Rotom|flinch
|
|-heal|p2a: Rotom|98/100|[from] item: Leftovers
|upkeep
|turn|2
|inactive|NiL312 has 30 seconds left.
|
|t:|1783296324
|detailschange|p1a: savetheturtles|Blastoise-Mega, L50, M
|-mega|p1a: savetheturtles|Blastoise|Blastoisinite
|move|p2b: Dragapult|Phantom Force|p1b: do geese see god|[from] lockedmove
|-immune|p1b: do geese see god
|move|p2a: Rotom|Thunderbolt|p1a: savetheturtles
|-supereffective|p1a: savetheturtles|1
|-damage|p1a: savetheturtles|44/100
|move|p1a: savetheturtles|Dark Pulse|p2b: Dragapult
|-supereffective|p2b: Dragapult|1
|-enditem|p2b: Dragapult|Focus Sash
|-damage|p2b: Dragapult|1/100
|move|p1b: do geese see god|Trick Room|p1b: do geese see god
|-fieldstart|move: Trick Room|[of] p1b: do geese see god
|
|-heal|p2a: Rotom|100/100|[from] item: Leftovers
|upkeep
|turn|3
|inactive|NiL312 has 30 seconds left.
|
|t:|1783296353
|move|p1b: do geese see god|Energy Ball|p2a: Rotom
|-supereffective|p2a: Rotom|1
|-damage|p2a: Rotom|49/100
|-unboost|p2a: Rotom|spd|1
|move|p1a: savetheturtles|Dark Pulse|p2b: Dragapult
|-supereffective|p2b: Dragapult|1
|-damage|p2b: Dragapult|0 fnt
|faint|p2b: Dragapult
|move|p2a: Rotom|Thunderbolt|p1a: savetheturtles
|-supereffective|p1a: savetheturtles|1
|-damage|p1a: savetheturtles|0 fnt
|faint|p1a: savetheturtles
|
|-heal|p2a: Rotom|54/100|[from] item: Leftovers
|upkeep
|
|t:|1783296377
|switch|p1a: bird game 4|Talonflame, L50, M|100/100
|switch|p2b: Metagross|Metagross, L50|100/100
|turn|4
|
|t:|1783296397
|detailschange|p2b: Metagross|Metagross-Mega, L50
|-mega|p2b: Metagross|Metagross|Metagrossite
|move|p2b: Metagross|Protect|p2b: Metagross
|-singleturn|p2b: Metagross|Protect
|move|p1a: bird game 4|Protect|p1a: bird game 4
|-singleturn|p1a: bird game 4|Protect
|move|p1b: do geese see god|Shadow Ball|p2b: Metagross
|-activate|p2b: Metagross|move: Protect
|move|p2a: Rotom|Hydro Pump|p1a: bird game 4
|-activate|p1a: bird game 4|move: Protect
|
|-heal|p2a: Rotom|60/100|[from] item: Leftovers
|upkeep
|turn|5
|inactive|NiL312 has 30 seconds left.
|
|t:|1783296425
|switch|p2b: Clefable|Clefable, L50, M|100/100
|move|p1b: do geese see god|Shadow Ball|p2b: Clefable
|-damage|p2b: Clefable|75/100
|-unboost|p2b: Clefable|spd|1
|move|p2a: Rotom|Hydro Pump|p1a: bird game 4
|-supereffective|p1a: bird game 4|1
|-enditem|p1a: bird game 4|Focus Sash
|-damage|p1a: bird game 4|1/100
|move|p1a: bird game 4|Flare Blitz|p2b: Clefable
|-damage|p2b: Clefable|41/100
|-enditem|p2b: Clefable|Sitrus Berry|[eat]
|-heal|p2b: Clefable|65/100|[from] item: Sitrus Berry
|-damage|p1a: bird game 4|0 fnt|[from] Recoil
|faint|p1a: bird game 4
|
|-heal|p2a: Rotom|66/100|[from] item: Leftovers
|upkeep
|
|t:|1783296442
|switch|p1a: top lane|Garchomp, L50, M|100/100
|turn|6
|
|t:|1783296458
|move|p1a: top lane|Protect|p1a: top lane
|-singleturn|p1a: top lane|Protect
|move|p1b: do geese see god|Energy Ball|p2a: Rotom
|-supereffective|p2a: Rotom|1
|-damage|p2a: Rotom|0 fnt
|faint|p2a: Rotom
|move|p2b: Clefable|Moonblast|p1a: top lane
|-activate|p1a: top lane|move: Protect
|
|-fieldend|move: Trick Room
|upkeep
|
|t:|1783296466
|switch|p2a: Metagross|Metagross-Mega, L50|100/100
|turn|7
|inactive|NiL312 has 30 seconds left.
|
|t:|1783296493
|move|p1b: do geese see god|Helping Hand|p1a: top lane
|-singleturn|p1a: top lane|Helping Hand|[of] p1b: do geese see god
|move|p2a: Metagross|Protect|p2a: Metagross
|-singleturn|p2a: Metagross|Protect
|move|p1a: top lane|Earthquake|p2a: Metagross|[spread] p1b,p2b
|-activate|p2a: Metagross|move: Protect
|-damage|p1b: do geese see god|27/100
|-damage|p2b: Clefable|9/100
|-damage|p1a: top lane|90/100|[from] item: Life Orb
|move|p2b: Clefable|Moonblast|p1a: top lane
|-supereffective|p1a: top lane|1
|-damage|p1a: top lane|25/100
|
|upkeep
|turn|8
|inactive|Cetoo has 30 seconds left.
|inactive|Cetoo has 20 seconds left.
|
|t:|1783296530
|move|p1b: do geese see god|Helping Hand|p1a: top lane
|-singleturn|p1a: top lane|Helping Hand|[of] p1b: do geese see god
|move|p2a: Metagross|Protect||[still]
|-fail|p2a: Metagross
|move|p1a: top lane|Earthquake|p2a: Metagross|[spread] p1b,p2a,p2b
|-supereffective|p2a: Metagross|1
|-damage|p1b: do geese see god|0 fnt
|-damage|p2a: Metagross|0 fnt
|-damage|p2b: Clefable|0 fnt
|faint|p1b: do geese see god
|faint|p2a: Metagross
|faint|p2b: Clefable
|-damage|p1a: top lane|15/100|[from] item: Life Orb
|
|win|NiL312
||Cetoo is ready for game 2.
|inactive|NiL312 has 30 seconds to confirm battle start!
||NiL312 is ready for game 2.
|uhtml|next|Next: Game 2 of 3
