|j|☆Bob Sinclair
|j|☆elmono11
|html|Bob Sinclairelmono11    
|uhtml|bestof|Game 1 of a best-of-3
|t:|1785921263
|gametype|doubles
|player|p1|Bob Sinclair|169|1327
|player|p2|elmono11|1|1431
|gen|9
|tier|[Gen 9 Champions] VGC 2026 Reg M-B (Bo3)
|rated|
|rule|Species Clause: Limit one of each Pokémon
|rule|Item Clause: Limit 1 of each item
|clearpoke
|poke|p1|Blaziken, L50, F|
|poke|p1|Kingambit, L50, F|
|poke|p1|Basculegion, L50, M|
|poke|p1|Sylveon, L50, F|
|poke|p1|Torkoal, L50, F|
|poke|p1|Aerodactyl, L50, F|
|poke|p2|Floette-Eternal, L50, F|
|poke|p2|Whimsicott, L50, M|
|poke|p2|Basculegion, L50, M|
|poke|p2|Kingambit, L50, F|
|poke|p2|Arcanine-Hisui, L50, F|
|poke|p2|Dragonite, L50, M|
|teampreview|4
|showteam|p1|Blaziken||Blazikenite|SpeedBoost|FlareBlitz,CloseCombat,RockSlide,Protect|Adamant||F|||50|]Kingambit||LifeOrb|Defiant|KowtowCleave,IronHead,SuckerPunch,Protect|Adamant||F|||50|]Basculegion||FocusSash|Adaptability|Liquidation,AquaJet,LastRespects,Protect|Adamant||M|||50|]Sylveon||FairyFeather|Pixilate|HyperVoice,Moonblast,QuickAttack,Detect|Modest||F|||50|]Torkoal||Leftovers|Drought|BurningJealousy,Yawn,WeatherBall,Protect|Quiet||F|||50|]Aerodactyl||Aerodactylite|Unnerve|RockSlide,DualWingbeat,IceFang,Tailwind|Jolly||F|||50|
|showteam|p2|Floette-Eternal||Floettite|FlowerVeil|Moonblast,DazzlingGleam,LightofRuin,Protect|Modest||F|||50|]Whimsicott||OccaBerry|Prankster|Moonblast,Tailwind,Encore,Protect|Timid||M|||50|]Basculegion||ChoiceScarf|Adaptability|LastRespects,WaveCrash,AquaJet,FlipTurn|Jolly||M|||50|]Kingambit||BlackGlasses|Defiant|SuckerPunch,KowtowCleave,IronHead,Protect|Adamant||F|||50|]Arcanine-Hisui||FocusSash|RockHead|FlareBlitz,RockSlide,HeadSmash,Protect|Jolly||F|||50|]Dragonite||LifeOrb|InnerFocus|DragonClaw,Superpower,ExtremeSpeed,Protect|Adamant||M|||50|
|inactive|Battle timer is ON: inactive players will automatically lose when time's up. (requested by elmono11)
|inactive|Bob Sinclair has 60 seconds left.
|inactive|elmono11 has 60 seconds left.
|inactive|elmono11 has 30 seconds left.
|inactive|elmono11 has 20 seconds left.
|
|t:|1785921338
|teamsize|p1|4
|teamsize|p2|4
|start
|switch|p1a: Aerodactyl|Aerodactyl, L50, F|100/100
|switch|p1b: Basculegion|Basculegion, L50, M|100/100
|switch|p2a: Arcanine|Arcanine-Hisui, L50, F|100/100
|switch|p2b: Basculegion|Basculegion, L50, M|100/100
|-ability|p1a: Aerodactyl|Unnerve
|turn|1
|inactive|Bob Sinclair has 30 seconds left.
|inactive|Bob Sinclair has 20 seconds left.
|
|t:|1785921375
|detailschange|p1a: Aerodactyl|Aerodactyl-Mega, L50, F
|-mega|p1a: Aerodactyl|Aerodactyl|Aerodactylite
|move|p1a: Aerodactyl|Tailwind|p1a: Aerodactyl
|-sidestart|p1: Bob Sinclair|move: Tailwind
|move|p1b: Basculegion|Last Respects|p2b: Basculegion
|-supereffective|p2b: Basculegion|1
|-damage|p2b: Basculegion|26/100
|move|p2b: Basculegion|Flip Turn|p1a: Aerodactyl
|-supereffective|p1a: Aerodactyl|1
|-damage|p1a: Aerodactyl|10/100
|
|t:|1785921398
|switch|p2b: Whimsicott|Whimsicott, L50, M|100/100|[from] Flip Turn
|move|p2a: Arcanine|Rock Slide|p1a: Aerodactyl|[spread] p1a,p1b
|-supereffective|p1a: Aerodactyl|1
|-damage|p1a: Aerodactyl|0 fnt
|-damage|p1b: Basculegion|66/100
|faint|p1a: Aerodactyl
|
|upkeep
|
|t:|1785921406
|switch|p1a: Blaziken|Blaziken, L50, F|100/100
|turn|2
|
|t:|1785921427
|move|p1b: Basculegion|Aqua Jet|p2a: Arcanine
|-supereffective|p2a: Arcanine|2
|-enditem|p2a: Arcanine|Focus Sash
|-damage|p2a: Arcanine|1/100
|move|p2b: Whimsicott|Tailwind|p2b: Whimsicott
|-sidestart|p2: elmono11|move: Tailwind
|move|p2a: Arcanine|Head Smash|p1b: Basculegion
|-damage|p1b: Basculegion|0 fnt
|faint|p1b: Basculegion
|move|p1a: Blaziken|Close Combat|p2a: Arcanine
|-supereffective|p2a: Arcanine|1
|-damage|p2a: Arcanine|0 fnt
|-unboost|p1a: Blaziken|def|1
|-unboost|p1a: Blaziken|spd|1
|faint|p2a: Arcanine
|
|-ability|p1a: Blaziken|Speed Boost|boost
|-boost|p1a: Blaziken|spe|1
|upkeep
|
|t:|1785921438
|switch|p2a: Floette|Floette-Eternal, L50, F|100/100
|switch|p1b: Sylveon|Sylveon, L50, F|100/100
|turn|3
|
|t:|1785921453
|detailschange|p2a: Floette|Floette-Mega, L50, F
|-mega|p2a: Floette|Floette|Floettite
|-ability|p2a: Floette|Fairy Aura
|move|p1a: Blaziken|Protect|p1a: Blaziken
|-singleturn|p1a: Blaziken|Protect
|move|p2b: Whimsicott|Encore|p1a: Blaziken
|-activate|p1a: Blaziken|move: Protect
|move|p2a: Floette|Dazzling Gleam|p1a: Blaziken|[spread] p1b
|-activate|p1a: Blaziken|move: Protect
|-damage|p1b: Sylveon|61/100
|move|p1b: Sylveon|Hyper Voice|p2a: Floette|[spread] p2a,p2b
|-damage|p2a: Floette|40/100
|-damage|p2b: Whimsicott|5/100
|
|-ability|p1a: Blaziken|Speed Boost|boost
|-boost|p1a: Blaziken|spe|1
|upkeep
|turn|4
|
|t:|1785921471
|move|p2a: Floette|Protect|p2a: Floette
|-singleturn|p2a: Floette|Protect
|move|p2b: Whimsicott|Encore|p1a: Blaziken
|-start|p1a: Blaziken|Encore
|move|p1a: Blaziken|Protect||[still]
|-fail|p1a: Blaziken
|move|p1b: Sylveon|Quick Attack|p2b: Whimsicott
|-damage|p2b: Whimsicott|0 fnt
|faint|p2b: Whimsicott
|
|-sideend|p1: Bob Sinclair|move: Tailwind
|-ability|p1a: Blaziken|Speed Boost|boost
|-boost|p1a: Blaziken|spe|1
|upkeep
|
|t:|1785921474
|switch|p2b: Basculegion|Basculegion, L50, M|26/100
|turn|5
|
|t:|1785921489
|move|p1a: Blaziken|Protect|p1a: Blaziken
|-singleturn|p1a: Blaziken|Protect
|move|p2b: Basculegion|Last Respects|p1b: Sylveon
|-damage|p1b: Sylveon|0 fnt
|faint|p1b: Sylveon
|move|p2a: Floette|Moonblast|p1a: Blaziken
|-activate|p1a: Blaziken|move: Protect
|
|-sideend|p2: elmono11|move: Tailwind
|-ability|p1a: Blaziken|Speed Boost|boost
|-boost|p1a: Blaziken|spe|1
|upkeep
|turn|6
|
|t:|1785921495
|move|p1a: Blaziken|Protect|p1a: Blaziken
|-singleturn|p1a: Blaziken|Protect
|move|p2b: Basculegion|Last Respects|p1a: Blaziken
|-activate|p1a: Blaziken|move: Protect
|move|p2a: Floette|Moonblast|p1a: Blaziken
|-activate|p1a: Blaziken|move: Protect
|
|-end|p1a: Blaziken|Encore
|-ability|p1a: Blaziken|Speed Boost|boost
|-boost|p1a: Blaziken|spe|1
|upkeep
|turn|7
|
|t:|1785921501
|move|p1a: Blaziken|Rock Slide|p2a: Floette|[spread] p2a,p2b
|-damage|p2a: Floette|16/100
|-damage|p2b: Basculegion|4/100
|cant|p2b: Basculegion|flinch
|move|p2a: Floette|Moonblast|p1a: Blaziken
|-damage|p1a: Blaziken|0 fnt
|faint|p1a: Blaziken
|
|win|elmono11
