|j|☆killacam-550
|j|☆ShadowFox631063!
|html|killacam-550ShadowFox631063!    
|uhtml|bestof|Game 3 of a best-of-3
|t:|1785475017
|gametype|doubles
|player|p1|killacam-550|169|
|player|p2|ShadowFox631063!|n|
|gen|9
|tier|[Gen 9 Champions] VGC 2026 Reg M-B (Bo3)
|rule|Species Clause: Limit one of each Pokémon
|rule|Item Clause: Limit 1 of each item
|raw|1 custom rule: !Force Open Team Sheets
|clearpoke
|poke|p1|Raichu, L50, F|
|poke|p1|Ceruledge, L50, F|
|poke|p1|Gyarados, L50, M|
|poke|p1|Simisage, L50, F|
|poke|p1|Snorlax, L50, F|
|poke|p1|Alakazam, L50, F|
|poke|p2|Sinistcha, L50|
|poke|p2|Milotic, L50, M|
|poke|p2|Aggron, L50, F|
|poke|p2|Avalugg, L50, F|
|poke|p2|Audino, L50, F, shiny|
|poke|p2|Aurorus, L50, F, shiny|
|teampreview|4
|j| Leafeon Main?
|
|t:|1785475045
|teamsize|p1|4
|teamsize|p2|4
|start
|switch|p1a: Tree Weiner|Ceruledge, L50, F|100/100
|switch|p1b: Great Value|Alakazam, L50, F|100/100
|switch|p2a: idk|Audino, L50, F, shiny|100/100
|switch|p2b: Ice ice baby|Avalugg, L50, F|100/100
|turn|1
|
|t:|1785475065
|move|p1b: Great Value|Focus Blast|p2b: Ice ice baby
|-supereffective|p2b: Ice ice baby|1
|-damage|p2b: Ice ice baby|0 fnt
|faint|p2b: Ice ice baby
|-damage|p1b: Great Value|90/100|[from] item: Life Orb
|move|p1a: Tree Weiner|Bitter Blade|p2a: idk
|-damage|p2a: idk|62/100
|move|p2a: idk|Trick Room|p2a: idk
|-fieldstart|move: Trick Room|[of] p2a: idk
|
|upkeep
|
|t:|1785475076
|switch|p2b: I’m so shiny|Aurorus, L50, F, shiny|100/100
|-weather|Snowscape|[from] ability: Snow Warning|[of] p2b: I’m so shiny
|turn|2
|
|t:|1785475114
|move|p1a: Tree Weiner|Protect|p1a: Tree Weiner
|-singleturn|p1a: Tree Weiner|Protect
|move|p2a: idk|Yawn|p1a: Tree Weiner
|-activate|p1a: Tree Weiner|move: Protect
|move|p2b: I’m so shiny|Earth Power|p1a: Tree Weiner
|-activate|p1a: Tree Weiner|move: Protect
|move|p1b: Great Value|Focus Blast|p2b: I’m so shiny
|-supereffective|p2b: I’m so shiny|2
|-damage|p2b: I’m so shiny|0 fnt
|faint|p2b: I’m so shiny
|-damage|p1b: Great Value|80/100|[from] item: Life Orb
|
|-weather|Snowscape|[upkeep]
|upkeep
|
|t:|1785475130
|switch|p2b: Snek|Milotic, L50, M|100/100
|turn|3
|
|t:|1785475147
|switch|p1a: Rai Chuse You|Raichu, L50, F|100/100
|move|p2a: idk|Yawn|p1a: Rai Chuse You
|-start|p1a: Rai Chuse You|move: Yawn|[of] p2a: idk
|move|p2b: Snek|Hydro Pump|p1a: Rai Chuse You|[miss]
|-miss|p2b: Snek|p1a: Rai Chuse You
|move|p1b: Great Value|Focus Blast|p2a: idk|[miss]
|-miss|p1b: Great Value|p2a: idk
|
|-weather|Snowscape|[upkeep]
|upkeep
|turn|4
|
|t:|1785475182
|detailschange|p1a: Rai Chuse You|Raichu-Mega-X, L50, F
|-mega|p1a: Rai Chuse You|Raichu|Raichunite X
|-fieldstart|move: Electric Terrain|[from] ability: Electric Surge|[of] p1a: Rai Chuse You
|move|p2a: idk|Yawn|p1b: Great Value
|-activate|p1b: Great Value|move: Electric Terrain
|move|p2b: Snek|Hydro Pump|p1b: Great Value
|-damage|p1b: Great Value|9/100
|move|p1a: Rai Chuse You|Wild Charge|p2b: Snek
|-supereffective|p2b: Snek|1
|-damage|p2b: Snek|0 fnt
|faint|p2b: Snek
|-damage|p1a: Rai Chuse You|63/100|[from] Recoil
|move|p1b: Great Value|Focus Blast|p2a: idk|[miss]
|-miss|p1b: Great Value|p2a: idk
|
|-weather|Snowscape|[upkeep]
|-end|p1a: Rai Chuse You|move: Yawn|[silent]
|-activate|p1a: Rai Chuse You|move: Electric Terrain
|upkeep
|turn|5
|
|t:|1785475227
|switch|p1b: pancake|Snorlax, L50, F|100/100
|move|p2a: idk|Wish|p2a: idk
|move|p1a: Rai Chuse You|Brick Break|p2a: idk
|-supereffective|p2a: idk|1
|-damage|p2a: idk|18/100
|
|-weather|Snowscape|[upkeep]
|-fieldend|move: Trick Room
|upkeep
|turn|6
|
|t:|1785475248
|move|p1a: Rai Chuse You|Wild Charge|p2a: idk
|-damage|p2a: idk|0 fnt
|faint|p2a: idk
|-damage|p1a: Rai Chuse You|56/100|[from] Recoil
|
|win|killacam-550
|c|☆killacam-550|GG
|l|☆killacam-550
|player|p1|
|l|☆ShadowFox631063!
|player|p2|
