|j|☆ULYSSE999
|j|☆Squarecity
|html|ULYSSE999Squarecity    
|uhtml|bestof|Game 1 of a best-of-3
|t:|1757681555
|gametype|doubles
|player|p1|ULYSSE999|cynthia-gen4|1017
|player|p2|Squarecity|101|1091
|gen|9
|tier|[Gen 9] VGC 2025 Reg H (Bo3)
|rated|
|rule|Species Clause: Limit one of each Pokémon
|rule|Item Clause: Limit 1 of each item
|clearpoke
|poke|p1|Annihilape, L50, M|
|poke|p1|Charizard, L50, M|
|poke|p1|Garchomp, L50, M|
|poke|p1|Grimmsnarl, L50, M|
|poke|p1|Incineroar, L50, M|
|poke|p1|Indeedee-F, L50, F|
|poke|p2|Gholdengo, L50|
|poke|p2|Ursaluna-Bloodmoon, L50, M|
|poke|p2|Gallade, L50, M|
|poke|p2|Charjabug, L50, F|
|poke|p2|Whimsicott, L50, F|
|poke|p2|Incineroar, L50, M|
|teampreview|4
|showteam|p1|Annihilape||LifeOrb|Defiant|CloseCombat,DrainPunch,RageFist,Protect|||M|||50|,,,,,Fire]Charizard||ChoiceSpecs|Blaze|DragonPulse,Flamethrower,HeatWave,TeraBlast|||M|||50|,,,,,Grass]Garchomp||ClearAmulet|RoughSkin|DragonClaw,Earthquake,Protect,SwordsDance|||M|||50|,,,,,Fire]Grimmsnarl||LightClay|Prankster|LightScreen,Reflect,SpiritBreak,ThunderWave|||M|||50|,,,,,Ghost]Incineroar||SafetyGoggles|Intimidate|FakeOut,FlareBlitz,KnockOff,WillOWisp|||M|||50|,,,,,Grass]Indeedee-F||PsychicSeed|PsychicSurge|AlluringVoice,FollowMe,HelpingHand,Protect|||F|||50|,,,,,Fairy
|showteam|p2|Gholdengo||MetalCoat|GoodasGold|MakeItRain,ShadowBall,Protect,NastyPlot||||||50|,,,,,Steel]Ursaluna-Bloodmoon||ThroatSpray|MindsEye|BloodMoon,HyperVoice,EarthPower,Protect|||M|||50|,,,,,Ghost]Gallade||RazorClaw|Sharpness|SacredSword,PsychoCut,WideGuard,NightSlash|||M|||50|,,,,,Fighting]Charjabug||Eviolite|Battery|Spark,Lunge,StringShot,Protect|||F|||50|,,,,,Bug]Whimsicott||CovertCloak|Prankster|Moonblast,Encore,Tailwind,LightScreen|||F|||50|,,,,,Ghost]Incineroar||SafetyGoggles|Intimidate|KnockOff,FlareBlitz,FakeOut,PartingShot|||M|||50|,,,,,Grass
|inactive|Battle timer is ON: inactive players will automatically lose when time's up. (requested by ULYSSE999)
|inactive|ULYSSE999 has 60 seconds left.
|inactive|Squarecity has 60 seconds left.
|
|t:|1757681606
|teamsize|p1|4
|teamsize|p2|4
|start
|switch|p1a: Grimmsnarl|Grimmsnarl, L50, M, shiny|100/100
|switch|p1b: Incineroar|Incineroar, L50, M, shiny|100/100
|switch|p2a: Whimsicott|Whimsicott, L50, F|100/100
|switch|p2b: Gallade|Gallade, L50, M|100/100
|-ability|p1b: Incineroar|Intimidate|boost
|-unboost|p2a: Whimsicott|atk|1
|-unboost|p2b: Gallade|atk|1
|turn|1
|inactive|Squarecity has 30 seconds left.
|
|t:|1757681635
|switch|p2b: Ursaluna|Ursaluna-Bloodmoon, L50, M|100/100
|move|p2a: Whimsicott|Tailwind|p2a: Whimsicott
|-sidestart|p2: Squarecity|move: Tailwind
|move|p1a: Grimmsnarl|Light Screen|p1a: Grimmsnarl
|-sidestart|p1: ULYSSE999|move: Light Screen
|move|p1b: Incineroar|Will-O-Wisp|p2b: Ursaluna
|-status|p2b: Ursaluna|brn
|
|-damage|p2b: Ursaluna|94/100 brn|[from] brn
|upkeep
|turn|2
|inactive|Squarecity has 30 seconds left.
|
|t:|1757681661
|move|p1a: Grimmsnarl|Reflect|p1a: Grimmsnarl
|-sidestart|p1: ULYSSE999|Reflect
|move|p2a: Whimsicott|Moonblast|p1a: Grimmsnarl
|-supereffective|p1a: Grimmsnarl
|-crit|p1a: Grimmsnarl
|-damage|p1a: Grimmsnarl|16/100
|-unboost|p1a: Grimmsnarl|spa|1
|move|p2b: Ursaluna|Hyper Voice|p1b: Incineroar|[spread] p1a,p1b
|-damage|p1a: Grimmsnarl|0 fnt
|-damage|p1b: Incineroar|81/100
|faint|p1a: Grimmsnarl
|-enditem|p2b: Ursaluna|Throat Spray
|-boost|p2b: Ursaluna|spa|1|[from] item: Throat Spray
|move|p1b: Incineroar|Knock Off|p2b: Ursaluna
|-damage|p2b: Ursaluna|71/100 brn
|
|-damage|p2b: Ursaluna|65/100 brn|[from] brn
|upkeep
|
|t:|1757681675
|switch|p1a: Annihilape|Annihilape, L50, M, shiny|100/100
|turn|3
|
|t:|1757681689
|-terastallize|p1a: Annihilape|Fire
|move|p2a: Whimsicott|Moonblast|p1b: Incineroar
|-damage|p1b: Incineroar|61/100
|move|p2b: Ursaluna|Blood Moon|p1b: Incineroar
|-damage|p1b: Incineroar|0 fnt
|faint|p1b: Incineroar
|move|p1a: Annihilape|Drain Punch|p2b: Ursaluna
|-supereffective|p2b: Ursaluna
|-damage|p2b: Ursaluna|0 fnt
|faint|p2b: Ursaluna
|-damage|p1a: Annihilape|91/100|[from] item: Life Orb
|
|upkeep
|
|t:|1757681706
|switch|p2b: Gallade|Gallade, L50, M|100/100
|switch|p1b: Indeedee|Indeedee-F, L50, F, shiny|100/100
|-fieldstart|move: Psychic Terrain|[from] ability: Psychic Surge|[of] p1b: Indeedee
|-enditem|p1b: Indeedee|Psychic Seed
|-boost|p1b: Indeedee|spd|1|[from] item: Psychic Seed
|turn|4
|inactive|Squarecity has 30 seconds left.
|
|t:|1757681738
|-terastallize|p2b: Gallade|Fighting
|move|p1b: Indeedee|Follow Me|p1b: Indeedee
|-singleturn|p1b: Indeedee|move: Follow Me
|move|p2a: Whimsicott|Light Screen|p2a: Whimsicott
|-sidestart|p2: Squarecity|move: Light Screen
|move|p2b: Gallade|Psycho Cut|p1b: Indeedee
|-resisted|p1b: Indeedee
|-damage|p1b: Indeedee|81/100
|move|p1a: Annihilape|Rage Fist|p2b: Gallade
|-damage|p2b: Gallade|67/100
|-damage|p1a: Annihilape|81/100|[from] item: Life Orb
|
|-sideend|p2: Squarecity|move: Tailwind
|upkeep
|turn|5
|
|t:|1757681756
|move|p1b: Indeedee|Helping Hand|p1a: Annihilape
|-singleturn|p1a: Annihilape|Helping Hand|[of] p1b: Indeedee
|move|p2a: Whimsicott|Tailwind|p2a: Whimsicott
|-sidestart|p2: Squarecity|move: Tailwind
|move|p2b: Gallade|Night Slash|p1b: Indeedee
|-supereffective|p1b: Indeedee
|-crit|p1b: Indeedee
|-damage|p1b: Indeedee|2/100
|move|p1a: Annihilape|Close Combat|p2b: Gallade
|-damage|p2b: Gallade|0 fnt
|-unboost|p1a: Annihilape|def|1
|-unboost|p1a: Annihilape|spd|1
|faint|p2b: Gallade
|-damage|p1a: Annihilape|71/100|[from] item: Life Orb
|
|upkeep
|
|t:|1757681774
|switch|p2b: Charjabug|Charjabug, L50, F|100/100
|turn|6
|inactive|Squarecity has 30 seconds left.
|
|t:|1757681805
|move|p1b: Indeedee|Protect|p1b: Indeedee
|-singleturn|p1b: Indeedee|Protect
|move|p2a: Whimsicott|Moonblast|p1b: Indeedee
|-activate|p1b: Indeedee|move: Protect
|move|p1a: Annihilape|Rage Fist|p2a: Whimsicott
|-damage|p2a: Whimsicott|55/100
|-damage|p1a: Annihilape|62/100|[from] item: Life Orb
|move|p2b: Charjabug|Spark|p1a: Annihilape
|-damage|p1a: Annihilape|38/100
|
|upkeep
|turn|7
|
|t:|1757681828
|move|p1b: Indeedee|Follow Me|p1b: Indeedee
|-singleturn|p1b: Indeedee|move: Follow Me
|move|p2a: Whimsicott|Moonblast|p1b: Indeedee
|-damage|p1b: Indeedee|0 fnt
|faint|p1b: Indeedee
|move|p1a: Annihilape|Rage Fist|p2a: Whimsicott
|-damage|p2a: Whimsicott|0 fnt
|faint|p2a: Whimsicott
|-damage|p1a: Annihilape|29/100|[from] item: Life Orb
|move|p2b: Charjabug|Spark|p1a: Annihilape
|-damage|p1a: Annihilape|5/100
|
|upkeep
|turn|8
|
|t:|1757681850
|move|p1a: Annihilape|Rage Fist|p2b: Charjabug
|-damage|p2b: Charjabug|38/100
|-damage|p1a: Annihilape|0 fnt|[from] item: Life Orb
|faint|p1a: Annihilape
|
|win|Squarecity
|l|☆ULYSSE999
|player|p1|
||ULYSSE999 is ready for game 2.
||Squarecity is ready for game 2.
|uhtml|next|Next: Game 2 of 3
