|j|☆Fcjavic99
|j|☆lordtentacle69
|html|Fcjavic99lordtentacle69    
|uhtml|bestof|Game 1 of a best-of-3
|t:|1784883137
|gametype|doubles
|player|p1|Fcjavic99|1|1319
|player|p2|lordtentacle69|corbeau|1389
|gen|9
|tier|[Gen 9 Champions] VGC 2026 Reg M-B (Bo3)
|rated|
|rule|Species Clause: Limit one of each Pokémon
|rule|Item Clause: Limit 1 of each item
|clearpoke
|poke|p1|Floette-Eternal, L50, F|
|poke|p1|Charizard, L50, F|
|poke|p1|Basculegion, L50, M|
|poke|p1|Garchomp, L50, M|
|poke|p1|Whimsicott, L50, F|
|poke|p1|Kingambit, L50, M|
|poke|p2|Delphox, L50, M|
|poke|p2|Incineroar, L50, M|
|poke|p2|Maushold-Four, L50|
|poke|p2|Sinistcha, L50|
|poke|p2|Sneasler, L50, F|
|poke|p2|Blastoise, L50, M|
|teampreview|4
|showteam|p1|Floette-Eternal||Floettite|FlowerVeil|DazzlingGleam,Protect,Moonblast,LightofRuin|Modest||F|||50|]Charizard||CharizarditeY|SolarPower|Protect,SolarBeam,WeatherBall,HeatWave|Modest||F|||50|]Basculegion||ChoiceScarf|Adaptability|FlipTurn,WaveCrash,LastRespects,AquaJet|Jolly||M|||50|]Garchomp||LifeOrb|RoughSkin|Protect,Earthquake,DragonClaw,RockSlide|Jolly||M|||50|]Whimsicott||FocusSash|Prankster|Moonblast,Encore,Protect,Tailwind|Timid||F|||50|]Kingambit||BlackGlasses|Defiant|Protect,KowtowCleave,IronHead,SuckerPunch|Adamant||M|||50|
|showteam|p2|Delphox||Delphoxite|Blaze|HeatWave,Psychic,NastyPlot,Protect|Timid||M|||50|]Incineroar||SitrusBerry|Intimidate|FakeOut,PartingShot,FlareBlitz,ThroatChop|Impish||M|||50|]Maushold-Four||ChopleBerry|FriendGuard|Feint,HelpingHand,Protect,FollowMe|Impish|||||50|]Sinistcha||ColburBerry|Hospitality|Protect,MatchaGotcha,TrickRoom,RagePowder|Bold|||||50|]Sneasler||FocusSash|PoisonTouch|CloseCombat,PoisonJab,QuickGuard,FakeOut|Adamant||F|||50|]Blastoise||Blastoisinite|RainDish|Protect,WaterSpout,DarkPulse,ShellSmash|Timid||M|||50|
|inactive|Battle timer is ON: inactive players will automatically lose when time's up. (requested by Fcjavic99)
|
|t:|1784883157
|teamsize|p1|4
|teamsize|p2|4
|start
|switch|p1a: Basculegion|Basculegion, L50, M|100/100
|switch|p1b: Kingambit|Kingambit, L50, M|100/100
|switch|p2a: Unctober|Delphox, L50, M|100/100
|switch|p2b: Gochujang|Incineroar, L50, M|100/100
|-ability|p2b: Gochujang|Intimidate|boost
|-unboost|p1a: Basculegion|atk|1
|-unboost|p1b: Kingambit|atk|1
|-ability|p1b: Kingambit|Defiant|boost
|-boost|p1b: Kingambit|atk|2
|turn|1
|
|t:|1784883180
|detailschange|p2a: Unctober|Delphox-Mega, L50, M
|-mega|p2a: Unctober|Delphox|Delphoxite
|move|p2a: Unctober|Protect|p2a: Unctober
|-singleturn|p2a: Unctober|Protect
|move|p1a: Basculegion|Wave Crash|p2a: Unctober
|-activate|p2a: Unctober|move: Protect
|move|p2b: Gochujang|Parting Shot|p1a: Basculegion
|-unboost|p1a: Basculegion|atk|1
|-unboost|p1a: Basculegion|spa|1
|
|t:|1784883191
|switch|p2b: MMCH|Maushold-Four, L50|100/100|[from] Parting Shot
|move|p1b: Kingambit|Kowtow Cleave|p2b: MMCH
|-damage|p2b: MMCH|8/100
|
|upkeep
|turn|2
|
|t:|1784883207
|switch|p2a: Green Day|Sinistcha, L50|100/100
|-heal|p2b: MMCH|33/100|[from] ability: Hospitality|[of] p2a: Green Day
|move|p2b: MMCH|Protect|p2b: MMCH
|-singleturn|p2b: MMCH|Protect
|move|p1a: Basculegion|Wave Crash|p2b: MMCH
|-activate|p2b: MMCH|move: Protect
|move|p1b: Kingambit|Kowtow Cleave|p2a: Green Day
|-supereffective|p2a: Green Day|1
|-enditem|p2a: Green Day|Colbur Berry|[eat]
|-enditem|p2a: Green Day|Colbur Berry|[weaken]
|-damage|p2a: Green Day|50/100g
|
|upkeep
|turn|3
|
|t:|1784883223
|switch|p1a: Charizard|Charizard, L50, F|100/100
|move|p2b: MMCH|Follow Me|p2b: MMCH
|-singleturn|p2b: MMCH|move: Follow Me
|move|p2a: Green Day|Matcha Gotcha|p1b: Kingambit|[spread] p1a,p1b
|-resisted|p1a: Charizard|2
|-resisted|p1b: Kingambit|1
|-damage|p1a: Charizard|92/100
|-heal|p2a: Green Day|54/100|[from] drain|[of] p1a: Charizard
|-damage|p1b: Kingambit|88/100
|-heal|p2a: Green Day|61/100|[from] drain|[of] p1b: Kingambit
|-status|p1b: Kingambit|brn
|move|p1b: Kingambit|Kowtow Cleave|p2b: MMCH
|-damage|p2b: MMCH|0 fnt
|faint|p2b: MMCH
|
|-damage|p1b: Kingambit|83/100 brn|[from] brn
|upkeep
|
|t:|1784883243
|switch|p2b: Unctober|Delphox-Mega, L50, M|100/100
|turn|4
|
|t:|1784883259
|switch|p2a: Gochujang|Incineroar, L50, M|100/100
|-ability|p2a: Gochujang|Intimidate|boost
|-unboost|p1a: Charizard|atk|1
|-unboost|p1b: Kingambit|atk|1
|-ability|p1b: Kingambit|Defiant|boost
|-boost|p1b: Kingambit|atk|2
|move|p2b: Unctober|Protect|p2b: Unctober
|-singleturn|p2b: Unctober|Protect
|move|p1a: Charizard|Heat Wave|p2a: Gochujang|[spread] p2a
|-activate|p2b: Unctober|move: Protect
|-resisted|p2a: Gochujang|1
|-damage|p2a: Gochujang|87/100
|move|p1b: Kingambit|Kowtow Cleave|p2b: Unctober
|-activate|p2b: Unctober|move: Protect
|
|-damage|p1b: Kingambit|77/100 brn|[from] brn
|upkeep
|turn|5
|
|t:|1784883274
|switch|p1a: Basculegion|Basculegion, L50, M|100/100
|move|p2a: Gochujang|Fake Out|p1b: Kingambit
|-resisted|p1b: Kingambit|1
|-damage|p1b: Kingambit|73/100 brn
|move|p2b: Unctober|Nasty Plot|p2b: Unctober
|-boost|p2b: Unctober|spa|2
|cant|p1b: Kingambit|flinch
|
|-damage|p1b: Kingambit|67/100 brn|[from] brn
|upkeep
|turn|6
|inactive|Fcjavic99 has 30 seconds left.
|
|t:|1784883301
|move|p2b: Unctober|Protect|p2b: Unctober
|-singleturn|p2b: Unctober|Protect
|move|p1a: Basculegion|Wave Crash|p2b: Unctober
|-activate|p2b: Unctober|move: Protect
|move|p2a: Gochujang|Parting Shot|p1a: Basculegion
|-unboost|p1a: Basculegion|atk|1
|-unboost|p1a: Basculegion|spa|1
|
|t:|1784883308
|switch|p2a: Green Day|Sinistcha, L50|61/100|[from] Parting Shot
|move|p1b: Kingambit|Kowtow Cleave|p2a: Green Day
|-supereffective|p2a: Green Day|1
|-damage|p2a: Green Day|0 fnt
|faint|p2a: Green Day
|
|-damage|p1b: Kingambit|61/100 brn|[from] brn
|upkeep
|
|t:|1784883309
|switch|p2a: Gochujang|Incineroar, L50, M|87/100
|-ability|p2a: Gochujang|Intimidate|boost
|-unboost|p1a: Basculegion|atk|1
|-unboost|p1b: Kingambit|atk|1
|-ability|p1b: Kingambit|Defiant|boost
|-boost|p1b: Kingambit|atk|2
|turn|7
|
|t:|1784883323
|move|p1b: Kingambit|Protect|p1b: Kingambit
|-singleturn|p1b: Kingambit|Protect
|move|p2a: Gochujang|Fake Out|p1b: Kingambit
|-activate|p1b: Kingambit|move: Protect
|move|p1a: Basculegion|Wave Crash|p2a: Gochujang
|-supereffective|p2a: Gochujang|1
|-damage|p2a: Gochujang|34/100
|-enditem|p2a: Gochujang|Sitrus Berry|[eat]
|-heal|p2a: Gochujang|58/100|[from] item: Sitrus Berry
|-damage|p1a: Basculegion|81/100|[from] Recoil
|move|p2b: Unctober|Psychic|p1a: Basculegion
|-damage|p1a: Basculegion|0 fnt
|faint|p1a: Basculegion
|
|-damage|p1b: Kingambit|56/100 brn|[from] brn
|upkeep
|
|t:|1784883333
|switch|p1a: Garchomp|Garchomp, L50, M|100/100
|turn|8
|
|t:|1784883350
|move|p2b: Unctober|Protect|p2b: Unctober
|-singleturn|p2b: Unctober|Protect
|move|p1b: Kingambit|Sucker Punch||[still]
|-fail|p1b: Kingambit
|move|p1a: Garchomp|Rock Slide|p2b: Unctober|[spread] p2a
|-activate|p2b: Unctober|move: Protect
|-supereffective|p2a: Gochujang|1
|-damage|p2a: Gochujang|15/100
|-damage|p1a: Garchomp|90/100|[from] item: Life Orb
|move|p2a: Gochujang|Flare Blitz|p1b: Kingambit
|-supereffective|p1b: Kingambit|1
|-damage|p1b: Kingambit|0 fnt
|faint|p1b: Kingambit
|-damage|p2a: Gochujang|0 fnt|[from] Recoil
|faint|p2a: Gochujang
|
|upkeep
|
|t:|1784883358
|switch|p1b: Charizard|Charizard, L50, F|92/100
|turn|9
|
|t:|1784883364
|detailschange|p1b: Charizard|Charizard-Mega-Y, L50, F
|-mega|p1b: Charizard|Charizard|Charizardite Y
|-weather|SunnyDay|[from] ability: Drought|[of] p1b: Charizard
|move|p2b: Unctober|Psychic|p1a: Garchomp
|-damage|p1a: Garchomp|0 fnt
|faint|p1a: Garchomp
|move|p1b: Charizard|Weather Ball|p2b: Unctober
|-resisted|p2b: Unctober|1
|-damage|p2b: Unctober|60/100
|
|-weather|SunnyDay|[upkeep]
|upkeep
|turn|10
|
|t:|1784883375
|move|p2b: Unctober|Psychic|p1b: Charizard
|-damage|p1b: Charizard|1/100
|move|p1b: Charizard|Weather Ball|p2b: Unctober
|-resisted|p2b: Unctober|1
|-damage|p2b: Unctober|19/100
|
|-weather|SunnyDay|[upkeep]
|upkeep
|turn|11
|
|t:|1784883380
|move|p2b: Unctober|Psychic|p1b: Charizard
|-damage|p1b: Charizard|0 fnt
|faint|p1b: Charizard
|
|win|lordtentacle69
