|j|☆Colonelpaco
|j|☆tiramisaurus
|html|Colonelpacotiramisaurus    
|uhtml|bestof|Game 3 of a best-of-3
|t:|1757729669
|gametype|doubles
|player|p1|Colonelpaco|101|1075
|player|p2|tiramisaurus|101|1223
|gen|9
|tier|[Gen 9] VGC 2025 Reg H (Bo3)
|rated|
|rule|Species Clause: Limit one of each Pokémon
|rule|Item Clause: Limit 1 of each item
|clearpoke
|poke|p1|Sneasler, L50, M|
|poke|p1|Dragapult, L50, F|
|poke|p1|Primarina, L50, F|
|poke|p1|Rillaboom, L50, F|
|poke|p1|Kingambit, L50, M|
|poke|p1|Magmar, L50, F|
|poke|p2|Kilowattrel, L50, F|
|poke|p2|Ninetales-Alola, L50, M|
|poke|p2|Garchomp, L50, F|
|poke|p2|Incineroar, L50, F|
|poke|p2|Sinistcha, L50|
|poke|p2|Gholdengo, L50|
|teampreview|4
|showteam|p1|Sneasler||FocusSash|Unburden|CloseCombat,DireClaw,FakeOut,Protect|||M|||50|,,,,,Stellar]Dragapult||ChoiceBand|ClearBody|DragonDarts,TeraBlast,PhantomForce,Uturn|||F|||50|,,,,,Ghost]Primarina||SitrusBerry|LiquidVoice|HyperVoice,Moonblast,Haze,Protect|||F|||50|,,,,,Water]Rillaboom||AssaultVest|GrassySurge|WoodHammer,GrassyGlide,HighHorsepower,FakeOut|||F|||50|,,,,,Fire]Kingambit||BlackGlasses|Defiant|KowtowCleave,SuckerPunch,SwordsDance,Protect|||M|||50|,,,,,Ghost]Magmar||Eviolite|VitalSpirit|Overheat,WillOWisp,FollowMe,Protect|||F|||50|,,,,,Ghost
|showteam|p2|Kilowattrel||FocusSash|Competitive|Discharge,Protect,Tailwind,AirSlash|||F|||50|,,,,,Ghost]Ninetales-Alola||CovertCloak|SnowWarning|FreezeDry,Blizzard,Moonblast,Protect|||M|||50|,,,,,Water]Garchomp||LifeOrb|RoughSkin|DragonClaw,Earthquake,StompingTantrum,Protect|||F|||50|,,,,,Steel]Incineroar||MirrorHerb|Intimidate|FakeOut,KnockOff,PartingShot,FlareBlitz|||F|||50|,,,,,Ghost]Sinistcha||SitrusBerry|Hospitality|MatchaGotcha,StrengthSap,RagePowder,TrickRoom||||||50|,,,,,Dark]Gholdengo||MetalCoat|GoodasGold|NastyPlot,MakeItRain,ShadowBall,Protect||||||50|,,,,,Water
|inactive|Battle timer is ON: inactive players will automatically lose when time's up. (requested by Colonelpaco)
|j| cazabichosroger
|inactive|tiramisaurus has 60 seconds left.
|
|t:|1757729699
|teamsize|p1|4
|teamsize|p2|4
|start
|switch|p1a: Kingambit|Kingambit, L50, M|100/100
|switch|p1b: Rillaboom|Rillaboom, L50, F|100/100
|switch|p2a: Kilowattrel|Kilowattrel, L50, F|100/100
|switch|p2b: Garchomp|Garchomp, L50, F|100/100
|-fieldstart|move: Grassy Terrain|[from] ability: Grassy Surge|[of] p1b: Rillaboom
|turn|1
|inactive|tiramisaurus has 30 seconds left.
|
|t:|1757729729
|switch|p2a: Incineroar|Incineroar, L50, F|100/100
|-ability|p2a: Incineroar|Intimidate|boost
|-unboost|p1a: Kingambit|atk|1
|-ability|p1a: Kingambit|Defiant|boost
|-boost|p1a: Kingambit|atk|2
|-unboost|p1b: Rillaboom|atk|1
|-enditem|p2a: Incineroar|Mirror Herb
|-boost|p2a: Incineroar|atk|2|[from] item: Mirror Herb
|switch|p2b: Ninetales|Ninetales-Alola, L50, M|100/100
|-weather|Snowscape|[from] ability: Snow Warning|[of] p2b: Ninetales
|move|p1b: Rillaboom|Fake Out|p2b: Ninetales
|-damage|p2b: Ninetales|90/100
|move|p1a: Kingambit|Swords Dance|p1a: Kingambit
|-boost|p1a: Kingambit|atk|2
|
|-weather|Snowscape|[upkeep]
|-heal|p2b: Ninetales|96/100|[from] Grassy Terrain
|upkeep
|turn|2
|inactive|Colonelpaco has 30 seconds left.
|inactive|tiramisaurus has 30 seconds left.
|inactive|tiramisaurus has 20 seconds left.
|
|t:|1757729766
|switch|p1b: Magmar|Magmar, L50, F|100/100
|move|p2b: Ninetales|Protect|p2b: Ninetales
|-singleturn|p2b: Ninetales|Protect
|move|p1a: Kingambit|Protect|p1a: Kingambit
|-singleturn|p1a: Kingambit|Protect
|move|p2a: Incineroar|Flare Blitz|p1b: Magmar
|-resisted|p1b: Magmar
|-damage|p1b: Magmar|66/100
|-damage|p2a: Incineroar|91/100|[from] Recoil
|
|-weather|Snowscape|[upkeep]
|-heal|p2b: Ninetales|100/100|[from] Grassy Terrain
|-heal|p1b: Magmar|71/100|[from] Grassy Terrain
|-heal|p2a: Incineroar|97/100|[from] Grassy Terrain
|upkeep
|turn|3
|inactive|tiramisaurus has 30 seconds left.
|inactive|tiramisaurus has 20 seconds left.
|inactive|tiramisaurus has 15 seconds left.
|inactive|tiramisaurus has 10 seconds left.
|
|t:|1757729814
|switch|p2b: Kilowattrel|Kilowattrel, L50, F|100/100
|move|p1b: Magmar|Follow Me|p1b: Magmar
|-singleturn|p1b: Magmar|move: Follow Me
|move|p1a: Kingambit|Sucker Punch||[still]
|-fail|p1a: Kingambit
|move|p2a: Incineroar|Knock Off|p1b: Magmar
|-damage|p1b: Magmar|16/100
|-enditem|p1b: Magmar|Eviolite|[from] move: Knock Off|[of] p2a: Incineroar
|
|-weather|Snowscape|[upkeep]
|-heal|p1b: Magmar|21/100|[from] Grassy Terrain
|-heal|p2a: Incineroar|100/100|[from] Grassy Terrain
|upkeep
|turn|4
|
|t:|1757729835
|move|p1b: Magmar|Protect|p1b: Magmar
|-singleturn|p1b: Magmar|Protect
|move|p2b: Kilowattrel|Air Slash|p1b: Magmar
|-activate|p1b: Magmar|move: Protect
|move|p2a: Incineroar|Flare Blitz|p1a: Kingambit
|-supereffective|p1a: Kingambit
|-damage|p1a: Kingambit|0 fnt
|faint|p1a: Kingambit
|-damage|p2a: Incineroar|68/100|[from] Recoil
|
|-weather|Snowscape|[upkeep]
|-heal|p1b: Magmar|27/100|[from] Grassy Terrain
|-heal|p2a: Incineroar|74/100|[from] Grassy Terrain
|upkeep
|
|t:|1757729846
|switch|p1a: Primarina|Primarina, L50, F|100/100
|turn|5
|inactive|tiramisaurus has 30 seconds left.
|
|t:|1757729876
|switch|p2a: Garchomp|Garchomp, L50, F|100/100
|-terastallize|p1a: Primarina|Water
|move|p1b: Magmar|Follow Me|p1b: Magmar
|-singleturn|p1b: Magmar|move: Follow Me
|move|p2b: Kilowattrel|Discharge|p1b: Magmar|[spread] p1a,p1b
|-immune|p2a: Garchomp
|-supereffective|p1a: Primarina
|-damage|p1a: Primarina|55/100
|-damage|p1b: Magmar|0 fnt
|-status|p1a: Primarina|par
|faint|p1b: Magmar
|cant|p1a: Primarina|par
|
|-weather|none
|-heal|p1a: Primarina|61/100 par|[from] Grassy Terrain
|-fieldend|move: Grassy Terrain
|upkeep
|-message|Colonelpaco forfeited.
|
|win|tiramisaurus
|raw|Colonelpaco's rating: 1075 → 1062(-13 for losing)
|raw|tiramisaurus's rating: 1223 → 1238(+15 for winning)
|l| cazabichosroger
|l|☆tiramisaurus
|player|p2|
