|j|☆lux raymundi
|j|☆natuzer0
|html|lux raymundinatuzer0    
|uhtml|bestof|Game 3 of a best-of-3
|t:|1783106222
|gametype|doubles
|player|p1|lux raymundi|2|1121
|player|p2|natuzer0|birdkeeper-gen4dp|1182
|gen|9
|tier|[Gen 9 Champions] VGC 2026 Reg M-B (Bo3)
|rated|
|rule|Species Clause: Limit one of each Pokémon
|rule|Item Clause: Limit 1 of each item
|clearpoke
|poke|p1|Venusaur, L50, M|
|poke|p1|Grimmsnarl, L50, M|
|poke|p1|Pelipper, L50, M|
|poke|p1|Archaludon, L50, M|
|poke|p1|Swampert, L50, M|
|poke|p1|Hydreigon, L50, M|
|poke|p2|Staraptor, L50, F|
|poke|p2|Raichu, L50, M|
|poke|p2|Gholdengo, L50|
|poke|p2|Basculegion, L50, M|
|poke|p2|Grimmsnarl, L50, M|
|poke|p2|Sinistcha, L50|
|teampreview|4
|showteam|p1|Venusaur||Venusaurite|Chlorophyll|Protect,SludgeBomb,GigaDrain,EarthPower|Modest||M|||50|]Grimmsnarl||LightClay|Prankster|SpiritBreak,Reflect,LightScreen,PartingShot|Careful||M|||50|]Pelipper||SitrusBerry|Drizzle|Hurricane,WeatherBall,Tailwind,WideGuard|Bold||M|||50|]Archaludon||Leftovers|Stamina|ElectroShot,DragonPulse,FlashCannon,Protect|Modest||M|||50|]Swampert||Swampertite|Torrent|Protect,WaveCrash,Earthquake,IcePunch|Adamant||M|||50|]Hydreigon||ChoiceScarf|Levitate|DarkPulse,Snarl,DracoMeteor,Uturn|Timid||M|||50|
|showteam|p2|Staraptor||Staraptite|Intimidate|CloseCombat,BraveBird,Roost,Protect|Jolly||F|||50|]Raichu||RaichuniteY|LightningRod|ZapCannon,FocusBlast,FakeOut,Protect|Timid||M|||50|]Gholdengo||LifeOrb|GoodasGold|MakeItRain,ShadowBall,NastyPlot,Protect|Timid|||||50|]Basculegion||ChoiceScarf|Adaptability|WaveCrash,LastRespects,AquaJet,FlipTurn|Jolly||M|||50|]Grimmsnarl||LightClay|Prankster|SpiritBreak,LightScreen,FakeOut,PartingShot|Careful||M|||50|]Sinistcha||SitrusBerry|Hospitality|MatchaGotcha,TrickRoom,RagePowder,LifeDew|Bold|||||50|
|inactive|Battle timer is ON: inactive players will automatically lose when time's up. (requested by natuzer0)
|
|t:|1783106241
|teamsize|p1|4
|teamsize|p2|4
|start
|switch|p1a: Grimmsnarl|Grimmsnarl, L50, M|100/100
|switch|p1b: Pelipper|Pelipper, L50, M|100/100
|switch|p2a: Staraptor|Staraptor, L50, F|100/100
|switch|p2b: Grimmsnarl|Grimmsnarl, L50, M|100/100
|-ability|p2a: Staraptor|Intimidate|boost
|-unboost|p1a: Grimmsnarl|atk|1
|-unboost|p1b: Pelipper|atk|1
|-weather|RainDance|[from] ability: Drizzle|[of] p1b: Pelipper
|turn|1
|
|t:|1783106259
|detailschange|p2a: Staraptor|Staraptor-Mega, L50, F
|-mega|p2a: Staraptor|Staraptor|Staraptite
|move|p2b: Grimmsnarl|Fake Out|p1b: Pelipper
|-damage|p1b: Pelipper|89/100
|move|p1a: Grimmsnarl|Reflect|p1a: Grimmsnarl
|-sidestart|p1: lux raymundi|Reflect
|move|p2a: Staraptor|Close Combat|p1a: Grimmsnarl
|-damage|p1a: Grimmsnarl|62/100
|-boost|p2a: Staraptor|def|1
|-boost|p2a: Staraptor|spd|1
|cant|p1b: Pelipper|flinch
|
|-weather|RainDance|[upkeep]
|upkeep
|turn|2
|
|t:|1783106276
|move|p2a: Staraptor|Protect|p2a: Staraptor
|-singleturn|p2a: Staraptor|Protect
|move|p2b: Grimmsnarl|Light Screen|p2b: Grimmsnarl
|-sidestart|p2: natuzer0|move: Light Screen
|move|p1a: Grimmsnarl|Parting Shot|p2b: Grimmsnarl
|-hint|Since gen 7, Dark is immune to Prankster moves.
|-immune|p2b: Grimmsnarl
|move|p1b: Pelipper|Hurricane|p2a: Staraptor
|-activate|p2a: Staraptor|move: Protect
|
|-weather|RainDance|[upkeep]
|upkeep
|turn|3
|
|t:|1783106297
|move|p2a: Staraptor|Close Combat|p1a: Grimmsnarl
|-damage|p1a: Grimmsnarl|23/100
|-boost|p2a: Staraptor|def|1
|-boost|p2a: Staraptor|spd|1
|move|p1b: Pelipper|Hurricane|p2a: Staraptor
|-supereffective|p2a: Staraptor|1
|-damage|p2a: Staraptor|74/100
|move|p1a: Grimmsnarl|Spirit Break|p2a: Staraptor
|-supereffective|p2a: Staraptor|1
|-damage|p2a: Staraptor|55/100
|-boost|p2a: Staraptor|spa|1
|move|p2b: Grimmsnarl|Spirit Break|p1b: Pelipper
|-damage|p1b: Pelipper|68/100
|-unboost|p1b: Pelipper|spa|1
|
|-weather|RainDance|[upkeep]
|upkeep
|turn|4
|inactive|natuzer0 has 30 seconds left.
|
|t:|1783106330
|switch|p1a: Swampert|Swampert, L50, M|100/100
|move|p2b: Grimmsnarl|Parting Shot|p2a: Staraptor
|-boost|p2a: Staraptor|atk|1
|-boost|p2a: Staraptor|spa|1
|
|t:|1783106335
|switch|p2b: Sinistcha|Sinistcha, L50|100/100|[from] Parting Shot
|-heal|p2a: Staraptor|80/100|[from] ability: Hospitality|[of] p2b: Sinistcha
|move|p2a: Staraptor|Close Combat|p1b: Pelipper
|-resisted|p1b: Pelipper|1
|-damage|p1b: Pelipper|42/100
|-boost|p2a: Staraptor|def|1
|-boost|p2a: Staraptor|spd|1
|-enditem|p1b: Pelipper|Sitrus Berry|[eat]
|-heal|p1b: Pelipper|67/100|[from] item: Sitrus Berry
|move|p1b: Pelipper|Tailwind|p1b: Pelipper
|-sidestart|p1: lux raymundi|move: Tailwind
|
|-weather|RainDance|[upkeep]
|upkeep
|turn|5
|inactive|natuzer0 has 30 seconds left.
|inactive|lux raymundi has 30 seconds left.
|
|t:|1783106369
|detailschange|p1a: Swampert|Swampert-Mega, L50, M
|-mega|p1a: Swampert|Swampert|Swampertite
|move|p2a: Staraptor|Protect|p2a: Staraptor
|-singleturn|p2a: Staraptor|Protect
|move|p1a: Swampert|Ice Punch|p2b: Sinistcha
|-supereffective|p2b: Sinistcha|1
|-damage|p2b: Sinistcha|58/100
|move|p1b: Pelipper|Hurricane|p2b: Sinistcha
|-supereffective|p2b: Sinistcha|1
|-damage|p2b: Sinistcha|26/100
|-start|p2b: Sinistcha|confusion
|-enditem|p2b: Sinistcha|Sitrus Berry|[eat]
|-heal|p2b: Sinistcha|51/100|[from] item: Sitrus Berry
|-activate|p2b: Sinistcha|confusion
|move|p2b: Sinistcha|Matcha Gotcha|p1b: Pelipper|[spread] p1a,p1b
|-supereffective|p1a: Swampert|2
|-damage|p1a: Swampert|22/100
|-heal|p2b: Sinistcha|96/100|[from] drain|[of] p1a: Swampert
|-damage|p1b: Pelipper|34/100
|-heal|p2b: Sinistcha|100/100|[from] drain|[of] p1b: Pelipper
|-status|p1a: Swampert|brn
|
|-weather|none
|-damage|p1a: Swampert|16/100 brn|[from] brn
|upkeep
|turn|6
|inactive|natuzer0 has 30 seconds left.
|inactive|natuzer0 has 20 seconds left.
|
|t:|1783106407
|switch|p1b: Archaludon|Archaludon, L50, M|100/100
|switch|p2b: Grimmsnarl|Grimmsnarl, L50, M|100/100
|move|p1a: Swampert|Ice Punch|p2b: Grimmsnarl
|-damage|p2b: Grimmsnarl|86/100
|move|p2a: Staraptor|Brave Bird|p1b: Archaludon
|-resisted|p1b: Archaludon|1
|-damage|p1b: Archaludon|78/100
|-ability|p1b: Archaludon|Stamina|boost
|-boost|p1b: Archaludon|def|1
|-damage|p2a: Staraptor|73/100|[from] Recoil
|
|-heal|p1b: Archaludon|84/100|[from] item: Leftovers
|-damage|p1a: Swampert|10/100 brn|[from] brn
|upkeep
|turn|7
|
|t:|1783106424
|switch|p1a: Pelipper|Pelipper, L50, M|34/100
|-weather|RainDance|[from] ability: Drizzle|[of] p1a: Pelipper
|move|p2b: Grimmsnarl|Parting Shot|p2a: Staraptor
|-boost|p2a: Staraptor|atk|1
|-boost|p2a: Staraptor|spa|1
|
|t:|1783106431
|switch|p2b: Sinistcha|Sinistcha, L50|100/100|[from] Parting Shot
|-heal|p2a: Staraptor|98/100|[from] ability: Hospitality|[of] p2b: Sinistcha
|move|p1b: Archaludon|Electro Shot||[still]
|-prepare|p1b: Archaludon|Electro Shot
|-boost|p1b: Archaludon|spa|1
|-anim|p1b: Archaludon|Electro Shot|p2a: Staraptor
|-supereffective|p2a: Staraptor|1
|-damage|p2a: Staraptor|59/100
|move|p2a: Staraptor|Close Combat|p1b: Archaludon
|-supereffective|p1b: Archaludon|1
|-damage|p1b: Archaludon|7/100
|-boost|p2a: Staraptor|def|1
|-boost|p2a: Staraptor|spd|1
|-ability|p1b: Archaludon|Stamina|boost
|-boost|p1b: Archaludon|def|1
|
|-weather|RainDance|[upkeep]
|-heal|p1b: Archaludon|13/100|[from] item: Leftovers
|-sideend|p1: lux raymundi|move: Tailwind
|upkeep
|turn|8
|inactive|natuzer0 has 30 seconds left.
|
|t:|1783106465
|move|p2a: Staraptor|Protect|p2a: Staraptor
|-singleturn|p2a: Staraptor|Protect
|move|p1b: Archaludon|Protect|p1b: Archaludon
|-singleturn|p1b: Archaludon|Protect
|move|p1a: Pelipper|Tailwind|p1a: Pelipper
|-sidestart|p1: lux raymundi|move: Tailwind
|move|p2b: Sinistcha|Trick Room|p2b: Sinistcha
|-fieldstart|move: Trick Room|[of] p2b: Sinistcha
|
|-weather|RainDance|[upkeep]
|-heal|p1b: Archaludon|19/100|[from] item: Leftovers
|-sideend|p1: lux raymundi|Reflect
|upkeep
|turn|9
|
|t:|1783106481
|move|p2b: Sinistcha|Life Dew||[still]|[spread] p2a,p2b
|-heal|p2a: Staraptor|84/100
|-fail|p2b: Sinistcha|heal
|move|p2a: Staraptor|Close Combat|p1b: Archaludon
|-supereffective|p1b: Archaludon|1
|-damage|p1b: Archaludon|0 fnt
|-boost|p2a: Staraptor|def|1
|-boost|p2a: Staraptor|spd|1
|faint|p1b: Archaludon
|move|p1a: Pelipper|Hurricane|p2a: Staraptor
|-supereffective|p2a: Staraptor|1
|-crit|p2a: Staraptor
|-damage|p2a: Staraptor|0 fnt
|faint|p2a: Staraptor
|
|-weather|RainDance|[upkeep]
|-sideend|p2: natuzer0|move: Light Screen
|upkeep
|
|t:|1783106499
|switch|p1b: Grimmsnarl|Grimmsnarl, L50, M|23/100
|switch|p2a: Grimmsnarl|Grimmsnarl, L50, M|86/100
|turn|10
|
|t:|1783106515
|switch|p1a: Swampert|Swampert-Mega, L50, M|10/100 brn
|move|p2a: Grimmsnarl|Fake Out|p1b: Grimmsnarl
|-damage|p1b: Grimmsnarl|12/100
|move|p2b: Sinistcha|Matcha Gotcha|p1a: Swampert|[spread] p1a,p1b
|-supereffective|p1a: Swampert|2
|-damage|p1a: Swampert|0 fnt
|-damage|p1b: Grimmsnarl|0 fnt
|faint|p1a: Swampert
|faint|p1b: Grimmsnarl
|
|-weather|RainDance|[upkeep]
|upkeep
|
|t:|1783106521
|switch|p1b: Pelipper|Pelipper, L50, M|34/100
|turn|11
|
|t:|1783106531
|move|p2a: Grimmsnarl|Spirit Break|p1b: Pelipper
|-damage|p1b: Pelipper|9/100
|-unboost|p1b: Pelipper|spa|1
|move|p2b: Sinistcha|Matcha Gotcha|p1b: Pelipper
|-damage|p1b: Pelipper|0 fnt
|faint|p1b: Pelipper
|
|win|natuzer0
|raw|lux raymundi's rating: 1121 → 1100(-21 for losing)
|raw|natuzer0's rating: 1182 → 1203(+21 for winning)
