|j|☆C58Gamer
|j|☆new mental
|html|C58Gamernew mental    
|uhtml|bestof|Game 1 of a best-of-3
|t:|1783854976
|gametype|doubles
|player|p1|C58Gamer|102|1130
|player|p2|new mental|volkner|1294
|gen|9
|tier|[Gen 9 Champions] VGC 2026 Reg M-B (Bo3)
|rated|
|rule|Species Clause: Limit one of each Pokémon
|rule|Item Clause: Limit 1 of each item
|clearpoke
|poke|p1|Charizard, L50, M, shiny|
|poke|p1|Garchomp, L50, M|
|poke|p1|Hydreigon, L50, M, shiny|
|poke|p1|Toxapex, L50, F, shiny|
|poke|p1|Sableye, L50, F, shiny|
|poke|p1|Metagross, L50, shiny|
|poke|p2|Charizard, L50, F|
|poke|p2|Kingambit, L50, M|
|poke|p2|Sylveon, L50, F|
|poke|p2|Garchomp, L50, M|
|poke|p2|Aerodactyl, L50, F|
|poke|p2|Farigiraf, L50, M|
|teampreview|4
|showteam|p1|Charizard||CharizarditeY|Blaze|Protect,HeatWave,WeatherBall,SolarBeam|Timid||M|||50|]Garchomp||SitrusBerry|RoughSkin|DragonClaw,Earthquake,RockSlide,Protect|Adamant||M|||50|]Hydreigon||ChoiceScarf|Levitate|HeatWave,DarkPulse,DracoMeteor,Snarl|Modest||M|||50|]Toxapex||Leftovers|Regenerator|BanefulBunker,Toxic,Infestation,WideGuard|Bold||F|||50|]Sableye||LightClay|Prankster|Encore,Reflect,LightScreen,SunnyDay|Bold||F|||50|]Metagross||Metagrossite|ClearBody|BodyPress,BulletPunch,IronHead,Protect|Adamant|||||50|
|showteam|p2|Charizard||CharizarditeY|SolarPower|Protect,HeatWave,SolarBeam,WeatherBall|Modest||F|||50|]Kingambit||FocusSash|Defiant|IronHead,SuckerPunch,KowtowCleave,LowKick|Adamant||M|||50|]Sylveon||FairyFeather|Pixilate|Detect,HyperVoice,HyperBeam,QuickAttack|Modest||F|||50|]Garchomp||LifeOrb|RoughSkin|Protect,DragonClaw,Earthquake,RockSlide|Jolly||M|||50|]Aerodactyl||Aerodactylite|Unnerve|IceFang,RockSlide,Tailwind,DualWingbeat|Jolly||F|||50|]Farigiraf||SitrusBerry|ArmorTail|TrickRoom,Psychic,Thunderbolt,Roar|Bold||M|||50|
|inactive|Battle timer is ON: inactive players will automatically lose when time's up. (requested by new mental)
|inactive|C58Gamer has 60 seconds left.
|
|t:|1783855052
|teamsize|p1|4
|teamsize|p2|4
|start
|switch|p1a: Metagross|Metagross, L50, shiny|100/100
|switch|p1b: Toxapex|Toxapex, L50, F, shiny|100/100
|switch|p2a: Aerodactyl|Aerodactyl, L50, F|100/100
|switch|p2b: Sylveon|Sylveon, L50, F|100/100
|-ability|p2a: Aerodactyl|Unnerve
|turn|1
|inactive|C58Gamer has 30 seconds left.
|inactive|new mental has 30 seconds left.
|inactive|C58Gamer has 20 seconds left.
|
|t:|1783855092
|switch|p2b: Farigiraf|Farigiraf, L50, M|100/100
|detailschange|p1a: Metagross|Metagross-Mega, L50, shiny
|-mega|p1a: Metagross|Metagross|Metagrossite
|move|p2a: Aerodactyl|Tailwind|p2a: Aerodactyl
|-sidestart|p2: new mental|move: Tailwind
|move|p1a: Metagross|Body Press|p2b: Farigiraf
|-crit|p2b: Farigiraf
|-damage|p2b: Farigiraf|60/100
|move|p1b: Toxapex|Infestation|p2a: Aerodactyl
|-resisted|p2a: Aerodactyl|1
|-damage|p2a: Aerodactyl|98/100
|-activate|p2a: Aerodactyl|move: Infestation|[of] p1b: Toxapex
|
|-damage|p2a: Aerodactyl|85/100|[from] move: Infestation|[partiallytrapped]
|upkeep
|turn|2
|inactive|C58Gamer has 30 seconds left.
|
|t:|1783855123
|detailschange|p2a: Aerodactyl|Aerodactyl-Mega, L50, F
|-mega|p2a: Aerodactyl|Aerodactyl|Aerodactylite
|move|p1a: Metagross|Bullet Punch||[still]
|cant|p2b: Farigiraf|ability: Armor Tail|Bullet Punch|[of] p1a: Metagross
|move|p2a: Aerodactyl|Rock Slide|p1a: Metagross|[spread] p1a,p1b
|-resisted|p1a: Metagross|1
|-damage|p1a: Metagross|90/100
|-damage|p1b: Toxapex|84/100
|cant|p1b: Toxapex|flinch
|move|p2b: Farigiraf|Roar|p2a: Aerodactyl
|drag|p2a: Kingambit|Kingambit, L50, M|100/100
|
|-heal|p1b: Toxapex|89/100|[from] item: Leftovers
|upkeep
|turn|3
|inactive|C58Gamer has 30 seconds left.
|
|t:|1783855154
|switch|p1a: Hydreigon|Hydreigon, L50, M, shiny|100/100
|move|p2a: Kingambit|Kowtow Cleave|p1a: Hydreigon
|-resisted|p1a: Hydreigon|1
|-damage|p1a: Hydreigon|73/100
|move|p2b: Farigiraf|Psychic|p1b: Toxapex
|-supereffective|p1b: Toxapex|1
|-damage|p1b: Toxapex|35/100
|move|p1b: Toxapex|Infestation|p2a: Kingambit
|-damage|p2a: Kingambit|96/100
|-activate|p2a: Kingambit|move: Infestation|[of] p1b: Toxapex
|
|-heal|p1b: Toxapex|40/100|[from] item: Leftovers
|-damage|p2a: Kingambit|84/100|[from] move: Infestation|[partiallytrapped]
|upkeep
|turn|4
|inactive|C58Gamer has 30 seconds left.
|inactive|new mental has 30 seconds left.
|
|t:|1783855185
|switch|p2b: Aerodactyl|Aerodactyl-Mega, L50, F|85/100
|move|p1a: Hydreigon|Heat Wave|p2b: Aerodactyl|[spread] p2b
|-miss|p1a: Hydreigon|p2a: Kingambit
|-resisted|p2b: Aerodactyl|1
|-damage|p2b: Aerodactyl|71/100
|move|p2a: Kingambit|Low Kick|p1a: Hydreigon
|-supereffective|p1a: Hydreigon|1
|-damage|p1a: Hydreigon|0 fnt
|faint|p1a: Hydreigon
|move|p1b: Toxapex|Infestation|p2b: Aerodactyl
|-resisted|p2b: Aerodactyl|1
|-damage|p2b: Aerodactyl|70/100
|-activate|p2b: Aerodactyl|move: Infestation|[of] p1b: Toxapex
|
|-heal|p1b: Toxapex|46/100|[from] item: Leftovers
|-damage|p2b: Aerodactyl|57/100|[from] move: Infestation|[partiallytrapped]
|-damage|p2a: Kingambit|71/100|[from] move: Infestation|[partiallytrapped]
|-sideend|p2: new mental|move: Tailwind
|upkeep
|
|t:|1783855205
|switch|p1a: Metagross|Metagross-Mega, L50, shiny|90/100
|turn|5
|
|t:|1783855220
|move|p2b: Aerodactyl|Tailwind|p2b: Aerodactyl
|-sidestart|p2: new mental|move: Tailwind
|move|p2a: Kingambit|Kowtow Cleave|p1a: Metagross
|-supereffective|p1a: Metagross|1
|-damage|p1a: Metagross|17/100
|move|p1a: Metagross|Body Press|p2a: Kingambit
|-supereffective|p2a: Kingambit|2
|-damage|p2a: Kingambit|0 fnt
|faint|p2a: Kingambit
|move|p1b: Toxapex|Toxic|p2b: Aerodactyl
|-status|p2b: Aerodactyl|tox
|
|-heal|p1b: Toxapex|52/100|[from] item: Leftovers
|-damage|p2b: Aerodactyl|52/100 tox|[from] psn
|-damage|p2b: Aerodactyl|39/100 tox|[from] move: Infestation|[partiallytrapped]
|upkeep
|
|t:|1783855234
|switch|p2a: Farigiraf|Farigiraf, L50, M|60/100
|turn|6
|
|t:|1783855245
|move|p1b: Toxapex|Wide Guard|p1b: Toxapex
|-singleturn|p1b: Toxapex|Wide Guard
|move|p2b: Aerodactyl|Dual Wingbeat|p1a: Metagross|[miss]
|-miss|p2b: Aerodactyl|p1a: Metagross
|move|p2a: Farigiraf|Psychic|p1b: Toxapex
|-supereffective|p1b: Toxapex|1
|-damage|p1b: Toxapex|0 fnt
|faint|p1b: Toxapex
|move|p1a: Metagross|Iron Head|p2a: Farigiraf
|-damage|p2a: Farigiraf|12/100
|-enditem|p2a: Farigiraf|Sitrus Berry|[eat]
|-heal|p2a: Farigiraf|37/100|[from] item: Sitrus Berry
|
|-damage|p2b: Aerodactyl|28/100 tox|[from] psn
|-end|p2b: Aerodactyl|Infestation|[partiallytrapped]|[silent]
|upkeep
|
|t:|1783855261
|switch|p1b: Sableye|Sableye, L50, F, shiny|100/100
|turn|7
|
|t:|1783855268
|move|p1b: Sableye|Reflect|p1b: Sableye
|-sidestart|p1: C58Gamer|Reflect
|move|p2b: Aerodactyl|Dual Wingbeat|p1a: Metagross
|-resisted|p1a: Metagross|1
|-damage|p1a: Metagross|11/100
|-resisted|p1a: Metagross|1
|-damage|p1a: Metagross|6/100
|-hitcount|p1a: Metagross|2
|move|p2a: Farigiraf|Psychic|p1a: Metagross
|-resisted|p1a: Metagross|2
|-damage|p1a: Metagross|0 fnt
|faint|p1a: Metagross
|
|-damage|p2b: Aerodactyl|10/100 tox|[from] psn
|upkeep
|turn|8
|
|t:|1783855282
|switch|p2b: Sylveon|Sylveon, L50, F|100/100
|move|p1b: Sableye|Sunny Day|p1b: Sableye
|-weather|SunnyDay
|move|p2a: Farigiraf|Thunderbolt|p1b: Sableye
|-damage|p1b: Sableye|71/100
|
|-weather|SunnyDay|[upkeep]
|-sideend|p2: new mental|move: Tailwind
|upkeep
|turn|9
|
|t:|1783855292
|move|p1b: Sableye|Light Screen|p1b: Sableye
|-sidestart|p1: C58Gamer|move: Light Screen
|move|p2b: Sylveon|Hyper Voice|p1b: Sableye
|-supereffective|p1b: Sableye|1
|-damage|p1b: Sableye|0 fnt
|faint|p1b: Sableye
|
|win|new mental
||new mental is ready for game 2.
|l|☆C58Gamer
|player|p1|
|inactive|C58Gamer has 30 seconds to confirm battle start!
|inactive|C58Gamer has 20 seconds to confirm battle start!
|inactive|C58Gamer has 10 seconds to confirm battle start!
|uhtml|next|Next: Game 2 of 3
