|j|☆schleorge
|j|☆buf33 scizorfanboy
|html|schleorgebuf33 scizorfanboy    
|uhtml|bestof|Game 3 of a best-of-3
|t:|1756857737
|gametype|doubles
|player|p1|schleorge|bianca|1371
|player|p2|buf33 scizorfanboy|cynthia-gen4|1342
|gen|9
|tier|[Gen 9] VGC 2025 Reg H (Bo3)
|rated|
|rule|Species Clause: Limit one of each Pokémon
|rule|Item Clause: Limit 1 of each item
|clearpoke
|poke|p1|Flamigo, L50, M|
|poke|p1|Clefable, L50, F|
|poke|p1|Gholdengo, L50|
|poke|p1|Incineroar, L50, M|
|poke|p1|Ursaluna-Bloodmoon, L50, M|
|poke|p1|Farigiraf, L50, F|
|poke|p2|Kingambit, L50, F|
|poke|p2|Basculegion, L50, M|
|poke|p2|Rillaboom, L50, M|
|poke|p2|Sneasler, L50, F|
|poke|p2|Ninetales-Alola, L50, M|
|poke|p2|Magmar, L50, M|
|teampreview|4
|showteam|p1|Flamigo||FocusSash|Scrappy|CloseCombat,DualWingbeat,WideGuard,Detect|||M|||50|,,,,,Stellar]Clefable||SitrusBerry|Unaware|FollowMe,Moonblast,MistyTerrain,Protect|||F|||50|,,,,,Water]Gholdengo||MetalCoat|GoodasGold|MakeItRain,ShadowBall,NastyPlot,Protect||||||50|,,,,,Dragon]Incineroar||AssaultVest|Intimidate|FlareBlitz,KnockOff,FakeOut,Uturn|||M|||50|,,,,,Grass]Ursaluna-Bloodmoon||LifeOrb|MindsEye|HyperVoice,BloodMoon,EarthPower,Protect|||M|||50|,,,,,Normal]Farigiraf||ThroatSpray|ArmorTail|HyperVoice,Psychic,TrickRoom,Protect|||F|||50|,,,,,Water
|showteam|p2|Kingambit||SafetyGoggles|Defiant|Protect,KowtowCleave,SuckerPunch,SwordsDance|||F|||50|,,,,,Dark]Basculegion||ChoiceScarf|Adaptability|WaveCrash,LastRespects,AquaJet,FlipTurn|||M|||50|,,,,,Grass]Rillaboom||AssaultVest|GrassySurge|WoodHammer,GrassyGlide,Uturn,FakeOut|||M|||50|,,,,,Fire]Sneasler||FocusSash|Unburden|Protect,DireClaw,CloseCombat,FakeOut|||F|||50|,,,,,Stellar]Ninetales-Alola||NeverMeltIce|SnowWarning|Protect,Blizzard,FreezeDry,Encore|||M|||50|,,,,,Ghost]Magmar||Eviolite|VitalSpirit|Protect,HeatWave,Taunt,FollowMe|||M|||50|,,,,,Ghost
|inactive|Battle timer is ON: inactive players will automatically lose when time's up. (requested by buf33 scizorfanboy)
|inactive|schleorge has 60 seconds left.
|
|t:|1756857793
|teamsize|p1|4
|teamsize|p2|4
|start
|switch|p1a: Gholdengo|Gholdengo, L50|100/100
|switch|p1b: Flamigo|Flamigo, L50, M|100/100
|switch|p2a: Ninetales|Ninetales-Alola, L50, M|100/100
|switch|p2b: Magmar|Magmar, L50, M|100/100
|-weather|Snowscape|[from] ability: Snow Warning|[of] p2a: Ninetales
|turn|1
|inactive|buf33 scizorfanboy has 30 seconds left.
|
|t:|1756857822
|move|p2a: Ninetales|Protect|p2a: Ninetales
|-singleturn|p2a: Ninetales|Protect
|move|p1b: Flamigo|Detect|p1b: Flamigo
|-singleturn|p1b: Flamigo|Protect
|move|p1a: Gholdengo|Nasty Plot|p1a: Gholdengo
|-boost|p1a: Gholdengo|spa|2
|move|p2b: Magmar|Taunt|p1b: Flamigo
|-activate|p1b: Flamigo|move: Protect
|
|-weather|Snowscape|[upkeep]
|upkeep
|turn|2
|inactive|schleorge has 30 seconds left.
|inactive|schleorge has 20 seconds left.
|inactive|schleorge has 15 seconds left.
|
|t:|1756857867
|switch|p2a: Sneasler|Sneasler, L50, F|100/100
|move|p1b: Flamigo|Wide Guard|p1b: Flamigo
|-singleturn|p1b: Flamigo|Wide Guard
|move|p1a: Gholdengo|Shadow Ball|p2b: Magmar
|-crit|p2b: Magmar
|-damage|p2b: Magmar|0 fnt
|faint|p2b: Magmar
|
|-weather|Snowscape|[upkeep]
|upkeep
|
|t:|1756857880
|switch|p2b: Basculegion|Basculegion, L50, M|100/100
|turn|3
|inactive|schleorge has 30 seconds left.
|inactive|schleorge has 20 seconds left.
|inactive|schleorge has 15 seconds left.
|inactive|schleorge has 10 seconds left.
|
|t:|1756857929
|switch|p1b: Incineroar|Incineroar, L50, M|100/100
|-ability|p1b: Incineroar|Intimidate|boost
|-unboost|p2a: Sneasler|atk|1
|-unboost|p2b: Basculegion|atk|1
|move|p2a: Sneasler|Fake Out|p1a: Gholdengo
|-immune|p1a: Gholdengo
|move|p2b: Basculegion|Last Respects|p1a: Gholdengo
|-supereffective|p1a: Gholdengo
|-damage|p1a: Gholdengo|13/100
|move|p1a: Gholdengo|Make It Rain|p2a: Sneasler|[spread] p2a,p2b
|-resisted|p2b: Basculegion
|-enditem|p2a: Sneasler|Focus Sash
|-damage|p2a: Sneasler|1/100
|-damage|p2b: Basculegion|26/100
|-unboost|p1a: Gholdengo|spa|1
|
|-weather|Snowscape|[upkeep]
|upkeep
|turn|4
|inactive|schleorge has 30 seconds left.
|inactive|buf33 scizorfanboy has 30 seconds left.
|inactive|schleorge has 20 seconds left.
|inactive|buf33 scizorfanboy has 20 seconds left.
|inactive|schleorge has 15 seconds left.
|inactive|schleorge has 10 seconds left.
|inactive|schleorge has 5 seconds left.
|
|t:|1756857982
|switch|p2b: Ninetales|Ninetales-Alola, L50, M|100/100
|switch|p1a: Clefable|Clefable, L50, F|100/100
|-terastallize|p1b: Incineroar|Grass
|move|p2a: Sneasler|Protect|p2a: Sneasler
|-singleturn|p2a: Sneasler|Protect
|move|p1b: Incineroar|Knock Off|p2b: Ninetales
|-resisted|p2b: Ninetales
|-damage|p2b: Ninetales|79/100
|-enditem|p2b: Ninetales|Never-Melt Ice|[from] move: Knock Off|[of] p1b: Incineroar
|
|-weather|Snowscape|[upkeep]
|upkeep
|turn|5
|inactive|schleorge has 30 seconds left.
|
|t:|1756858007
|-terastallize|p2b: Ninetales|Ghost
|move|p1a: Clefable|Follow Me|p1a: Clefable
|-singleturn|p1a: Clefable|move: Follow Me
|move|p2a: Sneasler|Dire Claw|p1a: Clefable
|-supereffective|p1a: Clefable
|-damage|p1a: Clefable|25/100
|-status|p1a: Clefable|par
|-enditem|p1a: Clefable|Sitrus Berry|[eat]
|-heal|p1a: Clefable|50/100 par|[from] item: Sitrus Berry
|move|p2b: Ninetales|Blizzard|p1a: Clefable|[spread] p1a,p1b
|-supereffective|p1b: Incineroar
|-damage|p1a: Clefable|25/100 par
|-damage|p1b: Incineroar|61/100
|move|p1b: Incineroar|U-turn|p2a: Sneasler
|-resisted|p2a: Sneasler
|-damage|p2a: Sneasler|0 fnt
|faint|p2a: Sneasler
|inactive|schleorge has 30 seconds left.
|
|t:|1756858041
|switch|p1b: Gholdengo|Gholdengo, L50|13/100|[from] U-turn
|
|-weather|none
|upkeep
|
|t:|1756858044
|switch|p2a: Basculegion|Basculegion, L50, M|26/100
|turn|6
|
|t:|1756858058
|cant|p1a: Clefable|par
|move|p2a: Basculegion|Wave Crash|p1a: Clefable
|-damage|p1a: Clefable|0 fnt
|faint|p1a: Clefable
|-damage|p2a: Basculegion|17/100|[from] Recoil
|move|p2b: Ninetales|Freeze-Dry|p1b: Gholdengo
|-resisted|p1b: Gholdengo
|-crit|p1b: Gholdengo
|-damage|p1b: Gholdengo|0 fnt
|faint|p1b: Gholdengo
|
|upkeep
|
|t:|1756858067
|switch|p1b: Flamigo|Flamigo, L50, M|100/100
|switch|p1a: Incineroar|Incineroar, L50, M, tera:Grass|61/100
|-ability|p1a: Incineroar|Intimidate|boost
|-unboost|p2a: Basculegion|atk|1
|-unboost|p2b: Ninetales|atk|1
|turn|7
|
|t:|1756858095
|move|p2a: Basculegion|Wave Crash|p1b: Flamigo
|-damage|p1b: Flamigo|26/100
|-damage|p2a: Basculegion|0 fnt|[from] Recoil
|faint|p2a: Basculegion
|move|p2b: Ninetales|Freeze-Dry|p1b: Flamigo
|-supereffective|p1b: Flamigo
|-damage|p1b: Flamigo|0 fnt
|faint|p1b: Flamigo
|move|p1a: Incineroar|Knock Off|p2b: Ninetales
|-supereffective|p2b: Ninetales
|-damage|p2b: Ninetales|0 fnt
|faint|p2b: Ninetales
|
|win|schleorge
|raw|schleorge's rating: 1371 → 1389(+18 for winning)
|raw|buf33 scizorfanboy's rating: 1342 → 1324(-18 for losing)
