|j|☆lerry27
|j|☆Notverygood38011
|html|lerry27Notverygood38011    
|uhtml|bestof|Game 3 of a best-of-3
|t:|1783928257
|gametype|doubles
|player|p1|lerry27|265|1074
|player|p2|Notverygood38011|101|1084
|gen|9
|tier|[Gen 9 Champions] VGC 2026 Reg M-B (Bo3)
|rated|
|rule|Species Clause: Limit one of each Pokémon
|rule|Item Clause: Limit 1 of each item
|clearpoke
|poke|p1|Floette-Eternal, L50, F|
|poke|p1|Maushold-Four, L50|
|poke|p1|Gengar, L50, M, shiny|
|poke|p1|Incineroar, L50, M, shiny|
|poke|p1|Politoed, L50, M|
|poke|p1|Grimmsnarl, L50, M|
|poke|p2|Pyroar, L50, F|
|poke|p2|Torkoal, L50, M|
|poke|p2|Farigiraf, L50, F|
|poke|p2|Whimsicott, L50, M|
|poke|p2|Venusaur, L50, F|
|poke|p2|Kingambit, L50, M|
|teampreview|4
|showteam|p1|Floette-Eternal||Floettite|FlowerVeil|CalmMind,DazzlingGleam,DrainingKiss,Protect|Timid||F|||50|]Maushold-Four||ChopleBerry|FriendGuard|Uturn,HelpingHand,FollowMe,Protect|Impish|||||50|]Gengar||Gengarite|CursedBody|ShadowBall,PerishSong,Disable,Protect|Bold||M|||50|]Incineroar||PasshoBerry|Intimidate|FakeOut,ThroatChop,PartingShot,Protect|Careful||M|||50|]Politoed||SitrusBerry|Drizzle|WeatherBall,Encore,PerishSong,Protect|Calm||M|||50|]Grimmsnarl||LightClay|Prankster|FakeOut,PartingShot,LightScreen,Reflect|Careful||M|||50|
|showteam|p2|Pyroar||Pyroarite|Unnerve|HeatWave,Flamethrower,ScorchingSands,Protect|Timid||F|||50|]Torkoal||Charcoal|Drought|Eruption,Overheat,SolarBeam,Protect|Quiet||M|||50|]Farigiraf||SitrusBerry|ArmorTail|HyperVoice,Psychic,TrickRoom,Protect|Quiet||F|||50|]Whimsicott||FocusSash|Prankster|Moonblast,SunnyDay,Tailwind,Encore|Timid||M|||50|]Venusaur||Venusaurite|Chlorophyll|SludgeBomb,EarthPower,HelpingHand,SleepPowder|Modest||F|||50|]Kingambit||ChopleBerry|Defiant|KowtowCleave,IronHead,SuckerPunch,Protect|Brave||M|||50|
|
|t:|1783928276
|teamsize|p1|4
|teamsize|p2|4
|start
|switch|p1a: Maushold|Maushold-Four, L50|100/100
|switch|p1b: Gengar|Gengar, L50, M, shiny|100/100
|switch|p2a: Pyroar|Pyroar, L50, F|100/100
|switch|p2b: Torkoal|Torkoal, L50, M|100/100
|-ability|p2a: Pyroar|Unnerve
|-weather|SunnyDay|[from] ability: Drought|[of] p2b: Torkoal
|turn|1
|
|t:|1783928291
|switch|p1a: Politoed|Politoed, L50, M|100/100
|-weather|RainDance|[from] ability: Drizzle|[of] p1a: Politoed
|detailschange|p2a: Pyroar|Pyroar-Mega, L50, F
|-mega|p2a: Pyroar|Pyroar|Pyroarite
|detailschange|p1b: Gengar|Gengar-Mega, L50, M, shiny
|-mega|p1b: Gengar|Gengar|Gengarite
|move|p2a: Pyroar|Heat Wave|p1a: Politoed|[spread] p1a,p1b
|-resisted|p1a: Politoed|1
|-damage|p1a: Politoed|89/100
|-damage|p1b: Gengar|74/100
|move|p1b: Gengar|Perish Song|p1b: Gengar
|-start|p1a: Politoed|perish3|[silent]
|-start|p1b: Gengar|perish3|[silent]
|-start|p2a: Pyroar|perish3|[silent]
|-start|p2b: Torkoal|perish3|[silent]
|-fieldactivate|move: Perish Song
|move|p2b: Torkoal|Eruption|p1a: Politoed|[spread] p1a,p1b
|-resisted|p1a: Politoed|1
|-damage|p1a: Politoed|76/100
|-damage|p1b: Gengar|48/100
|
|-weather|RainDance|[upkeep]
|-start|p2a: Pyroar|perish3
|-start|p1b: Gengar|perish3
|-start|p1a: Politoed|perish3
|-start|p2b: Torkoal|perish3
|upkeep
|turn|2
|
|t:|1783928322
|switch|p1a: Maushold|Maushold-Four, L50|100/100
|move|p1b: Gengar|Protect|p1b: Gengar
|-singleturn|p1b: Gengar|Protect
|move|p2a: Pyroar|Scorching Sands|p1b: Gengar
|-activate|p1b: Gengar|move: Protect
|move|p2b: Torkoal|Eruption|p1b: Gengar|[spread] p1a
|-activate|p1b: Gengar|move: Protect
|-crit|p1a: Maushold
|-damage|p1a: Maushold|50/100y
|
|-weather|RainDance|[upkeep]
|-start|p2a: Pyroar|perish2
|-start|p1b: Gengar|perish2
|-start|p2b: Torkoal|perish2
|upkeep
|turn|3
|
|t:|1783928343
|switch|p1b: Politoed|Politoed, L50, M|76/100
|move|p1a: Maushold|Follow Me|p1a: Maushold
|-singleturn|p1a: Maushold|move: Follow Me
|move|p2a: Pyroar|Heat Wave|p1b: Politoed|[spread] p1a,p1b
|-resisted|p1b: Politoed|1
|-damage|p1a: Maushold|14/100
|-damage|p1b: Politoed|68/100
|move|p2b: Torkoal|Eruption|p1b: Politoed|[spread] p1a,p1b
|-crit|p1a: Maushold
|-resisted|p1b: Politoed|1
|-damage|p1a: Maushold|0 fnt
|-damage|p1b: Politoed|58/100
|faint|p1a: Maushold
|
|-weather|RainDance|[upkeep]
|-start|p2a: Pyroar|perish1
|-start|p2b: Torkoal|perish1
|upkeep
|
|t:|1783928357
|switch|p1a: Gengar|Gengar-Mega, L50, M, shiny|48/100
|turn|4
|
|t:|1783928369
|switch|p1b: Grimmsnarl|Grimmsnarl, L50, M|100/100
|move|p1a: Gengar|Protect|p1a: Gengar
|-singleturn|p1a: Gengar|Protect
|move|p2a: Pyroar|Scorching Sands|p1a: Gengar
|-activate|p1a: Gengar|move: Protect
|move|p2b: Torkoal|Eruption|p1a: Gengar|[spread] p1b
|-activate|p1a: Gengar|move: Protect
|-damage|p1b: Grimmsnarl|72/100
|
|-weather|RainDance|[upkeep]
|-start|p2a: Pyroar|perish0
|-start|p2b: Torkoal|perish0
|faint|p2a: Pyroar
|faint|p2b: Torkoal
|upkeep
|
|t:|1783928380
|switch|p2a: Whimsicott|Whimsicott, L50, M|100/100
|switch|p2b: Venusaur|Venusaur, L50, F|100/100
|turn|5
|-message|Notverygood38011 forfeited.
|
|win|lerry27
|raw|lerry27's rating: 1074 → 1104(+30 for winning)
|raw|Notverygood38011's rating: 1084 → 1061(-23 for losing)
|l|☆Notverygood38011
|player|p2|
