|j|☆gingersolos
|j|☆mesziah
|html|gingersolosmesziah    
|uhtml|bestof|Game 1 of a best-of-3
|t:|1786117869
|gametype|doubles
|player|p1|gingersolos|unknown|
|player|p2|mesziah|beauty-gen4dp|
|gen|9
|tier|[Gen 9 Champions] VGC 2026 Reg M-B (Bo3)
|rule|Species Clause: Limit one of each Pokémon
|rule|Item Clause: Limit 1 of each item
|clearpoke
|poke|p1|Incineroar, L50, F|
|poke|p1|Gardevoir, L50, F|
|poke|p1|Dragonite, L50, F|
|poke|p1|Milotic, L50, M|
|poke|p1|Zoroark-Hisui, L50, M|
|poke|p1|Sandaconda, L50, F|
|poke|p2|Garchomp, L50, F|
|poke|p2|Heliolisk, L50, F|
|poke|p2|Skarmory, L50, F|
|poke|p2|Mimikyu, L50, F|
|poke|p2|Talonflame, L50, M|
|poke|p2|Sinistcha, L50|
|teampreview|4
|showteam|p1|Incineroar||SitrusBerry|Intimidate|FakeOut,FlareBlitz,Snarl,PartingShot|Careful||F|||50|]Gardevoir||Gardevoirite|Trace|HyperVoice,Psychic,TrickRoom,Protect|Modest||F|||50|]Dragonite||DragonFang|Multiscale|ExtremeSpeed,DragonClaw,Tailwind,Protect|Adamant||F|||50|]Milotic||Leftovers|Competitive|Scald,IcyWind,Recover,Protect|Bold||M|||50|]Zoroark-Hisui||FocusSash|Illusion|ShadowBall,HyperVoice,BitterMalice,Protect|Timid||M|||50|]Sandaconda||LumBerry|ShedSkin|Glare,HighHorsepower,RockSlide,Protect|Impish||F|||50|
|showteam|p2|Garchomp||LifeOrb|RoughSkin|Surf,DragonPulse,PowerGem,Protect|Timid||F|||50|]Heliolisk||FocusSash|DrySkin|Discharge,Thunderbolt,EerieImpulse,Protect|Modest||F|||50|]Skarmory||Skarmorite|KeenEye|IronHead,RockTomb,BraveBird,Protect|Jolly||F|||50|]Mimikyu||WideLens|Disguise|PlayRough,DrainPunch,WillOWisp,ShadowClaw|Adamant||F|||50|]Talonflame|||GaleWings|Tailwind,Acrobatics,WillOWisp,UpperHand|Jolly||M|||50|]Sinistcha||ColburBerry|Hospitality|MatchaGotcha,LifeDew,Scald,Protect|Modest|||||50|
|
|t:|1786117907
|teamsize|p1|4
|teamsize|p2|4
|start
|switch|p1a: Incineroar|Incineroar, L50, F|100/100
|switch|p1b: Gardevoir|Gardevoir, L50, F|100/100
|switch|p2a: Garchomp|Garchomp, L50, F|100/100
|switch|p2b: Heliolisk|Heliolisk, L50, F|100/100
|-ability|p1b: Gardevoir|Dry Skin|Trace|[from] ability: Trace|[of] p2b: Heliolisk
|-ability|p1a: Incineroar|Intimidate|boost
|-unboost|p2a: Garchomp|atk|1
|-unboost|p2b: Heliolisk|atk|1
|turn|1
|
|t:|1786117950
|detailschange|p1b: Gardevoir|Gardevoir-Mega, L50, F
|-mega|p1b: Gardevoir|Gardevoir|Gardevoirite
|move|p2a: Garchomp|Protect|p2a: Garchomp
|-singleturn|p2a: Garchomp|Protect
|move|p2b: Heliolisk|Protect|p2b: Heliolisk
|-singleturn|p2b: Heliolisk|Protect
|move|p1a: Incineroar|Fake Out|p2a: Garchomp
|-activate|p2a: Garchomp|move: Protect
|move|p1b: Gardevoir|Psychic|p2a: Garchomp
|-activate|p2a: Garchomp|move: Protect
|
|upkeep
|turn|2
|
|t:|1786117991
|move|p2a: Garchomp|Surf|p1b: Gardevoir|[spread] p1a,p1b
|-immune|p2b: Heliolisk|[from] ability: Dry Skin
|-supereffective|p1a: Incineroar|1
|-damage|p1a: Incineroar|69/100
|-damage|p1b: Gardevoir|83/100
|-damage|p2a: Garchomp|90/100|[from] item: Life Orb
|move|p2b: Heliolisk|Discharge|p1a: Incineroar|[spread] p1a,p1b
|-immune|p2a: Garchomp
|-damage|p1a: Incineroar|48/100
|-damage|p1b: Gardevoir|57/100
|-enditem|p1a: Incineroar|Sitrus Berry|[eat]
|-heal|p1a: Incineroar|72/100|[from] item: Sitrus Berry
|move|p1b: Gardevoir|Hyper Voice|p2a: Garchomp|[spread] p2a,p2b
|-supereffective|p2a: Garchomp|1
|-damage|p2a: Garchomp|0 fnt
|-damage|p2b: Heliolisk|33/100
|faint|p2a: Garchomp
|move|p1a: Incineroar|Flare Blitz|p2b: Heliolisk
|-damage|p2b: Heliolisk|0 fnt
|faint|p2b: Heliolisk
|-damage|p1a: Incineroar|65/100|[from] Recoil
|
|upkeep
|
|t:|1786118011
|switch|p2a: Skarmory|Skarmory, L50, F|100/100
|switch|p2b: Mimikyu|Mimikyu, L50, F|100/100
|turn|3
|
|t:|1786118039
|detailschange|p2a: Skarmory|Skarmory-Mega, L50, F
|-mega|p2a: Skarmory|Skarmory|Skarmorite
|move|p2a: Skarmory|Iron Head|p1b: Gardevoir
|-supereffective|p1b: Gardevoir|1
|-damage|p1b: Gardevoir|0 fnt
|faint|p1b: Gardevoir
|move|p2b: Mimikyu|Drain Punch|p1a: Incineroar
|-supereffective|p1a: Incineroar|1
|-damage|p1a: Incineroar|21/100
|move|p1a: Incineroar|Flare Blitz|p2a: Skarmory
|-supereffective|p2a: Skarmory|1
|-damage|p2a: Skarmory|0 fnt
|faint|p2a: Skarmory
|-damage|p1a: Incineroar|0 fnt|[from] Recoil
|faint|p1a: Incineroar
|
|upkeep
|
|t:|1786118053
|switch|p1b: Milotic|Milotic, L50, M|100/100
|switch|p1a: Dragonite|Dragonite, L50, F|100/100
|turn|4
|
|t:|1786118070
|move|p2b: Mimikyu|Will-O-Wisp|p1a: Dragonite
|-status|p1a: Dragonite|brn
|move|p1a: Dragonite|Tailwind|p1a: Dragonite
|-sidestart|p1: gingersolos|move: Tailwind
|move|p1b: Milotic|Scald|p2b: Mimikyu
|-activate|p2b: Mimikyu|ability: Disguise
|-damage|p2b: Mimikyu|100/100
|-status|p2b: Mimikyu|brn
|detailschange|p2b: Mimikyu|Mimikyu-Busted, L50, F
|-damage|p2b: Mimikyu|87/100 brn|[from] pokemon: Mimikyu-Busted
|
|-damage|p1a: Dragonite|93/100 brn|[from] brn
|-damage|p2b: Mimikyu|81/100 brn|[from] brn
|upkeep
|turn|5
|
|t:|1786118088
|move|p1a: Dragonite|Protect|p1a: Dragonite
|-singleturn|p1a: Dragonite|Protect
|move|p1b: Milotic|Scald|p2b: Mimikyu
|-damage|p2b: Mimikyu|44/100 brn
|move|p2b: Mimikyu|Play Rough|p1a: Dragonite
|-activate|p1a: Dragonite|move: Protect
|
|-damage|p1a: Dragonite|87/100 brn|[from] brn
|-damage|p2b: Mimikyu|38/100 brn|[from] brn
|upkeep
|turn|6
|
|t:|1786118102
|move|p1a: Dragonite|Protect|p1a: Dragonite
|-singleturn|p1a: Dragonite|Protect
|move|p1b: Milotic|Scald|p2b: Mimikyu
|-damage|p2b: Mimikyu|0 fnt
|faint|p2b: Mimikyu
|
|win|gingersolos
|inactive|gingersolos has 30 seconds to confirm battle start!
|inactive|mesziah has 30 seconds to confirm battle start!
|l|☆gingersolos
|player|p1|
||mesziah is ready for game 2.
||gingersolos is ready for game 2.
|uhtml|next|Next: Game 2 of 3
