|j|☆King_shuckle17
|j|☆SuperBoke
|html|King_shuckle17SuperBoke    
|uhtml|bestof|Game 2 of a best-of-3
|t:|1756880403
|gametype|doubles
|player|p1|King_shuckle17|lusamine-masters|1167
|player|p2|SuperBoke|steven|1161
|gen|9
|tier|[Gen 9] VGC 2025 Reg H (Bo3)
|rated|
|rule|Species Clause: Limit one of each Pokémon
|rule|Item Clause: Limit 1 of each item
|clearpoke
|poke|p1|Pelipper, L50, M|
|poke|p1|Archaludon, L50, M|
|poke|p1|Grimmsnarl, L50, M|
|poke|p1|Overqwil, L50, M|
|poke|p1|Maushold, L50|
|poke|p1|Basculegion, L50, M|
|poke|p2|Grimmsnarl, L50, M|
|poke|p2|Archaludon, L50, M|
|poke|p2|Sinistcha, L50|
|poke|p2|Pelipper, L50, M|
|poke|p2|Maushold, L50|
|poke|p2|Annihilape, L50, M|
|teampreview|4
|showteam|p1|Pelipper||FocusSash|Drizzle|Hurricane,WeatherBall,Tailwind,Protect|||M|||50|,,,,,Ghost]Archaludon||AssaultVest|Stamina|ElectroShot,DragonPulse,FlashCannon,BodyPress|||M|||50|,,,,,Fairy]Grimmsnarl||LightClay|Prankster|LightScreen,Reflect,SpiritBreak,SuckerPunch|||M|||50|,,,,,Ghost]Overqwil||LifeOrb|SwiftSwim|BarbBarrage,Crunch,Haze,Protect|||M|||50|,,,,,Grass]Maushold||SafetyGoggles|FriendGuard|BeatUp,FollowMe,Taunt,Protect||||||50|,,,,,Ghost]Basculegion||ChoiceScarf|Adaptability|WaveCrash,FlipTurn,AquaJet,LastRespects|||M|||50|,,,,,Water
|showteam|p2|Grimmsnarl||LightClay|Prankster|SpiritBreak,ThunderWave,Reflect,LightScreen|||M|||50|,,,,,Ghost]Archaludon||AssaultVest|Stamina|ElectroShot,FlashCannon,BodyPress,Snarl|||M|||50|,,,,,Grass]Sinistcha||SitrusBerry|Hospitality|MatchaGotcha,LifeDew,RagePowder,TrickRoom||||||50|,,,,,Dark]Pelipper||FocusSash|Drizzle|Hurricane,WeatherBall,Tailwind,Protect|||M|||50|,,,,,Ghost]Maushold||SafetyGoggles|FriendGuard|BeatUp,Taunt,FollowMe,Protect||||||50|,,,,,Ghost]Annihilape||Leftovers|Defiant|DrainPunch,RageFist,BulkUp,Protect|||M|||50|,,,,,Water
|inactive|Battle timer is ON: inactive players will automatically lose when time's up. (requested by King_shuckle17)
|
|t:|1756880421
|teamsize|p1|4
|teamsize|p2|4
|start
|switch|p1a: Overqwil|Overqwil, L50, M|100/100
|switch|p1b: Grimmsnarl|Grimmsnarl, L50, M|100/100
|switch|p2a: Maushold|Maushold, L50|100/100
|switch|p2b: Annihilape|Annihilape, L50, M|100/100
|turn|1
|
|t:|1756880437
|move|p1b: Grimmsnarl|Reflect|p1b: Grimmsnarl
|-sidestart|p1: King_shuckle17|Reflect
|move|p2a: Maushold|Taunt|p1b: Grimmsnarl
|-start|p1b: Grimmsnarl|move: Taunt
|move|p2b: Annihilape|Bulk Up|p2b: Annihilape
|-boost|p2b: Annihilape|atk|1
|-boost|p2b: Annihilape|def|1
|move|p1a: Overqwil|Barb Barrage|p2a: Maushold
|-damage|p2a: Maushold|50/100
|-damage|p1a: Overqwil|91/100|[from] item: Life Orb
|
|upkeep
|turn|2
|inactive|SuperBoke has 30 seconds left.
|inactive|SuperBoke has 20 seconds left.
|inactive|SuperBoke has 15 seconds left.
|inactive|SuperBoke has 10 seconds left.
|inactive|SuperBoke has 5 seconds left.
|
|t:|1756880492
|switch|p1b: Pelipper|Pelipper, L50, M|100/100
|-weather|RainDance|[from] ability: Drizzle|[of] p1b: Pelipper
|move|p1a: Overqwil|Crunch|p2a: Maushold
|-damage|p2a: Maushold|0 fnt
|faint|p2a: Maushold
|-damage|p1a: Overqwil|81/100|[from] item: Life Orb
|move|p2b: Annihilape|Drain Punch|p1a: Overqwil
|-damage|p1a: Overqwil|50/100
|
|-weather|RainDance|[upkeep]
|upkeep
|
|t:|1756880517
|switch|p2a: Pelipper|Pelipper, L50, M|100/100
|turn|3
|
|t:|1756880530
|-terastallize|p2b: Annihilape|Water
|move|p1a: Overqwil|Protect|p1a: Overqwil
|-singleturn|p1a: Overqwil|Protect
|move|p2b: Annihilape|Rage Fist|p1b: Pelipper
|-damage|p1b: Pelipper|75/100
|move|p1b: Pelipper|Hurricane|p2b: Annihilape
|-damage|p2b: Annihilape|54/100
|-start|p2b: Annihilape|confusion
|move|p2a: Pelipper|Weather Ball|p1a: Overqwil
|-activate|p1a: Overqwil|move: Protect
|
|-weather|RainDance|[upkeep]
|-heal|p2b: Annihilape|61/100|[from] item: Leftovers
|upkeep
|turn|4
|
|t:|1756880550
|-activate|p2b: Annihilape|confusion
|move|p2b: Annihilape|Protect|p2b: Annihilape
|-singleturn|p2b: Annihilape|Protect
|move|p1a: Overqwil|Barb Barrage|p2a: Pelipper
|-damage|p2a: Pelipper|50/100
|-damage|p1a: Overqwil|41/100|[from] item: Life Orb
|move|p1b: Pelipper|Hurricane|p2a: Pelipper
|-damage|p2a: Pelipper|0 fnt
|faint|p2a: Pelipper
|
|-weather|RainDance|[upkeep]
|-heal|p2b: Annihilape|67/100|[from] item: Leftovers
|upkeep
|
|t:|1756880558
|switch|p2a: Sinistcha|Sinistcha, L50|100/100
|-heal|p2b: Annihilape|92/100|[from] ability: Hospitality|[of] p2a: Sinistcha
|turn|5
|
|t:|1756880565
|move|p1a: Overqwil|Crunch|p2a: Sinistcha
|-supereffective|p2a: Sinistcha
|-damage|p2a: Sinistcha|8/100
|-unboost|p2a: Sinistcha|def|1
|-enditem|p2a: Sinistcha|Sitrus Berry|[eat]
|-heal|p2a: Sinistcha|33/100|[from] item: Sitrus Berry
|-damage|p1a: Overqwil|31/100|[from] item: Life Orb
|-activate|p2b: Annihilape|confusion
|-damage|p2b: Annihilape|80/100|[from] confusion
|move|p1b: Pelipper|Hurricane|p2a: Sinistcha
|-supereffective|p2a: Sinistcha
|-damage|p2a: Sinistcha|0 fnt
|faint|p2a: Sinistcha
|
|-weather|RainDance|[upkeep]
|-heal|p2b: Annihilape|86/100|[from] item: Leftovers
|upkeep
|turn|6
|inactive|SuperBoke has 30 seconds left.
|inactive|SuperBoke has 20 seconds left.
|inactive|SuperBoke has 15 seconds left.
|
|t:|1756880608
|switch|p1b: Grimmsnarl|Grimmsnarl, L50, M|100/100
|move|p1a: Overqwil|Barb Barrage|p2b: Annihilape
|-damage|p2b: Annihilape|59/100
|-damage|p1a: Overqwil|21/100|[from] item: Life Orb
|-end|p2b: Annihilape|confusion
|move|p2b: Annihilape|Rage Fist|p1b: Grimmsnarl
|-resisted|p1b: Grimmsnarl
|-damage|p1b: Grimmsnarl|73/100
|
|-weather|none
|-heal|p2b: Annihilape|65/100|[from] item: Leftovers
|upkeep
|turn|7
|
|t:|1756880616
|switch|p1b: Pelipper|Pelipper, L50, M|75/100
|-weather|RainDance|[from] ability: Drizzle|[of] p1b: Pelipper
|move|p1a: Overqwil|Barb Barrage|p2b: Annihilape
|-damage|p2b: Annihilape|36/100
|-status|p2b: Annihilape|psn
|-damage|p1a: Overqwil|12/100|[from] item: Life Orb
|move|p2b: Annihilape|Drain Punch|p1a: Overqwil
|-damage|p1a: Overqwil|0 fnt
|-heal|p2b: Annihilape|41/100 psn|[from] drain|[of] p1a: Overqwil
|faint|p1a: Overqwil
|
|-weather|RainDance|[upkeep]
|-heal|p2b: Annihilape|47/100 psn|[from] item: Leftovers
|-damage|p2b: Annihilape|35/100 psn|[from] psn
|upkeep
|
|t:|1756880623
|switch|p1a: Grimmsnarl|Grimmsnarl, L50, M|73/100
|turn|8
|
|t:|1756880630
|move|p1a: Grimmsnarl|Sucker Punch|p2b: Annihilape
|-damage|p2b: Annihilape|14/100 psn
|move|p2b: Annihilape|Rage Fist|p1b: Pelipper
|-damage|p1b: Pelipper|0 fnt
|faint|p1b: Pelipper
|
|-weather|RainDance|[upkeep]
|-heal|p2b: Annihilape|21/100 psn|[from] item: Leftovers
|-damage|p2b: Annihilape|8/100 psn|[from] psn
|-sideend|p1: King_shuckle17|Reflect
|upkeep
|
|t:|1756880636
|switch|p1b: Archaludon|Archaludon, L50, M|100/100
|turn|9
|
|t:|1756880639
|move|p1a: Grimmsnarl|Sucker Punch|p2b: Annihilape
|-damage|p2b: Annihilape|0 fnt
|faint|p2b: Annihilape
|
|win|King_shuckle17
||King_shuckle17 is ready for game 3.
||SuperBoke is ready for game 3.
|uhtml|next|Next: Game 3 of 3
|l|☆SuperBoke
|player|p2|
