|j|☆MarkTheMarker
|j|☆lettitripppp
|html|MarkTheMarkerlettitripppp    
|uhtml|bestof|Game 1 of a best-of-3
|t:|1784838130
|gametype|doubles
|player|p1|MarkTheMarker|wallace|1385
|player|p2|lettitripppp|lucas|1253
|gen|9
|tier|[Gen 9 Champions] VGC 2026 Reg M-B (Bo3)
|rated|
|rule|Species Clause: Limit one of each Pokémon
|rule|Item Clause: Limit 1 of each item
|clearpoke
|poke|p1|Grimmsnarl, L50, M|
|poke|p1|Archaludon, L50, F|
|poke|p1|Pelipper, L50, F|
|poke|p1|Venusaur, L50, F|
|poke|p1|Gholdengo, L50|
|poke|p1|Staraptor, L50, F|
|poke|p2|Charizard, L50, M, shiny|
|poke|p2|Basculegion, L50, M, shiny|
|poke|p2|Pelipper, L50, M|
|poke|p2|Venusaur, L50, F|
|poke|p2|Archaludon, L50, F|
|poke|p2|Grimmsnarl, L50, M, shiny|
|teampreview|4
|showteam|p1|Grimmsnarl||LightClay|Prankster|SpiritBreak,PartingShot,LightScreen,Reflect|Careful||M|||50|]Archaludon||Leftovers|Stamina|DragonPulse,FlashCannon,ElectroShot,Protect|Calm||F|||50|]Pelipper||SitrusBerry|Drizzle|Hurricane,WeatherBall,WideGuard,Tailwind|Modest||F|||50|]Venusaur||Venusaurite|Chlorophyll|GigaDrain,SludgeBomb,EarthPower,Protect|Modest||F|||50|]Gholdengo||LifeOrb|GoodasGold|MakeItRain,ShadowBall,NastyPlot,Protect|Modest|||||50|]Staraptor||Staraptite|Intimidate|CloseCombat,BraveBird,Roost,Protect|Jolly||F|||50|
|showteam|p2|Charizard||CharizarditeY|Blaze|WeatherBall,SolarBeam,HeatWave,Protect|Modest||M|||50|]Basculegion||ChoiceScarf|Adaptability|LastRespects,WaveCrash,FlipTurn,AquaJet|Jolly||M|||50|]Pelipper||SitrusBerry|Drizzle|WeatherBall,WideGuard,Hurricane,Tailwind|Modest||M|||50|]Venusaur||FocusSash|Chlorophyll|SleepPowder,SludgeBomb,EarthPower,Protect|Modest||F|||50|]Archaludon||Leftovers|Stamina|FlashCannon,DragonPulse,ElectroShot,Protect|Calm||F|||50|]Grimmsnarl||LightClay|Prankster|PartingShot,LightScreen,SpiritBreak,Reflect|Relaxed||M|||50|
|inactive|Battle timer is ON: inactive players will automatically lose when time's up. (requested by lettitripppp)
|inactive|MarkTheMarker also wants the timer to be on.
|inactive|MarkTheMarker has 60 seconds left.
|inactive|lettitripppp has 60 seconds left.
|
|t:|1784838167
|teamsize|p1|4
|teamsize|p2|4
|start
|switch|p1a: Grimmsnarl|Grimmsnarl, L50, M|100/100
|switch|p1b: Venusaur|Venusaur, L50, F|100/100
|switch|p2a: GHOSTWAVE|Basculegion, L50, M, shiny|100/100
|switch|p2b: GO JOHAN|Grimmsnarl, L50, M, shiny|100/100
|turn|1
|
|t:|1784838192
|detailschange|p1b: Venusaur|Venusaur-Mega, L50, F
|-mega|p1b: Venusaur|Venusaur|Venusaurite
|move|p1a: Grimmsnarl|Reflect|p1a: Grimmsnarl
|-sidestart|p1: MarkTheMarker|Reflect
|move|p2b: GO JOHAN|Light Screen|p2b: GO JOHAN
|-sidestart|p2: lettitripppp|move: Light Screen
|move|p2a: GHOSTWAVE|Flip Turn|p1a: Grimmsnarl
|-damage|p1a: Grimmsnarl|71/100
|
|t:|1784838201
|switch|p2a: AGNI|Charizard, L50, M, shiny|100/100|[from] Flip Turn
|move|p1b: Venusaur|Sludge Bomb|p2b: GO JOHAN
|-supereffective|p2b: GO JOHAN|1
|-damage|p2b: GO JOHAN|40/100
|
|upkeep
|turn|2
|inactive|MarkTheMarker has 30 seconds left.
|
|t:|1784838226
|detailschange|p2a: AGNI|Charizard-Mega-Y, L50, M, shiny
|-mega|p2a: AGNI|Charizard|Charizardite Y
|-weather|SunnyDay|[from] ability: Drought|[of] p2a: AGNI
|move|p1b: Venusaur|Protect|p1b: Venusaur
|-singleturn|p1b: Venusaur|Protect
|move|p1a: Grimmsnarl|Light Screen|p1a: Grimmsnarl
|-sidestart|p1: MarkTheMarker|move: Light Screen
|move|p2b: GO JOHAN|Parting Shot|p1b: Venusaur
|-activate|p1b: Venusaur|move: Protect
|move|p2a: AGNI|Heat Wave|p1a: Grimmsnarl|[spread] p1a
|-activate|p1b: Venusaur|move: Protect
|-damage|p1a: Grimmsnarl|37/100
|
|-weather|SunnyDay|[upkeep]
|upkeep
|turn|3
|
|t:|1784838243
|move|p2a: AGNI|Protect|p2a: AGNI
|-singleturn|p2a: AGNI|Protect
|move|p1a: Grimmsnarl|Parting Shot|p2a: AGNI
|-activate|p2a: AGNI|move: Protect
|move|p2b: GO JOHAN|Reflect|p2b: GO JOHAN
|-sidestart|p2: lettitripppp|Reflect
|move|p1b: Venusaur|Sludge Bomb|p2b: GO JOHAN
|-supereffective|p2b: GO JOHAN|1
|-damage|p2b: GO JOHAN|0 fnt
|faint|p2b: GO JOHAN
|
|-weather|SunnyDay|[upkeep]
|upkeep
|
|t:|1784838254
|switch|p2b: GHOSTWAVE|Basculegion, L50, M, shiny|100/100
|turn|4
|
|t:|1784838270
|switch|p2a: WET-BEAK|Pelipper, L50, M|100/100
|-weather|RainDance|[from] ability: Drizzle|[of] p2a: WET-BEAK
|move|p1a: Grimmsnarl|Parting Shot|p2a: WET-BEAK
|-unboost|p2a: WET-BEAK|atk|1
|-unboost|p2a: WET-BEAK|spa|1
|
|t:|1784838276
|switch|p1a: Archaludon|Archaludon, L50, F|100/100|[from] Parting Shot
|move|p2b: GHOSTWAVE|Flip Turn|p1a: Archaludon
|-resisted|p1a: Archaludon|1
|-damage|p1a: Archaludon|86/100
|-ability|p1a: Archaludon|Stamina|boost
|-boost|p1a: Archaludon|def|1
|
|t:|1784838283
|switch|p2b: AGNI|Charizard-Mega-Y, L50, M, shiny|100/100|[from] Flip Turn
|-weather|SunnyDay|[from] ability: Drought|[of] p2b: AGNI
|move|p1b: Venusaur|Giga Drain|p2b: AGNI
|-resisted|p2b: AGNI|2
|-damage|p2b: AGNI|93/100
|
|-weather|SunnyDay|[upkeep]
|-heal|p1a: Archaludon|92/100|[from] item: Leftovers
|upkeep
|turn|5
|
|t:|1784838294
|switch|p2b: GHOSTWAVE|Basculegion, L50, M, shiny|100/100
|switch|p1b: Pelipper|Pelipper, L50, F|100/100
|-weather|RainDance|[from] ability: Drizzle|[of] p1b: Pelipper
|move|p1a: Archaludon|Electro Shot||[still]
|-prepare|p1a: Archaludon|Electro Shot
|-boost|p1a: Archaludon|spa|1
|-anim|p1a: Archaludon|Electro Shot|p2b: GHOSTWAVE
|-supereffective|p2b: GHOSTWAVE|1
|-damage|p2b: GHOSTWAVE|13/100
|move|p2a: WET-BEAK|Tailwind|p2a: WET-BEAK
|-sidestart|p2: lettitripppp|move: Tailwind
|
|-weather|RainDance|[upkeep]
|-heal|p1a: Archaludon|98/100|[from] item: Leftovers
|upkeep
|turn|6
|inactive|MarkTheMarker has 30 seconds left.
|
|t:|1784838328
|move|p2b: GHOSTWAVE|Flip Turn|p1b: Pelipper
|-resisted|p1b: Pelipper|1
|-damage|p1b: Pelipper|78/100
|
|t:|1784838333
|switch|p2b: AGNI|Charizard-Mega-Y, L50, M, shiny|93/100|[from] Flip Turn
|-weather|SunnyDay|[from] ability: Drought|[of] p2b: AGNI
|move|p2a: WET-BEAK|Hurricane|p1b: Pelipper
|-damage|p1b: Pelipper|47/100
|-enditem|p1b: Pelipper|Sitrus Berry|[eat]
|-heal|p1b: Pelipper|72/100|[from] item: Sitrus Berry
|move|p1a: Archaludon|Dragon Pulse|p2b: AGNI
|-damage|p2b: AGNI|62/100
|move|p1b: Pelipper|Tailwind|p1b: Pelipper
|-sidestart|p1: MarkTheMarker|move: Tailwind
|
|-weather|SunnyDay|[upkeep]
|-heal|p1a: Archaludon|100/100|[from] item: Leftovers
|upkeep
|turn|7
|inactive|MarkTheMarker has 30 seconds left.
|
|t:|1784838364
|switch|p1b: Grimmsnarl|Grimmsnarl, L50, M|37/100
|move|p1a: Archaludon|Protect|p1a: Archaludon
|-singleturn|p1a: Archaludon|Protect
|move|p2b: AGNI|Weather Ball|p1b: Grimmsnarl
|-damage|p1b: Grimmsnarl|0 fnt
|faint|p1b: Grimmsnarl
|move|p2a: WET-BEAK|Weather Ball|p1a: Archaludon
|-activate|p1a: Archaludon|move: Protect
|
|-weather|SunnyDay|[upkeep]
|upkeep
|
|t:|1784838371
|switch|p1b: Pelipper|Pelipper, L50, F|72/100
|-weather|RainDance|[from] ability: Drizzle|[of] p1b: Pelipper
|turn|8
|
|t:|1784838387
|switch|p2a: GHOSTWAVE|Basculegion, L50, M, shiny|13/100
|move|p2b: AGNI|Protect|p2b: AGNI
|-singleturn|p2b: AGNI|Protect
|move|p1a: Archaludon|Electro Shot||[still]
|-prepare|p1a: Archaludon|Electro Shot
|-boost|p1a: Archaludon|spa|1
|-anim|p1a: Archaludon|Electro Shot|p2a: GHOSTWAVE
|-supereffective|p2a: GHOSTWAVE|1
|-damage|p2a: GHOSTWAVE|0 fnt
|faint|p2a: GHOSTWAVE
|move|p1b: Pelipper|Hurricane|p2b: AGNI
|-activate|p2b: AGNI|move: Protect
|
|-weather|RainDance|[upkeep]
|-sideend|p1: MarkTheMarker|Reflect
|-sideend|p2: lettitripppp|move: Light Screen
|-sideend|p2: lettitripppp|move: Tailwind
|upkeep
|
|t:|1784838397
|switch|p2a: WET-BEAK|Pelipper, L50, M|100/100
|turn|9
|
|t:|1784838405
|move|p1a: Archaludon|Electro Shot||[still]
|-prepare|p1a: Archaludon|Electro Shot
|-boost|p1a: Archaludon|spa|1
|-anim|p1a: Archaludon|Electro Shot|p2a: WET-BEAK
|-supereffective|p2a: WET-BEAK|2
|-damage|p2a: WET-BEAK|0 fnt
|faint|p2a: WET-BEAK
|move|p1b: Pelipper|Weather Ball|p2b: AGNI
|-supereffective|p2b: AGNI|1
|-damage|p2b: AGNI|0 fnt
|faint|p2b: AGNI
|
|win|MarkTheMarker
