|j|â˜†eviovulpix
|j|â˜†FreemanGordon
|html|eviovulpixFreemanGordon    
|uhtml|bestof|Game 3 of a best-of-3
|t:|1784145345
|gametype|doubles
|player|p1|eviovulpix|2|
|player|p2|FreemanGordon|266|
|gen|9
|tier|[Gen 9 Champions] VGC 2026 Reg M-B (Bo3)
|rule|Species Clause: Limit one of each PokÃ©mon
|rule|Item Clause: Limit 1 of each item
|clearpoke
|poke|p1|Blaziken, L50, M, shiny|
|poke|p1|Whimsicott, L50, F, shiny|
|poke|p1|Kingambit, L50, M, shiny|
|poke|p1|Basculegion, L50, M, shiny|
|poke|p1|Sylveon, L50, M, shiny|
|poke|p1|Raichu, L50, M, shiny|
|poke|p2|Charizard, L50, M|
|poke|p2|Venusaur, L50, F|
|poke|p2|Pelipper, L50, M|
|poke|p2|Archaludon, L50, F|
|poke|p2|Grimmsnarl, L50, M|
|poke|p2|Basculegion, L50, M|
|teampreview|4
|showteam|p1|Blaziken||Blazikenite|SpeedBoost|FlareBlitz,CloseCombat,Protect,RockSlide|Adamant||M|||50|]Whimsicott||FocusSash|Prankster|Moonblast,Tailwind,Encore,Protect|Timid||F|||50|]Kingambit||LifeOrb|Defiant|KowtowCleave,Protect,IronHead,SuckerPunch|Adamant||M|||50|]Basculegion||ChoiceScarf|Adaptability|WaveCrash,FlipTurn,LastRespects,AquaJet|Jolly||M|||50|]Sylveon||FairyFeather|Pixilate|HyperVoice,Moonblast,HelpingHand,Protect|Modest||M|||50|]Raichu||RaichuniteY|LightningRod|ZapCannon,FocusBlast,GrassKnot,Protect|Timid||M|||50|
|showteam|p2|Charizard||CharizarditeY|Blaze|HeatWave,WeatherBall,Hurricane,Protect|Modest||M|||50|]Venusaur||LifeOrb|Chlorophyll|Protect,SludgeBomb,EarthPower,EnergyBall|Modest||F|||50|]Pelipper||FocusSash|Drizzle|Tailwind,WideGuard,Hurricane,WeatherBall|Modest||M|||50|]Archaludon||Leftovers|Stamina|Protect,ElectroShot,FlashCannon,DragonPulse|Modest||F|||50|]Grimmsnarl||LightClay|Prankster|SpiritBreak,LightScreen,Reflect,PartingShot|Careful||M|||50|]Basculegion||ChoiceScarf|Adaptability|FlipTurn,PsychicFangs,WaveCrash,LastRespects|Jolly||M|||50|
|inactive|Battle timer is ON: inactive players will automatically lose when time's up. (requested by FreemanGordon)
|
|t:|1784145378
|teamsize|p1|4
|teamsize|p2|4
|start
|switch|p1a: Raichu|Raichu, L50, M, shiny|100/100
|switch|p1b: Kingambit|Kingambit, L50, M, shiny|100/100
|switch|p2a: Charizard|Charizard, L50, M|100/100
|switch|p2b: Venusaur|Venusaur, L50, F|100/100
|turn|1
|inactive|eviovulpix has 30 seconds left.
|inactive|FreemanGordon has 30 seconds left.
|inactive|FreemanGordon has 20 seconds left.
|
|t:|1784145417
|detailschange|p2a: Charizard|Charizard-Mega-Y, L50, M
|-mega|p2a: Charizard|Charizard|Charizardite Y
|-weather|SunnyDay|[from] ability: Drought|[of] p2a: Charizard
|move|p1a: Raichu|Protect|p1a: Raichu
|-singleturn|p1a: Raichu|Protect
|move|p1b: Kingambit|Sucker Punch|p2a: Charizard
|-damage|p2a: Charizard|43/100
|-damage|p1b: Kingambit|90/100|[from] item: Life Orb
|move|p2b: Venusaur|Earth Power|p1a: Raichu
|-activate|p1a: Raichu|move: Protect
|move|p2a: Charizard|Heat Wave|p1b: Kingambit|[spread] p1b
|-activate|p1a: Raichu|move: Protect
|-supereffective|p1b: Kingambit|1
|-damage|p1b: Kingambit|0 fnt
|faint|p1b: Kingambit
|
|-weather|SunnyDay|[upkeep]
|upkeep
|
|t:|1784145433
|switch|p1b: Whimsicott|Whimsicott, L50, F, shiny|100/100
|turn|2
|inactive|eviovulpix has 30 seconds left.
|inactive|FreemanGordon has 30 seconds left.
|
|t:|1784145463
|detailschange|p1a: Raichu|Raichu-Mega-Y, L50, M, shiny
|-mega|p1a: Raichu|Raichu|Raichunite Y
|move|p2a: Charizard|Protect|p2a: Charizard
|-singleturn|p2a: Charizard|Protect
|move|p1b: Whimsicott|Tailwind|p1b: Whimsicott
|-sidestart|p1: eviovulpix|move: Tailwind
|move|p1a: Raichu|Zap Cannon|p2a: Charizard
|-activate|p2a: Charizard|move: Protect
|move|p2b: Venusaur|Earth Power|p1a: Raichu
|-supereffective|p1a: Raichu|1
|-damage|p1a: Raichu|7/100
|-damage|p2b: Venusaur|90/100|[from] item: Life Orb
|
|-weather|SunnyDay|[upkeep]
|upkeep
|turn|3
|inactive|FreemanGordon has 30 seconds left.
|
|t:|1784145494
|switch|p1b: Blaziken|Blaziken, L50, M, shiny|100/100
|switch|p2a: Archaludon|Archaludon, L50, F|100/100
|move|p1a: Raichu|Zap Cannon|p2b: Venusaur
|-resisted|p2b: Venusaur|1
|-damage|p2b: Venusaur|54/100
|-status|p2b: Venusaur|par
|move|p2b: Venusaur|Sludge Bomb|p1b: Blaziken
|-damage|p1b: Blaziken|22/100
|-status|p1b: Blaziken|psn
|-damage|p2b: Venusaur|45/100 par|[from] item: Life Orb
|
|-weather|SunnyDay|[upkeep]
|-damage|p1b: Blaziken|10/100 psn|[from] psn
|upkeep
|turn|4
|inactive|eviovulpix has 30 seconds left.
|
|t:|1784145527
|switch|p1b: Whimsicott|Whimsicott, L50, F, shiny|100/100
|move|p2b: Venusaur|Protect|p2b: Venusaur
|-singleturn|p2b: Venusaur|Protect
|move|p2a: Archaludon|Protect|p2a: Archaludon
|-singleturn|p2a: Archaludon|Protect
|move|p1a: Raichu|Zap Cannon|p2b: Venusaur
|-activate|p2b: Venusaur|move: Protect
|
|-weather|SunnyDay|[upkeep]
|upkeep
|turn|5
|
|t:|1784145547
|switch|p2a: Charizard|Charizard-Mega-Y, L50, M|43/100
|move|p1a: Raichu|Focus Blast|p2a: Charizard
|-resisted|p2a: Charizard|1
|-damage|p2a: Charizard|25/100
|-unboost|p2a: Charizard|spd|1
|move|p1b: Whimsicott|Moonblast|p2a: Charizard
|-resisted|p2a: Charizard|1
|-damage|p2a: Charizard|3/100
|move|p2b: Venusaur|Earth Power|p1a: Raichu
|-supereffective|p1a: Raichu|1
|-damage|p1a: Raichu|0 fnt
|faint|p1a: Raichu
|-damage|p2b: Venusaur|35/100 par|[from] item: Life Orb
|
|-weather|none
|-sideend|p1: eviovulpix|move: Tailwind
|upkeep
|
|t:|1784145558
|switch|p1a: Blaziken|Blaziken, L50, M, shiny|10/100 psn
|turn|6
|c|â˜†eviovulpix|ggs
|
|t:|1784145566
|move|p2a: Charizard|Protect|p2a: Charizard
|-singleturn|p2a: Charizard|Protect
|move|p2b: Venusaur|Protect|p2b: Venusaur
|-singleturn|p2b: Venusaur|Protect
|move|p1b: Whimsicott|Moonblast|p2b: Venusaur
|-activate|p2b: Venusaur|move: Protect
|move|p1a: Blaziken|Rock Slide|p2a: Charizard|[spread] 
|-activate|p2a: Charizard|move: Protect
|-activate|p2b: Venusaur|move: Protect
|
|-damage|p1a: Blaziken|0 fnt|[from] psn
|faint|p1a: Blaziken
|upkeep
|turn|7
|c|â˜†FreemanGordon|ggs
|
|t:|1784145582
|move|p1b: Whimsicott|Moonblast|p2b: Venusaur
|-resisted|p2b: Venusaur|1
|-damage|p2b: Venusaur|16/100 par
|move|p2a: Charizard|Heat Wave|p1b: Whimsicott
|-supereffective|p1b: Whimsicott|1
|-enditem|p1b: Whimsicott|Focus Sash
|-damage|p1b: Whimsicott|1/100
|move|p2b: Venusaur|Sludge Bomb|p1b: Whimsicott
|-supereffective|p1b: Whimsicott|2
|-damage|p1b: Whimsicott|0 fnt
|faint|p1b: Whimsicott
|-damage|p2b: Venusaur|7/100 par|[from] item: Life Orb
|
|win|FreemanGordon
|l|â˜†eviovulpix
|player|p1|
|l|â˜†FreemanGordon
|player|p2|
|j|â˜†eviovulpix
|player|p1|eviovulpix|2|
