|j|☆lorenzopoke
|j|☆ferchoxx
|html|lorenzopokeferchoxx    
|uhtml|bestof|Game 1 of a best-of-3
|t:|1785713207
|gametype|doubles
|player|p1|lorenzopoke|red|1166
|player|p2|ferchoxx|ghetsis|1266
|gen|9
|tier|[Gen 9 Champions] VGC 2026 Reg M-B (Bo3)
|rated|
|rule|Species Clause: Limit one of each Pokémon
|rule|Item Clause: Limit 1 of each item
|clearpoke
|poke|p1|Staraptor, L50, M|
|poke|p1|Farigiraf, L50, F|
|poke|p1|Sylveon, L50, M|
|poke|p1|Torkoal, L50, F|
|poke|p1|Ampharos, L50, F|
|poke|p1|Kangaskhan, L50, F|
|poke|p2|Tyranitar, L50, F|
|poke|p2|Staraptor, L50, F|
|poke|p2|Excadrill, L50, M|
|poke|p2|Gholdengo, L50|
|poke|p2|Milotic, L50, M|
|poke|p2|Sinistcha, L50|
|teampreview|4
|showteam|p1|Staraptor||ChoiceScarf|Intimidate|BraveBird,CloseCombat,Uturn,FinalGambit|Jolly||M|||50|]Farigiraf||SitrusBerry|ArmorTail|HelpingHand,TwinBeam,Thunderbolt,TrickRoom|Sassy||F|||50|]Sylveon||FairyFeather|Pixilate|HyperVoice,QuickAttack,HyperBeam,Detect|Quiet||M|||50|]Torkoal||Charcoal|Drought|Eruption,WeatherBall,HeatWave,Protect|Quiet||F|||50|]Ampharos||Ampharosite|Static|Thunderbolt,DragonPulse,PowerGem,Protect|Quiet||F|||50|]Kangaskhan||Kangaskhanite|Scrappy|HammerArm,FakeOut,DoubleEdge,RockTomb|Adamant||F|||50|
|showteam|p2|Tyranitar||Tyranitarite|SandStream|RockSlide,KnockOff,HighHorsepower,Protect|Adamant||F|||50|]Staraptor||Staraptite|Intimidate|BraveBird,CloseCombat,Tailwind,Protect|Jolly||F|||50|]Excadrill||FocusSash|SandRush|HighHorsepower,IronHead,RockSlide,Protect|Jolly||M|||50|]Gholdengo||LifeOrb|GoodasGold|MakeItRain,ShadowBall,NastyPlot,Protect|Timid|||||50|]Milotic||SitrusBerry|Competitive|Protect,IceBeam,Scald,IcyWind|Bold||M|||50|]Sinistcha||ColburBerry|Hospitality|MatchaGotcha,RagePowder,TrickRoom,Protect|Bold|||||50|
|inactive|Battle timer is ON: inactive players will automatically lose when time's up. (requested by ferchoxx)
|inactive|ferchoxx has 60 seconds left.
|
|t:|1785713274
|teamsize|p1|4
|teamsize|p2|4
|start
|switch|p1a: Staraptor|Staraptor, L50, M|100/100
|switch|p1b: Farigiraf|Farigiraf, L50, F|100/100
|switch|p2a: Excadrill|Excadrill, L50, M|100/100
|switch|p2b: Tyranitar|Tyranitar, L50, F|100/100
|-ability|p1a: Staraptor|Intimidate|boost
|-unboost|p2a: Excadrill|atk|1
|-unboost|p2b: Tyranitar|atk|1
|-weather|Sandstorm|[from] ability: Sand Stream|[of] p2b: Tyranitar
|turn|1
|
|t:|1785713292
|switch|p2b: Gholdengo|Gholdengo, L50|100/100
|move|p2a: Excadrill|Iron Head|p1b: Farigiraf
|-damage|p1b: Farigiraf|73/100
|move|p1a: Staraptor|Close Combat|p2b: Gholdengo
|-immune|p2b: Gholdengo
|cant|p1b: Farigiraf|flinch
|
|-weather|Sandstorm|[upkeep]
|-damage|p1a: Staraptor|93/100|[from] Sandstorm
|-damage|p1b: Farigiraf|66/100|[from] Sandstorm
|upkeep
|turn|2
|inactive|ferchoxx has 30 seconds left.
|
|t:|1785713324
|move|p1b: Farigiraf|Helping Hand|p1a: Staraptor
|-singleturn|p1a: Staraptor|Helping Hand|[of] p1b: Farigiraf
|move|p2a: Excadrill|Rock Slide|p1b: Farigiraf|[spread] p1b
|-miss|p2a: Excadrill|p1a: Staraptor
|-damage|p1b: Farigiraf|53/100
|move|p1a: Staraptor|Close Combat|p2a: Excadrill
|-supereffective|p2a: Excadrill|1
|-enditem|p2a: Excadrill|Focus Sash
|-damage|p2a: Excadrill|1/100
|-unboost|p1a: Staraptor|def|1
|-unboost|p1a: Staraptor|spd|1
|move|p2b: Gholdengo|Make It Rain|p1b: Farigiraf|[spread] p1a
|-miss|p2b: Gholdengo|p1b: Farigiraf
|-damage|p1a: Staraptor|0 fnt
|-unboost|p2b: Gholdengo|spa|2
|faint|p1a: Staraptor
|-damage|p2b: Gholdengo|90/100|[from] item: Life Orb
|
|-weather|Sandstorm|[upkeep]
|-damage|p1b: Farigiraf|47/100|[from] Sandstorm
|-enditem|p1b: Farigiraf|Sitrus Berry|[eat]
|-heal|p1b: Farigiraf|72/100|[from] item: Sitrus Berry
|upkeep
|
|t:|1785713342
|switch|p1a: Ampharos|Ampharos, L50, F|100/100
|turn|3
|inactive|lorenzopoke has 30 seconds left.
|inactive|lorenzopoke has 20 seconds left.
|inactive|lorenzopoke has 15 seconds left.
|
|t:|1785713384
|switch|p2b: Tyranitar|Tyranitar, L50, F|100/100
|detailschange|p1a: Ampharos|Ampharos-Mega, L50, F
|-mega|p1a: Ampharos|Ampharos|Ampharosite
|-ability|p1a: Ampharos|Mold Breaker
|move|p2a: Excadrill|Rock Slide|p1a: Ampharos|[spread] p1a,p1b
|-damage|p1a: Ampharos|88/100
|-damage|p1b: Farigiraf|59/100
|move|p1b: Farigiraf|Thunderbolt|p2b: Tyranitar
|-damage|p2b: Tyranitar|85/100
|move|p1a: Ampharos|Thunderbolt|p2b: Tyranitar
|-damage|p2b: Tyranitar|44/100
|
|-weather|Sandstorm|[upkeep]
|-damage|p1b: Farigiraf|53/100|[from] Sandstorm
|-damage|p1a: Ampharos|82/100|[from] Sandstorm
|upkeep
|turn|4
|
|t:|1785713406
|detailschange|p2b: Tyranitar|Tyranitar-Mega, L50, F
|-mega|p2b: Tyranitar|Tyranitar|Tyranitarite
|move|p2a: Excadrill|High Horsepower|p1a: Ampharos
|-supereffective|p1a: Ampharos|1
|-damage|p1a: Ampharos|27/100
|move|p2b: Tyranitar|Knock Off|p1b: Farigiraf
|-supereffective|p1b: Farigiraf|1
|-damage|p1b: Farigiraf|0 fnt
|faint|p1b: Farigiraf
|move|p1a: Ampharos|Thunderbolt|p2b: Tyranitar
|-damage|p2b: Tyranitar|7/100
|
|-weather|Sandstorm|[upkeep]
|-damage|p1a: Ampharos|21/100|[from] Sandstorm
|upkeep
|
|t:|1785713418
|switch|p1b: Torkoal|Torkoal, L50, F|100/100
|-weather|SunnyDay|[from] ability: Drought|[of] p1b: Torkoal
|turn|5
|
|t:|1785713431
|switch|p2b: Milotic|Milotic, L50, M|100/100
|move|p2a: Excadrill|Protect|p2a: Excadrill
|-singleturn|p2a: Excadrill|Protect
|move|p1a: Ampharos|Protect|p1a: Ampharos
|-singleturn|p1a: Ampharos|Protect
|move|p1b: Torkoal|Heat Wave|p2b: Milotic|[spread] p2b
|-activate|p2a: Excadrill|move: Protect
|-resisted|p2b: Milotic|1
|-damage|p2b: Milotic|81/100
|
|-weather|SunnyDay|[upkeep]
|upkeep
|turn|6
|inactive|lorenzopoke has 30 seconds left.
|
|t:|1785713463
|switch|p2b: Tyranitar|Tyranitar-Mega, L50, F|7/100
|-weather|Sandstorm|[from] ability: Sand Stream|[of] p2b: Tyranitar
|move|p2a: Excadrill|High Horsepower|p1a: Ampharos
|-supereffective|p1a: Ampharos|1
|-damage|p1a: Ampharos|0 fnt
|faint|p1a: Ampharos
|move|p1b: Torkoal|Weather Ball|p2a: Excadrill
|-resisted|p2a: Excadrill|2
|-damage|p2a: Excadrill|0 fnt
|faint|p2a: Excadrill
|
|-weather|Sandstorm|[upkeep]
|-damage|p1b: Torkoal|93/100|[from] Sandstorm
|upkeep
|
|t:|1785713475
|switch|p2a: Milotic|Milotic, L50, M|81/100
|turn|7
|inactive|lorenzopoke has 30 seconds left.
|inactive|lorenzopoke has 20 seconds left.
|inactive|lorenzopoke has 15 seconds left.
|inactive|lorenzopoke has 10 seconds left.
|inactive|lorenzopoke has 5 seconds left.
|
|t:|1785713530
|move|p2b: Tyranitar|Rock Slide|p1b: Torkoal|[miss]
|-miss|p2b: Tyranitar|p1b: Torkoal
|move|p2a: Milotic|Scald|p1b: Torkoal
|-supereffective|p1b: Torkoal|1
|-damage|p1b: Torkoal|19/100
|move|p1b: Torkoal|Eruption|p2a: Milotic|[spread] p2a,p2b
|-resisted|p2a: Milotic|1
|-resisted|p2b: Tyranitar|1
|-damage|p2a: Milotic|77/100
|-damage|p2b: Tyranitar|4/100
|
|-weather|Sandstorm|[upkeep]
|-damage|p2a: Milotic|71/100|[from] Sandstorm
|-damage|p1b: Torkoal|12/100|[from] Sandstorm
|upkeep
|turn|8
|inactive|lorenzopoke has 30 seconds left.
|inactive|lorenzopoke has 20 seconds left.
|inactive|lorenzopoke has 15 seconds left.
|inactive|lorenzopoke has 10 seconds left.
|inactive|lorenzopoke has 5 seconds left.
|
|t:|1785713586
|move|p2b: Tyranitar|Rock Slide|p1b: Torkoal
|-supereffective|p1b: Torkoal|1
|-crit|p1b: Torkoal
|-damage|p1b: Torkoal|0 fnt
|faint|p1b: Torkoal
|
|win|ferchoxx
||lorenzopoke is ready for game 2.
