|j|☆mobile2433
|j|☆kheld
|html|mobile2433kheld    
|uhtml|bestof|Game 2 of a best-of-3
|t:|1757719938
|gametype|doubles
|player|p1|mobile2433|lance|1170
|player|p2|kheld|169|1155
|gen|9
|tier|[Gen 9] VGC 2025 Reg H (Bo3)
|rated|
|rule|Species Clause: Limit one of each Pokémon
|rule|Item Clause: Limit 1 of each item
|clearpoke
|poke|p1|Sneasler, L50, F|
|poke|p1|Dragapult, L50, M|
|poke|p1|Primarina, L50, F|
|poke|p1|Kingambit, L50, M|
|poke|p1|Magmar, L50, M|
|poke|p1|Rillaboom, L50, F|
|poke|p2|Exeggutor, L50, F|
|poke|p2|Indeedee-F, L50, F|
|poke|p2|Ursaluna, L50, M|
|poke|p2|Torkoal, L50, M|
|poke|p2|Charizard, L50, M|
|poke|p2|Oranguru, L50, M|
|teampreview|4
|showteam|p1|Sneasler||FocusSash|PoisonTouch|CloseCombat,DireClaw,FakeOut,Protect|||F|||50|,,,,,Stellar]Dragapult||ChoiceBand|ClearBody|DragonDarts,TeraBlast,PhantomForce,Uturn|||M|||50|,,,,,Ghost]Primarina||SitrusBerry|LiquidVoice|HyperVoice,Moonblast,Haze,Protect|||F|||50|,,,,,Poison]Kingambit||BlackGlasses|Defiant|KowtowCleave,SuckerPunch,SwordsDance,Protect|||M|||50|,,,,,Ghost]Magmar||Eviolite|VitalSpirit|Overheat,WillOWisp,FollowMe,Protect|||M|||50|,,,,,Ghost]Rillaboom||AssaultVest|GrassySurge|WoodHammer,GrassyGlide,Uturn,FakeOut|||F|||50|,,,,,Fire
|showteam|p2|Exeggutor||FocusSash|Chlorophyll|ExpandingForce,SleepPowder,EnergyBall,TrickRoom|||F|||50|,,,,,Fire]Indeedee-F||SafetyGoggles|PsychicSurge|FollowMe,TrickRoom,DazzlingGleam,HelpingHand|||F|||50|,,,,,Fairy]Ursaluna||FlameOrb|Guts|Facade,HeadlongRush,Earthquake,Protect|||M|||50|,,,,,Ghost]Torkoal||Charcoal|Drought|Eruption,HeatWave,EarthPower,Protect|||M|||50|,,,,,Fire]Charizard||ChoiceScarf|SolarPower|HeatWave,WeatherBall,SolarBeam,AirSlash|||M|||50|,,,,,Fire]Oranguru||MentalHerb|InnerFocus|TrickRoom,Instruct,Protect,FoulPlay|||M|||50|,,,,,Fairy
|inactive|Battle timer is ON: inactive players will automatically lose when time's up. (requested by mobile2433)
|inactive|mobile2433 has 60 seconds left.
|
|t:|1757719997
|teamsize|p1|4
|teamsize|p2|4
|start
|switch|p1a: Dragapult|Dragapult, L50, M|100/100
|switch|p1b: Kingambit|Kingambit, L50, M|100/100
|switch|p2a: Exeggutor|Exeggutor, L50, F|100/100
|switch|p2b: Torkoal|Torkoal, L50, M|100/100
|-weather|SunnyDay|[from] ability: Drought|[of] p2b: Torkoal
|turn|1
|inactive|mobile2433 has 30 seconds left.
|inactive|kheld has 30 seconds left.
|inactive|mobile2433 has 20 seconds left.
|inactive|kheld has 20 seconds left.
|
|t:|1757720035
|-terastallize|p1b: Kingambit|Ghost
|move|p2a: Exeggutor|Sleep Powder|p1a: Dragapult
|-status|p1a: Dragapult|slp|[from] move: Sleep Powder
|cant|p1a: Dragapult|slp
|move|p1b: Kingambit|Kowtow Cleave|p2a: Exeggutor
|-supereffective|p2a: Exeggutor
|-enditem|p2a: Exeggutor|Focus Sash
|-damage|p2a: Exeggutor|1/100
|move|p2b: Torkoal|Eruption|p1a: Dragapult|[spread] p1a,p1b
|-resisted|p1a: Dragapult
|-damage|p1a: Dragapult|42/100 slp
|-damage|p1b: Kingambit|22/100
|
|-weather|SunnyDay|[upkeep]
|upkeep
|turn|2
|
|t:|1757720050
|switch|p2b: Indeedee|Indeedee-F, L50, F|100/100
|-fieldstart|move: Psychic Terrain|[from] ability: Psychic Surge|[of] p2b: Indeedee
|move|p1b: Kingambit|Protect|p1b: Kingambit
|-singleturn|p1b: Kingambit|Protect
|move|p2a: Exeggutor|Expanding Force|p1b: Kingambit|[spread] p1a
|-activate|p1b: Kingambit|move: Protect
|-damage|p1a: Dragapult|0 fnt
|faint|p1a: Dragapult
|
|-weather|SunnyDay|[upkeep]
|upkeep
|
|t:|1757720057
|switch|p1a: Rillaboom|Rillaboom, L50, F|100/100
|-fieldstart|move: Grassy Terrain|[from] ability: Grassy Surge|[of] p1a: Rillaboom
|turn|3
|
|t:|1757720069
|switch|p2a: Torkoal|Torkoal, L50, M|100/100
|move|p1a: Rillaboom|Fake Out|p2a: Torkoal
|-damage|p2a: Torkoal|89/100
|move|p1b: Kingambit|Kowtow Cleave|p2b: Indeedee
|-supereffective|p2b: Indeedee
|-damage|p2b: Indeedee|0 fnt
|faint|p2b: Indeedee
|
|-weather|SunnyDay|[upkeep]
|-heal|p1b: Kingambit|28/100|[from] Grassy Terrain
|-heal|p2a: Torkoal|95/100|[from] Grassy Terrain
|upkeep
|
|t:|1757720080
|switch|p2b: Charizard|Charizard, L50, M|100/100
|turn|4
|inactive|mobile2433 has 30 seconds left.
|
|t:|1757720110
|-terastallize|p2b: Charizard|Fire
|move|p1b: Kingambit|Protect|p1b: Kingambit
|-singleturn|p1b: Kingambit|Protect
|move|p1a: Rillaboom|Grassy Glide|p2a: Torkoal
|-resisted|p2a: Torkoal
|-damage|p2a: Torkoal|80/100
|move|p2b: Charizard|Heat Wave|p1a: Rillaboom|[spread] p1a
|-activate|p1b: Kingambit|move: Protect
|-supereffective|p1a: Rillaboom
|-damage|p1a: Rillaboom|0 fnt
|faint|p1a: Rillaboom
|move|p2a: Torkoal|Eruption|p1b: Kingambit
|-activate|p1b: Kingambit|move: Protect
|
|-weather|SunnyDay|[upkeep]
|-damage|p2b: Charizard|88/100|[from] ability: Solar Power|[of] p2b: Charizard
|-heal|p2b: Charizard|94/100|[from] Grassy Terrain
|-heal|p1b: Kingambit|34/100|[from] Grassy Terrain
|-heal|p2a: Torkoal|86/100|[from] Grassy Terrain
|upkeep
|
|t:|1757720118
|switch|p1a: Primarina|Primarina, L50, F|100/100
|turn|5
|
|t:|1757720132
|move|p1a: Primarina|Protect|p1a: Primarina
|-singleturn|p1a: Primarina|Protect
|move|p1b: Kingambit|Sucker Punch|p2b: Charizard
|-damage|p2b: Charizard|30/100
|move|p2b: Charizard|Heat Wave|p1b: Kingambit|[spread] p1b
|-activate|p1a: Primarina|move: Protect
|-damage|p1b: Kingambit|0 fnt
|faint|p1b: Kingambit
|move|p2a: Torkoal|Heat Wave|p1a: Primarina
|-activate|p1a: Primarina|move: Protect
|
|-weather|none
|-heal|p2b: Charizard|36/100|[from] Grassy Terrain
|-heal|p2a: Torkoal|93/100|[from] Grassy Terrain
|upkeep
|turn|6
|
|t:|1757720154
|move|p2a: Torkoal|Protect|p2a: Torkoal
|-singleturn|p2a: Torkoal|Protect
|move|p2b: Charizard|Heat Wave|p1a: Primarina
|-resisted|p1a: Primarina
|-damage|p1a: Primarina|76/100
|move|p1a: Primarina|Hyper Voice|p2a: Torkoal|[spread] p2b
|-activate|p2a: Torkoal|move: Protect
|-supereffective|p2b: Charizard
|-damage|p2b: Charizard|0 fnt
|faint|p2b: Charizard
|
|-heal|p1a: Primarina|82/100|[from] Grassy Terrain
|-heal|p2a: Torkoal|99/100|[from] Grassy Terrain
|upkeep
|
|t:|1757720165
|switch|p2b: Exeggutor|Exeggutor, L50, F|1/100
|turn|7
|
|t:|1757720177
|move|p1a: Primarina|Protect|p1a: Primarina
|-singleturn|p1a: Primarina|Protect
|move|p2b: Exeggutor|Energy Ball|p1a: Primarina
|-activate|p1a: Primarina|move: Protect
|move|p2a: Torkoal|Earth Power|p1a: Primarina
|-activate|p1a: Primarina|move: Protect
|
|-heal|p2b: Exeggutor|7/100|[from] Grassy Terrain
|-heal|p1a: Primarina|88/100|[from] Grassy Terrain
|-heal|p2a: Torkoal|100/100|[from] Grassy Terrain
|-fieldend|move: Grassy Terrain
|upkeep
|turn|8
|inactive|kheld has 30 seconds left.
|
|t:|1757720202
|move|p2b: Exeggutor|Sleep Powder|p1a: Primarina
|-status|p1a: Primarina|slp|[from] move: Sleep Powder
|cant|p1a: Primarina|slp
|move|p2a: Torkoal|Heat Wave|p1a: Primarina
|-resisted|p1a: Primarina
|-damage|p1a: Primarina|66/100 slp
|
|upkeep
|turn|9
|
|t:|1757720211
|move|p2b: Exeggutor|Energy Ball|p1a: Primarina
|-supereffective|p1a: Primarina
|-damage|p1a: Primarina|0 fnt
|faint|p1a: Primarina
|
|win|kheld
||mobile2433 is ready for game 3.
||kheld is ready for game 3.
|uhtml|next|Next: Game 3 of 3
