|j|‽meattea
|j|‽propertyofcynthia
|html|meatteapropertyofcynthia    
|uhtml|bestof|Game 2 of a best-of-3
|t:|1785689050
|gametype|doubles
|player|p1|meattea|hooligans|
|player|p2|propertyofcynthia|cynthia|
|gen|9
|tier|[Gen 9 Champions] VGC 2026 Reg M-B (Bo3)
|rule|Species Clause: Limit one of each Pokémon
|rule|Item Clause: Limit 1 of each item
|clearpoke
|poke|p1|Toucannon, L50, F|
|poke|p1|Runerigus, L50, M|
|poke|p1|Tinkaton, L50, F|
|poke|p1|Zoroark, L50, F|
|poke|p1|Heliolisk, L50, M|
|poke|p1|Simisear, L50, M|
|poke|p2|Runerigus, L50, F|
|poke|p2|Toucannon, L50, M|
|poke|p2|Tinkaton, L50, F|
|poke|p2|Mr. Rime, L50, M|
|poke|p2|Zoroark, L50, F|
|poke|p2|Heliolisk, L50, M|
|teampreview|4
|showteam|p1|Toucannon||IronBall|SkillLink|HelpingHand,Protect,BraveBird,BulletSeed|Brave||F|||50|]Runerigus||WideLens|WanderingSpirit|TrickRoom,Earthquake,Poltergeist,RockSlide|Brave||M|||50|]Tinkaton||LightClay|MoldBreaker|FakeOut,Reflect,LightScreen,GigatonHammer|Jolly||F|||50|]Zoroark||FocusSash|Illusion|NastyPlot,DarkPulse,Extrasensory,Flamethrower|Timid||F|||50|]Heliolisk||SitrusBerry|DrySkin|AllySwitch,Electroweb,Thunderbolt,Surf|Timid||M|||50|]Simisear||LifeOrb|Gluttony|NastyPlot,HeatWave,GrassKnot,Protect|Timid||M|||50|
|showteam|p2|Runerigus||SitrusBerry|WanderingSpirit|Earthquake,Poltergeist,TrickRoom,Protect|Brave||F|||50|]Toucannon||KingsRock|SkillLink|BraveBird,RockBlast,BulletSeed,Protect|Brave||M|||50|]Tinkaton||OccaBerry|MoldBreaker|PlayRough,GigatonHammer,FakeOut,Protect|Jolly||F|||50|]Mr. Rime||NeverMeltIce|TangledFeet|FreezeDry,Psychic,DazzlingGleam,Protect|Quiet||M|||50|]Zoroark||LifeOrb|Illusion|NightDaze,Flamethrower,Snarl,Detect|Timid||F|||50|]Heliolisk||FocusSash|DrySkin|Thunderbolt,Electroweb,HyperVoice,Protect|Timid||M|||50|
|inactive|Battle timer is ON: inactive players will automatically lose when time's up. (requested by propertyofcynthia)
|inactive|meattea has 60 seconds left.
|
|t:|1785689103
|teamsize|p1|4
|teamsize|p2|4
|start
|switch|p1a: Runerigus|Runerigus, L50, M|100/100
|switch|p1b: Tinkaton|Tinkaton, L50, F|100/100
|switch|p2a: Runerigus|Runerigus, L50, F|100/100
|switch|p2b: Tinkaton|Tinkaton, L50, F|100/100
|-ability|p2b: Tinkaton|Mold Breaker
|-ability|p1b: Tinkaton|Mold Breaker
|turn|1
|
|t:|1785689125
|move|p2b: Tinkaton|Protect|p2b: Tinkaton
|-singleturn|p2b: Tinkaton|Protect
|move|p1b: Tinkaton|Reflect|p1b: Tinkaton
|-sidestart|p1: meattea|Reflect
|move|p2a: Runerigus|Earthquake|p1a: Runerigus|[spread] p1a,p1b
|-activate|p2b: Tinkaton|move: Protect
|-supereffective|p1b: Tinkaton|1
|-damage|p1a: Runerigus|82/100
|-damage|p1b: Tinkaton|42/100
|move|p1a: Runerigus|Trick Room|p1a: Runerigus
|-fieldstart|move: Trick Room|[of] p1a: Runerigus
|
|upkeep
|turn|2
|inactive|propertyofcynthia has 30 seconds left.
|inactive|propertyofcynthia has 20 seconds left.
|inactive|propertyofcynthia has 15 seconds left.
|
|t:|1785689167
|move|p2a: Runerigus|Poltergeist|p1a: Runerigus
|-activate|p1a: Runerigus|move: Poltergeist|Wide Lens
|-supereffective|p1a: Runerigus|1
|-damage|p1a: Runerigus|26/100
|move|p1a: Runerigus|Poltergeist|p2a: Runerigus
|-activate|p2a: Runerigus|move: Poltergeist|Sitrus Berry
|-supereffective|p2a: Runerigus|1
|-damage|p2a: Runerigus|20/100r
|-enditem|p2a: Runerigus|Sitrus Berry|[eat]
|-heal|p2a: Runerigus|44/100|[from] item: Sitrus Berry
|move|p1b: Tinkaton|Light Screen|p1b: Tinkaton
|-sidestart|p1: meattea|move: Light Screen
|move|p2b: Tinkaton|Gigaton Hammer|p1b: Tinkaton
|-crit|p1b: Tinkaton
|-damage|p1b: Tinkaton|0 fnt
|faint|p1b: Tinkaton
|
|upkeep
|inactive|meattea has 30 seconds left.
|
|t:|1785689193
|switch|p1b: Simisear|Simisear, L50, M|100/100
|turn|3
|inactive|meattea has 30 seconds left.
|inactive|meattea has 20 seconds left.
|
|t:|1785689232
|move|p2b: Tinkaton|Protect|p2b: Tinkaton
|-singleturn|p2b: Tinkaton|Protect
|move|p2a: Runerigus|Earthquake|p1a: Runerigus|[spread] p1a,p1b
|-activate|p2b: Tinkaton|move: Protect
|-crit|p1a: Runerigus
|-supereffective|p1b: Simisear|1
|-damage|p1a: Runerigus|0 fnt
|-damage|p1b: Simisear|17/100
|faint|p1a: Runerigus
|move|p1b: Simisear|Grass Knot|p2a: Runerigus
|-supereffective|p2a: Runerigus|1
|-damage|p2a: Runerigus|0 fnt
|-activate|p1b: Simisear|Skill Swap|Wandering Spirit|Gluttony|[of] p2a: Runerigus
|faint|p2a: Runerigus
|-damage|p1b: Simisear|7/100|[from] item: Life Orb
|
|upkeep
|
|t:|1785689245
|switch|p1a: Toucannon|Toucannon, L50, F|100/100
|switch|p2a: Toucannon|Toucannon, L50, M|100/100
|turn|4
|
|t:|1785689267
|move|p2a: Toucannon|Protect|p2a: Toucannon
|-singleturn|p2a: Toucannon|Protect
|move|p1a: Toucannon|Brave Bird|p2b: Tinkaton
|-resisted|p2b: Tinkaton|1
|-crit|p2b: Tinkaton
|-damage|p2b: Tinkaton|37/100
|-damage|p1a: Toucannon|80/100|[from] Recoil
|move|p2b: Tinkaton|Gigaton Hammer|p1b: Simisear
|-resisted|p1b: Simisear|1
|-damage|p1b: Simisear|0 fnt
|faint|p1b: Simisear
|
|upkeep
|turn|5
|
|t:|1785689281
|move|p1a: Toucannon|Brave Bird|p2a: Toucannon
|-damage|p2a: Toucannon|18/100
|-damage|p1a: Toucannon|52/100|[from] Recoil
|move|p2a: Toucannon|Rock Blast|p1a: Toucannon
|-supereffective|p1a: Toucannon|1
|-damage|p1a: Toucannon|36/100
|-supereffective|p1a: Toucannon|1
|-damage|p1a: Toucannon|20/100y
|-supereffective|p1a: Toucannon|1
|-damage|p1a: Toucannon|5/100
|-supereffective|p1a: Toucannon|1
|-damage|p1a: Toucannon|0 fnt
|faint|p1a: Toucannon
|-hitcount|p1: Toucannon|4
|
|win|propertyofcynthia
