|j|☆SuperDialga1275
|j|☆ssooner
|html|SuperDialga1275ssooner    
|uhtml|bestof|Game 1 of a best-of-3
|t:|1785357467
|gametype|doubles
|player|p1|SuperDialga1275|giovanni|
|player|p2|ssooner|wallace|
|gen|9
|tier|[Gen 9 Champions] VGC 2026 Reg M-B (Bo3)
|rule|Species Clause: Limit one of each Pokémon
|rule|Item Clause: Limit 1 of each item
|clearpoke
|poke|p1|Floette-Eternal, L50, F|
|poke|p1|Whimsicott, L50, F, shiny|
|poke|p1|Basculegion, L50, M, shiny|
|poke|p1|Kingambit, L50, M, shiny|
|poke|p1|Arcanine-Hisui, L50, M, shiny|
|poke|p1|Dragonite, L50, M|
|poke|p2|Staraptor, L50, F|
|poke|p2|Delphox, L50, F|
|poke|p2|Whimsicott, L50, F|
|poke|p2|Garchomp, L50, F|
|poke|p2|Kingambit, L50, F|
|poke|p2|Glimmora, L50, M|
|teampreview|4
|showteam|p1|Floette-Eternal||Floettite|FlowerVeil|Moonblast,DazzlingGleam,LightofRuin,Protect|Modest||F|||50|]Whimsicott||FocusSash|Prankster|Moonblast,Tailwind,Encore,Protect|Timid||F|||50|]Basculegion||ChoiceScarf|Adaptability|LastRespects,WaveCrash,AquaJet,FlipTurn|Jolly||M|||50|]Kingambit||BlackGlasses|Defiant|SuckerPunch,KowtowCleave,IronHead,Protect|Adamant||M|||50|]Arcanine-Hisui||SitrusBerry|RockHead|FlareBlitz,RockSlide,HeadSmash,Protect|Jolly||M|||50|]Dragonite||DragonFang|InnerFocus|Protect,LowKick,ExtremeSpeed,DragonClaw|Adamant||M|||50|
|showteam|p2|Staraptor||Staraptite|Intimidate|DualWingbeat,CloseCombat,Protect,Roost|Jolly||F|||50|]Delphox||Delphoxite|Blaze|HeatWave,Psychic,Protect,Encore|Timid||F|||50|]Whimsicott||OccaBerry|Prankster|Encore,Moonblast,Charm,Tailwind|Calm||F|||50|]Garchomp||LifeOrb|RoughSkin|DragonClaw,Earthquake,Protect,RockSlide|Jolly||F|||50|]Kingambit||ChopleBerry|Defiant|KowtowCleave,IronHead,LowKick,SuckerPunch|Adamant||F|||50|]Glimmora||FocusSash|ToxicDebris|EarthPower,PowerGem,SpikyShield,SludgeBomb|Timid||M|||50|
|inactive|Battle timer is ON: inactive players will automatically lose when time's up. (requested by SuperDialga1275)
|inactive|ssooner also wants the timer to be on.
|c|☆ssooner|i think you have to lead floette
|c|☆SuperDialga1275|i think it's 50/50
|inactive|SuperDialga1275 has 60 seconds left.
|c|☆ssooner|i think its closer to 35-65 ngl
|
|t:|1785357517
|teamsize|p1|4
|teamsize|p2|4
|start
|switch|p1a: Whimsicott|Whimsicott, L50, F, shiny|100/100
|switch|p1b: Basculegion|Basculegion, L50, M, shiny|100/100
|switch|p2a: Glimmora|Glimmora, L50, M|100/100
|switch|p2b: Whimsicott|Whimsicott, L50, F|100/100
|turn|1
|c|☆ssooner|it just feels uneven
|inactive|ssooner has 30 seconds left.
|
|t:|1785357543
|move|p2a: Glimmora|Spiky Shield|p2a: Glimmora
|-singleturn|p2a: Glimmora|move: Protect
|move|p2b: Whimsicott|Encore||[still]
|-fail|p2b: Whimsicott
|move|p1b: Basculegion|Wave Crash|p2a: Glimmora
|-activate|p2a: Glimmora|move: Protect
|-damage|p1b: Basculegion|87/100|[from] Spiky Shield|[of] p2a: Glimmora
|move|p1a: Whimsicott|Moonblast|p2a: Glimmora
|-activate|p2a: Glimmora|move: Protect
|
|upkeep
|turn|2
|
|t:|1785357561
|switch|p1b: Floette|Floette-Eternal, L50, F|100/100
|switch|p2a: Kingambit|Kingambit, L50, F|100/100
|move|p1a: Whimsicott|Encore|p2a: Kingambit
|-hint|Since gen 7, Dark is immune to Prankster moves.
|-immune|p2a: Kingambit
|move|p2b: Whimsicott|Tailwind|p2b: Whimsicott
|-sidestart|p2: ssooner|move: Tailwind
|
|upkeep
|turn|3
|inactive|ssooner has 30 seconds left.
|
|t:|1785357592
|switch|p2a: Glimmora|Glimmora, L50, M|100/100
|detailschange|p1b: Floette|Floette-Mega, L50, F
|-mega|p1b: Floette|Floette|Floettite
|-ability|p1b: Floette|Fairy Aura
|move|p1a: Whimsicott|Tailwind|p1a: Whimsicott
|-sidestart|p1: SuperDialga1275|move: Tailwind
|move|p2b: Whimsicott|Moonblast|p1a: Whimsicott
|-damage|p1a: Whimsicott|37/100
|move|p1b: Floette|Light of Ruin|p2a: Glimmora
|-resisted|p2a: Glimmora|1
|-damage|p2a: Glimmora|17/100
|-damage|p1b: Floette|62/100|[from] Recoil
|
|upkeep
|turn|4
|c|☆ssooner|jesus
|c|☆ssooner|so much damage
|inactive|ssooner has 30 seconds left.
|
|t:|1785357621
|switch|p1a: Basculegion|Basculegion, L50, M, shiny|87/100
|move|p1b: Floette|Protect|p1b: Floette
|-singleturn|p1b: Floette|Protect
|move|p2b: Whimsicott|Encore||[still]
|-fail|p2b: Whimsicott
|move|p2a: Glimmora|Sludge Bomb|p1b: Floette
|-activate|p1b: Floette|move: Protect
|
|upkeep
|turn|5
|c|☆SuperDialga1275|floette is strong
|
|t:|1785357640
|switch|p1b: Whimsicott|Whimsicott, L50, F, shiny|37/100
|move|p2a: Glimmora|Spiky Shield|p2a: Glimmora
|-singleturn|p2a: Glimmora|move: Protect
|move|p2b: Whimsicott|Encore||[still]
|-fail|p2b: Whimsicott
|move|p1a: Basculegion|Flip Turn|p2a: Glimmora
|-activate|p2a: Glimmora|move: Protect
|-damage|p1a: Basculegion|75/100|[from] Spiky Shield|[of] p2a: Glimmora
|
|-sideend|p2: ssooner|move: Tailwind
|upkeep
|turn|6
|inactive|SuperDialga1275 has 30 seconds left.
|
|t:|1785357673
|switch|p1a: Floette|Floette-Mega, L50, F|62/100
|-ability|p1a: Floette|Fairy Aura
|switch|p2a: Kingambit|Kingambit, L50, F|100/100
|move|p1b: Whimsicott|Moonblast|p2a: Kingambit
|-damage|p2a: Kingambit|57/100
|move|p2b: Whimsicott|Moonblast|p1b: Whimsicott
|-damage|p1b: Whimsicott|0 fnt
|faint|p1b: Whimsicott
|
|-sideend|p1: SuperDialga1275|move: Tailwind
|upkeep
|
|t:|1785357682
|switch|p1b: Arcanine|Arcanine-Hisui, L50, M, shiny|100/100
|turn|7
|inactive|ssooner has 30 seconds left.
|
|t:|1785357716
|move|p2b: Whimsicott|Tailwind|p2b: Whimsicott
|-sidestart|p2: ssooner|move: Tailwind
|move|p1b: Arcanine|Flare Blitz|p2a: Kingambit
|-supereffective|p2a: Kingambit|1
|-damage|p2a: Kingambit|0 fnt
|faint|p2a: Kingambit
|move|p1a: Floette|Dazzling Gleam|p2b: Whimsicott
|-damage|p2b: Whimsicott|18/100
|
|upkeep
|
|t:|1785357729
|switch|p2a: Glimmora|Glimmora, L50, M|17/100
|turn|8
|
|t:|1785357750
|switch|p2b: Staraptor|Staraptor, L50, F|100/100
|-ability|p2b: Staraptor|Intimidate|boost
|-unboost|p1a: Floette|atk|1
|-unboost|p1b: Arcanine|atk|1
|switch|p1b: Basculegion|Basculegion, L50, M, shiny|75/100
|move|p1a: Floette|Protect|p1a: Floette
|-singleturn|p1a: Floette|Protect
|move|p2a: Glimmora|Earth Power|p1b: Basculegion
|-damage|p1b: Basculegion|36/100
|
|upkeep
|turn|9
|
|t:|1785357766
|detailschange|p2b: Staraptor|Staraptor-Mega, L50, F
|-mega|p2b: Staraptor|Staraptor|Staraptite
|move|p1b: Basculegion|Aqua Jet|p2a: Glimmora
|-supereffective|p2a: Glimmora|1
|-damage|p2a: Glimmora|0 fnt
|-activate|p2a: Glimmora|ability: Toxic Debris
|-sidestart|p1: SuperDialga1275|move: Toxic Spikes
|faint|p2a: Glimmora
|move|p2b: Staraptor|Dual Wingbeat|p1b: Basculegion
|-damage|p1b: Basculegion|12/100
|-damage|p1b: Basculegion|0 fnt
|faint|p1b: Basculegion
|-hitcount|p1: Basculegion|2
|move|p1a: Floette|Moonblast|p2b: Staraptor
|-supereffective|p2b: Staraptor|1
|-damage|p2b: Staraptor|0 fnt
|faint|p2b: Staraptor
|
|upkeep
|inactive|ssooner has 30 seconds left.
|c|☆ssooner|i win there if i punch floette with raptor i think
|inactive|ssooner has 20 seconds left.
|c|☆ssooner|or protect i mean
|inactive|ssooner has 15 seconds left.
|c|☆ssooner|my glim
|
|t:|1785357811
|switch|p2b: Whimsicott|Whimsicott, L50, F|18/100
|switch|p1b: Arcanine|Arcanine-Hisui, L50, M, shiny|100/100
|-status|p1b: Arcanine|psn
|turn|10
|c|☆ssooner|ggs
|
|t:|1785357820
|move|p2b: Whimsicott|Moonblast|p1a: Floette
|-damage|p1a: Floette|38/100
|move|p1b: Arcanine|Flare Blitz|p2b: Whimsicott
|-supereffective|p2b: Whimsicott|1
|-enditem|p2b: Whimsicott|Occa Berry|[eat]
|-enditem|p2b: Whimsicott|Occa Berry|[weaken]
|-damage|p2b: Whimsicott|0 fnt
|faint|p2b: Whimsicott
|
|win|SuperDialga1275
