|j|Ōśåintifadaaa
|j|Ōśåteyvgc
|html|intifadaaateyvgc    
|uhtml|bestof|Game 3 of a best-of-3
|t:|1785698082
|gametype|doubles
|player|p1|intifadaaa|workerice|1066
|player|p2|teyvgc|rood|1156
|gen|9
|tier|[Gen 9 Champions] VGC 2026 Reg M-B (Bo3)
|rated|
|rule|Species Clause: Limit one of each Pok├®mon
|rule|Item Clause: Limit 1 of each item
|clearpoke
|poke|p1|Hatterene, L50, F, shiny|
|poke|p1|Kangaskhan, L50, F|
|poke|p1|Venusaur, L50, M|
|poke|p1|Torkoal, L50, M|
|poke|p1|Oranguru, L50, F, shiny|
|poke|p1|Mawile, L50, M, shiny|
|poke|p2|Raichu, L50, M|
|poke|p2|Sinistcha, L50|
|poke|p2|Incineroar, L50, F|
|poke|p2|Sylveon, L50, F|
|poke|p2|Metagross, L50|
|poke|p2|Hydreigon, L50, F|
|teampreview|4
|showteam|p1|Hatterene||LifeOrb|MagicBounce|DazzlingGleam,Psychic,TrickRoom,Protect|Quiet||F|||50|]Kangaskhan||SilkScarf|Scrappy|LastResort,FakeOut|Adamant||F|||50|]Venusaur||FocusSash|Chlorophyll|LeafStorm,SludgeBomb,Protect,SleepPowder|Modest||M|||50|]Torkoal||Charcoal|Drought|Eruption,HeatWave,Protect,EarthPower|Modest||M|||50|]Oranguru||MentalHerb|InnerFocus|Psychic,Instruct,Protect,TrickRoom|Sassy||F|||50|]Mawile||Mawilite|SheerForce|PlayRough,IronHead,Protect,SuckerPunch|Adamant||M|||50|
|showteam|p2|Raichu||RaichuniteY|LightningRod|ZapCannon,FocusBlast,FakeOut,Protect|Timid||M|||50|]Sinistcha||SitrusBerry|Hospitality|MatchaGotcha,RagePowder,LifeDew,Protect|Bold|||||50|]Incineroar||LumBerry|Intimidate|FlareBlitz,DarkestLariat,PartingShot,FakeOut|Impish||F|||50|]Sylveon||FairyFeather|Pixilate|HyperVoice,Moonblast,CalmMind,Protect|Modest||F|||50|]Metagross||Metagrossite|ClearBody|BulletPunch,PsychicFangs,BodyPress,Protect|Adamant|||||50|]Hydreigon||ChoiceScarf|Levitate|DracoMeteor,DarkPulse,EarthPower,Snarl|Modest||F|||50|
|
|t:|1785698171
|teamsize|p1|4
|teamsize|p2|4
|start
|switch|p1a: Baby Mama|Kangaskhan, L50, F|100/100
|switch|p1b: Cutie Fly|Mawile, L50, M, shiny|100/100
|switch|p2a: Hydreigon|Hydreigon, L50, F|100/100
|switch|p2b: Incineroar|Incineroar, L50, F|100/100
|-ability|p2b: Incineroar|Intimidate|boost
|-fail|p1a: Baby Mama|unboost|Attack|[from] ability: Scrappy|[of] p1a: Baby Mama
|-unboost|p1b: Cutie Fly|atk|1
|turn|1
|
|t:|1785698214
|switch|p2a: Metagross|Metagross, L50|100/100
|detailschange|p1b: Cutie Fly|Mawile-Mega, L50, M, shiny
|-mega|p1b: Cutie Fly|Mawile|Mawilite
|move|p1a: Baby Mama|Fake Out|p2b: Incineroar
|-crit|p2b: Incineroar
|-damage|p2b: Incineroar|74/100
|cant|p2b: Incineroar|flinch
|move|p1b: Cutie Fly|Play Rough|p2a: Metagross
|-resisted|p2a: Metagross|1
|-damage|p2a: Metagross|74/100
|
|upkeep
|turn|2
|
|t:|1785698246
|switch|p1b: Harambe|Oranguru, L50, F, shiny|100/100
|detailschange|p2a: Metagross|Metagross-Mega, L50
|-mega|p2a: Metagross|Metagross|Metagrossite
|move|p2a: Metagross|Body Press|p1a: Baby Mama
|-supereffective|p1a: Baby Mama|1
|-damage|p1a: Baby Mama|37/100
|move|p1a: Baby Mama|Last Resort|p2b: Incineroar
|-damage|p2b: Incineroar|19/100
|move|p2b: Incineroar|Parting Shot|p1a: Baby Mama
|-unboost|p1a: Baby Mama|atk|1
|-unboost|p1a: Baby Mama|spa|1
|
|t:|1785698258
|switch|p2b: Hydreigon|Hydreigon, L50, F|100/100|[from] Parting Shot
|
|upkeep
|turn|3
|
|t:|1785698289
|switch|p1a: Burt|Torkoal, L50, M|100/100
|-weather|SunnyDay|[from] ability: Drought|[of] p1a: Burt
|move|p2a: Metagross|Bullet Punch|p1b: Harambe
|-damage|p1b: Harambe|68/100
|move|p2b: Hydreigon|Dark Pulse|p1b: Harambe
|-supereffective|p1b: Harambe|1
|-damage|p1b: Harambe|6/100
|move|p1b: Harambe|Trick Room|p1b: Harambe
|-fieldstart|move: Trick Room|[of] p1b: Harambe
|
|-weather|SunnyDay|[upkeep]
|upkeep
|turn|4
|
|t:|1785698337
|move|p2a: Metagross|Bullet Punch|p1b: Harambe
|-damage|p1b: Harambe|0 fnt
|faint|p1b: Harambe
|move|p1a: Burt|Eruption|p2b: Hydreigon|[spread] p2a,p2b
|-supereffective|p2a: Metagross|1
|-resisted|p2b: Hydreigon|1
|-damage|p2a: Metagross|0 fnt
|-damage|p2b: Hydreigon|52/100
|faint|p2a: Metagross
|move|p2b: Hydreigon|Dark Pulse|p1a: Burt
|-damage|p1a: Burt|41/100
|
|-weather|SunnyDay|[upkeep]
|upkeep
|
|t:|1785698353
|switch|p1b: Cutie Fly|Mawile-Mega, L50, M, shiny|100/100
|switch|p2a: Incineroar|Incineroar, L50, F|19/100
|-ability|p2a: Incineroar|Intimidate|boost
|-unboost|p1a: Burt|atk|1
|-unboost|p1b: Cutie Fly|atk|1
|turn|5
|
|t:|1785698381
|switch|p2b: Sylveon|Sylveon, L50, F|100/100
|move|p1b: Cutie Fly|Protect|p1b: Cutie Fly
|-singleturn|p1b: Cutie Fly|Protect
|move|p2a: Incineroar|Fake Out|p1b: Cutie Fly
|-activate|p1b: Cutie Fly|move: Protect
|move|p1a: Burt|Heat Wave|p2a: Incineroar|[spread] p2a,p2b
|-resisted|p2a: Incineroar|1
|-damage|p2a: Incineroar|0 fnt
|-damage|p2b: Sylveon|59/100
|faint|p2a: Incineroar
|
|-weather|SunnyDay|[upkeep]
|upkeep
|
|t:|1785698392
|switch|p2a: Hydreigon|Hydreigon, L50, F|52/100
|turn|6
|c|Ōśåteyvgc|ggs
|c|Ōśåteyvgc|oranguru is built ford tough
|c|Ōśåintifadaaa|vgg bro
|
|t:|1785698440
|move|p1a: Burt|Heat Wave|p2b: Sylveon|[spread] p2a,p2b
|-resisted|p2a: Hydreigon|1
|-damage|p2a: Hydreigon|23/100
|-damage|p2b: Sylveon|21/100
|move|p1b: Cutie Fly|Play Rough|p2a: Hydreigon
|-supereffective|p2a: Hydreigon|2
|-damage|p2a: Hydreigon|0 fnt
|faint|p2a: Hydreigon
|move|p2b: Sylveon|Hyper Voice|p1b: Cutie Fly|[spread] p1a,p1b
|-resisted|p1a: Burt|1
|-resisted|p1b: Cutie Fly|1
|-damage|p1a: Burt|12/100
|-damage|p1b: Cutie Fly|74/100
|
|-weather|SunnyDay|[upkeep]
|upkeep
|turn|7
|c|Ōśåteyvgc|It needed to be psychic fangs + Pulse most likely
|c|Ōśåintifadaaa|on meta?
|c|Ōśåteyvgc|Oh i meant the turn I was trying to knock out the monkey lol
|c|Ōśåintifadaaa|ohh sylv has heal pulse?
|
|t:|1785698508
|move|p1a: Burt|Protect|p1a: Burt
|-singleturn|p1a: Burt|Protect
|move|p1b: Cutie Fly|Iron Head|p2b: Sylveon
|-supereffective|p2b: Sylveon|1
|-damage|p2b: Sylveon|0 fnt
|faint|p2b: Sylveon
|
|win|intifadaaa
|raw|intifadaaa's rating: 1066 → 1104(+38 for winning)
|raw|teyvgc's rating: 1156 → 1125(-31 for losing)
