|j|☆echoes630
|j|☆Papo12345
|html|echoes630Papo12345    
|uhtml|bestof|Game 3 of a best-of-3
|t:|1784234440
|gametype|doubles
|player|p1|echoes630|265|1266
|player|p2|Papo12345|170|1204
|gen|9
|tier|[Gen 9 Champions] VGC 2026 Reg M-B (Bo3)
|rated|
|rule|Species Clause: Limit one of each Pokémon
|rule|Item Clause: Limit 1 of each item
|clearpoke
|poke|p1|Sneasler, L50, M|
|poke|p1|Blastoise, L50, M|
|poke|p1|Kingambit, L50, M|
|poke|p1|Incineroar, L50, M|
|poke|p1|Delphox, L50, F|
|poke|p1|Sinistcha, L50|
|poke|p2|Floette-Eternal, L50, F|
|poke|p2|Charizard, L50, M|
|poke|p2|Incineroar, L50, F|
|poke|p2|Basculegion, L50, M|
|poke|p2|Whimsicott, L50, M|
|poke|p2|Garchomp, L50, M|
|teampreview|4
|showteam|p1|Sneasler||FocusSash|PoisonTouch|PoisonJab,CloseCombat,FakeOut,QuickGuard|Jolly||M|||50|]Blastoise||Blastoisinite|RainDish|DarkPulse,WaterSpout,ShellSmash,Protect|Modest||M|||50|]Kingambit||BlackGlasses|Defiant|KowtowCleave,SuckerPunch,SwordsDance,Protect|Adamant||M|||50|]Incineroar||SitrusBerry|Intimidate|FlareBlitz,HelpingHand,PartingShot,FakeOut|Careful||M|||50|]Delphox||Delphoxite|Blaze|HeatWave,NastyPlot,Psyshock,Protect|Modest||F|||50|]Sinistcha||KasibBerry|Hospitality|MatchaGotcha,RagePowder,TrickRoom,Protect|Bold|||||50|
|showteam|p2|Floette-Eternal||Floettite|FlowerVeil|DazzlingGleam,Moonblast,LightofRuin,Protect|Modest||F|||50|]Charizard||CharizarditeY|Blaze|HeatWave,WeatherBall,SolarBeam,Protect|Modest||M|||50|]Incineroar||SitrusBerry|Intimidate|FlareBlitz,ThroatChop,PartingShot,FakeOut|Careful||F|||50|]Basculegion||LifeOrb|Adaptability|WaveCrash,LastRespects,AquaJet,Protect|Adamant||M|||50|]Whimsicott||FocusSash|Prankster|Moonblast,Tailwind,Encore,Protect|Timid||M|||50|]Garchomp||ChoiceScarf|RoughSkin|RockSlide,DragonClaw,Earthquake,StompingTantrum|Adamant||M|||50|
|
|t:|1784234535
|teamsize|p1|4
|teamsize|p2|4
|start
|switch|p1a: Sneasler|Sneasler, L50, M|100/100
|switch|p1b: Blastoise|Blastoise, L50, M|100/100
|switch|p2a: Charizard|Charizard, L50, M|100/100
|switch|p2b: Basculegion|Basculegion, L50, M|100/100
|turn|1
|
|t:|1784234620
|switch|p2b: Whimsicott|Whimsicott, L50, M|100/100
|detailschange|p2a: Charizard|Charizard-Mega-Y, L50, M
|-mega|p2a: Charizard|Charizard|Charizardite Y
|-weather|SunnyDay|[from] ability: Drought|[of] p2a: Charizard
|detailschange|p1b: Blastoise|Blastoise-Mega, L50, M
|-mega|p1b: Blastoise|Blastoise|Blastoisinite
|move|p1a: Sneasler|Fake Out|p2a: Charizard
|-damage|p2a: Charizard|83/100
|-status|p2a: Charizard|psn|[from] ability: Poison Touch|[of] p1a: Sneasler
|cant|p2a: Charizard|flinch
|move|p1b: Blastoise|Shell Smash|p1b: Blastoise
|-unboost|p1b: Blastoise|def|1
|-unboost|p1b: Blastoise|spd|1
|-boost|p1b: Blastoise|atk|2
|-boost|p1b: Blastoise|spa|2
|-boost|p1b: Blastoise|spe|2
|
|-weather|SunnyDay|[upkeep]
|-damage|p2a: Charizard|71/100 psn|[from] psn
|upkeep
|turn|2
|
|t:|1784234661
|switch|p1a: Incineroar|Incineroar, L50, M|100/100
|-ability|p1a: Incineroar|Intimidate|boost
|-unboost|p2a: Charizard|atk|1
|-unboost|p2b: Whimsicott|atk|1
|move|p1b: Blastoise|Protect|p1b: Blastoise
|-singleturn|p1b: Blastoise|Protect
|move|p2b: Whimsicott|Tailwind|p2b: Whimsicott
|-sidestart|p2: Papo12345|move: Tailwind
|move|p2a: Charizard|Heat Wave|p1a: Incineroar|[spread] p1a
|-activate|p1b: Blastoise|move: Protect
|-resisted|p1a: Incineroar|1
|-damage|p1a: Incineroar|74/100
|
|-weather|SunnyDay|[upkeep]
|-damage|p2a: Charizard|59/100 psn|[from] psn
|upkeep
|turn|3
|
|t:|1784234680
|switch|p1b: Sneasler|Sneasler, L50, M|100/100
|move|p2b: Whimsicott|Encore||[still]
|-fail|p2b: Whimsicott
|move|p2a: Charizard|Solar Beam||[still]
|-prepare|p2a: Charizard|Solar Beam
|-anim|p2a: Charizard|Solar Beam|p1b: Sneasler
|-resisted|p1b: Sneasler|1
|-damage|p1b: Sneasler|68/100
|move|p1a: Incineroar|Flare Blitz|p2b: Whimsicott
|-supereffective|p2b: Whimsicott|1
|-enditem|p2b: Whimsicott|Focus Sash
|-damage|p2b: Whimsicott|1/100
|-damage|p1a: Incineroar|51/100|[from] Recoil
|
|-weather|SunnyDay|[upkeep]
|-damage|p2a: Charizard|47/100 psn|[from] psn
|upkeep
|turn|4
|
|t:|1784234771
|move|p1b: Sneasler|Fake Out|p2a: Charizard
|-damage|p2a: Charizard|32/100 psn
|move|p2b: Whimsicott|Moonblast|p1a: Incineroar
|-damage|p1a: Incineroar|21/100
|-enditem|p1a: Incineroar|Sitrus Berry|[eat]
|-heal|p1a: Incineroar|46/100|[from] item: Sitrus Berry
|cant|p2a: Charizard|flinch
|move|p1a: Incineroar|Parting Shot|p2b: Whimsicott
|-unboost|p2b: Whimsicott|atk|1
|-unboost|p2b: Whimsicott|spa|1
|
|t:|1784234784
|switch|p1a: Blastoise|Blastoise-Mega, L50, M|100/100|[from] Parting Shot
|
|-weather|SunnyDay|[upkeep]
|-damage|p2a: Charizard|20/100y psn|[from] psn
|upkeep
|turn|5
|
|t:|1784234813
|switch|p1b: Incineroar|Incineroar, L50, M|46/100
|-ability|p1b: Incineroar|Intimidate|boost
|-unboost|p2a: Charizard|atk|1
|-unboost|p2b: Whimsicott|atk|1
|move|p1a: Blastoise|Protect|p1a: Blastoise
|-singleturn|p1a: Blastoise|Protect
|move|p2b: Whimsicott|Moonblast|p1a: Blastoise
|-activate|p1a: Blastoise|move: Protect
|move|p2a: Charizard|Heat Wave|p1b: Incineroar|[spread] p1b
|-activate|p1a: Blastoise|move: Protect
|-resisted|p1b: Incineroar|1
|-damage|p1b: Incineroar|22/100
|
|-weather|none
|-damage|p2a: Charizard|8/100 psn|[from] psn
|-sideend|p2: Papo12345|move: Tailwind
|upkeep
|turn|6
|
|t:|1784234879
|switch|p1a: Sneasler|Sneasler, L50, M|68/100
|move|p2b: Whimsicott|Protect|p2b: Whimsicott
|-singleturn|p2b: Whimsicott|Protect
|move|p1b: Incineroar|Fake Out|p2b: Whimsicott
|-activate|p2b: Whimsicott|move: Protect
|move|p2a: Charizard|Heat Wave|p1a: Sneasler|[spread] p1a,p1b
|-resisted|p1b: Incineroar|1
|-damage|p1a: Sneasler|7/100
|-damage|p1b: Incineroar|5/100
|
|-damage|p2a: Charizard|0 fnt|[from] psn
|faint|p2a: Charizard
|upkeep
|
|t:|1784234900
|switch|p2a: Basculegion|Basculegion, L50, M|100/100
|turn|7
|
|t:|1784234928
|switch|p2b: Garchomp|Garchomp, L50, M|100/100
|switch|p1b: Sinistcha|Sinistcha, L50|100/100
|-heal|p1a: Sneasler|32/100|[from] ability: Hospitality|[of] p1b: Sinistcha
|move|p1a: Sneasler|Fake Out|p2b: Garchomp
|-damage|p2b: Garchomp|86/100
|-damage|p1a: Sneasler|20/100y|[from] ability: Rough Skin|[of] p2b: Garchomp
|move|p2a: Basculegion|Last Respects|p1b: Sinistcha
|-supereffective|p1b: Sinistcha|1
|-enditem|p1b: Sinistcha|Kasib Berry|[eat]
|-enditem|p1b: Sinistcha|Kasib Berry|[weaken]
|-damage|p1b: Sinistcha|16/100
|-damage|p2a: Basculegion|90/100|[from] item: Life Orb
|
|upkeep
|turn|8
|
|t:|1784235034
|move|p2a: Basculegion|Protect|p2a: Basculegion
|-singleturn|p2a: Basculegion|Protect
|move|p1a: Sneasler|Quick Guard|p1a: Sneasler
|-singleturn|p1a: Sneasler|Quick Guard
|move|p2b: Garchomp|Earthquake|p1a: Sneasler|[spread] p1a,p1b
|-activate|p2a: Basculegion|move: Protect
|-supereffective|p1a: Sneasler|1
|-resisted|p1b: Sinistcha|1
|-damage|p1a: Sneasler|0 fnt
|-damage|p1b: Sinistcha|0 fnt
|faint|p1a: Sneasler
|faint|p1b: Sinistcha
|
|upkeep
|
|t:|1784235037
|switch|p1a: Blastoise|Blastoise-Mega, L50, M|100/100
|switch|p1b: Incineroar|Incineroar, L50, M|5/100
|-ability|p1b: Incineroar|Intimidate|boost
|-unboost|p2a: Basculegion|atk|1
|-unboost|p2b: Garchomp|atk|1
|turn|9
|
|t:|1784235054
|switch|p2b: Whimsicott|Whimsicott, L50, M|1/100
|move|p1b: Incineroar|Fake Out|p2b: Whimsicott
|-damage|p2b: Whimsicott|0 fnt
|faint|p2b: Whimsicott
|move|p1a: Blastoise|Dark Pulse|p2a: Basculegion
|-supereffective|p2a: Basculegion|1
|-damage|p2a: Basculegion|0 fnt
|faint|p2a: Basculegion
|
|upkeep
|
|t:|1784235068
|switch|p2a: Garchomp|Garchomp, L50, M|86/100
|turn|10
|
|t:|1784235088
|move|p1b: Incineroar|Helping Hand|p1a: Blastoise
|-singleturn|p1a: Blastoise|Helping Hand|[of] p1b: Incineroar
|move|p2a: Garchomp|Earthquake|p1b: Incineroar|[spread] p1a,p1b
|-supereffective|p1b: Incineroar|1
|-damage|p1a: Blastoise|57/100
|-damage|p1b: Incineroar|0 fnt
|faint|p1b: Incineroar
|move|p1a: Blastoise|Water Spout|p2a: Garchomp
|-damage|p2a: Garchomp|2/100
|
|upkeep
|turn|11
|
|t:|1784235099
|move|p2a: Garchomp|Earthquake|p1a: Blastoise
|-damage|p1a: Blastoise|1/100
|move|p1a: Blastoise|Dark Pulse|p2a: Garchomp
|-damage|p2a: Garchomp|0 fnt
|faint|p2a: Garchomp
|
|win|echoes630
|raw|echoes630's rating: 1266 → 1287(+21 for winning)
|raw|Papo12345's rating: 1204 → 1183(-21 for losing)
