|j|☆Pressinblades
|j|☆Bay13
|html|PressinbladesBay13    
|uhtml|bestof|Game 2 of a best-of-3
|t:|1785811908
|gametype|doubles
|player|p1|Pressinblades|101|1108
|player|p2|Bay13|101|1104
|gen|9
|tier|[Gen 9 Champions] VGC 2026 Reg M-B (Bo3)
|rated|
|rule|Species Clause: Limit one of each Pokémon
|rule|Item Clause: Limit 1 of each item
|clearpoke
|poke|p1|Talonflame, L50, F|
|poke|p1|Garchomp, L50, F, shiny|
|poke|p1|Maushold, L50|
|poke|p1|Gardevoir, L50, M, shiny|
|poke|p1|Gyarados, L50, F, shiny|
|poke|p1|Metagross, L50, shiny|
|poke|p2|Raichu, L50, M|
|poke|p2|Farigiraf, L50, F|
|poke|p2|Basculegion, L50, M|
|poke|p2|Kingambit, L50, F|
|poke|p2|Golurk, L50|
|poke|p2|Heliolisk, L50, F|
|teampreview|4
|showteam|p1|Talonflame||SharpBeak|GaleWings|Protect,Tailwind,DualWingbeat,Overheat|Naive||F|||50|]Garchomp||LifeOrb|RoughSkin|Protect,RockSlide,Earthquake,StompingTantrum|Adamant||F|||50|]Maushold||FocusSash|FriendGuard|Protect,SuperFang,FollowMe,Encore|Timid|||||50|]Gardevoir||Gardevoirite|Telepathy|Protect,TrickRoom,HyperVoice,Psychic|Modest||M|||50|]Gyarados||Gyaradosite|Intimidate|Protect,DragonDance,Waterfall,Crunch|Jolly||F|||50|]Metagross||ColburBerry|ClearBody|Protect,BulletPunch,PsychicFangs,HammerArm|Adamant|||||50|
|showteam|p2|Raichu||RaichuniteY|LightningRod|FakeOut,FocusBlast,ZapCannon,Protect|Hasty||M|||50|]Farigiraf||SitrusBerry|ArmorTail|Psychic,Thunderbolt,TrickRoom,HelpingHand|Quiet||F|||50|]Basculegion||LifeOrb|Adaptability|WaveCrash,AquaJet,LastRespects,Protect|Jolly||M|||50|]Kingambit||ChopleBerry|Defiant|SuckerPunch,KowtowCleave,IronHead,Protect|Adamant||F|||50|]Golurk||Golurkite|NoGuard|HeadlongRush,DrainPunch,Poltergeist,Protect|Adamant|||||50|]Heliolisk||ChoiceScarf|DrySkin|Discharge,WeatherBall,Electroweb,GrassKnot|Timid||F|||50|
|inactive|Battle timer is ON: inactive players will automatically lose when time's up. (requested by Bay13)
|
|t:|1785811956
|teamsize|p1|4
|teamsize|p2|4
|start
|switch|p1a: Talonflame|Talonflame, L50, F|100/100
|switch|p1b: Garchomp|Garchomp, L50, F, shiny|100/100
|switch|p2a: Basculegion|Basculegion, L50, M|100/100
|switch|p2b: Heliolisk|Heliolisk, L50, F|100/100
|turn|1
|
|t:|1785811972
|switch|p2b: Farigiraf|Farigiraf, L50, F|100/100
|move|p1a: Talonflame|Tailwind|p1a: Talonflame
|-sidestart|p1: Pressinblades|move: Tailwind
|move|p1b: Garchomp|Earthquake|p2b: Farigiraf|[spread] p2a,p2b
|-immune|p1a: Talonflame
|-damage|p2a: Basculegion|34/100
|-damage|p2b: Farigiraf|39/100
|-enditem|p2b: Farigiraf|Sitrus Berry|[eat]
|-heal|p2b: Farigiraf|63/100|[from] item: Sitrus Berry
|-damage|p1b: Garchomp|90/100|[from] item: Life Orb
|move|p2a: Basculegion|Wave Crash|p1b: Garchomp
|-damage|p1b: Garchomp|0 fnt
|-damage|p2a: Basculegion|21/100|[from] ability: Rough Skin|[of] p1b: Garchomp
|faint|p1b: Garchomp
|-damage|p2a: Basculegion|0 fnt|[from] Recoil
|faint|p2a: Basculegion
|
|upkeep
|
|t:|1785811992
|switch|p1b: Gardevoir|Gardevoir, L50, M, shiny|100/100
|switch|p2a: Heliolisk|Heliolisk, L50, F|100/100
|turn|2
|
|t:|1785812014
|detailschange|p1b: Gardevoir|Gardevoir-Mega, L50, M, shiny
|-mega|p1b: Gardevoir|Gardevoir|Gardevoirite
|move|p1a: Talonflame|Overheat|p2b: Farigiraf
|-damage|p2b: Farigiraf|26/100
|-unboost|p1a: Talonflame|spa|2
|move|p2a: Heliolisk|Electroweb|p1b: Gardevoir|[spread] p1a,p1b
|-supereffective|p1a: Talonflame|1
|-damage|p1a: Talonflame|41/100
|-damage|p1b: Gardevoir|85/100
|-unboost|p1a: Talonflame|spe|1
|-unboost|p1b: Gardevoir|spe|1
|move|p1b: Gardevoir|Hyper Voice|p2a: Heliolisk|[spread] p2a,p2b
|-damage|p2a: Heliolisk|32/100
|-damage|p2b: Farigiraf|0 fnt
|faint|p2b: Farigiraf
|
|upkeep
|
|t:|1785812027
|switch|p2b: Golurk|Golurk, L50|100/100
|turn|3
|
|t:|1785812049
|detailschange|p2b: Golurk|Golurk-Mega, L50
|-mega|p2b: Golurk|Golurk|Golurkite
|move|p1b: Gardevoir|Protect|p1b: Gardevoir
|-singleturn|p1b: Gardevoir|Protect
|move|p2a: Heliolisk|Electroweb|p1b: Gardevoir|[spread] p1a
|-activate|p1b: Gardevoir|move: Protect
|-supereffective|p1a: Talonflame|1
|-damage|p1a: Talonflame|0 fnt
|faint|p1a: Talonflame
|move|p2b: Golurk|Poltergeist|p1b: Gardevoir
|-activate|p1b: Gardevoir|move: Protect
|
|upkeep
|
|t:|1785812063
|switch|p1a: Maushold|Maushold, L50|100/100
|turn|4
|
|t:|1785812073
|move|p1a: Maushold|Follow Me|p1a: Maushold
|-singleturn|p1a: Maushold|move: Follow Me
|move|p2a: Heliolisk|Electroweb|p1a: Maushold|[spread] p1a,p1b
|-damage|p1a: Maushold|76/100
|-damage|p1b: Gardevoir|73/100
|-unboost|p1a: Maushold|spe|1
|-unboost|p1b: Gardevoir|spe|1
|move|p1b: Gardevoir|Hyper Voice|p2b: Golurk|[spread] p2a,p2b
|-damage|p2a: Heliolisk|0 fnt
|-damage|p2b: Golurk|53/100
|faint|p2a: Heliolisk
|move|p2b: Golurk|Poltergeist|p1a: Maushold
|-immune|p1a: Maushold
|
|-sideend|p1: Pressinblades|move: Tailwind
|upkeep
|turn|5
|
|t:|1785812092
|move|p1a: Maushold|Follow Me|p1a: Maushold
|-singleturn|p1a: Maushold|move: Follow Me
|move|p2b: Golurk|Drain Punch|p1a: Maushold
|-supereffective|p1a: Maushold|1
|-damage|p1a: Maushold|0 fnt
|-heal|p2b: Golurk|88/100|[from] drain|[of] p1a: Maushold
|faint|p1a: Maushold
|move|p1b: Gardevoir|Hyper Voice|p2b: Golurk
|-damage|p2b: Golurk|27/100
|
|upkeep
|turn|6
|
|t:|1785812110
|move|p2b: Golurk|Headlong Rush|p1b: Gardevoir
|-damage|p1b: Gardevoir|0 fnt
|-unboost|p2b: Golurk|def|1
|-unboost|p2b: Golurk|spd|1
|faint|p1b: Gardevoir
|
|win|Bay13
|l|☆Bay13
|player|p2|
||Bay13 is ready for game 3.
