|j|☆AtomicTwilight
|j|☆Im_Neutro
|html|AtomicTwilightIm_Neutro    
|uhtml|bestof|Game 1 of a best-of-3
|t:|1784380061
|gametype|doubles
|player|p1|AtomicTwilight|swimmerf-gen4|1118
|player|p2|Im_Neutro|noland|1081
|gen|9
|tier|[Gen 9 Champions] VGC 2026 Reg M-B (Bo3)
|rated|
|rule|Species Clause: Limit one of each Pokémon
|rule|Item Clause: Limit 1 of each item
|clearpoke
|poke|p1|Typhlosion-Hisui, L50, F|
|poke|p1|Charizard, L50, F|
|poke|p1|Sneasler, L50, F|
|poke|p1|Whimsicott, L50, F|
|poke|p1|Garchomp, L50, F|
|poke|p1|Basculegion, L50, M|
|poke|p2|Gengar, L50, M|
|poke|p2|Kingambit, L50, F|
|poke|p2|Incineroar, L50, F|
|poke|p2|Farigiraf, L50, F|
|poke|p2|Primarina, L50, M|
|poke|p2|Kommo-o, L50, F|
|teampreview|4
|showteam|p1|Typhlosion-Hisui||ChoiceScarf|Frisk|Eruption,HeatWave,Overheat,ShadowBall|Timid||F|||50|]Charizard||CharizarditeY|Blaze|HeatWave,Protect,WeatherBall,SolarBeam|Modest||F|||50|]Sneasler||WhiteHerb|Unburden|FakeOut,Protect,DireClaw,CloseCombat|Adamant||F|||50|]Whimsicott||FocusSash|Prankster|Encore,Moonblast,Protect,Tailwind|Timid||F|||50|]Garchomp||LifeOrb|RoughSkin|DragonClaw,Protect,StompingTantrum,RockSlide|Adamant||F|||50|]Basculegion||MysticWater|Adaptability|AquaJet,Protect,LastRespects,WaveCrash|Jolly||M|||50|
|showteam|p2|Gengar||Gengarite|CursedBody|PerishSong,Protect,ShadowBall,Disable|Timid||M|||50|]Kingambit||BlackGlasses|Defiant|KowtowCleave,IronHead,SuckerPunch,Protect|Brave||F|||50|]Incineroar||PasshoBerry|Intimidate|FlareBlitz,FakeOut,PartingShot,Protect|Relaxed||F|||50|]Farigiraf||ColburBerry|ArmorTail|TrickRoom,Roar,Protect,TwinBeam|Sassy||F|||50|]Primarina||SitrusBerry|LiquidVoice|HyperVoice,PerishSong,Protect,Encore|Sassy||M|||50|]Kommo-o||Leftovers|Soundproof|ClangorousSoul,ClangingScales,AuraSphere,Protect|Modest||F|||50|
|inactive|Battle timer is ON: inactive players will automatically lose when time's up. (requested by Im_Neutro)
|inactive|AtomicTwilight has 60 seconds left.
|inactive|Im_Neutro has 60 seconds left.
|inactive|AtomicTwilight has 30 seconds left.
|
|t:|1784380129
|teamsize|p1|4
|teamsize|p2|4
|start
|switch|p1a: Typhlosion|Typhlosion-Hisui, L50, F|100/100
|switch|p1b: Charizard|Charizard, L50, F|100/100
|switch|p2a: Incineroar|Incineroar, L50, F|100/100
|switch|p2b: Gengar|Gengar, L50, M|100/100
|-item|p2a: Incineroar|Passho Berry|[from] ability: Frisk|[of] p1a: Typhlosion
|-item|p2b: Gengar|Gengarite|[from] ability: Frisk|[of] p1a: Typhlosion
|-ability|p2a: Incineroar|Intimidate|boost
|-unboost|p1a: Typhlosion|atk|1
|-unboost|p1b: Charizard|atk|1
|turn|1
|inactive|AtomicTwilight has 30 seconds left.
|inactive|Im_Neutro has 30 seconds left.
|inactive|Im_Neutro has 20 seconds left.
|inactive|Im_Neutro has 15 seconds left.
|inactive|Im_Neutro has 10 seconds left.
|
|t:|1784380179
|detailschange|p2b: Gengar|Gengar-Mega, L50, M
|-mega|p2b: Gengar|Gengar|Gengarite
|move|p1b: Charizard|Protect|p1b: Charizard
|-singleturn|p1b: Charizard|Protect
|move|p2a: Incineroar|Fake Out|p1b: Charizard
|-activate|p1b: Charizard|move: Protect
|move|p1a: Typhlosion|Shadow Ball|p2b: Gengar
|-supereffective|p2b: Gengar|1
|-damage|p2b: Gengar|10/100
|-unboost|p2b: Gengar|spd|1
|move|p2b: Gengar|Perish Song|p2b: Gengar
|-start|p1a: Typhlosion|perish3|[silent]
|-start|p1b: Charizard|perish3|[silent]
|-start|p2a: Incineroar|perish3|[silent]
|-start|p2b: Gengar|perish3|[silent]
|-fieldactivate|move: Perish Song
|
|-start|p1a: Typhlosion|perish3
|-start|p2b: Gengar|perish3
|-start|p1b: Charizard|perish3
|-start|p2a: Incineroar|perish3
|upkeep
|turn|2
|
|t:|1784380203
|detailschange|p1b: Charizard|Charizard-Mega-Y, L50, F
|-mega|p1b: Charizard|Charizard|Charizardite Y
|-weather|SunnyDay|[from] ability: Drought|[of] p1b: Charizard
|move|p2b: Gengar|Protect|p2b: Gengar
|-singleturn|p2b: Gengar|Protect
|move|p2a: Incineroar|Protect|p2a: Incineroar
|-singleturn|p2a: Incineroar|Protect
|move|p1a: Typhlosion|Shadow Ball|p2a: Incineroar
|-activate|p2a: Incineroar|move: Protect
|move|p1b: Charizard|Heat Wave|p2a: Incineroar|[spread] 
|-activate|p2a: Incineroar|move: Protect
|-activate|p2b: Gengar|move: Protect
|
|-weather|SunnyDay|[upkeep]
|-start|p1a: Typhlosion|perish2
|-start|p2b: Gengar|perish2
|-start|p1b: Charizard|perish2
|-start|p2a: Incineroar|perish2
|upkeep
|turn|3
|inactive|AtomicTwilight has 30 seconds left.
|inactive|AtomicTwilight has 20 seconds left.
|inactive|AtomicTwilight has 15 seconds left.
|
|t:|1784380244
|switch|p1a: Sneasler|Sneasler, L50, F|100/100
|switch|p2b: Farigiraf|Farigiraf, L50, F|100/100
|move|p1b: Charizard|Heat Wave|p2a: Incineroar|[spread] p2a,p2b
|-resisted|p2a: Incineroar|1
|-damage|p2a: Incineroar|65/100
|-damage|p2b: Farigiraf|46/100
|move|p2a: Incineroar|Parting Shot|p1a: Sneasler
|-unboost|p1a: Sneasler|atk|1
|-unboost|p1a: Sneasler|spa|1
|
|t:|1784380257
|switch|p2a: Gengar|Gengar-Mega, L50, M|10/100|[from] Parting Shot
|-enditem|p1a: Sneasler|White Herb
|-clearnegativeboost|p1a: Sneasler|[silent]
|
|-weather|SunnyDay|[upkeep]
|-start|p1b: Charizard|perish1
|upkeep
|turn|4
|inactive|AtomicTwilight has 30 seconds left.
|
|t:|1784380283
|move|p2a: Gengar|Protect|p2a: Gengar
|-singleturn|p2a: Gengar|Protect
|move|p1a: Sneasler|Close Combat|p2b: Farigiraf
|-damage|p2b: Farigiraf|0 fnt
|-unboost|p1a: Sneasler|def|1
|-unboost|p1a: Sneasler|spd|1
|faint|p2b: Farigiraf
|move|p1b: Charizard|Heat Wave|p2a: Gengar
|-activate|p2a: Gengar|move: Protect
|
|-weather|SunnyDay|[upkeep]
|-start|p1b: Charizard|perish0
|faint|p1b: Charizard
|upkeep
|
|t:|1784380298
|switch|p1b: Basculegion|Basculegion, L50, M|100/100
|switch|p2b: Incineroar|Incineroar, L50, F|65/100
|-ability|p2b: Incineroar|Intimidate|boost
|-unboost|p1a: Sneasler|atk|1
|-unboost|p1b: Basculegion|atk|1
|turn|5
|
|t:|1784380309
|move|p2b: Incineroar|Fake Out|p1a: Sneasler
|-damage|p1a: Sneasler|69/100
|move|p1b: Basculegion|Aqua Jet|p2a: Gengar
|-damage|p2a: Gengar|0 fnt
|faint|p2a: Gengar
|cant|p1a: Sneasler|flinch
|
|-weather|SunnyDay|[upkeep]
|upkeep
|
|t:|1784380314
|switch|p2a: Primarina|Primarina, L50, M|100/100
|turn|6
|
|t:|1784380329
|move|p2b: Incineroar|Protect|p2b: Incineroar
|-singleturn|p2b: Incineroar|Protect
|move|p1a: Sneasler|Dire Claw|p2a: Primarina
|-supereffective|p2a: Primarina|1
|-damage|p2a: Primarina|26/100
|-enditem|p2a: Primarina|Sitrus Berry|[eat]
|-heal|p2a: Primarina|50/100g|[from] item: Sitrus Berry
|move|p1b: Basculegion|Wave Crash|p2b: Incineroar
|-activate|p2b: Incineroar|move: Protect
|move|p2a: Primarina|Hyper Voice|p1a: Sneasler|[spread] p1a,p1b
|-resisted|p1b: Basculegion|1
|-damage|p1a: Sneasler|40/100
|-damage|p1b: Basculegion|92/100
|
|-weather|none
|upkeep
|turn|7
|
|t:|1784380344
|move|p1a: Sneasler|Dire Claw|p2a: Primarina
|-supereffective|p2a: Primarina|1
|-damage|p2a: Primarina|0 fnt
|faint|p2a: Primarina
|move|p1b: Basculegion|Wave Crash|p2b: Incineroar
|-supereffective|p2b: Incineroar|1
|-enditem|p2b: Incineroar|Passho Berry|[eat]
|-enditem|p2b: Incineroar|Passho Berry|[weaken]
|-damage|p2b: Incineroar|20/100y
|-damage|p1b: Basculegion|77/100|[from] Recoil
|move|p2b: Incineroar|Flare Blitz|p1a: Sneasler
|-damage|p1a: Sneasler|0 fnt
|faint|p1a: Sneasler
|-damage|p2b: Incineroar|9/100|[from] Recoil
|
|upkeep
|-message|Im_Neutro forfeited.
|
|win|AtomicTwilight
|l|☆Im_Neutro
|player|p2|
||Im_Neutro is ready for game 2.
|inactive|AtomicTwilight has 30 seconds to confirm battle start!
||AtomicTwilight is ready for game 2.
|uhtml|next|Next: Game 2 of 3
