|j|☆hungry hillo
|j|☆blfuller_4
|html|hungry hilloblfuller_4    
|uhtml|bestof|Game 1 of a best-of-3
|t:|1756315965
|gametype|doubles
|player|p1|hungry hillo|n|1095
|player|p2|blfuller_4|2|1192
|gen|9
|tier|[Gen 9] VGC 2025 Reg H (Bo3)
|rated|
|rule|Species Clause: Limit one of each Pokémon
|rule|Item Clause: Limit 1 of each item
|clearpoke
|poke|p1|Sneasler, L50, F|
|poke|p1|Clefable, L50, M|
|poke|p1|Gholdengo, L50|
|poke|p1|Magmar, L50, F|
|poke|p1|Dragapult, L50, M|
|poke|p1|Rillaboom, L50, M|
|poke|p2|Incineroar, L50, F|
|poke|p2|Rillaboom, L50, F|
|poke|p2|Dragonite, L50, M|
|poke|p2|Gholdengo, L50|
|poke|p2|Ursaluna-Bloodmoon, L50, M|
|poke|p2|Sneasler, L50, F|
|teampreview|4
|showteam|p1|Sneasler||FocusSash|Unburden|CloseCombat,DireClaw,Protect,ThroatChop|||F|||50|,,,,,Dark]Clefable||RockyHelmet|Unaware|Moonblast,IcyWind,FollowMe,Protect|||M|||50|,,,,,Steel]Gholdengo||LifeOrb|GoodasGold|MakeItRain,ShadowBall,NastyPlot,Protect||||||50|,,,,,Water]Magmar||Eviolite|VitalSpirit|Taunt,FollowMe,Protect,Overheat|||F|||50|,,,,,Ghost]Dragapult||ChoiceBand|ClearBody|PhantomForce,DragonDarts,SuckerPunch,Uturn|||M|||50|,,,,,Dragon]Rillaboom||AssaultVest|GrassySurge|WoodHammer,GrassyGlide,HighHorsepower,FakeOut|||M|||50|,,,,,Fire
|showteam|p2|Incineroar||SafetyGoggles|Intimidate|FlareBlitz,KnockOff,PartingShot,FakeOut|||F|||50|,,,,,Ghost]Rillaboom||AssaultVest|GrassySurge|FakeOut,GrassyGlide,WoodHammer,Uturn|||F|||50|,,,,,Fire]Dragonite||LoadedDice|Multiscale|ScaleShot,ExtremeSpeed,Tailwind,Protect|||M|||50|,,,,,Fairy]Gholdengo||Leftovers|GoodasGold|MakeItRain,ShadowBall,NastyPlot,Protect||||||50|,,,,,Water]Ursaluna-Bloodmoon||LifeOrb|MindsEye|HyperVoice,BloodMoon,EarthPower,Protect|||M|||50|,,,,,Normal]Sneasler||GrassySeed|Unburden|FakeOut,DireClaw,CloseCombat,Protect|||F|||50|,,,,,Dark
|inactive|Battle timer is ON: inactive players will automatically lose when time's up. (requested by hungry hillo)
|
|t:|1756316007
|teamsize|p1|4
|teamsize|p2|4
|start
|switch|p1a: Donald|Magmar, L50, F|100/100
|switch|p1b: Mr krabe|Gholdengo, L50|100/100
|switch|p2a: Incineroar|Incineroar, L50, F|100/100
|switch|p2b: Dragonite|Dragonite, L50, M|100/100
|-ability|p2a: Incineroar|Intimidate|boost
|-unboost|p1a: Donald|atk|1
|-unboost|p1b: Mr krabe|atk|1
|turn|1
|
|t:|1756316026
|move|p1a: Donald|Follow Me|p1a: Donald
|-singleturn|p1a: Donald|move: Follow Me
|move|p1b: Mr krabe|Nasty Plot|p1b: Mr krabe
|-boost|p1b: Mr krabe|spa|2
|move|p2b: Dragonite|Scale Shot|p1a: Donald|[miss]
|-miss|p2b: Dragonite|p1a: Donald
|move|p2a: Incineroar|Knock Off|p1a: Donald
|-damage|p1a: Donald|71/100
|-enditem|p1a: Donald|Eviolite|[from] move: Knock Off|[of] p2a: Incineroar
|
|upkeep
|turn|2
|
|t:|1756316040
|move|p2b: Dragonite|Protect|p2b: Dragonite
|-singleturn|p2b: Dragonite|Protect
|move|p1a: Donald|Follow Me|p1a: Donald
|-singleturn|p1a: Donald|move: Follow Me
|move|p1b: Mr krabe|Nasty Plot|p1b: Mr krabe
|-boost|p1b: Mr krabe|spa|2
|move|p2a: Incineroar|Parting Shot|p1a: Donald
|-unboost|p1a: Donald|atk|1
|-unboost|p1a: Donald|spa|1
|
|t:|1756316050
|switch|p2a: Sneasler|Sneasler, L50, F|100/100|[from] Parting Shot
|
|upkeep
|turn|3
|
|t:|1756316065
|-terastallize|p1a: Donald|Ghost
|move|p1a: Donald|Follow Me|p1a: Donald
|-singleturn|p1a: Donald|move: Follow Me
|move|p2a: Sneasler|Dire Claw|p1a: Donald
|-resisted|p1a: Donald
|-damage|p1a: Donald|44/100
|move|p1b: Mr krabe|Make It Rain|p2a: Sneasler|[spread] p2a,p2b
|-damage|p2a: Sneasler|0 fnt
|-damage|p2b: Dragonite|37/100
|-unboost|p1b: Mr krabe|spa|1
|faint|p2a: Sneasler
|-damage|p1b: Mr krabe|91/100|[from] item: Life Orb
|move|p2b: Dragonite|Scale Shot|p1a: Donald
|-damage|p1a: Donald|27/100
|-damage|p1a: Donald|9/100
|-damage|p1a: Donald|0 fnt
|faint|p1a: Donald
|-hitcount|p1: Donald|3
|-unboost|p2b: Dragonite|def|1
|-boost|p2b: Dragonite|spe|1
|
|upkeep
|inactive|blfuller_4 has 30 seconds left.
|
|t:|1756316094
|switch|p2a: Incineroar|Incineroar, L50, F|100/100
|switch|p1a: Wisper|Dragapult, L50, M|100/100
|-ability|p2a: Incineroar|Intimidate|boost
|-fail|p1a: Wisper|unboost|[from] ability: Clear Body|[of] p1a: Wisper
|-unboost|p1b: Mr krabe|atk|1
|turn|4
|
|t:|1756316108
|move|p2b: Dragonite|Protect|p2b: Dragonite
|-singleturn|p2b: Dragonite|Protect
|move|p1a: Wisper|Dragon Darts|p2a: Incineroar
|-damage|p2a: Incineroar|69/100
|-anim|p1a: Wisper|Dragon Darts|p2a: Incineroar
|-damage|p2a: Incineroar|37/100
|move|p1b: Mr krabe|Make It Rain|p2a: Incineroar|[spread] p2a
|-activate|p2b: Dragonite|move: Protect
|-resisted|p2a: Incineroar
|-damage|p2a: Incineroar|0 fnt
|-unboost|p1b: Mr krabe|spa|1
|faint|p2a: Incineroar
|-damage|p1b: Mr krabe|81/100|[from] item: Life Orb
|
|upkeep
|
|t:|1756316119
|switch|p2a: Ursaluna|Ursaluna-Bloodmoon, L50, M|100/100
|turn|5
|
|t:|1756316143
|-terastallize|p2b: Dragonite|Fairy
|move|p1a: Wisper|Dragon Darts|p2a: Ursaluna
|-damage|p2a: Ursaluna|73/100
|-anim|p1a: Wisper|Dragon Darts|p2a: Ursaluna
|-damage|p2a: Ursaluna|45/100
|move|p2b: Dragonite|Tailwind|p2b: Dragonite
|-sidestart|p2: blfuller_4|move: Tailwind
|move|p1b: Mr krabe|Make It Rain|p2a: Ursaluna|[spread] p2a,p2b
|-supereffective|p2b: Dragonite
|-damage|p2a: Ursaluna|0 fnt
|-damage|p2b: Dragonite|0 fnt
|-unboost|p1b: Mr krabe|spa|1
|faint|p2a: Ursaluna
|faint|p2b: Dragonite
|-damage|p1b: Mr krabe|72/100|[from] item: Life Orb
|
|win|hungry hillo
|inactive|hungry hillo has 30 seconds to confirm battle start!
|inactive|blfuller_4 has 30 seconds to confirm battle start!
||blfuller_4 is ready for game 2.
||hungry hillo is ready for game 2.
|uhtml|next|Next: Game 2 of 3
|l|☆blfuller_4
|player|p2|
