|j|☆endK649
|j|☆marcosdeltasena31
|html|endK649marcosdeltasena31    
|uhtml|bestof|Game 1 of a best-of-3
|t:|1756592452
|gametype|doubles
|player|p1|endK649|gambler|1264
|player|p2|marcosdeltasena31|hilbert|1350
|gen|9
|tier|[Gen 9] VGC 2025 Reg H (Bo3)
|rated|
|rule|Species Clause: Limit one of each Pokémon
|rule|Item Clause: Limit 1 of each item
|clearpoke
|poke|p1|Feraligatr, L50, M|
|poke|p1|Gholdengo, L50|
|poke|p1|Politoed, L50, F|
|poke|p1|Rillaboom, L50, M|
|poke|p1|Incineroar, L50, F|
|poke|p1|Amoonguss, L50, M|
|poke|p2|Dragonite, L50, F|
|poke|p2|Sneasler, L50, F|
|poke|p2|Volcarona, L50, F|
|poke|p2|Rillaboom, L50, M|
|poke|p2|Kingambit, L50, F|
|poke|p2|Electabuzz, L50, F|
|teampreview|4
|showteam|p1|Feraligatr||LifeOrb|SheerForce|Liquidation,Crunch,DragonDance,Protect|||M|||50|,,,,,Dark]Gholdengo||Leftovers|GoodasGold|MakeItRain,ShadowBall,NastyPlot,Protect||||||50|,,,,,Dragon]Politoed||SitrusBerry|Drizzle|WeatherBall,IcyWind,Haze,Protect|||F|||50|,,,,,Grass]Rillaboom||AssaultVest|GrassySurge|WoodHammer,GrassyGlide,FakeOut,Uturn|||M|||50|,,,,,Fire]Incineroar||SafetyGoggles|Intimidate|KnockOff,FakeOut,Taunt,PartingShot|||F|||50|,,,,,Ghost]Amoonguss||CovertCloak|Regenerator|PollenPuff,Spore,RagePowder,Protect|||M|||50|,,,,,Water
|showteam|p2|Dragonite||LoadedDice|Multiscale|ScaleShot,ExtremeSpeed,Haze,Protect|||F|||50|,,,,,Fairy]Sneasler||FocusSash|PoisonTouch|DireClaw,CloseCombat,FakeOut,Coaching|||F|||50|,,,,,Ghost]Volcarona||CovertCloak|FlameBody|HeatWave,TeraBlast,QuiverDance,Protect|||F|||50|,,,,,Fairy]Rillaboom||AssaultVest|GrassySurge|WoodHammer,FakeOut,GrassyGlide,HighHorsepower|||M|||50|,,,,,Fire]Kingambit||BlackGlasses|Defiant|KowtowCleave,SwordsDance,SuckerPunch,Protect|||F|||50|,,,,,Dark]Electabuzz||Eviolite|VitalSpirit|Electroweb,FollowMe,Taunt,Protect|||F|||50|,,,,,Ghost
|inactive|Battle timer is ON: inactive players will automatically lose when time's up. (requested by marcosdeltasena31)
|
|t:|1756592507
|teamsize|p1|4
|teamsize|p2|4
|start
|switch|p1a: Rillaboom|Rillaboom, L50, M, shiny|100/100
|switch|p1b: Feraligatr|Feraligatr, L50, M, shiny|100/100
|switch|p2a: Kingambit|Kingambit, L50, F|100/100
|switch|p2b: Electabuzz|Electabuzz, L50, F|100/100
|-fieldstart|move: Grassy Terrain|[from] ability: Grassy Surge|[of] p1a: Rillaboom
|turn|1
|inactive|marcosdeltasena31 has 30 seconds left.
|
|t:|1756592533
|move|p1a: Rillaboom|Fake Out|p2a: Kingambit
|-resisted|p2a: Kingambit
|-damage|p2a: Kingambit|96/100
|move|p2b: Electabuzz|Electroweb|p1b: Feraligatr|[spread] p1a,p1b
|-resisted|p1a: Rillaboom
|-supereffective|p1b: Feraligatr
|-damage|p1a: Rillaboom|96/100
|-damage|p1b: Feraligatr|65/100
|-unboost|p1a: Rillaboom|spe|1
|-unboost|p1b: Feraligatr|spe|1
|move|p1b: Feraligatr|Dragon Dance|p1b: Feraligatr
|-boost|p1b: Feraligatr|atk|1
|-boost|p1b: Feraligatr|spe|1
|cant|p2a: Kingambit|flinch
|
|-heal|p1b: Feraligatr|71/100|[from] Grassy Terrain
|-heal|p1a: Rillaboom|100/100|[from] Grassy Terrain
|-heal|p2a: Kingambit|100/100|[from] Grassy Terrain
|upkeep
|turn|2
|
|t:|1756592555
|move|p2a: Kingambit|Protect|p2a: Kingambit
|-singleturn|p2a: Kingambit|Protect
|move|p2b: Electabuzz|Electroweb|p1b: Feraligatr|[spread] p1a,p1b
|-resisted|p1a: Rillaboom
|-supereffective|p1b: Feraligatr
|-damage|p1a: Rillaboom|96/100
|-damage|p1b: Feraligatr|41/100
|-unboost|p1a: Rillaboom|spe|1
|-unboost|p1b: Feraligatr|spe|1
|move|p1b: Feraligatr|Liquidation|p2a: Kingambit
|-activate|p2a: Kingambit|move: Protect
|move|p1a: Rillaboom|Wood Hammer|p2a: Kingambit
|-activate|p2a: Kingambit|move: Protect
|
|-heal|p1b: Feraligatr|47/100|[from] Grassy Terrain
|-heal|p1a: Rillaboom|100/100|[from] Grassy Terrain
|upkeep
|turn|3
|
|t:|1756592567
|-terastallize|p2a: Kingambit|Dark
|move|p1b: Feraligatr|Protect|p1b: Feraligatr
|-singleturn|p1b: Feraligatr|Protect
|move|p2a: Kingambit|Sucker Punch||[still]
|-fail|p2a: Kingambit
|move|p2b: Electabuzz|Electroweb|p1b: Feraligatr|[spread] p1a
|-activate|p1b: Feraligatr|move: Protect
|-resisted|p1a: Rillaboom
|-damage|p1a: Rillaboom|96/100
|-unboost|p1a: Rillaboom|spe|1
|move|p1a: Rillaboom|U-turn|p2a: Kingambit
|-supereffective|p2a: Kingambit
|-damage|p2a: Kingambit|66/100
|
|t:|1756592572
|switch|p1a: Amoonguss|Amoonguss, L50, M, shiny|100/100|[from] U-turn
|
|-heal|p1b: Feraligatr|53/100|[from] Grassy Terrain
|-heal|p2a: Kingambit|72/100|[from] Grassy Terrain
|upkeep
|turn|4
|
|t:|1756592580
|move|p2a: Kingambit|Protect|p2a: Kingambit
|-singleturn|p2a: Kingambit|Protect
|move|p1a: Amoonguss|Rage Powder|p1a: Amoonguss
|-singleturn|p1a: Amoonguss|move: Rage Powder
|move|p2b: Electabuzz|Taunt|p1a: Amoonguss
|-start|p1a: Amoonguss|move: Taunt
|move|p1b: Feraligatr|Dragon Dance|p1b: Feraligatr
|-boost|p1b: Feraligatr|atk|1
|-boost|p1b: Feraligatr|spe|1
|
|-heal|p1b: Feraligatr|59/100|[from] Grassy Terrain
|-heal|p2a: Kingambit|77/100|[from] Grassy Terrain
|upkeep
|turn|5
|
|t:|1756592588
|-terastallize|p1b: Feraligatr|Dark
|move|p2a: Kingambit|Sucker Punch|p1b: Feraligatr
|-resisted|p1b: Feraligatr
|-damage|p1b: Feraligatr|23/100
|move|p2b: Electabuzz|Electroweb|p1a: Amoonguss|[spread] p1a,p1b
|-resisted|p1a: Amoonguss
|-damage|p1a: Amoonguss|95/100
|-damage|p1b: Feraligatr|7/100
|-unboost|p1b: Feraligatr|spe|1
|move|p1b: Feraligatr|Liquidation|p2a: Kingambit
|-damage|p2a: Kingambit|0 fnt
|faint|p2a: Kingambit
|move|p1a: Amoonguss|Pollen Puff|p1b: Feraligatr
|-heal|p1b: Feraligatr|57/100
|
|-heal|p1b: Feraligatr|63/100|[from] Grassy Terrain
|-heal|p1a: Amoonguss|100/100|[from] Grassy Terrain
|-fieldend|move: Grassy Terrain
|upkeep
|
|t:|1756592598
|switch|p2a: Dragonite|Dragonite, L50, F|100/100
|turn|6
|
|t:|1756592609
|switch|p1a: Rillaboom|Rillaboom, L50, M, shiny|96/100
|-fieldstart|move: Grassy Terrain|[from] ability: Grassy Surge|[of] p1a: Rillaboom
|move|p1b: Feraligatr|Protect|p1b: Feraligatr
|-singleturn|p1b: Feraligatr|Protect
|move|p2b: Electabuzz|Electroweb|p1b: Feraligatr|[spread] p1a
|-activate|p1b: Feraligatr|move: Protect
|-resisted|p1a: Rillaboom
|-damage|p1a: Rillaboom|92/100
|-unboost|p1a: Rillaboom|spe|1
|move|p2a: Dragonite|Scale Shot|p1b: Feraligatr
|-activate|p1b: Feraligatr|move: Protect
|
|-heal|p1b: Feraligatr|69/100|[from] Grassy Terrain
|-heal|p1a: Rillaboom|98/100|[from] Grassy Terrain
|upkeep
|turn|7
|
|t:|1756592622
|move|p2a: Dragonite|Protect|p2a: Dragonite
|-singleturn|p2a: Dragonite|Protect
|move|p1a: Rillaboom|Fake Out|p2a: Dragonite
|-activate|p2a: Dragonite|move: Protect
|move|p2b: Electabuzz|Taunt|p1b: Feraligatr
|-start|p1b: Feraligatr|move: Taunt
|cant|p1b: Feraligatr|move: Taunt|Dragon Dance
|
|-heal|p1b: Feraligatr|74/100|[from] Grassy Terrain
|-heal|p1a: Rillaboom|100/100|[from] Grassy Terrain
|upkeep
|turn|8
|
|t:|1756592642
|move|p2b: Electabuzz|Electroweb|p1b: Feraligatr|[spread] p1a,p1b
|-resisted|p1a: Rillaboom
|-damage|p1a: Rillaboom|96/100
|-damage|p1b: Feraligatr|57/100
|-unboost|p1a: Rillaboom|spe|1
|-unboost|p1b: Feraligatr|spe|1
|move|p2a: Dragonite|Scale Shot|p1b: Feraligatr
|-damage|p1b: Feraligatr|41/100
|-damage|p1b: Feraligatr|26/100
|-damage|p1b: Feraligatr|11/100
|-damage|p1b: Feraligatr|0 fnt
|faint|p1b: Feraligatr
|-hitcount|p1: Feraligatr|4
|-unboost|p2a: Dragonite|def|1
|-boost|p2a: Dragonite|spe|1
|move|p1a: Rillaboom|U-turn|p2a: Dragonite
|-resisted|p2a: Dragonite
|-damage|p2a: Dragonite|91/100
|
|t:|1756592655
|switch|p1a: Politoed|Politoed, L50, F|100/100|[from] U-turn
|-weather|RainDance|[from] ability: Drizzle|[of] p1a: Politoed
|
|-weather|RainDance|[upkeep]
|upkeep
|
|t:|1756592657
|switch|p1b: Rillaboom|Rillaboom, L50, M, shiny|96/100
|turn|9
|
|t:|1756592675
|move|p2a: Dragonite|Protect|p2a: Dragonite
|-singleturn|p2a: Dragonite|Protect
|move|p1b: Rillaboom|Fake Out|p2b: Electabuzz
|-damage|p2b: Electabuzz|90/100
|cant|p2b: Electabuzz|flinch
|move|p1a: Politoed|Icy Wind|p2b: Electabuzz|[spread] p2b
|-activate|p2a: Dragonite|move: Protect
|-damage|p2b: Electabuzz|81/100
|-unboost|p2b: Electabuzz|spe|1
|
|-weather|RainDance|[upkeep]
|-heal|p1b: Rillaboom|100/100|[from] Grassy Terrain
|-heal|p2b: Electabuzz|87/100|[from] Grassy Terrain
|upkeep
|turn|10
|
|t:|1756592690
|move|p2a: Dragonite|Scale Shot|p1a: Politoed
|-damage|p1a: Politoed|83/100
|-damage|p1a: Politoed|66/100
|-damage|p1a: Politoed|47/100
|-enditem|p1a: Politoed|Sitrus Berry|[eat]
|-heal|p1a: Politoed|72/100|[from] item: Sitrus Berry
|-damage|p1a: Politoed|53/100
|-damage|p1a: Politoed|33/100
|-hitcount|p1a: Politoed|5
|-unboost|p2a: Dragonite|def|1
|-boost|p2a: Dragonite|spe|1
|move|p1a: Politoed|Icy Wind|p2a: Dragonite|[spread] p2a,p2b
|-supereffective|p2a: Dragonite
|-damage|p2a: Dragonite|42/100
|-damage|p2b: Electabuzz|78/100
|-unboost|p2a: Dragonite|spe|1
|-unboost|p2b: Electabuzz|spe|1
|move|p1b: Rillaboom|Wood Hammer|p2a: Dragonite
|-resisted|p2a: Dragonite
|-damage|p2a: Dragonite|0 fnt
|faint|p2a: Dragonite
|-damage|p1b: Rillaboom|89/100|[from] Recoil
|move|p2b: Electabuzz|Electroweb|p1b: Rillaboom|[spread] p1a,p1b
|-supereffective|p1a: Politoed
|-resisted|p1b: Rillaboom
|-crit|p1b: Rillaboom
|-damage|p1a: Politoed|4/100
|-damage|p1b: Rillaboom|82/100
|-unboost|p1a: Politoed|spe|1
|-unboost|p1b: Rillaboom|spe|1
|
|-weather|RainDance|[upkeep]
|-heal|p1a: Politoed|11/100|[from] Grassy Terrain
|-heal|p1b: Rillaboom|88/100|[from] Grassy Terrain
|-heal|p2b: Electabuzz|84/100|[from] Grassy Terrain
|-fieldend|move: Grassy Terrain
|upkeep
|
|t:|1756592704
|switch|p2a: Sneasler|Sneasler, L50, F|100/100
|turn|11
|
|t:|1756592719
|switch|p1b: Amoonguss|Amoonguss, L50, M, shiny|100/100
|move|p1a: Politoed|Protect|p1a: Politoed
|-singleturn|p1a: Politoed|Protect
|move|p2a: Sneasler|Dire Claw|p1b: Amoonguss
|-damage|p1b: Amoonguss|65/100
|move|p2b: Electabuzz|Electroweb|p1a: Politoed|[spread] p1b
|-activate|p1a: Politoed|move: Protect
|-resisted|p1b: Amoonguss
|-damage|p1b: Amoonguss|59/100
|
|-weather|RainDance|[upkeep]
|upkeep
|turn|12
|
|t:|1756592738
|switch|p1a: Rillaboom|Rillaboom, L50, M, shiny|88/100
|-fieldstart|move: Grassy Terrain|[from] ability: Grassy Surge|[of] p1a: Rillaboom
|move|p1b: Amoonguss|Protect|p1b: Amoonguss
|-singleturn|p1b: Amoonguss|Protect
|move|p2a: Sneasler|Dire Claw|p1a: Rillaboom
|-supereffective|p1a: Rillaboom
|-damage|p1a: Rillaboom|7/100
|-status|p1a: Rillaboom|psn
|move|p2b: Electabuzz|Taunt|p1b: Amoonguss
|-activate|p1b: Amoonguss|move: Protect
|
|-weather|none
|-heal|p1a: Rillaboom|13/100 psn|[from] Grassy Terrain
|-heal|p2b: Electabuzz|90/100|[from] Grassy Terrain
|-heal|p1b: Amoonguss|65/100|[from] Grassy Terrain
|-damage|p1a: Rillaboom|0 fnt|[from] psn
|faint|p1a: Rillaboom
|upkeep
|
|t:|1756592759
|switch|p1a: Politoed|Politoed, L50, F|11/100
|-weather|RainDance|[from] ability: Drizzle|[of] p1a: Politoed
|turn|13
|
|t:|1756592768
|move|p1b: Amoonguss|Rage Powder|p1b: Amoonguss
|-singleturn|p1b: Amoonguss|move: Rage Powder
|move|p2a: Sneasler|Dire Claw|p1b: Amoonguss
|-damage|p1b: Amoonguss|34/100
|move|p1a: Politoed|Icy Wind|p2b: Electabuzz|[spread] p2a,p2b
|-damage|p2a: Sneasler|86/100
|-damage|p2b: Electabuzz|81/100
|-unboost|p2a: Sneasler|spe|1
|-unboost|p2b: Electabuzz|spe|1
|move|p2b: Electabuzz|Taunt|p1b: Amoonguss
|-start|p1b: Amoonguss|move: Taunt
|
|-weather|RainDance|[upkeep]
|-heal|p2a: Sneasler|92/100|[from] Grassy Terrain
|-heal|p1a: Politoed|17/100|[from] Grassy Terrain
|-heal|p2b: Electabuzz|87/100|[from] Grassy Terrain
|-heal|p1b: Amoonguss|40/100|[from] Grassy Terrain
|upkeep
|turn|14
|j| F0xB1t
|
|t:|1756592777
|move|p2a: Sneasler|Dire Claw|p1a: Politoed
|-damage|p1a: Politoed|0 fnt
|faint|p1a: Politoed
|move|p2b: Electabuzz|Electroweb|p1b: Amoonguss
|-resisted|p1b: Amoonguss
|-damage|p1b: Amoonguss|32/100
|move|p1b: Amoonguss|Pollen Puff|p1: Politoed|[notarget]
|-fail|p1b: Amoonguss
|
|-weather|RainDance|[upkeep]
|-heal|p2a: Sneasler|97/100|[from] Grassy Terrain
|-heal|p2b: Electabuzz|93/100|[from] Grassy Terrain
|-heal|p1b: Amoonguss|38/100|[from] Grassy Terrain
|upkeep
|turn|15
|
|t:|1756592792
|move|p2a: Sneasler|Dire Claw|p1b: Amoonguss
|-damage|p1b: Amoonguss|5/100
|move|p2b: Electabuzz|Electroweb|p1b: Amoonguss
|-resisted|p1b: Amoonguss
|-damage|p1b: Amoonguss|0 fnt
|faint|p1b: Amoonguss
|
|win|marcosdeltasena31
||endK649 is ready for game 2.
||marcosdeltasena31 is ready for game 2.
|uhtml|next|Next: Game 2 of 3
