|j|☆buf01 NoSoyWekj
|j|☆UnApostrofoRosaVGC
|html|buf01 NoSoyWekjUnApostrofoRosaVGC    
|uhtml|bestof|Game 1 of a best-of-3
|t:|1756160750
|gametype|doubles
|player|p1|buf01 NoSoyWekj|striker|1255
|player|p2|UnApostrofoRosaVGC|2|1197
|gen|9
|tier|[Gen 9] VGC 2025 Reg H (Bo3)
|rated|
|rule|Species Clause: Limit one of each Pokémon
|rule|Item Clause: Limit 1 of each item
|clearpoke
|poke|p1|Toedscruel, L50, M|
|poke|p1|Weezing-Galar, L50, M|
|poke|p1|Corviknight, L50, M|
|poke|p1|Garchomp, L50, F|
|poke|p1|Typhlosion-Hisui, L50, M|
|poke|p1|Kilowattrel, L50, M|
|poke|p2|Indeedee-F, L50, F|
|poke|p2|Armarouge, L50, M|
|poke|p2|Kingambit, L50, M|
|poke|p2|Torkoal, L50, F|
|poke|p2|Gallade, L50, M|
|poke|p2|Maushold-Four, L50|
|teampreview|4
|showteam|p1|Toedscruel||CovertCloak|MyceliumMight|Spore,EarthPower,AcidSpray,RagePowder|||M|||50|,,,,,Water]Weezing-Galar||ChoiceSpecs|NeutralizingGas|DazzlingGleam,SludgeBomb,StrangeSteam,Flamethrower|||M|||50|,,,,,Fire]Corviknight||SitrusBerry|MirrorArmor|Protect,Taunt,Roost,BraveBird|||M|||50|,,,,,Dragon]Garchomp||LifeOrb|RoughSkin|Protect,Earthquake,DragonClaw,StompingTantrum|||F|||50|,,,,,Ground]Typhlosion-Hisui||ChoiceScarf|Blaze|Eruption,SleepTalk,HeatWave,ShadowBall|||M|||50|,,,,,Fire]Kilowattrel||FocusSash|Competitive|Protect,Tailwind,Discharge,AirSlash|||M|||50|,,,,,Ghost
|showteam|p2|Indeedee-F||PsychicSeed|PsychicSurge|Psychic,HelpingHand,FollowMe,TrickRoom|||F|||50|,,,,,Grass]Armarouge||LifeOrb|FlashFire|ExpandingForce,ArmorCannon,TrickRoom,Protect|||M|||50|,,,,,Grass]Kingambit||SafetyGoggles|Defiant|KowtowCleave,SuckerPunch,LowKick,SwordsDance|||M|||50|,,,,,Dark]Torkoal||Charcoal|Drought|Eruption,WeatherBall,HeatWave,Protect|||F|||50|,,,,,Fire]Gallade||ClearAmulet|Sharpness|SacredSword,PsychoCut,WideGuard,TrickRoom|||M|||50|,,,,,Grass]Maushold-Four||WideLens|Technician|PopulationBomb,Taunt,FollowMe,Protect||||||50|,,,,,Ghost
|inactive|Battle timer is ON: inactive players will automatically lose when time's up. (requested by buf01 NoSoyWekj)
|
|t:|1756160801
|teamsize|p1|4
|teamsize|p2|4
|start
|switch|p1a: Weezing|Weezing-Galar, L50, M|100/100
|switch|p1b: Toedscruel|Toedscruel, L50, M, shiny|100/100
|switch|p2a: Indeedee|Indeedee-F, L50, F|100/100
|switch|p2b: Armarouge|Armarouge, L50, M|100/100
|-ability|p1a: Weezing|Neutralizing Gas
|turn|1
|
|t:|1756160823
|-terastallize|p2a: Indeedee|Grass
|move|p2a: Indeedee|Follow Me|p2a: Indeedee
|-singleturn|p2a: Indeedee|move: Follow Me
|move|p1b: Toedscruel|Acid Spray|p2a: Indeedee
|-supereffective|p2a: Indeedee
|-damage|p2a: Indeedee|87/100
|-unboost|p2a: Indeedee|spd|2
|move|p1a: Weezing|Dazzling Gleam|p2b: Armarouge|[spread] p2a,p2b
|-resisted|p2b: Armarouge
|-damage|p2a: Indeedee|20/100
|-damage|p2b: Armarouge|80/100
|move|p2b: Armarouge|Trick Room|p2b: Armarouge
|-fieldstart|move: Trick Room|[of] p2b: Armarouge
|
|upkeep
|turn|2
|inactive|buf01 NoSoyWekj has 30 seconds left.
|inactive|UnApostrofoRosaVGC has 30 seconds left.
|
|t:|1756160854
|move|p2a: Indeedee|Helping Hand|p2b: Armarouge
|-singleturn|p2b: Armarouge|Helping Hand|[of] p2a: Indeedee
|move|p2b: Armarouge|Armor Cannon|p1b: Toedscruel
|-supereffective|p1b: Toedscruel
|-damage|p1b: Toedscruel|0 fnt
|-unboost|p2b: Armarouge|def|1
|-unboost|p2b: Armarouge|spd|1
|faint|p1b: Toedscruel
|-damage|p2b: Armarouge|70/100|[from] item: Life Orb
|move|p1a: Weezing|Dazzling Gleam|p2b: Armarouge|[spread] p2a,p2b
|-resisted|p2b: Armarouge
|-damage|p2a: Indeedee|0 fnt
|-damage|p2b: Armarouge|40/100
|faint|p2a: Indeedee
|
|upkeep
|
|t:|1756160872
|switch|p2a: Torkoal|Torkoal, L50, F|100/100
|switch|p1b: Garchomp|Garchomp, L50, F|100/100
|turn|3
|
|t:|1756160889
|-terastallize|p1a: Weezing|Fire
|move|p2a: Torkoal|Eruption|p1b: Garchomp|[spread] p1a,p1b
|-resisted|p1a: Weezing
|-resisted|p1b: Garchomp
|-damage|p1a: Weezing|64/100
|-damage|p1b: Garchomp|70/100
|move|p2b: Armarouge|Expanding Force|p1a: Weezing
|-damage|p1a: Weezing|0 fnt
|faint|p1a: Weezing
|-end|p1a: Weezing|ability: Neutralizing Gas
|-weather|SunnyDay|[from] ability: Drought|[of] p2a: Torkoal
|-damage|p2b: Armarouge|30/100|[from] item: Life Orb
|move|p1b: Garchomp|Stomping Tantrum|p2a: Torkoal
|-supereffective|p2a: Torkoal
|-damage|p2a: Torkoal|21/100
|-damage|p1b: Garchomp|60/100|[from] item: Life Orb
|
|-weather|SunnyDay|[upkeep]
|upkeep
|
|t:|1756160900
|switch|p1a: Corviknight|Corviknight, L50, M|100/100
|turn|4
|
|t:|1756160919
|move|p1a: Corviknight|Protect|p1a: Corviknight
|-singleturn|p1a: Corviknight|Protect
|move|p2a: Torkoal|Weather Ball|p1a: Corviknight
|-activate|p1a: Corviknight|move: Protect
|move|p2b: Armarouge|Expanding Force|p1b: Garchomp
|-damage|p1b: Garchomp|0 fnt
|faint|p1b: Garchomp
|-damage|p2b: Armarouge|21/100|[from] item: Life Orb
|
|-weather|SunnyDay|[upkeep]
|upkeep
|turn|5
|
|t:|1756160930
|move|p2a: Torkoal|Weather Ball|p1a: Corviknight
|-supereffective|p1a: Corviknight
|-damage|p1a: Corviknight|0 fnt
|faint|p1a: Corviknight
|
|win|UnApostrofoRosaVGC
