|j|☆snailboss
|j|☆wishlocals
|html|snailbosswishlocals    
|uhtml|bestof|Game 2 of a best-of-3
|t:|1756495695
|gametype|doubles
|player|p1|snailboss|hilda-wonderlauncher|1195
|player|p2|wishlocals|102|1112
|gen|9
|tier|[Gen 9] VGC 2025 Reg H (Bo3)
|rated|
|rule|Species Clause: Limit one of each Pokémon
|rule|Item Clause: Limit 1 of each item
|clearpoke
|poke|p1|Tyranitar, L50, M|
|poke|p1|Excadrill, L50, F|
|poke|p1|Indeedee-F, L50, F|
|poke|p1|Zoroark-Hisui, L50, M|
|poke|p1|Corviknight, L50, M|
|poke|p1|Amoonguss, L50, M|
|poke|p2|Archaludon, L50, F|
|poke|p2|Sneasler, L50, F|
|poke|p2|Rillaboom, L50, M|
|poke|p2|Incineroar, L50, F|
|poke|p2|Primarina, L50, M|
|poke|p2|Dragonite, L50, F|
|teampreview|4
|showteam|p1|Tyranitar||AssaultVest|SandStream|RockSlide,KnockOff,LowKick,TeraBlast|||M|||50|,,,,,Flying]Excadrill||FocusSash|SandRush|IronHead,Protect,SwordsDance,Earthquake|||F|||50|,,,,,Ground]Indeedee-F||SafetyGoggles|PsychicSurge|TrickRoom,FollowMe,Psychic,HelpingHand|||F|||50|,,,,,Fairy]Zoroark-Hisui||ChoiceSpecs|Illusion|HyperVoice,ShadowBall,HyperBeam,Flamethrower|||M|||50|,,,,,Normal]Corviknight||PsychicSeed|MirrorArmor|BraveBird,PowerTrip,BulkUp,Roost|||M|||50|,,,,,Rock]Amoonguss||SitrusBerry|Regenerator|Spore,RagePowder,Protect,ClearSmog|||M|||50|,,,,,Water
|showteam|p2|Archaludon||PowerHerb|Sturdy|ElectroShot,Protect,FlashCannon,DracoMeteor|||F|||50|,,,,,Stellar]Sneasler||FocusSash|Unburden|CloseCombat,DireClaw,Coaching,Protect|||F|||50|,,,,,Ghost]Rillaboom||MiracleSeed|GrassySurge|FakeOut,GrassyGlide,WoodHammer,Protect|||M|||50|,,,,,Fire]Incineroar||AssaultVest|Intimidate|FakeOut,FlareBlitz,KnockOff,Uturn|||F|||50|,,,,,Ghost]Primarina||Leftovers|LiquidVoice|HyperVoice,Moonblast,CalmMind,Protect|||M|||50|,,,,,Poison]Dragonite||LoadedDice|Multiscale|ScaleShot,Protect,Tailwind,Haze|||F|||50|,,,,,Steel
|inactive|Battle timer is ON: inactive players will automatically lose when time's up. (requested by wishlocals)
|inactive|snailboss has 60 seconds left.
|
|t:|1756495745
|teamsize|p1|4
|teamsize|p2|4
|start
|switch|p1a: Corviknight|Corviknight, L50, M|100/100
|switch|p1b: Indeedee|Indeedee-F, L50, F|100/100
|switch|p2a: Incineroar|Incineroar, L50, F|100/100
|switch|p2b: Dragonite|Dragonite, L50, F|100/100
|-fieldstart|move: Psychic Terrain|[from] ability: Psychic Surge|[of] p1b: Indeedee
|-enditem|p1a: Corviknight|Psychic Seed
|-boost|p1a: Corviknight|spd|1|[from] item: Psychic Seed
|-ability|p2a: Incineroar|Intimidate|boost
|-ability|p1a: Corviknight|Mirror Armor
|-unboost|p2a: Incineroar|atk|1
|-unboost|p1b: Indeedee|atk|1
|turn|1
|inactive|wishlocals has 30 seconds left.
|
|t:|1756495772
|switch|p1b: Tyranitar|Tyranitar, L50, M|100/100
|-weather|Sandstorm|[from] ability: Sand Stream|[of] p1b: Tyranitar
|move|p2b: Dragonite|Scale Shot|p1b: Tyranitar
|-damage|p1b: Tyranitar|90/100
|-damage|p1b: Tyranitar|79/100
|-damage|p1b: Tyranitar|68/100
|-damage|p1b: Tyranitar|58/100
|-damage|p1b: Tyranitar|46/100
|-hitcount|p1b: Tyranitar|5
|-unboost|p2b: Dragonite|def|1
|-boost|p2b: Dragonite|spe|1
|move|p1a: Corviknight|Bulk Up|p1a: Corviknight
|-boost|p1a: Corviknight|atk|1
|-boost|p1a: Corviknight|def|1
|move|p2a: Incineroar|Knock Off|p1b: Tyranitar
|-resisted|p1b: Tyranitar
|-damage|p1b: Tyranitar|32/100
|-enditem|p1b: Tyranitar|Assault Vest|[from] move: Knock Off|[of] p2a: Incineroar
|
|-weather|Sandstorm|[upkeep]
|-damage|p2b: Dragonite|94/100|[from] Sandstorm
|-damage|p2a: Incineroar|95/100|[from] Sandstorm
|upkeep
|turn|2
|inactive|wishlocals has 30 seconds left.
|inactive|wishlocals has 20 seconds left.
|inactive|wishlocals has 15 seconds left.
|inactive|wishlocals has 10 seconds left.
|inactive|wishlocals has 5 seconds left.
|
|t:|1756495822
|switch|p2a: Rillaboom|Rillaboom, L50, M|100/100
|-fieldstart|move: Grassy Terrain|[from] ability: Grassy Surge|[of] p2a: Rillaboom
|-terastallize|p2b: Dragonite|Steel
|move|p2b: Dragonite|Scale Shot|p1b: Tyranitar
|-damage|p1b: Tyranitar|22/100
|-damage|p1b: Tyranitar|10/100
|-damage|p1b: Tyranitar|0 fnt
|faint|p1b: Tyranitar
|-hitcount|p1: Tyranitar|3
|-unboost|p2b: Dragonite|def|1
|-boost|p2b: Dragonite|spe|1
|move|p1a: Corviknight|Bulk Up|p1a: Corviknight
|-boost|p1a: Corviknight|atk|1
|-boost|p1a: Corviknight|def|1
|
|-weather|Sandstorm|[upkeep]
|-damage|p2a: Rillaboom|95/100|[from] Sandstorm
|-heal|p2b: Dragonite|100/100|[from] Grassy Terrain
|-heal|p2a: Rillaboom|100/100|[from] Grassy Terrain
|upkeep
|inactive|snailboss has 30 seconds left.
|
|t:|1756495852
|switch|p1b: Indeedee|Indeedee-F, L50, F|100/100
|-fieldstart|move: Psychic Terrain|[from] ability: Psychic Surge|[of] p1b: Indeedee
|turn|3
|
|t:|1756495868
|-terastallize|p1b: Indeedee|Fairy
|move|p1b: Indeedee|Follow Me|p1b: Indeedee
|-singleturn|p1b: Indeedee|move: Follow Me
|move|p2b: Dragonite|Haze|p2b: Dragonite
|-clearallboost
|move|p2a: Rillaboom|Wood Hammer|p1b: Indeedee
|-damage|p1b: Indeedee|32/100
|-damage|p2a: Rillaboom|81/100|[from] Recoil
|move|p1a: Corviknight|Brave Bird|p2a: Rillaboom
|-supereffective|p2a: Rillaboom
|-damage|p2a: Rillaboom|2/100
|-damage|p1a: Corviknight|74/100|[from] Recoil
|
|-weather|Sandstorm|[upkeep]
|-damage|p2a: Rillaboom|0 fnt|[from] Sandstorm
|faint|p2a: Rillaboom
|upkeep
|
|t:|1756495886
|switch|p2a: Incineroar|Incineroar, L50, F|95/100
|-ability|p2a: Incineroar|Intimidate|boost
|-ability|p1a: Corviknight|Mirror Armor
|-unboost|p2a: Incineroar|atk|1
|-unboost|p1b: Indeedee|atk|1
|turn|4
|
|t:|1756495911
|move|p2b: Dragonite|Tailwind|p2b: Dragonite
|-sidestart|p2: wishlocals|move: Tailwind
|move|p2a: Incineroar|U-turn|p1b: Indeedee
|-resisted|p1b: Indeedee
|-damage|p1b: Indeedee|25/100
|
|t:|1756495916
|switch|p2a: Sneasler|Sneasler, L50, F|100/100|[from] U-turn
|move|p1a: Corviknight|Bulk Up|p1a: Corviknight
|-boost|p1a: Corviknight|atk|1
|-boost|p1a: Corviknight|def|1
|move|p1b: Indeedee|Trick Room|p1b: Indeedee
|-fieldstart|move: Trick Room|[of] p1b: Indeedee
|
|-weather|Sandstorm|[upkeep]
|-damage|p2a: Sneasler|95/100|[from] Sandstorm
|upkeep
|turn|5
|inactive|wishlocals has 30 seconds left.
|
|t:|1756495949
|switch|p2a: Incineroar|Incineroar, L50, F|95/100
|-ability|p2a: Incineroar|Intimidate|boost
|-ability|p1a: Corviknight|Mirror Armor
|-unboost|p2a: Incineroar|atk|1
|-unboost|p1b: Indeedee|atk|1
|move|p1a: Corviknight|Bulk Up|p1a: Corviknight
|-boost|p1a: Corviknight|atk|1
|-boost|p1a: Corviknight|def|1
|move|p1b: Indeedee|Psychic|p2a: Incineroar
|-immune|p2a: Incineroar
|move|p2b: Dragonite|Haze|p2b: Dragonite
|-clearallboost
|
|-weather|none
|upkeep
|turn|6
|inactive|wishlocals has 30 seconds left.
|inactive|wishlocals has 20 seconds left.
|
|t:|1756495987
|switch|p1a: Excadrill|Excadrill, L50, F|100/100
|move|p1b: Indeedee|Psychic|p2b: Dragonite
|-resisted|p2b: Dragonite
|-damage|p2b: Dragonite|92/100
|move|p2a: Incineroar|Knock Off|p1b: Indeedee
|-resisted|p1b: Indeedee
|-damage|p1b: Indeedee|4/100
|-enditem|p1b: Indeedee|Safety Goggles|[from] move: Knock Off|[of] p2a: Incineroar
|move|p2b: Dragonite|Scale Shot|p1a: Excadrill
|-resisted|p1a: Excadrill
|-damage|p1a: Excadrill|92/100
|-resisted|p1a: Excadrill
|-damage|p1a: Excadrill|82/100
|-resisted|p1a: Excadrill
|-damage|p1a: Excadrill|72/100
|-resisted|p1a: Excadrill
|-damage|p1a: Excadrill|63/100
|-hitcount|p1a: Excadrill|4
|-unboost|p2b: Dragonite|def|1
|-boost|p2b: Dragonite|spe|1
|
|upkeep
|turn|7
|inactive|wishlocals has 30 seconds left.
|inactive|wishlocals has 20 seconds left.
|
|t:|1756496027
|move|p2b: Dragonite|Protect|p2b: Dragonite
|-singleturn|p2b: Dragonite|Protect
|move|p1b: Indeedee|Follow Me|p1b: Indeedee
|-singleturn|p1b: Indeedee|move: Follow Me
|move|p1a: Excadrill|Earthquake|p2b: Dragonite|[spread] p1b,p2a
|-activate|p2b: Dragonite|move: Protect
|-crit|p1b: Indeedee
|-supereffective|p2a: Incineroar
|-damage|p1b: Indeedee|0 fnt
|-damage|p2a: Incineroar|22/100
|faint|p1b: Indeedee
|move|p2a: Incineroar|Flare Blitz|p1a: Excadrill
|-supereffective|p1a: Excadrill
|-damage|p1a: Excadrill|0 fnt
|faint|p1a: Excadrill
|-damage|p2a: Incineroar|3/100|[from] Recoil
|
|-sideend|p2: wishlocals|move: Tailwind
|-fieldend|move: Psychic Terrain
|upkeep
|
|t:|1756496041
|switch|p1b: Corviknight|Corviknight, L50, M|74/100
|turn|8
|-message|snailboss forfeited.
|
|win|wishlocals
|raw|snailboss's rating: 1195 → 1164(-31 for losing)
|raw|wishlocals's rating: 1112 → 1143(+31 for winning)
