|j|☆HoooHoot
|j|☆andiom123
|html|HoooHootandiom123    
|uhtml|bestof|Game 2 of a best-of-3
|t:|1783479399
|gametype|doubles
|player|p1|HoooHoot|bellelba|1075
|player|p2|andiom123|red|1172
|gen|9
|tier|[Gen 9 Champions] VGC 2026 Reg M-B (Bo3)
|rated|
|rule|Species Clause: Limit one of each Pokémon
|rule|Item Clause: Limit 1 of each item
|clearpoke
|poke|p1|Froslass, L50, F|
|poke|p1|Dragalge, L50, F|
|poke|p1|Sneasler, L50, M|
|poke|p1|Corviknight, L50, M|
|poke|p1|Sinistcha, L50|
|poke|p1|Garganacl, L50, M|
|poke|p2|Incineroar, L50, F|
|poke|p2|Farigiraf, L50, M|
|poke|p2|Sylveon, L50, F|
|poke|p2|Torkoal, L50, F|
|poke|p2|Kangaskhan, L50, F|
|poke|p2|Mawile, L50, M|
|teampreview|4
|showteam|p1|Froslass||Froslassite|SnowCloak|Blizzard,Protect,ShadowBall,Thunderbolt|Timid||F|||50|]Dragalge||Dragalgite|PoisonPoint|Protect,Scald,SludgeBomb,DragonPulse|Modest||F|||50|]Sneasler||FocusSash|PoisonTouch|FakeOut,DireClaw,CloseCombat,Protect|Jolly||M|||50|]Corviknight||ExpertBelt|MirrorArmor|Tailwind,IronHead,BraveBird,Roost|Impish||M|||50|]Sinistcha||Leftovers|Hospitality|TrickRoom,MatchaGotcha,Protect,ShadowBall|Quiet|||||50|]Garganacl||SitrusBerry|Sturdy|RockSlide,StompingTantrum,SaltCure,Protect|Adamant||M|||50|
|showteam|p2|Incineroar||MuscleBand|Intimidate|ThroatChop,FlareBlitz,FakeOut,PartingShot|Brave||F|||50|]Farigiraf||SitrusBerry|ArmorTail|FoulPlay,PsychicNoise,TrickRoom,HelpingHand|Relaxed||M|||50|]Sylveon||LifeOrb|Pixilate|HyperVoice,HyperBeam,QuickAttack,Detect|Modest||F|||50|]Torkoal||Charcoal|Drought|Eruption,EarthPower,Flamethrower,Protect|Quiet||F|||50|]Kangaskhan||Kangaskhanite|Scrappy|DoubleEdge,FakeOut,IcePunch,HammerArm|Brave||F|||50|]Mawile||Mawilite|HyperCutter|RockSlide,PlayRough,SuckerPunch,Protect|Brave||M|||50|
|
|t:|1783479422
|teamsize|p1|4
|teamsize|p2|4
|start
|switch|p1a: Corviknight|Corviknight, L50, M|100/100
|switch|p1b: Garganacl|Garganacl, L50, M|100/100
|switch|p2a: Farigiraf|Farigiraf, L50, M|100/100
|switch|p2b: Kangaskhan|Kangaskhan, L50, F|100/100
|turn|1
|
|t:|1783479443
|detailschange|p2b: Kangaskhan|Kangaskhan-Mega, L50, F
|-mega|p2b: Kangaskhan|Kangaskhan|Kangaskhanite
|move|p2b: Kangaskhan|Fake Out|p1b: Garganacl
|-resisted|p1b: Garganacl|1
|-damage|p1b: Garganacl|92/100
|-resisted|p1b: Garganacl|1
|-damage|p1b: Garganacl|90/100
|-hitcount|p1b: Garganacl|2
|move|p1a: Corviknight|Brave Bird|p2b: Kangaskhan
|-damage|p2b: Kangaskhan|69/100
|-damage|p1a: Corviknight|89/100|[from] Recoil
|cant|p1b: Garganacl|flinch
|move|p2a: Farigiraf|Trick Room|p2a: Farigiraf
|-fieldstart|move: Trick Room|[of] p2a: Farigiraf
|
|upkeep
|turn|2
|
|t:|1783479476
|move|p1b: Garganacl|Stomping Tantrum|p2b: Kangaskhan
|-damage|p2b: Kangaskhan|29/100
|move|p2a: Farigiraf|Foul Play|p1b: Garganacl
|-damage|p1b: Garganacl|71/100
|move|p1a: Corviknight|Brave Bird|p2b: Kangaskhan
|-damage|p2b: Kangaskhan|0 fnt
|faint|p2b: Kangaskhan
|-damage|p1a: Corviknight|80/100|[from] Recoil
|
|upkeep
|
|t:|1783479486
|switch|p2b: Torkoal|Torkoal, L50, F|100/100
|-weather|SunnyDay|[from] ability: Drought|[of] p2b: Torkoal
|turn|3
|
|t:|1783479496
|move|p2b: Torkoal|Eruption|p1a: Corviknight|[spread] p1a,p1b
|-supereffective|p1a: Corviknight|1
|-resisted|p1b: Garganacl|1
|-damage|p1a: Corviknight|0 fnt
|-damage|p1b: Garganacl|29/100
|-enditem|p1b: Garganacl|Sitrus Berry|[eat]
|-heal|p1b: Garganacl|54/100|[from] item: Sitrus Berry
|faint|p1a: Corviknight
|move|p1b: Garganacl|Stomping Tantrum|p2b: Torkoal
|-supereffective|p2b: Torkoal|1
|-damage|p2b: Torkoal|66/100
|move|p2a: Farigiraf|Psychic Noise|p1b: Garganacl
|-damage|p1b: Garganacl|28/100
|-start|p1b: Garganacl|move: Heal Block
|
|-weather|SunnyDay|[upkeep]
|upkeep
|
|t:|1783479524
|switch|p1a: Sneasler|Sneasler, L50, M|100/100
|turn|4
|
|t:|1783479538
|move|p1b: Garganacl|Protect|p1b: Garganacl
|-singleturn|p1b: Garganacl|Protect
|move|p1a: Sneasler|Protect|p1a: Sneasler
|-singleturn|p1a: Sneasler|Protect
|move|p2b: Torkoal|Eruption|p1b: Garganacl|[spread] 
|-activate|p1a: Sneasler|move: Protect
|-activate|p1b: Garganacl|move: Protect
|move|p2a: Farigiraf|Psychic Noise|p1b: Garganacl
|-activate|p1b: Garganacl|move: Protect
|
|-weather|SunnyDay|[upkeep]
|-end|p1b: Garganacl|move: Heal Block
|upkeep
|turn|5
|
|t:|1783479561
|move|p2b: Torkoal|Eruption|p1b: Garganacl|[spread] p1a,p1b
|-resisted|p1b: Garganacl|1
|-damage|p1a: Sneasler|21/100
|-damage|p1b: Garganacl|0 fnt
|faint|p1b: Garganacl
|move|p2a: Farigiraf|Psychic Noise|p1a: Sneasler
|-supereffective|p1a: Sneasler|2
|-damage|p1a: Sneasler|0 fnt
|faint|p1a: Sneasler
|
|-weather|SunnyDay|[upkeep]
|-fieldend|move: Trick Room
|upkeep
|
|t:|1783479584
|switch|p1b: Froslass|Froslass, L50, F|100/100
|turn|6
|
|t:|1783479601
|switch|p2b: Sylveon|Sylveon, L50, F|100/100
|detailschange|p1b: Froslass|Froslass-Mega, L50, F
|-mega|p1b: Froslass|Froslass|Froslassite
|-weather|Snowscape|[from] ability: Snow Warning|[of] p1b: Froslass
|move|p1b: Froslass|Shadow Ball|p2b: Sylveon
|-damage|p2b: Sylveon|69/100
|move|p2a: Farigiraf|Trick Room|p2a: Farigiraf
|-fieldstart|move: Trick Room|[of] p2a: Farigiraf
|
|-weather|Snowscape|[upkeep]
|upkeep
|turn|7
|
|t:|1783479621
|move|p2a: Farigiraf|Foul Play|p1b: Froslass
|-supereffective|p1b: Froslass|1
|-damage|p1b: Froslass|64/100
|move|p2b: Sylveon|Hyper Voice|p1b: Froslass
|-damage|p1b: Froslass|0 fnt
|faint|p1b: Froslass
|-damage|p2b: Sylveon|59/100|[from] item: Life Orb
|
|win|andiom123
|raw|HoooHoot's rating: 1075 → 1060(-15 for losing)
|raw|andiom123's rating: 1172 → 1190(+18 for winning)
|l|☆HoooHoot
|player|p1|
