|j|☆frankino98
|j|☆VOQJKk
|html|frankino98VOQJKk    
|uhtml|bestof|Game 1 of a best-of-3
|t:|1785440839
|gametype|doubles
|player|p1|frankino98|170|1084
|player|p2|VOQJKk|steven|1113
|gen|9
|tier|[Gen 9 Champions] VGC 2026 Reg M-B (Bo3)
|rated|
|rule|Species Clause: Limit one of each Pokémon
|rule|Item Clause: Limit 1 of each item
|clearpoke
|poke|p1|Rotom-Wash, L50|
|poke|p1|Clefable, L50, M|
|poke|p1|Incineroar, L50, M|
|poke|p1|Steelix, L50, F|
|poke|p1|Sinistcha, L50|
|poke|p1|Tyranitar, L50, M|
|poke|p2|Metagross, L50|
|poke|p2|Eelektross, L50, M|
|poke|p2|Hydreigon, L50, F|
|poke|p2|Garchomp, L50, M|
|poke|p2|Basculegion, L50, M|
|poke|p2|Whimsicott, L50, M|
|teampreview|4
|showteam|p1|Rotom-Wash||Leftovers|Levitate|LightScreen,HydroPump,Thunderbolt,WillOWisp|Modest|||||50|]Clefable||Clefablite|Unaware|AlluringVoice,AirSlash,FollowMe,Protect|Modest||M|||50|]Incineroar||PasshoBerry|Intimidate|FlareBlitz,ThroatChop,FakeOut,PartingShot|Adamant||M|||50|]Steelix||Steelixite|Sturdy|HighHorsepower,HeavySlam,Protect,WideGuard|Brave||F|||50|]Sinistcha||SitrusBerry|Hospitality|MatchaGotcha,RagePowder,TrickRoom,Protect|Bold|||||50|]Tyranitar||Tyranitarite|SandStream|Protect,DragonDance,KnockOff,RockSlide|Adamant||M|||50|
|showteam|p2|Metagross||Metagrossite|ClearBody|IronHead,PsychicFangs,IcePunch,Protect|Jolly|||||50|]Eelektross||Eelektrossite|Levitate|Thunderbolt,Flamethrower,GrassKnot,Protect|Timid||M|||50|]Hydreigon||ChoiceScarf|Levitate|DracoMeteor,DarkPulse,EarthPower,Flamethrower|Modest||F|||50|]Garchomp||LifeOrb|RoughSkin|DragonClaw,RockSlide,Earthquake,Protect|Jolly||M|||50|]Basculegion||MysticWater|Adaptability|WaveCrash,LastRespects,AquaJet,Protect|Adamant||M|||50|]Whimsicott||FocusSash|Prankster|Moonblast,Protect,Encore,Tailwind|Timid||M|||50|
|inactive|Battle timer is ON: inactive players will automatically lose when time's up. (requested by VOQJKk)
|inactive|frankino98 has 60 seconds left.
|inactive|frankino98 has 30 seconds left.
|inactive|frankino98 has 20 seconds left.
|
|t:|1785440945
|teamsize|p1|4
|teamsize|p2|4
|start
|switch|p1a: Sinistcha|Sinistcha, L50|100/100
|switch|p1b: Rotom|Rotom-Wash, L50|100/100
|switch|p2a: Eelektross|Eelektross, L50, M|100/100
|switch|p2b: Garchomp|Garchomp, L50, M|100/100
|turn|1
|inactive|VOQJKk has 30 seconds left.
|inactive|VOQJKk has 20 seconds left.
|inactive|VOQJKk has 15 seconds left.
|inactive|VOQJKk has 10 seconds left.
|inactive|VOQJKk has 5 seconds left.
|
|t:|1785440997
|move|p2b: Garchomp|Rock Slide|p1b: Rotom|[spread] p1a,p1b
|-damage|p1a: Sinistcha|78/100
|-damage|p1b: Rotom|74/100
|-damage|p2b: Garchomp|90/100|[from] item: Life Orb
|move|p2a: Eelektross|Flamethrower|p1a: Sinistcha
|-supereffective|p1a: Sinistcha|1
|-damage|p1a: Sinistcha|27/100
|-enditem|p1a: Sinistcha|Sitrus Berry|[eat]
|-heal|p1a: Sinistcha|52/100|[from] item: Sitrus Berry
|cant|p1b: Rotom|flinch
|move|p1a: Sinistcha|Trick Room|p1a: Sinistcha
|-fieldstart|move: Trick Room|[of] p1a: Sinistcha
|
|-heal|p1b: Rotom|80/100|[from] item: Leftovers
|upkeep
|turn|2
|inactive|frankino98 has 30 seconds left.
|inactive|frankino98 has 20 seconds left.
|
|t:|1785441036
|switch|p2b: Hydreigon|Hydreigon, L50, F|100/100
|detailschange|p2a: Eelektross|Eelektross-Mega, L50, M
|-mega|p2a: Eelektross|Eelektross|Eelektrossite
|move|p1a: Sinistcha|Matcha Gotcha|p2a: Eelektross|[spread] p2a,p2b
|-resisted|p2b: Hydreigon|1
|-damage|p2a: Eelektross|69/100
|-heal|p1a: Sinistcha|66/100|[from] drain|[of] p2a: Eelektross
|-damage|p2b: Hydreigon|85/100
|-heal|p1a: Sinistcha|73/100|[from] drain|[of] p2b: Hydreigon
|-status|p2b: Hydreigon|brn
|move|p1b: Rotom|Light Screen|p1b: Rotom
|-sidestart|p1: frankino98|move: Light Screen
|move|p2a: Eelektross|Flamethrower|p1a: Sinistcha
|-supereffective|p1a: Sinistcha|1
|-damage|p1a: Sinistcha|33/100
|
|-heal|p1b: Rotom|85/100|[from] item: Leftovers
|-damage|p2b: Hydreigon|80/100 brn|[from] brn
|upkeep
|turn|3
|inactive|frankino98 has 30 seconds left.
|inactive|VOQJKk has 30 seconds left.
|inactive|frankino98 has 20 seconds left.
|inactive|VOQJKk has 20 seconds left.
|inactive|frankino98 has 15 seconds left.
|
|t:|1785441078
|switch|p1a: Tyranitar|Tyranitar, L50, M|100/100
|-weather|Sandstorm|[from] ability: Sand Stream|[of] p1a: Tyranitar
|move|p1b: Rotom|Hydro Pump|p2a: Eelektross
|-damage|p2a: Eelektross|8/100
|move|p2a: Eelektross|Thunderbolt|p1b: Rotom
|-damage|p1b: Rotom|56/100
|move|p2b: Hydreigon|Dark Pulse|p1b: Rotom
|-damage|p1b: Rotom|25/100
|
|-weather|Sandstorm|[upkeep]
|-damage|p1b: Rotom|19/100|[from] Sandstorm
|-damage|p2a: Eelektross|1/100|[from] Sandstorm
|-damage|p2b: Hydreigon|74/100 brn|[from] Sandstorm
|-heal|p1b: Rotom|25/100|[from] item: Leftovers
|-damage|p2b: Hydreigon|68/100 brn|[from] brn
|upkeep
|turn|4
|inactive|frankino98 has 30 seconds left.
|
|t:|1785441105
|switch|p1b: Steelix|Steelix, L50, F|100/100
|move|p2a: Eelektross|Protect|p2a: Eelektross
|-singleturn|p2a: Eelektross|Protect
|move|p1a: Tyranitar|Rock Slide|p2b: Hydreigon|[spread] p2b
|-activate|p2a: Eelektross|move: Protect
|-damage|p2b: Hydreigon|36/100 brn
|move|p2b: Hydreigon|Dark Pulse|p1b: Steelix
|-damage|p1b: Steelix|68/100
|
|-weather|Sandstorm|[upkeep]
|-damage|p2a: Eelektross|0 fnt|[from] Sandstorm
|-damage|p2b: Hydreigon|30/100 brn|[from] Sandstorm
|faint|p2a: Eelektross
|-damage|p2b: Hydreigon|25/100 brn|[from] brn
|upkeep
|
|t:|1785441124
|switch|p2a: Basculegion|Basculegion, L50, M|100/100
|turn|5
|inactive|VOQJKk has 30 seconds left.
|inactive|VOQJKk has 20 seconds left.
|
|t:|1785441160
|detailschange|p1b: Steelix|Steelix-Mega, L50, F
|-mega|p1b: Steelix|Steelix|Steelixite
|move|p1b: Steelix|High Horsepower|p2a: Basculegion
|-damage|p2a: Basculegion|41/100
|move|p1a: Tyranitar|Dragon Dance|p1a: Tyranitar
|-boost|p1a: Tyranitar|atk|1
|-boost|p1a: Tyranitar|spe|1
|move|p2a: Basculegion|Wave Crash|p1a: Tyranitar
|-supereffective|p1a: Tyranitar|1
|-damage|p1a: Tyranitar|0 fnt
|faint|p1a: Tyranitar
|-damage|p2a: Basculegion|7/100|[from] Recoil
|move|p2b: Hydreigon|Dark Pulse|p1b: Steelix
|-damage|p1b: Steelix|41/100
|
|-weather|Sandstorm|[upkeep]
|-damage|p2a: Basculegion|1/100|[from] Sandstorm
|-damage|p2b: Hydreigon|19/100 brn|[from] Sandstorm
|-damage|p2b: Hydreigon|13/100 brn|[from] brn
|-fieldend|move: Trick Room
|upkeep
|inactive|frankino98 has 30 seconds left.
|
|t:|1785441193
|switch|p1a: Sinistcha|Sinistcha, L50|33/100
|-heal|p1b: Steelix|66/100|[from] ability: Hospitality|[of] p1a: Sinistcha
|turn|6
|
|t:|1785441211
|move|p1a: Sinistcha|Protect|p1a: Sinistcha
|-singleturn|p1a: Sinistcha|Protect
|move|p2b: Hydreigon|Dark Pulse|p1a: Sinistcha
|-activate|p1a: Sinistcha|move: Protect
|move|p2a: Basculegion|Wave Crash|p1b: Steelix
|-supereffective|p1b: Steelix|1
|-damage|p1b: Steelix|0 fnt
|faint|p1b: Steelix
|-damage|p2a: Basculegion|0 fnt|[from] Recoil
|faint|p2a: Basculegion
|
|-weather|Sandstorm|[upkeep]
|-damage|p2b: Hydreigon|7/100 brn|[from] Sandstorm
|-damage|p1a: Sinistcha|26/100|[from] Sandstorm
|-damage|p2b: Hydreigon|1/100 brn|[from] brn
|-sideend|p1: frankino98|move: Light Screen
|upkeep
|
|t:|1785441225
|switch|p2a: Garchomp|Garchomp, L50, M|90/100
|switch|p1b: Rotom|Rotom-Wash, L50|25/100
|turn|7
|
|t:|1785441234
|move|p2b: Hydreigon|Dark Pulse|p1a: Sinistcha
|-supereffective|p1a: Sinistcha|1
|-damage|p1a: Sinistcha|0 fnt
|faint|p1a: Sinistcha
|move|p2a: Garchomp|Dragon Claw|p1b: Rotom
|-damage|p1b: Rotom|0 fnt
|faint|p1b: Rotom
|-damage|p2a: Garchomp|80/100|[from] item: Life Orb
|
|win|VOQJKk
||frankino98 is ready for game 2.
||VOQJKk is ready for game 2.
|uhtml|next|Next: Game 2 of 3
|l|☆frankino98
|player|p1|
