|j|☆Eldrazii
|j|☆karma74
|html|Eldraziikarma74    
|uhtml|bestof|Game 1 of a best-of-3
|t:|1757777117
|gametype|doubles
|player|p1|Eldrazii|blue-masters2|
|player|p2|karma74|1|
|gen|9
|tier|[Gen 9] VGC 2025 Reg H (Bo3)
|rule|Species Clause: Limit one of each Pokémon
|rule|Item Clause: Limit 1 of each item
|clearpoke
|poke|p1|Ninetales-Alola, L50, M|
|poke|p1|Sneasler, L50, F|
|poke|p1|Ceruledge, L50, F|
|poke|p1|Rillaboom, L50, M|
|poke|p1|Primarina, L50, M|
|poke|p1|Hydreigon, L50, F|
|poke|p2|Kingambit, L50, F|
|poke|p2|Volcarona, L50, M|
|poke|p2|Salamence, L50, F|
|poke|p2|Basculegion, L50, M|
|poke|p2|Sneasler, L50, M|
|poke|p2|Rillaboom, L50, M|
|teampreview|4
|showteam|p1|Ninetales-Alola||CovertCloak|SnowWarning|Blizzard,AuroraVeil,Encore,Protect|||M|||50|,,,,,Poison]Sneasler||FocusSash|Unburden|DireClaw,CloseCombat,Coaching,Protect|||F|||50|,,,,,Ghost]Ceruledge||ClearAmulet|FlashFire|BitterBlade,Poltergeist,BulkUp,Protect|||F|||50|,,,,,Grass]Rillaboom||AssaultVest|GrassySurge|FakeOut,GrassyGlide,DrumBeating,HighHorsepower|||M|||50|,,,,,Fire]Primarina||ThroatSpray|LiquidVoice|HyperVoice,Moonblast,Haze,Protect|||M|||50|,,,,,Steel]Hydreigon||LifeOrb|Levitate|DracoMeteor,EarthPower,Tailwind,DarkPulse|||F|||50|,,,,,Ghost
|showteam|p2|Kingambit||SafetyGoggles|Defiant|KowtowCleave,SuckerPunch,Protect,SwordsDance|||F|||50|,,,,,Dark]Volcarona||SitrusBerry|FlameBody|RagePowder,Protect,HeatWave,BugBuzz|||M|||50|,,,,,Dragon]Salamence||LifeOrb|Intimidate|Tailwind,DracoMeteor,AirSlash,SunnyDay|||F|||50|,,,,,Steel]Basculegion||ChoiceScarf|Adaptability|WaveCrash,LastRespects,FlipTurn,AquaJet|||M|||50|,,,,,Water]Sneasler||GrassySeed|Unburden|Taunt,Protect,CloseCombat,DireClaw|||M|||50|,,,,,Stellar]Rillaboom||AssaultVest|GrassySurge|WoodHammer,FakeOut,GrassyGlide,Uturn|||M|||50|,,,,,Fire
|inactive|Battle timer is ON: inactive players will automatically lose when time's up. (requested by Eldrazii)
|c|☆karma74|glhf
|c|☆Eldrazii|glhf
|inactive|Eldrazii has 60 seconds left.
|inactive|karma74 has 60 seconds left.
|inactive|Eldrazii has 30 seconds left.
|inactive|Eldrazii has 20 seconds left.
|inactive|Eldrazii has 15 seconds left.
|
|t:|1757777194
|teamsize|p1|4
|teamsize|p2|4
|start
|switch|p1a: Rillaboom|Rillaboom, L50, M|100/100
|switch|p1b: Ninetales|Ninetales-Alola, L50, M|100/100
|switch|p2a: Rillaboom|Rillaboom, L50, M|100/100
|switch|p2b: Sneasler|Sneasler, L50, M|100/100
|-weather|Snowscape|[from] ability: Snow Warning|[of] p1b: Ninetales
|-fieldstart|move: Grassy Terrain|[from] ability: Grassy Surge|[of] p1a: Rillaboom
|-enditem|p2b: Sneasler|Grassy Seed
|-boost|p2b: Sneasler|def|1|[from] item: Grassy Seed
|turn|1
|inactive|Eldrazii has 30 seconds left.
|inactive|karma74 has 30 seconds left.
|inactive|karma74 has 20 seconds left.
|inactive|karma74 has 15 seconds left.
|inactive|karma74 has 10 seconds left.
|inactive|karma74 has 5 seconds left.
|
|t:|1757777251
|move|p1a: Rillaboom|Fake Out|p2b: Sneasler
|-damage|p2b: Sneasler|85/100
|cant|p2b: Sneasler|flinch
|move|p1b: Ninetales|Blizzard|p2a: Rillaboom|[spread] p2a,p2b
|-supereffective|p2a: Rillaboom
|-damage|p2a: Rillaboom|54/100
|-damage|p2b: Sneasler|45/100
|move|p2a: Rillaboom|Wood Hammer|p1b: Ninetales
|-damage|p1b: Ninetales|23/100
|-damage|p2a: Rillaboom|33/100|[from] Recoil
|
|-weather|Snowscape|[upkeep]
|-heal|p2b: Sneasler|50/100|[from] Grassy Terrain
|-heal|p1b: Ninetales|29/100|[from] Grassy Terrain
|-heal|p2a: Rillaboom|40/100|[from] Grassy Terrain
|upkeep
|turn|2
|inactive|Eldrazii has 30 seconds left.
|inactive|Eldrazii has 20 seconds left.
|
|t:|1757777287
|switch|p1a: Sneasler|Sneasler, L50, F|100/100
|-terastallize|p2b: Sneasler|Stellar
|move|p1b: Ninetales|Protect|p1b: Ninetales
|-singleturn|p1b: Ninetales|Protect
|move|p2a: Rillaboom|Grassy Glide|p1b: Ninetales
|-activate|p1b: Ninetales|move: Protect
|move|p2b: Sneasler|Dire Claw|p1a: Sneasler
|-resisted|p1a: Sneasler
|-damage|p1a: Sneasler|51/100
|
|-weather|Snowscape|[upkeep]
|-heal|p2b: Sneasler|56/100|[from] Grassy Terrain
|-heal|p1a: Sneasler|57/100|[from] Grassy Terrain
|-heal|p1b: Ninetales|35/100|[from] Grassy Terrain
|-heal|p2a: Rillaboom|46/100|[from] Grassy Terrain
|upkeep
|turn|3
|inactive|Eldrazii has 30 seconds left.
|
|t:|1757777315
|move|p2a: Rillaboom|Grassy Glide|p1b: Ninetales
|-damage|p1b: Ninetales|0 fnt
|faint|p1b: Ninetales
|move|p2b: Sneasler|Close Combat|p1a: Sneasler
|-resisted|p1a: Sneasler
|-damage|p1a: Sneasler|0 fnt
|-unboost|p2b: Sneasler|def|1
|-unboost|p2b: Sneasler|spd|1
|faint|p1a: Sneasler
|
|-weather|Snowscape|[upkeep]
|-heal|p2b: Sneasler|62/100|[from] Grassy Terrain
|-heal|p2a: Rillaboom|52/100|[from] Grassy Terrain
|upkeep
|
|t:|1757777321
|switch|p1a: Primarina|Primarina, L50, M|100/100
|switch|p1b: Rillaboom|Rillaboom, L50, M|100/100
|turn|4
|
|t:|1757777338
|switch|p2a: Salamence|Salamence, L50, F|100/100
|-ability|p2a: Salamence|Intimidate|boost
|-unboost|p1a: Primarina|atk|1
|-unboost|p1b: Rillaboom|atk|1
|-terastallize|p1a: Primarina|Steel
|move|p2b: Sneasler|Protect|p2b: Sneasler
|-singleturn|p2b: Sneasler|Protect
|move|p1b: Rillaboom|High Horsepower|p2a: Salamence
|-immune|p2a: Salamence
|move|p1a: Primarina|Moonblast|p2b: Sneasler
|-activate|p2b: Sneasler|move: Protect
|
|-weather|Snowscape|[upkeep]
|-heal|p2b: Sneasler|68/100|[from] Grassy Terrain
|upkeep
|turn|5
|
|t:|1757777361
|move|p2b: Sneasler|Dire Claw|p1b: Rillaboom
|-supereffective|p1b: Rillaboom
|-damage|p1b: Rillaboom|15/100
|move|p2a: Salamence|Air Slash|p1b: Rillaboom
|-supereffective|p1b: Rillaboom
|-damage|p1b: Rillaboom|0 fnt
|faint|p1b: Rillaboom
|-damage|p2a: Salamence|91/100|[from] item: Life Orb
|move|p1a: Primarina|Moonblast|p2b: Sneasler
|-damage|p2b: Sneasler|0 fnt
|faint|p2b: Sneasler
|
|-weather|none
|-fieldend|move: Grassy Terrain
|upkeep
|
|t:|1757777366
|switch|p2b: Basculegion|Basculegion, L50, M|100/100
|turn|6
|
|t:|1757777387
|move|p2b: Basculegion|Last Respects|p1a: Primarina
|-damage|p1a: Primarina|23/100
|move|p2a: Salamence|Air Slash|p1a: Primarina
|-resisted|p1a: Primarina
|-damage|p1a: Primarina|7/100
|-damage|p2a: Salamence|81/100|[from] item: Life Orb
|move|p1a: Primarina|Moonblast|p2a: Salamence
|-supereffective|p2a: Salamence
|-damage|p2a: Salamence|0 fnt
|faint|p2a: Salamence
|
|upkeep
|
|t:|1757777390
|switch|p2a: Rillaboom|Rillaboom, L50, M|52/100
|-fieldstart|move: Grassy Terrain|[from] ability: Grassy Surge|[of] p2a: Rillaboom
|turn|7
|
|t:|1757777399
|move|p1a: Primarina|Protect|p1a: Primarina
|-singleturn|p1a: Primarina|Protect
|move|p2a: Rillaboom|Fake Out|p1a: Primarina
|-activate|p1a: Primarina|move: Protect
|move|p2b: Basculegion|Last Respects|p1a: Primarina
|-activate|p1a: Primarina|move: Protect
|
|-heal|p2a: Rillaboom|58/100|[from] Grassy Terrain
|-heal|p1a: Primarina|13/100|[from] Grassy Terrain
|upkeep
|turn|8
|
|t:|1757777417
|move|p2a: Rillaboom|Grassy Glide|p1a: Primarina
|-resisted|p1a: Primarina
|-damage|p1a: Primarina|0 fnt
|faint|p1a: Primarina
|
|win|karma74
||Eldrazii is ready for game 2.
|inactive|karma74 has 30 seconds to confirm battle start!
||karma74 is ready for game 2.
|uhtml|next|Next: Game 2 of 3
