|j|☆sgt254
|j|☆robby w
|html|sgt254robby w    
|uhtml|bestof|Game 2 of a best-of-3
|t:|1756564962
|gametype|doubles
|player|p1|sgt254|parasollady|1136
|player|p2|robby w|pokekid|1338
|gen|9
|tier|[Gen 9] VGC 2025 Reg H (Bo3)
|rated|
|rule|Species Clause: Limit one of each Pokémon
|rule|Item Clause: Limit 1 of each item
|clearpoke
|poke|p1|Politoed, L50, M|
|poke|p1|Kingdra, L50, M|
|poke|p1|Archaludon, L50, M|
|poke|p1|Amoonguss, L50, F|
|poke|p1|Incineroar, L50, F|
|poke|p1|Gothitelle, L50, F|
|poke|p2|Dondozo, L50, M|
|poke|p2|Tatsugiri, L50, F|
|poke|p2|Sneasler, L50, F|
|poke|p2|Indeedee, L50, M|
|poke|p2|Ursaluna-Bloodmoon, L50, M|
|poke|p2|Electabuzz, L50, F|
|teampreview|4
|showteam|p1|Politoed||Leftovers|Drizzle|PerishSong,WeatherBall,Protect,IceBeam|||M|||50|,,,,,Grass]Kingdra||LifeOrb|SwiftSwim|MuddyWater,DracoMeteor,Protect,WeatherBall|||M|||50|,,,,,Stellar]Archaludon||PowerHerb|Stalwart|ElectroShot,FlashCannon,Protect,DragonPulse|||M|||50|,,,,,Electric]Amoonguss||EjectButton|Regenerator|RagePowder,Spore,Protect,PollenPuff|||F|||50|,,,,,Fire]Incineroar||SafetyGoggles|Intimidate|Protect,FakeOut,KnockOff,PartingShot|||F|||50|,,,,,Ghost]Gothitelle||SitrusBerry|ShadowTag|Taunt,FakeOut,Psychic,Protect|||F|||50|,,,,,Dark
|showteam|p2|Dondozo||Leftovers|Unaware|Protect,WaveCrash,Earthquake,OrderUp|||M|||50|,,,,,Grass]Tatsugiri||ChoiceScarf|Commander|DragonPulse,IcyWind,DracoMeteor,MuddyWater|||F|||50|,,,,,Stellar]Sneasler||PsychicSeed|Unburden|DireClaw,CloseCombat,Protect,ThroatChop|||F|||50|,,,,,Dark]Indeedee||FocusSash|PsychicSurge|DazzlingGleam,TrickRoom,ExpandingForce,Protect|||M|||50|,,,,,Fairy]Ursaluna-Bloodmoon||LifeOrb|MindsEye|BloodMoon,Protect,HyperVoice,EarthPower|||M|||50|,,,,,Normal]Electabuzz||Eviolite|VitalSpirit|Electroweb,Protect,FollowMe,Taunt|||F|||50|,,,,,Ghost
|
|t:|1756564979
|teamsize|p1|4
|teamsize|p2|4
|start
|switch|p1a: Politoed|Politoed, L50, M|100/100
|switch|p1b: Gothitelle|Gothitelle, L50, F|100/100
|switch|p2a: Dondozo|Dondozo, L50, M, shiny|100/100
|switch|p2b: Sneasler|Sneasler, L50, F|100/100
|-weather|RainDance|[from] ability: Drizzle|[of] p1a: Politoed
|turn|1
|
|t:|1756565009
|move|p1b: Gothitelle|Fake Out|p2b: Sneasler
|-damage|p2b: Sneasler|91/100
|cant|p2b: Sneasler|flinch
|move|p1a: Politoed|Perish Song|p1a: Politoed
|-start|p1a: Politoed|perish3|[silent]
|-start|p1b: Gothitelle|perish3|[silent]
|-start|p2a: Dondozo|perish3|[silent]
|-start|p2b: Sneasler|perish3|[silent]
|-fieldactivate|move: Perish Song
|move|p2a: Dondozo|Wave Crash|p1b: Gothitelle
|-damage|p1b: Gothitelle|16/100
|-enditem|p1b: Gothitelle|Sitrus Berry|[eat]
|-heal|p1b: Gothitelle|41/100|[from] item: Sitrus Berry
|-damage|p2a: Dondozo|78/100|[from] Recoil
|
|-weather|RainDance|[upkeep]
|-heal|p2a: Dondozo|85/100|[from] item: Leftovers
|-start|p2b: Sneasler|perish3
|-start|p1a: Politoed|perish3
|-start|p2a: Dondozo|perish3
|-start|p1b: Gothitelle|perish3
|upkeep
|turn|2
|
|t:|1756565054
|-terastallize|p2b: Sneasler|Dark
|move|p1a: Politoed|Protect|p1a: Politoed
|-singleturn|p1a: Politoed|Protect
|move|p1b: Gothitelle|Protect|p1b: Gothitelle
|-singleturn|p1b: Gothitelle|Protect
|move|p2b: Sneasler|Throat Chop|p1b: Gothitelle
|-activate|p1b: Gothitelle|move: Protect
|move|p2a: Dondozo|Wave Crash|p1a: Politoed
|-activate|p1a: Politoed|move: Protect
|
|-weather|RainDance|[upkeep]
|-heal|p2a: Dondozo|91/100|[from] item: Leftovers
|-start|p2b: Sneasler|perish2
|-start|p1a: Politoed|perish2
|-start|p2a: Dondozo|perish2
|-start|p1b: Gothitelle|perish2
|upkeep
|turn|3
|
|t:|1756565076
|switch|p1a: Archaludon|Archaludon, L50, M|100/100
|switch|p1b: Amoonguss|Amoonguss, L50, F, shiny|100/100
|move|p2b: Sneasler|Throat Chop|p1b: Amoonguss
|-damage|p1b: Amoonguss|49/100
|-start|p1b: Amoonguss|Throat Chop|[silent]
|-enditem|p1b: Amoonguss|Eject Button
|
|t:|1756565084
|switch|p1b: Gothitelle|Gothitelle, L50, F|41/100
|move|p2a: Dondozo|Wave Crash|p1a: Archaludon
|-resisted|p1a: Archaludon
|-damage|p1a: Archaludon|60/100
|-damage|p2a: Dondozo|81/100|[from] Recoil
|
|-weather|RainDance|[upkeep]
|-heal|p2a: Dondozo|87/100|[from] item: Leftovers
|-start|p2b: Sneasler|perish1
|-start|p2a: Dondozo|perish1
|upkeep
|turn|4
|
|t:|1756565106
|switch|p1a: Amoonguss|Amoonguss, L50, F, shiny|82/100
|move|p2b: Sneasler|Protect|p2b: Sneasler
|-singleturn|p2b: Sneasler|Protect
|move|p1b: Gothitelle|Protect|p1b: Gothitelle
|-singleturn|p1b: Gothitelle|Protect
|move|p2a: Dondozo|Earthquake|p1b: Gothitelle|[spread] p1a
|-activate|p2b: Sneasler|move: Protect
|-activate|p1b: Gothitelle|move: Protect
|-damage|p1a: Amoonguss|54/100
|
|-weather|RainDance|[upkeep]
|-heal|p2a: Dondozo|93/100|[from] item: Leftovers
|-start|p2b: Sneasler|perish0
|-start|p2a: Dondozo|perish0
|faint|p2b: Sneasler
|faint|p2a: Dondozo
|upkeep
|
|t:|1756565124
|switch|p2b: Tatsugiri|Tatsugiri, L50, F|100/100
|switch|p2a: Indeedee|Indeedee, L50, M|100/100
|-fieldstart|move: Psychic Terrain|[from] ability: Psychic Surge|[of] p2a: Indeedee
|turn|5
|inactive|Battle timer is ON: inactive players will automatically lose when time's up. (requested by robby w)
|
|t:|1756565175
|move|p1b: Gothitelle|Protect||[still]
|-fail|p1b: Gothitelle
|move|p1a: Amoonguss|Protect|p1a: Amoonguss
|-singleturn|p1a: Amoonguss|Protect
|move|p2b: Tatsugiri|Muddy Water|p1b: Gothitelle|[spread] 
|-activate|p1a: Amoonguss|move: Protect
|-miss|p2b: Tatsugiri|p1b: Gothitelle
|move|p2a: Indeedee|Expanding Force|p1b: Gothitelle|[spread] p1b
|-activate|p1a: Amoonguss|move: Protect
|-resisted|p1b: Gothitelle
|-damage|p1b: Gothitelle|23/100
|
|-weather|none
|upkeep
|turn|6
|inactive|sgt254 has 30 seconds left.
|inactive|sgt254 has 20 seconds left.
|inactive|sgt254 has 15 seconds left.
|inactive|sgt254 has 10 seconds left.
|
|t:|1756565224
|-terastallize|p1a: Amoonguss|Fire
|move|p2b: Tatsugiri|Muddy Water|p1a: Amoonguss|[spread] p1b
|-miss|p2b: Tatsugiri|p1a: Amoonguss
|-damage|p1b: Gothitelle|2/100
|move|p2a: Indeedee|Expanding Force|p1b: Gothitelle|[spread] p1a,p1b
|-resisted|p1b: Gothitelle
|-damage|p1a: Amoonguss|19/100
|-damage|p1b: Gothitelle|0 fnt
|faint|p1b: Gothitelle
|move|p1a: Amoonguss|Spore|p2a: Indeedee
|-status|p2a: Indeedee|slp|[from] move: Spore
|
|upkeep
|
|t:|1756565233
|switch|p1b: Archaludon|Archaludon, L50, M|60/100
|turn|7
|
|t:|1756565245
|switch|p1a: Politoed|Politoed, L50, M|100/100
|-weather|RainDance|[from] ability: Drizzle|[of] p1a: Politoed
|move|p2b: Tatsugiri|Muddy Water|p1b: Archaludon|[spread] p1a,p1b
|-resisted|p1a: Politoed
|-resisted|p1b: Archaludon
|-damage|p1a: Politoed|84/100
|-damage|p1b: Archaludon|24/100
|cant|p2a: Indeedee|slp
|move|p1b: Archaludon|Electro Shot||[still]
|-prepare|p1b: Archaludon|Electro Shot
|-boost|p1b: Archaludon|spa|1
|-anim|p1b: Archaludon|Electro Shot|p2a: Indeedee
|-damage|p2a: Indeedee|10/100 slp
|
|-weather|RainDance|[upkeep]
|-heal|p1a: Politoed|90/100|[from] item: Leftovers
|upkeep
|turn|8
|-message|robby w forfeited.
|
|win|sgt254
||robby w is ready for game 3.
||sgt254 is ready for game 3.
|uhtml|next|Next: Game 3 of 3
