|j|☆qiin5
|j|☆drewqfan
|html|qiin5drewqfan    
|uhtml|bestof|Game 2 of a best-of-3
|t:|1755675051
|gametype|doubles
|player|p1|qiin5|1|1261
|player|p2|drewqfan|preschooler|1491
|gen|9
|tier|[Gen 9] VGC 2025 Reg H (Bo3)
|rated|
|rule|Species Clause: Limit one of each Pokémon
|rule|Item Clause: Limit 1 of each item
|clearpoke
|poke|p1|Amoonguss, L50, F|
|poke|p1|Incineroar, L50, F|
|poke|p1|Pelipper, L50, F|
|poke|p1|Ursaluna, L50, F|
|poke|p1|Dragonite, L50, F|
|poke|p1|Archaludon, L50, F|
|poke|p2|Volcarona, L50, M|
|poke|p2|Dragonite, L50, F|
|poke|p2|Incineroar, L50, F|
|poke|p2|Annihilape, L50, F|
|poke|p2|Rillaboom, L50, M|
|poke|p2|Archaludon, L50, F|
|teampreview|4
|showteam|p1|Amoonguss||RockyHelmet|Regenerator|Protect,RagePowder,PollenPuff,Spore|||F|||50|,,,,,Fairy]Incineroar||SafetyGoggles|Intimidate|FakeOut,KnockOff,PartingShot,Taunt|||F|||50|,,,,,Fairy]Pelipper||FocusSash|Drizzle|Protect,Tailwind,MuddyWater,Hurricane|||F|||50|,,,,,Ghost]Ursaluna||FlameOrb|Guts|Protect,Facade,Earthquake,HeadlongRush|||F|||50|,,,,,Ghost]Dragonite||LoadedDice|Multiscale|Protect,ScaleShot,Haze,ExtremeSpeed|||F|||50|,,,,,Fairy]Archaludon||AssaultVest|Stamina|ElectroShot,DragonPulse,Snarl,BodyPress|||F|||50|,,,,,Bug
|showteam|p2|Volcarona||CovertCloak|FlameBody|HeatWave,TeraBlast,QuiverDance,Protect|||M|||50|,,,,,Fairy]Dragonite||LoadedDice|Multiscale|ScaleShot,ExtremeSpeed,Haze,Protect|||F|||50|,,,,,Fairy]Incineroar||SafetyGoggles|Intimidate|FlareBlitz,KnockOff,FakeOut,PartingShot|||F|||50|,,,,,Ghost]Annihilape||ChoiceScarf|Defiant|CloseCombat,ShadowBall,Coaching,FinalGambit|||F|||50|,,,,,Grass]Rillaboom||AssaultVest|GrassySurge|WoodHammer,GrassyGlide,HighHorsepower,FakeOut|||M|||50|,,,,,Fire]Archaludon||PowerHerb|Sturdy|ElectroShot,DragonPulse,FlashCannon,Protect|||F|||50|,,,,,Electric
|
|t:|1755675068
|teamsize|p1|4
|teamsize|p2|4
|start
|switch|p1a: Pelipper|Pelipper, L50, F|100/100
|switch|p1b: Ursaluna|Ursaluna, L50, F|100/100
|switch|p2a: Rillaboom|Rillaboom, L50, M|100/100
|switch|p2b: Archaludon|Archaludon, L50, F|100/100
|-fieldstart|move: Grassy Terrain|[from] ability: Grassy Surge|[of] p2a: Rillaboom
|-weather|RainDance|[from] ability: Drizzle|[of] p1a: Pelipper
|turn|1
|
|t:|1755675087
|move|p2b: Archaludon|Dragon Pulse|p1a: Pelipper
|-damage|p1a: Pelipper|29/100
|move|p2a: Rillaboom|Wood Hammer|p1a: Pelipper
|-damage|p1a: Pelipper|0 fnt
|faint|p1a: Pelipper
|-damage|p2a: Rillaboom|94/100|[from] Recoil
|move|p1b: Ursaluna|Headlong Rush|p2b: Archaludon
|-supereffective|p2b: Archaludon
|-ability|p2b: Archaludon|Sturdy
|-damage|p2b: Archaludon|1/100
|-unboost|p1b: Ursaluna|def|1
|-unboost|p1b: Ursaluna|spd|1
|
|-weather|RainDance|[upkeep]
|-heal|p2b: Archaludon|7/100|[from] Grassy Terrain
|-heal|p2a: Rillaboom|99/100|[from] Grassy Terrain
|-status|p1b: Ursaluna|brn|[from] item: Flame Orb
|upkeep
|
|t:|1755675095
|switch|p1a: Dragonite|Dragonite, L50, F|100/100
|turn|2
|
|t:|1755675107
|switch|p1b: Archaludon|Archaludon, L50, F|100/100
|move|p1a: Dragonite|Extreme Speed|p2b: Archaludon
|-resisted|p2b: Archaludon
|-damage|p2b: Archaludon|0 fnt
|faint|p2b: Archaludon
|move|p2a: Rillaboom|Wood Hammer|p1b: Archaludon
|-resisted|p1b: Archaludon
|-damage|p1b: Archaludon|87/100
|-ability|p1b: Archaludon|Stamina|boost
|-boost|p1b: Archaludon|def|1
|-damage|p2a: Rillaboom|96/100|[from] Recoil
|
|-weather|RainDance|[upkeep]
|-heal|p2a: Rillaboom|100/100|[from] Grassy Terrain
|-heal|p1b: Archaludon|93/100|[from] Grassy Terrain
|upkeep
|
|t:|1755675114
|switch|p2b: Volcarona|Volcarona, L50, M|100/100
|turn|3
|
|t:|1755675125
|-terastallize|p2b: Volcarona|Fairy
|move|p1a: Dragonite|Scale Shot|p2a: Rillaboom
|-damage|p2a: Rillaboom|88/100
|-damage|p2a: Rillaboom|77/100
|-damage|p2a: Rillaboom|65/100
|-damage|p2a: Rillaboom|53/100
|-hitcount|p2a: Rillaboom|4
|-unboost|p1a: Dragonite|def|1
|-boost|p1a: Dragonite|spe|1
|move|p2b: Volcarona|Quiver Dance|p2b: Volcarona
|-boost|p2b: Volcarona|spa|1
|-boost|p2b: Volcarona|spd|1
|-boost|p2b: Volcarona|spe|1
|move|p2a: Rillaboom|Wood Hammer|p1a: Dragonite
|-resisted|p1a: Dragonite
|-damage|p1a: Dragonite|86/100
|-damage|p2a: Rillaboom|49/100|[from] Recoil
|move|p1b: Archaludon|Electro Shot||[still]
|-prepare|p1b: Archaludon|Electro Shot
|-boost|p1b: Archaludon|spa|1
|-anim|p1b: Archaludon|Electro Shot|p2b: Volcarona
|-damage|p2b: Volcarona|63/100
|
|-weather|RainDance|[upkeep]
|-heal|p2b: Volcarona|69/100|[from] Grassy Terrain
|-heal|p2a: Rillaboom|55/100|[from] Grassy Terrain
|-heal|p1b: Archaludon|99/100|[from] Grassy Terrain
|upkeep
|turn|4
|
|t:|1755675152
|switch|p2a: Incineroar|Incineroar, L50, F|100/100
|-ability|p2a: Incineroar|Intimidate|boost
|-unboost|p1a: Dragonite|atk|1
|-unboost|p1b: Archaludon|atk|1
|move|p1a: Dragonite|Extreme Speed|p2b: Volcarona
|-damage|p2b: Volcarona|47/100
|move|p2b: Volcarona|Tera Blast|p1a: Dragonite|[anim] Tera Blast Fairy
|-supereffective|p1a: Dragonite
|-damage|p1a: Dragonite|0 fnt
|faint|p1a: Dragonite
|move|p1b: Archaludon|Electro Shot||[still]
|-prepare|p1b: Archaludon|Electro Shot
|-boost|p1b: Archaludon|spa|1
|-anim|p1b: Archaludon|Electro Shot|p2b: Volcarona
|-damage|p2b: Volcarona|0 fnt
|faint|p2b: Volcarona
|
|-weather|RainDance|[upkeep]
|-heal|p1b: Archaludon|100/100|[from] Grassy Terrain
|upkeep
|
|t:|1755675165
|switch|p1a: Ursaluna|Ursaluna, L50, F|100/100 brn
|switch|p2b: Rillaboom|Rillaboom, L50, M|55/100
|turn|5
|
|t:|1755675182
|-terastallize|p1a: Ursaluna|Ghost
|move|p2a: Incineroar|Fake Out|p1b: Archaludon
|-resisted|p1b: Archaludon
|-damage|p1b: Archaludon|97/100
|-ability|p1b: Archaludon|Stamina|boost
|-boost|p1b: Archaludon|def|1
|move|p2b: Rillaboom|High Horsepower|p1b: Archaludon
|-supereffective|p1b: Archaludon
|-damage|p1b: Archaludon|75/100
|-ability|p1b: Archaludon|Stamina|boost
|-boost|p1b: Archaludon|def|1
|cant|p1b: Archaludon|flinch
|move|p1a: Ursaluna|Facade|p2b: Rillaboom
|-crit|p2b: Rillaboom
|-damage|p2b: Rillaboom|0 fnt
|faint|p2b: Rillaboom
|
|-weather|none
|-heal|p1b: Archaludon|81/100|[from] Grassy Terrain
|-damage|p1a: Ursaluna|95/100 brn|[from] brn
|-fieldend|move: Grassy Terrain
|upkeep
|turn|6
|-message|drewqfan forfeited.
|
|win|qiin5
|raw|qiin5's rating: 1261 → 1300(+39 for winning)
|raw|drewqfan's rating: 1491 → 1459(-32 for losing)
|l|☆drewqfan
|player|p2|
