|j|☆citrus12340
|j|☆marilltest8787
|html|citrus12340marilltest8787    
|uhtml|bestof|Game 3 of a best-of-3
|t:|1785488011
|gametype|doubles
|player|p1|citrus12340|1|1138
|player|p2|marilltest8787|101|1082
|gen|9
|tier|[Gen 9 Champions] VGC 2026 Reg M-B (Bo3)
|rated|
|rule|Species Clause: Limit one of each Pokémon
|rule|Item Clause: Limit 1 of each item
|clearpoke
|poke|p1|Ceruledge, L50, M|
|poke|p1|Ninetales-Alola, L50, M|
|poke|p1|Scrafty, L50, F|
|poke|p1|Sinistcha, L50|
|poke|p1|Raichu, L50, M|
|poke|p1|Milotic, L50, F|
|poke|p2|Blaziken, L50, F|
|poke|p2|Venusaur, L50, F|
|poke|p2|Lycanroc-Dusk, L50, F, shiny|
|poke|p2|Basculegion, L50, M|
|poke|p2|Kingambit, L50, F, shiny|
|poke|p2|Ninetales-Alola, L50, M|
|teampreview|4
|showteam|p1|Ceruledge||ColburBerry|FlashFire|BitterBlade,ShadowSneak,BulkUp,Protect|Adamant||M|||50|]Ninetales-Alola||FocusSash|SnowWarning|Blizzard,FreezeDry,AuroraVeil,Protect|Timid||M|||50|]Scrafty||SitrusBerry|Intimidate|FakeOut,KnockOff,CloseCombat,Detect|Careful||F|||50|]Sinistcha||KasibBerry|Hospitality|MatchaGotcha,LifeDew,RagePowder,TrickRoom|Bold|||||50|]Raichu||RaichuniteY|LightningRod|FakeOut,ZapCannon,FocusBlast,Protect|Timid||M|||50|]Milotic||Leftovers|Competitive|Coil,Hypnosis,MuddyWater,Protect|Bold||F|||50|
|showteam|p2|Blaziken||Blazikenite|SpeedBoost|FlareBlitz,CloseCombat,RockTomb,Detect|Adamant||F|||50|]Venusaur||Venusaurite|Chlorophyll|Protect,GigaDrain,SludgeBomb,EarthPower|Modest||F|||50|]Lycanroc-Dusk||FocusSash|ToughClaws|Protect,Accelerock,RockSlide,CloseCombat|Jolly||F|||50|]Basculegion||ChoiceScarf|Adaptability|WaveCrash,LastRespects,FlipTurn,AquaJet|Jolly||M|||50|]Kingambit||LifeOrb|Defiant|Protect,KowtowCleave,SuckerPunch,IronHead|Adamant||F|||50|]Ninetales-Alola||NeverMeltIce|SnowWarning|Protect,Blizzard,Moonblast,FreezeDry|Timid||M|||50|
|inactive|Battle timer is ON: inactive players will automatically lose when time's up. (requested by citrus12340)
|inactive|marilltest8787 has 60 seconds left.
|
|t:|1785488052
|teamsize|p1|4
|teamsize|p2|4
|start
|switch|p1a: Ninetales|Ninetales-Alola, L50, M|100/100
|switch|p1b: Scrafty|Scrafty, L50, F|100/100
|switch|p2a: Blaziken|Blaziken, L50, F|100/100
|switch|p2b: 三番隊隊長|Kingambit, L50, F, shiny|100/100
|-weather|Snowscape|[from] ability: Snow Warning|[of] p1a: Ninetales
|-ability|p1b: Scrafty|Intimidate|boost
|-unboost|p2a: Blaziken|atk|1
|-unboost|p2b: 三番隊隊長|atk|1
|-ability|p2b: 三番隊隊長|Defiant|boost
|-boost|p2b: 三番隊隊長|atk|2
|turn|1
|inactive|marilltest8787 has 30 seconds left.
|inactive|marilltest8787 has 20 seconds left.
|
|t:|1785488091
|switch|p1a: Ceruledge|Ceruledge, L50, M|100/100
|detailschange|p2a: Blaziken|Blaziken-Mega, L50, F
|-mega|p2a: Blaziken|Blaziken|Blazikenite
|move|p2b: 三番隊隊長|Protect|p2b: 三番隊隊長
|-singleturn|p2b: 三番隊隊長|Protect
|move|p1b: Scrafty|Fake Out|p2a: Blaziken
|-damage|p2a: Blaziken|88/100
|cant|p2a: Blaziken|flinch
|
|-weather|Snowscape|[upkeep]
|-ability|p2a: Blaziken|Speed Boost|boost
|-boost|p2a: Blaziken|spe|1
|upkeep
|turn|2
|
|t:|1785488113
|switch|p2b: 大切生鮭魚|Basculegion, L50, M|100/100
|move|p2a: Blaziken|Rock Tomb|p1a: Ceruledge
|-supereffective|p1a: Ceruledge|1
|-damage|p1a: Ceruledge|65/100
|-unboost|p1a: Ceruledge|spe|1
|move|p1b: Scrafty|Close Combat|p2b: 大切生鮭魚
|-immune|p2b: 大切生鮭魚
|move|p1a: Ceruledge|Bulk Up|p1a: Ceruledge
|-boost|p1a: Ceruledge|atk|1
|-boost|p1a: Ceruledge|def|1
|
|-weather|Snowscape|[upkeep]
|-ability|p2a: Blaziken|Speed Boost|boost
|-boost|p2a: Blaziken|spe|1
|upkeep
|turn|3
|inactive|marilltest8787 has 30 seconds left.
|inactive|marilltest8787 has 20 seconds left.
|
|t:|1785488151
|switch|p1b: Sinistcha|Sinistcha, L50|100/100
|-heal|p1a: Ceruledge|90/100|[from] ability: Hospitality|[of] p1b: Sinistcha
|move|p2b: 大切生鮭魚|Aqua Jet|p1a: Ceruledge
|-supereffective|p1a: Ceruledge|1
|-damage|p1a: Ceruledge|55/100
|move|p1a: Ceruledge|Shadow Sneak|p2b: 大切生鮭魚
|-supereffective|p2b: 大切生鮭魚|1
|-crit|p2b: 大切生鮭魚
|-damage|p2b: 大切生鮭魚|0 fnt
|faint|p2b: 大切生鮭魚
|move|p2a: Blaziken|Rock Tomb|p1a: Ceruledge
|-supereffective|p1a: Ceruledge|1
|-damage|p1a: Ceruledge|33/100
|-unboost|p1a: Ceruledge|spe|1
|
|-weather|Snowscape|[upkeep]
|-ability|p2a: Blaziken|Speed Boost|boost
|-boost|p2a: Blaziken|spe|1
|upkeep
|
|t:|1785488157
|switch|p2b: Cure Sky|Lycanroc-Dusk, L50, F, shiny|100/100
|turn|4
|inactive|citrus12340 has 30 seconds left.
|inactive|citrus12340 has 20 seconds left.
|inactive|citrus12340 has 15 seconds left.
|inactive|citrus12340 has 10 seconds left.
|
|t:|1785488203
|switch|p2a: 三番隊隊長|Kingambit, L50, F, shiny|100/100
|move|p1b: Sinistcha|Rage Powder|p1b: Sinistcha
|-singleturn|p1b: Sinistcha|move: Rage Powder
|move|p2b: Cure Sky|Rock Slide|p1b: Sinistcha|[spread] p1a,p1b
|-supereffective|p1a: Ceruledge|1
|-damage|p1a: Ceruledge|0 fnt
|-damage|p1b: Sinistcha|79/100
|faint|p1a: Ceruledge
|
|-weather|Snowscape|[upkeep]
|upkeep
|
|t:|1785488214
|switch|p1a: Scrafty|Scrafty, L50, F|100/100
|-ability|p1a: Scrafty|Intimidate|boost
|-unboost|p2a: 三番隊隊長|atk|1
|-ability|p2a: 三番隊隊長|Defiant|boost
|-boost|p2a: 三番隊隊長|atk|2
|-unboost|p2b: Cure Sky|atk|1
|turn|5
|inactive|marilltest8787 has 30 seconds left.
|
|t:|1785488241
|move|p2a: 三番隊隊長|Protect|p2a: 三番隊隊長
|-singleturn|p2a: 三番隊隊長|Protect
|move|p2b: Cure Sky|Rock Slide|p1a: Scrafty|[spread] p1a,p1b
|-resisted|p1a: Scrafty|1
|-damage|p1a: Scrafty|93/100
|-damage|p1b: Sinistcha|65/100
|cant|p1a: Scrafty|flinch
|cant|p1b: Sinistcha|flinch
|
|-weather|none
|upkeep
|turn|6
|inactive|citrus12340 has 30 seconds left.
|inactive|marilltest8787 has 30 seconds left.
|inactive|citrus12340 has 20 seconds left.
|inactive|citrus12340 has 15 seconds left.
|inactive|citrus12340 has 10 seconds left.
|
|t:|1785488292
|switch|p2a: Blaziken|Blaziken-Mega, L50, F|88/100
|move|p2b: Cure Sky|Close Combat|p1a: Scrafty
|-supereffective|p1a: Scrafty|1
|-damage|p1a: Scrafty|38/100
|-unboost|p2b: Cure Sky|def|1
|-unboost|p2b: Cure Sky|spd|1
|-enditem|p1a: Scrafty|Sitrus Berry|[eat]
|-heal|p1a: Scrafty|63/100|[from] item: Sitrus Berry
|move|p1b: Sinistcha|Matcha Gotcha|p2a: Blaziken|[spread] p2a,p2b
|-resisted|p2a: Blaziken|1
|-supereffective|p2b: Cure Sky|1
|-damage|p2a: Blaziken|74/100
|-heal|p1b: Sinistcha|72/100|[from] drain|[of] p2a: Blaziken
|-enditem|p2b: Cure Sky|Focus Sash
|-damage|p2b: Cure Sky|1/100
|-heal|p1b: Sinistcha|100/100|[from] drain|[of] p2b: Cure Sky
|move|p1a: Scrafty|Close Combat|p2a: Blaziken
|-damage|p2a: Blaziken|26/100
|-unboost|p1a: Scrafty|def|1
|-unboost|p1a: Scrafty|spd|1
|
|upkeep
|turn|7
|inactive|marilltest8787 has 30 seconds left.
|
|t:|1785488324
|switch|p1a: Ninetales|Ninetales-Alola, L50, M|100/100
|-weather|Snowscape|[from] ability: Snow Warning|[of] p1a: Ninetales
|move|p2b: Cure Sky|Rock Slide|p1b: Sinistcha|[spread] p1a,p1b
|-supereffective|p1a: Ninetales|1
|-damage|p1a: Ninetales|63/100
|-damage|p1b: Sinistcha|86/100
|move|p2a: Blaziken|Flare Blitz|p1b: Sinistcha
|-supereffective|p1b: Sinistcha|1
|-damage|p1b: Sinistcha|0 fnt
|faint|p1b: Sinistcha
|-damage|p2a: Blaziken|0 fnt|[from] Recoil
|faint|p2a: Blaziken
|
|-weather|Snowscape|[upkeep]
|upkeep
|
|t:|1785488348
|switch|p2a: 三番隊隊長|Kingambit, L50, F, shiny|100/100
|switch|p1b: Scrafty|Scrafty, L50, F|63/100
|-ability|p1b: Scrafty|Intimidate|boost
|-unboost|p2a: 三番隊隊長|atk|1
|-ability|p2a: 三番隊隊長|Defiant|boost
|-boost|p2a: 三番隊隊長|atk|2
|-unboost|p2b: Cure Sky|atk|1
|turn|8
|
|t:|1785488372
|move|p2b: Cure Sky|Protect|p2b: Cure Sky
|-singleturn|p2b: Cure Sky|Protect
|move|p1b: Scrafty|Fake Out|p2b: Cure Sky
|-activate|p2b: Cure Sky|move: Protect
|move|p1a: Ninetales|Aurora Veil|p1a: Ninetales
|-sidestart|p1: citrus12340|move: Aurora Veil
|move|p2a: 三番隊隊長|Iron Head|p1a: Ninetales
|-supereffective|p1a: Ninetales|2
|-crit|p1a: Ninetales
|-damage|p1a: Ninetales|0 fnt
|faint|p1a: Ninetales
|-damage|p2a: 三番隊隊長|90/100|[from] item: Life Orb
|
|-weather|Snowscape|[upkeep]
|upkeep
|turn|9
|inactive|marilltest8787 has 30 seconds left.
|inactive|marilltest8787 has 20 seconds left.
|
|t:|1785488410
|move|p2b: Cure Sky|Close Combat|p1b: Scrafty
|-supereffective|p1b: Scrafty|1
|-damage|p1b: Scrafty|33/100
|-unboost|p2b: Cure Sky|def|1
|-unboost|p2b: Cure Sky|spd|1
|move|p1b: Scrafty|Knock Off|p2b: Cure Sky
|-damage|p2b: Cure Sky|0 fnt
|faint|p2b: Cure Sky
|move|p2a: 三番隊隊長|Iron Head|p1b: Scrafty
|-damage|p1b: Scrafty|0 fnt
|faint|p1b: Scrafty
|-damage|p2a: 三番隊隊長|80/100|[from] item: Life Orb
|
|win|marilltest8787
|raw|citrus12340's rating: 1138 → 1109(-29 for losing)
|raw|marilltest8787's rating: 1082 → 1114(+32 for winning)
|l|☆citrus12340
|player|p1|
