|j|☆vril fur4et
|j|☆Lord Of Bulky
|html|vril fur4etLord Of Bulky    
|uhtml|bestof|Game 2 of a best-of-3
|t:|1784307745
|gametype|doubles
|player|p1|vril fur4et|li|1095
|player|p2|Lord Of Bulky|alder|1137
|gen|9
|tier|[Gen 9 Champions] VGC 2026 Reg M-B (Bo3)
|rated|
|rule|Species Clause: Limit one of each Pokémon
|rule|Item Clause: Limit 1 of each item
|clearpoke
|poke|p1|Mawile, L50, M|
|poke|p1|Mamoswine, L50, M|
|poke|p1|Farigiraf, L50, M|
|poke|p1|Milotic, L50, F|
|poke|p1|Hydrapple, L50, F|
|poke|p1|Incineroar, L50, F|
|poke|p2|Politoed, L50, F|
|poke|p2|Swampert, L50, M, shiny|
|poke|p2|Incineroar, L50, F|
|poke|p2|Archaludon, L50, M, shiny|
|poke|p2|Gengar, L50, M, shiny|
|poke|p2|Vivillon-Fancy, L50, F, shiny|
|teampreview|4
|showteam|p1|Mawile||Mawilite|HyperCutter|SuckerPunch,PlayRough,Protect,SwordsDance|Brave||M|||50|]Mamoswine||ChoiceScarf|Oblivious|IcicleCrash,HighHorsepower,RockSlide,IceShard|Jolly||M|||50|]Farigiraf||MentalHerb|ArmorTail|HyperVoice,TrickRoom,Protect,Psychic|Quiet||M|||50|]Milotic||Leftovers|Competitive|Scald,Protect,LifeDew,IceBeam|Quiet||F|||50|]Hydrapple||SitrusBerry|Regenerator|Yawn,Protect,EnergyBall,DracoMeteor|Quiet||F|||50|]Incineroar||ChopleBerry|Intimidate|FlareBlitz,FakeOut,PartingShot,ThroatChop|Careful||F|||50|
|showteam|p2|Politoed||SitrusBerry|Drizzle|WeatherBall,PerishSong,Encore,Protect|Calm||F|||50|]Swampert||Swampertite|Damp|WaveCrash,Earthquake,Protect,IcePunch|Adamant||M|||50|]Incineroar||PasshoBerry|Intimidate|ThroatChop,PartingShot,FakeOut,Protect|Sassy||F|||50|]Archaludon||Leftovers|Stamina|DragonPulse,FlashCannon,ElectroShot,Protect|Bold||M|||50|]Gengar||Gengarite|CursedBody|ShadowBall,PerishSong,SludgeBomb,Protect|Timid||M|||50|]Vivillon-Fancy||FocusSash|CompoundEyes|SleepPowder,Protect,RagePowder,Hurricane|Timid||F|||50|
|
|t:|1784307771
|teamsize|p1|4
|teamsize|p2|4
|start
|switch|p1a: Farigiraf|Farigiraf, L50, M|100/100
|switch|p1b: Incineroar|Incineroar, L50, F|100/100
|switch|p2a: Swampert|Swampert, L50, M, shiny|100/100
|switch|p2b: Vivillon|Vivillon-Fancy, L50, F, shiny|100/100
|-ability|p1b: Incineroar|Intimidate|boost
|-unboost|p2a: Swampert|atk|1
|-unboost|p2b: Vivillon|atk|1
|turn|1
|
|t:|1784307789
|switch|p2a: Archaludon|Archaludon, L50, M, shiny|100/100
|move|p1b: Incineroar|Fake Out|p2a: Archaludon
|-resisted|p2a: Archaludon|1
|-damage|p2a: Archaludon|96/100
|-ability|p2a: Archaludon|Stamina|boost
|-boost|p2a: Archaludon|def|1
|move|p2b: Vivillon|Sleep Powder|p1a: Farigiraf
|-status|p1a: Farigiraf|slp|[from] move: Sleep Powder
|cant|p1a: Farigiraf|slp
|
|-heal|p2a: Archaludon|100/100|[from] item: Leftovers
|upkeep
|turn|2
|
|t:|1784307806
|move|p2b: Vivillon|Hurricane|p1a: Farigiraf|[miss]
|-miss|p2b: Vivillon|p1a: Farigiraf
|move|p2a: Archaludon|Dragon Pulse|p1a: Farigiraf
|-damage|p1a: Farigiraf|61/100 slp
|move|p1b: Incineroar|Flare Blitz|p2b: Vivillon
|-supereffective|p2b: Vivillon|1
|-crit|p2b: Vivillon
|-enditem|p2b: Vivillon|Focus Sash
|-damage|p2b: Vivillon|1/100
|-damage|p1b: Incineroar|74/100|[from] Recoil
|cant|p1a: Farigiraf|slp
|
|upkeep
|turn|3
|
|t:|1784307827
|switch|p2b: Politoed|Politoed, L50, F|100/100
|-weather|RainDance|[from] ability: Drizzle|[of] p2b: Politoed
|switch|p1a: Mamoswine|Mamoswine, L50, M|100/100
|move|p2a: Archaludon|Electro Shot||[still]
|-prepare|p2a: Archaludon|Electro Shot
|-boost|p2a: Archaludon|spa|1
|-anim|p2a: Archaludon|Electro Shot|p1a: Mamoswine
|-immune|p1a: Mamoswine
|move|p1b: Incineroar|Flare Blitz|p2b: Politoed
|-resisted|p2b: Politoed|1
|-crit|p2b: Politoed
|-damage|p2b: Politoed|83/100
|-damage|p1b: Incineroar|69/100|[from] Recoil
|
|-weather|RainDance|[upkeep]
|upkeep
|turn|4
|inactive|Battle timer is ON: inactive players will automatically lose when time's up. (requested by Lord Of Bulky)
|
|t:|1784307846
|move|p1a: Mamoswine|High Horsepower|p2a: Archaludon
|-supereffective|p2a: Archaludon|1
|-damage|p2a: Archaludon|54/100
|-ability|p2a: Archaludon|Stamina|boost
|-boost|p2a: Archaludon|def|1
|move|p2a: Archaludon|Flash Cannon|p1a: Mamoswine
|-supereffective|p1a: Mamoswine|1
|-damage|p1a: Mamoswine|0 fnt
|faint|p1a: Mamoswine
|move|p2b: Politoed|Weather Ball|p1b: Incineroar
|-supereffective|p1b: Incineroar|1
|-damage|p1b: Incineroar|0 fnt
|faint|p1b: Incineroar
|
|-weather|RainDance|[upkeep]
|-heal|p2a: Archaludon|60/100|[from] item: Leftovers
|upkeep
|
|t:|1784307854
|switch|p1a: Mawile|Mawile, L50, M|100/100
|switch|p1b: Farigiraf|Farigiraf, L50, M|61/100 slp
|turn|5
|
|t:|1784307869
|detailschange|p1a: Mawile|Mawile-Mega, L50, M
|-mega|p1a: Mawile|Mawile|Mawilite
|move|p2a: Archaludon|Electro Shot||[still]
|-prepare|p2a: Archaludon|Electro Shot
|-boost|p2a: Archaludon|spa|1
|-anim|p2a: Archaludon|Electro Shot|p1a: Mawile
|-damage|p1a: Mawile|15/100
|move|p2b: Politoed|Weather Ball|p1a: Mawile
|-damage|p1a: Mawile|0 fnt
|faint|p1a: Mawile
|-curestatus|p1b: Farigiraf|slp|[msg]
|move|p1b: Farigiraf|Trick Room|p1b: Farigiraf
|-fieldstart|move: Trick Room|[of] p1b: Farigiraf
|
|-weather|RainDance|[upkeep]
|-heal|p2a: Archaludon|66/100|[from] item: Leftovers
|upkeep
|turn|6
|
|t:|1784307887
|move|p1b: Farigiraf|Hyper Voice|p2b: Politoed|[spread] p2a,p2b
|-resisted|p2a: Archaludon|1
|-damage|p2a: Archaludon|51/100
|-damage|p2b: Politoed|57/100
|-ability|p2a: Archaludon|Stamina|boost
|-boost|p2a: Archaludon|def|1
|move|p2b: Politoed|Weather Ball|p1b: Farigiraf
|-damage|p1b: Farigiraf|11/100
|move|p2a: Archaludon|Electro Shot||[still]
|-prepare|p2a: Archaludon|Electro Shot
|-boost|p2a: Archaludon|spa|1
|-anim|p2a: Archaludon|Electro Shot|p1b: Farigiraf
|-damage|p1b: Farigiraf|0 fnt
|faint|p1b: Farigiraf
|
|win|Lord Of Bulky
|raw|vril fur4et's rating: 1095 → 1074(-21 for losing)
|raw|Lord Of Bulky's rating: 1137 → 1159(+22 for winning)
|l|☆vril fur4et
|player|p1|
