|j|â˜†Frisk Azzy
|j|â˜†LittleSunLight
|html|Frisk AzzyLittleSunLight    
|uhtml|bestof|Game 2 of a best-of-3
|t:|1784315271
|gametype|doubles
|player|p1|Frisk Azzy|dragontamer|
|player|p2|LittleSunLight|beauty|
|gen|9
|tier|[Gen 9 Champions] VGC 2026 Reg M-B (Bo3)
|rule|Species Clause: Limit one of each PokÃ©mon
|rule|Item Clause: Limit 1 of each item
|clearpoke
|poke|p1|Charizard, L50, M, shiny|
|poke|p1|Venusaur, L50, M|
|poke|p1|Whimsicott, L50, M|
|poke|p1|Luxray, L50, M, shiny|
|poke|p1|Aegislash, L50, M|
|poke|p1|Garchomp, L50, F, shiny|
|poke|p2|Dragonite, L50, F, shiny|
|poke|p2|Froslass, L50, F|
|poke|p2|Sneasler, L50, M|
|poke|p2|Arcanine-Hisui, L50, M|
|poke|p2|Basculegion, L50, M|
|poke|p2|Kingambit, L50, F|
|teampreview|4
|showteam|p1|Charizard||CharizarditeY|SolarPower|AirSlash,HeatWave,Protect,SolarBeam|Timid||M|||50|]Venusaur||LifeOrb|Chlorophyll|GigaDrain,Protect,EarthPower,SludgeBomb|Modest||M|||50|]Whimsicott||FocusSash|Prankster|Taunt,Tailwind,SunnyDay,Moonblast|Timid||M|||50|]Luxray||SitrusBerry|Intimidate|WildCharge,Protect,VoltSwitch,Crunch|Sassy||M|||50|]Aegislash||SpellTag|StanceChange|ShadowSneak,KingsShield,WideGuard,IronHead|Adamant||M|||50|]Garchomp||YacheBerry|RoughSkin|DragonClaw,RockSlide,Earthquake,Protect|Jolly||F|||50|
|showteam|p2|Dragonite||Dragoninite|Multiscale|Protect,Tailwind,DragonPulse,Flamethrower|Modest||F|||50|]Froslass||Froslassite|CursedBody|Protect,Blizzard,ShadowBall,AuroraVeil|Timid||F|||50|]Sneasler||WhiteHerb|Unburden|Protect,CloseCombat,DireClaw,FakeOut|Jolly||M|||50|]Arcanine-Hisui||FocusSash|RockHead|FlareBlitz,HeadSmash,RockSlide,ExtremeSpeed|Jolly||M|||50|]Basculegion||LifeOrb|Adaptability|Protect,WaveCrash,AquaJet,LastRespects|Adamant||M|||50|]Kingambit||ChopleBerry|Defiant|Protect,KowtowCleave,IronHead,SuckerPunch|Adamant||F|||50|
|inactive|Battle timer is ON: inactive players will automatically lose when time's up. (requested by LittleSunLight)
|
|t:|1784315302
|teamsize|p1|4
|teamsize|p2|4
|start
|switch|p1a: Hexcalibern|Aegislash, L50, M|100/100
|switch|p1b: Bow|Garchomp, L50, F, shiny|100/100
|switch|p2a: Elssssa|Froslass, L50, F|100/100
|switch|p2b: Mochi|Sneasler, L50, M|100/100
|turn|1
|
|t:|1784315325
|switch|p1b: Dragoniod|Charizard, L50, M, shiny|100/100
|detailschange|p2a: Elssssa|Froslass-Mega, L50, F
|-mega|p2a: Elssssa|Froslass|Froslassite
|-weather|Snowscape|[from] ability: Snow Warning|[of] p2a: Elssssa
|move|p2b: Mochi|Fake Out|p1b: Dragoniod
|-damage|p1b: Dragoniod|78/100
|-formechange|p1a: Hexcalibern|Aegislash-Blade|
|move|p1a: Hexcalibern|Shadow Sneak|p2a: Elssssa
|-supereffective|p2a: Elssssa|1
|-damage|p2a: Elssssa|30/100
|move|p2a: Elssssa|Shadow Ball|p1a: Hexcalibern
|-supereffective|p1a: Hexcalibern|1
|-damage|p1a: Hexcalibern|0 fnt
|faint|p1a: Hexcalibern
|
|-weather|Snowscape|[upkeep]
|upkeep
|
|t:|1784315342
|switch|p1a: Bow|Garchomp, L50, F, shiny|100/100
|turn|2
|c|â˜†Frisk Azzy|you caught me of guard with the new lead
|inactive|LittleSunLight has 30 seconds left.
|
|t:|1784315376
|switch|p2a: Helix!|Dragonite, L50, F, shiny|100/100
|detailschange|p1b: Dragoniod|Charizard-Mega-Y, L50, M, shiny
|-mega|p1b: Dragoniod|Charizard|Charizardite Y
|-weather|SunnyDay|[from] ability: Drought|[of] p1b: Dragoniod
|move|p1b: Dragoniod|Protect|p1b: Dragoniod
|-singleturn|p1b: Dragoniod|Protect
|move|p2b: Mochi|Dire Claw|p1b: Dragoniod
|-activate|p1b: Dragoniod|move: Protect
|move|p1a: Bow|Rock Slide|p2a: Helix!|[spread] p2a,p2b
|-supereffective|p2a: Helix!|1
|-resisted|p2b: Mochi|1
|-damage|p2a: Helix!|79/100
|-damage|p2b: Mochi|82/100
|
|-weather|SunnyDay|[upkeep]
|upkeep
|turn|3
|inactive|LittleSunLight has 30 seconds left.
|inactive|LittleSunLight has 20 seconds left.
|
|t:|1784315413
|move|p2b: Mochi|Dire Claw|p1b: Dragoniod
|-damage|p1b: Dragoniod|23/100
|move|p1a: Bow|Dragon Claw|p2a: Helix!
|-supereffective|p2a: Helix!|1
|-damage|p2a: Helix!|0 fnt
|faint|p2a: Helix!
|move|p1b: Dragoniod|Air Slash|p2b: Mochi
|-supereffective|p2b: Mochi|1
|-damage|p2b: Mochi|0 fnt
|faint|p2b: Mochi
|
|-weather|SunnyDay|[upkeep]
|upkeep
|c|â˜†LittleSunLight|lol
|
|t:|1784315425
|switch|p2b: Chaos|Basculegion, L50, M|100/100
|switch|p2a: Elssssa|Froslass-Mega, L50, F|30/100
|-weather|Snowscape|[from] ability: Snow Warning|[of] p2a: Elssssa
|turn|4
|inactive|LittleSunLight has 30 seconds left.
|
|t:|1784315454
|switch|p1b: Skippy|Luxray, L50, M, shiny|100/100
|-ability|p1b: Skippy|Intimidate|boost
|-unboost|p2a: Elssssa|atk|1
|-unboost|p2b: Chaos|atk|1
|move|p1a: Bow|Protect|p1a: Bow
|-singleturn|p1a: Bow|Protect
|move|p2a: Elssssa|Blizzard|p1a: Bow|[spread] p1b
|-activate|p1a: Bow|move: Protect
|-damage|p1b: Skippy|55/100
|-status|p1b: Skippy|frz
|move|p2b: Chaos|Last Respects|p1a: Bow
|-activate|p1a: Bow|move: Protect
|
|-weather|Snowscape|[upkeep]
|upkeep
|turn|5
|
|t:|1784315478
|move|p2a: Elssssa|Blizzard|p1b: Skippy|[spread] p1a,p1b
|-supereffective|p1a: Bow|2
|-enditem|p1a: Bow|Yache Berry|[eat]
|-enditem|p1a: Bow|Yache Berry|[weaken]
|-damage|p1a: Bow|5/100
|-damage|p1b: Skippy|13/100 frz
|-enditem|p1b: Skippy|Sitrus Berry|[eat]
|-heal|p1b: Skippy|37/100 frz|[from] item: Sitrus Berry
|move|p1a: Bow|Rock Slide|p2a: Elssssa|[spread] p2a,p2b
|-supereffective|p2a: Elssssa|1
|-damage|p2a: Elssssa|0 fnt
|-damage|p2b: Chaos|74/100
|faint|p2a: Elssssa
|move|p2b: Chaos|Last Respects|p1a: Bow
|-damage|p1a: Bow|0 fnt
|faint|p1a: Bow
|-damage|p2b: Chaos|64/100|[from] item: Life Orb
|cant|p1b: Skippy|frz
|
|-weather|Snowscape|[upkeep]
|upkeep
|
|t:|1784315495
|switch|p1a: Dragoniod|Charizard-Mega-Y, L50, M, shiny|23/100
|-weather|SunnyDay|[from] ability: Drought|[of] p1a: Dragoniod
|turn|6
|
|t:|1784315506
|move|p2b: Chaos|Aqua Jet|p1a: Dragoniod
|-supereffective|p1a: Dragoniod|1
|-damage|p1a: Dragoniod|0 fnt
|faint|p1a: Dragoniod
|-damage|p2b: Chaos|54/100|[from] item: Life Orb
|cant|p1b: Skippy|frz
|
|-weather|SunnyDay|[upkeep]
|upkeep
|turn|7
|
|t:|1784315518
|-curestatus|p1b: Skippy|frz|[msg]
|move|p1b: Skippy|Protect|p1b: Skippy
|-singleturn|p1b: Skippy|Protect
|move|p2b: Chaos|Last Respects|p1b: Skippy
|-activate|p1b: Skippy|move: Protect
|
|-weather|SunnyDay|[upkeep]
|upkeep
|turn|8
|
|t:|1784315529
|move|p2b: Chaos|Last Respects|p1b: Skippy
|-damage|p1b: Skippy|0 fnt
|faint|p1b: Skippy
|-damage|p2b: Chaos|45/100|[from] item: Life Orb
|
|win|LittleSunLight
|c|â˜†LittleSunLight|lets play again
|c|â˜†LittleSunLight|i did not deserve taht
|c|â˜†Frisk Azzy|ggwp
