|j|☆craqui butaneroc
|j|☆moth.o
|html|craqui butanerocmoth.o    
|uhtml|bestof|Game 3 of a best-of-3
|t:|1786100882
|gametype|doubles
|player|p1|craqui butaneroc|169|1174
|player|p2|moth.o|roxie|1172
|gen|9
|tier|[Gen 9 Champions] VGC 2026 Reg M-B (Bo3)
|rated|
|rule|Species Clause: Limit one of each Pokémon
|rule|Item Clause: Limit 1 of each item
|clearpoke
|poke|p1|Delphox, L50, F|
|poke|p1|Maushold-Four, L50|
|poke|p1|Vivillon, L50, F|
|poke|p1|Basculegion, L50, M|
|poke|p1|Kingambit, L50, M|
|poke|p1|Garchomp, L50, M|
|poke|p2|Houndoom, L50, M|
|poke|p2|Garchomp, L50, F|
|poke|p2|Staraptor, L50, F|
|poke|p2|Torkoal, L50, M|
|poke|p2|Venusaur, L50, F|
|poke|p2|Whimsicott, L50, M|
|teampreview|4
|showteam|p1|Delphox||Delphoxite|Magician|Psyshock,HeatWave,NastyPlot,Protect|Timid||F|||50|]Maushold-Four||FocusSash|FriendGuard|SuperFang,FollowMe,Feint,Taunt|Jolly|||||50|]Vivillon||ChoiceScarf|CompoundEyes|SleepPowder,Tailwind,Hurricane,Uturn|Timid||F|||50|]Basculegion||LifeOrb|Adaptability|WaveCrash,LastRespects,AquaJet,Protect|Adamant||M|||50|]Kingambit||ChopleBerry|Defiant|KowtowCleave,SuckerPunch,LowKick,IronHead|Adamant||M|||50|]Garchomp||SitrusBerry|RoughSkin|DragonClaw,Earthquake,RockSlide,Protect|Adamant||M|||50|
|showteam|p2|Houndoom||Houndoominite|FlashFire|Protect,Overheat,HeatWave,DarkPulse|Timid||M|||50|]Garchomp||LifeOrb|RoughSkin|Protect,DragonClaw,Earthquake,RockSlide|Jolly||F|||50|]Staraptor||Staraptite|Intimidate|Protect,BraveBird,CloseCombat,Roost|Jolly||F|||50|]Torkoal||Charcoal|Drought|Protect,Eruption,HelpingHand,WeatherBall|Modest||M|||50|]Venusaur||WhiteHerb|Chlorophyll|Protect,SludgeBomb,LeafStorm,SleepPowder|Modest||F|||50|]Whimsicott||FocusSash|Prankster|Protect,Moonblast,Tailwind,SunnyDay|Timid||M|||50|
|inactive|Battle timer is ON: inactive players will automatically lose when time's up. (requested by craqui butaneroc)
|
|t:|1786100919
|teamsize|p1|4
|teamsize|p2|4
|start
|switch|p1a: Delphox|Delphox, L50, F|100/100
|switch|p1b: Maushold|Maushold-Four, L50|100/100
|switch|p2a: Garchomp|Garchomp, L50, F|100/100
|switch|p2b: Whimsicott|Whimsicott, L50, M|100/100
|turn|1
|
|t:|1786100944
|detailschange|p1a: Delphox|Delphox-Mega, L50, F
|-mega|p1a: Delphox|Delphox|Delphoxite
|move|p2b: Whimsicott|Tailwind|p2b: Whimsicott
|-sidestart|p2: moth.o|move: Tailwind
|move|p2a: Garchomp|Dragon Claw|p1b: Maushold
|-damage|p1b: Maushold|28/100
|-damage|p2a: Garchomp|90/100|[from] item: Life Orb
|move|p1a: Delphox|Heat Wave|p2b: Whimsicott|[spread] p2a
|-miss|p1a: Delphox|p2b: Whimsicott
|-resisted|p2a: Garchomp|1
|-damage|p2a: Garchomp|67/100
|move|p1b: Maushold|Super Fang|p2a: Garchomp
|-damage|p2a: Garchomp|34/100
|-damage|p1b: Maushold|16/100|[from] ability: Rough Skin|[of] p2a: Garchomp
|
|upkeep
|turn|2
|
|t:|1786100965
|move|p1b: Maushold|Feint|p2b: Whimsicott
|-damage|p2b: Whimsicott|86/100
|move|p2b: Whimsicott|Moonblast|p1b: Maushold
|-damage|p1b: Maushold|0 fnt
|faint|p1b: Maushold
|move|p2a: Garchomp|Rock Slide|p1a: Delphox
|-supereffective|p1a: Delphox|1
|-damage|p1a: Delphox|4/100
|-damage|p2a: Garchomp|24/100|[from] item: Life Orb
|cant|p1a: Delphox|flinch
|
|upkeep
|
|t:|1786100976
|switch|p1b: Basculegion|Basculegion, L50, M|100/100
|turn|3
|
|t:|1786101000
|switch|p2b: Torkoal|Torkoal, L50, M|100/100
|-weather|SunnyDay|[from] ability: Drought|[of] p2b: Torkoal
|move|p1b: Basculegion|Aqua Jet|p2a: Garchomp
|-damage|p2a: Garchomp|8/100
|-damage|p1b: Basculegion|87/100|[from] ability: Rough Skin|[of] p2a: Garchomp
|-damage|p1b: Basculegion|78/100|[from] item: Life Orb
|move|p2a: Garchomp|Dragon Claw|p1b: Basculegion
|-damage|p1b: Basculegion|17/100
|-damage|p2a: Garchomp|0 fnt|[from] item: Life Orb
|faint|p2a: Garchomp
|move|p1a: Delphox|Heat Wave|p2b: Torkoal
|-resisted|p2b: Torkoal|1
|-damage|p2b: Torkoal|45/100
|
|-weather|SunnyDay|[upkeep]
|upkeep
|
|t:|1786101017
|switch|p2a: Houndoom|Houndoom, L50, M|100/100
|turn|4
|
|t:|1786101032
|detailschange|p2a: Houndoom|Houndoom-Mega, L50, M
|-mega|p2a: Houndoom|Houndoom|Houndoominite
|move|p1a: Delphox|Protect|p1a: Delphox
|-singleturn|p1a: Delphox|Protect
|move|p1b: Basculegion|Protect|p1b: Basculegion
|-singleturn|p1b: Basculegion|Protect
|move|p2b: Torkoal|Protect|p2b: Torkoal
|-singleturn|p2b: Torkoal|Protect
|move|p2a: Houndoom|Heat Wave|p1b: Basculegion|[spread] 
|-activate|p1a: Delphox|move: Protect
|-activate|p1b: Basculegion|move: Protect
|
|-weather|SunnyDay|[upkeep]
|-damage|p2a: Houndoom|87/100|[from] ability: Solar Power|[of] p2a: Houndoom
|-sideend|p2: moth.o|move: Tailwind
|upkeep
|turn|5
|
|t:|1786101053
|switch|p1b: Garchomp|Garchomp, L50, M|100/100
|move|p1a: Delphox|Psyshock|p2b: Torkoal
|-damage|p2b: Torkoal|13/100
|move|p2a: Houndoom|Heat Wave|p1a: Delphox|[spread] p1a,p1b
|-resisted|p1a: Delphox|1
|-resisted|p1b: Garchomp|1
|-damage|p1a: Delphox|0 fnt
|-damage|p1b: Garchomp|58/100
|faint|p1a: Delphox
|move|p2b: Torkoal|Weather Ball|p1b: Garchomp
|-resisted|p1b: Garchomp|1
|-damage|p1b: Garchomp|18/100
|-enditem|p1b: Garchomp|Sitrus Berry|[eat]
|-heal|p1b: Garchomp|43/100|[from] item: Sitrus Berry
|
|-weather|SunnyDay|[upkeep]
|-damage|p2a: Houndoom|75/100|[from] ability: Solar Power|[of] p2a: Houndoom
|upkeep
|
|t:|1786101060
|switch|p1a: Basculegion|Basculegion, L50, M|17/100
|turn|6
|
|t:|1786101074
|move|p2b: Torkoal|Helping Hand|p2a: Houndoom
|-singleturn|p2a: Houndoom|Helping Hand|[of] p2b: Torkoal
|move|p1a: Basculegion|Protect|p1a: Basculegion
|-singleturn|p1a: Basculegion|Protect
|move|p2a: Houndoom|Heat Wave|p1b: Garchomp|[spread] p1b
|-activate|p1a: Basculegion|move: Protect
|-resisted|p1b: Garchomp|1
|-damage|p1b: Garchomp|0 fnt
|faint|p1b: Garchomp
|
|-weather|SunnyDay|[upkeep]
|-damage|p2a: Houndoom|63/100|[from] ability: Solar Power|[of] p2a: Houndoom
|upkeep
|turn|7
|
|t:|1786101088
|move|p1a: Basculegion|Aqua Jet|p2a: Houndoom
|-supereffective|p2a: Houndoom|1
|-crit|p2a: Houndoom
|-damage|p2a: Houndoom|5/100
|-damage|p1a: Basculegion|7/100|[from] item: Life Orb
|move|p2a: Houndoom|Dark Pulse|p1a: Basculegion
|-supereffective|p1a: Basculegion|1
|-damage|p1a: Basculegion|0 fnt
|faint|p1a: Basculegion
|
|win|moth.o
|raw|craqui butaneroc's rating: 1174 → 1149(-25 for losing)
|raw|moth.o's rating: 1172 → 1197(+25 for winning)
|l|☆craqui butaneroc
|player|p1|
