|j|☆loui0107
|j|☆soap858
|html|loui0107soap858    
|uhtml|bestof|Game 1 of a best-of-3
|t:|1756173946
|gametype|doubles
|player|p1|loui0107|dawn|1219
|player|p2|soap858|102|1387
|gen|9
|tier|[Gen 9] VGC 2025 Reg H (Bo3)
|rated|
|rule|Species Clause: Limit one of each Pokémon
|rule|Item Clause: Limit 1 of each item
|clearpoke
|poke|p1|Gholdengo, L50|
|poke|p1|Incineroar, L50, M|
|poke|p1|Dragonite, L50, M|
|poke|p1|Rillaboom, L50, M|
|poke|p1|Annihilape, L50, F|
|poke|p1|Ursaluna-Bloodmoon, L50, M|
|poke|p2|Armarouge, L50, M|
|poke|p2|Indeedee-F, L50, F|
|poke|p2|Torkoal, L50, M|
|poke|p2|Kingambit, L50, M|
|poke|p2|Dragapult, L50, F|
|poke|p2|Gallade, L50, M|
|teampreview|4
|showteam|p1|Gholdengo||LifeOrb|GoodasGold|MakeItRain,ShadowBall,NastyPlot,Protect||||||50|,,,,,Steel]Incineroar||SafetyGoggles|Intimidate|FakeOut,FlareBlitz,KnockOff,PartingShot|||M|||50|,,,,,Ghost]Dragonite||LoadedDice|Multiscale|ScaleShot,ExtremeSpeed,Tailwind,Protect|||M|||50|,,,,,Fairy]Rillaboom||AssaultVest|GrassySurge|FakeOut,DrumBeating,WoodHammer,HighHorsepower|||M|||50|,,,,,Ground]Annihilape||FocusSash|Defiant|RageFist,CloseCombat,RockTomb,Protect|||F|||50|,,,,,Stellar]Ursaluna-Bloodmoon||SilkScarf|MindsEye|BloodMoon,EarthPower,VacuumWave,Protect|||M|||50|,,,,,Water
|showteam|p2|Armarouge||LifeOrb|FlashFire|Protect,ExpandingForce,ArmorCannon,TrickRoom|||M|||50|,,,,,Grass]Indeedee-F||SitrusBerry|PsychicSurge|DazzlingGleam,FollowMe,HelpingHand,TrickRoom|||F|||50|,,,,,Fairy]Torkoal||Charcoal|Drought|Protect,Eruption,WeatherBall,EarthPower|||M|||50|,,,,,Fire]Kingambit||AssaultVest|Defiant|KowtowCleave,IronHead,LowKick,SuckerPunch|||M|||50|,,,,,Dark]Dragapult||ChoiceBand|ClearBody|DragonDarts,PhantomForce,Uturn,Outrage|||F|||50|,,,,,Dragon]Gallade||ClearAmulet|Sharpness|Protect,SacredSword,PsychoCut,TrickRoom|||M|||50|,,,,,Steel
|inactive|Battle timer is ON: inactive players will automatically lose when time's up. (requested by loui0107)
|inactive|loui0107 has 60 seconds left.
|inactive|soap858 has 60 seconds left.
|inactive|loui0107 has 30 seconds left.
|inactive|soap858 has 30 seconds left.
|inactive|loui0107 has 20 seconds left.
|inactive|loui0107 has 15 seconds left.
|inactive|loui0107 has 10 seconds left.
|inactive|loui0107 has 5 seconds left.
|
|t:|1756174037
|teamsize|p1|4
|teamsize|p2|4
|start
|switch|p1a: Gholdengo|Gholdengo, L50|100/100
|switch|p1b: Incineroar|Incineroar, L50, M|100/100
|switch|p2a: Gallade|Gallade, L50, M|100/100
|switch|p2b: Indeedee|Indeedee-F, L50, F|100/100
|-ability|p1b: Incineroar|Intimidate|boost
|-fail|p2a: Gallade|unboost|[from] item: Clear Amulet|[of] p2a: Gallade
|-unboost|p2b: Indeedee|atk|1
|-fieldstart|move: Psychic Terrain|[from] ability: Psychic Surge|[of] p2b: Indeedee
|turn|1
|
|t:|1756174056
|switch|p1b: Rillaboom|Rillaboom, L50, M|100/100
|-fieldstart|move: Grassy Terrain|[from] ability: Grassy Surge|[of] p1b: Rillaboom
|move|p1a: Gholdengo|Shadow Ball|p2a: Gallade
|-supereffective|p2a: Gallade
|-damage|p2a: Gallade|7/100
|-damage|p1a: Gholdengo|91/100|[from] item: Life Orb
|move|p2a: Gallade|Sacred Sword|p1b: Rillaboom
|-crit|p1b: Rillaboom
|-damage|p1b: Rillaboom|0 fnt
|faint|p1b: Rillaboom
|move|p2b: Indeedee|Trick Room|p2b: Indeedee
|-fieldstart|move: Trick Room|[of] p2b: Indeedee
|
|-heal|p2a: Gallade|12/100|[from] Grassy Terrain
|-heal|p1a: Gholdengo|97/100|[from] Grassy Terrain
|upkeep
|
|t:|1756174076
|switch|p1b: Incineroar|Incineroar, L50, M|100/100
|-ability|p1b: Incineroar|Intimidate|boost
|-fail|p2a: Gallade|unboost|[from] item: Clear Amulet|[of] p2a: Gallade
|-unboost|p2b: Indeedee|atk|1
|turn|2
|inactive|soap858 has 30 seconds left.
|
|t:|1756174103
|switch|p2b: Kingambit|Kingambit, L50, M|100/100
|-terastallize|p1b: Incineroar|Ghost
|move|p2a: Gallade|Protect|p2a: Gallade
|-singleturn|p2a: Gallade|Protect
|move|p1b: Incineroar|Knock Off|p2b: Kingambit
|-resisted|p2b: Kingambit
|-damage|p2b: Kingambit|88/100
|-enditem|p2b: Kingambit|Assault Vest|[from] move: Knock Off|[of] p1b: Incineroar
|move|p1a: Gholdengo|Nasty Plot|p1a: Gholdengo
|-boost|p1a: Gholdengo|spa|2
|
|-heal|p2b: Kingambit|94/100|[from] Grassy Terrain
|-heal|p2a: Gallade|18/100|[from] Grassy Terrain
|-heal|p1a: Gholdengo|100/100|[from] Grassy Terrain
|upkeep
|turn|3
|
|t:|1756174128
|switch|p1b: Dragonite|Dragonite, L50, M|100/100
|-terastallize|p2b: Kingambit|Dark
|move|p1a: Gholdengo|Protect|p1a: Gholdengo
|-singleturn|p1a: Gholdengo|Protect
|move|p2b: Kingambit|Kowtow Cleave|p1b: Dragonite
|-damage|p1b: Dragonite|61/100
|move|p2a: Gallade|Psycho Cut|p1b: Dragonite
|-damage|p1b: Dragonite|0 fnt
|faint|p1b: Dragonite
|
|-heal|p2b: Kingambit|99/100|[from] Grassy Terrain
|-heal|p2a: Gallade|24/100|[from] Grassy Terrain
|upkeep
|
|t:|1756174142
|switch|p1b: Incineroar|Incineroar, L50, M, tera:Ghost|100/100
|-ability|p1b: Incineroar|Intimidate|boost
|-fail|p2a: Gallade|unboost|[from] item: Clear Amulet|[of] p2a: Gallade
|-unboost|p2b: Kingambit|atk|1
|-ability|p2b: Kingambit|Defiant|boost
|-boost|p2b: Kingambit|atk|2
|turn|4
|
|t:|1756174154
|switch|p2a: Indeedee|Indeedee-F, L50, F|100/100
|-fieldstart|move: Psychic Terrain|[from] ability: Psychic Surge|[of] p2a: Indeedee
|move|p1b: Incineroar|Fake Out|p2b: Kingambit
|-activate|p2b: Kingambit|move: Psychic Terrain
|move|p2b: Kingambit|Kowtow Cleave|p1a: Gholdengo
|-supereffective|p1a: Gholdengo
|-damage|p1a: Gholdengo|0 fnt
|faint|p1a: Gholdengo
|
|upkeep
|turn|5
|-message|loui0107 forfeited.
|
|win|soap858
|l|☆loui0107
|player|p1|
||loui0107 is ready for game 2.
||soap858 is ready for game 2.
|uhtml|next|Next: Game 2 of 3
|j|☆loui0107
|player|p1|loui0107|dawn|
