|j|☆NicoViBrittania
|j|☆Uncreative7452
|html|NicoViBrittaniaUncreative7452    
|uhtml|bestof|Game 3 of a best-of-3
|t:|1756956463
|gametype|doubles
|player|p1|NicoViBrittania|169|1109
|player|p2|Uncreative7452|tuber|1013
|gen|9
|tier|[Gen 9] VGC 2025 Reg H (Bo3)
|rated|
|rule|Species Clause: Limit one of each Pokémon
|rule|Item Clause: Limit 1 of each item
|clearpoke
|poke|p1|Arboliva, L50, F|
|poke|p1|Annihilape, L50, F|
|poke|p1|Porygon2, L50|
|poke|p1|Primarina, L50, F|
|poke|p1|Ursaluna, L50, F|
|poke|p1|Torkoal, L50, M|
|poke|p2|Rillaboom, L50, M|
|poke|p2|Gallade, L50, M|
|poke|p2|Magmar, L50, F|
|poke|p2|Bronzong, L50|
|poke|p2|Primarina, L50, F|
|poke|p2|Alcremie, L50, F|
|teampreview|4
|showteam|p1|Arboliva||SitrusBerry|Harvest|GigaDrain,EarthPower,Protect,HyperVoice|||F|||50|,,,,,Water]Annihilape||SafetyGoggles|Defiant|CloseCombat,RageFist,Taunt,FinalGambit|||F|||50|,,,,,Steel]Porygon2||Eviolite|Trace|TrickRoom,TriAttack,Protect,Recover||||||50|,,,,,Fairy]Primarina||ThroatSpray|LiquidVoice|Moonblast,Protect,HyperVoice,TeraBlast|||F|||50|,,,,,Ground]Ursaluna||FlameOrb|Guts|Facade,HeadlongRush,Protect,Earthquake|||F|||50|,,,,,Ghost]Torkoal||CovertCloak|Drought|HeatWave,SolarBeam,Protect,Eruption|||M|||50|,,,,,Fire
|showteam|p2|Rillaboom||AssaultVest|GrassySurge|GrassyGlide,WoodHammer,Uturn,FakeOut|||M|||50|,,,,,Fire]Gallade||SafetyGoggles|Sharpness|PsychoCut,SacredSword,WideGuard,TrickRoom|||M|||50|,,,,,Fire]Magmar||Eviolite|VitalSpirit|FollowMe,HeatWave,WillOWisp,Protect|||F|||50|,,,,,Ghost]Bronzong||CovertCloak|Levitate|HeavySlam,TrickRoom,BodyPress,GyroBall||||||50|,,,,,Water]Primarina||ThroatSpray|LiquidVoice|HyperVoice,Moonblast,Protect,Encore|||F|||50|,,,,,Water]Alcremie||SitrusBerry|AromaVeil|AlluringVoice,Decorate,Protect,HelpingHand|||F|||50|,,,,,Steel
|
|t:|1756956493
|teamsize|p1|4
|teamsize|p2|4
|start
|switch|p1a: Annihilape|Annihilape, L50, F|100/100
|switch|p1b: Primarina|Primarina, L50, F|100/100
|switch|p2a: Gallade|Gallade, L50, M|100/100
|switch|p2b: Alcremie|Alcremie, L50, F|100/100
|turn|1
|
|t:|1756956524
|move|p2b: Alcremie|Helping Hand|p2a: Gallade
|-singleturn|p2a: Gallade|Helping Hand|[of] p2b: Alcremie
|move|p1a: Annihilape|Rage Fist|p2a: Gallade
|-supereffective|p2a: Gallade
|-damage|p2a: Gallade|41/100
|move|p2a: Gallade|Psycho Cut|p1b: Primarina
|-damage|p1b: Primarina|0 fnt
|faint|p1b: Primarina
|
|upkeep
|
|t:|1756956540
|switch|p1b: Torkoal|Torkoal, L50, M|100/100
|-weather|SunnyDay|[from] ability: Drought|[of] p1b: Torkoal
|turn|2
|
|t:|1756956552
|move|p1a: Annihilape|Rage Fist|p2a: Gallade
|-supereffective|p2a: Gallade
|-crit|p2a: Gallade
|-damage|p2a: Gallade|0 fnt
|faint|p2a: Gallade
|move|p2b: Alcremie|Alluring Voice|p1a: Annihilape
|-supereffective|p1a: Annihilape
|-damage|p1a: Annihilape|37/100
|move|p1b: Torkoal|Eruption|p2b: Alcremie
|-damage|p2b: Alcremie|20/100
|-enditem|p2b: Alcremie|Sitrus Berry|[eat]
|-heal|p2b: Alcremie|45/100|[from] item: Sitrus Berry
|
|-weather|SunnyDay|[upkeep]
|upkeep
|
|t:|1756956562
|switch|p2a: Primarina|Primarina, L50, F|100/100
|turn|3
|
|t:|1756956603
|-terastallize|p1b: Torkoal|Fire
|move|p2a: Primarina|Protect|p2a: Primarina
|-singleturn|p2a: Primarina|Protect
|move|p1a: Annihilape|Rage Fist|p2a: Primarina
|-activate|p2a: Primarina|move: Protect
|move|p2b: Alcremie|Alluring Voice|p1a: Annihilape
|-supereffective|p1a: Annihilape
|-damage|p1a: Annihilape|0 fnt
|faint|p1a: Annihilape
|move|p1b: Torkoal|Eruption|p2b: Alcremie|[spread] p2b
|-activate|p2a: Primarina|move: Protect
|-crit|p2b: Alcremie
|-damage|p2b: Alcremie|0 fnt
|faint|p2b: Alcremie
|
|-weather|SunnyDay|[upkeep]
|upkeep
|
|t:|1756956622
|switch|p1a: Ursaluna|Ursaluna, L50, F|100/100
|switch|p2b: Rillaboom|Rillaboom, L50, M|100/100
|-fieldstart|move: Grassy Terrain|[from] ability: Grassy Surge|[of] p2b: Rillaboom
|turn|4
|
|t:|1756956630
|-terastallize|p2a: Primarina|Water
|move|p1a: Ursaluna|Protect|p1a: Ursaluna
|-singleturn|p1a: Ursaluna|Protect
|move|p1b: Torkoal|Protect|p1b: Torkoal
|-singleturn|p1b: Torkoal|Protect
|move|p2b: Rillaboom|Wood Hammer|p1a: Ursaluna
|-activate|p1a: Ursaluna|move: Protect
|move|p2a: Primarina|Hyper Voice|p1a: Ursaluna|[spread] 
|-activate|p1a: Ursaluna|move: Protect
|-activate|p1b: Torkoal|move: Protect
|
|-weather|SunnyDay|[upkeep]
|-status|p1a: Ursaluna|brn|[from] item: Flame Orb
|upkeep
|turn|5
|
|t:|1756956666
|move|p2b: Rillaboom|Wood Hammer|p1a: Ursaluna
|-supereffective|p1a: Ursaluna
|-damage|p1a: Ursaluna|15/100 brn
|-damage|p2b: Rillaboom|72/100|[from] Recoil
|move|p2a: Primarina|Hyper Voice|p1b: Torkoal|[spread] p1a,p1b
|-supereffective|p1a: Ursaluna
|-supereffective|p1b: Torkoal
|-damage|p1a: Ursaluna|0 fnt
|-damage|p1b: Torkoal|35/100
|faint|p1a: Ursaluna
|-enditem|p2a: Primarina|Throat Spray
|-boost|p2a: Primarina|spa|1|[from] item: Throat Spray
|move|p1b: Torkoal|Solar Beam||[still]
|-prepare|p1b: Torkoal|Solar Beam
|-anim|p1b: Torkoal|Solar Beam|p2a: Primarina
|-supereffective|p2a: Primarina
|-damage|p2a: Primarina|25/100
|
|-weather|SunnyDay|[upkeep]
|-heal|p2b: Rillaboom|78/100|[from] Grassy Terrain
|-heal|p2a: Primarina|30/100|[from] Grassy Terrain
|-heal|p1b: Torkoal|41/100|[from] Grassy Terrain
|upkeep
|turn|6
|-message|NicoViBrittania forfeited.
|raw|NicoViBrittania's rating: 1109 → 1077(-32 for losing)
|raw|Uncreative7452's rating: 1013 → 1061(+48 for winning)
|
|win|Uncreative7452
|l|☆NicoViBrittania
|player|p1|
