|j|☆Harry Hard TR
|j|☆Hoanglatao
|html|Harry Hard TRHoanglatao    
|uhtml|bestof|Game 1 of a best-of-3
|t:|1785472550
|gametype|doubles
|player|p1|Harry Hard TR|lass-gen8|1122
|player|p2|Hoanglatao|265|1196
|gen|9
|tier|[Gen 9 Champions] VGC 2026 Reg M-B (Bo3)
|rated|
|rule|Species Clause: Limit one of each Pokémon
|rule|Item Clause: Limit 1 of each item
|clearpoke
|poke|p1|Gardevoir, L50, M|
|poke|p1|Meowstic, L50, M|
|poke|p1|Archaludon, L50, M|
|poke|p1|Pelipper, L50, M|
|poke|p1|Sinistcha, L50|
|poke|p1|Swampert, L50, F|
|poke|p2|Excadrill, L50, F|
|poke|p2|Tyranitar, L50, F|
|poke|p2|Corviknight, L50, F|
|poke|p2|Hydreigon, L50, M|
|poke|p2|Rotom-Wash, L50|
|poke|p2|Mimikyu, L50, F|
|teampreview|4
|showteam|p1|Gardevoir||Gardevoirite|Synchronize|Protect,HyperVoice,ExpandingForce,AuraSphere|Modest||M|||50|]Meowstic||LightClay|Prankster|PsychicNoise,PsychicTerrain,LightScreen,Reflect|Bold||M|||50|]Archaludon||Leftovers|Stamina|Protect,DragonPulse,FlashCannon,ElectroShot|Calm||M|||50|]Pelipper||SitrusBerry|Drizzle|WideGuard,WeatherBall,Hurricane,Tailwind|Bold||M|||50|]Sinistcha||KasibBerry|Hospitality|RagePowder,MatchaGotcha,LifeDew,TrickRoom|Bold|||||50|]Swampert||Swampertite|Torrent|Protect,WaveCrash,Earthquake,IcePunch|Adamant||F|||50|
|showteam|p2|Excadrill||FocusSash|SandRush|Protect,Earthquake,IronHead,RockTomb|Adamant||F|||50|]Tyranitar||Tyranitarite|SandStream|Protect,RockSlide,KnockOff,LowKick|Adamant||F|||50|]Corviknight||Leftovers|MirrorArmor|Roost,BraveBird,Tailwind,BulkUp|Careful||F|||50|]Hydreigon||ChoiceScarf|Levitate|DragonPulse,DarkPulse,Snarl,EarthPower|Modest||M|||50|]Rotom-Wash||SitrusBerry|Levitate|Protect,Thunderbolt,HydroPump,Reflect|Modest|||||50|]Mimikyu||FairyFeather|Disguise|Taunt,PlayRough,ShadowClaw,Protect|Adamant||F|||50|
|inactive|Battle timer is ON: inactive players will automatically lose when time's up. (requested by Hoanglatao)
|
|t:|1785472623
|teamsize|p1|4
|teamsize|p2|4
|start
|switch|p1a: Archaludon|Archaludon, L50, M|100/100
|switch|p1b: Swampert|Swampert, L50, F|100/100
|switch|p2a: Corviknight|Corviknight, L50, F|100/100
|switch|p2b: Rotom|Rotom-Wash, L50|100/100
|turn|1
|inactive|Harry Hard TR has 30 seconds left.
|
|t:|1785472657
|detailschange|p1b: Swampert|Swampert-Mega, L50, F
|-mega|p1b: Swampert|Swampert|Swampertite
|move|p1b: Swampert|Wave Crash|p2b: Rotom
|-resisted|p2b: Rotom|1
|-damage|p2b: Rotom|57/100
|-damage|p1b: Swampert|88/100|[from] Recoil
|move|p1a: Archaludon|Electro Shot||[still]
|-prepare|p1a: Archaludon|Electro Shot
|-boost|p1a: Archaludon|spa|1
|move|p2b: Rotom|Reflect|p2b: Rotom
|-sidestart|p2: Hoanglatao|Reflect
|move|p2a: Corviknight|Bulk Up|p2a: Corviknight
|-boost|p2a: Corviknight|atk|1
|-boost|p2a: Corviknight|def|1
|
|upkeep
|turn|2
|inactive|Harry Hard TR has 30 seconds left.
|inactive|Hoanglatao has 30 seconds left.
|
|t:|1785472683
|move|p1b: Swampert|Wave Crash|p2a: Corviknight
|-damage|p2a: Corviknight|71/100
|-damage|p1b: Swampert|78/100|[from] Recoil
|move|p1a: Archaludon|Electro Shot|p2a: Corviknight|[from] lockedmove
|-supereffective|p2a: Corviknight|1
|-damage|p2a: Corviknight|0 fnt
|faint|p2a: Corviknight
|move|p2b: Rotom|Hydro Pump|p1b: Swampert
|-damage|p1b: Swampert|33/100
|
|upkeep
|
|t:|1785472691
|switch|p2a: Excadrill|Excadrill, L50, F|100/100
|turn|3
|
|t:|1785472705
|move|p1a: Archaludon|Protect|p1a: Archaludon
|-singleturn|p1a: Archaludon|Protect
|move|p2a: Excadrill|Earthquake|p1b: Swampert|[spread] p1b
|-activate|p1a: Archaludon|move: Protect
|-immune|p2b: Rotom|[from] ability: Levitate
|-damage|p1b: Swampert|0 fnt
|faint|p1b: Swampert
|move|p2b: Rotom|Hydro Pump|p1a: Archaludon
|-activate|p1a: Archaludon|move: Protect
|
|upkeep
|
|t:|1785472712
|switch|p1b: Pelipper|Pelipper, L50, M|100/100
|-weather|RainDance|[from] ability: Drizzle|[of] p1b: Pelipper
|turn|4
|inactive|Harry Hard TR has 30 seconds left.
|
|t:|1785472746
|move|p2a: Excadrill|Protect|p2a: Excadrill
|-singleturn|p2a: Excadrill|Protect
|move|p1b: Pelipper|Wide Guard|p1b: Pelipper
|-singleturn|p1b: Pelipper|Wide Guard
|move|p1a: Archaludon|Dragon Pulse|p2b: Rotom
|-damage|p2b: Rotom|0 fnt
|faint|p2b: Rotom
|
|-weather|RainDance|[upkeep]
|upkeep
|
|t:|1785472753
|switch|p2b: Tyranitar|Tyranitar, L50, F|100/100
|-weather|Sandstorm|[from] ability: Sand Stream|[of] p2b: Tyranitar
|turn|5
|
|t:|1785472763
|switch|p1b: Sinistcha|Sinistcha, L50|100/100
|detailschange|p2b: Tyranitar|Tyranitar-Mega, L50, F
|-mega|p2b: Tyranitar|Tyranitar|Tyranitarite
|move|p1a: Archaludon|Protect|p1a: Archaludon
|-singleturn|p1a: Archaludon|Protect
|move|p2a: Excadrill|Rock Tomb|p1b: Sinistcha
|-damage|p1b: Sinistcha|80/100
|-unboost|p1b: Sinistcha|spe|1
|move|p2b: Tyranitar|Low Kick|p1a: Archaludon
|-activate|p1a: Archaludon|move: Protect
|
|-weather|Sandstorm|[upkeep]
|-damage|p1b: Sinistcha|74/100|[from] Sandstorm
|-sideend|p2: Hoanglatao|Reflect
|upkeep
|turn|6
|inactive|Harry Hard TR has 30 seconds left.
|
|t:|1785472795
|switch|p1b: Pelipper|Pelipper, L50, M|100/100
|-weather|RainDance|[from] ability: Drizzle|[of] p1b: Pelipper
|move|p2a: Excadrill|Earthquake|p1b: Pelipper|[spread] p2b,p1a
|-immune|p1b: Pelipper
|-supereffective|p2b: Tyranitar|1
|-supereffective|p1a: Archaludon|1
|-damage|p2b: Tyranitar|47/100
|-damage|p1a: Archaludon|31/100
|-ability|p1a: Archaludon|Stamina|boost
|-boost|p1a: Archaludon|def|1
|move|p1a: Archaludon|Flash Cannon|p2b: Tyranitar
|-supereffective|p2b: Tyranitar|1
|-damage|p2b: Tyranitar|0 fnt
|faint|p2b: Tyranitar
|
|-weather|RainDance|[upkeep]
|-heal|p1a: Archaludon|37/100|[from] item: Leftovers
|upkeep
|turn|7
|l|☆Hoanglatao
|inactive|Hoanglatao disconnected and has a minute to reconnect!
|player|p2|
|inactive|Hoanglatao has 30 seconds left.
|inactive|Hoanglatao has 20 seconds left.
|inactive|Hoanglatao has 15 seconds left.
|inactive|Hoanglatao has 10 seconds left.
|inactive|Hoanglatao has 5 seconds left.
|-message|Hoanglatao lost due to inactivity.
|
|win|Harry Hard TR
