|j|☆Jowell g
|j|☆ncxagwbsfd
|html|Jowell gncxagwbsfd    
|uhtml|bestof|Game 1 of a best-of-3
|t:|1785724926
|gametype|doubles
|player|p1|Jowell g|102|1062
|player|p2|ncxagwbsfd|cynthia|1000
|gen|9
|tier|[Gen 9 Champions] VGC 2026 Reg M-B (Bo3)
|rated|
|rule|Species Clause: Limit one of each Pokémon
|rule|Item Clause: Limit 1 of each item
|clearpoke
|poke|p1|Sylveon, L50, M|
|poke|p1|Farigiraf, L50, M|
|poke|p1|Aerodactyl, L50, M|
|poke|p1|Garchomp, L50, F|
|poke|p1|Kingambit, L50, F|
|poke|p1|Basculegion, L50, M|
|poke|p2|Blaziken, L50, M, shiny|
|poke|p2|Kingambit, L50, M, shiny|
|poke|p2|Basculegion, L50, M, shiny|
|poke|p2|Ninetales-Alola, L50, F, shiny|
|poke|p2|Gengar, L50, M, shiny|
|poke|p2|Incineroar, L50, M, shiny|
|teampreview|4
|showteam|p1|Sylveon||FairyFeather|Pixilate|HyperVoice,HyperBeam,QuickAttack,Protect|Bold||M|||50|]Farigiraf||MentalHerb|ArmorTail|TwinBeam,Thunder,TrickRoom,Protect|Bold||M|||50|]Aerodactyl||Aerodactylite|RockHead|Tailwind,IronHead,RockSlide,Protect|Jolly||M|||50|]Garchomp||Garchompite|RoughSkin|DragonClaw,Earthquake,RockSlide,Protect|Impish||F|||50|]Kingambit||BlackGlasses|Defiant|KowtowCleave,SuckerPunch,IronHead,Protect|Serious||F|||50|]Basculegion||LifeOrb|Adaptability|WaveCrash,AquaJet,LastRespects,Protect|Careful||M|||50|
|showteam|p2|Blaziken||Blazikenite|SpeedBoost|CloseCombat,RockSlide,FlareBlitz,Detect|Adamant||M|||50|]Kingambit||LifeOrb|Defiant|KowtowCleave,SuckerPunch,Protect,IronHead|Adamant||M|||50|]Basculegion||FocusSash|Adaptability|Liquidation,LastRespects,AquaJet,Protect|Adamant||M|||50|]Ninetales-Alola||NeverMeltIce|SnowWarning|Blizzard,FreezeDry,Encore,Protect|Timid||F|||50|]Gengar||Gengarite|CursedBody|ShadowBall,Disable,PerishSong,Protect|Modest||M|||50|]Incineroar||PasshoBerry|Intimidate|FakeOut,PartingShot,FlareBlitz,Protect|Relaxed||M|||50|
|inactive|Battle timer is ON: inactive players will automatically lose when time's up. (requested by ncxagwbsfd)
|inactive|Jowell g has 60 seconds left.
|inactive|Jowell g has 30 seconds left.
|inactive|Jowell g has 20 seconds left.
|inactive|Jowell g has 15 seconds left.
|inactive|Jowell g has 10 seconds left.
|inactive|Jowell g has 5 seconds left.
|
|t:|1785725146
|teamsize|p1|4
|teamsize|p2|4
|start
|switch|p1a: Garchomp|Garchomp, L50, F|100/100
|switch|p1b: Kingambit|Kingambit, L50, F|100/100
|switch|p2a: Expectations|Gengar, L50, M, shiny|100/100
|switch|p2b: Begged|Incineroar, L50, M, shiny|100/100
|-ability|p2b: Begged|Intimidate|boost
|-unboost|p1a: Garchomp|atk|1
|-unboost|p1b: Kingambit|atk|1
|-ability|p1b: Kingambit|Defiant|boost
|-boost|p1b: Kingambit|atk|2
|turn|1
|inactive|Jowell g has 30 seconds left.
|inactive|Jowell g has 20 seconds left.
|inactive|Jowell g has 15 seconds left.
|inactive|Jowell g has 10 seconds left.
|inactive|Jowell g has 5 seconds left.
|
|t:|1785725200
|detailschange|p1a: Garchomp|Garchomp-Mega, L50, F
|-mega|p1a: Garchomp|Garchomp|Garchompite
|detailschange|p2a: Expectations|Gengar-Mega, L50, M, shiny
|-mega|p2a: Expectations|Gengar|Gengarite
|move|p1b: Kingambit|Protect|p1b: Kingambit
|-singleturn|p1b: Kingambit|Protect
|move|p2b: Begged|Fake Out|p1a: Garchomp
|-damage|p1a: Garchomp|92/100
|move|p2a: Expectations|Perish Song|p2a: Expectations
|-start|p1a: Garchomp|perish3|[silent]
|-start|p1b: Kingambit|perish3|[silent]
|-start|p2a: Expectations|perish3|[silent]
|-start|p2b: Begged|perish3|[silent]
|-fieldactivate|move: Perish Song
|cant|p1a: Garchomp|flinch
|
|-start|p2a: Expectations|perish3
|-start|p1a: Garchomp|perish3
|-start|p1b: Kingambit|perish3
|-start|p2b: Begged|perish3
|upkeep
|turn|2
|inactive|Jowell g has 30 seconds left.
|inactive|ncxagwbsfd has 30 seconds left.
|inactive|ncxagwbsfd has 20 seconds left.
|inactive|ncxagwbsfd has 15 seconds left.
|inactive|ncxagwbsfd has 10 seconds left.
|
|t:|1785725247
|move|p2a: Expectations|Protect|p2a: Expectations
|-singleturn|p2a: Expectations|Protect
|move|p2b: Begged|Protect|p2b: Begged
|-singleturn|p2b: Begged|Protect
|move|p1b: Kingambit|Sucker Punch||[still]
|-fail|p1b: Kingambit
|move|p1a: Garchomp|Earthquake|p2b: Begged|[spread] p1b
|-activate|p2a: Expectations|move: Protect
|-activate|p2b: Begged|move: Protect
|-supereffective|p1b: Kingambit|1
|-damage|p1b: Kingambit|41/100
|
|-start|p2a: Expectations|perish2
|-start|p1a: Garchomp|perish2
|-start|p1b: Kingambit|perish2
|-start|p2b: Begged|perish2
|upkeep
|turn|3
|inactive|ncxagwbsfd has 30 seconds left.
|
|t:|1785725276
|move|p1b: Kingambit|Sucker Punch||[still]
|-fail|p1b: Kingambit
|move|p2a: Expectations|Disable|p1a: Garchomp
|-start|p1a: Garchomp|Disable|Earthquake
|cant|p1a: Garchomp|Disable|Earthquake
|move|p2b: Begged|Parting Shot|p1a: Garchomp
|-unboost|p1a: Garchomp|atk|1
|-unboost|p1a: Garchomp|spa|1
|
|t:|1785725287
|switch|p2b: The Cure|Ninetales-Alola, L50, F, shiny|100/100|[from] Parting Shot
|-weather|Snowscape|[from] ability: Snow Warning|[of] p2b: The Cure
|
|-weather|Snowscape|[upkeep]
|-start|p2a: Expectations|perish1
|-start|p1a: Garchomp|perish1
|-start|p1b: Kingambit|perish1
|upkeep
|turn|4
|
|t:|1785725310
|move|p2b: The Cure|Protect|p2b: The Cure
|-singleturn|p2b: The Cure|Protect
|move|p2a: Expectations|Protect|p2a: Expectations
|-singleturn|p2a: Expectations|Protect
|move|p1b: Kingambit|Sucker Punch||[still]
|-fail|p1b: Kingambit
|move|p1a: Garchomp|Rock Slide|p2b: The Cure|[spread] 
|-activate|p2a: Expectations|move: Protect
|-activate|p2b: The Cure|move: Protect
|
|-weather|Snowscape|[upkeep]
|-start|p2a: Expectations|perish0
|-start|p1a: Garchomp|perish0
|-start|p1b: Kingambit|perish0
|faint|p2a: Expectations
|faint|p1a: Garchomp
|faint|p1b: Kingambit
|upkeep
|
|t:|1785725330
|switch|p2a: Begged|Incineroar, L50, M, shiny|100/100
|switch|p1a: Sylveon|Sylveon, L50, M|100/100
|switch|p1b: Basculegion|Basculegion, L50, M|100/100
|-ability|p2a: Begged|Intimidate|boost
|-unboost|p1a: Sylveon|atk|1
|-unboost|p1b: Basculegion|atk|1
|turn|5
|
|t:|1785725350
|move|p1b: Basculegion|Protect|p1b: Basculegion
|-singleturn|p1b: Basculegion|Protect
|move|p2a: Begged|Fake Out|p1a: Sylveon
|-damage|p1a: Sylveon|85/100
|move|p2b: The Cure|Blizzard|p1a: Sylveon|[spread] p1a
|-activate|p1b: Basculegion|move: Protect
|-damage|p1a: Sylveon|54/100
|cant|p1a: Sylveon|flinch
|
|-weather|Snowscape|[upkeep]
|upkeep
|turn|6
|
|t:|1785725374
|move|p2b: The Cure|Encore|p1b: Basculegion
|-start|p1b: Basculegion|Encore
|move|p1b: Basculegion|Protect||[still]
|-fail|p1b: Basculegion
|move|p1a: Sylveon|Hyper Beam|p2a: Begged|[miss]
|-miss|p1a: Sylveon|p2a: Begged
|move|p2a: Begged|Flare Blitz|p1a: Sylveon
|-damage|p1a: Sylveon|0 fnt
|faint|p1a: Sylveon
|-damage|p2a: Begged|84/100|[from] Recoil
|
|-weather|Snowscape|[upkeep]
|upkeep
|turn|7
|-message|Jowell g forfeited.
|raw|Jowell g's rating: 1062 → 1039(-23 for losing)
|raw|ncxagwbsfd's rating: 1000 → 1047(+47 for winning)
|
|win|ncxagwbsfd
|l|☆Jowell g
|player|p1|
