|j|☆fou jedi jedi
|j|☆CaptainRex501
|html|fou jedi jediCaptainRex501    
|uhtml|bestof|Game 1 of a best-of-3
|t:|1784136588
|gametype|doubles
|player|p1|fou jedi jedi|koga|
|player|p2|CaptainRex501|volkner|
|gen|9
|tier|[Gen 9 Champions] VGC 2026 Reg M-B (Bo3)
|rule|Species Clause: Limit one of each Pokémon
|rule|Item Clause: Limit 1 of each item
|clearpoke
|poke|p1|Blaziken, L50, F|
|poke|p1|Grimmsnarl, L50, M|
|poke|p1|Sinistcha, L50|
|poke|p1|Lycanroc-Dusk, L50, M|
|poke|p1|Venusaur, L50, F|
|poke|p1|Kingambit, L50, M|
|poke|p2|Tyranitar, L50, F|
|poke|p2|Staraptor, L50, M|
|poke|p2|Excadrill, L50, M|
|poke|p2|Sinistcha, L50|
|poke|p2|Gholdengo, L50|
|poke|p2|Milotic, L50, M|
|teampreview|4
|showteam|p1|Blaziken||Blazikenite|SpeedBoost|BlazeKick,BatonPass,CloseCombat,Protect|Adamant||F|||50|]Grimmsnarl||LightClay|Prankster|Reflect,LightScreen,SpiritBreak,PartingShot|Impish||M|||50|]Sinistcha||ColburBerry|Hospitality|MatchaGotcha,RagePowder,Protect,ShadowBall|Bold|||||50|]Lycanroc-Dusk||FocusSash|ToughClaws|Accelerock,RockSlide,CloseCombat,Protect|Jolly||M|||50|]Venusaur||Venusaurite|Chlorophyll|SleepPowder,SludgeBomb,GigaDrain,Protect|Modest||F|||50|]Kingambit||ChopleBerry|Defiant|KowtowCleave,SuckerPunch,IronHead,Protect|Adamant||M|||50|
|showteam|p2|Tyranitar||Tyranitarite|SandStream|KnockOff,RockSlide,Protect,LowKick|Adamant||F|||50|]Staraptor||Staraptite|Intimidate|DualWingbeat,CloseCombat,Protect,Tailwind|Jolly||M|||50|]Excadrill||FocusSash|SandRush|HighHorsepower,IronHead,RockSlide,Protect|Adamant||M|||50|]Sinistcha||SitrusBerry|Hospitality|MatchaGotcha,RagePowder,TrickRoom,Protect|Calm|||||50|]Gholdengo||LifeOrb|GoodasGold|MakeItRain,NastyPlot,Protect,ShadowBall|Timid|||||50|]Milotic||Leftovers|Competitive|Scald,Recover,Protect,IceBeam|Modest||M|||50|
|inactive|Battle timer is ON: inactive players will automatically lose when time's up. (requested by CaptainRex501)
|inactive|fou jedi jedi also wants the timer to be on.
|inactive|fou jedi jedi has 60 seconds left.
|inactive|CaptainRex501 has 60 seconds left.
|
|t:|1784136627
|teamsize|p1|4
|teamsize|p2|4
|start
|switch|p1a: Blaziken|Blaziken, L50, F|100/100
|switch|p1b: Kingambit|Kingambit, L50, M|100/100
|switch|p2a: Staraptor|Staraptor, L50, M|100/100
|switch|p2b: Excadrill|Excadrill, L50, M|100/100
|-ability|p2a: Staraptor|Intimidate|boost
|-unboost|p1a: Blaziken|atk|1
|-unboost|p1b: Kingambit|atk|1
|-ability|p1b: Kingambit|Defiant|boost
|-boost|p1b: Kingambit|atk|2
|turn|1
|inactive|fou jedi jedi has 30 seconds left.
|inactive|CaptainRex501 has 30 seconds left.
|inactive|fou jedi jedi has 20 seconds left.
|inactive|fou jedi jedi has 15 seconds left.
|
|t:|1784136671
|switch|p1a: Lycanroc|Lycanroc-Dusk, L50, M|100/100
|detailschange|p2a: Staraptor|Staraptor-Mega, L50, M
|-mega|p2a: Staraptor|Staraptor|Staraptite
|move|p2b: Excadrill|Protect|p2b: Excadrill
|-singleturn|p2b: Excadrill|Protect
|move|p1b: Kingambit|Sucker Punch||[still]
|-fail|p1b: Kingambit
|move|p2a: Staraptor|Close Combat|p1b: Kingambit
|-supereffective|p1b: Kingambit|2
|-enditem|p1b: Kingambit|Chople Berry|[eat]
|-enditem|p1b: Kingambit|Chople Berry|[weaken]
|-damage|p1b: Kingambit|13/100
|-boost|p2a: Staraptor|def|1
|-boost|p2a: Staraptor|spd|1
|
|upkeep
|turn|2
|inactive|CaptainRex501 has 30 seconds left.
|
|t:|1784136705
|move|p1b: Kingambit|Sucker Punch|p2a: Staraptor
|-resisted|p2a: Staraptor|1
|-damage|p2a: Staraptor|78/100
|move|p1a: Lycanroc|Rock Slide|p2a: Staraptor|[spread] p2a,p2b
|-resisted|p2b: Excadrill|2
|-damage|p2a: Staraptor|58/100
|-damage|p2b: Excadrill|90/100
|move|p2a: Staraptor|Close Combat|p1a: Lycanroc
|-supereffective|p1a: Lycanroc|1
|-enditem|p1a: Lycanroc|Focus Sash
|-damage|p1a: Lycanroc|1/100
|-boost|p2a: Staraptor|def|1
|-boost|p2a: Staraptor|spd|1
|move|p2b: Excadrill|Rock Slide|p1b: Kingambit|[spread] p1a,p1b
|-resisted|p1b: Kingambit|1
|-damage|p1a: Lycanroc|0 fnt
|-damage|p1b: Kingambit|5/100
|faint|p1a: Lycanroc
|
|upkeep
|
|t:|1784136716
|switch|p1a: Blaziken|Blaziken, L50, F|100/100
|turn|3
|
|t:|1784136723
|switch|p2b: Sinistcha|Sinistcha, L50|100/100
|-heal|p2a: Staraptor|83/100|[from] ability: Hospitality|[of] p2b: Sinistcha
|move|p1a: Blaziken|Protect|p1a: Blaziken
|-singleturn|p1a: Blaziken|Protect
|move|p1b: Kingambit|Sucker Punch||[still]
|-fail|p1b: Kingambit
|move|p2a: Staraptor|Close Combat|p1a: Blaziken
|-activate|p1a: Blaziken|move: Protect
|
|-ability|p1a: Blaziken|Speed Boost|boost
|-boost|p1a: Blaziken|spe|1
|upkeep
|turn|4
|
|t:|1784136739
|detailschange|p1a: Blaziken|Blaziken-Mega, L50, F
|-mega|p1a: Blaziken|Blaziken|Blazikenite
|move|p2b: Sinistcha|Rage Powder|p2b: Sinistcha
|-singleturn|p2b: Sinistcha|move: Rage Powder
|move|p1a: Blaziken|Blaze Kick|p2b: Sinistcha
|-supereffective|p2b: Sinistcha|1
|-damage|p2b: Sinistcha|3/100
|-enditem|p2b: Sinistcha|Sitrus Berry|[eat]
|-heal|p2b: Sinistcha|28/100|[from] item: Sitrus Berry
|move|p2a: Staraptor|Close Combat|p1b: Kingambit
|-supereffective|p1b: Kingambit|2
|-damage|p1b: Kingambit|0 fnt
|-boost|p2a: Staraptor|def|1
|-boost|p2a: Staraptor|spd|1
|faint|p1b: Kingambit
|
|-ability|p1a: Blaziken|Speed Boost|boost
|-boost|p1a: Blaziken|spe|1
|upkeep
|
|t:|1784136750
|switch|p1b: Venusaur|Venusaur, L50, F|100/100
|turn|5
|
|t:|1784136768
|move|p2b: Sinistcha|Protect|p2b: Sinistcha
|-singleturn|p2b: Sinistcha|Protect
|move|p1a: Blaziken|Blaze Kick|p2a: Staraptor
|-damage|p2a: Staraptor|57/100
|move|p2a: Staraptor|Dual Wingbeat|p1b: Venusaur
|-supereffective|p1b: Venusaur|1
|-damage|p1b: Venusaur|49/100
|-supereffective|p1b: Venusaur|1
|-damage|p1b: Venusaur|0 fnt
|faint|p1b: Venusaur
|-hitcount|p1: Venusaur|2
|
|-ability|p1a: Blaziken|Speed Boost|boost
|-boost|p1a: Blaziken|spe|1
|upkeep
|turn|6
|-message|fou jedi jedi forfeited.
|
|win|CaptainRex501
