|j|☆Purgatory12
|j|☆It'sJustKen VGC
|html|Purgatory12It'sJustKen VGC    
|uhtml|bestof|Game 2 of a best-of-3
|t:|1783643477
|gametype|doubles
|player|p1|Purgatory12|102|1190
|player|p2|It'sJustKen VGC|266|1197
|gen|9
|tier|[Gen 9 Champions] VGC 2026 Reg M-B (Bo3)
|rated|
|rule|Species Clause: Limit one of each Pokémon
|rule|Item Clause: Limit 1 of each item
|clearpoke
|poke|p1|Sinistcha, L50|
|poke|p1|Glimmora, L50, F|
|poke|p1|Pelipper, L50, M|
|poke|p1|Archaludon, L50, M|
|poke|p1|Swampert, L50, F|
|poke|p1|Incineroar, L50, M|
|poke|p2|Staraptor, L50, F|
|poke|p2|Sneasler, L50, F|
|poke|p2|Whimsicott, L50, F|
|poke|p2|Gholdengo, L50|
|poke|p2|Toxapex, L50, F, shiny|
|poke|p2|Incineroar, L50, M|
|teampreview|4
|showteam|p1|Sinistcha||SitrusBerry|Hospitality|MatchaGotcha,RagePowder,LifeDew,Protect|Bold|||||50|]Glimmora||Glimmoranite|ToxicDebris|PowerGem,SludgeBomb,DazzlingGleam,SpikyShield|Timid||F|||50|]Pelipper||FocusSash|Drizzle|Hurricane,WeatherBall,Protect,Tailwind|Modest||M|||50|]Archaludon||Leftovers|Stamina|FlashCannon,AuraSphere,ElectroShot,Protect|Modest||M|||50|]Swampert||Swampertite|Torrent|WaveCrash,Earthquake,IcePunch,Protect|Adamant||F|||50|]Incineroar||PasshoBerry|Intimidate|FakeOut,FlareBlitz,ThroatChop,PartingShot|Impish||M|||50|
|showteam|p2|Staraptor||Staraptite|Intimidate|Protect,BraveBird,CloseCombat,Roost|Jolly||F|||50|]Sneasler||WhiteHerb|Unburden|Protect,DireClaw,CloseCombat,FakeOut|Jolly||F|||50|]Whimsicott||FocusSash|Prankster|Tailwind,Encore,Tickle,Moonblast|Timid||F|||50|]Gholdengo||LifeOrb|GoodasGold|Protect,ShadowBall,MakeItRain,NastyPlot|Modest|||||50|]Toxapex||Leftovers|Regenerator|BanefulBunker,Infestation,Toxic,WideGuard|Bold||F|||50|]Incineroar||SitrusBerry|Intimidate|FakeOut,PartingShot,FlareBlitz,ThroatChop|Impish||M|||50|
|inactive|Battle timer is ON: inactive players will automatically lose when time's up. (requested by It'sJustKen VGC)
|inactive|Purgatory12 has 60 seconds left.
|inactive|It'sJustKen VGC has 60 seconds left.
|
|t:|1783643519
|teamsize|p1|4
|teamsize|p2|4
|start
|switch|p1a: Incineroar|Incineroar, L50, M|100/100
|switch|p1b: Pelipper|Pelipper, L50, M|100/100
|switch|p2a: Staraptor|Staraptor, L50, F|100/100
|switch|p2b: Whimsicott|Whimsicott, L50, F|100/100
|-ability|p2a: Staraptor|Intimidate|boost
|-unboost|p1a: Incineroar|atk|1
|-unboost|p1b: Pelipper|atk|1
|-weather|RainDance|[from] ability: Drizzle|[of] p1b: Pelipper
|-ability|p1a: Incineroar|Intimidate|boost
|-unboost|p2a: Staraptor|atk|1
|-unboost|p2b: Whimsicott|atk|1
|turn|1
|inactive|It'sJustKen VGC has 30 seconds left.
|
|t:|1783643551
|detailschange|p2a: Staraptor|Staraptor-Mega, L50, F
|-mega|p2a: Staraptor|Staraptor|Staraptite
|move|p2a: Staraptor|Protect|p2a: Staraptor
|-singleturn|p2a: Staraptor|Protect
|move|p1a: Incineroar|Fake Out|p2b: Whimsicott
|-damage|p2b: Whimsicott|88/100
|cant|p2b: Whimsicott|flinch
|move|p1b: Pelipper|Hurricane|p2b: Whimsicott
|-supereffective|p2b: Whimsicott|1
|-damage|p2b: Whimsicott|0 fnt
|faint|p2b: Whimsicott
|
|-weather|RainDance|[upkeep]
|upkeep
|
|t:|1783643560
|switch|p2b: Toxapex|Toxapex, L50, F, shiny|100/100
|turn|2
|
|t:|1783643576
|switch|p1a: Swampert|Swampert, L50, F|100/100
|move|p2a: Staraptor|Close Combat|p1a: Swampert
|-damage|p1a: Swampert|59/100
|-boost|p2a: Staraptor|def|1
|-boost|p2a: Staraptor|spd|1
|move|p1b: Pelipper|Hurricane|p2a: Staraptor
|-supereffective|p2a: Staraptor|1
|-damage|p2a: Staraptor|18/100
|move|p2b: Toxapex|Toxic|p1b: Pelipper
|-status|p1b: Pelipper|tox
|
|-weather|RainDance|[upkeep]
|-damage|p1b: Pelipper|94/100 tox|[from] psn
|upkeep
|turn|3
|inactive|Purgatory12 has 30 seconds left.
|inactive|It'sJustKen VGC has 30 seconds left.
|
|t:|1783643608
|detailschange|p1a: Swampert|Swampert-Mega, L50, F
|-mega|p1a: Swampert|Swampert|Swampertite
|move|p2a: Staraptor|Protect|p2a: Staraptor
|-singleturn|p2a: Staraptor|Protect
|move|p1a: Swampert|Wave Crash|p2a: Staraptor
|-activate|p2a: Staraptor|move: Protect
|move|p1b: Pelipper|Hurricane|p2b: Toxapex
|-damage|p2b: Toxapex|57/100
|move|p2b: Toxapex|Infestation|p1b: Pelipper
|-resisted|p1b: Pelipper|1
|-damage|p1b: Pelipper|91/100 tox
|-activate|p1b: Pelipper|move: Infestation|[of] p2b: Toxapex
|
|-weather|RainDance|[upkeep]
|-heal|p2b: Toxapex|63/100|[from] item: Leftovers
|-damage|p1b: Pelipper|79/100 tox|[from] psn
|-damage|p1b: Pelipper|66/100 tox|[from] move: Infestation|[partiallytrapped]
|upkeep
|turn|4
|
|t:|1783643628
|move|p1a: Swampert|Wave Crash|p2a: Staraptor
|-damage|p2a: Staraptor|0 fnt
|faint|p2a: Staraptor
|-damage|p1a: Swampert|54/100|[from] Recoil
|move|p1b: Pelipper|Hurricane|p2b: Toxapex
|-damage|p2b: Toxapex|24/100
|move|p2b: Toxapex|Toxic|p1a: Swampert
|-status|p1a: Swampert|tox
|
|-weather|RainDance|[upkeep]
|-heal|p2b: Toxapex|30/100|[from] item: Leftovers
|-damage|p1a: Swampert|48/100 tox|[from] psn
|-damage|p1b: Pelipper|49/100 tox|[from] psn
|-damage|p1b: Pelipper|36/100 tox|[from] move: Infestation|[partiallytrapped]
|upkeep
|
|t:|1783643651
|switch|p2a: Gholdengo|Gholdengo, L50|100/100
|turn|5
|
|t:|1783643670
|move|p2b: Toxapex|Wide Guard|p2b: Toxapex
|-singleturn|p2b: Toxapex|Wide Guard
|move|p1a: Swampert|Wave Crash|p2a: Gholdengo
|-damage|p2a: Gholdengo|1/100
|-damage|p1a: Swampert|17/100 tox|[from] Recoil
|move|p1b: Pelipper|Hurricane|p2b: Toxapex
|-damage|p2b: Toxapex|0 fnt
|faint|p2b: Toxapex
|move|p2a: Gholdengo|Nasty Plot|p2a: Gholdengo
|-boost|p2a: Gholdengo|spa|2
|
|-weather|none
|-damage|p1a: Swampert|5/100 tox|[from] psn
|-damage|p1b: Pelipper|13/100 tox|[from] psn
|-end|p1b: Pelipper|Infestation|[partiallytrapped]|[silent]
|upkeep
|turn|6
|
|t:|1783643684
|move|p1b: Pelipper|Weather Ball|p2a: Gholdengo
|-immune|p2a: Gholdengo
|move|p2a: Gholdengo|Make It Rain|p1a: Swampert|[spread] p1a,p1b
|-resisted|p1a: Swampert|1
|-resisted|p1b: Pelipper|1
|-damage|p1a: Swampert|0 fnt
|-damage|p1b: Pelipper|0 fnt
|-unboost|p2a: Gholdengo|spa|2
|faint|p1a: Swampert
|faint|p1b: Pelipper
|-damage|p2a: Gholdengo|0 fnt|[from] item: Life Orb
|faint|p2a: Gholdengo
|
|win|Purgatory12
