|j|☆Balester
|j|☆saboyita
|html|Balestersaboyita    
|uhtml|bestof|Game 3 of a best-of-3
|t:|1756423442
|gametype|doubles
|player|p1|Balester|colress|1099
|player|p2|saboyita|grimsley|1116
|gen|9
|tier|[Gen 9] VGC 2025 Reg H (Bo3)
|rated|
|rule|Species Clause: Limit one of each Pokémon
|rule|Item Clause: Limit 1 of each item
|clearpoke
|poke|p1|Frosmoth, L50, F|
|poke|p1|Ninetales-Alola, L50, F|
|poke|p1|Garchomp, L50, M|
|poke|p1|Incineroar, L50, M|
|poke|p1|Rillaboom, L50, M|
|poke|p1|Mandibuzz, L50, F|
|poke|p2|Amoonguss, L50, F|
|poke|p2|Hydreigon, L50, F|
|poke|p2|Whimsicott, L50, M|
|poke|p2|Maushold-Four, L50|
|poke|p2|Annihilape, L50, M|
|poke|p2|Ursaluna-Bloodmoon, L50, M|
|teampreview|4
|showteam|p1|Frosmoth||Leftovers|IceScales|QuiverDance,Blizzard,TeraBlast,WideGuard|||F|||50|,,,,,Water]Ninetales-Alola||LifeOrb|SnowWarning|FreezeDry,IcyWind,Moonblast,AuroraVeil|||F|||50|,,,,,Ghost]Garchomp||ClearAmulet|RoughSkin|StompingTantrum,BreakingSwipe,RockSlide,Protect|||M|||50|,,,,,Fire]Incineroar||SitrusBerry|Intimidate|FakeOut,FlareBlitz,KnockOff,PartingShot|||M|||50|,,,,,Ghost]Rillaboom||AssaultVest|GrassySurge|FakeOut,WoodHammer,GrassyGlide,HighHorsepower|||M|||50|,,,,,Fire]Mandibuzz||RockyHelmet|Overcoat|Tailwind,Snarl,FoulPlay,Taunt|||F|||50|,,,,,Dark
|showteam|p2|Amoonguss||MentalHerb|Regenerator|ClearSmog,Spore,RagePowder,Protect|||F|||50|,,,,,Water]Hydreigon||ChoiceSpecs|Levitate|Snarl,HeatWave,DarkPulse,DracoMeteor|||F|||50|,,,,,Ghost]Whimsicott||CovertCloak|Prankster|BeatUp,Encore,HelpingHand,Tailwind|||M|||50|,,,,,Dark]Maushold-Four||WideLens|Technician|PopulationBomb,Taunt,FollowMe,Protect||||||50|,,,,,Ghost]Annihilape||Leftovers|Defiant|RageFist,CloseCombat,FinalGambit,Protect|||M|||50|,,,,,Fire]Ursaluna-Bloodmoon||LifeOrb|MindsEye|HyperVoice,EarthPower,BloodMoon,Protect|||M|||50|,,,,,Water
|inactive|Battle timer is ON: inactive players will automatically lose when time's up. (requested by saboyita)
|
|t:|1756423462
|teamsize|p1|4
|teamsize|p2|4
|start
|switch|p1a: Ninetales|Ninetales-Alola, L50, F|100/100
|switch|p1b: Rillaboom|Rillaboom, L50, M|100/100
|switch|p2a: Whimsicott|Whimsicott, L50, M|100/100
|switch|p2b: Annihilape|Annihilape, L50, M|100/100
|-weather|Snowscape|[from] ability: Snow Warning|[of] p1a: Ninetales
|-fieldstart|move: Grassy Terrain|[from] ability: Grassy Surge|[of] p1b: Rillaboom
|turn|1
|
|t:|1756423487
|-terastallize|p2b: Annihilape|Fire
|move|p2a: Whimsicott|Beat Up|p2b: Annihilape
|-damage|p2b: Annihilape|98/100
|-damage|p2b: Annihilape|96/100
|-damage|p2b: Annihilape|94/100
|-damage|p2b: Annihilape|92/100
|-hitcount|p2b: Annihilape|4
|move|p1a: Ninetales|Aurora Veil|p1a: Ninetales
|-sidestart|p1: Balester|move: Aurora Veil
|move|p2b: Annihilape|Rage Fist|p1b: Rillaboom
|-damage|p1b: Rillaboom|28/100
|move|p1b: Rillaboom|High Horsepower|p2b: Annihilape
|-supereffective|p2b: Annihilape
|-damage|p2b: Annihilape|18/100
|
|-weather|Snowscape|[upkeep]
|-heal|p2b: Annihilape|24/100|[from] Grassy Terrain
|-heal|p2b: Annihilape|30/100|[from] item: Leftovers
|-heal|p1b: Rillaboom|33/100|[from] Grassy Terrain
|upkeep
|turn|2
|
|t:|1756423506
|move|p2a: Whimsicott|Encore|p1a: Ninetales
|-start|p1a: Ninetales|Encore
|move|p1b: Rillaboom|Grassy Glide|p2b: Annihilape
|-resisted|p2b: Annihilape
|-damage|p2b: Annihilape|7/100
|move|p1a: Ninetales|Aurora Veil||[still]
|-fail|p1a: Ninetales
|move|p2b: Annihilape|Rage Fist|p1b: Rillaboom
|-damage|p1b: Rillaboom|0 fnt
|faint|p1b: Rillaboom
|
|-weather|Snowscape|[upkeep]
|-heal|p2b: Annihilape|13/100|[from] Grassy Terrain
|-heal|p2b: Annihilape|19/100|[from] item: Leftovers
|upkeep
|
|t:|1756423512
|switch|p1b: Frosmoth|Frosmoth, L50, F|100/100
|turn|3
|
|t:|1756423531
|switch|p2a: Maushold|Maushold-Four, L50|100/100
|switch|p1a: Garchomp|Garchomp, L50, M|100/100
|move|p2b: Annihilape|Protect|p2b: Annihilape
|-singleturn|p2b: Annihilape|Protect
|move|p1b: Frosmoth|Blizzard|p2b: Annihilape|[spread] p2a
|-activate|p2b: Annihilape|move: Protect
|-damage|p2a: Maushold|48/100
|
|-weather|Snowscape|[upkeep]
|-heal|p2a: Maushold|54/100|[from] Grassy Terrain
|-heal|p2b: Annihilape|25/100|[from] Grassy Terrain
|-heal|p2b: Annihilape|31/100|[from] item: Leftovers
|upkeep
|turn|4
|
|t:|1756423549
|switch|p2b: Whimsicott|Whimsicott, L50, M|100/100
|move|p2a: Maushold|Population Bomb|p1b: Frosmoth
|-damage|p1b: Frosmoth|95/100
|-crit|p1b: Frosmoth
|-damage|p1b: Frosmoth|83/100
|-damage|p1b: Frosmoth|78/100
|-damage|p1b: Frosmoth|72/100
|-damage|p1b: Frosmoth|65/100
|-damage|p1b: Frosmoth|60/100
|-damage|p1b: Frosmoth|54/100
|-damage|p1b: Frosmoth|49/100
|-damage|p1b: Frosmoth|43/100
|-damage|p1b: Frosmoth|37/100
|-hitcount|p1b: Frosmoth|10
|move|p1a: Garchomp|Breaking Swipe|p2a: Maushold|[spread] p2a
|-immune|p2b: Whimsicott
|-damage|p2a: Maushold|14/100
|-unboost|p2a: Maushold|atk|1
|move|p1b: Frosmoth|Blizzard|p2a: Maushold|[spread] p2a,p2b
|-supereffective|p2b: Whimsicott
|-damage|p2a: Maushold|0 fnt
|-damage|p2b: Whimsicott|0 fnt
|faint|p2a: Maushold
|faint|p2b: Whimsicott
|
|-weather|Snowscape|[upkeep]
|-heal|p1b: Frosmoth|43/100|[from] Grassy Terrain
|-heal|p1b: Frosmoth|50/100|[from] item: Leftovers
|upkeep
|inactive|saboyita has 30 seconds left.
|
|t:|1756423576
|switch|p2b: Ursaluna|Ursaluna-Bloodmoon, L50, M|100/100
|switch|p2a: Annihilape|Annihilape, L50, M, tera:Fire|31/100
|turn|5
|inactive|Balester has 30 seconds left.
|
|t:|1756423605
|-terastallize|p1b: Frosmoth|Water
|move|p2b: Ursaluna|Protect|p2b: Ursaluna
|-singleturn|p2b: Ursaluna|Protect
|move|p1a: Garchomp|Rock Slide|p2a: Annihilape|[spread] p2a
|-activate|p2b: Ursaluna|move: Protect
|-supereffective|p2a: Annihilape
|-damage|p2a: Annihilape|0 fnt
|faint|p2a: Annihilape
|move|p1b: Frosmoth|Blizzard|p2b: Ursaluna
|-activate|p2b: Ursaluna|move: Protect
|
|-weather|none
|-heal|p1b: Frosmoth|56/100|[from] Grassy Terrain
|-heal|p1b: Frosmoth|62/100|[from] item: Leftovers
|-sideend|p1: Balester|move: Aurora Veil
|-fieldend|move: Grassy Terrain
|upkeep
|turn|6
|
|t:|1756423616
|switch|p1a: Ninetales|Ninetales-Alola, L50, F|100/100
|-weather|Snowscape|[from] ability: Snow Warning|[of] p1a: Ninetales
|move|p1b: Frosmoth|Blizzard|p2b: Ursaluna
|-supereffective|p2b: Ursaluna
|-damage|p2b: Ursaluna|0 fnt
|faint|p2b: Ursaluna
|
|win|Balester
|raw|Balester's rating: 1099 → 1125(+26 for winning)
|raw|saboyita's rating: 1116 → 1090(-26 for losing)
