|j|☆Shishio_Ax
|j|☆DeividSFC19
|html|Shishio_AxDeividSFC19    
|uhtml|bestof|Game 3 of a best-of-3
|t:|1785263316
|gametype|doubles
|player|p1|Shishio_Ax|chili|
|player|p2|DeividSFC19|ninjaboy|
|gen|9
|tier|[Gen 9 Champions] VGC 2026 Reg M-B (Bo3)
|rule|Species Clause: Limit one of each Pokémon
|rule|Item Clause: Limit 1 of each item
|clearpoke
|poke|p1|Delphox, L50, F|
|poke|p1|Staraptor, L50, F|
|poke|p1|Sneasler, L50, M|
|poke|p1|Kingambit, L50, M|
|poke|p1|Garchomp, L50, M|
|poke|p1|Whimsicott, L50, F|
|poke|p2|Basculegion, L50, M|
|poke|p2|Charizard, L50, F|
|poke|p2|Floette-Eternal, L50, F|
|poke|p2|Kingambit, L50, F|
|poke|p2|Whimsicott, L50, M|
|poke|p2|Garchomp, L50, M|
|teampreview|4
|showteam|p1|Delphox||Delphoxite|Blaze|HeatWave,Psyshock,NastyPlot,Protect|Timid||F|||50|]Staraptor||Staraptite|Intimidate|CloseCombat,BraveBird,Roost,Protect|Jolly||F|||50|]Sneasler||FocusSash|PoisonTouch|DireClaw,CloseCombat,FakeOut,QuickGuard|Adamant||M|||50|]Kingambit||BlackGlasses|Defiant|KowtowCleave,SuckerPunch,SwordsDance,Protect|Adamant||M|||50|]Garchomp||LifeOrb|RoughSkin|DragonClaw,Earthquake,RockSlide,Protect|Jolly||M|||50|]Whimsicott||OccaBerry|Prankster|Moonblast,Tailwind,Encore,Charm|Timid||F|||50|
|showteam|p2|Basculegion||MysticWater|Adaptability|WaveCrash,LastRespects,AquaJet,Protect|Adamant||M|||50|]Charizard||CharizarditeY|Blaze|HeatWave,WeatherBall,SolarBeam,Protect|Modest||F|||50|]Floette-Eternal||Floettite|FlowerVeil|LightofRuin,Moonblast,DazzlingGleam,Protect|Modest||F|||50|]Kingambit||BlackGlasses|Defiant|KowtowCleave,SuckerPunch,IronHead,Protect|Adamant||F|||50|]Whimsicott||FocusSash|Prankster|Moonblast,Tailwind,Encore,Protect|Timid||M|||50|]Garchomp||LifeOrb|RoughSkin|Earthquake,DragonClaw,RockSlide,Protect|Jolly||M|||50|
|
|t:|1785263346
|teamsize|p1|4
|teamsize|p2|4
|start
|switch|p1a: Sneasler|Sneasler, L50, M|100/100
|switch|p1b: Kingambit|Kingambit, L50, M|100/100
|switch|p2a: Charizard|Charizard, L50, F|100/100
|switch|p2b: Garchomp|Garchomp, L50, M|100/100
|turn|1
|
|t:|1785263368
|switch|p1b: Staraptor|Staraptor, L50, F|100/100
|-ability|p1b: Staraptor|Intimidate|boost
|-unboost|p2a: Charizard|atk|1
|-unboost|p2b: Garchomp|atk|1
|move|p2a: Charizard|Protect|p2a: Charizard
|-singleturn|p2a: Charizard|Protect
|move|p1a: Sneasler|Fake Out|p2a: Charizard
|-activate|p2a: Charizard|move: Protect
|move|p2b: Garchomp|Earthquake|p1a: Sneasler|[spread] p1a
|-activate|p2a: Charizard|move: Protect
|-immune|p1b: Staraptor
|-supereffective|p1a: Sneasler|1
|-enditem|p1a: Sneasler|Focus Sash
|-damage|p1a: Sneasler|1/100
|-damage|p2b: Garchomp|90/100|[from] item: Life Orb
|
|upkeep
|turn|2
|
|t:|1785263389
|switch|p2b: Whimsicott|Whimsicott, L50, M|100/100
|detailschange|p1b: Staraptor|Staraptor-Mega, L50, F
|-mega|p1b: Staraptor|Staraptor|Staraptite
|detailschange|p2a: Charizard|Charizard-Mega-Y, L50, F
|-mega|p2a: Charizard|Charizard|Charizardite Y
|-weather|SunnyDay|[from] ability: Drought|[of] p2a: Charizard
|move|p1b: Staraptor|Brave Bird|p2a: Charizard
|-damage|p2a: Charizard|45/100
|-damage|p1b: Staraptor|80/100|[from] Recoil
|move|p1a: Sneasler|Dire Claw|p2a: Charizard
|-damage|p2a: Charizard|4/100
|-status|p2a: Charizard|psn|[from] ability: Poison Touch|[of] p1a: Sneasler
|move|p2a: Charizard|Heat Wave|p1a: Sneasler|[spread] p1a,p1b
|-damage|p1a: Sneasler|0 fnt
|-damage|p1b: Staraptor|11/100
|-status|p1b: Staraptor|brn
|faint|p1a: Sneasler
|
|-weather|SunnyDay|[upkeep]
|-damage|p2a: Charizard|0 fnt|[from] psn
|faint|p2a: Charizard
|-damage|p1b: Staraptor|5/100 brn|[from] brn
|upkeep
|
|t:|1785263433
|switch|p1a: Whimsicott|Whimsicott, L50, F|100/100
|switch|p2a: Garchomp|Garchomp, L50, M|90/100
|turn|3
|
|t:|1785263469
|move|p2b: Whimsicott|Tailwind|p2b: Whimsicott
|-sidestart|p2: DeividSFC19|move: Tailwind
|move|p1a: Whimsicott|Tailwind|p1a: Whimsicott
|-sidestart|p1: Shishio_Ax|move: Tailwind
|move|p1b: Staraptor|Close Combat|p2a: Garchomp
|-damage|p2a: Garchomp|60/100
|-boost|p1b: Staraptor|def|1
|-boost|p1b: Staraptor|spd|1
|-damage|p1b: Staraptor|0 fnt|[from] ability: Rough Skin|[of] p2a: Garchomp
|faint|p1b: Staraptor
|move|p2a: Garchomp|Rock Slide|p1a: Whimsicott
|-damage|p1a: Whimsicott|58/100
|-damage|p2a: Garchomp|50/100g|[from] item: Life Orb
|
|-weather|SunnyDay|[upkeep]
|upkeep
|
|t:|1785263476
|switch|p1b: Kingambit|Kingambit, L50, M|100/100
|turn|4
|
|t:|1785263487
|switch|p2a: Basculegion|Basculegion, L50, M|100/100
|move|p2b: Whimsicott|Encore|p1a: Whimsicott
|-start|p1a: Whimsicott|Encore
|move|p1a: Whimsicott|Tailwind||[still]
|-fail|p1a: Whimsicott
|move|p1b: Kingambit|Sucker Punch||[still]
|-fail|p1b: Kingambit
|
|-weather|SunnyDay|[upkeep]
|upkeep
|turn|5
|
|t:|1785263503
|move|p2a: Basculegion|Protect|p2a: Basculegion
|-singleturn|p2a: Basculegion|Protect
|move|p1a: Whimsicott|Tailwind||[still]
|-fail|p1a: Whimsicott
|move|p1b: Kingambit|Sucker Punch||[still]
|-fail|p1b: Kingambit
|move|p2b: Whimsicott|Moonblast|p1b: Kingambit
|-damage|p1b: Kingambit|63/100
|
|-weather|SunnyDay|[upkeep]
|upkeep
|turn|6
|-message|Shishio_Ax forfeited.
|
|win|DeividSFC19
|l|☆Shishio_Ax
|player|p1|
|j|☆Shishio_Ax
|player|p1|Shishio_Ax|chili|
