|j|☆DillyDillyP4206977
|j|☆Bobfuzzy1
|html|DillyDillyP4206977Bobfuzzy1    
|uhtml|bestof|Game 1 of a best-of-3
|t:|1782701125
|gametype|doubles
|player|p1|DillyDillyP4206977|265|
|player|p2|Bobfuzzy1|169|
|gen|9
|tier|[Gen 9 Champions] VGC 2026 Reg M-B (Bo3)
|rule|Species Clause: Limit one of each Pokémon
|rule|Item Clause: Limit 1 of each item
|clearpoke
|poke|p1|Farigiraf, L50, M, shiny|
|poke|p1|Whimsicott, L50, F, shiny|
|poke|p1|Pangoro, L50, M, shiny|
|poke|p1|Mudsdale, L50, M, shiny|
|poke|p1|Charizard, L50, M, shiny|
|poke|p1|Garchomp, L50, F, shiny|
|poke|p2|Milotic, L50, F, shiny|
|poke|p2|Chandelure, L50, M|
|poke|p2|Kangaskhan, L50, F|
|poke|p2|Hydreigon, L50, F|
|poke|p2|Tsareena, L50, F, shiny|
|poke|p2|Gardevoir, L50, M, shiny|
|teampreview|4
|showteam|p1|Farigiraf||MentalHerb|ArmorTail|TrickRoom,Protect,Psychic,HyperVoice|Sassy||M|||50|]Whimsicott||FocusSash|Prankster|Encore,Protect,Moonblast,Tailwind|Modest||F|||50|]Pangoro||LifeOrb|IronFist|CloseCombat,DrainPunch,Protect,ThunderPunch|Brave||M|||50|]Mudsdale||Leftovers|Stamina|Earthquake,Substitute,Protect,RockSlide|Brave||M|||50|]Charizard||CharizarditeY|Blaze|Protect,HeatWave,SolarBeam,Hurricane|Modest||M|||50|]Garchomp||SoftSand|RoughSkin|DragonClaw,Earthquake,IronHead,Protect|Adamant||F|||50|
|showteam|p2|Milotic||Leftovers|Competitive|Hypnosis,Coil,IceBeam,Protect|Bold||F|||50|]Chandelure||FocusSash|FlashFire|HeatWave,ShadowBall,TrickRoom,Protect|Quiet||M|||50|]Kangaskhan||Kangaskhanite|InnerFocus|FakeOut,DoubleEdge,DrainPunch,SuckerPunch|Brave||F|||50|]Hydreigon||LifeOrb|Levitate|DracoMeteor,DarkPulse,EarthPower,Protect|Timid||F|||50|]Tsareena||ChoiceScarf|QueenlyMajesty|TripleAxel,PowerWhip,Uturn,TropKick|Adamant||F|||50|]Gardevoir||Gardevoirite|Trace|HyperVoice,Thunderbolt,Moonblast,Protect|Quiet||M|||50|
|
|t:|1782701188
|teamsize|p1|4
|teamsize|p2|4
|start
|switch|p1a: Whimsicott|Whimsicott, L50, F, shiny|100/100
|switch|p1b: Pangoro|Pangoro, L50, M, shiny|100/100
|switch|p2a: Kangaskhan|Kangaskhan, L50, F|100/100
|switch|p2b: Chandelure|Chandelure, L50, M|100/100
|turn|1
|j| alphawhiski
|
|t:|1782701230
|detailschange|p2a: Kangaskhan|Kangaskhan-Mega, L50, F
|-mega|p2a: Kangaskhan|Kangaskhan|Kangaskhanite
|move|p2a: Kangaskhan|Fake Out|p1b: Pangoro
|-damage|p1b: Pangoro|74/100
|-damage|p1b: Pangoro|68/100
|-hitcount|p1b: Pangoro|2
|move|p1a: Whimsicott|Tailwind|p1a: Whimsicott
|-sidestart|p1: DillyDillyP4206977|move: Tailwind
|cant|p1b: Pangoro|flinch
|move|p2b: Chandelure|Trick Room|p2b: Chandelure
|-fieldstart|move: Trick Room|[of] p2b: Chandelure
|
|upkeep
|turn|2
|
|t:|1782701250
|move|p1b: Pangoro|Protect|p1b: Pangoro
|-singleturn|p1b: Pangoro|Protect
|move|p1a: Whimsicott|Encore|p2b: Chandelure
|-start|p2b: Chandelure|Encore
|move|p2a: Kangaskhan|Drain Punch|p1b: Pangoro
|-activate|p1b: Pangoro|move: Protect
|move|p2b: Chandelure|Trick Room|p2b: Chandelure
|-fieldend|move: Trick Room
|
|upkeep
|turn|3
|
|t:|1782701270
|move|p2a: Kangaskhan|Sucker Punch|p1b: Pangoro
|-resisted|p1b: Pangoro|2
|-damage|p1b: Pangoro|60/100
|-resisted|p1b: Pangoro|2
|-damage|p1b: Pangoro|59/100
|-hitcount|p1b: Pangoro|2
|move|p1a: Whimsicott|Moonblast|p2b: Chandelure
|-resisted|p2b: Chandelure|1
|-damage|p2b: Chandelure|81/100
|move|p1b: Pangoro|Close Combat|p2a: Kangaskhan
|-supereffective|p2a: Kangaskhan|1
|-damage|p2a: Kangaskhan|0 fnt
|-unboost|p1b: Pangoro|def|1
|-unboost|p1b: Pangoro|spd|1
|faint|p2a: Kangaskhan
|-damage|p1b: Pangoro|49/100|[from] item: Life Orb
|move|p2b: Chandelure|Trick Room|p2b: Chandelure
|-fieldstart|move: Trick Room|[of] p2b: Chandelure
|
|upkeep
|
|t:|1782701287
|switch|p2a: Gardevoir|Gardevoir, L50, M, shiny|100/100
|-ability|p2a: Gardevoir|Prankster|Trace|[from] ability: Trace|[of] p1a: Whimsicott
|turn|4
|
|t:|1782701304
|switch|p2b: Tsareena|Tsareena, L50, F, shiny|100/100
|switch|p1b: Charizard|Charizard, L50, M, shiny|100/100
|move|p1a: Whimsicott|Protect|p1a: Whimsicott
|-singleturn|p1a: Whimsicott|Protect
|move|p2a: Gardevoir|Moonblast|p1b: Charizard
|-resisted|p1b: Charizard|1
|-damage|p1b: Charizard|71/100
|
|-sideend|p1: DillyDillyP4206977|move: Tailwind
|upkeep
|turn|5
|
|t:|1782701328
|detailschange|p1b: Charizard|Charizard-Mega-Y, L50, M, shiny
|-mega|p1b: Charizard|Charizard|Charizardite Y
|-weather|SunnyDay|[from] ability: Drought|[of] p1b: Charizard
|move|p1b: Charizard|Protect|p1b: Charizard
|-singleturn|p1b: Charizard|Protect
|move|p1a: Whimsicott|Tailwind|p1a: Whimsicott
|-sidestart|p1: DillyDillyP4206977|move: Tailwind
|move|p2a: Gardevoir|Thunderbolt|p1b: Charizard
|-activate|p1b: Charizard|move: Protect
|move|p2b: Tsareena|Triple Axel|p1a: Whimsicott
|-supereffective|p1a: Whimsicott|1
|-damage|p1a: Whimsicott|82/100
|-supereffective|p1a: Whimsicott|1
|-damage|p1a: Whimsicott|43/100
|-supereffective|p1a: Whimsicott|1
|-damage|p1a: Whimsicott|0 fnt
|faint|p1a: Whimsicott
|-hitcount|p1: Whimsicott|3
|
|-weather|SunnyDay|[upkeep]
|upkeep
|
|t:|1782701347
|switch|p1a: Garchomp|Garchomp, L50, F, shiny|100/100
|turn|6
|
|t:|1782701369
|move|p2a: Gardevoir|Thunderbolt|p1b: Charizard
|-supereffective|p1b: Charizard|1
|-damage|p1b: Charizard|16/100
|move|p2b: Tsareena|Triple Axel|p1a: Garchomp
|-supereffective|p1a: Garchomp|2
|-damage|p1a: Garchomp|73/100
|-damage|p2b: Tsareena|87/100|[from] ability: Rough Skin|[of] p1a: Garchomp
|-supereffective|p1a: Garchomp|2
|-damage|p1a: Garchomp|19/100
|-damage|p2b: Tsareena|75/100|[from] ability: Rough Skin|[of] p1a: Garchomp
|-supereffective|p1a: Garchomp|2
|-damage|p1a: Garchomp|0 fnt
|-damage|p2b: Tsareena|63/100|[from] ability: Rough Skin|[of] p1a: Garchomp
|faint|p1a: Garchomp
|-hitcount|p1: Garchomp|3
|move|p1b: Charizard|Heat Wave|p2a: Gardevoir|[spread] p2a,p2b
|-supereffective|p2b: Tsareena|1
|-damage|p2a: Gardevoir|36/100
|-damage|p2b: Tsareena|0 fnt
|faint|p2b: Tsareena
|
|-weather|SunnyDay|[upkeep]
|upkeep
|
|t:|1782701390
|switch|p2b: Chandelure|Chandelure, L50, M|81/100
|switch|p1a: Pangoro|Pangoro, L50, M, shiny|49/100
|turn|7
|
|t:|1782701423
|move|p1a: Pangoro|Protect|p1a: Pangoro
|-singleturn|p1a: Pangoro|Protect
|move|p1b: Charizard|Protect|p1b: Charizard
|-singleturn|p1b: Charizard|Protect
|move|p2a: Gardevoir|Hyper Voice|p1b: Charizard|[spread] 
|-activate|p1a: Pangoro|move: Protect
|-activate|p1b: Charizard|move: Protect
|move|p2b: Chandelure|Heat Wave|p1b: Charizard|[spread] 
|-activate|p1a: Pangoro|move: Protect
|-activate|p1b: Charizard|move: Protect
|
|-weather|SunnyDay|[upkeep]
|-fieldend|move: Trick Room
|upkeep
|turn|8
|
|t:|1782701454
|move|p2a: Gardevoir|Protect|p2a: Gardevoir
|-singleturn|p2a: Gardevoir|Protect
|move|p2b: Chandelure|Protect|p2b: Chandelure
|-singleturn|p2b: Chandelure|Protect
|move|p1b: Charizard|Heat Wave|p2b: Chandelure|[spread] 
|-activate|p2a: Gardevoir|move: Protect
|-activate|p2b: Chandelure|move: Protect
|move|p1a: Pangoro|Thunder Punch|p2b: Chandelure
|-activate|p2b: Chandelure|move: Protect
|
|-weather|SunnyDay|[upkeep]
|-sideend|p1: DillyDillyP4206977|move: Tailwind
|upkeep
|turn|9
|
|t:|1782701487
|move|p1b: Charizard|Hurricane|p2b: Chandelure|[miss]
|-miss|p1b: Charizard|p2b: Chandelure
|move|p2b: Chandelure|Heat Wave|p1b: Charizard|[spread] p1a,p1b
|-resisted|p1b: Charizard|1
|-damage|p1a: Pangoro|0 fnt
|-damage|p1b: Charizard|0 fnt
|faint|p1a: Pangoro
|faint|p1b: Charizard
|
|win|Bobfuzzy1
|inactive|DillyDillyP4206977 has 30 seconds to confirm battle start!
|inactive|Bobfuzzy1 has 30 seconds to confirm battle start!
|inactive|DillyDillyP4206977 has 20 seconds to confirm battle start!
|inactive|Bobfuzzy1 has 20 seconds to confirm battle start!
||DillyDillyP4206977 is ready for game 2.
|l|☆Bobfuzzy1
|player|p2|
|inactive|Bobfuzzy1 has 10 seconds to confirm battle start!
|uhtml|next|Next: Game 2 of 3
|j|☆Bobfuzzy1
|player|p2|Bobfuzzy1|169|
