|j|☆ThierryVGC
|j|☆spearow's nest
|html|ThierryVGCspearow's nest    
|uhtml|bestof|Game 3 of a best-of-3
|t:|1757042120
|gametype|doubles
|player|p1|ThierryVGC|266|1160
|player|p2|spearow's nest|lance|1250
|gen|9
|tier|[Gen 9] VGC 2025 Reg H (Bo3)
|rated|
|rule|Species Clause: Limit one of each Pokémon
|rule|Item Clause: Limit 1 of each item
|clearpoke
|poke|p1|Porygon2, L50|
|poke|p1|Ursaluna, L50, M|
|poke|p1|Amoonguss, L50, M|
|poke|p1|Incineroar, L50, F|
|poke|p1|Murkrow, L50, F|
|poke|p1|Typhlosion-Hisui, L50, M|
|poke|p2|Rillaboom, L50, M|
|poke|p2|Dragonite, L50, M|
|poke|p2|Sneasler, L50, M|
|poke|p2|Ninetales-Alola, L50, F|
|poke|p2|Kingambit, L50, M|
|poke|p2|Volcarona, L50, F|
|teampreview|4
|showteam|p1|Porygon2||Eviolite|Download|IceBeam,TeraBlast,Recover,TrickRoom||||||50|,,,,,Fighting]Ursaluna||FlameOrb|Guts|Facade,Earthquake,HeadlongRush,Protect|||M|||50|,,,,,Fairy]Amoonguss||CovertCloak|Regenerator|PollenPuff,SludgeBomb,RagePowder,Spore|||M|||50|,,,,,Water]Incineroar||SafetyGoggles|Intimidate|KnockOff,PartingShot,FlareBlitz,FakeOut|||F|||50|,,,,,Ghost]Murkrow||FocusSash|Prankster|Tailwind,SunnyDay,Haze,AirSlash|||F|||50|,,,,,Ghost]Typhlosion-Hisui||ChoiceScarf|Blaze|Eruption,HeatWave,ShadowBall,Overheat|||M|||50|,,,,,Fire
|showteam|p2|Rillaboom||AssaultVest|GrassySurge|WoodHammer,GrassyGlide,HighHorsepower,FakeOut|||M|||50|,,,,,Fire]Dragonite||LoadedDice|Multiscale|Protect,ScaleShot,LowKick,Haze|||M|||50|,,,,,Fairy]Sneasler||WhiteHerb|Unburden|Protect,DireClaw,CloseCombat,Coaching|||M|||50|,,,,,Ghost]Ninetales-Alola||ChoiceSpecs|SnowWarning|Blizzard,IcyWind,Moonblast,FreezeDry|||F|||50|,,,,,Ghost]Kingambit||SafetyGoggles|Defiant|Protect,KowtowCleave,SuckerPunch,SwordsDance|||M|||50|,,,,,Dark]Volcarona||CovertCloak|FlameBody|StruggleBug,RagePowder,Overheat,WillOWisp|||F|||50|,,,,,Fairy
|
|t:|1757042159
|teamsize|p1|4
|teamsize|p2|4
|start
|switch|p1a: Typhlosion|Typhlosion-Hisui, L50, M|100/100
|switch|p1b: Amoonguss|Amoonguss, L50, M|100/100
|switch|p2a: Ninetales|Ninetales-Alola, L50, F|100/100
|switch|p2b: Rillaboom|Rillaboom, L50, M|100/100
|-weather|Snowscape|[from] ability: Snow Warning|[of] p2a: Ninetales
|-fieldstart|move: Grassy Terrain|[from] ability: Grassy Surge|[of] p2b: Rillaboom
|turn|1
|
|t:|1757042213
|switch|p2a: Volcarona|Volcarona, L50, F|100/100
|-terastallize|p2b: Rillaboom|Fire
|move|p1a: Typhlosion|Eruption|p2a: Volcarona|[spread] p2a,p2b
|-resisted|p2b: Rillaboom
|-damage|p2a: Volcarona|46/100
|-damage|p2b: Rillaboom|79/100
|move|p2b: Rillaboom|High Horsepower|p1a: Typhlosion
|-supereffective|p1a: Typhlosion
|-damage|p1a: Typhlosion|6/100
|move|p1b: Amoonguss|Spore|p2b: Rillaboom
|-status|p2b: Rillaboom|slp|[from] move: Spore
|
|-weather|Snowscape|[upkeep]
|-heal|p1a: Typhlosion|12/100|[from] Grassy Terrain
|-heal|p2a: Volcarona|52/100|[from] Grassy Terrain
|-heal|p2b: Rillaboom|85/100 slp|[from] Grassy Terrain
|upkeep
|turn|2
|
|t:|1757042240
|switch|p1a: Ursaluna|Ursaluna, L50, M|100/100
|move|p2a: Volcarona|Overheat|p1b: Amoonguss
|-supereffective|p1b: Amoonguss
|-damage|p1b: Amoonguss|0 fnt
|-unboost|p2a: Volcarona|spa|2
|faint|p1b: Amoonguss
|cant|p2b: Rillaboom|slp
|
|-weather|Snowscape|[upkeep]
|-heal|p2a: Volcarona|58/100|[from] Grassy Terrain
|-heal|p2b: Rillaboom|92/100 slp|[from] Grassy Terrain
|-status|p1a: Ursaluna|brn|[from] item: Flame Orb
|upkeep
|
|t:|1757042249
|switch|p1b: Typhlosion|Typhlosion-Hisui, L50, M|12/100
|turn|3
|
|t:|1757042258
|cant|p2b: Rillaboom|slp
|move|p1b: Typhlosion|Overheat|p2a: Volcarona
|-damage|p2a: Volcarona|0 fnt
|-unboost|p1b: Typhlosion|spa|2
|faint|p2a: Volcarona
|move|p1a: Ursaluna|Facade|p2b: Rillaboom
|-damage|p2b: Rillaboom|0 fnt
|faint|p2b: Rillaboom
|
|-weather|Snowscape|[upkeep]
|-heal|p1b: Typhlosion|18/100|[from] Grassy Terrain
|-damage|p1a: Ursaluna|95/100 brn|[from] brn
|upkeep
|
|t:|1757042266
|switch|p2a: Ninetales|Ninetales-Alola, L50, F|100/100
|switch|p2b: Kingambit|Kingambit, L50, M|100/100
|turn|4
|
|t:|1757042283
|-terastallize|p1a: Ursaluna|Fairy
|move|p2b: Kingambit|Protect|p2b: Kingambit
|-singleturn|p2b: Kingambit|Protect
|move|p1b: Typhlosion|Overheat|p2a: Ninetales
|-supereffective|p2a: Ninetales
|-damage|p2a: Ninetales|0 fnt
|-unboost|p1b: Typhlosion|spa|2
|faint|p2a: Ninetales
|move|p1a: Ursaluna|Headlong Rush|p2b: Kingambit
|-activate|p2b: Kingambit|move: Protect
|
|-weather|Snowscape|[upkeep]
|-heal|p1b: Typhlosion|24/100|[from] Grassy Terrain
|-heal|p1a: Ursaluna|100/100 brn|[from] Grassy Terrain
|-damage|p1a: Ursaluna|95/100 brn|[from] brn
|upkeep
|turn|5
|
|t:|1757042302
|move|p1b: Typhlosion|Overheat|p2b: Kingambit
|-supereffective|p2b: Kingambit
|-damage|p2b: Kingambit|31/100
|-unboost|p1b: Typhlosion|spa|2
|move|p1a: Ursaluna|Headlong Rush|p2b: Kingambit
|-supereffective|p2b: Kingambit
|-damage|p2b: Kingambit|0 fnt
|-unboost|p1a: Ursaluna|def|1
|-unboost|p1a: Ursaluna|spd|1
|faint|p2b: Kingambit
|
|win|ThierryVGC
|raw|ThierryVGC's rating: 1160 → 1191(+31 for winning)
|raw|spearow's nest's rating: 1250 → 1219(-31 for losing)
