|j|☆memeberserk
|j|☆jomivgc
|html|memeberserkjomivgc    
|uhtml|bestof|Game 2 of a best-of-3
|t:|1784603320
|gametype|doubles
|player|p1|memeberserk|lance|1254
|player|p2|jomivgc|falkner-gen2|1248
|gen|9
|tier|[Gen 9 Champions] VGC 2026 Reg M-B (Bo3)
|rated|
|rule|Species Clause: Limit one of each Pokémon
|rule|Item Clause: Limit 1 of each item
|clearpoke
|poke|p1|Raichu, L50, M|
|poke|p1|Corviknight, L50, M|
|poke|p1|Sylveon, L50, F|
|poke|p1|Basculegion, L50, M|
|poke|p1|Mamoswine, L50, M|
|poke|p1|Tyranitar, L50, M|
|poke|p2|Aerodactyl, L50, M|
|poke|p2|Charizard, L50, M|
|poke|p2|Incineroar, L50, M|
|poke|p2|Kingambit, L50, F|
|poke|p2|Sylveon, L50, M|
|poke|p2|Garchomp, L50, M|
|teampreview|4
|showteam|p1|Raichu||RaichuniteY|LightningRod|ZapCannon,FocusBlast,FakeOut,Protect|Timid||M|||50|]Corviknight||Leftovers|Unnerve|BraveBird,IronHead,Tailwind,Protect|Careful||M|||50|]Sylveon||FairyFeather|Pixilate|HyperVoice,QuickAttack,Protect,Yawn|Modest||F|||50|]Basculegion||MysticWater|SwiftSwim|WaveCrash,LastRespects,AquaJet,Protect|Adamant||M|||50|]Mamoswine||LifeOrb|Oblivious|HighHorsepower,IceShard,IcicleCrash,Protect|Adamant||M|||50|]Tyranitar||FocusSash|SandStream|RockSlide,KnockOff,Superpower,Protect|Adamant||M|||50|
|showteam|p2|Aerodactyl||Aerodactylite|Unnerve|RockSlide,DualWingbeat,WideGuard,Tailwind|Jolly||M|||50|]Charizard||CharizarditeY|Blaze|HeatWave,WeatherBall,SolarBeam,Protect|Modest||M|||50|]Incineroar||SitrusBerry|Intimidate|FlareBlitz,DarkestLariat,FakeOut,PartingShot|Impish||M|||50|]Kingambit||FocusSash|Defiant|KowtowCleave,IronHead,SuckerPunch,LowKick|Adamant||F|||50|]Sylveon||FairyFeather|Pixilate|HyperVoice,HyperBeam,QuickAttack,Detect|Modest||M|||50|]Garchomp||LifeOrb|RoughSkin|Earthquake,DragonClaw,RockSlide,Protect|Jolly||M|||50|
|inactive|Battle timer is ON: inactive players will automatically lose when time's up. (requested by jomivgc)
|inactive|memeberserk has 60 seconds left.
|inactive|jomivgc has 60 seconds left.
|
|t:|1784603378
|teamsize|p1|4
|teamsize|p2|4
|start
|switch|p1a: Raichu|Raichu, L50, M|100/100
|switch|p1b: Mamoswine|Mamoswine, L50, M|100/100
|switch|p2a: Aerodactyl|Aerodactyl, L50, M|100/100
|switch|p2b: Kingambit|Kingambit, L50, F|100/100
|-ability|p2a: Aerodactyl|Unnerve
|turn|1
|inactive|jomivgc has 30 seconds left.
|
|t:|1784603412
|detailschange|p1a: Raichu|Raichu-Mega-Y, L50, M
|-mega|p1a: Raichu|Raichu|Raichunite Y
|move|p1a: Raichu|Fake Out|p2b: Kingambit
|-resisted|p2b: Kingambit|1
|-damage|p2b: Kingambit|96/100
|move|p1b: Mamoswine|Ice Shard|p2a: Aerodactyl
|-supereffective|p2a: Aerodactyl|1
|-damage|p2a: Aerodactyl|23/100
|-damage|p1b: Mamoswine|90/100|[from] item: Life Orb
|move|p2a: Aerodactyl|Tailwind|p2a: Aerodactyl
|-sidestart|p2: jomivgc|move: Tailwind
|cant|p2b: Kingambit|flinch
|
|upkeep
|turn|2
|inactive|jomivgc has 30 seconds left.
|inactive|jomivgc has 20 seconds left.
|inactive|jomivgc has 15 seconds left.
|inactive|jomivgc has 10 seconds left.
|
|t:|1784603460
|move|p1b: Mamoswine|Ice Shard|p2a: Aerodactyl
|-supereffective|p2a: Aerodactyl|1
|-damage|p2a: Aerodactyl|0 fnt
|faint|p2a: Aerodactyl
|-damage|p1b: Mamoswine|80/100|[from] item: Life Orb
|move|p1a: Raichu|Focus Blast|p2b: Kingambit
|-supereffective|p2b: Kingambit|2
|-damage|p2b: Kingambit|0 fnt
|faint|p2b: Kingambit
|
|upkeep
|
|t:|1784603468
|switch|p2a: Charizard|Charizard, L50, M|100/100
|switch|p2b: Sylveon|Sylveon, L50, M|100/100
|turn|3
|
|t:|1784603484
|switch|p1b: Sylveon|Sylveon, L50, F|100/100
|detailschange|p2a: Charizard|Charizard-Mega-Y, L50, M
|-mega|p2a: Charizard|Charizard|Charizardite Y
|-weather|SunnyDay|[from] ability: Drought|[of] p2a: Charizard
|move|p1a: Raichu|Protect|p1a: Raichu
|-singleturn|p1a: Raichu|Protect
|move|p2a: Charizard|Heat Wave|p1b: Sylveon|[spread] p1b
|-activate|p1a: Raichu|move: Protect
|-damage|p1b: Sylveon|55/100
|move|p2b: Sylveon|Hyper Voice|p1b: Sylveon|[spread] p1b
|-activate|p1a: Raichu|move: Protect
|-damage|p1b: Sylveon|16/100
|
|-weather|SunnyDay|[upkeep]
|upkeep
|turn|4
|inactive|memeberserk has 30 seconds left.
|
|t:|1784603510
|switch|p1a: Tyranitar|Tyranitar, L50, M|100/100
|-weather|Sandstorm|[from] ability: Sand Stream|[of] p1a: Tyranitar
|move|p2a: Charizard|Heat Wave|p1b: Sylveon|[spread] p1a,p1b
|-resisted|p1a: Tyranitar|1
|-damage|p1a: Tyranitar|87/100
|-damage|p1b: Sylveon|0 fnt
|faint|p1b: Sylveon
|move|p2b: Sylveon|Hyper Voice|p1a: Tyranitar
|-supereffective|p1a: Tyranitar|1
|-damage|p1a: Tyranitar|5/100
|
|-weather|Sandstorm|[upkeep]
|-damage|p2a: Charizard|93/100|[from] Sandstorm
|-damage|p2b: Sylveon|94/100|[from] Sandstorm
|-sideend|p2: jomivgc|move: Tailwind
|upkeep
|
|t:|1784603523
|switch|p1b: Raichu|Raichu-Mega-Y, L50, M|100/100
|turn|5
|
|t:|1784603537
|move|p2a: Charizard|Protect|p2a: Charizard
|-singleturn|p2a: Charizard|Protect
|move|p2b: Sylveon|Quick Attack|p1a: Tyranitar
|-supereffective|p1a: Tyranitar|1
|-damage|p1a: Tyranitar|0 fnt
|faint|p1a: Tyranitar
|move|p1b: Raichu|Zap Cannon|p2a: Charizard
|-activate|p2a: Charizard|move: Protect
|
|-weather|Sandstorm|[upkeep]
|-damage|p1b: Raichu|94/100|[from] Sandstorm
|-damage|p2a: Charizard|87/100|[from] Sandstorm
|-damage|p2b: Sylveon|88/100|[from] Sandstorm
|upkeep
|
|t:|1784603547
|switch|p1a: Mamoswine|Mamoswine, L50, M|80/100
|turn|6
|
|t:|1784603565
|move|p2a: Charizard|Protect||[still]
|-fail|p2a: Charizard
|move|p1b: Raichu|Zap Cannon|p2a: Charizard
|-supereffective|p2a: Charizard|1
|-damage|p2a: Charizard|0 fnt
|faint|p2a: Charizard
|move|p1a: Mamoswine|High Horsepower|p2b: Sylveon
|-damage|p2b: Sylveon|0 fnt
|faint|p2b: Sylveon
|-damage|p1a: Mamoswine|71/100|[from] item: Life Orb
|
|win|memeberserk
|raw|memeberserk's rating: 1254 → 1279(+25 for winning)
|raw|jomivgc's rating: 1248 → 1223(-25 for losing)
