|j|☆whootybooty
|j|☆Njstinks
|html|whootybootyNjstinks    
|uhtml|bestof|Game 2 of a best-of-3
|t:|1756920681
|gametype|doubles
|player|p1|whootybooty|marshal|1327
|player|p2|Njstinks|170|1368
|gen|9
|tier|[Gen 9] VGC 2025 Reg H (Bo3)
|rated|
|rule|Species Clause: Limit one of each Pokémon
|rule|Item Clause: Limit 1 of each item
|clearpoke
|poke|p1|Corviknight, L50, F|
|poke|p1|Tyranitar, L50, F|
|poke|p1|Garchomp, L50, F|
|poke|p1|Gholdengo, L50|
|poke|p1|Hydreigon, L50, M|
|poke|p1|Dragapult, L50, M|
|poke|p2|Sneasler, L50, M|
|poke|p2|Dondozo, L50, M|
|poke|p2|Tatsugiri, L50, F|
|poke|p2|Indeedee, L50, M|
|poke|p2|Excadrill, L50, M|
|poke|p2|Tyranitar, L50, M|
|teampreview|4
|showteam|p1|Corviknight||Leftovers|MirrorArmor|BraveBird,IronHead,Tailwind,Taunt|||F|||50|,,,,,Dragon]Tyranitar||AssaultVest|SandStream|KnockOff,RockSlide,TeraBlast,LowKick|||F|||50|,,,,,Flying]Garchomp||LifeOrb|RoughSkin|Earthquake,StompingTantrum,DragonClaw,Protect|||F|||50|,,,,,Steel]Gholdengo||MetalCoat|GoodasGold|NastyPlot,MakeItRain,ShadowBall,Protect||||||50|,,,,,Water]Hydreigon||SafetyGoggles|Levitate|DracoMeteor,HeatWave,NastyPlot,Protect|||M|||50|,,,,,Fire]Dragapult||FocusSash|ClearBody|DracoMeteor,ShadowBall,WillOWisp,Protect|||M|||50|,,,,,Steel
|showteam|p2|Sneasler||PsychicSeed|Unburden|DireClaw,CloseCombat,Protect,ThroatChop|||M|||50|,,,,,Dark]Dondozo||Leftovers|Unaware|WaveCrash,HeavySlam,OrderUp,Protect|||M|||50|,,,,,Grass]Tatsugiri||FocusSash|Commander|DracoMeteor,MuddyWater,IcyWind,Protect|||F|||50|,,,,,Stellar]Indeedee||ChoiceScarf|PsychicSurge|ExpandingForce,ShadowBall,Trick,Protect|||M|||50|,,,,,Psychic]Excadrill||ClearAmulet|SandRush|Earthquake,IronHead,HighHorsepower,Protect|||M|||50|,,,,,Ground]Tyranitar||AssaultVest|SandStream|RockSlide,KnockOff,LowKick,TeraBlast|||M|||50|,,,,,Flying
|inactive|Battle timer is ON: inactive players will automatically lose when time's up. (requested by whootybooty)
|
|t:|1756920708
|teamsize|p1|4
|teamsize|p2|4
|start
|switch|p1a: Corviknight|Corviknight, L50, F|100/100
|switch|p1b: Garchomp|Garchomp, L50, F|100/100
|switch|p2a: Excadrill|Excadrill, L50, M|100/100
|switch|p2b: Dondozo|Dondozo, L50, M|100/100
|turn|1
|
|t:|1756920731
|switch|p2a: Tatsugiri|Tatsugiri, L50, F|100/100
|-activate|p2a: Tatsugiri|ability: Commander|[of] p2b: Dondozo
|-boost|p2b: Dondozo|atk|2
|-boost|p2b: Dondozo|spa|2
|-boost|p2b: Dondozo|spe|2
|-boost|p2b: Dondozo|def|2
|-boost|p2b: Dondozo|spd|2
|move|p1b: Garchomp|Protect|p1b: Garchomp
|-singleturn|p1b: Garchomp|Protect
|move|p2b: Dondozo|Wave Crash|p1b: Garchomp
|-activate|p1b: Garchomp|move: Protect
|move|p1a: Corviknight|Taunt|p2b: Dondozo
|-start|p2b: Dondozo|move: Taunt
|
|upkeep
|turn|2
|inactive|whootybooty has 30 seconds left.
|
|t:|1756920766
|switch|p1b: Dragapult|Dragapult, L50, M|100/100
|move|p2b: Dondozo|Order Up|p1a: Corviknight
|-resisted|p1a: Corviknight
|-damage|p1a: Corviknight|80/100
|-boost|p2b: Dondozo|atk|1
|move|p1a: Corviknight|Brave Bird|p2b: Dondozo
|-damage|p2b: Dondozo|87/100
|-damage|p1a: Corviknight|75/100|[from] Recoil
|
|-heal|p2b: Dondozo|93/100|[from] item: Leftovers
|-heal|p1a: Corviknight|81/100|[from] item: Leftovers
|upkeep
|turn|3
|
|t:|1756920783
|move|p1b: Dragapult|Will-O-Wisp|p2b: Dondozo
|-status|p2b: Dondozo|brn
|move|p2b: Dondozo|Order Up|p1b: Dragapult
|-supereffective|p1b: Dragapult
|-damage|p1b: Dragapult|20/100
|-boost|p2b: Dondozo|atk|1
|move|p1a: Corviknight|Brave Bird|p2b: Dondozo
|-damage|p2b: Dondozo|78/100 brn
|-damage|p1a: Corviknight|76/100|[from] Recoil
|
|-heal|p2b: Dondozo|85/100 brn|[from] item: Leftovers
|-heal|p1a: Corviknight|82/100|[from] item: Leftovers
|-damage|p2b: Dondozo|78/100 brn|[from] brn
|upkeep
|turn|4
|
|t:|1756920805
|move|p1b: Dragapult|Draco Meteor|p2b: Dondozo
|-damage|p2b: Dondozo|44/100 brn
|-unboost|p1b: Dragapult|spa|2
|move|p2b: Dondozo|Order Up|p1b: Dragapult
|-supereffective|p1b: Dragapult
|-crit|p1b: Dragapult
|-damage|p1b: Dragapult|0 fnt
|faint|p1b: Dragapult
|-boost|p2b: Dondozo|atk|1
|move|p1a: Corviknight|Brave Bird|p2b: Dondozo
|-damage|p2b: Dondozo|29/100 brn
|-damage|p1a: Corviknight|76/100|[from] Recoil
|
|-heal|p2b: Dondozo|35/100 brn|[from] item: Leftovers
|-heal|p1a: Corviknight|82/100|[from] item: Leftovers
|-damage|p2b: Dondozo|29/100 brn|[from] brn
|-end|p2b: Dondozo|move: Taunt
|upkeep
|
|t:|1756920825
|switch|p1b: Hydreigon|Hydreigon, L50, M|100/100
|turn|5
|
|t:|1756920834
|move|p1b: Hydreigon|Protect|p1b: Hydreigon
|-singleturn|p1b: Hydreigon|Protect
|move|p2b: Dondozo|Order Up|p1b: Hydreigon
|-activate|p1b: Hydreigon|move: Protect
|move|p1a: Corviknight|Tailwind|p1a: Corviknight
|-sidestart|p1: whootybooty|move: Tailwind
|
|-heal|p1a: Corviknight|88/100|[from] item: Leftovers
|-heal|p2b: Dondozo|35/100 brn|[from] item: Leftovers
|-damage|p2b: Dondozo|29/100 brn|[from] brn
|upkeep
|turn|6
|
|t:|1756920851
|move|p2b: Dondozo|Protect|p2b: Dondozo
|-singleturn|p2b: Dondozo|Protect
|move|p1b: Hydreigon|Draco Meteor|p2b: Dondozo
|-activate|p2b: Dondozo|move: Protect
|move|p1a: Corviknight|Brave Bird|p2b: Dondozo
|-activate|p2b: Dondozo|move: Protect
|
|-heal|p1a: Corviknight|94/100|[from] item: Leftovers
|-heal|p2b: Dondozo|35/100 brn|[from] item: Leftovers
|-damage|p2b: Dondozo|29/100 brn|[from] brn
|upkeep
|turn|7
|
|t:|1756920867
|move|p1b: Hydreigon|Draco Meteor|p2b: Dondozo
|-damage|p2b: Dondozo|0 fnt
|-unboost|p1b: Hydreigon|spa|2
|faint|p2b: Dondozo
|move|p1a: Corviknight|Brave Bird|p2a: Tatsugiri
|-damage|p2a: Tatsugiri|33/100
|-damage|p1a: Corviknight|78/100|[from] Recoil
|
|-heal|p1a: Corviknight|84/100|[from] item: Leftovers
|upkeep
|
|t:|1756920888
|switch|p2b: Tyranitar|Tyranitar, L50, M|100/100
|-weather|Sandstorm|[from] ability: Sand Stream|[of] p2b: Tyranitar
|turn|8
|
|t:|1756920902
|move|p2a: Tatsugiri|Protect|p2a: Tatsugiri
|-singleturn|p2a: Tatsugiri|Protect
|move|p1b: Hydreigon|Nasty Plot|p1b: Hydreigon
|-boost|p1b: Hydreigon|spa|2
|move|p1a: Corviknight|Brave Bird|p2a: Tatsugiri
|-activate|p2a: Tatsugiri|move: Protect
|move|p2b: Tyranitar|Knock Off|p1a: Corviknight
|-damage|p1a: Corviknight|40/100
|-enditem|p1a: Corviknight|Leftovers|[from] move: Knock Off|[of] p2b: Tyranitar
|
|-weather|Sandstorm|[upkeep]
|-damage|p2a: Tatsugiri|27/100|[from] Sandstorm
|-sideend|p1: whootybooty|move: Tailwind
|upkeep
|turn|9
|
|t:|1756920923
|move|p1b: Hydreigon|Protect|p1b: Hydreigon
|-singleturn|p1b: Hydreigon|Protect
|move|p2a: Tatsugiri|Muddy Water|p1a: Corviknight|[spread] p1a
|-activate|p1b: Hydreigon|move: Protect
|-damage|p1a: Corviknight|16/100
|move|p2b: Tyranitar|Rock Slide|p1a: Corviknight|[spread] p1a
|-activate|p1b: Hydreigon|move: Protect
|-damage|p1a: Corviknight|0 fnt
|faint|p1a: Corviknight
|
|-weather|Sandstorm|[upkeep]
|-damage|p2a: Tatsugiri|21/100|[from] Sandstorm
|upkeep
|
|t:|1756920937
|switch|p1a: Garchomp|Garchomp, L50, F|100/100
|turn|10
|
|t:|1756920950
|-terastallize|p2b: Tyranitar|Flying
|move|p1a: Garchomp|Earthquake|p2a: Tatsugiri|[spread] p2a
|-immune|p1b: Hydreigon|[from] ability: Levitate
|-immune|p2b: Tyranitar
|-damage|p2a: Tatsugiri|0 fnt
|faint|p2a: Tatsugiri
|-damage|p1a: Garchomp|91/100|[from] item: Life Orb
|move|p1b: Hydreigon|Nasty Plot|p1b: Hydreigon
|-boost|p1b: Hydreigon|spa|2
|move|p2b: Tyranitar|Rock Slide|p1b: Hydreigon|[spread] p1a,p1b
|-resisted|p1a: Garchomp
|-damage|p1a: Garchomp|75/100
|-damage|p1b: Hydreigon|62/100
|
|-weather|Sandstorm|[upkeep]
|-damage|p2b: Tyranitar|94/100|[from] Sandstorm
|upkeep
|
|t:|1756920952
|switch|p2a: Excadrill|Excadrill, L50, M|100/100
|turn|11
|
|t:|1756920976
|move|p1a: Garchomp|Protect|p1a: Garchomp
|-singleturn|p1a: Garchomp|Protect
|move|p1b: Hydreigon|Protect|p1b: Hydreigon
|-singleturn|p1b: Hydreigon|Protect
|move|p2a: Excadrill|Earthquake|p1a: Garchomp|[spread] 
|-activate|p1a: Garchomp|move: Protect
|-activate|p1b: Hydreigon|move: Protect
|-immune|p2b: Tyranitar
|move|p2b: Tyranitar|Rock Slide|p1b: Hydreigon|[spread] 
|-activate|p1a: Garchomp|move: Protect
|-activate|p1b: Hydreigon|move: Protect
|
|-weather|Sandstorm|[upkeep]
|-damage|p2b: Tyranitar|88/100|[from] Sandstorm
|upkeep
|turn|12
|
|t:|1756920998
|move|p2a: Excadrill|Iron Head|p1b: Hydreigon
|-damage|p1b: Hydreigon|12/100
|move|p1a: Garchomp|Stomping Tantrum|p2a: Excadrill
|-supereffective|p2a: Excadrill
|-damage|p2a: Excadrill|0 fnt
|faint|p2a: Excadrill
|-damage|p1a: Garchomp|65/100|[from] item: Life Orb
|cant|p1b: Hydreigon|flinch
|move|p2b: Tyranitar|Rock Slide|p1b: Hydreigon|[spread] p1b
|-miss|p2b: Tyranitar|p1a: Garchomp
|-damage|p1b: Hydreigon|0 fnt
|faint|p1b: Hydreigon
|
|-weather|none
|upkeep
|turn|13
|
|t:|1756921017
|move|p1a: Garchomp|Dragon Claw|p2b: Tyranitar
|-damage|p2b: Tyranitar|46/100
|-damage|p1a: Garchomp|55/100|[from] item: Life Orb
|move|p2b: Tyranitar|Knock Off|p1a: Garchomp
|-damage|p1a: Garchomp|0 fnt
|-damage|p2b: Tyranitar|33/100|[from] ability: Rough Skin|[of] p1a: Garchomp
|-enditem|p1a: Garchomp|Life Orb|[from] move: Knock Off|[of] p2b: Tyranitar
|faint|p1a: Garchomp
|
|win|Njstinks
||Njstinks is ready for game 3.
|inactive|whootybooty has 30 seconds to confirm battle start!
||whootybooty is ready for game 3.
|uhtml|next|Next: Game 3 of 3
|l|☆whootybooty
|player|p1|
