|j|☆dotKuro
|j|☆MoltresMania
|html|dotKuroMoltresMania    
|uhtml|bestof|Game 2 of a best-of-3
|t:|1755092777
|gametype|doubles
|player|p1|dotKuro|2|1234
|player|p2|MoltresMania|170|1203
|gen|9
|tier|[Gen 9] VGC 2025 Reg H (Bo3)
|rated|
|rule|Species Clause: Limit one of each Pokémon
|rule|Item Clause: Limit 1 of each item
|clearpoke
|poke|p1|Garchomp, L50, F|
|poke|p1|Gholdengo, L50|
|poke|p1|Tyranitar, L50, M|
|poke|p1|Incineroar, L50, M|
|poke|p1|Amoonguss, L50, F|
|poke|p1|Talonflame, L50, M|
|poke|p2|Gholdengo, L50|
|poke|p2|Milotic, L50, M|
|poke|p2|Rillaboom, L50, M|
|poke|p2|Smeargle, L50, M|
|poke|p2|Dragonite, L50, M|
|poke|p2|Sneasler, L50, M|
|teampreview|4
|showteam|p1|Garchomp||LifeOrb|RoughSkin|DragonClaw,StompingTantrum,Earthquake,Protect|||F|||50|,,,,,Fire]Gholdengo||MetalCoat|GoodasGold|MakeItRain,ShadowBall,NastyPlot,Protect||||||50|,,,,,Flying]Tyranitar||AssaultVest|SandStream|KnockOff,RockSlide,TeraBlast,LowKick|||M|||50|,,,,,Flying]Incineroar||SafetyGoggles|Intimidate|FakeOut,KnockOff,FlareBlitz,PartingShot|||M|||50|,,,,,Grass]Amoonguss||SitrusBerry|Regenerator|PollenPuff,Spore,RagePowder,Protect|||F|||50|,,,,,Water]Talonflame||CovertCloak|GaleWings|WillOWisp,BraveBird,Tailwind,Protect|||M|||50|,,,,,Grass
|showteam|p2|Gholdengo||LifeOrb|GoodasGold|MakeItRain,NastyPlot,ShadowBall,Protect||||||50|,,,,,Water]Milotic||SafetyGoggles|Competitive|Scald,IcyWind,Haze,Protect|||M|||50|,,,,,Dragon]Rillaboom||AssaultVest|GrassySurge|DrumBeating,GrassyGlide,FakeOut,HighHorsepower|||M|||50|,,,,,Fire]Smeargle||FocusSash|Moody|SpikyShield,WideGuard,FollowMe,Spore|||M|||50|,,,,,Grass]Dragonite||LoadedDice|Multiscale|ScaleShot,Tailwind,Protect,StompingTantrum|||M|||50|,,,,,Fairy]Sneasler||GrassySeed|Unburden|CloseCombat,DireClaw,Coaching,Protect|||M|||50|,,,,,Ghost
|inactive|Battle timer is ON: inactive players will automatically lose when time's up. (requested by MoltresMania)
|inactive|dotKuro has 60 seconds left.
|
|t:|1755092817
|teamsize|p1|4
|teamsize|p2|4
|start
|switch|p1a: Talonflame|Talonflame, L50, M|100/100
|switch|p1b: Gholdengo|Gholdengo, L50|100/100
|switch|p2a: Dragonite|Dragonite, L50, M|100/100
|switch|p2b: Milotic|Milotic, L50, M|100/100
|turn|1
|
|t:|1755092835
|move|p1a: Talonflame|Will-O-Wisp|p2a: Dragonite
|-status|p2a: Dragonite|brn
|move|p2a: Dragonite|Scale Shot|p1a: Talonflame
|-damage|p1a: Talonflame|92/100
|-damage|p1a: Talonflame|84/100
|-damage|p1a: Talonflame|75/100
|-damage|p1a: Talonflame|67/100
|-damage|p1a: Talonflame|58/100
|-hitcount|p1a: Talonflame|5
|-unboost|p2a: Dragonite|def|1
|-boost|p2a: Dragonite|spe|1
|move|p1b: Gholdengo|Nasty Plot|p1b: Gholdengo
|-boost|p1b: Gholdengo|spa|2
|move|p2b: Milotic|Scald|p1b: Gholdengo
|-damage|p1b: Gholdengo|70/100
|
|-damage|p2a: Dragonite|95/100 brn|[from] brn
|upkeep
|turn|2
|inactive|dotKuro has 30 seconds left.
|inactive|dotKuro has 20 seconds left.
|
|t:|1755092873
|move|p2a: Dragonite|Tailwind|p2a: Dragonite
|-sidestart|p2: MoltresMania|move: Tailwind
|move|p2b: Milotic|Haze|p2b: Milotic
|-clearallboost
|move|p1a: Talonflame|Tailwind|p1a: Talonflame
|-sidestart|p1: dotKuro|move: Tailwind
|move|p1b: Gholdengo|Make It Rain|p2a: Dragonite|[spread] p2a,p2b
|-resisted|p2b: Milotic
|-damage|p2a: Dragonite|31/100 brn
|-damage|p2b: Milotic|80/100
|-unboost|p1b: Gholdengo|spa|1
|
|-damage|p2a: Dragonite|25/100 brn|[from] brn
|upkeep
|turn|3
|inactive|dotKuro has 30 seconds left.
|inactive|MoltresMania has 30 seconds left.
|inactive|dotKuro has 20 seconds left.
|inactive|dotKuro has 15 seconds left.
|inactive|dotKuro has 10 seconds left.
|inactive|dotKuro has 5 seconds left.
|
|t:|1755092928
|switch|p2a: Gholdengo|Gholdengo, L50|100/100
|move|p1a: Talonflame|Will-O-Wisp|p2b: Milotic
|-status|p2b: Milotic|brn
|move|p1b: Gholdengo|Make It Rain|p2a: Gholdengo|[spread] p2a,p2b
|-resisted|p2a: Gholdengo
|-resisted|p2b: Milotic
|-damage|p2a: Gholdengo|77/100
|-damage|p2b: Milotic|67/100 brn
|-unboost|p1b: Gholdengo|spa|1
|move|p2b: Milotic|Icy Wind|p1a: Talonflame|[spread] p1a,p1b
|-resisted|p1b: Gholdengo
|-damage|p1a: Talonflame|44/100
|-damage|p1b: Gholdengo|64/100
|-unboost|p1b: Gholdengo|spe|1
|
|-damage|p2b: Milotic|61/100 brn|[from] brn
|upkeep
|turn|4
|inactive|dotKuro has 30 seconds left.
|inactive|dotKuro has 20 seconds left.
|inactive|dotKuro has 15 seconds left.
|inactive|dotKuro has 10 seconds left.
|
|t:|1755092975
|-terastallize|p1b: Gholdengo|Flying
|move|p1a: Talonflame|Brave Bird|p2b: Milotic
|-damage|p2b: Milotic|30/100 brn
|-damage|p1a: Talonflame|32/100|[from] Recoil
|move|p2a: Gholdengo|Shadow Ball|p1b: Gholdengo
|-crit|p1b: Gholdengo
|-damage|p1b: Gholdengo|0 fnt
|faint|p1b: Gholdengo
|-damage|p2a: Gholdengo|68/100|[from] item: Life Orb
|move|p2b: Milotic|Scald|p1a: Talonflame
|-supereffective|p1a: Talonflame
|-damage|p1a: Talonflame|0 fnt
|faint|p1a: Talonflame
|
|-damage|p2b: Milotic|24/100 brn|[from] brn
|upkeep
|
|t:|1755092990
|switch|p1a: Garchomp|Garchomp, L50, F|100/100
|switch|p1b: Incineroar|Incineroar, L50, M|100/100
|-ability|p1b: Incineroar|Intimidate|boost
|-unboost|p2a: Gholdengo|atk|1
|-unboost|p2b: Milotic|atk|1
|-ability|p2b: Milotic|Competitive|boost
|-boost|p2b: Milotic|spa|2
|turn|5
|
|t:|1755093005
|move|p1a: Garchomp|Protect|p1a: Garchomp
|-singleturn|p1a: Garchomp|Protect
|move|p2a: Gholdengo|Protect|p2a: Gholdengo
|-singleturn|p2a: Gholdengo|Protect
|move|p2b: Milotic|Protect|p2b: Milotic
|-singleturn|p2b: Milotic|Protect
|move|p1b: Incineroar|Fake Out|p2b: Milotic
|-activate|p2b: Milotic|move: Protect
|
|-damage|p2b: Milotic|18/100 brn|[from] brn
|-sideend|p1: dotKuro|move: Tailwind
|-sideend|p2: MoltresMania|move: Tailwind
|upkeep
|turn|6
|
|t:|1755093029
|-terastallize|p2a: Gholdengo|Water
|move|p1a: Garchomp|Earthquake|p2a: Gholdengo|[spread] p1b,p2a,p2b
|-supereffective|p1b: Incineroar
|-damage|p1b: Incineroar|10/100
|-damage|p2a: Gholdengo|7/100
|-damage|p2b: Milotic|0 fnt
|faint|p2b: Milotic
|-damage|p1a: Garchomp|91/100|[from] item: Life Orb
|move|p2a: Gholdengo|Shadow Ball|p1a: Garchomp
|-damage|p1a: Garchomp|31/100
|-damage|p2a: Gholdengo|0 fnt|[from] item: Life Orb
|faint|p2a: Gholdengo
|move|p1b: Incineroar|Knock Off|p2: Gholdengo|[notarget]
|-fail|p1b: Incineroar
|
|upkeep
|
|t:|1755093035
|switch|p2a: Rillaboom|Rillaboom, L50, M|100/100
|switch|p2b: Dragonite|Dragonite, L50, M|25/100 brn
|-fieldstart|move: Grassy Terrain|[from] ability: Grassy Surge|[of] p2a: Rillaboom
|turn|7
|
|t:|1755093060
|move|p1a: Garchomp|Dragon Claw|p2b: Dragonite
|-supereffective|p2b: Dragonite
|-damage|p2b: Dragonite|0 fnt
|faint|p2b: Dragonite
|-damage|p1a: Garchomp|21/100|[from] item: Life Orb
|move|p2a: Rillaboom|Drum Beating|p1b: Incineroar
|-resisted|p1b: Incineroar
|-damage|p1b: Incineroar|0 fnt
|faint|p1b: Incineroar
|
|-heal|p1a: Garchomp|27/100|[from] Grassy Terrain
|upkeep
|turn|8
|
|t:|1755093072
|move|p1a: Garchomp|Protect|p1a: Garchomp
|-singleturn|p1a: Garchomp|Protect
|move|p2a: Rillaboom|Grassy Glide|p1a: Garchomp
|-activate|p1a: Garchomp|move: Protect
|
|-heal|p1a: Garchomp|33/100|[from] Grassy Terrain
|upkeep
|turn|9
|
|t:|1755093095
|move|p1a: Garchomp|Dragon Claw|p2a: Rillaboom
|-damage|p2a: Rillaboom|37/100
|-damage|p1a: Garchomp|23/100|[from] item: Life Orb
|move|p2a: Rillaboom|Drum Beating|p1a: Garchomp
|-damage|p1a: Garchomp|0 fnt
|faint|p1a: Garchomp
|
|win|MoltresMania
|raw|dotKuro's rating: 1234 → 1207(-27 for losing)
|raw|MoltresMania's rating: 1203 → 1230(+27 for winning)
