|j|☆selmir suljkanovic
|j|☆ilikecsr
|html|selmir suljkanovicilikecsr    
|uhtml|bestof|Game 2 of a best-of-3
|t:|1783959349
|gametype|doubles
|player|p1|selmir suljkanovic|ballguy|1155
|player|p2|ilikecsr|n|1329
|gen|9
|tier|[Gen 9 Champions] VGC 2026 Reg M-B (Bo3)
|rated|
|rule|Species Clause: Limit one of each Pokémon
|rule|Item Clause: Limit 1 of each item
|clearpoke
|poke|p1|Sinistcha-Masterpiece, L50|
|poke|p1|Kingambit, L50, M|
|poke|p1|Sneasler, L50, F|
|poke|p1|Blastoise, L50, M|
|poke|p1|Delphox, L50, M|
|poke|p1|Incineroar, L50, M|
|poke|p2|Swampert, L50, F|
|poke|p2|Archaludon, L50, F|
|poke|p2|Sableye, L50, F|
|poke|p2|Sinistcha-Masterpiece, L50|
|poke|p2|Pelipper, L50, F|
|poke|p2|Sylveon, L50, F|
|teampreview|4
|showteam|p1|Sinistcha-Masterpiece||OccaBerry|Hospitality|MatchaGotcha,RagePowder,TrickRoom,Protect|Bold|||||50|]Kingambit||LifeOrb|Defiant|KowtowCleave,SuckerPunch,SwordsDance,Protect|Adamant||M|||50|]Sneasler||FocusSash|PoisonTouch|FakeOut,CloseCombat,DireClaw,QuickGuard|Jolly||F|||50|]Blastoise||Blastoisinite|RainDish|WaterSpout,DarkPulse,ShellSmash,Protect|Modest||M|||50|]Delphox||Delphoxite|Blaze|HeatWave,Psyshock,NastyPlot,Protect|Timid||M|||50|]Incineroar||SitrusBerry|Intimidate|PartingShot,FlareBlitz,ThroatChop,FakeOut|Careful||M|||50|
|showteam|p2|Swampert||Swampertite|Torrent|WaveCrash,Earthquake,IcePunch,Protect|Adamant||F|||50|]Archaludon||Leftovers|Stamina|ElectroShot,DragonPulse,FlashCannon,Protect|Modest||F|||50|]Sableye||LightClay|Prankster|Reflect,LightScreen,RainDance,Encore|Sassy||F|||50|]Sinistcha-Masterpiece||ColburBerry|Hospitality|MatchaGotcha,RagePowder,TrickRoom,Protect|Sassy|||||50|]Pelipper||FocusSash|Drizzle|WeatherBall,Hurricane,Tailwind,Protect|Modest||F|||50|]Sylveon||FairyFeather|Pixilate|HyperVoice,HyperBeam,QuickAttack,Protect|Modest||F|||50|
|inactive|Battle timer is ON: inactive players will automatically lose when time's up. (requested by selmir suljkanovic)
|
|t:|1783959372
|teamsize|p1|4
|teamsize|p2|4
|start
|switch|p1a: Blastoise|Blastoise, L50, M|100/100
|switch|p1b: Sinistcha|Sinistcha-Masterpiece, L50|100/100
|switch|p2a: Katappa|Pelipper, L50, F|100/100
|switch|p2b: Bahubali|Swampert, L50, F|100/100
|-weather|RainDance|[from] ability: Drizzle|[of] p2a: Katappa
|turn|1
|
|t:|1783959385
|detailschange|p1a: Blastoise|Blastoise-Mega, L50, M
|-mega|p1a: Blastoise|Blastoise|Blastoisinite
|detailschange|p2b: Bahubali|Swampert-Mega, L50, F
|-mega|p2b: Bahubali|Swampert|Swampertite
|move|p1b: Sinistcha|Rage Powder|p1b: Sinistcha
|-singleturn|p1b: Sinistcha|move: Rage Powder
|move|p2b: Bahubali|Earthquake|p1a: Blastoise|[spread] p1a,p1b
|-immune|p2a: Katappa
|-resisted|p1b: Sinistcha|1
|-damage|p1a: Blastoise|51/100
|-damage|p1b: Sinistcha|83/100
|move|p1a: Blastoise|Shell Smash|p1a: Blastoise
|-unboost|p1a: Blastoise|def|1
|-unboost|p1a: Blastoise|spd|1
|-boost|p1a: Blastoise|atk|2
|-boost|p1a: Blastoise|spa|2
|-boost|p1a: Blastoise|spe|2
|move|p2a: Katappa|Hurricane|p1b: Sinistcha
|-supereffective|p1b: Sinistcha|1
|-damage|p1b: Sinistcha|0 fnt
|faint|p1b: Sinistcha
|
|-weather|RainDance|[upkeep]
|upkeep
|inactive|selmir suljkanovic has 30 seconds left.
|inactive|selmir suljkanovic has 20 seconds left.
|inactive|selmir suljkanovic has 15 seconds left.
|inactive|selmir suljkanovic has 10 seconds left.
|
|t:|1783959430
|switch|p1b: Sneasler|Sneasler, L50, F|100/100
|turn|2
|
|t:|1783959442
|move|p2a: Katappa|Protect|p2a: Katappa
|-singleturn|p2a: Katappa|Protect
|move|p1b: Sneasler|Fake Out|p2b: Bahubali
|-damage|p2b: Bahubali|85/100
|move|p1a: Blastoise|Water Spout|p2b: Bahubali|[spread] p2b
|-activate|p2a: Katappa|move: Protect
|-damage|p2b: Bahubali|0 fnt
|faint|p2b: Bahubali
|
|-weather|RainDance|[upkeep]
|upkeep
|
|t:|1783959448
|switch|p2b: Maithan Steel|Archaludon, L50, F|100/100
|turn|3
|
|t:|1783959457
|move|p2b: Maithan Steel|Protect|p2b: Maithan Steel
|-singleturn|p2b: Maithan Steel|Protect
|move|p1a: Blastoise|Water Spout|p2b: Maithan Steel|[spread] p2a
|-activate|p2b: Maithan Steel|move: Protect
|-resisted|p2a: Katappa|1
|-damage|p2a: Katappa|7/100
|move|p1b: Sneasler|Close Combat|p2b: Maithan Steel
|-activate|p2b: Maithan Steel|move: Protect
|move|p2a: Katappa|Tailwind|p2a: Katappa
|-sidestart|p2: ilikecsr|move: Tailwind
|
|-weather|RainDance|[upkeep]
|upkeep
|turn|4
|
|t:|1783959471
|move|p1a: Blastoise|Water Spout|p2b: Maithan Steel|[spread] p2a,p2b
|-resisted|p2a: Katappa|1
|-resisted|p2b: Maithan Steel|1
|-damage|p2a: Katappa|0 fnt
|-damage|p2b: Maithan Steel|55/100
|-ability|p2b: Maithan Steel|Stamina|boost
|-boost|p2b: Maithan Steel|def|1
|faint|p2a: Katappa
|move|p2b: Maithan Steel|Electro Shot||[still]
|-prepare|p2b: Maithan Steel|Electro Shot
|-boost|p2b: Maithan Steel|spa|1
|-anim|p2b: Maithan Steel|Electro Shot|p1b: Sneasler
|-damage|p1b: Sneasler|12/100
|move|p1b: Sneasler|Close Combat|p2b: Maithan Steel
|-supereffective|p2b: Maithan Steel|1
|-damage|p2b: Maithan Steel|0 fnt
|-unboost|p1b: Sneasler|def|1
|-unboost|p1b: Sneasler|spd|1
|faint|p2b: Maithan Steel
|
|-weather|RainDance|[upkeep]
|upkeep
|
|t:|1783959475
|switch|p2b: Sylveon|Sylveon, L50, F|100/100
|turn|5
|
|t:|1783959489
|switch|p1b: Incineroar|Incineroar, L50, M|100/100
|-ability|p1b: Incineroar|Intimidate|boost
|-unboost|p2b: Sylveon|atk|1
|move|p1a: Blastoise|Protect|p1a: Blastoise
|-singleturn|p1a: Blastoise|Protect
|move|p2b: Sylveon|Hyper Voice|p1b: Incineroar|[spread] p1b
|-activate|p1a: Blastoise|move: Protect
|-damage|p1b: Incineroar|63/100
|
|-weather|none
|upkeep
|turn|6
|
|t:|1783959496
|move|p2b: Sylveon|Protect|p2b: Sylveon
|-singleturn|p2b: Sylveon|Protect
|move|p1b: Incineroar|Fake Out|p2b: Sylveon
|-activate|p2b: Sylveon|move: Protect
|move|p1a: Blastoise|Water Spout|p2b: Sylveon
|-activate|p2b: Sylveon|move: Protect
|
|-sideend|p2: ilikecsr|move: Tailwind
|upkeep
|turn|7
|
|t:|1783959504
|move|p1a: Blastoise|Water Spout|p2b: Sylveon
|-damage|p2b: Sylveon|30/100
|move|p1b: Incineroar|Flare Blitz|p2b: Sylveon
|-damage|p2b: Sylveon|0 fnt
|faint|p2b: Sylveon
|-damage|p1b: Incineroar|54/100|[from] Recoil
|
|win|selmir suljkanovic
