|j|☆Joe245
|j|☆BuffGyarados
|html|Joe245BuffGyarados    
|uhtml|bestof|Game 3 of a best-of-3
|t:|1785142952
|gametype|doubles
|player|p1|Joe245|lucas-gen4pt|1120
|player|p2|BuffGyarados|cyrus|1103
|gen|9
|tier|[Gen 9 Champions] VGC 2026 Reg M-B (Bo3)
|rated|
|rule|Species Clause: Limit one of each Pokémon
|rule|Item Clause: Limit 1 of each item
|clearpoke
|poke|p1|Farigiraf, L50, M|
|poke|p1|Sylveon, L50, F|
|poke|p1|Kingambit, L50, M|
|poke|p1|Gourgeist-Super, L50, M|
|poke|p1|Araquanid, L50, M|
|poke|p1|Crabominable, L50, M|
|poke|p2|Venusaur, L50, M|
|poke|p2|Charizard, L50, M|
|poke|p2|Grimmsnarl, L50, M|
|poke|p2|Archaludon, L50, F|
|poke|p2|Basculegion, L50, M|
|poke|p2|Pelipper, L50, F|
|teampreview|4
|showteam|p1|Farigiraf||SitrusBerry|ArmorTail|Psychic,Thunderbolt,EnergyBall,TrickRoom|Quiet||M|||50|]Sylveon||FairyFeather|Pixilate|HyperVoice,Psyshock,MysticalFire,ShadowBall|Quiet||F|||50|]Kingambit||LifeOrb|Defiant|KowtowCleave,IronHead,PoisonJab,StoneEdge|Brave||M|||50|]Gourgeist-Super||ExpertBelt|Frisk|PowerWhip,Poltergeist,RockSlide,GyroBall|Brave||M|||50|]Araquanid||MysticWater|WaterBubble|Liquidation,LeechLife,Crunch,BodySlam|Brave||M|||50|]Crabominable||Crabominite|HyperCutter|IceHammer,Crabhammer,DrainPunch,ThunderPunch|Brave||M|||50|
|showteam|p2|Venusaur||FocusSash|Chlorophyll|SludgeBomb,EarthPower,SleepPowder,Protect|Modest||M|||50|]Charizard||CharizarditeY|Blaze|Protect,HeatWave,SolarBeam,WeatherBall|Modest||M|||50|]Grimmsnarl||LightClay|Prankster|SpiritBreak,LightScreen,Reflect,PartingShot|Sassy||M|||50|]Archaludon||Leftovers|Stamina|ElectroShot,DragonPulse,FlashCannon,Protect|Calm||F|||50|]Basculegion||ChoiceScarf|Adaptability|WaveCrash,LastRespects,AquaJet,FlipTurn|Jolly||M|||50|]Pelipper||SitrusBerry|Drizzle|Hurricane,WeatherBall,Tailwind,WideGuard|Modest||F|||50|
|inactive|Battle timer is ON: inactive players will automatically lose when time's up. (requested by Joe245)
|
|t:|1785142976
|teamsize|p1|4
|teamsize|p2|4
|start
|switch|p1a: Farigiraf|Farigiraf, L50, M|100/100
|switch|p1b: Sylveon|Sylveon, L50, F|100/100
|switch|p2a: Charizard|Charizard, L50, M|100/100
|switch|p2b: Venusaur|Venusaur, L50, M|100/100
|turn|1
|
|t:|1785142988
|detailschange|p2a: Charizard|Charizard-Mega-Y, L50, M
|-mega|p2a: Charizard|Charizard|Charizardite Y
|-weather|SunnyDay|[from] ability: Drought|[of] p2a: Charizard
|move|p2b: Venusaur|Sludge Bomb|p1b: Sylveon
|-supereffective|p1b: Sylveon|1
|-damage|p1b: Sylveon|40/100
|-status|p1b: Sylveon|psn
|move|p2a: Charizard|Heat Wave|p1b: Sylveon|[spread] p1b
|-miss|p2a: Charizard|p1a: Farigiraf
|-damage|p1b: Sylveon|0 fnt
|faint|p1b: Sylveon
|move|p1a: Farigiraf|Trick Room|p1a: Farigiraf
|-fieldstart|move: Trick Room|[of] p1a: Farigiraf
|
|-weather|SunnyDay|[upkeep]
|upkeep
|
|t:|1785143002
|switch|p1b: Gourgeist|Gourgeist-Super, L50, M|100/100
|-item|p2a: Charizard|Charizardite Y|[from] ability: Frisk|[of] p1b: Gourgeist
|-item|p2b: Venusaur|Focus Sash|[from] ability: Frisk|[of] p1b: Gourgeist
|turn|2
|
|t:|1785143021
|move|p2a: Charizard|Protect|p2a: Charizard
|-singleturn|p2a: Charizard|Protect
|move|p1b: Gourgeist|Rock Slide|p2a: Charizard|[spread] p2b
|-activate|p2a: Charizard|move: Protect
|-damage|p2b: Venusaur|76/100
|move|p1a: Farigiraf|Psychic|p2b: Venusaur
|-supereffective|p2b: Venusaur|1
|-damage|p2b: Venusaur|0 fnt
|faint|p2b: Venusaur
|
|-weather|SunnyDay|[upkeep]
|upkeep
|
|t:|1785143032
|switch|p2b: Archaludon|Archaludon, L50, F|100/100
|turn|3
|inactive|BuffGyarados has 30 seconds left.
|
|t:|1785143060
|move|p1b: Gourgeist|Rock Slide|p2b: Archaludon|[spread] p2a,p2b
|-supereffective|p2a: Charizard|2
|-resisted|p2b: Archaludon|1
|-damage|p2a: Charizard|12/100
|-damage|p2b: Archaludon|93/100
|-ability|p2b: Archaludon|Stamina|boost
|-boost|p2b: Archaludon|def|1
|move|p1a: Farigiraf|Psychic|p2a: Charizard
|-crit|p2a: Charizard
|-damage|p2a: Charizard|0 fnt
|faint|p2a: Charizard
|move|p2b: Archaludon|Flash Cannon|p1a: Farigiraf
|-damage|p1a: Farigiraf|62/100
|
|-weather|SunnyDay|[upkeep]
|-heal|p2b: Archaludon|100/100|[from] item: Leftovers
|upkeep
|
|t:|1785143064
|switch|p2a: Pelipper|Pelipper, L50, F|100/100
|-weather|RainDance|[from] ability: Drizzle|[of] p2a: Pelipper
|turn|4
|
|t:|1785143078
|move|p1b: Gourgeist|Poltergeist|p2b: Archaludon
|-activate|p2b: Archaludon|move: Poltergeist|Leftovers
|-damage|p2b: Archaludon|75/100
|-ability|p2b: Archaludon|Stamina|boost
|-boost|p2b: Archaludon|def|1
|move|p1a: Farigiraf|Thunderbolt|p2a: Pelipper
|-supereffective|p2a: Pelipper|2
|-damage|p2a: Pelipper|0 fnt
|faint|p2a: Pelipper
|move|p2b: Archaludon|Electro Shot||[still]
|-prepare|p2b: Archaludon|Electro Shot
|-boost|p2b: Archaludon|spa|1
|-anim|p2b: Archaludon|Electro Shot|p1a: Farigiraf
|-damage|p1a: Farigiraf|10/100
|-enditem|p1a: Farigiraf|Sitrus Berry|[eat]
|-heal|p1a: Farigiraf|35/100|[from] item: Sitrus Berry
|
|-weather|RainDance|[upkeep]
|-heal|p2b: Archaludon|81/100|[from] item: Leftovers
|upkeep
|turn|5
|inactive|Joe245 has 30 seconds left.
|inactive|Joe245 has 20 seconds left.
|
|t:|1785143115
|move|p1b: Gourgeist|Poltergeist|p2b: Archaludon
|-activate|p2b: Archaludon|move: Poltergeist|Leftovers
|-damage|p2b: Archaludon|61/100
|-ability|p2b: Archaludon|Stamina|boost
|-boost|p2b: Archaludon|def|1
|move|p1a: Farigiraf|Psychic|p2b: Archaludon
|-resisted|p2b: Archaludon|1
|-damage|p2b: Archaludon|39/100
|-ability|p2b: Archaludon|Stamina|boost
|-boost|p2b: Archaludon|def|1
|move|p2b: Archaludon|Electro Shot||[still]
|-prepare|p2b: Archaludon|Electro Shot
|-boost|p2b: Archaludon|spa|1
|-anim|p2b: Archaludon|Electro Shot|p1a: Farigiraf
|-damage|p1a: Farigiraf|0 fnt
|faint|p1a: Farigiraf
|
|-weather|RainDance|[upkeep]
|-heal|p2b: Archaludon|45/100|[from] item: Leftovers
|-fieldend|move: Trick Room
|upkeep
|
|t:|1785143128
|switch|p1a: Crabominable|Crabominable, L50, M|100/100
|turn|6
|
|t:|1785143133
|detailschange|p1a: Crabominable|Crabominable-Mega, L50, M
|-mega|p1a: Crabominable|Crabominable|Crabominite
|move|p2b: Archaludon|Flash Cannon|p1a: Crabominable
|-supereffective|p1a: Crabominable|1
|-damage|p1a: Crabominable|0 fnt
|faint|p1a: Crabominable
|move|p1b: Gourgeist|Poltergeist|p2b: Archaludon
|-activate|p2b: Archaludon|move: Poltergeist|Leftovers
|-damage|p2b: Archaludon|31/100
|-ability|p2b: Archaludon|Stamina|boost
|-boost|p2b: Archaludon|def|1
|
|-weather|RainDance|[upkeep]
|-heal|p2b: Archaludon|37/100|[from] item: Leftovers
|upkeep
|turn|7
|
|t:|1785143150
|move|p2b: Archaludon|Dragon Pulse|p1b: Gourgeist
|-damage|p1b: Gourgeist|18/100
|move|p1b: Gourgeist|Poltergeist|p2b: Archaludon
|-activate|p2b: Archaludon|move: Poltergeist|Leftovers
|-crit|p2b: Archaludon
|-damage|p2b: Archaludon|0 fnt
|faint|p2b: Archaludon
|
|win|Joe245
|raw|Joe245's rating: 1120 → 1144(+24 for winning)
|raw|BuffGyarados's rating: 1103 → 1079(-24 for losing)
|l|☆BuffGyarados
|player|p2|
|c|☆Joe245|gg
