|j|☆Skylani
|j|☆KudenaVGC
|html|SkylaniKudenaVGC    
|uhtml|bestof|Game 2 of a best-of-3
|t:|1756734801
|gametype|doubles
|player|p1|Skylani|falkner|1051
|player|p2|KudenaVGC|ethan|1126
|gen|9
|tier|[Gen 9] VGC 2025 Reg H (Bo3)
|rated|
|rule|Species Clause: Limit one of each Pokémon
|rule|Item Clause: Limit 1 of each item
|clearpoke
|poke|p1|Ninetales-Alola, L50, M|
|poke|p1|Ursaluna-Bloodmoon, L50, M|
|poke|p1|Maushold-Four, L50|
|poke|p1|Annihilape, L50, F|
|poke|p1|Klefki, L50, M|
|poke|p1|Sinistcha-Masterpiece, L50|
|poke|p2|Rillaboom, L50, M|
|poke|p2|Ursaluna-Bloodmoon, L50, M|
|poke|p2|Magmar, L50, M|
|poke|p2|Gholdengo, L50|
|poke|p2|Dragonite, L50, F|
|poke|p2|Annihilape, L50, M|
|teampreview|4
|showteam|p1|Ninetales-Alola||FocusSash|SnowWarning|Blizzard,FreezeDry,Encore,Protect|||M|||50|,,,,,Ghost]Ursaluna-Bloodmoon||AssaultVest|MindsEye|BloodMoon,EarthPower,HyperVoice,VacuumWave|||M|||50|,,,,,Water]Maushold-Four||SafetyGoggles|FriendGuard|BeatUp,Taunt,FollowMe,Protect||||||50|,,,,,Ghost]Annihilape||Leftovers|Defiant|DrainPunch,RageFist,BulkUp,Protect|||F|||50|,,,,,Fire]Klefki||LightClay|Prankster|DazzlingGleam,Reflect,LightScreen,MistyTerrain|||M|||50|,,,,,Ghost]Sinistcha-Masterpiece||SitrusBerry|Hospitality|MatchaGotcha,RagePowder,LifeDew,TrickRoom||||||50|,,,,,Water
|showteam|p2|Rillaboom||MeadowPlate|GrassySurge|WoodHammer,GrassyGlide,FakeOut,HighHorsepower|||M|||50|,,,,,Fire]Ursaluna-Bloodmoon||AssaultVest|MindsEye|HyperVoice,BloodMoon,VacuumWave,EarthPower|||M|||50|,,,,,Fire]Magmar||Eviolite|VitalSpirit|ClearSmog,Protect,FollowMe,HeatWave|||M|||50|,,,,,Ghost]Gholdengo||LifeOrb|GoodasGold|MakeItRain,ShadowBall,Protect,NastyPlot||||||50|,,,,,Water]Dragonite||LoadedDice|Multiscale|ScaleShot,ExtremeSpeed,Tailwind,Protect|||F|||50|,,,,,Fairy]Annihilape||FocusSash|Defiant|CloseCombat,RageFist,Coaching,FinalGambit|||M|||50|,,,,,Grass
|inactive|Battle timer is ON: inactive players will automatically lose when time's up. (requested by Skylani)
|
|t:|1756734853
|teamsize|p1|4
|teamsize|p2|4
|start
|switch|p1a: Maushold|Maushold-Four, L50|100/100
|switch|p1b: Annihilape|Annihilape, L50, F|100/100
|switch|p2a: Rillaboom|Rillaboom, L50, M|100/100
|switch|p2b: Dragonite|Dragonite, L50, F|100/100
|-fieldstart|move: Grassy Terrain|[from] ability: Grassy Surge|[of] p2a: Rillaboom
|turn|1
|inactive|Skylani has 30 seconds left.
|
|t:|1756734886
|switch|p1a: Klefki|Klefki, L50, M|100/100
|move|p2a: Rillaboom|Fake Out|p1a: Klefki
|-resisted|p1a: Klefki
|-damage|p1a: Klefki|93/100
|move|p1b: Annihilape|Bulk Up|p1b: Annihilape
|-boost|p1b: Annihilape|atk|1
|-boost|p1b: Annihilape|def|1
|move|p2b: Dragonite|Scale Shot|p1a: Klefki
|-immune|p1a: Klefki
|
|-heal|p1a: Klefki|99/100|[from] Grassy Terrain
|upkeep
|turn|2
|
|t:|1756734905
|move|p1a: Klefki|Misty Terrain|p1a: Klefki
|-fieldstart|move: Misty Terrain
|move|p1b: Annihilape|Bulk Up|p1b: Annihilape
|-boost|p1b: Annihilape|atk|1
|-boost|p1b: Annihilape|def|1
|move|p2b: Dragonite|Scale Shot|p1b: Annihilape
|-damage|p1b: Annihilape|96/100
|-damage|p1b: Annihilape|93/100
|-damage|p1b: Annihilape|89/100
|-crit|p1b: Annihilape
|-damage|p1b: Annihilape|77/100
|-hitcount|p1b: Annihilape|4
|-unboost|p2b: Dragonite|def|1
|-boost|p2b: Dragonite|spe|1
|move|p2a: Rillaboom|High Horsepower|p1b: Annihilape
|-damage|p1b: Annihilape|61/100
|
|-heal|p1b: Annihilape|67/100|[from] item: Leftovers
|upkeep
|turn|3
|
|t:|1756734923
|switch|p2a: Magmar|Magmar, L50, M|100/100
|move|p2b: Dragonite|Protect|p2b: Dragonite
|-singleturn|p2b: Dragonite|Protect
|move|p1a: Klefki|Reflect|p1a: Klefki
|-sidestart|p1: Skylani|Reflect
|move|p1b: Annihilape|Rage Fist|p2a: Magmar
|-damage|p2a: Magmar|0 fnt
|faint|p2a: Magmar
|
|-heal|p1b: Annihilape|73/100|[from] item: Leftovers
|upkeep
|
|t:|1756734933
|switch|p2a: Rillaboom|Rillaboom, L50, M|100/100
|-fieldstart|move: Grassy Terrain|[from] ability: Grassy Surge|[of] p2a: Rillaboom
|turn|4
|
|t:|1756734942
|move|p2a: Rillaboom|Fake Out|p1a: Klefki
|-resisted|p1a: Klefki
|-damage|p1a: Klefki|95/100
|cant|p1a: Klefki|flinch
|move|p2b: Dragonite|Scale Shot|p1b: Annihilape
|-damage|p1b: Annihilape|67/100
|-damage|p1b: Annihilape|62/100
|-damage|p1b: Annihilape|57/100
|-damage|p1b: Annihilape|52/100
|-damage|p1b: Annihilape|46/100
|-hitcount|p1b: Annihilape|5
|-unboost|p2b: Dragonite|def|1
|-boost|p2b: Dragonite|spe|1
|move|p1b: Annihilape|Rage Fist|p2b: Dragonite
|-damage|p2b: Dragonite|0 fnt
|faint|p2b: Dragonite
|
|-heal|p1b: Annihilape|53/100|[from] Grassy Terrain
|-heal|p1b: Annihilape|59/100|[from] item: Leftovers
|-heal|p1a: Klefki|100/100|[from] Grassy Terrain
|upkeep
|
|t:|1756734959
|switch|p2b: Gholdengo|Gholdengo, L50|100/100
|turn|5
|-message|KudenaVGC forfeited.
|
|win|Skylani
|raw|Skylani's rating: 1051 → 1090(+39 for winning)
|raw|KudenaVGC's rating: 1126 → 1096(-30 for losing)
|l|☆KudenaVGC
|player|p2|
