|j|☆GabboVGC
|j|☆Shoemakergeneral
|html|GabboVGCShoemakergeneral    
|uhtml|bestof|Game 2 of a best-of-3
|t:|1757669439
|gametype|doubles
|player|p1|GabboVGC|marnie-league|1240
|player|p2|Shoemakergeneral|266|1114
|gen|9
|tier|[Gen 9] VGC 2025 Reg H (Bo3)
|rated|
|rule|Species Clause: Limit one of each Pokémon
|rule|Item Clause: Limit 1 of each item
|clearpoke
|poke|p1|Ninetales-Alola, L50, M|
|poke|p1|Annihilape, L50, F|
|poke|p1|Rillaboom, L50, M|
|poke|p1|Ursaluna-Bloodmoon, L50, M|
|poke|p1|Dragonite, L50, M|
|poke|p1|Maushold-Four, L50|
|poke|p2|Weavile, L50, M|
|poke|p2|Gastrodon, L50, M|
|poke|p2|Rillaboom, L50, F|
|poke|p2|Incineroar, L50, M|
|poke|p2|Gardevoir, L50, F|
|poke|p2|Farigiraf, L50, M|
|teampreview|4
|showteam|p1|Ninetales-Alola||LightClay|SnowWarning|AuroraVeil,Blizzard,IcyWind,Protect|||M|||50|,,,,,Ghost]Annihilape||SafetyGoggles|Defiant|Protect,BulkUp,DrainPunch,RageFist|||F|||50|,,,,,Fire]Rillaboom||MiracleSeed|GrassySurge|FakeOut,GrassyGlide,WoodHammer,HighHorsepower|||M|||50|,,,,,Fire]Ursaluna-Bloodmoon||AssaultVest|MindsEye|BloodMoon,HyperVoice,EarthPower,VacuumWave|||M|||50|,,,,,Water]Dragonite||LoadedDice|Multiscale|Tailwind,Haze,Protect,ScaleShot|||M|||50|,,,,,Fairy]Maushold-Four||WideLens|Technician|PopulationBomb,BeatUp,FollowMe,Taunt||||||50|,,,,,Ghost
|showteam|p2|Weavile||FocusSash|Pickpocket|TripleAxel,KnockOff,IceShard,Protect|||M|||50|,,,,,Ghost]Gastrodon||Leftovers|StormDrain|EarthPower,IceBeam,Yawn,Protect|||M|||50|,,,,,Fairy]Rillaboom||AssaultVest|GrassySurge|WoodHammer,GrassyGlide,HighHorsepower,FakeOut|||F|||50|,,,,,Fire]Incineroar||SafetyGoggles|Intimidate|KnockOff,Snarl,WillOWisp,FakeOut|||M|||50|,,,,,Ghost]Gardevoir||ChoiceScarf|Synchronize|Moonblast,ExpandingForce,DazzlingGleam,Trick|||F|||50|,,,,,Steel]Farigiraf||SitrusBerry|ArmorTail|TwinBeam,DazzlingGleam,HelpingHand,TrickRoom|||M|||50|,,,,,Fairy
|
|t:|1757669486
|teamsize|p1|4
|teamsize|p2|4
|start
|switch|p1a: Maushold|Maushold-Four, L50|100/100
|switch|p1b: Annihilape|Annihilape, L50, F|100/100
|switch|p2a: Weavile|Weavile, L50, M|100/100
|switch|p2b: Gastrodon|Gastrodon, L50, M|100/100
|turn|1
|
|t:|1757669519
|move|p2a: Weavile|Triple Axel|p1a: Maushold
|-damage|p1a: Maushold|86/100
|-damage|p1a: Maushold|54/100
|-hitcount|p1a: Maushold|2
|move|p1a: Maushold|Population Bomb|p2a: Weavile
|-damage|p2a: Weavile|82/100
|-damage|p2a: Weavile|64/100
|-damage|p2a: Weavile|42/100
|-damage|p2a: Weavile|22/100
|-damage|p2a: Weavile|3/100
|-damage|p2a: Weavile|0 fnt
|faint|p2a: Weavile
|-hitcount|p2: Weavile|6
|move|p1b: Annihilape|Bulk Up|p1b: Annihilape
|-boost|p1b: Annihilape|atk|1
|-boost|p1b: Annihilape|def|1
|move|p2b: Gastrodon|Yawn|p1b: Annihilape
|-start|p1b: Annihilape|move: Yawn|[of] p2b: Gastrodon
|
|upkeep
|
|t:|1757669551
|switch|p2a: Farigiraf|Farigiraf, L50, M|100/100
|turn|2
|
|t:|1757669569
|-terastallize|p1b: Annihilape|Fire
|-terastallize|p2a: Farigiraf|Fairy
|move|p2b: Gastrodon|Protect|p2b: Gastrodon
|-singleturn|p2b: Gastrodon|Protect
|move|p1a: Maushold|Beat Up|p2b: Gastrodon
|-activate|p2b: Gastrodon|move: Protect
|move|p1b: Annihilape|Drain Punch|p2b: Gastrodon
|-activate|p2b: Gastrodon|move: Protect
|move|p2a: Farigiraf|Trick Room|p2a: Farigiraf
|-fieldstart|move: Trick Room|[of] p2a: Farigiraf
|
|-end|p1b: Annihilape|move: Yawn|[silent]
|-status|p1b: Annihilape|slp
|upkeep
|turn|3
|
|t:|1757669597
|move|p2b: Gastrodon|Earth Power|p1b: Annihilape
|-supereffective|p1b: Annihilape
|-damage|p1b: Annihilape|37/100 slp
|move|p2a: Farigiraf|Twin Beam|p1a: Maushold
|-damage|p1a: Maushold|27/100
|-damage|p1a: Maushold|0 fnt
|faint|p1a: Maushold
|-hitcount|p1: Maushold|2
|cant|p1b: Annihilape|slp
|
|upkeep
|
|t:|1757669609
|switch|p1a: Ursaluna|Ursaluna-Bloodmoon, L50, M|100/100
|turn|4
|
|t:|1757669639
|-curestatus|p1b: Annihilape|slp|[msg]
|move|p1b: Annihilape|Protect|p1b: Annihilape
|-singleturn|p1b: Annihilape|Protect
|move|p2b: Gastrodon|Yawn|p1a: Ursaluna
|-start|p1a: Ursaluna|move: Yawn|[of] p2b: Gastrodon
|move|p1a: Ursaluna|Blood Moon|p2a: Farigiraf
|-damage|p2a: Farigiraf|23/100
|-enditem|p2a: Farigiraf|Sitrus Berry|[eat]
|-heal|p2a: Farigiraf|47/100|[from] item: Sitrus Berry
|move|p2a: Farigiraf|Twin Beam|p1b: Annihilape
|-activate|p1b: Annihilape|move: Protect
|
|upkeep
|turn|5
|
|t:|1757669669
|switch|p1a: Rillaboom|Rillaboom, L50, M|100/100
|-fieldstart|move: Grassy Terrain|[from] ability: Grassy Surge|[of] p1a: Rillaboom
|move|p2b: Gastrodon|Protect|p2b: Gastrodon
|-singleturn|p2b: Gastrodon|Protect
|move|p2a: Farigiraf|Twin Beam|p1b: Annihilape
|-damage|p1b: Annihilape|22/100
|-damage|p1b: Annihilape|6/100
|-hitcount|p1b: Annihilape|2
|move|p1b: Annihilape|Rage Fist|p2a: Farigiraf
|-damage|p2a: Farigiraf|0 fnt
|faint|p2a: Farigiraf
|
|-heal|p1b: Annihilape|13/100|[from] Grassy Terrain
|upkeep
|
|t:|1757669685
|switch|p2a: Rillaboom|Rillaboom, L50, F|100/100
|turn|6
|
|t:|1757669716
|switch|p1a: Ursaluna|Ursaluna-Bloodmoon, L50, M|100/100
|move|p2a: Rillaboom|Fake Out|p1a: Ursaluna
|-damage|p1a: Ursaluna|89/100
|move|p2b: Gastrodon|Ice Beam|p1a: Ursaluna
|-supereffective|p1a: Ursaluna
|-damage|p1a: Ursaluna|56/100
|move|p1b: Annihilape|Rage Fist|p2b: Gastrodon
|-damage|p2b: Gastrodon|0 fnt
|faint|p2b: Gastrodon
|
|-heal|p1a: Ursaluna|62/100|[from] Grassy Terrain
|-heal|p1b: Annihilape|19/100|[from] Grassy Terrain
|-fieldend|move: Trick Room
|upkeep
|turn|7
|
|t:|1757669734
|move|p1b: Annihilape|Rage Fist|p2a: Rillaboom
|-damage|p2a: Rillaboom|0 fnt
|faint|p2a: Rillaboom
|
|win|GabboVGC
||Shoemakergeneral is ready for game 3.
||GabboVGC is ready for game 3.
|uhtml|next|Next: Game 3 of 3
