|j|☆Cage92
|j|☆gisellethelizard
|html|Cage92gisellethelizard    
|uhtml|bestof|Game 2 of a best-of-3
|t:|1756489328
|gametype|doubles
|player|p1|Cage92|bugsy|1102
|player|p2|gisellethelizard|firebreather|1105
|gen|9
|tier|[Gen 9] VGC 2025 Reg H (Bo3)
|rated|
|rule|Species Clause: Limit one of each Pokémon
|rule|Item Clause: Limit 1 of each item
|clearpoke
|poke|p1|Corviknight, L50, M|
|poke|p1|Garchomp, L50, M|
|poke|p1|Tyranitar, L50, M|
|poke|p1|Gholdengo, L50|
|poke|p1|Sneasler, L50, M|
|poke|p1|Incineroar, L50, M|
|poke|p2|Archaludon, L50, M|
|poke|p2|Annihilape, L50, M|
|poke|p2|Pelipper, L50, M|
|poke|p2|Incineroar, L50, M|
|poke|p2|Maushold, L50|
|poke|p2|Rillaboom, L50, F|
|teampreview|4
|showteam|p1|Corviknight||CovertCloak|MirrorArmor|BraveBird,Taunt,Roost,Tailwind|||M|||50|,,,,,Dragon]Garchomp||ClearAmulet|RoughSkin|Earthquake,DragonClaw,StompingTantrum,Protect|||M|||50|,,,,,Steel]Tyranitar||AssaultVest|SandStream|RockSlide,KnockOff,TeraBlast,LowKick|||M|||50|,,,,,Flying]Gholdengo||LifeOrb|GoodasGold|MakeItRain,ShadowBall,NastyPlot,Protect||||||50|,,,,,Water]Sneasler||WhiteHerb|Unburden|DireClaw,CloseCombat,Coaching,Protect|||M|||50|,,,,,Ghost]Incineroar||SitrusBerry|Intimidate|FlareBlitz,WillOWisp,PartingShot,FakeOut|||M|||50|,,,,,Grass
|showteam|p2|Archaludon||AssaultVest|Stamina|DracoMeteor,ElectroShot,BodyPress,Snarl|||M|||50|,,,,,Bug]Annihilape||Leftovers|Defiant|BulkUp,DrainPunch,RageFist,Protect|||M|||50|,,,,,Water]Pelipper||FocusSash|Drizzle|Tailwind,Hurricane,WeatherBall,Protect|||M|||50|,,,,,Ghost]Incineroar||SitrusBerry|Intimidate|PartingShot,KnockOff,FlareBlitz,FakeOut|||M|||50|,,,,,Ghost]Maushold||SafetyGoggles|FriendGuard|BeatUp,FollowMe,Protect,Taunt||||||50|,,,,,Ghost]Rillaboom||GrassySeed|GrassySurge|WoodHammer,GrassyGlide,FakeOut,Protect|||F|||50|,,,,,Grass
|inactive|Battle timer is ON: inactive players will automatically lose when time's up. (requested by gisellethelizard)
|
|t:|1756489358
|teamsize|p1|4
|teamsize|p2|4
|start
|switch|p1a: Sneasler|Sneasler, L50, M|100/100
|switch|p1b: Garchomp|Garchomp, L50, M|100/100
|switch|p2a: Annihilape|Annihilape, L50, M, shiny|100/100
|switch|p2b: Maushold|Maushold, L50, shiny|100/100
|turn|1
|
|t:|1756489371
|-terastallize|p2a: Annihilape|Water
|move|p1a: Sneasler|Dire Claw|p2a: Annihilape
|-damage|p2a: Annihilape|69/100
|-status|p2a: Annihilape|par
|move|p2b: Maushold|Beat Up|p2a: Annihilape
|-damage|p2a: Annihilape|67/100 par
|-damage|p2a: Annihilape|63/100 par
|-damage|p2a: Annihilape|61/100 par
|-hitcount|p2a: Annihilape|3
|move|p1b: Garchomp|Stomping Tantrum|p2a: Annihilape
|-damage|p2a: Annihilape|30/100 par
|move|p2a: Annihilape|Rage Fist|p1a: Sneasler
|-damage|p1a: Sneasler|0 fnt
|faint|p1a: Sneasler
|
|-heal|p2a: Annihilape|36/100 par|[from] item: Leftovers
|upkeep
|
|t:|1756489386
|switch|p1a: Gholdengo|Gholdengo, L50|100/100
|turn|2
|
|t:|1756489406
|move|p1a: Gholdengo|Protect|p1a: Gholdengo
|-singleturn|p1a: Gholdengo|Protect
|move|p2b: Maushold|Follow Me|p2b: Maushold
|-singleturn|p2b: Maushold|move: Follow Me
|move|p1b: Garchomp|Earthquake|p2a: Annihilape|[spread] p2a,p2b
|-activate|p1a: Gholdengo|move: Protect
|-damage|p2a: Annihilape|5/100 par
|-damage|p2b: Maushold|38/100
|cant|p2a: Annihilape|par
|
|-heal|p2a: Annihilape|11/100 par|[from] item: Leftovers
|upkeep
|turn|3
|
|t:|1756489426
|move|p2b: Maushold|Protect|p2b: Maushold
|-singleturn|p2b: Maushold|Protect
|move|p1b: Garchomp|Stomping Tantrum|p2b: Maushold
|-activate|p2b: Maushold|move: Protect
|move|p1a: Gholdengo|Shadow Ball|p2a: Annihilape
|-damage|p2a: Annihilape|0 fnt
|faint|p2a: Annihilape
|-damage|p1a: Gholdengo|91/100|[from] item: Life Orb
|
|upkeep
|
|t:|1756489437
|switch|p2a: Pelipper|Pelipper, L50, M, shiny|100/100
|-weather|RainDance|[from] ability: Drizzle|[of] p2a: Pelipper
|turn|4
|
|t:|1756489459
|switch|p1a: Tyranitar|Tyranitar, L50, M|100/100
|-weather|Sandstorm|[from] ability: Sand Stream|[of] p1a: Tyranitar
|move|p2b: Maushold|Follow Me|p2b: Maushold
|-singleturn|p2b: Maushold|move: Follow Me
|move|p1b: Garchomp|Stomping Tantrum|p2b: Maushold
|-damage|p2b: Maushold|0 fnt
|faint|p2b: Maushold
|move|p2a: Pelipper|Tailwind|p2a: Pelipper
|-sidestart|p2: gisellethelizard|move: Tailwind
|
|-weather|Sandstorm|[upkeep]
|-damage|p2a: Pelipper|95/100|[from] Sandstorm
|upkeep
|
|t:|1756489467
|switch|p2b: Archaludon|Archaludon, L50, M, shiny|100/100
|turn|5
|inactive|gisellethelizard has 30 seconds left.
|
|t:|1756489495
|-terastallize|p1b: Garchomp|Steel
|move|p2b: Archaludon|Body Press|p1a: Tyranitar
|-supereffective|p1a: Tyranitar
|-damage|p1a: Tyranitar|25/100
|move|p2a: Pelipper|Weather Ball|p1a: Tyranitar
|-damage|p1a: Tyranitar|13/100
|move|p1b: Garchomp|Dragon Claw|p2a: Pelipper
|-damage|p2a: Pelipper|37/100
|move|p1a: Tyranitar|Knock Off|p2a: Pelipper
|-damage|p2a: Pelipper|0 fnt
|-enditem|p2a: Pelipper|Focus Sash|[from] move: Knock Off|[of] p1a: Tyranitar
|faint|p2a: Pelipper
|
|-weather|Sandstorm|[upkeep]
|upkeep
|turn|6
|-message|gisellethelizard forfeited.
|
|win|Cage92
||gisellethelizard is ready for game 3.
||Cage92 is ready for game 3.
|uhtml|next|Next: Game 3 of 3
|l|☆gisellethelizard
|player|p2|
