|j|☆Gancelot
|j|☆wran30
|html|Gancelotwran30    
|uhtml|bestof|Game 2 of a best-of-3
|t:|1783392093
|gametype|doubles
|player|p1|Gancelot|morty|1176
|player|p2|wran30|1|1085
|gen|9
|tier|[Gen 9 Champions] VGC 2026 Reg M-B (Bo3)
|rated|
|rule|Species Clause: Limit one of each Pokémon
|rule|Item Clause: Limit 1 of each item
|clearpoke
|poke|p1|Sinistcha, L50|
|poke|p1|Incineroar, L50, M|
|poke|p1|Milotic, L50, M|
|poke|p1|Raichu, L50, F|
|poke|p1|Floette-Eternal, L50, F|
|poke|p1|Ceruledge, L50, M|
|poke|p2|Charizard, L50, M, shiny|
|poke|p2|Tsareena, L50, F|
|poke|p2|Sneasler, L50, F|
|poke|p2|Aerodactyl, L50, M|
|poke|p2|Whimsicott, L50, M|
|poke|p2|Tinkaton, L50, F|
|teampreview|4
|showteam|p1|Sinistcha||KasibBerry|Hospitality|MatchaGotcha,LifeDew,RagePowder,Protect|Relaxed|||||50|]Incineroar||SitrusBerry|Intimidate|FlareBlitz,ThroatChop,FakeOut,PartingShot|Impish||M|||50|]Milotic||Leftovers|Competitive|MuddyWater,Coil,Hypnosis,Recover|Calm||M|||50|]Raichu||RaichuniteY|LightningRod|ZapCannon,FocusBlast,FakeOut,Protect|Timid||F|||50|]Floette-Eternal||Floettite|FlowerVeil|DazzlingGleam,DrainingKiss,CalmMind,Protect|Timid||F|||50|]Ceruledge||ColburBerry|FlashFire|BitterBlade,ShadowSneak,BulkUp,Protect|Adamant||M|||50|
|showteam|p2|Charizard||CharizarditeY|Blaze|WeatherBall,SolarBeam,Protect,HeatWave|Timid||M|||50|]Tsareena||WideLens|QueenlyMajesty|TripleAxel,PowerWhip,HighJumpKick,Protect|Adamant||F|||50|]Sneasler||WhiteHerb|Unburden|CloseCombat,DireClaw,FakeOut,ThroatChop|Jolly||F|||50|]Aerodactyl||FocusSash|Unnerve|WideGuard,Tailwind,RockSlide,DualWingbeat|Jolly||M|||50|]Whimsicott||MentalHerb|Prankster|TrickRoom,Tailwind,Moonblast,Encore|Timid||M|||50|]Tinkaton||Leftovers|MoldBreaker|GigatonHammer,FakeOut,Protect,PlayRough|Adamant||F|||50|
|inactive|Battle timer is ON: inactive players will automatically lose when time's up. (requested by Gancelot)
|inactive|wran30 has 60 seconds left.
|
|t:|1783392136
|teamsize|p1|4
|teamsize|p2|4
|start
|switch|p1a: Ceruledge|Ceruledge, L50, M|100/100
|switch|p1b: Incineroar|Incineroar, L50, M|100/100
|switch|p2a: Aerodactyl|Aerodactyl, L50, M|100/100
|switch|p2b: Sneasler|Sneasler, L50, F|100/100
|-ability|p2a: Aerodactyl|Unnerve
|-ability|p1b: Incineroar|Intimidate|boost
|-unboost|p2a: Aerodactyl|atk|1
|-unboost|p2b: Sneasler|atk|1
|-enditem|p2b: Sneasler|White Herb
|-clearnegativeboost|p2b: Sneasler|[silent]
|turn|1
|inactive|Gancelot has 30 seconds left.
|inactive|wran30 has 30 seconds left.
|
|t:|1783392166
|switch|p1b: Raichu|Raichu, L50, F|100/100
|move|p2b: Sneasler|Fake Out|p1b: Raichu
|-damage|p1b: Raichu|80/100
|move|p2a: Aerodactyl|Rock Slide|p1b: Raichu|[spread] p1a,p1b
|-supereffective|p1a: Ceruledge|1
|-damage|p1a: Ceruledge|70/100
|-damage|p1b: Raichu|56/100
|move|p1a: Ceruledge|Bulk Up|p1a: Ceruledge
|-boost|p1a: Ceruledge|atk|1
|-boost|p1a: Ceruledge|def|1
|
|upkeep
|turn|2
|inactive|wran30 has 30 seconds left.
|
|t:|1783392196
|switch|p2a: Tsareena|Tsareena, L50, F|100/100
|detailschange|p1b: Raichu|Raichu-Mega-Y, L50, F
|-mega|p1b: Raichu|Raichu|Raichunite Y
|move|p1b: Raichu|Fake Out||[still]
|cant|p2a: Tsareena|ability: Queenly Majesty|Fake Out|[of] p1b: Raichu
|move|p2b: Sneasler|Dire Claw|p1b: Raichu
|-damage|p1b: Raichu|0 fnt
|faint|p1b: Raichu
|move|p1a: Ceruledge|Bulk Up|p1a: Ceruledge
|-boost|p1a: Ceruledge|atk|1
|-boost|p1a: Ceruledge|def|1
|
|upkeep
|
|t:|1783392201
|switch|p1b: Incineroar|Incineroar, L50, M|100/100
|-ability|p1b: Incineroar|Intimidate|boost
|-unboost|p2a: Tsareena|atk|1
|-unboost|p2b: Sneasler|atk|1
|turn|3
|
|t:|1783392220
|switch|p1b: Sinistcha|Sinistcha, L50|100/100
|-heal|p1a: Ceruledge|95/100|[from] ability: Hospitality|[of] p1b: Sinistcha
|move|p2b: Sneasler|Close Combat|p1b: Sinistcha
|-immune|p1b: Sinistcha
|move|p1a: Ceruledge|Bitter Blade|p2b: Sneasler
|-damage|p2b: Sneasler|0 fnt
|-heal|p1a: Ceruledge|100/100|[from] drain|[of] p2b: Sneasler
|faint|p2b: Sneasler
|move|p2a: Tsareena|High Jump Kick|p1b: Sinistcha
|-immune|p1b: Sinistcha
|-damage|p2a: Tsareena|50/100g|[from] highjumpkick
|
|upkeep
|
|t:|1783392238
|switch|p2b: Charizard|Charizard, L50, M, shiny|100/100
|turn|4
|
|t:|1783392248
|switch|p1b: Incineroar|Incineroar, L50, M|100/100
|-ability|p1b: Incineroar|Intimidate|boost
|-unboost|p2a: Tsareena|atk|1
|-unboost|p2b: Charizard|atk|1
|detailschange|p2b: Charizard|Charizard-Mega-Y, L50, M, shiny
|-mega|p2b: Charizard|Charizard|Charizardite Y
|-weather|SunnyDay|[from] ability: Drought|[of] p2b: Charizard
|move|p2a: Tsareena|Protect|p2a: Tsareena
|-singleturn|p2a: Tsareena|Protect
|move|p2b: Charizard|Weather Ball|p1b: Incineroar
|-resisted|p1b: Incineroar|1
|-damage|p1b: Incineroar|58/100
|move|p1a: Ceruledge|Bitter Blade|p2a: Tsareena
|-activate|p2a: Tsareena|move: Protect
|
|-weather|SunnyDay|[upkeep]
|upkeep
|turn|5
|
|t:|1783392269
|move|p2a: Tsareena|Protect||[still]
|-fail|p2a: Tsareena
|move|p2b: Charizard|Weather Ball|p1b: Incineroar
|-resisted|p1b: Incineroar|1
|-damage|p1b: Incineroar|16/100
|-enditem|p1b: Incineroar|Sitrus Berry|[eat]
|-heal|p1b: Incineroar|41/100|[from] item: Sitrus Berry
|move|p1a: Ceruledge|Bitter Blade|p2a: Tsareena
|-supereffective|p2a: Tsareena|1
|-damage|p2a: Tsareena|0 fnt
|faint|p2a: Tsareena
|move|p1b: Incineroar|Parting Shot|p2b: Charizard
|-unboost|p2b: Charizard|atk|1
|-unboost|p2b: Charizard|spa|1
|
|t:|1783392274
|switch|p1b: Sinistcha|Sinistcha, L50|100/100|[from] Parting Shot
|
|-weather|SunnyDay|[upkeep]
|upkeep
|
|t:|1783392284
|switch|p2a: Aerodactyl|Aerodactyl, L50, M|100/100
|-ability|p2a: Aerodactyl|Unnerve
|turn|6
|
|t:|1783392293
|move|p1b: Sinistcha|Protect|p1b: Sinistcha
|-singleturn|p1b: Sinistcha|Protect
|move|p1a: Ceruledge|Shadow Sneak|p2a: Aerodactyl
|-damage|p2a: Aerodactyl|34/100
|move|p2a: Aerodactyl|Rock Slide|p1a: Ceruledge|[spread] 
|-activate|p1b: Sinistcha|move: Protect
|-miss|p2a: Aerodactyl|p1a: Ceruledge
|move|p2b: Charizard|Weather Ball|p1b: Sinistcha
|-activate|p1b: Sinistcha|move: Protect
|
|-weather|SunnyDay|[upkeep]
|upkeep
|turn|7
|-message|wran30 forfeited.
|
|win|Gancelot
