|j|☆Fr0zenTome
|j|☆HypoxiaVGC
|html|Fr0zenTomeHypoxiaVGC    
|uhtml|bestof|Game 1 of a best-of-3
|t:|1785258141
|gametype|doubles
|player|p1|Fr0zenTome|plasmagrunt|1026
|player|p2|HypoxiaVGC|2|1000
|gen|9
|tier|[Gen 9 Champions] VGC 2026 Reg M-B (Bo3)
|rated|
|rule|Species Clause: Limit one of each Pokémon
|rule|Item Clause: Limit 1 of each item
|clearpoke
|poke|p1|Swampert, L50, F|
|poke|p1|Politoed, L50, F|
|poke|p1|Sinistcha, L50|
|poke|p1|Archaludon, L50, F|
|poke|p1|Incineroar, L50, F|
|poke|p1|Gengar, L50, F|
|poke|p2|Lycanroc-Dusk, L50, M|
|poke|p2|Hydreigon, L50, F|
|poke|p2|Talonflame, L50, F|
|poke|p2|Venusaur, L50, M|
|poke|p2|Metagross, L50|
|poke|p2|Primarina, L50, M|
|teampreview|4
|showteam|p1|Swampert||Swampertite|Damp|WaveCrash,IcePunch,HighHorsepower,Protect|Jolly||F|||50|]Politoed||Leftovers|Drizzle|PerishSong,Protect,WeatherBall,IceBeam|Calm||F|||50|]Sinistcha||MentalHerb|Hospitality|RagePowder,MatchaGotcha,LifeDew,Protect|Calm|||||50|]Archaludon||ShucaBerry|Stamina|Protect,DracoMeteor,ElectroShot,FlashCannon|Calm||F|||50|]Incineroar||SitrusBerry|Intimidate|Protect,FakeOut,DarkestLariat,PartingShot|Impish||F|||50|]Gengar||Gengarite|CursedBody|Disable,Protect,PerishSong,ShadowBall|Timid||F|||50|
|showteam|p2|Lycanroc-Dusk||FocusSash|ToughClaws|RockSlide,Accelerock,CloseCombat,Protect|Adamant||M|||50|]Hydreigon||LifeOrb|Levitate|DracoMeteor,DarkPulse,EarthPower,Protect|Modest||F|||50|]Talonflame||Charcoal|GaleWings|Overheat,Taunt,QuickGuard,Tailwind|Timid||F|||50|]Venusaur||Venusaurite|Chlorophyll|GigaDrain,SludgeBomb,EarthPower,Protect|Modest||M|||50|]Metagross||Metagrossite|ClearBody|IronHead,PsychicFangs,IcePunch,Protect|Jolly|||||50|]Primarina||ExpertBelt|LiquidVoice|HyperVoice,Moonblast,IceBeam,Protect|Modest||M|||50|
|inactive|Battle timer is ON: inactive players will automatically lose when time's up. (requested by Fr0zenTome)
|inactiveoff|Battle timer is now OFF.
|inactive|Battle timer is ON: inactive players will automatically lose when time's up. (requested by Fr0zenTome)
|
|t:|1785258204
|teamsize|p1|4
|teamsize|p2|4
|start
|switch|p1a: Incineroar|Incineroar, L50, F|100/100
|switch|p1b: Gengar|Gengar, L50, F|100/100
|switch|p2a: Talonflame|Talonflame, L50, F|100/100
|switch|p2b: Hydreigon|Hydreigon, L50, F|100/100
|-ability|p1a: Incineroar|Intimidate|boost
|-unboost|p2a: Talonflame|atk|1
|-unboost|p2b: Hydreigon|atk|1
|turn|1
|
|t:|1785258220
|detailschange|p1b: Gengar|Gengar-Mega, L50, F
|-mega|p1b: Gengar|Gengar|Gengarite
|move|p1a: Incineroar|Fake Out|p2b: Hydreigon
|-damage|p2b: Hydreigon|88/100
|move|p2a: Talonflame|Taunt|p1b: Gengar
|-start|p1b: Gengar|move: Taunt
|cant|p1b: Gengar|move: Taunt|Perish Song
|cant|p2b: Hydreigon|flinch
|
|upkeep
|turn|2
|inactive|HypoxiaVGC has 30 seconds left.
|
|t:|1785258245
|switch|p1b: Politoed|Politoed, L50, F|100/100
|-weather|RainDance|[from] ability: Drizzle|[of] p1b: Politoed
|move|p2a: Talonflame|Tailwind|p2a: Talonflame
|-sidestart|p2: HypoxiaVGC|move: Tailwind
|move|p2b: Hydreigon|Dark Pulse|p1b: Politoed
|-damage|p1b: Politoed|56/100
|-damage|p2b: Hydreigon|78/100|[from] item: Life Orb
|move|p1a: Incineroar|Darkest Lariat|p2a: Talonflame
|-damage|p2a: Talonflame|49/100
|
|-weather|RainDance|[upkeep]
|-heal|p1b: Politoed|62/100|[from] item: Leftovers
|upkeep
|turn|3
|inactive|HypoxiaVGC has 30 seconds left.
|inactive|HypoxiaVGC has 20 seconds left.
|inactive|Fr0zenTome has 30 seconds left.
|inactive|HypoxiaVGC has 15 seconds left.
|
|t:|1785258288
|move|p1b: Politoed|Protect|p1b: Politoed
|-singleturn|p1b: Politoed|Protect
|move|p2a: Talonflame|Overheat|p1b: Politoed
|-activate|p1b: Politoed|move: Protect
|move|p2b: Hydreigon|Dark Pulse|p1b: Politoed
|-activate|p1b: Politoed|move: Protect
|move|p1a: Incineroar|Parting Shot|p2a: Talonflame
|-unboost|p2a: Talonflame|atk|1
|-unboost|p2a: Talonflame|spa|1
|
|t:|1785258300
|switch|p1a: Gengar|Gengar-Mega, L50, F|100/100|[from] Parting Shot
|
|-weather|RainDance|[upkeep]
|-heal|p1b: Politoed|68/100|[from] item: Leftovers
|upkeep
|turn|4
|
|t:|1785258311
|move|p2a: Talonflame|Taunt|p1b: Politoed
|-start|p1b: Politoed|move: Taunt
|move|p2b: Hydreigon|Dark Pulse|p1a: Gengar
|-supereffective|p1a: Gengar|1
|-damage|p1a: Gengar|0 fnt
|faint|p1a: Gengar
|-damage|p2b: Hydreigon|69/100|[from] item: Life Orb
|move|p1b: Politoed|Weather Ball|p2a: Talonflame
|-supereffective|p2a: Talonflame|1
|-damage|p2a: Talonflame|0 fnt
|faint|p2a: Talonflame
|
|-weather|RainDance|[upkeep]
|-heal|p1b: Politoed|74/100|[from] item: Leftovers
|upkeep
|
|t:|1785258328
|switch|p2a: Venusaur|Venusaur, L50, M|100/100
|switch|p1a: Incineroar|Incineroar, L50, F|100/100
|-ability|p1a: Incineroar|Intimidate|boost
|-unboost|p2a: Venusaur|atk|1
|-unboost|p2b: Hydreigon|atk|1
|turn|5
|
|t:|1785258350
|detailschange|p2a: Venusaur|Venusaur-Mega, L50, M
|-mega|p2a: Venusaur|Venusaur|Venusaurite
|move|p2b: Hydreigon|Protect|p2b: Hydreigon
|-singleturn|p2b: Hydreigon|Protect
|move|p1a: Incineroar|Fake Out|p2a: Venusaur
|-damage|p2a: Venusaur|90/100
|cant|p2a: Venusaur|flinch
|move|p1b: Politoed|Ice Beam|p2b: Hydreigon
|-activate|p2b: Hydreigon|move: Protect
|
|-weather|RainDance|[upkeep]
|-heal|p1b: Politoed|80/100|[from] item: Leftovers
|-sideend|p2: HypoxiaVGC|move: Tailwind
|upkeep
|turn|6
|
|t:|1785258360
|switch|p1b: Sinistcha|Sinistcha, L50|100/100
|move|p2b: Hydreigon|Dark Pulse|p1b: Sinistcha
|-supereffective|p1b: Sinistcha|1
|-damage|p1b: Sinistcha|0 fnt
|faint|p1b: Sinistcha
|-damage|p2b: Hydreigon|59/100|[from] item: Life Orb
|move|p2a: Venusaur|Giga Drain|p1a: Incineroar
|-resisted|p1a: Incineroar|1
|-damage|p1a: Incineroar|85/100
|-heal|p2a: Venusaur|98/100|[from] drain|[of] p1a: Incineroar
|move|p1a: Incineroar|Parting Shot|p2a: Venusaur
|-unboost|p2a: Venusaur|atk|1
|-unboost|p2a: Venusaur|spa|1
|
|t:|1785258375
|switch|p1a: Politoed|Politoed, L50, F|80/100|[from] Parting Shot
|
|-weather|none
|-heal|p1a: Politoed|86/100|[from] item: Leftovers
|upkeep
|
|t:|1785258382
|switch|p1b: Incineroar|Incineroar, L50, F|85/100
|-ability|p1b: Incineroar|Intimidate|boost
|-unboost|p2a: Venusaur|atk|1
|-unboost|p2b: Hydreigon|atk|1
|turn|7
|
|t:|1785258393
|switch|p2a: Primarina|Primarina, L50, M|100/100
|move|p2b: Hydreigon|Protect|p2b: Hydreigon
|-singleturn|p2b: Hydreigon|Protect
|move|p1b: Incineroar|Fake Out|p2a: Primarina
|-damage|p2a: Primarina|88/100
|move|p1a: Politoed|Ice Beam|p2b: Hydreigon
|-activate|p2b: Hydreigon|move: Protect
|
|-heal|p1a: Politoed|92/100|[from] item: Leftovers
|upkeep
|turn|8
|-message|Fr0zenTome forfeited.
|
|win|HypoxiaVGC
|l|☆Fr0zenTome
|player|p1|
|raw|Fr0zenTome's rating: 1026 → 1011(-15 for losing)
|raw|HypoxiaVGC's rating: 1000 → 1043(+43 for winning)
