|j|☆ZiranVGC
|j|☆dingosbingos
|html|ZiranVGCdingosbingos    
|uhtml|bestof|Game 2 of a best-of-3
|t:|1782221568
|gametype|doubles
|player|p1|ZiranVGC|266|1060
|player|p2|dingosbingos|volkner|1000
|gen|9
|tier|[Gen 9 Champions] VGC 2026 Reg M-B (Bo3)
|rated|
|rule|Species Clause: Limit one of each Pokémon
|rule|Item Clause: Limit 1 of each item
|clearpoke
|poke|p1|Incineroar, L50, F|
|poke|p1|Grimmsnarl, L50, M|
|poke|p1|Sinistcha, L50|
|poke|p1|Farigiraf, L50, M|
|poke|p1|Charizard, L50, F|
|poke|p1|Sylveon, L50, M|
|poke|p2|Dragalge, L50, M|
|poke|p2|Maushold-Four, L50|
|poke|p2|Dragapult, L50, M|
|poke|p2|Cofagrigus, L50, M|
|poke|p2|Scrafty, L50, F|
|poke|p2|Rotom-Heat, L50|
|teampreview|4
|showteam|p1|Incineroar||LifeOrb|Intimidate|FakeOut,Protect,DarkestLariat,FlareBlitz|Adamant||F|||50|]Grimmsnarl||LightClay|Prankster|Reflect,LightScreen,PartingShot,SpiritBreak|Careful||M|||50|]Sinistcha||Leftovers|Hospitality|MatchaGotcha,ShadowBall,NastyPlot,RagePowder|Modest|||||50|]Farigiraf||SitrusBerry|ArmorTail|Psychic,SunnyDay,TrickRoom,HelpingHand|Bold||M|||50|]Charizard||CharizarditeY|SolarPower|HeatWave,WeatherBall,SolarBeam,Protect|Modest||F|||50|]Sylveon||FairyFeather|Pixilate|HyperBeam,HyperVoice,QuickAttack,Protect|Modest||M|||50|
|showteam|p2|Dragalge||Dragalgite|Adaptability|DracoMeteor,FlipTurn,SludgeBomb,Protect|Modest||M|||50|]Maushold-Four||SitrusBerry|FriendGuard|SuperFang,Encore,FollowMe,HelpingHand|Careful|||||50|]Dragapult||LifeOrb|ClearBody|DragonDarts,PhantomForce,Protect,WillOWisp|Jolly||M|||50|]Cofagrigus||MentalHerb|Mummy|Hex,AllySwitch,Memento,WillOWisp|Calm||M|||50|]Scrafty||Scraftinite|Intimidate|CloseCombat,KnockOff,DragonDance,Protect|Adamant||F|||50|]Rotom-Heat||ChoiceScarf|Levitate|Overheat,ShadowBall,Thunderbolt,Trick|Modest|||||50|
|inactive|Battle timer is ON: inactive players will automatically lose when time's up. (requested by dingosbingos)
|
|t:|1782221593
|teamsize|p1|4
|teamsize|p2|4
|start
|switch|p1a: Farigiraf|Farigiraf, L50, M|100/100
|switch|p1b: Grimmsnarl|Grimmsnarl, L50, M|100/100
|switch|p2a: Scrafty|Scrafty, L50, F|100/100
|switch|p2b: Cofagrigus|Cofagrigus, L50, M|100/100
|-ability|p2a: Scrafty|Intimidate|boost
|-unboost|p1a: Farigiraf|atk|1
|-unboost|p1b: Grimmsnarl|atk|1
|turn|1
|inactive|ZiranVGC has 30 seconds left.
|
|t:|1782221624
|switch|p1a: Incineroar|Incineroar, L50, F|100/100
|-ability|p1a: Incineroar|Intimidate|boost
|-unboost|p2a: Scrafty|atk|1
|-unboost|p2b: Cofagrigus|atk|1
|move|p2b: Cofagrigus|Ally Switch|p2b: Cofagrigus
|swap|p2b: Cofagrigus|0|[from] move: Ally Switch
|move|p1b: Grimmsnarl|Reflect|p1b: Grimmsnarl
|-sidestart|p1: ZiranVGC|Reflect
|move|p2b: Scrafty|Dragon Dance|p2b: Scrafty
|-boost|p2b: Scrafty|atk|1
|-boost|p2b: Scrafty|spe|1
|
|upkeep
|turn|2
|
|t:|1782221645
|move|p2b: Scrafty|Protect|p2b: Scrafty
|-singleturn|p2b: Scrafty|Protect
|move|p1b: Grimmsnarl|Spirit Break|p2b: Scrafty
|-activate|p2b: Scrafty|move: Protect
|move|p1a: Incineroar|Darkest Lariat|p2a: Cofagrigus
|-supereffective|p2a: Cofagrigus|1
|-damage|p2a: Cofagrigus|15/100
|-activate|p2a: Cofagrigus|ability: Mummy|p1a: Incineroar|[ability] Intimidate
|-damage|p1a: Incineroar|90/100|[from] item: Life Orb
|move|p2a: Cofagrigus|Will-O-Wisp|p1b: Grimmsnarl
|-status|p1b: Grimmsnarl|brn
|
|-damage|p1b: Grimmsnarl|94/100 brn|[from] brn
|upkeep
|turn|3
|
|t:|1782221665
|move|p2a: Cofagrigus|Ally Switch|p2a: Cofagrigus
|swap|p2a: Cofagrigus|1|[from] move: Ally Switch
|move|p2a: Scrafty|Dragon Dance|p2a: Scrafty
|-boost|p2a: Scrafty|atk|1
|-boost|p2a: Scrafty|spe|1
|move|p1a: Incineroar|Flare Blitz|p2b: Cofagrigus
|-damage|p2b: Cofagrigus|0 fnt
|faint|p2b: Cofagrigus
|-damage|p1a: Incineroar|86/100|[from] Recoil
|-damage|p1a: Incineroar|76/100|[from] item: Life Orb
|move|p1b: Grimmsnarl|Spirit Break|p2a: Scrafty
|-supereffective|p2a: Scrafty|2
|-damage|p2a: Scrafty|61/100
|-unboost|p2a: Scrafty|spa|1
|
|-damage|p1b: Grimmsnarl|88/100 brn|[from] brn
|upkeep
|
|t:|1782221682
|switch|p2b: Maushold|Maushold-Four, L50|100/100
|turn|4
|
|t:|1782221699
|detailschange|p2a: Scrafty|Scrafty-Mega, L50, F
|-mega|p2a: Scrafty|Scrafty|Scraftinite
|-ability|p2a: Scrafty|Intimidate|boost
|-unboost|p1a: Incineroar|atk|1
|-unboost|p1b: Grimmsnarl|atk|1
|move|p2b: Maushold|Follow Me|p2b: Maushold
|-singleturn|p2b: Maushold|move: Follow Me
|move|p1b: Grimmsnarl|Parting Shot|p2b: Maushold
|-unboost|p2b: Maushold|atk|1
|-unboost|p2b: Maushold|spa|1
|
|t:|1782221710
|switch|p1b: Charizard|Charizard, L50, F|100/100|[from] Parting Shot
|move|p2a: Scrafty|Close Combat|p1a: Incineroar
|-supereffective|p1a: Incineroar|1
|-damage|p1a: Incineroar|0 fnt
|-unboost|p2a: Scrafty|def|1
|-unboost|p2a: Scrafty|spd|1
|-activate|p1a: Incineroar|ability: Mummy|p2a: Scrafty|[ability] Intimidate
|faint|p1a: Incineroar
|
|upkeep
|
|t:|1782221722
|switch|p1a: Farigiraf|Farigiraf, L50, M|100/100
|turn|5
|
|t:|1782221734
|detailschange|p1b: Charizard|Charizard-Mega-Y, L50, F
|-mega|p1b: Charizard|Charizard|Charizardite Y
|-weather|SunnyDay|[from] ability: Drought|[of] p1b: Charizard
|move|p2b: Maushold|Helping Hand|p2a: Scrafty
|-singleturn|p2a: Scrafty|Helping Hand|[of] p2b: Maushold
|move|p1a: Farigiraf|Helping Hand|p1b: Charizard
|-singleturn|p1b: Charizard|Helping Hand|[of] p1a: Farigiraf
|move|p2a: Scrafty|Knock Off|p1a: Farigiraf
|-supereffective|p1a: Farigiraf|1
|-damage|p1a: Farigiraf|0 fnt
|-enditem|p1a: Farigiraf|Sitrus Berry|[from] move: Knock Off|[of] p2a: Scrafty
|faint|p1a: Farigiraf
|move|p1b: Charizard|Heat Wave|p2a: Scrafty|[spread] p2b
|-miss|p1b: Charizard|p2a: Scrafty
|-damage|p2b: Maushold|1/100
|-enditem|p2b: Maushold|Sitrus Berry|[eat]
|-heal|p2b: Maushold|26/100|[from] item: Sitrus Berry
|
|-weather|SunnyDay|[upkeep]
|upkeep
|
|t:|1782221751
|switch|p1a: Grimmsnarl|Grimmsnarl, L50, M|88/100 brn
|turn|6
|
|t:|1782221759
|move|p2b: Maushold|Helping Hand|p2a: Scrafty
|-singleturn|p2a: Scrafty|Helping Hand|[of] p2b: Maushold
|move|p1a: Grimmsnarl|Parting Shot|p2a: Scrafty
|-hint|Since gen 7, Dark is immune to Prankster moves.
|-immune|p2a: Scrafty
|move|p2a: Scrafty|Close Combat|p1a: Grimmsnarl
|-damage|p1a: Grimmsnarl|0 fnt
|-unboost|p2a: Scrafty|def|1
|-unboost|p2a: Scrafty|spd|1
|faint|p1a: Grimmsnarl
|move|p1b: Charizard|Heat Wave|p2b: Maushold|[spread] p2a,p2b
|-damage|p2a: Scrafty|0 fnt
|-damage|p2b: Maushold|0 fnt
|faint|p2a: Scrafty
|faint|p2b: Maushold
|
|-weather|SunnyDay|[upkeep]
|upkeep
|
|t:|1782221775
|switch|p2a: Dragapult|Dragapult, L50, M|100/100
|turn|7
|
|t:|1782221779
|move|p2a: Dragapult|Phantom Force||[still]
|-prepare|p2a: Dragapult|Phantom Force
|move|p1b: Charizard|Weather Ball|p2a: Dragapult|[miss]
|-miss|p1b: Charizard|p2a: Dragapult
|
|-weather|SunnyDay|[upkeep]
|upkeep
|turn|8
|
|t:|1782221786
|move|p2a: Dragapult|Phantom Force|p1b: Charizard|[from] lockedmove
|-damage|p1b: Charizard|55/100
|-damage|p2a: Dragapult|90/100|[from] item: Life Orb
|move|p1b: Charizard|Weather Ball|p2a: Dragapult
|-resisted|p2a: Dragapult|1
|-damage|p2a: Dragapult|26/100
|
|-weather|SunnyDay|[upkeep]
|-sideend|p1: ZiranVGC|Reflect
|upkeep
|turn|9
|
|t:|1782221796
|move|p2a: Dragapult|Dragon Darts|p1b: Charizard
|-damage|p1b: Charizard|19/100
|-anim|p2a: Dragapult|Dragon Darts|p1b: Charizard
|-damage|p1b: Charizard|0 fnt
|faint|p1b: Charizard
|-damage|p2a: Dragapult|16/100|[from] item: Life Orb
|
|win|dingosbingos
|raw|ZiranVGC's rating: 1060 → 1038(-22 for losing)
|raw|dingosbingos's rating: 1000 → 1047(+47 for winning)
|l|☆dingosbingos
|player|p2|
