|j|☆el nino vgc 21
|j|☆lylysha
|html|el nino vgc 21lylysha    
|uhtml|bestof|Game 2 of a best-of-3
|t:|1785488726
|gametype|doubles
|player|p1|el nino vgc 21|#smogonxnpa2026draftee|
|player|p2|lylysha|parasollady|
|gen|9
|tier|[Gen 9 Champions] VGC 2026 Reg M-B (Bo3)
|rule|Species Clause: Limit one of each Pokémon
|rule|Item Clause: Limit 1 of each item
|clearpoke
|poke|p1|Floette-Eternal, L50, F|
|poke|p1|Whimsicott, L50, M, shiny|
|poke|p1|Garchomp, L50, M, shiny|
|poke|p1|Charizard, L50, M, shiny|
|poke|p1|Kingambit, L50, F, shiny|
|poke|p1|Basculegion, L50, M, shiny|
|poke|p2|Basculegion, L50, M|
|poke|p2|Garchomp, L50, F|
|poke|p2|Scizor, L50, F|
|poke|p2|Tyranitar, L50, F|
|poke|p2|Sneasler, L50, F|
|poke|p2|Corviknight, L50, F|
|teampreview|4
|showteam|p1|Floette-Eternal||Floettite|FlowerVeil|DazzlingGleam,Moonblast,LightofRuin,Protect|Timid||F|||50|]Whimsicott||FocusSash|Prankster|Moonblast,Encore,Tailwind,Protect|Timid||M|||50|]Garchomp||RoseliBerry|RoughSkin|Earthquake,RockSlide,PoisonJab,DragonClaw|Jolly||M|||50|]Charizard||CharizarditeY|Blaze|HeatWave,WeatherBall,SolarBeam,Protect|Modest||M|||50|]Kingambit||ChopleBerry|Defiant|KowtowCleave,SuckerPunch,IronHead,LowKick|Adamant||F|||50|]Basculegion||LifeOrb|Adaptability|WaveCrash,LastRespects,AquaJet,Protect|Adamant||M|||50|
|showteam|p2|Basculegion||SitrusBerry|Adaptability|WaveCrash,LastRespects,AquaJet,Protect|Jolly||M|||50|]Garchomp||Garchompite|RoughSkin|EarthPower,DracoMeteor,PowerGem,Protect|Modest||F|||50|]Scizor||LifeOrb|Technician|BulletPunch,BugBite,SwordsDance,Protect|Adamant||F|||50|]Tyranitar||ChoiceScarf|SandStream|RockSlide,KnockOff,IcePunch,Superpower|Jolly||F|||50|]Sneasler||FocusSash|PoisonTouch|PoisonJab,CloseCombat,FakeOut,Protect|Jolly||F|||50|]Corviknight||Leftovers|MirrorArmor|IronHead,BraveBird,Tailwind,Protect|Impish||F|||50|
|inactive|Battle timer is ON: inactive players will automatically lose when time's up. (requested by lylysha)
|j| Klefastra
|inactive|lylysha has 60 seconds left.
|inactive|el nino vgc 21 has 60 seconds left.
|
|t:|1785488767
|teamsize|p1|4
|teamsize|p2|4
|start
|switch|p1a: Garchomp|Garchomp, L50, M, shiny|100/100
|switch|p1b: Basculegion|Basculegion, L50, M, shiny|100/100
|switch|p2a: Corviknight|Corviknight, L50, F|100/100
|switch|p2b: Garchomp|Garchomp, L50, F|100/100
|turn|1
|inactive|el nino vgc 21 has 30 seconds left.
|j| SurfingJackal
|inactive|el nino vgc 21 has 20 seconds left.
|inactive|el nino vgc 21 has 15 seconds left.
|
|t:|1785488808
|detailschange|p2b: Garchomp|Garchomp-Mega, L50, F
|-mega|p2b: Garchomp|Garchomp|Garchompite
|move|p2a: Corviknight|Protect|p2a: Corviknight
|-singleturn|p2a: Corviknight|Protect
|move|p1b: Basculegion|Aqua Jet|p2b: Garchomp
|-damage|p2b: Garchomp|71/100
|-damage|p1b: Basculegion|90/100|[from] item: Life Orb
|move|p1a: Garchomp|Dragon Claw|p2b: Garchomp
|-supereffective|p2b: Garchomp|1
|-damage|p2b: Garchomp|12/100
|move|p2b: Garchomp|Draco Meteor|p1a: Garchomp
|-supereffective|p1a: Garchomp|1
|-damage|p1a: Garchomp|0 fnt
|-unboost|p2b: Garchomp|spa|2
|faint|p1a: Garchomp
|
|upkeep
|
|t:|1785488822
|switch|p1a: Whimsicott|Whimsicott, L50, M, shiny|100/100
|turn|2
|
|t:|1785488833
|switch|p2a: Tyranitar|Tyranitar, L50, F|100/100
|-weather|Sandstorm|[from] ability: Sand Stream|[of] p2a: Tyranitar
|move|p2b: Garchomp|Protect|p2b: Garchomp
|-singleturn|p2b: Garchomp|Protect
|move|p1a: Whimsicott|Moonblast|p2b: Garchomp
|-activate|p2b: Garchomp|move: Protect
|move|p1b: Basculegion|Last Respects|p2a: Tyranitar
|-resisted|p2a: Tyranitar|1
|-damage|p2a: Tyranitar|62/100
|-damage|p1b: Basculegion|80/100|[from] item: Life Orb
|
|-weather|Sandstorm|[upkeep]
|-damage|p1a: Whimsicott|94/100|[from] Sandstorm
|-damage|p1b: Basculegion|74/100|[from] Sandstorm
|upkeep
|turn|3
|j| TemporalDonut
|
|t:|1785488857
|switch|p2a: Corviknight|Corviknight, L50, F|100/100
|move|p1b: Basculegion|Aqua Jet|p2a: Corviknight
|-damage|p2a: Corviknight|74/100
|-damage|p1b: Basculegion|65/100|[from] item: Life Orb
|move|p1a: Whimsicott|Moonblast|p2b: Garchomp
|-supereffective|p2b: Garchomp|1
|-damage|p2b: Garchomp|0 fnt
|faint|p2b: Garchomp
|
|-weather|Sandstorm|[upkeep]
|-damage|p1a: Whimsicott|88/100|[from] Sandstorm
|-damage|p1b: Basculegion|59/100|[from] Sandstorm
|-heal|p2a: Corviknight|80/100|[from] item: Leftovers
|upkeep
|
|t:|1785488868
|switch|p2b: Sneasler|Sneasler, L50, F|100/100
|turn|4
|
|t:|1785488881
|move|p1a: Whimsicott|Tailwind|p1a: Whimsicott
|-sidestart|p1: el nino vgc 21|move: Tailwind
|move|p1b: Basculegion|Last Respects|p2b: Sneasler
|-enditem|p2b: Sneasler|Focus Sash
|-damage|p2b: Sneasler|1/100
|-damage|p1b: Basculegion|49/100|[from] item: Life Orb
|move|p2b: Sneasler|Poison Jab|p1a: Whimsicott
|-supereffective|p1a: Whimsicott|2
|-damage|p1a: Whimsicott|0 fnt
|faint|p1a: Whimsicott
|move|p2a: Corviknight|Brave Bird|p1b: Basculegion
|-damage|p1b: Basculegion|10/100
|-damage|p2a: Corviknight|67/100|[from] Recoil
|
|-weather|Sandstorm|[upkeep]
|-damage|p1b: Basculegion|4/100|[from] Sandstorm
|-damage|p2b: Sneasler|0 fnt|[from] Sandstorm
|faint|p2b: Sneasler
|-heal|p2a: Corviknight|73/100|[from] item: Leftovers
|upkeep
|
|t:|1785488896
|switch|p2b: Tyranitar|Tyranitar, L50, F|62/100
|switch|p1a: Floette|Floette-Eternal, L50, F|100/100
|turn|5
|
|t:|1785488911
|detailschange|p1a: Floette|Floette-Mega, L50, F
|-mega|p1a: Floette|Floette|Floettite
|-ability|p1a: Floette|Fairy Aura
|move|p2a: Corviknight|Protect|p2a: Corviknight
|-singleturn|p2a: Corviknight|Protect
|move|p1a: Floette|Moonblast|p2b: Tyranitar
|-supereffective|p2b: Tyranitar|1
|-damage|p2b: Tyranitar|0 fnt
|faint|p2b: Tyranitar
|move|p1b: Basculegion|Last Respects|p2a: Corviknight
|-activate|p2a: Corviknight|move: Protect
|
|-weather|Sandstorm|[upkeep]
|-damage|p1a: Floette|93/100|[from] Sandstorm
|-damage|p1b: Basculegion|0 fnt|[from] Sandstorm
|faint|p1b: Basculegion
|-heal|p2a: Corviknight|79/100|[from] item: Leftovers
|upkeep
|turn|6
|
|t:|1785488931
|move|p1a: Floette|Moonblast|p2a: Corviknight
|-resisted|p2a: Corviknight|1
|-damage|p2a: Corviknight|51/100
|move|p2a: Corviknight|Iron Head|p1a: Floette
|-supereffective|p1a: Floette|1
|-damage|p1a: Floette|29/100
|
|-weather|none
|-heal|p2a: Corviknight|57/100|[from] item: Leftovers
|upkeep
|turn|7
|
|t:|1785488937
|move|p2a: Corviknight|Protect|p2a: Corviknight
|-singleturn|p2a: Corviknight|Protect
|move|p1a: Floette|Light of Ruin|p2a: Corviknight
|-activate|p2a: Corviknight|move: Protect
|
|-heal|p2a: Corviknight|63/100|[from] item: Leftovers
|-sideend|p1: el nino vgc 21|move: Tailwind
|upkeep
|turn|8
|
|t:|1785488945
|move|p1a: Floette|Light of Ruin|p2a: Corviknight
|-resisted|p2a: Corviknight|1
|-damage|p2a: Corviknight|17/100
|-damage|p1a: Floette|0 fnt|[from] Recoil
|faint|p1a: Floette
|
|win|lylysha
||el nino vgc 21 is ready for game 3.
||lylysha is ready for game 3.
|uhtml|next|Next: Game 3 of 3
|l| SurfingJackal
|l| TemporalDonut
|l|☆lylysha
|player|p2|
|l| Klefastra
