|j|☆frost1810
|j|☆Blake_the_Snake
|html|frost1810Blake_the_Snake    
|uhtml|bestof|Game 3 of a best-of-3
|t:|1782211581
|gametype|doubles
|player|p1|frost1810|drayden|
|player|p2|Blake_the_Snake|byron|
|gen|9
|tier|[Gen 9 Champions] VGC 2026 Reg M-B (Bo3)
|rule|Species Clause: Limit one of each Pokémon
|rule|Item Clause: Limit 1 of each item
|clearpoke
|poke|p1|Pyroar, L50, F|
|poke|p1|Whimsicott, L50, M|
|poke|p1|Ninetales, L50, F|
|poke|p1|Farigiraf, L50, F|
|poke|p1|Basculegion, L50, M|
|poke|p1|Floette-Eternal, L50, F|
|poke|p2|Pyroar, L50, F|
|poke|p2|Ninetales, L50, F|
|poke|p2|Whimsicott, L50, M|
|poke|p2|Froslass, L50, F|
|poke|p2|Grimmsnarl, L50, M|
|poke|p2|Farigiraf, L50, M|
|teampreview|4
|showteam|p1|Pyroar||Pyroarite|Unnerve|Protect,HeatWave,SolarBeam,Overheat|Timid||F|||50|]Whimsicott||FocusSash|Prankster|Protect,SunnyDay,Moonblast,Tailwind|Timid||M|||50|]Ninetales||ChoiceScarf|Drought|FakeTears,SolarBeam,HeatWave,Overheat|Modest||F|||50|]Farigiraf||SitrusBerry|ArmorTail|Protect,TrickRoom,TwinBeam,Thunderbolt|Bold||F|||50|]Basculegion||LifeOrb|Adaptability|Protect,AquaJet,WaveCrash,LastRespects|Adamant||M|||50|]Floette-Eternal||Floettite|FlowerVeil|Protect,LightofRuin,Moonblast,DazzlingGleam|Modest||F|||50|
|showteam|p2|Pyroar||Pyroarite|Unnerve|HeatWave,HyperVoice,SolarBeam,Protect|Timid||F|||50|]Ninetales||ChoiceScarf|Drought|Overheat,SunnyDay,SolarBeam,HeatWave|Timid||F|||50|]Whimsicott||FocusSash|Prankster|Tailwind,Moonblast,SunnyDay,Encore|Modest||M|||50|]Froslass||Froslassite|CursedBody|Blizzard,AuroraVeil,ShadowBall,Protect|Modest||F|||50|]Grimmsnarl||LightClay|Prankster|FakeOut,LightScreen,Reflect,FoulPlay|Careful||M|||50|]Farigiraf||SitrusBerry|ArmorTail|TwinBeam,HelpingHand,HyperVoice,Protect|Modest||M|||50|
|inactive|Battle timer is ON: inactive players will automatically lose when time's up. (requested by Blake_the_Snake)
|inactive|frost1810 also wants the timer to be on.
|inactive|Blake_the_Snake no longer wants the timer on, but the timer is staying on because frost1810 still does.
|inactiveoff|Battle timer is now OFF.
|
|t:|1782211595
|teamsize|p1|4
|teamsize|p2|4
|start
|switch|p1a: Ninetales|Ninetales, L50, F|100/100
|switch|p1b: Pyroar|Pyroar, L50, F|100/100
|switch|p2a: Froslass|Froslass, L50, F|100/100
|switch|p2b: Grimmsnarl|Grimmsnarl, L50, M|100/100
|-ability|p1b: Pyroar|Unnerve
|-weather|SunnyDay|[from] ability: Drought|[of] p1a: Ninetales
|turn|1
|
|t:|1782211629
|switch|p1b: Basculegion|Basculegion, L50, M|100/100
|detailschange|p2a: Froslass|Froslass-Mega, L50, F
|-mega|p2a: Froslass|Froslass|Froslassite
|-weather|Snowscape|[from] ability: Snow Warning|[of] p2a: Froslass
|move|p2b: Grimmsnarl|Fake Out|p1a: Ninetales
|-damage|p1a: Ninetales|83/100
|cant|p1a: Ninetales|flinch
|move|p2a: Froslass|Blizzard|p1a: Ninetales|[spread] p1a,p1b
|-resisted|p1a: Ninetales|1
|-crit|p1a: Ninetales
|-resisted|p1b: Basculegion|1
|-damage|p1a: Ninetales|37/100
|-damage|p1b: Basculegion|76/100
|
|-weather|Snowscape|[upkeep]
|upkeep
|turn|2
|
|t:|1782211688
|switch|p1a: Whimsicott|Whimsicott, L50, M|100/100
|switch|p2b: Whimsicott|Whimsicott, L50, M|100/100
|move|p2a: Froslass|Protect|p2a: Froslass
|-singleturn|p2a: Froslass|Protect
|move|p1b: Basculegion|Wave Crash|p2a: Froslass
|-activate|p2a: Froslass|move: Protect
|
|-weather|Snowscape|[upkeep]
|upkeep
|turn|3
|
|t:|1782211709
|move|p1a: Whimsicott|Tailwind|p1a: Whimsicott
|-sidestart|p1: frost1810|move: Tailwind
|move|p2b: Whimsicott|Tailwind|p2b: Whimsicott
|-sidestart|p2: Blake_the_Snake|move: Tailwind
|move|p2a: Froslass|Shadow Ball|p1b: Basculegion
|-supereffective|p1b: Basculegion|1
|-damage|p1b: Basculegion|0 fnt
|faint|p1b: Basculegion
|
|-weather|Snowscape|[upkeep]
|upkeep
|
|t:|1782211716
|switch|p1b: Ninetales|Ninetales, L50, F|37/100
|-weather|SunnyDay|[from] ability: Drought|[of] p1b: Ninetales
|turn|4
|
|t:|1782211745
|move|p2b: Whimsicott|Encore|p1a: Whimsicott
|-start|p1a: Whimsicott|Encore
|move|p1a: Whimsicott|Tailwind||[still]
|-fail|p1a: Whimsicott
|move|p1b: Ninetales|Heat Wave|p2b: Whimsicott|[spread] p2b
|-miss|p1b: Ninetales|p2a: Froslass
|-supereffective|p2b: Whimsicott|1
|-enditem|p2b: Whimsicott|Focus Sash
|-damage|p2b: Whimsicott|1/100
|move|p2a: Froslass|Shadow Ball|p1b: Ninetales
|-damage|p1b: Ninetales|0 fnt
|faint|p1b: Ninetales
|
|-weather|SunnyDay|[upkeep]
|upkeep
|
|t:|1782211756
|switch|p1b: Pyroar|Pyroar, L50, F|100/100
|-ability|p1b: Pyroar|Unnerve
|turn|5
|c|☆frost1810|what a miss
|
|t:|1782211770
|detailschange|p1b: Pyroar|Pyroar-Mega, L50, F
|-mega|p1b: Pyroar|Pyroar|Pyroarite
|move|p1a: Whimsicott|Tailwind||[still]
|-fail|p1a: Whimsicott
|move|p1b: Pyroar|Heat Wave|p2a: Froslass|[spread] p2a,p2b
|-supereffective|p2a: Froslass|1
|-supereffective|p2b: Whimsicott|1
|-damage|p2a: Froslass|0 fnt
|-damage|p2b: Whimsicott|0 fnt
|faint|p2a: Froslass
|faint|p2b: Whimsicott
|
|-weather|SunnyDay|[upkeep]
|upkeep
|c|☆frost1810|might be game losing
|
|t:|1782211780
|switch|p2a: Farigiraf|Farigiraf, L50, M|100/100
|switch|p2b: Grimmsnarl|Grimmsnarl, L50, M|100/100
|turn|6
|
|t:|1782211789
|move|p1b: Pyroar|Protect|p1b: Pyroar
|-singleturn|p1b: Pyroar|Protect
|move|p2b: Grimmsnarl|Fake Out|p1b: Pyroar
|-activate|p1b: Pyroar|move: Protect
|move|p1a: Whimsicott|Tailwind||[still]
|-fail|p1a: Whimsicott
|move|p2a: Farigiraf|Twin Beam|p1b: Pyroar
|-activate|p1b: Pyroar|move: Protect
|
|-weather|SunnyDay|[upkeep]
|-end|p1a: Whimsicott|Encore
|-sideend|p1: frost1810|move: Tailwind
|-sideend|p2: Blake_the_Snake|move: Tailwind
|upkeep
|turn|7
|j| SoupForSale
|
|t:|1782211813
|move|p2b: Grimmsnarl|Light Screen|p2b: Grimmsnarl
|-sidestart|p2: Blake_the_Snake|move: Light Screen
|move|p1b: Pyroar|Heat Wave|p2b: Grimmsnarl|[spread] p2a,p2b
|-damage|p2a: Farigiraf|52/100
|-damage|p2b: Grimmsnarl|57/100
|-status|p2a: Farigiraf|brn
|move|p1a: Whimsicott|Moonblast|p2b: Grimmsnarl
|-supereffective|p2b: Grimmsnarl|1
|-damage|p2b: Grimmsnarl|21/100
|-unboost|p2b: Grimmsnarl|spa|1
|move|p2a: Farigiraf|Hyper Voice|p1a: Whimsicott|[spread] p1a,p1b
|-damage|p1a: Whimsicott|49/100
|-damage|p1b: Pyroar|61/100
|
|-weather|SunnyDay|[upkeep]
|-damage|p2a: Farigiraf|46/100 brn|[from] brn
|upkeep
|-enditem|p2a: Farigiraf|Sitrus Berry|[eat]
|-heal|p2a: Farigiraf|70/100 brn|[from] item: Sitrus Berry
|turn|8
|
|t:|1782211836
|move|p1b: Pyroar|Heat Wave|p2b: Grimmsnarl|[spread] p2b
|-miss|p1b: Pyroar|p2a: Farigiraf
|-damage|p2b: Grimmsnarl|0 fnt
|faint|p2b: Grimmsnarl
|move|p1a: Whimsicott|Moonblast|p2a: Farigiraf
|-damage|p2a: Farigiraf|51/100 brn
|move|p2a: Farigiraf|Hyper Voice|p1a: Whimsicott|[spread] p1a,p1b
|-damage|p1a: Whimsicott|5/100
|-damage|p1b: Pyroar|23/100
|
|-weather|none
|-damage|p2a: Farigiraf|44/100 brn|[from] brn
|upkeep
|turn|9
|
|t:|1782211847
|move|p1a: Whimsicott|Sunny Day|p1a: Whimsicott
|-weather|SunnyDay
|move|p1b: Pyroar|Overheat|p2a: Farigiraf
|-damage|p2a: Farigiraf|0 fnt
|-unboost|p1b: Pyroar|spa|2
|faint|p2a: Farigiraf
|
|win|frost1810
|c|☆Blake_the_Snake|Ggs
|c|☆frost1810|ggs! was fun mirror match
|l| SoupForSale
|l|☆frost1810
|player|p1|
