|j|☆3-4 worlds
|j|☆sanguis de atun
|html|3-4 worldssanguis de atun    
|uhtml|bestof|Game 1 of a best-of-3
|t:|1785201229
|gametype|doubles
|player|p1|3-4 worlds|emma|1158
|player|p2|sanguis de atun|170|1079
|gen|9
|tier|[Gen 9 Champions] VGC 2026 Reg M-B (Bo3)
|rated|
|rule|Species Clause: Limit one of each Pokémon
|rule|Item Clause: Limit 1 of each item
|clearpoke
|poke|p1|Charizard, L50, F|
|poke|p1|Glimmora, L50, M|
|poke|p1|Ninetales-Alola, L50, M|
|poke|p1|Sylveon, L50, M|
|poke|p1|Kingambit, L50, F|
|poke|p1|Whimsicott, L50, F|
|poke|p2|Mamoswine, L50, M|
|poke|p2|Ninetales-Alola, L50, M|
|poke|p2|Incineroar, L50, M|
|poke|p2|Kingambit, L50, F|
|poke|p2|Glimmora, L50, F|
|poke|p2|Venusaur, L50, M|
|teampreview|4
|showteam|p1|Charizard||CharizarditeY|Blaze|HeatWave,WeatherBall,SolarBeam,Protect|Modest||F|||50|]Glimmora||Glimmoranite|ToxicDebris|SludgeBomb,PowerGem,EarthPower,SpikyShield|Modest||M|||50|]Ninetales-Alola||NeverMeltIce|SnowWarning|Blizzard,FreezeDry,Disable,Protect|Timid||M|||50|]Sylveon||FairyFeather|Pixilate|HyperVoice,HyperBeam,QuickAttack,Detect|Modest||M|||50|]Kingambit||BlackGlasses|Defiant|KowtowCleave,IronHead,SuckerPunch,Protect|Adamant||F|||50|]Whimsicott||FocusSash|Prankster|Moonblast,Tailwind,Encore,Protect|Timid||F|||50|
|showteam|p2|Mamoswine||LifeOrb|Oblivious|IceShard,IcicleCrash,Earthquake,Protect|Jolly||M|||50|]Ninetales-Alola||LightClay|SnowWarning|AuroraVeil,Blizzard,Moonblast,IcyWind|Timid||M|||50|]Incineroar||SitrusBerry|Intimidate|PartingShot,FakeOut,FlareBlitz,DarkestLariat|Adamant||M|||50|]Kingambit||FocusSash|Defiant|IronHead,KowtowCleave,Protect,SuckerPunch|Brave||F|||50|]Glimmora||Glimmoranite|ToxicDebris|SludgeBomb,PowerGem,SpikyShield,EarthPower|Timid||F|||50|]Venusaur||Venusaurite|Chlorophyll|LeechSeed,Protect,GigaDrain,SludgeBomb|Modest||M|||50|
|inactive|Battle timer is ON: inactive players will automatically lose when time's up. (requested by 3-4 worlds)
|inactive|3-4 worlds has 60 seconds left.
|
|t:|1785201271
|teamsize|p1|4
|teamsize|p2|4
|start
|switch|p1a: Whimsicott|Whimsicott, L50, F|100/100
|switch|p1b: Ninetales|Ninetales-Alola, L50, M|100/100
|switch|p2a: Incineroar|Incineroar, L50, M|100/100
|switch|p2b: Glimmora|Glimmora, L50, F|100/100
|-weather|Snowscape|[from] ability: Snow Warning|[of] p1b: Ninetales
|-ability|p2a: Incineroar|Intimidate|boost
|-unboost|p1a: Whimsicott|atk|1
|-unboost|p1b: Ninetales|atk|1
|turn|1
|
|t:|1785201288
|detailschange|p2b: Glimmora|Glimmora-Mega, L50, F
|-mega|p2b: Glimmora|Glimmora|Glimmoranite
|move|p1a: Whimsicott|Protect|p1a: Whimsicott
|-singleturn|p1a: Whimsicott|Protect
|move|p1b: Ninetales|Protect|p1b: Ninetales
|-singleturn|p1b: Ninetales|Protect
|move|p2a: Incineroar|Fake Out|p1b: Ninetales
|-activate|p1b: Ninetales|move: Protect
|move|p2b: Glimmora|Sludge Bomb|p1b: Ninetales
|-activate|p1b: Ninetales|move: Protect
|
|-weather|Snowscape|[upkeep]
|upkeep
|turn|2
|
|t:|1785201304
|move|p1a: Whimsicott|Tailwind|p1a: Whimsicott
|-sidestart|p1: 3-4 worlds|move: Tailwind
|move|p1b: Ninetales|Disable|p2b: Glimmora
|-start|p2b: Glimmora|Disable|Sludge Bomb
|cant|p2b: Glimmora|Disable|Sludge Bomb
|move|p2a: Incineroar|Flare Blitz|p1a: Whimsicott
|-supereffective|p1a: Whimsicott|1
|-crit|p1a: Whimsicott
|-enditem|p1a: Whimsicott|Focus Sash
|-damage|p1a: Whimsicott|1/100
|-damage|p2a: Incineroar|76/100|[from] Recoil
|
|-weather|Snowscape|[upkeep]
|upkeep
|turn|3
|
|t:|1785201319
|move|p2b: Glimmora|Spiky Shield|p2b: Glimmora
|-singleturn|p2b: Glimmora|move: Protect
|move|p1a: Whimsicott|Moonblast|p2a: Incineroar
|-damage|p2a: Incineroar|47/100
|-enditem|p2a: Incineroar|Sitrus Berry|[eat]
|-heal|p2a: Incineroar|72/100|[from] item: Sitrus Berry
|move|p1b: Ninetales|Blizzard|p2b: Glimmora|[spread] p2a
|-activate|p2b: Glimmora|move: Protect
|-resisted|p2a: Incineroar|1
|-damage|p2a: Incineroar|55/100
|move|p2a: Incineroar|Flare Blitz|p1b: Ninetales
|-supereffective|p1b: Ninetales|1
|-damage|p1b: Ninetales|0 fnt
|faint|p1b: Ninetales
|-damage|p2a: Incineroar|29/100|[from] Recoil
|
|-weather|Snowscape|[upkeep]
|upkeep
|
|t:|1785201326
|switch|p1b: Glimmora|Glimmora, L50, M|100/100
|turn|4
|
|t:|1785201349
|switch|p2b: Mamoswine|Mamoswine, L50, M|100/100
|detailschange|p1b: Glimmora|Glimmora-Mega, L50, M
|-mega|p1b: Glimmora|Glimmora|Glimmoranite
|move|p1a: Whimsicott|Moonblast|p2a: Incineroar
|-damage|p2a: Incineroar|0 fnt
|faint|p2a: Incineroar
|move|p1b: Glimmora|Earth Power|p2b: Mamoswine
|-damage|p2b: Mamoswine|46/100
|
|-weather|Snowscape|[upkeep]
|upkeep
|
|t:|1785201361
|switch|p2a: Glimmora|Glimmora-Mega, L50, F|100/100
|turn|5
|
|t:|1785201385
|move|p2a: Glimmora|Spiky Shield|p2a: Glimmora
|-singleturn|p2a: Glimmora|move: Protect
|move|p2b: Mamoswine|Ice Shard|p1a: Whimsicott
|-supereffective|p1a: Whimsicott|1
|-damage|p1a: Whimsicott|0 fnt
|faint|p1a: Whimsicott
|-damage|p2b: Mamoswine|36/100|[from] item: Life Orb
|move|p1b: Glimmora|Earth Power|p2a: Glimmora
|-activate|p2a: Glimmora|move: Protect
|
|-weather|none
|-sideend|p1: 3-4 worlds|move: Tailwind
|upkeep
|
|t:|1785201389
|switch|p1a: Sylveon|Sylveon, L50, M|100/100
|turn|6
|
|t:|1785201405
|move|p2b: Mamoswine|Protect|p2b: Mamoswine
|-singleturn|p2b: Mamoswine|Protect
|move|p2a: Glimmora|Earth Power|p1b: Glimmora
|-supereffective|p1b: Glimmora|2
|-damage|p1b: Glimmora|0 fnt
|faint|p1b: Glimmora
|move|p1a: Sylveon|Hyper Voice|p2a: Glimmora|[spread] p2a
|-activate|p2b: Mamoswine|move: Protect
|-resisted|p2a: Glimmora|1
|-damage|p2a: Glimmora|73/100
|
|upkeep
|turn|7
|
|t:|1785201417
|move|p2a: Glimmora|Sludge Bomb|p1a: Sylveon
|-supereffective|p1a: Sylveon|1
|-damage|p1a: Sylveon|0 fnt
|faint|p1a: Sylveon
|
|win|sanguis de atun
||sanguis de atun is ready for game 2.
||3-4 worlds is ready for game 2.
|uhtml|next|Next: Game 2 of 3
