|j|☆incartamene2etti
|j|☆Typ.Null07
|html|incartamene2ettiTyp.Null07    
|uhtml|bestof|Game 2 of a best-of-3
|t:|1755205406
|gametype|doubles
|player|p1|incartamene2etti|plasmagrunt|1219
|player|p2|Typ.Null07|lucas|1237
|gen|9
|tier|[Gen 9] VGC 2025 Reg H (Bo3)
|rated|
|rule|Species Clause: Limit one of each Pokémon
|rule|Item Clause: Limit 1 of each item
|clearpoke
|poke|p1|Pelipper, L50, F|
|poke|p1|Archaludon, L50, M|
|poke|p1|Basculegion, L50, M|
|poke|p1|Amoonguss, L50, F|
|poke|p1|Incineroar, L50, M|
|poke|p1|Gholdengo, L50|
|poke|p2|Volcarona, L50, M|
|poke|p2|Rillaboom, L50, M|
|poke|p2|Ursaluna, L50, F|
|poke|p2|Dragapult, L50, F|
|poke|p2|Farigiraf, L50, M|
|poke|p2|Incineroar, L50, M|
|teampreview|4
|showteam|p1|Pelipper||FocusSash|Drizzle|WeatherBall,Hurricane,Tailwind,Protect|||F|||50|,,,,,Ghost]Archaludon||AssaultVest|Stamina|ElectroShot,DragonPulse,BodyPress,FlashCannon|||M|||50|,,,,,Grass]Basculegion||ChoiceBand|SwiftSwim|WaveCrash,AquaJet,LastRespects,FlipTurn|||M|||50|,,,,,Water]Amoonguss||SitrusBerry|Regenerator|Spore,Protect,RagePowder,PollenPuff|||F|||50|,,,,,Fairy]Incineroar||SafetyGoggles|Intimidate|FakeOut,Taunt,PartingShot,KnockOff|||M|||50|,,,,,Ghost]Gholdengo||LifeOrb|GoodasGold|MakeItRain,ShadowBall,NastyPlot,Protect||||||50|,,,,,Water
|showteam|p2|Volcarona||GrassySeed|FlameBody|FieryDance,GigaDrain,QuiverDance,Protect|||M|||50|,,,,,Grass]Rillaboom||AssaultVest|GrassySurge|DrumBeating,GrassyGlide,Uturn,FakeOut|||M|||50|,,,,,Fire]Ursaluna||FlameOrb|Guts|Facade,HeadlongRush,Substitute,Protect|||F|||50|,,,,,Ghost]Dragapult||ChoiceBand|ClearBody|DragonDarts,PhantomForce,Outrage,Uturn|||F|||50|,,,,,Dragon]Farigiraf||ThroatSpray|ArmorTail|HyperVoice,Psychic,Roar,TrickRoom|||M|||50|,,,,,Water]Incineroar||AguavBerry|Intimidate|FlareBlitz,KnockOff,FakeOut,PartingShot|||M|||50|,,,,,Water
|inactive|Battle timer is ON: inactive players will automatically lose when time's up. (requested by Typ.Null07)
|inactive|incartamene2etti has 60 seconds left.
|
|t:|1755205439
|teamsize|p1|4
|teamsize|p2|4
|start
|switch|p1a: Pelipper|Pelipper, L50, F|100/100
|switch|p1b: Basculegion|Basculegion, L50, M|100/100
|switch|p2a: Volcarona|Volcarona, L50, M|100/100
|switch|p2b: Rillaboom|Rillaboom, L50, M|100/100
|-weather|RainDance|[from] ability: Drizzle|[of] p1a: Pelipper
|-fieldstart|move: Grassy Terrain|[from] ability: Grassy Surge|[of] p2b: Rillaboom
|-enditem|p2a: Volcarona|Grassy Seed
|-boost|p2a: Volcarona|def|1|[from] item: Grassy Seed
|turn|1
|
|t:|1755205456
|-terastallize|p2a: Volcarona|Grass
|-terastallize|p1a: Pelipper|Ghost
|move|p1b: Basculegion|Flip Turn|p2b: Rillaboom
|-resisted|p2b: Rillaboom
|-damage|p2b: Rillaboom|70/100
|
|t:|1755205463
|switch|p1b: Archaludon|Archaludon, L50, M|100/100|[from] Flip Turn
|move|p2a: Volcarona|Quiver Dance|p2a: Volcarona
|-boost|p2a: Volcarona|spa|1
|-boost|p2a: Volcarona|spd|1
|-boost|p2a: Volcarona|spe|1
|move|p1a: Pelipper|Hurricane|p2a: Volcarona
|-supereffective|p2a: Volcarona
|-damage|p2a: Volcarona|41/100
|move|p2b: Rillaboom|U-turn|p1a: Pelipper
|-resisted|p1a: Pelipper
|-damage|p1a: Pelipper|87/100
|
|t:|1755205474
|switch|p2b: Farigiraf|Farigiraf, L50, M|100/100|[from] U-turn
|
|-weather|RainDance|[upkeep]
|-heal|p2a: Volcarona|47/100|[from] Grassy Terrain
|-heal|p1a: Pelipper|92/100|[from] Grassy Terrain
|upkeep
|turn|2
|inactive|incartamene2etti has 30 seconds left.
|
|t:|1755205508
|switch|p1b: Gholdengo|Gholdengo, L50|100/100
|move|p1a: Pelipper|Protect|p1a: Pelipper
|-singleturn|p1a: Pelipper|Protect
|move|p2a: Volcarona|Giga Drain|p1a: Pelipper
|-activate|p1a: Pelipper|move: Protect
|move|p2b: Farigiraf|Roar|p1b: Gholdengo
|-immune|p1b: Gholdengo|[from] ability: Good as Gold
|
|-weather|RainDance|[upkeep]
|-heal|p2a: Volcarona|54/100|[from] Grassy Terrain
|-heal|p1a: Pelipper|98/100|[from] Grassy Terrain
|upkeep
|turn|3
|
|t:|1755205533
|switch|p1a: Archaludon|Archaludon, L50, M|100/100
|move|p2a: Volcarona|Giga Drain|p1a: Archaludon
|-resisted|p1a: Archaludon
|-damage|p1a: Archaludon|86/100
|-heal|p2a: Volcarona|61/100|[from] drain|[of] p1a: Archaludon
|-ability|p1a: Archaludon|Stamina|boost
|-boost|p1a: Archaludon|def|1
|move|p1b: Gholdengo|Nasty Plot|p1b: Gholdengo
|-boost|p1b: Gholdengo|spa|2
|move|p2b: Farigiraf|Roar|p1a: Archaludon
|-enditem|p2b: Farigiraf|Throat Spray
|-boost|p2b: Farigiraf|spa|1|[from] item: Throat Spray
|drag|p1a: Basculegion|Basculegion, L50, M|100/100
|
|-weather|RainDance|[upkeep]
|-heal|p2a: Volcarona|67/100|[from] Grassy Terrain
|upkeep
|turn|4
|inactive|incartamene2etti has 30 seconds left.
|inactive|incartamene2etti has 20 seconds left.
|inactive|incartamene2etti has 15 seconds left.
|
|t:|1755205577
|switch|p1a: Archaludon|Archaludon, L50, M|86/100
|move|p2a: Volcarona|Protect|p2a: Volcarona
|-singleturn|p2a: Volcarona|Protect
|move|p1b: Gholdengo|Shadow Ball|p2a: Volcarona
|-activate|p2a: Volcarona|move: Protect
|move|p2b: Farigiraf|Psychic|p1a: Archaludon
|-resisted|p1a: Archaludon
|-damage|p1a: Archaludon|66/100
|-ability|p1a: Archaludon|Stamina|boost
|-boost|p1a: Archaludon|def|1
|
|-weather|RainDance|[upkeep]
|-heal|p2a: Volcarona|73/100|[from] Grassy Terrain
|-heal|p1a: Archaludon|72/100|[from] Grassy Terrain
|upkeep
|turn|5
|inactive|incartamene2etti has 30 seconds left.
|inactive|Typ.Null07 has 30 seconds left.
|inactive|incartamene2etti has 20 seconds left.
|inactive|Typ.Null07 has 20 seconds left.
|
|t:|1755205616
|move|p2a: Volcarona|Fiery Dance|p1b: Gholdengo
|-supereffective|p1b: Gholdengo
|-damage|p1b: Gholdengo|30/100
|-boost|p2a: Volcarona|spa|1
|move|p1b: Gholdengo|Shadow Ball|p2a: Volcarona
|-damage|p2a: Volcarona|6/100
|-damage|p1b: Gholdengo|20/100|[from] item: Life Orb
|move|p1a: Archaludon|Dragon Pulse|p2a: Volcarona
|-damage|p2a: Volcarona|0 fnt
|faint|p2a: Volcarona
|move|p2b: Farigiraf|Trick Room|p2b: Farigiraf
|-fieldstart|move: Trick Room|[of] p2b: Farigiraf
|
|-weather|none
|-heal|p1a: Archaludon|78/100|[from] Grassy Terrain
|-heal|p1b: Gholdengo|27/100|[from] Grassy Terrain
|-fieldend|move: Grassy Terrain
|upkeep
|
|t:|1755205629
|switch|p2a: Ursaluna|Ursaluna, L50, F|100/100
|turn|6
|inactive|incartamene2etti has 30 seconds left.
|inactive|incartamene2etti has 20 seconds left.
|
|t:|1755205670
|move|p2a: Ursaluna|Protect|p2a: Ursaluna
|-singleturn|p2a: Ursaluna|Protect
|move|p2b: Farigiraf|Psychic|p1b: Gholdengo
|-resisted|p1b: Gholdengo
|-damage|p1b: Gholdengo|0 fnt
|faint|p1b: Gholdengo
|move|p1a: Archaludon|Body Press|p2b: Farigiraf
|-damage|p2b: Farigiraf|61/100
|
|-status|p2a: Ursaluna|brn|[from] item: Flame Orb
|upkeep
|
|t:|1755205686
|switch|p1b: Pelipper|Pelipper, L50, F, tera:Ghost|98/100
|-weather|RainDance|[from] ability: Drizzle|[of] p1b: Pelipper
|turn|7
|inactive|incartamene2etti has 30 seconds left.
|
|t:|1755205719
|move|p2a: Ursaluna|Headlong Rush|p1a: Archaludon
|-supereffective|p1a: Archaludon
|-damage|p1a: Archaludon|0 fnt
|-unboost|p2a: Ursaluna|def|1
|-unboost|p2a: Ursaluna|spd|1
|faint|p1a: Archaludon
|move|p2b: Farigiraf|Psychic|p1b: Pelipper
|-damage|p1b: Pelipper|0 fnt
|faint|p1b: Pelipper
|
|-weather|RainDance|[upkeep]
|-damage|p2a: Ursaluna|95/100 brn|[from] brn
|upkeep
|-message|incartamene2etti forfeited.
|
|win|Typ.Null07
|raw|incartamene2etti's rating: 1219 → 1195(-24 for losing)
|raw|Typ.Null07's rating: 1237 → 1261(+24 for winning)
|c|☆Typ.Null07|ggwp
|c|☆incartamene2etti|gg
