|j|☆kaosman94
|j|☆tulpeon
|html|kaosman94tulpeon    
|uhtml|bestof|Game 2 of a best-of-3
|t:|1756315401
|gametype|doubles
|player|p1|kaosman94|lucas|1057
|player|p2|tulpeon|hilda|1049
|gen|9
|tier|[Gen 9] VGC 2025 Reg H (Bo3)
|rated|
|rule|Species Clause: Limit one of each Pokémon
|rule|Item Clause: Limit 1 of each item
|clearpoke
|poke|p1|Amoonguss, L50, M|
|poke|p1|Sneasler, L50, F|
|poke|p1|Gholdengo, L50|
|poke|p1|Incineroar, L50, M|
|poke|p1|Ursaluna-Bloodmoon, L50, M|
|poke|p1|Dragonite, L50, F|
|poke|p2|Archaludon, L50, M|
|poke|p2|Pelipper, L50, M|
|poke|p2|Grimmsnarl, L50, M|
|poke|p2|Amoonguss, L50, M|
|poke|p2|Basculegion, L50, M|
|poke|p2|Incineroar, L50, M|
|teampreview|4
|showteam|p1|Amoonguss||SitrusBerry|Regenerator|RagePowder,Spore,PollenPuff,Protect|||M|||50|,,,,,Psychic]Sneasler||FocusSash|Unburden|Protect,DireClaw,CloseCombat,ThroatChop|||F|||50|,,,,,Stellar]Gholdengo||LifeOrb|GoodasGold|Protect,MakeItRain,ShadowBall,NastyPlot||||||50|,,,,,Water]Incineroar||SafetyGoggles|Intimidate|KnockOff,PartingShot,FlareBlitz,FakeOut|||M|||50|,,,,,Ghost]Ursaluna-Bloodmoon||AssaultVest|MindsEye|BloodMoon,EarthPower,VacuumWave,HyperVoice|||M|||50|,,,,,Water]Dragonite||LoadedDice|Multiscale|ScaleShot,Tailwind,Haze,Protect|||F|||50|,,,,,Fairy
|showteam|p2|Archaludon||AssaultVest|Stamina|ElectroShot,BodyPress,FlashCannon,DracoMeteor|||M|||50|,,,,,Flying]Pelipper||FocusSash|Drizzle|Tailwind,Hurricane,WeatherBall,Protect|||M|||50|,,,,,Ghost]Grimmsnarl||LightClay|Prankster|PartingShot,SpiritBreak,LightScreen,Reflect|||M|||50|,,,,,Steel]Amoonguss||RockyHelmet|Regenerator|PollenPuff,RagePowder,Spore,Protect|||M|||50|,,,,,Dark]Basculegion||ChoiceBand|Adaptability|WaveCrash,LastRespects,FlipTurn,TeraBlast|||M|||50|,,,,,Stellar]Incineroar||SafetyGoggles|Intimidate|FakeOut,PartingShot,KnockOff,FlareBlitz|||M|||50|,,,,,Ghost
|
|t:|1756315419
|teamsize|p1|4
|teamsize|p2|4
|start
|switch|p1a: 8|Sneasler, L50, F|100/100
|switch|p1b: Say Cheese|Gholdengo, L50|100/100
|switch|p2a: Grimmsnarl|Grimmsnarl, L50, M|100/100
|switch|p2b: Amoonguss|Amoonguss, L50, M, shiny|100/100
|turn|1
|
|t:|1756315442
|switch|p1a: zzzzzzz|Amoonguss, L50, M|100/100
|move|p2a: Grimmsnarl|Parting Shot|p1a: zzzzzzz
|-unboost|p1a: zzzzzzz|atk|1
|-unboost|p1a: zzzzzzz|spa|1
|
|t:|1756315449
|switch|p2a: la poste|Pelipper, L50, M|100/100|[from] Parting Shot
|-weather|RainDance|[from] ability: Drizzle|[of] p2a: la poste
|move|p1b: Say Cheese|Nasty Plot|p1b: Say Cheese
|-boost|p1b: Say Cheese|spa|2
|move|p2b: Amoonguss|Spore|p1a: zzzzzzz
|-immune|p1a: zzzzzzz
|
|-weather|RainDance|[upkeep]
|upkeep
|turn|2
|
|t:|1756315467
|move|p1b: Say Cheese|Shadow Ball|p2a: la poste
|-enditem|p2a: la poste|Focus Sash
|-damage|p2a: la poste|1/100
|-damage|p1b: Say Cheese|91/100|[from] item: Life Orb
|move|p2a: la poste|Tailwind|p2a: la poste
|-sidestart|p2: tulpeon|move: Tailwind
|move|p2b: Amoonguss|Pollen Puff|p2a: la poste
|-heal|p2a: la poste|51/100
|move|p1a: zzzzzzz|Spore|p2a: la poste
|-status|p2a: la poste|slp|[from] move: Spore
|
|-weather|RainDance|[upkeep]
|upkeep
|turn|3
|
|t:|1756315494
|cant|p2a: la poste|slp
|move|p1b: Say Cheese|Make It Rain|p2b: Amoonguss|[spread] p2a,p2b
|-resisted|p2a: la poste
|-damage|p2a: la poste|0 fnt
|-damage|p2b: Amoonguss|6/100
|-unboost|p1b: Say Cheese|spa|1
|faint|p2a: la poste
|-damage|p1b: Say Cheese|82/100|[from] item: Life Orb
|move|p2b: Amoonguss|Pollen Puff|p1a: zzzzzzz
|-damage|p1a: zzzzzzz|85/100
|move|p1a: zzzzzzz|Spore|p2b: Amoonguss
|-immune|p2b: Amoonguss
|
|-weather|RainDance|[upkeep]
|upkeep
|
|t:|1756315511
|switch|p2a: Grimmsnarl|Grimmsnarl, L50, M|100/100
|turn|4
|
|t:|1756315531
|-terastallize|p2a: Grimmsnarl|Steel
|move|p2a: Grimmsnarl|Light Screen|p2a: Grimmsnarl
|-sidestart|p2: tulpeon|move: Light Screen
|move|p1b: Say Cheese|Make It Rain|p2a: Grimmsnarl|[spread] p2a,p2b
|-resisted|p2a: Grimmsnarl
|-damage|p2a: Grimmsnarl|76/100
|-damage|p2b: Amoonguss|0 fnt
|-unboost|p1b: Say Cheese|spa|1
|faint|p2b: Amoonguss
|-damage|p1b: Say Cheese|72/100|[from] item: Life Orb
|move|p1a: zzzzzzz|Pollen Puff|p1b: Say Cheese
|-heal|p1b: Say Cheese|100/100
|
|-weather|RainDance|[upkeep]
|upkeep
|
|t:|1756315544
|switch|p2b: Basculegion|Basculegion, L50, M, shiny|100/100
|turn|5
|
|t:|1756315558
|move|p1b: Say Cheese|Protect|p1b: Say Cheese
|-singleturn|p1b: Say Cheese|Protect
|move|p2b: Basculegion|Last Respects|p1b: Say Cheese
|-activate|p1b: Say Cheese|move: Protect
|move|p2a: Grimmsnarl|Spirit Break|p1b: Say Cheese
|-activate|p1b: Say Cheese|move: Protect
|move|p1a: zzzzzzz|Spore|p2b: Basculegion
|-status|p2b: Basculegion|slp|[from] move: Spore
|
|-weather|none
|-sideend|p2: tulpeon|move: Tailwind
|upkeep
|turn|6
|
|t:|1756315579
|switch|p1a: 8|Sneasler, L50, F|100/100
|move|p1b: Say Cheese|Shadow Ball|p2b: Basculegion
|-supereffective|p2b: Basculegion
|-damage|p2b: Basculegion|28/100 slp
|-damage|p1b: Say Cheese|91/100|[from] item: Life Orb
|cant|p2b: Basculegion|slp
|move|p2a: Grimmsnarl|Spirit Break|p1b: Say Cheese
|-resisted|p1b: Say Cheese
|-damage|p1b: Say Cheese|75/100
|-unboost|p1b: Say Cheese|spa|1
|
|upkeep
|turn|7
|
|t:|1756315598
|-terastallize|p1a: 8|Stellar
|move|p1a: 8|Close Combat|p2a: Grimmsnarl
|-supereffective|p2a: Grimmsnarl
|-damage|p2a: Grimmsnarl|0 fnt
|-unboost|p1a: 8|def|1
|-unboost|p1a: 8|spd|1
|faint|p2a: Grimmsnarl
|move|p1b: Say Cheese|Shadow Ball|p2b: Basculegion
|-supereffective|p2b: Basculegion
|-damage|p2b: Basculegion|0 fnt
|faint|p2b: Basculegion
|-damage|p1b: Say Cheese|65/100|[from] item: Life Orb
|
|win|kaosman94
||tulpeon is ready for game 3.
|inactive|kaosman94 has 30 seconds to confirm battle start!
||kaosman94 is ready for game 3.
|uhtml|next|Next: Game 3 of 3
