|j|☆dragapultintin
|j|☆marcosdeltasena31
|html|dragapultintinmarcosdeltasena31    
|uhtml|bestof|Game 1 of a best-of-3
|t:|1785967297
|gametype|doubles
|player|p1|dragapultintin|ethan-gen2|1135
|player|p2|marcosdeltasena31|hilbert|1273
|gen|9
|tier|[Gen 9 Champions] VGC 2026 Reg M-B (Bo3)
|rated|
|rule|Species Clause: Limit one of each Pokémon
|rule|Item Clause: Limit 1 of each item
|clearpoke
|poke|p1|Staraptor, L50, M|
|poke|p1|Raichu, L50, F, shiny|
|poke|p1|Sylveon, L50, F|
|poke|p1|Farigiraf, L50, F, shiny|
|poke|p1|Arcanine-Hisui, L50, M, shiny|
|poke|p1|Kingambit, L50, M|
|poke|p2|Charizard, L50, M, shiny|
|poke|p2|Raichu, L50, F|
|poke|p2|Sylveon, L50, F|
|poke|p2|Whimsicott, L50, F|
|poke|p2|Garchomp, L50, M|
|poke|p2|Kingambit, L50, F|
|teampreview|4
|showteam|p1|Staraptor||Staraptite|Intimidate|Tailwind,Protect,CloseCombat,DualWingbeat|Jolly||M|||50|]Raichu||RaichuniteY|LightningRod|FakeOut,ZapCannon,FocusBlast,Protect|Timid||F|||50|]Sylveon||FairyFeather|Pixilate|Detect,HyperVoice,QuickAttack,HyperBeam|Modest||F|||50|]Farigiraf||SitrusBerry|ArmorTail|Psychic,TrickRoom,HelpingHand,Protect|Calm||F|||50|]Arcanine-Hisui||FocusSash|RockHead|Protect,ExtremeSpeed,HeadSmash,FlareBlitz|Jolly||M|||50|]Kingambit||LifeOrb|Defiant|Protect,KowtowCleave,SwordsDance,SuckerPunch|Adamant||M|||50|
|showteam|p2|Charizard||CharizarditeY|Blaze|HeatWave,WeatherBall,SolarBeam,Protect|Modest||M|||50|]Raichu||RaichuniteY|LightningRod|ZapCannon,FocusBlast,FakeOut,Protect|Timid||F|||50|]Sylveon||FairyFeather|Pixilate|HyperVoice,HyperBeam,QuickAttack,Protect|Modest||F|||50|]Whimsicott||FocusSash|Prankster|Moonblast,Tailwind,Encore,Protect|Timid||F|||50|]Garchomp||LifeOrb|RoughSkin|RockSlide,DragonClaw,Earthquake,Protect|Jolly||M|||50|]Kingambit||ChopleBerry|Defiant|KowtowCleave,IronHead,SuckerPunch,LowKick|Adamant||F|||50|
|inactive|Battle timer is ON: inactive players will automatically lose when time's up. (requested by dragapultintin)
|inactive|dragapultintin has 60 seconds left.
|
|t:|1785967328
|teamsize|p1|4
|teamsize|p2|4
|start
|switch|p1a: Raichu|Raichu, L50, F, shiny|100/100
|switch|p1b: Kingambit|Kingambit, L50, M|100/100
|switch|p2a: Charizard|Charizard, L50, M, shiny|100/100
|switch|p2b: Whimsicott|Whimsicott, L50, F|100/100
|turn|1
|
|t:|1785967349
|switch|p2a: Kingambit|Kingambit, L50, F|100/100
|move|p1a: Raichu|Fake Out|p2a: Kingambit
|-resisted|p2a: Kingambit|1
|-damage|p2a: Kingambit|97/100
|move|p2b: Whimsicott|Moonblast|p1b: Kingambit
|-damage|p1b: Kingambit|62/100
|-unboost|p1b: Kingambit|spa|1
|-ability|p1b: Kingambit|Defiant|boost
|-boost|p1b: Kingambit|atk|2
|move|p1b: Kingambit|Swords Dance|p1b: Kingambit
|-boost|p1b: Kingambit|atk|2
|
|upkeep
|turn|2
|
|t:|1785967364
|detailschange|p1a: Raichu|Raichu-Mega-Y, L50, F, shiny
|-mega|p1a: Raichu|Raichu|Raichunite Y
|move|p1b: Kingambit|Protect|p1b: Kingambit
|-singleturn|p1b: Kingambit|Protect
|move|p2b: Whimsicott|Encore|p1a: Raichu
|-start|p1a: Raichu|Encore
|move|p1a: Raichu|Fake Out||[still]
|-hint|Fake Out only works on your first turn out.
|-fail|p1a: Raichu
|move|p2a: Kingambit|Low Kick|p1b: Kingambit
|-activate|p1b: Kingambit|move: Protect
|
|upkeep
|turn|3
|
|t:|1785967381
|move|p2b: Whimsicott|Tailwind|p2b: Whimsicott
|-sidestart|p2: marcosdeltasena31|move: Tailwind
|move|p1b: Kingambit|Sucker Punch|p2a: Kingambit
|-resisted|p2a: Kingambit|1
|-damage|p2a: Kingambit|46/100
|-damage|p1b: Kingambit|52/100|[from] item: Life Orb
|-activate|p1a: Raichu|move: Struggle
|move|p1a: Raichu|Struggle|p2a: Kingambit
|-damage|p2a: Kingambit|39/100
|-damage|p1a: Raichu|74/100|[from] recoil
|move|p2a: Kingambit|Low Kick|p1b: Kingambit
|-supereffective|p1b: Kingambit|2
|-damage|p1b: Kingambit|0 fnt
|faint|p1b: Kingambit
|
|upkeep
|
|t:|1785967385
|switch|p1b: Arcanine|Arcanine-Hisui, L50, M, shiny|100/100
|turn|4
|
|t:|1785967398
|switch|p1a: Farigiraf|Farigiraf, L50, F, shiny|100/100
|switch|p2a: Garchomp|Garchomp, L50, M|100/100
|move|p2b: Whimsicott|Moonblast|p1a: Farigiraf
|-damage|p1a: Farigiraf|74/100
|move|p1b: Arcanine|Flare Blitz|p2a: Garchomp
|-resisted|p2a: Garchomp|1
|-damage|p2a: Garchomp|72/100
|-damage|p1b: Arcanine|87/100|[from] ability: Rough Skin|[of] p2a: Garchomp
|
|upkeep
|turn|5
|
|t:|1785967413
|move|p1b: Arcanine|Protect|p1b: Arcanine
|-singleturn|p1b: Arcanine|Protect
|move|p2b: Whimsicott|Moonblast|p1a: Farigiraf
|-damage|p1a: Farigiraf|45/100
|-enditem|p1a: Farigiraf|Sitrus Berry|[eat]
|-heal|p1a: Farigiraf|70/100|[from] item: Sitrus Berry
|move|p2a: Garchomp|Earthquake|p1b: Arcanine|[spread] p2b,p1a
|-activate|p1b: Arcanine|move: Protect
|-resisted|p2b: Whimsicott|1
|-damage|p2b: Whimsicott|61/100
|-damage|p1a: Farigiraf|19/100
|-damage|p2a: Garchomp|63/100|[from] item: Life Orb
|move|p1a: Farigiraf|Trick Room|p1a: Farigiraf
|-fieldstart|move: Trick Room|[of] p1a: Farigiraf
|
|upkeep
|turn|6
|
|t:|1785967423
|move|p1a: Farigiraf|Psychic|p2a: Garchomp
|-damage|p2a: Garchomp|28/100
|-unboost|p2a: Garchomp|spd|1
|move|p1b: Arcanine|Head Smash|p2a: Garchomp|[miss]
|-miss|p1b: Arcanine|p2a: Garchomp
|move|p2a: Garchomp|Earthquake|p1a: Farigiraf|[spread] p2b,p1a,p1b
|-resisted|p2b: Whimsicott|1
|-supereffective|p1b: Arcanine|2
|-damage|p2b: Whimsicott|24/100
|-damage|p1a: Farigiraf|0 fnt
|-damage|p1b: Arcanine|0 fnt
|faint|p1a: Farigiraf
|faint|p1b: Arcanine
|-damage|p2a: Garchomp|18/100|[from] item: Life Orb
|move|p2b: Whimsicott|Moonblast|p1: Farigiraf|[notarget]
|-fail|p2b: Whimsicott
|
|-sideend|p2: marcosdeltasena31|move: Tailwind
|upkeep
|-message|dragapultintin forfeited.
|
|win|marcosdeltasena31
||marcosdeltasena31 is ready for game 2.
||dragapultintin is ready for game 2.
|uhtml|next|Next: Game 2 of 3
|l|☆marcosdeltasena31
|player|p2|
