|j|☆Frakub
|j|☆bluezephyr7
|html|Frakubbluezephyr7    
|uhtml|bestof|Game 1 of a best-of-3
|t:|1784206673
|gametype|doubles
|player|p1|Frakub|acetrainer-gen4dp|1072
|player|p2|bluezephyr7|169|1017
|gen|9
|tier|[Gen 9 Champions] VGC 2026 Reg M-B (Bo3)
|rated|
|rule|Species Clause: Limit one of each Pokémon
|rule|Item Clause: Limit 1 of each item
|clearpoke
|poke|p1|Mawile, L50, F|
|poke|p1|Torkoal, L50, M|
|poke|p1|Farigiraf, L50, F|
|poke|p1|Incineroar, L50, M|
|poke|p1|Sinistcha, L50|
|poke|p1|Kingambit, L50, M|
|poke|p2|Starmie, L50|
|poke|p2|Noivern, L50, F|
|poke|p2|Liepard, L50, M|
|poke|p2|Scovillain, L50, M|
|poke|p2|Krookodile, L50, F|
|poke|p2|Falinks, L50, shiny|
|teampreview|4
|showteam|p1|Mawile||Mawilite|Intimidate|PlayRough,IronHead,RockSlide,Protect|Brave||F|||50|]Torkoal||Charcoal|Drought|Eruption,HeatWave,SolarBeam,Protect|Quiet||M|||50|]Farigiraf||SitrusBerry|ArmorTail|TwinBeam,Thunderbolt,HelpingHand,TrickRoom|Relaxed||F|||50|]Incineroar||PasshoBerry|Intimidate|FlareBlitz,ThroatChop,PartingShot,FakeOut|Relaxed||M|||50|]Sinistcha||OccaBerry|Hospitality|MatchaGotcha,RagePowder,TrickRoom,Protect|Bold|||||50|]Kingambit||BlackGlasses|Defiant|KowtowCleave,SuckerPunch,SwordsDance,Protect|Adamant||M|||50|
|showteam|p2|Starmie||Starminite|Illuminate|Liquidation,PsychoCut,AquaJet,Protect|Adamant|||||50|]Noivern||RoseliBerry|Infiltrator|SuperFang,Taunt,Tailwind,Protect|Timid||F|||50|]Liepard||FocusSash|Prankster|FakeOut,FoulPlay,Encore,Protect|Timid||M|||50|]Scovillain||ChoiceScarf|Chlorophyll|LeafStorm,Overheat,RagePowder,SpicyExtract|Timid||M|||50|]Krookodile||LifeOrb|Intimidate|HighHorsepower,LashOut,RockSlide,Protect|Jolly||F|||50|]Falinks||Falinksite|Defiant|CloseCombat,IronHead,RockSlide,Protect|Jolly|||||50|
|inactive|Battle timer is ON: inactive players will automatically lose when time's up. (requested by Frakub)
|
|t:|1784206698
|teamsize|p1|4
|teamsize|p2|4
|start
|switch|p1a: Farigiraf|Farigiraf, L50, F|100/100
|switch|p1b: Incineroar|Incineroar, L50, M|100/100
|switch|p2a: Scovillain|Scovillain, L50, M|100/100
|switch|p2b: Krookodile|Krookodile, L50, F|100/100
|-ability|p2b: Krookodile|Intimidate|boost
|-unboost|p1a: Farigiraf|atk|1
|-unboost|p1b: Incineroar|atk|1
|-ability|p1b: Incineroar|Intimidate|boost
|-unboost|p2a: Scovillain|atk|1
|-unboost|p2b: Krookodile|atk|1
|turn|1
|inactive|Frakub has 30 seconds left.
|inactive|bluezephyr7 has 30 seconds left.
|inactive|bluezephyr7 has 20 seconds left.
|inactive|bluezephyr7 has 15 seconds left.
|inactive|bluezephyr7 has 10 seconds left.
|
|t:|1784206745
|move|p1b: Incineroar|Fake Out|p2a: Scovillain
|-damage|p2a: Scovillain|87/100
|cant|p2a: Scovillain|flinch
|move|p2b: Krookodile|Rock Slide|p1b: Incineroar|[spread] p1a,p1b
|-supereffective|p1b: Incineroar|1
|-damage|p1a: Farigiraf|87/100
|-damage|p1b: Incineroar|75/100
|-damage|p2b: Krookodile|90/100|[from] item: Life Orb
|cant|p1a: Farigiraf|flinch
|
|upkeep
|turn|2
|
|t:|1784206759
|move|p2a: Scovillain|Spicy Extract|p1a: Farigiraf
|-boost|p1a: Farigiraf|atk|2
|-unboost|p1a: Farigiraf|def|2
|move|p2b: Krookodile|Lash Out|p1a: Farigiraf
|-supereffective|p1a: Farigiraf|1
|-damage|p1a: Farigiraf|0 fnt
|faint|p1a: Farigiraf
|-damage|p2b: Krookodile|80/100|[from] item: Life Orb
|move|p1b: Incineroar|Parting Shot|p2b: Krookodile
|-unboost|p2b: Krookodile|atk|1
|-unboost|p2b: Krookodile|spa|1
|
|t:|1784206768
|switch|p1b: Mawile|Mawile, L50, F|100/100|[from] Parting Shot
|-ability|p1b: Mawile|Intimidate|boost
|-unboost|p2a: Scovillain|atk|1
|-unboost|p2b: Krookodile|atk|1
|
|upkeep
|
|t:|1784206770
|switch|p1a: Incineroar|Incineroar, L50, M|75/100
|-ability|p1a: Incineroar|Intimidate|boost
|-unboost|p2a: Scovillain|atk|1
|-unboost|p2b: Krookodile|atk|1
|turn|3
|inactive|bluezephyr7 has 30 seconds left.
|
|t:|1784206798
|switch|p2a: Liepard|Liepard, L50, M|100/100
|detailschange|p1b: Mawile|Mawile-Mega, L50, F
|-mega|p1b: Mawile|Mawile|Mawilite
|move|p2b: Krookodile|Protect|p2b: Krookodile
|-singleturn|p2b: Krookodile|Protect
|move|p1a: Incineroar|Flare Blitz|p2a: Liepard
|-damage|p2a: Liepard|18/100
|-damage|p1a: Incineroar|52/100|[from] Recoil
|move|p1b: Mawile|Rock Slide|p2b: Krookodile|[spread] p2a
|-activate|p2b: Krookodile|move: Protect
|-damage|p2a: Liepard|0 fnt
|faint|p2a: Liepard
|
|upkeep
|
|t:|1784206814
|switch|p2a: Scovillain|Scovillain, L50, M|87/100
|turn|4
|inactive|bluezephyr7 has 30 seconds left.
|
|t:|1784206844
|switch|p1b: Torkoal|Torkoal, L50, M|100/100
|-weather|SunnyDay|[from] ability: Drought|[of] p1b: Torkoal
|move|p2a: Scovillain|Spicy Extract|p2b: Krookodile
|-boost|p2b: Krookodile|atk|2
|-unboost|p2b: Krookodile|def|2
|move|p2b: Krookodile|High Horsepower|p1b: Torkoal
|-supereffective|p1b: Torkoal|1
|-damage|p1b: Torkoal|51/100
|-damage|p2b: Krookodile|70/100|[from] item: Life Orb
|move|p1a: Incineroar|Flare Blitz|p2a: Scovillain
|-damage|p2a: Scovillain|0 fnt
|faint|p2a: Scovillain
|-damage|p1a: Incineroar|32/100|[from] Recoil
|
|-weather|SunnyDay|[upkeep]
|upkeep
|
|t:|1784206859
|switch|p2a: Falinks|Falinks, L50, shiny|100/100
|turn|5
|
|t:|1784206875
|detailschange|p2a: Falinks|Falinks-Mega, L50, shiny
|-mega|p2a: Falinks|Falinks|Falinksite
|move|p2a: Falinks|Rock Slide|p1b: Torkoal|[spread] p1a,p1b
|-supereffective|p1a: Incineroar|1
|-supereffective|p1b: Torkoal|1
|-damage|p1a: Incineroar|1/100
|-damage|p1b: Torkoal|20/100y
|move|p2b: Krookodile|High Horsepower|p1b: Torkoal
|-supereffective|p1b: Torkoal|1
|-damage|p1b: Torkoal|0 fnt
|faint|p1b: Torkoal
|-damage|p2b: Krookodile|60/100|[from] item: Life Orb
|move|p1a: Incineroar|Flare Blitz|p2a: Falinks
|-damage|p2a: Falinks|30/100
|-damage|p1a: Incineroar|0 fnt|[from] Recoil
|faint|p1a: Incineroar
|
|-weather|SunnyDay|[upkeep]
|upkeep
|
|t:|1784206883
|switch|p1b: Mawile|Mawile-Mega, L50, F|100/100
|turn|6
|
|t:|1784206898
|move|p2a: Falinks|Close Combat|p1b: Mawile
|-damage|p1b: Mawile|34/100
|-unboost|p2a: Falinks|def|1
|-unboost|p2a: Falinks|spd|1
|move|p2b: Krookodile|High Horsepower|p1b: Mawile
|-supereffective|p1b: Mawile|1
|-damage|p1b: Mawile|0 fnt
|faint|p1b: Mawile
|-damage|p2b: Krookodile|50/100y|[from] item: Life Orb
|
|win|bluezephyr7
||Frakub is ready for game 2.
|l|☆bluezephyr7
|player|p2|
||bluezephyr7 is ready for game 2.
|uhtml|next|Next: Game 2 of 3
