|j|☆Mr Woah
|j|☆Mushroom Hater
|html|Mr WoahMushroom Hater    
|uhtml|bestof|Game 3 of a best-of-3
|t:|1756869750
|gametype|doubles
|player|p1|Mr Woah|winona|1265
|player|p2|Mushroom Hater|dawn|1276
|gen|9
|tier|[Gen 9] VGC 2025 Reg H (Bo3)
|rated|
|rule|Species Clause: Limit one of each Pokémon
|rule|Item Clause: Limit 1 of each item
|clearpoke
|poke|p1|Ninetales-Alola, L50, M|
|poke|p1|Ursaluna-Bloodmoon, L50, M|
|poke|p1|Gholdengo, L50|
|poke|p1|Amoonguss, L50, F|
|poke|p1|Annihilape, L50, F|
|poke|p1|Dragonite, L50, M|
|poke|p2|Sneasler, L50, F|
|poke|p2|Indeedee, L50, M|
|poke|p2|Volcarona, L50, M|
|poke|p2|Ursaluna-Bloodmoon, L50, M|
|poke|p2|Annihilape, L50, F|
|poke|p2|Tyranitar, L50, M|
|teampreview|4
|showteam|p1|Ninetales-Alola||CovertCloak|SnowWarning|IcyWind,Blizzard,AuroraVeil,IcicleSpear|||M|||50|,,,,,Water]Ursaluna-Bloodmoon||AssaultVest|MindsEye|BloodMoon,EarthPower,HyperVoice,VacuumWave|||M|||50|,,,,,Water]Gholdengo||LifeOrb|GoodasGold|Protect,NastyPlot,MakeItRain,ShadowBall||||||50|,,,,,Water]Amoonguss||SitrusBerry|Regenerator|Spore,RagePowder,PollenPuff,Protect|||F|||50|,,,,,Psychic]Annihilape||SafetyGoggles|Defiant|RageFist,BulkUp,DrainPunch,Protect|||F|||50|,,,,,Fire]Dragonite||LoadedDice|Multiscale|ScaleShot,Tailwind,Haze,Protect|||M|||50|,,,,,Fairy
|showteam|p2|Sneasler||PsychicSeed|Unburden|CloseCombat,DireClaw,ThroatChop,Protect|||F|||50|,,,,,Dark]Indeedee||ChoiceScarf|PsychicSurge|ExpandingForce,TeraBlast,Trick,Protect|||M|||50|,,,,,Psychic]Volcarona||SitrusBerry|FlameBody|Flamethrower,StruggleBug,RagePowder,Tailwind|||M|||50|,,,,,Grass]Ursaluna-Bloodmoon||LifeOrb|MindsEye|BloodMoon,HyperVoice,EarthPower,Protect|||M|||50|,,,,,Normal]Annihilape||SafetyGoggles|Defiant|CloseCombat,RageFist,Taunt,FinalGambit|||F|||50|,,,,,Fairy]Tyranitar||AssaultVest|SandStream|RockSlide,KnockOff,TeraBlast,LowKick|||M|||50|,,,,,Flying
|
|t:|1756869810
|teamsize|p1|4
|teamsize|p2|4
|start
|switch|p1a: Amoonguss|Amoonguss, L50, F|100/100
|switch|p1b: Gholdengo|Gholdengo, L50|100/100
|switch|p2a: Volcarona|Volcarona, L50, M|100/100
|switch|p2b: Annihilape|Annihilape, L50, F|100/100
|turn|1
|inactive|Battle timer is ON: inactive players will automatically lose when time's up. (requested by Mr Woah)
|
|t:|1756869860
|switch|p1b: Dragonite|Dragonite, L50, M|100/100
|move|p1a: Amoonguss|Protect|p1a: Amoonguss
|-singleturn|p1a: Amoonguss|Protect
|move|p2a: Volcarona|Struggle Bug|p1a: Amoonguss|[spread] p1b
|-activate|p1a: Amoonguss|move: Protect
|-resisted|p1b: Dragonite
|-damage|p1b: Dragonite|96/100
|-unboost|p1b: Dragonite|spa|1
|move|p2b: Annihilape|Taunt|p1a: Amoonguss
|-activate|p1a: Amoonguss|move: Protect
|
|upkeep
|turn|2
|
|t:|1756869878
|-terastallize|p2a: Volcarona|Grass
|move|p1a: Amoonguss|Rage Powder|p1a: Amoonguss
|-singleturn|p1a: Amoonguss|move: Rage Powder
|move|p2a: Volcarona|Struggle Bug|p1a: Amoonguss|[spread] p1a,p1b
|-resisted|p1b: Dragonite
|-damage|p1a: Amoonguss|85/100
|-damage|p1b: Dragonite|87/100
|-unboost|p1a: Amoonguss|spa|1
|-unboost|p1b: Dragonite|spa|1
|move|p2b: Annihilape|Final Gambit|p1b: Dragonite
|-damage|p1b: Dragonite|0 fnt
|faint|p2b: Annihilape
|faint|p1b: Dragonite
|
|upkeep
|
|t:|1756869894
|switch|p2b: Indeedee|Indeedee, L50, M|100/100
|switch|p1b: Gholdengo|Gholdengo, L50|100/100
|-fieldstart|move: Psychic Terrain|[from] ability: Psychic Surge|[of] p2b: Indeedee
|turn|3
|inactive|Mr Woah has 30 seconds left.
|
|t:|1756869920
|-terastallize|p1a: Amoonguss|Psychic
|move|p2b: Indeedee|Expanding Force|p1a: Amoonguss|[spread] p1a,p1b
|-resisted|p1a: Amoonguss
|-resisted|p1b: Gholdengo
|-damage|p1a: Amoonguss|61/100
|-damage|p1b: Gholdengo|70/100
|move|p2a: Volcarona|Struggle Bug|p1a: Amoonguss|[spread] p1a,p1b
|-supereffective|p1a: Amoonguss
|-crit|p1a: Amoonguss
|-resisted|p1b: Gholdengo
|-damage|p1a: Amoonguss|19/100
|-damage|p1b: Gholdengo|66/100
|-unboost|p1a: Amoonguss|spa|1
|-unboost|p1b: Gholdengo|spa|1
|-enditem|p1a: Amoonguss|Sitrus Berry|[eat]
|-heal|p1a: Amoonguss|44/100|[from] item: Sitrus Berry
|move|p1b: Gholdengo|Make It Rain|p2b: Indeedee|[spread] p2a,p2b
|-damage|p2a: Volcarona|63/100
|-damage|p2b: Indeedee|50/100
|-unboost|p1b: Gholdengo|spa|1
|-damage|p1b: Gholdengo|56/100|[from] item: Life Orb
|move|p1a: Amoonguss|Pollen Puff|p1b: Gholdengo
|-heal|p1b: Gholdengo|100/100
|
|upkeep
|turn|4
|
|t:|1756869939
|switch|p1a: Ursaluna|Ursaluna-Bloodmoon, L50, M|100/100
|move|p2b: Indeedee|Expanding Force|p1a: Ursaluna|[spread] p1a,p1b
|-resisted|p1b: Gholdengo
|-damage|p1a: Ursaluna|65/100
|-damage|p1b: Gholdengo|69/100
|move|p2a: Volcarona|Struggle Bug|p1a: Ursaluna|[spread] p1a,p1b
|-resisted|p1b: Gholdengo
|-damage|p1a: Ursaluna|54/100
|-damage|p1b: Gholdengo|64/100
|-unboost|p1a: Ursaluna|spa|1
|-unboost|p1b: Gholdengo|spa|1
|move|p1b: Gholdengo|Make It Rain|p2a: Volcarona|[spread] p2a,p2b
|-damage|p2a: Volcarona|40/100
|-damage|p2b: Indeedee|19/100
|-unboost|p1b: Gholdengo|spa|1
|-enditem|p2a: Volcarona|Sitrus Berry|[eat]
|-heal|p2a: Volcarona|65/100|[from] item: Sitrus Berry
|-damage|p1b: Gholdengo|55/100|[from] item: Life Orb
|
|upkeep
|turn|5
|
|t:|1756869958
|switch|p1a: Amoonguss|Amoonguss, L50, F, tera:Psychic|77/100
|move|p2b: Indeedee|Expanding Force|p1b: Gholdengo|[spread] p1a,p1b
|-resisted|p1a: Amoonguss
|-resisted|p1b: Gholdengo
|-damage|p1a: Amoonguss|54/100
|-damage|p1b: Gholdengo|25/100
|move|p2a: Volcarona|Struggle Bug|p1a: Amoonguss|[spread] p1a,p1b
|-supereffective|p1a: Amoonguss
|-resisted|p1b: Gholdengo
|-crit|p1b: Gholdengo
|-damage|p1a: Amoonguss|24/100
|-damage|p1b: Gholdengo|19/100
|-unboost|p1a: Amoonguss|spa|1
|-unboost|p1b: Gholdengo|spa|1
|move|p1b: Gholdengo|Make It Rain|p2b: Indeedee|[spread] p2a,p2b
|-damage|p2a: Volcarona|49/100
|-damage|p2b: Indeedee|0 fnt
|-unboost|p1b: Gholdengo|spa|1
|faint|p2b: Indeedee
|-damage|p1b: Gholdengo|9/100|[from] item: Life Orb
|
|upkeep
|
|t:|1756869960
|switch|p2b: Sneasler|Sneasler, L50, F|100/100
|-enditem|p2b: Sneasler|Psychic Seed
|-boost|p2b: Sneasler|spd|1|[from] item: Psychic Seed
|turn|6
|
|t:|1756869974
|switch|p1a: Ursaluna|Ursaluna-Bloodmoon, L50, M|54/100
|move|p1b: Gholdengo|Protect|p1b: Gholdengo
|-singleturn|p1b: Gholdengo|Protect
|move|p2b: Sneasler|Throat Chop|p1a: Ursaluna
|-damage|p1a: Ursaluna|33/100
|-start|p1a: Ursaluna|Throat Chop|[silent]
|move|p2a: Volcarona|Flamethrower|p1b: Gholdengo
|-activate|p1b: Gholdengo|move: Protect
|
|upkeep
|turn|7
|
|t:|1756869984
|switch|p1b: Amoonguss|Amoonguss, L50, F, tera:Psychic|57/100
|move|p2b: Sneasler|Close Combat|p1a: Ursaluna
|-supereffective|p1a: Ursaluna
|-damage|p1a: Ursaluna|0 fnt
|-unboost|p2b: Sneasler|def|1
|-unboost|p2b: Sneasler|spd|1
|faint|p1a: Ursaluna
|move|p2a: Volcarona|Flamethrower|p1b: Amoonguss
|-damage|p1b: Amoonguss|19/100
|
|-fieldend|move: Psychic Terrain
|upkeep
|
|t:|1756869989
|switch|p1a: Gholdengo|Gholdengo, L50|9/100
|turn|8
|
|t:|1756869995
|move|p1b: Amoonguss|Rage Powder|p1b: Amoonguss
|-singleturn|p1b: Amoonguss|move: Rage Powder
|move|p2b: Sneasler|Throat Chop|p1b: Amoonguss
|-supereffective|p1b: Amoonguss
|-damage|p1b: Amoonguss|0 fnt
|faint|p1b: Amoonguss
|move|p2a: Volcarona|Flamethrower|p1a: Gholdengo
|-supereffective|p1a: Gholdengo
|-damage|p1a: Gholdengo|0 fnt
|faint|p1a: Gholdengo
|
|win|Mushroom Hater
|raw|Mr Woah's rating: 1265 → 1241(-24 for losing)
|raw|Mushroom Hater's rating: 1276 → 1300(+24 for winning)
