|j|☆Terrycat
|j|☆iebilish
|html|Terrycatiebilish    
|uhtml|bestof|Game 2 of a best-of-3
|t:|1786136149
|gametype|doubles
|player|p1|Terrycat|1|
|player|p2|iebilish|2|
|gen|9
|tier|[Gen 9 Champions] VGC 2026 Reg M-B (Bo3)
|rule|Species Clause: Limit one of each Pokémon
|rule|Item Clause: Limit 1 of each item
|clearpoke
|poke|p1|Garchomp, L50, M|
|poke|p1|Emolga, L50, M|
|poke|p1|Sylveon, L50, F, shiny|
|poke|p1|Charizard, L50, M|
|poke|p1|Tsareena, L50, F|
|poke|p1|Infernape, L50, M|
|poke|p2|Tyranitar, L50, F, shiny|
|poke|p2|Excadrill, L50, M, shiny|
|poke|p2|Incineroar, L50, F, shiny|
|poke|p2|Primarina, L50, M, shiny|
|poke|p2|Mimikyu, L50, F, shiny|
|poke|p2|Conkeldurr, L50, F, shiny|
|teampreview|4
|showteam|p1|Garchomp||FocusSash|RoughSkin|BrickBreak,Flamethrower,EarthPower,DragonClaw|Naive||M|||50|]Emolga||ChoiceScarf|Static|Nuzzle,VoltSwitch,Protect,Discharge|Hasty||M|||50|]Sylveon||FairyFeather|Pixilate|Moonblast,Protect,HyperVoice,DrainingKiss|Modest||F|||50|]Charizard||CharizarditeY|Blaze|Protect,HeatWave,SolarBeam,WeatherBall|Timid||M|||50|]Tsareena||WideLens|QueenlyMajesty|TripleAxel,Uturn,PlayRough,TropKick|Adamant||F|||50|]Infernape||Leftovers|IronFist|CloseCombat,DrainPunch,FirePunch,Earthquake|Jolly||M|||50|
|showteam|p2|Tyranitar||Tyranitarite|SandStream|RockSlide,KnockOff,Earthquake,Protect|Adamant||F|||50|]Excadrill||Excadrite|SandRush|Earthquake,RockSlide,HighHorsepower,Protect|Jolly||M|||50|]Incineroar||SitrusBerry|Intimidate|FakeOut,DarkestLariat,WillOWisp,Protect|Careful||F|||50|]Primarina||FocusSash|LiquidVoice|HyperVoice,DazzlingGleam,CalmMind,Protect|Quiet||M|||50|]Mimikyu||MentalHerb|Disguise|TrickRoom,PlayRough,ShadowSneak,Protect|Sassy||F|||50|]Conkeldurr||LifeOrb|SheerForce|DrainPunch,MachPunch,IcePunch,Detect|Adamant||F|||50|
|
|t:|1786136170
|teamsize|p1|4
|teamsize|p2|4
|start
|switch|p1a: Chomp|Garchomp, L50, M|100/100
|switch|p1b: Monke|Infernape, L50, M|100/100
|switch|p2a: Tyranitar|Tyranitar, L50, F, shiny|100/100
|switch|p2b: Excadrill|Excadrill, L50, M, shiny|100/100
|-weather|Sandstorm|[from] ability: Sand Stream|[of] p2a: Tyranitar
|turn|1
|j| jjbro1
|
|t:|1786136191
|move|p2a: Tyranitar|Protect|p2a: Tyranitar
|-singleturn|p2a: Tyranitar|Protect
|move|p2b: Excadrill|Earthquake|p1b: Monke|[spread] p1a,p1b
|-activate|p2a: Tyranitar|move: Protect
|-supereffective|p1b: Monke|1
|-damage|p1a: Chomp|58/100
|-damage|p1b: Monke|0 fnt
|faint|p1b: Monke
|move|p1a: Chomp|Brick Break|p2a: Tyranitar
|-activate|p2a: Tyranitar|move: Protect
|
|-weather|Sandstorm|[upkeep]
|upkeep
|
|t:|1786136204
|switch|p1b: Charles Zard|Charizard, L50, M|100/100
|turn|2
|
|t:|1786136216
|detailschange|p1b: Charles Zard|Charizard-Mega-Y, L50, M
|-mega|p1b: Charles Zard|Charizard|Charizardite Y
|-weather|SunnyDay|[from] ability: Drought|[of] p1b: Charles Zard
|detailschange|p2a: Tyranitar|Tyranitar-Mega, L50, F, shiny
|-mega|p2a: Tyranitar|Tyranitar|Tyranitarite
|-weather|Sandstorm|[from] ability: Sand Stream|[of] p2a: Tyranitar
|move|p2b: Excadrill|Rock Slide|p1a: Chomp|[spread] p1a,p1b
|-resisted|p1a: Chomp|1
|-supereffective|p1b: Charles Zard|2
|-damage|p1a: Chomp|48/100
|-damage|p1b: Charles Zard|0 fnt
|faint|p1b: Charles Zard
|move|p1a: Chomp|Brick Break|p2a: Tyranitar
|-supereffective|p2a: Tyranitar|2
|-damage|p2a: Tyranitar|40/100
|move|p2a: Tyranitar|Rock Slide|p1a: Chomp
|-resisted|p1a: Chomp|1
|-damage|p1a: Chomp|20/100y
|
|-weather|Sandstorm|[upkeep]
|upkeep
|
|t:|1786136237
|switch|p1b: Sylvie|Sylveon, L50, F, shiny|100/100
|turn|3
|
|t:|1786136250
|move|p2a: Tyranitar|Protect|p2a: Tyranitar
|-singleturn|p2a: Tyranitar|Protect
|move|p1b: Sylvie|Protect|p1b: Sylvie
|-singleturn|p1b: Sylvie|Protect
|move|p2b: Excadrill|Earthquake|p1b: Sylvie|[spread] p1a
|-activate|p2a: Tyranitar|move: Protect
|-activate|p1b: Sylvie|move: Protect
|-damage|p1a: Chomp|0 fnt
|faint|p1a: Chomp
|
|-weather|Sandstorm|[upkeep]
|-damage|p1b: Sylvie|94/100|[from] Sandstorm
|upkeep
|turn|4
|
|t:|1786136272
|switch|p2a: Primarina|Primarina, L50, M, shiny|100/100
|move|p2b: Excadrill|Rock Slide|p1b: Sylvie|[miss]
|-miss|p2b: Excadrill|p1b: Sylvie
|move|p1b: Sylvie|Moonblast|p2a: Primarina
|-damage|p2a: Primarina|51/100
|
|-weather|Sandstorm|[upkeep]
|-damage|p1b: Sylvie|88/100|[from] Sandstorm
|-damage|p2a: Primarina|45/100|[from] Sandstorm
|upkeep
|turn|5
|
|t:|1786136291
|move|p2b: Excadrill|Rock Slide|p1b: Sylvie
|-damage|p1b: Sylvie|56/100
|move|p1b: Sylvie|Draining Kiss|p2a: Primarina
|-damage|p2a: Primarina|19/100
|-heal|p1b: Sylvie|75/100|[from] drain|[of] p2a: Primarina
|move|p2a: Primarina|Hyper Voice|p1b: Sylvie
|-damage|p1b: Sylvie|41/100
|
|-weather|Sandstorm|[upkeep]
|-damage|p1b: Sylvie|35/100|[from] Sandstorm
|-damage|p2a: Primarina|13/100|[from] Sandstorm
|upkeep
|turn|6
|
|t:|1786136306
|move|p2a: Primarina|Protect|p2a: Primarina
|-singleturn|p2a: Primarina|Protect
|move|p2b: Excadrill|Earthquake|p1b: Sylvie|[spread] p1b
|-activate|p2a: Primarina|move: Protect
|-damage|p1b: Sylvie|0 fnt
|faint|p1b: Sylvie
|
|win|iebilish
|c|☆iebilish|gg
