|j|☆Ryutenshi
|j|☆lerry27
|html|Ryutenshilerry27    
|uhtml|bestof|Game 1 of a best-of-3
|t:|1783004851
|gametype|doubles
|player|p1|Ryutenshi|170|1000
|player|p2|lerry27|102|1093
|gen|9
|tier|[Gen 9 Champions] VGC 2026 Reg M-B (Bo3)
|rated|
|rule|Species Clause: Limit one of each Pokémon
|rule|Item Clause: Limit 1 of each item
|clearpoke
|poke|p1|Charizard, L50, F|
|poke|p1|Venusaur, L50, M|
|poke|p1|Milotic, L50, F|
|poke|p1|Incineroar, L50, M|
|poke|p1|Garchomp, L50, F|
|poke|p1|Whimsicott, L50, M|
|poke|p2|Floette-Eternal, L50, F|
|poke|p2|Maushold-Four, L50|
|poke|p2|Gengar, L50, M, shiny|
|poke|p2|Politoed, L50, F, shiny|
|poke|p2|Grimmsnarl, L50, M|
|poke|p2|Incineroar, L50, M, shiny|
|teampreview|4
|showteam|p1|Charizard||CharizarditeY|Blaze|HeatWave,SolarBeam,AirSlash,Protect|Bold||F|||50|]Venusaur||FocusSash|Chlorophyll|EnergyBall,SludgeBomb,Protect,EarthPower|Modest||M|||50|]Milotic||Leftovers|Competitive|Scald,IceBeam,DragonPulse,Protect|Bold||F|||50|]Incineroar||SitrusBerry|Intimidate|FakeOut,PartingShot,FlareBlitz,DarkestLariat|Adamant||M|||50|]Garchomp||LifeOrb|RoughSkin|Earthquake,DragonClaw,RockSlide,Protect|Adamant||F|||50|]Whimsicott||FairyFeather|Prankster|Tailwind,Moonblast,Encore,Protect|Timid||M|||50|
|showteam|p2|Floette-Eternal||Floettite|FlowerVeil|DrainingKiss,DazzlingGleam,CalmMind|Timid||F|||50|]Maushold-Four||ChopleBerry|FriendGuard|FollowMe,HelpingHand,Uturn,Protect|Impish|||||50|]Gengar||Gengarite|CursedBody|SludgeBomb,PerishSong,ShadowBall,Protect|Modest||M|||50|]Politoed||SitrusBerry|Drizzle|WeatherBall,IceBeam,PerishSong,Protect|Calm||F|||50|]Grimmsnarl||LightClay|Prankster|FakeOut,PartingShot,LightScreen,Reflect|Careful||M|||50|]Incineroar||PasshoBerry|Intimidate|FakeOut,ThroatChop,PartingShot,Protect|Careful||M|||50|
|
|t:|1783004876
|teamsize|p1|4
|teamsize|p2|4
|start
|switch|p1a: Whimsicott|Whimsicott, L50, M|100/100
|switch|p1b: Incineroar|Incineroar, L50, M|100/100
|switch|p2a: Grimmsnarl|Grimmsnarl, L50, M|100/100
|switch|p2b: Gengar|Gengar, L50, M, shiny|100/100
|-ability|p1b: Incineroar|Intimidate|boost
|-unboost|p2a: Grimmsnarl|atk|1
|-unboost|p2b: Gengar|atk|1
|turn|1
|
|t:|1783004894
|detailschange|p2b: Gengar|Gengar-Mega, L50, M, shiny
|-mega|p2b: Gengar|Gengar|Gengarite
|move|p1b: Incineroar|Fake Out|p2a: Grimmsnarl
|-damage|p2a: Grimmsnarl|88/100
|cant|p2a: Grimmsnarl|flinch
|move|p1a: Whimsicott|Tailwind|p1a: Whimsicott
|-sidestart|p1: Ryutenshi|move: Tailwind
|move|p2b: Gengar|Perish Song|p2b: Gengar
|-start|p1a: Whimsicott|perish3|[silent]
|-start|p1b: Incineroar|perish3|[silent]
|-start|p2a: Grimmsnarl|perish3|[silent]
|-start|p2b: Gengar|perish3|[silent]
|-fieldactivate|move: Perish Song
|
|-start|p1a: Whimsicott|perish3
|-start|p1b: Incineroar|perish3
|-start|p2b: Gengar|perish3
|-start|p2a: Grimmsnarl|perish3
|upkeep
|turn|2
|
|t:|1783004918
|move|p2b: Gengar|Protect|p2b: Gengar
|-singleturn|p2b: Gengar|Protect
|move|p2a: Grimmsnarl|Light Screen|p2a: Grimmsnarl
|-sidestart|p2: lerry27|move: Light Screen
|move|p1a: Whimsicott|Moonblast|p2a: Grimmsnarl
|-supereffective|p2a: Grimmsnarl|1
|-damage|p2a: Grimmsnarl|37/100
|move|p1b: Incineroar|Darkest Lariat|p2b: Gengar
|-activate|p2b: Gengar|move: Protect
|
|-start|p1a: Whimsicott|perish2
|-start|p1b: Incineroar|perish2
|-start|p2b: Gengar|perish2
|-start|p2a: Grimmsnarl|perish2
|upkeep
|turn|3
|
|t:|1783004953
|switch|p2b: Incineroar|Incineroar, L50, M, shiny|100/100
|-ability|p2b: Incineroar|Intimidate|boost
|-unboost|p1a: Whimsicott|atk|1
|-unboost|p1b: Incineroar|atk|1
|move|p2a: Grimmsnarl|Parting Shot|p1a: Whimsicott
|-unboost|p1a: Whimsicott|atk|1
|-unboost|p1a: Whimsicott|spa|1
|
|t:|1783004960
|switch|p2a: Gengar|Gengar-Mega, L50, M, shiny|100/100|[from] Parting Shot
|move|p1a: Whimsicott|Moonblast|p2a: Gengar
|-resisted|p2a: Gengar|1
|-damage|p2a: Gengar|91/100
|move|p1b: Incineroar|Darkest Lariat|p2b: Incineroar
|-resisted|p2b: Incineroar|1
|-damage|p2b: Incineroar|87/100
|
|-start|p1a: Whimsicott|perish1
|-start|p1b: Incineroar|perish1
|upkeep
|turn|4
|
|t:|1783004984
|move|p2a: Gengar|Protect|p2a: Gengar
|-singleturn|p2a: Gengar|Protect
|move|p2b: Incineroar|Protect|p2b: Incineroar
|-singleturn|p2b: Incineroar|Protect
|move|p1a: Whimsicott|Tailwind||[still]
|-fail|p1a: Whimsicott
|move|p1b: Incineroar|Parting Shot|p2a: Gengar
|-activate|p2a: Gengar|move: Protect
|
|-start|p1a: Whimsicott|perish0
|-start|p1b: Incineroar|perish0
|faint|p1a: Whimsicott
|faint|p1b: Incineroar
|-sideend|p1: Ryutenshi|move: Tailwind
|upkeep
|
|t:|1783004995
|switch|p1a: Charizard|Charizard, L50, F|100/100
|switch|p1b: Garchomp|Garchomp, L50, F|100/100
|turn|5
|
|t:|1783005013
|switch|p2a: Grimmsnarl|Grimmsnarl, L50, M|37/100
|detailschange|p1a: Charizard|Charizard-Mega-Y, L50, F
|-mega|p1a: Charizard|Charizard|Charizardite Y
|-weather|SunnyDay|[from] ability: Drought|[of] p1a: Charizard
|move|p1b: Garchomp|Rock Slide|p2a: Grimmsnarl|[spread] p2a,p2b
|-supereffective|p2b: Incineroar|1
|-damage|p2a: Grimmsnarl|11/100
|-damage|p2b: Incineroar|29/100
|-damage|p1b: Garchomp|90/100|[from] item: Life Orb
|move|p1a: Charizard|Air Slash|p2b: Incineroar
|-damage|p2b: Incineroar|9/100
|move|p2b: Incineroar|Parting Shot|p1a: Charizard
|-unboost|p1a: Charizard|atk|1
|-unboost|p1a: Charizard|spa|1
|
|t:|1783005025
|switch|p2b: Politoed|Politoed, L50, F, shiny|100/100|[from] Parting Shot
|-weather|RainDance|[from] ability: Drizzle|[of] p2b: Politoed
|
|-weather|RainDance|[upkeep]
|upkeep
|turn|6
|
|t:|1783005037
|move|p1a: Charizard|Protect|p1a: Charizard
|-singleturn|p1a: Charizard|Protect
|move|p2a: Grimmsnarl|Reflect|p2a: Grimmsnarl
|-sidestart|p2: lerry27|Reflect
|move|p1b: Garchomp|Earthquake|p2b: Politoed|[spread] p2a,p2b
|-activate|p1a: Charizard|move: Protect
|-damage|p2a: Grimmsnarl|0 fnt
|-damage|p2b: Politoed|63/100
|faint|p2a: Grimmsnarl
|-damage|p1b: Garchomp|80/100|[from] item: Life Orb
|move|p2b: Politoed|Perish Song|p2b: Politoed
|-start|p1a: Charizard|perish3|[silent]
|-start|p1b: Garchomp|perish3|[silent]
|-start|p2b: Politoed|perish3|[silent]
|-fieldactivate|move: Perish Song
|
|-weather|RainDance|[upkeep]
|-start|p1b: Garchomp|perish3
|-start|p1a: Charizard|perish3
|-start|p2b: Politoed|perish3
|upkeep
|
|t:|1783005046
|switch|p2a: Incineroar|Incineroar, L50, M, shiny|9/100
|-ability|p2a: Incineroar|Intimidate|boost
|-unboost|p1a: Charizard|atk|1
|-unboost|p1b: Garchomp|atk|1
|turn|7
|
|t:|1783005062
|move|p1b: Garchomp|Dragon Claw|p2b: Politoed
|-damage|p2b: Politoed|38/100
|-enditem|p2b: Politoed|Sitrus Berry|[eat]
|-heal|p2b: Politoed|62/100|[from] item: Sitrus Berry
|-damage|p1b: Garchomp|70/100|[from] item: Life Orb
|move|p1a: Charizard|Air Slash|p2a: Incineroar
|-damage|p2a: Incineroar|0 fnt
|faint|p2a: Incineroar
|move|p2b: Politoed|Weather Ball|p1a: Charizard
|-supereffective|p1a: Charizard|1
|-damage|p1a: Charizard|7/100
|
|-weather|RainDance|[upkeep]
|-start|p1b: Garchomp|perish2
|-start|p1a: Charizard|perish2
|-start|p2b: Politoed|perish2
|upkeep
|
|t:|1783005071
|switch|p2a: Gengar|Gengar-Mega, L50, M, shiny|91/100
|turn|8
|
|t:|1783005088
|move|p1a: Charizard|Protect|p1a: Charizard
|-singleturn|p1a: Charizard|Protect
|move|p1b: Garchomp|Earthquake|p2b: Politoed|[spread] p2a,p2b
|-activate|p1a: Charizard|move: Protect
|-supereffective|p2a: Gengar|1
|-damage|p2a: Gengar|34/100
|-damage|p2b: Politoed|40/100
|-damage|p1b: Garchomp|60/100|[from] item: Life Orb
|move|p2a: Gengar|Shadow Ball|p1b: Garchomp
|-damage|p1b: Garchomp|6/100
|-unboost|p1b: Garchomp|spd|1
|move|p2b: Politoed|Weather Ball|p1a: Charizard
|-activate|p1a: Charizard|move: Protect
|
|-weather|RainDance|[upkeep]
|-start|p1b: Garchomp|perish1
|-start|p1a: Charizard|perish1
|-start|p2b: Politoed|perish1
|upkeep
|turn|9
|
|t:|1783005110
|move|p2a: Gengar|Protect|p2a: Gengar
|-singleturn|p2a: Gengar|Protect
|move|p2b: Politoed|Protect|p2b: Politoed
|-singleturn|p2b: Politoed|Protect
|move|p1b: Garchomp|Earthquake|p2a: Gengar|[spread] 
|-activate|p2a: Gengar|move: Protect
|-activate|p2b: Politoed|move: Protect
|-immune|p1a: Charizard
|move|p1a: Charizard|Heat Wave|p2b: Politoed|[spread] 
|-activate|p2a: Gengar|move: Protect
|-activate|p2b: Politoed|move: Protect
|
|-weather|none
|-start|p1b: Garchomp|perish0
|-start|p1a: Charizard|perish0
|-start|p2b: Politoed|perish0
|faint|p1b: Garchomp
|faint|p1a: Charizard
|faint|p2b: Politoed
|
|win|lerry27
|inactive|Ryutenshi has 30 seconds to confirm battle start!
|inactive|lerry27 has 30 seconds to confirm battle start!
|l|☆Ryutenshi
|player|p1|
|j|☆Ryutenshi
|player|p1|Ryutenshi|170|
|inactive|Ryutenshi has 20 seconds to confirm battle start!
|inactive|lerry27 has 20 seconds to confirm battle start!
||lerry27 is ready for game 2.
|l|☆Ryutenshi
|player|p1|
|inactive|Ryutenshi has 10 seconds to confirm battle start!
|l|☆lerry27
|player|p2|
||Ryutenshi is ready for game 2.
|uhtml|next|Next: Game 2 of 3
|j|☆lerry27
|player|p2|lerry27|102|
