|j|‽bretmeister13
|j|☆Gen4lover2
|html|bretmeister13Gen4lover2    
|uhtml|bestof|Game 3 of a best-of-3
|t:|1785784314
|gametype|doubles
|player|p1|bretmeister13|102|1218
|player|p2|Gen4lover2|wallace|1224
|gen|9
|tier|[Gen 9 Champions] VGC 2026 Reg M-B (Bo3)
|rated|
|rule|Species Clause: Limit one of each Pokémon
|rule|Item Clause: Limit 1 of each item
|clearpoke
|poke|p1|Malamar, L50, F|
|poke|p1|Whimsicott, L50, M|
|poke|p1|Ceruledge, L50, F|
|poke|p1|Basculegion, L50, M|
|poke|p1|Vileplume, L50, F|
|poke|p1|Mawile, L50, F|
|poke|p2|Tyranitar, L50, M|
|poke|p2|Excadrill, L50, F|
|poke|p2|Staraptor, L50, F|
|poke|p2|Milotic, L50, F|
|poke|p2|Gholdengo, L50|
|poke|p2|Sinistcha-Masterpiece, L50|
|teampreview|4
|showteam|p1|Malamar||Malamarite|Contrary|KnockOff,Superpower,Protect,TrickRoom|Adamant||F|||50|]Whimsicott||FocusSash|Prankster|Tailwind,Moonblast,FakeTears,Charm|Modest||M|||50|]Ceruledge||Leftovers|FlashFire|BulkUp,BitterBlade,ShadowSneak,Protect|Adamant||F|||50|]Basculegion||ChoiceScarf|SwiftSwim|LastRespects,WaveCrash,FlipTurn,AquaJet|Adamant||M|||50|]Vileplume||WideLens|Chlorophyll|LeafStorm,Protect,SleepPowder,SludgeBomb|Calm||F|||50|]Mawile||Mawilite|SheerForce|KnockOff,PlayRough,RockSlide,Protect|Adamant||F|||50|
|showteam|p2|Tyranitar||Tyranitarite|SandStream|RockSlide,KnockOff,LowKick,Protect|Adamant||M|||50|]Excadrill||FocusSash|SandRush|HighHorsepower,IronHead,RockSlide,Protect|Adamant||F|||50|]Staraptor||Staraptite|Intimidate|BraveBird,CloseCombat,Tailwind,Protect|Jolly||F|||50|]Milotic||SitrusBerry|Competitive|Scald,IceBeam,Recover,Protect|Modest||F|||50|]Gholdengo||LifeOrb|GoodasGold|MakeItRain,ShadowBall,NastyPlot,Protect|Modest|||||50|]Sinistcha-Masterpiece||ColburBerry|Hospitality|MatchaGotcha,RagePowder,TrickRoom,Protect|Relaxed|||||50|
|inactive|Battle timer is ON: inactive players will automatically lose when time's up. (requested by Gen4lover2)
|inactive|Gen4lover2 has 60 seconds left.
|
|t:|1785784354
|teamsize|p1|4
|teamsize|p2|4
|start
|switch|p1a: Malamar|Malamar, L50, F|100/100
|switch|p1b: Vileplume|Vileplume, L50, F|100/100
|switch|p2a: Tyranitar|Tyranitar, L50, M|100/100
|switch|p2b: Excadrill|Excadrill, L50, F|100/100
|-weather|Sandstorm|[from] ability: Sand Stream|[of] p2a: Tyranitar
|turn|1
|
|t:|1785784379
|detailschange|p2a: Tyranitar|Tyranitar-Mega, L50, M
|-mega|p2a: Tyranitar|Tyranitar|Tyranitarite
|detailschange|p1a: Malamar|Malamar-Mega, L50, F
|-mega|p1a: Malamar|Malamar|Malamarite
|move|p1b: Vileplume|Protect|p1b: Vileplume
|-singleturn|p1b: Vileplume|Protect
|move|p2b: Excadrill|Iron Head|p1a: Malamar
|-damage|p1a: Malamar|50/100g
|move|p2a: Tyranitar|Knock Off|p1a: Malamar
|-damage|p1a: Malamar|8/100
|cant|p1a: Malamar|flinch
|
|-weather|Sandstorm|[upkeep]
|-damage|p1a: Malamar|2/100|[from] Sandstorm
|-damage|p1b: Vileplume|94/100|[from] Sandstorm
|upkeep
|turn|2
|inactive|Gen4lover2 has 30 seconds left.
|
|t:|1785784407
|move|p2b: Excadrill|High Horsepower|p1b: Vileplume
|-damage|p1b: Vileplume|31/100
|move|p2a: Tyranitar|Rock Slide|p1a: Malamar|[spread] p1a,p1b
|-crit|p1b: Vileplume
|-damage|p1a: Malamar|0 fnt
|-damage|p1b: Vileplume|0 fnt
|faint|p1a: Malamar
|faint|p1b: Vileplume
|
|-weather|Sandstorm|[upkeep]
|upkeep
|
|t:|1785784413
|switch|p1a: Basculegion|Basculegion, L50, M|100/100
|switch|p1b: Whimsicott|Whimsicott, L50, M|100/100
|turn|3
|
|t:|1785784435
|move|p2a: Tyranitar|Protect|p2a: Tyranitar
|-singleturn|p2a: Tyranitar|Protect
|move|p1b: Whimsicott|Charm|p2b: Excadrill
|-unboost|p2b: Excadrill|atk|2
|move|p2b: Excadrill|Iron Head|p1b: Whimsicott
|-supereffective|p1b: Whimsicott|1
|-damage|p1b: Whimsicott|29/100
|move|p1a: Basculegion|Wave Crash|p2a: Tyranitar
|-activate|p2a: Tyranitar|move: Protect
|
|-weather|Sandstorm|[upkeep]
|-damage|p1a: Basculegion|93/100|[from] Sandstorm
|-damage|p1b: Whimsicott|24/100|[from] Sandstorm
|upkeep
|turn|4
|
|t:|1785784453
|switch|p2a: Gholdengo|Gholdengo, L50|100/100
|move|p1b: Whimsicott|Tailwind|p1b: Whimsicott
|-sidestart|p1: bretmeister13|move: Tailwind
|move|p1a: Basculegion|Wave Crash|p2a: Gholdengo
|-damage|p2a: Gholdengo|34/100
|-damage|p1a: Basculegion|74/100|[from] Recoil
|move|p2b: Excadrill|Iron Head|p1b: Whimsicott
|-supereffective|p1b: Whimsicott|1
|-damage|p1b: Whimsicott|0 fnt
|faint|p1b: Whimsicott
|
|-weather|Sandstorm|[upkeep]
|-damage|p1a: Basculegion|68/100|[from] Sandstorm
|upkeep
|turn|5
|
|t:|1785784470
|switch|p2b: Sinistcha|Sinistcha-Masterpiece, L50|100/100
|-heal|p2a: Gholdengo|59/100|[from] ability: Hospitality|[of] p2b: Sinistcha
|move|p1a: Basculegion|Wave Crash|p2a: Gholdengo
|-damage|p2a: Gholdengo|0 fnt
|faint|p2a: Gholdengo
|-damage|p1a: Basculegion|50/100g|[from] Recoil
|
|-weather|none
|upkeep
|
|t:|1785784478
|switch|p2a: Tyranitar|Tyranitar-Mega, L50, M|100/100
|-weather|Sandstorm|[from] ability: Sand Stream|[of] p2a: Tyranitar
|turn|6
|
|t:|1785784481
|move|p2b: Sinistcha|Rage Powder|p2b: Sinistcha
|-singleturn|p2b: Sinistcha|move: Rage Powder
|move|p1a: Basculegion|Wave Crash|p2b: Sinistcha
|-resisted|p2b: Sinistcha|1
|-damage|p2b: Sinistcha|76/100
|-damage|p1a: Basculegion|43/100|[from] Recoil
|move|p2a: Tyranitar|Knock Off|p1a: Basculegion
|-supereffective|p1a: Basculegion|1
|-damage|p1a: Basculegion|0 fnt
|-enditem|p1a: Basculegion|Choice Scarf|[from] move: Knock Off|[of] p2a: Tyranitar
|faint|p1a: Basculegion
|
|win|Gen4lover2
|raw|bretmeister13's rating: 1218 → 1193(-25 for losing)
|raw|Gen4lover2's rating: 1224 → 1249(+25 for winning)
|l|‽bretmeister13
|player|p1|
