|j|☆supaeTheGoat
|j|☆GabeLev
|html|supaeTheGoatGabeLev    
|uhtml|bestof|Game 1 of a best-of-3
|t:|1783098601
|gametype|doubles
|player|p1|supaeTheGoat|benga|
|player|p2|GabeLev|102|
|gen|9
|tier|[Gen 9 Champions] VGC 2026 Reg M-B (Bo3)
|rule|Species Clause: Limit one of each Pokémon
|rule|Item Clause: Limit 1 of each item
|clearpoke
|poke|p1|Tyranitar, L50, F, shiny|
|poke|p1|Milotic, L50, F, shiny|
|poke|p1|Aegislash, L50, F, shiny|
|poke|p1|Basculegion, L50, M, shiny|
|poke|p1|Volcarona, L50, F, shiny|
|poke|p1|Tsareena, L50, F, shiny|
|poke|p2|Hippowdon, L50, F|
|poke|p2|Excadrill, L50, M, shiny|
|poke|p2|Sinistcha-Masterpiece, L50, shiny|
|poke|p2|Scovillain, L50, M, shiny|
|poke|p2|Slowbro-Galar, L50, M, shiny|
|poke|p2|Infernape, L50, F, shiny|
|teampreview|4
|showteam|p1|Tyranitar||Tyranitarite|SandStream|Protect,KnockOff,DragonDance,RockSlide|Adamant||F|||50|]Milotic||Leftovers|Competitive|Hypnosis,Coil,Protect,MuddyWater|Calm||F|||50|]Aegislash||LifeOrb|StanceChange|WideGuard,KingsShield,FlashCannon,ShadowBall|Modest||F|||50|]Basculegion||ChoiceScarf|Adaptability|FlipTurn,LastRespects,WaveCrash,AquaJet|Jolly||M|||50|]Volcarona||MentalHerb|FlameBody|RagePowder,WillOWisp,Protect,Overheat|Calm||F|||50|]Tsareena||SitrusBerry|QueenlyMajesty|TropKick,TripleAxel,Taunt,Protect|Careful||F|||50|
|showteam|p2|Hippowdon||SmoothRock|SandStream|HighHorsepower,Protect,RockSlide,Yawn|Impish||F|||50|]Excadrill||LifeOrb|SandRush|Earthquake,IronHead,HighHorsepower,Protect|Adamant||M|||50|]Sinistcha-Masterpiece||SitrusBerry|Hospitality|MatchaGotcha,LifeDew,RagePowder,ShadowBall|Bold|||||50|]Scovillain||Scovillainite|Chlorophyll|EnergyBall,Overheat,RagePowder,Protect|Modest||M|||50|]Slowbro-Galar||QuickClaw|QuickDraw|ShellSideArm,Psychic,IceBeam,Protect|Quiet||M|||50|]Infernape||FocusSash|IronFist|FirePunch,DrainPunch,FakeOut,Uturn|Adamant||F|||50|
|inactive|Battle timer is ON: inactive players will automatically lose when time's up. (requested by supaeTheGoat)
|inactive|supaeTheGoat has 60 seconds left.
|inactive|GabeLev has 60 seconds left.
|inactive|supaeTheGoat has 30 seconds left.
|
|t:|1783098665
|teamsize|p1|4
|teamsize|p2|4
|start
|switch|p1a: Tyranitar|Tyranitar, L50, F, shiny|100/100
|switch|p1b: Aegislash|Aegislash, L50, F, shiny|100/100
|switch|p2a: Jesus Himself|Hippowdon, L50, F|100/100
|switch|p2b: P Diddy|Excadrill, L50, M, shiny|100/100
|-weather|Sandstorm|[from] ability: Sand Stream|[of] p1a: Tyranitar
|turn|1
|inactive|GabeLev has 30 seconds left.
|inactive|GabeLev has 20 seconds left.
|inactive|GabeLev has 15 seconds left.
|
|t:|1783098707
|detailschange|p1a: Tyranitar|Tyranitar-Mega, L50, F, shiny
|-mega|p1a: Tyranitar|Tyranitar|Tyranitarite
|move|p1b: Aegislash|Wide Guard|p1b: Aegislash
|-singleturn|p1b: Aegislash|Wide Guard
|move|p2b: P Diddy|Earthquake|p1b: Aegislash|[spread] p2a
|-activate|p1a: Tyranitar|move: Wide Guard
|-activate|p1b: Aegislash|move: Wide Guard
|-damage|p2a: Jesus Himself|70/100
|-damage|p2b: P Diddy|90/100|[from] item: Life Orb
|move|p1a: Tyranitar|Dragon Dance|p1a: Tyranitar
|-boost|p1a: Tyranitar|atk|1
|-boost|p1a: Tyranitar|spe|1
|move|p2a: Jesus Himself|Yawn|p1a: Tyranitar
|-start|p1a: Tyranitar|move: Yawn|[of] p2a: Jesus Himself
|
|-weather|Sandstorm|[upkeep]
|upkeep
|turn|2
|inactive|supaeTheGoat has 30 seconds left.
|
|t:|1783098737
|switch|p1b: Milotic|Milotic, L50, F, shiny|100/100
|move|p2b: P Diddy|Protect|p2b: P Diddy
|-singleturn|p2b: P Diddy|Protect
|move|p2a: Jesus Himself|Protect|p2a: Jesus Himself
|-singleturn|p2a: Jesus Himself|Protect
|move|p1a: Tyranitar|Knock Off|p2b: P Diddy
|-activate|p2b: P Diddy|move: Protect
|
|-weather|Sandstorm|[upkeep]
|-damage|p1b: Milotic|94/100|[from] Sandstorm
|-heal|p1b: Milotic|100/100|[from] item: Leftovers
|-end|p1a: Tyranitar|move: Yawn|[silent]
|-status|p1a: Tyranitar|slp
|upkeep
|turn|3
|inactive|GabeLev has 30 seconds left.
|inactive|GabeLev has 20 seconds left.
|inactive|GabeLev has 15 seconds left.
|
|t:|1783098778
|switch|p1a: Basculegion|Basculegion, L50, M, shiny|100/100
|move|p2b: P Diddy|Earthquake|p1b: Milotic|[spread] p2a,p1a,p1b
|-damage|p2a: Jesus Himself|41/100
|-damage|p1a: Basculegion|32/100
|-damage|p1b: Milotic|33/100
|-damage|p2b: P Diddy|80/100|[from] item: Life Orb
|move|p1b: Milotic|Coil|p1b: Milotic
|-boost|p1b: Milotic|atk|1
|-boost|p1b: Milotic|def|1
|-boost|p1b: Milotic|accuracy|1
|move|p2a: Jesus Himself|Yawn|p1b: Milotic
|-start|p1b: Milotic|move: Yawn|[of] p2a: Jesus Himself
|
|-weather|Sandstorm|[upkeep]
|-damage|p1a: Basculegion|26/100|[from] Sandstorm
|-damage|p1b: Milotic|27/100|[from] Sandstorm
|-heal|p1b: Milotic|33/100|[from] item: Leftovers
|upkeep
|turn|4
|inactive|GabeLev has 30 seconds left.
|
|t:|1783098803
|move|p1b: Milotic|Protect|p1b: Milotic
|-singleturn|p1b: Milotic|Protect
|move|p2a: Jesus Himself|Protect|p2a: Jesus Himself
|-singleturn|p2a: Jesus Himself|Protect
|move|p1a: Basculegion|Aqua Jet|p2b: P Diddy
|-supereffective|p2b: P Diddy|1
|-damage|p2b: P Diddy|0 fnt
|faint|p2b: P Diddy
|
|-weather|Sandstorm|[upkeep]
|-damage|p1a: Basculegion|20/100y|[from] Sandstorm
|-damage|p1b: Milotic|27/100|[from] Sandstorm
|-heal|p1b: Milotic|33/100|[from] item: Leftovers
|-end|p1b: Milotic|move: Yawn|[silent]
|-status|p1b: Milotic|slp
|upkeep
|
|t:|1783098818
|switch|p2b: Kirk|Slowbro-Galar, L50, M, shiny|100/100
|turn|5
|inactive|GabeLev has 30 seconds left.
|inactive|GabeLev has 20 seconds left.
|inactive|GabeLev has 15 seconds left.
|
|t:|1783098862
|switch|p1b: Aegislash|Aegislash, L50, F, shiny|100/100
|move|p1a: Basculegion|Aqua Jet|p2a: Jesus Himself
|-supereffective|p2a: Jesus Himself|1
|-damage|p2a: Jesus Himself|11/100
|move|p2a: Jesus Himself|Rock Slide|p1a: Basculegion|[spread] p1b
|-miss|p2a: Jesus Himself|p1a: Basculegion
|-resisted|p1b: Aegislash|1
|-damage|p1b: Aegislash|94/100
|move|p2b: Kirk|Psychic|p1a: Basculegion
|-damage|p1a: Basculegion|0 fnt
|faint|p1a: Basculegion
|
|-weather|none
|upkeep
|
|t:|1783098877
|switch|p1a: Tyranitar|Tyranitar-Mega, L50, F, shiny|100/100 slp
|-weather|Sandstorm|[from] ability: Sand Stream|[of] p1a: Tyranitar
|turn|6
|inactive|GabeLev has 30 seconds left.
|
|t:|1783098909
|move|p2b: Kirk|Protect|p2b: Kirk
|-singleturn|p2b: Kirk|Protect
|cant|p1a: Tyranitar|slp
|-formechange|p1b: Aegislash|Aegislash-Blade|
|move|p1b: Aegislash|Shadow Ball|p2a: Jesus Himself
|-damage|p2a: Jesus Himself|0 fnt
|faint|p2a: Jesus Himself
|-damage|p1b: Aegislash|85/100|[from] item: Life Orb
|
|-weather|Sandstorm|[upkeep]
|-damage|p2b: Kirk|94/100|[from] Sandstorm
|upkeep
|
|t:|1783098919
|switch|p2a: Spiseeeaayyy|Scovillain, L50, M, shiny|100/100
|turn|7
|inactive|GabeLev has 30 seconds left.
|inactive|GabeLev has 20 seconds left.
|inactive|GabeLev has 15 seconds left.
|inactive|GabeLev has 10 seconds left.
|
|t:|1783098969
|detailschange|p2a: Spiseeeaayyy|Scovillain-Mega, L50, M, shiny
|-mega|p2a: Spiseeeaayyy|Scovillain|Scovillainite
|-formechange|p1b: Aegislash|Aegislash|
|move|p1b: Aegislash|King's Shield|p1b: Aegislash
|-singleturn|p1b: Aegislash|Protect
|move|p2a: Spiseeeaayyy|Energy Ball|p1a: Tyranitar
|-supereffective|p1a: Tyranitar|1
|-crit|p1a: Tyranitar
|-damage|p1a: Tyranitar|32/100 slp
|cant|p1a: Tyranitar|slp
|move|p2b: Kirk|Psychic|p1b: Aegislash
|-activate|p1b: Aegislash|move: Protect
|
|-weather|Sandstorm|[upkeep]
|-damage|p2a: Spiseeeaayyy|94/100|[from] Sandstorm
|-damage|p2b: Kirk|88/100|[from] Sandstorm
|upkeep
|turn|8
|inactive|GabeLev has 30 seconds left.
|-activate|p2b: Kirk|ability: Quick Draw
|
|t:|1783099002
|-curestatus|p1a: Tyranitar|slp|[msg]
|move|p1a: Tyranitar|Protect|p1a: Tyranitar
|-singleturn|p1a: Tyranitar|Protect
|move|p2b: Kirk|Psychic|p1a: Tyranitar
|-activate|p1a: Tyranitar|move: Protect
|move|p2a: Spiseeeaayyy|Overheat|p1b: Aegislash
|-supereffective|p1b: Aegislash|1
|-damage|p1b: Aegislash|0 fnt
|-unboost|p2a: Spiseeeaayyy|spa|2
|faint|p1b: Aegislash
|
|-weather|Sandstorm|[upkeep]
|-damage|p2a: Spiseeeaayyy|88/100|[from] Sandstorm
|-damage|p2b: Kirk|82/100|[from] Sandstorm
|upkeep
|
|t:|1783099011
|switch|p1b: Milotic|Milotic, L50, F, shiny|33/100 slp
|turn|9
|
|t:|1783099028
|move|p2a: Spiseeeaayyy|Rage Powder|p2a: Spiseeeaayyy
|-singleturn|p2a: Spiseeeaayyy|move: Rage Powder
|cant|p1b: Milotic|slp
|move|p1a: Tyranitar|Knock Off|p2a: Spiseeeaayyy
|-damage|p2a: Spiseeeaayyy|39/100
|-status|p1a: Tyranitar|brn|[from] ability: Spicy Spray|[of] p2a: Spiseeeaayyy
|move|p2b: Kirk|Ice Beam|p1a: Tyranitar
|-damage|p1a: Tyranitar|17/100 brn
|
|-weather|Sandstorm|[upkeep]
|-damage|p1b: Milotic|27/100 slp|[from] Sandstorm
|-damage|p2a: Spiseeeaayyy|33/100|[from] Sandstorm
|-damage|p2b: Kirk|76/100|[from] Sandstorm
|-heal|p1b: Milotic|33/100 slp|[from] item: Leftovers
|-damage|p1a: Tyranitar|12/100 brn|[from] brn
|upkeep
|turn|10
|
|t:|1783099049
|move|p2a: Spiseeeaayyy|Rage Powder|p2a: Spiseeeaayyy
|-singleturn|p2a: Spiseeeaayyy|move: Rage Powder
|-curestatus|p1b: Milotic|slp|[msg]
|move|p1b: Milotic|Muddy Water|p2b: Kirk|[spread] 
|-miss|p1b: Milotic|p2a: Spiseeeaayyy
|-miss|p1b: Milotic|p2b: Kirk
|move|p1a: Tyranitar|Rock Slide|p2a: Spiseeeaayyy|[spread] p2a,p2b
|-supereffective|p2a: Spiseeeaayyy|1
|-damage|p2a: Spiseeeaayyy|0 fnt
|-damage|p2b: Kirk|59/100
|faint|p2a: Spiseeeaayyy
|cant|p2b: Kirk|flinch
|
|-weather|none
|-heal|p1b: Milotic|39/100|[from] item: Leftovers
|-damage|p1a: Tyranitar|6/100 brn|[from] brn
|upkeep
|turn|11
|inactive|GabeLev has 30 seconds left.
|-activate|p2b: Kirk|item: Quick Claw
|
|t:|1783099083
|move|p2b: Kirk|Protect|p2b: Kirk
|-singleturn|p2b: Kirk|Protect
|move|p1b: Milotic|Coil|p1b: Milotic
|-boost|p1b: Milotic|atk|1
|-boost|p1b: Milotic|def|1
|-boost|p1b: Milotic|accuracy|1
|move|p1a: Tyranitar|Knock Off|p2b: Kirk
|-activate|p2b: Kirk|move: Protect
|
|-heal|p1b: Milotic|45/100|[from] item: Leftovers
|-damage|p1a: Tyranitar|1/100 brn|[from] brn
|upkeep
|turn|12
|inactive|GabeLev has 30 seconds left.
|inactive|GabeLev has 20 seconds left.
|inactive|GabeLev has 15 seconds left.
|inactive|GabeLev has 10 seconds left.
|inactive|GabeLev has 5 seconds left.
|-activate|p2b: Kirk|item: Quick Claw
|
|t:|1783099135
|move|p2b: Kirk|Protect|p2b: Kirk
|-singleturn|p2b: Kirk|Protect
|move|p1b: Milotic|Coil|p1b: Milotic
|-boost|p1b: Milotic|atk|1
|-boost|p1b: Milotic|def|1
|-boost|p1b: Milotic|accuracy|1
|move|p1a: Tyranitar|Knock Off|p2b: Kirk
|-activate|p2b: Kirk|move: Protect
|
|-heal|p1b: Milotic|51/100|[from] item: Leftovers
|-damage|p1a: Tyranitar|0 fnt|[from] brn
|faint|p1a: Tyranitar
|upkeep
|turn|13
|inactive|GabeLev has 15 seconds left this turn.
|inactive|GabeLev has 10 seconds left.
|inactive|GabeLev has 5 seconds left.
|-message|GabeLev lost due to inactivity.
|
|win|supaeTheGoat
|inactive|supaeTheGoat has 30 seconds to confirm battle start!
|inactive|GabeLev has 30 seconds to confirm battle start!
||supaeTheGoat is ready for game 2.
|inactive|GabeLev has 20 seconds to confirm battle start!
|inactive|GabeLev has 10 seconds to confirm battle start!
||GabeLev is ready for game 2.
|uhtml|next|Next: Game 2 of 3
