|j|☆Abhirup Basak
|j|☆testdigi
|html|Abhirup Basaktestdigi    
|uhtml|bestof|Game 1 of a best-of-3
|t:|1784914107
|gametype|doubles
|player|p1|Abhirup Basak|169|1111
|player|p2|testdigi|101|1092
|gen|9
|tier|[Gen 9 Champions] VGC 2026 Reg M-B (Bo3)
|rated|
|rule|Species Clause: Limit one of each Pokémon
|rule|Item Clause: Limit 1 of each item
|clearpoke
|poke|p1|Charizard, L50, M|
|poke|p1|Incineroar, L50, M|
|poke|p1|Kingambit, L50, F|
|poke|p1|Hatterene, L50, F|
|poke|p1|Annihilape, L50, F|
|poke|p1|Gholdengo, L50|
|poke|p2|Raichu, L50, F|
|poke|p2|Sinistcha, L50|
|poke|p2|Corviknight, L50, F|
|poke|p2|Sylveon, L50, F|
|poke|p2|Garchomp, L50, M|
|poke|p2|Tyranitar, L50, M|
|teampreview|4
|showteam|p1|Charizard||CharizarditeY|Blaze|HeatWave,SolarBeam,Protect,RockSlide|Timid||M|||50|]Incineroar||SitrusBerry|Intimidate|PartingShot,FakeOut,DarkestLariat,CrossChop|Careful||M|||50|]Kingambit||BlackGlasses|SupremeOverlord|IronHead,SwordsDance,SuckerPunch,KowtowCleave|Adamant||F|||50|]Hatterene||QuickClaw|MagicBounce|DazzlingGleam,Nuzzle,Psychic,TrickRoom|Modest||F|||50|]Annihilape||BlackBelt|InnerFocus|DrainPunch,RageFist,BulkUp,Uturn|Adamant||F|||50|]Gholdengo||LifeOrb|GoodasGold|NastyPlot,MakeItRain,ShadowBall,Protect|Modest|||||50|
|showteam|p2|Raichu||RaichuniteY|LightningRod|ZapCannon,FocusBlast,FakeOut,Protect|Timid||F|||50|]Sinistcha||KasibBerry|Hospitality|MatchaGotcha,ShadowBall,RagePowder,Protect|Modest|||||50|]Corviknight||OccaBerry|MirrorArmor|IronHead,BraveBird,Tailwind,Protect|Adamant||F|||50|]Sylveon||FairyFeather|Pixilate|HyperVoice,QuickAttack,Yawn,Detect|Modest||F|||50|]Garchomp||LifeOrb|RoughSkin|DragonClaw,StompingTantrum,RockSlide,Protect|Adamant||M|||50|]Tyranitar||FocusSash|SandStream|RockSlide,KnockOff,Superpower,Protect|Adamant||M|||50|
|
|t:|1784914170
|teamsize|p1|4
|teamsize|p2|4
|start
|switch|p1a: Hatterene|Hatterene, L50, F|100/100
|switch|p1b: Incineroar|Incineroar, L50, M|100/100
|switch|p2a: Corviknight|Corviknight, L50, F|100/100
|switch|p2b: Raichu|Raichu, L50, F|100/100
|-ability|p1b: Incineroar|Intimidate|boost
|-ability|p2a: Corviknight|Mirror Armor
|-unboost|p1b: Incineroar|atk|1
|-unboost|p2b: Raichu|atk|1
|turn|1
|
|t:|1784914198
|detailschange|p2b: Raichu|Raichu-Mega-Y, L50, F
|-mega|p2b: Raichu|Raichu|Raichunite Y
|move|p1b: Incineroar|Fake Out|p2b: Raichu
|-damage|p2b: Raichu|88/100
|cant|p2b: Raichu|flinch
|move|p2a: Corviknight|Iron Head|p1a: Hatterene
|-supereffective|p1a: Hatterene|1
|-damage|p1a: Hatterene|21/100
|move|p1a: Hatterene|Nuzzle|p2a: Corviknight
|-supereffective|p2a: Corviknight|1
|-damage|p2a: Corviknight|92/100
|-status|p2a: Corviknight|par
|
|upkeep
|turn|2
|
|t:|1784914227
|move|p2b: Raichu|Zap Cannon|p1b: Incineroar
|-damage|p1b: Incineroar|56/100
|-status|p1b: Incineroar|par
|move|p2a: Corviknight|Iron Head|p1a: Hatterene
|-supereffective|p1a: Hatterene|1
|-damage|p1a: Hatterene|0 fnt
|faint|p1a: Hatterene
|move|p1b: Incineroar|Parting Shot|p2b: Raichu
|-unboost|p2b: Raichu|atk|1
|-unboost|p2b: Raichu|spa|1
|
|t:|1784914238
|switch|p1b: Annihilape|Annihilape, L50, F|100/100|[from] Parting Shot
|
|upkeep
|
|t:|1784914241
|switch|p1a: Gholdengo|Gholdengo, L50|100/100
|turn|3
|
|t:|1784914253
|move|p2a: Corviknight|Protect|p2a: Corviknight
|-singleturn|p2a: Corviknight|Protect
|move|p2b: Raichu|Zap Cannon|p1b: Annihilape
|-damage|p1b: Annihilape|63/100
|-status|p1b: Annihilape|par
|move|p1a: Gholdengo|Nasty Plot|p1a: Gholdengo
|-boost|p1a: Gholdengo|spa|2
|move|p1b: Annihilape|Bulk Up|p1b: Annihilape
|-boost|p1b: Annihilape|atk|1
|-boost|p1b: Annihilape|def|1
|
|upkeep
|turn|4
|inactive|Battle timer is ON: inactive players will automatically lose when time's up. (requested by testdigi)
|
|t:|1784914304
|move|p2b: Raichu|Zap Cannon|p1a: Gholdengo
|-damage|p1a: Gholdengo|61/100
|-status|p1a: Gholdengo|par
|move|p1b: Annihilape|Bulk Up|p1b: Annihilape
|-boost|p1b: Annihilape|atk|1
|-boost|p1b: Annihilape|def|1
|move|p1a: Gholdengo|Shadow Ball|p2b: Raichu
|-damage|p2b: Raichu|0 fnt
|faint|p2b: Raichu
|-damage|p1a: Gholdengo|51/100 par|[from] item: Life Orb
|cant|p2a: Corviknight|par
|
|upkeep
|
|t:|1784914318
|switch|p2b: Tyranitar|Tyranitar, L50, M|100/100
|-weather|Sandstorm|[from] ability: Sand Stream|[of] p2b: Tyranitar
|turn|5
|
|t:|1784914334
|move|p2b: Tyranitar|Protect|p2b: Tyranitar
|-singleturn|p2b: Tyranitar|Protect
|move|p1b: Annihilape|Drain Punch|p2b: Tyranitar
|-activate|p2b: Tyranitar|move: Protect
|move|p1a: Gholdengo|Make It Rain|p2b: Tyranitar|[spread] p2a
|-activate|p2b: Tyranitar|move: Protect
|-resisted|p2a: Corviknight|1
|-damage|p2a: Corviknight|15/100 par
|-unboost|p1a: Gholdengo|spa|2
|-damage|p1a: Gholdengo|41/100 par|[from] item: Life Orb
|move|p2a: Corviknight|Tailwind|p2a: Corviknight
|-sidestart|p2: testdigi|move: Tailwind
|
|-weather|Sandstorm|[upkeep]
|-damage|p1b: Annihilape|57/100 par|[from] Sandstorm
|upkeep
|turn|6
|
|t:|1784914355
|move|p2b: Tyranitar|Knock Off|p1a: Gholdengo
|-supereffective|p1a: Gholdengo|1
|-damage|p1a: Gholdengo|0 fnt
|-enditem|p1a: Gholdengo|Life Orb|[from] move: Knock Off|[of] p2b: Tyranitar
|faint|p1a: Gholdengo
|move|p2a: Corviknight|Brave Bird|p1b: Annihilape
|-supereffective|p1b: Annihilape|1
|-crit|p1b: Annihilape
|-damage|p1b: Annihilape|0 fnt
|faint|p1b: Annihilape
|-damage|p2a: Corviknight|0 fnt|[from] Recoil
|faint|p2a: Corviknight
|
|-weather|Sandstorm|[upkeep]
|upkeep
|c|☆Abhirup Basak|mf crit
|inactive|Abhirup Basak has 30 seconds left.
|
|t:|1784914383
|switch|p1b: Incineroar|Incineroar, L50, M|56/100 par
|switch|p2a: Garchomp|Garchomp, L50, M|100/100
|-ability|p1b: Incineroar|Intimidate|boost
|-unboost|p2a: Garchomp|atk|1
|-unboost|p2b: Tyranitar|atk|1
|turn|7
|
|t:|1784914403
|move|p1b: Incineroar|Fake Out|p2a: Garchomp
|-damage|p2a: Garchomp|90/100
|-damage|p1b: Incineroar|44/100 par|[from] ability: Rough Skin|[of] p2a: Garchomp
|-enditem|p1b: Incineroar|Sitrus Berry|[eat]
|-heal|p1b: Incineroar|68/100 par|[from] item: Sitrus Berry
|cant|p2a: Garchomp|flinch
|move|p2b: Tyranitar|Knock Off|p1b: Incineroar
|-resisted|p1b: Incineroar|1
|-damage|p1b: Incineroar|57/100 par
|
|-weather|Sandstorm|[upkeep]
|-damage|p1b: Incineroar|51/100 par|[from] Sandstorm
|upkeep
|turn|8
|inactive|Abhirup Basak has 30 seconds left.
|inactive|Abhirup Basak has 20 seconds left.
|
|t:|1784914443
|move|p2a: Garchomp|Stomping Tantrum|p1b: Incineroar
|-supereffective|p1b: Incineroar|1
|-damage|p1b: Incineroar|0 fnt
|faint|p1b: Incineroar
|-damage|p2a: Garchomp|80/100|[from] item: Life Orb
|
|win|testdigi
||testdigi is ready for game 2.
||Abhirup Basak is ready for game 2.
|uhtml|next|Next: Game 2 of 3
