|j|☆vipgames1m
|j|☆slimeko325
|html|vipgames1mslimeko325    
|uhtml|bestof|Game 1 of a best-of-3
|t:|1785959819
|gametype|doubles
|player|p1|vipgames1m|ghetsis|
|player|p2|slimeko325|miku-fairy|
|gen|9
|tier|[Gen 9 Champions] VGC 2026 Reg M-B (Bo3)
|rule|Species Clause: Limit one of each Pokémon
|rule|Item Clause: Limit 1 of each item
|clearpoke
|poke|p1|Zoroark, L50, F, shiny|
|poke|p1|Slowbro, L50, F, shiny|
|poke|p1|Sableye, L50, F|
|poke|p1|Simisage, L50, M|
|poke|p1|Simipour, L50, F|
|poke|p1|Kleavor, L50, M|
|poke|p2|Simipour, L50, F|
|poke|p2|Slowbro, L50, M|
|poke|p2|Abomasnow, L50, F|
|poke|p2|Sableye, L50, F|
|poke|p2|Heliolisk, L50, F|
|poke|p2|Zoroark, L50, M|
|teampreview|4
|showteam|p1|Zoroark||FocusSash|Illusion|NastyPlot,DarkPulse,Taunt,Flamethrower|Timid||F|||50|]Slowbro||Slowbronite|Oblivious|CalmMind,IronDefense,StoredPower,BodyPress|Sassy||F|||50|]Sableye||LightClay|Prankster|SkillSwap,FakeOut,Reflect,LightScreen|Impish||F|||50|]Simisage||LifeOrb|Overgrow|EnergyBall,Taunt,Protect,FocusBlast|Modest||M|||50|]Simipour||MysticWater|Gluttony|FakeOut,Liquidation,BrickBreak,FlipTurn|Jolly||F|||50|]Kleavor||SitrusBerry|Sharpness|StoneAxe,XScissor,Protect,NightSlash|Adamant||M|||50|
|showteam|p2|Simipour||ExpertBelt|Torrent|Blizzard,Scald,FakeOut,GrassKnot|Hasty||F|||50|]Slowbro||Slowbronite|Oblivious|IronDefense,BodyPress,Amnesia,ShadowBall|Sassy||M|||50|]Abomasnow||Abomasite|SnowWarning|Blizzard,EnergyBall,Protect,EarthPower|Quiet||F|||50|]Sableye||LightClay|Prankster|SunnyDay,FakeOut,LightScreen,Encore|Impish||F|||50|]Heliolisk||LifeOrb|SolarPower|Thunderbolt,Protect,GrassKnot,HyperVoice|Timid||F|||50|]Zoroark||FocusSash|Illusion|DarkPulse,Taunt,Protect,Flamethrower|Timid||M|||50|
|inactive|Battle timer is ON: inactive players will automatically lose when time's up. (requested by slimeko325)
|inactive|vipgames1m has 60 seconds left.
|inactive|slimeko325 has 60 seconds left.
|inactive|vipgames1m has 30 seconds left.
|inactive|vipgames1m has 20 seconds left.
|inactive|vipgames1m has 15 seconds left.
|inactiveoff|Battle timer is now OFF.
|
|t:|1785959910
|teamsize|p1|4
|teamsize|p2|4
|start
|switch|p1a: Finpre Noob|Slowbro, L50, F, shiny|100/100
|switch|p1b: Sableye|Sableye, L50, F|100/100
|switch|p2a: Simipour|Simipour, L50, F|100/100
|switch|p2b: Abomasnow|Abomasnow, L50, F|100/100
|-weather|Snowscape|[from] ability: Snow Warning|[of] p2b: Abomasnow
|turn|1
|
|t:|1785959933
|detailschange|p2b: Abomasnow|Abomasnow-Mega, L50, F
|-mega|p2b: Abomasnow|Abomasnow|Abomasite
|move|p1b: Sableye|Reflect|p1b: Sableye
|-sidestart|p1: vipgames1m|Reflect
|move|p2a: Simipour|Dark Pulse|p1a: Finpre Noob
|-resisted|p1a: Finpre Noob|1
|-damage|p1a: Finpre Noob|59/100
|replace|p1a: Hidden true|Zoroark, L50, F, shiny
|-end|p1a: Hidden true|Illusion
|move|p1a: Hidden true|Flamethrower|p2b: Abomasnow
|-supereffective|p2b: Abomasnow|2
|-damage|p2b: Abomasnow|0 fnt
|faint|p2b: Abomasnow
|
|-weather|Snowscape|[upkeep]
|upkeep
|
|t:|1785959945
|switch|p2b: Simipour|Simipour, L50, F|100/100
|turn|2
|
|t:|1785959983
|move|p1b: Sableye|Light Screen|p1b: Sableye
|-sidestart|p1: vipgames1m|move: Light Screen
|move|p1a: Hidden true|Dark Pulse|p2a: Simipour
|-resisted|p2a: Simipour|1
|-damage|p2a: Simipour|62/100
|replace|p2a: Zoroark|Zoroark, L50, M
|-end|p2a: Zoroark|Illusion
|cant|p2a: Zoroark|flinch
|move|p2b: Simipour|Blizzard|p1b: Sableye|[spread] p1a,p1b
|-damage|p1a: Hidden true|29/100
|-damage|p1b: Sableye|82/100
|
|-weather|Snowscape|[upkeep]
|upkeep
|turn|3
|
|t:|1785960007
|switch|p1b: Kleavor|Kleavor, L50, M|100/100
|move|p1a: Hidden true|Dark Pulse|p2a: Zoroark
|-resisted|p2a: Zoroark|1
|-damage|p2a: Zoroark|24/100
|cant|p2a: Zoroark|flinch
|move|p2b: Simipour|Blizzard|p1b: Kleavor|[spread] p1a,p1b
|-damage|p1a: Hidden true|1/100
|-damage|p1b: Kleavor|73/100
|
|-weather|Snowscape|[upkeep]
|upkeep
|turn|4
|
|t:|1785960021
|move|p2a: Zoroark|Protect|p2a: Zoroark
|-singleturn|p2a: Zoroark|Protect
|move|p1a: Hidden true|Dark Pulse|p2a: Zoroark
|-activate|p2a: Zoroark|move: Protect
|move|p2b: Simipour|Blizzard|p1b: Kleavor|[spread] p1a,p1b
|-crit|p1b: Kleavor
|-damage|p1a: Hidden true|0 fnt
|-damage|p1b: Kleavor|16/100
|-enditem|p1b: Kleavor|Sitrus Berry|[eat]
|-heal|p1b: Kleavor|41/100|[from] item: Sitrus Berry
|faint|p1a: Hidden true
|move|p1b: Kleavor|Stone Axe|p2b: Simipour
|-damage|p2b: Simipour|0 fnt
|-sidestart|p2: slimeko325|move: Stealth Rock
|faint|p2b: Simipour
|
|-weather|Snowscape|[upkeep]
|upkeep
|
|t:|1785960046
|switch|p1a: Sableye|Sableye, L50, F|82/100
|switch|p2b: Slowbro|Slowbro, L50, M|100/100
|-damage|p2b: Slowbro|87/100|[from] Stealth Rock
|turn|5
|c|☆slimeko325|Бля а нахуй я две меги взял
|c|☆slimeko325|Я чё ебалн
|
|t:|1785960083
|move|p1a: Sableye|Fake Out|p2a: Zoroark
|-damage|p2a: Zoroark|10/100
|cant|p2a: Zoroark|flinch
|move|p1b: Kleavor|X-Scissor|p2a: Zoroark
|-supereffective|p2a: Zoroark|1
|-damage|p2a: Zoroark|0 fnt
|faint|p2a: Zoroark
|move|p2b: Slowbro|Body Press|p1b: Kleavor
|-damage|p1b: Kleavor|23/100
|
|-weather|none
|upkeep
|turn|6
|-message|slimeko325 forfeited.
|
|win|vipgames1m
||slimeko325 is ready for game 2.
||vipgames1m is ready for game 2.
|uhtml|next|Next: Game 2 of 3
|l|☆slimeko325
|player|p2|
