|j|☆willninja08
|j|☆Dimman188
|html|willninja08Dimman188    
|uhtml|bestof|Game 2 of a best-of-3
|t:|1785501925
|gametype|doubles
|player|p1|willninja08|170|
|player|p2|Dimman188|169|
|gen|9
|tier|[Gen 9 Champions] VGC 2026 Reg M-B (Bo3)
|rule|Species Clause: Limit one of each Pokémon
|rule|Item Clause: Limit 1 of each item
|clearpoke
|poke|p1|Raichu, L50, M|
|poke|p1|Jolteon, L50, F|
|poke|p1|Ninetales-Alola, L50, F|
|poke|p1|Gyarados, L50, F|
|poke|p1|Incineroar, L50, F|
|poke|p1|Basculegion, L50, M|
|poke|p2|Annihilape, L50, M|
|poke|p2|Garchomp, L50, F|
|poke|p2|Rotom-Wash, L50|
|poke|p2|Greninja, L50, M|
|poke|p2|Gholdengo, L50|
|poke|p2|Aerodactyl, L50, F|
|teampreview|4
|showteam|p1|Raichu||RaichuniteX|LightningRod|FakeOut,Encore,RisingVoltage,Protect|Timid||M|||50|]Jolteon||LifeOrb|VoltAbsorb|RisingVoltage,Electroweb,WeatherBall,Protect|Modest||F|||50|]Ninetales-Alola||NeverMeltIce|SnowWarning|Blizzard,FreezeDry,Roar,Protect|Timid||F|||50|]Gyarados||Gyaradosite|Intimidate|Waterfall,Crunch,DragonDance,Protect|Jolly||F|||50|]Incineroar||SitrusBerry|Intimidate|FakeOut,PartingShot,ThroatChop,FlareBlitz|Jolly||F|||50|]Basculegion||ChoiceScarf|Adaptability|WaveCrash,LastRespects,AquaJet,FlipTurn|Jolly||M|||50|
|showteam|p2|Annihilape||SitrusBerry|Defiant|DrainPunch,PhantomForce,BulkUp,Protect|Adamant||M|||50|]Garchomp||LifeOrb|RoughSkin|DragonClaw,Earthquake,RockSlide,Protect|Jolly||F|||50|]Rotom-Wash||Leftovers|Levitate|Discharge,Thunderbolt,HydroPump,Protect|Modest|||||50|]Greninja||ExpertBelt|Protean|GunkShot,Liquidation,LowKick,FlipTurn|Jolly||M|||50|]Gholdengo||WhiteHerb|GoodasGold|MakeItRain,ShadowBall,NastyPlot,Protect|Timid|||||50|]Aerodactyl||Aerodactylite|Unnerve|RockSlide,DualWingbeat,Tailwind,Protect|Adamant||F|||50|
|
|t:|1785501987
|teamsize|p1|4
|teamsize|p2|4
|start
|switch|p1a: Gyarados|Gyarados, L50, F|100/100
|switch|p1b: Ninetales|Ninetales-Alola, L50, F|100/100
|switch|p2a: Annihilape|Annihilape, L50, M|100/100
|switch|p2b: Aerodactyl|Aerodactyl, L50, F|100/100
|-ability|p2b: Aerodactyl|Unnerve
|-weather|Snowscape|[from] ability: Snow Warning|[of] p1b: Ninetales
|-ability|p1a: Gyarados|Intimidate|boost
|-unboost|p2a: Annihilape|atk|1
|-ability|p2a: Annihilape|Defiant|boost
|-boost|p2a: Annihilape|atk|2
|-unboost|p2b: Aerodactyl|atk|1
|turn|1
|
|t:|1785502013
|detailschange|p2b: Aerodactyl|Aerodactyl-Mega, L50, F
|-mega|p2b: Aerodactyl|Aerodactyl|Aerodactylite
|detailschange|p1a: Gyarados|Gyarados-Mega, L50, F
|-mega|p1a: Gyarados|Gyarados|Gyaradosite
|-ability|p1a: Gyarados|Mold Breaker
|move|p2b: Aerodactyl|Tailwind|p2b: Aerodactyl
|-sidestart|p2: Dimman188|move: Tailwind
|move|p2a: Annihilape|Bulk Up|p2a: Annihilape
|-boost|p2a: Annihilape|atk|1
|-boost|p2a: Annihilape|def|1
|move|p1b: Ninetales|Blizzard|p2b: Aerodactyl|[spread] p2a,p2b
|-supereffective|p2b: Aerodactyl|1
|-damage|p2a: Annihilape|67/100
|-damage|p2b: Aerodactyl|8/100
|move|p1a: Gyarados|Dragon Dance|p1a: Gyarados
|-boost|p1a: Gyarados|atk|1
|-boost|p1a: Gyarados|spe|1
|
|-weather|Snowscape|[upkeep]
|upkeep
|turn|2
|
|t:|1785502046
|move|p1a: Gyarados|Protect|p1a: Gyarados
|-singleturn|p1a: Gyarados|Protect
|move|p2b: Aerodactyl|Rock Slide|p1b: Ninetales|[spread] 
|-activate|p1a: Gyarados|move: Protect
|-miss|p2b: Aerodactyl|p1b: Ninetales
|move|p2a: Annihilape|Drain Punch|p1a: Gyarados
|-activate|p1a: Gyarados|move: Protect
|move|p1b: Ninetales|Roar|p2a: Annihilape
|drag|p2a: Garchomp|Garchomp, L50, F|100/100
|
|-weather|Snowscape|[upkeep]
|upkeep
|turn|3
|
|t:|1785502075
|switch|p1b: Incineroar|Incineroar, L50, F|100/100
|-ability|p1b: Incineroar|Intimidate|boost
|-unboost|p2a: Garchomp|atk|1
|-unboost|p2b: Aerodactyl|atk|1
|move|p2b: Aerodactyl|Rock Slide|p1b: Incineroar|[spread] p1a,p1b
|-supereffective|p1b: Incineroar|1
|-damage|p1a: Gyarados|83/100
|-damage|p1b: Incineroar|68/100
|move|p2a: Garchomp|Rock Slide|p1a: Gyarados|[spread] p1a,p1b
|-supereffective|p1b: Incineroar|1
|-damage|p1a: Gyarados|68/100
|-damage|p1b: Incineroar|35/100
|-enditem|p1b: Incineroar|Sitrus Berry|[eat]
|-heal|p1b: Incineroar|60/100|[from] item: Sitrus Berry
|-damage|p2a: Garchomp|90/100|[from] item: Life Orb
|move|p1a: Gyarados|Dragon Dance|p1a: Gyarados
|-boost|p1a: Gyarados|atk|1
|-boost|p1a: Gyarados|spe|1
|
|-weather|Snowscape|[upkeep]
|upkeep
|turn|4
|
|t:|1785502109
|move|p1b: Incineroar|Fake Out|p2b: Aerodactyl
|-resisted|p2b: Aerodactyl|1
|-damage|p2b: Aerodactyl|1/100
|cant|p2b: Aerodactyl|flinch
|move|p2a: Garchomp|Earthquake|p1b: Incineroar|[spread] p1a,p1b
|-immune|p2b: Aerodactyl
|-supereffective|p1b: Incineroar|1
|-damage|p1a: Gyarados|36/100
|-damage|p1b: Incineroar|0 fnt
|faint|p1b: Incineroar
|-damage|p2a: Garchomp|80/100|[from] item: Life Orb
|move|p1a: Gyarados|Dragon Dance|p1a: Gyarados
|-boost|p1a: Gyarados|atk|1
|-boost|p1a: Gyarados|spe|1
|
|-weather|Snowscape|[upkeep]
|-sideend|p2: Dimman188|move: Tailwind
|upkeep
|
|t:|1785502129
|switch|p1b: Basculegion|Basculegion, L50, M|100/100
|turn|5
|
|t:|1785502144
|move|p2a: Garchomp|Protect|p2a: Garchomp
|-singleturn|p2a: Garchomp|Protect
|move|p1a: Gyarados|Crunch|p2a: Garchomp
|-activate|p2a: Garchomp|move: Protect
|move|p1b: Basculegion|Flip Turn|p2b: Aerodactyl
|-supereffective|p2b: Aerodactyl|1
|-damage|p2b: Aerodactyl|0 fnt
|faint|p2b: Aerodactyl
|
|t:|1785502152
|switch|p1b: Ninetales|Ninetales-Alola, L50, F|100/100|[from] Flip Turn
|
|-weather|none
|upkeep
|
|t:|1785502159
|switch|p2b: Gholdengo|Gholdengo, L50|100/100
|turn|6
|
|t:|1785502171
|switch|p2a: Annihilape|Annihilape, L50, M|67/100
|move|p1a: Gyarados|Crunch|p2b: Gholdengo
|-supereffective|p2b: Gholdengo|1
|-damage|p2b: Gholdengo|0 fnt
|faint|p2b: Gholdengo
|move|p1b: Ninetales|Freeze-Dry|p2a: Annihilape
|-damage|p2a: Annihilape|38/100
|-enditem|p2a: Annihilape|Sitrus Berry|[eat]
|-heal|p2a: Annihilape|63/100|[from] item: Sitrus Berry
|
|upkeep
|
|t:|1785502184
|switch|p2b: Garchomp|Garchomp, L50, F|80/100
|turn|7
|
|t:|1785502213
|move|p1a: Gyarados|Waterfall|p2a: Annihilape
|-damage|p2a: Annihilape|0 fnt
|faint|p2a: Annihilape
|move|p1b: Ninetales|Freeze-Dry|p2b: Garchomp
|-supereffective|p2b: Garchomp|2
|-damage|p2b: Garchomp|0 fnt
|faint|p2b: Garchomp
|
|win|willninja08
|l|☆Dimman188
|player|p2|
