|j|☆klear.mbc
|j|☆KaiserBN1
|html|klear.mbcKaiserBN1    
|uhtml|bestof|Game 1 of a best-of-3
|t:|1756584490
|gametype|doubles
|player|p1|klear.mbc|1|1000
|player|p2|KaiserBN1|n|1107
|gen|9
|tier|[Gen 9] VGC 2025 Reg H (Bo3)
|rated|
|rule|Species Clause: Limit one of each Pokémon
|rule|Item Clause: Limit 1 of each item
|clearpoke
|poke|p1|Ursaluna-Bloodmoon, L50, M|
|poke|p1|Porygon2, L50|
|poke|p1|Amoonguss, L50, F|
|poke|p1|Incineroar, L50, M|
|poke|p1|Dragapult, L50, M|
|poke|p1|Sneasler, L50, M|
|poke|p2|Amoonguss, L50, F|
|poke|p2|Sneasler, L50, F|
|poke|p2|Gholdengo, L50|
|poke|p2|Incineroar, L50, M|
|poke|p2|Ursaluna-Bloodmoon, L50, M|
|poke|p2|Dragonite, L50, M|
|teampreview|4
|showteam|p1|Ursaluna-Bloodmoon||AssaultVest|MindsEye|BloodMoon,HyperVoice,EarthPower,VacuumWave|||M|||50|,,,,,Normal]Porygon2||Eviolite|Trace|IceBeam,Thunderbolt,Recover,TrickRoom||||||50|,,,,,Ghost]Amoonguss||CovertCloak|Regenerator|Spore,RagePowder,PollenPuff,SludgeBomb|||F|||50|,,,,,Water]Incineroar||SafetyGoggles|Intimidate|KnockOff,FakeOut,PartingShot,FlareBlitz|||M|||50|,,,,,Ghost]Dragapult||ChoiceBand|ClearBody|DragonDarts,Outrage,PhantomForce,Uturn|||M|||50|,,,,,Dragon]Sneasler||FocusSash|PoisonTouch|CloseCombat,DireClaw,ThroatChop,FakeOut|||M|||50|,,,,,Dark
|showteam|p2|Amoonguss||SitrusBerry|Regenerator|RagePowder,Spore,PollenPuff,Protect|||F|||50|,,,,,Psychic]Sneasler||FocusSash|Unburden|Protect,DireClaw,CloseCombat,ThroatChop|||F|||50|,,,,,Stellar]Gholdengo||LifeOrb|GoodasGold|Protect,MakeItRain,ShadowBall,NastyPlot||||||50|,,,,,Water]Incineroar||SafetyGoggles|Intimidate|KnockOff,PartingShot,FlareBlitz,FakeOut|||M|||50|,,,,,Ghost]Ursaluna-Bloodmoon||AssaultVest|MindsEye|BloodMoon,EarthPower,VacuumWave,HyperVoice|||M|||50|,,,,,Water]Dragonite||LoadedDice|Multiscale|ScaleShot,Tailwind,Haze,Protect|||M|||50|,,,,,Fairy
|inactive|Battle timer is ON: inactive players will automatically lose when time's up. (requested by KaiserBN1)
|inactive|KaiserBN1 has 60 seconds left.
|inactive|KaiserBN1 has 30 seconds left.
|
|t:|1756584559
|teamsize|p1|4
|teamsize|p2|4
|start
|switch|p1a: Porygon2|Porygon2, L50|100/100
|switch|p1b: Incineroar|Incineroar, L50, M|100/100
|switch|p2a: 8|Sneasler, L50, F|100/100
|switch|p2b: Luffy|Incineroar, L50, M|100/100
|-ability|p2b: Luffy|Intimidate|boost
|-unboost|p1a: Porygon2|atk|1
|-unboost|p1b: Incineroar|atk|1
|-ability|p1a: Porygon2|Intimidate|Trace|[from] ability: Trace|[of] p2b: Luffy
|-ability|p1a: Porygon2|Intimidate|boost
|-unboost|p2a: 8|atk|1
|-unboost|p2b: Luffy|atk|1
|-ability|p1b: Incineroar|Intimidate|boost
|-unboost|p2a: 8|atk|1
|-unboost|p2b: Luffy|atk|1
|turn|1
|inactive|klear.mbc has 30 seconds left.
|inactive|KaiserBN1 has 30 seconds left.
|
|t:|1756584587
|-terastallize|p1a: Porygon2|Ghost
|move|p2b: Luffy|Fake Out|p1b: Incineroar
|-damage|p1b: Incineroar|95/100
|cant|p1b: Incineroar|flinch
|move|p2a: 8|Close Combat|p1a: Porygon2
|-immune|p1a: Porygon2
|move|p1a: Porygon2|Trick Room|p1a: Porygon2
|-fieldstart|move: Trick Room|[of] p1a: Porygon2
|
|upkeep
|turn|2
|inactive|KaiserBN1 has 30 seconds left.
|
|t:|1756584618
|switch|p1a: Ursaluna|Ursaluna-Bloodmoon, L50, M|100/100
|move|p2a: 8|Protect|p2a: 8
|-singleturn|p2a: 8|Protect
|move|p1b: Incineroar|Parting Shot|p2a: 8
|-activate|p2a: 8|move: Protect
|move|p2b: Luffy|Parting Shot|p1a: Ursaluna
|-unboost|p1a: Ursaluna|atk|1
|-unboost|p1a: Ursaluna|spa|1
|
|t:|1756584636
|switch|p2b: Tony|Ursaluna-Bloodmoon, L50, M|100/100|[from] Parting Shot
|
|upkeep
|turn|3
|
|t:|1756584652
|move|p1b: Incineroar|Parting Shot|p2b: Tony
|-unboost|p2b: Tony|atk|1
|-unboost|p2b: Tony|spa|1
|
|t:|1756584660
|switch|p1b: Porygon2|Porygon2, L50, tera:Ghost|100/100|[from] Parting Shot
|-ability|p1b: Porygon2|Mind's Eye|Trace|[from] ability: Trace|[of] p2b: Tony
|move|p1a: Ursaluna|Blood Moon|p2a: 8
|-damage|p2a: 8|19/100
|move|p2b: Tony|Earth Power|p1b: Porygon2
|-damage|p1b: Porygon2|81/100
|move|p2a: 8|Close Combat|p1a: Ursaluna
|-supereffective|p1a: Ursaluna
|-damage|p1a: Ursaluna|56/100
|-unboost|p2a: 8|def|1
|-unboost|p2a: 8|spd|1
|
|upkeep
|turn|4
|inactive|klear.mbc has 30 seconds left.
|inactive|KaiserBN1 has 30 seconds left.
|inactive|KaiserBN1 has 20 seconds left.
|
|t:|1756584696
|switch|p1a: Incineroar|Incineroar, L50, M|95/100
|-ability|p1a: Incineroar|Intimidate|boost
|-unboost|p2a: 8|atk|1
|-unboost|p2b: Tony|atk|1
|switch|p2a: Say Cheese|Gholdengo, L50|100/100
|move|p1b: Porygon2|Thunderbolt|p2a: Say Cheese
|-damage|p2a: Say Cheese|78/100
|move|p2b: Tony|Hyper Voice|p1a: Incineroar|[spread] p1a,p1b
|-damage|p1a: Incineroar|75/100
|-damage|p1b: Porygon2|67/100
|
|upkeep
|turn|5
|inactive|KaiserBN1 has 30 seconds left.
|inactive|KaiserBN1 has 20 seconds left.
|inactive|KaiserBN1 has 15 seconds left.
|
|t:|1756584737
|switch|p2b: Luffy|Incineroar, L50, M|100/100
|-ability|p2b: Luffy|Intimidate|boost
|-unboost|p1a: Incineroar|atk|1
|-unboost|p1b: Porygon2|atk|1
|move|p2a: Say Cheese|Protect|p2a: Say Cheese
|-singleturn|p2a: Say Cheese|Protect
|move|p1a: Incineroar|Flare Blitz|p2a: Say Cheese
|-activate|p2a: Say Cheese|move: Protect
|move|p1b: Porygon2|Ice Beam|p2b: Luffy
|-resisted|p2b: Luffy
|-damage|p2b: Luffy|91/100
|
|-fieldend|move: Trick Room
|upkeep
|turn|6
|inactive|klear.mbc has 30 seconds left.
|inactive|KaiserBN1 has 30 seconds left.
|inactive|klear.mbc has 20 seconds left.
|inactive|KaiserBN1 has 20 seconds left.
|inactive|klear.mbc has 15 seconds left.
|inactive|KaiserBN1 has 15 seconds left.
|inactive|klear.mbc has 10 seconds left.
|inactive|KaiserBN1 has 10 seconds left.
|inactive|klear.mbc has 5 seconds left.
|inactive|KaiserBN1 has 5 seconds left.
|
|t:|1756584788
|switch|p1b: Ursaluna|Ursaluna-Bloodmoon, L50, M|56/100
|move|p2a: Say Cheese|Shadow Ball|p1b: Ursaluna
|-immune|p1b: Ursaluna
|move|p2b: Luffy|Knock Off|p1b: Ursaluna
|-damage|p1b: Ursaluna|23/100
|-enditem|p1b: Ursaluna|Assault Vest|[from] move: Knock Off|[of] p2b: Luffy
|move|p1a: Incineroar|Flare Blitz|p2a: Say Cheese
|-supereffective|p2a: Say Cheese
|-damage|p2a: Say Cheese|0 fnt
|faint|p2a: Say Cheese
|-damage|p1a: Incineroar|52/100|[from] Recoil
|
|upkeep
|
|t:|1756584801
|switch|p2a: Tony|Ursaluna-Bloodmoon, L50, M|100/100
|turn|7
|
|t:|1756584820
|move|p2b: Luffy|Parting Shot|p1a: Incineroar
|-unboost|p1a: Incineroar|atk|1
|-unboost|p1a: Incineroar|spa|1
|
|t:|1756584824
|switch|p2b: 8|Sneasler, L50, F|19/100|[from] Parting Shot
|move|p2a: Tony|Hyper Voice|p1a: Incineroar|[spread] p1a,p1b
|-crit|p1a: Incineroar
|-damage|p1a: Incineroar|8/100
|-damage|p1b: Ursaluna|0 fnt
|faint|p1b: Ursaluna
|move|p1a: Incineroar|Parting Shot|p2a: Tony
|-unboost|p2a: Tony|atk|1
|-unboost|p2a: Tony|spa|1
|
|t:|1756584830
|switch|p1a: Amoonguss|Amoonguss, L50, F|100/100|[from] Parting Shot
|
|upkeep
|
|t:|1756584833
|switch|p1b: Incineroar|Incineroar, L50, M|8/100
|-ability|p1b: Incineroar|Intimidate|boost
|-unboost|p2a: Tony|atk|1
|-unboost|p2b: 8|atk|1
|turn|8
|
|t:|1756584852
|switch|p2a: Luffy|Incineroar, L50, M|91/100
|-ability|p2a: Luffy|Intimidate|boost
|-unboost|p1a: Amoonguss|atk|1
|-unboost|p1b: Incineroar|atk|1
|move|p2b: 8|Protect|p2b: 8
|-singleturn|p2b: 8|Protect
|move|p1a: Amoonguss|Rage Powder|p1a: Amoonguss
|-singleturn|p1a: Amoonguss|move: Rage Powder
|move|p1b: Incineroar|Parting Shot|p2a: Luffy
|-unboost|p2a: Luffy|atk|1
|-unboost|p2a: Luffy|spa|1
|
|t:|1756584855
|switch|p1b: Porygon2|Porygon2, L50, tera:Ghost|67/100|[from] Parting Shot
|-ability|p1b: Porygon2|Unburden|Trace|[from] ability: Trace|[of] p2b: 8
|
|upkeep
|turn|9
|inactive|KaiserBN1 has 30 seconds left.
|
|t:|1756584887
|move|p1a: Amoonguss|Rage Powder|p1a: Amoonguss
|-singleturn|p1a: Amoonguss|move: Rage Powder
|move|p2b: 8|Dire Claw|p1a: Amoonguss
|-crit|p1a: Amoonguss
|-damage|p1a: Amoonguss|46/100
|move|p2a: Luffy|Knock Off|p1b: Porygon2
|-supereffective|p1b: Porygon2
|-damage|p1b: Porygon2|35/100
|-enditem|p1b: Porygon2|Eviolite|[from] move: Knock Off|[of] p2a: Luffy
|move|p1b: Porygon2|Trick Room|p1b: Porygon2
|-fieldstart|move: Trick Room|[of] p1b: Porygon2
|
|upkeep
|turn|10
|inactive|klear.mbc has 30 seconds left.
|
|t:|1756584918
|move|p2b: 8|Protect|p2b: 8
|-singleturn|p2b: 8|Protect
|move|p1a: Amoonguss|Pollen Puff|p1b: Porygon2
|-heal|p1b: Porygon2|85/100
|move|p2a: Luffy|Parting Shot|p1b: Porygon2
|-unboost|p1b: Porygon2|atk|1
|-unboost|p1b: Porygon2|spa|1
|
|t:|1756584926
|switch|p2a: Tony|Ursaluna-Bloodmoon, L50, M|100/100|[from] Parting Shot
|move|p1b: Porygon2|Recover|p1b: Porygon2
|-heal|p1b: Porygon2|100/100
|
|upkeep
|turn|11
|inactive|KaiserBN1 has 30 seconds left.
|inactive|KaiserBN1 has 20 seconds left.
|
|t:|1756584961
|switch|p1b: Incineroar|Incineroar, L50, M|8/100
|-ability|p1b: Incineroar|Intimidate|boost
|-unboost|p2a: Tony|atk|1
|-unboost|p2b: 8|atk|1
|-terastallize|p2b: 8|Stellar
|move|p1a: Amoonguss|Spore|p2a: Tony
|-status|p2a: Tony|slp|[from] move: Spore
|cant|p2a: Tony|slp
|move|p2b: 8|Dire Claw|p1a: Amoonguss
|-damage|p1a: Amoonguss|25/100
|
|upkeep
|turn|12
|inactive|klear.mbc has 30 seconds left.
|
|t:|1756584993
|move|p2b: 8|Protect|p2b: 8
|-singleturn|p2b: 8|Protect
|cant|p2a: Tony|slp
|move|p1a: Amoonguss|Sludge Bomb|p2b: 8
|-activate|p2b: 8|move: Protect
|move|p1b: Incineroar|Parting Shot|p2a: Tony
|-unboost|p2a: Tony|atk|1
|-unboost|p2a: Tony|spa|1
|
|t:|1756584997
|switch|p1b: Porygon2|Porygon2, L50, tera:Ghost|100/100|[from] Parting Shot
|-ability|p1b: Porygon2|Unburden|Trace|[from] ability: Trace|[of] p2b: 8
|
|upkeep
|turn|13
|
|t:|1756585017
|move|p2b: 8|Protect|p2b: 8
|-singleturn|p2b: 8|Protect
|move|p1a: Amoonguss|Sludge Bomb|p2b: 8
|-activate|p2b: 8|move: Protect
|-curestatus|p2a: Tony|slp|[msg]
|move|p2a: Tony|Hyper Voice|p1b: Porygon2|[spread] p1a,p1b
|-damage|p1a: Amoonguss|5/100
|-damage|p1b: Porygon2|80/100
|move|p1b: Porygon2|Ice Beam|p2a: Tony
|-supereffective|p2a: Tony
|-damage|p2a: Tony|69/100
|
|-fieldend|move: Trick Room
|upkeep
|turn|14
|
|t:|1756585042
|switch|p1a: Incineroar|Incineroar, L50, M|8/100
|-ability|p1a: Incineroar|Intimidate|boost
|-unboost|p2a: Tony|atk|1
|-unboost|p2b: 8|atk|1
|move|p2b: 8|Dire Claw|p1a: Incineroar
|-damage|p1a: Incineroar|0 fnt
|faint|p1a: Incineroar
|move|p2a: Tony|Blood Moon|p1b: Porygon2
|-damage|p1b: Porygon2|33/100
|move|p1b: Porygon2|Trick Room|p1b: Porygon2
|-fieldstart|move: Trick Room|[of] p1b: Porygon2
|
|upkeep
|
|t:|1756585050
|switch|p1a: Amoonguss|Amoonguss, L50, F|38/100
|turn|15
|inactive|KaiserBN1 has 30 seconds left.
|inactive|KaiserBN1 has 20 seconds left.
|inactive|KaiserBN1 has 15 seconds left.
|inactive|KaiserBN1 has 10 seconds left.
|inactive|KaiserBN1 has 5 seconds left.
|
|t:|1756585080
|move|p2a: Tony|Vacuum Wave|p1b: Porygon2
|-damage|p1b: Porygon2|25/100
|move|p1a: Amoonguss|Spore|p2a: Tony
|-status|p2a: Tony|slp|[from] move: Spore
|move|p1b: Porygon2|Recover|p1b: Porygon2
|-heal|p1b: Porygon2|75/100
|move|p2b: 8|Throat Chop|p1b: Porygon2
|-supereffective|p1b: Porygon2
|-damage|p1b: Porygon2|51/100
|-start|p1b: Porygon2|Throat Chop|[silent]
|
|upkeep
|turn|16
|inactive|KaiserBN1 has 5 seconds left this turn.
|-message|KaiserBN1 lost due to inactivity.
|
|win|klear.mbc
|l|☆klear.mbc
|player|p1|
||KaiserBN1 is ready for game 2.
|inactive|klear.mbc has 30 seconds to confirm battle start!
|inactive|klear.mbc has 20 seconds to confirm battle start!
||klear.mbc is ready for game 2.
|uhtml|next|Next: Game 2 of 3
