|j|☆Glavenus71601
|j|☆dyd666
|html|Glavenus71601dyd666    
|uhtml|bestof|Game 1 of a best-of-3
|t:|1756898610
|gametype|doubles
|player|p1|Glavenus71601|fisherman-gen4|1116
|player|p2|dyd666|170|1120
|gen|9
|tier|[Gen 9] VGC 2025 Reg H (Bo3)
|rated|
|rule|Species Clause: Limit one of each Pokémon
|rule|Item Clause: Limit 1 of each item
|clearpoke
|poke|p1|Pelipper, L50, M|
|poke|p1|Basculegion, L50, M|
|poke|p1|Archaludon, L50, F|
|poke|p1|Gholdengo, L50|
|poke|p1|Garchomp, L50, M|
|poke|p1|Rillaboom, L50, F|
|poke|p2|Grimmsnarl, L50, M|
|poke|p2|Annihilape, L50, M|
|poke|p2|Maushold, L50|
|poke|p2|Ursaluna-Bloodmoon, L50, M|
|poke|p2|Archaludon, L50, M|
|poke|p2|Murkrow, L50, M|
|teampreview|4
|showteam|p1|Pelipper||FocusSash|Drizzle|WeatherBall,Hurricane,Tailwind,Protect|||M|||50|,,,,,Ghost]Basculegion||ChoiceBand|SwiftSwim|WaveCrash,FlipTurn,LastRespects,AquaJet|||M|||50|,,,,,Water]Archaludon||AssaultVest|Stamina|ElectroShot,BodyPress,DragonPulse,FlashCannon|||F|||50|,,,,,Grass]Gholdengo||MetalCoat|GoodasGold|NastyPlot,ShadowBall,MakeItRain,Protect||||||50|,,,,,Water]Garchomp||LifeOrb|RoughSkin|RockSlide,StompingTantrum,Protect,DragonClaw|||M|||50|,,,,,Steel]Rillaboom||LoadedDice|GrassySurge|GrassyGlide,FakeOut,BulletSeed,HighHorsepower|||F|||50|,,,,,Fire
|showteam|p2|Grimmsnarl||LightClay|Prankster|MistyTerrain,Reflect,LightScreen,SpiritBreak|||M|||50|,,,,,Ghost]Annihilape||Leftovers|Defiant|BulkUp,RageFist,DrainPunch,Protect|||M|||50|,,,,,Water]Maushold||WideLens|Technician|PopulationBomb,BeatUp,Taunt,Protect||||||50|,,,,,Ghost]Ursaluna-Bloodmoon||SilkScarf|MindsEye|HyperVoice,BloodMoon,EarthPower,Protect|||M|||50|,,,,,Normal]Archaludon||AssaultVest|Stamina|FlashCannon,DracoMeteor,ElectroShot,BodyPress|||M|||50|,,,,,Ghost]Murkrow||Eviolite|Prankster|Tailwind,RainDance,Haze,BraveBird|||M|||50|,,,,,Ghost
|
|t:|1756898690
|teamsize|p1|4
|teamsize|p2|4
|start
|switch|p1a: Mx Money|Gholdengo, L50|100/100
|switch|p1b: Choemp|Garchomp, L50, M|100/100
|switch|p2a: Maushold|Maushold, L50|100/100
|switch|p2b: Archaludon|Archaludon, L50, M|100/100
|turn|1
|
|t:|1756898718
|move|p1b: Choemp|Protect|p1b: Choemp
|-singleturn|p1b: Choemp|Protect
|move|p2a: Maushold|Population Bomb|p2b: Archaludon
|-resisted|p2b: Archaludon
|-crit|p2b: Archaludon
|-damage|p2b: Archaludon|94/100
|-ability|p2b: Archaludon|Stamina|boost
|-boost|p2b: Archaludon|def|1
|-resisted|p2b: Archaludon
|-damage|p2b: Archaludon|91/100
|-ability|p2b: Archaludon|Stamina|boost
|-boost|p2b: Archaludon|def|1
|-resisted|p2b: Archaludon
|-damage|p2b: Archaludon|88/100
|-ability|p2b: Archaludon|Stamina|boost
|-boost|p2b: Archaludon|def|1
|-resisted|p2b: Archaludon
|-damage|p2b: Archaludon|87/100
|-ability|p2b: Archaludon|Stamina|boost
|-boost|p2b: Archaludon|def|1
|-resisted|p2b: Archaludon
|-damage|p2b: Archaludon|85/100
|-ability|p2b: Archaludon|Stamina|boost
|-boost|p2b: Archaludon|def|1
|-resisted|p2b: Archaludon
|-damage|p2b: Archaludon|84/100
|-ability|p2b: Archaludon|Stamina|boost
|-boost|p2b: Archaludon|def|1
|-resisted|p2b: Archaludon
|-damage|p2b: Archaludon|82/100
|-resisted|p2b: Archaludon
|-damage|p2b: Archaludon|81/100
|-resisted|p2b: Archaludon
|-damage|p2b: Archaludon|80/100
|-resisted|p2b: Archaludon
|-damage|p2b: Archaludon|79/100
|-hitcount|p2b: Archaludon|10
|move|p2b: Archaludon|Body Press|p1b: Choemp
|-activate|p1b: Choemp|move: Protect
|move|p1a: Mx Money|Nasty Plot|p1a: Mx Money
|-boost|p1a: Mx Money|spa|2
|
|upkeep
|turn|2
|
|t:|1756898760
|move|p2a: Maushold|Beat Up|p1a: Mx Money
|-supereffective|p1a: Mx Money
|-damage|p1a: Mx Money|89/100
|-supereffective|p1a: Mx Money
|-damage|p1a: Mx Money|75/100
|-supereffective|p1a: Mx Money
|-damage|p1a: Mx Money|63/100
|-supereffective|p1a: Mx Money
|-damage|p1a: Mx Money|50/100
|-hitcount|p1a: Mx Money|4
|move|p1b: Choemp|Rock Slide|p2b: Archaludon|[spread] p2a,p2b
|-resisted|p2b: Archaludon
|-damage|p2a: Maushold|58/100
|-damage|p2b: Archaludon|76/100
|-damage|p1b: Choemp|91/100|[from] item: Life Orb
|cant|p2b: Archaludon|flinch
|move|p1a: Mx Money|Shadow Ball|p2b: Archaludon
|-damage|p2b: Archaludon|15/100
|-unboost|p2b: Archaludon|spd|1
|
|upkeep
|turn|3
|
|t:|1756898789
|move|p2a: Maushold|Beat Up|p1a: Mx Money
|-supereffective|p1a: Mx Money
|-damage|p1a: Mx Money|39/100
|-supereffective|p1a: Mx Money
|-damage|p1a: Mx Money|26/100
|-supereffective|p1a: Mx Money
|-damage|p1a: Mx Money|15/100
|-supereffective|p1a: Mx Money
|-damage|p1a: Mx Money|2/100
|-hitcount|p1a: Mx Money|4
|move|p1b: Choemp|Stomping Tantrum|p2a: Maushold
|-damage|p2a: Maushold|0 fnt
|faint|p2a: Maushold
|-damage|p1b: Choemp|81/100|[from] item: Life Orb
|move|p2b: Archaludon|Body Press|p1b: Choemp
|-damage|p1b: Choemp|0 fnt
|-damage|p2b: Archaludon|3/100|[from] ability: Rough Skin|[of] p1b: Choemp
|faint|p1b: Choemp
|move|p1a: Mx Money|Make It Rain|p2b: Archaludon
|-resisted|p2b: Archaludon
|-damage|p2b: Archaludon|0 fnt
|-unboost|p1a: Mx Money|spa|1
|faint|p2b: Archaludon
|
|upkeep
|
|t:|1756898814
|switch|p2a: Ursaluna|Ursaluna-Bloodmoon, L50, M|100/100
|switch|p1b: Fort Pitt|Archaludon, L50, F|100/100
|switch|p2b: Annihilape|Annihilape, L50, M|100/100
|turn|4
|
|t:|1756898850
|-terastallize|p1b: Fort Pitt|Grass
|move|p2b: Annihilape|Rage Fist|p1a: Mx Money
|-supereffective|p1a: Mx Money
|-damage|p1a: Mx Money|0 fnt
|faint|p1a: Mx Money
|move|p1b: Fort Pitt|Dragon Pulse|p2a: Ursaluna
|-damage|p2a: Ursaluna|49/100
|move|p2a: Ursaluna|Earth Power|p1b: Fort Pitt
|-resisted|p1b: Fort Pitt
|-damage|p1b: Fort Pitt|82/100
|-ability|p1b: Fort Pitt|Stamina|boost
|-boost|p1b: Fort Pitt|def|1
|
|upkeep
|
|t:|1756898878
|switch|p1a: Pelican Sam|Pelipper, L50, M|100/100
|-weather|RainDance|[from] ability: Drizzle|[of] p1a: Pelican Sam
|turn|5
|
|t:|1756898893
|-terastallize|p2a: Ursaluna|Normal
|move|p2b: Annihilape|Drain Punch|p1b: Fort Pitt
|-damage|p1b: Fort Pitt|66/100
|-ability|p1b: Fort Pitt|Stamina|boost
|-boost|p1b: Fort Pitt|def|1
|move|p1a: Pelican Sam|Tailwind|p1a: Pelican Sam
|-sidestart|p1: Glavenus71601|move: Tailwind
|move|p1b: Fort Pitt|Dragon Pulse|p2a: Ursaluna
|-damage|p2a: Ursaluna|0 fnt
|faint|p2a: Ursaluna
|
|-weather|RainDance|[upkeep]
|upkeep
|turn|6
|
|t:|1756898912
|move|p1a: Pelican Sam|Hurricane|p2b: Annihilape
|-supereffective|p2b: Annihilape
|-damage|p2b: Annihilape|27/100
|move|p1b: Fort Pitt|Electro Shot||[still]
|-prepare|p1b: Fort Pitt|Electro Shot
|-boost|p1b: Fort Pitt|spa|1
|-anim|p1b: Fort Pitt|Electro Shot|p2b: Annihilape
|-damage|p2b: Annihilape|0 fnt
|faint|p2b: Annihilape
|
|win|Glavenus71601
||Glavenus71601 is ready for game 2.
|inactive|dyd666 has 30 seconds to confirm battle start!
|inactive|dyd666 has 20 seconds to confirm battle start!
|inactive|dyd666 has 10 seconds to confirm battle start!
|uhtml|next|Next: Game 2 of 3
