|j|☆Iceman5687
|j|☆theonlyambipomfan
|html|Iceman5687theonlyambipomfan    
|uhtml|bestof|Game 3 of a best-of-3
|t:|1784006040
|gametype|doubles
|player|p1|Iceman5687|265|1114
|player|p2|theonlyambipomfan|volkner|1136
|gen|9
|tier|[Gen 9 Champions] VGC 2026 Reg M-B (Bo3)
|rated|
|rule|Species Clause: Limit one of each Pokémon
|rule|Item Clause: Limit 1 of each item
|clearpoke
|poke|p1|Sylveon, L50, F, shiny|
|poke|p1|Basculegion, L50, M|
|poke|p1|Kingambit, L50, F, shiny|
|poke|p1|Garchomp, L50, F|
|poke|p1|Charizard, L50, F, shiny|
|poke|p1|Whimsicott, L50, M, shiny|
|poke|p2|Glimmora, L50, F, shiny|
|poke|p2|Whimsicott, L50, F|
|poke|p2|Incineroar, L50, F, shiny|
|poke|p2|Kommo-o, L50, M|
|poke|p2|Basculegion, L50, M, shiny|
|poke|p2|Rotom-Frost, L50|
|teampreview|4
|showteam|p1|Sylveon||FairyFeather|Pixilate|HyperVoice,QuickAttack,Protect,HyperBeam|Modest||F|||50|]Basculegion||LifeOrb|Adaptability|WaveCrash,LastRespects,AquaJet,Protect|Adamant||M|||50|]Kingambit||ChopleBerry|Defiant|KowtowCleave,IronHead,SuckerPunch,LowKick|Adamant||F|||50|]Garchomp||RoseliBerry|RoughSkin|Earthquake,RockSlide,DragonClaw,PoisonJab|Adamant||F|||50|]Charizard||CharizarditeY|Blaze|HeatWave,WeatherBall,SolarBeam,Protect|Modest||F|||50|]Whimsicott||FocusSash|Prankster|Moonblast,Tailwind,Encore,Protect|Timid||M|||50|
|showteam|p2|Glimmora||Glimmoranite|ToxicDebris|SludgeBomb,PowerGem,EnergyBall,SpikyShield|Timid||F|||50|]Whimsicott||FocusSash|Prankster|Tailwind,Encore,GrassKnot,Protect|Bold||F|||50|]Incineroar||ExpertBelt|Intimidate|FakeOut,FlareBlitz,PartingShot,DarkestLariat|Adamant||F|||50|]Kommo-o||SitrusBerry|Bulletproof|ClangorousSoul,ClangingScales,VacuumWave,Protect|Timid||M|||50|]Basculegion||ChoiceScarf|Adaptability|WaveCrash,LastRespects,IceFang,FlipTurn|Jolly||M|||50|]Rotom-Frost||LifeOrb|Levitate|WillOWisp,VoltSwitch,Thunderbolt,Blizzard|Timid|||||50|
|
|t:|1784006062
|teamsize|p1|4
|teamsize|p2|4
|start
|switch|p1a: Whimsicott|Whimsicott, L50, M, shiny|100/100
|switch|p1b: Charizard|Charizard, L50, F, shiny|100/100
|switch|p2a: Glimmora|Glimmora, L50, F, shiny|100/100
|switch|p2b: Whimsicott|Whimsicott, L50, F|100/100
|turn|1
|
|t:|1784006083
|switch|p1b: Garchomp|Garchomp, L50, F|100/100
|detailschange|p2a: Glimmora|Glimmora-Mega, L50, F, shiny
|-mega|p2a: Glimmora|Glimmora|Glimmoranite
|move|p1a: Whimsicott|Tailwind|p1a: Whimsicott
|-sidestart|p1: Iceman5687|move: Tailwind
|move|p2b: Whimsicott|Tailwind|p2b: Whimsicott
|-sidestart|p2: theonlyambipomfan|move: Tailwind
|move|p2a: Glimmora|Power Gem|p1b: Garchomp
|-resisted|p1b: Garchomp|1
|-damage|p1b: Garchomp|72/100
|
|upkeep
|turn|2
|
|t:|1784006110
|switch|p2b: Incineroar|Incineroar, L50, F, shiny|100/100
|-ability|p2b: Incineroar|Intimidate|boost
|-unboost|p1a: Whimsicott|atk|1
|-unboost|p1b: Garchomp|atk|1
|move|p2a: Glimmora|Spiky Shield|p2a: Glimmora
|-singleturn|p2a: Glimmora|move: Protect
|move|p1a: Whimsicott|Encore|p2a: Glimmora
|-activate|p2a: Glimmora|move: Protect
|move|p1b: Garchomp|Earthquake|p2b: Incineroar|[spread] p1a,p2b
|-activate|p2a: Glimmora|move: Protect
|-resisted|p1a: Whimsicott|1
|-supereffective|p2b: Incineroar|1
|-damage|p1a: Whimsicott|81/100
|-damage|p2b: Incineroar|45/100
|
|upkeep
|turn|3
|
|t:|1784006132
|switch|p2a: Whimsicott|Whimsicott, L50, F|100/100
|move|p1a: Whimsicott|Encore||[still]
|-fail|p1a: Whimsicott
|move|p1b: Garchomp|Earthquake|p2a: Whimsicott|[spread] p1a,p2a,p2b
|-resisted|p1a: Whimsicott|1
|-resisted|p2a: Whimsicott|1
|-supereffective|p2b: Incineroar|1
|-damage|p1a: Whimsicott|62/100
|-damage|p2a: Whimsicott|89/100
|-damage|p2b: Incineroar|0 fnt
|faint|p2b: Incineroar
|
|upkeep
|
|t:|1784006145
|switch|p2b: Basculegion|Basculegion, L50, M, shiny|100/100
|turn|4
|
|t:|1784006156
|switch|p1b: Charizard|Charizard, L50, F, shiny|100/100
|move|p1a: Whimsicott|Protect|p1a: Whimsicott
|-singleturn|p1a: Whimsicott|Protect
|move|p2a: Whimsicott|Protect|p2a: Whimsicott
|-singleturn|p2a: Whimsicott|Protect
|move|p2b: Basculegion|Ice Fang|p1b: Charizard
|-damage|p1b: Charizard|81/100
|
|-sideend|p2: theonlyambipomfan|move: Tailwind
|-sideend|p1: Iceman5687|move: Tailwind
|upkeep
|turn|5
|
|t:|1784006171
|detailschange|p1b: Charizard|Charizard-Mega-Y, L50, F, shiny
|-mega|p1b: Charizard|Charizard|Charizardite Y
|-weather|SunnyDay|[from] ability: Drought|[of] p1b: Charizard
|move|p1a: Whimsicott|Encore|p2a: Whimsicott
|-start|p2a: Whimsicott|Encore
|move|p2a: Whimsicott|Protect||[still]
|-fail|p2a: Whimsicott
|move|p2b: Basculegion|Ice Fang|p1a: Whimsicott
|-supereffective|p1a: Whimsicott|1
|-damage|p1a: Whimsicott|0 fnt
|faint|p1a: Whimsicott
|move|p1b: Charizard|Heat Wave|p2a: Whimsicott|[spread] p2a,p2b
|-supereffective|p2a: Whimsicott|1
|-resisted|p2b: Basculegion|1
|-damage|p2a: Whimsicott|0 fnt
|-damage|p2b: Basculegion|64/100
|faint|p2a: Whimsicott
|
|-weather|SunnyDay|[upkeep]
|upkeep
|
|t:|1784006185
|switch|p1a: Basculegion|Basculegion, L50, M|100/100
|switch|p2a: Glimmora|Glimmora-Mega, L50, F, shiny|100/100
|turn|6
|
|t:|1784006209
|move|p1b: Charizard|Protect|p1b: Charizard
|-singleturn|p1b: Charizard|Protect
|move|p2b: Basculegion|Ice Fang|p1a: Basculegion
|-resisted|p1a: Basculegion|1
|-damage|p1a: Basculegion|88/100
|move|p2a: Glimmora|Power Gem|p1b: Charizard
|-activate|p1b: Charizard|move: Protect
|move|p1a: Basculegion|Wave Crash|p2a: Glimmora
|-supereffective|p2a: Glimmora|1
|-damage|p2a: Glimmora|0 fnt
|faint|p2a: Glimmora
|-damage|p1a: Basculegion|61/100|[from] Recoil
|-damage|p1a: Basculegion|51/100|[from] item: Life Orb
|
|-weather|SunnyDay|[upkeep]
|upkeep
|turn|7
|-message|theonlyambipomfan forfeited.
|
|win|Iceman5687
|raw|Iceman5687's rating: 1114 → 1141(+27 for winning)
|raw|theonlyambipomfan's rating: 1136 → 1109(-27 for losing)
