|j|☆fosa25
|j|☆walruslord777
|html|fosa25walruslord777    
|uhtml|bestof|Game 1 of a best-of-3
|t:|1756484626
|gametype|doubles
|player|p1|fosa25|psychicf|1079
|player|p2|walruslord777|camper|1018
|gen|9
|tier|[Gen 9] VGC 2025 Reg H (Bo3)
|rated|
|rule|Species Clause: Limit one of each Pokémon
|rule|Item Clause: Limit 1 of each item
|clearpoke
|poke|p1|Hatterene, L50, F|
|poke|p1|Torkoal, L50, M|
|poke|p1|Armarouge, L50, M|
|poke|p1|Gallade, L50, M|
|poke|p1|Indeedee-F, L50, F|
|poke|p1|Ursaluna, L50, F|
|poke|p2|Farigiraf, L50, M|
|poke|p2|Salamence, L50, F|
|poke|p2|Gholdengo, L50|
|poke|p2|Ursaluna, L50, M|
|poke|p2|Incineroar, L50, M|
|poke|p2|Rillaboom, L50, F|
|teampreview|4
|showteam|p1|Hatterene||LifeOrb|MagicBounce|ExpandingForce,DazzlingGleam,TrickRoom,Psychic|||F|||50|,,,,,Psychic]Torkoal||Charcoal|Drought|Eruption,WeatherBall,Protect,Yawn|||M|||50|,,,,,Fire]Armarouge||PowerHerb|FlashFire|MeteorBeam,TrickRoom,ExpandingForce,ArmorCannon|||M|||50|,,,,,Grass]Gallade||ClearAmulet|Sharpness|SacredSword,PsychoCut,WideGuard,TrickRoom|||M|||50|,,,,,Fire]Indeedee-F||SafetyGoggles|PsychicSurge|FollowMe,HelpingHand,TrickRoom,AlluringVoice|||F|||50|,,,,,Fairy]Ursaluna||FlameOrb|Guts|Facade,HeadlongRush,Roar,Protect|||F|||50|,,,,,Fairy
|showteam|p2|Farigiraf||MentalHerb|ArmorTail|TrickRoom,Protect,HyperVoice,HelpingHand|||M|||50|,,,,,Fairy]Salamence||CovertCloak|Intimidate|Tailwind,DracoMeteor,Flamethrower,Protect|||F|||50|,,,,,Fire]Gholdengo||LifeOrb|GoodasGold|MakeItRain,ShadowBall,Protect,NastyPlot||||||50|,,,,,Water]Ursaluna||FlameOrb|Guts|Facade,HeadlongRush,Earthquake,Protect|||M|||50|,,,,,Ghost]Incineroar||SafetyGoggles|Intimidate|FakeOut,PartingShot,KnockOff,HelpingHand|||M|||50|,,,,,Ghost]Rillaboom||AssaultVest|GrassySurge|FakeOut,GrassyGlide,Uturn,WoodHammer|||F|||50|,,,,,Poison
|inactive|Battle timer is ON: inactive players will automatically lose when time's up. (requested by fosa25)
|inactive|fosa25 has 60 seconds left.
|inactive|walruslord777 has 60 seconds left.
|
|t:|1756484677
|teamsize|p1|4
|teamsize|p2|4
|start
|switch|p1a: Indeedee|Indeedee-F, L50, F|100/100
|switch|p1b: Armarouge|Armarouge, L50, M|100/100
|switch|p2a: Pressure|Gholdengo, L50|100/100
|switch|p2b: Goat|Incineroar, L50, M|100/100
|-fieldstart|move: Psychic Terrain|[from] ability: Psychic Surge|[of] p1a: Indeedee
|-ability|p2b: Goat|Intimidate|boost
|-unboost|p1a: Indeedee|atk|1
|-unboost|p1b: Armarouge|atk|1
|turn|1
|
|t:|1756484690
|switch|p2b: Okboomer|Rillaboom, L50, F|100/100
|-fieldstart|move: Grassy Terrain|[from] ability: Grassy Surge|[of] p2b: Okboomer
|move|p2a: Pressure|Nasty Plot|p2a: Pressure
|-boost|p2a: Pressure|spa|2
|move|p1b: Armarouge|Meteor Beam||[still]
|-prepare|p1b: Armarouge|Meteor Beam
|-boost|p1b: Armarouge|spa|1
|-enditem|p1b: Armarouge|Power Herb
|-anim|p1b: Armarouge|Meteor Beam|p2b: Okboomer
|-damage|p2b: Okboomer|47/100
|move|p1a: Indeedee|Trick Room|p1a: Indeedee
|-fieldstart|move: Trick Room|[of] p1a: Indeedee
|
|-heal|p2b: Okboomer|53/100|[from] Grassy Terrain
|upkeep
|turn|2
|inactive|walruslord777 has 30 seconds left.
|inactive|walruslord777 has 20 seconds left.
|
|t:|1756484728
|move|p1a: Indeedee|Follow Me|p1a: Indeedee
|-singleturn|p1a: Indeedee|move: Follow Me
|move|p2b: Okboomer|Grassy Glide|p1a: Indeedee
|-damage|p1a: Indeedee|61/100
|move|p1b: Armarouge|Expanding Force|p2b: Okboomer
|-damage|p2b: Okboomer|6/100
|move|p2a: Pressure|Make It Rain|p1a: Indeedee|[spread] p1a,p1b
|-resisted|p1b: Armarouge
|-damage|p1a: Indeedee|0 fnt
|-damage|p1b: Armarouge|40/100
|-unboost|p2a: Pressure|spa|1
|faint|p1a: Indeedee
|-damage|p2a: Pressure|91/100|[from] item: Life Orb
|
|-heal|p1b: Armarouge|46/100|[from] Grassy Terrain
|-heal|p2b: Okboomer|12/100|[from] Grassy Terrain
|-heal|p2a: Pressure|97/100|[from] Grassy Terrain
|upkeep
|
|t:|1756484733
|switch|p1a: Torkoal|Torkoal, L50, M|100/100
|-weather|SunnyDay|[from] ability: Drought|[of] p1a: Torkoal
|turn|3
|
|t:|1756484754
|-terastallize|p1a: Torkoal|Fire
|move|p2a: Pressure|Protect|p2a: Pressure
|-singleturn|p2a: Pressure|Protect
|move|p2b: Okboomer|Grassy Glide|p1a: Torkoal
|-resisted|p1a: Torkoal
|-damage|p1a: Torkoal|84/100
|move|p1a: Torkoal|Eruption|p2a: Pressure|[spread] p2b
|-activate|p2a: Pressure|move: Protect
|-supereffective|p2b: Okboomer
|-damage|p2b: Okboomer|0 fnt
|faint|p2b: Okboomer
|move|p1b: Armarouge|Expanding Force|p2a: Pressure
|-activate|p2a: Pressure|move: Protect
|
|-weather|SunnyDay|[upkeep]
|-heal|p1a: Torkoal|90/100|[from] Grassy Terrain
|-heal|p1b: Armarouge|52/100|[from] Grassy Terrain
|-heal|p2a: Pressure|100/100|[from] Grassy Terrain
|upkeep
|
|t:|1756484770
|switch|p2b: Goat|Incineroar, L50, M|100/100
|-ability|p2b: Goat|Intimidate|boost
|-unboost|p1a: Torkoal|atk|1
|-unboost|p1b: Armarouge|atk|1
|turn|4
|
|t:|1756484784
|move|p2b: Goat|Fake Out|p1a: Torkoal
|-damage|p1a: Torkoal|82/100
|cant|p1a: Torkoal|flinch
|move|p1b: Armarouge|Armor Cannon|p2a: Pressure
|-supereffective|p2a: Pressure
|-damage|p2a: Pressure|0 fnt
|-unboost|p1b: Armarouge|def|1
|-unboost|p1b: Armarouge|spd|1
|faint|p2a: Pressure
|
|-weather|SunnyDay|[upkeep]
|-heal|p1a: Torkoal|87/100|[from] Grassy Terrain
|-heal|p1b: Armarouge|58/100|[from] Grassy Terrain
|upkeep
|
|t:|1756484797
|switch|p2a: Fearme|Ursaluna, L50, M|100/100
|turn|5
|-message|walruslord777 forfeited.
|
|win|fosa25
|l|☆walruslord777
|player|p2|
||walruslord777 is ready for game 2.
||fosa25 is ready for game 2.
|uhtml|next|Next: Game 2 of 3
