|j|☆impno
|j|☆washingtongargacha
|html|impnowashingtongargacha    
|uhtml|bestof|Game 2 of a best-of-3
|t:|1757720442
|gametype|doubles
|player|p1|impno|ethan|1009
|player|p2|washingtongargacha|101|1158
|gen|9
|tier|[Gen 9] VGC 2025 Reg H (Bo3)
|rated|
|rule|Species Clause: Limit one of each Pokémon
|rule|Item Clause: Limit 1 of each item
|clearpoke
|poke|p1|Electabuzz, L50, F|
|poke|p1|Primarina, L50, M|
|poke|p1|Volcarona, L50, M|
|poke|p1|Baxcalibur, L50, M|
|poke|p1|Hydreigon, L50, F|
|poke|p1|Sneasler, L50, F|
|poke|p2|Talonflame, L50, M|
|poke|p2|Gholdengo, L50|
|poke|p2|Dragonite, L50, F|
|poke|p2|Archaludon, L50, M|
|poke|p2|Tyranitar, L50, M|
|poke|p2|Garchomp, L50, M|
|teampreview|4
|showteam|p1|Electabuzz||Eviolite|VitalSpirit|FollowMe,Thunderbolt,ThunderWave,Electroweb|||F|||50|,,,,,Flying]Primarina||ThroatSpray|LiquidVoice|HyperVoice,DazzlingGleam,IcyWind,Protect|||M|||50|,,,,,Steel]Volcarona||RockyHelmet|FlameBody|FieryDance,QuiverDance,StruggleBug,Tailwind|||M|||50|,,,,,Water]Baxcalibur||LoadedDice|ThermalExchange|ScaleShot,IceShard,IcicleSpear,Protect|||M|||50|,,,,,Poison]Hydreigon||LifeOrb|Levitate|Snarl,DragonPulse,FocusBlast,Tailwind|||F|||50|,,,,,Steel]Sneasler||FocusSash|Unburden|FakeOut,DireClaw,Coaching,CloseCombat|||F|||50|,,,,,Fighting
|showteam|p2|Talonflame||CovertCloak|GaleWings|Tailwind,DualWingbeat,Taunt,FlareBlitz|||M|||50|,,,,,Stellar]Gholdengo||LifeOrb|GoodasGold|MakeItRain,NastyPlot,ShadowBall,Protect||||||50|,,,,,Steel]Dragonite||LoadedDice|Multiscale|ScaleShot,IceSpinner,Haze,Protect|||F|||50|,,,,,Steel]Archaludon||PowerHerb|Sturdy|FlashCannon,ElectroShot,DracoMeteor,Protect|||M|||50|,,,,,Flying]Tyranitar||AssaultVest|SandStream|KnockOff,RockSlide,TeraBlast,LowKick|||M|||50|,,,,,Flying]Garchomp||ClearAmulet|RoughSkin|DragonClaw,StompingTantrum,Earthquake,Protect|||M|||50|,,,,,Steel
|
|t:|1757720489
|teamsize|p1|4
|teamsize|p2|4
|start
|switch|p1a: Sneasler|Sneasler, L50, F, shiny|100/100
|switch|p1b: Baxcalibur|Baxcalibur, L50, M, shiny|100/100
|switch|p2a: Talonflame|Talonflame, L50, M|100/100
|switch|p2b: Gholdengo|Gholdengo, L50|100/100
|turn|1
|
|t:|1757720523
|move|p2a: Talonflame|Flare Blitz|p1b: Baxcalibur
|-damage|p1b: Baxcalibur|56/100
|-ability|p1b: Baxcalibur|Thermal Exchange|boost
|-boost|p1b: Baxcalibur|atk|1
|-damage|p2a: Talonflame|83/100|[from] Recoil
|move|p1a: Sneasler|Coaching|p1b: Baxcalibur
|-boost|p1b: Baxcalibur|atk|1
|-boost|p1b: Baxcalibur|def|1
|move|p1b: Baxcalibur|Scale Shot|p2a: Talonflame
|-damage|p2a: Talonflame|38/100
|-damage|p2a: Talonflame|0 fnt
|faint|p2a: Talonflame
|-hitcount|p2: Talonflame|2
|-unboost|p1b: Baxcalibur|def|1
|-boost|p1b: Baxcalibur|spe|1
|move|p2b: Gholdengo|Make It Rain|p1a: Sneasler|[spread] p1a,p1b
|-supereffective|p1b: Baxcalibur
|-enditem|p1a: Sneasler|Focus Sash
|-damage|p1a: Sneasler|1/100
|-damage|p1b: Baxcalibur|0 fnt
|-unboost|p2b: Gholdengo|spa|1
|faint|p1b: Baxcalibur
|-damage|p2b: Gholdengo|91/100|[from] item: Life Orb
|
|upkeep
|
|t:|1757720564
|switch|p2a: Dragonite|Dragonite, L50, F|100/100
|switch|p1b: Hydreigon|Hydreigon, L50, F, shiny|100/100
|turn|2
|
|t:|1757720590
|-terastallize|p1b: Hydreigon|Steel
|move|p1a: Sneasler|Dire Claw|p2a: Dragonite
|-damage|p2a: Dragonite|78/100
|-status|p2a: Dragonite|par
|move|p1b: Hydreigon|Snarl|p2b: Gholdengo|[spread] p2a,p2b
|-supereffective|p2b: Gholdengo
|-damage|p2a: Dragonite|47/100 par
|-damage|p2b: Gholdengo|23/100
|-unboost|p2a: Dragonite|spa|1
|-unboost|p2b: Gholdengo|spa|1
|-damage|p1b: Hydreigon|91/100|[from] item: Life Orb
|move|p2b: Gholdengo|Make It Rain|p1b: Hydreigon|[spread] p1a,p1b
|-resisted|p1b: Hydreigon
|-damage|p1a: Sneasler|0 fnt
|-damage|p1b: Hydreigon|71/100
|-unboost|p2b: Gholdengo|spa|1
|faint|p1a: Sneasler
|-damage|p2b: Gholdengo|13/100|[from] item: Life Orb
|move|p2a: Dragonite|Scale Shot|p1b: Hydreigon
|-resisted|p1b: Hydreigon
|-damage|p1b: Hydreigon|62/100
|-resisted|p1b: Hydreigon
|-crit|p1b: Hydreigon
|-damage|p1b: Hydreigon|47/100
|-resisted|p1b: Hydreigon
|-damage|p1b: Hydreigon|39/100
|-resisted|p1b: Hydreigon
|-damage|p1b: Hydreigon|30/100
|-resisted|p1b: Hydreigon
|-damage|p1b: Hydreigon|22/100
|-hitcount|p1b: Hydreigon|5
|-unboost|p2a: Dragonite|def|1
|-boost|p2a: Dragonite|spe|1
|
|upkeep
|
|t:|1757720604
|switch|p1a: Primarina|Primarina, L50, M, shiny|100/100
|turn|3
|j| LeMaitreCroissant
|
|t:|1757720642
|move|p1b: Hydreigon|Snarl|p2a: Dragonite|[spread] p2a,p2b
|-supereffective|p2b: Gholdengo
|-damage|p2a: Dragonite|15/100 par
|-damage|p2b: Gholdengo|0 fnt
|-unboost|p2a: Dragonite|spa|1
|faint|p2b: Gholdengo
|-damage|p1b: Hydreigon|12/100|[from] item: Life Orb
|move|p2a: Dragonite|Scale Shot|p1b: Hydreigon
|-resisted|p1b: Hydreigon
|-damage|p1b: Hydreigon|4/100
|-resisted|p1b: Hydreigon
|-damage|p1b: Hydreigon|0 fnt
|faint|p1b: Hydreigon
|-hitcount|p1: Hydreigon|2
|-unboost|p2a: Dragonite|def|1
|-boost|p2a: Dragonite|spe|1
|move|p1a: Primarina|Hyper Voice|p2a: Dragonite
|-resisted|p2a: Dragonite
|-damage|p2a: Dragonite|0 fnt
|faint|p2a: Dragonite
|-enditem|p1a: Primarina|Throat Spray
|-boost|p1a: Primarina|spa|1|[from] item: Throat Spray
|
|upkeep
|
|t:|1757720661
|switch|p2b: Archaludon|Archaludon, L50, M|100/100
|turn|4
|
|t:|1757720668
|-terastallize|p2b: Archaludon|Flying
|move|p1a: Primarina|Protect|p1a: Primarina
|-singleturn|p1a: Primarina|Protect
|move|p2b: Archaludon|Flash Cannon|p1a: Primarina
|-activate|p1a: Primarina|move: Protect
|
|upkeep
|turn|5
|
|t:|1757720680
|move|p2b: Archaludon|Electro Shot||[still]
|-prepare|p2b: Archaludon|Electro Shot
|-boost|p2b: Archaludon|spa|1
|-enditem|p2b: Archaludon|Power Herb
|-anim|p2b: Archaludon|Electro Shot|p1a: Primarina
|-supereffective|p1a: Primarina
|-damage|p1a: Primarina|0 fnt
|faint|p1a: Primarina
|
|win|washingtongargacha
