|j|☆RomeroBritoEBom
|j|☆Bujero A subir
|html|RomeroBritoEBomBujero A subir    
|uhtml|bestof|Game 1 of a best-of-3
|t:|1756494628
|gametype|doubles
|player|p1|RomeroBritoEBom|guzma|1116
|player|p2|Bujero A subir|acetrainercouple|1102
|gen|9
|tier|[Gen 9] VGC 2025 Reg H (Bo3)
|rated|
|rule|Species Clause: Limit one of each Pokémon
|rule|Item Clause: Limit 1 of each item
|clearpoke
|poke|p1|Gholdengo, L50|
|poke|p1|Glimmora, L50, F|
|poke|p1|Talonflame, L50, F|
|poke|p1|Dragonite, L50, F|
|poke|p1|Dondozo, L50, M|
|poke|p1|Tatsugiri, L50, F|
|poke|p2|Rillaboom, L50, M|
|poke|p2|Kingambit, L50, M|
|poke|p2|Sneasler, L50, M|
|poke|p2|Electabuzz, L50, M|
|poke|p2|Dragonite, L50, M|
|poke|p2|Volcarona, L50, M|
|teampreview|4
|showteam|p1|Gholdengo||ChoiceSpecs|GoodasGold|MakeItRain,ShadowBall,PowerGem,Thunderbolt||||||50|,,,,,Steel]Glimmora||PowerHerb|ToxicDebris|MeteorBeam,SludgeBomb,EarthPower,SpikyShield|||F|||50|,,,,,Grass]Talonflame||LifeOrb|GaleWings|BraveBird,FlareBlitz,Tailwind,WillOWisp|||F|||50|,,,,,Ghost]Dragonite||ChoiceBand|Multiscale|ExtremeSpeed,Outrage,AerialAce,Earthquake|||F|||50|,,,,,Normal]Dondozo||Leftovers|Unaware|WaveCrash,Earthquake,OrderUp,Protect|||M|||50|,,,,,Grass]Tatsugiri||FocusSash|Commander|DracoMeteor,MuddyWater,DragonPulse,Protect|||F|||50|,,,,,Stellar
|showteam|p2|Rillaboom||AssaultVest|GrassySurge|FakeOut,WoodHammer,HighHorsepower,GrassyGlide|||M|||50|,,,,,Fire]Kingambit||BlackGlasses|Defiant|KowtowCleave,SuckerPunch,SwordsDance,Protect|||M|||50|,,,,,Dark]Sneasler||GrassySeed|Unburden|CloseCombat,DireClaw,Protect,Coaching|||M|||50|,,,,,Stellar]Electabuzz||Eviolite|VitalSpirit|Electroweb,Taunt,FollowMe,Protect|||M|||50|,,,,,Dragon]Dragonite||LoadedDice|Multiscale|ScaleShot,Tailwind,Protect,Haze|||M|||50|,,,,,Fairy]Volcarona||CovertCloak|FlameBody|QuiverDance,TeraBlast,HeatWave,Protect|||M|||50|,,,,,Fairy
|inactive|Battle timer is ON: inactive players will automatically lose when time's up. (requested by RomeroBritoEBom)
|
|t:|1756494653
|teamsize|p1|4
|teamsize|p2|4
|start
|switch|p1a: Dragonite|Dragonite, L50, F|100/100
|switch|p1b: Talonflame|Talonflame, L50, F|100/100
|switch|p2a: Electabuzz|Electabuzz, L50, M, shiny|100/100
|switch|p2b: Volcarona|Volcarona, L50, M|100/100
|turn|1
|
|t:|1756494666
|move|p2b: Volcarona|Protect|p2b: Volcarona
|-singleturn|p2b: Volcarona|Protect
|move|p1b: Talonflame|Flare Blitz|p2a: Electabuzz
|-damage|p2a: Electabuzz|38/100
|-damage|p1b: Talonflame|79/100|[from] Recoil
|-damage|p1b: Talonflame|69/100|[from] item: Life Orb
|move|p2a: Electabuzz|Electroweb|p1b: Talonflame|[spread] p1a,p1b
|-supereffective|p1b: Talonflame
|-damage|p1a: Dragonite|94/100
|-damage|p1b: Talonflame|25/100
|-unboost|p1a: Dragonite|spe|1
|-unboost|p1b: Talonflame|spe|1
|move|p1a: Dragonite|Earthquake|p2b: Volcarona|[spread] p2a
|-activate|p2b: Volcarona|move: Protect
|-immune|p1b: Talonflame
|-supereffective|p2a: Electabuzz
|-damage|p2a: Electabuzz|0 fnt
|faint|p2a: Electabuzz
|
|upkeep
|
|t:|1756494681
|switch|p2a: Dragonite|Dragonite, L50, M, shiny|100/100
|turn|2
|inactive|Bujero A subir has 30 seconds left.
|
|t:|1756494707
|switch|p1a: Dondozo|Dondozo, L50, M|100/100
|move|p2b: Volcarona|Heat Wave|p1a: Dondozo|[spread] p1a,p1b
|-resisted|p1a: Dondozo
|-resisted|p1b: Talonflame
|-damage|p1a: Dondozo|82/100
|-damage|p1b: Talonflame|0 fnt
|faint|p1b: Talonflame
|move|p2a: Dragonite|Scale Shot|p1a: Dondozo
|-damage|p1a: Dondozo|72/100
|-damage|p1a: Dondozo|61/100
|-damage|p1a: Dondozo|50/100
|-damage|p1a: Dondozo|39/100
|-damage|p1a: Dondozo|29/100
|-hitcount|p1a: Dondozo|5
|-unboost|p2a: Dragonite|def|1
|-boost|p2a: Dragonite|spe|1
|
|-heal|p1a: Dondozo|35/100|[from] item: Leftovers
|upkeep
|
|t:|1756494715
|switch|p1b: Tatsugiri|Tatsugiri, L50, F|100/100
|-activate|p1b: Tatsugiri|ability: Commander|[of] p1a: Dondozo
|-boost|p1a: Dondozo|atk|2
|-boost|p1a: Dondozo|spa|2
|-boost|p1a: Dondozo|spe|2
|-boost|p1a: Dondozo|def|2
|-boost|p1a: Dondozo|spd|2
|turn|3
|l|☆RomeroBritoEBom
|inactive|RomeroBritoEBom disconnected and has a minute to reconnect!
|player|p1|
|j|☆RomeroBritoEBom
|inactive|RomeroBritoEBom reconnected and has 40 seconds left.
|player|p1|RomeroBritoEBom|guzma|
|
|t:|1756494735
|move|p1a: Dondozo|Protect|p1a: Dondozo
|-singleturn|p1a: Dondozo|Protect
|move|p2b: Volcarona|Protect|p2b: Volcarona
|-singleturn|p2b: Volcarona|Protect
|move|p2a: Dragonite|Haze|p2a: Dragonite
|-clearallboost
|
|-heal|p1a: Dondozo|41/100|[from] item: Leftovers
|upkeep
|turn|4
|inactive|RomeroBritoEBom has 30 seconds left.
|
|t:|1756494765
|move|p2b: Volcarona|Heat Wave|p1a: Dondozo|[spread] p1a
|-miss|p2b: Volcarona|p1b: Tatsugiri
|-resisted|p1a: Dondozo
|-damage|p1a: Dondozo|23/100
|move|p2a: Dragonite|Scale Shot|p1a: Dondozo
|-damage|p1a: Dondozo|12/100
|-damage|p1a: Dondozo|1/100
|-damage|p1a: Dondozo|0 fnt
|faint|p1a: Dondozo
|-hitcount|p1: Dondozo|3
|-unboost|p2a: Dragonite|def|1
|-boost|p2a: Dragonite|spe|1
|
|upkeep
|
|t:|1756494774
|switch|p1a: Dragonite|Dragonite, L50, F|94/100
|turn|5
|inactive|Bujero A subir has 30 seconds left.
|
|t:|1756494801
|-terastallize|p1a: Dragonite|Normal
|move|p2a: Dragonite|Protect|p2a: Dragonite
|-singleturn|p2a: Dragonite|Protect
|move|p2b: Volcarona|Protect|p2b: Volcarona
|-singleturn|p2b: Volcarona|Protect
|move|p1a: Dragonite|Extreme Speed|p2a: Dragonite
|-activate|p2a: Dragonite|move: Protect
|move|p1b: Tatsugiri|Muddy Water|p2a: Dragonite|[spread] 
|-activate|p2a: Dragonite|move: Protect
|-activate|p2b: Volcarona|move: Protect
|
|upkeep
|turn|6
|inactive|Bujero A subir has 30 seconds left.
|
|t:|1756494827
|move|p1a: Dragonite|Extreme Speed|p2a: Dragonite
|-damage|p2a: Dragonite|39/100
|move|p2a: Dragonite|Scale Shot|p1a: Dragonite|[miss]
|-miss|p2a: Dragonite|p1a: Dragonite
|move|p1b: Tatsugiri|Muddy Water|p2b: Volcarona|[spread] p2a,p2b
|-resisted|p2a: Dragonite
|-supereffective|p2b: Volcarona
|-damage|p2a: Dragonite|20/100
|-damage|p2b: Volcarona|44/100
|move|p2b: Volcarona|Heat Wave|p1a: Dragonite|[spread] p1a,p1b
|-resisted|p1b: Tatsugiri
|-damage|p1a: Dragonite|60/100
|-damage|p1b: Tatsugiri|89/100
|-status|p1b: Tatsugiri|brn
|
|-damage|p1b: Tatsugiri|83/100 brn|[from] brn
|upkeep
|turn|7
|
|t:|1756494839
|move|p2a: Dragonite|Protect|p2a: Dragonite
|-singleturn|p2a: Dragonite|Protect
|move|p1a: Dragonite|Extreme Speed|p2a: Dragonite
|-activate|p2a: Dragonite|move: Protect
|move|p1b: Tatsugiri|Muddy Water|p2b: Volcarona|[spread] p2b
|-activate|p2a: Dragonite|move: Protect
|-supereffective|p2b: Volcarona
|-damage|p2b: Volcarona|0 fnt
|faint|p2b: Volcarona
|
|-damage|p1b: Tatsugiri|77/100 brn|[from] brn
|upkeep
|
|t:|1756494846
|switch|p2b: Kingambit|Kingambit, L50, M, shiny|100/100
|turn|8
|inactive|Bujero A subir has 30 seconds left.
|
|t:|1756494872
|move|p2a: Dragonite|Protect||[still]
|-fail|p2a: Dragonite
|move|p1a: Dragonite|Extreme Speed|p2b: Kingambit
|-resisted|p2b: Kingambit
|-damage|p2b: Kingambit|74/100
|move|p1b: Tatsugiri|Muddy Water|p2a: Dragonite|[spread] p2a,p2b
|-resisted|p2a: Dragonite
|-damage|p2a: Dragonite|1/100
|-damage|p2b: Kingambit|40/100
|move|p2b: Kingambit|Kowtow Cleave|p1a: Dragonite
|-damage|p1a: Dragonite|2/100
|
|-damage|p1b: Tatsugiri|72/100 brn|[from] brn
|upkeep
|turn|9
|inactive|Bujero A subir has 30 seconds left.
|
|t:|1756494900
|move|p1a: Dragonite|Extreme Speed|p2b: Kingambit
|-resisted|p2b: Kingambit
|-damage|p2b: Kingambit|14/100
|move|p2a: Dragonite|Scale Shot|p1a: Dragonite
|-damage|p1a: Dragonite|0 fnt
|faint|p1a: Dragonite
|-hitcount|p1: Dragonite|1
|-unboost|p2a: Dragonite|def|1
|-boost|p2a: Dragonite|spe|1
|move|p1b: Tatsugiri|Muddy Water|p2a: Dragonite|[spread] p2a,p2b
|-resisted|p2a: Dragonite
|-damage|p2a: Dragonite|0 fnt
|-damage|p2b: Kingambit|0 fnt
|faint|p2a: Dragonite
|faint|p2b: Kingambit
|
|win|RomeroBritoEBom
||Bujero A subir is ready for game 2.
|inactive|RomeroBritoEBom has 30 seconds to confirm battle start!
||RomeroBritoEBom is ready for game 2.
|uhtml|next|Next: Game 2 of 3
