|badge|p1|bronze|gen9ou|100-6
|uhtml|medal-msg|Curious what those medals under the avatar are? PS now has Ladder Seasons! For more information, check out the thread on Smogon.
|j|☆JackRG1
|j|☆Chapignon286
|html|JackRG1Chapignon286    
|uhtml|bestof|Game 3 of a best-of-3
|t:|1757649684
|gametype|doubles
|player|p1|JackRG1|dawn-gen4pt|1175
|player|p2|Chapignon286|265|1132
|gen|9
|tier|[Gen 9] VGC 2025 Reg H (Bo3)
|rated|
|rule|Species Clause: Limit one of each Pokémon
|rule|Item Clause: Limit 1 of each item
|clearpoke
|poke|p1|Tyranitar, L50, F|
|poke|p1|Excadrill, L50, M|
|poke|p1|Milotic, L50, M|
|poke|p1|Indeedee-F, L50, F|
|poke|p1|Volcarona, L50, F|
|poke|p1|Hatterene, L50, F|
|poke|p2|Dondozo, L50, M|
|poke|p2|Tatsugiri, L50, M|
|poke|p2|Kingambit, L50, M|
|poke|p2|Sneasler, L50, F|
|poke|p2|Volcarona, L50, F|
|poke|p2|Dragonite, L50, M|
|teampreview|4
|showteam|p1|Tyranitar||AssaultVest|SandStream|RockSlide,KnockOff,LowKick,TeraBlast|||F|||50|,,,,,Flying]Excadrill||FocusSash|SandRush|Earthquake,HighHorsepower,IronHead,Protect|||M|||50|,,,,,Stellar]Milotic||CovertCloak|Competitive|Scald,IcyWind,Haze,Protect|||M|||50|,,,,,Grass]Indeedee-F||SafetyGoggles|PsychicSurge|TrickRoom,Protect,Psychic,FollowMe|||F|||50|,,,,,Fairy]Volcarona||Leftovers|FlameBody|Protect,HeatWave,QuiverDance,GigaDrain|||F|||50|,,,,,Grass]Hatterene||LifeOrb|MagicBounce|DazzlingGleam,TrickRoom,ExpandingForce,Protect|||F|||50|,,,,,Fairy
|showteam|p2|Dondozo||Leftovers|Unaware|WaveCrash,OrderUp,Yawn,Protect|||M|||50|,,,,,Grass]Tatsugiri||ChoiceScarf|Commander|IcyWind,DracoMeteor,MuddyWater,TeraBlast|||M|||50|,,,,,Steel]Kingambit||SafetyGoggles|Defiant|KowtowCleave,SuckerPunch,SwordsDance,Protect|||M|||50|,,,,,Ghost]Sneasler||FocusSash|Unburden|CloseCombat,DireClaw,Coaching,Protect|||F|||50|,,,,,Stellar]Volcarona||CovertCloak|FlameBody|HeatWave,TeraBlast,QuiverDance,Protect|||F|||50|,,,,,Fairy]Dragonite||LoadedDice|Multiscale|ScaleShot,Protect,Tailwind,StompingTantrum|||M|||50|,,,,,Fairy
|inactive|Battle timer is ON: inactive players will automatically lose when time's up. (requested by Chapignon286)
|inactive|JackRG1 also wants the timer to be on.
|inactive|Chapignon286 has 60 seconds left.
|
|t:|1757649724
|teamsize|p1|4
|teamsize|p2|4
|start
|switch|p1a: Indeedee|Indeedee-F, L50, F|100/100
|switch|p1b: Volcarona|Volcarona, L50, F|100/100
|switch|p2a: Tatsugiri|Tatsugiri, L50, M|100/100
|switch|p2b: Sneasler|Sneasler, L50, F|100/100
|-fieldstart|move: Psychic Terrain|[from] ability: Psychic Surge|[of] p1a: Indeedee
|turn|1
|
|t:|1757649741
|move|p1b: Volcarona|Protect|p1b: Volcarona
|-singleturn|p1b: Volcarona|Protect
|move|p2a: Tatsugiri|Icy Wind|p1a: Indeedee|[spread] p1a
|-activate|p1b: Volcarona|move: Protect
|-damage|p1a: Indeedee|88/100
|-unboost|p1a: Indeedee|spe|1
|move|p2b: Sneasler|Dire Claw|p1b: Volcarona
|-activate|p1b: Volcarona|move: Protect
|move|p1a: Indeedee|Trick Room|p1a: Indeedee
|-fieldstart|move: Trick Room|[of] p1a: Indeedee
|
|upkeep
|turn|2
|
|t:|1757649761
|switch|p2b: Kingambit|Kingambit, L50, M|100/100
|switch|p2a: Dondozo|Dondozo, L50, M|100/100
|move|p1a: Indeedee|Psychic|p2b: Kingambit
|-immune|p2b: Kingambit
|move|p1b: Volcarona|Heat Wave|p2a: Dondozo|[spread] p2a,p2b
|-resisted|p2a: Dondozo
|-supereffective|p2b: Kingambit
|-damage|p2a: Dondozo|86/100
|-damage|p2b: Kingambit|33/100
|
|-heal|p2a: Dondozo|92/100|[from] item: Leftovers
|upkeep
|turn|3
|inactive|Chapignon286 has 30 seconds left.
|
|t:|1757649790
|switch|p1a: Milotic|Milotic, L50, M|100/100
|move|p1b: Volcarona|Protect|p1b: Volcarona
|-singleturn|p1b: Volcarona|Protect
|move|p2b: Kingambit|Kowtow Cleave|p1a: Milotic
|-damage|p1a: Milotic|56/100
|move|p2a: Dondozo|Yawn|p1b: Volcarona
|-activate|p1b: Volcarona|move: Protect
|
|-heal|p2a: Dondozo|98/100|[from] item: Leftovers
|upkeep
|turn|4
|
|t:|1757649811
|-terastallize|p1b: Volcarona|Grass
|move|p2b: Kingambit|Kowtow Cleave|p1a: Milotic
|-damage|p1a: Milotic|9/100
|move|p2a: Dondozo|Wave Crash|p1b: Volcarona
|-resisted|p1b: Volcarona
|-damage|p1b: Volcarona|72/100
|-damage|p2a: Dondozo|91/100|[from] Recoil
|move|p1a: Milotic|Scald|p2b: Kingambit
|-damage|p2b: Kingambit|2/100
|-status|p2b: Kingambit|brn
|move|p1b: Volcarona|Quiver Dance|p1b: Volcarona
|-boost|p1b: Volcarona|spa|1
|-boost|p1b: Volcarona|spd|1
|-boost|p1b: Volcarona|spe|1
|
|-heal|p2a: Dondozo|97/100|[from] item: Leftovers
|-heal|p1b: Volcarona|78/100|[from] item: Leftovers
|-damage|p2b: Kingambit|0 fnt|[from] brn
|faint|p2b: Kingambit
|upkeep
|
|t:|1757649817
|switch|p2b: Sneasler|Sneasler, L50, F|100/100
|turn|5
|
|t:|1757649843
|move|p1b: Volcarona|Protect|p1b: Volcarona
|-singleturn|p1b: Volcarona|Protect
|move|p2a: Dondozo|Order Up|p1a: Milotic
|-damage|p1a: Milotic|0 fnt
|faint|p1a: Milotic
|move|p2b: Sneasler|Dire Claw|p1b: Volcarona
|-activate|p1b: Volcarona|move: Protect
|
|-heal|p2a: Dondozo|100/100|[from] item: Leftovers
|-heal|p1b: Volcarona|84/100|[from] item: Leftovers
|-fieldend|move: Trick Room
|-fieldend|move: Psychic Terrain
|upkeep
|
|t:|1757649846
|switch|p1a: Indeedee|Indeedee-F, L50, F|88/100
|-fieldstart|move: Psychic Terrain|[from] ability: Psychic Surge|[of] p1a: Indeedee
|turn|6
|inactive|Chapignon286 has 30 seconds left.
|inactive|Chapignon286 has 20 seconds left.
|inactive|Chapignon286 has 15 seconds left.
|
|t:|1757649890
|switch|p2b: Tatsugiri|Tatsugiri, L50, M|100/100
|-activate|p2b: Tatsugiri|ability: Commander|[of] p2a: Dondozo
|-boost|p2a: Dondozo|atk|2
|-boost|p2a: Dondozo|spa|2
|-boost|p2a: Dondozo|spe|2
|-boost|p2a: Dondozo|def|2
|-boost|p2a: Dondozo|spd|2
|move|p1a: Indeedee|Follow Me|p1a: Indeedee
|-singleturn|p1a: Indeedee|move: Follow Me
|move|p1b: Volcarona|Heat Wave|p2b: Tatsugiri|[spread] p2a
|-miss|p1b: Volcarona|p2b: Tatsugiri
|-resisted|p2a: Dondozo
|-damage|p2a: Dondozo|94/100
|move|p2a: Dondozo|Wave Crash|p1a: Indeedee
|-damage|p1a: Indeedee|0 fnt
|faint|p1a: Indeedee
|-damage|p2a: Dondozo|71/100|[from] Recoil
|
|-heal|p1b: Volcarona|90/100|[from] item: Leftovers
|-heal|p2a: Dondozo|77/100|[from] item: Leftovers
|upkeep
|
|t:|1757649893
|switch|p1a: Hatterene|Hatterene, L50, F|100/100
|turn|7
|
|t:|1757649904
|move|p2a: Dondozo|Protect|p2a: Dondozo
|-singleturn|p2a: Dondozo|Protect
|move|p1a: Hatterene|Protect|p1a: Hatterene
|-singleturn|p1a: Hatterene|Protect
|move|p1b: Volcarona|Giga Drain|p2a: Dondozo
|-activate|p2a: Dondozo|move: Protect
|
|-heal|p1b: Volcarona|97/100|[from] item: Leftovers
|-heal|p2a: Dondozo|84/100|[from] item: Leftovers
|upkeep
|turn|8
|
|t:|1757649911
|move|p1b: Volcarona|Giga Drain|p2a: Dondozo
|-supereffective|p2a: Dondozo
|-damage|p2a: Dondozo|51/100
|-heal|p1b: Volcarona|100/100|[from] drain|[of] p2a: Dondozo
|move|p2a: Dondozo|Wave Crash|p1a: Hatterene
|-damage|p1a: Hatterene|0 fnt
|faint|p1a: Hatterene
|-damage|p2a: Dondozo|27/100|[from] Recoil
|
|-heal|p2a: Dondozo|33/100|[from] item: Leftovers
|upkeep
|turn|9
|
|t:|1757649917
|move|p1b: Volcarona|Giga Drain|p2a: Dondozo
|-supereffective|p2a: Dondozo
|-damage|p2a: Dondozo|0 fnt
|faint|p2a: Dondozo
|
|upkeep
|
|t:|1757649920
|switch|p2a: Sneasler|Sneasler, L50, F|100/100
|turn|10
|
|t:|1757649929
|move|p1b: Volcarona|Quiver Dance|p1b: Volcarona
|-boost|p1b: Volcarona|spa|1
|-boost|p1b: Volcarona|spd|1
|-boost|p1b: Volcarona|spe|1
|move|p2b: Tatsugiri|Icy Wind|p1b: Volcarona
|-supereffective|p1b: Volcarona
|-damage|p1b: Volcarona|83/100
|-unboost|p1b: Volcarona|spe|1
|move|p2a: Sneasler|Dire Claw|p1b: Volcarona
|-supereffective|p1b: Volcarona
|-damage|p1b: Volcarona|0 fnt
|faint|p1b: Volcarona
|
|win|Chapignon286
|raw|JackRG1's rating: 1175 → 1147(-28 for losing)
|raw|Chapignon286's rating: 1132 → 1160(+28 for winning)
|l|☆JackRG1
|player|p1|
|c|☆Chapignon286|gg
|l|☆Chapignon286
|player|p2|
