|j|☆Frankieon
|j|☆HalcyonJon
|html|FrankieonHalcyonJon    
|uhtml|bestof|Game 1 of a best-of-3
|t:|1757648829
|gametype|doubles
|player|p1|Frankieon|acetrainerf-gen4dp|1210
|player|p2|HalcyonJon|pokemonbreeder|1172
|gen|9
|tier|[Gen 9] VGC 2025 Reg H (Bo3)
|rated|
|rule|Species Clause: Limit one of each Pokémon
|rule|Item Clause: Limit 1 of each item
|clearpoke
|poke|p1|Gholdengo, L50|
|poke|p1|Grimmsnarl, L50, M|
|poke|p1|Archaludon, L50, M|
|poke|p1|Pelipper, L50, F|
|poke|p1|Ursaluna, L50, M|
|poke|p1|Sinistcha, L50|
|poke|p2|Espeon, L50, M|
|poke|p2|Indeedee-F, L50, F|
|poke|p2|Glimmora, L50, M|
|poke|p2|Primarina, L50, F|
|poke|p2|Salamence, L50, F|
|poke|p2|Tyranitar, L50, F|
|teampreview|4
|showteam|p1|Gholdengo||Leftovers|GoodasGold|MakeItRain,ShadowBall,NastyPlot,Protect||||||50|,,,,,Water]Grimmsnarl||LightClay|Prankster|LightScreen,Reflect,ThunderWave,SpiritBreak|||M|||50|,,,,,Ghost]Archaludon||AssaultVest|Stamina|DracoMeteor,ElectroShot,BodyPress,FlashCannon|||M|||50|,,,,,Electric]Pelipper||FocusSash|Drizzle|MuddyWater,Hurricane,Tailwind,Protect|||F|||50|,,,,,Ghost]Ursaluna||FlameOrb|Guts|Facade,HeadlongRush,Earthquake,Protect|||M|||50|,,,,,Ghost]Sinistcha||SitrusBerry|Hospitality|TrickRoom,MatchaGotcha,LifeDew,RagePowder||||||50|,,,,,Dark
|showteam|p2|Espeon||FocusSash|MagicBounce|ExpandingForce,TeraBlast,SkillSwap,Detect|||M|||50|,,,,,Ground]Indeedee-F||RockyHelmet|PsychicSurge|Psychic,FollowMe,HelpingHand,TrickRoom|||F|||50|,,,,,Fairy]Glimmora||PowerHerb|ToxicDebris|SludgeBomb,MeteorBeam,StealthRock,SpikyShield|||M|||50|,,,,,Grass]Primarina||SafetyGoggles|LiquidVoice|HyperVoice,Moonblast,Haze,Protect|||F|||50|,,,,,Steel]Salamence||MirrorHerb|Intimidate|Outrage,DualWingbeat,Tailwind,Protect|||F|||50|,,,,,Steel]Tyranitar||AssaultVest|SandStream|KnockOff,RockSlide,TeraBlast,BreakingSwipe|||F|||50|,,,,,Flying
|inactive|Battle timer is ON: inactive players will automatically lose when time's up. (requested by HalcyonJon)
|inactive|Frankieon has 60 seconds left.
|inactive|Frankieon has 30 seconds left.
|
|t:|1757648964
|teamsize|p1|4
|teamsize|p2|4
|start
|switch|p1a: Gholdengo|Gholdengo, L50|100/100
|switch|p1b: Grimmsnarl|Grimmsnarl, L50, M|100/100
|switch|p2a: Espeon|Espeon, L50, M|100/100
|switch|p2b: Indeedee|Indeedee-F, L50, F|100/100
|-fieldstart|move: Psychic Terrain|[from] ability: Psychic Surge|[of] p2b: Indeedee
|turn|1
|inactive|Frankieon has 30 seconds left.
|inactive|HalcyonJon has 30 seconds left.
|inactive|Frankieon has 20 seconds left.
|inactive|Frankieon has 15 seconds left.
|inactive|Frankieon has 10 seconds left.
|inactive|Frankieon has 5 seconds left.
|
|t:|1757649016
|-terastallize|p2a: Espeon|Ground
|move|p2b: Indeedee|Helping Hand|p2a: Espeon
|-singleturn|p2a: Espeon|Helping Hand|[of] p2b: Indeedee
|move|p1a: Gholdengo|Protect|p1a: Gholdengo
|-singleturn|p1a: Gholdengo|Protect
|move|p1b: Grimmsnarl|Light Screen|p1b: Grimmsnarl
|-sidestart|p1: Frankieon|move: Light Screen
|move|p2a: Espeon|Tera Blast|p1a: Gholdengo|[anim] Tera Blast Ground
|-activate|p1a: Gholdengo|move: Protect
|
|upkeep
|turn|2
|inactive|Frankieon has 30 seconds left.
|inactive|Frankieon has 20 seconds left.
|inactive|Frankieon has 15 seconds left.
|inactive|Frankieon has 10 seconds left.
|inactive|Frankieon has 5 seconds left.
|
|t:|1757649066
|move|p2b: Indeedee|Helping Hand|p2a: Espeon
|-singleturn|p2a: Espeon|Helping Hand|[of] p2b: Indeedee
|move|p2a: Espeon|Expanding Force|p1a: Gholdengo|[spread] p1a
|-immune|p1b: Grimmsnarl
|-resisted|p1a: Gholdengo
|-damage|p1a: Gholdengo|70/100
|move|p1a: Gholdengo|Make It Rain|p2a: Espeon|[spread] p2a,p2b
|-damage|p2a: Espeon|44/100
|-damage|p2b: Indeedee|66/100
|-unboost|p1a: Gholdengo|spa|1
|move|p1b: Grimmsnarl|Spirit Break|p2a: Espeon
|-damage|p2a: Espeon|0 fnt
|faint|p2a: Espeon
|
|-heal|p1a: Gholdengo|76/100|[from] item: Leftovers
|upkeep
|
|t:|1757649089
|switch|p2a: Primarina|Primarina, L50, F|100/100
|turn|3
|inactive|Frankieon has 30 seconds left.
|inactive|Frankieon has 20 seconds left.
|inactive|Frankieon has 15 seconds left.
|inactive|Frankieon has 10 seconds left.
|inactive|Frankieon has 5 seconds left.
|
|t:|1757649144
|move|p1b: Grimmsnarl|Light Screen||[still]
|-fail|p1b: Grimmsnarl
|move|p1a: Gholdengo|Make It Rain|p2a: Primarina|[spread] p2a,p2b
|-damage|p2a: Primarina|75/100
|-damage|p2b: Indeedee|42/100
|-unboost|p1a: Gholdengo|spa|1
|move|p2a: Primarina|Hyper Voice|p1b: Grimmsnarl|[spread] p1a,p1b
|-damage|p1a: Gholdengo|50/100
|-damage|p1b: Grimmsnarl|79/100
|move|p2b: Indeedee|Trick Room|p2b: Indeedee
|-fieldstart|move: Trick Room|[of] p2b: Indeedee
|
|-heal|p1a: Gholdengo|56/100|[from] item: Leftovers
|upkeep
|turn|4
|inactive|Frankieon has 30 seconds left.
|inactive|Frankieon has 20 seconds left.
|
|t:|1757649182
|switch|p1a: Archaludon|Archaludon, L50, M, shiny|100/100
|move|p2b: Indeedee|Helping Hand|p2a: Primarina
|-singleturn|p2a: Primarina|Helping Hand|[of] p2b: Indeedee
|move|p2a: Primarina|Hyper Voice|p1b: Grimmsnarl|[spread] p1a,p1b
|-resisted|p1a: Archaludon
|-damage|p1a: Archaludon|85/100
|-damage|p1b: Grimmsnarl|48/100
|-ability|p1a: Archaludon|Stamina|boost
|-boost|p1a: Archaludon|def|1
|move|p1b: Grimmsnarl|Spirit Break|p2a: Primarina
|-damage|p2a: Primarina|40/100
|-unboost|p2a: Primarina|spa|1
|
|upkeep
|turn|5
|inactive|Frankieon has 30 seconds left.
|inactive|HalcyonJon has 30 seconds left.
|inactive|Frankieon has 20 seconds left.
|
|t:|1757649222
|move|p2b: Indeedee|Follow Me|p2b: Indeedee
|-singleturn|p2b: Indeedee|move: Follow Me
|move|p2a: Primarina|Moonblast|p1b: Grimmsnarl
|-supereffective|p1b: Grimmsnarl
|-damage|p1b: Grimmsnarl|8/100
|move|p1b: Grimmsnarl|Spirit Break|p2b: Indeedee
|-damage|p2b: Indeedee|12/100
|-unboost|p2b: Indeedee|spa|1
|-damage|p1b: Grimmsnarl|0 fnt|[from] item: Rocky Helmet|[of] p2b: Indeedee
|faint|p1b: Grimmsnarl
|move|p1a: Archaludon|Flash Cannon|p2b: Indeedee
|-damage|p2b: Indeedee|0 fnt
|faint|p2b: Indeedee
|
|-fieldend|move: Psychic Terrain
|upkeep
|
|t:|1757649245
|switch|p1b: Pelipper|Pelipper, L50, F|100/100
|switch|p2b: Tyranitar|Tyranitar, L50, F|100/100
|-weather|Sandstorm|[from] ability: Sand Stream|[of] p2b: Tyranitar
|-weather|RainDance|[from] ability: Drizzle|[of] p1b: Pelipper
|turn|6
|inactive|Frankieon has 30 seconds left.
|inactive|Frankieon has 20 seconds left.
|inactive|Frankieon has 15 seconds left.
|inactive|Frankieon has 10 seconds left.
|inactive|Frankieon has 5 seconds left.
|
|t:|1757649300
|move|p2a: Primarina|Moonblast|p1a: Archaludon
|-damage|p1a: Archaludon|67/100
|-ability|p1a: Archaludon|Stamina|boost
|-boost|p1a: Archaludon|def|1
|move|p2b: Tyranitar|Knock Off|p1a: Archaludon
|-damage|p1a: Archaludon|47/100
|-ability|p1a: Archaludon|Stamina|boost
|-boost|p1a: Archaludon|def|1
|-enditem|p1a: Archaludon|Assault Vest|[from] move: Knock Off|[of] p2b: Tyranitar
|move|p1b: Pelipper|Muddy Water|p2b: Tyranitar|[spread] p2a
|-miss|p1b: Pelipper|p2b: Tyranitar
|-resisted|p2a: Primarina
|-damage|p2a: Primarina|19/100
|move|p1a: Archaludon|Draco Meteor|p2a: Primarina
|-immune|p2a: Primarina
|
|-weather|RainDance|[upkeep]
|upkeep
|turn|7
|inactive|Frankieon has 30 seconds left.
|inactive|HalcyonJon has 30 seconds left.
|inactive|Frankieon has 20 seconds left.
|
|t:|1757649339
|move|p1b: Pelipper|Protect|p1b: Pelipper
|-singleturn|p1b: Pelipper|Protect
|move|p2a: Primarina|Moonblast|p1a: Archaludon
|-damage|p1a: Archaludon|19/100
|-ability|p1a: Archaludon|Stamina|boost
|-boost|p1a: Archaludon|def|1
|move|p2b: Tyranitar|Rock Slide|p1a: Archaludon|[spread] p1a
|-activate|p1b: Pelipper|move: Protect
|-resisted|p1a: Archaludon
|-damage|p1a: Archaludon|15/100
|-ability|p1a: Archaludon|Stamina|boost
|-boost|p1a: Archaludon|def|1
|cant|p1a: Archaludon|flinch
|
|-weather|RainDance|[upkeep]
|-fieldend|move: Trick Room
|upkeep
|turn|8
|inactive|Frankieon has 30 seconds left.
|inactive|HalcyonJon has 30 seconds left.
|
|t:|1757649368
|move|p1a: Archaludon|Body Press|p2b: Tyranitar
|-supereffective|p2b: Tyranitar
|-crit|p2b: Tyranitar
|-damage|p2b: Tyranitar|0 fnt
|faint|p2b: Tyranitar
|move|p1b: Pelipper|Hurricane|p2a: Primarina
|-damage|p2a: Primarina|0 fnt
|faint|p2a: Primarina
|
|win|Frankieon
||HalcyonJon is ready for game 2.
|inactive|Frankieon has 30 seconds to confirm battle start!
||Frankieon is ready for game 2.
|uhtml|next|Next: Game 2 of 3
