|j|☆joseanfox
|j|☆Aeon_Twins
|html|joseanfoxAeon_Twins    
|uhtml|bestof|Game 1 of a best-of-3
|t:|1783025866
|gametype|doubles
|player|p1|joseanfox|dawn|1108
|player|p2|Aeon_Twins|n|1292
|gen|9
|tier|[Gen 9 Champions] VGC 2026 Reg M-B (Bo3)
|rated|
|rule|Species Clause: Limit one of each Pokémon
|rule|Item Clause: Limit 1 of each item
|clearpoke
|poke|p1|Staraptor, L50, F|
|poke|p1|Sinistcha, L50|
|poke|p1|Archaludon, L50, F|
|poke|p1|Raichu, L50, F|
|poke|p1|Pelipper, L50, F|
|poke|p1|Grimmsnarl, L50, M|
|poke|p2|Raichu, L50, M|
|poke|p2|Sinistcha, L50|
|poke|p2|Ceruledge, L50, M|
|poke|p2|Milotic, L50, M|
|poke|p2|Incineroar, L50, F|
|poke|p2|Gardevoir, L50, M|
|teampreview|4
|showteam|p1|Staraptor||Staraptite|Intimidate|CloseCombat,Roost,Protect,BraveBird|Adamant||F|||50|]Sinistcha||FocusSash|Hospitality|MatchaGotcha,ShadowBall,RagePowder,StrengthSap|Modest|||||50|]Archaludon||QuickClaw|Sturdy|AuraSphere,ElectroShot,FlashCannon,DracoMeteor|Timid||F|||50|]Raichu||RaichuniteX|LightningRod|FakeOut,BrickBreak,VoltTackle,VoltSwitch|Jolly||F|||50|]Pelipper||DampRock|Drizzle|WeatherBall,WideGuard,Hurricane,Tailwind|Serious||F|||50|]Grimmsnarl||LightClay|Prankster|LightScreen,Reflect,PartingShot,SpiritBreak|Relaxed||M|||50|
|showteam|p2|Raichu||RaichuniteY|LightningRod|ZapCannon,FocusBlast,FakeOut,Protect|Timid||M|||50|]Sinistcha||KasibBerry|Hospitality|MatchaGotcha,LifeDew,RagePowder,Protect|Relaxed|||||50|]Ceruledge||ColburBerry|FlashFire|BitterBlade,ShadowSneak,BulkUp,Protect|Adamant||M|||50|]Milotic||Leftovers|Competitive|MuddyWater,Coil,Hypnosis,Protect|Calm||M|||50|]Incineroar||SitrusBerry|Intimidate|FlareBlitz,ThroatChop,FakeOut,PartingShot|Impish||F|||50|]Gardevoir||Gardevoirite|Synchronize|HyperVoice,Psyshock,CalmMind,Protect|Timid||M|||50|
|
|t:|1783025905
|teamsize|p1|4
|teamsize|p2|4
|start
|switch|p1a: Star lord|Staraptor, L50, F|100/100
|switch|p1b: Grimmsnarl|Grimmsnarl, L50, M|100/100
|switch|p2a: Raichu|Raichu, L50, M|100/100
|switch|p2b: Incineroar|Incineroar, L50, F|100/100
|-ability|p1a: Star lord|Intimidate|boost
|-unboost|p2a: Raichu|atk|1
|-unboost|p2b: Incineroar|atk|1
|-ability|p2b: Incineroar|Intimidate|boost
|-unboost|p1a: Star lord|atk|1
|-unboost|p1b: Grimmsnarl|atk|1
|turn|1
|
|t:|1783025931
|detailschange|p2a: Raichu|Raichu-Mega-Y, L50, M
|-mega|p2a: Raichu|Raichu|Raichunite Y
|detailschange|p1a: Star lord|Staraptor-Mega, L50, F
|-mega|p1a: Star lord|Staraptor|Staraptite
|move|p1a: Star lord|Protect|p1a: Star lord
|-singleturn|p1a: Star lord|Protect
|move|p1b: Grimmsnarl|Light Screen|p1b: Grimmsnarl
|-sidestart|p1: joseanfox|move: Light Screen
|move|p2a: Raichu|Focus Blast|p1b: Grimmsnarl
|-damage|p1b: Grimmsnarl|72/100
|move|p2b: Incineroar|Parting Shot|p1b: Grimmsnarl
|-unboost|p1b: Grimmsnarl|atk|1
|-unboost|p1b: Grimmsnarl|spa|1
|
|t:|1783025939
|switch|p2b: Ceruledge|Ceruledge, L50, M|100/100|[from] Parting Shot
|
|upkeep
|turn|2
|
|t:|1783025960
|move|p1b: Grimmsnarl|Parting Shot|p2a: Raichu
|-unboost|p2a: Raichu|atk|1
|-unboost|p2a: Raichu|spa|1
|
|t:|1783025965
|switch|p1b: Persida|Raichu, L50, F|100/100|[from] Parting Shot
|move|p2a: Raichu|Zap Cannon|p1b: Persida
|-activate|p1b: Persida|ability: Lightning Rod
|-ability|p1b: Persida|Lightning Rod|boost
|-boost|p1b: Persida|spa|1
|move|p1a: Star lord|Close Combat|p2a: Raichu
|-damage|p2a: Raichu|27/100
|-boost|p1a: Star lord|def|1
|-boost|p1a: Star lord|spd|1
|move|p2b: Ceruledge|Bulk Up|p2b: Ceruledge
|-boost|p2b: Ceruledge|atk|1
|-boost|p2b: Ceruledge|def|1
|
|upkeep
|turn|3
|
|t:|1783025994
|move|p2a: Raichu|Protect|p2a: Raichu
|-singleturn|p2a: Raichu|Protect
|move|p1b: Persida|Fake Out|p2a: Raichu
|-activate|p2a: Raichu|move: Protect
|move|p1a: Star lord|Close Combat|p2a: Raichu
|-activate|p2a: Raichu|move: Protect
|move|p2b: Ceruledge|Bitter Blade|p1b: Persida
|-damage|p1b: Persida|0 fnt
|faint|p1b: Persida
|
|upkeep
|
|t:|1783026008
|switch|p1b: Mate|Sinistcha, L50|100/100
|turn|4
|
|t:|1783026022
|move|p1b: Mate|Rage Powder|p1b: Mate
|-singleturn|p1b: Mate|move: Rage Powder
|move|p2a: Raichu|Zap Cannon|p1b: Mate
|-resisted|p1b: Mate|1
|-damage|p1b: Mate|88/100
|-status|p1b: Mate|par
|move|p1a: Star lord|Brave Bird|p2b: Ceruledge
|-damage|p2b: Ceruledge|63/100
|-damage|p1a: Star lord|86/100|[from] Recoil
|move|p2b: Ceruledge|Bitter Blade|p1b: Mate
|-supereffective|p1b: Mate|1
|-damage|p1b: Mate|0 fnt
|-heal|p2b: Ceruledge|100/100|[from] drain|[of] p1b: Mate
|faint|p1b: Mate
|
|upkeep
|
|t:|1783026039
|switch|p1b: Grimmsnarl|Grimmsnarl, L50, M|72/100
|turn|5
|
|t:|1783026060
|switch|p2a: Sinistcha|Sinistcha, L50|100/100
|move|p1b: Grimmsnarl|Parting Shot|p2b: Ceruledge
|-unboost|p2b: Ceruledge|atk|1
|-unboost|p2b: Ceruledge|spa|1
|move|p1a: Star lord|Close Combat|p2a: Sinistcha
|-immune|p2a: Sinistcha
|move|p2b: Ceruledge|Bulk Up|p2b: Ceruledge
|-boost|p2b: Ceruledge|atk|1
|-boost|p2b: Ceruledge|def|1
|
|upkeep
|turn|6
|
|t:|1783026091
|move|p2a: Sinistcha|Rage Powder|p2a: Sinistcha
|-singleturn|p2a: Sinistcha|move: Rage Powder
|move|p1b: Grimmsnarl|Parting Shot|p2a: Sinistcha
|-unboost|p2a: Sinistcha|atk|1
|-unboost|p2a: Sinistcha|spa|1
|move|p1a: Star lord|Brave Bird|p2a: Sinistcha
|-supereffective|p2a: Sinistcha|1
|-damage|p2a: Sinistcha|21/100
|-damage|p1a: Star lord|57/100|[from] Recoil
|move|p2b: Ceruledge|Bitter Blade|p1b: Grimmsnarl
|-damage|p1b: Grimmsnarl|4/100
|
|upkeep
|turn|7
|
|t:|1783026112
|move|p2a: Sinistcha|Protect|p2a: Sinistcha
|-singleturn|p2a: Sinistcha|Protect
|move|p2b: Ceruledge|Shadow Sneak|p1b: Grimmsnarl
|-resisted|p1b: Grimmsnarl|1
|-damage|p1b: Grimmsnarl|0 fnt
|faint|p1b: Grimmsnarl
|move|p1a: Star lord|Brave Bird|p2a: Sinistcha
|-activate|p2a: Sinistcha|move: Protect
|
|upkeep
|turn|8
|
|t:|1783026147
|move|p2a: Sinistcha|Rage Powder|p2a: Sinistcha
|-singleturn|p2a: Sinistcha|move: Rage Powder
|move|p1a: Star lord|Roost|p1a: Star lord
|-heal|p1a: Star lord|100/100
|-singleturn|p1a: Star lord|move: Roost
|move|p2b: Ceruledge|Bulk Up|p2b: Ceruledge
|-boost|p2b: Ceruledge|atk|1
|-boost|p2b: Ceruledge|def|1
|
|-sideend|p1: joseanfox|move: Light Screen
|upkeep
|turn|9
|
|t:|1783026160
|move|p2a: Sinistcha|Protect|p2a: Sinistcha
|-singleturn|p2a: Sinistcha|Protect
|move|p1a: Star lord|Brave Bird|p2a: Sinistcha
|-activate|p2a: Sinistcha|move: Protect
|move|p2b: Ceruledge|Bulk Up|p2b: Ceruledge
|-boost|p2b: Ceruledge|atk|1
|-boost|p2b: Ceruledge|def|1
|
|upkeep
|turn|10
|
|t:|1783026172
|move|p2a: Sinistcha|Rage Powder|p2a: Sinistcha
|-singleturn|p2a: Sinistcha|move: Rage Powder
|move|p1a: Star lord|Brave Bird|p2a: Sinistcha
|-supereffective|p2a: Sinistcha|1
|-damage|p2a: Sinistcha|0 fnt
|faint|p2a: Sinistcha
|-damage|p1a: Star lord|91/100|[from] Recoil
|move|p2b: Ceruledge|Bitter Blade|p1a: Star lord
|-damage|p1a: Star lord|7/100
|
|upkeep
|
|t:|1783026176
|switch|p2a: Raichu|Raichu-Mega-Y, L50, M|27/100
|turn|11
|
|t:|1783026187
|move|p2a: Raichu|Fake Out|p1a: Star lord
|-damage|p1a: Star lord|1/100
|move|p2b: Ceruledge|Shadow Sneak|p1a: Star lord
|-damage|p1a: Star lord|0 fnt
|faint|p1a: Star lord
|
|win|Aeon_Twins
||Aeon_Twins is ready for game 2.
||joseanfox is ready for game 2.
|uhtml|next|Next: Game 2 of 3
