|j|☆miloshki11ee
|j|☆melon storme
|html|miloshki11eemelon storme    
|uhtml|bestof|Game 2 of a best-of-3
|t:|1785955817
|gametype|doubles
|player|p1|miloshki11ee|1|1019
|player|p2|melon storme|kieran-masters|1169
|gen|9
|tier|[Gen 9 Champions] VGC 2026 Reg M-B (Bo3)
|rated|
|rule|Species Clause: Limit one of each Pokémon
|rule|Item Clause: Limit 1 of each item
|clearpoke
|poke|p1|Scolipede, L50, M, shiny|
|poke|p1|Sinistcha-Masterpiece, L50|
|poke|p1|Palafin, L50, F, shiny|
|poke|p1|Golurk, L50|
|poke|p1|Farigiraf, L50, M|
|poke|p1|Incineroar, L50, F, shiny|
|poke|p2|Pyroar, L50, F|
|poke|p2|Aerodactyl, L50, M|
|poke|p2|Torkoal, L50, M|
|poke|p2|Vileplume, L50, M|
|poke|p2|Farigiraf, L50, F, shiny|
|poke|p2|Mawile, L50, F|
|teampreview|4
|showteam|p1|Scolipede||Scolipite|SpeedBoost|LeechLife,PoisonJab,SwordsDance,Protect|Jolly||M|||50|]Sinistcha-Masterpiece||SitrusBerry|Hospitality|MatchaGotcha,LifeDew,TrickRoom,RagePowder|Relaxed|||||50|]Palafin||MysticWater|ZerotoHero|WaveCrash,JetPunch,FlipTurn,Protect|Jolly||F|||50|]Golurk||Golurkite|IronFist|HeadlongRush,Poltergeist,IcePunch,Protect|Careful|||||50|]Farigiraf||Leftovers|ArmorTail|TwinBeam,TrickRoom,Protect,HelpingHand|Sassy||M|||50|]Incineroar||PasshoBerry|Intimidate|FakeOut,PartingShot,ThroatChop,FlareBlitz|Sassy||F|||50|
|showteam|p2|Pyroar||Pyroarite|Rivalry|Taunt,HeatWave,Overheat,Protect|Timid||F|||50|]Aerodactyl||SitrusBerry|Unnerve|RockSlide,Tailwind,WideGuard,DualWingbeat|Jolly||M|||50|]Torkoal||Charcoal|Drought|Eruption,HeatWave,SolarBeam,Protect|Quiet||M|||50|]Vileplume||FocusSash|Chlorophyll|EnergyBall,SludgeBomb,AfterYou,SleepPowder|Timid||M|||50|]Farigiraf||Leftovers|ArmorTail|HyperVoice,Psychic,Protect,TrickRoom|Relaxed||F|||50|]Mawile||Mawilite|Intimidate|IronHead,PlayRough,SwordsDance,SuckerPunch|Sassy||F|||50|
|
|t:|1785955831
|teamsize|p1|4
|teamsize|p2|4
|start
|switch|p1a: Farigiraf|Farigiraf, L50, M|100/100
|switch|p1b: Incineroar|Incineroar, L50, F, shiny|100/100
|switch|p2a: Mahrukasha|Aerodactyl, L50, M|100/100
|switch|p2b: Can of Soup|Farigiraf, L50, F, shiny|100/100
|-ability|p2a: Mahrukasha|Unnerve
|-ability|p1b: Incineroar|Intimidate|boost
|-unboost|p2a: Mahrukasha|atk|1
|-unboost|p2b: Can of Soup|atk|1
|turn|1
|
|t:|1785955862
|move|p2a: Mahrukasha|Rock Slide|p1b: Incineroar|[spread] p1a,p1b
|-supereffective|p1b: Incineroar|1
|-damage|p1a: Farigiraf|86/100
|-damage|p1b: Incineroar|74/100
|move|p1b: Incineroar|Throat Chop|p2b: Can of Soup
|-supereffective|p2b: Can of Soup|1
|-damage|p2b: Can of Soup|32/100
|-start|p2b: Can of Soup|Throat Chop|[silent]
|cant|p2b: Can of Soup|move: Throat Chop
|cant|p1a: Farigiraf|flinch
|
|-heal|p2b: Can of Soup|38/100|[from] item: Leftovers
|-heal|p1a: Farigiraf|92/100|[from] item: Leftovers
|upkeep
|turn|2
|
|t:|1785955879
|move|p2b: Can of Soup|Protect|p2b: Can of Soup
|-singleturn|p2b: Can of Soup|Protect
|move|p2a: Mahrukasha|Rock Slide|p1b: Incineroar|[spread] p1a,p1b
|-supereffective|p1b: Incineroar|1
|-damage|p1a: Farigiraf|77/100
|-damage|p1b: Incineroar|51/100
|move|p1b: Incineroar|Throat Chop|p2b: Can of Soup
|-activate|p2b: Can of Soup|move: Protect
|move|p1a: Farigiraf|Trick Room|p1a: Farigiraf
|-fieldstart|move: Trick Room|[of] p1a: Farigiraf
|
|-heal|p2b: Can of Soup|44/100|[from] item: Leftovers
|-heal|p1a: Farigiraf|83/100|[from] item: Leftovers
|-end|p2b: Can of Soup|Throat Chop|[silent]
|upkeep
|turn|3
|
|t:|1785955894
|move|p2b: Can of Soup|Hyper Voice|p1a: Farigiraf|[spread] p1a,p1b
|-damage|p1a: Farigiraf|66/100
|-damage|p1b: Incineroar|24/100
|move|p1a: Farigiraf|Twin Beam|p2a: Mahrukasha
|-damage|p2a: Mahrukasha|80/100
|-crit|p2a: Mahrukasha
|-damage|p2a: Mahrukasha|52/100
|-hitcount|p2a: Mahrukasha|2
|move|p1b: Incineroar|Throat Chop|p2b: Can of Soup
|-supereffective|p2b: Can of Soup|1
|-damage|p2b: Can of Soup|0 fnt
|faint|p2b: Can of Soup
|move|p2a: Mahrukasha|Rock Slide|p1b: Incineroar|[spread] p1a,p1b
|-supereffective|p1b: Incineroar|1
|-damage|p1a: Farigiraf|52/100
|-damage|p1b: Incineroar|0 fnt
|faint|p1b: Incineroar
|
|-heal|p1a: Farigiraf|58/100|[from] item: Leftovers
|upkeep
|
|t:|1785955911
|switch|p2b: Ghengas Khan|Torkoal, L50, M|100/100
|switch|p1b: Golurk|Golurk, L50|100/100
|-weather|SunnyDay|[from] ability: Drought|[of] p2b: Ghengas Khan
|turn|4
|
|t:|1785955928
|detailschange|p1b: Golurk|Golurk-Mega, L50
|-mega|p1b: Golurk|Golurk|Golurkite
|move|p1a: Farigiraf|Helping Hand|p1b: Golurk
|-singleturn|p1b: Golurk|Helping Hand|[of] p1a: Farigiraf
|move|p2b: Ghengas Khan|Eruption|p1b: Golurk|[spread] p1a,p1b
|-damage|p1a: Farigiraf|0 fnt
|-damage|p1b: Golurk|35/100
|faint|p1a: Farigiraf
|move|p1b: Golurk|Headlong Rush|p2b: Ghengas Khan
|-supereffective|p2b: Ghengas Khan|1
|-damage|p2b: Ghengas Khan|0 fnt
|-unboost|p1b: Golurk|def|1
|-unboost|p1b: Golurk|spd|1
|faint|p2b: Ghengas Khan
|move|p2a: Mahrukasha|Rock Slide|p1b: Golurk
|-resisted|p1b: Golurk|1
|-damage|p1b: Golurk|22/100
|
|-weather|SunnyDay|[upkeep]
|upkeep
|
|t:|1785955945
|switch|p2b: Troglodyte|Mawile, L50, F|100/100
|switch|p1a: Sinistcha|Sinistcha-Masterpiece, L50|100/100
|-ability|p2b: Troglodyte|Intimidate|boost
|-unboost|p1a: Sinistcha|atk|1
|-unboost|p1b: Golurk|atk|1
|-heal|p1b: Golurk|47/100|[from] ability: Hospitality|[of] p1a: Sinistcha
|turn|5
|
|t:|1785955965
|detailschange|p2b: Troglodyte|Mawile-Mega, L50, F
|-mega|p2b: Troglodyte|Mawile|Mawilite
|move|p1b: Golurk|Protect|p1b: Golurk
|-singleturn|p1b: Golurk|Protect
|move|p2b: Troglodyte|Iron Head|p1a: Sinistcha
|-damage|p1a: Sinistcha|52/100
|move|p1a: Sinistcha|Life Dew|p1a: Sinistcha|[spread] p1a,p1b
|-heal|p1a: Sinistcha|78/100
|-heal|p1b: Golurk|72/100
|move|p2a: Mahrukasha|Dual Wingbeat|p1a: Sinistcha
|-supereffective|p1a: Sinistcha|1
|-damage|p1a: Sinistcha|63/100
|-supereffective|p1a: Sinistcha|1
|-damage|p1a: Sinistcha|50/100y
|-hitcount|p1a: Sinistcha|2
|
|-weather|SunnyDay|[upkeep]
|upkeep
|turn|6
|
|t:|1785955987
|move|p1a: Sinistcha|Rage Powder|p1a: Sinistcha
|-singleturn|p1a: Sinistcha|move: Rage Powder
|move|p2b: Troglodyte|Iron Head|p1a: Sinistcha
|-damage|p1a: Sinistcha|8/100
|move|p1b: Golurk|Headlong Rush|p2b: Troglodyte
|-supereffective|p2b: Troglodyte|1
|-damage|p2b: Troglodyte|4/100
|-unboost|p1b: Golurk|def|1
|-unboost|p1b: Golurk|spd|1
|move|p2a: Mahrukasha|Dual Wingbeat|p1a: Sinistcha
|-supereffective|p1a: Sinistcha|1
|-crit|p1a: Sinistcha
|-damage|p1a: Sinistcha|0 fnt
|faint|p1a: Sinistcha
|-hitcount|p1: Sinistcha|1
|
|-weather|SunnyDay|[upkeep]
|-fieldend|move: Trick Room
|upkeep
|turn|7
|
|t:|1785956016
|move|p2b: Troglodyte|Sucker Punch|p1b: Golurk
|-supereffective|p1b: Golurk|1
|-damage|p1b: Golurk|0 fnt
|faint|p1b: Golurk
|
|win|melon storme
|raw|miloshki11ee's rating: 1019 → 1011(-8 for losing)
|raw|melon storme's rating: 1169 → 1184(+15 for winning)
|c|☆melon storme|ggs
|c|☆miloshki11ee|ggs
|c|☆melon storme|I respect the scolipede use
|c|☆melon storme|and golurk too I love the designs but man they are hard to use
