|j|☆GIRLHELL1998
|j|☆Monkeydes
|html|GIRLHELL1998Monkeydes    
|uhtml|bestof|Game 1 of a best-of-3
|t:|1756239860
|gametype|doubles
|player|p1|GIRLHELL1998|roxie|1127
|player|p2|Monkeydes|265|1131
|gen|9
|tier|[Gen 9] VGC 2025 Reg H (Bo3)
|rated|
|rule|Species Clause: Limit one of each Pokémon
|rule|Item Clause: Limit 1 of each item
|clearpoke
|poke|p1|Ursaluna, L50, F|
|poke|p1|Kilowattrel, L50, F|
|poke|p1|Gholdengo, L50|
|poke|p1|Incineroar, L50, M|
|poke|p1|Amoonguss, L50, F|
|poke|p1|Porygon2, L50|
|poke|p2|Sneasler, L50, M|
|poke|p2|Dragapult, L50, F|
|poke|p2|Primarina, L50, F|
|poke|p2|Kingambit, L50, F|
|poke|p2|Magmar, L50, F|
|poke|p2|Rillaboom, L50, M|
|teampreview|4
|showteam|p1|Ursaluna||FlameOrb|Guts|Facade,HeadlongRush,Earthquake,Protect|||F|||50|,,,,,Fairy]Kilowattrel||FocusSash|Competitive|Thunderbolt,AirSlash,Tailwind,Protect|||F|||50|,,,,,Ghost]Gholdengo||LifeOrb|GoodasGold|MakeItRain,ShadowBall,NastyPlot,Protect||||||50|,,,,,Flying]Incineroar||AssaultVest|Intimidate|KnockOff,FlareBlitz,Uturn,FakeOut|||M|||50|,,,,,Grass]Amoonguss||SitrusBerry|Regenerator|Spore,RagePowder,SludgeBomb,Protect|||F|||50|,,,,,Water]Porygon2||Eviolite|Download|TeraBlast,IceBeam,Recover,TrickRoom||||||50|,,,,,Fighting
|showteam|p2|Sneasler||FocusSash|PoisonTouch|DireClaw,CloseCombat,FakeOut,Protect|||M|||50|,,,,,Stellar]Dragapult||ChoiceBand|ClearBody|DragonDarts,PhantomForce,Outrage,Uturn|||F|||50|,,,,,Dragon]Primarina||ThroatSpray|LiquidVoice|HyperVoice,Moonblast,Haze,Protect|||F|||50|,,,,,Poison]Kingambit||BlackGlasses|Defiant|KowtowCleave,SuckerPunch,SwordsDance,Protect|||F|||50|,,,,,Dark]Magmar||Eviolite|VitalSpirit|FollowMe,Overheat,WillOWisp,Protect|||F|||50|,,,,,Ghost]Rillaboom||AssaultVest|GrassySurge|FakeOut,WoodHammer,GrassyGlide,HighHorsepower|||M|||50|,,,,,Fire
|inactive|Battle timer is ON: inactive players will automatically lose when time's up. (requested by GIRLHELL1998)
|inactive|GIRLHELL1998 has 60 seconds left.
|inactive|Monkeydes has 60 seconds left.
|
|t:|1756239920
|teamsize|p1|4
|teamsize|p2|4
|start
|switch|p1a: Dinko|Ursaluna, L50, F|100/100
|switch|p1b: 뽀록나|Amoonguss, L50, F, shiny|100/100
|switch|p2a: Kingambit|Kingambit, L50, F|100/100
|switch|p2b: Magmar|Magmar, L50, F|100/100
|turn|1
|inactive|GIRLHELL1998 has 30 seconds left.
|
|t:|1756239954
|-terastallize|p2b: Magmar|Ghost
|-terastallize|p1b: 뽀록나|Water
|move|p1a: Dinko|Protect|p1a: Dinko
|-singleturn|p1a: Dinko|Protect
|move|p2b: Magmar|Follow Me|p2b: Magmar
|-singleturn|p2b: Magmar|move: Follow Me
|move|p2a: Kingambit|Swords Dance|p2a: Kingambit
|-boost|p2a: Kingambit|atk|2
|move|p1b: 뽀록나|Spore|p2b: Magmar
|-immune|p2b: Magmar|[from] ability: Vital Spirit
|
|-status|p1a: Dinko|brn|[from] item: Flame Orb
|upkeep
|turn|2
|inactive|Monkeydes has 30 seconds left.
|inactive|Monkeydes has 20 seconds left.
|inactive|Monkeydes has 15 seconds left.
|inactive|Monkeydes has 10 seconds left.
|
|t:|1756240002
|move|p2b: Magmar|Follow Me|p2b: Magmar
|-singleturn|p2b: Magmar|move: Follow Me
|move|p1b: 뽀록나|Rage Powder|p1b: 뽀록나
|-singleturn|p1b: 뽀록나|move: Rage Powder
|move|p1a: Dinko|Earthquake|p2b: Magmar|[spread] p1b,p2a,p2b
|-supereffective|p2a: Kingambit
|-damage|p1b: 뽀록나|41/100
|-damage|p2a: Kingambit|4/100
|-damage|p2b: Magmar|44/100
|-enditem|p1b: 뽀록나|Sitrus Berry|[eat]
|-heal|p1b: 뽀록나|66/100|[from] item: Sitrus Berry
|move|p2a: Kingambit|Kowtow Cleave|p1b: 뽀록나
|-damage|p1b: 뽀록나|0 fnt
|faint|p1b: 뽀록나
|
|-damage|p1a: Dinko|95/100 brn|[from] brn
|upkeep
|
|t:|1756240024
|switch|p1b: Nokia Brick|Porygon2, L50, shiny|100/100
|-ability|p1b: Nokia Brick|Download|boost
|-boost|p1b: Nokia Brick|spa|1
|turn|3
|inactive|Monkeydes has 30 seconds left.
|inactive|Monkeydes has 20 seconds left.
|inactive|Monkeydes has 15 seconds left.
|inactive|Monkeydes has 10 seconds left.
|
|t:|1756240073
|move|p2b: Magmar|Follow Me|p2b: Magmar
|-singleturn|p2b: Magmar|move: Follow Me
|move|p1a: Dinko|Earthquake|p2b: Magmar|[spread] p1b,p2a,p2b
|-supereffective|p2a: Kingambit
|-crit|p2a: Kingambit
|-damage|p1b: Nokia Brick|58/100
|-damage|p2a: Kingambit|0 fnt
|-damage|p2b: Magmar|0 fnt
|faint|p2a: Kingambit
|faint|p2b: Magmar
|move|p1b: Nokia Brick|Trick Room|p1b: Nokia Brick
|-fieldstart|move: Trick Room|[of] p1b: Nokia Brick
|
|-damage|p1a: Dinko|89/100 brn|[from] brn
|upkeep
|
|t:|1756240083
|switch|p2a: Rillaboom|Rillaboom, L50, M|100/100
|switch|p2b: Sneasler|Sneasler, L50, M|100/100
|-fieldstart|move: Grassy Terrain|[from] ability: Grassy Surge|[of] p2a: Rillaboom
|turn|4
|inactive|Monkeydes has 30 seconds left.
|inactive|Monkeydes has 20 seconds left.
|
|t:|1756240118
|switch|p1b: Pumpy the Grumpy|Incineroar, L50, M, shiny|100/100
|-ability|p1b: Pumpy the Grumpy|Intimidate|boost
|-unboost|p2a: Rillaboom|atk|1
|-unboost|p2b: Sneasler|atk|1
|move|p1a: Dinko|Protect|p1a: Dinko
|-singleturn|p1a: Dinko|Protect
|move|p2a: Rillaboom|Grassy Glide|p1a: Dinko
|-activate|p1a: Dinko|move: Protect
|move|p2b: Sneasler|Close Combat|p1b: Pumpy the Grumpy
|-supereffective|p1b: Pumpy the Grumpy
|-damage|p1b: Pumpy the Grumpy|13/100
|-unboost|p2b: Sneasler|def|1
|-unboost|p2b: Sneasler|spd|1
|-status|p1b: Pumpy the Grumpy|psn|[from] ability: Poison Touch|[of] p2b: Sneasler
|
|-heal|p1a: Dinko|95/100 brn|[from] Grassy Terrain
|-heal|p1b: Pumpy the Grumpy|19/100 psn|[from] Grassy Terrain
|-damage|p1b: Pumpy the Grumpy|7/100 psn|[from] psn
|-damage|p1a: Dinko|89/100 brn|[from] brn
|upkeep
|turn|5
|
|t:|1756240142
|move|p2b: Sneasler|Protect|p2b: Sneasler
|-singleturn|p2b: Sneasler|Protect
|move|p1b: Pumpy the Grumpy|Fake Out|p2a: Rillaboom
|-damage|p2a: Rillaboom|89/100
|cant|p2a: Rillaboom|flinch
|move|p1a: Dinko|Facade|p2a: Rillaboom
|-damage|p2a: Rillaboom|0 fnt
|faint|p2a: Rillaboom
|
|-heal|p1a: Dinko|95/100 brn|[from] Grassy Terrain
|-heal|p1b: Pumpy the Grumpy|13/100 psn|[from] Grassy Terrain
|-damage|p1b: Pumpy the Grumpy|1/100 psn|[from] psn
|-damage|p1a: Dinko|89/100 brn|[from] brn
|upkeep
|turn|6
|
|t:|1756240166
|move|p1a: Dinko|Facade|p2b: Sneasler
|-enditem|p2b: Sneasler|Focus Sash
|-damage|p2b: Sneasler|1/100
|move|p1b: Pumpy the Grumpy|U-turn|p2b: Sneasler
|-resisted|p2b: Sneasler
|-damage|p2b: Sneasler|0 fnt
|faint|p2b: Sneasler
|
|win|GIRLHELL1998
|l|☆Monkeydes
|player|p2|
||GIRLHELL1998 is ready for game 2.
|inactive|Monkeydes has 30 seconds to confirm battle start!
||Monkeydes is ready for game 2.
|uhtml|next|Next: Game 2 of 3
