|j|☆sempra
|j|☆Uncle Lou
|html|sempraUncle Lou    
|uhtml|bestof|Game 2 of a best-of-3
|t:|1783897818
|gametype|doubles
|player|p1|sempra|#sempra|
|player|p2|Uncle Lou|#smogonxnpa2026draftee2|
|gen|9
|tier|[Gen 9 Champions] VGC 2026 Reg M-B (Bo3)
|rule|Species Clause: Limit one of each Pokémon
|rule|Item Clause: Limit 1 of each item
|clearpoke
|poke|p1|Kingambit, L50, F|
|poke|p1|Charizard, L50, F, shiny|
|poke|p1|Garchomp, L50, M|
|poke|p1|Sylveon, L50, M|
|poke|p1|Aerodactyl, L50, M|
|poke|p1|Farigiraf, L50, M|
|poke|p2|Incineroar, L50, F|
|poke|p2|Toxapex, L50, M|
|poke|p2|Charizard, L50, M|
|poke|p2|Kingambit, L50, M|
|poke|p2|Sylveon, L50, M|
|poke|p2|Garchomp, L50, M|
|teampreview|4
|showteam|p1|Kingambit||FocusSash|Defiant|KowtowCleave,SuckerPunch,IronHead,LowKick|Adamant||F|||50|]Charizard||CharizarditeY|Blaze|WeatherBall,HeatWave,SolarBeam,Protect|Modest||F|||50|]Garchomp||LifeOrb|RoughSkin|DragonClaw,Earthquake,RockSlide,Protect|Jolly||M|||50|]Sylveon||FairyFeather|Pixilate|HyperVoice,HyperBeam,QuickAttack,Protect|Modest||M|||50|]Aerodactyl||Aerodactylite|Unnerve|RockSlide,DualWingbeat,Tailwind,Protect|Jolly||M|||50|]Farigiraf||SitrusBerry|ArmorTail|Psychic,Thunderbolt,TrickRoom,HelpingHand|Calm||M|||50|
|showteam|p2|Incineroar||SitrusBerry|Intimidate|FlareBlitz,FakeOut,PartingShot,ThroatChop|Impish||F|||50|]Toxapex||Leftovers|Regenerator|Infestation,BanefulBunker,WideGuard,Toxic|Bold||M|||50|]Charizard||CharizarditeY|Blaze|HeatWave,WeatherBall,SolarBeam,Protect|Modest||M|||50|]Kingambit||BlackGlasses|Defiant|SuckerPunch,KowtowCleave,SwordsDance,Protect|Adamant||M|||50|]Sylveon||FairyFeather|Pixilate|HyperVoice,HyperBeam,QuickAttack,Detect|Modest||M|||50|]Garchomp||ChoiceScarf|RoughSkin|RockSlide,StompingTantrum,Earthquake,DragonClaw|Adamant||M|||50|
|j| 2008 World Champ
|j| thacrow
|j| kommander
|j| Galahad Excalibur
|j| Mogo
|l| kommander
|j| ceree
|j| orlandolt
|j| kunal
|
|t:|1783897844
|teamsize|p1|4
|teamsize|p2|4
|start
|switch|p1a: Farigiraf|Farigiraf, L50, M|100/100
|switch|p1b: Garchomp|Garchomp, L50, M|100/100
|switch|p2a: Charizard|Charizard, L50, M|100/100
|switch|p2b: Toxapex|Toxapex, L50, M|100/100
|turn|1
|j|@shiloh
|j| kommander
|
|t:|1783897874
|move|p2a: Charizard|Protect|p2a: Charizard
|-singleturn|p2a: Charizard|Protect
|move|p1b: Garchomp|Rock Slide|p2a: Charizard|[spread] p2b
|-activate|p2a: Charizard|move: Protect
|-damage|p2b: Toxapex|83/100
|-damage|p1b: Garchomp|90/100|[from] item: Life Orb
|move|p1a: Farigiraf|Psychic|p2b: Toxapex
|-supereffective|p2b: Toxapex|1
|-damage|p2b: Toxapex|32/100
|move|p2b: Toxapex|Infestation|p1a: Farigiraf
|-supereffective|p1a: Farigiraf|1
|-damage|p1a: Farigiraf|94/100
|-activate|p1a: Farigiraf|move: Infestation|[of] p2b: Toxapex
|
|-heal|p2b: Toxapex|38/100|[from] item: Leftovers
|-damage|p1a: Farigiraf|82/100|[from] move: Infestation|[partiallytrapped]
|upkeep
|turn|2
|j| PqlarBear
|
|t:|1783897911
|detailschange|p2a: Charizard|Charizard-Mega-Y, L50, M
|-mega|p2a: Charizard|Charizard|Charizardite Y
|-weather|SunnyDay|[from] ability: Drought|[of] p2a: Charizard
|move|p2b: Toxapex|Wide Guard|p2b: Toxapex
|-singleturn|p2b: Toxapex|Wide Guard
|move|p1b: Garchomp|Dragon Claw|p2a: Charizard
|-crit|p2a: Charizard
|-damage|p2a: Charizard|36/100
|-damage|p1b: Garchomp|80/100|[from] item: Life Orb
|move|p2a: Charizard|Weather Ball|p1a: Farigiraf
|-damage|p1a: Farigiraf|13/100
|-enditem|p1a: Farigiraf|Sitrus Berry|[eat]
|-heal|p1a: Farigiraf|38/100|[from] item: Sitrus Berry
|move|p1a: Farigiraf|Psychic|p2b: Toxapex
|-supereffective|p2b: Toxapex|1
|-damage|p2b: Toxapex|0 fnt
|faint|p2b: Toxapex
|
|-weather|SunnyDay|[upkeep]
|-end|p1a: Farigiraf|Infestation|[partiallytrapped]|[silent]
|upkeep
|j| Will of urshifu
|
|t:|1783897931
|switch|p2b: Garchomp|Garchomp, L50, M|100/100
|turn|3
|
|t:|1783897978
|switch|p1b: Sylveon|Sylveon, L50, M|100/100
|switch|p2a: Incineroar|Incineroar, L50, F|100/100
|-ability|p2a: Incineroar|Intimidate|boost
|-unboost|p1a: Farigiraf|atk|1
|-unboost|p1b: Sylveon|atk|1
|move|p2b: Garchomp|Dragon Claw|p1b: Sylveon
|-immune|p1b: Sylveon
|move|p1a: Farigiraf|Psychic|p2a: Incineroar
|-immune|p2a: Incineroar
|
|-weather|SunnyDay|[upkeep]
|upkeep
|turn|4
|l| Will of urshifu
|
|t:|1783898012
|switch|p2b: Charizard|Charizard-Mega-Y, L50, M|36/100
|move|p1a: Farigiraf|Helping Hand|p1b: Sylveon
|-singleturn|p1b: Sylveon|Helping Hand|[of] p1a: Farigiraf
|move|p1b: Sylveon|Hyper Voice|p2a: Incineroar|[spread] p2a,p2b
|-resisted|p2b: Charizard|1
|-damage|p2a: Incineroar|37/100
|-damage|p2b: Charizard|7/100
|-enditem|p2a: Incineroar|Sitrus Berry|[eat]
|-heal|p2a: Incineroar|62/100|[from] item: Sitrus Berry
|move|p2a: Incineroar|Flare Blitz|p1b: Sylveon
|-damage|p1b: Sylveon|24/100
|-damage|p2a: Incineroar|40/100|[from] Recoil
|
|-weather|SunnyDay|[upkeep]
|upkeep
|turn|5
|
|t:|1783898055
|switch|p2a: Garchomp|Garchomp, L50, M|100/100
|move|p1b: Sylveon|Protect|p1b: Sylveon
|-singleturn|p1b: Sylveon|Protect
|move|p2b: Charizard|Heat Wave|p1a: Farigiraf|[spread] p1a
|-activate|p1b: Sylveon|move: Protect
|-damage|p1a: Farigiraf|0 fnt
|faint|p1a: Farigiraf
|
|-weather|SunnyDay|[upkeep]
|upkeep
|j| Will of urshifu
|
|t:|1783898075
|switch|p1a: Aerodactyl|Aerodactyl, L50, M|100/100
|-ability|p1a: Aerodactyl|Unnerve
|turn|6
|l| kommander
|j| Christianfinity
|j| kommander
|
|t:|1783898114
|switch|p2b: Incineroar|Incineroar, L50, F|40/100
|-ability|p2b: Incineroar|Intimidate|boost
|-unboost|p1a: Aerodactyl|atk|1
|-unboost|p1b: Sylveon|atk|1
|detailschange|p1a: Aerodactyl|Aerodactyl-Mega, L50, M
|-mega|p1a: Aerodactyl|Aerodactyl|Aerodactylite
|move|p2a: Garchomp|Rock Slide|p1b: Sylveon|[spread] p1a
|-miss|p2a: Garchomp|p1b: Sylveon
|-supereffective|p1a: Aerodactyl|1
|-damage|p1a: Aerodactyl|52/100
|move|p1a: Aerodactyl|Rock Slide|p2b: Incineroar|[spread] p2b
|-miss|p1a: Aerodactyl|p2a: Garchomp
|-supereffective|p2b: Incineroar|1
|-damage|p2b: Incineroar|13/100
|move|p1b: Sylveon|Hyper Voice|p2a: Garchomp|[spread] p2a,p2b
|-supereffective|p2a: Garchomp|1
|-damage|p2a: Garchomp|0 fnt
|-damage|p2b: Incineroar|0 fnt
|faint|p2a: Garchomp
|faint|p2b: Incineroar
|
|-weather|none
|upkeep
|
|t:|1783898138
|switch|p2b: Charizard|Charizard-Mega-Y, L50, M|7/100
|-weather|SunnyDay|[from] ability: Drought|[of] p2b: Charizard
|turn|7
|l| Will of urshifu
|
|t:|1783898148
|move|p1b: Sylveon|Quick Attack|p2b: Charizard
|-resisted|p2b: Charizard|1
|-damage|p2b: Charizard|3/100
|move|p1a: Aerodactyl|Rock Slide|p2b: Charizard
|-supereffective|p2b: Charizard|2
|-damage|p2b: Charizard|0 fnt
|faint|p2b: Charizard
|
|win|sempra
||sempra is ready for game 3.
|inactive|Uncle Lou has 30 seconds to confirm battle start!
|l| kommander
||Uncle Lou is ready for game 3.
|uhtml|next|Next: Game 3 of 3
|l| thacrow
|l|☆sempra
|player|p1|
|j| Will of urshifu
|l| ceree
|j| kommander
|l| Will of urshifu
|l| kommander
|j|☆sempra
|player|p1|sempra|#sempra|
|l| orlandolt
|l|☆sempra
|player|p1|
|j| arekusabi
|l| PqlarBear
|l| 2008 World Champ
|l| arekusabi
|l|@shiloh
