|j|☆boncuss
|j|☆15Hugs
|html|boncuss15Hugs    
|uhtml|bestof|Game 2 of a best-of-3
|t:|1784830605
|gametype|doubles
|player|p1|boncuss|wattson|1067
|player|p2|15Hugs|ingo|1090
|gen|9
|tier|[Gen 9 Champions] VGC 2026 Reg M-B (Bo3)
|rated|
|rule|Species Clause: Limit one of each Pokémon
|rule|Item Clause: Limit 1 of each item
|clearpoke
|poke|p1|Raichu, L50, M|
|poke|p1|Kingambit, L50, M|
|poke|p1|Aurorus, L50, F|
|poke|p1|Talonflame, L50, M|
|poke|p1|Blastoise, L50, F|
|poke|p1|Farigiraf, L50, M|
|poke|p2|Mawile, L50, F|
|poke|p2|Sneasler, L50, F|
|poke|p2|Raichu, L50, F|
|poke|p2|Hydreigon, L50, M|
|poke|p2|Farigiraf, L50, M, shiny|
|poke|p2|Ceruledge, L50, M|
|teampreview|4
|showteam|p1|Raichu||RaichuniteY|LightningRod|FakeOut,ZapCannon,Protect,FocusBlast|Timid||M|||50|]Kingambit||FocusSash|Defiant|KowtowCleave,SuckerPunch,Protect,IronHead|Adamant||M|||50|]Aurorus||ChoiceScarf|SnowWarning|Blizzard,FreezeDry,AncientPower,EarthPower|Timid||F|||50|]Talonflame|||GaleWings|Acrobatics,Tailwind,Protect,FlareBlitz|Adamant||M|||50|]Blastoise||Blastoisinite|RainDish|WaterSpout,ShellSmash,Protect,WaterPulse|Modest||F|||50|]Farigiraf||SitrusBerry|ArmorTail|HyperVoice,TrickRoom,Imprison,Protect|Modest||M|||50|
|showteam|p2|Mawile||Mawilite|Intimidate|Protect,PlayRough,IronHead,RockSlide|Brave||F|||50|]Sneasler||WhiteHerb|Unburden|FakeOut,Coaching,CloseCombat,DireClaw|Jolly||F|||50|]Raichu||RaichuniteY|LightningRod|Protect,FakeOut,ZapCannon,FocusBlast|Timid||F|||50|]Hydreigon||ChoiceScarf|Levitate|DracoMeteor,Snarl,DarkPulse,EarthPower|Timid||M|||50|]Farigiraf||SitrusBerry|ArmorTail|TrickRoom,HelpingHand,FoulPlay,Psychic|Relaxed||M|||50|]Ceruledge||LifeOrb|FlashFire|Protect,ShadowSneak,Poltergeist,BitterBlade|Brave||M|||50|
|inactive|Battle timer is ON: inactive players will automatically lose when time's up. (requested by boncuss)
|
|t:|1784830624
|teamsize|p1|4
|teamsize|p2|4
|start
|switch|p1a: Farigiraf|Farigiraf, L50, M|100/100
|switch|p1b: Kingambit|Kingambit, L50, M|100/100
|switch|p2a: Hydreigon|Hydreigon, L50, M|100/100
|switch|p2b: Sneasler|Sneasler, L50, F|100/100
|turn|1
|inactive|15Hugs has 30 seconds left.
|
|t:|1784830649
|move|p1b: Kingambit|Protect|p1b: Kingambit
|-singleturn|p1b: Kingambit|Protect
|move|p2a: Hydreigon|Dark Pulse|p1a: Farigiraf
|-supereffective|p1a: Farigiraf|1
|-damage|p1a: Farigiraf|0 fnt
|faint|p1a: Farigiraf
|move|p2b: Sneasler|Close Combat|p1b: Kingambit
|-activate|p1b: Kingambit|move: Protect
|
|upkeep
|
|t:|1784830658
|switch|p1a: Talonflame|Talonflame, L50, M|100/100
|turn|2
|inactive|15Hugs has 30 seconds left.
|
|t:|1784830688
|switch|p2b: Farigiraf|Farigiraf, L50, M, shiny|100/100
|move|p1a: Talonflame|Acrobatics||[still]
|cant|p2b: Farigiraf|ability: Armor Tail|Acrobatics|[of] p1a: Talonflame
|move|p2a: Hydreigon|Dark Pulse|p1a: Talonflame
|-damage|p1a: Talonflame|35/100
|move|p1b: Kingambit|Kowtow Cleave|p2a: Hydreigon
|-resisted|p2a: Hydreigon|1
|-damage|p2a: Hydreigon|72/100
|
|upkeep
|turn|3
|inactive|15Hugs has 30 seconds left.
|
|t:|1784830716
|switch|p2a: Sneasler|Sneasler, L50, F|100/100
|move|p1a: Talonflame|Protect|p1a: Talonflame
|-singleturn|p1a: Talonflame|Protect
|move|p1b: Kingambit|Kowtow Cleave|p2b: Farigiraf
|-supereffective|p2b: Farigiraf|1
|-damage|p2b: Farigiraf|25/100
|-enditem|p2b: Farigiraf|Sitrus Berry|[eat]
|-heal|p2b: Farigiraf|50/100g|[from] item: Sitrus Berry
|move|p2b: Farigiraf|Foul Play|p1a: Talonflame
|-activate|p1a: Talonflame|move: Protect
|
|upkeep
|turn|4
|
|t:|1784830741
|move|p2a: Sneasler|Dire Claw|p1a: Talonflame
|-damage|p1a: Talonflame|0 fnt
|faint|p1a: Talonflame
|move|p1b: Kingambit|Kowtow Cleave|p2b: Farigiraf
|-supereffective|p2b: Farigiraf|1
|-damage|p2b: Farigiraf|0 fnt
|faint|p2b: Farigiraf
|
|upkeep
|
|t:|1784830752
|switch|p1a: Blastoise|Blastoise, L50, F|100/100
|switch|p2b: Hydreigon|Hydreigon, L50, M|72/100
|turn|5
|
|t:|1784830768
|detailschange|p1a: Blastoise|Blastoise-Mega, L50, F
|-mega|p1a: Blastoise|Blastoise|Blastoisinite
|move|p2b: Hydreigon|Earth Power|p1a: Blastoise
|-damage|p1a: Blastoise|71/100
|-unboost|p1a: Blastoise|spd|1
|move|p2a: Sneasler|Close Combat|p1a: Blastoise
|-damage|p1a: Blastoise|20/100y
|-unboost|p2a: Sneasler|def|1
|-unboost|p2a: Sneasler|spd|1
|-enditem|p2a: Sneasler|White Herb
|-clearnegativeboost|p2a: Sneasler|[silent]
|move|p1a: Blastoise|Shell Smash|p1a: Blastoise
|-unboost|p1a: Blastoise|def|1
|-unboost|p1a: Blastoise|spd|1
|-boost|p1a: Blastoise|atk|2
|-boost|p1a: Blastoise|spa|2
|-boost|p1a: Blastoise|spe|2
|move|p1b: Kingambit|Iron Head|p2a: Sneasler
|-damage|p2a: Sneasler|23/100
|
|upkeep
|turn|6
|inactive|15Hugs has 30 seconds left.
|
|t:|1784830796
|move|p1b: Kingambit|Sucker Punch|p2a: Sneasler
|-resisted|p2a: Sneasler|1
|-damage|p2a: Sneasler|0 fnt
|faint|p2a: Sneasler
|move|p2b: Hydreigon|Earth Power|p1b: Kingambit
|-supereffective|p1b: Kingambit|1
|-damage|p1b: Kingambit|28/100
|-unboost|p1b: Kingambit|spd|1
|-ability|p1b: Kingambit|Defiant|boost
|-boost|p1b: Kingambit|atk|2
|move|p1a: Blastoise|Water Pulse|p2b: Hydreigon
|-resisted|p2b: Hydreigon|1
|-damage|p2b: Hydreigon|18/100
|
|upkeep
|c|☆15Hugs|that drop was so unfortunate
|
|t:|1784830820
|switch|p2a: Raichu|Raichu, L50, F|100/100
|turn|7
|
|t:|1784830832
|detailschange|p2a: Raichu|Raichu-Mega-Y, L50, F
|-mega|p2a: Raichu|Raichu|Raichunite Y
|move|p1a: Blastoise|Protect|p1a: Blastoise
|-singleturn|p1a: Blastoise|Protect
|move|p1b: Kingambit|Protect|p1b: Kingambit
|-singleturn|p1b: Kingambit|Protect
|move|p2a: Raichu|Fake Out|p1b: Kingambit
|-activate|p1b: Kingambit|move: Protect
|move|p2b: Hydreigon|Earth Power|p1a: Blastoise
|-activate|p1a: Blastoise|move: Protect
|
|upkeep
|turn|8
|
|t:|1784830840
|move|p2a: Raichu|Protect|p2a: Raichu
|-singleturn|p2a: Raichu|Protect
|move|p1b: Kingambit|Sucker Punch|p2b: Hydreigon
|-resisted|p2b: Hydreigon|1
|-damage|p2b: Hydreigon|0 fnt
|faint|p2b: Hydreigon
|move|p1a: Blastoise|Water Pulse|p2a: Raichu
|-activate|p2a: Raichu|move: Protect
|
|upkeep
|turn|9
|
|t:|1784830850
|move|p1a: Blastoise|Water Pulse|p2a: Raichu
|-damage|p2a: Raichu|0 fnt
|faint|p2a: Raichu
|
|win|boncuss
|raw|boncuss's rating: 1067 → 1099(+32 for winning)
|raw|15Hugs's rating: 1090 → 1065(-25 for losing)
