|j|☆sssirpoopsalot
|j|☆ariyanboy
|html|sssirpoopsalotariyanboy    
|uhtml|bestof|Game 1 of a best-of-3
|t:|1757789488
|gametype|doubles
|player|p1|sssirpoopsalot|gambler|
|player|p2|ariyanboy|red|
|gen|9
|tier|[Gen 9] VGC 2025 Reg H (Bo3)
|rule|Species Clause: Limit one of each Pokémon
|rule|Item Clause: Limit 1 of each item
|clearpoke
|poke|p1|Tyranitar, L50, F|
|poke|p1|Excadrill, L50, F|
|poke|p1|Houndstone, L50, M|
|poke|p1|Milotic, L50, F|
|poke|p1|Amoonguss, L50, M|
|poke|p1|Volcarona, L50, F|
|poke|p2|Reuniclus, L50, F|
|poke|p2|Lapras, L50, M|
|poke|p2|Lycanroc-Midnight, L50, M|
|poke|p2|Incineroar, L50, M|
|poke|p2|Ursaluna-Bloodmoon, L50, M|
|poke|p2|Amoonguss, L50, M|
|teampreview|4
|showteam|p1|Tyranitar||SmoothRock|SandStream|KnockOff,RockSlide,Protect,TeraBlast|||F|||50|,,,,,Flying]Excadrill||ChoiceBand|SandRush|HighHorsepower,IronHead,PoisonJab,SwordsDance|||F|||50|,,,,,Fire]Houndstone||LifeOrb|SandRush|LastRespects,ShadowSneak,BodyPress,Protect|||M|||50|,,,,,Normal]Milotic||SitrusBerry|Competitive|Scald,Avalanche,LifeDew,Haze|||F|||50|,,,,,Water]Amoonguss||RockyHelmet|Regenerator|PollenPuff,SludgeBomb,RagePowder,Spore|||M|||50|,,,,,Water]Volcarona||Leftovers|FlameBody|QuiverDance,HeatWave,GigaDrain,Protect|||F|||50|,,,,,Grass
|showteam|p2|Reuniclus||FocusSash|Overcoat|SkillSwap,TrickRoom,ExpandingForce,Protect|||F|||50|,,,,,Steel]Lapras||Leftovers|WaterAbsorb|SheerCold,Protect,Surf,FreezeDry|||M|||50|,,,,,Steel]Lycanroc-Midnight||CovertCloak|NoGuard|RockSlide,Protect,FoulPlay,CloseCombat|||M|||50|,,,,,Rock]Incineroar||SafetyGoggles|Intimidate|PartingShot,KnockOff,FlareBlitz,FakeOut|||M|||50|,,,,,Water]Ursaluna-Bloodmoon||ThroatSpray|MindsEye|HyperVoice,BloodMoon,EarthPower,CalmMind|||M|||50|,,,,,Ground]Amoonguss||SitrusBerry|Regenerator|Spore,Protect,RagePowder,PollenPuff|||M|||50|,,,,,Grass
|
|t:|1757789525
|teamsize|p1|4
|teamsize|p2|4
|start
|switch|p1a: Tyranitar|Tyranitar, L50, F, shiny|100/100
|switch|p1b: Excadrill|Excadrill, L50, F|100/100
|switch|p2a: Reuniclus|Reuniclus, L50, F, shiny|100/100
|switch|p2b: Lycanroc|Lycanroc-Midnight, L50, M, shiny|100/100
|-weather|Sandstorm|[from] ability: Sand Stream|[of] p1a: Tyranitar
|turn|1
|
|t:|1757789548
|-terastallize|p1a: Tyranitar|Flying
|-terastallize|p2a: Reuniclus|Steel
|move|p2b: Lycanroc|Protect|p2b: Lycanroc
|-singleturn|p2b: Lycanroc|Protect
|move|p1b: Excadrill|High Horsepower|p2b: Lycanroc
|-activate|p2b: Lycanroc|move: Protect
|move|p1a: Tyranitar|Tera Blast|p2a: Reuniclus|[anim] Tera Blast Flying
|-resisted|p2a: Reuniclus
|-damage|p2a: Reuniclus|80/100
|move|p2a: Reuniclus|Trick Room|p2a: Reuniclus
|-fieldstart|move: Trick Room|[of] p2a: Reuniclus
|
|-weather|Sandstorm|[upkeep]
|-damage|p1a: Tyranitar|94/100|[from] Sandstorm
|upkeep
|turn|2
|
|t:|1757789589
|move|p2a: Reuniclus|Skill Swap|p2b: Lycanroc
|-activate|p2a: Reuniclus|move: Skill Swap|||[of] p2b: Lycanroc
|move|p1a: Tyranitar|Knock Off|p2a: Reuniclus
|-damage|p2a: Reuniclus|34/100
|-enditem|p2a: Reuniclus|Focus Sash|[from] move: Knock Off|[of] p1a: Tyranitar
|move|p2b: Lycanroc|Close Combat|p1b: Excadrill
|-supereffective|p1b: Excadrill
|-damage|p1b: Excadrill|0 fnt
|-unboost|p2b: Lycanroc|def|1
|-unboost|p2b: Lycanroc|spd|1
|faint|p1b: Excadrill
|
|-weather|Sandstorm|[upkeep]
|-damage|p1a: Tyranitar|88/100|[from] Sandstorm
|upkeep
|
|t:|1757789605
|switch|p1b: Amoonguss|Amoonguss, L50, M, shiny|100/100
|turn|3
|
|t:|1757789619
|switch|p2b: Lapras|Lapras, L50, M, shiny|100/100
|move|p2a: Reuniclus|Skill Swap|p2b: Lapras
|-activate|p2a: Reuniclus|move: Skill Swap|||[of] p2b: Lapras
|move|p1b: Amoonguss|Spore|p2b: Lapras
|-status|p2b: Lapras|slp|[from] move: Spore
|move|p1a: Tyranitar|Knock Off|p2a: Reuniclus
|-damage|p2a: Reuniclus|5/100
|
|-weather|Sandstorm|[upkeep]
|-damage|p1b: Amoonguss|95/100|[from] Sandstorm
|-damage|p2b: Lapras|95/100 slp|[from] Sandstorm
|-damage|p1a: Tyranitar|82/100|[from] Sandstorm
|-heal|p2b: Lapras|100/100 slp|[from] item: Leftovers
|upkeep
|turn|4
|
|t:|1757789648
|move|p2a: Reuniclus|Expanding Force|p1b: Amoonguss
|-supereffective|p1b: Amoonguss
|-damage|p1b: Amoonguss|29/100
|move|p1b: Amoonguss|Sludge Bomb|p2a: Reuniclus
|-immune|p2a: Reuniclus
|cant|p2b: Lapras|slp
|move|p1a: Tyranitar|Rock Slide|p2b: Lapras|[spread] p2a,p2b
|-resisted|p2a: Reuniclus
|-supereffective|p2b: Lapras
|-damage|p2a: Reuniclus|0 fnt
|-damage|p2b: Lapras|37/100 slp
|faint|p2a: Reuniclus
|
|-weather|Sandstorm|[upkeep]
|-damage|p1b: Amoonguss|23/100|[from] Sandstorm
|-damage|p2b: Lapras|31/100 slp|[from] Sandstorm
|-damage|p1a: Tyranitar|76/100|[from] Sandstorm
|-heal|p2b: Lapras|37/100 slp|[from] item: Leftovers
|upkeep
|
|t:|1757789665
|switch|p2a: Amoonguss|Amoonguss, L50, M, shiny|100/100
|turn|5
|
|t:|1757789700
|move|p2a: Amoonguss|Spore|p1a: Tyranitar
|-status|p1a: Tyranitar|slp|[from] move: Spore
|move|p1b: Amoonguss|Pollen Puff|p1a: Tyranitar
|-heal|p1a: Tyranitar|100/100 slp
|cant|p2b: Lapras|slp
|cant|p1a: Tyranitar|slp
|
|-weather|Sandstorm|[upkeep]
|-damage|p2a: Amoonguss|95/100|[from] Sandstorm
|-damage|p1b: Amoonguss|17/100|[from] Sandstorm
|-damage|p2b: Lapras|31/100 slp|[from] Sandstorm
|-damage|p1a: Tyranitar|94/100 slp|[from] Sandstorm
|-heal|p2b: Lapras|37/100 slp|[from] item: Leftovers
|-fieldend|move: Trick Room
|upkeep
|turn|6
|
|t:|1757789735
|switch|p1a: Volcarona|Volcarona, L50, F|100/100
|-curestatus|p2b: Lapras|slp|[msg]
|move|p2b: Lapras|Sheer Cold|p1b: Amoonguss
|-damage|p1b: Amoonguss|0 fnt
|faint|p1b: Amoonguss
|-ohko
|move|p2a: Amoonguss|Pollen Puff|p2b: Lapras
|-heal|p2b: Lapras|87/100
|
|-weather|Sandstorm|[upkeep]
|-damage|p1a: Volcarona|95/100|[from] Sandstorm
|-damage|p2b: Lapras|81/100|[from] Sandstorm
|-damage|p2a: Amoonguss|89/100|[from] Sandstorm
|-heal|p1a: Volcarona|100/100|[from] item: Leftovers
|-heal|p2b: Lapras|87/100|[from] item: Leftovers
|upkeep
|
|t:|1757789751
|switch|p1b: Tyranitar|Tyranitar, L50, F, shiny, tera:Flying|94/100 slp
|turn|7
|
|t:|1757789762
|move|p2a: Amoonguss|Rage Powder|p2a: Amoonguss
|-singleturn|p2a: Amoonguss|move: Rage Powder
|move|p1a: Volcarona|Heat Wave|p2a: Amoonguss|[spread] p2a,p2b
|-supereffective|p2a: Amoonguss
|-crit|p2b: Lapras
|-damage|p2a: Amoonguss|24/100
|-damage|p2b: Lapras|50/100
|-enditem|p2a: Amoonguss|Sitrus Berry|[eat]
|-heal|p2a: Amoonguss|49/100|[from] item: Sitrus Berry
|-curestatus|p1b: Tyranitar|slp|[msg]
|move|p1b: Tyranitar|Tera Blast|p2a: Amoonguss|[anim] Tera Blast Flying
|-supereffective|p2a: Amoonguss
|-damage|p2a: Amoonguss|0 fnt
|faint|p2a: Amoonguss
|move|p2b: Lapras|Sheer Cold|p1a: Volcarona
|-damage|p1a: Volcarona|0 fnt
|faint|p1a: Volcarona
|-ohko
|
|-weather|Sandstorm|[upkeep]
|-damage|p1b: Tyranitar|88/100|[from] Sandstorm
|-damage|p2b: Lapras|44/100|[from] Sandstorm
|-heal|p2b: Lapras|50/100|[from] item: Leftovers
|upkeep
|
|t:|1757789780
|switch|p2a: Lycanroc|Lycanroc-Midnight, L50, M, shiny|100/100
|turn|8
|
|t:|1757789788
|move|p2a: Lycanroc|Rock Slide|p1b: Tyranitar
|-supereffective|p1b: Tyranitar
|-damage|p1b: Tyranitar|25/100
|move|p1b: Tyranitar|Tera Blast|p2b: Lapras|[anim] Tera Blast Flying
|-damage|p2b: Lapras|10/100
|move|p2b: Lapras|Sheer Cold|p1b: Tyranitar
|-damage|p1b: Tyranitar|0 fnt
|faint|p1b: Tyranitar
|-ohko
|
|win|ariyanboy
||ariyanboy is ready for game 2.
|inactive|sssirpoopsalot has 30 seconds to confirm battle start!
||sssirpoopsalot is ready for game 2.
|uhtml|next|Next: Game 2 of 3
