|j|☆Zevenit
|j|☆rdw39
|html|Zevenitrdw39    
|uhtml|bestof|Game 3 of a best-of-3
|t:|1756822580
|gametype|doubles
|player|p1|Zevenit|hoopster|1136
|player|p2|rdw39|265|1112
|gen|9
|tier|[Gen 9] VGC 2025 Reg H (Bo3)
|rated|
|rule|Species Clause: Limit one of each Pokémon
|rule|Item Clause: Limit 1 of each item
|clearpoke
|poke|p1|Electabuzz, L50, F|
|poke|p1|Volcarona, L50, F|
|poke|p1|Sneasler, L50, F|
|poke|p1|Rillaboom, L50, F|
|poke|p1|Baxcalibur, L50, F|
|poke|p1|Primarina, L50, M|
|poke|p2|Sneasler, L50, F|
|poke|p2|Indeedee, L50, M|
|poke|p2|Ursaluna-Bloodmoon, L50, M|
|poke|p2|Electabuzz, L50, M|
|poke|p2|Incineroar, L50, M|
|poke|p2|Talonflame, L50, M|
|teampreview|4
|showteam|p1|Electabuzz||Eviolite|VitalSpirit|FollowMe,Electroweb,Taunt,Protect|||F|||50|,,,,,Ghost]Volcarona||CovertCloak|FlameBody|HeatWave,TeraBlast,QuiverDance,Protect|||F|||50|,,,,,Fairy]Sneasler||FocusSash|Unburden|DireClaw,CloseCombat,Protect,FakeOut|||F|||50|,,,,,Stellar]Rillaboom||AssaultVest|GrassySurge|FakeOut,WoodHammer,GrassyGlide,Uturn|||F|||50|,,,,,Fire]Baxcalibur||LoadedDice|ThermalExchange|IcicleSpear,ScaleShot,Protect,DragonDance|||F|||50|,,,,,Fairy]Primarina||ThroatSpray|LiquidVoice|HyperVoice,Protect,Moonblast,Haze|||M|||50|,,,,,Water
|showteam|p2|Sneasler||PsychicSeed|Unburden|CloseCombat,DireClaw,ThroatChop,Protect|||F|||50|,,,,,Dark]Indeedee||FocusSash|PsychicSurge|ExpandingForce,TrickRoom,HelpingHand,Protect|||M|||50|,,,,,Psychic]Ursaluna-Bloodmoon||LifeOrb|MindsEye|BloodMoon,HyperVoice,EarthPower,Protect|||M|||50|,,,,,Normal]Electabuzz||Eviolite|VitalSpirit|Electroweb,FollowMe,Taunt,Protect|||M|||50|,,,,,Dragon]Incineroar||SafetyGoggles|Intimidate|FlareBlitz,KnockOff,PartingShot,FakeOut|||M|||50|,,,,,Ghost]Talonflame||CovertCloak|GaleWings|FlareBlitz,DualWingbeat,WillOWisp,Tailwind|||M|||50|,,,,,Fairy
|inactive|Battle timer is ON: inactive players will automatically lose when time's up. (requested by Zevenit)
|inactive|Zevenit has 60 seconds left.
|
|t:|1756822628
|teamsize|p1|4
|teamsize|p2|4
|start
|switch|p1a: Rillaboom|Rillaboom, L50, F|100/100
|switch|p1b: Sneasler|Sneasler, L50, F|100/100
|switch|p2a: Incineroar|Incineroar, L50, M|100/100
|switch|p2b: Sneasler|Sneasler, L50, F|100/100
|-fieldstart|move: Grassy Terrain|[from] ability: Grassy Surge|[of] p1a: Rillaboom
|-ability|p2a: Incineroar|Intimidate|boost
|-unboost|p1a: Rillaboom|atk|1
|-unboost|p1b: Sneasler|atk|1
|turn|1
|inactive|rdw39 has 30 seconds left.
|
|t:|1756822658
|switch|p1a: Baxcalibur|Baxcalibur, L50, F|100/100
|switch|p2a: Indeedee|Indeedee, L50, M|100/100
|-fieldstart|move: Psychic Terrain|[from] ability: Psychic Surge|[of] p2a: Indeedee
|-enditem|p2b: Sneasler|Psychic Seed
|-boost|p2b: Sneasler|spd|1|[from] item: Psychic Seed
|move|p2b: Sneasler|Dire Claw|p1a: Baxcalibur
|-damage|p1a: Baxcalibur|57/100
|move|p1b: Sneasler|Close Combat|p2a: Indeedee
|-damage|p2a: Indeedee|17/100
|-unboost|p1b: Sneasler|def|1
|-unboost|p1b: Sneasler|spd|1
|
|upkeep
|turn|2
|inactive|Zevenit has 30 seconds left.
|inactive|rdw39 has 30 seconds left.
|inactive|Zevenit has 20 seconds left.
|
|t:|1756822695
|switch|p2a: Incineroar|Incineroar, L50, M|100/100
|-ability|p2a: Incineroar|Intimidate|boost
|-unboost|p1a: Baxcalibur|atk|1
|-unboost|p1b: Sneasler|atk|1
|switch|p1a: Rillaboom|Rillaboom, L50, F|100/100
|-fieldstart|move: Grassy Terrain|[from] ability: Grassy Surge|[of] p1a: Rillaboom
|move|p2b: Sneasler|Dire Claw|p1b: Sneasler
|-resisted|p1b: Sneasler
|-damage|p1b: Sneasler|42/100
|move|p1b: Sneasler|Dire Claw|p2b: Sneasler
|-resisted|p2b: Sneasler
|-damage|p2b: Sneasler|82/100
|
|-heal|p2b: Sneasler|88/100|[from] Grassy Terrain
|-heal|p1b: Sneasler|48/100|[from] Grassy Terrain
|upkeep
|turn|3
|inactive|Zevenit has 30 seconds left.
|inactive|rdw39 has 30 seconds left.
|inactive|rdw39 has 20 seconds left.
|inactive|rdw39 has 15 seconds left.
|
|t:|1756822736
|switch|p1b: Volcarona|Volcarona, L50, F|100/100
|switch|p1a: Baxcalibur|Baxcalibur, L50, F|57/100
|-terastallize|p2a: Incineroar|Ghost
|move|p2b: Sneasler|Dire Claw|p1b: Volcarona
|-damage|p1b: Volcarona|53/100
|move|p2a: Incineroar|Flare Blitz|p1a: Baxcalibur
|-damage|p1a: Baxcalibur|7/100
|-ability|p1a: Baxcalibur|Thermal Exchange|boost
|-boost|p1a: Baxcalibur|atk|1
|-damage|p2a: Incineroar|84/100|[from] Recoil
|
|-heal|p2b: Sneasler|94/100|[from] Grassy Terrain
|-heal|p1b: Volcarona|59/100|[from] Grassy Terrain
|-heal|p1a: Baxcalibur|13/100|[from] Grassy Terrain
|-heal|p2a: Incineroar|90/100|[from] Grassy Terrain
|upkeep
|turn|4
|inactive|Zevenit has 30 seconds left.
|inactive|rdw39 has 30 seconds left.
|inactive|Zevenit has 20 seconds left.
|inactive|rdw39 has 20 seconds left.
|inactive|Zevenit has 15 seconds left.
|inactive|rdw39 has 15 seconds left.
|inactive|rdw39 has 10 seconds left.
|inactive|rdw39 has 5 seconds left.
|
|t:|1756822787
|switch|p2a: Indeedee|Indeedee, L50, M|17/100
|-fieldstart|move: Psychic Terrain|[from] ability: Psychic Surge|[of] p2a: Indeedee
|move|p2b: Sneasler|Protect|p2b: Sneasler
|-singleturn|p2b: Sneasler|Protect
|move|p1b: Volcarona|Heat Wave|p2a: Indeedee|[spread] p2a
|-activate|p2b: Sneasler|move: Protect
|-damage|p2a: Indeedee|0 fnt
|faint|p2a: Indeedee
|move|p1a: Baxcalibur|Scale Shot|p2b: Sneasler
|-activate|p2b: Sneasler|move: Protect
|
|upkeep
|
|t:|1756822807
|switch|p2a: Incineroar|Incineroar, L50, M, tera:Ghost|90/100
|-ability|p2a: Incineroar|Intimidate|boost
|-unboost|p1a: Baxcalibur|atk|1
|-unboost|p1b: Volcarona|atk|1
|turn|5
|
|t:|1756822821
|switch|p1b: Rillaboom|Rillaboom, L50, F|100/100
|-fieldstart|move: Grassy Terrain|[from] ability: Grassy Surge|[of] p1b: Rillaboom
|move|p1a: Baxcalibur|Protect|p1a: Baxcalibur
|-singleturn|p1a: Baxcalibur|Protect
|move|p2b: Sneasler|Dire Claw|p1a: Baxcalibur
|-activate|p1a: Baxcalibur|move: Protect
|move|p2a: Incineroar|Parting Shot|p1b: Rillaboom
|-unboost|p1b: Rillaboom|atk|1
|-unboost|p1b: Rillaboom|spa|1
|
|t:|1756822832
|switch|p2a: Ursaluna|Ursaluna-Bloodmoon, L50, M|100/100|[from] Parting Shot
|
|-heal|p2b: Sneasler|99/100|[from] Grassy Terrain
|-heal|p1a: Baxcalibur|19/100|[from] Grassy Terrain
|upkeep
|turn|6
|inactive|rdw39 has 30 seconds left.
|inactive|rdw39 has 20 seconds left.
|inactive|rdw39 has 15 seconds left.
|inactive|rdw39 has 10 seconds left.
|inactive|rdw39 has 5 seconds left.
|inactive|Zevenit has 30 seconds left.
|inactive|Zevenit has 20 seconds left.
|inactive|Zevenit has 15 seconds left.
|
|t:|1756822905
|switch|p2a: Incineroar|Incineroar, L50, M, tera:Ghost|90/100
|-ability|p2a: Incineroar|Intimidate|boost
|-unboost|p1a: Baxcalibur|atk|1
|-unboost|p1b: Rillaboom|atk|1
|move|p2b: Sneasler|Protect|p2b: Sneasler
|-singleturn|p2b: Sneasler|Protect
|move|p1b: Rillaboom|Fake Out|p2b: Sneasler
|-activate|p2b: Sneasler|move: Protect
|move|p1a: Baxcalibur|Icicle Spear|p2a: Incineroar
|-damage|p2a: Incineroar|80/100
|-damage|p2a: Incineroar|69/100
|-damage|p2a: Incineroar|59/100
|-damage|p2a: Incineroar|49/100
|-hitcount|p2a: Incineroar|4
|
|-heal|p2b: Sneasler|100/100|[from] Grassy Terrain
|-heal|p1a: Baxcalibur|25/100|[from] Grassy Terrain
|-heal|p2a: Incineroar|55/100|[from] Grassy Terrain
|upkeep
|turn|7
|inactive|Zevenit has 30 seconds left.
|inactive|rdw39 has 30 seconds left.
|inactive|rdw39 has 20 seconds left.
|inactive|rdw39 has 15 seconds left.
|
|t:|1756822950
|-terastallize|p1b: Rillaboom|Fire
|move|p1b: Rillaboom|Grassy Glide|p2a: Incineroar
|-crit|p2a: Incineroar
|-damage|p2a: Incineroar|4/100
|move|p2b: Sneasler|Dire Claw|p1b: Rillaboom
|-damage|p1b: Rillaboom|57/100
|-status|p1b: Rillaboom|slp
|move|p1a: Baxcalibur|Scale Shot|p2a: Incineroar
|-damage|p2a: Incineroar|0 fnt
|faint|p2a: Incineroar
|-hitcount|p2: Incineroar|1
|-unboost|p1a: Baxcalibur|def|1
|-boost|p1a: Baxcalibur|spe|1
|
|-heal|p1a: Baxcalibur|31/100|[from] Grassy Terrain
|-heal|p1b: Rillaboom|63/100 slp|[from] Grassy Terrain
|upkeep
|
|t:|1756822965
|switch|p2a: Ursaluna|Ursaluna-Bloodmoon, L50, M|100/100
|turn|8
|
|t:|1756822983
|cant|p1b: Rillaboom|slp
|move|p2b: Sneasler|Dire Claw|p1a: Baxcalibur
|-damage|p1a: Baxcalibur|0 fnt
|faint|p1a: Baxcalibur
|move|p2a: Ursaluna|Blood Moon|p1b: Rillaboom
|-damage|p1b: Rillaboom|0 fnt
|faint|p1b: Rillaboom
|-damage|p2a: Ursaluna|91/100|[from] item: Life Orb
|
|-heal|p2a: Ursaluna|97/100|[from] Grassy Terrain
|upkeep
|
|t:|1756822992
|switch|p1a: Volcarona|Volcarona, L50, F|59/100
|switch|p1b: Sneasler|Sneasler, L50, F|48/100
|turn|9
|inactive|Zevenit has 30 seconds left.
|inactive|rdw39 has 30 seconds left.
|
|t:|1756823023
|move|p2a: Ursaluna|Protect|p2a: Ursaluna
|-singleturn|p2a: Ursaluna|Protect
|move|p1b: Sneasler|Fake Out|p2b: Sneasler
|-damage|p2b: Sneasler|78/100
|cant|p2b: Sneasler|flinch
|move|p1a: Volcarona|Quiver Dance|p1a: Volcarona
|-boost|p1a: Volcarona|spa|1
|-boost|p1a: Volcarona|spd|1
|-boost|p1a: Volcarona|spe|1
|
|-heal|p2b: Sneasler|84/100|[from] Grassy Terrain
|-heal|p1a: Volcarona|66/100|[from] Grassy Terrain
|-heal|p1b: Sneasler|53/100|[from] Grassy Terrain
|-heal|p2a: Ursaluna|100/100|[from] Grassy Terrain
|-fieldend|move: Grassy Terrain
|upkeep
|turn|10
|
|t:|1756823042
|move|p2b: Sneasler|Dire Claw|p1b: Sneasler
|-resisted|p1b: Sneasler
|-damage|p1b: Sneasler|17/100
|move|p1a: Volcarona|Quiver Dance|p1a: Volcarona
|-boost|p1a: Volcarona|spa|1
|-boost|p1a: Volcarona|spd|1
|-boost|p1a: Volcarona|spe|1
|move|p1b: Sneasler|Close Combat|p2a: Ursaluna
|-supereffective|p2a: Ursaluna
|-damage|p2a: Ursaluna|0 fnt
|-unboost|p1b: Sneasler|def|1
|-unboost|p1b: Sneasler|spd|1
|faint|p2a: Ursaluna
|
|upkeep
|turn|11
|
|t:|1756823063
|move|p2b: Sneasler|Close Combat|p1a: Volcarona
|-resisted|p1a: Volcarona
|-damage|p1a: Volcarona|27/100
|-unboost|p2b: Sneasler|def|1
|-unboost|p2b: Sneasler|spd|1
|move|p1a: Volcarona|Tera Blast|p2b: Sneasler
|-damage|p2b: Sneasler|14/100
|move|p1b: Sneasler|Dire Claw|p2b: Sneasler
|-resisted|p2b: Sneasler
|-damage|p2b: Sneasler|0 fnt
|faint|p2b: Sneasler
|
|win|Zevenit
|raw|Zevenit's rating: 1136 → 1159(+23 for winning)
|raw|rdw39's rating: 1112 → 1089(-23 for losing)
|c|☆rdw39|ggwp
|c|☆rdw39|needed to read the fake out onto sneasler
|l|☆Zevenit
|player|p1|
