|j|☆singlestovgcthepro
|j|☆ethical sga
|html|singlestovgctheproethical sga    
|uhtml|bestof|Game 1 of a best-of-3
|t:|1783438060
|gametype|doubles
|player|p1|singlestovgcthepro|richboy-gen4|1103
|player|p2|ethical sga|lass-gen4dp|1166
|gen|9
|tier|[Gen 9 Champions] VGC 2026 Reg M-B (Bo3)
|rated|
|rule|Species Clause: Limit one of each Pokémon
|rule|Item Clause: Limit 1 of each item
|clearpoke
|poke|p1|Feraligatr, L50, M|
|poke|p1|Gengar, L50, M|
|poke|p1|Incineroar, L50, M|
|poke|p1|Sinistcha, L50|
|poke|p1|Sneasler, L50, F|
|poke|p1|Corviknight, L50, F|
|poke|p2|Scrafty, L50, F, shiny|
|poke|p2|Ceruledge, L50, M|
|poke|p2|Ninetales-Alola, L50, M|
|poke|p2|Sinistcha, L50|
|poke|p2|Garchomp, L50, F|
|poke|p2|Raichu, L50, F|
|teampreview|4
|showteam|p1|Feraligatr||Feraligite|Torrent|SwordsDance,DoubleEdge,Protect,Liquidation|Jolly||M|||50|]Gengar||Gengarite|CursedBody|PerishSong,ShadowBall,Protect,Disable|Timid||M|||50|]Incineroar||SitrusBerry|Intimidate|FakeOut,FlareBlitz,Protect,PartingShot|Adamant||M|||50|]Sinistcha||OccaBerry|Hospitality|LifeDew,RagePowder,MatchaGotcha,Protect|Bold|||||50|]Sneasler||FocusSash|PoisonTouch|FakeOut,Coaching,CloseCombat,DireClaw|Jolly||F|||50|]Corviknight||Leftovers|MirrorArmor|BodyPress,BulkUp,Roost,BraveBird|Impish||F|||50|
|showteam|p2|Scrafty||Scraftinite|Intimidate|Detect,DrainPunch,KnockOff,FakeOut|Adamant||F|||50|]Ceruledge||ColburBerry|FlashFire|Protect,BitterBlade,ShadowSneak,BulkUp|Adamant||M|||50|]Ninetales-Alola||NeverMeltIce|SnowWarning|Protect,FreezeDry,IcyWind,AuroraVeil|Timid||M|||50|]Sinistcha||FocusSash|Hospitality|Protect,MatchaGotcha,Hex,RagePowder|Modest|||||50|]Garchomp||LifeOrb|RoughSkin|Protect,DragonClaw,StompingTantrum,RockTomb|Jolly||F|||50|]Raichu||RaichuniteY|LightningRod|Protect,ZapCannon,FocusBlast,FakeOut|Timid||F|||50|
|inactive|Battle timer is ON: inactive players will automatically lose when time's up. (requested by singlestovgcthepro)
|
|t:|1783438098
|teamsize|p1|4
|teamsize|p2|4
|start
|switch|p1a: Gengar|Gengar, L50, M|100/100
|switch|p1b: Incineroar|Incineroar, L50, M|100/100
|switch|p2a: Ceruledge|Ceruledge, L50, M|100/100
|switch|p2b: Raichu|Raichu, L50, F|100/100
|-ability|p1b: Incineroar|Intimidate|boost
|-unboost|p2a: Ceruledge|atk|1
|-unboost|p2b: Raichu|atk|1
|turn|1
|inactive|singlestovgcthepro has 30 seconds left.
|inactive|ethical sga has 30 seconds left.
|inactive|singlestovgcthepro has 20 seconds left.
|inactive|singlestovgcthepro has 15 seconds left.
|
|t:|1783438140
|switch|p2b: Sinistcha|Sinistcha, L50|100/100
|detailschange|p1a: Gengar|Gengar-Mega, L50, M
|-mega|p1a: Gengar|Gengar|Gengarite
|move|p1b: Incineroar|Fake Out|p2b: Sinistcha
|-immune|p2b: Sinistcha
|move|p2a: Ceruledge|Shadow Sneak|p1a: Gengar
|-supereffective|p1a: Gengar|1
|-damage|p1a: Gengar|67/100
|move|p1a: Gengar|Shadow Ball|p2a: Ceruledge
|-supereffective|p2a: Ceruledge|1
|-damage|p2a: Ceruledge|8/100
|
|upkeep
|turn|2
|
|t:|1783438156
|switch|p2a: Ninetales|Ninetales-Alola, L50, M|100/100
|-weather|Snowscape|[from] ability: Snow Warning|[of] p2a: Ninetales
|switch|p1b: Sinistcha|Sinistcha, L50|100/100
|-heal|p1a: Gengar|92/100|[from] ability: Hospitality|[of] p1b: Sinistcha
|move|p1a: Gengar|Shadow Ball|p2b: Sinistcha
|-supereffective|p2b: Sinistcha|1
|-enditem|p2b: Sinistcha|Focus Sash
|-damage|p2b: Sinistcha|1/100
|move|p2b: Sinistcha|Hex|p1a: Gengar
|-supereffective|p1a: Gengar|1
|-damage|p1a: Gengar|5/100
|
|-weather|Snowscape|[upkeep]
|upkeep
|turn|3
|inactive|singlestovgcthepro has 30 seconds left.
|
|t:|1783438182
|move|p1a: Gengar|Shadow Ball|p2a: Ninetales
|-damage|p2a: Ninetales|49/100
|move|p2a: Ninetales|Aurora Veil|p2a: Ninetales
|-sidestart|p2: ethical sga|move: Aurora Veil
|move|p2b: Sinistcha|Hex|p1a: Gengar
|-supereffective|p1a: Gengar|1
|-damage|p1a: Gengar|0 fnt
|faint|p1a: Gengar
|move|p1b: Sinistcha|Matcha Gotcha|p2b: Sinistcha|[spread] p2a,p2b
|-resisted|p2b: Sinistcha|1
|-crit|p2b: Sinistcha
|-damage|p2a: Ninetales|28/100
|-damage|p2b: Sinistcha|0 fnt
|faint|p2b: Sinistcha
|
|-weather|Snowscape|[upkeep]
|upkeep
|
|t:|1783438198
|switch|p1a: Incineroar|Incineroar, L50, M|100/100
|switch|p2b: Raichu|Raichu, L50, F|100/100
|-ability|p1a: Incineroar|Intimidate|boost
|-unboost|p2a: Ninetales|atk|1
|-unboost|p2b: Raichu|atk|1
|turn|4
|
|t:|1783438217
|move|p2a: Ninetales|Protect|p2a: Ninetales
|-singleturn|p2a: Ninetales|Protect
|move|p2b: Raichu|Protect|p2b: Raichu
|-singleturn|p2b: Raichu|Protect
|move|p1b: Sinistcha|Life Dew||[still]|[still]|[spread] 
|-fail|p1a: Incineroar|heal
|-fail|p1b: Sinistcha|heal
|move|p1a: Incineroar|Parting Shot|p2b: Raichu
|-activate|p2b: Raichu|move: Protect
|
|-weather|Snowscape|[upkeep]
|upkeep
|turn|5
|
|t:|1783438236
|detailschange|p2b: Raichu|Raichu-Mega-Y, L50, F
|-mega|p2b: Raichu|Raichu|Raichunite Y
|move|p1b: Sinistcha|Rage Powder|p1b: Sinistcha
|-singleturn|p1b: Sinistcha|move: Rage Powder
|move|p2b: Raichu|Zap Cannon|p1b: Sinistcha
|-resisted|p1b: Sinistcha|1
|-damage|p1b: Sinistcha|65/100
|-status|p1b: Sinistcha|par
|move|p2a: Ninetales|Freeze-Dry|p1b: Sinistcha
|-supereffective|p1b: Sinistcha|1
|-damage|p1b: Sinistcha|6/100 par
|move|p1a: Incineroar|Parting Shot|p2b: Raichu
|-unboost|p2b: Raichu|atk|1
|-unboost|p2b: Raichu|spa|1
|
|t:|1783438249
|switch|p1a: Sneasler|Sneasler, L50, F|100/100|[from] Parting Shot
|
|-weather|Snowscape|[upkeep]
|upkeep
|turn|6
|
|t:|1783438264
|switch|p2b: Ceruledge|Ceruledge, L50, M|8/100
|switch|p1b: Incineroar|Incineroar, L50, M|100/100
|-ability|p1b: Incineroar|Intimidate|boost
|-unboost|p2a: Ninetales|atk|1
|-unboost|p2b: Ceruledge|atk|1
|move|p1a: Sneasler|Coaching|p1b: Incineroar
|-boost|p1b: Incineroar|atk|1
|-boost|p1b: Incineroar|def|1
|move|p2a: Ninetales|Icy Wind|p1a: Sneasler|[spread] p1a,p1b
|-resisted|p1b: Incineroar|1
|-damage|p1a: Sneasler|74/100
|-damage|p1b: Incineroar|90/100
|-unboost|p1a: Sneasler|spe|1
|-unboost|p1b: Incineroar|spe|1
|
|-weather|none
|upkeep
|turn|7
|
|t:|1783438288
|move|p2a: Ninetales|Freeze-Dry|p1a: Sneasler
|-damage|p1a: Sneasler|26/100
|move|p1a: Sneasler|Dire Claw|p2b: Ceruledge
|-resisted|p2b: Ceruledge|1
|-damage|p2b: Ceruledge|0 fnt
|faint|p2b: Ceruledge
|move|p1b: Incineroar|Flare Blitz|p2a: Ninetales
|-supereffective|p2a: Ninetales|1
|-damage|p2a: Ninetales|0 fnt
|faint|p2a: Ninetales
|-damage|p1b: Incineroar|83/100|[from] Recoil
|
|-sideend|p2: ethical sga|move: Aurora Veil
|upkeep
|
|t:|1783438294
|switch|p2b: Raichu|Raichu-Mega-Y, L50, F|100/100
|turn|8
|
|t:|1783438306
|switch|p1a: Sinistcha|Sinistcha, L50|6/100 par
|-heal|p1b: Incineroar|100/100|[from] ability: Hospitality|[of] p1a: Sinistcha
|move|p2b: Raichu|Zap Cannon|p1a: Sinistcha
|-resisted|p1a: Sinistcha|1
|-crit|p1a: Sinistcha
|-damage|p1a: Sinistcha|0 fnt
|faint|p1a: Sinistcha
|move|p1b: Incineroar|Flare Blitz|p2b: Raichu
|-damage|p2b: Raichu|0 fnt
|faint|p2b: Raichu
|-damage|p1b: Incineroar|75/100|[from] Recoil
|
|win|singlestovgcthepro
