|j|☆saboyita
|j|☆hundohunter24
|html|saboyitahundohunter24    
|uhtml|bestof|Game 2 of a best-of-3
|t:|1756163714
|gametype|doubles
|player|p1|saboyita|grimsley|1119
|player|p2|hundohunter24|cynthia|1029
|gen|9
|tier|[Gen 9] VGC 2025 Reg H (Bo3)
|rated|
|rule|Species Clause: Limit one of each Pokémon
|rule|Item Clause: Limit 1 of each item
|clearpoke
|poke|p1|Amoonguss, L50, F|
|poke|p1|Hydreigon, L50, M|
|poke|p1|Whimsicott, L50, F|
|poke|p1|Maushold-Four, L50|
|poke|p1|Annihilape, L50, F|
|poke|p1|Ursaluna-Bloodmoon, L50, M|
|poke|p2|Porygon-Z, L50|
|poke|p2|Whimsicott, L50, M|
|poke|p2|Ursaluna, L50, M|
|poke|p2|Greninja-*, L50, M|
|poke|p2|Typhlosion-Hisui, L50, M|
|poke|p2|Sneasler, L50, M|
|teampreview|4
|showteam|p1|Amoonguss||RockyHelmet|Regenerator|PollenPuff,Spore,RagePowder,Protect|||F|||50|,,,,,Fairy]Hydreigon||ChoiceSpecs|Levitate|HeatWave,DarkPulse,DragonPulse,DracoMeteor|||M|||50|,,,,,Fire]Whimsicott||CovertCloak|Prankster|Moonblast,HelpingHand,Tailwind,Encore|||F|||50|,,,,,Dark]Maushold-Four||WideLens|Technician|PopulationBomb,Taunt,FollowMe,Protect||||||50|,,,,,Ghost]Annihilape||Leftovers|Defiant|RageFist,DrainPunch,BulkUp,Protect|||F|||50|,,,,,Fire]Ursaluna-Bloodmoon||LifeOrb|MindsEye|HyperVoice,EarthPower,BloodMoon,Protect|||M|||50|,,,,,Water
|showteam|p2|Porygon-Z||ChoiceSpecs|Adaptability|TriAttack,DarkPulse,IceBeam,Psyshock||||||50|,,,,,Normal]Whimsicott||CovertCloak|Prankster|Tailwind,Encore,LightScreen,DazzlingGleam|||M|||50|,,,,,Dark]Ursaluna||FlameOrb|Guts|Facade,HeadlongRush,Protect,Crunch|||M|||50|,,,,,Normal]Greninja||FocusSash|Protean|WaterPledge,Protect,Haze,IceBeam|||M|||50|,,,,,Ghost]Typhlosion-Hisui||Charcoal|Blaze|Protect,Eruption,FirePledge,ShadowBall|||M|||50|,,,,,Fire]Sneasler||LifeOrb|PoisonTouch|ThroatChop,DireClaw,CloseCombat,Protect|||M|||50|,,,,,Dark
|inactive|Battle timer is ON: inactive players will automatically lose when time's up. (requested by hundohunter24)
|inactive|saboyita also wants the timer to be on.
|inactive|saboyita has 60 seconds left.
|
|t:|1756163756
|teamsize|p1|4
|teamsize|p2|4
|start
|switch|p1a: Hydreigon|Hydreigon, L50, M|100/100
|switch|p1b: Whimsicott|Whimsicott, L50, F|100/100
|switch|p2a: Greninja|Greninja, L50, M, shiny|100/100
|switch|p2b: Typhlosion|Typhlosion-Hisui, L50, M, shiny|100/100
|turn|1
|inactive|hundohunter24 has 30 seconds left.
|inactive|hundohunter24 has 20 seconds left.
|inactive|hundohunter24 has 15 seconds left.
|
|t:|1756163801
|-terastallize|p1a: Hydreigon|Fire
|move|p1b: Whimsicott|Tailwind|p1b: Whimsicott
|-sidestart|p1: saboyita|move: Tailwind
|move|p1a: Hydreigon|Heat Wave|p2a: Greninja|[spread] p2a,p2b
|-resisted|p2a: Greninja
|-resisted|p2b: Typhlosion
|-damage|p2a: Greninja|55/100
|-damage|p2b: Typhlosion|58/100
|move|p2a: Greninja|Water Pledge|p1a: Hydreigon
|-waiting|p2a: Greninja|p2b: Typhlosion
|move|p2b: Typhlosion|Fire Pledge|p1a: Hydreigon|[from] move: Water Pledge
|-combine
|-supereffective|p1a: Hydreigon
|-damage|p1a: Hydreigon|0 fnt
|-sidestart|p2: hundohunter24|Water Pledge
|faint|p1a: Hydreigon
|
|upkeep
|
|t:|1756163817
|switch|p1a: Maushold|Maushold-Four, L50|100/100
|turn|2
|
|t:|1756163829
|switch|p1b: Ursaluna|Ursaluna-Bloodmoon, L50, M|100/100
|move|p1a: Maushold|Protect|p1a: Maushold
|-singleturn|p1a: Maushold|Protect
|move|p2a: Greninja|Ice Beam|p1b: Ursaluna
|-start|p2a: Greninja|typechange|Ice|[from] ability: Protean
|-supereffective|p1b: Ursaluna
|-damage|p1b: Ursaluna|13/100
|-status|p1b: Ursaluna|frz
|move|p2b: Typhlosion|Fire Pledge|p1b: Ursaluna
|-damage|p1b: Ursaluna|0 fnt
|faint|p1b: Ursaluna
|
|upkeep
|
|t:|1756163839
|switch|p1b: Whimsicott|Whimsicott, L50, F|100/100
|turn|3
|
|t:|1756163846
|move|p1b: Whimsicott|Moonblast|p2b: Typhlosion
|-resisted|p2b: Typhlosion
|-damage|p2b: Typhlosion|33/100
|move|p1a: Maushold|Population Bomb|p2a: Greninja
|-damage|p2a: Greninja|37/100
|-damage|p2a: Greninja|18/100
|-damage|p2a: Greninja|0 fnt
|faint|p2a: Greninja
|-hitcount|p2: Greninja|3
|move|p2b: Typhlosion|Fire Pledge|p1b: Whimsicott
|-supereffective|p1b: Whimsicott
|-damage|p1b: Whimsicott|0 fnt
|faint|p1b: Whimsicott
|
|upkeep
|
|t:|1756163849
|switch|p2a: Sneasler|Sneasler, L50, M, shiny|100/100
|turn|4
|
|t:|1756163861
|move|p1a: Maushold|Population Bomb|p2a: Sneasler
|-damage|p2a: Sneasler|81/100
|-damage|p2a: Sneasler|61/100
|-damage|p2a: Sneasler|43/100
|-damage|p2a: Sneasler|25/100
|-damage|p2a: Sneasler|8/100
|-damage|p2a: Sneasler|0 fnt
|faint|p2a: Sneasler
|-hitcount|p2: Sneasler|6
|move|p2b: Typhlosion|Shadow Ball|p1a: Maushold
|-immune|p1a: Maushold
|
|-sideend|p1: saboyita|move: Tailwind
|-sideend|p2: hundohunter24|Water Pledge
|upkeep
|
|t:|1756163863
|switch|p2a: Whimsicott|Whimsicott, L50, M, shiny|100/100
|turn|5
|
|t:|1756163868
|move|p2a: Whimsicott|Encore|p1a: Maushold
|-start|p1a: Maushold|Encore
|move|p1a: Maushold|Population Bomb|p2a: Whimsicott
|-damage|p2a: Whimsicott|91/100
|-damage|p2a: Whimsicott|81/100
|-damage|p2a: Whimsicott|71/100
|-damage|p2a: Whimsicott|60/100
|-damage|p2a: Whimsicott|50/100
|-damage|p2a: Whimsicott|39/100
|-damage|p2a: Whimsicott|29/100
|-damage|p2a: Whimsicott|18/100
|-damage|p2a: Whimsicott|7/100
|-damage|p2a: Whimsicott|0 fnt
|faint|p2a: Whimsicott
|-hitcount|p2: Whimsicott|10
|move|p2b: Typhlosion|Fire Pledge|p1a: Maushold
|-damage|p1a: Maushold|0 fnt
|faint|p1a: Maushold
|
|win|hundohunter24
||hundohunter24 is ready for game 3.
||saboyita is ready for game 3.
|uhtml|next|Next: Game 3 of 3
|l|☆hundohunter24
|player|p2|
