|j|☆ttsui234
|j|☆palle synchro
|html|ttsui234palle synchro    
|uhtml|bestof|Game 3 of a best-of-3
|t:|1785511602
|gametype|doubles
|player|p1|ttsui234|169|1357
|player|p2|palle synchro|volkner|1433
|gen|9
|tier|[Gen 9 Champions] VGC 2026 Reg M-B (Bo3)
|rated|
|rule|Species Clause: Limit one of each Pokémon
|rule|Item Clause: Limit 1 of each item
|clearpoke
|poke|p1|Froslass, L50, F|
|poke|p1|Sneasler, L50, F|
|poke|p1|Garchomp, L50, F|
|poke|p1|Talonflame, L50, M|
|poke|p1|Samurott-Hisui, L50, F|
|poke|p1|Dragonite, L50, F|
|poke|p2|Whimsicott, L50, M|
|poke|p2|Basculegion, L50, M|
|poke|p2|Kingambit, L50, F|
|poke|p2|Floette-Eternal, L50, F|
|poke|p2|Garchomp, L50, M|
|poke|p2|Charizard, L50, F|
|teampreview|4
|showteam|p1|Froslass||Froslassite|CursedBody|Blizzard,Thunderbolt,ShadowBall,Protect|Modest||F|||50|]Sneasler||WhiteHerb|Unburden|CloseCombat,DireClaw,FakeOut,Protect|Adamant||F|||50|]Garchomp||LifeOrb|RoughSkin|Earthquake,StompingTantrum,RockSlide,Protect|Jolly||F|||50|]Talonflame||SharpBeak|GaleWings|DualWingbeat,FlareBlitz,Tailwind,Protect|Adamant||M|||50|]Samurott-Hisui||ExpertBelt|Sharpness|RazorShell,NightSlash,SuckerPunch,SacredSword|Adamant||F|||50|]Dragonite||Dragoninite|Multiscale|DragonPulse,HeatWave,Thunder,Protect|Modest||F|||50|
|showteam|p2|Whimsicott||FocusSash|Prankster|Protect,Moonblast,Tailwind,Encore|Timid||M|||50|]Basculegion||MysticWater|Adaptability|WaveCrash,Protect,LastRespects,AquaJet|Adamant||M|||50|]Kingambit||ChopleBerry|Defiant|KowtowCleave,LowKick,SuckerPunch,IronHead|Adamant||F|||50|]Floette-Eternal||Floettite|FlowerVeil|DazzlingGleam,Moonblast,LightofRuin,Protect|Modest||F|||50|]Garchomp||LifeOrb|RoughSkin|Protect,Earthquake,DragonClaw,RockSlide|Jolly||M|||50|]Charizard||CharizarditeY|Blaze|HeatWave,SolarBeam,WeatherBall,Protect|Modest||F|||50|
|inactive|Battle timer is ON: inactive players will automatically lose when time's up. (requested by palle synchro)
|inactive|ttsui234 has 60 seconds left.
|inactive|ttsui234 has 30 seconds left.
|
|t:|1785511669
|teamsize|p1|4
|teamsize|p2|4
|start
|switch|p1a: Talonflame|Talonflame, L50, M|100/100
|switch|p1b: Garchomp|Garchomp, L50, F|100/100
|switch|p2a: Whimsicott|Whimsicott, L50, M|100/100
|switch|p2b: Floette|Floette-Eternal, L50, F|100/100
|turn|1
|inactive|ttsui234 has 30 seconds left.
|inactive|ttsui234 has 20 seconds left.
|inactive|ttsui234 has 15 seconds left.
|inactive|ttsui234 has 10 seconds left.
|
|t:|1785511717
|detailschange|p2b: Floette|Floette-Mega, L50, F
|-mega|p2b: Floette|Floette|Floettite
|-ability|p2b: Floette|Fairy Aura
|move|p2a: Whimsicott|Tailwind|p2a: Whimsicott
|-sidestart|p2: palle synchro|move: Tailwind
|move|p1a: Talonflame|Tailwind|p1a: Talonflame
|-sidestart|p1: ttsui234|move: Tailwind
|move|p1b: Garchomp|Earthquake|p2b: Floette|[spread] p2a,p2b
|-immune|p1a: Talonflame
|-resisted|p2a: Whimsicott|1
|-damage|p2a: Whimsicott|62/100
|-damage|p2b: Floette|33/100
|-damage|p1b: Garchomp|90/100|[from] item: Life Orb
|move|p2b: Floette|Dazzling Gleam|p1b: Garchomp|[spread] p1a,p1b
|-resisted|p1a: Talonflame|1
|-supereffective|p1b: Garchomp|1
|-damage|p1a: Talonflame|61/100
|-damage|p1b: Garchomp|0 fnt
|faint|p1b: Garchomp
|
|upkeep
|
|t:|1785511733
|switch|p1b: Froslass|Froslass, L50, F|100/100
|turn|2
|
|t:|1785511751
|switch|p1a: Samurott|Samurott-Hisui, L50, F|100/100
|switch|p2b: Kingambit|Kingambit, L50, F|100/100
|detailschange|p1b: Froslass|Froslass-Mega, L50, F
|-mega|p1b: Froslass|Froslass|Froslassite
|-weather|Snowscape|[from] ability: Snow Warning|[of] p1b: Froslass
|move|p2a: Whimsicott|Encore|p1a: Samurott
|-hint|Since gen 7, Dark is immune to Prankster moves.
|-immune|p1a: Samurott
|move|p1b: Froslass|Blizzard|p2b: Kingambit|[spread] p2a,p2b
|-supereffective|p2a: Whimsicott|1
|-resisted|p2b: Kingambit|1
|-crit|p2b: Kingambit
|-damage|p2a: Whimsicott|0 fnt
|-damage|p2b: Kingambit|68/100
|faint|p2a: Whimsicott
|
|-weather|Snowscape|[upkeep]
|upkeep
|
|t:|1785511761
|switch|p2a: Basculegion|Basculegion, L50, M|100/100
|turn|3
|inactive|ttsui234 has 30 seconds left.
|inactive|ttsui234 has 20 seconds left.
|
|t:|1785511796
|switch|p2b: Floette|Floette-Mega, L50, F|33/100
|-ability|p2b: Floette|Fairy Aura
|move|p1b: Froslass|Shadow Ball|p2a: Basculegion
|-supereffective|p2a: Basculegion|1
|-damage|p2a: Basculegion|0 fnt
|faint|p2a: Basculegion
|move|p1a: Samurott|Sacred Sword|p2b: Floette
|-resisted|p2b: Floette|1
|-damage|p2b: Floette|4/100
|
|-weather|Snowscape|[upkeep]
|upkeep
|
|t:|1785511803
|switch|p2a: Kingambit|Kingambit, L50, F|68/100
|turn|4
|
|t:|1785511823
|move|p1a: Samurott|Sucker Punch|p2b: Floette
|-resisted|p2b: Floette|1
|-damage|p2b: Floette|0 fnt
|faint|p2b: Floette
|move|p2a: Kingambit|Sucker Punch|p1b: Froslass
|-supereffective|p1b: Froslass|1
|-damage|p1b: Froslass|17/100
|move|p1b: Froslass|Blizzard|p2a: Kingambit
|-resisted|p2a: Kingambit|1
|-crit|p2a: Kingambit
|-damage|p2a: Kingambit|26/100
|
|-weather|Snowscape|[upkeep]
|-sideend|p2: palle synchro|move: Tailwind
|-sideend|p1: ttsui234|move: Tailwind
|upkeep
|turn|5
|-message|palle synchro forfeited.
|raw|ttsui234's rating: 1357 → 1381(+24 for winning)
|raw|palle synchro's rating: 1433 → 1409(-24 for losing)
|
|win|ttsui234
