|j|☆Arthuro145
|j|☆2BStellar
|html|Arthuro1452BStellar    
|uhtml|bestof|Game 2 of a best-of-3
|t:|1785946017
|gametype|doubles
|player|p1|Arthuro145|170|1189
|player|p2|2BStellar|hilbert-wonderlauncher|1167
|gen|9
|tier|[Gen 9 Champions] VGC 2026 Reg M-B (Bo3)
|rated|
|rule|Species Clause: Limit one of each Pokémon
|rule|Item Clause: Limit 1 of each item
|clearpoke
|poke|p1|Scovillain, L50, M|
|poke|p1|Froslass, L50, F|
|poke|p1|Lycanroc-Dusk, L50, M|
|poke|p1|Basculegion, L50, M|
|poke|p1|Sneasler, L50, M|
|poke|p1|Kingambit, L50, F|
|poke|p2|Sylveon, L50, F, shiny|
|poke|p2|Garchomp, L50, M, shiny|
|poke|p2|Kingambit, L50, M, shiny|
|poke|p2|Charizard, L50, M, shiny|
|poke|p2|Aerodactyl, L50, M, shiny|
|poke|p2|Farigiraf, L50, F, shiny|
|teampreview|4
|showteam|p1|Scovillain||Scovillainite|Moody|Overheat,RagePowder,Protect,GigaDrain|Bold||M|||50|]Froslass||Froslassite|SnowCloak|Blizzard,ShadowBall,Protect,AuroraVeil|Timid||F|||50|]Lycanroc-Dusk||FocusSash|ToughClaws|Accelerock,RockSlide,CloseCombat,Protect|Jolly||M|||50|]Basculegion||ColburBerry|Adaptability|Protect,WaveCrash,AquaJet,LastRespects|Adamant||M|||50|]Sneasler||WhiteHerb|Unburden|FakeOut,DireClaw,CloseCombat,Protect|Jolly||M|||50|]Kingambit||BlackGlasses|Defiant|KowtowCleave,SuckerPunch,SwordsDance,Protect|Adamant||F|||50|
|showteam|p2|Sylveon||FairyFeather|Pixilate|Detect,HyperVoice,QuickAttack,HyperBeam|Modest||F|||50|]Garchomp||ChoiceScarf|RoughSkin|StompingTantrum,Earthquake,DragonClaw,StoneEdge|Adamant||M|||50|]Kingambit||LifeOrb|Defiant|SuckerPunch,KowtowCleave,IronHead,BrickBreak|Adamant||M|||50|]Charizard||CharizarditeY|Blaze|Protect,HeatWave,SolarBeam,WeatherBall|Modest||M|||50|]Aerodactyl||Aerodactylite|RockHead|Tailwind,RockSlide,WideGuard,DualWingbeat|Jolly||M|||50|]Farigiraf||SitrusBerry|ArmorTail|Protect,Thunderbolt,TwinBeam,TrickRoom|Bold||F|||50|
|c|☆Arthuro145|Fat charizard
|inactive|Battle timer is ON: inactive players will automatically lose when time's up. (requested by Arthuro145)
|inactive|2BStellar has 60 seconds left.
|
|t:|1785946120
|teamsize|p1|4
|teamsize|p2|4
|start
|switch|p1a: Froslass|Froslass, L50, F|100/100
|switch|p1b: Lycanroc|Lycanroc-Dusk, L50, M|100/100
|switch|p2a: zzzzzz|Charizard, L50, M, shiny|100/100
|switch|p2b: e4e5f4|Kingambit, L50, M, shiny|100/100
|turn|1
|inactive|2BStellar has 30 seconds left.
|inactive|2BStellar has 20 seconds left.
|inactive|2BStellar has 15 seconds left.
|
|t:|1785946160
|detailschange|p2a: zzzzzz|Charizard-Mega-Y, L50, M, shiny
|-mega|p2a: zzzzzz|Charizard|Charizardite Y
|-weather|SunnyDay|[from] ability: Drought|[of] p2a: zzzzzz
|move|p1a: Froslass|Protect|p1a: Froslass
|-singleturn|p1a: Froslass|Protect
|move|p1b: Lycanroc|Protect|p1b: Lycanroc
|-singleturn|p1b: Lycanroc|Protect
|move|p2a: zzzzzz|Heat Wave|p1a: Froslass|[spread] 
|-activate|p1a: Froslass|move: Protect
|-activate|p1b: Lycanroc|move: Protect
|move|p2b: e4e5f4|Kowtow Cleave|p1a: Froslass
|-activate|p1a: Froslass|move: Protect
|
|-weather|SunnyDay|[upkeep]
|upkeep
|turn|2
|inactive|2BStellar has 30 seconds left.
|
|t:|1785946189
|switch|p2b: giraf|Farigiraf, L50, F, shiny|100/100
|detailschange|p1a: Froslass|Froslass-Mega, L50, F
|-mega|p1a: Froslass|Froslass|Froslassite
|-weather|Snowscape|[from] ability: Snow Warning|[of] p1a: Froslass
|move|p1a: Froslass|Aurora Veil|p1a: Froslass
|-sidestart|p1: Arthuro145|move: Aurora Veil
|move|p1b: Lycanroc|Close Combat|p2b: giraf
|-crit|p2b: giraf
|-damage|p2b: giraf|37/100
|-unboost|p1b: Lycanroc|def|1
|-unboost|p1b: Lycanroc|spd|1
|-enditem|p2b: giraf|Sitrus Berry|[eat]
|-heal|p2b: giraf|62/100|[from] item: Sitrus Berry
|move|p2a: zzzzzz|Heat Wave|p1a: Froslass|[spread] p1a
|-miss|p2a: zzzzzz|p1b: Lycanroc
|-supereffective|p1a: Froslass|1
|-damage|p1a: Froslass|42/100
|-status|p1a: Froslass|brn
|
|-weather|Snowscape|[upkeep]
|-damage|p1a: Froslass|36/100 brn|[from] brn
|upkeep
|turn|3
|inactive|2BStellar has 30 seconds left.
|inactive|2BStellar has 20 seconds left.
|inactive|2BStellar has 15 seconds left.
|inactive|Arthuro145 has 30 seconds left.
|inactive|2BStellar has 10 seconds left.
|inactive|Arthuro145 has 20 seconds left.
|
|t:|1785946246
|switch|p2a: e4e5f4|Kingambit, L50, M, shiny|100/100
|move|p1a: Froslass|Blizzard|p2b: giraf|[spread] p2a,p2b
|-resisted|p2a: e4e5f4|1
|-damage|p2a: e4e5f4|77/100
|-damage|p2b: giraf|25/100
|move|p1b: Lycanroc|Rock Slide|p2a: e4e5f4|[spread] p2a,p2b
|-resisted|p2a: e4e5f4|1
|-damage|p2a: e4e5f4|66/100
|-damage|p2b: giraf|4/100
|move|p2b: giraf|Trick Room|p2b: giraf
|-fieldstart|move: Trick Room|[of] p2b: giraf
|
|-weather|Snowscape|[upkeep]
|-damage|p1a: Froslass|30/100 brn|[from] brn
|upkeep
|turn|4
|inactive|2BStellar has 30 seconds left.
|inactive|2BStellar has 20 seconds left.
|
|t:|1785946282
|move|p1b: Lycanroc|Protect|p1b: Lycanroc
|-singleturn|p1b: Lycanroc|Protect
|move|p1a: Froslass|Protect|p1a: Froslass
|-singleturn|p1a: Froslass|Protect
|move|p2b: giraf|Twin Beam|p1a: Froslass
|-activate|p1a: Froslass|move: Protect
|move|p2a: e4e5f4|Iron Head|p1b: Lycanroc
|-activate|p1b: Lycanroc|move: Protect
|
|-weather|Snowscape|[upkeep]
|-damage|p1a: Froslass|24/100 brn|[from] brn
|upkeep
|turn|5
|
|t:|1785946297
|move|p2b: giraf|Twin Beam|p1b: Lycanroc
|-damage|p1b: Lycanroc|74/100
|-damage|p1b: Lycanroc|49/100
|-hitcount|p1b: Lycanroc|2
|move|p2a: e4e5f4|Iron Head|p1b: Lycanroc
|-supereffective|p1b: Lycanroc|1
|-damage|p1b: Lycanroc|0 fnt
|faint|p1b: Lycanroc
|-damage|p2a: e4e5f4|56/100|[from] item: Life Orb
|move|p1a: Froslass|Blizzard|p2a: e4e5f4|[spread] p2a,p2b
|-resisted|p2a: e4e5f4|1
|-damage|p2a: e4e5f4|35/100
|-damage|p2b: giraf|0 fnt
|-status|p2a: e4e5f4|frz
|faint|p2b: giraf
|
|-weather|Snowscape|[upkeep]
|-damage|p1a: Froslass|18/100 brn|[from] brn
|upkeep
|
|t:|1785946312
|switch|p2b: WHEEEE|Sylveon, L50, F, shiny|100/100
|switch|p1b: Basculegion|Basculegion, L50, M|100/100
|turn|6
|
|t:|1785946327
|switch|p1a: Sneasler|Sneasler, L50, M|100/100
|cant|p2a: e4e5f4|frz
|move|p2b: WHEEEE|Hyper Voice|p1a: Sneasler|[spread] p1a,p1b
|-damage|p1a: Sneasler|61/100
|-damage|p1b: Basculegion|73/100
|move|p1b: Basculegion|Wave Crash|p2a: e4e5f4
|-damage|p2a: e4e5f4|0 fnt
|faint|p2a: e4e5f4
|-damage|p1b: Basculegion|63/100|[from] Recoil
|
|-weather|none
|-sideend|p1: Arthuro145|move: Aurora Veil
|upkeep
|
|t:|1785946334
|switch|p2a: zzzzzz|Charizard-Mega-Y, L50, M, shiny|100/100
|-weather|SunnyDay|[from] ability: Drought|[of] p2a: zzzzzz
|turn|7
|inactive|2BStellar has 30 seconds left.
|inactive|2BStellar has 20 seconds left.
|c|☆Arthuro145|The only reason for lycanrock on the team is threaten zard
|inactive|2BStellar has 15 seconds left.
|inactive|2BStellar has 10 seconds left.
|c|☆Arthuro145|And now people go 252 hp 252+ def
|
|t:|1785946383
|move|p2a: zzzzzz|Protect|p2a: zzzzzz
|-singleturn|p2a: zzzzzz|Protect
|move|p1a: Sneasler|Fake Out|p2b: WHEEEE
|-damage|p2b: WHEEEE|84/100
|cant|p2b: WHEEEE|flinch
|move|p1b: Basculegion|Wave Crash|p2a: zzzzzz
|-activate|p2a: zzzzzz|move: Protect
|
|-weather|SunnyDay|[upkeep]
|-fieldend|move: Trick Room
|upkeep
|turn|8
|c|☆Arthuro145|Wtf
|
|t:|1785946405
|move|p1a: Sneasler|Dire Claw|p2b: WHEEEE
|-supereffective|p2b: WHEEEE|1
|-damage|p2b: WHEEEE|0 fnt
|faint|p2b: WHEEEE
|move|p2a: zzzzzz|Solar Beam||[still]
|-prepare|p2a: zzzzzz|Solar Beam
|-anim|p2a: zzzzzz|Solar Beam|p1b: Basculegion
|-supereffective|p1b: Basculegion|1
|-damage|p1b: Basculegion|0 fnt
|faint|p1b: Basculegion
|
|-weather|SunnyDay|[upkeep]
|upkeep
|
|t:|1785946409
|switch|p1b: Froslass|Froslass-Mega, L50, F|18/100 brn
|-weather|Snowscape|[from] ability: Snow Warning|[of] p1b: Froslass
|turn|9
|
|t:|1785946422
|move|p2a: zzzzzz|Protect|p2a: zzzzzz
|-singleturn|p2a: zzzzzz|Protect
|move|p1b: Froslass|Blizzard|p2a: zzzzzz
|-activate|p2a: zzzzzz|move: Protect
|move|p1a: Sneasler|Dire Claw|p2a: zzzzzz
|-activate|p2a: zzzzzz|move: Protect
|
|-weather|Snowscape|[upkeep]
|-damage|p1b: Froslass|12/100 brn|[from] brn
|upkeep
|turn|10
|
|t:|1785946431
|move|p1a: Sneasler|Dire Claw|p2a: zzzzzz
|-damage|p2a: zzzzzz|65/100
|move|p1b: Froslass|Blizzard|p2a: zzzzzz
|-damage|p2a: zzzzzz|17/100
|move|p2a: zzzzzz|Heat Wave|p1a: Sneasler|[spread] p1a,p1b
|-supereffective|p1b: Froslass|1
|-damage|p1a: Sneasler|9/100
|-damage|p1b: Froslass|0 fnt
|faint|p1b: Froslass
|
|-weather|Snowscape|[upkeep]
|upkeep
|turn|11
|
|t:|1785946448
|move|p2a: zzzzzz|Protect|p2a: zzzzzz
|-singleturn|p2a: zzzzzz|Protect
|move|p1a: Sneasler|Dire Claw|p2a: zzzzzz
|-activate|p2a: zzzzzz|move: Protect
|
|-weather|Snowscape|[upkeep]
|upkeep
|turn|12
|c|☆Arthuro145|What are you stalling
|
|t:|1785946459
|move|p1a: Sneasler|Dire Claw|p2a: zzzzzz
|-damage|p2a: zzzzzz|0 fnt
|faint|p2a: zzzzzz
|
|win|Arthuro145
||2BStellar is ready for game 3.
||Arthuro145 is ready for game 3.
|uhtml|next|Next: Game 3 of 3
|l|☆Arthuro145
|player|p1|
