|j|☆TJP195
|j|☆minasdevilcrobats
|html|TJP195minasdevilcrobats    
|uhtml|bestof|Game 1 of a best-of-3
|t:|1757076381
|gametype|doubles
|player|p1|TJP195|rocketgrunt|1082
|player|p2|minasdevilcrobats|darach-caitlin|1162
|gen|9
|tier|[Gen 9] VGC 2025 Reg H (Bo3)
|rated|
|rule|Species Clause: Limit one of each Pokémon
|rule|Item Clause: Limit 1 of each item
|clearpoke
|poke|p1|Braviary-Hisui, L50, M|
|poke|p1|Ursaluna, L50, M|
|poke|p1|Indeedee-F, L50, F|
|poke|p1|Pawmot, L50, M|
|poke|p1|Tauros-Paldea-Aqua, L50, M|
|poke|p1|Meowstic, L50, M|
|poke|p2|Indeedee, L50, M|
|poke|p2|Sneasler, L50, M|
|poke|p2|Dondozo, L50, F|
|poke|p2|Tatsugiri, L50, M|
|poke|p2|Talonflame, L50, F|
|poke|p2|Glimmora, L50, F|
|teampreview|4
|showteam|p1|Braviary-Hisui||ChoiceSpecs|TintedLens|ExpandingForce,HeatWave,Snarl,Hurricane|||M|||50|,,,,,Psychic]Ursaluna||FlameOrb|Guts|Facade,Protect,HeadlongRush,Earthquake|||M|||50|,,,,,Ghost]Indeedee-F||SafetyGoggles|PsychicSurge|TrickRoom,FollowMe,HelpingHand,DazzlingGleam|||F|||50|,,,,,Fairy]Pawmot||FocusSash|NaturalCure|DoubleShock,CloseCombat,RevivalBlessing,Protect|||M|||50|,,,,,Electric]Tauros-Paldea-Aqua||MirrorHerb|Intimidate|IronHead,RagingBull,CloseCombat,Protect|||M|||50|,,,,,Steel]Meowstic||MentalHerb|Prankster|PsychicTerrain,TrickRoom,LightScreen,RainDance|||M|||50|,,,,,Grass
|showteam|p2|Indeedee||ChoiceScarf|PsychicSurge|ExpandingForce,DazzlingGleam,Trick,Protect|||M|||50|,,,,,Psychic]Sneasler||PsychicSeed|Unburden|CloseCombat,DireClaw,ThroatChop,Protect|||M|||50|,,,,,Dark]Dondozo||Leftovers|Unaware|WaveCrash,OrderUp,Earthquake,Protect|||F|||50|,,,,,Grass]Tatsugiri||LifeOrb|Commander|MuddyWater,DracoMeteor,DragonPulse,Protect|||M|||50|,,,,,Steel]Talonflame||CovertCloak|GaleWings|FlareBlitz,WillOWisp,Tailwind,Taunt|||F|||50|,,,,,Water]Glimmora||PowerHerb|ToxicDebris|MeteorBeam,SludgeBomb,EarthPower,SpikyShield|||F|||50|,,,,,Grass
|
|t:|1757076432
|teamsize|p1|4
|teamsize|p2|4
|start
|switch|p1a: Braviary|Braviary-Hisui, L50, M, shiny|100/100
|switch|p1b: Indeedee|Indeedee-F, L50, F, shiny|100/100
|switch|p2a: Talonflame|Talonflame, L50, F|100/100
|switch|p2b: Glimmora|Glimmora, L50, F|100/100
|-fieldstart|move: Psychic Terrain|[from] ability: Psychic Surge|[of] p1b: Indeedee
|turn|1
|
|t:|1757076469
|-terastallize|p1a: Braviary|Psychic
|move|p2b: Glimmora|Spiky Shield|p2b: Glimmora
|-singleturn|p2b: Glimmora|move: Protect
|move|p1b: Indeedee|Follow Me|p1b: Indeedee
|-singleturn|p1b: Indeedee|move: Follow Me
|move|p2a: Talonflame|Taunt|p1b: Indeedee
|-start|p1b: Indeedee|move: Taunt
|move|p1a: Braviary|Expanding Force|p2a: Talonflame|[spread] p2a
|-activate|p2b: Glimmora|move: Protect
|-damage|p2a: Talonflame|0 fnt
|faint|p2a: Talonflame
|
|upkeep
|
|t:|1757076487
|switch|p2a: Sneasler|Sneasler, L50, M|100/100
|-enditem|p2a: Sneasler|Psychic Seed
|-boost|p2a: Sneasler|spd|1|[from] item: Psychic Seed
|turn|2
|
|t:|1757076499
|switch|p1b: Tauros|Tauros-Paldea-Aqua, L50, M, shiny|100/100
|-ability|p1b: Tauros|Intimidate|boost
|-unboost|p2a: Sneasler|atk|1
|-unboost|p2b: Glimmora|atk|1
|switch|p1a: Ursaluna|Ursaluna, L50, M, shiny|100/100
|move|p2a: Sneasler|Throat Chop|p1a: Ursaluna
|-damage|p1a: Ursaluna|84/100
|-start|p1a: Ursaluna|Throat Chop|[silent]
|move|p2b: Glimmora|Meteor Beam||[still]
|-prepare|p2b: Glimmora|Meteor Beam
|-boost|p2b: Glimmora|spa|1
|-enditem|p2b: Glimmora|Power Herb
|-anim|p2b: Glimmora|Meteor Beam|p1a: Ursaluna
|-resisted|p1a: Ursaluna
|-damage|p1a: Ursaluna|42/100
|-enditem|p1b: Tauros|Mirror Herb
|-boost|p1b: Tauros|spa|1|[from] item: Mirror Herb
|
|-status|p1a: Ursaluna|brn|[from] item: Flame Orb
|upkeep
|turn|3
|
|t:|1757076526
|-terastallize|p2b: Glimmora|Grass
|move|p2a: Sneasler|Close Combat|p1a: Ursaluna
|-supereffective|p1a: Ursaluna
|-damage|p1a: Ursaluna|0 fnt
|-unboost|p2a: Sneasler|def|1
|-unboost|p2a: Sneasler|spd|1
|faint|p1a: Ursaluna
|move|p1b: Tauros|Raging Bull|p2b: Glimmora
|-resisted|p2b: Glimmora
|-damage|p2b: Glimmora|78/100
|-activate|p2b: Glimmora|ability: Toxic Debris
|-sidestart|p1: TJP195|move: Toxic Spikes
|move|p2b: Glimmora|Sludge Bomb|p1b: Tauros
|-crit|p1b: Tauros
|-damage|p1b: Tauros|0 fnt
|faint|p1b: Tauros
|
|upkeep
|
|t:|1757076533
|switch|p1b: Indeedee|Indeedee-F, L50, F, shiny|100/100
|switch|p1a: Braviary|Braviary-Hisui, L50, M, shiny, tera:Psychic|100/100
|-status|p1b: Indeedee|psn
|-status|p1a: Braviary|psn
|turn|4
|
|t:|1757076552
|move|p2b: Glimmora|Spiky Shield|p2b: Glimmora
|-singleturn|p2b: Glimmora|move: Protect
|move|p2a: Sneasler|Throat Chop|p1b: Indeedee
|-supereffective|p1b: Indeedee
|-damage|p1b: Indeedee|65/100 psn
|-start|p1b: Indeedee|Throat Chop|[silent]
|move|p1a: Braviary|Expanding Force|p2a: Sneasler|[spread] p2a
|-activate|p2b: Glimmora|move: Protect
|-supereffective|p2a: Sneasler
|-damage|p2a: Sneasler|0 fnt
|faint|p2a: Sneasler
|move|p1b: Indeedee|Trick Room|p1b: Indeedee
|-fieldstart|move: Trick Room|[of] p1b: Indeedee
|
|-damage|p1a: Braviary|88/100 psn|[from] psn
|-damage|p1b: Indeedee|53/100 psn|[from] psn
|upkeep
|
|t:|1757076564
|switch|p2a: Indeedee|Indeedee, L50, M|100/100
|turn|5
|
|t:|1757076573
|move|p1b: Indeedee|Helping Hand|p1a: Braviary
|-singleturn|p1a: Braviary|Helping Hand|[of] p1b: Indeedee
|move|p1a: Braviary|Expanding Force|p2b: Glimmora|[spread] p2a,p2b
|-resisted|p2a: Indeedee
|-damage|p2a: Indeedee|0 fnt
|-damage|p2b: Glimmora|0 fnt
|faint|p2a: Indeedee
|faint|p2b: Glimmora
|
|win|TJP195
||TJP195 is ready for game 2.
|inactive|minasdevilcrobats has 30 seconds to confirm battle start!
||minasdevilcrobats is ready for game 2.
|uhtml|next|Next: Game 2 of 3
|l|☆TJP195
|player|p1|
