|j|☆AirBloom
|j|☆Andrea Pirlo 2
|html|AirBloomAndrea Pirlo 2    
|uhtml|bestof|Game 1 of a best-of-3
|t:|1782483453
|gametype|doubles
|player|p1|AirBloom|sabrina|1342
|player|p2|Andrea Pirlo 2|volkner|1326
|gen|9
|tier|[Gen 9 Champions] VGC 2026 Reg M-B (Bo3)
|rated|
|rule|Species Clause: Limit one of each Pokémon
|rule|Item Clause: Limit 1 of each item
|clearpoke
|poke|p1|Sableye, L50, F|
|poke|p1|Pelipper, L50, M|
|poke|p1|Archaludon, L50, F|
|poke|p1|Sinistcha, L50|
|poke|p1|Swampert, L50, M|
|poke|p1|Metagross, L50|
|poke|p2|Swampert, L50, M|
|poke|p2|Pelipper, L50, F|
|poke|p2|Archaludon, L50, F|
|poke|p2|Sneasler, L50, F|
|poke|p2|Gholdengo, L50|
|poke|p2|Sableye, L50, F|
|teampreview|4
|showteam|p1|Sableye||LightClay|Prankster|RainDance,LightScreen,Reflect,WillOWisp|Calm||F|||50|]Pelipper||SitrusBerry|Drizzle|Hurricane,WeatherBall,Tailwind,WideGuard|Timid||M|||50|]Archaludon||Leftovers|Stamina|DragonPulse,FlashCannon,ElectroShot,Protect|Calm||F|||50|]Sinistcha||KasibBerry|Hospitality|MatchaGotcha,LifeDew,RagePowder,Protect|Bold|||||50|]Swampert||Swampertite|Damp|WaveCrash,Earthquake,IcePunch,Protect|Adamant||M|||50|]Metagross||Metagrossite|ClearBody|PsychicFangs,IronHead,BrickBreak,Protect|Jolly|||||50|
|showteam|p2|Swampert||Swampertite|Torrent|HighHorsepower,WaveCrash,IcePunch,Protect|Adamant||M|||50|]Pelipper||LifeOrb|Drizzle|WeatherBall,Hurricane,Tailwind,Protect|Modest||F|||50|]Archaludon||Leftovers|Stamina|ElectroShot,DragonPulse,FlashCannon,Protect|Modest||F|||50|]Sneasler||FocusSash|Unburden|CloseCombat,DireClaw,FakeOut,Protect|Jolly||F|||50|]Gholdengo||MetalCoat|GoodasGold|MakeItRain,ShadowBall,NastyPlot,Protect|Timid|||||50|]Sableye||RoseliBerry|Prankster|Encore,WillOWisp,LightScreen,RainDance|Calm||F|||50|
|inactive|Battle timer is ON: inactive players will automatically lose when time's up. (requested by Andrea Pirlo 2)
|inactive|AirBloom has 60 seconds left.
|
|t:|1782483495
|teamsize|p1|4
|teamsize|p2|4
|start
|switch|p1a: Sableye|Sableye, L50, F|100/100
|switch|p1b: Archaludon|Archaludon, L50, F|100/100
|switch|p2a: Gholdengo|Gholdengo, L50|100/100
|switch|p2b: Swampert|Swampert, L50, M|100/100
|turn|1
|
|t:|1782483511
|switch|p2b: Archaludon|Archaludon, L50, F|100/100
|move|p1b: Archaludon|Protect|p1b: Archaludon
|-singleturn|p1b: Archaludon|Protect
|move|p1a: Sableye|Will-O-Wisp|p2b: Archaludon
|-status|p2b: Archaludon|brn
|move|p2a: Gholdengo|Nasty Plot|p2a: Gholdengo
|-boost|p2a: Gholdengo|spa|2
|
|-damage|p2b: Archaludon|93/100 brn|[from] brn
|upkeep
|turn|2
|
|t:|1782483525
|switch|p1b: Pelipper|Pelipper, L50, M|100/100
|-weather|RainDance|[from] ability: Drizzle|[of] p1b: Pelipper
|move|p1a: Sableye|Light Screen|p1a: Sableye
|-sidestart|p1: AirBloom|move: Light Screen
|move|p2a: Gholdengo|Shadow Ball|p1a: Sableye
|-damage|p1a: Sableye|39/100
|-unboost|p1a: Sableye|spd|1
|move|p2b: Archaludon|Dragon Pulse|p1a: Sableye
|-damage|p1a: Sableye|0 fnt
|faint|p1a: Sableye
|
|-weather|RainDance|[upkeep]
|-heal|p2b: Archaludon|100/100 brn|[from] item: Leftovers
|-damage|p2b: Archaludon|93/100 brn|[from] brn
|upkeep
|
|t:|1782483537
|switch|p1a: Swampert|Swampert, L50, M|100/100
|turn|3
|
|t:|1782483548
|detailschange|p1a: Swampert|Swampert-Mega, L50, M
|-mega|p1a: Swampert|Swampert|Swampertite
|move|p1a: Swampert|Earthquake|p2b: Archaludon|[spread] p2a,p2b
|-immune|p1b: Pelipper
|-supereffective|p2a: Gholdengo|1
|-supereffective|p2b: Archaludon|1
|-damage|p2a: Gholdengo|9/100
|-damage|p2b: Archaludon|16/100 brn
|-ability|p2b: Archaludon|Stamina|boost
|-boost|p2b: Archaludon|def|1
|move|p2a: Gholdengo|Shadow Ball|p1a: Swampert
|-damage|p1a: Swampert|58/100
|move|p1b: Pelipper|Tailwind|p1b: Pelipper
|-sidestart|p1: AirBloom|move: Tailwind
|move|p2b: Archaludon|Electro Shot||[still]
|-prepare|p2b: Archaludon|Electro Shot
|-boost|p2b: Archaludon|spa|1
|-anim|p2b: Archaludon|Electro Shot|p1b: Pelipper
|-supereffective|p1b: Pelipper|2
|-damage|p1b: Pelipper|0 fnt
|faint|p1b: Pelipper
|
|-weather|RainDance|[upkeep]
|-heal|p2b: Archaludon|23/100 brn|[from] item: Leftovers
|-damage|p2b: Archaludon|16/100 brn|[from] brn
|upkeep
|
|t:|1782483565
|switch|p1b: Archaludon|Archaludon, L50, F|100/100
|turn|4
|inactive|Andrea Pirlo 2 has 30 seconds left.
|
|t:|1782483595
|move|p2b: Archaludon|Protect|p2b: Archaludon
|-singleturn|p2b: Archaludon|Protect
|move|p1a: Swampert|Wave Crash|p2b: Archaludon
|-activate|p2b: Archaludon|move: Protect
|move|p1b: Archaludon|Electro Shot||[still]
|-prepare|p1b: Archaludon|Electro Shot
|-boost|p1b: Archaludon|spa|1
|-anim|p1b: Archaludon|Electro Shot|p2a: Gholdengo
|-damage|p2a: Gholdengo|0 fnt
|faint|p2a: Gholdengo
|
|-weather|RainDance|[upkeep]
|-heal|p2b: Archaludon|23/100 brn|[from] item: Leftovers
|-damage|p2b: Archaludon|16/100 brn|[from] brn
|upkeep
|
|t:|1782483601
|switch|p2a: Swampert|Swampert, L50, M|100/100
|turn|5
|inactive|AirBloom has 30 seconds left.
|
|t:|1782483630
|detailschange|p2a: Swampert|Swampert-Mega, L50, M
|-mega|p2a: Swampert|Swampert|Swampertite
|move|p1a: Swampert|Wave Crash|p2a: Swampert
|-damage|p2a: Swampert|1/100
|-damage|p1a: Swampert|26/100|[from] Recoil
|move|p1b: Archaludon|Electro Shot||[still]
|-prepare|p1b: Archaludon|Electro Shot
|-boost|p1b: Archaludon|spa|1
|-anim|p1b: Archaludon|Electro Shot|p2b: Archaludon
|-resisted|p2b: Archaludon|1
|-damage|p2b: Archaludon|0 fnt
|faint|p2b: Archaludon
|move|p2a: Swampert|High Horsepower|p1b: Archaludon
|-supereffective|p1b: Archaludon|1
|-damage|p1b: Archaludon|6/100
|-ability|p1b: Archaludon|Stamina|boost
|-boost|p1b: Archaludon|def|1
|
|-weather|RainDance|[upkeep]
|-heal|p1b: Archaludon|12/100|[from] item: Leftovers
|upkeep
|
|t:|1782483643
|switch|p2b: Pelipper|Pelipper, L50, F|100/100
|turn|6
|
|t:|1782483661
|move|p2a: Swampert|Protect|p2a: Swampert
|-singleturn|p2a: Swampert|Protect
|move|p2b: Pelipper|Protect|p2b: Pelipper
|-singleturn|p2b: Pelipper|Protect
|move|p1a: Swampert|Ice Punch|p2a: Swampert
|-activate|p2a: Swampert|move: Protect
|move|p1b: Archaludon|Electro Shot||[still]
|-prepare|p1b: Archaludon|Electro Shot
|-boost|p1b: Archaludon|spa|1
|-anim|p1b: Archaludon|Electro Shot|p2b: Pelipper
|-activate|p2b: Pelipper|move: Protect
|
|-weather|none
|-heal|p1b: Archaludon|18/100|[from] item: Leftovers
|-sideend|p1: AirBloom|move: Tailwind
|upkeep
|turn|7
|
|t:|1782483674
|move|p1b: Archaludon|Dragon Pulse|p2a: Swampert
|-damage|p2a: Swampert|0 fnt
|faint|p2a: Swampert
|move|p1a: Swampert|Ice Punch|p2b: Pelipper
|-crit|p2b: Pelipper
|-damage|p2b: Pelipper|42/100
|move|p2b: Pelipper|Tailwind|p2b: Pelipper
|-sidestart|p2: Andrea Pirlo 2|move: Tailwind
|
|-heal|p1b: Archaludon|25/100|[from] item: Leftovers
|upkeep
|turn|8
|
|t:|1782483685
|move|p2b: Pelipper|Hurricane|p1b: Archaludon
|-resisted|p1b: Archaludon|1
|-damage|p1b: Archaludon|3/100
|-start|p1b: Archaludon|confusion
|-ability|p1b: Archaludon|Stamina|boost
|-boost|p1b: Archaludon|def|1
|-damage|p2b: Pelipper|32/100|[from] item: Life Orb
|-activate|p1b: Archaludon|confusion
|move|p1b: Archaludon|Dragon Pulse|p2b: Pelipper
|-damage|p2b: Pelipper|0 fnt
|faint|p2b: Pelipper
|
|win|AirBloom
