|j|☆d_malicious
|j|☆thedelybird
|html|d_maliciousthedelybird    
|uhtml|bestof|Game 1 of a best-of-3
|t:|1756692899
|gametype|doubles
|player|p1|d_malicious|1|1251
|player|p2|thedelybird|2|1203
|gen|9
|tier|[Gen 9] VGC 2025 Reg H (Bo3)
|rated|
|rule|Species Clause: Limit one of each Pokémon
|rule|Item Clause: Limit 1 of each item
|clearpoke
|poke|p1|Dragonite, L50, F|
|poke|p1|Whimsicott, L50, M|
|poke|p1|Arcanine-Hisui, L50, M|
|poke|p1|Rillaboom, L50, F|
|poke|p1|Torkoal, L50, M|
|poke|p1|Archaludon, L50, M|
|poke|p2|Rillaboom, L50, F|
|poke|p2|Dragonite, L50, M|
|poke|p2|Sneasler, L50, F|
|poke|p2|Kingambit, L50, M|
|poke|p2|Electabuzz, L50, F|
|poke|p2|Volcarona, L50, F|
|teampreview|4
|showteam|p1|Dragonite||ChoiceBand|InnerFocus|ExtremeSpeed,Outrage,AerialAce,StompingTantrum|||F|||50|,,,,,Normal]Whimsicott||CovertCloak|Prankster|Tailwind,Moonblast,TrickRoom,Encore|||M|||50|,,,,,Water]Arcanine-Hisui||ClearAmulet|Intimidate|RockSlide,FlareBlitz,ExtremeSpeed,Protect|||M|||50|,,,,,Dragon]Rillaboom||AssaultVest|GrassySurge|GrassyGlide,HighHorsepower,FakeOut,Uturn|||F|||50|,,,,,Grass]Torkoal||EjectPack|Drought|Protect,Eruption,Overheat,HelpingHand|||M|||50|,,,,,Fire]Archaludon||PowerHerb|Sturdy|Protect,ElectroShot,FlashCannon,DragonPulse|||M|||50|,,,,,Electric
|showteam|p2|Rillaboom||AssaultVest|GrassySurge|FakeOut,HighHorsepower,WoodHammer,GrassyGlide|||F|||50|,,,,,Fire]Dragonite||LoadedDice|Multiscale|ExtremeSpeed,ScaleShot,Protect,Haze|||M|||50|,,,,,Steel]Sneasler||FocusSash|PoisonTouch|DireClaw,CloseCombat,FakeOut,Coaching|||F|||50|,,,,,Stellar]Kingambit||BlackGlasses|Defiant|KowtowCleave,SuckerPunch,SwordsDance,Protect|||M|||50|,,,,,Dark]Electabuzz||Eviolite|VitalSpirit|Thunderbolt,Taunt,FollowMe,Protect|||F|||50|,,,,,Ghost]Volcarona||Leftovers|FlameBody|HeatWave,TeraBlast,QuiverDance,Protect|||F|||50|,,,,,Fairy
|
|t:|1756692940
|teamsize|p1|4
|teamsize|p2|4
|start
|switch|p1a: Dragonite|Dragonite, L50, F|100/100
|switch|p1b: Whimsicott|Whimsicott, L50, M|100/100
|switch|p2a: Kingambit|Kingambit, L50, M|100/100
|switch|p2b: Volcarona|Volcarona, L50, F|100/100
|turn|1
|
|t:|1756692964
|move|p2b: Volcarona|Protect|p2b: Volcarona
|-singleturn|p2b: Volcarona|Protect
|move|p1b: Whimsicott|Moonblast|p2b: Volcarona
|-activate|p2b: Volcarona|move: Protect
|move|p1a: Dragonite|Stomping Tantrum|p2a: Kingambit
|-supereffective|p2a: Kingambit
|-damage|p2a: Kingambit|30/100
|move|p2a: Kingambit|Swords Dance|p2a: Kingambit
|-boost|p2a: Kingambit|atk|2
|
|upkeep
|turn|2
|
|t:|1756692981
|-terastallize|p2a: Kingambit|Dark
|move|p1b: Whimsicott|Encore|p2b: Volcarona
|-start|p2b: Volcarona|Encore
|move|p2a: Kingambit|Sucker Punch|p1a: Dragonite
|-damage|p1a: Dragonite|0 fnt
|faint|p1a: Dragonite
|move|p2b: Volcarona|Protect||[still]
|-fail|p2b: Volcarona
|
|upkeep
|
|t:|1756692988
|switch|p1a: Archaludon|Archaludon, L50, M|100/100
|turn|3
|
|t:|1756692996
|switch|p2b: Electabuzz|Electabuzz, L50, F|100/100
|move|p2a: Kingambit|Sucker Punch|p1a: Archaludon
|-ability|p1a: Archaludon|Sturdy
|-damage|p1a: Archaludon|1/100
|move|p1b: Whimsicott|Moonblast|p2b: Electabuzz
|-crit|p2b: Electabuzz
|-damage|p2b: Electabuzz|51/100
|-unboost|p2b: Electabuzz|spa|1
|move|p1a: Archaludon|Electro Shot||[still]
|-prepare|p1a: Archaludon|Electro Shot
|-boost|p1a: Archaludon|spa|1
|-enditem|p1a: Archaludon|Power Herb
|-anim|p1a: Archaludon|Electro Shot|p2a: Kingambit
|-damage|p2a: Kingambit|0 fnt
|faint|p2a: Kingambit
|
|upkeep
|
|t:|1756693010
|switch|p2a: Sneasler|Sneasler, L50, F|100/100
|turn|4
|
|t:|1756693021
|move|p1b: Whimsicott|Tailwind|p1b: Whimsicott
|-sidestart|p1: d_malicious|move: Tailwind
|move|p1a: Archaludon|Dragon Pulse|p2a: Sneasler
|-damage|p2a: Sneasler|9/100
|move|p2a: Sneasler|Dire Claw|p1b: Whimsicott
|-supereffective|p1b: Whimsicott
|-damage|p1b: Whimsicott|0 fnt
|faint|p1b: Whimsicott
|move|p2b: Electabuzz|Thunderbolt|p1a: Archaludon
|-resisted|p1a: Archaludon
|-damage|p1a: Archaludon|0 fnt
|faint|p1a: Archaludon
|
|upkeep
|
|t:|1756693027
|switch|p1a: Arcanine|Arcanine-Hisui, L50, M|100/100
|-ability|p1a: Arcanine|Intimidate|boost
|-unboost|p2a: Sneasler|atk|1
|-unboost|p2b: Electabuzz|atk|1
|turn|5
|
|t:|1756693044
|switch|p2a: Volcarona|Volcarona, L50, F|100/100
|-terastallize|p1a: Arcanine|Dragon
|move|p1a: Arcanine|Rock Slide|p2a: Volcarona|[spread] 
|-miss|p1a: Arcanine|p2a: Volcarona
|-miss|p1a: Arcanine|p2b: Electabuzz
|move|p2b: Electabuzz|Thunderbolt|p1a: Arcanine
|-resisted|p1a: Arcanine
|-damage|p1a: Arcanine|88/100
|
|upkeep
|turn|6
|
|t:|1756693059
|move|p2a: Volcarona|Protect|p2a: Volcarona
|-singleturn|p2a: Volcarona|Protect
|move|p1a: Arcanine|Rock Slide|p2b: Electabuzz|[spread] 
|-activate|p2a: Volcarona|move: Protect
|-miss|p1a: Arcanine|p2b: Electabuzz
|move|p2b: Electabuzz|Thunderbolt|p1a: Arcanine
|-resisted|p1a: Arcanine
|-damage|p1a: Arcanine|75/100
|
|upkeep
|turn|7
|
|t:|1756693077
|move|p1a: Arcanine|Rock Slide|p2b: Electabuzz|[spread] p2a
|-miss|p1a: Arcanine|p2b: Electabuzz
|-supereffective|p2a: Volcarona
|-damage|p2a: Volcarona|0 fnt
|faint|p2a: Volcarona
|move|p2b: Electabuzz|Thunderbolt|p1a: Arcanine
|-resisted|p1a: Arcanine
|-damage|p1a: Arcanine|63/100
|-status|p1a: Arcanine|par
|
|-sideend|p1: d_malicious|move: Tailwind
|upkeep
|
|t:|1756693081
|switch|p2a: Sneasler|Sneasler, L50, F|9/100
|turn|8
|
|t:|1756693086
|move|p1a: Arcanine|Extreme Speed|p2a: Sneasler
|-damage|p2a: Sneasler|0 fnt
|faint|p2a: Sneasler
|move|p2b: Electabuzz|Thunderbolt|p1a: Arcanine
|-resisted|p1a: Arcanine
|-damage|p1a: Arcanine|49/100 par
|
|upkeep
|turn|9
|
|t:|1756693090
|move|p2b: Electabuzz|Thunderbolt|p1a: Arcanine
|-resisted|p1a: Arcanine
|-damage|p1a: Arcanine|38/100 par
|move|p1a: Arcanine|Flare Blitz|p2b: Electabuzz
|-damage|p2b: Electabuzz|6/100
|-damage|p1a: Arcanine|23/100 par|[from] Recoil
|
|upkeep
|turn|10
|
|t:|1756693096
|cant|p1a: Arcanine|par
|move|p2b: Electabuzz|Thunderbolt|p1a: Arcanine
|-resisted|p1a: Arcanine
|-damage|p1a: Arcanine|10/100 par
|
|upkeep
|turn|11
|
|t:|1756693098
|cant|p1a: Arcanine|par
|move|p2b: Electabuzz|Thunderbolt|p1a: Arcanine
|-resisted|p1a: Arcanine
|-damage|p1a: Arcanine|0 fnt
|faint|p1a: Arcanine
|
|win|thedelybird
||d_malicious is ready for game 2.
|c|☆thedelybird|rip
||thedelybird is ready for game 2.
|uhtml|next|Next: Game 2 of 3
