|j|☆lolgz
|j|☆merr123
|html|lolgzmerr123    
|uhtml|bestof|Game 1 of a best-of-3
|t:|1782437620
|gametype|doubles
|player|p1|lolgz|dawn|1188
|player|p2|merr123|1|1300
|gen|9
|tier|[Gen 9 Champions] VGC 2026 Reg M-B (Bo3)
|rated|
|rule|Species Clause: Limit one of each Pokémon
|rule|Item Clause: Limit 1 of each item
|clearpoke
|poke|p1|Mawile, L50, M|
|poke|p1|Sneasler, L50, F|
|poke|p1|Farigiraf, L50, M|
|poke|p1|Ampharos, L50, F|
|poke|p1|Vileplume, L50, F|
|poke|p1|Torkoal, L50, F|
|poke|p2|Sneasler, L50, M|
|poke|p2|Staraptor, L50, M|
|poke|p2|Manectric, L50, M|
|poke|p2|Sinistcha, L50|
|poke|p2|Kingambit, L50, M|
|poke|p2|Pelipper, L50, M|
|teampreview|4
|showteam|p1|Mawile||Mawilite|HyperCutter|PlayRough,SuckerPunch,SwordsDance,Protect|Serious||M|||50|]Sneasler||IronBall|PoisonTouch|FakeOut,DireClaw,CloseCombat,RockTomb|Brave||F|||50|]Farigiraf||SitrusBerry|ArmorTail|TrickRoom,Thunderbolt,Psychic,HelpingHand|Relaxed||M|||50|]Ampharos||Ampharosite|Static|Thunderbolt,DragonPulse,Protect,FocusBlast|Brave||F|||50|]Vileplume||FocusSash|Chlorophyll|SleepPowder,SludgeBomb,EnergyBall,AfterYou|Timid||F|||50|]Torkoal||Charcoal|Drought|Eruption,WeatherBall,EarthPower,Protect|Quiet||F|||50|
|showteam|p2|Sneasler||FocusSash|PoisonTouch|FakeOut,CloseCombat,DireClaw,Coaching|Jolly||M|||50|]Staraptor||Staraptite|Intimidate|CloseCombat,BraveBird,Tailwind,Protect|Adamant||M|||50|]Manectric||Manectite|LightningRod|Thunder,Snarl,VoltSwitch,Protect|Timid||M|||50|]Sinistcha||SitrusBerry|Hospitality|MatchaGotcha,RagePowder,TrickRoom,Protect|Calm|||||50|]Kingambit||BlackGlasses|Defiant|SwordsDance,KowtowCleave,SuckerPunch,Protect|Adamant||M|||50|]Pelipper||LifeOrb|Drizzle|WeatherBall,Hurricane,WideGuard,Protect|Calm||M|||50|
|inactive|Battle timer is ON: inactive players will automatically lose when time's up. (requested by merr123)
|inactive|lolgz also wants the timer to be on.
|inactive|merr123 has 60 seconds left.
|
|t:|1782437660
|teamsize|p1|4
|teamsize|p2|4
|start
|switch|p1a: Farigiraf|Farigiraf, L50, M|100/100
|switch|p1b: Mawile|Mawile, L50, M|100/100
|switch|p2a: Pelipper|Pelipper, L50, M|100/100
|switch|p2b: Manectric|Manectric, L50, M|100/100
|-weather|RainDance|[from] ability: Drizzle|[of] p2a: Pelipper
|turn|1
|
|t:|1782437677
|switch|p2a: Sinistcha|Sinistcha, L50|100/100
|detailschange|p2b: Manectric|Manectric-Mega, L50, M
|-mega|p2b: Manectric|Manectric|Manectite
|-ability|p2b: Manectric|Intimidate|boost
|-unboost|p1a: Farigiraf|atk|1
|-fail|p1b: Mawile|unboost|Attack|[from] ability: Hyper Cutter|[of] p1b: Mawile
|detailschange|p1b: Mawile|Mawile-Mega, L50, M
|-mega|p1b: Mawile|Mawile|Mawilite
|move|p2b: Manectric|Thunder|p1b: Mawile
|-damage|p1b: Mawile|30/100
|move|p1b: Mawile|Play Rough|p2a: Sinistcha
|-damage|p2a: Sinistcha|27/100
|-enditem|p2a: Sinistcha|Sitrus Berry|[eat]
|-heal|p2a: Sinistcha|52/100|[from] item: Sitrus Berry
|move|p1a: Farigiraf|Trick Room|p1a: Farigiraf
|-fieldstart|move: Trick Room|[of] p1a: Farigiraf
|
|-weather|RainDance|[upkeep]
|upkeep
|turn|2
|
|t:|1782437700
|move|p1b: Mawile|Play Rough|p2a: Sinistcha
|-damage|p2a: Sinistcha|0 fnt
|faint|p2a: Sinistcha
|move|p1a: Farigiraf|Psychic|p2b: Manectric
|-damage|p2b: Manectric|53/100
|move|p2b: Manectric|Volt Switch|p1b: Mawile
|-damage|p1b: Mawile|0 fnt
|faint|p1b: Mawile
|
|t:|1782437713
|switch|p2b: Staraptor|Staraptor, L50, M|100/100|[from] Volt Switch
|-ability|p2b: Staraptor|Intimidate|boost
|-unboost|p1a: Farigiraf|atk|1
|
|-weather|RainDance|[upkeep]
|upkeep
|
|t:|1782437722
|switch|p1b: Sneasler|Sneasler, L50, F|100/100
|switch|p2a: Manectric|Manectric-Mega, L50, M|53/100
|-ability|p2a: Manectric|Intimidate|boost
|-unboost|p1a: Farigiraf|atk|1
|-unboost|p1b: Sneasler|atk|1
|turn|3
|
|t:|1782437738
|move|p1b: Sneasler|Dire Claw|p2b: Staraptor
|-damage|p2b: Staraptor|61/100
|-status|p2b: Staraptor|psn|[from] ability: Poison Touch|[of] p1b: Sneasler
|move|p1a: Farigiraf|Psychic|p2b: Staraptor
|-damage|p2b: Staraptor|14/100 psn
|move|p2b: Staraptor|Brave Bird|p1b: Sneasler
|-supereffective|p1b: Sneasler|1
|-damage|p1b: Sneasler|0 fnt
|faint|p1b: Sneasler
|-damage|p2b: Staraptor|0 fnt|[from] Recoil
|faint|p2b: Staraptor
|move|p2a: Manectric|Thunder|p1a: Farigiraf
|-damage|p1a: Farigiraf|40/100
|-enditem|p1a: Farigiraf|Sitrus Berry|[eat]
|-heal|p1a: Farigiraf|64/100|[from] item: Sitrus Berry
|
|-weather|RainDance|[upkeep]
|upkeep
|
|t:|1782437746
|switch|p2b: Pelipper|Pelipper, L50, M|100/100
|switch|p1b: Torkoal|Torkoal, L50, F|100/100
|-weather|SunnyDay|[from] ability: Drought|[of] p1b: Torkoal
|-weather|RainDance|[from] ability: Drizzle|[of] p2b: Pelipper
|turn|4
|
|t:|1782437766
|move|p2a: Manectric|Protect|p2a: Manectric
|-singleturn|p2a: Manectric|Protect
|move|p1b: Torkoal|Earth Power|p2a: Manectric
|-activate|p2a: Manectric|move: Protect
|move|p1a: Farigiraf|Thunderbolt|p2b: Pelipper
|-supereffective|p2b: Pelipper|2
|-damage|p2b: Pelipper|18/100
|move|p2b: Pelipper|Weather Ball|p1b: Torkoal
|-supereffective|p1b: Torkoal|1
|-damage|p1b: Torkoal|0 fnt
|faint|p1b: Torkoal
|-damage|p2b: Pelipper|8/100|[from] item: Life Orb
|
|-weather|RainDance|[upkeep]
|upkeep
|turn|5
|
|t:|1782437777
|move|p1a: Farigiraf|Thunderbolt|p2b: Pelipper
|-supereffective|p2b: Pelipper|2
|-damage|p2b: Pelipper|0 fnt
|faint|p2b: Pelipper
|move|p2a: Manectric|Thunder|p1a: Farigiraf
|-damage|p1a: Farigiraf|11/100
|-status|p1a: Farigiraf|par
|
|-weather|RainDance|[upkeep]
|-fieldend|move: Trick Room
|upkeep
|turn|6
|-message|lolgz forfeited.
|
|win|merr123
