|j|☆VOVOMAXBEN10
|j|☆seis sietee
|html|VOVOMAXBEN10seis sietee    
|uhtml|bestof|Game 1 of a best-of-3
|t:|1783370190
|gametype|doubles
|player|p1|VOVOMAXBEN10|wattson|1387
|player|p2|seis sietee|266|1401
|gen|9
|tier|[Gen 9 Champions] VGC 2026 Reg M-B (Bo3)
|rated|
|rule|Species Clause: Limit one of each Pokémon
|rule|Item Clause: Limit 1 of each item
|clearpoke
|poke|p1|Sinistcha, L50|
|poke|p1|Incineroar, L50, F|
|poke|p1|Milotic, L50, M|
|poke|p1|Raichu, L50, F|
|poke|p1|Floette-Eternal, L50, F|
|poke|p1|Ceruledge, L50, F|
|poke|p2|Aerodactyl, L50, M|
|poke|p2|Charizard, L50, M|
|poke|p2|Kingambit, L50, M|
|poke|p2|Sylveon, L50, F|
|poke|p2|Farigiraf, L50, M|
|poke|p2|Garchomp, L50, F|
|teampreview|4
|showteam|p1|Sinistcha||KasibBerry|Hospitality|MatchaGotcha,LifeDew,RagePowder,Protect|Relaxed|||||50|]Incineroar||SitrusBerry|Intimidate|FlareBlitz,ThroatChop,FakeOut,PartingShot|Impish||F|||50|]Milotic||Leftovers|Competitive|MuddyWater,Coil,Hypnosis,Recover|Calm||M|||50|]Raichu||RaichuniteY|LightningRod|ZapCannon,FocusBlast,FakeOut,Protect|Timid||F|||50|]Floette-Eternal||Floettite|FlowerVeil|DazzlingGleam,DrainingKiss,CalmMind,Protect|Timid||F|||50|]Ceruledge||ColburBerry|FlashFire|BitterBlade,ShadowSneak,BulkUp,Protect|Adamant||F|||50|
|showteam|p2|Aerodactyl||Aerodactylite|Unnerve|RockSlide,DualWingbeat,Tailwind,IceFang|Jolly||M|||50|]Charizard||CharizarditeY|Blaze|HeatWave,WeatherBall,SolarBeam,Protect|Modest||M|||50|]Kingambit||FocusSash|Defiant|KowtowCleave,SuckerPunch,LowKick,IronHead|Adamant||M|||50|]Sylveon||FairyFeather|Pixilate|HyperVoice,HyperBeam,QuickAttack,Protect|Modest||F|||50|]Farigiraf||SitrusBerry|ArmorTail|TwinBeam,Thunderbolt,TrickRoom,Roar|Bold||M|||50|]Garchomp||LifeOrb|RoughSkin|DragonClaw,StompingTantrum,Earthquake,Protect|Jolly||F|||50|
|inactive|Battle timer is ON: inactive players will automatically lose when time's up. (requested by seis sietee)
|
|t:|1783370242
|teamsize|p1|4
|teamsize|p2|4
|start
|switch|p1a: Ceruledge|Ceruledge, L50, F|100/100
|switch|p1b: Milotic|Milotic, L50, M|100/100
|switch|p2a: Aerodactyl|Aerodactyl, L50, M|100/100
|switch|p2b: Kingambit|Kingambit, L50, M|100/100
|-ability|p2a: Aerodactyl|Unnerve
|turn|1
|
|t:|1783370262
|detailschange|p2a: Aerodactyl|Aerodactyl-Mega, L50, M
|-mega|p2a: Aerodactyl|Aerodactyl|Aerodactylite
|move|p1a: Ceruledge|Protect|p1a: Ceruledge
|-singleturn|p1a: Ceruledge|Protect
|move|p2a: Aerodactyl|Rock Slide|p1b: Milotic|[spread] p1b
|-activate|p1a: Ceruledge|move: Protect
|-damage|p1b: Milotic|74/100
|move|p1b: Milotic|Coil|p1b: Milotic
|-boost|p1b: Milotic|atk|1
|-boost|p1b: Milotic|def|1
|-boost|p1b: Milotic|accuracy|1
|move|p2b: Kingambit|Kowtow Cleave|p1b: Milotic
|-damage|p1b: Milotic|47/100
|
|-heal|p1b: Milotic|53/100|[from] item: Leftovers
|upkeep
|turn|2
|
|t:|1783370282
|move|p2a: Aerodactyl|Rock Slide|p1a: Ceruledge|[spread] 
|-miss|p2a: Aerodactyl|p1a: Ceruledge
|-miss|p2a: Aerodactyl|p1b: Milotic
|move|p1a: Ceruledge|Bulk Up|p1a: Ceruledge
|-boost|p1a: Ceruledge|atk|1
|-boost|p1a: Ceruledge|def|1
|move|p1b: Milotic|Hypnosis|p2b: Kingambit
|-status|p2b: Kingambit|slp|[from] move: Hypnosis
|cant|p2b: Kingambit|slp
|
|-heal|p1b: Milotic|59/100|[from] item: Leftovers
|upkeep
|turn|3
|
|t:|1783370292
|move|p2a: Aerodactyl|Rock Slide|p1a: Ceruledge|[spread] p1a,p1b
|-supereffective|p1a: Ceruledge|1
|-damage|p1a: Ceruledge|56/100
|-damage|p1b: Milotic|42/100
|cant|p1a: Ceruledge|flinch
|move|p1b: Milotic|Muddy Water|p2b: Kingambit|[spread] p2a,p2b
|-supereffective|p2a: Aerodactyl|1
|-crit|p2b: Kingambit
|-damage|p2a: Aerodactyl|45/100
|-damage|p2b: Kingambit|61/100 slp
|-unboost|p2a: Aerodactyl|accuracy|1
|cant|p2b: Kingambit|slp
|
|-heal|p1b: Milotic|48/100|[from] item: Leftovers
|upkeep
|turn|4
|
|t:|1783370311
|move|p2a: Aerodactyl|Tailwind|p2a: Aerodactyl
|-sidestart|p2: seis sietee|move: Tailwind
|-curestatus|p2b: Kingambit|slp|[msg]
|move|p2b: Kingambit|Kowtow Cleave|p1a: Ceruledge
|-supereffective|p1a: Ceruledge|1
|-enditem|p1a: Ceruledge|Colbur Berry|[eat]
|-enditem|p1a: Ceruledge|Colbur Berry|[weaken]
|-damage|p1a: Ceruledge|19/100
|move|p1a: Ceruledge|Bitter Blade|p2b: Kingambit
|-supereffective|p2b: Kingambit|1
|-damage|p2b: Kingambit|0 fnt
|-heal|p1a: Ceruledge|51/100|[from] drain|[of] p2b: Kingambit
|faint|p2b: Kingambit
|move|p1b: Milotic|Muddy Water|p2a: Aerodactyl
|-supereffective|p2a: Aerodactyl|1
|-damage|p2a: Aerodactyl|0 fnt
|faint|p2a: Aerodactyl
|
|-heal|p1b: Milotic|54/100|[from] item: Leftovers
|upkeep
|
|t:|1783370319
|switch|p2a: Sylveon|Sylveon, L50, F|100/100
|switch|p2b: Farigiraf|Farigiraf, L50, M|100/100
|turn|5
|
|t:|1783370334
|switch|p1b: Sinistcha|Sinistcha, L50|100/100
|-heal|p1a: Ceruledge|76/100|[from] ability: Hospitality|[of] p1b: Sinistcha
|move|p2a: Sylveon|Hyper Voice|p1a: Ceruledge|[spread] p1a,p1b
|-resisted|p1a: Ceruledge|1
|-damage|p1a: Ceruledge|54/100
|-damage|p1b: Sinistcha|57/100
|move|p2b: Farigiraf|Thunderbolt|p1b: Sinistcha
|-resisted|p1b: Sinistcha|1
|-damage|p1b: Sinistcha|48/100
|move|p1a: Ceruledge|Bitter Blade|p2a: Sylveon
|-damage|p2a: Sylveon|1/100
|-heal|p1a: Ceruledge|100/100|[from] drain|[of] p2a: Sylveon
|
|upkeep
|turn|6
|-message|seis sietee forfeited.
|
|win|VOVOMAXBEN10
|l|☆seis sietee
|player|p2|
||seis sietee is ready for game 2.
||VOVOMAXBEN10 is ready for game 2.
|uhtml|next|Next: Game 2 of 3
