|j|☆pizzawing
|j|☆failandimprove5
|html|pizzawingfailandimprove5    
|uhtml|bestof|Game 1 of a best-of-3
|t:|1784500761
|gametype|doubles
|player|p1|pizzawing|170|1410
|player|p2|failandimprove5|266|1365
|gen|9
|tier|[Gen 9 Champions] VGC 2026 Reg M-B (Bo3)
|rated|
|rule|Species Clause: Limit one of each Pokémon
|rule|Item Clause: Limit 1 of each item
|clearpoke
|poke|p1|Charizard, L50, F|
|poke|p1|Aerodactyl, L50, M|
|poke|p1|Farigiraf, L50, M|
|poke|p1|Venusaur, L50, F|
|poke|p1|Conkeldurr, L50, M|
|poke|p1|Incineroar, L50, F|
|poke|p2|Garchomp, L50, F|
|poke|p2|Venusaur, L50, M|
|poke|p2|Incineroar, L50, F|
|poke|p2|Charizard, L50, M|
|poke|p2|Toxapex, L50, M|
|poke|p2|Annihilape, L50, M|
|teampreview|4
|showteam|p1|Charizard||CharizarditeY|SolarPower|HeatWave,WeatherBall,AncientPower,Protect|Timid||F|||50|]Aerodactyl||Aerodactylite|Unnerve|RockSlide,Tailwind,DualWingbeat,IceFang|Jolly||M|||50|]Farigiraf||SitrusBerry|ArmorTail|Psychic,HyperVoice,TrickRoom,Protect|Quiet||M|||50|]Venusaur||LifeOrb|Chlorophyll|EnergyBall,EarthPower,SludgeBomb,Protect|Modest||F|||50|]Conkeldurr||BlackBelt|IronFist|DrainPunch,MachPunch,IcePunch,ThunderPunch|Brave||M|||50|]Incineroar||ShucaBerry|Intimidate|FlareBlitz,FakeOut,ThroatChop,PartingShot|Adamant||F|||50|
|showteam|p2|Garchomp||ChoiceScarf|RoughSkin|Earthquake,RockSlide,DragonClaw,StompingTantrum|Adamant||F|||50|]Venusaur||LifeOrb|Chlorophyll|SludgeBomb,SolarBeam,EarthPower,Protect|Modest||M|||50|]Incineroar||SitrusBerry|Intimidate|FakeOut,FlareBlitz,ThroatChop,PartingShot|Impish||F|||50|]Charizard||CharizarditeY|Blaze|HeatWave,WeatherBall,HelpingHand,Protect|Modest||M|||50|]Toxapex||Leftovers|Regenerator|Infestation,Toxic,WideGuard,BanefulBunker|Bold||M|||50|]Annihilape||FocusSash|Defiant|CloseCombat,PhantomForce,RockTomb,Protect|Jolly||M|||50|
|inactive|Battle timer is ON: inactive players will automatically lose when time's up. (requested by failandimprove5)
|inactive|pizzawing also wants the timer to be on.
|inactive|pizzawing has 60 seconds left.
|inactive|failandimprove5 has 60 seconds left.
|inactive|pizzawing has 30 seconds left.
|inactive|failandimprove5 has 30 seconds left.
|inactive|pizzawing has 20 seconds left.
|inactive|failandimprove5 has 20 seconds left.
|inactive|pizzawing has 15 seconds left.
|inactive|failandimprove5 has 15 seconds left.
|inactive|failandimprove5 has 10 seconds left.
|inactive|failandimprove5 has 5 seconds left.
|
|t:|1784500850
|teamsize|p1|4
|teamsize|p2|4
|start
|switch|p1a: Incineroar|Incineroar, L50, F|100/100
|switch|p1b: Aerodactyl|Aerodactyl, L50, M|100/100
|switch|p2a: Incineroar|Incineroar, L50, F|100/100
|switch|p2b: Annihilape|Annihilape, L50, M|100/100
|-ability|p1b: Aerodactyl|Unnerve
|-ability|p2a: Incineroar|Intimidate|boost
|-unboost|p1a: Incineroar|atk|1
|-unboost|p1b: Aerodactyl|atk|1
|-ability|p1a: Incineroar|Intimidate|boost
|-unboost|p2a: Incineroar|atk|1
|-unboost|p2b: Annihilape|atk|1
|-ability|p2b: Annihilape|Defiant|boost
|-boost|p2b: Annihilape|atk|2
|turn|1
|inactive|pizzawing has 30 seconds left.
|
|t:|1784500875
|switch|p1a: Farigiraf|Farigiraf, L50, M|100/100
|detailschange|p1b: Aerodactyl|Aerodactyl-Mega, L50, M
|-mega|p1b: Aerodactyl|Aerodactyl|Aerodactylite
|move|p2a: Incineroar|Fake Out||[still]
|cant|p1a: Farigiraf|ability: Armor Tail|Fake Out|[of] p2a: Incineroar
|move|p1b: Aerodactyl|Dual Wingbeat|p2b: Annihilape|[miss]
|-miss|p1b: Aerodactyl|p2b: Annihilape
|move|p2b: Annihilape|Close Combat|p1a: Farigiraf
|-damage|p1a: Farigiraf|20/100y
|-unboost|p2b: Annihilape|def|1
|-unboost|p2b: Annihilape|spd|1
|-enditem|p1a: Farigiraf|Sitrus Berry|[eat]
|-heal|p1a: Farigiraf|45/100|[from] item: Sitrus Berry
|
|upkeep
|turn|2
|
|t:|1784500896
|switch|p2b: Toxapex|Toxapex, L50, M|100/100
|move|p1b: Aerodactyl|Dual Wingbeat|p2b: Toxapex|[miss]
|-miss|p1b: Aerodactyl|p2b: Toxapex
|move|p2a: Incineroar|Parting Shot|p1b: Aerodactyl
|-unboost|p1b: Aerodactyl|atk|1
|-unboost|p1b: Aerodactyl|spa|1
|
|t:|1784500906
|switch|p2a: Annihilape|Annihilape, L50, M|100/100|[from] Parting Shot
|move|p1a: Farigiraf|Hyper Voice|p2a: Annihilape|[spread] p2b
|-immune|p2a: Annihilape
|-damage|p2b: Toxapex|75/100
|
|-heal|p2b: Toxapex|80/100|[from] item: Leftovers
|upkeep
|turn|3
|
|t:|1784500915
|switch|p1b: Venusaur|Venusaur, L50, F|100/100
|move|p1a: Farigiraf|Protect|p1a: Farigiraf
|-singleturn|p1a: Farigiraf|Protect
|move|p2a: Annihilape|Close Combat|p1a: Farigiraf
|-activate|p1a: Farigiraf|move: Protect
|move|p2b: Toxapex|Infestation|p1b: Venusaur
|-damage|p1b: Venusaur|96/100
|-activate|p1b: Venusaur|move: Infestation|[of] p2b: Toxapex
|
|-heal|p2b: Toxapex|86/100|[from] item: Leftovers
|-damage|p1b: Venusaur|84/100|[from] move: Infestation|[partiallytrapped]
|upkeep
|turn|4
|
|t:|1784500934
|move|p2b: Toxapex|Baneful Bunker|p2b: Toxapex
|-singleturn|p2b: Toxapex|move: Protect
|move|p2a: Annihilape|Phantom Force||[still]
|-prepare|p2a: Annihilape|Phantom Force
|move|p1b: Venusaur|Earth Power|p2a: Annihilape|[miss]
|-miss|p1b: Venusaur|p2a: Annihilape
|move|p1a: Farigiraf|Psychic|p2a: Annihilape|[miss]
|-miss|p1a: Farigiraf|p2a: Annihilape
|
|-heal|p2b: Toxapex|92/100|[from] item: Leftovers
|-damage|p1b: Venusaur|72/100|[from] move: Infestation|[partiallytrapped]
|upkeep
|turn|5
|
|t:|1784500951
|move|p2a: Annihilape|Phantom Force|p1b: Venusaur|[from] lockedmove
|-damage|p1b: Venusaur|22/100
|move|p1b: Venusaur|Earth Power|p2b: Toxapex
|-supereffective|p2b: Toxapex|1
|-damage|p2b: Toxapex|37/100
|-damage|p1b: Venusaur|12/100|[from] item: Life Orb
|move|p1a: Farigiraf|Psychic|p2a: Annihilape
|-supereffective|p2a: Annihilape|1
|-damage|p2a: Annihilape|17/100
|move|p2b: Toxapex|Infestation|p1a: Farigiraf
|-supereffective|p1a: Farigiraf|1
|-damage|p1a: Farigiraf|39/100
|-activate|p1a: Farigiraf|move: Infestation|[of] p2b: Toxapex
|
|-heal|p2b: Toxapex|43/100|[from] item: Leftovers
|-damage|p1b: Venusaur|1/100|[from] move: Infestation|[partiallytrapped]
|-damage|p1a: Farigiraf|27/100|[from] move: Infestation|[partiallytrapped]
|upkeep
|turn|6
|
|t:|1784500968
|switch|p2a: Incineroar|Incineroar, L50, F|100/100
|-ability|p2a: Incineroar|Intimidate|boost
|-unboost|p1a: Farigiraf|atk|1
|-unboost|p1b: Venusaur|atk|1
|-heal|p2b: Toxapex|76/100|[from] ability: Regenerator|[silent]
|switch|p2b: Charizard|Charizard, L50, M|100/100
|move|p1a: Farigiraf|Protect|p1a: Farigiraf
|-singleturn|p1a: Farigiraf|Protect
|move|p1b: Venusaur|Earth Power|p2b: Charizard
|-immune|p2b: Charizard
|
|-end|p1b: Venusaur|Infestation|[partiallytrapped]|[silent]
|-end|p1a: Farigiraf|Infestation|[partiallytrapped]|[silent]
|upkeep
|turn|7
|
|t:|1784500981
|switch|p1b: Incineroar|Incineroar, L50, F|100/100
|-ability|p1b: Incineroar|Intimidate|boost
|-unboost|p2a: Incineroar|atk|1
|-unboost|p2b: Charizard|atk|1
|move|p2b: Charizard|Heat Wave|p1b: Incineroar|[spread] p1a,p1b
|-resisted|p1b: Incineroar|1
|-damage|p1a: Farigiraf|0 fnt
|-damage|p1b: Incineroar|87/100
|faint|p1a: Farigiraf
|move|p2a: Incineroar|Parting Shot|p1b: Incineroar
|-unboost|p1b: Incineroar|atk|1
|-unboost|p1b: Incineroar|spa|1
|
|t:|1784500989
|switch|p2a: Toxapex|Toxapex, L50, M|76/100|[from] Parting Shot
|
|-heal|p2a: Toxapex|82/100|[from] item: Leftovers
|upkeep
|
|t:|1784501001
|switch|p1a: Aerodactyl|Aerodactyl-Mega, L50, M|100/100
|turn|8
|
|t:|1784501025
|-heal|p2a: Toxapex|100/100|[from] ability: Regenerator|[silent]
|switch|p2a: Incineroar|Incineroar, L50, F|100/100
|-ability|p2a: Incineroar|Intimidate|boost
|-unboost|p1a: Aerodactyl|atk|1
|-unboost|p1b: Incineroar|atk|1
|move|p2b: Charizard|Protect|p2b: Charizard
|-singleturn|p2b: Charizard|Protect
|move|p1a: Aerodactyl|Rock Slide|p2b: Charizard|[spread] p2a
|-activate|p2b: Charizard|move: Protect
|-supereffective|p2a: Incineroar|1
|-damage|p2a: Incineroar|70/100
|move|p1b: Incineroar|Parting Shot|p2a: Incineroar
|-unboost|p2a: Incineroar|atk|1
|-unboost|p2a: Incineroar|spa|1
|
|t:|1784501042
|switch|p1b: Venusaur|Venusaur, L50, F|1/100|[from] Parting Shot
|
|upkeep
|turn|9
|
|t:|1784501057
|move|p1b: Venusaur|Protect|p1b: Venusaur
|-singleturn|p1b: Venusaur|Protect
|move|p2a: Incineroar|Fake Out|p1a: Aerodactyl
|-resisted|p1a: Aerodactyl|1
|-damage|p1a: Aerodactyl|95/100
|cant|p1a: Aerodactyl|flinch
|move|p2b: Charizard|Heat Wave|p1b: Venusaur|[spread] p1a
|-activate|p1b: Venusaur|move: Protect
|-resisted|p1a: Aerodactyl|1
|-damage|p1a: Aerodactyl|79/100
|
|upkeep
|turn|10
|
|t:|1784501077
|switch|p1b: Incineroar|Incineroar, L50, F|87/100
|-ability|p1b: Incineroar|Intimidate|boost
|-unboost|p2a: Incineroar|atk|1
|-unboost|p2b: Charizard|atk|1
|move|p1a: Aerodactyl|Rock Slide|p2a: Incineroar|[spread] p2a,p2b
|-supereffective|p2a: Incineroar|1
|-supereffective|p2b: Charizard|2
|-damage|p2a: Incineroar|42/100
|-damage|p2b: Charizard|30/100
|-enditem|p2a: Incineroar|Sitrus Berry|[eat]
|-heal|p2a: Incineroar|67/100|[from] item: Sitrus Berry
|cant|p2b: Charizard|flinch
|move|p2a: Incineroar|Throat Chop|p1b: Incineroar
|-resisted|p1b: Incineroar|1
|-damage|p1b: Incineroar|80/100
|-start|p1b: Incineroar|Throat Chop|[silent]
|
|upkeep
|turn|11
|
|t:|1784501096
|switch|p2a: Toxapex|Toxapex, L50, M|100/100
|move|p1b: Incineroar|Fake Out|p2a: Toxapex
|-damage|p2a: Toxapex|91/100
|move|p1a: Aerodactyl|Rock Slide|p2a: Toxapex|[spread] p2a,p2b
|-supereffective|p2b: Charizard|2
|-crit|p2b: Charizard
|-damage|p2a: Toxapex|78/100
|-damage|p2b: Charizard|0 fnt
|faint|p2b: Charizard
|
|-heal|p2a: Toxapex|84/100|[from] item: Leftovers
|-end|p1b: Incineroar|Throat Chop|[silent]
|upkeep
|
|t:|1784501106
|switch|p2b: Incineroar|Incineroar, L50, F|67/100
|-ability|p2b: Incineroar|Intimidate|boost
|-unboost|p1a: Aerodactyl|atk|1
|-unboost|p1b: Incineroar|atk|1
|turn|12
|
|t:|1784501127
|move|p2b: Incineroar|Fake Out|p1a: Aerodactyl
|-resisted|p1a: Aerodactyl|1
|-damage|p1a: Aerodactyl|73/100
|cant|p1a: Aerodactyl|flinch
|move|p1b: Incineroar|Throat Chop|p2b: Incineroar
|-resisted|p2b: Incineroar|1
|-damage|p2b: Incineroar|58/100
|-start|p2b: Incineroar|Throat Chop|[silent]
|move|p2a: Toxapex|Infestation|p1a: Aerodactyl
|-resisted|p1a: Aerodactyl|1
|-damage|p1a: Aerodactyl|71/100
|-activate|p1a: Aerodactyl|move: Infestation|[of] p2a: Toxapex
|
|-heal|p2a: Toxapex|90/100|[from] item: Leftovers
|-damage|p1a: Aerodactyl|59/100|[from] move: Infestation|[partiallytrapped]
|upkeep
|turn|13
|
|t:|1784501139
|move|p1a: Aerodactyl|Rock Slide|p2b: Incineroar|[spread] p2a,p2b
|-supereffective|p2b: Incineroar|1
|-damage|p2a: Toxapex|80/100
|-damage|p2b: Incineroar|38/100
|move|p2b: Incineroar|Throat Chop|p1b: Incineroar
|-resisted|p1b: Incineroar|1
|-damage|p1b: Incineroar|66/100
|-start|p1b: Incineroar|Throat Chop|[silent]
|move|p1b: Incineroar|Throat Chop|p2a: Toxapex
|-damage|p2a: Toxapex|62/100
|-start|p2a: Toxapex|Throat Chop|[silent]
|cant|p2a: Toxapex|flinch
|
|-heal|p2a: Toxapex|68/100|[from] item: Leftovers
|-damage|p1a: Aerodactyl|47/100|[from] move: Infestation|[partiallytrapped]
|-end|p2b: Incineroar|Throat Chop|[silent]
|upkeep
|turn|14
|
|t:|1784501157
|move|p2a: Toxapex|Wide Guard|p2a: Toxapex
|-singleturn|p2a: Toxapex|Wide Guard
|move|p1a: Aerodactyl|Rock Slide|p2b: Incineroar|[spread] 
|-activate|p2a: Toxapex|move: Wide Guard
|-activate|p2b: Incineroar|move: Wide Guard
|move|p2b: Incineroar|Throat Chop|p1a: Aerodactyl
|-damage|p1a: Aerodactyl|8/100
|-start|p1a: Aerodactyl|Throat Chop|[silent]
|move|p1b: Incineroar|Throat Chop|p2b: Incineroar
|-resisted|p2b: Incineroar|1
|-crit|p2b: Incineroar
|-damage|p2b: Incineroar|16/100
|-start|p2b: Incineroar|Throat Chop|[silent]
|
|-heal|p2a: Toxapex|73/100|[from] item: Leftovers
|-damage|p1a: Aerodactyl|0 fnt|[from] move: Infestation|[partiallytrapped]
|faint|p1a: Aerodactyl
|-end|p1b: Incineroar|Throat Chop|[silent]
|-end|p2a: Toxapex|Throat Chop|[silent]
|upkeep
|
|t:|1784501161
|switch|p1a: Venusaur|Venusaur, L50, F|1/100
|turn|15
|inactive|failandimprove5 has 30 seconds left.
|
|t:|1784501194
|move|p1a: Venusaur|Earth Power|p2a: Toxapex
|-supereffective|p2a: Toxapex|1
|-damage|p2a: Toxapex|19/100
|-damage|p1a: Venusaur|0 fnt|[from] item: Life Orb
|faint|p1a: Venusaur
|move|p2b: Incineroar|Throat Chop|p1b: Incineroar
|-resisted|p1b: Incineroar|1
|-damage|p1b: Incineroar|51/100
|-start|p1b: Incineroar|Throat Chop|[silent]
|move|p1b: Incineroar|Throat Chop|p2b: Incineroar
|-resisted|p2b: Incineroar|1
|-damage|p2b: Incineroar|7/100
|move|p2a: Toxapex|Infestation|p1b: Incineroar
|-damage|p1b: Incineroar|48/100
|-activate|p1b: Incineroar|move: Infestation|[of] p2a: Toxapex
|
|-heal|p2a: Toxapex|24/100|[from] item: Leftovers
|-damage|p1b: Incineroar|36/100|[from] move: Infestation|[partiallytrapped]
|-end|p2b: Incineroar|Throat Chop|[silent]
|upkeep
|turn|16
|
|t:|1784501202
|move|p2b: Incineroar|Throat Chop|p1b: Incineroar
|-resisted|p1b: Incineroar|1
|-damage|p1b: Incineroar|21/100
|move|p1b: Incineroar|Throat Chop|p2a: Toxapex
|-damage|p2a: Toxapex|7/100
|-start|p2a: Toxapex|Throat Chop|[silent]
|move|p2a: Toxapex|Toxic|p1b: Incineroar
|-status|p1b: Incineroar|tox
|
|-heal|p2a: Toxapex|13/100|[from] item: Leftovers
|-damage|p1b: Incineroar|15/100 tox|[from] psn
|-damage|p1b: Incineroar|2/100 tox|[from] move: Infestation|[partiallytrapped]
|-end|p1b: Incineroar|Throat Chop|[silent]
|upkeep
|turn|17
|
|t:|1784501206
|move|p2b: Incineroar|Throat Chop|p1b: Incineroar
|-resisted|p1b: Incineroar|1
|-damage|p1b: Incineroar|0 fnt
|faint|p1b: Incineroar
|
|win|failandimprove5
