|j|☆yunsen
|j|☆xMiQux
|html|yunsenxMiQux    
|uhtml|bestof|Game 1 of a best-of-3
|t:|1785258454
|gametype|doubles
|player|p1|yunsen|steven-masters|
|player|p2|xMiQux|red|
|gen|9
|tier|[Gen 9 Champions] VGC 2026 Reg M-B (Bo3)
|rule|Species Clause: Limit one of each Pokémon
|rule|Item Clause: Limit 1 of each item
|clearpoke
|poke|p1|Staraptor, L50, M|
|poke|p1|Vanilluxe, L50, M|
|poke|p1|Farigiraf, L50, M|
|poke|p1|Blastoise, L50, M|
|poke|p1|Kingambit, L50, F|
|poke|p1|Camerupt, L50, F|
|poke|p2|Raichu, L50, M|
|poke|p2|Ninetales-Alola, L50, F|
|poke|p2|Garchomp, L50, M|
|poke|p2|Whimsicott, L50, M|
|poke|p2|Venusaur, L50, M|
|poke|p2|Charizard, L50, M|
|teampreview|4
|showteam|p1|Staraptor||ChoiceScarf|Intimidate|FinalGambit,BraveBird,CloseCombat,Uturn|Jolly||M|||50|]Vanilluxe||NeverMeltIce|SnowWarning|Blizzard,FreezeDry,Protect,IceShard|Quiet||M|||50|]Farigiraf||SitrusBerry|ArmorTail|PsychicFangs,HyperVoice,HelpingHand,TrickRoom|Relaxed||M|||50|]Blastoise||Blastoisinite|Torrent|FakeOut,WaterSpout,AuraSphere,DarkPulse|Quiet||M|||50|]Kingambit||LifeOrb|Defiant|KowtowCleave,IronHead,Protect,SuckerPunch|Brave||F|||50|]Camerupt||Cameruptite|SolidRock|HeatWave,EarthPower,Protect,AncientPower|Quiet||F|||50|
|showteam|p2|Raichu||RaichuniteY|LightningRod|Protect,FocusBlast,ZapCannon,Encore|Timid||M|||50|]Ninetales-Alola||NeverMeltIce|SnowWarning|Protect,Blizzard,FreezeDry,Encore|Timid||F|||50|]Garchomp||LifeOrb|RoughSkin|Protect,DragonClaw,RockSlide,Earthquake|Jolly||M|||50|]Whimsicott||FocusSash|Prankster|Protect,Encore,Tailwind,Moonblast|Timid||M|||50|]Venusaur||Leftovers|Chlorophyll|EarthPower,SludgeBomb,WeatherBall,GrassKnot|Modest||M|||50|]Charizard||CharizarditeY|SolarPower|Protect,HeatWave,SolarBeam,WeatherBall|Modest||M|||50|
|inactive|Battle timer is ON: inactive players will automatically lose when time's up. (requested by yunsen)
|inactive|yunsen has 60 seconds left.
|inactive|xMiQux has 60 seconds left.
|inactive|xMiQux has 30 seconds left.
|inactive|xMiQux has 20 seconds left.
|inactiveoff|Battle timer is now OFF.
|
|t:|1785258532
|teamsize|p1|4
|teamsize|p2|4
|start
|switch|p1a: Farigiraf|Farigiraf, L50, M|100/100
|switch|p1b: Staraptor|Staraptor, L50, M|100/100
|switch|p2a: Ninetales|Ninetales-Alola, L50, F|100/100
|switch|p2b: Raichu|Raichu, L50, M|100/100
|-ability|p1b: Staraptor|Intimidate|boost
|-unboost|p2a: Ninetales|atk|1
|-unboost|p2b: Raichu|atk|1
|-weather|Snowscape|[from] ability: Snow Warning|[of] p2a: Ninetales
|turn|1
|
|t:|1785258575
|detailschange|p2b: Raichu|Raichu-Mega-Y, L50, M
|-mega|p2b: Raichu|Raichu|Raichunite Y
|move|p2b: Raichu|Protect|p2b: Raichu
|-singleturn|p2b: Raichu|Protect
|move|p1b: Staraptor|Final Gambit|p2b: Raichu
|-activate|p2b: Raichu|move: Protect
|move|p2a: Ninetales|Blizzard|p1a: Farigiraf|[spread] p1a,p1b
|-supereffective|p1b: Staraptor|1
|-damage|p1a: Farigiraf|66/100
|-damage|p1b: Staraptor|0 fnt
|faint|p1b: Staraptor
|move|p1a: Farigiraf|Trick Room|p1a: Farigiraf
|-fieldstart|move: Trick Room|[of] p1a: Farigiraf
|
|-weather|Snowscape|[upkeep]
|upkeep
|
|t:|1785258579
|switch|p1b: Camerupt|Camerupt, L50, F|100/100
|turn|2
|
|t:|1785258603
|switch|p2b: Garchomp|Garchomp, L50, M|100/100
|detailschange|p1b: Camerupt|Camerupt-Mega, L50, F
|-mega|p1b: Camerupt|Camerupt|Cameruptite
|move|p1a: Farigiraf|Helping Hand|p1b: Camerupt
|-singleturn|p1b: Camerupt|Helping Hand|[of] p1a: Farigiraf
|move|p1b: Camerupt|Heat Wave|p2b: Garchomp|[spread] p2a,p2b
|-supereffective|p2a: Ninetales|1
|-resisted|p2b: Garchomp|1
|-damage|p2a: Ninetales|0 fnt
|-damage|p2b: Garchomp|51/100
|faint|p2a: Ninetales
|
|-weather|Snowscape|[upkeep]
|upkeep
|
|t:|1785258614
|switch|p2a: Whimsicott|Whimsicott, L50, M|100/100
|turn|3
|
|t:|1785258627
|move|p2a: Whimsicott|Protect|p2a: Whimsicott
|-singleturn|p2a: Whimsicott|Protect
|move|p1b: Camerupt|Heat Wave|p2a: Whimsicott|[spread] p2b
|-activate|p2a: Whimsicott|move: Protect
|-resisted|p2b: Garchomp|1
|-crit|p2b: Garchomp
|-damage|p2b: Garchomp|8/100
|move|p1a: Farigiraf|Hyper Voice|p2a: Whimsicott|[spread] p2b
|-activate|p2a: Whimsicott|move: Protect
|-damage|p2b: Garchomp|0 fnt
|faint|p2b: Garchomp
|
|-weather|Snowscape|[upkeep]
|upkeep
|
|t:|1785258639
|switch|p2b: Raichu|Raichu-Mega-Y, L50, M|100/100
|turn|4
|
|t:|1785258666
|move|p1b: Camerupt|Heat Wave|p2b: Raichu|[spread] p2b
|-miss|p1b: Camerupt|p2a: Whimsicott
|-damage|p2b: Raichu|16/100
|move|p1a: Farigiraf|Hyper Voice|p2b: Raichu|[spread] p2a,p2b
|-damage|p2a: Whimsicott|58/100
|-damage|p2b: Raichu|0 fnt
|faint|p2b: Raichu
|move|p2a: Whimsicott|Moonblast|p1a: Farigiraf
|-damage|p1a: Farigiraf|33/100
|-enditem|p1a: Farigiraf|Sitrus Berry|[eat]
|-heal|p1a: Farigiraf|58/100|[from] item: Sitrus Berry
|
|-weather|Snowscape|[upkeep]
|upkeep
|turn|5
|-message|xMiQux forfeited.
|
|win|yunsen
|l|☆xMiQux
|player|p2|
||xMiQux is ready for game 2.
||yunsen is ready for game 2.
|uhtml|next|Next: Game 2 of 3
