|j|☆the_frantic_franxx
|j|☆Keith Jones
|html|the_frantic_franxxKeith Jones    
|uhtml|bestof|Game 2 of a best-of-3
|t:|1783424766
|gametype|doubles
|player|p1|the_frantic_franxx|1|1199
|player|p2|Keith Jones|benga|1405
|gen|9
|tier|[Gen 9 Champions] VGC 2026 Reg M-B (Bo3)
|rated|
|rule|Species Clause: Limit one of each Pokémon
|rule|Item Clause: Limit 1 of each item
|clearpoke
|poke|p1|Charizard, L50, F|
|poke|p1|Toxapex, L50, F|
|poke|p1|Garchomp, L50, F|
|poke|p1|Hydreigon, L50, M|
|poke|p1|Metagross, L50|
|poke|p1|Incineroar, L50, M|
|poke|p2|Kingambit, L50, F|
|poke|p2|Blaziken, L50, M|
|poke|p2|Basculegion, L50, M|
|poke|p2|Ninetales-Alola, L50, F|
|poke|p2|Aerodactyl, L50, F|
|poke|p2|Sinistcha, L50|
|teampreview|4
|showteam|p1|Charizard||CharizarditeY|SolarPower|HeatWave,WeatherBall,Protect,SolarBeam|Timid||F|||50|]Toxapex||Leftovers|Regenerator|BanefulBunker,Toxic,WideGuard,Infestation|Bold||F|||50|]Garchomp||LifeOrb|RoughSkin|DragonClaw,RockSlide,Earthquake,Protect|Jolly||F|||50|]Hydreigon||ChoiceScarf|Levitate|Snarl,HeatWave,DracoMeteor,DarkPulse|Modest||M|||50|]Metagross||Metagrossite|ClearBody|IronHead,BulletPunch,BodyPress,Protect|Jolly|||||50|]Incineroar||SitrusBerry|Intimidate|FakeOut,FlareBlitz,PartingShot,DarkestLariat|Careful||M|||50|
|showteam|p2|Kingambit||BlackGlasses|Defiant|KowtowCleave,SuckerPunch,IronHead,Protect|Adamant||F|||50|]Blaziken||Blazikenite|SpeedBoost|FlareBlitz,CloseCombat,RockSlide,Protect|Adamant||M|||50|]Basculegion||ChoiceScarf|Adaptability|WaveCrash,FlipTurn,AquaJet,LastRespects|Jolly||M|||50|]Ninetales-Alola||NeverMeltIce|SnowWarning|Blizzard,FreezeDry,AuroraVeil,Protect|Timid||F|||50|]Aerodactyl||FocusSash|Unnerve|RockSlide,DualWingbeat,Tailwind,Protect|Jolly||F|||50|]Sinistcha||KasibBerry|Hospitality|MatchaGotcha,RagePowder,TrickRoom,StrengthSap|Bold|||||50|
|
|t:|1783424783
|teamsize|p1|4
|teamsize|p2|4
|start
|switch|p1a: Garchomp|Garchomp, L50, F|100/100
|switch|p1b: Toxapex|Toxapex, L50, F|100/100
|switch|p2a: Blaziken|Blaziken, L50, M|100/100
|switch|p2b: Kingambit|Kingambit, L50, F|100/100
|turn|1
|
|t:|1783424812
|detailschange|p2a: Blaziken|Blaziken-Mega, L50, M
|-mega|p2a: Blaziken|Blaziken|Blazikenite
|move|p2a: Blaziken|Protect|p2a: Blaziken
|-singleturn|p2a: Blaziken|Protect
|move|p2b: Kingambit|Protect|p2b: Kingambit
|-singleturn|p2b: Kingambit|Protect
|move|p1a: Garchomp|Rock Slide|p2b: Kingambit|[spread] 
|-activate|p2a: Blaziken|move: Protect
|-activate|p2b: Kingambit|move: Protect
|move|p1b: Toxapex|Toxic|p2a: Blaziken
|-activate|p2a: Blaziken|move: Protect
|
|-ability|p2a: Blaziken|Speed Boost|boost
|-boost|p2a: Blaziken|spe|1
|upkeep
|turn|2
|
|t:|1783424827
|move|p1b: Toxapex|Wide Guard|p1b: Toxapex
|-singleturn|p1b: Toxapex|Wide Guard
|move|p2b: Kingambit|Sucker Punch|p1a: Garchomp
|-damage|p1a: Garchomp|52/100
|-damage|p2b: Kingambit|87/100|[from] ability: Rough Skin|[of] p1a: Garchomp
|move|p2a: Blaziken|Close Combat|p1a: Garchomp
|-damage|p1a: Garchomp|0 fnt
|-unboost|p2a: Blaziken|def|1
|-unboost|p2a: Blaziken|spd|1
|-damage|p2a: Blaziken|87/100|[from] ability: Rough Skin|[of] p1a: Garchomp
|faint|p1a: Garchomp
|
|-ability|p2a: Blaziken|Speed Boost|boost
|-boost|p2a: Blaziken|spe|1
|upkeep
|
|t:|1783424842
|switch|p1a: Charizard|Charizard, L50, F|100/100
|turn|3
|
|t:|1783424849
|move|p1a: Charizard|Protect|p1a: Charizard
|-singleturn|p1a: Charizard|Protect
|move|p2b: Kingambit|Sucker Punch||[still]
|-fail|p2b: Kingambit
|move|p2a: Blaziken|Flare Blitz|p1a: Charizard
|-activate|p1a: Charizard|move: Protect
|move|p1b: Toxapex|Infestation|p2b: Kingambit
|-damage|p2b: Kingambit|83/100
|-activate|p2b: Kingambit|move: Infestation|[of] p1b: Toxapex
|
|-damage|p2b: Kingambit|71/100|[from] move: Infestation|[partiallytrapped]
|-ability|p2a: Blaziken|Speed Boost|boost
|-boost|p2a: Blaziken|spe|1
|upkeep
|turn|4
|
|t:|1783424878
|switch|p1a: Metagross|Metagross, L50|100/100
|move|p2b: Kingambit|Sucker Punch||[still]
|-fail|p2b: Kingambit
|move|p2a: Blaziken|Flare Blitz|p1a: Metagross
|-supereffective|p1a: Metagross|1
|-damage|p1a: Metagross|0 fnt
|faint|p1a: Metagross
|-damage|p2a: Blaziken|54/100|[from] Recoil
|move|p1b: Toxapex|Toxic|p2a: Blaziken
|-status|p2a: Blaziken|tox
|
|-damage|p2a: Blaziken|49/100 tox|[from] psn
|-damage|p2b: Kingambit|58/100|[from] move: Infestation|[partiallytrapped]
|-ability|p2a: Blaziken|Speed Boost|boost
|-boost|p2a: Blaziken|spe|1
|upkeep
|
|t:|1783424880
|switch|p1a: Charizard|Charizard, L50, F|100/100
|turn|5
|
|t:|1783424895
|move|p2a: Blaziken|Protect|p2a: Blaziken
|-singleturn|p2a: Blaziken|Protect
|move|p1a: Charizard|Protect|p1a: Charizard
|-singleturn|p1a: Charizard|Protect
|move|p2b: Kingambit|Kowtow Cleave|p1b: Toxapex
|-damage|p1b: Toxapex|62/100
|move|p1b: Toxapex|Infestation|p2a: Blaziken
|-activate|p2a: Blaziken|move: Protect
|
|-heal|p1b: Toxapex|68/100|[from] item: Leftovers
|-damage|p2a: Blaziken|37/100 tox|[from] psn
|-damage|p2b: Kingambit|46/100|[from] move: Infestation|[partiallytrapped]
|-ability|p2a: Blaziken|Speed Boost|boost
|-boost|p2a: Blaziken|spe|1
|upkeep
|turn|6
|
|t:|1783424905
|detailschange|p1a: Charizard|Charizard-Mega-Y, L50, F
|-mega|p1a: Charizard|Charizard|Charizardite Y
|-weather|SunnyDay|[from] ability: Drought|[of] p1a: Charizard
|move|p1a: Charizard|Protect||[still]
|-fail|p1a: Charizard
|move|p2b: Kingambit|Sucker Punch||[still]
|-fail|p2b: Kingambit
|move|p2a: Blaziken|Rock Slide|p1b: Toxapex|[spread] p1a,p1b
|-supereffective|p1a: Charizard|2
|-damage|p1a: Charizard|0 fnt
|-damage|p1b: Toxapex|51/100
|faint|p1a: Charizard
|cant|p1b: Toxapex|flinch
|
|-weather|SunnyDay|[upkeep]
|-heal|p1b: Toxapex|57/100|[from] item: Leftovers
|-damage|p2a: Blaziken|20/100y tox|[from] psn
|-damage|p2b: Kingambit|33/100|[from] move: Infestation|[partiallytrapped]
|-ability|p2a: Blaziken|Speed Boost|boost
|-boost|p2a: Blaziken|spe|1
|upkeep
|turn|7
|-message|the_frantic_franxx forfeited.
|
|win|Keith Jones
|raw|the_frantic_franxx's rating: 1199 → 1187(-12 for losing)
|raw|Keith Jones's rating: 1405 → 1414(+9 for winning)
|l|☆the_frantic_franxx
|player|p1|
