|j|☆isthisbelias?
|j|☆almagroalanzarote
|html|isthisbelias?almagroalanzarote    
|uhtml|bestof|Game 1 of a best-of-3
|t:|1784043972
|gametype|doubles
|player|p1|isthisbelias?|janitor|1179
|player|p2|almagroalanzarote|nate|1148
|gen|9
|tier|[Gen 9 Champions] VGC 2026 Reg M-B (Bo3)
|rated|
|rule|Species Clause: Limit one of each Pokémon
|rule|Item Clause: Limit 1 of each item
|clearpoke
|poke|p1|Charizard, L50, F|
|poke|p1|Sinistcha, L50|
|poke|p1|Milotic, L50, M|
|poke|p1|Kingambit, L50, M|
|poke|p1|Whimsicott, L50, M|
|poke|p1|Farigiraf, L50, M|
|poke|p2|Grimmsnarl, L50, M|
|poke|p2|Venusaur, L50, M|
|poke|p2|Pelipper, L50, F|
|poke|p2|Archaludon, L50, F|
|poke|p2|Charizard, L50, F|
|poke|p2|Basculegion, L50, M|
|teampreview|4
|showteam|p1|Charizard||CharizarditeX|Blaze|FlareBlitz,DragonClaw,DragonDance,Protect|Adamant||F|||50|]Sinistcha||ColburBerry|Hospitality|MatchaGotcha,RagePowder,TrickRoom,LifeDew|Modest|||||50|]Milotic||Leftovers|Competitive|IcyWind,Scald,HelpingHand,Protect|Calm||M|||50|]Kingambit||BlackGlasses|Defiant|SuckerPunch,KowtowCleave,IronHead,Protect|Adamant||M|||50|]Whimsicott||FocusSash|Prankster|Taunt,Tailwind,Encore,Moonblast|Timid||M|||50|]Farigiraf||SitrusBerry|ArmorTail|TwinBeam,HelpingHand,TrickRoom,HyperVoice|Modest||M|||50|
|showteam|p2|Grimmsnarl||LightClay|Prankster|SpiritBreak,Reflect,LightScreen,PartingShot|Careful||M|||50|]Venusaur||FocusSash|Chlorophyll|SludgeBomb,EarthPower,SleepPowder,Protect|Modest||M|||50|]Pelipper||SitrusBerry|Drizzle|WeatherBall,Hurricane,Tailwind,WideGuard|Modest||F|||50|]Archaludon||Leftovers|Stamina|ElectroShot,FlashCannon,DragonPulse,Protect|Modest||F|||50|]Charizard||CharizarditeY|Blaze|WeatherBall,HeatWave,SolarBeam,Protect|Modest||F|||50|]Basculegion||ChoiceScarf|Adaptability|WaveCrash,FlipTurn,AquaJet,LastRespects|Jolly||M|||50|
|inactive|Battle timer is ON: inactive players will automatically lose when time's up. (requested by almagroalanzarote)
|inactive|isthisbelias? has 60 seconds left.
|inactive|almagroalanzarote has 60 seconds left.
|
|t:|1784044019
|teamsize|p1|4
|teamsize|p2|4
|start
|switch|p1a: Charizard|Charizard, L50, F|100/100
|switch|p1b: Whimsicott|Whimsicott, L50, M|100/100
|switch|p2a: Archaludon|Archaludon, L50, F|100/100
|switch|p2b: Pelipper|Pelipper, L50, F|100/100
|-weather|RainDance|[from] ability: Drizzle|[of] p2b: Pelipper
|turn|1
|
|t:|1784044040
|switch|p2b: Grimmsnarl|Grimmsnarl, L50, M|100/100
|detailschange|p1a: Charizard|Charizard-Mega-X, L50, F
|-mega|p1a: Charizard|Charizard|Charizardite X
|move|p1b: Whimsicott|Moonblast|p2b: Grimmsnarl
|-supereffective|p2b: Grimmsnarl|1
|-damage|p2b: Grimmsnarl|40/100
|-unboost|p2b: Grimmsnarl|spa|1
|move|p1a: Charizard|Dragon Dance|p1a: Charizard
|-boost|p1a: Charizard|atk|1
|-boost|p1a: Charizard|spe|1
|move|p2a: Archaludon|Dragon Pulse|p1a: Charizard
|-supereffective|p1a: Charizard|1
|-damage|p1a: Charizard|14/100
|
|-weather|RainDance|[upkeep]
|upkeep
|turn|2
|inactive|isthisbelias? has 30 seconds left.
|
|t:|1784044068
|move|p1b: Whimsicott|Encore|p2a: Archaludon
|-start|p2a: Archaludon|Encore
|move|p2b: Grimmsnarl|Reflect|p2b: Grimmsnarl
|-sidestart|p2: almagroalanzarote|Reflect
|move|p1a: Charizard|Flare Blitz|p2b: Grimmsnarl
|-damage|p2b: Grimmsnarl|0 fnt
|faint|p2b: Grimmsnarl
|-damage|p1a: Charizard|0 fnt|[from] Recoil
|faint|p1a: Charizard
|move|p2a: Archaludon|Dragon Pulse|p1b: Whimsicott
|-immune|p1b: Whimsicott
|
|-weather|RainDance|[upkeep]
|upkeep
|
|t:|1784044080
|switch|p1a: Kingambit|Kingambit, L50, M|100/100
|switch|p2b: Basculegion|Basculegion, L50, M|100/100
|turn|3
|
|t:|1784044099
|switch|p1b: Sinistcha|Sinistcha, L50|100/100
|switch|p2a: Pelipper|Pelipper, L50, F|100/100
|move|p1a: Kingambit|Protect|p1a: Kingambit
|-singleturn|p1a: Kingambit|Protect
|move|p2b: Basculegion|Aqua Jet|p1a: Kingambit
|-activate|p1a: Kingambit|move: Protect
|
|-weather|RainDance|[upkeep]
|upkeep
|turn|4
|
|t:|1784044112
|switch|p2b: Archaludon|Archaludon, L50, F|100/100
|move|p2a: Pelipper|Hurricane|p1b: Sinistcha
|-supereffective|p1b: Sinistcha|1
|-damage|p1b: Sinistcha|8/100
|-start|p1b: Sinistcha|confusion
|move|p1a: Kingambit|Kowtow Cleave|p2a: Pelipper
|-damage|p2a: Pelipper|57/100
|-activate|p1b: Sinistcha|confusion
|-damage|p1b: Sinistcha|3/100|[from] confusion
|
|-weather|RainDance|[upkeep]
|upkeep
|turn|5
|
|t:|1784044136
|move|p2b: Archaludon|Electro Shot||[still]
|-prepare|p2b: Archaludon|Electro Shot
|-boost|p2b: Archaludon|spa|1
|-anim|p2b: Archaludon|Electro Shot|p1a: Kingambit
|-damage|p1a: Kingambit|43/100
|move|p2a: Pelipper|Hurricane|p1b: Sinistcha
|-supereffective|p1b: Sinistcha|1
|-damage|p1b: Sinistcha|0 fnt
|faint|p1b: Sinistcha
|move|p1a: Kingambit|Kowtow Cleave|p2a: Pelipper
|-damage|p2a: Pelipper|16/100
|-enditem|p2a: Pelipper|Sitrus Berry|[eat]
|-heal|p2a: Pelipper|41/100|[from] item: Sitrus Berry
|
|-weather|none
|upkeep
|
|t:|1784044143
|switch|p1b: Whimsicott|Whimsicott, L50, M|100/100
|turn|6
|
|t:|1784044159
|switch|p2a: Basculegion|Basculegion, L50, M|100/100
|move|p1b: Whimsicott|Encore|p2b: Archaludon
|-start|p2b: Archaludon|Encore
|move|p2b: Archaludon|Electro Shot||[still]
|-prepare|p2b: Archaludon|Electro Shot
|-boost|p2b: Archaludon|spa|1
|move|p1a: Kingambit|Kowtow Cleave|p2a: Basculegion
|-supereffective|p2a: Basculegion|1
|-damage|p2a: Basculegion|10/100
|
|upkeep
|turn|7
|
|t:|1784044175
|move|p1a: Kingambit|Protect|p1a: Kingambit
|-singleturn|p1a: Kingambit|Protect
|move|p2a: Basculegion|Wave Crash|p1a: Kingambit
|-activate|p1a: Kingambit|move: Protect
|move|p1b: Whimsicott|Moonblast|p2a: Basculegion
|-damage|p2a: Basculegion|0 fnt
|faint|p2a: Basculegion
|move|p2b: Archaludon|Electro Shot|p1b: Whimsicott|[from] lockedmove
|-resisted|p1b: Whimsicott|1
|-damage|p1b: Whimsicott|37/100
|
|upkeep
|
|t:|1784044178
|switch|p2a: Pelipper|Pelipper, L50, F|41/100
|-weather|RainDance|[from] ability: Drizzle|[of] p2a: Pelipper
|turn|8
|
|t:|1784044187
|move|p1b: Whimsicott|Moonblast|p2b: Archaludon
|-damage|p2b: Archaludon|63/100
|-unboost|p2b: Archaludon|spa|1
|-ability|p2b: Archaludon|Stamina|boost
|-boost|p2b: Archaludon|def|1
|move|p2b: Archaludon|Electro Shot||[still]
|-prepare|p2b: Archaludon|Electro Shot
|-boost|p2b: Archaludon|spa|1
|-anim|p2b: Archaludon|Electro Shot|p1a: Kingambit
|-damage|p1a: Kingambit|0 fnt
|faint|p1a: Kingambit
|move|p2a: Pelipper|Tailwind|p2a: Pelipper
|-sidestart|p2: almagroalanzarote|move: Tailwind
|
|-weather|RainDance|[upkeep]
|-heal|p2b: Archaludon|69/100|[from] item: Leftovers
|-end|p2b: Archaludon|Encore
|upkeep
|turn|9
|
|t:|1784044205
|move|p2b: Archaludon|Flash Cannon|p1b: Whimsicott
|-supereffective|p1b: Whimsicott|1
|-damage|p1b: Whimsicott|0 fnt
|faint|p1b: Whimsicott
|
|win|almagroalanzarote
