|j|☆theycallmephones
|j|☆meattbone
|html|theycallmephonesmeattbone    
|uhtml|bestof|Game 3 of a best-of-3
|t:|1757810710
|gametype|doubles
|player|p1|theycallmephones|sabrina|
|player|p2|meattbone|dancer|
|gen|9
|tier|[Gen 9] VGC 2025 Reg H (Bo3)
|rule|Species Clause: Limit one of each Pokémon
|rule|Item Clause: Limit 1 of each item
|clearpoke
|poke|p1|Archaludon, L50, F|
|poke|p1|Pelipper, L50, M|
|poke|p1|Basculegion, L50, M|
|poke|p1|Gholdengo, L50|
|poke|p1|Ursaluna, L50, F|
|poke|p1|Amoonguss, L50, M|
|poke|p2|Dragonite, L50, M|
|poke|p2|Ursaluna-Bloodmoon, L50, M|
|poke|p2|Gholdengo, L50|
|poke|p2|Ninetales-Alola, L50, F|
|poke|p2|Annihilape, L50, M|
|poke|p2|Rillaboom, L50, F|
|teampreview|4
|showteam|p1|Archaludon||AssaultVest|Stamina|ElectroShot,FlashCannon,DracoMeteor,BodyPress|||F|||50|,,,,,Bug]Pelipper||FocusSash|Drizzle|WeatherBall,Tailwind,Hurricane,Protect|||M|||50|,,,,,Ground]Basculegion||ChoiceBand|SwiftSwim|WaveCrash,AquaJet,LastRespects,FlipTurn|||M|||50|,,,,,Water]Gholdengo||LifeOrb|GoodasGold|MakeItRain,ShadowBall,NastyPlot,Protect||||||50|,,,,,Water]Ursaluna||FlameOrb|Guts|Facade,HeadlongRush,Earthquake,Protect|||F|||50|,,,,,Ghost]Amoonguss||SitrusBerry|Regenerator|Spore,RagePowder,PollenPuff,Protect|||M|||50|,,,,,Psychic
|showteam|p2|Dragonite||LoadedDice|Multiscale|ScaleShot,ExtremeSpeed,Tailwind,Protect|||M|||50|,,,,,Normal]Ursaluna-Bloodmoon||AssaultVest|MindsEye|BloodMoon,EarthPower,VacuumWave,HyperVoice|||M|||50|,,,,,Water]Gholdengo||LifeOrb|GoodasGold|MakeItRain,ShadowBall,NastyPlot,Protect||||||50|,,,,,Water]Ninetales-Alola||FocusSash|SnowWarning|Blizzard,IcyWind,AuroraVeil,IcicleSpear|||F|||50|,,,,,Ghost]Annihilape||SafetyGoggles|Defiant|DrainPunch,RageFist,BulkUp,Protect|||M|||50|,,,,,Fire]Rillaboom||MiracleSeed|GrassySurge|GrassyGlide,WoodHammer,FakeOut,Protect|||F|||50|,,,,,Fire
|
|t:|1757810786
|teamsize|p1|4
|teamsize|p2|4
|start
|switch|p1a: Archaludon|Archaludon, L50, F, shiny|100/100
|switch|p1b: Gholdengo|Gholdengo, L50, shiny|100/100
|switch|p2a: Dragonite|Dragonite, L50, M|100/100
|switch|p2b: Gholdengo|Gholdengo, L50|100/100
|turn|1
|
|t:|1757810822
|switch|p1b: Pelipper|Pelipper, L50, M|100/100
|-weather|RainDance|[from] ability: Drizzle|[of] p1b: Pelipper
|switch|p2b: Ursaluna|Ursaluna-Bloodmoon, L50, M|100/100
|move|p2a: Dragonite|Tailwind|p2a: Dragonite
|-sidestart|p2: meattbone|move: Tailwind
|move|p1a: Archaludon|Electro Shot||[still]
|-prepare|p1a: Archaludon|Electro Shot
|-boost|p1a: Archaludon|spa|1
|-anim|p1a: Archaludon|Electro Shot|p2a: Dragonite
|-damage|p2a: Dragonite|66/100
|
|-weather|RainDance|[upkeep]
|upkeep
|turn|2
|
|t:|1757810863
|-terastallize|p1a: Archaludon|Bug
|move|p2a: Dragonite|Scale Shot|p1b: Pelipper
|-damage|p1b: Pelipper|80/100
|-damage|p1b: Pelipper|60/100
|-damage|p1b: Pelipper|40/100
|-damage|p1b: Pelipper|20/100
|-hitcount|p1b: Pelipper|4
|-unboost|p2a: Dragonite|def|1
|-boost|p2a: Dragonite|spe|1
|move|p2b: Ursaluna|Blood Moon|p1a: Archaludon
|-crit|p1a: Archaludon
|-damage|p1a: Archaludon|8/100
|-ability|p1a: Archaludon|Stamina|boost
|-boost|p1a: Archaludon|def|1
|move|p1a: Archaludon|Draco Meteor|p2b: Ursaluna
|-damage|p2b: Ursaluna|27/100
|-unboost|p1a: Archaludon|spa|2
|move|p1b: Pelipper|Tailwind|p1b: Pelipper
|-sidestart|p1: theycallmephones|move: Tailwind
|
|-weather|RainDance|[upkeep]
|upkeep
|turn|3
|
|t:|1757810904
|switch|p2a: Gholdengo|Gholdengo, L50|100/100
|move|p1a: Archaludon|Electro Shot||[still]
|-prepare|p1a: Archaludon|Electro Shot
|-boost|p1a: Archaludon|spa|1
|-anim|p1a: Archaludon|Electro Shot|p2a: Gholdengo
|-damage|p2a: Gholdengo|49/100
|move|p1b: Pelipper|Weather Ball|p2b: Ursaluna
|-supereffective|p2b: Ursaluna
|-damage|p2b: Ursaluna|0 fnt
|faint|p2b: Ursaluna
|
|-weather|RainDance|[upkeep]
|upkeep
|
|t:|1757810916
|switch|p2b: Ninetales|Ninetales-Alola, L50, F, shiny|100/100
|-weather|Snowscape|[from] ability: Snow Warning|[of] p2b: Ninetales
|turn|4
|
|t:|1757810964
|switch|p1b: Gholdengo|Gholdengo, L50, shiny|100/100
|move|p2b: Ninetales|Aurora Veil|p2b: Ninetales
|-sidestart|p2: meattbone|move: Aurora Veil
|move|p2a: Gholdengo|Nasty Plot|p2a: Gholdengo
|-boost|p2a: Gholdengo|spa|2
|move|p1a: Archaludon|Electro Shot||[still]
|-prepare|p1a: Archaludon|Electro Shot
|-boost|p1a: Archaludon|spa|1
|
|-weather|Snowscape|[upkeep]
|-sideend|p2: meattbone|move: Tailwind
|upkeep
|turn|5
|
|t:|1757810987
|move|p1b: Gholdengo|Protect|p1b: Gholdengo
|-singleturn|p1b: Gholdengo|Protect
|move|p2a: Gholdengo|Protect|p2a: Gholdengo
|-singleturn|p2a: Gholdengo|Protect
|move|p1a: Archaludon|Electro Shot|p2a: Gholdengo|[from] lockedmove
|-activate|p2a: Gholdengo|move: Protect
|move|p2b: Ninetales|Icy Wind|p1a: Archaludon|[spread] p1a
|-activate|p1b: Gholdengo|move: Protect
|-damage|p1a: Archaludon|0 fnt
|faint|p1a: Archaludon
|
|-weather|Snowscape|[upkeep]
|-sideend|p1: theycallmephones|move: Tailwind
|upkeep
|
|t:|1757811001
|switch|p1a: Ursaluna|Ursaluna, L50, F, shiny|100/100
|turn|6
|
|t:|1757811022
|switch|p2b: Dragonite|Dragonite, L50, M|66/100
|move|p1a: Ursaluna|Protect|p1a: Ursaluna
|-singleturn|p1a: Ursaluna|Protect
|move|p1b: Gholdengo|Shadow Ball|p2a: Gholdengo
|-supereffective|p2a: Gholdengo
|-damage|p2a: Gholdengo|0 fnt
|faint|p2a: Gholdengo
|-damage|p1b: Gholdengo|91/100|[from] item: Life Orb
|
|-weather|Snowscape|[upkeep]
|-status|p1a: Ursaluna|brn|[from] item: Flame Orb
|upkeep
|
|t:|1757811035
|switch|p2a: Ninetales|Ninetales-Alola, L50, F, shiny|100/100
|turn|7
|
|t:|1757811070
|switch|p1b: Pelipper|Pelipper, L50, M|20/100
|-weather|RainDance|[from] ability: Drizzle|[of] p1b: Pelipper
|move|p2a: Ninetales|Blizzard|p1a: Ursaluna|[spread] p1b
|-miss|p2a: Ninetales|p1a: Ursaluna
|-damage|p1b: Pelipper|0 fnt
|faint|p1b: Pelipper
|move|p2b: Dragonite|Scale Shot|p1a: Ursaluna
|-damage|p1a: Ursaluna|87/100 brn
|-damage|p1a: Ursaluna|74/100 brn
|-damage|p1a: Ursaluna|61/100 brn
|-damage|p1a: Ursaluna|49/100 brn
|-damage|p1a: Ursaluna|37/100 brn
|-hitcount|p1a: Ursaluna|5
|-unboost|p2b: Dragonite|def|1
|-boost|p2b: Dragonite|spe|1
|move|p1a: Ursaluna|Facade|p2b: Dragonite
|-damage|p2b: Dragonite|0 fnt
|faint|p2b: Dragonite
|
|-weather|RainDance|[upkeep]
|-damage|p1a: Ursaluna|31/100 brn|[from] brn
|upkeep
|
|t:|1757811091
|switch|p1b: Gholdengo|Gholdengo, L50, shiny|91/100
|turn|8
|
|t:|1757811135
|move|p2a: Ninetales|Blizzard|p1a: Ursaluna|[spread] 
|-miss|p2a: Ninetales|p1a: Ursaluna
|-miss|p2a: Ninetales|p1b: Gholdengo
|move|p1b: Gholdengo|Shadow Ball|p2a: Ninetales
|-damage|p2a: Ninetales|66/100
|-unboost|p2a: Ninetales|spd|1
|-damage|p1b: Gholdengo|82/100|[from] item: Life Orb
|move|p1a: Ursaluna|Headlong Rush|p2a: Ninetales
|-damage|p2a: Ninetales|0 fnt
|-unboost|p1a: Ursaluna|def|1
|-unboost|p1a: Ursaluna|spd|1
|faint|p2a: Ninetales
|
|win|theycallmephones
