|j|☆Romarijuan98
|j|☆craser13
|html|Romarijuan98craser13    
|uhtml|bestof|Game 3 of a best-of-3
|t:|1784586145
|gametype|doubles
|player|p1|Romarijuan98|266|
|player|p2|craser13|alder|
|gen|9
|tier|[Gen 9 Champions] VGC 2026 Reg M-B (Bo3)
|rule|Species Clause: Limit one of each Pokémon
|rule|Item Clause: Limit 1 of each item
|clearpoke
|poke|p1|Swampert, L50, M|
|poke|p1|Pelipper, L50, F|
|poke|p1|Farigiraf, L50, M|
|poke|p1|Sneasler, L50, F|
|poke|p1|Mawile, L50, M|
|poke|p1|Archaludon, L50, M|
|poke|p2|Floette-Eternal, L50, F|
|poke|p2|Charizard, L50, M|
|poke|p2|Garchomp, L50, M|
|poke|p2|Whimsicott, L50, F|
|poke|p2|Basculegion, L50, M|
|poke|p2|Kingambit, L50, F|
|teampreview|4
|showteam|p1|Swampert||Swampertite|Damp|IcePunch,WaveCrash,HighHorsepower,Protect|Adamant||M|||50|]Pelipper||LifeOrb|Drizzle|WeatherBall,Tailwind,Hurricane,WideGuard|Modest||F|||50|]Farigiraf||SitrusBerry|ArmorTail|Psychic,TrickRoom,Thunderbolt,HelpingHand|Bold||M|||50|]Sneasler||FocusSash|Unburden|FakeOut,Protect,DireClaw,CloseCombat|Jolly||F|||50|]Mawile||Mawilite|HyperCutter|PlayRough,SuckerPunch,SwordsDance,BrickBreak|Adamant||M|||50|]Archaludon||Leftovers|Stamina|ElectroShot,FlashCannon,DragonPulse,Protect|Modest||M|||50|
|showteam|p2|Floette-Eternal||Floettite|FlowerVeil|Moonblast,DazzlingGleam,LightofRuin,Protect|Modest||F|||50|]Charizard||CharizarditeY|Blaze|HeatWave,SolarBeam,WeatherBall,Protect|Timid||M|||50|]Garchomp||LifeOrb|RoughSkin|Earthquake,RockSlide,DragonClaw,Protect|Jolly||M|||50|]Whimsicott||FocusSash|Prankster|Moonblast,Tailwind,Encore,Protect|Timid||F|||50|]Basculegion||MysticWater|Adaptability|WaveCrash,LastRespects,AquaJet,Protect|Adamant||M|||50|]Kingambit||BlackGlasses|Defiant|KowtowCleave,SuckerPunch,LowKick,Protect|Adamant||F|||50|
|inactive|Battle timer is ON: inactive players will automatically lose when time's up. (requested by Romarijuan98)
|j| Drakengor
|j| Esponjo
|j| UpstartMannekin
|j| Miss It Rain
|inactive|Romarijuan98 has 60 seconds left.
|
|t:|1784586186
|teamsize|p1|4
|teamsize|p2|4
|start
|switch|p1a: Palindromo|Farigiraf, L50, M|100/100
|switch|p1b: Lordx|Mawile, L50, M|100/100
|switch|p2a: Whimsicott|Whimsicott, L50, F|100/100
|switch|p2b: Basculegion|Basculegion, L50, M|100/100
|turn|1
|inactive|Romarijuan98 has 30 seconds left.
|inactive|craser13 has 30 seconds left.
|inactive|craser13 has 20 seconds left.
|inactive|Romarijuan98 has 20 seconds left.
|inactive|craser13 has 15 seconds left.
|inactive|Romarijuan98 has 15 seconds left.
|
|t:|1784586231
|detailschange|p1b: Lordx|Mawile-Mega, L50, M
|-mega|p1b: Lordx|Mawile|Mawilite
|move|p2a: Whimsicott|Moonblast|p1a: Palindromo
|-damage|p1a: Palindromo|66/100
|-unboost|p1a: Palindromo|spa|1
|move|p2b: Basculegion|Wave Crash|p1b: Lordx
|-damage|p1b: Lordx|10/100
|-damage|p2b: Basculegion|76/100|[from] Recoil
|move|p1b: Lordx|Swords Dance|p1b: Lordx
|-boost|p1b: Lordx|atk|2
|move|p1a: Palindromo|Trick Room|p1a: Palindromo
|-fieldstart|move: Trick Room|[of] p1a: Palindromo
|
|upkeep
|turn|2
|inactive|Romarijuan98 has 30 seconds left.
|inactive|craser13 has 30 seconds left.
|inactive|craser13 has 20 seconds left.
|inactive|craser13 has 15 seconds left.
|inactive|Romarijuan98 has 20 seconds left.
|
|t:|1784586277
|move|p1a: Palindromo|Psychic|p2a: Whimsicott
|-damage|p2a: Whimsicott|62/100
|-unboost|p2a: Whimsicott|spd|1
|move|p1b: Lordx|Play Rough|p2a: Whimsicott|[miss]
|-miss|p1b: Lordx|p2a: Whimsicott
|move|p2b: Basculegion|Last Respects|p1b: Lordx
|-damage|p1b: Lordx|0 fnt
|faint|p1b: Lordx
|move|p2a: Whimsicott|Moonblast|p1a: Palindromo
|-damage|p1a: Palindromo|34/100
|-enditem|p1a: Palindromo|Sitrus Berry|[eat]
|-heal|p1a: Palindromo|59/100|[from] item: Sitrus Berry
|
|upkeep
|
|t:|1784586298
|switch|p1b: Fuentealbilla|Pelipper, L50, F|100/100
|-weather|RainDance|[from] ability: Drizzle|[of] p1b: Fuentealbilla
|turn|3
|inactive|Romarijuan98 has 30 seconds left.
|
|t:|1784586324
|move|p2a: Whimsicott|Protect|p2a: Whimsicott
|-singleturn|p2a: Whimsicott|Protect
|move|p2b: Basculegion|Protect|p2b: Basculegion
|-singleturn|p2b: Basculegion|Protect
|move|p1a: Palindromo|Thunderbolt|p2b: Basculegion
|-activate|p2b: Basculegion|move: Protect
|move|p1b: Fuentealbilla|Hurricane|p2a: Whimsicott
|-activate|p2a: Whimsicott|move: Protect
|
|-weather|RainDance|[upkeep]
|upkeep
|turn|4
|
|t:|1784586338
|switch|p2b: Kingambit|Kingambit, L50, F|100/100
|move|p1a: Palindromo|Thunderbolt|p2b: Kingambit
|-damage|p2b: Kingambit|85/100
|move|p1b: Fuentealbilla|Hurricane|p2b: Kingambit
|-resisted|p2b: Kingambit|1
|-damage|p2b: Kingambit|54/100
|-damage|p1b: Fuentealbilla|90/100|[from] item: Life Orb
|move|p2a: Whimsicott|Moonblast|p1a: Palindromo
|-damage|p1a: Palindromo|24/100
|
|-weather|RainDance|[upkeep]
|upkeep
|turn|5
|inactive|craser13 has 30 seconds left.
|
|t:|1784586364
|switch|p1a: Kevin Hart|Sneasler, L50, F|100/100
|move|p2b: Kingambit|Kowtow Cleave|p1a: Kevin Hart
|-resisted|p1a: Kevin Hart|1
|-damage|p1a: Kevin Hart|45/100
|move|p1b: Fuentealbilla|Tailwind|p1b: Fuentealbilla
|-sidestart|p1: Romarijuan98|move: Tailwind
|move|p2a: Whimsicott|Moonblast|p1a: Kevin Hart
|-damage|p1a: Kevin Hart|0 fnt
|faint|p1a: Kevin Hart
|
|-weather|RainDance|[upkeep]
|-fieldend|move: Trick Room
|upkeep
|
|t:|1784586374
|switch|p1a: Palindromo|Farigiraf, L50, M|24/100
|turn|6
|
|t:|1784586384
|move|p2a: Whimsicott|Moonblast|p1a: Palindromo
|-damage|p1a: Palindromo|0 fnt
|faint|p1a: Palindromo
|move|p1b: Fuentealbilla|Weather Ball|p2b: Kingambit
|-damage|p2b: Kingambit|0 fnt
|faint|p2b: Kingambit
|-damage|p1b: Fuentealbilla|80/100|[from] item: Life Orb
|
|-weather|RainDance|[upkeep]
|upkeep
|
|t:|1784586397
|switch|p2b: Floette|Floette-Eternal, L50, F|100/100
|turn|7
|
|t:|1784586416
|detailschange|p2b: Floette|Floette-Mega, L50, F
|-mega|p2b: Floette|Floette|Floettite
|-ability|p2b: Floette|Fairy Aura
|move|p2a: Whimsicott|Tailwind|p2a: Whimsicott
|-sidestart|p2: craser13|move: Tailwind
|move|p2b: Floette|Moonblast|p1b: Fuentealbilla
|-damage|p1b: Fuentealbilla|0 fnt
|faint|p1b: Fuentealbilla
|
|win|craser13
|l| Miss It Rain
