|j|☆mazto
|j|☆Mariquitavoir
|html|maztoMariquitavoir    
|uhtml|bestof|Game 1 of a best-of-3
|t:|1783005538
|gametype|doubles
|player|p1|mazto|hilbert|1205
|player|p2|Mariquitavoir|striker|1116
|gen|9
|tier|[Gen 9 Champions] VGC 2026 Reg M-B (Bo3)
|rated|
|rule|Species Clause: Limit one of each Pokémon
|rule|Item Clause: Limit 1 of each item
|clearpoke
|poke|p1|Grimmsnarl, L50, M|
|poke|p1|Swampert, L50, M|
|poke|p1|Pelipper, L50, F|
|poke|p1|Archaludon, L50, F|
|poke|p1|Sinistcha, L50|
|poke|p1|Metagross, L50|
|poke|p2|Gardevoir, L50, M|
|poke|p2|Aerodactyl, L50, F|
|poke|p2|Garchomp, L50, M|
|poke|p2|Gholdengo, L50|
|poke|p2|Maushold-Four, L50|
|poke|p2|Kingambit, L50, M|
|teampreview|4
|showteam|p1|Grimmsnarl||LightClay|Prankster|FoulPlay,Reflect,LightScreen,PartingShot|Careful||M|||50|]Swampert||Swampertite|Damp|WaveCrash,Earthquake,IcePunch,Protect|Adamant||M|||50|]Pelipper||FocusSash|Drizzle|WideGuard,Tailwind,WeatherBall,Hurricane|Timid||F|||50|]Archaludon||SitrusBerry|Stamina|ElectroShot,DragonPulse,FlashCannon,Protect|Bold||F|||50|]Sinistcha||CobaBerry|Hospitality|MatchaGotcha,RagePowder,TrickRoom,Protect|Bold|||||50|]Metagross||Metagrossite|ClearBody|PsychicFangs,StompingTantrum,IronHead,Protect|Jolly|||||50|
|showteam|p2|Gardevoir||Gardevoirite|Telepathy|HyperVoice,Psyshock,CalmMind,Protect|Modest||M|||50|]Aerodactyl||FocusSash|RockHead|DualWingbeat,RockSlide,Tailwind,Protect|Jolly||F|||50|]Garchomp||LifeOrb|RoughSkin|DragonClaw,Earthquake,StompingTantrum,Protect|Jolly||M|||50|]Gholdengo||MetalCoat|GoodasGold|MakeItRain,ShadowBall,NastyPlot,Protect|Modest|||||50|]Maushold-Four||WideLens|FriendGuard|FollowMe,Encore,PopulationBomb,Protect|Jolly|||||50|]Kingambit||ChopleBerry|Defiant|KowtowCleave,SuckerPunch,LowKick,Protect|Adamant||M|||50|
|inactive|Battle timer is ON: inactive players will automatically lose when time's up. (requested by mazto)
|inactive|Mariquitavoir has 60 seconds left.
|
|t:|1783005582
|teamsize|p1|4
|teamsize|p2|4
|start
|switch|p1a: Swampert|Swampert, L50, M|100/100
|switch|p1b: Pelipper|Pelipper, L50, F|100/100
|switch|p2a: Aerodactyl|Aerodactyl, L50, F|100/100
|switch|p2b: Gholdengo|Gholdengo, L50|100/100
|-weather|RainDance|[from] ability: Drizzle|[of] p1b: Pelipper
|turn|1
|
|t:|1783005595
|detailschange|p1a: Swampert|Swampert-Mega, L50, M
|-mega|p1a: Swampert|Swampert|Swampertite
|move|p1a: Swampert|Earthquake|p2a: Aerodactyl|[spread] p2b
|-immune|p1b: Pelipper
|-immune|p2a: Aerodactyl
|-supereffective|p2b: Gholdengo|1
|-damage|p2b: Gholdengo|1/100
|move|p2a: Aerodactyl|Tailwind|p2a: Aerodactyl
|-sidestart|p2: Mariquitavoir|move: Tailwind
|move|p2b: Gholdengo|Nasty Plot|p2b: Gholdengo
|-boost|p2b: Gholdengo|spa|2
|move|p1b: Pelipper|Tailwind|p1b: Pelipper
|-sidestart|p1: mazto|move: Tailwind
|
|-weather|RainDance|[upkeep]
|upkeep
|turn|2
|
|t:|1783005612
|move|p2b: Gholdengo|Protect|p2b: Gholdengo
|-singleturn|p2b: Gholdengo|Protect
|move|p1a: Swampert|Earthquake|p2a: Aerodactyl|[spread] 
|-activate|p2b: Gholdengo|move: Protect
|-immune|p1b: Pelipper
|-immune|p2a: Aerodactyl
|move|p2a: Aerodactyl|Rock Slide|p1a: Swampert|[spread] p1a,p1b
|-resisted|p1a: Swampert|1
|-supereffective|p1b: Pelipper|1
|-damage|p1a: Swampert|88/100
|-damage|p1b: Pelipper|28/100
|move|p1b: Pelipper|Weather Ball|p2a: Aerodactyl
|-supereffective|p2a: Aerodactyl|1
|-enditem|p2a: Aerodactyl|Focus Sash
|-damage|p2a: Aerodactyl|1/100
|
|-weather|RainDance|[upkeep]
|upkeep
|turn|3
|
|t:|1783005636
|switch|p1b: Sinistcha|Sinistcha, L50|100/100
|-heal|p1a: Swampert|100/100|[from] ability: Hospitality|[of] p1b: Sinistcha
|move|p1a: Swampert|Earthquake|p2b: Gholdengo|[spread] p1b,p2b
|-immune|p2a: Aerodactyl
|-resisted|p1b: Sinistcha|1
|-crit|p1b: Sinistcha
|-supereffective|p2b: Gholdengo|1
|-damage|p1b: Sinistcha|70/100
|-damage|p2b: Gholdengo|0 fnt
|faint|p2b: Gholdengo
|move|p2a: Aerodactyl|Dual Wingbeat|p1b: Sinistcha
|-supereffective|p1b: Sinistcha|1
|-enditem|p1b: Sinistcha|Coba Berry|[eat]
|-enditem|p1b: Sinistcha|Coba Berry|[weaken]
|-damage|p1b: Sinistcha|56/100
|-supereffective|p1b: Sinistcha|1
|-damage|p1b: Sinistcha|29/100
|-hitcount|p1b: Sinistcha|2
|
|-weather|RainDance|[upkeep]
|upkeep
|
|t:|1783005650
|switch|p2b: Gardevoir|Gardevoir, L50, M|100/100
|turn|4
|
|t:|1783005663
|move|p2b: Gardevoir|Protect|p2b: Gardevoir
|-singleturn|p2b: Gardevoir|Protect
|move|p1a: Swampert|Wave Crash|p2b: Gardevoir
|-activate|p2b: Gardevoir|move: Protect
|move|p2a: Aerodactyl|Dual Wingbeat|p1b: Sinistcha
|-supereffective|p1b: Sinistcha|1
|-damage|p1b: Sinistcha|0 fnt
|faint|p1b: Sinistcha
|-hitcount|p1: Sinistcha|1
|
|-weather|RainDance|[upkeep]
|-sideend|p1: mazto|move: Tailwind
|-sideend|p2: Mariquitavoir|move: Tailwind
|upkeep
|
|t:|1783005669
|switch|p1b: Archaludon|Archaludon, L50, F|100/100
|turn|5
|
|t:|1783005678
|detailschange|p2b: Gardevoir|Gardevoir-Mega, L50, M
|-mega|p2b: Gardevoir|Gardevoir|Gardevoirite
|move|p1a: Swampert|Wave Crash|p2b: Gardevoir
|-damage|p2b: Gardevoir|0 fnt
|faint|p2b: Gardevoir
|-damage|p1a: Swampert|68/100|[from] Recoil
|move|p2a: Aerodactyl|Tailwind|p2a: Aerodactyl
|-sidestart|p2: Mariquitavoir|move: Tailwind
|move|p1b: Archaludon|Electro Shot||[still]
|-prepare|p1b: Archaludon|Electro Shot
|-boost|p1b: Archaludon|spa|1
|-anim|p1b: Archaludon|Electro Shot|p2a: Aerodactyl
|-supereffective|p2a: Aerodactyl|1
|-damage|p2a: Aerodactyl|0 fnt
|faint|p2a: Aerodactyl
|
|-weather|none
|upkeep
|-message|Mariquitavoir forfeited.
|
|win|mazto
||Mariquitavoir is ready for game 2.
||mazto is ready for game 2.
|uhtml|next|Next: Game 2 of 3
