|j|‽M1ido
|j|☆raksbach
|html|M1idoraksbach    
|uhtml|bestof|Game 1 of a best-of-3
|t:|1782311568
|gametype|doubles
|player|p1|M1ido|scientist-gen4|1137
|player|p2|raksbach|265|1145
|gen|9
|tier|[Gen 9 Champions] VGC 2026 Reg M-B (Bo3)
|rated|
|rule|Species Clause: Limit one of each Pokémon
|rule|Item Clause: Limit 1 of each item
|clearpoke
|poke|p1|Pelipper, L50, M, shiny|
|poke|p1|Sneasler, L50, M, shiny|
|poke|p1|Gholdengo, L50|
|poke|p1|Archaludon, L50, M, shiny|
|poke|p1|Dragonite, L50, F, shiny|
|poke|p1|Swampert, L50, M, shiny|
|poke|p2|Vileplume, L50, M|
|poke|p2|Kangaskhan, L50, F|
|poke|p2|Farigiraf, L50, F|
|poke|p2|Sneasler, L50, F|
|poke|p2|Staraptor, L50, M|
|poke|p2|Torkoal, L50, M|
|teampreview|4
|showteam|p1|Pelipper||SitrusBerry|Drizzle|WeatherBall,WideGuard,Hurricane,Tailwind|Modest||M|||50|]Sneasler||WhiteHerb|Unburden|CloseCombat,DireClaw,FakeOut,Protect|Adamant||M|||50|]Gholdengo||FocusSash|GoodasGold|MakeItRain,ShadowBall,NastyPlot,Protect|Modest|||||50|]Archaludon||Leftovers|Stamina|ElectroShot,DragonPulse,FlashCannon,Protect|Modest||M|||50|]Dragonite||Dragoninite|InnerFocus|DragonPulse,Hurricane,Tailwind,Protect|Modest||F|||50|]Swampert||Swampertite|Damp|WaveCrash,HighHorsepower,IcePunch,Protect|Adamant||M|||50|
|showteam|p2|Vileplume||FocusSash|Chlorophyll|LeafStorm,SleepPowder,SludgeBomb,AfterYou|Timid||M|||50|]Kangaskhan||Kangaskhanite|Scrappy|FakeOut,DoubleEdge,Crunch,HammerArm|Brave||F|||50|]Farigiraf||SitrusBerry|ArmorTail|TrickRoom,Protect,HelpingHand,TwinBeam|Relaxed||F|||50|]Sneasler||MentalHerb|Unburden|FakeOut,CloseCombat,DireClaw,ThroatChop|Adamant||F|||50|]Staraptor||ChoiceScarf|Intimidate|BraveBird,CloseCombat,Uturn,FinalGambit|Adamant||M|||50|]Torkoal||Charcoal|Drought|Eruption,WeatherBall,Protect,HelpingHand|Quiet||M|||50|
|inactive|Battle timer is ON: inactive players will automatically lose when time's up. (requested by raksbach)
|inactive|M1ido has 60 seconds left.
|inactive|raksbach has 60 seconds left.
|
|t:|1782311612
|teamsize|p1|4
|teamsize|p2|4
|start
|switch|p1a: Dragonite|Dragonite, L50, F, shiny|100/100
|switch|p1b: Sneasler|Sneasler, L50, M, shiny|100/100
|switch|p2a: Farigiraf|Farigiraf, L50, F|100/100
|switch|p2b: Staraptor|Staraptor, L50, M|100/100
|-ability|p2b: Staraptor|Intimidate|boost
|-fail|p1a: Dragonite|unboost|Attack|[from] ability: Inner Focus|[of] p1a: Dragonite
|-unboost|p1b: Sneasler|atk|1
|-enditem|p1b: Sneasler|White Herb
|-clearnegativeboost|p1b: Sneasler|[silent]
|turn|1
|inactive|M1ido has 30 seconds left.
|inactive|raksbach has 30 seconds left.
|inactive|raksbach has 20 seconds left.
|inactive|raksbach has 15 seconds left.
|inactive|raksbach has 10 seconds left.
|inactive|raksbach has 5 seconds left.
|
|t:|1782311665
|switch|p1a: Gholdengo|Gholdengo, L50|100/100
|move|p1b: Sneasler|Dire Claw|p2b: Staraptor
|-damage|p2b: Staraptor|43/100
|move|p2b: Staraptor|Brave Bird|p1b: Sneasler
|-supereffective|p1b: Sneasler|1
|-damage|p1b: Sneasler|0 fnt
|faint|p1b: Sneasler
|-damage|p2b: Staraptor|15/100|[from] Recoil
|move|p2a: Farigiraf|Trick Room|p2a: Farigiraf
|-fieldstart|move: Trick Room|[of] p2a: Farigiraf
|
|upkeep
|
|t:|1782311687
|switch|p1b: Dragonite|Dragonite, L50, F, shiny|100/100
|turn|2
|inactive|raksbach has 30 seconds left.
|inactive|raksbach has 20 seconds left.
|
|t:|1782311723
|detailschange|p1b: Dragonite|Dragonite-Mega, L50, F, shiny
|-mega|p1b: Dragonite|Dragonite|Dragoninite
|move|p2a: Farigiraf|Protect|p2a: Farigiraf
|-singleturn|p2a: Farigiraf|Protect
|move|p1a: Gholdengo|Nasty Plot|p1a: Gholdengo
|-boost|p1a: Gholdengo|spa|2
|move|p1b: Dragonite|Dragon Pulse|p2b: Staraptor
|-damage|p2b: Staraptor|0 fnt
|faint|p2b: Staraptor
|
|upkeep
|
|t:|1782311734
|switch|p2b: Torkoal|Torkoal, L50, M|100/100
|-weather|SunnyDay|[from] ability: Drought|[of] p2b: Torkoal
|turn|3
|
|t:|1782311750
|switch|p1b: Pelipper|Pelipper, L50, M, shiny|100/100
|-weather|RainDance|[from] ability: Drizzle|[of] p1b: Pelipper
|move|p2b: Torkoal|Eruption|p1a: Gholdengo|[spread] p1a,p1b
|-supereffective|p1a: Gholdengo|1
|-resisted|p1b: Pelipper|1
|-damage|p1a: Gholdengo|29/100
|-damage|p1b: Pelipper|83/100
|move|p2a: Farigiraf|Twin Beam|p1a: Gholdengo
|-resisted|p1a: Gholdengo|1
|-damage|p1a: Gholdengo|20/100y
|-resisted|p1a: Gholdengo|1
|-damage|p1a: Gholdengo|11/100
|-hitcount|p1a: Gholdengo|2
|move|p1a: Gholdengo|Make It Rain|p2b: Torkoal|[spread] p2a,p2b
|-resisted|p2b: Torkoal|1
|-damage|p2a: Farigiraf|6/100
|-damage|p2b: Torkoal|35/100
|-unboost|p1a: Gholdengo|spa|2
|-enditem|p2a: Farigiraf|Sitrus Berry|[eat]
|-heal|p2a: Farigiraf|31/100|[from] item: Sitrus Berry
|
|-weather|RainDance|[upkeep]
|upkeep
|turn|4
|inactive|M1ido has 30 seconds left.
|inactive|raksbach has 30 seconds left.
|inactive|M1ido has 20 seconds left.
|inactive|M1ido has 15 seconds left.
|
|t:|1782311791
|switch|p2b: Kangaskhan|Kangaskhan, L50, F|100/100
|move|p2a: Farigiraf|Twin Beam|p1a: Gholdengo
|-resisted|p1a: Gholdengo|1
|-damage|p1a: Gholdengo|1/100
|-resisted|p1a: Gholdengo|1
|-damage|p1a: Gholdengo|0 fnt
|faint|p1a: Gholdengo
|-hitcount|p1: Gholdengo|2
|move|p1b: Pelipper|Weather Ball|p2a: Farigiraf
|-damage|p2a: Farigiraf|0 fnt
|faint|p2a: Farigiraf
|
|-weather|RainDance|[upkeep]
|upkeep
|
|t:|1782311803
|switch|p2a: Torkoal|Torkoal, L50, M|35/100
|switch|p1a: Dragonite|Dragonite-Mega, L50, F, shiny|100/100
|-weather|SunnyDay|[from] ability: Drought|[of] p2a: Torkoal
|turn|5
|inactive|M1ido has 30 seconds left.
|
|t:|1782311835
|detailschange|p2b: Kangaskhan|Kangaskhan-Mega, L50, F
|-mega|p2b: Kangaskhan|Kangaskhan|Kangaskhanite
|move|p2a: Torkoal|Helping Hand|p2b: Kangaskhan
|-singleturn|p2b: Kangaskhan|Helping Hand|[of] p2a: Torkoal
|move|p1b: Pelipper|Weather Ball|p2b: Kangaskhan
|-damage|p2b: Kangaskhan|67/100
|move|p2b: Kangaskhan|Double-Edge|p1a: Dragonite
|-damage|p1a: Dragonite|57/100
|-damage|p1a: Dragonite|33/100
|-hitcount|p1a: Dragonite|2
|-damage|p2b: Kangaskhan|50/100y|[from] Recoil
|move|p1a: Dragonite|Dragon Pulse|p2a: Torkoal
|-damage|p2a: Torkoal|0 fnt
|faint|p2a: Torkoal
|
|-weather|SunnyDay|[upkeep]
|-fieldend|move: Trick Room
|upkeep
|turn|6
|
|t:|1782311855
|move|p1a: Dragonite|Dragon Pulse|p2b: Kangaskhan
|-damage|p2b: Kangaskhan|6/100
|move|p2b: Kangaskhan|Double-Edge|p1a: Dragonite
|-damage|p1a: Dragonite|0 fnt
|faint|p1a: Dragonite
|-damage|p2b: Kangaskhan|0 fnt|[from] Recoil
|faint|p2b: Kangaskhan
|
|win|M1ido
