|j|☆monkey d daniiz
|j|☆RebL123
|html|monkey d daniizRebL123    
|uhtml|bestof|Game 1 of a best-of-3
|t:|1757082835
|gametype|doubles
|player|p1|monkey d daniiz|buck|1159
|player|p2|RebL123|psychicf-gen4|1215
|gen|9
|tier|[Gen 9] VGC 2025 Reg H (Bo3)
|rated|
|rule|Species Clause: Limit one of each Pokémon
|rule|Item Clause: Limit 1 of each item
|clearpoke
|poke|p1|Sneasler, L50, F|
|poke|p1|Rillaboom, L50, F|
|poke|p1|Basculegion, L50, M|
|poke|p1|Volcarona, L50, F|
|poke|p1|Kingambit, L50, M|
|poke|p1|Electabuzz, L50, F|
|poke|p2|Gholdengo, L50|
|poke|p2|Murkrow, L50, F|
|poke|p2|Dragonite, L50, M|
|poke|p2|Ninetales-Alola, L50, M|
|poke|p2|Sneasler, L50, M|
|poke|p2|Rillaboom, L50, M|
|teampreview|4
|showteam|p1|Sneasler||FocusSash|Unburden|CloseCombat,DireClaw,Protect,FakeOut|||F|||50|,,,,,Stellar]Rillaboom||AssaultVest|GrassySurge|GrassyGlide,FakeOut,WoodHammer,HighHorsepower|||F|||50|,,,,,Fire]Basculegion||ChoiceScarf|Adaptability|WaveCrash,FlipTurn,LastRespects,TeraBlast|||M|||50|,,,,,Fairy]Volcarona||CovertCloak|FlameBody|HeatWave,TeraBlast,QuiverDance,Protect|||F|||50|,,,,,Ground]Kingambit||BlackGlasses|Defiant|KowtowCleave,SuckerPunch,SwordsDance,Protect|||M|||50|,,,,,Dark]Electabuzz||Eviolite|VitalSpirit|Electroweb,FollowMe,Taunt,Protect|||F|||50|,,,,,Ghost
|showteam|p2|Gholdengo||ChoiceSpecs|GoodasGold|MakeItRain,ShadowBall,Thunderbolt,Trick||||||50|,,,,,Steel]Murkrow||Eviolite|Prankster|DualWingbeat,Tailwind,Haze,ThunderWave|||F|||50|,,,,,Ghost]Dragonite||LoadedDice|Multiscale|ScaleShot,StompingTantrum,Haze,Protect|||M|||50|,,,,,Fairy]Ninetales-Alola||CovertCloak|SnowWarning|Blizzard,AuroraVeil,FreezeDry,Protect|||M|||50|,,,,,Water]Sneasler||GrassySeed|Unburden|CloseCombat,DireClaw,Coaching,FakeOut|||M|||50|,,,,,Dark]Rillaboom||AssaultVest|GrassySurge|GrassyGlide,WoodHammer,Uturn,FakeOut|||M|||50|,,,,,Fire
|inactive|Battle timer is ON: inactive players will automatically lose when time's up. (requested by monkey d daniiz)
|inactive|RebL123 also wants the timer to be on.
|inactive|monkey d daniiz has 60 seconds left.
|inactive|RebL123 has 60 seconds left.
|inactive|RebL123 has 30 seconds left.
|inactive|RebL123 has 20 seconds left.
|
|t:|1757082910
|teamsize|p1|4
|teamsize|p2|4
|start
|switch|p1a: Sneasler|Sneasler, L50, F|100/100
|switch|p1b: Basculegion|Basculegion, L50, M|100/100
|switch|p2a: Dragonite|Dragonite, L50, M|100/100
|switch|p2b: Sneasler|Sneasler, L50, M|100/100
|turn|1
|inactive|monkey d daniiz has 30 seconds left.
|inactive|monkey d daniiz has 20 seconds left.
|
|t:|1757082949
|move|p1a: Sneasler|Fake Out|p2a: Dragonite
|-damage|p2a: Dragonite|93/100
|move|p2b: Sneasler|Fake Out|p1a: Sneasler
|-damage|p1a: Sneasler|77/100
|move|p1b: Basculegion|Wave Crash|p2b: Sneasler
|-damage|p2b: Sneasler|0 fnt
|faint|p2b: Sneasler
|-damage|p1b: Basculegion|74/100|[from] Recoil
|cant|p2a: Dragonite|flinch
|
|upkeep
|
|t:|1757082954
|switch|p2b: Rilladoom|Rillaboom, L50, M|100/100
|-fieldstart|move: Grassy Terrain|[from] ability: Grassy Surge|[of] p2b: Rilladoom
|turn|2
|inactive|RebL123 has 30 seconds left.
|
|t:|1757082981
|switch|p1b: Rillaboom|Rillaboom, L50, F|100/100
|move|p1a: Sneasler|Protect|p1a: Sneasler
|-singleturn|p1a: Sneasler|Protect
|move|p2a: Dragonite|Scale Shot|p1b: Rillaboom
|-damage|p1b: Rillaboom|87/100
|-damage|p1b: Rillaboom|73/100
|-crit|p1b: Rillaboom
|-damage|p1b: Rillaboom|52/100
|-damage|p1b: Rillaboom|37/100
|-hitcount|p1b: Rillaboom|4
|-unboost|p2a: Dragonite|def|1
|-boost|p2a: Dragonite|spe|1
|move|p2b: Rilladoom|Wood Hammer|p1b: Rillaboom
|-resisted|p1b: Rillaboom
|-damage|p1b: Rillaboom|0 fnt
|faint|p1b: Rillaboom
|-damage|p2b: Rilladoom|87/100|[from] Recoil
|
|-heal|p1a: Sneasler|83/100|[from] Grassy Terrain
|-heal|p2b: Rilladoom|94/100|[from] Grassy Terrain
|upkeep
|
|t:|1757082995
|switch|p1b: Volcarona|Volcarona, L50, F|100/100
|turn|3
|inactive|monkey d daniiz has 30 seconds left.
|
|t:|1757083027
|switch|p1a: Basculegion|Basculegion, L50, M|74/100
|move|p2b: Rilladoom|Grassy Glide|p1a: Basculegion
|-supereffective|p1a: Basculegion
|-damage|p1a: Basculegion|0 fnt
|faint|p1a: Basculegion
|move|p2a: Dragonite|Scale Shot|p1b: Volcarona
|-crit|p1b: Volcarona
|-damage|p1b: Volcarona|69/100
|-damage|p1b: Volcarona|49/100
|-damage|p1b: Volcarona|30/100
|-damage|p1b: Volcarona|12/100
|-hitcount|p1b: Volcarona|4
|-unboost|p2a: Dragonite|def|1
|-boost|p2a: Dragonite|spe|1
|move|p1b: Volcarona|Heat Wave|p2a: Dragonite|[spread] p2a,p2b
|-resisted|p2a: Dragonite
|-supereffective|p2b: Rilladoom
|-damage|p2a: Dragonite|72/100
|-damage|p2b: Rilladoom|43/100
|
|-heal|p1b: Volcarona|18/100|[from] Grassy Terrain
|-heal|p2b: Rilladoom|49/100|[from] Grassy Terrain
|upkeep
|
|t:|1757083035
|switch|p1a: Sneasler|Sneasler, L50, F|83/100
|turn|4
|inactive|RebL123 has 30 seconds left.
|
|t:|1757083066
|-terastallize|p1a: Sneasler|Stellar
|move|p1b: Volcarona|Protect|p1b: Volcarona
|-singleturn|p1b: Volcarona|Protect
|move|p1a: Sneasler|Fake Out|p2a: Dragonite
|-damage|p2a: Dragonite|35/100
|cant|p2a: Dragonite|flinch
|move|p2b: Rilladoom|U-turn|p1b: Volcarona
|-activate|p1b: Volcarona|move: Protect
|
|-heal|p1a: Sneasler|88/100|[from] Grassy Terrain
|-heal|p1b: Volcarona|24/100|[from] Grassy Terrain
|-heal|p2b: Rilladoom|55/100|[from] Grassy Terrain
|upkeep
|turn|5
|
|t:|1757083079
|move|p2a: Dragonite|Scale Shot|p1a: Sneasler
|-damage|p1a: Sneasler|61/100
|-damage|p1a: Sneasler|36/100
|-damage|p1a: Sneasler|10/100
|-damage|p1a: Sneasler|0 fnt
|faint|p1a: Sneasler
|-hitcount|p1: Sneasler|4
|-unboost|p2a: Dragonite|def|1
|-boost|p2a: Dragonite|spe|1
|move|p1b: Volcarona|Quiver Dance|p1b: Volcarona
|-boost|p1b: Volcarona|spa|1
|-boost|p1b: Volcarona|spd|1
|-boost|p1b: Volcarona|spe|1
|move|p2b: Rilladoom|Wood Hammer|p1b: Volcarona
|-resisted|p1b: Volcarona
|-damage|p1b: Volcarona|0 fnt
|-status|p2b: Rilladoom|brn|[from] ability: Flame Body|[of] p1b: Volcarona
|faint|p1b: Volcarona
|-damage|p2b: Rilladoom|48/100 brn|[from] Recoil
|
|win|RebL123
||monkey d daniiz is ready for game 2.
