|j|☆Slim Shady LPVGC
|j|☆nocturnallynoct
|html|Slim Shady LPVGCnocturnallynoct    
|uhtml|bestof|Game 3 of a best-of-3
|t:|1756674959
|gametype|doubles
|player|p1|Slim Shady LPVGC|cynthia|1150
|player|p2|nocturnallynoct|266|1094
|gen|9
|tier|[Gen 9] VGC 2025 Reg H (Bo3)
|rated|
|rule|Species Clause: Limit one of each Pokémon
|rule|Item Clause: Limit 1 of each item
|clearpoke
|poke|p1|Whimsicott, L50, M|
|poke|p1|Dragapult, L50, M|
|poke|p1|Gholdengo, L50|
|poke|p1|Sneasler, L50, M|
|poke|p1|Hydreigon, L50, F|
|poke|p1|Amoonguss, L50, F|
|poke|p2|Sneasler, L50, M|
|poke|p2|Indeedee, L50, M|
|poke|p2|Tyranitar, L50, M|
|poke|p2|Ursaluna-Bloodmoon, L50, M|
|poke|p2|Electabuzz, L50, M|
|poke|p2|Talonflame, L50, M|
|teampreview|4
|showteam|p1|Whimsicott||CovertCloak|Prankster|Moonblast,Tailwind,Encore,FakeTears|||M|||50|,,,,,Dark]Dragapult||ChoiceBand|ClearBody|DragonDarts,PhantomForce,SuckerPunch,Uturn|||M|||50|,,,,,Dragon]Gholdengo||MetalCoat|GoodasGold|Protect,MakeItRain,ShadowBall,NastyPlot||||||50|,,,,,Steel]Sneasler||WhiteHerb|Unburden|Protect,DireClaw,CloseCombat,FakeOut|||M|||50|,,,,,Stellar]Hydreigon||LifeOrb|Levitate|Protect,DracoMeteor,DarkPulse,EarthPower|||F|||50|,,,,,Ghost]Amoonguss||MentalHerb|Regenerator|Protect,RagePowder,PollenPuff,Spore|||F|||50|,,,,,Water
|showteam|p2|Sneasler||PsychicSeed|Unburden|DireClaw,CloseCombat,ThroatChop,Protect|||M|||50|,,,,,Dark]Indeedee||FocusSash|PsychicSurge|ExpandingForce,TeraBlast,Protect,TrickRoom|||M|||50|,,,,,Fighting]Tyranitar||AssaultVest|SandStream|RockSlide,KnockOff,LowKick,TeraBlast|||M|||50|,,,,,Flying]Ursaluna-Bloodmoon||LifeOrb|MindsEye|BloodMoon,HyperVoice,EarthPower,Protect|||M|||50|,,,,,Normal]Electabuzz||Eviolite|VitalSpirit|Electroweb,FollowMe,Taunt,Protect|||M|||50|,,,,,Dragon]Talonflame||CovertCloak|GaleWings|DualWingbeat,FlareBlitz,Tailwind,WillOWisp|||M|||50|,,,,,Fairy
|inactive|Battle timer is ON: inactive players will automatically lose when time's up. (requested by Slim Shady LPVGC)
|inactive|nocturnallynoct also wants the timer to be on.
|inactive|Slim Shady LPVGC has 60 seconds left.
|
|t:|1756675008
|teamsize|p1|4
|teamsize|p2|4
|start
|switch|p1a: Whimsicott|Whimsicott, L50, M|100/100
|switch|p1b: Dragapult|Dragapult, L50, M|100/100
|switch|p2a: Talonflame|Talonflame, L50, M|100/100
|switch|p2b: Ursaluna|Ursaluna-Bloodmoon, L50, M|100/100
|turn|1
|inactive|Slim Shady LPVGC has 30 seconds left.
|inactive|nocturnallynoct has 30 seconds left.
|inactive|Slim Shady LPVGC has 20 seconds left.
|inactive|nocturnallynoct has 20 seconds left.
|inactive|Slim Shady LPVGC has 15 seconds left.
|inactive|nocturnallynoct has 15 seconds left.
|inactive|nocturnallynoct has 10 seconds left.
|
|t:|1756675053
|-terastallize|p2a: Talonflame|Fairy
|move|p1a: Whimsicott|Tailwind|p1a: Whimsicott
|-sidestart|p1: Slim Shady LPVGC|move: Tailwind
|move|p1b: Dragapult|U-turn|p2a: Talonflame
|-resisted|p2a: Talonflame
|-damage|p2a: Talonflame|73/100
|
|t:|1756675067
|switch|p1b: Gholdengo|Gholdengo, L50|100/100|[from] U-turn
|move|p2a: Talonflame|Will-O-Wisp|p1b: Gholdengo
|-immune|p1b: Gholdengo|[from] ability: Good as Gold
|move|p2b: Ursaluna|Hyper Voice|p1b: Gholdengo|[spread] p1a,p1b
|-resisted|p1b: Gholdengo
|-damage|p1a: Whimsicott|11/100
|-damage|p1b: Gholdengo|75/100
|-damage|p2b: Ursaluna|90/100|[from] item: Life Orb
|
|upkeep
|turn|2
|inactive|Slim Shady LPVGC has 30 seconds left.
|inactive|nocturnallynoct has 30 seconds left.
|
|t:|1756675102
|switch|p2a: Indeedee|Indeedee, L50, M|100/100
|-fieldstart|move: Psychic Terrain|[from] ability: Psychic Surge|[of] p2a: Indeedee
|-terastallize|p1b: Gholdengo|Steel
|move|p1a: Whimsicott|Fake Tears|p2b: Ursaluna
|-activate|p2b: Ursaluna|move: Psychic Terrain
|move|p1b: Gholdengo|Make It Rain|p2a: Indeedee|[spread] p2a,p2b
|-enditem|p2a: Indeedee|Focus Sash
|-damage|p2a: Indeedee|1/100
|-damage|p2b: Ursaluna|0 fnt
|-unboost|p1b: Gholdengo|spa|1
|faint|p2b: Ursaluna
|
|upkeep
|
|t:|1756675115
|switch|p2b: Sneasler|Sneasler, L50, M|100/100
|-enditem|p2b: Sneasler|Psychic Seed
|-boost|p2b: Sneasler|spd|1|[from] item: Psychic Seed
|turn|3
|
|t:|1756675136
|move|p2a: Indeedee|Protect|p2a: Indeedee
|-singleturn|p2a: Indeedee|Protect
|move|p1a: Whimsicott|Moonblast|p2a: Indeedee
|-activate|p2a: Indeedee|move: Protect
|move|p2b: Sneasler|Dire Claw|p1a: Whimsicott
|-supereffective|p1a: Whimsicott
|-damage|p1a: Whimsicott|0 fnt
|faint|p1a: Whimsicott
|move|p1b: Gholdengo|Make It Rain|p2b: Sneasler|[spread] p2b
|-activate|p2a: Indeedee|move: Protect
|-damage|p2b: Sneasler|56/100
|-unboost|p1b: Gholdengo|spa|1
|
|upkeep
|
|t:|1756675146
|switch|p1a: Dragapult|Dragapult, L50, M|100/100
|turn|4
|inactive|nocturnallynoct has 30 seconds left.
|inactive|nocturnallynoct has 20 seconds left.
|
|t:|1756675183
|move|p2a: Indeedee|Protect|p2a: Indeedee
|-singleturn|p2a: Indeedee|Protect
|move|p1a: Dragapult|Dragon Darts|p2b: Sneasler
|-damage|p2b: Sneasler|0 fnt
|faint|p2b: Sneasler
|move|p1b: Gholdengo|Make It Rain|p2a: Indeedee
|-activate|p2a: Indeedee|move: Protect
|
|-sideend|p1: Slim Shady LPVGC|move: Tailwind
|upkeep
|
|t:|1756675192
|switch|p2b: Talonflame|Talonflame, L50, M, tera:Fairy|73/100
|turn|5
|inactive|nocturnallynoct has 30 seconds left.
|
|t:|1756675220
|switch|p1a: Sneasler|Sneasler, L50, M|100/100
|move|p1b: Gholdengo|Protect|p1b: Gholdengo
|-singleturn|p1b: Gholdengo|Protect
|move|p2b: Talonflame|Flare Blitz|p1b: Gholdengo
|-activate|p1b: Gholdengo|move: Protect
|move|p2a: Indeedee|Expanding Force|p1b: Gholdengo|[spread] p1a
|-activate|p1b: Gholdengo|move: Protect
|-supereffective|p1a: Sneasler
|-damage|p1a: Sneasler|0 fnt
|faint|p1a: Sneasler
|
|upkeep
|
|t:|1756675229
|switch|p1a: Dragapult|Dragapult, L50, M|100/100
|turn|6
|
|t:|1756675252
|move|p2a: Indeedee|Protect|p2a: Indeedee
|-singleturn|p2a: Indeedee|Protect
|move|p1a: Dragapult|Phantom Force||[still]
|-prepare|p1a: Dragapult|Phantom Force
|move|p2b: Talonflame|Flare Blitz|p1b: Gholdengo
|-supereffective|p1b: Gholdengo
|-damage|p1b: Gholdengo|0 fnt
|faint|p1b: Gholdengo
|-damage|p2b: Talonflame|46/100|[from] Recoil
|
|-fieldend|move: Psychic Terrain
|upkeep
|turn|7
|
|t:|1756675274
|move|p1a: Dragapult|Phantom Force|p2b: Talonflame|[from] lockedmove
|-damage|p2b: Talonflame|0 fnt
|faint|p2b: Talonflame
|move|p2a: Indeedee|Expanding Force|p1a: Dragapult
|-damage|p1a: Dragapult|50/100
|
|upkeep
|turn|8
|c|☆Slim Shady LPVGC|Gg wp
|c|☆nocturnallynoct|gg
|
|t:|1756675289
|move|p1a: Dragapult|Phantom Force||[still]
|-prepare|p1a: Dragapult|Phantom Force
|move|p2a: Indeedee|Expanding Force|p1a: Dragapult|[miss]
|-miss|p2a: Indeedee|p1a: Dragapult
|
|upkeep
|turn|9
|
|t:|1756675294
|move|p1a: Dragapult|Phantom Force|p2a: Indeedee|[from] lockedmove
|-immune|p2a: Indeedee
|move|p2a: Indeedee|Expanding Force|p1a: Dragapult
|-damage|p1a: Dragapult|0 fnt
|faint|p1a: Dragapult
|
|win|nocturnallynoct
|raw|Slim Shady LPVGC's rating: 1150 → 1121(-29 for losing)
|raw|nocturnallynoct's rating: 1094 → 1124(+30 for winning)
|l|☆Slim Shady LPVGC
|player|p1|
