|j|☆randomguy1114s
|j|☆PursatiEvol
|html|randomguy1114sPursatiEvol    
|uhtml|bestof|Game 1 of a best-of-3
|t:|1756956104
|gametype|doubles
|player|p1|randomguy1114s|lillie-masters|1152
|player|p2|PursatiEvol|101|1249
|gen|9
|tier|[Gen 9] VGC 2025 Reg H (Bo3)
|rated|
|rule|Species Clause: Limit one of each Pokémon
|rule|Item Clause: Limit 1 of each item
|clearpoke
|poke|p1|Talonflame, L50, F|
|poke|p1|Garchomp, L50, F|
|poke|p1|Ursaluna-Bloodmoon, L50, M|
|poke|p1|Tyranitar, L50, M|
|poke|p1|Incineroar, L50, M|
|poke|p1|Sinistcha, L50|
|poke|p2|Sneasler, L50, F|
|poke|p2|Dragapult, L50, M|
|poke|p2|Primarina, L50, F|
|poke|p2|Rillaboom, L50, F|
|poke|p2|Kingambit, L50, F|
|poke|p2|Magmar, L50, F|
|teampreview|4
|showteam|p1|Talonflame||SafetyGoggles|GaleWings|Tailwind,FlareBlitz,BraveBird,WillOWisp|||F|||50|,,,,,Ghost]Garchomp||ClearAmulet|SandVeil|Earthquake,DragonClaw,StompingTantrum,Protect|||F|||50|,,,,,Steel]Ursaluna-Bloodmoon||LifeOrb|MindsEye|BloodMoon,HyperVoice,EarthPower,Protect|||M|||50|,,,,,Normal]Tyranitar||AssaultVest|SandStream|RockSlide,KnockOff,TeraBlast,LowKick|||M|||50|,,,,,Flying]Incineroar||SitrusBerry|Intimidate|FakeOut,KnockOff,Taunt,PartingShot|||M|||50|,,,,,Ghost]Sinistcha||MentalHerb|Hospitality|RagePowder,TrickRoom,MatchaGotcha,Protect||||||50|,,,,,Water
|showteam|p2|Sneasler||FocusSash|PoisonTouch|CloseCombat,DireClaw,FakeOut,Protect|||F|||50|,,,,,Stellar]Dragapult||ChoiceBand|ClearBody|DragonDarts,TeraBlast,PhantomForce,Uturn|||M|||50|,,,,,Ghost]Primarina||SitrusBerry|LiquidVoice|HyperVoice,Moonblast,Haze,Protect|||F|||50|,,,,,Water]Rillaboom||AssaultVest|GrassySurge|WoodHammer,GrassyGlide,HighHorsepower,FakeOut|||F|||50|,,,,,Fire]Kingambit||BlackGlasses|Defiant|KowtowCleave,SuckerPunch,SwordsDance,Protect|||F|||50|,,,,,Ghost]Magmar||Eviolite|VitalSpirit|Overheat,WillOWisp,FollowMe,Protect|||F|||50|,,,,,Ghost
|j| teamthief420
|
|t:|1756956170
|teamsize|p1|4
|teamsize|p2|4
|start
|switch|p1a: BIRDD|Talonflame, L50, F, shiny|100/100
|switch|p1b: DINOOOO|Tyranitar, L50, M, shiny|100/100
|switch|p2a: Rillaboom|Rillaboom, L50, F|100/100
|switch|p2b: Primarina|Primarina, L50, F|100/100
|-fieldstart|move: Grassy Terrain|[from] ability: Grassy Surge|[of] p2a: Rillaboom
|-weather|Sandstorm|[from] ability: Sand Stream|[of] p1b: DINOOOO
|turn|1
|
|t:|1756956200
|switch|p1a: SHARKKK|Garchomp, L50, F, shiny|100/100
|-terastallize|p1b: DINOOOO|Flying
|move|p2a: Rillaboom|Fake Out|p1b: DINOOOO
|-damage|p1b: DINOOOO|88/100
|cant|p1b: DINOOOO|flinch
|move|p2b: Primarina|Hyper Voice|p1b: DINOOOO|[spread] p1a,p1b
|-damage|p1a: SHARKKK|62/100
|-damage|p1b: DINOOOO|67/100
|
|-weather|Sandstorm|[upkeep]
|-damage|p2a: Rillaboom|94/100|[from] Sandstorm
|-damage|p1b: DINOOOO|61/100|[from] Sandstorm
|-damage|p2b: Primarina|95/100|[from] Sandstorm
|-heal|p1a: SHARKKK|68/100|[from] Grassy Terrain
|-heal|p2a: Rillaboom|100/100|[from] Grassy Terrain
|-heal|p2b: Primarina|100/100|[from] Grassy Terrain
|upkeep
|turn|2
|
|t:|1756956227
|move|p2b: Primarina|Protect|p2b: Primarina
|-singleturn|p2b: Primarina|Protect
|move|p1a: SHARKKK|Stomping Tantrum|p2b: Primarina
|-activate|p2b: Primarina|move: Protect
|move|p2a: Rillaboom|Wood Hammer|p1a: SHARKKK
|-damage|p1a: SHARKKK|0 fnt
|faint|p1a: SHARKKK
|-damage|p2a: Rillaboom|80/100|[from] Recoil
|move|p1b: DINOOOO|Rock Slide|p2b: Primarina|[spread] p2a
|-activate|p2b: Primarina|move: Protect
|-crit|p2a: Rillaboom
|-damage|p2a: Rillaboom|35/100
|
|-weather|Sandstorm|[upkeep]
|-damage|p2a: Rillaboom|29/100|[from] Sandstorm
|-damage|p1b: DINOOOO|55/100|[from] Sandstorm
|-damage|p2b: Primarina|95/100|[from] Sandstorm
|-heal|p2a: Rillaboom|35/100|[from] Grassy Terrain
|-heal|p2b: Primarina|100/100|[from] Grassy Terrain
|upkeep
|
|t:|1756956247
|switch|p1a: BIRDD|Talonflame, L50, F, shiny|100/100
|turn|3
|
|t:|1756956258
|move|p1a: BIRDD|Tailwind|p1a: BIRDD
|-sidestart|p1: randomguy1114s|move: Tailwind
|move|p2a: Rillaboom|Grassy Glide|p1b: DINOOOO
|-resisted|p1b: DINOOOO
|-damage|p1b: DINOOOO|38/100
|move|p1b: DINOOOO|Rock Slide|p2a: Rillaboom|[spread] p2a,p2b
|-damage|p2a: Rillaboom|2/100
|-damage|p2b: Primarina|69/100
|move|p2b: Primarina|Hyper Voice|p1b: DINOOOO|[spread] p1a,p1b
|-supereffective|p1a: BIRDD
|-damage|p1a: BIRDD|6/100
|-damage|p1b: DINOOOO|19/100
|
|-weather|Sandstorm|[upkeep]
|-damage|p1b: DINOOOO|13/100|[from] Sandstorm
|-damage|p2a: Rillaboom|0 fnt|[from] Sandstorm
|-damage|p2b: Primarina|63/100|[from] Sandstorm
|faint|p2a: Rillaboom
|-heal|p2b: Primarina|69/100|[from] Grassy Terrain
|upkeep
|
|t:|1756956293
|switch|p2a: Dragapult|Dragapult, L50, M|100/100
|turn|4
|
|t:|1756956306
|move|p2b: Primarina|Protect|p2b: Primarina
|-singleturn|p2b: Primarina|Protect
|move|p1a: BIRDD|Brave Bird|p2b: Primarina
|-activate|p2b: Primarina|move: Protect
|move|p2a: Dragapult|Phantom Force||[still]
|-prepare|p2a: Dragapult|Phantom Force
|move|p1b: DINOOOO|Knock Off|p2a: Dragapult|[miss]
|-miss|p1b: DINOOOO|p2a: Dragapult
|
|-weather|Sandstorm|[upkeep]
|-damage|p2a: Dragapult|94/100|[from] Sandstorm
|-damage|p1b: DINOOOO|7/100|[from] Sandstorm
|-damage|p2b: Primarina|63/100|[from] Sandstorm
|-heal|p2b: Primarina|69/100|[from] Grassy Terrain
|upkeep
|turn|5
|
|t:|1756956328
|move|p1a: BIRDD|Brave Bird|p2b: Primarina
|-damage|p2b: Primarina|20/100
|-enditem|p2b: Primarina|Sitrus Berry|[eat]
|-heal|p2b: Primarina|45/100|[from] item: Sitrus Berry
|-damage|p1a: BIRDD|0 fnt|[from] Recoil
|faint|p1a: BIRDD
|move|p2a: Dragapult|Phantom Force|p1b: DINOOOO|[from] lockedmove
|-damage|p1b: DINOOOO|0 fnt
|faint|p1b: DINOOOO
|move|p2b: Primarina|Hyper Voice|p1: BIRDD|[notarget]
|-fail|p2b: Primarina
|
|-weather|none
|-heal|p2a: Dragapult|100/100|[from] Grassy Terrain
|-heal|p2b: Primarina|51/100|[from] Grassy Terrain
|-fieldend|move: Grassy Terrain
|upkeep
|
|t:|1756956337
|switch|p1b: BEARRRRRR|Ursaluna-Bloodmoon, L50, M|100/100
|turn|6
|
|t:|1756956357
|switch|p2a: Sneasler|Sneasler, L50, F|100/100
|move|p1b: BEARRRRRR|Protect|p1b: BEARRRRRR
|-singleturn|p1b: BEARRRRRR|Protect
|move|p2b: Primarina|Protect||[still]
|-fail|p2b: Primarina
|
|-sideend|p1: randomguy1114s|move: Tailwind
|upkeep
|turn|7
|-message|randomguy1114s forfeited.
|
|win|PursatiEvol
||PursatiEvol is ready for game 2.
