|j|☆Rexolboy
|j|☆Toslowbro30
|html|RexolboyToslowbro30    
|uhtml|bestof|Game 1 of a best-of-3
|t:|1756552689
|gametype|doubles
|player|p1|Rexolboy|266|1096
|player|p2|Toslowbro30|101|1145
|gen|9
|tier|[Gen 9] VGC 2025 Reg H (Bo3)
|rated|
|rule|Species Clause: Limit one of each Pokémon
|rule|Item Clause: Limit 1 of each item
|clearpoke
|poke|p1|Archaludon, L50, M|
|poke|p1|Incineroar, L50, M|
|poke|p1|Whimsicott, L50, F|
|poke|p1|Ursaluna, L50, M|
|poke|p1|Indeedee-F, L50, F|
|poke|p1|Armarouge, L50, F|
|poke|p2|Tyranitar, L50, F|
|poke|p2|Lycanroc, L50, M|
|poke|p2|Indeedee, L50, M|
|poke|p2|Gastrodon-East, L50, M|
|poke|p2|Annihilape, L50, F|
|poke|p2|Gholdengo, L50|
|teampreview|4
|showteam|p1|Archaludon||PowerHerb|Stalwart|ElectroShot,AuraSphere,DragonPulse,Protect|||M|||50|,,,,,Electric]Incineroar||SitrusBerry|Intimidate|FlareBlitz,KnockOff,FakeOut,PartingShot|||M|||50|,,,,,Ghost]Whimsicott||CovertCloak|Prankster|Moonblast,Encore,LightScreen,Tailwind|||F|||50|,,,,,Water]Ursaluna||FlameOrb|Guts|Facade,RainDance,HeadlongRush,Protect|||M|||50|,,,,,Ghost]Indeedee-F||SafetyGoggles|PsychicSurge|DazzlingGleam,HelpingHand,FollowMe,TrickRoom|||F|||50|,,,,,Fairy]Armarouge||LifeOrb|FlashFire|ExpandingForce,ArmorCannon,EnergyBall,Protect|||F|||50|,,,,,Stellar
|showteam|p2|Tyranitar||AguavBerry|SandStream|RockSlide,KnockOff,TeraBlast,Protect|||F|||50|,,,,,Bug]Lycanroc||FocusSash|SandRush|RockSlide,CloseCombat,Taunt,Protect|||M|||50|,,,,,Fighting]Indeedee||ChoiceScarf|PsychicSurge|ExpandingForce,TeraBlast,Trick,Protect|||M|||50|,,,,,Psychic]Gastrodon-East||Leftovers|StormDrain|EarthPower,Yawn,ClearSmog,Protect|||M|||50|,,,,,Grass]Annihilape||PsychicSeed|Defiant|DrainPunch,RageFist,BulkUp,Protect|||F|||50|,,,,,Water]Gholdengo||LifeOrb|GoodasGold|MakeItRain,ShadowBall,NastyPlot,Protect||||||50|,,,,,Flying
|inactive|Battle timer is ON: inactive players will automatically lose when time's up. (requested by Toslowbro30)
|
|t:|1756552735
|teamsize|p1|4
|teamsize|p2|4
|start
|switch|p1a: Whimsicott|Whimsicott, L50, F|100/100
|switch|p1b: Armarouge|Armarouge, L50, F|100/100
|switch|p2a: Lycanroc|Lycanroc, L50, M|100/100
|switch|p2b: Tyranitar|Tyranitar, L50, F|100/100
|-weather|Sandstorm|[from] ability: Sand Stream|[of] p2b: Tyranitar
|turn|1
|inactive|Rexolboy has 30 seconds left.
|
|t:|1756552766
|move|p1b: Armarouge|Protect|p1b: Armarouge
|-singleturn|p1b: Armarouge|Protect
|move|p1a: Whimsicott|Tailwind|p1a: Whimsicott
|-sidestart|p1: Rexolboy|move: Tailwind
|move|p2a: Lycanroc|Rock Slide|p1b: Armarouge|[spread] p1a
|-activate|p1b: Armarouge|move: Protect
|-damage|p1a: Whimsicott|73/100
|move|p2b: Tyranitar|Rock Slide|p1a: Whimsicott|[spread] p1a
|-activate|p1b: Armarouge|move: Protect
|-damage|p1a: Whimsicott|42/100
|
|-weather|Sandstorm|[upkeep]
|-damage|p1a: Whimsicott|36/100|[from] Sandstorm
|-damage|p1b: Armarouge|94/100|[from] Sandstorm
|upkeep
|turn|2
|inactive|Rexolboy has 30 seconds left.
|inactive|Toslowbro30 has 30 seconds left.
|
|t:|1756552795
|-terastallize|p1b: Armarouge|Stellar
|move|p2a: Lycanroc|Protect|p2a: Lycanroc
|-singleturn|p2a: Lycanroc|Protect
|move|p1a: Whimsicott|Moonblast|p2b: Tyranitar
|-supereffective|p2b: Tyranitar
|-damage|p2b: Tyranitar|69/100
|-unboost|p2b: Tyranitar|spa|1
|move|p1b: Armarouge|Energy Ball|p2b: Tyranitar
|-supereffective|p2b: Tyranitar
|-damage|p2b: Tyranitar|3/100
|-enditem|p2b: Tyranitar|Aguav Berry|[eat]
|-heal|p2b: Tyranitar|36/100|[from] item: Aguav Berry
|-damage|p1b: Armarouge|85/100|[from] item: Life Orb
|move|p2b: Tyranitar|Knock Off|p1b: Armarouge
|-supereffective|p1b: Armarouge
|-damage|p1b: Armarouge|0 fnt
|-enditem|p1b: Armarouge|Life Orb|[from] move: Knock Off|[of] p2b: Tyranitar
|faint|p1b: Armarouge
|
|-weather|Sandstorm|[upkeep]
|-damage|p1a: Whimsicott|30/100|[from] Sandstorm
|upkeep
|
|t:|1756552809
|switch|p1b: Archaludon|Archaludon, L50, M|100/100
|turn|3
|
|t:|1756552823
|switch|p2a: Annihilape|Annihilape, L50, F|100/100
|move|p1b: Archaludon|Electro Shot||[still]
|-prepare|p1b: Archaludon|Electro Shot
|-boost|p1b: Archaludon|spa|1
|-enditem|p1b: Archaludon|Power Herb
|-anim|p1b: Archaludon|Electro Shot|p2a: Annihilape
|-damage|p2a: Annihilape|39/100
|move|p1a: Whimsicott|Moonblast|p2a: Annihilape
|-supereffective|p2a: Annihilape
|-damage|p2a: Annihilape|0 fnt
|faint|p2a: Annihilape
|move|p2b: Tyranitar|Knock Off|p1b: Archaludon
|-crit|p1b: Archaludon
|-damage|p1b: Archaludon|57/100
|
|-weather|Sandstorm|[upkeep]
|-damage|p1a: Whimsicott|24/100|[from] Sandstorm
|upkeep
|
|t:|1756552840
|switch|p2a: Lycanroc|Lycanroc, L50, M|100/100
|turn|4
|inactive|Rexolboy has 30 seconds left.
|
|t:|1756552870
|switch|p1a: Ursaluna|Ursaluna, L50, M|100/100
|switch|p2b: Gastrodon|Gastrodon-East, L50, M|100/100
|-terastallize|p2a: Lycanroc|Fighting
|move|p2a: Lycanroc|Close Combat|p1b: Archaludon
|-supereffective|p1b: Archaludon
|-damage|p1b: Archaludon|0 fnt
|-unboost|p2a: Lycanroc|def|1
|-unboost|p2a: Lycanroc|spd|1
|faint|p1b: Archaludon
|
|-weather|Sandstorm|[upkeep]
|-sideend|p1: Rexolboy|move: Tailwind
|-status|p1a: Ursaluna|brn|[from] item: Flame Orb
|upkeep
|
|t:|1756552877
|switch|p1b: Whimsicott|Whimsicott, L50, F|24/100
|turn|5
|
|t:|1756552897
|move|p1a: Ursaluna|Protect|p1a: Ursaluna
|-singleturn|p1a: Ursaluna|Protect
|move|p1b: Whimsicott|Tailwind|p1b: Whimsicott
|-sidestart|p1: Rexolboy|move: Tailwind
|move|p2a: Lycanroc|Close Combat|p1a: Ursaluna
|-activate|p1a: Ursaluna|move: Protect
|move|p2b: Gastrodon|Clear Smog|p1b: Whimsicott
|-supereffective|p1b: Whimsicott
|-damage|p1b: Whimsicott|0 fnt
|-clearboost|p1b: Whimsicott
|faint|p1b: Whimsicott
|
|-weather|none
|-damage|p1a: Ursaluna|94/100 brn|[from] brn
|upkeep
|turn|6
|
|t:|1756552906
|move|p2a: Lycanroc|Protect|p2a: Lycanroc
|-singleturn|p2a: Lycanroc|Protect
|move|p2b: Gastrodon|Protect|p2b: Gastrodon
|-singleturn|p2b: Gastrodon|Protect
|move|p1a: Ursaluna|Facade|p2a: Lycanroc
|-activate|p2a: Lycanroc|move: Protect
|
|-damage|p1a: Ursaluna|88/100 brn|[from] brn
|upkeep
|turn|7
|c|☆Toslowbro30|gg wp
|
|t:|1756552918
|move|p1a: Ursaluna|Facade|p2a: Lycanroc
|-enditem|p2a: Lycanroc|Focus Sash
|-damage|p2a: Lycanroc|1/100
|move|p2a: Lycanroc|Close Combat|p1a: Ursaluna
|-supereffective|p1a: Ursaluna
|-damage|p1a: Ursaluna|3/100 brn
|-unboost|p2a: Lycanroc|def|1
|-unboost|p2a: Lycanroc|spd|1
|move|p2b: Gastrodon|Earth Power|p1a: Ursaluna
|-damage|p1a: Ursaluna|0 fnt
|faint|p1a: Ursaluna
|
|win|Toslowbro30
||Rexolboy is ready for game 2.
