|j|☆Gayangos
|j|☆Gancelot
|html|GayangosGancelot    
|uhtml|bestof|Game 2 of a best-of-3
|t:|1784064487
|gametype|doubles
|player|p1|Gayangos|102|1322
|player|p2|Gancelot|morty|1399
|gen|9
|tier|[Gen 9 Champions] VGC 2026 Reg M-B (Bo3)
|rated|
|rule|Species Clause: Limit one of each Pokémon
|rule|Item Clause: Limit 1 of each item
|clearpoke
|poke|p1|Froslass, L50, F|
|poke|p1|Dragonite, L50, F|
|poke|p1|Toxapex, L50, F|
|poke|p1|Sneasler, L50, F|
|poke|p1|Kingambit, L50, F|
|poke|p1|Blaziken, L50, F|
|poke|p2|Garchomp, L50, M|
|poke|p2|Venusaur, L50, M|
|poke|p2|Incineroar, L50, M|
|poke|p2|Charizard, L50, M|
|poke|p2|Toxapex, L50, M|
|poke|p2|Annihilape, L50, M|
|teampreview|4
|showteam|p1|Froslass||Froslassite|CursedBody|Blizzard,ShadowBall,AuroraVeil,Protect|Timid||F|||50|]Dragonite||LifeOrb|InnerFocus|DragonClaw,ExtremeSpeed,LowKick,Protect|Adamant||F|||50|]Toxapex||Leftovers|Regenerator|Infestation,Toxic,WideGuard,BanefulBunker|Bold||F|||50|]Sneasler||FocusSash|PoisonTouch|CloseCombat,PoisonJab,FakeOut,Protect|Jolly||F|||50|]Kingambit||BlackGlasses|Defiant|KowtowCleave,IronHead,SuckerPunch,Protect|Adamant||F|||50|]Blaziken||Blazikenite|SpeedBoost|CloseCombat,FlareBlitz,RockSlide,Protect|Adamant||F|||50|
|showteam|p2|Garchomp||ChoiceScarf|RoughSkin|Earthquake,RockSlide,DragonClaw,StompingTantrum|Adamant||M|||50|]Venusaur||LifeOrb|Chlorophyll|SludgeBomb,SolarBeam,EarthPower,Protect|Modest||M|||50|]Incineroar||SitrusBerry|Intimidate|FakeOut,FlareBlitz,ThroatChop,PartingShot|Impish||M|||50|]Charizard||CharizarditeY|Blaze|HeatWave,WeatherBall,Protect,HelpingHand|Modest||M|||50|]Toxapex||Leftovers|Regenerator|Infestation,Toxic,WideGuard,BanefulBunker|Impish||M|||50|]Annihilape||FocusSash|Defiant|CloseCombat,PhantomForce,RockTomb,Protect|Jolly||M|||50|
|inactive|Battle timer is ON: inactive players will automatically lose when time's up. (requested by Gancelot)
|inactive|Gayangos has 60 seconds left.
|
|t:|1784064521
|teamsize|p1|4
|teamsize|p2|4
|start
|switch|p1a: Kingambit|Kingambit, L50, F|100/100
|switch|p1b: Blaziken|Blaziken, L50, F|100/100
|switch|p2a: Annihilape|Annihilape, L50, M|100/100
|switch|p2b: Toxapex|Toxapex, L50, M|100/100
|turn|1
|inactive|Gancelot has 30 seconds left.
|
|t:|1784064548
|switch|p1a: Froslass|Froslass, L50, F|100/100
|move|p2a: Annihilape|Close Combat|p1a: Froslass
|-immune|p1a: Froslass
|move|p1b: Blaziken|Flare Blitz|p2a: Annihilape
|-damage|p2a: Annihilape|25/100
|-damage|p1b: Blaziken|72/100|[from] Recoil
|move|p2b: Toxapex|Infestation|p1b: Blaziken
|-resisted|p1b: Blaziken|2
|-damage|p1b: Blaziken|71/100
|-activate|p1b: Blaziken|move: Infestation|[of] p2b: Toxapex
|
|-damage|p1b: Blaziken|59/100|[from] move: Infestation|[partiallytrapped]
|-ability|p1b: Blaziken|Speed Boost|boost
|-boost|p1b: Blaziken|spe|1
|upkeep
|turn|2
|inactive|Gayangos has 30 seconds left.
|
|t:|1784064583
|switch|p2a: Incineroar|Incineroar, L50, M|100/100
|-ability|p2a: Incineroar|Intimidate|boost
|-unboost|p1a: Froslass|atk|1
|-unboost|p1b: Blaziken|atk|1
|detailschange|p1a: Froslass|Froslass-Mega, L50, F
|-mega|p1a: Froslass|Froslass|Froslassite
|-weather|Snowscape|[from] ability: Snow Warning|[of] p1a: Froslass
|move|p1b: Blaziken|Rock Slide|p2b: Toxapex|[spread] p2a,p2b
|-supereffective|p2a: Incineroar|1
|-crit|p2b: Toxapex
|-damage|p2a: Incineroar|80/100
|-damage|p2b: Toxapex|77/100
|move|p1a: Froslass|Shadow Ball|p2b: Toxapex
|-damage|p2b: Toxapex|47/100
|move|p2b: Toxapex|Infestation|p1a: Froslass
|-resisted|p1a: Froslass|1
|-damage|p1a: Froslass|98/100
|-activate|p1a: Froslass|move: Infestation|[of] p2b: Toxapex
|
|-weather|Snowscape|[upkeep]
|-heal|p2b: Toxapex|53/100|[from] item: Leftovers
|-damage|p1b: Blaziken|47/100|[from] move: Infestation|[partiallytrapped]
|-damage|p1a: Froslass|86/100|[from] move: Infestation|[partiallytrapped]
|-ability|p1b: Blaziken|Speed Boost|boost
|-boost|p1b: Blaziken|spe|1
|upkeep
|turn|3
|inactive|Gancelot has 30 seconds left.
|inactive|Gancelot has 20 seconds left.
|inactive|Gancelot has 15 seconds left.
|inactive|Gancelot has 10 seconds left.
|
|t:|1784064629
|move|p2a: Incineroar|Fake Out|p1b: Blaziken
|-damage|p1b: Blaziken|33/100
|cant|p1b: Blaziken|flinch
|move|p1a: Froslass|Shadow Ball|p2b: Toxapex
|-damage|p2b: Toxapex|26/100
|move|p2b: Toxapex|Toxic|p1a: Froslass
|-status|p1a: Froslass|tox
|
|-weather|Snowscape|[upkeep]
|-heal|p2b: Toxapex|31/100|[from] item: Leftovers
|-damage|p1a: Froslass|80/100 tox|[from] psn
|-damage|p1b: Blaziken|21/100|[from] move: Infestation|[partiallytrapped]
|-damage|p1a: Froslass|68/100 tox|[from] move: Infestation|[partiallytrapped]
|-ability|p1b: Blaziken|Speed Boost|boost
|-boost|p1b: Blaziken|spe|1
|upkeep
|turn|4
|
|t:|1784064650
|move|p2b: Toxapex|Baneful Bunker|p2b: Toxapex
|-singleturn|p2b: Toxapex|move: Protect
|move|p1b: Blaziken|Close Combat|p2a: Incineroar
|-supereffective|p2a: Incineroar|1
|-damage|p2a: Incineroar|14/100
|-unboost|p1b: Blaziken|def|1
|-unboost|p1b: Blaziken|spd|1
|-enditem|p2a: Incineroar|Sitrus Berry|[eat]
|-heal|p2a: Incineroar|39/100|[from] item: Sitrus Berry
|move|p1a: Froslass|Aurora Veil|p1a: Froslass
|-sidestart|p1: Gayangos|move: Aurora Veil
|move|p2a: Incineroar|Throat Chop|p1a: Froslass
|-supereffective|p1a: Froslass|1
|-damage|p1a: Froslass|32/100 tox
|-start|p1a: Froslass|Throat Chop|[silent]
|
|-weather|Snowscape|[upkeep]
|-heal|p2b: Toxapex|37/100|[from] item: Leftovers
|-damage|p1a: Froslass|20/100y tox|[from] psn
|-damage|p1b: Blaziken|9/100|[from] move: Infestation|[partiallytrapped]
|-damage|p1a: Froslass|8/100 tox|[from] move: Infestation|[partiallytrapped]
|-ability|p1b: Blaziken|Speed Boost|boost
|-boost|p1b: Blaziken|spe|1
|upkeep
|turn|5
|inactive|Gancelot has 30 seconds left.
|
|t:|1784064676
|switch|p2a: Annihilape|Annihilape, L50, M|25/100
|move|p2b: Toxapex|Baneful Bunker||[still]
|-fail|p2b: Toxapex
|move|p1b: Blaziken|Rock Slide|p2a: Annihilape|[spread] p2a,p2b
|-resisted|p2a: Annihilape|1
|-damage|p2a: Annihilape|18/100
|-damage|p2b: Toxapex|28/100
|move|p1a: Froslass|Shadow Ball|p2b: Toxapex
|-damage|p2b: Toxapex|1/100
|
|-weather|Snowscape|[upkeep]
|-heal|p2b: Toxapex|7/100|[from] item: Leftovers
|-damage|p1a: Froslass|0 fnt|[from] psn
|faint|p1a: Froslass
|-damage|p1b: Blaziken|0 fnt|[from] move: Infestation|[partiallytrapped]
|faint|p1b: Blaziken
|upkeep
|
|t:|1784064684
|switch|p1a: Dragonite|Dragonite, L50, F|100/100
|switch|p1b: Kingambit|Kingambit, L50, F|100/100
|turn|6
|
|t:|1784064705
|-heal|p2b: Toxapex|40/100|[from] ability: Regenerator|[silent]
|switch|p2b: Charizard|Charizard, L50, M|100/100
|move|p2a: Annihilape|Protect|p2a: Annihilape
|-singleturn|p2a: Annihilape|Protect
|move|p1b: Kingambit|Sucker Punch||[still]
|-fail|p1b: Kingambit
|move|p1a: Dragonite|Dragon Claw|p2a: Annihilape
|-activate|p2a: Annihilape|move: Protect
|
|-weather|none
|upkeep
|turn|7
|
|t:|1784064724
|switch|p2a: Toxapex|Toxapex, L50, M|40/100
|detailschange|p2b: Charizard|Charizard-Mega-Y, L50, M
|-mega|p2b: Charizard|Charizard|Charizardite Y
|-weather|SunnyDay|[from] ability: Drought|[of] p2b: Charizard
|move|p1b: Kingambit|Protect|p1b: Kingambit
|-singleturn|p1b: Kingambit|Protect
|move|p2b: Charizard|Heat Wave|p1b: Kingambit|[spread] p1a
|-activate|p1b: Kingambit|move: Protect
|-resisted|p1a: Dragonite|1
|-damage|p1a: Dragonite|83/100
|-status|p1a: Dragonite|brn
|move|p1a: Dragonite|Dragon Claw|p2b: Charizard
|-damage|p2b: Charizard|71/100
|-damage|p1a: Dragonite|73/100 brn|[from] item: Life Orb
|
|-weather|SunnyDay|[upkeep]
|-heal|p2a: Toxapex|45/100|[from] item: Leftovers
|-damage|p1a: Dragonite|67/100 brn|[from] brn
|upkeep
|turn|8
|-message|Gayangos forfeited.
|raw|Gayangos's rating: 1322 → 1306(-16 for losing)
|raw|Gancelot's rating: 1399 → 1415(+16 for winning)
|
|win|Gancelot
