|j|☆jiggyjagga
|j|☆bingbingbangus
|html|jiggyjaggabingbingbangus    
|uhtml|bestof|Game 3 of a best-of-3
|t:|1785159769
|gametype|doubles
|player|p1|jiggyjagga|1|
|player|p2|bingbingbangus|265|
|gen|9
|tier|[Gen 9 Champions] VGC 2026 Reg M-B (Bo3)
|rule|Species Clause: Limit one of each Pokémon
|rule|Item Clause: Limit 1 of each item
|clearpoke
|poke|p1|Floette-Eternal, L50, F|
|poke|p1|Incineroar, L50, M, shiny|
|poke|p1|Kingambit, L50, M, shiny|
|poke|p1|Gholdengo, L50, shiny|
|poke|p1|Wyrdeer, L50, M, shiny|
|poke|p1|Pikachu, L50, M|
|poke|p2|Gengar, L50, M|
|poke|p2|Primarina, L50, F|
|poke|p2|Annihilape, L50, M|
|poke|p2|Clefable, L50, F|
|poke|p2|Rotom-Wash, L50|
|poke|p2|Scizor, L50, M|
|teampreview|4
|showteam|p1|Floette-Eternal||Floettite|FlowerVeil|LightofRuin,DazzlingGleam,Moonblast,Protect|Modest||F|||50|]Incineroar||SitrusBerry|Intimidate|FakeOut,PartingShot,FlareBlitz,HelpingHand|Adamant||M|||50|]Kingambit||ChopleBerry|Defiant|KowtowCleave,IronHead,Protect,SuckerPunch|Adamant||M|||50|]Gholdengo||MetalCoat|GoodasGold|MakeItRain,ShadowBall,NastyPlot,Protect|Modest|||||50|]Wyrdeer||Leftovers|Intimidate|PsyshieldBash,TrickRoom,EarthPower,Protect|Sassy||M|||50|]Pikachu||FocusSash|Static|FakeOut,Nuzzle,Wish,Encore|Jolly||M|||50|
|showteam|p2|Gengar||Gengarite|CursedBody|ShadowBall,SludgeBomb,Protect,PerishSong|Timid||M|||50|]Primarina||Leftovers|Torrent|HyperVoice,Moonblast,Protect,Haze|Calm||F|||50|]Annihilape||SitrusBerry|InnerFocus|RageFist,DrainPunch,BulkUp,Protect|Adamant||M|||50|]Clefable||FocusSash|Unaware|FollowMe,HelpingHand,Moonblast,Protect|Calm||F|||50|]Rotom-Wash||ExpertBelt|Levitate|HydroPump,VoltSwitch,WillOWisp,Protect|Calm|||||50|]Scizor||MuscleBand|Swarm|BulletPunch,Uturn,DualWingbeat,CloseCombat|Adamant||M|||50|
|j| glen2
|
|t:|1785159806
|teamsize|p1|4
|teamsize|p2|4
|start
|switch|p1a: Incineroar|Incineroar, L50, M, shiny|100/100
|switch|p1b: Wyrdeer|Wyrdeer, L50, M, shiny|100/100
|switch|p2a: goonmaxx armstrong|Annihilape, L50, M|100/100
|switch|p2b: random ass guy|Clefable, L50, F|100/100
|-ability|p1a: Incineroar|Intimidate|boost
|-fail|p2a: goonmaxx armstrong|unboost|Attack|[from] ability: Inner Focus|[of] p2a: goonmaxx armstrong
|-unboost|p2b: random ass guy|atk|1
|-ability|p1b: Wyrdeer|Intimidate|boost
|-fail|p2a: goonmaxx armstrong|unboost|Attack|[from] ability: Inner Focus|[of] p2a: goonmaxx armstrong
|-unboost|p2b: random ass guy|atk|1
|turn|1
|
|t:|1785159828
|move|p2b: random ass guy|Protect|p2b: random ass guy
|-singleturn|p2b: random ass guy|Protect
|move|p1a: Incineroar|Fake Out|p2b: random ass guy
|-activate|p2b: random ass guy|move: Protect
|move|p2a: goonmaxx armstrong|Bulk Up|p2a: goonmaxx armstrong
|-boost|p2a: goonmaxx armstrong|atk|1
|-boost|p2a: goonmaxx armstrong|def|1
|move|p1b: Wyrdeer|Trick Room|p1b: Wyrdeer
|-fieldstart|move: Trick Room|[of] p1b: Wyrdeer
|
|upkeep
|turn|2
|
|t:|1785159850
|move|p2b: random ass guy|Follow Me|p2b: random ass guy
|-singleturn|p2b: random ass guy|move: Follow Me
|move|p1b: Wyrdeer|Psyshield Bash|p2b: random ass guy
|-damage|p2b: random ass guy|60/100
|-boost|p1b: Wyrdeer|def|1
|move|p1a: Incineroar|Parting Shot|p2b: random ass guy
|-unboost|p2b: random ass guy|atk|1
|-unboost|p2b: random ass guy|spa|1
|
|t:|1785159857
|switch|p1a: Gholdengo|Gholdengo, L50, shiny|100/100|[from] Parting Shot
|move|p2a: goonmaxx armstrong|Bulk Up|p2a: goonmaxx armstrong
|-boost|p2a: goonmaxx armstrong|atk|1
|-boost|p2a: goonmaxx armstrong|def|1
|
|upkeep
|turn|3
|
|t:|1785159879
|move|p1b: Wyrdeer|Psyshield Bash|p2a: goonmaxx armstrong
|-supereffective|p2a: goonmaxx armstrong|1
|-damage|p2a: goonmaxx armstrong|68/100
|-boost|p1b: Wyrdeer|def|1
|move|p2b: random ass guy|Moonblast|p1b: Wyrdeer
|-damage|p1b: Wyrdeer|83/100
|move|p2a: goonmaxx armstrong|Rage Fist|p1a: Gholdengo
|-supereffective|p1a: Gholdengo|1
|-damage|p1a: Gholdengo|0 fnt
|faint|p1a: Gholdengo
|
|-heal|p1b: Wyrdeer|90/100|[from] item: Leftovers
|upkeep
|
|t:|1785159889
|switch|p1a: Floette|Floette-Eternal, L50, F|100/100
|turn|4
|
|t:|1785159913
|detailschange|p1a: Floette|Floette-Mega, L50, F
|-mega|p1a: Floette|Floette|Floettite
|-ability|p1a: Floette|Fairy Aura
|move|p1a: Floette|Protect|p1a: Floette
|-singleturn|p1a: Floette|Protect
|move|p2b: random ass guy|Follow Me|p2b: random ass guy
|-singleturn|p2b: random ass guy|move: Follow Me
|move|p1b: Wyrdeer|Psyshield Bash|p2b: random ass guy|[miss]
|-miss|p1b: Wyrdeer|p2b: random ass guy
|move|p2a: goonmaxx armstrong|Rage Fist|p1a: Floette
|-activate|p1a: Floette|move: Protect
|
|-heal|p1b: Wyrdeer|96/100|[from] item: Leftovers
|upkeep
|turn|5
|
|t:|1785159940
|switch|p1a: Incineroar|Incineroar, L50, M, shiny|100/100
|-ability|p1a: Incineroar|Intimidate|boost
|-fail|p2a: goonmaxx armstrong|unboost|Attack|[from] ability: Inner Focus|[of] p2a: goonmaxx armstrong
|-unboost|p2b: random ass guy|atk|1
|move|p2b: random ass guy|Helping Hand|p2a: goonmaxx armstrong
|-singleturn|p2a: goonmaxx armstrong|Helping Hand|[of] p2b: random ass guy
|move|p1b: Wyrdeer|Psyshield Bash|p2a: goonmaxx armstrong
|-supereffective|p2a: goonmaxx armstrong|1
|-damage|p2a: goonmaxx armstrong|32/100
|-boost|p1b: Wyrdeer|def|1
|-enditem|p2a: goonmaxx armstrong|Sitrus Berry|[eat]
|-heal|p2a: goonmaxx armstrong|57/100|[from] item: Sitrus Berry
|move|p2a: goonmaxx armstrong|Rage Fist|p1a: Incineroar
|-resisted|p1a: Incineroar|1
|-damage|p1a: Incineroar|0 fnt
|faint|p1a: Incineroar
|
|-heal|p1b: Wyrdeer|100/100|[from] item: Leftovers
|-fieldend|move: Trick Room
|upkeep
|
|t:|1785159955
|switch|p1a: Floette|Floette-Mega, L50, F|100/100
|-ability|p1a: Floette|Fairy Aura
|turn|6
|
|t:|1785159975
|move|p2b: random ass guy|Follow Me|p2b: random ass guy
|-singleturn|p2b: random ass guy|move: Follow Me
|move|p1a: Floette|Moonblast|p2b: random ass guy
|-damage|p2b: random ass guy|9/100
|move|p2a: goonmaxx armstrong|Rage Fist|p1a: Floette
|-damage|p1a: Floette|0 fnt
|faint|p1a: Floette
|move|p1b: Wyrdeer|Psyshield Bash|p2b: random ass guy|[miss]
|-miss|p1b: Wyrdeer|p2b: random ass guy
|
|upkeep
|turn|7
|
|t:|1785159991
|move|p2b: random ass guy|Helping Hand|p2a: goonmaxx armstrong
|-singleturn|p2a: goonmaxx armstrong|Helping Hand|[of] p2b: random ass guy
|move|p2a: goonmaxx armstrong|Drain Punch|p1b: Wyrdeer
|-damage|p1b: Wyrdeer|42/100
|-heal|p2a: goonmaxx armstrong|85/100|[from] drain|[of] p1b: Wyrdeer
|move|p1b: Wyrdeer|Psyshield Bash|p2a: goonmaxx armstrong
|-supereffective|p2a: goonmaxx armstrong|1
|-damage|p2a: goonmaxx armstrong|49/100
|-boost|p1b: Wyrdeer|def|1
|
|-heal|p1b: Wyrdeer|49/100|[from] item: Leftovers
|upkeep
|turn|8
|
|t:|1785160018
|move|p2b: random ass guy|Helping Hand|p2a: goonmaxx armstrong
|-singleturn|p2a: goonmaxx armstrong|Helping Hand|[of] p2b: random ass guy
|move|p2a: goonmaxx armstrong|Drain Punch|p1b: Wyrdeer
|-damage|p1b: Wyrdeer|7/100
|-heal|p2a: goonmaxx armstrong|69/100|[from] drain|[of] p1b: Wyrdeer
|move|p1b: Wyrdeer|Psyshield Bash|p2a: goonmaxx armstrong
|-supereffective|p2a: goonmaxx armstrong|1
|-damage|p2a: goonmaxx armstrong|38/100
|-boost|p1b: Wyrdeer|def|1
|
|-heal|p1b: Wyrdeer|13/100|[from] item: Leftovers
|upkeep
|turn|9
|
|t:|1785160034
|move|p2b: random ass guy|Helping Hand|p2a: goonmaxx armstrong
|-singleturn|p2a: goonmaxx armstrong|Helping Hand|[of] p2b: random ass guy
|move|p2a: goonmaxx armstrong|Drain Punch|p2b: random ass guy
|-resisted|p2b: random ass guy|1
|-damage|p2b: random ass guy|0 fnt
|-heal|p2a: goonmaxx armstrong|42/100|[from] drain|[of] p2b: random ass guy
|faint|p2b: random ass guy
|move|p1b: Wyrdeer|Psyshield Bash|p2a: goonmaxx armstrong
|-supereffective|p2a: goonmaxx armstrong|1
|-damage|p2a: goonmaxx armstrong|11/100
|-boost|p1b: Wyrdeer|def|1
|
|-heal|p1b: Wyrdeer|19/100|[from] item: Leftovers
|upkeep
|
|t:|1785160047
|switch|p2b: dr goon|Gengar, L50, M|100/100
|turn|10
|
|t:|1785160055
|move|p2b: dr goon|Sludge Bomb|p1b: Wyrdeer
|-damage|p1b: Wyrdeer|0 fnt
|faint|p1b: Wyrdeer
|
|win|bingbingbangus
