|j|☆dogwitdaglasses
|j|☆spearow's nest
|html|dogwitdaglassesspearow's nest    
|uhtml|bestof|Game 1 of a best-of-3
|t:|1756670614
|gametype|doubles
|player|p1|dogwitdaglasses|guzma|
|player|p2|spearow's nest|lance|
|gen|9
|tier|[Gen 9] VGC 2025 Reg H (Bo3)
|rule|Species Clause: Limit one of each Pokémon
|rule|Item Clause: Limit 1 of each item
|clearpoke
|poke|p1|Rillaboom, L50, F|
|poke|p1|Dragonite, L50, F|
|poke|p1|Sneasler, L50, M|
|poke|p1|Ninetales-Alola, L50, M|
|poke|p1|Kingambit, L50, M|
|poke|p1|Magmar, L50, M|
|poke|p2|Dragonite, L50, M|
|poke|p2|Gholdengo, L50|
|poke|p2|Rillaboom, L50, M|
|poke|p2|Ursaluna-Bloodmoon, L50, M|
|poke|p2|Maushold-Four, L50|
|poke|p2|Annihilape, L50, M|
|teampreview|4
|showteam|p1|Rillaboom||AssaultVest|GrassySurge|WoodHammer,GrassyGlide,HighHorsepower,FakeOut|||F|||50|,,,,,Fire]Dragonite||LoadedDice|Multiscale|Protect,ScaleShot,LowKick,Haze|||F|||50|,,,,,Fairy]Sneasler||WhiteHerb|Unburden|Protect,DireClaw,CloseCombat,Coaching|||M|||50|,,,,,Ghost]Ninetales-Alola||ChoiceSpecs|SnowWarning|Blizzard,IcyWind,Moonblast,FreezeDry|||M|||50|,,,,,Ghost]Kingambit||SafetyGoggles|Defiant|Protect,KowtowCleave,SuckerPunch,SwordsDance|||M|||50|,,,,,Dark]Magmar||Eviolite|VitalSpirit|Protect,FollowMe,Overheat,WillOWisp|||M|||50|,,,,,Ghost
|showteam|p2|Dragonite||LoadedDice|Multiscale|Tailwind,Haze,Protect,ScaleShot|||M|||50|,,,,,Fairy]Gholdengo||LifeOrb|GoodasGold|MakeItRain,ShadowBall,NastyPlot,Protect||||||50|,,,,,Water]Rillaboom||MiracleSeed|GrassySurge|WoodHammer,GrassyGlide,FakeOut,HighHorsepower|||M|||50|,,,,,Fire]Ursaluna-Bloodmoon||AssaultVest|MindsEye|BloodMoon,HyperVoice,EarthPower,VacuumWave|||M|||50|,,,,,Water]Maushold-Four||FocusSash|FriendGuard|SuperFang,FollowMe,BeatUp,Protect||||||50|,,,,,Ghost]Annihilape||SitrusBerry|Defiant|RageFist,DrainPunch,BulkUp,Protect|||M|||50|,,,,,Fire
|
|t:|1756670631
|teamsize|p1|4
|teamsize|p2|4
|start
|switch|p1a: Noah's BFF|Sneasler, L50, M, shiny|100/100
|switch|p1b: 90% = 50%|Dragonite, L50, F, shiny|100/100
|switch|p2a: Maushold|Maushold-Four, L50|100/100
|switch|p2b: Annihilape|Annihilape, L50, M|100/100
|turn|1
|
|t:|1756670654
|move|p2a: Maushold|Super Fang|p1b: 90% = 50%
|-damage|p1b: 90% = 50%|51/100
|move|p1a: Noah's BFF|Coaching|p1b: 90% = 50%
|-boost|p1b: 90% = 50%|atk|1
|-boost|p1b: 90% = 50%|def|1
|move|p2b: Annihilape|Bulk Up|p2b: Annihilape
|-boost|p2b: Annihilape|atk|1
|-boost|p2b: Annihilape|def|1
|move|p1b: 90% = 50%|Scale Shot|p2b: Annihilape
|-damage|p2b: Annihilape|89/100
|-damage|p2b: Annihilape|78/100
|-damage|p2b: Annihilape|67/100
|-damage|p2b: Annihilape|55/100
|-hitcount|p2b: Annihilape|4
|-unboost|p1b: 90% = 50%|def|1
|-boost|p1b: 90% = 50%|spe|1
|
|upkeep
|turn|2
|
|t:|1756670687
|move|p2a: Maushold|Follow Me|p2a: Maushold
|-singleturn|p2a: Maushold|move: Follow Me
|move|p1b: 90% = 50%|Scale Shot|p2a: Maushold
|-damage|p2a: Maushold|73/100
|-damage|p2a: Maushold|44/100
|-damage|p2a: Maushold|15/100
|-damage|p2a: Maushold|0 fnt
|faint|p2a: Maushold
|-hitcount|p2: Maushold|4
|-unboost|p1b: 90% = 50%|def|1
|-boost|p1b: 90% = 50%|spe|1
|move|p1a: Noah's BFF|Dire Claw|p2b: Annihilape
|-resisted|p2b: Annihilape
|-damage|p2b: Annihilape|41/100
|-enditem|p2b: Annihilape|Sitrus Berry|[eat]
|-heal|p2b: Annihilape|66/100|[from] item: Sitrus Berry
|move|p2b: Annihilape|Rage Fist|p1b: 90% = 50%
|-damage|p1b: 90% = 50%|0 fnt
|faint|p1b: 90% = 50%
|
|upkeep
|
|t:|1756670709
|switch|p2a: Gholdengo|Gholdengo, L50|100/100
|switch|p1b: Kingambling|Kingambit, L50, M, shiny|100/100
|turn|3
|
|t:|1756670725
|move|p1b: Kingambling|Protect|p1b: Kingambling
|-singleturn|p1b: Kingambling|Protect
|move|p1a: Noah's BFF|Coaching|p1b: Kingambling
|-boost|p1b: Kingambling|atk|1
|-boost|p1b: Kingambling|def|1
|move|p2b: Annihilape|Rage Fist|p1a: Noah's BFF
|-damage|p1a: Noah's BFF|0 fnt
|faint|p1a: Noah's BFF
|move|p2a: Gholdengo|Nasty Plot|p2a: Gholdengo
|-boost|p2a: Gholdengo|spa|2
|
|upkeep
|
|t:|1756670736
|switch|p1a: Hi peli|Ninetales-Alola, L50, M, shiny|100/100
|-weather|Snowscape|[from] ability: Snow Warning|[of] p1a: Hi peli
|turn|4
|
|t:|1756670776
|-terastallize|p2b: Annihilape|Fire
|-terastallize|p1b: Kingambling|Dark
|move|p1b: Kingambling|Sucker Punch|p2a: Gholdengo
|-supereffective|p2a: Gholdengo
|-damage|p2a: Gholdengo|0 fnt
|faint|p2a: Gholdengo
|move|p1a: Hi peli|Blizzard|p2b: Annihilape
|-resisted|p2b: Annihilape
|-damage|p2b: Annihilape|38/100
|move|p2b: Annihilape|Rage Fist|p1a: Hi peli
|-damage|p1a: Hi peli|0 fnt
|faint|p1a: Hi peli
|
|-weather|Snowscape|[upkeep]
|upkeep
|
|t:|1756670826
|switch|p2a: Ursaluna|Ursaluna-Bloodmoon, L50, M|100/100
|turn|5
|
|t:|1756670839
|move|p2b: Annihilape|Drain Punch|p1b: Kingambling
|-supereffective|p1b: Kingambling
|-damage|p1b: Kingambling|53/100
|-heal|p2b: Annihilape|63/100|[from] drain|[of] p1b: Kingambling
|move|p2a: Ursaluna|Blood Moon|p1b: Kingambling
|-damage|p1b: Kingambling|0 fnt
|faint|p1b: Kingambling
|
|win|spearow's nest
