|j|☆hinoky
|j|☆8787878i
|html|hinoky8787878i    
|uhtml|bestof|Game 1 of a best-of-3
|t:|1785768610
|gametype|doubles
|player|p1|hinoky|wattson|1147
|player|p2|8787878i|tuberf|1301
|gen|9
|tier|[Gen 9 Champions] VGC 2026 Reg M-B (Bo3)
|rated|
|rule|Species Clause: Limit one of each Pokémon
|rule|Item Clause: Limit 1 of each item
|clearpoke
|poke|p1|Whimsicott, L50, F|
|poke|p1|Basculegion, L50, M|
|poke|p1|Charizard, L50, M|
|poke|p1|Garchomp, L50, F|
|poke|p1|Kingambit, L50, F|
|poke|p1|Floette-Eternal, L50, F|
|poke|p2|Staraptor, L50, M|
|poke|p2|Glimmora, L50, F|
|poke|p2|Whimsicott, L50, F|
|poke|p2|Kingambit, L50, M|
|poke|p2|Garchomp, L50, M|
|poke|p2|Delphox, L50, M|
|teampreview|4
|showteam|p1|Whimsicott||FocusSash|Prankster|Moonblast,Tailwind,Encore,Protect|Timid||F|||50|]Basculegion||MysticWater|Adaptability|Protect,WaveCrash,LastRespects,AquaJet|Adamant||M|||50|]Charizard||CharizarditeY|Blaze|HeatWave,SolarBeam,WeatherBall,Protect|Modest||M|||50|]Garchomp||LifeOrb|RoughSkin|Earthquake,RockSlide,DragonClaw,Protect|Jolly||F|||50|]Kingambit||BlackGlasses|Defiant|SuckerPunch,KowtowCleave,IronHead,Protect|Adamant||F|||50|]Floette-Eternal||Floettite|FlowerVeil|Protect,DazzlingGleam,Moonblast,LightofRuin|Modest||F|||50|
|showteam|p2|Staraptor||Staraptite|Intimidate|CloseCombat,BraveBird,Roost,Protect|Jolly||M|||50|]Glimmora||FocusSash|ToxicDebris|PowerGem,SludgeBomb,EarthPower,SpikyShield|Modest||F|||50|]Whimsicott||OccaBerry|Prankster|Tailwind,Moonblast,Charm,LightScreen|Timid||F|||50|]Kingambit||ChopleBerry|Defiant|KowtowCleave,IronHead,LowKick,SuckerPunch|Adamant||M|||50|]Garchomp||ChoiceScarf|RoughSkin|Earthquake,DragonClaw,RockSlide,StompingTantrum|Adamant||M|||50|]Delphox||Delphoxite|Blaze|HeatWave,Psychic,Encore,Protect|Timid||M|||50|
|
|t:|1785768669
|teamsize|p1|4
|teamsize|p2|4
|start
|switch|p1a: Whimsicott|Whimsicott, L50, F|100/100
|switch|p1b: Kingambit|Kingambit, L50, F|100/100
|switch|p2a: Glimmora|Glimmora, L50, F|100/100
|switch|p2b: Whimsicott|Whimsicott, L50, F|100/100
|turn|1
|
|t:|1785768692
|move|p1a: Whimsicott|Tailwind|p1a: Whimsicott
|-sidestart|p1: hinoky|move: Tailwind
|move|p2b: Whimsicott|Tailwind|p2b: Whimsicott
|-sidestart|p2: 8787878i|move: Tailwind
|move|p2a: Glimmora|Earth Power|p1b: Kingambit
|-supereffective|p1b: Kingambit|1
|-damage|p1b: Kingambit|24/100
|move|p1b: Kingambit|Iron Head|p2b: Whimsicott
|-supereffective|p2b: Whimsicott|1
|-damage|p2b: Whimsicott|4/100
|
|upkeep
|turn|2
|
|t:|1785768713
|switch|p1b: Basculegion|Basculegion, L50, M|100/100
|move|p1a: Whimsicott|Encore|p2b: Whimsicott
|-start|p2b: Whimsicott|Encore
|move|p2b: Whimsicott|Tailwind||[still]
|-fail|p2b: Whimsicott
|move|p2a: Glimmora|Earth Power|p1b: Basculegion
|-damage|p1b: Basculegion|63/100
|
|upkeep
|turn|3
|
|t:|1785768726
|switch|p2b: Staraptor|Staraptor, L50, M|100/100
|-ability|p2b: Staraptor|Intimidate|boost
|-unboost|p1a: Whimsicott|atk|1
|-unboost|p1b: Basculegion|atk|1
|move|p1a: Whimsicott|Moonblast|p2b: Staraptor
|-damage|p2b: Staraptor|48/100
|move|p2a: Glimmora|Sludge Bomb|p1a: Whimsicott
|-supereffective|p1a: Whimsicott|2
|-enditem|p1a: Whimsicott|Focus Sash
|-damage|p1a: Whimsicott|1/100
|move|p1b: Basculegion|Wave Crash|p2a: Glimmora
|-supereffective|p2a: Glimmora|1
|-enditem|p2a: Glimmora|Focus Sash
|-damage|p2a: Glimmora|1/100
|-activate|p2a: Glimmora|ability: Toxic Debris
|-sidestart|p1: hinoky|move: Toxic Spikes
|-damage|p1b: Basculegion|37/100|[from] Recoil
|
|upkeep
|turn|4
|
|t:|1785768768
|detailschange|p2b: Staraptor|Staraptor-Mega, L50, M
|-mega|p2b: Staraptor|Staraptor|Staraptite
|move|p1a: Whimsicott|Protect|p1a: Whimsicott
|-singleturn|p1a: Whimsicott|Protect
|move|p1b: Basculegion|Aqua Jet|p2a: Glimmora
|-supereffective|p2a: Glimmora|1
|-damage|p2a: Glimmora|0 fnt
|-activate|p2a: Glimmora|ability: Toxic Debris
|-sidestart|p1: hinoky|move: Toxic Spikes
|faint|p2a: Glimmora
|move|p2b: Staraptor|Close Combat|p1a: Whimsicott
|-activate|p1a: Whimsicott|move: Protect
|
|-sideend|p1: hinoky|move: Tailwind
|-sideend|p2: 8787878i|move: Tailwind
|upkeep
|
|t:|1785768776
|switch|p2a: Whimsicott|Whimsicott, L50, F|4/100
|turn|5
|
|t:|1785768784
|move|p1a: Whimsicott|Tailwind|p1a: Whimsicott
|-sidestart|p1: hinoky|move: Tailwind
|move|p1b: Basculegion|Aqua Jet|p2a: Whimsicott
|-resisted|p2a: Whimsicott|1
|-damage|p2a: Whimsicott|0 fnt
|faint|p2a: Whimsicott
|move|p2b: Staraptor|Close Combat|p1a: Whimsicott
|-resisted|p1a: Whimsicott|1
|-damage|p1a: Whimsicott|0 fnt
|-boost|p2b: Staraptor|def|1
|-boost|p2b: Staraptor|spd|1
|faint|p1a: Whimsicott
|
|upkeep
|
|t:|1785768796
|switch|p1a: Kingambit|Kingambit, L50, F|24/100
|switch|p2a: Garchomp|Garchomp, L50, M|100/100
|turn|6
|
|t:|1785768810
|move|p1a: Kingambit|Sucker Punch|p2b: Staraptor
|-resisted|p2b: Staraptor|1
|-damage|p2b: Staraptor|32/100
|move|p1b: Basculegion|Last Respects|p2a: Garchomp
|-damage|p2a: Garchomp|57/100
|move|p2a: Garchomp|Dragon Claw|p1b: Basculegion
|-damage|p1b: Basculegion|0 fnt
|faint|p1b: Basculegion
|move|p2b: Staraptor|Close Combat|p1a: Kingambit
|-supereffective|p1a: Kingambit|2
|-damage|p1a: Kingambit|0 fnt
|-boost|p2b: Staraptor|def|1
|-boost|p2b: Staraptor|spd|1
|faint|p1a: Kingambit
|
|upkeep
|
|t:|1785768832
|switch|p1a: Garchomp|Garchomp, L50, F|100/100
|-status|p1a: Garchomp|tox
|turn|7
|
|t:|1785768837
|move|p1a: Garchomp|Dragon Claw|p2a: Garchomp
|-supereffective|p2a: Garchomp|1
|-crit|p2a: Garchomp
|-damage|p2a: Garchomp|0 fnt
|-damage|p1a: Garchomp|87/100 tox|[from] ability: Rough Skin|[of] p2a: Garchomp
|faint|p2a: Garchomp
|-damage|p1a: Garchomp|77/100 tox|[from] item: Life Orb
|move|p2b: Staraptor|Roost|p2b: Staraptor
|-heal|p2b: Staraptor|83/100
|-singleturn|p2b: Staraptor|move: Roost
|
|-damage|p1a: Garchomp|71/100 tox|[from] psn
|upkeep
|turn|8
|
|t:|1785768857
|move|p2b: Staraptor|Protect|p2b: Staraptor
|-singleturn|p2b: Staraptor|Protect
|move|p1a: Garchomp|Earthquake|p2b: Staraptor
|-activate|p2b: Staraptor|move: Protect
|
|-damage|p1a: Garchomp|60/100 tox|[from] psn
|-sideend|p1: hinoky|move: Tailwind
|upkeep
|turn|9
|-message|hinoky forfeited.
|
|win|8787878i
