|j|☆palle synchro
|j|☆lryuzaki13
|html|palle synchrolryuzaki13    
|uhtml|bestof|Game 2 of a best-of-3
|t:|1785852813
|gametype|doubles
|player|p1|palle synchro|ethan|1421
|player|p2|lryuzaki13|n|1441
|gen|9
|tier|[Gen 9 Champions] VGC 2026 Reg M-B (Bo3)
|rated|
|rule|Species Clause: Limit one of each Pokémon
|rule|Item Clause: Limit 1 of each item
|clearpoke
|poke|p1|Whimsicott, L50, M|
|poke|p1|Basculegion, L50, M|
|poke|p1|Kingambit, L50, F|
|poke|p1|Floette-Eternal, L50, F|
|poke|p1|Garchomp, L50, M|
|poke|p1|Charizard, L50, M|
|poke|p2|Sneasler, L50, M, shiny|
|poke|p2|Floette-Eternal, L50, F|
|poke|p2|Kingambit, L50, F, shiny|
|poke|p2|Whimsicott, L50, M, shiny|
|poke|p2|Garchomp, L50, M, shiny|
|poke|p2|Basculegion, L50, M, shiny|
|teampreview|4
|showteam|p1|Whimsicott||FocusSash|Prankster|Protect,Moonblast,Tailwind,Encore|Timid||M|||50|]Basculegion||MysticWater|Adaptability|WaveCrash,Protect,LastRespects,AquaJet|Adamant||M|||50|]Kingambit||ChopleBerry|Defiant|KowtowCleave,LowKick,SuckerPunch,IronHead|Adamant||F|||50|]Floette-Eternal||Floettite|FlowerVeil|Moonblast,DazzlingGleam,LightofRuin,Protect|Modest||F|||50|]Garchomp||LifeOrb|RoughSkin|Protect,StompingTantrum,DragonClaw,RockSlide|Jolly||M|||50|]Charizard||CharizarditeY|Blaze|HeatWave,SolarBeam,WeatherBall,Protect|Modest||M|||50|
|showteam|p2|Sneasler||WhiteHerb|Unburden|CloseCombat,GunkShot,FakeOut,Protect|Jolly||M|||50|]Floette-Eternal||Floettite|FlowerVeil|DazzlingGleam,LightofRuin,Moonblast,Protect|Timid||F|||50|]Kingambit||BlackGlasses|Defiant|KowtowCleave,SuckerPunch,SwordsDance,Protect|Adamant||F|||50|]Whimsicott||MentalHerb|Prankster|Encore,Moonblast,Protect,Tailwind|Timid||M|||50|]Garchomp||LifeOrb|RoughSkin|Earthquake,Protect,RockSlide,StompingTantrum|Jolly||M|||50|]Basculegion||FocusSash|Adaptability|LastRespects,Liquidation,AquaJet,Protect|Adamant||M|||50|
|inactive|Battle timer is ON: inactive players will automatically lose when time's up. (requested by palle synchro)
|
|t:|1785852829
|teamsize|p1|4
|teamsize|p2|4
|start
|switch|p1a: Whimsicott|Whimsicott, L50, M|100/100
|switch|p1b: Floette|Floette-Eternal, L50, F|100/100
|switch|p2a: Bishop|Whimsicott, L50, M, shiny|100/100
|switch|p2b: Rook|Sneasler, L50, M, shiny|100/100
|turn|1
|inactive|palle synchro has 30 seconds left.
|
|t:|1785852855
|switch|p1b: Garchomp|Garchomp, L50, M|100/100
|move|p1a: Whimsicott|Tailwind|p1a: Whimsicott
|-sidestart|p1: palle synchro|move: Tailwind
|move|p2a: Bishop|Tailwind|p2a: Bishop
|-sidestart|p2: lryuzaki13|move: Tailwind
|move|p2b: Rook|Gunk Shot|p1b: Garchomp|[miss]
|-miss|p2b: Rook|p1b: Garchomp
|
|upkeep
|turn|2
|
|t:|1785852867
|move|p1a: Whimsicott|Encore|p2a: Bishop
|-start|p2a: Bishop|Encore
|-enditem|p2a: Bishop|Mental Herb
|-end|p2a: Bishop|Encore
|move|p2b: Rook|Close Combat|p1b: Garchomp
|-damage|p1b: Garchomp|37/100
|-unboost|p2b: Rook|def|1
|-unboost|p2b: Rook|spd|1
|-damage|p2b: Rook|87/100|[from] ability: Rough Skin|[of] p1b: Garchomp
|-enditem|p2b: Rook|White Herb
|-clearnegativeboost|p2b: Rook|[silent]
|move|p2a: Bishop|Moonblast|p1b: Garchomp
|-supereffective|p1b: Garchomp|1
|-damage|p1b: Garchomp|0 fnt
|faint|p1b: Garchomp
|
|upkeep
|
|t:|1785852880
|switch|p1b: Floette|Floette-Eternal, L50, F|100/100
|turn|3
|
|t:|1785852884
|detailschange|p1b: Floette|Floette-Mega, L50, F
|-mega|p1b: Floette|Floette|Floettite
|-ability|p1b: Floette|Fairy Aura
|move|p1b: Floette|Protect|p1b: Floette
|-singleturn|p1b: Floette|Protect
|move|p2b: Rook|Gunk Shot|p1b: Floette
|-activate|p1b: Floette|move: Protect
|move|p1a: Whimsicott|Moonblast|p2b: Rook
|-damage|p2b: Rook|20/100y
|move|p2a: Bishop|Moonblast|p1a: Whimsicott
|-damage|p1a: Whimsicott|27/100
|
|upkeep
|turn|4
|
|t:|1785852899
|switch|p1b: Kingambit|Kingambit, L50, F|100/100
|move|p1a: Whimsicott|Protect|p1a: Whimsicott
|-singleturn|p1a: Whimsicott|Protect
|move|p2a: Bishop|Encore|p1b: Kingambit
|-hint|Since gen 7, Dark is immune to Prankster moves.
|-immune|p1b: Kingambit
|move|p2b: Rook|Gunk Shot|p1a: Whimsicott
|-activate|p1a: Whimsicott|move: Protect
|
|-sideend|p2: lryuzaki13|move: Tailwind
|-sideend|p1: palle synchro|move: Tailwind
|upkeep
|turn|5
|inactive|lryuzaki13 has 30 seconds left.
|inactive|lryuzaki13 has 20 seconds left.
|inactive|lryuzaki13 has 15 seconds left.
|inactive|lryuzaki13 has 10 seconds left.
|
|t:|1785852947
|move|p1a: Whimsicott|Tailwind|p1a: Whimsicott
|-sidestart|p1: palle synchro|move: Tailwind
|move|p2a: Bishop|Tailwind|p2a: Bishop
|-sidestart|p2: lryuzaki13|move: Tailwind
|move|p1b: Kingambit|Sucker Punch|p2b: Rook
|-resisted|p2b: Rook|1
|-damage|p2b: Rook|0 fnt
|faint|p2b: Rook
|
|upkeep
|
|t:|1785852962
|switch|p2b: Knight|Garchomp, L50, M, shiny|100/100
|turn|6
|
|t:|1785852969
|move|p1a: Whimsicott|Protect|p1a: Whimsicott
|-singleturn|p1a: Whimsicott|Protect
|move|p2b: Knight|Protect|p2b: Knight
|-singleturn|p2b: Knight|Protect
|move|p2a: Bishop|Moonblast|p1a: Whimsicott
|-activate|p1a: Whimsicott|move: Protect
|move|p1b: Kingambit|Iron Head|p2a: Bishop
|-supereffective|p2a: Bishop|1
|-damage|p2a: Bishop|0 fnt
|faint|p2a: Bishop
|
|upkeep
|
|t:|1785852971
|switch|p2a: Pawn|Basculegion, L50, M, shiny|100/100
|turn|7
|
|t:|1785852996
|move|p2b: Knight|Protect|p2b: Knight
|-singleturn|p2b: Knight|Protect
|move|p1a: Whimsicott|Encore|p2b: Knight
|-activate|p2b: Knight|move: Protect
|move|p2a: Pawn|Aqua Jet|p1a: Whimsicott
|-resisted|p1a: Whimsicott|1
|-damage|p1a: Whimsicott|5/100
|move|p1b: Kingambit|Kowtow Cleave|p2a: Pawn
|-supereffective|p2a: Pawn|1
|-enditem|p2a: Pawn|Focus Sash
|-damage|p2a: Pawn|1/100
|
|upkeep
|turn|8
|
|t:|1785853019
|move|p1a: Whimsicott|Encore|p2b: Knight
|-start|p2b: Knight|Encore
|move|p2b: Knight|Protect||[still]
|-fail|p2b: Knight
|move|p2a: Pawn|Aqua Jet|p1a: Whimsicott
|-resisted|p1a: Whimsicott|1
|-damage|p1a: Whimsicott|0 fnt
|faint|p1a: Whimsicott
|move|p1b: Kingambit|Kowtow Cleave|p2a: Pawn
|-supereffective|p2a: Pawn|1
|-damage|p2a: Pawn|0 fnt
|faint|p2a: Pawn
|
|-sideend|p1: palle synchro|move: Tailwind
|-sideend|p2: lryuzaki13|move: Tailwind
|upkeep
|
|t:|1785853022
|switch|p1a: Floette|Floette-Mega, L50, F|100/100
|-ability|p1a: Floette|Fairy Aura
|turn|9
|-message|lryuzaki13 forfeited.
|
|win|palle synchro
|raw|palle synchro's rating: 1421 → 1442(+21 for winning)
|raw|lryuzaki13's rating: 1441 → 1420(-21 for losing)
