|j|☆JKAngelz
|j|☆araf zaman
|html|JKAngelzaraf zaman    
|uhtml|bestof|Game 2 of a best-of-3
|t:|1755764633
|gametype|doubles
|player|p1|JKAngelz|hilbert|1200
|player|p2|araf zaman|nate|1256
|gen|9
|tier|[Gen 9] VGC 2025 Reg H (Bo3)
|rated|
|rule|Species Clause: Limit one of each Pokémon
|rule|Item Clause: Limit 1 of each item
|clearpoke
|poke|p1|Volcarona, L50, F|
|poke|p1|Tyranitar, L50, F|
|poke|p1|Primarina, L50, F|
|poke|p1|Amoonguss, L50, F|
|poke|p1|Excadrill, L50, F|
|poke|p1|Dragapult, L50, F|
|poke|p2|Ninetales-Alola, L50, F|
|poke|p2|Rillaboom, L50, F|
|poke|p2|Sneasler, L50, F|
|poke|p2|Kingambit, L50, M|
|poke|p2|Basculegion, L50, M|
|poke|p2|Magmar, L50, M|
|teampreview|4
|showteam|p1|Volcarona||Leftovers|FlameBody|FieryDance,Protect,QuiverDance,GigaDrain|||F|||50|,,,,,Grass]Tyranitar||AssaultVest|SandStream|RockSlide,KnockOff,TeraBlast,LowKick|||F|||50|,,,,,Flying]Primarina||ThroatSpray|LiquidVoice|HyperVoice,Protect,Moonblast,Haze|||F|||50|,,,,,Poison]Amoonguss||SitrusBerry|Regenerator|Spore,Protect,SludgeBomb,RagePowder|||F|||50|,,,,,Water]Excadrill||FocusSash|SandRush|RockSlide,Protect,HighHorsepower,IronHead|||F|||50|,,,,,Ghost]Dragapult||ChoiceBand|ClearBody|DragonDarts,Uturn,Outrage,PhantomForce|||F|||50|,,,,,Dragon
|showteam|p2|Ninetales-Alola||LifeOrb|SnowWarning|Blizzard,FreezeDry,Protect,Encore|||F|||50|,,,,,Ghost]Rillaboom||AssaultVest|GrassySurge|FakeOut,Uturn,WoodHammer,GrassyGlide|||F|||50|,,,,,Fire]Sneasler||FocusSash|PoisonTouch|DireClaw,CloseCombat,FakeOut,Protect|||F|||50|,,,,,Ghost]Kingambit||BlackGlasses|Defiant|SuckerPunch,KowtowCleave,SwordsDance,Protect|||M|||50|,,,,,Fire]Basculegion||ChoiceScarf|Adaptability|WaveCrash,FlipTurn,LastRespects,TeraBlast|||M|||50|,,,,,Fighting]Magmar||Eviolite|VitalSpirit|FollowMe,HeatWave,Taunt,Protect|||M|||50|,,,,,Ghost
|
|t:|1755764685
|teamsize|p1|4
|teamsize|p2|4
|start
|switch|p1a: Volcarona|Volcarona, L50, F, shiny|100/100
|switch|p1b: Excadrill|Excadrill, L50, F, shiny|100/100
|switch|p2a: Rillaboom|Rillaboom, L50, F|100/100
|switch|p2b: Kingambit|Kingambit, L50, M|100/100
|-fieldstart|move: Grassy Terrain|[from] ability: Grassy Surge|[of] p2a: Rillaboom
|turn|1
|
|t:|1755764703
|switch|p1b: Amoonguss|Amoonguss, L50, F, shiny|100/100
|move|p2a: Rillaboom|Fake Out|p1b: Amoonguss
|-damage|p1b: Amoonguss|87/100
|move|p1a: Volcarona|Quiver Dance|p1a: Volcarona
|-boost|p1a: Volcarona|spa|1
|-boost|p1a: Volcarona|spd|1
|-boost|p1a: Volcarona|spe|1
|move|p2b: Kingambit|Swords Dance|p2b: Kingambit
|-boost|p2b: Kingambit|atk|2
|
|-heal|p1b: Amoonguss|93/100|[from] Grassy Terrain
|upkeep
|turn|2
|
|t:|1755764730
|-terastallize|p2b: Kingambit|Fire
|move|p1b: Amoonguss|Rage Powder|p1b: Amoonguss
|-singleturn|p1b: Amoonguss|move: Rage Powder
|move|p1a: Volcarona|Fiery Dance|p2a: Rillaboom
|-supereffective|p2a: Rillaboom
|-crit|p2a: Rillaboom
|-damage|p2a: Rillaboom|0 fnt
|faint|p2a: Rillaboom
|move|p2b: Kingambit|Kowtow Cleave|p1b: Amoonguss
|-damage|p1b: Amoonguss|0 fnt
|faint|p1b: Amoonguss
|
|upkeep
|
|t:|1755764755
|switch|p2a: Ninetales|Ninetales-Alola, L50, F|100/100
|switch|p1b: Tyranitar|Tyranitar, L50, F, shiny|100/100
|-weather|Snowscape|[from] ability: Snow Warning|[of] p2a: Ninetales
|-weather|Sandstorm|[from] ability: Sand Stream|[of] p1b: Tyranitar
|turn|3
|
|t:|1755764776
|move|p2a: Ninetales|Protect|p2a: Ninetales
|-singleturn|p2a: Ninetales|Protect
|move|p2b: Kingambit|Protect|p2b: Kingambit
|-singleturn|p2b: Kingambit|Protect
|move|p1a: Volcarona|Fiery Dance|p2b: Kingambit
|-activate|p2b: Kingambit|move: Protect
|move|p1b: Tyranitar|Knock Off|p2b: Kingambit
|-activate|p2b: Kingambit|move: Protect
|
|-weather|Sandstorm|[upkeep]
|-damage|p1a: Volcarona|94/100|[from] Sandstorm
|-damage|p2a: Ninetales|94/100|[from] Sandstorm
|-damage|p2b: Kingambit|95/100|[from] Sandstorm
|-heal|p1a: Volcarona|100/100|[from] Grassy Terrain
|-heal|p2a: Ninetales|100/100|[from] Grassy Terrain
|-heal|p2b: Kingambit|100/100|[from] Grassy Terrain
|upkeep
|turn|4
|
|t:|1755764790
|move|p2b: Kingambit|Sucker Punch||[still]
|-fail|p2b: Kingambit
|move|p1a: Volcarona|Quiver Dance|p1a: Volcarona
|-boost|p1a: Volcarona|spa|1
|-boost|p1a: Volcarona|spd|1
|-boost|p1a: Volcarona|spe|1
|move|p2a: Ninetales|Encore|p1b: Tyranitar
|-start|p1b: Tyranitar|Encore
|move|p1b: Tyranitar|Knock Off|p2a: Ninetales
|-resisted|p2a: Ninetales
|-damage|p2a: Ninetales|61/100
|-enditem|p2a: Ninetales|Life Orb|[from] move: Knock Off|[of] p1b: Tyranitar
|
|-weather|Sandstorm|[upkeep]
|-damage|p1a: Volcarona|94/100|[from] Sandstorm
|-damage|p2a: Ninetales|55/100|[from] Sandstorm
|-damage|p2b: Kingambit|95/100|[from] Sandstorm
|-heal|p1a: Volcarona|100/100|[from] Grassy Terrain
|-heal|p2a: Ninetales|61/100|[from] Grassy Terrain
|-heal|p2b: Kingambit|100/100|[from] Grassy Terrain
|upkeep
|turn|5
|
|t:|1755764810
|move|p1a: Volcarona|Protect|p1a: Volcarona
|-singleturn|p1a: Volcarona|Protect
|move|p2b: Kingambit|Sucker Punch||[still]
|-fail|p2b: Kingambit
|move|p2a: Ninetales|Encore|p1a: Volcarona
|-activate|p1a: Volcarona|move: Protect
|move|p1b: Tyranitar|Knock Off|p2b: Kingambit
|-damage|p2b: Kingambit|57/100
|-enditem|p2b: Kingambit|Black Glasses|[from] move: Knock Off|[of] p1b: Tyranitar
|
|-weather|Sandstorm|[upkeep]
|-damage|p1a: Volcarona|94/100|[from] Sandstorm
|-damage|p2a: Ninetales|55/100|[from] Sandstorm
|-damage|p2b: Kingambit|51/100|[from] Sandstorm
|-heal|p1a: Volcarona|100/100|[from] Grassy Terrain
|-heal|p2a: Ninetales|61/100|[from] Grassy Terrain
|-heal|p2b: Kingambit|57/100|[from] Grassy Terrain
|-fieldend|move: Grassy Terrain
|upkeep
|turn|6
|
|t:|1755764834
|switch|p2a: Basculegion|Basculegion, L50, M|100/100
|switch|p1b: Excadrill|Excadrill, L50, F, shiny|100/100
|move|p2b: Kingambit|Sucker Punch|p1a: Volcarona
|-damage|p1a: Volcarona|0 fnt
|faint|p1a: Volcarona
|
|-weather|Sandstorm|[upkeep]
|-damage|p2a: Basculegion|94/100|[from] Sandstorm
|-damage|p2b: Kingambit|51/100|[from] Sandstorm
|upkeep
|
|t:|1755764844
|switch|p1a: Tyranitar|Tyranitar, L50, F, shiny|100/100
|turn|7
|
|t:|1755764867
|move|p2b: Kingambit|Sucker Punch|p1a: Tyranitar
|-resisted|p1a: Tyranitar
|-damage|p1a: Tyranitar|70/100
|move|p1b: Excadrill|Rock Slide|p2b: Kingambit|[spread] p2b
|-miss|p1b: Excadrill|p2a: Basculegion
|-supereffective|p2b: Kingambit
|-damage|p2b: Kingambit|20/100
|move|p2a: Basculegion|Wave Crash|p1a: Tyranitar
|-supereffective|p1a: Tyranitar
|-damage|p1a: Tyranitar|0 fnt
|faint|p1a: Tyranitar
|-damage|p2a: Basculegion|71/100|[from] Recoil
|
|-weather|none
|upkeep
|turn|8
|c|☆araf zaman|Gg
|
|t:|1755764880
|move|p2b: Kingambit|Sucker Punch|p1b: Excadrill
|-enditem|p1b: Excadrill|Focus Sash
|-damage|p1b: Excadrill|1/100
|move|p2a: Basculegion|Wave Crash|p1b: Excadrill
|-supereffective|p1b: Excadrill
|-damage|p1b: Excadrill|0 fnt
|faint|p1b: Excadrill
|-damage|p2a: Basculegion|70/100|[from] Recoil
|
|win|araf zaman
|raw|JKAngelz's rating: 1200 → 1179(-21 for losing)
|raw|araf zaman's rating: 1256 → 1277(+21 for winning)
