|j|☆FlareIsSolar
|j|☆TONKMAN
|html|FlareIsSolarTONKMAN    
|uhtml|bestof|Game 1 of a best-of-3
|t:|1757630878
|gametype|doubles
|player|p1|FlareIsSolar|volkner|1248
|player|p2|TONKMAN|crasherwake|1166
|gen|9
|tier|[Gen 9] VGC 2025 Reg H (Bo3)
|rated|
|rule|Species Clause: Limit one of each Pokémon
|rule|Item Clause: Limit 1 of each item
|clearpoke
|poke|p1|Garchomp, L50, F|
|poke|p1|Gholdengo, L50|
|poke|p1|Talonflame, L50, M|
|poke|p1|Amoonguss, L50, F|
|poke|p1|Tyranitar, L50, M|
|poke|p1|Basculegion, L50, M|
|poke|p2|Vivillon, L50, M|
|poke|p2|Garchomp, L50, F|
|poke|p2|Primarina, L50, F|
|poke|p2|Porygon2, L50|
|poke|p2|Incineroar, L50, F|
|poke|p2|Gholdengo, L50|
|teampreview|4
|showteam|p1|Garchomp||LifeOrb|RoughSkin|DragonClaw,StompingTantrum,Earthquake,Protect|||F|||50|,,,,,Steel]Gholdengo||MetalCoat|GoodasGold|MakeItRain,ShadowBall,NastyPlot,Protect||||||50|,,,,,Water]Talonflame||CovertCloak|GaleWings|BraveBird,WillOWisp,Tailwind,Taunt|||M|||50|,,,,,Ghost]Amoonguss||SitrusBerry|Regenerator|PollenPuff,Spore,RagePowder,Protect|||F|||50|,,,,,Water]Tyranitar||AssaultVest|SandStream|KnockOff,RockSlide,LowKick,TeraBlast|||M|||50|,,,,,Flying]Basculegion||ChoiceScarf|Adaptability|WaveCrash,LastRespects,FlipTurn,AquaJet|||M|||50|,,,,,Water
|showteam|p2|Vivillon||FocusSash|CompoundEyes|Hurricane,SleepPowder,RagePowder,Protect|||M|||50|,,,,,Ghost]Garchomp||LifeOrb|RoughSkin|DragonClaw,Earthquake,StompingTantrum,Protect|||F|||50|,,,,,Steel]Primarina||SitrusBerry|LiquidVoice|HyperVoice,Moonblast,Haze,Protect|||F|||50|,,,,,Poison]Porygon2||Eviolite|Download|TeraBlast,IceBeam,TrickRoom,Recover||||||50|,,,,,Ground]Incineroar||SafetyGoggles|Intimidate|FakeOut,FlareBlitz,KnockOff,PartingShot|||F|||50|,,,,,Ghost]Gholdengo||Leftovers|GoodasGold|MakeItRain,ShadowBall,NastyPlot,Protect||||||50|,,,,,Flying
|inactive|Battle timer is ON: inactive players will automatically lose when time's up. (requested by TONKMAN)
|
|t:|1757630920
|teamsize|p1|4
|teamsize|p2|4
|start
|switch|p1a: Gholdengo|Gholdengo, L50|100/100
|switch|p1b: Talonflame|Talonflame, L50, M|100/100
|switch|p2a: Vivillon|Vivillon, L50, M|100/100
|switch|p2b: Garchomp|Garchomp, L50, F|100/100
|turn|1
|inactive|TONKMAN has 30 seconds left.
|
|t:|1757630946
|-terastallize|p1a: Gholdengo|Water
|move|p1b: Talonflame|Taunt|p2a: Vivillon
|-start|p2a: Vivillon|move: Taunt
|move|p2b: Garchomp|Earthquake|p1b: Talonflame|[spread] p1a
|-immune|p2a: Vivillon
|-immune|p1b: Talonflame
|-damage|p1a: Gholdengo|45/100
|-damage|p2b: Garchomp|91/100|[from] item: Life Orb
|cant|p2a: Vivillon|move: Taunt|Sleep Powder
|move|p1a: Gholdengo|Nasty Plot|p1a: Gholdengo
|-boost|p1a: Gholdengo|spa|2
|
|upkeep
|turn|2
|
|t:|1757630963
|move|p1b: Talonflame|Tailwind|p1b: Talonflame
|-sidestart|p1: FlareIsSolar|move: Tailwind
|move|p1a: Gholdengo|Make It Rain|p2b: Garchomp|[spread] p2a,p2b
|-enditem|p2a: Vivillon|Focus Sash
|-damage|p2a: Vivillon|1/100
|-damage|p2b: Garchomp|0 fnt
|-unboost|p1a: Gholdengo|spa|1
|faint|p2b: Garchomp
|move|p2a: Vivillon|Hurricane|p1b: Talonflame
|-damage|p1b: Talonflame|37/100
|
|upkeep
|
|t:|1757630971
|switch|p2b: Incineroar|Incineroar, L50, F|100/100
|-ability|p2b: Incineroar|Intimidate|boost
|-unboost|p1a: Gholdengo|atk|1
|-unboost|p1b: Talonflame|atk|1
|turn|3
|
|t:|1757630984
|switch|p1b: Garchomp|Garchomp, L50, F|100/100
|move|p1a: Gholdengo|Protect|p1a: Gholdengo
|-singleturn|p1a: Gholdengo|Protect
|move|p2b: Incineroar|Fake Out|p1a: Gholdengo
|-activate|p1a: Gholdengo|move: Protect
|move|p2a: Vivillon|Hurricane|p1a: Gholdengo
|-activate|p1a: Gholdengo|move: Protect
|
|-end|p2a: Vivillon|move: Taunt
|upkeep
|turn|4
|
|t:|1757630997
|move|p2a: Vivillon|Protect|p2a: Vivillon
|-singleturn|p2a: Vivillon|Protect
|move|p1b: Garchomp|Stomping Tantrum|p2b: Incineroar
|-supereffective|p2b: Incineroar
|-damage|p2b: Incineroar|15/100
|-damage|p1b: Garchomp|91/100|[from] item: Life Orb
|move|p1a: Gholdengo|Make It Rain|p2a: Vivillon|[spread] p2b
|-activate|p2a: Vivillon|move: Protect
|-resisted|p2b: Incineroar
|-damage|p2b: Incineroar|0 fnt
|-unboost|p1a: Gholdengo|spa|1
|faint|p2b: Incineroar
|
|upkeep
|
|t:|1757631005
|switch|p2b: Gholdengo|Gholdengo, L50|100/100
|turn|5
|
|t:|1757631022
|move|p2a: Vivillon|Rage Powder|p2a: Vivillon
|-singleturn|p2a: Vivillon|move: Rage Powder
|move|p1b: Garchomp|Stomping Tantrum|p2a: Vivillon
|-immune|p2a: Vivillon
|move|p1a: Gholdengo|Make It Rain|p2b: Gholdengo|[spread] p2a,p2b
|-resisted|p2b: Gholdengo
|-damage|p2a: Vivillon|0 fnt
|-damage|p2b: Gholdengo|72/100
|-unboost|p1a: Gholdengo|spa|1
|faint|p2a: Vivillon
|move|p2b: Gholdengo|Nasty Plot|p2b: Gholdengo
|-boost|p2b: Gholdengo|spa|2
|
|-heal|p2b: Gholdengo|78/100|[from] item: Leftovers
|-sideend|p1: FlareIsSolar|move: Tailwind
|upkeep
|turn|6
|
|t:|1757631035
|move|p1a: Gholdengo|Protect|p1a: Gholdengo
|-singleturn|p1a: Gholdengo|Protect
|move|p2b: Gholdengo|Protect|p2b: Gholdengo
|-singleturn|p2b: Gholdengo|Protect
|move|p1b: Garchomp|Stomping Tantrum|p2b: Gholdengo
|-activate|p2b: Gholdengo|move: Protect
|
|-heal|p2b: Gholdengo|84/100|[from] item: Leftovers
|upkeep
|turn|7
|
|t:|1757631050
|switch|p1a: Amoonguss|Amoonguss, L50, F|100/100
|-terastallize|p2b: Gholdengo|Flying
|move|p1b: Garchomp|Dragon Claw|p2b: Gholdengo
|-damage|p2b: Gholdengo|30/100
|-damage|p1b: Garchomp|81/100|[from] item: Life Orb
|move|p2b: Gholdengo|Shadow Ball|p1a: Amoonguss
|-damage|p1a: Amoonguss|40/100
|-enditem|p1a: Amoonguss|Sitrus Berry|[eat]
|-heal|p1a: Amoonguss|65/100|[from] item: Sitrus Berry
|
|-heal|p2b: Gholdengo|36/100|[from] item: Leftovers
|upkeep
|turn|8
|
|t:|1757631063
|move|p2b: Gholdengo|Protect|p2b: Gholdengo
|-singleturn|p2b: Gholdengo|Protect
|move|p1b: Garchomp|Dragon Claw|p2b: Gholdengo
|-activate|p2b: Gholdengo|move: Protect
|move|p1a: Amoonguss|Pollen Puff|p2b: Gholdengo
|-activate|p2b: Gholdengo|move: Protect
|
|-heal|p2b: Gholdengo|42/100|[from] item: Leftovers
|upkeep
|turn|9
|
|t:|1757631065
|move|p1b: Garchomp|Dragon Claw|p2b: Gholdengo
|-damage|p2b: Gholdengo|0 fnt
|faint|p2b: Gholdengo
|-damage|p1b: Garchomp|71/100|[from] item: Life Orb
|
|win|FlareIsSolar
|l|☆TONKMAN
|player|p2|
||TONKMAN is ready for game 2.
||FlareIsSolar is ready for game 2.
|uhtml|next|Next: Game 2 of 3
