|j|☆scaccabarozzivgc
|j|☆PippoLungoCalzino
|html|scaccabarozzivgcPippoLungoCalzino    
|uhtml|bestof|Game 1 of a best-of-3
|t:|1756466776
|gametype|doubles
|player|p1|scaccabarozzivgc|harlequin|1109
|player|p2|PippoLungoCalzino|hugh|1132
|gen|9
|tier|[Gen 9] VGC 2025 Reg H (Bo3)
|rated|
|rule|Species Clause: Limit one of each Pokémon
|rule|Item Clause: Limit 1 of each item
|clearpoke
|poke|p1|Whimsicott, L50, M|
|poke|p1|Gholdengo, L50|
|poke|p1|Incineroar, L50, F|
|poke|p1|Dragonite, L50, F|
|poke|p1|Sneasler, L50, M|
|poke|p1|Garchomp, L50, M|
|poke|p2|Corviknight, L50, M|
|poke|p2|Garchomp, L50, M|
|poke|p2|Tyranitar, L50, M|
|poke|p2|Gholdengo, L50|
|poke|p2|Sneasler, L50, M|
|poke|p2|Incineroar, L50, M|
|teampreview|4
|showteam|p1|Whimsicott||FocusSash|Prankster|Moonblast,Tailwind,Encore,Protect|||M|||50|,,,,,Ghost]Gholdengo||ChoiceSpecs|GoodasGold|MakeItRain,ShadowBall,Trick,Protect||||||50|,,,,,Steel]Incineroar||AssaultVest|Intimidate|FlareBlitz,KnockOff,Uturn,FakeOut|||F|||50|,,,,,Grass]Dragonite||ChoiceBand|InnerFocus|Outrage,ExtremeSpeed,IceSpinner,StompingTantrum|||F|||50|,,,,,Normal]Sneasler||WhiteHerb|Unburden|DireClaw,CloseCombat,FakeOut,Protect|||M|||50|,,,,,Stellar]Garchomp||LifeOrb|RoughSkin|Earthquake,StompingTantrum,DragonClaw,Protect|||M|||50|,,,,,Ground
|showteam|p2|Corviknight||CovertCloak|MirrorArmor|BraveBird,Taunt,Roost,Tailwind|||M|||50|,,,,,Dragon]Garchomp||ClearAmulet|RoughSkin|Earthquake,DragonClaw,StompingTantrum,Protect|||M|||50|,,,,,Steel]Tyranitar||AssaultVest|SandStream|RockSlide,KnockOff,TeraBlast,LowKick|||M|||50|,,,,,Flying]Gholdengo||LifeOrb|GoodasGold|MakeItRain,ShadowBall,NastyPlot,Protect||||||50|,,,,,Water]Sneasler||WhiteHerb|Unburden|DireClaw,CloseCombat,Coaching,Protect|||M|||50|,,,,,Ghost]Incineroar||SitrusBerry|Intimidate|FlareBlitz,WillOWisp,PartingShot,FakeOut|||M|||50|,,,,,Grass
|inactive|Battle timer is ON: inactive players will automatically lose when time's up. (requested by scaccabarozzivgc)
|inactive|scaccabarozzivgc has 60 seconds left.
|inactive|scaccabarozzivgc has 30 seconds left.
|
|t:|1756466840
|teamsize|p1|4
|teamsize|p2|4
|start
|switch|p1a: Sneasler|Sneasler, L50, M|100/100
|switch|p1b: Dragonite|Dragonite, L50, F|100/100
|switch|p2a: Corviknight|Corviknight, L50, M, shiny|100/100
|switch|p2b: Tyranitar|Tyranitar, L50, M|100/100
|-weather|Sandstorm|[from] ability: Sand Stream|[of] p2b: Tyranitar
|turn|1
|inactive|PippoLungoCalzino has 30 seconds left.
|inactive|PippoLungoCalzino has 20 seconds left.
|inactive|PippoLungoCalzino has 15 seconds left.
|inactive|PippoLungoCalzino has 10 seconds left.
|inactive|PippoLungoCalzino has 5 seconds left.
|
|t:|1756466890
|-terastallize|p2b: Tyranitar|Flying
|move|p1a: Sneasler|Protect|p1a: Sneasler
|-singleturn|p1a: Sneasler|Protect
|move|p1b: Dragonite|Outrage|p2b: Tyranitar
|-damage|p2b: Tyranitar|14/100
|move|p2a: Corviknight|Tailwind|p2a: Corviknight
|-sidestart|p2: PippoLungoCalzino|move: Tailwind
|move|p2b: Tyranitar|Tera Blast|p1a: Sneasler|[anim] Tera Blast Flying
|-activate|p1a: Sneasler|move: Protect
|
|-weather|Sandstorm|[upkeep]
|-damage|p2b: Tyranitar|8/100|[from] Sandstorm
|-damage|p1a: Sneasler|94/100|[from] Sandstorm
|-damage|p1b: Dragonite|95/100|[from] Sandstorm
|upkeep
|turn|2
|inactive|PippoLungoCalzino has 30 seconds left.
|
|t:|1756466918
|switch|p1a: Gholdengo|Gholdengo, L50|100/100
|move|p2a: Corviknight|Brave Bird|p1b: Dragonite
|-damage|p1b: Dragonite|45/100
|-damage|p2a: Corviknight|87/100|[from] Recoil
|move|p2b: Tyranitar|Tera Blast|p1b: Dragonite|[anim] Tera Blast Flying
|-damage|p1b: Dragonite|0 fnt
|faint|p1b: Dragonite
|
|-weather|Sandstorm|[upkeep]
|-damage|p2b: Tyranitar|2/100|[from] Sandstorm
|upkeep
|
|t:|1756466929
|switch|p1b: Whimsicott|Whimsicott, L50, M|100/100
|turn|3
|
|t:|1756466940
|switch|p2b: Incineroar|Incineroar, L50, M|100/100
|-ability|p2b: Incineroar|Intimidate|boost
|-unboost|p1a: Gholdengo|atk|1
|-unboost|p1b: Whimsicott|atk|1
|-terastallize|p1a: Gholdengo|Steel
|move|p1b: Whimsicott|Tailwind|p1b: Whimsicott
|-sidestart|p1: scaccabarozzivgc|move: Tailwind
|move|p1a: Gholdengo|Make It Rain|p2b: Incineroar|[spread] p2a,p2b
|-resisted|p2a: Corviknight
|-resisted|p2b: Incineroar
|-damage|p2a: Corviknight|49/100
|-damage|p2b: Incineroar|66/100
|-unboost|p1a: Gholdengo|spa|1
|move|p2a: Corviknight|Brave Bird|p1b: Whimsicott
|-supereffective|p1b: Whimsicott
|-enditem|p1b: Whimsicott|Focus Sash
|-damage|p1b: Whimsicott|1/100
|-damage|p2a: Corviknight|26/100|[from] Recoil
|
|-weather|Sandstorm|[upkeep]
|-damage|p1b: Whimsicott|0 fnt|[from] Sandstorm
|-damage|p2b: Incineroar|60/100|[from] Sandstorm
|faint|p1b: Whimsicott
|upkeep
|
|t:|1756466961
|switch|p1b: Sneasler|Sneasler, L50, M|94/100
|turn|4
|
|t:|1756466979
|move|p1b: Sneasler|Fake Out|p2b: Incineroar
|-damage|p2b: Incineroar|47/100
|-enditem|p2b: Incineroar|Sitrus Berry|[eat]
|-heal|p2b: Incineroar|72/100|[from] item: Sitrus Berry
|cant|p2b: Incineroar|flinch
|move|p1a: Gholdengo|Make It Rain|p2b: Incineroar|[spread] p2a,p2b
|-resisted|p2a: Corviknight
|-resisted|p2b: Incineroar
|-damage|p2a: Corviknight|0 fnt
|-damage|p2b: Incineroar|48/100
|-unboost|p1a: Gholdengo|spa|1
|faint|p2a: Corviknight
|
|-weather|Sandstorm|[upkeep]
|-damage|p1b: Sneasler|88/100|[from] Sandstorm
|-damage|p2b: Incineroar|42/100|[from] Sandstorm
|-sideend|p2: PippoLungoCalzino|move: Tailwind
|upkeep
|
|t:|1756466995
|switch|p2a: Tyranitar|Tyranitar, L50, M, tera:Flying|2/100
|turn|5
|
|t:|1756467019
|move|p1b: Sneasler|Close Combat|p2b: Incineroar
|-supereffective|p2b: Incineroar
|-damage|p2b: Incineroar|0 fnt
|-unboost|p1b: Sneasler|def|1
|-unboost|p1b: Sneasler|spd|1
|faint|p2b: Incineroar
|-enditem|p1b: Sneasler|White Herb
|-clearnegativeboost|p1b: Sneasler|[silent]
|move|p1a: Gholdengo|Make It Rain|p2a: Tyranitar
|-damage|p2a: Tyranitar|0 fnt
|-unboost|p1a: Gholdengo|spa|1
|faint|p2a: Tyranitar
|
|-weather|none
|upkeep
|
|t:|1756467023
|switch|p2b: Sneasler|Sneasler, L50, M|100/100
|turn|6
|
|t:|1756467035
|move|p2b: Sneasler|Protect|p2b: Sneasler
|-singleturn|p2b: Sneasler|Protect
|move|p1b: Sneasler|Dire Claw|p2b: Sneasler
|-activate|p2b: Sneasler|move: Protect
|move|p1a: Gholdengo|Make It Rain|p2b: Sneasler
|-activate|p2b: Sneasler|move: Protect
|
|-sideend|p1: scaccabarozzivgc|move: Tailwind
|upkeep
|turn|7
|
|t:|1756467044
|move|p1b: Sneasler|Dire Claw|p2b: Sneasler
|-resisted|p2b: Sneasler
|-damage|p2b: Sneasler|69/100
|-status|p2b: Sneasler|slp
|cant|p2b: Sneasler|slp
|move|p1a: Gholdengo|Make It Rain|p2b: Sneasler
|-damage|p2b: Sneasler|5/100 slp
|-unboost|p1a: Gholdengo|spa|1
|
|upkeep
|turn|8
|-message|PippoLungoCalzino forfeited.
|
|win|scaccabarozzivgc
