|j|☆Cyog
|j|☆Canndle Stic
|html|CyogCanndle Stic    
|uhtml|bestof|Game 1 of a best-of-3
|t:|1756410107
|gametype|doubles
|player|p1|Cyog|n|
|player|p2|Canndle Stic|1|
|gen|9
|tier|[Gen 9] VGC 2025 Reg H (Bo3)
|rule|Species Clause: Limit one of each Pokémon
|rule|Item Clause: Limit 1 of each item
|clearpoke
|poke|p1|Gholdengo, L50|
|poke|p1|Pelipper, L50, M|
|poke|p1|Basculegion, L50, M|
|poke|p1|Archaludon, L50, M|
|poke|p1|Amoonguss, L50, M|
|poke|p1|Incineroar, L50, F|
|poke|p2|Weavile, L50, M|
|poke|p2|Gholdengo, L50|
|poke|p2|Garchomp, L50, M|
|poke|p2|Incineroar, L50, M|
|poke|p2|Rillaboom, L50, M|
|poke|p2|Mandibuzz, L50, F|
|teampreview|4
|showteam|p1|Gholdengo||LifeOrb|GoodasGold|MakeItRain,ShadowBall,NastyPlot,Protect||||||50|,,,,,Water]Pelipper||FocusSash|Drizzle|Hurricane,WeatherBall,Protect,Tailwind|||M|||50|,,,,,Ghost]Basculegion||ChoiceBand|SwiftSwim|WaveCrash,LastRespects,FlipTurn,AquaJet|||M|||50|,,,,,Water]Archaludon||AssaultVest|Stamina|ElectroShot,BodyPress,FlashCannon,DracoMeteor|||M|||50|,,,,,Grass]Amoonguss||SitrusBerry|Regenerator|Spore,RagePowder,PollenPuff,SludgeBomb|||M|||50|,,,,,Water]Incineroar||SafetyGoggles|Intimidate|PartingShot,FakeOut,KnockOff,FlareBlitz|||F|||50|,,,,,Ghost
|showteam|p2|Weavile||FocusSash|Pressure|TripleAxel,IceShard,FakeOut,KnockOff|||M|||50|,,,,,Ice]Gholdengo||Leftovers|GoodasGold|NastyPlot,Protect,MakeItRain,ShadowBall||||||50|,,,,,Water]Garchomp||LifeOrb|RoughSkin|DragonClaw,StompingTantrum,RockSlide,Protect|||M|||50|,,,,,Steel]Incineroar||SafetyGoggles|Intimidate|FlareBlitz,KnockOff,FakeOut,PartingShot|||M|||50|,,,,,Water]Rillaboom||AssaultVest|GrassySurge|FakeOut,WoodHammer,GrassyGlide,Uturn|||M|||50|,,,,,Water]Mandibuzz||SitrusBerry|Overcoat|Roost,Tailwind,Taunt,FoulPlay|||F|||50|,,,,,Steel
|
|t:|1756410167
|teamsize|p1|4
|teamsize|p2|4
|start
|switch|p1a: Gholdengo|Gholdengo, L50|100/100
|switch|p1b: Pelipper|Pelipper, L50, M|100/100
|switch|p2a: Mandibuzz|Mandibuzz, L50, F|100/100
|switch|p2b: Weavile|Weavile, L50, M|100/100
|-ability|p2b: Weavile|Pressure
|-weather|RainDance|[from] ability: Drizzle|[of] p1b: Pelipper
|turn|1
|
|t:|1756410188
|-terastallize|p1a: Gholdengo|Water
|move|p2b: Weavile|Fake Out|p1b: Pelipper
|-damage|p1b: Pelipper|83/100
|move|p1a: Gholdengo|Make It Rain|p2a: Mandibuzz|[spread] p2a,p2b
|-supereffective|p2b: Weavile
|-damage|p2a: Mandibuzz|57/100
|-enditem|p2b: Weavile|Focus Sash
|-damage|p2b: Weavile|1/100
|-unboost|p1a: Gholdengo|spa|1
|-damage|p1a: Gholdengo|91/100|[from] item: Life Orb
|cant|p1b: Pelipper|flinch
|move|p2a: Mandibuzz|Taunt|p1b: Pelipper
|-start|p1b: Pelipper|move: Taunt
|
|-weather|RainDance|[upkeep]
|upkeep
|turn|2
|
|t:|1756410225
|switch|p1b: Incineroar|Incineroar, L50, F|100/100
|-ability|p1b: Incineroar|Intimidate|boost
|-unboost|p2a: Mandibuzz|atk|1
|-unboost|p2b: Weavile|atk|1
|move|p1a: Gholdengo|Protect|p1a: Gholdengo
|-singleturn|p1a: Gholdengo|Protect
|move|p2b: Weavile|Triple Axel|p1b: Incineroar
|-resisted|p1b: Incineroar
|-damage|p1b: Incineroar|97/100
|-resisted|p1b: Incineroar
|-damage|p1b: Incineroar|91/100
|-hitcount|p1b: Incineroar|2
|move|p2a: Mandibuzz|Tailwind|p2a: Mandibuzz
|-sidestart|p2: Canndle Stic|move: Tailwind
|
|-weather|RainDance|[upkeep]
|upkeep
|turn|3
|
|t:|1756410282
|switch|p1a: Archaludon|Archaludon, L50, M|100/100
|move|p1b: Incineroar|Fake Out|p2b: Weavile
|-damage|p2b: Weavile|0 fnt
|faint|p2b: Weavile
|move|p2a: Mandibuzz|Foul Play|p1a: Archaludon
|-damage|p1a: Archaludon|79/100
|-ability|p1a: Archaludon|Stamina|boost
|-boost|p1a: Archaludon|def|1
|
|-weather|RainDance|[upkeep]
|upkeep
|
|t:|1756410292
|switch|p2b: Garchomp|Garchomp, L50, M|100/100
|turn|4
|
|t:|1756410334
|switch|p1b: Pelipper|Pelipper, L50, M|83/100
|move|p2b: Garchomp|Rock Slide|p1b: Pelipper|[spread] p1a
|-miss|p2b: Garchomp|p1b: Pelipper
|-resisted|p1a: Archaludon
|-damage|p1a: Archaludon|73/100
|-ability|p1a: Archaludon|Stamina|boost
|-boost|p1a: Archaludon|def|1
|-damage|p2b: Garchomp|91/100|[from] item: Life Orb
|move|p2a: Mandibuzz|Foul Play|p1b: Pelipper
|-damage|p1b: Pelipper|65/100
|move|p1a: Archaludon|Draco Meteor|p2b: Garchomp
|-supereffective|p2b: Garchomp
|-damage|p2b: Garchomp|0 fnt
|-unboost|p1a: Archaludon|spa|2
|faint|p2b: Garchomp
|
|-weather|RainDance|[upkeep]
|upkeep
|
|t:|1756410347
|switch|p2b: Rillaboom|Rillaboom, L50, M|100/100
|-fieldstart|move: Grassy Terrain|[from] ability: Grassy Surge|[of] p2b: Rillaboom
|turn|5
|
|t:|1756410361
|switch|p1a: Incineroar|Incineroar, L50, F|91/100
|-ability|p1a: Incineroar|Intimidate|boost
|-unboost|p2a: Mandibuzz|atk|1
|-unboost|p2b: Rillaboom|atk|1
|move|p1b: Pelipper|Protect|p1b: Pelipper
|-singleturn|p1b: Pelipper|Protect
|move|p2a: Mandibuzz|Roost|p2a: Mandibuzz
|-heal|p2a: Mandibuzz|100/100
|-singleturn|p2a: Mandibuzz|move: Roost
|move|p2b: Rillaboom|Wood Hammer|p1b: Pelipper
|-activate|p1b: Pelipper|move: Protect
|
|-weather|none
|-heal|p1a: Incineroar|97/100|[from] Grassy Terrain
|-sideend|p2: Canndle Stic|move: Tailwind
|upkeep
|turn|6
|
|t:|1756410425
|switch|p1b: Archaludon|Archaludon, L50, M|73/100
|-terastallize|p2b: Rillaboom|Water
|move|p1a: Incineroar|Fake Out|p2b: Rillaboom
|-damage|p2b: Rillaboom|90/100
|move|p2a: Mandibuzz|Tailwind|p2a: Mandibuzz
|-sidestart|p2: Canndle Stic|move: Tailwind
|cant|p2b: Rillaboom|flinch
|
|-heal|p2b: Rillaboom|96/100|[from] Grassy Terrain
|-heal|p1b: Archaludon|79/100|[from] Grassy Terrain
|-heal|p1a: Incineroar|100/100|[from] Grassy Terrain
|upkeep
|turn|7
|
|t:|1756410450
|switch|p1a: Pelipper|Pelipper, L50, M|65/100
|-weather|RainDance|[from] ability: Drizzle|[of] p1a: Pelipper
|move|p2a: Mandibuzz|Foul Play|p1a: Pelipper
|-damage|p1a: Pelipper|47/100
|move|p2b: Rillaboom|Wood Hammer|p1a: Pelipper
|-damage|p1a: Pelipper|0 fnt
|faint|p1a: Pelipper
|-damage|p2b: Rillaboom|86/100|[from] Recoil
|move|p1b: Archaludon|Electro Shot||[still]
|-prepare|p1b: Archaludon|Electro Shot
|-boost|p1b: Archaludon|spa|1
|-anim|p1b: Archaludon|Electro Shot|p2b: Rillaboom
|-supereffective|p2b: Rillaboom
|-damage|p2b: Rillaboom|0 fnt
|faint|p2b: Rillaboom
|
|-weather|RainDance|[upkeep]
|-heal|p1b: Archaludon|85/100|[from] Grassy Terrain
|upkeep
|
|t:|1756410464
|switch|p1a: Incineroar|Incineroar, L50, F|100/100
|-ability|p1a: Incineroar|Intimidate|boost
|-unboost|p2a: Mandibuzz|atk|1
|turn|8
|
|t:|1756410474
|move|p1a: Incineroar|Fake Out|p2a: Mandibuzz
|-damage|p2a: Mandibuzz|91/100
|cant|p2a: Mandibuzz|flinch
|move|p1b: Archaludon|Electro Shot||[still]
|-prepare|p1b: Archaludon|Electro Shot
|-boost|p1b: Archaludon|spa|1
|-anim|p1b: Archaludon|Electro Shot|p2a: Mandibuzz
|-supereffective|p2a: Mandibuzz
|-damage|p2a: Mandibuzz|0 fnt
|faint|p2a: Mandibuzz
|
|win|Cyog
||Cyog is ready for game 2.
|inactive|Canndle Stic has 30 seconds to confirm battle start!
||Canndle Stic is ready for game 2.
|uhtml|next|Next: Game 2 of 3
