|j|☆Money03
|j|☆alex88alex88
|html|Money03alex88alex88    
|uhtml|bestof|Game 3 of a best-of-3
|t:|1757795128
|gametype|doubles
|player|p1|Money03|wattson|1066
|player|p2|alex88alex88|ingo|1115
|gen|9
|tier|[Gen 9] VGC 2025 Reg H (Bo3)
|rated|
|rule|Species Clause: Limit one of each Pokémon
|rule|Item Clause: Limit 1 of each item
|clearpoke
|poke|p1|Kilowattrel, L50, F|
|poke|p1|Amoonguss, L50, M|
|poke|p1|Incineroar, L50, F|
|poke|p1|Porygon2, L50|
|poke|p1|Gholdengo, L50|
|poke|p1|Ursaluna, L50, F|
|poke|p2|Dragonite, L50, F|
|poke|p2|Ursaluna-Bloodmoon, L50, M|
|poke|p2|Archaludon, L50, F|
|poke|p2|Whimsicott, L50, F|
|poke|p2|Gholdengo, L50|
|poke|p2|Incineroar, L50, M|
|teampreview|4
|showteam|p1|Kilowattrel||FocusSash|Competitive|Thunderbolt,AirSlash,Tailwind,Protect|||F|||50|,,,,,Ghost]Amoonguss||SitrusBerry|Regenerator|PollenPuff,Spore,RagePowder,Protect|||M|||50|,,,,,Water]Incineroar||SafetyGoggles|Intimidate|FakeOut,FlareBlitz,KnockOff,PartingShot|||F|||50|,,,,,Ghost]Porygon2||Eviolite|Download|TeraBlast,IceBeam,Recover,TrickRoom||||||50|,,,,,Fighting]Gholdengo||MetalCoat|GoodasGold|MakeItRain,ShadowBall,NastyPlot,Protect||||||50|,,,,,Flying]Ursaluna||FlameOrb|Guts|Facade,HeadlongRush,Earthquake,Protect|||F|||50|,,,,,Ghost
|showteam|p2|Dragonite||LoadedDice|Multiscale|ScaleShot,ExtremeSpeed,IceSpinner,Protect|||F|||50|,,,,,Fairy]Ursaluna-Bloodmoon||AssaultVest|MindsEye|BloodMoon,HyperVoice,EarthPower,VacuumWave|||M|||50|,,,,,Water]Archaludon||PowerHerb|Sturdy|ElectroShot,FlashCannon,DracoMeteor,Protect|||F|||50|,,,,,Stellar]Whimsicott||CovertCloak|Prankster|FakeTears,Tailwind,Encore,Moonblast|||F|||50|,,,,,Poison]Gholdengo||ChoiceSpecs|GoodasGold|MakeItRain,ShadowBall,PowerGem,SteelBeam||||||50|,,,,,Steel]Incineroar||MirrorHerb|Intimidate|FakeOut,PartingShot,KnockOff,FlareBlitz|||M|||50|,,,,,Ghost
|inactive|Battle timer is ON: inactive players will automatically lose when time's up. (requested by Money03)
|inactive|Money03 has 60 seconds left.
|
|t:|1757795201
|teamsize|p1|4
|teamsize|p2|4
|start
|switch|p1a: Kilowattrel|Kilowattrel, L50, F|100/100
|switch|p1b: Gholdengo|Gholdengo, L50|100/100
|switch|p2a: Ursaluna|Ursaluna-Bloodmoon, L50, M|100/100
|switch|p2b: Gholdengo|Gholdengo, L50|100/100
|turn|1
|inactive|Money03 has 30 seconds left.
|inactive|alex88alex88 has 30 seconds left.
|inactive|alex88alex88 has 20 seconds left.
|inactive|alex88alex88 has 15 seconds left.
|
|t:|1757795244
|-terastallize|p2b: Gholdengo|Steel
|move|p1a: Kilowattrel|Tailwind|p1a: Kilowattrel
|-sidestart|p1: Money03|move: Tailwind
|move|p1b: Gholdengo|Shadow Ball|p2b: Gholdengo
|-damage|p2b: Gholdengo|45/100
|move|p2b: Gholdengo|Make It Rain|p1b: Gholdengo|[spread] p1a,p1b
|-resisted|p1a: Kilowattrel
|-resisted|p1b: Gholdengo
|-damage|p1a: Kilowattrel|9/100
|-damage|p1b: Gholdengo|36/100
|-unboost|p2b: Gholdengo|spa|1
|move|p2a: Ursaluna|Blood Moon|p1b: Gholdengo
|-resisted|p1b: Gholdengo
|-damage|p1b: Gholdengo|0 fnt
|faint|p1b: Gholdengo
|
|upkeep
|
|t:|1757795263
|switch|p1b: Ursaluna|Ursaluna, L50, F|100/100
|turn|2
|
|t:|1757795282
|move|p1a: Kilowattrel|Protect|p1a: Kilowattrel
|-singleturn|p1a: Kilowattrel|Protect
|move|p1b: Ursaluna|Earthquake|p2b: Gholdengo|[spread] p2a,p2b
|-activate|p1a: Kilowattrel|move: Protect
|-supereffective|p2b: Gholdengo
|-damage|p2a: Ursaluna|69/100
|-damage|p2b: Gholdengo|0 fnt
|faint|p2b: Gholdengo
|move|p2a: Ursaluna|Hyper Voice|p1a: Kilowattrel|[spread] p1b
|-activate|p1a: Kilowattrel|move: Protect
|-damage|p1b: Ursaluna|61/100
|
|-status|p1b: Ursaluna|brn|[from] item: Flame Orb
|upkeep
|inactive|alex88alex88 has 30 seconds left.
|
|t:|1757795308
|switch|p2b: Dragonite|Dragonite, L50, F|100/100
|turn|3
|inactive|Money03 has 30 seconds left.
|inactive|Money03 has 20 seconds left.
|inactive|Money03 has 15 seconds left.
|inactive|Money03 has 10 seconds left.
|inactive|Money03 has 5 seconds left.
|
|t:|1757795362
|move|p2b: Dragonite|Protect|p2b: Dragonite
|-singleturn|p2b: Dragonite|Protect
|move|p2a: Ursaluna|Vacuum Wave|p1b: Ursaluna
|-supereffective|p1b: Ursaluna
|-damage|p1b: Ursaluna|32/100 brn
|move|p1a: Kilowattrel|Thunderbolt|p2b: Dragonite
|-activate|p2b: Dragonite|move: Protect
|move|p1b: Ursaluna|Facade|p2a: Ursaluna
|-damage|p2a: Ursaluna|0 fnt
|faint|p2a: Ursaluna
|
|-damage|p1b: Ursaluna|26/100 brn|[from] brn
|upkeep
|
|t:|1757795375
|switch|p2a: Archaludon|Archaludon, L50, F|100/100
|turn|4
|inactive|Money03 has 30 seconds left.
|
|t:|1757795408
|move|p2a: Archaludon|Protect|p2a: Archaludon
|-singleturn|p2a: Archaludon|Protect
|move|p2b: Dragonite|Extreme Speed|p1b: Ursaluna
|-damage|p1b: Ursaluna|0 fnt
|faint|p1b: Ursaluna
|move|p1a: Kilowattrel|Thunderbolt|p2b: Dragonite
|-damage|p2b: Dragonite|79/100
|
|-sideend|p1: Money03|move: Tailwind
|upkeep
|
|t:|1757795416
|switch|p1b: Porygon2|Porygon2, L50|100/100
|-ability|p1b: Porygon2|Download|boost
|-boost|p1b: Porygon2|spa|1
|turn|5
|inactive|Money03 has 30 seconds left.
|inactive|Money03 has 20 seconds left.
|
|t:|1757795456
|move|p1a: Kilowattrel|Tailwind|p1a: Kilowattrel
|-sidestart|p1: Money03|move: Tailwind
|move|p1b: Porygon2|Ice Beam|p2b: Dragonite
|-supereffective|p2b: Dragonite
|-damage|p2b: Dragonite|0 fnt
|faint|p2b: Dragonite
|move|p2a: Archaludon|Electro Shot||[still]
|-prepare|p2a: Archaludon|Electro Shot
|-boost|p2a: Archaludon|spa|1
|-enditem|p2a: Archaludon|Power Herb
|-anim|p2a: Archaludon|Electro Shot|p1b: Porygon2
|-damage|p1b: Porygon2|61/100
|
|upkeep
|turn|6
|
|t:|1757795473
|-terastallize|p1b: Porygon2|Fighting
|move|p1a: Kilowattrel|Thunderbolt|p2a: Archaludon
|-resisted|p2a: Archaludon
|-damage|p2a: Archaludon|70/100
|move|p1b: Porygon2|Tera Blast|p2a: Archaludon|[anim] Tera Blast Fighting
|-supereffective|p2a: Archaludon
|-damage|p2a: Archaludon|0 fnt
|faint|p2a: Archaludon
|
|win|Money03
|raw|Money03's rating: 1066 → 1100(+34 for winning)
|raw|alex88alex88's rating: 1115 → 1086(-29 for losing)
|l|☆alex88alex88
|player|p2|
