|j|☆The Bradicus
|j|☆Ninjacoox
|html|The BradicusNinjacoox    
|uhtml|bestof|Game 2 of a best-of-3
|t:|1785190248
|gametype|doubles
|player|p1|The Bradicus|richboy-gen6xy|1339
|player|p2|Ninjacoox|170|1247
|gen|9
|tier|[Gen 9 Champions] VGC 2026 Reg M-B (Bo3)
|rated|
|rule|Species Clause: Limit one of each Pokémon
|rule|Item Clause: Limit 1 of each item
|clearpoke
|poke|p1|Starmie, L50|
|poke|p1|Pelipper, L50, M|
|poke|p1|Grimmsnarl, L50, M|
|poke|p1|Scizor, L50, M|
|poke|p1|Meganium, L50, F|
|poke|p1|Slowking-Galar, L50, M|
|poke|p2|Glimmora, L50, M|
|poke|p2|Ninetales-Alola, L50, M|
|poke|p2|Talonflame, L50, M|
|poke|p2|Basculegion, L50, M|
|poke|p2|Kommo-o, L50, F|
|poke|p2|Kingambit, L50, M|
|teampreview|4
|showteam|p1|Starmie||Starminite|Illuminate|Liquidation,ZenHeadbutt,AquaJet,Protect|Adamant|||||50|]Pelipper||SitrusBerry|Drizzle|Hurricane,Tailwind,WideGuard,Protect|Calm||M|||50|]Grimmsnarl||BlackGlasses|Prankster|SpiritBreak,FakeOut,SuckerPunch,PartingShot|Adamant||M|||50|]Scizor||MetalCoat|Technician|BugBite,BulletPunch,CloseCombat,Protect|Adamant||M|||50|]Meganium||Meganiumite|LeafGuard|SolarBeam,WeatherBall,DazzlingGleam,Protect|Modest||F|||50|]Slowking-Galar||ColburBerry|Regenerator|SludgeBomb,Psyshock,TrickRoom,ChillyReception|Relaxed||M|||50|
|showteam|p2|Glimmora||Glimmoranite|ToxicDebris|PowerGem,SludgeBomb,EarthPower,SpikyShield|Modest||M|||50|]Ninetales-Alola||NeverMeltIce|SnowWarning|Blizzard,FreezeDry,DazzlingGleam,Protect|Timid||M|||50|]Talonflame||SharpBeak|GaleWings|DualWingbeat,FlareBlitz,Tailwind,QuickGuard|Jolly||M|||50|]Basculegion||ChoiceScarf|Adaptability|WaveCrash,AquaJet,FlipTurn,LastRespects|Jolly||M|||50|]Kommo-o||LifeOrb|Soundproof|ClangingScales,DracoMeteor,AuraSphere,Protect|Modest||F|||50|]Kingambit||FocusSash|Defiant|SuckerPunch,KowtowCleave,IronHead,LowKick|Adamant||M|||50|
|inactive|Battle timer is ON: inactive players will automatically lose when time's up. (requested by The Bradicus)
|
|t:|1785190276
|teamsize|p1|4
|teamsize|p2|4
|start
|switch|p1a: Pelipper|Pelipper, L50, M|100/100
|switch|p1b: Grimmsnarl|Grimmsnarl, L50, M|100/100
|switch|p2a: Talonflame|Talonflame, L50, M|100/100
|switch|p2b: Kingambit|Kingambit, L50, M|100/100
|-weather|RainDance|[from] ability: Drizzle|[of] p1a: Pelipper
|turn|1
|
|t:|1785190299
|move|p2a: Talonflame|Quick Guard|p2a: Talonflame
|-singleturn|p2a: Talonflame|Quick Guard
|move|p1b: Grimmsnarl|Fake Out|p2b: Kingambit
|-activate|p2b: Kingambit|move: Quick Guard
|move|p2b: Kingambit|Kowtow Cleave|p1a: Pelipper
|-damage|p1a: Pelipper|48/100
|-enditem|p1a: Pelipper|Sitrus Berry|[eat]
|-heal|p1a: Pelipper|73/100|[from] item: Sitrus Berry
|move|p1a: Pelipper|Hurricane|p2b: Kingambit
|-resisted|p2b: Kingambit|1
|-damage|p2b: Kingambit|80/100
|-start|p2b: Kingambit|confusion
|
|-weather|RainDance|[upkeep]
|upkeep
|turn|2
|
|t:|1785190322
|switch|p2a: Basculegion|Basculegion, L50, M|100/100
|move|p1b: Grimmsnarl|Parting Shot|p2a: Basculegion
|-unboost|p2a: Basculegion|atk|1
|-unboost|p2a: Basculegion|spa|1
|
|t:|1785190333
|switch|p1b: Starmie|Starmie, L50|100/100|[from] Parting Shot
|-activate|p2b: Kingambit|confusion
|-damage|p2b: Kingambit|66/100|[from] confusion
|move|p1a: Pelipper|Hurricane|p2a: Basculegion
|-damage|p2a: Basculegion|54/100
|-start|p2a: Basculegion|confusion
|
|-weather|RainDance|[upkeep]
|upkeep
|turn|3
|inactive|The Bradicus has 30 seconds left.
|inactive|Ninjacoox has 30 seconds left.
|
|t:|1785190362
|detailschange|p1b: Starmie|Starmie-Mega, L50
|-mega|p1b: Starmie|Starmie|Starminite
|move|p1b: Starmie|Aqua Jet|p2b: Kingambit
|-damage|p2b: Kingambit|17/100
|-activate|p2b: Kingambit|confusion
|-damage|p2b: Kingambit|3/100|[from] confusion
|-activate|p2a: Basculegion|confusion
|move|p2a: Basculegion|Last Respects|p1b: Starmie
|-supereffective|p1b: Starmie|1
|-damage|p1b: Starmie|47/100
|move|p1a: Pelipper|Hurricane|p2b: Kingambit
|-resisted|p2b: Kingambit|1
|-damage|p2b: Kingambit|0 fnt
|faint|p2b: Kingambit
|
|-weather|RainDance|[upkeep]
|upkeep
|
|t:|1785190373
|switch|p2b: Talonflame|Talonflame, L50, M|100/100
|turn|4
|
|t:|1785190382
|switch|p1b: Grimmsnarl|Grimmsnarl, L50, M|100/100
|move|p2b: Talonflame|Quick Guard|p2b: Talonflame
|-singleturn|p2b: Talonflame|Quick Guard
|-activate|p2a: Basculegion|confusion
|move|p2a: Basculegion|Last Respects|p1b: Grimmsnarl
|-resisted|p1b: Grimmsnarl|1
|-damage|p1b: Grimmsnarl|75/100
|move|p1a: Pelipper|Hurricane|p2b: Talonflame
|-damage|p2b: Talonflame|41/100
|
|-weather|RainDance|[upkeep]
|upkeep
|turn|5
|
|t:|1785190394
|-activate|p2a: Basculegion|confusion
|move|p2a: Basculegion|Last Respects|p1a: Pelipper
|-damage|p1a: Pelipper|35/100
|move|p2b: Talonflame|Dual Wingbeat|p1a: Pelipper
|-damage|p1a: Pelipper|17/100
|-damage|p1a: Pelipper|0 fnt
|faint|p1a: Pelipper
|-hitcount|p1: Pelipper|2
|move|p1b: Grimmsnarl|Spirit Break|p2a: Basculegion
|-damage|p2a: Basculegion|5/100
|-unboost|p2a: Basculegion|spa|1
|
|-weather|none
|upkeep
|
|t:|1785190411
|switch|p1a: Starmie|Starmie-Mega, L50|47/100
|turn|6
|
|t:|1785190424
|move|p1a: Starmie|Protect|p1a: Starmie
|-singleturn|p1a: Starmie|Protect
|move|p2b: Talonflame|Quick Guard|p2b: Talonflame
|-singleturn|p2b: Talonflame|Quick Guard
|move|p1b: Grimmsnarl|Sucker Punch||[still]
|-fail|p1b: Grimmsnarl
|-end|p2a: Basculegion|confusion
|move|p2a: Basculegion|Last Respects|p1a: Starmie
|-activate|p1a: Starmie|move: Protect
|
|upkeep
|turn|7
|
|t:|1785190435
|switch|p1a: Slowking|Slowking-Galar, L50, M|100/100
|move|p2b: Talonflame|Quick Guard|p2b: Talonflame
|-singleturn|p2b: Talonflame|Quick Guard
|move|p2a: Basculegion|Last Respects|p1a: Slowking
|-supereffective|p1a: Slowking|1
|-damage|p1a: Slowking|32/100
|move|p1b: Grimmsnarl|Spirit Break|p2a: Basculegion
|-damage|p2a: Basculegion|0 fnt
|faint|p2a: Basculegion
|
|upkeep
|
|t:|1785190442
|switch|p2a: Glimmora|Glimmora, L50, M|100/100
|turn|8
|
|t:|1785190458
|detailschange|p2a: Glimmora|Glimmora-Mega, L50, M
|-mega|p2a: Glimmora|Glimmora|Glimmoranite
|move|p1b: Grimmsnarl|Sucker Punch|p2b: Talonflame
|-damage|p2b: Talonflame|0 fnt
|faint|p2b: Talonflame
|move|p2a: Glimmora|Power Gem|p1a: Slowking
|-damage|p1a: Slowking|0 fnt
|faint|p1a: Slowking
|
|upkeep
|
|t:|1785190464
|switch|p1a: Starmie|Starmie-Mega, L50|47/100
|turn|9
|
|t:|1785190480
|move|p1a: Starmie|Liquidation|p2a: Glimmora
|-supereffective|p2a: Glimmora|1
|-damage|p2a: Glimmora|0 fnt
|faint|p2a: Glimmora
|
|win|The Bradicus
|raw|The Bradicus's rating: 1339 → 1354(+15 for winning)
|raw|Ninjacoox's rating: 1247 → 1228(-19 for losing)
|l|☆Ninjacoox
|player|p2|
