|j|☆munjah 14
|j|☆ToastedArt
|html|munjah 14ToastedArt    
|uhtml|bestof|Game 3 of a best-of-3
|t:|1785424897
|gametype|doubles
|player|p1|munjah 14|101|1237
|player|p2|ToastedArt|iris|1051
|gen|9
|tier|[Gen 9 Champions] VGC 2026 Reg M-B (Bo3)
|rated|
|rule|Species Clause: Limit one of each Pokémon
|rule|Item Clause: Limit 1 of each item
|clearpoke
|poke|p1|Tyranitar, L50, F, shiny|
|poke|p1|Gholdengo, L50, shiny|
|poke|p1|Excadrill, L50, F, shiny|
|poke|p1|Milotic, L50, M, shiny|
|poke|p1|Staraptor, L50, M, shiny|
|poke|p1|Sinistcha-Masterpiece, L50, shiny|
|poke|p2|Glimmora, L50, M|
|poke|p2|Sceptile, L50, M|
|poke|p2|Rotom-Frost, L50|
|poke|p2|Kingambit, L50, F|
|poke|p2|Kommo-o, L50, F|
|poke|p2|Whimsicott, L50, M|
|teampreview|4
|showteam|p1|Tyranitar||Tyranitarite|SandStream|RockSlide,HighHorsepower,KnockOff,Protect|Jolly||F|||50|]Gholdengo||LifeOrb|GoodasGold|MakeItRain,ShadowBall,NastyPlot,Protect|Modest|||||50|]Excadrill||FocusSash|SandRush|RockSlide,IronHead,HighHorsepower,Protect|Adamant||F|||50|]Milotic||SitrusBerry|Competitive|IcyWind,Scald,Haze,Protect|Calm||M|||50|]Staraptor||Staraptite|Intimidate|BraveBird,CloseCombat,Tailwind,Protect|Jolly||M|||50|]Sinistcha-Masterpiece||ColburBerry|Hospitality|MatchaGotcha,ShadowBall,RagePowder,Protect|Calm|||||50|
|showteam|p2|Glimmora||Glimmoranite|ToxicDebris|SludgeBomb,PowerGem,EarthPower,SpikyShield|Modest||M|||50|]Sceptile||Sceptilite|Overgrow|GigaDrain,DragonPulse,EarthPower,Detect|Timid||M|||50|]Rotom-Frost||ChoiceScarf|Levitate|Blizzard,Discharge,VoltSwitch,Thunderbolt|Timid|||||50|]Kingambit||BlackGlasses|Defiant|KowtowCleave,SuckerPunch,IronHead,Protect|Adamant||F|||50|]Kommo-o||LifeOrb|Overcoat|ClangingScales,AuraSphere,VacuumWave,Protect|Timid||F|||50|]Whimsicott||FocusSash|Prankster|Moonblast,Encore,Tailwind,Protect|Timid||M|||50|
|inactive|Battle timer is ON: inactive players will automatically lose when time's up. (requested by ToastedArt)
|inactive|ToastedArt has 60 seconds left.
|
|t:|1785424951
|teamsize|p1|4
|teamsize|p2|4
|start
|switch|p1a: Excadrill|Excadrill, L50, F, shiny|100/100
|switch|p1b: Staraptor|Staraptor, L50, M, shiny|100/100
|switch|p2a: Sceptile|Sceptile, L50, M|100/100
|switch|p2b: Rotom|Rotom-Frost, L50|100/100
|-ability|p1b: Staraptor|Intimidate|boost
|-unboost|p2a: Sceptile|atk|1
|-unboost|p2b: Rotom|atk|1
|turn|1
|
|t:|1785424961
|switch|p1b: Tyranitar|Tyranitar, L50, F, shiny|100/100
|-weather|Sandstorm|[from] ability: Sand Stream|[of] p1b: Tyranitar
|detailschange|p2a: Sceptile|Sceptile-Mega, L50, M
|-mega|p2a: Sceptile|Sceptile|Sceptilite
|move|p1a: Excadrill|Iron Head|p2b: Rotom
|-damage|p2b: Rotom|37/100
|move|p2b: Rotom|Discharge|p1b: Tyranitar|[spread] p1b
|-ability|p2a: Sceptile|Lightning Rod|boost
|-boost|p2a: Sceptile|spa|1
|-immune|p1a: Excadrill
|-damage|p1b: Tyranitar|84/100
|-status|p1b: Tyranitar|par
|move|p2a: Sceptile|Dragon Pulse|p1b: Tyranitar
|-damage|p1b: Tyranitar|36/100 par
|
|-weather|Sandstorm|[upkeep]
|-damage|p2b: Rotom|32/100|[from] Sandstorm
|-damage|p2a: Sceptile|93/100|[from] Sandstorm
|upkeep
|turn|2
|inactive|munjah 14 has 30 seconds left.
|
|t:|1785424993
|move|p1a: Excadrill|Rock Slide|p2b: Rotom|[spread] p2a,p2b
|-supereffective|p2b: Rotom|1
|-damage|p2a: Sceptile|60/100
|-damage|p2b: Rotom|0 fnt
|faint|p2b: Rotom
|move|p2a: Sceptile|Giga Drain|p1a: Excadrill
|-damage|p1a: Excadrill|17/100
|-heal|p2a: Sceptile|100/100|[from] drain|[of] p1a: Excadrill
|move|p1b: Tyranitar|Rock Slide|p2a: Sceptile
|-damage|p2a: Sceptile|44/100
|
|-weather|Sandstorm|[upkeep]
|-damage|p2a: Sceptile|38/100|[from] Sandstorm
|upkeep
|
|t:|1785425007
|switch|p2b: Kommo-o|Kommo-o, L50, F|100/100
|turn|3
|
|t:|1785425028
|move|p1a: Excadrill|Protect|p1a: Excadrill
|-singleturn|p1a: Excadrill|Protect
|move|p1b: Tyranitar|Protect|p1b: Tyranitar
|-singleturn|p1b: Tyranitar|Protect
|move|p2a: Sceptile|Giga Drain|p1b: Tyranitar
|-activate|p1b: Tyranitar|move: Protect
|move|p2b: Kommo-o|Aura Sphere|p1a: Excadrill
|-activate|p1a: Excadrill|move: Protect
|
|-weather|Sandstorm|[upkeep]
|-damage|p2a: Sceptile|31/100|[from] Sandstorm
|upkeep
|turn|4
|
|t:|1785425045
|switch|p1a: Gholdengo|Gholdengo, L50, shiny|100/100
|switch|p2b: Whimsicott|Whimsicott, L50, M|100/100
|switch|p1b: Staraptor|Staraptor, L50, M, shiny|100/100
|-ability|p1b: Staraptor|Intimidate|boost
|-unboost|p2a: Sceptile|atk|1
|-unboost|p2b: Whimsicott|atk|1
|move|p2a: Sceptile|Detect||[still]
|-fail|p2a: Sceptile
|
|-weather|Sandstorm|[upkeep]
|-damage|p2a: Sceptile|25/100|[from] Sandstorm
|-damage|p2b: Whimsicott|94/100|[from] Sandstorm
|-damage|p1b: Staraptor|93/100|[from] Sandstorm
|upkeep
|turn|5
|inactive|munjah 14 has 30 seconds left.
|inactive|ToastedArt has 30 seconds left.
|inactive|ToastedArt has 20 seconds left.
|
|t:|1785425084
|detailschange|p1b: Staraptor|Staraptor-Mega, L50, M, shiny
|-mega|p1b: Staraptor|Staraptor|Staraptite
|move|p2b: Whimsicott|Tailwind|p2b: Whimsicott
|-sidestart|p2: ToastedArt|move: Tailwind
|move|p2a: Sceptile|Earth Power|p1a: Gholdengo
|-supereffective|p1a: Gholdengo|1
|-damage|p1a: Gholdengo|1/100
|move|p1b: Staraptor|Close Combat|p2a: Sceptile
|-damage|p2a: Sceptile|0 fnt
|-boost|p1b: Staraptor|def|1
|-boost|p1b: Staraptor|spd|1
|faint|p2a: Sceptile
|move|p1a: Gholdengo|Make It Rain|p2b: Whimsicott
|-supereffective|p2b: Whimsicott|1
|-damage|p2b: Whimsicott|0 fnt
|-unboost|p1a: Gholdengo|spa|2
|faint|p2b: Whimsicott
|-damage|p1a: Gholdengo|0 fnt|[from] item: Life Orb
|faint|p1a: Gholdengo
|
|-weather|none
|upkeep
|-message|ToastedArt forfeited.
|
|win|munjah 14
|raw|munjah 14's rating: 1237 → 1250(+13 for winning)
|raw|ToastedArt's rating: 1051 → 1042(-9 for losing)
