|j|☆rasaighul
|j|☆onescoopmann
|html|rasaighulonescoopmann    
|uhtml|bestof|Game 3 of a best-of-3
|t:|1756417788
|gametype|doubles
|player|p1|rasaighul|palmer|1048
|player|p2|onescoopmann|1|1165
|gen|9
|tier|[Gen 9] VGC 2025 Reg H (Bo3)
|rated|
|rule|Species Clause: Limit one of each Pokémon
|rule|Item Clause: Limit 1 of each item
|clearpoke
|poke|p1|Porygon2, L50|
|poke|p1|Incineroar, L50, M|
|poke|p1|Ursaluna, L50, F|
|poke|p1|Charizard, L50, M|
|poke|p1|Jumpluff, L50, M|
|poke|p1|Torkoal, L50, M|
|poke|p2|Indeedee-F, L50, F|
|poke|p2|Hatterene, L50, F|
|poke|p2|Torkoal, L50, M|
|poke|p2|Lilligant-Hisui, L50, F|
|poke|p2|Ursaluna, L50, F|
|poke|p2|Gallade, L50, M|
|teampreview|4
|showteam|p1|Porygon2||Eviolite|Download|TeraBlast,IceBeam,Recover,TrickRoom||||||50|,,,,,Fighting]Incineroar||SafetyGoggles|Intimidate|FakeOut,FlareBlitz,KnockOff,PartingShot|||M|||50|,,,,,Ghost]Ursaluna||FlameOrb|Guts|Earthquake,Facade,HeadlongRush,Protect|||F|||50|,,,,,Ghost]Charizard||ChoiceSpecs|SolarPower|HeatWave,Overheat,AirSlash,WeatherBall|||M|||50|,,,,,Ghost]Jumpluff||CovertCloak|Chlorophyll|Tailwind,SunnyDay,RagePowder,SleepPowder|||M|||50|,,,,,Water]Torkoal||EjectPack|Drought|Overheat,Eruption,HelpingHand,Protect|||M|||50|,,,,,Fire
|showteam|p2|Indeedee-F||PsychicSeed|PsychicSurge|FollowMe,Psychic,HelpingHand,TrickRoom|||F|||50|,,,,,Grass]Hatterene||LifeOrb|MagicBounce|ExpandingForce,DazzlingGleam,TrickRoom,Protect|||F|||50|,,,,,Fire]Torkoal||Charcoal|Drought|Eruption,WeatherBall,HeatWave,Protect|||M|||50|,,,,,Fire]Lilligant-Hisui||FocusSash|Chlorophyll|SleepPowder,AfterYou,LeafBlade,CloseCombat|||F|||50|,,,,,Ghost]Ursaluna||FlameOrb|Guts|HeadlongRush,Facade,SwordsDance,Protect|||F|||50|,,,,,Normal]Gallade||ClearAmulet|Sharpness|SacredSword,PsychoCut,WideGuard,TrickRoom|||M|||50|,,,,,Grass
|inactive|Battle timer is ON: inactive players will automatically lose when time's up. (requested by rasaighul)
|inactive|rasaighul has 60 seconds left.
|
|t:|1756417824
|teamsize|p1|4
|teamsize|p2|4
|start
|switch|p1a: Charizard|Charizard, L50, M|100/100
|switch|p1b: Torkoal|Torkoal, L50, M|100/100
|switch|p2a: Lilligant|Lilligant-Hisui, L50, F|100/100
|switch|p2b: Torkoal|Torkoal, L50, M|100/100
|-weather|SunnyDay|[from] ability: Drought|[of] p2b: Torkoal
|turn|1
|inactive|rasaighul has 30 seconds left.
|inactive|onescoopmann has 30 seconds left.
|
|t:|1756417853
|switch|p1a: Incineroar|Incineroar, L50, M|100/100
|-ability|p1a: Incineroar|Intimidate|boost
|-unboost|p2a: Lilligant|atk|1
|-unboost|p2b: Torkoal|atk|1
|-terastallize|p1b: Torkoal|Fire
|-terastallize|p2b: Torkoal|Fire
|move|p2a: Lilligant|After You|p2b: Torkoal
|-activate|p2b: Torkoal|move: After You
|move|p2b: Torkoal|Eruption|p1b: Torkoal|[spread] p1a,p1b
|-resisted|p1a: Incineroar
|-crit|p1a: Incineroar
|-resisted|p1b: Torkoal
|-damage|p1a: Incineroar|15/100
|-damage|p1b: Torkoal|19/100
|move|p1b: Torkoal|Overheat|p2b: Torkoal
|-resisted|p2b: Torkoal
|-damage|p2b: Torkoal|22/100
|-unboost|p1b: Torkoal|spa|2
|-enditem|p1b: Torkoal|Eject Pack
|
|t:|1756417873
|switch|p1b: Ursaluna|Ursaluna, L50, F|100/100
|
|-weather|SunnyDay|[upkeep]
|-status|p1b: Ursaluna|brn|[from] item: Flame Orb
|upkeep
|turn|2
|inactive|rasaighul has 30 seconds left.
|
|t:|1756417906
|switch|p2b: Indeedee|Indeedee-F, L50, F|100/100
|-fieldstart|move: Psychic Terrain|[from] ability: Psychic Surge|[of] p2b: Indeedee
|-enditem|p2b: Indeedee|Psychic Seed
|-boost|p2b: Indeedee|spd|1|[from] item: Psychic Seed
|move|p2a: Lilligant|Close Combat|p1b: Ursaluna
|-supereffective|p1b: Ursaluna
|-damage|p1b: Ursaluna|46/100 brn
|-unboost|p2a: Lilligant|def|1
|-unboost|p2a: Lilligant|spd|1
|move|p1b: Ursaluna|Facade|p2a: Lilligant
|-enditem|p2a: Lilligant|Focus Sash
|-damage|p2a: Lilligant|1/100
|move|p1a: Incineroar|Knock Off|p2b: Indeedee
|-supereffective|p2b: Indeedee
|-damage|p2b: Indeedee|35/100
|
|-weather|SunnyDay|[upkeep]
|-damage|p1b: Ursaluna|40/100 brn|[from] brn
|upkeep
|turn|3
|inactive|rasaighul has 30 seconds left.
|inactive|onescoopmann has 30 seconds left.
|inactive|rasaighul has 20 seconds left.
|
|t:|1756417943
|move|p2a: Lilligant|Close Combat|p1a: Incineroar
|-supereffective|p1a: Incineroar
|-damage|p1a: Incineroar|0 fnt
|-unboost|p2a: Lilligant|def|1
|-unboost|p2a: Lilligant|spd|1
|faint|p1a: Incineroar
|move|p1b: Ursaluna|Facade|p2a: Lilligant
|-damage|p2a: Lilligant|0 fnt
|faint|p2a: Lilligant
|move|p2b: Indeedee|Psychic|p1b: Ursaluna
|-damage|p1b: Ursaluna|0 fnt
|faint|p1b: Ursaluna
|
|-weather|SunnyDay|[upkeep]
|upkeep
|inactive|onescoopmann has 30 seconds left.
|inactive|onescoopmann has 20 seconds left.
|
|t:|1756417979
|switch|p2a: Gallade|Gallade, L50, M|100/100
|switch|p1b: Torkoal|Torkoal, L50, M, tera:Fire|19/100
|switch|p1a: Charizard|Charizard, L50, M|100/100
|turn|4
|
|t:|1756418004
|move|p2b: Indeedee|Follow Me|p2b: Indeedee
|-singleturn|p2b: Indeedee|move: Follow Me
|move|p1a: Charizard|Weather Ball|p2b: Indeedee
|-damage|p2b: Indeedee|0 fnt
|faint|p2b: Indeedee
|move|p2a: Gallade|Psycho Cut|p1a: Charizard
|-damage|p1a: Charizard|0 fnt
|faint|p1a: Charizard
|move|p1b: Torkoal|Overheat|p2a: Gallade
|-damage|p2a: Gallade|0 fnt
|-unboost|p1b: Torkoal|spa|2
|faint|p2a: Gallade
|
|-weather|SunnyDay|[upkeep]
|upkeep
|c|☆onescoopmann|i am once again asking you to speed tie with me
|
|t:|1756418022
|switch|p2a: Torkoal|Torkoal, L50, M, tera:Fire|22/100
|turn|5
|c|☆rasaighul|Lol
|c|☆rasaighul|Indeed
|c|☆rasaighul|May the best coin flip win
|c|☆onescoopmann|indeed
|
|t:|1756418046
|move|p2a: Torkoal|Weather Ball|p1b: Torkoal
|-resisted|p1b: Torkoal
|-damage|p1b: Torkoal|0 fnt
|faint|p1b: Torkoal
|
|win|onescoopmann
|raw|rasaighul's rating: 1048 → 1036(-12 for losing)
|raw|onescoopmann's rating: 1165 → 1182(+17 for winning)
|c|☆onescoopmann|gg
|c|☆rasaighul|Ggs
|c|☆rasaighul|Nice game
|l|☆rasaighul
|player|p1|
