|j|☆irdiasil
|j|☆Cowboy076
|html|irdiasilCowboy076    
|uhtml|bestof|Game 2 of a best-of-3
|t:|1783010551
|gametype|doubles
|player|p1|irdiasil|gardenia|
|player|p2|Cowboy076|byron|
|gen|9
|tier|[Gen 9 Champions] VGC 2026 Reg M-B (Bo3)
|rule|Species Clause: Limit one of each Pokémon
|rule|Item Clause: Limit 1 of each item
|clearpoke
|poke|p1|Incineroar, L50, F|
|poke|p1|Farigiraf, L50, M|
|poke|p1|Conkeldurr, L50, M|
|poke|p1|Hydrapple, L50, M|
|poke|p1|Aerodactyl, L50, F|
|poke|p1|Tinkaton, L50, F|
|poke|p2|Tyranitar, L50, M|
|poke|p2|Garchomp, L50, M|
|poke|p2|Orthworm, L50, F|
|poke|p2|Clefable, L50, F|
|poke|p2|Delphox, L50, F|
|poke|p2|Polteageist, L50|
|teampreview|4
|showteam|p1|Incineroar||ShucaBerry|Intimidate|FakeOut,DarkestLariat,DrainPunch,FlareBlitz|Adamant||F|||50|]Farigiraf||SitrusBerry|CudChew|DazzlingGleam,HyperVoice,AllySwitch,TrickRoom|Bold||M|||50|]Conkeldurr||BlackBelt|IronFist|WideGuard,RockSlide,DrainPunch,MachPunch|Adamant||M|||50|]Hydrapple||LifeOrb|Regenerator|Protect,FickleBeam,GigaDrain,NastyPlot|Quiet||M|||50|]Aerodactyl||Aerodactylite|Unnerve|Protect,RockSlide,IceFang,Tailwind|Jolly||F|||50|]Tinkaton||FocusSash|OwnTempo|FakeOut,GigatonHammer,StoneEdge,PlayRough|Jolly||F|||50|
|showteam|p2|Tyranitar||HardStone|SandStream|RockSlide,Crunch,Protect,Taunt|Sassy||M|||50|]Garchomp||Garchompite|RoughSkin|Protect,StompingTantrum,Earthquake,RockSlide|Adamant||M|||50|]Orthworm||SitrusBerry|EarthEater|BodyPress,IronDefense,Protect,IronTail|Careful||F|||50|]Clefable||Leftovers|MagicGuard|FollowMe,Moonblast,Protect,IcyWind|Sassy||F|||50|]Delphox||Delphoxite|Blaze|ShadowBall,HeatWave,Psychic,Protect|Timid||F|||50|]Polteageist||ChoiceScarf|CursedBody|TrickRoom,Trick,StrengthSap,DarkPulse|Sassy|||||50|
|
|t:|1783010593
|teamsize|p1|4
|teamsize|p2|4
|start
|switch|p1a: Aerodactyl|Aerodactyl, L50, F|100/100
|switch|p1b: Incineroar|Incineroar, L50, F|100/100
|switch|p2a: Polteageist|Polteageist, L50|100/100
|switch|p2b: Delphox|Delphox, L50, F|100/100
|-ability|p1a: Aerodactyl|Unnerve
|-ability|p1b: Incineroar|Intimidate|boost
|-unboost|p2a: Polteageist|atk|1
|-unboost|p2b: Delphox|atk|1
|turn|1
|
|t:|1783010603
|detailschange|p1a: Aerodactyl|Aerodactyl-Mega, L50, F
|-mega|p1a: Aerodactyl|Aerodactyl|Aerodactylite
|move|p2b: Delphox|Protect|p2b: Delphox
|-singleturn|p2b: Delphox|Protect
|move|p1b: Incineroar|Fake Out|p2b: Delphox
|-activate|p2b: Delphox|move: Protect
|move|p1a: Aerodactyl|Rock Slide|p2b: Delphox|[spread] p2a
|-activate|p2b: Delphox|move: Protect
|-damage|p2a: Polteageist|54/100
|-start|p1a: Aerodactyl|Disable|Rock Slide|[from] ability: Cursed Body|[of] p2a: Polteageist
|move|p2a: Polteageist|Trick|p1b: Incineroar
|-activate|p2a: Polteageist|move: Trick|[of] p1b: Incineroar
|-item|p1b: Incineroar|Choice Scarf|[from] move: Trick
|-item|p2a: Polteageist|Shuca Berry|[from] move: Trick
|
|upkeep
|turn|2
|
|t:|1783010626
|switch|p1a: Tinkaton|Tinkaton, L50, F|100/100
|switch|p2b: Orthworm|Orthworm, L50, F|100/100
|move|p1b: Incineroar|Darkest Lariat|p2b: Orthworm
|-damage|p2b: Orthworm|67/100
|move|p2a: Polteageist|Strength Sap|p1a: Tinkaton
|-unboost|p1a: Tinkaton|atk|1
|-heal|p2a: Polteageist|100/100
|
|upkeep
|turn|3
|
|t:|1783010648
|move|p2b: Orthworm|Protect|p2b: Orthworm
|-singleturn|p2b: Orthworm|Protect
|move|p1a: Tinkaton|Fake Out|p2b: Orthworm
|-activate|p2b: Orthworm|move: Protect
|move|p1b: Incineroar|Darkest Lariat|p2a: Polteageist
|-supereffective|p2a: Polteageist|1
|-damage|p2a: Polteageist|0 fnt
|faint|p2a: Polteageist
|
|upkeep
|
|t:|1783010656
|switch|p2a: Clefable|Clefable, L50, F|100/100
|turn|4
|
|t:|1783010672
|switch|p1a: Conkeldurr|Conkeldurr, L50, M|100/100
|switch|p1b: Aerodactyl|Aerodactyl-Mega, L50, F|100/100
|move|p2a: Clefable|Protect|p2a: Clefable
|-singleturn|p2a: Clefable|Protect
|move|p2b: Orthworm|Iron Defense|p2b: Orthworm
|-boost|p2b: Orthworm|def|2
|
|upkeep
|turn|5
|
|t:|1783010689
|move|p2a: Clefable|Follow Me|p2a: Clefable
|-singleturn|p2a: Clefable|move: Follow Me
|move|p1b: Aerodactyl|Tailwind|p1b: Aerodactyl
|-sidestart|p1: irdiasil|move: Tailwind
|move|p1a: Conkeldurr|Drain Punch|p2a: Clefable
|-resisted|p2a: Clefable|1
|-damage|p2a: Clefable|64/100
|move|p2b: Orthworm|Iron Tail|p1b: Aerodactyl
|-supereffective|p1b: Aerodactyl|1
|-damage|p1b: Aerodactyl|32/100
|
|-heal|p2a: Clefable|70/100|[from] item: Leftovers
|upkeep
|turn|6
|
|t:|1783010704
|move|p1b: Aerodactyl|Protect|p1b: Aerodactyl
|-singleturn|p1b: Aerodactyl|Protect
|move|p2a: Clefable|Follow Me|p2a: Clefable
|-singleturn|p2a: Clefable|move: Follow Me
|move|p1a: Conkeldurr|Drain Punch|p2a: Clefable
|-resisted|p2a: Clefable|1
|-damage|p2a: Clefable|34/100
|move|p2b: Orthworm|Body Press|p1b: Aerodactyl
|-activate|p1b: Aerodactyl|move: Protect
|
|-heal|p2a: Clefable|40/100|[from] item: Leftovers
|upkeep
|turn|7
|
|t:|1783010716
|move|p2a: Clefable|Follow Me|p2a: Clefable
|-singleturn|p2a: Clefable|move: Follow Me
|move|p1b: Aerodactyl|Rock Slide|p2b: Orthworm|[spread] p2a,p2b
|-resisted|p2b: Orthworm|1
|-damage|p2a: Clefable|5/100
|-damage|p2b: Orthworm|61/100
|move|p1a: Conkeldurr|Rock Slide|p2a: Clefable|[spread] p2a
|-miss|p1a: Conkeldurr|p2b: Orthworm
|-damage|p2a: Clefable|0 fnt
|faint|p2a: Clefable
|move|p2b: Orthworm|Body Press|p1b: Aerodactyl
|-damage|p1b: Aerodactyl|0 fnt
|faint|p1b: Aerodactyl
|
|upkeep
|
|t:|1783010729
|switch|p1b: Tinkaton|Tinkaton, L50, F|100/100
|switch|p2a: Delphox|Delphox, L50, F|100/100
|turn|8
|
|t:|1783010753
|switch|p1a: Incineroar|Incineroar, L50, F|100/100
|-ability|p1a: Incineroar|Intimidate|boost
|-unboost|p2a: Delphox|atk|1
|-unboost|p2b: Orthworm|atk|1
|detailschange|p2a: Delphox|Delphox-Mega, L50, F
|-mega|p2a: Delphox|Delphox|Delphoxite
|move|p2a: Delphox|Protect|p2a: Delphox
|-singleturn|p2a: Delphox|Protect
|move|p2b: Orthworm|Protect|p2b: Orthworm
|-singleturn|p2b: Orthworm|Protect
|move|p1b: Tinkaton|Stone Edge|p2a: Delphox
|-activate|p2a: Delphox|move: Protect
|
|-sideend|p1: irdiasil|move: Tailwind
|upkeep
|turn|9
|
|t:|1783010776
|move|p2a: Delphox|Protect|p2a: Delphox
|-singleturn|p2a: Delphox|Protect
|move|p1a: Incineroar|Fake Out|p2b: Orthworm
|-resisted|p2b: Orthworm|1
|-damage|p2b: Orthworm|58/100
|move|p1b: Tinkaton|Stone Edge|p2a: Delphox
|-activate|p2a: Delphox|move: Protect
|cant|p2b: Orthworm|flinch
|
|upkeep
|turn|10
|
|t:|1783010790
|switch|p1a: Conkeldurr|Conkeldurr, L50, M|100/100
|move|p2a: Delphox|Heat Wave|p1a: Conkeldurr|[spread] p1a,p1b
|-supereffective|p1b: Tinkaton|1
|-damage|p1a: Conkeldurr|48/100
|-damage|p1b: Tinkaton|3/100
|move|p1b: Tinkaton|Stone Edge|p2a: Delphox
|-supereffective|p2a: Delphox|1
|-damage|p2a: Delphox|31/100
|move|p2b: Orthworm|Body Press|p1a: Conkeldurr
|-damage|p1a: Conkeldurr|0 fnt
|faint|p1a: Conkeldurr
|
|upkeep
|
|t:|1783010800
|switch|p1a: Incineroar|Incineroar, L50, F|100/100
|-ability|p1a: Incineroar|Intimidate|boost
|-unboost|p2a: Delphox|atk|1
|-unboost|p2b: Orthworm|atk|1
|turn|11
|
|t:|1783010814
|move|p2a: Delphox|Protect|p2a: Delphox
|-singleturn|p2a: Delphox|Protect
|move|p1b: Tinkaton|Stone Edge|p2a: Delphox
|-activate|p2a: Delphox|move: Protect
|move|p1a: Incineroar|Flare Blitz|p2b: Orthworm
|-supereffective|p2b: Orthworm|1
|-damage|p2b: Orthworm|14/100
|-enditem|p2b: Orthworm|Sitrus Berry|[eat]
|-heal|p2b: Orthworm|39/100|[from] item: Sitrus Berry
|-damage|p1a: Incineroar|85/100|[from] Recoil
|move|p2b: Orthworm|Body Press|p1a: Incineroar
|-supereffective|p1a: Incineroar|1
|-damage|p1a: Incineroar|0 fnt
|faint|p1a: Incineroar
|
|upkeep
|turn|12
|
|t:|1783010833
|move|p2a: Delphox|Psychic|p1b: Tinkaton
|-resisted|p1b: Tinkaton|1
|-damage|p1b: Tinkaton|0 fnt
|faint|p1b: Tinkaton
|
|win|Cowboy076
|c|☆irdiasil|ggs
|c|☆Cowboy076|gg
