|j|☆merr123
|j|☆BerryCekodok
|html|merr123BerryCekodok    
|uhtml|bestof|Game 1 of a best-of-3
|t:|1756887021
|gametype|doubles
|player|p1|merr123|sisandbro|1188
|player|p2|BerryCekodok|2|1129
|gen|9
|tier|[Gen 9] VGC 2025 Reg H (Bo3)
|rated|
|rule|Species Clause: Limit one of each Pokémon
|rule|Item Clause: Limit 1 of each item
|clearpoke
|poke|p1|Sneasler, L50, F|
|poke|p1|Gholdengo, L50|
|poke|p1|Amoonguss, L50, M|
|poke|p1|Incineroar, L50, F|
|poke|p1|Ursaluna-Bloodmoon, L50, M|
|poke|p1|Farigiraf, L50, M|
|poke|p2|Porygon2, L50|
|poke|p2|Ursaluna, L50, M|
|poke|p2|Gholdengo, L50|
|poke|p2|Flamigo, L50, F|
|poke|p2|Incineroar, L50, F|
|poke|p2|Amoonguss, L50, M|
|teampreview|4
|showteam|p1|Sneasler||ClearAmulet|PoisonTouch|FakeOut,CloseCombat,DireClaw,Protect|||F|||50|,,,,,Water]Gholdengo||MetalCoat|GoodasGold|NastyPlot,MakeItRain,ShadowBall,Protect||||||50|,,,,,Water]Amoonguss||MentalHerb|Regenerator|Spore,RagePowder,PollenPuff,Protect|||M|||50|,,,,,Water]Incineroar||SafetyGoggles|Intimidate|FakeOut,FlareBlitz,KnockOff,PartingShot|||F|||50|,,,,,Ghost]Ursaluna-Bloodmoon||LifeOrb|MindsEye|CalmMind,EarthPower,BloodMoon,Protect|||M|||50|,,,,,Poison]Farigiraf||ThroatSpray|ArmorTail|HyperVoice,Psychic,TrickRoom,Protect|||M|||50|,,,,,Dragon
|showteam|p2|Porygon2||Eviolite|Download|TeraBlast,IceBeam,TrickRoom,Recover||||||50|,,,,,Fighting]Ursaluna||FlameOrb|Guts|Facade,HeadlongRush,Earthquake,Protect|||M|||50|,,,,,Ghost]Gholdengo||LifeOrb|GoodasGold|MakeItRain,ShadowBall,Protect,NastyPlot||||||50|,,,,,Dragon]Flamigo||FocusSash|Scrappy|CloseCombat,BraveBird,Protect,WideGuard|||F|||50|,,,,,Stellar]Incineroar||SafetyGoggles|Intimidate|FlareBlitz,KnockOff,FakeOut,PartingShot|||F|||50|,,,,,Ghost]Amoonguss||SitrusBerry|Regenerator|PollenPuff,Protect,Spore,RagePowder|||M|||50|,,,,,Water
|inactive|Battle timer is ON: inactive players will automatically lose when time's up. (requested by merr123)
|inactive|merr123 has 60 seconds left.
|inactive|BerryCekodok has 60 seconds left.
|inactive|merr123 has 30 seconds left.
|inactive|BerryCekodok has 30 seconds left.
|inactive|merr123 has 20 seconds left.
|inactive|merr123 has 15 seconds left.
|inactive|merr123 has 10 seconds left.
|inactive|merr123 has 5 seconds left.
|
|t:|1756887111
|teamsize|p1|4
|teamsize|p2|4
|start
|switch|p1a: Sneasler|Sneasler, L50, F|100/100
|switch|p1b: Amoonguss|Amoonguss, L50, M|100/100
|switch|p2a: Noodle|Flamigo, L50, F|100/100
|switch|p2b: Hunter|Incineroar, L50, F|100/100
|-ability|p2b: Hunter|Intimidate|boost
|-fail|p1a: Sneasler|unboost|[from] item: Clear Amulet|[of] p1a: Sneasler
|-unboost|p1b: Amoonguss|atk|1
|turn|1
|inactive|merr123 has 30 seconds left.
|inactive|BerryCekodok has 30 seconds left.
|inactive|merr123 has 20 seconds left.
|inactive|merr123 has 15 seconds left.
|inactive|merr123 has 10 seconds left.
|
|t:|1756887160
|switch|p1b: Incineroar|Incineroar, L50, F|100/100
|-ability|p1b: Incineroar|Intimidate|boost
|-fail|p2a: Noodle|unboost|Attack|[from] ability: Scrappy|[of] p2a: Noodle
|-unboost|p2b: Hunter|atk|1
|move|p2a: Noodle|Protect|p2a: Noodle
|-singleturn|p2a: Noodle|Protect
|move|p1a: Sneasler|Fake Out|p2a: Noodle
|-activate|p2a: Noodle|move: Protect
|move|p2b: Hunter|Fake Out|p1a: Sneasler
|-damage|p1a: Sneasler|87/100
|
|upkeep
|turn|2
|inactive|merr123 has 30 seconds left.
|inactive|BerryCekodok has 30 seconds left.
|inactive|merr123 has 20 seconds left.
|inactive|BerryCekodok has 20 seconds left.
|inactive|merr123 has 15 seconds left.
|inactive|BerryCekodok has 15 seconds left.
|inactive|merr123 has 10 seconds left.
|inactive|BerryCekodok has 10 seconds left.
|inactive|merr123 has 5 seconds left.
|
|t:|1756887212
|switch|p2b: Umbrella|Amoonguss, L50, M|100/100
|move|p1b: Incineroar|Fake Out|p2a: Noodle
|-damage|p2a: Noodle|83/100
|cant|p2a: Noodle|flinch
|move|p1a: Sneasler|Close Combat|p2b: Umbrella
|-resisted|p2b: Umbrella
|-damage|p2b: Umbrella|73/100
|-unboost|p1a: Sneasler|def|1
|-unboost|p1a: Sneasler|spd|1
|
|upkeep
|turn|3
|inactive|merr123 has 30 seconds left.
|inactive|BerryCekodok has 30 seconds left.
|inactive|merr123 has 20 seconds left.
|inactive|BerryCekodok has 20 seconds left.
|inactive|merr123 has 15 seconds left.
|inactive|merr123 has 10 seconds left.
|
|t:|1756887257
|switch|p1b: Amoonguss|Amoonguss, L50, M|100/100
|move|p1a: Sneasler|Protect|p1a: Sneasler
|-singleturn|p1a: Sneasler|Protect
|move|p2b: Umbrella|Rage Powder|p2b: Umbrella
|-singleturn|p2b: Umbrella|move: Rage Powder
|move|p2a: Noodle|Close Combat|p1b: Amoonguss
|-resisted|p1b: Amoonguss
|-damage|p1b: Amoonguss|77/100
|-unboost|p2a: Noodle|def|1
|-unboost|p2a: Noodle|spd|1
|
|upkeep
|turn|4
|inactive|merr123 has 30 seconds left.
|inactive|merr123 has 20 seconds left.
|
|t:|1756887296
|switch|p1a: Gholdengo|Gholdengo, L50|100/100
|-terastallize|p1b: Amoonguss|Water
|move|p2b: Umbrella|Rage Powder|p2b: Umbrella
|-singleturn|p2b: Umbrella|move: Rage Powder
|move|p2a: Noodle|Brave Bird|p1b: Amoonguss
|-damage|p1b: Amoonguss|29/100
|-damage|p2a: Noodle|61/100|[from] Recoil
|move|p1b: Amoonguss|Spore|p2b: Umbrella
|-immune|p2b: Umbrella
|
|upkeep
|turn|5
|inactive|merr123 has 30 seconds left.
|inactive|BerryCekodok has 30 seconds left.
|inactive|BerryCekodok has 20 seconds left.
|inactive|BerryCekodok has 15 seconds left.
|inactive|BerryCekodok has 10 seconds left.
|inactive|BerryCekodok has 5 seconds left.
|
|t:|1756887346
|switch|p2b: Hunter|Incineroar, L50, F|100/100
|-ability|p2b: Hunter|Intimidate|boost
|-unboost|p1a: Gholdengo|atk|1
|-unboost|p1b: Amoonguss|atk|1
|move|p1b: Amoonguss|Rage Powder|p1b: Amoonguss
|-singleturn|p1b: Amoonguss|move: Rage Powder
|move|p2a: Noodle|Close Combat|p1b: Amoonguss
|-damage|p1b: Amoonguss|0 fnt
|-unboost|p2a: Noodle|def|1
|-unboost|p2a: Noodle|spd|1
|faint|p1b: Amoonguss
|move|p1a: Gholdengo|Nasty Plot|p1a: Gholdengo
|-boost|p1a: Gholdengo|spa|2
|
|upkeep
|inactive|merr123 has 30 seconds left.
|inactive|merr123 has 20 seconds left.
|
|t:|1756887386
|switch|p1b: Sneasler|Sneasler, L50, F|87/100
|turn|6
|inactive|BerryCekodok has 30 seconds left.
|inactive|BerryCekodok has 20 seconds left.
|inactive|BerryCekodok has 15 seconds left.
|inactive|BerryCekodok has 10 seconds left.
|
|t:|1756887434
|switch|p2b: Squishy|Porygon2, L50|100/100
|-ability|p2b: Squishy|Download|boost
|-boost|p2b: Squishy|atk|1
|move|p2a: Noodle|Protect|p2a: Noodle
|-singleturn|p2a: Noodle|Protect
|move|p1b: Sneasler|Protect|p1b: Sneasler
|-singleturn|p1b: Sneasler|Protect
|move|p1a: Gholdengo|Protect||[still]
|-fail|p1a: Gholdengo
|
|upkeep
|turn|7
|inactive|BerryCekodok has 30 seconds left.
|inactive|BerryCekodok has 20 seconds left.
|inactive|BerryCekodok has 15 seconds left.
|
|t:|1756887476
|switch|p2a: Umbrella|Amoonguss, L50, M|100/100
|move|p1b: Sneasler|Close Combat|p2b: Squishy
|-supereffective|p2b: Squishy
|-damage|p2b: Squishy|22/100
|-unboost|p1b: Sneasler|def|1
|-unboost|p1b: Sneasler|spd|1
|-status|p2b: Squishy|psn|[from] ability: Poison Touch|[of] p1b: Sneasler
|move|p1a: Gholdengo|Shadow Ball|p2a: Umbrella
|-damage|p2a: Umbrella|24/100
|-unboost|p2a: Umbrella|spd|1
|-enditem|p2a: Umbrella|Sitrus Berry|[eat]
|-heal|p2a: Umbrella|49/100|[from] item: Sitrus Berry
|move|p2b: Squishy|Tera Blast|p1b: Sneasler
|-crit|p1b: Sneasler
|-damage|p1b: Sneasler|0 fnt
|faint|p1b: Sneasler
|
|-damage|p2b: Squishy|10/100 psn|[from] psn
|upkeep
|
|t:|1756887496
|switch|p1b: Incineroar|Incineroar, L50, F|100/100
|-ability|p1b: Incineroar|Intimidate|boost
|-unboost|p2a: Umbrella|atk|1
|-unboost|p2b: Squishy|atk|1
|turn|8
|inactive|merr123 has 30 seconds left.
|inactive|merr123 has 20 seconds left.
|
|t:|1756887532
|move|p1a: Gholdengo|Protect|p1a: Gholdengo
|-singleturn|p1a: Gholdengo|Protect
|move|p1b: Incineroar|Flare Blitz|p2a: Umbrella
|-supereffective|p2a: Umbrella
|-damage|p2a: Umbrella|0 fnt
|faint|p2a: Umbrella
|-damage|p1b: Incineroar|83/100|[from] Recoil
|move|p2b: Squishy|Recover|p2b: Squishy
|-heal|p2b: Squishy|60/100 psn
|
|-damage|p2b: Squishy|47/100 psn|[from] psn
|upkeep
|
|t:|1756887551
|switch|p2a: Noodle|Flamigo, L50, F|61/100
|turn|9
|inactive|BerryCekodok has 30 seconds left.
|inactive|BerryCekodok has 20 seconds left.
|inactive|BerryCekodok has 15 seconds left.
|inactive|BerryCekodok has 10 seconds left.
|
|t:|1756887600
|-terastallize|p2b: Squishy|Fighting
|move|p2a: Noodle|Close Combat|p1a: Gholdengo
|-supereffective|p1a: Gholdengo
|-damage|p1a: Gholdengo|0 fnt
|-unboost|p2a: Noodle|def|1
|-unboost|p2a: Noodle|spd|1
|faint|p1a: Gholdengo
|move|p1b: Incineroar|Flare Blitz|p2a: Noodle
|-damage|p2a: Noodle|0 fnt
|faint|p2a: Noodle
|-damage|p1b: Incineroar|68/100|[from] Recoil
|move|p2b: Squishy|Tera Blast|p1b: Incineroar|[anim] Tera Blast Fighting
|-supereffective|p1b: Incineroar
|-damage|p1b: Incineroar|1/100
|
|-damage|p2b: Squishy|35/100 psn|[from] psn
|upkeep
|
|t:|1756887603
|switch|p2a: Hunter|Incineroar, L50, F|100/100
|-ability|p2a: Hunter|Intimidate|boost
|-unboost|p1b: Incineroar|atk|1
|turn|10
|-message|merr123 forfeited.
|
|win|BerryCekodok
