|j|☆titsydude
|j|☆coffi724
|html|titsydudecoffi724    
|uhtml|bestof|Game 1 of a best-of-3
|t:|1782246547
|gametype|doubles
|player|p1|titsydude|169|1111
|player|p2|coffi724|101|1114
|gen|9
|tier|[Gen 9 Champions] VGC 2026 Reg M-B (Bo3)
|rated|
|rule|Species Clause: Limit one of each Pokémon
|rule|Item Clause: Limit 1 of each item
|clearpoke
|poke|p1|Pyroar, L50, F|
|poke|p1|Ninetales, L50, M|
|poke|p1|Whimsicott, L50, F|
|poke|p1|Floette-Eternal, L50, F|
|poke|p1|Basculegion, L50, M|
|poke|p1|Farigiraf, L50, M|
|poke|p2|Kingambit, L50, M|
|poke|p2|Blaziken, L50, M|
|poke|p2|Basculegion, L50, M|
|poke|p2|Ninetales-Alola, L50, F|
|poke|p2|Gholdengo, L50|
|poke|p2|Dragonite, L50, F|
|teampreview|4
|showteam|p1|Pyroar||Pyroarite|Unnerve|HeatWave,Overheat,SolarBeam,Protect|Timid||F|||50|]Ninetales||ChoiceScarf|Drought|HeatWave,Overheat,SolarBeam,FakeTears|Modest||M|||50|]Whimsicott||FocusSash|Prankster|Moonblast,Tailwind,SunnyDay,Protect|Timid||F|||50|]Floette-Eternal||Floettite|FlowerVeil|Moonblast,LightofRuin,DazzlingGleam,Protect|Modest||F|||50|]Basculegion||LifeOrb|Adaptability|WaveCrash,LastRespects,AquaJet,Protect|Adamant||M|||50|]Farigiraf||SitrusBerry|ArmorTail|Psychic,Thunderbolt,TrickRoom,HelpingHand|Bold||M|||50|
|showteam|p2|Kingambit||BlackGlasses|Defiant|KowtowCleave,LowKick,SuckerPunch,Protect|Adamant||M|||50|]Blaziken||Blazikenite|SpeedBoost|FlareBlitz,CloseCombat,RockSlide,Protect|Jolly||M|||50|]Basculegion||MysticWater|Adaptability|WaveCrash,LastRespects,AquaJet,Protect|Adamant||M|||50|]Ninetales-Alola||FocusSash|SnowWarning|Blizzard,FreezeDry,Encore,Protect|Timid||F|||50|]Gholdengo||LifeOrb|GoodasGold|MakeItRain,ShadowBall,NastyPlot,Protect|Timid|||||50|]Dragonite||DragonFang|InnerFocus|DragonClaw,ExtremeSpeed,Tailwind,Protect|Adamant||F|||50|
|inactive|Battle timer is ON: inactive players will automatically lose when time's up. (requested by titsydude)
|
|t:|1782246575
|teamsize|p1|4
|teamsize|p2|4
|start
|switch|p1a: Whimsicott|Whimsicott, L50, F|100/100
|switch|p1b: Pyroar|Pyroar, L50, F|100/100
|switch|p2a: Blaziken|Blaziken, L50, M|100/100
|switch|p2b: Kingambit|Kingambit, L50, M|100/100
|-ability|p1b: Pyroar|Unnerve
|turn|1
|
|t:|1782246589
|detailschange|p2a: Blaziken|Blaziken-Mega, L50, M
|-mega|p2a: Blaziken|Blaziken|Blazikenite
|move|p1b: Pyroar|Protect|p1b: Pyroar
|-singleturn|p1b: Pyroar|Protect
|move|p1a: Whimsicott|Tailwind|p1a: Whimsicott
|-sidestart|p1: titsydude|move: Tailwind
|move|p2a: Blaziken|Close Combat|p1b: Pyroar
|-activate|p1b: Pyroar|move: Protect
|move|p2b: Kingambit|Kowtow Cleave|p1b: Pyroar
|-activate|p1b: Pyroar|move: Protect
|
|-ability|p2a: Blaziken|Speed Boost|boost
|-boost|p2a: Blaziken|spe|1
|upkeep
|turn|2
|
|t:|1782246604
|switch|p1a: Farigiraf|Farigiraf, L50, M|100/100
|detailschange|p1b: Pyroar|Pyroar-Mega, L50, F
|-mega|p1b: Pyroar|Pyroar|Pyroarite
|move|p2a: Blaziken|Protect|p2a: Blaziken
|-singleturn|p2a: Blaziken|Protect
|move|p2b: Kingambit|Sucker Punch||[still]
|cant|p1a: Farigiraf|ability: Armor Tail|Sucker Punch|[of] p2b: Kingambit
|move|p1b: Pyroar|Heat Wave|p2a: Blaziken|[spread] p2b
|-activate|p2a: Blaziken|move: Protect
|-supereffective|p2b: Kingambit|1
|-damage|p2b: Kingambit|0 fnt
|faint|p2b: Kingambit
|
|-ability|p2a: Blaziken|Speed Boost|boost
|-boost|p2a: Blaziken|spe|1
|upkeep
|
|t:|1782246607
|switch|p2b: Basculegion|Basculegion, L50, M|100/100
|turn|3
|
|t:|1782246625
|move|p1b: Pyroar|Protect|p1b: Pyroar
|-singleturn|p1b: Pyroar|Protect
|move|p2a: Blaziken|Close Combat|p1a: Farigiraf
|-damage|p1a: Farigiraf|43/100
|-unboost|p2a: Blaziken|def|1
|-unboost|p2a: Blaziken|spd|1
|-enditem|p1a: Farigiraf|Sitrus Berry|[eat]
|-heal|p1a: Farigiraf|68/100|[from] item: Sitrus Berry
|move|p1a: Farigiraf|Psychic|p2a: Blaziken
|-supereffective|p2a: Blaziken|1
|-damage|p2a: Blaziken|0 fnt
|faint|p2a: Blaziken
|move|p2b: Basculegion|Wave Crash|p1a: Farigiraf
|-damage|p1a: Farigiraf|0 fnt
|faint|p1a: Farigiraf
|-damage|p2b: Basculegion|75/100|[from] Recoil
|
|upkeep
|
|t:|1782246642
|switch|p2a: Ninetales|Ninetales-Alola, L50, F|100/100
|switch|p1a: Basculegion|Basculegion, L50, M|100/100
|-weather|Snowscape|[from] ability: Snow Warning|[of] p2a: Ninetales
|turn|4
|
|t:|1782246655
|move|p2b: Basculegion|Protect|p2b: Basculegion
|-singleturn|p2b: Basculegion|Protect
|move|p1b: Pyroar|Heat Wave|p2b: Basculegion|[spread] p2a
|-activate|p2b: Basculegion|move: Protect
|-supereffective|p2a: Ninetales|1
|-enditem|p2a: Ninetales|Focus Sash
|-damage|p2a: Ninetales|1/100
|move|p1a: Basculegion|Last Respects|p2b: Basculegion
|-activate|p2b: Basculegion|move: Protect
|move|p2a: Ninetales|Blizzard|p1b: Pyroar|[spread] p1a,p1b
|-resisted|p1a: Basculegion|1
|-resisted|p1b: Pyroar|1
|-damage|p1a: Basculegion|81/100
|-damage|p1b: Pyroar|80/100
|
|-weather|Snowscape|[upkeep]
|-sideend|p1: titsydude|move: Tailwind
|upkeep
|turn|5
|inactive|titsydude has 30 seconds left.
|
|t:|1782246681
|move|p1b: Pyroar|Protect|p1b: Pyroar
|-singleturn|p1b: Pyroar|Protect
|move|p2b: Basculegion|Aqua Jet|p1a: Basculegion
|-resisted|p1a: Basculegion|1
|-damage|p1a: Basculegion|62/100
|move|p2a: Ninetales|Freeze-Dry|p1a: Basculegion
|-supereffective|p1a: Basculegion|1
|-damage|p1a: Basculegion|0 fnt
|faint|p1a: Basculegion
|
|-weather|Snowscape|[upkeep]
|upkeep
|
|t:|1782246690
|switch|p1a: Whimsicott|Whimsicott, L50, F|100/100
|turn|6
|
|t:|1782246711
|move|p2a: Ninetales|Protect|p2a: Ninetales
|-singleturn|p2a: Ninetales|Protect
|move|p1a: Whimsicott|Sunny Day|p1a: Whimsicott
|-weather|SunnyDay
|move|p1b: Pyroar|Solar Beam||[still]
|-prepare|p1b: Pyroar|Solar Beam
|-anim|p1b: Pyroar|Solar Beam|p2b: Basculegion
|-supereffective|p2b: Basculegion|1
|-damage|p2b: Basculegion|0 fnt
|faint|p2b: Basculegion
|
|-weather|SunnyDay|[upkeep]
|upkeep
|turn|7
|-message|coffi724 forfeited.
|
|win|titsydude
