|j|☆OdieVGC
|j|☆cesspollon
|html|OdieVGCcesspollon    
|uhtml|bestof|Game 3 of a best-of-3
|t:|1783278598
|gametype|doubles
|player|p1|OdieVGC|2|1111
|player|p2|cesspollon|tuberf|1049
|gen|9
|tier|[Gen 9 Champions] VGC 2026 Reg M-B (Bo3)
|rated|
|rule|Species Clause: Limit one of each Pokémon
|rule|Item Clause: Limit 1 of each item
|clearpoke
|poke|p1|Primarina, L50, F|
|poke|p1|Staraptor, L50, M, shiny|
|poke|p1|Delphox, L50, F, shiny|
|poke|p1|Garchomp, L50, M|
|poke|p1|Grimmsnarl, L50, M|
|poke|p1|Sinistcha-Masterpiece, L50, shiny|
|poke|p2|Ninetales, L50, M|
|poke|p2|Blaziken, L50, F|
|poke|p2|Torkoal, L50, F|
|poke|p2|Venusaur, L50, F|
|poke|p2|Overqwil, L50, F|
|poke|p2|Scovillain, L50, M|
|teampreview|4
|showteam|p1|Primarina||Leftovers|LiquidVoice|Protect,HyperVoice,CalmMind,Moonblast|Modest||F|||50|]Staraptor||Staraptite|Intimidate|Protect,BraveBird,Tailwind,CloseCombat|Jolly||M|||50|]Delphox||Delphoxite|Blaze|Protect,HeatWave,Encore,Psychic|Timid||F|||50|]Garchomp||LifeOrb|RoughSkin|Protect,DragonClaw,RockSlide,StompingTantrum|Jolly||M|||50|]Grimmsnarl||LightClay|Prankster|SpiritBreak,Reflect,LightScreen,PartingShot|Careful||M|||50|]Sinistcha-Masterpiece||KasibBerry|Hospitality|Protect,MatchaGotcha,RagePowder,StrengthSap|Bold|||||50|
|showteam|p2|Ninetales||Charcoal|Drought|HeatWave,SolarBeam,Psyshock,Protect|Modest||M|||50|]Blaziken||Blazikenite|SpeedBoost|BlazeKick,CloseCombat,RockSlide,Protect|Adamant||F|||50|]Torkoal||WiseGlasses|Drought|Eruption,HeatWave,BodyPress,Protect|Relaxed||F|||50|]Venusaur||ZoomLens|Chlorophyll|EnergyBall,SludgeBomb,SleepPowder,Synthesis|Serious||F|||50|]Overqwil||Leftovers|Intimidate|ThroatChop,PoisonJab,Waterfall,Protect|Serious||F|||50|]Scovillain||SitrusBerry|Chlorophyll|FlareBlitz,SolarBeam,ZenHeadbutt,RagePowder|Lonely||M|||50|
|inactive|Battle timer is ON: inactive players will automatically lose when time's up. (requested by cesspollon)
|c|☆cesspollon|you another time jajaj
|
|t:|1783278676
|teamsize|p1|4
|teamsize|p2|4
|start
|switch|p1a: Staraptor|Staraptor, L50, M, shiny|100/100
|switch|p1b: Grimmsnarl|Grimmsnarl, L50, M|100/100
|switch|p2a: Blaziken|Blaziken, L50, F|100/100
|switch|p2b: Overqwil|Overqwil, L50, F|100/100
|-ability|p1a: Staraptor|Intimidate|boost
|-unboost|p2a: Blaziken|atk|1
|-unboost|p2b: Overqwil|atk|1
|-ability|p2b: Overqwil|Intimidate|boost
|-unboost|p1a: Staraptor|atk|1
|-unboost|p1b: Grimmsnarl|atk|1
|turn|1
|inactive|OdieVGC has 30 seconds left.
|
|t:|1783278711
|detailschange|p1a: Staraptor|Staraptor-Mega, L50, M, shiny
|-mega|p1a: Staraptor|Staraptor|Staraptite
|detailschange|p2a: Blaziken|Blaziken-Mega, L50, F
|-mega|p2a: Blaziken|Blaziken|Blazikenite
|move|p1b: Grimmsnarl|Reflect|p1b: Grimmsnarl
|-sidestart|p1: OdieVGC|Reflect
|move|p1a: Staraptor|Tailwind|p1a: Staraptor
|-sidestart|p1: OdieVGC|move: Tailwind
|move|p2a: Blaziken|Rock Slide|p1a: Staraptor|[spread] p1a,p1b
|-damage|p1a: Staraptor|86/100
|-damage|p1b: Grimmsnarl|87/100
|move|p2b: Overqwil|Poison Jab|p1b: Grimmsnarl
|-supereffective|p1b: Grimmsnarl|1
|-damage|p1b: Grimmsnarl|51/100
|
|-ability|p2a: Blaziken|Speed Boost|boost
|-boost|p2a: Blaziken|spe|1
|upkeep
|turn|2
|inactive|cesspollon has 30 seconds left.
|inactive|cesspollon has 20 seconds left.
|inactive|cesspollon has 15 seconds left.
|inactive|cesspollon has 10 seconds left.
|
|t:|1783278759
|move|p2b: Overqwil|Protect|p2b: Overqwil
|-singleturn|p2b: Overqwil|Protect
|move|p1b: Grimmsnarl|Parting Shot|p1a: Staraptor
|-boost|p1a: Staraptor|atk|1
|-boost|p1a: Staraptor|spa|1
|
|t:|1783278764
|switch|p1b: Garchomp|Garchomp, L50, M|100/100|[from] Parting Shot
|move|p1a: Staraptor|Close Combat|p2a: Blaziken
|-damage|p2a: Blaziken|25/100
|-boost|p1a: Staraptor|def|1
|-boost|p1a: Staraptor|spd|1
|move|p2a: Blaziken|Blaze Kick|p1a: Staraptor
|-damage|p1a: Staraptor|68/100
|-status|p1a: Staraptor|brn
|
|-damage|p1a: Staraptor|62/100 brn|[from] brn
|-ability|p2a: Blaziken|Speed Boost|boost
|-boost|p2a: Blaziken|spe|1
|upkeep
|turn|3
|inactive|OdieVGC has 30 seconds left.
|inactive|cesspollon has 30 seconds left.
|inactive|OdieVGC has 20 seconds left.
|inactive|cesspollon has 20 seconds left.
|
|t:|1783278802
|switch|p1b: Grimmsnarl|Grimmsnarl, L50, M|51/100
|switch|p2b: Ninetales|Ninetales, L50, M|100/100
|-weather|SunnyDay|[from] ability: Drought|[of] p2b: Ninetales
|move|p1a: Staraptor|Close Combat|p2b: Ninetales
|-damage|p2b: Ninetales|58/100
|-boost|p1a: Staraptor|def|1
|-boost|p1a: Staraptor|spd|1
|move|p2a: Blaziken|Blaze Kick|p1b: Grimmsnarl
|-damage|p1b: Grimmsnarl|12/100
|
|-weather|SunnyDay|[upkeep]
|-damage|p1a: Staraptor|56/100 brn|[from] brn
|-ability|p2a: Blaziken|Speed Boost|boost
|-boost|p2a: Blaziken|spe|1
|upkeep
|turn|4
|inactive|OdieVGC has 30 seconds left.
|inactive|cesspollon has 30 seconds left.
|
|t:|1783278836
|move|p1b: Grimmsnarl|Parting Shot|p1a: Staraptor
|-boost|p1a: Staraptor|atk|1
|-boost|p1a: Staraptor|spa|1
|
|t:|1783278841
|switch|p1b: Sinistcha|Sinistcha-Masterpiece, L50, shiny|100/100|[from] Parting Shot
|-heal|p1a: Staraptor|81/100 brn|[from] ability: Hospitality|[of] p1b: Sinistcha
|move|p1a: Staraptor|Close Combat|p2b: Ninetales
|-damage|p2b: Ninetales|0 fnt
|-boost|p1a: Staraptor|def|1
|-boost|p1a: Staraptor|spd|1
|faint|p2b: Ninetales
|move|p2a: Blaziken|Blaze Kick|p1a: Staraptor
|-damage|p1a: Staraptor|62/100 brn
|
|-weather|SunnyDay|[upkeep]
|-damage|p1a: Staraptor|56/100 brn|[from] brn
|-sideend|p1: OdieVGC|move: Tailwind
|-ability|p2a: Blaziken|Speed Boost|boost
|-boost|p2a: Blaziken|spe|1
|upkeep
|
|t:|1783278858
|switch|p2b: Scovillain|Scovillain, L50, M|100/100
|turn|5
|
|t:|1783278870
|switch|p1b: Grimmsnarl|Grimmsnarl, L50, M|12/100
|move|p1a: Staraptor|Protect|p1a: Staraptor
|-singleturn|p1a: Staraptor|Protect
|move|p2a: Blaziken|Blaze Kick|p1a: Staraptor
|-activate|p1a: Staraptor|move: Protect
|move|p2b: Scovillain|Zen Headbutt|p1a: Staraptor
|-activate|p1a: Staraptor|move: Protect
|
|-weather|SunnyDay|[upkeep]
|-damage|p1a: Staraptor|50/100g brn|[from] brn
|-ability|p2a: Blaziken|Speed Boost|boost
|-boost|p2a: Blaziken|spe|1
|upkeep
|turn|6
|
|t:|1783278889
|move|p1b: Grimmsnarl|Parting Shot|p1a: Staraptor
|-boost|p1a: Staraptor|atk|1
|-boost|p1a: Staraptor|spa|1
|
|t:|1783278892
|switch|p1b: Sinistcha|Sinistcha-Masterpiece, L50, shiny|100/100|[from] Parting Shot
|-heal|p1a: Staraptor|75/100 brn|[from] ability: Hospitality|[of] p1b: Sinistcha
|move|p2a: Blaziken|Blaze Kick|p1a: Staraptor
|-damage|p1a: Staraptor|59/100 brn
|move|p2b: Scovillain|Zen Headbutt|p1a: Staraptor|[miss]
|-miss|p2b: Scovillain|p1a: Staraptor
|move|p1a: Staraptor|Brave Bird|p2b: Scovillain
|-supereffective|p2b: Scovillain|1
|-damage|p2b: Scovillain|0 fnt
|faint|p2b: Scovillain
|-damage|p1a: Staraptor|26/100 brn|[from] Recoil
|
|-weather|SunnyDay|[upkeep]
|-damage|p1a: Staraptor|19/100 brn|[from] brn
|-ability|p2a: Blaziken|Speed Boost|boost
|-boost|p2a: Blaziken|spe|1
|upkeep
|-message|cesspollon forfeited.
|
|win|OdieVGC
|raw|OdieVGC's rating: 1111 → 1132(+21 for winning)
|raw|cesspollon's rating: 1049 → 1035(-14 for losing)
|l|☆cesspollon
|player|p2|
