|j|☆NandoGTG
|j|☆Craser13
|html|NandoGTGCraser13    
|uhtml|bestof|Game 2 of a best-of-3
|t:|1784764979
|gametype|doubles
|player|p1|NandoGTG|cheren|
|player|p2|Craser13|170|
|gen|9
|tier|[Gen 9 Champions] VGC 2026 Reg M-B (Bo3)
|rule|Species Clause: Limit one of each Pokémon
|rule|Item Clause: Limit 1 of each item
|clearpoke
|poke|p1|Pidgeot, L50, M, shiny|
|poke|p1|Tyranitar, L50, M|
|poke|p1|Weavile, L50, M|
|poke|p1|Aegislash, L50, F|
|poke|p1|Venusaur, L50, M|
|poke|p1|Milotic, L50, M|
|poke|p2|Froslass, L50, F|
|poke|p2|Dragonite, L50, F|
|poke|p2|Toxapex, L50, M|
|poke|p2|Sneasler, L50, F|
|poke|p2|Kingambit, L50, M|
|poke|p2|Blaziken, L50, F|
|teampreview|4
|showteam|p1|Pidgeot||Pidgeotite|BigPecks|Hurricane,HeatWave,Tailwind,Protect|Timid||M|||50|]Tyranitar||ChopleBerry|SandStream|RockSlide,KnockOff,Protect,LowKick|Adamant||M|||50|]Weavile||WideLens|Pressure|FakeOut,IceShard,TripleAxel,KnockOff|Jolly||M|||50|]Aegislash||SpellTag|StanceChange|Poltergeist,SacredSword,ShadowSneak,KingsShield|Adamant||F|||50|]Venusaur||Venusaurite|Chlorophyll|EnergyBall,SludgeBomb,EarthPower,Protect|Modest||M|||50|]Milotic||SitrusBerry|Competitive|Scald,IcyWind,LifeDew,Protect|Calm||M|||50|
|showteam|p2|Froslass||Froslassite|CursedBody|Blizzard,ShadowBall,AuroraVeil,Protect|Timid||F|||50|]Dragonite||LifeOrb|InnerFocus|DragonClaw,ExtremeSpeed,LowKick,Protect|Adamant||F|||50|]Toxapex||Leftovers|Regenerator|Infestation,Toxic,WideGuard,BanefulBunker|Bold||M|||50|]Sneasler||FocusSash|PoisonTouch|CloseCombat,PoisonJab,FakeOut,Protect|Jolly||F|||50|]Kingambit||BlackGlasses|Defiant|KowtowCleave,IronHead,SuckerPunch,Protect|Adamant||M|||50|]Blaziken||Blazikenite|SpeedBoost|CloseCombat,FlareBlitz,RockSlide,Protect|Adamant||F|||50|
|
|t:|1784765030
|teamsize|p1|4
|teamsize|p2|4
|start
|switch|p1a: KM23|Pidgeot, L50, M, shiny|100/100
|switch|p1b: Cú Chulainn|Weavile, L50, M|100/100
|switch|p2a: Sneasler|Sneasler, L50, F|100/100
|switch|p2b: Kingambit|Kingambit, L50, M|100/100
|-ability|p1b: Cú Chulainn|Pressure
|turn|1
|
|t:|1784765050
|detailschange|p1a: KM23|Pidgeot-Mega, L50, M, shiny
|-mega|p1a: KM23|Pidgeot|Pidgeotite
|move|p1b: Cú Chulainn|Fake Out|p2a: Sneasler
|-damage|p2a: Sneasler|76/100
|cant|p2a: Sneasler|flinch
|move|p1a: KM23|Heat Wave|p2a: Sneasler|[spread] p2a,p2b
|-crit|p2a: Sneasler
|-supereffective|p2b: Kingambit|1
|-damage|p2a: Sneasler|20/100r
|-damage|p2b: Kingambit|49/100
|move|p2b: Kingambit|Iron Head|p1b: Cú Chulainn
|-supereffective|p1b: Cú Chulainn|1
|-damage|p1b: Cú Chulainn|0 fnt
|faint|p1b: Cú Chulainn
|
|upkeep
|
|t:|1784765061
|switch|p1b: Avalon|Milotic, L50, M|100/100
|turn|2
|
|t:|1784765080
|move|p2a: Sneasler|Protect|p2a: Sneasler
|-singleturn|p2a: Sneasler|Protect
|move|p2b: Kingambit|Sucker Punch|p1a: KM23
|-damage|p1a: KM23|33/100
|move|p1a: KM23|Heat Wave|p2b: Kingambit|[spread] p2b
|-activate|p2a: Sneasler|move: Protect
|-supereffective|p2b: Kingambit|1
|-damage|p2b: Kingambit|0 fnt
|faint|p2b: Kingambit
|move|p1b: Avalon|Life Dew||[still]|[spread] p1a,p1b
|-heal|p1a: KM23|58/100
|-fail|p1b: Avalon|heal
|
|upkeep
|
|t:|1784765098
|switch|p2b: Dragonite|Dragonite, L50, F|100/100
|turn|3
|
|t:|1784765110
|move|p1a: KM23|Protect|p1a: KM23
|-singleturn|p1a: KM23|Protect
|move|p2b: Dragonite|Extreme Speed|p1a: KM23
|-activate|p1a: KM23|move: Protect
|move|p2a: Sneasler|Close Combat|p1a: KM23
|-activate|p1a: KM23|move: Protect
|move|p1b: Avalon|Life Dew||[still]|[spread] p1a,p1b
|-heal|p1a: KM23|83/100
|-fail|p1b: Avalon|heal
|
|upkeep
|turn|4
|
|t:|1784765138
|move|p2b: Dragonite|Extreme Speed|p1a: KM23
|-damage|p1a: KM23|32/100
|-damage|p2b: Dragonite|90/100|[from] item: Life Orb
|move|p1a: KM23|Heat Wave|p2a: Sneasler|[spread] p2a,p2b
|-resisted|p2b: Dragonite|1
|-damage|p2a: Sneasler|0 fnt
|-damage|p2b: Dragonite|78/100
|faint|p2a: Sneasler
|move|p1b: Avalon|Icy Wind|p2b: Dragonite
|-supereffective|p2b: Dragonite|2
|-crit|p2b: Dragonite
|-damage|p2b: Dragonite|0 fnt
|faint|p2b: Dragonite
|
|upkeep
|
|t:|1784765146
|switch|p2b: Froslass|Froslass, L50, F|100/100
|turn|5
|
|t:|1784765151
|detailschange|p2b: Froslass|Froslass-Mega, L50, F
|-mega|p2b: Froslass|Froslass|Froslassite
|-weather|Snowscape|[from] ability: Snow Warning|[of] p2b: Froslass
|move|p1a: KM23|Protect|p1a: KM23
|-singleturn|p1a: KM23|Protect
|move|p2b: Froslass|Blizzard|p1b: Avalon|[spread] p1b
|-activate|p1a: KM23|move: Protect
|-resisted|p1b: Avalon|1
|-damage|p1b: Avalon|85/100
|move|p1b: Avalon|Life Dew|p1b: Avalon|[spread] p1a,p1b
|-heal|p1a: KM23|57/100
|-heal|p1b: Avalon|100/100
|
|-weather|Snowscape|[upkeep]
|upkeep
|turn|6
|
|t:|1784765164
|switch|p1b: Kotomini|Tyranitar, L50, M|100/100
|-weather|Sandstorm|[from] ability: Sand Stream|[of] p1b: Kotomini
|move|p1a: KM23|Hurricane|p2b: Froslass
|-damage|p2b: Froslass|42/100
|move|p2b: Froslass|Blizzard|p1b: Kotomini|[spread] p1a,p1b
|-supereffective|p1a: KM23|1
|-damage|p1a: KM23|0 fnt
|-damage|p1b: Kotomini|78/100
|faint|p1a: KM23
|
|-weather|Sandstorm|[upkeep]
|-damage|p2b: Froslass|36/100|[from] Sandstorm
|upkeep
|
|t:|1784765173
|switch|p1a: Avalon|Milotic, L50, M|100/100
|turn|7
|
|t:|1784765181
|move|p2b: Froslass|Blizzard|p1b: Kotomini|[spread] p1b
|-miss|p2b: Froslass|p1a: Avalon
|-damage|p1b: Kotomini|55/100
|move|p1a: Avalon|Life Dew||[still]|[spread] p1a,p1b
|-fail|p1a: Avalon|heal
|-heal|p1b: Kotomini|80/100
|move|p1b: Kotomini|Knock Off|p2b: Froslass
|-supereffective|p2b: Froslass|1
|-damage|p2b: Froslass|0 fnt
|faint|p2b: Froslass
|
|win|NandoGTG
