|j|☆Welwitchia
|j|☆rZelot
|html|WelwitchiarZelot    
|uhtml|bestof|Game 1 of a best-of-3
|t:|1782722996
|gametype|doubles
|player|p1|Welwitchia|pokemonbreeder-gen4|1099
|player|p2|rZelot|gardenia|1100
|gen|9
|tier|[Gen 9 Champions] VGC 2026 Reg M-B (Bo3)
|rated|
|rule|Species Clause: Limit one of each Pokémon
|rule|Item Clause: Limit 1 of each item
|clearpoke
|poke|p1|Banette, L50, F, shiny|
|poke|p1|Umbreon, L50, M|
|poke|p1|Blastoise, L50, F, shiny|
|poke|p1|Charizard, L50, M|
|poke|p1|Hatterene, L50, F, shiny|
|poke|p1|Venusaur, L50, M|
|poke|p2|Garchomp, L50, M|
|poke|p2|Whimsicott, L50, F|
|poke|p2|Charizard, L50, F|
|poke|p2|Basculegion, L50, M|
|poke|p2|Kingambit, L50, M|
|poke|p2|Raichu, L50, F|
|teampreview|4
|showteam|p1|Banette||Banettite|CursedBody|SkitterSmack,Disable,FoulPlay,DestinyBond|Careful||F|||50|]Umbreon||MentalHerb|InnerFocus|FoulPlay,Swagger,Toxic,Tickle|Calm||M|||50|]Blastoise||MysticWater|RainDish|MuddyWater,FakeOut,IceBeam,AquaJet|Quiet||F|||50|]Charizard||CharizarditeY|Blaze|AirSlash,SolarBeam,HeatWave,RockSlide|Hasty||M|||50|]Hatterene||FairyFeather|MagicBounce|MagicPowder,TrickRoom,DazzlingGleam,LifeDew|Sassy||F|||50|]Venusaur||Leftovers|Chlorophyll|WorrySeed,SweetScent,SleepPowder,AcidSpray|Timid||M|||50|
|showteam|p2|Garchomp||LifeOrb|RoughSkin|DragonClaw,Earthquake,StompingTantrum,Protect|Jolly||M|||50|]Whimsicott||FocusSash|Prankster|Moonblast,Tailwind,Encore,Protect|Timid||F|||50|]Charizard||CharizarditeY|Blaze|HeatWave,SolarBeam,WeatherBall,Protect|Modest||F|||50|]Basculegion||ChoiceScarf|Adaptability|WaveCrash,LastRespects,AquaJet,FlipTurn|Jolly||M|||50|]Kingambit||BlackGlasses|Defiant|KowtowCleave,IronHead,SuckerPunch,Protect|Adamant||M|||50|]Raichu||RaichuniteY|Static|ZapCannon,FocusBlast,FakeOut,Protect|Timid||F|||50|
|inactive|Battle timer is ON: inactive players will automatically lose when time's up. (requested by rZelot)
|inactive|rZelot has 60 seconds left.
|
|t:|1782723032
|teamsize|p1|4
|teamsize|p2|4
|start
|switch|p1a: Blastoise|Blastoise, L50, F, shiny|100/100
|switch|p1b: Hatterene|Hatterene, L50, F, shiny|100/100
|switch|p2a: Raichu|Raichu, L50, F|100/100
|switch|p2b: Whimsicott|Whimsicott, L50, F|100/100
|turn|1
|
|t:|1782723051
|detailschange|p2a: Raichu|Raichu-Mega-Y, L50, F
|-mega|p2a: Raichu|Raichu|Raichunite Y
|move|p2a: Raichu|Fake Out|p1b: Hatterene
|-damage|p1b: Hatterene|90/100
|move|p1a: Blastoise|Fake Out|p2a: Raichu
|-damage|p2a: Raichu|81/100
|move|p2b: Whimsicott|Tailwind|p2b: Whimsicott
|-sidestart|p2: rZelot|move: Tailwind
|cant|p1b: Hatterene|flinch
|
|upkeep
|turn|2
|
|t:|1782723065
|switch|p1a: Venusaur|Venusaur, L50, M|100/100
|move|p2a: Raichu|Zap Cannon|p1a: Venusaur
|-resisted|p1a: Venusaur|1
|-damage|p1a: Venusaur|63/100
|-status|p1a: Venusaur|par
|move|p2b: Whimsicott|Moonblast|p1a: Venusaur
|-resisted|p1a: Venusaur|1
|-damage|p1a: Venusaur|47/100 par
|move|p1b: Hatterene|Trick Room|p1b: Hatterene
|-fieldstart|move: Trick Room|[of] p1b: Hatterene
|
|-heal|p1a: Venusaur|52/100 par|[from] item: Leftovers
|upkeep
|turn|3
|inactive|Welwitchia has 30 seconds left.
|
|t:|1782723093
|switch|p2a: Garchomp|Garchomp, L50, M|100/100
|move|p2b: Whimsicott|Encore|p1b: Hatterene
|move|p1b: Hatterene|Encore||[from] ability: Magic Bounce|[still]
|-fail|p1b: Hatterene
|move|p1b: Hatterene|Magic Powder|p1a: Venusaur
|-immune|p1a: Venusaur
|move|p1a: Venusaur|Sleep Powder|p2a: Garchomp
|-status|p2a: Garchomp|slp|[from] move: Sleep Powder
|
|-heal|p1a: Venusaur|58/100 par|[from] item: Leftovers
|upkeep
|turn|4
|inactive|Welwitchia has 30 seconds left.
|
|t:|1782723121
|move|p1b: Hatterene|Dazzling Gleam|p2a: Garchomp|[spread] p2a,p2b
|-supereffective|p2a: Garchomp|1
|-damage|p2a: Garchomp|24/100 slp
|-damage|p2b: Whimsicott|49/100
|move|p1a: Venusaur|Acid Spray|p2a: Garchomp
|-resisted|p2a: Garchomp|1
|-damage|p2a: Garchomp|16/100 slp
|-unboost|p2a: Garchomp|spd|2
|cant|p2a: Garchomp|slp
|move|p2b: Whimsicott|Moonblast|p1a: Venusaur
|-resisted|p1a: Venusaur|1
|-damage|p1a: Venusaur|42/100 par
|
|-heal|p1a: Venusaur|48/100 par|[from] item: Leftovers
|-sideend|p2: rZelot|move: Tailwind
|upkeep
|turn|5
|inactive|Welwitchia has 30 seconds left.
|
|t:|1782723153
|switch|p2a: Basculegion|Basculegion, L50, M|100/100
|move|p1b: Hatterene|Dazzling Gleam|p2a: Basculegion|[spread] p2a,p2b
|-damage|p2a: Basculegion|64/100
|-damage|p2b: Whimsicott|0 fnt
|faint|p2b: Whimsicott
|move|p1a: Venusaur|Worry Seed|p2a: Basculegion
|-ability|p2a: Basculegion|Insomnia|Adaptability|[from] move: Worry Seed
|
|-heal|p1a: Venusaur|54/100 par|[from] item: Leftovers
|upkeep
|
|t:|1782723164
|switch|p2b: Raichu|Raichu-Mega-Y, L50, F|81/100
|turn|6
|
|t:|1782723179
|move|p2b: Raichu|Fake Out|p1a: Venusaur
|-damage|p1a: Venusaur|44/100 par
|move|p1b: Hatterene|Dazzling Gleam|p2b: Raichu|[spread] p2a,p2b
|-damage|p2a: Basculegion|25/100
|-damage|p2b: Raichu|30/100
|cant|p1a: Venusaur|flinch
|move|p2a: Basculegion|Last Respects|p1b: Hatterene
|-supereffective|p1b: Hatterene|1
|-damage|p1b: Hatterene|0 fnt
|faint|p1b: Hatterene
|
|-heal|p1a: Venusaur|50/100g par|[from] item: Leftovers
|-fieldend|move: Trick Room
|upkeep
|
|t:|1782723195
|switch|p1b: Blastoise|Blastoise, L50, F, shiny|100/100
|turn|7
|
|t:|1782723207
|move|p1b: Blastoise|Fake Out|p2b: Raichu
|-damage|p2b: Raichu|13/100
|move|p2a: Basculegion|Last Respects|p1a: Venusaur
|-damage|p1a: Venusaur|0 fnt
|faint|p1a: Venusaur
|cant|p2b: Raichu|flinch
|
|upkeep
|
|t:|1782723213
|switch|p1a: Charizard|Charizard, L50, M|100/100
|turn|8
|
|t:|1782723229
|switch|p2a: Garchomp|Garchomp, L50, M|16/100 slp
|detailschange|p1a: Charizard|Charizard-Mega-Y, L50, M
|-mega|p1a: Charizard|Charizard|Charizardite Y
|-weather|SunnyDay|[from] ability: Drought|[of] p1a: Charizard
|move|p1b: Blastoise|Aqua Jet|p2b: Raichu
|-damage|p2b: Raichu|0 fnt
|faint|p2b: Raichu
|move|p1a: Charizard|Rock Slide|p2a: Garchomp
|-resisted|p2a: Garchomp|1
|-damage|p2a: Garchomp|6/100 slp
|
|-weather|SunnyDay|[upkeep]
|upkeep
|
|t:|1782723239
|switch|p2b: Basculegion|Basculegion, L50, M|25/100
|turn|9
|
|t:|1782723249
|move|p2b: Basculegion|Last Respects|p1a: Charizard
|-damage|p1a: Charizard|0 fnt
|faint|p1a: Charizard
|cant|p2a: Garchomp|slp
|move|p1b: Blastoise|Muddy Water|p2b: Basculegion|[spread] p2a,p2b
|-resisted|p2b: Basculegion|1
|-damage|p2a: Garchomp|0 fnt
|-damage|p2b: Basculegion|14/100
|faint|p2a: Garchomp
|
|-weather|SunnyDay|[upkeep]
|upkeep
|turn|10
|
|t:|1782723265
|move|p1b: Blastoise|Aqua Jet|p2b: Basculegion
|-resisted|p2b: Basculegion|1
|-damage|p2b: Basculegion|10/100
|move|p2b: Basculegion|Last Respects|p1b: Blastoise
|-damage|p1b: Blastoise|0 fnt
|faint|p1b: Blastoise
|
|win|rZelot
