|j|☆Awesome Person III
|j|‽RICHARDHAVOC
|html|Awesome Person IIIRICHARDHAVOC    
|uhtml|bestof|Game 2 of a best-of-3
|t:|1757640678
|gametype|doubles
|player|p1|Awesome Person III|fisherman-gen4|1418
|player|p2|RICHARDHAVOC|265|1519
|gen|9
|tier|[Gen 9] VGC 2025 Reg H (Bo3)
|rated|
|rule|Species Clause: Limit one of each Pokémon
|rule|Item Clause: Limit 1 of each item
|clearpoke
|poke|p1|Dragonite, L50, M|
|poke|p1|Incineroar, L50, M|
|poke|p1|Rillaboom, L50, M|
|poke|p1|Sneasler, L50, F|
|poke|p1|Gholdengo, L50|
|poke|p1|Ursaluna-Bloodmoon, L50, M|
|poke|p2|Whimsicott, L50, F|
|poke|p2|Garchomp, L50, M|
|poke|p2|Gholdengo, L50|
|poke|p2|Incineroar, L50, M|
|poke|p2|Dragonite, L50, M|
|poke|p2|Annihilape, L50, M|
|teampreview|4
|showteam|p1|Dragonite||LoadedDice|Multiscale|ScaleShot,Tailwind,Protect,Haze|||M|||50|,,,,,Fairy]Incineroar||SafetyGoggles|Intimidate|FlareBlitz,KnockOff,FakeOut,PartingShot|||M|||50|,,,,,Ghost]Rillaboom||MiracleSeed|GrassySurge|WoodHammer,GrassyGlide,HighHorsepower,FakeOut|||M|||50|,,,,,Water]Sneasler||FocusSash|Unburden|CloseCombat,DireClaw,ThroatChop,Protect|||F|||50|,,,,,Stellar]Gholdengo||LifeOrb|GoodasGold|MakeItRain,ShadowBall,Protect,NastyPlot||||||50|,,,,,Water]Ursaluna-Bloodmoon||AssaultVest|MindsEye|BloodMoon,EarthPower,HyperVoice,VacuumWave|||M|||50|,,,,,Electric
|showteam|p2|Whimsicott||FocusSash|Prankster|Moonblast,Tailwind,BeatUp,Encore|||F|||50|,,,,,Ghost]Garchomp||LifeOrb|RoughSkin|StompingTantrum,DragonClaw,Protect,Earthquake|||M|||50|,,,,,Ground]Gholdengo||ChoiceSpecs|GoodasGold|MakeItRain,ShadowBall,Trick,Protect||||||50|,,,,,Steel]Incineroar||SitrusBerry|Intimidate|FakeOut,PartingShot,FlareBlitz,KnockOff|||M|||50|,,,,,Ghost]Dragonite||LoadedDice|Multiscale|Haze,ScaleShot,IceSpinner,Protect|||M|||50|,,,,,Steel]Annihilape||SafetyGoggles|Defiant|Coaching,FinalGambit,CloseCombat,RageFist|||M|||50|,,,,,Fire
|inactive|Battle timer is ON: inactive players will automatically lose when time's up. (requested by Awesome Person III)
|
|t:|1757640702
|teamsize|p1|4
|teamsize|p2|4
|start
|switch|p1a: Sneasler|Sneasler, L50, F|100/100
|switch|p1b: Dragonite|Dragonite, L50, M|100/100
|switch|p2a: Dragonite|Dragonite, L50, M, shiny|100/100
|switch|p2b: Annihilape|Annihilape, L50, M, shiny|100/100
|turn|1
|inactive|Awesome Person III has 30 seconds left.
|
|t:|1757640737
|move|p2a: Dragonite|Protect|p2a: Dragonite
|-singleturn|p2a: Dragonite|Protect
|move|p1a: Sneasler|Throat Chop|p2b: Annihilape
|-damage|p2b: Annihilape|75/100
|-start|p2b: Annihilape|Throat Chop|[silent]
|move|p2b: Annihilape|Coaching|p2a: Dragonite
|-boost|p2a: Dragonite|atk|1
|-boost|p2a: Dragonite|def|1
|move|p1b: Dragonite|Tailwind|p1b: Dragonite
|-sidestart|p1: Awesome Person III|move: Tailwind
|
|upkeep
|turn|2
|inactive|Awesome Person III has 30 seconds left.
|
|t:|1757640770
|-terastallize|p2a: Dragonite|Steel
|move|p1a: Sneasler|Close Combat|p2a: Dragonite
|-supereffective|p2a: Dragonite
|-damage|p2a: Dragonite|51/100
|-unboost|p1a: Sneasler|def|1
|-unboost|p1a: Sneasler|spd|1
|move|p1b: Dragonite|Haze|p1b: Dragonite
|-clearallboost
|move|p2b: Annihilape|Coaching|p2a: Dragonite
|-boost|p2a: Dragonite|atk|1
|-boost|p2a: Dragonite|def|1
|move|p2a: Dragonite|Scale Shot|p1a: Sneasler
|-damage|p1a: Sneasler|68/100
|-damage|p1a: Sneasler|32/100
|-damage|p1a: Sneasler|0 fnt
|faint|p1a: Sneasler
|-hitcount|p1: Sneasler|3
|-unboost|p2a: Dragonite|def|1
|-boost|p2a: Dragonite|spe|1
|
|-end|p2b: Annihilape|Throat Chop|[silent]
|upkeep
|
|t:|1757640781
|switch|p1a: Ursaluna|Ursaluna-Bloodmoon, L50, M|100/100
|turn|3
|
|t:|1757640804
|switch|p2b: Whimsicott|Whimsicott, L50, F, shiny|100/100
|-terastallize|p1a: Ursaluna|Electric
|move|p2a: Dragonite|Protect|p2a: Dragonite
|-singleturn|p2a: Dragonite|Protect
|move|p1b: Dragonite|Haze|p1b: Dragonite
|-clearallboost
|move|p1a: Ursaluna|Earth Power|p2a: Dragonite
|-activate|p2a: Dragonite|move: Protect
|
|upkeep
|turn|4
|
|t:|1757640828
|move|p1b: Dragonite|Protect|p1b: Dragonite
|-singleturn|p1b: Dragonite|Protect
|move|p2b: Whimsicott|Encore|p1b: Dragonite
|-activate|p1b: Dragonite|move: Protect
|move|p1a: Ursaluna|Earth Power|p2a: Dragonite
|-supereffective|p2a: Dragonite
|-damage|p2a: Dragonite|0 fnt
|faint|p2a: Dragonite
|
|-sideend|p1: Awesome Person III|move: Tailwind
|upkeep
|
|t:|1757640830
|switch|p2a: Annihilape|Annihilape, L50, M, shiny|75/100
|turn|5
|
|t:|1757640841
|move|p2b: Whimsicott|Beat Up|p2a: Annihilape
|-damage|p2a: Annihilape|72/100
|-damage|p2a: Annihilape|69/100
|-damage|p2a: Annihilape|67/100
|-hitcount|p2a: Annihilape|3
|move|p2a: Annihilape|Rage Fist|p1a: Ursaluna
|-damage|p1a: Ursaluna|28/100
|move|p1b: Dragonite|Scale Shot|p2a: Annihilape
|-damage|p2a: Annihilape|52/100
|-damage|p2a: Annihilape|38/100
|-damage|p2a: Annihilape|23/100
|-damage|p2a: Annihilape|8/100
|-damage|p2a: Annihilape|0 fnt
|faint|p2a: Annihilape
|-hitcount|p2: Annihilape|5
|-unboost|p1b: Dragonite|def|1
|-boost|p1b: Dragonite|spe|1
|move|p1a: Ursaluna|Blood Moon|p2b: Whimsicott
|-enditem|p2b: Whimsicott|Focus Sash
|-damage|p2b: Whimsicott|1/100
|
|upkeep
|
|t:|1757640847
|switch|p2a: Gholdengo|Gholdengo, L50, shiny|100/100
|turn|6
|
|t:|1757640860
|move|p2b: Whimsicott|Tailwind|p2b: Whimsicott
|-sidestart|p2: RICHARDHAVOC|move: Tailwind
|move|p1a: Ursaluna|Vacuum Wave|p2b: Whimsicott
|-resisted|p2b: Whimsicott
|-damage|p2b: Whimsicott|0 fnt
|faint|p2b: Whimsicott
|move|p2a: Gholdengo|Shadow Ball|p1a: Ursaluna
|-crit|p1a: Ursaluna
|-damage|p1a: Ursaluna|0 fnt
|faint|p1a: Ursaluna
|move|p1b: Dragonite|Tailwind|p1b: Dragonite
|-sidestart|p1: Awesome Person III|move: Tailwind
|
|upkeep
|
|t:|1757640866
|switch|p1a: Gholdengo|Gholdengo, L50, shiny|100/100
|turn|7
|
|t:|1757640869
|move|p1a: Gholdengo|Protect|p1a: Gholdengo
|-singleturn|p1a: Gholdengo|Protect
|move|p1b: Dragonite|Scale Shot|p2a: Gholdengo|[miss]
|-miss|p1b: Dragonite|p2a: Gholdengo
|move|p2a: Gholdengo|Shadow Ball|p1a: Gholdengo
|-activate|p1a: Gholdengo|move: Protect
|
|upkeep
|turn|8
|
|t:|1757640875
|move|p1a: Gholdengo|Protect||[still]
|-fail|p1a: Gholdengo
|move|p1b: Dragonite|Scale Shot|p2a: Gholdengo
|-resisted|p2a: Gholdengo
|-crit|p2a: Gholdengo
|-damage|p2a: Gholdengo|89/100
|-resisted|p2a: Gholdengo
|-damage|p2a: Gholdengo|80/100
|-resisted|p2a: Gholdengo
|-damage|p2a: Gholdengo|72/100
|-resisted|p2a: Gholdengo
|-damage|p2a: Gholdengo|63/100
|-hitcount|p2a: Gholdengo|4
|-unboost|p1b: Dragonite|def|1
|-boost|p1b: Dragonite|spe|1
|move|p2a: Gholdengo|Shadow Ball|p1a: Gholdengo
|-supereffective|p1a: Gholdengo
|-damage|p1a: Gholdengo|0 fnt
|faint|p1a: Gholdengo
|
|upkeep
|turn|9
|
|t:|1757640878
|move|p1b: Dragonite|Scale Shot|p2a: Gholdengo
|-resisted|p2a: Gholdengo
|-damage|p2a: Gholdengo|55/100
|-resisted|p2a: Gholdengo
|-damage|p2a: Gholdengo|46/100
|-resisted|p2a: Gholdengo
|-damage|p2a: Gholdengo|38/100
|-resisted|p2a: Gholdengo
|-damage|p2a: Gholdengo|29/100
|-resisted|p2a: Gholdengo
|-damage|p2a: Gholdengo|20/100
|-hitcount|p2a: Gholdengo|5
|-unboost|p1b: Dragonite|def|1
|-boost|p1b: Dragonite|spe|1
|move|p2a: Gholdengo|Shadow Ball|p1b: Dragonite
|-crit|p1b: Dragonite
|-damage|p1b: Dragonite|53/100
|
|-sideend|p2: RICHARDHAVOC|move: Tailwind
|-sideend|p1: Awesome Person III|move: Tailwind
|upkeep
|turn|10
|
|t:|1757640881
|move|p1b: Dragonite|Scale Shot|p2a: Gholdengo|[miss]
|-miss|p1b: Dragonite|p2a: Gholdengo
|move|p2a: Gholdengo|Shadow Ball|p1b: Dragonite
|-damage|p1b: Dragonite|0 fnt
|faint|p1b: Dragonite
|
|win|RICHARDHAVOC
||RICHARDHAVOC is ready for game 3.
