|j|☆GoPlayCatch
|j|☆lettitripppp
|html|GoPlayCatchlettitripppp    
|uhtml|bestof|Game 2 of a best-of-3
|t:|1784840151
|gametype|doubles
|player|p1|GoPlayCatch|2|1225
|player|p2|lettitripppp|lucas|1212
|gen|9
|tier|[Gen 9 Champions] VGC 2026 Reg M-B (Bo3)
|rated|
|rule|Species Clause: Limit one of each Pokémon
|rule|Item Clause: Limit 1 of each item
|clearpoke
|poke|p1|Pinsir, L50, M|
|poke|p1|Mamoswine, L50, F|
|poke|p1|Hydreigon, L50, F|
|poke|p1|Aegislash, L50, M|
|poke|p1|Meowstic-F, L50, F|
|poke|p1|Azumarill, L50, F|
|poke|p2|Charizard, L50, F, shiny|
|poke|p2|Basculegion, L50, M, shiny|
|poke|p2|Pelipper, L50, M|
|poke|p2|Venusaur, L50, M|
|poke|p2|Archaludon, L50, M|
|poke|p2|Grimmsnarl, L50, M, shiny|
|teampreview|4
|showteam|p1|Pinsir||Pinsirite|HyperCutter|Detect,BodySlam,Feint,StormThrow|Jolly||M|||50|]Mamoswine||LifeOrb|Oblivious|IceShard,Earthquake,IcicleCrash,Protect|Jolly||F|||50|]Hydreigon||FocusSash|Levitate|DarkPulse,DracoMeteor,Tailwind,Protect|Timid||F|||50|]Aegislash||OccaBerry|StanceChange|WideGuard,FlashCannon,ShadowBall,KingsShield|Modest||M|||50|]Meowstic-F||Meowsticite|Competitive|FakeOut,Psychic,Thunderbolt,Protect|Timid||F|||50|]Azumarill||MysticWater|HugePower|AquaJet,PlayRough,Liquidation,Protect|Adamant||F|||50|
|showteam|p2|Charizard||CharizarditeY|Blaze|WeatherBall,SolarBeam,HeatWave,Protect|Modest||F|||50|]Basculegion||ChoiceScarf|Adaptability|LastRespects,WaveCrash,FlipTurn,AquaJet|Jolly||M|||50|]Pelipper||SitrusBerry|Drizzle|WeatherBall,WideGuard,Hurricane,Tailwind|Modest||M|||50|]Venusaur||FocusSash|Chlorophyll|SleepPowder,SludgeBomb,EarthPower,Protect|Modest||M|||50|]Archaludon||Leftovers|Stamina|FlashCannon,DragonPulse,ElectroShot,Protect|Calm||M|||50|]Grimmsnarl||LightClay|Prankster|PartingShot,LightScreen,SpiritBreak,Reflect|Relaxed||M|||50|
|inactive|Battle timer is ON: inactive players will automatically lose when time's up. (requested by lettitripppp)
|
|t:|1784840170
|teamsize|p1|4
|teamsize|p2|4
|start
|switch|p1a: Hydreigon|Hydreigon, L50, F|100/100
|switch|p1b: Meowstic|Meowstic-F, L50, F|100/100
|switch|p2a: AGNI|Charizard, L50, F, shiny|100/100
|switch|p2b: SOFT-SLEEP|Venusaur, L50, M|100/100
|turn|1
|
|t:|1784840184
|detailschange|p2a: AGNI|Charizard-Mega-Y, L50, F, shiny
|-mega|p2a: AGNI|Charizard|Charizardite Y
|-weather|SunnyDay|[from] ability: Drought|[of] p2a: AGNI
|move|p1b: Meowstic|Fake Out|p2b: SOFT-SLEEP
|-damage|p2b: SOFT-SLEEP|93/100
|cant|p2b: SOFT-SLEEP|flinch
|move|p1a: Hydreigon|Tailwind|p1a: Hydreigon
|-sidestart|p1: GoPlayCatch|move: Tailwind
|move|p2a: AGNI|Heat Wave|p1a: Hydreigon|[spread] p1a,p1b
|-resisted|p1a: Hydreigon|1
|-damage|p1a: Hydreigon|64/100
|-damage|p1b: Meowstic|16/100
|
|-weather|SunnyDay|[upkeep]
|upkeep
|turn|2
|inactive|GoPlayCatch has 30 seconds left.
|
|t:|1784840209
|switch|p2b: GHOSTWAVE|Basculegion, L50, M, shiny|100/100
|switch|p2a: GO JOHAN|Grimmsnarl, L50, M, shiny|100/100
|move|p1b: Meowstic|Psychic|p2b: GHOSTWAVE
|-damage|p2b: GHOSTWAVE|59/100
|move|p1a: Hydreigon|Dark Pulse|p2b: GHOSTWAVE
|-supereffective|p2b: GHOSTWAVE|1
|-damage|p2b: GHOSTWAVE|0 fnt
|faint|p2b: GHOSTWAVE
|
|-weather|SunnyDay|[upkeep]
|upkeep
|
|t:|1784840219
|switch|p2b: AGNI|Charizard-Mega-Y, L50, F, shiny|100/100
|turn|3
|
|t:|1784840238
|move|p1a: Hydreigon|Protect|p1a: Hydreigon
|-singleturn|p1a: Hydreigon|Protect
|move|p2b: AGNI|Protect|p2b: AGNI
|-singleturn|p2b: AGNI|Protect
|move|p1b: Meowstic|Thunderbolt|p2b: AGNI
|-activate|p2b: AGNI|move: Protect
|move|p2a: GO JOHAN|Spirit Break|p1a: Hydreigon
|-activate|p1a: Hydreigon|move: Protect
|
|-weather|SunnyDay|[upkeep]
|upkeep
|turn|4
|
|t:|1784840252
|move|p2a: GO JOHAN|Light Screen|p2a: GO JOHAN
|-sidestart|p2: lettitripppp|move: Light Screen
|move|p1b: Meowstic|Psychic|p2b: AGNI
|-damage|p2b: AGNI|78/100
|move|p1a: Hydreigon|Draco Meteor|p2b: AGNI
|-damage|p2b: AGNI|38/100
|-unboost|p1a: Hydreigon|spa|2
|move|p2b: AGNI|Heat Wave|p1b: Meowstic|[spread] p1a,p1b
|-resisted|p1a: Hydreigon|1
|-damage|p1a: Hydreigon|30/100
|-damage|p1b: Meowstic|0 fnt
|faint|p1b: Meowstic
|
|-weather|SunnyDay|[upkeep]
|-sideend|p1: GoPlayCatch|move: Tailwind
|upkeep
|
|t:|1784840264
|switch|p1b: Pinsir|Pinsir, L50, M|100/100
|turn|5
|inactive|lettitripppp has 30 seconds left.
|
|t:|1784840291
|detailschange|p1b: Pinsir|Pinsir-Mega, L50, M
|-mega|p1b: Pinsir|Pinsir|Pinsirite
|move|p2b: AGNI|Protect|p2b: AGNI
|-singleturn|p2b: AGNI|Protect
|move|p2a: GO JOHAN|Reflect|p2a: GO JOHAN
|-sidestart|p2: lettitripppp|Reflect
|move|p1b: Pinsir|Body Slam|p2b: AGNI
|-activate|p2b: AGNI|move: Protect
|move|p1a: Hydreigon|Tailwind|p1a: Hydreigon
|-sidestart|p1: GoPlayCatch|move: Tailwind
|
|-weather|none
|upkeep
|turn|6
|
|t:|1784840305
|switch|p1a: Mamoswine|Mamoswine, L50, F|100/100
|move|p2a: GO JOHAN|Parting Shot|p1b: Pinsir
|-unboost|p1b: Pinsir|atk|1
|-unboost|p1b: Pinsir|spa|1
|
|t:|1784840312
|switch|p2a: SOFT-SLEEP|Venusaur, L50, M|93/100|[from] Parting Shot
|move|p1b: Pinsir|Body Slam|p2b: AGNI
|-damage|p2b: AGNI|9/100
|move|p2b: AGNI|Heat Wave|p1a: Mamoswine|[spread] p1a,p1b
|-supereffective|p1a: Mamoswine|1
|-supereffective|p1b: Pinsir|1
|-damage|p1a: Mamoswine|0 fnt
|-damage|p1b: Pinsir|0 fnt
|faint|p1a: Mamoswine
|faint|p1b: Pinsir
|
|upkeep
|-message|GoPlayCatch forfeited.
|raw|GoPlayCatch's rating: 1225 → 1199(-26 for losing)
|raw|lettitripppp's rating: 1212 → 1238(+26 for winning)
|
|win|lettitripppp
|l|☆GoPlayCatch
|player|p1|
