|j|☆rokesaurio
|j|☆zombie wan kenobi
|html|rokesauriozombie wan kenobi    
|uhtml|bestof|Game 1 of a best-of-3
|t:|1782568010
|gametype|doubles
|player|p1|rokesaurio|170|1065
|player|p2|zombie wan kenobi|102|1000
|gen|9
|tier|[Gen 9 Champions] VGC 2026 Reg M-B (Bo3)
|rated|
|rule|Species Clause: Limit one of each Pokémon
|rule|Item Clause: Limit 1 of each item
|clearpoke
|poke|p1|Incineroar, L50, M|
|poke|p1|Pyroar, L50, F|
|poke|p1|Mawile, L50, M|
|poke|p1|Torkoal, L50, F|
|poke|p1|Farigiraf, L50, F|
|poke|p1|Whimsicott, L50, F|
|poke|p2|Dragonite, L50, M|
|poke|p2|Gholdengo, L50|
|poke|p2|Malamar, L50, M|
|poke|p2|Maushold, L50|
|poke|p2|Venusaur, L50, F|
|poke|p2|Pelipper, L50, M|
|teampreview|4
|showteam|p1|Incineroar||ShucaBerry|Intimidate|FakeOut,FlareBlitz,DarkestLariat,PartingShot|Careful||M|||50|]Pyroar||Pyroarite|Unnerve|HeatWave,Overheat,Flamethrower,Protect|Modest||F|||50|]Mawile||Mawilite|HyperCutter|IronHead,SuckerPunch,PlayRough,Protect|Brave||M|||50|]Torkoal||HeatRock|Drought|Eruption,HelpingHand,EarthPower,WeatherBall|Quiet||F|||50|]Farigiraf||SitrusBerry|ArmorTail|TrickRoom,TwinBeam,Thunderbolt,HelpingHand|Bold||F|||50|]Whimsicott||FocusSash|Prankster|Tailwind,SunnyDay,EnergyBall,Encore|Timid||F|||50|
|showteam|p2|Dragonite||Dragoninite|Multiscale|DracoMeteor,HeatWave,Thunderbolt,Protect|Timid||M|||50|]Gholdengo||LifeOrb|GoodasGold|MakeItRain,ShadowBall,Protect,NastyPlot|Timid|||||50|]Malamar||ChoiceScarf|Contrary|SkillSwap,TopsyTurvy,Hypnosis,Superpower|Timid||M|||50|]Maushold||ChopleBerry|FriendGuard|FollowMe,Protect,PopulationBomb,Encore|Timid|||||50|]Venusaur||Venusaurite|Chlorophyll|SludgeBomb,GigaDrain,Protect,EarthPower|Modest||F|||50|]Pelipper||DampRock|Drizzle|Hurricane,WeatherBall,Tailwind,WideGuard|Modest||M|||50|
|inactive|Battle timer is ON: inactive players will automatically lose when time's up. (requested by rokesaurio)
|inactive|rokesaurio has 60 seconds left.
|
|t:|1782568049
|teamsize|p1|4
|teamsize|p2|4
|start
|switch|p1a: Farigiraf|Farigiraf, L50, F|100/100
|switch|p1b: Incineroar|Incineroar, L50, M|100/100
|switch|p2a: Malamar|Malamar, L50, M|100/100
|switch|p2b: Dragonite|Dragonite, L50, M|100/100
|-ability|p1b: Incineroar|Intimidate|boost
|-boost|p2a: Malamar|atk|1
|-unboost|p2b: Dragonite|atk|1
|turn|1
|
|t:|1782568072
|move|p2b: Dragonite|Protect|p2b: Dragonite
|-singleturn|p2b: Dragonite|Protect
|move|p1b: Incineroar|Fake Out|p2a: Malamar
|-damage|p2a: Malamar|88/100
|cant|p2a: Malamar|flinch
|move|p1a: Farigiraf|Trick Room|p1a: Farigiraf
|-fieldstart|move: Trick Room|[of] p1a: Farigiraf
|
|upkeep
|turn|2
|inactive|rokesaurio has 30 seconds left.
|inactive|zombie wan kenobi has 30 seconds left.
|
|t:|1782568106
|switch|p1a: Mawile|Mawile, L50, M|100/100
|switch|p2b: Maushold|Maushold, L50|100/100
|move|p1b: Incineroar|Parting Shot|p2b: Maushold
|-unboost|p2b: Maushold|atk|1
|-unboost|p2b: Maushold|spa|1
|inactive|rokesaurio has 30 seconds left.
|inactive|rokesaurio has 20 seconds left.
|
|t:|1782568145
|switch|p1b: Farigiraf|Farigiraf, L50, F|100/100|[from] Parting Shot
|move|p2a: Malamar|Superpower|p1b: Farigiraf
|-damage|p1b: Farigiraf|69/100
|-boost|p2a: Malamar|atk|1
|-boost|p2a: Malamar|def|1
|
|upkeep
|turn|3
|
|t:|1782568162
|detailschange|p1a: Mawile|Mawile-Mega, L50, M
|-mega|p1a: Mawile|Mawile|Mawilite
|move|p2b: Maushold|Follow Me|p2b: Maushold
|-singleturn|p2b: Maushold|move: Follow Me
|move|p1a: Mawile|Play Rough|p2b: Maushold
|-damage|p2b: Maushold|0 fnt
|faint|p2b: Maushold
|move|p1b: Farigiraf|Thunderbolt|p2a: Malamar
|-damage|p2a: Malamar|61/100
|move|p2a: Malamar|Superpower|p1a: Mawile
|-damage|p1a: Mawile|58/100
|-boost|p2a: Malamar|atk|1
|-boost|p2a: Malamar|def|1
|
|upkeep
|
|t:|1782568177
|switch|p2b: Dragonite|Dragonite, L50, M|100/100
|turn|4
|
|t:|1782568186
|move|p1a: Mawile|Protect|p1a: Mawile
|-singleturn|p1a: Mawile|Protect
|move|p1b: Farigiraf|Thunderbolt|p2b: Dragonite
|-damage|p2b: Dragonite|89/100
|move|p2b: Dragonite|Heat Wave|p1a: Mawile|[spread] p1b
|-activate|p1a: Mawile|move: Protect
|-damage|p1b: Farigiraf|55/100
|move|p2a: Malamar|Superpower|p1a: Mawile
|-activate|p1a: Mawile|move: Protect
|
|upkeep
|turn|5
|
|t:|1782568204
|detailschange|p2b: Dragonite|Dragonite-Mega, L50, M
|-mega|p2b: Dragonite|Dragonite|Dragoninite
|move|p1a: Mawile|Play Rough|p2a: Malamar
|-supereffective|p2a: Malamar|1
|-damage|p2a: Malamar|0 fnt
|faint|p2a: Malamar
|move|p1b: Farigiraf|Twin Beam|p2b: Dragonite
|-damage|p2b: Dragonite|76/100
|-damage|p2b: Dragonite|64/100
|-hitcount|p2b: Dragonite|2
|move|p2b: Dragonite|Heat Wave|p1a: Mawile|[spread] p1a,p1b
|-supereffective|p1a: Mawile|1
|-damage|p1a: Mawile|3/100
|-damage|p1b: Farigiraf|34/100
|-status|p1b: Farigiraf|brn
|-enditem|p1b: Farigiraf|Sitrus Berry|[eat]
|-heal|p1b: Farigiraf|59/100 brn|[from] item: Sitrus Berry
|
|-damage|p1b: Farigiraf|52/100 brn|[from] brn
|-fieldend|move: Trick Room
|upkeep
|
|t:|1782568221
|switch|p2a: Pelipper|Pelipper, L50, M|100/100
|-weather|RainDance|[from] ability: Drizzle|[of] p2a: Pelipper
|turn|6
|
|t:|1782568245
|switch|p1b: Whimsicott|Whimsicott, L50, F|100/100
|switch|p1a: Incineroar|Incineroar, L50, M|100/100
|-ability|p1a: Incineroar|Intimidate|boost
|-unboost|p2a: Pelipper|atk|1
|-unboost|p2b: Dragonite|atk|1
|move|p2b: Dragonite|Thunderbolt|p1a: Incineroar
|-crit|p1a: Incineroar
|-damage|p1a: Incineroar|62/100
|move|p2a: Pelipper|Weather Ball|p1b: Whimsicott
|-resisted|p1b: Whimsicott|1
|-damage|p1b: Whimsicott|40/100
|
|-weather|RainDance|[upkeep]
|upkeep
|turn|7
|
|t:|1782568265
|move|p2b: Dragonite|Protect|p2b: Dragonite
|-singleturn|p2b: Dragonite|Protect
|move|p1a: Incineroar|Fake Out|p2a: Pelipper
|-damage|p2a: Pelipper|86/100
|move|p1b: Whimsicott|Sunny Day|p1b: Whimsicott
|-weather|SunnyDay
|cant|p2a: Pelipper|flinch
|
|-weather|SunnyDay|[upkeep]
|upkeep
|turn|8
|
|t:|1782568283
|move|p2b: Dragonite|Protect||[still]
|-fail|p2b: Dragonite
|move|p1b: Whimsicott|Encore|p2b: Dragonite
|-start|p2b: Dragonite|Encore
|move|p2a: Pelipper|Weather Ball|p1b: Whimsicott
|-supereffective|p1b: Whimsicott|1
|-damage|p1b: Whimsicott|0 fnt
|faint|p1b: Whimsicott
|move|p1a: Incineroar|Darkest Lariat|p2a: Pelipper
|-damage|p2a: Pelipper|43/100
|
|-weather|SunnyDay|[upkeep]
|upkeep
|
|t:|1782568296
|switch|p1b: Farigiraf|Farigiraf, L50, F|52/100 brn
|turn|9
|
|t:|1782568301
|move|p2b: Dragonite|Protect|p2b: Dragonite
|-singleturn|p2b: Dragonite|Protect
|move|p2a: Pelipper|Weather Ball|p1b: Farigiraf
|-damage|p1b: Farigiraf|15/100 brn
|move|p1a: Incineroar|Darkest Lariat|p2b: Dragonite
|-activate|p2b: Dragonite|move: Protect
|move|p1b: Farigiraf|Thunderbolt|p2a: Pelipper
|-supereffective|p2a: Pelipper|2
|-damage|p2a: Pelipper|0 fnt
|faint|p2a: Pelipper
|
|-weather|SunnyDay|[upkeep]
|-damage|p1b: Farigiraf|9/100 brn|[from] brn
|upkeep
|turn|10
|
|t:|1782568311
|move|p2b: Dragonite|Protect|p2b: Dragonite
|-singleturn|p2b: Dragonite|Protect
|move|p1a: Incineroar|Parting Shot|p2b: Dragonite
|-activate|p2b: Dragonite|move: Protect
|move|p1b: Farigiraf|Trick Room|p1b: Farigiraf
|-fieldstart|move: Trick Room|[of] p1b: Farigiraf
|
|-weather|SunnyDay|[upkeep]
|-damage|p1b: Farigiraf|3/100 brn|[from] brn
|upkeep
|turn|11
|
|t:|1782568320
|move|p2b: Dragonite|Protect||[still]
|-fail|p2b: Dragonite
|move|p1a: Incineroar|Darkest Lariat|p2b: Dragonite
|-damage|p2b: Dragonite|35/100
|move|p1b: Farigiraf|Twin Beam|p2b: Dragonite
|-damage|p2b: Dragonite|23/100
|-crit|p2b: Dragonite
|-damage|p2b: Dragonite|7/100
|-hitcount|p2b: Dragonite|2
|
|-weather|none
|-damage|p1b: Farigiraf|0 fnt|[from] brn
|faint|p1b: Farigiraf
|-end|p2b: Dragonite|Encore
|upkeep
|
|t:|1782568325
|switch|p1b: Mawile|Mawile-Mega, L50, M|3/100
|turn|12
|
|t:|1782568337
|move|p2b: Dragonite|Protect|p2b: Dragonite
|-singleturn|p2b: Dragonite|Protect
|move|p1b: Mawile|Sucker Punch||[still]
|-fail|p1b: Mawile
|move|p1a: Incineroar|Darkest Lariat|p2b: Dragonite
|-activate|p2b: Dragonite|move: Protect
|
|upkeep
|turn|13
|
|t:|1782568344
|move|p1b: Mawile|Sucker Punch|p2b: Dragonite
|-damage|p2b: Dragonite|0 fnt
|faint|p2b: Dragonite
|
|win|rokesaurio
||zombie wan kenobi is ready for game 2.
||rokesaurio is ready for game 2.
|uhtml|next|Next: Game 2 of 3
|l|☆rokesaurio
|player|p1|
