|j|☆greater basilisk
|j|☆Madzisbadz
|html|greater basiliskMadzisbadz    
|uhtml|bestof|Game 2 of a best-of-3
|t:|1783359969
|gametype|doubles
|player|p1|greater basilisk|bianca|1226
|player|p2|Madzisbadz|101|1212
|gen|9
|tier|[Gen 9 Champions] VGC 2026 Reg M-B (Bo3)
|rated|
|rule|Species Clause: Limit one of each Pokémon
|rule|Item Clause: Limit 1 of each item
|clearpoke
|poke|p1|Sneasler, L50, M|
|poke|p1|Incineroar, L50, M|
|poke|p1|Delphox, L50, M|
|poke|p1|Sinistcha, L50|
|poke|p1|Floette-Eternal, L50, F|
|poke|p1|Palafin, L50, M|
|poke|p2|Blaziken, L50, F|
|poke|p2|Kingambit, L50, F|
|poke|p2|Farigiraf, L50, M|
|poke|p2|Sylveon, L50, F|
|poke|p2|Aerodactyl, L50, F|
|poke|p2|Basculegion, L50, M|
|teampreview|4
|showteam|p1|Sneasler||FocusSash|PoisonTouch|Protect,FakeOut,DireClaw,CloseCombat|Jolly||M|||50|]Incineroar||SitrusBerry|Intimidate|FakeOut,PartingShot,FlareBlitz,DarkestLariat|Impish||M|||50|]Delphox||Delphoxite|Blaze|Protect,NastyPlot,HeatWave,Psyshock|Timid||M|||50|]Sinistcha||KasibBerry|Hospitality|Protect,TrickRoom,MatchaGotcha,RagePowder|Sassy|||||50|]Floette-Eternal||Floettite|FlowerVeil|Protect,DazzlingGleam,CalmMind,Moonblast|Timid||F|||50|]Palafin||Leftovers|ZerotoHero|Protect,JetPunch,BulkUp,ThroatChop|Adamant||M|||50|
|showteam|p2|Blaziken||Blazikenite|SpeedBoost|FlareBlitz,CloseCombat,RockSlide,Protect|Adamant||F|||50|]Kingambit||FocusSash|Defiant|KowtowCleave,IronHead,SuckerPunch,LowKick|Adamant||F|||50|]Farigiraf||SitrusBerry|ArmorTail|Psychic,Thunderbolt,TrickRoom,HelpingHand|Bold||M|||50|]Sylveon||FairyFeather|Pixilate|HyperVoice,HyperBeam,QuickAttack,Detect|Modest||F|||50|]Aerodactyl||Aerodactylite|Unnerve|RockSlide,DualWingbeat,IceFang,Tailwind|Jolly||F|||50|]Basculegion||LifeOrb|Adaptability|WaveCrash,LastRespects,AquaJet,Protect|Adamant||M|||50|
|inactive|Battle timer is ON: inactive players will automatically lose when time's up. (requested by greater basilisk)
|inactive|Madzisbadz has 60 seconds left.
|
|t:|1783360010
|teamsize|p1|4
|teamsize|p2|4
|start
|switch|p1a: Palafin|Palafin, L50, M|100/100
|switch|p1b: Floette|Floette-Eternal, L50, F|100/100
|switch|p2a: Basculegion|Basculegion, L50, M|100/100
|switch|p2b: Aerodactyl|Aerodactyl, L50, F|100/100
|-ability|p2b: Aerodactyl|Unnerve
|turn|1
|inactive|Madzisbadz has 30 seconds left.
|inactive|Madzisbadz has 20 seconds left.
|
|t:|1783360045
|detailschange|p1a: Palafin|Palafin-Hero, L50, M
|switch|p1a: Incineroar|Incineroar, L50, M|100/100
|-ability|p1a: Incineroar|Intimidate|boost
|-unboost|p2a: Basculegion|atk|1
|-unboost|p2b: Aerodactyl|atk|1
|detailschange|p1b: Floette|Floette-Mega, L50, F
|-mega|p1b: Floette|Floette|Floettite
|-ability|p1b: Floette|Fairy Aura
|move|p2b: Aerodactyl|Rock Slide|p1b: Floette|[spread] p1a,p1b
|-supereffective|p1a: Incineroar|1
|-damage|p1a: Incineroar|76/100
|-damage|p1b: Floette|85/100
|cant|p1b: Floette|flinch
|move|p2a: Basculegion|Wave Crash|p1b: Floette
|-damage|p1b: Floette|3/100
|-damage|p2a: Basculegion|76/100|[from] Recoil
|-damage|p2a: Basculegion|66/100|[from] item: Life Orb
|
|upkeep
|turn|2
|inactive|greater basilisk has 30 seconds left.
|inactive|Madzisbadz has 30 seconds left.
|inactive|greater basilisk has 20 seconds left.
|inactive|Madzisbadz has 20 seconds left.
|
|t:|1783360084
|switch|p1b: Sinistcha|Sinistcha, L50|100/100
|-heal|p1a: Incineroar|100/100|[from] ability: Hospitality|[of] p1b: Sinistcha
|move|p2b: Aerodactyl|Rock Slide|p1b: Sinistcha|[spread] p1a,p1b
|-supereffective|p1a: Incineroar|1
|-damage|p1a: Incineroar|78/100
|-damage|p1b: Sinistcha|85/100
|move|p2a: Basculegion|Wave Crash|p1a: Incineroar
|-supereffective|p1a: Incineroar|1
|-damage|p1a: Incineroar|0 fnt
|faint|p1a: Incineroar
|-damage|p2a: Basculegion|42/100|[from] Recoil
|-damage|p2a: Basculegion|32/100|[from] item: Life Orb
|
|upkeep
|
|t:|1783360097
|switch|p1a: Palafin|Palafin-Hero, L50, M|100/100
|-activate|p1a: Palafin|ability: Zero to Hero
|turn|3
|inactive|Madzisbadz has 30 seconds left.
|inactive|Madzisbadz has 20 seconds left.
|
|t:|1783360135
|detailschange|p2b: Aerodactyl|Aerodactyl-Mega, L50, F
|-mega|p2b: Aerodactyl|Aerodactyl|Aerodactylite
|move|p2b: Aerodactyl|Ice Fang|p1b: Sinistcha
|-supereffective|p1b: Sinistcha|1
|-crit|p1b: Sinistcha
|-damage|p1b: Sinistcha|7/100
|move|p1a: Palafin|Bulk Up|p1a: Palafin
|-boost|p1a: Palafin|atk|1
|-boost|p1a: Palafin|def|1
|move|p2a: Basculegion|Last Respects|p1b: Sinistcha
|-supereffective|p1b: Sinistcha|1
|-enditem|p1b: Sinistcha|Kasib Berry|[eat]
|-enditem|p1b: Sinistcha|Kasib Berry|[weaken]
|-damage|p1b: Sinistcha|0 fnt
|faint|p1b: Sinistcha
|-damage|p2a: Basculegion|22/100|[from] item: Life Orb
|
|upkeep
|
|t:|1783360146
|switch|p1b: Floette|Floette-Mega, L50, F|3/100
|-ability|p1b: Floette|Fairy Aura
|turn|4
|
|t:|1783360164
|switch|p2a: Farigiraf|Farigiraf, L50, M|100/100
|move|p1b: Floette|Protect|p1b: Floette
|-singleturn|p1b: Floette|Protect
|move|p2b: Aerodactyl|Rock Slide|p1a: Palafin|[spread] p1a
|-activate|p1b: Floette|move: Protect
|-damage|p1a: Palafin|89/100
|cant|p1a: Palafin|flinch
|
|-heal|p1a: Palafin|95/100|[from] item: Leftovers
|upkeep
|turn|5
|
|t:|1783360184
|move|p2b: Aerodactyl|Rock Slide|p1a: Palafin|[spread] p1a,p1b
|-damage|p1a: Palafin|85/100
|-damage|p1b: Floette|0 fnt
|faint|p1b: Floette
|cant|p1a: Palafin|flinch
|move|p2a: Farigiraf|Thunderbolt|p1a: Palafin
|-supereffective|p1a: Palafin|1
|-damage|p1a: Palafin|44/100
|
|-heal|p1a: Palafin|50/100g|[from] item: Leftovers
|upkeep
|turn|6
|
|t:|1783360201
|move|p2b: Aerodactyl|Dual Wingbeat|p1a: Palafin
|-damage|p1a: Palafin|40/100
|-damage|p1a: Palafin|29/100
|-hitcount|p1a: Palafin|2
|move|p1a: Palafin|Throat Chop|p2a: Farigiraf
|-supereffective|p2a: Farigiraf|1
|-damage|p2a: Farigiraf|8/100
|-start|p2a: Farigiraf|Throat Chop|[silent]
|-enditem|p2a: Farigiraf|Sitrus Berry|[eat]
|-heal|p2a: Farigiraf|32/100|[from] item: Sitrus Berry
|move|p2a: Farigiraf|Thunderbolt|p1a: Palafin
|-supereffective|p1a: Palafin|1
|-damage|p1a: Palafin|0 fnt
|faint|p1a: Palafin
|
|win|Madzisbadz
|raw|greater basilisk's rating: 1226 → 1200(-26 for losing)
|raw|Madzisbadz's rating: 1212 → 1238(+26 for winning)
|c|☆Madzisbadz|Ggs
|l|☆Madzisbadz
|player|p2|
|j|☆Madzisbadz
|player|p2|Madzisbadz|101|
