|j|☆Mario 30000000
|j|☆tax the homeless
|html|Mario 30000000tax the homeless    
|uhtml|bestof|Game 1 of a best-of-3
|t:|1756825580
|gametype|doubles
|player|p1|Mario 30000000|169|1132
|player|p2|tax the homeless|hiker-gen4|1139
|gen|9
|tier|[Gen 9] VGC 2025 Reg H (Bo3)
|rated|
|rule|Species Clause: Limit one of each Pokémon
|rule|Item Clause: Limit 1 of each item
|clearpoke
|poke|p1|Basculegion, L50, M|
|poke|p1|Archaludon, L50, M|
|poke|p1|Pelipper, L50, M|
|poke|p1|Kingambit, L50, F|
|poke|p1|Rillaboom, L50, M|
|poke|p1|Sneasler, L50, M|
|poke|p2|Excadrill, L50, M|
|poke|p2|Incineroar, L50, M|
|poke|p2|Tyranitar, L50, M|
|poke|p2|Amoonguss, L50, F|
|poke|p2|Kommo-o, L50, F|
|poke|p2|Reuniclus, L50, M|
|teampreview|4
|showteam|p1|Basculegion||ChoiceBand|SwiftSwim|WaveCrash,AquaJet,FlipTurn,LastRespects|||M|||50|,,,,,Ghost]Archaludon||AssaultVest|Stamina|FlashCannon,DracoMeteor,ElectroShot,BodyPress|||M|||50|,,,,,Fairy]Pelipper||FocusSash|Drizzle|Hurricane,WeatherBall,Tailwind,Protect|||M|||50|,,,,,Ground]Kingambit||BlackGlasses|Defiant|KowtowCleave,SuckerPunch,SwordsDance,Protect|||F|||50|,,,,,Ghost]Rillaboom||LoadedDice|GrassySurge|BulletSeed,GrassyGlide,FakeOut,HighHorsepower|||M|||50|,,,,,Grass]Sneasler||GrassySeed|Unburden|DireClaw,CloseCombat,FakeOut,Protect|||M|||50|,,,,,Ghost
|showteam|p2|Excadrill||FocusSash|SandRush|Protect,Earthquake,HighHorsepower,IronHead|||M|||50|,,,,,Ground]Incineroar||SafetyGoggles|Intimidate|FakeOut,KnockOff,FlareBlitz,PartingShot|||M|||50|,,,,,Ghost]Tyranitar||AssaultVest|SandStream|RockSlide,KnockOff,LowKick,TeraBlast|||M|||50|,,,,,Flying]Amoonguss||SitrusBerry|Regenerator|PollenPuff,RagePowder,ClearSmog,Spore|||F|||50|,,,,,Water]Kommo-o||ThroatSpray|Overcoat|Protect,ClangingScales,ClangorousSoul,AuraSphere|||F|||50|,,,,,Steel]Reuniclus||LifeOrb|MagicGuard|Protect,TrickRoom,ExpandingForce,FlashCannon|||M|||50|,,,,,Dark
|inactive|Battle timer is ON: inactive players will automatically lose when time's up. (requested by Mario 30000000)
|
|t:|1756825617
|teamsize|p1|4
|teamsize|p2|4
|start
|switch|p1a: Basculegion|Basculegion, L50, M|100/100
|switch|p1b: Sneasler|Sneasler, L50, M|100/100
|switch|p2a: Lord Genome|Incineroar, L50, M|100/100
|switch|p2b: Kidd Knuckle|Kommo-o, L50, F|100/100
|-ability|p2a: Lord Genome|Intimidate|boost
|-unboost|p1a: Basculegion|atk|1
|-unboost|p1b: Sneasler|atk|1
|turn|1
|
|t:|1756825639
|switch|p1b: Pelipper|Pelipper, L50, M|100/100
|-weather|RainDance|[from] ability: Drizzle|[of] p1b: Pelipper
|move|p2a: Lord Genome|Fake Out|p1b: Pelipper
|-damage|p1b: Pelipper|83/100
|move|p1a: Basculegion|Flip Turn|p2a: Lord Genome
|-supereffective|p2a: Lord Genome
|-damage|p2a: Lord Genome|5/100
|
|t:|1756825649
|switch|p1a: Sneasler|Sneasler, L50, M|100/100|[from] Flip Turn
|move|p2b: Kidd Knuckle|Clangorous Soul|p2b: Kidd Knuckle
|-boost|p2b: Kidd Knuckle|atk|1
|-boost|p2b: Kidd Knuckle|def|1
|-boost|p2b: Kidd Knuckle|spa|1
|-boost|p2b: Kidd Knuckle|spd|1
|-boost|p2b: Kidd Knuckle|spe|1
|-damage|p2b: Kidd Knuckle|68/100
|-enditem|p2b: Kidd Knuckle|Throat Spray
|-boost|p2b: Kidd Knuckle|spa|1|[from] item: Throat Spray
|
|-weather|RainDance|[upkeep]
|upkeep
|turn|2
|
|t:|1756825669
|switch|p2a: Kamina|Tyranitar, L50, M, shiny|100/100
|-weather|Sandstorm|[from] ability: Sand Stream|[of] p2a: Kamina
|move|p2b: Kidd Knuckle|Protect|p2b: Kidd Knuckle
|-singleturn|p2b: Kidd Knuckle|Protect
|move|p1a: Sneasler|Fake Out|p2b: Kidd Knuckle
|-activate|p2b: Kidd Knuckle|move: Protect
|move|p1b: Pelipper|Tailwind|p1b: Pelipper
|-sidestart|p1: Mario 30000000|move: Tailwind
|
|-weather|Sandstorm|[upkeep]
|-damage|p1a: Sneasler|95/100|[from] Sandstorm
|-damage|p1b: Pelipper|77/100|[from] Sandstorm
|upkeep
|turn|3
|inactive|Mario 30000000 has 30 seconds left.
|inactive|tax the homeless has 30 seconds left.
|
|t:|1756825703
|switch|p1b: Archaludon|Archaludon, L50, M|100/100
|-terastallize|p2a: Kamina|Flying
|move|p1a: Sneasler|Close Combat|p2b: Kidd Knuckle
|-damage|p2b: Kidd Knuckle|28/100
|-unboost|p1a: Sneasler|def|1
|-unboost|p1a: Sneasler|spd|1
|move|p2b: Kidd Knuckle|Clanging Scales|p1a: Sneasler|[spread] p1a,p1b
|-damage|p1a: Sneasler|0 fnt
|-damage|p1b: Archaludon|53/100
|-ability|p1b: Archaludon|Stamina|boost
|-boost|p1b: Archaludon|def|1
|faint|p1a: Sneasler
|-unboost|p2b: Kidd Knuckle|def|1
|move|p2a: Kamina|Tera Blast|p1b: Archaludon|[anim] Tera Blast Flying
|-resisted|p1b: Archaludon
|-damage|p1b: Archaludon|43/100
|-ability|p1b: Archaludon|Stamina|boost
|-boost|p1b: Archaludon|def|1
|
|-weather|Sandstorm|[upkeep]
|-damage|p2a: Kamina|95/100|[from] Sandstorm
|upkeep
|
|t:|1756825726
|switch|p1a: Pelipper|Pelipper, L50, M|77/100
|-weather|RainDance|[from] ability: Drizzle|[of] p1a: Pelipper
|turn|4
|
|t:|1756825733
|switch|p2a: Lord Genome|Incineroar, L50, M|5/100
|-ability|p2a: Lord Genome|Intimidate|boost
|-unboost|p1a: Pelipper|atk|1
|-unboost|p1b: Archaludon|atk|1
|move|p2b: Kidd Knuckle|Protect|p2b: Kidd Knuckle
|-singleturn|p2b: Kidd Knuckle|Protect
|move|p1a: Pelipper|Hurricane|p2b: Kidd Knuckle
|-activate|p2b: Kidd Knuckle|move: Protect
|move|p1b: Archaludon|Electro Shot||[still]
|-prepare|p1b: Archaludon|Electro Shot
|-boost|p1b: Archaludon|spa|1
|-anim|p1b: Archaludon|Electro Shot|p2a: Lord Genome
|-damage|p2a: Lord Genome|0 fnt
|faint|p2a: Lord Genome
|
|-weather|RainDance|[upkeep]
|upkeep
|
|t:|1756825748
|switch|p2a: Kamina|Tyranitar, L50, M, shiny, tera:Flying|95/100
|-weather|Sandstorm|[from] ability: Sand Stream|[of] p2a: Kamina
|turn|5
|
|t:|1756825765
|move|p1a: Pelipper|Hurricane|p2b: Kidd Knuckle|[miss]
|-miss|p1a: Pelipper|p2b: Kidd Knuckle
|move|p2b: Kidd Knuckle|Clanging Scales|p1b: Archaludon|[spread] p1a,p1b
|-damage|p1a: Pelipper|0 fnt
|-damage|p1b: Archaludon|1/100
|-ability|p1b: Archaludon|Stamina|boost
|-boost|p1b: Archaludon|def|1
|faint|p1a: Pelipper
|-unboost|p2b: Kidd Knuckle|def|1
|move|p1b: Archaludon|Draco Meteor|p2a: Kamina
|-damage|p2a: Kamina|42/100
|-unboost|p1b: Archaludon|spa|2
|move|p2a: Kamina|Knock Off|p1b: Archaludon
|-damage|p1b: Archaludon|0 fnt
|-enditem|p1b: Archaludon|Assault Vest|[from] move: Knock Off|[of] p2a: Kamina
|faint|p1b: Archaludon
|
|-weather|Sandstorm|[upkeep]
|-damage|p2a: Kamina|36/100|[from] Sandstorm
|-sideend|p1: Mario 30000000|move: Tailwind
|upkeep
|-message|Mario 30000000 forfeited.
|
|win|tax the homeless
|l|☆Mario 30000000
|player|p1|
||Mario 30000000 is ready for game 2.
