|j|☆vril fur4et
|j|☆Lord Of Bulky
|html|vril fur4etLord Of Bulky    
|uhtml|bestof|Game 1 of a best-of-3
|t:|1784307469
|gametype|doubles
|player|p1|vril fur4et|li|1095
|player|p2|Lord Of Bulky|alder|1137
|gen|9
|tier|[Gen 9 Champions] VGC 2026 Reg M-B (Bo3)
|rated|
|rule|Species Clause: Limit one of each Pokémon
|rule|Item Clause: Limit 1 of each item
|clearpoke
|poke|p1|Mawile, L50, F|
|poke|p1|Mamoswine, L50, F|
|poke|p1|Farigiraf, L50, M|
|poke|p1|Milotic, L50, F|
|poke|p1|Hydrapple, L50, M|
|poke|p1|Incineroar, L50, F|
|poke|p2|Politoed, L50, F|
|poke|p2|Swampert, L50, F, shiny|
|poke|p2|Incineroar, L50, F|
|poke|p2|Archaludon, L50, F, shiny|
|poke|p2|Gengar, L50, F, shiny|
|poke|p2|Vivillon-Fancy, L50, M, shiny|
|teampreview|4
|showteam|p1|Mawile||Mawilite|HyperCutter|SuckerPunch,PlayRough,Protect,SwordsDance|Brave||F|||50|]Mamoswine||ChoiceScarf|Oblivious|IcicleCrash,HighHorsepower,RockSlide,IceShard|Jolly||F|||50|]Farigiraf||MentalHerb|ArmorTail|HyperVoice,TrickRoom,Protect,Psychic|Quiet||M|||50|]Milotic||Leftovers|Competitive|Scald,Protect,LifeDew,IceBeam|Quiet||F|||50|]Hydrapple||SitrusBerry|Regenerator|Yawn,Protect,EnergyBall,DracoMeteor|Quiet||M|||50|]Incineroar||ChopleBerry|Intimidate|FlareBlitz,FakeOut,PartingShot,ThroatChop|Careful||F|||50|
|showteam|p2|Politoed||SitrusBerry|Drizzle|WeatherBall,PerishSong,Encore,Protect|Calm||F|||50|]Swampert||Swampertite|Damp|WaveCrash,Earthquake,Protect,IcePunch|Adamant||F|||50|]Incineroar||PasshoBerry|Intimidate|ThroatChop,PartingShot,FakeOut,Protect|Sassy||F|||50|]Archaludon||Leftovers|Stamina|DragonPulse,FlashCannon,ElectroShot,Protect|Bold||F|||50|]Gengar||Gengarite|CursedBody|ShadowBall,PerishSong,SludgeBomb,Protect|Timid||F|||50|]Vivillon-Fancy||FocusSash|CompoundEyes|SleepPowder,Protect,RagePowder,Hurricane|Timid||M|||50|
|inactive|Battle timer is ON: inactive players will automatically lose when time's up. (requested by Lord Of Bulky)
|
|t:|1784307528
|teamsize|p1|4
|teamsize|p2|4
|start
|switch|p1a: Hydrapple|Hydrapple, L50, M|100/100
|switch|p1b: Farigiraf|Farigiraf, L50, M|100/100
|switch|p2a: Gengar|Gengar, L50, F, shiny|100/100
|switch|p2b: Incineroar|Incineroar, L50, F|100/100
|-ability|p2b: Incineroar|Intimidate|boost
|-unboost|p1a: Hydrapple|atk|1
|-unboost|p1b: Farigiraf|atk|1
|turn|1
|
|t:|1784307550
|detailschange|p2a: Gengar|Gengar-Mega, L50, F, shiny
|-mega|p2a: Gengar|Gengar|Gengarite
|move|p2a: Gengar|Perish Song|p2a: Gengar
|-start|p1a: Hydrapple|perish3|[silent]
|-start|p1b: Farigiraf|perish3|[silent]
|-start|p2a: Gengar|perish3|[silent]
|-start|p2b: Incineroar|perish3|[silent]
|-fieldactivate|move: Perish Song
|move|p2b: Incineroar|Throat Chop|p1b: Farigiraf
|-supereffective|p1b: Farigiraf|1
|-damage|p1b: Farigiraf|40/100
|-start|p1b: Farigiraf|Throat Chop|[silent]
|move|p1a: Hydrapple|Draco Meteor|p2a: Gengar
|-damage|p2a: Gengar|30/100
|-unboost|p1a: Hydrapple|spa|2
|move|p1b: Farigiraf|Trick Room|p1b: Farigiraf
|-fieldstart|move: Trick Room|[of] p1b: Farigiraf
|
|-start|p1a: Hydrapple|perish3
|-start|p2b: Incineroar|perish3
|-start|p1b: Farigiraf|perish3
|-start|p2a: Gengar|perish3
|upkeep
|turn|2
|inactive|vril fur4et has 30 seconds left.
|
|t:|1784307579
|move|p1b: Farigiraf|Protect|p1b: Farigiraf
|-singleturn|p1b: Farigiraf|Protect
|move|p2b: Incineroar|Protect|p2b: Incineroar
|-singleturn|p2b: Incineroar|Protect
|move|p2a: Gengar|Protect|p2a: Gengar
|-singleturn|p2a: Gengar|Protect
|move|p1a: Hydrapple|Draco Meteor|p2b: Incineroar
|-activate|p2b: Incineroar|move: Protect
|
|-end|p1b: Farigiraf|Throat Chop|[silent]
|-start|p1a: Hydrapple|perish2
|-start|p2b: Incineroar|perish2
|-start|p1b: Farigiraf|perish2
|-start|p2a: Gengar|perish2
|upkeep
|turn|3
|
|t:|1784307597
|switch|p2a: Archaludon|Archaludon, L50, F, shiny|100/100
|move|p1a: Hydrapple|Draco Meteor|p2a: Archaludon
|-damage|p2a: Archaludon|71/100
|-unboost|p1a: Hydrapple|spa|2
|-ability|p2a: Archaludon|Stamina|boost
|-boost|p2a: Archaludon|def|1
|move|p2b: Incineroar|Parting Shot|p1b: Farigiraf
|-unboost|p1b: Farigiraf|atk|1
|-unboost|p1b: Farigiraf|spa|1
|
|t:|1784307607
|switch|p2b: Gengar|Gengar-Mega, L50, F, shiny|30/100|[from] Parting Shot
|move|p1b: Farigiraf|Psychic|p2a: Archaludon
|-resisted|p2a: Archaludon|1
|-damage|p2a: Archaludon|57/100
|-ability|p2a: Archaludon|Stamina|boost
|-boost|p2a: Archaludon|def|1
|
|-heal|p2a: Archaludon|63/100|[from] item: Leftovers
|-start|p1a: Hydrapple|perish1
|-start|p1b: Farigiraf|perish1
|upkeep
|turn|4
|
|t:|1784307626
|move|p2a: Archaludon|Protect|p2a: Archaludon
|-singleturn|p2a: Archaludon|Protect
|move|p2b: Gengar|Protect|p2b: Gengar
|-singleturn|p2b: Gengar|Protect
|move|p1a: Hydrapple|Draco Meteor|p2b: Gengar
|-activate|p2b: Gengar|move: Protect
|move|p1b: Farigiraf|Trick Room|p1b: Farigiraf
|-fieldend|move: Trick Room
|
|-heal|p2a: Archaludon|69/100|[from] item: Leftovers
|-start|p1b: Farigiraf|perish0
|-start|p1a: Hydrapple|perish0
|faint|p1b: Farigiraf
|faint|p1a: Hydrapple
|upkeep
|
|t:|1784307628
|switch|p1b: Mawile|Mawile, L50, F|100/100
|switch|p1a: Incineroar|Incineroar, L50, F|100/100
|-ability|p1a: Incineroar|Intimidate|boost
|-unboost|p2a: Archaludon|atk|1
|-unboost|p2b: Gengar|atk|1
|turn|5
|inactive|Lord Of Bulky has 30 seconds left.
|
|t:|1784307658
|switch|p2a: Politoed|Politoed, L50, F|100/100
|-weather|RainDance|[from] ability: Drizzle|[of] p2a: Politoed
|detailschange|p1b: Mawile|Mawile-Mega, L50, F
|-mega|p1b: Mawile|Mawile|Mawilite
|move|p2b: Gengar|Perish Song|p2b: Gengar
|-start|p1a: Incineroar|perish3|[silent]
|-start|p1b: Mawile|perish3|[silent]
|-start|p2a: Politoed|perish3|[silent]
|-start|p2b: Gengar|perish3|[silent]
|-fieldactivate|move: Perish Song
|move|p1a: Incineroar|Throat Chop|p2b: Gengar
|-supereffective|p2b: Gengar|1
|-damage|p2b: Gengar|0 fnt
|faint|p2b: Gengar
|move|p1b: Mawile|Swords Dance|p1b: Mawile
|-boost|p1b: Mawile|atk|2
|
|-weather|RainDance|[upkeep]
|-start|p2a: Politoed|perish3
|-start|p1a: Incineroar|perish3
|-start|p1b: Mawile|perish3
|upkeep
|
|t:|1784307676
|switch|p2b: Archaludon|Archaludon, L50, F, shiny|69/100
|turn|6
|
|t:|1784307685
|move|p2b: Archaludon|Electro Shot||[still]
|-prepare|p2b: Archaludon|Electro Shot
|-boost|p2b: Archaludon|spa|1
|-anim|p2b: Archaludon|Electro Shot|p1b: Mawile
|-damage|p1b: Mawile|35/100
|move|p2a: Politoed|Encore|p1b: Mawile
|-start|p1b: Mawile|Encore
|move|p1a: Incineroar|Throat Chop|p2a: Politoed
|-damage|p2a: Politoed|67/100
|-start|p2a: Politoed|Throat Chop|[silent]
|move|p1b: Mawile|Swords Dance|p1b: Mawile
|-boost|p1b: Mawile|atk|2
|
|-weather|RainDance|[upkeep]
|-heal|p2b: Archaludon|75/100|[from] item: Leftovers
|-start|p2a: Politoed|perish2
|-start|p1a: Incineroar|perish2
|-start|p1b: Mawile|perish2
|upkeep
|turn|7
|
|t:|1784307706
|move|p2b: Archaludon|Electro Shot||[still]
|-prepare|p2b: Archaludon|Electro Shot
|-boost|p2b: Archaludon|spa|1
|-anim|p2b: Archaludon|Electro Shot|p1b: Mawile
|-damage|p1b: Mawile|0 fnt
|faint|p1b: Mawile
|move|p2a: Politoed|Weather Ball|p1a: Incineroar
|-supereffective|p1a: Incineroar|1
|-damage|p1a: Incineroar|27/100
|move|p1a: Incineroar|Flare Blitz|p2b: Archaludon
|-damage|p2b: Archaludon|61/100
|-ability|p2b: Archaludon|Stamina|boost
|-boost|p2b: Archaludon|def|1
|-damage|p1a: Incineroar|23/100|[from] Recoil
|
|-weather|RainDance|[upkeep]
|-heal|p2b: Archaludon|67/100|[from] item: Leftovers
|-end|p2a: Politoed|Throat Chop|[silent]
|-start|p2a: Politoed|perish1
|-start|p1a: Incineroar|perish1
|upkeep
|turn|8
|
|t:|1784307727
|move|p2b: Archaludon|Dragon Pulse|p1a: Incineroar
|-damage|p1a: Incineroar|0 fnt
|faint|p1a: Incineroar
|
|win|Lord Of Bulky
