|j|☆AnTree4
|j|☆RoadToWorlds44
|html|AnTree4RoadToWorlds44    
|uhtml|bestof|Game 1 of a best-of-3
|t:|1756207707
|gametype|doubles
|player|p1|AnTree4|brock|1178
|player|p2|RoadToWorlds44|265|1262
|gen|9
|tier|[Gen 9] VGC 2025 Reg H (Bo3)
|rated|
|rule|Species Clause: Limit one of each Pokémon
|rule|Item Clause: Limit 1 of each item
|clearpoke
|poke|p1|Tyranitar, L50, M|
|poke|p1|Houndstone, L50, M|
|poke|p1|Gholdengo, L50|
|poke|p1|Amoonguss, L50, F|
|poke|p1|Incineroar, L50, F|
|poke|p1|Corviknight, L50, F|
|poke|p2|Electabuzz, L50, F|
|poke|p2|Kingambit, L50, M|
|poke|p2|Volcarona, L50, F|
|poke|p2|Dragonite, L50, F|
|poke|p2|Sneasler, L50, M|
|poke|p2|Rillaboom, L50, M|
|teampreview|4
|showteam|p1|Tyranitar||AssaultVest|SandStream|RockSlide,KnockOff,HeavySlam,LowKick|||M|||50|,,,,,Fairy]Houndstone||FocusSash|SandRush|LastRespects,Snarl,Howl,WillOWisp|||M|||50|,,,,,Ghost]Gholdengo||MetalCoat|GoodasGold|MakeItRain,ShadowBall,NastyPlot,Protect||||||50|,,,,,Steel]Amoonguss||SitrusBerry|Regenerator|SludgeBomb,RagePowder,Spore,Protect|||F|||50|,,,,,Water]Incineroar||SafetyGoggles|Intimidate|FakeOut,FlareBlitz,KnockOff,PartingShot|||F|||50|,,,,,Ghost]Corviknight||RockyHelmet|MirrorArmor|BraveBird,Tailwind,BulkUp,Roost|||F|||50|,,,,,Water
|showteam|p2|Electabuzz||Eviolite|VitalSpirit|FollowMe,Electroweb,Taunt,Protect|||F|||50|,,,,,Ghost]Kingambit||BlackGlasses|Defiant|KowtowCleave,SuckerPunch,SwordsDance,Protect|||M|||50|,,,,,Dark]Volcarona||Leftovers|FlameBody|HeatWave,TeraBlast,QuiverDance,Protect|||F|||50|,,,,,Fairy]Dragonite||LoadedDice|Multiscale|ScaleShot,ExtremeSpeed,Haze,Protect|||F|||50|,,,,,Fairy]Sneasler||FocusSash|Unburden|DireClaw,CloseCombat,Coaching,FakeOut|||M|||50|,,,,,Stellar]Rillaboom||AssaultVest|GrassySurge|FakeOut,WoodHammer,GrassyGlide,HighHorsepower|||M|||50|,,,,,Fire
|inactive|Battle timer is ON: inactive players will automatically lose when time's up. (requested by RoadToWorlds44)
|inactive|AnTree4 has 60 seconds left.
|inactive|RoadToWorlds44 has 60 seconds left.
|
|t:|1756207763
|teamsize|p1|4
|teamsize|p2|4
|start
|switch|p1a: Tyranitar|Tyranitar, L50, M|100/100
|switch|p1b: Houndstone|Houndstone, L50, M|100/100
|switch|p2a: Volcarona|Volcarona, L50, F|100/100
|switch|p2b: Electabuzz|Electabuzz, L50, F|100/100
|-weather|Sandstorm|[from] ability: Sand Stream|[of] p1a: Tyranitar
|turn|1
|inactive|RoadToWorlds44 has 30 seconds left.
|inactive|RoadToWorlds44 has 20 seconds left.
|
|t:|1756207799
|switch|p2a: Rillaboom|Rillaboom, L50, M|100/100
|-fieldstart|move: Grassy Terrain|[from] ability: Grassy Surge|[of] p2a: Rillaboom
|move|p1b: Houndstone|Howl|p1b: Houndstone|[spread] p1a,p1b
|-boost|p1a: Tyranitar|atk|1
|-boost|p1b: Houndstone|atk|1
|move|p2b: Electabuzz|Electroweb|p1b: Houndstone|[spread] p1a,p1b
|-damage|p1a: Tyranitar|96/100
|-damage|p1b: Houndstone|82/100
|-unboost|p1a: Tyranitar|spe|1
|-unboost|p1b: Houndstone|spe|1
|move|p1a: Tyranitar|Rock Slide|p2b: Electabuzz|[spread] p2a,p2b
|-damage|p2a: Rillaboom|61/100
|-damage|p2b: Electabuzz|71/100
|
|-weather|Sandstorm|[upkeep]
|-damage|p2b: Electabuzz|65/100|[from] Sandstorm
|-damage|p2a: Rillaboom|55/100|[from] Sandstorm
|-heal|p1b: Houndstone|88/100|[from] Grassy Terrain
|-heal|p2b: Electabuzz|71/100|[from] Grassy Terrain
|-heal|p2a: Rillaboom|61/100|[from] Grassy Terrain
|-heal|p1a: Tyranitar|100/100|[from] Grassy Terrain
|upkeep
|turn|2
|inactive|AnTree4 has 30 seconds left.
|inactive|RoadToWorlds44 has 30 seconds left.
|
|t:|1756207834
|switch|p1a: Incineroar|Incineroar, L50, F|100/100
|-ability|p1a: Incineroar|Intimidate|boost
|-unboost|p2a: Rillaboom|atk|1
|-unboost|p2b: Electabuzz|atk|1
|move|p1b: Houndstone|Will-O-Wisp|p2a: Rillaboom
|-status|p2a: Rillaboom|brn
|move|p2b: Electabuzz|Electroweb|p1b: Houndstone|[spread] p1a,p1b
|-crit|p1b: Houndstone
|-damage|p1a: Incineroar|87/100
|-damage|p1b: Houndstone|60/100
|-unboost|p1a: Incineroar|spe|1
|-unboost|p1b: Houndstone|spe|1
|move|p2a: Rillaboom|Wood Hammer|p1a: Incineroar
|-resisted|p1a: Incineroar
|-damage|p1a: Incineroar|77/100
|-damage|p2a: Rillaboom|58/100 brn|[from] Recoil
|
|-weather|Sandstorm|[upkeep]
|-damage|p2b: Electabuzz|65/100|[from] Sandstorm
|-damage|p2a: Rillaboom|52/100 brn|[from] Sandstorm
|-heal|p2b: Electabuzz|71/100|[from] Grassy Terrain
|-heal|p1b: Houndstone|66/100|[from] Grassy Terrain
|-heal|p2a: Rillaboom|58/100 brn|[from] Grassy Terrain
|-heal|p1a: Incineroar|83/100|[from] Grassy Terrain
|-damage|p2a: Rillaboom|52/100 brn|[from] brn
|upkeep
|turn|3
|inactive|AnTree4 has 30 seconds left.
|inactive|RoadToWorlds44 has 30 seconds left.
|
|t:|1756207868
|switch|p1b: Tyranitar|Tyranitar, L50, M|100/100
|move|p2b: Electabuzz|Electroweb|p1a: Incineroar|[spread] p1a,p1b
|-damage|p1a: Incineroar|71/100
|-damage|p1b: Tyranitar|96/100
|-unboost|p1a: Incineroar|spe|1
|-unboost|p1b: Tyranitar|spe|1
|move|p2a: Rillaboom|High Horsepower|p1a: Incineroar
|-supereffective|p1a: Incineroar
|-damage|p1a: Incineroar|54/100
|move|p1a: Incineroar|Knock Off|p2b: Electabuzz
|-damage|p2b: Electabuzz|39/100
|-enditem|p2b: Electabuzz|Eviolite|[from] move: Knock Off|[of] p1a: Incineroar
|
|-weather|Sandstorm|[upkeep]
|-damage|p2b: Electabuzz|34/100|[from] Sandstorm
|-damage|p2a: Rillaboom|46/100 brn|[from] Sandstorm
|-heal|p2b: Electabuzz|39/100|[from] Grassy Terrain
|-heal|p2a: Rillaboom|52/100 brn|[from] Grassy Terrain
|-heal|p1b: Tyranitar|100/100|[from] Grassy Terrain
|-heal|p1a: Incineroar|60/100|[from] Grassy Terrain
|-damage|p2a: Rillaboom|46/100 brn|[from] brn
|upkeep
|turn|4
|
|t:|1756207891
|move|p2b: Electabuzz|Protect|p2b: Electabuzz
|-singleturn|p2b: Electabuzz|Protect
|move|p2a: Rillaboom|Wood Hammer|p1b: Tyranitar
|-supereffective|p1b: Tyranitar
|-damage|p1b: Tyranitar|61/100
|-damage|p2a: Rillaboom|33/100 brn|[from] Recoil
|move|p1b: Tyranitar|Rock Slide|p2b: Electabuzz|[spread] 
|-activate|p2b: Electabuzz|move: Protect
|-miss|p1b: Tyranitar|p2a: Rillaboom
|move|p1a: Incineroar|Parting Shot|p2a: Rillaboom
|-unboost|p2a: Rillaboom|atk|1
|-unboost|p2a: Rillaboom|spa|1
|
|t:|1756207908
|switch|p1a: Houndstone|Houndstone, L50, M|66/100|[from] Parting Shot
|
|-weather|Sandstorm|[upkeep]
|-damage|p2b: Electabuzz|34/100|[from] Sandstorm
|-damage|p2a: Rillaboom|27/100 brn|[from] Sandstorm
|-heal|p1a: Houndstone|72/100|[from] Grassy Terrain
|-heal|p2b: Electabuzz|39/100|[from] Grassy Terrain
|-heal|p2a: Rillaboom|33/100 brn|[from] Grassy Terrain
|-heal|p1b: Tyranitar|67/100|[from] Grassy Terrain
|-damage|p2a: Rillaboom|27/100 brn|[from] brn
|upkeep
|turn|5
|
|t:|1756207927
|switch|p2a: Sneasler|Sneasler, L50, M|100/100
|switch|p1b: Incineroar|Incineroar, L50, F|60/100
|-ability|p1b: Incineroar|Intimidate|boost
|-unboost|p2a: Sneasler|atk|1
|-unboost|p2b: Electabuzz|atk|1
|move|p1a: Houndstone|Howl|p1a: Houndstone|[spread] p1a,p1b
|-boost|p1a: Houndstone|atk|1
|-boost|p1b: Incineroar|atk|1
|move|p2b: Electabuzz|Electroweb|p1b: Incineroar|[spread] p1a,p1b
|-damage|p1a: Houndstone|55/100
|-damage|p1b: Incineroar|48/100
|-unboost|p1a: Houndstone|spe|1
|-unboost|p1b: Incineroar|spe|1
|
|-weather|none
|-heal|p1a: Houndstone|61/100|[from] Grassy Terrain
|-heal|p2b: Electabuzz|45/100|[from] Grassy Terrain
|-heal|p1b: Incineroar|54/100|[from] Grassy Terrain
|-fieldend|move: Grassy Terrain
|upkeep
|turn|6
|inactive|RoadToWorlds44 has 30 seconds left.
|inactive|RoadToWorlds44 has 20 seconds left.
|
|t:|1756207963
|switch|p2b: Volcarona|Volcarona, L50, F|100/100
|move|p1b: Incineroar|Fake Out|p2a: Sneasler
|-damage|p2a: Sneasler|74/100
|cant|p2a: Sneasler|flinch
|move|p1a: Houndstone|Last Respects|p2a: Sneasler
|-damage|p2a: Sneasler|20/100
|
|upkeep
|turn|7
|inactive|AnTree4 has 30 seconds left.
|inactive|AnTree4 has 20 seconds left.
|
|t:|1756208001
|switch|p1b: Corviknight|Corviknight, L50, F|100/100
|move|p2a: Sneasler|Coaching|p2b: Volcarona
|-boost|p2b: Volcarona|atk|1
|-boost|p2b: Volcarona|def|1
|move|p2b: Volcarona|Quiver Dance|p2b: Volcarona
|-boost|p2b: Volcarona|spa|1
|-boost|p2b: Volcarona|spd|1
|-boost|p2b: Volcarona|spe|1
|move|p1a: Houndstone|Last Respects|p2a: Sneasler
|-damage|p2a: Sneasler|0 fnt
|faint|p2a: Sneasler
|
|upkeep
|
|t:|1756208019
|switch|p2a: Rillaboom|Rillaboom, L50, M|27/100 brn
|-fieldstart|move: Grassy Terrain|[from] ability: Grassy Surge|[of] p2a: Rillaboom
|turn|8
|
|t:|1756208039
|switch|p1b: Incineroar|Incineroar, L50, F|54/100
|-ability|p1b: Incineroar|Intimidate|boost
|-unboost|p2a: Rillaboom|atk|1
|-unboost|p2b: Volcarona|atk|1
|move|p2a: Rillaboom|Fake Out|p1b: Incineroar
|-damage|p1b: Incineroar|51/100
|move|p2b: Volcarona|Heat Wave|p1b: Incineroar|[spread] p1a,p1b
|-resisted|p1b: Incineroar
|-damage|p1a: Houndstone|0 fnt
|-damage|p1b: Incineroar|26/100
|faint|p1a: Houndstone
|
|-heal|p2a: Rillaboom|33/100 brn|[from] Grassy Terrain
|-heal|p1b: Incineroar|32/100|[from] Grassy Terrain
|-damage|p2a: Rillaboom|27/100 brn|[from] brn
|upkeep
|
|t:|1756208056
|switch|p1a: Corviknight|Corviknight, L50, F|100/100
|turn|9
|inactive|RoadToWorlds44 has 30 seconds left.
|
|t:|1756208087
|switch|p2a: Electabuzz|Electabuzz, L50, F|45/100
|move|p2b: Volcarona|Protect|p2b: Volcarona
|-singleturn|p2b: Volcarona|Protect
|move|p1b: Incineroar|Fake Out|p2b: Volcarona
|-activate|p2b: Volcarona|move: Protect
|move|p1a: Corviknight|Bulk Up|p1a: Corviknight
|-boost|p1a: Corviknight|atk|1
|-boost|p1a: Corviknight|def|1
|
|-heal|p2a: Electabuzz|51/100|[from] Grassy Terrain
|-heal|p1b: Incineroar|38/100|[from] Grassy Terrain
|upkeep
|turn|10
|inactive|RoadToWorlds44 has 30 seconds left.
|inactive|RoadToWorlds44 has 20 seconds left.
|inactive|RoadToWorlds44 has 15 seconds left.
|
|t:|1756208131
|-terastallize|p2b: Volcarona|Fairy
|-terastallize|p1a: Corviknight|Water
|move|p2a: Electabuzz|Protect|p2a: Electabuzz
|-singleturn|p2a: Electabuzz|Protect
|move|p2b: Volcarona|Quiver Dance|p2b: Volcarona
|-boost|p2b: Volcarona|spa|1
|-boost|p2b: Volcarona|spd|1
|-boost|p2b: Volcarona|spe|1
|move|p1a: Corviknight|Bulk Up|p1a: Corviknight
|-boost|p1a: Corviknight|atk|1
|-boost|p1a: Corviknight|def|1
|move|p1b: Incineroar|Flare Blitz|p2a: Electabuzz
|-activate|p2a: Electabuzz|move: Protect
|
|-heal|p2a: Electabuzz|57/100|[from] Grassy Terrain
|-heal|p1b: Incineroar|44/100|[from] Grassy Terrain
|upkeep
|turn|11
|inactive|RoadToWorlds44 has 30 seconds left.
|inactive|RoadToWorlds44 has 20 seconds left.
|inactive|RoadToWorlds44 has 15 seconds left.
|
|t:|1756208172
|move|p2b: Volcarona|Tera Blast|p1b: Incineroar|[anim] Tera Blast Fairy
|-damage|p1b: Incineroar|0 fnt
|faint|p1b: Incineroar
|move|p2a: Electabuzz|Electroweb|p1a: Corviknight
|-supereffective|p1a: Corviknight
|-damage|p1a: Corviknight|76/100
|-ability|p1a: Corviknight|Mirror Armor
|-unboost|p2a: Electabuzz|spe|1
|move|p1a: Corviknight|Roost|p1a: Corviknight
|-heal|p1a: Corviknight|100/100
|
|-heal|p2a: Electabuzz|63/100|[from] Grassy Terrain
|upkeep
|
|t:|1756208179
|switch|p1b: Tyranitar|Tyranitar, L50, M|67/100
|-weather|Sandstorm|[from] ability: Sand Stream|[of] p1b: Tyranitar
|turn|12
|inactive|RoadToWorlds44 has 30 seconds left.
|
|t:|1756208209
|move|p2a: Electabuzz|Follow Me|p2a: Electabuzz
|-singleturn|p2a: Electabuzz|move: Follow Me
|move|p2b: Volcarona|Tera Blast|p1b: Tyranitar|[anim] Tera Blast Fairy
|-supereffective|p1b: Tyranitar
|-damage|p1b: Tyranitar|11/100
|move|p1b: Tyranitar|Rock Slide|p2b: Volcarona|[spread] p2a,p2b
|-damage|p2a: Electabuzz|33/100
|-damage|p2b: Volcarona|80/100
|move|p1a: Corviknight|Brave Bird|p2a: Electabuzz
|-resisted|p2a: Electabuzz
|-damage|p2a: Electabuzz|0 fnt
|faint|p2a: Electabuzz
|-damage|p1a: Corviknight|92/100|[from] Recoil
|
|-weather|Sandstorm|[upkeep]
|-damage|p2b: Volcarona|74/100|[from] Sandstorm
|-damage|p1a: Corviknight|86/100|[from] Sandstorm
|-heal|p2b: Volcarona|80/100|[from] Grassy Terrain
|-heal|p2b: Volcarona|86/100|[from] item: Leftovers
|-heal|p1b: Tyranitar|17/100|[from] Grassy Terrain
|-heal|p1a: Corviknight|92/100|[from] Grassy Terrain
|-fieldend|move: Grassy Terrain
|upkeep
|
|t:|1756208221
|switch|p2a: Rillaboom|Rillaboom, L50, M|27/100 brn
|-fieldstart|move: Grassy Terrain|[from] ability: Grassy Surge|[of] p2a: Rillaboom
|turn|13
|
|t:|1756208246
|move|p2b: Volcarona|Tera Blast|p1a: Corviknight|[anim] Tera Blast Fairy
|-damage|p1a: Corviknight|40/100
|move|p2a: Rillaboom|Wood Hammer|p1b: Tyranitar
|-supereffective|p1b: Tyranitar
|-damage|p1b: Tyranitar|0 fnt
|faint|p1b: Tyranitar
|-damage|p2a: Rillaboom|22/100 brn|[from] Recoil
|move|p1a: Corviknight|Brave Bird|p2b: Volcarona
|-damage|p2b: Volcarona|34/100
|-damage|p1a: Corviknight|24/100|[from] Recoil
|
|-weather|Sandstorm|[upkeep]
|-damage|p2b: Volcarona|28/100|[from] Sandstorm
|-damage|p2a: Rillaboom|16/100 brn|[from] Sandstorm
|-damage|p1a: Corviknight|19/100|[from] Sandstorm
|-heal|p2b: Volcarona|34/100|[from] Grassy Terrain
|-heal|p2b: Volcarona|41/100|[from] item: Leftovers
|-heal|p2a: Rillaboom|22/100 brn|[from] Grassy Terrain
|-heal|p1a: Corviknight|24/100|[from] Grassy Terrain
|-damage|p2a: Rillaboom|16/100 brn|[from] brn
|upkeep
|turn|14
|inactive|RoadToWorlds44 has 30 seconds left.
|
|t:|1756208261
|move|p2b: Volcarona|Tera Blast|p1a: Corviknight|[anim] Tera Blast Fairy
|-damage|p1a: Corviknight|0 fnt
|faint|p1a: Corviknight
|
|win|RoadToWorlds44
||AnTree4 is ready for game 2.
