|j|☆PR_sVava
|j|☆fsucia
|html|PR_sVavafsucia    
|uhtml|bestof|Game 2 of a best-of-3
|t:|1755617232
|gametype|doubles
|player|p1|PR_sVava|pokemonbreeder-gen4|1380
|player|p2|fsucia|169|1470
|gen|9
|tier|[Gen 9] VGC 2025 Reg H (Bo3)
|rated|
|rule|Species Clause: Limit one of each Pokémon
|rule|Item Clause: Limit 1 of each item
|clearpoke
|poke|p1|Dondozo, L50, F|
|poke|p1|Tatsugiri, L50, M|
|poke|p1|Indeedee, L50, M|
|poke|p1|Sneasler, L50, M|
|poke|p1|Ursaluna-Bloodmoon, L50, M|
|poke|p1|Talonflame, L50, M|
|poke|p2|Primarina, L50, M|
|poke|p2|Garchomp, L50, F|
|poke|p2|Gholdengo, L50|
|poke|p2|Talonflame, L50, F|
|poke|p2|Tyranitar, L50, M|
|poke|p2|Amoonguss, L50, F|
|teampreview|4
|showteam|p1|Dondozo||SafetyGoggles|Unaware|WaveCrash,Earthquake,OrderUp,Protect|||F|||50|,,,,,Steel]Tatsugiri||ChoiceScarf|Commander|MuddyWater,DracoMeteor,DragonPulse,IcyWind|||M|||50|,,,,,Ghost]Indeedee||FocusSash|PsychicSurge|ExpandingForce,Imprison,TrickRoom,HelpingHand|||M|||50|,,,,,Fairy]Sneasler||PsychicSeed|Unburden|CloseCombat,DireClaw,ThroatChop,Protect|||M|||50|,,,,,Dark]Ursaluna-Bloodmoon||LifeOrb|MindsEye|BloodMoon,HyperVoice,EarthPower,Protect|||M|||50|,,,,,Normal]Talonflame||CovertCloak|GaleWings|DualWingbeat,FlareBlitz,Tailwind,WillOWisp|||M|||50|,,,,,Fairy
|showteam|p2|Primarina||ThroatSpray|LiquidVoice|Haze,Moonblast,Protect,HyperVoice|||M|||50|,,,,,Steel]Garchomp||LifeOrb|SandVeil|Protect,Earthquake,StompingTantrum,DragonClaw|||F|||50|,,,,,Fire]Gholdengo||MetalCoat|GoodasGold|Protect,NastyPlot,ShadowBall,MakeItRain||||||50|,,,,,Flying]Talonflame||CovertCloak|GaleWings|BraveBird,Tailwind,WillOWisp,Taunt|||F|||50|,,,,,Flying]Tyranitar||AssaultVest|SandStream|KnockOff,TeraBlast,LowKick,RockSlide|||M|||50|,,,,,Flying]Amoonguss||SitrusBerry|Regenerator|RagePowder,Spore,PollenPuff,Protect|||F|||50|,,,,,Water
|inactive|Battle timer is ON: inactive players will automatically lose when time's up. (requested by PR_sVava)
|
|t:|1755617243
|teamsize|p1|4
|teamsize|p2|4
|start
|switch|p1a: Indeedee|Indeedee, L50, M|100/100
|switch|p1b: Sneasler|Sneasler, L50, M|100/100
|switch|p2a: Garchomp|Garchomp, L50, F|100/100
|switch|p2b: Talonflame|Talonflame, L50, F|100/100
|-fieldstart|move: Psychic Terrain|[from] ability: Psychic Surge|[of] p1a: Indeedee
|-enditem|p1b: Sneasler|Psychic Seed
|-boost|p1b: Sneasler|spd|1|[from] item: Psychic Seed
|turn|1
|
|t:|1755617253
|move|p1b: Sneasler|Protect|p1b: Sneasler
|-singleturn|p1b: Sneasler|Protect
|move|p2b: Talonflame|Tailwind|p2b: Talonflame
|-sidestart|p2: fsucia|move: Tailwind
|move|p2a: Garchomp|Earthquake|p1a: Indeedee|[spread] p1a
|-activate|p1b: Sneasler|move: Protect
|-immune|p2b: Talonflame
|-enditem|p1a: Indeedee|Focus Sash
|-damage|p1a: Indeedee|1/100
|-damage|p2a: Garchomp|91/100|[from] item: Life Orb
|move|p1a: Indeedee|Expanding Force|p2a: Garchomp|[spread] p2a,p2b
|-damage|p2a: Garchomp|31/100
|-damage|p2b: Talonflame|20/100
|
|upkeep
|turn|2
|
|t:|1755617268
|switch|p1b: Tatsugiri|Tatsugiri, L50, M|100/100
|switch|p1a: Dondozo|Dondozo, L50, F|100/100
|-activate|p1b: Tatsugiri|ability: Commander|[of] p1a: Dondozo
|-boost|p1a: Dondozo|atk|2
|-boost|p1a: Dondozo|spa|2
|-boost|p1a: Dondozo|spe|2
|-boost|p1a: Dondozo|def|2
|-boost|p1a: Dondozo|spd|2
|move|p2a: Garchomp|Protect|p2a: Garchomp
|-singleturn|p2a: Garchomp|Protect
|move|p2b: Talonflame|Brave Bird|p1b: Tatsugiri|[miss]
|-miss|p2b: Talonflame|p1b: Tatsugiri
|
|upkeep
|turn|3
|
|t:|1755617275
|switch|p2a: Primarina|Primarina, L50, M|100/100
|move|p2b: Talonflame|Will-O-Wisp|p1a: Dondozo
|-status|p1a: Dondozo|brn
|move|p1a: Dondozo|Order Up|p2b: Talonflame
|-damage|p2b: Talonflame|0 fnt
|faint|p2b: Talonflame
|-boost|p1a: Dondozo|atk|1
|
|-damage|p1a: Dondozo|94/100 brn|[from] brn
|upkeep
|
|t:|1755617284
|switch|p2b: Garchomp|Garchomp, L50, F|31/100
|turn|4
|
|t:|1755617288
|move|p2b: Garchomp|Protect|p2b: Garchomp
|-singleturn|p2b: Garchomp|Protect
|move|p2a: Primarina|Haze|p2a: Primarina
|-clearallboost
|move|p1a: Dondozo|Wave Crash|p2b: Garchomp
|-activate|p2b: Garchomp|move: Protect
|
|-damage|p1a: Dondozo|88/100 brn|[from] brn
|-sideend|p2: fsucia|move: Tailwind
|upkeep
|turn|5
|
|t:|1755617298
|move|p2b: Garchomp|Stomping Tantrum|p1a: Dondozo
|-damage|p1a: Dondozo|54/100 brn
|-damage|p2b: Garchomp|21/100|[from] item: Life Orb
|move|p2a: Primarina|Moonblast|p1a: Dondozo
|-damage|p1a: Dondozo|0 fnt
|faint|p1a: Dondozo
|
|-fieldend|move: Psychic Terrain
|upkeep
|
|t:|1755617310
|switch|p1a: Indeedee|Indeedee, L50, M|1/100
|-fieldstart|move: Psychic Terrain|[from] ability: Psychic Surge|[of] p1a: Indeedee
|turn|6
|
|t:|1755617329
|-terastallize|p1b: Tatsugiri|Ghost
|-terastallize|p2a: Primarina|Steel
|move|p2b: Garchomp|Protect|p2b: Garchomp
|-singleturn|p2b: Garchomp|Protect
|move|p1b: Tatsugiri|Muddy Water|p2a: Primarina|[spread] p2a
|-activate|p2b: Garchomp|move: Protect
|-damage|p2a: Primarina|69/100
|move|p1a: Indeedee|Expanding Force|p2a: Primarina|[spread] p2a
|-activate|p2b: Garchomp|move: Protect
|-resisted|p2a: Primarina
|-damage|p2a: Primarina|46/100
|move|p2a: Primarina|Moonblast|p1b: Tatsugiri
|-damage|p1b: Tatsugiri|37/100
|
|upkeep
|turn|7
|
|t:|1755617349
|move|p1b: Tatsugiri|Muddy Water|p2a: Primarina|[spread] p2a
|-miss|p1b: Tatsugiri|p2b: Garchomp
|-damage|p2a: Primarina|19/100
|move|p2b: Garchomp|Earthquake|p1a: Indeedee|[spread] p2a,p1a,p1b
|-supereffective|p2a: Primarina
|-damage|p2a: Primarina|0 fnt
|-damage|p1a: Indeedee|0 fnt
|-damage|p1b: Tatsugiri|0 fnt
|faint|p2a: Primarina
|faint|p1a: Indeedee
|faint|p1b: Tatsugiri
|-damage|p2b: Garchomp|11/100|[from] item: Life Orb
|
|upkeep
|
|t:|1755617356
|switch|p1b: Sneasler|Sneasler, L50, M|100/100
|switch|p2a: Tyranitar|Tyranitar, L50, M|100/100
|-weather|Sandstorm|[from] ability: Sand Stream|[of] p2a: Tyranitar
|turn|8
|
|t:|1755617368
|move|p2b: Garchomp|Protect|p2b: Garchomp
|-singleturn|p2b: Garchomp|Protect
|move|p1b: Sneasler|Dire Claw|p2b: Garchomp
|-activate|p2b: Garchomp|move: Protect
|move|p2a: Tyranitar|Rock Slide|p1b: Sneasler
|-resisted|p1b: Sneasler
|-damage|p1b: Sneasler|69/100
|
|-weather|Sandstorm|[upkeep]
|-damage|p1b: Sneasler|63/100|[from] Sandstorm
|upkeep
|turn|9
|
|t:|1755617384
|move|p1b: Sneasler|Dire Claw|p2b: Garchomp
|-resisted|p2b: Garchomp
|-damage|p2b: Garchomp|0 fnt
|faint|p2b: Garchomp
|move|p2a: Tyranitar|Rock Slide|p1b: Sneasler|[miss]
|-miss|p2a: Tyranitar|p1b: Sneasler
|
|-weather|Sandstorm|[upkeep]
|-damage|p1b: Sneasler|57/100|[from] Sandstorm
|upkeep
|turn|10
|-message|fsucia forfeited.
|
|win|PR_sVava
|raw|PR_sVava's rating: 1380 → 1405(+25 for winning)
|raw|fsucia's rating: 1470 → 1445(-25 for losing)
