|j|☆C.blaze
|j|☆magicalarcher57
|html|C.blazemagicalarcher57    
|uhtml|bestof|Game 1 of a best-of-3
|t:|1784557526
|gametype|doubles
|player|p1|C.blaze|265|1236
|player|p2|magicalarcher57|diantha|1304
|gen|9
|tier|[Gen 9 Champions] VGC 2026 Reg M-B (Bo3)
|rated|
|rule|Species Clause: Limit one of each Pokémon
|rule|Item Clause: Limit 1 of each item
|clearpoke
|poke|p1|Malamar, L50, F|
|poke|p1|Garchomp, L50, F|
|poke|p1|Charizard, L50, M|
|poke|p1|Incineroar, L50, M|
|poke|p1|Primarina, L50, M|
|poke|p1|Glimmora, L50, M|
|poke|p2|Delphox, L50, M|
|poke|p2|Sneasler, L50, F|
|poke|p2|Garchomp, L50, F|
|poke|p2|Maushold, L50|
|poke|p2|Kingambit, L50, M|
|poke|p2|Whimsicott, L50, M|
|teampreview|4
|showteam|p1|Malamar||Malamarite|Contrary|Superpower,KnockOff,Protect,TrickRoom|Adamant||F|||50|]Garchomp||LifeOrb|SandVeil|StompingTantrum,DragonClaw,Protect,RockSlide|Jolly||F|||50|]Charizard||CharizarditeY|Blaze|HeatWave,WeatherBall,Protect,SolarBeam|Timid||M|||50|]Incineroar||ChopleBerry|Intimidate|FlareBlitz,ThroatChop,PartingShot,FakeOut|Brave||M|||50|]Primarina||Leftovers|LiquidVoice|HyperVoice,Moonblast,Protect,Haze|Modest||M|||50|]Glimmora||FocusSash|ToxicDebris|SludgeBomb,PowerGem,SpikyShield,EarthPower|Timid||M|||50|
|showteam|p2|Delphox||Delphoxite|Blaze|HeatWave,Psyshock,NastyPlot,Protect|Timid||M|||50|]Sneasler||WhiteHerb|Unburden|FakeOut,DireClaw,CloseCombat,Protect|Adamant||F|||50|]Garchomp||LifeOrb|RoughSkin|Earthquake,DragonClaw,StompingTantrum,Protect|Jolly||F|||50|]Maushold||ChopleBerry|FriendGuard|FollowMe,Taunt,Feint,Protect|Jolly|||||50|]Kingambit||BlackGlasses|Defiant|IronHead,KowtowCleave,SuckerPunch,Protect|Adamant||M|||50|]Whimsicott||FocusSash|Prankster|Tailwind,Moonblast,Encore,Protect|Timid||M|||50|
|inactive|Battle timer is ON: inactive players will automatically lose when time's up. (requested by magicalarcher57)
|
|t:|1784557556
|teamsize|p1|4
|teamsize|p2|4
|start
|switch|p1a: Incineroar|Incineroar, L50, M|100/100
|switch|p1b: Malamar|Malamar, L50, F|100/100
|switch|p2a: Sneasler|Sneasler, L50, F|100/100
|switch|p2b: Delphox|Delphox, L50, M|100/100
|-ability|p1a: Incineroar|Intimidate|boost
|-unboost|p2a: Sneasler|atk|1
|-unboost|p2b: Delphox|atk|1
|-enditem|p2a: Sneasler|White Herb
|-clearnegativeboost|p2a: Sneasler|[silent]
|turn|1
|inactive|C.blaze has 30 seconds left.
|
|t:|1784557581
|detailschange|p2b: Delphox|Delphox-Mega, L50, M
|-mega|p2b: Delphox|Delphox|Delphoxite
|detailschange|p1b: Malamar|Malamar-Mega, L50, F
|-mega|p1b: Malamar|Malamar|Malamarite
|move|p2a: Sneasler|Fake Out|p1b: Malamar
|-damage|p1b: Malamar|82/100
|move|p1a: Incineroar|Fake Out|p2b: Delphox
|-damage|p2b: Delphox|79/100
|cant|p2b: Delphox|flinch
|cant|p1b: Malamar|flinch
|
|upkeep
|turn|2
|
|t:|1784557601
|move|p1b: Malamar|Protect|p1b: Malamar
|-singleturn|p1b: Malamar|Protect
|move|p2a: Sneasler|Close Combat|p1b: Malamar
|-activate|p1b: Malamar|move: Protect
|move|p2b: Delphox|Heat Wave|p1b: Malamar|[spread] p1a
|-activate|p1b: Malamar|move: Protect
|-resisted|p1a: Incineroar|1
|-damage|p1a: Incineroar|80/100
|move|p1a: Incineroar|Parting Shot|p2b: Delphox
|-unboost|p2b: Delphox|atk|1
|-unboost|p2b: Delphox|spa|1
|
|t:|1784557619
|switch|p1a: Primarina|Primarina, L50, M|100/100|[from] Parting Shot
|
|upkeep
|turn|3
|inactive|magicalarcher57 has 30 seconds left.
|
|t:|1784557647
|switch|p1a: Incineroar|Incineroar, L50, M|80/100
|-ability|p1a: Incineroar|Intimidate|boost
|-unboost|p2a: Sneasler|atk|1
|-unboost|p2b: Delphox|atk|1
|move|p2a: Sneasler|Close Combat|p1b: Malamar
|-crit|p1b: Malamar
|-damage|p1b: Malamar|0 fnt
|-unboost|p2a: Sneasler|def|1
|-unboost|p2a: Sneasler|spd|1
|faint|p1b: Malamar
|move|p2b: Delphox|Heat Wave|p1a: Incineroar
|-resisted|p1a: Incineroar|1
|-damage|p1a: Incineroar|63/100
|
|upkeep
|
|t:|1784557655
|switch|p1b: Primarina|Primarina, L50, M|100/100
|turn|4
|
|t:|1784557664
|switch|p2a: Garchomp|Garchomp, L50, F|100/100
|switch|p2b: Maushold|Maushold, L50|100/100
|move|p1b: Primarina|Hyper Voice|p2a: Garchomp|[spread] p2a,p2b
|-crit|p2b: Maushold
|-damage|p2a: Garchomp|68/100
|-damage|p2b: Maushold|24/100
|move|p1a: Incineroar|Flare Blitz|p2b: Maushold
|-damage|p2b: Maushold|0 fnt
|faint|p2b: Maushold
|-damage|p1a: Incineroar|56/100|[from] Recoil
|
|upkeep
|inactive|magicalarcher57 has 30 seconds left.
|
|t:|1784557692
|switch|p2b: Sneasler|Sneasler, L50, F|100/100
|turn|5
|
|t:|1784557703
|move|p2b: Sneasler|Protect|p2b: Sneasler
|-singleturn|p2b: Sneasler|Protect
|move|p1b: Primarina|Protect|p1b: Primarina
|-singleturn|p1b: Primarina|Protect
|move|p2a: Garchomp|Earthquake|p1a: Incineroar|[spread] p1a
|-activate|p2b: Sneasler|move: Protect
|-activate|p1b: Primarina|move: Protect
|-supereffective|p1a: Incineroar|1
|-damage|p1a: Incineroar|0 fnt
|faint|p1a: Incineroar
|-damage|p2a: Garchomp|58/100|[from] item: Life Orb
|
|upkeep
|
|t:|1784557705
|switch|p1a: Glimmora|Glimmora, L50, M|100/100
|turn|6
|
|t:|1784557720
|move|p2b: Sneasler|Dire Claw|p1b: Primarina
|-supereffective|p1b: Primarina|1
|-damage|p1b: Primarina|0 fnt
|faint|p1b: Primarina
|move|p2a: Garchomp|Stomping Tantrum|p1a: Glimmora
|-supereffective|p1a: Glimmora|2
|-enditem|p1a: Glimmora|Focus Sash
|-damage|p1a: Glimmora|1/100
|-activate|p1a: Glimmora|ability: Toxic Debris
|-sidestart|p2: magicalarcher57|move: Toxic Spikes
|-damage|p2a: Garchomp|49/100|[from] item: Life Orb
|move|p1a: Glimmora|Earth Power|p2b: Sneasler
|-supereffective|p2b: Sneasler|1
|-damage|p2b: Sneasler|12/100
|-unboost|p2b: Sneasler|spd|1
|
|upkeep
|turn|7
|
|t:|1784557738
|move|p2b: Sneasler|Dire Claw|p1a: Glimmora
|-resisted|p1a: Glimmora|2
|-damage|p1a: Glimmora|0 fnt
|-activate|p1a: Glimmora|ability: Toxic Debris
|-sidestart|p2: magicalarcher57|move: Toxic Spikes
|faint|p1a: Glimmora
|
|win|magicalarcher57
