|j|☆hehbeue
|j|☆new mental
|html|hehbeuenew mental    
|uhtml|bestof|Game 1 of a best-of-3
|t:|1783246454
|gametype|doubles
|player|p1|hehbeue|169|1012
|player|p2|new mental|volkner|1114
|gen|9
|tier|[Gen 9 Champions] VGC 2026 Reg M-B (Bo3)
|rated|
|rule|Species Clause: Limit one of each Pokémon
|rule|Item Clause: Limit 1 of each item
|clearpoke
|poke|p1|Tyranitar, L50, F|
|poke|p1|Garchomp, L50, F|
|poke|p1|Sableye, L50, M|
|poke|p1|Arcanine-Hisui, L50, M|
|poke|p1|Glimmora, L50, F|
|poke|p1|Aerodactyl, L50, M|
|poke|p2|Aerodactyl, L50, M|
|poke|p2|Garchomp, L50, F|
|poke|p2|Kingambit, L50, M|
|poke|p2|Charizard, L50, F|
|poke|p2|Sylveon, L50, M|
|poke|p2|Farigiraf, L50, M|
|teampreview|4
|showteam|p1|Tyranitar||Tyranitarite|SandStream|DragonDance,KnockOff,RockSlide,Protect|Adamant||F|||50|]Garchomp||LifeOrb|SandVeil|Bulldoze,DragonClaw,SwordsDance,Protect|Jolly||F|||50|]Sableye||LightClay|Prankster|Detect,Reflect,FakeOut,LightScreen|Bold||M|||50|]Arcanine-Hisui||ChoiceScarf|Intimidate|ExtremeSpeed,FlareBlitz,RockSlide,Protect|Jolly||M|||50|]Glimmora||FocusSash|ToxicDebris|SludgeBomb,EarthPower,PowerGem,Protect|Timid||F|||50|]Aerodactyl||Aerodactylite|Pressure|IronHead,RockSlide,Tailwind,Protect|Jolly||M|||50|
|showteam|p2|Aerodactyl||Aerodactylite|Unnerve|IceFang,RockSlide,Tailwind,DualWingbeat|Jolly||M|||50|]Garchomp||LifeOrb|RoughSkin|DragonClaw,StompingTantrum,Earthquake,Protect|Jolly||F|||50|]Kingambit||FocusSash|Defiant|SuckerPunch,KowtowCleave,IronHead,LowKick|Adamant||M|||50|]Charizard||CharizarditeY|SolarPower|Protect,HeatWave,SolarBeam,WeatherBall|Timid||F|||50|]Sylveon||FairyFeather|Pixilate|Protect,HyperVoice,HyperBeam,QuickAttack|Modest||M|||50|]Farigiraf||SitrusBerry|ArmorTail|TrickRoom,Thunderbolt,Psychic,Roar|Bold||M|||50|
|
|t:|1783246476
|teamsize|p1|4
|teamsize|p2|4
|start
|switch|p1a: Sableye|Sableye, L50, M|100/100
|switch|p1b: Aerodactyl|Aerodactyl, L50, M|100/100
|switch|p2a: Garchomp|Garchomp, L50, F|100/100
|switch|p2b: Aerodactyl|Aerodactyl, L50, M|100/100
|-ability|p2b: Aerodactyl|Unnerve
|-ability|p1b: Aerodactyl|Pressure
|turn|1
|inactive|Battle timer is ON: inactive players will automatically lose when time's up. (requested by new mental)
|
|t:|1783246501
|detailschange|p2b: Aerodactyl|Aerodactyl-Mega, L50, M
|-mega|p2b: Aerodactyl|Aerodactyl|Aerodactylite
|move|p1a: Sableye|Fake Out|p2b: Aerodactyl
|-resisted|p2b: Aerodactyl|1
|-damage|p2b: Aerodactyl|96/100
|cant|p2b: Aerodactyl|flinch
|move|p1b: Aerodactyl|Tailwind|p1b: Aerodactyl
|-sidestart|p1: hehbeue|move: Tailwind
|move|p2a: Garchomp|Earthquake|p1b: Aerodactyl|[spread] p1a
|-immune|p2b: Aerodactyl
|-immune|p1b: Aerodactyl
|-damage|p1a: Sableye|47/100
|-damage|p2a: Garchomp|90/100|[from] item: Life Orb
|
|upkeep
|turn|2
|
|t:|1783246525
|move|p1b: Aerodactyl|Protect|p1b: Aerodactyl
|-singleturn|p1b: Aerodactyl|Protect
|move|p1a: Sableye|Reflect|p1a: Sableye
|-sidestart|p1: hehbeue|Reflect
|move|p2b: Aerodactyl|Tailwind|p2b: Aerodactyl
|-sidestart|p2: new mental|move: Tailwind
|move|p2a: Garchomp|Dragon Claw|p1b: Aerodactyl
|-activate|p1b: Aerodactyl|move: Protect
|
|upkeep
|turn|3
|inactive|hehbeue has 30 seconds left.
|inactive|hehbeue has 20 seconds left.
|inactive|hehbeue has 15 seconds left.
|inactive|hehbeue has 10 seconds left.
|
|t:|1783246572
|move|p1a: Sableye|Detect|p1a: Sableye
|-singleturn|p1a: Sableye|Protect
|move|p2b: Aerodactyl|Dual Wingbeat|p1a: Sableye
|-activate|p1a: Sableye|move: Protect
|move|p1b: Aerodactyl|Rock Slide|p2a: Garchomp|[spread] p2a,p2b
|-resisted|p2a: Garchomp|1
|-supereffective|p2b: Aerodactyl|1
|-damage|p2a: Garchomp|78/100
|-damage|p2b: Aerodactyl|40/100
|cant|p2a: Garchomp|flinch
|
|upkeep
|turn|4
|
|t:|1783246591
|move|p1a: Sableye|Light Screen|p1a: Sableye
|-sidestart|p1: hehbeue|move: Light Screen
|move|p2b: Aerodactyl|Rock Slide|p1a: Sableye|[spread] p1a,p1b
|-supereffective|p1b: Aerodactyl|1
|-damage|p1a: Sableye|31/100
|-damage|p1b: Aerodactyl|45/100
|cant|p1b: Aerodactyl|flinch
|move|p2a: Garchomp|Dragon Claw|p1a: Sableye
|-damage|p1a: Sableye|0 fnt
|faint|p1a: Sableye
|-damage|p2a: Garchomp|69/100|[from] item: Life Orb
|
|-sideend|p1: hehbeue|move: Tailwind
|upkeep
|
|t:|1783246606
|switch|p1a: Tyranitar|Tyranitar, L50, F|100/100
|-weather|Sandstorm|[from] ability: Sand Stream|[of] p1a: Tyranitar
|turn|5
|
|t:|1783246619
|detailschange|p1a: Tyranitar|Tyranitar-Mega, L50, F
|-mega|p1a: Tyranitar|Tyranitar|Tyranitarite
|move|p2b: Aerodactyl|Rock Slide|p1b: Aerodactyl|[spread] p1a,p1b
|-supereffective|p1b: Aerodactyl|1
|-damage|p1a: Tyranitar|87/100
|-damage|p1b: Aerodactyl|0 fnt
|faint|p1b: Aerodactyl
|move|p2a: Garchomp|Earthquake|p1a: Tyranitar|[spread] p1a
|-immune|p2b: Aerodactyl
|-supereffective|p1a: Tyranitar|1
|-damage|p1a: Tyranitar|42/100
|-damage|p2a: Garchomp|59/100|[from] item: Life Orb
|move|p1a: Tyranitar|Dragon Dance|p1a: Tyranitar
|-boost|p1a: Tyranitar|atk|1
|-boost|p1a: Tyranitar|spe|1
|
|-weather|Sandstorm|[upkeep]
|-sideend|p2: new mental|move: Tailwind
|upkeep
|
|t:|1783246636
|switch|p1b: Glimmora|Glimmora, L50, F|100/100
|turn|6
|
|t:|1783246648
|move|p2b: Aerodactyl|Tailwind|p2b: Aerodactyl
|-sidestart|p2: new mental|move: Tailwind
|move|p2a: Garchomp|Earthquake|p1a: Tyranitar|[spread] p1a,p1b
|-immune|p2b: Aerodactyl
|-supereffective|p1a: Tyranitar|1
|-supereffective|p1b: Glimmora|2
|-damage|p1a: Tyranitar|0 fnt
|-enditem|p1b: Glimmora|Focus Sash
|-damage|p1b: Glimmora|1/100
|-activate|p1b: Glimmora|ability: Toxic Debris
|-sidestart|p2: new mental|move: Toxic Spikes
|faint|p1a: Tyranitar
|-damage|p2a: Garchomp|50/100g|[from] item: Life Orb
|move|p1b: Glimmora|Power Gem|p2b: Aerodactyl
|-supereffective|p2b: Aerodactyl|1
|-damage|p2b: Aerodactyl|0 fnt
|faint|p2b: Aerodactyl
|
|-weather|Sandstorm|[upkeep]
|upkeep
|
|t:|1783246653
|switch|p2b: Kingambit|Kingambit, L50, M|100/100
|turn|7
|
|t:|1783246670
|move|p2b: Kingambit|Sucker Punch|p1b: Glimmora
|-damage|p1b: Glimmora|0 fnt
|-activate|p1b: Glimmora|ability: Toxic Debris
|-sidestart|p2: new mental|move: Toxic Spikes
|faint|p1b: Glimmora
|
|win|new mental
||new mental is ready for game 2.
|l|☆hehbeue
|player|p1|
|inactive|hehbeue has 30 seconds to confirm battle start!
