|j|☆Scheetzy02
|j|☆toobadforalt
|html|Scheetzy02toobadforalt    
|uhtml|bestof|Game 2 of a best-of-3
|t:|1757806751
|gametype|doubles
|player|p1|Scheetzy02|266|1102
|player|p2|toobadforalt|102|1255
|gen|9
|tier|[Gen 9] VGC 2025 Reg H (Bo3)
|rated|
|rule|Species Clause: Limit one of each Pokémon
|rule|Item Clause: Limit 1 of each item
|clearpoke
|poke|p1|Weezing-Galar, L50, F|
|poke|p1|Toedscruel, L50, F|
|poke|p1|Dondozo, L50, M|
|poke|p1|Tatsugiri, L50, F|
|poke|p1|Dragonite, L50, M|
|poke|p1|Typhlosion-Hisui, L50, F|
|poke|p2|Dragapult, L50, F|
|poke|p2|Magmar, L50, F|
|poke|p2|Rillaboom, L50, F|
|poke|p2|Kingambit, L50, F|
|poke|p2|Sneasler, L50, M|
|poke|p2|Milotic, L50, F|
|teampreview|4
|showteam|p1|Weezing-Galar||ChoiceSpecs|NeutralizingGas|DazzlingGleam,StrangeSteam,SludgeBomb,Flamethrower|||F|||50|,,,,,Fire]Toedscruel||CovertCloak|MyceliumMight|Spore,RagePowder,AcidSpray,EarthPower|||F|||50|,,,,,Water]Dondozo||Leftovers|Oblivious|WaveCrash,OrderUp,Earthquake,Protect|||M|||50|,,,,,Grass]Tatsugiri||FocusSash|Commander|DracoMeteor,HydroPump,Surf,Protect|||F|||50|,,,,,Stellar]Dragonite||ChoiceBand|InnerFocus|Outrage,TeraBlast,ExtremeSpeed,DragonClaw|||M|||50|,,,,,Flying]Typhlosion-Hisui||ChoiceScarf|Blaze|Eruption,ShadowBall,HeatWave,Overheat|||F|||50|,,,,,Fire
|showteam|p2|Dragapult||ChoiceBand|ClearBody|DragonDarts,Uturn,PhantomForce,TeraBlast|||F|||50|,,,,,Ghost]Magmar||Eviolite|VitalSpirit|FollowMe,Overheat,Taunt,WillOWisp|||F|||50|,,,,,Ghost]Rillaboom||AssaultVest|GrassySurge|FakeOut,WoodHammer,GrassyGlide,HighHorsepower|||F|||50|,,,,,Fire]Kingambit||SafetyGoggles|Defiant|SwordsDance,KowtowCleave,SuckerPunch,Protect|||F|||50|,,,,,Flying]Sneasler||FocusSash|Unburden|FakeOut,DireClaw,CloseCombat,Protect|||M|||50|,,,,,Stellar]Milotic||Leftovers|Competitive|Scald,IcyWind,Haze,Protect|||F|||50|,,,,,Grass
|
|t:|1757806774
|teamsize|p1|4
|teamsize|p2|4
|start
|switch|p1a: Weezing|Weezing-Galar, L50, F|100/100
|switch|p1b: Toedscruel|Toedscruel, L50, F|100/100
|switch|p2a: Kingambit|Kingambit, L50, F|100/100
|switch|p2b: Sneasler|Sneasler, L50, M|100/100
|-ability|p1a: Weezing|Neutralizing Gas
|turn|1
|
|t:|1757806803
|switch|p2b: Rillaboom|Rillaboom, L50, F|100/100
|-terastallize|p2a: Kingambit|Flying
|move|p1b: Toedscruel|Spore|p2b: Rillaboom
|-immune|p2b: Rillaboom
|move|p1a: Weezing|Flamethrower|p2a: Kingambit
|-damage|p2a: Kingambit|66/100
|move|p2a: Kingambit|Swords Dance|p2a: Kingambit
|-boost|p2a: Kingambit|atk|2
|
|upkeep
|turn|2
|
|t:|1757806825
|move|p2b: Rillaboom|Fake Out|p1a: Weezing
|-damage|p1a: Weezing|88/100
|move|p1b: Toedscruel|Acid Spray|p2a: Kingambit
|-damage|p2a: Kingambit|58/100
|-unboost|p2a: Kingambit|spd|2
|cant|p1a: Weezing|flinch
|move|p2a: Kingambit|Kowtow Cleave|p1a: Weezing
|-resisted|p1a: Weezing
|-damage|p1a: Weezing|44/100
|
|upkeep
|turn|3
|
|t:|1757806870
|switch|p2a: Milotic|Milotic, L50, F|100/100
|move|p1b: Toedscruel|Acid Spray|p2b: Rillaboom
|-supereffective|p2b: Rillaboom
|-damage|p2b: Rillaboom|88/100
|-unboost|p2b: Rillaboom|spd|2
|move|p2b: Rillaboom|High Horsepower|p1a: Weezing
|-supereffective|p1a: Weezing
|-damage|p1a: Weezing|0 fnt
|faint|p1a: Weezing
|-end|p1a: Weezing|ability: Neutralizing Gas
|-fieldstart|move: Grassy Terrain|[from] ability: Grassy Surge|[of] p2b: Rillaboom
|
|-heal|p2b: Rillaboom|94/100|[from] Grassy Terrain
|upkeep
|
|t:|1757806888
|switch|p1a: Dragonite|Dragonite, L50, M|100/100
|turn|4
|
|t:|1757806901
|-terastallize|p1a: Dragonite|Flying
|move|p1a: Dragonite|Tera Blast|p2b: Rillaboom|[anim] Tera Blast Flying
|-supereffective|p2b: Rillaboom
|-damage|p2b: Rillaboom|0 fnt
|faint|p2b: Rillaboom
|move|p2a: Milotic|Icy Wind|p1b: Toedscruel|[spread] p1a,p1b
|-supereffective|p1a: Dragonite
|-supereffective|p1b: Toedscruel
|-damage|p1a: Dragonite|77/100
|-damage|p1b: Toedscruel|62/100
|-unboost|p1a: Dragonite|spe|1
|move|p1b: Toedscruel|Spore|p2a: Milotic
|-status|p2a: Milotic|slp|[from] move: Spore
|
|-heal|p1b: Toedscruel|68/100|[from] Grassy Terrain
|upkeep
|
|t:|1757806911
|switch|p2b: Sneasler|Sneasler, L50, M|100/100
|turn|5
|
|t:|1757806926
|move|p2b: Sneasler|Close Combat|p1b: Toedscruel
|-damage|p1b: Toedscruel|0 fnt
|-unboost|p2b: Sneasler|def|1
|-unboost|p2b: Sneasler|spd|1
|faint|p1b: Toedscruel
|cant|p2a: Milotic|slp
|move|p1a: Dragonite|Tera Blast|p2b: Sneasler|[anim] Tera Blast Flying
|-supereffective|p2b: Sneasler
|-enditem|p2b: Sneasler|Focus Sash
|-damage|p2b: Sneasler|1/100
|
|-heal|p2b: Sneasler|7/100|[from] Grassy Terrain
|upkeep
|
|t:|1757806940
|switch|p1b: Typhlosion|Typhlosion-Hisui, L50, F|100/100
|turn|6
|
|t:|1757806953
|move|p2b: Sneasler|Protect|p2b: Sneasler
|-singleturn|p2b: Sneasler|Protect
|move|p1b: Typhlosion|Shadow Ball|p2b: Sneasler
|-activate|p2b: Sneasler|move: Protect
|-curestatus|p2a: Milotic|slp|[msg]
|move|p2a: Milotic|Icy Wind|p1b: Typhlosion|[spread] p1a,p1b
|-supereffective|p1a: Dragonite
|-resisted|p1b: Typhlosion
|-damage|p1a: Dragonite|54/100
|-damage|p1b: Typhlosion|94/100
|-unboost|p1a: Dragonite|spe|1
|-unboost|p1b: Typhlosion|spe|1
|move|p1a: Dragonite|Tera Blast|p2b: Sneasler|[anim] Tera Blast Flying
|-activate|p2b: Sneasler|move: Protect
|
|-heal|p2b: Sneasler|13/100|[from] Grassy Terrain
|-heal|p1b: Typhlosion|99/100|[from] Grassy Terrain
|upkeep
|turn|7
|
|t:|1757806981
|move|p2b: Sneasler|Dire Claw|p1b: Typhlosion
|-resisted|p1b: Typhlosion
|-damage|p1b: Typhlosion|72/100
|-status|p1b: Typhlosion|slp
|cant|p1b: Typhlosion|slp
|move|p2a: Milotic|Scald|p1a: Dragonite
|-damage|p1a: Dragonite|21/100
|move|p1a: Dragonite|Tera Blast|p2b: Sneasler|[anim] Tera Blast Flying
|-supereffective|p2b: Sneasler
|-damage|p2b: Sneasler|0 fnt
|faint|p2b: Sneasler
|
|-heal|p1b: Typhlosion|78/100 slp|[from] Grassy Terrain
|-fieldend|move: Grassy Terrain
|upkeep
|
|t:|1757806994
|switch|p2b: Kingambit|Kingambit, L50, F, tera:Flying|58/100
|turn|8
|
|t:|1757807003
|move|p2b: Kingambit|Sucker Punch|p1b: Typhlosion
|-supereffective|p1b: Typhlosion
|-damage|p1b: Typhlosion|0 fnt
|faint|p1b: Typhlosion
|move|p2a: Milotic|Icy Wind|p1a: Dragonite
|-supereffective|p1a: Dragonite
|-damage|p1a: Dragonite|0 fnt
|faint|p1a: Dragonite
|
|win|toobadforalt
|raw|Scheetzy02's rating: 1102 → 1087(-15 for losing)
|raw|toobadforalt's rating: 1255 → 1270(+15 for winning)
|l|☆Scheetzy02
|player|p1|
