|j|☆guga2
|j|☆NoMoreRegH
|html|guga2NoMoreRegH    
|uhtml|bestof|Game 3 of a best-of-3
|t:|1754494544
|gametype|doubles
|player|p1|guga2|2|1288
|player|p2|NoMoreRegH|scientist-gen4dp|1261
|gen|9
|tier|[Gen 9] VGC 2025 Reg H (Bo3)
|rated|
|rule|Species Clause: Limit one of each Pokémon
|rule|Item Clause: Limit 1 of each item
|clearpoke
|poke|p1|Baxcalibur, L50, F|
|poke|p1|Kingambit, L50, M|
|poke|p1|Volcarona, L50, M|
|poke|p1|Dondozo, L50, M|
|poke|p1|Sneasler, L50, F|
|poke|p1|Rillaboom, L50, M|
|poke|p2|Archaludon, L50, M|
|poke|p2|Talonflame, L50, M|
|poke|p2|Ursaluna, L50, M|
|poke|p2|Pelipper, L50, M|
|poke|p2|Basculegion, L50, M|
|poke|p2|Annihilape, L50, M|
|teampreview|4
|showteam|p1|Baxcalibur||LoadedDice|ThermalExchange|Protect,IcicleSpear,ScaleShot,IceShard|||F|||50|,,,,,Ghost]Kingambit||SafetyGoggles|Defiant|Protect,KowtowCleave,SuckerPunch,SwordsDance|||M|||50|,,,,,Ghost]Volcarona||CovertCloak|FlameBody|HeatWave,TeraBlast,QuiverDance,RagePowder|||M|||50|,,,,,Fairy]Dondozo||Leftovers|Unaware|Protect,Liquidation,Yawn,Fissure|||M|||50|,,,,,Poison]Sneasler||FocusSash|Unburden|Protect,CloseCombat,DireClaw,Coaching|||F|||50|,,,,,Stellar]Rillaboom||AssaultVest|GrassySurge|WoodHammer,GrassyGlide,FakeOut,HighHorsepower|||M|||50|,,,,,Water
|showteam|p2|Archaludon||AssaultVest|Stamina|ElectroShot,DracoMeteor,BodyPress,Snarl|||M|||50|,,,,,Bug]Talonflame||CovertCloak|GaleWings|DualWingbeat,Taunt,RainDance,Tailwind|||M|||50|,,,,,Grass]Ursaluna||FlameOrb|Guts|Facade,Earthquake,HeadlongRush,Protect|||M|||50|,,,,,Fairy]Pelipper||FocusSash|Drizzle|WeatherBall,Hurricane,HelpingHand,Protect|||M|||50|,,,,,Stellar]Basculegion||ChoiceBand|SwiftSwim|WaveCrash,LastRespects,AquaJet,FlipTurn|||M|||50|,,,,,Water]Annihilape||SafetyGoggles|Defiant|RageFist,CloseCombat,FinalGambit,Protect|||M|||50|,,,,,Fire
|
|t:|1754494568
|teamsize|p1|4
|teamsize|p2|4
|start
|switch|p1a: Sneasler|Sneasler, L50, F|100/100
|switch|p1b: Dondozo|Dondozo, L50, M|100/100
|switch|p2a: Basculegion|Basculegion, L50, M|100/100
|switch|p2b: Pelipper|Pelipper, L50, M, shiny|100/100
|-weather|RainDance|[from] ability: Drizzle|[of] p2b: Pelipper
|turn|1
|
|t:|1754494594
|move|p2a: Basculegion|Flip Turn|p1a: Sneasler
|-enditem|p1a: Sneasler|Focus Sash
|-damage|p1a: Sneasler|1/100
|
|t:|1754494597
|switch|p2a: Talonflame|Talonflame, L50, M|100/100|[from] Flip Turn
|move|p1a: Sneasler|Dire Claw|p2b: Pelipper
|-damage|p2b: Pelipper|51/100
|-status|p2b: Pelipper|par
|move|p2b: Pelipper|Hurricane|p1a: Sneasler
|-supereffective|p1a: Sneasler
|-damage|p1a: Sneasler|0 fnt
|faint|p1a: Sneasler
|move|p1b: Dondozo|Yawn|p2a: Talonflame
|-start|p2a: Talonflame|move: Yawn|[of] p1b: Dondozo
|
|-weather|RainDance|[upkeep]
|upkeep
|
|t:|1754494613
|switch|p1a: Rillaboom|Rillaboom, L50, M|100/100
|-fieldstart|move: Grassy Terrain|[from] ability: Grassy Surge|[of] p1a: Rillaboom
|turn|2
|
|t:|1754494635
|move|p2a: Talonflame|Taunt|p1b: Dondozo
|-start|p1b: Dondozo|move: Taunt
|move|p1a: Rillaboom|Wood Hammer|p2b: Pelipper
|-damage|p2b: Pelipper|0 fnt
|faint|p2b: Pelipper
|-damage|p1a: Rillaboom|89/100|[from] Recoil
|move|p1b: Dondozo|Liquidation|p2a: Talonflame
|-supereffective|p2a: Talonflame
|-damage|p2a: Talonflame|0 fnt
|faint|p2a: Talonflame
|
|-weather|RainDance|[upkeep]
|-heal|p1a: Rillaboom|95/100|[from] Grassy Terrain
|upkeep
|
|t:|1754494641
|switch|p2a: Basculegion|Basculegion, L50, M|100/100
|switch|p2b: Archaludon|Archaludon, L50, M, shiny|100/100
|turn|3
|
|t:|1754494678
|switch|p1b: Kingambit|Kingambit, L50, M|100/100
|move|p1a: Rillaboom|Grassy Glide|p2a: Basculegion
|-supereffective|p2a: Basculegion
|-damage|p2a: Basculegion|10/100
|move|p2a: Basculegion|Last Respects|p1a: Rillaboom
|-damage|p1a: Rillaboom|0 fnt
|faint|p1a: Rillaboom
|move|p2b: Archaludon|Electro Shot||[still]
|-prepare|p2b: Archaludon|Electro Shot
|-boost|p2b: Archaludon|spa|1
|-anim|p2b: Archaludon|Electro Shot|p1b: Kingambit
|-damage|p1b: Kingambit|41/100
|
|-weather|RainDance|[upkeep]
|-heal|p2a: Basculegion|16/100|[from] Grassy Terrain
|-heal|p1b: Kingambit|47/100|[from] Grassy Terrain
|upkeep
|
|t:|1754494684
|switch|p1a: Dondozo|Dondozo, L50, M|100/100
|turn|4
|
|t:|1754494695
|-terastallize|p1a: Dondozo|Poison
|move|p1b: Kingambit|Sucker Punch|p2a: Basculegion
|-supereffective|p2a: Basculegion
|-damage|p2a: Basculegion|0 fnt
|faint|p2a: Basculegion
|move|p2b: Archaludon|Electro Shot||[still]
|-prepare|p2b: Archaludon|Electro Shot
|-boost|p2b: Archaludon|spa|1
|-anim|p2b: Archaludon|Electro Shot|p1a: Dondozo
|-damage|p1a: Dondozo|75/100
|move|p1a: Dondozo|Yawn|p2b: Archaludon
|-start|p2b: Archaludon|move: Yawn|[of] p1a: Dondozo
|
|-weather|RainDance|[upkeep]
|-heal|p1b: Kingambit|53/100|[from] Grassy Terrain
|-heal|p1a: Dondozo|81/100|[from] Grassy Terrain
|-heal|p1a: Dondozo|87/100|[from] item: Leftovers
|upkeep
|turn|5
|c|☆guga2|this thing with band is brutal
|
|t:|1754494712
|move|p1b: Kingambit|Protect|p1b: Kingambit
|-singleturn|p1b: Kingambit|Protect
|move|p1a: Dondozo|Protect|p1a: Dondozo
|-singleturn|p1a: Dondozo|Protect
|move|p2b: Archaludon|Electro Shot||[still]
|-prepare|p2b: Archaludon|Electro Shot
|-boost|p2b: Archaludon|spa|1
|-anim|p2b: Archaludon|Electro Shot|p1b: Kingambit
|-activate|p1b: Kingambit|move: Protect
|
|-weather|none
|-heal|p1b: Kingambit|59/100|[from] Grassy Terrain
|-heal|p1a: Dondozo|93/100|[from] Grassy Terrain
|-heal|p1a: Dondozo|99/100|[from] item: Leftovers
|-end|p2b: Archaludon|move: Yawn|[silent]
|-status|p2b: Archaludon|slp
|upkeep
|turn|6
|
|t:|1754494728
|cant|p2b: Archaludon|slp
|move|p1b: Kingambit|Swords Dance|p1b: Kingambit
|-boost|p1b: Kingambit|atk|2
|move|p1a: Dondozo|Fissure|p2b: Archaludon|[miss]
|-miss|p1a: Dondozo|p2b: Archaludon
|
|-heal|p1b: Kingambit|66/100|[from] Grassy Terrain
|-heal|p1a: Dondozo|100/100|[from] Grassy Terrain
|-fieldend|move: Grassy Terrain
|upkeep
|turn|7
|
|t:|1754494741
|cant|p2b: Archaludon|slp
|move|p1b: Kingambit|Swords Dance|p1b: Kingambit
|-boost|p1b: Kingambit|atk|2
|move|p1a: Dondozo|Fissure|p2b: Archaludon|[miss]
|-miss|p1a: Dondozo|p2b: Archaludon
|
|upkeep
|turn|8
|
|t:|1754494757
|-curestatus|p2b: Archaludon|slp|[msg]
|move|p2b: Archaludon|Body Press|p1b: Kingambit
|-supereffective|p1b: Kingambit
|-damage|p1b: Kingambit|0 fnt
|faint|p1b: Kingambit
|move|p1a: Dondozo|Yawn|p2b: Archaludon
|-start|p2b: Archaludon|move: Yawn|[of] p1a: Dondozo
|
|upkeep
|turn|9
|
|t:|1754494767
|move|p2b: Archaludon|Draco Meteor|p1a: Dondozo
|-damage|p1a: Dondozo|62/100
|-unboost|p2b: Archaludon|spa|2
|move|p1a: Dondozo|Fissure|p2b: Archaludon|[miss]
|-miss|p1a: Dondozo|p2b: Archaludon
|
|-heal|p1a: Dondozo|68/100|[from] item: Leftovers
|-end|p2b: Archaludon|move: Yawn|[silent]
|-status|p2b: Archaludon|slp
|upkeep
|turn|10
|c|☆NoMoreRegH|yes but fissure is more stronger
|
|t:|1754494777
|cant|p2b: Archaludon|slp
|move|p1a: Dondozo|Fissure|p2b: Archaludon|[miss]
|-miss|p1a: Dondozo|p2b: Archaludon
|
|-heal|p1a: Dondozo|74/100|[from] item: Leftovers
|upkeep
|turn|11
|c|☆guga2|if it hits lol
|
|t:|1754494790
|cant|p2b: Archaludon|slp
|move|p1a: Dondozo|Fissure|p2b: Archaludon|[miss]
|-miss|p1a: Dondozo|p2b: Archaludon
|
|-heal|p1a: Dondozo|81/100|[from] item: Leftovers
|upkeep
|turn|12
|c|☆NoMoreRegH|i have to pray that you fail
|
|t:|1754494799
|-curestatus|p2b: Archaludon|slp|[msg]
|move|p2b: Archaludon|Draco Meteor|p1a: Dondozo
|-damage|p1a: Dondozo|40/100
|-unboost|p2b: Archaludon|spa|2
|move|p1a: Dondozo|Fissure|p2b: Archaludon
|-damage|p2b: Archaludon|0 fnt
|faint|p2b: Archaludon
|-ohko
|
|win|guga2
|raw|guga2's rating: 1288 → 1311(+23 for winning)
|raw|NoMoreRegH's rating: 1261 → 1238(-23 for losing)
|c|☆guga2|gg
|l|☆NoMoreRegH
|player|p2|
