|j|☆ExessVGC
|j|☆uscorp
|html|ExessVGCuscorp    
|uhtml|bestof|Game 1 of a best-of-3
|t:|1756860323
|gametype|doubles
|player|p1|ExessVGC|170|
|player|p2|uscorp|1|
|gen|9
|tier|[Gen 9] VGC 2025 Reg H (Bo3)
|rule|Species Clause: Limit one of each Pokémon
|rule|Item Clause: Limit 1 of each item
|clearpoke
|poke|p1|Archaludon, L50, F|
|poke|p1|Pelipper, L50, F|
|poke|p1|Amoonguss, L50, F|
|poke|p1|Basculegion, L50, M|
|poke|p1|Weavile, L50, M|
|poke|p1|Incineroar, L50, M|
|poke|p2|Kingambit, L50, F|
|poke|p2|Primarina, L50, M|
|poke|p2|Sneasler, L50, M|
|poke|p2|Magmar, L50, F|
|poke|p2|Rillaboom, L50, F|
|poke|p2|Dragapult, L50, M|
|teampreview|4
|showteam|p1|Archaludon||AssaultVest|Stamina|BodyPress,FlashCannon,ElectroShot,DracoMeteor|||F|||50|,,,,,Dragon]Pelipper||SafetyGoggles|Drizzle|WeatherBall,Hurricane,WideGuard,Tailwind|||F|||50|,,,,,Ground]Amoonguss||RockyHelmet|Regenerator|SludgeBomb,Spore,RagePowder,Protect|||F|||50|,,,,,Water]Basculegion||ChoiceScarf|Adaptability|FlipTurn,WaveCrash,LastRespects,AquaJet|||M|||50|,,,,,Grass]Weavile||FocusSash|Pickpocket|IceSpinner,Protect,ThroatChop,Taunt|||M|||50|,,,,,Ghost]Incineroar||SitrusBerry|Intimidate|FakeOut,KnockOff,PartingShot,FlareBlitz|||M|||50|,,,,,Ghost
|showteam|p2|Kingambit||BlackGlasses|Defiant|KowtowCleave,SuckerPunch,SwordsDance,Protect|||F|||50|,,,,,Dark]Primarina||SitrusBerry|LiquidVoice|HyperVoice,Moonblast,Haze,Protect|||M|||50|,,,,,Poison]Sneasler||FocusSash|Unburden|CloseCombat,DireClaw,Coaching,Protect|||M|||50|,,,,,Stellar]Magmar||Eviolite|VitalSpirit|HeatWave,WillOWisp,FollowMe,Protect|||F|||50|,,,,,Ghost]Rillaboom||AssaultVest|GrassySurge|WoodHammer,GrassyGlide,HighHorsepower,FakeOut|||F|||50|,,,,,Fire]Dragapult||ChoiceBand|ClearBody|DragonDarts,PhantomForce,TeraBlast,Uturn|||M|||50|,,,,,Dragon
|l|☆uscorp
|player|p2|
|j|☆uscorp
|player|p2|uscorp|1|
|
|t:|1756860410
|teamsize|p1|4
|teamsize|p2|4
|start
|switch|p1a: Peeko|Pelipper, L50, F, shiny|100/100
|switch|p1b: Piranha 3D|Basculegion, L50, M|100/100
|switch|p2a: Sneasler|Sneasler, L50, M|100/100
|switch|p2b: Kingambit|Kingambit, L50, F|100/100
|-weather|RainDance|[from] ability: Drizzle|[of] p1a: Peeko
|turn|1
|
|t:|1756860447
|move|p2b: Kingambit|Protect|p2b: Kingambit
|-singleturn|p2b: Kingambit|Protect
|move|p1b: Piranha 3D|Flip Turn|p2a: Sneasler
|-enditem|p2a: Sneasler|Focus Sash
|-damage|p2a: Sneasler|1/100
|
|t:|1756860454
|switch|p1b: Cordyceps|Amoonguss, L50, F, shiny|100/100|[from] Flip Turn
|move|p2a: Sneasler|Coaching|p2b: Kingambit
|-boost|p2b: Kingambit|atk|1
|-boost|p2b: Kingambit|def|1
|move|p1a: Peeko|Hurricane|p2a: Sneasler
|-supereffective|p2a: Sneasler
|-damage|p2a: Sneasler|0 fnt
|faint|p2a: Sneasler
|
|-weather|RainDance|[upkeep]
|upkeep
|
|t:|1756860467
|switch|p2a: Magmar|Magmar, L50, F|100/100
|turn|2
|
|t:|1756860511
|-terastallize|p2a: Magmar|Ghost
|move|p2b: Kingambit|Protect|p2b: Kingambit
|-singleturn|p2b: Kingambit|Protect
|move|p2a: Magmar|Heat Wave|p1a: Peeko|[spread] p1a
|-miss|p2a: Magmar|p1b: Cordyceps
|-resisted|p1a: Peeko
|-damage|p1a: Peeko|91/100
|move|p1a: Peeko|Weather Ball|p2a: Magmar
|-damage|p2a: Magmar|59/100
|move|p1b: Cordyceps|Sludge Bomb|p2a: Magmar
|-resisted|p2a: Magmar
|-damage|p2a: Magmar|47/100
|
|-weather|RainDance|[upkeep]
|upkeep
|turn|3
|
|t:|1756860561
|move|p2a: Magmar|Follow Me|p2a: Magmar
|-singleturn|p2a: Magmar|move: Follow Me
|move|p1a: Peeko|Weather Ball|p2a: Magmar
|-damage|p2a: Magmar|5/100
|move|p2b: Kingambit|Swords Dance|p2b: Kingambit
|-boost|p2b: Kingambit|atk|2
|move|p1b: Cordyceps|Spore|p2a: Magmar
|-immune|p2a: Magmar|[from] ability: Vital Spirit
|
|-weather|RainDance|[upkeep]
|upkeep
|turn|4
|
|t:|1756860599
|move|p1b: Cordyceps|Protect|p1b: Cordyceps
|-singleturn|p1b: Cordyceps|Protect
|move|p2a: Magmar|Follow Me|p2a: Magmar
|-singleturn|p2a: Magmar|move: Follow Me
|move|p1a: Peeko|Weather Ball|p2a: Magmar
|-damage|p2a: Magmar|0 fnt
|faint|p2a: Magmar
|move|p2b: Kingambit|Kowtow Cleave|p1a: Peeko
|-damage|p1a: Peeko|0 fnt
|faint|p1a: Peeko
|
|-weather|RainDance|[upkeep]
|upkeep
|
|t:|1756860644
|switch|p2a: Rillaboom|Rillaboom, L50, F|100/100
|switch|p1a: Mufasa|Archaludon, L50, F, shiny|100/100
|-fieldstart|move: Grassy Terrain|[from] ability: Grassy Surge|[of] p2a: Rillaboom
|turn|5
|
|t:|1756860669
|switch|p1a: Piranha 3D|Basculegion, L50, M|100/100
|move|p2a: Rillaboom|Fake Out|p1b: Cordyceps
|-damage|p1b: Cordyceps|89/100
|-damage|p2a: Rillaboom|84/100|[from] item: Rocky Helmet|[of] p1b: Cordyceps
|move|p2b: Kingambit|Kowtow Cleave|p1a: Piranha 3D
|-supereffective|p1a: Piranha 3D
|-damage|p1a: Piranha 3D|0 fnt
|faint|p1a: Piranha 3D
|cant|p1b: Cordyceps|flinch
|
|-weather|none
|-heal|p2a: Rillaboom|90/100|[from] Grassy Terrain
|-heal|p1b: Cordyceps|95/100|[from] Grassy Terrain
|upkeep
|
|t:|1756860679
|switch|p1a: Mufasa|Archaludon, L50, F, shiny|100/100
|turn|6
|
|t:|1756860745
|move|p1a: Mufasa|Body Press|p2b: Kingambit
|-supereffective|p2b: Kingambit
|-damage|p2b: Kingambit|48/100
|move|p2a: Rillaboom|High Horsepower|p1b: Cordyceps
|-damage|p1b: Cordyceps|71/100
|-damage|p2a: Rillaboom|73/100|[from] item: Rocky Helmet|[of] p1b: Cordyceps
|move|p2b: Kingambit|Kowtow Cleave|p1a: Mufasa
|-damage|p1a: Mufasa|8/100
|-ability|p1a: Mufasa|Stamina|boost
|-boost|p1a: Mufasa|def|1
|move|p1b: Cordyceps|Spore|p2b: Kingambit
|-status|p2b: Kingambit|slp|[from] move: Spore
|
|-heal|p1a: Mufasa|14/100|[from] Grassy Terrain
|-heal|p2a: Rillaboom|79/100|[from] Grassy Terrain
|-heal|p2b: Kingambit|54/100 slp|[from] Grassy Terrain
|-heal|p1b: Cordyceps|77/100|[from] Grassy Terrain
|upkeep
|turn|7
|
|t:|1756860799
|-terastallize|p1a: Mufasa|Dragon
|move|p1a: Mufasa|Body Press|p2b: Kingambit
|-supereffective|p2b: Kingambit
|-damage|p2b: Kingambit|0 fnt
|faint|p2b: Kingambit
|move|p2a: Rillaboom|High Horsepower|p1a: Mufasa
|-damage|p1a: Mufasa|0 fnt
|faint|p1a: Mufasa
|move|p1b: Cordyceps|Sludge Bomb|p2a: Rillaboom
|-supereffective|p2a: Rillaboom
|-damage|p2a: Rillaboom|37/100
|
|-heal|p2a: Rillaboom|43/100|[from] Grassy Terrain
|-heal|p1b: Cordyceps|83/100|[from] Grassy Terrain
|upkeep
|turn|8
|
|t:|1756860831
|move|p2a: Rillaboom|High Horsepower|p1b: Cordyceps
|-damage|p1b: Cordyceps|56/100
|-damage|p2a: Rillaboom|26/100|[from] item: Rocky Helmet|[of] p1b: Cordyceps
|move|p1b: Cordyceps|Sludge Bomb|p2a: Rillaboom
|-supereffective|p2a: Rillaboom
|-damage|p2a: Rillaboom|0 fnt
|faint|p2a: Rillaboom
|
|win|ExessVGC
|inactive|ExessVGC has 30 seconds to confirm battle start!
|inactive|uscorp has 30 seconds to confirm battle start!
