|j|☆Bibas Rozkurwiator
|j|☆Beapboop
|html|Bibas RozkurwiatorBeapboop    
|uhtml|bestof|Game 1 of a best-of-3
|t:|1756299555
|gametype|doubles
|player|p1|Bibas Rozkurwiator|lucas|1056
|player|p2|Beapboop|cyrus|1044
|gen|9
|tier|[Gen 9] VGC 2025 Reg H (Bo3)
|rated|
|rule|Species Clause: Limit one of each Pokémon
|rule|Item Clause: Limit 1 of each item
|clearpoke
|poke|p1|Pelipper, L50, M|
|poke|p1|Archaludon, L50, M|
|poke|p1|Basculegion, L50, M|
|poke|p1|Rillaboom, L50, M|
|poke|p1|Gholdengo, L50|
|poke|p1|Incineroar, L50, F|
|poke|p2|Dragonite, L50, F|
|poke|p2|Gholdengo, L50|
|poke|p2|Talonflame, L50, F|
|poke|p2|Glimmora, L50, M|
|poke|p2|Tatsugiri, L50, F|
|poke|p2|Dondozo, L50, M|
|teampreview|4
|showteam|p1|Pelipper||FocusSash|Drizzle|Hurricane,WeatherBall,Protect,Tailwind|||M|||50|,,,,,Ghost]Archaludon||AssaultVest|Stamina|ElectroShot,FlashCannon,DracoMeteor,BodyPress|||M|||50|,,,,,Dragon]Basculegion||ChoiceBand|SwiftSwim|WaveCrash,LastRespects,AquaJet,FlipTurn|||M|||50|,,,,,Water]Rillaboom||SitrusBerry|GrassySurge|GrassyGlide,FakeOut,Uturn,KnockOff|||M|||50|,,,,,Fire]Gholdengo||LifeOrb|GoodasGold|MakeItRain,ShadowBall,NastyPlot,Protect||||||50|,,,,,Water]Incineroar||SafetyGoggles|Intimidate|FakeOut,KnockOff,PartingShot,BrickBreak|||F|||50|,,,,,Fire
|showteam|p2|Dragonite||ChoiceBand|InnerFocus|ExtremeSpeed,IceSpinner,AerialAce,Outrage|||F|||50|,,,,,Normal]Gholdengo||ChoiceSpecs|GoodasGold|MakeItRain,ShadowBall,Thunderbolt,Trick||||||50|,,,,,Steel]Talonflame||CovertCloak|GaleWings|Tailwind,Taunt,BraveBird,WillOWisp|||F|||50|,,,,,Flying]Glimmora||PowerHerb|ToxicDebris|SludgeBomb,MeteorBeam,EarthPower,SpikyShield|||M|||50|,,,,,Grass]Tatsugiri||ChoiceScarf|Commander|DracoMeteor,MuddyWater,IcyWind,DragonPulse|||F|||50|,,,,,Water]Dondozo||Leftovers|Unaware|OrderUp,WaveCrash,Earthquake,Protect|||M|||50|,,,,,Grass
|inactive|Battle timer is ON: inactive players will automatically lose when time's up. (requested by Beapboop)
|inactive|Bibas Rozkurwiator also wants the timer to be on.
|inactive|Bibas Rozkurwiator has 60 seconds left.
|
|t:|1756299598
|teamsize|p1|4
|teamsize|p2|4
|start
|switch|p1a: Pelipper|Pelipper, L50, M|100/100
|switch|p1b: Archaludon|Archaludon, L50, M|100/100
|switch|p2a: Talonflame|Talonflame, L50, F|100/100
|switch|p2b: Dragonite|Dragonite, L50, F|100/100
|-weather|RainDance|[from] ability: Drizzle|[of] p1a: Pelipper
|turn|1
|inactive|Beapboop has 30 seconds left.
|
|t:|1756299627
|move|p2a: Talonflame|Tailwind|p2a: Talonflame
|-sidestart|p2: Beapboop|move: Tailwind
|move|p2b: Dragonite|Outrage|p1a: Pelipper
|-enditem|p1a: Pelipper|Focus Sash
|-damage|p1a: Pelipper|1/100
|move|p1a: Pelipper|Tailwind|p1a: Pelipper
|-sidestart|p1: Bibas Rozkurwiator|move: Tailwind
|move|p1b: Archaludon|Electro Shot||[still]
|-prepare|p1b: Archaludon|Electro Shot
|-boost|p1b: Archaludon|spa|1
|-anim|p1b: Archaludon|Electro Shot|p2a: Talonflame
|-supereffective|p2a: Talonflame
|-damage|p2a: Talonflame|0 fnt
|faint|p2a: Talonflame
|
|-weather|RainDance|[upkeep]
|upkeep
|
|t:|1756299644
|switch|p2a: Dondozo|Dondozo, L50, M, shiny|100/100
|turn|2
|
|t:|1756299651
|switch|p1a: Rillaboom|Rillaboom, L50, M|100/100
|-fieldstart|move: Grassy Terrain|[from] ability: Grassy Surge|[of] p1a: Rillaboom
|move|p2a: Dondozo|Protect|p2a: Dondozo
|-singleturn|p2a: Dondozo|Protect
|move|p2b: Dragonite|Outrage|p1a: Rillaboom|[from] lockedmove
|-damage|p1a: Rillaboom|0 fnt
|faint|p1a: Rillaboom
|-start|p2b: Dragonite|confusion|[fatigue]
|move|p1b: Archaludon|Electro Shot||[still]
|-prepare|p1b: Archaludon|Electro Shot
|-boost|p1b: Archaludon|spa|1
|-anim|p1b: Archaludon|Electro Shot|p2a: Dondozo
|-activate|p2a: Dondozo|move: Protect
|
|-weather|RainDance|[upkeep]
|upkeep
|
|t:|1756299658
|switch|p1a: Basculegion|Basculegion, L50, M|100/100
|turn|3
|inactive|Bibas Rozkurwiator has 30 seconds left.
|
|t:|1756299691
|switch|p2b: Tatsugiri|Tatsugiri, L50, F|100/100
|-activate|p2b: Tatsugiri|ability: Commander|[of] p2a: Dondozo
|-boost|p2a: Dondozo|atk|2
|-boost|p2a: Dondozo|spa|2
|-boost|p2a: Dondozo|spe|2
|-boost|p2a: Dondozo|def|2
|-boost|p2a: Dondozo|spd|2
|-terastallize|p2a: Dondozo|Grass
|move|p1a: Basculegion|Last Respects|p2b: Tatsugiri|[miss]
|-miss|p1a: Basculegion|p2b: Tatsugiri
|move|p2a: Dondozo|Earthquake|p1b: Archaludon|[spread] p1a,p1b
|-miss|p2a: Dondozo|p2b: Tatsugiri
|-supereffective|p1b: Archaludon
|-damage|p1a: Basculegion|71/100
|-damage|p1b: Archaludon|68/100
|-ability|p1b: Archaludon|Stamina|boost
|-boost|p1b: Archaludon|def|1
|move|p1b: Archaludon|Electro Shot||[still]
|-prepare|p1b: Archaludon|Electro Shot
|-boost|p1b: Archaludon|spa|1
|-anim|p1b: Archaludon|Electro Shot|p2b: Tatsugiri|[miss]
|-miss|p1b: Archaludon|p2b: Tatsugiri
|
|-weather|RainDance|[upkeep]
|-heal|p1a: Basculegion|77/100|[from] Grassy Terrain
|-heal|p1b: Archaludon|74/100|[from] Grassy Terrain
|upkeep
|turn|4
|inactive|Bibas Rozkurwiator has 30 seconds left.
|inactive|Beapboop has 30 seconds left.
|inactive|Beapboop has 20 seconds left.
|inactive|Beapboop has 15 seconds left.
|
|t:|1756299735
|move|p1a: Basculegion|Last Respects|p2a: Dondozo
|-damage|p2a: Dondozo|77/100
|move|p2a: Dondozo|Order Up|p1b: Archaludon
|-damage|p1b: Archaludon|41/100
|-ability|p1b: Archaludon|Stamina|boost
|-boost|p1b: Archaludon|def|1
|-boost|p2a: Dondozo|atk|1
|move|p1b: Archaludon|Flash Cannon|p2a: Dondozo
|-damage|p2a: Dondozo|58/100
|
|-weather|RainDance|[upkeep]
|-heal|p1a: Basculegion|83/100|[from] Grassy Terrain
|-heal|p2a: Dondozo|65/100|[from] Grassy Terrain
|-heal|p2a: Dondozo|71/100|[from] item: Leftovers
|-heal|p1b: Archaludon|47/100|[from] Grassy Terrain
|-sideend|p1: Bibas Rozkurwiator|move: Tailwind
|-sideend|p2: Beapboop|move: Tailwind
|upkeep
|turn|5
|inactive|Bibas Rozkurwiator has 30 seconds left.
|
|t:|1756299769
|move|p2a: Dondozo|Protect|p2a: Dondozo
|-singleturn|p2a: Dondozo|Protect
|move|p1a: Basculegion|Last Respects|p2a: Dondozo
|-activate|p2a: Dondozo|move: Protect
|move|p1b: Archaludon|Draco Meteor|p2a: Dondozo
|-activate|p2a: Dondozo|move: Protect
|
|-weather|none
|-heal|p1a: Basculegion|89/100|[from] Grassy Terrain
|-heal|p2a: Dondozo|77/100|[from] Grassy Terrain
|-heal|p2a: Dondozo|83/100|[from] item: Leftovers
|-heal|p1b: Archaludon|53/100|[from] Grassy Terrain
|upkeep
|turn|6
|
|t:|1756299789
|switch|p1a: Pelipper|Pelipper, L50, M|1/100
|-weather|RainDance|[from] ability: Drizzle|[of] p1a: Pelipper
|move|p2a: Dondozo|Order Up|p1a: Pelipper
|-damage|p1a: Pelipper|0 fnt
|faint|p1a: Pelipper
|-boost|p2a: Dondozo|atk|1
|move|p1b: Archaludon|Draco Meteor|p2a: Dondozo
|-damage|p2a: Dondozo|55/100
|-unboost|p1b: Archaludon|spa|2
|
|-weather|RainDance|[upkeep]
|-heal|p2a: Dondozo|61/100|[from] Grassy Terrain
|-heal|p2a: Dondozo|68/100|[from] item: Leftovers
|-heal|p1b: Archaludon|59/100|[from] Grassy Terrain
|-fieldend|move: Grassy Terrain
|upkeep
|
|t:|1756299794
|switch|p1a: Basculegion|Basculegion, L50, M|89/100
|turn|7
|
|t:|1756299812
|move|p2a: Dondozo|Protect|p2a: Dondozo
|-singleturn|p2a: Dondozo|Protect
|move|p1a: Basculegion|Last Respects|p2a: Dondozo
|-activate|p2a: Dondozo|move: Protect
|move|p1b: Archaludon|Body Press|p2a: Dondozo
|-activate|p2a: Dondozo|move: Protect
|
|-weather|RainDance|[upkeep]
|-heal|p2a: Dondozo|74/100|[from] item: Leftovers
|upkeep
|turn|8
|j| Trestkon
|
|t:|1756299826
|move|p1a: Basculegion|Last Respects|p2a: Dondozo
|-damage|p2a: Dondozo|40/100
|move|p2a: Dondozo|Earthquake|p1b: Archaludon|[spread] p1a,p1b
|-miss|p2a: Dondozo|p2b: Tatsugiri
|-supereffective|p1b: Archaludon
|-damage|p1a: Basculegion|9/100
|-damage|p1b: Archaludon|0 fnt
|faint|p1b: Archaludon
|
|-weather|RainDance|[upkeep]
|-heal|p2a: Dondozo|46/100|[from] item: Leftovers
|upkeep
|turn|9
|
|t:|1756299838
|move|p2a: Dondozo|Protect|p2a: Dondozo
|-singleturn|p2a: Dondozo|Protect
|move|p1a: Basculegion|Last Respects|p2a: Dondozo
|-activate|p2a: Dondozo|move: Protect
|
|-weather|RainDance|[upkeep]
|-heal|p2a: Dondozo|52/100|[from] item: Leftovers
|upkeep
|turn|10
|
|t:|1756299848
|move|p1a: Basculegion|Last Respects|p2a: Dondozo
|-damage|p2a: Dondozo|4/100
|move|p2a: Dondozo|Earthquake|p1a: Basculegion|[spread] p1a
|-miss|p2a: Dondozo|p2b: Tatsugiri
|-damage|p1a: Basculegion|0 fnt
|faint|p1a: Basculegion
|
|win|Beapboop
||Bibas Rozkurwiator is ready for game 2.
|l| Trestkon
|inactive|Beapboop has 30 seconds to confirm battle start!
||Beapboop is ready for game 2.
|uhtml|next|Next: Game 2 of 3
